|j|☆iamverykarpy
|j|☆Srgtcobra
|t:|1779891149
|gametype|singles
|player|p1|iamverykarpy|colress|1681
|player|p2|Srgtcobra|102|1621
|gen|9
|tier|[Gen 9] OU
|rated|
|rule|HP Percentage Mod: HP is shown in percentages
|rule|Endless Battle Clause: Forcing endless battles is banned
|rule|Species Clause: Limit one of each Pokémon
|rule|OHKO Clause: OHKO moves are banned
|rule|Evasion Items Clause: Evasion items are banned
|rule|Evasion Moves Clause: Evasion moves are banned
|rule|Evasion Abilities Clause: Evasion abilities are banned
|rule|Sleep Moves Clause: Sleep-inducing moves are banned
|clearpoke
|poke|p1|Cetitan, F|
|poke|p1|Slowking-Galar, M|
|poke|p1|Kyurem|
|poke|p1|Rillaboom, F|
|poke|p1|Alomomola, F|
|poke|p1|Great Tusk|
|poke|p2|Araquanid, F|
|poke|p2|Enamorus, F|
|poke|p2|Honchkrow, F|
|poke|p2|Iron Hands|
|poke|p2|Breloom, F|
|poke|p2|Gholdengo|
|teampreview
|inactive|Battle timer is ON: inactive players will automatically lose when time's up. (requested by Srgtcobra)
|inactive|iamverykarpy also wants the timer to be on.
|
|t:|1779891161
|teamsize|p1|6
|teamsize|p2|6
|start
|switch|p1a: Kyurem|Kyurem, shiny|100/100
|switch|p2a: Araquanid|Araquanid, F|100/100
|-ability|p1a: Kyurem|Pressure
|turn|1
|
|t:|1779891165
|move|p1a: Kyurem|Freeze-Dry|p2a: Araquanid
|-supereffective|p2a: Araquanid
|-damage|p2a: Araquanid|26/100
|move|p2a: Araquanid|Sticky Web|p1a: Kyurem
|-sidestart|p1: iamverykarpy|move: Sticky Web
|
|upkeep
|turn|2
|
|t:|1779891168
|switch|p2a: Iron Hands|Iron Hands|100/100
|move|p1a: Kyurem|Freeze-Dry|p2a: Iron Hands
|-damage|p2a: Iron Hands|77/100
|
|upkeep
|turn|3
|
|t:|1779891172
|switch|p1a: Alomomola|Alomomola, F|100/100
|-activate|p1a: Alomomola|move: Sticky Web
|-unboost|p1a: Alomomola|spe|1
|move|p2a: Iron Hands|Drain Punch|p1a: Alomomola
|-damage|p1a: Alomomola|82/100
|-heal|p2a: Iron Hands|87/100|[from] drain|[of] p1a: Alomomola
|-damage|p2a: Iron Hands|70/100|[from] item: Rocky Helmet|[of] p1a: Alomomola
|
|upkeep
|turn|4
|
|t:|1779891176
|move|p2a: Iron Hands|Supercell Slam|p1a: Alomomola
|-supereffective|p1a: Alomomola
|-damage|p1a: Alomomola|28/100
|-damage|p2a: Iron Hands|53/100|[from] item: Rocky Helmet|[of] p1a: Alomomola
|move|p1a: Alomomola|Flip Turn|p2a: Iron Hands
|-damage|p2a: Iron Hands|44/100
|
|t:|1779891183
|switch|p1a: Slowking|Slowking-Galar, M, shiny|100/100|[from] Flip Turn
|-activate|p1a: Slowking|move: Sticky Web
|-unboost|p1a: Slowking|spe|1
|
|upkeep
|turn|5
|
|t:|1779891187
|move|p2a: Iron Hands|Drain Punch|p1a: Slowking
|-resisted|p1a: Slowking
|-damage|p1a: Slowking|91/100
|-heal|p2a: Iron Hands|47/100|[from] drain|[of] p1a: Slowking
|move|p1a: Slowking|Sludge Bomb|p2a: Iron Hands
|-damage|p2a: Iron Hands|34/100
|
|upkeep
|turn|6
|
|t:|1779891189
|move|p2a: Iron Hands|Supercell Slam|p1a: Slowking
|-damage|p1a: Slowking|42/100
|move|p1a: Slowking|Sludge Bomb|p2a: Iron Hands
|-damage|p2a: Iron Hands|20/100
|
|upkeep
|turn|7
|
|t:|1779891193
|switch|p1a: Alomomola|Alomomola, F|61/100
|-activate|p1a: Alomomola|move: Sticky Web
|-unboost|p1a: Alomomola|spe|1
|move|p2a: Iron Hands|Drain Punch|p1a: Alomomola
|-damage|p1a: Alomomola|42/100
|-heal|p2a: Iron Hands|30/100|[from] drain|[of] p1a: Alomomola
|-damage|p2a: Iron Hands|14/100|[from] item: Rocky Helmet|[of] p1a: Alomomola
|
|upkeep
|turn|8
|
|t:|1779891198
|move|p2a: Iron Hands|Drain Punch|p1a: Alomomola
|-damage|p1a: Alomomola|22/100
|-heal|p2a: Iron Hands|24/100|[from] drain|[of] p1a: Alomomola
|-damage|p2a: Iron Hands|8/100|[from] item: Rocky Helmet|[of] p1a: Alomomola
|move|p1a: Alomomola|Flip Turn|p2a: Iron Hands
|-damage|p2a: Iron Hands|0 fnt
|faint|p2a: Iron Hands
|-end|p2a: Iron Hands|Quark Drive|[silent]
|
|t:|1779891204
|switch|p1a: Slowking|Slowking-Galar, M, shiny|75/100|[from] Flip Turn
|-activate|p1a: Slowking|move: Sticky Web
|-unboost|p1a: Slowking|spe|1
|
|upkeep
|
|t:|1779891207
|switch|p2a: Honchkrow|Honchkrow, F|100/100
|turn|9
|
|t:|1779891214
|move|p2a: Honchkrow|Brave Bird|p1a: Slowking
|-crit|p1a: Slowking
|-damage|p1a: Slowking|0 fnt
|faint|p1a: Slowking
|-damage|p2a: Honchkrow|72/100|[from] Recoil
|
|upkeep
|
|t:|1779891219
|switch|p1a: Kyurem|Kyurem, shiny|100/100
|-activate|p1a: Kyurem|move: Sticky Web
|-unboost|p1a: Kyurem|spe|1
|-ability|p1a: Kyurem|Pressure
|turn|10
|
|t:|1779891224
|move|p2a: Honchkrow|U-turn|p1a: Kyurem
|-damage|p1a: Kyurem|77/100
|
|t:|1779891226
|switch|p2a: Araquanid|Araquanid, F|26/100|[from] U-turn
|move|p1a: Kyurem|Ice Beam|p2a: Araquanid
|-resisted|p2a: Araquanid
|-damage|p2a: Araquanid|4/100
|
|upkeep
|turn|11
|
|t:|1779891229
|move|p1a: Kyurem|Ice Beam|p2a: Araquanid
|-resisted|p2a: Araquanid
|-damage|p2a: Araquanid|0 fnt
|faint|p2a: Araquanid
|
|upkeep
|
|t:|1779891230
|switch|p2a: Enamorus|Enamorus, F|100/100
|turn|12
|
|t:|1779891240
|-terastallize|p1a: Kyurem|Ground
|move|p2a: Enamorus|Moonblast|p1a: Kyurem
|-damage|p1a: Kyurem|0 fnt
|faint|p1a: Kyurem
|
|upkeep
|
|t:|1779891247
|switch|p1a: Cetitan|Cetitan, F, shiny|100/100
|-activate|p1a: Cetitan|move: Sticky Web
|-unboost|p1a: Cetitan|spe|1
|turn|13
|
|t:|1779891257
|switch|p2a: Honchkrow|Honchkrow, F|72/100
|move|p1a: Cetitan|Ice Spinner|p2a: Honchkrow
|-supereffective|p2a: Honchkrow
|-damage|p2a: Honchkrow|0 fnt
|faint|p2a: Honchkrow
|
|upkeep
|
|t:|1779891260
|switch|p2a: Gholdengo|Gholdengo|100/100
|turn|14
|
|t:|1779891263
|switch|p1a: Alomomola|Alomomola, F|55/100
|-activate|p1a: Alomomola|move: Sticky Web
|-unboost|p1a: Alomomola|spe|1
|move|p2a: Gholdengo|Make It Rain|p1a: Alomomola
|-resisted|p1a: Alomomola
|-damage|p1a: Alomomola|24/100
|-unboost|p2a: Gholdengo|spa|1
|
|upkeep
|turn|15
|
|t:|1779891265
|move|p2a: Gholdengo|Nasty Plot|p2a: Gholdengo
|-boost|p2a: Gholdengo|spa|2
|move|p1a: Alomomola|Flip Turn|p2a: Gholdengo
|-damage|p2a: Gholdengo|89/100
|-damage|p1a: Alomomola|7/100|[from] item: Rocky Helmet|[of] p2a: Gholdengo
|
|t:|1779891267
|switch|p1a: Great Tusk|Great Tusk|100/100|[from] Flip Turn
|-activate|p1a: Great Tusk|move: Sticky Web
|-unboost|p1a: Great Tusk|spe|1
|
|upkeep
|turn|16
|
|t:|1779891270
|move|p2a: Gholdengo|Make It Rain|p1a: Great Tusk
|-damage|p1a: Great Tusk|0 fnt
|-unboost|p2a: Gholdengo|spa|1
|faint|p1a: Great Tusk
|-end|p1a: Great Tusk|Protosynthesis|[silent]
|
|upkeep
|
|t:|1779891273
|switch|p1a: Rillaboom|Rillaboom, F|100/100
|-activate|p1a: Rillaboom|move: Sticky Web
|-unboost|p1a: Rillaboom|spe|1
|-fieldstart|move: Grassy Terrain|[from] ability: Grassy Surge|[of] p1a: Rillaboom
|turn|17
|
|t:|1779891276
|move|p2a: Gholdengo|Thunder Wave|p1a: Rillaboom
|-status|p1a: Rillaboom|par
|move|p1a: Rillaboom|Knock Off|p2a: Gholdengo
|-supereffective|p2a: Gholdengo
|-damage|p2a: Gholdengo|18/100
|-damage|p1a: Rillaboom|84/100 par|[from] item: Rocky Helmet|[of] p2a: Gholdengo
|-enditem|p2a: Gholdengo|Rocky Helmet|[from] move: Knock Off|[of] p1a: Rillaboom
|
|-heal|p2a: Gholdengo|24/100|[from] Grassy Terrain
|-heal|p1a: Rillaboom|90/100 par|[from] Grassy Terrain
|upkeep
|turn|18
|
|t:|1779891279
|move|p2a: Gholdengo|Recover|p2a: Gholdengo
|-heal|p2a: Gholdengo|74/100
|cant|p1a: Rillaboom|par
|
|-heal|p2a: Gholdengo|81/100|[from] Grassy Terrain
|-heal|p1a: Rillaboom|96/100 par|[from] Grassy Terrain
|upkeep
|turn|19
|-message|iamverykarpy forfeited.
|
|win|Srgtcobra
|raw|iamverykarpy's rating: 1681 &rarr; <strong>1658</strong><br />(-23 for losing)
|raw|Srgtcobra's rating: 1621 &rarr; <strong>1644</strong><br />(+23 for winning)
|l|☆iamverykarpy
|player|p1|
|l|☆Srgtcobra
|player|p2|
