|j|☆manaphy michael
|j|☆fregene97
|t:|1779880096
|gametype|singles
|player|p1|manaphy michael|biker-gen4|1373
|player|p2|fregene97|dragontamer|1284
|gen|9
|tier|[Gen 9] OU
|rated|
|rule|HP Percentage Mod: HP is shown in percentages
|rule|Endless Battle Clause: Forcing endless battles is banned
|rule|Species Clause: Limit one of each Pokémon
|rule|OHKO Clause: OHKO moves are banned
|rule|Evasion Items Clause: Evasion items are banned
|rule|Evasion Moves Clause: Evasion moves are banned
|rule|Evasion Abilities Clause: Evasion abilities are banned
|rule|Sleep Moves Clause: Sleep-inducing moves are banned
|clearpoke
|poke|p1|Glaceon, F|
|poke|p1|Tauros-Paldea-Blaze, M|
|poke|p1|Tentacruel, F|
|poke|p1|Mandibuzz, F|
|poke|p1|Sylveon, M|
|poke|p1|Hippowdon, M|
|poke|p2|Iron Valiant|
|poke|p2|Raging Bolt|
|poke|p2|Great Tusk|
|poke|p2|Ceruledge, F|
|poke|p2|Greninja-*, M|
|poke|p2|Dragonite, M|
|teampreview
|inactive|Battle timer is ON: inactive players will automatically lose when time's up. (requested by manaphy michael)
|
|t:|1779880100
|teamsize|p1|6
|teamsize|p2|6
|start
|switch|p1a: Hippowdon|Hippowdon, M|100/100
|switch|p2a: Raging Bolt|Raging Bolt|100/100
|-weather|Sandstorm|[from] ability: Sand Stream|[of] p1a: Hippowdon
|-enditem|p2a: Raging Bolt|Booster Energy
|-activate|p2a: Raging Bolt|ability: Protosynthesis|[fromitem]
|-start|p2a: Raging Bolt|protosynthesisspa
|turn|1
|
|t:|1779880104
|move|p2a: Raging Bolt|Calm Mind|p2a: Raging Bolt
|-boost|p2a: Raging Bolt|spa|1
|-boost|p2a: Raging Bolt|spd|1
|move|p1a: Hippowdon|Scorching Sands|p2a: Raging Bolt
|-supereffective|p2a: Raging Bolt
|-damage|p2a: Raging Bolt|79/100
|
|-weather|Sandstorm|[upkeep]
|-damage|p2a: Raging Bolt|73/100|[from] Sandstorm
|upkeep
|turn|2
|
|t:|1779880122
|switch|p1a: Sylveon|Sylveon, M|100/100
|move|p2a: Raging Bolt|Dragon Pulse|p1a: Sylveon
|-immune|p1a: Sylveon
|
|-weather|Sandstorm|[upkeep]
|-damage|p2a: Raging Bolt|67/100|[from] Sandstorm
|-damage|p1a: Sylveon|94/100|[from] Sandstorm
|upkeep
|turn|3
|
|t:|1779880128
|-terastallize|p2a: Raging Bolt|Electric
|move|p2a: Raging Bolt|Volt Switch|p1a: Sylveon
|-damage|p1a: Sylveon|17/100
|
|t:|1779880133
|-end|p2a: Raging Bolt|Protosynthesis|[silent]
|switch|p2a: Ceruledge|Ceruledge, F|100/100|[from] Volt Switch
|move|p1a: Sylveon|Hyper Voice|p2a: Ceruledge
|-resisted|p2a: Ceruledge
|-damage|p2a: Ceruledge|58/100
|-damage|p1a: Sylveon|7/100|[from] item: Life Orb
|
|-weather|Sandstorm|[upkeep]
|-damage|p2a: Ceruledge|51/100|[from] Sandstorm
|-damage|p1a: Sylveon|1/100|[from] Sandstorm
|upkeep
|turn|4
|
|t:|1779880138
|switch|p1a: Hippowdon|Hippowdon, M|100/100
|move|p2a: Ceruledge|Swords Dance|p2a: Ceruledge
|-boost|p2a: Ceruledge|atk|2
|
|-weather|Sandstorm|[upkeep]
|-damage|p2a: Ceruledge|45/100|[from] Sandstorm
|upkeep
|turn|5
|
|t:|1779880141
|move|p2a: Ceruledge|Poltergeist|p1a: Hippowdon|[miss]
|-miss|p2a: Ceruledge|p1a: Hippowdon
|move|p1a: Hippowdon|Stealth Rock|p2a: Ceruledge
|-sidestart|p2: fregene97|move: Stealth Rock
|
|-weather|none
|upkeep
|turn|6
|
|t:|1779880143
|move|p2a: Ceruledge|Poltergeist|p1a: Hippowdon
|-activate|p1a: Hippowdon|move: Poltergeist|Rocky Helmet
|-damage|p1a: Hippowdon|25/100
|-damage|p2a: Ceruledge|35/100|[from] item: Life Orb
|move|p1a: Hippowdon|Whirlwind|p2a: Ceruledge
|drag|p2a: Raging Bolt|Raging Bolt, tera:Electric|67/100
|-damage|p2a: Raging Bolt|55/100|[from] Stealth Rock
|
|upkeep
|turn|7
|
|t:|1779880147
|move|p2a: Raging Bolt|Dragon Pulse|p1a: Hippowdon
|-damage|p1a: Hippowdon|0 fnt
|faint|p1a: Hippowdon
|
|upkeep
|
|t:|1779880150
|switch|p1a: Glaceon|Glaceon, F, shiny|100/100
|turn|8
|
|t:|1779880176
|move|p2a: Raging Bolt|Calm Mind|p2a: Raging Bolt
|-boost|p2a: Raging Bolt|spa|1
|-boost|p2a: Raging Bolt|spd|1
|move|p1a: Glaceon|Snowscape|p1a: Glaceon
|-weather|Snowscape
|
|-weather|Snowscape|[upkeep]
|upkeep
|turn|9
|
|t:|1779880178
|-terastallize|p1a: Glaceon|Ice
|move|p2a: Raging Bolt|Dragon Pulse|p1a: Glaceon
|-damage|p1a: Glaceon|24/100
|move|p1a: Glaceon|Blizzard|p2a: Raging Bolt
|-damage|p2a: Raging Bolt|19/100
|
|-weather|Snowscape|[upkeep]
|-heal|p1a: Glaceon|30/100|[from] ability: Ice Body
|-heal|p1a: Glaceon|36/100|[from] item: Leftovers
|upkeep
|turn|10
|-message|manaphy michael forfeited.
|
|win|fregene97
|raw|manaphy michael's rating: 1373 &rarr; <strong>1348</strong><br />(-25 for losing)
|raw|fregene97's rating: 1284 &rarr; <strong>1315</strong><br />(+31 for winning)
|l|☆manaphy michael
|player|p1|
|l|☆fregene97
|player|p2|
