|j|‽PokemonGuy94
|j|☆somsleep
|t:|1779858138
|gametype|singles
|player|p1|PokemonGuy94|leon|1467
|player|p2|somsleep|169|1488
|gen|9
|tier|[Gen 9] OU
|rated|
|rule|HP Percentage Mod: HP is shown in percentages
|rule|Endless Battle Clause: Forcing endless battles is banned
|rule|Species Clause: Limit one of each Pokémon
|rule|OHKO Clause: OHKO moves are banned
|rule|Evasion Items Clause: Evasion items are banned
|rule|Evasion Moves Clause: Evasion moves are banned
|rule|Evasion Abilities Clause: Evasion abilities are banned
|rule|Sleep Moves Clause: Sleep-inducing moves are banned
|clearpoke
|poke|p1|Grimmsnarl, M|
|poke|p1|Great Tusk|
|poke|p1|Latias, F|
|poke|p1|Kingambit, F|
|poke|p1|Gliscor, F|
|poke|p1|Ceruledge, M|
|poke|p2|Abomasnow, M|
|poke|p2|Cetitan, F|
|poke|p2|Rotom|
|poke|p2|Illumise, F|
|poke|p2|Keldeo-Resolute|
|poke|p2|Iron Treads|
|teampreview
|inactive|Battle timer is ON: inactive players will automatically lose when time's up. (requested by PokemonGuy94)
|
|t:|1779858161
|teamsize|p1|6
|teamsize|p2|6
|start
|switch|p1a: Grimmsnarl|Grimmsnarl, M|100/100
|switch|p2a: Rotom|Rotom|100/100
|turn|1
|
|t:|1779858167
|move|p1a: Grimmsnarl|Light Screen|p1a: Grimmsnarl
|-sidestart|p1: PokemonGuy94|move: Light Screen
|move|p2a: Rotom|Trick|p1a: Grimmsnarl
|-activate|p2a: Rotom|move: Trick|[of] p1a: Grimmsnarl
|-item|p1a: Grimmsnarl|Choice Scarf|[from] move: Trick
|-item|p2a: Rotom|Light Clay|[from] move: Trick
|
|upkeep
|turn|2
|
|t:|1779858175
|move|p1a: Grimmsnarl|Parting Shot|p2a: Rotom
|-unboost|p2a: Rotom|atk|1
|-unboost|p2a: Rotom|spa|1
|
|t:|1779858180
|switch|p1a: Ceruledge|Ceruledge, M|100/100|[from] Parting Shot
|move|p2a: Rotom|Will-O-Wisp|p1a: Ceruledge
|-immune|p1a: Ceruledge
|
|upkeep
|turn|3
|
|t:|1779858189
|move|p2a: Rotom|Thunder Wave|p1a: Ceruledge
|-status|p1a: Ceruledge|par
|cant|p1a: Ceruledge|par
|
|upkeep
|turn|4
|
|t:|1779858196
|switch|p2a: Keldeo|Keldeo-Resolute|100/100
|cant|p1a: Ceruledge|par
|
|upkeep
|turn|5
|
|t:|1779858204
|move|p2a: Keldeo|Surf|p1a: Ceruledge
|-supereffective|p1a: Ceruledge
|-damage|p1a: Ceruledge|46/100 par
|cant|p1a: Ceruledge|par
|
|upkeep
|turn|6
|
|t:|1779858208
|move|p2a: Keldeo|Surf|p1a: Ceruledge
|-supereffective|p1a: Ceruledge
|-damage|p1a: Ceruledge|0 fnt
|faint|p1a: Ceruledge
|
|upkeep
|
|t:|1779858213
|switch|p1a: Latias|Latias, F|100/100
|turn|7
|
|t:|1779858217
|switch|p2a: Iron Treads|Iron Treads|100/100
|-enditem|p2a: Iron Treads|Booster Energy
|-activate|p2a: Iron Treads|ability: Quark Drive|[fromitem]
|-start|p2a: Iron Treads|quarkdrivespe
|move|p1a: Latias|Calm Mind|p1a: Latias
|-boost|p1a: Latias|spa|1
|-boost|p1a: Latias|spd|1
|
|upkeep
|turn|8
|
|t:|1779858224
|move|p2a: Iron Treads|Iron Head|p1a: Latias
|-damage|p1a: Latias|70/100
|move|p1a: Latias|Agility|p1a: Latias
|-boost|p1a: Latias|spe|2
|
|-sideend|p1: PokemonGuy94|move: Light Screen
|upkeep
|turn|9
|
|t:|1779858231
|-end|p2a: Iron Treads|Quark Drive|[silent]
|switch|p2a: Illumise|Illumise, F|100/100
|move|p1a: Latias|Calm Mind|p1a: Latias
|-boost|p1a: Latias|spa|1
|-boost|p1a: Latias|spd|1
|
|upkeep
|turn|10
|
|t:|1779858237
|move|p2a: Illumise|Encore|p1a: Latias
|-start|p1a: Latias|Encore
|move|p1a: Latias|Calm Mind|p1a: Latias
|-boost|p1a: Latias|spa|1
|-boost|p1a: Latias|spd|1
|
|upkeep
|turn|11
|
|t:|1779858243
|switch|p2a: Cetitan|Cetitan, F|100/100
|move|p1a: Latias|Calm Mind|p1a: Latias
|-boost|p1a: Latias|spa|1
|-boost|p1a: Latias|spd|1
|
|upkeep
|turn|12
|
|t:|1779858249
|-terastallize|p1a: Latias|Steel
|move|p1a: Latias|Calm Mind|p1a: Latias
|-boost|p1a: Latias|spa|1
|-boost|p1a: Latias|spd|1
|move|p2a: Cetitan|Belly Drum|p2a: Cetitan
|-damage|p2a: Cetitan|50/100
|-setboost|p2a: Cetitan|atk|6|[from] move: Belly Drum
|-enditem|p2a: Cetitan|Sitrus Berry|[eat]
|-heal|p2a: Cetitan|75/100|[from] item: Sitrus Berry
|
|-end|p1a: Latias|Encore
|upkeep
|turn|13
|
|t:|1779858259
|move|p2a: Cetitan|Ice Shard|p1a: Latias
|-resisted|p1a: Latias
|-damage|p1a: Latias|36/100
|move|p1a: Latias|Draining Kiss|p2a: Cetitan
|-damage|p2a: Cetitan|17/100
|-heal|p1a: Latias|100/100|[from] drain|[of] p2a: Cetitan
|
|upkeep
|turn|14
|
|t:|1779858266
|move|p2a: Cetitan|Ice Shard|p1a: Latias
|-resisted|p1a: Latias
|-damage|p1a: Latias|65/100
|move|p1a: Latias|Stored Power|p2a: Cetitan
|-damage|p2a: Cetitan|0 fnt
|faint|p2a: Cetitan
|
|upkeep
|
|t:|1779858271
|switch|p2a: Illumise|Illumise, F|100/100
|turn|15
|
|t:|1779858279
|move|p2a: Illumise|Tailwind|p2a: Illumise
|-sidestart|p2: somsleep|move: Tailwind
|move|p1a: Latias|Stored Power|p2a: Illumise
|-damage|p2a: Illumise|0 fnt
|faint|p2a: Illumise
|
|upkeep
|-message|somsleep forfeited.
|
|win|PokemonGuy94
|raw|PokemonGuy94's rating: 1467 &rarr; <strong>1488</strong><br />(+21 for winning)
|raw|somsleep's rating: 1488 &rarr; <strong>1467</strong><br />(-21 for losing)
|l|☆somsleep
|player|p2|
