|j|☆icewizardlair☃
|j|☆monstar246
|t:|1779930417
|gametype|singles
|player|p1|icewizardlair☃|lorelei-lgpe|1163
|player|p2|monstar246|170|1163
|gen|9
|tier|[Gen 9] OU
|rated|
|rule|HP Percentage Mod: HP is shown in percentages
|rule|Endless Battle Clause: Forcing endless battles is banned
|rule|Species Clause: Limit one of each Pokémon
|rule|OHKO Clause: OHKO moves are banned
|rule|Evasion Items Clause: Evasion items are banned
|rule|Evasion Moves Clause: Evasion moves are banned
|rule|Evasion Abilities Clause: Evasion abilities are banned
|rule|Sleep Moves Clause: Sleep-inducing moves are banned
|clearpoke
|poke|p1|Chesnaught, M|
|poke|p1|Ninetales-Alola, F|
|poke|p1|Kilowattrel, M|
|poke|p1|Flygon, F|
|poke|p1|Lurantis, M|
|poke|p1|Grafaiai, M|
|poke|p2|Blaziken, M|
|poke|p2|Greninja-*, M|
|poke|p2|Metagross|
|poke|p2|Diancie|
|poke|p2|Dragonite, F|
|poke|p2|Gengar, F|
|teampreview
|inactive|Battle timer is ON: inactive players will automatically lose when time's up. (requested by icewizardlair☃)
|
|t:|1779930425
|teamsize|p1|6
|teamsize|p2|6
|start
|switch|p1a: Flygon|Flygon, F|100/100
|switch|p2a: Gengar|Gengar, F|100/100
|turn|1
|
|t:|1779930432
|move|p2a: Gengar|Shadow Ball|p1a: Flygon
|-damage|p1a: Flygon|51/100
|move|p1a: Flygon|Earthquake|p2a: Gengar
|-supereffective|p2a: Gengar
|-damage|p2a: Gengar|0 fnt
|faint|p2a: Gengar
|-damage|p1a: Flygon|41/100|[from] item: Life Orb
|
|upkeep
|
|t:|1779930444
|switch|p2a: Greninja|Greninja, M|100/100
|turn|2
|
|t:|1779930451
|switch|p1a: Lurantis|Lurantis, M|100/100
|move|p2a: Greninja|Ice Beam|p1a: Lurantis
|-supereffective|p1a: Lurantis
|-damage|p1a: Lurantis|31/100
|
|upkeep
|turn|3
|
|t:|1779930463
|switch|p1a: Ninetales|Ninetales-Alola, F|100/100
|-weather|Snowscape|[from] ability: Snow Warning|[of] p1a: Ninetales
|move|p2a: Greninja|Ice Beam|p1a: Ninetales
|-resisted|p1a: Ninetales
|-damage|p1a: Ninetales|85/100
|
|-weather|Snowscape|[upkeep]
|upkeep
|turn|4
|
|t:|1779930473
|-terastallize|p2a: Greninja|Water
|move|p2a: Greninja|Surf|p1a: Ninetales
|-damage|p1a: Ninetales|19/100
|move|p1a: Ninetales|Moonblast|p2a: Greninja
|-damage|p2a: Greninja|46/100
|-unboost|p2a: Greninja|spa|1
|
|-weather|Snowscape|[upkeep]
|upkeep
|turn|5
|inactive|icewizardlair☃ has 120 seconds left.
|
|t:|1779930507
|switch|p1a: Flygon|Flygon, F|41/100
|move|p2a: Greninja|Surf|p1a: Flygon
|-damage|p1a: Flygon|0 fnt
|faint|p1a: Flygon
|-ability|p2a: Greninja|Battle Bond|boost
|-boost|p2a: Greninja|atk|1
|-boost|p2a: Greninja|spa|1
|-boost|p2a: Greninja|spe|1
|-activate|p2a: Greninja|ability: Battle Bond
|
|-weather|Snowscape|[upkeep]
|upkeep
|inactive|icewizardlair☃ has 120 seconds left.
|
|t:|1779930517
|switch|p1a: Thunder Child|Kilowattrel, M|100/100
|turn|6
|
|t:|1779930525
|move|p2a: Greninja|Ice Beam|p1a: Thunder Child
|-supereffective|p1a: Thunder Child
|-damage|p1a: Thunder Child|0 fnt
|faint|p1a: Thunder Child
|
|-weather|Snowscape|[upkeep]
|upkeep
|
|t:|1779930534
|switch|p1a: Chesnaught|Chesnaught, M, shiny|100/100
|turn|7
|
|t:|1779930546
|-terastallize|p1a: Chesnaught|Rock
|move|p2a: Greninja|Ice Beam|p1a: Chesnaught
|-damage|p1a: Chesnaught|62/100
|move|p1a: Chesnaught|Seed Bomb|p2a: Greninja
|-supereffective|p2a: Greninja
|-damage|p2a: Greninja|0 fnt
|faint|p2a: Greninja
|
|-weather|none
|upkeep
|
|t:|1779930556
|switch|p2a: Metagross|Metagross|100/100
|turn|8
|
|t:|1779930561
|switch|p1a: Lurantis|Lurantis, M|31/100
|move|p2a: Metagross|Meteor Mash|p1a: Lurantis
|-damage|p1a: Lurantis|0 fnt
|-boost|p2a: Metagross|atk|1
|faint|p1a: Lurantis
|
|upkeep
|
|t:|1779930568
|switch|p1a: Grafaiai|Grafaiai, M|100/100
|turn|9
|
|t:|1779930573
|move|p1a: Grafaiai|Switcheroo|p2a: Metagross
|-activate|p1a: Grafaiai|move: Trick|[of] p2a: Metagross
|-item|p2a: Metagross|Black Sludge|[from] move: Switcheroo
|-item|p1a: Grafaiai|Assault Vest|[from] move: Switcheroo
|move|p2a: Metagross|Earthquake|p1a: Grafaiai
|-supereffective|p1a: Grafaiai
|-damage|p1a: Grafaiai|0 fnt
|faint|p1a: Grafaiai
|
|-damage|p2a: Metagross|88/100|[from] item: Black Sludge
|upkeep
|
|t:|1779930581
|switch|p1a: Ninetales|Ninetales-Alola, F|19/100
|-weather|Snowscape|[from] ability: Snow Warning|[of] p1a: Ninetales
|turn|10
|
|t:|1779930585
|move|p1a: Ninetales|Aurora Veil|p1a: Ninetales
|-sidestart|p1: icewizardlair☃|move: Aurora Veil
|move|p2a: Metagross|Meteor Mash|p1a: Ninetales
|-supereffective|p1a: Ninetales
|-damage|p1a: Ninetales|0 fnt
|faint|p1a: Ninetales
|
|-weather|Snowscape|[upkeep]
|-damage|p2a: Metagross|76/100|[from] item: Black Sludge
|upkeep
|
|t:|1779930588
|switch|p1a: Chesnaught|Chesnaught, M, shiny, tera:Rock|62/100
|turn|11
|
|t:|1779930594
|move|p1a: Chesnaught|Drain Punch|p2a: Metagross
|-damage|p2a: Metagross|49/100
|-heal|p1a: Chesnaught|77/100|[from] drain|[of] p2a: Metagross
|move|p2a: Metagross|Meteor Mash|p1a: Chesnaught|[miss]
|-miss|p2a: Metagross|p1a: Chesnaught
|
|-weather|Snowscape|[upkeep]
|-damage|p2a: Metagross|37/100|[from] item: Black Sludge
|upkeep
|turn|12
|
|t:|1779930602
|move|p1a: Chesnaught|Belly Drum|p1a: Chesnaught
|-damage|p1a: Chesnaught|27/100
|-setboost|p1a: Chesnaught|atk|6|[from] move: Belly Drum
|move|p2a: Metagross|Meteor Mash|p1a: Chesnaught
|-supereffective|p1a: Chesnaught
|-damage|p1a: Chesnaught|0 fnt
|faint|p1a: Chesnaught
|
|win|monstar246
|raw|icewizardlair☃'s rating: 1163 &rarr; <strong>1138</strong><br />(-25 for losing)
|raw|monstar246's rating: 1163 &rarr; <strong>1188</strong><br />(+25 for winning)
|l|☆icewizardlair☃
|player|p1|
|l|☆monstar246
|player|p2|
