|j|☆chancha12suizo
|j|☆npctypebeat
|t:|1779929524
|gametype|singles
|player|p1|chancha12suizo|marshal|1326
|player|p2|npctypebeat|102|1269
|gen|9
|tier|[Gen 9] OU
|rated|
|rule|HP Percentage Mod: HP is shown in percentages
|rule|Endless Battle Clause: Forcing endless battles is banned
|rule|Species Clause: Limit one of each Pokémon
|rule|OHKO Clause: OHKO moves are banned
|rule|Evasion Items Clause: Evasion items are banned
|rule|Evasion Moves Clause: Evasion moves are banned
|rule|Evasion Abilities Clause: Evasion abilities are banned
|rule|Sleep Moves Clause: Sleep-inducing moves are banned
|clearpoke
|poke|p1|Muk-Alola, M|
|poke|p1|Dragapult, M|
|poke|p1|Gliscor, F|
|poke|p1|Great Tusk|
|poke|p1|Skeledirge, F|
|poke|p1|Gholdengo|
|poke|p2|Gliscor, M|
|poke|p2|Gholdengo|
|poke|p2|Zamazenta-*|
|poke|p2|Blissey, F|
|poke|p2|Skarmory, F|
|poke|p2|Pecharunt|
|teampreview
|c|☆npctypebeat|hf
|c|☆chancha12suizo|glhf
|inactive|Battle timer is ON: inactive players will automatically lose when time's up. (requested by chancha12suizo)
|c|☆chancha12suizo|ts blissey frying me
|inactive|npctypebeat also wants the timer to be on.
|c|☆chancha12suizo|blissey+gliscor genuinely hard counters me
|
|t:|1779929561
|teamsize|p1|6
|teamsize|p2|6
|start
|switch|p1a: Gliscor|Gliscor, F|100/100
|switch|p2a: Skarmory|Skarmory, F|100/100
|turn|1
|
|t:|1779929567
|move|p1a: Gliscor|Stealth Rock|p2a: Skarmory
|-sidestart|p2: npctypebeat|move: Stealth Rock
|move|p2a: Skarmory|Spikes|p1a: Gliscor
|-sidestart|p1: chancha12suizo|Spikes
|
|-status|p1a: Gliscor|tox|[from] item: Toxic Orb
|upkeep
|turn|2
|
|t:|1779929575
|switch|p1a: Skeledirge|Skeledirge, F|100/100
|move|p2a: Skarmory|Spikes|p1a: Skeledirge
|-sidestart|p1: chancha12suizo|Spikes
|
|upkeep
|turn|3
|
|t:|1779929586
|move|p2a: Skarmory|Spikes|p1a: Skeledirge
|-sidestart|p1: chancha12suizo|Spikes
|move|p1a: Skeledirge|Torch Song|p2a: Skarmory
|-supereffective|p2a: Skarmory
|-damage|p2a: Skarmory|12/100
|-boost|p1a: Skeledirge|spa|1
|
|upkeep
|turn|4
|
|t:|1779929594
|switch|p2a: Blissey|Blissey, F|100/100
|move|p1a: Skeledirge|Torch Song|p2a: Blissey
|-damage|p2a: Blissey|87/100
|-boost|p1a: Skeledirge|spa|1
|
|upkeep
|turn|5
|
|t:|1779929606
|move|p1a: Skeledirge|Will-O-Wisp|p2a: Blissey
|-status|p2a: Blissey|brn
|move|p2a: Blissey|Shadow Ball|p1a: Skeledirge
|-supereffective|p1a: Skeledirge
|-damage|p1a: Skeledirge|79/100
|
|-damage|p2a: Blissey|81/100 brn|[from] brn
|upkeep
|turn|6
|
|t:|1779929614
|move|p1a: Skeledirge|Torch Song|p2a: Blissey
|-damage|p2a: Blissey|63/100 brn
|-boost|p1a: Skeledirge|spa|1
|move|p2a: Blissey|Shadow Ball|p1a: Skeledirge
|-supereffective|p1a: Skeledirge
|-damage|p1a: Skeledirge|56/100
|
|-damage|p2a: Blissey|57/100 brn|[from] brn
|upkeep
|turn|7
|
|t:|1779929621
|move|p1a: Skeledirge|Torch Song|p2a: Blissey
|-damage|p2a: Blissey|36/100 brn
|-boost|p1a: Skeledirge|spa|1
|move|p2a: Blissey|Shadow Ball|p1a: Skeledirge
|-supereffective|p1a: Skeledirge
|-damage|p1a: Skeledirge|37/100
|
|-damage|p2a: Blissey|30/100 brn|[from] brn
|upkeep
|turn|8
|
|t:|1779929627
|-curestatus|p2a: Blissey|brn|[from] ability: Natural Cure|[silent]
|switch|p2a: Gliscor|Gliscor, M|100/100
|-damage|p2a: Gliscor|88/100|[from] Stealth Rock
|move|p1a: Skeledirge|Slack Off|p1a: Skeledirge
|-heal|p1a: Skeledirge|87/100
|
|-status|p2a: Gliscor|tox|[from] item: Toxic Orb
|upkeep
|turn|9
|
|t:|1779929638
|move|p2a: Gliscor|Earthquake|p1a: Skeledirge
|-supereffective|p1a: Skeledirge
|-damage|p1a: Skeledirge|34/100
|move|p1a: Skeledirge|Hex|p2a: Gliscor
|-damage|p2a: Gliscor|0 fnt
|faint|p2a: Gliscor
|
|upkeep
|
|t:|1779929641
|switch|p2a: Zamazenta|Zamazenta|100/100
|-ability|p2a: Zamazenta|Dauntless Shield|boost
|-boost|p2a: Zamazenta|def|1
|turn|10
|inactive|chancha12suizo has 120 seconds left.
|
|t:|1779929678
|-terastallize|p1a: Skeledirge|Water
|move|p2a: Zamazenta|Crunch|p1a: Skeledirge
|-damage|p1a: Skeledirge|12/100
|move|p1a: Skeledirge|Slack Off|p1a: Skeledirge
|-heal|p1a: Skeledirge|63/100
|
|upkeep
|turn|11
|inactive|chancha12suizo has 120 seconds left.
|
|t:|1779929684
|move|p2a: Zamazenta|Close Combat|p1a: Skeledirge
|-damage|p1a: Skeledirge|16/100
|-unboost|p2a: Zamazenta|def|1
|-unboost|p2a: Zamazenta|spd|1
|move|p1a: Skeledirge|Will-O-Wisp|p2a: Zamazenta
|-status|p2a: Zamazenta|brn
|
|-damage|p2a: Zamazenta|94/100 brn|[from] brn
|upkeep
|turn|12
|inactive|chancha12suizo has 120 seconds left.
|
|t:|1779929700
|switch|p1a: Great Tusk|Great Tusk|100/100
|move|p2a: Zamazenta|Close Combat|p1a: Great Tusk
|-damage|p1a: Great Tusk|79/100
|-unboost|p2a: Zamazenta|def|1
|-unboost|p2a: Zamazenta|spd|1
|
|-damage|p2a: Zamazenta|88/100 brn|[from] brn
|upkeep
|turn|13
|inactive|chancha12suizo has 120 seconds left.
|
|t:|1779929710
|move|p2a: Zamazenta|Close Combat|p1a: Great Tusk
|-damage|p1a: Great Tusk|57/100
|-unboost|p2a: Zamazenta|def|1
|-unboost|p2a: Zamazenta|spd|1
|move|p1a: Great Tusk|Headlong Rush|p2a: Zamazenta
|-damage|p2a: Zamazenta|0 fnt
|-unboost|p1a: Great Tusk|def|1
|-unboost|p1a: Great Tusk|spd|1
|faint|p2a: Zamazenta
|
|upkeep
|
|t:|1779929720
|switch|p2a: Skarmory|Skarmory, F|12/100
|turn|14
|
|t:|1779929737
|move|p1a: Great Tusk|Ice Spinner|p2a: Skarmory
|-damage|p2a: Skarmory|0 fnt
|faint|p2a: Skarmory
|
|upkeep
|
|t:|1779929744
|switch|p2a: Pecharunt|Pecharunt|100/100
|turn|15
|
|t:|1779929755
|move|p1a: Great Tusk|Headlong Rush|p2a: Pecharunt
|-supereffective|p2a: Pecharunt
|-damage|p2a: Pecharunt|37/100
|-unboost|p1a: Great Tusk|def|1
|-unboost|p1a: Great Tusk|spd|1
|move|p2a: Pecharunt|Shadow Ball|p1a: Great Tusk
|-damage|p1a: Great Tusk|0 fnt
|faint|p1a: Great Tusk
|-end|p1a: Great Tusk|Protosynthesis|[silent]
|
|upkeep
|
|t:|1779929771
|switch|p1a: Muk|Muk-Alola, M|100/100
|-damage|p1a: Muk|76/100|[from] Spikes
|turn|16
|
|t:|1779929779
|move|p2a: Pecharunt|Recover|p2a: Pecharunt
|-heal|p2a: Pecharunt|87/100
|move|p1a: Muk|Knock Off|p2a: Pecharunt
|-supereffective|p2a: Pecharunt
|-damage|p2a: Pecharunt|49/100
|-enditem|p2a: Pecharunt|Heavy-Duty Boots|[from] move: Knock Off|[of] p1a: Muk
|
|upkeep
|turn|17
|
|t:|1779929786
|move|p2a: Pecharunt|Recover|p2a: Pecharunt
|-heal|p2a: Pecharunt|99/100
|move|p1a: Muk|Knock Off|p2a: Pecharunt
|-supereffective|p2a: Pecharunt
|-damage|p2a: Pecharunt|70/100
|
|upkeep
|turn|18
|
|t:|1779929793
|move|p2a: Pecharunt|Recover|p2a: Pecharunt
|-heal|p2a: Pecharunt|100/100
|move|p1a: Muk|Knock Off|p2a: Pecharunt
|-supereffective|p2a: Pecharunt
|-damage|p2a: Pecharunt|75/100
|
|upkeep
|turn|19
|
|t:|1779929801
|switch|p2a: Blissey|Blissey, F|30/100
|move|p1a: Muk|Knock Off|p2a: Blissey
|-damage|p2a: Blissey|0 fnt
|-enditem|p2a: Blissey|Heavy-Duty Boots|[from] move: Knock Off|[of] p1a: Muk
|faint|p2a: Blissey
|
|upkeep
|
|t:|1779929809
|switch|p2a: Gholdengo|Gholdengo|100/100
|-damage|p2a: Gholdengo|94/100|[from] Stealth Rock
|turn|20
|
|t:|1779929818
|move|p2a: Gholdengo|Hex|p1a: Muk
|-resisted|p1a: Muk
|-crit|p1a: Muk
|-damage|p1a: Muk|65/100
|move|p1a: Muk|Knock Off|p2a: Gholdengo
|-supereffective|p2a: Gholdengo
|-damage|p2a: Gholdengo|26/100
|-enditem|p2a: Gholdengo|Ability Shield|[from] move: Knock Off|[of] p1a: Muk
|
|upkeep
|turn|21
|
|t:|1779929833
|move|p2a: Gholdengo|Hex|p1a: Muk
|-resisted|p1a: Muk
|-damage|p1a: Muk|58/100
|move|p1a: Muk|Knock Off|p2a: Gholdengo
|-supereffective|p2a: Gholdengo
|-damage|p2a: Gholdengo|0 fnt
|faint|p2a: Gholdengo
|
|upkeep
|c|☆chancha12suizo|!dt ability shield
|c|☆chancha12suizo|/raw <ul class="utilichart"><li class="result"><span class="col itemiconcol"><psicon item="abilityshield"></span> <span class="col namecol"><a href="https://dex.pokemonshowdown.com/items/abilityshield">Ability Shield</a></span> <span class="col itemdesccol">Holder's Ability cannot be changed, suppressed, or ignored by any effect.</span> </li><li style="clear:both"></li></ul>
|c|☆chancha12suizo|/raw <font size="1"><font color="#686868">Gen:</font> 9&nbsp;|&ThickSpace;<font color="#686868">Fling Base Power:</font> 30</font>

|
|t:|1779929843
|switch|p2a: Pecharunt|Pecharunt|75/100
|-damage|p2a: Pecharunt|62/100|[from] Stealth Rock
|turn|22
|
|t:|1779929852
|move|p2a: Pecharunt|Recover|p2a: Pecharunt
|-heal|p2a: Pecharunt|100/100
|move|p1a: Muk|Knock Off|p2a: Pecharunt
|-supereffective|p2a: Pecharunt
|-damage|p2a: Pecharunt|70/100
|
|upkeep
|turn|23
|
|t:|1779929868
|switch|p1a: Skeledirge|Skeledirge, F, tera:Water|16/100
|move|p2a: Pecharunt|Recover|p2a: Pecharunt
|-heal|p2a: Pecharunt|100/100
|
|upkeep
|turn|24
|
|t:|1779929874
|move|p2a: Pecharunt|Shadow Ball|p1a: Skeledirge
|-damage|p1a: Skeledirge|0 fnt
|faint|p1a: Skeledirge
|
|upkeep
|
|t:|1779929877
|switch|p1a: Dragapult|Dragapult, M|100/100
|-damage|p1a: Dragapult|76/100|[from] Spikes
|turn|25
|
|t:|1779929882
|move|p1a: Dragapult|Hex|p2a: Pecharunt
|-supereffective|p2a: Pecharunt
|-damage|p2a: Pecharunt|8/100
|move|p2a: Pecharunt|Shadow Ball|p1a: Dragapult
|-supereffective|p1a: Dragapult
|-damage|p1a: Dragapult|6/100
|
|upkeep
|turn|26
|c|☆chancha12suizo|ggs
|
|t:|1779929898
|move|p1a: Dragapult|Hex|p2a: Pecharunt
|-supereffective|p2a: Pecharunt
|-damage|p2a: Pecharunt|0 fnt
|faint|p2a: Pecharunt
|
|win|chancha12suizo
|raw|chancha12suizo's rating: 1326 &rarr; <strong>1341</strong><br />(+15 for winning)
|raw|npctypebeat's rating: 1242 &rarr; <strong>1223</strong><br />(-19 for losing)
|c|☆npctypebeat|gg
|l|☆chancha12suizo
|player|p1|
