|j|☆hellgrrrl
|j|☆ZeMTiml
|t:|1779934158
|gametype|singles
|player|p1|hellgrrrl|pokemonrangerf|1060
|player|p2|ZeMTiml|worker-gen4|1063
|gen|9
|tier|[Gen 9] OU
|rated|
|rule|HP Percentage Mod: HP is shown in percentages
|rule|Endless Battle Clause: Forcing endless battles is banned
|rule|Species Clause: Limit one of each Pokémon
|rule|OHKO Clause: OHKO moves are banned
|rule|Evasion Items Clause: Evasion items are banned
|rule|Evasion Moves Clause: Evasion moves are banned
|rule|Evasion Abilities Clause: Evasion abilities are banned
|rule|Sleep Moves Clause: Sleep-inducing moves are banned
|clearpoke
|poke|p1|Ninetales-Alola, F|
|poke|p1|Ceruledge, F|
|poke|p1|Hydreigon, F|
|poke|p2|Blastoise, F|
|poke|p2|Fezandipiti, M|
|poke|p2|Metagross|
|poke|p2|Noivern, M|
|poke|p2|Electabuzz, F|
|poke|p2|Brute Bonnet|
|teampreview
|
|t:|1779934163
|teamsize|p1|3
|teamsize|p2|6
|start
|switch|p1a: Ninetales|Ninetales-Alola, F|100/100
|switch|p2a: Electabuzz|Electabuzz, F|100/100
|-weather|Snowscape|[from] ability: Snow Warning|[of] p1a: Ninetales
|turn|1
|
|t:|1779934177
|move|p1a: Ninetales|Aurora Veil|p1a: Ninetales
|-sidestart|p1: hellgrrrl|move: Aurora Veil
|move|p2a: Electabuzz|Light Screen|p2a: Electabuzz
|-sidestart|p2: ZeMTiml|move: Light Screen
|
|-weather|Snowscape|[upkeep]
|upkeep
|turn|2
|
|t:|1779934182
|move|p1a: Ninetales|Encore|p2a: Electabuzz
|-start|p2a: Electabuzz|Encore
|move|p2a: Electabuzz|Light Screen||[still]
|-fail|p2a: Electabuzz
|
|-weather|Snowscape|[upkeep]
|upkeep
|turn|3
|
|t:|1779934193
|switch|p1a: Ceruledge|Ceruledge, F|100/100
|switch|p2a: Metagross|Metagross|100/100
|
|-weather|Snowscape|[upkeep]
|upkeep
|turn|4
|
|t:|1779934202
|-terastallize|p2a: Metagross|Water
|move|p1a: Ceruledge|Bulk Up|p1a: Ceruledge
|-boost|p1a: Ceruledge|atk|1
|-boost|p1a: Ceruledge|def|1
|move|p2a: Metagross|Psychic Fangs|p1a: Ceruledge
|-sideend|p1: hellgrrrl|move: Aurora Veil
|-damage|p1a: Ceruledge|66/100
|
|-weather|Snowscape|[upkeep]
|upkeep
|turn|5
|
|t:|1779934209
|move|p1a: Ceruledge|Bulk Up|p1a: Ceruledge
|-boost|p1a: Ceruledge|atk|1
|-boost|p1a: Ceruledge|def|1
|move|p2a: Metagross|Psychic Fangs|p1a: Ceruledge
|-damage|p1a: Ceruledge|40/100
|
|-weather|none
|-sideend|p2: ZeMTiml|move: Light Screen
|upkeep
|turn|6
|
|t:|1779934216
|move|p1a: Ceruledge|Shadow Sneak|p2a: Metagross
|-damage|p2a: Metagross|77/100
|move|p2a: Metagross|Psychic Fangs|p1a: Ceruledge
|-damage|p1a: Ceruledge|12/100
|
|upkeep
|turn|7
|
|t:|1779934220
|move|p1a: Ceruledge|Bitter Blade|p2a: Metagross
|-resisted|p2a: Metagross
|-damage|p2a: Metagross|50/100
|-heal|p1a: Ceruledge|25/100|[from] drain|[of] p2a: Metagross
|move|p2a: Metagross|Psychic Fangs|p1a: Ceruledge
|-damage|p1a: Ceruledge|1/100
|
|upkeep
|turn|8
|
|t:|1779934227
|move|p2a: Metagross|Bullet Punch|p1a: Ceruledge
|-resisted|p1a: Ceruledge
|-damage|p1a: Ceruledge|0 fnt
|faint|p1a: Ceruledge
|
|upkeep
|
|t:|1779934229
|switch|p1a: Ninetales|Ninetales-Alola, F|100/100
|-weather|Snowscape|[from] ability: Snow Warning|[of] p1a: Ninetales
|turn|9
|
|t:|1779934235
|-terastallize|p1a: Ninetales|Water
|move|p1a: Ninetales|Freeze-Dry|p2a: Metagross
|-supereffective|p2a: Metagross
|-crit|p2a: Metagross
|-damage|p2a: Metagross|0 fnt
|faint|p2a: Metagross
|
|-weather|Snowscape|[upkeep]
|upkeep
|
|t:|1779934243
|switch|p2a: Electabuzz|Electabuzz, F|100/100
|turn|10
|
|t:|1779934247
|move|p1a: Ninetales|Aurora Veil|p1a: Ninetales
|-sidestart|p1: hellgrrrl|move: Aurora Veil
|move|p2a: Electabuzz|Light Screen|p2a: Electabuzz
|-sidestart|p2: ZeMTiml|move: Light Screen
|
|-weather|Snowscape|[upkeep]
|upkeep
|turn|11
|
|t:|1779934251
|move|p1a: Ninetales|Encore|p2a: Electabuzz
|-start|p2a: Electabuzz|Encore
|move|p2a: Electabuzz|Light Screen||[still]
|-fail|p2a: Electabuzz
|
|-weather|Snowscape|[upkeep]
|upkeep
|turn|12
|
|t:|1779934259
|switch|p1a: Hydreigon|Hydreigon, F|100/100
|switch|p2a: Noivern|Noivern, M|100/100
|-item|p1a: Hydreigon|Leftovers|[from] ability: Frisk|[of] p2a: Noivern
|
|-weather|Snowscape|[upkeep]
|upkeep
|turn|13
|
|t:|1779934268
|move|p2a: Noivern|Dragon Pulse|p1a: Hydreigon
|-supereffective|p1a: Hydreigon
|-damage|p1a: Hydreigon|62/100
|move|p1a: Hydreigon|Substitute|p1a: Hydreigon
|-start|p1a: Hydreigon|Substitute
|-damage|p1a: Hydreigon|37/100
|
|-weather|none
|-heal|p1a: Hydreigon|43/100|[from] item: Leftovers
|upkeep
|turn|14
|
|t:|1779934275
|move|p2a: Noivern|Tailwind|p2a: Noivern
|-sidestart|p2: ZeMTiml|move: Tailwind
|move|p1a: Hydreigon|Draco Meteor|p2a: Noivern
|-supereffective|p2a: Noivern
|-damage|p2a: Noivern|16/100
|-unboost|p1a: Hydreigon|spa|2
|
|-heal|p1a: Hydreigon|49/100|[from] item: Leftovers
|-sideend|p2: ZeMTiml|move: Light Screen
|upkeep
|turn|15
|
|t:|1779934284
|move|p2a: Noivern|Dragon Pulse|p1a: Hydreigon
|-supereffective|p1a: Hydreigon
|-crit|p1a: Hydreigon
|-end|p1a: Hydreigon|Substitute
|move|p1a: Hydreigon|Flash Cannon|p2a: Noivern
|-damage|p2a: Noivern|0 fnt
|faint|p2a: Noivern
|
|-heal|p1a: Hydreigon|55/100|[from] item: Leftovers
|upkeep
|
|t:|1779934299
|switch|p2a: Blastoise|Blastoise, F|100/100
|turn|16
|
|t:|1779934315
|switch|p1a: Ninetales|Ninetales-Alola, F, tera:Water|100/100
|-weather|Snowscape|[from] ability: Snow Warning|[of] p1a: Ninetales
|move|p2a: Blastoise|Rain Dance|p2a: Blastoise
|-weather|RainDance
|
|-weather|RainDance|[upkeep]
|upkeep
|turn|17
|
|t:|1779934330
|move|p2a: Blastoise|Surf|p1a: Ninetales
|-resisted|p1a: Ninetales
|-damage|p1a: Ninetales|88/100
|move|p1a: Ninetales|Freeze-Dry|p2a: Blastoise
|-supereffective|p2a: Blastoise
|-damage|p2a: Blastoise|62/100
|
|-weather|RainDance|[upkeep]
|-heal|p2a: Blastoise|68/100|[from] ability: Rain Dish
|-sideend|p2: ZeMTiml|move: Tailwind
|-sideend|p1: hellgrrrl|move: Aurora Veil
|upkeep
|turn|18
|inactive|Battle timer is ON: inactive players will automatically lose when time's up. (requested by ZeMTiml)
|
|t:|1779934390
|move|p1a: Ninetales|Freeze-Dry|p2a: Blastoise
|-supereffective|p2a: Blastoise
|-damage|p2a: Blastoise|31/100
|move|p2a: Blastoise|Surf|p1a: Ninetales
|-resisted|p1a: Ninetales
|-damage|p1a: Ninetales|58/100
|
|-weather|RainDance|[upkeep]
|-heal|p2a: Blastoise|37/100|[from] ability: Rain Dish
|upkeep
|turn|19
|
|t:|1779934403
|move|p1a: Ninetales|Freeze-Dry|p2a: Blastoise
|-supereffective|p2a: Blastoise
|-damage|p2a: Blastoise|3/100
|move|p2a: Blastoise|Surf|p1a: Ninetales
|-resisted|p1a: Ninetales
|-damage|p1a: Ninetales|30/100
|
|-weather|RainDance|[upkeep]
|-heal|p2a: Blastoise|9/100|[from] ability: Rain Dish
|upkeep
|turn|20
|inactive|hellgrrrl has 120 seconds left.
|inactive|hellgrrrl has 90 seconds left.
|
|t:|1779934480
|move|p1a: Ninetales|Freeze-Dry|p2a: Blastoise
|-supereffective|p2a: Blastoise
|-damage|p2a: Blastoise|0 fnt
|faint|p2a: Blastoise
|
|-weather|none
|upkeep
|
|t:|1779934485
|switch|p2a: Electabuzz|Electabuzz, F|100/100
|turn|21
|
|t:|1779934489
|move|p1a: Ninetales|Moonblast|p2a: Electabuzz
|-damage|p2a: Electabuzz|74/100
|-unboost|p2a: Electabuzz|spa|1
|move|p2a: Electabuzz|Light Screen|p2a: Electabuzz
|-sidestart|p2: ZeMTiml|move: Light Screen
|
|upkeep
|turn|22
|
|t:|1779934494
|move|p1a: Ninetales|Moonblast|p2a: Electabuzz
|-crit|p2a: Electabuzz
|-damage|p2a: Electabuzz|36/100
|move|p2a: Electabuzz|Charge|p2a: Electabuzz
|-boost|p2a: Electabuzz|spd|1
|-start|p2a: Electabuzz|Charge
|
|upkeep
|turn|23
|inactive|hellgrrrl has 90 seconds left.
|inactive|hellgrrrl has 60 seconds left.
|inactive|hellgrrrl has 30 seconds left.
|inactive|hellgrrrl has 20 seconds left.
|inactive|hellgrrrl has 15 seconds left.
|inactive|hellgrrrl has 10 seconds left.
|inactive|hellgrrrl has 5 seconds left.
|-message|hellgrrrl lost due to inactivity.
|
|win|ZeMTiml
|raw|hellgrrrl's rating: 1060 &rarr; <strong>1041</strong><br />(-19 for losing)
|raw|ZeMTiml's rating: 1063 &rarr; <strong>1093</strong><br />(+30 for winning)
|l|☆ZeMTiml
|player|p2|
|l|☆hellgrrrl
|player|p1|
