|j|☆Jazzuthy
|j|☆talljake7
|t:|1779815267
|gametype|singles
|player|p1|Jazzuthy|veteran-gen4|1179
|player|p2|talljake7|ethan|1199
|gen|9
|tier|[Gen 9] OU
|rated|
|rule|HP Percentage Mod: HP is shown in percentages
|rule|Endless Battle Clause: Forcing endless battles is banned
|rule|Species Clause: Limit one of each Pokémon
|rule|OHKO Clause: OHKO moves are banned
|rule|Evasion Items Clause: Evasion items are banned
|rule|Evasion Moves Clause: Evasion moves are banned
|rule|Evasion Abilities Clause: Evasion abilities are banned
|rule|Sleep Moves Clause: Sleep-inducing moves are banned
|clearpoke
|poke|p1|Froslass, F|
|poke|p1|Comfey, F|
|poke|p1|Goodra-Hisui, M|
|poke|p1|Salazzle, F|
|poke|p1|Cinccino, F|
|poke|p1|Dondozo, M|
|poke|p2|Zoroark, F|
|poke|p2|Blastoise, M|
|poke|p2|Goodra-Hisui, M|
|poke|p2|Mimikyu, M|
|poke|p2|Kingambit, M|
|poke|p2|Hypno, F|
|teampreview
|
|t:|1779815286
|teamsize|p1|6
|teamsize|p2|6
|start
|switch|p1a: Froslass|Froslass, F|100/100
|switch|p2a: Hypno|Hypno, F|100/100
|turn|1
|
|t:|1779815296
|move|p1a: Froslass|Poltergeist|p2a: Hypno
|-activate|p2a: Hypno|move: Poltergeist|Expert Belt
|-resisted|p2a: Hypno
|-damage|p2a: Hypno|57/100
|replace|p2a: Zoroark|Zoroark, F
|-end|p2a: Zoroark|Illusion
|move|p2a: Zoroark|Dark Pulse|p1a: Froslass
|-supereffective|p1a: Froslass
|-enditem|p1a: Froslass|Focus Sash
|-damage|p1a: Froslass|1/100
|
|upkeep
|turn|2
|
|t:|1779815306
|move|p1a: Froslass|Destiny Bond|p1a: Froslass
|-singlemove|p1a: Froslass|Destiny Bond
|move|p2a: Zoroark|Dark Pulse|p1a: Froslass
|-supereffective|p1a: Froslass
|-damage|p1a: Froslass|0 fnt
|faint|p1a: Froslass
|-activate|p1a: Froslass|move: Destiny Bond
|faint|p2a: Zoroark
|
|upkeep
|
|t:|1779815322
|switch|p1a: Cinccino|Cinccino, F|100/100
|switch|p2a: Hypno|Hypno, F|100/100
|turn|3
|
|t:|1779815327
|move|p1a: Cinccino|Knock Off|p2a: Hypno
|-supereffective|p2a: Hypno
|-damage|p2a: Hypno|18/100
|-enditem|p2a: Hypno|Twisted Spoon|[from] move: Knock Off|[of] p1a: Cinccino
|move|p2a: Hypno|Nasty Plot|p2a: Hypno
|-boost|p2a: Hypno|spa|2
|
|upkeep
|turn|4
|
|t:|1779815336
|move|p1a: Cinccino|Knock Off|p2a: Hypno
|-supereffective|p2a: Hypno
|-damage|p2a: Hypno|0 fnt
|faint|p2a: Hypno
|
|upkeep
|
|t:|1779815346
|switch|p2a: Goodra|Goodra-Hisui, M|100/100
|turn|5
|
|t:|1779815373
|move|p1a: Cinccino|Knock Off|p2a: Goodra
|-damage|p2a: Goodra|73/100
|-ability|p2a: Goodra|Gooey
|-unboost|p1a: Cinccino|spe|1
|-enditem|p2a: Goodra|Choice Scarf|[from] move: Knock Off|[of] p1a: Cinccino
|move|p2a: Goodra|Draco Meteor|p1a: Cinccino
|-damage|p1a: Cinccino|0 fnt
|-unboost|p2a: Goodra|spa|2
|faint|p1a: Cinccino
|
|upkeep
|
|t:|1779815395
|switch|p1a: Goodra|Goodra-Hisui, M|100/100
|turn|6
|
|t:|1779815409
|move|p2a: Goodra|Draco Meteor|p1a: Goodra
|-damage|p1a: Goodra|86/100
|-unboost|p2a: Goodra|spa|2
|move|p1a: Goodra|Dragon Tail|p2a: Goodra
|-damage|p2a: Goodra|52/100
|-ability|p2a: Goodra|Gooey
|-unboost|p1a: Goodra|spe|1
|drag|p2a: Blastoise|Blastoise, M|100/100
|
|upkeep
|turn|7
|
|t:|1779815422
|move|p2a: Blastoise|Ice Beam|p1a: Goodra
|-damage|p1a: Goodra|78/100
|move|p1a: Goodra|Dragon Tail|p2a: Blastoise
|-damage|p2a: Blastoise|84/100
|drag|p2a: Mimikyu|Mimikyu, M|100/100
|
|upkeep
|turn|8
|
|t:|1779815431
|move|p2a: Mimikyu|Swords Dance|p2a: Mimikyu
|-boost|p2a: Mimikyu|atk|2
|move|p1a: Goodra|Flash Cannon|p2a: Mimikyu
|-activate|p2a: Mimikyu|ability: Disguise
|-damage|p2a: Mimikyu|100/100
|detailschange|p2a: Mimikyu|Mimikyu-Busted, M
|-damage|p2a: Mimikyu|88/100|[from] pokemon: Mimikyu-Busted
|
|upkeep
|turn|9
|
|t:|1779815443
|move|p2a: Mimikyu|Shadow Claw|p1a: Goodra
|-damage|p1a: Goodra|4/100
|move|p1a: Goodra|Flash Cannon|p2a: Mimikyu
|-supereffective|p2a: Mimikyu
|-damage|p2a: Mimikyu|0 fnt
|faint|p2a: Mimikyu
|
|upkeep
|
|t:|1779815450
|switch|p2a: Goodra|Goodra-Hisui, M|52/100
|turn|10
|
|t:|1779815457
|switch|p1a: Comfey|Comfey, F|100/100
|move|p2a: Goodra|Flamethrower|p1a: Comfey
|-damage|p1a: Comfey|68/100
|
|upkeep
|turn|11
|
|t:|1779815466
|move|p1a: Comfey|Draining Kiss|p2a: Goodra
|-damage|p2a: Goodra|32/100
|-heal|p1a: Comfey|83/100|[from] drain|[of] p2a: Goodra
|-ability|p2a: Goodra|Gooey
|-unboost|p1a: Comfey|spe|1
|-damage|p1a: Comfey|73/100|[from] item: Life Orb
|move|p2a: Goodra|Flash Cannon|p1a: Comfey
|-supereffective|p1a: Comfey
|-damage|p1a: Comfey|0 fnt
|faint|p1a: Comfey
|
|upkeep
|
|t:|1779815478
|switch|p1a: Salazzle|Salazzle, F|100/100
|turn|12
|
|t:|1779815484
|move|p1a: Salazzle|Encore|p2a: Goodra
|-start|p2a: Goodra|Encore
|move|p2a: Goodra|Flash Cannon|p1a: Salazzle
|-resisted|p1a: Salazzle
|-damage|p1a: Salazzle|72/100
|
|-heal|p1a: Salazzle|78/100|[from] item: Leftovers
|upkeep
|turn|13
|
|t:|1779815490
|move|p1a: Salazzle|Toxic|p2a: Goodra
|-status|p2a: Goodra|tox
|move|p2a: Goodra|Flash Cannon|p1a: Salazzle
|-resisted|p1a: Salazzle
|-damage|p1a: Salazzle|46/100
|
|-heal|p1a: Salazzle|52/100|[from] item: Leftovers
|-damage|p2a: Goodra|26/100 tox|[from] psn
|upkeep
|turn|14
|
|t:|1779815501
|move|p1a: Salazzle|Disable|p2a: Goodra
|-start|p2a: Goodra|Disable|Flash Cannon
|cant|p2a: Goodra|Disable|Flash Cannon
|
|-heal|p1a: Salazzle|58/100|[from] item: Leftovers
|-damage|p2a: Goodra|13/100 tox|[from] psn
|-end|p2a: Goodra|Encore
|upkeep
|turn|15
|
|t:|1779815522
|move|p1a: Salazzle|Substitute|p1a: Salazzle
|-start|p1a: Salazzle|Substitute
|-damage|p1a: Salazzle|34/100
|move|p2a: Goodra|Draco Meteor|p1a: Salazzle
|-end|p1a: Salazzle|Substitute
|-unboost|p2a: Goodra|spa|2
|
|-heal|p1a: Salazzle|40/100|[from] item: Leftovers
|-damage|p2a: Goodra|0 fnt|[from] psn
|faint|p2a: Goodra
|upkeep
|
|t:|1779815534
|switch|p2a: Blastoise|Blastoise, M|84/100
|turn|16
|
|t:|1779815550
|move|p1a: Salazzle|Toxic|p2a: Blastoise
|-status|p2a: Blastoise|tox
|move|p2a: Blastoise|Shell Smash|p2a: Blastoise
|-unboost|p2a: Blastoise|def|1
|-unboost|p2a: Blastoise|spd|1
|-boost|p2a: Blastoise|atk|2
|-boost|p2a: Blastoise|spa|2
|-boost|p2a: Blastoise|spe|2
|-enditem|p2a: Blastoise|White Herb
|-clearnegativeboost|p2a: Blastoise|[silent]
|
|-heal|p1a: Salazzle|46/100|[from] item: Leftovers
|-damage|p2a: Blastoise|78/100 tox|[from] psn
|upkeep
|turn|17
|
|t:|1779815564
|move|p1a: Salazzle|Encore|p2a: Blastoise
|-start|p2a: Blastoise|Encore
|move|p2a: Blastoise|Shell Smash|p2a: Blastoise
|-unboost|p2a: Blastoise|def|1
|-unboost|p2a: Blastoise|spd|1
|-boost|p2a: Blastoise|atk|2
|-boost|p2a: Blastoise|spa|2
|-boost|p2a: Blastoise|spe|2
|
|-heal|p1a: Salazzle|52/100|[from] item: Leftovers
|-damage|p2a: Blastoise|66/100 tox|[from] psn
|upkeep
|turn|18
|c|☆Jazzuthy|uh oh
|
|t:|1779815578
|move|p2a: Blastoise|Shell Smash|p2a: Blastoise
|-unboost|p2a: Blastoise|def|1
|-unboost|p2a: Blastoise|spd|1
|-boost|p2a: Blastoise|atk|2
|-boost|p2a: Blastoise|spa|2
|-boost|p2a: Blastoise|spe|2
|move|p1a: Salazzle|Substitute|p1a: Salazzle
|-start|p1a: Salazzle|Substitute
|-damage|p1a: Salazzle|27/100
|
|-heal|p1a: Salazzle|34/100|[from] item: Leftovers
|-damage|p2a: Blastoise|48/100 tox|[from] psn
|upkeep
|turn|19
|c|☆talljake7|:(
|
|t:|1779815595
|move|p2a: Blastoise|Shell Smash|p2a: Blastoise
|-unboost|p2a: Blastoise|def|1
|-unboost|p2a: Blastoise|spd|1
|-boost|p2a: Blastoise|atk|0
|-boost|p2a: Blastoise|spa|0
|-boost|p2a: Blastoise|spe|0
|move|p1a: Salazzle|Encore||[still]
|-fail|p1a: Salazzle
|
|-heal|p1a: Salazzle|40/100|[from] item: Leftovers
|-damage|p2a: Blastoise|24/100 tox|[from] psn
|-end|p2a: Blastoise|Encore
|upkeep
|turn|20
|
|t:|1779815609
|move|p2a: Blastoise|Surf|p1a: Salazzle
|-supereffective|p1a: Salazzle
|-end|p1a: Salazzle|Substitute
|move|p1a: Salazzle|Disable|p2a: Blastoise
|-start|p2a: Blastoise|Disable|Surf
|
|-heal|p1a: Salazzle|46/100|[from] item: Leftovers
|-damage|p2a: Blastoise|0 fnt|[from] psn
|faint|p2a: Blastoise
|upkeep
|
|t:|1779815617
|switch|p2a: Kingambit|Kingambit, M|100/100
|-activate|p2a: Kingambit|ability: Supreme Overlord
|-start|p2a: Kingambit|fallen5|[silent]
|turn|21
|
|t:|1779815630
|move|p1a: Salazzle|Toxic|p2a: Kingambit
|-status|p2a: Kingambit|tox
|move|p2a: Kingambit|Kowtow Cleave|p1a: Salazzle
|-damage|p1a: Salazzle|0 fnt
|faint|p1a: Salazzle
|
|-damage|p2a: Kingambit|94/100 tox|[from] psn
|upkeep
|
|t:|1779815639
|switch|p1a: Goodra|Goodra-Hisui, M|4/100
|turn|22
|
|t:|1779815644
|move|p2a: Kingambit|Sucker Punch|p1a: Goodra
|-damage|p1a: Goodra|0 fnt
|faint|p1a: Goodra
|
|-damage|p2a: Kingambit|82/100 tox|[from] psn
|upkeep
|
|t:|1779815649
|switch|p1a: Dondozo|Dondozo, M|100/100
|turn|23
|
|t:|1779815656
|move|p2a: Kingambit|Sucker Punch||[still]
|-fail|p2a: Kingambit
|move|p1a: Dondozo|Curse|p1a: Dondozo
|-unboost|p1a: Dondozo|spe|1
|-boost|p1a: Dondozo|atk|1
|-boost|p1a: Dondozo|def|1
|
|-damage|p2a: Kingambit|64/100 tox|[from] psn
|upkeep
|turn|24
|c|☆Jazzuthy|its wraps i think
|
|t:|1779815665
|move|p2a: Kingambit|Kowtow Cleave|p1a: Dondozo
|-damage|p1a: Dondozo|78/100
|move|p1a: Dondozo|Curse|p1a: Dondozo
|-unboost|p1a: Dondozo|spe|1
|-boost|p1a: Dondozo|atk|1
|-boost|p1a: Dondozo|def|1
|
|-heal|p1a: Dondozo|84/100|[from] item: Leftovers
|-damage|p2a: Kingambit|39/100 tox|[from] psn
|upkeep
|turn|25
|
|t:|1779815676
|move|p2a: Kingambit|Kowtow Cleave|p1a: Dondozo
|-crit|p1a: Dondozo
|-damage|p1a: Dondozo|34/100
|move|p1a: Dondozo|Waterfall|p2a: Kingambit
|-damage|p2a: Kingambit|2/100 tox
|
|-heal|p1a: Dondozo|40/100|[from] item: Leftovers
|-damage|p2a: Kingambit|0 fnt|[from] psn
|faint|p2a: Kingambit
|-end|p2a: Kingambit|fallen5|[silent]
|
|win|Jazzuthy
|raw|Jazzuthy's rating: 1179 &rarr; <strong>1205</strong><br />(+26 for winning)
|raw|talljake7's rating: 1199 &rarr; <strong>1173</strong><br />(-26 for losing)
|c|☆talljake7|yep
|c|☆talljake7|gg
|c|☆Jazzuthy|gg
|l|☆talljake7
|player|p2|
|l|☆Jazzuthy
|player|p1|
