|j|☆CosmicMD
|j|☆ditissjoerd
|t:|1779801564
|gametype|singles
|player|p1|CosmicMD|colress|1452
|player|p2|ditissjoerd|clown|1441
|gen|9
|tier|[Gen 9] OU
|rated|
|rule|HP Percentage Mod: HP is shown in percentages
|rule|Endless Battle Clause: Forcing endless battles is banned
|rule|Species Clause: Limit one of each Pokémon
|rule|OHKO Clause: OHKO moves are banned
|rule|Evasion Items Clause: Evasion items are banned
|rule|Evasion Moves Clause: Evasion moves are banned
|rule|Evasion Abilities Clause: Evasion abilities are banned
|rule|Sleep Moves Clause: Sleep-inducing moves are banned
|clearpoke
|poke|p1|Hydrapple, F|
|poke|p1|Kommo-o, F|
|poke|p1|Kingambit, F|
|poke|p1|Iron Crown|
|poke|p1|Scream Tail|
|poke|p1|Iron Treads|
|poke|p2|Torkoal, F|
|poke|p2|Slither Wing|
|poke|p2|Walking Wake|
|poke|p2|Iron Moth|
|poke|p2|Tornadus-Therian, M|
|poke|p2|Blaziken, M|
|teampreview
|inactive|Battle timer is ON: inactive players will automatically lose when time's up. (requested by CosmicMD)
|inactive|ditissjoerd has 120 seconds left.
|
|t:|1779801627
|teamsize|p1|6
|teamsize|p2|6
|start
|switch|p1a: Iron Treads|Iron Treads|100/100
|switch|p2a: Slither Wing|Slither Wing|100/100
|turn|1
|
|t:|1779801635
|-end|p1a: Iron Treads|Quark Drive|[silent]
|switch|p1a: Kommo-o|Kommo-o, F|100/100
|move|p2a: Slither Wing|Close Combat|p1a: Kommo-o
|-damage|p1a: Kommo-o|0 fnt
|-unboost|p2a: Slither Wing|def|1
|-unboost|p2a: Slither Wing|spd|1
|faint|p1a: Kommo-o
|
|upkeep
|
|t:|1779801654
|switch|p1a: Iron Crown|Iron Crown|100/100
|turn|2
|inactive|ditissjoerd has 120 seconds left.
|
|t:|1779801698
|-end|p2a: Slither Wing|Protosynthesis|[silent]
|switch|p2a: Tornadus|Tornadus-Therian, M|100/100
|move|p1a: Iron Crown|Psychic Noise|p2a: Tornadus
|-damage|p2a: Tornadus|68/100
|-start|p2a: Tornadus|move: Heal Block
|
|upkeep
|turn|3
|
|t:|1779801704
|move|p2a: Tornadus|Knock Off|p1a: Iron Crown
|-supereffective|p1a: Iron Crown
|-damage|p1a: Iron Crown|49/100
|-enditem|p1a: Iron Crown|Assault Vest|[from] move: Knock Off|[of] p2a: Tornadus
|move|p1a: Iron Crown|Tachyon Cutter|p2a: Tornadus
|-damage|p2a: Tornadus|47/100
|-damage|p2a: Tornadus|27/100
|-hitcount|p2a: Tornadus|2
|
|-end|p2a: Tornadus|move: Heal Block
|upkeep
|turn|4
|
|t:|1779801711
|move|p2a: Tornadus|Knock Off|p1a: Iron Crown
|-supereffective|p1a: Iron Crown
|-damage|p1a: Iron Crown|15/100
|move|p1a: Iron Crown|Volt Switch|p2a: Tornadus
|-supereffective|p2a: Tornadus
|-damage|p2a: Tornadus|0 fnt
|faint|p2a: Tornadus
|
|t:|1779801721
|-end|p1a: Iron Crown|Quark Drive|[silent]
|switch|p1a: Iron Treads|Iron Treads|100/100|[from] Volt Switch
|
|upkeep
|
|t:|1779801727
|switch|p2a: Torkoal|Torkoal, F|100/100
|-weather|SunnyDay|[from] ability: Drought|[of] p2a: Torkoal
|turn|5
|
|t:|1779801733
|switch|p2a: Walking Wake|Walking Wake|100/100
|-activate|p2a: Walking Wake|ability: Protosynthesis
|-start|p2a: Walking Wake|protosynthesisspe
|move|p1a: Iron Treads|Earthquake|p2a: Walking Wake
|-damage|p2a: Walking Wake|51/100
|
|-weather|SunnyDay|[upkeep]
|upkeep
|turn|6
|
|t:|1779801736
|-end|p1a: Iron Treads|Quark Drive|[silent]
|switch|p1a: Scream Tail|Scream Tail|100/100
|-activate|p1a: Scream Tail|ability: Protosynthesis
|-start|p1a: Scream Tail|protosynthesisspe
|move|p2a: Walking Wake|Flip Turn|p1a: Scream Tail
|-damage|p1a: Scream Tail|94/100
|
|t:|1779801744
|-end|p2a: Walking Wake|Protosynthesis|[silent]
|switch|p2a: Iron Moth|Iron Moth|100/100|[from] Flip Turn
|-enditem|p2a: Iron Moth|Booster Energy
|-activate|p2a: Iron Moth|ability: Quark Drive|[fromitem]
|-start|p2a: Iron Moth|quarkdrivespa
|
|-weather|SunnyDay|[upkeep]
|upkeep
|turn|7
|
|t:|1779801753
|-end|p1a: Scream Tail|Protosynthesis|[silent]
|switch|p1a: Iron Crown|Iron Crown|15/100
|move|p2a: Iron Moth|Fiery Dance|p1a: Iron Crown
|-supereffective|p1a: Iron Crown
|-damage|p1a: Iron Crown|0 fnt
|-boost|p2a: Iron Moth|spa|1
|faint|p1a: Iron Crown
|-end|p1a: Iron Crown|Quark Drive|[silent]
|
|-weather|SunnyDay|[upkeep]
|upkeep
|
|t:|1779801766
|switch|p1a: Iron Treads|Iron Treads|100/100
|turn|8
|
|t:|1779801779
|move|p2a: Iron Moth|Fiery Dance|p1a: Iron Treads
|-supereffective|p1a: Iron Treads
|-damage|p1a: Iron Treads|0 fnt
|faint|p1a: Iron Treads
|-end|p1a: Iron Treads|Quark Drive|[silent]
|
|-weather|SunnyDay|[upkeep]
|upkeep
|-message|CosmicMD forfeited.
|
|win|ditissjoerd
|raw|CosmicMD's rating: 1452 &rarr; <strong>1431</strong><br />(-21 for losing)
|raw|ditissjoerd's rating: 1441 &rarr; <strong>1462</strong><br />(+21 for winning)
|l|☆CosmicMD
|player|p1|
|l|☆ditissjoerd
|player|p2|
