|j|☆isa2381
|j|‽Bumulus
|t:|1779837133
|gametype|singles
|player|p1|isa2381|lady|1346
|player|p2|Bumulus|266|1405
|gen|9
|tier|[Gen 9] OU
|rated|
|rule|HP Percentage Mod: HP is shown in percentages
|rule|Endless Battle Clause: Forcing endless battles is banned
|rule|Species Clause: Limit one of each Pokémon
|rule|OHKO Clause: OHKO moves are banned
|rule|Evasion Items Clause: Evasion items are banned
|rule|Evasion Moves Clause: Evasion moves are banned
|rule|Evasion Abilities Clause: Evasion abilities are banned
|rule|Sleep Moves Clause: Sleep-inducing moves are banned
|clearpoke
|poke|p1|Skeledirge, M|
|poke|p1|Corviknight, F|
|poke|p1|Ogerpon-Wellspring, F|
|poke|p1|Slowking-Galar, M|
|poke|p1|Tyranitar, M|
|poke|p1|Iron Valiant|
|poke|p2|Gholdengo|
|poke|p2|Iron Treads|
|poke|p2|Moltres|
|poke|p2|Zamazenta-*|
|poke|p2|Samurott-Hisui, M|
|poke|p2|Garganacl, F|
|teampreview
|inactive|Battle timer is ON: inactive players will automatically lose when time's up. (requested by isa2381)
|
|t:|1779837160
|teamsize|p1|6
|teamsize|p2|6
|start
|switch|p1a: Ogerpon|Ogerpon-Wellspring, F|100/100
|switch|p2a: Zamazenta|Zamazenta|100/100
|-ability|p2a: Zamazenta|Dauntless Shield|boost
|-boost|p2a: Zamazenta|def|1
|turn|1
|
|t:|1779837170
|switch|p1a: Corviknight|Corviknight, F|100/100
|-ability|p1a: Corviknight|Pressure
|move|p2a: Zamazenta|Crunch|p1a: Corviknight
|-damage|p1a: Corviknight|85/100
|-damage|p2a: Zamazenta|84/100|[from] item: Rocky Helmet|[of] p1a: Corviknight
|
|upkeep
|turn|2
|
|t:|1779837179
|switch|p2a: Moltres|Moltres|100/100
|move|p1a: Corviknight|U-turn|p2a: Moltres
|-resisted|p2a: Moltres
|-crit|p2a: Moltres
|-damage|p2a: Moltres|97/100
|
|t:|1779837185
|switch|p1a: Ogerpon|Ogerpon-Wellspring, F|100/100|[from] U-turn
|
|upkeep
|turn|3
|
|t:|1779837202
|switch|p2a: Samurott|Samurott-Hisui, M|100/100
|move|p1a: Ogerpon|Ivy Cudgel|p2a: Samurott|[anim] Ivy Cudgel Water
|-resisted|p2a: Samurott
|-damage|p2a: Samurott|64/100
|
|upkeep
|turn|4
|
|t:|1779837208
|move|p2a: Samurott|Ceaseless Edge|p1a: Ogerpon
|-damage|p1a: Ogerpon|41/100
|-sidestart|p1: isa2381|Spikes
|move|p1a: Ogerpon|Horn Leech|p2a: Samurott
|-supereffective|p2a: Samurott
|-damage|p2a: Samurott|0 fnt
|-heal|p1a: Ogerpon|76/100|[from] drain|[of] p2a: Samurott
|faint|p2a: Samurott
|
|upkeep
|
|t:|1779837212
|switch|p2a: Zamazenta|Zamazenta|84/100
|turn|5
|
|t:|1779837220
|switch|p2a: Garganacl|Garganacl, F|100/100
|switch|p1a: Corviknight|Corviknight, F|85/100
|-ability|p1a: Corviknight|Pressure
|
|upkeep
|turn|6
|
|t:|1779837228
|move|p1a: Corviknight|Defog|p2a: Garganacl
|-unboost|p2a: Garganacl|evasion|1
|-sideend|p1: isa2381|Spikes|[from] move: Defog|[of] p1a: Corviknight
|move|p2a: Garganacl|Curse|p2a: Garganacl
|-unboost|p2a: Garganacl|spe|1
|-boost|p2a: Garganacl|atk|1
|-boost|p2a: Garganacl|def|1
|
|upkeep
|turn|7
|
|t:|1779837235
|move|p1a: Corviknight|U-turn|p2a: Garganacl
|-damage|p2a: Garganacl|94/100
|
|t:|1779837247
|switch|p1a: Tyranitar|Tyranitar, M|100/100|[from] U-turn
|-weather|Sandstorm|[from] ability: Sand Stream|[of] p1a: Tyranitar
|move|p2a: Garganacl|Salt Cure|p1a: Tyranitar
|-damage|p1a: Tyranitar|82/100
|-start|p1a: Tyranitar|Salt Cure
|
|-weather|Sandstorm|[upkeep]
|-heal|p2a: Garganacl|99/100|[from] item: Leftovers
|-damage|p1a: Tyranitar|69/100|[from] Salt Cure
|upkeep
|turn|8
|
|t:|1779837258
|move|p1a: Tyranitar|Low Kick|p2a: Garganacl
|-supereffective|p2a: Garganacl
|-damage|p2a: Garganacl|58/100
|move|p2a: Garganacl|Curse|p2a: Garganacl
|-unboost|p2a: Garganacl|spe|1
|-boost|p2a: Garganacl|atk|1
|-boost|p2a: Garganacl|def|1
|
|-weather|Sandstorm|[upkeep]
|-heal|p2a: Garganacl|64/100|[from] item: Leftovers
|-damage|p1a: Tyranitar|57/100|[from] Salt Cure
|upkeep
|turn|9
|
|t:|1779837267
|move|p1a: Tyranitar|Low Kick|p2a: Garganacl
|-supereffective|p2a: Garganacl
|-damage|p2a: Garganacl|33/100
|move|p2a: Garganacl|Recover|p2a: Garganacl
|-heal|p2a: Garganacl|83/100
|
|-weather|Sandstorm|[upkeep]
|-heal|p2a: Garganacl|89/100|[from] item: Leftovers
|-damage|p1a: Tyranitar|45/100|[from] Salt Cure
|upkeep
|turn|10
|
|t:|1779837281
|move|p1a: Tyranitar|Low Kick|p2a: Garganacl
|-supereffective|p2a: Garganacl
|-damage|p2a: Garganacl|59/100
|move|p2a: Garganacl|Salt Cure|p1a: Tyranitar
|-crit|p1a: Tyranitar
|-damage|p1a: Tyranitar|8/100
|
|-weather|Sandstorm|[upkeep]
|-heal|p2a: Garganacl|65/100|[from] item: Leftovers
|-damage|p1a: Tyranitar|0 fnt|[from] Salt Cure
|faint|p1a: Tyranitar
|upkeep
|
|t:|1779837300
|switch|p1a: Ogerpon|Ogerpon-Wellspring, F|76/100
|turn|11
|
|t:|1779837303
|-terastallize|p2a: Garganacl|Water
|move|p1a: Ogerpon|Horn Leech|p2a: Garganacl
|-supereffective|p2a: Garganacl
|-damage|p2a: Garganacl|37/100
|-heal|p1a: Ogerpon|95/100|[from] drain|[of] p2a: Garganacl
|move|p2a: Garganacl|Salt Cure|p1a: Ogerpon
|-damage|p1a: Ogerpon|59/100
|-start|p1a: Ogerpon|Salt Cure
|
|-weather|none
|-heal|p2a: Garganacl|43/100|[from] item: Leftovers
|-damage|p1a: Ogerpon|34/100|[from] Salt Cure
|upkeep
|turn|12
|
|t:|1779837322
|switch|p1a: Corviknight|Corviknight, F|85/100
|-ability|p1a: Corviknight|Pressure
|move|p2a: Garganacl|Recover|p2a: Garganacl
|-heal|p2a: Garganacl|93/100
|
|-heal|p2a: Garganacl|99/100|[from] item: Leftovers
|upkeep
|turn|13
|
|t:|1779837330
|move|p1a: Corviknight|Brave Bird|p2a: Garganacl
|-crit|p2a: Garganacl
|-damage|p2a: Garganacl|65/100
|-damage|p1a: Corviknight|74/100|[from] Recoil
|move|p2a: Garganacl|Salt Cure|p1a: Corviknight
|-damage|p1a: Corviknight|58/100
|-start|p1a: Corviknight|Salt Cure
|
|-heal|p2a: Garganacl|71/100|[from] item: Leftovers
|-damage|p1a: Corviknight|33/100|[from] Salt Cure
|upkeep
|turn|14
|
|t:|1779837350
|move|p1a: Corviknight|U-turn|p2a: Garganacl
|-crit|p2a: Garganacl
|-damage|p2a: Garganacl|56/100
|
|t:|1779837362
|switch|p1a: Slowking|Slowking-Galar, M|100/100|[from] U-turn
|move|p2a: Garganacl|Salt Cure|p1a: Slowking
|-damage|p1a: Slowking|71/100
|-start|p1a: Slowking|Salt Cure
|
|-heal|p2a: Garganacl|62/100|[from] item: Leftovers
|-damage|p1a: Slowking|58/100|[from] Salt Cure
|upkeep
|turn|15
|
|t:|1779837371
|move|p1a: Slowking|Psychic Noise|p2a: Garganacl
|-damage|p2a: Garganacl|39/100
|-start|p2a: Garganacl|move: Heal Block
|move|p2a: Garganacl|Ice Punch|p1a: Slowking
|-damage|p1a: Slowking|21/100
|
|-damage|p1a: Slowking|8/100|[from] Salt Cure
|upkeep
|turn|16
|
|t:|1779837382
|switch|p2a: Iron Treads|Iron Treads|100/100
|move|p1a: Slowking|Sludge Bomb|p2a: Iron Treads
|-immune|p2a: Iron Treads
|
|-damage|p1a: Slowking|0 fnt|[from] Salt Cure
|faint|p1a: Slowking
|upkeep
|
|t:|1779837399
|switch|p1a: Ogerpon|Ogerpon-Wellspring, F|34/100
|turn|17
|
|t:|1779837422
|-terastallize|p1a: Ogerpon|Water
|detailschange|p1a: Ogerpon|Ogerpon-Wellspring-Tera, F, tera:Water
|-ability|p1a: Ogerpon|Embody Aspect (Wellspring)|boost
|-boost|p1a: Ogerpon|spd|1
|move|p1a: Ogerpon|Swords Dance|p1a: Ogerpon
|-boost|p1a: Ogerpon|atk|2
|move|p2a: Iron Treads|Rapid Spin|p1a: Ogerpon
|-damage|p1a: Ogerpon|15/100
|-boost|p2a: Iron Treads|spe|1
|
|upkeep
|turn|18
|
|t:|1779837432
|move|p2a: Iron Treads|Rapid Spin|p1a: Ogerpon
|-damage|p1a: Ogerpon|0 fnt
|-boost|p2a: Iron Treads|spe|1
|faint|p1a: Ogerpon
|detailschange|p1: Ogerpon|Ogerpon-Wellspring, F|[silent]
|
|upkeep
|
|t:|1779837438
|switch|p1a: Corviknight|Corviknight, F|33/100
|-ability|p1a: Corviknight|Pressure
|turn|19
|-message|isa2381 forfeited.
|
|win|Bumulus
|raw|isa2381's rating: 1346 &rarr; <strong>1329</strong><br />(-17 for losing)
|raw|Bumulus's rating: 1405 &rarr; <strong>1422</strong><br />(+17 for winning)
|l|‽Bumulus
|player|p2|
