|j|☆Mingal26
|j|☆aortega21
|t:|1779800371
|gametype|singles
|player|p1|Mingal26|acetrainerf|1134
|player|p2|aortega21|102|1146
|gen|9
|tier|[Gen 9] OU
|rated|
|rule|HP Percentage Mod: HP is shown in percentages
|rule|Endless Battle Clause: Forcing endless battles is banned
|rule|Species Clause: Limit one of each Pokémon
|rule|OHKO Clause: OHKO moves are banned
|rule|Evasion Items Clause: Evasion items are banned
|rule|Evasion Moves Clause: Evasion moves are banned
|rule|Evasion Abilities Clause: Evasion abilities are banned
|rule|Sleep Moves Clause: Sleep-inducing moves are banned
|clearpoke
|poke|p1|Scizor, M|
|poke|p1|Ceruledge, M|
|poke|p1|Iron Valiant|
|poke|p1|Garchomp, F|
|poke|p1|Rotom-Wash|
|poke|p1|Dragapult, F|
|poke|p2|Froslass, F|
|poke|p2|Gholdengo|
|poke|p2|Mimikyu, M|
|poke|p2|Ceruledge, M|
|poke|p2|Skeledirge, M|
|poke|p2|Dragapult, M|
|teampreview
|
|t:|1779800391
|teamsize|p1|6
|teamsize|p2|6
|start
|switch|p1a: Rotom|Rotom-Wash, shiny|100/100
|switch|p2a: Froslass|Froslass, F|100/100
|turn|1
|
|t:|1779800404
|-terastallize|p1a: Rotom|Electric
|move|p1a: Rotom|Volt Switch|p2a: Froslass
|-damage|p2a: Froslass|35/100
|
|t:|1779800411
|switch|p1a: Ceruledge|Ceruledge, M, shiny|100/100|[from] Volt Switch
|move|p2a: Froslass|Taunt|p1a: Ceruledge
|-start|p1a: Ceruledge|move: Taunt
|
|upkeep
|turn|2
|
|t:|1779800420
|move|p2a: Froslass|Destiny Bond|p2a: Froslass
|-singlemove|p2a: Froslass|Destiny Bond
|move|p1a: Ceruledge|Bitter Blade|p2a: Froslass
|-supereffective|p2a: Froslass
|-crit|p2a: Froslass
|-damage|p2a: Froslass|0 fnt
|-start|p1a: Ceruledge|Disable|Bitter Blade|[from] ability: Cursed Body|[of] p2a: Froslass
|faint|p2a: Froslass
|-activate|p2a: Froslass|move: Destiny Bond
|faint|p1a: Ceruledge
|
|upkeep
|
|t:|1779800449
|switch|p2a: Skeledirge|Skeledirge, M|100/100
|switch|p1a: Rotom|Rotom-Wash, shiny, tera:Electric|100/100
|turn|3
|
|t:|1779800490
|move|p1a: Rotom|Hydro Pump|p2a: Skeledirge|[miss]
|-miss|p1a: Rotom|p2a: Skeledirge
|move|p2a: Skeledirge|Torch Song|p1a: Rotom
|-damage|p1a: Rotom|62/100
|-boost|p2a: Skeledirge|spa|1
|
|upkeep
|turn|4
|
|t:|1779800498
|-terastallize|p2a: Skeledirge|Fairy
|move|p1a: Rotom|Hydro Pump|p2a: Skeledirge
|-damage|p2a: Skeledirge|58/100
|move|p2a: Skeledirge|Torch Song|p1a: Rotom
|-damage|p1a: Rotom|3/100
|-boost|p2a: Skeledirge|spa|1
|
|upkeep
|turn|5
|
|t:|1779800522
|switch|p1a: Garchomp|Garchomp, F|100/100
|move|p2a: Skeledirge|Torch Song|p1a: Garchomp
|-resisted|p1a: Garchomp
|-damage|p1a: Garchomp|69/100
|-boost|p2a: Skeledirge|spa|1
|
|upkeep
|turn|6
|
|t:|1779800551
|switch|p1a: Scizor|Scizor, M|100/100
|move|p2a: Skeledirge|Shadow Ball|p1a: Scizor
|-damage|p1a: Scizor|0 fnt
|faint|p1a: Scizor
|
|upkeep
|
|t:|1779800558
|switch|p1a: Dragapult|Dragapult, F|100/100
|turn|7
|
|t:|1779800581
|move|p1a: Dragapult|Shadow Ball|p2a: Skeledirge
|-damage|p2a: Skeledirge|16/100
|move|p2a: Skeledirge|Shadow Ball|p1a: Dragapult
|-supereffective|p1a: Dragapult
|-damage|p1a: Dragapult|0 fnt
|faint|p1a: Dragapult
|
|upkeep
|
|t:|1779800588
|switch|p1a: Iron Valiant|Iron Valiant, shiny|100/100
|-enditem|p1a: Iron Valiant|Booster Energy
|-activate|p1a: Iron Valiant|ability: Quark Drive|[fromitem]
|-start|p1a: Iron Valiant|quarkdrivespe
|turn|8
|
|t:|1779800615
|move|p1a: Iron Valiant|Moonblast|p2a: Skeledirge
|-damage|p2a: Skeledirge|0 fnt
|faint|p2a: Skeledirge
|
|upkeep
|
|t:|1779800634
|switch|p2a: Mimikyu|Mimikyu, M|100/100
|turn|9
|
|t:|1779800669
|move|p1a: Iron Valiant|Moonblast|p2a: Mimikyu
|-activate|p2a: Mimikyu|ability: Disguise
|-damage|p2a: Mimikyu|100/100
|detailschange|p2a: Mimikyu|Mimikyu-Busted, M
|-damage|p2a: Mimikyu|88/100|[from] pokemon: Mimikyu-Busted
|move|p2a: Mimikyu|Swords Dance|p2a: Mimikyu
|-boost|p2a: Mimikyu|atk|2
|
|upkeep
|turn|10
|inactive|Battle timer is ON: inactive players will automatically lose when time's up. (requested by aortega21)
|inactive|aortega21 has 120 seconds left.
|
|t:|1779800703
|move|p1a: Iron Valiant|Moonblast|p2a: Mimikyu
|-damage|p2a: Mimikyu|34/100
|move|p2a: Mimikyu|Play Rough|p1a: Iron Valiant
|-supereffective|p1a: Iron Valiant
|-damage|p1a: Iron Valiant|0 fnt
|faint|p1a: Iron Valiant
|-end|p1a: Iron Valiant|Quark Drive|[silent]
|-damage|p2a: Mimikyu|24/100|[from] item: Life Orb
|
|upkeep
|
|t:|1779800712
|switch|p1a: Rotom|Rotom-Wash, shiny, tera:Electric|3/100
|turn|11
|
|t:|1779800718
|move|p2a: Mimikyu|Shadow Sneak|p1a: Rotom
|-damage|p1a: Rotom|0 fnt
|faint|p1a: Rotom
|-damage|p2a: Mimikyu|14/100|[from] item: Life Orb
|
|upkeep
|
|t:|1779800722
|switch|p1a: Garchomp|Garchomp, F|69/100
|turn|12
|
|t:|1779800741
|move|p2a: Mimikyu|Shadow Sneak|p1a: Garchomp
|-damage|p1a: Garchomp|22/100
|-damage|p2a: Mimikyu|2/100|[from] ability: Rough Skin|[of] p1a: Garchomp
|-damage|p2a: Mimikyu|0 fnt|[from] item: Life Orb
|faint|p2a: Mimikyu
|move|p1a: Garchomp|Earthquake|p2: Mimikyu|[notarget]
|-fail|p1a: Garchomp
|
|upkeep
|
|t:|1779800750
|switch|p2a: Gholdengo|Gholdengo|100/100
|-item|p2a: Gholdengo|Air Balloon
|turn|13
|
|t:|1779800755
|move|p1a: Garchomp|Earthquake|p2a: Gholdengo
|-immune|p2a: Gholdengo
|move|p2a: Gholdengo|Make It Rain|p1a: Garchomp
|-damage|p1a: Garchomp|0 fnt
|-unboost|p2a: Gholdengo|spa|1
|faint|p1a: Garchomp
|
|win|aortega21
|raw|Mingal26's rating: 1134 &rarr; <strong>1110</strong><br />(-24 for losing)
|raw|aortega21's rating: 1146 &rarr; <strong>1170</strong><br />(+24 for winning)
|l|☆aortega21
|player|p2|
|l|☆Mingal26
|player|p1|
