|j|☆erjuanzas
|j|☆Free6lackpanther
|t:|1779903721
|gametype|singles
|player|p1|erjuanzas|linebacker|1350
|player|p2|Free6lackpanther|169|1313
|gen|9
|tier|[Gen 9] OU
|rated|
|rule|HP Percentage Mod: HP is shown in percentages
|rule|Endless Battle Clause: Forcing endless battles is banned
|rule|Species Clause: Limit one of each Pokémon
|rule|OHKO Clause: OHKO moves are banned
|rule|Evasion Items Clause: Evasion items are banned
|rule|Evasion Moves Clause: Evasion moves are banned
|rule|Evasion Abilities Clause: Evasion abilities are banned
|rule|Sleep Moves Clause: Sleep-inducing moves are banned
|clearpoke
|poke|p1|Pelipper, M|
|poke|p1|Ludicolo, M|
|poke|p1|Iron Treads|
|poke|p1|Landorus-Therian, M|
|poke|p1|Barraskewda, M|
|poke|p1|Basculegion-F, F|
|poke|p2|Primarina, M|
|poke|p2|Slowking-Galar, M|
|poke|p2|Great Tusk|
|poke|p2|Scizor, M|
|poke|p2|Tyranitar, F|
|poke|p2|Skeledirge, M|
|teampreview
|inactive|Battle timer is ON: inactive players will automatically lose when time's up. (requested by Free6lackpanther)
|
|t:|1779903743
|teamsize|p1|6
|teamsize|p2|6
|start
|switch|p1a: La cabra|Barraskewda, M|100/100
|switch|p2a: Great Tusk|Great Tusk|100/100
|-enditem|p2a: Great Tusk|Booster Energy
|-activate|p2a: Great Tusk|ability: Protosynthesis|[fromitem]
|-start|p2a: Great Tusk|protosynthesisatk
|turn|1
|
|t:|1779903756
|-terastallize|p1a: La cabra|Water
|move|p1a: La cabra|Flip Turn|p2a: Great Tusk
|-supereffective|p2a: Great Tusk
|-damage|p2a: Great Tusk|23/100
|
|t:|1779903765
|switch|p1a: Pelipas|Pelipper, M, shiny|100/100|[from] Flip Turn
|-weather|RainDance|[from] ability: Drizzle|[of] p1a: Pelipas
|move|p2a: Great Tusk|Stealth Rock|p1a: Pelipas
|-sidestart|p1: erjuanzas|move: Stealth Rock
|
|-weather|RainDance|[upkeep]
|upkeep
|turn|2
|
|t:|1779903779
|-end|p2a: Great Tusk|Protosynthesis|[silent]
|switch|p2a: Slowking|Slowking-Galar, M|100/100
|move|p1a: Pelipas|U-turn|p2a: Slowking
|-damage|p2a: Slowking|91/100
|
|t:|1779903785
|switch|p1a: Chanao|Iron Treads, shiny|100/100|[from] U-turn
|-damage|p1a: Chanao|97/100|[from] Stealth Rock
|
|-weather|RainDance|[upkeep]
|-heal|p2a: Slowking|97/100|[from] item: Black Sludge
|upkeep
|turn|3
|
|t:|1779903794
|switch|p2a: Skeledirge|Skeledirge, M|100/100
|move|p1a: Chanao|Rapid Spin|p2a: Skeledirge
|-immune|p2a: Skeledirge
|
|-weather|RainDance|[upkeep]
|upkeep
|turn|4
|
|t:|1779903819
|move|p1a: Chanao|Earthquake|p2a: Skeledirge
|-supereffective|p2a: Skeledirge
|-damage|p2a: Skeledirge|52/100
|move|p2a: Skeledirge|Will-O-Wisp|p1a: Chanao
|-status|p1a: Chanao|brn
|
|-weather|RainDance|[upkeep]
|-heal|p2a: Skeledirge|58/100|[from] item: Leftovers
|-damage|p1a: Chanao|91/100 brn|[from] brn
|upkeep
|turn|5
|
|t:|1779903831
|move|p1a: Chanao|Volt Switch|p2a: Skeledirge
|-damage|p2a: Skeledirge|47/100
|
|t:|1779903839
|-end|p1a: Chanao|Quark Drive|[silent]
|switch|p1a: Miauni|Basculegion-F, F, shiny|100/100|[from] Volt Switch
|-damage|p1a: Miauni|88/100|[from] Stealth Rock
|move|p2a: Skeledirge|Slack Off|p2a: Skeledirge
|-heal|p2a: Skeledirge|97/100
|
|-weather|RainDance|[upkeep]
|-heal|p2a: Skeledirge|100/100|[from] item: Leftovers
|upkeep
|turn|6
|
|t:|1779903861
|-terastallize|p2a: Skeledirge|Fairy
|move|p1a: Miauni|Surf|p2a: Skeledirge
|-damage|p2a: Skeledirge|8/100
|-damage|p1a: Miauni|78/100|[from] item: Life Orb
|move|p2a: Skeledirge|Will-O-Wisp|p1a: Miauni
|-status|p1a: Miauni|brn
|
|-weather|RainDance|[upkeep]
|-heal|p2a: Skeledirge|14/100|[from] item: Leftovers
|-damage|p1a: Miauni|72/100 brn|[from] brn
|upkeep
|turn|7
|
|t:|1779903874
|switch|p2a: Primarina|Primarina, M|100/100
|move|p1a: Miauni|Surf|p2a: Primarina
|-resisted|p2a: Primarina
|-damage|p2a: Primarina|77/100
|-damage|p1a: Miauni|62/100 brn|[from] item: Life Orb
|
|-weather|RainDance|[upkeep]
|-damage|p1a: Miauni|56/100 brn|[from] brn
|upkeep
|turn|8
|
|t:|1779903897
|move|p1a: Miauni|Shadow Ball|p2a: Primarina
|-damage|p2a: Primarina|49/100
|-unboost|p2a: Primarina|spd|1
|-damage|p1a: Miauni|46/100 brn|[from] item: Life Orb
|move|p2a: Primarina|Moonblast|p1a: Miauni
|-damage|p1a: Miauni|0 fnt
|faint|p1a: Miauni
|
|-weather|none
|upkeep
|
|t:|1779903906
|switch|p1a: Chanao|Iron Treads, shiny|91/100 brn
|-damage|p1a: Chanao|88/100 brn|[from] Stealth Rock
|turn|9
|
|t:|1779903918
|move|p1a: Chanao|Rapid Spin|p2a: Primarina
|-crit|p2a: Primarina
|-damage|p2a: Primarina|38/100
|-boost|p1a: Chanao|spe|1
|-sideend|p1: erjuanzas|Stealth Rock|[from] move: Rapid Spin|[of] p1a: Chanao
|move|p2a: Primarina|Psychic Noise|p1a: Chanao
|-supereffective|p1a: Chanao
|-damage|p1a: Chanao|43/100 brn
|-start|p1a: Chanao|move: Heal Block
|
|-damage|p1a: Chanao|36/100 brn|[from] brn
|upkeep
|turn|10
|
|t:|1779903932
|move|p1a: Chanao|Volt Switch|p2a: Primarina
|-supereffective|p2a: Primarina
|-damage|p2a: Primarina|20/100
|
|t:|1779903935
|-end|p1a: Chanao|Quark Drive|[silent]
|switch|p1a: Pelipas|Pelipper, M, shiny|100/100|[from] Volt Switch
|-weather|RainDance|[from] ability: Drizzle|[of] p1a: Pelipas
|move|p2a: Primarina|Psychic Noise|p1a: Pelipas
|-resisted|p1a: Pelipas
|-crit|p1a: Pelipas
|-damage|p1a: Pelipas|38/100
|-start|p1a: Pelipas|move: Heal Block
|
|-weather|RainDance|[upkeep]
|upkeep
|turn|11
|
|t:|1779903947
|switch|p1a: Chanao|Iron Treads, shiny|36/100 brn
|move|p2a: Primarina|Psychic Noise|p1a: Chanao
|-supereffective|p1a: Chanao
|-damage|p1a: Chanao|0 fnt
|faint|p1a: Chanao
|-end|p1a: Chanao|Quark Drive|[silent]
|
|-weather|RainDance|[upkeep]
|upkeep
|
|t:|1779903957
|switch|p1a: La cabra|Barraskewda, M, tera:Water|100/100
|turn|12
|
|t:|1779903960
|move|p1a: La cabra|Flip Turn|p2a: Primarina
|-resisted|p2a: Primarina
|-damage|p2a: Primarina|0 fnt
|faint|p2a: Primarina
|
|t:|1779903963
|switch|p1a: Loco|Ludicolo, M, shiny|100/100|[from] Flip Turn
|
|-weather|RainDance|[upkeep]
|upkeep
|
|t:|1779903977
|switch|p2a: Slowking|Slowking-Galar, M|100/100
|turn|13
|
|t:|1779903985
|move|p1a: Loco|Surf|p2a: Slowking
|-damage|p2a: Slowking|52/100
|-damage|p1a: Loco|91/100|[from] item: Life Orb
|move|p2a: Slowking|Trick|p1a: Loco
|-activate|p2a: Slowking|move: Trick|[of] p1a: Loco
|-item|p1a: Loco|Black Sludge|[from] move: Trick
|-item|p2a: Slowking|Life Orb|[from] move: Trick
|
|-weather|RainDance|[upkeep]
|-damage|p1a: Loco|78/100|[from] item: Black Sludge
|upkeep
|turn|14
|
|t:|1779904000
|move|p1a: Loco|Surf|p2a: Slowking
|-damage|p2a: Slowking|14/100
|-prepare|p2a: Slowking|Chilly Reception|[premajor]
|move|p2a: Slowking|Chilly Reception|p2a: Slowking
|-weather|Snowscape
|
|t:|1779904010
|switch|p2a: Tyranitar|Tyranitar, F|100/100|[from] Chilly Reception
|-weather|Sandstorm|[from] ability: Sand Stream|[of] p2a: Tyranitar
|
|-weather|Sandstorm|[upkeep]
|-damage|p1a: Loco|72/100|[from] Sandstorm
|-damage|p1a: Loco|60/100|[from] item: Black Sludge
|upkeep
|turn|15
|
|t:|1779904022
|move|p1a: Loco|Surf|p2a: Tyranitar
|-supereffective|p2a: Tyranitar
|-damage|p2a: Tyranitar|74/100
|move|p2a: Tyranitar|Ice Punch|p1a: Loco
|-damage|p1a: Loco|13/100
|
|-weather|Sandstorm|[upkeep]
|-damage|p1a: Loco|7/100|[from] Sandstorm
|-damage|p1a: Loco|0 fnt|[from] item: Black Sludge
|faint|p1a: Loco
|upkeep
|
|t:|1779904027
|switch|p1a: La cabra|Barraskewda, M, tera:Water|100/100
|turn|16
|
|t:|1779904036
|switch|p2a: Skeledirge|Skeledirge, M, tera:Fairy|14/100
|move|p1a: La cabra|Flip Turn|p2a: Skeledirge
|-damage|p2a: Skeledirge|0 fnt
|faint|p2a: Skeledirge
|
|t:|1779904039
|switch|p1a: Perro Mojao|Landorus-Therian, M|100/100|[from] Flip Turn
|
|-weather|Sandstorm|[upkeep]
|upkeep
|
|t:|1779904047
|switch|p2a: Great Tusk|Great Tusk|23/100
|turn|17
|
|t:|1779904051
|move|p1a: Perro Mojao|Sandsear Storm|p2a: Great Tusk|[miss]
|-miss|p1a: Perro Mojao|p2a: Great Tusk
|move|p2a: Great Tusk|Ice Spinner|p1a: Perro Mojao
|-supereffective|p1a: Perro Mojao
|-damage|p1a: Perro Mojao|0 fnt
|faint|p1a: Perro Mojao
|
|-weather|Sandstorm|[upkeep]
|upkeep
|
|t:|1779904056
|switch|p1a: La cabra|Barraskewda, M, tera:Water|100/100
|turn|18
|
|t:|1779904063
|move|p1a: La cabra|Flip Turn|p2a: Great Tusk
|-supereffective|p2a: Great Tusk
|-damage|p2a: Great Tusk|0 fnt
|faint|p2a: Great Tusk
|-end|p2a: Great Tusk|Protosynthesis|[silent]
|
|t:|1779904065
|switch|p1a: Pelipas|Pelipper, M, shiny|38/100|[from] Flip Turn
|-weather|RainDance|[from] ability: Drizzle|[of] p1a: Pelipas
|
|-weather|RainDance|[upkeep]
|upkeep
|
|t:|1779904087
|switch|p2a: Slowking|Slowking-Galar, M|48/100
|turn|19
|
|t:|1779904093
|move|p1a: Pelipas|Roost|p1a: Pelipas
|-heal|p1a: Pelipas|88/100
|-singleturn|p1a: Pelipas|move: Roost
|-prepare|p2a: Slowking|Chilly Reception|[premajor]
|move|p2a: Slowking|Chilly Reception|p2a: Slowking
|-weather|Snowscape
|
|t:|1779904105
|switch|p2a: Tyranitar|Tyranitar, F|74/100|[from] Chilly Reception
|-weather|Sandstorm|[from] ability: Sand Stream|[of] p2a: Tyranitar
|
|-weather|Sandstorm|[upkeep]
|-damage|p1a: Pelipas|82/100|[from] Sandstorm
|upkeep
|turn|20
|
|t:|1779904113
|move|p2a: Tyranitar|Knock Off|p1a: Pelipas
|-damage|p1a: Pelipas|39/100
|-enditem|p1a: Pelipas|Damp Rock|[from] move: Knock Off|[of] p2a: Tyranitar
|move|p1a: Pelipas|U-turn|p2a: Tyranitar
|-supereffective|p2a: Tyranitar
|-damage|p2a: Tyranitar|56/100
|
|t:|1779904116
|switch|p1a: La cabra|Barraskewda, M, tera:Water|100/100|[from] U-turn
|
|-weather|Sandstorm|[upkeep]
|-damage|p1a: La cabra|94/100|[from] Sandstorm
|upkeep
|turn|21
|
|t:|1779904130
|switch|p2a: Slowking|Slowking-Galar, M|81/100
|move|p1a: La cabra|Flip Turn|p2a: Slowking
|-damage|p2a: Slowking|13/100
|inactive|erjuanzas has 120 seconds left.
|
|t:|1779904179
|switch|p1a: Pelipas|Pelipper, M, shiny|39/100|[from] Flip Turn
|-weather|RainDance|[from] ability: Drizzle|[of] p1a: Pelipas
|
|-weather|RainDance|[upkeep]
|upkeep
|turn|22
|
|t:|1779904187
|move|p1a: Pelipas|Roost|p1a: Pelipas
|-heal|p1a: Pelipas|89/100
|-singleturn|p1a: Pelipas|move: Roost
|-prepare|p2a: Slowking|Chilly Reception|[premajor]
|move|p2a: Slowking|Chilly Reception|p2a: Slowking
|-weather|Snowscape
|
|t:|1779904198
|switch|p2a: Tyranitar|Tyranitar, F|56/100|[from] Chilly Reception
|-weather|Sandstorm|[from] ability: Sand Stream|[of] p2a: Tyranitar
|
|-weather|Sandstorm|[upkeep]
|-damage|p1a: Pelipas|83/100|[from] Sandstorm
|upkeep
|turn|23
|
|t:|1779904206
|move|p2a: Tyranitar|Knock Off|p1a: Pelipas
|-damage|p1a: Pelipas|54/100
|move|p1a: Pelipas|U-turn|p2a: Tyranitar
|-supereffective|p2a: Tyranitar
|-damage|p2a: Tyranitar|38/100
|
|t:|1779904212
|switch|p1a: La cabra|Barraskewda, M, tera:Water|94/100|[from] U-turn
|
|-weather|Sandstorm|[upkeep]
|-damage|p1a: La cabra|88/100|[from] Sandstorm
|upkeep
|turn|24
|
|t:|1779904222
|move|p1a: La cabra|Flip Turn|p2a: Tyranitar
|-supereffective|p2a: Tyranitar
|-damage|p2a: Tyranitar|0 fnt
|faint|p2a: Tyranitar
|
|t:|1779904226
|switch|p1a: Pelipas|Pelipper, M, shiny|54/100|[from] Flip Turn
|-weather|RainDance|[from] ability: Drizzle|[of] p1a: Pelipas
|
|-weather|RainDance|[upkeep]
|upkeep
|
|t:|1779904233
|switch|p2a: Slowking|Slowking-Galar, M|46/100
|turn|25
|
|t:|1779904236
|move|p1a: Pelipas|Roost|p1a: Pelipas
|-heal|p1a: Pelipas|100/100
|-singleturn|p1a: Pelipas|move: Roost
|-prepare|p2a: Slowking|Chilly Reception|[premajor]
|move|p2a: Slowking|Chilly Reception|p2a: Slowking
|-weather|Snowscape
|
|t:|1779904244
|switch|p2a: Scizor|Scizor, M|100/100|[from] Chilly Reception
|
|-weather|Snowscape|[upkeep]
|upkeep
|turn|26
|
|t:|1779904252
|move|p2a: Scizor|Dual Wingbeat|p1a: Pelipas|[miss]
|-miss|p2a: Scizor|p1a: Pelipas
|move|p1a: Pelipas|Hurricane|p2a: Scizor
|-damage|p2a: Scizor|60/100
|-start|p2a: Scizor|confusion
|
|-weather|Snowscape|[upkeep]
|-heal|p2a: Scizor|66/100|[from] item: Leftovers
|upkeep
|turn|27
|
|t:|1779904263
|switch|p2a: Slowking|Slowking-Galar, M|79/100
|move|p1a: Pelipas|U-turn|p2a: Slowking
|-damage|p2a: Slowking|70/100
|
|t:|1779904265
|switch|p1a: La cabra|Barraskewda, M, tera:Water|88/100|[from] U-turn
|
|-weather|Snowscape|[upkeep]
|upkeep
|turn|28
|
|t:|1779904274
|move|p1a: La cabra|Liquidation|p2a: Slowking
|-damage|p2a: Slowking|0 fnt
|faint|p2a: Slowking
|
|-weather|Snowscape|[upkeep]
|upkeep
|
|t:|1779904280
|switch|p2a: Scizor|Scizor, M|66/100
|turn|29
|c|☆erjuanzas|gg
|
|t:|1779904283
|move|p1a: La cabra|Liquidation|p2a: Scizor
|-damage|p2a: Scizor|0 fnt
|faint|p2a: Scizor
|
|win|erjuanzas
|raw|erjuanzas's rating: 1350 &rarr; <strong>1368</strong><br />(+18 for winning)
|raw|Free6lackpanther's rating: 1313 &rarr; <strong>1295</strong><br />(-18 for losing)
|l|☆erjuanzas
|player|p1|
