|j|☆a19a19
|j|☆pap3ra
|t:|1779821143
|gametype|singles
|player|p1|a19a19|red|1386
|player|p2|pap3ra|170|1375
|gen|9
|tier|[Gen 9] OU
|rated|
|rule|HP Percentage Mod: HP is shown in percentages
|rule|Endless Battle Clause: Forcing endless battles is banned
|rule|Species Clause: Limit one of each Pokémon
|rule|OHKO Clause: OHKO moves are banned
|rule|Evasion Items Clause: Evasion items are banned
|rule|Evasion Moves Clause: Evasion moves are banned
|rule|Evasion Abilities Clause: Evasion abilities are banned
|rule|Sleep Moves Clause: Sleep-inducing moves are banned
|clearpoke
|poke|p1|Kyurem|
|poke|p1|Great Tusk|
|poke|p1|Entei|
|poke|p1|Ting-Lu|
|poke|p1|Tornadus-Therian, M|
|poke|p1|Dragapult, M|
|poke|p2|Muk-Alola, M|
|poke|p2|Ogerpon-Wellspring, F|
|poke|p2|Chandelure, F|
|poke|p2|Fezandipiti, M|
|poke|p2|Great Tusk|
|poke|p2|Skarmory, M|
|teampreview
|
|t:|1779821151
|teamsize|p1|6
|teamsize|p2|6
|start
|switch|p1a: Tornadus|Tornadus-Therian, M|100/100
|switch|p2a: Chandelure|Chandelure, F, shiny|100/100
|turn|1
|inactive|Battle timer is ON: inactive players will automatically lose when time's up. (requested by pap3ra)
|
|t:|1779821162
|switch|p2a: Fezandipiti|Fezandipiti, M|100/100
|move|p1a: Tornadus|Knock Off|p2a: Fezandipiti
|-resisted|p2a: Fezandipiti
|-damage|p2a: Fezandipiti|90/100
|-enditem|p2a: Fezandipiti|Assault Vest|[from] move: Knock Off|[of] p1a: Tornadus
|
|upkeep
|turn|2
|
|t:|1779821175
|move|p2a: Fezandipiti|Beat Up|p1a: Tornadus
|-damage|p1a: Tornadus|97/100
|-status|p1a: Tornadus|tox|[from] ability: Toxic Chain|[of] p2a: Fezandipiti
|-damage|p1a: Tornadus|93/100 tox
|-damage|p1a: Tornadus|90/100 tox
|-damage|p1a: Tornadus|87/100 tox
|-crit|p1a: Tornadus
|-damage|p1a: Tornadus|81/100 tox
|-damage|p1a: Tornadus|78/100 tox
|-hitcount|p1a: Tornadus|6
|move|p1a: Tornadus|Bleakwind Storm|p2a: Fezandipiti
|-damage|p2a: Fezandipiti|62/100
|-unboost|p2a: Fezandipiti|spe|1
|
|-damage|p1a: Tornadus|72/100 tox|[from] psn
|upkeep
|turn|3
|inactive|pap3ra has 120 seconds left.
|
|t:|1779821209
|move|p1a: Tornadus|U-turn|p2a: Fezandipiti
|-resisted|p2a: Fezandipiti
|-damage|p2a: Fezandipiti|58/100
|
|t:|1779821213
|switch|p1a: Entei|Entei|100/100|[from] U-turn
|move|p2a: Fezandipiti|Poison Jab|p1a: Entei
|-crit|p1a: Entei
|-damage|p1a: Entei|59/100
|-status|p1a: Entei|tox|[from] ability: Toxic Chain|[of] p2a: Fezandipiti
|
|-damage|p1a: Entei|53/100 tox|[from] psn
|upkeep
|turn|4
|inactive|pap3ra has 120 seconds left.
|
|t:|1779821230
|switch|p2a: Chandelure|Chandelure, F, shiny|100/100
|move|p1a: Entei|Sacred Fire|p2a: Chandelure
|-start|p2a: Chandelure|ability: Flash Fire
|
|-damage|p1a: Entei|41/100 tox|[from] psn
|upkeep
|turn|5
|inactive|pap3ra has 120 seconds left.
|
|t:|1779821241
|move|p2a: Chandelure|Trick|p1a: Entei
|-activate|p2a: Chandelure|move: Trick|[of] p1a: Entei
|-item|p1a: Entei|Choice Scarf|[from] move: Trick
|-item|p2a: Chandelure|Heavy-Duty Boots|[from] move: Trick
|move|p1a: Entei|Stomping Tantrum|p2a: Chandelure
|-supereffective|p2a: Chandelure
|-damage|p2a: Chandelure|0 fnt
|faint|p2a: Chandelure
|
|-damage|p1a: Entei|22/100 tox|[from] psn
|upkeep
|inactive|pap3ra has 120 seconds left.
|
|t:|1779821265
|switch|p2a: Ogerpon|Ogerpon-Wellspring, F|100/100
|turn|6
|
|t:|1779821274
|switch|p1a: Dragapult|Dragapult, M|100/100
|move|p2a: Ogerpon|Substitute|p2a: Ogerpon
|-start|p2a: Ogerpon|Substitute
|-damage|p2a: Ogerpon|76/100
|
|upkeep
|turn|7
|
|t:|1779821282
|-terastallize|p1a: Dragapult|Dragon
|move|p1a: Dragapult|Draco Meteor|p2a: Ogerpon
|-damage|p2a: Ogerpon|0 fnt
|-unboost|p1a: Dragapult|spa|2
|faint|p2a: Ogerpon
|
|upkeep
|
|t:|1779821292
|switch|p2a: Muk|Muk-Alola, M|100/100
|turn|8
|
|t:|1779821297
|switch|p1a: Tornadus|Tornadus-Therian, M|100/100 tox
|move|p2a: Muk|Curse|p2a: Muk
|-unboost|p2a: Muk|spe|1
|-boost|p2a: Muk|atk|1
|-boost|p2a: Muk|def|1
|
|-damage|p1a: Tornadus|94/100 tox|[from] psn
|upkeep
|turn|9
|inactive|pap3ra has 120 seconds left.
|
|t:|1779821314
|move|p1a: Tornadus|Taunt|p2a: Muk
|-start|p2a: Muk|move: Taunt
|cant|p2a: Muk|move: Taunt|Curse
|
|-damage|p1a: Tornadus|82/100 tox|[from] psn
|upkeep
|turn|10
|inactive|pap3ra has 120 seconds left.
|
|t:|1779821324
|move|p1a: Tornadus|Knock Off|p2a: Muk
|-resisted|p2a: Muk
|-damage|p2a: Muk|94/100
|-enditem|p2a: Muk|Leftovers|[from] move: Knock Off|[of] p1a: Tornadus
|move|p2a: Muk|Knock Off|p1a: Tornadus
|-damage|p1a: Tornadus|9/100 tox
|-enditem|p1a: Tornadus|Heavy-Duty Boots|[from] move: Knock Off|[of] p2a: Muk
|
|-damage|p1a: Tornadus|0 fnt|[from] psn
|faint|p1a: Tornadus
|upkeep
|
|t:|1779821342
|switch|p1a: Dragapult|Dragapult, M, tera:Dragon|100/100
|turn|11
|
|t:|1779821348
|switch|p2a: Fezandipiti|Fezandipiti, M|58/100
|move|p1a: Dragapult|Draco Meteor|p2a: Fezandipiti
|-immune|p2a: Fezandipiti
|
|upkeep
|turn|12
|
|t:|1779821361
|switch|p1a: Up Bowl On Em|Ting-Lu|100/100
|-ability|p1a: Up Bowl On Em|Vessel of Ruin
|move|p2a: Fezandipiti|Play Rough|p1a: Up Bowl On Em
|-supereffective|p1a: Up Bowl On Em
|-damage|p1a: Up Bowl On Em|66/100
|-status|p1a: Up Bowl On Em|tox|[from] ability: Toxic Chain|[of] p2a: Fezandipiti
|
|-heal|p1a: Up Bowl On Em|72/100 tox|[from] item: Leftovers
|-damage|p1a: Up Bowl On Em|66/100 tox|[from] psn
|upkeep
|turn|13
|
|t:|1779821375
|switch|p1a: Dragapult|Dragapult, M, tera:Dragon|100/100
|move|p2a: Fezandipiti|U-turn|p1a: Dragapult
|-damage|p1a: Dragapult|77/100
|
|t:|1779821387
|switch|p2a: Skarmory|Skarmory, M|100/100|[from] U-turn
|
|upkeep
|turn|14
|
|t:|1779821395
|switch|p1a: Entei|Entei|22/100 tox
|switch|p2a: Fezandipiti|Fezandipiti, M|58/100
|
|-damage|p1a: Entei|16/100 tox|[from] psn
|upkeep
|turn|15
|
|t:|1779821405
|switch|p2a: Skarmory|Skarmory, M|100/100
|move|p1a: Entei|Sacred Fire|p2a: Skarmory
|-supereffective|p2a: Skarmory
|-damage|p2a: Skarmory|42/100
|-status|p2a: Skarmory|brn
|
|-damage|p1a: Entei|3/100 tox|[from] psn
|-damage|p2a: Skarmory|36/100 brn|[from] brn
|upkeep
|turn|16
|
|t:|1779821422
|move|p1a: Entei|Sacred Fire|p2a: Skarmory
|-supereffective|p2a: Skarmory
|-damage|p2a: Skarmory|0 fnt
|faint|p2a: Skarmory
|
|-damage|p1a: Entei|0 fnt|[from] psn
|faint|p1a: Entei
|upkeep
|inactive|pap3ra has 120 seconds left.
|
|t:|1779821439
|switch|p1a: Kyurem|Kyurem|100/100
|switch|p2a: Great Tusk|Great Tusk|100/100
|-ability|p1a: Kyurem|Pressure
|turn|17
|inactive|pap3ra has 120 seconds left.
|
|t:|1779821453
|move|p1a: Kyurem|Freeze-Dry|p2a: Great Tusk
|-supereffective|p2a: Great Tusk
|-damage|p2a: Great Tusk|17/100
|move|p2a: Great Tusk|Close Combat|p1a: Kyurem
|-supereffective|p1a: Kyurem
|-damage|p1a: Kyurem|0 fnt
|-unboost|p2a: Great Tusk|def|1
|-unboost|p2a: Great Tusk|spd|1
|faint|p1a: Kyurem
|
|upkeep
|
|t:|1779821466
|switch|p1a: Great Tusk|Great Tusk|100/100
|-enditem|p1a: Great Tusk|Booster Energy
|-activate|p1a: Great Tusk|ability: Protosynthesis|[fromitem]
|-start|p1a: Great Tusk|protosynthesisatk
|turn|18
|
|t:|1779821473
|move|p2a: Great Tusk|Ice Spinner|p1a: Great Tusk
|-supereffective|p1a: Great Tusk
|-damage|p1a: Great Tusk|61/100
|move|p1a: Great Tusk|Rapid Spin|p2a: Great Tusk
|-crit|p2a: Great Tusk
|-damage|p2a: Great Tusk|0 fnt
|-boost|p1a: Great Tusk|spe|1
|faint|p2a: Great Tusk
|-end|p2a: Great Tusk|Protosynthesis|[silent]
|
|upkeep
|inactive|pap3ra has 120 seconds left.
|
|t:|1779821497
|switch|p2a: Muk|Muk-Alola, M|94/100
|turn|19
|inactive|pap3ra has 120 seconds left.
|
|t:|1779821507
|-terastallize|p2a: Muk|Flying
|move|p1a: Great Tusk|Headlong Rush|p2a: Muk
|-immune|p2a: Muk
|move|p2a: Muk|Curse|p2a: Muk
|-unboost|p2a: Muk|spe|1
|-boost|p2a: Muk|atk|1
|-boost|p2a: Muk|def|1
|
|upkeep
|turn|20
|inactive|pap3ra has 120 seconds left.
|
|t:|1779821522
|move|p1a: Great Tusk|Ice Spinner|p2a: Muk
|-supereffective|p2a: Muk
|-damage|p2a: Muk|38/100
|move|p2a: Muk|Drain Punch|p1a: Great Tusk
|-damage|p1a: Great Tusk|33/100
|-heal|p2a: Muk|51/100|[from] drain|[of] p1a: Great Tusk
|
|upkeep
|turn|21
|inactive|pap3ra has 120 seconds left.
|
|t:|1779821539
|move|p2a: Muk|Shadow Sneak|p1a: Great Tusk
|-damage|p1a: Great Tusk|18/100
|move|p1a: Great Tusk|Ice Spinner|p2a: Muk
|-supereffective|p2a: Muk
|-damage|p2a: Muk|0 fnt
|faint|p2a: Muk
|
|upkeep
|-message|pap3ra forfeited.
|
|win|a19a19
|raw|a19a19's rating: 1386 &rarr; <strong>1405</strong><br />(+19 for winning)
|raw|pap3ra's rating: 1375 &rarr; <strong>1356</strong><br />(-19 for losing)
|l|☆pap3ra
|player|p2|
|l|☆a19a19
|player|p1|
