|j|☆B-Nut17
|j|☆pikmin_men200
|t:|1779814881
|gametype|singles
|player|p1|B-Nut17|dawn|1259
|player|p2|pikmin_men200|101|1252
|gen|9
|tier|[Gen 9] OU
|rated|
|rule|HP Percentage Mod: HP is shown in percentages
|rule|Endless Battle Clause: Forcing endless battles is banned
|rule|Species Clause: Limit one of each Pokémon
|rule|OHKO Clause: OHKO moves are banned
|rule|Evasion Items Clause: Evasion items are banned
|rule|Evasion Moves Clause: Evasion moves are banned
|rule|Evasion Abilities Clause: Evasion abilities are banned
|rule|Sleep Moves Clause: Sleep-inducing moves are banned
|clearpoke
|poke|p1|Slowking-Galar, F|
|poke|p1|Sinistcha|
|poke|p1|Ogerpon-Wellspring, F|
|poke|p1|Great Tusk|
|poke|p1|Enamorus, F|
|poke|p1|Gliscor, F|
|poke|p2|Gliscor, M|
|poke|p2|Chandelure, M|
|poke|p2|Infernape, M|
|poke|p2|Greninja-*, M|
|poke|p2|Minior-Violet|
|poke|p2|Goodra-Hisui, F|
|teampreview
|inactive|Battle timer is ON: inactive players will automatically lose when time's up. (requested by B-Nut17)
|
|t:|1779814897
|teamsize|p1|6
|teamsize|p2|6
|start
|switch|p1a: Gliscor|Gliscor, F|100/100
|switch|p2a: Chandelure|Chandelure, M, shiny|100/100
|turn|1
|
|t:|1779814907
|move|p1a: Gliscor|Protect|p1a: Gliscor
|-singleturn|p1a: Gliscor|Protect
|move|p2a: Chandelure|Shadow Ball|p1a: Gliscor
|-activate|p1a: Gliscor|move: Protect
|
|-status|p1a: Gliscor|tox|[from] item: Toxic Orb
|upkeep
|turn|2
|
|t:|1779814910
|move|p2a: Chandelure|Shadow Ball|p1a: Gliscor
|-damage|p1a: Gliscor|64/100 tox
|move|p1a: Gliscor|Knock Off|p2a: Chandelure
|-supereffective|p2a: Chandelure
|-damage|p2a: Chandelure|42/100
|-enditem|p2a: Chandelure|Choice Scarf|[from] move: Knock Off|[of] p1a: Gliscor
|
|-heal|p1a: Gliscor|76/100 tox|[from] ability: Poison Heal
|upkeep
|turn|3
|
|t:|1779814927
|switch|p2a: Goodra|Goodra-Hisui, F|100/100
|move|p1a: Gliscor|Earthquake|p2a: Goodra
|-supereffective|p2a: Goodra
|-damage|p2a: Goodra|59/100
|
|-heal|p2a: Goodra|65/100|[from] item: Leftovers
|-heal|p1a: Gliscor|89/100 tox|[from] ability: Poison Heal
|upkeep
|turn|4
|
|t:|1779814933
|move|p1a: Gliscor|Knock Off|p2a: Goodra
|-damage|p2a: Goodra|50/100
|-ability|p2a: Goodra|Gooey
|-unboost|p1a: Gliscor|spe|1
|-enditem|p2a: Goodra|Leftovers|[from] move: Knock Off|[of] p1a: Gliscor
|move|p2a: Goodra|Acid Armor|p2a: Goodra
|-boost|p2a: Goodra|def|2
|
|-heal|p1a: Gliscor|100/100 tox|[from] ability: Poison Heal
|upkeep
|turn|5
|
|t:|1779814941
|move|p2a: Goodra|Acid Armor|p2a: Goodra
|-boost|p2a: Goodra|def|2
|move|p1a: Gliscor|Spikes|p2a: Goodra
|-sidestart|p2: pikmin_men200|Spikes
|
|upkeep
|turn|6
|
|t:|1779814944
|move|p2a: Goodra|Acid Armor|p2a: Goodra
|-boost|p2a: Goodra|def|2
|move|p1a: Gliscor|Spikes|p2a: Goodra
|-sidestart|p2: pikmin_men200|Spikes
|
|upkeep
|turn|7
|
|t:|1779814949
|move|p2a: Goodra|Body Press|p1a: Gliscor
|-resisted|p1a: Gliscor
|-damage|p1a: Gliscor|60/100 tox
|move|p1a: Gliscor|Spikes|p2a: Goodra
|-sidestart|p2: pikmin_men200|Spikes
|
|-heal|p1a: Gliscor|73/100 tox|[from] ability: Poison Heal
|upkeep
|turn|8
|
|t:|1779814955
|move|p2a: Goodra|Draco Meteor|p1a: Gliscor
|-damage|p1a: Gliscor|28/100 tox
|-unboost|p2a: Goodra|spa|2
|move|p1a: Gliscor|Earthquake|p2a: Goodra
|-supereffective|p2a: Goodra
|-damage|p2a: Goodra|37/100
|
|-heal|p1a: Gliscor|40/100 tox|[from] ability: Poison Heal
|upkeep
|turn|9
|
|t:|1779814962
|move|p2a: Goodra|Body Press|p1a: Gliscor
|-resisted|p1a: Gliscor
|-damage|p1a: Gliscor|0 fnt
|faint|p1a: Gliscor
|
|upkeep
|
|t:|1779814965
|switch|p1a: Enamorus|Enamorus, F|100/100
|turn|10
|
|t:|1779814971
|move|p1a: Enamorus|Earth Power|p2a: Goodra
|-supereffective|p2a: Goodra
|-damage|p2a: Goodra|0 fnt
|faint|p2a: Goodra
|
|upkeep
|
|t:|1779814976
|switch|p2a: Gliscor|Gliscor, M|100/100
|turn|11
|
|t:|1779814981
|switch|p1a: Ogerpon|Ogerpon-Wellspring, F|100/100
|move|p2a: Gliscor|Agility|p2a: Gliscor
|-boost|p2a: Gliscor|spe|2
|
|-status|p2a: Gliscor|tox|[from] item: Toxic Orb
|upkeep
|turn|12
|
|t:|1779814985
|-terastallize|p2a: Gliscor|Water
|move|p2a: Gliscor|Swords Dance|p2a: Gliscor
|-boost|p2a: Gliscor|atk|2
|move|p1a: Ogerpon|Ivy Cudgel|p2a: Gliscor|[anim] Ivy Cudgel Water
|-resisted|p2a: Gliscor
|-damage|p2a: Gliscor|75/100 tox
|
|-heal|p2a: Gliscor|87/100 tox|[from] ability: Poison Heal
|upkeep
|turn|13
|
|t:|1779814990
|move|p2a: Gliscor|Knock Off|p1a: Ogerpon
|-damage|p1a: Ogerpon|49/100
|move|p1a: Ogerpon|Horn Leech|p2a: Gliscor
|-supereffective|p2a: Gliscor
|-damage|p2a: Gliscor|11/100 tox
|-heal|p1a: Ogerpon|90/100|[from] drain|[of] p2a: Gliscor
|
|-heal|p2a: Gliscor|24/100 tox|[from] ability: Poison Heal
|upkeep
|turn|14
|
|t:|1779815000
|move|p2a: Gliscor|Earthquake|p1a: Ogerpon
|-resisted|p1a: Ogerpon
|-damage|p1a: Ogerpon|26/100
|move|p1a: Ogerpon|Horn Leech|p2a: Gliscor
|-supereffective|p2a: Gliscor
|-damage|p2a: Gliscor|0 fnt
|-heal|p1a: Ogerpon|39/100|[from] drain|[of] p2a: Gliscor
|faint|p2a: Gliscor
|
|upkeep
|
|t:|1779815009
|switch|p2a: Greninja|Greninja, M|100/100
|-damage|p2a: Greninja|76/100|[from] Spikes
|turn|15
|
|t:|1779815015
|switch|p1a: Slowking|Slowking-Galar, F|100/100
|move|p2a: Greninja|Ice Beam|p1a: Slowking
|-damage|p1a: Slowking|78/100
|
|upkeep
|turn|16
|
|t:|1779815021
|move|p2a: Greninja|Ice Beam|p1a: Slowking
|-damage|p1a: Slowking|56/100
|move|p1a: Slowking|Thunder Wave|p2a: Greninja
|-status|p2a: Greninja|par
|
|upkeep
|turn|17
|
|t:|1779815025
|move|p2a: Greninja|Ice Beam|p1a: Slowking
|-damage|p1a: Slowking|31/100
|-prepare|p1a: Slowking|Chilly Reception|[premajor]
|move|p1a: Slowking|Chilly Reception|p1a: Slowking
|-weather|Snowscape
|
|t:|1779815029
|switch|p1a: Enamorus|Enamorus, F|100/100|[from] Chilly Reception
|
|-weather|Snowscape|[upkeep]
|upkeep
|turn|18
|
|t:|1779815031
|move|p1a: Enamorus|Moonblast|p2a: Greninja
|-supereffective|p2a: Greninja
|-damage|p2a: Greninja|0 fnt
|faint|p2a: Greninja
|
|-weather|Snowscape|[upkeep]
|upkeep
|
|t:|1779815035
|switch|p2a: Minior|Minior-Violet, shiny|100/100
|-formechange|p2a: Minior|Minior-Meteor||[from] ability: Shields Down
|turn|19
|
|t:|1779815040
|move|p1a: Enamorus|Moonblast|p2a: Minior
|-damage|p2a: Minior|39/100
|move|p2a: Minior|Shell Smash|p2a: Minior
|-unboost|p2a: Minior|def|1
|-unboost|p2a: Minior|spd|1
|-boost|p2a: Minior|atk|2
|-boost|p2a: Minior|spa|2
|-boost|p2a: Minior|spe|2
|-enditem|p2a: Minior|White Herb
|-clearnegativeboost|p2a: Minior|[silent]
|
|-weather|Snowscape|[upkeep]
|-formechange|p2a: Minior|Minior-Violet||[from] ability: Shields Down
|upkeep
|turn|20
|
|t:|1779815044
|move|p2a: Minior|Acrobatics|p1a: Enamorus
|-damage|p1a: Enamorus|0 fnt
|faint|p1a: Enamorus
|
|-weather|Snowscape|[upkeep]
|upkeep
|
|t:|1779815049
|switch|p1a: Great Tusk|Great Tusk|100/100
|turn|21
|
|t:|1779815058
|-terastallize|p1a: Great Tusk|Steel
|move|p2a: Minior|Acrobatics|p1a: Great Tusk
|-resisted|p1a: Great Tusk
|-damage|p1a: Great Tusk|72/100
|move|p1a: Great Tusk|Ice Spinner|p2a: Minior
|-supereffective|p2a: Minior
|-damage|p2a: Minior|0 fnt
|faint|p2a: Minior
|
|-weather|none
|-heal|p1a: Great Tusk|78/100|[from] item: Leftovers
|upkeep
|
|t:|1779815069
|switch|p2a: Infernape|Infernape, M|100/100
|-damage|p2a: Infernape|76/100|[from] Spikes
|turn|22
|
|t:|1779815080
|move|p2a: Infernape|Flare Blitz|p1a: Great Tusk
|-supereffective|p1a: Great Tusk
|-damage|p1a: Great Tusk|10/100
|-damage|p2a: Infernape|42/100|[from] Recoil
|move|p1a: Great Tusk|Close Combat|p2a: Infernape
|-damage|p2a: Infernape|0 fnt
|-unboost|p1a: Great Tusk|def|1
|-unboost|p1a: Great Tusk|spd|1
|faint|p2a: Infernape
|
|-heal|p1a: Great Tusk|17/100|[from] item: Leftovers
|upkeep
|
|t:|1779815082
|switch|p2a: Chandelure|Chandelure, M, shiny|42/100
|-damage|p2a: Chandelure|17/100|[from] Spikes
|turn|23
|
|t:|1779815086
|move|p1a: Great Tusk|Ice Spinner|p2a: Chandelure
|-resisted|p2a: Chandelure
|-damage|p2a: Chandelure|0 fnt
|faint|p2a: Chandelure
|
|win|B-Nut17
|raw|B-Nut17's rating: 1259 &rarr; <strong>1283</strong><br />(+24 for winning)
|raw|pikmin_men200's rating: 1252 &rarr; <strong>1228</strong><br />(-24 for losing)
|l|☆pikmin_men200
|player|p2|
|l|☆B-Nut17
|player|p1|
