|j|☆Vkjoggers
|j|☆Chinatownz
|t:|1779909943
|gametype|singles
|player|p1|Vkjoggers|102|1221
|player|p2|Chinatownz|fisherman-gen4|1196
|gen|9
|tier|[Gen 9] OU
|rated|
|rule|HP Percentage Mod: HP is shown in percentages
|rule|Endless Battle Clause: Forcing endless battles is banned
|rule|Species Clause: Limit one of each Pokémon
|rule|OHKO Clause: OHKO moves are banned
|rule|Evasion Items Clause: Evasion items are banned
|rule|Evasion Moves Clause: Evasion moves are banned
|rule|Evasion Abilities Clause: Evasion abilities are banned
|rule|Sleep Moves Clause: Sleep-inducing moves are banned
|clearpoke
|poke|p1|Tatsugiri-Droopy, M|
|poke|p1|Goodra-Hisui, F|
|poke|p1|Swampert, F|
|poke|p1|Dragonite, M|
|poke|p1|Alomomola, F|
|poke|p1|Skeledirge, F|
|poke|p2|Indeedee, M|
|poke|p2|Gyarados, M|
|poke|p2|Gholdengo|
|poke|p2|Okidogi, M|
|poke|p2|Azelf|
|poke|p2|Great Tusk|
|teampreview
|inactive|Battle timer is ON: inactive players will automatically lose when time's up. (requested by Vkjoggers)
|
|t:|1779909969
|teamsize|p1|6
|teamsize|p2|6
|start
|switch|p1a: Tatsugiri|Tatsugiri-Droopy, M, shiny|100/100
|switch|p2a: Indeedee|Indeedee, M|100/100
|-fieldstart|move: Psychic Terrain|[from] ability: Psychic Surge|[of] p2a: Indeedee
|turn|1
|
|t:|1779909972
|switch|p1a: Goodra|Goodra-Hisui, F|100/100
|move|p2a: Indeedee|Expanding Force|p1a: Goodra
|-resisted|p1a: Goodra
|-damage|p1a: Goodra|77/100
|
|upkeep
|turn|2
|
|t:|1779909979
|switch|p2a: Okidogi|Okidogi, M|100/100
|move|p1a: Goodra|Dragon Tail|p2a: Okidogi
|-damage|p2a: Okidogi|85/100
|drag|p2a: Gyarados|Gyarados, M|100/100
|
|upkeep
|turn|3
|
|t:|1779909990
|switch|p1a: Swampert|Swampert, F|100/100
|move|p2a: Gyarados|Earthquake|p1a: Swampert
|-damage|p1a: Swampert|77/100
|
|-heal|p1a: Swampert|83/100|[from] item: Leftovers
|upkeep
|turn|4
|
|t:|1779909997
|switch|p2a: Gholdengo|Gholdengo|100/100
|-item|p2a: Gholdengo|Air Balloon
|move|p1a: Swampert|Stealth Rock|p2a: Gholdengo
|-sidestart|p2: Chinatownz|move: Stealth Rock
|
|-heal|p1a: Swampert|90/100|[from] item: Leftovers
|upkeep
|turn|5
|
|t:|1779910003
|move|p2a: Gholdengo|Shadow Ball|p1a: Swampert
|-damage|p1a: Swampert|52/100
|move|p1a: Swampert|Knock Off|p2a: Gholdengo
|-supereffective|p2a: Gholdengo
|-damage|p2a: Gholdengo|48/100
|-enditem|p2a: Gholdengo|Air Balloon
|
|-heal|p1a: Swampert|58/100|[from] item: Leftovers
|-fieldend|move: Psychic Terrain
|upkeep
|turn|6
|
|t:|1779910012
|move|p2a: Gholdengo|Shadow Ball|p1a: Swampert
|-damage|p1a: Swampert|22/100
|move|p1a: Swampert|Flip Turn|p2a: Gholdengo
|-damage|p2a: Gholdengo|10/100
|
|t:|1779910017
|switch|p1a: Alomomola|Alomomola, F|100/100|[from] Flip Turn
|
|upkeep
|turn|7
|
|t:|1779910020
|move|p2a: Gholdengo|Recover|p2a: Gholdengo
|-heal|p2a: Gholdengo|60/100
|move|p1a: Alomomola|Wish|p1a: Alomomola
|
|upkeep
|turn|8
|
|t:|1779910023
|move|p2a: Gholdengo|Recover|p2a: Gholdengo
|-heal|p2a: Gholdengo|100/100
|move|p1a: Alomomola|Flip Turn|p2a: Gholdengo
|-damage|p2a: Gholdengo|80/100
|
|t:|1779910026
|switch|p1a: Swampert|Swampert, F|22/100|[from] Flip Turn
|
|-heal|p1a: Swampert|88/100|[from] move: Wish|[wisher] Alomomola
|-heal|p1a: Swampert|94/100|[from] item: Leftovers
|upkeep
|turn|9
|
|t:|1779910036
|move|p2a: Gholdengo|Nasty Plot|p2a: Gholdengo
|-boost|p2a: Gholdengo|spa|2
|move|p1a: Swampert|Earthquake|p2a: Gholdengo
|-supereffective|p2a: Gholdengo
|-damage|p2a: Gholdengo|0 fnt
|faint|p2a: Gholdengo
|
|-heal|p1a: Swampert|99/100|[from] item: Leftovers
|upkeep
|
|t:|1779910044
|switch|p2a: Gyarados|Gyarados, M|100/100
|-damage|p2a: Gyarados|76/100|[from] Stealth Rock
|turn|10
|
|t:|1779910050
|move|p2a: Gyarados|Dragon Dance|p2a: Gyarados
|-boost|p2a: Gyarados|atk|1
|-boost|p2a: Gyarados|spe|1
|move|p1a: Swampert|Knock Off|p2a: Gyarados
|-damage|p2a: Gyarados|45/100
|-enditem|p2a: Gyarados|Sitrus Berry|[from] move: Knock Off|[of] p1a: Swampert
|
|-heal|p1a: Swampert|100/100|[from] item: Leftovers
|upkeep
|turn|11
|
|t:|1779910054
|move|p2a: Gyarados|Waterfall|p1a: Swampert
|-damage|p1a: Swampert|59/100
|cant|p1a: Swampert|flinch
|
|-heal|p1a: Swampert|65/100|[from] item: Leftovers
|upkeep
|turn|12
|
|t:|1779910063
|switch|p1a: Tatsugiri|Tatsugiri-Droopy, M, shiny|100/100
|-terastallize|p2a: Gyarados|Water
|move|p2a: Gyarados|Waterfall|p1a: Tatsugiri
|-ability|p1a: Tatsugiri|Storm Drain|boost
|-boost|p1a: Tatsugiri|spa|1
|
|upkeep
|turn|13
|
|t:|1779910079
|move|p2a: Gyarados|Crunch|p1a: Tatsugiri
|-damage|p1a: Tatsugiri|12/100
|move|p1a: Tatsugiri|Rapid Spin|p2a: Gyarados
|-damage|p2a: Gyarados|37/100
|-boost|p1a: Tatsugiri|spe|1
|
|upkeep
|turn|14
|
|t:|1779910089
|move|p1a: Tatsugiri|Surf|p2a: Gyarados
|-resisted|p2a: Gyarados
|-damage|p2a: Gyarados|4/100
|move|p2a: Gyarados|Crunch|p1a: Tatsugiri
|-damage|p1a: Tatsugiri|0 fnt
|faint|p1a: Tatsugiri
|-ability|p2a: Gyarados|Moxie|boost
|-boost|p2a: Gyarados|atk|1
|
|upkeep
|
|t:|1779910097
|switch|p1a: Dragonite|Dragonite, M|100/100
|turn|15
|
|t:|1779910099
|switch|p2a: Great Tusk|Great Tusk|100/100
|-damage|p2a: Great Tusk|98/100|[from] Stealth Rock
|move|p1a: Dragonite|Extreme Speed|p2a: Great Tusk
|-crit|p2a: Great Tusk
|-damage|p2a: Great Tusk|61/100
|-damage|p1a: Dragonite|84/100|[from] item: Rocky Helmet|[of] p2a: Great Tusk
|
|upkeep
|turn|16
|
|t:|1779910102
|switch|p1a: Skeledirge|Skeledirge, F|100/100
|move|p2a: Great Tusk|Rapid Spin|p1a: Skeledirge
|-immune|p1a: Skeledirge
|
|upkeep
|turn|17
|
|t:|1779910112
|-terastallize|p1a: Skeledirge|Fairy
|move|p2a: Great Tusk|Knock Off|p1a: Skeledirge
|-resisted|p1a: Skeledirge
|-damage|p1a: Skeledirge|86/100
|-enditem|p1a: Skeledirge|Heavy-Duty Boots|[from] move: Knock Off|[of] p2a: Great Tusk
|move|p1a: Skeledirge|Will-O-Wisp|p2a: Great Tusk
|-status|p2a: Great Tusk|brn
|
|-damage|p2a: Great Tusk|55/100 brn|[from] brn
|upkeep
|turn|18
|
|t:|1779910122
|-end|p2a: Great Tusk|Protosynthesis|[silent]
|switch|p2a: Indeedee|Indeedee, M|100/100
|-damage|p2a: Indeedee|88/100|[from] Stealth Rock
|-fieldstart|move: Psychic Terrain|[from] ability: Psychic Surge|[of] p2a: Indeedee
|move|p1a: Skeledirge|Torch Song|p2a: Indeedee
|-damage|p2a: Indeedee|50/100
|-boost|p1a: Skeledirge|spa|1
|
|upkeep
|turn|19
|
|t:|1779910128
|switch|p1a: Goodra|Goodra-Hisui, F|77/100
|move|p2a: Indeedee|Expanding Force|p1a: Goodra
|-resisted|p1a: Goodra
|-damage|p1a: Goodra|53/100
|
|upkeep
|turn|20
|
|t:|1779910133
|switch|p2a: Great Tusk|Great Tusk|55/100 brn
|-damage|p2a: Great Tusk|52/100 brn|[from] Stealth Rock
|move|p1a: Goodra|Dragon Tail|p2a: Great Tusk
|-damage|p2a: Great Tusk|36/100 brn
|-damage|p1a: Goodra|37/100|[from] item: Rocky Helmet|[of] p2a: Great Tusk
|-end|p2a: Great Tusk|Protosynthesis|[silent]
|drag|p2a: Indeedee|Indeedee, M|50/100
|-damage|p2a: Indeedee|38/100|[from] Stealth Rock
|
|upkeep
|turn|21
|
|t:|1779910143
|move|p2a: Indeedee|Healing Wish|p2a: Indeedee
|faint|p2a: Indeedee
|move|p1a: Goodra|Earthquake|p2: Indeedee|[notarget]
|-fail|p1a: Goodra
|
|upkeep
|
|t:|1779910148
|switch|p2a: Azelf|Azelf|100/100
|-damage|p2a: Azelf|88/100|[from] Stealth Rock
|turn|22
|
|t:|1779910155
|move|p2a: Azelf|Encore|p1a: Goodra
|-start|p1a: Goodra|Encore
|move|p1a: Goodra|Earthquake|p2a: Azelf
|-immune|p2a: Azelf|[from] ability: Levitate
|
|-fieldend|move: Psychic Terrain
|upkeep
|turn|23
|
|t:|1779910165
|switch|p1a: Alomomola|Alomomola, F|100/100
|move|p2a: Azelf|Mystical Power|p1a: Alomomola
|-damage|p1a: Alomomola|51/100
|-boost|p2a: Azelf|spa|1
|
|upkeep
|turn|24
|
|t:|1779910177
|switch|p1a: Skeledirge|Skeledirge, F, tera:Fairy|86/100
|move|p2a: Azelf|Mystical Power|p1a: Skeledirge
|-damage|p1a: Skeledirge|52/100
|-boost|p2a: Azelf|spa|1
|
|upkeep
|turn|25
|
|t:|1779910190
|move|p2a: Azelf|Shadow Ball|p1a: Skeledirge
|-damage|p1a: Skeledirge|34/100
|move|p1a: Skeledirge|Torch Song|p2a: Azelf
|-damage|p2a: Azelf|44/100
|-boost|p1a: Skeledirge|spa|1
|
|upkeep
|turn|26
|
|t:|1779910198
|move|p2a: Azelf|Mystical Power|p1a: Skeledirge
|-damage|p1a: Skeledirge|1/100
|-boost|p2a: Azelf|spa|1
|move|p1a: Skeledirge|Torch Song|p2a: Azelf
|-damage|p2a: Azelf|0 fnt
|-boost|p1a: Skeledirge|spa|1
|faint|p2a: Azelf
|
|upkeep
|-message|Chinatownz forfeited.
|
|win|Vkjoggers
|raw|Vkjoggers's rating: 1221 &rarr; <strong>1244</strong><br />(+23 for winning)
|raw|Chinatownz's rating: 1196 &rarr; <strong>1173</strong><br />(-23 for losing)
|l|☆Chinatownz
|player|p2|
|l|☆Vkjoggers
|player|p1|
