|j|☆Nahzal
|j|☆aanszo
|t:|1779947456
|gametype|singles
|player|p1|Nahzal|emmet|1070
|player|p2|aanszo|102|1100
|gen|9
|tier|[Gen 9] OU
|rated|
|rule|HP Percentage Mod: HP is shown in percentages
|rule|Endless Battle Clause: Forcing endless battles is banned
|rule|Species Clause: Limit one of each Pokémon
|rule|OHKO Clause: OHKO moves are banned
|rule|Evasion Items Clause: Evasion items are banned
|rule|Evasion Moves Clause: Evasion moves are banned
|rule|Evasion Abilities Clause: Evasion abilities are banned
|rule|Sleep Moves Clause: Sleep-inducing moves are banned
|clearpoke
|poke|p1|Hoopa-Unbound|
|poke|p1|Dragapult, M|
|poke|p1|Great Tusk|
|poke|p1|Skeledirge, M|
|poke|p1|Cobalion|
|poke|p1|Samurott-Hisui, F|
|poke|p2|Enamorus-Therian, F|
|poke|p2|Ting-Lu|
|poke|p2|Excadrill, F|
|poke|p2|Tyranitar, F|
|poke|p2|Kyurem|
|poke|p2|Kingambit, F|
|teampreview
|
|t:|1779947464
|teamsize|p1|6
|teamsize|p2|6
|start
|switch|p1a: Great Tusk|Great Tusk|100/100
|switch|p2a: Ting-Lu|Ting-Lu|100/100
|-ability|p2a: Ting-Lu|Vessel of Ruin
|-enditem|p1a: Great Tusk|Booster Energy
|-activate|p1a: Great Tusk|ability: Protosynthesis|[fromitem]
|-start|p1a: Great Tusk|protosynthesisatk
|turn|1
|
|t:|1779947484
|move|p1a: Great Tusk|Body Press|p2a: Ting-Lu
|-supereffective|p2a: Ting-Lu
|-damage|p2a: Ting-Lu|65/100
|-damage|p1a: Great Tusk|84/100|[from] item: Rocky Helmet|[of] p2a: Ting-Lu
|move|p2a: Ting-Lu|Stealth Rock|p1a: Great Tusk
|-sidestart|p1: Nahzal|move: Stealth Rock
|
|upkeep
|turn|2
|
|t:|1779947492
|switch|p2a: Enamorus|Enamorus-Therian, F|100/100
|move|p1a: Great Tusk|Ice Spinner|p2a: Enamorus
|-supereffective|p2a: Enamorus
|-damage|p2a: Enamorus|16/100
|
|-heal|p2a: Enamorus|22/100|[from] item: Leftovers
|upkeep
|turn|3
|
|t:|1779947505
|move|p1a: Great Tusk|Ice Spinner|p2a: Enamorus
|-supereffective|p2a: Enamorus
|-damage|p2a: Enamorus|0 fnt
|faint|p2a: Enamorus
|
|upkeep
|
|t:|1779947509
|switch|p2a: Tyranitar|Tyranitar, F|100/100
|-weather|Sandstorm|[from] ability: Sand Stream|[of] p2a: Tyranitar
|turn|4
|
|t:|1779947518
|move|p1a: Great Tusk|Body Press|p2a: Tyranitar
|-supereffective|p2a: Tyranitar
|-enditem|p2a: Tyranitar|Chople Berry|[eat]
|-enditem|p2a: Tyranitar|Chople Berry|[weaken]
|-damage|p2a: Tyranitar|30/100
|move|p2a: Tyranitar|Earthquake|p1a: Great Tusk
|-damage|p1a: Great Tusk|53/100
|
|-weather|Sandstorm|[upkeep]
|upkeep
|turn|5
|inactive|Battle timer is ON: inactive players will automatically lose when time's up. (requested by aanszo)
|
|t:|1779947528
|move|p1a: Great Tusk|Body Press|p2a: Tyranitar
|-supereffective|p2a: Tyranitar
|-damage|p2a: Tyranitar|0 fnt
|faint|p2a: Tyranitar
|
|-weather|Sandstorm|[upkeep]
|upkeep
|
|t:|1779947537
|switch|p2a: Excadrill|Excadrill, F|100/100
|turn|6
|
|t:|1779947545
|move|p2a: Excadrill|Earthquake|p1a: Great Tusk
|-damage|p1a: Great Tusk|10/100
|move|p1a: Great Tusk|Earthquake|p2a: Excadrill
|-supereffective|p2a: Excadrill
|-enditem|p2a: Excadrill|Focus Sash
|-damage|p2a: Excadrill|1/100
|
|-weather|Sandstorm|[upkeep]
|upkeep
|turn|7
|
|t:|1779947560
|move|p2a: Excadrill|Earthquake|p1a: Great Tusk
|-damage|p1a: Great Tusk|0 fnt
|faint|p1a: Great Tusk
|-end|p1a: Great Tusk|Protosynthesis|[silent]
|
|-weather|Sandstorm|[upkeep]
|upkeep
|
|t:|1779947568
|switch|p1a: Skeledirge|Skeledirge, M|100/100
|-damage|p1a: Skeledirge|76/100|[from] Stealth Rock
|turn|8
|
|t:|1779947575
|move|p2a: Excadrill|Earthquake|p1a: Skeledirge
|-supereffective|p1a: Skeledirge
|-damage|p1a: Skeledirge|0 fnt
|faint|p1a: Skeledirge
|
|-weather|none
|upkeep
|
|t:|1779947584
|switch|p1a: Cobalion|Cobalion|100/100
|-damage|p1a: Cobalion|97/100|[from] Stealth Rock
|turn|9
|
|t:|1779947591
|move|p1a: Cobalion|Aura Sphere|p2a: Excadrill
|-supereffective|p2a: Excadrill
|-damage|p2a: Excadrill|0 fnt
|faint|p2a: Excadrill
|
|upkeep
|
|t:|1779947597
|switch|p2a: Ting-Lu|Ting-Lu|65/100
|-ability|p2a: Ting-Lu|Vessel of Ruin
|turn|10
|
|t:|1779947602
|move|p1a: Cobalion|Aura Sphere|p2a: Ting-Lu
|-supereffective|p2a: Ting-Lu
|-damage|p2a: Ting-Lu|34/100
|move|p2a: Ting-Lu|Spikes|p1a: Cobalion
|-sidestart|p1: Nahzal|Spikes
|
|upkeep
|turn|11
|
|t:|1779947608
|move|p1a: Cobalion|Aura Sphere|p2a: Ting-Lu
|-supereffective|p2a: Ting-Lu
|-damage|p2a: Ting-Lu|3/100
|move|p2a: Ting-Lu|Spikes|p1a: Cobalion
|-sidestart|p1: Nahzal|Spikes
|
|upkeep
|turn|12
|
|t:|1779947615
|move|p1a: Cobalion|Aura Sphere|p2a: Ting-Lu
|-supereffective|p2a: Ting-Lu
|-damage|p2a: Ting-Lu|0 fnt
|faint|p2a: Ting-Lu
|
|upkeep
|
|t:|1779947619
|switch|p2a: Kyurem|Kyurem|100/100
|-ability|p2a: Kyurem|Pressure
|turn|13
|
|t:|1779947627
|move|p2a: Kyurem|Protect|p2a: Kyurem
|-singleturn|p2a: Kyurem|Protect
|move|p1a: Cobalion|Aura Sphere|p2a: Kyurem
|-activate|p2a: Kyurem|move: Protect
|
|upkeep
|turn|14
|
|t:|1779947647
|switch|p1a: Samurott|Samurott-Hisui, F|100/100
|-damage|p1a: Samurott|88/100|[from] Stealth Rock
|-damage|p1a: Samurott|72/100|[from] Spikes
|move|p2a: Kyurem|Substitute|p2a: Kyurem
|-start|p2a: Kyurem|Substitute
|-damage|p2a: Kyurem|76/100
|
|-heal|p2a: Kyurem|82/100|[from] item: Leftovers
|upkeep
|turn|15
|inactive|Nahzal has 120 seconds left.
|
|t:|1779947672
|move|p2a: Kyurem|Protect|p2a: Kyurem
|-singleturn|p2a: Kyurem|Protect
|move|p1a: Samurott|Brick Break|p2a: Kyurem
|-activate|p2a: Kyurem|move: Protect
|
|-heal|p2a: Kyurem|88/100|[from] item: Leftovers
|upkeep
|turn|16
|
|t:|1779947679
|move|p1a: Samurott|Brick Break|p2a: Kyurem
|-supereffective|p2a: Kyurem
|-end|p2a: Kyurem|Substitute
|move|p2a: Kyurem|Freeze-Dry|p1a: Samurott
|-supereffective|p1a: Samurott
|-damage|p1a: Samurott|0 fnt
|faint|p1a: Samurott
|
|-heal|p2a: Kyurem|94/100|[from] item: Leftovers
|upkeep
|inactive|Nahzal has 120 seconds left.
|
|t:|1779947690
|switch|p1a: Hoopa|Hoopa-Unbound|100/100
|-damage|p1a: Hoopa|88/100|[from] Stealth Rock
|-damage|p1a: Hoopa|72/100|[from] Spikes
|turn|17
|inactive|Nahzal has 120 seconds left.
|
|t:|1779947710
|move|p2a: Kyurem|Protect|p2a: Kyurem
|-singleturn|p2a: Kyurem|Protect
|move|p1a: Hoopa|Brick Break|p2a: Kyurem
|-activate|p2a: Kyurem|move: Protect
|
|-heal|p2a: Kyurem|99/100|[from] item: Leftovers
|upkeep
|turn|18
|inactive|Nahzal has 120 seconds left.
|
|t:|1779947724
|move|p2a: Kyurem|Substitute|p2a: Kyurem
|-start|p2a: Kyurem|Substitute
|-damage|p2a: Kyurem|75/100
|move|p1a: Hoopa|Hyperspace Fury|p2a: Kyurem
|-damage|p2a: Kyurem|32/100
|-unboost|p1a: Hoopa|def|1
|-item|p1a: Hoopa|Leftovers|[from] ability: Magician|[of] p2a: Kyurem
|
|-heal|p1a: Hoopa|78/100|[from] item: Leftovers
|upkeep
|turn|19
|inactive|Nahzal has 120 seconds left.
|
|t:|1779947735
|move|p2a: Kyurem|Freeze-Dry|p1a: Hoopa
|-damage|p1a: Hoopa|48/100
|move|p1a: Hoopa|Hyperspace Fury|p2a: Kyurem
|-damage|p2a: Kyurem|0 fnt
|-unboost|p1a: Hoopa|def|1
|faint|p2a: Kyurem
|
|-heal|p1a: Hoopa|54/100|[from] item: Leftovers
|upkeep
|-message|aanszo forfeited.
|
|win|Nahzal
|raw|Nahzal's rating: 1070 &rarr; <strong>1102</strong><br />(+32 for winning)
|raw|aanszo's rating: 1100 &rarr; <strong>1073</strong><br />(-27 for losing)
|l|☆aanszo
|player|p2|
|l|☆Nahzal
|player|p1|
