|j|☆taconohacko
|j|☆itstheboyjay
|t:|1779813393
|gametype|singles
|player|p1|taconohacko|170|1260
|player|p2|itstheboyjay|palmer|1241
|gen|9
|tier|[Gen 9] OU
|rated|
|rule|HP Percentage Mod: HP is shown in percentages
|rule|Endless Battle Clause: Forcing endless battles is banned
|rule|Species Clause: Limit one of each Pokémon
|rule|OHKO Clause: OHKO moves are banned
|rule|Evasion Items Clause: Evasion items are banned
|rule|Evasion Moves Clause: Evasion moves are banned
|rule|Evasion Abilities Clause: Evasion abilities are banned
|rule|Sleep Moves Clause: Sleep-inducing moves are banned
|clearpoke
|poke|p1|Blaziken, F|
|poke|p1|Decidueye-Hisui, M|
|poke|p1|Raging Bolt|
|poke|p1|Pelipper, M|
|poke|p1|Gholdengo|
|poke|p1|Avalugg-Hisui, M|
|poke|p2|Jolteon, M|
|poke|p2|Rhydon, F|
|poke|p2|Blastoise, F|
|poke|p2|Gengar, M|
|poke|p2|Arcanine, F|
|poke|p2|Exeggutor, M|
|teampreview
|
|t:|1779813406
|teamsize|p1|6
|teamsize|p2|6
|start
|switch|p1a: Pelipper|Pelipper, M|100/100
|switch|p2a: Jolteon|Jolteon, M|100/100
|-weather|RainDance|[from] ability: Drizzle|[of] p1a: Pelipper
|turn|1
|
|t:|1779813416
|move|p2a: Jolteon|Calm Mind|p2a: Jolteon
|-boost|p2a: Jolteon|spa|1
|-boost|p2a: Jolteon|spd|1
|move|p1a: Pelipper|U-turn|p2a: Jolteon
|-damage|p2a: Jolteon|85/100
|
|t:|1779813427
|switch|p1a: Blaziken|Blaziken, F|100/100|[from] U-turn
|
|-weather|RainDance|[upkeep]
|upkeep
|turn|2
|
|t:|1779813435
|move|p2a: Jolteon|Weather Ball|p1a: Blaziken
|-supereffective|p1a: Blaziken
|-enditem|p1a: Blaziken|Focus Sash
|-damage|p1a: Blaziken|1/100
|move|p1a: Blaziken|Earthquake|p2a: Jolteon
|-supereffective|p2a: Jolteon
|-damage|p2a: Jolteon|0 fnt
|faint|p2a: Jolteon
|
|-weather|RainDance|[upkeep]
|-ability|p1a: Blaziken|Speed Boost|boost
|-boost|p1a: Blaziken|spe|1
|upkeep
|
|t:|1779813448
|switch|p2a: Arcanine|Arcanine, F, shiny|100/100
|-ability|p2a: Arcanine|Intimidate|boost
|-unboost|p1a: Blaziken|atk|1
|turn|3
|
|t:|1779813454
|move|p2a: Arcanine|Extreme Speed|p1a: Blaziken
|-damage|p1a: Blaziken|0 fnt
|faint|p1a: Blaziken
|
|-weather|RainDance|[upkeep]
|upkeep
|
|t:|1779813460
|switch|p1a: Pelipper|Pelipper, M|100/100
|turn|4
|
|t:|1779813468
|switch|p2a: Blastoise|Blastoise, F, shiny|100/100
|move|p1a: Pelipper|Weather Ball|p2a: Blastoise
|-resisted|p2a: Blastoise
|-damage|p2a: Blastoise|71/100
|
|-weather|RainDance|[upkeep]
|upkeep
|turn|5
|
|t:|1779813479
|switch|p2a: Arcanine|Arcanine, F, shiny|100/100
|-ability|p2a: Arcanine|Intimidate|boost
|-unboost|p1a: Pelipper|atk|1
|move|p1a: Pelipper|Hurricane|p2a: Arcanine
|-damage|p2a: Arcanine|45/100
|
|-weather|none
|upkeep
|turn|6
|
|t:|1779813492
|move|p2a: Arcanine|Morning Sun|p2a: Arcanine
|-heal|p2a: Arcanine|95/100
|move|p1a: Pelipper|Hydro Pump|p2a: Arcanine|[miss]
|-miss|p1a: Pelipper|p2a: Arcanine
|
|upkeep
|turn|7
|
|t:|1779813506
|switch|p2a: Exeggutor|Exeggutor, M, shiny|100/100
|move|p1a: Pelipper|Hydro Pump|p2a: Exeggutor
|-resisted|p2a: Exeggutor
|-damage|p2a: Exeggutor|75/100
|
|upkeep
|turn|8
|
|t:|1779813514
|move|p1a: Pelipper|Hurricane|p2a: Exeggutor
|-supereffective|p2a: Exeggutor
|-damage|p2a: Exeggutor|0 fnt
|faint|p2a: Exeggutor
|
|upkeep
|
|t:|1779813520
|switch|p2a: Rhydon|Rhydon, F, shiny|100/100
|turn|9
|
|t:|1779813528
|move|p2a: Rhydon|Supercell Slam|p1a: Pelipper
|-supereffective|p1a: Pelipper
|-damage|p1a: Pelipper|0 fnt
|-damage|p2a: Rhydon|84/100|[from] item: Rocky Helmet|[of] p1a: Pelipper
|faint|p1a: Pelipper
|-damage|p2a: Rhydon|74/100|[from] item: Life Orb
|
|upkeep
|
|t:|1779813539
|switch|p1a: Decidueye|Decidueye-Hisui, M|100/100
|turn|10
|
|t:|1779813556
|switch|p2a: Arcanine|Arcanine, F, shiny|95/100
|-ability|p2a: Arcanine|Intimidate|boost
|-fail|p1a: Decidueye|unboost|Attack|[from] ability: Scrappy|[of] p1a: Decidueye
|-terastallize|p1a: Decidueye|Fighting
|move|p1a: Decidueye|Aura Sphere|p2a: Arcanine
|-damage|p2a: Arcanine|39/100
|
|upkeep
|turn|11
|
|t:|1779813567
|move|p2a: Arcanine|Will-O-Wisp|p1a: Decidueye
|-status|p1a: Decidueye|brn
|move|p1a: Decidueye|Aura Sphere|p2a: Arcanine
|-damage|p2a: Arcanine|0 fnt
|faint|p2a: Arcanine
|
|-damage|p1a: Decidueye|95/100 brn|[from] brn
|upkeep
|
|t:|1779813577
|switch|p2a: Gengar|Gengar, M, shiny|100/100
|turn|12
|
|t:|1779813584
|move|p2a: Gengar|Trick|p1a: Decidueye
|-activate|p2a: Gengar|move: Trick|[of] p1a: Decidueye
|-item|p1a: Decidueye|Choice Specs|[from] move: Trick
|-item|p2a: Gengar|Miracle Seed|[from] move: Trick
|move|p1a: Decidueye|Aura Sphere|p2a: Gengar
|-resisted|p2a: Gengar
|-damage|p2a: Gengar|37/100
|
|-damage|p1a: Decidueye|89/100 brn|[from] brn
|upkeep
|turn|13
|
|t:|1779813596
|move|p2a: Gengar|Shadow Ball|p1a: Decidueye
|-damage|p1a: Decidueye|46/100 brn
|-unboost|p1a: Decidueye|spd|1
|move|p1a: Decidueye|Aura Sphere|p2a: Gengar
|-resisted|p2a: Gengar
|-damage|p2a: Gengar|0 fnt
|faint|p2a: Gengar
|
|-damage|p1a: Decidueye|40/100 brn|[from] brn
|upkeep
|
|t:|1779813608
|switch|p2a: Blastoise|Blastoise, F, shiny|71/100
|turn|14
|
|t:|1779813614
|switch|p1a: Raging Bolt|Raging Bolt|100/100
|-enditem|p1a: Raging Bolt|Booster Energy
|-activate|p1a: Raging Bolt|ability: Protosynthesis|[fromitem]
|-start|p1a: Raging Bolt|protosynthesisspa
|move|p2a: Blastoise|Hydro Pump|p1a: Raging Bolt
|-resisted|p1a: Raging Bolt
|-damage|p1a: Raging Bolt|84/100
|
|upkeep
|turn|15
|
|t:|1779813624
|switch|p2a: Rhydon|Rhydon, F, shiny|74/100
|move|p1a: Raging Bolt|Draco Meteor|p2a: Rhydon
|-damage|p2a: Rhydon|0 fnt
|-unboost|p1a: Raging Bolt|spa|2
|faint|p2a: Rhydon
|
|upkeep
|-message|itstheboyjay forfeited.
|
|win|taconohacko
|raw|taconohacko's rating: 1260 &rarr; <strong>1284</strong><br />(+24 for winning)
|raw|itstheboyjay's rating: 1241 &rarr; <strong>1217</strong><br />(-24 for losing)
|l|☆itstheboyjay
|player|p2|
|l|☆taconohacko
|player|p1|
