|j|☆sanguchitoo
|j|☆xiuxxxxxx
|t:|1779877787
|gametype|singles
|player|p1|sanguchitoo|hilbert-wonderlauncher|1077
|player|p2|xiuxxxxxx|dragontamer|1147
|gen|9
|tier|[Gen 9] OU
|rated|
|rule|HP Percentage Mod: HP is shown in percentages
|rule|Endless Battle Clause: Forcing endless battles is banned
|rule|Species Clause: Limit one of each Pokémon
|rule|OHKO Clause: OHKO moves are banned
|rule|Evasion Items Clause: Evasion items are banned
|rule|Evasion Moves Clause: Evasion moves are banned
|rule|Evasion Abilities Clause: Evasion abilities are banned
|rule|Sleep Moves Clause: Sleep-inducing moves are banned
|clearpoke
|poke|p1|Minior-Orange|
|poke|p1|Araquanid, F|
|poke|p1|Revavroom, F|
|poke|p1|Exeggutor, F|
|poke|p1|Klefki, M|
|poke|p1|Oricorio-Pom-Pom, F|
|poke|p2|Iron Treads|
|poke|p2|Hatterene, F|
|poke|p2|Landorus-Therian, M|
|poke|p2|Ceruledge, M|
|poke|p2|Dragonite, M|
|poke|p2|Raging Bolt|
|teampreview
|inactive|Battle timer is ON: inactive players will automatically lose when time's up. (requested by sanguchitoo)
|c|☆sanguchitoo|glhf
|
|t:|1779877803
|teamsize|p1|6
|teamsize|p2|6
|start
|switch|p1a: Araquanid|Araquanid, F|100/100
|switch|p2a: Landorus|Landorus-Therian, M|100/100
|-ability|p2a: Landorus|Intimidate|boost
|-unboost|p1a: Araquanid|atk|1
|turn|1
|
|t:|1779877827
|move|p2a: Landorus|U-turn|p1a: Araquanid
|-damage|p1a: Araquanid|60/100
|
|t:|1779877836
|switch|p2a: Hatterene|Hatterene, F|100/100|[from] U-turn
|move|p1a: Araquanid|Liquidation|p2a: Hatterene
|-damage|p2a: Hatterene|52/100
|
|-heal|p1a: Araquanid|67/100|[from] item: Leftovers
|-heal|p2a: Hatterene|58/100|[from] item: Leftovers
|upkeep
|turn|2
|
|t:|1779877850
|move|p1a: Araquanid|Poison Jab|p2a: Hatterene
|-supereffective|p2a: Hatterene
|-damage|p2a: Hatterene|29/100
|move|p2a: Hatterene|Dazzling Gleam|p1a: Araquanid
|-damage|p1a: Araquanid|35/100
|
|-heal|p1a: Araquanid|41/100|[from] item: Leftovers
|-heal|p2a: Hatterene|35/100|[from] item: Leftovers
|upkeep
|turn|3
|
|t:|1779877861
|switch|p2a: Iron Treads|Iron Treads|100/100
|-enditem|p2a: Iron Treads|Booster Energy
|-activate|p2a: Iron Treads|ability: Quark Drive|[fromitem]
|-start|p2a: Iron Treads|quarkdrivespe
|move|p1a: Araquanid|Mirror Coat||[still]
|-fail|p1a: Araquanid
|
|-heal|p1a: Araquanid|47/100|[from] item: Leftovers
|upkeep
|turn|4
|
|t:|1779877872
|move|p2a: Iron Treads|Stealth Rock|p1a: Araquanid
|-sidestart|p1: sanguchitoo|move: Stealth Rock
|move|p1a: Araquanid|Liquidation|p2a: Iron Treads
|-supereffective|p2a: Iron Treads
|-damage|p2a: Iron Treads|31/100
|
|-heal|p1a: Araquanid|53/100|[from] item: Leftovers
|upkeep
|turn|5
|
|t:|1779877886
|move|p2a: Iron Treads|Ice Spinner|p1a: Araquanid
|-resisted|p1a: Araquanid
|-damage|p1a: Araquanid|40/100
|move|p1a: Araquanid|Liquidation|p2a: Iron Treads
|-supereffective|p2a: Iron Treads
|-damage|p2a: Iron Treads|0 fnt
|faint|p2a: Iron Treads
|-end|p2a: Iron Treads|Quark Drive|[silent]
|
|-heal|p1a: Araquanid|46/100|[from] item: Leftovers
|upkeep
|
|t:|1779877894
|switch|p2a: Raging Bolt|Raging Bolt|100/100
|turn|6
|
|t:|1779877903
|move|p2a: Raging Bolt|Thunderclap|p1a: Araquanid
|-supereffective|p1a: Araquanid
|-damage|p1a: Araquanid|0 fnt
|faint|p1a: Araquanid
|
|upkeep
|
|t:|1779877907
|switch|p1a: Revavroom|Revavroom, F|100/100
|turn|7
|
|t:|1779877917
|-end|p2a: Raging Bolt|Protosynthesis|[silent]
|switch|p2a: Hatterene|Hatterene, F|35/100
|move|p1a: Revavroom|Shift Gear|p1a: Revavroom
|-boost|p1a: Revavroom|spe|2
|-boost|p1a: Revavroom|atk|1
|
|-heal|p2a: Hatterene|41/100|[from] item: Leftovers
|upkeep
|turn|8
|
|t:|1779877926
|move|p1a: Revavroom|Poison Jab|p2a: Hatterene
|-supereffective|p2a: Hatterene
|-damage|p2a: Hatterene|0 fnt
|faint|p2a: Hatterene
|
|upkeep
|
|t:|1779877931
|switch|p2a: Dragonite|Dragonite, M|100/100
|turn|9
|
|t:|1779877937
|-terastallize|p1a: Revavroom|Ground
|move|p1a: Revavroom|Poison Jab|p2a: Dragonite
|-damage|p2a: Dragonite|77/100
|move|p2a: Dragonite|Dragon Tail|p1a: Revavroom
|-damage|p1a: Revavroom|71/100
|drag|p1a: Oricorio|Oricorio-Pom-Pom, F|100/100
|
|upkeep
|turn|10
|
|t:|1779877951
|move|p1a: Oricorio|Defog|p2a: Dragonite
|-unboost|p2a: Dragonite|evasion|1
|-sideend|p1: sanguchitoo|Stealth Rock|[from] move: Defog|[of] p1a: Oricorio
|move|p2a: Dragonite|Roost|p2a: Dragonite
|-heal|p2a: Dragonite|100/100
|-singleturn|p2a: Dragonite|move: Roost
|
|upkeep
|turn|11
|
|t:|1779877961
|move|p1a: Oricorio|Revelation Dance|p2a: Dragonite
|-damage|p2a: Dragonite|87/100
|move|p2a: Dragonite|Ice Beam|p1a: Oricorio
|-supereffective|p1a: Oricorio
|-damage|p1a: Oricorio|35/100
|
|upkeep
|turn|12
|
|t:|1779877969
|move|p1a: Oricorio|Roost|p1a: Oricorio
|-heal|p1a: Oricorio|85/100
|-singleturn|p1a: Oricorio|move: Roost
|move|p2a: Dragonite|Ice Beam|p1a: Oricorio
|-damage|p1a: Oricorio|53/100
|
|upkeep
|turn|13
|
|t:|1779877978
|switch|p1a: Klefki|Klefki, M|100/100
|move|p2a: Dragonite|Ice Beam|p1a: Klefki
|-resisted|p1a: Klefki
|-damage|p1a: Klefki|89/100
|
|upkeep
|turn|14
|
|t:|1779877992
|switch|p2a: Landorus|Landorus-Therian, M|100/100
|-ability|p2a: Landorus|Intimidate|boost
|-unboost|p1a: Klefki|atk|1
|move|p1a: Klefki|Calm Mind|p1a: Klefki
|-boost|p1a: Klefki|spa|1
|-boost|p1a: Klefki|spd|1
|
|upkeep
|turn|15
|
|t:|1779878005
|move|p2a: Landorus|Earthquake|p1a: Klefki
|-supereffective|p1a: Klefki
|-damage|p1a: Klefki|0 fnt
|faint|p1a: Klefki
|
|upkeep
|
|t:|1779878012
|switch|p1a: Revavroom|Revavroom, F, tera:Ground|71/100
|turn|16
|
|t:|1779878020
|move|p2a: Landorus|Earthquake|p1a: Revavroom
|-damage|p1a: Revavroom|0 fnt
|faint|p1a: Revavroom
|
|upkeep
|
|t:|1779878027
|switch|p1a: Minior|Minior-Orange|100/100
|-formechange|p1a: Minior|Minior-Meteor||[from] ability: Shields Down
|turn|17
|
|t:|1779878037
|switch|p2a: Dragonite|Dragonite, M|87/100
|move|p1a: Minior|Shell Smash|p1a: Minior
|-unboost|p1a: Minior|def|1
|-unboost|p1a: Minior|spd|1
|-boost|p1a: Minior|atk|2
|-boost|p1a: Minior|spa|2
|-boost|p1a: Minior|spe|2
|
|upkeep
|turn|18
|
|t:|1779878052
|move|p1a: Minior|Dazzling Gleam|p2a: Dragonite
|-supereffective|p2a: Dragonite
|-damage|p2a: Dragonite|30/100
|move|p2a: Dragonite|Dragon Tail|p1a: Minior|[miss]
|-miss|p2a: Dragonite|p1a: Minior
|
|upkeep
|turn|19
|
|t:|1779878062
|move|p1a: Minior|Dazzling Gleam|p2a: Dragonite
|-supereffective|p2a: Dragonite
|-damage|p2a: Dragonite|0 fnt
|faint|p2a: Dragonite
|
|upkeep
|
|t:|1779878067
|switch|p2a: Raging Bolt|Raging Bolt|100/100
|turn|20
|
|t:|1779878073
|-terastallize|p2a: Raging Bolt|Electric
|move|p2a: Raging Bolt|Thunderclap|p1a: Minior
|-supereffective|p1a: Minior
|-damage|p1a: Minior|0 fnt
|faint|p1a: Minior
|
|upkeep
|
|t:|1779878079
|switch|p1a: Exeggutor|Exeggutor, F|100/100
|turn|21
|
|t:|1779878088
|-end|p2a: Raging Bolt|Protosynthesis|[silent]
|switch|p2a: Landorus|Landorus-Therian, M|100/100
|-ability|p2a: Landorus|Intimidate|boost
|-unboost|p1a: Exeggutor|atk|1
|move|p1a: Exeggutor|Calm Mind|p1a: Exeggutor
|-boost|p1a: Exeggutor|spa|1
|-boost|p1a: Exeggutor|spd|1
|
|upkeep
|turn|22
|
|t:|1779878097
|move|p2a: Landorus|Crunch|p1a: Exeggutor
|-supereffective|p1a: Exeggutor
|-damage|p1a: Exeggutor|9/100
|-enditem|p1a: Exeggutor|Sitrus Berry|[eat]
|-heal|p1a: Exeggutor|34/100|[from] item: Sitrus Berry
|move|p1a: Exeggutor|Calm Mind|p1a: Exeggutor
|-boost|p1a: Exeggutor|spa|1
|-boost|p1a: Exeggutor|spd|1
|
|-item|p1a: Exeggutor|Sitrus Berry|[from] ability: Harvest
|upkeep
|-enditem|p1a: Exeggutor|Sitrus Berry|[eat]
|-heal|p1a: Exeggutor|59/100|[from] item: Sitrus Berry
|turn|23
|
|t:|1779878111
|move|p2a: Landorus|Crunch|p1a: Exeggutor
|-supereffective|p1a: Exeggutor
|-damage|p1a: Exeggutor|0 fnt
|faint|p1a: Exeggutor
|
|upkeep
|
|t:|1779878113
|switch|p1a: Oricorio|Oricorio-Pom-Pom, F|53/100
|turn|24
|
|t:|1779878117
|move|p1a: Oricorio|Roost|p1a: Oricorio
|-heal|p1a: Oricorio|100/100
|-singleturn|p1a: Oricorio|move: Roost
|move|p2a: Landorus|Crunch|p1a: Oricorio
|-damage|p1a: Oricorio|34/100
|
|upkeep
|turn|25
|
|t:|1779878125
|move|p1a: Oricorio|Roost|p1a: Oricorio
|-heal|p1a: Oricorio|84/100
|-singleturn|p1a: Oricorio|move: Roost
|move|p2a: Landorus|Crunch|p1a: Oricorio
|-damage|p1a: Oricorio|11/100
|
|upkeep
|turn|26
|
|t:|1779878132
|move|p1a: Oricorio|Roost|p1a: Oricorio
|-heal|p1a: Oricorio|61/100
|-singleturn|p1a: Oricorio|move: Roost
|move|p2a: Landorus|Crunch|p1a: Oricorio
|-damage|p1a: Oricorio|0 fnt
|faint|p1a: Oricorio
|
|win|xiuxxxxxx
|raw|sanguchitoo's rating: 1077 &rarr; <strong>1060</strong><br />(-17 for losing)
|raw|xiuxxxxxx's rating: 1147 &rarr; <strong>1167</strong><br />(+20 for winning)
|c|☆sanguchitoo|gg
|l|☆sanguchitoo
|player|p1|
