|j|☆roshisbeard
|j|☆FrostyWingz
|t:|1779907460
|gametype|singles
|player|p1|roshisbeard|bruno|1234
|player|p2|FrostyWingz|265|1311
|gen|9
|tier|[Gen 9] OU
|rated|
|rule|HP Percentage Mod: HP is shown in percentages
|rule|Endless Battle Clause: Forcing endless battles is banned
|rule|Species Clause: Limit one of each Pokémon
|rule|OHKO Clause: OHKO moves are banned
|rule|Evasion Items Clause: Evasion items are banned
|rule|Evasion Moves Clause: Evasion moves are banned
|rule|Evasion Abilities Clause: Evasion abilities are banned
|rule|Sleep Moves Clause: Sleep-inducing moves are banned
|clearpoke
|poke|p1|Garganacl, M|
|poke|p1|Gliscor, F|
|poke|p1|Dondozo, M|
|poke|p1|Great Tusk|
|poke|p1|Zamazenta-*|
|poke|p1|Hatterene, F|
|poke|p2|Lycanroc-Dusk, F|
|poke|p2|Primarina, M|
|poke|p2|Kommo-o, F|
|poke|p2|Vileplume, M|
|poke|p2|Golurk|
|poke|p2|Regieleki|
|teampreview
|inactive|Battle timer is ON: inactive players will automatically lose when time's up. (requested by FrostyWingz)
|
|t:|1779907483
|teamsize|p1|6
|teamsize|p2|6
|start
|switch|p1a: Garganacl|Garganacl, M, shiny|100/100
|switch|p2a: Primarina|Primarina, M|100/100
|turn|1
|
|t:|1779907490
|-terastallize|p1a: Garganacl|Ghost
|move|p2a: Primarina|Calm Mind|p2a: Primarina
|-boost|p2a: Primarina|spa|1
|-boost|p2a: Primarina|spd|1
|move|p1a: Garganacl|Salt Cure|p2a: Primarina
|-damage|p2a: Primarina|86/100
|-start|p2a: Primarina|Salt Cure
|
|-heal|p2a: Primarina|92/100|[from] item: Leftovers
|-damage|p2a: Primarina|67/100|[from] Salt Cure
|upkeep
|turn|2
|
|t:|1779907500
|move|p2a: Primarina|Moonblast|p1a: Garganacl
|-damage|p1a: Garganacl|61/100
|move|p1a: Garganacl|Stealth Rock|p2a: Primarina
|-sidestart|p2: FrostyWingz|move: Stealth Rock
|
|-heal|p2a: Primarina|74/100|[from] item: Leftovers
|-heal|p1a: Garganacl|67/100|[from] item: Leftovers
|-damage|p2a: Primarina|49/100|[from] Salt Cure
|upkeep
|turn|3
|
|t:|1779907512
|move|p2a: Primarina|Moonblast|p1a: Garganacl
|-damage|p1a: Garganacl|27/100
|-unboost|p1a: Garganacl|spa|1
|move|p1a: Garganacl|Salt Cure|p2a: Primarina
|-damage|p2a: Primarina|32/100
|
|-heal|p2a: Primarina|38/100|[from] item: Leftovers
|-heal|p1a: Garganacl|34/100|[from] item: Leftovers
|-damage|p2a: Primarina|13/100|[from] Salt Cure
|upkeep
|turn|4
|
|t:|1779907523
|move|p1a: Garganacl|Protect|p1a: Garganacl
|-singleturn|p1a: Garganacl|Protect
|move|p2a: Primarina|Moonblast|p1a: Garganacl
|-activate|p1a: Garganacl|move: Protect
|
|-heal|p2a: Primarina|19/100|[from] item: Leftovers
|-heal|p1a: Garganacl|40/100|[from] item: Leftovers
|-damage|p2a: Primarina|0 fnt|[from] Salt Cure
|faint|p2a: Primarina
|upkeep
|
|t:|1779907526
|switch|p2a: Regieleki|Regieleki|100/100
|-damage|p2a: Regieleki|88/100|[from] Stealth Rock
|turn|5
|
|t:|1779907554
|switch|p1a: Gliscor|Gliscor, F|100/100
|move|p2a: Regieleki|Thunder Cage|p1a: Gliscor
|-immune|p1a: Gliscor
|
|-status|p1a: Gliscor|tox|[from] item: Toxic Orb
|upkeep
|turn|6
|
|t:|1779907563
|move|p2a: Regieleki|Rapid Spin|p1a: Gliscor
|-damage|p1a: Gliscor|92/100 tox
|-boost|p2a: Regieleki|spe|1
|-sideend|p2: FrostyWingz|Stealth Rock|[from] move: Rapid Spin|[of] p2a: Regieleki
|move|p1a: Gliscor|Toxic|p2a: Regieleki
|-status|p2a: Regieleki|tox
|
|-damage|p2a: Regieleki|82/100 tox|[from] psn
|-heal|p1a: Gliscor|100/100 tox|[from] ability: Poison Heal
|upkeep
|turn|7
|
|t:|1779907572
|switch|p2a: Vileplume|Vileplume, M|100/100
|move|p1a: Gliscor|Knock Off|p2a: Vileplume
|-crit|p2a: Vileplume
|-damage|p2a: Vileplume|64/100
|-enditem|p2a: Vileplume|Leftovers|[from] move: Knock Off|[of] p1a: Gliscor
|
|upkeep
|turn|8
|
|t:|1779907590
|move|p1a: Gliscor|Spikes|p2a: Vileplume
|-sidestart|p2: FrostyWingz|Spikes
|move|p2a: Vileplume|Leech Seed|p1a: Gliscor
|-start|p1a: Gliscor|move: Leech Seed
|
|-damage|p1a: Gliscor|88/100 tox|[from] Leech Seed|[of] p2a: Vileplume
|-heal|p2a: Vileplume|76/100|[silent]
|-heal|p1a: Gliscor|100/100 tox|[from] ability: Poison Heal
|upkeep
|turn|9
|
|t:|1779907605
|move|p1a: Gliscor|Knock Off|p2a: Vileplume
|-damage|p2a: Vileplume|61/100
|move|p2a: Vileplume|Sludge Bomb|p1a: Gliscor
|-resisted|p1a: Gliscor
|-crit|p1a: Gliscor
|-damage|p1a: Gliscor|78/100 tox
|
|-damage|p1a: Gliscor|65/100 tox|[from] Leech Seed|[of] p2a: Vileplume
|-heal|p2a: Vileplume|73/100|[silent]
|-heal|p1a: Gliscor|78/100 tox|[from] ability: Poison Heal
|upkeep
|turn|10
|inactive|roshisbeard has 120 seconds left.
|
|t:|1779907621
|switch|p1a: Hatterene|Hatterene, F|100/100
|move|p2a: Vileplume|Strength Sap|p1a: Hatterene
|move|p1a: Hatterene|Strength Sap|p2a: Vileplume|[from] ability: Magic Bounce
|-unboost|p2a: Vileplume|atk|1
|
|upkeep
|turn|11
|
|t:|1779907630
|move|p2a: Vileplume|Sludge Bomb|p1a: Hatterene
|-supereffective|p1a: Hatterene
|-damage|p1a: Hatterene|34/100
|-status|p1a: Hatterene|psn
|-enditem|p1a: Hatterene|Eject Button
|
|t:|1779907635
|switch|p1a: Garganacl|Garganacl, M, shiny, tera:Ghost|40/100
|
|-heal|p1a: Garganacl|46/100|[from] item: Leftovers
|upkeep
|turn|12
|
|t:|1779907647
|move|p2a: Vileplume|Strength Sap|p1a: Garganacl
|-unboost|p1a: Garganacl|atk|1
|-heal|p2a: Vileplume|100/100
|move|p1a: Garganacl|Recover|p1a: Garganacl
|-heal|p1a: Garganacl|96/100
|
|-heal|p1a: Garganacl|100/100|[from] item: Leftovers
|upkeep
|turn|13
|
|t:|1779907655
|switch|p2a: Lycanroc|Lycanroc-Dusk, F, shiny|100/100
|-damage|p2a: Lycanroc|88/100|[from] Spikes
|move|p1a: Garganacl|Salt Cure|p2a: Lycanroc
|-damage|p2a: Lycanroc|74/100
|-start|p2a: Lycanroc|Salt Cure
|
|-damage|p2a: Lycanroc|61/100|[from] Salt Cure
|upkeep
|turn|14
|inactive|roshisbeard has 120 seconds left.
|
|t:|1779907687
|move|p2a: Lycanroc|Stealth Rock|p1a: Garganacl
|-sidestart|p1: roshisbeard|move: Stealth Rock
|move|p1a: Garganacl|Stealth Rock|p2a: Lycanroc
|-sidestart|p2: FrostyWingz|move: Stealth Rock
|
|-damage|p2a: Lycanroc|49/100|[from] Salt Cure
|upkeep
|turn|15
|
|t:|1779907697
|switch|p2a: Regieleki|Regieleki|82/100 tox
|-damage|p2a: Regieleki|70/100 tox|[from] Spikes
|-damage|p2a: Regieleki|58/100 tox|[from] Stealth Rock
|move|p1a: Garganacl|Salt Cure|p2a: Regieleki
|-damage|p2a: Regieleki|39/100 tox
|-start|p2a: Regieleki|Salt Cure
|
|-damage|p2a: Regieleki|33/100 tox|[from] psn
|-damage|p2a: Regieleki|21/100 tox|[from] Salt Cure
|upkeep
|turn|16
|inactive|roshisbeard has 120 seconds left.
|
|t:|1779907715
|move|p2a: Regieleki|Thunder Cage|p1a: Garganacl|[miss]
|-miss|p2a: Regieleki|p1a: Garganacl
|move|p1a: Garganacl|Salt Cure|p2a: Regieleki
|-damage|p2a: Regieleki|2/100 tox
|
|-damage|p2a: Regieleki|0 fnt|[from] psn
|faint|p2a: Regieleki
|upkeep
|
|t:|1779907719
|switch|p2a: Golurk|Golurk|100/100
|-damage|p2a: Golurk|88/100|[from] Spikes
|-damage|p2a: Golurk|82/100|[from] Stealth Rock
|turn|17
|inactive|roshisbeard has 120 seconds left.
|
|t:|1779907728
|move|p2a: Golurk|Poltergeist|p1a: Garganacl
|-activate|p1a: Garganacl|move: Poltergeist|Leftovers
|-supereffective|p1a: Garganacl
|-crit|p1a: Garganacl
|-damage|p1a: Garganacl|23/100
|move|p1a: Garganacl|Salt Cure|p2a: Golurk
|-resisted|p2a: Golurk
|-damage|p2a: Golurk|75/100
|-start|p2a: Golurk|Salt Cure
|
|-heal|p1a: Garganacl|29/100|[from] item: Leftovers
|-damage|p2a: Golurk|63/100|[from] Salt Cure
|upkeep
|turn|18
|inactive|roshisbeard has 120 seconds left.
|
|t:|1779907740
|move|p1a: Garganacl|Protect|p1a: Garganacl
|-singleturn|p1a: Garganacl|Protect
|move|p2a: Golurk|Earthquake|p1a: Garganacl
|-activate|p1a: Garganacl|move: Protect
|
|-heal|p1a: Garganacl|36/100|[from] item: Leftovers
|-damage|p2a: Golurk|50/100|[from] Salt Cure
|upkeep
|turn|19
|inactive|roshisbeard has 120 seconds left.
|
|t:|1779907760
|switch|p1a: Gliscor|Gliscor, F|78/100 tox
|-damage|p1a: Gliscor|65/100 tox|[from] Stealth Rock
|move|p2a: Golurk|Ice Punch|p1a: Gliscor
|-supereffective|p1a: Gliscor
|-damage|p1a: Gliscor|0 fnt
|faint|p1a: Gliscor
|
|-damage|p2a: Golurk|38/100|[from] Salt Cure
|upkeep
|
|t:|1779907777
|switch|p1a: Great Tusk|Great Tusk|100/100
|-damage|p1a: Great Tusk|98/100|[from] Stealth Rock
|-enditem|p1a: Great Tusk|Booster Energy
|-activate|p1a: Great Tusk|ability: Protosynthesis|[fromitem]
|-start|p1a: Great Tusk|protosynthesisatk
|turn|20
|
|t:|1779907787
|move|p1a: Great Tusk|Ice Spinner|p2a: Golurk
|-supereffective|p2a: Golurk
|-damage|p2a: Golurk|0 fnt
|faint|p2a: Golurk
|
|upkeep
|
|t:|1779907797
|switch|p2a: Vileplume|Vileplume, M|100/100
|-damage|p2a: Vileplume|88/100|[from] Spikes
|-damage|p2a: Vileplume|76/100|[from] Stealth Rock
|turn|21
|
|t:|1779907802
|move|p1a: Great Tusk|Rapid Spin|p2a: Vileplume
|-damage|p2a: Vileplume|52/100
|-boost|p1a: Great Tusk|spe|1
|-status|p1a: Great Tusk|psn|[from] ability: Effect Spore|[of] p2a: Vileplume
|-sideend|p1: roshisbeard|Stealth Rock|[from] move: Rapid Spin|[of] p1a: Great Tusk
|move|p2a: Vileplume|Strength Sap|p1a: Great Tusk
|-unboost|p1a: Great Tusk|atk|1
|-heal|p2a: Vileplume|100/100
|
|-damage|p1a: Great Tusk|85/100 psn|[from] psn
|upkeep
|turn|22
|inactive|roshisbeard has 120 seconds left.
|
|t:|1779907814
|move|p1a: Great Tusk|Ice Spinner|p2a: Vileplume
|-supereffective|p2a: Vileplume
|-damage|p2a: Vileplume|45/100
|move|p2a: Vileplume|Leech Seed|p1a: Great Tusk
|-start|p1a: Great Tusk|move: Leech Seed
|
|-damage|p1a: Great Tusk|73/100 psn|[from] Leech Seed|[of] p2a: Vileplume
|-heal|p2a: Vileplume|58/100|[silent]
|-damage|p1a: Great Tusk|60/100 psn|[from] psn
|upkeep
|turn|23
|inactive|roshisbeard has 120 seconds left.
|
|t:|1779907823
|move|p1a: Great Tusk|Ice Spinner|p2a: Vileplume
|-supereffective|p2a: Vileplume
|-damage|p2a: Vileplume|7/100
|move|p2a: Vileplume|Strength Sap|p1a: Great Tusk
|-unboost|p1a: Great Tusk|atk|1
|-heal|p2a: Vileplume|75/100
|
|-damage|p1a: Great Tusk|48/100 psn|[from] Leech Seed|[of] p2a: Vileplume
|-heal|p2a: Vileplume|88/100|[silent]
|-damage|p1a: Great Tusk|36/100 psn|[from] psn
|upkeep
|turn|24
|inactive|roshisbeard has 120 seconds left.
|
|t:|1779907837
|move|p2a: Vileplume|Protect|p2a: Vileplume
|-singleturn|p2a: Vileplume|Protect
|move|p1a: Great Tusk|Ice Spinner|p2a: Vileplume
|-activate|p2a: Vileplume|move: Protect
|
|-damage|p1a: Great Tusk|23/100 psn|[from] Leech Seed|[of] p2a: Vileplume
|-heal|p2a: Vileplume|100/100|[silent]
|-damage|p1a: Great Tusk|11/100 psn|[from] psn
|upkeep
|turn|25
|
|t:|1779907846
|move|p1a: Great Tusk|Ice Spinner|p2a: Vileplume
|-supereffective|p2a: Vileplume
|-damage|p2a: Vileplume|56/100
|move|p2a: Vileplume|Strength Sap|p1a: Great Tusk
|-unboost|p1a: Great Tusk|atk|1
|-heal|p2a: Vileplume|100/100
|
|-damage|p1a: Great Tusk|0 fnt|[from] Leech Seed|[of] p2a: Vileplume
|faint|p1a: Great Tusk
|-end|p1a: Great Tusk|Protosynthesis|[silent]
|upkeep
|inactive|roshisbeard has 120 seconds left.
|
|t:|1779907858
|switch|p1a: Garganacl|Garganacl, M, shiny, tera:Ghost|36/100
|turn|26
|
|t:|1779907862
|move|p1a: Garganacl|Protect|p1a: Garganacl
|-singleturn|p1a: Garganacl|Protect
|move|p2a: Vileplume|Sludge Bomb|p1a: Garganacl
|-activate|p1a: Garganacl|move: Protect
|
|-heal|p1a: Garganacl|42/100|[from] item: Leftovers
|upkeep
|turn|27
|
|t:|1779907870
|move|p2a: Vileplume|Sludge Bomb|p1a: Garganacl
|-resisted|p1a: Garganacl
|-damage|p1a: Garganacl|31/100
|move|p1a: Garganacl|Recover|p1a: Garganacl
|-heal|p1a: Garganacl|81/100
|
|-heal|p1a: Garganacl|87/100|[from] item: Leftovers
|upkeep
|turn|28
|
|t:|1779907878
|move|p2a: Vileplume|Strength Sap|p1a: Garganacl
|-unboost|p1a: Garganacl|atk|1
|move|p1a: Garganacl|Salt Cure|p2a: Vileplume
|-damage|p2a: Vileplume|91/100
|-start|p2a: Vileplume|Salt Cure
|
|-heal|p1a: Garganacl|93/100|[from] item: Leftovers
|-damage|p2a: Vileplume|78/100|[from] Salt Cure
|upkeep
|turn|29
|
|t:|1779907890
|move|p1a: Garganacl|Protect|p1a: Garganacl
|-singleturn|p1a: Garganacl|Protect
|move|p2a: Vileplume|Strength Sap|p1a: Garganacl
|-activate|p1a: Garganacl|move: Protect
|
|-heal|p1a: Garganacl|99/100|[from] item: Leftovers
|-damage|p2a: Vileplume|66/100|[from] Salt Cure
|upkeep
|turn|30
|
|t:|1779907914
|switch|p1a: Dondozo|Dondozo, M|100/100
|move|p2a: Vileplume|Strength Sap|p1a: Dondozo
|-unboost|p1a: Dondozo|atk|1
|-heal|p2a: Vileplume|100/100
|
|-damage|p2a: Vileplume|88/100|[from] Salt Cure
|upkeep
|turn|31
|
|t:|1779907922
|move|p2a: Vileplume|Leech Seed|p1a: Dondozo
|-start|p1a: Dondozo|move: Leech Seed
|move|p1a: Dondozo|Avalanche|p2a: Vileplume
|-supereffective|p2a: Vileplume
|-crit|p2a: Vileplume
|-damage|p2a: Vileplume|46/100
|-status|p1a: Dondozo|psn|[from] ability: Effect Spore|[of] p2a: Vileplume
|
|-damage|p1a: Dondozo|88/100 psn|[from] Leech Seed|[of] p2a: Vileplume
|-heal|p2a: Vileplume|64/100|[silent]
|-damage|p1a: Dondozo|75/100 psn|[from] psn
|-damage|p2a: Vileplume|52/100|[from] Salt Cure
|upkeep
|turn|32
|
|t:|1779907934
|move|p2a: Vileplume|Strength Sap|p1a: Dondozo
|-unboost|p1a: Dondozo|atk|1
|-heal|p2a: Vileplume|96/100
|move|p1a: Dondozo|Avalanche|p2a: Vileplume
|-supereffective|p2a: Vileplume
|-damage|p2a: Vileplume|80/100
|
|-heal|p1a: Dondozo|82/100 psn|[from] item: Leftovers
|-damage|p1a: Dondozo|69/100 psn|[from] Leech Seed|[of] p2a: Vileplume
|-heal|p2a: Vileplume|97/100|[silent]
|-damage|p1a: Dondozo|57/100 psn|[from] psn
|-damage|p2a: Vileplume|85/100|[from] Salt Cure
|upkeep
|turn|33
|
|t:|1779907948
|move|p2a: Vileplume|Sludge Bomb|p1a: Dondozo
|-damage|p1a: Dondozo|26/100 psn
|move|p1a: Dondozo|Avalanche|p2a: Vileplume
|-supereffective|p2a: Vileplume
|-damage|p2a: Vileplume|54/100
|
|-heal|p1a: Dondozo|32/100 psn|[from] item: Leftovers
|-damage|p1a: Dondozo|20/100 psn|[from] Leech Seed|[of] p2a: Vileplume
|-heal|p2a: Vileplume|72/100|[silent]
|-damage|p1a: Dondozo|7/100 psn|[from] psn
|-damage|p2a: Vileplume|59/100|[from] Salt Cure
|upkeep
|turn|34
|
|t:|1779907959
|move|p2a: Vileplume|Strength Sap|p1a: Dondozo
|-unboost|p1a: Dondozo|atk|1
|-heal|p2a: Vileplume|93/100
|move|p1a: Dondozo|Rest|p1a: Dondozo
|-status|p1a: Dondozo|slp|[from] move: Rest
|-heal|p1a: Dondozo|100/100 slp|[silent]
|
|-damage|p1a: Dondozo|88/100 slp|[from] Leech Seed|[of] p2a: Vileplume
|-heal|p2a: Vileplume|100/100|[silent]
|-damage|p2a: Vileplume|88/100|[from] Salt Cure
|upkeep
|turn|35
|
|t:|1779907970
|switch|p2a: Lycanroc|Lycanroc-Dusk, F, shiny|49/100
|-damage|p2a: Lycanroc|37/100|[from] Spikes
|-damage|p2a: Lycanroc|24/100|[from] Stealth Rock
|cant|p1a: Dondozo|slp
|move|p1a: Dondozo|Sleep Talk|p1a: Dondozo
|move|p1a: Dondozo|Waterfall|p2a: Lycanroc|[from] move: Sleep Talk
|-supereffective|p2a: Lycanroc
|-damage|p2a: Lycanroc|0 fnt
|faint|p2a: Lycanroc
|
|-heal|p1a: Dondozo|94/100 slp|[from] item: Leftovers
|upkeep
|
|t:|1779907973
|switch|p2a: Kommo-o|Kommo-o, F|100/100
|-damage|p2a: Kommo-o|88/100|[from] Spikes
|-damage|p2a: Kommo-o|82/100|[from] Stealth Rock
|turn|36
|
|t:|1779907989
|-terastallize|p2a: Kommo-o|Steel
|move|p2a: Kommo-o|Clangorous Soul|p2a: Kommo-o
|-boost|p2a: Kommo-o|atk|1
|-boost|p2a: Kommo-o|def|1
|-boost|p2a: Kommo-o|spa|1
|-boost|p2a: Kommo-o|spd|1
|-boost|p2a: Kommo-o|spe|1
|-damage|p2a: Kommo-o|49/100
|cant|p1a: Dondozo|slp
|move|p1a: Dondozo|Sleep Talk|p1a: Dondozo
|move|p1a: Dondozo|Rest||[from] move: Sleep Talk|[still]
|-fail|p1a: Dondozo
|
|-heal|p2a: Kommo-o|55/100|[from] item: Leftovers
|-heal|p1a: Dondozo|99/100 slp|[from] item: Leftovers
|-damage|p1a: Dondozo|88/100 slp|[from] Leech Seed|[of] p2a: Kommo-o
|-heal|p2a: Kommo-o|77/100|[silent]
|upkeep
|turn|37
|
|t:|1779908006
|move|p2a: Kommo-o|Body Press|p1a: Dondozo
|-damage|p1a: Dondozo|70/100 slp
|-curestatus|p1a: Dondozo|slp|[msg]
|move|p1a: Dondozo|Sleep Talk||[still]
|-fail|p1a: Dondozo
|
|-heal|p2a: Kommo-o|83/100|[from] item: Leftovers
|-heal|p1a: Dondozo|76/100|[from] item: Leftovers
|-damage|p1a: Dondozo|64/100|[from] Leech Seed|[of] p2a: Kommo-o
|-heal|p2a: Kommo-o|100/100|[silent]
|upkeep
|turn|38
|
|t:|1779908017
|move|p2a: Kommo-o|Clangorous Soul|p2a: Kommo-o
|-boost|p2a: Kommo-o|atk|1
|-boost|p2a: Kommo-o|def|1
|-boost|p2a: Kommo-o|spa|1
|-boost|p2a: Kommo-o|spd|1
|-boost|p2a: Kommo-o|spe|1
|-damage|p2a: Kommo-o|68/100
|move|p1a: Dondozo|Waterfall|p2a: Kommo-o
|-damage|p2a: Kommo-o|58/100
|
|-heal|p2a: Kommo-o|64/100|[from] item: Leftovers
|-heal|p1a: Dondozo|70/100|[from] item: Leftovers
|-damage|p1a: Dondozo|57/100|[from] Leech Seed|[of] p2a: Kommo-o
|-heal|p2a: Kommo-o|86/100|[silent]
|upkeep
|turn|39
|
|t:|1779908036
|switch|p1a: Hatterene|Hatterene, F|34/100 psn
|move|p2a: Kommo-o|Clangorous Soul|p2a: Kommo-o
|-boost|p2a: Kommo-o|atk|1
|-boost|p2a: Kommo-o|def|1
|-boost|p2a: Kommo-o|spa|1
|-boost|p2a: Kommo-o|spd|1
|-boost|p2a: Kommo-o|spe|1
|-damage|p2a: Kommo-o|53/100
|
|-heal|p2a: Kommo-o|59/100|[from] item: Leftovers
|-damage|p1a: Hatterene|22/100 psn|[from] psn
|upkeep
|turn|40
|inactive|roshisbeard has 120 seconds left.
|
|t:|1779908052
|move|p2a: Kommo-o|Iron Head|p1a: Hatterene
|-supereffective|p1a: Hatterene
|-damage|p1a: Hatterene|0 fnt
|faint|p1a: Hatterene
|
|-heal|p2a: Kommo-o|65/100|[from] item: Leftovers
|upkeep
|inactive|roshisbeard has 120 seconds left.
|
|t:|1779908064
|switch|p1a: Zamazenta|Zamazenta|100/100
|-ability|p1a: Zamazenta|Dauntless Shield|boost
|-boost|p1a: Zamazenta|def|1
|turn|41
|inactive|roshisbeard has 120 seconds left.
|
|t:|1779908071
|move|p2a: Kommo-o|Body Press|p1a: Zamazenta
|-damage|p1a: Zamazenta|58/100
|move|p1a: Zamazenta|Roar|p2a: Kommo-o
|-immune|p2a: Kommo-o|[from] ability: Soundproof
|
|-heal|p2a: Kommo-o|72/100|[from] item: Leftovers
|-heal|p1a: Zamazenta|64/100|[from] item: Leftovers
|upkeep
|turn|42
|
|t:|1779908079
|move|p2a: Kommo-o|Outrage|p1a: Zamazenta
|-damage|p1a: Zamazenta|0 fnt
|faint|p1a: Zamazenta
|
|-heal|p2a: Kommo-o|78/100|[from] item: Leftovers
|upkeep
|
|t:|1779908085
|switch|p1a: Garganacl|Garganacl, M, shiny, tera:Ghost|99/100
|turn|43
|
|t:|1779908092
|move|p2a: Kommo-o|Outrage|p1a: Garganacl|[from] lockedmove
|-damage|p1a: Garganacl|14/100
|move|p1a: Garganacl|Salt Cure|p2a: Kommo-o
|-resisted|p2a: Kommo-o
|-damage|p2a: Kommo-o|76/100
|-start|p2a: Kommo-o|Salt Cure
|
|-heal|p2a: Kommo-o|82/100|[from] item: Leftovers
|-heal|p1a: Garganacl|20/100|[from] item: Leftovers
|-damage|p2a: Kommo-o|57/100|[from] Salt Cure
|upkeep
|turn|44
|
|t:|1779908104
|move|p1a: Garganacl|Protect|p1a: Garganacl
|-singleturn|p1a: Garganacl|Protect
|move|p2a: Kommo-o|Outrage|p1a: Garganacl|[from] lockedmove
|-activate|p1a: Garganacl|move: Protect
|-start|p2a: Kommo-o|confusion|[fatigue]
|
|-heal|p2a: Kommo-o|63/100|[from] item: Leftovers
|-heal|p1a: Garganacl|26/100|[from] item: Leftovers
|-damage|p2a: Kommo-o|39/100|[from] Salt Cure
|upkeep
|turn|45
|
|t:|1779908117
|-activate|p2a: Kommo-o|confusion
|move|p2a: Kommo-o|Outrage|p1a: Garganacl
|-damage|p1a: Garganacl|0 fnt
|faint|p1a: Garganacl
|
|-heal|p2a: Kommo-o|45/100|[from] item: Leftovers
|-damage|p2a: Kommo-o|20/100|[from] Salt Cure
|upkeep
|
|t:|1779908125
|switch|p1a: Dondozo|Dondozo, M|57/100
|turn|46
|
|t:|1779908135
|-activate|p2a: Kommo-o|confusion
|-damage|p2a: Kommo-o|11/100|[from] confusion
|move|p1a: Dondozo|Rest|p1a: Dondozo
|-status|p1a: Dondozo|slp|[from] move: Rest
|-heal|p1a: Dondozo|100/100 slp|[silent]
|
|-heal|p2a: Kommo-o|17/100|[from] item: Leftovers
|-damage|p2a: Kommo-o|0 fnt|[from] Salt Cure
|faint|p2a: Kommo-o
|upkeep
|
|t:|1779908137
|switch|p2a: Vileplume|Vileplume, M|88/100
|-damage|p2a: Vileplume|76/100|[from] Spikes
|-damage|p2a: Vileplume|63/100|[from] Stealth Rock
|turn|47
|
|t:|1779908148
|move|p2a: Vileplume|Leech Seed|p1a: Dondozo
|-start|p1a: Dondozo|move: Leech Seed
|cant|p1a: Dondozo|slp
|move|p1a: Dondozo|Sleep Talk|p1a: Dondozo
|move|p1a: Dondozo|Avalanche|p2a: Vileplume|[from] move: Sleep Talk
|-supereffective|p2a: Vileplume
|-damage|p2a: Vileplume|31/100
|
|-damage|p1a: Dondozo|88/100 slp|[from] Leech Seed|[of] p2a: Vileplume
|-heal|p2a: Vileplume|49/100|[silent]
|upkeep
|turn|48
|
|t:|1779908162
|move|p2a: Vileplume|Protect|p2a: Vileplume
|-singleturn|p2a: Vileplume|Protect
|cant|p1a: Dondozo|slp
|move|p1a: Dondozo|Sleep Talk|p1a: Dondozo
|move|p1a: Dondozo|Avalanche|p2a: Vileplume|[from] move: Sleep Talk
|-activate|p2a: Vileplume|move: Protect
|
|-heal|p1a: Dondozo|94/100 slp|[from] item: Leftovers
|-damage|p1a: Dondozo|82/100 slp|[from] Leech Seed|[of] p2a: Vileplume
|-heal|p2a: Vileplume|67/100|[silent]
|upkeep
|turn|49
|
|t:|1779908172
|move|p2a: Vileplume|Strength Sap|p1a: Dondozo
|-unboost|p1a: Dondozo|atk|1
|-heal|p2a: Vileplume|100/100
|-curestatus|p1a: Dondozo|slp|[msg]
|move|p1a: Dondozo|Sleep Talk||[still]
|-fail|p1a: Dondozo
|
|-heal|p1a: Dondozo|88/100|[from] item: Leftovers
|-damage|p1a: Dondozo|75/100|[from] Leech Seed|[of] p2a: Vileplume
|upkeep
|turn|50
|
|t:|1779908185
|move|p2a: Vileplume|Sludge Bomb|p1a: Dondozo
|-damage|p1a: Dondozo|43/100
|move|p1a: Dondozo|Avalanche|p2a: Vileplume
|-supereffective|p2a: Vileplume
|-damage|p2a: Vileplume|61/100
|
|-heal|p1a: Dondozo|49/100|[from] item: Leftovers
|-damage|p1a: Dondozo|37/100|[from] Leech Seed|[of] p2a: Vileplume
|-heal|p2a: Vileplume|79/100|[silent]
|upkeep
|turn|51
|
|t:|1779908194
|move|p2a: Vileplume|Protect|p2a: Vileplume
|-singleturn|p2a: Vileplume|Protect
|move|p1a: Dondozo|Rest|p1a: Dondozo
|-status|p1a: Dondozo|slp|[from] move: Rest
|-heal|p1a: Dondozo|100/100 slp|[silent]
|
|-damage|p1a: Dondozo|88/100 slp|[from] Leech Seed|[of] p2a: Vileplume
|-heal|p2a: Vileplume|97/100|[silent]
|upkeep
|turn|52
|
|t:|1779908207
|move|p2a: Vileplume|Sludge Bomb|p1a: Dondozo
|-damage|p1a: Dondozo|55/100 slp
|cant|p1a: Dondozo|slp
|
|-heal|p1a: Dondozo|61/100 slp|[from] item: Leftovers
|-damage|p1a: Dondozo|48/100 slp|[from] Leech Seed|[of] p2a: Vileplume
|-heal|p2a: Vileplume|100/100|[silent]
|upkeep
|turn|53
|
|t:|1779908218
|move|p2a: Vileplume|Sludge Bomb|p1a: Dondozo
|-damage|p1a: Dondozo|16/100 slp
|cant|p1a: Dondozo|slp
|
|-heal|p1a: Dondozo|22/100 slp|[from] item: Leftovers
|-damage|p1a: Dondozo|10/100 slp|[from] Leech Seed|[of] p2a: Vileplume
|upkeep
|turn|54
|c|☆FrostyWingz|Ez
|
|t:|1779908225
|move|p2a: Vileplume|Sludge Bomb|p1a: Dondozo
|-crit|p1a: Dondozo
|-damage|p1a: Dondozo|0 fnt
|faint|p1a: Dondozo
|
|win|FrostyWingz
|raw|roshisbeard's rating: 1234 &rarr; <strong>1214</strong><br />(-20 for losing)
|raw|FrostyWingz's rating: 1311 &rarr; <strong>1327</strong><br />(+16 for winning)
|l|☆FrostyWingz
|player|p2|
|c|☆roshisbeard|barely won
|c|☆roshisbeard|lol
|l|☆roshisbeard
|player|p1|
