|j|☆azsd
|j|☆zzkaseyzz
|t:|1779883256
|gametype|singles
|player|p1|azsd|silver-masters|1180
|player|p2|zzkaseyzz|burglar|1132
|gen|9
|tier|[Gen 9] OU
|rated|
|rule|HP Percentage Mod: HP is shown in percentages
|rule|Endless Battle Clause: Forcing endless battles is banned
|rule|Species Clause: Limit one of each Pokémon
|rule|OHKO Clause: OHKO moves are banned
|rule|Evasion Items Clause: Evasion items are banned
|rule|Evasion Moves Clause: Evasion moves are banned
|rule|Evasion Abilities Clause: Evasion abilities are banned
|rule|Sleep Moves Clause: Sleep-inducing moves are banned
|clearpoke
|poke|p1|Hatterene, F|
|poke|p1|Scream Tail|
|poke|p1|Cresselia, F|
|poke|p1|Ursaluna, F|
|poke|p1|Iron Hands|
|poke|p1|Glastrier|
|poke|p2|Eiscue, M|
|poke|p2|Toxtricity, M|
|poke|p2|Staraptor, M|
|poke|p2|Galvantula, M|
|poke|p2|Malamar, M|
|poke|p2|Girafarig, M|
|teampreview
|inactive|Battle timer is ON: inactive players will automatically lose when time's up. (requested by zzkaseyzz)
|
|t:|1779883271
|teamsize|p1|6
|teamsize|p2|6
|start
|switch|p1a: Ponthus|Iron Hands|100/100
|switch|p2a: Galvantula|Galvantula, M, shiny|100/100
|-enditem|p1a: Ponthus|Booster Energy
|-activate|p1a: Ponthus|ability: Quark Drive|[fromitem]
|-start|p1a: Ponthus|quarkdriveatk
|turn|1
|
|t:|1779883279
|move|p2a: Galvantula|Sticky Web|p1a: Ponthus
|-sidestart|p1: azsd|move: Sticky Web
|move|p1a: Ponthus|Ice Punch|p2a: Galvantula
|-damage|p2a: Galvantula|32/100
|
|upkeep
|turn|2
|
|t:|1779883288
|move|p2a: Galvantula|Bug Buzz|p1a: Ponthus
|-resisted|p1a: Ponthus
|-damage|p1a: Ponthus|82/100
|move|p1a: Ponthus|Ice Punch|p2a: Galvantula
|-damage|p2a: Galvantula|0 fnt
|faint|p2a: Galvantula
|
|upkeep
|
|t:|1779883299
|switch|p2a: Eiscue|Eiscue, M|100/100
|turn|3
|
|t:|1779883327
|move|p2a: Eiscue|Belly Drum|p2a: Eiscue
|-damage|p2a: Eiscue|50/100
|-setboost|p2a: Eiscue|atk|6|[from] move: Belly Drum
|move|p1a: Ponthus|Heavy Slam|p2a: Eiscue
|-activate|p2a: Eiscue|ability: Ice Face
|-damage|p2a: Eiscue|50/100
|detailschange|p2a: Eiscue|Eiscue-Noice, M
|
|upkeep
|turn|4
|
|t:|1779883336
|move|p2a: Eiscue|Ice Spinner|p1a: Ponthus
|-damage|p1a: Ponthus|0 fnt
|faint|p1a: Ponthus
|-end|p1a: Ponthus|Quark Drive|[silent]
|
|upkeep
|
|t:|1779883341
|switch|p1a: Wollemi|Hatterene, F|100/100
|-activate|p1a: Wollemi|move: Sticky Web
|-unboost|p1a: Wollemi|spe|1
|turn|5
|
|t:|1779883345
|move|p2a: Eiscue|Ice Spinner|p1a: Wollemi
|-enditem|p1a: Wollemi|Focus Sash
|-damage|p1a: Wollemi|1/100
|move|p1a: Wollemi|Trick Room|p1a: Wollemi
|-fieldstart|move: Trick Room|[of] p1a: Wollemi
|
|upkeep
|turn|6
|
|t:|1779883351
|move|p1a: Wollemi|Mystical Fire|p2a: Eiscue
|-supereffective|p2a: Eiscue
|-damage|p2a: Eiscue|0 fnt
|faint|p2a: Eiscue
|
|upkeep
|
|t:|1779883358
|switch|p2a: Malamar|Malamar, M|100/100
|turn|7
|
|t:|1779883365
|switch|p2a: Girafarig|Girafarig, M, shiny|100/100
|move|p1a: Wollemi|Misty Explosion|p2a: Girafarig
|-damage|p2a: Girafarig|0 fnt
|faint|p1a: Wollemi
|faint|p2a: Girafarig
|
|upkeep
|
|t:|1779883374
|switch|p1a: Glastrier|Glastrier|100/100
|switch|p2a: Malamar|Malamar, M|100/100
|-activate|p1a: Glastrier|move: Sticky Web
|-unboost|p1a: Glastrier|spe|1
|turn|8
|
|t:|1779883384
|-terastallize|p1a: Glastrier|Ice
|move|p1a: Glastrier|Icicle Crash|p2a: Malamar
|-damage|p2a: Malamar|2/100
|-damage|p1a: Glastrier|91/100|[from] item: Life Orb
|move|p2a: Malamar|Superpower|p1a: Glastrier
|-supereffective|p1a: Glastrier
|-damage|p1a: Glastrier|54/100
|-boost|p2a: Malamar|atk|1
|-boost|p2a: Malamar|def|1
|
|-heal|p2a: Malamar|8/100|[from] item: Leftovers
|upkeep
|turn|9
|inactive|zzkaseyzz has 120 seconds left.
|
|t:|1779883415
|move|p1a: Glastrier|Close Combat|p2a: Malamar
|-damage|p2a: Malamar|0 fnt
|-unboost|p1a: Glastrier|def|1
|-unboost|p1a: Glastrier|spd|1
|faint|p2a: Malamar
|-ability|p1a: Glastrier|Chilling Neigh|boost
|-boost|p1a: Glastrier|atk|1
|-damage|p1a: Glastrier|44/100|[from] item: Life Orb
|
|-fieldend|move: Trick Room
|upkeep
|inactive|zzkaseyzz has 120 seconds left.
|
|t:|1779883425
|switch|p2a: Toxtricity|Toxtricity, M|100/100
|turn|10
|
|t:|1779883429
|switch|p1a: Tournefort|Cresselia, F|100/100
|-terastallize|p2a: Toxtricity|Normal
|move|p2a: Toxtricity|Boomburst|p1a: Tournefort
|-damage|p1a: Tournefort|39/100
|-enditem|p2a: Toxtricity|Throat Spray
|-boost|p2a: Toxtricity|spa|1|[from] item: Throat Spray
|
|upkeep
|turn|11
|
|t:|1779883440
|move|p2a: Toxtricity|Boomburst|p1a: Tournefort
|-crit|p1a: Tournefort
|-damage|p1a: Tournefort|0 fnt
|faint|p1a: Tournefort
|
|upkeep
|
|t:|1779883443
|switch|p1a: Hyperion|Scream Tail|100/100
|-activate|p1a: Hyperion|move: Sticky Web
|-unboost|p1a: Hyperion|spe|1
|-enditem|p1a: Hyperion|Booster Energy
|-activate|p1a: Hyperion|ability: Protosynthesis|[fromitem]
|-start|p1a: Hyperion|protosynthesisspd
|turn|12
|
|t:|1779883450
|move|p2a: Toxtricity|Boomburst|p1a: Hyperion
|-damage|p1a: Hyperion|18/100
|move|p1a: Hyperion|Trick Room|p1a: Hyperion
|-fieldstart|move: Trick Room|[of] p1a: Hyperion
|
|upkeep
|turn|13
|
|t:|1779883457
|move|p1a: Hyperion|Misty Explosion|p2a: Toxtricity
|-damage|p2a: Toxtricity|65/100
|faint|p1a: Hyperion
|-end|p1a: Hyperion|Protosynthesis|[silent]
|move|p2a: Toxtricity|Boomburst|p1: Hyperion|[notarget]
|-fail|p2a: Toxtricity
|
|upkeep
|
|t:|1779883462
|switch|p1a: Glastrier|Glastrier, tera:Ice|44/100
|-activate|p1a: Glastrier|move: Sticky Web
|-unboost|p1a: Glastrier|spe|1
|turn|14
|
|t:|1779883474
|switch|p2a: Staraptor|Staraptor, M, shiny|100/100
|move|p1a: Glastrier|Close Combat|p2a: Staraptor
|-damage|p2a: Staraptor|11/100
|-unboost|p1a: Glastrier|def|1
|-unboost|p1a: Glastrier|spd|1
|-damage|p1a: Glastrier|34/100|[from] item: Life Orb
|
|upkeep
|turn|15
|
|t:|1779883486
|move|p1a: Glastrier|Icicle Crash|p2a: Staraptor
|-supereffective|p2a: Staraptor
|-damage|p2a: Staraptor|0 fnt
|faint|p2a: Staraptor
|-ability|p1a: Glastrier|Chilling Neigh|boost
|-boost|p1a: Glastrier|atk|1
|-damage|p1a: Glastrier|24/100|[from] item: Life Orb
|
|upkeep
|
|t:|1779883493
|switch|p2a: Toxtricity|Toxtricity, M, tera:Normal|65/100
|turn|16
|
|t:|1779883497
|move|p1a: Glastrier|Close Combat|p2a: Toxtricity
|-supereffective|p2a: Toxtricity
|-damage|p2a: Toxtricity|0 fnt
|-unboost|p1a: Glastrier|def|1
|-unboost|p1a: Glastrier|spd|1
|faint|p2a: Toxtricity
|-damage|p1a: Glastrier|14/100|[from] item: Life Orb
|
|win|azsd
|raw|azsd's rating: 1180 &rarr; <strong>1202</strong><br />(+22 for winning)
|raw|zzkaseyzz's rating: 1132 &rarr; <strong>1110</strong><br />(-22 for losing)
|l|☆azsd
|player|p1|
|l|☆zzkaseyzz
|player|p2|
