|j|☆The impimp
|j|☆TheQuesadillaman
|inactive|Battle timer is ON: inactive players will automatically lose when time's up.
|t:|1779825352
|gametype|singles
|player|p1|The impimp|1|
|player|p2|TheQuesadillaman|steven|
|gen|9
|tier|[Gen 9] OU
|rated|Tournament battle
|rule|HP Percentage Mod: HP is shown in percentages
|rule|Endless Battle Clause: Forcing endless battles is banned
|rule|Species Clause: Limit one of each Pokémon
|rule|OHKO Clause: OHKO moves are banned
|rule|Evasion Items Clause: Evasion items are banned
|rule|Evasion Moves Clause: Evasion moves are banned
|rule|Evasion Abilities Clause: Evasion abilities are banned
|rule|Sleep Moves Clause: Sleep-inducing moves are banned
|raw|<div class="infobox"><details class="readmore" open><summary><strong>1 custom rule:</strong></summary> + Tera Blast</details></div>
|clearpoke
|poke|p1|Magmar, F|
|poke|p1|Sawsbuck-Autumn, F|
|poke|p1|Muk-Alola, F|
|poke|p2|Crabrawler, M|
|poke|p2|Meowscarada, F|
|poke|p2|Scrafty, F|
|teampreview
|j|*Lady Monita 
|
|t:|1779825360
|teamsize|p1|3
|teamsize|p2|3
|start
|switch|p1a: Drummer|Magmar, F|100/100
|switch|p2a: Weed Cat|Meowscarada, F|100/100
|turn|1
|
|t:|1779825368
|move|p2a: Weed Cat|Knock Off|p1a: Drummer
|-start|p2a: Weed Cat|typechange|Dark|[from] ability: Protean
|-damage|p1a: Drummer|51/100
|-status|p2a: Weed Cat|brn|[from] ability: Flame Body|[of] p1a: Drummer
|-enditem|p1a: Drummer|Sitrus Berry|[from] move: Knock Off|[of] p2a: Weed Cat
|move|p1a: Drummer|Belly Drum|p1a: Drummer
|-damage|p1a: Drummer|1/100
|-setboost|p1a: Drummer|atk|6|[from] move: Belly Drum
|
|-damage|p2a: Weed Cat|94/100 brn|[from] brn
|upkeep
|turn|2
|j| WrenTheBurb
|c|☆The impimp|I know what I am taking if I won
|c|☆The impimp|win*
|
|t:|1779825388
|move|p1a: Drummer|Mach Punch|p2a: Weed Cat
|-supereffective|p2a: Weed Cat
|-damage|p2a: Weed Cat|0 fnt
|faint|p2a: Weed Cat
|
|upkeep
|
|t:|1779825392
|switch|p2a: Scrafty|Scrafty, F|100/100
|turn|3
|c| WrenTheBurb|scrafty, its the coolest
|
|t:|1779825396
|move|p2a: Scrafty|Fake Out|p1a: Drummer
|-damage|p1a: Drummer|0 fnt
|faint|p1a: Drummer
|-ability|p2a: Scrafty|Moxie|boost
|-boost|p2a: Scrafty|atk|1
|
|upkeep
|
|t:|1779825407
|switch|p1a: LGBTQ Muk|Muk-Alola, F|100/100
|turn|4
|c|☆The impimp|No
|
|t:|1779825422
|move|p2a: Scrafty|Dragon Dance|p2a: Scrafty
|-boost|p2a: Scrafty|atk|1
|-boost|p2a: Scrafty|spe|1
|move|p1a: LGBTQ Muk|Gunk Shot|p2a: Scrafty
|-damage|p2a: Scrafty|30/100
|
|-heal|p2a: Scrafty|36/100|[from] item: Leftovers
|upkeep
|turn|5
|
|t:|1779825425
|move|p1a: LGBTQ Muk|Shadow Sneak|p2a: Scrafty
|-resisted|p2a: Scrafty
|-damage|p2a: Scrafty|28/100
|move|p2a: Scrafty|Drain Punch|p1a: LGBTQ Muk
|-damage|p1a: LGBTQ Muk|26/100
|-heal|p2a: Scrafty|85/100|[from] drain|[of] p1a: LGBTQ Muk
|
|-heal|p2a: Scrafty|91/100|[from] item: Leftovers
|upkeep
|turn|6
|j| Phasmyx
|c|☆The impimp|Why
|
|t:|1779825435
|move|p2a: Scrafty|Drain Punch|p1a: LGBTQ Muk
|-damage|p1a: LGBTQ Muk|0 fnt
|-heal|p2a: Scrafty|100/100|[from] drain|[of] p1a: LGBTQ Muk
|faint|p1a: LGBTQ Muk
|-ability|p2a: Scrafty|Moxie|boost
|-boost|p2a: Scrafty|atk|1
|
|upkeep
|
|t:|1779825437
|switch|p1a: Dear|Sawsbuck-Autumn, F|100/100
|turn|7
|
|t:|1779825442
|-terastallize|p1a: Dear|Psychic
|move|p2a: Scrafty|Drain Punch|p1a: Dear
|-resisted|p1a: Dear
|-crit|p1a: Dear
|-damage|p1a: Dear|20/100
|move|p1a: Dear|Thunder Wave|p2a: Scrafty
|-status|p2a: Scrafty|par
|
|upkeep
|turn|8
|c|☆The impimp|Crit so mattered
|
|t:|1779825453
|move|p1a: Dear|Headbutt|p2a: Scrafty
|-damage|p2a: Scrafty|66/100 par
|move|p2a: Scrafty|Crunch|p1a: Dear
|-supereffective|p1a: Dear
|-damage|p1a: Dear|0 fnt
|faint|p1a: Dear
|
|win|TheQuesadillaman
|n|☆The impimp|theimpimp
|n|☆TheQuesadillaman|thequesadillaman
|n|*Lady Monita |ladymonita
|n| WrenTheBurb|wrentheburb
|n| Phasmyx|phasmyx
|l|*Lady Monita 
|c|☆The impimp|Lucky
|c|☆TheQuesadillaman|GG
|l| Phasmyx
|c|☆The impimp|not really
|c|☆TheQuesadillaman|yeah
|c|☆The impimp|take drummer please
|c|☆TheQuesadillaman|sure
|c|☆The impimp|Thank you
