|j|☆chopinthe3rd
|j|☆yuemingzhichu1
|t:|1779959540
|gametype|singles
|player|p1|chopinthe3rd|marshal|1089
|player|p2|yuemingzhichu1|169|1100
|gen|9
|tier|[Gen 9] OU
|rated|
|rule|HP Percentage Mod: HP is shown in percentages
|rule|Endless Battle Clause: Forcing endless battles is banned
|rule|Species Clause: Limit one of each Pokémon
|rule|OHKO Clause: OHKO moves are banned
|rule|Evasion Items Clause: Evasion items are banned
|rule|Evasion Moves Clause: Evasion moves are banned
|rule|Evasion Abilities Clause: Evasion abilities are banned
|rule|Sleep Moves Clause: Sleep-inducing moves are banned
|clearpoke
|poke|p1|Scrafty, F|
|poke|p1|Excadrill, F|
|poke|p1|Medicham, M|
|poke|p1|Emboar, F|
|poke|p1|Pawmot, M|
|poke|p1|Mamoswine, F|
|poke|p2|Hoopa-Unbound|
|poke|p2|Kingambit, F|
|poke|p2|Samurott-Hisui, M|
|poke|p2|Landorus-Therian, M|
|poke|p2|Iron Valiant|
|poke|p2|Pecharunt|
|teampreview
|
|t:|1779959560
|teamsize|p1|6
|teamsize|p2|6
|start
|switch|p1a: Pawmot|Pawmot, M|100/100
|switch|p2a: Jon Stones|Landorus-Therian, M, shiny|100/100
|-ability|p2a: Jon Stones|Intimidate|boost
|-unboost|p1a: Pawmot|atk|1
|turn|1
|
|t:|1779959574
|move|p1a: Pawmot|Ice Punch|p2a: Jon Stones
|-supereffective|p2a: Jon Stones
|-damage|p2a: Jon Stones|26/100
|-damage|p1a: Pawmot|84/100|[from] item: Rocky Helmet|[of] p2a: Jon Stones
|move|p2a: Jon Stones|U-turn|p1a: Pawmot
|-resisted|p1a: Pawmot
|-damage|p1a: Pawmot|66/100
|
|t:|1779959592
|switch|p2a: HYGWT farting shot|Pecharunt|100/100|[from] U-turn
|
|upkeep
|turn|2
|
|t:|1779959612
|switch|p1a: Mamoswine|Mamoswine, F|100/100
|move|p2a: HYGWT farting shot|Malignant Chain|p1a: Mamoswine
|-resisted|p1a: Mamoswine
|-damage|p1a: Mamoswine|73/100
|-status|p1a: Mamoswine|tox
|-start|p1a: Mamoswine|confusion|[from] ability: Poison Puppeteer|[of] p2a: HYGWT farting shot
|
|-damage|p1a: Mamoswine|67/100 tox|[from] psn
|upkeep
|turn|3
|
|t:|1779959646
|move|p2a: HYGWT farting shot|Protect|p2a: HYGWT farting shot
|-singleturn|p2a: HYGWT farting shot|Protect
|-activate|p1a: Mamoswine|confusion
|-damage|p1a: Mamoswine|50/100 tox|[from] confusion
|
|-damage|p1a: Mamoswine|38/100 tox|[from] psn
|upkeep
|turn|4
|
|t:|1779959667
|move|p2a: HYGWT farting shot|Shadow Ball|p1a: Mamoswine
|-damage|p1a: Mamoswine|0 fnt
|faint|p1a: Mamoswine
|
|upkeep
|
|t:|1779959679
|switch|p1a: Scrafty|Scrafty, F|100/100
|-ability|p1a: Scrafty|Intimidate|boost
|-unboost|p2a: HYGWT farting shot|atk|1
|turn|5
|
|t:|1779959691
|move|p2a: HYGWT farting shot|Protect|p2a: HYGWT farting shot
|-singleturn|p2a: HYGWT farting shot|Protect
|move|p1a: Scrafty|Knock Off|p2a: HYGWT farting shot
|-activate|p2a: HYGWT farting shot|move: Protect
|
|upkeep
|turn|6
|
|t:|1779959735
|switch|p2a: Clank Winatra|Iron Valiant, shiny|100/100
|-enditem|p2a: Clank Winatra|Booster Energy
|-activate|p2a: Clank Winatra|ability: Quark Drive|[fromitem]
|-start|p2a: Clank Winatra|quarkdrivespe
|move|p1a: Scrafty|Knock Off|p2a: Clank Winatra
|-resisted|p2a: Clank Winatra
|-damage|p2a: Clank Winatra|91/100
|
|upkeep
|turn|7
|
|t:|1779959756
|move|p2a: Clank Winatra|Close Combat|p1a: Scrafty
|-supereffective|p1a: Scrafty
|-enditem|p1a: Scrafty|Focus Sash
|-damage|p1a: Scrafty|1/100
|-unboost|p2a: Clank Winatra|def|1
|-unboost|p2a: Clank Winatra|spd|1
|move|p1a: Scrafty|Iron Head|p2a: Clank Winatra
|-supereffective|p2a: Clank Winatra
|-damage|p2a: Clank Winatra|3/100
|
|upkeep
|turn|8
|
|t:|1779959770
|move|p2a: Clank Winatra|Knock Off|p1a: Scrafty
|-resisted|p1a: Scrafty
|-damage|p1a: Scrafty|0 fnt
|faint|p1a: Scrafty
|
|upkeep
|
|t:|1779959776
|switch|p1a: Medicham|Medicham, M|100/100
|turn|9
|
|t:|1779959787
|move|p1a: Medicham|Fake Out|p2a: Clank Winatra
|-damage|p2a: Clank Winatra|0 fnt
|faint|p2a: Clank Winatra
|-end|p2a: Clank Winatra|Quark Drive|[silent]
|
|upkeep
|
|t:|1779959806
|switch|p2a: Jon Stones|Landorus-Therian, M, shiny|26/100
|-ability|p2a: Jon Stones|Intimidate|boost
|-unboost|p1a: Medicham|atk|1
|turn|10
|
|t:|1779959832
|move|p2a: Jon Stones|U-turn|p1a: Medicham
|-damage|p1a: Medicham|61/100
|
|t:|1779959841
|switch|p2a: Poopa Unwiped|Hoopa-Unbound|100/100|[from] U-turn
|move|p1a: Medicham|Psycho Cut|p2a: Poopa Unwiped
|-immune|p2a: Poopa Unwiped
|
|upkeep
|turn|11
|
|t:|1779959860
|-terastallize|p1a: Medicham|Fighting
|move|p1a: Medicham|High Jump Kick|p2a: Poopa Unwiped|[miss]
|-miss|p1a: Medicham|p2a: Poopa Unwiped
|-damage|p1a: Medicham|11/100|[from] highjumpkick
|move|p2a: Poopa Unwiped|Trick Room|p2a: Poopa Unwiped
|-fieldstart|move: Trick Room|[of] p2a: Poopa Unwiped
|
|upkeep
|turn|12
|
|t:|1779959882
|move|p1a: Medicham|Bullet Punch|p2a: Poopa Unwiped
|-damage|p2a: Poopa Unwiped|87/100
|move|p2a: Poopa Unwiped|Psychic Noise|p1a: Medicham
|-supereffective|p1a: Medicham
|-damage|p1a: Medicham|0 fnt
|faint|p1a: Medicham
|-damage|p2a: Poopa Unwiped|77/100|[from] item: Life Orb
|
|upkeep
|
|t:|1779959899
|switch|p1a: Emboar|Emboar, F|100/100
|turn|13
|
|t:|1779959919
|move|p2a: Poopa Unwiped|Psychic Noise|p1a: Emboar
|-supereffective|p1a: Emboar
|-damage|p1a: Emboar|0 fnt
|faint|p1a: Emboar
|-damage|p2a: Poopa Unwiped|67/100|[from] item: Life Orb
|
|upkeep
|
|t:|1779959928
|switch|p1a: Excadrill|Excadrill, F|100/100
|turn|14
|
|t:|1779959934
|move|p2a: Poopa Unwiped|Drain Punch|p1a: Excadrill
|-supereffective|p1a: Excadrill
|-damage|p1a: Excadrill|0 fnt
|-heal|p2a: Poopa Unwiped|100/100|[from] drain|[of] p1a: Excadrill
|faint|p1a: Excadrill
|-damage|p2a: Poopa Unwiped|91/100|[from] item: Life Orb
|
|upkeep
|
|t:|1779959942
|switch|p1a: Pawmot|Pawmot, M|66/100
|turn|15
|
|t:|1779959952
|move|p2a: Poopa Unwiped|Psychic Noise|p1a: Pawmot
|-supereffective|p1a: Pawmot
|-damage|p1a: Pawmot|0 fnt
|faint|p1a: Pawmot
|-damage|p2a: Poopa Unwiped|81/100|[from] item: Life Orb
|
|win|yuemingzhichu1
|raw|chopinthe3rd's rating: 1089 &rarr; <strong>1066</strong><br />(-23 for losing)
|raw|yuemingzhichu1's rating: 1100 &rarr; <strong>1124</strong><br />(+24 for winning)
|l|☆yuemingzhichu1
|player|p2|
|l|☆chopinthe3rd
|player|p1|
