|j|☆busto2412
|j|☆iamverykarpy
|t:|1779894238
|gametype|singles
|player|p1|busto2412|hilbert|1612
|player|p2|iamverykarpy|colress|1699
|gen|9
|tier|[Gen 9] OU
|rated|
|rule|HP Percentage Mod: HP is shown in percentages
|rule|Endless Battle Clause: Forcing endless battles is banned
|rule|Species Clause: Limit one of each Pokémon
|rule|OHKO Clause: OHKO moves are banned
|rule|Evasion Items Clause: Evasion items are banned
|rule|Evasion Moves Clause: Evasion moves are banned
|rule|Evasion Abilities Clause: Evasion abilities are banned
|rule|Sleep Moves Clause: Sleep-inducing moves are banned
|clearpoke
|poke|p1|Ursaluna, M|
|poke|p1|Dragapult, M|
|poke|p1|Zapdos|
|poke|p1|Goodra-Hisui, F|
|poke|p1|Greninja-*, M|
|poke|p1|Zamazenta-*|
|poke|p2|Cetitan, F|
|poke|p2|Slowking-Galar, M|
|poke|p2|Kyurem|
|poke|p2|Rillaboom, F|
|poke|p2|Alomomola, F|
|poke|p2|Great Tusk|
|teampreview
|inactive|Battle timer is ON: inactive players will automatically lose when time's up. (requested by iamverykarpy)
|j| choispecs ironmoth
|inactive|busto2412 has 120 seconds left.
|
|t:|1779894273
|teamsize|p1|6
|teamsize|p2|6
|start
|switch|p1a: Dragapult|Dragapult, M, shiny|100/100
|switch|p2a: Great Tusk|Great Tusk|100/100
|turn|1
|
|t:|1779894284
|move|p1a: Dragapult|Draco Meteor|p2a: Great Tusk
|-crit|p2a: Great Tusk
|-damage|p2a: Great Tusk|0 fnt
|-unboost|p1a: Dragapult|spa|2
|faint|p2a: Great Tusk
|-end|p2a: Great Tusk|Protosynthesis|[silent]
|
|upkeep
|c|☆iamverykarpy|crit rng today has actually been insane
|
|t:|1779894304
|switch|p2a: Slowking|Slowking-Galar, M, shiny|100/100
|turn|2
|c|☆iamverykarpy|hey wait
|c|☆iamverykarpy|i recognize that spectator
|
|t:|1779894322
|switch|p1a: Ursaluna|Ursaluna, M, shiny|100/100
|move|p2a: Slowking|Future Sight|p1a: Ursaluna
|-start|p2a: Slowking|move: Future Sight
|
|-status|p1a: Ursaluna|brn|[from] item: Flame Orb
|upkeep
|turn|3
|
|t:|1779894327
|switch|p2a: Alomomola|Alomomola, F|100/100
|move|p1a: Ursaluna|Facade|p2a: Alomomola
|-damage|p2a: Alomomola|29/100
|-damage|p1a: Ursaluna|84/100 brn|[from] item: Rocky Helmet|[of] p2a: Alomomola
|
|-damage|p1a: Ursaluna|78/100 brn|[from] brn
|upkeep
|turn|4
|
|t:|1779894335
|switch|p1a: Greninja|Greninja, M|100/100
|move|p2a: Alomomola|Flip Turn|p1a: Greninja
|-resisted|p1a: Greninja
|-damage|p1a: Greninja|88/100
|
|t:|1779894341
|switch|p2a: Kyurem|Kyurem, shiny|100/100|[from] Flip Turn
|-ability|p2a: Kyurem|Pressure
|
|-end|p1a: Greninja|move: Future Sight
|-immune|p1a: Greninja
|upkeep
|turn|5
|
|t:|1779894349
|switch|p1a: Goodra|Goodra-Hisui, F|100/100
|move|p2a: Kyurem|Freeze-Dry|p1a: Goodra
|-damage|p1a: Goodra|67/100
|
|-heal|p1a: Goodra|73/100|[from] item: Leftovers
|upkeep
|turn|6
|
|t:|1779894356
|switch|p2a: Slowking|Slowking-Galar, M, shiny|100/100
|move|p1a: Goodra|Flash Cannon|p2a: Slowking
|-damage|p2a: Slowking|76/100
|
|-heal|p1a: Goodra|79/100|[from] item: Leftovers
|upkeep
|turn|7
|
|t:|1779894364
|switch|p1a: Dragapult|Dragapult, M, shiny|100/100
|-prepare|p2a: Slowking|Chilly Reception|[premajor]
|move|p2a: Slowking|Chilly Reception|p2a: Slowking
|-weather|Snowscape
|
|t:|1779894366
|switch|p2a: Cetitan|Cetitan, F, shiny|100/100|[from] Chilly Reception
|
|-weather|Snowscape|[upkeep]
|upkeep
|turn|8
|
|t:|1779894377
|switch|p1a: Zamazenta|Zamazenta|100/100
|-ability|p1a: Zamazenta|Dauntless Shield|boost
|-boost|p1a: Zamazenta|def|1
|move|p2a: Cetitan|Belly Drum|p2a: Cetitan
|-damage|p2a: Cetitan|50/100
|-setboost|p2a: Cetitan|atk|6|[from] move: Belly Drum
|-enditem|p2a: Cetitan|Sitrus Berry|[eat]
|-heal|p2a: Cetitan|75/100|[from] item: Sitrus Berry
|
|-weather|Snowscape|[upkeep]
|upkeep
|turn|9
|
|t:|1779894387
|-terastallize|p2a: Cetitan|Ice
|-terastallize|p1a: Zamazenta|Steel
|move|p2a: Cetitan|Ice Spinner|p1a: Zamazenta
|-resisted|p1a: Zamazenta
|-damage|p1a: Zamazenta|32/100
|move|p1a: Zamazenta|Iron Head|p2a: Cetitan
|-supereffective|p2a: Cetitan
|-damage|p2a: Cetitan|31/100
|
|-weather|Snowscape|[upkeep]
|upkeep
|turn|10
|
|t:|1779894397
|move|p2a: Cetitan|Earthquake|p1a: Zamazenta
|-supereffective|p1a: Zamazenta
|-damage|p1a: Zamazenta|0 fnt
|faint|p1a: Zamazenta
|
|-weather|Snowscape|[upkeep]
|upkeep
|
|t:|1779894402
|switch|p1a: Goodra|Goodra-Hisui, F|79/100
|turn|11
|
|t:|1779894405
|switch|p1a: Zapdos|Zapdos, shiny|100/100
|move|p2a: Cetitan|Ice Spinner|p1a: Zapdos
|-supereffective|p1a: Zapdos
|-damage|p1a: Zapdos|0 fnt
|faint|p1a: Zapdos
|
|-weather|none
|upkeep
|
|t:|1779894413
|switch|p1a: Goodra|Goodra-Hisui, F|79/100
|turn|12
|
|t:|1779894416
|move|p2a: Cetitan|Ice Spinner|p1a: Goodra
|-damage|p1a: Goodra|0 fnt
|-ability|p1a: Goodra|Gooey
|-unboost|p2a: Cetitan|spe|1
|faint|p1a: Goodra
|
|upkeep
|
|t:|1779894422
|switch|p1a: Greninja|Greninja, M|88/100
|turn|13
|
|t:|1779894425
|move|p2a: Cetitan|Ice Shard|p1a: Greninja
|-resisted|p1a: Greninja
|-damage|p1a: Greninja|0 fnt
|faint|p1a: Greninja
|
|upkeep
|c|☆busto2412|gg
|-message|busto2412 forfeited.
|
|win|iamverykarpy
|raw|busto2412's rating: 1612 &rarr; <strong>1597</strong><br />(-15 for losing)
|raw|iamverykarpy's rating: 1699 &rarr; <strong>1714</strong><br />(+15 for winning)
|l|☆busto2412
|player|p1|
|l|☆iamverykarpy
|player|p2|
