|j|☆zhouyanan
|j|☆DemonycQuestions
|t:|1779960626
|gametype|singles
|player|p1|zhouyanan|265|1179
|player|p2|DemonycQuestions|gentleman-gen1rb|1164
|gen|9
|tier|[Gen 9] OU
|rated|
|rule|HP Percentage Mod: HP is shown in percentages
|rule|Endless Battle Clause: Forcing endless battles is banned
|rule|Species Clause: Limit one of each Pokémon
|rule|OHKO Clause: OHKO moves are banned
|rule|Evasion Items Clause: Evasion items are banned
|rule|Evasion Moves Clause: Evasion moves are banned
|rule|Evasion Abilities Clause: Evasion abilities are banned
|rule|Sleep Moves Clause: Sleep-inducing moves are banned
|clearpoke
|poke|p1|Tyranitar, F|
|poke|p1|Excadrill, M|
|poke|p1|Keldeo-Resolute|
|poke|p1|Tornadus-Therian, M|
|poke|p1|Heatran, M|
|poke|p1|Hydrapple, M|
|poke|p2|Feraligatr, M|
|poke|p2|Zapdos|
|poke|p2|Lucario, F|
|poke|p2|Kleavor, F|
|poke|p2|Hydrapple, M|
|poke|p2|Ceruledge, F|
|teampreview
|inactive|Battle timer is ON: inactive players will automatically lose when time's up. (requested by DemonycQuestions)
|
|t:|1779960638
|teamsize|p1|6
|teamsize|p2|6
|start
|switch|p1a: Keldeo|Keldeo-Resolute|100/100
|switch|p2a: Clavo|Kleavor, F, shiny|100/100
|turn|1
|
|t:|1779960646
|-terastallize|p2a: Clavo|Bug
|move|p1a: Keldeo|Flip Turn|p2a: Clavo
|-damage|p2a: Clavo|81/100
|
|t:|1779960656
|switch|p1a: Tyranitar|Tyranitar, F|100/100|[from] Flip Turn
|-weather|Sandstorm|[from] ability: Sand Stream|[of] p1a: Tyranitar
|move|p2a: Clavo|Trailblaze|p1a: Tyranitar
|-supereffective|p1a: Tyranitar
|-damage|p1a: Tyranitar|66/100
|-boost|p2a: Clavo|spe|1
|
|-weather|Sandstorm|[upkeep]
|-damage|p2a: Clavo|75/100|[from] Sandstorm
|upkeep
|turn|2
|
|t:|1779960667
|move|p2a: Clavo|X-Scissor|p1a: Tyranitar
|-supereffective|p1a: Tyranitar
|-damage|p1a: Tyranitar|0 fnt
|faint|p1a: Tyranitar
|
|-weather|Sandstorm|[upkeep]
|-damage|p2a: Clavo|69/100|[from] Sandstorm
|upkeep
|
|t:|1779960678
|switch|p1a: Excadrill|Excadrill, M|100/100
|-item|p1a: Excadrill|Air Balloon
|turn|3
|
|t:|1779960687
|move|p1a: Excadrill|Iron Head|p2a: Clavo
|-damage|p2a: Clavo|8/100
|move|p2a: Clavo|Close Combat|p1a: Excadrill
|-supereffective|p1a: Excadrill
|-damage|p1a: Excadrill|0 fnt
|-unboost|p2a: Clavo|def|1
|-unboost|p2a: Clavo|spd|1
|-enditem|p1a: Excadrill|Air Balloon
|faint|p1a: Excadrill
|
|-weather|Sandstorm|[upkeep]
|-damage|p2a: Clavo|2/100|[from] Sandstorm
|upkeep
|
|t:|1779960709
|switch|p1a: Keldeo|Keldeo-Resolute|100/100
|turn|4
|
|t:|1779960715
|move|p1a: Keldeo|Vacuum Wave|p2a: Clavo
|-resisted|p2a: Clavo
|-damage|p2a: Clavo|0 fnt
|faint|p2a: Clavo
|
|-weather|Sandstorm|[upkeep]
|-damage|p1a: Keldeo|94/100|[from] Sandstorm
|upkeep
|
|t:|1779960733
|switch|p2a: Dónde está mi agua|Feraligatr, M, shiny|100/100
|turn|5
|
|t:|1779960741
|switch|p1a: Tornadus|Tornadus-Therian, M|100/100
|move|p2a: Dónde está mi agua|Dragon Dance|p2a: Dónde está mi agua
|-boost|p2a: Dónde está mi agua|atk|1
|-boost|p2a: Dónde está mi agua|spe|1
|
|-weather|none
|upkeep
|turn|6
|
|t:|1779960755
|move|p2a: Dónde está mi agua|Liquidation|p1a: Tornadus
|-damage|p1a: Tornadus|0 fnt
|faint|p1a: Tornadus
|
|upkeep
|
|t:|1779960760
|switch|p1a: Hydrapple|Hydrapple, M|100/100
|turn|7
|
|t:|1779960765
|-terastallize|p1a: Hydrapple|Fairy
|move|p2a: Dónde está mi agua|Ice Punch|p1a: Hydrapple
|-damage|p1a: Hydrapple|69/100
|-damage|p2a: Dónde está mi agua|84/100|[from] item: Rocky Helmet|[of] p1a: Hydrapple
|move|p1a: Hydrapple|Giga Drain|p2a: Dónde está mi agua
|-supereffective|p2a: Dónde está mi agua
|-damage|p2a: Dónde está mi agua|7/100
|-heal|p1a: Hydrapple|98/100|[from] drain|[of] p2a: Dónde está mi agua
|
|upkeep
|turn|8
|
|t:|1779960778
|move|p2a: Dónde está mi agua|Liquidation|p1a: Hydrapple
|-damage|p1a: Hydrapple|43/100
|-damage|p2a: Dónde está mi agua|0 fnt|[from] item: Rocky Helmet|[of] p1a: Hydrapple
|faint|p2a: Dónde está mi agua
|move|p1a: Hydrapple|Fickle Beam|p2: Dónde está mi agua|[notarget]
|-fail|p1a: Hydrapple
|
|upkeep
|
|t:|1779960787
|switch|p2a: Kakatana|Ceruledge, F|100/100
|turn|9
|
|t:|1779960792
|move|p2a: Kakatana|Swords Dance|p2a: Kakatana
|-boost|p2a: Kakatana|atk|2
|move|p1a: Hydrapple|Earth Power|p2a: Kakatana
|-supereffective|p2a: Kakatana
|-damage|p2a: Kakatana|44/100
|
|upkeep
|turn|10
|
|t:|1779960800
|switch|p1a: Heatran|Heatran, M|100/100
|move|p2a: Kakatana|Bitter Blade|p1a: Heatran
|-damage|p1a: Heatran|28/100
|-heal|p2a: Kakatana|92/100|[from] drain|[of] p1a: Heatran
|
|-heal|p1a: Heatran|34/100|[from] item: Leftovers
|upkeep
|turn|11
|-message|zhouyanan forfeited.
|
|win|DemonycQuestions
|raw|zhouyanan's rating: 1179 &rarr; <strong>1153</strong><br />(-26 for losing)
|raw|DemonycQuestions's rating: 1164 &rarr; <strong>1190</strong><br />(+26 for winning)
|l|☆zhouyanan
|player|p1|
|l|☆DemonycQuestions
|player|p2|
