|j|☆K1ngcash69
|j|☆magicsalt
|t:|1779867709
|gametype|singles
|player|p1|K1ngcash69|265|1214
|player|p2|magicsalt|clair|1165
|gen|9
|tier|[Gen 9] OU
|rated|
|rule|HP Percentage Mod: HP is shown in percentages
|rule|Endless Battle Clause: Forcing endless battles is banned
|rule|Species Clause: Limit one of each Pokémon
|rule|OHKO Clause: OHKO moves are banned
|rule|Evasion Items Clause: Evasion items are banned
|rule|Evasion Moves Clause: Evasion moves are banned
|rule|Evasion Abilities Clause: Evasion abilities are banned
|rule|Sleep Moves Clause: Sleep-inducing moves are banned
|clearpoke
|poke|p1|Ogerpon-Wellspring, F|
|poke|p1|Dragonite, M|
|poke|p1|Samurott-Hisui, F|
|poke|p1|Ceruledge, F|
|poke|p1|Great Tusk|
|poke|p1|Regieleki|
|poke|p2|Salazzle, F|
|poke|p2|Glimmora, F|
|poke|p2|Darkrai|
|poke|p2|Toxapex, F|
|poke|p2|Corviknight, F|
|poke|p2|Blissey, F|
|teampreview
|inactive|Battle timer is ON: inactive players will automatically lose when time's up. (requested by K1ngcash69)
|
|t:|1779867737
|teamsize|p1|6
|teamsize|p2|6
|start
|switch|p1a: Samurott|Samurott-Hisui, F|100/100
|switch|p2a: A roc|Glimmora, F, shiny|100/100
|turn|1
|
|t:|1779867752
|move|p1a: Samurott|Ceaseless Edge|p2a: A roc|[miss]
|-miss|p1a: Samurott|p2a: A roc
|move|p2a: A roc|Stealth Rock|p1a: Samurott
|-sidestart|p1: K1ngcash69|move: Stealth Rock
|
|upkeep
|turn|2
|
|t:|1779867758
|move|p1a: Samurott|Ceaseless Edge|p2a: A roc
|-damage|p2a: A roc|50/100
|-sidestart|p2: magicsalt|Spikes
|move|p2a: A roc|Toxic|p1a: Samurott
|-status|p1a: Samurott|tox
|
|-damage|p1a: Samurott|94/100 tox|[from] psn
|upkeep
|turn|3
|
|t:|1779867768
|move|p2a: A roc|Spiky Shield|p2a: A roc
|-singleturn|p2a: A roc|move: Protect
|move|p1a: Samurott|Ceaseless Edge|p2a: A roc
|-activate|p2a: A roc|move: Protect
|-damage|p1a: Samurott|82/100 tox|[from] Spiky Shield|[of] p2a: A roc
|
|-damage|p1a: Samurott|69/100 tox|[from] psn
|upkeep
|turn|4
|
|t:|1779867791
|switch|p2a: Arkham birbby|Corviknight, F|100/100
|-ability|p2a: Arkham birbby|Unnerve
|move|p1a: Samurott|Ceaseless Edge|p2a: Arkham birbby|[miss]
|-miss|p1a: Samurott|p2a: Arkham birbby
|
|-damage|p1a: Samurott|51/100 tox|[from] psn
|upkeep
|turn|5
|
|t:|1779867807
|move|p1a: Samurott|Ceaseless Edge|p2a: Arkham birbby
|-damage|p2a: Arkham birbby|64/100
|-sidestart|p2: magicsalt|Spikes
|move|p2a: Arkham birbby|Defog|p1a: Samurott
|-unboost|p1a: Samurott|evasion|1
|-sideend|p1: K1ngcash69|Stealth Rock|[from] move: Defog|[of] p2a: Arkham birbby
|-sideend|p2: magicsalt|Spikes|[from] move: Defog|[of] p2a: Arkham birbby
|
|-heal|p2a: Arkham birbby|70/100|[from] item: Leftovers
|-damage|p1a: Samurott|26/100 tox|[from] psn
|upkeep
|turn|6
|
|t:|1779867820
|move|p1a: Samurott|Ceaseless Edge|p2a: Arkham birbby|[miss]
|-miss|p1a: Samurott|p2a: Arkham birbby
|move|p2a: Arkham birbby|Defog|p1a: Samurott
|-unboost|p1a: Samurott|evasion|1
|
|-heal|p2a: Arkham birbby|76/100|[from] item: Leftovers
|-damage|p1a: Samurott|0 fnt|[from] psn
|faint|p1a: Samurott
|upkeep
|
|t:|1779867829
|switch|p1a: Regieleki|Regieleki|100/100
|turn|7
|
|t:|1779867834
|switch|p2a: A roc|Glimmora, F, shiny|50/100
|move|p1a: Regieleki|Thunder Cage|p2a: A roc
|-damage|p2a: A roc|0 fnt
|faint|p2a: A roc
|-damage|p1a: Regieleki|91/100|[from] item: Life Orb
|
|upkeep
|inactive|magicsalt has 120 seconds left.
|
|t:|1779867860
|switch|p2a: Edgey|Darkrai, shiny|100/100
|turn|8
|
|t:|1779867866
|move|p1a: Regieleki|Thunder Cage|p2a: Edgey|[miss]
|-miss|p1a: Regieleki|p2a: Edgey
|move|p2a: Edgey|Dark Pulse|p1a: Regieleki
|-damage|p1a: Regieleki|20/100
|
|upkeep
|turn|9
|
|t:|1779867873
|move|p1a: Regieleki|Thunder Cage|p2a: Edgey
|-damage|p2a: Edgey|13/100
|-activate|p2a: Edgey|move: Thunder Cage|[of] p1a: Regieleki
|-damage|p1a: Regieleki|10/100|[from] item: Life Orb
|move|p2a: Edgey|Dark Pulse|p1a: Regieleki
|-damage|p1a: Regieleki|0 fnt
|faint|p1a: Regieleki
|
|-end|p2a: Edgey|Thunder Cage|[partiallytrapped]|[silent]
|upkeep
|
|t:|1779867887
|switch|p1a: Dragonite|Dragonite, M|100/100
|turn|10
|
|t:|1779867909
|switch|p2a: Arkham birbby|Corviknight, F|76/100
|-ability|p2a: Arkham birbby|Unnerve
|move|p1a: Dragonite|Extreme Speed|p2a: Arkham birbby
|-resisted|p2a: Arkham birbby
|-damage|p2a: Arkham birbby|63/100
|
|-heal|p2a: Arkham birbby|69/100|[from] item: Leftovers
|upkeep
|turn|11
|
|t:|1779867924
|switch|p1a: Ogerpon|Ogerpon-Wellspring, F|100/100
|move|p2a: Arkham birbby|Bulk Up|p2a: Arkham birbby
|-boost|p2a: Arkham birbby|atk|1
|-boost|p2a: Arkham birbby|def|1
|
|-heal|p2a: Arkham birbby|75/100|[from] item: Leftovers
|upkeep
|turn|12
|
|t:|1779867934
|move|p1a: Ogerpon|Swords Dance|p1a: Ogerpon
|-boost|p1a: Ogerpon|atk|2
|move|p2a: Arkham birbby|Bulk Up|p2a: Arkham birbby
|-boost|p2a: Arkham birbby|atk|1
|-boost|p2a: Arkham birbby|def|1
|
|-heal|p2a: Arkham birbby|82/100|[from] item: Leftovers
|upkeep
|turn|13
|
|t:|1779867947
|move|p1a: Ogerpon|Swords Dance|p1a: Ogerpon
|-boost|p1a: Ogerpon|atk|2
|move|p2a: Arkham birbby|Power Trip|p1a: Ogerpon
|-damage|p1a: Ogerpon|46/100
|
|-heal|p2a: Arkham birbby|88/100|[from] item: Leftovers
|upkeep
|turn|14
|
|t:|1779867958
|-terastallize|p1a: Ogerpon|Water
|detailschange|p1a: Ogerpon|Ogerpon-Wellspring-Tera, F, tera:Water
|-ability|p1a: Ogerpon|Embody Aspect (Wellspring)|boost
|-boost|p1a: Ogerpon|spd|1
|move|p1a: Ogerpon|Ivy Cudgel|p2a: Arkham birbby|[anim] Ivy Cudgel Water
|-damage|p2a: Arkham birbby|0 fnt
|faint|p2a: Arkham birbby
|
|upkeep
|inactive|magicsalt has 120 seconds left.
|
|t:|1779867971
|switch|p2a: Edgey|Darkrai, shiny|13/100
|turn|15
|
|t:|1779867979
|move|p2a: Edgey|Dark Pulse|p1a: Ogerpon
|-crit|p1a: Ogerpon
|-damage|p1a: Ogerpon|0 fnt
|faint|p1a: Ogerpon
|detailschange|p1: Ogerpon|Ogerpon-Wellspring, F|[silent]
|
|upkeep
|
|t:|1779867984
|switch|p1a: Dragonite|Dragonite, M|100/100
|turn|16
|
|t:|1779867990
|switch|p2a: Spikey thingy|Toxapex, F|100/100
|move|p1a: Dragonite|Extreme Speed|p2a: Spikey thingy
|-damage|p2a: Spikey thingy|81/100
|
|-heal|p2a: Spikey thingy|87/100|[from] item: Leftovers
|upkeep
|turn|17
|
|t:|1779867999
|move|p1a: Dragonite|Dragon Dance|p1a: Dragonite
|-boost|p1a: Dragonite|atk|1
|-boost|p1a: Dragonite|spe|1
|move|p2a: Spikey thingy|Infestation|p1a: Dragonite
|-resisted|p1a: Dragonite
|-damage|p1a: Dragonite|99/100
|-activate|p1a: Dragonite|move: Infestation|[of] p2a: Spikey thingy
|
|-heal|p2a: Spikey thingy|94/100|[from] item: Leftovers
|-damage|p1a: Dragonite|88/100|[from] move: Infestation|[partiallytrapped]
|upkeep
|turn|18
|
|t:|1779868010
|move|p1a: Dragonite|Dragon Dance|p1a: Dragonite
|-boost|p1a: Dragonite|atk|1
|-boost|p1a: Dragonite|spe|1
|move|p2a: Spikey thingy|Haze|p2a: Spikey thingy
|-clearallboost
|
|-heal|p2a: Spikey thingy|99/100|[from] item: Leftovers
|-damage|p1a: Dragonite|75/100|[from] move: Infestation|[partiallytrapped]
|upkeep
|turn|19
|
|t:|1779868020
|move|p1a: Dragonite|Outrage|p2a: Spikey thingy
|-damage|p2a: Spikey thingy|61/100
|move|p2a: Spikey thingy|Haze|p2a: Spikey thingy
|-clearallboost
|
|-heal|p2a: Spikey thingy|67/100|[from] item: Leftovers
|-damage|p1a: Dragonite|63/100|[from] move: Infestation|[partiallytrapped]
|upkeep
|turn|20
|
|t:|1779868030
|move|p2a: Spikey thingy|Baneful Bunker|p2a: Spikey thingy
|-singleturn|p2a: Spikey thingy|move: Protect
|move|p1a: Dragonite|Outrage|p2a: Spikey thingy|[from] lockedmove
|-activate|p2a: Spikey thingy|move: Protect
|-status|p1a: Dragonite|psn
|
|-heal|p2a: Spikey thingy|74/100|[from] item: Leftovers
|-damage|p1a: Dragonite|50/100 psn|[from] psn
|-damage|p1a: Dragonite|38/100 psn|[from] move: Infestation|[partiallytrapped]
|upkeep
|turn|21
|
|t:|1779868044
|move|p1a: Dragonite|Outrage|p2a: Spikey thingy
|-damage|p2a: Spikey thingy|33/100
|move|p2a: Spikey thingy|Recover|p2a: Spikey thingy
|-heal|p2a: Spikey thingy|83/100
|
|-heal|p2a: Spikey thingy|89/100|[from] item: Leftovers
|-damage|p1a: Dragonite|25/100 psn|[from] psn
|-damage|p1a: Dragonite|13/100 psn|[from] move: Infestation|[partiallytrapped]
|upkeep
|turn|22
|
|t:|1779868059
|move|p2a: Spikey thingy|Baneful Bunker|p2a: Spikey thingy
|-singleturn|p2a: Spikey thingy|move: Protect
|move|p1a: Dragonite|Outrage|p2a: Spikey thingy|[from] lockedmove
|-activate|p2a: Spikey thingy|move: Protect
|
|-heal|p2a: Spikey thingy|96/100|[from] item: Leftovers
|-damage|p1a: Dragonite|0 fnt|[from] psn
|faint|p1a: Dragonite
|upkeep
|
|t:|1779868067
|switch|p1a: Great Tusk|Great Tusk|100/100
|turn|23
|
|t:|1779868077
|-terastallize|p2a: Spikey thingy|Fairy
|move|p1a: Great Tusk|Headlong Rush|p2a: Spikey thingy
|-damage|p2a: Spikey thingy|54/100
|-unboost|p1a: Great Tusk|def|1
|-unboost|p1a: Great Tusk|spd|1
|move|p2a: Spikey thingy|Infestation|p1a: Great Tusk
|-resisted|p1a: Great Tusk
|-damage|p1a: Great Tusk|98/100
|-activate|p1a: Great Tusk|move: Infestation|[of] p2a: Spikey thingy
|
|-heal|p2a: Spikey thingy|60/100|[from] item: Leftovers
|-damage|p1a: Great Tusk|85/100|[from] move: Infestation|[partiallytrapped]
|upkeep
|turn|24
|
|t:|1779868091
|move|p2a: Spikey thingy|Baneful Bunker|p2a: Spikey thingy
|-singleturn|p2a: Spikey thingy|move: Protect
|move|p1a: Great Tusk|Rapid Spin|p2a: Spikey thingy
|-activate|p2a: Spikey thingy|move: Protect
|-status|p1a: Great Tusk|psn
|
|-heal|p2a: Spikey thingy|67/100|[from] item: Leftovers
|-damage|p1a: Great Tusk|73/100 psn|[from] psn
|-damage|p1a: Great Tusk|60/100 psn|[from] move: Infestation|[partiallytrapped]
|upkeep
|turn|25
|
|t:|1779868107
|move|p1a: Great Tusk|Headlong Rush|p2a: Spikey thingy
|-damage|p2a: Spikey thingy|29/100
|-unboost|p1a: Great Tusk|def|1
|-unboost|p1a: Great Tusk|spd|1
|move|p2a: Spikey thingy|Recover|p2a: Spikey thingy
|-heal|p2a: Spikey thingy|79/100
|
|-heal|p2a: Spikey thingy|85/100|[from] item: Leftovers
|-damage|p1a: Great Tusk|48/100 psn|[from] psn
|-damage|p1a: Great Tusk|36/100 psn|[from] move: Infestation|[partiallytrapped]
|upkeep
|turn|26
|
|t:|1779868121
|move|p2a: Spikey thingy|Baneful Bunker|p2a: Spikey thingy
|-singleturn|p2a: Spikey thingy|move: Protect
|move|p1a: Great Tusk|Headlong Rush|p2a: Spikey thingy
|-activate|p2a: Spikey thingy|move: Protect
|
|-heal|p2a: Spikey thingy|91/100|[from] item: Leftovers
|-damage|p1a: Great Tusk|23/100 psn|[from] psn
|-damage|p1a: Great Tusk|11/100 psn|[from] move: Infestation|[partiallytrapped]
|upkeep
|turn|27
|-message|K1ngcash69 forfeited.
|
|win|magicsalt
|raw|K1ngcash69's rating: 1214 &rarr; <strong>1185</strong><br />(-29 for losing)
|raw|magicsalt's rating: 1165 &rarr; <strong>1194</strong><br />(+29 for winning)
|l|☆K1ngcash69
|player|p1|
