|j|☆belphegorr
|j|☆airplan
|t:|1779816580
|gametype|singles
|player|p1|belphegorr|hoopster|1313
|player|p2|airplan|swimmerf-gen4|1326
|gen|9
|tier|[Gen 9] OU
|rated|
|rule|HP Percentage Mod: HP is shown in percentages
|rule|Endless Battle Clause: Forcing endless battles is banned
|rule|Species Clause: Limit one of each Pokémon
|rule|OHKO Clause: OHKO moves are banned
|rule|Evasion Items Clause: Evasion items are banned
|rule|Evasion Moves Clause: Evasion moves are banned
|rule|Evasion Abilities Clause: Evasion abilities are banned
|rule|Sleep Moves Clause: Sleep-inducing moves are banned
|clearpoke
|poke|p1|Samurott-Hisui, F|
|poke|p1|Coalossal, M|
|poke|p1|Scyther, M|
|poke|p1|Ogerpon, F|
|poke|p1|Weavile, M|
|poke|p1|Gengar, F|
|poke|p2|Garganacl, F|
|poke|p2|Galvantula, M|
|poke|p2|Maushold-Four|
|poke|p2|Blaziken, F|
|poke|p2|Greninja-*, M|
|poke|p2|Moltres|
|teampreview
|inactive|Battle timer is ON: inactive players will automatically lose when time's up. (requested by belphegorr)
|
|t:|1779816591
|teamsize|p1|6
|teamsize|p2|6
|start
|switch|p1a: Samurott|Samurott-Hisui, F, shiny|100/100
|switch|p2a: Blaziken|Blaziken, F|100/100
|turn|1
|
|t:|1779816595
|move|p2a: Blaziken|Protect|p2a: Blaziken
|-singleturn|p2a: Blaziken|Protect
|move|p1a: Samurott|Aqua Cutter|p2a: Blaziken
|-activate|p2a: Blaziken|move: Protect
|
|-ability|p2a: Blaziken|Speed Boost|boost
|-boost|p2a: Blaziken|spe|1
|upkeep
|turn|2
|
|t:|1779816598
|move|p2a: Blaziken|Swords Dance|p2a: Blaziken
|-boost|p2a: Blaziken|atk|2
|move|p1a: Samurott|Aqua Cutter|p2a: Blaziken
|-supereffective|p2a: Blaziken
|-enditem|p2a: Blaziken|Focus Sash
|-damage|p2a: Blaziken|1/100
|
|-ability|p2a: Blaziken|Speed Boost|boost
|-boost|p2a: Blaziken|spe|1
|upkeep
|turn|3
|
|t:|1779816604
|move|p2a: Blaziken|Protect|p2a: Blaziken
|-singleturn|p2a: Blaziken|Protect
|move|p1a: Samurott|Sucker Punch||[still]
|-fail|p1a: Samurott
|
|-ability|p2a: Blaziken|Speed Boost|boost
|-boost|p2a: Blaziken|spe|1
|upkeep
|turn|4
|
|t:|1779816618
|switch|p2a: Maushold|Maushold-Four|100/100
|move|p1a: Samurott|Sucker Punch||[still]
|-fail|p1a: Samurott
|
|upkeep
|turn|5
|
|t:|1779816622
|move|p2a: Maushold|Encore|p1a: Samurott
|-start|p1a: Samurott|Encore
|move|p1a: Samurott|Sucker Punch||[still]
|-fail|p1a: Samurott
|
|upkeep
|turn|6
|
|t:|1779816625
|switch|p1a: Coalossal|Coalossal, M|100/100
|move|p2a: Maushold|Tidy Up|p2a: Maushold
|-boost|p2a: Maushold|atk|1
|-boost|p2a: Maushold|spe|1
|
|upkeep
|turn|7
|
|t:|1779816630
|move|p2a: Maushold|Population Bomb|p1a: Coalossal
|-resisted|p1a: Coalossal
|-damage|p1a: Coalossal|97/100
|-damage|p2a: Maushold|84/100|[from] item: Rocky Helmet|[of] p1a: Coalossal
|-status|p2a: Maushold|brn|[from] ability: Flame Body|[of] p1a: Coalossal
|-resisted|p1a: Coalossal
|-damage|p1a: Coalossal|95/100
|-damage|p2a: Maushold|67/100 brn|[from] item: Rocky Helmet|[of] p1a: Coalossal
|-resisted|p1a: Coalossal
|-damage|p1a: Coalossal|93/100
|-damage|p2a: Maushold|51/100 brn|[from] item: Rocky Helmet|[of] p1a: Coalossal
|-resisted|p1a: Coalossal
|-damage|p1a: Coalossal|91/100
|-damage|p2a: Maushold|34/100 brn|[from] item: Rocky Helmet|[of] p1a: Coalossal
|-resisted|p1a: Coalossal
|-damage|p1a: Coalossal|89/100
|-damage|p2a: Maushold|17/100 brn|[from] item: Rocky Helmet|[of] p1a: Coalossal
|-resisted|p1a: Coalossal
|-damage|p1a: Coalossal|87/100
|-damage|p2a: Maushold|1/100 brn|[from] item: Rocky Helmet|[of] p1a: Coalossal
|-resisted|p1a: Coalossal
|-damage|p1a: Coalossal|85/100
|-damage|p2a: Maushold|0 fnt|[from] item: Rocky Helmet|[of] p1a: Coalossal
|faint|p2a: Maushold
|-hitcount|p1a: Coalossal|7
|move|p1a: Coalossal|Stealth Rock|p2: Maushold
|-sidestart|p2: airplan|move: Stealth Rock
|
|upkeep
|-message|airplan forfeited.
|
|win|belphegorr
|raw|belphegorr's rating: 1313 &rarr; <strong>1334</strong><br />(+21 for winning)
|raw|airplan's rating: 1326 &rarr; <strong>1305</strong><br />(-21 for losing)
|l|☆airplan
|player|p2|
|l|☆belphegorr
|player|p1|
