|j|☆claudechamp
|j|☆oydess222
|t:|1779834894
|gametype|singles
|player|p1|claudechamp|265|1302
|player|p2|oydess222|102|1249
|gen|9
|tier|[Gen 9] OU
|rated|
|rule|HP Percentage Mod: HP is shown in percentages
|rule|Endless Battle Clause: Forcing endless battles is banned
|rule|Species Clause: Limit one of each Pokémon
|rule|OHKO Clause: OHKO moves are banned
|rule|Evasion Items Clause: Evasion items are banned
|rule|Evasion Moves Clause: Evasion moves are banned
|rule|Evasion Abilities Clause: Evasion abilities are banned
|rule|Sleep Moves Clause: Sleep-inducing moves are banned
|clearpoke
|poke|p1|Gliscor, F|
|poke|p1|Gholdengo|
|poke|p1|Zamazenta-*|
|poke|p1|Blissey, F|
|poke|p1|Skarmory, M|
|poke|p1|Pecharunt|
|poke|p2|Pecharunt|
|poke|p2|Ambipom, M|
|poke|p2|Iron Valiant|
|poke|p2|Ogerpon-Wellspring, F|
|poke|p2|Deoxys-Speed|
|poke|p2|Forretress, F|
|teampreview
|c|☆claudechamp|hf
|inactive|Battle timer is ON: inactive players will automatically lose when time's up. (requested by claudechamp)
|
|t:|1779834902
|teamsize|p1|6
|teamsize|p2|6
|start
|switch|p1a: Skarmory|Skarmory, M|100/100
|switch|p2a: Ogerpon|Ogerpon-Wellspring, F|100/100
|turn|1
|
|t:|1779834907
|move|p2a: Ogerpon|Knock Off|p1a: Skarmory
|-damage|p1a: Skarmory|78/100
|-enditem|p1a: Skarmory|Heavy-Duty Boots|[from] move: Knock Off|[of] p2a: Ogerpon
|move|p1a: Skarmory|Spikes|p2a: Ogerpon
|-sidestart|p2: oydess222|Spikes
|
|upkeep
|turn|2
|
|t:|1779834915
|move|p2a: Ogerpon|Trailblaze|p1a: Skarmory
|-resisted|p1a: Skarmory
|-crit|p1a: Skarmory
|-damage|p1a: Skarmory|71/100
|-boost|p2a: Ogerpon|spe|1
|move|p1a: Skarmory|Roost|p1a: Skarmory
|-heal|p1a: Skarmory|100/100
|-singleturn|p1a: Skarmory|move: Roost
|
|upkeep
|turn|3
|
|t:|1779834923
|move|p2a: Ogerpon|Ivy Cudgel|p1a: Skarmory|[anim] Ivy Cudgel Water
|-damage|p1a: Skarmory|65/100
|move|p1a: Skarmory|Whirlwind|p2a: Ogerpon
|drag|p2a: Iron Valiant|Iron Valiant|100/100
|-damage|p2a: Iron Valiant|88/100|[from] Spikes
|
|upkeep
|turn|4
|
|t:|1779834932
|move|p2a: Iron Valiant|Drain Punch|p1a: Skarmory
|-damage|p1a: Skarmory|40/100
|-heal|p2a: Iron Valiant|100/100|[from] drain|[of] p1a: Skarmory
|move|p1a: Skarmory|Spikes|p2a: Iron Valiant
|-sidestart|p2: oydess222|Spikes
|
|upkeep
|turn|5
|
|t:|1779834936
|move|p2a: Iron Valiant|Drain Punch|p1a: Skarmory
|-damage|p1a: Skarmory|15/100
|move|p1a: Skarmory|Roost|p1a: Skarmory
|-heal|p1a: Skarmory|65/100
|-singleturn|p1a: Skarmory|move: Roost
|
|upkeep
|turn|6
|
|t:|1779834941
|move|p2a: Iron Valiant|Drain Punch|p1a: Skarmory
|-damage|p1a: Skarmory|39/100
|move|p1a: Skarmory|Spikes|p2a: Iron Valiant
|-sidestart|p2: oydess222|Spikes
|
|upkeep
|turn|7
|
|t:|1779834943
|move|p2a: Iron Valiant|Drain Punch|p1a: Skarmory
|-damage|p1a: Skarmory|16/100
|move|p1a: Skarmory|Roost|p1a: Skarmory
|-heal|p1a: Skarmory|66/100
|-singleturn|p1a: Skarmory|move: Roost
|
|upkeep
|turn|8
|
|t:|1779834948
|move|p2a: Iron Valiant|Drain Punch|p1a: Skarmory
|-damage|p1a: Skarmory|42/100
|move|p1a: Skarmory|Roost|p1a: Skarmory
|-heal|p1a: Skarmory|92/100
|-singleturn|p1a: Skarmory|move: Roost
|
|upkeep
|turn|9
|
|t:|1779834951
|move|p2a: Iron Valiant|Drain Punch|p1a: Skarmory
|-damage|p1a: Skarmory|68/100
|move|p1a: Skarmory|Whirlwind|p2a: Iron Valiant
|-end|p2a: Iron Valiant|Quark Drive|[silent]
|drag|p2a: Ogerpon|Ogerpon-Wellspring, F|100/100
|-damage|p2a: Ogerpon|76/100|[from] Spikes
|
|upkeep
|turn|10
|
|t:|1779834959
|move|p2a: Ogerpon|Ivy Cudgel|p1a: Skarmory|[anim] Ivy Cudgel Water
|-damage|p1a: Skarmory|29/100
|move|p1a: Skarmory|Whirlwind|p2a: Ogerpon
|drag|p2a: Iron Valiant|Iron Valiant|100/100
|-damage|p2a: Iron Valiant|76/100|[from] Spikes
|
|upkeep
|turn|11
|
|t:|1779834963
|move|p2a: Iron Valiant|Drain Punch|p1a: Skarmory
|-damage|p1a: Skarmory|6/100
|-heal|p2a: Iron Valiant|89/100|[from] drain|[of] p1a: Skarmory
|move|p1a: Skarmory|Roost|p1a: Skarmory
|-heal|p1a: Skarmory|56/100
|-singleturn|p1a: Skarmory|move: Roost
|
|upkeep
|turn|12
|
|t:|1779834967
|move|p2a: Iron Valiant|Drain Punch|p1a: Skarmory
|-damage|p1a: Skarmory|34/100
|-heal|p2a: Iron Valiant|100/100|[from] drain|[of] p1a: Skarmory
|move|p1a: Skarmory|Roost|p1a: Skarmory
|-heal|p1a: Skarmory|84/100
|-singleturn|p1a: Skarmory|move: Roost
|
|upkeep
|turn|13
|
|t:|1779834970
|move|p2a: Iron Valiant|Drain Punch|p1a: Skarmory
|-damage|p1a: Skarmory|61/100
|move|p1a: Skarmory|Whirlwind|p2a: Iron Valiant
|-end|p2a: Iron Valiant|Quark Drive|[silent]
|drag|p2a: Pecharunt|Pecharunt|100/100
|-damage|p2a: Pecharunt|76/100|[from] Spikes
|
|-heal|p2a: Pecharunt|82/100|[from] item: Leftovers
|upkeep
|turn|14
|
|t:|1779834975
|move|p2a: Pecharunt|Shadow Ball|p1a: Skarmory
|-damage|p1a: Skarmory|24/100
|-unboost|p1a: Skarmory|spd|1
|move|p1a: Skarmory|Roost|p1a: Skarmory
|-heal|p1a: Skarmory|74/100
|-singleturn|p1a: Skarmory|move: Roost
|
|-heal|p2a: Pecharunt|88/100|[from] item: Leftovers
|upkeep
|turn|15
|
|t:|1779834980
|switch|p1a: Gliscor|Gliscor, F|100/100
|move|p2a: Pecharunt|Shadow Ball|p1a: Gliscor
|-damage|p1a: Gliscor|79/100
|
|-heal|p2a: Pecharunt|94/100|[from] item: Leftovers
|-status|p1a: Gliscor|tox|[from] item: Toxic Orb
|upkeep
|turn|16
|
|t:|1779834986
|move|p2a: Pecharunt|Protect|p2a: Pecharunt
|-singleturn|p2a: Pecharunt|Protect
|move|p1a: Gliscor|Swords Dance|p1a: Gliscor
|-boost|p1a: Gliscor|atk|2
|
|-heal|p2a: Pecharunt|99/100|[from] item: Leftovers
|-heal|p1a: Gliscor|91/100 tox|[from] ability: Poison Heal
|upkeep
|turn|17
|
|t:|1779834989
|switch|p2a: Forretress|Forretress, F|100/100
|move|p1a: Gliscor|Earthquake|p2a: Forretress
|-damage|p2a: Forretress|63/100
|
|-heal|p1a: Gliscor|100/100 tox|[from] ability: Poison Heal
|upkeep
|turn|18
|
|t:|1779834993
|move|p1a: Gliscor|Earthquake|p2a: Forretress
|-damage|p2a: Forretress|27/100
|move|p2a: Forretress|Rapid Spin|p1a: Gliscor
|-damage|p1a: Gliscor|91/100 tox
|-boost|p2a: Forretress|spe|1
|-sideend|p2: oydess222|Spikes|[from] move: Rapid Spin|[of] p2a: Forretress
|
|-heal|p1a: Gliscor|100/100 tox|[from] ability: Poison Heal
|upkeep
|turn|19
|
|t:|1779835005
|switch|p2a: Iron Valiant|Iron Valiant|100/100
|move|p1a: Gliscor|Swords Dance|p1a: Gliscor
|-boost|p1a: Gliscor|atk|2
|
|upkeep
|turn|20
|
|t:|1779835012
|move|p2a: Iron Valiant|Destiny Bond|p2a: Iron Valiant
|-singlemove|p2a: Iron Valiant|Destiny Bond
|move|p1a: Gliscor|Earthquake|p2a: Iron Valiant
|-damage|p2a: Iron Valiant|0 fnt
|faint|p2a: Iron Valiant
|-activate|p2a: Iron Valiant|move: Destiny Bond
|-end|p2a: Iron Valiant|Quark Drive|[silent]
|faint|p1a: Gliscor
|
|upkeep
|
|t:|1779835017
|switch|p2a: Ogerpon|Ogerpon-Wellspring, F|76/100
|switch|p1a: Skarmory|Skarmory, M|74/100
|turn|21
|
|t:|1779835021
|move|p2a: Ogerpon|Ivy Cudgel|p1a: Skarmory|[anim] Ivy Cudgel Water
|-damage|p1a: Skarmory|34/100
|move|p1a: Skarmory|Roost|p1a: Skarmory
|-heal|p1a: Skarmory|84/100
|-singleturn|p1a: Skarmory|move: Roost
|
|upkeep
|turn|22
|
|t:|1779835026
|move|p2a: Ogerpon|Ivy Cudgel|p1a: Skarmory|[anim] Ivy Cudgel Water
|-crit|p1a: Skarmory
|-damage|p1a: Skarmory|33/100
|move|p1a: Skarmory|Body Press|p2a: Ogerpon
|-damage|p2a: Ogerpon|38/100
|
|upkeep
|turn|23
|
|t:|1779835030
|switch|p1a: Pecharunt|Pecharunt|100/100
|move|p2a: Ogerpon|Ivy Cudgel|p1a: Pecharunt|[anim] Ivy Cudgel Water
|-crit|p1a: Pecharunt
|-damage|p1a: Pecharunt|62/100
|
|upkeep
|turn|24
|
|t:|1779835037
|move|p2a: Ogerpon|Knock Off|p1a: Pecharunt
|-supereffective|p1a: Pecharunt
|-damage|p1a: Pecharunt|27/100
|-enditem|p1a: Pecharunt|Heavy-Duty Boots|[from] move: Knock Off|[of] p2a: Ogerpon
|move|p1a: Pecharunt|Recover|p1a: Pecharunt
|-heal|p1a: Pecharunt|77/100
|
|upkeep
|turn|25
|
|t:|1779835045
|switch|p2a: Forretress|Forretress, F|27/100
|move|p1a: Pecharunt|Shadow Ball|p2a: Forretress
|-damage|p2a: Forretress|0 fnt
|faint|p2a: Forretress
|
|upkeep
|
|t:|1779835052
|switch|p2a: Deoxys|Deoxys-Speed|100/100
|-ability|p2a: Deoxys|Pressure
|turn|26
|
|t:|1779835057
|switch|p1a: Gholdengo|Gholdengo|100/100
|move|p2a: Deoxys|Psycho Boost|p1a: Gholdengo
|-resisted|p1a: Gholdengo
|-damage|p1a: Gholdengo|70/100
|-unboost|p2a: Deoxys|spa|2
|
|upkeep
|turn|27
|
|t:|1779835065
|switch|p2a: Ogerpon|Ogerpon-Wellspring, F|38/100
|move|p1a: Gholdengo|Hex|p2a: Ogerpon
|-damage|p2a: Ogerpon|1/100
|
|upkeep
|turn|28
|
|t:|1779835071
|switch|p1a: Pecharunt|Pecharunt|77/100
|move|p2a: Ogerpon|Knock Off|p1a: Pecharunt
|-supereffective|p1a: Pecharunt
|-damage|p1a: Pecharunt|51/100
|
|upkeep
|turn|29
|
|t:|1779835080
|move|p2a: Ogerpon|Ivy Cudgel|p1a: Pecharunt|[anim] Ivy Cudgel Water
|-damage|p1a: Pecharunt|26/100
|move|p1a: Pecharunt|Recover|p1a: Pecharunt
|-heal|p1a: Pecharunt|76/100
|
|upkeep
|turn|30
|
|t:|1779835085
|move|p2a: Ogerpon|Ivy Cudgel|p1a: Pecharunt|[anim] Ivy Cudgel Water
|-damage|p1a: Pecharunt|50/100
|move|p1a: Pecharunt|Recover|p1a: Pecharunt
|-heal|p1a: Pecharunt|99/100
|
|upkeep
|turn|31
|
|t:|1779835094
|move|p2a: Ogerpon|Ivy Cudgel|p1a: Pecharunt|[anim] Ivy Cudgel Water
|-damage|p1a: Pecharunt|73/100
|move|p1a: Pecharunt|Shadow Ball|p2a: Ogerpon
|-damage|p2a: Ogerpon|0 fnt
|faint|p2a: Ogerpon
|
|upkeep
|
|t:|1779835098
|switch|p2a: Pecharunt|Pecharunt|99/100
|turn|32
|
|t:|1779835105
|move|p1a: Pecharunt|Parting Shot|p2a: Pecharunt
|-unboost|p2a: Pecharunt|atk|1
|-unboost|p2a: Pecharunt|spa|1
|
|t:|1779835115
|switch|p1a: Gholdengo|Gholdengo|70/100|[from] Parting Shot
|move|p2a: Pecharunt|Shadow Ball|p1a: Gholdengo
|-supereffective|p1a: Gholdengo
|-damage|p1a: Gholdengo|38/100
|
|-heal|p2a: Pecharunt|100/100|[from] item: Leftovers
|upkeep
|turn|33
|
|t:|1779835129
|move|p1a: Gholdengo|Recover|p1a: Gholdengo
|-heal|p1a: Gholdengo|88/100
|move|p2a: Pecharunt|Shadow Ball|p1a: Gholdengo
|-supereffective|p1a: Gholdengo
|-damage|p1a: Gholdengo|58/100
|
|upkeep
|turn|34
|
|t:|1779835137
|switch|p2a: Deoxys|Deoxys-Speed|100/100
|-ability|p2a: Deoxys|Pressure
|move|p1a: Gholdengo|Nasty Plot|p1a: Gholdengo
|-boost|p1a: Gholdengo|spa|2
|
|upkeep
|turn|35
|
|t:|1779835145
|-terastallize|p2a: Deoxys|Normal
|move|p2a: Deoxys|Shadow Ball|p1a: Gholdengo
|-supereffective|p1a: Gholdengo
|-damage|p1a: Gholdengo|13/100
|move|p1a: Gholdengo|Hex|p2a: Deoxys
|-immune|p2a: Deoxys
|
|upkeep
|turn|36
|
|t:|1779835155
|switch|p1a: Blissey|Blissey, F|100/100
|move|p2a: Deoxys|Shadow Ball|p1a: Blissey
|-immune|p1a: Blissey
|
|upkeep
|turn|37
|
|t:|1779835167
|switch|p2a: Ambipom|Ambipom, M|100/100
|move|p1a: Blissey|Stealth Rock|p2a: Ambipom
|-sidestart|p2: oydess222|move: Stealth Rock
|
|upkeep
|turn|38
|
|t:|1779835181
|switch|p1a: Zamazenta|Zamazenta|100/100
|-ability|p1a: Zamazenta|Dauntless Shield|boost
|-boost|p1a: Zamazenta|def|1
|move|p2a: Ambipom|Fake Out|p1a: Zamazenta
|-damage|p1a: Zamazenta|83/100
|
|upkeep
|turn|39
|
|t:|1779835187
|switch|p1a: Pecharunt|Pecharunt|73/100
|switch|p2a: Pecharunt|Pecharunt|100/100
|-damage|p2a: Pecharunt|88/100|[from] Stealth Rock
|
|-heal|p2a: Pecharunt|94/100|[from] item: Leftovers
|upkeep
|turn|40
|
|t:|1779835203
|move|p1a: Pecharunt|Parting Shot|p2a: Pecharunt
|-unboost|p2a: Pecharunt|atk|1
|-unboost|p2a: Pecharunt|spa|1
|
|t:|1779835208
|switch|p1a: Blissey|Blissey, F|100/100|[from] Parting Shot
|move|p2a: Pecharunt|Shadow Ball|p1a: Blissey
|-immune|p1a: Blissey
|
|-heal|p2a: Pecharunt|99/100|[from] item: Leftovers
|upkeep
|turn|41
|
|t:|1779835223
|move|p2a: Pecharunt|Malignant Chain|p1a: Blissey
|-damage|p1a: Blissey|94/100
|move|p1a: Blissey|Calm Mind|p1a: Blissey
|-boost|p1a: Blissey|spa|1
|-boost|p1a: Blissey|spd|1
|
|-heal|p2a: Pecharunt|100/100|[from] item: Leftovers
|upkeep
|turn|42
|
|t:|1779835229
|switch|p2a: Ambipom|Ambipom, M|100/100
|-damage|p2a: Ambipom|88/100|[from] Stealth Rock
|move|p1a: Blissey|Shadow Ball|p2a: Ambipom
|-immune|p2a: Ambipom
|
|upkeep
|turn|43
|
|t:|1779835235
|move|p2a: Ambipom|Triple Axel|p1a: Blissey
|-damage|p1a: Blissey|85/100
|-damage|p1a: Blissey|68/100
|-damage|p1a: Blissey|43/100
|-hitcount|p1a: Blissey|3
|move|p1a: Blissey|Calm Mind|p1a: Blissey
|-boost|p1a: Blissey|spa|1
|-boost|p1a: Blissey|spd|1
|
|upkeep
|turn|44
|
|t:|1779835241
|switch|p1a: Pecharunt|Pecharunt|73/100
|move|p2a: Ambipom|Triple Axel|p1a: Pecharunt
|-damage|p1a: Pecharunt|68/100
|-hitcount|p1a: Pecharunt|1
|
|upkeep
|turn|45
|
|t:|1779835248
|switch|p2a: Deoxys|Deoxys-Speed, tera:Normal|100/100
|-damage|p2a: Deoxys|88/100|[from] Stealth Rock
|-ability|p2a: Deoxys|Pressure
|move|p1a: Pecharunt|Recover|p1a: Pecharunt
|-heal|p1a: Pecharunt|100/100
|
|upkeep
|turn|46
|
|t:|1779835253
|switch|p1a: Blissey|Blissey, F|43/100
|move|p2a: Deoxys|Psycho Boost|p1a: Blissey
|-damage|p1a: Blissey|24/100
|-unboost|p2a: Deoxys|spa|2
|
|upkeep
|turn|47
|
|t:|1779835264
|switch|p2a: Ambipom|Ambipom, M|88/100
|-damage|p2a: Ambipom|76/100|[from] Stealth Rock
|move|p1a: Blissey|Soft-Boiled|p1a: Blissey
|-heal|p1a: Blissey|74/100
|
|upkeep
|turn|48
|
|t:|1779835271
|switch|p1a: Pecharunt|Pecharunt|100/100
|move|p2a: Ambipom|Triple Axel|p1a: Pecharunt
|-damage|p1a: Pecharunt|97/100
|-damage|p1a: Pecharunt|88/100
|-damage|p1a: Pecharunt|77/100
|-hitcount|p1a: Pecharunt|3
|
|upkeep
|turn|49
|
|t:|1779835278
|switch|p2a: Pecharunt|Pecharunt|100/100
|-damage|p2a: Pecharunt|88/100|[from] Stealth Rock
|move|p1a: Pecharunt|Recover|p1a: Pecharunt
|-heal|p1a: Pecharunt|100/100
|
|-heal|p2a: Pecharunt|94/100|[from] item: Leftovers
|upkeep
|turn|50
|
|t:|1779835285
|move|p1a: Pecharunt|Parting Shot|p2a: Pecharunt
|-unboost|p2a: Pecharunt|atk|1
|-unboost|p2a: Pecharunt|spa|1
|
|t:|1779835292
|switch|p1a: Blissey|Blissey, F|74/100|[from] Parting Shot
|move|p2a: Pecharunt|Malignant Chain|p1a: Blissey
|-damage|p1a: Blissey|68/100
|
|-heal|p2a: Pecharunt|99/100|[from] item: Leftovers
|upkeep
|turn|51
|
|t:|1779835299
|move|p2a: Pecharunt|Malignant Chain|p1a: Blissey
|-damage|p1a: Blissey|61/100
|move|p1a: Blissey|Soft-Boiled|p1a: Blissey
|-heal|p1a: Blissey|100/100
|
|-heal|p2a: Pecharunt|100/100|[from] item: Leftovers
|upkeep
|turn|52
|
|t:|1779835305
|switch|p2a: Ambipom|Ambipom, M|76/100
|-damage|p2a: Ambipom|63/100|[from] Stealth Rock
|move|p1a: Blissey|Calm Mind|p1a: Blissey
|-boost|p1a: Blissey|spa|1
|-boost|p1a: Blissey|spd|1
|
|upkeep
|turn|53
|
|t:|1779835312
|switch|p1a: Pecharunt|Pecharunt|100/100
|move|p2a: Ambipom|Fake Out|p1a: Pecharunt
|-immune|p1a: Pecharunt
|
|upkeep
|turn|54
|
|t:|1779835319
|switch|p2a: Deoxys|Deoxys-Speed, tera:Normal|88/100
|-damage|p2a: Deoxys|76/100|[from] Stealth Rock
|-ability|p2a: Deoxys|Pressure
|move|p1a: Pecharunt|Parting Shot|p2a: Deoxys
|-unboost|p2a: Deoxys|atk|1
|-unboost|p2a: Deoxys|spa|1
|
|t:|1779835327
|switch|p1a: Skarmory|Skarmory, M|33/100|[from] Parting Shot
|
|upkeep
|turn|55
|
|t:|1779835334
|move|p2a: Deoxys|Ice Beam|p1a: Skarmory
|-damage|p1a: Skarmory|9/100
|move|p1a: Skarmory|Spikes|p2a: Deoxys
|-sidestart|p2: oydess222|Spikes
|
|upkeep
|turn|56
|
|t:|1779835341
|switch|p1a: Blissey|Blissey, F|100/100
|move|p2a: Deoxys|Ice Beam|p1a: Blissey
|-damage|p1a: Blissey|95/100
|
|upkeep
|turn|57
|
|t:|1779835346
|switch|p2a: Ambipom|Ambipom, M|63/100
|-damage|p2a: Ambipom|51/100|[from] Stealth Rock
|-damage|p2a: Ambipom|39/100|[from] Spikes
|move|p1a: Blissey|Calm Mind|p1a: Blissey
|-boost|p1a: Blissey|spa|1
|-boost|p1a: Blissey|spd|1
|
|upkeep
|turn|58
|
|t:|1779835351
|switch|p1a: Pecharunt|Pecharunt|100/100
|move|p2a: Ambipom|Triple Axel|p1a: Pecharunt
|-damage|p1a: Pecharunt|96/100
|-damage|p1a: Pecharunt|88/100
|-damage|p1a: Pecharunt|77/100
|-hitcount|p1a: Pecharunt|3
|
|upkeep
|turn|59
|
|t:|1779835356
|move|p2a: Ambipom|Triple Axel|p1a: Pecharunt
|-damage|p1a: Pecharunt|72/100
|-damage|p1a: Pecharunt|64/100
|-damage|p1a: Pecharunt|51/100
|-hitcount|p1a: Pecharunt|3
|move|p1a: Pecharunt|Parting Shot|p2a: Ambipom
|-unboost|p2a: Ambipom|atk|1
|-unboost|p2a: Ambipom|spa|1
|
|t:|1779835364
|switch|p1a: Zamazenta|Zamazenta|83/100|[from] Parting Shot
|
|upkeep
|turn|60
|
|t:|1779835371
|switch|p1a: Pecharunt|Pecharunt|51/100
|switch|p2a: Pecharunt|Pecharunt|100/100
|-damage|p2a: Pecharunt|88/100|[from] Stealth Rock
|-damage|p2a: Pecharunt|76/100|[from] Spikes
|
|-heal|p2a: Pecharunt|82/100|[from] item: Leftovers
|upkeep
|turn|61
|
|t:|1779835376
|move|p1a: Pecharunt|Parting Shot|p2a: Pecharunt
|-unboost|p2a: Pecharunt|atk|1
|-unboost|p2a: Pecharunt|spa|1
|
|t:|1779835384
|switch|p1a: Blissey|Blissey, F|95/100|[from] Parting Shot
|move|p2a: Pecharunt|Malignant Chain|p1a: Blissey
|-damage|p1a: Blissey|89/100
|-status|p1a: Blissey|tox
|-start|p1a: Blissey|confusion|[from] ability: Poison Puppeteer|[of] p2a: Pecharunt
|
|-heal|p2a: Pecharunt|88/100|[from] item: Leftovers
|-damage|p1a: Blissey|83/100 tox|[from] psn
|upkeep
|turn|62
|
|t:|1779835392
|-curestatus|p1a: Blissey|tox|[from] ability: Natural Cure|[silent]
|switch|p1a: Pecharunt|Pecharunt|51/100
|move|p2a: Pecharunt|Shadow Ball|p1a: Pecharunt
|-supereffective|p1a: Pecharunt
|-damage|p1a: Pecharunt|18/100
|
|-heal|p2a: Pecharunt|94/100|[from] item: Leftovers
|upkeep
|turn|63
|
|t:|1779835401
|move|p1a: Pecharunt|Recover|p1a: Pecharunt
|-heal|p1a: Pecharunt|68/100
|move|p2a: Pecharunt|Shadow Ball|p1a: Pecharunt
|-supereffective|p1a: Pecharunt
|-damage|p1a: Pecharunt|36/100
|
|-heal|p2a: Pecharunt|99/100|[from] item: Leftovers
|upkeep
|turn|64
|
|t:|1779835411
|move|p1a: Pecharunt|Recover|p1a: Pecharunt
|-heal|p1a: Pecharunt|86/100
|move|p2a: Pecharunt|Shadow Ball|p1a: Pecharunt
|-supereffective|p1a: Pecharunt
|-damage|p1a: Pecharunt|55/100
|
|-heal|p2a: Pecharunt|100/100|[from] item: Leftovers
|upkeep
|turn|65
|
|t:|1779835419
|move|p1a: Pecharunt|Recover|p1a: Pecharunt
|-heal|p1a: Pecharunt|100/100
|move|p2a: Pecharunt|Shadow Ball|p1a: Pecharunt
|-supereffective|p1a: Pecharunt
|-damage|p1a: Pecharunt|68/100
|-unboost|p1a: Pecharunt|spd|1
|
|upkeep
|turn|66
|
|t:|1779835427
|move|p1a: Pecharunt|Parting Shot|p2a: Pecharunt
|-unboost|p2a: Pecharunt|atk|1
|-unboost|p2a: Pecharunt|spa|1
|
|t:|1779835436
|switch|p1a: Zamazenta|Zamazenta|83/100|[from] Parting Shot
|move|p2a: Pecharunt|Malignant Chain|p1a: Zamazenta
|-damage|p1a: Zamazenta|70/100
|-status|p1a: Zamazenta|tox
|-start|p1a: Zamazenta|confusion|[from] ability: Poison Puppeteer|[of] p2a: Pecharunt
|
|-damage|p1a: Zamazenta|64/100 tox|[from] psn
|upkeep
|turn|67
|
|t:|1779835449
|switch|p1a: Blissey|Blissey, F|83/100
|move|p2a: Pecharunt|Protect||[still]
|-fail|p2a: Pecharunt
|
|upkeep
|turn|68
|
|t:|1779835457
|move|p2a: Pecharunt|Malignant Chain|p1a: Blissey
|-damage|p1a: Blissey|78/100
|move|p1a: Blissey|Soft-Boiled|p1a: Blissey
|-heal|p1a: Blissey|100/100
|
|upkeep
|turn|69
|
|t:|1779835465
|switch|p2a: Ambipom|Ambipom, M|39/100
|-damage|p2a: Ambipom|26/100|[from] Stealth Rock
|-damage|p2a: Ambipom|14/100|[from] Spikes
|switch|p1a: Pecharunt|Pecharunt|68/100
|
|upkeep
|turn|70
|
|t:|1779835476
|move|p2a: Ambipom|Triple Axel|p1a: Pecharunt
|-damage|p1a: Pecharunt|64/100
|-damage|p1a: Pecharunt|55/100
|-damage|p1a: Pecharunt|43/100
|-hitcount|p1a: Pecharunt|3
|move|p1a: Pecharunt|Toxic|p2a: Ambipom
|-status|p2a: Ambipom|tox
|-start|p2a: Ambipom|confusion|[from] ability: Poison Puppeteer|[of] p1a: Pecharunt
|
|-damage|p2a: Ambipom|8/100 tox|[from] psn
|upkeep
|turn|71
|
|t:|1779835482
|-activate|p2a: Ambipom|confusion
|move|p2a: Ambipom|Triple Axel|p1a: Pecharunt
|-damage|p1a: Pecharunt|39/100
|-damage|p1a: Pecharunt|31/100
|-damage|p1a: Pecharunt|19/100
|-hitcount|p1a: Pecharunt|3
|move|p1a: Pecharunt|Parting Shot|p2a: Ambipom
|-unboost|p2a: Ambipom|atk|1
|-unboost|p2a: Ambipom|spa|1
|
|t:|1779835490
|switch|p1a: Blissey|Blissey, F|100/100|[from] Parting Shot
|
|-damage|p2a: Ambipom|0 fnt|[from] psn
|faint|p2a: Ambipom
|upkeep
|
|t:|1779835493
|switch|p2a: Pecharunt|Pecharunt|100/100
|-damage|p2a: Pecharunt|88/100|[from] Stealth Rock
|-damage|p2a: Pecharunt|76/100|[from] Spikes
|turn|72
|
|t:|1779835499
|move|p2a: Pecharunt|Malignant Chain|p1a: Blissey
|-damage|p1a: Blissey|90/100
|move|p1a: Blissey|Shadow Ball|p2a: Pecharunt
|-supereffective|p2a: Pecharunt
|-damage|p2a: Pecharunt|48/100
|
|-heal|p2a: Pecharunt|54/100|[from] item: Leftovers
|upkeep
|turn|73
|
|t:|1779835505
|switch|p2a: Deoxys|Deoxys-Speed, tera:Normal|76/100
|-damage|p2a: Deoxys|63/100|[from] Stealth Rock
|-damage|p2a: Deoxys|51/100|[from] Spikes
|-ability|p2a: Deoxys|Pressure
|move|p1a: Blissey|Shadow Ball|p2a: Deoxys
|-immune|p2a: Deoxys
|
|upkeep
|turn|74
|
|t:|1779835511
|move|p2a: Deoxys|Ice Beam|p1a: Blissey
|-damage|p1a: Blissey|83/100
|move|p1a: Blissey|Calm Mind|p1a: Blissey
|-boost|p1a: Blissey|spa|1
|-boost|p1a: Blissey|spd|1
|
|upkeep
|turn|75
|
|t:|1779835516
|move|p2a: Deoxys|Flash Cannon|p1a: Blissey
|-damage|p1a: Blissey|79/100
|move|p1a: Blissey|Soft-Boiled|p1a: Blissey
|-heal|p1a: Blissey|100/100
|
|upkeep
|turn|76
|
|t:|1779835522
|move|p2a: Deoxys|Flash Cannon|p1a: Blissey
|-damage|p1a: Blissey|96/100
|move|p1a: Blissey|Calm Mind|p1a: Blissey
|-boost|p1a: Blissey|spa|1
|-boost|p1a: Blissey|spd|1
|
|upkeep
|turn|77
|
|t:|1779835528
|move|p2a: Deoxys|Flash Cannon|p1a: Blissey
|-damage|p1a: Blissey|93/100
|move|p1a: Blissey|Calm Mind|p1a: Blissey
|-boost|p1a: Blissey|spa|1
|-boost|p1a: Blissey|spd|1
|
|upkeep
|turn|78
|
|t:|1779835538
|move|p2a: Deoxys|Flash Cannon|p1a: Blissey
|-damage|p1a: Blissey|90/100
|move|p1a: Blissey|Soft-Boiled|p1a: Blissey
|-heal|p1a: Blissey|100/100
|
|upkeep
|turn|79
|-message|oydess222 forfeited.
|
|win|claudechamp
|raw|claudechamp's rating: 1306 &rarr; <strong>1323</strong><br />(+17 for winning)
|raw|oydess222's rating: 1249 &rarr; <strong>1228</strong><br />(-21 for losing)
|l|☆oydess222
|player|p2|
|c|☆claudechamp|gg
