|j|☆oreki350
|j|☆yeroVH
|t:|1779894916
|gametype|singles
|player|p1|oreki350|1|1121
|player|p2|yeroVH|hilbert|1097
|gen|9
|tier|[Gen 9] OU
|rated|
|rule|HP Percentage Mod: HP is shown in percentages
|rule|Endless Battle Clause: Forcing endless battles is banned
|rule|Species Clause: Limit one of each Pokémon
|rule|OHKO Clause: OHKO moves are banned
|rule|Evasion Items Clause: Evasion items are banned
|rule|Evasion Moves Clause: Evasion moves are banned
|rule|Evasion Abilities Clause: Evasion abilities are banned
|rule|Sleep Moves Clause: Sleep-inducing moves are banned
|clearpoke
|poke|p1|Klawf, M|
|poke|p1|Basculin-White-Striped, F|
|poke|p1|Minior|
|poke|p1|Bellibolt, F|
|poke|p1|Lokix, M|
|poke|p1|Crabominable, M|
|poke|p2|Torkoal, M|
|poke|p2|Venusaur, F|
|poke|p2|Weezing-Galar, M|
|poke|p2|Camerupt, F|
|poke|p2|Shiftry, M|
|poke|p2|Whimsicott, F|
|teampreview
|inactive|Battle timer is ON: inactive players will automatically lose when time's up. (requested by oreki350)
|
|t:|1779894930
|teamsize|p1|6
|teamsize|p2|6
|start
|switch|p1a: Basculin|Basculin-White-Striped, F|100/100
|switch|p2a: Torkoal|Torkoal, M, shiny|100/100
|-weather|SunnyDay|[from] ability: Drought|[of] p2a: Torkoal
|turn|1
|
|t:|1779894937
|move|p1a: Basculin|Flip Turn|p2a: Torkoal
|-supereffective|p2a: Torkoal
|-damage|p2a: Torkoal|72/100
|
|t:|1779894958
|switch|p1a: Bellibolt|Bellibolt, F|100/100|[from] Flip Turn
|move|p2a: Torkoal|Will-O-Wisp|p1a: Bellibolt
|-status|p1a: Bellibolt|brn
|
|-weather|SunnyDay|[upkeep]
|-damage|p1a: Bellibolt|94/100 brn|[from] brn
|upkeep
|turn|2
|
|t:|1779894968
|switch|p2a: Camerupt|Camerupt, F|100/100
|move|p1a: Bellibolt|Charge Beam|p2a: Camerupt
|-immune|p2a: Camerupt
|
|-weather|SunnyDay|[upkeep]
|-heal|p1a: Bellibolt|100/100 brn|[from] item: Leftovers
|-damage|p1a: Bellibolt|94/100 brn|[from] brn
|upkeep
|turn|3
|
|t:|1779894976
|move|p1a: Bellibolt|Chilling Water|p2a: Camerupt
|-supereffective|p2a: Camerupt
|-damage|p2a: Camerupt|74/100
|-unboost|p2a: Camerupt|atk|1
|move|p2a: Camerupt|Earth Power|p1a: Bellibolt
|-supereffective|p1a: Bellibolt
|-damage|p1a: Bellibolt|20/100 brn
|-start|p1a: Bellibolt|Charge|Earth Power|[from] ability: Electromorphosis
|
|-weather|SunnyDay|[upkeep]
|-heal|p1a: Bellibolt|26/100 brn|[from] item: Leftovers
|-heal|p2a: Camerupt|80/100|[from] item: Leftovers
|-damage|p1a: Bellibolt|20/100 brn|[from] brn
|upkeep
|turn|4
|
|t:|1779894986
|switch|p1a: Minior|Minior, shiny|100/100
|-formechange|p1a: Minior|Minior-Meteor||[from] ability: Shields Down
|move|p2a: Camerupt|Earth Power|p1a: Minior
|-immune|p1a: Minior
|
|-weather|SunnyDay|[upkeep]
|-heal|p2a: Camerupt|87/100|[from] item: Leftovers
|upkeep
|turn|5
|inactive|yeroVH has 120 seconds left.
|
|t:|1779895024
|switch|p2a: Weezing|Weezing-Galar, M|100/100
|-ability|p2a: Weezing|Neutralizing Gas
|move|p1a: Minior|Shell Smash|p1a: Minior
|-unboost|p1a: Minior|def|1
|-unboost|p1a: Minior|spd|1
|-boost|p1a: Minior|atk|2
|-boost|p1a: Minior|spa|2
|-boost|p1a: Minior|spe|2
|-enditem|p1a: Minior|White Herb
|-clearnegativeboost|p1a: Minior|[silent]
|
|-weather|SunnyDay|[upkeep]
|upkeep
|turn|6
|inactive|yeroVH has 120 seconds left.
|inactive|oreki350 has 120 seconds left.
|inactive|oreki350 has 90 seconds left.
|inactive|oreki350 has 60 seconds left.
|
|t:|1779895116
|move|p1a: Minior|Earth Power|p2a: Weezing
|-supereffective|p2a: Weezing
|-damage|p2a: Weezing|21/100
|move|p2a: Weezing|Toxic|p1a: Minior
|-immune|p1a: Minior|[from] ability: Shields Down
|
|-weather|SunnyDay|[upkeep]
|-heal|p2a: Weezing|27/100|[from] item: Black Sludge
|upkeep
|turn|7
|inactive|yeroVH has 120 seconds left.
|c|☆oreki350|:p
|
|t:|1779895141
|-end|p2a: Weezing|ability: Neutralizing Gas
|switch|p2a: Whimsicott|Whimsicott, F, shiny|100/100
|move|p1a: Minior|Shell Smash|p1a: Minior
|-unboost|p1a: Minior|def|1
|-unboost|p1a: Minior|spd|1
|-boost|p1a: Minior|atk|2
|-boost|p1a: Minior|spa|2
|-boost|p1a: Minior|spe|2
|
|-weather|SunnyDay|[upkeep]
|upkeep
|turn|8
|
|t:|1779895148
|move|p2a: Whimsicott|Encore|p1a: Minior
|-start|p1a: Minior|Encore
|move|p1a: Minior|Shell Smash|p1a: Minior
|-unboost|p1a: Minior|def|1
|-unboost|p1a: Minior|spd|1
|-boost|p1a: Minior|atk|2
|-boost|p1a: Minior|spa|2
|-boost|p1a: Minior|spe|2
|
|-weather|none
|upkeep
|turn|9
|
|t:|1779895155
|switch|p1a: Crabominable|Crabominable, M|100/100
|move|p2a: Whimsicott|Moonblast|p1a: Crabominable
|-supereffective|p1a: Crabominable
|-damage|p1a: Crabominable|0 fnt
|faint|p1a: Crabominable
|
|upkeep
|
|t:|1779895163
|switch|p1a: Minior|Minior, shiny|100/100
|-formechange|p1a: Minior|Minior-Meteor||[from] ability: Shields Down
|turn|10
|inactive|yeroVH has 120 seconds left.
|
|t:|1779895191
|move|p2a: Whimsicott|Tailwind|p2a: Whimsicott
|-sidestart|p2: yeroVH|move: Tailwind
|move|p1a: Minior|Acrobatics|p2a: Whimsicott
|-supereffective|p2a: Whimsicott
|-damage|p2a: Whimsicott|0 fnt
|faint|p2a: Whimsicott
|
|upkeep
|
|t:|1779895196
|switch|p2a: Shiftry|Shiftry, M|100/100
|-ability|p2a: Shiftry|Wind Rider|boost
|-boost|p2a: Shiftry|atk|1
|turn|11
|
|t:|1779895202
|move|p2a: Shiftry|Knock Off|p1a: Minior
|-damage|p1a: Minior|36/100
|move|p1a: Minior|Acrobatics|p2a: Shiftry
|-supereffective|p2a: Shiftry
|-enditem|p2a: Shiftry|Focus Sash
|-damage|p2a: Shiftry|1/100
|
|-formechange|p1a: Minior|Minior||[from] ability: Shields Down
|upkeep
|turn|12
|
|t:|1779895209
|move|p2a: Shiftry|Leaf Blade|p1a: Minior
|-damage|p1a: Minior|0 fnt
|faint|p1a: Minior
|
|upkeep
|
|t:|1779895222
|switch|p1a: Basculin|Basculin-White-Striped, F|100/100
|turn|13
|
|t:|1779895226
|move|p1a: Basculin|Aqua Jet|p2a: Shiftry
|-resisted|p2a: Shiftry
|-damage|p2a: Shiftry|0 fnt
|faint|p2a: Shiftry
|
|-sideend|p2: yeroVH|move: Tailwind
|upkeep
|
|t:|1779895229
|switch|p2a: Torkoal|Torkoal, M, shiny|72/100
|-weather|SunnyDay|[from] ability: Drought|[of] p2a: Torkoal
|turn|14
|
|t:|1779895238
|move|p1a: Basculin|Liquidation|p2a: Torkoal
|-supereffective|p2a: Torkoal
|-damage|p2a: Torkoal|34/100
|move|p2a: Torkoal|Earth Power|p1a: Basculin
|-damage|p1a: Basculin|65/100
|-unboost|p1a: Basculin|spd|1
|
|-weather|SunnyDay|[upkeep]
|upkeep
|turn|15
|
|t:|1779895242
|move|p1a: Basculin|Liquidation|p2a: Torkoal
|-supereffective|p2a: Torkoal
|-damage|p2a: Torkoal|0 fnt
|faint|p2a: Torkoal
|
|-weather|SunnyDay|[upkeep]
|upkeep
|
|t:|1779895245
|switch|p2a: Venusaur|Venusaur, F|100/100
|turn|16
|
|t:|1779895250
|move|p2a: Venusaur|Solar Beam||[still]
|-prepare|p2a: Venusaur|Solar Beam
|-anim|p2a: Venusaur|Solar Beam|p1a: Basculin
|-supereffective|p1a: Basculin
|-damage|p1a: Basculin|0 fnt
|faint|p1a: Basculin
|-damage|p2a: Venusaur|91/100|[from] item: Life Orb
|
|-weather|SunnyDay|[upkeep]
|upkeep
|
|t:|1779895262
|switch|p1a: Lokix|Lokix, M|100/100
|turn|17
|
|t:|1779895267
|move|p2a: Venusaur|Weather Ball|p1a: Lokix
|-supereffective|p1a: Lokix
|-damage|p1a: Lokix|0 fnt
|faint|p1a: Lokix
|-damage|p2a: Venusaur|81/100|[from] item: Life Orb
|
|-weather|SunnyDay|[upkeep]
|upkeep
|
|t:|1779895284
|switch|p1a: Klawf|Klawf, M|100/100
|turn|18
|
|t:|1779895288
|move|p2a: Venusaur|Solar Beam||[still]
|-prepare|p2a: Venusaur|Solar Beam
|-anim|p2a: Venusaur|Solar Beam|p1a: Klawf
|-supereffective|p1a: Klawf
|-enditem|p1a: Klawf|Focus Sash
|-damage|p1a: Klawf|1/100
|-ability|p1a: Klawf|Anger Shell|boost
|-boost|p1a: Klawf|atk|1
|-boost|p1a: Klawf|spa|1
|-boost|p1a: Klawf|spe|1
|-unboost|p1a: Klawf|def|1
|-unboost|p1a: Klawf|spd|1
|-damage|p2a: Venusaur|71/100|[from] item: Life Orb
|move|p1a: Klawf|Trailblaze|p2a: Venusaur
|-resisted|p2a: Venusaur
|-damage|p2a: Venusaur|62/100
|-boost|p1a: Klawf|spe|1
|
|-weather|SunnyDay|[upkeep]
|upkeep
|turn|19
|
|t:|1779895296
|move|p2a: Venusaur|Solar Beam||[still]
|-prepare|p2a: Venusaur|Solar Beam
|-anim|p2a: Venusaur|Solar Beam|p1a: Klawf
|-supereffective|p1a: Klawf
|-damage|p1a: Klawf|0 fnt
|faint|p1a: Klawf
|-damage|p2a: Venusaur|52/100|[from] item: Life Orb
|
|-weather|SunnyDay|[upkeep]
|upkeep
|-message|oreki350 forfeited.
|
|win|yeroVH
|raw|oreki350's rating: 1121 &rarr; <strong>1094</strong><br />(-27 for losing)
|raw|yeroVH's rating: 1097 &rarr; <strong>1124</strong><br />(+27 for winning)
|l|☆oreki350
|player|p1|
|l|☆yeroVH
|player|p2|
