|j|☆Rubicouss
|j|☆bring09
|t:|1779944230
|gametype|singles
|player|p1|Rubicouss|gambler|1351
|player|p2|bring09|102|1347
|gen|9
|tier|[Gen 9] OU
|rated|
|rule|HP Percentage Mod: HP is shown in percentages
|rule|Endless Battle Clause: Forcing endless battles is banned
|rule|Species Clause: Limit one of each Pokémon
|rule|OHKO Clause: OHKO moves are banned
|rule|Evasion Items Clause: Evasion items are banned
|rule|Evasion Moves Clause: Evasion moves are banned
|rule|Evasion Abilities Clause: Evasion abilities are banned
|rule|Sleep Moves Clause: Sleep-inducing moves are banned
|clearpoke
|poke|p1|Eiscue, F|
|poke|p1|Glimmora, M|
|poke|p1|Great Tusk|
|poke|p1|Dondozo, M|
|poke|p1|Wo-Chien|
|poke|p1|Gholdengo|
|poke|p2|Ceruledge, M|
|poke|p2|Dragapult, M|
|poke|p2|Garchomp, F|
|poke|p2|Meowscarada, F|
|poke|p2|Keldeo-Resolute|
|poke|p2|Iron Valiant|
|teampreview
|inactive|Battle timer is ON: inactive players will automatically lose when time's up. (requested by bring09)
|
|t:|1779944244
|teamsize|p1|6
|teamsize|p2|6
|start
|switch|p1a: Glimmora|Glimmora, M|100/100
|switch|p2a: LATINO|Keldeo-Resolute|100/100
|turn|1
|
|t:|1779944251
|-terastallize|p2a: LATINO|Water
|move|p2a: LATINO|Surf|p1a: Glimmora
|-supereffective|p1a: Glimmora
|-enditem|p1a: Glimmora|Focus Sash
|-damage|p1a: Glimmora|1/100
|move|p1a: Glimmora|Stealth Rock|p2a: LATINO
|-sidestart|p2: bring09|move: Stealth Rock
|
|upkeep
|turn|2
|
|t:|1779944259
|switch|p1a: Wo-Chien|Wo-Chien|100/100
|-ability|p1a: Wo-Chien|Tablets of Ruin
|move|p2a: LATINO|Surf|p1a: Wo-Chien
|-resisted|p1a: Wo-Chien
|-damage|p1a: Wo-Chien|75/100
|
|-heal|p1a: Wo-Chien|81/100|[from] item: Leftovers
|upkeep
|turn|3
|
|t:|1779944278
|switch|p2a: RUIN|Dragapult, M|100/100
|-damage|p2a: RUIN|88/100|[from] Stealth Rock
|move|p1a: Wo-Chien|Giga Drain|p2a: RUIN
|-resisted|p2a: RUIN
|-damage|p2a: RUIN|73/100
|-heal|p1a: Wo-Chien|88/100|[from] drain|[of] p2a: RUIN
|
|-heal|p1a: Wo-Chien|94/100|[from] item: Leftovers
|upkeep
|turn|4
|
|t:|1779944293
|move|p2a: RUIN|Will-O-Wisp|p1a: Wo-Chien
|-status|p1a: Wo-Chien|brn
|move|p1a: Wo-Chien|Stun Spore|p2a: RUIN|[miss]
|-miss|p1a: Wo-Chien|p2a: RUIN
|
|-heal|p1a: Wo-Chien|99/100 brn|[from] item: Leftovers
|-damage|p1a: Wo-Chien|94/100 brn|[from] brn
|upkeep
|turn|5
|inactive|bring09 has 120 seconds left.
|
|t:|1779944320
|switch|p2a: GATA|Meowscarada, F|100/100
|-damage|p2a: GATA|88/100|[from] Stealth Rock
|move|p1a: Wo-Chien|Ruination|p2a: GATA|[miss]
|-miss|p1a: Wo-Chien|p2a: GATA
|
|-heal|p1a: Wo-Chien|99/100 brn|[from] item: Leftovers
|-damage|p1a: Wo-Chien|94/100 brn|[from] brn
|upkeep
|turn|6
|inactive|bring09 has 120 seconds left.
|
|t:|1779944335
|switch|p1a: Glimmora|Glimmora, M|1/100
|move|p2a: GATA|Knock Off|p1a: Glimmora
|-start|p2a: GATA|typechange|Dark|[from] ability: Protean
|-damage|p1a: Glimmora|0 fnt
|-activate|p1a: Glimmora|ability: Toxic Debris
|-sidestart|p2: bring09|move: Toxic Spikes
|faint|p1a: Glimmora
|
|upkeep
|
|t:|1779944344
|switch|p1a: Eiscue|Eiscue, F|100/100
|turn|7
|
|t:|1779944347
|move|p2a: GATA|Knock Off|p1a: Eiscue
|-activate|p1a: Eiscue|ability: Ice Face
|-damage|p1a: Eiscue|100/100
|-enditem|p1a: Eiscue|Salac Berry|[from] move: Knock Off|[of] p2a: GATA
|detailschange|p1a: Eiscue|Eiscue-Noice, F
|move|p1a: Eiscue|Substitute|p1a: Eiscue
|-start|p1a: Eiscue|Substitute
|-damage|p1a: Eiscue|76/100
|
|upkeep
|turn|8
|
|t:|1779944356
|move|p2a: GATA|Knock Off|p1a: Eiscue
|-end|p1a: Eiscue|Substitute
|move|p1a: Eiscue|Belly Drum|p1a: Eiscue
|-damage|p1a: Eiscue|26/100
|-setboost|p1a: Eiscue|atk|6|[from] move: Belly Drum
|
|upkeep
|turn|9
|
|t:|1779944364
|move|p2a: GATA|Knock Off|p1a: Eiscue
|-damage|p1a: Eiscue|0 fnt
|faint|p1a: Eiscue
|
|upkeep
|-message|Rubicouss forfeited.
|
|win|bring09
|raw|Rubicouss's rating: 1351 &rarr; <strong>1331</strong><br />(-20 for losing)
|raw|bring09's rating: 1347 &rarr; <strong>1367</strong><br />(+20 for winning)
|l|☆Rubicouss
|player|p1|
|l|☆bring09
|player|p2|
