|j|☆ScolipedeIsGreat
|j|☆ashred57
|t:|1779948438
|gametype|singles
|player|p1|ScolipedeIsGreat|dragontamer|1334
|player|p2|ashred57|brock|1337
|gen|9
|tier|[Gen 9] OU
|rated|
|rule|HP Percentage Mod: HP is shown in percentages
|rule|Endless Battle Clause: Forcing endless battles is banned
|rule|Species Clause: Limit one of each Pokémon
|rule|OHKO Clause: OHKO moves are banned
|rule|Evasion Items Clause: Evasion items are banned
|rule|Evasion Moves Clause: Evasion moves are banned
|rule|Evasion Abilities Clause: Evasion abilities are banned
|rule|Sleep Moves Clause: Sleep-inducing moves are banned
|clearpoke
|poke|p1|Dragapult, F|
|poke|p1|Rotom-Wash|
|poke|p1|Ursaluna, M|
|poke|p1|Great Tusk|
|poke|p1|Iron Moth|
|poke|p1|Moltres-Galar|
|poke|p2|Gliscor, F|
|poke|p2|Gholdengo|
|poke|p2|Dragonite, F|
|poke|p2|Ting-Lu|
|poke|p2|Darkrai|
|poke|p2|Zamazenta-*|
|teampreview
|inactive|Battle timer is ON: inactive players will automatically lose when time's up. (requested by ScolipedeIsGreat)
|
|t:|1779948448
|teamsize|p1|6
|teamsize|p2|6
|start
|switch|p1a: Great Tusk|Great Tusk|100/100
|switch|p2a: Gholdengo|Gholdengo|100/100
|turn|1
|
|t:|1779948459
|-terastallize|p2a: Gholdengo|Steel
|move|p2a: Gholdengo|Make It Rain|p1a: Great Tusk
|-damage|p1a: Great Tusk|0 fnt
|-unboost|p2a: Gholdengo|spa|1
|faint|p1a: Great Tusk
|-end|p1a: Great Tusk|Protosynthesis|[silent]
|
|upkeep
|
|t:|1779948464
|switch|p1a: Sol|Iron Moth|100/100
|-enditem|p1a: Sol|Booster Energy
|-activate|p1a: Sol|ability: Quark Drive|[fromitem]
|-start|p1a: Sol|quarkdrivespe
|turn|2
|
|t:|1779948474
|switch|p2a: Ting-Lu|Ting-Lu|100/100
|-ability|p2a: Ting-Lu|Vessel of Ruin
|move|p1a: Sol|Fiery Dance|p2a: Ting-Lu
|-damage|p2a: Ting-Lu|82/100
|-boost|p1a: Sol|spa|1
|
|-heal|p2a: Ting-Lu|88/100|[from] item: Leftovers
|upkeep
|turn|3
|
|t:|1779948495
|-terastallize|p1a: Sol|Grass
|move|p1a: Sol|Energy Ball|p2a: Ting-Lu
|-supereffective|p2a: Ting-Lu
|-damage|p2a: Ting-Lu|32/100
|move|p2a: Ting-Lu|Earthquake|p1a: Sol
|-resisted|p1a: Sol
|-damage|p1a: Sol|74/100
|
|-heal|p2a: Ting-Lu|39/100|[from] item: Leftovers
|upkeep
|turn|4
|
|t:|1779948515
|switch|p2a: Gholdengo|Gholdengo, tera:Steel|100/100
|move|p1a: Sol|Energy Ball|p2a: Gholdengo
|-resisted|p2a: Gholdengo
|-damage|p2a: Gholdengo|57/100
|-unboost|p2a: Gholdengo|spd|1
|
|upkeep
|turn|5
|
|t:|1779948533
|switch|p2a: Dragonite|Dragonite, F|100/100
|move|p1a: Sol|Fiery Dance|p2a: Dragonite
|-resisted|p2a: Dragonite
|-damage|p2a: Dragonite|87/100
|-boost|p1a: Sol|spa|1
|
|upkeep
|turn|6
|inactive|ashred57 has 120 seconds left.
|
|t:|1779948555
|move|p2a: Dragonite|Extreme Speed|p1a: Sol
|-damage|p1a: Sol|32/100
|move|p1a: Sol|Sludge Wave|p2a: Dragonite
|-damage|p2a: Dragonite|0 fnt
|faint|p2a: Dragonite
|
|upkeep
|inactive|ashred57 has 120 seconds left.
|
|t:|1779948590
|switch|p2a: Zamazenta|Zamazenta|100/100
|-ability|p2a: Zamazenta|Dauntless Shield|boost
|-boost|p2a: Zamazenta|def|1
|turn|7
|inactive|ashred57 has 90 seconds left.
|
|t:|1779948618
|move|p1a: Sol|Sludge Wave|p2a: Zamazenta
|-damage|p2a: Zamazenta|12/100
|move|p2a: Zamazenta|Close Combat|p1a: Sol
|-damage|p1a: Sol|0 fnt
|-unboost|p2a: Zamazenta|def|1
|-unboost|p2a: Zamazenta|spd|1
|faint|p1a: Sol
|-end|p1a: Sol|Quark Drive|[silent]
|
|upkeep
|
|t:|1779948624
|switch|p1a: Freak Emote|Moltres-Galar|100/100
|turn|8
|inactive|ashred57 has 90 seconds left.
|
|t:|1779948635
|switch|p2a: Ting-Lu|Ting-Lu|39/100
|-ability|p2a: Ting-Lu|Vessel of Ruin
|move|p1a: Freak Emote|Agility|p1a: Freak Emote
|-boost|p1a: Freak Emote|spe|2
|
|-heal|p2a: Ting-Lu|45/100|[from] item: Leftovers
|upkeep
|turn|9
|inactive|ashred57 has 90 seconds left.
|
|t:|1779948641
|move|p1a: Freak Emote|Air Slash|p2a: Ting-Lu
|-damage|p2a: Ting-Lu|31/100
|move|p2a: Ting-Lu|Whirlwind|p1a: Freak Emote
|drag|p1a: Dragapult|Dragapult, F|100/100
|
|-heal|p2a: Ting-Lu|37/100|[from] item: Leftovers
|upkeep
|turn|10
|
|t:|1779948649
|move|p1a: Dragapult|Surf|p2a: Ting-Lu
|-supereffective|p2a: Ting-Lu
|-damage|p2a: Ting-Lu|15/100
|move|p2a: Ting-Lu|Earthquake|p1a: Dragapult
|-damage|p1a: Dragapult|48/100
|
|-heal|p2a: Ting-Lu|21/100|[from] item: Leftovers
|upkeep
|turn|11
|
|t:|1779948661
|switch|p2a: Gholdengo|Gholdengo, tera:Steel|57/100
|move|p1a: Dragapult|Surf|p2a: Gholdengo
|-damage|p2a: Gholdengo|24/100
|
|upkeep
|turn|12
|
|t:|1779948670
|move|p2a: Gholdengo|Make It Rain|p1a: Dragapult
|-damage|p1a: Dragapult|0 fnt
|-unboost|p2a: Gholdengo|spa|1
|faint|p1a: Dragapult
|
|upkeep
|
|t:|1779948677
|switch|p1a: Freak Emote|Moltres-Galar|100/100
|turn|13
|
|t:|1779948685
|switch|p2a: Zamazenta|Zamazenta|12/100
|move|p1a: Freak Emote|Fiery Wrath|p2a: Zamazenta
|-resisted|p2a: Zamazenta
|-damage|p2a: Zamazenta|0 fnt
|faint|p2a: Zamazenta
|
|upkeep
|
|t:|1779948693
|switch|p2a: Gliscor|Gliscor, F|100/100
|turn|14
|
|t:|1779948696
|move|p1a: Freak Emote|Agility|p1a: Freak Emote
|-boost|p1a: Freak Emote|spe|2
|move|p2a: Gliscor|Toxic|p1a: Freak Emote
|-status|p1a: Freak Emote|tox
|
|-damage|p1a: Freak Emote|94/100 tox|[from] psn
|-status|p2a: Gliscor|tox|[from] item: Toxic Orb
|upkeep
|turn|15
|
|t:|1779948708
|move|p1a: Freak Emote|Ancient Power|p2a: Gliscor
|-damage|p2a: Gliscor|77/100 tox
|move|p2a: Gliscor|Knock Off|p1a: Freak Emote
|-resisted|p1a: Freak Emote
|-damage|p1a: Freak Emote|83/100 tox
|-enditem|p1a: Freak Emote|Sitrus Berry|[from] move: Knock Off|[of] p2a: Gliscor
|
|-damage|p1a: Freak Emote|70/100 tox|[from] psn
|-heal|p2a: Gliscor|89/100 tox|[from] ability: Poison Heal
|upkeep
|turn|16
|
|t:|1779948721
|move|p1a: Freak Emote|Fiery Wrath|p2a: Gliscor
|-damage|p2a: Gliscor|33/100 tox
|cant|p2a: Gliscor|flinch
|
|-damage|p1a: Freak Emote|52/100 tox|[from] psn
|-heal|p2a: Gliscor|46/100 tox|[from] ability: Poison Heal
|upkeep
|turn|17
|
|t:|1779948729
|move|p2a: Gliscor|Protect|p2a: Gliscor
|-singleturn|p2a: Gliscor|Protect
|move|p1a: Freak Emote|Fiery Wrath|p2a: Gliscor
|-activate|p2a: Gliscor|move: Protect
|
|-damage|p1a: Freak Emote|27/100 tox|[from] psn
|-heal|p2a: Gliscor|58/100 tox|[from] ability: Poison Heal
|upkeep
|turn|18
|
|t:|1779948738
|move|p1a: Freak Emote|Fiery Wrath|p2a: Gliscor
|-damage|p2a: Gliscor|10/100 tox
|move|p2a: Gliscor|Knock Off|p1a: Freak Emote
|-resisted|p1a: Freak Emote
|-damage|p1a: Freak Emote|18/100 tox
|
|-damage|p1a: Freak Emote|0 fnt|[from] psn
|faint|p1a: Freak Emote
|-heal|p2a: Gliscor|23/100 tox|[from] ability: Poison Heal
|upkeep
|
|t:|1779948742
|switch|p1a: Rotom|Rotom-Wash|100/100
|turn|19
|
|t:|1779948756
|switch|p2a: Ting-Lu|Ting-Lu|21/100
|-ability|p2a: Ting-Lu|Vessel of Ruin
|move|p1a: Rotom|Hydro Pump|p2a: Ting-Lu
|-supereffective|p2a: Ting-Lu
|-damage|p2a: Ting-Lu|0 fnt
|faint|p2a: Ting-Lu
|-damage|p1a: Rotom|91/100|[from] item: Life Orb
|
|upkeep
|
|t:|1779948771
|switch|p2a: Darkrai|Darkrai|100/100
|turn|20
|
|t:|1779948774
|move|p2a: Darkrai|Dark Pulse|p1a: Rotom
|-damage|p1a: Rotom|30/100
|move|p1a: Rotom|Discharge|p2a: Darkrai
|-damage|p2a: Darkrai|35/100
|-status|p2a: Darkrai|par
|-damage|p1a: Rotom|20/100|[from] item: Life Orb
|
|upkeep
|turn|21
|
|t:|1779948783
|move|p1a: Rotom|Thunderbolt|p2a: Darkrai
|-damage|p2a: Darkrai|0 fnt
|faint|p2a: Darkrai
|-damage|p1a: Rotom|10/100|[from] item: Life Orb
|
|upkeep
|
|t:|1779948788
|switch|p2a: Gholdengo|Gholdengo, tera:Steel|24/100
|turn|22
|
|t:|1779948807
|move|p2a: Gholdengo|Make It Rain|p1a: Rotom
|-resisted|p1a: Rotom
|-damage|p1a: Rotom|0 fnt
|-unboost|p2a: Gholdengo|spa|1
|faint|p1a: Rotom
|
|upkeep
|
|t:|1779948810
|switch|p1a: Luna|Ursaluna, M|100/100
|turn|23
|
|t:|1779948817
|switch|p2a: Gliscor|Gliscor, F|23/100 tox
|move|p1a: Luna|Drain Punch|p2a: Gliscor
|-resisted|p2a: Gliscor
|-damage|p2a: Gliscor|14/100 tox
|
|-heal|p2a: Gliscor|27/100 tox|[from] ability: Poison Heal
|-status|p1a: Luna|brn|[from] item: Flame Orb
|upkeep
|turn|24
|
|t:|1779948825
|move|p2a: Gliscor|Protect|p2a: Gliscor
|-singleturn|p2a: Gliscor|Protect
|move|p1a: Luna|Facade|p2a: Gliscor
|-activate|p2a: Gliscor|move: Protect
|
|-heal|p2a: Gliscor|39/100 tox|[from] ability: Poison Heal
|-damage|p1a: Luna|94/100 brn|[from] brn
|upkeep
|turn|25
|
|t:|1779948835
|switch|p2a: Gholdengo|Gholdengo, tera:Steel|24/100
|move|p1a: Luna|Facade|p2a: Gholdengo
|-resisted|p2a: Gholdengo
|-damage|p2a: Gholdengo|0 fnt
|faint|p2a: Gholdengo
|
|-damage|p1a: Luna|88/100 brn|[from] brn
|upkeep
|
|t:|1779948841
|switch|p2a: Gliscor|Gliscor, F|39/100 tox
|turn|26
|
|t:|1779948847
|move|p2a: Gliscor|Protect|p2a: Gliscor
|-singleturn|p2a: Gliscor|Protect
|move|p1a: Luna|Protect||[still]
|-fail|p1a: Luna
|
|-heal|p2a: Gliscor|52/100 tox|[from] ability: Poison Heal
|-damage|p1a: Luna|82/100 brn|[from] brn
|upkeep
|turn|27
|
|t:|1779948853
|move|p2a: Gliscor|Knock Off|p1a: Luna
|-damage|p1a: Luna|67/100 brn
|-enditem|p1a: Luna|Flame Orb|[from] move: Knock Off|[of] p2a: Gliscor
|move|p1a: Luna|Facade|p2a: Gliscor
|-damage|p2a: Gliscor|0 fnt
|faint|p2a: Gliscor
|
|win|ScolipedeIsGreat
|raw|ScolipedeIsGreat's rating: 1334 &rarr; <strong>1356</strong><br />(+22 for winning)
|raw|ashred57's rating: 1365 &rarr; <strong>1343</strong><br />(-22 for losing)
|l|☆ashred57
|player|p2|
|l|☆ScolipedeIsGreat
|player|p1|
