|j|☆Nakamura1211
|j|☆Mcalmic
|t:|1779945671
|gametype|singles
|player|p1|Nakamura1211|170|1370
|player|p2|Mcalmic|2|1393
|gen|9
|tier|[Gen 9] OU
|rated|
|rule|HP Percentage Mod: HP is shown in percentages
|rule|Endless Battle Clause: Forcing endless battles is banned
|rule|Species Clause: Limit one of each Pokémon
|rule|OHKO Clause: OHKO moves are banned
|rule|Evasion Items Clause: Evasion items are banned
|rule|Evasion Moves Clause: Evasion moves are banned
|rule|Evasion Abilities Clause: Evasion abilities are banned
|rule|Sleep Moves Clause: Sleep-inducing moves are banned
|clearpoke
|poke|p1|Hatterene, F|
|poke|p1|Overqwil, F|
|poke|p1|Walking Wake|
|poke|p1|Breloom, M|
|poke|p1|Heatran, M|
|poke|p1|Kleavor, M|
|poke|p2|Gliscor, F|
|poke|p2|Gholdengo|
|poke|p2|Dragonite, F|
|poke|p2|Ting-Lu|
|poke|p2|Darkrai|
|poke|p2|Zamazenta-*|
|teampreview
|inactive|Battle timer is ON: inactive players will automatically lose when time's up. (requested by Nakamura1211)
|
|t:|1779945689
|teamsize|p1|6
|teamsize|p2|6
|start
|switch|p1a: Kleavor|Kleavor, M|100/100
|switch|p2a: Gliscor|Gliscor, F|100/100
|turn|1
|
|t:|1779945708
|move|p2a: Gliscor|Protect|p2a: Gliscor
|-singleturn|p2a: Gliscor|Protect
|move|p1a: Kleavor|Stone Axe|p2a: Gliscor
|-activate|p2a: Gliscor|move: Protect
|
|-status|p2a: Gliscor|tox|[from] item: Toxic Orb
|upkeep
|turn|2
|
|t:|1779945717
|move|p1a: Kleavor|Stone Axe|p2a: Gliscor|[miss]
|-miss|p1a: Kleavor|p2a: Gliscor
|move|p2a: Gliscor|Spikes|p1a: Kleavor
|-sidestart|p1: Nakamura1211|Spikes
|
|upkeep
|turn|3
|
|t:|1779945726
|move|p1a: Kleavor|Stone Axe|p2a: Gliscor
|-damage|p2a: Gliscor|66/100 tox
|-sidestart|p2: Mcalmic|move: Stealth Rock
|move|p2a: Gliscor|Earthquake|p1a: Kleavor
|-damage|p1a: Kleavor|62/100
|
|-heal|p2a: Gliscor|79/100 tox|[from] ability: Poison Heal
|upkeep
|turn|4
|
|t:|1779945734
|switch|p1a: Hatterene|Hatterene, F|100/100
|-damage|p1a: Hatterene|88/100|[from] Spikes
|move|p2a: Gliscor|Earthquake|p1a: Hatterene
|-damage|p1a: Hatterene|49/100
|
|-heal|p2a: Gliscor|91/100 tox|[from] ability: Poison Heal
|upkeep
|turn|5
|
|t:|1779945747
|move|p2a: Gliscor|Earthquake|p1a: Hatterene
|-damage|p1a: Hatterene|13/100
|move|p1a: Hatterene|Draining Kiss|p2a: Gliscor
|-damage|p2a: Gliscor|54/100 tox
|-heal|p1a: Hatterene|44/100|[from] drain|[of] p2a: Gliscor
|
|-heal|p2a: Gliscor|67/100 tox|[from] ability: Poison Heal
|upkeep
|turn|6
|
|t:|1779945761
|switch|p1a: Walking Wake|Walking Wake|100/100
|-damage|p1a: Walking Wake|88/100|[from] Spikes
|move|p2a: Gliscor|Protect||[still]
|-fail|p2a: Gliscor
|
|-heal|p2a: Gliscor|79/100 tox|[from] ability: Poison Heal
|upkeep
|turn|7
|
|t:|1779945782
|switch|p2a: Darkrai|Darkrai|100/100
|move|p1a: Walking Wake|Scald|p2a: Darkrai
|-damage|p2a: Darkrai|44/100
|
|upkeep
|turn|8
|
|t:|1779945790
|move|p1a: Walking Wake|Scald|p2a: Darkrai
|-damage|p2a: Darkrai|0 fnt
|faint|p2a: Darkrai
|
|upkeep
|
|t:|1779945795
|switch|p2a: Dragonite|Dragonite, F|100/100
|turn|9
|
|t:|1779945802
|-end|p1a: Walking Wake|Protosynthesis|[silent]
|switch|p1a: Overqwil|Overqwil, F|100/100
|-damage|p1a: Overqwil|88/100|[from] Spikes
|-ability|p1a: Overqwil|Intimidate|boost
|-unboost|p2a: Dragonite|atk|1
|move|p2a: Dragonite|Dragon Dance|p2a: Dragonite
|-boost|p2a: Dragonite|atk|1
|-boost|p2a: Dragonite|spe|1
|
|-heal|p1a: Overqwil|94/100|[from] item: Black Sludge
|upkeep
|turn|10
|
|t:|1779945825
|move|p2a: Dragonite|Dragon Dance|p2a: Dragonite
|-boost|p2a: Dragonite|atk|1
|-boost|p2a: Dragonite|spe|1
|move|p1a: Overqwil|Taunt|p2a: Dragonite
|-start|p2a: Dragonite|move: Taunt
|
|-heal|p1a: Overqwil|100/100|[from] item: Black Sludge
|upkeep
|turn|11
|
|t:|1779945833
|move|p2a: Dragonite|Earthquake|p1a: Overqwil
|-supereffective|p1a: Overqwil
|-damage|p1a: Overqwil|9/100
|move|p1a: Overqwil|Barb Barrage|p2a: Dragonite
|-damage|p2a: Dragonite|88/100
|-status|p2a: Dragonite|psn
|
|-heal|p1a: Overqwil|15/100|[from] item: Black Sludge
|-damage|p2a: Dragonite|75/100 psn|[from] psn
|upkeep
|turn|12
|
|t:|1779945844
|move|p2a: Dragonite|Extreme Speed|p1a: Overqwil
|-damage|p1a: Overqwil|0 fnt
|faint|p1a: Overqwil
|
|-damage|p2a: Dragonite|63/100 psn|[from] psn
|upkeep
|
|t:|1779945854
|switch|p1a: Heatran|Heatran, M|100/100
|-damage|p1a: Heatran|88/100|[from] Spikes
|turn|13
|
|t:|1779945872
|-terastallize|p1a: Heatran|Flying
|move|p2a: Dragonite|Earthquake|p1a: Heatran
|-immune|p1a: Heatran
|move|p1a: Heatran|Magma Storm|p2a: Dragonite
|-resisted|p2a: Dragonite
|-damage|p2a: Dragonite|42/100 psn
|-activate|p2a: Dragonite|move: Magma Storm|[of] p1a: Heatran
|
|-heal|p1a: Heatran|94/100|[from] item: Leftovers
|-damage|p2a: Dragonite|30/100 psn|[from] psn
|-damage|p2a: Dragonite|18/100 psn|[from] move: Magma Storm|[partiallytrapped]
|-end|p2a: Dragonite|move: Taunt
|upkeep
|turn|14
|
|t:|1779945888
|switch|p1a: Hatterene|Hatterene, F|44/100
|-damage|p1a: Hatterene|32/100|[from] Spikes
|move|p2a: Dragonite|Extreme Speed|p1a: Hatterene
|-damage|p1a: Hatterene|0 fnt
|faint|p1a: Hatterene
|
|-damage|p2a: Dragonite|5/100 psn|[from] psn
|-end|p2a: Dragonite|Magma Storm|[partiallytrapped]|[silent]
|upkeep
|
|t:|1779945902
|switch|p1a: Heatran|Heatran, M, tera:Flying|94/100
|turn|15
|
|t:|1779945906
|move|p2a: Dragonite|Extreme Speed|p1a: Heatran
|-damage|p1a: Heatran|53/100
|move|p1a: Heatran|Flash Cannon|p2a: Dragonite
|-damage|p2a: Dragonite|0 fnt
|faint|p2a: Dragonite
|
|-heal|p1a: Heatran|59/100|[from] item: Leftovers
|upkeep
|
|t:|1779945925
|switch|p2a: Ting-Lu|Ting-Lu|100/100
|-damage|p2a: Ting-Lu|94/100|[from] Stealth Rock
|-ability|p2a: Ting-Lu|Vessel of Ruin
|turn|16
|
|t:|1779945935
|-terastallize|p2a: Ting-Lu|Water
|move|p1a: Heatran|Will-O-Wisp|p2a: Ting-Lu
|-status|p2a: Ting-Lu|brn
|move|p2a: Ting-Lu|Stealth Rock|p1a: Heatran
|-sidestart|p1: Nakamura1211|move: Stealth Rock
|
|-heal|p1a: Heatran|65/100|[from] item: Leftovers
|-heal|p2a: Ting-Lu|100/100 brn|[from] item: Leftovers
|-damage|p2a: Ting-Lu|94/100 brn|[from] brn
|upkeep
|turn|17
|
|t:|1779945950
|move|p1a: Heatran|Magma Storm|p2a: Ting-Lu
|-resisted|p2a: Ting-Lu
|-damage|p2a: Ting-Lu|85/100 brn
|-activate|p2a: Ting-Lu|move: Magma Storm|[of] p1a: Heatran
|move|p2a: Ting-Lu|Whirlwind|p1a: Heatran
|drag|p1a: Kleavor|Kleavor, M|62/100
|-damage|p1a: Kleavor|49/100|[from] Spikes
|-damage|p1a: Kleavor|24/100|[from] Stealth Rock
|
|-heal|p2a: Ting-Lu|91/100 brn|[from] item: Leftovers
|-damage|p2a: Ting-Lu|85/100 brn|[from] brn
|-end|p2a: Ting-Lu|Magma Storm|[partiallytrapped]|[silent]
|upkeep
|turn|18
|
|t:|1779945963
|move|p1a: Kleavor|X-Scissor|p2a: Ting-Lu
|-damage|p2a: Ting-Lu|48/100 brn
|move|p2a: Ting-Lu|Whirlwind|p1a: Kleavor
|drag|p1a: Walking Wake|Walking Wake|88/100
|-damage|p1a: Walking Wake|76/100|[from] Spikes
|-damage|p1a: Walking Wake|63/100|[from] Stealth Rock
|
|-heal|p2a: Ting-Lu|54/100 brn|[from] item: Leftovers
|-damage|p2a: Ting-Lu|48/100 brn|[from] brn
|upkeep
|turn|19
|
|t:|1779945975
|move|p1a: Walking Wake|Dragon Pulse|p2a: Ting-Lu
|-damage|p2a: Ting-Lu|28/100 brn
|move|p2a: Ting-Lu|Whirlwind|p1a: Walking Wake
|-end|p1a: Walking Wake|Protosynthesis|[silent]
|drag|p1a: Kleavor|Kleavor, M|24/100
|-damage|p1a: Kleavor|12/100|[from] Spikes
|-damage|p1a: Kleavor|0 fnt|[from] Stealth Rock
|faint|p1a: Kleavor
|
|-heal|p2a: Ting-Lu|34/100 brn|[from] item: Leftovers
|-damage|p2a: Ting-Lu|28/100 brn|[from] brn
|upkeep
|
|t:|1779945987
|switch|p1a: Breloom|Breloom, M|100/100
|-damage|p1a: Breloom|88/100|[from] Spikes
|-damage|p1a: Breloom|82/100|[from] Stealth Rock
|turn|20
|
|t:|1779945995
|move|p1a: Breloom|Bullet Seed|p2a: Ting-Lu
|-supereffective|p2a: Ting-Lu
|-damage|p2a: Ting-Lu|0 fnt
|faint|p2a: Ting-Lu
|-hitcount|p2: Ting-Lu|1
|
|upkeep
|
|t:|1779946005
|switch|p2a: Zamazenta|Zamazenta|100/100
|-ability|p2a: Zamazenta|Dauntless Shield|boost
|-boost|p2a: Zamazenta|def|1
|turn|21
|
|t:|1779946012
|move|p2a: Zamazenta|Ice Fang|p1a: Breloom
|-supereffective|p1a: Breloom
|-damage|p1a: Breloom|15/100
|cant|p1a: Breloom|flinch
|
|upkeep
|turn|22
|
|t:|1779946019
|move|p2a: Zamazenta|Heavy Slam|p1a: Breloom
|-damage|p1a: Breloom|0 fnt
|faint|p1a: Breloom
|
|upkeep
|
|t:|1779946024
|switch|p1a: Heatran|Heatran, M, tera:Flying|65/100
|-damage|p1a: Heatran|40/100|[from] Stealth Rock
|turn|23
|
|t:|1779946031
|move|p2a: Zamazenta|Ice Fang|p1a: Heatran
|-supereffective|p1a: Heatran
|-damage|p1a: Heatran|1/100
|move|p1a: Heatran|Will-O-Wisp|p2a: Zamazenta
|-status|p2a: Zamazenta|brn
|
|-heal|p1a: Heatran|7/100|[from] item: Leftovers
|-damage|p2a: Zamazenta|94/100 brn|[from] brn
|upkeep
|turn|24
|
|t:|1779946050
|move|p2a: Zamazenta|Ice Fang|p1a: Heatran
|-supereffective|p1a: Heatran
|-damage|p1a: Heatran|0 fnt
|faint|p1a: Heatran
|
|-damage|p2a: Zamazenta|88/100 brn|[from] brn
|upkeep
|
|t:|1779946056
|switch|p1a: Walking Wake|Walking Wake|63/100
|-damage|p1a: Walking Wake|51/100|[from] Spikes
|-damage|p1a: Walking Wake|39/100|[from] Stealth Rock
|turn|25
|
|t:|1779946063
|move|p1a: Walking Wake|Scald|p2a: Zamazenta
|-damage|p2a: Zamazenta|47/100 brn
|move|p2a: Zamazenta|Close Combat|p1a: Walking Wake
|-damage|p1a: Walking Wake|7/100
|-unboost|p2a: Zamazenta|def|1
|-unboost|p2a: Zamazenta|spd|1
|
|-damage|p2a: Zamazenta|40/100 brn|[from] brn
|upkeep
|turn|26
|
|t:|1779946074
|move|p1a: Walking Wake|Scald|p2a: Zamazenta
|-damage|p2a: Zamazenta|0 fnt
|faint|p2a: Zamazenta
|
|upkeep
|
|t:|1779946078
|switch|p2a: Gholdengo|Gholdengo|100/100
|-damage|p2a: Gholdengo|94/100|[from] Stealth Rock
|turn|27
|
|t:|1779946084
|move|p1a: Walking Wake|Scald|p2a: Gholdengo
|-damage|p2a: Gholdengo|41/100
|move|p2a: Gholdengo|Make It Rain|p1a: Walking Wake
|-resisted|p1a: Walking Wake
|-damage|p1a: Walking Wake|0 fnt
|-unboost|p2a: Gholdengo|spa|1
|faint|p1a: Walking Wake
|-end|p1a: Walking Wake|Protosynthesis|[silent]
|
|win|Mcalmic
|raw|Nakamura1211's rating: 1370 &rarr; <strong>1351</strong><br />(-19 for losing)
|raw|Mcalmic's rating: 1393 &rarr; <strong>1412</strong><br />(+19 for winning)
|c|☆Nakamura1211|gg
|l|☆Nakamura1211
|player|p1|
|l|☆Mcalmic
|player|p2|
