|j|☆roshisbeard
|j|☆teachmestuffimnew
|t:|1779821631
|gametype|singles
|player|p1|roshisbeard|bruno|1183
|player|p2|teachmestuffimnew|rocketgruntf|1224
|gen|9
|tier|[Gen 9] OU
|rated|
|rule|HP Percentage Mod: HP is shown in percentages
|rule|Endless Battle Clause: Forcing endless battles is banned
|rule|Species Clause: Limit one of each Pokémon
|rule|OHKO Clause: OHKO moves are banned
|rule|Evasion Items Clause: Evasion items are banned
|rule|Evasion Moves Clause: Evasion moves are banned
|rule|Evasion Abilities Clause: Evasion abilities are banned
|rule|Sleep Moves Clause: Sleep-inducing moves are banned
|clearpoke
|poke|p1|Garganacl, M|
|poke|p1|Gliscor, F|
|poke|p1|Dondozo, F|
|poke|p1|Great Tusk|
|poke|p1|Zamazenta-*|
|poke|p1|Clefable, F|
|poke|p2|Espeon, F|
|poke|p2|Torkoal, F|
|poke|p2|Lilligant-Hisui, F|
|poke|p2|Landorus-Therian, M|
|poke|p2|Jolteon, F|
|poke|p2|Hitmonlee, M|
|teampreview
|inactive|Battle timer is ON: inactive players will automatically lose when time's up. (requested by teachmestuffimnew)
|
|t:|1779821644
|teamsize|p1|6
|teamsize|p2|6
|start
|switch|p1a: Gliscor|Gliscor, F|100/100
|switch|p2a: Espeon|Espeon, F, shiny|100/100
|turn|1
|
|t:|1779821653
|switch|p2a: Landorus|Landorus-Therian, M|100/100
|-ability|p2a: Landorus|Intimidate|boost
|-unboost|p1a: Gliscor|atk|1
|-terastallize|p1a: Gliscor|Fairy
|move|p1a: Gliscor|Toxic|p2a: Landorus
|-status|p2a: Landorus|tox
|
|-damage|p2a: Landorus|95/100 tox|[from] psn
|-status|p1a: Gliscor|tox|[from] item: Toxic Orb
|upkeep
|turn|2
|
|t:|1779821665
|move|p2a: Landorus|Stealth Rock|p1a: Gliscor
|-sidestart|p1: roshisbeard|move: Stealth Rock
|move|p1a: Gliscor|Spikes|p2a: Landorus
|-sidestart|p2: teachmestuffimnew|Spikes
|
|-damage|p2a: Landorus|83/100 tox|[from] psn
|upkeep
|turn|3
|
|t:|1779821671
|move|p2a: Landorus|Earthquake|p1a: Gliscor
|-damage|p1a: Gliscor|55/100 tox
|move|p1a: Gliscor|Knock Off|p2a: Landorus
|-damage|p2a: Landorus|65/100 tox
|-damage|p1a: Gliscor|39/100 tox|[from] item: Rocky Helmet|[of] p2a: Landorus
|-enditem|p2a: Landorus|Rocky Helmet|[from] move: Knock Off|[of] p1a: Gliscor
|
|-damage|p2a: Landorus|47/100 tox|[from] psn
|-heal|p1a: Gliscor|51/100 tox|[from] ability: Poison Heal
|upkeep
|turn|4
|
|t:|1779821682
|move|p1a: Gliscor|Protect|p1a: Gliscor
|-singleturn|p1a: Gliscor|Protect
|move|p2a: Landorus|Earthquake|p1a: Gliscor
|-activate|p1a: Gliscor|move: Protect
|
|-damage|p2a: Landorus|23/100 tox|[from] psn
|-heal|p1a: Gliscor|64/100 tox|[from] ability: Poison Heal
|upkeep
|turn|5
|
|t:|1779821691
|move|p2a: Landorus|U-turn|p1a: Gliscor
|-resisted|p1a: Gliscor
|-damage|p1a: Gliscor|53/100 tox
|
|t:|1779821696
|switch|p2a: Torkoal|Torkoal, F|100/100|[from] U-turn
|-damage|p2a: Torkoal|88/100|[from] Spikes
|-weather|SunnyDay|[from] ability: Drought|[of] p2a: Torkoal
|move|p1a: Gliscor|Spikes|p2a: Torkoal
|-sidestart|p2: teachmestuffimnew|Spikes
|
|-weather|SunnyDay|[upkeep]
|-heal|p1a: Gliscor|66/100 tox|[from] ability: Poison Heal
|upkeep
|turn|6
|
|t:|1779821708
|switch|p2a: Espeon|Espeon, F, shiny|100/100
|-damage|p2a: Espeon|84/100|[from] Spikes
|move|p1a: Gliscor|Spikes|p2a: Espeon
|move|p2a: Espeon|Spikes|p1a: Gliscor|[from] ability: Magic Bounce
|-sidestart|p1: roshisbeard|Spikes
|
|-weather|SunnyDay|[upkeep]
|-heal|p1a: Gliscor|78/100 tox|[from] ability: Poison Heal
|upkeep
|turn|7
|inactive|roshisbeard has 120 seconds left.
|
|t:|1779821750
|move|p2a: Espeon|Reflect|p2a: Espeon
|-sidestart|p2: teachmestuffimnew|Reflect
|move|p1a: Gliscor|Toxic|p2a: Espeon
|move|p2a: Espeon|Toxic|p1a: Gliscor|[from] ability: Magic Bounce
|-fail|p1a: Gliscor|tox
|
|-weather|SunnyDay|[upkeep]
|-heal|p1a: Gliscor|91/100 tox|[from] ability: Poison Heal
|upkeep
|turn|8
|
|t:|1779821761
|switch|p2a: Lilligant|Lilligant-Hisui, F|100/100
|-damage|p2a: Lilligant|84/100|[from] Spikes
|move|p1a: Gliscor|Knock Off|p2a: Lilligant
|-resisted|p2a: Lilligant
|-damage|p2a: Lilligant|79/100
|-enditem|p2a: Lilligant|Choice Band|[from] move: Knock Off|[of] p1a: Gliscor
|
|-weather|SunnyDay|[upkeep]
|-heal|p1a: Gliscor|100/100 tox|[from] ability: Poison Heal
|upkeep
|turn|9
|inactive|roshisbeard has 120 seconds left.
|
|t:|1779821774
|-terastallize|p2a: Lilligant|Grass
|move|p2a: Lilligant|Solar Blade||[still]
|-prepare|p2a: Lilligant|Solar Blade
|-anim|p2a: Lilligant|Solar Blade|p1a: Gliscor
|-damage|p1a: Gliscor|32/100 tox
|move|p1a: Gliscor|Toxic|p2a: Lilligant
|-status|p2a: Lilligant|tox
|
|-weather|SunnyDay|[upkeep]
|-damage|p2a: Lilligant|73/100 tox|[from] psn
|-heal|p1a: Gliscor|45/100 tox|[from] ability: Poison Heal
|upkeep
|turn|10
|inactive|roshisbeard has 120 seconds left.
|
|t:|1779821797
|switch|p1a: Clefable|Clefable, F|100/100
|move|p2a: Lilligant|Solar Blade||[still]
|-prepare|p2a: Lilligant|Solar Blade
|-anim|p2a: Lilligant|Solar Blade|p1a: Clefable
|-damage|p1a: Clefable|36/100
|
|-weather|SunnyDay|[upkeep]
|-heal|p1a: Clefable|42/100|[from] item: Leftovers
|-damage|p2a: Lilligant|61/100 tox|[from] psn
|upkeep
|turn|11
|
|t:|1779821812
|move|p2a: Lilligant|Solar Blade||[still]
|-prepare|p2a: Lilligant|Solar Blade
|-anim|p2a: Lilligant|Solar Blade|p1a: Clefable
|-damage|p1a: Clefable|0 fnt
|faint|p1a: Clefable
|
|-weather|SunnyDay|[upkeep]
|-damage|p2a: Lilligant|42/100 tox|[from] psn
|upkeep
|
|t:|1779821824
|switch|p1a: Great Tusk|Great Tusk|100/100
|-damage|p1a: Great Tusk|98/100|[from] Stealth Rock
|-damage|p1a: Great Tusk|85/100|[from] Spikes
|-activate|p1a: Great Tusk|ability: Protosynthesis
|-start|p1a: Great Tusk|protosynthesisspe
|turn|12
|
|t:|1779821831
|move|p2a: Lilligant|Solar Blade||[still]
|-prepare|p2a: Lilligant|Solar Blade
|-anim|p2a: Lilligant|Solar Blade|p1a: Great Tusk
|-supereffective|p1a: Great Tusk
|-damage|p1a: Great Tusk|0 fnt
|faint|p1a: Great Tusk
|-end|p1a: Great Tusk|Protosynthesis|[silent]
|
|-weather|none
|-damage|p2a: Lilligant|18/100 tox|[from] psn
|upkeep
|inactive|roshisbeard has 90 seconds left.
|
|t:|1779821848
|switch|p1a: Garganacl|Garganacl, M, shiny|100/100
|-damage|p1a: Garganacl|88/100|[from] Stealth Rock
|-damage|p1a: Garganacl|76/100|[from] Spikes
|turn|13
|
|t:|1779821857
|switch|p2a: Landorus|Landorus-Therian, M|23/100 tox
|-ability|p2a: Landorus|Intimidate|boost
|-unboost|p1a: Garganacl|atk|1
|move|p1a: Garganacl|Protect||[still]
|-fail|p1a: Garganacl
|
|-heal|p1a: Garganacl|82/100|[from] item: Leftovers
|-damage|p2a: Landorus|17/100 tox|[from] psn
|upkeep
|turn|14
|
|t:|1779821867
|move|p2a: Landorus|Earthquake|p1a: Garganacl
|-supereffective|p1a: Garganacl
|-damage|p1a: Garganacl|9/100
|move|p1a: Garganacl|Stealth Rock|p2a: Landorus
|-sidestart|p2: teachmestuffimnew|move: Stealth Rock
|
|-heal|p1a: Garganacl|15/100|[from] item: Leftovers
|-damage|p2a: Landorus|5/100 tox|[from] psn
|-sideend|p2: teachmestuffimnew|Reflect
|upkeep
|turn|15
|
|t:|1779821878
|move|p1a: Garganacl|Protect|p1a: Garganacl
|-singleturn|p1a: Garganacl|Protect
|move|p2a: Landorus|Earthquake|p1a: Garganacl
|-activate|p1a: Garganacl|move: Protect
|
|-heal|p1a: Garganacl|22/100|[from] item: Leftovers
|-damage|p2a: Landorus|0 fnt|[from] psn
|faint|p2a: Landorus
|upkeep
|
|t:|1779821883
|switch|p2a: Torkoal|Torkoal, F|88/100
|-damage|p2a: Torkoal|72/100|[from] Spikes
|-damage|p2a: Torkoal|47/100|[from] Stealth Rock
|-weather|SunnyDay|[from] ability: Drought|[of] p2a: Torkoal
|turn|16
|
|t:|1779821894
|switch|p1a: Dondozo|Dondozo, F|100/100
|-damage|p1a: Dondozo|88/100|[from] Stealth Rock
|-damage|p1a: Dondozo|76/100|[from] Spikes
|move|p2a: Torkoal|Rapid Spin|p1a: Dondozo
|-damage|p1a: Dondozo|71/100
|-boost|p2a: Torkoal|spe|1
|-sideend|p2: teachmestuffimnew|Spikes|[from] move: Rapid Spin|[of] p2a: Torkoal
|-sideend|p2: teachmestuffimnew|Stealth Rock|[from] move: Rapid Spin|[of] p2a: Torkoal
|
|-weather|SunnyDay|[upkeep]
|-heal|p1a: Dondozo|78/100|[from] item: Leftovers
|upkeep
|turn|17
|
|t:|1779821909
|move|p2a: Torkoal|Solar Beam||[still]
|-prepare|p2a: Torkoal|Solar Beam
|-anim|p2a: Torkoal|Solar Beam|p1a: Dondozo
|-supereffective|p1a: Dondozo
|-damage|p1a: Dondozo|14/100
|move|p1a: Dondozo|Body Press|p2a: Torkoal
|-damage|p2a: Torkoal|28/100
|
|-weather|SunnyDay|[upkeep]
|-heal|p1a: Dondozo|21/100|[from] item: Leftovers
|upkeep
|turn|18
|
|t:|1779821922
|move|p2a: Torkoal|Solar Beam||[still]
|-prepare|p2a: Torkoal|Solar Beam
|-anim|p2a: Torkoal|Solar Beam|p1a: Dondozo
|-supereffective|p1a: Dondozo
|-damage|p1a: Dondozo|0 fnt
|faint|p1a: Dondozo
|
|-weather|SunnyDay|[upkeep]
|upkeep
|
|t:|1779821928
|switch|p1a: Zamazenta|Zamazenta|100/100
|-damage|p1a: Zamazenta|94/100|[from] Stealth Rock
|-damage|p1a: Zamazenta|82/100|[from] Spikes
|-ability|p1a: Zamazenta|Dauntless Shield|boost
|-boost|p1a: Zamazenta|def|1
|turn|19
|
|t:|1779821939
|move|p1a: Zamazenta|Crunch|p2a: Torkoal
|-damage|p2a: Torkoal|13/100
|-unboost|p2a: Torkoal|def|1
|move|p2a: Torkoal|Solar Beam||[still]
|-prepare|p2a: Torkoal|Solar Beam
|-anim|p2a: Torkoal|Solar Beam|p1a: Zamazenta
|-damage|p1a: Zamazenta|59/100
|
|-weather|SunnyDay|[upkeep]
|-heal|p1a: Zamazenta|65/100|[from] item: Leftovers
|upkeep
|turn|20
|
|t:|1779821949
|move|p1a: Zamazenta|Body Press|p2a: Torkoal
|-damage|p2a: Torkoal|0 fnt
|faint|p2a: Torkoal
|
|-weather|SunnyDay|[upkeep]
|-heal|p1a: Zamazenta|71/100|[from] item: Leftovers
|upkeep
|
|t:|1779821959
|switch|p2a: Lilligant|Lilligant-Hisui, F, tera:Grass|18/100 tox
|turn|21
|inactive|roshisbeard has 120 seconds left.
|
|t:|1779821973
|move|p2a: Lilligant|Solar Blade||[still]
|-prepare|p2a: Lilligant|Solar Blade
|-anim|p2a: Lilligant|Solar Blade|p1a: Zamazenta
|-damage|p1a: Zamazenta|31/100
|move|p1a: Zamazenta|Iron Defense|p1a: Zamazenta
|-boost|p1a: Zamazenta|def|2
|
|-weather|SunnyDay|[upkeep]
|-heal|p1a: Zamazenta|37/100|[from] item: Leftovers
|-damage|p2a: Lilligant|12/100 tox|[from] psn
|upkeep
|turn|22
|inactive|roshisbeard has 120 seconds left.
|
|t:|1779821987
|switch|p1a: Gliscor|Gliscor, F, tera:Fairy|45/100 tox
|-damage|p1a: Gliscor|32/100 tox|[from] Stealth Rock
|-damage|p1a: Gliscor|20/100 tox|[from] Spikes
|move|p2a: Lilligant|Solar Blade||[still]
|-prepare|p2a: Lilligant|Solar Blade
|-anim|p2a: Lilligant|Solar Blade|p1a: Gliscor
|-damage|p1a: Gliscor|0 fnt
|faint|p1a: Gliscor
|
|-weather|SunnyDay|[upkeep]
|-damage|p2a: Lilligant|0 fnt|[from] psn
|faint|p2a: Lilligant
|upkeep
|
|t:|1779822002
|switch|p2a: Espeon|Espeon, F, shiny|84/100
|switch|p1a: Garganacl|Garganacl, M, shiny|22/100
|-damage|p1a: Garganacl|9/100|[from] Stealth Rock
|-damage|p1a: Garganacl|0 fnt|[from] Spikes
|faint|p1a: Garganacl
|
|t:|1779822008
|switch|p1a: Zamazenta|Zamazenta|37/100
|-damage|p1a: Zamazenta|31/100|[from] Stealth Rock
|-damage|p1a: Zamazenta|19/100|[from] Spikes
|turn|23
|
|t:|1779822018
|move|p1a: Zamazenta|Crunch|p2a: Espeon
|-supereffective|p2a: Espeon
|-damage|p2a: Espeon|7/100
|move|p2a: Espeon|Reflect|p2a: Espeon
|-sidestart|p2: teachmestuffimnew|Reflect
|
|-weather|none
|-heal|p1a: Zamazenta|25/100|[from] item: Leftovers
|upkeep
|turn|24
|
|t:|1779822025
|move|p1a: Zamazenta|Crunch|p2a: Espeon
|-supereffective|p2a: Espeon
|-damage|p2a: Espeon|0 fnt
|faint|p2a: Espeon
|
|-heal|p1a: Zamazenta|31/100|[from] item: Leftovers
|upkeep
|
|t:|1779822031
|switch|p2a: Jolteon|Jolteon, F, shiny|100/100
|turn|25
|
|t:|1779822038
|move|p2a: Jolteon|Alluring Voice|p1a: Zamazenta
|-supereffective|p1a: Zamazenta
|-damage|p1a: Zamazenta|0 fnt
|faint|p1a: Zamazenta
|
|win|teachmestuffimnew
|raw|roshisbeard's rating: 1183 &rarr; <strong>1161</strong><br />(-22 for losing)
|raw|teachmestuffimnew's rating: 1224 &rarr; <strong>1246</strong><br />(+22 for winning)
|l|☆roshisbeard
|player|p1|
