|j|☆senpako
|j|☆slowlyfadingaway
|t:|1779962827
|gametype|singles
|player|p1|senpako|koga|1420
|player|p2|slowlyfadingaway|veteran|1499
|gen|9
|tier|[Gen 9] OU
|rated|
|rule|HP Percentage Mod: HP is shown in percentages
|rule|Endless Battle Clause: Forcing endless battles is banned
|rule|Species Clause: Limit one of each Pokémon
|rule|OHKO Clause: OHKO moves are banned
|rule|Evasion Items Clause: Evasion items are banned
|rule|Evasion Moves Clause: Evasion moves are banned
|rule|Evasion Abilities Clause: Evasion abilities are banned
|rule|Sleep Moves Clause: Sleep-inducing moves are banned
|clearpoke
|poke|p1|Ceruledge, F|
|poke|p1|Kyurem|
|poke|p1|Moltres-Galar|
|poke|p1|Iron Valiant|
|poke|p1|Walking Wake|
|poke|p1|Gholdengo|
|poke|p2|Greninja-*, M|
|poke|p2|Forretress, M|
|poke|p2|Samurott-Hisui, M|
|poke|p2|Garchomp, F|
|poke|p2|Scizor, M|
|poke|p2|Diancie|
|teampreview
|inactive|Battle timer is ON: inactive players will automatically lose when time's up. (requested by slowlyfadingaway)
|c|☆slowlyfadingaway|Let us battle
|c|☆slowlyfadingaway|just this once..
|
|t:|1779962855
|teamsize|p1|6
|teamsize|p2|6
|start
|switch|p1a: Iron Valiant|Iron Valiant|100/100
|switch|p2a: Samurott|Samurott-Hisui, M|100/100
|-enditem|p1a: Iron Valiant|Booster Energy
|-activate|p1a: Iron Valiant|ability: Quark Drive|[fromitem]
|-start|p1a: Iron Valiant|quarkdrivespe
|turn|1
|
|t:|1779962859
|move|p1a: Iron Valiant|Aura Sphere|p2a: Samurott
|-supereffective|p2a: Samurott
|-enditem|p2a: Samurott|Focus Sash
|-damage|p2a: Samurott|1/100
|move|p2a: Samurott|Aqua Cutter|p1a: Iron Valiant
|-damage|p1a: Iron Valiant|39/100
|
|upkeep
|turn|2
|
|t:|1779962870
|-terastallize|p2a: Samurott|Water
|move|p2a: Samurott|Aqua Jet|p1a: Iron Valiant
|-damage|p1a: Iron Valiant|8/100
|move|p1a: Iron Valiant|Aura Sphere|p2a: Samurott
|-damage|p2a: Samurott|0 fnt
|faint|p2a: Samurott
|
|upkeep
|
|t:|1779962874
|switch|p2a: Greninja|Greninja, M|100/100
|turn|3
|
|t:|1779962886
|-end|p1a: Iron Valiant|Quark Drive|[silent]
|switch|p1a: Walking Wake|Walking Wake|100/100
|-enditem|p1a: Walking Wake|Booster Energy
|-activate|p1a: Walking Wake|ability: Protosynthesis|[fromitem]
|-start|p1a: Walking Wake|protosynthesisspa
|move|p2a: Greninja|Water Shuriken|p1a: Walking Wake
|-resisted|p1a: Walking Wake
|-damage|p1a: Walking Wake|98/100
|-resisted|p1a: Walking Wake
|-damage|p1a: Walking Wake|97/100
|-resisted|p1a: Walking Wake
|-damage|p1a: Walking Wake|95/100
|-resisted|p1a: Walking Wake
|-damage|p1a: Walking Wake|93/100
|-hitcount|p1a: Walking Wake|4
|
|upkeep
|turn|4
|
|t:|1779962894
|move|p2a: Greninja|U-turn|p1a: Walking Wake
|-damage|p1a: Walking Wake|79/100
|
|t:|1779962899
|switch|p2a: Diancie|Diancie|100/100|[from] U-turn
|move|p1a: Walking Wake|Surf|p2a: Diancie
|-supereffective|p2a: Diancie
|-damage|p2a: Diancie|0 fnt
|faint|p2a: Diancie
|
|upkeep
|
|t:|1779962905
|switch|p2a: Forretress|Forretress, M|100/100
|turn|5
|
|t:|1779962907
|move|p1a: Walking Wake|Flamethrower|p2a: Forretress
|-supereffective|p2a: Forretress
|-ability|p2a: Forretress|Sturdy
|-damage|p2a: Forretress|1/100
|move|p2a: Forretress|Body Press|p1a: Walking Wake
|-damage|p1a: Walking Wake|43/100
|
|upkeep
|turn|6
|-enditem|p2a: Forretress|Custap Berry|[eat]
|-activate|p2a: Forretress|item: Custap Berry|[consumed]
|
|t:|1779962916
|move|p2a: Forretress|Body Press|p1a: Walking Wake
|-damage|p1a: Walking Wake|8/100
|move|p1a: Walking Wake|Surf|p2a: Forretress
|-damage|p2a: Forretress|0 fnt
|faint|p2a: Forretress
|
|upkeep
|
|t:|1779962919
|switch|p2a: Greninja|Greninja, M|100/100
|turn|7
|
|t:|1779962925
|-end|p1a: Walking Wake|Protosynthesis|[silent]
|switch|p1a: Kyurem|Kyurem|100/100
|-ability|p1a: Kyurem|Pressure
|move|p2a: Greninja|Dark Pulse|p1a: Kyurem
|-damage|p1a: Kyurem|64/100
|
|upkeep
|turn|8
|
|t:|1779962935
|switch|p2a: Scizor|Scizor, M|100/100
|move|p1a: Kyurem|Dragon Dance|p1a: Kyurem
|-boost|p1a: Kyurem|atk|1
|-boost|p1a: Kyurem|spe|1
|
|upkeep
|turn|9
|
|t:|1779962948
|-terastallize|p1a: Kyurem|Flying
|move|p2a: Scizor|Bullet Punch|p1a: Kyurem
|-damage|p1a: Kyurem|22/100
|-damage|p2a: Scizor|91/100|[from] item: Life Orb
|move|p1a: Kyurem|Dual Wingbeat|p2a: Scizor
|-damage|p2a: Scizor|51/100
|-damage|p2a: Scizor|10/100
|-hitcount|p2a: Scizor|2
|
|upkeep
|turn|10
|
|t:|1779962960
|switch|p1a: Ceruledge|Ceruledge, F|100/100
|move|p2a: Scizor|Bullet Punch|p1a: Ceruledge
|-resisted|p1a: Ceruledge
|-damage|p1a: Ceruledge|70/100
|-ability|p1a: Ceruledge|Weak Armor|boost
|-unboost|p1a: Ceruledge|def|1
|-boost|p1a: Ceruledge|spe|2
|-damage|p2a: Scizor|0 fnt|[from] item: Life Orb
|faint|p2a: Scizor
|
|upkeep
|
|t:|1779962963
|switch|p2a: Greninja|Greninja, M|100/100
|turn|11
|
|t:|1779962967
|move|p2a: Greninja|Water Shuriken|p1a: Ceruledge
|-supereffective|p1a: Ceruledge
|-damage|p1a: Ceruledge|55/100
|-supereffective|p1a: Ceruledge
|-damage|p1a: Ceruledge|37/100
|-supereffective|p1a: Ceruledge
|-damage|p1a: Ceruledge|21/100
|-supereffective|p1a: Ceruledge
|-damage|p1a: Ceruledge|6/100
|-supereffective|p1a: Ceruledge
|-crit|p1a: Ceruledge
|-damage|p1a: Ceruledge|0 fnt
|faint|p1a: Ceruledge
|-ability|p2a: Greninja|Battle Bond|boost
|-boost|p2a: Greninja|atk|1
|-boost|p2a: Greninja|spa|1
|-boost|p2a: Greninja|spe|1
|-activate|p2a: Greninja|ability: Battle Bond
|-hitcount|p1: Ceruledge|5
|
|upkeep
|
|t:|1779962974
|switch|p1a: Gholdengo|Gholdengo|100/100
|turn|12
|
|t:|1779962976
|move|p2a: Greninja|Dark Pulse|p1a: Gholdengo
|-supereffective|p1a: Gholdengo
|-damage|p1a: Gholdengo|0 fnt
|faint|p1a: Gholdengo
|
|upkeep
|
|t:|1779962984
|switch|p1a: Moltres|Moltres-Galar, shiny|100/100
|turn|13
|
|t:|1779962987
|move|p2a: Greninja|Dark Pulse|p1a: Moltres
|-resisted|p1a: Moltres
|-damage|p1a: Moltres|79/100
|move|p1a: Moltres|Agility|p1a: Moltres
|-boost|p1a: Moltres|spe|2
|
|upkeep
|turn|14
|
|t:|1779962991
|move|p2a: Greninja|Water Shuriken|p1a: Moltres
|-damage|p1a: Moltres|69/100
|-damage|p1a: Moltres|60/100
|-damage|p1a: Moltres|50/100
|-enditem|p1a: Moltres|Sitrus Berry|[eat]
|-heal|p1a: Moltres|75/100|[from] item: Sitrus Berry
|-damage|p1a: Moltres|65/100
|-damage|p1a: Moltres|55/100
|-hitcount|p1a: Moltres|5
|move|p1a: Moltres|Air Slash|p2a: Greninja
|-damage|p2a: Greninja|42/100
|
|upkeep
|turn|15
|
|t:|1779962995
|move|p2a: Greninja|Water Shuriken|p1a: Moltres
|-damage|p1a: Moltres|45/100
|-damage|p1a: Moltres|37/100
|-damage|p1a: Moltres|28/100
|-damage|p1a: Moltres|19/100
|-damage|p1a: Moltres|9/100
|-hitcount|p1a: Moltres|5
|-ability|p1a: Moltres|Berserk|boost
|-boost|p1a: Moltres|spa|1
|move|p1a: Moltres|Air Slash|p2a: Greninja
|-damage|p2a: Greninja|0 fnt
|faint|p2a: Greninja
|
|upkeep
|
|t:|1779962999
|switch|p2a: Garchomp|Garchomp, F|100/100
|turn|16
|
|t:|1779963007
|move|p1a: Moltres|Fiery Wrath|p2a: Garchomp
|-damage|p2a: Garchomp|23/100
|move|p2a: Garchomp|Scale Shot|p1a: Moltres
|-damage|p1a: Moltres|0 fnt
|faint|p1a: Moltres
|-hitcount|p1: Moltres|1
|-unboost|p2a: Garchomp|def|1
|-boost|p2a: Garchomp|spe|1
|
|upkeep
|
|t:|1779963011
|switch|p1a: Walking Wake|Walking Wake|8/100
|turn|17
|
|t:|1779963014
|move|p2a: Garchomp|Earthquake|p1a: Walking Wake
|-damage|p1a: Walking Wake|0 fnt
|faint|p1a: Walking Wake
|-end|p1a: Walking Wake|Protosynthesis|[silent]
|
|upkeep
|
|t:|1779963018
|switch|p1a: Iron Valiant|Iron Valiant|8/100
|turn|18
|
|t:|1779963020
|move|p2a: Garchomp|Earthquake|p1a: Iron Valiant
|-damage|p1a: Iron Valiant|0 fnt
|faint|p1a: Iron Valiant
|-end|p1a: Iron Valiant|Quark Drive|[silent]
|
|upkeep
|
|t:|1779963022
|switch|p1a: Kyurem|Kyurem, tera:Flying|22/100
|-ability|p1a: Kyurem|Pressure
|turn|19
|
|t:|1779963025
|move|p2a: Garchomp|Fire Fang|p1a: Kyurem
|-damage|p1a: Kyurem|0 fnt
|faint|p1a: Kyurem
|
|win|slowlyfadingaway
|raw|senpako's rating: 1420 &rarr; <strong>1404</strong><br />(-16 for losing)
|raw|slowlyfadingaway's rating: 1499 &rarr; <strong>1515</strong><br />(+16 for winning)
|l|☆senpako
|player|p1|
|c|☆slowlyfadingaway|thank you
|l|☆slowlyfadingaway
|player|p2|
