|j|☆Penguinxdd
|j|☆moo236
|t:|1779942150
|gametype|singles
|player|p1|Penguinxdd|veteran|1367
|player|p2|moo236|lyra|1400
|gen|9
|tier|[Gen 9] OU
|rated|
|rule|HP Percentage Mod: HP is shown in percentages
|rule|Endless Battle Clause: Forcing endless battles is banned
|rule|Species Clause: Limit one of each Pokémon
|rule|OHKO Clause: OHKO moves are banned
|rule|Evasion Items Clause: Evasion items are banned
|rule|Evasion Moves Clause: Evasion moves are banned
|rule|Evasion Abilities Clause: Evasion abilities are banned
|rule|Sleep Moves Clause: Sleep-inducing moves are banned
|clearpoke
|poke|p1|Hatterene, F|
|poke|p1|Iron Treads|
|poke|p1|Volcanion|
|poke|p1|Gholdengo|
|poke|p1|Darkrai|
|poke|p1|Garchomp, F|
|poke|p2|Dragonite, F|
|poke|p2|Great Tusk|
|poke|p2|Deoxys-Speed|
|poke|p2|Gholdengo|
|poke|p2|Zamazenta-*|
|poke|p2|Iron Valiant|
|teampreview
|inactive|Battle timer is ON: inactive players will automatically lose when time's up. (requested by Penguinxdd)
|
|t:|1779942170
|teamsize|p1|6
|teamsize|p2|6
|start
|switch|p1a: Darkrai|Darkrai|100/100
|switch|p2a: Great Tusk|Great Tusk|100/100
|-enditem|p2a: Great Tusk|Booster Energy
|-activate|p2a: Great Tusk|ability: Protosynthesis|[fromitem]
|-start|p2a: Great Tusk|protosynthesisspe
|turn|1
|
|t:|1779942177
|move|p1a: Darkrai|Ice Beam|p2a: Great Tusk
|-supereffective|p2a: Great Tusk
|-damage|p2a: Great Tusk|21/100
|move|p2a: Great Tusk|Headlong Rush|p1a: Darkrai
|-damage|p1a: Darkrai|34/100
|-unboost|p2a: Great Tusk|def|1
|-unboost|p2a: Great Tusk|spd|1
|
|upkeep
|turn|2
|
|t:|1779942186
|move|p1a: Darkrai|Ice Beam|p2a: Great Tusk
|-supereffective|p2a: Great Tusk
|-damage|p2a: Great Tusk|0 fnt
|faint|p2a: Great Tusk
|-end|p2a: Great Tusk|Protosynthesis|[silent]
|
|upkeep
|
|t:|1779942190
|switch|p2a: Dragonite|Dragonite, F|100/100
|turn|3
|
|t:|1779942196
|switch|p1a: Magic Bounson|Hatterene, F|100/100
|move|p2a: Dragonite|Extreme Speed|p1a: Magic Bounson
|-damage|p1a: Magic Bounson|65/100
|-damage|p2a: Dragonite|84/100|[from] item: Rocky Helmet|[of] p1a: Magic Bounson
|-damage|p2a: Dragonite|74/100|[from] item: Life Orb
|
|upkeep
|turn|4
|
|t:|1779942206
|switch|p2a: Gholdengo|Gholdengo|100/100
|move|p1a: Magic Bounson|Nuzzle|p2a: Gholdengo
|-damage|p2a: Gholdengo|97/100
|-status|p2a: Gholdengo|par
|
|upkeep
|turn|5
|
|t:|1779942217
|switch|p1a: Volcanion|Volcanion|100/100
|move|p2a: Gholdengo|Shadow Ball|p1a: Volcanion
|-damage|p1a: Volcanion|47/100
|
|upkeep
|turn|6
|
|t:|1779942226
|switch|p2a: Deoxys|Deoxys-Speed|100/100
|-ability|p2a: Deoxys|Pressure
|move|p1a: Volcanion|Flamethrower|p2a: Deoxys
|-damage|p2a: Deoxys|13/100
|
|upkeep
|turn|7
|
|t:|1779942236
|switch|p1a: Garchomp|Garchomp, F|100/100
|move|p2a: Deoxys|Skill Swap|p1a: Garchomp
|-activate|p2a: Deoxys|Skill Swap|Rough Skin|Pressure|[of] p1a: Garchomp
|-ability|p1a: Garchomp|Pressure
|
|upkeep
|turn|8
|
|t:|1779942250
|move|p2a: Deoxys|Stealth Rock|p1a: Garchomp
|-sidestart|p1: Penguinxdd|move: Stealth Rock
|move|p1a: Garchomp|Scale Shot|p2a: Deoxys
|-damage|p2a: Deoxys|0 fnt
|faint|p2a: Deoxys
|-hitcount|p2: Deoxys|1
|-unboost|p1a: Garchomp|def|1
|-boost|p1a: Garchomp|spe|1
|
|upkeep
|
|t:|1779942257
|switch|p2a: Zamazenta|Zamazenta|100/100
|-ability|p2a: Zamazenta|Dauntless Shield|boost
|-boost|p2a: Zamazenta|def|1
|turn|9
|
|t:|1779942264
|switch|p1a: Magic Bounson|Hatterene, F|65/100
|-damage|p1a: Magic Bounson|52/100|[from] Stealth Rock
|move|p2a: Zamazenta|Ice Fang|p1a: Magic Bounson
|-damage|p1a: Magic Bounson|25/100
|-damage|p2a: Zamazenta|84/100|[from] item: Rocky Helmet|[of] p1a: Magic Bounson
|-damage|p2a: Zamazenta|74/100|[from] item: Life Orb
|
|upkeep
|turn|10
|
|t:|1779942277
|move|p2a: Zamazenta|Heavy Slam|p1a: Magic Bounson
|-supereffective|p1a: Magic Bounson
|-damage|p1a: Magic Bounson|0 fnt
|-damage|p2a: Zamazenta|57/100|[from] item: Rocky Helmet|[of] p1a: Magic Bounson
|faint|p1a: Magic Bounson
|-damage|p2a: Zamazenta|48/100|[from] item: Life Orb
|
|upkeep
|
|t:|1779942279
|switch|p1a: Lebron Rains|Gholdengo|100/100
|-damage|p1a: Lebron Rains|94/100|[from] Stealth Rock
|turn|11
|
|t:|1779942291
|move|p1a: Lebron Rains|Shadow Ball|p2a: Zamazenta
|-damage|p2a: Zamazenta|10/100
|move|p2a: Zamazenta|Crunch|p1a: Lebron Rains
|-supereffective|p1a: Lebron Rains
|-damage|p1a: Lebron Rains|11/100
|-unboost|p1a: Lebron Rains|def|1
|-damage|p2a: Zamazenta|0 fnt|[from] item: Life Orb
|faint|p2a: Zamazenta
|
|upkeep
|
|t:|1779942300
|switch|p2a: Dragonite|Dragonite, F|74/100
|turn|12
|
|t:|1779942308
|switch|p1a: Iron Treads|Iron Treads|100/100
|-damage|p1a: Iron Treads|97/100|[from] Stealth Rock
|-item|p1a: Iron Treads|Air Balloon
|move|p2a: Dragonite|Dragon Dance|p2a: Dragonite
|-boost|p2a: Dragonite|atk|1
|-boost|p2a: Dragonite|spe|1
|
|upkeep
|turn|13
|
|t:|1779942317
|move|p2a: Dragonite|Fire Punch|p1a: Iron Treads
|-supereffective|p1a: Iron Treads
|-damage|p1a: Iron Treads|0 fnt
|-enditem|p1a: Iron Treads|Air Balloon
|faint|p1a: Iron Treads
|-end|p1a: Iron Treads|Quark Drive|[silent]
|-damage|p2a: Dragonite|64/100|[from] item: Life Orb
|
|upkeep
|
|t:|1779942320
|switch|p1a: Garchomp|Garchomp, F|100/100
|-damage|p1a: Garchomp|94/100|[from] Stealth Rock
|turn|14
|
|t:|1779942327
|-terastallize|p1a: Garchomp|Fire
|move|p2a: Dragonite|Outrage|p1a: Garchomp
|-damage|p1a: Garchomp|0 fnt
|-damage|p2a: Dragonite|52/100|[from] ability: Rough Skin|[of] p1a: Garchomp
|faint|p1a: Garchomp
|-damage|p2a: Dragonite|42/100|[from] item: Life Orb
|
|upkeep
|
|t:|1779942333
|switch|p1a: Darkrai|Darkrai|34/100
|-damage|p1a: Darkrai|22/100|[from] Stealth Rock
|turn|15
|
|t:|1779942340
|move|p1a: Darkrai|Dark Pulse|p2a: Dragonite
|-damage|p2a: Dragonite|0 fnt
|faint|p2a: Dragonite
|
|upkeep
|
|t:|1779942351
|switch|p2a: Iron Valiant|Iron Valiant|100/100
|-enditem|p2a: Iron Valiant|Booster Energy
|-activate|p2a: Iron Valiant|ability: Quark Drive|[fromitem]
|-start|p2a: Iron Valiant|quarkdrivespe
|turn|16
|
|t:|1779942359
|switch|p1a: Volcanion|Volcanion|47/100
|-damage|p1a: Volcanion|22/100|[from] Stealth Rock
|move|p2a: Iron Valiant|Knock Off|p1a: Volcanion
|-damage|p1a: Volcanion|0 fnt
|-enditem|p1a: Volcanion|Choice Specs|[from] move: Knock Off|[of] p2a: Iron Valiant
|faint|p1a: Volcanion
|
|upkeep
|
|t:|1779942360
|switch|p1a: Darkrai|Darkrai|22/100
|-damage|p1a: Darkrai|9/100|[from] Stealth Rock
|turn|17
|
|t:|1779942369
|-end|p2a: Iron Valiant|Quark Drive|[silent]
|switch|p2a: Gholdengo|Gholdengo|97/100 par
|move|p1a: Darkrai|Sludge Bomb|p2a: Gholdengo
|-immune|p2a: Gholdengo
|
|upkeep
|turn|18
|
|t:|1779942375
|switch|p1a: Lebron Rains|Gholdengo|11/100
|-damage|p1a: Lebron Rains|5/100|[from] Stealth Rock
|move|p2a: Gholdengo|Shadow Ball|p1a: Lebron Rains
|-supereffective|p1a: Lebron Rains
|-damage|p1a: Lebron Rains|0 fnt
|faint|p1a: Lebron Rains
|
|upkeep
|
|t:|1779942376
|switch|p1a: Darkrai|Darkrai|9/100
|-damage|p1a: Darkrai|0 fnt|[from] Stealth Rock
|faint|p1a: Darkrai
|
|win|moo236
|raw|Penguinxdd's rating: 1367 &rarr; <strong>1349</strong><br />(-18 for losing)
|raw|moo236's rating: 1400 &rarr; <strong>1418</strong><br />(+18 for winning)
|l|☆Penguinxdd
|player|p1|
|l|☆moo236
|player|p2|
