|j|☆Gking10
|j|☆maddie_from_arcane
|t:|1779948186
|gametype|singles
|player|p1|Gking10|cheryl|1510
|player|p2|maddie_from_arcane|battlegirl-gen4|1573
|gen|9
|tier|[Gen 9] OU
|rated|
|rule|HP Percentage Mod: HP is shown in percentages
|rule|Endless Battle Clause: Forcing endless battles is banned
|rule|Species Clause: Limit one of each Pokémon
|rule|OHKO Clause: OHKO moves are banned
|rule|Evasion Items Clause: Evasion items are banned
|rule|Evasion Moves Clause: Evasion moves are banned
|rule|Evasion Abilities Clause: Evasion abilities are banned
|rule|Sleep Moves Clause: Sleep-inducing moves are banned
|clearpoke
|poke|p1|Skeledirge, M|
|poke|p1|Rillaboom, F|
|poke|p1|Great Tusk|
|poke|p1|Gholdengo|
|poke|p1|Ogerpon-Wellspring, F|
|poke|p1|Enamorus, F|
|poke|p2|Crawdaunt, M|
|poke|p2|Gliscor, F|
|poke|p2|Garganacl, M|
|poke|p2|Slither Wing|
|poke|p2|Darkrai|
|poke|p2|Iron Valiant|
|teampreview
|
|t:|1779948199
|teamsize|p1|6
|teamsize|p2|6
|start
|switch|p1a: Rillaboom|Rillaboom, F|100/100
|switch|p2a: moth mami|Slither Wing|100/100
|-fieldstart|move: Grassy Terrain|[from] ability: Grassy Surge|[of] p1a: Rillaboom
|turn|1
|
|t:|1779948219
|switch|p1a: Great Tusk|Great Tusk|100/100
|move|p2a: moth mami|U-turn|p1a: Great Tusk
|-resisted|p1a: Great Tusk
|-damage|p1a: Great Tusk|90/100
|
|t:|1779948221
|-end|p2a: moth mami|Protosynthesis|[silent]
|switch|p2a: knocked by james|Gliscor, F|100/100|[from] U-turn
|
|-heal|p1a: Great Tusk|96/100|[from] Grassy Terrain
|-status|p2a: knocked by james|tox|[from] item: Toxic Orb
|upkeep
|turn|2
|
|t:|1779948239
|switch|p2a: moth mami|Slither Wing|100/100
|move|p1a: Great Tusk|Stealth Rock|p2a: moth mami
|-sidestart|p2: maddie_from_arcane|move: Stealth Rock
|
|-heal|p1a: Great Tusk|100/100|[from] Grassy Terrain
|upkeep
|turn|3
|
|t:|1779948248
|move|p1a: Great Tusk|Knock Off|p2a: moth mami
|-resisted|p2a: moth mami
|-damage|p2a: moth mami|88/100
|-enditem|p2a: moth mami|Heavy-Duty Boots|[from] move: Knock Off|[of] p1a: Great Tusk
|move|p2a: moth mami|U-turn|p1a: Great Tusk
|-resisted|p1a: Great Tusk
|-damage|p1a: Great Tusk|90/100
|
|t:|1779948256
|-end|p2a: moth mami|Protosynthesis|[silent]
|switch|p2a: knocked by james|Gliscor, F|100/100 tox|[from] U-turn
|-damage|p2a: knocked by james|88/100 tox|[from] Stealth Rock
|
|-heal|p1a: Great Tusk|96/100|[from] Grassy Terrain
|-heal|p2a: knocked by james|100/100 tox|[from] ability: Poison Heal
|upkeep
|turn|4
|
|t:|1779948291
|-end|p1a: Great Tusk|Protosynthesis|[silent]
|switch|p1a: Gholdengo|Gholdengo|100/100
|-item|p1a: Gholdengo|Air Balloon
|move|p2a: knocked by james|Stealth Rock|p1a: Gholdengo
|-sidestart|p1: Gking10|move: Stealth Rock
|
|upkeep
|turn|5
|
|t:|1779948319
|move|p2a: knocked by james|U-turn|p1a: Gholdengo
|-resisted|p1a: Gholdengo
|-damage|p1a: Gholdengo|98/100
|-enditem|p1a: Gholdengo|Air Balloon
|
|t:|1779948325
|switch|p2a: krampus|Darkrai|100/100|[from] U-turn
|move|p1a: Gholdengo|Hex|p2a: krampus
|-resisted|p2a: krampus
|-damage|p2a: krampus|81/100
|
|-heal|p2a: krampus|87/100|[from] Grassy Terrain
|-heal|p1a: Gholdengo|100/100|[from] Grassy Terrain
|upkeep
|turn|6
|
|t:|1779948367
|switch|p2a: knocked by james|Gliscor, F|100/100 tox
|-damage|p2a: knocked by james|88/100 tox|[from] Stealth Rock
|-terastallize|p1a: Gholdengo|Water
|move|p1a: Gholdengo|Thunder Wave|p2a: knocked by james
|-immune|p2a: knocked by james
|
|-heal|p2a: knocked by james|100/100 tox|[from] ability: Poison Heal
|upkeep
|turn|7
|
|t:|1779948375
|move|p2a: knocked by james|Protect|p2a: knocked by james
|-singleturn|p2a: knocked by james|Protect
|move|p1a: Gholdengo|Make It Rain|p2a: knocked by james
|-activate|p2a: knocked by james|move: Protect
|
|upkeep
|turn|8
|
|t:|1779948386
|switch|p1a: Great Tusk|Great Tusk|96/100
|move|p2a: knocked by james|Earthquake|p1a: Great Tusk
|-damage|p1a: Great Tusk|84/100
|
|-heal|p1a: Great Tusk|90/100|[from] Grassy Terrain
|-fieldend|move: Grassy Terrain
|upkeep
|turn|9
|
|t:|1779948397
|move|p1a: Great Tusk|Rapid Spin|p2a: knocked by james
|-damage|p2a: knocked by james|85/100 tox
|-boost|p1a: Great Tusk|spe|1
|-sideend|p1: Gking10|Stealth Rock|[from] move: Rapid Spin|[of] p1a: Great Tusk
|move|p2a: knocked by james|U-turn|p1a: Great Tusk
|-resisted|p1a: Great Tusk
|-damage|p1a: Great Tusk|84/100
|
|t:|1779948403
|switch|p2a: moth mami|Slither Wing|88/100|[from] U-turn
|-damage|p2a: moth mami|76/100|[from] Stealth Rock
|
|upkeep
|turn|10
|
|t:|1779948429
|-end|p1a: Great Tusk|Protosynthesis|[silent]
|switch|p1a: Gholdengo|Gholdengo, tera:Water|100/100
|move|p2a: moth mami|Will-O-Wisp|p1a: Gholdengo
|-immune|p1a: Gholdengo|[from] ability: Good as Gold
|
|upkeep
|turn|11
|
|t:|1779948461
|move|p1a: Gholdengo|Make It Rain|p2a: moth mami
|-damage|p2a: moth mami|29/100
|-unboost|p1a: Gholdengo|spa|1
|move|p2a: moth mami|U-turn|p1a: Gholdengo
|-damage|p1a: Gholdengo|78/100
|
|t:|1779948465
|-end|p2a: moth mami|Protosynthesis|[silent]
|switch|p2a: PICKUPDAPHONE|Crawdaunt, M|100/100|[from] U-turn
|-damage|p2a: PICKUPDAPHONE|88/100|[from] Stealth Rock
|
|upkeep
|turn|12
|
|t:|1779948488
|move|p1a: Gholdengo|Thunder Wave|p2a: PICKUPDAPHONE
|-status|p2a: PICKUPDAPHONE|par
|move|p2a: PICKUPDAPHONE|Knock Off|p1a: Gholdengo
|-damage|p1a: Gholdengo|27/100
|
|upkeep
|turn|13
|
|t:|1779948496
|move|p1a: Gholdengo|Recover|p1a: Gholdengo
|-heal|p1a: Gholdengo|77/100
|move|p2a: PICKUPDAPHONE|Knock Off|p1a: Gholdengo
|-damage|p1a: Gholdengo|29/100
|
|upkeep
|turn|14
|
|t:|1779948503
|move|p1a: Gholdengo|Recover|p1a: Gholdengo
|-heal|p1a: Gholdengo|79/100
|move|p2a: PICKUPDAPHONE|Knock Off|p1a: Gholdengo
|-damage|p1a: Gholdengo|33/100
|
|upkeep
|turn|15
|
|t:|1779948509
|move|p1a: Gholdengo|Recover|p1a: Gholdengo
|-heal|p1a: Gholdengo|83/100
|cant|p2a: PICKUPDAPHONE|par
|
|upkeep
|turn|16
|
|t:|1779948524
|switch|p1a: Ogerpon|Ogerpon-Wellspring, F|100/100
|move|p2a: PICKUPDAPHONE|Knock Off|p1a: Ogerpon
|-damage|p1a: Ogerpon|1/100
|
|upkeep
|turn|17
|
|t:|1779948536
|switch|p2a: knocked by james|Gliscor, F|85/100 tox
|-damage|p2a: knocked by james|73/100 tox|[from] Stealth Rock
|move|p1a: Ogerpon|Grassy Glide|p2a: knocked by james
|-damage|p2a: knocked by james|49/100 tox
|
|-heal|p2a: knocked by james|61/100 tox|[from] ability: Poison Heal
|upkeep
|turn|18
|
|t:|1779948549
|move|p2a: knocked by james|Protect|p2a: knocked by james
|-singleturn|p2a: knocked by james|Protect
|move|p1a: Ogerpon|Ivy Cudgel|p2a: knocked by james|[anim] Ivy Cudgel Water
|-activate|p2a: knocked by james|move: Protect
|
|-heal|p2a: knocked by james|74/100 tox|[from] ability: Poison Heal
|upkeep
|turn|19
|
|t:|1779948571
|-terastallize|p2a: knocked by james|Water
|move|p1a: Ogerpon|Knock Off|p2a: knocked by james
|-damage|p2a: knocked by james|45/100 tox
|-enditem|p2a: knocked by james|Toxic Orb|[from] move: Knock Off|[of] p1a: Ogerpon
|move|p2a: knocked by james|Stealth Rock|p1a: Ogerpon
|-sidestart|p1: Gking10|move: Stealth Rock
|
|-heal|p2a: knocked by james|58/100 tox|[from] ability: Poison Heal
|upkeep
|turn|20
|
|t:|1779948600
|switch|p1a: Rillaboom|Rillaboom, F|100/100
|-damage|p1a: Rillaboom|88/100|[from] Stealth Rock
|-fieldstart|move: Grassy Terrain|[from] ability: Grassy Surge|[of] p1a: Rillaboom
|move|p2a: knocked by james|U-turn|p1a: Rillaboom
|-supereffective|p1a: Rillaboom
|-damage|p1a: Rillaboom|52/100
|
|t:|1779948618
|switch|p2a: moth mami|Slither Wing|29/100|[from] U-turn
|-damage|p2a: moth mami|16/100|[from] Stealth Rock
|
|-heal|p1a: Rillaboom|59/100|[from] Grassy Terrain
|-heal|p2a: moth mami|22/100|[from] Grassy Terrain
|upkeep
|turn|21
|
|t:|1779948646
|switch|p1a: Gholdengo|Gholdengo, tera:Water|83/100
|-damage|p1a: Gholdengo|70/100|[from] Stealth Rock
|move|p2a: moth mami|First Impression|p1a: Gholdengo
|-damage|p1a: Gholdengo|40/100
|
|-heal|p1a: Gholdengo|46/100|[from] Grassy Terrain
|-heal|p2a: moth mami|29/100|[from] Grassy Terrain
|upkeep
|turn|22
|
|t:|1779948657
|-end|p2a: moth mami|Protosynthesis|[silent]
|switch|p2a: knocked by james|Gliscor, F, tera:Water|58/100 tox
|-damage|p2a: knocked by james|45/100 tox|[from] Stealth Rock
|move|p1a: Gholdengo|Recover|p1a: Gholdengo
|-heal|p1a: Gholdengo|96/100
|
|-heal|p2a: knocked by james|52/100 tox|[from] Grassy Terrain
|-heal|p1a: Gholdengo|100/100|[from] Grassy Terrain
|-heal|p2a: knocked by james|64/100 tox|[from] ability: Poison Heal
|upkeep
|turn|23
|
|t:|1779948669
|switch|p1a: Great Tusk|Great Tusk|84/100
|move|p2a: knocked by james|Protect||[still]
|-fail|p2a: knocked by james
|
|-heal|p1a: Great Tusk|90/100|[from] Grassy Terrain
|-heal|p2a: knocked by james|70/100 tox|[from] Grassy Terrain
|-heal|p2a: knocked by james|83/100 tox|[from] ability: Poison Heal
|upkeep
|turn|24
|
|t:|1779948680
|move|p1a: Great Tusk|Rapid Spin|p2a: knocked by james
|-damage|p2a: knocked by james|70/100 tox
|-boost|p1a: Great Tusk|spe|1
|-sideend|p1: Gking10|Stealth Rock|[from] move: Rapid Spin|[of] p1a: Great Tusk
|move|p2a: knocked by james|U-turn|p1a: Great Tusk
|-resisted|p1a: Great Tusk
|-damage|p1a: Great Tusk|84/100
|
|t:|1779948683
|switch|p2a: moth mami|Slither Wing|29/100|[from] U-turn
|-damage|p2a: moth mami|16/100|[from] Stealth Rock
|
|-heal|p1a: Great Tusk|90/100|[from] Grassy Terrain
|-heal|p2a: moth mami|22/100|[from] Grassy Terrain
|upkeep
|turn|25
|
|t:|1779948711
|-end|p2a: moth mami|Protosynthesis|[silent]
|switch|p2a: knocked by james|Gliscor, F, tera:Water|70/100 tox
|-damage|p2a: knocked by james|57/100 tox|[from] Stealth Rock
|move|p1a: Great Tusk|Headlong Rush|p2a: knocked by james
|-damage|p2a: knocked by james|9/100 tox
|-unboost|p1a: Great Tusk|def|1
|-unboost|p1a: Great Tusk|spd|1
|
|-heal|p1a: Great Tusk|96/100|[from] Grassy Terrain
|-heal|p2a: knocked by james|16/100 tox|[from] Grassy Terrain
|-heal|p2a: knocked by james|28/100 tox|[from] ability: Poison Heal
|upkeep
|turn|26
|
|t:|1779948728
|move|p2a: knocked by james|Protect|p2a: knocked by james
|-singleturn|p2a: knocked by james|Protect
|move|p1a: Great Tusk|Headlong Rush|p2a: knocked by james
|-activate|p2a: knocked by james|move: Protect
|
|-heal|p1a: Great Tusk|100/100|[from] Grassy Terrain
|-heal|p2a: knocked by james|34/100 tox|[from] Grassy Terrain
|-heal|p2a: knocked by james|47/100 tox|[from] ability: Poison Heal
|upkeep
|turn|27
|
|t:|1779948733
|move|p1a: Great Tusk|Headlong Rush|p2a: knocked by james
|-damage|p2a: knocked by james|1/100 tox
|-unboost|p1a: Great Tusk|def|1
|-unboost|p1a: Great Tusk|spd|1
|move|p2a: knocked by james|Stealth Rock|p1a: Great Tusk
|-sidestart|p1: Gking10|move: Stealth Rock
|
|-heal|p2a: knocked by james|8/100 tox|[from] Grassy Terrain
|-heal|p2a: knocked by james|20/100 tox|[from] ability: Poison Heal
|-fieldend|move: Grassy Terrain
|upkeep
|turn|28
|
|t:|1779948759
|move|p1a: Great Tusk|Rapid Spin|p2a: knocked by james
|-damage|p2a: knocked by james|6/100 tox
|-boost|p1a: Great Tusk|spe|1
|-sideend|p1: Gking10|Stealth Rock|[from] move: Rapid Spin|[of] p1a: Great Tusk
|move|p2a: knocked by james|U-turn|p1a: Great Tusk
|-resisted|p1a: Great Tusk
|-damage|p1a: Great Tusk|88/100
|
|t:|1779948767
|switch|p2a: PICKUPDAPHONE|Crawdaunt, M|88/100 par|[from] U-turn
|-damage|p2a: PICKUPDAPHONE|76/100 par|[from] Stealth Rock
|
|upkeep
|turn|29
|
|t:|1779948787
|-end|p1a: Great Tusk|Protosynthesis|[silent]
|switch|p1a: Gholdengo|Gholdengo, tera:Water|100/100
|cant|p2a: PICKUPDAPHONE|par
|
|upkeep
|turn|30
|
|t:|1779948797
|move|p1a: Gholdengo|Hex|p2a: PICKUPDAPHONE
|-resisted|p2a: PICKUPDAPHONE
|-damage|p2a: PICKUPDAPHONE|12/100 par
|move|p2a: PICKUPDAPHONE|Knock Off|p1a: Gholdengo
|-damage|p1a: Gholdengo|49/100
|
|upkeep
|turn|31
|
|t:|1779948818
|move|p1a: Gholdengo|Hex|p2a: PICKUPDAPHONE
|-resisted|p2a: PICKUPDAPHONE
|-damage|p2a: PICKUPDAPHONE|0 fnt
|faint|p2a: PICKUPDAPHONE
|
|upkeep
|
|t:|1779948887
|switch|p2a: krampus|Darkrai|87/100
|turn|32
|
|t:|1779948941
|move|p2a: krampus|Dark Pulse|p1a: Gholdengo
|-damage|p1a: Gholdengo|5/100
|move|p1a: Gholdengo|Recover|p1a: Gholdengo
|-heal|p1a: Gholdengo|55/100
|
|upkeep
|turn|33
|
|t:|1779948954
|move|p2a: krampus|Dark Pulse|p1a: Gholdengo
|-damage|p1a: Gholdengo|9/100
|move|p1a: Gholdengo|Thunder Wave|p2a: krampus
|-status|p2a: krampus|par
|
|upkeep
|turn|34
|
|t:|1779948978
|switch|p1a: Enamorus|Enamorus, F|100/100
|move|p2a: krampus|Dark Pulse|p1a: Enamorus
|-resisted|p1a: Enamorus
|-damage|p1a: Enamorus|72/100
|
|upkeep
|turn|35
|inactive|Battle timer is ON: inactive players will automatically lose when time's up. (requested by Gking10)
|
|t:|1779949044
|move|p1a: Enamorus|Moonblast|p2a: krampus
|-supereffective|p2a: krampus
|-damage|p2a: krampus|0 fnt
|faint|p2a: krampus
|
|upkeep
|
|t:|1779949056
|switch|p2a: forever a png|Iron Valiant|100/100
|turn|36
|
|t:|1779949062
|move|p1a: Enamorus|Moonblast|p2a: forever a png
|-supereffective|p2a: forever a png
|-damage|p2a: forever a png|0 fnt
|faint|p2a: forever a png
|-end|p2a: forever a png|Quark Drive|[silent]
|
|upkeep
|
|t:|1779949064
|switch|p2a: setup sleeper|Garganacl, M|100/100
|-damage|p2a: setup sleeper|88/100|[from] Stealth Rock
|turn|37
|
|t:|1779949081
|switch|p1a: Rillaboom|Rillaboom, F|59/100
|-fieldstart|move: Grassy Terrain|[from] ability: Grassy Surge|[of] p1a: Rillaboom
|move|p2a: setup sleeper|Salt Cure|p1a: Rillaboom
|-damage|p1a: Rillaboom|44/100
|-start|p1a: Rillaboom|Salt Cure
|
|-heal|p1a: Rillaboom|50/100|[from] Grassy Terrain
|-heal|p2a: setup sleeper|94/100|[from] Grassy Terrain
|-heal|p2a: setup sleeper|100/100|[from] item: Leftovers
|-damage|p1a: Rillaboom|38/100|[from] Salt Cure
|upkeep
|turn|38
|
|t:|1779949099
|switch|p2a: knocked by james|Gliscor, F, tera:Water|6/100 tox
|-damage|p2a: knocked by james|0 fnt|[from] Stealth Rock
|faint|p2a: knocked by james
|move|p1a: Rillaboom|Knock Off|p2: knocked by james|[notarget]
|-fail|p1a: Rillaboom
|
|-heal|p1a: Rillaboom|44/100|[from] Grassy Terrain
|-damage|p1a: Rillaboom|32/100|[from] Salt Cure
|upkeep
|
|t:|1779949101
|switch|p2a: moth mami|Slither Wing|22/100
|-damage|p2a: moth mami|10/100|[from] Stealth Rock
|turn|39
|
|t:|1779949122
|switch|p1a: Great Tusk|Great Tusk|88/100
|move|p2a: moth mami|Morning Sun|p2a: moth mami
|-heal|p2a: moth mami|60/100
|
|-heal|p1a: Great Tusk|95/100|[from] Grassy Terrain
|-heal|p2a: moth mami|66/100|[from] Grassy Terrain
|upkeep
|turn|40
|inactive|Gking10 has 120 seconds left.
|
|t:|1779949137
|-end|p1a: Great Tusk|Protosynthesis|[silent]
|switch|p1a: Gholdengo|Gholdengo, tera:Water|9/100
|move|p2a: moth mami|Morning Sun|p2a: moth mami
|-heal|p2a: moth mami|100/100
|
|-heal|p1a: Gholdengo|15/100|[from] Grassy Terrain
|upkeep
|turn|41
|inactive|Gking10 has 120 seconds left.
|
|t:|1779949148
|move|p1a: Gholdengo|Thunder Wave|p2a: moth mami
|-status|p2a: moth mami|par
|move|p2a: moth mami|U-turn|p1a: Gholdengo
|-damage|p1a: Gholdengo|0 fnt
|faint|p1a: Gholdengo
|
|t:|1779949152
|-end|p2a: moth mami|Protosynthesis|[silent]
|switch|p2a: setup sleeper|Garganacl, M|100/100|[from] U-turn
|-damage|p2a: setup sleeper|88/100|[from] Stealth Rock
|
|-heal|p2a: setup sleeper|94/100|[from] Grassy Terrain
|-heal|p2a: setup sleeper|100/100|[from] item: Leftovers
|upkeep
|inactive|Gking10 has 120 seconds left.
|
|t:|1779949166
|switch|p1a: Enamorus|Enamorus, F|72/100
|turn|42
|inactive|Gking10 has 120 seconds left.
|inactive|maddie_from_arcane has 120 seconds left.
|inactive|maddie_from_arcane has 90 seconds left.
|
|t:|1779949232
|move|p1a: Enamorus|Healing Wish|p1a: Enamorus
|faint|p1a: Enamorus
|move|p2a: setup sleeper|Salt Cure|p1: Enamorus|[notarget]
|-fail|p2a: setup sleeper
|
|upkeep
|
|t:|1779949242
|switch|p1a: Ogerpon|Ogerpon-Wellspring, F|1/100
|-heal|p1a: Ogerpon|100/100|[from] move: Healing Wish
|turn|43
|inactive|Gking10 has 90 seconds left.
|
|t:|1779949268
|switch|p1a: Great Tusk|Great Tusk|95/100
|switch|p2a: moth mami|Slither Wing|100/100 par
|-damage|p2a: moth mami|88/100 par|[from] Stealth Rock
|
|-heal|p1a: Great Tusk|100/100|[from] Grassy Terrain
|-heal|p2a: moth mami|94/100 par|[from] Grassy Terrain
|upkeep
|turn|44
|inactive|Gking10 has 90 seconds left.
|
|t:|1779949279
|-end|p1a: Great Tusk|Protosynthesis|[silent]
|switch|p1a: Skeledirge|Skeledirge, M|100/100
|-enditem|p1a: Skeledirge|Grassy Seed
|-boost|p1a: Skeledirge|def|1|[from] item: Grassy Seed
|cant|p2a: moth mami|par
|
|-heal|p2a: moth mami|100/100 par|[from] Grassy Terrain
|-fieldend|move: Grassy Terrain
|upkeep
|turn|45
|inactive|Gking10 has 90 seconds left.
|
|t:|1779949290
|-end|p2a: moth mami|Protosynthesis|[silent]
|switch|p2a: setup sleeper|Garganacl, M|100/100
|-damage|p2a: setup sleeper|88/100|[from] Stealth Rock
|move|p1a: Skeledirge|Torch Song|p2a: setup sleeper
|-resisted|p2a: setup sleeper
|-damage|p2a: setup sleeper|78/100
|-boost|p1a: Skeledirge|spa|1
|
|-heal|p2a: setup sleeper|85/100|[from] item: Leftovers
|upkeep
|turn|46
|inactive|Gking10 has 90 seconds left.
|
|t:|1779949312
|switch|p1a: Great Tusk|Great Tusk|100/100
|move|p2a: setup sleeper|Salt Cure|p1a: Great Tusk
|-resisted|p1a: Great Tusk
|-damage|p1a: Great Tusk|98/100
|-start|p1a: Great Tusk|Salt Cure
|
|-heal|p2a: setup sleeper|91/100|[from] item: Leftovers
|-damage|p1a: Great Tusk|86/100|[from] Salt Cure
|upkeep
|turn|47
|
|t:|1779949318
|switch|p2a: moth mami|Slither Wing|100/100 par
|-damage|p2a: moth mami|88/100 par|[from] Stealth Rock
|move|p1a: Great Tusk|Knock Off|p2a: moth mami
|-resisted|p2a: moth mami
|-damage|p2a: moth mami|79/100 par
|
|-damage|p1a: Great Tusk|73/100|[from] Salt Cure
|upkeep
|turn|48
|
|t:|1779949326
|-end|p1a: Great Tusk|Protosynthesis|[silent]
|switch|p1a: Skeledirge|Skeledirge, M|100/100
|move|p2a: moth mami|U-turn|p1a: Skeledirge
|-resisted|p1a: Skeledirge
|-damage|p1a: Skeledirge|94/100
|
|t:|1779949328
|-end|p2a: moth mami|Protosynthesis|[silent]
|switch|p2a: setup sleeper|Garganacl, M|91/100|[from] U-turn
|-damage|p2a: setup sleeper|78/100|[from] Stealth Rock
|
|-heal|p2a: setup sleeper|85/100|[from] item: Leftovers
|upkeep
|turn|49
|
|t:|1779949339
|switch|p1a: Great Tusk|Great Tusk|73/100
|move|p2a: setup sleeper|Curse|p2a: setup sleeper
|-unboost|p2a: setup sleeper|spe|1
|-boost|p2a: setup sleeper|atk|1
|-boost|p2a: setup sleeper|def|1
|
|-heal|p2a: setup sleeper|91/100|[from] item: Leftovers
|upkeep
|turn|50
|
|t:|1779949350
|move|p1a: Great Tusk|Knock Off|p2a: setup sleeper
|-damage|p2a: setup sleeper|76/100
|-enditem|p2a: setup sleeper|Leftovers|[from] move: Knock Off|[of] p1a: Great Tusk
|move|p2a: setup sleeper|Curse|p2a: setup sleeper
|-unboost|p2a: setup sleeper|spe|1
|-boost|p2a: setup sleeper|atk|1
|-boost|p2a: setup sleeper|def|1
|
|upkeep
|turn|51
|
|t:|1779949364
|-end|p1a: Great Tusk|Protosynthesis|[silent]
|switch|p1a: Rillaboom|Rillaboom, F|32/100
|-fieldstart|move: Grassy Terrain|[from] ability: Grassy Surge|[of] p1a: Rillaboom
|move|p2a: setup sleeper|Curse|p2a: setup sleeper
|-unboost|p2a: setup sleeper|spe|1
|-boost|p2a: setup sleeper|atk|1
|-boost|p2a: setup sleeper|def|1
|
|-heal|p1a: Rillaboom|38/100|[from] Grassy Terrain
|-heal|p2a: setup sleeper|82/100|[from] Grassy Terrain
|upkeep
|turn|52
|inactive|Gking10 has 90 seconds left.
|
|t:|1779949398
|switch|p1a: Skeledirge|Skeledirge, M|94/100
|move|p2a: setup sleeper|Recover|p2a: setup sleeper
|-heal|p2a: setup sleeper|100/100
|
|-heal|p1a: Skeledirge|99/100|[from] Grassy Terrain
|upkeep
|turn|53
|
|t:|1779949417
|move|p1a: Skeledirge|Torch Song|p2a: setup sleeper
|-resisted|p2a: setup sleeper
|-damage|p2a: setup sleeper|90/100
|-boost|p1a: Skeledirge|spa|1
|move|p2a: setup sleeper|Salt Cure|p1a: Skeledirge
|-supereffective|p1a: Skeledirge
|-damage|p1a: Skeledirge|78/100
|-start|p1a: Skeledirge|Salt Cure
|
|-heal|p1a: Skeledirge|84/100|[from] Grassy Terrain
|-heal|p2a: setup sleeper|96/100|[from] Grassy Terrain
|-damage|p1a: Skeledirge|72/100|[from] Salt Cure
|upkeep
|turn|54
|
|t:|1779949433
|move|p1a: Skeledirge|Torch Song|p2a: setup sleeper
|-resisted|p2a: setup sleeper
|-damage|p2a: setup sleeper|82/100
|-boost|p1a: Skeledirge|spa|1
|move|p2a: setup sleeper|Salt Cure|p1a: Skeledirge
|-supereffective|p1a: Skeledirge
|-damage|p1a: Skeledirge|46/100
|
|-heal|p1a: Skeledirge|52/100|[from] Grassy Terrain
|-heal|p2a: setup sleeper|88/100|[from] Grassy Terrain
|-damage|p1a: Skeledirge|40/100|[from] Salt Cure
|upkeep
|turn|55
|
|t:|1779949445
|move|p1a: Skeledirge|Slack Off|p1a: Skeledirge
|-heal|p1a: Skeledirge|90/100
|move|p2a: setup sleeper|Salt Cure|p1a: Skeledirge
|-supereffective|p1a: Skeledirge
|-damage|p1a: Skeledirge|68/100
|
|-heal|p1a: Skeledirge|74/100|[from] Grassy Terrain
|-heal|p2a: setup sleeper|94/100|[from] Grassy Terrain
|-damage|p1a: Skeledirge|62/100|[from] Salt Cure
|upkeep
|turn|56
|
|t:|1779949455
|move|p1a: Skeledirge|Torch Song|p2a: setup sleeper
|-resisted|p2a: setup sleeper
|-damage|p2a: setup sleeper|75/100
|-boost|p1a: Skeledirge|spa|1
|move|p2a: setup sleeper|Salt Cure|p1a: Skeledirge
|-supereffective|p1a: Skeledirge
|-damage|p1a: Skeledirge|38/100
|
|-heal|p1a: Skeledirge|45/100|[from] Grassy Terrain
|-heal|p2a: setup sleeper|81/100|[from] Grassy Terrain
|-damage|p1a: Skeledirge|32/100|[from] Salt Cure
|upkeep
|turn|57
|
|t:|1779949468
|move|p1a: Skeledirge|Torch Song|p2a: setup sleeper
|-resisted|p2a: setup sleeper
|-damage|p2a: setup sleeper|57/100
|-boost|p1a: Skeledirge|spa|1
|move|p2a: setup sleeper|Salt Cure|p1a: Skeledirge
|-supereffective|p1a: Skeledirge
|-damage|p1a: Skeledirge|10/100
|
|-heal|p1a: Skeledirge|16/100|[from] Grassy Terrain
|-heal|p2a: setup sleeper|63/100|[from] Grassy Terrain
|-damage|p1a: Skeledirge|3/100|[from] Salt Cure
|upkeep
|turn|58
|inactive|Gking10 has 60 seconds left.
|
|t:|1779949508
|switch|p1a: Ogerpon|Ogerpon-Wellspring, F|100/100
|move|p2a: setup sleeper|Recover|p2a: setup sleeper
|-heal|p2a: setup sleeper|100/100
|
|-fieldend|move: Grassy Terrain
|upkeep
|turn|59
|inactive|Gking10 has 60 seconds left.
|
|t:|1779949517
|move|p1a: Ogerpon|Swords Dance|p1a: Ogerpon
|-boost|p1a: Ogerpon|atk|2
|move|p2a: setup sleeper|Salt Cure|p1a: Ogerpon
|-damage|p1a: Ogerpon|59/100
|-start|p1a: Ogerpon|Salt Cure
|
|-damage|p1a: Ogerpon|34/100|[from] Salt Cure
|upkeep
|turn|60
|
|t:|1779949524
|move|p1a: Ogerpon|Ivy Cudgel|p2a: setup sleeper|[anim] Ivy Cudgel Water
|-supereffective|p2a: setup sleeper
|-damage|p2a: setup sleeper|39/100
|move|p2a: setup sleeper|Recover|p2a: setup sleeper
|-heal|p2a: setup sleeper|89/100
|
|-damage|p1a: Ogerpon|9/100|[from] Salt Cure
|upkeep
|turn|61
|
|t:|1779949533
|move|p1a: Ogerpon|Ivy Cudgel|p2a: setup sleeper|[anim] Ivy Cudgel Water
|-supereffective|p2a: setup sleeper
|-damage|p2a: setup sleeper|23/100
|move|p2a: setup sleeper|Recover|p2a: setup sleeper
|-heal|p2a: setup sleeper|73/100
|
|-damage|p1a: Ogerpon|0 fnt|[from] Salt Cure
|faint|p1a: Ogerpon
|upkeep
|
|t:|1779949543
|switch|p1a: Rillaboom|Rillaboom, F|38/100
|-fieldstart|move: Grassy Terrain|[from] ability: Grassy Surge|[of] p1a: Rillaboom
|turn|62
|inactive|Gking10 has 60 seconds left.
|
|t:|1779949564
|move|p1a: Rillaboom|Low Kick|p2a: setup sleeper
|-supereffective|p2a: setup sleeper
|-damage|p2a: setup sleeper|52/100
|move|p2a: setup sleeper|Recover|p2a: setup sleeper
|-heal|p2a: setup sleeper|100/100
|
|-heal|p1a: Rillaboom|44/100|[from] Grassy Terrain
|upkeep
|turn|63
|inactive|Gking10 has 60 seconds left.
|-message|Gking10 forfeited.
|
|win|maddie_from_arcane
|raw|Gking10's rating: 1510 &rarr; <strong>1494</strong><br />(-16 for losing)
|raw|maddie_from_arcane's rating: 1573 &rarr; <strong>1589</strong><br />(+16 for winning)
|l|☆Gking10
|player|p1|
