|j|☆fregene97
|j|☆salvodj
|t:|1779878259
|gametype|singles
|player|p1|fregene97|dragontamer|1202
|player|p2|salvodj|benga|1186
|gen|9
|tier|[Gen 9] OU
|rated|
|rule|HP Percentage Mod: HP is shown in percentages
|rule|Endless Battle Clause: Forcing endless battles is banned
|rule|Species Clause: Limit one of each Pokémon
|rule|OHKO Clause: OHKO moves are banned
|rule|Evasion Items Clause: Evasion items are banned
|rule|Evasion Moves Clause: Evasion moves are banned
|rule|Evasion Abilities Clause: Evasion abilities are banned
|rule|Sleep Moves Clause: Sleep-inducing moves are banned
|clearpoke
|poke|p1|Walking Wake|
|poke|p1|Raging Bolt|
|poke|p1|Great Tusk|
|poke|p1|Typhlosion-Hisui, F|
|poke|p1|Greninja-*, M|
|poke|p1|Iron Treads|
|poke|p2|Moltres|
|poke|p2|Kyurem|
|poke|p2|Ogerpon-Wellspring, F|
|poke|p2|Zamazenta-*|
|poke|p2|Great Tusk|
|poke|p2|Kingambit, F|
|teampreview
|
|t:|1779878274
|teamsize|p1|6
|teamsize|p2|6
|start
|switch|p1a: Typhlosion|Typhlosion-Hisui, F|100/100
|switch|p2a: Kyurem|Kyurem|100/100
|-item|p2a: Kyurem|Choice Specs|[from] ability: Frisk|[of] p1a: Typhlosion
|-ability|p2a: Kyurem|Pressure
|turn|1
|inactive|Battle timer is ON: inactive players will automatically lose when time's up. (requested by fregene97)
|
|t:|1779878293
|switch|p2a: Moltres|Moltres|100/100
|move|p1a: Typhlosion|Overheat|p2a: Moltres|[miss]
|-miss|p1a: Typhlosion|p2a: Moltres
|
|upkeep
|turn|2
|
|t:|1779878307
|-terastallize|p1a: Typhlosion|Fire
|move|p1a: Typhlosion|Overheat|p2a: Moltres
|-resisted|p2a: Moltres
|-damage|p2a: Moltres|54/100
|-unboost|p1a: Typhlosion|spa|2
|move|p2a: Moltres|Flamethrower|p1a: Typhlosion
|-resisted|p1a: Typhlosion
|-damage|p1a: Typhlosion|75/100
|
|upkeep
|turn|3
|
|t:|1779878326
|switch|p1a: Walking Wake|Walking Wake|100/100
|-enditem|p1a: Walking Wake|Booster Energy
|-activate|p1a: Walking Wake|ability: Protosynthesis|[fromitem]
|-start|p1a: Walking Wake|protosynthesisspe
|move|p2a: Moltres|Roost|p2a: Moltres
|-heal|p2a: Moltres|100/100
|-singleturn|p2a: Moltres|move: Roost
|
|upkeep
|turn|4
|
|t:|1779878342
|switch|p2a: Ogerpon|Ogerpon-Wellspring, F|100/100
|move|p1a: Walking Wake|Dragon Dance|p1a: Walking Wake
|-boost|p1a: Walking Wake|atk|1
|-boost|p1a: Walking Wake|spe|1
|
|upkeep
|turn|5
|
|t:|1779878353
|move|p1a: Walking Wake|Outrage|p2a: Ogerpon
|-damage|p2a: Ogerpon|7/100
|move|p2a: Ogerpon|U-turn|p1a: Walking Wake
|-damage|p1a: Walking Wake|70/100
|
|t:|1779878364
|switch|p2a: Kyurem|Kyurem|100/100|[from] U-turn
|-ability|p2a: Kyurem|Pressure
|
|upkeep
|turn|6
|
|t:|1779878373
|-terastallize|p2a: Kyurem|Ice
|move|p1a: Walking Wake|Outrage|p2a: Kyurem|[from] lockedmove
|-damage|p2a: Kyurem|31/100
|-start|p1a: Walking Wake|confusion|[fatigue]
|move|p2a: Kyurem|Freeze-Dry|p1a: Walking Wake
|-supereffective|p1a: Walking Wake
|-damage|p1a: Walking Wake|0 fnt
|faint|p1a: Walking Wake
|-end|p1a: Walking Wake|Protosynthesis|[silent]
|
|upkeep
|
|t:|1779878376
|switch|p1a: Greninja|Greninja, M|100/100
|turn|7
|
|t:|1779878386
|switch|p2a: Great Tusk|Great Tusk|100/100
|move|p1a: Greninja|Swords Dance|p1a: Greninja
|-boost|p1a: Greninja|atk|2
|
|upkeep
|turn|8
|
|t:|1779878393
|move|p1a: Greninja|Water Shuriken|p2a: Great Tusk
|-supereffective|p2a: Great Tusk
|-damage|p2a: Great Tusk|87/100
|-supereffective|p2a: Great Tusk
|-damage|p2a: Great Tusk|72/100
|-supereffective|p2a: Great Tusk
|-damage|p2a: Great Tusk|59/100
|-supereffective|p2a: Great Tusk
|-damage|p2a: Great Tusk|43/100
|-supereffective|p2a: Great Tusk
|-damage|p2a: Great Tusk|28/100
|-hitcount|p2a: Great Tusk|5
|move|p2a: Great Tusk|Stealth Rock|p1a: Greninja
|-sidestart|p1: fregene97|move: Stealth Rock
|
|upkeep
|turn|9
|
|t:|1779878402
|move|p1a: Greninja|Ice Punch|p2a: Great Tusk
|-supereffective|p2a: Great Tusk
|-damage|p2a: Great Tusk|0 fnt
|-damage|p1a: Greninja|84/100|[from] item: Rocky Helmet|[of] p2a: Great Tusk
|faint|p2a: Great Tusk
|-end|p2a: Great Tusk|Protosynthesis|[silent]
|-ability|p1a: Greninja|Battle Bond|boost
|-boost|p1a: Greninja|atk|1
|-boost|p1a: Greninja|spa|1
|-boost|p1a: Greninja|spe|1
|-activate|p1a: Greninja|ability: Battle Bond
|
|upkeep
|
|t:|1779878406
|switch|p2a: Moltres|Moltres|100/100
|turn|10
|
|t:|1779878409
|move|p1a: Greninja|Water Shuriken|p2a: Moltres
|-supereffective|p2a: Moltres
|-damage|p2a: Moltres|88/100
|-supereffective|p2a: Moltres
|-damage|p2a: Moltres|75/100
|-supereffective|p2a: Moltres
|-damage|p2a: Moltres|64/100
|-supereffective|p2a: Moltres
|-damage|p2a: Moltres|51/100
|-supereffective|p2a: Moltres
|-damage|p2a: Moltres|40/100
|-hitcount|p2a: Moltres|5
|move|p2a: Moltres|Will-O-Wisp|p1a: Greninja
|-status|p1a: Greninja|brn
|
|-damage|p1a: Greninja|78/100 brn|[from] brn
|upkeep
|turn|11
|
|t:|1779878422
|move|p1a: Greninja|Swords Dance|p1a: Greninja
|-boost|p1a: Greninja|atk|2
|move|p2a: Moltres|Roost|p2a: Moltres
|-heal|p2a: Moltres|90/100
|-singleturn|p2a: Moltres|move: Roost
|
|-damage|p1a: Greninja|72/100 brn|[from] brn
|upkeep
|turn|12
|
|t:|1779878426
|move|p1a: Greninja|Water Shuriken|p2a: Moltres
|-supereffective|p2a: Moltres
|-damage|p2a: Moltres|79/100
|-supereffective|p2a: Moltres
|-damage|p2a: Moltres|67/100
|-supereffective|p2a: Moltres
|-damage|p2a: Moltres|56/100
|-hitcount|p2a: Moltres|3
|move|p2a: Moltres|Roar|p1a: Greninja
|drag|p1a: Great Tusk|Great Tusk, shiny|100/100
|-damage|p1a: Great Tusk|98/100|[from] Stealth Rock
|
|-heal|p1a: Great Tusk|100/100|[from] item: Leftovers
|upkeep
|turn|13
|
|t:|1779878445
|switch|p2a: Ogerpon|Ogerpon-Wellspring, F|7/100
|-end|p1a: Great Tusk|Protosynthesis|[silent]
|switch|p1a: Raging Bolt|Raging Bolt|100/100
|-damage|p1a: Raging Bolt|88/100|[from] Stealth Rock
|-enditem|p1a: Raging Bolt|Booster Energy
|-activate|p1a: Raging Bolt|ability: Protosynthesis|[fromitem]
|-start|p1a: Raging Bolt|protosynthesisspa
|
|upkeep
|turn|14
|
|t:|1779878451
|move|p2a: Ogerpon|Spikes|p1a: Raging Bolt
|-sidestart|p1: fregene97|Spikes
|move|p1a: Raging Bolt|Dragon Pulse|p2a: Ogerpon
|-damage|p2a: Ogerpon|0 fnt
|faint|p2a: Ogerpon
|
|upkeep
|
|t:|1779878456
|switch|p2a: Kyurem|Kyurem, tera:Ice|31/100
|-ability|p2a: Kyurem|Pressure
|turn|15
|
|t:|1779878485
|move|p1a: Raging Bolt|Thunderclap|p2a: Kyurem
|-damage|p2a: Kyurem|0 fnt
|faint|p2a: Kyurem
|
|upkeep
|
|t:|1779878491
|switch|p2a: Zamazenta|Zamazenta|100/100
|-ability|p2a: Zamazenta|Dauntless Shield|boost
|-boost|p2a: Zamazenta|def|1
|turn|16
|
|t:|1779878498
|move|p1a: Raging Bolt|Dragon Pulse|p2a: Zamazenta
|-damage|p2a: Zamazenta|45/100
|move|p2a: Zamazenta|Roar|p1a: Raging Bolt
|-end|p1a: Raging Bolt|Protosynthesis|[silent]
|drag|p1a: Typhlosion|Typhlosion-Hisui, F, tera:Fire|75/100
|-damage|p1a: Typhlosion|51/100|[from] Stealth Rock
|-damage|p1a: Typhlosion|38/100|[from] Spikes
|-item|p2a: Zamazenta|Leftovers|[from] ability: Frisk|[of] p1a: Typhlosion
|
|-heal|p2a: Zamazenta|51/100|[from] item: Leftovers
|upkeep
|turn|17
|
|t:|1779878503
|move|p2a: Zamazenta|Body Press|p1a: Typhlosion
|-damage|p1a: Typhlosion|0 fnt
|faint|p1a: Typhlosion
|
|-heal|p2a: Zamazenta|57/100|[from] item: Leftovers
|upkeep
|
|t:|1779878508
|switch|p1a: Great Tusk|Great Tusk, shiny|100/100
|-damage|p1a: Great Tusk|98/100|[from] Stealth Rock
|-damage|p1a: Great Tusk|85/100|[from] Spikes
|turn|18
|
|t:|1779878513
|move|p2a: Zamazenta|Iron Defense|p2a: Zamazenta
|-boost|p2a: Zamazenta|def|2
|move|p1a: Great Tusk|Rapid Spin|p2a: Zamazenta
|-damage|p2a: Zamazenta|51/100
|-boost|p1a: Great Tusk|spe|1
|-sideend|p1: fregene97|Spikes|[from] move: Rapid Spin|[of] p1a: Great Tusk
|-sideend|p1: fregene97|Stealth Rock|[from] move: Rapid Spin|[of] p1a: Great Tusk
|
|-heal|p2a: Zamazenta|57/100|[from] item: Leftovers
|-heal|p1a: Great Tusk|91/100|[from] item: Leftovers
|upkeep
|turn|19
|
|t:|1779878530
|move|p2a: Zamazenta|Iron Defense|p2a: Zamazenta
|-boost|p2a: Zamazenta|def|2
|move|p1a: Great Tusk|Bulk Up|p1a: Great Tusk
|-boost|p1a: Great Tusk|atk|1
|-boost|p1a: Great Tusk|def|1
|
|-heal|p2a: Zamazenta|64/100|[from] item: Leftovers
|-heal|p1a: Great Tusk|98/100|[from] item: Leftovers
|upkeep
|turn|20
|
|t:|1779878537
|move|p2a: Zamazenta|Body Press|p1a: Great Tusk
|-damage|p1a: Great Tusk|45/100
|move|p1a: Great Tusk|Bulk Up|p1a: Great Tusk
|-boost|p1a: Great Tusk|atk|1
|-boost|p1a: Great Tusk|def|1
|
|-heal|p2a: Zamazenta|70/100|[from] item: Leftovers
|-heal|p1a: Great Tusk|51/100|[from] item: Leftovers
|upkeep
|turn|21
|
|t:|1779878541
|move|p1a: Great Tusk|Bulk Up|p1a: Great Tusk
|-boost|p1a: Great Tusk|atk|1
|-boost|p1a: Great Tusk|def|1
|move|p2a: Zamazenta|Roar|p1a: Great Tusk
|-end|p1a: Great Tusk|Protosynthesis|[silent]
|drag|p1a: Greninja|Greninja, M|72/100 brn
|
|-heal|p2a: Zamazenta|76/100|[from] item: Leftovers
|-damage|p1a: Greninja|66/100 brn|[from] brn
|upkeep
|turn|22
|
|t:|1779878548
|move|p1a: Greninja|Water Shuriken|p2a: Zamazenta
|-damage|p2a: Zamazenta|71/100
|-crit|p2a: Zamazenta
|-damage|p2a: Zamazenta|65/100
|-damage|p2a: Zamazenta|61/100
|-hitcount|p2a: Zamazenta|3
|move|p2a: Zamazenta|Body Press|p1a: Greninja
|-supereffective|p1a: Greninja
|-damage|p1a: Greninja|0 fnt
|faint|p1a: Greninja
|
|-heal|p2a: Zamazenta|67/100|[from] item: Leftovers
|upkeep
|
|t:|1779878561
|switch|p1a: Raging Bolt|Raging Bolt|88/100
|turn|23
|
|t:|1779878564
|move|p2a: Zamazenta|Body Press|p1a: Raging Bolt
|-damage|p1a: Raging Bolt|0 fnt
|faint|p1a: Raging Bolt
|-end|p1a: Raging Bolt|Protosynthesis|[silent]
|
|-heal|p2a: Zamazenta|73/100|[from] item: Leftovers
|upkeep
|-message|fregene97 forfeited.
|
|win|salvodj
|raw|fregene97's rating: 1224 &rarr; <strong>1196</strong><br />(-28 for losing)
|raw|salvodj's rating: 1186 &rarr; <strong>1214</strong><br />(+28 for winning)
|l|☆fregene97
|player|p1|
|l|☆salvodj
|player|p2|
