|j|☆MeltedGelato
|j|☆prepare 4 die
|t:|1779955798
|gametype|singles
|player|p1|MeltedGelato|101|1287
|player|p2|prepare 4 die|wallace|1402
|gen|9
|tier|[Gen 9] OU
|rated|
|rule|HP Percentage Mod: HP is shown in percentages
|rule|Endless Battle Clause: Forcing endless battles is banned
|rule|Species Clause: Limit one of each Pokémon
|rule|OHKO Clause: OHKO moves are banned
|rule|Evasion Items Clause: Evasion items are banned
|rule|Evasion Moves Clause: Evasion moves are banned
|rule|Evasion Abilities Clause: Evasion abilities are banned
|rule|Sleep Moves Clause: Sleep-inducing moves are banned
|clearpoke
|poke|p1|Great Tusk|
|poke|p1|Heatran, M|
|poke|p1|Gholdengo|
|poke|p1|Ogerpon-Wellspring, F|
|poke|p1|Iron Valiant|
|poke|p1|Dragapult, F|
|poke|p2|Palossand, F|
|poke|p2|Iron Crown|
|poke|p2|Hatterene, F|
|poke|p2|Ogerpon-Wellspring, F|
|poke|p2|Corviknight, F|
|poke|p2|Landorus-Therian, M|
|teampreview
|
|t:|1779955824
|teamsize|p1|6
|teamsize|p2|6
|start
|switch|p1a: Ogerpon|Ogerpon-Wellspring, F|100/100
|switch|p2a: Palossand|Palossand, F|100/100
|turn|1
|
|t:|1779955844
|move|p1a: Ogerpon|Knock Off|p2a: Palossand
|-supereffective|p2a: Palossand
|-damage|p2a: Palossand|38/100
|-enditem|p2a: Palossand|Weakness Policy
|-boost|p2a: Palossand|atk|2|[from] item: Weakness Policy
|-boost|p2a: Palossand|spa|2|[from] item: Weakness Policy
|move|p2a: Palossand|Shore Up|p2a: Palossand
|-heal|p2a: Palossand|88/100
|
|upkeep
|turn|2
|
|t:|1779955851
|-terastallize|p2a: Palossand|Poison
|move|p1a: Ogerpon|Ivy Cudgel|p2a: Palossand|[anim] Ivy Cudgel Water
|-damage|p2a: Palossand|43/100
|-ability|p2a: Palossand|Water Compaction|boost
|-boost|p2a: Palossand|def|2
|move|p2a: Palossand|Skill Swap|p1a: Ogerpon
|-activate|p2a: Palossand|Skill Swap|Water Absorb|Water Compaction|[of] p1a: Ogerpon
|
|upkeep
|turn|3
|
|t:|1779955864
|move|p1a: Ogerpon|U-turn|p2a: Palossand
|-resisted|p2a: Palossand
|-damage|p2a: Palossand|38/100
|
|t:|1779955865
|switch|p1a: Heatran|Heatran, M|100/100|[from] U-turn
|move|p2a: Palossand|Shore Up|p2a: Palossand
|-heal|p2a: Palossand|88/100
|
|upkeep
|turn|4
|
|t:|1779955870
|move|p1a: Heatran|Earth Power|p2a: Palossand
|-supereffective|p2a: Palossand
|-damage|p2a: Palossand|34/100
|move|p2a: Palossand|Earth Power|p1a: Heatran
|-supereffective|p1a: Heatran
|-crit|p1a: Heatran
|-damage|p1a: Heatran|0 fnt
|faint|p1a: Heatran
|
|upkeep
|
|t:|1779955875
|switch|p1a: Great Tusk|Great Tusk|100/100
|turn|5
|
|t:|1779955888
|switch|p2a: Landorus|Landorus-Therian, M|100/100
|-ability|p2a: Landorus|Intimidate|boost
|-unboost|p1a: Great Tusk|atk|1
|move|p1a: Great Tusk|Headlong Rush|p2a: Landorus
|-immune|p2a: Landorus
|
|upkeep
|turn|6
|
|t:|1779955896
|move|p2a: Landorus|U-turn|p1a: Great Tusk
|-resisted|p1a: Great Tusk
|-damage|p1a: Great Tusk|94/100
|-damage|p2a: Landorus|84/100|[from] item: Rocky Helmet|[of] p1a: Great Tusk
|
|t:|1779955906
|switch|p2a: Iron Crown|Iron Crown|100/100|[from] U-turn
|move|p1a: Great Tusk|Knock Off|p2a: Iron Crown
|-supereffective|p2a: Iron Crown
|-damage|p2a: Iron Crown|59/100
|-enditem|p2a: Iron Crown|Choice Specs|[from] move: Knock Off|[of] p1a: Great Tusk
|
|upkeep
|turn|7
|
|t:|1779955917
|-end|p1a: Great Tusk|Protosynthesis|[silent]
|switch|p1a: Gholdengo|Gholdengo|100/100
|-item|p1a: Gholdengo|Air Balloon
|move|p2a: Iron Crown|Volt Switch|p1a: Gholdengo
|-damage|p1a: Gholdengo|79/100
|-enditem|p1a: Gholdengo|Air Balloon
|
|t:|1779955925
|-end|p2a: Iron Crown|Quark Drive|[silent]
|switch|p2a: Ogerpon|Ogerpon-Wellspring, F|100/100|[from] Volt Switch
|
|upkeep
|turn|8
|
|t:|1779955940
|switch|p1a: Ogerpon|Ogerpon-Wellspring, F|100/100
|move|p2a: Ogerpon|Knock Off|p1a: Ogerpon
|-damage|p1a: Ogerpon|65/100
|
|upkeep
|turn|9
|
|t:|1779955945
|move|p1a: Ogerpon|U-turn|p2a: Ogerpon
|-supereffective|p2a: Ogerpon
|-damage|p2a: Ogerpon|32/100
|
|t:|1779955953
|switch|p1a: Dragapult|Dragapult, F|100/100|[from] U-turn
|move|p2a: Ogerpon|U-turn|p1a: Dragapult
|-resisted|p1a: Dragapult
|-damage|p1a: Dragapult|82/100
|
|t:|1779955967
|switch|p2a: Corviknight|Corviknight, F|100/100|[from] U-turn
|-ability|p2a: Corviknight|Pressure
|
|upkeep
|turn|10
|
|t:|1779955979
|move|p1a: Dragapult|Flamethrower|p2a: Corviknight
|-supereffective|p2a: Corviknight
|-damage|p2a: Corviknight|27/100
|move|p2a: Corviknight|Brave Bird|p1a: Dragapult
|-damage|p1a: Dragapult|30/100
|-damage|p2a: Corviknight|13/100|[from] Recoil
|
|upkeep
|turn|11
|
|t:|1779955989
|move|p1a: Dragapult|Flamethrower|p2a: Corviknight
|-supereffective|p2a: Corviknight
|-damage|p2a: Corviknight|0 fnt
|faint|p2a: Corviknight
|
|upkeep
|
|t:|1779955991
|switch|p2a: Hatterene|Hatterene, F|100/100
|turn|12
|
|t:|1779956001
|switch|p1a: Gholdengo|Gholdengo|79/100
|move|p2a: Hatterene|Trick Room|p2a: Hatterene
|-fieldstart|move: Trick Room|[of] p2a: Hatterene
|
|upkeep
|turn|13
|
|t:|1779956010
|switch|p2a: Iron Crown|Iron Crown|59/100
|move|p1a: Gholdengo|Make It Rain|p2a: Iron Crown
|-resisted|p2a: Iron Crown
|-damage|p2a: Iron Crown|30/100
|-unboost|p1a: Gholdengo|spa|1
|
|upkeep
|turn|14
|
|t:|1779956018
|move|p1a: Gholdengo|Recover|p1a: Gholdengo
|-heal|p1a: Gholdengo|100/100
|move|p2a: Iron Crown|Tachyon Cutter|p1a: Gholdengo
|-resisted|p1a: Gholdengo
|-damage|p1a: Gholdengo|89/100
|-resisted|p1a: Gholdengo
|-damage|p1a: Gholdengo|77/100
|-hitcount|p1a: Gholdengo|2
|
|upkeep
|turn|15
|
|t:|1779956021
|move|p1a: Gholdengo|Nasty Plot|p1a: Gholdengo
|-boost|p1a: Gholdengo|spa|2
|move|p2a: Iron Crown|Volt Switch|p1a: Gholdengo
|-damage|p1a: Gholdengo|55/100
|
|t:|1779956024
|-end|p2a: Iron Crown|Quark Drive|[silent]
|switch|p2a: Palossand|Palossand, F, tera:Poison|34/100|[from] Volt Switch
|
|upkeep
|turn|16
|
|t:|1779956045
|-terastallize|p1a: Gholdengo|Fairy
|move|p2a: Palossand|Shadow Ball|p1a: Gholdengo
|-damage|p1a: Gholdengo|25/100
|move|p1a: Gholdengo|Recover|p1a: Gholdengo
|-heal|p1a: Gholdengo|75/100
|
|-fieldend|move: Trick Room
|upkeep
|turn|17
|
|t:|1779956057
|move|p1a: Gholdengo|Nasty Plot|p1a: Gholdengo
|-boost|p1a: Gholdengo|spa|2
|move|p2a: Palossand|Shadow Ball|p1a: Gholdengo
|-damage|p1a: Gholdengo|48/100
|
|upkeep
|turn|18
|
|t:|1779956066
|move|p1a: Gholdengo|Recover|p1a: Gholdengo
|-heal|p1a: Gholdengo|98/100
|move|p2a: Palossand|Earth Power|p1a: Gholdengo
|-damage|p1a: Gholdengo|66/100
|
|upkeep
|turn|19
|
|t:|1779956070
|move|p1a: Gholdengo|Shadow Ball|p2a: Palossand
|-damage|p2a: Palossand|0 fnt
|faint|p2a: Palossand
|
|upkeep
|
|t:|1779956073
|switch|p2a: Iron Crown|Iron Crown|30/100
|turn|20
|
|t:|1779956089
|move|p2a: Iron Crown|Volt Switch|p1a: Gholdengo
|-damage|p1a: Gholdengo|43/100
|
|t:|1779956094
|-end|p2a: Iron Crown|Quark Drive|[silent]
|switch|p2a: Landorus|Landorus-Therian, M|84/100|[from] Volt Switch
|-ability|p2a: Landorus|Intimidate|boost
|-unboost|p1a: Gholdengo|atk|1
|move|p1a: Gholdengo|Shadow Ball|p2a: Landorus
|-damage|p2a: Landorus|0 fnt
|faint|p2a: Landorus
|
|upkeep
|
|t:|1779956098
|switch|p2a: Ogerpon|Ogerpon-Wellspring, F|32/100
|turn|21
|
|t:|1779956107
|move|p2a: Ogerpon|U-turn|p1a: Gholdengo
|-resisted|p1a: Gholdengo
|-damage|p1a: Gholdengo|33/100
|
|t:|1779956109
|switch|p2a: Iron Crown|Iron Crown|30/100|[from] U-turn
|move|p1a: Gholdengo|Shadow Ball|p2a: Iron Crown
|-supereffective|p2a: Iron Crown
|-damage|p2a: Iron Crown|0 fnt
|faint|p2a: Iron Crown
|-end|p2a: Iron Crown|Quark Drive|[silent]
|
|upkeep
|
|t:|1779956111
|switch|p2a: Ogerpon|Ogerpon-Wellspring, F|32/100
|turn|22
|
|t:|1779956130
|move|p2a: Ogerpon|U-turn|p1a: Gholdengo
|-resisted|p1a: Gholdengo
|-damage|p1a: Gholdengo|22/100
|
|t:|1779956134
|switch|p2a: Hatterene|Hatterene, F|100/100|[from] U-turn
|move|p1a: Gholdengo|Shadow Ball|p2a: Hatterene
|-supereffective|p2a: Hatterene
|-damage|p2a: Hatterene|0 fnt
|faint|p2a: Hatterene
|
|upkeep
|
|t:|1779956136
|switch|p2a: Ogerpon|Ogerpon-Wellspring, F|32/100
|turn|23
|
|t:|1779956139
|move|p2a: Ogerpon|U-turn|p1a: Gholdengo
|-resisted|p1a: Gholdengo
|-damage|p1a: Gholdengo|11/100
|move|p1a: Gholdengo|Shadow Ball|p2a: Ogerpon
|-damage|p2a: Ogerpon|0 fnt
|faint|p2a: Ogerpon
|
|win|MeltedGelato
|raw|MeltedGelato's rating: 1287 &rarr; <strong>1320</strong><br />(+33 for winning)
|raw|prepare 4 die's rating: 1402 &rarr; <strong>1376</strong><br />(-26 for losing)
|l|☆MeltedGelato
|player|p1|
|l|☆prepare 4 die
|player|p2|
