|j|☆whisperingcloth
|j|‽ASDJdASJ
|t:|1779862136
|gametype|singles
|player|p1|whisperingcloth|170|1430
|player|p2|ASDJdASJ|169|1400
|gen|9
|tier|[Gen 9] OU
|rated|
|rule|HP Percentage Mod: HP is shown in percentages
|rule|Endless Battle Clause: Forcing endless battles is banned
|rule|Species Clause: Limit one of each Pokémon
|rule|OHKO Clause: OHKO moves are banned
|rule|Evasion Items Clause: Evasion items are banned
|rule|Evasion Moves Clause: Evasion moves are banned
|rule|Evasion Abilities Clause: Evasion abilities are banned
|rule|Sleep Moves Clause: Sleep-inducing moves are banned
|clearpoke
|poke|p1|Scizor, F|
|poke|p1|Deoxys-Speed|
|poke|p1|Garganacl, M|
|poke|p1|Volcanion|
|poke|p1|Great Tusk|
|poke|p1|Zapdos|
|poke|p2|Kingambit, F|
|poke|p2|Kommo-o, M|
|poke|p2|Iron Valiant|
|poke|p2|Kyurem|
|poke|p2|Iron Treads|
|poke|p2|Iron Crown|
|teampreview
|inactive|Battle timer is ON: inactive players will automatically lose when time's up. (requested by whisperingcloth)
|
|t:|1779862145
|teamsize|p1|6
|teamsize|p2|6
|start
|switch|p1a: Deoxys|Deoxys-Speed|100/100
|switch|p2a: Iron Treads|Iron Treads|100/100
|-ability|p1a: Deoxys|Pressure
|-enditem|p2a: Iron Treads|Booster Energy
|-activate|p2a: Iron Treads|ability: Quark Drive|[fromitem]
|-start|p2a: Iron Treads|quarkdrivespe
|turn|1
|
|t:|1779862154
|switch|p1a: Great Tusk|Great Tusk|100/100
|move|p2a: Iron Treads|Stealth Rock|p1a: Great Tusk
|-sidestart|p1: whisperingcloth|move: Stealth Rock
|
|upkeep
|turn|2
|
|t:|1779862166
|move|p2a: Iron Treads|Earthquake|p1a: Great Tusk
|-damage|p1a: Great Tusk|74/100
|move|p1a: Great Tusk|Headlong Rush|p2a: Iron Treads
|-supereffective|p2a: Iron Treads
|-damage|p2a: Iron Treads|11/100
|-unboost|p1a: Great Tusk|def|1
|-unboost|p1a: Great Tusk|spd|1
|
|upkeep
|turn|3
|
|t:|1779862169
|move|p2a: Iron Treads|Endeavor|p1a: Great Tusk
|-damage|p1a: Great Tusk|11/100
|move|p1a: Great Tusk|Rapid Spin|p2a: Iron Treads
|-resisted|p2a: Iron Treads
|-damage|p2a: Iron Treads|4/100
|-boost|p1a: Great Tusk|spe|1
|-sideend|p1: whisperingcloth|Stealth Rock|[from] move: Rapid Spin|[of] p1a: Great Tusk
|
|upkeep
|turn|4
|
|t:|1779862179
|move|p2a: Iron Treads|Rapid Spin|p1a: Great Tusk
|-damage|p1a: Great Tusk|0 fnt
|-boost|p2a: Iron Treads|spe|1
|faint|p1a: Great Tusk
|-end|p1a: Great Tusk|Protosynthesis|[silent]
|
|upkeep
|
|t:|1779862182
|switch|p1a: Scizor|Scizor, F|100/100
|turn|5
|
|t:|1779862187
|move|p1a: Scizor|Bullet Punch|p2a: Iron Treads
|-resisted|p2a: Iron Treads
|-damage|p2a: Iron Treads|0 fnt
|faint|p2a: Iron Treads
|-end|p2a: Iron Treads|Quark Drive|[silent]
|
|upkeep
|
|t:|1779862194
|switch|p2a: Iron Crown|Iron Crown|100/100
|-enditem|p2a: Iron Crown|Booster Energy
|-activate|p2a: Iron Crown|ability: Quark Drive|[fromitem]
|-start|p2a: Iron Crown|quarkdrivespe
|turn|6
|
|t:|1779862200
|switch|p1a: Garganacl|Garganacl, M|100/100
|move|p2a: Iron Crown|Psychic Noise|p1a: Garganacl
|-damage|p1a: Garganacl|78/100
|-start|p1a: Garganacl|move: Heal Block
|
|upkeep
|turn|7
|
|t:|1779862210
|switch|p1a: Zapdos|Zapdos|100/100
|move|p2a: Iron Crown|Tachyon Cutter|p1a: Zapdos
|-resisted|p1a: Zapdos
|-damage|p1a: Zapdos|89/100
|-resisted|p1a: Zapdos
|-damage|p1a: Zapdos|78/100
|-hitcount|p1a: Zapdos|2
|
|upkeep
|turn|8
|
|t:|1779862214
|move|p2a: Iron Crown|Calm Mind|p2a: Iron Crown
|-boost|p2a: Iron Crown|spa|1
|-boost|p2a: Iron Crown|spd|1
|move|p1a: Zapdos|Volt Switch|p2a: Iron Crown
|-damage|p2a: Iron Crown|83/100
|
|t:|1779862227
|switch|p1a: Volcanion|Volcanion|100/100|[from] Volt Switch
|
|upkeep
|turn|9
|
|t:|1779862236
|move|p2a: Iron Crown|Psychic Noise|p1a: Volcanion
|-damage|p1a: Volcanion|43/100
|-start|p1a: Volcanion|move: Heal Block
|move|p1a: Volcanion|Flamethrower|p2a: Iron Crown
|-supereffective|p2a: Iron Crown
|-damage|p2a: Iron Crown|20/100
|
|upkeep
|turn|10
|
|t:|1779862242
|move|p2a: Iron Crown|Psychic Noise|p1a: Volcanion
|-damage|p1a: Volcanion|0 fnt
|faint|p1a: Volcanion
|
|upkeep
|
|t:|1779862246
|switch|p1a: Scizor|Scizor, F|100/100
|turn|11
|
|t:|1779862250
|-terastallize|p1a: Scizor|Steel
|move|p1a: Scizor|Bullet Punch|p2a: Iron Crown
|-resisted|p2a: Iron Crown
|-damage|p2a: Iron Crown|0 fnt
|faint|p2a: Iron Crown
|-end|p2a: Iron Crown|Quark Drive|[silent]
|
|upkeep
|
|t:|1779862259
|switch|p2a: Kingambit|Kingambit, F|100/100
|-activate|p2a: Kingambit|ability: Supreme Overlord
|-start|p2a: Kingambit|fallen2|[silent]
|turn|12
|
|t:|1779862265
|switch|p1a: Zapdos|Zapdos|78/100
|move|p2a: Kingambit|Low Kick|p1a: Zapdos
|-resisted|p1a: Zapdos
|-damage|p1a: Zapdos|65/100
|
|upkeep
|turn|13
|
|t:|1779862272
|-end|p2a: Kingambit|fallen2|[silent]
|switch|p2a: Kommo-o|Kommo-o, M|100/100
|move|p1a: Zapdos|Volt Switch|p2a: Kommo-o
|-resisted|p2a: Kommo-o
|-damage|p2a: Kommo-o|86/100
|
|t:|1779862275
|switch|p1a: Deoxys|Deoxys-Speed|100/100|[from] Volt Switch
|-ability|p1a: Deoxys|Pressure
|
|-heal|p2a: Kommo-o|92/100|[from] item: Leftovers
|upkeep
|turn|14
|
|t:|1779862280
|move|p1a: Deoxys|Psycho Boost|p2a: Kommo-o
|-supereffective|p2a: Kommo-o
|-damage|p2a: Kommo-o|0 fnt
|-unboost|p1a: Deoxys|spa|2
|faint|p2a: Kommo-o
|-enditem|p1a: Deoxys|Eject Pack
|
|t:|1779862299
|switch|p1a: Garganacl|Garganacl, M|78/100
|
|-heal|p1a: Garganacl|84/100|[from] item: Leftovers
|upkeep
|
|t:|1779862312
|switch|p2a: Iron Valiant|Iron Valiant|100/100
|-enditem|p2a: Iron Valiant|Booster Energy
|-activate|p2a: Iron Valiant|ability: Quark Drive|[fromitem]
|-start|p2a: Iron Valiant|quarkdrivespe
|turn|15
|
|t:|1779862316
|move|p2a: Iron Valiant|Focus Blast|p1a: Garganacl
|-supereffective|p1a: Garganacl
|-damage|p1a: Garganacl|1/100
|move|p1a: Garganacl|Salt Cure|p2a: Iron Valiant
|-resisted|p2a: Iron Valiant
|-damage|p2a: Iron Valiant|92/100
|-start|p2a: Iron Valiant|Salt Cure
|
|-heal|p1a: Garganacl|7/100|[from] item: Leftovers
|-damage|p2a: Iron Valiant|79/100|[from] Salt Cure
|upkeep
|turn|16
|
|t:|1779862323
|move|p1a: Garganacl|Protect|p1a: Garganacl
|-singleturn|p1a: Garganacl|Protect
|move|p2a: Iron Valiant|Moonblast|p1a: Garganacl
|-activate|p1a: Garganacl|move: Protect
|
|-heal|p1a: Garganacl|13/100|[from] item: Leftovers
|-damage|p2a: Iron Valiant|67/100|[from] Salt Cure
|upkeep
|turn|17
|
|t:|1779862326
|move|p1a: Garganacl|Protect|p1a: Garganacl
|-singleturn|p1a: Garganacl|Protect
|move|p2a: Iron Valiant|Moonblast|p1a: Garganacl
|-activate|p1a: Garganacl|move: Protect
|
|-heal|p1a: Garganacl|20/100|[from] item: Leftovers
|-damage|p2a: Iron Valiant|54/100|[from] Salt Cure
|upkeep
|turn|18
|
|t:|1779862328
|move|p1a: Garganacl|Protect||[still]
|-fail|p1a: Garganacl
|move|p2a: Iron Valiant|Moonblast|p1a: Garganacl
|-damage|p1a: Garganacl|0 fnt
|faint|p1a: Garganacl
|
|-damage|p2a: Iron Valiant|42/100|[from] Salt Cure
|upkeep
|
|t:|1779862330
|switch|p1a: Scizor|Scizor, F, tera:Steel|100/100
|turn|19
|
|t:|1779862332
|move|p1a: Scizor|Bullet Punch|p2a: Iron Valiant
|-supereffective|p2a: Iron Valiant
|-damage|p2a: Iron Valiant|0 fnt
|faint|p2a: Iron Valiant
|-end|p2a: Iron Valiant|Quark Drive|[silent]
|
|upkeep
|
|t:|1779862339
|switch|p2a: Kingambit|Kingambit, F|100/100
|-activate|p2a: Kingambit|ability: Supreme Overlord
|-start|p2a: Kingambit|fallen4|[silent]
|turn|20
|
|t:|1779862342
|switch|p1a: Zapdos|Zapdos|65/100
|move|p2a: Kingambit|Swords Dance|p2a: Kingambit
|-boost|p2a: Kingambit|atk|2
|
|upkeep
|turn|21
|
|t:|1779862345
|move|p2a: Kingambit|Sucker Punch||[still]
|-fail|p2a: Kingambit
|move|p1a: Zapdos|Thunder Wave|p2a: Kingambit
|-status|p2a: Kingambit|par
|
|upkeep
|turn|22
|
|t:|1779862350
|cant|p2a: Kingambit|par
|move|p1a: Zapdos|Hurricane|p2a: Kingambit
|-resisted|p2a: Kingambit
|-damage|p2a: Kingambit|76/100 par
|-start|p2a: Kingambit|confusion
|
|-heal|p2a: Kingambit|82/100 par|[from] item: Leftovers
|upkeep
|turn|23
|
|t:|1779862353
|-activate|p2a: Kingambit|confusion
|cant|p2a: Kingambit|par
|move|p1a: Zapdos|Roost|p1a: Zapdos
|-heal|p1a: Zapdos|100/100
|-singleturn|p1a: Zapdos|move: Roost
|
|-heal|p2a: Kingambit|88/100 par|[from] item: Leftovers
|upkeep
|turn|24
|
|t:|1779862356
|-activate|p2a: Kingambit|confusion
|-damage|p2a: Kingambit|60/100 par|[from] confusion
|move|p1a: Zapdos|Hurricane|p2a: Kingambit
|-resisted|p2a: Kingambit
|-damage|p2a: Kingambit|34/100 par
|
|-heal|p2a: Kingambit|40/100 par|[from] item: Leftovers
|upkeep
|turn|25
|
|t:|1779862358
|-activate|p2a: Kingambit|confusion
|move|p2a: Kingambit|Sucker Punch|p1a: Zapdos
|-damage|p1a: Zapdos|22/100
|move|p1a: Zapdos|Hurricane|p2a: Kingambit
|-resisted|p2a: Kingambit
|-damage|p2a: Kingambit|16/100 par
|
|-heal|p2a: Kingambit|22/100 par|[from] item: Leftovers
|upkeep
|turn|26
|
|t:|1779862361
|-activate|p2a: Kingambit|confusion
|cant|p2a: Kingambit|par
|move|p1a: Zapdos|Hurricane|p2a: Kingambit
|-resisted|p2a: Kingambit
|-damage|p2a: Kingambit|0 fnt
|faint|p2a: Kingambit
|-end|p2a: Kingambit|fallen4|[silent]
|
|upkeep
|
|t:|1779862363
|switch|p2a: Kyurem|Kyurem|100/100
|-ability|p2a: Kyurem|Pressure
|turn|27
|
|t:|1779862369
|-terastallize|p2a: Kyurem|Ground
|move|p2a: Kyurem|Dragon Dance|p2a: Kyurem
|-boost|p2a: Kyurem|atk|1
|-boost|p2a: Kyurem|spe|1
|move|p1a: Zapdos|Hurricane|p2a: Kyurem
|-damage|p2a: Kyurem|47/100
|
|upkeep
|turn|28
|
|t:|1779862376
|move|p2a: Kyurem|Icicle Spear|p1a: Zapdos
|-supereffective|p1a: Zapdos
|-damage|p1a: Zapdos|0 fnt
|faint|p1a: Zapdos
|-hitcount|p1: Zapdos|1
|
|upkeep
|
|t:|1779862378
|switch|p1a: Scizor|Scizor, F, tera:Steel|100/100
|turn|29
|
|t:|1779862380
|move|p1a: Scizor|Bullet Punch|p2a: Kyurem
|-damage|p2a: Kyurem|0 fnt
|faint|p2a: Kyurem
|
|win|whisperingcloth
|raw|whisperingcloth's rating: 1430 &rarr; <strong>1448</strong><br />(+18 for winning)
|raw|ASDJdASJ's rating: 1400 &rarr; <strong>1382</strong><br />(-18 for losing)
|l|‽ASDJdASJ
|player|p2|
|l|☆whisperingcloth
|player|p1|
