|j|☆dragonfandan
|j|☆claudechamp
|t:|1779902715
|gametype|singles
|player|p1|dragonfandan|lance|1344
|player|p2|claudechamp|169|1335
|gen|9
|tier|[Gen 9] OU
|rated|
|rule|HP Percentage Mod: HP is shown in percentages
|rule|Endless Battle Clause: Forcing endless battles is banned
|rule|Species Clause: Limit one of each Pokémon
|rule|OHKO Clause: OHKO moves are banned
|rule|Evasion Items Clause: Evasion items are banned
|rule|Evasion Moves Clause: Evasion moves are banned
|rule|Evasion Abilities Clause: Evasion abilities are banned
|rule|Sleep Moves Clause: Sleep-inducing moves are banned
|clearpoke
|poke|p1|Garchomp, M|
|poke|p1|Gholdengo|
|poke|p1|Rillaboom, F|
|poke|p1|Darkrai|
|poke|p1|Great Tusk|
|poke|p1|Skeledirge, F|
|poke|p2|Gliscor, M|
|poke|p2|Ogerpon, F|
|poke|p2|Walking Wake|
|poke|p2|Blissey, F|
|poke|p2|Corviknight, F|
|poke|p2|Pecharunt|
|teampreview
|c|☆claudechamp|hf
|inactive|Battle timer is ON: inactive players will automatically lose when time's up. (requested by dragonfandan)
|inactive|claudechamp also wants the timer to be on.
|
|t:|1779902719
|teamsize|p1|6
|teamsize|p2|6
|start
|switch|p1a: Darkrai|Darkrai, shiny|100/100
|switch|p2a: Gliscor|Gliscor, M|100/100
|turn|1
|
|t:|1779902725
|move|p1a: Darkrai|Trick|p2a: Gliscor
|-activate|p1a: Darkrai|move: Trick|[of] p2a: Gliscor
|-item|p2a: Gliscor|Choice Scarf|[from] move: Trick
|-item|p1a: Darkrai|Toxic Orb|[from] move: Trick
|move|p2a: Gliscor|Spikes|p1a: Darkrai
|-sidestart|p1: dragonfandan|Spikes
|
|-status|p1a: Darkrai|tox|[from] item: Toxic Orb
|upkeep
|turn|2
|
|t:|1779902733
|move|p1a: Darkrai|Ice Beam|p2a: Gliscor
|-supereffective|p2a: Gliscor
|-damage|p2a: Gliscor|0 fnt
|faint|p2a: Gliscor
|
|-damage|p1a: Darkrai|94/100 tox|[from] psn
|upkeep
|
|t:|1779902735
|switch|p2a: Blissey|Blissey, F|100/100
|turn|3
|
|t:|1779902743
|move|p1a: Darkrai|Trick|p2a: Blissey
|-activate|p1a: Darkrai|move: Trick|[of] p2a: Blissey
|-item|p2a: Blissey|Toxic Orb|[from] move: Trick
|-item|p1a: Darkrai|Heavy-Duty Boots|[from] move: Trick
|move|p2a: Blissey|Stealth Rock|p1a: Darkrai
|-sidestart|p1: dragonfandan|move: Stealth Rock
|
|-damage|p1a: Darkrai|82/100 tox|[from] psn
|-status|p2a: Blissey|tox|[from] item: Toxic Orb
|upkeep
|turn|4
|
|t:|1779902754
|switch|p1a: Great Tusk|Great Tusk, shiny|100/100
|-damage|p1a: Great Tusk|88/100|[from] Spikes
|-damage|p1a: Great Tusk|85/100|[from] Stealth Rock
|-curestatus|p2a: Blissey|tox|[from] ability: Natural Cure|[silent]
|switch|p2a: Walking Wake|Walking Wake|100/100
|
|-heal|p1a: Great Tusk|91/100|[from] item: Leftovers
|upkeep
|turn|5
|
|t:|1779902768
|-end|p1a: Great Tusk|Protosynthesis|[silent]
|switch|p1a: Rillaboom|Rillaboom, F, shiny|100/100
|-damage|p1a: Rillaboom|88/100|[from] Spikes
|-damage|p1a: Rillaboom|76/100|[from] Stealth Rock
|-fieldstart|move: Grassy Terrain|[from] ability: Grassy Surge|[of] p1a: Rillaboom
|move|p2a: Walking Wake|Surf|p1a: Rillaboom
|-resisted|p1a: Rillaboom
|-damage|p1a: Rillaboom|44/100
|
|-heal|p1a: Rillaboom|50/100|[from] Grassy Terrain
|upkeep
|turn|6
|
|t:|1779902782
|switch|p1a: Great Tusk|Great Tusk, shiny|91/100
|-damage|p1a: Great Tusk|79/100|[from] Spikes
|-damage|p1a: Great Tusk|76/100|[from] Stealth Rock
|move|p2a: Walking Wake|Surf|p1a: Great Tusk
|-supereffective|p1a: Great Tusk
|-damage|p1a: Great Tusk|0 fnt
|faint|p1a: Great Tusk
|-end|p1a: Great Tusk|Protosynthesis|[silent]
|
|upkeep
|
|t:|1779902799
|switch|p1a: Garchomp|Garchomp, M, shiny|100/100
|-damage|p1a: Garchomp|88/100|[from] Spikes
|-damage|p1a: Garchomp|82/100|[from] Stealth Rock
|turn|7
|
|t:|1779902806
|-terastallize|p1a: Garchomp|Water
|move|p2a: Walking Wake|Surf|p1a: Garchomp
|-resisted|p1a: Garchomp
|-damage|p1a: Garchomp|60/100
|move|p1a: Garchomp|Dragon Tail|p2a: Walking Wake
|-supereffective|p2a: Walking Wake
|-damage|p2a: Walking Wake|46/100
|-end|p2a: Walking Wake|Protosynthesis|[silent]
|drag|p2a: Ogerpon|Ogerpon, F|100/100
|
|-heal|p1a: Garchomp|66/100|[from] Grassy Terrain
|upkeep
|turn|8
|
|t:|1779902817
|switch|p1a: Skeledirge|Skeledirge, F, shiny|100/100
|move|p2a: Ogerpon|Ivy Cudgel|p1a: Skeledirge
|-resisted|p1a: Skeledirge
|-damage|p1a: Skeledirge|72/100
|
|-heal|p1a: Skeledirge|78/100|[from] Grassy Terrain
|upkeep
|turn|9
|
|t:|1779902832
|switch|p1a: Rillaboom|Rillaboom, F, shiny|50/100
|-damage|p1a: Rillaboom|38/100|[from] Spikes
|-damage|p1a: Rillaboom|26/100|[from] Stealth Rock
|move|p2a: Ogerpon|Ivy Cudgel|p1a: Rillaboom
|-resisted|p1a: Rillaboom
|-damage|p1a: Rillaboom|0 fnt
|faint|p1a: Rillaboom
|
|-fieldend|move: Grassy Terrain
|upkeep
|
|t:|1779902843
|switch|p1a: Darkrai|Darkrai, shiny|82/100 tox
|turn|10
|
|t:|1779902849
|-terastallize|p2a: Ogerpon|Grass
|detailschange|p2a: Ogerpon|Ogerpon-Teal-Tera, F, tera:Grass
|-ability|p2a: Ogerpon|Embody Aspect (Teal)|boost
|-boost|p2a: Ogerpon|spe|1
|move|p2a: Ogerpon|Ivy Cudgel|p1a: Darkrai
|-damage|p1a: Darkrai|0 fnt
|faint|p1a: Darkrai
|
|upkeep
|
|t:|1779902858
|switch|p1a: Gholdengo|Gholdengo, shiny|100/100
|-damage|p1a: Gholdengo|88/100|[from] Spikes
|-damage|p1a: Gholdengo|82/100|[from] Stealth Rock
|turn|11
|
|t:|1779902864
|move|p2a: Ogerpon|Ivy Cudgel|p1a: Gholdengo
|-resisted|p1a: Gholdengo
|-damage|p1a: Gholdengo|50/100
|move|p1a: Gholdengo|Thunder Wave|p2a: Ogerpon
|-status|p2a: Ogerpon|par
|
|-heal|p1a: Gholdengo|56/100|[from] item: Leftovers
|upkeep
|turn|12
|
|t:|1779902873
|move|p2a: Ogerpon|Knock Off|p1a: Gholdengo
|-supereffective|p1a: Gholdengo
|-damage|p1a: Gholdengo|0 fnt
|-enditem|p1a: Gholdengo|Leftovers|[from] move: Knock Off|[of] p2a: Ogerpon
|faint|p1a: Gholdengo
|
|upkeep
|
|t:|1779902880
|switch|p1a: Skeledirge|Skeledirge, F, shiny|78/100
|turn|13
|
|t:|1779902886
|move|p2a: Ogerpon|Ivy Cudgel|p1a: Skeledirge
|-resisted|p1a: Skeledirge
|-damage|p1a: Skeledirge|53/100
|move|p1a: Skeledirge|Hex|p2a: Ogerpon
|-damage|p2a: Ogerpon|45/100 par
|
|upkeep
|turn|14
|
|t:|1779902893
|cant|p2a: Ogerpon|par
|move|p1a: Skeledirge|Torch Song|p2a: Ogerpon
|-supereffective|p2a: Ogerpon
|-damage|p2a: Ogerpon|0 fnt
|-boost|p1a: Skeledirge|spa|1
|faint|p2a: Ogerpon
|detailschange|p2: Ogerpon|Ogerpon, F|[silent]
|
|upkeep
|
|t:|1779902898
|switch|p2a: Walking Wake|Walking Wake|46/100
|turn|15
|
|t:|1779902903
|move|p2a: Walking Wake|Surf|p1a: Skeledirge
|-supereffective|p1a: Skeledirge
|-damage|p1a: Skeledirge|0 fnt
|faint|p1a: Skeledirge
|
|upkeep
|
|t:|1779902908
|switch|p1a: Garchomp|Garchomp, M, shiny, tera:Water|66/100
|-damage|p1a: Garchomp|54/100|[from] Spikes
|-damage|p1a: Garchomp|42/100|[from] Stealth Rock
|turn|16
|
|t:|1779902914
|move|p2a: Walking Wake|Draco Meteor|p1a: Garchomp
|-crit|p1a: Garchomp
|-damage|p1a: Garchomp|0 fnt
|-unboost|p2a: Walking Wake|spa|2
|faint|p1a: Garchomp
|
|win|claudechamp
|raw|dragonfandan's rating: 1344 &rarr; <strong>1325</strong><br />(-19 for losing)
|raw|claudechamp's rating: 1359 &rarr; <strong>1378</strong><br />(+19 for winning)
|c|☆claudechamp|gg
|l|☆dragonfandan
|player|p1|
