|j|☆Round fell
|j|☆armando estasilla
|t:|1779813193
|gametype|singles
|player|p1|Round fell|170|1321
|player|p2|armando estasilla|backpacker|1296
|gen|9
|tier|[Gen 9] OU
|rated|
|rule|HP Percentage Mod: HP is shown in percentages
|rule|Endless Battle Clause: Forcing endless battles is banned
|rule|Species Clause: Limit one of each Pokémon
|rule|OHKO Clause: OHKO moves are banned
|rule|Evasion Items Clause: Evasion items are banned
|rule|Evasion Moves Clause: Evasion moves are banned
|rule|Evasion Abilities Clause: Evasion abilities are banned
|rule|Sleep Moves Clause: Sleep-inducing moves are banned
|clearpoke
|poke|p1|Glimmora, M|
|poke|p1|Zamazenta-*|
|poke|p1|Pecharunt|
|poke|p1|Kingambit, F|
|poke|p1|Gholdengo|
|poke|p1|Enamorus, F|
|poke|p2|Staraptor, M|
|poke|p2|Ceruledge, M|
|poke|p2|Iron Crown|
|poke|p2|Alomomola, M|
|poke|p2|Mamoswine, M|
|poke|p2|Rabsca, M|
|teampreview
|inactive|Battle timer is ON: inactive players will automatically lose when time's up. (requested by armando estasilla)
|
|t:|1779813198
|teamsize|p1|6
|teamsize|p2|6
|start
|switch|p1a: Glimmora|Glimmora, M|100/100
|switch|p2a: Iron Crown|Iron Crown|100/100
|turn|1
|
|t:|1779813203
|move|p2a: Iron Crown|Tachyon Cutter|p1a: Glimmora
|-supereffective|p1a: Glimmora
|-damage|p1a: Glimmora|40/100
|-supereffective|p1a: Glimmora
|-damage|p1a: Glimmora|0 fnt
|faint|p1a: Glimmora
|-hitcount|p1: Glimmora|2
|
|upkeep
|
|t:|1779813214
|switch|p1a: Gholdengo|Gholdengo|100/100
|-item|p1a: Gholdengo|Air Balloon
|turn|2
|
|t:|1779813216
|move|p2a: Iron Crown|Volt Switch|p1a: Gholdengo
|-damage|p1a: Gholdengo|81/100
|-enditem|p1a: Gholdengo|Air Balloon
|
|t:|1779813220
|-end|p2a: Iron Crown|Quark Drive|[silent]
|switch|p2a: Alomomola|Alomomola, M|100/100|[from] Volt Switch
|move|p1a: Gholdengo|Thunder Wave|p2a: Alomomola|[miss]
|-miss|p1a: Gholdengo|p2a: Alomomola
|
|upkeep
|turn|3
|
|t:|1779813226
|switch|p2a: Mamoswine|Mamoswine, M|100/100
|move|p1a: Gholdengo|Thunder Wave|p2a: Mamoswine
|-immune|p2a: Mamoswine
|
|upkeep
|turn|4
|
|t:|1779813231
|switch|p1a: Zamazenta|Zamazenta|100/100
|-ability|p1a: Zamazenta|Dauntless Shield|boost
|-boost|p1a: Zamazenta|def|1
|move|p2a: Mamoswine|Earthquake|p1a: Zamazenta
|-damage|p1a: Zamazenta|79/100
|
|-heal|p1a: Zamazenta|86/100|[from] item: Leftovers
|upkeep
|turn|5
|
|t:|1779813240
|switch|p2a: Rabsca|Rabsca, M|100/100
|move|p1a: Zamazenta|Iron Defense|p1a: Zamazenta
|-boost|p1a: Zamazenta|def|2
|
|-heal|p1a: Zamazenta|92/100|[from] item: Leftovers
|upkeep
|turn|6
|
|t:|1779813245
|move|p1a: Zamazenta|Crunch|p2a: Rabsca
|-supereffective|p2a: Rabsca
|-damage|p2a: Rabsca|63/100
|move|p2a: Rabsca|Psychic Noise|p1a: Zamazenta
|-supereffective|p1a: Zamazenta
|-damage|p1a: Zamazenta|46/100
|-start|p1a: Zamazenta|move: Heal Block
|
|upkeep
|turn|7
|
|t:|1779813255
|move|p1a: Zamazenta|Crunch|p2a: Rabsca
|-supereffective|p2a: Rabsca
|-damage|p2a: Rabsca|29/100
|move|p2a: Rabsca|Psychic Noise|p1a: Zamazenta
|-supereffective|p1a: Zamazenta
|-damage|p1a: Zamazenta|0 fnt
|faint|p1a: Zamazenta
|
|upkeep
|
|t:|1779813262
|switch|p1a: Pecharunt|Pecharunt|100/100
|turn|8
|
|t:|1779813265
|move|p1a: Pecharunt|Malignant Chain|p2a: Rabsca
|-damage|p2a: Rabsca|0 fnt
|faint|p2a: Rabsca
|
|upkeep
|
|t:|1779813269
|switch|p2a: Iron Crown|Iron Crown|100/100
|turn|9
|
|t:|1779813272
|move|p2a: Iron Crown|Psychic Noise|p1a: Pecharunt
|-supereffective|p1a: Pecharunt
|-damage|p1a: Pecharunt|38/100
|-start|p1a: Pecharunt|move: Heal Block
|move|p1a: Pecharunt|Parting Shot|p2a: Iron Crown
|-unboost|p2a: Iron Crown|atk|1
|-unboost|p2a: Iron Crown|spa|1
|
|t:|1779813277
|switch|p1a: Kingambit|Kingambit, F|100/100|[from] Parting Shot
|-activate|p1a: Kingambit|ability: Supreme Overlord
|-start|p1a: Kingambit|fallen2|[silent]
|
|upkeep
|turn|10
|
|t:|1779813282
|-end|p2a: Iron Crown|Quark Drive|[silent]
|switch|p2a: Alomomola|Alomomola, M|100/100
|move|p1a: Kingambit|Swords Dance|p1a: Kingambit
|-boost|p1a: Kingambit|atk|2
|
|upkeep
|turn|11
|
|t:|1779813285
|move|p1a: Kingambit|Sucker Punch|p2a: Alomomola
|-damage|p2a: Alomomola|10/100
|move|p2a: Alomomola|Flip Turn|p1a: Kingambit
|-damage|p1a: Kingambit|87/100
|
|t:|1779813289
|switch|p2a: Ceruledge|Ceruledge, M|100/100|[from] Flip Turn
|
|upkeep
|turn|12
|
|t:|1779813295
|-terastallize|p1a: Kingambit|Dark
|move|p2a: Ceruledge|Destiny Bond|p2a: Ceruledge
|-singlemove|p2a: Ceruledge|Destiny Bond
|move|p1a: Kingambit|Kowtow Cleave|p2a: Ceruledge
|-supereffective|p2a: Ceruledge
|-damage|p2a: Ceruledge|0 fnt
|faint|p2a: Ceruledge
|-activate|p2a: Ceruledge|move: Destiny Bond
|faint|p1a: Kingambit
|-end|p1a: Kingambit|fallen2|[silent]
|
|upkeep
|
|t:|1779813308
|switch|p2a: Alomomola|Alomomola, M|43/100
|switch|p1a: Enamorus|Enamorus, F|100/100
|turn|13
|
|t:|1779813314
|switch|p2a: Iron Crown|Iron Crown|100/100
|move|p1a: Enamorus|Moonblast|p2a: Iron Crown
|-resisted|p2a: Iron Crown
|-damage|p2a: Iron Crown|82/100
|
|upkeep
|turn|14
|
|t:|1779813317
|switch|p1a: Gholdengo|Gholdengo|81/100
|move|p2a: Iron Crown|Tachyon Cutter|p1a: Gholdengo
|-resisted|p1a: Gholdengo
|-damage|p1a: Gholdengo|70/100
|-resisted|p1a: Gholdengo
|-damage|p1a: Gholdengo|59/100
|-hitcount|p1a: Gholdengo|2
|
|upkeep
|turn|15
|
|t:|1779813325
|switch|p1a: Pecharunt|Pecharunt|38/100
|move|p2a: Iron Crown|Volt Switch|p1a: Pecharunt
|-damage|p1a: Pecharunt|18/100
|
|t:|1779813329
|-end|p2a: Iron Crown|Quark Drive|[silent]
|switch|p2a: Staraptor|Staraptor, M, shiny|100/100|[from] Volt Switch
|
|upkeep
|turn|16
|
|t:|1779813331
|move|p2a: Staraptor|Brave Bird|p1a: Pecharunt
|-damage|p1a: Pecharunt|0 fnt
|faint|p1a: Pecharunt
|-damage|p2a: Staraptor|94/100|[from] Recoil
|
|upkeep
|
|t:|1779813336
|switch|p1a: Enamorus|Enamorus, F|100/100
|turn|17
|
|t:|1779813338
|switch|p2a: Iron Crown|Iron Crown|82/100
|move|p1a: Enamorus|Earth Power|p2a: Iron Crown
|-supereffective|p2a: Iron Crown
|-damage|p2a: Iron Crown|38/100
|
|upkeep
|turn|18
|
|t:|1779813343
|-end|p2a: Iron Crown|Quark Drive|[silent]
|switch|p2a: Staraptor|Staraptor, M, shiny|94/100
|move|p1a: Enamorus|Earth Power|p2a: Staraptor
|-immune|p2a: Staraptor
|
|upkeep
|turn|19
|
|t:|1779813346
|switch|p1a: Gholdengo|Gholdengo|59/100
|move|p2a: Staraptor|Brave Bird|p1a: Gholdengo
|-resisted|p1a: Gholdengo
|-damage|p1a: Gholdengo|23/100
|-damage|p2a: Staraptor|79/100|[from] Recoil
|
|upkeep
|turn|20
|
|t:|1779813349
|move|p2a: Staraptor|Brave Bird|p1a: Gholdengo
|-resisted|p1a: Gholdengo
|-crit|p1a: Gholdengo
|-damage|p1a: Gholdengo|0 fnt
|faint|p1a: Gholdengo
|-damage|p2a: Staraptor|70/100|[from] Recoil
|
|upkeep
|
|t:|1779813351
|switch|p1a: Enamorus|Enamorus, F|100/100
|turn|21
|
|t:|1779813359
|move|p1a: Enamorus|Focus Blast|p2a: Staraptor|[miss]
|-miss|p1a: Enamorus|p2a: Staraptor
|move|p2a: Staraptor|Brave Bird|p1a: Enamorus
|-damage|p1a: Enamorus|0 fnt
|faint|p1a: Enamorus
|-damage|p2a: Staraptor|39/100|[from] Recoil
|
|win|armando estasilla
|raw|Round fell's rating: 1321 &rarr; <strong>1300</strong><br />(-21 for losing)
|raw|armando estasilla's rating: 1296 &rarr; <strong>1323</strong><br />(+27 for winning)
|l|☆armando estasilla
|player|p2|
|l|☆Round fell
|player|p1|
