|j|☆venator
|j|☆s1lknoose
|t:|1779859027
|gametype|singles
|player|p1|venator|acetrainer-gen4dp|1085
|player|p2|s1lknoose|gardenia-masters|1056
|gen|9
|tier|[Gen 9] OU
|rated|
|rule|HP Percentage Mod: HP is shown in percentages
|rule|Endless Battle Clause: Forcing endless battles is banned
|rule|Species Clause: Limit one of each Pokémon
|rule|OHKO Clause: OHKO moves are banned
|rule|Evasion Items Clause: Evasion items are banned
|rule|Evasion Moves Clause: Evasion moves are banned
|rule|Evasion Abilities Clause: Evasion abilities are banned
|rule|Sleep Moves Clause: Sleep-inducing moves are banned
|clearpoke
|poke|p1|Magmortar, M|
|poke|p1|Azumarill, F|
|poke|p1|Vileplume, F|
|poke|p1|Clefable, F|
|poke|p1|Mightyena, F|
|poke|p1|Metagross|
|poke|p2|Ting-Lu|
|poke|p2|Reuniclus, F|
|poke|p2|Alomomola, M|
|poke|p2|Great Tusk|
|poke|p2|Dragapult, M|
|poke|p2|Kingambit, F|
|teampreview
|inactive|Battle timer is ON: inactive players will automatically lose when time's up. (requested by s1lknoose)
|
|t:|1779859033
|teamsize|p1|6
|teamsize|p2|6
|start
|switch|p1a: Azumarill|Azumarill, F|100/100
|switch|p2a: Dragapult|Dragapult, M|100/100
|turn|1
|
|t:|1779859040
|move|p2a: Dragapult|Will-O-Wisp|p1a: Azumarill
|-status|p1a: Azumarill|brn
|move|p1a: Azumarill|Knock Off|p2a: Dragapult
|-supereffective|p2a: Dragapult
|-damage|p2a: Dragapult|11/100
|-enditem|p2a: Dragapult|Eject Pack|[from] move: Knock Off|[of] p1a: Azumarill
|
|-damage|p1a: Azumarill|94/100 brn|[from] brn
|upkeep
|turn|2
|
|t:|1779859050
|move|p2a: Dragapult|Hex|p1a: Azumarill
|-damage|p1a: Azumarill|36/100 brn
|move|p1a: Azumarill|Knock Off|p2a: Dragapult
|-supereffective|p2a: Dragapult
|-damage|p2a: Dragapult|0 fnt
|faint|p2a: Dragapult
|
|-damage|p1a: Azumarill|29/100 brn|[from] brn
|upkeep
|
|t:|1779859064
|switch|p2a: Alomomola|Alomomola, M|100/100
|turn|3
|
|t:|1779859072
|move|p1a: Azumarill|Knock Off|p2a: Alomomola
|-damage|p2a: Alomomola|83/100
|-enditem|p2a: Alomomola|Heavy-Duty Boots|[from] move: Knock Off|[of] p1a: Azumarill
|move|p2a: Alomomola|Wish|p2a: Alomomola
|
|-damage|p1a: Azumarill|23/100 brn|[from] brn
|upkeep
|turn|4
|
|t:|1779859084
|switch|p1a: Magmortar|Magmortar, M|100/100
|move|p2a: Alomomola|Scald|p1a: Magmortar
|-supereffective|p1a: Magmortar
|-damage|p1a: Magmortar|65/100
|
|-heal|p2a: Alomomola|100/100|[from] move: Wish|[wisher] Alomomola
|upkeep
|turn|5
|
|t:|1779859094
|move|p1a: Magmortar|Acid Spray|p2a: Alomomola
|-damage|p2a: Alomomola|85/100
|-unboost|p2a: Alomomola|spd|2
|move|p2a: Alomomola|Flip Turn|p1a: Magmortar
|-supereffective|p1a: Magmortar
|-damage|p1a: Magmortar|11/100
|-damage|p2a: Alomomola|68/100|[from] item: Rocky Helmet|[of] p1a: Magmortar
|-status|p2a: Alomomola|brn|[from] ability: Flame Body|[of] p1a: Magmortar
|
|t:|1779859106
|switch|p2a: Great Tusk|Great Tusk|100/100|[from] Flip Turn
|
|upkeep
|turn|6
|
|t:|1779859114
|move|p1a: Magmortar|Endure|p1a: Magmortar
|-singleturn|p1a: Magmortar|move: Endure
|move|p2a: Great Tusk|Headlong Rush|p1a: Magmortar
|-supereffective|p1a: Magmortar
|-activate|p1a: Magmortar|move: Endure
|-damage|p1a: Magmortar|1/100
|-unboost|p2a: Great Tusk|def|1
|-unboost|p2a: Great Tusk|spd|1
|-damage|p2a: Great Tusk|84/100|[from] item: Rocky Helmet|[of] p1a: Magmortar
|
|upkeep
|turn|7
|
|t:|1779859131
|switch|p1a: Azumarill|Azumarill, F|23/100 brn
|move|p2a: Great Tusk|Headlong Rush|p1a: Azumarill
|-damage|p1a: Azumarill|0 fnt
|-unboost|p2a: Great Tusk|def|1
|-unboost|p2a: Great Tusk|spd|1
|faint|p1a: Azumarill
|
|upkeep
|
|t:|1779859140
|switch|p1a: Magmortar|Magmortar, M|1/100
|turn|8
|
|t:|1779859144
|move|p1a: Magmortar|Endure|p1a: Magmortar
|-singleturn|p1a: Magmortar|move: Endure
|move|p2a: Great Tusk|Headlong Rush|p1a: Magmortar
|-supereffective|p1a: Magmortar
|-activate|p1a: Magmortar|move: Endure
|-damage|p1a: Magmortar|1/100
|-unboost|p2a: Great Tusk|def|1
|-unboost|p2a: Great Tusk|spd|1
|-damage|p2a: Great Tusk|68/100|[from] item: Rocky Helmet|[of] p1a: Magmortar
|
|upkeep
|turn|9
|
|t:|1779859154
|move|p1a: Magmortar|Endure||[still]
|-fail|p1a: Magmortar
|move|p2a: Great Tusk|Headlong Rush|p1a: Magmortar
|-supereffective|p1a: Magmortar
|-damage|p1a: Magmortar|0 fnt
|-unboost|p2a: Great Tusk|def|1
|-unboost|p2a: Great Tusk|spd|1
|-damage|p2a: Great Tusk|51/100|[from] item: Rocky Helmet|[of] p1a: Magmortar
|-status|p2a: Great Tusk|brn|[from] ability: Flame Body|[of] p1a: Magmortar
|faint|p1a: Magmortar
|
|-damage|p2a: Great Tusk|45/100 brn|[from] brn
|upkeep
|
|t:|1779859166
|switch|p1a: Mightyena|Mightyena, F|100/100
|-ability|p1a: Mightyena|Intimidate|boost
|-unboost|p2a: Great Tusk|atk|1
|turn|10
|
|t:|1779859173
|-end|p2a: Great Tusk|Protosynthesis|[silent]
|switch|p2a: Ting-Lu|Ting-Lu|100/100
|-ability|p2a: Ting-Lu|Vessel of Ruin
|switch|p1a: Clefable|Clefable, F|100/100
|
|upkeep
|turn|11
|
|t:|1779859181
|move|p1a: Clefable|Blizzard|p2a: Ting-Lu
|-supereffective|p2a: Ting-Lu
|-damage|p2a: Ting-Lu|72/100
|move|p2a: Ting-Lu|Stealth Rock|p1a: Clefable
|-sidestart|p1: venator|move: Stealth Rock
|
|-heal|p2a: Ting-Lu|78/100|[from] item: Leftovers
|upkeep
|turn|12
|
|t:|1779859195
|move|p1a: Clefable|Calm Mind|p1a: Clefable
|-boost|p1a: Clefable|spa|1
|-boost|p1a: Clefable|spd|1
|move|p2a: Ting-Lu|Whirlwind|p1a: Clefable
|drag|p1a: Mightyena|Mightyena, F|100/100
|-damage|p1a: Mightyena|88/100|[from] Stealth Rock
|-ability|p1a: Mightyena|Intimidate|boost
|-unboost|p2a: Ting-Lu|atk|1
|
|-heal|p2a: Ting-Lu|84/100|[from] item: Leftovers
|upkeep
|turn|13
|
|t:|1779859207
|switch|p2a: Great Tusk|Great Tusk|45/100 brn
|move|p1a: Mightyena|Taunt|p2a: Great Tusk
|-start|p2a: Great Tusk|move: Taunt
|
|-damage|p2a: Great Tusk|39/100 brn|[from] brn
|upkeep
|turn|14
|
|t:|1779859215
|move|p2a: Great Tusk|Close Combat|p1a: Mightyena
|-supereffective|p1a: Mightyena
|-damage|p1a: Mightyena|0 fnt
|-unboost|p2a: Great Tusk|def|1
|-unboost|p2a: Great Tusk|spd|1
|faint|p1a: Mightyena
|
|-damage|p2a: Great Tusk|33/100 brn|[from] brn
|upkeep
|
|t:|1779859224
|switch|p1a: Clefable|Clefable, F|100/100
|turn|15
|
|t:|1779859230
|-end|p2a: Great Tusk|Protosynthesis|[silent]
|switch|p2a: Ting-Lu|Ting-Lu|84/100
|-ability|p2a: Ting-Lu|Vessel of Ruin
|move|p1a: Clefable|Calm Mind|p1a: Clefable
|-boost|p1a: Clefable|spa|1
|-boost|p1a: Clefable|spd|1
|
|-heal|p2a: Ting-Lu|90/100|[from] item: Leftovers
|upkeep
|turn|16
|
|t:|1779859240
|move|p1a: Clefable|Blizzard|p2a: Ting-Lu|[miss]
|-miss|p1a: Clefable|p2a: Ting-Lu
|move|p2a: Ting-Lu|Whirlwind|p1a: Clefable
|drag|p1a: Metagross|Metagross|100/100
|-damage|p1a: Metagross|94/100|[from] Stealth Rock
|
|-heal|p1a: Metagross|100/100|[from] item: Leftovers
|-heal|p2a: Ting-Lu|97/100|[from] item: Leftovers
|upkeep
|turn|17
|
|t:|1779859251
|switch|p1a: Vileplume|Vileplume, F|100/100
|-damage|p1a: Vileplume|88/100|[from] Stealth Rock
|move|p2a: Ting-Lu|Ruination|p1a: Vileplume
|-damage|p1a: Vileplume|44/100
|
|-heal|p2a: Ting-Lu|100/100|[from] item: Leftovers
|upkeep
|turn|18
|
|t:|1779859263
|switch|p2a: Reuniclus|Reuniclus, F|100/100
|move|p1a: Vileplume|Strength Sap|p2a: Reuniclus
|-unboost|p2a: Reuniclus|atk|1
|-heal|p1a: Vileplume|78/100
|
|upkeep
|turn|19
|
|t:|1779859275
|move|p1a: Vileplume|Leech Seed|p2a: Reuniclus
|-start|p2a: Reuniclus|move: Leech Seed
|move|p2a: Reuniclus|Future Sight|p1a: Vileplume
|-start|p2a: Reuniclus|move: Future Sight
|
|-damage|p2a: Reuniclus|88/100|[from] Leech Seed|[of] p1a: Vileplume
|-heal|p1a: Vileplume|93/100|[silent]
|upkeep
|turn|20
|
|t:|1779859287
|switch|p1a: Clefable|Clefable, F|100/100
|switch|p2a: Ting-Lu|Ting-Lu|100/100
|-ability|p2a: Ting-Lu|Vessel of Ruin
|
|upkeep
|turn|21
|
|t:|1779859299
|move|p1a: Clefable|Blizzard|p2a: Ting-Lu
|-supereffective|p2a: Ting-Lu
|-damage|p2a: Ting-Lu|67/100
|-status|p2a: Ting-Lu|frz
|cant|p2a: Ting-Lu|frz
|
|-end|p1a: Clefable|move: Future Sight
|-damage|p1a: Clefable|51/100
|-heal|p2a: Ting-Lu|74/100 frz|[from] item: Leftovers
|upkeep
|turn|22
|
|t:|1779859311
|move|p1a: Clefable|Calm Mind|p1a: Clefable
|-boost|p1a: Clefable|spa|1
|-boost|p1a: Clefable|spd|1
|cant|p2a: Ting-Lu|frz
|
|-heal|p2a: Ting-Lu|80/100 frz|[from] item: Leftovers
|upkeep
|turn|23
|
|t:|1779859319
|move|p1a: Clefable|Blizzard|p2a: Ting-Lu|[miss]
|-miss|p1a: Clefable|p2a: Ting-Lu
|cant|p2a: Ting-Lu|frz
|
|-heal|p2a: Ting-Lu|86/100 frz|[from] item: Leftovers
|upkeep
|turn|24
|
|t:|1779859327
|move|p1a: Clefable|Blizzard|p2a: Ting-Lu
|-supereffective|p2a: Ting-Lu
|-damage|p2a: Ting-Lu|43/100 frz
|-curestatus|p2a: Ting-Lu|frz|[msg]
|move|p2a: Ting-Lu|Whirlwind|p1a: Clefable
|drag|p1a: Vileplume|Vileplume, F|93/100
|-damage|p1a: Vileplume|80/100|[from] Stealth Rock
|
|-heal|p2a: Ting-Lu|49/100|[from] item: Leftovers
|upkeep
|turn|25
|
|t:|1779859342
|switch|p2a: Great Tusk|Great Tusk|33/100 brn
|move|p1a: Vileplume|Leech Seed|p2a: Great Tusk
|-start|p2a: Great Tusk|move: Leech Seed
|
|-damage|p2a: Great Tusk|20/100 brn|[from] Leech Seed|[of] p1a: Vileplume
|-heal|p1a: Vileplume|94/100|[silent]
|-damage|p2a: Great Tusk|14/100 brn|[from] brn
|upkeep
|turn|26
|
|t:|1779859352
|move|p2a: Great Tusk|Ice Spinner|p1a: Vileplume
|-supereffective|p1a: Vileplume
|-damage|p1a: Vileplume|59/100
|-damage|p2a: Great Tusk|0 fnt|[from] item: Rocky Helmet|[of] p1a: Vileplume
|faint|p2a: Great Tusk
|-end|p2a: Great Tusk|Protosynthesis|[silent]
|move|p1a: Vileplume|Strength Sap|p2: Great Tusk|[notarget]
|-fail|p1a: Vileplume
|
|upkeep
|
|t:|1779859359
|switch|p2a: Reuniclus|Reuniclus, F|100/100
|turn|27
|
|t:|1779859367
|move|p1a: Vileplume|Leech Seed|p2a: Reuniclus
|-start|p2a: Reuniclus|move: Leech Seed
|move|p2a: Reuniclus|Future Sight|p1a: Vileplume
|-start|p2a: Reuniclus|move: Future Sight
|
|-damage|p2a: Reuniclus|88/100|[from] Leech Seed|[of] p1a: Vileplume
|-heal|p1a: Vileplume|73/100|[silent]
|upkeep
|turn|28
|
|t:|1779859378
|switch|p1a: Metagross|Metagross|100/100
|-damage|p1a: Metagross|94/100|[from] Stealth Rock
|move|p2a: Reuniclus|Psyshock|p1a: Metagross
|-resisted|p1a: Metagross
|-damage|p1a: Metagross|86/100
|
|-heal|p1a: Metagross|92/100|[from] item: Leftovers
|-damage|p2a: Reuniclus|76/100|[from] Leech Seed|[of] p1a: Metagross
|-heal|p1a: Metagross|100/100|[silent]
|upkeep
|turn|29
|
|t:|1779859392
|move|p1a: Metagross|Heavy Slam|p2a: Reuniclus
|-damage|p2a: Reuniclus|6/100
|move|p2a: Reuniclus|Focus Blast|p1a: Metagross|[miss]
|-miss|p2a: Reuniclus|p1a: Metagross
|
|-end|p1a: Metagross|move: Future Sight
|-resisted|p1a: Metagross
|-damage|p1a: Metagross|84/100
|-heal|p1a: Metagross|90/100|[from] item: Leftovers
|-damage|p2a: Reuniclus|0 fnt|[from] Leech Seed|[of] p1a: Metagross
|-heal|p1a: Metagross|96/100|[silent]
|faint|p2a: Reuniclus
|upkeep
|
|t:|1779859401
|switch|p2a: Ting-Lu|Ting-Lu|49/100
|-ability|p2a: Ting-Lu|Vessel of Ruin
|turn|30
|
|t:|1779859409
|switch|p1a: Clefable|Clefable, F|51/100
|move|p2a: Ting-Lu|Earthquake|p1a: Clefable
|-crit|p1a: Clefable
|-damage|p1a: Clefable|0 fnt
|faint|p1a: Clefable
|
|-heal|p2a: Ting-Lu|55/100|[from] item: Leftovers
|upkeep
|
|t:|1779859419
|switch|p1a: Vileplume|Vileplume, F|73/100
|-damage|p1a: Vileplume|61/100|[from] Stealth Rock
|turn|31
|
|t:|1779859424
|move|p1a: Vileplume|Stun Spore|p2a: Ting-Lu|[miss]
|-miss|p1a: Vileplume|p2a: Ting-Lu
|move|p2a: Ting-Lu|Ruination|p1a: Vileplume|[miss]
|-miss|p2a: Ting-Lu|p1a: Vileplume
|
|-heal|p2a: Ting-Lu|61/100|[from] item: Leftovers
|upkeep
|turn|32
|
|t:|1779859433
|switch|p2a: Alomomola|Alomomola, M|100/100 brn
|move|p1a: Vileplume|Stun Spore||[still]
|-fail|p1a: Vileplume
|
|-damage|p2a: Alomomola|94/100 brn|[from] brn
|upkeep
|turn|33
|
|t:|1779859441
|move|p1a: Vileplume|Leech Seed|p2a: Alomomola
|-start|p2a: Alomomola|move: Leech Seed
|move|p2a: Alomomola|Wish|p2a: Alomomola
|
|-damage|p2a: Alomomola|82/100 brn|[from] Leech Seed|[of] p1a: Vileplume
|-heal|p1a: Vileplume|79/100|[silent]
|-damage|p2a: Alomomola|76/100 brn|[from] brn
|upkeep
|turn|34
|
|t:|1779859449
|move|p1a: Vileplume|Sludge Bomb|p2a: Alomomola
|-damage|p2a: Alomomola|36/100 brn
|move|p2a: Alomomola|Flip Turn|p1a: Vileplume
|-resisted|p1a: Vileplume
|-damage|p1a: Vileplume|75/100
|-damage|p2a: Alomomola|20/100 brn|[from] item: Rocky Helmet|[of] p1a: Vileplume
|
|t:|1779859456
|switch|p2a: Ting-Lu|Ting-Lu|61/100|[from] Flip Turn
|-ability|p2a: Ting-Lu|Vessel of Ruin
|
|-heal|p2a: Ting-Lu|100/100|[from] move: Wish|[wisher] Alomomola
|upkeep
|turn|35
|
|t:|1779859464
|move|p1a: Vileplume|Stun Spore|p2a: Ting-Lu|[miss]
|-miss|p1a: Vileplume|p2a: Ting-Lu
|move|p2a: Ting-Lu|Whirlwind|p1a: Vileplume
|drag|p1a: Metagross|Metagross|96/100
|-damage|p1a: Metagross|90/100|[from] Stealth Rock
|
|-heal|p1a: Metagross|96/100|[from] item: Leftovers
|upkeep
|turn|36
|
|t:|1779859474
|switch|p1a: Vileplume|Vileplume, F|75/100
|-damage|p1a: Vileplume|63/100|[from] Stealth Rock
|move|p2a: Ting-Lu|Earthquake|p1a: Vileplume
|-damage|p1a: Vileplume|19/100
|
|upkeep
|turn|37
|
|t:|1779859486
|-terastallize|p1a: Vileplume|Flying
|move|p1a: Vileplume|Strength Sap|p2a: Ting-Lu
|-unboost|p2a: Ting-Lu|atk|1
|-heal|p1a: Vileplume|92/100
|move|p2a: Ting-Lu|Earthquake|p1a: Vileplume
|-immune|p1a: Vileplume
|
|upkeep
|turn|38
|
|t:|1779859495
|move|p1a: Vileplume|Leech Seed|p2a: Ting-Lu
|-start|p2a: Ting-Lu|move: Leech Seed
|move|p2a: Ting-Lu|Ruination|p1a: Vileplume
|-damage|p1a: Vileplume|46/100
|
|-damage|p2a: Ting-Lu|88/100|[from] Leech Seed|[of] p1a: Vileplume
|-heal|p1a: Vileplume|64/100|[silent]
|upkeep
|turn|39
|
|t:|1779859504
|switch|p2a: Alomomola|Alomomola, M|53/100 brn
|move|p1a: Vileplume|Stun Spore||[still]
|-fail|p1a: Vileplume
|
|-damage|p2a: Alomomola|47/100 brn|[from] brn
|upkeep
|turn|40
|
|t:|1779859511
|move|p1a: Vileplume|Leech Seed|p2a: Alomomola
|-start|p2a: Alomomola|move: Leech Seed
|move|p2a: Alomomola|Scald|p1a: Vileplume
|-damage|p1a: Vileplume|50/100
|
|-damage|p2a: Alomomola|34/100 brn|[from] Leech Seed|[of] p1a: Vileplume
|-heal|p1a: Vileplume|69/100|[silent]
|-damage|p2a: Alomomola|28/100 brn|[from] brn
|upkeep
|turn|41
|
|t:|1779859520
|move|p1a: Vileplume|Sludge Bomb|p2a: Alomomola
|-damage|p2a: Alomomola|0 fnt
|faint|p2a: Alomomola
|
|upkeep
|
|t:|1779859527
|switch|p2a: Ting-Lu|Ting-Lu|88/100
|-ability|p2a: Ting-Lu|Vessel of Ruin
|turn|42
|
|t:|1779859531
|move|p1a: Vileplume|Stun Spore|p2a: Ting-Lu
|-status|p2a: Ting-Lu|par
|cant|p2a: Ting-Lu|par
|
|-heal|p2a: Ting-Lu|94/100 par|[from] item: Leftovers
|upkeep
|turn|43
|
|t:|1779859539
|move|p1a: Vileplume|Leech Seed|p2a: Ting-Lu
|-start|p2a: Ting-Lu|move: Leech Seed
|cant|p2a: Ting-Lu|par
|
|-heal|p2a: Ting-Lu|100/100 par|[from] item: Leftovers
|-damage|p2a: Ting-Lu|88/100 par|[from] Leech Seed|[of] p1a: Vileplume
|-heal|p1a: Vileplume|87/100|[silent]
|upkeep
|turn|44
|
|t:|1779859550
|move|p1a: Vileplume|Sludge Bomb|p2a: Ting-Lu
|-resisted|p2a: Ting-Lu
|-damage|p2a: Ting-Lu|81/100 par
|move|p2a: Ting-Lu|Ruination|p1a: Vileplume
|-damage|p1a: Vileplume|44/100
|
|-heal|p2a: Ting-Lu|87/100 par|[from] item: Leftovers
|-damage|p2a: Ting-Lu|75/100 par|[from] Leech Seed|[of] p1a: Vileplume
|-heal|p1a: Vileplume|62/100|[silent]
|upkeep
|turn|45
|
|t:|1779859561
|move|p1a: Vileplume|Strength Sap|p2a: Ting-Lu
|-unboost|p2a: Ting-Lu|atk|1
|-heal|p1a: Vileplume|100/100
|move|p2a: Ting-Lu|Ruination|p1a: Vileplume
|-damage|p1a: Vileplume|50/100
|
|-heal|p2a: Ting-Lu|81/100 par|[from] item: Leftovers
|-damage|p2a: Ting-Lu|68/100 par|[from] Leech Seed|[of] p1a: Vileplume
|-heal|p1a: Vileplume|69/100|[silent]
|upkeep
|turn|46
|
|t:|1779859573
|move|p1a: Vileplume|Strength Sap|p2a: Ting-Lu
|-unboost|p2a: Ting-Lu|atk|1
|-heal|p1a: Vileplume|100/100
|move|p2a: Ting-Lu|Ruination|p1a: Vileplume
|-damage|p1a: Vileplume|50/100
|
|-heal|p2a: Ting-Lu|75/100 par|[from] item: Leftovers
|-damage|p2a: Ting-Lu|62/100 par|[from] Leech Seed|[of] p1a: Vileplume
|-heal|p1a: Vileplume|69/100|[silent]
|upkeep
|turn|47
|
|t:|1779859586
|move|p1a: Vileplume|Sludge Bomb|p2a: Ting-Lu
|-resisted|p2a: Ting-Lu
|-damage|p2a: Ting-Lu|55/100 par
|cant|p2a: Ting-Lu|par
|
|-heal|p2a: Ting-Lu|61/100 par|[from] item: Leftovers
|-damage|p2a: Ting-Lu|48/100 par|[from] Leech Seed|[of] p1a: Vileplume
|-heal|p1a: Vileplume|87/100|[silent]
|upkeep
|turn|48
|
|t:|1779859595
|move|p1a: Vileplume|Sludge Bomb|p2a: Ting-Lu
|-resisted|p2a: Ting-Lu
|-damage|p2a: Ting-Lu|41/100 par
|move|p2a: Ting-Lu|Ruination|p1a: Vileplume|[miss]
|-miss|p2a: Ting-Lu|p1a: Vileplume
|
|-heal|p2a: Ting-Lu|48/100 par|[from] item: Leftovers
|-damage|p2a: Ting-Lu|35/100 par|[from] Leech Seed|[of] p1a: Vileplume
|-heal|p1a: Vileplume|100/100|[silent]
|upkeep
|turn|49
|
|t:|1779859605
|move|p1a: Vileplume|Sludge Bomb|p2a: Ting-Lu
|-resisted|p2a: Ting-Lu
|-damage|p2a: Ting-Lu|28/100 par
|cant|p2a: Ting-Lu|par
|
|-heal|p2a: Ting-Lu|34/100 par|[from] item: Leftovers
|-damage|p2a: Ting-Lu|21/100 par|[from] Leech Seed|[of] p1a: Vileplume
|upkeep
|turn|50
|
|t:|1779859614
|move|p1a: Vileplume|Sludge Bomb|p2a: Ting-Lu
|-resisted|p2a: Ting-Lu
|-damage|p2a: Ting-Lu|14/100 par
|move|p2a: Ting-Lu|Whirlwind|p1a: Vileplume
|drag|p1a: Metagross|Metagross|96/100
|-damage|p1a: Metagross|90/100|[from] Stealth Rock
|
|-heal|p1a: Metagross|96/100|[from] item: Leftovers
|-heal|p2a: Ting-Lu|20/100 par|[from] item: Leftovers
|-damage|p2a: Ting-Lu|8/100 par|[from] Leech Seed|[of] p1a: Metagross
|-heal|p1a: Metagross|100/100|[silent]
|upkeep
|turn|51
|
|t:|1779859626
|move|p1a: Metagross|Bullet Punch|p2a: Ting-Lu
|-damage|p2a: Ting-Lu|0 fnt
|faint|p2a: Ting-Lu
|
|upkeep
|
|t:|1779859631
|switch|p2a: Kingambit|Kingambit, F|100/100
|-activate|p2a: Kingambit|ability: Supreme Overlord
|-start|p2a: Kingambit|fallen5|[silent]
|turn|52
|
|t:|1779859637
|move|p1a: Metagross|Earthquake|p2a: Kingambit
|-supereffective|p2a: Kingambit
|-damage|p2a: Kingambit|44/100
|move|p2a: Kingambit|Swords Dance|p2a: Kingambit
|-boost|p2a: Kingambit|atk|2
|
|upkeep
|turn|53
|
|t:|1779859644
|move|p1a: Metagross|Earthquake|p2a: Kingambit
|-supereffective|p2a: Kingambit
|-damage|p2a: Kingambit|0 fnt
|faint|p2a: Kingambit
|-end|p2a: Kingambit|fallen5|[silent]
|
|win|venator
|raw|venator's rating: 1085 &rarr; <strong>1110</strong><br />(+25 for winning)
|raw|s1lknoose's rating: 1056 &rarr; <strong>1039</strong><br />(-17 for losing)
|l|☆s1lknoose
|player|p2|
|l|☆venator
|player|p1|
