|j|☆vikscon
|j|☆Come85
|t:|1779957910
|gametype|singles
|player|p1|vikscon|supernerd|1110
|player|p2|Come85|pokemaniac|1075
|gen|9
|tier|[Gen 9] OU
|rated|
|rule|HP Percentage Mod: HP is shown in percentages
|rule|Endless Battle Clause: Forcing endless battles is banned
|rule|Species Clause: Limit one of each Pokémon
|rule|OHKO Clause: OHKO moves are banned
|rule|Evasion Items Clause: Evasion items are banned
|rule|Evasion Moves Clause: Evasion moves are banned
|rule|Evasion Abilities Clause: Evasion abilities are banned
|rule|Sleep Moves Clause: Sleep-inducing moves are banned
|clearpoke
|poke|p1|Ninetales-Alola, M|
|poke|p1|Cetitan, M|
|poke|p1|Clefable, M|
|poke|p1|Hatterene, F|
|poke|p1|Landorus-Therian, M|
|poke|p1|Manaphy|
|poke|p2|Drednaw, F|
|poke|p2|Pelipper, F|
|poke|p2|Indeedee, M|
|poke|p2|Hatterene, F|
|poke|p2|Barraskewda, M|
|poke|p2|Samurott-Hisui, M|
|teampreview
|inactive|Battle timer is ON: inactive players will automatically lose when time's up. (requested by vikscon)
|
|t:|1779957927
|teamsize|p1|6
|teamsize|p2|6
|start
|switch|p1a: Ninetales|Ninetales-Alola, M, shiny|100/100
|switch|p2a: Samurott|Samurott-Hisui, M|100/100
|-weather|Snowscape|[from] ability: Snow Warning|[of] p1a: Ninetales
|turn|1
|
|t:|1779957935
|switch|p2a: Pelipper|Pelipper, F|100/100
|-weather|RainDance|[from] ability: Drizzle|[of] p2a: Pelipper
|move|p1a: Ninetales|Moonblast|p2a: Pelipper
|-damage|p2a: Pelipper|49/100
|
|-weather|RainDance|[upkeep]
|upkeep
|turn|2
|
|t:|1779957961
|switch|p2a: Hatterene|Hatterene, F|100/100
|move|p1a: Ninetales|Freeze-Dry|p2a: Hatterene
|-damage|p2a: Hatterene|71/100
|
|-weather|RainDance|[upkeep]
|-heal|p2a: Hatterene|77/100|[from] item: Leftovers
|upkeep
|turn|3
|
|t:|1779957983
|switch|p1a: Hatterene|Hatterene, F, shiny|100/100
|move|p2a: Hatterene|Calm Mind|p2a: Hatterene
|-boost|p2a: Hatterene|spa|1
|-boost|p2a: Hatterene|spd|1
|
|-weather|RainDance|[upkeep]
|-heal|p2a: Hatterene|83/100|[from] item: Leftovers
|upkeep
|turn|4
|
|t:|1779957998
|move|p2a: Hatterene|Nuzzle|p1a: Hatterene
|-damage|p1a: Hatterene|96/100
|-status|p1a: Hatterene|par
|move|p1a: Hatterene|Mystical Fire|p2a: Hatterene
|-damage|p2a: Hatterene|73/100
|-unboost|p2a: Hatterene|spa|1
|
|-weather|RainDance|[upkeep]
|-heal|p2a: Hatterene|79/100|[from] item: Leftovers
|-heal|p1a: Hatterene|100/100 par|[from] item: Leftovers
|upkeep
|turn|5
|
|t:|1779958011
|move|p2a: Hatterene|Calm Mind|p2a: Hatterene
|-boost|p2a: Hatterene|spa|1
|-boost|p2a: Hatterene|spd|1
|move|p1a: Hatterene|Psychic Noise|p2a: Hatterene
|-resisted|p2a: Hatterene
|-damage|p2a: Hatterene|68/100
|-start|p2a: Hatterene|move: Heal Block
|
|-weather|RainDance|[upkeep]
|upkeep
|turn|6
|
|t:|1779958026
|switch|p1a: Ninetales|Ninetales-Alola, M, shiny|100/100
|-weather|Snowscape|[from] ability: Snow Warning|[of] p1a: Ninetales
|move|p2a: Hatterene|Psyshock|p1a: Ninetales
|-damage|p1a: Ninetales|43/100
|
|-weather|Snowscape|[upkeep]
|-end|p2a: Hatterene|move: Heal Block
|upkeep
|turn|7
|
|t:|1779958034
|move|p1a: Ninetales|Aurora Veil|p1a: Ninetales
|-sidestart|p1: vikscon|move: Aurora Veil
|move|p2a: Hatterene|Psyshock|p1a: Ninetales
|-damage|p1a: Ninetales|18/100
|
|-weather|Snowscape|[upkeep]
|-heal|p2a: Hatterene|74/100|[from] item: Leftovers
|upkeep
|turn|8
|
|t:|1779958054
|switch|p1a: Cetitan|Cetitan, M|100/100
|move|p2a: Hatterene|Calm Mind|p2a: Hatterene
|-boost|p2a: Hatterene|spa|1
|-boost|p2a: Hatterene|spd|1
|
|-weather|Snowscape|[upkeep]
|-heal|p2a: Hatterene|80/100|[from] item: Leftovers
|upkeep
|turn|9
|
|t:|1779958064
|move|p1a: Cetitan|Heavy Slam|p2a: Hatterene
|-supereffective|p2a: Hatterene
|-damage|p2a: Hatterene|17/100
|move|p2a: Hatterene|Psyshock|p1a: Cetitan
|-damage|p1a: Cetitan|78/100
|
|-weather|Snowscape|[upkeep]
|-heal|p2a: Hatterene|23/100|[from] item: Leftovers
|upkeep
|turn|10
|
|t:|1779958070
|move|p1a: Cetitan|Heavy Slam|p2a: Hatterene
|-supereffective|p2a: Hatterene
|-damage|p2a: Hatterene|0 fnt
|faint|p2a: Hatterene
|
|-weather|Snowscape|[upkeep]
|upkeep
|
|t:|1779958077
|switch|p2a: Pelipper|Pelipper, F|49/100
|-weather|RainDance|[from] ability: Drizzle|[of] p2a: Pelipper
|turn|11
|
|t:|1779958089
|move|p1a: Cetitan|Ice Shard|p2a: Pelipper
|-damage|p2a: Pelipper|34/100
|move|p2a: Pelipper|Weather Ball|p1a: Cetitan
|-damage|p1a: Cetitan|47/100
|-enditem|p1a: Cetitan|Sitrus Berry|[eat]
|-heal|p1a: Cetitan|72/100|[from] item: Sitrus Berry
|
|-weather|RainDance|[upkeep]
|-sideend|p1: vikscon|move: Aurora Veil
|upkeep
|turn|12
|
|t:|1779958096
|switch|p1a: Ninetales|Ninetales-Alola, M, shiny|18/100
|-weather|Snowscape|[from] ability: Snow Warning|[of] p1a: Ninetales
|move|p2a: Pelipper|Roost|p2a: Pelipper
|-heal|p2a: Pelipper|84/100
|-singleturn|p2a: Pelipper|move: Roost
|
|-weather|Snowscape|[upkeep]
|upkeep
|turn|13
|
|t:|1779958108
|move|p1a: Ninetales|Freeze-Dry|p2a: Pelipper
|-supereffective|p2a: Pelipper
|-damage|p2a: Pelipper|0 fnt
|faint|p2a: Pelipper
|
|-weather|Snowscape|[upkeep]
|upkeep
|
|t:|1779958115
|switch|p2a: Drednaw|Drednaw, F|100/100
|turn|14
|
|t:|1779958125
|switch|p1a: Manaphy|Manaphy, shiny|100/100
|move|p2a: Drednaw|Shell Smash|p2a: Drednaw
|-unboost|p2a: Drednaw|def|1
|-unboost|p2a: Drednaw|spd|1
|-boost|p2a: Drednaw|atk|2
|-boost|p2a: Drednaw|spa|2
|-boost|p2a: Drednaw|spe|2
|-enditem|p2a: Drednaw|White Herb
|-clearnegativeboost|p2a: Drednaw|[silent]
|
|-weather|Snowscape|[upkeep]
|upkeep
|turn|15
|
|t:|1779958137
|-terastallize|p2a: Drednaw|Dark
|move|p2a: Drednaw|Crunch|p1a: Manaphy
|-damage|p1a: Manaphy|0 fnt
|faint|p1a: Manaphy
|
|-weather|Snowscape|[upkeep]
|upkeep
|
|t:|1779958150
|switch|p1a: Clefable|Clefable, M|100/100
|turn|16
|
|t:|1779958159
|move|p2a: Drednaw|Liquidation|p1a: Clefable
|-damage|p1a: Clefable|4/100
|move|p1a: Clefable|Moonblast|p2a: Drednaw
|-supereffective|p2a: Drednaw
|-damage|p2a: Drednaw|10/100
|-unboost|p2a: Drednaw|spa|1
|
|-weather|Snowscape|[upkeep]
|-heal|p1a: Clefable|10/100|[from] item: Leftovers
|upkeep
|turn|17
|
|t:|1779958167
|move|p2a: Drednaw|Liquidation|p1a: Clefable
|-crit|p1a: Clefable
|-damage|p1a: Clefable|0 fnt
|faint|p1a: Clefable
|
|-weather|Snowscape|[upkeep]
|upkeep
|
|t:|1779958170
|switch|p1a: Cetitan|Cetitan, M|72/100
|turn|18
|
|t:|1779958177
|switch|p2a: Samurott|Samurott-Hisui, M|100/100
|move|p1a: Cetitan|Ice Shard|p2a: Samurott
|-resisted|p2a: Samurott
|-damage|p2a: Samurott|87/100
|
|-weather|Snowscape|[upkeep]
|upkeep
|turn|19
|
|t:|1779958184
|switch|p1a: Hatterene|Hatterene, F, shiny|100/100 par
|move|p2a: Samurott|Ceaseless Edge|p1a: Hatterene
|-damage|p1a: Hatterene|55/100 par
|-sidestart|p1: vikscon|Spikes
|
|-weather|none
|-heal|p1a: Hatterene|61/100 par|[from] item: Leftovers
|upkeep
|turn|20
|
|t:|1779958196
|switch|p2a: Indeedee|Indeedee, M|100/100
|-fieldstart|move: Psychic Terrain|[from] ability: Psychic Surge|[of] p2a: Indeedee
|cant|p1a: Hatterene|par
|
|-heal|p1a: Hatterene|67/100 par|[from] item: Leftovers
|upkeep
|turn|21
|inactive|vikscon has 120 seconds left.
|
|t:|1779958235
|move|p2a: Indeedee|Expanding Force|p1a: Hatterene
|-resisted|p1a: Hatterene
|-damage|p1a: Hatterene|29/100 par
|move|p1a: Hatterene|Psychic Noise|p2a: Indeedee
|-resisted|p2a: Indeedee
|-damage|p2a: Indeedee|60/100
|-start|p2a: Indeedee|move: Heal Block
|
|-heal|p1a: Hatterene|35/100 par|[from] item: Leftovers
|upkeep
|turn|22
|inactive|vikscon has 120 seconds left.
|
|t:|1779958243
|move|p2a: Indeedee|Expanding Force|p1a: Hatterene
|-resisted|p1a: Hatterene
|-damage|p1a: Hatterene|0 fnt
|faint|p1a: Hatterene
|
|-end|p2a: Indeedee|move: Heal Block
|upkeep
|inactive|vikscon has 120 seconds left.
|
|t:|1779958249
|switch|p1a: Landorus|Landorus-Therian, M, shiny|100/100
|-ability|p1a: Landorus|Intimidate|boost
|-unboost|p2a: Indeedee|atk|1
|turn|23
|
|t:|1779958279
|move|p2a: Indeedee|Expanding Force|p1a: Landorus
|-damage|p1a: Landorus|15/100
|move|p1a: Landorus|Crunch|p2a: Indeedee
|-supereffective|p2a: Indeedee
|-damage|p2a: Indeedee|0 fnt
|faint|p2a: Indeedee
|
|-heal|p1a: Landorus|21/100|[from] item: Leftovers
|upkeep
|inactive|Come85 has 120 seconds left.
|
|t:|1779958292
|switch|p2a: Samurott|Samurott-Hisui, M|87/100
|turn|24
|inactive|Come85 has 120 seconds left.
|
|t:|1779958314
|move|p1a: Landorus|Earthquake|p2a: Samurott
|-damage|p2a: Samurott|10/100
|move|p2a: Samurott|Knock Off|p1a: Landorus
|-damage|p1a: Landorus|0 fnt
|-enditem|p1a: Landorus|Leftovers|[from] move: Knock Off|[of] p2a: Samurott
|faint|p1a: Landorus
|
|upkeep
|
|t:|1779958321
|switch|p1a: Ninetales|Ninetales-Alola, M, shiny|18/100
|-damage|p1a: Ninetales|5/100|[from] Spikes
|-weather|Snowscape|[from] ability: Snow Warning|[of] p1a: Ninetales
|turn|25
|inactive|Come85 has 120 seconds left.
|
|t:|1779958355
|move|p1a: Ninetales|Freeze-Dry|p2a: Samurott
|-supereffective|p2a: Samurott
|-damage|p2a: Samurott|0 fnt
|faint|p2a: Samurott
|
|-weather|Snowscape|[upkeep]
|upkeep
|
|t:|1779958357
|switch|p2a: Barraskewda|Barraskewda, M|100/100
|turn|26
|
|t:|1779958378
|move|p2a: Barraskewda|Flip Turn|p1a: Ninetales
|-damage|p1a: Ninetales|0 fnt
|faint|p1a: Ninetales
|
|t:|1779958381
|switch|p2a: Drednaw|Drednaw, F, tera:Dark|10/100|[from] Flip Turn
|
|-weather|Snowscape|[upkeep]
|upkeep
|
|t:|1779958384
|switch|p1a: Cetitan|Cetitan, M|72/100
|-damage|p1a: Cetitan|59/100|[from] Spikes
|turn|27
|
|t:|1779958398
|move|p1a: Cetitan|Earthquake|p2a: Drednaw
|-damage|p2a: Drednaw|0 fnt
|faint|p2a: Drednaw
|
|-weather|Snowscape|[upkeep]
|-fieldend|move: Psychic Terrain
|upkeep
|
|t:|1779958401
|switch|p2a: Barraskewda|Barraskewda, M|100/100
|turn|28
|
|t:|1779958408
|move|p1a: Cetitan|Earthquake|p2a: Barraskewda
|-damage|p2a: Barraskewda|37/100
|move|p2a: Barraskewda|Close Combat|p1a: Cetitan
|-supereffective|p1a: Cetitan
|-damage|p1a: Cetitan|0 fnt
|-unboost|p2a: Barraskewda|def|1
|-unboost|p2a: Barraskewda|spd|1
|faint|p1a: Cetitan
|
|win|Come85
|raw|vikscon's rating: 1110 &rarr; <strong>1082</strong><br />(-28 for losing)
|raw|Come85's rating: 1075 &rarr; <strong>1107</strong><br />(+32 for winning)
|l|☆Come85
|player|p2|
|l|☆vikscon
|player|p1|
