|j|☆baakrisht
|j|☆hedon
|t:|1779876244
|gametype|singles
|player|p1|baakrisht|102|1224
|player|p2|hedon|preschooler|1178
|gen|9
|tier|[Gen 9] OU
|rated|
|rule|HP Percentage Mod: HP is shown in percentages
|rule|Endless Battle Clause: Forcing endless battles is banned
|rule|Species Clause: Limit one of each Pokémon
|rule|OHKO Clause: OHKO moves are banned
|rule|Evasion Items Clause: Evasion items are banned
|rule|Evasion Moves Clause: Evasion moves are banned
|rule|Evasion Abilities Clause: Evasion abilities are banned
|rule|Sleep Moves Clause: Sleep-inducing moves are banned
|clearpoke
|poke|p1|Espeon, F|
|poke|p1|Goodra, F|
|poke|p1|Weezing-Galar, M|
|poke|p1|Orthworm, F|
|poke|p1|Suicune|
|poke|p1|Muk-Alola, M|
|poke|p2|Houndstone, M|
|poke|p2|Tauros-Paldea-Aqua, M|
|poke|p2|Excadrill, F|
|poke|p2|Hydrapple, M|
|poke|p2|Tyranitar, M|
|poke|p2|Enamorus, F|
|teampreview
|inactive|Battle timer is ON: inactive players will automatically lose when time's up. (requested by hedon)
|
|t:|1779876257
|teamsize|p1|6
|teamsize|p2|6
|start
|switch|p1a: दील दो 💖|Orthworm, F|100/100
|switch|p2a: Tyranitar|Tyranitar, M|100/100
|-weather|Sandstorm|[from] ability: Sand Stream|[of] p2a: Tyranitar
|turn|1
|
|t:|1779876266
|switch|p2a: Hydrapple|Hydrapple, M|100/100
|move|p1a: दील दो 💖|Body Press|p2a: Hydrapple
|-damage|p2a: Hydrapple|84/100
|-damage|p1a: दील दो 💖|84/100|[from] item: Rocky Helmet|[of] p2a: Hydrapple
|
|-weather|Sandstorm|[upkeep]
|-damage|p2a: Hydrapple|77/100|[from] Sandstorm
|-heal|p1a: दील दो 💖|90/100|[from] item: Leftovers
|upkeep
|turn|2
|
|t:|1779876279
|switch|p1a: कादो राज|Muk-Alola, M|100/100
|move|p2a: Hydrapple|Nasty Plot|p2a: Hydrapple
|-boost|p2a: Hydrapple|spa|2
|
|-weather|Sandstorm|[upkeep]
|-damage|p1a: कादो राज|94/100|[from] Sandstorm
|-damage|p2a: Hydrapple|71/100|[from] Sandstorm
|-heal|p1a: कादो राज|100/100|[from] item: Black Sludge
|upkeep
|turn|3
|
|t:|1779876300
|move|p1a: कादो राज|Haze|p1a: कादो राज
|-clearallboost
|move|p2a: Hydrapple|Fickle Beam|p1a: कादो राज
|-damage|p1a: कादो राज|81/100
|
|-weather|Sandstorm|[upkeep]
|-damage|p1a: कादो राज|75/100|[from] Sandstorm
|-damage|p2a: Hydrapple|65/100|[from] Sandstorm
|-heal|p1a: कादो राज|81/100|[from] item: Black Sludge
|upkeep
|turn|4
|
|t:|1779876310
|switch|p2a: Tauros|Tauros-Paldea-Aqua, M|100/100
|-ability|p2a: Tauros|Intimidate|boost
|-unboost|p1a: कादो राज|atk|1
|move|p1a: कादो राज|Knock Off|p2a: Tauros
|-resisted|p2a: Tauros
|-damage|p2a: Tauros|93/100
|-enditem|p2a: Tauros|Leftovers|[from] move: Knock Off|[of] p1a: कादो राज
|
|-weather|Sandstorm|[upkeep]
|-damage|p2a: Tauros|87/100|[from] Sandstorm
|-damage|p1a: कादो राज|75/100|[from] Sandstorm
|-heal|p1a: कादो राज|81/100|[from] item: Black Sludge
|upkeep
|turn|5
|
|t:|1779876321
|switch|p1a: लाठ साहब|Weezing-Galar, M, shiny|100/100
|move|p2a: Tauros|Bulk Up|p2a: Tauros
|-boost|p2a: Tauros|atk|1
|-boost|p2a: Tauros|def|1
|
|-weather|Sandstorm|[upkeep]
|-damage|p2a: Tauros|81/100|[from] Sandstorm
|-damage|p1a: लाठ साहब|95/100|[from] Sandstorm
|upkeep
|turn|6
|
|t:|1779876326
|move|p2a: Tauros|Raging Bull|p1a: लाठ साहब
|-damage|p1a: लाठ साहब|60/100
|-damage|p2a: Tauros|64/100|[from] item: Rocky Helmet|[of] p1a: लाठ साहब
|move|p1a: लाठ साहब|Clear Smog|p2a: Tauros
|-damage|p2a: Tauros|44/100
|-clearboost|p2a: Tauros
|
|-weather|Sandstorm|[upkeep]
|-damage|p2a: Tauros|38/100|[from] Sandstorm
|-damage|p1a: लाठ साहब|54/100|[from] Sandstorm
|upkeep
|turn|7
|
|t:|1779876342
|switch|p2a: Excadrill|Excadrill, F|100/100
|-item|p2a: Excadrill|Air Balloon
|move|p1a: लाठ साहब|Toxic Spikes|p2a: Excadrill
|-sidestart|p2: hedon|move: Toxic Spikes
|
|-weather|Sandstorm|[upkeep]
|-damage|p1a: लाठ साहब|48/100|[from] Sandstorm
|upkeep
|turn|8
|
|t:|1779876349
|switch|p1a: दील दो 💖|Orthworm, F|90/100
|move|p2a: Excadrill|Iron Head|p1a: दील दो 💖
|-resisted|p1a: दील दो 💖
|-damage|p1a: दील दो 💖|78/100
|
|-weather|none
|-heal|p1a: दील दो 💖|84/100|[from] item: Leftovers
|upkeep
|turn|9
|
|t:|1779876365
|switch|p2a: Enamorus|Enamorus, F|100/100
|move|p1a: दील दो 💖|Body Press|p2a: Enamorus
|-resisted|p2a: Enamorus
|-damage|p2a: Enamorus|87/100
|
|-heal|p1a: दील दो 💖|90/100|[from] item: Leftovers
|upkeep
|turn|10
|
|t:|1779876378
|switch|p1a: बिलाई मौसी|Espeon, F|100/100
|move|p2a: Enamorus|Mystical Fire|p1a: बिलाई मौसी
|-damage|p1a: बिलाई मौसी|78/100
|-unboost|p1a: बिलाई मौसी|spa|1
|
|upkeep
|turn|11
|
|t:|1779876384
|switch|p2a: Tyranitar|Tyranitar, M|100/100
|-status|p2a: Tyranitar|psn
|-weather|Sandstorm|[from] ability: Sand Stream|[of] p2a: Tyranitar
|move|p1a: बिलाई मौसी|Trick|p2a: Tyranitar
|-activate|p1a: बिलाई मौसी|move: Trick|[of] p2a: Tyranitar
|-item|p2a: Tyranitar|Choice Scarf|[from] move: Trick
|-item|p1a: बिलाई मौसी|Smooth Rock|[from] move: Trick
|
|-weather|Sandstorm|[upkeep]
|-damage|p1a: बिलाई मौसी|72/100|[from] Sandstorm
|-damage|p2a: Tyranitar|88/100 psn|[from] psn
|upkeep
|turn|12
|
|t:|1779876397
|switch|p1a: Suicune|Suicune|100/100
|-ability|p1a: Suicune|Pressure
|move|p2a: Tyranitar|Stealth Rock|p1a: Suicune
|-sidestart|p1: baakrisht|move: Stealth Rock
|
|-weather|Sandstorm|[upkeep]
|-damage|p1a: Suicune|94/100|[from] Sandstorm
|-heal|p1a: Suicune|100/100|[from] item: Leftovers
|-damage|p2a: Tyranitar|76/100 psn|[from] psn
|upkeep
|turn|13
|
|t:|1779876413
|switch|p2a: Tauros|Tauros-Paldea-Aqua, M|38/100
|-status|p2a: Tauros|psn
|-ability|p2a: Tauros|Intimidate|boost
|-unboost|p1a: Suicune|atk|1
|move|p1a: Suicune|Substitute|p1a: Suicune
|-start|p1a: Suicune|Substitute
|-damage|p1a: Suicune|75/100
|
|-weather|Sandstorm|[upkeep]
|-damage|p2a: Tauros|31/100 psn|[from] Sandstorm
|-damage|p1a: Suicune|69/100|[from] Sandstorm
|-heal|p1a: Suicune|75/100|[from] item: Leftovers
|-damage|p2a: Tauros|19/100 psn|[from] psn
|upkeep
|turn|14
|
|t:|1779876421
|move|p2a: Tauros|Wild Charge|p1a: Suicune
|-supereffective|p1a: Suicune
|-activate|p1a: Suicune|move: Substitute|[damage]
|-damage|p2a: Tauros|12/100 psn|[from] Recoil|[of] p1a: Suicune
|move|p1a: Suicune|Scald|p2a: Tauros
|-resisted|p2a: Tauros
|-damage|p2a: Tauros|0 fnt
|faint|p2a: Tauros
|
|-weather|Sandstorm|[upkeep]
|-damage|p1a: Suicune|69/100|[from] Sandstorm
|-heal|p1a: Suicune|75/100|[from] item: Leftovers
|upkeep
|
|t:|1779876431
|switch|p2a: Enamorus|Enamorus, F|87/100
|turn|15
|
|t:|1779876433
|move|p2a: Enamorus|Moonblast|p1a: Suicune
|-end|p1a: Suicune|Substitute
|move|p1a: Suicune|Scald|p2a: Enamorus
|-damage|p2a: Enamorus|52/100
|
|-weather|Sandstorm|[upkeep]
|-damage|p2a: Enamorus|46/100|[from] Sandstorm
|-damage|p1a: Suicune|69/100|[from] Sandstorm
|-heal|p1a: Suicune|75/100|[from] item: Leftovers
|upkeep
|turn|16
|
|t:|1779876437
|move|p2a: Enamorus|Moonblast|p1a: Suicune
|-damage|p1a: Suicune|37/100
|move|p1a: Suicune|Scald|p2a: Enamorus
|-damage|p2a: Enamorus|7/100
|
|-weather|Sandstorm|[upkeep]
|-damage|p2a: Enamorus|1/100|[from] Sandstorm
|-damage|p1a: Suicune|31/100|[from] Sandstorm
|-heal|p1a: Suicune|37/100|[from] item: Leftovers
|upkeep
|turn|17
|
|t:|1779876441
|move|p2a: Enamorus|Moonblast|p1a: Suicune
|-damage|p1a: Suicune|0 fnt
|faint|p1a: Suicune
|
|-weather|Sandstorm|[upkeep]
|-damage|p2a: Enamorus|0 fnt|[from] Sandstorm
|faint|p2a: Enamorus
|upkeep
|
|t:|1779876455
|switch|p2a: Houndstone|Houndstone, M|100/100
|switch|p1a: लाठ साहब|Weezing-Galar, M, shiny|48/100
|-status|p2a: Houndstone|psn
|-damage|p1a: लाठ साहब|36/100|[from] Stealth Rock
|turn|18
|
|t:|1779876460
|move|p1a: लाठ साहब|Destiny Bond|p1a: लाठ साहब
|-singlemove|p1a: लाठ साहब|Destiny Bond
|move|p2a: Houndstone|Roar|p1a: लाठ साहब
|drag|p1a: दील दो 💖|Orthworm, F|90/100
|-damage|p1a: दील दो 💖|84/100|[from] Stealth Rock
|
|-weather|none
|-heal|p1a: दील दो 💖|90/100|[from] item: Leftovers
|-damage|p2a: Houndstone|88/100 psn|[from] psn
|upkeep
|turn|19
|
|t:|1779876468
|move|p2a: Houndstone|Will-O-Wisp|p1a: दील दो 💖
|-status|p1a: दील दो 💖|brn
|move|p1a: दील दो 💖|Stealth Rock|p2a: Houndstone
|-sidestart|p2: hedon|move: Stealth Rock
|
|-heal|p1a: दील दो 💖|96/100 brn|[from] item: Leftovers
|-damage|p2a: Houndstone|76/100 psn|[from] psn
|-damage|p1a: दील दो 💖|90/100 brn|[from] brn
|upkeep
|turn|20
|
|t:|1779876483
|switch|p2a: Excadrill|Excadrill, F|100/100
|-damage|p2a: Excadrill|97/100|[from] Stealth Rock
|-item|p2a: Excadrill|Air Balloon
|switch|p1a: लसलस|Goodra, F|100/100
|-damage|p1a: लसलस|88/100|[from] Stealth Rock
|
|upkeep
|turn|21
|
|t:|1779876487
|switch|p1a: दील दो 💖|Orthworm, F|90/100 brn
|-damage|p1a: दील दो 💖|84/100 brn|[from] Stealth Rock
|move|p2a: Excadrill|Rapid Spin|p1a: दील दो 💖
|-resisted|p1a: दील दो 💖
|-damage|p1a: दील दो 💖|78/100 brn
|-boost|p2a: Excadrill|spe|1
|-sideend|p2: hedon|Toxic Spikes|[from] move: Rapid Spin|[of] p2a: Excadrill
|-sideend|p2: hedon|Stealth Rock|[from] move: Rapid Spin|[of] p2a: Excadrill
|
|-heal|p1a: दील दो 💖|85/100 brn|[from] item: Leftovers
|-damage|p1a: दील दो 💖|78/100 brn|[from] brn
|upkeep
|turn|22
|
|t:|1779876498
|switch|p2a: Tyranitar|Tyranitar, M|76/100 psn
|-weather|Sandstorm|[from] ability: Sand Stream|[of] p2a: Tyranitar
|move|p1a: दील दो 💖|Body Press|p2a: Tyranitar
|-supereffective|p2a: Tyranitar
|-damage|p2a: Tyranitar|21/100 psn
|
|-weather|Sandstorm|[upkeep]
|-heal|p1a: दील दो 💖|85/100 brn|[from] item: Leftovers
|-damage|p2a: Tyranitar|9/100 psn|[from] psn
|-damage|p1a: दील दो 💖|78/100 brn|[from] brn
|upkeep
|turn|23
|
|t:|1779876506
|move|p2a: Tyranitar|Low Kick|p1a: दील दो 💖
|-supereffective|p1a: दील दो 💖
|-damage|p1a: दील दो 💖|37/100 brn
|move|p1a: दील दो 💖|Body Press|p2a: Tyranitar
|-supereffective|p2a: Tyranitar
|-damage|p2a: Tyranitar|0 fnt
|faint|p2a: Tyranitar
|
|-weather|Sandstorm|[upkeep]
|-heal|p1a: दील दो 💖|43/100 brn|[from] item: Leftovers
|-damage|p1a: दील दो 💖|37/100 brn|[from] brn
|upkeep
|
|t:|1779876512
|switch|p2a: Hydrapple|Hydrapple, M|98/100
|turn|24
|
|t:|1779876526
|switch|p1a: कादो राज|Muk-Alola, M|81/100
|-damage|p1a: कादो राज|68/100|[from] Stealth Rock
|move|p2a: Hydrapple|Nasty Plot|p2a: Hydrapple
|-boost|p2a: Hydrapple|spa|2
|
|-weather|Sandstorm|[upkeep]
|-damage|p1a: कादो राज|62/100|[from] Sandstorm
|-damage|p2a: Hydrapple|92/100|[from] Sandstorm
|-heal|p1a: कादो राज|68/100|[from] item: Black Sludge
|upkeep
|turn|25
|
|t:|1779876537
|switch|p2a: Excadrill|Excadrill, F|97/100
|-item|p2a: Excadrill|Air Balloon
|move|p1a: कादो राज|Haze|p1a: कादो राज
|-clearallboost
|
|-weather|Sandstorm|[upkeep]
|-damage|p1a: कादो राज|62/100|[from] Sandstorm
|-heal|p1a: कादो राज|68/100|[from] item: Black Sludge
|upkeep
|turn|26
|
|t:|1779876540
|switch|p1a: दील दो 💖|Orthworm, F|37/100 brn
|-damage|p1a: दील दो 💖|31/100 brn|[from] Stealth Rock
|move|p2a: Excadrill|Iron Head|p1a: दील दो 💖
|-resisted|p1a: दील दो 💖
|-damage|p1a: दील दो 💖|19/100 brn
|
|-weather|none
|-heal|p1a: दील दो 💖|25/100 brn|[from] item: Leftovers
|-damage|p1a: दील दो 💖|19/100 brn|[from] brn
|upkeep
|turn|27
|
|t:|1779876547
|switch|p2a: Hydrapple|Hydrapple, M|100/100
|move|p1a: दील दो 💖|Earthquake|p2a: Hydrapple
|-resisted|p2a: Hydrapple
|-damage|p2a: Hydrapple|98/100
|
|-heal|p1a: दील दो 💖|25/100 brn|[from] item: Leftovers
|-damage|p1a: दील दो 💖|19/100 brn|[from] brn
|upkeep
|turn|28
|
|t:|1779876567
|move|p1a: दील दो 💖|Stealth Rock|p2a: Hydrapple
|-sidestart|p2: hedon|move: Stealth Rock
|move|p2a: Hydrapple|Fickle Beam|p1a: दील दो 💖|[anim] Fickle Beam All Out
|-activate|p2a: Hydrapple|move: Fickle Beam
|-resisted|p1a: दील दो 💖
|-damage|p1a: दील दो 💖|0 fnt
|faint|p1a: दील दो 💖
|
|upkeep
|
|t:|1779876579
|switch|p1a: बिलाई मौसी|Espeon, F|72/100
|-damage|p1a: बिलाई मौसी|60/100|[from] Stealth Rock
|turn|29
|
|t:|1779876595
|switch|p2a: Houndstone|Houndstone, M|76/100 psn
|-damage|p2a: Houndstone|63/100 psn|[from] Stealth Rock
|move|p1a: बिलाई मौसी|Trick|p2a: Houndstone
|-activate|p1a: बिलाई मौसी|move: Trick|[of] p2a: Houndstone
|-item|p2a: Houndstone|Smooth Rock|[from] move: Trick
|-item|p1a: बिलाई मौसी|Custap Berry|[from] move: Trick
|
|-damage|p2a: Houndstone|51/100 psn|[from] psn
|upkeep
|turn|30
|
|t:|1779876616
|move|p1a: बिलाई मौसी|Shadow Ball|p2a: Houndstone
|-supereffective|p2a: Houndstone
|-damage|p2a: Houndstone|1/100 psn
|move|p2a: Houndstone|Destiny Bond|p2a: Houndstone
|-singlemove|p2a: Houndstone|Destiny Bond
|
|-damage|p2a: Houndstone|0 fnt|[from] psn
|faint|p2a: Houndstone
|upkeep
|
|t:|1779876624
|switch|p2a: Excadrill|Excadrill, F|97/100
|-damage|p2a: Excadrill|94/100|[from] Stealth Rock
|-item|p2a: Excadrill|Air Balloon
|turn|31
|
|t:|1779876631
|move|p2a: Excadrill|Rapid Spin|p1a: बिलाई मौसी
|-damage|p1a: बिलाई मौसी|31/100
|-boost|p2a: Excadrill|spe|1
|-sideend|p2: hedon|Stealth Rock|[from] move: Rapid Spin|[of] p2a: Excadrill
|move|p1a: बिलाई मौसी|Future Sight|p2a: Excadrill
|-start|p1a: बिलाई मौसी|move: Future Sight
|
|upkeep
|turn|32
|
|t:|1779876646
|move|p2a: Excadrill|Earthquake|p1a: बिलाई मौसी
|-damage|p1a: बिलाई मौसी|0 fnt
|faint|p1a: बिलाई मौसी
|
|upkeep
|
|t:|1779876650
|switch|p1a: कादो राज|Muk-Alola, M|68/100
|-damage|p1a: कादो राज|56/100|[from] Stealth Rock
|turn|33
|
|t:|1779876658
|switch|p2a: Hydrapple|Hydrapple, M|100/100
|-terastallize|p1a: कादो राज|Flying
|move|p1a: कादो राज|Knock Off|p2a: Hydrapple
|-damage|p2a: Hydrapple|82/100
|-damage|p1a: कादो राज|39/100|[from] item: Rocky Helmet|[of] p2a: Hydrapple
|-enditem|p2a: Hydrapple|Rocky Helmet|[from] move: Knock Off|[of] p1a: कादो राज
|
|-end|p2a: Hydrapple|move: Future Sight
|-damage|p2a: Hydrapple|26/100
|-damage|p1a: कादो राज|27/100|[from] item: Black Sludge
|upkeep
|turn|34
|inactive|hedon has 120 seconds left.
|
|t:|1779876689
|switch|p2a: Excadrill|Excadrill, F|94/100
|-item|p2a: Excadrill|Air Balloon
|move|p1a: कादो राज|Substitute|p1a: कादो राज
|-start|p1a: कादो राज|Substitute
|-damage|p1a: कादो राज|2/100
|
|-damage|p1a: कादो राज|0 fnt|[from] item: Black Sludge
|faint|p1a: कादो राज
|upkeep
|-message|baakrisht forfeited.
|
|win|hedon
|raw|baakrisht's rating: 1224 &rarr; <strong>1196</strong><br />(-28 for losing)
|raw|hedon's rating: 1178 &rarr; <strong>1206</strong><br />(+28 for winning)
|l|☆baakrisht
|player|p1|
|c|☆hedon|Hahah
|l|☆hedon
|player|p2|
