|j|☆Mr Beanny
|j|☆scarz1720
|t:|1779884993
|gametype|singles
|player|p1|Mr Beanny|lucas|1073
|player|p2|scarz1720|102|1125
|gen|9
|tier|[Gen 9] OU
|rated|
|rule|HP Percentage Mod: HP is shown in percentages
|rule|Endless Battle Clause: Forcing endless battles is banned
|rule|Species Clause: Limit one of each Pokémon
|rule|OHKO Clause: OHKO moves are banned
|rule|Evasion Items Clause: Evasion items are banned
|rule|Evasion Moves Clause: Evasion moves are banned
|rule|Evasion Abilities Clause: Evasion abilities are banned
|rule|Sleep Moves Clause: Sleep-inducing moves are banned
|clearpoke
|poke|p1|Bastiodon, M|
|poke|p1|Hatterene, F|
|poke|p1|Gliscor, M|
|poke|p1|Yanmega, F|
|poke|p1|Zarude-Dada|
|poke|p1|Blastoise, M|
|poke|p2|Glimmora, M|
|poke|p2|Gardevoir, M|
|poke|p2|Rotom-Wash|
|poke|p2|Gliscor, M|
|poke|p2|Dragonite, F|
|poke|p2|Kingambit, F|
|teampreview
|inactive|Battle timer is ON: inactive players will automatically lose when time's up. (requested by Mr Beanny)
|
|t:|1779885002
|teamsize|p1|6
|teamsize|p2|6
|start
|switch|p1a: Gliscor|Gliscor, M|100/100
|switch|p2a: Glimmora|Glimmora, M|100/100
|turn|1
|
|t:|1779885016
|move|p1a: Gliscor|Spikes|p2a: Glimmora
|-sidestart|p2: scarz1720|Spikes
|move|p2a: Glimmora|Stealth Rock|p1a: Gliscor
|-sidestart|p1: Mr Beanny|move: Stealth Rock
|
|-status|p1a: Gliscor|tox|[from] item: Toxic Orb
|upkeep
|turn|2
|
|t:|1779885023
|move|p1a: Gliscor|Earthquake|p2a: Glimmora
|-supereffective|p2a: Glimmora
|-damage|p2a: Glimmora|0 fnt
|-activate|p2a: Glimmora|ability: Toxic Debris
|-sidestart|p1: Mr Beanny|move: Toxic Spikes
|faint|p2a: Glimmora
|
|upkeep
|
|t:|1779885034
|switch|p2a: Dragonite|Dragonite, F|100/100
|turn|3
|
|t:|1779885046
|move|p1a: Gliscor|Knock Off|p2a: Dragonite
|-damage|p2a: Dragonite|86/100
|-enditem|p2a: Dragonite|Heavy-Duty Boots|[from] move: Knock Off|[of] p1a: Gliscor
|move|p2a: Dragonite|Dragon Dance|p2a: Dragonite
|-boost|p2a: Dragonite|atk|1
|-boost|p2a: Dragonite|spe|1
|
|upkeep
|turn|4
|
|t:|1779885053
|move|p2a: Dragonite|Dragon Claw|p1a: Gliscor
|-damage|p1a: Gliscor|41/100 tox
|move|p1a: Gliscor|Dual Wingbeat|p2a: Dragonite
|-damage|p2a: Dragonite|68/100
|-damage|p2a: Dragonite|53/100
|-hitcount|p2a: Dragonite|2
|
|-heal|p1a: Gliscor|53/100 tox|[from] ability: Poison Heal
|upkeep
|turn|5
|
|t:|1779885066
|move|p2a: Dragonite|Dragon Claw|p1a: Gliscor
|-damage|p1a: Gliscor|0 fnt
|faint|p1a: Gliscor
|
|upkeep
|
|t:|1779885071
|switch|p1a: Hatterene|Hatterene, F, shiny|100/100
|-damage|p1a: Hatterene|88/100|[from] Stealth Rock
|-status|p1a: Hatterene|psn
|turn|6
|
|t:|1779885085
|switch|p2a: Kingambit|Kingambit, F|100/100
|-damage|p2a: Kingambit|88/100|[from] Spikes
|-activate|p2a: Kingambit|ability: Supreme Overlord
|-start|p2a: Kingambit|fallen1|[silent]
|move|p1a: Hatterene|Trick Room|p1a: Hatterene
|-fieldstart|move: Trick Room|[of] p1a: Hatterene
|
|-damage|p1a: Hatterene|76/100 psn|[from] psn
|upkeep
|turn|7
|
|t:|1779885095
|move|p1a: Hatterene|Draining Kiss|p2a: Kingambit
|-damage|p2a: Kingambit|59/100
|-heal|p1a: Hatterene|100/100 psn|[from] drain|[of] p2a: Kingambit
|move|p2a: Kingambit|Iron Head|p1a: Hatterene
|-supereffective|p1a: Hatterene
|-damage|p1a: Hatterene|0 fnt
|faint|p1a: Hatterene
|
|upkeep
|
|t:|1779885106
|switch|p1a: Bastiodon|Bastiodon, M, shiny|100/100
|-damage|p1a: Bastiodon|94/100|[from] Stealth Rock
|turn|8
|
|t:|1779885112
|-end|p2a: Kingambit|fallen1|[silent]
|switch|p2a: Rotom|Rotom-Wash, shiny|100/100
|move|p1a: Bastiodon|Curse|p1a: Bastiodon
|-unboost|p1a: Bastiodon|spe|1
|-boost|p1a: Bastiodon|atk|1
|-boost|p1a: Bastiodon|def|1
|
|upkeep
|turn|9
|
|t:|1779885122
|move|p1a: Bastiodon|Body Press|p2a: Rotom
|-damage|p2a: Rotom|64/100
|move|p2a: Rotom|Hydro Pump|p1a: Bastiodon
|-supereffective|p1a: Bastiodon
|-damage|p1a: Bastiodon|30/100
|
|-heal|p2a: Rotom|71/100|[from] item: Leftovers
|upkeep
|turn|10
|
|t:|1779885129
|move|p1a: Bastiodon|Rock Blast|p2a: Rotom|[miss]
|-miss|p1a: Bastiodon|p2a: Rotom
|move|p2a: Rotom|Hydro Pump|p1a: Bastiodon
|-supereffective|p1a: Bastiodon
|-damage|p1a: Bastiodon|0 fnt
|faint|p1a: Bastiodon
|
|-heal|p2a: Rotom|77/100|[from] item: Leftovers
|-fieldend|move: Trick Room
|upkeep
|
|t:|1779885138
|switch|p1a: Blastoise|Blastoise, M|100/100
|turn|11
|
|t:|1779885144
|move|p2a: Rotom|Volt Switch|p1a: Blastoise
|-supereffective|p1a: Blastoise
|-damage|p1a: Blastoise|49/100
|
|t:|1779885148
|switch|p2a: Gliscor|Gliscor, M|100/100|[from] Volt Switch
|move|p1a: Blastoise|Rapid Spin|p2a: Gliscor
|-damage|p2a: Gliscor|94/100
|-boost|p1a: Blastoise|spe|1
|-sideend|p1: Mr Beanny|Toxic Spikes|[from] move: Rapid Spin|[of] p1a: Blastoise
|-sideend|p1: Mr Beanny|Stealth Rock|[from] move: Rapid Spin|[of] p1a: Blastoise
|
|-status|p2a: Gliscor|tox|[from] item: Toxic Orb
|upkeep
|turn|12
|
|t:|1779885158
|move|p1a: Blastoise|Hydro Pump|p2a: Gliscor
|-supereffective|p2a: Gliscor
|-damage|p2a: Gliscor|0 fnt
|faint|p2a: Gliscor
|
|upkeep
|
|t:|1779885164
|switch|p2a: Rotom|Rotom-Wash, shiny|77/100
|turn|13
|
|t:|1779885172
|-terastallize|p1a: Blastoise|Fire
|move|p1a: Blastoise|Shell Smash|p1a: Blastoise
|-unboost|p1a: Blastoise|def|1
|-unboost|p1a: Blastoise|spd|1
|-boost|p1a: Blastoise|atk|2
|-boost|p1a: Blastoise|spa|2
|-boost|p1a: Blastoise|spe|2
|move|p2a: Rotom|Volt Switch|p1a: Blastoise
|-damage|p1a: Blastoise|14/100
|
|t:|1779885185
|switch|p2a: Dragonite|Dragonite, F|53/100|[from] Volt Switch
|
|upkeep
|turn|14
|
|t:|1779885190
|move|p2a: Dragonite|Extreme Speed|p1a: Blastoise
|-damage|p1a: Blastoise|0 fnt
|faint|p1a: Blastoise
|
|upkeep
|
|t:|1779885194
|switch|p1a: Yanmega|Yanmega, F|100/100
|turn|15
|
|t:|1779885200
|move|p1a: Yanmega|Protect|p1a: Yanmega
|-singleturn|p1a: Yanmega|Protect
|move|p2a: Dragonite|Dragon Claw|p1a: Yanmega
|-activate|p1a: Yanmega|move: Protect
|
|-ability|p1a: Yanmega|Speed Boost|boost
|-boost|p1a: Yanmega|spe|1
|upkeep
|turn|16
|
|t:|1779885209
|move|p1a: Yanmega|Ancient Power|p2a: Dragonite
|-supereffective|p2a: Dragonite
|-crit|p2a: Dragonite
|-damage|p2a: Dragonite|0 fnt
|faint|p2a: Dragonite
|
|-ability|p1a: Yanmega|Speed Boost|boost
|-boost|p1a: Yanmega|spe|1
|upkeep
|
|t:|1779885216
|switch|p2a: Rotom|Rotom-Wash, shiny|77/100
|turn|17
|
|t:|1779885220
|move|p1a: Yanmega|Ancient Power|p2a: Rotom
|-damage|p2a: Rotom|54/100
|move|p2a: Rotom|Volt Switch|p1a: Yanmega
|-supereffective|p1a: Yanmega
|-crit|p1a: Yanmega
|-damage|p1a: Yanmega|0 fnt
|faint|p1a: Yanmega
|
|t:|1779885241
|switch|p2a: Gardevoir|Gardevoir, M, shiny|100/100|[from] Volt Switch
|
|upkeep
|
|t:|1779885244
|switch|p1a: Zarude|Zarude-Dada|100/100
|-ability|p2a: Gardevoir|Leaf Guard|Trace|[from] ability: Trace|[of] p1a: Zarude
|turn|18
|
|t:|1779885255
|move|p1a: Zarude|Trailblaze|p2a: Gardevoir
|-damage|p2a: Gardevoir|64/100
|-boost|p1a: Zarude|spe|1
|move|p2a: Gardevoir|Moonblast|p1a: Zarude
|-supereffective|p1a: Zarude
|-damage|p1a: Zarude|1/100
|
|upkeep
|turn|19
|
|t:|1779885264
|move|p1a: Zarude|Crunch|p2a: Gardevoir
|-damage|p2a: Gardevoir|7/100
|move|p2a: Gardevoir|Moonblast|p1a: Zarude
|-supereffective|p1a: Zarude
|-damage|p1a: Zarude|0 fnt
|faint|p1a: Zarude
|
|win|scarz1720
|raw|Mr Beanny's rating: 1073 &rarr; <strong>1055</strong><br />(-18 for losing)
|raw|scarz1720's rating: 1125 &rarr; <strong>1146</strong><br />(+21 for winning)
|l|☆Mr Beanny
|player|p1|
|l|☆scarz1720
|player|p2|
