|j|☆MimosaMan
|j|☆habixia
|t:|1779863663
|gametype|singles
|player|p1|MimosaMan|169|1340
|player|p2|habixia|102|1498
|gen|9
|tier|[Gen 9] OU
|rated|
|rule|HP Percentage Mod: HP is shown in percentages
|rule|Endless Battle Clause: Forcing endless battles is banned
|rule|Species Clause: Limit one of each Pokémon
|rule|OHKO Clause: OHKO moves are banned
|rule|Evasion Items Clause: Evasion items are banned
|rule|Evasion Moves Clause: Evasion moves are banned
|rule|Evasion Abilities Clause: Evasion abilities are banned
|rule|Sleep Moves Clause: Sleep-inducing moves are banned
|clearpoke
|poke|p1|Great Tusk|
|poke|p1|Ceruledge, F|
|poke|p1|Hatterene, F|
|poke|p1|Raging Bolt|
|poke|p1|Walking Wake|
|poke|p1|Torkoal, F|
|poke|p2|Pelipper, F|
|poke|p2|Ogerpon-Wellspring, F|
|poke|p2|Barraskewda, F|
|poke|p2|Revavroom, F|
|poke|p2|Iron Treads|
|poke|p2|Zapdos|
|teampreview
|inactive|Battle timer is ON: inactive players will automatically lose when time's up. (requested by MimosaMan)
|
|t:|1779863672
|teamsize|p1|6
|teamsize|p2|6
|start
|switch|p1a: Torkoal|Torkoal, F|100/100
|switch|p2a: Barraskewda|Barraskewda, F|100/100
|-weather|SunnyDay|[from] ability: Drought|[of] p1a: Torkoal
|turn|1
|
|t:|1779863680
|move|p2a: Barraskewda|Flip Turn|p1a: Torkoal
|-supereffective|p1a: Torkoal
|-damage|p1a: Torkoal|78/100
|
|t:|1779863683
|switch|p2a: Pelipper|Pelipper, F|100/100|[from] Flip Turn
|-weather|RainDance|[from] ability: Drizzle|[of] p2a: Pelipper
|move|p1a: Torkoal|Stealth Rock|p2a: Pelipper
|-sidestart|p2: habixia|move: Stealth Rock
|
|-weather|RainDance|[upkeep]
|upkeep
|turn|2
|
|t:|1779863691
|switch|p1a: Walking Wake|Walking Wake|100/100
|move|p2a: Pelipper|U-turn|p1a: Walking Wake
|-damage|p1a: Walking Wake|91/100
|
|t:|1779863697
|switch|p2a: Ogerpon|Ogerpon-Wellspring, F|100/100|[from] U-turn
|-damage|p2a: Ogerpon|88/100|[from] Stealth Rock
|
|-weather|RainDance|[upkeep]
|upkeep
|turn|3
|
|t:|1779863710
|move|p2a: Ogerpon|Substitute|p2a: Ogerpon
|-start|p2a: Ogerpon|Substitute
|-damage|p2a: Ogerpon|63/100
|move|p1a: Walking Wake|Draco Meteor|p2a: Ogerpon
|-end|p2a: Ogerpon|Substitute
|-unboost|p1a: Walking Wake|spa|2
|
|-weather|RainDance|[upkeep]
|upkeep
|turn|4
|
|t:|1779863718
|move|p2a: Ogerpon|Substitute|p2a: Ogerpon
|-start|p2a: Ogerpon|Substitute
|-damage|p2a: Ogerpon|38/100
|move|p1a: Walking Wake|Draco Meteor|p2a: Ogerpon
|-end|p2a: Ogerpon|Substitute
|-unboost|p1a: Walking Wake|spa|2
|
|-weather|RainDance|[upkeep]
|upkeep
|turn|5
|
|t:|1779863733
|-end|p1a: Walking Wake|Protosynthesis|[silent]
|switch|p1a: Ceruledge|Ceruledge, F|100/100
|move|p2a: Ogerpon|Substitute|p2a: Ogerpon
|-start|p2a: Ogerpon|Substitute
|-damage|p2a: Ogerpon|13/100
|
|-weather|RainDance|[upkeep]
|upkeep
|turn|6
|
|t:|1779863742
|move|p2a: Ogerpon|Ivy Cudgel|p1a: Ceruledge|[anim] Ivy Cudgel Water
|-supereffective|p1a: Ceruledge
|-enditem|p1a: Ceruledge|Focus Sash
|-damage|p1a: Ceruledge|1/100
|-ability|p1a: Ceruledge|Weak Armor|boost
|-unboost|p1a: Ceruledge|def|1
|-boost|p1a: Ceruledge|spe|2
|move|p1a: Ceruledge|Bitter Blade|p2a: Ogerpon
|-end|p2a: Ogerpon|Substitute
|-heal|p1a: Ceruledge|14/100|[from] drain|[of] p2a: Ogerpon
|
|-weather|RainDance|[upkeep]
|upkeep
|turn|7
|
|t:|1779863757
|switch|p2a: Zapdos|Zapdos|100/100
|move|p1a: Ceruledge|Bitter Blade|p2a: Zapdos
|-damage|p2a: Zapdos|75/100
|-heal|p1a: Ceruledge|28/100|[from] drain|[of] p2a: Zapdos
|-status|p1a: Ceruledge|par|[from] ability: Static|[of] p2a: Zapdos
|
|-weather|RainDance|[upkeep]
|upkeep
|turn|8
|
|t:|1779863771
|move|p2a: Zapdos|Hurricane|p1a: Ceruledge
|-damage|p1a: Ceruledge|0 fnt
|faint|p1a: Ceruledge
|
|-weather|none
|upkeep
|
|t:|1779863778
|switch|p1a: Torkoal|Torkoal, F|78/100
|-weather|SunnyDay|[from] ability: Drought|[of] p1a: Torkoal
|turn|9
|
|t:|1779863784
|switch|p1a: Walking Wake|Walking Wake|91/100
|-activate|p1a: Walking Wake|ability: Protosynthesis
|-start|p1a: Walking Wake|protosynthesisspe
|move|p2a: Zapdos|Thunder|p1a: Walking Wake|[miss]
|-miss|p2a: Zapdos|p1a: Walking Wake
|
|-weather|SunnyDay|[upkeep]
|upkeep
|turn|10
|
|t:|1779863793
|move|p1a: Walking Wake|Dragon Pulse|p2a: Zapdos
|-damage|p2a: Zapdos|0 fnt
|faint|p2a: Zapdos
|
|-weather|SunnyDay|[upkeep]
|upkeep
|
|t:|1779863796
|switch|p2a: Iron Treads|Iron Treads|100/100
|-damage|p2a: Iron Treads|97/100|[from] Stealth Rock
|turn|11
|
|t:|1779863802
|-end|p1a: Walking Wake|Protosynthesis|[silent]
|switch|p1a: Great Tusk|Great Tusk|100/100
|-activate|p1a: Great Tusk|ability: Protosynthesis
|-start|p1a: Great Tusk|protosynthesisspe
|move|p2a: Iron Treads|Rapid Spin|p1a: Great Tusk
|-damage|p1a: Great Tusk|91/100
|-boost|p2a: Iron Treads|spe|1
|-sideend|p2: habixia|Stealth Rock|[from] move: Rapid Spin|[of] p2a: Iron Treads
|
|-weather|SunnyDay|[upkeep]
|-heal|p1a: Great Tusk|97/100|[from] item: Leftovers
|-heal|p2a: Iron Treads|100/100|[from] item: Leftovers
|upkeep
|turn|12
|
|t:|1779863812
|-end|p2a: Iron Treads|Quark Drive|[silent]
|switch|p2a: Pelipper|Pelipper, F|100/100
|-weather|RainDance|[from] ability: Drizzle|[of] p2a: Pelipper
|-end|p1a: Great Tusk|Protosynthesis
|move|p1a: Great Tusk|Bulk Up|p1a: Great Tusk
|-boost|p1a: Great Tusk|atk|1
|-boost|p1a: Great Tusk|def|1
|
|-weather|RainDance|[upkeep]
|-heal|p1a: Great Tusk|100/100|[from] item: Leftovers
|upkeep
|turn|13
|
|t:|1779863823
|-end|p1a: Great Tusk|Protosynthesis|[silent]
|switch|p1a: Hatterene|Hatterene, F|100/100
|move|p2a: Pelipper|U-turn|p1a: Hatterene
|-damage|p1a: Hatterene|92/100
|-enditem|p1a: Hatterene|Eject Button
|
|t:|1779863834
|switch|p1a: Walking Wake|Walking Wake|91/100
|
|-weather|RainDance|[upkeep]
|upkeep
|turn|14
|
|t:|1779863842
|switch|p2a: Iron Treads|Iron Treads|100/100
|move|p1a: Walking Wake|Dragon Pulse|p2a: Iron Treads
|-resisted|p2a: Iron Treads
|-damage|p2a: Iron Treads|72/100
|
|-weather|RainDance|[upkeep]
|-heal|p2a: Iron Treads|78/100|[from] item: Leftovers
|upkeep
|turn|15
|
|t:|1779863852
|-end|p1a: Walking Wake|Protosynthesis|[silent]
|switch|p1a: Hatterene|Hatterene, F|92/100
|move|p2a: Iron Treads|Earthquake|p1a: Hatterene
|-damage|p1a: Hatterene|56/100
|
|-weather|RainDance|[upkeep]
|-heal|p2a: Iron Treads|85/100|[from] item: Leftovers
|upkeep
|turn|16
|
|t:|1779863865
|move|p2a: Iron Treads|Earthquake|p1a: Hatterene
|-damage|p1a: Hatterene|18/100
|move|p1a: Hatterene|Nuzzle|p2a: Iron Treads
|-immune|p2a: Iron Treads
|
|-weather|RainDance|[upkeep]
|-heal|p2a: Iron Treads|91/100|[from] item: Leftovers
|upkeep
|turn|17
|
|t:|1779863872
|move|p2a: Iron Treads|Earthquake|p1a: Hatterene
|-damage|p1a: Hatterene|0 fnt
|faint|p1a: Hatterene
|
|-weather|RainDance|[upkeep]
|-heal|p2a: Iron Treads|97/100|[from] item: Leftovers
|upkeep
|
|t:|1779863880
|switch|p1a: Walking Wake|Walking Wake|91/100
|turn|18
|
|t:|1779863886
|move|p1a: Walking Wake|Hydro Steam|p2a: Iron Treads
|-supereffective|p2a: Iron Treads
|-damage|p2a: Iron Treads|0 fnt
|faint|p2a: Iron Treads
|-end|p2a: Iron Treads|Quark Drive|[silent]
|
|-weather|RainDance|[upkeep]
|upkeep
|
|t:|1779863889
|switch|p2a: Ogerpon|Ogerpon-Wellspring, F|13/100
|turn|19
|
|t:|1779863901
|-end|p1a: Walking Wake|Protosynthesis|[silent]
|switch|p1a: Torkoal|Torkoal, F|78/100
|-weather|SunnyDay|[from] ability: Drought|[of] p1a: Torkoal
|move|p2a: Ogerpon|Power Whip|p1a: Torkoal
|-resisted|p1a: Torkoal
|-damage|p1a: Torkoal|56/100
|
|-weather|SunnyDay|[upkeep]
|upkeep
|turn|20
|
|t:|1779863914
|move|p2a: Ogerpon|Ivy Cudgel|p1a: Torkoal|[anim] Ivy Cudgel Water
|-supereffective|p1a: Torkoal
|-damage|p1a: Torkoal|23/100
|move|p1a: Torkoal|Lava Plume|p2a: Ogerpon
|-damage|p2a: Ogerpon|0 fnt
|faint|p2a: Ogerpon
|
|-weather|SunnyDay|[upkeep]
|upkeep
|
|t:|1779863919
|switch|p2a: Barraskewda|Barraskewda, F|100/100
|turn|21
|
|t:|1779863933
|switch|p1a: Raging Bolt|Raging Bolt|100/100
|-activate|p1a: Raging Bolt|ability: Protosynthesis
|-start|p1a: Raging Bolt|protosynthesisspa
|move|p2a: Barraskewda|Flip Turn|p1a: Raging Bolt
|-resisted|p1a: Raging Bolt
|-damage|p1a: Raging Bolt|92/100
|
|t:|1779863937
|switch|p2a: Pelipper|Pelipper, F|100/100|[from] Flip Turn
|-weather|RainDance|[from] ability: Drizzle|[of] p2a: Pelipper
|-end|p1a: Raging Bolt|Protosynthesis
|
|-weather|RainDance|[upkeep]
|-heal|p1a: Raging Bolt|98/100|[from] item: Leftovers
|upkeep
|turn|22
|
|t:|1779863947
|move|p1a: Raging Bolt|Volt Switch|p2a: Pelipper
|-supereffective|p2a: Pelipper
|-damage|p2a: Pelipper|0 fnt
|faint|p2a: Pelipper
|
|t:|1779863952
|-end|p1a: Raging Bolt|Protosynthesis|[silent]
|switch|p1a: Torkoal|Torkoal, F|23/100|[from] Volt Switch
|-weather|SunnyDay|[from] ability: Drought|[of] p1a: Torkoal
|
|-weather|SunnyDay|[upkeep]
|upkeep
|
|t:|1779863955
|switch|p2a: Barraskewda|Barraskewda, F|100/100
|turn|23
|
|t:|1779863960
|switch|p1a: Raging Bolt|Raging Bolt|98/100
|-activate|p1a: Raging Bolt|ability: Protosynthesis
|-start|p1a: Raging Bolt|protosynthesisspa
|move|p2a: Barraskewda|Close Combat|p1a: Raging Bolt
|-crit|p1a: Raging Bolt
|-damage|p1a: Raging Bolt|32/100
|-unboost|p2a: Barraskewda|def|1
|-unboost|p2a: Barraskewda|spd|1
|
|-weather|SunnyDay|[upkeep]
|-heal|p1a: Raging Bolt|39/100|[from] item: Leftovers
|upkeep
|turn|24
|
|t:|1779863971
|move|p2a: Barraskewda|Aqua Jet|p1a: Raging Bolt
|-resisted|p1a: Raging Bolt
|-damage|p1a: Raging Bolt|33/100
|move|p1a: Raging Bolt|Thunderclap||[still]
|-fail|p1a: Raging Bolt
|
|-weather|SunnyDay|[upkeep]
|-heal|p1a: Raging Bolt|39/100|[from] item: Leftovers
|upkeep
|turn|25
|
|t:|1779863980
|move|p2a: Barraskewda|Close Combat|p1a: Raging Bolt
|-damage|p1a: Raging Bolt|0 fnt
|-unboost|p2a: Barraskewda|def|1
|-unboost|p2a: Barraskewda|spd|1
|faint|p1a: Raging Bolt
|-end|p1a: Raging Bolt|Protosynthesis|[silent]
|
|-weather|SunnyDay|[upkeep]
|upkeep
|
|t:|1779863988
|switch|p1a: Walking Wake|Walking Wake|91/100
|-activate|p1a: Walking Wake|ability: Protosynthesis
|-start|p1a: Walking Wake|protosynthesisspe
|turn|26
|
|t:|1779863994
|-terastallize|p1a: Walking Wake|Water
|move|p1a: Walking Wake|Hydro Steam|p2a: Barraskewda
|-resisted|p2a: Barraskewda
|-damage|p2a: Barraskewda|0 fnt
|faint|p2a: Barraskewda
|
|-weather|SunnyDay|[upkeep]
|upkeep
|
|t:|1779863999
|switch|p2a: Revavroom|Revavroom, F|100/100
|-item|p2a: Revavroom|Air Balloon
|turn|27
|
|t:|1779864003
|move|p1a: Walking Wake|Hydro Steam|p2a: Revavroom
|-damage|p2a: Revavroom|0 fnt
|-enditem|p2a: Revavroom|Air Balloon
|faint|p2a: Revavroom
|
|win|MimosaMan
|raw|MimosaMan's rating: 1340 &rarr; <strong>1369</strong><br />(+29 for winning)
|raw|habixia's rating: 1498 &rarr; <strong>1469</strong><br />(-29 for losing)
|l|☆habixia
|player|p2|
|l|☆MimosaMan
|player|p1|
