|j|☆A05236
|j|☆Abyssal Bot
|t:|1779821763
|gametype|singles
|player|p1|A05236|265|
|player|p2|Abyssal Bot|supernerd|
|teamsize|p1|6
|teamsize|p2|6
|gen|9
|tier|[Gen 9] OU
|rule|Species Clause: Limit one of each Pokémon
|rule|OHKO Clause: OHKO moves are banned
|rule|Evasion Items Clause: Evasion items are banned
|rule|Evasion Moves Clause: Evasion moves are banned
|rule|Endless Battle Clause: Forcing endless battles is banned
|rule|HP Percentage Mod: HP is shown in percentages
|rule|Sleep Moves Clause: Sleep-inducing moves are banned
|clearpoke
|poke|p1|Espeon, F|
|poke|p1|Azumarill, M|
|poke|p1|Altaria, F|
|poke|p1|Minun, M|
|poke|p1|Hitmonlee, M|
|poke|p1|Mew|
|poke|p2|Gliscor, F|
|poke|p2|Alomomola, M|
|poke|p2|Gholdengo|
|poke|p2|Hoopa-Unbound|
|poke|p2|Cinderace, F|
|poke|p2|Zamazenta-*|
|teampreview
|c|☆Abyssal Bot|**WARNING**: Expect much hax.
|inactive|Battle timer is ON: inactive players will automatically lose when time's up. (requested by Abyssal Bot)
|j|*Turbo Bottttt
|
|t:|1779821771
|start
|switch|p1a: Espeon|Espeon, F|100/100
|switch|p2a: Gliscor|Gliscor, F|100/100
|turn|1
|
|t:|1779821774
|switch|p2a: Hoopa|Hoopa-Unbound|100/100
|move|p1a: Espeon|Reflect|p1a: Espeon
|-sidestart|p1: A05236|Reflect
|
|upkeep
|turn|2
|
|t:|1779821777
|move|p1a: Espeon|Light Screen|p1a: Espeon
|-sidestart|p1: A05236|move: Light Screen
|move|p2a: Hoopa|Knock Off|p1a: Espeon
|-supereffective|p1a: Espeon
|-damage|p1a: Espeon|21/100
|-enditem|p1a: Espeon|Light Clay|[from] move: Knock Off|[of] p2a: Hoopa
|
|upkeep
|turn|3
|
|t:|1779821779
|move|p1a: Espeon|Thunder Wave|p2a: Hoopa
|-status|p2a: Hoopa|par
|cant|p2a: Hoopa|par
|
|upkeep
|turn|4
|
|t:|1779821782
|move|p1a: Espeon|Psychic Noise|p2a: Hoopa
|-immune|p2a: Hoopa
|move|p2a: Hoopa|Knock Off|p1a: Espeon
|-supereffective|p1a: Espeon
|-damage|p1a: Espeon|0
|faint|p1a: Espeon
|
|upkeep
|
|t:|1779821786
|switch|p1a: Azumarill|Azumarill, M|100/100
|turn|5
|
|t:|1779821788
|switch|p2a: Gholdengo|Gholdengo|100/100
|move|p1a: Azumarill|Knock Off|p2a: Gholdengo
|-supereffective|p2a: Gholdengo
|-damage|p2a: Gholdengo|15/100
|-enditem|p2a: Gholdengo|Choice Scarf|[from] move: Knock Off|[of] p1a: Azumarill
|
|upkeep
|turn|6
|
|t:|1779821790
|move|p1a: Azumarill|Aqua Jet|p2a: Gholdengo
|-damage|p2a: Gholdengo|0
|faint|p2a: Gholdengo
|
|upkeep
|
|t:|1779821790
|switch|p2a: Alomomola|Alomomola, M|100/100
|turn|7
|
|t:|1779821792
|move|p1a: Azumarill|Knock Off|p2a: Alomomola
|-damage|p2a: Alomomola|77/100
|-enditem|p2a: Alomomola|Red Card|[from] move: Knock Off|[of] p1a: Azumarill
|move|p2a: Alomomola|Wish|p2a: Alomomola
|
|upkeep
|turn|8
|
|t:|1779821794
|move|p1a: Azumarill|Play Rough|p2a: Alomomola
|-damage|p2a: Alomomola|46/100
|move|p2a: Alomomola|Flip Turn|p1a: Azumarill
|-resisted|p1a: Azumarill
|-damage|p1a: Azumarill|97/100
|
|t:|1779821794
|switch|p2a: Cinderace|Cinderace, F|100/100|[from] Flip Turn
|
|-sideend|p1: A05236|Reflect
|upkeep
|turn|9
|
|t:|1779821802
|switch|p2a: Alomomola|Alomomola, M|79/100
|move|p1a: Azumarill|Aqua Jet|p2a: Alomomola
|-resisted|p2a: Alomomola
|-damage|p2a: Alomomola|73/100
|
|-sideend|p1: A05236|move: Light Screen
|upkeep
|turn|10
|
|t:|1779821805
|move|p1a: Azumarill|Play Rough|p2a: Alomomola|[miss]
|-miss|p1a: Azumarill|p2a: Alomomola
|move|p2a: Alomomola|Acrobatics|p1a: Azumarill
|-damage|p1a: Azumarill|77/100
|
|upkeep
|turn|11
|c|☆Abyssal Bot|I had warned you about hax!! HAHAHA
|
|t:|1779821807
|move|p1a: Azumarill|Play Rough|p2a: Alomomola
|-damage|p2a: Alomomola|43/100
|move|p2a: Alomomola|Acrobatics|p1a: Azumarill
|-damage|p1a: Azumarill|58/100
|
|upkeep
|turn|12
|
|t:|1779821810
|move|p2a: Alomomola|Protect|p2a: Alomomola
|-singleturn|p2a: Alomomola|Protect
|move|p1a: Azumarill|Play Rough|p2a: Alomomola
|-activate|p2a: Alomomola|move: Protect
|
|upkeep
|turn|13
|
|t:|1779821814
|move|p1a: Azumarill|Play Rough|p2a: Alomomola
|-damage|p2a: Alomomola|11/100
|move|p2a: Alomomola|Wish|p2a: Alomomola
|
|upkeep
|turn|14
|
|t:|1779821818
|move|p2a: Alomomola|Protect|p2a: Alomomola
|-singleturn|p2a: Alomomola|Protect
|move|p1a: Azumarill|Play Rough|p2a: Alomomola
|-activate|p2a: Alomomola|move: Protect
|
|-heal|p2a: Alomomola|61/100|[from] move: Wish|[wisher] Alomomola
|upkeep
|turn|15
|
|t:|1779821820
|move|p1a: Azumarill|Play Rough|p2a: Alomomola
|-damage|p2a: Alomomola|29/100
|move|p2a: Alomomola|Flip Turn|p1a: Azumarill
|-resisted|p1a: Azumarill
|-damage|p1a: Azumarill|50/100
|
|t:|1779821820
|switch|p2a: Cinderace|Cinderace, F|100/100|[from] Flip Turn
|
|upkeep
|turn|16
|
|t:|1779821823
|switch|p2a: Alomomola|Alomomola, M|62/100
|move|p1a: Azumarill|Aqua Jet|p2a: Alomomola
|-resisted|p2a: Alomomola
|-damage|p2a: Alomomola|56/100
|
|upkeep
|turn|17
|
|t:|1779821825
|move|p1a: Azumarill|Play Rough|p2a: Alomomola
|-damage|p2a: Alomomola|28/100
|move|p2a: Alomomola|Acrobatics|p1a: Azumarill
|-damage|p1a: Azumarill|29/100
|
|upkeep
|turn|18
|
|t:|1779821829
|move|p1a: Azumarill|Play Rough|p2a: Alomomola
|-crit|p2a: Alomomola
|-damage|p2a: Alomomola|0
|faint|p2a: Alomomola
|
|upkeep
|c|☆Abyssal Bot|Oh crap, that crit...
|
|t:|1779821829
|switch|p2a: Cinderace|Cinderace, F|100/100
|turn|19
|
|t:|1779821831
|move|p1a: Azumarill|Aqua Jet|p2a: Cinderace
|-supereffective|p2a: Cinderace
|-damage|p2a: Cinderace|24/100
|move|p2a: Cinderace|Pyro Ball|p1a: Azumarill
|-resisted|p1a: Azumarill
|-damage|p1a: Azumarill|1/100
|
|upkeep
|turn|20
|
|t:|1779821838
|move|p1a: Azumarill|Aqua Jet|p2a: Cinderace
|-supereffective|p2a: Cinderace
|-damage|p2a: Cinderace|0
|faint|p2a: Cinderace
|
|upkeep
|
|t:|1779821838
|switch|p2a: Hoopa|Hoopa-Unbound|100/100 par
|turn|21
|
|t:|1779821843
|move|p1a: Azumarill|Play Rough|p2a: Hoopa
|-supereffective|p2a: Hoopa
|-damage|p2a: Hoopa|0 par
|faint|p2a: Hoopa
|
|upkeep
|
|t:|1779821843
|switch|p2a: Gliscor|Gliscor, F|100/100
|turn|22
|
|t:|1779821846
|move|p1a: Azumarill|Aqua Jet|p2a: Gliscor
|-supereffective|p2a: Gliscor
|-damage|p2a: Gliscor|58/100
|move|p2a: Gliscor|Facade|p1a: Azumarill
|-damage|p1a: Azumarill|0
|faint|p1a: Azumarill
|
|-status|p2a: Gliscor|tox|[from] item: Toxic Orb
|upkeep
|
|t:|1779821850
|switch|p1a: Altaria|Altaria, F|100/100
|turn|23
|
|t:|1779821852
|move|p2a: Gliscor|Facade|p1a: Altaria
|-damage|p1a: Altaria|65/100
|move|p1a: Altaria|Ice Beam|p2a: Gliscor
|-supereffective|p2a: Gliscor
|-damage|p2a: Gliscor|0 tox
|faint|p2a: Gliscor
|
|upkeep
|
|t:|1779821852
|switch|p2a: Zamazenta|Zamazenta|100/100
|-ability|p2a: Zamazenta|Dauntless Shield|boost
|-boost|p2a: Zamazenta|def|1
|turn|24
|
|t:|1779821857
|switch|p1a: Mew|Mew|100/100
|move|p2a: Zamazenta|Iron Defense|p2a: Zamazenta
|-boost|p2a: Zamazenta|def|2
|
|upkeep
|turn|25
|
|t:|1779821860
|move|p2a: Zamazenta|Crunch|p1a: Mew
|-supereffective|p1a: Mew
|-damage|p1a: Mew|74/100
|move|p1a: Mew|Calm Mind|p1a: Mew
|-boost|p1a: Mew|spa|1
|-boost|p1a: Mew|spd|1
|
|upkeep
|turn|26
|
|t:|1779821864
|move|p1a: Mew|Psychic Noise|p2a: Zamazenta
|-supereffective|p2a: Zamazenta
|-damage|p2a: Zamazenta|32/100
|-start|p2a: Zamazenta|move: Heal Block
|move|p2a: Zamazenta|Roar|p1a: Mew
|drag|p1a: Altaria|Altaria, F|65/100
|
|upkeep
|turn|27
|
|t:|1779821868
|move|p2a: Zamazenta|Crunch|p1a: Altaria
|-damage|p1a: Altaria|41/100
|move|p1a: Altaria|Moonblast|p2a: Zamazenta
|-supereffective|p2a: Zamazenta
|-damage|p2a: Zamazenta|0
|faint|p2a: Zamazenta
|
|win|A05236
|c|☆Abyssal Bot|Well Played.
|l|☆Abyssal Bot
|player|p2|
|l|*Turbo Bottttt
