|j|‽MobBoss727262
|j|☆Iceeree
|t:|1779933579
|gametype|singles
|player|p1|MobBoss727262|veteran|1075
|player|p2|Iceeree|102|1085
|gen|9
|tier|[Gen 9] OU
|rated|
|rule|HP Percentage Mod: HP is shown in percentages
|rule|Endless Battle Clause: Forcing endless battles is banned
|rule|Species Clause: Limit one of each Pokémon
|rule|OHKO Clause: OHKO moves are banned
|rule|Evasion Items Clause: Evasion items are banned
|rule|Evasion Moves Clause: Evasion moves are banned
|rule|Evasion Abilities Clause: Evasion abilities are banned
|rule|Sleep Moves Clause: Sleep-inducing moves are banned
|clearpoke
|poke|p1|Persian-Alola, F|
|poke|p1|Rhyperior, M|
|poke|p1|Articuno-Galar|
|poke|p1|Zapdos-Galar|
|poke|p1|Moltres-Galar|
|poke|p1|Mew|
|poke|p2|Great Tusk|
|poke|p2|Corviknight, M|
|poke|p2|Gholdengo|
|poke|p2|Ogerpon-Wellspring, F|
|poke|p2|Slowking-Galar, F|
|poke|p2|Landorus-Therian, M|
|teampreview
|inactive|Battle timer is ON: inactive players will automatically lose when time's up. (requested by MobBoss727262)
|
|t:|1779933581
|teamsize|p1|6
|teamsize|p2|6
|start
|switch|p1a: Persian|Persian-Alola, F, shiny|100/100
|switch|p2a: Landorus|Landorus-Therian, M|100/100
|-ability|p2a: Landorus|Intimidate|boost
|-unboost|p1a: Persian|atk|1
|turn|1
|
|t:|1779933588
|move|p1a: Persian|Chilling Water|p2a: Landorus
|-supereffective|p2a: Landorus
|-damage|p2a: Landorus|79/100
|-unboost|p2a: Landorus|atk|1
|move|p2a: Landorus|Stealth Rock|p1a: Persian
|-sidestart|p1: MobBoss727262|move: Stealth Rock
|
|-heal|p2a: Landorus|85/100|[from] item: Leftovers
|upkeep
|turn|2
|
|t:|1779933601
|move|p1a: Persian|Chilling Water|p2a: Landorus
|-supereffective|p2a: Landorus
|-damage|p2a: Landorus|63/100
|-unboost|p2a: Landorus|atk|1
|move|p2a: Landorus|U-turn|p1a: Persian
|-supereffective|p1a: Persian
|-damage|p1a: Persian|82/100
|
|t:|1779933612
|switch|p2a: Ogerpon|Ogerpon-Wellspring, F|100/100|[from] U-turn
|
|upkeep
|turn|3
|
|t:|1779933621
|move|p1a: Persian|Thunder|p2a: Ogerpon
|-damage|p2a: Ogerpon|67/100
|move|p2a: Ogerpon|Swords Dance|p2a: Ogerpon
|-boost|p2a: Ogerpon|atk|2
|
|upkeep
|turn|4
|
|t:|1779933627
|move|p1a: Persian|Thunder|p2a: Ogerpon
|-damage|p2a: Ogerpon|36/100
|move|p2a: Ogerpon|Swords Dance|p2a: Ogerpon
|-boost|p2a: Ogerpon|atk|2
|
|upkeep
|turn|5
|
|t:|1779933633
|move|p1a: Persian|Thunder|p2a: Ogerpon
|-damage|p2a: Ogerpon|3/100
|move|p2a: Ogerpon|Horn Leech|p1a: Persian
|-damage|p1a: Persian|0 fnt
|-heal|p2a: Ogerpon|40/100|[from] drain|[of] p1a: Persian
|faint|p1a: Persian
|
|upkeep
|
|t:|1779933642
|switch|p1a: Zapdos|Zapdos-Galar, shiny|100/100
|-damage|p1a: Zapdos|88/100|[from] Stealth Rock
|turn|6
|
|t:|1779933648
|move|p1a: Zapdos|Brave Bird|p2a: Ogerpon
|-supereffective|p2a: Ogerpon
|-crit|p2a: Ogerpon
|-damage|p2a: Ogerpon|0 fnt
|faint|p2a: Ogerpon
|-damage|p1a: Zapdos|76/100|[from] Recoil
|
|upkeep
|
|t:|1779933659
|switch|p2a: Landorus|Landorus-Therian, M|63/100
|-ability|p2a: Landorus|Intimidate|boost
|-unboost|p1a: Zapdos|atk|1
|-ability|p1a: Zapdos|Defiant|boost
|-boost|p1a: Zapdos|atk|2
|turn|7
|
|t:|1779933667
|move|p1a: Zapdos|Brave Bird|p2a: Landorus
|-damage|p2a: Landorus|0 fnt
|faint|p2a: Landorus
|-damage|p1a: Zapdos|51/100|[from] Recoil
|
|upkeep
|
|t:|1779933672
|switch|p2a: Great Tusk|Great Tusk|100/100
|-enditem|p2a: Great Tusk|Booster Energy
|-activate|p2a: Great Tusk|ability: Protosynthesis|[fromitem]
|-start|p2a: Great Tusk|protosynthesisatk
|turn|8
|
|t:|1779933680
|move|p1a: Zapdos|Brave Bird|p2a: Great Tusk
|-supereffective|p2a: Great Tusk
|-damage|p2a: Great Tusk|0 fnt
|faint|p2a: Great Tusk
|-end|p2a: Great Tusk|Protosynthesis|[silent]
|-damage|p1a: Zapdos|13/100|[from] Recoil
|
|upkeep
|
|t:|1779933686
|switch|p2a: Gholdengo|Gholdengo|100/100
|turn|9
|
|t:|1779933694
|switch|p1a: Moltres|Moltres-Galar, shiny|100/100
|-damage|p1a: Moltres|76/100|[from] Stealth Rock
|move|p2a: Gholdengo|Shadow Ball|p1a: Moltres
|-resisted|p1a: Moltres
|-damage|p1a: Moltres|49/100
|-ability|p1a: Moltres|Berserk|boost
|-boost|p1a: Moltres|spa|1
|-enditem|p1a: Moltres|Sitrus Berry|[eat]
|-heal|p1a: Moltres|74/100|[from] item: Sitrus Berry
|
|upkeep
|turn|10
|
|t:|1779933704
|move|p2a: Gholdengo|Shadow Ball|p1a: Moltres
|-resisted|p1a: Moltres
|-damage|p1a: Moltres|47/100
|-ability|p1a: Moltres|Berserk|boost
|-boost|p1a: Moltres|spa|1
|move|p1a: Moltres|Fiery Wrath|p2a: Gholdengo
|-supereffective|p2a: Gholdengo
|-damage|p2a: Gholdengo|0 fnt
|faint|p2a: Gholdengo
|
|upkeep
|
|t:|1779933713
|switch|p2a: Slowking|Slowking-Galar, F|100/100
|turn|11
|
|t:|1779933719
|move|p1a: Moltres|Fiery Wrath|p2a: Slowking
|-supereffective|p2a: Slowking
|-damage|p2a: Slowking|30/100
|move|p2a: Slowking|Sludge Bomb|p1a: Moltres
|-damage|p1a: Moltres|21/100
|
|upkeep
|turn|12
|-message|Iceeree forfeited.
|
|win|MobBoss727262
|raw|MobBoss727262's rating: 1075 &rarr; <strong>1105</strong><br />(+30 for winning)
|raw|Iceeree's rating: 1085 &rarr; <strong>1062</strong><br />(-23 for losing)
|l|☆Iceeree
|player|p2|
