|j|☆claudechamp
|j|☆Asian Thanos
|t:|1779826019
|gametype|singles
|player|p1|claudechamp|265|1269
|player|p2|Asian Thanos|swimmer|1257
|gen|9
|tier|[Gen 9] OU
|rated|
|rule|HP Percentage Mod: HP is shown in percentages
|rule|Endless Battle Clause: Forcing endless battles is banned
|rule|Species Clause: Limit one of each Pokémon
|rule|OHKO Clause: OHKO moves are banned
|rule|Evasion Items Clause: Evasion items are banned
|rule|Evasion Moves Clause: Evasion moves are banned
|rule|Evasion Abilities Clause: Evasion abilities are banned
|rule|Sleep Moves Clause: Sleep-inducing moves are banned
|clearpoke
|poke|p1|Corviknight, M|
|poke|p1|Ting-Lu|
|poke|p1|Kyurem|
|poke|p1|Dondozo, F|
|poke|p1|Slowking-Galar, M|
|poke|p1|Cinderace, F|
|poke|p2|Ribombee, M|
|poke|p2|Raging Bolt|
|poke|p2|Gholdengo|
|poke|p2|Great Tusk|
|poke|p2|Ceruledge, M|
|poke|p2|Ogerpon, F|
|teampreview
|inactive|Battle timer is ON: inactive players will automatically lose when time's up. (requested by Asian Thanos)
|c|☆claudechamp|hf
|inactive|claudechamp also wants the timer to be on.
|
|t:|1779826037
|teamsize|p1|6
|teamsize|p2|6
|start
|switch|p1a: Cinderace|Cinderace, F|100/100
|switch|p2a: Ribombee|Ribombee, M|100/100
|turn|1
|
|t:|1779826052
|move|p2a: Ribombee|Stun Spore|p1a: Cinderace|[miss]
|-miss|p2a: Ribombee|p1a: Cinderace
|move|p1a: Cinderace|Pyro Ball|p2a: Ribombee
|-supereffective|p2a: Ribombee
|-enditem|p2a: Ribombee|Focus Sash
|-damage|p2a: Ribombee|1/100
|
|upkeep
|turn|2
|
|t:|1779826064
|move|p2a: Ribombee|Stun Spore|p1a: Cinderace
|-status|p1a: Cinderace|par
|cant|p1a: Cinderace|par
|
|upkeep
|turn|3
|
|t:|1779826077
|move|p2a: Ribombee|Moonblast|p1a: Cinderace
|-resisted|p1a: Cinderace
|-damage|p1a: Cinderace|78/100 par
|move|p1a: Cinderace|Pyro Ball|p2a: Ribombee
|-supereffective|p2a: Ribombee
|-damage|p2a: Ribombee|0 fnt
|faint|p2a: Ribombee
|
|upkeep
|
|t:|1779826088
|switch|p2a: Raging Bolt|Raging Bolt|100/100
|-enditem|p2a: Raging Bolt|Booster Energy
|-activate|p2a: Raging Bolt|ability: Protosynthesis|[fromitem]
|-start|p2a: Raging Bolt|protosynthesisspa
|turn|4
|
|t:|1779826103
|switch|p1a: Ting-Lu|Ting-Lu|100/100
|-ability|p1a: Ting-Lu|Vessel of Ruin
|move|p2a: Raging Bolt|Dragon Pulse|p1a: Ting-Lu
|-damage|p1a: Ting-Lu|72/100
|
|-heal|p1a: Ting-Lu|78/100|[from] item: Leftovers
|upkeep
|turn|5
|
|t:|1779826114
|-end|p2a: Raging Bolt|Protosynthesis|[silent]
|switch|p2a: Ogerpon|Ogerpon, F|100/100
|move|p1a: Ting-Lu|Earthquake|p2a: Ogerpon
|-resisted|p2a: Ogerpon
|-damage|p2a: Ogerpon|78/100
|
|-heal|p1a: Ting-Lu|84/100|[from] item: Leftovers
|upkeep
|turn|6
|
|t:|1779826125
|move|p2a: Ogerpon|U-turn|p1a: Ting-Lu
|-supereffective|p1a: Ting-Lu
|-damage|p1a: Ting-Lu|41/100
|
|t:|1779826129
|switch|p2a: Gholdengo|Gholdengo|100/100|[from] U-turn
|-item|p2a: Gholdengo|Air Balloon
|move|p1a: Ting-Lu|Payback|p2a: Gholdengo
|-supereffective|p2a: Gholdengo
|-damage|p2a: Gholdengo|57/100
|-enditem|p2a: Gholdengo|Air Balloon
|
|-heal|p1a: Ting-Lu|47/100|[from] item: Leftovers
|upkeep
|turn|7
|
|t:|1779826141
|move|p2a: Gholdengo|Shadow Ball|p1a: Ting-Lu
|-resisted|p1a: Ting-Lu
|-damage|p1a: Ting-Lu|37/100
|-unboost|p1a: Ting-Lu|spd|1
|move|p1a: Ting-Lu|Earthquake|p2a: Gholdengo
|-supereffective|p2a: Gholdengo
|-damage|p2a: Gholdengo|0 fnt
|faint|p2a: Gholdengo
|
|-heal|p1a: Ting-Lu|43/100|[from] item: Leftovers
|upkeep
|
|t:|1779826152
|switch|p2a: Ogerpon|Ogerpon, F|78/100
|turn|8
|
|t:|1779826159
|move|p2a: Ogerpon|Ivy Cudgel|p1a: Ting-Lu
|-supereffective|p1a: Ting-Lu
|-damage|p1a: Ting-Lu|0 fnt
|faint|p1a: Ting-Lu
|
|upkeep
|
|t:|1779826161
|switch|p1a: Kyurem|Kyurem|100/100
|-ability|p1a: Kyurem|Pressure
|turn|9
|
|t:|1779826172
|switch|p2a: Great Tusk|Great Tusk|100/100
|-enditem|p2a: Great Tusk|Booster Energy
|-activate|p2a: Great Tusk|ability: Protosynthesis|[fromitem]
|-start|p2a: Great Tusk|protosynthesisatk
|move|p1a: Kyurem|Freeze-Dry|p2a: Great Tusk
|-supereffective|p2a: Great Tusk
|-damage|p2a: Great Tusk|0 fnt
|faint|p2a: Great Tusk
|-end|p2a: Great Tusk|Protosynthesis|[silent]
|
|upkeep
|
|t:|1779826181
|switch|p2a: Ceruledge|Ceruledge, M|100/100
|turn|10
|
|t:|1779826184
|move|p1a: Kyurem|Freeze-Dry|p2a: Ceruledge
|-resisted|p2a: Ceruledge
|-damage|p2a: Ceruledge|79/100
|move|p2a: Ceruledge|Swords Dance|p2a: Ceruledge
|-boost|p2a: Ceruledge|atk|2
|
|upkeep
|turn|11
|
|t:|1779826201
|-terastallize|p2a: Ceruledge|Fairy
|move|p1a: Kyurem|Freeze-Dry|p2a: Ceruledge
|-damage|p2a: Ceruledge|36/100
|move|p2a: Ceruledge|Bitter Blade|p1a: Kyurem
|-damage|p1a: Kyurem|8/100
|-heal|p2a: Ceruledge|99/100|[from] drain|[of] p1a: Kyurem
|
|-heal|p1a: Kyurem|15/100|[from] item: Leftovers
|upkeep
|turn|12
|
|t:|1779826211
|move|p2a: Ceruledge|Shadow Sneak|p1a: Kyurem
|-damage|p1a: Kyurem|0 fnt
|faint|p1a: Kyurem
|
|upkeep
|
|t:|1779826218
|switch|p1a: Slowking|Slowking-Galar, M|100/100
|turn|13
|
|t:|1779826228
|move|p2a: Ceruledge|Poltergeist|p1a: Slowking
|-activate|p1a: Slowking|move: Poltergeist|Shuca Berry
|-supereffective|p1a: Slowking
|-damage|p1a: Slowking|0 fnt
|faint|p1a: Slowking
|
|upkeep
|
|t:|1779826235
|switch|p1a: Dondozo|Dondozo, F|100/100
|turn|14
|
|t:|1779826240
|-terastallize|p1a: Dondozo|Dark
|move|p2a: Ceruledge|Poltergeist|p1a: Dondozo|[miss]
|-miss|p2a: Ceruledge|p1a: Dondozo
|move|p1a: Dondozo|Curse|p1a: Dondozo
|-unboost|p1a: Dondozo|spe|1
|-boost|p1a: Dondozo|atk|1
|-boost|p1a: Dondozo|def|1
|
|upkeep
|turn|15
|
|t:|1779826253
|move|p2a: Ceruledge|Swords Dance|p2a: Ceruledge
|-boost|p2a: Ceruledge|atk|2
|move|p1a: Dondozo|Waterfall|p2a: Ceruledge
|-damage|p2a: Ceruledge|44/100
|-ability|p2a: Ceruledge|Weak Armor|boost
|-unboost|p2a: Ceruledge|def|1
|-boost|p2a: Ceruledge|spe|2
|
|upkeep
|turn|16
|
|t:|1779826261
|move|p2a: Ceruledge|Bitter Blade|p1a: Dondozo
|-damage|p1a: Dondozo|80/100
|-heal|p2a: Ceruledge|62/100|[from] drain|[of] p1a: Dondozo
|move|p1a: Dondozo|Waterfall|p2a: Ceruledge
|-damage|p2a: Ceruledge|8/100
|-ability|p2a: Ceruledge|Weak Armor|boost
|-unboost|p2a: Ceruledge|def|1
|-boost|p2a: Ceruledge|spe|2
|
|-heal|p1a: Dondozo|86/100|[from] item: Leftovers
|upkeep
|turn|17
|
|t:|1779826273
|move|p2a: Ceruledge|Bitter Blade|p1a: Dondozo
|-damage|p1a: Dondozo|67/100
|-heal|p2a: Ceruledge|25/100|[from] drain|[of] p1a: Dondozo
|move|p1a: Dondozo|Body Press|p2a: Ceruledge
|-resisted|p2a: Ceruledge
|-damage|p2a: Ceruledge|3/100
|-ability|p2a: Ceruledge|Weak Armor|boost
|-unboost|p2a: Ceruledge|def|1
|-boost|p2a: Ceruledge|spe|2
|
|-heal|p1a: Dondozo|73/100|[from] item: Leftovers
|upkeep
|turn|18
|
|t:|1779826284
|move|p2a: Ceruledge|Bitter Blade|p1a: Dondozo
|-damage|p1a: Dondozo|54/100
|-heal|p2a: Ceruledge|20/100|[from] drain|[of] p1a: Dondozo
|move|p1a: Dondozo|Body Press|p2a: Ceruledge
|-resisted|p2a: Ceruledge
|-damage|p2a: Ceruledge|0 fnt
|faint|p2a: Ceruledge
|
|-heal|p1a: Dondozo|60/100|[from] item: Leftovers
|upkeep
|
|t:|1779826296
|switch|p2a: Ogerpon|Ogerpon, F|78/100
|turn|19
|
|t:|1779826305
|move|p2a: Ogerpon|Ivy Cudgel|p1a: Dondozo
|-damage|p1a: Dondozo|30/100
|move|p1a: Dondozo|Rest|p1a: Dondozo
|-status|p1a: Dondozo|slp|[from] move: Rest
|-heal|p1a: Dondozo|100/100 slp|[silent]
|
|upkeep
|turn|20
|
|t:|1779826312
|switch|p2a: Raging Bolt|Raging Bolt|100/100
|cant|p1a: Dondozo|slp
|
|upkeep
|turn|21
|
|t:|1779826320
|move|p2a: Raging Bolt|Calm Mind|p2a: Raging Bolt
|-boost|p2a: Raging Bolt|spa|1
|-boost|p2a: Raging Bolt|spd|1
|cant|p1a: Dondozo|slp
|
|upkeep
|turn|22
|
|t:|1779826332
|move|p2a: Raging Bolt|Calm Mind|p2a: Raging Bolt
|-boost|p2a: Raging Bolt|spa|1
|-boost|p2a: Raging Bolt|spd|1
|-curestatus|p1a: Dondozo|slp|[msg]
|move|p1a: Dondozo|Body Press|p2a: Raging Bolt
|-damage|p2a: Raging Bolt|71/100
|
|upkeep
|turn|23
|
|t:|1779826345
|move|p2a: Raging Bolt|Thunderbolt|p1a: Dondozo
|-damage|p1a: Dondozo|68/100
|-status|p1a: Dondozo|par
|move|p1a: Dondozo|Body Press|p2a: Raging Bolt
|-damage|p2a: Raging Bolt|40/100
|
|-heal|p1a: Dondozo|74/100 par|[from] item: Leftovers
|upkeep
|turn|24
|
|t:|1779826357
|move|p2a: Raging Bolt|Thunderbolt|p1a: Dondozo
|-damage|p1a: Dondozo|37/100 par
|move|p1a: Dondozo|Body Press|p2a: Raging Bolt
|-damage|p2a: Raging Bolt|9/100
|
|-heal|p1a: Dondozo|44/100 par|[from] item: Leftovers
|upkeep
|turn|25
|
|t:|1779826371
|move|p2a: Raging Bolt|Thunderbolt|p1a: Dondozo
|-damage|p1a: Dondozo|11/100 par
|move|p1a: Dondozo|Waterfall|p2a: Raging Bolt
|-resisted|p2a: Raging Bolt
|-damage|p2a: Raging Bolt|0 fnt
|faint|p2a: Raging Bolt
|-end|p2a: Raging Bolt|Protosynthesis|[silent]
|
|-heal|p1a: Dondozo|17/100 par|[from] item: Leftovers
|upkeep
|
|t:|1779826380
|switch|p2a: Ogerpon|Ogerpon, F|78/100
|turn|26
|
|t:|1779826393
|switch|p1a: Corviknight|Corviknight, M|100/100
|-ability|p1a: Corviknight|Pressure
|move|p2a: Ogerpon|Ivy Cudgel|p1a: Corviknight
|-resisted|p1a: Corviknight
|-damage|p1a: Corviknight|88/100
|
|upkeep
|turn|27
|
|t:|1779826402
|move|p2a: Ogerpon|Ivy Cudgel|p1a: Corviknight
|-resisted|p1a: Corviknight
|-damage|p1a: Corviknight|76/100
|move|p1a: Corviknight|Brave Bird|p2a: Ogerpon
|-supereffective|p2a: Ogerpon
|-damage|p2a: Ogerpon|0 fnt
|faint|p2a: Ogerpon
|-damage|p1a: Corviknight|57/100|[from] Recoil
|
|win|claudechamp
|raw|claudechamp's rating: 1243 &rarr; <strong>1269</strong><br />(+26 for winning)
|raw|Asian Thanos's rating: 1257 &rarr; <strong>1231</strong><br />(-26 for losing)
|c|☆claudechamp|gg
|l|☆Asian Thanos
|player|p2|
