|j|☆rocquet
|j|☆Underquill
|t:|1779893306
|gametype|singles
|player|p1|rocquet|youngster-gen4dp|1219
|player|p2|Underquill|170|1258
|gen|9
|tier|[Gen 9] OU
|rated|
|rule|HP Percentage Mod: HP is shown in percentages
|rule|Endless Battle Clause: Forcing endless battles is banned
|rule|Species Clause: Limit one of each Pokémon
|rule|OHKO Clause: OHKO moves are banned
|rule|Evasion Items Clause: Evasion items are banned
|rule|Evasion Moves Clause: Evasion moves are banned
|rule|Evasion Abilities Clause: Evasion abilities are banned
|rule|Sleep Moves Clause: Sleep-inducing moves are banned
|clearpoke
|poke|p1|Samurott-Hisui, M|
|poke|p1|Gholdengo|
|poke|p1|Deoxys-Speed|
|poke|p1|Corviknight, M|
|poke|p1|Blaziken, M|
|poke|p1|Ogerpon, F|
|poke|p2|Drednaw, F|
|poke|p2|Tyranitar, F|
|poke|p2|Torterra, F|
|poke|p2|Excadrill, M|
|poke|p2|Alomomola, M|
|poke|p2|Corviknight, M|
|teampreview
|inactive|Battle timer is ON: inactive players will automatically lose when time's up. (requested by Underquill)
|
|t:|1779893313
|teamsize|p1|6
|teamsize|p2|6
|start
|switch|p1a: Samurott|Samurott-Hisui, M|100/100
|switch|p2a: Tyranitar|Tyranitar, F|100/100
|-weather|Sandstorm|[from] ability: Sand Stream|[of] p2a: Tyranitar
|turn|1
|
|t:|1779893322
|switch|p2a: Alomomola|Alomomola, M|100/100
|move|p1a: Samurott|Razor Shell|p2a: Alomomola
|-resisted|p2a: Alomomola
|-damage|p2a: Alomomola|86/100
|-damage|p1a: Samurott|84/100|[from] item: Rocky Helmet|[of] p2a: Alomomola
|
|-weather|Sandstorm|[upkeep]
|-damage|p1a: Samurott|78/100|[from] Sandstorm
|-damage|p2a: Alomomola|80/100|[from] Sandstorm
|upkeep
|turn|2
|
|t:|1779893333
|move|p1a: Samurott|Knock Off|p2a: Alomomola
|-damage|p2a: Alomomola|55/100
|-damage|p1a: Samurott|61/100|[from] item: Rocky Helmet|[of] p2a: Alomomola
|-enditem|p2a: Alomomola|Rocky Helmet|[from] move: Knock Off|[of] p1a: Samurott
|move|p2a: Alomomola|Flip Turn|p1a: Samurott
|-resisted|p1a: Samurott
|-crit|p1a: Samurott
|-damage|p1a: Samurott|48/100
|
|t:|1779893347
|switch|p2a: Corviknight|Corviknight, M|100/100|[from] Flip Turn
|-ability|p2a: Corviknight|Pressure
|
|-weather|Sandstorm|[upkeep]
|-damage|p1a: Samurott|42/100|[from] Sandstorm
|upkeep
|turn|3
|
|t:|1779893354
|move|p1a: Samurott|Ceaseless Edge|p2a: Corviknight
|-damage|p2a: Corviknight|72/100
|-damage|p1a: Samurott|25/100|[from] item: Rocky Helmet|[of] p2a: Corviknight
|-sidestart|p2: Underquill|Spikes
|move|p2a: Corviknight|Body Press|p1a: Samurott
|-supereffective|p1a: Samurott
|-damage|p1a: Samurott|0 fnt
|faint|p1a: Samurott
|
|-weather|Sandstorm|[upkeep]
|upkeep
|
|t:|1779893381
|switch|p1a: Blaziken|Blaziken, M|100/100
|turn|4
|
|t:|1779893389
|switch|p2a: Alomomola|Alomomola, M|89/100
|-damage|p2a: Alomomola|76/100|[from] Spikes
|move|p1a: Blaziken|Protect||[still]
|-fail|p1a: Blaziken
|
|-weather|Sandstorm|[upkeep]
|-damage|p1a: Blaziken|95/100|[from] Sandstorm
|-damage|p2a: Alomomola|70/100|[from] Sandstorm
|-heal|p1a: Blaziken|100/100|[from] item: Leftovers
|-ability|p1a: Blaziken|Speed Boost|boost
|-boost|p1a: Blaziken|spe|1
|upkeep
|turn|5
|
|t:|1779893401
|move|p1a: Blaziken|Protect|p1a: Blaziken
|-singleturn|p1a: Blaziken|Protect
|move|p2a: Alomomola|Tickle|p1a: Blaziken
|-activate|p1a: Blaziken|move: Protect
|
|-weather|Sandstorm|[upkeep]
|-damage|p1a: Blaziken|95/100|[from] Sandstorm
|-damage|p2a: Alomomola|64/100|[from] Sandstorm
|-heal|p1a: Blaziken|100/100|[from] item: Leftovers
|-ability|p1a: Blaziken|Speed Boost|boost
|-boost|p1a: Blaziken|spe|1
|upkeep
|turn|6
|
|t:|1779893415
|move|p1a: Blaziken|Swords Dance|p1a: Blaziken
|-boost|p1a: Blaziken|atk|2
|move|p2a: Alomomola|Flip Turn|p1a: Blaziken
|-supereffective|p1a: Blaziken
|-damage|p1a: Blaziken|50/100
|
|t:|1779893431
|switch|p2a: Corviknight|Corviknight, M|72/100|[from] Flip Turn
|-ability|p2a: Corviknight|Pressure
|
|-weather|Sandstorm|[upkeep]
|-damage|p1a: Blaziken|44/100|[from] Sandstorm
|-heal|p1a: Blaziken|50/100|[from] item: Leftovers
|-ability|p1a: Blaziken|Speed Boost|boost
|-boost|p1a: Blaziken|spe|1
|upkeep
|turn|7
|
|t:|1779893440
|move|p1a: Blaziken|Flare Blitz|p2a: Corviknight
|-supereffective|p2a: Corviknight
|-damage|p2a: Corviknight|0 fnt
|-damage|p1a: Blaziken|34/100|[from] item: Rocky Helmet|[of] p2a: Corviknight
|faint|p2a: Corviknight
|-damage|p1a: Blaziken|2/100|[from] Recoil
|
|-weather|Sandstorm|[upkeep]
|-damage|p1a: Blaziken|0 fnt|[from] Sandstorm
|faint|p1a: Blaziken
|upkeep
|
|t:|1779893458
|switch|p1a: Deoxys|Deoxys-Speed|100/100
|switch|p2a: Torterra|Torterra, F|100/100
|-ability|p1a: Deoxys|Pressure
|-damage|p2a: Torterra|88/100|[from] Spikes
|turn|8
|
|t:|1779893471
|move|p1a: Deoxys|Reflect|p1a: Deoxys
|-sidestart|p1: rocquet|Reflect
|move|p2a: Torterra|Bullet Seed|p1a: Deoxys
|-damage|p1a: Deoxys|91/100
|-damage|p1a: Deoxys|81/100
|-damage|p1a: Deoxys|72/100
|-damage|p1a: Deoxys|62/100
|-damage|p1a: Deoxys|53/100
|-hitcount|p1a: Deoxys|5
|
|-weather|none
|upkeep
|turn|9
|
|t:|1779893481
|move|p1a: Deoxys|Light Screen|p1a: Deoxys
|-sidestart|p1: rocquet|move: Light Screen
|move|p2a: Torterra|Bullet Seed|p1a: Deoxys
|-damage|p1a: Deoxys|43/100
|-damage|p1a: Deoxys|32/100
|-damage|p1a: Deoxys|23/100
|-damage|p1a: Deoxys|13/100
|-hitcount|p1a: Deoxys|4
|
|upkeep
|turn|10
|
|t:|1779893494
|switch|p1a: Gholdengo|Gholdengo|100/100
|-item|p1a: Gholdengo|Air Balloon
|switch|p2a: Tyranitar|Tyranitar, F|100/100
|-damage|p2a: Tyranitar|88/100|[from] Spikes
|-weather|Sandstorm|[from] ability: Sand Stream|[of] p2a: Tyranitar
|
|-weather|Sandstorm|[upkeep]
|upkeep
|turn|11
|
|t:|1779893508
|move|p1a: Gholdengo|Nasty Plot|p1a: Gholdengo
|-boost|p1a: Gholdengo|spa|2
|move|p2a: Tyranitar|Knock Off|p1a: Gholdengo
|-supereffective|p1a: Gholdengo
|-damage|p1a: Gholdengo|50/100
|-enditem|p1a: Gholdengo|Air Balloon
|
|-weather|Sandstorm|[upkeep]
|upkeep
|turn|12
|
|t:|1779893517
|switch|p2a: Alomomola|Alomomola, M|97/100
|-damage|p2a: Alomomola|85/100|[from] Spikes
|move|p1a: Gholdengo|Dazzling Gleam|p2a: Alomomola
|-damage|p2a: Alomomola|21/100
|
|-weather|Sandstorm|[upkeep]
|-damage|p2a: Alomomola|15/100|[from] Sandstorm
|upkeep
|turn|13
|
|t:|1779893527
|move|p1a: Gholdengo|Dazzling Gleam|p2a: Alomomola
|-damage|p2a: Alomomola|0 fnt
|faint|p2a: Alomomola
|
|-weather|Sandstorm|[upkeep]
|upkeep
|inactive|Underquill has 120 seconds left.
|inactive|Underquill has 90 seconds left.
|
|t:|1779893589
|switch|p2a: Excadrill|Excadrill, M|100/100
|-item|p2a: Excadrill|Air Balloon
|turn|14
|inactive|Underquill has 90 seconds left.
|
|t:|1779893599
|move|p2a: Excadrill|Earthquake|p1a: Gholdengo
|-supereffective|p1a: Gholdengo
|-damage|p1a: Gholdengo|0 fnt
|faint|p1a: Gholdengo
|
|-weather|Sandstorm|[upkeep]
|upkeep
|
|t:|1779893607
|switch|p1a: Corviknight|Corviknight, M|100/100
|turn|15
|
|t:|1779893615
|switch|p2a: Torterra|Torterra, F|88/100
|-damage|p2a: Torterra|76/100|[from] Spikes
|move|p1a: Corviknight|Iron Defense|p1a: Corviknight
|-boost|p1a: Corviknight|def|2
|
|-weather|Sandstorm|[upkeep]
|-sideend|p1: rocquet|Reflect
|upkeep
|turn|16
|
|t:|1779893624
|move|p1a: Corviknight|U-turn|p2a: Torterra
|-supereffective|p2a: Torterra
|-damage|p2a: Torterra|53/100
|
|t:|1779893632
|switch|p1a: Ogerpon|Ogerpon, F|100/100|[from] U-turn
|move|p2a: Torterra|Swords Dance|p2a: Torterra
|-boost|p2a: Torterra|atk|2
|
|-weather|Sandstorm|[upkeep]
|-damage|p1a: Ogerpon|95/100|[from] Sandstorm
|-sideend|p1: rocquet|move: Light Screen
|upkeep
|turn|17
|inactive|Underquill has 120 seconds left.
|
|t:|1779893642
|move|p1a: Ogerpon|Encore|p2a: Torterra
|-start|p2a: Torterra|Encore
|move|p2a: Torterra|Swords Dance|p2a: Torterra
|-boost|p2a: Torterra|atk|2
|
|-weather|none
|upkeep
|turn|18
|
|t:|1779893647
|switch|p2a: Tyranitar|Tyranitar, F|88/100
|-damage|p2a: Tyranitar|76/100|[from] Spikes
|-weather|Sandstorm|[from] ability: Sand Stream|[of] p2a: Tyranitar
|move|p1a: Ogerpon|Leech Seed|p2a: Tyranitar
|-start|p2a: Tyranitar|move: Leech Seed
|
|-weather|Sandstorm|[upkeep]
|-damage|p1a: Ogerpon|89/100|[from] Sandstorm
|-damage|p2a: Tyranitar|64/100|[from] Leech Seed|[of] p1a: Ogerpon
|-heal|p1a: Ogerpon|100/100|[silent]
|upkeep
|turn|19
|
|t:|1779893661
|move|p1a: Ogerpon|Ivy Cudgel|p2a: Tyranitar
|-supereffective|p2a: Tyranitar
|-damage|p2a: Tyranitar|0 fnt
|faint|p2a: Tyranitar
|
|-weather|Sandstorm|[upkeep]
|-damage|p1a: Ogerpon|95/100|[from] Sandstorm
|upkeep
|
|t:|1779893669
|switch|p2a: Drednaw|Drednaw, F|100/100
|-damage|p2a: Drednaw|88/100|[from] Spikes
|turn|20
|
|t:|1779893674
|-terastallize|p1a: Ogerpon|Grass
|detailschange|p1a: Ogerpon|Ogerpon-Teal-Tera, F, tera:Grass
|-ability|p1a: Ogerpon|Embody Aspect (Teal)|boost
|-boost|p1a: Ogerpon|spe|1
|-terastallize|p2a: Drednaw|Grass
|move|p1a: Ogerpon|Ivy Cudgel|p2a: Drednaw
|-resisted|p2a: Drednaw
|-damage|p2a: Drednaw|53/100
|move|p2a: Drednaw|Shell Smash|p2a: Drednaw
|-unboost|p2a: Drednaw|def|1
|-unboost|p2a: Drednaw|spd|1
|-boost|p2a: Drednaw|atk|2
|-boost|p2a: Drednaw|spa|2
|-boost|p2a: Drednaw|spe|2
|-enditem|p2a: Drednaw|White Herb
|-clearnegativeboost|p2a: Drednaw|[silent]
|
|-weather|Sandstorm|[upkeep]
|-damage|p1a: Ogerpon|89/100|[from] Sandstorm
|-damage|p2a: Drednaw|46/100|[from] Sandstorm
|upkeep
|turn|21
|
|t:|1779893689
|move|p1a: Ogerpon|Leech Seed|p2a: Drednaw
|-immune|p2a: Drednaw
|move|p2a: Drednaw|Ice Fang|p1a: Ogerpon
|-supereffective|p1a: Ogerpon
|-damage|p1a: Ogerpon|0 fnt
|faint|p1a: Ogerpon
|detailschange|p1: Ogerpon|Ogerpon, F|[silent]
|
|-weather|Sandstorm|[upkeep]
|-damage|p2a: Drednaw|40/100|[from] Sandstorm
|upkeep
|
|t:|1779893698
|switch|p1a: Deoxys|Deoxys-Speed|13/100
|-ability|p1a: Deoxys|Pressure
|turn|22
|
|t:|1779893704
|move|p2a: Drednaw|Crunch|p1a: Deoxys
|-supereffective|p1a: Deoxys
|-damage|p1a: Deoxys|0 fnt
|faint|p1a: Deoxys
|
|-weather|Sandstorm|[upkeep]
|-damage|p2a: Drednaw|34/100|[from] Sandstorm
|upkeep
|
|t:|1779893711
|switch|p1a: Corviknight|Corviknight, M|100/100
|turn|23
|
|t:|1779893726
|move|p2a: Drednaw|Ice Fang|p1a: Corviknight
|-damage|p1a: Corviknight|50/100
|-damage|p2a: Drednaw|17/100|[from] item: Rocky Helmet|[of] p1a: Corviknight
|move|p1a: Corviknight|Iron Defense|p1a: Corviknight
|-boost|p1a: Corviknight|def|2
|
|-weather|Sandstorm|[upkeep]
|-damage|p2a: Drednaw|11/100|[from] Sandstorm
|upkeep
|turn|24
|
|t:|1779893734
|move|p2a: Drednaw|Shell Smash|p2a: Drednaw
|-unboost|p2a: Drednaw|def|1
|-unboost|p2a: Drednaw|spd|1
|-boost|p2a: Drednaw|atk|2
|-boost|p2a: Drednaw|spa|2
|-boost|p2a: Drednaw|spe|2
|move|p1a: Corviknight|Iron Defense|p1a: Corviknight
|-boost|p1a: Corviknight|def|2
|
|-weather|Sandstorm|[upkeep]
|-damage|p2a: Drednaw|5/100|[from] Sandstorm
|upkeep
|turn|25
|
|t:|1779893743
|move|p2a: Drednaw|Ice Fang|p1a: Corviknight
|-damage|p1a: Corviknight|28/100
|-damage|p2a: Drednaw|0 fnt|[from] item: Rocky Helmet|[of] p1a: Corviknight
|faint|p2a: Drednaw
|move|p1a: Corviknight|Iron Defense|p1a: Corviknight
|-boost|p1a: Corviknight|def|2
|
|-weather|none
|upkeep
|
|t:|1779893749
|switch|p2a: Torterra|Torterra, F|53/100
|-damage|p2a: Torterra|40/100|[from] Spikes
|turn|26
|
|t:|1779893762
|move|p1a: Corviknight|Body Press|p2a: Torterra
|-damage|p2a: Torterra|0 fnt
|faint|p2a: Torterra
|
|upkeep
|
|t:|1779893766
|switch|p2a: Excadrill|Excadrill, M|100/100
|-item|p2a: Excadrill|Air Balloon
|turn|27
|
|t:|1779893770
|move|p2a: Excadrill|Swords Dance|p2a: Excadrill
|-boost|p2a: Excadrill|atk|2
|move|p1a: Corviknight|Body Press|p2a: Excadrill
|-supereffective|p2a: Excadrill
|-damage|p2a: Excadrill|0 fnt
|-enditem|p2a: Excadrill|Air Balloon
|faint|p2a: Excadrill
|
|win|rocquet
|raw|rocquet's rating: 1219 &rarr; <strong>1247</strong><br />(+28 for winning)
|raw|Underquill's rating: 1258 &rarr; <strong>1230</strong><br />(-28 for losing)
|l|☆Underquill
|player|p2|
|l|☆rocquet
|player|p1|
