|j|☆meat taker
|j|☆rokyi
|t:|1779801879
|gametype|singles
|player|p1|meat taker|lance|1078
|player|p2|rokyi|giovanni|1064
|gen|9
|tier|[Gen 9] OU
|rated|
|rule|HP Percentage Mod: HP is shown in percentages
|rule|Endless Battle Clause: Forcing endless battles is banned
|rule|Species Clause: Limit one of each Pokémon
|rule|OHKO Clause: OHKO moves are banned
|rule|Evasion Items Clause: Evasion items are banned
|rule|Evasion Moves Clause: Evasion moves are banned
|rule|Evasion Abilities Clause: Evasion abilities are banned
|rule|Sleep Moves Clause: Sleep-inducing moves are banned
|clearpoke
|poke|p1|Swampert, M|
|poke|p1|Jirachi|
|poke|p1|Scizor, F|
|poke|p1|Rotom-Mow|
|poke|p1|Gyarados, M|
|poke|p1|Infernape, F|
|poke|p2|Goodra, F|
|poke|p2|Enamorus, F|
|poke|p2|Gholdengo|
|poke|p2|Samurott-Hisui, F|
|poke|p2|Ogerpon, F|
|poke|p2|Blaziken, F|
|teampreview
|
|t:|1779801884
|teamsize|p1|6
|teamsize|p2|6
|start
|switch|p1a: Swampert|Swampert, M, shiny|100/100
|switch|p2a: Goodra|Goodra, F|100/100
|turn|1
|
|t:|1779801898
|switch|p2a: Ogerpon|Ogerpon, F|100/100
|move|p1a: Swampert|Stealth Rock|p2a: Ogerpon
|-sidestart|p2: rokyi|move: Stealth Rock
|
|upkeep
|turn|2
|
|t:|1779801914
|switch|p1a: Rotom|Rotom-Mow, shiny|100/100
|move|p2a: Ogerpon|Ivy Cudgel|p1a: Rotom
|-resisted|p1a: Rotom
|-damage|p1a: Rotom|67/100
|
|-heal|p1a: Rotom|73/100|[from] item: Leftovers
|upkeep
|turn|3
|
|t:|1779801925
|switch|p2a: Blaziken|Blaziken, F, shiny|100/100
|-damage|p2a: Blaziken|88/100|[from] Stealth Rock
|move|p1a: Rotom|Volt Switch|p2a: Blaziken
|-damage|p2a: Blaziken|37/100
|
|t:|1779801932
|switch|p1a: Swampert|Swampert, M, shiny|100/100|[from] Volt Switch
|
|upkeep
|turn|4
|
|t:|1779801937
|switch|p2a: Ogerpon|Ogerpon, F|100/100
|-damage|p2a: Ogerpon|88/100|[from] Stealth Rock
|move|p1a: Swampert|Earthquake|p2a: Ogerpon
|-resisted|p2a: Ogerpon
|-damage|p2a: Ogerpon|63/100
|
|-heal|p2a: Ogerpon|69/100|[from] item: Leftovers
|upkeep
|turn|5
|
|t:|1779801946
|switch|p1a: Jirachi|Jirachi|100/100
|move|p2a: Ogerpon|Ivy Cudgel|p1a: Jirachi
|-resisted|p1a: Jirachi
|-damage|p1a: Jirachi|79/100
|
|-heal|p2a: Ogerpon|75/100|[from] item: Leftovers
|-heal|p1a: Jirachi|85/100|[from] item: Leftovers
|upkeep
|turn|6
|
|t:|1779801954
|switch|p2a: Enamorus|Enamorus, F|100/100
|-damage|p2a: Enamorus|76/100|[from] Stealth Rock
|move|p1a: Jirachi|Wish|p1a: Jirachi
|
|-heal|p1a: Jirachi|91/100|[from] item: Leftovers
|upkeep
|turn|7
|
|t:|1779801968
|move|p2a: Enamorus|Earth Power|p1a: Jirachi
|-supereffective|p1a: Jirachi
|-damage|p1a: Jirachi|54/100
|move|p1a: Jirachi|U-turn|p2a: Enamorus
|-resisted|p2a: Enamorus
|-damage|p2a: Enamorus|69/100
|
|t:|1779801975
|switch|p1a: Rotom|Rotom-Mow, shiny|73/100|[from] U-turn
|
|-heal|p1a: Rotom|100/100|[from] move: Wish|[wisher] Jirachi
|upkeep
|turn|8
|
|t:|1779801987
|switch|p2a: Goodra|Goodra, F|100/100
|-damage|p2a: Goodra|88/100|[from] Stealth Rock
|move|p1a: Rotom|Volt Switch|p2a: Goodra
|-resisted|p2a: Goodra
|-damage|p2a: Goodra|81/100
|
|t:|1779801996
|switch|p1a: Scizor|Scizor, F, shiny|100/100|[from] Volt Switch
|
|upkeep
|turn|9
|
|t:|1779802005
|switch|p2a: Blaziken|Blaziken, F, shiny|37/100
|-damage|p2a: Blaziken|25/100|[from] Stealth Rock
|move|p1a: Scizor|Bullet Punch|p2a: Blaziken
|-resisted|p2a: Blaziken
|-damage|p2a: Blaziken|0 fnt
|faint|p2a: Blaziken
|
|upkeep
|
|t:|1779802021
|switch|p2a: Gholdengo|Gholdengo, shiny|100/100
|-damage|p2a: Gholdengo|94/100|[from] Stealth Rock
|-item|p2a: Gholdengo|Air Balloon
|turn|10
|
|t:|1779802031
|move|p1a: Scizor|Bullet Punch|p2a: Gholdengo
|-resisted|p2a: Gholdengo
|-damage|p2a: Gholdengo|65/100
|-enditem|p2a: Gholdengo|Air Balloon
|move|p2a: Gholdengo|Shadow Ball|p1a: Scizor
|-damage|p1a: Scizor|52/100
|
|upkeep
|turn|11
|
|t:|1779802052
|switch|p1a: Swampert|Swampert, M, shiny|100/100
|move|p2a: Gholdengo|Shadow Ball|p1a: Swampert
|-damage|p1a: Swampert|65/100
|
|-heal|p1a: Swampert|71/100|[from] item: Leftovers
|upkeep
|turn|12
|
|t:|1779802065
|switch|p2a: Ogerpon|Ogerpon, F|75/100
|-damage|p2a: Ogerpon|63/100|[from] Stealth Rock
|move|p1a: Swampert|Earthquake|p2a: Ogerpon
|-resisted|p2a: Ogerpon
|-damage|p2a: Ogerpon|37/100
|
|-heal|p2a: Ogerpon|43/100|[from] item: Leftovers
|-heal|p1a: Swampert|77/100|[from] item: Leftovers
|upkeep
|turn|13
|
|t:|1779802077
|switch|p1a: Infernape|Infernape, F|100/100
|move|p2a: Ogerpon|Ivy Cudgel|p1a: Infernape
|-resisted|p1a: Infernape
|-damage|p1a: Infernape|65/100
|
|-heal|p2a: Ogerpon|49/100|[from] item: Leftovers
|upkeep
|turn|14
|
|t:|1779802092
|switch|p2a: Samurott|Samurott-Hisui, F, shiny|100/100
|-damage|p2a: Samurott|88/100|[from] Stealth Rock
|move|p1a: Infernape|Grass Knot|p2a: Samurott
|-supereffective|p2a: Samurott
|-damage|p2a: Samurott|8/100
|-damage|p1a: Infernape|55/100|[from] item: Life Orb
|
|upkeep
|turn|15
|
|t:|1779802105
|move|p1a: Infernape|Mach Punch|p2a: Samurott
|-supereffective|p2a: Samurott
|-damage|p2a: Samurott|0 fnt
|faint|p2a: Samurott
|-damage|p1a: Infernape|46/100|[from] item: Life Orb
|
|upkeep
|
|t:|1779802112
|switch|p2a: Enamorus|Enamorus, F|69/100
|-damage|p2a: Enamorus|44/100|[from] Stealth Rock
|turn|16
|
|t:|1779802120
|switch|p1a: Rotom|Rotom-Mow, shiny|100/100
|move|p2a: Enamorus|Earth Power|p1a: Rotom
|-immune|p1a: Rotom|[from] ability: Levitate
|
|upkeep
|turn|17
|
|t:|1779802129
|switch|p2a: Goodra|Goodra, F|81/100
|-damage|p2a: Goodra|69/100|[from] Stealth Rock
|move|p1a: Rotom|Volt Switch|p2a: Goodra
|-resisted|p2a: Goodra
|-damage|p2a: Goodra|62/100
|
|t:|1779802138
|switch|p1a: Jirachi|Jirachi|54/100|[from] Volt Switch
|
|-heal|p1a: Jirachi|61/100|[from] item: Leftovers
|upkeep
|turn|18
|
|t:|1779802145
|move|p1a: Jirachi|Protect|p1a: Jirachi
|-singleturn|p1a: Jirachi|Protect
|move|p2a: Goodra|Knock Off|p1a: Jirachi
|-activate|p1a: Jirachi|move: Protect
|
|-heal|p1a: Jirachi|67/100|[from] item: Leftovers
|upkeep
|turn|19
|
|t:|1779802151
|move|p1a: Jirachi|Wish|p1a: Jirachi
|move|p2a: Goodra|Knock Off|p1a: Jirachi
|-supereffective|p1a: Jirachi
|-damage|p1a: Jirachi|29/100
|-enditem|p1a: Jirachi|Leftovers|[from] move: Knock Off|[of] p2a: Goodra
|
|upkeep
|turn|20
|
|t:|1779802157
|move|p1a: Jirachi|U-turn|p2a: Goodra
|-damage|p2a: Goodra|43/100
|
|t:|1779802160
|switch|p1a: Scizor|Scizor, F, shiny|52/100|[from] U-turn
|move|p2a: Goodra|Knock Off|p1a: Scizor
|-damage|p1a: Scizor|28/100
|-enditem|p1a: Scizor|Choice Band|[from] move: Knock Off|[of] p2a: Goodra
|
|-heal|p1a: Scizor|87/100|[from] move: Wish|[wisher] Jirachi
|upkeep
|turn|21
|
|t:|1779802174
|move|p1a: Scizor|Bullet Punch|p2a: Goodra
|-damage|p2a: Goodra|0 fnt
|faint|p2a: Goodra
|
|upkeep
|
|t:|1779802180
|switch|p2a: Gholdengo|Gholdengo, shiny|65/100
|-damage|p2a: Gholdengo|59/100|[from] Stealth Rock
|turn|22
|
|t:|1779802189
|move|p2a: Gholdengo|Shadow Ball|p1a: Scizor
|-damage|p1a: Scizor|39/100
|move|p1a: Scizor|Knock Off|p2a: Gholdengo
|-supereffective|p2a: Gholdengo
|-damage|p2a: Gholdengo|7/100
|
|upkeep
|turn|23
|
|t:|1779802195
|move|p1a: Scizor|Bullet Punch|p2a: Gholdengo
|-resisted|p2a: Gholdengo
|-damage|p2a: Gholdengo|0 fnt
|faint|p2a: Gholdengo
|
|upkeep
|
|t:|1779802201
|switch|p2a: Enamorus|Enamorus, F|44/100
|-damage|p2a: Enamorus|19/100|[from] Stealth Rock
|turn|24
|
|t:|1779802205
|move|p1a: Scizor|Bullet Punch|p2a: Enamorus
|-supereffective|p2a: Enamorus
|-damage|p2a: Enamorus|0 fnt
|faint|p2a: Enamorus
|
|upkeep
|
|t:|1779802210
|switch|p2a: Ogerpon|Ogerpon, F|49/100
|-damage|p2a: Ogerpon|37/100|[from] Stealth Rock
|turn|25
|
|t:|1779802216
|move|p2a: Ogerpon|Brick Break|p1a: Scizor
|-damage|p1a: Scizor|14/100
|move|p1a: Scizor|U-turn|p2a: Ogerpon
|-supereffective|p2a: Ogerpon
|-damage|p2a: Ogerpon|0 fnt
|faint|p2a: Ogerpon
|
|win|meat taker
|raw|meat taker's rating: 1078 &rarr; <strong>1105</strong><br />(+27 for winning)
|raw|rokyi's rating: 1064 &rarr; <strong>1045</strong><br />(-19 for losing)
|c|☆rokyi|gg
|l|☆meat taker
|player|p1|
|l|☆rokyi
|player|p2|
