|j|☆disconnectduewifi
|j|☆destructeurdecul
|t:|1779881735
|gametype|singles
|player|p1|disconnectduewifi|lucas|1189
|player|p2|destructeurdecul|169|1197
|gen|9
|tier|[Gen 9] OU
|rated|
|rule|HP Percentage Mod: HP is shown in percentages
|rule|Endless Battle Clause: Forcing endless battles is banned
|rule|Species Clause: Limit one of each Pokémon
|rule|OHKO Clause: OHKO moves are banned
|rule|Evasion Items Clause: Evasion items are banned
|rule|Evasion Moves Clause: Evasion moves are banned
|rule|Evasion Abilities Clause: Evasion abilities are banned
|rule|Sleep Moves Clause: Sleep-inducing moves are banned
|clearpoke
|poke|p1|Slowking-Galar, M|
|poke|p1|Great Tusk|
|poke|p1|Kyurem|
|poke|p1|Kingambit, F|
|poke|p1|Cinderace, M|
|poke|p1|Zapdos|
|poke|p2|Cinderace, F|
|poke|p2|Alomomola, M|
|poke|p2|Empoleon, F|
|poke|p2|Bisharp, M|
|poke|p2|Galvantula, M|
|poke|p2|Latios, M|
|teampreview
|
|t:|1779881756
|teamsize|p1|6
|teamsize|p2|6
|start
|switch|p1a: Zapdos|Zapdos|100/100
|switch|p2a: Galvantula|Galvantula, M|100/100
|turn|1
|
|t:|1779881765
|move|p2a: Galvantula|Sticky Web|p1a: Zapdos
|-sidestart|p1: disconnectduewifi|move: Sticky Web
|move|p1a: Zapdos|Hurricane|p2a: Galvantula
|-damage|p2a: Galvantula|19/100
|
|upkeep
|turn|2
|
|t:|1779881774
|move|p2a: Galvantula|Thunder|p1a: Zapdos
|-damage|p1a: Zapdos|51/100
|move|p1a: Zapdos|Hurricane|p2a: Galvantula|[miss]
|-miss|p1a: Zapdos|p2a: Galvantula
|
|upkeep
|turn|3
|
|t:|1779881783
|move|p2a: Galvantula|Thunder|p1a: Zapdos
|-damage|p1a: Zapdos|5/100
|move|p1a: Zapdos|Hurricane|p2a: Galvantula|[miss]
|-miss|p1a: Zapdos|p2a: Galvantula
|
|upkeep
|turn|4
|
|t:|1779881795
|switch|p1a: Great Tusk|Great Tusk|100/100
|-activate|p1a: Great Tusk|move: Sticky Web
|-unboost|p1a: Great Tusk|spe|1
|move|p2a: Galvantula|Bug Buzz|p1a: Great Tusk
|-resisted|p1a: Great Tusk
|-damage|p1a: Great Tusk|72/100
|
|-heal|p1a: Great Tusk|79/100|[from] item: Leftovers
|upkeep
|turn|5
|
|t:|1779881807
|switch|p2a: Alomomola|Alomomola, M|100/100
|move|p1a: Great Tusk|Ice Spinner|p2a: Alomomola
|-resisted|p2a: Alomomola
|-damage|p2a: Alomomola|93/100
|-damage|p1a: Great Tusk|62/100|[from] item: Rocky Helmet|[of] p2a: Alomomola
|
|-heal|p1a: Great Tusk|68/100|[from] item: Leftovers
|upkeep
|turn|6
|
|t:|1779881823
|-end|p1a: Great Tusk|Protosynthesis|[silent]
|switch|p1a: Slowking|Slowking-Galar, M|100/100
|-activate|p1a: Slowking|move: Sticky Web
|-unboost|p1a: Slowking|spe|1
|move|p2a: Alomomola|Wish|p2a: Alomomola
|
|upkeep
|turn|7
|
|t:|1779881828
|move|p2a: Alomomola|Flip Turn|p1a: Slowking
|-damage|p1a: Slowking|85/100
|
|t:|1779881833
|switch|p2a: Bisharp|Bisharp, M|100/100|[from] Flip Turn
|move|p1a: Slowking|Thunder Wave|p2a: Bisharp
|-status|p2a: Bisharp|par
|
|upkeep
|turn|8
|
|t:|1779881851
|move|p2a: Bisharp|Swords Dance|p2a: Bisharp
|-boost|p2a: Bisharp|atk|2
|-prepare|p1a: Slowking|Chilly Reception|[premajor]
|move|p1a: Slowking|Chilly Reception|p1a: Slowking
|-weather|Snowscape
|
|t:|1779881864
|switch|p1a: Great Tusk|Great Tusk|68/100|[from] Chilly Reception
|-activate|p1a: Great Tusk|move: Sticky Web
|-unboost|p1a: Great Tusk|spe|1
|
|-weather|Snowscape|[upkeep]
|-heal|p1a: Great Tusk|75/100|[from] item: Leftovers
|upkeep
|turn|9
|
|t:|1779881872
|move|p2a: Bisharp|Sucker Punch|p1a: Great Tusk
|-resisted|p1a: Great Tusk
|-damage|p1a: Great Tusk|45/100
|move|p1a: Great Tusk|Close Combat|p2a: Bisharp
|-supereffective|p2a: Bisharp
|-damage|p2a: Bisharp|0 fnt
|-unboost|p1a: Great Tusk|def|1
|-unboost|p1a: Great Tusk|spd|1
|faint|p2a: Bisharp
|
|-weather|Snowscape|[upkeep]
|-heal|p1a: Great Tusk|51/100|[from] item: Leftovers
|upkeep
|
|t:|1779881878
|switch|p2a: Cinderace|Cinderace, F|100/100
|turn|10
|
|t:|1779881885
|move|p2a: Cinderace|Court Change|p2a: Cinderace
|-start|p2a: Cinderace|typechange|Normal|[from] ability: Libero
|-swapsideconditions
|-activate|p2a: Cinderace|move: Court Change
|move|p1a: Great Tusk|Headlong Rush|p2a: Cinderace
|-damage|p2a: Cinderace|7/100
|-unboost|p1a: Great Tusk|def|1
|-unboost|p1a: Great Tusk|spd|1
|
|-weather|Snowscape|[upkeep]
|-heal|p1a: Great Tusk|57/100|[from] item: Leftovers
|upkeep
|turn|11
|
|t:|1779881918
|-end|p1a: Great Tusk|Protosynthesis|[silent]
|switch|p1a: Slowking|Slowking-Galar, M|100/100
|move|p2a: Cinderace|Pyro Ball|p1a: Slowking
|-damage|p1a: Slowking|64/100
|
|-weather|Snowscape|[upkeep]
|upkeep
|turn|12
|
|t:|1779881931
|switch|p2a: Latios|Latios, M|100/100
|move|p1a: Slowking|Future Sight|p2a: Latios
|-start|p1a: Slowking|move: Future Sight
|
|-weather|none
|upkeep
|turn|13
|
|t:|1779881936
|move|p2a: Latios|Light Screen|p2a: Latios
|-sidestart|p2: destructeurdecul|move: Light Screen
|move|p1a: Slowking|Thunder Wave|p2a: Latios
|-status|p2a: Latios|par
|
|upkeep
|turn|14
|
|t:|1779881947
|move|p2a: Latios|Reflect|p2a: Latios
|-sidestart|p2: destructeurdecul|Reflect
|-prepare|p1a: Slowking|Chilly Reception|[premajor]
|move|p1a: Slowking|Chilly Reception|p1a: Slowking
|-weather|Snowscape
|
|t:|1779881961
|switch|p1a: Zapdos|Zapdos|5/100|[from] Chilly Reception
|
|-weather|Snowscape|[upkeep]
|-end|p2a: Latios|move: Future Sight
|-resisted|p2a: Latios
|-damage|p2a: Latios|88/100 par
|upkeep
|turn|15
|
|t:|1779881969
|move|p1a: Zapdos|Roost|p1a: Zapdos
|-heal|p1a: Zapdos|56/100
|-singleturn|p1a: Zapdos|move: Roost
|move|p2a: Latios|Draco Meteor|p1a: Zapdos
|-damage|p1a: Zapdos|0 fnt
|-unboost|p2a: Latios|spa|2
|faint|p1a: Zapdos
|
|-weather|Snowscape|[upkeep]
|upkeep
|
|t:|1779881985
|switch|p1a: Kyurem|Kyurem|100/100
|-ability|p1a: Kyurem|Pressure
|turn|16
|
|t:|1779881988
|move|p1a: Kyurem|Blizzard|p2a: Latios
|-supereffective|p2a: Latios
|-damage|p2a: Latios|2/100 par
|move|p2a: Latios|Memento|p1a: Kyurem
|-unboost|p1a: Kyurem|atk|2
|-unboost|p1a: Kyurem|spa|2
|faint|p2a: Latios
|
|-weather|Snowscape|[upkeep]
|upkeep
|
|t:|1779881999
|switch|p2a: Empoleon|Empoleon, F|100/100
|-activate|p2a: Empoleon|move: Sticky Web
|-unboost|p2a: Empoleon|spe|1
|-ability|p2a: Empoleon|Competitive|boost
|-boost|p2a: Empoleon|spa|2
|turn|17
|
|t:|1779882036
|switch|p1a: Slowking|Slowking-Galar, M|97/100
|move|p2a: Empoleon|Agility|p2a: Empoleon
|-boost|p2a: Empoleon|spe|2
|
|-weather|Snowscape|[upkeep]
|upkeep
|turn|18
|
|t:|1779882046
|move|p2a: Empoleon|Agility|p2a: Empoleon
|-boost|p2a: Empoleon|spe|2
|move|p1a: Slowking|Thunder Wave|p2a: Empoleon
|-status|p2a: Empoleon|par
|
|-weather|none
|upkeep
|turn|19
|
|t:|1779882056
|move|p2a: Empoleon|Agility|p2a: Empoleon
|-boost|p2a: Empoleon|spe|2
|-prepare|p1a: Slowking|Chilly Reception|[premajor]
|move|p1a: Slowking|Chilly Reception|p1a: Slowking
|-weather|Snowscape
|
|t:|1779882070
|switch|p1a: Great Tusk|Great Tusk|57/100|[from] Chilly Reception
|
|-weather|Snowscape|[upkeep]
|-heal|p1a: Great Tusk|64/100|[from] item: Leftovers
|upkeep
|turn|20
|
|t:|1779882074
|cant|p2a: Empoleon|par
|move|p1a: Great Tusk|Close Combat|p2a: Empoleon
|-supereffective|p2a: Empoleon
|-damage|p2a: Empoleon|12/100 par
|-unboost|p1a: Great Tusk|def|1
|-unboost|p1a: Great Tusk|spd|1
|-enditem|p2a: Empoleon|Weakness Policy
|-boost|p2a: Empoleon|atk|2|[from] item: Weakness Policy
|-boost|p2a: Empoleon|spa|2|[from] item: Weakness Policy
|
|-weather|Snowscape|[upkeep]
|-heal|p1a: Great Tusk|70/100|[from] item: Leftovers
|-sideend|p2: destructeurdecul|move: Light Screen
|upkeep
|turn|21
|
|t:|1779882094
|move|p2a: Empoleon|Surf|p1a: Great Tusk
|-supereffective|p1a: Great Tusk
|-damage|p1a: Great Tusk|0 fnt
|faint|p1a: Great Tusk
|-end|p1a: Great Tusk|Protosynthesis|[silent]
|
|-weather|Snowscape|[upkeep]
|-sideend|p2: destructeurdecul|Reflect
|upkeep
|
|t:|1779882097
|switch|p1a: Kingambit|Kingambit, F|100/100
|-activate|p1a: Kingambit|ability: Supreme Overlord
|-start|p1a: Kingambit|fallen2|[silent]
|turn|22
|
|t:|1779882105
|move|p2a: Empoleon|Aqua Jet|p1a: Kingambit
|-damage|p1a: Kingambit|81/100
|move|p1a: Kingambit|Sucker Punch||[still]
|-fail|p1a: Kingambit
|
|-weather|Snowscape|[upkeep]
|-heal|p1a: Kingambit|87/100|[from] item: Leftovers
|upkeep
|turn|23
|
|t:|1779882135
|move|p1a: Kingambit|Sucker Punch|p2a: Empoleon
|-damage|p2a: Empoleon|0 fnt
|faint|p2a: Empoleon
|
|-weather|none
|-heal|p1a: Kingambit|94/100|[from] item: Leftovers
|upkeep
|
|t:|1779882142
|switch|p2a: Alomomola|Alomomola, M|100/100
|-activate|p2a: Alomomola|move: Sticky Web
|-unboost|p2a: Alomomola|spe|1
|turn|24
|
|t:|1779882156
|-end|p1a: Kingambit|fallen2|[silent]
|switch|p1a: Slowking|Slowking-Galar, M|100/100
|move|p2a: Alomomola|Scald|p1a: Slowking
|-damage|p1a: Slowking|91/100
|-status|p1a: Slowking|brn
|
|-damage|p1a: Slowking|85/100 brn|[from] brn
|upkeep
|turn|25
|
|t:|1779882164
|move|p2a: Alomomola|Flip Turn|p1a: Slowking
|-damage|p1a: Slowking|71/100 brn
|
|t:|1779882167
|switch|p2a: Cinderace|Cinderace, F|7/100|[from] Flip Turn
|move|p1a: Slowking|Future Sight|p2a: Cinderace
|-start|p1a: Slowking|move: Future Sight
|
|-damage|p1a: Slowking|65/100 brn|[from] brn
|upkeep
|turn|26
|
|t:|1779882175
|move|p2a: Cinderace|U-turn|p1a: Slowking
|-start|p2a: Cinderace|typechange|Bug|[from] ability: Libero
|-crit|p1a: Slowking
|-damage|p1a: Slowking|17/100 brn
|
|t:|1779882180
|switch|p2a: Alomomola|Alomomola, M|100/100|[from] U-turn
|-activate|p2a: Alomomola|move: Sticky Web
|-unboost|p2a: Alomomola|spe|1
|move|p1a: Slowking|Sludge Bomb|p2a: Alomomola
|-damage|p2a: Alomomola|58/100
|
|-damage|p1a: Slowking|11/100 brn|[from] brn
|upkeep
|turn|27
|
|t:|1779882193
|move|p2a: Alomomola|Wish|p2a: Alomomola
|move|p1a: Slowking|Sludge Bomb|p2a: Alomomola
|-damage|p2a: Alomomola|21/100
|
|-end|p2a: Alomomola|move: Future Sight
|-damage|p2a: Alomomola|0 fnt
|faint|p2a: Alomomola
|-damage|p1a: Slowking|5/100 brn|[from] brn
|upkeep
|
|t:|1779882207
|switch|p2a: Cinderace|Cinderace, F|7/100
|turn|28
|
|t:|1779882211
|move|p2a: Cinderace|Pyro Ball|p1a: Slowking
|-damage|p1a: Slowking|0 fnt
|faint|p1a: Slowking
|
|-heal|p2a: Cinderace|96/100|[from] move: Wish|[wisher] Alomomola
|upkeep
|c|☆disconnectduewifi|Gg
|
|t:|1779882234
|switch|p1a: Cinderace|Cinderace, M|100/100
|turn|29
|
|t:|1779882241
|move|p2a: Cinderace|High Jump Kick|p1a: Cinderace
|-start|p2a: Cinderace|typechange|Fighting|[from] ability: Libero
|-damage|p1a: Cinderace|27/100
|move|p1a: Cinderace|Pyro Ball|p2a: Cinderace
|-damage|p2a: Cinderace|0 fnt
|faint|p2a: Cinderace
|
|upkeep
|-message|destructeurdecul forfeited.
|
|win|disconnectduewifi
|raw|disconnectduewifi's rating: 1189 &rarr; <strong>1215</strong><br />(+26 for winning)
|raw|destructeurdecul's rating: 1197 &rarr; <strong>1171</strong><br />(-26 for losing)
|l|☆destructeurdecul
|player|p2|
