|j|☆chefivan
|j|☆randomcan42
|t:|1779865071
|gametype|singles
|player|p1|chefivan|1|1369
|player|p2|randomcan42|169|1345
|gen|9
|tier|[Gen 9] OU
|rated|
|rule|HP Percentage Mod: HP is shown in percentages
|rule|Endless Battle Clause: Forcing endless battles is banned
|rule|Species Clause: Limit one of each Pokémon
|rule|OHKO Clause: OHKO moves are banned
|rule|Evasion Items Clause: Evasion items are banned
|rule|Evasion Moves Clause: Evasion moves are banned
|rule|Evasion Abilities Clause: Evasion abilities are banned
|rule|Sleep Moves Clause: Sleep-inducing moves are banned
|clearpoke
|poke|p1|Darkrai|
|poke|p1|Garchomp, F|
|poke|p1|Alomomola, M|
|poke|p1|Corviknight, M|
|poke|p1|Weezing-Galar, F|
|poke|p1|Ogerpon, F|
|poke|p2|Hatterene, F|
|poke|p2|Dragonite, F|
|poke|p2|Alomomola, M|
|poke|p2|Raichu, M|
|poke|p2|Dragapult, F|
|poke|p2|Great Tusk|
|teampreview
|inactive|Battle timer is ON: inactive players will automatically lose when time's up. (requested by randomcan42)
|
|t:|1779865079
|teamsize|p1|6
|teamsize|p2|6
|start
|switch|p1a: Darkrai|Darkrai|100/100
|switch|p2a: Raichu|Raichu, M|100/100
|turn|1
|inactive|randomcan42 has 120 seconds left.
|inactive|randomcan42 has 90 seconds left.
|
|t:|1779865141
|move|p1a: Darkrai|Dark Pulse|p2a: Raichu
|-damage|p2a: Raichu|0 fnt
|faint|p2a: Raichu
|
|upkeep
|
|t:|1779865145
|switch|p2a: Dragapult|Dragapult, F|100/100
|turn|2
|
|t:|1779865151
|move|p2a: Dragapult|U-turn|p1a: Darkrai
|-supereffective|p1a: Darkrai
|-damage|p1a: Darkrai|15/100
|
|t:|1779865154
|switch|p2a: Great Tusk|Great Tusk|100/100|[from] U-turn
|move|p1a: Darkrai|Dark Pulse|p2a: Great Tusk
|-resisted|p2a: Great Tusk
|-damage|p2a: Great Tusk|75/100
|
|upkeep
|turn|3
|
|t:|1779865163
|switch|p1a: Corviknight|Corviknight, M|100/100
|-ability|p1a: Corviknight|Pressure
|move|p2a: Great Tusk|Knock Off|p1a: Corviknight
|-damage|p1a: Corviknight|68/100
|-enditem|p1a: Corviknight|Leftovers|[from] move: Knock Off|[of] p2a: Great Tusk
|
|upkeep
|turn|4
|inactive|randomcan42 has 120 seconds left.
|
|t:|1779865201
|-end|p2a: Great Tusk|Protosynthesis|[silent]
|switch|p2a: Hatterene|Hatterene, F, shiny|100/100
|move|p1a: Corviknight|U-turn|p2a: Hatterene
|-damage|p2a: Hatterene|90/100
|
|t:|1779865216
|switch|p1a: Weezing|Weezing-Galar, F|100/100|[from] U-turn
|-ability|p1a: Weezing|Neutralizing Gas
|
|-heal|p2a: Hatterene|96/100|[from] item: Leftovers
|upkeep
|turn|5
|
|t:|1779865229
|move|p1a: Weezing|Sludge Bomb|p2a: Hatterene
|-supereffective|p2a: Hatterene
|-damage|p2a: Hatterene|42/100
|move|p2a: Hatterene|Nuzzle|p1a: Weezing
|-damage|p1a: Weezing|97/100
|-status|p1a: Weezing|par
|
|-heal|p2a: Hatterene|48/100|[from] item: Leftovers
|-heal|p1a: Weezing|100/100 par|[from] item: Leftovers
|upkeep
|turn|6
|
|t:|1779865233
|-terastallize|p2a: Hatterene|Fire
|move|p2a: Hatterene|Calm Mind|p2a: Hatterene
|-boost|p2a: Hatterene|spa|1
|-boost|p2a: Hatterene|spd|1
|cant|p1a: Weezing|par
|
|-heal|p2a: Hatterene|54/100|[from] item: Leftovers
|upkeep
|turn|7
|
|t:|1779865241
|-end|p1a: Weezing|ability: Neutralizing Gas
|switch|p1a: Ogerpon|Ogerpon, F|100/100
|move|p2a: Hatterene|Mystical Fire|p1a: Ogerpon
|-supereffective|p1a: Ogerpon
|-damage|p1a: Ogerpon|0 fnt
|faint|p1a: Ogerpon
|
|-heal|p2a: Hatterene|60/100|[from] item: Leftovers
|upkeep
|
|t:|1779865259
|switch|p1a: Darkrai|Darkrai|15/100
|turn|8
|
|t:|1779865265
|-terastallize|p1a: Darkrai|Dark
|move|p1a: Darkrai|Dark Pulse|p2a: Hatterene
|-damage|p2a: Hatterene|0 fnt
|faint|p2a: Hatterene
|
|upkeep
|
|t:|1779865270
|switch|p2a: Dragapult|Dragapult, F|100/100
|turn|9
|
|t:|1779865273
|switch|p1a: Garchomp|Garchomp, F|100/100
|move|p2a: Dragapult|U-turn|p1a: Garchomp
|-damage|p1a: Garchomp|80/100
|-damage|p2a: Dragapult|88/100|[from] ability: Rough Skin|[of] p1a: Garchomp
|-damage|p2a: Dragapult|72/100|[from] item: Rocky Helmet|[of] p1a: Garchomp
|
|t:|1779865278
|switch|p2a: Dragonite|Dragonite, F|100/100|[from] U-turn
|
|upkeep
|turn|10
|
|t:|1779865282
|move|p2a: Dragonite|Dragon Dance|p2a: Dragonite
|-boost|p2a: Dragonite|atk|1
|-boost|p2a: Dragonite|spe|1
|move|p1a: Garchomp|Dragon Tail|p2a: Dragonite
|-supereffective|p2a: Dragonite
|-damage|p2a: Dragonite|82/100
|drag|p2a: Dragapult|Dragapult, F|72/100
|
|upkeep
|turn|11
|
|t:|1779865289
|move|p2a: Dragapult|Dragon Darts|p1a: Garchomp
|-supereffective|p1a: Garchomp
|-damage|p1a: Garchomp|35/100
|-anim|p2a: Dragapult|Dragon Darts|p1a: Garchomp
|-supereffective|p1a: Garchomp
|-damage|p1a: Garchomp|0 fnt
|faint|p1a: Garchomp
|
|upkeep
|
|t:|1779865293
|switch|p1a: Weezing|Weezing-Galar, F|100/100 par
|-ability|p1a: Weezing|Neutralizing Gas
|turn|12
|
|t:|1779865298
|switch|p2a: Great Tusk|Great Tusk|75/100
|move|p1a: Weezing|Will-O-Wisp|p2a: Great Tusk
|-status|p2a: Great Tusk|brn
|
|-damage|p2a: Great Tusk|69/100 brn|[from] brn
|upkeep
|turn|13
|
|t:|1779865306
|-end|p1a: Weezing|ability: Neutralizing Gas
|switch|p1a: Alomomola|Alomomola, M|100/100
|move|p2a: Great Tusk|Knock Off|p1a: Alomomola
|-damage|p1a: Alomomola|87/100
|-enditem|p1a: Alomomola|Assault Vest|[from] move: Knock Off|[of] p2a: Great Tusk
|
|-damage|p2a: Great Tusk|62/100 brn|[from] brn
|upkeep
|turn|14
|
|t:|1779865312
|-end|p2a: Great Tusk|Protosynthesis|[silent]
|switch|p2a: Alomomola|Alomomola, M|100/100
|move|p1a: Alomomola|Flip Turn|p2a: Alomomola
|-resisted|p2a: Alomomola
|-damage|p2a: Alomomola|96/100
|-damage|p1a: Alomomola|70/100|[from] item: Rocky Helmet|[of] p2a: Alomomola
|
|t:|1779865320
|switch|p1a: Darkrai|Darkrai, tera:Dark|15/100|[from] Flip Turn
|
|upkeep
|turn|15
|
|t:|1779865339
|switch|p2a: Great Tusk|Great Tusk|62/100 brn
|move|p1a: Darkrai|Dark Pulse|p2a: Great Tusk
|-resisted|p2a: Great Tusk
|-crit|p2a: Great Tusk
|-damage|p2a: Great Tusk|4/100 brn
|
|-damage|p2a: Great Tusk|0 fnt|[from] brn
|faint|p2a: Great Tusk
|-end|p2a: Great Tusk|Protosynthesis|[silent]
|upkeep
|
|t:|1779865342
|switch|p2a: Dragonite|Dragonite, F|82/100
|turn|16
|
|t:|1779865346
|move|p1a: Darkrai|Dark Pulse|p2a: Dragonite
|-damage|p2a: Dragonite|11/100
|move|p2a: Dragonite|Iron Head|p1a: Darkrai
|-damage|p1a: Darkrai|0 fnt
|faint|p1a: Darkrai
|
|-heal|p2a: Dragonite|17/100|[from] item: Leftovers
|upkeep
|
|t:|1779865351
|switch|p1a: Corviknight|Corviknight, M|68/100
|-ability|p1a: Corviknight|Pressure
|turn|17
|
|t:|1779865354
|move|p2a: Dragonite|Roost|p2a: Dragonite
|-heal|p2a: Dragonite|67/100
|-singleturn|p2a: Dragonite|move: Roost
|move|p1a: Corviknight|Brave Bird|p2a: Dragonite
|-damage|p2a: Dragonite|41/100
|-damage|p1a: Corviknight|61/100|[from] Recoil
|
|-heal|p2a: Dragonite|47/100|[from] item: Leftovers
|upkeep
|turn|18
|
|t:|1779865358
|switch|p2a: Alomomola|Alomomola, M|100/100
|move|p1a: Corviknight|Roost|p1a: Corviknight
|-heal|p1a: Corviknight|100/100
|-singleturn|p1a: Corviknight|move: Roost
|
|upkeep
|turn|19
|
|t:|1779865379
|move|p2a: Alomomola|Scald|p1a: Corviknight
|-damage|p1a: Corviknight|91/100
|move|p1a: Corviknight|U-turn|p2a: Alomomola
|-damage|p2a: Alomomola|93/100
|-damage|p1a: Corviknight|75/100|[from] item: Rocky Helmet|[of] p2a: Alomomola
|
|t:|1779865388
|switch|p1a: Weezing|Weezing-Galar, F|100/100 par|[from] U-turn
|-ability|p1a: Weezing|Neutralizing Gas
|
|upkeep
|turn|20
|
|t:|1779865395
|move|p2a: Alomomola|Wish|p2a: Alomomola
|move|p1a: Weezing|Sludge Bomb|p2a: Alomomola
|-damage|p2a: Alomomola|61/100
|
|upkeep
|turn|21
|
|t:|1779865402
|move|p2a: Alomomola|Flip Turn|p1a: Weezing
|-damage|p1a: Weezing|91/100 par
|
|t:|1779865405
|switch|p2a: Dragonite|Dragonite, F|47/100|[from] Flip Turn
|move|p1a: Weezing|Sludge Bomb|p2a: Dragonite
|-damage|p2a: Dragonite|24/100
|
|-heal|p2a: Dragonite|97/100|[from] move: Wish|[wisher] Alomomola
|-heal|p2a: Dragonite|100/100|[from] item: Leftovers
|-heal|p1a: Weezing|97/100 par|[from] item: Leftovers
|upkeep
|turn|22
|
|t:|1779865411
|move|p2a: Dragonite|Iron Head|p1a: Weezing
|-supereffective|p1a: Weezing
|-damage|p1a: Weezing|68/100 par
|cant|p1a: Weezing|flinch
|
|-heal|p1a: Weezing|74/100 par|[from] item: Leftovers
|upkeep
|turn|23
|
|t:|1779865419
|switch|p2a: Alomomola|Alomomola, M|61/100
|cant|p1a: Weezing|par
|
|-heal|p1a: Weezing|80/100 par|[from] item: Leftovers
|upkeep
|turn|24
|
|t:|1779865422
|move|p2a: Alomomola|Scald|p1a: Weezing
|-crit|p1a: Weezing
|-damage|p1a: Weezing|50/100 par
|cant|p1a: Weezing|par
|
|-heal|p1a: Weezing|56/100 par|[from] item: Leftovers
|upkeep
|turn|25
|
|t:|1779865425
|move|p2a: Alomomola|Scald|p1a: Weezing
|-damage|p1a: Weezing|37/100 par
|move|p1a: Weezing|Sludge Bomb|p2a: Alomomola
|-damage|p2a: Alomomola|31/100
|
|-heal|p1a: Weezing|43/100 par|[from] item: Leftovers
|upkeep
|turn|26
|
|t:|1779865428
|move|p2a: Alomomola|Scald|p1a: Weezing
|-damage|p1a: Weezing|24/100 par
|cant|p1a: Weezing|par
|
|-heal|p1a: Weezing|30/100 par|[from] item: Leftovers
|upkeep
|turn|27
|
|t:|1779865432
|move|p2a: Alomomola|Scald|p1a: Weezing
|-damage|p1a: Weezing|12/100 par
|move|p1a: Weezing|Pain Split|p2a: Alomomola
|-sethp|p2a: Alomomola|19/100|[from] move: Pain Split|[silent]
|-sethp|p1a: Weezing|31/100 par|[from] move: Pain Split
|
|-heal|p1a: Weezing|37/100 par|[from] item: Leftovers
|upkeep
|turn|28
|
|t:|1779865438
|move|p2a: Alomomola|Scald|p1a: Weezing
|-damage|p1a: Weezing|19/100 par
|move|p1a: Weezing|Sludge Bomb|p2a: Alomomola
|-damage|p2a: Alomomola|0 fnt
|faint|p2a: Alomomola
|
|-heal|p1a: Weezing|25/100 par|[from] item: Leftovers
|upkeep
|
|t:|1779865443
|switch|p2a: Dragonite|Dragonite, F|100/100
|turn|29
|
|t:|1779865446
|move|p2a: Dragonite|Iron Head|p1a: Weezing
|-supereffective|p1a: Weezing
|-damage|p1a: Weezing|0 fnt
|faint|p1a: Weezing
|-end|p1a: Weezing|ability: Neutralizing Gas
|
|upkeep
|
|t:|1779865451
|switch|p1a: Corviknight|Corviknight, M|75/100
|-ability|p1a: Corviknight|Pressure
|turn|30
|
|t:|1779865455
|move|p2a: Dragonite|Dragon Dance|p2a: Dragonite
|-boost|p2a: Dragonite|atk|1
|-boost|p2a: Dragonite|spe|1
|move|p1a: Corviknight|Roost|p1a: Corviknight
|-heal|p1a: Corviknight|100/100
|-singleturn|p1a: Corviknight|move: Roost
|
|upkeep
|turn|31
|
|t:|1779865460
|move|p2a: Dragonite|Dragon Dance|p2a: Dragonite
|-boost|p2a: Dragonite|atk|1
|-boost|p2a: Dragonite|spe|1
|move|p1a: Corviknight|Brave Bird|p2a: Dragonite
|-damage|p2a: Dragonite|86/100
|-damage|p1a: Corviknight|96/100|[from] Recoil
|
|-heal|p2a: Dragonite|92/100|[from] item: Leftovers
|upkeep
|turn|32
|
|t:|1779865462
|move|p2a: Dragonite|Dragon Dance|p2a: Dragonite
|-boost|p2a: Dragonite|atk|1
|-boost|p2a: Dragonite|spe|1
|move|p1a: Corviknight|Brave Bird|p2a: Dragonite
|-damage|p2a: Dragonite|64/100
|-damage|p1a: Corviknight|87/100|[from] Recoil
|
|-heal|p2a: Dragonite|70/100|[from] item: Leftovers
|upkeep
|turn|33
|
|t:|1779865467
|move|p2a: Dragonite|Dragon Dance|p2a: Dragonite
|-boost|p2a: Dragonite|atk|1
|-boost|p2a: Dragonite|spe|1
|move|p1a: Corviknight|Brave Bird|p2a: Dragonite
|-damage|p2a: Dragonite|44/100
|-damage|p1a: Corviknight|80/100|[from] Recoil
|
|-heal|p2a: Dragonite|50/100|[from] item: Leftovers
|upkeep
|turn|34
|
|t:|1779865469
|move|p2a: Dragonite|Roost|p2a: Dragonite
|-heal|p2a: Dragonite|99/100
|-singleturn|p2a: Dragonite|move: Roost
|move|p1a: Corviknight|Brave Bird|p2a: Dragonite
|-damage|p2a: Dragonite|74/100
|-damage|p1a: Corviknight|72/100|[from] Recoil
|
|-heal|p2a: Dragonite|80/100|[from] item: Leftovers
|upkeep
|turn|35
|
|t:|1779865471
|move|p2a: Dragonite|Dragon Dance|p2a: Dragonite
|-boost|p2a: Dragonite|atk|1
|-boost|p2a: Dragonite|spe|1
|move|p1a: Corviknight|Brave Bird|p2a: Dragonite
|-damage|p2a: Dragonite|51/100
|-damage|p1a: Corviknight|63/100|[from] Recoil
|
|-heal|p2a: Dragonite|57/100|[from] item: Leftovers
|upkeep
|turn|36
|
|t:|1779865475
|move|p2a: Dragonite|Roost|p2a: Dragonite
|-heal|p2a: Dragonite|100/100
|-singleturn|p2a: Dragonite|move: Roost
|move|p1a: Corviknight|Roost|p1a: Corviknight
|-heal|p1a: Corviknight|100/100
|-singleturn|p1a: Corviknight|move: Roost
|
|upkeep
|turn|37
|
|t:|1779865477
|move|p2a: Dragonite|Dragon Dance|p2a: Dragonite
|-boost|p2a: Dragonite|atk|1
|-boost|p2a: Dragonite|spe|1
|move|p1a: Corviknight|Brave Bird|p2a: Dragonite
|-damage|p2a: Dragonite|87/100
|-damage|p1a: Corviknight|96/100|[from] Recoil
|
|-heal|p2a: Dragonite|93/100|[from] item: Leftovers
|upkeep
|turn|38
|
|t:|1779865478
|move|p2a: Dragonite|Iron Head|p1a: Corviknight
|-resisted|p1a: Corviknight
|-damage|p1a: Corviknight|60/100
|cant|p1a: Corviknight|flinch
|
|-heal|p2a: Dragonite|99/100|[from] item: Leftovers
|upkeep
|turn|39
|
|t:|1779865484
|switch|p1a: Alomomola|Alomomola, M|100/100
|move|p2a: Dragonite|Iron Head|p1a: Alomomola
|-resisted|p1a: Alomomola
|-damage|p1a: Alomomola|67/100
|
|-heal|p2a: Dragonite|100/100|[from] item: Leftovers
|upkeep
|turn|40
|
|t:|1779865486
|move|p2a: Dragonite|Earthquake|p1a: Alomomola
|-damage|p1a: Alomomola|0 fnt
|faint|p1a: Alomomola
|
|upkeep
|-message|chefivan forfeited.
|
|win|randomcan42
|raw|chefivan's rating: 1369 &rarr; <strong>1348</strong><br />(-21 for losing)
|raw|randomcan42's rating: 1345 &rarr; <strong>1366</strong><br />(+21 for winning)
|l|☆chefivan
|player|p1|
|l|☆randomcan42
|player|p2|
