|j|☆BodeDaGod
|j|☆kamzisontop
|t:|1779805732
|gametype|singles
|player|p1|BodeDaGod|cowgirl|1296
|player|p2|kamzisontop|pilot|1365
|gen|9
|tier|[Gen 9] OU
|rated|
|rule|HP Percentage Mod: HP is shown in percentages
|rule|Endless Battle Clause: Forcing endless battles is banned
|rule|Species Clause: Limit one of each Pokémon
|rule|OHKO Clause: OHKO moves are banned
|rule|Evasion Items Clause: Evasion items are banned
|rule|Evasion Moves Clause: Evasion moves are banned
|rule|Evasion Abilities Clause: Evasion abilities are banned
|rule|Sleep Moves Clause: Sleep-inducing moves are banned
|clearpoke
|poke|p1|Samurott-Hisui, M|
|poke|p1|Dragonite, F|
|poke|p1|Kingambit, F|
|poke|p1|Iron Moth|
|poke|p1|Iron Valiant|
|poke|p1|Moltres-Galar|
|poke|p2|Zamazenta-*|
|poke|p2|Kyurem|
|poke|p2|Slowking-Galar, F|
|poke|p2|Kingambit, M|
|poke|p2|Great Tusk|
|poke|p2|Alomomola, M|
|teampreview
|inactive|Battle timer is ON: inactive players will automatically lose when time's up. (requested by kamzisontop)
|inactive|BodeDaGod also wants the timer to be on.
|
|t:|1779805746
|teamsize|p1|6
|teamsize|p2|6
|start
|switch|p1a: Samurott|Samurott-Hisui, M|100/100
|switch|p2a: Sensational|Zamazenta, shiny|100/100
|-ability|p2a: Sensational|Dauntless Shield|boost
|-boost|p2a: Sensational|def|1
|turn|1
|
|t:|1779805766
|move|p2a: Sensational|Close Combat|p1a: Samurott
|-supereffective|p1a: Samurott
|-enditem|p1a: Samurott|Focus Sash
|-damage|p1a: Samurott|1/100
|-unboost|p2a: Sensational|def|1
|-unboost|p2a: Sensational|spd|1
|move|p1a: Samurott|Ceaseless Edge|p2a: Sensational
|-resisted|p2a: Sensational
|-damage|p2a: Sensational|78/100
|-sidestart|p2: kamzisontop|Spikes
|
|upkeep
|turn|2
|
|t:|1779805776
|switch|p2a: Elephant Ears|Great Tusk|100/100
|-damage|p2a: Elephant Ears|88/100|[from] Spikes
|move|p1a: Samurott|Sucker Punch||[still]
|-fail|p1a: Samurott
|
|upkeep
|turn|3
|
|t:|1779805784
|move|p1a: Samurott|Sucker Punch|p2a: Elephant Ears
|-resisted|p2a: Elephant Ears
|-damage|p2a: Elephant Ears|77/100
|-damage|p1a: Samurott|0 fnt|[from] item: Rocky Helmet|[of] p2a: Elephant Ears
|faint|p1a: Samurott
|move|p2a: Elephant Ears|Rapid Spin|p1: Samurott|[notarget]
|-fail|p2a: Elephant Ears
|
|upkeep
|
|t:|1779805802
|switch|p1a: Iron Valiant|Iron Valiant|100/100
|-enditem|p1a: Iron Valiant|Booster Energy
|-activate|p1a: Iron Valiant|ability: Quark Drive|[fromitem]
|-start|p1a: Iron Valiant|quarkdrivespe
|turn|4
|
|t:|1779805811
|-end|p2a: Elephant Ears|Protosynthesis|[silent]
|switch|p2a: Le Chonk|Slowking-Galar, F, shiny|100/100
|-damage|p2a: Le Chonk|88/100|[from] Spikes
|move|p1a: Iron Valiant|Moonblast|p2a: Le Chonk
|-resisted|p2a: Le Chonk
|-damage|p2a: Le Chonk|78/100
|-unboost|p2a: Le Chonk|spa|1
|
|upkeep
|turn|5
|
|t:|1779805828
|switch|p2a: Sensational|Zamazenta, shiny|78/100
|-damage|p2a: Sensational|66/100|[from] Spikes
|move|p1a: Iron Valiant|Knock Off|p2a: Sensational
|-resisted|p2a: Sensational
|-damage|p2a: Sensational|51/100
|-enditem|p2a: Sensational|Choice Band|[from] move: Knock Off|[of] p1a: Iron Valiant
|
|upkeep
|turn|6
|
|t:|1779805845
|move|p1a: Iron Valiant|Moonblast|p2a: Sensational
|-supereffective|p2a: Sensational
|-damage|p2a: Sensational|0 fnt
|faint|p2a: Sensational
|
|upkeep
|
|t:|1779805854
|switch|p2a: 50/50 Wipe|Kingambit, M|100/100
|-damage|p2a: 50/50 Wipe|88/100|[from] Spikes
|-activate|p2a: 50/50 Wipe|ability: Supreme Overlord
|-start|p2a: 50/50 Wipe|fallen1|[silent]
|turn|7
|
|t:|1779805864
|-terastallize|p2a: 50/50 Wipe|Ghost
|move|p1a: Iron Valiant|Close Combat|p2a: 50/50 Wipe
|-immune|p2a: 50/50 Wipe
|move|p2a: 50/50 Wipe|Iron Head|p1a: Iron Valiant
|-supereffective|p1a: Iron Valiant
|-damage|p1a: Iron Valiant|0 fnt
|faint|p1a: Iron Valiant
|-end|p1a: Iron Valiant|Quark Drive|[silent]
|
|-heal|p2a: 50/50 Wipe|94/100|[from] item: Leftovers
|upkeep
|
|t:|1779805880
|switch|p1a: Moltres|Moltres-Galar|100/100
|turn|8
|
|t:|1779805909
|-end|p2a: 50/50 Wipe|fallen1|[silent]
|switch|p2a: Nancy Pelosi|Alomomola, M, shiny|100/100
|move|p1a: Moltres|Agility|p1a: Moltres
|-boost|p1a: Moltres|spe|2
|
|upkeep
|turn|9
|
|t:|1779805916
|move|p1a: Moltres|Nasty Plot|p1a: Moltres
|-boost|p1a: Moltres|spa|2
|move|p2a: Nancy Pelosi|Flip Turn|p1a: Moltres
|-damage|p1a: Moltres|82/100
|
|t:|1779805923
|switch|p2a: Elephant Ears|Great Tusk|77/100|[from] Flip Turn
|-damage|p2a: Elephant Ears|64/100|[from] Spikes
|
|upkeep
|turn|10
|
|t:|1779805929
|move|p1a: Moltres|Fiery Wrath|p2a: Elephant Ears
|-resisted|p2a: Elephant Ears
|-damage|p2a: Elephant Ears|11/100
|move|p2a: Elephant Ears|Stealth Rock|p1a: Moltres
|-sidestart|p1: BodeDaGod|move: Stealth Rock
|
|upkeep
|turn|11
|
|t:|1779805943
|move|p1a: Moltres|Fiery Wrath|p2a: Elephant Ears
|-resisted|p2a: Elephant Ears
|-damage|p2a: Elephant Ears|0 fnt
|faint|p2a: Elephant Ears
|-end|p2a: Elephant Ears|Protosynthesis|[silent]
|
|upkeep
|
|t:|1779805957
|switch|p2a: Le Chonk|Slowking-Galar, F, shiny|100/100
|-damage|p2a: Le Chonk|88/100|[from] Spikes
|turn|12
|
|t:|1779805963
|move|p1a: Moltres|Fiery Wrath|p2a: Le Chonk
|-supereffective|p2a: Le Chonk
|-damage|p2a: Le Chonk|0 fnt
|faint|p2a: Le Chonk
|
|upkeep
|
|t:|1779805971
|switch|p2a: pew pew|Kyurem|100/100
|-damage|p2a: pew pew|88/100|[from] Spikes
|-ability|p2a: pew pew|Pressure
|turn|13
|inactive|BodeDaGod has 120 seconds left.
|
|t:|1779806010
|-terastallize|p1a: Moltres|Fairy
|move|p1a: Moltres|Fiery Wrath|p2a: pew pew
|-damage|p2a: pew pew|10/100
|move|p2a: pew pew|Ice Beam|p1a: Moltres
|-damage|p1a: Moltres|24/100
|-ability|p1a: Moltres|Berserk|boost
|-boost|p1a: Moltres|spa|1
|-enditem|p1a: Moltres|Sitrus Berry|[eat]
|-heal|p1a: Moltres|49/100|[from] item: Sitrus Berry
|
|upkeep
|turn|14
|inactive|BodeDaGod has 120 seconds left.
|
|t:|1779806023
|move|p1a: Moltres|Fiery Wrath|p2a: pew pew
|-damage|p2a: pew pew|0 fnt
|faint|p2a: pew pew
|
|upkeep
|
|t:|1779806029
|switch|p2a: Nancy Pelosi|Alomomola, M, shiny|100/100
|turn|15
|
|t:|1779806033
|move|p1a: Moltres|Fiery Wrath|p2a: Nancy Pelosi
|-damage|p2a: Nancy Pelosi|0 fnt
|faint|p2a: Nancy Pelosi
|
|upkeep
|
|t:|1779806036
|switch|p2a: 50/50 Wipe|Kingambit, M, tera:Ghost|94/100
|-damage|p2a: 50/50 Wipe|82/100|[from] Spikes
|-activate|p2a: 50/50 Wipe|ability: Supreme Overlord
|-start|p2a: 50/50 Wipe|fallen5|[silent]
|turn|16
|
|t:|1779806055
|move|p2a: 50/50 Wipe|Sucker Punch|p1a: Moltres
|-resisted|p1a: Moltres
|-damage|p1a: Moltres|13/100
|move|p1a: Moltres|Fiery Wrath|p2a: 50/50 Wipe
|-supereffective|p2a: 50/50 Wipe
|-damage|p2a: 50/50 Wipe|0 fnt
|faint|p2a: 50/50 Wipe
|-end|p2a: 50/50 Wipe|fallen5|[silent]
|
|win|BodeDaGod
|raw|BodeDaGod's rating: 1296 &rarr; <strong>1326</strong><br />(+30 for winning)
|raw|kamzisontop's rating: 1365 &rarr; <strong>1341</strong><br />(-24 for losing)
|l|☆kamzisontop
|player|p2|
