|j|☆Ellunae
|j|☆claudechamp
|t:|1779885331
|gametype|singles
|player|p1|Ellunae|cynthia|1348
|player|p2|claudechamp|169|1331
|gen|9
|tier|[Gen 9] OU
|rated|
|rule|HP Percentage Mod: HP is shown in percentages
|rule|Endless Battle Clause: Forcing endless battles is banned
|rule|Species Clause: Limit one of each Pokémon
|rule|OHKO Clause: OHKO moves are banned
|rule|Evasion Items Clause: Evasion items are banned
|rule|Evasion Moves Clause: Evasion moves are banned
|rule|Evasion Abilities Clause: Evasion abilities are banned
|rule|Sleep Moves Clause: Sleep-inducing moves are banned
|clearpoke
|poke|p1|Toxapex, F|
|poke|p1|Corviknight, F|
|poke|p1|Dondozo, F|
|poke|p1|Clefable, F|
|poke|p1|Gliscor, F|
|poke|p1|Clodsire, F|
|poke|p2|Gliscor, F|
|poke|p2|Ogerpon, F|
|poke|p2|Walking Wake|
|poke|p2|Blissey, F|
|poke|p2|Corviknight, F|
|poke|p2|Pecharunt|
|teampreview
|inactive|Battle timer is ON: inactive players will automatically lose when time's up. (requested by Ellunae)
|c|☆claudechamp|hf
|
|t:|1779885337
|teamsize|p1|6
|teamsize|p2|6
|start
|switch|p1a: Gliscor|Gliscor, F|100/100
|switch|p2a: Gliscor|Gliscor, F|100/100
|turn|1
|inactive|claudechamp also wants the timer to be on.
|
|t:|1779885353
|move|p1a: Gliscor|Protect|p1a: Gliscor
|-singleturn|p1a: Gliscor|Protect
|move|p2a: Gliscor|Spikes|p1a: Gliscor
|-sidestart|p1: Ellunae|Spikes
|
|-status|p1a: Gliscor|tox|[from] item: Toxic Orb
|-status|p2a: Gliscor|tox|[from] item: Toxic Orb
|upkeep
|turn|2
|
|t:|1779885355
|move|p1a: Gliscor|Substitute|p1a: Gliscor
|-start|p1a: Gliscor|Substitute
|-damage|p1a: Gliscor|75/100 tox
|move|p2a: Gliscor|Spikes|p1a: Gliscor
|-sidestart|p1: Ellunae|Spikes
|
|-heal|p1a: Gliscor|88/100 tox|[from] ability: Poison Heal
|upkeep
|turn|3
|
|t:|1779885358
|switch|p2a: Blissey|Blissey, F|100/100
|move|p1a: Gliscor|Knock Off|p2a: Blissey
|-damage|p2a: Blissey|80/100
|-enditem|p2a: Blissey|Heavy-Duty Boots|[from] move: Knock Off|[of] p1a: Gliscor
|
|-heal|p1a: Gliscor|100/100 tox|[from] ability: Poison Heal
|upkeep
|turn|4
|
|t:|1779885360
|move|p1a: Gliscor|Toxic|p2a: Blissey
|-status|p2a: Blissey|tox
|move|p2a: Blissey|Seismic Toss|p1a: Gliscor
|-end|p1a: Gliscor|Substitute
|
|-damage|p2a: Blissey|74/100 tox|[from] psn
|upkeep
|turn|5
|
|t:|1779885367
|switch|p1a: Corviknight|Corviknight, F|100/100
|-ability|p1a: Corviknight|Pressure
|move|p2a: Blissey|Stealth Rock|p1a: Corviknight
|-sidestart|p1: Ellunae|move: Stealth Rock
|
|-damage|p2a: Blissey|61/100 tox|[from] psn
|upkeep
|turn|6
|
|t:|1779885370
|-curestatus|p2a: Blissey|tox|[from] ability: Natural Cure|[silent]
|switch|p2a: Pecharunt|Pecharunt|100/100
|move|p1a: Corviknight|Defog|p2a: Pecharunt
|-unboost|p2a: Pecharunt|evasion|1
|-sideend|p1: Ellunae|Spikes|[from] move: Defog|[of] p1a: Corviknight
|-sideend|p1: Ellunae|Stealth Rock|[from] move: Defog|[of] p1a: Corviknight
|
|upkeep
|turn|7
|
|t:|1779885380
|move|p1a: Corviknight|Protect|p1a: Corviknight
|-singleturn|p1a: Corviknight|Protect
|move|p2a: Pecharunt|Parting Shot|p1a: Corviknight
|-activate|p1a: Corviknight|move: Protect
|
|upkeep
|turn|8
|
|t:|1779885386
|switch|p1a: Toxapex|Toxapex, F|100/100
|move|p2a: Pecharunt|Parting Shot|p1a: Toxapex
|-unboost|p1a: Toxapex|atk|1
|-unboost|p1a: Toxapex|spa|1
|
|t:|1779885391
|switch|p2a: Blissey|Blissey, F|61/100|[from] Parting Shot
|
|upkeep
|turn|9
|
|t:|1779885396
|move|p2a: Blissey|Stealth Rock|p1a: Toxapex
|-sidestart|p1: Ellunae|move: Stealth Rock
|move|p1a: Toxapex|Infestation|p2a: Blissey
|-damage|p2a: Blissey|61/100
|-activate|p2a: Blissey|move: Infestation|[of] p1a: Toxapex
|
|-damage|p2a: Blissey|48/100|[from] move: Infestation|[partiallytrapped]
|upkeep
|turn|10
|
|t:|1779885402
|move|p2a: Blissey|Soft-Boiled|p2a: Blissey
|-heal|p2a: Blissey|98/100
|move|p1a: Toxapex|Poison Jab|p2a: Blissey
|-damage|p2a: Blissey|85/100
|-status|p2a: Blissey|psn
|
|-damage|p2a: Blissey|72/100 psn|[from] psn
|-damage|p2a: Blissey|60/100 psn|[from] move: Infestation|[partiallytrapped]
|upkeep
|turn|11
|
|t:|1779885409
|move|p2a: Blissey|Soft-Boiled|p2a: Blissey
|-heal|p2a: Blissey|100/100 psn
|move|p1a: Toxapex|Poison Jab|p2a: Blissey
|-damage|p2a: Blissey|86/100 psn
|
|-damage|p2a: Blissey|74/100 psn|[from] psn
|-damage|p2a: Blissey|61/100 psn|[from] move: Infestation|[partiallytrapped]
|upkeep
|turn|12
|
|t:|1779885414
|move|p2a: Blissey|Seismic Toss|p1a: Toxapex
|-damage|p1a: Toxapex|68/100
|move|p1a: Toxapex|Poison Jab|p2a: Blissey
|-damage|p2a: Blissey|48/100 psn
|
|-heal|p1a: Toxapex|74/100|[from] item: Leftovers
|-damage|p2a: Blissey|35/100 psn|[from] psn
|-damage|p2a: Blissey|23/100 psn|[from] move: Infestation|[partiallytrapped]
|upkeep
|turn|13
|
|t:|1779885418
|move|p2a: Blissey|Soft-Boiled|p2a: Blissey
|-heal|p2a: Blissey|73/100 psn
|move|p1a: Toxapex|Recover|p1a: Toxapex
|-heal|p1a: Toxapex|100/100
|
|-damage|p2a: Blissey|60/100 psn|[from] psn
|-end|p2a: Blissey|Infestation|[partiallytrapped]
|upkeep
|turn|14
|
|t:|1779885424
|-curestatus|p2a: Blissey|psn|[from] ability: Natural Cure|[silent]
|switch|p2a: Walking Wake|Walking Wake|100/100
|move|p1a: Toxapex|Infestation|p2a: Walking Wake
|-damage|p2a: Walking Wake|98/100
|-activate|p2a: Walking Wake|move: Infestation|[of] p1a: Toxapex
|
|-damage|p2a: Walking Wake|86/100|[from] move: Infestation|[partiallytrapped]
|upkeep
|turn|15
|
|t:|1779885429
|move|p1a: Toxapex|Baneful Bunker|p1a: Toxapex
|-singleturn|p1a: Toxapex|move: Protect
|move|p2a: Walking Wake|Substitute|p2a: Walking Wake
|-start|p2a: Walking Wake|Substitute
|-end|p2a: Walking Wake|Infestation|[partiallytrapped]|[silent]
|-damage|p2a: Walking Wake|61/100
|
|upkeep
|turn|16
|
|t:|1779885440
|switch|p1a: Clodsire|Clodsire, F|100/100
|move|p2a: Walking Wake|Surf|p1a: Clodsire
|-supereffective|p1a: Clodsire
|-damage|p1a: Clodsire|56/100
|
|upkeep
|turn|17
|
|t:|1779885444
|-terastallize|p1a: Clodsire|Steel
|move|p2a: Walking Wake|Surf|p1a: Clodsire
|-damage|p1a: Clodsire|33/100
|move|p1a: Clodsire|Recover|p1a: Clodsire
|-heal|p1a: Clodsire|83/100
|
|upkeep
|turn|18
|
|t:|1779885450
|move|p2a: Walking Wake|Knock Off|p1a: Clodsire
|-damage|p1a: Clodsire|63/100
|-enditem|p1a: Clodsire|Heavy-Duty Boots|[from] move: Knock Off|[of] p2a: Walking Wake
|move|p1a: Clodsire|Spikes|p2a: Walking Wake
|-sidestart|p2: claudechamp|Spikes
|
|upkeep
|turn|19
|
|t:|1779885456
|-end|p2a: Walking Wake|Protosynthesis|[silent]
|switch|p2a: Blissey|Blissey, F|60/100
|-damage|p2a: Blissey|48/100|[from] Spikes
|move|p1a: Clodsire|Spikes|p2a: Blissey
|-sidestart|p2: claudechamp|Spikes
|
|upkeep
|turn|20
|
|t:|1779885462
|move|p2a: Blissey|Soft-Boiled|p2a: Blissey
|-heal|p2a: Blissey|98/100
|move|p1a: Clodsire|Spikes|p2a: Blissey
|-sidestart|p2: claudechamp|Spikes
|
|upkeep
|turn|21
|
|t:|1779885468
|move|p2a: Blissey|Seismic Toss|p1a: Clodsire
|-damage|p1a: Clodsire|41/100
|move|p1a: Clodsire|Earthquake|p2a: Blissey
|-damage|p2a: Blissey|68/100
|
|upkeep
|turn|22
|
|t:|1779885474
|move|p2a: Blissey|Soft-Boiled|p2a: Blissey
|-heal|p2a: Blissey|100/100
|move|p1a: Clodsire|Recover|p1a: Clodsire
|-heal|p1a: Clodsire|91/100
|
|upkeep
|turn|23
|
|t:|1779885482
|switch|p1a: Gliscor|Gliscor, F|100/100 tox
|-damage|p1a: Gliscor|88/100 tox|[from] Stealth Rock
|move|p2a: Blissey|Seismic Toss|p1a: Gliscor
|-damage|p1a: Gliscor|60/100 tox
|
|-heal|p1a: Gliscor|72/100 tox|[from] ability: Poison Heal
|upkeep
|turn|24
|
|t:|1779885490
|switch|p2a: Gliscor|Gliscor, F|100/100 tox
|move|p1a: Gliscor|Toxic|p2a: Gliscor
|-fail|p2a: Gliscor|tox
|
|-heal|p1a: Gliscor|85/100 tox|[from] ability: Poison Heal
|upkeep
|turn|25
|
|t:|1779885497
|switch|p1a: Clefable|Clefable, F|100/100
|move|p2a: Gliscor|Protect||[still]
|-fail|p2a: Gliscor
|
|upkeep
|turn|26
|
|t:|1779885508
|switch|p2a: Walking Wake|Walking Wake|61/100
|move|p1a: Clefable|Stealth Rock|p2a: Walking Wake
|-sidestart|p2: claudechamp|move: Stealth Rock
|
|upkeep
|turn|27
|
|t:|1779885516
|move|p2a: Walking Wake|Knock Off|p1a: Clefable
|-resisted|p1a: Clefable
|-damage|p1a: Clefable|95/100
|-enditem|p1a: Clefable|Sticky Barb|[from] move: Knock Off|[of] p2a: Walking Wake
|move|p1a: Clefable|Moonblast|p2a: Walking Wake
|-supereffective|p2a: Walking Wake
|-crit|p2a: Walking Wake
|-damage|p2a: Walking Wake|0 fnt
|faint|p2a: Walking Wake
|-end|p2a: Walking Wake|Protosynthesis|[silent]
|
|upkeep
|
|t:|1779885528
|switch|p2a: Ogerpon|Ogerpon, F|100/100
|turn|28
|
|t:|1779885539
|move|p2a: Ogerpon|Ivy Cudgel|p1a: Clefable
|-damage|p1a: Clefable|59/100
|move|p1a: Clefable|Knock Off|p2a: Ogerpon
|-damage|p2a: Ogerpon|81/100
|-enditem|p2a: Ogerpon|Heavy-Duty Boots|[from] move: Knock Off|[of] p1a: Clefable
|
|upkeep
|turn|29
|
|t:|1779885551
|switch|p1a: Corviknight|Corviknight, F|100/100
|-damage|p1a: Corviknight|88/100|[from] Stealth Rock
|-ability|p1a: Corviknight|Pressure
|move|p2a: Ogerpon|Ivy Cudgel|p1a: Corviknight
|-resisted|p1a: Corviknight
|-damage|p1a: Corviknight|78/100
|
|-heal|p1a: Corviknight|84/100|[from] item: Leftovers
|upkeep
|turn|30
|
|t:|1779885557
|move|p2a: Ogerpon|U-turn|p1a: Corviknight
|-resisted|p1a: Corviknight
|-damage|p1a: Corviknight|80/100
|
|t:|1779885565
|switch|p2a: Gliscor|Gliscor, F|100/100 tox|[from] U-turn
|-damage|p2a: Gliscor|88/100 tox|[from] Stealth Rock
|move|p1a: Corviknight|Brave Bird|p2a: Gliscor
|-damage|p2a: Gliscor|57/100 tox
|-damage|p1a: Corviknight|71/100|[from] Recoil
|
|-heal|p1a: Corviknight|77/100|[from] item: Leftovers
|-heal|p2a: Gliscor|70/100 tox|[from] ability: Poison Heal
|upkeep
|turn|31
|
|t:|1779885576
|move|p2a: Gliscor|Protect|p2a: Gliscor
|-singleturn|p2a: Gliscor|Protect
|move|p1a: Corviknight|Protect||[still]
|-fail|p1a: Corviknight
|
|-heal|p1a: Corviknight|83/100|[from] item: Leftovers
|-heal|p2a: Gliscor|82/100 tox|[from] ability: Poison Heal
|upkeep
|turn|32
|
|t:|1779885587
|move|p2a: Gliscor|Spikes|p1a: Corviknight
|-sidestart|p1: Ellunae|Spikes
|move|p1a: Corviknight|Brave Bird|p2a: Gliscor
|-damage|p2a: Gliscor|52/100 tox
|-damage|p1a: Corviknight|74/100|[from] Recoil
|
|-heal|p1a: Corviknight|81/100|[from] item: Leftovers
|-heal|p2a: Gliscor|65/100 tox|[from] ability: Poison Heal
|upkeep
|turn|33
|
|t:|1779885596
|switch|p1a: Clefable|Clefable, F|59/100
|move|p2a: Gliscor|Protect||[still]
|-fail|p2a: Gliscor
|
|-heal|p2a: Gliscor|77/100 tox|[from] ability: Poison Heal
|upkeep
|turn|34
|
|t:|1779885610
|move|p2a: Gliscor|Spikes|p1a: Clefable
|-sidestart|p1: Ellunae|Spikes
|move|p1a: Clefable|Moonlight|p1a: Clefable
|-heal|p1a: Clefable|100/100
|
|-heal|p2a: Gliscor|90/100 tox|[from] ability: Poison Heal
|upkeep
|turn|35
|
|t:|1779885619
|switch|p2a: Blissey|Blissey, F|100/100
|-damage|p2a: Blissey|75/100|[from] Spikes
|-damage|p2a: Blissey|63/100|[from] Stealth Rock
|move|p1a: Clefable|Moonblast|p2a: Blissey
|-crit|p2a: Blissey
|-damage|p2a: Blissey|47/100
|
|upkeep
|turn|36
|
|t:|1779885631
|switch|p1a: Gliscor|Gliscor, F|85/100 tox
|-damage|p1a: Gliscor|72/100 tox|[from] Stealth Rock
|move|p2a: Blissey|Soft-Boiled|p2a: Blissey
|-heal|p2a: Blissey|97/100
|
|-heal|p1a: Gliscor|85/100 tox|[from] ability: Poison Heal
|upkeep
|turn|37
|
|t:|1779885641
|move|p1a: Gliscor|Toxic|p2a: Blissey
|-status|p2a: Blissey|tox
|move|p2a: Blissey|Seismic Toss|p1a: Gliscor
|-damage|p1a: Gliscor|56/100 tox
|
|-heal|p1a: Gliscor|69/100 tox|[from] ability: Poison Heal
|-damage|p2a: Blissey|91/100 tox|[from] psn
|upkeep
|turn|38
|
|t:|1779885650
|-curestatus|p2a: Blissey|tox|[from] ability: Natural Cure|[silent]
|switch|p2a: Gliscor|Gliscor, F|90/100 tox
|-damage|p2a: Gliscor|77/100 tox|[from] Stealth Rock
|move|p1a: Gliscor|Substitute|p1a: Gliscor
|-start|p1a: Gliscor|Substitute
|-damage|p1a: Gliscor|44/100 tox
|
|-heal|p1a: Gliscor|56/100 tox|[from] ability: Poison Heal
|-heal|p2a: Gliscor|90/100 tox|[from] ability: Poison Heal
|upkeep
|turn|39
|
|t:|1779885666
|switch|p2a: Corviknight|Corviknight, F|100/100
|-ability|p2a: Corviknight|Pressure
|move|p1a: Gliscor|Knock Off|p2a: Corviknight
|-damage|p2a: Corviknight|87/100
|-enditem|p2a: Corviknight|Heavy-Duty Boots|[from] move: Knock Off|[of] p1a: Gliscor
|
|-heal|p1a: Gliscor|69/100 tox|[from] ability: Poison Heal
|upkeep
|turn|40
|
|t:|1779885680
|move|p1a: Gliscor|Protect|p1a: Gliscor
|-singleturn|p1a: Gliscor|Protect
|move|p2a: Corviknight|U-turn|p1a: Gliscor
|-activate|p1a: Gliscor|move: Protect
|
|-heal|p1a: Gliscor|81/100 tox|[from] ability: Poison Heal
|upkeep
|turn|41
|
|t:|1779885693
|switch|p2a: Gliscor|Gliscor, F|90/100 tox
|-damage|p2a: Gliscor|77/100 tox|[from] Stealth Rock
|move|p1a: Gliscor|Knock Off|p2a: Gliscor
|-damage|p2a: Gliscor|60/100 tox
|-enditem|p2a: Gliscor|Toxic Orb|[from] move: Knock Off|[of] p1a: Gliscor
|
|-heal|p1a: Gliscor|94/100 tox|[from] ability: Poison Heal
|-heal|p2a: Gliscor|73/100 tox|[from] ability: Poison Heal
|upkeep
|turn|42
|
|t:|1779885707
|switch|p2a: Corviknight|Corviknight, F|87/100
|-damage|p2a: Corviknight|75/100|[from] Stealth Rock
|-ability|p2a: Corviknight|Pressure
|move|p1a: Gliscor|Knock Off|p2a: Corviknight
|-damage|p2a: Corviknight|66/100
|
|-heal|p1a: Gliscor|100/100 tox|[from] ability: Poison Heal
|upkeep
|turn|43
|
|t:|1779885727
|switch|p1a: Toxapex|Toxapex, F|100/100
|-damage|p1a: Toxapex|88/100|[from] Stealth Rock
|-damage|p1a: Toxapex|72/100|[from] Spikes
|move|p2a: Corviknight|Thief|p1a: Toxapex
|-damage|p1a: Toxapex|63/100
|-enditem|p1a: Toxapex|Leftovers|[silent]|[from] move: Thief|[of] p2a: Corviknight
|-item|p2a: Corviknight|Leftovers|[from] move: Thief|[of] p1a: Toxapex
|
|-heal|p2a: Corviknight|72/100|[from] item: Leftovers
|upkeep
|turn|44
|
|t:|1779885739
|move|p2a: Corviknight|Roost|p2a: Corviknight
|-heal|p2a: Corviknight|100/100
|-singleturn|p2a: Corviknight|move: Roost
|move|p1a: Toxapex|Infestation|p2a: Corviknight
|-resisted|p2a: Corviknight
|-damage|p2a: Corviknight|99/100
|-activate|p2a: Corviknight|move: Infestation|[of] p1a: Toxapex
|
|-heal|p2a: Corviknight|100/100|[from] item: Leftovers
|-damage|p2a: Corviknight|88/100|[from] move: Infestation|[partiallytrapped]
|upkeep
|turn|45
|
|t:|1779885755
|move|p1a: Toxapex|Baneful Bunker|p1a: Toxapex
|-singleturn|p1a: Toxapex|move: Protect
|move|p2a: Corviknight|U-turn|p1a: Toxapex
|-activate|p1a: Toxapex|move: Protect
|
|-heal|p2a: Corviknight|94/100|[from] item: Leftovers
|-damage|p2a: Corviknight|82/100|[from] move: Infestation|[partiallytrapped]
|upkeep
|turn|46
|
|t:|1779885770
|switch|p1a: Corviknight|Corviknight, F|81/100
|-damage|p1a: Corviknight|68/100|[from] Stealth Rock
|-ability|p1a: Corviknight|Pressure
|move|p2a: Corviknight|U-turn|p1a: Corviknight
|-resisted|p1a: Corviknight
|-damage|p1a: Corviknight|65/100
|inactive|claudechamp has 120 seconds left.
|
|t:|1779885790
|switch|p2a: Gliscor|Gliscor, F|73/100 tox|[from] U-turn
|-damage|p2a: Gliscor|60/100 tox|[from] Stealth Rock
|
|-heal|p1a: Corviknight|72/100|[from] item: Leftovers
|-heal|p2a: Gliscor|73/100 tox|[from] ability: Poison Heal
|upkeep
|turn|47
|inactive|claudechamp has 120 seconds left.
|
|t:|1779885806
|move|p2a: Gliscor|Protect|p2a: Gliscor
|-singleturn|p2a: Gliscor|Protect
|move|p1a: Corviknight|Defog|p2a: Gliscor
|-activate|p2a: Gliscor|move: Protect
|
|-heal|p1a: Corviknight|78/100|[from] item: Leftovers
|-heal|p2a: Gliscor|85/100 tox|[from] ability: Poison Heal
|upkeep
|turn|48
|
|t:|1779885821
|move|p2a: Gliscor|Spikes|p1a: Corviknight
|-sidestart|p1: Ellunae|Spikes
|move|p1a: Corviknight|Brave Bird|p2a: Gliscor
|-damage|p2a: Gliscor|55/100 tox
|-damage|p1a: Corviknight|69/100|[from] Recoil
|
|-heal|p1a: Corviknight|75/100|[from] item: Leftovers
|-heal|p2a: Gliscor|67/100 tox|[from] ability: Poison Heal
|upkeep
|turn|49
|
|t:|1779885836
|move|p2a: Gliscor|Protect|p2a: Gliscor
|-singleturn|p2a: Gliscor|Protect
|move|p1a: Corviknight|Roost|p1a: Corviknight
|-heal|p1a: Corviknight|100/100
|-singleturn|p1a: Corviknight|move: Roost
|
|-heal|p2a: Gliscor|80/100 tox|[from] ability: Poison Heal
|upkeep
|turn|50
|
|t:|1779885846
|switch|p2a: Corviknight|Corviknight, F|82/100
|-damage|p2a: Corviknight|70/100|[from] Stealth Rock
|-ability|p2a: Corviknight|Pressure
|move|p1a: Corviknight|Defog|p2a: Corviknight
|-unboost|p2a: Corviknight|evasion|1
|-sideend|p2: claudechamp|Spikes|[from] move: Defog|[of] p1a: Corviknight
|-sideend|p2: claudechamp|Stealth Rock|[from] move: Defog|[of] p1a: Corviknight
|-sideend|p1: Ellunae|Spikes|[from] move: Defog|[of] p1a: Corviknight
|-sideend|p1: Ellunae|Stealth Rock|[from] move: Defog|[of] p1a: Corviknight
|
|-heal|p2a: Corviknight|76/100|[from] item: Leftovers
|upkeep
|turn|51
|
|t:|1779885866
|switch|p2a: Blissey|Blissey, F|91/100
|switch|p1a: Clefable|Clefable, F|100/100
|
|upkeep
|turn|52
|
|t:|1779885877
|move|p1a: Clefable|Stealth Rock|p2a: Blissey
|-sidestart|p2: claudechamp|move: Stealth Rock
|move|p2a: Blissey|Stealth Rock|p1a: Clefable
|-sidestart|p1: Ellunae|move: Stealth Rock
|
|upkeep
|turn|53
|
|t:|1779885896
|switch|p1a: Gliscor|Gliscor, F|100/100 tox
|-damage|p1a: Gliscor|88/100 tox|[from] Stealth Rock
|move|p2a: Blissey|Seismic Toss|p1a: Gliscor
|-damage|p1a: Gliscor|60/100 tox
|
|-heal|p1a: Gliscor|72/100 tox|[from] ability: Poison Heal
|upkeep
|turn|54
|
|t:|1779885908
|switch|p2a: Gliscor|Gliscor, F|80/100 tox
|-damage|p2a: Gliscor|67/100 tox|[from] Stealth Rock
|move|p1a: Gliscor|Substitute|p1a: Gliscor
|-start|p1a: Gliscor|Substitute
|-damage|p1a: Gliscor|47/100 tox
|
|-heal|p1a: Gliscor|60/100 tox|[from] ability: Poison Heal
|-heal|p2a: Gliscor|80/100 tox|[from] ability: Poison Heal
|upkeep
|turn|55
|
|t:|1779885918
|-terastallize|p2a: Gliscor|Ghost
|move|p1a: Gliscor|Knock Off|p2a: Gliscor
|-supereffective|p2a: Gliscor
|-crit|p2a: Gliscor
|-damage|p2a: Gliscor|48/100 tox
|move|p2a: Gliscor|Earthquake|p1a: Gliscor
|-immune|p1a: Gliscor
|
|-heal|p1a: Gliscor|72/100 tox|[from] ability: Poison Heal
|-heal|p2a: Gliscor|61/100 tox|[from] ability: Poison Heal
|upkeep
|turn|56
|
|t:|1779885927
|switch|p2a: Corviknight|Corviknight, F|76/100
|-damage|p2a: Corviknight|63/100|[from] Stealth Rock
|-ability|p2a: Corviknight|Pressure
|move|p1a: Gliscor|Protect||[still]
|-fail|p1a: Gliscor
|
|-heal|p2a: Corviknight|70/100|[from] item: Leftovers
|-heal|p1a: Gliscor|85/100 tox|[from] ability: Poison Heal
|upkeep
|turn|57
|
|t:|1779885942
|move|p1a: Gliscor|Knock Off|p2a: Corviknight
|-damage|p2a: Corviknight|55/100
|-enditem|p2a: Corviknight|Leftovers|[from] move: Knock Off|[of] p1a: Gliscor
|move|p2a: Corviknight|U-turn|p1a: Gliscor
|-resisted|p1a: Gliscor
|-activate|p1a: Gliscor|move: Substitute|[damage]
|
|t:|1779885948
|switch|p2a: Gliscor|Gliscor, F, tera:Ghost|61/100 tox|[from] U-turn
|-damage|p2a: Gliscor|48/100 tox|[from] Stealth Rock
|
|-heal|p1a: Gliscor|97/100 tox|[from] ability: Poison Heal
|-heal|p2a: Gliscor|61/100 tox|[from] ability: Poison Heal
|upkeep
|turn|58
|
|t:|1779885962
|switch|p1a: Corviknight|Corviknight, F|100/100
|-damage|p1a: Corviknight|88/100|[from] Stealth Rock
|-ability|p1a: Corviknight|Pressure
|switch|p2a: Corviknight|Corviknight, F|55/100
|-damage|p2a: Corviknight|42/100|[from] Stealth Rock
|-ability|p2a: Corviknight|Pressure
|
|-heal|p1a: Corviknight|94/100|[from] item: Leftovers
|upkeep
|turn|59
|
|t:|1779885978
|switch|p1a: Gliscor|Gliscor, F|97/100 tox
|-damage|p1a: Gliscor|85/100 tox|[from] Stealth Rock
|move|p2a: Corviknight|Thief|p1a: Gliscor
|-damage|p1a: Gliscor|75/100 tox
|-enditem|p1a: Gliscor|Toxic Orb|[silent]|[from] move: Thief|[of] p2a: Corviknight
|-item|p2a: Corviknight|Toxic Orb|[from] move: Thief|[of] p1a: Gliscor
|
|-heal|p1a: Gliscor|88/100 tox|[from] ability: Poison Heal
|upkeep
|turn|60
|
|t:|1779885984
|move|p1a: Gliscor|Substitute|p1a: Gliscor
|-start|p1a: Gliscor|Substitute
|-damage|p1a: Gliscor|63/100 tox
|move|p2a: Corviknight|Roost|p2a: Corviknight
|-heal|p2a: Corviknight|92/100
|-singleturn|p2a: Corviknight|move: Roost
|
|-heal|p1a: Gliscor|75/100 tox|[from] ability: Poison Heal
|upkeep
|turn|61
|inactive|claudechamp has 120 seconds left.
|
|t:|1779885994
|switch|p2a: Gliscor|Gliscor, F, tera:Ghost|61/100 tox
|-damage|p2a: Gliscor|48/100 tox|[from] Stealth Rock
|move|p1a: Gliscor|Knock Off|p2a: Gliscor
|-supereffective|p2a: Gliscor
|-damage|p2a: Gliscor|25/100 tox
|
|-heal|p1a: Gliscor|88/100 tox|[from] ability: Poison Heal
|-heal|p2a: Gliscor|38/100 tox|[from] ability: Poison Heal
|upkeep
|turn|62
|inactive|claudechamp has 120 seconds left.
|
|t:|1779886008
|switch|p1a: Clodsire|Clodsire, F, tera:Steel|91/100
|-damage|p1a: Clodsire|85/100|[from] Stealth Rock
|switch|p2a: Blissey|Blissey, F|91/100
|-damage|p2a: Blissey|79/100|[from] Stealth Rock
|
|upkeep
|turn|63
|inactive|claudechamp has 120 seconds left.
|
|t:|1779886014
|switch|p2a: Gliscor|Gliscor, F, tera:Ghost|38/100 tox
|-damage|p2a: Gliscor|25/100 tox|[from] Stealth Rock
|move|p1a: Clodsire|Spikes|p2a: Gliscor
|-sidestart|p2: claudechamp|Spikes
|
|-heal|p2a: Gliscor|38/100 tox|[from] ability: Poison Heal
|upkeep
|turn|64
|
|t:|1779886026
|switch|p1a: Corviknight|Corviknight, F|94/100
|-damage|p1a: Corviknight|82/100|[from] Stealth Rock
|-ability|p1a: Corviknight|Pressure
|move|p2a: Gliscor|Earthquake|p1a: Corviknight
|-immune|p1a: Corviknight
|
|-heal|p1a: Corviknight|88/100|[from] item: Leftovers
|-heal|p2a: Gliscor|50/100 tox|[from] ability: Poison Heal
|upkeep
|turn|65
|
|t:|1779886033
|move|p2a: Gliscor|Protect|p2a: Gliscor
|-singleturn|p2a: Gliscor|Protect
|move|p1a: Corviknight|Brave Bird|p2a: Gliscor
|-activate|p2a: Gliscor|move: Protect
|
|-heal|p1a: Corviknight|94/100|[from] item: Leftovers
|-heal|p2a: Gliscor|62/100 tox|[from] ability: Poison Heal
|upkeep
|turn|66
|
|t:|1779886045
|move|p2a: Gliscor|Spikes|p1a: Corviknight
|-sidestart|p1: Ellunae|Spikes
|move|p1a: Corviknight|Brave Bird|p2a: Gliscor
|-damage|p2a: Gliscor|36/100 tox
|-damage|p1a: Corviknight|86/100|[from] Recoil
|
|-heal|p1a: Corviknight|93/100|[from] item: Leftovers
|-heal|p2a: Gliscor|49/100 tox|[from] ability: Poison Heal
|upkeep
|turn|67
|
|t:|1779886053
|move|p2a: Gliscor|Protect|p2a: Gliscor
|-singleturn|p2a: Gliscor|Protect
|move|p1a: Corviknight|Defog|p2a: Gliscor
|-activate|p2a: Gliscor|move: Protect
|
|-heal|p1a: Corviknight|99/100|[from] item: Leftovers
|-heal|p2a: Gliscor|61/100 tox|[from] ability: Poison Heal
|upkeep
|turn|68
|
|t:|1779886069
|move|p2a: Gliscor|Spikes|p1a: Corviknight
|-sidestart|p1: Ellunae|Spikes
|move|p1a: Corviknight|Brave Bird|p2a: Gliscor
|-damage|p2a: Gliscor|34/100 tox
|-damage|p1a: Corviknight|91/100|[from] Recoil
|
|-heal|p1a: Corviknight|97/100|[from] item: Leftovers
|-heal|p2a: Gliscor|46/100 tox|[from] ability: Poison Heal
|upkeep
|turn|69
|
|t:|1779886083
|move|p2a: Gliscor|Protect|p2a: Gliscor
|-singleturn|p2a: Gliscor|Protect
|move|p1a: Corviknight|Defog|p2a: Gliscor
|-activate|p2a: Gliscor|move: Protect
|
|-heal|p1a: Corviknight|100/100|[from] item: Leftovers
|-heal|p2a: Gliscor|59/100 tox|[from] ability: Poison Heal
|upkeep
|turn|70
|
|t:|1779886092
|switch|p2a: Corviknight|Corviknight, F|92/100
|-damage|p2a: Corviknight|80/100|[from] Stealth Rock
|-ability|p2a: Corviknight|Pressure
|move|p1a: Corviknight|Brave Bird|p2a: Corviknight
|-resisted|p2a: Corviknight
|-damage|p2a: Corviknight|68/100
|-damage|p1a: Corviknight|97/100|[from] Recoil
|
|-heal|p1a: Corviknight|100/100|[from] item: Leftovers
|upkeep
|turn|71
|
|t:|1779886101
|move|p2a: Corviknight|Thief|p1a: Corviknight
|-damage|p1a: Corviknight|89/100
|move|p1a: Corviknight|Defog|p2a: Corviknight
|-unboost|p2a: Corviknight|evasion|1
|-sideend|p2: claudechamp|Spikes|[from] move: Defog|[of] p1a: Corviknight
|-sideend|p2: claudechamp|Stealth Rock|[from] move: Defog|[of] p1a: Corviknight
|-sideend|p1: Ellunae|Spikes|[from] move: Defog|[of] p1a: Corviknight
|-sideend|p1: Ellunae|Stealth Rock|[from] move: Defog|[of] p1a: Corviknight
|
|-heal|p1a: Corviknight|96/100|[from] item: Leftovers
|upkeep
|turn|72
|
|t:|1779886112
|switch|p1a: Clefable|Clefable, F|100/100
|move|p2a: Corviknight|Roost|p2a: Corviknight
|-heal|p2a: Corviknight|100/100
|-singleturn|p2a: Corviknight|move: Roost
|
|upkeep
|turn|73
|
|t:|1779886131
|switch|p2a: Blissey|Blissey, F|79/100
|move|p1a: Clefable|Stealth Rock|p2a: Blissey
|-sidestart|p2: claudechamp|move: Stealth Rock
|
|upkeep
|turn|74
|
|t:|1779886143
|switch|p1a: Corviknight|Corviknight, F|96/100
|-ability|p1a: Corviknight|Pressure
|move|p2a: Blissey|Stealth Rock|p1a: Corviknight
|-sidestart|p1: Ellunae|move: Stealth Rock
|
|-heal|p1a: Corviknight|100/100|[from] item: Leftovers
|upkeep
|turn|75
|
|t:|1779886155
|move|p1a: Corviknight|Brave Bird|p2a: Blissey
|-damage|p2a: Blissey|41/100
|-damage|p1a: Corviknight|80/100|[from] Recoil
|move|p2a: Blissey|Seismic Toss|p1a: Corviknight
|-damage|p1a: Corviknight|55/100
|
|-heal|p1a: Corviknight|61/100|[from] item: Leftovers
|upkeep
|turn|76
|
|t:|1779886161
|move|p1a: Corviknight|Roost|p1a: Corviknight
|-heal|p1a: Corviknight|100/100
|-singleturn|p1a: Corviknight|move: Roost
|move|p2a: Blissey|Seismic Toss|p1a: Corviknight
|-damage|p1a: Corviknight|75/100
|
|-heal|p1a: Corviknight|82/100|[from] item: Leftovers
|upkeep
|turn|77
|
|t:|1779886172
|switch|p2a: Pecharunt|Pecharunt|100/100
|move|p1a: Corviknight|Brave Bird|p2a: Pecharunt
|-damage|p2a: Pecharunt|83/100
|-damage|p1a: Corviknight|76/100|[from] Recoil
|
|-heal|p1a: Corviknight|82/100|[from] item: Leftovers
|upkeep
|turn|78
|
|t:|1779886178
|switch|p1a: Clodsire|Clodsire, F, tera:Steel|85/100
|-damage|p1a: Clodsire|79/100|[from] Stealth Rock
|move|p2a: Pecharunt|Foul Play|p1a: Clodsire
|-damage|p1a: Clodsire|61/100
|
|upkeep
|turn|79
|
|t:|1779886183
|move|p2a: Pecharunt|Parting Shot|p1a: Clodsire
|-unboost|p1a: Clodsire|atk|1
|-unboost|p1a: Clodsire|spa|1
|
|t:|1779886189
|switch|p2a: Blissey|Blissey, F|41/100|[from] Parting Shot
|-damage|p2a: Blissey|29/100|[from] Stealth Rock
|move|p1a: Clodsire|Spikes|p2a: Blissey
|-sidestart|p2: claudechamp|Spikes
|
|upkeep
|turn|80
|
|t:|1779886203
|switch|p1a: Corviknight|Corviknight, F|82/100
|-damage|p1a: Corviknight|70/100|[from] Stealth Rock
|-ability|p1a: Corviknight|Pressure
|move|p2a: Blissey|Soft-Boiled|p2a: Blissey
|-heal|p2a: Blissey|79/100
|
|-heal|p1a: Corviknight|76/100|[from] item: Leftovers
|upkeep
|turn|81
|
|t:|1779886209
|move|p1a: Corviknight|Brave Bird|p2a: Blissey
|-damage|p2a: Blissey|38/100
|-damage|p1a: Corviknight|55/100|[from] Recoil
|move|p2a: Blissey|Seismic Toss|p1a: Corviknight
|-damage|p1a: Corviknight|30/100
|
|-heal|p1a: Corviknight|36/100|[from] item: Leftovers
|upkeep
|turn|82
|
|t:|1779886220
|move|p1a: Corviknight|Roost|p1a: Corviknight
|-heal|p1a: Corviknight|86/100
|-singleturn|p1a: Corviknight|move: Roost
|move|p2a: Blissey|Seismic Toss|p1a: Corviknight
|-damage|p1a: Corviknight|61/100
|
|-heal|p1a: Corviknight|67/100|[from] item: Leftovers
|upkeep
|turn|83
|
|t:|1779886233
|switch|p2a: Gliscor|Gliscor, F, tera:Ghost|59/100 tox
|-damage|p2a: Gliscor|46/100 tox|[from] Stealth Rock
|-damage|p2a: Gliscor|34/100 tox|[from] Spikes
|move|p1a: Corviknight|Roost|p1a: Corviknight
|-heal|p1a: Corviknight|100/100
|-singleturn|p1a: Corviknight|move: Roost
|
|-heal|p2a: Gliscor|46/100 tox|[from] ability: Poison Heal
|upkeep
|turn|84
|
|t:|1779886239
|move|p2a: Gliscor|Protect|p2a: Gliscor
|-singleturn|p2a: Gliscor|Protect
|move|p1a: Corviknight|Brave Bird|p2a: Gliscor
|-activate|p2a: Gliscor|move: Protect
|
|-heal|p2a: Gliscor|59/100 tox|[from] ability: Poison Heal
|upkeep
|turn|85
|
|t:|1779886249
|move|p2a: Gliscor|Spikes|p1a: Corviknight
|-sidestart|p1: Ellunae|Spikes
|move|p1a: Corviknight|Defog|p2a: Gliscor
|-unboost|p2a: Gliscor|evasion|1
|-sideend|p2: claudechamp|Spikes|[from] move: Defog|[of] p1a: Corviknight
|-sideend|p2: claudechamp|Stealth Rock|[from] move: Defog|[of] p1a: Corviknight
|-sideend|p1: Ellunae|Spikes|[from] move: Defog|[of] p1a: Corviknight
|-sideend|p1: Ellunae|Stealth Rock|[from] move: Defog|[of] p1a: Corviknight
|
|-heal|p2a: Gliscor|71/100 tox|[from] ability: Poison Heal
|upkeep
|turn|86
|
|t:|1779886262
|switch|p1a: Clefable|Clefable, F|100/100
|move|p2a: Gliscor|Protect||[still]
|-fail|p2a: Gliscor
|
|-heal|p2a: Gliscor|84/100 tox|[from] ability: Poison Heal
|upkeep
|turn|87
|
|t:|1779886268
|move|p2a: Gliscor|Spikes|p1a: Clefable
|-sidestart|p1: Ellunae|Spikes
|move|p1a: Clefable|Stealth Rock|p2a: Gliscor
|-sidestart|p2: claudechamp|move: Stealth Rock
|
|-heal|p2a: Gliscor|96/100 tox|[from] ability: Poison Heal
|upkeep
|turn|88
|
|t:|1779886281
|move|p2a: Gliscor|Spikes|p1a: Clefable
|-sidestart|p1: Ellunae|Spikes
|move|p1a: Clefable|Moonblast|p2a: Gliscor
|-damage|p2a: Gliscor|69/100 tox
|
|-heal|p2a: Gliscor|82/100 tox|[from] ability: Poison Heal
|upkeep
|turn|89
|
|t:|1779886294
|switch|p1a: Dondozo|Dondozo, F|100/100
|-damage|p1a: Dondozo|84/100|[from] Spikes
|move|p2a: Gliscor|Earthquake|p1a: Dondozo
|-damage|p1a: Dondozo|70/100
|
|-heal|p1a: Dondozo|76/100|[from] item: Leftovers
|-heal|p2a: Gliscor|94/100 tox|[from] ability: Poison Heal
|upkeep
|turn|90
|
|t:|1779886310
|move|p2a: Gliscor|Spikes|p1a: Dondozo
|-sidestart|p1: Ellunae|Spikes
|move|p1a: Dondozo|Waterfall|p2a: Gliscor
|-damage|p2a: Gliscor|72/100 tox
|
|-heal|p1a: Dondozo|83/100|[from] item: Leftovers
|-heal|p2a: Gliscor|85/100 tox|[from] ability: Poison Heal
|upkeep
|turn|91
|
|t:|1779886316
|move|p2a: Gliscor|Toxic|p1a: Dondozo
|-status|p1a: Dondozo|tox
|move|p1a: Dondozo|Curse|p1a: Dondozo
|-unboost|p1a: Dondozo|spe|1
|-boost|p1a: Dondozo|atk|1
|-boost|p1a: Dondozo|def|1
|
|-heal|p1a: Dondozo|89/100 tox|[from] item: Leftovers
|-heal|p2a: Gliscor|97/100 tox|[from] ability: Poison Heal
|-damage|p1a: Dondozo|83/100 tox|[from] psn
|upkeep
|turn|92
|
|t:|1779886331
|move|p2a: Gliscor|Earthquake|p1a: Dondozo
|-damage|p1a: Dondozo|72/100 tox
|move|p1a: Dondozo|Curse|p1a: Dondozo
|-unboost|p1a: Dondozo|spe|1
|-boost|p1a: Dondozo|atk|1
|-boost|p1a: Dondozo|def|1
|
|-heal|p1a: Dondozo|79/100 tox|[from] item: Leftovers
|-heal|p2a: Gliscor|100/100 tox|[from] ability: Poison Heal
|-damage|p1a: Dondozo|66/100 tox|[from] psn
|upkeep
|turn|93
|
|t:|1779886341
|move|p2a: Gliscor|Earthquake|p1a: Dondozo
|-damage|p1a: Dondozo|59/100 tox
|move|p1a: Dondozo|Rest|p1a: Dondozo
|-status|p1a: Dondozo|slp|[from] move: Rest
|-heal|p1a: Dondozo|100/100 slp|[silent]
|
|upkeep
|turn|94
|
|t:|1779886354
|switch|p2a: Corviknight|Corviknight, F|100/100
|-damage|p2a: Corviknight|88/100|[from] Stealth Rock
|-ability|p2a: Corviknight|Pressure
|cant|p1a: Dondozo|slp
|move|p1a: Dondozo|Sleep Talk|p1a: Dondozo
|move|p1a: Dondozo|Waterfall|p2a: Corviknight|[from] move: Sleep Talk
|-damage|p2a: Corviknight|50/100
|
|upkeep
|turn|95
|
|t:|1779886366
|move|p2a: Corviknight|Thief|p1a: Dondozo
|-damage|p1a: Dondozo|98/100 slp
|cant|p1a: Dondozo|slp
|move|p1a: Dondozo|Sleep Talk|p1a: Dondozo
|move|p1a: Dondozo|Rest||[from] move: Sleep Talk|[still]
|-fail|p1a: Dondozo
|
|-heal|p1a: Dondozo|100/100 slp|[from] item: Leftovers
|upkeep
|turn|96
|
|t:|1779886387
|move|p2a: Corviknight|Thief|p1a: Dondozo
|-damage|p1a: Dondozo|98/100 slp
|-curestatus|p1a: Dondozo|slp|[msg]
|move|p1a: Dondozo|Waterfall|p2a: Corviknight
|-damage|p2a: Corviknight|17/100
|
|-heal|p1a: Dondozo|100/100|[from] item: Leftovers
|upkeep
|turn|97
|
|t:|1779886403
|move|p2a: Corviknight|Roost|p2a: Corviknight
|-heal|p2a: Corviknight|68/100
|-singleturn|p2a: Corviknight|move: Roost
|move|p1a: Dondozo|Waterfall|p2a: Corviknight
|-damage|p2a: Corviknight|31/100
|
|upkeep
|turn|98
|
|t:|1779886418
|move|p2a: Corviknight|Body Press|p1a: Dondozo
|-damage|p1a: Dondozo|94/100
|move|p1a: Dondozo|Curse|p1a: Dondozo
|-unboost|p1a: Dondozo|spe|1
|-boost|p1a: Dondozo|atk|1
|-boost|p1a: Dondozo|def|1
|
|-heal|p1a: Dondozo|100/100|[from] item: Leftovers
|upkeep
|turn|99
|
|t:|1779886432
|move|p2a: Corviknight|Body Press|p1a: Dondozo
|-damage|p1a: Dondozo|96/100
|move|p1a: Dondozo|Curse|p1a: Dondozo
|-unboost|p1a: Dondozo|spe|1
|-boost|p1a: Dondozo|atk|1
|-boost|p1a: Dondozo|def|1
|
|-heal|p1a: Dondozo|100/100|[from] item: Leftovers
|upkeep
|turn|100
|
|t:|1779886440
|switch|p2a: Pecharunt|Pecharunt|83/100
|move|p1a: Dondozo|Waterfall|p2a: Pecharunt
|-damage|p2a: Pecharunt|41/100
|
|upkeep
|turn|101
|
|t:|1779886453
|move|p2a: Pecharunt|Malignant Chain|p1a: Dondozo
|-damage|p1a: Dondozo|69/100
|-status|p1a: Dondozo|tox
|-start|p1a: Dondozo|confusion|[from] ability: Poison Puppeteer|[of] p2a: Pecharunt
|-activate|p1a: Dondozo|confusion
|move|p1a: Dondozo|Waterfall|p2a: Pecharunt
|-damage|p2a: Pecharunt|2/100
|
|-heal|p1a: Dondozo|76/100 tox|[from] item: Leftovers
|-damage|p1a: Dondozo|69/100 tox|[from] psn
|upkeep
|turn|102
|inactive|claudechamp has 120 seconds left.
|
|t:|1779886466
|move|p2a: Pecharunt|Malignant Chain|p1a: Dondozo
|-damage|p1a: Dondozo|42/100 tox
|-activate|p1a: Dondozo|confusion
|move|p1a: Dondozo|Rest|p1a: Dondozo
|-status|p1a: Dondozo|slp|[from] move: Rest
|-heal|p1a: Dondozo|100/100 slp|[silent]
|
|upkeep
|turn|103
|inactive|claudechamp has 120 seconds left.
|
|t:|1779886482
|switch|p2a: Ogerpon|Ogerpon, F|81/100
|-damage|p2a: Ogerpon|69/100|[from] Stealth Rock
|cant|p1a: Dondozo|slp
|-activate|p1a: Dondozo|confusion
|-damage|p1a: Dondozo|97/100 slp|[from] confusion
|
|-heal|p1a: Dondozo|100/100 slp|[from] item: Leftovers
|upkeep
|turn|104
|
|t:|1779886496
|move|p2a: Ogerpon|U-turn|p1a: Dondozo
|-damage|p1a: Dondozo|97/100 slp
|
|t:|1779886511
|switch|p2a: Pecharunt|Pecharunt|2/100|[from] U-turn
|cant|p1a: Dondozo|slp
|-activate|p1a: Dondozo|confusion
|move|p1a: Dondozo|Sleep Talk|p1a: Dondozo
|move|p1a: Dondozo|Curse|p1a: Dondozo|[from] move: Sleep Talk
|-unboost|p1a: Dondozo|spe|1
|-boost|p1a: Dondozo|atk|1
|-boost|p1a: Dondozo|def|1
|
|-heal|p1a: Dondozo|100/100 slp|[from] item: Leftovers
|upkeep
|turn|105
|
|t:|1779886519
|move|p2a: Pecharunt|Malignant Chain|p1a: Dondozo
|-damage|p1a: Dondozo|68/100 slp
|-curestatus|p1a: Dondozo|slp|[msg]
|-end|p1a: Dondozo|confusion
|move|p1a: Dondozo|Waterfall|p2a: Pecharunt
|-damage|p2a: Pecharunt|0 fnt
|faint|p2a: Pecharunt
|
|-heal|p1a: Dondozo|74/100|[from] item: Leftovers
|upkeep
|
|t:|1779886527
|switch|p2a: Ogerpon|Ogerpon, F|69/100
|-damage|p2a: Ogerpon|57/100|[from] Stealth Rock
|turn|106
|
|t:|1779886539
|move|p2a: Ogerpon|Ivy Cudgel|p1a: Dondozo
|-supereffective|p1a: Dondozo
|-damage|p1a: Dondozo|61/100
|move|p1a: Dondozo|Waterfall|p2a: Ogerpon
|-resisted|p2a: Ogerpon
|-damage|p2a: Ogerpon|0 fnt
|faint|p2a: Ogerpon
|
|-heal|p1a: Dondozo|67/100|[from] item: Leftovers
|upkeep
|
|t:|1779886548
|switch|p2a: Gliscor|Gliscor, F, tera:Ghost|100/100 tox
|-damage|p2a: Gliscor|88/100 tox|[from] Stealth Rock
|turn|107
|inactive|claudechamp has 90 seconds left.
|
|t:|1779886558
|move|p2a: Gliscor|Earthquake|p1a: Dondozo
|-damage|p1a: Dondozo|63/100
|move|p1a: Dondozo|Waterfall|p2a: Gliscor
|-damage|p2a: Gliscor|16/100 tox
|
|-heal|p1a: Dondozo|69/100|[from] item: Leftovers
|-heal|p2a: Gliscor|28/100 tox|[from] ability: Poison Heal
|upkeep
|turn|108
|inactive|claudechamp has 90 seconds left.
|
|t:|1779886570
|switch|p2a: Blissey|Blissey, F|38/100
|-damage|p2a: Blissey|26/100|[from] Stealth Rock
|move|p1a: Dondozo|Curse|p1a: Dondozo
|-unboost|p1a: Dondozo|spe|1
|-boost|p1a: Dondozo|atk|1
|-boost|p1a: Dondozo|def|1
|
|-heal|p1a: Dondozo|75/100|[from] item: Leftovers
|upkeep
|turn|109
|
|t:|1779886582
|move|p2a: Blissey|Seismic Toss|p1a: Dondozo
|-damage|p1a: Dondozo|55/100
|move|p1a: Dondozo|Waterfall|p2a: Blissey
|-damage|p2a: Blissey|0 fnt
|faint|p2a: Blissey
|
|-heal|p1a: Dondozo|62/100|[from] item: Leftovers
|upkeep
|
|t:|1779886589
|switch|p2a: Corviknight|Corviknight, F|31/100
|-damage|p2a: Corviknight|19/100|[from] Stealth Rock
|-ability|p2a: Corviknight|Pressure
|turn|110
|
|t:|1779886596
|move|p2a: Corviknight|Body Press|p1a: Dondozo
|-damage|p1a: Dondozo|59/100
|move|p1a: Dondozo|Waterfall|p2a: Corviknight
|-damage|p2a: Corviknight|0 fnt
|faint|p2a: Corviknight
|
|-heal|p1a: Dondozo|65/100|[from] item: Leftovers
|upkeep
|
|t:|1779886603
|switch|p2a: Gliscor|Gliscor, F, tera:Ghost|28/100 tox
|-damage|p2a: Gliscor|16/100 tox|[from] Stealth Rock
|turn|111
|
|t:|1779886613
|move|p2a: Gliscor|Earthquake|p1a: Dondozo
|-damage|p1a: Dondozo|61/100
|move|p1a: Dondozo|Waterfall|p2a: Gliscor
|-crit|p2a: Gliscor
|-damage|p2a: Gliscor|0 fnt
|faint|p2a: Gliscor
|
|win|Ellunae
|raw|Ellunae's rating: 1348 &rarr; <strong>1367</strong><br />(+19 for winning)
|raw|claudechamp's rating: 1333 &rarr; <strong>1314</strong><br />(-19 for losing)
|c|☆claudechamp|gg
|l|☆Ellunae
|player|p1|
