|j|☆rebaar
|j|☆glimpseman
|t:|1779942691
|gametype|singles
|player|p1|rebaar|psychic-gen4|1543
|player|p2|glimpseman|#wcor2025canada|1568
|gen|9
|tier|[Gen 9] OU
|rated|
|rule|HP Percentage Mod: HP is shown in percentages
|rule|Endless Battle Clause: Forcing endless battles is banned
|rule|Species Clause: Limit one of each Pokémon
|rule|OHKO Clause: OHKO moves are banned
|rule|Evasion Items Clause: Evasion items are banned
|rule|Evasion Moves Clause: Evasion moves are banned
|rule|Evasion Abilities Clause: Evasion abilities are banned
|rule|Sleep Moves Clause: Sleep-inducing moves are banned
|clearpoke
|poke|p1|Ogerpon-Wellspring, F|
|poke|p1|Kingambit, M|
|poke|p1|Landorus-Therian, M|
|poke|p1|Glimmora, M|
|poke|p1|Dragapult, F|
|poke|p1|Iron Valiant|
|poke|p2|Toxtricity, M|
|poke|p2|Gholdengo|
|poke|p2|Ting-Lu|
|poke|p2|Glimmora, M|
|poke|p2|Iron Valiant|
|poke|p2|Rillaboom, F|
|teampreview
|inactive|Battle timer is ON: inactive players will automatically lose when time's up. (requested by glimpseman)
|inactive|glimpseman has 120 seconds left.
|
|t:|1779942722
|teamsize|p1|6
|teamsize|p2|6
|start
|switch|p1a: Landorus|Landorus-Therian, M|100/100
|switch|p2a: Rillaboom|Rillaboom, F|100/100
|-ability|p1a: Landorus|Intimidate|boost
|-unboost|p2a: Rillaboom|atk|1
|-fieldstart|move: Grassy Terrain|[from] ability: Grassy Surge|[of] p2a: Rillaboom
|turn|1
|inactive|rebaar has 120 seconds left.
|
|t:|1779942753
|move|p1a: Landorus|U-turn|p2a: Rillaboom
|-supereffective|p2a: Rillaboom
|-damage|p2a: Rillaboom|57/100
|inactive|rebaar has 120 seconds left.
|c|☆rebaar|currently searching for my switch in to banded wood hammer
|c|☆glimpseman|im -1 brah
|inactive|rebaar has 90 seconds left.
|
|t:|1779942792
|switch|p1a: Dragapult|Dragapult, F|100/100|[from] U-turn
|move|p2a: Rillaboom|Knock Off|p1a: Dragapult
|-supereffective|p1a: Dragapult
|-damage|p1a: Dragapult|54/100
|-enditem|p1a: Dragapult|Choice Specs|[from] move: Knock Off|[of] p2a: Rillaboom
|
|-heal|p1a: Dragapult|60/100|[from] Grassy Terrain
|-heal|p2a: Rillaboom|64/100|[from] Grassy Terrain
|upkeep
|turn|2
|inactive|rebaar has 90 seconds left.
|
|t:|1779942802
|switch|p2a: Glimmora|Glimmora, M|100/100
|move|p1a: Dragapult|U-turn|p2a: Glimmora
|-resisted|p2a: Glimmora
|-damage|p2a: Glimmora|95/100
|inactive|rebaar has 90 seconds left.
|c|☆rebaar|corrosion glim is tuff
|
|t:|1779942815
|switch|p1a: Landorus|Landorus-Therian, M|100/100|[from] U-turn
|-ability|p1a: Landorus|Intimidate|boost
|-unboost|p2a: Glimmora|atk|1
|
|-heal|p2a: Glimmora|100/100|[from] Grassy Terrain
|upkeep
|turn|3
|c|☆glimpseman|ye i catch so many pecharunts off guard
|
|t:|1779942833
|move|p1a: Landorus|Earthquake|p2a: Glimmora
|-supereffective|p2a: Glimmora
|-damage|p2a: Glimmora|32/100
|move|p2a: Glimmora|Toxic|p1a: Landorus
|-status|p1a: Landorus|tox
|
|-heal|p2a: Glimmora|39/100|[from] Grassy Terrain
|-damage|p1a: Landorus|94/100 tox|[from] psn
|upkeep
|turn|4
|
|t:|1779942841
|switch|p2a: Rillaboom|Rillaboom, F|64/100
|move|p1a: Landorus|Stealth Rock|p2a: Rillaboom
|-sidestart|p2: glimpseman|move: Stealth Rock
|
|-heal|p2a: Rillaboom|70/100|[from] Grassy Terrain
|-damage|p1a: Landorus|82/100 tox|[from] psn
|upkeep
|turn|5
|
|t:|1779942847
|move|p2a: Rillaboom|Grassy Glide|p1a: Landorus
|-damage|p1a: Landorus|51/100 tox
|-damage|p2a: Rillaboom|53/100|[from] item: Rocky Helmet|[of] p1a: Landorus
|move|p1a: Landorus|U-turn|p2a: Rillaboom
|-supereffective|p2a: Rillaboom
|-damage|p2a: Rillaboom|10/100
|
|t:|1779942850
|switch|p1a: Dragapult|Dragapult, F|60/100|[from] U-turn
|
|-heal|p1a: Dragapult|66/100|[from] Grassy Terrain
|-heal|p2a: Rillaboom|16/100|[from] Grassy Terrain
|-fieldend|move: Grassy Terrain
|upkeep
|turn|6
|
|t:|1779942854
|move|p1a: Dragapult|U-turn|p2a: Rillaboom
|-supereffective|p2a: Rillaboom
|-crit|p2a: Rillaboom
|-damage|p2a: Rillaboom|0 fnt
|faint|p2a: Rillaboom
|
|t:|1779942858
|switch|p1a: Ogerpon|Ogerpon-Wellspring, F|100/100|[from] U-turn
|
|upkeep
|
|t:|1779942866
|switch|p2a: Iron Valiant|Iron Valiant|100/100
|-damage|p2a: Iron Valiant|94/100|[from] Stealth Rock
|-enditem|p2a: Iron Valiant|Booster Energy
|-activate|p2a: Iron Valiant|ability: Quark Drive|[fromitem]
|-start|p2a: Iron Valiant|quarkdrivespe
|turn|7
|inactive|rebaar has 120 seconds left.
|
|t:|1779942894
|move|p2a: Iron Valiant|Swords Dance|p2a: Iron Valiant
|-boost|p2a: Iron Valiant|atk|2
|move|p1a: Ogerpon|Play Rough|p2a: Iron Valiant
|-supereffective|p2a: Iron Valiant
|-damage|p2a: Iron Valiant|1/100
|
|upkeep
|turn|8
|
|t:|1779942902
|switch|p1a: Landorus|Landorus-Therian, M|51/100 tox
|-ability|p1a: Landorus|Intimidate|boost
|-unboost|p2a: Iron Valiant|atk|1
|move|p2a: Iron Valiant|Knock Off|p1a: Landorus
|-damage|p1a: Landorus|0 fnt
|-damage|p2a: Iron Valiant|0 fnt|[from] item: Rocky Helmet|[of] p1a: Landorus
|faint|p1a: Landorus
|faint|p2a: Iron Valiant
|-end|p2a: Iron Valiant|Quark Drive|[silent]
|
|upkeep
|inactive|rebaar has 120 seconds left.
|c|☆glimpseman|wait i thought if you kill with knock you dont take helmet
|
|t:|1779942929
|switch|p2a: Toxtricity|Toxtricity, M, shiny|100/100
|switch|p1a: Dragapult|Dragapult, F|66/100
|-damage|p2a: Toxtricity|88/100|[from] Stealth Rock
|turn|9
|inactive|rebaar has 120 seconds left.
|c|☆rebaar|nah you take helmet first
|
|t:|1779942940
|move|p1a: Dragapult|Draco Meteor|p2a: Toxtricity
|-damage|p2a: Toxtricity|0 fnt
|-unboost|p1a: Dragapult|spa|2
|faint|p2a: Toxtricity
|
|upkeep
|
|t:|1779942942
|switch|p2a: Gholdengo|Gholdengo|100/100
|-damage|p2a: Gholdengo|94/100|[from] Stealth Rock
|turn|10
|inactive|rebaar has 120 seconds left.
|
|t:|1779942955
|switch|p1a: Kingambit|Kingambit, M|100/100
|-activate|p1a: Kingambit|ability: Supreme Overlord
|-start|p1a: Kingambit|fallen1|[silent]
|move|p2a: Gholdengo|Nasty Plot|p2a: Gholdengo
|-boost|p2a: Gholdengo|spa|2
|
|upkeep
|turn|11
|
|t:|1779942963
|-terastallize|p2a: Gholdengo|Steel
|-terastallize|p1a: Kingambit|Ghost
|move|p2a: Gholdengo|Make It Rain|p1a: Kingambit
|-damage|p1a: Kingambit|0 fnt
|-unboost|p2a: Gholdengo|spa|1
|faint|p1a: Kingambit
|-end|p1a: Kingambit|fallen1|[silent]
|
|upkeep
|
|t:|1779942971
|switch|p1a: Glimmora|Glimmora, M|100/100
|turn|12
|
|t:|1779942976
|move|p1a: Glimmora|Earth Power|p2a: Gholdengo
|-supereffective|p2a: Gholdengo
|-damage|p2a: Gholdengo|44/100
|move|p2a: Gholdengo|Make It Rain|p1a: Glimmora
|-supereffective|p1a: Glimmora
|-damage|p1a: Glimmora|0 fnt
|-unboost|p2a: Gholdengo|spa|1
|faint|p1a: Glimmora
|
|upkeep
|
|t:|1779942989
|switch|p1a: Dragapult|Dragapult, F|66/100
|turn|13
|
|t:|1779942992
|switch|p2a: Ting-Lu|Ting-Lu|100/100
|-damage|p2a: Ting-Lu|94/100|[from] Stealth Rock
|-ability|p2a: Ting-Lu|Vessel of Ruin
|move|p1a: Dragapult|Shadow Ball|p2a: Ting-Lu
|-resisted|p2a: Ting-Lu
|-damage|p2a: Ting-Lu|83/100
|
|-heal|p2a: Ting-Lu|89/100|[from] item: Leftovers
|upkeep
|turn|14
|
|t:|1779942996
|move|p1a: Dragapult|U-turn|p2a: Ting-Lu
|-supereffective|p2a: Ting-Lu
|-damage|p2a: Ting-Lu|69/100
|
|t:|1779942998
|switch|p1a: Ogerpon|Ogerpon-Wellspring, F|100/100|[from] U-turn
|move|p2a: Ting-Lu|Stomping Tantrum|p1a: Ogerpon
|-resisted|p1a: Ogerpon
|-damage|p1a: Ogerpon|77/100
|
|-heal|p2a: Ting-Lu|75/100|[from] item: Leftovers
|upkeep
|turn|15
|
|t:|1779943001
|move|p1a: Ogerpon|Ivy Cudgel|p2a: Ting-Lu|[anim] Ivy Cudgel Water
|-supereffective|p2a: Ting-Lu
|-damage|p2a: Ting-Lu|9/100
|move|p2a: Ting-Lu|Payback|p1a: Ogerpon
|-damage|p1a: Ogerpon|13/100
|
|-heal|p2a: Ting-Lu|16/100|[from] item: Leftovers
|upkeep
|turn|16
|
|t:|1779943004
|move|p1a: Ogerpon|Horn Leech|p2a: Ting-Lu
|-supereffective|p2a: Ting-Lu
|-damage|p2a: Ting-Lu|0 fnt
|-heal|p1a: Ogerpon|26/100|[from] drain|[of] p2a: Ting-Lu
|faint|p2a: Ting-Lu
|
|upkeep
|-message|glimpseman forfeited.
|
|win|rebaar
|raw|rebaar's rating: 1543 &rarr; <strong>1564</strong><br />(+21 for winning)
|raw|glimpseman's rating: 1568 &rarr; <strong>1547</strong><br />(-21 for losing)
|l|☆glimpseman
|player|p2|
|l|☆rebaar
|player|p1|
