|j|☆team anime
|j|☆aanszo
|t:|1779949490
|gametype|singles
|player|p1|team anime|101|1098
|player|p2|aanszo|102|1073
|gen|9
|tier|[Gen 9] OU
|rated|
|rule|HP Percentage Mod: HP is shown in percentages
|rule|Endless Battle Clause: Forcing endless battles is banned
|rule|Species Clause: Limit one of each Pokémon
|rule|OHKO Clause: OHKO moves are banned
|rule|Evasion Items Clause: Evasion items are banned
|rule|Evasion Moves Clause: Evasion moves are banned
|rule|Evasion Abilities Clause: Evasion abilities are banned
|rule|Sleep Moves Clause: Sleep-inducing moves are banned
|clearpoke
|poke|p1|Dragonite, F|
|poke|p1|Blastoise, M|
|poke|p1|Blaziken, M|
|poke|p1|Serperior, F|
|poke|p1|Gyarados, F|
|poke|p1|Ditto|
|poke|p2|Kingambit, F|
|poke|p2|Cinderace, F|
|poke|p2|Landorus-Therian, M|
|poke|p2|Iron Valiant|
|poke|p2|Kyurem|
|poke|p2|Slowking-Galar, M|
|teampreview
|
|t:|1779949497
|teamsize|p1|6
|teamsize|p2|6
|start
|switch|p1a: Gyarados|Gyarados, F|100/100
|switch|p2a: Kyurem|Kyurem, shiny|100/100
|-ability|p2a: Kyurem|Pressure
|turn|1
|
|t:|1779949504
|move|p2a: Kyurem|Protect|p2a: Kyurem
|-singleturn|p2a: Kyurem|Protect
|move|p1a: Gyarados|Dragon Dance|p1a: Gyarados
|-boost|p1a: Gyarados|atk|1
|-boost|p1a: Gyarados|spe|1
|
|upkeep
|turn|2
|
|t:|1779949512
|move|p1a: Gyarados|Outrage|p2a: Kyurem
|-supereffective|p2a: Kyurem
|-damage|p2a: Kyurem|0 fnt
|faint|p2a: Kyurem
|-ability|p1a: Gyarados|Moxie|boost
|-boost|p1a: Gyarados|atk|1
|
|upkeep
|
|t:|1779949518
|switch|p2a: Landorus|Landorus-Therian, M, shiny|100/100
|-ability|p2a: Landorus|Intimidate|boost
|-unboost|p1a: Gyarados|atk|1
|turn|3
|
|t:|1779949522
|move|p1a: Gyarados|Outrage|p2a: Landorus|[from] lockedmove
|-damage|p2a: Landorus|39/100
|-damage|p1a: Gyarados|84/100|[from] item: Rocky Helmet|[of] p2a: Landorus
|move|p2a: Landorus|Rock Tomb|p1a: Gyarados
|-supereffective|p1a: Gyarados
|-damage|p1a: Gyarados|32/100
|-unboost|p1a: Gyarados|spe|1
|
|upkeep
|turn|4
|
|t:|1779949532
|move|p2a: Landorus|Rock Tomb|p1a: Gyarados
|-supereffective|p1a: Gyarados
|-crit|p1a: Gyarados
|-damage|p1a: Gyarados|0 fnt
|faint|p1a: Gyarados
|
|upkeep
|
|t:|1779949543
|switch|p1a: Serperior|Serperior, F|100/100
|turn|5
|
|t:|1779949546
|move|p1a: Serperior|Leaf Storm|p2a: Landorus|[miss]
|-miss|p1a: Serperior|p2a: Landorus
|move|p2a: Landorus|U-turn|p1a: Serperior
|-supereffective|p1a: Serperior
|-damage|p1a: Serperior|46/100
|
|t:|1779949550
|switch|p2a: Cinderace|Cinderace, F, shiny|100/100|[from] U-turn
|
|-heal|p1a: Serperior|52/100|[from] item: Leftovers
|upkeep
|turn|6
|
|t:|1779949570
|move|p2a: Cinderace|Pyro Ball|p1a: Serperior
|-supereffective|p1a: Serperior
|-damage|p1a: Serperior|0 fnt
|faint|p1a: Serperior
|
|upkeep
|inactive|Battle timer is ON: inactive players will automatically lose when time's up. (requested by aanszo)
|
|t:|1779949576
|switch|p1a: Blastoise|Blastoise, M|100/100
|turn|7
|
|t:|1779949588
|move|p2a: Cinderace|U-turn|p1a: Blastoise
|-damage|p1a: Blastoise|82/100
|
|t:|1779949590
|switch|p2a: Slowking|Slowking-Galar, M, shiny|100/100|[from] U-turn
|move|p1a: Blastoise|Hydro Pump|p2a: Slowking
|-damage|p2a: Slowking|73/100
|
|-heal|p1a: Blastoise|88/100|[from] item: Leftovers
|upkeep
|turn|8
|
|t:|1779949602
|move|p1a: Blastoise|Dark Pulse|p2a: Slowking
|-supereffective|p2a: Slowking
|-damage|p2a: Slowking|46/100
|move|p2a: Slowking|Thunder Wave|p1a: Blastoise
|-status|p1a: Blastoise|par
|
|-heal|p1a: Blastoise|94/100 par|[from] item: Leftovers
|upkeep
|turn|9
|
|t:|1779949612
|cant|p1a: Blastoise|par
|-prepare|p2a: Slowking|Chilly Reception|[premajor]
|move|p2a: Slowking|Chilly Reception|p2a: Slowking
|-weather|Snowscape
|
|t:|1779949623
|switch|p2a: Iron Valiant|Iron Valiant|100/100|[from] Chilly Reception
|-enditem|p2a: Iron Valiant|Booster Energy
|-activate|p2a: Iron Valiant|ability: Quark Drive|[fromitem]
|-start|p2a: Iron Valiant|quarkdrivespe
|
|-weather|Snowscape|[upkeep]
|-heal|p1a: Blastoise|99/100 par|[from] item: Leftovers
|upkeep
|turn|10
|
|t:|1779949633
|move|p2a: Iron Valiant|Calm Mind|p2a: Iron Valiant
|-boost|p2a: Iron Valiant|spa|1
|-boost|p2a: Iron Valiant|spd|1
|move|p1a: Blastoise|Hydro Pump|p2a: Iron Valiant
|-damage|p2a: Iron Valiant|44/100
|
|-weather|Snowscape|[upkeep]
|-heal|p1a: Blastoise|100/100 par|[from] item: Leftovers
|upkeep
|turn|11
|
|t:|1779949646
|move|p2a: Iron Valiant|Moonblast|p1a: Blastoise
|-damage|p1a: Blastoise|35/100 par
|move|p1a: Blastoise|Hydro Pump|p2a: Iron Valiant
|-damage|p2a: Iron Valiant|0 fnt
|faint|p2a: Iron Valiant
|-end|p2a: Iron Valiant|Quark Drive|[silent]
|
|-weather|Snowscape|[upkeep]
|-heal|p1a: Blastoise|41/100 par|[from] item: Leftovers
|upkeep
|
|t:|1779949658
|switch|p2a: Slowking|Slowking-Galar, M, shiny|79/100
|turn|12
|
|t:|1779949664
|move|p1a: Blastoise|Dark Pulse|p2a: Slowking
|-supereffective|p2a: Slowking
|-damage|p2a: Slowking|54/100
|move|p2a: Slowking|Sludge Bomb|p1a: Blastoise
|-damage|p1a: Blastoise|9/100 par
|
|-weather|Snowscape|[upkeep]
|-heal|p1a: Blastoise|15/100 par|[from] item: Leftovers
|upkeep
|turn|13
|
|t:|1779949674
|move|p1a: Blastoise|Dark Pulse|p2a: Slowking
|-supereffective|p2a: Slowking
|-damage|p2a: Slowking|29/100
|move|p2a: Slowking|Psychic Noise|p1a: Blastoise
|-damage|p1a: Blastoise|0 fnt
|faint|p1a: Blastoise
|
|-weather|none
|upkeep
|
|t:|1779949684
|switch|p1a: Blaziken|Blaziken, M|100/100
|turn|14
|
|t:|1779949688
|move|p1a: Blaziken|Swords Dance|p1a: Blaziken
|-boost|p1a: Blaziken|atk|2
|move|p2a: Slowking|Psychic Noise|p1a: Blaziken
|-supereffective|p1a: Blaziken
|-damage|p1a: Blaziken|22/100
|-start|p1a: Blaziken|move: Heal Block
|
|-ability|p1a: Blaziken|Speed Boost|boost
|-boost|p1a: Blaziken|spe|1
|upkeep
|turn|15
|
|t:|1779949701
|switch|p2a: Landorus|Landorus-Therian, M, shiny|39/100
|-ability|p2a: Landorus|Intimidate|boost
|-unboost|p1a: Blaziken|atk|1
|move|p1a: Blaziken|Earthquake|p2a: Landorus
|-immune|p2a: Landorus
|
|-end|p1a: Blaziken|move: Heal Block
|-ability|p1a: Blaziken|Speed Boost|boost
|-boost|p1a: Blaziken|spe|1
|upkeep
|turn|16
|
|t:|1779949713
|move|p1a: Blaziken|Flare Blitz|p2a: Landorus
|-damage|p2a: Landorus|0 fnt
|-damage|p1a: Blaziken|5/100|[from] item: Rocky Helmet|[of] p2a: Landorus
|faint|p2a: Landorus
|-damage|p1a: Blaziken|0 fnt|[from] Recoil
|faint|p1a: Blaziken
|
|upkeep
|
|t:|1779949721
|switch|p2a: Cinderace|Cinderace, F, shiny|100/100
|switch|p1a: Dragonite|Dragonite, F|100/100
|turn|17
|
|t:|1779949727
|move|p2a: Cinderace|Will-O-Wisp|p1a: Dragonite
|-status|p1a: Dragonite|brn
|-enditem|p1a: Dragonite|Lum Berry|[eat]
|-curestatus|p1a: Dragonite|brn|[msg]
|move|p1a: Dragonite|Dragon Dance|p1a: Dragonite
|-boost|p1a: Dragonite|atk|1
|-boost|p1a: Dragonite|spe|1
|
|upkeep
|turn|18
|
|t:|1779949737
|move|p1a: Dragonite|Earthquake|p2a: Cinderace
|-supereffective|p2a: Cinderace
|-damage|p2a: Cinderace|0 fnt
|faint|p2a: Cinderace
|
|upkeep
|
|t:|1779949744
|switch|p2a: Slowking|Slowking-Galar, M, shiny|62/100
|turn|19
|
|t:|1779949752
|move|p1a: Dragonite|Earthquake|p2a: Slowking
|-supereffective|p2a: Slowking
|-damage|p2a: Slowking|0 fnt
|faint|p2a: Slowking
|
|upkeep
|
|t:|1779949754
|switch|p2a: Kingambit|Kingambit, F|100/100
|-activate|p2a: Kingambit|ability: Supreme Overlord
|-start|p2a: Kingambit|fallen5|[silent]
|turn|20
|
|t:|1779949764
|-terastallize|p2a: Kingambit|Flying
|move|p1a: Dragonite|Earthquake|p2a: Kingambit
|-immune|p2a: Kingambit
|move|p2a: Kingambit|Kowtow Cleave|p1a: Dragonite
|-damage|p1a: Dragonite|60/100
|
|upkeep
|turn|21
|
|t:|1779949776
|move|p1a: Dragonite|Dragon Claw|p2a: Kingambit
|-damage|p2a: Kingambit|41/100
|move|p2a: Kingambit|Swords Dance|p2a: Kingambit
|-boost|p2a: Kingambit|atk|2
|
|-heal|p2a: Kingambit|47/100|[from] item: Leftovers
|upkeep
|turn|22
|
|t:|1779949785
|move|p2a: Kingambit|Sucker Punch|p1a: Dragonite
|-damage|p1a: Dragonite|0 fnt
|faint|p1a: Dragonite
|
|-heal|p2a: Kingambit|53/100|[from] item: Leftovers
|upkeep
|
|t:|1779949792
|switch|p1a: Ditto|Ditto|100/100
|-transform|p1a: Ditto|p2a: Kingambit|[from] ability: Imposter
|-activate|p1a: Ditto|ability: Supreme Overlord
|-start|p1a: Ditto|fallen5|[silent]
|-start|p1a: Ditto|typechange|Dark/Steel|[silent]
|turn|23
|
|t:|1779949803
|move|p2a: Kingambit|Sucker Punch|p1a: Ditto
|-resisted|p1a: Ditto
|-damage|p1a: Ditto|37/100
|move|p1a: Ditto|Kowtow Cleave|p2a: Kingambit
|-damage|p2a: Kingambit|0 fnt
|faint|p2a: Kingambit
|-end|p2a: Kingambit|fallen5|[silent]
|
|win|team anime
|raw|team anime's rating: 1098 &rarr; <strong>1121</strong><br />(+23 for winning)
|raw|aanszo's rating: 1073 &rarr; <strong>1054</strong><br />(-19 for losing)
|l|☆aanszo
|player|p2|
|l|☆team anime
|player|p1|
