|j|☆claudechamp
|j|☆thizman
|t:|1779829474
|gametype|singles
|player|p1|claudechamp|265|1230
|player|p2|thizman|102|1210
|gen|9
|tier|[Gen 9] OU
|rated|
|rule|HP Percentage Mod: HP is shown in percentages
|rule|Endless Battle Clause: Forcing endless battles is banned
|rule|Species Clause: Limit one of each Pokémon
|rule|OHKO Clause: OHKO moves are banned
|rule|Evasion Items Clause: Evasion items are banned
|rule|Evasion Moves Clause: Evasion moves are banned
|rule|Evasion Abilities Clause: Evasion abilities are banned
|rule|Sleep Moves Clause: Sleep-inducing moves are banned
|clearpoke
|poke|p1|Gliscor, F|
|poke|p1|Gholdengo|
|poke|p1|Zamazenta-*|
|poke|p1|Blissey, F|
|poke|p1|Skarmory, M|
|poke|p1|Pecharunt|
|poke|p2|Comfey, F|
|poke|p2|Whimsicott, M|
|poke|p2|Ceruledge, F|
|poke|p2|Walking Wake|
|poke|p2|Great Tusk|
|poke|p2|Ninetales, F|
|teampreview
|c|☆claudechamp|hf
|
|t:|1779829481
|teamsize|p1|6
|teamsize|p2|6
|start
|switch|p1a: Skarmory|Skarmory, M|100/100
|switch|p2a: 67tales|Ninetales, F|100/100
|-weather|SunnyDay|[from] ability: Drought|[of] p2a: 67tales
|turn|1
|inactive|Battle timer is ON: inactive players will automatically lose when time's up. (requested by claudechamp)
|
|t:|1779829490
|switch|p1a: Blissey|Blissey, F|100/100
|move|p2a: 67tales|Will-O-Wisp|p1a: Blissey
|-status|p1a: Blissey|brn
|
|-weather|SunnyDay|[upkeep]
|-damage|p1a: Blissey|94/100 brn|[from] brn
|upkeep
|turn|2
|
|t:|1779829502
|switch|p2a: Uncomfey|Comfey, F, shiny|100/100
|move|p1a: Blissey|Stealth Rock|p2a: Uncomfey
|-sidestart|p2: thizman|move: Stealth Rock
|
|-weather|SunnyDay|[upkeep]
|-damage|p1a: Blissey|88/100 brn|[from] brn
|upkeep
|turn|3
|
|t:|1779829517
|-curestatus|p1a: Blissey|brn|[from] ability: Natural Cure|[silent]
|switch|p1a: Gliscor|Gliscor, F|100/100
|move|p2a: Uncomfey|Growth|p2a: Uncomfey
|-boost|p2a: Uncomfey|atk|2
|-boost|p2a: Uncomfey|spa|2
|
|-weather|SunnyDay|[upkeep]
|-status|p1a: Gliscor|tox|[from] item: Toxic Orb
|upkeep
|turn|4
|
|t:|1779829534
|move|p1a: Gliscor|Earthquake|p2a: Uncomfey
|-damage|p2a: Uncomfey|58/100
|move|p2a: Uncomfey|Growth|p2a: Uncomfey
|-boost|p2a: Uncomfey|atk|2
|-boost|p2a: Uncomfey|spa|2
|
|-weather|SunnyDay|[upkeep]
|upkeep
|turn|5
|
|t:|1779829544
|move|p2a: Uncomfey|Draining Kiss|p1a: Gliscor
|-damage|p1a: Gliscor|23/100 tox
|-heal|p2a: Uncomfey|100/100|[from] drain|[of] p1a: Gliscor
|-damage|p2a: Uncomfey|91/100|[from] item: Life Orb
|move|p1a: Gliscor|Earthquake|p2a: Uncomfey
|-damage|p2a: Uncomfey|53/100
|
|-weather|SunnyDay|[upkeep]
|-heal|p1a: Gliscor|35/100 tox|[from] ability: Poison Heal
|upkeep
|turn|6
|
|t:|1779829555
|switch|p1a: Blissey|Blissey, F|88/100
|move|p2a: Uncomfey|Draining Kiss|p1a: Blissey
|-damage|p1a: Blissey|66/100
|-heal|p2a: Uncomfey|89/100|[from] drain|[of] p1a: Blissey
|-damage|p2a: Uncomfey|80/100|[from] item: Life Orb
|
|-weather|SunnyDay|[upkeep]
|upkeep
|turn|7
|
|t:|1779829563
|move|p2a: Uncomfey|Growth|p2a: Uncomfey
|-boost|p2a: Uncomfey|atk|2
|-boost|p2a: Uncomfey|spa|2
|move|p1a: Blissey|Shadow Ball|p2a: Uncomfey
|-damage|p2a: Uncomfey|65/100
|
|-weather|SunnyDay|[upkeep]
|upkeep
|turn|8
|
|t:|1779829571
|move|p2a: Uncomfey|Stored Power|p1a: Blissey
|-damage|p1a: Blissey|0 fnt
|faint|p1a: Blissey
|-damage|p2a: Uncomfey|55/100|[from] item: Life Orb
|
|-weather|none
|upkeep
|
|t:|1779829577
|switch|p1a: Skarmory|Skarmory, M|100/100
|turn|9
|
|t:|1779829586
|move|p2a: Uncomfey|Draining Kiss|p1a: Skarmory
|-resisted|p1a: Skarmory
|-crit|p1a: Skarmory
|-ability|p1a: Skarmory|Sturdy
|-damage|p1a: Skarmory|1/100
|-heal|p2a: Uncomfey|100/100|[from] drain|[of] p1a: Skarmory
|-damage|p2a: Uncomfey|91/100|[from] item: Life Orb
|move|p1a: Skarmory|Whirlwind|p2a: Uncomfey
|drag|p2a: Cerugoon|Ceruledge, F|100/100
|-damage|p2a: Cerugoon|76/100|[from] Stealth Rock
|
|upkeep
|turn|10
|
|t:|1779829597
|move|p2a: Cerugoon|Shadow Sneak|p1a: Skarmory
|-damage|p1a: Skarmory|0 fnt
|faint|p1a: Skarmory
|
|upkeep
|
|t:|1779829606
|switch|p1a: Gliscor|Gliscor, F|35/100 tox
|turn|11
|c|☆thizman|shame of my nice flowers
|
|t:|1779829616
|move|p2a: Cerugoon|Shadow Sneak|p1a: Gliscor
|-damage|p1a: Gliscor|16/100 tox
|move|p1a: Gliscor|Knock Off|p2a: Cerugoon
|-supereffective|p2a: Cerugoon
|-damage|p2a: Cerugoon|18/100
|-ability|p2a: Cerugoon|Weak Armor|boost
|-unboost|p2a: Cerugoon|def|1
|-boost|p2a: Cerugoon|spe|2
|-enditem|p2a: Cerugoon|Focus Sash|[from] move: Knock Off|[of] p1a: Gliscor
|
|-heal|p1a: Gliscor|29/100 tox|[from] ability: Poison Heal
|upkeep
|turn|12
|
|t:|1779829627
|move|p2a: Cerugoon|Bitter Blade|p1a: Gliscor
|-damage|p1a: Gliscor|0 fnt
|-heal|p2a: Cerugoon|35/100|[from] drain|[of] p1a: Gliscor
|faint|p1a: Gliscor
|
|upkeep
|
|t:|1779829633
|switch|p1a: Pecharunt|Pecharunt|100/100
|turn|13
|
|t:|1779829646
|move|p2a: Cerugoon|Shadow Sneak|p1a: Pecharunt
|-supereffective|p1a: Pecharunt
|-damage|p1a: Pecharunt|77/100
|move|p1a: Pecharunt|Shadow Ball|p2a: Cerugoon
|-supereffective|p2a: Cerugoon
|-damage|p2a: Cerugoon|0 fnt
|faint|p2a: Cerugoon
|
|upkeep
|
|t:|1779829653
|switch|p2a: 67tales|Ninetales, F|100/100
|-damage|p2a: 67tales|76/100|[from] Stealth Rock
|-weather|SunnyDay|[from] ability: Drought|[of] p2a: 67tales
|turn|14
|
|t:|1779829663
|move|p2a: 67tales|Weather Ball|p1a: Pecharunt
|-damage|p1a: Pecharunt|32/100
|move|p1a: Pecharunt|Recover|p1a: Pecharunt
|-heal|p1a: Pecharunt|82/100
|
|-weather|SunnyDay|[upkeep]
|upkeep
|turn|15
|
|t:|1779829670
|move|p2a: 67tales|Weather Ball|p1a: Pecharunt
|-damage|p1a: Pecharunt|36/100
|move|p1a: Pecharunt|Recover|p1a: Pecharunt
|-heal|p1a: Pecharunt|86/100
|
|-weather|SunnyDay|[upkeep]
|upkeep
|turn|16
|
|t:|1779829676
|move|p2a: 67tales|Encore|p1a: Pecharunt
|-start|p1a: Pecharunt|Encore
|move|p1a: Pecharunt|Recover|p1a: Pecharunt
|-heal|p1a: Pecharunt|100/100
|
|-weather|SunnyDay|[upkeep]
|upkeep
|turn|17
|
|t:|1779829687
|switch|p2a: Uncomfey|Comfey, F, shiny|91/100
|-damage|p2a: Uncomfey|78/100|[from] Stealth Rock
|switch|p1a: Zamazenta|Zamazenta|100/100
|-ability|p1a: Zamazenta|Dauntless Shield|boost
|-boost|p1a: Zamazenta|def|1
|
|-weather|SunnyDay|[upkeep]
|upkeep
|turn|18
|
|t:|1779829700
|move|p1a: Zamazenta|Heavy Slam|p2a: Uncomfey
|-supereffective|p2a: Uncomfey
|-damage|p2a: Uncomfey|0 fnt
|faint|p2a: Uncomfey
|
|-weather|SunnyDay|[upkeep]
|upkeep
|
|t:|1779829714
|switch|p2a: Whimsical|Whimsicott, M|100/100
|-damage|p2a: Whimsical|88/100|[from] Stealth Rock
|turn|19
|
|t:|1779829721
|move|p2a: Whimsical|Moonblast|p1a: Zamazenta
|-supereffective|p1a: Zamazenta
|-damage|p1a: Zamazenta|13/100
|-damage|p2a: Whimsical|78/100|[from] item: Life Orb
|move|p1a: Zamazenta|Close Combat|p2a: Whimsical
|-resisted|p2a: Whimsical
|-damage|p2a: Whimsical|37/100
|-unboost|p1a: Zamazenta|def|1
|-unboost|p1a: Zamazenta|spd|1
|
|-weather|SunnyDay|[upkeep]
|upkeep
|turn|20
|
|t:|1779829733
|move|p2a: Whimsical|Moonblast|p1a: Zamazenta
|-supereffective|p1a: Zamazenta
|-damage|p1a: Zamazenta|0 fnt
|faint|p1a: Zamazenta
|-damage|p2a: Whimsical|27/100|[from] item: Life Orb
|
|-weather|SunnyDay|[upkeep]
|upkeep
|
|t:|1779829737
|switch|p1a: Gholdengo|Gholdengo|100/100
|turn|21
|
|t:|1779829745
|move|p2a: Whimsical|Shadow Ball|p1a: Gholdengo
|-supereffective|p1a: Gholdengo
|-damage|p1a: Gholdengo|47/100
|-damage|p2a: Whimsical|17/100|[from] item: Life Orb
|move|p1a: Gholdengo|Nasty Plot|p1a: Gholdengo
|-boost|p1a: Gholdengo|spa|2
|
|-weather|none
|upkeep
|turn|22
|
|t:|1779829757
|move|p2a: Whimsical|Shadow Ball|p1a: Gholdengo
|-supereffective|p1a: Gholdengo
|-damage|p1a: Gholdengo|0 fnt
|faint|p1a: Gholdengo
|-damage|p2a: Whimsical|8/100|[from] item: Life Orb
|
|upkeep
|
|t:|1779829761
|switch|p1a: Pecharunt|Pecharunt|100/100
|turn|23
|
|t:|1779829769
|-terastallize|p1a: Pecharunt|Fairy
|move|p2a: Whimsical|Shadow Ball|p1a: Pecharunt
|-damage|p1a: Pecharunt|70/100
|-unboost|p1a: Pecharunt|spd|1
|-damage|p2a: Whimsical|0 fnt|[from] item: Life Orb
|faint|p2a: Whimsical
|move|p1a: Pecharunt|Recover|p1a: Pecharunt
|-heal|p1a: Pecharunt|100/100
|
|upkeep
|
|t:|1779829785
|switch|p2a: 67tales|Ninetales, F|76/100
|-damage|p2a: 67tales|51/100|[from] Stealth Rock
|-weather|SunnyDay|[from] ability: Drought|[of] p2a: 67tales
|turn|24
|
|t:|1779829797
|move|p2a: 67tales|Encore|p1a: Pecharunt
|-start|p1a: Pecharunt|Encore
|move|p1a: Pecharunt|Recover||[still]
|-fail|p1a: Pecharunt|heal
|
|-weather|SunnyDay|[upkeep]
|upkeep
|turn|25
|
|t:|1779829808
|move|p2a: 67tales|Weather Ball|p1a: Pecharunt
|-damage|p1a: Pecharunt|35/100
|move|p1a: Pecharunt|Recover|p1a: Pecharunt
|-heal|p1a: Pecharunt|85/100
|
|-weather|SunnyDay|[upkeep]
|upkeep
|turn|26
|
|t:|1779829819
|move|p2a: 67tales|Weather Ball|p1a: Pecharunt
|-damage|p1a: Pecharunt|16/100
|move|p1a: Pecharunt|Recover|p1a: Pecharunt
|-heal|p1a: Pecharunt|66/100
|
|-weather|SunnyDay|[upkeep]
|-end|p1a: Pecharunt|Encore
|upkeep
|turn|27
|
|t:|1779829831
|move|p2a: 67tales|Encore|p1a: Pecharunt
|-start|p1a: Pecharunt|Encore
|move|p1a: Pecharunt|Recover|p1a: Pecharunt
|-heal|p1a: Pecharunt|100/100
|
|-weather|SunnyDay|[upkeep]
|-end|p1a: Pecharunt|Encore
|upkeep
|turn|28
|
|t:|1779829843
|move|p2a: 67tales|Encore||[still]
|-fail|p2a: 67tales
|move|p1a: Pecharunt|Shadow Ball|p2a: 67tales
|-damage|p2a: 67tales|25/100
|
|-weather|SunnyDay|[upkeep]
|upkeep
|turn|29
|
|t:|1779829856
|move|p2a: 67tales|Weather Ball|p1a: Pecharunt
|-damage|p1a: Pecharunt|39/100
|move|p1a: Pecharunt|Shadow Ball|p2a: 67tales
|-damage|p2a: 67tales|0 fnt
|faint|p2a: 67tales
|
|-weather|SunnyDay|[upkeep]
|upkeep
|
|t:|1779829864
|switch|p2a: Wake Skywalker|Walking Wake|100/100
|-damage|p2a: Wake Skywalker|88/100|[from] Stealth Rock
|-activate|p2a: Wake Skywalker|ability: Protosynthesis
|-start|p2a: Wake Skywalker|protosynthesisspe
|turn|30
|
|t:|1779829874
|move|p2a: Wake Skywalker|Hydro Steam|p1a: Pecharunt
|-damage|p1a: Pecharunt|0 fnt
|faint|p1a: Pecharunt
|
|win|thizman
|raw|claudechamp's rating: 1186 &rarr; <strong>1163</strong><br />(-23 for losing)
|raw|thizman's rating: 1210 &rarr; <strong>1233</strong><br />(+23 for winning)
|c|☆claudechamp|gg
|c|☆thizman|gg
|l|☆thizman
|player|p2|
