|j|☆Lawai
|j|☆palapapop
|t:|1779910070
|gametype|singles
|player|p1|Lawai|leaf-gen3|
|player|p2|palapapop|benga|
|gen|9
|tier|[Gen 9] OU
|rated|Tournament battle
|rule|HP Percentage Mod: HP is shown in percentages
|rule|Endless Battle Clause: Forcing endless battles is banned
|rule|OHKO Clause: OHKO moves are banned
|rule|Evasion Items Clause: Evasion items are banned
|rule|Evasion Moves Clause: Evasion moves are banned
|rule|Evasion Abilities Clause: Evasion abilities are banned
|rule|Sleep Moves Clause: Sleep-inducing moves are banned
|raw|<div class="infobox"><details class="readmore" open><summary><strong>2 custom rules:</strong></summary> !species clause, min level=100</details></div>
|clearpoke
|poke|p1|Gholdengo|
|poke|p1|Golduck, F|
|poke|p1|Delphox, F|
|poke|p1|Muk-Alola, F|
|poke|p2|Maushold|
|poke|p2|Alcremie, F|
|poke|p2|Mandibuzz, F|
|poke|p2|Mienshao, M|
|teampreview
|j| CuboneAwaken
|j|+Despotia
|c|☆Lawai|hf
|c|☆palapapop|hf
|j|+Aphynobiprimes
|j| tiploudu56
|
|t:|1779910088
|teamsize|p1|4
|teamsize|p2|4
|start
|switch|p1a: Gholdengo|Gholdengo|100/100
|switch|p2a: Mienshao|Mienshao, M|100/100
|-item|p1a: Gholdengo|Air Balloon
|turn|1
|c| tiploudu56|FC PALAPOP
|
|t:|1779910109
|move|p2a: Mienshao|Knock Off|p1a: Gholdengo
|-supereffective|p1a: Gholdengo
|-damage|p1a: Gholdengo|36/100
|-enditem|p1a: Gholdengo|Air Balloon
|-damage|p2a: Mienshao|91/100|[from] item: Life Orb
|move|p1a: Gholdengo|Thunder Wave|p2a: Mienshao
|-status|p2a: Mienshao|par
|
|upkeep
|turn|2
|
|t:|1779910120
|move|p1a: Gholdengo|Make It Rain|p2a: Mienshao
|-damage|p2a: Mienshao|0 fnt
|-unboost|p1a: Gholdengo|spa|1
|faint|p2a: Mienshao
|
|upkeep
|
|t:|1779910131
|switch|p2a: Maushold|Maushold|100/100
|turn|3
|
|t:|1779910137
|move|p2a: Maushold|Bite|p1a: Gholdengo
|-supereffective|p1a: Gholdengo
|-damage|p1a: Gholdengo|3/100
|move|p1a: Gholdengo|Thunder Wave|p2a: Maushold
|-status|p2a: Maushold|par
|
|upkeep
|turn|4
|
|t:|1779910148
|switch|p1a: Muk|Muk-Alola, F|100/100
|move|p2a: Maushold|Population Bomb|p1a: Muk
|-damage|p1a: Muk|89/100
|-damage|p1a: Muk|77/100
|-damage|p1a: Muk|66/100
|-damage|p1a: Muk|55/100
|-damage|p1a: Muk|43/100
|-damage|p1a: Muk|31/100
|-damage|p1a: Muk|21/100
|-damage|p1a: Muk|10/100
|-damage|p1a: Muk|0 fnt
|faint|p1a: Muk
|-hitcount|p1: Muk|9
|
|upkeep
|c|+Aphynobiprimes|quand je vois les gens les picks qui on eu
|c|☆Lawai|oof
|
|t:|1779910161
|switch|p1a: Delphox|Delphox, F|100/100
|turn|5
|
|t:|1779910167
|move|p1a: Delphox|Focus Blast|p2a: Maushold
|-supereffective|p2a: Maushold
|-damage|p2a: Maushold|0 fnt
|faint|p2a: Maushold
|
|upkeep
|
|t:|1779910171
|switch|p2a: Mandibuzz|Mandibuzz, F|100/100
|turn|6
|j|+BalooDanceur
|c|+BalooDanceur|Lawai
|c|☆Lawai|BalooDanceur
|c|+BalooDanceur|Respectez palapapop
|j|@Thorys
|
|t:|1779910202
|switch|p1a: Golduck|Golduck, F|100/100
|move|p2a: Mandibuzz|Foul Play|p1a: Golduck
|-damage|p1a: Golduck|69/100
|
|upkeep
|turn|7
|
|t:|1779910214
|move|p1a: Golduck|Nasty Plot|p1a: Golduck
|-boost|p1a: Golduck|spa|2
|move|p2a: Mandibuzz|Foul Play|p1a: Golduck
|-damage|p1a: Golduck|41/100
|
|upkeep
|turn|8
|c|+Despotia|allez golduck
|
|t:|1779910220
|move|p1a: Golduck|Ice Beam|p2a: Mandibuzz
|-supereffective|p2a: Mandibuzz
|-damage|p2a: Mandibuzz|0 fnt
|faint|p2a: Mandibuzz
|-damage|p1a: Golduck|31/100|[from] item: Life Orb
|
|upkeep
|
|t:|1779910222
|switch|p2a: Alcremie|Alcremie, F|100/100
|turn|9
|
|t:|1779910227
|-terastallize|p2a: Alcremie|Poison
|move|p1a: Golduck|Hydro Pump|p2a: Alcremie
|-damage|p2a: Alcremie|24/100
|-damage|p1a: Golduck|21/100|[from] item: Life Orb
|move|p2a: Alcremie|Calm Mind|p2a: Alcremie
|-boost|p2a: Alcremie|spa|1
|-boost|p2a: Alcremie|spd|1
|
|-heal|p2a: Alcremie|30/100|[from] item: Leftovers
|upkeep
|turn|10
|c|+Despotia|la puissance du canard
|
|t:|1779910234
|move|p1a: Golduck|Psyshock|p2a: Alcremie
|-supereffective|p2a: Alcremie
|-damage|p2a: Alcremie|0 fnt
|faint|p2a: Alcremie
|-damage|p1a: Golduck|11/100|[from] item: Life Orb
|
|win|Lawai
|n|☆Lawai|lawai
|n|☆palapapop|palapapop
|n| CuboneAwaken|cuboneawaken
|n| Despotia|despotia
|n| Aphynobiprimes|aphynobiprimes
|n| tiploudu56|tiploudu56
|n| BalooDanceur|baloodanceur
|n| Thorys|thorys
