|j|☆goober #1048
|j|☆pointymetagross
|t:|1779841520
|gametype|singles
|player|p1|goober #1048|gambler|1168
|player|p2|pointymetagross|170|1111
|gen|9
|tier|[Gen 9] OU
|rated|
|rule|HP Percentage Mod: HP is shown in percentages
|rule|Endless Battle Clause: Forcing endless battles is banned
|rule|Species Clause: Limit one of each Pokémon
|rule|OHKO Clause: OHKO moves are banned
|rule|Evasion Items Clause: Evasion items are banned
|rule|Evasion Moves Clause: Evasion moves are banned
|rule|Evasion Abilities Clause: Evasion abilities are banned
|rule|Sleep Moves Clause: Sleep-inducing moves are banned
|clearpoke
|poke|p1|Numel, F|
|poke|p2|Inteleon, F|
|poke|p2|Blaziken, M|
|poke|p2|Iron Valiant|
|poke|p2|Electrode-Hisui|
|poke|p2|Gholdengo|
|poke|p2|Darkrai|
|teampreview
|
|t:|1779841524
|teamsize|p1|1
|teamsize|p2|6
|start
|switch|p1a: Numel|Numel, F, shiny|100/100
|switch|p2a: FukEverything|Inteleon, F, shiny|100/100
|turn|1
|inactive|Battle timer is ON: inactive players will automatically lose when time's up. (requested by pointymetagross)
|
|t:|1779841530
|-terastallize|p1a: Numel|Water
|move|p2a: FukEverything|Snipe Shot|p1a: Numel
|-resisted|p1a: Numel
|-damage|p1a: Numel|83/100
|move|p1a: Numel|Stockpile|p1a: Numel
|-start|p1a: Numel|stockpile1
|-boost|p1a: Numel|def|2
|-boost|p1a: Numel|spd|2
|
|upkeep
|turn|2
|
|t:|1779841536
|move|p2a: FukEverything|Air Cutter|p1a: Numel
|-damage|p1a: Numel|75/100
|move|p1a: Numel|Flame Charge|p2a: FukEverything
|-resisted|p2a: FukEverything
|-damage|p2a: FukEverything|90/100
|-boost|p1a: Numel|spe|2
|
|upkeep
|turn|3
|
|t:|1779841543
|move|p2a: FukEverything|Shadow Ball|p1a: Numel
|-damage|p1a: Numel|65/100
|move|p1a: Numel|Flame Charge|p2a: FukEverything
|-resisted|p2a: FukEverything
|-damage|p2a: FukEverything|81/100
|-boost|p1a: Numel|spe|2
|
|upkeep
|turn|4
|
|t:|1779841545
|move|p2a: FukEverything|Shadow Ball|p1a: Numel
|-damage|p1a: Numel|54/100
|move|p1a: Numel|Stockpile|p1a: Numel
|-start|p1a: Numel|stockpile2
|-boost|p1a: Numel|def|2
|-boost|p1a: Numel|spd|2
|
|upkeep
|turn|5
|
|t:|1779841549
|move|p2a: FukEverything|Shadow Ball|p1a: Numel
|-crit|p1a: Numel
|-damage|p1a: Numel|5/100
|move|p1a: Numel|Stockpile|p1a: Numel
|-start|p1a: Numel|stockpile3
|-boost|p1a: Numel|def|2
|-boost|p1a: Numel|spd|2
|
|upkeep
|turn|6
|
|t:|1779841553
|move|p2a: FukEverything|Vacuum Wave|p1a: Numel
|-damage|p1a: Numel|2/100
|move|p1a: Numel|Earthquake|p2a: FukEverything
|-damage|p2a: FukEverything|44/100
|
|upkeep
|turn|7
|
|t:|1779841559
|move|p2a: FukEverything|Vacuum Wave|p1a: Numel
|-damage|p1a: Numel|0 fnt
|faint|p1a: Numel
|
|win|pointymetagross
|raw|goober #1048's rating: 1168 &rarr; <strong>1139</strong><br />(-29 for losing)
|raw|pointymetagross's rating: 1111 &rarr; <strong>1140</strong><br />(+29 for winning)
|c|☆pointymetagross|make a team bum
