|j|☆piplupipo
|j|☆chrovalis
|t:|1779891173
|gametype|singles
|player|p1|piplupipo|psychicf-gen4|1217
|player|p2|chrovalis|ethan|1232
|gen|9
|tier|[Gen 9] OU
|rated|
|rule|HP Percentage Mod: HP is shown in percentages
|rule|Endless Battle Clause: Forcing endless battles is banned
|rule|Species Clause: Limit one of each Pokémon
|rule|OHKO Clause: OHKO moves are banned
|rule|Evasion Items Clause: Evasion items are banned
|rule|Evasion Moves Clause: Evasion moves are banned
|rule|Evasion Abilities Clause: Evasion abilities are banned
|rule|Sleep Moves Clause: Sleep-inducing moves are banned
|clearpoke
|poke|p1|Glimmora, F|
|poke|p1|Hitmonlee, M|
|poke|p1|Eiscue, M|
|poke|p1|Polteageist|
|poke|p1|Klawf, M|
|poke|p1|Veluza, M|
|poke|p2|Arcanine, M|
|poke|p2|Rillaboom, M|
|poke|p2|Espeon, M|
|poke|p2|Vikavolt, M|
|teampreview
|inactive|Battle timer is ON: inactive players will automatically lose when time's up. (requested by chrovalis)
|
|t:|1779891185
|teamsize|p1|6
|teamsize|p2|4
|start
|switch|p1a: Glimmora|Glimmora, F|100/100
|switch|p2a: Vikavolt|Vikavolt, M|100/100
|turn|1
|c|☆piplupipo|how are you 1217 zùojorjg
|
|t:|1779891198
|switch|p2a: Espeon|Espeon, M|100/100
|move|p1a: Glimmora|Stealth Rock|p2a: Espeon
|move|p2a: Espeon|Stealth Rock|p1a: Glimmora|[from] ability: Magic Bounce
|-sidestart|p1: piplupipo|move: Stealth Rock
|
|upkeep
|turn|2
|
|t:|1779891208
|move|p2a: Espeon|Calm Mind|p2a: Espeon
|-boost|p2a: Espeon|spa|1
|-boost|p2a: Espeon|spd|1
|move|p1a: Glimmora|Mortal Spin|p2a: Espeon
|-damage|p2a: Espeon|92/100
|-status|p2a: Espeon|psn
|-sideend|p1: piplupipo|Stealth Rock|[from] move: Mortal Spin|[of] p1a: Glimmora
|
|-damage|p2a: Espeon|80/100 psn|[from] psn
|upkeep
|turn|3
|
|t:|1779891215
|move|p2a: Espeon|Calm Mind|p2a: Espeon
|-boost|p2a: Espeon|spa|1
|-boost|p2a: Espeon|spd|1
|move|p1a: Glimmora|Power Gem|p2a: Espeon
|-damage|p2a: Espeon|57/100 psn
|
|-damage|p2a: Espeon|45/100 psn|[from] psn
|upkeep
|turn|4
|
|t:|1779891218
|move|p2a: Espeon|Stored Power|p1a: Glimmora
|-supereffective|p1a: Glimmora
|-enditem|p1a: Glimmora|Focus Sash
|-damage|p1a: Glimmora|1/100
|move|p1a: Glimmora|Power Gem|p2a: Espeon
|-damage|p2a: Espeon|21/100 psn
|
|-damage|p2a: Espeon|9/100 psn|[from] psn
|upkeep
|turn|5
|
|t:|1779891225
|switch|p1a: Veluza|Veluza, M|100/100
|move|p2a: Espeon|Draining Kiss|p1a: Veluza
|-damage|p1a: Veluza|58/100
|-heal|p2a: Espeon|39/100 psn|[from] drain|[of] p1a: Veluza
|
|-damage|p2a: Espeon|27/100 psn|[from] psn
|upkeep
|turn|6
|
|t:|1779891231
|move|p2a: Espeon|Draining Kiss|p1a: Veluza
|-damage|p1a: Veluza|16/100
|-heal|p2a: Espeon|57/100 psn|[from] drain|[of] p1a: Veluza
|-enditem|p1a: Veluza|Sitrus Berry|[eat]
|-heal|p1a: Veluza|41/100|[from] item: Sitrus Berry
|move|p1a: Veluza|Psychic Fangs|p2a: Espeon
|-resisted|p2a: Espeon
|-damage|p2a: Espeon|33/100 psn
|
|-damage|p2a: Espeon|21/100 psn|[from] psn
|upkeep
|turn|7
|
|t:|1779891235
|move|p2a: Espeon|Draining Kiss|p1a: Veluza
|-damage|p1a: Veluza|0 fnt
|-heal|p2a: Espeon|50/100 psn|[from] drain|[of] p1a: Veluza
|faint|p1a: Veluza
|
|-damage|p2a: Espeon|38/100 psn|[from] psn
|upkeep
|
|t:|1779891243
|switch|p1a: Polteageist|Polteageist|100/100
|turn|8
|
|t:|1779891250
|-terastallize|p2a: Espeon|Fairy
|-terastallize|p1a: Polteageist|Steel
|move|p2a: Espeon|Morning Sun|p2a: Espeon
|-heal|p2a: Espeon|88/100 psn
|move|p1a: Polteageist|Shell Smash|p1a: Polteageist
|-unboost|p1a: Polteageist|def|1
|-unboost|p1a: Polteageist|spd|1
|-boost|p1a: Polteageist|atk|2
|-boost|p1a: Polteageist|spa|2
|-boost|p1a: Polteageist|spe|2
|
|-damage|p2a: Espeon|76/100 psn|[from] psn
|upkeep
|turn|9
|
|t:|1779891261
|move|p1a: Polteageist|Stored Power|p2a: Espeon
|-damage|p2a: Espeon|19/100 psn
|move|p2a: Espeon|Stored Power|p1a: Polteageist
|-resisted|p1a: Polteageist
|-damage|p1a: Polteageist|32/100
|
|-damage|p2a: Espeon|7/100 psn|[from] psn
|upkeep
|turn|10
|
|t:|1779891267
|move|p1a: Polteageist|Shell Smash|p1a: Polteageist
|-unboost|p1a: Polteageist|def|1
|-unboost|p1a: Polteageist|spd|1
|-boost|p1a: Polteageist|atk|2
|-boost|p1a: Polteageist|spa|2
|-boost|p1a: Polteageist|spe|2
|move|p2a: Espeon|Stored Power|p1a: Polteageist
|-resisted|p1a: Polteageist
|-damage|p1a: Polteageist|0 fnt
|faint|p1a: Polteageist
|
|-damage|p2a: Espeon|0 fnt|[from] psn
|faint|p2a: Espeon
|upkeep
|
|t:|1779891280
|switch|p2a: Vikavolt|Vikavolt, M|100/100
|switch|p1a: Glimmora|Glimmora, F|1/100
|turn|11
|
|t:|1779891286
|move|p1a: Glimmora|Stealth Rock|p2a: Vikavolt
|-sidestart|p2: chrovalis|move: Stealth Rock
|move|p2a: Vikavolt|Sticky Web|p1a: Glimmora
|-sidestart|p1: piplupipo|move: Sticky Web
|
|upkeep
|turn|12
|
|t:|1779891291
|move|p1a: Glimmora|Mortal Spin|p2a: Vikavolt
|-damage|p2a: Vikavolt|92/100
|-status|p2a: Vikavolt|psn
|-sideend|p1: piplupipo|Sticky Web|[from] move: Mortal Spin|[of] p1a: Glimmora
|move|p2a: Vikavolt|Thunderbolt|p1a: Glimmora
|-damage|p1a: Glimmora|0 fnt
|faint|p1a: Glimmora
|
|-damage|p2a: Vikavolt|80/100 psn|[from] psn
|upkeep
|
|t:|1779891298
|switch|p1a: Eiscue|Eiscue, M|100/100
|turn|13
|
|t:|1779891303
|move|p1a: Eiscue|Substitute|p1a: Eiscue
|-start|p1a: Eiscue|Substitute
|-damage|p1a: Eiscue|75/100
|move|p2a: Vikavolt|Thunderbolt|p1a: Eiscue
|-end|p1a: Eiscue|Substitute
|
|-damage|p2a: Vikavolt|68/100 psn|[from] psn
|upkeep
|turn|14
|
|t:|1779891308
|move|p1a: Eiscue|Substitute|p1a: Eiscue
|-start|p1a: Eiscue|Substitute
|-damage|p1a: Eiscue|50/100
|move|p2a: Vikavolt|Thunderbolt|p1a: Eiscue
|-end|p1a: Eiscue|Substitute
|
|-damage|p2a: Vikavolt|56/100 psn|[from] psn
|upkeep
|turn|15
|
|t:|1779891313
|move|p1a: Eiscue|Substitute|p1a: Eiscue
|-start|p1a: Eiscue|Substitute
|-damage|p1a: Eiscue|25/100
|-enditem|p1a: Eiscue|Salac Berry|[eat]
|-boost|p1a: Eiscue|spe|1|[from] item: Salac Berry
|move|p2a: Vikavolt|Thunderbolt|p1a: Eiscue
|-end|p1a: Eiscue|Substitute
|
|-damage|p2a: Vikavolt|44/100 psn|[from] psn
|upkeep
|turn|16
|
|t:|1779891317
|move|p1a: Eiscue|Ice Spinner|p2a: Vikavolt
|-damage|p2a: Vikavolt|5/100 psn
|move|p2a: Vikavolt|Thunderbolt|p1a: Eiscue
|-damage|p1a: Eiscue|0 fnt
|faint|p1a: Eiscue
|
|-damage|p2a: Vikavolt|0 fnt|[from] psn
|faint|p2a: Vikavolt
|upkeep
|
|t:|1779891327
|switch|p1a: Klawf|Klawf, M|100/100
|switch|p2a: Rillaboom|Rillaboom, M|100/100
|-damage|p2a: Rillaboom|88/100|[from] Stealth Rock
|-fieldstart|move: Grassy Terrain|[from] ability: Grassy Surge|[of] p2a: Rillaboom
|turn|17
|
|t:|1779891335
|move|p1a: Klawf|Endure|p1a: Klawf
|-singleturn|p1a: Klawf|move: Endure
|move|p2a: Rillaboom|Low Kick|p1a: Klawf
|-supereffective|p1a: Klawf
|-damage|p1a: Klawf|35/100
|-enditem|p1a: Klawf|Weakness Policy
|-boost|p1a: Klawf|atk|2|[from] item: Weakness Policy
|-boost|p1a: Klawf|spa|2|[from] item: Weakness Policy
|-ability|p1a: Klawf|Anger Shell|boost
|-boost|p1a: Klawf|atk|1
|-boost|p1a: Klawf|spa|1
|-boost|p1a: Klawf|spe|1
|-unboost|p1a: Klawf|def|1
|-unboost|p1a: Klawf|spd|1
|
|-heal|p1a: Klawf|41/100|[from] Grassy Terrain
|-heal|p2a: Rillaboom|94/100|[from] Grassy Terrain
|upkeep
|turn|18
|
|t:|1779891343
|move|p2a: Rillaboom|Grassy Glide|p1a: Klawf
|-supereffective|p1a: Klawf
|-damage|p1a: Klawf|0 fnt
|faint|p1a: Klawf
|
|-heal|p2a: Rillaboom|99/100|[from] Grassy Terrain
|upkeep
|-message|piplupipo forfeited.
|
|win|chrovalis
|raw|piplupipo's rating: 1217 &rarr; <strong>1193</strong><br />(-24 for losing)
|raw|chrovalis's rating: 1232 &rarr; <strong>1256</strong><br />(+24 for winning)
|l|☆piplupipo
|player|p1|
|l|☆chrovalis
|player|p2|
