|j|☆gojiratar
|j|☆erjtsers
|t:|1779886330
|gametype|singles
|player|p1|gojiratar|rancher|1634
|player|p2|erjtsers|pokemonbreeder|1638
|gen|9
|tier|[Gen 9] OU
|rated|
|rule|HP Percentage Mod: HP is shown in percentages
|rule|Endless Battle Clause: Forcing endless battles is banned
|rule|Species Clause: Limit one of each Pokémon
|rule|OHKO Clause: OHKO moves are banned
|rule|Evasion Items Clause: Evasion items are banned
|rule|Evasion Moves Clause: Evasion moves are banned
|rule|Evasion Abilities Clause: Evasion abilities are banned
|rule|Sleep Moves Clause: Sleep-inducing moves are banned
|clearpoke
|poke|p1|Ting-Lu|
|poke|p1|Raging Bolt|
|poke|p1|Zamazenta-*|
|poke|p1|Ogerpon-Wellspring, F|
|poke|p1|Corviknight, F|
|poke|p1|Slowking-Galar, M|
|poke|p2|Cinderace, M|
|poke|p2|Alomomola, M|
|poke|p2|Great Tusk|
|poke|p2|Iron Valiant|
|poke|p2|Pecharunt|
|poke|p2|Ogerpon-Cornerstone, F|
|teampreview
|
|t:|1779886335
|teamsize|p1|6
|teamsize|p2|6
|start
|switch|p1a: Ogerpon|Ogerpon-Wellspring, F|100/100
|switch|p2a: Cinderace|Cinderace, M|100/100
|turn|1
|inactive|Battle timer is ON: inactive players will automatically lose when time's up. (requested by gojiratar)
|
|t:|1779886351
|switch|p1a: Slowking|Slowking-Galar, M|100/100
|move|p2a: Cinderace|U-turn|p1a: Slowking
|-start|p2a: Cinderace|typechange|Bug|[from] ability: Libero
|-damage|p1a: Slowking|53/100
|
|t:|1779886355
|switch|p2a: Great Tusk|Great Tusk, shiny|100/100|[from] U-turn
|
|upkeep
|turn|2
|
|t:|1779886360
|switch|p1a: Corviknight|Corviknight, F|100/100
|-ability|p1a: Corviknight|Pressure
|move|p2a: Great Tusk|Headlong Rush|p1a: Corviknight
|-immune|p1a: Corviknight
|
|upkeep
|turn|3
|
|t:|1779886371
|-end|p2a: Great Tusk|Protosynthesis|[silent]
|switch|p2a: Alomomola|Alomomola, M, shiny|100/100
|move|p1a: Corviknight|Brave Bird|p2a: Alomomola
|-damage|p2a: Alomomola|73/100
|-damage|p1a: Corviknight|88/100|[from] Recoil
|
|upkeep
|turn|4
|
|t:|1779886376
|switch|p1a: Ogerpon|Ogerpon-Wellspring, F|100/100
|move|p2a: Alomomola|Flip Turn|p1a: Ogerpon
|-immune|p1a: Ogerpon|[from] ability: Water Absorb
|
|upkeep
|turn|5
|
|t:|1779886387
|switch|p2a: Pecharunt|Pecharunt|100/100
|move|p1a: Ogerpon|Knock Off|p2a: Pecharunt
|-supereffective|p2a: Pecharunt
|-damage|p2a: Pecharunt|67/100
|-damage|p1a: Ogerpon|84/100|[from] item: Rocky Helmet|[of] p2a: Pecharunt
|-enditem|p2a: Pecharunt|Rocky Helmet|[from] move: Knock Off|[of] p1a: Ogerpon
|
|upkeep
|turn|6
|
|t:|1779886394
|move|p1a: Ogerpon|U-turn|p2a: Pecharunt
|-resisted|p2a: Pecharunt
|-damage|p2a: Pecharunt|64/100
|
|t:|1779886396
|switch|p1a: Slowking|Slowking-Galar, M|86/100|[from] U-turn
|move|p2a: Pecharunt|Parting Shot|p1a: Slowking
|-unboost|p1a: Slowking|atk|1
|-unboost|p1a: Slowking|spa|1
|
|t:|1779886400
|switch|p2a: Cinderace|Cinderace, M|100/100|[from] Parting Shot
|
|upkeep
|turn|7
|
|t:|1779886407
|switch|p1a: Raging Bolt|Raging Bolt|100/100
|move|p2a: Cinderace|Pyro Ball|p1a: Raging Bolt
|-resisted|p1a: Raging Bolt
|-damage|p1a: Raging Bolt|57/100
|
|-heal|p1a: Raging Bolt|63/100|[from] item: Leftovers
|upkeep
|turn|8
|
|t:|1779886437
|switch|p2a: Alomomola|Alomomola, M, shiny|100/100
|move|p1a: Raging Bolt|Dragon Pulse|p2a: Alomomola
|-damage|p2a: Alomomola|76/100
|
|-heal|p1a: Raging Bolt|69/100|[from] item: Leftovers
|upkeep
|turn|9
|
|t:|1779886445
|-terastallize|p2a: Alomomola|Fairy
|move|p1a: Raging Bolt|Dragon Pulse|p2a: Alomomola
|-immune|p2a: Alomomola
|move|p2a: Alomomola|Play Rough|p1a: Raging Bolt
|-supereffective|p1a: Raging Bolt
|-damage|p1a: Raging Bolt|24/100
|
|-heal|p1a: Raging Bolt|30/100|[from] item: Leftovers
|upkeep
|turn|10
|
|t:|1779886452
|-end|p1a: Raging Bolt|Protosynthesis|[silent]
|switch|p1a: Ogerpon|Ogerpon-Wellspring, F|84/100
|move|p2a: Alomomola|Play Rough|p1a: Ogerpon
|-damage|p1a: Ogerpon|55/100
|
|upkeep
|turn|11
|
|t:|1779886457
|switch|p2a: Pecharunt|Pecharunt|64/100
|move|p1a: Ogerpon|Ivy Cudgel|p2a: Pecharunt|[anim] Ivy Cudgel Water
|-damage|p2a: Pecharunt|36/100
|
|upkeep
|turn|12
|
|t:|1779886464
|move|p1a: Ogerpon|U-turn|p2a: Pecharunt
|-resisted|p2a: Pecharunt
|-damage|p2a: Pecharunt|33/100
|
|t:|1779886466
|switch|p1a: Ting-Lu|Ting-Lu|100/100|[from] U-turn
|-ability|p1a: Ting-Lu|Vessel of Ruin
|move|p2a: Pecharunt|Recover|p2a: Pecharunt
|-heal|p2a: Pecharunt|83/100
|
|upkeep
|turn|13
|
|t:|1779886473
|switch|p2a: Alomomola|Alomomola, M, shiny, tera:Fairy|100/100
|move|p1a: Ting-Lu|Stealth Rock|p2a: Alomomola
|-sidestart|p2: erjtsers|move: Stealth Rock
|
|upkeep
|turn|14
|
|t:|1779886476
|switch|p1a: Slowking|Slowking-Galar, M|100/100
|move|p2a: Alomomola|Play Rough|p1a: Slowking|[miss]
|-miss|p2a: Alomomola|p1a: Slowking
|
|upkeep
|turn|15
|
|t:|1779886483
|switch|p1a: Ogerpon|Ogerpon-Wellspring, F|55/100
|move|p2a: Alomomola|Mirror Coat||[still]
|-fail|p2a: Alomomola
|
|upkeep
|turn|16
|
|t:|1779886488
|switch|p2a: Pecharunt|Pecharunt|83/100
|-damage|p2a: Pecharunt|70/100|[from] Stealth Rock
|move|p1a: Ogerpon|U-turn|p2a: Pecharunt
|-resisted|p2a: Pecharunt
|-damage|p2a: Pecharunt|67/100
|
|t:|1779886494
|switch|p1a: Slowking|Slowking-Galar, M|100/100|[from] U-turn
|
|upkeep
|turn|17
|
|t:|1779886498
|move|p2a: Pecharunt|Parting Shot|p1a: Slowking
|-unboost|p1a: Slowking|atk|1
|-unboost|p1a: Slowking|spa|1
|
|t:|1779886499
|switch|p2a: Great Tusk|Great Tusk, shiny|100/100|[from] Parting Shot
|move|p1a: Slowking|Psychic Noise|p2a: Great Tusk
|-supereffective|p2a: Great Tusk
|-damage|p2a: Great Tusk|28/100
|-start|p2a: Great Tusk|move: Heal Block
|
|upkeep
|turn|18
|
|t:|1779886507
|move|p2a: Great Tusk|Headlong Rush|p1a: Slowking
|-supereffective|p1a: Slowking
|-damage|p1a: Slowking|0 fnt
|-unboost|p2a: Great Tusk|def|1
|-unboost|p2a: Great Tusk|spd|1
|faint|p1a: Slowking
|
|-end|p2a: Great Tusk|move: Heal Block
|upkeep
|
|t:|1779886511
|switch|p1a: Ogerpon|Ogerpon-Wellspring, F|55/100
|turn|19
|
|t:|1779886516
|-end|p2a: Great Tusk|Protosynthesis|[silent]
|switch|p2a: Pecharunt|Pecharunt|67/100
|-damage|p2a: Pecharunt|55/100|[from] Stealth Rock
|move|p1a: Ogerpon|Ivy Cudgel|p2a: Pecharunt|[anim] Ivy Cudgel Water
|-damage|p2a: Pecharunt|25/100
|
|upkeep
|turn|20
|
|t:|1779886532
|switch|p2a: Iron Valiant|Iron Valiant|100/100
|-damage|p2a: Iron Valiant|94/100|[from] Stealth Rock
|move|p1a: Ogerpon|Ivy Cudgel|p2a: Iron Valiant|[anim] Ivy Cudgel Water
|-damage|p2a: Iron Valiant|15/100
|
|upkeep
|turn|21
|
|t:|1779886541
|switch|p1a: Corviknight|Corviknight, F|88/100
|-ability|p1a: Corviknight|Pressure
|move|p2a: Iron Valiant|Thunderbolt|p1a: Corviknight
|-supereffective|p1a: Corviknight
|-damage|p1a: Corviknight|1/100
|
|upkeep
|turn|22
|
|t:|1779886552
|-end|p2a: Iron Valiant|Quark Drive|[silent]
|switch|p2a: Cinderace|Cinderace, M|100/100
|-damage|p2a: Cinderace|76/100|[from] Stealth Rock
|switch|p1a: Ting-Lu|Ting-Lu|100/100
|-ability|p1a: Ting-Lu|Vessel of Ruin
|
|upkeep
|turn|23
|
|t:|1779886559
|switch|p1a: Zamazenta|Zamazenta|100/100
|-ability|p1a: Zamazenta|Dauntless Shield|boost
|-boost|p1a: Zamazenta|def|1
|move|p2a: Cinderace|U-turn|p1a: Zamazenta
|-start|p2a: Cinderace|typechange|Bug|[from] ability: Libero
|-resisted|p1a: Zamazenta
|-damage|p1a: Zamazenta|86/100
|inactive|erjtsers has 120 seconds left.
|
|t:|1779886593
|switch|p2a: Alomomola|Alomomola, M, shiny, tera:Fairy|100/100|[from] U-turn
|-damage|p2a: Alomomola|88/100|[from] Stealth Rock
|
|upkeep
|turn|24
|
|t:|1779886597
|switch|p1a: Ogerpon|Ogerpon-Wellspring, F|55/100
|move|p2a: Alomomola|Play Rough|p1a: Ogerpon
|-damage|p1a: Ogerpon|25/100
|
|upkeep
|turn|25
|
|t:|1779886601
|move|p1a: Ogerpon|U-turn|p2a: Alomomola
|-resisted|p2a: Alomomola
|-damage|p2a: Alomomola|79/100
|
|t:|1779886603
|switch|p1a: Raging Bolt|Raging Bolt|30/100|[from] U-turn
|move|p2a: Alomomola|Play Rough|p1a: Raging Bolt
|-supereffective|p1a: Raging Bolt
|-damage|p1a: Raging Bolt|0 fnt
|faint|p1a: Raging Bolt
|-end|p1a: Raging Bolt|Protosynthesis|[silent]
|
|upkeep
|
|t:|1779886604
|switch|p1a: Corviknight|Corviknight, F|1/100
|-ability|p1a: Corviknight|Pressure
|turn|26
|
|t:|1779886608
|move|p2a: Alomomola|Aqua Jet|p1a: Corviknight
|-damage|p1a: Corviknight|0 fnt
|-damage|p2a: Alomomola|62/100|[from] item: Rocky Helmet|[of] p1a: Corviknight
|faint|p1a: Corviknight
|
|upkeep
|
|t:|1779886614
|switch|p1a: Zamazenta|Zamazenta|86/100
|turn|27
|
|t:|1779886620
|move|p1a: Zamazenta|Heavy Slam|p2a: Alomomola
|-supereffective|p2a: Alomomola
|-damage|p2a: Alomomola|3/100
|move|p2a: Alomomola|Play Rough|p1a: Zamazenta
|-supereffective|p1a: Zamazenta
|-crit|p1a: Zamazenta
|-damage|p1a: Zamazenta|12/100
|
|upkeep
|turn|28
|
|t:|1779886631
|switch|p1a: Ogerpon|Ogerpon-Wellspring, F|25/100
|switch|p2a: Pecharunt|Pecharunt|25/100
|-damage|p2a: Pecharunt|12/100|[from] Stealth Rock
|
|upkeep
|turn|29
|
|t:|1779886637
|move|p1a: Ogerpon|Ivy Cudgel|p2a: Pecharunt|[anim] Ivy Cudgel Water
|-damage|p2a: Pecharunt|0 fnt
|faint|p2a: Pecharunt
|
|upkeep
|
|t:|1779886641
|switch|p2a: Cinderace|Cinderace, M|76/100
|-damage|p2a: Cinderace|51/100|[from] Stealth Rock
|turn|30
|
|t:|1779886643
|switch|p1a: Ting-Lu|Ting-Lu|100/100
|-ability|p1a: Ting-Lu|Vessel of Ruin
|move|p2a: Cinderace|U-turn|p1a: Ting-Lu
|-start|p2a: Cinderace|typechange|Bug|[from] ability: Libero
|-supereffective|p1a: Ting-Lu
|-damage|p1a: Ting-Lu|46/100
|
|t:|1779886646
|switch|p2a: Great Tusk|Great Tusk, shiny|28/100|[from] U-turn
|
|-heal|p1a: Ting-Lu|52/100|[from] item: Leftovers
|upkeep
|turn|31
|
|t:|1779886649
|move|p2a: Great Tusk|Rapid Spin|p1a: Ting-Lu
|-damage|p1a: Ting-Lu|41/100
|-boost|p2a: Great Tusk|spe|1
|-sideend|p2: erjtsers|Stealth Rock|[from] move: Rapid Spin|[of] p2a: Great Tusk
|move|p1a: Ting-Lu|Earthquake|p2a: Great Tusk
|-damage|p2a: Great Tusk|2/100
|
|-heal|p1a: Ting-Lu|48/100|[from] item: Leftovers
|upkeep
|turn|32
|
|t:|1779886652
|move|p2a: Great Tusk|Close Combat|p1a: Ting-Lu
|-supereffective|p1a: Ting-Lu
|-damage|p1a: Ting-Lu|0 fnt
|-unboost|p2a: Great Tusk|def|1
|-unboost|p2a: Great Tusk|spd|1
|faint|p1a: Ting-Lu
|
|upkeep
|
|t:|1779886655
|switch|p1a: Zamazenta|Zamazenta|12/100
|turn|33
|
|t:|1779886658
|move|p2a: Great Tusk|Close Combat|p1a: Zamazenta
|-damage|p1a: Zamazenta|0 fnt
|-unboost|p2a: Great Tusk|def|1
|-unboost|p2a: Great Tusk|spd|1
|faint|p1a: Zamazenta
|
|upkeep
|-message|gojiratar forfeited.
|
|win|erjtsers
|raw|gojiratar's rating: 1634 &rarr; <strong>1615</strong><br />(-19 for losing)
|raw|erjtsers's rating: 1653 &rarr; <strong>1672</strong><br />(+19 for winning)
|l|☆gojiratar
|player|p1|
|l|☆erjtsers
|player|p2|
