|j|☆joeschma5036
|j|☆Nooderu
|t:|1779863478
|gametype|singles
|player|p1|joeschma5036|volkner|1170
|player|p2|Nooderu|guitarist|1235
|gen|9
|tier|[Gen 9] OU
|rated|
|rule|HP Percentage Mod: HP is shown in percentages
|rule|Endless Battle Clause: Forcing endless battles is banned
|rule|Species Clause: Limit one of each Pokémon
|rule|OHKO Clause: OHKO moves are banned
|rule|Evasion Items Clause: Evasion items are banned
|rule|Evasion Moves Clause: Evasion moves are banned
|rule|Evasion Abilities Clause: Evasion abilities are banned
|rule|Sleep Moves Clause: Sleep-inducing moves are banned
|clearpoke
|poke|p1|Cloyster, M|
|poke|p1|Exeggutor, M|
|poke|p1|Gyarados, F|
|poke|p1|Heracross, F|
|poke|p1|Moltres|
|poke|p1|Tyranitar, M|
|poke|p2|Great Tusk|
|poke|p2|Walking Wake|
|poke|p2|Lilligant, F|
|poke|p2|Grimmsnarl, M|
|poke|p2|Torkoal, M|
|poke|p2|Dragapult, F|
|teampreview
|
|t:|1779863483
|teamsize|p1|6
|teamsize|p2|6
|start
|switch|p1a: Cloyster|Cloyster, M|100/100
|switch|p2a: Grimmsnarl|Grimmsnarl, M|100/100
|turn|1
|inactive|Battle timer is ON: inactive players will automatically lose when time's up. (requested by joeschma5036)
|
|t:|1779863493
|move|p2a: Grimmsnarl|Reflect|p2a: Grimmsnarl
|-sidestart|p2: Nooderu|Reflect
|move|p1a: Cloyster|Shell Smash|p1a: Cloyster
|-unboost|p1a: Cloyster|def|1
|-unboost|p1a: Cloyster|spd|1
|-boost|p1a: Cloyster|atk|2
|-boost|p1a: Cloyster|spa|2
|-boost|p1a: Cloyster|spe|2
|
|upkeep
|turn|2
|
|t:|1779863501
|move|p2a: Grimmsnarl|Parting Shot|p1a: Cloyster
|-unboost|p1a: Cloyster|atk|1
|-unboost|p1a: Cloyster|spa|1
|
|t:|1779863505
|switch|p2a: Torkoal|Torkoal, M|100/100|[from] Parting Shot
|-weather|SunnyDay|[from] ability: Drought|[of] p2a: Torkoal
|move|p1a: Cloyster|Shell Smash|p1a: Cloyster
|-unboost|p1a: Cloyster|def|1
|-unboost|p1a: Cloyster|spd|1
|-boost|p1a: Cloyster|atk|2
|-boost|p1a: Cloyster|spa|2
|-boost|p1a: Cloyster|spe|2
|
|-weather|SunnyDay|[upkeep]
|upkeep
|turn|3
|
|t:|1779863518
|move|p1a: Cloyster|Rock Blast|p2a: Torkoal
|-supereffective|p2a: Torkoal
|-damage|p2a: Torkoal|90/100
|-supereffective|p2a: Torkoal
|-damage|p2a: Torkoal|80/100
|-supereffective|p2a: Torkoal
|-damage|p2a: Torkoal|68/100
|-supereffective|p2a: Torkoal
|-damage|p2a: Torkoal|58/100
|-supereffective|p2a: Torkoal
|-damage|p2a: Torkoal|47/100
|-hitcount|p2a: Torkoal|5
|move|p2a: Torkoal|Body Press|p1a: Cloyster
|-supereffective|p1a: Cloyster
|-enditem|p1a: Cloyster|Focus Sash
|-damage|p1a: Cloyster|1/100
|
|-weather|SunnyDay|[upkeep]
|upkeep
|turn|4
|inactive|Nooderu has 120 seconds left.
|
|t:|1779863549
|switch|p2a: Great Tusk|Great Tusk|100/100
|-activate|p2a: Great Tusk|ability: Protosynthesis
|-start|p2a: Great Tusk|protosynthesisatk
|move|p1a: Cloyster|Rock Blast|p2a: Great Tusk
|-resisted|p2a: Great Tusk
|-damage|p2a: Great Tusk|99/100
|-resisted|p2a: Great Tusk
|-damage|p2a: Great Tusk|98/100
|-resisted|p2a: Great Tusk
|-damage|p2a: Great Tusk|96/100
|-resisted|p2a: Great Tusk
|-damage|p2a: Great Tusk|95/100
|-resisted|p2a: Great Tusk
|-damage|p2a: Great Tusk|94/100
|-hitcount|p2a: Great Tusk|5
|
|-weather|SunnyDay|[upkeep]
|upkeep
|turn|5
|inactive|Nooderu has 120 seconds left.
|
|t:|1779863567
|move|p1a: Cloyster|Icicle Spear|p2a: Great Tusk
|-supereffective|p2a: Great Tusk
|-damage|p2a: Great Tusk|76/100
|-supereffective|p2a: Great Tusk
|-damage|p2a: Great Tusk|59/100
|-supereffective|p2a: Great Tusk
|-damage|p2a: Great Tusk|42/100
|-supereffective|p2a: Great Tusk
|-damage|p2a: Great Tusk|24/100
|-supereffective|p2a: Great Tusk
|-damage|p2a: Great Tusk|6/100
|-hitcount|p2a: Great Tusk|5
|move|p2a: Great Tusk|Rapid Spin|p1a: Cloyster
|-crit|p1a: Cloyster
|-damage|p1a: Cloyster|0 fnt
|-boost|p2a: Great Tusk|spe|1
|faint|p1a: Cloyster
|
|-weather|SunnyDay|[upkeep]
|upkeep
|
|t:|1779863587
|switch|p1a: Exeggutor|Exeggutor, M|100/100
|turn|6
|inactive|Nooderu has 120 seconds left.
|
|t:|1779863609
|-end|p2a: Great Tusk|Protosynthesis|[silent]
|switch|p2a: Lilligant|Lilligant, F|100/100
|move|p1a: Exeggutor|Giga Drain|p2a: Lilligant
|-resisted|p2a: Lilligant
|-damage|p2a: Lilligant|75/100
|
|-weather|SunnyDay|[upkeep]
|upkeep
|turn|7
|
|t:|1779863621
|-terastallize|p2a: Lilligant|Fire
|move|p2a: Lilligant|Weather Ball|p1a: Exeggutor
|-supereffective|p1a: Exeggutor
|-damage|p1a: Exeggutor|0 fnt
|faint|p1a: Exeggutor
|-damage|p2a: Lilligant|65/100|[from] item: Life Orb
|
|-weather|SunnyDay|[upkeep]
|upkeep
|
|t:|1779863631
|switch|p1a: Tyranitar|Tyranitar, M|100/100
|-weather|Sandstorm|[from] ability: Sand Stream|[of] p1a: Tyranitar
|turn|8
|inactive|Nooderu has 120 seconds left.
|
|t:|1779863649
|switch|p2a: Grimmsnarl|Grimmsnarl, M|100/100
|move|p1a: Tyranitar|Rock Slide|p2a: Grimmsnarl
|-damage|p2a: Grimmsnarl|72/100
|
|-weather|Sandstorm|[upkeep]
|-damage|p2a: Grimmsnarl|66/100|[from] Sandstorm
|-sideend|p2: Nooderu|Reflect
|upkeep
|turn|9
|
|t:|1779863664
|switch|p1a: Moltres|Moltres|100/100
|move|p2a: Grimmsnarl|Reflect|p2a: Grimmsnarl
|-sidestart|p2: Nooderu|Reflect
|
|-weather|Sandstorm|[upkeep]
|-damage|p1a: Moltres|94/100|[from] Sandstorm
|-damage|p2a: Grimmsnarl|60/100|[from] Sandstorm
|upkeep
|turn|10
|
|t:|1779863673
|move|p2a: Grimmsnarl|Light Screen|p2a: Grimmsnarl
|-sidestart|p2: Nooderu|move: Light Screen
|move|p1a: Moltres|Flamethrower|p2a: Grimmsnarl
|-damage|p2a: Grimmsnarl|40/100
|-status|p2a: Grimmsnarl|brn
|
|-weather|Sandstorm|[upkeep]
|-damage|p1a: Moltres|88/100|[from] Sandstorm
|-damage|p2a: Grimmsnarl|34/100 brn|[from] Sandstorm
|-damage|p2a: Grimmsnarl|28/100 brn|[from] brn
|upkeep
|turn|11
|inactive|Nooderu has 120 seconds left.
|
|t:|1779863684
|move|p2a: Grimmsnarl|Parting Shot|p1a: Moltres
|-unboost|p1a: Moltres|atk|1
|-unboost|p1a: Moltres|spa|1
|
|t:|1779863689
|switch|p2a: Torkoal|Torkoal, M|47/100|[from] Parting Shot
|-weather|SunnyDay|[from] ability: Drought|[of] p2a: Torkoal
|move|p1a: Moltres|Flamethrower|p2a: Torkoal
|-resisted|p2a: Torkoal
|-damage|p2a: Torkoal|34/100
|
|-weather|SunnyDay|[upkeep]
|upkeep
|turn|12
|inactive|Nooderu has 120 seconds left.
|
|t:|1779863701
|move|p1a: Moltres|Air Slash|p2a: Torkoal
|-damage|p2a: Torkoal|21/100
|cant|p2a: Torkoal|flinch
|
|-weather|SunnyDay|[upkeep]
|upkeep
|turn|13
|inactive|Nooderu has 120 seconds left.
|
|t:|1779863709
|move|p1a: Moltres|Air Slash|p2a: Torkoal
|-damage|p2a: Torkoal|6/100
|move|p2a: Torkoal|Stealth Rock|p1a: Moltres
|-sidestart|p1: joeschma5036|move: Stealth Rock
|
|-weather|SunnyDay|[upkeep]
|upkeep
|turn|14
|inactive|Nooderu has 120 seconds left.
|
|t:|1779863726
|switch|p2a: Dragapult|Dragapult, F|100/100
|move|p1a: Moltres|Flamethrower|p2a: Dragapult
|-resisted|p2a: Dragapult
|-damage|p2a: Dragapult|88/100
|
|-weather|SunnyDay|[upkeep]
|upkeep
|turn|15
|inactive|Nooderu has 120 seconds left.
|
|t:|1779863735
|switch|p1a: Tyranitar|Tyranitar, M|100/100
|-damage|p1a: Tyranitar|88/100|[from] Stealth Rock
|-weather|Sandstorm|[from] ability: Sand Stream|[of] p1a: Tyranitar
|move|p2a: Dragapult|Dragon Dance|p2a: Dragapult
|-boost|p2a: Dragapult|atk|1
|-boost|p2a: Dragapult|spe|1
|
|-weather|Sandstorm|[upkeep]
|-damage|p2a: Dragapult|82/100|[from] Sandstorm
|upkeep
|turn|16
|inactive|Nooderu has 120 seconds left.
|
|t:|1779863750
|move|p2a: Dragapult|Dragon Darts|p1a: Tyranitar
|-damage|p1a: Tyranitar|46/100
|-anim|p2a: Dragapult|Dragon Darts|p1a: Tyranitar
|-damage|p1a: Tyranitar|6/100
|-damage|p2a: Dragapult|73/100|[from] item: Life Orb
|move|p1a: Tyranitar|Knock Off|p2a: Dragapult
|-supereffective|p2a: Dragapult
|-damage|p2a: Dragapult|0 fnt
|-enditem|p2a: Dragapult|Life Orb|[from] move: Knock Off|[of] p1a: Tyranitar
|faint|p2a: Dragapult
|
|-weather|Sandstorm|[upkeep]
|-sideend|p2: Nooderu|Reflect
|upkeep
|inactive|Nooderu has 120 seconds left.
|
|t:|1779863771
|switch|p2a: Grimmsnarl|Grimmsnarl, M|28/100 brn
|turn|17
|
|t:|1779863781
|move|p2a: Grimmsnarl|Sucker Punch|p1a: Tyranitar
|-resisted|p1a: Tyranitar
|-damage|p1a: Tyranitar|0 fnt
|faint|p1a: Tyranitar
|
|-weather|Sandstorm|[upkeep]
|-damage|p2a: Grimmsnarl|22/100 brn|[from] Sandstorm
|-damage|p2a: Grimmsnarl|15/100 brn|[from] brn
|-sideend|p2: Nooderu|move: Light Screen
|upkeep
|
|t:|1779863788
|switch|p1a: Moltres|Moltres|88/100
|turn|18
|
|t:|1779863793
|move|p2a: Grimmsnarl|Light Screen|p2a: Grimmsnarl
|-sidestart|p2: Nooderu|move: Light Screen
|move|p1a: Moltres|Roost|p1a: Moltres
|-heal|p1a: Moltres|100/100
|-singleturn|p1a: Moltres|move: Roost
|
|-weather|Sandstorm|[upkeep]
|-damage|p1a: Moltres|94/100|[from] Sandstorm
|-damage|p2a: Grimmsnarl|9/100 brn|[from] Sandstorm
|-damage|p2a: Grimmsnarl|3/100 brn|[from] brn
|upkeep
|turn|19
|
|t:|1779863804
|move|p2a: Grimmsnarl|Reflect|p2a: Grimmsnarl
|-sidestart|p2: Nooderu|Reflect
|move|p1a: Moltres|Flamethrower|p2a: Grimmsnarl
|-damage|p2a: Grimmsnarl|0 fnt
|faint|p2a: Grimmsnarl
|
|-weather|none
|upkeep
|
|t:|1779863814
|switch|p2a: Torkoal|Torkoal, M|6/100
|-weather|SunnyDay|[from] ability: Drought|[of] p2a: Torkoal
|turn|20
|
|t:|1779863825
|switch|p2a: Walking Wake|Walking Wake|100/100
|-activate|p2a: Walking Wake|ability: Protosynthesis
|-start|p2a: Walking Wake|protosynthesisspe
|move|p1a: Moltres|Air Slash|p2a: Walking Wake
|-damage|p2a: Walking Wake|84/100
|
|-weather|SunnyDay|[upkeep]
|upkeep
|turn|21
|
|t:|1779863840
|move|p2a: Walking Wake|Draco Meteor|p1a: Moltres
|-damage|p1a: Moltres|28/100
|-unboost|p2a: Walking Wake|spa|2
|move|p1a: Moltres|Will-O-Wisp|p2a: Walking Wake
|-status|p2a: Walking Wake|brn
|
|-weather|SunnyDay|[upkeep]
|-damage|p2a: Walking Wake|78/100 brn|[from] brn
|upkeep
|turn|22
|
|t:|1779863856
|move|p2a: Walking Wake|Draco Meteor|p1a: Moltres
|-damage|p1a: Moltres|0 fnt
|-unboost|p2a: Walking Wake|spa|2
|faint|p1a: Moltres
|
|-weather|SunnyDay|[upkeep]
|-damage|p2a: Walking Wake|71/100 brn|[from] brn
|upkeep
|
|t:|1779863864
|switch|p1a: Heracross|Heracross, F|100/100
|-damage|p1a: Heracross|88/100|[from] Stealth Rock
|turn|23
|
|t:|1779863875
|-end|p2a: Walking Wake|Protosynthesis|[silent]
|switch|p2a: Torkoal|Torkoal, M|6/100
|move|p1a: Heracross|Lunge|p2a: Torkoal
|-resisted|p2a: Torkoal
|-damage|p2a: Torkoal|0 fnt
|faint|p2a: Torkoal
|-ability|p1a: Heracross|Moxie|boost
|-boost|p1a: Heracross|atk|1
|
|-weather|SunnyDay|[upkeep]
|upkeep
|
|t:|1779863895
|switch|p2a: Lilligant|Lilligant, F, tera:Fire|65/100
|turn|24
|
|t:|1779863899
|switch|p1a: Gyarados|Gyarados, F|100/100
|-damage|p1a: Gyarados|76/100|[from] Stealth Rock
|move|p2a: Lilligant|Weather Ball|p1a: Gyarados
|-resisted|p1a: Gyarados
|-damage|p1a: Gyarados|25/100
|-damage|p2a: Lilligant|55/100|[from] item: Life Orb
|
|-weather|SunnyDay|[upkeep]
|upkeep
|turn|25
|
|t:|1779863915
|move|p2a: Lilligant|Weather Ball|p1a: Gyarados
|-resisted|p1a: Gyarados
|-damage|p1a: Gyarados|0 fnt
|faint|p1a: Gyarados
|-damage|p2a: Lilligant|45/100|[from] item: Life Orb
|
|-weather|SunnyDay|[upkeep]
|-sideend|p2: Nooderu|move: Light Screen
|upkeep
|
|t:|1779863922
|switch|p1a: Heracross|Heracross, F|88/100
|-damage|p1a: Heracross|76/100|[from] Stealth Rock
|turn|26
|
|t:|1779863929
|move|p2a: Lilligant|Weather Ball|p1a: Heracross
|-supereffective|p1a: Heracross
|-damage|p1a: Heracross|0 fnt
|faint|p1a: Heracross
|-damage|p2a: Lilligant|35/100|[from] item: Life Orb
|
|win|Nooderu
|raw|joeschma5036's rating: 1170 &rarr; <strong>1150</strong><br />(-20 for losing)
|raw|Nooderu's rating: 1235 &rarr; <strong>1255</strong><br />(+20 for winning)
|l|☆joeschma5036
|player|p1|
|l|☆Nooderu
|player|p2|
