|j|☆My Alexandra
|j|☆Frozmo
|t:|1779871049
|gametype|singles
|player|p1|My Alexandra|caitlin-masters|1298
|player|p2|Frozmo|dawn|1302
|gen|9
|tier|[Gen 9] OU
|rated|
|rule|HP Percentage Mod: HP is shown in percentages
|rule|Endless Battle Clause: Forcing endless battles is banned
|rule|Species Clause: Limit one of each Pokémon
|rule|OHKO Clause: OHKO moves are banned
|rule|Evasion Items Clause: Evasion items are banned
|rule|Evasion Moves Clause: Evasion moves are banned
|rule|Evasion Abilities Clause: Evasion abilities are banned
|rule|Sleep Moves Clause: Sleep-inducing moves are banned
|clearpoke
|poke|p1|Cobalion|
|poke|p1|Mandibuzz, F|
|poke|p1|Dragapult, F|
|poke|p1|Iron Treads|
|poke|p1|Primarina, F|
|poke|p1|Ogerpon-Wellspring, F|
|poke|p2|Cloyster, F|
|poke|p2|Ninetales-Alola, M|
|poke|p2|Polteageist|
|poke|p2|Ogerpon-Wellspring, F|
|poke|p2|Iron Treads|
|poke|p2|Dragonite, F|
|teampreview
|inactive|Battle timer is ON: inactive players will automatically lose when time's up. (requested by Frozmo)
|inactive|My Alexandra also wants the timer to be on.
|
|t:|1779871058
|teamsize|p1|6
|teamsize|p2|6
|start
|switch|p1a: Cobalion|Cobalion|100/100
|switch|p2a: Ninetales|Ninetales-Alola, M|100/100
|-weather|Snowscape|[from] ability: Snow Warning|[of] p2a: Ninetales
|-item|p1a: Cobalion|Air Balloon
|turn|1
|
|t:|1779871068
|-terastallize|p2a: Ninetales|Water
|move|p2a: Ninetales|Aurora Veil|p2a: Ninetales
|-sidestart|p2: Frozmo|move: Aurora Veil
|move|p1a: Cobalion|Thunder Wave|p2a: Ninetales
|-status|p2a: Ninetales|par
|
|-weather|Snowscape|[upkeep]
|upkeep
|turn|2
|
|t:|1779871074
|move|p1a: Cobalion|Volt Switch|p2a: Ninetales
|-supereffective|p2a: Ninetales
|-damage|p2a: Ninetales|83/100 par
|
|t:|1779871079
|switch|p1a: Primarina|Primarina, F|100/100|[from] Volt Switch
|move|p2a: Ninetales|Encore||[still]
|-fail|p2a: Ninetales
|
|-weather|Snowscape|[upkeep]
|upkeep
|turn|3
|
|t:|1779871086
|move|p1a: Primarina|Moonblast|p2a: Ninetales
|-damage|p2a: Ninetales|34/100 par
|move|p2a: Ninetales|Freeze-Dry|p1a: Primarina
|-supereffective|p1a: Primarina
|-damage|p1a: Primarina|54/100
|-status|p1a: Primarina|frz
|
|-weather|Snowscape|[upkeep]
|upkeep
|turn|4
|
|t:|1779871092
|switch|p2a: Cloyster|Cloyster, F|100/100
|-curestatus|p1a: Primarina|frz|[msg]
|move|p1a: Primarina|Moonblast|p2a: Cloyster
|-damage|p2a: Cloyster|7/100
|
|-weather|Snowscape|[upkeep]
|upkeep
|turn|5
|
|t:|1779871098
|switch|p1a: Cobalion|Cobalion|100/100
|-item|p1a: Cobalion|Air Balloon
|move|p2a: Cloyster|Rock Blast|p1a: Cobalion
|-resisted|p1a: Cobalion
|-damage|p1a: Cobalion|99/100
|-enditem|p1a: Cobalion|Air Balloon
|-resisted|p1a: Cobalion
|-damage|p1a: Cobalion|98/100
|-resisted|p1a: Cobalion
|-damage|p1a: Cobalion|96/100
|-resisted|p1a: Cobalion
|-damage|p1a: Cobalion|95/100
|-resisted|p1a: Cobalion
|-damage|p1a: Cobalion|94/100
|-hitcount|p1a: Cobalion|5
|
|-weather|none
|upkeep
|turn|6
|
|t:|1779871110
|move|p2a: Cloyster|Ice Shard|p1a: Cobalion
|-resisted|p1a: Cobalion
|-damage|p1a: Cobalion|85/100
|move|p1a: Cobalion|Volt Switch|p2a: Cloyster
|-supereffective|p2a: Cloyster
|-damage|p2a: Cloyster|0 fnt
|faint|p2a: Cloyster
|
|t:|1779871127
|switch|p1a: Dragapult|Dragapult, F|100/100|[from] Volt Switch
|
|upkeep
|
|t:|1779871130
|switch|p2a: Ninetales|Ninetales-Alola, M, tera:Water|34/100 par
|-weather|Snowscape|[from] ability: Snow Warning|[of] p2a: Ninetales
|turn|7
|
|t:|1779871137
|move|p1a: Dragapult|Shadow Ball|p2a: Ninetales
|-damage|p2a: Ninetales|0 fnt
|faint|p2a: Ninetales
|
|-weather|Snowscape|[upkeep]
|upkeep
|
|t:|1779871144
|switch|p2a: Ogerpon|Ogerpon-Wellspring, F|100/100
|turn|8
|
|t:|1779871152
|move|p1a: Dragapult|Shadow Ball|p2a: Ogerpon
|-damage|p2a: Ogerpon|36/100
|move|p2a: Ogerpon|Swords Dance|p2a: Ogerpon
|-boost|p2a: Ogerpon|atk|2
|
|-weather|Snowscape|[upkeep]
|-sideend|p2: Frozmo|move: Aurora Veil
|upkeep
|turn|9
|
|t:|1779871157
|move|p1a: Dragapult|Shadow Ball|p2a: Ogerpon
|-damage|p2a: Ogerpon|0 fnt
|faint|p2a: Ogerpon
|
|-weather|Snowscape|[upkeep]
|upkeep
|
|t:|1779871161
|switch|p2a: Iron Treads|Iron Treads|100/100
|-enditem|p2a: Iron Treads|Booster Energy
|-activate|p2a: Iron Treads|ability: Quark Drive|[fromitem]
|-start|p2a: Iron Treads|quarkdrivespe
|turn|10
|
|t:|1779871165
|switch|p1a: Cobalion|Cobalion|85/100
|move|p2a: Iron Treads|Earth Power|p1a: Cobalion
|-supereffective|p1a: Cobalion
|-crit|p1a: Cobalion
|-damage|p1a: Cobalion|0 fnt
|faint|p1a: Cobalion
|
|-weather|Snowscape|[upkeep]
|upkeep
|
|t:|1779871170
|switch|p1a: Ogerpon|Ogerpon-Wellspring, F|100/100
|turn|11
|
|t:|1779871180
|move|p2a: Iron Treads|Steel Beam|p1a: Ogerpon
|-resisted|p1a: Ogerpon
|-damage|p1a: Ogerpon|73/100
|-damage|p2a: Iron Treads|50/100|[from] steelbeam
|move|p1a: Ogerpon|Ivy Cudgel|p2a: Iron Treads|[anim] Ivy Cudgel Water
|-supereffective|p2a: Iron Treads
|-damage|p2a: Iron Treads|0 fnt
|faint|p2a: Iron Treads
|-end|p2a: Iron Treads|Quark Drive|[silent]
|
|-weather|none
|upkeep
|
|t:|1779871182
|switch|p2a: Polteageist|Polteageist|100/100
|turn|12
|
|t:|1779871188
|move|p1a: Ogerpon|Ivy Cudgel|p2a: Polteageist|[anim] Ivy Cudgel Water
|-damage|p2a: Polteageist|33/100
|move|p2a: Polteageist|Strength Sap|p1a: Ogerpon
|-unboost|p1a: Ogerpon|atk|1
|-heal|p2a: Polteageist|100/100
|
|upkeep
|turn|13
|
|t:|1779871197
|move|p1a: Ogerpon|Ivy Cudgel|p2a: Polteageist|[anim] Ivy Cudgel Water
|-damage|p2a: Polteageist|56/100
|move|p2a: Polteageist|Shell Smash|p2a: Polteageist
|-unboost|p2a: Polteageist|def|1
|-unboost|p2a: Polteageist|spd|1
|-boost|p2a: Polteageist|atk|2
|-boost|p2a: Polteageist|spa|2
|-boost|p2a: Polteageist|spe|2
|-enditem|p2a: Polteageist|White Herb
|-clearnegativeboost|p2a: Polteageist|[silent]
|
|upkeep
|turn|14
|
|t:|1779871205
|move|p2a: Polteageist|Giga Drain|p1a: Ogerpon
|-damage|p1a: Ogerpon|20/100
|-heal|p2a: Polteageist|80/100|[from] drain|[of] p1a: Ogerpon
|move|p1a: Ogerpon|Ivy Cudgel|p2a: Polteageist|[anim] Ivy Cudgel Water
|-damage|p2a: Polteageist|32/100
|
|upkeep
|turn|15
|
|t:|1779871211
|move|p2a: Polteageist|Strength Sap|p1a: Ogerpon
|-unboost|p1a: Ogerpon|atk|1
|-heal|p2a: Polteageist|100/100
|move|p1a: Ogerpon|Ivy Cudgel|p2a: Polteageist|[anim] Ivy Cudgel Water
|-damage|p2a: Polteageist|67/100
|-start|p1a: Ogerpon|Disable|Ivy Cudgel|[from] ability: Cursed Body|[of] p2a: Polteageist
|
|upkeep
|turn|16
|
|t:|1779871217
|move|p2a: Polteageist|Giga Drain|p1a: Ogerpon
|-damage|p1a: Ogerpon|0 fnt
|-heal|p2a: Polteageist|76/100|[from] drain|[of] p1a: Ogerpon
|faint|p1a: Ogerpon
|
|upkeep
|
|t:|1779871220
|switch|p1a: Mandibuzz|Mandibuzz, F|100/100
|turn|17
|
|t:|1779871227
|move|p2a: Polteageist|Shadow Ball|p1a: Mandibuzz
|-resisted|p1a: Mandibuzz
|-damage|p1a: Mandibuzz|70/100
|move|p1a: Mandibuzz|Foul Play|p2a: Polteageist
|-supereffective|p2a: Polteageist
|-damage|p2a: Polteageist|0 fnt
|faint|p2a: Polteageist
|
|upkeep
|
|t:|1779871231
|switch|p2a: Dragonite|Dragonite, F|100/100
|turn|18
|
|t:|1779871233
|move|p2a: Dragonite|Dragon Dance|p2a: Dragonite
|-boost|p2a: Dragonite|atk|1
|-boost|p2a: Dragonite|spe|1
|move|p1a: Mandibuzz|Toxic|p2a: Dragonite
|-status|p2a: Dragonite|tox
|
|-damage|p2a: Dragonite|94/100 tox|[from] psn
|upkeep
|turn|19
|
|t:|1779871237
|move|p2a: Dragonite|Dragon Dance|p2a: Dragonite
|-boost|p2a: Dragonite|atk|1
|-boost|p2a: Dragonite|spe|1
|move|p1a: Mandibuzz|Foul Play|p2a: Dragonite
|-damage|p2a: Dragonite|0 fnt
|faint|p2a: Dragonite
|
|win|My Alexandra
|raw|My Alexandra's rating: 1298 &rarr; <strong>1323</strong><br />(+25 for winning)
|raw|Frozmo's rating: 1302 &rarr; <strong>1282</strong><br />(-20 for losing)
|l|☆Frozmo
|player|p2|
|l|☆My Alexandra
|player|p1|
