|j|☆welovevaporeon
|j|☆StickyBucciarati
|t:|1779840576
|gametype|singles
|player|p1|welovevaporeon|zinnia|1511
|player|p2|StickyBucciarati|roxie|1515
|gen|9
|tier|[Gen 9] OU
|rated|
|rule|HP Percentage Mod: HP is shown in percentages
|rule|Endless Battle Clause: Forcing endless battles is banned
|rule|Species Clause: Limit one of each Pokémon
|rule|OHKO Clause: OHKO moves are banned
|rule|Evasion Items Clause: Evasion items are banned
|rule|Evasion Moves Clause: Evasion moves are banned
|rule|Evasion Abilities Clause: Evasion abilities are banned
|rule|Sleep Moves Clause: Sleep-inducing moves are banned
|clearpoke
|poke|p1|Iron Valiant|
|poke|p1|Slowking-Galar, F|
|poke|p1|Regieleki|
|poke|p1|Meowscarada, F|
|poke|p1|Moltres|
|poke|p1|Great Tusk|
|poke|p2|Drifblim, M|
|poke|p2|Landorus-Therian, M|
|poke|p2|Cinderace, M|
|poke|p2|Iron Crown|
|poke|p2|Darkrai|
|poke|p2|Iron Valiant|
|teampreview
|inactive|Battle timer is ON: inactive players will automatically lose when time's up. (requested by StickyBucciarati)
|
|t:|1779840593
|teamsize|p1|6
|teamsize|p2|6
|start
|switch|p1a: Gary|Meowscarada, F, shiny|100/100
|switch|p2a: Drifblim|Drifblim, M|100/100
|turn|1
|j| Lowladderubersnoob
|l| Lowladderubersnoob
|
|t:|1779840606
|switch|p2a: Cinderace|Cinderace, M|100/100
|move|p1a: Gary|Triple Axel|p2a: Cinderace
|-start|p1a: Gary|typechange|Ice|[from] ability: Protean
|-resisted|p2a: Cinderace
|-damage|p2a: Cinderace|94/100
|-resisted|p2a: Cinderace
|-damage|p2a: Cinderace|81/100
|-resisted|p2a: Cinderace
|-damage|p2a: Cinderace|62/100
|-hitcount|p2a: Cinderace|3
|
|upkeep
|turn|2
|
|t:|1779840614
|switch|p1a: Moltres|Moltres|100/100
|switch|p2a: Drifblim|Drifblim, M|100/100
|
|-status|p2a: Drifblim|tox|[from] item: Toxic Orb
|upkeep
|turn|3
|
|t:|1779840623
|switch|p1a: Slowking|Slowking-Galar, F|100/100
|move|p2a: Drifblim|Fling|p1a: Slowking
|-supereffective|p1a: Slowking
|-damage|p1a: Slowking|89/100
|-enditem|p2a: Drifblim|Toxic Orb|[from] move: Fling
|
|-damage|p2a: Drifblim|94/100 tox|[from] psn
|upkeep
|turn|4
|
|t:|1779840629
|move|p2a: Drifblim|Shadow Ball|p1a: Slowking
|-supereffective|p1a: Slowking
|-crit|p1a: Slowking
|-damage|p1a: Slowking|20/100
|-prepare|p1a: Slowking|Chilly Reception|[premajor]
|move|p1a: Slowking|Chilly Reception|p1a: Slowking
|-weather|Snowscape
|
|t:|1779840659
|switch|p1a: Gary|Meowscarada, F, shiny|100/100|[from] Chilly Reception
|
|-weather|Snowscape|[upkeep]
|-damage|p2a: Drifblim|82/100 tox|[from] psn
|upkeep
|turn|5
|
|t:|1779840661
|move|p1a: Gary|Triple Axel|p2a: Drifblim
|-start|p1a: Gary|typechange|Ice|[from] ability: Protean
|-supereffective|p2a: Drifblim
|-damage|p2a: Drifblim|53/100 tox
|-supereffective|p2a: Drifblim
|-damage|p2a: Drifblim|0 fnt
|faint|p2a: Drifblim
|-hitcount|p2: Drifblim|2
|
|-weather|Snowscape|[upkeep]
|upkeep
|
|t:|1779840683
|switch|p2a: Iron Crown|Iron Crown|100/100
|-enditem|p2a: Iron Crown|Booster Energy
|-activate|p2a: Iron Crown|ability: Quark Drive|[fromitem]
|-start|p2a: Iron Crown|quarkdrivespe
|turn|6
|
|t:|1779840690
|switch|p1a: Slowking|Slowking-Galar, F|53/100
|move|p2a: Iron Crown|Calm Mind|p2a: Iron Crown
|-boost|p2a: Iron Crown|spa|1
|-boost|p2a: Iron Crown|spd|1
|
|-weather|Snowscape|[upkeep]
|upkeep
|turn|7
|
|t:|1779840695
|move|p2a: Iron Crown|Calm Mind|p2a: Iron Crown
|-boost|p2a: Iron Crown|spa|1
|-boost|p2a: Iron Crown|spd|1
|-prepare|p1a: Slowking|Chilly Reception|[premajor]
|move|p1a: Slowking|Chilly Reception|p1a: Slowking
|
|t:|1779840701
|switch|p1a: Gary|Meowscarada, F, shiny|100/100|[from] Chilly Reception
|
|-weather|Snowscape|[upkeep]
|upkeep
|turn|8
|
|t:|1779840706
|-terastallize|p2a: Iron Crown|Fighting
|move|p1a: Gary|Trick|p2a: Iron Crown
|-start|p1a: Gary|typechange|Psychic|[from] ability: Protean
|-activate|p1a: Gary|move: Trick|[of] p2a: Iron Crown
|-item|p2a: Iron Crown|Choice Scarf|[from] move: Trick
|-enditem|p1a: Gary|Choice Scarf|[silent]|[from] move: Trick
|move|p2a: Iron Crown|Tachyon Cutter|p1a: Gary
|-damage|p1a: Gary|32/100
|-damage|p1a: Gary|0 fnt
|faint|p1a: Gary
|-hitcount|p1: Gary|2
|
|-weather|none
|upkeep
|
|t:|1779840735
|switch|p1a: Iron Valiant|Iron Valiant|100/100
|-enditem|p1a: Iron Valiant|Booster Energy
|-activate|p1a: Iron Valiant|ability: Quark Drive|[fromitem]
|-start|p1a: Iron Valiant|quarkdrivespe
|turn|9
|
|t:|1779840743
|move|p2a: Iron Crown|Tachyon Cutter|p1a: Iron Valiant
|-supereffective|p1a: Iron Valiant
|-damage|p1a: Iron Valiant|0 fnt
|faint|p1a: Iron Valiant
|-end|p1a: Iron Valiant|Quark Drive|[silent]
|-hitcount|p1: Iron Valiant|1
|
|upkeep
|
|t:|1779840759
|switch|p1a: Honored1|Regieleki, shiny|100/100
|turn|10
|
|t:|1779840761
|-terastallize|p1a: Honored1|Electric
|move|p2a: Iron Crown|Tachyon Cutter|p1a: Honored1
|-resisted|p1a: Honored1
|-damage|p1a: Honored1|53/100
|-resisted|p1a: Honored1
|-damage|p1a: Honored1|8/100
|-hitcount|p1a: Honored1|2
|move|p1a: Honored1|Volt Switch|p2a: Iron Crown
|-damage|p2a: Iron Crown|62/100
|-message|welovevaporeon forfeited.
|
|win|StickyBucciarati
|raw|welovevaporeon's rating: 1511 &rarr; <strong>1491</strong><br />(-20 for losing)
|raw|StickyBucciarati's rating: 1515 &rarr; <strong>1535</strong><br />(+20 for winning)
|l|☆welovevaporeon
|player|p1|
|l|☆StickyBucciarati
|player|p2|
