|j|☆Nateg23
|j|☆Terminn
|t:|1779838709
|gametype|singles
|player|p1|Nateg23|2|1062
|player|p2|Terminn|wallace|1100
|gen|9
|tier|[Gen 9] OU
|rated|
|rule|HP Percentage Mod: HP is shown in percentages
|rule|Endless Battle Clause: Forcing endless battles is banned
|rule|Species Clause: Limit one of each Pokémon
|rule|OHKO Clause: OHKO moves are banned
|rule|Evasion Items Clause: Evasion items are banned
|rule|Evasion Moves Clause: Evasion moves are banned
|rule|Evasion Abilities Clause: Evasion abilities are banned
|rule|Sleep Moves Clause: Sleep-inducing moves are banned
|clearpoke
|poke|p1|Iron Jugulis|
|poke|p1|Dragonite, F|
|poke|p1|Toxicroak, M|
|poke|p1|Lucario, M|
|poke|p1|Rotom-Wash|
|poke|p1|Talonflame, F|
|poke|p2|Blaziken, M|
|poke|p2|Samurott-Hisui, F|
|poke|p2|Dragapult, F|
|poke|p2|Great Tusk|
|poke|p2|Hatterene, F|
|poke|p2|Kingambit, M|
|teampreview
|
|t:|1779838730
|teamsize|p1|6
|teamsize|p2|6
|start
|switch|p1a: Rotom|Rotom-Wash|100/100
|switch|p2a: Clacla|Samurott-Hisui, F|100/100
|turn|1
|
|t:|1779838741
|move|p2a: Clacla|Flip Turn|p1a: Rotom
|-resisted|p1a: Rotom
|-damage|p1a: Rotom|86/100
|
|t:|1779838746
|switch|p2a: Der Elefant|Great Tusk|100/100|[from] Flip Turn
|move|p1a: Rotom|Volt Switch|p2a: Der Elefant
|-immune|p2a: Der Elefant
|
|upkeep
|turn|2
|
|t:|1779838757
|move|p2a: Der Elefant|Stealth Rock|p1a: Rotom
|-sidestart|p1: Nateg23|move: Stealth Rock
|move|p1a: Rotom|Hydro Pump|p2a: Der Elefant
|-supereffective|p2a: Der Elefant
|-damage|p2a: Der Elefant|0 fnt
|faint|p2a: Der Elefant
|-end|p2a: Der Elefant|Protosynthesis|[silent]
|
|upkeep
|
|t:|1779838782
|switch|p2a: Tout ou rien|Dragapult, F|100/100
|turn|3
|
|t:|1779838790
|move|p2a: Tout ou rien|Shadow Ball|p1a: Rotom
|-damage|p1a: Rotom|21/100
|move|p1a: Rotom|Volt Switch|p2a: Tout ou rien
|-resisted|p2a: Tout ou rien
|-damage|p2a: Tout ou rien|79/100
|
|t:|1779838799
|switch|p1a: Dragonite|Dragonite, F|100/100|[from] Volt Switch
|
|upkeep
|turn|4
|
|t:|1779838806
|switch|p2a: Minerva|Hatterene, F|100/100
|-terastallize|p1a: Dragonite|Steel
|move|p1a: Dragonite|Dragon Rush|p2a: Minerva
|-immune|p2a: Minerva
|
|upkeep
|turn|5
|
|t:|1779838819
|-terastallize|p2a: Minerva|Fire
|move|p1a: Dragonite|Dragon Dance|p1a: Dragonite
|-boost|p1a: Dragonite|atk|1
|-boost|p1a: Dragonite|spe|1
|move|p2a: Minerva|Mystical Fire|p1a: Dragonite
|-supereffective|p1a: Dragonite
|-damage|p1a: Dragonite|70/100
|-unboost|p1a: Dragonite|spa|1
|
|upkeep
|turn|6
|
|t:|1779838834
|move|p1a: Dragonite|Extreme Speed|p2a: Minerva
|-damage|p2a: Minerva|55/100
|move|p2a: Minerva|Calm Mind|p2a: Minerva
|-boost|p2a: Minerva|spa|1
|-boost|p2a: Minerva|spd|1
|
|-heal|p2a: Minerva|61/100|[from] item: Leftovers
|upkeep
|turn|7
|
|t:|1779838844
|move|p1a: Dragonite|Extreme Speed|p2a: Minerva
|-damage|p2a: Minerva|15/100
|move|p2a: Minerva|Mystical Fire|p1a: Dragonite
|-supereffective|p1a: Dragonite
|-damage|p1a: Dragonite|0 fnt
|faint|p1a: Dragonite
|
|-heal|p2a: Minerva|21/100|[from] item: Leftovers
|upkeep
|
|t:|1779838855
|switch|p1a: Lucario|Lucario, M|100/100
|-damage|p1a: Lucario|98/100|[from] Stealth Rock
|turn|8
|
|t:|1779838881
|switch|p2a: Clacla|Samurott-Hisui, F|100/100
|move|p1a: Lucario|Extreme Speed|p2a: Clacla
|-damage|p2a: Clacla|64/100
|
|upkeep
|turn|9
|
|t:|1779838894
|move|p2a: Clacla|Flip Turn|p1a: Lucario
|-damage|p1a: Lucario|64/100
|
|t:|1779838900
|switch|p2a: Tout ou rien|Dragapult, F|79/100|[from] Flip Turn
|move|p1a: Lucario|High Jump Kick|p2a: Tout ou rien
|-immune|p2a: Tout ou rien
|-damage|p1a: Lucario|14/100|[from] highjumpkick
|
|upkeep
|turn|10
|
|t:|1779838918
|move|p2a: Tout ou rien|Shadow Ball|p1a: Lucario
|-damage|p1a: Lucario|0 fnt
|faint|p1a: Lucario
|
|upkeep
|
|t:|1779838927
|switch|p1a: Iron Jugulis|Iron Jugulis|100/100
|-damage|p1a: Iron Jugulis|76/100|[from] Stealth Rock
|-enditem|p1a: Iron Jugulis|Booster Energy
|-activate|p1a: Iron Jugulis|ability: Quark Drive|[fromitem]
|-start|p1a: Iron Jugulis|quarkdrivespe
|turn|11
|
|t:|1779838941
|switch|p2a: Clacla|Samurott-Hisui, F|64/100
|move|p1a: Iron Jugulis|Work Up|p1a: Iron Jugulis
|-boost|p1a: Iron Jugulis|atk|1
|-boost|p1a: Iron Jugulis|spa|1
|
|upkeep
|turn|12
|
|t:|1779838952
|move|p1a: Iron Jugulis|Hurricane|p2a: Clacla
|-damage|p2a: Clacla|0 fnt
|faint|p2a: Clacla
|
|upkeep
|
|t:|1779838956
|switch|p2a: Broségali|Blaziken, M, shiny|100/100
|turn|13
|
|t:|1779838962
|move|p2a: Broségali|Protect|p2a: Broségali
|-singleturn|p2a: Broségali|Protect
|move|p1a: Iron Jugulis|Hydro Pump|p2a: Broségali
|-activate|p2a: Broségali|move: Protect
|
|-ability|p2a: Broségali|Speed Boost|boost
|-boost|p2a: Broségali|spe|1
|upkeep
|turn|14
|
|t:|1779838980
|move|p1a: Iron Jugulis|Hydro Pump|p2a: Broségali|[miss]
|-miss|p1a: Iron Jugulis|p2a: Broségali
|move|p2a: Broségali|Close Combat|p1a: Iron Jugulis
|-damage|p1a: Iron Jugulis|3/100
|-unboost|p2a: Broségali|def|1
|-unboost|p2a: Broségali|spd|1
|
|-ability|p2a: Broségali|Speed Boost|boost
|-boost|p2a: Broségali|spe|1
|upkeep
|turn|15
|
|t:|1779838991
|move|p2a: Broségali|Protect|p2a: Broségali
|-singleturn|p2a: Broségali|Protect
|move|p1a: Iron Jugulis|Work Up|p1a: Iron Jugulis
|-boost|p1a: Iron Jugulis|atk|1
|-boost|p1a: Iron Jugulis|spa|1
|
|-ability|p2a: Broségali|Speed Boost|boost
|-boost|p2a: Broségali|spe|1
|upkeep
|turn|16
|
|t:|1779839000
|move|p2a: Broségali|Close Combat|p1a: Iron Jugulis
|-damage|p1a: Iron Jugulis|0 fnt
|-unboost|p2a: Broségali|def|1
|-unboost|p2a: Broségali|spd|1
|faint|p1a: Iron Jugulis
|-end|p1a: Iron Jugulis|Quark Drive|[silent]
|
|-ability|p2a: Broségali|Speed Boost|boost
|-boost|p2a: Broségali|spe|1
|upkeep
|
|t:|1779839010
|switch|p1a: Talonflame|Talonflame, F|100/100
|turn|17
|
|t:|1779839017
|move|p1a: Talonflame|Hurricane|p2a: Broségali
|-supereffective|p2a: Broségali
|-damage|p2a: Broségali|0 fnt
|faint|p2a: Broségali
|
|upkeep
|
|t:|1779839025
|switch|p2a: Tout ou rien|Dragapult, F|79/100
|turn|18
|
|t:|1779839034
|move|p1a: Talonflame|Hurricane|p2a: Tout ou rien
|-damage|p2a: Tout ou rien|28/100
|-start|p2a: Tout ou rien|confusion
|-activate|p2a: Tout ou rien|confusion
|move|p2a: Tout ou rien|Thunderbolt|p1a: Talonflame
|-supereffective|p1a: Talonflame
|-damage|p1a: Talonflame|0 fnt
|faint|p1a: Talonflame
|
|upkeep
|
|t:|1779839044
|switch|p1a: Rotom|Rotom-Wash|21/100
|-damage|p1a: Rotom|9/100|[from] Stealth Rock
|turn|19
|
|t:|1779839050
|-activate|p2a: Tout ou rien|confusion
|move|p2a: Tout ou rien|Thunderbolt|p1a: Rotom
|-damage|p1a: Rotom|0 fnt
|faint|p1a: Rotom
|
|upkeep
|
|t:|1779839055
|switch|p1a: Toxicroak|Toxicroak, M|100/100
|-damage|p1a: Toxicroak|94/100|[from] Stealth Rock
|turn|20
|
|t:|1779839059
|move|p1a: Toxicroak|Sucker Punch|p2a: Tout ou rien
|-supereffective|p2a: Tout ou rien
|-damage|p2a: Tout ou rien|0 fnt
|faint|p2a: Tout ou rien
|
|upkeep
|
|t:|1779839067
|switch|p2a: Tip|Kingambit, M|100/100
|-activate|p2a: Tip|ability: Supreme Overlord
|-start|p2a: Tip|fallen4|[silent]
|turn|21
|
|t:|1779839082
|move|p1a: Toxicroak|Cross Chop|p2a: Tip
|-supereffective|p2a: Tip
|-damage|p2a: Tip|0 fnt
|faint|p2a: Tip
|-end|p2a: Tip|fallen4|[silent]
|
|upkeep
|
|t:|1779839087
|switch|p2a: Minerva|Hatterene, F, tera:Fire|21/100
|turn|22
|
|t:|1779839093
|move|p1a: Toxicroak|Sucker Punch|p2a: Minerva
|-damage|p2a: Minerva|0 fnt
|faint|p2a: Minerva
|
|win|Nateg23
|raw|Nateg23's rating: 1062 &rarr; <strong>1096</strong><br />(+34 for winning)
|raw|Terminn's rating: 1100 &rarr; <strong>1072</strong><br />(-28 for losing)
