|j|☆claudechamp
|j|☆ft6yd57
|t:|1779858914
|gametype|singles
|player|p1|claudechamp|169|1335
|player|p2|ft6yd57|cheryl|1300
|gen|9
|tier|[Gen 9] OU
|rated|
|rule|HP Percentage Mod: HP is shown in percentages
|rule|Endless Battle Clause: Forcing endless battles is banned
|rule|Species Clause: Limit one of each Pokémon
|rule|OHKO Clause: OHKO moves are banned
|rule|Evasion Items Clause: Evasion items are banned
|rule|Evasion Moves Clause: Evasion moves are banned
|rule|Evasion Abilities Clause: Evasion abilities are banned
|rule|Sleep Moves Clause: Sleep-inducing moves are banned
|clearpoke
|poke|p1|Gliscor, M|
|poke|p1|Ogerpon, F|
|poke|p1|Walking Wake|
|poke|p1|Blissey, F|
|poke|p1|Corviknight, F|
|poke|p1|Pecharunt|
|poke|p2|Hoopa-Unbound|
|poke|p2|Araquanid, F|
|poke|p2|Landorus-Therian, M|
|poke|p2|Gholdengo|
|poke|p2|Excadrill, F|
|poke|p2|Tyranitar, M|
|teampreview
|c|☆claudechamp|hf
|inactive|Battle timer is ON: inactive players will automatically lose when time's up. (requested by claudechamp)
|
|t:|1779858936
|teamsize|p1|6
|teamsize|p2|6
|start
|switch|p1a: Gliscor|Gliscor, M|100/100
|switch|p2a: Landorus|Landorus-Therian, M|100/100
|-ability|p2a: Landorus|Intimidate|boost
|-unboost|p1a: Gliscor|atk|1
|turn|1
|
|t:|1779858956
|switch|p2a: Araquanid|Araquanid, F|100/100
|move|p1a: Gliscor|Spikes|p2a: Araquanid
|-sidestart|p2: ft6yd57|Spikes
|
|-status|p1a: Gliscor|tox|[from] item: Toxic Orb
|upkeep
|turn|2
|
|t:|1779858962
|switch|p1a: Ogerpon|Ogerpon, F|100/100
|move|p2a: Araquanid|Sticky Web|p1a: Ogerpon
|-sidestart|p1: claudechamp|move: Sticky Web
|
|upkeep
|turn|3
|
|t:|1779858981
|move|p1a: Ogerpon|Knock Off|p2a: Araquanid
|-damage|p2a: Araquanid|66/100
|-enditem|p2a: Araquanid|Custap Berry|[from] move: Knock Off|[of] p1a: Ogerpon
|move|p2a: Araquanid|Infestation|p1a: Ogerpon
|-supereffective|p1a: Ogerpon
|-damage|p1a: Ogerpon|89/100
|-activate|p1a: Ogerpon|move: Infestation|[of] p2a: Araquanid
|
|-damage|p1a: Ogerpon|76/100|[from] move: Infestation|[partiallytrapped]
|upkeep
|turn|4
|
|t:|1779858991
|-terastallize|p1a: Ogerpon|Grass
|detailschange|p1a: Ogerpon|Ogerpon-Teal-Tera, F, tera:Grass
|-ability|p1a: Ogerpon|Embody Aspect (Teal)|boost
|-boost|p1a: Ogerpon|spe|1
|move|p1a: Ogerpon|Ivy Cudgel|p2a: Araquanid
|-damage|p2a: Araquanid|0 fnt
|faint|p2a: Araquanid
|
|-end|p1a: Ogerpon|Infestation|[partiallytrapped]|[silent]
|upkeep
|
|t:|1779859004
|switch|p2a: Landorus|Landorus-Therian, M|100/100
|-ability|p2a: Landorus|Intimidate|boost
|-unboost|p1a: Ogerpon|atk|1
|turn|5
|
|t:|1779859019
|move|p1a: Ogerpon|Ivy Cudgel|p2a: Landorus
|-crit|p2a: Landorus
|-damage|p2a: Landorus|0 fnt
|faint|p2a: Landorus
|
|upkeep
|
|t:|1779859032
|switch|p2a: Gholdengo|Gholdengo|100/100
|-item|p2a: Gholdengo|Air Balloon
|turn|6
|
|t:|1779859044
|move|p1a: Ogerpon|Knock Off|p2a: Gholdengo
|-supereffective|p2a: Gholdengo
|-damage|p2a: Gholdengo|54/100
|-enditem|p2a: Gholdengo|Air Balloon
|move|p2a: Gholdengo|Nasty Plot|p2a: Gholdengo
|-boost|p2a: Gholdengo|spa|2
|
|upkeep
|turn|7
|
|t:|1779859048
|move|p1a: Ogerpon|Ivy Cudgel|p2a: Gholdengo
|-resisted|p2a: Gholdengo
|-damage|p2a: Gholdengo|31/100
|move|p2a: Gholdengo|Make It Rain|p1a: Ogerpon
|-damage|p1a: Ogerpon|0 fnt
|-unboost|p2a: Gholdengo|spa|1
|faint|p1a: Ogerpon
|detailschange|p1: Ogerpon|Ogerpon, F|[silent]
|
|upkeep
|
|t:|1779859050
|switch|p1a: Walking Wake|Walking Wake|100/100
|turn|8
|
|t:|1779859057
|move|p1a: Walking Wake|Surf|p2a: Gholdengo
|-damage|p2a: Gholdengo|0 fnt
|faint|p2a: Gholdengo
|
|upkeep
|
|t:|1779859058
|switch|p2a: Tyranitar|Tyranitar, M|100/100
|-weather|Sandstorm|[from] ability: Sand Stream|[of] p2a: Tyranitar
|turn|9
|
|t:|1779859060
|move|p1a: Walking Wake|Surf|p2a: Tyranitar
|-supereffective|p2a: Tyranitar
|-damage|p2a: Tyranitar|61/100
|move|p2a: Tyranitar|Thunder Wave|p1a: Walking Wake
|-status|p1a: Walking Wake|par
|
|-weather|Sandstorm|[upkeep]
|-damage|p1a: Walking Wake|94/100 par|[from] Sandstorm
|upkeep
|turn|10
|
|t:|1779859064
|move|p1a: Walking Wake|Surf|p2a: Tyranitar
|-supereffective|p2a: Tyranitar
|-damage|p2a: Tyranitar|24/100
|move|p2a: Tyranitar|Stealth Rock|p1a: Walking Wake
|-sidestart|p1: claudechamp|move: Stealth Rock
|
|-weather|Sandstorm|[upkeep]
|-damage|p1a: Walking Wake|88/100 par|[from] Sandstorm
|upkeep
|turn|11
|
|t:|1779859068
|move|p1a: Walking Wake|Surf|p2a: Tyranitar
|-supereffective|p2a: Tyranitar
|-damage|p2a: Tyranitar|0 fnt
|faint|p2a: Tyranitar
|
|-weather|Sandstorm|[upkeep]
|-damage|p1a: Walking Wake|82/100 par|[from] Sandstorm
|upkeep
|
|t:|1779859069
|switch|p2a: Excadrill|Excadrill, F|100/100
|-damage|p2a: Excadrill|88/100|[from] Spikes
|turn|12
|
|t:|1779859073
|-end|p1a: Walking Wake|Protosynthesis|[silent]
|switch|p1a: Gliscor|Gliscor, M|100/100 tox
|-damage|p1a: Gliscor|88/100 tox|[from] Stealth Rock
|move|p2a: Excadrill|Swords Dance|p2a: Excadrill
|-boost|p2a: Excadrill|atk|2
|
|-weather|Sandstorm|[upkeep]
|-heal|p1a: Gliscor|100/100 tox|[from] ability: Poison Heal
|upkeep
|turn|13
|
|t:|1779859081
|move|p2a: Excadrill|Iron Head|p1a: Gliscor
|-damage|p1a: Gliscor|6/100 tox
|-damage|p2a: Excadrill|78/100|[from] item: Life Orb
|move|p1a: Gliscor|Earthquake|p2a: Excadrill
|-supereffective|p2a: Excadrill
|-damage|p2a: Excadrill|0 fnt
|faint|p2a: Excadrill
|
|-weather|none
|-heal|p1a: Gliscor|19/100 tox|[from] ability: Poison Heal
|upkeep
|l|☆ft6yd57
|inactive|ft6yd57 disconnected and has a minute to reconnect!
|player|p2|
|inactive|ft6yd57 has 30 seconds to reconnect!
|inactive|ft6yd57 has 20 seconds to reconnect!
|inactive|ft6yd57 has 15 seconds to reconnect!
|inactive|ft6yd57 has 10 seconds to reconnect!
|inactive|ft6yd57 has 5 seconds to reconnect!
|-message|ft6yd57 lost due to inactivity.
|
|win|claudechamp
|raw|claudechamp's rating: 1296 &rarr; <strong>1321</strong><br />(+25 for winning)
|raw|ft6yd57's rating: 1300 &rarr; <strong>1275</strong><br />(-25 for losing)
|c|☆claudechamp|gg
