|j|☆Ethanalexi
|j|☆npctypebeat
|t:|1779937141
|gametype|singles
|player|p1|Ethanalexi|265|1014
|player|p2|npctypebeat|102|1039
|gen|9
|tier|[Gen 9] OU
|rated|
|rule|HP Percentage Mod: HP is shown in percentages
|rule|Endless Battle Clause: Forcing endless battles is banned
|rule|Species Clause: Limit one of each Pokémon
|rule|OHKO Clause: OHKO moves are banned
|rule|Evasion Items Clause: Evasion items are banned
|rule|Evasion Moves Clause: Evasion moves are banned
|rule|Evasion Abilities Clause: Evasion abilities are banned
|rule|Sleep Moves Clause: Sleep-inducing moves are banned
|clearpoke
|poke|p1|Great Tusk|
|poke|p1|Skeledirge, M|
|poke|p1|Ceruledge, F|
|poke|p1|Armarouge, M|
|poke|p1|Maushold|
|poke|p1|Dondozo, F|
|poke|p2|Gliscor, M|
|poke|p2|Gholdengo|
|poke|p2|Zamazenta-*|
|poke|p2|Blissey, F|
|poke|p2|Skarmory, F|
|poke|p2|Pecharunt|
|teampreview
|c|☆npctypebeat|hf
|
|t:|1779937149
|teamsize|p1|6
|teamsize|p2|6
|start
|switch|p1a: Armarouge|Armarouge, M, shiny|100/100
|switch|p2a: Skarmory|Skarmory, F|100/100
|turn|1
|inactive|Battle timer is ON: inactive players will automatically lose when time's up. (requested by npctypebeat)
|
|t:|1779937157
|-terastallize|p1a: Armarouge|Fire
|move|p1a: Armarouge|Armor Cannon|p2a: Skarmory
|-supereffective|p2a: Skarmory
|-ability|p2a: Skarmory|Sturdy
|-damage|p2a: Skarmory|1/100
|-unboost|p1a: Armarouge|def|1
|-unboost|p1a: Armarouge|spd|1
|move|p2a: Skarmory|Spikes|p1a: Armarouge
|-sidestart|p1: Ethanalexi|Spikes
|
|upkeep
|turn|2
|
|t:|1779937180
|switch|p2a: Blissey|Blissey, F|100/100
|move|p1a: Armarouge|Calm Mind|p1a: Armarouge
|-boost|p1a: Armarouge|spa|1
|-boost|p1a: Armarouge|spd|1
|
|upkeep
|turn|3
|
|t:|1779937189
|move|p1a: Armarouge|Armor Cannon|p2a: Blissey
|-damage|p2a: Blissey|62/100
|-unboost|p1a: Armarouge|def|1
|-unboost|p1a: Armarouge|spd|1
|move|p2a: Blissey|Shadow Ball|p1a: Armarouge
|-damage|p1a: Armarouge|69/100
|
|upkeep
|turn|4
|
|t:|1779937205
|move|p1a: Armarouge|Armor Cannon|p2a: Blissey
|-damage|p2a: Blissey|21/100
|-unboost|p1a: Armarouge|def|1
|-unboost|p1a: Armarouge|spd|1
|move|p2a: Blissey|Shadow Ball|p1a: Armarouge
|-damage|p1a: Armarouge|28/100
|-unboost|p1a: Armarouge|spd|1
|
|upkeep
|turn|5
|
|t:|1779937215
|move|p1a: Armarouge|Armor Cannon|p2a: Blissey
|-damage|p2a: Blissey|0 fnt
|-unboost|p1a: Armarouge|def|1
|-unboost|p1a: Armarouge|spd|1
|faint|p2a: Blissey
|
|upkeep
|
|t:|1779937219
|switch|p2a: Zamazenta|Zamazenta|100/100
|-ability|p2a: Zamazenta|Dauntless Shield|boost
|-boost|p2a: Zamazenta|def|1
|turn|6
|
|t:|1779937226
|move|p2a: Zamazenta|Close Combat|p1a: Armarouge
|-damage|p1a: Armarouge|0 fnt
|-unboost|p2a: Zamazenta|def|1
|-unboost|p2a: Zamazenta|spd|1
|faint|p1a: Armarouge
|
|upkeep
|
|t:|1779937241
|switch|p1a: Ceruledge|Ceruledge, F, shiny|100/100
|-damage|p1a: Ceruledge|88/100|[from] Spikes
|turn|7
|
|t:|1779937255
|switch|p2a: Gliscor|Gliscor, M|100/100
|move|p1a: Ceruledge|Bitter Blade|p2a: Gliscor
|-damage|p2a: Gliscor|58/100
|-heal|p1a: Ceruledge|100/100|[from] drain|[of] p2a: Gliscor
|
|-status|p2a: Gliscor|tox|[from] item: Toxic Orb
|upkeep
|turn|8
|
|t:|1779937271
|move|p1a: Ceruledge|Bitter Blade|p2a: Gliscor
|-damage|p2a: Gliscor|20/100 tox
|move|p2a: Gliscor|Swords Dance|p2a: Gliscor
|-boost|p2a: Gliscor|atk|2
|
|-heal|p2a: Gliscor|33/100 tox|[from] ability: Poison Heal
|upkeep
|turn|9
|
|t:|1779937280
|move|p2a: Gliscor|Protect|p2a: Gliscor
|-singleturn|p2a: Gliscor|Protect
|move|p1a: Ceruledge|Bitter Blade|p2a: Gliscor
|-activate|p2a: Gliscor|move: Protect
|
|-heal|p2a: Gliscor|45/100 tox|[from] ability: Poison Heal
|upkeep
|turn|10
|
|t:|1779937290
|move|p1a: Ceruledge|Bulk Up|p1a: Ceruledge
|-boost|p1a: Ceruledge|atk|1
|-boost|p1a: Ceruledge|def|1
|move|p2a: Gliscor|Earthquake|p1a: Ceruledge
|-supereffective|p1a: Ceruledge
|-enditem|p1a: Ceruledge|Focus Sash
|-damage|p1a: Ceruledge|1/100
|
|-heal|p2a: Gliscor|58/100 tox|[from] ability: Poison Heal
|upkeep
|turn|11
|
|t:|1779937301
|move|p1a: Ceruledge|Bitter Blade|p2a: Gliscor
|-damage|p2a: Gliscor|0 fnt
|-heal|p1a: Ceruledge|36/100|[from] drain|[of] p2a: Gliscor
|faint|p2a: Gliscor
|
|upkeep
|
|t:|1779937315
|switch|p2a: Zamazenta|Zamazenta|100/100
|turn|12
|
|t:|1779937319
|move|p2a: Zamazenta|Crunch|p1a: Ceruledge
|-supereffective|p1a: Ceruledge
|-damage|p1a: Ceruledge|0 fnt
|faint|p1a: Ceruledge
|
|upkeep
|
|t:|1779937326
|switch|p1a: Skeledirge|Skeledirge, M, shiny|100/100
|-damage|p1a: Skeledirge|88/100|[from] Spikes
|turn|13
|
|t:|1779937332
|move|p2a: Zamazenta|Crunch|p1a: Skeledirge
|-supereffective|p1a: Skeledirge
|-damage|p1a: Skeledirge|38/100
|move|p1a: Skeledirge|Alluring Voice|p2a: Zamazenta
|-supereffective|p2a: Zamazenta
|-damage|p2a: Zamazenta|51/100
|
|upkeep
|turn|14
|
|t:|1779937344
|move|p2a: Zamazenta|Crunch|p1a: Skeledirge
|-supereffective|p1a: Skeledirge
|-damage|p1a: Skeledirge|0 fnt
|faint|p1a: Skeledirge
|
|upkeep
|
|t:|1779937358
|switch|p1a: Maushold|Maushold, shiny|100/100
|turn|15
|
|t:|1779937362
|move|p2a: Zamazenta|Close Combat|p1a: Maushold
|-supereffective|p1a: Maushold
|-crit|p1a: Maushold
|-damage|p1a: Maushold|0 fnt
|-unboost|p2a: Zamazenta|def|1
|-unboost|p2a: Zamazenta|spd|1
|faint|p1a: Maushold
|
|upkeep
|
|t:|1779937370
|switch|p1a: Great Tusk|Great Tusk, shiny|100/100
|-damage|p1a: Great Tusk|88/100|[from] Spikes
|turn|16
|
|t:|1779937377
|move|p2a: Zamazenta|Close Combat|p1a: Great Tusk
|-damage|p1a: Great Tusk|42/100
|-unboost|p2a: Zamazenta|def|1
|-unboost|p2a: Zamazenta|spd|1
|move|p1a: Great Tusk|Earthquake|p2a: Zamazenta
|-damage|p2a: Zamazenta|0 fnt
|faint|p2a: Zamazenta
|
|upkeep
|
|t:|1779937388
|switch|p2a: Skarmory|Skarmory, F|1/100
|turn|17
|
|t:|1779937403
|-end|p1a: Great Tusk|Protosynthesis|[silent]
|switch|p1a: Dondozo|Dondozo, F, shiny|100/100
|-damage|p1a: Dondozo|88/100|[from] Spikes
|move|p2a: Skarmory|Spikes|p1a: Dondozo
|-sidestart|p1: Ethanalexi|Spikes
|
|upkeep
|turn|18
|inactive|npctypebeat has 120 seconds left.
|
|t:|1779937429
|move|p2a: Skarmory|Spikes|p1a: Dondozo
|-sidestart|p1: Ethanalexi|Spikes
|move|p1a: Dondozo|Outrage|p2a: Skarmory
|-resisted|p2a: Skarmory
|-damage|p2a: Skarmory|0 fnt
|faint|p2a: Skarmory
|
|upkeep
|inactive|npctypebeat has 120 seconds left.
|
|t:|1779937441
|switch|p2a: Pecharunt|Pecharunt|100/100
|turn|19
|inactive|npctypebeat has 120 seconds left.
|
|t:|1779937455
|move|p2a: Pecharunt|Parting Shot|p1a: Dondozo
|-unboost|p1a: Dondozo|atk|1
|-unboost|p1a: Dondozo|spa|1
|
|t:|1779937458
|switch|p2a: Gholdengo|Gholdengo|100/100|[from] Parting Shot
|move|p1a: Dondozo|Outrage|p2a: Gholdengo|[from] lockedmove
|-resisted|p2a: Gholdengo
|-damage|p2a: Gholdengo|91/100
|-start|p1a: Dondozo|confusion|[fatigue]
|
|upkeep
|turn|20
|inactive|npctypebeat has 120 seconds left.
|
|t:|1779937472
|move|p2a: Gholdengo|Nasty Plot|p2a: Gholdengo
|-boost|p2a: Gholdengo|spa|2
|-activate|p1a: Dondozo|confusion
|move|p1a: Dondozo|Earthquake|p2a: Gholdengo
|-supereffective|p2a: Gholdengo
|-damage|p2a: Gholdengo|60/100
|
|upkeep
|turn|21
|inactive|npctypebeat has 120 seconds left.
|
|t:|1779937483
|move|p2a: Gholdengo|Hex|p1a: Dondozo
|-damage|p1a: Dondozo|36/100
|-activate|p1a: Dondozo|confusion
|-damage|p1a: Dondozo|30/100|[from] confusion
|
|upkeep
|turn|22
|
|t:|1779937490
|move|p2a: Gholdengo|Hex|p1a: Dondozo
|-damage|p1a: Dondozo|0 fnt
|faint|p1a: Dondozo
|
|upkeep
|
|t:|1779937495
|switch|p1a: Great Tusk|Great Tusk, shiny|42/100
|-damage|p1a: Great Tusk|17/100|[from] Spikes
|turn|23
|
|t:|1779937508
|move|p1a: Great Tusk|Earthquake|p2a: Gholdengo
|-supereffective|p2a: Gholdengo
|-damage|p2a: Gholdengo|0 fnt
|faint|p2a: Gholdengo
|
|upkeep
|
|t:|1779937516
|switch|p2a: Pecharunt|Pecharunt|100/100
|turn|24
|
|t:|1779937534
|move|p1a: Great Tusk|Earthquake|p2a: Pecharunt
|-supereffective|p2a: Pecharunt
|-damage|p2a: Pecharunt|18/100
|move|p2a: Pecharunt|Shadow Ball|p1a: Great Tusk
|-crit|p1a: Great Tusk
|-damage|p1a: Great Tusk|0 fnt
|faint|p1a: Great Tusk
|-end|p1a: Great Tusk|Protosynthesis|[silent]
|
|win|npctypebeat
|raw|Ethanalexi's rating: 1014 &rarr; <strong>1004</strong><br />(-10 for losing)
|raw|npctypebeat's rating: 1078 &rarr; <strong>1101</strong><br />(+23 for winning)
|c|☆npctypebeat|gg
|l|☆Ethanalexi
|player|p1|
