|j|☆BananIsac
|j|☆info_cntrl
|t:|1779960496
|gametype|singles
|player|p1|BananIsac|caitlin|1181
|player|p2|info_cntrl|hugh|1183
|gen|9
|tier|[Gen 9] OU
|rated|
|rule|HP Percentage Mod: HP is shown in percentages
|rule|Endless Battle Clause: Forcing endless battles is banned
|rule|Species Clause: Limit one of each Pokémon
|rule|OHKO Clause: OHKO moves are banned
|rule|Evasion Items Clause: Evasion items are banned
|rule|Evasion Moves Clause: Evasion moves are banned
|rule|Evasion Abilities Clause: Evasion abilities are banned
|rule|Sleep Moves Clause: Sleep-inducing moves are banned
|clearpoke
|poke|p1|Zamazenta-*|
|poke|p1|Iron Treads|
|poke|p1|Breloom, M|
|poke|p1|Kyurem|
|poke|p1|Ogerpon-Wellspring, F|
|poke|p1|Latias, F|
|poke|p2|Gliscor, F|
|poke|p2|Thundurus, M|
|poke|p2|Hatterene, F|
|poke|p2|Kommo-o, M|
|poke|p2|Toxapex, F|
|poke|p2|Ambipom, F|
|teampreview
|inactive|Battle timer is ON: inactive players will automatically lose when time's up. (requested by BananIsac)
|
|t:|1779960510
|teamsize|p1|6
|teamsize|p2|6
|start
|switch|p1a: Iron Treads|Iron Treads|100/100
|switch|p2a: Your Ex|Toxapex, F|100/100
|turn|1
|
|t:|1779960519
|switch|p2a: Adieu|Hatterene, F|100/100
|move|p1a: Iron Treads|Volt Switch|p2a: Adieu
|-damage|p2a: Adieu|88/100
|
|t:|1779960527
|-end|p1a: Iron Treads|Quark Drive|[silent]
|switch|p1a: Ogerpon|Ogerpon-Wellspring, F|100/100|[from] Volt Switch
|
|upkeep
|turn|2
|
|t:|1779960534
|move|p1a: Ogerpon|Swords Dance|p1a: Ogerpon
|-boost|p1a: Ogerpon|atk|2
|move|p2a: Adieu|Reflect|p2a: Adieu
|-sidestart|p2: info_cntrl|Reflect
|
|upkeep
|turn|3
|
|t:|1779960539
|switch|p2a: Your Ex|Toxapex, F|100/100
|move|p1a: Ogerpon|Ivy Cudgel|p2a: Your Ex|[anim] Ivy Cudgel Water
|-resisted|p2a: Your Ex
|-crit|p2a: Your Ex
|-damage|p2a: Your Ex|50/100
|
|-heal|p2a: Your Ex|57/100|[from] item: Black Sludge
|upkeep
|turn|4
|
|t:|1779960549
|move|p1a: Ogerpon|Swords Dance|p1a: Ogerpon
|-boost|p1a: Ogerpon|atk|2
|move|p2a: Your Ex|Haze|p2a: Your Ex
|-clearallboost
|
|-heal|p2a: Your Ex|63/100|[from] item: Black Sludge
|upkeep
|turn|5
|
|t:|1779960557
|switch|p1a: Iron Treads|Iron Treads|100/100
|move|p2a: Your Ex|Toxic|p1a: Iron Treads
|-immune|p1a: Iron Treads
|
|-heal|p2a: Your Ex|69/100|[from] item: Black Sludge
|upkeep
|turn|6
|
|t:|1779960565
|switch|p2a: Settle|Gliscor, F|100/100
|move|p1a: Iron Treads|Earth Power|p2a: Settle
|-immune|p2a: Settle
|
|-status|p2a: Settle|tox|[from] item: Toxic Orb
|upkeep
|turn|7
|
|t:|1779960572
|move|p1a: Iron Treads|Stealth Rock|p2a: Settle
|-sidestart|p2: info_cntrl|move: Stealth Rock
|move|p2a: Settle|Knock Off|p1a: Iron Treads
|-damage|p1a: Iron Treads|77/100
|-enditem|p1a: Iron Treads|Heavy-Duty Boots|[from] move: Knock Off|[of] p2a: Settle
|
|upkeep
|turn|8
|
|t:|1779960584
|-end|p1a: Iron Treads|Quark Drive|[silent]
|switch|p1a: Zamazenta|Zamazenta|100/100
|-ability|p1a: Zamazenta|Dauntless Shield|boost
|-boost|p1a: Zamazenta|def|1
|move|p2a: Settle|Earthquake|p1a: Zamazenta
|-damage|p1a: Zamazenta|77/100
|
|-heal|p1a: Zamazenta|83/100|[from] item: Leftovers
|upkeep
|turn|9
|
|t:|1779960598
|switch|p2a: Adieu|Hatterene, F|88/100
|-damage|p2a: Adieu|76/100|[from] Stealth Rock
|move|p1a: Zamazenta|Heavy Slam|p2a: Adieu
|-supereffective|p2a: Adieu
|-damage|p2a: Adieu|25/100
|
|-heal|p1a: Zamazenta|89/100|[from] item: Leftovers
|-sideend|p2: info_cntrl|Reflect
|upkeep
|turn|10
|
|t:|1779960607
|move|p1a: Zamazenta|Heavy Slam|p2a: Adieu
|-supereffective|p2a: Adieu
|-damage|p2a: Adieu|0 fnt
|faint|p2a: Adieu
|
|-heal|p1a: Zamazenta|96/100|[from] item: Leftovers
|upkeep
|
|t:|1779960613
|switch|p2a: Your Ex|Toxapex, F|100/100
|-damage|p2a: Your Ex|88/100|[from] Stealth Rock
|turn|11
|
|t:|1779960623
|switch|p1a: Iron Treads|Iron Treads|77/100
|move|p2a: Your Ex|Liquidation|p1a: Iron Treads
|-supereffective|p1a: Iron Treads
|-damage|p1a: Iron Treads|43/100
|
|-heal|p2a: Your Ex|94/100|[from] item: Black Sludge
|upkeep
|turn|12
|
|t:|1779960637
|move|p2a: Your Ex|Baneful Bunker|p2a: Your Ex
|-singleturn|p2a: Your Ex|move: Protect
|move|p1a: Iron Treads|Volt Switch|p2a: Your Ex
|-activate|p2a: Your Ex|move: Protect
|
|-heal|p2a: Your Ex|100/100|[from] item: Black Sludge
|upkeep
|turn|13
|
|t:|1779960641
|-end|p1a: Iron Treads|Quark Drive|[silent]
|switch|p1a: Latias|Latias, F|100/100
|move|p2a: Your Ex|Liquidation|p1a: Latias
|-resisted|p1a: Latias
|-damage|p1a: Latias|89/100
|-unboost|p1a: Latias|def|1
|
|upkeep
|turn|14
|
|t:|1779960650
|move|p1a: Latias|Mist Ball|p2a: Your Ex
|-supereffective|p2a: Your Ex
|-damage|p2a: Your Ex|29/100
|move|p2a: Your Ex|Toxic|p1a: Latias
|-status|p1a: Latias|tox
|
|-heal|p2a: Your Ex|36/100|[from] item: Black Sludge
|-damage|p1a: Latias|83/100 tox|[from] psn
|upkeep
|turn|15
|
|t:|1779960659
|move|p2a: Your Ex|Baneful Bunker|p2a: Your Ex
|-singleturn|p2a: Your Ex|move: Protect
|move|p1a: Latias|Mist Ball|p2a: Your Ex
|-activate|p2a: Your Ex|move: Protect
|
|-heal|p2a: Your Ex|42/100|[from] item: Black Sludge
|-damage|p1a: Latias|71/100 tox|[from] psn
|upkeep
|turn|16
|
|t:|1779960683
|switch|p2a: Settle|Gliscor, F|100/100 tox
|-damage|p2a: Settle|88/100 tox|[from] Stealth Rock
|move|p1a: Latias|Mist Ball|p2a: Settle
|-damage|p2a: Settle|17/100 tox
|
|-damage|p1a: Latias|53/100 tox|[from] psn
|-heal|p2a: Settle|29/100 tox|[from] ability: Poison Heal
|upkeep
|turn|17
|
|t:|1779960695
|switch|p1a: Ogerpon|Ogerpon-Wellspring, F|100/100
|move|p2a: Settle|Protect||[still]
|-fail|p2a: Settle
|
|-heal|p2a: Settle|42/100 tox|[from] ability: Poison Heal
|upkeep
|turn|18
|
|t:|1779960716
|switch|p2a: Your Ex|Toxapex, F|75/100
|-damage|p2a: Your Ex|63/100|[from] Stealth Rock
|move|p1a: Ogerpon|Ivy Cudgel|p2a: Your Ex|[anim] Ivy Cudgel Water
|-resisted|p2a: Your Ex
|-damage|p2a: Your Ex|46/100
|
|-heal|p2a: Your Ex|52/100|[from] item: Black Sludge
|upkeep
|turn|19
|
|t:|1779960727
|move|p1a: Ogerpon|Swords Dance|p1a: Ogerpon
|-boost|p1a: Ogerpon|atk|2
|move|p2a: Your Ex|Liquidation|p1a: Ogerpon
|-immune|p1a: Ogerpon|[from] ability: Water Absorb
|
|-heal|p2a: Your Ex|58/100|[from] item: Black Sludge
|upkeep
|turn|20
|
|t:|1779960739
|switch|p1a: Iron Treads|Iron Treads|43/100
|move|p2a: Your Ex|Baneful Bunker||[still]
|-fail|p2a: Your Ex
|
|-heal|p2a: Your Ex|65/100|[from] item: Black Sludge
|upkeep
|turn|21
|
|t:|1779960748
|switch|p2a: Settle|Gliscor, F|42/100 tox
|-damage|p2a: Settle|29/100 tox|[from] Stealth Rock
|move|p1a: Iron Treads|Earth Power|p2a: Settle
|-immune|p2a: Settle
|
|-heal|p2a: Settle|42/100 tox|[from] ability: Poison Heal
|upkeep
|turn|22
|
|t:|1779960758
|-end|p1a: Iron Treads|Quark Drive|[silent]
|switch|p1a: Latias|Latias, F|53/100 tox
|move|p2a: Settle|Knock Off|p1a: Latias
|-supereffective|p1a: Latias
|-damage|p1a: Latias|0 fnt
|-enditem|p1a: Latias|Assault Vest|[from] move: Knock Off|[of] p2a: Settle
|faint|p1a: Latias
|
|-heal|p2a: Settle|54/100 tox|[from] ability: Poison Heal
|upkeep
|
|t:|1779960777
|switch|p1a: Kyurem|Kyurem|100/100
|-ability|p1a: Kyurem|Pressure
|turn|23
|
|t:|1779960787
|switch|p2a: Your Ex|Toxapex, F|98/100
|-damage|p2a: Your Ex|85/100|[from] Stealth Rock
|move|p1a: Kyurem|Icicle Spear|p2a: Your Ex
|-resisted|p2a: Your Ex
|-damage|p2a: Your Ex|81/100
|-resisted|p2a: Your Ex
|-damage|p2a: Your Ex|77/100
|-hitcount|p2a: Your Ex|2
|
|-heal|p2a: Your Ex|84/100|[from] item: Black Sludge
|upkeep
|turn|24
|
|t:|1779960793
|move|p1a: Kyurem|Freeze-Dry|p2a: Your Ex
|-supereffective|p2a: Your Ex
|-damage|p2a: Your Ex|26/100
|move|p2a: Your Ex|Toxic|p1a: Kyurem
|-status|p1a: Kyurem|tox
|
|-heal|p2a: Your Ex|33/100|[from] item: Black Sludge
|-damage|p1a: Kyurem|94/100 tox|[from] psn
|upkeep
|turn|25
|
|t:|1779960801
|move|p2a: Your Ex|Baneful Bunker|p2a: Your Ex
|-singleturn|p2a: Your Ex|move: Protect
|move|p1a: Kyurem|Freeze-Dry|p2a: Your Ex
|-activate|p2a: Your Ex|move: Protect
|
|-heal|p2a: Your Ex|39/100|[from] item: Black Sludge
|-damage|p1a: Kyurem|82/100 tox|[from] psn
|upkeep
|turn|26
|inactive|info_cntrl has 120 seconds left.
|
|t:|1779960853
|switch|p2a: Settle|Gliscor, F|54/100 tox
|-damage|p2a: Settle|42/100 tox|[from] Stealth Rock
|move|p1a: Kyurem|Freeze-Dry|p2a: Settle
|-supereffective|p2a: Settle
|-damage|p2a: Settle|0 fnt
|faint|p2a: Settle
|
|-damage|p1a: Kyurem|64/100 tox|[from] psn
|upkeep
|
|t:|1779960862
|switch|p2a: Florida Keys|Kommo-o, M|100/100
|-damage|p2a: Florida Keys|94/100|[from] Stealth Rock
|turn|27
|
|t:|1779960886
|-terastallize|p2a: Florida Keys|Steel
|move|p1a: Kyurem|Freeze-Dry|p2a: Florida Keys
|-resisted|p2a: Florida Keys
|-damage|p2a: Florida Keys|75/100
|move|p2a: Florida Keys|Clangorous Soul|p2a: Florida Keys
|-boost|p2a: Florida Keys|atk|1
|-boost|p2a: Florida Keys|def|1
|-boost|p2a: Florida Keys|spa|1
|-boost|p2a: Florida Keys|spd|1
|-boost|p2a: Florida Keys|spe|1
|-damage|p2a: Florida Keys|42/100
|-enditem|p2a: Florida Keys|Throat Spray
|-boost|p2a: Florida Keys|spa|1|[from] item: Throat Spray
|
|-damage|p1a: Kyurem|39/100 tox|[from] psn
|upkeep
|turn|28
|
|t:|1779960901
|move|p2a: Florida Keys|Vacuum Wave|p1a: Kyurem
|-supereffective|p1a: Kyurem
|-damage|p1a: Kyurem|0 fnt
|faint|p1a: Kyurem
|
|upkeep
|inactive|BananIsac has 120 seconds left.
|
|t:|1779960913
|switch|p1a: Zamazenta|Zamazenta|96/100
|turn|29
|
|t:|1779960916
|move|p2a: Florida Keys|Boomburst|p1a: Zamazenta
|-damage|p1a: Zamazenta|18/100
|move|p1a: Zamazenta|Body Press|p2a: Florida Keys
|-supereffective|p2a: Florida Keys
|-damage|p2a: Florida Keys|0 fnt
|faint|p2a: Florida Keys
|
|-heal|p1a: Zamazenta|24/100|[from] item: Leftovers
|upkeep
|
|t:|1779960923
|switch|p2a: Dante|Thundurus, M|100/100
|turn|30
|
|t:|1779960941
|switch|p1a: Iron Treads|Iron Treads|43/100
|move|p2a: Dante|Volt Switch|p1a: Iron Treads
|-immune|p1a: Iron Treads
|
|upkeep
|turn|31
|
|t:|1779960959
|move|p2a: Dante|Flash Cannon|p1a: Iron Treads
|-resisted|p1a: Iron Treads
|-damage|p1a: Iron Treads|24/100
|move|p1a: Iron Treads|Volt Switch|p2a: Dante
|-damage|p2a: Dante|80/100
|
|t:|1779960969
|-end|p1a: Iron Treads|Quark Drive|[silent]
|switch|p1a: Zamazenta|Zamazenta|24/100|[from] Volt Switch
|
|-heal|p1a: Zamazenta|30/100|[from] item: Leftovers
|upkeep
|turn|32
|
|t:|1779960990
|switch|p1a: Iron Treads|Iron Treads|24/100
|move|p2a: Dante|Wildbolt Storm|p1a: Iron Treads
|-immune|p1a: Iron Treads
|
|upkeep
|turn|33
|
|t:|1779961005
|move|p2a: Dante|Wildbolt Storm|p1a: Iron Treads
|-immune|p1a: Iron Treads
|move|p1a: Iron Treads|Volt Switch|p2a: Dante
|-damage|p2a: Dante|57/100
|
|t:|1779961011
|-end|p1a: Iron Treads|Quark Drive|[silent]
|switch|p1a: Zamazenta|Zamazenta|30/100|[from] Volt Switch
|
|-heal|p1a: Zamazenta|36/100|[from] item: Leftovers
|upkeep
|turn|34
|
|t:|1779961018
|move|p1a: Zamazenta|Crunch|p2a: Dante
|-damage|p2a: Dante|12/100
|move|p2a: Dante|Flash Cannon|p1a: Zamazenta
|-damage|p1a: Zamazenta|12/100
|
|-heal|p1a: Zamazenta|19/100|[from] item: Leftovers
|upkeep
|turn|35
|
|t:|1779961027
|switch|p2a: Your Ex|Toxapex, F|72/100
|-damage|p2a: Your Ex|60/100|[from] Stealth Rock
|move|p1a: Zamazenta|Crunch|p2a: Your Ex
|-damage|p2a: Your Ex|43/100
|
|-heal|p1a: Zamazenta|25/100|[from] item: Leftovers
|-heal|p2a: Your Ex|50/100|[from] item: Black Sludge
|upkeep
|turn|36
|
|t:|1779961042
|switch|p1a: Ogerpon|Ogerpon-Wellspring, F|100/100
|move|p2a: Your Ex|Liquidation|p1a: Ogerpon
|-immune|p1a: Ogerpon|[from] ability: Water Absorb
|
|-heal|p2a: Your Ex|56/100|[from] item: Black Sludge
|upkeep
|turn|37
|
|t:|1779961050
|switch|p1a: Iron Treads|Iron Treads|24/100
|move|p2a: Your Ex|Toxic|p1a: Iron Treads
|-immune|p1a: Iron Treads
|
|-heal|p2a: Your Ex|62/100|[from] item: Black Sludge
|upkeep
|turn|38
|
|t:|1779961059
|move|p1a: Iron Treads|Volt Switch|p2a: Your Ex
|-supereffective|p2a: Your Ex
|-damage|p2a: Your Ex|33/100
|
|t:|1779961063
|-end|p1a: Iron Treads|Quark Drive|[silent]
|switch|p1a: Zamazenta|Zamazenta|25/100|[from] Volt Switch
|move|p2a: Your Ex|Liquidation|p1a: Zamazenta
|-damage|p1a: Zamazenta|7/100
|-unboost|p1a: Zamazenta|def|1
|
|-heal|p1a: Zamazenta|13/100|[from] item: Leftovers
|-heal|p2a: Your Ex|39/100|[from] item: Black Sludge
|upkeep
|turn|39
|
|t:|1779961072
|move|p2a: Your Ex|Baneful Bunker|p2a: Your Ex
|-singleturn|p2a: Your Ex|move: Protect
|move|p1a: Zamazenta|Crunch|p2a: Your Ex
|-activate|p2a: Your Ex|move: Protect
|-status|p1a: Zamazenta|psn
|
|-heal|p1a: Zamazenta|19/100 psn|[from] item: Leftovers
|-heal|p2a: Your Ex|46/100|[from] item: Black Sludge
|-damage|p1a: Zamazenta|7/100 psn|[from] psn
|upkeep
|turn|40
|
|t:|1779961080
|move|p2a: Your Ex|Baneful Bunker||[still]
|-fail|p2a: Your Ex
|move|p1a: Zamazenta|Crunch|p2a: Your Ex
|-damage|p2a: Your Ex|28/100
|
|-heal|p1a: Zamazenta|13/100 psn|[from] item: Leftovers
|-heal|p2a: Your Ex|34/100|[from] item: Black Sludge
|-damage|p1a: Zamazenta|1/100 psn|[from] psn
|upkeep
|turn|41
|
|t:|1779961089
|move|p2a: Your Ex|Baneful Bunker|p2a: Your Ex
|-singleturn|p2a: Your Ex|move: Protect
|move|p1a: Zamazenta|Crunch|p2a: Your Ex
|-activate|p2a: Your Ex|move: Protect
|
|-heal|p1a: Zamazenta|7/100 psn|[from] item: Leftovers
|-heal|p2a: Your Ex|41/100|[from] item: Black Sludge
|-damage|p1a: Zamazenta|0 fnt|[from] psn
|faint|p1a: Zamazenta
|upkeep
|
|t:|1779961111
|switch|p1a: My Son|Breloom, M, shiny|100/100
|turn|42
|
|t:|1779961117
|move|p1a: My Son|Bullet Seed|p2a: Your Ex
|-damage|p2a: Your Ex|28/100
|-damage|p2a: Your Ex|17/100
|-hitcount|p2a: Your Ex|2
|move|p2a: Your Ex|Toxic|p1a: My Son
|-status|p1a: My Son|tox
|
|-heal|p2a: Your Ex|23/100|[from] item: Black Sludge
|-damage|p1a: My Son|94/100 tox|[from] psn
|upkeep
|turn|43
|
|t:|1779961126
|move|p2a: Your Ex|Baneful Bunker|p2a: Your Ex
|-singleturn|p2a: Your Ex|move: Protect
|move|p1a: My Son|Bullet Seed|p2a: Your Ex
|-activate|p2a: Your Ex|move: Protect
|
|-heal|p2a: Your Ex|29/100|[from] item: Black Sludge
|-damage|p1a: My Son|82/100 tox|[from] psn
|upkeep
|turn|44
|
|t:|1779961135
|move|p1a: My Son|Bullet Seed|p2a: Your Ex
|-damage|p2a: Your Ex|17/100
|-crit|p2a: Your Ex
|-damage|p2a: Your Ex|0 fnt
|faint|p2a: Your Ex
|-hitcount|p2: Your Ex|2
|
|-damage|p1a: My Son|64/100 tox|[from] psn
|upkeep
|
|t:|1779961138
|switch|p2a: Charlie Kwerk|Ambipom, F|100/100
|turn|45
|
|t:|1779961148
|switch|p1a: Iron Treads|Iron Treads|24/100
|move|p2a: Charlie Kwerk|Fake Out|p1a: Iron Treads
|-resisted|p1a: Iron Treads
|-damage|p1a: Iron Treads|12/100
|
|upkeep
|turn|46
|
|t:|1779961159
|move|p2a: Charlie Kwerk|Trailblaze|p1a: Iron Treads
|-damage|p1a: Iron Treads|0 fnt
|-boost|p2a: Charlie Kwerk|spe|1
|faint|p1a: Iron Treads
|-end|p1a: Iron Treads|Quark Drive|[silent]
|
|upkeep
|
|t:|1779961165
|switch|p1a: My Son|Breloom, M, shiny|64/100 tox
|turn|47
|
|t:|1779961170
|move|p1a: My Son|Mach Punch|p2a: Charlie Kwerk
|-supereffective|p2a: Charlie Kwerk
|-damage|p2a: Charlie Kwerk|1/100
|move|p2a: Charlie Kwerk|Triple Axel|p1a: My Son
|-supereffective|p1a: My Son
|-damage|p1a: My Son|35/100 tox
|-supereffective|p1a: My Son
|-damage|p1a: My Son|0 fnt
|faint|p1a: My Son
|-hitcount|p1: My Son|2
|
|upkeep
|
|t:|1779961179
|switch|p1a: Ogerpon|Ogerpon-Wellspring, F|100/100
|turn|48
|
|t:|1779961186
|move|p2a: Charlie Kwerk|Triple Axel|p1a: Ogerpon|[miss]
|-miss|p2a: Charlie Kwerk|p1a: Ogerpon
|move|p1a: Ogerpon|Ivy Cudgel|p2a: Charlie Kwerk|[anim] Ivy Cudgel Water
|-crit|p2a: Charlie Kwerk
|-damage|p2a: Charlie Kwerk|0 fnt
|faint|p2a: Charlie Kwerk
|
|upkeep
|
|t:|1779961191
|switch|p2a: Dante|Thundurus, M|12/100
|turn|49
|
|t:|1779961195
|move|p2a: Dante|Wildbolt Storm|p1a: Ogerpon
|-damage|p1a: Ogerpon|39/100
|move|p1a: Ogerpon|Ivy Cudgel|p2a: Dante|[anim] Ivy Cudgel Water
|-damage|p2a: Dante|0 fnt
|faint|p2a: Dante
|
|win|BananIsac
|raw|BananIsac's rating: 1181 &rarr; <strong>1206</strong><br />(+25 for winning)
|raw|info_cntrl's rating: 1183 &rarr; <strong>1158</strong><br />(-25 for losing)
|c|☆BananIsac|gg
|c|☆info_cntrl|Gg
|l|☆info_cntrl
|player|p2|
|l|☆BananIsac
|player|p1|
