|j|☆kuraiyagare
|j|☆excafrost
|t:|1779885643
|gametype|singles
|player|p1|kuraiyagare|pokemonranger-gen4|1430
|player|p2|excafrost|gambler|1421
|gen|9
|tier|[Gen 9] OU
|rated|
|rule|HP Percentage Mod: HP is shown in percentages
|rule|Endless Battle Clause: Forcing endless battles is banned
|rule|Species Clause: Limit one of each Pokémon
|rule|OHKO Clause: OHKO moves are banned
|rule|Evasion Items Clause: Evasion items are banned
|rule|Evasion Moves Clause: Evasion moves are banned
|rule|Evasion Abilities Clause: Evasion abilities are banned
|rule|Sleep Moves Clause: Sleep-inducing moves are banned
|clearpoke
|poke|p1|Breloom, M|
|poke|p1|Gardevoir, F|
|poke|p1|Talonflame, M|
|poke|p1|Magnezone|
|poke|p1|Drifblim, F|
|poke|p1|Zangoose, F|
|poke|p2|Quaquaval, F|
|poke|p2|Rillaboom, M|
|poke|p2|Hawlucha, M|
|poke|p2|Iron Treads|
|poke|p2|Dragapult, F|
|poke|p2|Raging Bolt|
|teampreview
|inactive|Battle timer is ON: inactive players will automatically lose when time's up. (requested by excafrost)
|
|t:|1779885663
|teamsize|p1|6
|teamsize|p2|6
|start
|switch|p1a: Drastenie|Breloom, M|100/100
|switch|p2a: Dragapult|Dragapult, F, shiny|100/100
|turn|1
|
|t:|1779885667
|move|p2a: Dragapult|Will-O-Wisp|p1a: Drastenie
|-status|p1a: Drastenie|brn
|move|p1a: Drastenie|Bulldoze|p2a: Dragapult
|-damage|p2a: Dragapult|79/100
|-unboost|p2a: Dragapult|spe|1
|
|-damage|p1a: Drastenie|94/100 brn|[from] brn
|upkeep
|turn|2
|inactive|kuraiyagare has 120 seconds left.
|inactive|kuraiyagare has 90 seconds left.
|
|t:|1779885729
|switch|p1a: drifflim|Drifblim, F|100/100
|move|p2a: Dragapult|Hex|p1a: drifflim
|-supereffective|p1a: drifflim
|-damage|p1a: drifflim|31/100
|-enditem|p1a: drifflim|Weakness Policy
|-boost|p1a: drifflim|atk|2|[from] item: Weakness Policy
|-boost|p1a: drifflim|spa|2|[from] item: Weakness Policy
|
|upkeep
|turn|3
|
|t:|1779885756
|switch|p2a: Rillaboom|Rillaboom, M|100/100
|-fieldstart|move: Grassy Terrain|[from] ability: Grassy Surge|[of] p2a: Rillaboom
|move|p1a: drifflim|Shadow Ball|p2a: Rillaboom
|-damage|p2a: Rillaboom|11/100
|
|-heal|p2a: Rillaboom|18/100|[from] Grassy Terrain
|upkeep
|turn|4
|
|t:|1779885759
|move|p2a: Rillaboom|Grassy Glide|p1a: drifflim
|-resisted|p1a: drifflim
|-damage|p1a: drifflim|0 fnt
|faint|p1a: drifflim
|
|-heal|p2a: Rillaboom|24/100|[from] Grassy Terrain
|upkeep
|
|t:|1779885765
|switch|p1a: Zangoose|Zangoose, F|100/100
|turn|5
|
|t:|1779885770
|move|p2a: Rillaboom|Grassy Glide|p1a: Zangoose
|-enditem|p1a: Zangoose|Focus Sash
|-damage|p1a: Zangoose|1/100
|move|p1a: Zangoose|Knock Off|p2a: Rillaboom
|-damage|p2a: Rillaboom|0 fnt
|-enditem|p2a: Rillaboom|Choice Band|[from] move: Knock Off|[of] p1a: Zangoose
|faint|p2a: Rillaboom
|
|-heal|p1a: Zangoose|7/100|[from] Grassy Terrain
|upkeep
|
|t:|1779885778
|switch|p2a: Hawlucha|Hawlucha, M|100/100
|-enditem|p2a: Hawlucha|Grassy Seed
|-boost|p2a: Hawlucha|def|1|[from] item: Grassy Seed
|turn|6
|
|t:|1779885781
|move|p2a: Hawlucha|Swords Dance|p2a: Hawlucha
|-boost|p2a: Hawlucha|atk|2
|move|p1a: Zangoose|Endeavor|p2a: Hawlucha
|-damage|p2a: Hawlucha|6/100
|
|-heal|p1a: Zangoose|13/100|[from] Grassy Terrain
|upkeep
|turn|7
|
|t:|1779885785
|move|p1a: Zangoose|Quick Attack|p2a: Hawlucha
|-damage|p2a: Hawlucha|0 fnt
|faint|p2a: Hawlucha
|
|-heal|p1a: Zangoose|19/100|[from] Grassy Terrain
|-fieldend|move: Grassy Terrain
|upkeep
|
|t:|1779885791
|switch|p2a: Quaquaval|Quaquaval, F, shiny|100/100
|turn|8
|
|t:|1779885797
|move|p1a: Zangoose|Quick Attack|p2a: Quaquaval
|-damage|p2a: Quaquaval|75/100
|move|p2a: Quaquaval|Aqua Step|p1a: Zangoose
|-damage|p1a: Zangoose|0 fnt
|-boost|p2a: Quaquaval|spe|1
|faint|p1a: Zangoose
|-ability|p2a: Quaquaval|Moxie|boost
|-boost|p2a: Quaquaval|atk|1
|
|upkeep
|
|t:|1779885815
|switch|p1a: Vatra|Talonflame, M|100/100
|turn|9
|
|t:|1779885824
|move|p1a: Vatra|Brave Bird|p2a: Quaquaval
|-supereffective|p2a: Quaquaval
|-damage|p2a: Quaquaval|0 fnt
|faint|p2a: Quaquaval
|-damage|p1a: Vatra|74/100|[from] Recoil
|
|upkeep
|
|t:|1779885830
|switch|p2a: Raging Bolt|Raging Bolt|100/100
|-enditem|p2a: Raging Bolt|Booster Energy
|-activate|p2a: Raging Bolt|ability: Protosynthesis|[fromitem]
|-start|p2a: Raging Bolt|protosynthesisspa
|turn|10
|inactive|kuraiyagare has 120 seconds left.
|
|t:|1779885862
|switch|p1a: Drastenie|Breloom, M|94/100 brn
|move|p2a: Raging Bolt|Calm Mind|p2a: Raging Bolt
|-boost|p2a: Raging Bolt|spa|1
|-boost|p2a: Raging Bolt|spd|1
|
|-damage|p1a: Drastenie|88/100 brn|[from] brn
|upkeep
|turn|11
|
|t:|1779885877
|move|p2a: Raging Bolt|Thunderclap|p1a: Drastenie
|-resisted|p1a: Drastenie
|-damage|p1a: Drastenie|12/100 brn
|move|p1a: Drastenie|Bulldoze|p2a: Raging Bolt
|-supereffective|p2a: Raging Bolt
|-crit|p2a: Raging Bolt
|-damage|p2a: Raging Bolt|54/100
|-unboost|p2a: Raging Bolt|spe|1
|
|-damage|p1a: Drastenie|5/100 brn|[from] brn
|upkeep
|turn|12
|inactive|kuraiyagare has 120 seconds left.
|
|t:|1779885914
|move|p1a: Drastenie|Mach Punch|p2a: Raging Bolt
|-damage|p2a: Raging Bolt|37/100
|move|p2a: Raging Bolt|Thunderclap||[still]
|-fail|p2a: Raging Bolt
|
|-damage|p1a: Drastenie|0 fnt|[from] brn
|faint|p1a: Drastenie
|upkeep
|
|t:|1779885927
|switch|p1a: hax = skill|Magnezone|100/100
|turn|13
|
|t:|1779885935
|move|p2a: Raging Bolt|Draco Meteor|p1a: hax = skill|[miss]
|-miss|p2a: Raging Bolt|p1a: hax = skill
|move|p1a: hax = skill|Mirror Coat||[still]
|-fail|p1a: hax = skill
|
|upkeep
|turn|14
|
|t:|1779885948
|move|p2a: Raging Bolt|Draco Meteor|p1a: hax = skill
|-resisted|p1a: hax = skill
|-damage|p1a: hax = skill|17/100
|-unboost|p2a: Raging Bolt|spa|2
|move|p1a: hax = skill|Body Press|p2a: Raging Bolt
|-damage|p2a: Raging Bolt|17/100
|
|upkeep
|turn|15
|
|t:|1779885955
|switch|p1a: Vatra|Talonflame, M|74/100
|move|p2a: Raging Bolt|Thunderclap||[still]
|-fail|p2a: Raging Bolt
|
|upkeep
|turn|16
|inactive|kuraiyagare has 120 seconds left.
|
|t:|1779885963
|move|p2a: Raging Bolt|Thunderclap||[still]
|-fail|p2a: Raging Bolt
|move|p1a: Vatra|Will-O-Wisp|p2a: Raging Bolt
|-status|p2a: Raging Bolt|brn
|
|-damage|p2a: Raging Bolt|11/100 brn|[from] brn
|upkeep
|turn|17
|
|t:|1779885967
|move|p2a: Raging Bolt|Thunderclap|p1a: Vatra
|-supereffective|p1a: Vatra
|-damage|p1a: Vatra|0 fnt
|faint|p1a: Vatra
|
|-damage|p2a: Raging Bolt|5/100 brn|[from] brn
|upkeep
|
|t:|1779885969
|switch|p1a: Gardenia|Gardevoir, F|100/100
|turn|18
|
|t:|1779885973
|move|p1a: Gardenia|Vacuum Wave|p2a: Raging Bolt
|-damage|p2a: Raging Bolt|0 fnt
|faint|p2a: Raging Bolt
|-end|p2a: Raging Bolt|Protosynthesis|[silent]
|
|upkeep
|
|t:|1779885994
|switch|p2a: Dragapult|Dragapult, F, shiny|79/100
|-ability|p1a: Gardenia|Infiltrator|Trace|[from] ability: Trace|[of] p2a: Dragapult
|turn|19
|
|t:|1779885998
|-terastallize|p2a: Dragapult|Ghost
|move|p2a: Dragapult|Hex|p1a: Gardenia
|-supereffective|p1a: Gardenia
|-damage|p1a: Gardenia|23/100
|move|p1a: Gardenia|Moonblast|p2a: Dragapult
|-damage|p2a: Dragapult|6/100
|-unboost|p2a: Dragapult|spa|1
|
|upkeep
|turn|20
|-message|kuraiyagare forfeited.
|
|win|excafrost
|raw|kuraiyagare's rating: 1430 &rarr; <strong>1409</strong><br />(-21 for losing)
|raw|excafrost's rating: 1421 &rarr; <strong>1442</strong><br />(+21 for winning)
|l|☆kuraiyagare
|player|p1|
|l|☆excafrost
|player|p2|
