|j|☆Alakazam darnold
|j|☆Wembles
|t:|1779906970
|gametype|singles
|player|p1|Alakazam darnold|li|1413
|player|p2|Wembles|blaine|1432
|gen|9
|tier|[Gen 9] OU
|rated|
|rule|HP Percentage Mod: HP is shown in percentages
|rule|Endless Battle Clause: Forcing endless battles is banned
|rule|Species Clause: Limit one of each Pokémon
|rule|OHKO Clause: OHKO moves are banned
|rule|Evasion Items Clause: Evasion items are banned
|rule|Evasion Moves Clause: Evasion moves are banned
|rule|Evasion Abilities Clause: Evasion abilities are banned
|rule|Sleep Moves Clause: Sleep-inducing moves are banned
|clearpoke
|poke|p1|Golurk|
|poke|p1|Ogerpon-Wellspring, F|
|poke|p1|Mandibuzz, F|
|poke|p1|Garganacl, M|
|poke|p1|Iron Crown|
|poke|p1|Enamorus, F|
|poke|p2|Gholdengo|
|poke|p2|Darkrai|
|poke|p2|Rillaboom, M|
|poke|p2|Slowking, F|
|poke|p2|Heatran, F|
|poke|p2|Landorus-Therian, M|
|teampreview
|inactive|Battle timer is ON: inactive players will automatically lose when time's up. (requested by Wembles)
|
|t:|1779906982
|teamsize|p1|6
|teamsize|p2|6
|start
|switch|p1a: Ogerpon|Ogerpon-Wellspring, F|100/100
|switch|p2a: Slowking|Slowking, F|100/100
|turn|1
|
|t:|1779906990
|switch|p2a: Rillaboom|Rillaboom, M|100/100
|-fieldstart|move: Grassy Terrain|[from] ability: Grassy Surge|[of] p2a: Rillaboom
|move|p1a: Ogerpon|Knock Off|p2a: Rillaboom
|-damage|p2a: Rillaboom|60/100
|-enditem|p2a: Rillaboom|Life Orb|[from] move: Knock Off|[of] p1a: Ogerpon
|
|-heal|p2a: Rillaboom|66/100|[from] Grassy Terrain
|upkeep
|turn|2
|
|t:|1779906994
|move|p2a: Rillaboom|Grassy Glide|p1a: Ogerpon
|-damage|p1a: Ogerpon|47/100
|move|p1a: Ogerpon|U-turn|p2a: Rillaboom
|-supereffective|p2a: Rillaboom
|-damage|p2a: Rillaboom|8/100
|
|t:|1779907001
|switch|p1a: Mandibuzz|Mandibuzz, F|100/100|[from] U-turn
|
|-heal|p2a: Rillaboom|14/100|[from] Grassy Terrain
|upkeep
|turn|3
|
|t:|1779907019
|switch|p2a: Gholdengo|Gholdengo, shiny|100/100
|-enditem|p2a: Gholdengo|Grassy Seed
|-boost|p2a: Gholdengo|def|1|[from] item: Grassy Seed
|move|p1a: Mandibuzz|Foul Play|p2a: Gholdengo
|-supereffective|p2a: Gholdengo
|-damage|p2a: Gholdengo|86/100
|
|-heal|p2a: Gholdengo|92/100|[from] Grassy Terrain
|upkeep
|turn|4
|
|t:|1779907025
|switch|p1a: Golurk|Golurk|100/100
|move|p2a: Gholdengo|Nasty Plot|p2a: Gholdengo
|-boost|p2a: Gholdengo|spa|2
|
|-heal|p2a: Gholdengo|98/100|[from] Grassy Terrain
|upkeep
|turn|5
|
|t:|1779907049
|-terastallize|p2a: Gholdengo|Fairy
|move|p2a: Gholdengo|Shadow Ball|p1a: Golurk
|-supereffective|p1a: Golurk
|-damage|p1a: Golurk|0 fnt
|faint|p1a: Golurk
|
|-heal|p2a: Gholdengo|100/100|[from] Grassy Terrain
|-fieldend|move: Grassy Terrain
|upkeep
|
|t:|1779907059
|switch|p1a: Iron Crown|Iron Crown|100/100
|-enditem|p1a: Iron Crown|Booster Energy
|-activate|p1a: Iron Crown|ability: Quark Drive|[fromitem]
|-start|p1a: Iron Crown|quarkdrivespe
|turn|6
|
|t:|1779907061
|move|p1a: Iron Crown|Tachyon Cutter|p2a: Gholdengo
|-supereffective|p2a: Gholdengo
|-damage|p2a: Gholdengo|54/100
|-supereffective|p2a: Gholdengo
|-damage|p2a: Gholdengo|7/100
|-hitcount|p2a: Gholdengo|2
|move|p2a: Gholdengo|Shadow Ball|p1a: Iron Crown
|-supereffective|p1a: Iron Crown
|-damage|p1a: Iron Crown|0 fnt
|faint|p1a: Iron Crown
|-end|p1a: Iron Crown|Quark Drive|[silent]
|
|upkeep
|
|t:|1779907067
|switch|p1a: Ogerpon|Ogerpon-Wellspring, F|47/100
|turn|7
|
|t:|1779907073
|-terastallize|p1a: Ogerpon|Water
|detailschange|p1a: Ogerpon|Ogerpon-Wellspring-Tera, F, tera:Water
|-ability|p1a: Ogerpon|Embody Aspect (Wellspring)|boost
|-boost|p1a: Ogerpon|spd|1
|move|p1a: Ogerpon|Ivy Cudgel|p2a: Gholdengo|[anim] Ivy Cudgel Water
|-damage|p2a: Gholdengo|0 fnt
|faint|p2a: Gholdengo
|
|upkeep
|
|t:|1779907079
|switch|p2a: Rillaboom|Rillaboom, M|14/100
|-fieldstart|move: Grassy Terrain|[from] ability: Grassy Surge|[of] p2a: Rillaboom
|turn|8
|
|t:|1779907082
|switch|p1a: Mandibuzz|Mandibuzz, F|100/100
|switch|p2a: Darkrai|Darkrai|100/100
|
|upkeep
|turn|9
|
|t:|1779907084
|move|p2a: Darkrai|Ice Beam|p1a: Mandibuzz
|-supereffective|p1a: Mandibuzz
|-damage|p1a: Mandibuzz|54/100
|move|p1a: Mandibuzz|Toxic|p2a: Darkrai
|-status|p2a: Darkrai|tox
|
|-damage|p2a: Darkrai|94/100 tox|[from] psn
|upkeep
|turn|10
|
|t:|1779907088
|switch|p1a: Garganacl|Garganacl, M|100/100
|move|p2a: Darkrai|Ice Beam|p1a: Garganacl
|-crit|p1a: Garganacl
|-damage|p1a: Garganacl|68/100
|
|-heal|p2a: Darkrai|100/100 tox|[from] Grassy Terrain
|-heal|p1a: Garganacl|74/100|[from] Grassy Terrain
|-heal|p1a: Garganacl|80/100|[from] item: Leftovers
|-damage|p2a: Darkrai|88/100 tox|[from] psn
|upkeep
|turn|11
|
|t:|1779907091
|move|p2a: Darkrai|Knock Off|p1a: Garganacl
|-damage|p1a: Garganacl|53/100
|-enditem|p1a: Garganacl|Leftovers|[from] move: Knock Off|[of] p2a: Darkrai
|move|p1a: Garganacl|Stealth Rock|p2a: Darkrai
|-sidestart|p2: Wembles|move: Stealth Rock
|
|-heal|p2a: Darkrai|94/100 tox|[from] Grassy Terrain
|-heal|p1a: Garganacl|60/100|[from] Grassy Terrain
|-damage|p2a: Darkrai|76/100 tox|[from] psn
|upkeep
|turn|12
|
|t:|1779907099
|move|p2a: Darkrai|Dark Pulse|p1a: Garganacl
|-damage|p1a: Garganacl|30/100
|move|p1a: Garganacl|Recover|p1a: Garganacl
|-heal|p1a: Garganacl|80/100
|
|-heal|p2a: Darkrai|82/100 tox|[from] Grassy Terrain
|-heal|p1a: Garganacl|86/100|[from] Grassy Terrain
|-damage|p2a: Darkrai|58/100 tox|[from] psn
|-fieldend|move: Grassy Terrain
|upkeep
|turn|13
|
|t:|1779907112
|switch|p2a: Slowking|Slowking, F|100/100
|move|p1a: Garganacl|Salt Cure|p2a: Slowking
|-damage|p2a: Slowking|85/100
|-start|p2a: Slowking|Salt Cure
|
|-damage|p2a: Slowking|60/100|[from] Salt Cure
|upkeep
|turn|14
|
|t:|1779907121
|switch|p1a: Ogerpon|Ogerpon-Wellspring-Tera, F, tera:Water|47/100
|-ability|p1a: Ogerpon|Embody Aspect (Wellspring)|boost
|-boost|p1a: Ogerpon|spd|1
|-prepare|p2a: Slowking|Chilly Reception|[premajor]
|move|p2a: Slowking|Chilly Reception|p2a: Slowking
|-weather|Snowscape
|
|t:|1779907130
|switch|p2a: Darkrai|Darkrai|58/100 tox|[from] Chilly Reception
|-damage|p2a: Darkrai|46/100 tox|[from] Stealth Rock
|
|-weather|Snowscape|[upkeep]
|-damage|p2a: Darkrai|40/100 tox|[from] psn
|upkeep
|turn|15
|
|t:|1779907135
|move|p2a: Darkrai|Knock Off|p1a: Ogerpon
|-damage|p1a: Ogerpon|8/100
|move|p1a: Ogerpon|U-turn|p2a: Darkrai
|-supereffective|p2a: Darkrai
|-damage|p2a: Darkrai|0 fnt
|faint|p2a: Darkrai
|
|t:|1779907140
|switch|p1a: Enamorus|Enamorus, F|100/100|[from] U-turn
|
|-weather|Snowscape|[upkeep]
|upkeep
|
|t:|1779907146
|switch|p2a: Landorus|Landorus-Therian, M|100/100
|-damage|p2a: Landorus|88/100|[from] Stealth Rock
|-ability|p2a: Landorus|Intimidate|boost
|-boost|p1a: Enamorus|atk|1
|turn|16
|
|t:|1779907156
|move|p1a: Enamorus|Healing Wish|p1a: Enamorus
|faint|p1a: Enamorus
|move|p2a: Landorus|Weather Ball|p1: Enamorus|[notarget]
|-fail|p2a: Landorus
|
|-weather|Snowscape|[upkeep]
|upkeep
|
|t:|1779907160
|switch|p1a: Ogerpon|Ogerpon-Wellspring-Tera, F, tera:Water|8/100
|-heal|p1a: Ogerpon|100/100|[from] move: Healing Wish
|-ability|p1a: Ogerpon|Embody Aspect (Wellspring)|boost
|-boost|p1a: Ogerpon|spd|1
|turn|17
|
|t:|1779907167
|switch|p2a: Slowking|Slowking, F|94/100
|move|p1a: Ogerpon|Ivy Cudgel|p2a: Slowking|[anim] Ivy Cudgel Water
|-resisted|p2a: Slowking
|-crit|p2a: Slowking
|-damage|p2a: Slowking|29/100
|
|-weather|Snowscape|[upkeep]
|upkeep
|turn|18
|
|t:|1779907176
|move|p1a: Ogerpon|U-turn|p2a: Slowking
|-supereffective|p2a: Slowking
|-damage|p2a: Slowking|0 fnt
|faint|p2a: Slowking
|
|t:|1779907183
|switch|p1a: Garganacl|Garganacl, M|86/100|[from] U-turn
|
|-weather|none
|upkeep
|
|t:|1779907186
|switch|p2a: Heatran|Heatran, F|100/100
|-damage|p2a: Heatran|88/100|[from] Stealth Rock
|-item|p2a: Heatran|Air Balloon
|turn|19
|
|t:|1779907190
|move|p2a: Heatran|Taunt|p1a: Garganacl
|-start|p1a: Garganacl|move: Taunt
|move|p1a: Garganacl|Salt Cure|p2a: Heatran
|-damage|p2a: Heatran|75/100
|-start|p2a: Heatran|Salt Cure
|-enditem|p2a: Heatran|Air Balloon
|
|-damage|p2a: Heatran|50/100|[from] Salt Cure
|upkeep
|turn|20
|
|t:|1779907196
|switch|p1a: Ogerpon|Ogerpon-Wellspring-Tera, F, tera:Water|100/100
|-ability|p1a: Ogerpon|Embody Aspect (Wellspring)|boost
|-boost|p1a: Ogerpon|spd|1
|move|p2a: Heatran|Magma Storm|p1a: Ogerpon
|-resisted|p1a: Ogerpon
|-damage|p1a: Ogerpon|84/100
|-activate|p1a: Ogerpon|move: Magma Storm|[of] p2a: Heatran
|
|-damage|p1a: Ogerpon|71/100|[from] move: Magma Storm|[partiallytrapped]
|-damage|p2a: Heatran|26/100|[from] Salt Cure
|upkeep
|turn|21
|
|t:|1779907208
|switch|p2a: Landorus|Landorus-Therian, M|88/100
|-damage|p2a: Landorus|76/100|[from] Stealth Rock
|-ability|p2a: Landorus|Intimidate|boost
|-unboost|p1a: Ogerpon|atk|1
|move|p1a: Ogerpon|Ivy Cudgel|p2a: Landorus|[anim] Ivy Cudgel Water
|-supereffective|p2a: Landorus
|-damage|p2a: Landorus|0 fnt
|faint|p2a: Landorus
|
|-end|p1a: Ogerpon|Magma Storm|[partiallytrapped]|[silent]
|upkeep
|
|t:|1779907210
|switch|p2a: Rillaboom|Rillaboom, M|14/100
|-damage|p2a: Rillaboom|1/100|[from] Stealth Rock
|-fieldstart|move: Grassy Terrain|[from] ability: Grassy Surge|[of] p2a: Rillaboom
|turn|22
|
|t:|1779907213
|switch|p1a: Mandibuzz|Mandibuzz, F|54/100
|move|p2a: Rillaboom|Swords Dance|p2a: Rillaboom
|-boost|p2a: Rillaboom|atk|2
|
|-heal|p2a: Rillaboom|8/100|[from] Grassy Terrain
|upkeep
|turn|23
|
|t:|1779907217
|move|p2a: Rillaboom|U-turn|p1a: Mandibuzz
|-damage|p1a: Mandibuzz|22/100
|
|t:|1779907220
|switch|p2a: Heatran|Heatran, F|26/100|[from] U-turn
|-damage|p2a: Heatran|13/100|[from] Stealth Rock
|move|p1a: Mandibuzz|Foul Play|p2a: Heatran
|-damage|p2a: Heatran|0 fnt
|faint|p2a: Heatran
|
|upkeep
|
|t:|1779907221
|switch|p2a: Rillaboom|Rillaboom, M|8/100
|-damage|p2a: Rillaboom|0 fnt|[from] Stealth Rock
|faint|p2a: Rillaboom
|
|win|Alakazam darnold
|raw|Alakazam darnold's rating: 1413 &rarr; <strong>1434</strong><br />(+21 for winning)
|raw|Wembles's rating: 1432 &rarr; <strong>1411</strong><br />(-21 for losing)
|l|☆Wembles
|player|p2|
|l|☆Alakazam darnold
|player|p1|
