|j|‽sawquarete
|j|☆PixelPenguin2
|t:|1779855403
|gametype|singles
|player|p1|sawquarete|li|1393
|player|p2|PixelPenguin2|guitarist|1365
|gen|9
|tier|[Gen 9] OU
|rated|
|rule|HP Percentage Mod: HP is shown in percentages
|rule|Endless Battle Clause: Forcing endless battles is banned
|rule|Species Clause: Limit one of each Pokémon
|rule|OHKO Clause: OHKO moves are banned
|rule|Evasion Items Clause: Evasion items are banned
|rule|Evasion Moves Clause: Evasion moves are banned
|rule|Evasion Abilities Clause: Evasion abilities are banned
|rule|Sleep Moves Clause: Sleep-inducing moves are banned
|clearpoke
|poke|p1|Gholdengo|
|poke|p1|Kingambit, F|
|poke|p1|Hatterene, F|
|poke|p1|Samurott-Hisui, F|
|poke|p1|Pecharunt|
|poke|p1|Great Tusk|
|poke|p2|Mandibuzz, F|
|poke|p2|Clodsire, F|
|poke|p2|Reuniclus, F|
|poke|p2|Gliscor, M|
|poke|p2|Dragapult, F|
|poke|p2|Moltres|
|teampreview
|inactive|Battle timer is ON: inactive players will automatically lose when time's up. (requested by PixelPenguin2)
|
|t:|1779855407
|teamsize|p1|6
|teamsize|p2|6
|start
|switch|p1a: Great Tusk|Great Tusk|100/100
|switch|p2a: Mandibuzz|Mandibuzz, F|100/100
|turn|1
|
|t:|1779855410
|move|p1a: Great Tusk|Stealth Rock|p2a: Mandibuzz
|-sidestart|p2: PixelPenguin2|move: Stealth Rock
|move|p2a: Mandibuzz|Toxic|p1a: Great Tusk
|-status|p1a: Great Tusk|tox
|
|-damage|p1a: Great Tusk|94/100 tox|[from] psn
|upkeep
|turn|2
|
|t:|1779855414
|-end|p1a: Great Tusk|Protosynthesis|[silent]
|switch|p1a: Gholdengo|Gholdengo|100/100
|-item|p1a: Gholdengo|Air Balloon
|move|p2a: Mandibuzz|Knock Off|p1a: Gholdengo
|-supereffective|p1a: Gholdengo
|-damage|p1a: Gholdengo|48/100
|-enditem|p1a: Gholdengo|Air Balloon
|
|upkeep
|turn|3
|
|t:|1779855418
|switch|p2a: Clodsire|Clodsire, F|100/100
|move|p1a: Gholdengo|Nasty Plot|p1a: Gholdengo
|-boost|p1a: Gholdengo|spa|2
|
|upkeep
|turn|4
|
|t:|1779855421
|move|p1a: Gholdengo|Shadow Ball|p2a: Clodsire
|-damage|p2a: Clodsire|77/100
|move|p2a: Clodsire|Earthquake|p1a: Gholdengo
|-supereffective|p1a: Gholdengo
|-damage|p1a: Gholdengo|0 fnt
|faint|p1a: Gholdengo
|
|upkeep
|
|t:|1779855427
|switch|p1a: Samurott|Samurott-Hisui, F|100/100
|turn|5
|
|t:|1779855429
|switch|p2a: Mandibuzz|Mandibuzz, F|100/100
|-damage|p2a: Mandibuzz|75/100|[from] Stealth Rock
|move|p1a: Samurott|Razor Shell|p2a: Mandibuzz|[miss]
|-miss|p1a: Samurott|p2a: Mandibuzz
|
|upkeep
|turn|6
|
|t:|1779855433
|-terastallize|p1a: Samurott|Water
|move|p1a: Samurott|Razor Shell|p2a: Mandibuzz
|-damage|p2a: Mandibuzz|33/100
|-damage|p1a: Samurott|84/100|[from] item: Rocky Helmet|[of] p2a: Mandibuzz
|move|p2a: Mandibuzz|Knock Off|p1a: Samurott
|-damage|p1a: Samurott|58/100
|-enditem|p1a: Samurott|Choice Scarf|[from] move: Knock Off|[of] p2a: Mandibuzz
|
|upkeep
|turn|7
|
|t:|1779855444
|-terastallize|p2a: Mandibuzz|Grass
|move|p1a: Samurott|Razor Shell|p2a: Mandibuzz
|-resisted|p2a: Mandibuzz
|-damage|p2a: Mandibuzz|12/100
|-damage|p1a: Samurott|41/100|[from] item: Rocky Helmet|[of] p2a: Mandibuzz
|move|p2a: Mandibuzz|Roost|p2a: Mandibuzz
|-heal|p2a: Mandibuzz|62/100
|
|upkeep
|turn|8
|
|t:|1779855448
|move|p1a: Samurott|Ceaseless Edge|p2a: Mandibuzz|[miss]
|-miss|p1a: Samurott|p2a: Mandibuzz
|move|p2a: Mandibuzz|Roost|p2a: Mandibuzz
|-heal|p2a: Mandibuzz|100/100
|
|upkeep
|turn|9
|
|t:|1779855450
|move|p1a: Samurott|Ceaseless Edge|p2a: Mandibuzz
|-damage|p2a: Mandibuzz|74/100
|-damage|p1a: Samurott|24/100|[from] item: Rocky Helmet|[of] p2a: Mandibuzz
|-sidestart|p2: PixelPenguin2|Spikes
|move|p2a: Mandibuzz|Foul Play|p1a: Samurott
|-damage|p1a: Samurott|0 fnt
|faint|p1a: Samurott
|
|upkeep
|
|t:|1779855455
|switch|p1a: Pecharunt|Pecharunt|100/100
|turn|10
|
|t:|1779855458
|switch|p2a: Clodsire|Clodsire, F|77/100
|move|p1a: Pecharunt|Toxic|p2a: Clodsire
|-immune|p2a: Clodsire
|
|upkeep
|turn|11
|
|t:|1779855461
|move|p1a: Pecharunt|Foul Play|p2a: Clodsire
|-damage|p2a: Clodsire|58/100
|move|p2a: Clodsire|Poison Jab|p1a: Pecharunt
|-resisted|p1a: Pecharunt
|-damage|p1a: Pecharunt|98/100
|
|upkeep
|turn|12
|
|t:|1779855464
|move|p1a: Pecharunt|Foul Play|p2a: Clodsire
|-damage|p2a: Clodsire|40/100
|move|p2a: Clodsire|Recover|p2a: Clodsire
|-heal|p2a: Clodsire|90/100
|
|upkeep
|turn|13
|
|t:|1779855466
|move|p1a: Pecharunt|Foul Play|p2a: Clodsire
|-damage|p2a: Clodsire|70/100
|move|p2a: Clodsire|Earthquake|p1a: Pecharunt
|-supereffective|p1a: Pecharunt
|-crit|p1a: Pecharunt
|-damage|p1a: Pecharunt|56/100
|
|upkeep
|turn|14
|
|t:|1779855469
|move|p1a: Pecharunt|Parting Shot|p2a: Clodsire
|-unboost|p2a: Clodsire|atk|1
|-unboost|p2a: Clodsire|spa|1
|
|t:|1779855472
|switch|p1a: Great Tusk|Great Tusk|94/100 tox|[from] Parting Shot
|move|p2a: Clodsire|Poison Jab|p1a: Great Tusk
|-resisted|p1a: Great Tusk
|-damage|p1a: Great Tusk|90/100 tox
|-damage|p2a: Clodsire|54/100|[from] item: Rocky Helmet|[of] p1a: Great Tusk
|
|-damage|p1a: Great Tusk|83/100 tox|[from] psn
|upkeep
|turn|15
|
|t:|1779855476
|switch|p2a: Moltres|Moltres|100/100
|move|p1a: Great Tusk|Ice Spinner|p2a: Moltres
|-damage|p2a: Moltres|77/100
|
|-damage|p1a: Great Tusk|71/100 tox|[from] psn
|upkeep
|turn|16
|
|t:|1779855479
|move|p1a: Great Tusk|Ice Spinner|p2a: Moltres
|-damage|p2a: Moltres|53/100
|move|p2a: Moltres|Flamethrower|p1a: Great Tusk
|-damage|p1a: Great Tusk|19/100 tox
|
|-damage|p1a: Great Tusk|0 fnt|[from] psn
|faint|p1a: Great Tusk
|-end|p1a: Great Tusk|Protosynthesis|[silent]
|upkeep
|
|t:|1779855486
|switch|p1a: Hatterene|Hatterene, F|100/100
|turn|17
|
|t:|1779855487
|move|p2a: Moltres|Flamethrower|p1a: Hatterene
|-damage|p1a: Hatterene|77/100
|move|p1a: Hatterene|Nuzzle|p2a: Moltres
|-supereffective|p2a: Moltres
|-damage|p2a: Moltres|45/100
|-status|p2a: Moltres|par
|
|upkeep
|turn|18
|
|t:|1779855491
|cant|p2a: Moltres|par
|move|p1a: Hatterene|Psyshock|p2a: Moltres
|-damage|p2a: Moltres|7/100 par
|
|upkeep
|turn|19
|
|t:|1779855493
|move|p2a: Moltres|Flamethrower|p1a: Hatterene
|-damage|p1a: Hatterene|52/100
|move|p1a: Hatterene|Psyshock|p2a: Moltres
|-damage|p2a: Moltres|0 fnt
|faint|p2a: Moltres
|
|upkeep
|
|t:|1779855499
|switch|p2a: Reuniclus|Reuniclus, F|100/100
|turn|20
|
|t:|1779855503
|move|p2a: Reuniclus|Shadow Ball|p1a: Hatterene
|-supereffective|p1a: Hatterene
|-damage|p1a: Hatterene|0 fnt
|faint|p1a: Hatterene
|
|upkeep
|
|t:|1779855505
|switch|p1a: Kingambit|Kingambit, F|100/100
|-activate|p1a: Kingambit|ability: Supreme Overlord
|-start|p1a: Kingambit|fallen4|[silent]
|turn|21
|
|t:|1779855520
|move|p1a: Kingambit|Swords Dance|p1a: Kingambit
|-boost|p1a: Kingambit|atk|2
|move|p2a: Reuniclus|Focus Blast|p1a: Kingambit
|-supereffective|p1a: Kingambit
|-damage|p1a: Kingambit|0 fnt
|faint|p1a: Kingambit
|-end|p1a: Kingambit|fallen4|[silent]
|
|upkeep
|-message|sawquarete forfeited.
|
|win|PixelPenguin2
|raw|sawquarete's rating: 1393 &rarr; <strong>1371</strong><br />(-22 for losing)
|raw|PixelPenguin2's rating: 1365 &rarr; <strong>1387</strong><br />(+22 for winning)
|l|‽sawquarete
|player|p1|
