|j|☆pointymetagross
|j|☆Psyduck is stupid
|t:|1779880379
|gametype|singles
|player|p1|pointymetagross|drayden|1164
|player|p2|Psyduck is stupid|266|1187
|gen|9
|tier|[Gen 9] OU
|rated|
|rule|HP Percentage Mod: HP is shown in percentages
|rule|Endless Battle Clause: Forcing endless battles is banned
|rule|Species Clause: Limit one of each Pokémon
|rule|OHKO Clause: OHKO moves are banned
|rule|Evasion Items Clause: Evasion items are banned
|rule|Evasion Moves Clause: Evasion moves are banned
|rule|Evasion Abilities Clause: Evasion abilities are banned
|rule|Sleep Moves Clause: Sleep-inducing moves are banned
|clearpoke
|poke|p1|Inteleon, F|
|poke|p1|Blaziken, M|
|poke|p1|Iron Valiant|
|poke|p1|Electrode-Hisui|
|poke|p1|Gholdengo|
|poke|p1|Darkrai|
|poke|p2|Trevenant, M|
|poke|p2|Slowking-Galar, F|
|poke|p2|Porygon2|
|poke|p2|Clefable, F|
|poke|p2|Torkoal, F|
|poke|p2|Forretress, F|
|teampreview
|inactive|Battle timer is ON: inactive players will automatically lose when time's up. (requested by pointymetagross)
|
|t:|1779880391
|teamsize|p1|6
|teamsize|p2|6
|start
|switch|p1a: FukKingambit|Blaziken, M|100/100
|switch|p2a: Tomato with eyes|Forretress, F|100/100
|turn|1
|
|t:|1779880402
|move|p1a: FukKingambit|Swords Dance|p1a: FukKingambit
|-boost|p1a: FukKingambit|atk|2
|move|p2a: Tomato with eyes|Earthquake|p1a: FukKingambit
|-supereffective|p1a: FukKingambit
|-damage|p1a: FukKingambit|14/100
|
|-ability|p1a: FukKingambit|Speed Boost|boost
|-boost|p1a: FukKingambit|spe|1
|upkeep
|turn|2
|
|t:|1779880406
|move|p1a: FukKingambit|Blaze Kick|p2a: Tomato with eyes
|-supereffective|p2a: Tomato with eyes
|-ability|p2a: Tomato with eyes|Sturdy
|-damage|p2a: Tomato with eyes|1/100
|move|p2a: Tomato with eyes|Earthquake|p1a: FukKingambit
|-supereffective|p1a: FukKingambit
|-damage|p1a: FukKingambit|0 fnt
|faint|p1a: FukKingambit
|
|upkeep
|
|t:|1779880409
|switch|p1a: FukEverything|Inteleon, F, shiny|100/100
|turn|3
|-enditem|p2a: Tomato with eyes|Custap Berry|[eat]
|-activate|p2a: Tomato with eyes|item: Custap Berry|[consumed]
|
|t:|1779880418
|-terastallize|p2a: Tomato with eyes|Normal
|move|p1a: FukEverything|Vacuum Wave|p2a: Tomato with eyes
|-supereffective|p2a: Tomato with eyes
|-damage|p2a: Tomato with eyes|0 fnt
|faint|p2a: Tomato with eyes
|
|upkeep
|
|t:|1779880427
|switch|p2a: Psyduck Gigamax|Porygon2|100/100
|-ability|p2a: Psyduck Gigamax|Download|boost
|-boost|p2a: Psyduck Gigamax|spa|1
|turn|4
|
|t:|1779880432
|switch|p1a: FukYaChiknStrips|Electrode-Hisui|100/100
|move|p2a: Psyduck Gigamax|Trick Room|p2a: Psyduck Gigamax
|-fieldstart|move: Trick Room|[of] p2a: Psyduck Gigamax
|
|upkeep
|turn|5
|
|t:|1779880438
|-terastallize|p1a: FukYaChiknStrips|Normal
|move|p2a: Psyduck Gigamax|Ice Beam|p1a: FukYaChiknStrips
|-damage|p1a: FukYaChiknStrips|26/100
|move|p1a: FukYaChiknStrips|Explosion|p2a: Psyduck Gigamax
|-damage|p2a: Psyduck Gigamax|32/100
|faint|p1a: FukYaChiknStrips
|
|upkeep
|
|t:|1779880449
|switch|p1a: FukDarkrai|Gholdengo|100/100
|turn|6
|
|t:|1779880453
|move|p2a: Psyduck Gigamax|Shadow Ball|p1a: FukDarkrai
|-supereffective|p1a: FukDarkrai
|-damage|p1a: FukDarkrai|20/100
|move|p1a: FukDarkrai|Nasty Plot|p1a: FukDarkrai
|-boost|p1a: FukDarkrai|spa|2
|
|upkeep
|turn|7
|
|t:|1779880462
|switch|p1a: FukYou|Darkrai|100/100
|move|p2a: Psyduck Gigamax|Shadow Ball|p1a: FukYou
|-resisted|p1a: FukYou
|-damage|p1a: FukYou|72/100
|
|upkeep
|turn|8
|
|t:|1779880475
|move|p2a: Psyduck Gigamax|Tri Attack|p1a: FukYou
|-damage|p1a: FukYou|0 fnt
|faint|p1a: FukYou
|
|-fieldend|move: Trick Room
|upkeep
|
|t:|1779880479
|switch|p1a: FukEverything|Inteleon, F, shiny|100/100
|turn|9
|
|t:|1779880486
|move|p1a: FukEverything|Snipe Shot|p2a: Psyduck Gigamax
|-damage|p2a: Psyduck Gigamax|0 fnt
|faint|p2a: Psyduck Gigamax
|
|upkeep
|
|t:|1779880491
|switch|p2a: Fat pink Pikachu|Clefable, F|100/100
|turn|10
|
|t:|1779880497
|move|p1a: FukEverything|Snipe Shot|p2a: Fat pink Pikachu
|-crit|p2a: Fat pink Pikachu
|-damage|p2a: Fat pink Pikachu|0 fnt
|faint|p2a: Fat pink Pikachu
|
|upkeep
|
|t:|1779880520
|switch|p2a: Useless turtle|Torkoal, F|100/100
|-weather|SunnyDay|[from] ability: Drought|[of] p2a: Useless turtle
|turn|11
|
|t:|1779880524
|move|p1a: FukEverything|Snipe Shot|p2a: Useless turtle
|-supereffective|p2a: Useless turtle
|-crit|p2a: Useless turtle
|-damage|p2a: Useless turtle|0 fnt
|faint|p2a: Useless turtle
|
|-weather|SunnyDay|[upkeep]
|upkeep
|c|☆pointymetagross|accurate name
|
|t:|1779880547
|switch|p2a: Tree with feet|Trevenant, M|100/100
|turn|12
|
|t:|1779880552
|move|p1a: FukEverything|Air Cutter|p2a: Tree with feet
|-supereffective|p2a: Tree with feet
|-crit|p2a: Tree with feet
|-damage|p2a: Tree with feet|9/100
|move|p2a: Tree with feet|Trick Room|p2a: Tree with feet
|-fieldstart|move: Trick Room|[of] p2a: Tree with feet
|
|-weather|SunnyDay|[upkeep]
|upkeep
|turn|13
|
|t:|1779880574
|switch|p1a: FukDarkrai|Gholdengo|20/100
|move|p2a: Tree with feet|Sucker Punch||[still]
|-fail|p2a: Tree with feet
|
|-weather|SunnyDay|[upkeep]
|upkeep
|turn|14
|
|t:|1779880581
|move|p2a: Tree with feet|Earthquake|p1a: FukDarkrai
|-supereffective|p1a: FukDarkrai
|-damage|p1a: FukDarkrai|0 fnt
|faint|p1a: FukDarkrai
|-damage|p2a: Tree with feet|0 fnt|[from] item: Life Orb
|faint|p2a: Tree with feet
|
|-weather|SunnyDay|[upkeep]
|upkeep
|
|t:|1779880588
|switch|p2a: Clefable with hat|Slowking-Galar, F|100/100
|switch|p1a: FukGreatTusk|Iron Valiant|100/100
|-enditem|p1a: FukGreatTusk|Booster Energy
|-activate|p1a: FukGreatTusk|ability: Quark Drive|[fromitem]
|-start|p1a: FukGreatTusk|quarkdrivespe
|turn|15
|
|t:|1779880602
|move|p2a: Clefable with hat|Sludge Bomb|p1a: FukGreatTusk
|-supereffective|p1a: FukGreatTusk
|-damage|p1a: FukGreatTusk|0 fnt
|faint|p1a: FukGreatTusk
|-end|p1a: FukGreatTusk|Quark Drive|[silent]
|-damage|p2a: Clefable with hat|91/100|[from] item: Life Orb
|
|-weather|none
|upkeep
|
|t:|1779880605
|switch|p1a: FukEverything|Inteleon, F, shiny|100/100
|turn|16
|
|t:|1779880610
|move|p2a: Clefable with hat|Sludge Bomb|p1a: FukEverything
|-crit|p1a: FukEverything
|-damage|p1a: FukEverything|0 fnt
|faint|p1a: FukEverything
|-damage|p2a: Clefable with hat|81/100|[from] item: Life Orb
|
|win|Psyduck is stupid
|raw|pointymetagross's rating: 1164 &rarr; <strong>1138</strong><br />(-26 for losing)
|raw|Psyduck is stupid's rating: 1156 &rarr; <strong>1182</strong><br />(+26 for winning)
|l|☆pointymetagross
|player|p1|
|l|☆Psyduck is stupid
|player|p2|
