|j|☆YoSoyDelBronx
|j|☆saffid
|t:|1779957299
|gametype|singles
|player|p1|YoSoyDelBronx|noland|1292
|player|p2|saffid|170|1341
|gen|9
|tier|[Gen 9] OU
|rated|
|rule|HP Percentage Mod: HP is shown in percentages
|rule|Endless Battle Clause: Forcing endless battles is banned
|rule|Species Clause: Limit one of each Pokémon
|rule|OHKO Clause: OHKO moves are banned
|rule|Evasion Items Clause: Evasion items are banned
|rule|Evasion Moves Clause: Evasion moves are banned
|rule|Evasion Abilities Clause: Evasion abilities are banned
|rule|Sleep Moves Clause: Sleep-inducing moves are banned
|clearpoke
|poke|p1|Blaziken, M|
|poke|p1|Diancie|
|poke|p1|Torterra, F|
|poke|p1|Great Tusk|
|poke|p1|Ninetales, F|
|poke|p1|Cresselia, F|
|poke|p2|Dragonite, M|
|poke|p2|Great Tusk|
|poke|p2|Zapdos|
|poke|p2|Dondozo, M|
|poke|p2|Hoopa-Unbound|
|poke|p2|Blaziken, F|
|teampreview
|inactive|Battle timer is ON: inactive players will automatically lose when time's up. (requested by saffid)
|
|t:|1779957318
|teamsize|p1|6
|teamsize|p2|6
|start
|switch|p1a: SimaSoyYo|Diancie, shiny|100/100
|switch|p2a: Hoopa|Hoopa-Unbound|100/100
|turn|1
|
|t:|1779957327
|move|p2a: Hoopa|Drain Punch|p1a: SimaSoyYo
|-damage|p1a: SimaSoyYo|75/100
|move|p1a: SimaSoyYo|Trick Room|p1a: SimaSoyYo
|-fieldstart|move: Trick Room|[of] p1a: SimaSoyYo
|
|upkeep
|turn|2
|
|t:|1779957332
|move|p1a: SimaSoyYo|Meteor Beam||[still]
|-prepare|p1a: SimaSoyYo|Meteor Beam
|-boost|p1a: SimaSoyYo|spa|1
|-enditem|p1a: SimaSoyYo|Power Herb
|-anim|p1a: SimaSoyYo|Meteor Beam|p2a: Hoopa
|-damage|p2a: Hoopa|52/100
|move|p2a: Hoopa|Energy Ball|p1a: SimaSoyYo
|-supereffective|p1a: SimaSoyYo
|-damage|p1a: SimaSoyYo|27/100
|
|upkeep
|turn|3
|
|t:|1779957341
|move|p1a: SimaSoyYo|Moonblast|p2a: Hoopa
|-supereffective|p2a: Hoopa
|-damage|p2a: Hoopa|0 fnt
|faint|p2a: Hoopa
|
|upkeep
|
|t:|1779957345
|switch|p2a: Dondozo|Dondozo, M|100/100
|turn|4
|
|t:|1779957347
|move|p1a: SimaSoyYo|Moonblast|p2a: Dondozo
|-damage|p2a: Dondozo|68/100
|move|p2a: Dondozo|Curse|p2a: Dondozo
|-unboost|p2a: Dondozo|spe|1
|-boost|p2a: Dondozo|atk|1
|-boost|p2a: Dondozo|def|1
|
|-heal|p2a: Dondozo|74/100|[from] item: Leftovers
|upkeep
|turn|5
|
|t:|1779957351
|move|p2a: Dondozo|Curse|p2a: Dondozo
|-unboost|p2a: Dondozo|spe|1
|-boost|p2a: Dondozo|atk|1
|-boost|p2a: Dondozo|def|1
|move|p1a: SimaSoyYo|Moonblast|p2a: Dondozo
|-damage|p2a: Dondozo|39/100
|
|-heal|p2a: Dondozo|45/100|[from] item: Leftovers
|-fieldend|move: Trick Room
|upkeep
|turn|6
|
|t:|1779957354
|move|p1a: SimaSoyYo|Moonblast|p2a: Dondozo
|-damage|p2a: Dondozo|10/100
|-unboost|p2a: Dondozo|spa|1
|move|p2a: Dondozo|Liquidation|p1a: SimaSoyYo
|-supereffective|p1a: SimaSoyYo
|-damage|p1a: SimaSoyYo|0 fnt
|faint|p1a: SimaSoyYo
|
|-heal|p2a: Dondozo|16/100|[from] item: Leftovers
|upkeep
|
|t:|1779957376
|switch|p1a: Moony|Cresselia, F, shiny|100/100
|turn|7
|
|t:|1779957381
|move|p1a: Moony|Psychic|p2a: Dondozo
|-damage|p2a: Dondozo|0 fnt
|faint|p2a: Dondozo
|
|upkeep
|
|t:|1779957391
|switch|p2a: Dragonite|Dragonite, M|100/100
|turn|8
|
|t:|1779957394
|move|p2a: Dragonite|Dragon Dance|p2a: Dragonite
|-boost|p2a: Dragonite|atk|1
|-boost|p2a: Dragonite|spe|1
|move|p1a: Moony|Trick Room|p1a: Moony
|-fieldstart|move: Trick Room|[of] p1a: Moony
|
|upkeep
|turn|9
|
|t:|1779957400
|move|p1a: Moony|Psychic|p2a: Dragonite
|-crit|p2a: Dragonite
|-damage|p2a: Dragonite|81/100
|move|p2a: Dragonite|Dragon Dance|p2a: Dragonite
|-boost|p2a: Dragonite|atk|1
|-boost|p2a: Dragonite|spe|1
|
|upkeep
|turn|10
|
|t:|1779957408
|-terastallize|p2a: Dragonite|Normal
|move|p2a: Dragonite|Extreme Speed|p1a: Moony
|-damage|p1a: Moony|50/100
|-damage|p2a: Dragonite|64/100|[from] item: Rocky Helmet|[of] p1a: Moony
|move|p1a: Moony|Ice Beam|p2a: Dragonite
|-damage|p2a: Dragonite|46/100
|-status|p2a: Dragonite|frz
|
|upkeep
|turn|11
|
|t:|1779957416
|-curestatus|p2a: Dragonite|frz|[msg]
|move|p2a: Dragonite|Extreme Speed|p1a: Moony
|-damage|p1a: Moony|0 fnt
|-damage|p2a: Dragonite|29/100|[from] item: Rocky Helmet|[of] p1a: Moony
|faint|p1a: Moony
|
|upkeep
|
|t:|1779957423
|switch|p1a: Capitán Salami|Blaziken, M, shiny|100/100
|turn|12
|
|t:|1779957426
|move|p1a: Capitán Salami|Upper Hand|p2a: Dragonite
|-supereffective|p2a: Dragonite
|-crit|p2a: Dragonite
|-damage|p2a: Dragonite|0 fnt
|faint|p2a: Dragonite
|
|-fieldend|move: Trick Room
|-ability|p1a: Capitán Salami|Speed Boost|boost
|-boost|p1a: Capitán Salami|spe|1
|upkeep
|
|t:|1779957435
|switch|p2a: Great Tusk|Great Tusk|100/100
|-enditem|p2a: Great Tusk|Booster Energy
|-activate|p2a: Great Tusk|ability: Protosynthesis|[fromitem]
|-start|p2a: Great Tusk|protosynthesisatk
|turn|13
|
|t:|1779957450
|move|p1a: Capitán Salami|Focus Energy|p1a: Capitán Salami
|-start|p1a: Capitán Salami|move: Focus Energy
|move|p2a: Great Tusk|Headlong Rush|p1a: Capitán Salami
|-supereffective|p1a: Capitán Salami
|-crit|p1a: Capitán Salami
|-damage|p1a: Capitán Salami|0 fnt
|-unboost|p2a: Great Tusk|def|1
|-unboost|p2a: Great Tusk|spd|1
|faint|p1a: Capitán Salami
|
|upkeep
|
|t:|1779957455
|switch|p1a: Torterra|Torterra, F|100/100
|turn|14
|
|t:|1779957458
|move|p2a: Great Tusk|Ice Spinner|p1a: Torterra
|-supereffective|p1a: Torterra
|-damage|p1a: Torterra|0 fnt
|faint|p1a: Torterra
|
|upkeep
|
|t:|1779957465
|switch|p1a: Ninetales|Ninetales, F|100/100
|-weather|SunnyDay|[from] ability: Drought|[of] p1a: Ninetales
|turn|15
|
|t:|1779957469
|move|p1a: Ninetales|Will-O-Wisp|p2a: Great Tusk
|-status|p2a: Great Tusk|brn
|move|p2a: Great Tusk|Headlong Rush|p1a: Ninetales
|-supereffective|p1a: Ninetales
|-damage|p1a: Ninetales|0 fnt
|-unboost|p2a: Great Tusk|def|1
|-unboost|p2a: Great Tusk|spd|1
|faint|p1a: Ninetales
|
|-weather|SunnyDay|[upkeep]
|-damage|p2a: Great Tusk|94/100 brn|[from] brn
|upkeep
|
|t:|1779957472
|switch|p1a: Great Tusk|Great Tusk|100/100
|-activate|p1a: Great Tusk|ability: Protosynthesis
|-start|p1a: Great Tusk|protosynthesisspe
|turn|16
|
|t:|1779957477
|-end|p2a: Great Tusk|Protosynthesis|[silent]
|switch|p2a: Zapdos|Zapdos|100/100
|move|p1a: Great Tusk|Rapid Spin|p2a: Zapdos
|-damage|p2a: Zapdos|84/100
|-boost|p1a: Great Tusk|spe|1
|
|-weather|SunnyDay|[upkeep]
|upkeep
|turn|17
|
|t:|1779957486
|-terastallize|p1a: Great Tusk|Steel
|move|p1a: Great Tusk|Ice Spinner|p2a: Zapdos
|-supereffective|p2a: Zapdos
|-damage|p2a: Zapdos|23/100
|move|p2a: Zapdos|Hurricane|p1a: Great Tusk|[miss]
|-miss|p2a: Zapdos|p1a: Great Tusk
|
|-weather|SunnyDay|[upkeep]
|upkeep
|turn|18
|
|t:|1779957493
|move|p1a: Great Tusk|Rapid Spin|p2a: Zapdos
|-damage|p2a: Zapdos|5/100
|-boost|p1a: Great Tusk|spe|1
|move|p2a: Zapdos|Discharge|p1a: Great Tusk
|-damage|p1a: Great Tusk|50/100
|
|-weather|SunnyDay|[upkeep]
|upkeep
|turn|19
|
|t:|1779957496
|move|p1a: Great Tusk|Rapid Spin|p2a: Zapdos
|-damage|p2a: Zapdos|0 fnt
|-boost|p1a: Great Tusk|spe|1
|faint|p2a: Zapdos
|
|-weather|SunnyDay|[upkeep]
|upkeep
|
|t:|1779957503
|switch|p2a: Blaziken|Blaziken, F|100/100
|turn|20
|c|☆saffid|Cheak mate
|
|t:|1779957517
|move|p1a: Great Tusk|Headlong Rush|p2a: Blaziken
|-supereffective|p2a: Blaziken
|-enditem|p2a: Blaziken|Focus Sash
|-damage|p2a: Blaziken|1/100
|-unboost|p1a: Great Tusk|def|1
|-unboost|p1a: Great Tusk|spd|1
|move|p2a: Blaziken|Close Combat|p1a: Great Tusk
|-supereffective|p1a: Great Tusk
|-damage|p1a: Great Tusk|0 fnt
|-unboost|p2a: Blaziken|def|1
|-unboost|p2a: Blaziken|spd|1
|faint|p1a: Great Tusk
|-end|p1a: Great Tusk|Protosynthesis|[silent]
|
|win|saffid
|raw|YoSoyDelBronx's rating: 1292 &rarr; <strong>1271</strong><br />(-21 for losing)
|raw|saffid's rating: 1341 &rarr; <strong>1358</strong><br />(+17 for winning)
|l|☆YoSoyDelBronx
|player|p1|
|l|☆saffid
|player|p2|
