|j|☆Archerdadon
|j|☆glimpseman
|t:|1779942184
|gametype|singles
|player|p1|Archerdadon|marshal|1550
|player|p2|glimpseman|#wcor2025canada|1590
|gen|9
|tier|[Gen 9] OU
|rated|
|rule|HP Percentage Mod: HP is shown in percentages
|rule|Endless Battle Clause: Forcing endless battles is banned
|rule|Species Clause: Limit one of each Pokémon
|rule|OHKO Clause: OHKO moves are banned
|rule|Evasion Items Clause: Evasion items are banned
|rule|Evasion Moves Clause: Evasion moves are banned
|rule|Evasion Abilities Clause: Evasion abilities are banned
|rule|Sleep Moves Clause: Sleep-inducing moves are banned
|clearpoke
|poke|p1|Dondozo, F|
|poke|p1|Great Tusk|
|poke|p1|Ting-Lu|
|poke|p1|Glimmora, M|
|poke|p1|Scizor, F|
|poke|p1|Weezing-Galar, M|
|poke|p2|Toxtricity, M|
|poke|p2|Gholdengo|
|poke|p2|Ting-Lu|
|poke|p2|Glimmora, M|
|poke|p2|Iron Valiant|
|poke|p2|Rillaboom, F|
|teampreview
|inactive|Battle timer is ON: inactive players will automatically lose when time's up. (requested by glimpseman)
|
|t:|1779942201
|teamsize|p1|6
|teamsize|p2|6
|start
|switch|p1a: Glimmora|Glimmora, M|100/100
|switch|p2a: Gholdengo|Gholdengo|100/100
|turn|1
|
|t:|1779942212
|move|p1a: Glimmora|Earth Power|p2a: Gholdengo
|-supereffective|p2a: Gholdengo
|-enditem|p2a: Gholdengo|Shuca Berry|[eat]
|-enditem|p2a: Gholdengo|Shuca Berry|[weaken]
|-damage|p2a: Gholdengo|63/100
|move|p2a: Gholdengo|Thunder Wave|p1a: Glimmora
|-status|p1a: Glimmora|par
|
|upkeep
|turn|2
|
|t:|1779942216
|move|p2a: Gholdengo|Hex|p1a: Glimmora
|-enditem|p1a: Glimmora|Focus Sash
|-damage|p1a: Glimmora|1/100 par
|move|p1a: Glimmora|Earth Power|p2a: Gholdengo
|-supereffective|p2a: Gholdengo
|-damage|p2a: Gholdengo|0 fnt
|faint|p2a: Gholdengo
|
|upkeep
|j| sampad11
|
|t:|1779942221
|switch|p2a: Glimmora|Glimmora, M|100/100
|turn|3
|
|t:|1779942235
|move|p2a: Glimmora|Power Gem|p1a: Glimmora
|-crit|p1a: Glimmora
|-damage|p1a: Glimmora|0 fnt
|faint|p1a: Glimmora
|
|upkeep
|l| sampad11
|
|t:|1779942238
|switch|p1a: Ting-Lu|Ting-Lu|100/100
|-ability|p1a: Ting-Lu|Vessel of Ruin
|turn|4
|
|t:|1779942244
|move|p2a: Glimmora|Stealth Rock|p1a: Ting-Lu
|-sidestart|p1: Archerdadon|move: Stealth Rock
|move|p1a: Ting-Lu|Earthquake|p2a: Glimmora
|-supereffective|p2a: Glimmora
|-damage|p2a: Glimmora|0 fnt
|-activate|p2a: Glimmora|ability: Toxic Debris
|-sidestart|p1: Archerdadon|move: Toxic Spikes
|faint|p2a: Glimmora
|
|upkeep
|
|t:|1779942246
|switch|p2a: Rillaboom|Rillaboom, F|100/100
|-fieldstart|move: Grassy Terrain|[from] ability: Grassy Surge|[of] p2a: Rillaboom
|turn|5
|
|t:|1779942251
|switch|p1a: Weezing|Weezing-Galar, M|100/100
|-ability|p1a: Weezing|Neutralizing Gas
|-damage|p1a: Weezing|88/100|[from] Stealth Rock
|-sideend|p1: Archerdadon|move: Toxic Spikes|[of] p1a: Weezing
|move|p2a: Rillaboom|Knock Off|p1a: Weezing
|-resisted|p1a: Weezing
|-damage|p1a: Weezing|75/100
|-enditem|p1a: Weezing|Leftovers|[from] move: Knock Off|[of] p2a: Rillaboom
|
|-heal|p1a: Weezing|81/100|[from] Grassy Terrain
|upkeep
|turn|6
|
|t:|1779942254
|move|p2a: Rillaboom|High Horsepower|p1a: Weezing
|-supereffective|p1a: Weezing
|-damage|p1a: Weezing|27/100
|move|p1a: Weezing|Will-O-Wisp|p2a: Rillaboom
|-status|p2a: Rillaboom|brn
|
|-heal|p1a: Weezing|33/100|[from] Grassy Terrain
|-damage|p2a: Rillaboom|94/100 brn|[from] brn
|upkeep
|turn|7
|
|t:|1779942259
|-end|p1a: Weezing|ability: Neutralizing Gas
|switch|p1a: Great Tusk|Great Tusk|100/100
|move|p2a: Rillaboom|High Horsepower|p1a: Great Tusk
|-crit|p1a: Great Tusk
|-damage|p1a: Great Tusk|89/100
|
|-heal|p1a: Great Tusk|95/100|[from] Grassy Terrain
|-heal|p2a: Rillaboom|100/100 brn|[from] Grassy Terrain
|-damage|p2a: Rillaboom|94/100 brn|[from] brn
|upkeep
|turn|8
|
|t:|1779942263
|move|p2a: Rillaboom|Grassy Glide|p1a: Great Tusk
|-supereffective|p1a: Great Tusk
|-damage|p1a: Great Tusk|77/100
|move|p1a: Great Tusk|Rapid Spin|p2a: Rillaboom
|-damage|p2a: Rillaboom|77/100 brn
|-boost|p1a: Great Tusk|spe|1
|-sideend|p1: Archerdadon|Stealth Rock|[from] move: Rapid Spin|[of] p1a: Great Tusk
|
|-heal|p1a: Great Tusk|83/100|[from] Grassy Terrain
|-heal|p2a: Rillaboom|83/100 brn|[from] Grassy Terrain
|-damage|p2a: Rillaboom|77/100 brn|[from] brn
|upkeep
|turn|9
|
|t:|1779942268
|move|p1a: Great Tusk|Rapid Spin|p2a: Rillaboom
|-damage|p2a: Rillaboom|59/100 brn
|-boost|p1a: Great Tusk|spe|1
|move|p2a: Rillaboom|Knock Off|p1a: Great Tusk
|-resisted|p1a: Great Tusk
|-damage|p1a: Great Tusk|79/100
|-enditem|p1a: Great Tusk|Heavy-Duty Boots|[from] move: Knock Off|[of] p2a: Rillaboom
|
|-heal|p1a: Great Tusk|85/100|[from] Grassy Terrain
|-heal|p2a: Rillaboom|65/100 brn|[from] Grassy Terrain
|-damage|p2a: Rillaboom|59/100 brn|[from] brn
|-fieldend|move: Grassy Terrain
|upkeep
|turn|10
|
|t:|1779942272
|move|p1a: Great Tusk|Ice Spinner|p2a: Rillaboom
|-supereffective|p2a: Rillaboom
|-damage|p2a: Rillaboom|8/100 brn
|move|p2a: Rillaboom|U-turn|p1a: Great Tusk
|-resisted|p1a: Great Tusk
|-damage|p1a: Great Tusk|82/100
|
|t:|1779942274
|switch|p2a: Ting-Lu|Ting-Lu|100/100|[from] U-turn
|-ability|p2a: Ting-Lu|Vessel of Ruin
|
|upkeep
|turn|11
|
|t:|1779942278
|move|p1a: Great Tusk|Ice Spinner|p2a: Ting-Lu
|-supereffective|p2a: Ting-Lu
|-damage|p2a: Ting-Lu|72/100
|move|p2a: Ting-Lu|Whirlwind|p1a: Great Tusk
|-end|p1a: Great Tusk|Protosynthesis|[silent]
|drag|p1a: Scizor|Scizor, F|100/100
|
|-heal|p2a: Ting-Lu|78/100|[from] item: Leftovers
|upkeep
|turn|12
|
|t:|1779942281
|switch|p2a: Rillaboom|Rillaboom, F|8/100 brn
|-fieldstart|move: Grassy Terrain|[from] ability: Grassy Surge|[of] p2a: Rillaboom
|move|p1a: Scizor|Close Combat|p2a: Rillaboom
|-damage|p2a: Rillaboom|0 fnt
|-unboost|p1a: Scizor|def|1
|-unboost|p1a: Scizor|spd|1
|faint|p2a: Rillaboom
|
|upkeep
|
|t:|1779942285
|switch|p2a: Toxtricity|Toxtricity, M, shiny|100/100
|turn|13
|
|t:|1779942293
|switch|p1a: Ting-Lu|Ting-Lu|100/100
|-ability|p1a: Ting-Lu|Vessel of Ruin
|-terastallize|p2a: Toxtricity|Normal
|move|p2a: Toxtricity|Boomburst|p1a: Ting-Lu
|-damage|p1a: Ting-Lu|62/100
|-enditem|p2a: Toxtricity|Throat Spray
|-boost|p2a: Toxtricity|spa|1|[from] item: Throat Spray
|
|-heal|p1a: Ting-Lu|68/100|[from] Grassy Terrain
|-heal|p1a: Ting-Lu|74/100|[from] item: Leftovers
|upkeep
|turn|14
|
|t:|1779942302
|-terastallize|p1a: Ting-Lu|Ghost
|move|p2a: Toxtricity|Boomburst|p1a: Ting-Lu
|-immune|p1a: Ting-Lu
|move|p1a: Ting-Lu|Payback|p2a: Toxtricity
|-damage|p2a: Toxtricity|44/100
|
|-heal|p2a: Toxtricity|50/100|[from] Grassy Terrain
|-heal|p1a: Ting-Lu|81/100|[from] Grassy Terrain
|-heal|p1a: Ting-Lu|87/100|[from] item: Leftovers
|upkeep
|turn|15
|
|t:|1779942308
|move|p2a: Toxtricity|Hex|p1a: Ting-Lu
|-supereffective|p1a: Ting-Lu
|-damage|p1a: Ting-Lu|59/100
|move|p1a: Ting-Lu|Payback|p2a: Toxtricity
|-damage|p2a: Toxtricity|0 fnt
|faint|p2a: Toxtricity
|
|-heal|p1a: Ting-Lu|65/100|[from] Grassy Terrain
|-heal|p1a: Ting-Lu|72/100|[from] item: Leftovers
|upkeep
|
|t:|1779942312
|switch|p2a: Iron Valiant|Iron Valiant|100/100
|-enditem|p2a: Iron Valiant|Booster Energy
|-activate|p2a: Iron Valiant|ability: Quark Drive|[fromitem]
|-start|p2a: Iron Valiant|quarkdrivespe
|turn|16
|
|t:|1779942315
|move|p2a: Iron Valiant|Encore|p1a: Ting-Lu
|-start|p1a: Ting-Lu|Encore
|move|p1a: Ting-Lu|Payback|p2a: Iron Valiant
|-resisted|p2a: Iron Valiant
|-damage|p2a: Iron Valiant|89/100
|
|-heal|p2a: Iron Valiant|95/100|[from] Grassy Terrain
|-heal|p1a: Ting-Lu|78/100|[from] Grassy Terrain
|-heal|p1a: Ting-Lu|84/100|[from] item: Leftovers
|-fieldend|move: Grassy Terrain
|upkeep
|turn|17
|
|t:|1779942323
|switch|p1a: Weezing|Weezing-Galar, M|33/100
|-ability|p1a: Weezing|Neutralizing Gas
|move|p2a: Iron Valiant|Close Combat|p1a: Weezing
|-resisted|p1a: Weezing
|-damage|p1a: Weezing|20/100
|-unboost|p2a: Iron Valiant|def|1
|-unboost|p2a: Iron Valiant|spd|1
|
|upkeep
|turn|18
|-message|glimpseman forfeited.
|
|win|Archerdadon
|raw|Archerdadon's rating: 1550 &rarr; <strong>1572</strong><br />(+22 for winning)
|raw|glimpseman's rating: 1590 &rarr; <strong>1568</strong><br />(-22 for losing)
|l|☆Archerdadon
|player|p1|
|l|☆glimpseman
|player|p2|
|j|☆glimpseman
|player|p2|glimpseman|#wcor2025canada|
