|j|☆TeamPlasmaGrunt704
|j|☆chopinthe3rd
|t:|1779846622
|gametype|singles
|player|p1|TeamPlasmaGrunt704|plasmagrunt|1069
|player|p2|chopinthe3rd|marshal|1120
|gen|9
|tier|[Gen 9] OU
|rated|
|rule|HP Percentage Mod: HP is shown in percentages
|rule|Endless Battle Clause: Forcing endless battles is banned
|rule|Species Clause: Limit one of each Pokémon
|rule|OHKO Clause: OHKO moves are banned
|rule|Evasion Items Clause: Evasion items are banned
|rule|Evasion Moves Clause: Evasion moves are banned
|rule|Evasion Abilities Clause: Evasion abilities are banned
|rule|Sleep Moves Clause: Sleep-inducing moves are banned
|clearpoke
|poke|p1|Haxorus, M|
|poke|p1|Golurk|
|poke|p1|Kingambit, F|
|poke|p1|Landorus-Therian, M|
|poke|p1|Iron Moth|
|poke|p1|Scrafty, F|
|poke|p2|Zangoose, F|
|poke|p2|Wyrdeer, M|
|poke|p2|Crabominable, F|
|poke|p2|Quaquaval, M|
|poke|p2|Golurk|
|poke|p2|Blaziken, F|
|teampreview
|c|☆TeamPlasmaGrunt704|Ayyyy fellow golurk user
|c|☆TeamPlasmaGrunt704|Let’s go
|
|t:|1779846646
|teamsize|p1|6
|teamsize|p2|6
|start
|switch|p1a: The Scrafty|Scrafty, F|100/100
|switch|p2a: Quaquaval|Quaquaval, M|100/100
|turn|1
|
|t:|1779846656
|move|p2a: Quaquaval|Aqua Step|p1a: The Scrafty
|-damage|p1a: The Scrafty|59/100
|-boost|p2a: Quaquaval|spe|1
|move|p1a: The Scrafty|Bulk Up|p1a: The Scrafty
|-boost|p1a: The Scrafty|atk|1
|-boost|p1a: The Scrafty|def|1
|
|-heal|p1a: The Scrafty|66/100|[from] item: Leftovers
|upkeep
|turn|2
|
|t:|1779846666
|move|p2a: Quaquaval|Close Combat|p1a: The Scrafty
|-supereffective|p1a: The Scrafty
|-damage|p1a: The Scrafty|0 fnt
|-unboost|p2a: Quaquaval|def|1
|-unboost|p2a: Quaquaval|spd|1
|faint|p1a: The Scrafty
|-ability|p2a: Quaquaval|Moxie|boost
|-boost|p2a: Quaquaval|atk|1
|
|upkeep
|
|t:|1779846669
|switch|p1a: Him|Landorus-Therian, M|100/100
|-ability|p1a: Him|Intimidate|boost
|-unboost|p2a: Quaquaval|atk|1
|turn|3
|
|t:|1779846685
|move|p2a: Quaquaval|Wave Crash|p1a: Him
|-supereffective|p1a: Him
|-damage|p1a: Him|0 fnt
|-damage|p2a: Quaquaval|84/100|[from] item: Rocky Helmet|[of] p1a: Him
|faint|p1a: Him
|-ability|p2a: Quaquaval|Moxie|boost
|-boost|p2a: Quaquaval|atk|1
|-damage|p2a: Quaquaval|50/100|[from] Recoil
|
|upkeep
|
|t:|1779846691
|switch|p1a: Sentinel|Golurk, shiny|100/100
|turn|4
|
|t:|1779846696
|-terastallize|p1a: Sentinel|Dragon
|move|p2a: Quaquaval|Wave Crash|p1a: Sentinel
|-resisted|p1a: Sentinel
|-damage|p1a: Sentinel|48/100
|-damage|p2a: Quaquaval|29/100|[from] Recoil
|move|p1a: Sentinel|Thunder Punch|p2a: Quaquaval
|-supereffective|p2a: Quaquaval
|-damage|p2a: Quaquaval|0 fnt
|faint|p2a: Quaquaval
|
|upkeep
|
|t:|1779846708
|switch|p2a: Crabominable|Crabominable, F|100/100
|turn|5
|c|☆chopinthe3rd|Shiny?
|
|t:|1779846725
|switch|p1a: Genesect 2|Iron Moth|100/100
|-enditem|p1a: Genesect 2|Booster Energy
|-activate|p1a: Genesect 2|ability: Quark Drive|[fromitem]
|-start|p1a: Genesect 2|quarkdrivespa
|move|p2a: Crabominable|Ice Hammer|p1a: Genesect 2
|-resisted|p1a: Genesect 2
|-damage|p1a: Genesect 2|43/100
|-unboost|p2a: Crabominable|spe|1
|
|upkeep
|turn|6
|
|t:|1779846737
|move|p1a: Genesect 2|Fiery Dance|p2a: Crabominable
|-supereffective|p2a: Crabominable
|-enditem|p2a: Crabominable|Focus Sash
|-damage|p2a: Crabominable|1/100
|-boost|p1a: Genesect 2|spa|1
|move|p2a: Crabominable|Crabhammer|p1a: Genesect 2
|-supereffective|p1a: Genesect 2
|-damage|p1a: Genesect 2|0 fnt
|faint|p1a: Genesect 2
|-end|p1a: Genesect 2|Quark Drive|[silent]
|
|upkeep
|
|t:|1779846749
|switch|p1a: Sentinel|Golurk, shiny, tera:Dragon|48/100
|turn|7
|
|t:|1779846753
|move|p1a: Sentinel|Drain Punch|p2a: Crabominable
|-supereffective|p2a: Crabominable
|-damage|p2a: Crabominable|0 fnt
|-heal|p1a: Sentinel|48/100|[from] drain|[of] p2a: Crabominable
|faint|p2a: Crabominable
|
|upkeep
|c|☆TeamPlasmaGrunt704|I like the shiny
|
|t:|1779846809
|switch|p2a: Zangoose|Zangoose, F|100/100
|turn|8
|
|t:|1779846813
|move|p2a: Zangoose|Double-Edge|p1a: Sentinel
|-damage|p1a: Sentinel|0 fnt
|faint|p1a: Sentinel
|-damage|p2a: Zangoose|80/100|[from] Recoil
|
|-status|p2a: Zangoose|tox|[from] item: Toxic Orb
|upkeep
|
|t:|1779846820
|switch|p1a: Scaley|Haxorus, M, shiny|100/100
|-ability|p1a: Scaley|Unnerve
|turn|9
|
|t:|1779846839
|move|p1a: Scaley|Outrage|p2a: Zangoose
|-damage|p2a: Zangoose|0 fnt
|faint|p2a: Zangoose
|-damage|p1a: Scaley|91/100|[from] item: Life Orb
|
|upkeep
|
|t:|1779846849
|switch|p2a: Golurk|Golurk|100/100
|turn|10
|
|t:|1779846855
|move|p1a: Scaley|Outrage|p2a: Golurk|[from] lockedmove
|-damage|p2a: Golurk|10/100
|-damage|p1a: Scaley|81/100|[from] item: Life Orb
|-start|p1a: Scaley|confusion|[fatigue]
|move|p2a: Golurk|Dynamic Punch|p1a: Scaley
|-damage|p1a: Scaley|34/100
|
|upkeep
|turn|11
|
|t:|1779846865
|-activate|p1a: Scaley|confusion
|-damage|p1a: Scaley|15/100|[from] confusion
|move|p2a: Golurk|Dynamic Punch|p1a: Scaley
|-damage|p1a: Scaley|0 fnt
|faint|p1a: Scaley
|
|upkeep
|
|t:|1779846870
|switch|p1a: Shiroyama|Kingambit, F|100/100
|-activate|p1a: Shiroyama|ability: Supreme Overlord
|-start|p1a: Shiroyama|fallen5|[silent]
|turn|12
|
|t:|1779846877
|move|p1a: Shiroyama|Sucker Punch|p2a: Golurk
|-supereffective|p2a: Golurk
|-damage|p2a: Golurk|0 fnt
|faint|p2a: Golurk
|
|upkeep
|
|t:|1779846884
|switch|p2a: Wyrdeer|Wyrdeer, M|100/100
|-ability|p2a: Wyrdeer|Intimidate|boost
|-unboost|p1a: Shiroyama|atk|1
|turn|13
|
|t:|1779846895
|move|p2a: Wyrdeer|Shadow Ball|p1a: Shiroyama
|-resisted|p1a: Shiroyama
|-damage|p1a: Shiroyama|88/100
|move|p1a: Shiroyama|X-Scissor|p2a: Wyrdeer
|-supereffective|p2a: Wyrdeer
|-damage|p2a: Wyrdeer|47/100
|
|upkeep
|turn|14
|
|t:|1779846906
|move|p1a: Shiroyama|Sucker Punch|p2a: Wyrdeer
|-supereffective|p2a: Wyrdeer
|-damage|p2a: Wyrdeer|0 fnt
|faint|p2a: Wyrdeer
|
|upkeep
|
|t:|1779846911
|switch|p2a: Blaziken|Blaziken, F|100/100
|turn|15
|c|☆TeamPlasmaGrunt704|Gg
|
|t:|1779846923
|move|p2a: Blaziken|Close Combat|p1a: Shiroyama
|-supereffective|p1a: Shiroyama
|-damage|p1a: Shiroyama|0 fnt
|-unboost|p2a: Blaziken|def|1
|-unboost|p2a: Blaziken|spd|1
|faint|p1a: Shiroyama
|-end|p1a: Shiroyama|fallen5|[silent]
|
|win|chopinthe3rd
|raw|TeamPlasmaGrunt704's rating: 1069 &rarr; <strong>1052</strong><br />(-17 for losing)
|raw|chopinthe3rd's rating: 1120 &rarr; <strong>1141</strong><br />(+21 for winning)
|l|☆TeamPlasmaGrunt704
|player|p1|
|c|☆chopinthe3rd|Gg
|l|☆chopinthe3rd
|player|p2|
