|j|☆greynolabar
|j|☆Thederpa1
|t:|1779903858
|gametype|singles
|player|p1|greynolabar|brock|1449
|player|p2|Thederpa1|swimmer-gen4dp|1523
|gen|9
|tier|[Gen 9] OU
|rated|
|rule|HP Percentage Mod: HP is shown in percentages
|rule|Endless Battle Clause: Forcing endless battles is banned
|rule|Species Clause: Limit one of each Pokémon
|rule|OHKO Clause: OHKO moves are banned
|rule|Evasion Items Clause: Evasion items are banned
|rule|Evasion Moves Clause: Evasion moves are banned
|rule|Evasion Abilities Clause: Evasion abilities are banned
|rule|Sleep Moves Clause: Sleep-inducing moves are banned
|clearpoke
|poke|p1|Skeledirge, M|
|poke|p1|Serperior, F|
|poke|p1|Ditto|
|poke|p1|Malamar, F|
|poke|p1|Azumarill, F|
|poke|p1|Corviknight, M|
|poke|p2|Tornadus-Therian, M|
|poke|p2|Tyranitar, M|
|poke|p2|Excadrill, F|
|poke|p2|Hydrapple, M|
|poke|p2|Heatran, F|
|poke|p2|Primarina, F|
|teampreview
|inactive|Battle timer is ON: inactive players will automatically lose when time's up. (requested by Thederpa1)
|
|t:|1779903874
|teamsize|p1|6
|teamsize|p2|6
|start
|switch|p1a: Corviknight|Corviknight, M|100/100
|switch|p2a: Tornadus|Tornadus-Therian, M|100/100
|turn|1
|
|t:|1779903879
|move|p2a: Tornadus|U-turn|p1a: Corviknight
|-resisted|p1a: Corviknight
|-damage|p1a: Corviknight|98/100
|-damage|p2a: Tornadus|84/100|[from] item: Rocky Helmet|[of] p1a: Corviknight
|
|t:|1779903882
|switch|p2a: Heatran|Heatran, F|100/100|[from] U-turn
|move|p1a: Corviknight|Nasty Plot|p1a: Corviknight
|-boost|p1a: Corviknight|spa|2
|
|upkeep
|turn|2
|
|t:|1779903899
|switch|p1a: Skeledirge|Skeledirge, M|100/100
|move|p2a: Heatran|Magma Storm|p1a: Skeledirge
|-resisted|p1a: Skeledirge
|-damage|p1a: Skeledirge|79/100
|-activate|p1a: Skeledirge|move: Magma Storm|[of] p2a: Heatran
|
|-heal|p1a: Skeledirge|85/100|[from] item: Leftovers
|-damage|p1a: Skeledirge|73/100|[from] move: Magma Storm|[partiallytrapped]
|upkeep
|turn|3
|
|t:|1779903924
|-terastallize|p1a: Skeledirge|Dragon
|move|p2a: Heatran|Earth Power|p1a: Skeledirge
|-damage|p1a: Skeledirge|47/100
|move|p1a: Skeledirge|Earth Power|p2a: Heatran
|-supereffective|p2a: Heatran
|-damage|p2a: Heatran|23/100
|
|-heal|p2a: Heatran|29/100|[from] item: Leftovers
|-heal|p1a: Skeledirge|53/100|[from] item: Leftovers
|-damage|p1a: Skeledirge|40/100|[from] move: Magma Storm|[partiallytrapped]
|upkeep
|turn|4
|
|t:|1779903934
|switch|p2a: Tyranitar|Tyranitar, M|100/100
|-weather|Sandstorm|[from] ability: Sand Stream|[of] p2a: Tyranitar
|move|p1a: Skeledirge|Slack Off|p1a: Skeledirge
|-heal|p1a: Skeledirge|90/100
|
|-weather|Sandstorm|[upkeep]
|-damage|p1a: Skeledirge|84/100|[from] Sandstorm
|-heal|p1a: Skeledirge|90/100|[from] item: Leftovers
|-end|p1a: Skeledirge|Magma Storm|[partiallytrapped]|[silent]
|upkeep
|turn|5
|inactive|greynolabar has 120 seconds left.
|
|t:|1779903959
|switch|p1a: Corviknight|Corviknight, M|98/100
|move|p2a: Tyranitar|Knock Off|p1a: Corviknight
|-damage|p1a: Corviknight|48/100
|-damage|p2a: Tyranitar|84/100|[from] item: Rocky Helmet|[of] p1a: Corviknight
|-enditem|p1a: Corviknight|Rocky Helmet|[from] move: Knock Off|[of] p2a: Tyranitar
|
|-weather|Sandstorm|[upkeep]
|-heal|p2a: Tyranitar|90/100|[from] item: Leftovers
|upkeep
|turn|6
|
|t:|1779903971
|move|p1a: Corviknight|Air Slash|p2a: Tyranitar
|-resisted|p2a: Tyranitar
|-crit|p2a: Tyranitar
|-damage|p2a: Tyranitar|83/100
|move|p2a: Tyranitar|Stealth Rock|p1a: Corviknight
|-sidestart|p1: greynolabar|move: Stealth Rock
|
|-weather|Sandstorm|[upkeep]
|-heal|p2a: Tyranitar|89/100|[from] item: Leftovers
|upkeep
|turn|7
|
|t:|1779903978
|move|p1a: Corviknight|Defog|p2a: Tyranitar
|-unboost|p2a: Tyranitar|evasion|1
|-sideend|p1: greynolabar|Stealth Rock|[from] move: Defog|[of] p1a: Corviknight
|move|p2a: Tyranitar|Low Kick|p1a: Corviknight
|-crit|p1a: Corviknight
|-damage|p1a: Corviknight|10/100
|
|-weather|Sandstorm|[upkeep]
|-heal|p2a: Tyranitar|95/100|[from] item: Leftovers
|upkeep
|turn|8
|inactive|greynolabar has 120 seconds left.
|
|t:|1779903995
|move|p1a: Corviknight|Air Slash|p2a: Tyranitar
|-resisted|p2a: Tyranitar
|-damage|p2a: Tyranitar|90/100
|move|p2a: Tyranitar|Stealth Rock|p1a: Corviknight
|-sidestart|p1: greynolabar|move: Stealth Rock
|
|-weather|none
|-heal|p2a: Tyranitar|96/100|[from] item: Leftovers
|upkeep
|turn|9
|
|t:|1779904003
|move|p1a: Corviknight|Defog|p2a: Tyranitar
|-unboost|p2a: Tyranitar|evasion|1
|-sideend|p1: greynolabar|Stealth Rock|[from] move: Defog|[of] p1a: Corviknight
|move|p2a: Tyranitar|Stealth Rock|p1a: Corviknight
|-sidestart|p1: greynolabar|move: Stealth Rock
|
|-heal|p2a: Tyranitar|100/100|[from] item: Leftovers
|upkeep
|turn|10
|inactive|greynolabar has 120 seconds left.
|
|t:|1779904019
|switch|p2a: Tornadus|Tornadus-Therian, M|100/100
|move|p1a: Corviknight|Defog|p2a: Tornadus
|-unboost|p2a: Tornadus|evasion|1
|-sideend|p1: greynolabar|Stealth Rock|[from] move: Defog|[of] p1a: Corviknight
|
|upkeep
|turn|11
|
|t:|1779904028
|move|p2a: Tornadus|Bleakwind Storm|p1a: Corviknight
|-resisted|p1a: Corviknight
|-damage|p1a: Corviknight|0 fnt
|faint|p1a: Corviknight
|
|upkeep
|inactive|greynolabar has 120 seconds left.
|
|t:|1779904061
|switch|p1a: Serperior|Serperior, F|100/100
|turn|12
|
|t:|1779904072
|move|p2a: Tornadus|U-turn|p1a: Serperior
|-supereffective|p1a: Serperior
|-damage|p1a: Serperior|68/100
|
|t:|1779904082
|switch|p2a: Heatran|Heatran, F|29/100|[from] U-turn
|move|p1a: Serperior|Glare|p2a: Heatran
|-status|p2a: Heatran|par
|
|-heal|p2a: Heatran|35/100 par|[from] item: Leftovers
|upkeep
|turn|13
|
|t:|1779904102
|switch|p1a: Skeledirge|Skeledirge, M, tera:Dragon|90/100
|move|p2a: Heatran|Magma Storm|p1a: Skeledirge|[miss]
|-miss|p2a: Heatran|p1a: Skeledirge
|
|-heal|p1a: Skeledirge|97/100|[from] item: Leftovers
|-heal|p2a: Heatran|41/100 par|[from] item: Leftovers
|upkeep
|turn|14
|
|t:|1779904116
|move|p1a: Skeledirge|Shadow Ball|p2a: Heatran
|-damage|p2a: Heatran|15/100 par
|move|p2a: Heatran|Will-O-Wisp|p1a: Skeledirge
|-status|p1a: Skeledirge|brn
|
|-heal|p1a: Skeledirge|100/100 brn|[from] item: Leftovers
|-heal|p2a: Heatran|21/100 par|[from] item: Leftovers
|-damage|p1a: Skeledirge|94/100 brn|[from] brn
|upkeep
|turn|15
|
|t:|1779904128
|switch|p2a: Tyranitar|Tyranitar, M|100/100
|-weather|Sandstorm|[from] ability: Sand Stream|[of] p2a: Tyranitar
|move|p1a: Skeledirge|Earth Power|p2a: Tyranitar
|-supereffective|p2a: Tyranitar
|-damage|p2a: Tyranitar|67/100
|
|-weather|Sandstorm|[upkeep]
|-damage|p1a: Skeledirge|88/100 brn|[from] Sandstorm
|-heal|p1a: Skeledirge|94/100 brn|[from] item: Leftovers
|-heal|p2a: Tyranitar|74/100|[from] item: Leftovers
|-damage|p1a: Skeledirge|88/100 brn|[from] brn
|upkeep
|turn|16
|inactive|greynolabar has 90 seconds left.
|
|t:|1779904153
|move|p1a: Skeledirge|Torch Song|p2a: Tyranitar
|-resisted|p2a: Tyranitar
|-damage|p2a: Tyranitar|62/100
|-boost|p1a: Skeledirge|spa|1
|move|p2a: Tyranitar|Stealth Rock|p1a: Skeledirge
|-sidestart|p1: greynolabar|move: Stealth Rock
|
|-weather|Sandstorm|[upkeep]
|-damage|p1a: Skeledirge|82/100 brn|[from] Sandstorm
|-heal|p1a: Skeledirge|88/100 brn|[from] item: Leftovers
|-heal|p2a: Tyranitar|69/100|[from] item: Leftovers
|-damage|p1a: Skeledirge|82/100 brn|[from] brn
|upkeep
|turn|17
|inactive|greynolabar has 90 seconds left.
|
|t:|1779904164
|move|p1a: Skeledirge|Torch Song|p2a: Tyranitar
|-resisted|p2a: Tyranitar
|-damage|p2a: Tyranitar|54/100
|-boost|p1a: Skeledirge|spa|1
|move|p2a: Tyranitar|Knock Off|p1a: Skeledirge
|-damage|p1a: Skeledirge|40/100 brn
|-enditem|p1a: Skeledirge|Leftovers|[from] move: Knock Off|[of] p2a: Tyranitar
|
|-weather|Sandstorm|[upkeep]
|-damage|p1a: Skeledirge|34/100 brn|[from] Sandstorm
|-heal|p2a: Tyranitar|60/100|[from] item: Leftovers
|-damage|p1a: Skeledirge|27/100 brn|[from] brn
|upkeep
|turn|18
|inactive|greynolabar has 90 seconds left.
|
|t:|1779904178
|move|p1a: Skeledirge|Slack Off|p1a: Skeledirge
|-heal|p1a: Skeledirge|77/100 brn
|move|p2a: Tyranitar|Ice Beam|p1a: Skeledirge
|-supereffective|p1a: Skeledirge
|-damage|p1a: Skeledirge|36/100 brn
|
|-weather|Sandstorm|[upkeep]
|-damage|p1a: Skeledirge|30/100 brn|[from] Sandstorm
|-heal|p2a: Tyranitar|66/100|[from] item: Leftovers
|-damage|p1a: Skeledirge|24/100 brn|[from] brn
|upkeep
|turn|19
|inactive|greynolabar has 90 seconds left.
|
|t:|1779904189
|move|p1a: Skeledirge|Earth Power|p2a: Tyranitar
|-supereffective|p2a: Tyranitar
|-damage|p2a: Tyranitar|0 fnt
|faint|p2a: Tyranitar
|
|-weather|none
|-damage|p1a: Skeledirge|18/100 brn|[from] brn
|upkeep
|
|t:|1779904192
|switch|p2a: Excadrill|Excadrill, F|100/100
|-item|p2a: Excadrill|Air Balloon
|turn|20
|
|t:|1779904202
|move|p2a: Excadrill|Iron Head|p1a: Skeledirge
|-damage|p1a: Skeledirge|0 fnt
|faint|p1a: Skeledirge
|
|upkeep
|
|t:|1779904216
|switch|p1a: Serperior|Serperior, F|68/100
|-damage|p1a: Serperior|56/100|[from] Stealth Rock
|turn|21
|
|t:|1779904221
|move|p1a: Serperior|Reflect|p1a: Serperior
|-sidestart|p1: greynolabar|Reflect
|move|p2a: Excadrill|Rapid Spin|p1a: Serperior
|-damage|p1a: Serperior|45/100
|-boost|p2a: Excadrill|spe|1
|
|upkeep
|turn|22
|
|t:|1779904233
|switch|p2a: Heatran|Heatran, F|21/100 par
|move|p1a: Serperior|Glare|p2a: Heatran
|-fail|p2a: Heatran|par
|
|-heal|p2a: Heatran|27/100 par|[from] item: Leftovers
|upkeep
|turn|23
|
|t:|1779904240
|move|p1a: Serperior|Light Screen|p1a: Serperior
|-sidestart|p1: greynolabar|move: Light Screen
|cant|p2a: Heatran|par
|
|-heal|p2a: Heatran|33/100 par|[from] item: Leftovers
|upkeep
|turn|24
|
|t:|1779904264
|switch|p1a: Ursula|Malamar, F|100/100
|-damage|p1a: Ursula|88/100|[from] Stealth Rock
|move|p2a: Heatran|Will-O-Wisp|p1a: Ursula
|-status|p1a: Ursula|brn
|
|-heal|p1a: Ursula|94/100 brn|[from] item: Leftovers
|-heal|p2a: Heatran|40/100 par|[from] item: Leftovers
|-damage|p1a: Ursula|88/100 brn|[from] brn
|upkeep
|turn|25
|
|t:|1779904275
|switch|p2a: Tornadus|Tornadus-Therian, M|100/100
|move|p1a: Ursula|Superpower|p2a: Tornadus
|-resisted|p2a: Tornadus
|-damage|p2a: Tornadus|92/100
|-boost|p1a: Ursula|atk|1
|-boost|p1a: Ursula|def|1
|
|-heal|p1a: Ursula|94/100 brn|[from] item: Leftovers
|-damage|p1a: Ursula|88/100 brn|[from] brn
|upkeep
|turn|26
|inactive|greynolabar has 90 seconds left.
|
|t:|1779904307
|move|p2a: Tornadus|U-turn|p1a: Ursula
|-supereffective|p1a: Ursula
|-damage|p1a: Ursula|69/100 brn
|
|t:|1779904312
|switch|p2a: Hydrapple|Hydrapple, M|100/100|[from] U-turn
|move|p1a: Ursula|Knock Off|p2a: Hydrapple
|-damage|p2a: Hydrapple|87/100
|-damage|p1a: Ursula|52/100 brn|[from] item: Rocky Helmet|[of] p2a: Hydrapple
|-enditem|p2a: Hydrapple|Rocky Helmet|[from] move: Knock Off|[of] p1a: Ursula
|
|-heal|p1a: Ursula|58/100 brn|[from] item: Leftovers
|-damage|p1a: Ursula|52/100 brn|[from] brn
|upkeep
|turn|27
|inactive|greynolabar has 90 seconds left.
|
|t:|1779904330
|switch|p1a: Serperior|Serperior, F|45/100
|-damage|p1a: Serperior|32/100|[from] Stealth Rock
|move|p2a: Hydrapple|Nasty Plot|p2a: Hydrapple
|-boost|p2a: Hydrapple|spa|2
|
|upkeep
|turn|28
|
|t:|1779904337
|move|p1a: Serperior|Glare|p2a: Hydrapple
|-status|p2a: Hydrapple|par
|move|p2a: Hydrapple|Fickle Beam|p1a: Serperior
|-damage|p1a: Serperior|0 fnt
|faint|p1a: Serperior
|
|-sideend|p1: greynolabar|Reflect
|upkeep
|
|t:|1779904346
|switch|p1a: Ditto|Ditto|100/100
|-damage|p1a: Ditto|88/100|[from] Stealth Rock
|-transform|p1a: Ditto|p2a: Hydrapple|[from] ability: Imposter
|turn|29
|inactive|greynolabar has 90 seconds left.
|
|t:|1779904356
|switch|p2a: Heatran|Heatran, F|40/100 par
|move|p1a: Ditto|Fickle Beam|p2a: Heatran
|-resisted|p2a: Heatran
|-damage|p2a: Heatran|17/100 par
|
|-heal|p2a: Heatran|24/100 par|[from] item: Leftovers
|upkeep
|turn|30
|inactive|greynolabar has 90 seconds left.
|
|t:|1779904372
|switch|p1a: Azumarill|Azumarill, F|100/100
|-damage|p1a: Azumarill|88/100|[from] Stealth Rock
|move|p2a: Heatran|Magma Storm|p1a: Azumarill
|-resisted|p1a: Azumarill
|-damage|p1a: Azumarill|77/100
|-activate|p1a: Azumarill|move: Magma Storm|[of] p2a: Heatran
|
|-heal|p2a: Heatran|30/100 par|[from] item: Leftovers
|-damage|p1a: Azumarill|64/100|[from] move: Magma Storm|[partiallytrapped]
|-sideend|p1: greynolabar|move: Light Screen
|upkeep
|turn|31
|inactive|greynolabar has 90 seconds left.
|
|t:|1779904383
|move|p1a: Azumarill|Play Rough|p2a: Heatran
|-resisted|p2a: Heatran
|-damage|p2a: Heatran|18/100 par
|-status|p1a: Azumarill|brn|[from] ability: Flame Body|[of] p2a: Heatran
|cant|p2a: Heatran|par
|
|-heal|p2a: Heatran|24/100 par|[from] item: Leftovers
|-damage|p1a: Azumarill|58/100 brn|[from] brn
|-damage|p1a: Azumarill|46/100 brn|[from] move: Magma Storm|[partiallytrapped]
|upkeep
|-enditem|p1a: Azumarill|Sitrus Berry|[eat]
|-heal|p1a: Azumarill|71/100 brn|[from] item: Sitrus Berry
|turn|32
|inactive|greynolabar has 90 seconds left.
|
|t:|1779904400
|switch|p2a: Primarina|Primarina, F|100/100
|move|p1a: Azumarill|Aqua Jet|p2a: Primarina
|-resisted|p2a: Primarina
|-damage|p2a: Primarina|93/100
|
|-heal|p2a: Primarina|99/100|[from] item: Leftovers
|-damage|p1a: Azumarill|65/100 brn|[from] brn
|-end|p1a: Azumarill|Magma Storm|[partiallytrapped]|[silent]
|upkeep
|turn|33
|inactive|greynolabar has 60 seconds left.
|
|t:|1779904436
|switch|p1a: Ditto|Ditto|100/100
|-damage|p1a: Ditto|88/100|[from] Stealth Rock
|-transform|p1a: Ditto|p2a: Primarina|[from] ability: Imposter
|move|p2a: Primarina|Substitute|p2a: Primarina
|-start|p2a: Primarina|Substitute
|-damage|p2a: Primarina|74/100
|
|-heal|p2a: Primarina|80/100|[from] item: Leftovers
|upkeep
|turn|34
|inactive|greynolabar has 60 seconds left.
|
|t:|1779904471
|switch|p1a: Ursula|Malamar, F|52/100 brn
|-damage|p1a: Ursula|40/100 brn|[from] Stealth Rock
|move|p2a: Primarina|Draining Kiss|p1a: Ursula
|-supereffective|p1a: Ursula
|-damage|p1a: Ursula|0 fnt
|-heal|p2a: Primarina|100/100|[from] drain|[of] p1a: Ursula
|faint|p1a: Ursula
|
|upkeep
|inactive|greynolabar has 30 seconds left.
|
|t:|1779904483
|switch|p1a: Azumarill|Azumarill, F|65/100 brn
|-damage|p1a: Azumarill|52/100 brn|[from] Stealth Rock
|turn|35
|
|t:|1779904488
|move|p2a: Primarina|Draining Kiss|p1a: Azumarill
|-damage|p1a: Azumarill|25/100 brn
|move|p1a: Azumarill|Belly Drum||[still]
|-fail|p1a: Azumarill
|
|-damage|p1a: Azumarill|18/100 brn|[from] brn
|upkeep
|turn|36
|
|t:|1779904505
|move|p2a: Primarina|Draining Kiss|p1a: Azumarill
|-damage|p1a: Azumarill|0 fnt
|faint|p1a: Azumarill
|
|upkeep
|c|☆greynolabar|desperation
|
|t:|1779904509
|switch|p1a: Ditto|Ditto|88/100
|-damage|p1a: Ditto|76/100|[from] Stealth Rock
|turn|37
|
|t:|1779904516
|move|p1a: Ditto|Transform||[still]
|-fail|p1a: Ditto
|move|p2a: Primarina|Psychic Noise|p1a: Ditto
|-crit|p1a: Ditto
|-damage|p1a: Ditto|0 fnt
|faint|p1a: Ditto
|
|win|Thederpa1
|raw|greynolabar's rating: 1449 &rarr; <strong>1433</strong><br />(-16 for losing)
|raw|Thederpa1's rating: 1523 &rarr; <strong>1539</strong><br />(+16 for winning)
|c|☆greynolabar|gg
|l|☆greynolabar
|player|p1|
|c|☆Thederpa1|Gg cool team
|l|☆Thederpa1
|player|p2|
