|j|☆Zovafire
|j|☆roddyj
|t:|1779812693
|gametype|singles
|player|p1|Zovafire|mina-masters|1559
|player|p2|roddyj|ethan|1547
|gen|9
|tier|[Gen 9] OU
|rated|
|rule|HP Percentage Mod: HP is shown in percentages
|rule|Endless Battle Clause: Forcing endless battles is banned
|rule|Species Clause: Limit one of each Pokémon
|rule|OHKO Clause: OHKO moves are banned
|rule|Evasion Items Clause: Evasion items are banned
|rule|Evasion Moves Clause: Evasion moves are banned
|rule|Evasion Abilities Clause: Evasion abilities are banned
|rule|Sleep Moves Clause: Sleep-inducing moves are banned
|clearpoke
|poke|p1|Tornadus-Therian, M|
|poke|p1|Great Tusk|
|poke|p1|Kingambit, F|
|poke|p1|Pecharunt|
|poke|p1|Latios, M|
|poke|p1|Iron Valiant|
|poke|p2|Mamoswine, M|
|poke|p2|Kingambit, M|
|poke|p2|Serperior, M|
|poke|p2|Gyarados, F|
|poke|p2|Weezing-Galar, M|
|poke|p2|Milotic, F|
|teampreview
|inactive|Battle timer is ON: inactive players will automatically lose when time's up. (requested by Zovafire)
|
|t:|1779812708
|teamsize|p1|6
|teamsize|p2|6
|start
|switch|p1a: Tornadus|Tornadus-Therian, M|100/100
|switch|p2a: Mamoswine|Mamoswine, M, shiny|100/100
|turn|1
|
|t:|1779812719
|move|p1a: Tornadus|Focus Blast|p2a: Mamoswine
|-supereffective|p2a: Mamoswine
|-damage|p2a: Mamoswine|17/100
|move|p2a: Mamoswine|Stealth Rock|p1a: Tornadus
|-sidestart|p1: Zovafire|move: Stealth Rock
|
|upkeep
|turn|2
|
|t:|1779812729
|move|p1a: Tornadus|Knock Off|p2a: Mamoswine
|-damage|p2a: Mamoswine|0 fnt
|-enditem|p2a: Mamoswine|Focus Sash|[from] move: Knock Off|[of] p1a: Tornadus
|faint|p2a: Mamoswine
|
|upkeep
|
|t:|1779812736
|switch|p2a: Milotic|Milotic, F, shiny|100/100
|turn|3
|
|t:|1779812739
|move|p1a: Tornadus|Knock Off|p2a: Milotic
|-damage|p2a: Milotic|80/100
|-enditem|p2a: Milotic|Assault Vest|[from] move: Knock Off|[of] p1a: Tornadus
|move|p2a: Milotic|Ice Beam|p1a: Tornadus
|-supereffective|p1a: Tornadus
|-damage|p1a: Tornadus|59/100
|
|upkeep
|turn|4
|
|t:|1779812744
|move|p1a: Tornadus|U-turn|p2a: Milotic
|-damage|p2a: Milotic|66/100
|
|t:|1779812745
|switch|p1a: Kingambit|Kingambit, F|100/100|[from] U-turn
|-damage|p1a: Kingambit|94/100|[from] Stealth Rock
|move|p2a: Milotic|Surf|p1a: Kingambit
|-damage|p1a: Kingambit|51/100
|
|-heal|p1a: Kingambit|57/100|[from] item: Leftovers
|upkeep
|turn|5
|
|t:|1779812748
|move|p2a: Milotic|Surf|p1a: Kingambit
|-damage|p1a: Kingambit|18/100
|move|p1a: Kingambit|Kowtow Cleave|p2a: Milotic
|-damage|p2a: Milotic|15/100
|
|-heal|p1a: Kingambit|24/100|[from] item: Leftovers
|upkeep
|turn|6
|
|t:|1779812753
|switch|p2a: Kingambit|Kingambit, M, shiny|100/100
|-activate|p2a: Kingambit|ability: Supreme Overlord
|-start|p2a: Kingambit|fallen1|[silent]
|move|p1a: Kingambit|Sucker Punch||[still]
|-fail|p1a: Kingambit
|
|-heal|p1a: Kingambit|30/100|[from] item: Leftovers
|upkeep
|turn|7
|
|t:|1779812756
|-end|p1a: Kingambit|fallenundefined|[silent]
|switch|p1a: Great Tusk|Great Tusk|100/100
|move|p2a: Kingambit|Iron Head|p1a: Great Tusk
|-damage|p1a: Great Tusk|67/100
|
|upkeep
|turn|8
|
|t:|1779812760
|-end|p2a: Kingambit|fallen1|[silent]
|switch|p2a: Weezing|Weezing-Galar, M, shiny|100/100
|move|p1a: Great Tusk|Rapid Spin|p2a: Weezing
|-damage|p2a: Weezing|90/100
|-boost|p1a: Great Tusk|spe|1
|-sideend|p1: Zovafire|Stealth Rock|[from] move: Rapid Spin|[of] p1a: Great Tusk
|
|-heal|p2a: Weezing|96/100|[from] item: Leftovers
|upkeep
|turn|9
|
|t:|1779812765
|-end|p1a: Great Tusk|Protosynthesis|[silent]
|switch|p1a: Tornadus|Tornadus-Therian, M|92/100
|move|p2a: Weezing|Will-O-Wisp|p1a: Tornadus
|-status|p1a: Tornadus|brn
|
|-heal|p2a: Weezing|100/100|[from] item: Leftovers
|-damage|p1a: Tornadus|85/100 brn|[from] brn
|upkeep
|turn|10
|
|t:|1779812767
|switch|p2a: Milotic|Milotic, F, shiny|15/100
|move|p1a: Tornadus|Knock Off|p2a: Milotic
|-damage|p2a: Milotic|8/100
|
|-damage|p1a: Tornadus|79/100 brn|[from] brn
|upkeep
|turn|11
|
|t:|1779812771
|move|p1a: Tornadus|Bleakwind Storm|p2a: Milotic
|-damage|p2a: Milotic|0 fnt
|faint|p2a: Milotic
|
|-damage|p1a: Tornadus|73/100 brn|[from] brn
|upkeep
|
|t:|1779812781
|switch|p2a: Serperior|Serperior, M, shiny|100/100
|turn|12
|
|t:|1779812785
|move|p1a: Tornadus|Bleakwind Storm|p2a: Serperior
|-supereffective|p2a: Serperior
|-damage|p2a: Serperior|29/100
|-boost|p2a: Serperior|spe|1
|move|p2a: Serperior|Leech Seed|p1a: Tornadus
|-start|p1a: Tornadus|move: Leech Seed
|
|-heal|p2a: Serperior|35/100|[from] item: Leftovers
|-damage|p1a: Tornadus|61/100 brn|[from] Leech Seed|[of] p2a: Serperior
|-heal|p2a: Serperior|47/100|[silent]
|-damage|p1a: Tornadus|54/100 brn|[from] brn
|upkeep
|turn|13
|
|t:|1779812796
|switch|p2a: Kingambit|Kingambit, M, shiny|100/100
|-activate|p2a: Kingambit|ability: Supreme Overlord
|-start|p2a: Kingambit|fallen2|[silent]
|move|p1a: Tornadus|U-turn|p2a: Kingambit
|-damage|p2a: Kingambit|95/100
|
|t:|1779812798
|switch|p1a: Great Tusk|Great Tusk|67/100|[from] U-turn
|
|upkeep
|turn|14
|
|t:|1779812801
|-end|p2a: Kingambit|fallen2|[silent]
|switch|p2a: Weezing|Weezing-Galar, M, shiny|100/100
|move|p1a: Great Tusk|Headlong Rush|p2a: Weezing
|-immune|p2a: Weezing|[from] ability: Levitate
|
|upkeep
|turn|15
|
|t:|1779812808
|-end|p1a: Great Tusk|Protosynthesis|[silent]
|switch|p1a: Tornadus|Tornadus-Therian, M|87/100 brn
|switch|p2a: Serperior|Serperior, M, shiny|47/100
|
|-heal|p2a: Serperior|53/100|[from] item: Leftovers
|-damage|p1a: Tornadus|81/100 brn|[from] brn
|upkeep
|turn|16
|
|t:|1779812811
|move|p1a: Tornadus|Bleakwind Storm|p2a: Serperior
|-supereffective|p2a: Serperior
|-damage|p2a: Serperior|0 fnt
|faint|p2a: Serperior
|
|-damage|p1a: Tornadus|75/100 brn|[from] brn
|upkeep
|
|t:|1779812813
|switch|p2a: Gyarados|Gyarados, F, shiny|100/100
|turn|17
|
|t:|1779812821
|move|p1a: Tornadus|Knock Off|p2a: Gyarados
|-damage|p2a: Gyarados|89/100
|-enditem|p2a: Gyarados|Leftovers|[from] move: Knock Off|[of] p1a: Tornadus
|move|p2a: Gyarados|Dragon Dance|p2a: Gyarados
|-boost|p2a: Gyarados|atk|1
|-boost|p2a: Gyarados|spe|1
|
|-damage|p1a: Tornadus|69/100 brn|[from] brn
|upkeep
|turn|18
|
|t:|1779812826
|move|p2a: Gyarados|Dragon Dance|p2a: Gyarados
|-boost|p2a: Gyarados|atk|1
|-boost|p2a: Gyarados|spe|1
|move|p1a: Tornadus|Bleakwind Storm|p2a: Gyarados
|-damage|p2a: Gyarados|50/100
|
|-damage|p1a: Tornadus|63/100 brn|[from] brn
|upkeep
|turn|19
|
|t:|1779812841
|move|p2a: Gyarados|Waterfall|p1a: Tornadus
|-damage|p1a: Tornadus|0 fnt
|faint|p1a: Tornadus
|-ability|p2a: Gyarados|Moxie|boost
|-boost|p2a: Gyarados|atk|1
|
|upkeep
|
|t:|1779812848
|switch|p1a: Pecharunt|Pecharunt|100/100
|-item|p1a: Pecharunt|Air Balloon
|turn|20
|
|t:|1779812853
|move|p2a: Gyarados|Waterfall|p1a: Pecharunt
|-damage|p1a: Pecharunt|40/100
|-enditem|p1a: Pecharunt|Air Balloon
|move|p1a: Pecharunt|Malignant Chain|p2a: Gyarados
|-damage|p2a: Gyarados|16/100
|
|upkeep
|turn|21
|
|t:|1779812865
|move|p2a: Gyarados|Earthquake|p1a: Pecharunt
|-supereffective|p1a: Pecharunt
|-damage|p1a: Pecharunt|0 fnt
|faint|p1a: Pecharunt
|-ability|p2a: Gyarados|Moxie|boost
|-boost|p2a: Gyarados|atk|1
|
|upkeep
|
|t:|1779812868
|switch|p1a: Kingambit|Kingambit, F|30/100
|-activate|p1a: Kingambit|ability: Supreme Overlord
|-start|p1a: Kingambit|fallen2|[silent]
|turn|22
|
|t:|1779812872
|move|p1a: Kingambit|Sucker Punch|p2a: Gyarados
|-damage|p2a: Gyarados|0 fnt
|faint|p2a: Gyarados
|
|-heal|p1a: Kingambit|36/100|[from] item: Leftovers
|upkeep
|
|t:|1779812874
|switch|p2a: Kingambit|Kingambit, M, shiny|95/100
|-activate|p2a: Kingambit|ability: Supreme Overlord
|-start|p2a: Kingambit|fallen4|[silent]
|turn|23
|
|t:|1779812877
|-end|p1a: Kingambit|fallen2|[silent]
|switch|p1a: Great Tusk|Great Tusk|67/100
|move|p2a: Kingambit|Low Kick|p1a: Great Tusk
|-damage|p1a: Great Tusk|22/100
|
|upkeep
|turn|24
|
|t:|1779812883
|move|p2a: Kingambit|Sucker Punch|p1a: Great Tusk
|-resisted|p1a: Great Tusk
|-damage|p1a: Great Tusk|0 fnt
|faint|p1a: Great Tusk
|-end|p1a: Great Tusk|Protosynthesis|[silent]
|
|upkeep
|
|t:|1779812890
|switch|p1a: Latios|Latios, M|100/100
|turn|25
|
|t:|1779812893
|-terastallize|p2a: Kingambit|Dark
|move|p1a: Latios|Trick|p2a: Kingambit
|-activate|p1a: Latios|move: Trick|[of] p2a: Kingambit
|-item|p2a: Kingambit|Choice Scarf|[from] move: Trick
|-item|p1a: Latios|Black Glasses|[from] move: Trick
|move|p2a: Kingambit|Kowtow Cleave|p1a: Latios
|-supereffective|p1a: Latios
|-damage|p1a: Latios|0 fnt
|faint|p1a: Latios
|
|upkeep
|
|t:|1779812897
|switch|p1a: Iron Valiant|Iron Valiant|100/100
|-enditem|p1a: Iron Valiant|Booster Energy
|-activate|p1a: Iron Valiant|ability: Quark Drive|[fromitem]
|-start|p1a: Iron Valiant|quarkdrivespe
|turn|26
|
|t:|1779812899
|-end|p2a: Kingambit|fallen4|[silent]
|switch|p2a: Weezing|Weezing-Galar, M, shiny|100/100
|move|p1a: Iron Valiant|Moonblast|p2a: Weezing
|-resisted|p2a: Weezing
|-damage|p2a: Weezing|70/100
|
|-heal|p2a: Weezing|76/100|[from] item: Leftovers
|upkeep
|turn|27
|
|t:|1779812903
|-end|p1a: Iron Valiant|Quark Drive|[silent]
|switch|p1a: Kingambit|Kingambit, F|36/100
|-activate|p1a: Kingambit|ability: Supreme Overlord
|-start|p1a: Kingambit|fallen4|[silent]
|move|p2a: Weezing|Strange Steam|p1a: Kingambit
|-damage|p1a: Kingambit|9/100
|
|-heal|p2a: Weezing|82/100|[from] item: Leftovers
|-heal|p1a: Kingambit|15/100|[from] item: Leftovers
|upkeep
|turn|28
|
|t:|1779812905
|-terastallize|p1a: Kingambit|Fire
|move|p2a: Weezing|Strange Steam|p1a: Kingambit
|-resisted|p1a: Kingambit
|-damage|p1a: Kingambit|2/100
|move|p1a: Kingambit|Iron Head|p2a: Weezing
|-supereffective|p2a: Weezing
|-damage|p2a: Weezing|1/100
|
|-heal|p2a: Weezing|7/100|[from] item: Leftovers
|-heal|p1a: Kingambit|8/100|[from] item: Leftovers
|upkeep
|turn|29
|
|t:|1779812911
|move|p1a: Kingambit|Sucker Punch|p2a: Weezing
|-resisted|p2a: Weezing
|-damage|p2a: Weezing|0 fnt
|faint|p2a: Weezing
|
|-heal|p1a: Kingambit|15/100|[from] item: Leftovers
|upkeep
|
|t:|1779812912
|switch|p2a: Kingambit|Kingambit, M, shiny, tera:Dark|95/100
|-activate|p2a: Kingambit|ability: Supreme Overlord
|-start|p2a: Kingambit|fallen5|[silent]
|turn|30
|
|t:|1779812917
|move|p1a: Kingambit|Sucker Punch|p2a: Kingambit
|-resisted|p2a: Kingambit
|-damage|p2a: Kingambit|71/100
|move|p2a: Kingambit|Iron Head|p1a: Kingambit
|-resisted|p1a: Kingambit
|-damage|p1a: Kingambit|0 fnt
|faint|p1a: Kingambit
|-end|p1a: Kingambit|fallen4|[silent]
|
|upkeep
|
|t:|1779812919
|switch|p1a: Iron Valiant|Iron Valiant|100/100
|turn|31
|
|t:|1779812921
|move|p1a: Iron Valiant|Moonblast|p2a: Kingambit
|-supereffective|p2a: Kingambit
|-damage|p2a: Kingambit|0 fnt
|faint|p2a: Kingambit
|-end|p2a: Kingambit|fallen5|[silent]
|
|win|Zovafire
|raw|Zovafire's rating: 1559 &rarr; <strong>1578</strong><br />(+19 for winning)
|raw|roddyj's rating: 1547 &rarr; <strong>1528</strong><br />(-19 for losing)
|l|☆roddyj
|player|p2|
