|j|☆erjtsers
|j|☆PlashShlate
|t:|1779921669
|gametype|singles
|player|p1|erjtsers|pokemonbreeder|1587
|player|p2|PlashShlate|2|1609
|gen|9
|tier|[Gen 9] OU
|rated|
|rule|HP Percentage Mod: HP is shown in percentages
|rule|Endless Battle Clause: Forcing endless battles is banned
|rule|Species Clause: Limit one of each Pokémon
|rule|OHKO Clause: OHKO moves are banned
|rule|Evasion Items Clause: Evasion items are banned
|rule|Evasion Moves Clause: Evasion moves are banned
|rule|Evasion Abilities Clause: Evasion abilities are banned
|rule|Sleep Moves Clause: Sleep-inducing moves are banned
|clearpoke
|poke|p1|Toxapex, F|
|poke|p1|Corviknight, M|
|poke|p1|Dondozo, M|
|poke|p1|Clefable, M|
|poke|p1|Gliscor, F|
|poke|p1|Clodsire, F|
|poke|p2|Landorus-Therian, M|
|poke|p2|Gholdengo|
|poke|p2|Rillaboom, M|
|poke|p2|Walking Wake|
|poke|p2|Volcanion|
|poke|p2|Zamazenta-*|
|teampreview
|inactive|Battle timer is ON: inactive players will automatically lose when time's up. (requested by PlashShlate)
|
|t:|1779921679
|teamsize|p1|6
|teamsize|p2|6
|start
|switch|p1a: Gliscor|Gliscor, F|100/100
|switch|p2a: Landorus|Landorus-Therian, M|100/100
|-ability|p2a: Landorus|Intimidate|boost
|-unboost|p1a: Gliscor|atk|1
|turn|1
|
|t:|1779921682
|move|p1a: Gliscor|Protect|p1a: Gliscor
|-singleturn|p1a: Gliscor|Protect
|move|p2a: Landorus|Taunt|p1a: Gliscor
|-activate|p1a: Gliscor|move: Protect
|
|-status|p1a: Gliscor|tox|[from] item: Toxic Orb
|upkeep
|turn|2
|
|t:|1779921688
|move|p2a: Landorus|Taunt|p1a: Gliscor
|-start|p1a: Gliscor|move: Taunt
|cant|p1a: Gliscor|move: Taunt|Toxic
|
|upkeep
|turn|3
|
|t:|1779921691
|move|p2a: Landorus|Stealth Rock|p1a: Gliscor
|-sidestart|p1: erjtsers|move: Stealth Rock
|move|p1a: Gliscor|Knock Off|p2a: Landorus
|-damage|p2a: Landorus|87/100
|-damage|p1a: Gliscor|84/100 tox|[from] item: Rocky Helmet|[of] p2a: Landorus
|-enditem|p2a: Landorus|Rocky Helmet|[from] move: Knock Off|[of] p1a: Gliscor
|
|-heal|p1a: Gliscor|97/100 tox|[from] ability: Poison Heal
|upkeep
|turn|4
|
|t:|1779921697
|switch|p2a: Volcanion|Volcanion|100/100
|move|p1a: Gliscor|Knock Off|p2a: Volcanion
|-damage|p2a: Volcanion|88/100
|-enditem|p2a: Volcanion|Shuca Berry|[from] move: Knock Off|[of] p1a: Gliscor
|
|-heal|p1a: Gliscor|100/100 tox|[from] ability: Poison Heal
|-end|p1a: Gliscor|move: Taunt
|upkeep
|turn|5
|
|t:|1779921707
|move|p1a: Gliscor|Protect|p1a: Gliscor
|-singleturn|p1a: Gliscor|Protect
|move|p2a: Volcanion|Steam Eruption|p1a: Gliscor
|-activate|p1a: Gliscor|move: Protect
|
|upkeep
|turn|6
|
|t:|1779921714
|switch|p1a: Toxapex|Toxapex, F|100/100
|-damage|p1a: Toxapex|88/100|[from] Stealth Rock
|move|p2a: Volcanion|Steam Eruption|p1a: Toxapex
|-resisted|p1a: Toxapex
|-damage|p1a: Toxapex|63/100
|
|-heal|p1a: Toxapex|70/100|[from] item: Leftovers
|upkeep
|turn|7
|
|t:|1779921717
|switch|p2a: Gholdengo|Gholdengo|100/100
|move|p1a: Toxapex|Baneful Bunker||[still]
|-fail|p1a: Toxapex
|
|-heal|p1a: Toxapex|76/100|[from] item: Leftovers
|upkeep
|turn|8
|
|t:|1779921720
|move|p2a: Gholdengo|Nasty Plot|p2a: Gholdengo
|-boost|p2a: Gholdengo|spa|2
|move|p1a: Toxapex|Infestation|p2a: Gholdengo
|-resisted|p2a: Gholdengo
|-damage|p2a: Gholdengo|99/100
|-activate|p2a: Gholdengo|move: Infestation|[of] p1a: Toxapex
|
|-heal|p1a: Toxapex|82/100|[from] item: Leftovers
|-damage|p2a: Gholdengo|88/100|[from] move: Infestation|[partiallytrapped]
|upkeep
|turn|9
|
|t:|1779921724
|move|p1a: Toxapex|Baneful Bunker|p1a: Toxapex
|-singleturn|p1a: Toxapex|move: Protect
|move|p2a: Gholdengo|Shadow Ball|p1a: Toxapex
|-activate|p1a: Toxapex|move: Protect
|
|-heal|p1a: Toxapex|88/100|[from] item: Leftovers
|-damage|p2a: Gholdengo|75/100|[from] move: Infestation|[partiallytrapped]
|upkeep
|turn|10
|
|t:|1779921729
|move|p2a: Gholdengo|Shadow Ball|p1a: Toxapex
|-damage|p1a: Toxapex|28/100
|move|p1a: Toxapex|Recover|p1a: Toxapex
|-heal|p1a: Toxapex|78/100
|
|-heal|p1a: Toxapex|84/100|[from] item: Leftovers
|-damage|p2a: Gholdengo|63/100|[from] move: Infestation|[partiallytrapped]
|upkeep
|turn|11
|
|t:|1779921733
|move|p1a: Toxapex|Baneful Bunker|p1a: Toxapex
|-singleturn|p1a: Toxapex|move: Protect
|move|p2a: Gholdengo|Recover|p2a: Gholdengo
|-heal|p2a: Gholdengo|100/100
|
|-heal|p1a: Toxapex|90/100|[from] item: Leftovers
|-damage|p2a: Gholdengo|88/100|[from] move: Infestation|[partiallytrapped]
|upkeep
|turn|12
|
|t:|1779921739
|switch|p1a: Clodsire|Clodsire, F|100/100
|move|p2a: Gholdengo|Nasty Plot|p2a: Gholdengo
|-boost|p2a: Gholdengo|spa|2
|
|-end|p2a: Gholdengo|Infestation|[partiallytrapped]
|upkeep
|turn|13
|
|t:|1779921745
|move|p2a: Gholdengo|Make It Rain|p1a: Clodsire
|-damage|p1a: Clodsire|69/100
|-unboost|p2a: Gholdengo|spa|1
|move|p1a: Clodsire|Poison Jab|p2a: Gholdengo
|-immune|p2a: Gholdengo
|
|upkeep
|turn|14
|
|t:|1779921748
|switch|p2a: Volcanion|Volcanion|88/100
|move|p1a: Clodsire|Earthquake|p2a: Volcanion
|-supereffective|p2a: Volcanion
|-damage|p2a: Volcanion|34/100
|
|upkeep
|turn|15
|
|t:|1779921755
|switch|p1a: Toxapex|Toxapex, F|100/100
|-damage|p1a: Toxapex|88/100|[from] Stealth Rock
|move|p2a: Volcanion|Will-O-Wisp|p1a: Toxapex|[miss]
|-miss|p2a: Volcanion|p1a: Toxapex
|
|-heal|p1a: Toxapex|94/100|[from] item: Leftovers
|upkeep
|turn|16
|
|t:|1779921758
|move|p2a: Volcanion|Will-O-Wisp|p1a: Toxapex
|-status|p1a: Toxapex|brn
|move|p1a: Toxapex|Infestation|p2a: Volcanion
|-resisted|p2a: Volcanion
|-damage|p2a: Volcanion|32/100
|-activate|p2a: Volcanion|move: Infestation|[of] p1a: Toxapex
|
|-heal|p1a: Toxapex|100/100 brn|[from] item: Leftovers
|-damage|p1a: Toxapex|94/100 brn|[from] brn
|-damage|p2a: Volcanion|20/100|[from] move: Infestation|[partiallytrapped]
|upkeep
|turn|17
|
|t:|1779921767
|move|p1a: Toxapex|Baneful Bunker|p1a: Toxapex
|-singleturn|p1a: Toxapex|move: Protect
|move|p2a: Volcanion|Flamethrower|p1a: Toxapex
|-activate|p1a: Toxapex|move: Protect
|
|-heal|p1a: Toxapex|100/100 brn|[from] item: Leftovers
|-damage|p1a: Toxapex|94/100 brn|[from] brn
|-damage|p2a: Volcanion|8/100|[from] move: Infestation|[partiallytrapped]
|upkeep
|turn|18
|
|t:|1779921771
|move|p2a: Volcanion|Flamethrower|p1a: Toxapex
|-resisted|p1a: Toxapex
|-damage|p1a: Toxapex|74/100 brn
|move|p1a: Toxapex|Poison Jab|p2a: Volcanion
|-damage|p2a: Volcanion|0 fnt
|faint|p2a: Volcanion
|
|-heal|p1a: Toxapex|80/100 brn|[from] item: Leftovers
|-damage|p1a: Toxapex|74/100 brn|[from] brn
|upkeep
|
|t:|1779921786
|switch|p2a: Gholdengo|Gholdengo|88/100
|turn|19
|
|t:|1779921791
|switch|p1a: Clodsire|Clodsire, F|69/100
|move|p2a: Gholdengo|Make It Rain|p1a: Clodsire
|-damage|p1a: Clodsire|38/100
|-unboost|p2a: Gholdengo|spa|1
|
|upkeep
|turn|20
|
|t:|1779921793
|move|p2a: Gholdengo|Make It Rain|p1a: Clodsire
|-damage|p1a: Clodsire|5/100
|-unboost|p2a: Gholdengo|spa|1
|move|p1a: Clodsire|Recover|p1a: Clodsire
|-heal|p1a: Clodsire|55/100
|
|upkeep
|turn|21
|
|t:|1779921798
|switch|p2a: Landorus|Landorus-Therian, M|87/100
|-ability|p2a: Landorus|Intimidate|boost
|-unboost|p1a: Clodsire|atk|1
|move|p1a: Clodsire|Recover|p1a: Clodsire
|-heal|p1a: Clodsire|100/100
|
|upkeep
|turn|22
|
|t:|1779921801
|switch|p1a: Clefable|Clefable, M|100/100
|move|p2a: Landorus|Taunt|p1a: Clefable
|-start|p1a: Clefable|move: Taunt
|
|upkeep
|turn|23
|
|t:|1779921804
|move|p2a: Landorus|Earth Power|p1a: Clefable
|-damage|p1a: Clefable|72/100
|move|p1a: Clefable|Knock Off|p2a: Landorus
|-damage|p2a: Landorus|78/100
|
|upkeep
|turn|24
|
|t:|1779921808
|move|p2a: Landorus|Earth Power|p1a: Clefable
|-damage|p1a: Clefable|42/100
|move|p1a: Clefable|Moonblast|p2a: Landorus
|-damage|p2a: Landorus|44/100
|-unboost|p2a: Landorus|spa|1
|
|-end|p1a: Clefable|move: Taunt
|upkeep
|turn|25
|
|t:|1779921816
|switch|p1a: Gliscor|Gliscor, F|100/100 tox
|-damage|p1a: Gliscor|88/100 tox|[from] Stealth Rock
|move|p2a: Landorus|Taunt|p1a: Gliscor
|-start|p1a: Gliscor|move: Taunt
|
|-heal|p1a: Gliscor|100/100 tox|[from] ability: Poison Heal
|upkeep
|turn|26
|
|t:|1779921821
|switch|p2a: Rillaboom|Rillaboom, M|100/100
|-fieldstart|move: Grassy Terrain|[from] ability: Grassy Surge|[of] p2a: Rillaboom
|move|p1a: Gliscor|Knock Off|p2a: Rillaboom
|-damage|p2a: Rillaboom|77/100
|-enditem|p2a: Rillaboom|Life Orb|[from] move: Knock Off|[of] p1a: Gliscor
|
|-heal|p2a: Rillaboom|83/100|[from] Grassy Terrain
|upkeep
|turn|27
|
|t:|1779921831
|switch|p1a: Clefable|Clefable, M|42/100
|move|p2a: Rillaboom|Swords Dance|p2a: Rillaboom
|-boost|p2a: Rillaboom|atk|2
|
|-heal|p2a: Rillaboom|89/100|[from] Grassy Terrain
|-heal|p1a: Clefable|48/100|[from] Grassy Terrain
|upkeep
|turn|28
|
|t:|1779921853
|move|p2a: Rillaboom|Grassy Glide|p1a: Clefable
|-damage|p1a: Clefable|0 fnt
|faint|p1a: Clefable
|
|-heal|p2a: Rillaboom|95/100|[from] Grassy Terrain
|-damage|p2a: Rillaboom|83/100|[from] item: Sticky Barb
|upkeep
|
|t:|1779921872
|switch|p1a: Dondozo|Dondozo, M|100/100
|-damage|p1a: Dondozo|88/100|[from] Stealth Rock
|turn|29
|
|t:|1779921883
|move|p2a: Rillaboom|Grassy Glide|p1a: Dondozo
|-supereffective|p1a: Dondozo
|-crit|p1a: Dondozo
|-damage|p1a: Dondozo|29/100
|move|p1a: Dondozo|Rest|p1a: Dondozo
|-status|p1a: Dondozo|slp|[from] move: Rest
|-heal|p1a: Dondozo|100/100 slp|[silent]
|
|-heal|p2a: Rillaboom|89/100|[from] Grassy Terrain
|-damage|p2a: Rillaboom|77/100|[from] item: Sticky Barb
|upkeep
|turn|30
|
|t:|1779921902
|switch|p2a: Landorus|Landorus-Therian, M|44/100
|-ability|p2a: Landorus|Intimidate|boost
|-unboost|p1a: Dondozo|atk|1
|-terastallize|p1a: Dondozo|Dragon
|cant|p1a: Dondozo|slp
|move|p1a: Dondozo|Sleep Talk|p1a: Dondozo
|move|p1a: Dondozo|Waterfall|p2a: Landorus|[from] move: Sleep Talk
|-supereffective|p2a: Landorus
|-damage|p2a: Landorus|10/100
|
|-fieldend|move: Grassy Terrain
|upkeep
|turn|31
|
|t:|1779921905
|move|p2a: Landorus|Taunt|p1a: Dondozo
|-start|p1a: Dondozo|move: Taunt
|cant|p1a: Dondozo|slp
|cant|p1a: Dondozo|move: Taunt|Sleep Talk
|
|upkeep
|turn|32
|
|t:|1779921908
|move|p2a: Landorus|Earth Power|p1a: Dondozo
|-crit|p1a: Dondozo
|-damage|p1a: Dondozo|52/100 slp
|-curestatus|p1a: Dondozo|slp|[msg]
|move|p1a: Dondozo|Waterfall|p2a: Landorus
|-supereffective|p2a: Landorus
|-damage|p2a: Landorus|0 fnt
|faint|p2a: Landorus
|
|-heal|p1a: Dondozo|58/100|[from] item: Leftovers
|upkeep
|
|t:|1779921910
|switch|p2a: Walking Wake|Walking Wake|100/100
|-enditem|p2a: Walking Wake|Booster Energy
|-activate|p2a: Walking Wake|ability: Protosynthesis|[fromitem]
|-start|p2a: Walking Wake|protosynthesisspa
|turn|33
|
|t:|1779921917
|switch|p1a: Toxapex|Toxapex, F|100/100 brn
|-damage|p1a: Toxapex|88/100 brn|[from] Stealth Rock
|move|p2a: Walking Wake|Dragon Pulse|p1a: Toxapex
|-damage|p1a: Toxapex|44/100 brn
|
|-heal|p1a: Toxapex|50/100 brn|[from] item: Leftovers
|-damage|p1a: Toxapex|44/100 brn|[from] brn
|upkeep
|turn|34
|
|t:|1779921919
|move|p1a: Toxapex|Baneful Bunker|p1a: Toxapex
|-singleturn|p1a: Toxapex|move: Protect
|move|p2a: Walking Wake|Dragon Pulse|p1a: Toxapex
|-activate|p1a: Toxapex|move: Protect
|
|-heal|p1a: Toxapex|50/100 brn|[from] item: Leftovers
|-damage|p1a: Toxapex|44/100 brn|[from] brn
|upkeep
|turn|35
|
|t:|1779921932
|switch|p1a: Corviknight|Corviknight, M|100/100
|-damage|p1a: Corviknight|88/100|[from] Stealth Rock
|-ability|p1a: Corviknight|Pressure
|move|p2a: Walking Wake|Dragon Pulse|p1a: Corviknight
|-resisted|p1a: Corviknight
|-damage|p1a: Corviknight|66/100
|
|-heal|p1a: Corviknight|72/100|[from] item: Leftovers
|upkeep
|turn|36
|
|t:|1779921934
|move|p1a: Corviknight|Protect|p1a: Corviknight
|-singleturn|p1a: Corviknight|Protect
|move|p2a: Walking Wake|Flamethrower|p1a: Corviknight
|-activate|p1a: Corviknight|move: Protect
|
|-heal|p1a: Corviknight|79/100|[from] item: Leftovers
|upkeep
|turn|37
|
|t:|1779921940
|move|p2a: Walking Wake|Dragon Pulse|p1a: Corviknight
|-resisted|p1a: Corviknight
|-damage|p1a: Corviknight|58/100
|move|p1a: Corviknight|Roost|p1a: Corviknight
|-heal|p1a: Corviknight|100/100
|-singleturn|p1a: Corviknight|move: Roost
|
|upkeep
|turn|38
|
|t:|1779921943
|move|p1a: Corviknight|Protect|p1a: Corviknight
|-singleturn|p1a: Corviknight|Protect
|move|p2a: Walking Wake|Flamethrower|p1a: Corviknight
|-activate|p1a: Corviknight|move: Protect
|
|upkeep
|turn|39
|
|t:|1779921950
|move|p2a: Walking Wake|Surf|p1a: Corviknight
|-damage|p1a: Corviknight|58/100
|move|p1a: Corviknight|Roost|p1a: Corviknight
|-heal|p1a: Corviknight|100/100
|-singleturn|p1a: Corviknight|move: Roost
|
|upkeep
|turn|40
|
|t:|1779921954
|move|p2a: Walking Wake|Agility|p2a: Walking Wake
|-boost|p2a: Walking Wake|spe|2
|move|p1a: Corviknight|Defog|p2a: Walking Wake
|-unboost|p2a: Walking Wake|evasion|1
|-sideend|p1: erjtsers|Stealth Rock|[from] move: Defog|[of] p1a: Corviknight
|
|upkeep
|turn|41
|
|t:|1779921958
|move|p1a: Corviknight|Protect|p1a: Corviknight
|-singleturn|p1a: Corviknight|Protect
|move|p2a: Walking Wake|Agility|p2a: Walking Wake
|-boost|p2a: Walking Wake|spe|2
|
|upkeep
|turn|42
|
|t:|1779921962
|move|p2a: Walking Wake|Flamethrower|p1a: Corviknight
|-supereffective|p1a: Corviknight
|-damage|p1a: Corviknight|44/100
|move|p1a: Corviknight|Brave Bird|p2a: Walking Wake
|-damage|p2a: Walking Wake|57/100
|-damage|p1a: Corviknight|32/100|[from] Recoil
|
|-heal|p1a: Corviknight|38/100|[from] item: Leftovers
|upkeep
|turn|43
|
|t:|1779921968
|move|p1a: Corviknight|Protect|p1a: Corviknight
|-singleturn|p1a: Corviknight|Protect
|move|p2a: Walking Wake|Surf|p1a: Corviknight
|-activate|p1a: Corviknight|move: Protect
|
|-heal|p1a: Corviknight|44/100|[from] item: Leftovers
|upkeep
|turn|44
|
|t:|1779921976
|switch|p1a: Toxapex|Toxapex, F|77/100 brn
|move|p2a: Walking Wake|Surf|p1a: Toxapex
|-resisted|p1a: Toxapex
|-damage|p1a: Toxapex|52/100 brn
|
|-heal|p1a: Toxapex|58/100 brn|[from] item: Leftovers
|-damage|p1a: Toxapex|52/100 brn|[from] brn
|upkeep
|turn|45
|
|t:|1779921979
|-end|p2a: Walking Wake|Protosynthesis|[silent]
|switch|p2a: Gholdengo|Gholdengo|88/100
|move|p1a: Toxapex|Baneful Bunker||[still]
|-fail|p1a: Toxapex
|
|-heal|p1a: Toxapex|58/100 brn|[from] item: Leftovers
|-damage|p1a: Toxapex|52/100 brn|[from] brn
|upkeep
|turn|46
|
|t:|1779921985
|switch|p2a: Rillaboom|Rillaboom, M|77/100
|-fieldstart|move: Grassy Terrain|[from] ability: Grassy Surge|[of] p2a: Rillaboom
|switch|p1a: Clodsire|Clodsire, F|100/100
|
|-heal|p2a: Rillaboom|83/100|[from] Grassy Terrain
|-damage|p2a: Rillaboom|70/100|[from] item: Sticky Barb
|upkeep
|turn|47
|
|t:|1779921993
|switch|p1a: Corviknight|Corviknight, M|44/100
|-ability|p1a: Corviknight|Pressure
|move|p2a: Rillaboom|High Horsepower|p1a: Corviknight
|-immune|p1a: Corviknight
|
|-heal|p2a: Rillaboom|77/100|[from] Grassy Terrain
|-heal|p1a: Corviknight|50/100|[from] item: Leftovers
|-damage|p2a: Rillaboom|64/100|[from] item: Sticky Barb
|upkeep
|turn|48
|
|t:|1779921996
|switch|p2a: Gholdengo|Gholdengo|88/100
|-enditem|p2a: Gholdengo|Grassy Seed
|-boost|p2a: Gholdengo|def|1|[from] item: Grassy Seed
|move|p1a: Corviknight|Roost|p1a: Corviknight
|-heal|p1a: Corviknight|100/100
|-singleturn|p1a: Corviknight|move: Roost
|
|-heal|p2a: Gholdengo|94/100|[from] Grassy Terrain
|upkeep
|turn|49
|
|t:|1779922002
|switch|p1a: Clodsire|Clodsire, F|100/100
|move|p2a: Gholdengo|Make It Rain|p1a: Clodsire
|-damage|p1a: Clodsire|67/100
|-unboost|p2a: Gholdengo|spa|1
|
|-heal|p2a: Gholdengo|99/100|[from] Grassy Terrain
|-heal|p1a: Clodsire|74/100|[from] Grassy Terrain
|upkeep
|turn|50
|
|t:|1779922005
|move|p2a: Gholdengo|Make It Rain|p1a: Clodsire
|-damage|p1a: Clodsire|39/100
|-unboost|p2a: Gholdengo|spa|1
|move|p1a: Clodsire|Earthquake|p2a: Gholdengo
|-supereffective|p2a: Gholdengo
|-crit|p2a: Gholdengo
|-damage|p2a: Gholdengo|60/100
|
|-heal|p2a: Gholdengo|67/100|[from] Grassy Terrain
|-heal|p1a: Clodsire|46/100|[from] Grassy Terrain
|-fieldend|move: Grassy Terrain
|upkeep
|turn|51
|
|t:|1779922010
|switch|p2a: Walking Wake|Walking Wake|57/100
|move|p1a: Clodsire|Recover|p1a: Clodsire
|-heal|p1a: Clodsire|96/100
|
|upkeep
|turn|52
|
|t:|1779922016
|switch|p1a: Corviknight|Corviknight, M|100/100
|-ability|p1a: Corviknight|Pressure
|move|p2a: Walking Wake|Dragon Pulse|p1a: Corviknight
|-resisted|p1a: Corviknight
|-damage|p1a: Corviknight|84/100
|
|-heal|p1a: Corviknight|90/100|[from] item: Leftovers
|upkeep
|turn|53
|
|t:|1779922019
|move|p2a: Walking Wake|Flamethrower|p1a: Corviknight
|-supereffective|p1a: Corviknight
|-damage|p1a: Corviknight|47/100
|move|p1a: Corviknight|Brave Bird|p2a: Walking Wake
|-damage|p2a: Walking Wake|16/100
|-damage|p1a: Corviknight|36/100|[from] Recoil
|
|-heal|p1a: Corviknight|42/100|[from] item: Leftovers
|upkeep
|turn|54
|
|t:|1779922030
|move|p2a: Walking Wake|Surf|p1a: Corviknight
|-damage|p1a: Corviknight|4/100
|move|p1a: Corviknight|Roost|p1a: Corviknight
|-heal|p1a: Corviknight|54/100
|-singleturn|p1a: Corviknight|move: Roost
|
|-heal|p1a: Corviknight|61/100|[from] item: Leftovers
|upkeep
|turn|55
|
|t:|1779922034
|-end|p2a: Walking Wake|Protosynthesis|[silent]
|switch|p2a: Gholdengo|Gholdengo|67/100
|move|p1a: Corviknight|Protect||[still]
|-fail|p1a: Corviknight
|
|-heal|p1a: Corviknight|67/100|[from] item: Leftovers
|upkeep
|turn|56
|
|t:|1779922043
|switch|p1a: Clodsire|Clodsire, F|96/100
|move|p2a: Gholdengo|Recover|p2a: Gholdengo
|-heal|p2a: Gholdengo|100/100
|
|upkeep
|turn|57
|
|t:|1779922046
|switch|p2a: Rillaboom|Rillaboom, M|64/100
|-fieldstart|move: Grassy Terrain|[from] ability: Grassy Surge|[of] p2a: Rillaboom
|move|p1a: Clodsire|Poison Jab|p2a: Rillaboom
|-supereffective|p2a: Rillaboom
|-damage|p2a: Rillaboom|21/100
|-status|p2a: Rillaboom|psn
|
|-heal|p2a: Rillaboom|27/100 psn|[from] Grassy Terrain
|-heal|p1a: Clodsire|100/100|[from] Grassy Terrain
|-damage|p2a: Rillaboom|15/100 psn|[from] psn
|-damage|p2a: Rillaboom|2/100 psn|[from] item: Sticky Barb
|upkeep
|turn|58
|
|t:|1779922052
|switch|p1a: Corviknight|Corviknight, M|67/100
|-ability|p1a: Corviknight|Pressure
|move|p2a: Rillaboom|Knock Off|p1a: Corviknight
|-damage|p1a: Corviknight|40/100
|-enditem|p1a: Corviknight|Leftovers|[from] move: Knock Off|[of] p2a: Rillaboom
|
|-heal|p2a: Rillaboom|9/100 psn|[from] Grassy Terrain
|-damage|p2a: Rillaboom|0 fnt|[from] psn
|faint|p2a: Rillaboom
|upkeep
|
|t:|1779922055
|switch|p2a: Walking Wake|Walking Wake|16/100
|turn|59
|
|t:|1779922063
|switch|p1a: Toxapex|Toxapex, F|85/100 brn
|move|p2a: Walking Wake|Flamethrower|p1a: Toxapex
|-resisted|p1a: Toxapex
|-damage|p1a: Toxapex|72/100 brn
|
|-heal|p2a: Walking Wake|22/100|[from] Grassy Terrain
|-heal|p1a: Toxapex|78/100 brn|[from] Grassy Terrain
|-heal|p1a: Toxapex|84/100 brn|[from] item: Leftovers
|-damage|p1a: Toxapex|78/100 brn|[from] brn
|upkeep
|turn|60
|
|t:|1779922066
|move|p2a: Walking Wake|Dragon Pulse|p1a: Toxapex
|-crit|p1a: Toxapex
|-damage|p1a: Toxapex|25/100 brn
|move|p1a: Toxapex|Infestation|p2a: Walking Wake
|-damage|p2a: Walking Wake|19/100
|-activate|p2a: Walking Wake|move: Infestation|[of] p1a: Toxapex
|
|-heal|p2a: Walking Wake|26/100|[from] Grassy Terrain
|-heal|p1a: Toxapex|31/100 brn|[from] Grassy Terrain
|-heal|p1a: Toxapex|37/100 brn|[from] item: Leftovers
|-damage|p1a: Toxapex|31/100 brn|[from] brn
|-damage|p2a: Walking Wake|13/100|[from] move: Infestation|[partiallytrapped]
|upkeep
|turn|61
|
|t:|1779922070
|move|p1a: Toxapex|Baneful Bunker|p1a: Toxapex
|-singleturn|p1a: Toxapex|move: Protect
|move|p2a: Walking Wake|Dragon Pulse|p1a: Toxapex
|-activate|p1a: Toxapex|move: Protect
|
|-heal|p2a: Walking Wake|19/100|[from] Grassy Terrain
|-heal|p1a: Toxapex|37/100 brn|[from] Grassy Terrain
|-heal|p1a: Toxapex|44/100 brn|[from] item: Leftovers
|-damage|p1a: Toxapex|37/100 brn|[from] brn
|-damage|p2a: Walking Wake|7/100|[from] move: Infestation|[partiallytrapped]
|-fieldend|move: Grassy Terrain
|upkeep
|turn|62
|
|t:|1779922079
|switch|p1a: Clodsire|Clodsire, F|100/100
|move|p2a: Walking Wake|Dragon Pulse|p1a: Clodsire
|-damage|p1a: Clodsire|77/100
|
|-end|p2a: Walking Wake|Infestation|[partiallytrapped]|[silent]
|upkeep
|turn|63
|
|t:|1779922087
|switch|p1a: Toxapex|Toxapex, F|71/100 brn
|move|p2a: Walking Wake|Dragon Pulse|p1a: Toxapex
|-damage|p1a: Toxapex|36/100 brn
|
|-heal|p1a: Toxapex|42/100 brn|[from] item: Leftovers
|-damage|p1a: Toxapex|36/100 brn|[from] brn
|upkeep
|turn|64
|
|t:|1779922094
|move|p2a: Walking Wake|Dragon Pulse|p1a: Toxapex
|-damage|p1a: Toxapex|3/100 brn
|move|p1a: Toxapex|Infestation|p2a: Walking Wake
|-damage|p2a: Walking Wake|4/100
|-activate|p2a: Walking Wake|move: Infestation|[of] p1a: Toxapex
|
|-heal|p1a: Toxapex|9/100 brn|[from] item: Leftovers
|-damage|p1a: Toxapex|3/100 brn|[from] brn
|-damage|p2a: Walking Wake|0 fnt|[from] move: Infestation|[partiallytrapped]
|faint|p2a: Walking Wake
|-end|p2a: Walking Wake|Protosynthesis|[silent]
|upkeep
|-message|PlashShlate forfeited.
|
|win|erjtsers
|raw|erjtsers's rating: 1587 &rarr; <strong>1608</strong><br />(+21 for winning)
|raw|PlashShlate's rating: 1609 &rarr; <strong>1588</strong><br />(-21 for losing)
|l|☆PlashShlate
|player|p2|
