|j|☆kefflonie
|j|☆chopinthe3rd
|t:|1779971274
|gametype|singles
|player|p1|kefflonie|policeman|1116
|player|p2|chopinthe3rd|marshal|1127
|gen|9
|tier|[Gen 9] OU
|rated|
|rule|HP Percentage Mod: HP is shown in percentages
|rule|Endless Battle Clause: Forcing endless battles is banned
|rule|Species Clause: Limit one of each Pokémon
|rule|OHKO Clause: OHKO moves are banned
|rule|Evasion Items Clause: Evasion items are banned
|rule|Evasion Moves Clause: Evasion moves are banned
|rule|Evasion Abilities Clause: Evasion abilities are banned
|rule|Sleep Moves Clause: Sleep-inducing moves are banned
|clearpoke
|poke|p1|Toucannon, M|
|poke|p1|Gliscor, F|
|poke|p1|Yanmega, M|
|poke|p1|Dewgong, M|
|poke|p1|Cloyster, M|
|poke|p1|Cryogonal|
|poke|p2|Falinks|
|poke|p2|Crawdaunt, M|
|poke|p2|Metagross|
|poke|p2|Ninetales-Alola, M|
|poke|p2|Infernape, M|
|poke|p2|Venusaur, F|
|teampreview
|
|t:|1779971284
|teamsize|p1|6
|teamsize|p2|6
|start
|switch|p1a: Toucannon|Toucannon, M|100/100
|switch|p2a: Ninetales|Ninetales-Alola, M|100/100
|-weather|Snowscape|[from] ability: Snow Warning|[of] p2a: Ninetales
|turn|1
|
|t:|1779971298
|move|p2a: Ninetales|Blizzard|p1a: Toucannon
|-supereffective|p1a: Toucannon
|-damage|p1a: Toucannon|0 fnt
|faint|p1a: Toucannon
|
|-weather|Snowscape|[upkeep]
|upkeep
|
|t:|1779971305
|switch|p1a: Cloyster|Cloyster, M|100/100
|turn|2
|
|t:|1779971314
|switch|p2a: Falinks|Falinks|100/100
|move|p1a: Cloyster|Shell Smash|p1a: Cloyster
|-unboost|p1a: Cloyster|def|1
|-unboost|p1a: Cloyster|spd|1
|-boost|p1a: Cloyster|atk|2
|-boost|p1a: Cloyster|spa|2
|-boost|p1a: Cloyster|spe|2
|-enditem|p1a: Cloyster|White Herb
|-clearnegativeboost|p1a: Cloyster|[silent]
|
|-weather|Snowscape|[upkeep]
|upkeep
|turn|3
|
|t:|1779971327
|move|p1a: Cloyster|Icicle Spear|p2a: Falinks
|-damage|p2a: Falinks|76/100
|-damage|p2a: Falinks|51/100
|-damage|p2a: Falinks|28/100
|-damage|p2a: Falinks|2/100
|-damage|p2a: Falinks|0 fnt
|faint|p2a: Falinks
|-hitcount|p2: Falinks|5
|
|-weather|Snowscape|[upkeep]
|upkeep
|
|t:|1779971338
|switch|p2a: Infernape|Infernape, M|100/100
|turn|4
|
|t:|1779971347
|move|p2a: Infernape|Mach Punch|p1a: Cloyster
|-supereffective|p1a: Cloyster
|-damage|p1a: Cloyster|77/100
|move|p1a: Cloyster|Waterfall|p2a: Infernape
|-supereffective|p2a: Infernape
|-damage|p2a: Infernape|0 fnt
|faint|p2a: Infernape
|
|-weather|Snowscape|[upkeep]
|upkeep
|
|t:|1779971357
|switch|p2a: Venusaur|Venusaur, F|100/100
|turn|5
|
|t:|1779971361
|move|p1a: Cloyster|Icicle Spear|p2a: Venusaur
|-supereffective|p2a: Venusaur
|-damage|p2a: Venusaur|37/100
|-supereffective|p2a: Venusaur
|-damage|p2a: Venusaur|0 fnt
|faint|p2a: Venusaur
|-hitcount|p2: Venusaur|2
|
|-weather|none
|upkeep
|
|t:|1779971369
|switch|p2a: Metagross|Metagross|100/100
|turn|6
|
|t:|1779971377
|move|p1a: Cloyster|Waterfall|p2a: Metagross
|-damage|p2a: Metagross|47/100
|move|p2a: Metagross|Psychic Fangs|p1a: Cloyster
|-damage|p1a: Cloyster|38/100
|
|upkeep
|turn|7
|
|t:|1779971384
|-terastallize|p2a: Metagross|Steel
|move|p2a: Metagross|Bullet Punch|p1a: Cloyster
|-crit|p1a: Cloyster
|-damage|p1a: Cloyster|0 fnt
|faint|p1a: Cloyster
|
|upkeep
|
|t:|1779971393
|switch|p1a: Gliscor|Gliscor, F|100/100
|turn|8
|
|t:|1779971400
|move|p1a: Gliscor|Earthquake|p2a: Metagross
|-supereffective|p2a: Metagross
|-damage|p2a: Metagross|0 fnt
|faint|p2a: Metagross
|
|-status|p1a: Gliscor|tox|[from] item: Toxic Orb
|upkeep
|
|t:|1779971407
|switch|p2a: Ninetales|Ninetales-Alola, M|100/100
|-weather|Snowscape|[from] ability: Snow Warning|[of] p2a: Ninetales
|turn|9
|
|t:|1779971422
|move|p2a: Ninetales|Blizzard|p1a: Gliscor
|-supereffective|p1a: Gliscor
|-damage|p1a: Gliscor|0 fnt
|faint|p1a: Gliscor
|
|-weather|Snowscape|[upkeep]
|upkeep
|
|t:|1779971430
|switch|p1a: Dewgong|Dewgong, M|100/100
|turn|10
|
|t:|1779971438
|switch|p2a: Crawdaunt|Crawdaunt, M|100/100
|move|p1a: Dewgong|Fake Out|p2a: Crawdaunt
|-damage|p2a: Crawdaunt|88/100
|
|-weather|Snowscape|[upkeep]
|upkeep
|turn|11
|
|t:|1779971447
|move|p1a: Dewgong|Perish Song|p1a: Dewgong
|-start|p1a: Dewgong|perish3|[silent]
|-start|p2a: Crawdaunt|perish3|[silent]
|-fieldactivate|move: Perish Song
|move|p2a: Crawdaunt|Knock Off|p1a: Dewgong
|-damage|p1a: Dewgong|42/100
|-damage|p2a: Crawdaunt|71/100|[from] item: Rocky Helmet|[of] p1a: Dewgong
|-enditem|p1a: Dewgong|Rocky Helmet|[from] move: Knock Off|[of] p2a: Crawdaunt
|
|-weather|Snowscape|[upkeep]
|-start|p1a: Dewgong|perish3
|-start|p2a: Crawdaunt|perish3
|upkeep
|turn|12
|
|t:|1779971461
|move|p1a: Dewgong|Flip Turn|p2a: Crawdaunt
|-resisted|p2a: Crawdaunt
|-damage|p2a: Crawdaunt|57/100
|
|t:|1779971466
|switch|p1a: Yanmega|Yanmega, M|100/100|[from] Flip Turn
|move|p2a: Crawdaunt|Lash Out|p1a: Yanmega
|-damage|p1a: Yanmega|21/100
|
|-weather|Snowscape|[upkeep]
|-start|p2a: Crawdaunt|perish2
|upkeep
|turn|13
|
|t:|1779971479
|move|p1a: Yanmega|Detect|p1a: Yanmega
|-singleturn|p1a: Yanmega|Protect
|move|p2a: Crawdaunt|Aqua Jet|p1a: Yanmega
|-activate|p1a: Yanmega|move: Protect
|
|-weather|none
|-start|p2a: Crawdaunt|perish1
|-ability|p1a: Yanmega|Speed Boost|boost
|-boost|p1a: Yanmega|spe|1
|upkeep
|turn|14
|
|t:|1779971492
|switch|p2a: Ninetales|Ninetales-Alola, M|100/100
|-weather|Snowscape|[from] ability: Snow Warning|[of] p2a: Ninetales
|move|p1a: Yanmega|Bug Buzz|p2a: Ninetales
|-resisted|p2a: Ninetales
|-damage|p2a: Ninetales|72/100
|-enditem|p1a: Yanmega|Throat Spray
|-boost|p1a: Yanmega|spa|1|[from] item: Throat Spray
|
|-weather|Snowscape|[upkeep]
|-ability|p1a: Yanmega|Speed Boost|boost
|-boost|p1a: Yanmega|spe|1
|upkeep
|turn|15
|
|t:|1779971505
|move|p1a: Yanmega|Air Slash|p2a: Ninetales
|-damage|p2a: Ninetales|3/100
|cant|p2a: Ninetales|flinch
|
|-weather|Snowscape|[upkeep]
|-ability|p1a: Yanmega|Speed Boost|boost
|-boost|p1a: Yanmega|spe|1
|upkeep
|turn|16
|
|t:|1779971513
|move|p1a: Yanmega|Giga Drain|p2a: Ninetales
|-damage|p2a: Ninetales|0 fnt
|-heal|p1a: Yanmega|23/100|[from] drain|[of] p2a: Ninetales
|faint|p2a: Ninetales
|
|-weather|Snowscape|[upkeep]
|-ability|p1a: Yanmega|Speed Boost|boost
|-boost|p1a: Yanmega|spe|1
|upkeep
|
|t:|1779971521
|switch|p2a: Crawdaunt|Crawdaunt, M|57/100
|turn|17
|
|t:|1779971525
|move|p2a: Crawdaunt|Aqua Jet|p1a: Yanmega
|-damage|p1a: Yanmega|0 fnt
|faint|p1a: Yanmega
|
|-weather|Snowscape|[upkeep]
|upkeep
|
|t:|1779971531
|switch|p1a: Dewgong|Dewgong, M|42/100
|turn|18
|
|t:|1779971537
|move|p1a: Dewgong|Fake Out|p2a: Crawdaunt
|-damage|p2a: Crawdaunt|45/100
|cant|p2a: Crawdaunt|flinch
|
|-weather|none
|upkeep
|turn|19
|
|t:|1779971544
|move|p1a: Dewgong|Perish Song|p1a: Dewgong
|-start|p1a: Dewgong|perish3|[silent]
|-start|p2a: Crawdaunt|perish3|[silent]
|-fieldactivate|move: Perish Song
|move|p2a: Crawdaunt|Lash Out|p1a: Dewgong
|-damage|p1a: Dewgong|0 fnt
|faint|p1a: Dewgong
|
|-start|p2a: Crawdaunt|perish3
|upkeep
|
|t:|1779971554
|switch|p1a: Cryogonal|Cryogonal|100/100
|turn|20
|
|t:|1779971559
|move|p1a: Cryogonal|Freeze-Dry|p2a: Crawdaunt
|-supereffective|p2a: Crawdaunt
|-damage|p2a: Crawdaunt|0 fnt
|faint|p2a: Crawdaunt
|
|win|kefflonie
|raw|kefflonie's rating: 1116 &rarr; <strong>1142</strong><br />(+26 for winning)
|raw|chopinthe3rd's rating: 1127 &rarr; <strong>1101</strong><br />(-26 for losing)
|c|☆chopinthe3rd|Gg
|l|☆kefflonie
|player|p1|
|l|☆chopinthe3rd
|player|p2|
