|j|☆habixia
|j|☆xxxduqi
|t:|1779855386
|gametype|singles
|player|p1|habixia|170|1469
|player|p2|xxxduqi|miku-flying|1503
|gen|9
|tier|[Gen 9] OU
|rated|
|rule|HP Percentage Mod: HP is shown in percentages
|rule|Endless Battle Clause: Forcing endless battles is banned
|rule|Species Clause: Limit one of each Pokémon
|rule|OHKO Clause: OHKO moves are banned
|rule|Evasion Items Clause: Evasion items are banned
|rule|Evasion Moves Clause: Evasion moves are banned
|rule|Evasion Abilities Clause: Evasion abilities are banned
|rule|Sleep Moves Clause: Sleep-inducing moves are banned
|clearpoke
|poke|p1|Pelipper, F|
|poke|p1|Ogerpon-Wellspring, F|
|poke|p1|Barraskewda, F|
|poke|p1|Revavroom, M|
|poke|p1|Iron Treads|
|poke|p1|Zapdos|
|poke|p2|Zapdos-Galar|
|poke|p2|Blissey, F|
|poke|p2|Darkrai|
|poke|p2|Gliscor, F|
|poke|p2|Skarmory, M|
|poke|p2|Pecharunt|
|teampreview
|inactive|Battle timer is ON: inactive players will automatically lose when time's up. (requested by xxxduqi)
|
|t:|1779855417
|teamsize|p1|6
|teamsize|p2|6
|start
|switch|p1a: Barraskewda|Barraskewda, F|100/100
|switch|p2a: Zapdos|Zapdos-Galar|100/100
|turn|1
|
|t:|1779855432
|switch|p1a: Pelipper|Pelipper, F|100/100
|-weather|RainDance|[from] ability: Drizzle|[of] p1a: Pelipper
|move|p2a: Zapdos|Knock Off|p1a: Pelipper
|-damage|p1a: Pelipper|62/100
|-enditem|p1a: Pelipper|Damp Rock|[from] move: Knock Off|[of] p2a: Zapdos
|
|-weather|RainDance|[upkeep]
|upkeep
|turn|2
|
|t:|1779855441
|switch|p2a: Gliscor|Gliscor, F|100/100
|move|p1a: Pelipper|U-turn|p2a: Gliscor
|-resisted|p2a: Gliscor
|-damage|p2a: Gliscor|97/100
|l|☆habixia
|inactive|habixia disconnected and has a minute to reconnect!
|player|p1|
|inactive|habixia has 30 seconds to reconnect!
|j|☆habixia
|inactive|habixia reconnected and has 115 seconds left.
|player|p1|habixia|170|
|
|t:|1779855498
|switch|p1a: Ogerpon|Ogerpon-Wellspring, F|100/100|[from] U-turn
|
|-weather|RainDance|[upkeep]
|-status|p2a: Gliscor|tox|[from] item: Toxic Orb
|upkeep
|turn|3
|
|t:|1779855507
|switch|p2a: Pecharunt|Pecharunt|100/100
|-item|p2a: Pecharunt|Air Balloon
|move|p1a: Ogerpon|Substitute|p1a: Ogerpon
|-start|p1a: Ogerpon|Substitute
|-damage|p1a: Ogerpon|76/100
|
|-weather|RainDance|[upkeep]
|upkeep
|turn|4
|
|t:|1779855523
|move|p1a: Ogerpon|Swords Dance|p1a: Ogerpon
|-boost|p1a: Ogerpon|atk|2
|move|p2a: Pecharunt|Malignant Chain|p1a: Ogerpon
|-supereffective|p1a: Ogerpon
|-end|p1a: Ogerpon|Substitute
|
|-weather|RainDance|[upkeep]
|upkeep
|turn|5
|
|t:|1779855526
|-terastallize|p1a: Ogerpon|Water
|detailschange|p1a: Ogerpon|Ogerpon-Wellspring-Tera, F, tera:Water
|-ability|p1a: Ogerpon|Embody Aspect (Wellspring)|boost
|-boost|p1a: Ogerpon|spd|1
|move|p1a: Ogerpon|Ivy Cudgel|p2a: Pecharunt|[anim] Ivy Cudgel Water
|-damage|p2a: Pecharunt|0 fnt
|-enditem|p2a: Pecharunt|Air Balloon
|faint|p2a: Pecharunt
|
|-weather|RainDance|[upkeep]
|upkeep
|
|t:|1779855534
|switch|p2a: Skarmory|Skarmory, M|100/100
|turn|6
|inactive|habixia has 120 seconds left.
|
|t:|1779855561
|-terastallize|p2a: Skarmory|Dragon
|move|p1a: Ogerpon|Ivy Cudgel|p2a: Skarmory|[anim] Ivy Cudgel Water
|-resisted|p2a: Skarmory
|-crit|p2a: Skarmory
|-ability|p2a: Skarmory|Sturdy
|-damage|p2a: Skarmory|1/100
|move|p2a: Skarmory|Whirlwind|p1a: Ogerpon
|drag|p1a: Pelipper|Pelipper, F|62/100
|
|-weather|RainDance|[upkeep]
|upkeep
|turn|7
|
|t:|1779855573
|move|p2a: Skarmory|Roost|p2a: Skarmory
|-heal|p2a: Skarmory|51/100
|move|p1a: Pelipper|U-turn|p2a: Skarmory
|-damage|p2a: Skarmory|46/100
|-damage|p1a: Pelipper|46/100|[from] item: Rocky Helmet|[of] p2a: Skarmory
|j| chillncurry
|
|t:|1779855594
|switch|p1a: Zapdos|Zapdos|100/100|[from] U-turn
|
|-weather|RainDance|[upkeep]
|upkeep
|turn|8
|
|t:|1779855599
|switch|p2a: Blissey|Blissey, F|100/100
|move|p1a: Zapdos|Hurricane|p2a: Blissey
|-damage|p2a: Blissey|85/100
|
|-weather|none
|upkeep
|turn|9
|inactive|habixia has 90 seconds left.
|
|t:|1779855635
|move|p1a: Zapdos|U-turn|p2a: Blissey
|-damage|p2a: Blissey|70/100
|inactive|habixia has 90 seconds left.
|
|t:|1779855663
|switch|p1a: Pelipper|Pelipper, F|46/100|[from] U-turn
|-weather|RainDance|[from] ability: Drizzle|[of] p1a: Pelipper
|move|p2a: Blissey|Thunder Wave|p1a: Pelipper
|-status|p1a: Pelipper|par
|
|-weather|RainDance|[upkeep]
|upkeep
|turn|10
|
|t:|1779855666
|move|p2a: Blissey|Stealth Rock|p1a: Pelipper
|-sidestart|p1: habixia|move: Stealth Rock
|move|p1a: Pelipper|U-turn|p2a: Blissey
|-damage|p2a: Blissey|62/100
|
|t:|1779855668
|switch|p1a: Barraskewda|Barraskewda, F|100/100|[from] U-turn
|-damage|p1a: Barraskewda|88/100|[from] Stealth Rock
|
|-weather|RainDance|[upkeep]
|upkeep
|turn|11
|
|t:|1779855682
|switch|p2a: Gliscor|Gliscor, F|97/100 tox
|move|p1a: Barraskewda|Liquidation|p2a: Gliscor
|-supereffective|p2a: Gliscor
|-damage|p2a: Gliscor|0 fnt
|faint|p2a: Gliscor
|
|-weather|RainDance|[upkeep]
|upkeep
|
|t:|1779855684
|switch|p2a: Skarmory|Skarmory, M, tera:Dragon|46/100
|turn|12
|
|t:|1779855688
|move|p1a: Barraskewda|Flip Turn|p2a: Skarmory
|-resisted|p2a: Skarmory
|-crit|p2a: Skarmory
|-damage|p2a: Skarmory|20/100
|-damage|p1a: Barraskewda|72/100|[from] item: Rocky Helmet|[of] p2a: Skarmory
|
|t:|1779855691
|switch|p1a: Zapdos|Zapdos|100/100|[from] Flip Turn
|move|p2a: Skarmory|Roost|p2a: Skarmory
|-heal|p2a: Skarmory|70/100
|
|-weather|RainDance|[upkeep]
|upkeep
|turn|13
|
|t:|1779855696
|move|p1a: Zapdos|Hurricane|p2a: Skarmory
|-damage|p2a: Skarmory|0 fnt
|faint|p2a: Skarmory
|
|-weather|none
|upkeep
|-message|xxxduqi forfeited.
|
|win|habixia
|raw|habixia's rating: 1469 &rarr; <strong>1491</strong><br />(+22 for winning)
|raw|xxxduqi's rating: 1503 &rarr; <strong>1481</strong><br />(-22 for losing)
|l|☆xxxduqi
|player|p2|
|l|☆habixia
|player|p1|
|l| chillncurry
