|j|☆StormIsNotOmega
|j|☆zu l8r feraligatr
|t:|1779871453
|gametype|singles
|player|p1|StormIsNotOmega|psychic-gen4|1426
|player|p2|zu l8r feraligatr|roughneck|1381
|gen|9
|tier|[Gen 9] OU
|rated|
|rule|HP Percentage Mod: HP is shown in percentages
|rule|Endless Battle Clause: Forcing endless battles is banned
|rule|Species Clause: Limit one of each Pokémon
|rule|OHKO Clause: OHKO moves are banned
|rule|Evasion Items Clause: Evasion items are banned
|rule|Evasion Moves Clause: Evasion moves are banned
|rule|Evasion Abilities Clause: Evasion abilities are banned
|rule|Sleep Moves Clause: Sleep-inducing moves are banned
|clearpoke
|poke|p1|Moltres|
|poke|p1|Clodsire, M|
|poke|p1|Gliscor, F|
|poke|p1|Hatterene, F|
|poke|p1|Dondozo, M|
|poke|p1|Weezing-Galar, M|
|poke|p2|Incineroar, M|
|poke|p2|Azelf|
|poke|p2|Okidogi, M|
|poke|p2|Garchomp, M|
|poke|p2|Chansey, F|
|poke|p2|Decidueye, F|
|teampreview
|inactive|Battle timer is ON: inactive players will automatically lose when time's up. (requested by zu l8r feraligatr)
|
|t:|1779871460
|teamsize|p1|6
|teamsize|p2|6
|start
|switch|p1a: Gliscor|Gliscor, F|100/100
|switch|p2a: Azelf|Azelf|100/100
|turn|1
|
|t:|1779871465
|move|p1a: Gliscor|Protect|p1a: Gliscor
|-singleturn|p1a: Gliscor|Protect
|move|p2a: Azelf|Calm Mind|p2a: Azelf
|-boost|p2a: Azelf|spa|1
|-boost|p2a: Azelf|spd|1
|
|-status|p1a: Gliscor|tox|[from] item: Toxic Orb
|upkeep
|turn|2
|
|t:|1779871472
|switch|p1a: Clodsire|Clodsire, M|100/100
|move|p2a: Azelf|Taunt|p1a: Clodsire
|-start|p1a: Clodsire|move: Taunt
|
|upkeep
|turn|3
|
|t:|1779871479
|switch|p1a: Hatterene|Hatterene, F|100/100
|move|p2a: Azelf|Calm Mind|p2a: Azelf
|-boost|p2a: Azelf|spa|1
|-boost|p2a: Azelf|spd|1
|
|upkeep
|turn|4
|
|t:|1779871486
|move|p2a: Azelf|Calm Mind|p2a: Azelf
|-boost|p2a: Azelf|spa|1
|-boost|p2a: Azelf|spd|1
|move|p1a: Hatterene|Nuzzle|p2a: Azelf
|-crit|p2a: Azelf
|-damage|p2a: Azelf|92/100
|-status|p2a: Azelf|par
|
|upkeep
|turn|5
|
|t:|1779871493
|cant|p2a: Azelf|par
|move|p1a: Hatterene|Calm Mind|p1a: Hatterene
|-boost|p1a: Hatterene|spa|1
|-boost|p1a: Hatterene|spd|1
|
|upkeep
|turn|6
|
|t:|1779871498
|move|p2a: Azelf|Calm Mind|p2a: Azelf
|-boost|p2a: Azelf|spa|1
|-boost|p2a: Azelf|spd|1
|move|p1a: Hatterene|Calm Mind|p1a: Hatterene
|-boost|p1a: Hatterene|spa|1
|-boost|p1a: Hatterene|spd|1
|
|upkeep
|turn|7
|
|t:|1779871504
|move|p2a: Azelf|Stored Power|p1a: Hatterene
|-resisted|p1a: Hatterene
|-damage|p1a: Hatterene|4/100
|-damage|p2a: Azelf|82/100 par|[from] item: Life Orb
|move|p1a: Hatterene|Calm Mind|p1a: Hatterene
|-boost|p1a: Hatterene|spa|1
|-boost|p1a: Hatterene|spd|1
|
|-heal|p1a: Hatterene|10/100|[from] item: Leftovers
|upkeep
|turn|8
|
|t:|1779871512
|move|p2a: Azelf|Stored Power|p1a: Hatterene
|-resisted|p1a: Hatterene
|-damage|p1a: Hatterene|0 fnt
|faint|p1a: Hatterene
|-damage|p2a: Azelf|72/100 par|[from] item: Life Orb
|
|upkeep
|
|t:|1779871518
|switch|p1a: Gliscor|Gliscor, F|100/100 tox
|turn|9
|
|t:|1779871522
|move|p1a: Gliscor|Knock Off|p2a: Azelf
|-supereffective|p2a: Azelf
|-damage|p2a: Azelf|0 fnt
|-enditem|p2a: Azelf|Life Orb|[from] move: Knock Off|[of] p1a: Gliscor
|faint|p2a: Azelf
|
|upkeep
|
|t:|1779871530
|switch|p2a: Incineroar|Incineroar, M|100/100
|-ability|p2a: Incineroar|Intimidate|boost
|-unboost|p1a: Gliscor|atk|1
|turn|10
|
|t:|1779871534
|-terastallize|p2a: Incineroar|Poison
|move|p2a: Incineroar|Bulk Up|p2a: Incineroar
|-boost|p2a: Incineroar|atk|1
|-boost|p2a: Incineroar|def|1
|move|p1a: Gliscor|Swords Dance|p1a: Gliscor
|-boost|p1a: Gliscor|atk|2
|
|upkeep
|turn|11
|
|t:|1779871541
|move|p2a: Incineroar|Flame Charge|p1a: Gliscor
|-damage|p1a: Gliscor|70/100 tox
|-boost|p2a: Incineroar|spe|1
|move|p1a: Gliscor|Knock Off|p2a: Incineroar
|-damage|p2a: Incineroar|78/100
|-enditem|p2a: Incineroar|Leftovers|[from] move: Knock Off|[of] p1a: Gliscor
|
|-heal|p1a: Gliscor|82/100 tox|[from] ability: Poison Heal
|upkeep
|turn|12
|
|t:|1779871550
|move|p1a: Gliscor|Protect|p1a: Gliscor
|-singleturn|p1a: Gliscor|Protect
|move|p2a: Incineroar|Bulk Up|p2a: Incineroar
|-boost|p2a: Incineroar|atk|1
|-boost|p2a: Incineroar|def|1
|
|-heal|p1a: Gliscor|95/100 tox|[from] ability: Poison Heal
|upkeep
|turn|13
|
|t:|1779871558
|switch|p1a: Moltres|Moltres|100/100
|move|p2a: Incineroar|Bulk Up|p2a: Incineroar
|-boost|p2a: Incineroar|atk|1
|-boost|p2a: Incineroar|def|1
|
|upkeep
|turn|14
|
|t:|1779871564
|move|p2a: Incineroar|Taunt|p1a: Moltres
|-start|p1a: Moltres|move: Taunt
|cant|p1a: Moltres|move: Taunt|Will-O-Wisp
|
|upkeep
|turn|15
|
|t:|1779871570
|move|p2a: Incineroar|Bulk Up|p2a: Incineroar
|-boost|p2a: Incineroar|atk|1
|-boost|p2a: Incineroar|def|1
|move|p1a: Moltres|Scorching Sands|p2a: Incineroar
|-supereffective|p2a: Incineroar
|-damage|p2a: Incineroar|36/100
|
|upkeep
|turn|16
|
|t:|1779871577
|switch|p1a: Dondozo|Dondozo, M|100/100
|move|p2a: Incineroar|Power Trip|p1a: Dondozo
|-damage|p1a: Dondozo|55/100
|
|-heal|p1a: Dondozo|61/100|[from] item: Leftovers
|upkeep
|turn|17
|
|t:|1779871584
|move|p2a: Incineroar|Taunt|p1a: Dondozo
|-start|p1a: Dondozo|move: Taunt
|move|p1a: Dondozo|Liquidation|p2a: Incineroar
|-damage|p2a: Incineroar|0 fnt
|faint|p2a: Incineroar
|
|-heal|p1a: Dondozo|67/100|[from] item: Leftovers
|upkeep
|
|t:|1779871589
|switch|p2a: Decidueye|Decidueye, F|100/100
|turn|18
|
|t:|1779871597
|switch|p1a: Moltres|Moltres|100/100
|move|p2a: Decidueye|Spirit Shackle|p1a: Moltres
|-damage|p1a: Moltres|58/100
|-activate|p1a: Moltres|trapped
|
|upkeep
|turn|19
|
|t:|1779871603
|move|p2a: Decidueye|Spirit Shackle|p1a: Moltres
|-damage|p1a: Moltres|16/100
|move|p1a: Moltres|Will-O-Wisp|p2a: Decidueye|[miss]
|-miss|p1a: Moltres|p2a: Decidueye
|
|upkeep
|turn|20
|-message|StormIsNotOmega forfeited.
|
|win|zu l8r feraligatr
|raw|StormIsNotOmega's rating: 1426 &rarr; <strong>1403</strong><br />(-23 for losing)
|raw|zu l8r feraligatr's rating: 1381 &rarr; <strong>1404</strong><br />(+23 for winning)
|l|☆StormIsNotOmega
|player|p1|
|l|☆zu l8r feraligatr
|player|p2|
