|j|☆TokinoZo
|j|☆Danzn
|t:|1779821465
|gametype|singles
|player|p1|TokinoZo|n|1460
|player|p2|Danzn|skier|1437
|gen|9
|tier|[Gen 9] OU
|rated|
|rule|HP Percentage Mod: HP is shown in percentages
|rule|Endless Battle Clause: Forcing endless battles is banned
|rule|Species Clause: Limit one of each Pokémon
|rule|OHKO Clause: OHKO moves are banned
|rule|Evasion Items Clause: Evasion items are banned
|rule|Evasion Moves Clause: Evasion moves are banned
|rule|Evasion Abilities Clause: Evasion abilities are banned
|rule|Sleep Moves Clause: Sleep-inducing moves are banned
|clearpoke
|poke|p1|Gliscor, F|
|poke|p1|Weezing-Galar, M|
|poke|p1|Alomomola, F|
|poke|p1|Dondozo, M|
|poke|p1|Blissey, F|
|poke|p1|Ting-Lu|
|poke|p2|Pelipper, M|
|poke|p2|Ludicolo, M|
|poke|p2|Iron Treads|
|poke|p2|Landorus-Therian, M|
|poke|p2|Barraskewda, F|
|poke|p2|Basculegion-F, F|
|teampreview
|inactive|Battle timer is ON: inactive players will automatically lose when time's up. (requested by Danzn)
|inactive|TokinoZo also wants the timer to be on.
|
|t:|1779821472
|teamsize|p1|6
|teamsize|p2|6
|start
|switch|p1a: Blissey|Blissey, F, shiny|100/100
|switch|p2a: Pelipper|Pelipper, M|100/100
|-weather|RainDance|[from] ability: Drizzle|[of] p2a: Pelipper
|turn|1
|
|t:|1779821475
|move|p2a: Pelipper|U-turn|p1a: Blissey
|-damage|p1a: Blissey|91/100
|
|t:|1779821484
|switch|p2a: Iron Treads|Iron Treads|100/100|[from] U-turn
|move|p1a: Blissey|Stealth Rock|p2a: Iron Treads
|-sidestart|p2: Danzn|move: Stealth Rock
|
|-weather|RainDance|[upkeep]
|upkeep
|turn|2
|
|t:|1779821493
|switch|p1a: Weezing|Weezing-Galar, M, shiny|100/100
|move|p2a: Iron Treads|Rapid Spin|p1a: Weezing
|-damage|p1a: Weezing|92/100
|-boost|p2a: Iron Treads|spe|1
|-sideend|p2: Danzn|Stealth Rock|[from] move: Rapid Spin|[of] p2a: Iron Treads
|
|-weather|RainDance|[upkeep]
|upkeep
|turn|3
|
|t:|1779821506
|move|p2a: Iron Treads|Volt Switch|p1a: Weezing
|-damage|p1a: Weezing|75/100
|
|t:|1779821509
|-end|p2a: Iron Treads|Quark Drive|[silent]
|switch|p2a: Landorus|Landorus-Therian, M|100/100|[from] Volt Switch
|-ability|p2a: Landorus|Intimidate|boost
|-unboost|p1a: Weezing|atk|1
|move|p1a: Weezing|Will-O-Wisp|p2a: Landorus
|-status|p2a: Landorus|brn
|
|-weather|RainDance|[upkeep]
|-damage|p2a: Landorus|95/100 brn|[from] brn
|upkeep
|turn|4
|
|t:|1779821527
|switch|p1a: Alomomola|Alomomola, F, shiny|100/100
|move|p2a: Landorus|Weather Ball|p1a: Alomomola
|-resisted|p1a: Alomomola
|-damage|p1a: Alomomola|73/100
|
|-weather|RainDance|[upkeep]
|-damage|p2a: Landorus|89/100 brn|[from] brn
|upkeep
|turn|5
|
|t:|1779821535
|switch|p2a: Ludicolo|Ludicolo, M|100/100
|move|p1a: Alomomola|Flip Turn|p2a: Ludicolo
|-resisted|p2a: Ludicolo
|-damage|p2a: Ludicolo|91/100
|
|t:|1779821558
|switch|p1a: Gliscor|Gliscor, F, shiny|100/100|[from] Flip Turn
|
|-weather|RainDance|[upkeep]
|-status|p1a: Gliscor|tox|[from] item: Toxic Orb
|upkeep
|turn|6
|
|t:|1779821563
|move|p1a: Gliscor|Protect|p1a: Gliscor
|-singleturn|p1a: Gliscor|Protect
|move|p2a: Ludicolo|Ice Beam|p1a: Gliscor
|-activate|p1a: Gliscor|move: Protect
|
|-weather|RainDance|[upkeep]
|upkeep
|turn|7
|
|t:|1779821575
|switch|p1a: Alomomola|Alomomola, F, shiny|100/100
|move|p2a: Ludicolo|Giga Drain|p1a: Alomomola
|-supereffective|p1a: Alomomola
|-damage|p1a: Alomomola|35/100
|-heal|p2a: Ludicolo|100/100|[from] drain|[of] p1a: Alomomola
|-damage|p2a: Ludicolo|91/100|[from] item: Life Orb
|
|-weather|RainDance|[upkeep]
|upkeep
|turn|8
|
|t:|1779821586
|switch|p2a: Barraskewda|Barraskewda, F|100/100
|switch|p1a: Blissey|Blissey, F, shiny|91/100
|
|-weather|none
|upkeep
|turn|9
|
|t:|1779821593
|switch|p1a: Dondozo|Dondozo, M, shiny|100/100
|move|p2a: Barraskewda|Close Combat|p1a: Dondozo
|-damage|p1a: Dondozo|74/100
|-unboost|p2a: Barraskewda|def|1
|-unboost|p2a: Barraskewda|spd|1
|
|upkeep
|turn|10
|
|t:|1779821599
|switch|p2a: Pelipper|Pelipper, M|100/100
|-weather|RainDance|[from] ability: Drizzle|[of] p2a: Pelipper
|switch|p1a: Gliscor|Gliscor, F, shiny|100/100 tox
|
|-weather|RainDance|[upkeep]
|upkeep
|turn|11
|
|t:|1779821607
|-terastallize|p1a: Gliscor|Dragon
|move|p1a: Gliscor|Toxic|p2a: Pelipper
|-status|p2a: Pelipper|tox
|move|p2a: Pelipper|Weather Ball|p1a: Gliscor
|-resisted|p1a: Gliscor
|-damage|p1a: Gliscor|71/100 tox
|
|-weather|RainDance|[upkeep]
|-heal|p1a: Gliscor|83/100 tox|[from] ability: Poison Heal
|-damage|p2a: Pelipper|94/100 tox|[from] psn
|upkeep
|turn|12
|
|t:|1779821619
|switch|p2a: Iron Treads|Iron Treads|100/100
|move|p1a: Gliscor|Spikes|p2a: Iron Treads
|-sidestart|p2: Danzn|Spikes
|
|-weather|RainDance|[upkeep]
|-heal|p1a: Gliscor|96/100 tox|[from] ability: Poison Heal
|upkeep
|turn|13
|
|t:|1779821627
|move|p2a: Iron Treads|Earthquake|p1a: Gliscor
|-damage|p1a: Gliscor|74/100 tox
|move|p1a: Gliscor|Knock Off|p2a: Iron Treads
|-damage|p2a: Iron Treads|84/100
|-enditem|p2a: Iron Treads|Assault Vest|[from] move: Knock Off|[of] p1a: Gliscor
|
|-weather|RainDance|[upkeep]
|-heal|p1a: Gliscor|87/100 tox|[from] ability: Poison Heal
|upkeep
|turn|14
|
|t:|1779821638
|move|p1a: Gliscor|Protect|p1a: Gliscor
|-singleturn|p1a: Gliscor|Protect
|move|p2a: Iron Treads|Rapid Spin|p1a: Gliscor
|-activate|p1a: Gliscor|move: Protect
|
|-weather|RainDance|[upkeep]
|-heal|p1a: Gliscor|99/100 tox|[from] ability: Poison Heal
|upkeep
|turn|15
|
|t:|1779821648
|move|p2a: Iron Treads|Iron Head|p1a: Gliscor
|-damage|p1a: Gliscor|81/100 tox
|cant|p1a: Gliscor|flinch
|
|-weather|RainDance|[upkeep]
|-heal|p1a: Gliscor|94/100 tox|[from] ability: Poison Heal
|upkeep
|turn|16
|
|t:|1779821655
|move|p2a: Iron Treads|Iron Head|p1a: Gliscor
|-damage|p1a: Gliscor|74/100 tox
|move|p1a: Gliscor|Knock Off|p2a: Iron Treads
|-crit|p2a: Iron Treads
|-damage|p2a: Iron Treads|66/100
|
|-weather|RainDance|[upkeep]
|-heal|p1a: Gliscor|87/100 tox|[from] ability: Poison Heal
|upkeep
|turn|17
|
|t:|1779821658
|move|p2a: Iron Treads|Rapid Spin|p1a: Gliscor
|-damage|p1a: Gliscor|79/100 tox
|-boost|p2a: Iron Treads|spe|1
|-sideend|p2: Danzn|Spikes|[from] move: Rapid Spin|[of] p2a: Iron Treads
|move|p1a: Gliscor|Knock Off|p2a: Iron Treads
|-damage|p2a: Iron Treads|55/100
|
|-weather|none
|-heal|p1a: Gliscor|91/100 tox|[from] ability: Poison Heal
|upkeep
|turn|18
|
|t:|1779821664
|move|p2a: Iron Treads|Iron Head|p1a: Gliscor
|-damage|p1a: Gliscor|73/100 tox
|move|p1a: Gliscor|Spikes|p2a: Iron Treads
|-sidestart|p2: Danzn|Spikes
|
|-heal|p1a: Gliscor|86/100 tox|[from] ability: Poison Heal
|upkeep
|turn|19
|
|t:|1779821669
|move|p2a: Iron Treads|Iron Head|p1a: Gliscor
|-damage|p1a: Gliscor|69/100 tox
|move|p1a: Gliscor|Knock Off|p2a: Iron Treads
|-damage|p2a: Iron Treads|44/100
|
|-heal|p1a: Gliscor|81/100 tox|[from] ability: Poison Heal
|upkeep
|turn|20
|
|t:|1779821678
|move|p1a: Gliscor|Protect|p1a: Gliscor
|-singleturn|p1a: Gliscor|Protect
|move|p2a: Iron Treads|Rapid Spin|p1a: Gliscor
|-activate|p1a: Gliscor|move: Protect
|
|-heal|p1a: Gliscor|94/100 tox|[from] ability: Poison Heal
|upkeep
|turn|21
|
|t:|1779821683
|move|p2a: Iron Treads|Rapid Spin|p1a: Gliscor
|-damage|p1a: Gliscor|86/100 tox
|-boost|p2a: Iron Treads|spe|1
|-sideend|p2: Danzn|Spikes|[from] move: Rapid Spin|[of] p2a: Iron Treads
|move|p1a: Gliscor|Knock Off|p2a: Iron Treads
|-damage|p2a: Iron Treads|33/100
|
|-heal|p1a: Gliscor|99/100 tox|[from] ability: Poison Heal
|upkeep
|turn|22
|
|t:|1779821688
|move|p2a: Iron Treads|Volt Switch|p1a: Gliscor
|-resisted|p1a: Gliscor
|-damage|p1a: Gliscor|93/100 tox
|
|t:|1779821702
|-end|p2a: Iron Treads|Quark Drive|[silent]
|switch|p2a: Basculegion|Basculegion-F, F|100/100|[from] Volt Switch
|move|p1a: Gliscor|Knock Off|p2a: Basculegion
|-supereffective|p2a: Basculegion
|-damage|p2a: Basculegion|45/100
|-enditem|p2a: Basculegion|Life Orb|[from] move: Knock Off|[of] p1a: Gliscor
|
|-heal|p1a: Gliscor|100/100 tox|[from] ability: Poison Heal
|upkeep
|turn|23
|
|t:|1779821716
|move|p2a: Basculegion|Ice Beam|p1a: Gliscor
|-supereffective|p1a: Gliscor
|-damage|p1a: Gliscor|31/100 tox
|move|p1a: Gliscor|Knock Off|p2a: Basculegion
|-supereffective|p2a: Basculegion
|-damage|p2a: Basculegion|10/100
|
|-heal|p1a: Gliscor|43/100 tox|[from] ability: Poison Heal
|upkeep
|turn|24
|
|t:|1779821724
|move|p1a: Gliscor|Protect|p1a: Gliscor
|-singleturn|p1a: Gliscor|Protect
|move|p2a: Basculegion|Ice Beam|p1a: Gliscor
|-activate|p1a: Gliscor|move: Protect
|
|-heal|p1a: Gliscor|56/100 tox|[from] ability: Poison Heal
|upkeep
|turn|25
|
|t:|1779821731
|switch|p2a: Barraskewda|Barraskewda, F|100/100
|switch|p1a: Alomomola|Alomomola, F, shiny|68/100
|
|upkeep
|turn|26
|
|t:|1779821738
|move|p2a: Barraskewda|Close Combat|p1a: Alomomola
|-damage|p1a: Alomomola|24/100
|-unboost|p2a: Barraskewda|def|1
|-unboost|p2a: Barraskewda|spd|1
|move|p1a: Alomomola|Wish|p1a: Alomomola
|
|upkeep
|turn|27
|
|t:|1779821746
|switch|p2a: Ludicolo|Ludicolo, M|91/100
|move|p1a: Alomomola|Protect||[still]
|-fail|p1a: Alomomola
|
|-heal|p1a: Alomomola|74/100|[from] move: Wish|[wisher] Alomomola
|upkeep
|turn|28
|
|t:|1779821764
|switch|p2a: Barraskewda|Barraskewda, F|100/100
|move|p1a: Alomomola|Mirror Coat||[still]
|-fail|p1a: Alomomola
|
|upkeep
|turn|29
|
|t:|1779821784
|move|p2a: Barraskewda|Flip Turn|p1a: Alomomola
|-resisted|p1a: Alomomola
|-damage|p1a: Alomomola|58/100
|
|t:|1779821790
|switch|p2a: Ludicolo|Ludicolo, M|91/100|[from] Flip Turn
|move|p1a: Alomomola|Wish|p1a: Alomomola
|
|upkeep
|turn|30
|
|t:|1779821797
|move|p1a: Alomomola|Protect|p1a: Alomomola
|-singleturn|p1a: Alomomola|Protect
|move|p2a: Ludicolo|Encore|p1a: Alomomola
|-activate|p1a: Alomomola|move: Protect
|
|-heal|p1a: Alomomola|100/100|[from] move: Wish|[wisher] Alomomola
|upkeep
|turn|31
|
|t:|1779821805
|switch|p1a: Blissey|Blissey, F, shiny|91/100
|move|p2a: Ludicolo|Giga Drain|p1a: Blissey
|-damage|p1a: Blissey|79/100
|-heal|p2a: Ludicolo|100/100|[from] drain|[of] p1a: Blissey
|-damage|p2a: Ludicolo|91/100|[from] item: Life Orb
|
|upkeep
|turn|32
|
|t:|1779821816
|switch|p2a: Pelipper|Pelipper, M|94/100 tox
|-weather|RainDance|[from] ability: Drizzle|[of] p2a: Pelipper
|move|p1a: Blissey|Stealth Rock|p2a: Pelipper
|-sidestart|p2: Danzn|move: Stealth Rock
|
|-weather|RainDance|[upkeep]
|-damage|p2a: Pelipper|88/100 tox|[from] psn
|upkeep
|turn|33
|
|t:|1779821829
|switch|p1a: Weezing|Weezing-Galar, M, shiny|75/100
|move|p2a: Pelipper|U-turn|p1a: Weezing
|-resisted|p1a: Weezing
|-damage|p1a: Weezing|74/100
|
|t:|1779821836
|switch|p2a: Barraskewda|Barraskewda, F|100/100|[from] U-turn
|-damage|p2a: Barraskewda|88/100|[from] Stealth Rock
|
|-weather|RainDance|[upkeep]
|upkeep
|turn|34
|
|t:|1779821839
|move|p2a: Barraskewda|Liquidation|p1a: Weezing
|-damage|p1a: Weezing|8/100
|move|p1a: Weezing|Will-O-Wisp|p2a: Barraskewda
|-status|p2a: Barraskewda|brn
|
|-weather|RainDance|[upkeep]
|-damage|p2a: Barraskewda|82/100 brn|[from] brn
|upkeep
|turn|35
|
|t:|1779821847
|switch|p2a: Ludicolo|Ludicolo, M|91/100
|-damage|p2a: Ludicolo|78/100|[from] Stealth Rock
|switch|p1a: Alomomola|Alomomola, F, shiny|100/100
|
|-weather|RainDance|[upkeep]
|upkeep
|turn|36
|
|t:|1779821855
|move|p2a: Ludicolo|Giga Drain|p1a: Alomomola
|-supereffective|p1a: Alomomola
|-damage|p1a: Alomomola|24/100
|-heal|p2a: Ludicolo|100/100|[from] drain|[of] p1a: Alomomola
|-damage|p2a: Ludicolo|91/100|[from] item: Life Orb
|move|p1a: Alomomola|Wish|p1a: Alomomola
|
|-weather|RainDance|[upkeep]
|upkeep
|turn|37
|
|t:|1779821870
|move|p1a: Alomomola|Protect|p1a: Alomomola
|-singleturn|p1a: Alomomola|Protect
|move|p2a: Ludicolo|Giga Drain|p1a: Alomomola
|-activate|p1a: Alomomola|move: Protect
|
|-weather|RainDance|[upkeep]
|-heal|p1a: Alomomola|74/100|[from] move: Wish|[wisher] Alomomola
|upkeep
|turn|38
|
|t:|1779821877
|switch|p1a: Blissey|Blissey, F, shiny|79/100
|move|p2a: Ludicolo|Giga Drain|p1a: Blissey
|-damage|p1a: Blissey|66/100
|-heal|p2a: Ludicolo|100/100|[from] drain|[of] p1a: Blissey
|-damage|p2a: Ludicolo|91/100|[from] item: Life Orb
|
|-weather|RainDance|[upkeep]
|upkeep
|turn|39
|
|t:|1779821887
|switch|p2a: Iron Treads|Iron Treads|33/100
|-damage|p2a: Iron Treads|30/100|[from] Stealth Rock
|move|p1a: Blissey|Shadow Ball|p2a: Iron Treads
|-damage|p2a: Iron Treads|19/100
|
|-weather|none
|upkeep
|turn|40
|
|t:|1779821898
|switch|p1a: Alomomola|Alomomola, F, shiny|100/100
|move|p2a: Iron Treads|Rapid Spin|p1a: Alomomola
|-damage|p1a: Alomomola|91/100
|-boost|p2a: Iron Treads|spe|1
|-sideend|p2: Danzn|Stealth Rock|[from] move: Rapid Spin|[of] p2a: Iron Treads
|
|upkeep
|turn|41
|
|t:|1779821905
|switch|p1a: Ting-Lu|Ting-Lu, shiny|100/100
|-ability|p1a: Ting-Lu|Vessel of Ruin
|move|p2a: Iron Treads|Volt Switch|p1a: Ting-Lu
|-immune|p1a: Ting-Lu
|
|upkeep
|turn|42
|
|t:|1779821919
|-end|p2a: Iron Treads|Quark Drive|[silent]
|switch|p2a: Pelipper|Pelipper, M|88/100 tox
|-weather|RainDance|[from] ability: Drizzle|[of] p2a: Pelipper
|move|p1a: Ting-Lu|Earthquake|p2a: Pelipper
|-immune|p2a: Pelipper
|
|-weather|RainDance|[upkeep]
|-damage|p2a: Pelipper|82/100 tox|[from] psn
|upkeep
|turn|43
|
|t:|1779821928
|switch|p1a: Alomomola|Alomomola, F, shiny|100/100
|move|p2a: Pelipper|U-turn|p1a: Alomomola
|-damage|p1a: Alomomola|94/100
|
|t:|1779821941
|switch|p2a: Ludicolo|Ludicolo, M|91/100|[from] U-turn
|
|-weather|RainDance|[upkeep]
|upkeep
|turn|44
|
|t:|1779821946
|move|p2a: Ludicolo|Giga Drain|p1a: Alomomola
|-supereffective|p1a: Alomomola
|-damage|p1a: Alomomola|22/100
|-heal|p2a: Ludicolo|100/100|[from] drain|[of] p1a: Alomomola
|-damage|p2a: Ludicolo|91/100|[from] item: Life Orb
|move|p1a: Alomomola|Mirror Coat|p2a: Ludicolo
|-damage|p2a: Ludicolo|0 fnt
|faint|p2a: Ludicolo
|
|-weather|RainDance|[upkeep]
|upkeep
|inactive|Danzn has 120 seconds left.
|
|t:|1779821990
|switch|p2a: Barraskewda|Barraskewda, F|82/100 brn
|turn|45
|
|t:|1779821996
|move|p1a: Alomomola|Protect|p1a: Alomomola
|-singleturn|p1a: Alomomola|Protect
|move|p2a: Barraskewda|Close Combat|p1a: Alomomola
|-activate|p1a: Alomomola|move: Protect
|
|-weather|RainDance|[upkeep]
|-damage|p2a: Barraskewda|76/100 brn|[from] brn
|upkeep
|turn|46
|
|t:|1779822002
|switch|p1a: Dondozo|Dondozo, M, shiny|74/100
|move|p2a: Barraskewda|Close Combat|p1a: Dondozo
|-damage|p1a: Dondozo|59/100
|-unboost|p2a: Barraskewda|def|1
|-unboost|p2a: Barraskewda|spd|1
|
|-weather|RainDance|[upkeep]
|-damage|p2a: Barraskewda|70/100 brn|[from] brn
|upkeep
|turn|47
|
|t:|1779822014
|switch|p2a: Basculegion|Basculegion-F, F|10/100
|switch|p1a: Alomomola|Alomomola, F, shiny|56/100
|
|-weather|RainDance|[upkeep]
|upkeep
|turn|48
|
|t:|1779822019
|move|p1a: Alomomola|Protect|p1a: Alomomola
|-singleturn|p1a: Alomomola|Protect
|move|p2a: Basculegion|Shadow Ball|p1a: Alomomola
|-activate|p1a: Alomomola|move: Protect
|
|-weather|RainDance|[upkeep]
|upkeep
|turn|49
|
|t:|1779822026
|switch|p2a: Barraskewda|Barraskewda, F|70/100 brn
|switch|p1a: Blissey|Blissey, F, shiny|66/100
|
|-weather|none
|-damage|p2a: Barraskewda|64/100 brn|[from] brn
|upkeep
|turn|50
|
|t:|1779822031
|switch|p1a: Dondozo|Dondozo, M, shiny|59/100
|move|p2a: Barraskewda|Close Combat|p1a: Dondozo
|-damage|p1a: Dondozo|44/100
|-unboost|p2a: Barraskewda|def|1
|-unboost|p2a: Barraskewda|spd|1
|
|-damage|p2a: Barraskewda|58/100 brn|[from] brn
|upkeep
|turn|51
|
|t:|1779822039
|switch|p2a: Basculegion|Basculegion-F, F|10/100
|move|p1a: Dondozo|Rest|p1a: Dondozo
|-status|p1a: Dondozo|slp|[from] move: Rest
|-heal|p1a: Dondozo|100/100 slp|[silent]
|
|upkeep
|turn|52
|
|t:|1779822045
|switch|p1a: Blissey|Blissey, F, shiny|66/100
|move|p2a: Basculegion|Shadow Ball|p1a: Blissey
|-immune|p1a: Blissey
|
|upkeep
|turn|53
|
|t:|1779822051
|switch|p2a: Barraskewda|Barraskewda, F|58/100 brn
|move|p1a: Blissey|Stealth Rock|p2a: Barraskewda
|-sidestart|p2: Danzn|move: Stealth Rock
|
|-damage|p2a: Barraskewda|52/100 brn|[from] brn
|upkeep
|turn|54
|
|t:|1779822056
|switch|p1a: Dondozo|Dondozo, M, shiny|100/100 slp
|move|p2a: Barraskewda|Flip Turn|p1a: Dondozo
|-resisted|p1a: Dondozo
|-damage|p1a: Dondozo|95/100 slp
|
|t:|1779822059
|switch|p2a: Iron Treads|Iron Treads|19/100|[from] Flip Turn
|-damage|p2a: Iron Treads|16/100|[from] Stealth Rock
|
|upkeep
|turn|55
|
|t:|1779822062
|move|p2a: Iron Treads|Rapid Spin|p1a: Dondozo
|-damage|p1a: Dondozo|89/100 slp
|-boost|p2a: Iron Treads|spe|1
|-sideend|p2: Danzn|Stealth Rock|[from] move: Rapid Spin|[of] p2a: Iron Treads
|cant|p1a: Dondozo|slp
|move|p1a: Dondozo|Sleep Talk|p1a: Dondozo
|move|p1a: Dondozo|Crunch|p2a: Iron Treads|[from] move: Sleep Talk
|-damage|p2a: Iron Treads|3/100
|-unboost|p2a: Iron Treads|def|1
|
|upkeep
|turn|56
|
|t:|1779822075
|move|p2a: Iron Treads|Volt Switch|p1a: Dondozo
|-supereffective|p1a: Dondozo
|-damage|p1a: Dondozo|69/100 slp
|
|t:|1779822079
|-end|p2a: Iron Treads|Quark Drive|[silent]
|switch|p2a: Basculegion|Basculegion-F, F|10/100|[from] Volt Switch
|cant|p1a: Dondozo|slp
|move|p1a: Dondozo|Sleep Talk|p1a: Dondozo
|move|p1a: Dondozo|Rest||[from] move: Sleep Talk|[still]
|-fail|p1a: Dondozo
|
|upkeep
|turn|57
|
|t:|1779822084
|switch|p1a: Blissey|Blissey, F, shiny|66/100
|move|p2a: Basculegion|Shadow Ball|p1a: Blissey
|-immune|p1a: Blissey
|
|upkeep
|turn|58
|
|t:|1779822091
|switch|p2a: Barraskewda|Barraskewda, F|52/100 brn
|move|p1a: Blissey|Stealth Rock|p2a: Barraskewda
|-sidestart|p2: Danzn|move: Stealth Rock
|
|-damage|p2a: Barraskewda|46/100 brn|[from] brn
|upkeep
|turn|59
|
|t:|1779822095
|switch|p1a: Alomomola|Alomomola, F, shiny|89/100
|move|p2a: Barraskewda|Flip Turn|p1a: Alomomola
|-resisted|p1a: Alomomola
|-damage|p1a: Alomomola|81/100
|
|t:|1779822099
|switch|p2a: Basculegion|Basculegion-F, F|10/100|[from] Flip Turn
|-damage|p2a: Basculegion|0 fnt|[from] Stealth Rock
|faint|p2a: Basculegion
|
|upkeep
|
|t:|1779822102
|switch|p2a: Landorus|Landorus-Therian, M|89/100 brn
|-damage|p2a: Landorus|76/100 brn|[from] Stealth Rock
|-ability|p2a: Landorus|Intimidate|boost
|-unboost|p1a: Alomomola|atk|1
|turn|60
|
|t:|1779822107
|move|p2a: Landorus|Sludge Bomb|p1a: Alomomola
|-damage|p1a: Alomomola|48/100
|move|p1a: Alomomola|Wish|p1a: Alomomola
|
|-damage|p2a: Landorus|70/100 brn|[from] brn
|upkeep
|turn|61
|-message|Danzn forfeited.
|
|win|TokinoZo
|raw|TokinoZo's rating: 1460 &rarr; <strong>1479</strong><br />(+19 for winning)
|raw|Danzn's rating: 1437 &rarr; <strong>1418</strong><br />(-19 for losing)
|l|☆Danzn
|player|p2|
|l|☆TokinoZo
|player|p1|
