|j|☆azeyar
|j|☆Fear covraa
|t:|1779842977
|gametype|singles
|player|p1|azeyar|swimmer|1375
|player|p2|Fear covraa|waiter-gen4|1421
|gen|9
|tier|[Gen 9] OU
|rated|
|rule|HP Percentage Mod: HP is shown in percentages
|rule|Endless Battle Clause: Forcing endless battles is banned
|rule|Species Clause: Limit one of each Pokémon
|rule|OHKO Clause: OHKO moves are banned
|rule|Evasion Items Clause: Evasion items are banned
|rule|Evasion Moves Clause: Evasion moves are banned
|rule|Evasion Abilities Clause: Evasion abilities are banned
|rule|Sleep Moves Clause: Sleep-inducing moves are banned
|clearpoke
|poke|p1|Ogerpon, F|
|poke|p1|Samurott-Hisui, F|
|poke|p1|Blissey, F|
|poke|p1|Gliscor, F|
|poke|p1|Skarmory, F|
|poke|p1|Pecharunt|
|poke|p2|Great Tusk|
|poke|p2|Thundurus, M|
|poke|p2|Polteageist-Antique|
|poke|p2|Glimmora, F|
|poke|p2|Darkrai|
|poke|p2|Zamazenta-*|
|teampreview
|inactive|Battle timer is ON: inactive players will automatically lose when time's up. (requested by Fear covraa)
|
|t:|1779842980
|teamsize|p1|6
|teamsize|p2|6
|start
|switch|p1a: Blissey|Blissey, F|100/100
|switch|p2a: Glimmora|Glimmora, F|100/100
|turn|1
|
|t:|1779842982
|move|p2a: Glimmora|Stealth Rock|p1a: Blissey
|-sidestart|p1: azeyar|move: Stealth Rock
|move|p1a: Blissey|Seismic Toss|p2a: Glimmora
|-damage|p2a: Glimmora|73/100
|-activate|p2a: Glimmora|ability: Toxic Debris
|-sidestart|p1: azeyar|move: Toxic Spikes
|
|upkeep
|turn|2
|
|t:|1779842986
|switch|p1a: Samurott|Samurott-Hisui, F|100/100
|move|p2a: Glimmora|Mortal Spin|p1a: Samurott
|-crit|p1a: Samurott
|-damage|p1a: Samurott|88/100
|-status|p1a: Samurott|psn
|
|-damage|p1a: Samurott|76/100 psn|[from] psn
|upkeep
|turn|3
|
|t:|1779842990
|move|p2a: Glimmora|Memento|p1a: Samurott
|-unboost|p1a: Samurott|atk|2
|-unboost|p1a: Samurott|spa|2
|faint|p2a: Glimmora
|move|p1a: Samurott|Ceaseless Edge|p2: Glimmora|[notarget]
|-fail|p1a: Samurott
|
|-damage|p1a: Samurott|63/100 psn|[from] psn
|upkeep
|
|t:|1779842998
|switch|p2a: Zamazenta|Zamazenta|100/100
|-ability|p2a: Zamazenta|Dauntless Shield|boost
|-boost|p2a: Zamazenta|def|1
|turn|4
|
|t:|1779843003
|switch|p1a: Pecharunt|Pecharunt|100/100
|-sideend|p1: azeyar|move: Toxic Spikes|[of] p1a: Pecharunt
|move|p2a: Zamazenta|Iron Defense|p2a: Zamazenta
|-boost|p2a: Zamazenta|def|2
|
|upkeep
|turn|5
|
|t:|1779843005
|move|p2a: Zamazenta|Crunch|p1a: Pecharunt
|-supereffective|p1a: Pecharunt
|-damage|p1a: Pecharunt|79/100
|move|p1a: Pecharunt|Toxic|p2a: Zamazenta
|-status|p2a: Zamazenta|tox
|-start|p2a: Zamazenta|confusion|[from] ability: Poison Puppeteer|[of] p1a: Pecharunt
|
|-damage|p2a: Zamazenta|94/100 tox|[from] psn
|upkeep
|turn|6
|
|t:|1779843013
|switch|p2a: Great Tusk|Great Tusk|100/100
|move|p1a: Pecharunt|Parting Shot|p2a: Great Tusk
|-unboost|p2a: Great Tusk|atk|1
|-unboost|p2a: Great Tusk|spa|1
|
|t:|1779843017
|switch|p1a: Ogerpon|Ogerpon, F|100/100|[from] Parting Shot
|
|upkeep
|turn|7
|
|t:|1779843021
|move|p1a: Ogerpon|Ivy Cudgel|p2a: Great Tusk
|-supereffective|p2a: Great Tusk
|-damage|p2a: Great Tusk|26/100
|move|p2a: Great Tusk|Ice Spinner|p1a: Ogerpon
|-supereffective|p1a: Ogerpon
|-damage|p1a: Ogerpon|48/100
|
|upkeep
|turn|8
|
|t:|1779843027
|move|p1a: Ogerpon|Ivy Cudgel|p2a: Great Tusk
|-supereffective|p2a: Great Tusk
|-damage|p2a: Great Tusk|0 fnt
|faint|p2a: Great Tusk
|-end|p2a: Great Tusk|Protosynthesis|[silent]
|
|upkeep
|
|t:|1779843029
|switch|p2a: Tea|Polteageist-Antique|100/100
|turn|9
|
|t:|1779843032
|move|p1a: Ogerpon|Knock Off|p2a: Tea
|-supereffective|p2a: Tea
|-enditem|p2a: Tea|Focus Sash
|-damage|p2a: Tea|1/100
|-ability|p2a: Tea|Weak Armor|boost
|-unboost|p2a: Tea|def|1
|-boost|p2a: Tea|spe|2
|move|p2a: Tea|Shell Smash|p2a: Tea
|-unboost|p2a: Tea|def|1
|-unboost|p2a: Tea|spd|1
|-boost|p2a: Tea|atk|2
|-boost|p2a: Tea|spa|2
|-boost|p2a: Tea|spe|2
|
|upkeep
|turn|10
|
|t:|1779843040
|switch|p1a: Blissey|Blissey, F|100/100
|move|p2a: Tea|Shadow Ball|p1a: Blissey
|-immune|p1a: Blissey
|
|upkeep
|turn|11
|
|t:|1779843043
|move|p2a: Tea|Stored Power|p1a: Blissey
|-damage|p1a: Blissey|61/100
|move|p1a: Blissey|Shadow Ball|p2a: Tea
|-supereffective|p2a: Tea
|-damage|p2a: Tea|0 fnt
|faint|p2a: Tea
|
|upkeep
|
|t:|1779843048
|switch|p2a: Darkrai|Darkrai|100/100
|turn|12
|
|t:|1779843054
|move|p2a: Darkrai|Nasty Plot|p2a: Darkrai
|-boost|p2a: Darkrai|spa|2
|move|p1a: Blissey|Calm Mind|p1a: Blissey
|-boost|p1a: Blissey|spa|1
|-boost|p1a: Blissey|spd|1
|
|upkeep
|turn|13
|
|t:|1779843059
|move|p2a: Darkrai|Nasty Plot|p2a: Darkrai
|-boost|p2a: Darkrai|spa|2
|move|p1a: Blissey|Soft-Boiled|p1a: Blissey
|-heal|p1a: Blissey|100/100
|
|upkeep
|turn|14
|
|t:|1779843061
|move|p2a: Darkrai|Nasty Plot|p2a: Darkrai
|-boost|p2a: Darkrai|spa|2
|move|p1a: Blissey|Calm Mind|p1a: Blissey
|-boost|p1a: Blissey|spa|1
|-boost|p1a: Blissey|spd|1
|
|upkeep
|turn|15
|
|t:|1779843063
|-terastallize|p1a: Blissey|Poison
|move|p2a: Darkrai|Dark Pulse|p1a: Blissey
|-damage|p1a: Blissey|76/100
|cant|p1a: Blissey|flinch
|
|upkeep
|turn|16
|
|t:|1779843069
|move|p2a: Darkrai|Dark Pulse|p1a: Blissey
|-damage|p1a: Blissey|50/100
|move|p1a: Blissey|Calm Mind|p1a: Blissey
|-boost|p1a: Blissey|spa|1
|-boost|p1a: Blissey|spd|1
|
|upkeep
|turn|17
|
|t:|1779843073
|move|p2a: Darkrai|Dark Pulse|p1a: Blissey
|-damage|p1a: Blissey|28/100
|move|p1a: Blissey|Soft-Boiled|p1a: Blissey
|-heal|p1a: Blissey|78/100
|
|upkeep
|turn|18
|
|t:|1779843078
|move|p2a: Darkrai|Dark Pulse|p1a: Blissey
|-damage|p1a: Blissey|57/100
|move|p1a: Blissey|Seismic Toss|p2a: Darkrai
|-damage|p2a: Darkrai|65/100
|
|upkeep
|turn|19
|
|t:|1779843086
|move|p2a: Darkrai|Ice Beam|p1a: Blissey
|-damage|p1a: Blissey|42/100
|move|p1a: Blissey|Soft-Boiled|p1a: Blissey
|-heal|p1a: Blissey|92/100
|
|upkeep
|turn|20
|
|t:|1779843090
|move|p2a: Darkrai|Ice Beam|p1a: Blissey
|-damage|p1a: Blissey|76/100
|move|p1a: Blissey|Seismic Toss|p2a: Darkrai
|-damage|p2a: Darkrai|29/100
|
|upkeep
|turn|21
|
|t:|1779843092
|move|p2a: Darkrai|Ice Beam|p1a: Blissey
|-damage|p1a: Blissey|60/100
|move|p1a: Blissey|Seismic Toss|p2a: Darkrai
|-damage|p2a: Darkrai|0 fnt
|faint|p2a: Darkrai
|
|upkeep
|
|t:|1779843096
|switch|p2a: Thundurus|Thundurus, M|100/100
|turn|22
|
|t:|1779843098
|move|p2a: Thundurus|Agility|p2a: Thundurus
|-boost|p2a: Thundurus|spe|2
|move|p1a: Blissey|Seismic Toss|p2a: Thundurus
|-damage|p2a: Thundurus|67/100
|
|upkeep
|turn|23
|
|t:|1779843105
|move|p2a: Thundurus|Swagger|p1a: Blissey
|-boost|p1a: Blissey|atk|2
|-start|p1a: Blissey|confusion
|-enditem|p2a: Thundurus|Mirror Herb
|-boost|p2a: Thundurus|atk|2|[from] item: Mirror Herb
|-activate|p1a: Blissey|confusion
|move|p1a: Blissey|Shadow Ball|p2a: Thundurus
|-damage|p2a: Thundurus|21/100
|
|upkeep
|turn|24
|
|t:|1779843113
|move|p2a: Thundurus|Acrobatics|p1a: Blissey
|-damage|p1a: Blissey|0 fnt
|faint|p1a: Blissey
|
|upkeep
|
|t:|1779843116
|switch|p1a: Samurott|Samurott-Hisui, F|63/100 psn
|turn|25
|
|t:|1779843119
|move|p1a: Samurott|Sucker Punch|p2a: Thundurus
|-damage|p2a: Thundurus|0 fnt
|faint|p2a: Thundurus
|
|-damage|p1a: Samurott|51/100 psn|[from] psn
|upkeep
|
|t:|1779843122
|switch|p2a: Zamazenta|Zamazenta|94/100 tox
|turn|26
|-message|Fear covraa forfeited.
|
|win|azeyar
|raw|azeyar's rating: 1375 &rarr; <strong>1398</strong><br />(+23 for winning)
|raw|Fear covraa's rating: 1421 &rarr; <strong>1398</strong><br />(-23 for losing)
|l|☆Fear covraa
|player|p2|
|l|☆azeyar
|player|p1|
