|j|☆AdnaneO
|j|☆YuriDDLCLover
|t:|1779801183
|gametype|singles
|player|p1|AdnaneO|ghetsis-gen5bw|1100
|player|p2|YuriDDLCLover|skyla|1074
|gen|9
|tier|[Gen 9] OU
|rated|
|rule|HP Percentage Mod: HP is shown in percentages
|rule|Endless Battle Clause: Forcing endless battles is banned
|rule|Species Clause: Limit one of each Pokémon
|rule|OHKO Clause: OHKO moves are banned
|rule|Evasion Items Clause: Evasion items are banned
|rule|Evasion Moves Clause: Evasion moves are banned
|rule|Evasion Abilities Clause: Evasion abilities are banned
|rule|Sleep Moves Clause: Sleep-inducing moves are banned
|clearpoke
|poke|p1|Tyranitar, M|
|poke|p1|Excadrill, M|
|poke|p1|Zapdos|
|poke|p1|Darkrai|
|poke|p1|Primarina, M|
|poke|p1|Kingambit, M|
|poke|p2|Gyarados, M|
|poke|p2|Mew|
|poke|p2|Lilligant-Hisui, F|
|poke|p2|Indeedee, M|
|poke|p2|Infernape, F|
|poke|p2|Klawf, M|
|teampreview
|
|t:|1779801190
|teamsize|p1|6
|teamsize|p2|6
|start
|switch|p1a: Tyranitar|Tyranitar, M|100/100
|switch|p2a: Klawf|Klawf, M|100/100
|-weather|Sandstorm|[from] ability: Sand Stream|[of] p1a: Tyranitar
|turn|1
|
|t:|1779801199
|move|p2a: Klawf|Stealth Rock|p1a: Tyranitar
|-sidestart|p1: AdnaneO|move: Stealth Rock
|move|p1a: Tyranitar|Knock Off|p2a: Klawf
|-damage|p2a: Klawf|48/100
|-enditem|p2a: Klawf|Heavy-Duty Boots|[from] move: Knock Off|[of] p1a: Tyranitar
|-ability|p2a: Klawf|Anger Shell|boost
|-boost|p2a: Klawf|atk|1
|-boost|p2a: Klawf|spa|1
|-boost|p2a: Klawf|spe|1
|-unboost|p2a: Klawf|def|1
|-unboost|p2a: Klawf|spd|1
|
|-weather|Sandstorm|[upkeep]
|upkeep
|turn|2
|
|t:|1779801209
|move|p2a: Klawf|Stomping Tantrum|p1a: Tyranitar
|-supereffective|p1a: Tyranitar
|-damage|p1a: Tyranitar|56/100
|move|p1a: Tyranitar|Knock Off|p2a: Klawf
|-damage|p2a: Klawf|0 fnt
|faint|p2a: Klawf
|
|-weather|Sandstorm|[upkeep]
|upkeep
|
|t:|1779801218
|switch|p2a: Gyarados|Gyarados, M|100/100
|-ability|p2a: Gyarados|Intimidate|boost
|-unboost|p1a: Tyranitar|atk|1
|turn|3
|
|t:|1779801224
|move|p2a: Gyarados|Dragon Dance|p2a: Gyarados
|-boost|p2a: Gyarados|atk|1
|-boost|p2a: Gyarados|spe|1
|move|p1a: Tyranitar|Knock Off|p2a: Gyarados
|-crit|p2a: Gyarados
|-damage|p2a: Gyarados|0 fnt
|-enditem|p2a: Gyarados|Leftovers|[from] move: Knock Off|[of] p1a: Tyranitar
|faint|p2a: Gyarados
|
|-weather|Sandstorm|[upkeep]
|upkeep
|
|t:|1779801236
|switch|p2a: Infernape|Infernape, F, shiny|100/100
|turn|4
|
|t:|1779801243
|switch|p1a: Zapdos|Zapdos|100/100
|move|p2a: Infernape|Stone Edge|p1a: Zapdos
|-supereffective|p1a: Zapdos
|-damage|p1a: Zapdos|56/100
|
|-weather|Sandstorm|[upkeep]
|-damage|p2a: Infernape|94/100|[from] Sandstorm
|-damage|p1a: Zapdos|50/100|[from] Sandstorm
|upkeep
|turn|5
|
|t:|1779801254
|move|p2a: Infernape|Stone Edge|p1a: Zapdos
|-supereffective|p1a: Zapdos
|-damage|p1a: Zapdos|3/100
|move|p1a: Zapdos|Thunder Wave|p2a: Infernape
|-status|p2a: Infernape|par
|
|-weather|none
|upkeep
|turn|6
|
|t:|1779801273
|move|p1a: Zapdos|Roost|p1a: Zapdos
|-heal|p1a: Zapdos|53/100
|-singleturn|p1a: Zapdos|move: Roost
|move|p2a: Infernape|Stone Edge|p1a: Zapdos|[miss]
|-miss|p2a: Infernape|p1a: Zapdos
|
|upkeep
|turn|7
|inactive|Battle timer is ON: inactive players will automatically lose when time's up. (requested by AdnaneO)
|
|t:|1779801289
|-terastallize|p2a: Infernape|Fire
|move|p1a: Zapdos|Roost|p1a: Zapdos
|-heal|p1a: Zapdos|100/100
|-singleturn|p1a: Zapdos|move: Roost
|cant|p2a: Infernape|par
|
|upkeep
|turn|8
|
|t:|1779801300
|switch|p2a: Lilligant|Lilligant-Hisui, F, shiny|100/100
|move|p1a: Zapdos|Volt Switch|p2a: Lilligant
|-resisted|p2a: Lilligant
|-damage|p2a: Lilligant|76/100
|
|t:|1779801309
|switch|p1a: Darkrai|Darkrai|100/100|[from] Volt Switch
|-damage|p1a: Darkrai|88/100|[from] Stealth Rock
|
|upkeep
|turn|9
|l|☆AdnaneO
|inactive|AdnaneO disconnected and has a minute to reconnect!
|player|p1|
|j|☆AdnaneO
|inactive|AdnaneO reconnected and has 130 seconds left.
|player|p1|AdnaneO|ghetsis-gen5bw|
|
|t:|1779801333
|move|p1a: Darkrai|Sludge Bomb|p2a: Lilligant
|-supereffective|p2a: Lilligant
|-damage|p2a: Lilligant|0 fnt
|faint|p2a: Lilligant
|-damage|p1a: Darkrai|78/100|[from] item: Life Orb
|
|upkeep
|
|t:|1779801342
|switch|p2a: Infernape|Infernape, F, shiny, tera:Fire|94/100 par
|turn|10
|
|t:|1779801351
|move|p1a: Darkrai|Dark Pulse|p2a: Infernape
|-damage|p2a: Infernape|37/100 par
|-damage|p1a: Darkrai|68/100|[from] item: Life Orb
|move|p2a: Infernape|Fire Punch|p1a: Darkrai
|-damage|p1a: Darkrai|1/100
|-status|p1a: Darkrai|brn
|
|-damage|p1a: Darkrai|0 fnt|[from] brn
|faint|p1a: Darkrai
|upkeep
|
|t:|1779801360
|switch|p1a: Tyranitar|Tyranitar, M|56/100
|-damage|p1a: Tyranitar|44/100|[from] Stealth Rock
|-weather|Sandstorm|[from] ability: Sand Stream|[of] p1a: Tyranitar
|turn|11
|
|t:|1779801372
|cant|p2a: Infernape|par
|move|p1a: Tyranitar|Knock Off|p2a: Infernape
|-damage|p2a: Infernape|0 fnt
|-enditem|p2a: Infernape|Assault Vest|[from] move: Knock Off|[of] p1a: Tyranitar
|faint|p2a: Infernape
|
|-weather|Sandstorm|[upkeep]
|upkeep
|
|t:|1779801379
|switch|p2a: Indeedee|Indeedee, M|100/100
|-fieldstart|move: Psychic Terrain|[from] ability: Psychic Surge|[of] p2a: Indeedee
|turn|12
|
|t:|1779801385
|switch|p2a: Mew|Mew|100/100
|move|p1a: Tyranitar|Knock Off|p2a: Mew
|-supereffective|p2a: Mew
|-damage|p2a: Mew|0 fnt
|-enditem|p2a: Mew|Mental Herb|[from] move: Knock Off|[of] p1a: Tyranitar
|faint|p2a: Mew
|
|-weather|Sandstorm|[upkeep]
|upkeep
|
|t:|1779801393
|switch|p2a: Indeedee|Indeedee, M|100/100
|turn|13
|
|t:|1779801396
|move|p2a: Indeedee|Extrasensory|p1a: Tyranitar
|-immune|p1a: Tyranitar
|move|p1a: Tyranitar|Knock Off|p2a: Indeedee
|-supereffective|p2a: Indeedee
|-damage|p2a: Indeedee|0 fnt
|-enditem|p2a: Indeedee|Terrain Extender|[from] move: Knock Off|[of] p1a: Tyranitar
|faint|p2a: Indeedee
|
|win|AdnaneO
|raw|AdnaneO's rating: 1100 &rarr; <strong>1123</strong><br />(+23 for winning)
|raw|YuriDDLCLover's rating: 1074 &rarr; <strong>1054</strong><br />(-20 for losing)
|l|☆AdnaneO
|player|p1|
