|j|‽DevotedToaster
|j|☆PixelPenguin2
|t:|1779854965
|gametype|singles
|player|p1|DevotedToaster|266|1375
|player|p2|PixelPenguin2|guitarist|1343
|gen|9
|tier|[Gen 9] OU
|rated|
|rule|HP Percentage Mod: HP is shown in percentages
|rule|Endless Battle Clause: Forcing endless battles is banned
|rule|Species Clause: Limit one of each Pokémon
|rule|OHKO Clause: OHKO moves are banned
|rule|Evasion Items Clause: Evasion items are banned
|rule|Evasion Moves Clause: Evasion moves are banned
|rule|Evasion Abilities Clause: Evasion abilities are banned
|rule|Sleep Moves Clause: Sleep-inducing moves are banned
|clearpoke
|poke|p1|Glimmora, M|
|poke|p1|Tyranitar, F|
|poke|p1|Conkeldurr, F|
|poke|p1|Sudowoodo, L1, F|
|poke|p1|Ceruledge, M|
|poke|p1|Hippowdon, F|
|poke|p2|Mandibuzz, F|
|poke|p2|Clodsire, M|
|poke|p2|Reuniclus, F|
|poke|p2|Gliscor, M|
|poke|p2|Dragapult, F|
|poke|p2|Moltres|
|teampreview
|inactive|Battle timer is ON: inactive players will automatically lose when time's up. (requested by PixelPenguin2)
|
|t:|1779854976
|teamsize|p1|6
|teamsize|p2|6
|start
|switch|p1a: Conkeldurr|Conkeldurr, F|100/100
|switch|p2a: Clodsire|Clodsire, M|100/100
|turn|1
|
|t:|1779854999
|switch|p2a: Moltres|Moltres|100/100
|move|p1a: Conkeldurr|Ice Punch|p2a: Moltres
|-damage|p2a: Moltres|71/100
|
|-status|p1a: Conkeldurr|brn|[from] item: Flame Orb
|upkeep
|turn|2
|
|t:|1779855009
|switch|p1a: Tyranitar|Tyranitar, F|100/100
|-weather|Sandstorm|[from] ability: Sand Stream|[of] p1a: Tyranitar
|move|p2a: Moltres|Flamethrower|p1a: Tyranitar
|-resisted|p1a: Tyranitar
|-damage|p1a: Tyranitar|94/100
|
|-weather|Sandstorm|[upkeep]
|-damage|p2a: Moltres|65/100|[from] Sandstorm
|upkeep
|turn|3
|
|t:|1779855020
|switch|p2a: Mandibuzz|Mandibuzz, F|100/100
|move|p1a: Tyranitar|Stone Edge|p2a: Mandibuzz|[miss]
|-miss|p1a: Tyranitar|p2a: Mandibuzz
|
|-weather|Sandstorm|[upkeep]
|-damage|p2a: Mandibuzz|94/100|[from] Sandstorm
|upkeep
|turn|4
|
|t:|1779855027
|move|p2a: Mandibuzz|Toxic|p1a: Tyranitar
|-status|p1a: Tyranitar|tox
|move|p1a: Tyranitar|Stone Edge|p2a: Mandibuzz|[miss]
|-miss|p1a: Tyranitar|p2a: Mandibuzz
|
|-weather|Sandstorm|[upkeep]
|-damage|p2a: Mandibuzz|88/100|[from] Sandstorm
|-damage|p1a: Tyranitar|88/100 tox|[from] psn
|upkeep
|turn|5
|
|t:|1779855034
|switch|p2a: Gliscor|Gliscor, M|100/100
|move|p1a: Tyranitar|Knock Off|p2a: Gliscor
|-damage|p2a: Gliscor|76/100
|-enditem|p2a: Gliscor|Toxic Orb|[from] move: Knock Off|[of] p1a: Tyranitar
|
|-weather|Sandstorm|[upkeep]
|-damage|p1a: Tyranitar|76/100 tox|[from] psn
|upkeep
|turn|6
|
|t:|1779855044
|switch|p1a: Hippowdon|Hippowdon, F|100/100
|move|p2a: Gliscor|Stealth Rock|p1a: Hippowdon
|-sidestart|p1: DevotedToaster|move: Stealth Rock
|
|-weather|none
|upkeep
|turn|7
|
|t:|1779855053
|move|p2a: Gliscor|Knock Off|p1a: Hippowdon
|-damage|p1a: Hippowdon|88/100
|-enditem|p1a: Hippowdon|Leftovers|[from] move: Knock Off|[of] p2a: Gliscor
|move|p1a: Hippowdon|Stealth Rock|p2a: Gliscor
|-sidestart|p2: PixelPenguin2|move: Stealth Rock
|
|upkeep
|turn|8
|
|t:|1779855065
|switch|p2a: Mandibuzz|Mandibuzz, F|88/100
|-damage|p2a: Mandibuzz|63/100|[from] Stealth Rock
|move|p1a: Hippowdon|Whirlwind|p2a: Mandibuzz
|drag|p2a: Gliscor|Gliscor, M|76/100
|-damage|p2a: Gliscor|63/100|[from] Stealth Rock
|
|upkeep
|turn|9
|inactive|PixelPenguin2 has 120 seconds left.
|
|t:|1779855097
|move|p2a: Gliscor|Earthquake|p1a: Hippowdon
|-damage|p1a: Hippowdon|68/100
|move|p1a: Hippowdon|Whirlwind|p2a: Gliscor
|drag|p2a: Mandibuzz|Mandibuzz, F|63/100
|-damage|p2a: Mandibuzz|38/100|[from] Stealth Rock
|
|upkeep
|turn|10
|
|t:|1779855111
|move|p2a: Mandibuzz|Roost|p2a: Mandibuzz
|-heal|p2a: Mandibuzz|88/100
|-singleturn|p2a: Mandibuzz|move: Roost
|move|p1a: Hippowdon|Earthquake|p2a: Mandibuzz
|-damage|p2a: Mandibuzz|66/100
|
|upkeep
|turn|11
|inactive|PixelPenguin2 has 120 seconds left.
|
|t:|1779855133
|switch|p1a: Tyranitar|Tyranitar, F|76/100 tox
|-damage|p1a: Tyranitar|63/100 tox|[from] Stealth Rock
|-weather|Sandstorm|[from] ability: Sand Stream|[of] p1a: Tyranitar
|move|p2a: Mandibuzz|Toxic|p1a: Tyranitar
|-fail|p1a: Tyranitar|tox
|
|-weather|Sandstorm|[upkeep]
|-damage|p2a: Mandibuzz|60/100|[from] Sandstorm
|-damage|p1a: Tyranitar|57/100 tox|[from] psn
|upkeep
|turn|12
|
|t:|1779855142
|move|p2a: Mandibuzz|Roost|p2a: Mandibuzz
|-heal|p2a: Mandibuzz|100/100
|-singleturn|p2a: Mandibuzz|move: Roost
|move|p1a: Tyranitar|Stone Edge|p2a: Mandibuzz
|-damage|p2a: Mandibuzz|75/100
|
|-weather|Sandstorm|[upkeep]
|-damage|p2a: Mandibuzz|69/100|[from] Sandstorm
|-damage|p1a: Tyranitar|45/100 tox|[from] psn
|upkeep
|turn|13
|
|t:|1779855150
|switch|p2a: Gliscor|Gliscor, M|63/100
|-damage|p2a: Gliscor|51/100|[from] Stealth Rock
|move|p1a: Tyranitar|Knock Off|p2a: Gliscor
|-damage|p2a: Gliscor|31/100
|
|-weather|Sandstorm|[upkeep]
|-damage|p1a: Tyranitar|26/100 tox|[from] psn
|upkeep
|turn|14
|
|t:|1779855160
|switch|p1a: Conkeldurr|Conkeldurr, F|100/100 brn
|-damage|p1a: Conkeldurr|95/100 brn|[from] Stealth Rock
|move|p2a: Gliscor|Earthquake|p1a: Conkeldurr
|-crit|p1a: Conkeldurr
|-damage|p1a: Conkeldurr|56/100 brn
|
|-weather|Sandstorm|[upkeep]
|-damage|p1a: Conkeldurr|50/100 brn|[from] Sandstorm
|-damage|p1a: Conkeldurr|44/100 brn|[from] brn
|upkeep
|turn|15
|
|t:|1779855178
|move|p2a: Gliscor|Earthquake|p1a: Conkeldurr
|-crit|p1a: Conkeldurr
|-damage|p1a: Conkeldurr|6/100 brn
|move|p1a: Conkeldurr|Ice Punch|p2a: Gliscor
|-supereffective|p2a: Gliscor
|-damage|p2a: Gliscor|0 fnt
|faint|p2a: Gliscor
|
|-weather|none
|-damage|p1a: Conkeldurr|0 fnt|[from] brn
|faint|p1a: Conkeldurr
|upkeep
|inactive|PixelPenguin2 has 120 seconds left.
|
|t:|1779855214
|switch|p2a: Dragapult|Dragapult, F|100/100
|switch|p1a: Glimmora|Glimmora, M|100/100
|-damage|p1a: Glimmora|88/100|[from] Stealth Rock
|turn|16
|
|t:|1779855238
|switch|p2a: Clodsire|Clodsire, M|100/100
|move|p1a: Glimmora|Mortal Spin|p2a: Clodsire
|-resisted|p2a: Clodsire
|-damage|p2a: Clodsire|99/100
|-sideend|p1: DevotedToaster|Stealth Rock|[from] move: Mortal Spin|[of] p1a: Glimmora
|
|upkeep
|turn|17
|inactive|PixelPenguin2 has 120 seconds left.
|
|t:|1779855255
|move|p1a: Glimmora|Spikes|p2a: Clodsire
|-sidestart|p2: PixelPenguin2|Spikes
|move|p2a: Clodsire|Spikes|p1a: Glimmora
|-sidestart|p1: DevotedToaster|Spikes
|
|upkeep
|turn|18
|
|t:|1779855261
|move|p1a: Glimmora|Mortal Spin|p2a: Clodsire
|-resisted|p2a: Clodsire
|-crit|p2a: Clodsire
|-damage|p2a: Clodsire|96/100
|-sideend|p1: DevotedToaster|Spikes|[from] move: Mortal Spin|[of] p1a: Glimmora
|move|p2a: Clodsire|Earthquake|p1a: Glimmora
|-supereffective|p1a: Glimmora
|-damage|p1a: Glimmora|0 fnt
|-activate|p1a: Glimmora|ability: Toxic Debris
|-sidestart|p2: PixelPenguin2|move: Toxic Spikes
|faint|p1a: Glimmora
|
|upkeep
|
|t:|1779855271
|switch|p1a: Sudowoodo|Sudowoodo, L1, F|100/100
|turn|19
|
|t:|1779855274
|move|p2a: Clodsire|Earthquake|p1a: Sudowoodo
|-supereffective|p1a: Sudowoodo
|-ability|p1a: Sudowoodo|Sturdy
|-damage|p1a: Sudowoodo|9/100
|move|p1a: Sudowoodo|Endeavor|p2a: Clodsire
|-damage|p2a: Clodsire|1/100
|-heal|p1a: Sudowoodo|100/100|[from] item: Shell Bell|[of] p2a: Clodsire
|
|upkeep
|turn|20
|
|t:|1779855288
|-terastallize|p1a: Sudowoodo|Steel
|move|p2a: Clodsire|Earthquake|p1a: Sudowoodo
|-supereffective|p1a: Sudowoodo
|-ability|p1a: Sudowoodo|Sturdy
|-damage|p1a: Sudowoodo|9/100
|move|p1a: Sudowoodo|Earthquake|p2a: Clodsire
|-supereffective|p2a: Clodsire
|-damage|p2a: Clodsire|0 fnt
|faint|p2a: Clodsire
|-heal|p1a: Sudowoodo|17/100|[from] item: Shell Bell|[of] p2: Clodsire
|
|upkeep
|
|t:|1779855294
|switch|p2a: Dragapult|Dragapult, F|100/100
|turn|21
|
|t:|1779855298
|move|p2a: Dragapult|Hex|p1a: Sudowoodo
|-damage|p1a: Sudowoodo|0 fnt
|faint|p1a: Sudowoodo
|
|upkeep
|
|t:|1779855303
|switch|p1a: Tyranitar|Tyranitar, F|26/100 tox
|-weather|Sandstorm|[from] ability: Sand Stream|[of] p1a: Tyranitar
|turn|22
|
|t:|1779855307
|move|p2a: Dragapult|U-turn|p1a: Tyranitar
|-supereffective|p1a: Tyranitar
|-damage|p1a: Tyranitar|2/100 tox
|
|t:|1779855311
|switch|p2a: Moltres|Moltres|65/100|[from] U-turn
|move|p1a: Tyranitar|Knock Off|p2a: Moltres
|-damage|p2a: Moltres|21/100
|-enditem|p2a: Moltres|Heavy-Duty Boots|[from] move: Knock Off|[of] p1a: Tyranitar
|
|-weather|Sandstorm|[upkeep]
|-damage|p2a: Moltres|15/100|[from] Sandstorm
|-damage|p1a: Tyranitar|0 fnt|[from] psn
|faint|p1a: Tyranitar
|upkeep
|
|t:|1779855318
|switch|p1a: Hippowdon|Hippowdon, F|68/100
|turn|23
|
|t:|1779855328
|move|p2a: Moltres|Flamethrower|p1a: Hippowdon
|-damage|p1a: Hippowdon|34/100
|-status|p1a: Hippowdon|brn
|move|p1a: Hippowdon|Whirlwind|p2a: Moltres
|drag|p2a: Reuniclus|Reuniclus, F|100/100
|-status|p2a: Reuniclus|psn
|
|-weather|Sandstorm|[upkeep]
|-damage|p1a: Hippowdon|28/100 brn|[from] brn
|upkeep
|turn|24
|
|t:|1779855344
|switch|p2a: Moltres|Moltres|15/100
|-damage|p2a: Moltres|0 fnt|[from] Stealth Rock
|faint|p2a: Moltres
|move|p1a: Hippowdon|Slack Off|p1a: Hippowdon
|-heal|p1a: Hippowdon|78/100 brn
|
|-weather|Sandstorm|[upkeep]
|-damage|p1a: Hippowdon|72/100 brn|[from] brn
|upkeep
|
|t:|1779855346
|switch|p2a: Dragapult|Dragapult, F|100/100
|turn|25
|
|t:|1779855356
|move|p2a: Dragapult|Hex|p1a: Hippowdon
|-damage|p1a: Hippowdon|25/100 brn
|move|p1a: Hippowdon|Slack Off|p1a: Hippowdon
|-heal|p1a: Hippowdon|75/100 brn
|
|-weather|Sandstorm|[upkeep]
|-damage|p2a: Dragapult|95/100|[from] Sandstorm
|-damage|p1a: Hippowdon|69/100 brn|[from] brn
|upkeep
|turn|26
|
|t:|1779855364
|move|p2a: Dragapult|Hex|p1a: Hippowdon
|-damage|p1a: Hippowdon|21/100 brn
|move|p1a: Hippowdon|Slack Off|p1a: Hippowdon
|-heal|p1a: Hippowdon|71/100 brn
|
|-weather|none
|-damage|p1a: Hippowdon|65/100 brn|[from] brn
|upkeep
|turn|27
|
|t:|1779855371
|move|p2a: Dragapult|Hex|p1a: Hippowdon
|-damage|p1a: Hippowdon|18/100 brn
|move|p1a: Hippowdon|Earthquake|p2a: Dragapult
|-damage|p2a: Dragapult|67/100
|
|-damage|p1a: Hippowdon|11/100 brn|[from] brn
|upkeep
|turn|28
|
|t:|1779855377
|move|p2a: Dragapult|Hex|p1a: Hippowdon
|-damage|p1a: Hippowdon|0 fnt
|faint|p1a: Hippowdon
|
|upkeep
|
|t:|1779855379
|switch|p1a: Ceruledge|Ceruledge, M|100/100
|turn|29
|
|t:|1779855386
|-terastallize|p2a: Dragapult|Fairy
|move|p1a: Ceruledge|Shadow Sneak|p2a: Dragapult
|-damage|p2a: Dragapult|36/100
|move|p2a: Dragapult|Hex|p1a: Ceruledge
|-supereffective|p1a: Ceruledge
|-damage|p1a: Ceruledge|39/100
|
|upkeep
|turn|30
|
|t:|1779855395
|move|p1a: Ceruledge|Shadow Sneak|p2a: Dragapult
|-damage|p2a: Dragapult|6/100
|move|p2a: Dragapult|Hex|p1a: Ceruledge
|-supereffective|p1a: Ceruledge
|-damage|p1a: Ceruledge|0 fnt
|faint|p1a: Ceruledge
|
|win|PixelPenguin2
|raw|DevotedToaster's rating: 1375 &rarr; <strong>1353</strong><br />(-22 for losing)
|raw|PixelPenguin2's rating: 1343 &rarr; <strong>1365</strong><br />(+22 for winning)
|l|‽DevotedToaster
|player|p1|
|l|☆PixelPenguin2
|player|p2|
