|j|☆badteamsub
|j|☆Gking10
|t:|1779946920
|gametype|singles
|player|p1|badteamsub|backersf|1468
|player|p2|Gking10|cheryl|1491
|gen|9
|tier|[Gen 9] OU
|rated|
|rule|HP Percentage Mod: HP is shown in percentages
|rule|Endless Battle Clause: Forcing endless battles is banned
|rule|Species Clause: Limit one of each Pokémon
|rule|OHKO Clause: OHKO moves are banned
|rule|Evasion Items Clause: Evasion items are banned
|rule|Evasion Moves Clause: Evasion moves are banned
|rule|Evasion Abilities Clause: Evasion abilities are banned
|rule|Sleep Moves Clause: Sleep-inducing moves are banned
|clearpoke
|poke|p1|Great Tusk|
|poke|p1|Slowking-Galar, F|
|poke|p1|Rotom-Wash|
|poke|p1|Blaziken, M|
|poke|p1|Enamorus, F|
|poke|p1|Dragonite, M|
|poke|p2|Skeledirge, M|
|poke|p2|Rillaboom, M|
|poke|p2|Great Tusk|
|poke|p2|Gholdengo|
|poke|p2|Ogerpon-Wellspring, F|
|poke|p2|Enamorus, F|
|teampreview
|
|t:|1779946928
|teamsize|p1|6
|teamsize|p2|6
|start
|switch|p1a: Great Tusk|Great Tusk|100/100
|switch|p2a: Rillaboom|Rillaboom, M|100/100
|-fieldstart|move: Grassy Terrain|[from] ability: Grassy Surge|[of] p2a: Rillaboom
|turn|1
|
|t:|1779946944
|-end|p1a: Great Tusk|Protosynthesis|[silent]
|switch|p1a: Slowking|Slowking-Galar, F|100/100
|move|p2a: Rillaboom|Wood Hammer|p1a: Slowking
|-resisted|p1a: Slowking
|-damage|p1a: Slowking|42/100
|-damage|p2a: Rillaboom|78/100|[from] Recoil
|
|-heal|p2a: Rillaboom|84/100|[from] Grassy Terrain
|-heal|p1a: Slowking|48/100|[from] Grassy Terrain
|-heal|p1a: Slowking|55/100|[from] item: Leftovers
|upkeep
|turn|2
|
|t:|1779946953
|switch|p2a: Great Tusk|Great Tusk|100/100
|switch|p1a: Enamorus|Enamorus, F|100/100
|
|upkeep
|turn|3
|
|t:|1779946977
|-end|p2a: Great Tusk|Protosynthesis|[silent]
|switch|p2a: Gholdengo|Gholdengo|100/100
|-item|p2a: Gholdengo|Air Balloon
|move|p1a: Enamorus|Moonblast|p2a: Gholdengo
|-resisted|p2a: Gholdengo
|-damage|p2a: Gholdengo|77/100
|-enditem|p2a: Gholdengo|Air Balloon
|
|-heal|p2a: Gholdengo|84/100|[from] Grassy Terrain
|upkeep
|turn|4
|
|t:|1779946989
|switch|p1a: Rotom|Rotom-Wash|100/100
|move|p2a: Gholdengo|Thunder Wave|p1a: Rotom
|-immune|p1a: Rotom
|
|-heal|p2a: Gholdengo|90/100|[from] Grassy Terrain
|upkeep
|turn|5
|
|t:|1779947039
|switch|p2a: Rillaboom|Rillaboom, M|84/100
|move|p1a: Rotom|Volt Switch|p2a: Rillaboom
|-resisted|p2a: Rillaboom
|-damage|p2a: Rillaboom|66/100
|
|t:|1779947050
|switch|p1a: Great Tusk|Great Tusk|100/100|[from] Volt Switch
|
|-heal|p2a: Rillaboom|72/100|[from] Grassy Terrain
|-fieldend|move: Grassy Terrain
|upkeep
|turn|6
|
|t:|1779947070
|move|p1a: Great Tusk|Stealth Rock|p2a: Rillaboom
|-sidestart|p2: Gking10|move: Stealth Rock
|move|p2a: Rillaboom|Knock Off|p1a: Great Tusk
|-resisted|p1a: Great Tusk
|-damage|p1a: Great Tusk|84/100
|-enditem|p1a: Great Tusk|Heavy-Duty Boots|[from] move: Knock Off|[of] p2a: Rillaboom
|
|upkeep
|turn|7
|
|t:|1779947080
|switch|p2a: Great Tusk|Great Tusk|100/100
|move|p1a: Great Tusk|Ice Spinner|p2a: Great Tusk
|-supereffective|p2a: Great Tusk
|-damage|p2a: Great Tusk|61/100
|
|upkeep
|turn|8
|
|t:|1779947088
|move|p1a: Great Tusk|Ice Spinner|p2a: Great Tusk
|-supereffective|p2a: Great Tusk
|-damage|p2a: Great Tusk|17/100
|move|p2a: Great Tusk|Rapid Spin|p1a: Great Tusk
|-damage|p1a: Great Tusk|71/100
|-boost|p2a: Great Tusk|spe|1
|-sideend|p2: Gking10|Stealth Rock|[from] move: Rapid Spin|[of] p2a: Great Tusk
|
|upkeep
|turn|9
|
|t:|1779947106
|-end|p2a: Great Tusk|Protosynthesis|[silent]
|switch|p2a: Ogerpon|Ogerpon-Wellspring, F|100/100
|move|p1a: Great Tusk|Stealth Rock|p2a: Ogerpon
|-sidestart|p2: Gking10|move: Stealth Rock
|
|upkeep
|turn|10
|
|t:|1779947118
|-end|p1a: Great Tusk|Protosynthesis|[silent]
|switch|p1a: Rotom|Rotom-Wash|100/100
|move|p2a: Ogerpon|Ivy Cudgel|p1a: Rotom|[anim] Ivy Cudgel Water
|-resisted|p1a: Rotom
|-damage|p1a: Rotom|76/100
|
|-heal|p1a: Rotom|82/100|[from] item: Leftovers
|upkeep
|turn|11
|
|t:|1779947127
|switch|p2a: Great Tusk|Great Tusk|17/100
|-terastallize|p1a: Rotom|Steel
|move|p1a: Rotom|Will-O-Wisp|p2a: Great Tusk
|-status|p2a: Great Tusk|brn
|
|-heal|p1a: Rotom|88/100|[from] item: Leftovers
|-damage|p2a: Great Tusk|11/100 brn|[from] brn
|upkeep
|turn|12
|
|t:|1779947140
|switch|p1a: Great Tusk|Great Tusk|71/100
|move|p2a: Great Tusk|Rapid Spin|p1a: Great Tusk
|-damage|p1a: Great Tusk|65/100
|-boost|p2a: Great Tusk|spe|1
|-sideend|p2: Gking10|Stealth Rock|[from] move: Rapid Spin|[of] p2a: Great Tusk
|
|-damage|p2a: Great Tusk|5/100 brn|[from] brn
|upkeep
|turn|13
|
|t:|1779947166
|move|p2a: Great Tusk|Stealth Rock|p1a: Great Tusk
|-sidestart|p1: badteamsub|move: Stealth Rock
|move|p1a: Great Tusk|Rapid Spin|p2a: Great Tusk
|-damage|p2a: Great Tusk|0 fnt
|-boost|p1a: Great Tusk|spe|1
|-sideend|p1: badteamsub|Stealth Rock|[from] move: Rapid Spin|[of] p1a: Great Tusk
|faint|p2a: Great Tusk
|-end|p2a: Great Tusk|Protosynthesis|[silent]
|
|upkeep
|
|t:|1779947174
|switch|p2a: Rillaboom|Rillaboom, M|72/100
|-fieldstart|move: Grassy Terrain|[from] ability: Grassy Surge|[of] p2a: Rillaboom
|turn|14
|
|t:|1779947193
|-end|p1a: Great Tusk|Protosynthesis|[silent]
|switch|p1a: Slowking|Slowking-Galar, F|88/100
|move|p2a: Rillaboom|Knock Off|p1a: Slowking
|-supereffective|p1a: Slowking
|-damage|p1a: Slowking|0 fnt
|-enditem|p1a: Slowking|Leftovers|[from] move: Knock Off|[of] p2a: Rillaboom
|faint|p1a: Slowking
|
|-heal|p2a: Rillaboom|79/100|[from] Grassy Terrain
|upkeep
|
|t:|1779947203
|switch|p1a: Great Tusk|Great Tusk|65/100
|turn|15
|
|t:|1779947245
|switch|p2a: Enamorus|Enamorus, F|100/100
|move|p1a: Great Tusk|Stealth Rock|p2a: Enamorus
|-sidestart|p2: Gking10|move: Stealth Rock
|
|-heal|p1a: Great Tusk|71/100|[from] Grassy Terrain
|upkeep
|turn|16
|
|t:|1779947254
|-end|p1a: Great Tusk|Protosynthesis|[silent]
|switch|p1a: Rotom|Rotom-Wash, tera:Steel|88/100
|move|p2a: Enamorus|Moonblast|p1a: Rotom
|-resisted|p1a: Rotom
|-damage|p1a: Rotom|62/100
|-unboost|p1a: Rotom|spa|1
|
|-heal|p1a: Rotom|68/100|[from] item: Leftovers
|upkeep
|turn|17
|
|t:|1779947270
|switch|p2a: Gholdengo|Gholdengo|90/100
|-damage|p2a: Gholdengo|84/100|[from] Stealth Rock
|move|p1a: Rotom|Volt Switch|p2a: Gholdengo
|-damage|p2a: Gholdengo|66/100
|
|t:|1779947281
|switch|p1a: Great Tusk|Great Tusk|71/100|[from] Volt Switch
|
|-heal|p1a: Great Tusk|77/100|[from] Grassy Terrain
|-heal|p2a: Gholdengo|72/100|[from] Grassy Terrain
|upkeep
|turn|18
|
|t:|1779947292
|switch|p2a: Ogerpon|Ogerpon-Wellspring, F|100/100
|-damage|p2a: Ogerpon|88/100|[from] Stealth Rock
|move|p1a: Great Tusk|Headlong Rush|p2a: Ogerpon
|-resisted|p2a: Ogerpon
|-damage|p2a: Ogerpon|49/100
|-unboost|p1a: Great Tusk|def|1
|-unboost|p1a: Great Tusk|spd|1
|
|-heal|p2a: Ogerpon|55/100|[from] Grassy Terrain
|-heal|p1a: Great Tusk|83/100|[from] Grassy Terrain
|-fieldend|move: Grassy Terrain
|upkeep
|turn|19
|
|t:|1779947306
|-end|p1a: Great Tusk|Protosynthesis|[silent]
|switch|p1a: Dragonite|Dragonite, M|100/100
|move|p2a: Ogerpon|Ivy Cudgel|p1a: Dragonite|[anim] Ivy Cudgel Water
|-resisted|p1a: Dragonite
|-crit|p1a: Dragonite
|-damage|p1a: Dragonite|74/100
|
|upkeep
|turn|20
|
|t:|1779947332
|switch|p1a: Rotom|Rotom-Wash, tera:Steel|68/100
|move|p2a: Ogerpon|Knock Off|p1a: Rotom
|-damage|p1a: Rotom|39/100
|-enditem|p1a: Rotom|Leftovers|[from] move: Knock Off|[of] p2a: Ogerpon
|
|upkeep
|turn|21
|
|t:|1779947370
|move|p2a: Ogerpon|Ivy Cudgel|p1a: Rotom|[anim] Ivy Cudgel Water
|-damage|p1a: Rotom|0 fnt
|faint|p1a: Rotom
|
|upkeep
|
|t:|1779947374
|switch|p1a: Dragonite|Dragonite, M|74/100
|turn|22
|
|t:|1779947381
|move|p1a: Dragonite|Extreme Speed|p2a: Ogerpon
|-damage|p2a: Ogerpon|0 fnt
|faint|p2a: Ogerpon
|
|upkeep
|
|t:|1779947412
|switch|p2a: Enamorus|Enamorus, F|100/100
|-damage|p2a: Enamorus|76/100|[from] Stealth Rock
|turn|23
|
|t:|1779947446
|move|p1a: Dragonite|Extreme Speed|p2a: Enamorus
|-damage|p2a: Enamorus|0 fnt
|faint|p2a: Enamorus
|
|upkeep
|inactive|Battle timer is ON: inactive players will automatically lose when time's up. (requested by badteamsub)
|
|t:|1779947528
|switch|p2a: Rillaboom|Rillaboom, M|79/100
|-damage|p2a: Rillaboom|66/100|[from] Stealth Rock
|-fieldstart|move: Grassy Terrain|[from] ability: Grassy Surge|[of] p2a: Rillaboom
|turn|24
|inactive|Gking10 has 120 seconds left.
|
|t:|1779947561
|switch|p1a: Enamorus|Enamorus, F|100/100
|move|p2a: Rillaboom|U-turn|p1a: Enamorus
|-resisted|p1a: Enamorus
|-damage|p1a: Enamorus|86/100
|inactive|Gking10 has 120 seconds left.
|inactive|Gking10 has 90 seconds left.
|
|t:|1779947608
|switch|p2a: Gholdengo|Gholdengo|72/100|[from] U-turn
|-damage|p2a: Gholdengo|66/100|[from] Stealth Rock
|
|-heal|p2a: Gholdengo|72/100|[from] Grassy Terrain
|upkeep
|turn|25
|inactive|badteamsub has 120 seconds left.
|
|t:|1779947651
|switch|p1a: Dragonite|Dragonite, M|74/100
|move|p2a: Gholdengo|Thunder Wave|p1a: Dragonite
|-status|p1a: Dragonite|par
|
|-heal|p2a: Gholdengo|78/100|[from] Grassy Terrain
|upkeep
|turn|26
|
|t:|1779947669
|move|p2a: Gholdengo|Hex|p1a: Dragonite
|-damage|p1a: Dragonite|9/100 par
|move|p1a: Dragonite|Earthquake|p2a: Gholdengo
|-supereffective|p2a: Gholdengo
|-damage|p2a: Gholdengo|39/100
|
|-heal|p2a: Gholdengo|45/100|[from] Grassy Terrain
|upkeep
|turn|27
|
|t:|1779947677
|switch|p1a: Great Tusk|Great Tusk|83/100
|move|p2a: Gholdengo|Recover|p2a: Gholdengo
|-heal|p2a: Gholdengo|95/100
|
|-heal|p1a: Great Tusk|89/100|[from] Grassy Terrain
|-heal|p2a: Gholdengo|100/100|[from] Grassy Terrain
|upkeep
|turn|28
|
|t:|1779947698
|-terastallize|p2a: Gholdengo|Steel
|move|p1a: Great Tusk|Headlong Rush|p2a: Gholdengo
|-supereffective|p2a: Gholdengo
|-damage|p2a: Gholdengo|14/100
|-unboost|p1a: Great Tusk|def|1
|-unboost|p1a: Great Tusk|spd|1
|move|p2a: Gholdengo|Make It Rain|p1a: Great Tusk
|-damage|p1a: Great Tusk|0 fnt
|-unboost|p2a: Gholdengo|spa|1
|faint|p1a: Great Tusk
|-end|p1a: Great Tusk|Protosynthesis|[silent]
|
|-heal|p2a: Gholdengo|20/100|[from] Grassy Terrain
|-fieldend|move: Grassy Terrain
|upkeep
|
|t:|1779947706
|switch|p1a: Blaziken|Blaziken, M|100/100
|-item|p1a: Blaziken|Air Balloon
|turn|29
|inactive|Gking10 has 60 seconds left.
|
|t:|1779947733
|move|p1a: Blaziken|Knock Off|p2a: Gholdengo
|-damage|p2a: Gholdengo|4/100
|move|p2a: Gholdengo|Thunder Wave|p1a: Blaziken
|-status|p1a: Blaziken|par
|
|-ability|p1a: Blaziken|Speed Boost|boost
|-boost|p1a: Blaziken|spe|1
|upkeep
|turn|30
|inactive|Gking10 has 60 seconds left.
|inactive|badteamsub has 120 seconds left.
|
|t:|1779947766
|move|p2a: Gholdengo|Hex|p1a: Blaziken
|-damage|p1a: Blaziken|46/100 par
|-enditem|p1a: Blaziken|Air Balloon
|move|p1a: Blaziken|Flare Blitz|p2a: Gholdengo
|-supereffective|p2a: Gholdengo
|-damage|p2a: Gholdengo|0 fnt
|faint|p2a: Gholdengo
|-damage|p1a: Blaziken|45/100 par|[from] Recoil
|
|-ability|p1a: Blaziken|Speed Boost|boost
|-boost|p1a: Blaziken|spe|1
|upkeep
|inactive|Gking10 has 30 seconds left.
|inactive|Gking10 has 20 seconds left.
|
|t:|1779947786
|switch|p2a: Rillaboom|Rillaboom, M|66/100
|-damage|p2a: Rillaboom|54/100|[from] Stealth Rock
|-fieldstart|move: Grassy Terrain|[from] ability: Grassy Surge|[of] p2a: Rillaboom
|turn|31
|inactive|Gking10 has 30 seconds left this turn.
|inactive|badteamsub has 120 seconds left.
|
|t:|1779947797
|switch|p2a: Skeledirge|Skeledirge, M|100/100
|-damage|p2a: Skeledirge|76/100|[from] Stealth Rock
|-enditem|p2a: Skeledirge|Grassy Seed
|-boost|p2a: Skeledirge|def|1|[from] item: Grassy Seed
|switch|p1a: Enamorus|Enamorus, F|86/100
|
|-heal|p2a: Skeledirge|82/100|[from] Grassy Terrain
|upkeep
|turn|32
|inactive|Gking10 has 30 seconds left.
|inactive|badteamsub has 120 seconds left.
|inactive|Gking10 has 20 seconds left.
|inactive|Gking10 has 15 seconds left.
|inactive|Gking10 has 10 seconds left.
|
|t:|1779947823
|move|p1a: Enamorus|Earth Power|p2a: Skeledirge
|-supereffective|p2a: Skeledirge
|-damage|p2a: Skeledirge|10/100
|-unboost|p2a: Skeledirge|spd|1
|move|p2a: Skeledirge|Torch Song|p1a: Enamorus
|-damage|p1a: Enamorus|40/100
|-boost|p2a: Skeledirge|spa|1
|
|-heal|p2a: Skeledirge|16/100|[from] Grassy Terrain
|upkeep
|turn|33
|inactive|Gking10 has 20 seconds left this turn.
|inactive|Gking10 has 15 seconds left.
|inactive|Gking10 has 10 seconds left.
|inactive|Gking10 has 5 seconds left.
|
|t:|1779947839
|move|p1a: Enamorus|Earth Power|p2a: Skeledirge
|-supereffective|p2a: Skeledirge
|-damage|p2a: Skeledirge|0 fnt
|faint|p2a: Skeledirge
|
|upkeep
|inactive|Gking10 has 10 seconds left this turn.
|
|t:|1779947843
|switch|p2a: Rillaboom|Rillaboom, M|54/100
|-damage|p2a: Rillaboom|42/100|[from] Stealth Rock
|turn|34
|inactive|Gking10 has 20 seconds left this turn.
|inactive|Gking10 has 15 seconds left.
|
|t:|1779947852
|switch|p1a: Blaziken|Blaziken, M|45/100 par
|move|p2a: Rillaboom|Grassy Glide|p1a: Blaziken
|-resisted|p1a: Blaziken
|-damage|p1a: Blaziken|0 fnt
|faint|p1a: Blaziken
|
|-heal|p2a: Rillaboom|48/100|[from] Grassy Terrain
|upkeep
|
|t:|1779947857
|switch|p1a: Enamorus|Enamorus, F|40/100
|turn|35
|inactive|Gking10 has 30 seconds left this turn.
|
|t:|1779947863
|move|p2a: Rillaboom|Grassy Glide|p1a: Enamorus
|-resisted|p1a: Enamorus
|-damage|p1a: Enamorus|0 fnt
|faint|p1a: Enamorus
|
|-heal|p2a: Rillaboom|54/100|[from] Grassy Terrain
|-fieldend|move: Grassy Terrain
|upkeep
|
|t:|1779947866
|switch|p1a: Dragonite|Dragonite, M|9/100 par
|turn|36
|inactive|Gking10 has 30 seconds left.
|
|t:|1779947877
|move|p1a: Dragonite|Extreme Speed|p2a: Rillaboom
|-damage|p2a: Rillaboom|3/100
|move|p2a: Rillaboom|Grassy Glide|p1a: Dragonite
|-resisted|p1a: Dragonite
|-damage|p1a: Dragonite|0 fnt
|faint|p1a: Dragonite
|
|win|Gking10
|raw|badteamsub's rating: 1468 &rarr; <strong>1449</strong><br />(-19 for losing)
|raw|Gking10's rating: 1491 &rarr; <strong>1510</strong><br />(+19 for winning)
|l|☆badteamsub
|player|p1|
|l|☆Gking10
|player|p2|
