|j|☆mosswasgone
|j|☆krookodile fangirl
|t:|1779823866
|gametype|singles
|player|p1|mosswasgone|iris|1216
|player|p2|krookodile fangirl|roughneck|1203
|gen|9
|tier|[Gen 9] OU
|rated|
|rule|HP Percentage Mod: HP is shown in percentages
|rule|Endless Battle Clause: Forcing endless battles is banned
|rule|Species Clause: Limit one of each Pokémon
|rule|OHKO Clause: OHKO moves are banned
|rule|Evasion Items Clause: Evasion items are banned
|rule|Evasion Moves Clause: Evasion moves are banned
|rule|Evasion Abilities Clause: Evasion abilities are banned
|rule|Sleep Moves Clause: Sleep-inducing moves are banned
|clearpoke
|poke|p1|Komala, M|
|poke|p1|Dragonite, M|
|poke|p1|Greninja-*, M|
|poke|p1|Meowscarada, F|
|poke|p1|Deoxys-Speed|
|poke|p1|Skeledirge, M|
|poke|p2|Krookodile, M|
|poke|p2|Deoxys-Speed|
|poke|p2|Corviknight, F|
|poke|p2|Iron Moth|
|poke|p2|Trevenant, F|
|poke|p2|Primarina, M|
|teampreview
|inactive|Battle timer is ON: inactive players will automatically lose when time's up. (requested by mosswasgone)
|
|t:|1779823871
|teamsize|p1|6
|teamsize|p2|6
|start
|switch|p1a: Deoxys|Deoxys-Speed|100/100
|switch|p2a: The Janitor|Krookodile, M, shiny|100/100
|-ability|p1a: Deoxys|Pressure
|turn|1
|
|t:|1779823879
|move|p1a: Deoxys|Reflect|p1a: Deoxys
|-sidestart|p1: mosswasgone|Reflect
|move|p2a: The Janitor|Knock Off|p1a: Deoxys
|-supereffective|p1a: Deoxys
|-damage|p1a: Deoxys|45/100
|-enditem|p1a: Deoxys|Light Clay|[from] move: Knock Off|[of] p2a: The Janitor
|
|upkeep
|turn|2
|
|t:|1779823888
|switch|p2a: Meta Slave|Corviknight, F|100/100
|move|p1a: Deoxys|Taunt|p2a: Meta Slave
|-start|p2a: Meta Slave|move: Taunt
|
|upkeep
|turn|3
|
|t:|1779823895
|switch|p1a: Skeledirge|Skeledirge, M|100/100
|move|p2a: Meta Slave|U-turn|p1a: Skeledirge
|-resisted|p1a: Skeledirge
|-damage|p1a: Skeledirge|99/100
|
|t:|1779823898
|switch|p2a: Twink Femboy|Primarina, M|100/100|[from] U-turn
|
|upkeep
|turn|4
|
|t:|1779823904
|switch|p1a: Deoxys|Deoxys-Speed|45/100
|-ability|p1a: Deoxys|Pressure
|move|p2a: Twink Femboy|Psychic Noise|p1a: Deoxys
|-damage|p1a: Deoxys|0 fnt
|faint|p1a: Deoxys
|
|upkeep
|
|t:|1779823907
|switch|p1a: Meowscarada|Meowscarada, F|100/100
|turn|5
|
|t:|1779823911
|-terastallize|p2a: Twink Femboy|Steel
|move|p1a: Meowscarada|U-turn|p2a: Twink Femboy
|-start|p1a: Meowscarada|typechange|Bug|[from] ability: Protean
|-resisted|p2a: Twink Femboy
|-damage|p2a: Twink Femboy|80/100
|
|t:|1779823919
|switch|p1a: Komala|Komala, M|100/100|[from] U-turn
|-ability|p1a: Komala|Comatose
|move|p2a: Twink Femboy|Ice Beam|p1a: Komala
|-damage|p1a: Komala|83/100
|
|upkeep
|turn|6
|
|t:|1779823922
|move|p1a: Komala|Superpower|p2a: Twink Femboy
|-supereffective|p2a: Twink Femboy
|-damage|p2a: Twink Femboy|7/100
|-unboost|p1a: Komala|atk|1
|-unboost|p1a: Komala|def|1
|move|p2a: Twink Femboy|Flip Turn|p1a: Komala
|-damage|p1a: Komala|68/100
|
|t:|1779823925
|switch|p2a: The Janitor|Krookodile, M, shiny|100/100|[from] Flip Turn
|
|upkeep
|turn|7
|
|t:|1779823931
|move|p2a: The Janitor|Close Combat|p1a: Komala
|-supereffective|p1a: Komala
|-damage|p1a: Komala|0 fnt
|-unboost|p2a: The Janitor|def|1
|-unboost|p2a: The Janitor|spd|1
|faint|p1a: Komala
|-ability|p2a: The Janitor|Moxie|boost
|-boost|p2a: The Janitor|atk|1
|
|upkeep
|
|t:|1779823934
|switch|p1a: Greninja|Greninja, M|100/100
|turn|8
|
|t:|1779823937
|move|p2a: The Janitor|Close Combat|p1a: Greninja
|-supereffective|p1a: Greninja
|-damage|p1a: Greninja|7/100
|-unboost|p2a: The Janitor|def|1
|-unboost|p2a: The Janitor|spd|1
|move|p1a: Greninja|Surf|p2a: The Janitor
|-supereffective|p2a: The Janitor
|-damage|p2a: The Janitor|0 fnt
|faint|p2a: The Janitor
|-ability|p1a: Greninja|Battle Bond|boost
|-boost|p1a: Greninja|atk|1
|-boost|p1a: Greninja|spa|1
|-boost|p1a: Greninja|spe|1
|-activate|p1a: Greninja|ability: Battle Bond
|-damage|p1a: Greninja|0 fnt|[from] item: Life Orb
|faint|p1a: Greninja
|
|-sideend|p1: mosswasgone|Reflect
|upkeep
|
|t:|1779823948
|switch|p1a: Meowscarada|Meowscarada, F|100/100
|switch|p2a: Invader Zim|Deoxys-Speed, shiny|100/100
|-ability|p2a: Invader Zim|Pressure
|turn|9
|
|t:|1779823950
|move|p1a: Meowscarada|Knock Off|p2a: Invader Zim
|-start|p1a: Meowscarada|typechange|Dark|[from] ability: Protean
|-supereffective|p2a: Invader Zim
|-damage|p2a: Invader Zim|0 fnt
|-enditem|p2a: Invader Zim|Life Orb|[from] move: Knock Off|[of] p1a: Meowscarada
|faint|p2a: Invader Zim
|
|upkeep
|
|t:|1779823955
|switch|p2a: 500 Cigarettes|Iron Moth|100/100
|turn|10
|
|t:|1779823963
|move|p1a: Meowscarada|Knock Off|p2a: 500 Cigarettes
|-damage|p2a: 500 Cigarettes|23/100
|-enditem|p2a: 500 Cigarettes|Heavy-Duty Boots|[from] move: Knock Off|[of] p1a: Meowscarada
|move|p2a: 500 Cigarettes|Dazzling Gleam|p1a: Meowscarada
|-supereffective|p1a: Meowscarada
|-damage|p1a: Meowscarada|7/100
|
|upkeep
|turn|11
|
|t:|1779823969
|-end|p2a: 500 Cigarettes|Quark Drive|[silent]
|switch|p2a: Meta Slave|Corviknight, F|100/100
|move|p1a: Meowscarada|Knock Off|p2a: Meta Slave
|-damage|p2a: Meta Slave|65/100
|-damage|p1a: Meowscarada|0 fnt|[from] item: Rocky Helmet|[of] p2a: Meta Slave
|faint|p1a: Meowscarada
|
|upkeep
|
|t:|1779823976
|switch|p1a: Dragonite|Dragonite, M|100/100
|turn|12
|
|t:|1779823978
|move|p1a: Dragonite|Dragon Dance|p1a: Dragonite
|-boost|p1a: Dragonite|atk|1
|-boost|p1a: Dragonite|spe|1
|move|p2a: Meta Slave|U-turn|p1a: Dragonite
|-resisted|p1a: Dragonite
|-damage|p1a: Dragonite|95/100
|
|t:|1779823980
|switch|p2a: Monster House|Trevenant, F, shiny|100/100|[from] U-turn
|
|upkeep
|turn|13
|
|t:|1779823983
|-terastallize|p1a: Dragonite|Fire
|move|p1a: Dragonite|Fire Punch|p2a: Monster House
|-supereffective|p2a: Monster House
|-damage|p2a: Monster House|0 fnt
|faint|p2a: Monster House
|
|upkeep
|
|t:|1779823987
|switch|p2a: Meta Slave|Corviknight, F|65/100
|turn|14
|-message|krookodile fangirl forfeited.
|
|win|mosswasgone
|raw|mosswasgone's rating: 1216 &rarr; <strong>1240</strong><br />(+24 for winning)
|raw|krookodile fangirl's rating: 1203 &rarr; <strong>1179</strong><br />(-24 for losing)
|l|☆krookodile fangirl
|player|p2|
|l|☆mosswasgone
|player|p1|
