|j|☆Test g17
|j|☆Ralphlala
|t:|1779815621
|gametype|singles
|player|p1|Test g17|hilbert|1247
|player|p2|Ralphlala|hoopster|1256
|gen|9
|tier|[Gen 9] OU
|rated|
|rule|HP Percentage Mod: HP is shown in percentages
|rule|Endless Battle Clause: Forcing endless battles is banned
|rule|Species Clause: Limit one of each Pokémon
|rule|OHKO Clause: OHKO moves are banned
|rule|Evasion Items Clause: Evasion items are banned
|rule|Evasion Moves Clause: Evasion moves are banned
|rule|Evasion Abilities Clause: Evasion abilities are banned
|rule|Sleep Moves Clause: Sleep-inducing moves are banned
|clearpoke
|poke|p1|Feraligatr, M|
|poke|p1|Deoxys-Speed|
|poke|p1|Iron Treads|
|poke|p1|Iron Moth|
|poke|p1|Keldeo-Resolute|
|poke|p1|Kyurem|
|poke|p2|Forretress, M|
|poke|p2|Gengar, M|
|poke|p2|Garchomp, M|
|poke|p2|Cloyster, M|
|poke|p2|Iron Treads|
|poke|p2|Iron Moth|
|teampreview
|inactive|Battle timer is ON: inactive players will automatically lose when time's up. (requested by Ralphlala)
|
|t:|1779815633
|teamsize|p1|6
|teamsize|p2|6
|start
|switch|p1a: Iron Moth|Iron Moth|100/100
|switch|p2a: Bye-Bye|Forretress, M|100/100
|-enditem|p1a: Iron Moth|Booster Energy
|-activate|p1a: Iron Moth|ability: Quark Drive|[fromitem]
|-start|p1a: Iron Moth|quarkdrivespe
|turn|1
|
|t:|1779815643
|move|p1a: Iron Moth|Fiery Dance|p2a: Bye-Bye
|-supereffective|p2a: Bye-Bye
|-ability|p2a: Bye-Bye|Sturdy
|-damage|p2a: Bye-Bye|1/100
|-enditem|p2a: Bye-Bye|Red Card|[of] p1a: Iron Moth
|-end|p1a: Iron Moth|Quark Drive|[silent]
|drag|p1a: Deoxys|Deoxys-Speed|100/100
|-ability|p1a: Deoxys|Pressure
|move|p2a: Bye-Bye|Toxic Spikes|p1a: Deoxys
|-sidestart|p1: Test g17|move: Toxic Spikes
|
|upkeep
|turn|2
|
|t:|1779815653
|move|p1a: Deoxys|Knock Off|p2a: Bye-Bye
|-damage|p2a: Bye-Bye|0 fnt
|faint|p2a: Bye-Bye
|
|upkeep
|
|t:|1779815663
|switch|p2a: Devil|Gengar, M, shiny|100/100
|turn|3
|
|t:|1779815667
|move|p1a: Deoxys|Knock Off|p2a: Devil
|-supereffective|p2a: Devil
|-damage|p2a: Devil|2/100
|-enditem|p2a: Devil|Focus Sash|[from] move: Knock Off|[of] p1a: Deoxys
|move|p2a: Devil|Shadow Ball|p1a: Deoxys
|-supereffective|p1a: Deoxys
|-enditem|p1a: Deoxys|Focus Sash
|-damage|p1a: Deoxys|1/100
|
|upkeep
|turn|4
|
|t:|1779815680
|move|p1a: Deoxys|Knock Off|p2a: Devil
|-supereffective|p2a: Devil
|-damage|p2a: Devil|0 fnt
|faint|p2a: Devil
|
|upkeep
|
|t:|1779815685
|switch|p2a: Dranzer|Garchomp, M, shiny|100/100
|turn|5
|
|t:|1779815694
|move|p1a: Deoxys|Psycho Boost|p2a: Dranzer
|-damage|p2a: Dranzer|49/100
|-unboost|p1a: Deoxys|spa|2
|move|p2a: Dranzer|Crunch|p1a: Deoxys
|-supereffective|p1a: Deoxys
|-damage|p1a: Deoxys|0 fnt
|faint|p1a: Deoxys
|
|upkeep
|
|t:|1779815701
|switch|p1a: Iron Treads|Iron Treads|100/100
|turn|6
|
|t:|1779815704
|move|p1a: Iron Treads|Earth Power|p2a: Dranzer
|-damage|p2a: Dranzer|16/100
|-unboost|p2a: Dranzer|spd|1
|move|p2a: Dranzer|Earthquake|p1a: Iron Treads
|-supereffective|p1a: Iron Treads
|-damage|p1a: Iron Treads|1/100
|
|upkeep
|turn|7
|
|t:|1779815713
|move|p1a: Iron Treads|Earth Power|p2a: Dranzer
|-damage|p2a: Dranzer|0 fnt
|faint|p2a: Dranzer
|
|upkeep
|
|t:|1779815724
|switch|p2a: Charlotte's Web|Iron Moth, shiny|100/100
|-enditem|p2a: Charlotte's Web|Booster Energy
|-activate|p2a: Charlotte's Web|ability: Quark Drive|[fromitem]
|-start|p2a: Charlotte's Web|quarkdrivespe
|turn|8
|
|t:|1779815731
|move|p2a: Charlotte's Web|Fiery Dance|p1a: Iron Treads
|-supereffective|p1a: Iron Treads
|-damage|p1a: Iron Treads|0 fnt
|-boost|p2a: Charlotte's Web|spa|1
|faint|p1a: Iron Treads
|-end|p1a: Iron Treads|Quark Drive|[silent]
|
|upkeep
|
|t:|1779815737
|switch|p1a: Iron Moth|Iron Moth|100/100
|-sideend|p1: Test g17|move: Toxic Spikes|[of] p1a: Iron Moth
|turn|9
|
|t:|1779815749
|move|p2a: Charlotte's Web|Fiery Dance|p1a: Iron Moth
|-resisted|p1a: Iron Moth
|-damage|p1a: Iron Moth|73/100
|-boost|p2a: Charlotte's Web|spa|1
|move|p1a: Iron Moth|Fiery Dance|p2a: Charlotte's Web
|-resisted|p2a: Charlotte's Web
|-damage|p2a: Charlotte's Web|80/100
|-boost|p1a: Iron Moth|spa|1
|
|upkeep
|turn|10
|
|t:|1779815760
|move|p2a: Charlotte's Web|Sludge Wave|p1a: Iron Moth
|-resisted|p1a: Iron Moth
|-damage|p1a: Iron Moth|27/100
|move|p1a: Iron Moth|Sludge Wave|p2a: Charlotte's Web
|-resisted|p2a: Charlotte's Web
|-damage|p2a: Charlotte's Web|49/100
|
|upkeep
|turn|11
|
|t:|1779815767
|move|p2a: Charlotte's Web|Sludge Wave|p1a: Iron Moth
|-resisted|p1a: Iron Moth
|-damage|p1a: Iron Moth|0 fnt
|faint|p1a: Iron Moth
|-end|p1a: Iron Moth|Quark Drive|[silent]
|
|upkeep
|
|t:|1779815771
|switch|p1a: Feraligatr|Feraligatr, M|100/100
|turn|12
|
|t:|1779815778
|move|p1a: Feraligatr|Aqua Jet|p2a: Charlotte's Web
|-supereffective|p2a: Charlotte's Web
|-damage|p2a: Charlotte's Web|0 fnt
|faint|p2a: Charlotte's Web
|-end|p2a: Charlotte's Web|Quark Drive|[silent]
|-damage|p1a: Feraligatr|91/100|[from] item: Life Orb
|
|upkeep
|
|t:|1779815788
|switch|p2a: Poseidon|Cloyster, M, shiny|100/100
|turn|13
|
|t:|1779815793
|move|p2a: Poseidon|Shell Smash|p2a: Poseidon
|-unboost|p2a: Poseidon|def|1
|-unboost|p2a: Poseidon|spd|1
|-boost|p2a: Poseidon|atk|2
|-boost|p2a: Poseidon|spa|2
|-boost|p2a: Poseidon|spe|2
|-enditem|p2a: Poseidon|White Herb
|-clearnegativeboost|p2a: Poseidon|[silent]
|move|p1a: Feraligatr|Crunch|p2a: Poseidon
|-damage|p2a: Poseidon|65/100
|
|upkeep
|turn|14
|
|t:|1779815803
|move|p2a: Poseidon|Rock Blast|p1a: Feraligatr|[miss]
|-miss|p2a: Poseidon|p1a: Feraligatr
|move|p1a: Feraligatr|Crunch|p2a: Poseidon
|-damage|p2a: Poseidon|29/100
|
|upkeep
|turn|15
|
|t:|1779815811
|switch|p1a: Kyurem|Kyurem|100/100
|-ability|p1a: Kyurem|Pressure
|move|p2a: Poseidon|Rock Blast|p1a: Kyurem
|-supereffective|p1a: Kyurem
|-damage|p1a: Kyurem|72/100
|-supereffective|p1a: Kyurem
|-damage|p1a: Kyurem|45/100
|-supereffective|p1a: Kyurem
|-damage|p1a: Kyurem|19/100
|-supereffective|p1a: Kyurem
|-damage|p1a: Kyurem|0 fnt
|faint|p1a: Kyurem
|-hitcount|p1: Kyurem|4
|
|upkeep
|
|t:|1779815814
|switch|p1a: Keldeo|Keldeo-Resolute|100/100
|turn|16
|
|t:|1779815826
|move|p1a: Keldeo|Vacuum Wave|p2a: Poseidon
|-supereffective|p2a: Poseidon
|-damage|p2a: Poseidon|0 fnt
|faint|p2a: Poseidon
|
|upkeep
|
|t:|1779815831
|switch|p2a: Silver Dumbo|Iron Treads|100/100
|-enditem|p2a: Silver Dumbo|Booster Energy
|-activate|p2a: Silver Dumbo|ability: Quark Drive|[fromitem]
|-start|p2a: Silver Dumbo|quarkdrivespe
|turn|17
|
|t:|1779815838
|move|p1a: Keldeo|Vacuum Wave|p2a: Silver Dumbo
|-supereffective|p2a: Silver Dumbo
|-damage|p2a: Silver Dumbo|18/100
|move|p2a: Silver Dumbo|Earthquake|p1a: Keldeo
|-damage|p1a: Keldeo|48/100
|
|upkeep
|turn|18
|
|t:|1779815844
|move|p1a: Keldeo|Vacuum Wave|p2a: Silver Dumbo
|-supereffective|p2a: Silver Dumbo
|-damage|p2a: Silver Dumbo|0 fnt
|faint|p2a: Silver Dumbo
|-end|p2a: Silver Dumbo|Quark Drive|[silent]
|
|win|Test g17
|raw|Test g17's rating: 1247 &rarr; <strong>1273</strong><br />(+26 for winning)
|raw|Ralphlala's rating: 1256 &rarr; <strong>1230</strong><br />(-26 for losing)
|c|☆Ralphlala|gg
|l|☆Test g17
|player|p1|
|l|☆Ralphlala
|player|p2|
