|j|☆excafrost
|j|☆Transit Policy
|t:|1779888140
|gametype|singles
|player|p1|excafrost|gambler|1405
|player|p2|Transit Policy|gentleman-gen4dp|1415
|gen|9
|tier|[Gen 9] OU
|rated|
|rule|HP Percentage Mod: HP is shown in percentages
|rule|Endless Battle Clause: Forcing endless battles is banned
|rule|Species Clause: Limit one of each Pokémon
|rule|OHKO Clause: OHKO moves are banned
|rule|Evasion Items Clause: Evasion items are banned
|rule|Evasion Moves Clause: Evasion moves are banned
|rule|Evasion Abilities Clause: Evasion abilities are banned
|rule|Sleep Moves Clause: Sleep-inducing moves are banned
|clearpoke
|poke|p1|Quaquaval, F|
|poke|p1|Rillaboom, M|
|poke|p1|Hawlucha, M|
|poke|p1|Iron Treads|
|poke|p1|Dragapult, M|
|poke|p1|Raging Bolt|
|poke|p2|Slither Wing|
|poke|p2|Pecharunt|
|poke|p2|Ting-Lu|
|poke|p2|Ogerpon-Wellspring, F|
|poke|p2|Raging Bolt|
|poke|p2|Cinderace, F|
|teampreview
|inactive|Battle timer is ON: inactive players will automatically lose when time's up. (requested by excafrost)
|inactive|excafrost has 120 seconds left.
|
|t:|1779888178
|teamsize|p1|6
|teamsize|p2|6
|start
|switch|p1a: Dragapult|Dragapult, M, shiny|100/100
|switch|p2a: Cupquakke|Ting-Lu, shiny|100/100
|-ability|p2a: Cupquakke|Vessel of Ruin
|turn|1
|
|t:|1779888197
|switch|p1a: Iron Treads|Iron Treads|100/100
|-enditem|p1a: Iron Treads|Booster Energy
|-activate|p1a: Iron Treads|ability: Quark Drive|[fromitem]
|-start|p1a: Iron Treads|quarkdrivespe
|move|p2a: Cupquakke|Ruination|p1a: Iron Treads
|-damage|p1a: Iron Treads|51/100
|
|upkeep
|turn|2
|
|t:|1779888211
|-end|p1a: Iron Treads|Quark Drive|[silent]
|switch|p1a: Rillaboom|Rillaboom, M|100/100
|-fieldstart|move: Grassy Terrain|[from] ability: Grassy Surge|[of] p1a: Rillaboom
|move|p2a: Cupquakke|Stealth Rock|p1a: Rillaboom
|-sidestart|p1: excafrost|move: Stealth Rock
|
|upkeep
|turn|3
|inactive|Transit Policy has 120 seconds left.
|
|t:|1779888245
|switch|p2a: Chief Peech|Pecharunt|100/100
|move|p1a: Rillaboom|U-turn|p2a: Chief Peech
|-resisted|p2a: Chief Peech
|-damage|p2a: Chief Peech|96/100
|inactive|excafrost has 120 seconds left.
|
|t:|1779888271
|switch|p1a: Raging Bolt|Raging Bolt|100/100|[from] U-turn
|-damage|p1a: Raging Bolt|88/100|[from] Stealth Rock
|-enditem|p1a: Raging Bolt|Booster Energy
|-activate|p1a: Raging Bolt|ability: Protosynthesis|[fromitem]
|-start|p1a: Raging Bolt|protosynthesisspa
|
|-heal|p1a: Raging Bolt|94/100|[from] Grassy Terrain
|-heal|p2a: Chief Peech|100/100|[from] Grassy Terrain
|upkeep
|turn|4
|
|t:|1779888277
|switch|p2a: Cupquakke|Ting-Lu, shiny|100/100
|-ability|p2a: Cupquakke|Vessel of Ruin
|move|p1a: Raging Bolt|Draco Meteor|p2a: Cupquakke
|-damage|p2a: Cupquakke|56/100
|-unboost|p1a: Raging Bolt|spa|2
|
|-heal|p1a: Raging Bolt|100/100|[from] Grassy Terrain
|-heal|p2a: Cupquakke|62/100|[from] Grassy Terrain
|-heal|p2a: Cupquakke|68/100|[from] item: Leftovers
|upkeep
|turn|5
|
|t:|1779888292
|-end|p1a: Raging Bolt|Protosynthesis|[silent]
|switch|p1a: Hawlucha|Hawlucha, M|100/100
|-damage|p1a: Hawlucha|88/100|[from] Stealth Rock
|-enditem|p1a: Hawlucha|Grassy Seed
|-boost|p1a: Hawlucha|def|1|[from] item: Grassy Seed
|move|p2a: Cupquakke|Ruination|p1a: Hawlucha
|-damage|p1a: Hawlucha|44/100
|
|-heal|p2a: Cupquakke|75/100|[from] Grassy Terrain
|-heal|p2a: Cupquakke|81/100|[from] item: Leftovers
|upkeep
|turn|6
|inactive|Transit Policy has 120 seconds left.
|
|t:|1779888308
|switch|p2a: Chief Peech|Pecharunt|100/100
|move|p1a: Hawlucha|Swords Dance|p1a: Hawlucha
|-boost|p1a: Hawlucha|atk|2
|
|-fieldend|move: Grassy Terrain
|upkeep
|turn|7
|
|t:|1779888318
|move|p1a: Hawlucha|Acrobatics|p2a: Chief Peech
|-damage|p2a: Chief Peech|55/100
|move|p2a: Chief Peech|Malignant Chain|p1a: Hawlucha
|-damage|p1a: Hawlucha|1/100
|
|upkeep
|turn|8
|
|t:|1779888329
|move|p1a: Hawlucha|Acrobatics|p2a: Chief Peech
|-damage|p2a: Chief Peech|11/100
|move|p2a: Chief Peech|Shadow Ball|p1a: Hawlucha
|-damage|p1a: Hawlucha|0 fnt
|faint|p1a: Hawlucha
|
|upkeep
|
|t:|1779888335
|switch|p1a: Iron Treads|Iron Treads|51/100
|-damage|p1a: Iron Treads|48/100|[from] Stealth Rock
|turn|9
|inactive|Transit Policy has 120 seconds left.
|
|t:|1779888385
|move|p1a: Iron Treads|Stealth Rock|p2a: Chief Peech
|-sidestart|p2: Transit Policy|move: Stealth Rock
|move|p2a: Chief Peech|Recover|p2a: Chief Peech
|-heal|p2a: Chief Peech|61/100
|
|upkeep
|turn|10
|
|t:|1779888392
|move|p1a: Iron Treads|Earth Power|p2a: Chief Peech
|-supereffective|p2a: Chief Peech
|-damage|p2a: Chief Peech|1/100
|move|p2a: Chief Peech|Recover|p2a: Chief Peech
|-heal|p2a: Chief Peech|51/100
|
|upkeep
|turn|11
|
|t:|1779888396
|switch|p2a: Cupquakke|Ting-Lu, shiny|81/100
|-damage|p2a: Cupquakke|75/100|[from] Stealth Rock
|-ability|p2a: Cupquakke|Vessel of Ruin
|move|p1a: Iron Treads|Earth Power|p2a: Cupquakke
|-damage|p2a: Cupquakke|62/100
|
|-heal|p2a: Cupquakke|68/100|[from] item: Leftovers
|upkeep
|turn|12
|
|t:|1779888402
|move|p1a: Iron Treads|Steel Beam|p2a: Cupquakke
|-damage|p2a: Cupquakke|46/100
|-damage|p1a: Iron Treads|0 fnt|[from] steelbeam
|faint|p1a: Iron Treads
|-end|p1a: Iron Treads|Quark Drive|[silent]
|move|p2a: Cupquakke|Ruination|p1: Iron Treads|[notarget]
|-fail|p2a: Cupquakke
|
|-heal|p2a: Cupquakke|52/100|[from] item: Leftovers
|upkeep
|
|t:|1779888409
|switch|p1a: Rillaboom|Rillaboom, M|100/100
|-damage|p1a: Rillaboom|88/100|[from] Stealth Rock
|-fieldstart|move: Grassy Terrain|[from] ability: Grassy Surge|[of] p1a: Rillaboom
|turn|13
|inactive|Transit Policy has 120 seconds left.
|inactive|Transit Policy has 90 seconds left.
|
|t:|1779888472
|switch|p2a: Bolt The Sweeper|Raging Bolt|100/100
|-damage|p2a: Bolt The Sweeper|88/100|[from] Stealth Rock
|move|p1a: Rillaboom|Wood Hammer|p2a: Bolt The Sweeper
|-resisted|p2a: Bolt The Sweeper
|-damage|p2a: Bolt The Sweeper|32/100
|-damage|p1a: Rillaboom|67/100|[from] Recoil
|
|-heal|p1a: Rillaboom|73/100|[from] Grassy Terrain
|-heal|p2a: Bolt The Sweeper|38/100|[from] Grassy Terrain
|upkeep
|turn|14
|inactive|Transit Policy has 60 seconds left.
|
|t:|1779888495
|move|p1a: Rillaboom|Wood Hammer|p2a: Bolt The Sweeper
|-resisted|p2a: Bolt The Sweeper
|-damage|p2a: Bolt The Sweeper|0 fnt
|faint|p2a: Bolt The Sweeper
|-end|p2a: Bolt The Sweeper|Protosynthesis|[silent]
|-damage|p1a: Rillaboom|59/100|[from] Recoil
|
|-heal|p1a: Rillaboom|65/100|[from] Grassy Terrain
|upkeep
|
|t:|1779888499
|switch|p2a: Slitha|Slither Wing, shiny|100/100
|-damage|p2a: Slitha|88/100|[from] Stealth Rock
|turn|15
|
|t:|1779888515
|switch|p1a: Quaquaval|Quaquaval, F, shiny|100/100
|-damage|p1a: Quaquaval|94/100|[from] Stealth Rock
|move|p2a: Slitha|First Impression|p1a: Quaquaval
|-resisted|p1a: Quaquaval
|-damage|p1a: Quaquaval|42/100
|
|-heal|p1a: Quaquaval|48/100|[from] Grassy Terrain
|-heal|p2a: Slitha|94/100|[from] Grassy Terrain
|upkeep
|turn|16
|
|t:|1779888525
|-end|p2a: Slitha|Protosynthesis|[silent]
|switch|p2a: Chief Peech|Pecharunt|51/100
|move|p1a: Quaquaval|Aqua Step|p2a: Chief Peech
|-damage|p2a: Chief Peech|32/100
|-boost|p1a: Quaquaval|spe|1
|
|-heal|p1a: Quaquaval|55/100|[from] Grassy Terrain
|-heal|p2a: Chief Peech|38/100|[from] Grassy Terrain
|upkeep
|turn|17
|
|t:|1779888531
|move|p1a: Quaquaval|Knock Off|p2a: Chief Peech
|-supereffective|p2a: Chief Peech
|-damage|p2a: Chief Peech|10/100
|-enditem|p2a: Chief Peech|Heavy-Duty Boots|[from] move: Knock Off|[of] p1a: Quaquaval
|move|p2a: Chief Peech|Recover|p2a: Chief Peech
|-heal|p2a: Chief Peech|60/100
|
|-heal|p1a: Quaquaval|61/100|[from] Grassy Terrain
|-heal|p2a: Chief Peech|66/100|[from] Grassy Terrain
|-fieldend|move: Grassy Terrain
|upkeep
|turn|18
|
|t:|1779888545
|-terastallize|p1a: Quaquaval|Steel
|move|p1a: Quaquaval|Aqua Step|p2a: Chief Peech
|-damage|p2a: Chief Peech|48/100
|-boost|p1a: Quaquaval|spe|1
|move|p2a: Chief Peech|Malignant Chain|p1a: Quaquaval
|-immune|p1a: Quaquaval
|
|upkeep
|turn|19
|
|t:|1779888549
|move|p1a: Quaquaval|Knock Off|p2a: Chief Peech
|-supereffective|p2a: Chief Peech
|-damage|p2a: Chief Peech|26/100
|move|p2a: Chief Peech|Recover|p2a: Chief Peech
|-heal|p2a: Chief Peech|76/100
|
|upkeep
|turn|20
|
|t:|1779888555
|move|p1a: Quaquaval|Aqua Step|p2a: Chief Peech
|-damage|p2a: Chief Peech|59/100
|-boost|p1a: Quaquaval|spe|1
|move|p2a: Chief Peech|Shadow Ball|p1a: Quaquaval
|-damage|p1a: Quaquaval|40/100
|
|upkeep
|turn|21
|
|t:|1779888560
|move|p1a: Quaquaval|Knock Off|p2a: Chief Peech
|-supereffective|p2a: Chief Peech
|-damage|p2a: Chief Peech|40/100
|move|p2a: Chief Peech|Shadow Ball|p1a: Quaquaval
|-damage|p1a: Quaquaval|17/100
|-unboost|p1a: Quaquaval|spd|1
|
|upkeep
|turn|22
|
|t:|1779888563
|move|p1a: Quaquaval|Knock Off|p2a: Chief Peech
|-supereffective|p2a: Chief Peech
|-damage|p2a: Chief Peech|20/100
|move|p2a: Chief Peech|Recover|p2a: Chief Peech
|-heal|p2a: Chief Peech|70/100
|
|upkeep
|turn|23
|
|t:|1779888567
|move|p1a: Quaquaval|Knock Off|p2a: Chief Peech
|-supereffective|p2a: Chief Peech
|-damage|p2a: Chief Peech|50/100
|move|p2a: Chief Peech|Shadow Ball|p1a: Quaquaval
|-damage|p1a: Quaquaval|0 fnt
|faint|p1a: Quaquaval
|
|upkeep
|
|t:|1779888571
|switch|p1a: Dragapult|Dragapult, M, shiny|100/100
|turn|24
|
|t:|1779888579
|switch|p2a: Polo C|Cinderace, F|100/100
|move|p1a: Dragapult|Hex|p2a: Polo C
|-damage|p2a: Polo C|63/100
|
|upkeep
|turn|25
|
|t:|1779888592
|move|p1a: Dragapult|Thunder Wave|p2a: Polo C
|-status|p2a: Polo C|par
|cant|p2a: Polo C|par
|
|upkeep
|turn|26
|
|t:|1779888596
|move|p1a: Dragapult|Hex|p2a: Polo C
|-damage|p2a: Polo C|0 fnt
|faint|p2a: Polo C
|
|upkeep
|
|t:|1779888605
|switch|p2a: Cupquakke|Ting-Lu, shiny|52/100
|-damage|p2a: Cupquakke|46/100|[from] Stealth Rock
|-ability|p2a: Cupquakke|Vessel of Ruin
|turn|27
|
|t:|1779888615
|move|p1a: Dragapult|Draco Meteor|p2a: Cupquakke
|-damage|p2a: Cupquakke|21/100
|-unboost|p1a: Dragapult|spa|2
|move|p2a: Cupquakke|Earthquake|p1a: Dragapult
|-damage|p1a: Dragapult|52/100
|
|-heal|p2a: Cupquakke|27/100|[from] item: Leftovers
|upkeep
|turn|28
|
|t:|1779888621
|switch|p1a: Raging Bolt|Raging Bolt|100/100
|-damage|p1a: Raging Bolt|88/100|[from] Stealth Rock
|move|p2a: Cupquakke|Whirlwind|p1a: Raging Bolt
|-end|p1a: Raging Bolt|Protosynthesis|[silent]
|drag|p1a: Rillaboom|Rillaboom, M|65/100
|-damage|p1a: Rillaboom|53/100|[from] Stealth Rock
|-fieldstart|move: Grassy Terrain|[from] ability: Grassy Surge|[of] p1a: Rillaboom
|
|-heal|p1a: Rillaboom|59/100|[from] Grassy Terrain
|-heal|p2a: Cupquakke|33/100|[from] Grassy Terrain
|-heal|p2a: Cupquakke|39/100|[from] item: Leftovers
|upkeep
|turn|29
|
|t:|1779888641
|switch|p2a: Chief Peech|Pecharunt|50/100
|-damage|p2a: Chief Peech|37/100|[from] Stealth Rock
|move|p1a: Rillaboom|U-turn|p2a: Chief Peech
|-resisted|p2a: Chief Peech
|-damage|p2a: Chief Peech|33/100
|
|t:|1779888650
|switch|p1a: Dragapult|Dragapult, M, shiny|52/100|[from] U-turn
|
|-heal|p1a: Dragapult|58/100|[from] Grassy Terrain
|-heal|p2a: Chief Peech|39/100|[from] Grassy Terrain
|upkeep
|turn|30
|
|t:|1779888657
|move|p1a: Dragapult|Hex|p2a: Chief Peech
|-supereffective|p2a: Chief Peech
|-damage|p2a: Chief Peech|0 fnt
|faint|p2a: Chief Peech
|
|-heal|p1a: Dragapult|64/100|[from] Grassy Terrain
|upkeep
|
|t:|1779888672
|switch|p2a: Cupquakke|Ting-Lu, shiny|39/100
|-damage|p2a: Cupquakke|33/100|[from] Stealth Rock
|-ability|p2a: Cupquakke|Vessel of Ruin
|turn|31
|
|t:|1779888679
|move|p1a: Dragapult|Draco Meteor|p2a: Cupquakke|[miss]
|-miss|p1a: Dragapult|p2a: Cupquakke
|move|p2a: Cupquakke|Ruination|p1a: Dragapult
|-damage|p1a: Dragapult|32/100
|
|-heal|p1a: Dragapult|38/100|[from] Grassy Terrain
|-heal|p2a: Cupquakke|39/100|[from] Grassy Terrain
|-heal|p2a: Cupquakke|45/100|[from] item: Leftovers
|upkeep
|turn|32
|
|t:|1779888685
|move|p1a: Dragapult|Draco Meteor|p2a: Cupquakke
|-damage|p2a: Cupquakke|20/100
|-unboost|p1a: Dragapult|spa|2
|move|p2a: Cupquakke|Earthquake|p1a: Dragapult
|-damage|p1a: Dragapult|13/100
|
|-heal|p1a: Dragapult|19/100|[from] Grassy Terrain
|-heal|p2a: Cupquakke|27/100|[from] Grassy Terrain
|-heal|p2a: Cupquakke|33/100|[from] item: Leftovers
|-fieldend|move: Grassy Terrain
|upkeep
|turn|33
|
|t:|1779888691
|switch|p1a: Rillaboom|Rillaboom, M|59/100
|-damage|p1a: Rillaboom|47/100|[from] Stealth Rock
|-fieldstart|move: Grassy Terrain|[from] ability: Grassy Surge|[of] p1a: Rillaboom
|move|p2a: Cupquakke|Earthquake|p1a: Rillaboom
|-resisted|p1a: Rillaboom
|-damage|p1a: Rillaboom|36/100
|
|-heal|p1a: Rillaboom|42/100|[from] Grassy Terrain
|-heal|p2a: Cupquakke|39/100|[from] Grassy Terrain
|-heal|p2a: Cupquakke|45/100|[from] item: Leftovers
|upkeep
|turn|34
|
|t:|1779888725
|switch|p2a: Slitha|Slither Wing, shiny|94/100
|-damage|p2a: Slitha|82/100|[from] Stealth Rock
|move|p1a: Rillaboom|U-turn|p2a: Slitha
|-resisted|p2a: Slitha
|-damage|p2a: Slitha|56/100
|
|t:|1779888744
|switch|p1a: Dragapult|Dragapult, M, shiny|19/100|[from] U-turn
|
|-heal|p1a: Dragapult|25/100|[from] Grassy Terrain
|-heal|p2a: Slitha|63/100|[from] Grassy Terrain
|upkeep
|turn|35
|
|t:|1779888753
|move|p2a: Slitha|First Impression|p1a: Dragapult
|-resisted|p1a: Dragapult
|-damage|p1a: Dragapult|0 fnt
|faint|p1a: Dragapult
|
|-heal|p2a: Slitha|69/100|[from] Grassy Terrain
|upkeep
|
|t:|1779888773
|switch|p1a: Raging Bolt|Raging Bolt|88/100
|-damage|p1a: Raging Bolt|76/100|[from] Stealth Rock
|turn|36
|
|t:|1779888777
|-end|p2a: Slitha|Protosynthesis|[silent]
|switch|p2a: Cupquakke|Ting-Lu, shiny|45/100
|-damage|p2a: Cupquakke|39/100|[from] Stealth Rock
|-ability|p2a: Cupquakke|Vessel of Ruin
|move|p1a: Raging Bolt|Calm Mind|p1a: Raging Bolt
|-boost|p1a: Raging Bolt|spa|1
|-boost|p1a: Raging Bolt|spd|1
|
|-heal|p1a: Raging Bolt|82/100|[from] Grassy Terrain
|-heal|p2a: Cupquakke|45/100|[from] Grassy Terrain
|-heal|p2a: Cupquakke|51/100|[from] item: Leftovers
|upkeep
|turn|37
|
|t:|1779888781
|move|p1a: Raging Bolt|Draco Meteor|p2a: Cupquakke|[miss]
|-miss|p1a: Raging Bolt|p2a: Cupquakke
|move|p2a: Cupquakke|Whirlwind|p1a: Raging Bolt
|-end|p1a: Raging Bolt|Protosynthesis|[silent]
|drag|p1a: Rillaboom|Rillaboom, M|42/100
|-damage|p1a: Rillaboom|30/100|[from] Stealth Rock
|
|-heal|p1a: Rillaboom|36/100|[from] Grassy Terrain
|-heal|p2a: Cupquakke|58/100|[from] Grassy Terrain
|-heal|p2a: Cupquakke|64/100|[from] item: Leftovers
|-fieldend|move: Grassy Terrain
|upkeep
|turn|38
|
|t:|1779888788
|move|p1a: Rillaboom|U-turn|p2a: Cupquakke
|-supereffective|p2a: Cupquakke
|-damage|p2a: Cupquakke|24/100
|
|t:|1779888791
|switch|p1a: Raging Bolt|Raging Bolt|82/100|[from] U-turn
|-damage|p1a: Raging Bolt|70/100|[from] Stealth Rock
|move|p2a: Cupquakke|Earthquake|p1a: Raging Bolt
|-supereffective|p1a: Raging Bolt
|-damage|p1a: Raging Bolt|2/100
|
|-heal|p2a: Cupquakke|30/100|[from] item: Leftovers
|upkeep
|turn|39
|
|t:|1779888796
|move|p1a: Raging Bolt|Draco Meteor|p2a: Cupquakke|[miss]
|-miss|p1a: Raging Bolt|p2a: Cupquakke
|move|p2a: Cupquakke|Earthquake|p1a: Raging Bolt
|-supereffective|p1a: Raging Bolt
|-damage|p1a: Raging Bolt|0 fnt
|faint|p1a: Raging Bolt
|-end|p1a: Raging Bolt|Protosynthesis|[silent]
|
|-heal|p2a: Cupquakke|36/100|[from] item: Leftovers
|upkeep
|c|☆excafrost|yeah nice one
|c|☆Transit Policy|sorry for hax
|
|t:|1779888813
|switch|p1a: Rillaboom|Rillaboom, M|36/100
|-damage|p1a: Rillaboom|24/100|[from] Stealth Rock
|-fieldstart|move: Grassy Terrain|[from] ability: Grassy Surge|[of] p1a: Rillaboom
|turn|40
|
|t:|1779888836
|move|p1a: Rillaboom|Grassy Glide|p2a: Cupquakke
|-supereffective|p2a: Cupquakke
|-damage|p2a: Cupquakke|0 fnt
|faint|p2a: Cupquakke
|
|-heal|p1a: Rillaboom|30/100|[from] Grassy Terrain
|upkeep
|
|t:|1779888839
|switch|p2a: Slitha|Slither Wing, shiny|69/100
|-damage|p2a: Slitha|56/100|[from] Stealth Rock
|turn|41
|
|t:|1779888841
|move|p2a: Slitha|First Impression|p1a: Rillaboom
|-supereffective|p1a: Rillaboom
|-damage|p1a: Rillaboom|0 fnt
|faint|p1a: Rillaboom
|
|win|Transit Policy
|raw|excafrost's rating: 1405 &rarr; <strong>1386</strong><br />(-19 for losing)
|raw|Transit Policy's rating: 1415 &rarr; <strong>1434</strong><br />(+19 for winning)
|c|☆Transit Policy|gg
|c|☆excafrost|gg
