|j|☆seirg
|j|☆claudechamp
|t:|1779909411
|gametype|singles
|player|p1|seirg|janitor|1149
|player|p2|claudechamp|169|1104
|gen|9
|tier|[Gen 9] OU
|rated|
|rule|HP Percentage Mod: HP is shown in percentages
|rule|Endless Battle Clause: Forcing endless battles is banned
|rule|Species Clause: Limit one of each Pokémon
|rule|OHKO Clause: OHKO moves are banned
|rule|Evasion Items Clause: Evasion items are banned
|rule|Evasion Moves Clause: Evasion moves are banned
|rule|Evasion Abilities Clause: Evasion abilities are banned
|rule|Sleep Moves Clause: Sleep-inducing moves are banned
|clearpoke
|poke|p1|Hoopa|
|poke|p1|Cinderace, F|
|poke|p1|Mandibuzz, F|
|poke|p1|Kyurem|
|poke|p1|Ting-Lu|
|poke|p1|Manaphy|
|poke|p2|Gliscor, M|
|poke|p2|Gholdengo|
|poke|p2|Zamazenta-*|
|poke|p2|Blissey, F|
|poke|p2|Skarmory, F|
|poke|p2|Pecharunt|
|teampreview
|c|☆claudechamp|hf
|inactive|Battle timer is ON: inactive players will automatically lose when time's up. (requested by claudechamp)
|
|t:|1779909414
|teamsize|p1|6
|teamsize|p2|6
|start
|switch|p1a: Hoopa|Hoopa|100/100
|switch|p2a: Skarmory|Skarmory, F|100/100
|turn|1
|
|t:|1779909435
|switch|p1a: Cinderace|Cinderace, F|100/100
|move|p2a: Skarmory|Spikes|p1a: Cinderace
|-sidestart|p1: seirg|Spikes
|
|upkeep
|turn|2
|
|t:|1779909447
|move|p1a: Cinderace|Pyro Ball|p2a: Skarmory
|-supereffective|p2a: Skarmory
|-damage|p2a: Skarmory|12/100
|move|p2a: Skarmory|Spikes|p1a: Cinderace
|-sidestart|p1: seirg|Spikes
|
|upkeep
|turn|3
|
|t:|1779909456
|switch|p2a: Pecharunt|Pecharunt|100/100
|move|p1a: Cinderace|Court Change|p1a: Cinderace
|-start|p1a: Cinderace|typechange|Normal|[from] ability: Libero
|-swapsideconditions
|-activate|p1a: Cinderace|move: Court Change
|
|upkeep
|turn|4
|
|t:|1779909473
|switch|p1a: Manaphy|Manaphy|100/100
|move|p2a: Pecharunt|Toxic|p1a: Manaphy
|-status|p1a: Manaphy|tox
|-start|p1a: Manaphy|confusion|[from] ability: Poison Puppeteer|[of] p2a: Pecharunt
|
|-damage|p1a: Manaphy|94/100 tox|[from] psn
|upkeep
|turn|5
|
|t:|1779909481
|-activate|p1a: Manaphy|confusion
|move|p1a: Manaphy|Take Heart|p1a: Manaphy
|-boost|p1a: Manaphy|spa|1
|-boost|p1a: Manaphy|spd|1
|-curestatus|p1a: Manaphy|tox|[msg]
|move|p2a: Pecharunt|Shadow Ball|p1a: Manaphy
|-damage|p1a: Manaphy|80/100
|
|-heal|p1a: Manaphy|86/100|[from] item: Leftovers
|upkeep
|turn|6
|
|t:|1779909496
|switch|p2a: Blissey|Blissey, F|100/100
|-activate|p1a: Manaphy|confusion
|-damage|p1a: Manaphy|80/100|[from] confusion
|
|-heal|p1a: Manaphy|86/100|[from] item: Leftovers
|upkeep
|turn|7
|
|t:|1779909505
|switch|p1a: Hoopa|Hoopa|100/100
|move|p2a: Blissey|Shadow Ball|p1a: Hoopa
|-supereffective|p1a: Hoopa
|-damage|p1a: Hoopa|51/100
|
|upkeep
|turn|8
|
|t:|1779909511
|-terastallize|p1a: Hoopa|Fairy
|move|p1a: Hoopa|Calm Mind|p1a: Hoopa
|-boost|p1a: Hoopa|spa|1
|-boost|p1a: Hoopa|spd|1
|move|p2a: Blissey|Stealth Rock|p1a: Hoopa
|-sidestart|p1: seirg|move: Stealth Rock
|
|upkeep
|turn|9
|
|t:|1779909519
|move|p1a: Hoopa|Calm Mind|p1a: Hoopa
|-boost|p1a: Hoopa|spa|1
|-boost|p1a: Hoopa|spd|1
|move|p2a: Blissey|Shadow Ball|p1a: Hoopa
|-damage|p1a: Hoopa|45/100
|
|upkeep
|turn|10
|
|t:|1779909528
|move|p1a: Hoopa|Substitute|p1a: Hoopa
|-start|p1a: Hoopa|Substitute
|-damage|p1a: Hoopa|20/100
|-enditem|p1a: Hoopa|Aguav Berry|[eat]
|-heal|p1a: Hoopa|53/100|[from] item: Aguav Berry
|move|p2a: Blissey|Shadow Ball|p1a: Hoopa
|-activate|p1a: Hoopa|move: Substitute|[damage]
|
|upkeep
|turn|11
|
|t:|1779909539
|switch|p2a: Gliscor|Gliscor, M|100/100
|move|p1a: Hoopa|Calm Mind|p1a: Hoopa
|-boost|p1a: Hoopa|spa|1
|-boost|p1a: Hoopa|spd|1
|
|-status|p2a: Gliscor|tox|[from] item: Toxic Orb
|upkeep
|turn|12
|
|t:|1779909547
|move|p2a: Gliscor|Earthquake|p1a: Hoopa
|-end|p1a: Hoopa|Substitute
|move|p1a: Hoopa|Shadow Ball|p2a: Gliscor
|-damage|p2a: Gliscor|0 fnt
|faint|p2a: Gliscor
|-item|p1a: Hoopa|Toxic Orb|[from] ability: Magician|[of] p2: Gliscor
|
|-status|p1a: Hoopa|tox|[from] item: Toxic Orb
|upkeep
|
|t:|1779909550
|switch|p2a: Zamazenta|Zamazenta|100/100
|-ability|p2a: Zamazenta|Dauntless Shield|boost
|-boost|p2a: Zamazenta|def|1
|turn|13
|
|t:|1779909556
|move|p2a: Zamazenta|Heavy Slam|p1a: Hoopa
|-supereffective|p1a: Hoopa
|-damage|p1a: Hoopa|0 fnt
|faint|p1a: Hoopa
|
|upkeep
|
|t:|1779909567
|switch|p1a: Mandibuzz|Mandibuzz, F, shiny|100/100
|-damage|p1a: Mandibuzz|76/100|[from] Stealth Rock
|turn|14
|
|t:|1779909572
|move|p2a: Zamazenta|Close Combat|p1a: Mandibuzz
|-damage|p1a: Mandibuzz|43/100
|-unboost|p2a: Zamazenta|def|1
|-unboost|p2a: Zamazenta|spd|1
|-damage|p2a: Zamazenta|84/100|[from] item: Rocky Helmet|[of] p1a: Mandibuzz
|move|p1a: Mandibuzz|Toxic|p2a: Zamazenta|[miss]
|-miss|p1a: Mandibuzz|p2a: Zamazenta
|
|upkeep
|turn|15
|
|t:|1779909585
|switch|p2a: Pecharunt|Pecharunt|100/100
|move|p1a: Mandibuzz|Roost|p1a: Mandibuzz
|-heal|p1a: Mandibuzz|93/100
|-singleturn|p1a: Mandibuzz|move: Roost
|
|upkeep
|turn|16
|
|t:|1779909597
|move|p2a: Pecharunt|Toxic|p1a: Mandibuzz
|-status|p1a: Mandibuzz|tox
|-start|p1a: Mandibuzz|confusion|[from] ability: Poison Puppeteer|[of] p2a: Pecharunt
|-activate|p1a: Mandibuzz|confusion
|move|p1a: Mandibuzz|Foul Play|p2a: Pecharunt
|-supereffective|p2a: Pecharunt
|-damage|p2a: Pecharunt|81/100
|
|-damage|p1a: Mandibuzz|87/100 tox|[from] psn
|upkeep
|turn|17
|
|t:|1779909611
|move|p2a: Pecharunt|Recover|p2a: Pecharunt
|-heal|p2a: Pecharunt|100/100
|-activate|p1a: Mandibuzz|confusion
|move|p1a: Mandibuzz|Defog|p2a: Pecharunt
|-unboost|p2a: Pecharunt|evasion|1
|-sideend|p2: claudechamp|Spikes|[from] move: Defog|[of] p1a: Mandibuzz
|-sideend|p1: seirg|Stealth Rock|[from] move: Defog|[of] p1a: Mandibuzz
|
|-damage|p1a: Mandibuzz|75/100 tox|[from] psn
|upkeep
|turn|18
|
|t:|1779909625
|switch|p1a: Manaphy|Manaphy|86/100
|move|p2a: Pecharunt|Parting Shot|p1a: Manaphy
|-unboost|p1a: Manaphy|atk|1
|-unboost|p1a: Manaphy|spa|1
|
|t:|1779909635
|switch|p2a: Zamazenta|Zamazenta|84/100|[from] Parting Shot
|
|-heal|p1a: Manaphy|93/100|[from] item: Leftovers
|upkeep
|turn|19
|
|t:|1779909652
|switch|p1a: Kyurem|Kyurem|100/100
|-ability|p1a: Kyurem|Pressure
|move|p2a: Zamazenta|Close Combat|p1a: Kyurem
|-supereffective|p1a: Kyurem
|-damage|p1a: Kyurem|0 fnt
|-unboost|p2a: Zamazenta|def|1
|-unboost|p2a: Zamazenta|spd|1
|faint|p1a: Kyurem
|
|upkeep
|
|t:|1779909666
|switch|p1a: Cinderace|Cinderace, F|100/100
|turn|20
|
|t:|1779909683
|switch|p2a: Pecharunt|Pecharunt|100/100
|move|p1a: Cinderace|Pyro Ball|p2a: Pecharunt
|-damage|p2a: Pecharunt|68/100
|
|upkeep
|turn|21
|
|t:|1779909700
|move|p1a: Cinderace|U-turn|p2a: Pecharunt
|-start|p1a: Cinderace|typechange|Bug|[from] ability: Libero
|-resisted|p2a: Pecharunt
|-damage|p2a: Pecharunt|64/100
|
|t:|1779909703
|switch|p1a: Manaphy|Manaphy|93/100|[from] U-turn
|move|p2a: Pecharunt|Toxic|p1a: Manaphy
|-status|p1a: Manaphy|tox
|-start|p1a: Manaphy|confusion|[from] ability: Poison Puppeteer|[of] p2a: Pecharunt
|
|-heal|p1a: Manaphy|99/100 tox|[from] item: Leftovers
|-damage|p1a: Manaphy|93/100 tox|[from] psn
|upkeep
|turn|22
|
|t:|1779909715
|-activate|p1a: Manaphy|confusion
|move|p1a: Manaphy|Take Heart|p1a: Manaphy
|-boost|p1a: Manaphy|spa|1
|-boost|p1a: Manaphy|spd|1
|-curestatus|p1a: Manaphy|tox|[msg]
|move|p2a: Pecharunt|Recover|p2a: Pecharunt
|-heal|p2a: Pecharunt|100/100
|
|-heal|p1a: Manaphy|99/100|[from] item: Leftovers
|upkeep
|turn|23
|
|t:|1779909730
|-activate|p1a: Manaphy|confusion
|move|p1a: Manaphy|Tail Glow|p1a: Manaphy
|-boost|p1a: Manaphy|spa|3
|move|p2a: Pecharunt|Shadow Ball|p1a: Manaphy
|-damage|p1a: Manaphy|85/100
|-unboost|p1a: Manaphy|spd|1
|
|-heal|p1a: Manaphy|91/100|[from] item: Leftovers
|upkeep
|turn|24
|
|t:|1779909742
|switch|p2a: Blissey|Blissey, F|100/100
|-activate|p1a: Manaphy|confusion
|move|p1a: Manaphy|Scald|p2a: Blissey
|-damage|p2a: Blissey|75/100
|
|-heal|p1a: Manaphy|97/100|[from] item: Leftovers
|upkeep
|turn|25
|inactive|claudechamp has 120 seconds left.
|
|t:|1779909762
|-end|p1a: Manaphy|confusion
|move|p1a: Manaphy|Take Heart|p1a: Manaphy
|-boost|p1a: Manaphy|spa|1
|-boost|p1a: Manaphy|spd|1
|move|p2a: Blissey|Shadow Ball|p1a: Manaphy
|-damage|p1a: Manaphy|89/100
|
|-heal|p1a: Manaphy|95/100|[from] item: Leftovers
|upkeep
|turn|26
|inactive|claudechamp has 120 seconds left.
|
|t:|1779909774
|-terastallize|p2a: Blissey|Dark
|move|p1a: Manaphy|Scald|p2a: Blissey
|-damage|p2a: Blissey|45/100
|move|p2a: Blissey|Soft-Boiled|p2a: Blissey
|-heal|p2a: Blissey|95/100
|
|-heal|p1a: Manaphy|100/100|[from] item: Leftovers
|upkeep
|turn|27
|inactive|claudechamp has 120 seconds left.
|
|t:|1779909790
|move|p1a: Manaphy|Alluring Voice|p2a: Blissey
|-supereffective|p2a: Blissey
|-damage|p2a: Blissey|57/100
|move|p2a: Blissey|Shadow Ball|p1a: Manaphy
|-damage|p1a: Manaphy|92/100
|
|-heal|p1a: Manaphy|98/100|[from] item: Leftovers
|upkeep
|turn|28
|
|t:|1779909815
|switch|p2a: Gholdengo|Gholdengo|100/100
|move|p1a: Manaphy|Alluring Voice|p2a: Gholdengo
|-resisted|p2a: Gholdengo
|-damage|p2a: Gholdengo|69/100
|
|-heal|p1a: Manaphy|100/100|[from] item: Leftovers
|upkeep
|turn|29
|
|t:|1779909832
|switch|p2a: Blissey|Blissey, F, tera:Dark|57/100
|move|p1a: Manaphy|Scald|p2a: Blissey
|-damage|p2a: Blissey|25/100
|
|upkeep
|turn|30
|inactive|claudechamp has 90 seconds left.
|
|t:|1779909849
|move|p1a: Manaphy|Scald|p2a: Blissey
|-damage|p2a: Blissey|0 fnt
|faint|p2a: Blissey
|
|upkeep
|inactive|claudechamp has 90 seconds left.
|
|t:|1779909860
|switch|p2a: Pecharunt|Pecharunt|100/100
|turn|31
|inactive|claudechamp has 90 seconds left.
|
|t:|1779909877
|move|p1a: Manaphy|Scald|p2a: Pecharunt
|-damage|p2a: Pecharunt|3/100
|move|p2a: Pecharunt|Shadow Ball|p1a: Manaphy
|-damage|p1a: Manaphy|85/100
|
|-heal|p1a: Manaphy|92/100|[from] item: Leftovers
|upkeep
|turn|32
|
|t:|1779909899
|switch|p2a: Zamazenta|Zamazenta|84/100
|move|p1a: Manaphy|Scald|p2a: Zamazenta
|-damage|p2a: Zamazenta|0 fnt
|faint|p2a: Zamazenta
|
|-heal|p1a: Manaphy|98/100|[from] item: Leftovers
|upkeep
|inactive|claudechamp has 60 seconds left.
|
|t:|1779909915
|switch|p2a: Gholdengo|Gholdengo|69/100
|turn|33
|inactive|claudechamp has 60 seconds left.
|
|t:|1779909930
|move|p1a: Manaphy|Scald|p2a: Gholdengo
|-damage|p2a: Gholdengo|0 fnt
|faint|p2a: Gholdengo
|
|-heal|p1a: Manaphy|100/100|[from] item: Leftovers
|upkeep
|inactive|claudechamp has 60 seconds left.
|
|t:|1779909941
|switch|p2a: Skarmory|Skarmory, F|12/100
|turn|34
|inactive|claudechamp has 60 seconds left.
|
|t:|1779909950
|move|p1a: Manaphy|Scald|p2a: Skarmory
|-damage|p2a: Skarmory|0 fnt
|faint|p2a: Skarmory
|
|upkeep
|inactive|claudechamp has 60 seconds left.
|
|t:|1779909961
|switch|p2a: Pecharunt|Pecharunt|3/100
|turn|35
|inactive|claudechamp has 60 seconds left.
|
|t:|1779909972
|move|p1a: Manaphy|Scald|p2a: Pecharunt
|-damage|p2a: Pecharunt|0 fnt
|faint|p2a: Pecharunt
|
|win|seirg
|raw|seirg's rating: 1149 &rarr; <strong>1170</strong><br />(+21 for winning)
|raw|claudechamp's rating: 1086 &rarr; <strong>1067</strong><br />(-19 for losing)
|c|☆claudechamp|gg
|l|☆seirg
|player|p1|
