|j|☆louwilliamzz
|j|☆gholdengofinance
|t:|1779892527
|gametype|singles
|player|p1|louwilliamzz|1|1434
|player|p2|gholdengofinance|dawn-gen4pt|1387
|gen|9
|tier|[Gen 9] OU
|rated|
|rule|HP Percentage Mod: HP is shown in percentages
|rule|Endless Battle Clause: Forcing endless battles is banned
|rule|Species Clause: Limit one of each Pokémon
|rule|OHKO Clause: OHKO moves are banned
|rule|Evasion Items Clause: Evasion items are banned
|rule|Evasion Moves Clause: Evasion moves are banned
|rule|Evasion Abilities Clause: Evasion abilities are banned
|rule|Sleep Moves Clause: Sleep-inducing moves are banned
|clearpoke
|poke|p1|Whimsicott, M|
|poke|p1|Ninetales, F|
|poke|p1|Walking Wake|
|poke|p1|Great Tusk|
|poke|p1|Ceruledge, M|
|poke|p1|Kingambit, M|
|poke|p2|Samurott-Hisui, F|
|poke|p2|Gholdengo|
|poke|p2|Great Tusk|
|poke|p2|Alomomola, M|
|poke|p2|Iron Hands|
|poke|p2|Squawkabilly-Blue, F|
|teampreview
|inactive|Battle timer is ON: inactive players will automatically lose when time's up. (requested by gholdengofinance)
|
|t:|1779892544
|teamsize|p1|6
|teamsize|p2|6
|start
|switch|p1a: Ninetales|Ninetales, F, shiny|100/100
|switch|p2a: Samurott|Samurott-Hisui, F|100/100
|-weather|SunnyDay|[from] ability: Drought|[of] p1a: Ninetales
|turn|1
|
|t:|1779892548
|move|p1a: Ninetales|Will-O-Wisp|p2a: Samurott
|-status|p2a: Samurott|brn
|move|p2a: Samurott|Razor Shell|p1a: Ninetales
|-supereffective|p1a: Ninetales
|-damage|p1a: Ninetales|65/100
|
|-weather|SunnyDay|[upkeep]
|-damage|p2a: Samurott|94/100 brn|[from] brn
|upkeep
|turn|2
|
|t:|1779892554
|switch|p1a: Great Tusk|Great Tusk|100/100
|-activate|p1a: Great Tusk|ability: Protosynthesis
|-start|p1a: Great Tusk|protosynthesisspe
|move|p2a: Samurott|Razor Shell|p1a: Great Tusk
|-supereffective|p1a: Great Tusk
|-damage|p1a: Great Tusk|82/100
|-damage|p2a: Samurott|78/100 brn|[from] item: Rocky Helmet|[of] p1a: Great Tusk
|
|-weather|SunnyDay|[upkeep]
|-damage|p2a: Samurott|71/100 brn|[from] brn
|upkeep
|turn|3
|
|t:|1779892565
|switch|p2a: Alomomola|Alomomola, M|100/100
|move|p1a: Great Tusk|Stealth Rock|p2a: Alomomola
|-sidestart|p2: gholdengofinance|move: Stealth Rock
|
|-weather|SunnyDay|[upkeep]
|upkeep
|turn|4
|
|t:|1779892577
|-end|p1a: Great Tusk|Protosynthesis|[silent]
|switch|p1a: Whimsicott|Whimsicott, M|100/100
|move|p2a: Alomomola|Flip Turn|p1a: Whimsicott
|-resisted|p1a: Whimsicott
|-damage|p1a: Whimsicott|96/100
|
|t:|1779892588
|switch|p2a: Iron Hands|Iron Hands|100/100|[from] Flip Turn
|-damage|p2a: Iron Hands|94/100|[from] Stealth Rock
|
|-weather|SunnyDay|[upkeep]
|upkeep
|turn|5
|
|t:|1779892595
|switch|p1a: Great Tusk|Great Tusk|82/100
|-activate|p1a: Great Tusk|ability: Protosynthesis
|-start|p1a: Great Tusk|protosynthesisspe
|move|p2a: Iron Hands|Ice Punch|p1a: Great Tusk
|-supereffective|p1a: Great Tusk
|-damage|p1a: Great Tusk|45/100
|-damage|p2a: Iron Hands|78/100|[from] item: Rocky Helmet|[of] p1a: Great Tusk
|
|-weather|SunnyDay|[upkeep]
|upkeep
|turn|6
|
|t:|1779892609
|-end|p2a: Iron Hands|Quark Drive|[silent]
|switch|p2a: Alomomola|Alomomola, M|100/100
|-damage|p2a: Alomomola|88/100|[from] Stealth Rock
|move|p1a: Great Tusk|Headlong Rush|p2a: Alomomola
|-damage|p2a: Alomomola|50/100
|-unboost|p1a: Great Tusk|def|1
|-unboost|p1a: Great Tusk|spd|1
|
|-weather|SunnyDay|[upkeep]
|upkeep
|turn|7
|
|t:|1779892616
|-end|p1a: Great Tusk|Protosynthesis|[silent]
|switch|p1a: Whimsicott|Whimsicott, M|96/100
|move|p2a: Alomomola|Wish|p2a: Alomomola
|
|-weather|SunnyDay|[upkeep]
|upkeep
|turn|8
|
|t:|1779892626
|switch|p2a: Iron Hands|Iron Hands|78/100
|-damage|p2a: Iron Hands|72/100|[from] Stealth Rock
|move|p1a: Whimsicott|Moonblast|p2a: Iron Hands
|-supereffective|p2a: Iron Hands
|-crit|p2a: Iron Hands
|-damage|p2a: Iron Hands|0 fnt
|faint|p2a: Iron Hands
|-end|p2a: Iron Hands|Quark Drive|[silent]
|-damage|p1a: Whimsicott|86/100|[from] item: Life Orb
|
|-weather|none
|upkeep
|
|t:|1779892636
|switch|p2a: Gholdengo|Gholdengo|100/100
|-damage|p2a: Gholdengo|94/100|[from] Stealth Rock
|turn|9
|
|t:|1779892647
|switch|p1a: Kingambit|Kingambit, M|100/100
|move|p2a: Gholdengo|Shadow Ball|p1a: Kingambit
|-resisted|p1a: Kingambit
|-damage|p1a: Kingambit|79/100
|
|-heal|p1a: Kingambit|85/100|[from] item: Leftovers
|upkeep
|turn|10
|
|t:|1779892659
|switch|p2a: Great Tusk|Great Tusk|100/100
|-damage|p2a: Great Tusk|98/100|[from] Stealth Rock
|move|p1a: Kingambit|Iron Head|p2a: Great Tusk
|-damage|p2a: Great Tusk|60/100
|
|-heal|p1a: Kingambit|91/100|[from] item: Leftovers
|upkeep
|turn|11
|
|t:|1779892673
|switch|p1a: Great Tusk|Great Tusk|45/100
|move|p2a: Great Tusk|Knock Off|p1a: Great Tusk
|-resisted|p1a: Great Tusk
|-damage|p1a: Great Tusk|31/100
|-damage|p2a: Great Tusk|44/100|[from] item: Rocky Helmet|[of] p1a: Great Tusk
|-enditem|p1a: Great Tusk|Rocky Helmet|[from] move: Knock Off|[of] p2a: Great Tusk
|-damage|p2a: Great Tusk|34/100|[from] item: Life Orb
|
|upkeep
|turn|12
|
|t:|1779892683
|move|p2a: Great Tusk|Headlong Rush|p1a: Great Tusk
|-damage|p1a: Great Tusk|0 fnt
|-unboost|p2a: Great Tusk|def|1
|-unboost|p2a: Great Tusk|spd|1
|faint|p1a: Great Tusk
|-end|p1a: Great Tusk|Protosynthesis|[silent]
|-damage|p2a: Great Tusk|24/100|[from] item: Life Orb
|
|upkeep
|
|t:|1779892698
|switch|p1a: Ninetales|Ninetales, F, shiny|65/100
|-weather|SunnyDay|[from] ability: Drought|[of] p1a: Ninetales
|-activate|p2a: Great Tusk|ability: Protosynthesis
|-start|p2a: Great Tusk|protosynthesisatk
|turn|13
|
|t:|1779892703
|move|p1a: Ninetales|Weather Ball|p2a: Great Tusk
|-crit|p2a: Great Tusk
|-damage|p2a: Great Tusk|0 fnt
|faint|p2a: Great Tusk
|-end|p2a: Great Tusk|Protosynthesis|[silent]
|
|-weather|SunnyDay|[upkeep]
|upkeep
|
|t:|1779892705
|switch|p2a: Gholdengo|Gholdengo|94/100
|-damage|p2a: Gholdengo|88/100|[from] Stealth Rock
|turn|14
|
|t:|1779892713
|switch|p1a: Kingambit|Kingambit, M|91/100
|move|p2a: Gholdengo|Shadow Ball|p1a: Kingambit
|-resisted|p1a: Kingambit
|-damage|p1a: Kingambit|72/100
|
|-weather|SunnyDay|[upkeep]
|-heal|p1a: Kingambit|78/100|[from] item: Leftovers
|upkeep
|turn|15
|
|t:|1779892719
|switch|p2a: Samurott|Samurott-Hisui, F|71/100 brn
|-damage|p2a: Samurott|59/100 brn|[from] Stealth Rock
|move|p1a: Kingambit|Swords Dance|p1a: Kingambit
|-boost|p1a: Kingambit|atk|2
|
|-weather|SunnyDay|[upkeep]
|-heal|p1a: Kingambit|84/100|[from] item: Leftovers
|-damage|p2a: Samurott|53/100 brn|[from] brn
|upkeep
|turn|16
|
|t:|1779892725
|move|p2a: Samurott|Sacred Sword|p1a: Kingambit
|-supereffective|p1a: Kingambit
|-damage|p1a: Kingambit|19/100
|move|p1a: Kingambit|Low Kick|p2a: Samurott
|-supereffective|p2a: Samurott
|-damage|p2a: Samurott|0 fnt
|faint|p2a: Samurott
|
|-weather|SunnyDay|[upkeep]
|-heal|p1a: Kingambit|25/100|[from] item: Leftovers
|upkeep
|
|t:|1779892733
|switch|p2a: Gholdengo|Gholdengo|88/100
|-damage|p2a: Gholdengo|82/100|[from] Stealth Rock
|turn|17
|
|t:|1779892736
|move|p1a: Kingambit|Sucker Punch||[still]
|-fail|p1a: Kingambit
|move|p2a: Gholdengo|Trick|p1a: Kingambit
|-activate|p2a: Gholdengo|move: Trick|[of] p1a: Kingambit
|-item|p1a: Kingambit|Choice Scarf|[from] move: Trick
|-item|p2a: Gholdengo|Leftovers|[from] move: Trick
|
|-weather|SunnyDay|[upkeep]
|-heal|p2a: Gholdengo|88/100|[from] item: Leftovers
|upkeep
|turn|18
|
|t:|1779892751
|move|p1a: Kingambit|Sucker Punch|p2a: Gholdengo
|-supereffective|p2a: Gholdengo
|-damage|p2a: Gholdengo|0 fnt
|faint|p2a: Gholdengo
|
|-weather|SunnyDay|[upkeep]
|upkeep
|
|t:|1779892753
|switch|p2a: Squawkabilly|Squawkabilly-Blue, F|100/100
|-damage|p2a: Squawkabilly|76/100|[from] Stealth Rock
|turn|19
|
|t:|1779892760
|move|p1a: Kingambit|Sucker Punch||[still]
|-fail|p1a: Kingambit
|move|p2a: Squawkabilly|Tailwind|p2a: Squawkabilly
|-sidestart|p2: gholdengofinance|move: Tailwind
|
|-weather|SunnyDay|[upkeep]
|-status|p2a: Squawkabilly|brn|[from] item: Flame Orb
|upkeep
|turn|20
|
|t:|1779892769
|move|p1a: Kingambit|Sucker Punch||[still]
|-fail|p1a: Kingambit
|move|p2a: Squawkabilly|Tailwind||[still]
|-fail|p2a: Squawkabilly
|
|-weather|none
|-damage|p2a: Squawkabilly|69/100 brn|[from] brn
|upkeep
|turn|21
|
|t:|1779892776
|move|p1a: Kingambit|Sucker Punch||[still]
|-fail|p1a: Kingambit
|move|p2a: Squawkabilly|Tailwind||[still]
|-fail|p2a: Squawkabilly
|
|-damage|p2a: Squawkabilly|63/100 brn|[from] brn
|upkeep
|turn|22
|
|t:|1779892784
|switch|p1a: Ninetales|Ninetales, F, shiny|65/100
|-weather|SunnyDay|[from] ability: Drought|[of] p1a: Ninetales
|move|p2a: Squawkabilly|Brave Bird|p1a: Ninetales
|-damage|p1a: Ninetales|0 fnt
|faint|p1a: Ninetales
|-damage|p2a: Squawkabilly|39/100 brn|[from] Recoil
|
|-weather|SunnyDay|[upkeep]
|-damage|p2a: Squawkabilly|32/100 brn|[from] brn
|-sideend|p2: gholdengofinance|move: Tailwind
|upkeep
|
|t:|1779892797
|switch|p1a: Whimsicott|Whimsicott, M|86/100
|turn|23
|
|t:|1779892802
|move|p1a: Whimsicott|Moonblast|p2a: Squawkabilly
|-damage|p2a: Squawkabilly|0 fnt
|faint|p2a: Squawkabilly
|-damage|p1a: Whimsicott|76/100|[from] item: Life Orb
|
|-weather|SunnyDay|[upkeep]
|upkeep
|
|t:|1779892805
|switch|p2a: Alomomola|Alomomola, M|84/100
|-damage|p2a: Alomomola|71/100|[from] Stealth Rock
|turn|24
|
|t:|1779892809
|-terastallize|p2a: Alomomola|Fairy
|move|p1a: Whimsicott|Growth|p1a: Whimsicott
|-boost|p1a: Whimsicott|atk|2
|-boost|p1a: Whimsicott|spa|2
|move|p2a: Alomomola|Scald|p1a: Whimsicott
|-resisted|p1a: Whimsicott
|-damage|p1a: Whimsicott|70/100
|
|-weather|SunnyDay|[upkeep]
|upkeep
|turn|25
|-message|gholdengofinance forfeited.
|
|win|louwilliamzz
|raw|louwilliamzz's rating: 1434 &rarr; <strong>1451</strong><br />(+17 for winning)
|raw|gholdengofinance's rating: 1387 &rarr; <strong>1370</strong><br />(-17 for losing)
|l|☆gholdengofinance
|player|p2|
|l|☆louwilliamzz
|player|p1|
