|j|‽Gemelley
|j|☆sigmundtuff41
|t:|1779854526
|gametype|singles
|player|p1|Gemelley|169|1118
|player|p2|sigmundtuff41|roxie|1187
|gen|9
|tier|[Gen 9] OU
|rated|
|rule|HP Percentage Mod: HP is shown in percentages
|rule|Endless Battle Clause: Forcing endless battles is banned
|rule|Species Clause: Limit one of each Pokémon
|rule|OHKO Clause: OHKO moves are banned
|rule|Evasion Items Clause: Evasion items are banned
|rule|Evasion Moves Clause: Evasion moves are banned
|rule|Evasion Abilities Clause: Evasion abilities are banned
|rule|Sleep Moves Clause: Sleep-inducing moves are banned
|clearpoke
|poke|p1|Blaziken, M|
|poke|p1|Hatterene, F|
|poke|p1|Pecharunt|
|poke|p1|Iron Treads|
|poke|p1|Rotom-Wash|
|poke|p1|Kommo-o, M|
|poke|p2|Raging Bolt|
|poke|p2|Glimmora, F|
|poke|p2|Blaziken, F|
|poke|p2|Cresselia, F|
|poke|p2|Manaphy|
|poke|p2|Ting-Lu|
|teampreview
|inactive|Battle timer is ON: inactive players will automatically lose when time's up. (requested by Gemelley)
|
|t:|1779854541
|teamsize|p1|6
|teamsize|p2|6
|start
|switch|p1a: Blaziken|Blaziken, M|100/100
|switch|p2a: Manny Heffley|Manaphy|100/100
|turn|1
|
|t:|1779854553
|switch|p1a: Rotom|Rotom-Wash|100/100
|move|p2a: Manny Heffley|Tail Glow|p2a: Manny Heffley
|-boost|p2a: Manny Heffley|spa|3
|
|upkeep
|turn|2
|
|t:|1779854563
|move|p2a: Manny Heffley|Psychic|p1a: Rotom
|-damage|p1a: Rotom|31/100
|-unboost|p1a: Rotom|spd|1
|move|p1a: Rotom|Discharge|p2a: Manny Heffley
|-supereffective|p2a: Manny Heffley
|-crit|p2a: Manny Heffley
|-damage|p2a: Manny Heffley|14/100
|
|-heal|p1a: Rotom|37/100|[from] item: Leftovers
|upkeep
|turn|3
|
|t:|1779854575
|move|p2a: Manny Heffley|Psychic|p1a: Rotom
|-damage|p1a: Rotom|0 fnt
|faint|p1a: Rotom
|
|upkeep
|inactive|Gemelley has 120 seconds left.
|
|t:|1779854610
|switch|p1a: Hatterene|Hatterene, F|100/100
|turn|4
|
|t:|1779854616
|move|p2a: Manny Heffley|Hydro Pump|p1a: Hatterene|[miss]
|-miss|p2a: Manny Heffley|p1a: Hatterene
|-enditem|p2a: Manny Heffley|Blunder Policy
|-boost|p2a: Manny Heffley|spe|2
|move|p1a: Hatterene|Draining Kiss|p2a: Manny Heffley
|-damage|p2a: Manny Heffley|0 fnt
|faint|p2a: Manny Heffley
|
|upkeep
|
|t:|1779854632
|switch|p2a: Glimmora|Glimmora, F|100/100
|turn|5
|
|t:|1779854639
|move|p2a: Glimmora|Sludge Bomb|p1a: Hatterene
|-supereffective|p1a: Hatterene
|-damage|p1a: Hatterene|23/100
|move|p1a: Hatterene|Trick Room|p1a: Hatterene
|-fieldstart|move: Trick Room|[of] p1a: Hatterene
|
|-heal|p1a: Hatterene|29/100|[from] item: Leftovers
|upkeep
|turn|6
|
|t:|1779854648
|switch|p1a: Iron Treads|Iron Treads|100/100
|-enditem|p1a: Iron Treads|Booster Energy
|-activate|p1a: Iron Treads|ability: Quark Drive|[fromitem]
|-start|p1a: Iron Treads|quarkdrivespe
|switch|p2a: Tung-Lu|Ting-Lu, shiny|100/100
|-ability|p2a: Tung-Lu|Vessel of Ruin
|
|upkeep
|turn|7
|
|t:|1779854662
|move|p2a: Tung-Lu|Earthquake|p1a: Iron Treads
|-supereffective|p1a: Iron Treads
|-damage|p1a: Iron Treads|20/100
|move|p1a: Iron Treads|Body Press|p2a: Tung-Lu
|-supereffective|p2a: Tung-Lu
|-damage|p2a: Tung-Lu|75/100
|
|upkeep
|turn|8
|
|t:|1779854677
|-end|p1a: Iron Treads|Quark Drive|[silent]
|switch|p1a: Kommo-o|Kommo-o, M|100/100
|move|p2a: Tung-Lu|Throat Chop|p1a: Kommo-o
|-resisted|p1a: Kommo-o
|-damage|p1a: Kommo-o|83/100
|-start|p1a: Kommo-o|Throat Chop|[silent]
|
|upkeep
|turn|9
|
|t:|1779854689
|move|p2a: Tung-Lu|Ruination|p1a: Kommo-o
|-damage|p1a: Kommo-o|42/100
|move|p1a: Kommo-o|Aura Sphere|p2a: Tung-Lu
|-supereffective|p2a: Tung-Lu
|-damage|p2a: Tung-Lu|36/100
|-enditem|p2a: Tung-Lu|Sitrus Berry|[eat]
|-heal|p2a: Tung-Lu|61/100|[from] item: Sitrus Berry
|
|-end|p1a: Kommo-o|Throat Chop|[silent]
|-fieldend|move: Trick Room
|upkeep
|turn|10
|
|t:|1779854700
|move|p1a: Kommo-o|Boomburst|p2a: Tung-Lu
|-damage|p2a: Tung-Lu|38/100
|move|p2a: Tung-Lu|Earthquake|p1a: Kommo-o
|-damage|p1a: Kommo-o|0 fnt
|faint|p1a: Kommo-o
|
|upkeep
|inactive|Gemelley has 120 seconds left.
|inactive|Gemelley has 90 seconds left.
|inactive|Gemelley has 60 seconds left.
|inactive|Gemelley has 30 seconds left.
|inactive|Gemelley has 20 seconds left.
|inactive|Gemelley has 15 seconds left.
|inactive|Gemelley has 10 seconds left.
|
|t:|1779854834
|switch|p1a: Blaziken|Blaziken, M|100/100
|turn|11
|inactive|Gemelley has 20 seconds left this turn.
|inactive|Gemelley has 15 seconds left.
|
|t:|1779854846
|switch|p2a: Glimmora|Glimmora, F|100/100
|move|p1a: Blaziken|Brick Break|p2a: Glimmora
|-damage|p2a: Glimmora|60/100
|-damage|p1a: Blaziken|84/100|[from] item: Rocky Helmet|[of] p2a: Glimmora
|-activate|p2a: Glimmora|ability: Toxic Debris
|-sidestart|p1: Gemelley|move: Toxic Spikes
|
|-heal|p1a: Blaziken|90/100|[from] item: Leftovers
|-ability|p1a: Blaziken|Speed Boost|boost
|-boost|p1a: Blaziken|spe|1
|upkeep
|turn|12
|inactive|Gemelley has 25 seconds left this turn.
|inactive|Gemelley has 20 seconds left.
|inactive|Gemelley has 15 seconds left.
|
|t:|1779854858
|move|p1a: Blaziken|Earthquake|p2a: Glimmora
|-supereffective|p2a: Glimmora
|-damage|p2a: Glimmora|0 fnt
|-activate|p2a: Glimmora|ability: Toxic Debris
|-sidestart|p1: Gemelley|move: Toxic Spikes
|faint|p2a: Glimmora
|
|-heal|p1a: Blaziken|96/100|[from] item: Leftovers
|-ability|p1a: Blaziken|Speed Boost|boost
|-boost|p1a: Blaziken|spe|1
|upkeep
|
|t:|1779854867
|switch|p2a: Cresselia|Cresselia, F, shiny|100/100
|turn|13
|inactive|Gemelley has 30 seconds left this turn.
|
|t:|1779854875
|-terastallize|p1a: Blaziken|Fire
|move|p1a: Blaziken|Blaze Kick|p2a: Cresselia
|-damage|p2a: Cresselia|52/100
|move|p2a: Cresselia|Reflect|p2a: Cresselia
|-sidestart|p2: sigmundtuff41|Reflect
|
|-heal|p1a: Blaziken|100/100|[from] item: Leftovers
|-heal|p2a: Cresselia|58/100|[from] item: Leftovers
|-ability|p1a: Blaziken|Speed Boost|boost
|-boost|p1a: Blaziken|spe|1
|upkeep
|turn|14
|inactive|Gemelley has 30 seconds left.
|
|t:|1779854885
|move|p1a: Blaziken|Bulk Up|p1a: Blaziken
|-boost|p1a: Blaziken|atk|1
|-boost|p1a: Blaziken|def|1
|move|p2a: Cresselia|Trick Room|p2a: Cresselia
|-fieldstart|move: Trick Room|[of] p2a: Cresselia
|
|-heal|p2a: Cresselia|64/100|[from] item: Leftovers
|-ability|p1a: Blaziken|Speed Boost|boost
|-boost|p1a: Blaziken|spe|1
|upkeep
|turn|15
|
|t:|1779854898
|move|p2a: Cresselia|Psychic|p1a: Blaziken
|-damage|p1a: Blaziken|45/100
|move|p1a: Blaziken|Blaze Kick|p2a: Cresselia
|-crit|p2a: Cresselia
|-damage|p2a: Cresselia|0 fnt
|faint|p2a: Cresselia
|
|-heal|p1a: Blaziken|51/100|[from] item: Leftovers
|-ability|p1a: Blaziken|Speed Boost|boost
|-boost|p1a: Blaziken|spe|1
|upkeep
|
|t:|1779854907
|switch|p2a: Tung-Lu|Ting-Lu, shiny|38/100
|-ability|p2a: Tung-Lu|Vessel of Ruin
|turn|16
|
|t:|1779854926
|move|p2a: Tung-Lu|Earthquake|p1a: Blaziken
|-supereffective|p1a: Blaziken
|-damage|p1a: Blaziken|0 fnt
|faint|p1a: Blaziken
|
|upkeep
|
|t:|1779854931
|switch|p1a: Hatterene|Hatterene, F|29/100
|-status|p1a: Hatterene|tox
|turn|17
|
|t:|1779854941
|move|p1a: Hatterene|Draining Kiss|p2a: Tung-Lu
|-supereffective|p2a: Tung-Lu
|-damage|p2a: Tung-Lu|12/100
|-heal|p1a: Hatterene|57/100 tox|[from] drain|[of] p2a: Tung-Lu
|move|p2a: Tung-Lu|Throat Chop|p1a: Hatterene
|-damage|p1a: Hatterene|17/100 tox
|-start|p1a: Hatterene|Throat Chop|[silent]
|
|-heal|p1a: Hatterene|23/100 tox|[from] item: Leftovers
|-damage|p1a: Hatterene|17/100 tox|[from] psn
|-sideend|p2: sigmundtuff41|Reflect
|upkeep
|turn|18
|
|t:|1779854955
|switch|p2a: Blaziken|Blaziken, F|100/100
|move|p1a: Hatterene|Draining Kiss|p2a: Blaziken
|-damage|p2a: Blaziken|56/100
|-heal|p1a: Hatterene|48/100 tox|[from] drain|[of] p2a: Blaziken
|
|-heal|p1a: Hatterene|54/100 tox|[from] item: Leftovers
|-damage|p1a: Hatterene|42/100 tox|[from] psn
|-end|p1a: Hatterene|Throat Chop|[silent]
|-fieldend|move: Trick Room
|upkeep
|turn|19
|inactive|Gemelley has 60 seconds left.
|
|t:|1779854973
|move|p2a: Blaziken|Swords Dance|p2a: Blaziken
|-boost|p2a: Blaziken|atk|2
|move|p1a: Hatterene|Psychic Noise|p2a: Blaziken
|-supereffective|p2a: Blaziken
|-damage|p2a: Blaziken|0 fnt
|faint|p2a: Blaziken
|
|-heal|p1a: Hatterene|48/100 tox|[from] item: Leftovers
|-damage|p1a: Hatterene|30/100 tox|[from] psn
|upkeep
|
|t:|1779854983
|switch|p2a: Raging Bolt|Raging Bolt|100/100
|-enditem|p2a: Raging Bolt|Booster Energy
|-activate|p2a: Raging Bolt|ability: Protosynthesis|[fromitem]
|-start|p2a: Raging Bolt|protosynthesisspa
|turn|20
|inactive|Gemelley has 60 seconds left.
|
|t:|1779854989
|-terastallize|p2a: Raging Bolt|Fairy
|move|p2a: Raging Bolt|Calm Mind|p2a: Raging Bolt
|-boost|p2a: Raging Bolt|spa|1
|-boost|p2a: Raging Bolt|spd|1
|move|p1a: Hatterene|Draining Kiss|p2a: Raging Bolt
|-damage|p2a: Raging Bolt|87/100
|-heal|p1a: Hatterene|43/100 tox|[from] drain|[of] p2a: Raging Bolt
|
|-heal|p1a: Hatterene|49/100 tox|[from] item: Leftovers
|-damage|p1a: Hatterene|25/100 tox|[from] psn
|upkeep
|turn|21
|inactive|Gemelley has 60 seconds left.
|
|t:|1779855003
|move|p2a: Raging Bolt|Thunderbolt|p1a: Hatterene
|-damage|p1a: Hatterene|0 fnt
|faint|p1a: Hatterene
|
|upkeep
|
|t:|1779855008
|switch|p1a: Pecharunt|Pecharunt|100/100
|-sideend|p1: Gemelley|move: Toxic Spikes|[of] p1a: Pecharunt
|turn|22
|
|t:|1779855016
|move|p1a: Pecharunt|Malignant Chain|p2a: Raging Bolt
|-supereffective|p2a: Raging Bolt
|-damage|p2a: Raging Bolt|51/100
|move|p2a: Raging Bolt|Thunderbolt|p1a: Pecharunt
|-damage|p1a: Pecharunt|12/100
|
|-heal|p1a: Pecharunt|18/100|[from] item: Black Sludge
|upkeep
|turn|23
|
|t:|1779855025
|move|p2a: Raging Bolt|Thunderclap||[still]
|-fail|p2a: Raging Bolt
|move|p1a: Pecharunt|Toxic|p2a: Raging Bolt
|-status|p2a: Raging Bolt|tox
|-start|p2a: Raging Bolt|confusion|[from] ability: Poison Puppeteer|[of] p1a: Pecharunt
|
|-heal|p1a: Pecharunt|24/100|[from] item: Black Sludge
|-damage|p2a: Raging Bolt|45/100 tox|[from] psn
|upkeep
|turn|24
|
|t:|1779855033
|-activate|p2a: Raging Bolt|confusion
|move|p2a: Raging Bolt|Thunderclap|p1a: Pecharunt
|-damage|p1a: Pecharunt|0 fnt
|faint|p1a: Pecharunt
|
|-damage|p2a: Raging Bolt|32/100 tox|[from] psn
|upkeep
|
|t:|1779855039
|switch|p1a: Iron Treads|Iron Treads|20/100
|turn|25
|
|t:|1779855043
|move|p1a: Iron Treads|Earthquake|p2a: Raging Bolt
|-damage|p2a: Raging Bolt|5/100 tox
|-activate|p2a: Raging Bolt|confusion
|move|p2a: Raging Bolt|Dragon Pulse|p1a: Iron Treads
|-resisted|p1a: Iron Treads
|-damage|p1a: Iron Treads|0 fnt
|faint|p1a: Iron Treads
|-end|p1a: Iron Treads|Quark Drive|[silent]
|
|win|sigmundtuff41
|raw|Gemelley's rating: 1118 &rarr; <strong>1098</strong><br />(-20 for losing)
|raw|sigmundtuff41's rating: 1187 &rarr; <strong>1207</strong><br />(+20 for winning)
