|j|☆ahjskahskjah
|j|‽omnimanderous
|t:|1779909860
|gametype|singles
|player|p1|ahjskahskjah|plasmagrunt-gen5bw|1658
|player|p2|omnimanderous|clown|1689
|gen|9
|tier|[Gen 9] OU
|rated|
|rule|HP Percentage Mod: HP is shown in percentages
|rule|Endless Battle Clause: Forcing endless battles is banned
|rule|Species Clause: Limit one of each Pokémon
|rule|OHKO Clause: OHKO moves are banned
|rule|Evasion Items Clause: Evasion items are banned
|rule|Evasion Moves Clause: Evasion moves are banned
|rule|Evasion Abilities Clause: Evasion abilities are banned
|rule|Sleep Moves Clause: Sleep-inducing moves are banned
|clearpoke
|poke|p1|Ursaluna, M|
|poke|p1|Alomomola, F|
|poke|p1|Cinderace, M|
|poke|p1|Tinkaton, F|
|poke|p1|Iron Valiant|
|poke|p1|Dragonite, M|
|poke|p2|Walking Wake|
|poke|p2|Rillaboom, M|
|poke|p2|Gholdengo|
|poke|p2|Landorus-Therian, M|
|poke|p2|Zamazenta-*|
|poke|p2|Kingambit, M|
|teampreview
|j| Lowladderubersnoob
|
|t:|1779909889
|teamsize|p1|6
|teamsize|p2|6
|start
|switch|p1a: Cinderace|Cinderace, M|100/100
|switch|p2a: Landorus|Landorus-Therian, M|100/100
|-ability|p2a: Landorus|Intimidate|boost
|-unboost|p1a: Cinderace|atk|1
|turn|1
|
|t:|1779909892
|move|p1a: Cinderace|U-turn|p2a: Landorus
|-start|p1a: Cinderace|typechange|Bug|[from] ability: Libero
|-resisted|p2a: Landorus
|-damage|p2a: Landorus|90/100
|-damage|p1a: Cinderace|84/100|[from] item: Rocky Helmet|[of] p2a: Landorus
|
|t:|1779909894
|switch|p1a: Alomomola|Alomomola, F|100/100|[from] U-turn
|move|p2a: Landorus|Stealth Rock|p1a: Alomomola
|-sidestart|p1: ahjskahskjah|move: Stealth Rock
|
|upkeep
|turn|2
|
|t:|1779909901
|move|p2a: Landorus|U-turn|p1a: Alomomola
|-damage|p1a: Alomomola|89/100
|-damage|p2a: Landorus|74/100|[from] item: Rocky Helmet|[of] p1a: Alomomola
|
|t:|1779909905
|switch|p2a: Rillaboom|Rillaboom, M|100/100|[from] U-turn
|-fieldstart|move: Grassy Terrain|[from] ability: Grassy Surge|[of] p2a: Rillaboom
|move|p1a: Alomomola|Flip Turn|p2a: Rillaboom
|-resisted|p2a: Rillaboom
|-damage|p2a: Rillaboom|91/100
|
|t:|1779909923
|switch|p1a: Cinderace|Cinderace, M|84/100|[from] Flip Turn
|
|-heal|p1a: Cinderace|90/100|[from] Grassy Terrain
|-heal|p2a: Rillaboom|98/100|[from] Grassy Terrain
|upkeep
|turn|3
|inactive|Battle timer is ON: inactive players will automatically lose when time's up. (requested by omnimanderous)
|
|t:|1779909926
|switch|p2a: Landorus|Landorus-Therian, M|74/100
|-ability|p2a: Landorus|Intimidate|boost
|-unboost|p1a: Cinderace|atk|1
|move|p1a: Cinderace|U-turn|p2a: Landorus
|-start|p1a: Cinderace|typechange|Bug|[from] ability: Libero
|-resisted|p2a: Landorus
|-crit|p2a: Landorus
|-damage|p2a: Landorus|48/100
|-damage|p1a: Cinderace|73/100|[from] item: Rocky Helmet|[of] p2a: Landorus
|
|t:|1779909930
|switch|p1a: Alomomola|Alomomola, F|100/100|[from] U-turn
|-damage|p1a: Alomomola|88/100|[from] Stealth Rock
|
|-heal|p1a: Alomomola|94/100|[from] Grassy Terrain
|upkeep
|turn|4
|
|t:|1779909941
|move|p2a: Landorus|Earth Power|p1a: Alomomola
|-crit|p1a: Alomomola
|-damage|p1a: Alomomola|35/100
|move|p1a: Alomomola|Flip Turn|p2a: Landorus
|-supereffective|p2a: Landorus
|-damage|p2a: Landorus|17/100
|-damage|p1a: Alomomola|19/100|[from] item: Rocky Helmet|[of] p2a: Landorus
|
|t:|1779909952
|switch|p1a: Cinderace|Cinderace, M|73/100|[from] Flip Turn
|
|-heal|p1a: Cinderace|79/100|[from] Grassy Terrain
|upkeep
|turn|5
|
|t:|1779909954
|move|p1a: Cinderace|Pyro Ball|p2a: Landorus
|-damage|p2a: Landorus|0 fnt
|faint|p2a: Landorus
|
|-heal|p1a: Cinderace|85/100|[from] Grassy Terrain
|upkeep
|
|t:|1779909974
|switch|p2a: Walking Wake|Walking Wake|100/100
|-enditem|p2a: Walking Wake|Booster Energy
|-activate|p2a: Walking Wake|ability: Protosynthesis|[fromitem]
|-start|p2a: Walking Wake|protosynthesisspa
|turn|6
|
|t:|1779909994
|move|p1a: Cinderace|U-turn|p2a: Walking Wake
|-start|p1a: Cinderace|typechange|Bug|[from] ability: Libero
|-crit|p2a: Walking Wake
|-damage|p2a: Walking Wake|47/100
|
|t:|1779910006
|switch|p1a: Dragonite|Dragonite, M|100/100|[from] U-turn
|move|p2a: Walking Wake|Agility|p2a: Walking Wake
|-boost|p2a: Walking Wake|spe|2
|
|-heal|p2a: Walking Wake|53/100|[from] Grassy Terrain
|-fieldend|move: Grassy Terrain
|upkeep
|turn|7
|
|t:|1779910012
|move|p2a: Walking Wake|Dragon Pulse|p1a: Dragonite
|-supereffective|p1a: Dragonite
|-damage|p1a: Dragonite|47/100
|move|p1a: Dragonite|Earthquake|p2a: Walking Wake
|-crit|p2a: Walking Wake
|-damage|p2a: Walking Wake|0 fnt
|faint|p2a: Walking Wake
|-end|p2a: Walking Wake|Protosynthesis|[silent]
|
|upkeep
|
|t:|1779910026
|switch|p2a: Zamazenta|Zamazenta|100/100
|-ability|p2a: Zamazenta|Dauntless Shield|boost
|-boost|p2a: Zamazenta|def|1
|turn|8
|
|t:|1779910034
|switch|p1a: Alomomola|Alomomola, F|52/100
|-damage|p1a: Alomomola|40/100|[from] Stealth Rock
|move|p2a: Zamazenta|Stone Edge|p1a: Alomomola
|-crit|p1a: Alomomola
|-damage|p1a: Alomomola|6/100
|-damage|p2a: Zamazenta|91/100|[from] item: Life Orb
|
|upkeep
|turn|9
|
|t:|1779910045
|move|p1a: Alomomola|Protect|p1a: Alomomola
|-singleturn|p1a: Alomomola|Protect
|move|p2a: Zamazenta|Psychic Fangs|p1a: Alomomola
|-activate|p1a: Alomomola|move: Protect
|
|upkeep
|turn|10
|inactive|ahjskahskjah has 120 seconds left.
|
|t:|1779910080
|switch|p1a: Dragonite|Dragonite, M|47/100
|move|p2a: Zamazenta|Close Combat|p1a: Dragonite
|-resisted|p1a: Dragonite
|-damage|p1a: Dragonite|12/100
|-unboost|p2a: Zamazenta|def|1
|-unboost|p2a: Zamazenta|spd|1
|-damage|p2a: Zamazenta|81/100|[from] item: Life Orb
|
|upkeep
|turn|11
|
|t:|1779910085
|move|p1a: Dragonite|Extreme Speed|p2a: Zamazenta
|-damage|p2a: Zamazenta|49/100
|move|p2a: Zamazenta|Close Combat|p1a: Dragonite
|-resisted|p1a: Dragonite
|-damage|p1a: Dragonite|0 fnt
|-unboost|p2a: Zamazenta|def|1
|-unboost|p2a: Zamazenta|spd|1
|faint|p1a: Dragonite
|-damage|p2a: Zamazenta|39/100|[from] item: Life Orb
|
|upkeep
|inactive|ahjskahskjah has 120 seconds left.
|
|t:|1779910102
|switch|p1a: Iron Valiant|Iron Valiant|100/100
|-damage|p1a: Iron Valiant|94/100|[from] Stealth Rock
|-enditem|p1a: Iron Valiant|Booster Energy
|-activate|p1a: Iron Valiant|ability: Quark Drive|[fromitem]
|-start|p1a: Iron Valiant|quarkdrivespe
|turn|12
|
|t:|1779910109
|switch|p2a: Rillaboom|Rillaboom, M|98/100
|-fieldstart|move: Grassy Terrain|[from] ability: Grassy Surge|[of] p2a: Rillaboom
|move|p1a: Iron Valiant|Calm Mind|p1a: Iron Valiant
|-boost|p1a: Iron Valiant|spa|1
|-boost|p1a: Iron Valiant|spd|1
|
|-heal|p1a: Iron Valiant|100/100|[from] Grassy Terrain
|-heal|p2a: Rillaboom|100/100|[from] Grassy Terrain
|upkeep
|turn|13
|inactive|ahjskahskjah has 120 seconds left.
|
|t:|1779910126
|move|p1a: Iron Valiant|Moonblast|p2a: Rillaboom
|-crit|p2a: Rillaboom
|-damage|p2a: Rillaboom|0 fnt
|faint|p2a: Rillaboom
|
|upkeep
|
|t:|1779910129
|switch|p2a: Gholdengo|Gholdengo|100/100
|-enditem|p2a: Gholdengo|Grassy Seed
|-boost|p2a: Gholdengo|def|1|[from] item: Grassy Seed
|turn|14
|c|☆ahjskahskjah|sorry..
|inactive|ahjskahskjah has 120 seconds left.
|
|t:|1779910152
|-terastallize|p1a: Iron Valiant|Electric
|-terastallize|p2a: Gholdengo|Fairy
|move|p1a: Iron Valiant|Thunderbolt|p2a: Gholdengo
|-damage|p2a: Gholdengo|54/100
|move|p2a: Gholdengo|Dazzling Gleam|p1a: Iron Valiant
|-damage|p1a: Iron Valiant|56/100
|
|-heal|p1a: Iron Valiant|62/100|[from] Grassy Terrain
|-heal|p2a: Gholdengo|60/100|[from] Grassy Terrain
|upkeep
|turn|15
|
|t:|1779910162
|move|p1a: Iron Valiant|Moonblast|p2a: Gholdengo
|-damage|p2a: Gholdengo|13/100
|move|p2a: Gholdengo|Recover|p2a: Gholdengo
|-heal|p2a: Gholdengo|63/100
|
|-heal|p1a: Iron Valiant|68/100|[from] Grassy Terrain
|-heal|p2a: Gholdengo|69/100|[from] Grassy Terrain
|upkeep
|turn|16
|
|t:|1779910169
|move|p1a: Iron Valiant|Calm Mind|p1a: Iron Valiant
|-boost|p1a: Iron Valiant|spa|1
|-boost|p1a: Iron Valiant|spd|1
|move|p2a: Gholdengo|Recover|p2a: Gholdengo
|-heal|p2a: Gholdengo|100/100
|
|-heal|p1a: Iron Valiant|75/100|[from] Grassy Terrain
|-fieldend|move: Grassy Terrain
|upkeep
|turn|17
|
|t:|1779910174
|move|p1a: Iron Valiant|Thunderbolt|p2a: Gholdengo
|-damage|p2a: Gholdengo|43/100
|move|p2a: Gholdengo|Shadow Ball|p1a: Iron Valiant
|-crit|p1a: Iron Valiant
|-damage|p1a: Iron Valiant|0 fnt
|faint|p1a: Iron Valiant
|-end|p1a: Iron Valiant|Quark Drive|[silent]
|
|upkeep
|
|t:|1779910183
|switch|p1a: Tinkaton|Tinkaton, F|100/100
|-damage|p1a: Tinkaton|94/100|[from] Stealth Rock
|-ability|p1a: Tinkaton|Mold Breaker
|-item|p1a: Tinkaton|Air Balloon
|turn|18
|
|t:|1779910196
|move|p1a: Tinkaton|Gigaton Hammer|p2a: Gholdengo
|-supereffective|p2a: Gholdengo
|-damage|p2a: Gholdengo|0 fnt
|faint|p2a: Gholdengo
|
|upkeep
|
|t:|1779910201
|switch|p2a: Zamazenta|Zamazenta|39/100
|turn|19
|
|t:|1779910223
|switch|p1a: Cinderace|Cinderace, M|85/100
|move|p2a: Zamazenta|Close Combat|p1a: Cinderace
|-damage|p1a: Cinderace|0 fnt
|-unboost|p2a: Zamazenta|def|1
|-unboost|p2a: Zamazenta|spd|1
|faint|p1a: Cinderace
|-damage|p2a: Zamazenta|29/100|[from] item: Life Orb
|
|upkeep
|
|t:|1779910237
|switch|p1a: Alomomola|Alomomola, F|39/100
|-damage|p1a: Alomomola|27/100|[from] Stealth Rock
|turn|20
|inactive|ahjskahskjah has 120 seconds left.
|inactive|ahjskahskjah has 90 seconds left.
|
|t:|1779910285
|switch|p1a: Tinkaton|Tinkaton, F|94/100
|-damage|p1a: Tinkaton|88/100|[from] Stealth Rock
|-ability|p1a: Tinkaton|Mold Breaker
|-item|p1a: Tinkaton|Air Balloon
|move|p2a: Zamazenta|Close Combat|p1a: Tinkaton
|-damage|p1a: Tinkaton|0 fnt
|-unboost|p2a: Zamazenta|def|1
|-unboost|p2a: Zamazenta|spd|1
|-enditem|p1a: Tinkaton|Air Balloon
|faint|p1a: Tinkaton
|-damage|p2a: Zamazenta|20/100|[from] item: Life Orb
|
|upkeep
|
|t:|1779910288
|switch|p1a: Alomomola|Alomomola, F|60/100
|-damage|p1a: Alomomola|48/100|[from] Stealth Rock
|turn|21
|
|t:|1779910299
|move|p2a: Zamazenta|Close Combat|p1a: Alomomola
|-damage|p1a: Alomomola|4/100
|-unboost|p2a: Zamazenta|def|1
|-unboost|p2a: Zamazenta|spd|1
|-damage|p2a: Zamazenta|3/100|[from] item: Rocky Helmet|[of] p1a: Alomomola
|-damage|p2a: Zamazenta|0 fnt|[from] item: Life Orb
|faint|p2a: Zamazenta
|move|p1a: Alomomola|Flip Turn|p2: Zamazenta|[notarget]
|-fail|p1a: Alomomola
|
|upkeep
|
|t:|1779910301
|switch|p2a: Kingambit|Kingambit, M|100/100
|-activate|p2a: Kingambit|ability: Supreme Overlord
|-start|p2a: Kingambit|fallen5|[silent]
|turn|22
|
|t:|1779910310
|move|p2a: Kingambit|Swords Dance|p2a: Kingambit
|-boost|p2a: Kingambit|atk|2
|move|p1a: Alomomola|Flip Turn|p2a: Kingambit
|-damage|p2a: Kingambit|86/100
|
|t:|1779910312
|switch|p1a: Ursaluna|Ursaluna, M|100/100|[from] Flip Turn
|-damage|p1a: Ursaluna|94/100|[from] Stealth Rock
|
|-status|p1a: Ursaluna|brn|[from] item: Flame Orb
|upkeep
|turn|23
|
|t:|1779910319
|move|p1a: Ursaluna|Headlong Rush|p2a: Kingambit
|-supereffective|p2a: Kingambit
|-damage|p2a: Kingambit|0 fnt
|-unboost|p1a: Ursaluna|def|1
|-unboost|p1a: Ursaluna|spd|1
|faint|p2a: Kingambit
|-end|p2a: Kingambit|fallen5|[silent]
|
|win|ahjskahskjah
|raw|ahjskahskjah's rating: 1658 &rarr; <strong>1680</strong><br />(+22 for winning)
|raw|omnimanderous's rating: 1689 &rarr; <strong>1667</strong><br />(-22 for losing)
|l|‽omnimanderous
|player|p2|
|l| Lowladderubersnoob
