|j|☆lychuudoesshowdown
|j|☆Delta.PCPE
|t:|1779819878
|gametype|singles
|player|p1|lychuudoesshowdown|169|1203
|player|p2|Delta.PCPE|gentleman-gen4|1188
|gen|9
|tier|[Gen 9] OU
|rated|
|rule|HP Percentage Mod: HP is shown in percentages
|rule|Endless Battle Clause: Forcing endless battles is banned
|rule|Species Clause: Limit one of each Pokémon
|rule|OHKO Clause: OHKO moves are banned
|rule|Evasion Items Clause: Evasion items are banned
|rule|Evasion Moves Clause: Evasion moves are banned
|rule|Evasion Abilities Clause: Evasion abilities are banned
|rule|Sleep Moves Clause: Sleep-inducing moves are banned
|clearpoke
|poke|p1|Heatran, M|
|poke|p1|Weezing-Galar, M|
|poke|p1|Rillaboom, M|
|poke|p1|Zamazenta-*|
|poke|p1|Gholdengo|
|poke|p1|Tornadus-Therian, M|
|poke|p2|Gengar, M|
|poke|p2|Poliwrath, M|
|poke|p2|Ditto|
|poke|p2|Venusaur, F|
|poke|p2|Chansey, F|
|poke|p2|Dragonite, F|
|teampreview
|inactive|Battle timer is ON: inactive players will automatically lose when time's up. (requested by Delta.PCPE)
|inactive|lychuudoesshowdown also wants the timer to be on.
|
|t:|1779819898
|teamsize|p1|6
|teamsize|p2|6
|start
|switch|p1a: Tornadus|Tornadus-Therian, M|100/100
|switch|p2a: Poliwrath|Poliwrath, M, shiny|100/100
|turn|1
|
|t:|1779819905
|move|p1a: Tornadus|Bleakwind Storm|p2a: Poliwrath
|-supereffective|p2a: Poliwrath
|-damage|p2a: Poliwrath|30/100
|-unboost|p2a: Poliwrath|spe|1
|move|p2a: Poliwrath|Knock Off|p1a: Tornadus
|-damage|p1a: Tornadus|55/100
|-enditem|p1a: Tornadus|Assault Vest|[from] move: Knock Off|[of] p2a: Poliwrath
|-damage|p2a: Poliwrath|20/100|[from] item: Life Orb
|
|upkeep
|turn|2
|
|t:|1779819922
|switch|p2a: Chansey|Chansey, F|100/100
|move|p1a: Tornadus|Knock Off|p2a: Chansey
|-damage|p2a: Chansey|87/100
|-enditem|p2a: Chansey|Eviolite|[from] move: Knock Off|[of] p1a: Tornadus
|
|upkeep
|turn|3
|
|t:|1779819929
|move|p1a: Tornadus|U-turn|p2a: Chansey
|-damage|p2a: Chansey|73/100
|
|t:|1779819935
|switch|p1a: Gholdengo|Gholdengo|100/100|[from] U-turn
|move|p2a: Chansey|Stealth Rock|p1a: Gholdengo
|-sidestart|p1: lychuudoesshowdown|move: Stealth Rock
|
|upkeep
|turn|4
|
|t:|1779819948
|switch|p1a: Zamazenta|Zamazenta|100/100
|-ability|p1a: Zamazenta|Dauntless Shield|boost
|-boost|p1a: Zamazenta|def|1
|move|p2a: Chansey|Rain Dance|p2a: Chansey
|-weather|RainDance
|
|-weather|RainDance|[upkeep]
|upkeep
|turn|5
|
|t:|1779819961
|switch|p2a: Gengar|Gengar, M|100/100
|move|p1a: Zamazenta|Close Combat|p2a: Gengar
|-immune|p2a: Gengar
|
|-weather|RainDance|[upkeep]
|upkeep
|turn|6
|
|t:|1779819973
|move|p2a: Gengar|Trick|p1a: Zamazenta
|-activate|p2a: Gengar|move: Trick|[of] p1a: Zamazenta
|-item|p1a: Zamazenta|Choice Scarf|[from] move: Trick
|-item|p2a: Gengar|Heavy-Duty Boots|[from] move: Trick
|move|p1a: Zamazenta|Crunch|p2a: Gengar
|-supereffective|p2a: Gengar
|-damage|p2a: Gengar|0 fnt
|faint|p2a: Gengar
|
|-weather|RainDance|[upkeep]
|upkeep
|
|t:|1779819985
|switch|p2a: Poliwrath|Poliwrath, M, shiny|20/100
|turn|7
|
|t:|1779819989
|move|p1a: Zamazenta|Crunch|p2a: Poliwrath
|-resisted|p2a: Poliwrath
|-damage|p2a: Poliwrath|8/100
|move|p2a: Poliwrath|Drain Punch|p1a: Zamazenta
|-damage|p1a: Zamazenta|74/100
|-heal|p2a: Poliwrath|19/100|[from] drain|[of] p1a: Zamazenta
|-damage|p2a: Poliwrath|9/100|[from] item: Life Orb
|
|-weather|RainDance|[upkeep]
|upkeep
|turn|8
|
|t:|1779820007
|switch|p2a: Chansey|Chansey, F|73/100
|move|p1a: Zamazenta|Crunch|p2a: Chansey
|-damage|p2a: Chansey|47/100
|
|-weather|none
|upkeep
|turn|9
|
|t:|1779820015
|switch|p1a: Rillaboom|Rillaboom, M|100/100
|-damage|p1a: Rillaboom|88/100|[from] Stealth Rock
|-fieldstart|move: Grassy Terrain|[from] ability: Grassy Surge|[of] p1a: Rillaboom
|move|p2a: Chansey|Sunny Day|p2a: Chansey
|-weather|SunnyDay
|
|-weather|SunnyDay|[upkeep]
|-heal|p1a: Rillaboom|94/100|[from] Grassy Terrain
|-heal|p2a: Chansey|54/100|[from] Grassy Terrain
|upkeep
|turn|10
|
|t:|1779820025
|switch|p2a: Venusaur|Venusaur, F|100/100
|move|p1a: Rillaboom|Wood Hammer|p2a: Venusaur
|-resisted|p2a: Venusaur
|-damage|p2a: Venusaur|70/100
|-damage|p1a: Rillaboom|86/100|[from] Recoil
|
|-weather|SunnyDay|[upkeep]
|-heal|p2a: Venusaur|76/100|[from] Grassy Terrain
|-heal|p2a: Venusaur|82/100|[from] item: Leftovers
|-heal|p1a: Rillaboom|93/100|[from] Grassy Terrain
|upkeep
|turn|11
|
|t:|1779820038
|switch|p1a: Heatran|Heatran, M|100/100
|-damage|p1a: Heatran|88/100|[from] Stealth Rock
|move|p2a: Venusaur|Sludge Bomb|p1a: Heatran
|-immune|p1a: Heatran
|
|-weather|SunnyDay|[upkeep]
|-heal|p2a: Venusaur|88/100|[from] Grassy Terrain
|-heal|p2a: Venusaur|94/100|[from] item: Leftovers
|-heal|p1a: Heatran|94/100|[from] Grassy Terrain
|-heal|p1a: Heatran|100/100|[from] item: Leftovers
|upkeep
|turn|12
|
|t:|1779820049
|move|p2a: Venusaur|Earth Power|p1a: Heatran
|-supereffective|p1a: Heatran
|-damage|p1a: Heatran|25/100
|move|p1a: Heatran|Magma Storm|p2a: Venusaur
|-supereffective|p2a: Venusaur
|-damage|p2a: Venusaur|0 fnt
|faint|p2a: Venusaur
|
|-weather|SunnyDay|[upkeep]
|-heal|p1a: Heatran|31/100|[from] Grassy Terrain
|-heal|p1a: Heatran|37/100|[from] item: Leftovers
|upkeep
|
|t:|1779820061
|switch|p2a: Chansey|Chansey, F|54/100
|turn|13
|
|t:|1779820065
|move|p1a: Heatran|Stealth Rock|p2a: Chansey
|-sidestart|p2: Delta.PCPE|move: Stealth Rock
|move|p2a: Chansey|Rain Dance|p2a: Chansey
|-weather|RainDance
|
|-weather|RainDance|[upkeep]
|-heal|p1a: Heatran|44/100|[from] Grassy Terrain
|-heal|p1a: Heatran|50/100|[from] item: Leftovers
|-heal|p2a: Chansey|60/100|[from] Grassy Terrain
|upkeep
|turn|14
|
|t:|1779820073
|move|p1a: Heatran|Earth Power|p2a: Chansey
|-damage|p2a: Chansey|48/100
|move|p2a: Chansey|Healing Wish|p2a: Chansey
|faint|p2a: Chansey
|
|-weather|RainDance|[upkeep]
|-heal|p1a: Heatran|56/100|[from] Grassy Terrain
|-heal|p1a: Heatran|62/100|[from] item: Leftovers
|upkeep
|
|t:|1779820082
|switch|p2a: Poliwrath|Poliwrath, M, shiny|9/100
|-heal|p2a: Poliwrath|100/100|[from] move: Healing Wish
|-damage|p2a: Poliwrath|94/100|[from] Stealth Rock
|turn|15
|
|t:|1779820088
|-terastallize|p1a: Heatran|Grass
|move|p2a: Poliwrath|Liquidation|p1a: Heatran
|-resisted|p1a: Heatran
|-damage|p1a: Heatran|31/100
|-damage|p2a: Poliwrath|85/100|[from] item: Life Orb
|move|p1a: Heatran|Will-O-Wisp|p2a: Poliwrath
|-status|p2a: Poliwrath|brn
|
|-weather|RainDance|[upkeep]
|-heal|p2a: Poliwrath|91/100 brn|[from] Grassy Terrain
|-heal|p1a: Heatran|37/100|[from] Grassy Terrain
|-heal|p1a: Heatran|43/100|[from] item: Leftovers
|-damage|p2a: Poliwrath|85/100 brn|[from] brn
|upkeep
|turn|16
|
|t:|1779820101
|move|p2a: Poliwrath|Poison Jab|p1a: Heatran
|-supereffective|p1a: Heatran
|-damage|p1a: Heatran|15/100
|-damage|p2a: Poliwrath|75/100 brn|[from] item: Life Orb
|move|p1a: Heatran|Magma Storm|p2a: Poliwrath
|-resisted|p2a: Poliwrath
|-damage|p2a: Poliwrath|64/100 brn
|-activate|p2a: Poliwrath|move: Magma Storm|[of] p1a: Heatran
|
|-weather|RainDance|[upkeep]
|-heal|p2a: Poliwrath|70/100 brn|[from] Grassy Terrain
|-heal|p1a: Heatran|21/100|[from] Grassy Terrain
|-heal|p1a: Heatran|28/100|[from] item: Leftovers
|-damage|p2a: Poliwrath|64/100 brn|[from] brn
|-damage|p2a: Poliwrath|52/100 brn|[from] move: Magma Storm|[partiallytrapped]
|-fieldend|move: Grassy Terrain
|upkeep
|turn|17
|-message|Delta.PCPE forfeited.
|
|win|lychuudoesshowdown
|raw|lychuudoesshowdown's rating: 1203 &rarr; <strong>1227</strong><br />(+24 for winning)
|raw|Delta.PCPE's rating: 1188 &rarr; <strong>1164</strong><br />(-24 for losing)
|l|☆Delta.PCPE
|player|p2|
|l|☆lychuudoesshowdown
|player|p1|
