|j|☆maddie_from_arcane
|j|☆habixia
|t:|1779947011
|gametype|singles
|player|p1|maddie_from_arcane|battlegirl-gen4|1594
|player|p2|habixia|101|1598
|gen|9
|tier|[Gen 9] OU
|rated|
|rule|HP Percentage Mod: HP is shown in percentages
|rule|Endless Battle Clause: Forcing endless battles is banned
|rule|Species Clause: Limit one of each Pokémon
|rule|OHKO Clause: OHKO moves are banned
|rule|Evasion Items Clause: Evasion items are banned
|rule|Evasion Moves Clause: Evasion moves are banned
|rule|Evasion Abilities Clause: Evasion abilities are banned
|rule|Sleep Moves Clause: Sleep-inducing moves are banned
|clearpoke
|poke|p1|Crawdaunt, M|
|poke|p1|Gliscor, F|
|poke|p1|Garganacl, M|
|poke|p1|Slither Wing|
|poke|p1|Darkrai|
|poke|p1|Iron Valiant|
|poke|p2|Ogerpon-Wellspring, F|
|poke|p2|Greninja-*, M|
|poke|p2|Gliscor, F|
|poke|p2|Dragapult, F|
|poke|p2|Iron Treads|
|poke|p2|Weavile, F|
|teampreview
|
|t:|1779947020
|teamsize|p1|6
|teamsize|p2|6
|start
|switch|p1a: moth mami|Slither Wing|100/100
|switch|p2a: Greninja|Greninja, M|100/100
|turn|1
|inactive|Battle timer is ON: inactive players will automatically lose when time's up. (requested by habixia)
|l|☆habixia
|inactive|habixia disconnected and has a minute to reconnect!
|player|p2|
|j|☆habixia
|inactive|habixia reconnected and has 130 seconds left.
|player|p2|habixia|101|
|inactive|habixia has 120 seconds left.
|
|t:|1779947056
|switch|p2a: Gliscor|Gliscor, F|100/100
|move|p1a: moth mami|First Impression|p2a: Gliscor
|-resisted|p2a: Gliscor
|-damage|p2a: Gliscor|89/100
|
|-status|p2a: Gliscor|tox|[from] item: Toxic Orb
|upkeep
|turn|2
|j| samurajen
|
|t:|1779947058
|move|p2a: Gliscor|U-turn|p1a: moth mami
|-resisted|p1a: moth mami
|-damage|p1a: moth mami|95/100
|
|t:|1779947061
|switch|p2a: Iron Treads|Iron Treads|100/100|[from] U-turn
|move|p1a: moth mami|U-turn|p2a: Iron Treads
|-resisted|p2a: Iron Treads
|-damage|p2a: Iron Treads|88/100
|
|t:|1779947064
|-end|p1a: moth mami|Protosynthesis|[silent]
|switch|p1a: knocked by james|Gliscor, F|100/100|[from] U-turn
|
|-heal|p2a: Iron Treads|94/100|[from] item: Leftovers
|-status|p1a: knocked by james|tox|[from] item: Toxic Orb
|upkeep
|turn|3
|
|t:|1779947074
|move|p2a: Iron Treads|Stealth Rock|p1a: knocked by james
|-sidestart|p1: maddie_from_arcane|move: Stealth Rock
|move|p1a: knocked by james|Earthquake|p2a: Iron Treads
|-supereffective|p2a: Iron Treads
|-damage|p2a: Iron Treads|40/100
|
|-heal|p2a: Iron Treads|46/100|[from] item: Leftovers
|upkeep
|turn|4
|
|t:|1779947079
|-end|p2a: Iron Treads|Quark Drive|[silent]
|switch|p2a: Ogerpon|Ogerpon-Wellspring, F|100/100
|move|p1a: knocked by james|Earthquake|p2a: Ogerpon
|-resisted|p2a: Ogerpon
|-damage|p2a: Ogerpon|80/100
|
|upkeep
|turn|5
|
|t:|1779947082
|move|p2a: Ogerpon|Substitute|p2a: Ogerpon
|-start|p2a: Ogerpon|Substitute
|-damage|p2a: Ogerpon|55/100
|move|p1a: knocked by james|U-turn|p2a: Ogerpon
|-supereffective|p2a: Ogerpon
|-end|p2a: Ogerpon|Substitute
|
|t:|1779947085
|switch|p1a: moth mami|Slither Wing|95/100|[from] U-turn
|
|upkeep
|turn|6
|
|t:|1779947101
|switch|p2a: Gliscor|Gliscor, F|89/100 tox
|move|p1a: moth mami|U-turn|p2a: Gliscor
|-resisted|p2a: Gliscor
|-damage|p2a: Gliscor|79/100 tox
|
|t:|1779947104
|-end|p1a: moth mami|Protosynthesis|[silent]
|switch|p1a: PICKUPDAPHONE|Crawdaunt, M|100/100|[from] U-turn
|-damage|p1a: PICKUPDAPHONE|88/100|[from] Stealth Rock
|
|-heal|p2a: Gliscor|92/100 tox|[from] ability: Poison Heal
|upkeep
|turn|7
|
|t:|1779947116
|move|p2a: Gliscor|Protect|p2a: Gliscor
|-singleturn|p2a: Gliscor|Protect
|move|p1a: PICKUPDAPHONE|Knock Off|p2a: Gliscor
|-activate|p2a: Gliscor|move: Protect
|
|-heal|p2a: Gliscor|100/100 tox|[from] ability: Poison Heal
|upkeep
|turn|8
|
|t:|1779947121
|move|p2a: Gliscor|U-turn|p1a: PICKUPDAPHONE
|-supereffective|p1a: PICKUPDAPHONE
|-damage|p1a: PICKUPDAPHONE|43/100
|
|t:|1779947127
|switch|p2a: Iron Treads|Iron Treads|46/100|[from] U-turn
|move|p1a: PICKUPDAPHONE|Knock Off|p2a: Iron Treads
|-damage|p2a: Iron Treads|0 fnt
|-enditem|p2a: Iron Treads|Leftovers|[from] move: Knock Off|[of] p1a: PICKUPDAPHONE
|faint|p2a: Iron Treads
|-end|p2a: Iron Treads|Quark Drive|[silent]
|
|upkeep
|
|t:|1779947129
|switch|p2a: Greninja|Greninja, M|100/100
|turn|9
|
|t:|1779947132
|switch|p1a: knocked by james|Gliscor, F|100/100 tox
|-damage|p1a: knocked by james|88/100 tox|[from] Stealth Rock
|move|p2a: Greninja|U-turn|p1a: knocked by james
|-start|p2a: Greninja|typechange|Bug|[from] ability: Protean
|-resisted|p1a: knocked by james
|-damage|p1a: knocked by james|76/100 tox
|
|t:|1779947155
|switch|p2a: Ogerpon|Ogerpon-Wellspring, F|55/100|[from] U-turn
|
|-heal|p1a: knocked by james|89/100 tox|[from] ability: Poison Heal
|upkeep
|turn|10
|
|t:|1779947160
|move|p1a: knocked by james|Protect|p1a: knocked by james
|-singleturn|p1a: knocked by james|Protect
|move|p2a: Ogerpon|Ivy Cudgel|p1a: knocked by james|[anim] Ivy Cudgel Water
|-activate|p1a: knocked by james|move: Protect
|
|-heal|p1a: knocked by james|100/100 tox|[from] ability: Poison Heal
|upkeep
|turn|11
|
|t:|1779947164
|switch|p1a: moth mami|Slither Wing|95/100
|move|p2a: Ogerpon|Ivy Cudgel|p1a: moth mami|[anim] Ivy Cudgel Water
|-damage|p1a: moth mami|52/100
|
|upkeep
|turn|12
|
|t:|1779947171
|switch|p2a: Gliscor|Gliscor, F|100/100 tox
|move|p1a: moth mami|Morning Sun|p1a: moth mami
|-heal|p1a: moth mami|100/100
|
|upkeep
|turn|13
|
|t:|1779947175
|-end|p1a: moth mami|Protosynthesis|[silent]
|switch|p1a: knocked by james|Gliscor, F|100/100 tox
|-damage|p1a: knocked by james|88/100 tox|[from] Stealth Rock
|move|p2a: Gliscor|Toxic|p1a: knocked by james
|-fail|p1a: knocked by james|tox
|
|-heal|p1a: knocked by james|100/100 tox|[from] ability: Poison Heal
|upkeep
|turn|14
|
|t:|1779947177
|move|p2a: Gliscor|U-turn|p1a: knocked by james
|-resisted|p1a: knocked by james
|-damage|p1a: knocked by james|94/100 tox
|
|t:|1779947179
|switch|p2a: Ogerpon|Ogerpon-Wellspring, F|55/100|[from] U-turn
|move|p1a: knocked by james|Stealth Rock|p2a: Ogerpon
|-sidestart|p2: habixia|move: Stealth Rock
|
|-heal|p1a: knocked by james|100/100 tox|[from] ability: Poison Heal
|upkeep
|turn|15
|
|t:|1779947182
|move|p2a: Ogerpon|Ivy Cudgel|p1a: knocked by james|[anim] Ivy Cudgel Water
|-supereffective|p1a: knocked by james
|-damage|p1a: knocked by james|8/100 tox
|move|p1a: knocked by james|U-turn|p2a: Ogerpon
|-supereffective|p2a: Ogerpon
|-damage|p2a: Ogerpon|11/100
|
|t:|1779947188
|switch|p1a: moth mami|Slither Wing|100/100|[from] U-turn
|
|upkeep
|turn|16
|j| ueyr43
|
|t:|1779947205
|switch|p2a: Gliscor|Gliscor, F|100/100 tox
|-damage|p2a: Gliscor|88/100 tox|[from] Stealth Rock
|move|p1a: moth mami|U-turn|p2a: Gliscor
|-resisted|p2a: Gliscor
|-damage|p2a: Gliscor|79/100 tox
|l| ueyr43
|
|t:|1779947211
|-end|p1a: moth mami|Protosynthesis|[silent]
|switch|p1a: krampus|Darkrai|100/100|[from] U-turn
|
|-heal|p2a: Gliscor|91/100 tox|[from] ability: Poison Heal
|upkeep
|turn|17
|
|t:|1779947225
|move|p2a: Gliscor|Protect|p2a: Gliscor
|-singleturn|p2a: Gliscor|Protect
|move|p1a: krampus|Ice Beam|p2a: Gliscor
|-activate|p2a: Gliscor|move: Protect
|
|-heal|p2a: Gliscor|100/100 tox|[from] ability: Poison Heal
|upkeep
|turn|18
|
|t:|1779947230
|-terastallize|p2a: Gliscor|Water
|move|p1a: krampus|Knock Off|p2a: Gliscor
|-damage|p2a: Gliscor|81/100 tox
|-enditem|p2a: Gliscor|Toxic Orb|[from] move: Knock Off|[of] p1a: krampus
|move|p2a: Gliscor|U-turn|p1a: krampus
|-supereffective|p1a: krampus
|-damage|p1a: krampus|54/100
|
|t:|1779947239
|switch|p2a: Greninja|Greninja, M|100/100|[from] U-turn
|-damage|p2a: Greninja|88/100|[from] Stealth Rock
|
|upkeep
|turn|19
|
|t:|1779947245
|switch|p1a: knocked by james|Gliscor, F|8/100 tox
|-damage|p1a: knocked by james|0 fnt|[from] Stealth Rock
|faint|p1a: knocked by james
|move|p2a: Greninja|U-turn|p1: knocked by james|[notarget]
|-fail|p2a: Greninja
|
|upkeep
|
|t:|1779947247
|switch|p1a: moth mami|Slither Wing|100/100
|turn|20
|
|t:|1779947249
|switch|p2a: Gliscor|Gliscor, F, tera:Water|81/100 tox
|-damage|p2a: Gliscor|68/100 tox|[from] Stealth Rock
|move|p1a: moth mami|U-turn|p2a: Gliscor
|-damage|p2a: Gliscor|49/100 tox
|
|t:|1779947258
|-end|p1a: moth mami|Protosynthesis|[silent]
|switch|p1a: forever a png|Iron Valiant|100/100|[from] U-turn
|
|-heal|p2a: Gliscor|61/100 tox|[from] ability: Poison Heal
|upkeep
|turn|21
|
|t:|1779947262
|move|p2a: Gliscor|Protect|p2a: Gliscor
|-singleturn|p2a: Gliscor|Protect
|move|p1a: forever a png|Close Combat|p2a: Gliscor
|-activate|p2a: Gliscor|move: Protect
|
|-heal|p2a: Gliscor|74/100 tox|[from] ability: Poison Heal
|upkeep
|turn|22
|
|t:|1779947267
|move|p1a: forever a png|Encore|p2a: Gliscor
|-start|p2a: Gliscor|Encore
|move|p2a: Gliscor|Protect||[still]
|-fail|p2a: Gliscor
|
|-heal|p2a: Gliscor|86/100 tox|[from] ability: Poison Heal
|upkeep
|turn|23
|j| ueyr43
|
|t:|1779947271
|move|p2a: Gliscor|Protect|p2a: Gliscor
|-singleturn|p2a: Gliscor|Protect
|move|p1a: forever a png|Knock Off|p2a: Gliscor
|-activate|p2a: Gliscor|move: Protect
|
|-heal|p2a: Gliscor|99/100 tox|[from] ability: Poison Heal
|upkeep
|turn|24
|
|t:|1779947275
|switch|p2a: Ogerpon|Ogerpon-Wellspring, F|11/100
|-damage|p2a: Ogerpon|0 fnt|[from] Stealth Rock
|faint|p2a: Ogerpon
|move|p1a: forever a png|Moonblast|p2: Ogerpon|[notarget]
|-fail|p1a: forever a png
|
|upkeep
|
|t:|1779947279
|switch|p2a: Weavile|Weavile, F|100/100
|-damage|p2a: Weavile|76/100|[from] Stealth Rock
|-ability|p2a: Weavile|Pressure
|turn|25
|
|t:|1779947284
|move|p2a: Weavile|Triple Axel|p1a: forever a png
|-damage|p1a: forever a png|80/100
|-damage|p1a: forever a png|40/100
|-damage|p1a: forever a png|0 fnt
|faint|p1a: forever a png
|-end|p1a: forever a png|Quark Drive|[silent]
|-hitcount|p1: forever a png|3
|
|upkeep
|
|t:|1779947287
|switch|p1a: moth mami|Slither Wing|100/100
|turn|26
|l| samurajen
|
|t:|1779947290
|switch|p2a: Gliscor|Gliscor, F, tera:Water|99/100 tox
|-damage|p2a: Gliscor|86/100 tox|[from] Stealth Rock
|move|p1a: moth mami|U-turn|p2a: Gliscor
|-damage|p2a: Gliscor|68/100 tox
|
|t:|1779947293
|-end|p1a: moth mami|Protosynthesis|[silent]
|switch|p1a: setup sleeper|Garganacl, M|100/100|[from] U-turn
|-damage|p1a: setup sleeper|88/100|[from] Stealth Rock
|
|-heal|p1a: setup sleeper|94/100|[from] item: Leftovers
|-heal|p2a: Gliscor|80/100 tox|[from] ability: Poison Heal
|upkeep
|turn|27
|
|t:|1779947300
|move|p2a: Gliscor|Earthquake|p1a: setup sleeper
|-supereffective|p1a: setup sleeper
|-damage|p1a: setup sleeper|48/100
|move|p1a: setup sleeper|Salt Cure|p2a: Gliscor
|-damage|p2a: Gliscor|72/100 tox
|-start|p2a: Gliscor|Salt Cure
|
|-heal|p1a: setup sleeper|54/100|[from] item: Leftovers
|-heal|p2a: Gliscor|84/100 tox|[from] ability: Poison Heal
|-damage|p2a: Gliscor|59/100 tox|[from] Salt Cure
|upkeep
|turn|28
|
|t:|1779947306
|move|p2a: Gliscor|Earthquake|p1a: setup sleeper
|-supereffective|p1a: setup sleeper
|-crit|p1a: setup sleeper
|-damage|p1a: setup sleeper|0 fnt
|faint|p1a: setup sleeper
|
|-heal|p2a: Gliscor|72/100 tox|[from] ability: Poison Heal
|-damage|p2a: Gliscor|47/100 tox|[from] Salt Cure
|upkeep
|
|t:|1779947313
|switch|p1a: krampus|Darkrai|54/100
|turn|29
|
|t:|1779947318
|switch|p2a: Weavile|Weavile, F|76/100
|-damage|p2a: Weavile|51/100|[from] Stealth Rock
|-ability|p2a: Weavile|Pressure
|move|p1a: krampus|Dark Pulse|p2a: Weavile
|-resisted|p2a: Weavile
|-damage|p2a: Weavile|19/100
|
|upkeep
|turn|30
|
|t:|1779947321
|move|p2a: Weavile|Ice Shard|p1a: krampus
|-damage|p1a: krampus|9/100
|move|p1a: krampus|Sludge Bomb|p2a: Weavile
|-damage|p2a: Weavile|0 fnt
|faint|p2a: Weavile
|
|upkeep
|
|t:|1779947326
|switch|p2a: Greninja|Greninja, M|88/100
|-damage|p2a: Greninja|76/100|[from] Stealth Rock
|turn|31
|
|t:|1779947331
|move|p2a: Greninja|U-turn|p1a: krampus
|-start|p2a: Greninja|typechange|Bug|[from] ability: Protean
|-supereffective|p1a: krampus
|-damage|p1a: krampus|0 fnt
|faint|p1a: krampus
|
|t:|1779947333
|switch|p2a: Gliscor|Gliscor, F, tera:Water|47/100 tox|[from] U-turn
|-damage|p2a: Gliscor|34/100 tox|[from] Stealth Rock
|
|-heal|p2a: Gliscor|47/100 tox|[from] ability: Poison Heal
|upkeep
|
|t:|1779947336
|switch|p1a: moth mami|Slither Wing|100/100
|turn|32
|l| ueyr43
|
|t:|1779947338
|-terastallize|p1a: moth mami|Bug
|move|p2a: Gliscor|Protect|p2a: Gliscor
|-singleturn|p2a: Gliscor|Protect
|move|p1a: moth mami|First Impression|p2a: Gliscor
|-activate|p2a: Gliscor|move: Protect
|
|-heal|p2a: Gliscor|59/100 tox|[from] ability: Poison Heal
|upkeep
|turn|33
|
|t:|1779947345
|move|p2a: Gliscor|Toxic|p1a: moth mami|[miss]
|-miss|p2a: Gliscor|p1a: moth mami
|move|p1a: moth mami|U-turn|p2a: Gliscor
|-damage|p2a: Gliscor|33/100 tox
|
|t:|1779947348
|-end|p1a: moth mami|Protosynthesis|[silent]
|switch|p1a: PICKUPDAPHONE|Crawdaunt, M|43/100|[from] U-turn
|-damage|p1a: PICKUPDAPHONE|31/100|[from] Stealth Rock
|
|-heal|p2a: Gliscor|45/100 tox|[from] ability: Poison Heal
|upkeep
|turn|34
|
|t:|1779947352
|move|p2a: Gliscor|Protect|p2a: Gliscor
|-singleturn|p2a: Gliscor|Protect
|move|p1a: PICKUPDAPHONE|Knock Off|p2a: Gliscor
|-activate|p2a: Gliscor|move: Protect
|
|-heal|p2a: Gliscor|58/100 tox|[from] ability: Poison Heal
|upkeep
|turn|35
|
|t:|1779947356
|move|p2a: Gliscor|Earthquake|p1a: PICKUPDAPHONE
|-damage|p1a: PICKUPDAPHONE|0 fnt
|faint|p1a: PICKUPDAPHONE
|
|-heal|p2a: Gliscor|70/100 tox|[from] ability: Poison Heal
|upkeep
|-message|maddie_from_arcane forfeited.
|
|win|habixia
|raw|maddie_from_arcane's rating: 1594 &rarr; <strong>1576</strong><br />(-18 for losing)
|raw|habixia's rating: 1621 &rarr; <strong>1639</strong><br />(+18 for winning)
|l|☆maddie_from_arcane
|player|p1|
|l|☆habixia
|player|p2|
|j| ueyr43
|l| ueyr43
|j|☆habixia
|player|p2|habixia|101|
|l|☆habixia
|player|p2|
