|j|☆ancientatom1
|j|☆lockheed shartin
|t:|1779901918
|gametype|singles
|player|p1|ancientatom1|102|1472
|player|p2|lockheed shartin|preschooler|1436
|gen|9
|tier|[Gen 9] OU
|rated|
|rule|HP Percentage Mod: HP is shown in percentages
|rule|Endless Battle Clause: Forcing endless battles is banned
|rule|Species Clause: Limit one of each Pokémon
|rule|OHKO Clause: OHKO moves are banned
|rule|Evasion Items Clause: Evasion items are banned
|rule|Evasion Moves Clause: Evasion moves are banned
|rule|Evasion Abilities Clause: Evasion abilities are banned
|rule|Sleep Moves Clause: Sleep-inducing moves are banned
|clearpoke
|poke|p1|Iron Moth|
|poke|p1|Gliscor, M|
|poke|p1|Hatterene, F|
|poke|p1|Ogerpon-Wellspring, F|
|poke|p1|Raging Bolt|
|poke|p1|Zamazenta-*|
|poke|p2|Zamazenta-*|
|poke|p2|Raikou|
|poke|p2|Moltres|
|poke|p2|Iron Treads|
|poke|p2|Samurott-Hisui, F|
|poke|p2|Pecharunt|
|teampreview
|inactive|Battle timer is ON: inactive players will automatically lose when time's up. (requested by lockheed shartin)
|inactive|ancientatom1 also wants the timer to be on.
|
|t:|1779901940
|teamsize|p1|6
|teamsize|p2|6
|start
|switch|p1a: Big Zam|Zamazenta|100/100
|switch|p2a: Pecharunt|Pecharunt|100/100
|-ability|p1a: Big Zam|Dauntless Shield|boost
|-boost|p1a: Big Zam|def|1
|turn|1
|
|t:|1779901949
|move|p1a: Big Zam|Reflect|p1a: Big Zam
|-sidestart|p1: ancientatom1|Reflect
|move|p2a: Pecharunt|Malignant Chain|p1a: Big Zam
|-damage|p1a: Big Zam|75/100
|
|upkeep
|turn|2
|
|t:|1779901954
|move|p1a: Big Zam|Light Screen|p1a: Big Zam
|-sidestart|p1: ancientatom1|move: Light Screen
|move|p2a: Pecharunt|Parting Shot|p1a: Big Zam
|-unboost|p1a: Big Zam|atk|1
|-unboost|p1a: Big Zam|spa|1
|
|t:|1779901959
|switch|p2a: Moltres|Moltres|100/100|[from] Parting Shot
|
|upkeep
|turn|3
|inactive|ancientatom1 has 120 seconds left.
|
|t:|1779901995
|switch|p1a: Mesophilioma|Raging Bolt|100/100
|-enditem|p1a: Mesophilioma|Booster Energy
|-activate|p1a: Mesophilioma|ability: Protosynthesis|[fromitem]
|-start|p1a: Mesophilioma|protosynthesisspa
|move|p2a: Moltres|Roar|p1a: Mesophilioma
|-end|p1a: Mesophilioma|Protosynthesis|[silent]
|drag|p1a: ILuvSippinPiss|Gliscor, M|100/100
|
|-status|p1a: ILuvSippinPiss|tox|[from] item: Toxic Orb
|upkeep
|turn|4
|inactive|ancientatom1 has 120 seconds left.
|
|t:|1779902010
|move|p1a: ILuvSippinPiss|Agility|p1a: ILuvSippinPiss
|-boost|p1a: ILuvSippinPiss|spe|2
|move|p2a: Moltres|U-turn|p1a: ILuvSippinPiss
|-resisted|p1a: ILuvSippinPiss
|-damage|p1a: ILuvSippinPiss|98/100 tox
|
|t:|1779902015
|switch|p2a: Pecharunt|Pecharunt|100/100|[from] U-turn
|
|-heal|p1a: ILuvSippinPiss|100/100 tox|[from] ability: Poison Heal
|upkeep
|turn|5
|
|t:|1779902019
|switch|p2a: Moltres|Moltres|100/100
|move|p1a: ILuvSippinPiss|Swords Dance|p1a: ILuvSippinPiss
|-boost|p1a: ILuvSippinPiss|atk|2
|
|upkeep
|turn|6
|
|t:|1779902023
|move|p1a: ILuvSippinPiss|Facade|p2a: Moltres
|-damage|p2a: Moltres|45/100
|move|p2a: Moltres|Roar|p1a: ILuvSippinPiss
|drag|p1a: Mesophilioma|Raging Bolt|100/100
|
|upkeep
|turn|7
|
|t:|1779902028
|switch|p2a: Iron Treads|Iron Treads|100/100
|move|p1a: Mesophilioma|Thunderbolt|p2a: Iron Treads
|-immune|p2a: Iron Treads
|
|upkeep
|turn|8
|
|t:|1779902032
|move|p2a: Iron Treads|Knock Off|p1a: Mesophilioma
|-damage|p1a: Mesophilioma|93/100
|move|p1a: Mesophilioma|Dragon Pulse|p2a: Iron Treads
|-resisted|p2a: Iron Treads
|-damage|p2a: Iron Treads|77/100
|
|-heal|p2a: Iron Treads|83/100|[from] item: Leftovers
|-sideend|p1: ancientatom1|Reflect
|upkeep
|turn|9
|
|t:|1779902053
|-end|p1a: Mesophilioma|Protosynthesis|[silent]
|switch|p1a: Sh*tOnThePresident|Iron Moth|100/100
|-enditem|p1a: Sh*tOnThePresident|Booster Energy
|-activate|p1a: Sh*tOnThePresident|ability: Quark Drive|[fromitem]
|-start|p1a: Sh*tOnThePresident|quarkdrivespe
|move|p2a: Iron Treads|Knock Off|p1a: Sh*tOnThePresident
|-damage|p1a: Sh*tOnThePresident|73/100
|
|-heal|p2a: Iron Treads|90/100|[from] item: Leftovers
|-sideend|p1: ancientatom1|move: Light Screen
|upkeep
|turn|10
|
|t:|1779902060
|-end|p2a: Iron Treads|Quark Drive|[silent]
|switch|p2a: Samurott|Samurott-Hisui, F|100/100
|move|p1a: Sh*tOnThePresident|Fiery Dance|p2a: Samurott
|-resisted|p2a: Samurott
|-damage|p2a: Samurott|86/100
|
|upkeep
|turn|11
|
|t:|1779902069
|-end|p1a: Sh*tOnThePresident|Quark Drive|[silent]
|switch|p1a: Carbuncle8Itself|Ogerpon-Wellspring, F|100/100
|move|p2a: Samurott|Knock Off|p1a: Carbuncle8Itself
|-damage|p1a: Carbuncle8Itself|66/100
|
|upkeep
|turn|12
|
|t:|1779902087
|move|p1a: Carbuncle8Itself|Trailblaze|p2a: Samurott
|-supereffective|p2a: Samurott
|-damage|p2a: Samurott|12/100
|-boost|p1a: Carbuncle8Itself|spe|1
|move|p2a: Samurott|Ceaseless Edge|p1a: Carbuncle8Itself
|-damage|p1a: Carbuncle8Itself|7/100
|-sidestart|p1: ancientatom1|Spikes
|
|upkeep
|turn|13
|
|t:|1779902095
|move|p2a: Samurott|Sucker Punch|p1a: Carbuncle8Itself
|-damage|p1a: Carbuncle8Itself|0 fnt
|faint|p1a: Carbuncle8Itself
|
|upkeep
|
|t:|1779902098
|switch|p1a: Sh*tOnThePresident|Iron Moth|73/100
|-damage|p1a: Sh*tOnThePresident|61/100|[from] Spikes
|turn|14
|
|t:|1779902105
|move|p1a: Sh*tOnThePresident|Fiery Dance|p2a: Samurott
|-resisted|p2a: Samurott
|-damage|p2a: Samurott|0 fnt
|-boost|p1a: Sh*tOnThePresident|spa|1
|faint|p2a: Samurott
|
|upkeep
|
|t:|1779902110
|switch|p2a: Raikou|Raikou|100/100
|-ability|p2a: Raikou|Pressure
|turn|15
|
|t:|1779902118
|move|p2a: Raikou|Calm Mind|p2a: Raikou
|-boost|p2a: Raikou|spa|1
|-boost|p2a: Raikou|spd|1
|move|p1a: Sh*tOnThePresident|Sludge Wave|p2a: Raikou
|-damage|p2a: Raikou|49/100
|-status|p2a: Raikou|psn
|
|-heal|p2a: Raikou|55/100 psn|[from] item: Leftovers
|-damage|p2a: Raikou|43/100 psn|[from] psn
|upkeep
|turn|16
|
|t:|1779902126
|move|p2a: Raikou|Scald|p1a: Sh*tOnThePresident
|-supereffective|p1a: Sh*tOnThePresident
|-damage|p1a: Sh*tOnThePresident|0 fnt
|faint|p1a: Sh*tOnThePresident
|-end|p1a: Sh*tOnThePresident|Quark Drive|[silent]
|
|-heal|p2a: Raikou|49/100 psn|[from] item: Leftovers
|-damage|p2a: Raikou|37/100 psn|[from] psn
|upkeep
|
|t:|1779902131
|switch|p1a: Big Zam|Zamazenta|75/100
|-damage|p1a: Big Zam|63/100|[from] Spikes
|turn|17
|
|t:|1779902136
|move|p1a: Big Zam|Close Combat|p2a: Raikou
|-damage|p2a: Raikou|0 fnt
|-unboost|p1a: Big Zam|def|1
|-unboost|p1a: Big Zam|spd|1
|faint|p2a: Raikou
|
|upkeep
|
|t:|1779902137
|switch|p2a: Moltres|Moltres|45/100
|turn|18
|
|t:|1779902141
|move|p1a: Big Zam|Light Screen|p1a: Big Zam
|-sidestart|p1: ancientatom1|move: Light Screen
|move|p2a: Moltres|Roost|p2a: Moltres
|-heal|p2a: Moltres|95/100
|-singleturn|p2a: Moltres|move: Roost
|
|upkeep
|turn|19
|
|t:|1779902150
|move|p1a: Big Zam|Reflect|p1a: Big Zam
|-sidestart|p1: ancientatom1|Reflect
|move|p2a: Moltres|Flamethrower|p1a: Big Zam
|-damage|p1a: Big Zam|40/100
|
|upkeep
|turn|20
|
|t:|1779902166
|switch|p1a: ILuvSippinPiss|Gliscor, M|100/100 tox
|move|p2a: Moltres|Flamethrower|p1a: ILuvSippinPiss
|-damage|p1a: ILuvSippinPiss|76/100 tox
|
|-heal|p1a: ILuvSippinPiss|89/100 tox|[from] ability: Poison Heal
|upkeep
|turn|21
|
|t:|1779902171
|move|p1a: ILuvSippinPiss|Facade|p2a: Moltres
|-damage|p2a: Moltres|64/100
|move|p2a: Moltres|Roar|p1a: ILuvSippinPiss
|drag|p1a: Spoofy|Hatterene, F|100/100
|-damage|p1a: Spoofy|88/100|[from] Spikes
|
|-heal|p1a: Spoofy|94/100|[from] item: Leftovers
|upkeep
|turn|22
|
|t:|1779902178
|move|p2a: Moltres|U-turn|p1a: Spoofy
|-damage|p1a: Spoofy|88/100
|
|t:|1779902181
|switch|p2a: Pecharunt|Pecharunt|100/100|[from] U-turn
|move|p1a: Spoofy|Mystical Fire|p2a: Pecharunt
|-damage|p2a: Pecharunt|76/100
|-unboost|p2a: Pecharunt|spa|1
|
|-heal|p1a: Spoofy|94/100|[from] item: Leftovers
|upkeep
|turn|23
|
|t:|1779902187
|switch|p1a: ILuvSippinPiss|Gliscor, M|89/100 tox
|move|p2a: Pecharunt|Parting Shot|p1a: ILuvSippinPiss
|-unboost|p1a: ILuvSippinPiss|atk|1
|-unboost|p1a: ILuvSippinPiss|spa|1
|
|t:|1779902192
|switch|p2a: Moltres|Moltres|64/100|[from] Parting Shot
|
|-heal|p1a: ILuvSippinPiss|100/100 tox|[from] ability: Poison Heal
|upkeep
|turn|24
|
|t:|1779902197
|move|p1a: ILuvSippinPiss|Facade|p2a: Moltres
|-damage|p2a: Moltres|44/100
|move|p2a: Moltres|Roost|p2a: Moltres
|-heal|p2a: Moltres|94/100
|-singleturn|p2a: Moltres|move: Roost
|
|upkeep
|turn|25
|
|t:|1779902201
|move|p1a: ILuvSippinPiss|Facade|p2a: Moltres
|-damage|p2a: Moltres|73/100
|move|p2a: Moltres|Roar|p1a: ILuvSippinPiss
|drag|p1a: Spoofy|Hatterene, F|94/100
|-damage|p1a: Spoofy|82/100|[from] Spikes
|
|-heal|p1a: Spoofy|88/100|[from] item: Leftovers
|-sideend|p1: ancientatom1|move: Light Screen
|upkeep
|turn|26
|
|t:|1779902205
|move|p2a: Moltres|Flamethrower|p1a: Spoofy
|-damage|p1a: Spoofy|53/100
|move|p1a: Spoofy|Draining Kiss|p2a: Moltres
|-resisted|p2a: Moltres
|-damage|p2a: Moltres|62/100
|-heal|p1a: Spoofy|63/100|[from] drain|[of] p2a: Moltres
|-status|p1a: Spoofy|brn|[from] ability: Flame Body|[of] p2a: Moltres
|
|-heal|p1a: Spoofy|69/100 brn|[from] item: Leftovers
|-damage|p1a: Spoofy|63/100 brn|[from] brn
|-sideend|p1: ancientatom1|Reflect
|upkeep
|turn|27
|
|t:|1779902218
|move|p2a: Moltres|U-turn|p1a: Spoofy
|-damage|p1a: Spoofy|51/100 brn
|
|t:|1779902220
|switch|p2a: Iron Treads|Iron Treads|90/100|[from] U-turn
|move|p1a: Spoofy|Mystical Fire|p2a: Iron Treads
|-supereffective|p2a: Iron Treads
|-damage|p2a: Iron Treads|42/100
|-unboost|p2a: Iron Treads|spa|1
|
|-heal|p2a: Iron Treads|48/100|[from] item: Leftovers
|-heal|p1a: Spoofy|57/100 brn|[from] item: Leftovers
|-damage|p1a: Spoofy|51/100 brn|[from] brn
|upkeep
|turn|28
|
|t:|1779902232
|move|p2a: Iron Treads|Earthquake|p1a: Spoofy
|-damage|p1a: Spoofy|21/100 brn
|move|p1a: Spoofy|Mystical Fire|p2a: Iron Treads
|-supereffective|p2a: Iron Treads
|-damage|p2a: Iron Treads|5/100
|-unboost|p2a: Iron Treads|spa|1
|
|-heal|p2a: Iron Treads|11/100|[from] item: Leftovers
|-heal|p1a: Spoofy|27/100 brn|[from] item: Leftovers
|-damage|p1a: Spoofy|21/100 brn|[from] brn
|upkeep
|turn|29
|
|t:|1779902243
|move|p2a: Iron Treads|Earthquake|p1a: Spoofy
|-damage|p1a: Spoofy|0 fnt
|faint|p1a: Spoofy
|
|-heal|p2a: Iron Treads|17/100|[from] item: Leftovers
|upkeep
|
|t:|1779902248
|switch|p1a: Big Zam|Zamazenta|40/100
|-damage|p1a: Big Zam|28/100|[from] Spikes
|turn|30
|
|t:|1779902254
|-end|p2a: Iron Treads|Quark Drive|[silent]
|switch|p2a: Moltres|Moltres|62/100
|move|p1a: Big Zam|Reflect|p1a: Big Zam
|-sidestart|p1: ancientatom1|Reflect
|
|upkeep
|turn|31
|
|t:|1779902258
|move|p1a: Big Zam|Light Screen|p1a: Big Zam
|-sidestart|p1: ancientatom1|move: Light Screen
|move|p2a: Moltres|Roost|p2a: Moltres
|-heal|p2a: Moltres|100/100
|-singleturn|p2a: Moltres|move: Roost
|
|upkeep
|turn|32
|
|t:|1779902266
|switch|p1a: ILuvSippinPiss|Gliscor, M|100/100 tox
|move|p2a: Moltres|Flamethrower|p1a: ILuvSippinPiss
|-damage|p1a: ILuvSippinPiss|78/100 tox
|
|-heal|p1a: ILuvSippinPiss|90/100 tox|[from] ability: Poison Heal
|upkeep
|turn|33
|
|t:|1779902276
|move|p1a: ILuvSippinPiss|Facade|p2a: Moltres
|-damage|p2a: Moltres|72/100
|move|p2a: Moltres|U-turn|p1a: ILuvSippinPiss
|-resisted|p1a: ILuvSippinPiss
|-damage|p1a: ILuvSippinPiss|87/100 tox
|
|t:|1779902282
|switch|p2a: Iron Treads|Iron Treads|17/100|[from] U-turn
|
|-heal|p2a: Iron Treads|23/100|[from] item: Leftovers
|-heal|p1a: ILuvSippinPiss|99/100 tox|[from] ability: Poison Heal
|upkeep
|turn|34
|
|t:|1779902290
|-end|p2a: Iron Treads|Quark Drive|[silent]
|switch|p2a: Moltres|Moltres|72/100
|move|p1a: ILuvSippinPiss|Earthquake|p2a: Moltres
|-immune|p2a: Moltres
|
|-heal|p1a: ILuvSippinPiss|100/100 tox|[from] ability: Poison Heal
|upkeep
|turn|35
|
|t:|1779902300
|move|p1a: ILuvSippinPiss|Facade|p2a: Moltres
|-crit|p2a: Moltres
|-damage|p2a: Moltres|25/100
|move|p2a: Moltres|Roar|p1a: ILuvSippinPiss
|drag|p1a: Mesophilioma|Raging Bolt|93/100
|-damage|p1a: Mesophilioma|81/100|[from] Spikes
|
|upkeep
|turn|36
|
|t:|1779902318
|move|p1a: Mesophilioma|Dragon Pulse|p2a: Moltres
|-damage|p2a: Moltres|0 fnt
|faint|p2a: Moltres
|
|upkeep
|inactive|lockheed shartin has 120 seconds left.
|
|t:|1779902339
|switch|p2a: Iron Treads|Iron Treads|23/100
|turn|37
|
|t:|1779902353
|move|p2a: Iron Treads|Stealth Rock|p1a: Mesophilioma
|-sidestart|p1: ancientatom1|move: Stealth Rock
|move|p1a: Mesophilioma|Dragon Pulse|p2a: Iron Treads
|-resisted|p2a: Iron Treads
|-damage|p2a: Iron Treads|0 fnt
|faint|p2a: Iron Treads
|-end|p2a: Iron Treads|Quark Drive|[silent]
|
|-sideend|p1: ancientatom1|Reflect
|upkeep
|
|t:|1779902359
|switch|p2a: Mr. TalkAboutIt|Zamazenta, shiny|100/100
|-ability|p2a: Mr. TalkAboutIt|Dauntless Shield|boost
|-boost|p2a: Mr. TalkAboutIt|def|1
|turn|38
|
|t:|1779902363
|move|p1a: Mesophilioma|Thunderbolt|p2a: Mr. TalkAboutIt
|-damage|p2a: Mr. TalkAboutIt|51/100
|move|p2a: Mr. TalkAboutIt|Roar|p1a: Mesophilioma
|-enditem|p2a: Mr. TalkAboutIt|Throat Spray
|-boost|p2a: Mr. TalkAboutIt|spa|1|[from] item: Throat Spray
|-end|p1a: Mesophilioma|Protosynthesis|[silent]
|drag|p1a: Big Zam|Zamazenta|28/100
|-damage|p1a: Big Zam|15/100|[from] Spikes
|-damage|p1a: Big Zam|9/100|[from] Stealth Rock
|
|-sideend|p1: ancientatom1|move: Light Screen
|upkeep
|turn|39
|
|t:|1779902376
|move|p1a: Big Zam|Reflect|p1a: Big Zam
|-sidestart|p1: ancientatom1|Reflect
|move|p2a: Mr. TalkAboutIt|Moonblast|p1a: Big Zam
|-supereffective|p1a: Big Zam
|-damage|p1a: Big Zam|0 fnt
|faint|p1a: Big Zam
|
|upkeep
|
|t:|1779902381
|switch|p1a: ILuvSippinPiss|Gliscor, M|100/100 tox
|-damage|p1a: ILuvSippinPiss|88/100 tox|[from] Stealth Rock
|turn|40
|
|t:|1779902384
|-terastallize|p2a: Mr. TalkAboutIt|Fairy
|move|p2a: Mr. TalkAboutIt|Moonblast|p1a: ILuvSippinPiss
|-damage|p1a: ILuvSippinPiss|18/100 tox
|move|p1a: ILuvSippinPiss|Swords Dance|p1a: ILuvSippinPiss
|-boost|p1a: ILuvSippinPiss|atk|2
|
|-heal|p1a: ILuvSippinPiss|30/100 tox|[from] ability: Poison Heal
|upkeep
|turn|41
|
|t:|1779902397
|move|p2a: Mr. TalkAboutIt|Moonblast|p1a: ILuvSippinPiss
|-damage|p1a: ILuvSippinPiss|0 fnt
|faint|p1a: ILuvSippinPiss
|
|upkeep
|
|t:|1779902399
|switch|p1a: Mesophilioma|Raging Bolt|81/100
|-damage|p1a: Mesophilioma|69/100|[from] Spikes
|-damage|p1a: Mesophilioma|57/100|[from] Stealth Rock
|turn|42
|
|t:|1779902404
|-terastallize|p1a: Mesophilioma|Ghost
|move|p2a: Mr. TalkAboutIt|Moonblast|p1a: Mesophilioma
|-damage|p1a: Mesophilioma|7/100
|-unboost|p1a: Mesophilioma|spa|1
|move|p1a: Mesophilioma|Thunderbolt|p2a: Mr. TalkAboutIt
|-damage|p2a: Mr. TalkAboutIt|18/100
|
|upkeep
|turn|43
|
|t:|1779902412
|move|p1a: Mesophilioma|Thunderclap|p2a: Mr. TalkAboutIt
|-crit|p2a: Mr. TalkAboutIt
|-damage|p2a: Mr. TalkAboutIt|0 fnt
|faint|p2a: Mr. TalkAboutIt
|
|upkeep
|
|t:|1779902413
|switch|p2a: Pecharunt|Pecharunt|76/100
|turn|44
|
|t:|1779902422
|move|p1a: Mesophilioma|Thunderbolt|p2a: Pecharunt
|-damage|p2a: Pecharunt|40/100
|move|p2a: Pecharunt|Malignant Chain|p1a: Mesophilioma
|-resisted|p1a: Mesophilioma
|-damage|p1a: Mesophilioma|0 fnt
|faint|p1a: Mesophilioma
|-end|p1a: Mesophilioma|Protosynthesis|[silent]
|
|win|lockheed shartin
|raw|ancientatom1's rating: 1472 &rarr; <strong>1450</strong><br />(-22 for losing)
|raw|lockheed shartin's rating: 1436 &rarr; <strong>1458</strong><br />(+22 for winning)
|l|☆ancientatom1
|player|p1|
|l|☆lockheed shartin
|player|p2|
|j|☆lockheed shartin
|player|p2|lockheed shartin|preschooler|
