|j|☆2011 jonah hill
|j|☆gyhe
|t:|1779908699
|gametype|singles
|player|p1|2011 jonah hill|170|1546
|player|p2|gyhe|2|1503
|gen|9
|tier|[Gen 9] OU
|rated|
|rule|HP Percentage Mod: HP is shown in percentages
|rule|Endless Battle Clause: Forcing endless battles is banned
|rule|Species Clause: Limit one of each Pokémon
|rule|OHKO Clause: OHKO moves are banned
|rule|Evasion Items Clause: Evasion items are banned
|rule|Evasion Moves Clause: Evasion moves are banned
|rule|Evasion Abilities Clause: Evasion abilities are banned
|rule|Sleep Moves Clause: Sleep-inducing moves are banned
|clearpoke
|poke|p1|Darkrai|
|poke|p1|Garchomp, F|
|poke|p1|Alomomola, F|
|poke|p1|Corviknight, M|
|poke|p1|Weezing-Galar, M|
|poke|p1|Ogerpon, F|
|poke|p2|Lokix, M|
|poke|p2|Pecharunt|
|poke|p2|Zamazenta-*|
|poke|p2|Ting-Lu|
|poke|p2|Latios, M|
|poke|p2|Gliscor, M|
|teampreview
|inactive|Battle timer is ON: inactive players will automatically lose when time's up. (requested by 2011 jonah hill)
|inactive|gyhe has 120 seconds left.
|
|t:|1779908746
|teamsize|p1|6
|teamsize|p2|6
|start
|switch|p1a: Weezing|Weezing-Galar, M|100/100
|switch|p2a: Ting-Lu|Ting-Lu|100/100
|-ability|p1a: Weezing|Neutralizing Gas
|turn|1
|
|t:|1779908755
|move|p1a: Weezing|Will-O-Wisp|p2a: Ting-Lu
|-status|p2a: Ting-Lu|brn
|move|p2a: Ting-Lu|Ruination|p1a: Weezing
|-damage|p1a: Weezing|51/100
|
|-heal|p1a: Weezing|57/100|[from] item: Leftovers
|-damage|p2a: Ting-Lu|94/100 brn|[from] brn
|upkeep
|turn|2
|
|t:|1779908760
|switch|p2a: Latios|Latios, M|100/100
|move|p1a: Weezing|Pain Split|p2a: Latios
|-sethp|p2a: Latios|82/100|[from] move: Pain Split|[silent]
|-sethp|p1a: Weezing|74/100|[from] move: Pain Split
|
|-heal|p1a: Weezing|80/100|[from] item: Leftovers
|upkeep
|turn|3
|
|t:|1779908766
|-end|p1a: Weezing|ability: Neutralizing Gas
|switch|p1a: Alomomola|Alomomola, F|100/100
|move|p2a: Latios|Draco Meteor|p1a: Alomomola
|-damage|p1a: Alomomola|59/100
|-unboost|p2a: Latios|spa|2
|
|upkeep
|turn|4
|inactive|gyhe has 120 seconds left.
|
|t:|1779908797
|move|p2a: Latios|Flip Turn|p1a: Alomomola
|-resisted|p1a: Alomomola
|-damage|p1a: Alomomola|55/100
|
|t:|1779908800
|switch|p2a: Gliscor|Gliscor, M|100/100|[from] Flip Turn
|move|p1a: Alomomola|Flip Turn|p2a: Gliscor
|-supereffective|p2a: Gliscor
|-damage|p2a: Gliscor|74/100
|
|t:|1779908816
|switch|p1a: Darkrai|Darkrai|100/100|[from] Flip Turn
|
|-status|p2a: Gliscor|tox|[from] item: Toxic Orb
|upkeep
|turn|5
|
|t:|1779908828
|switch|p2a: Ting-Lu|Ting-Lu|94/100 brn
|-ability|p2a: Ting-Lu|Vessel of Ruin
|move|p1a: Darkrai|Dark Pulse|p2a: Ting-Lu
|-resisted|p2a: Ting-Lu
|-damage|p2a: Ting-Lu|80/100 brn
|
|-heal|p2a: Ting-Lu|86/100 brn|[from] item: Leftovers
|-damage|p2a: Ting-Lu|80/100 brn|[from] brn
|upkeep
|turn|6
|
|t:|1779908839
|switch|p1a: Alomomola|Alomomola, F|88/100
|move|p2a: Ting-Lu|Stealth Rock|p1a: Alomomola
|-sidestart|p1: 2011 jonah hill|move: Stealth Rock
|
|-heal|p2a: Ting-Lu|86/100 brn|[from] item: Leftovers
|-damage|p2a: Ting-Lu|80/100 brn|[from] brn
|upkeep
|turn|7
|
|t:|1779908846
|move|p2a: Ting-Lu|Ruination|p1a: Alomomola
|-damage|p1a: Alomomola|44/100
|move|p1a: Alomomola|Flip Turn|p2a: Ting-Lu
|-supereffective|p2a: Ting-Lu
|-damage|p2a: Ting-Lu|62/100 brn
|
|t:|1779908851
|switch|p1a: Ogerpon|Ogerpon, F|100/100|[from] Flip Turn
|-damage|p1a: Ogerpon|88/100|[from] Stealth Rock
|
|-heal|p2a: Ting-Lu|68/100 brn|[from] item: Leftovers
|-damage|p2a: Ting-Lu|62/100 brn|[from] brn
|upkeep
|turn|8
|
|t:|1779908864
|switch|p2a: Pecharunt|Pecharunt|100/100
|move|p1a: Ogerpon|Ivy Cudgel|p2a: Pecharunt
|-resisted|p2a: Pecharunt
|-crit|p2a: Pecharunt
|-damage|p2a: Pecharunt|85/100
|
|upkeep
|turn|9
|
|t:|1779908870
|switch|p1a: Corviknight|Corviknight, M|100/100
|-damage|p1a: Corviknight|88/100|[from] Stealth Rock
|-ability|p1a: Corviknight|Pressure
|move|p2a: Pecharunt|Parting Shot|p1a: Corviknight
|-unboost|p1a: Corviknight|atk|1
|-unboost|p1a: Corviknight|spa|1
|
|t:|1779908893
|switch|p2a: Gliscor|Gliscor, M|74/100 tox|[from] Parting Shot
|
|-heal|p1a: Corviknight|94/100|[from] item: Leftovers
|-heal|p2a: Gliscor|87/100 tox|[from] ability: Poison Heal
|upkeep
|turn|10
|
|t:|1779908897
|move|p2a: Gliscor|Knock Off|p1a: Corviknight
|-damage|p1a: Corviknight|76/100
|-enditem|p1a: Corviknight|Leftovers|[from] move: Knock Off|[of] p2a: Gliscor
|move|p1a: Corviknight|Defog|p2a: Gliscor
|-unboost|p2a: Gliscor|evasion|1
|-sideend|p1: 2011 jonah hill|Stealth Rock|[from] move: Defog|[of] p1a: Corviknight
|
|-heal|p2a: Gliscor|99/100 tox|[from] ability: Poison Heal
|upkeep
|turn|11
|
|t:|1779908903
|move|p2a: Gliscor|Spikes|p1a: Corviknight
|-sidestart|p1: 2011 jonah hill|Spikes
|move|p1a: Corviknight|U-turn|p2a: Gliscor
|-resisted|p2a: Gliscor
|-damage|p2a: Gliscor|96/100 tox
|
|t:|1779908906
|switch|p1a: Darkrai|Darkrai|100/100|[from] U-turn
|-damage|p1a: Darkrai|88/100|[from] Spikes
|
|-heal|p2a: Gliscor|100/100 tox|[from] ability: Poison Heal
|upkeep
|turn|12
|
|t:|1779908909
|move|p2a: Gliscor|Protect|p2a: Gliscor
|-singleturn|p2a: Gliscor|Protect
|move|p1a: Darkrai|Ice Beam|p2a: Gliscor
|-activate|p2a: Gliscor|move: Protect
|
|upkeep
|turn|13
|
|t:|1779908937
|-terastallize|p2a: Gliscor|Water
|move|p1a: Darkrai|Ice Beam|p2a: Gliscor
|-resisted|p2a: Gliscor
|-damage|p2a: Gliscor|79/100 tox
|move|p2a: Gliscor|Spikes|p1a: Darkrai
|-sidestart|p1: 2011 jonah hill|Spikes
|
|-heal|p2a: Gliscor|92/100 tox|[from] ability: Poison Heal
|upkeep
|turn|14
|
|t:|1779908944
|switch|p1a: Corviknight|Corviknight, M|76/100
|-ability|p1a: Corviknight|Pressure
|move|p2a: Gliscor|U-turn|p1a: Corviknight
|-resisted|p1a: Corviknight
|-damage|p1a: Corviknight|73/100
|
|t:|1779908948
|switch|p2a: Latios|Latios, M|82/100|[from] U-turn
|
|upkeep
|turn|15
|
|t:|1779908952
|move|p2a: Latios|Psychic Noise|p1a: Corviknight
|-resisted|p1a: Corviknight
|-damage|p1a: Corviknight|57/100
|-start|p1a: Corviknight|move: Heal Block
|cant|p1a: Corviknight|move: Heal Block|Roost
|
|upkeep
|turn|16
|
|t:|1779908957
|move|p2a: Latios|Draco Meteor|p1a: Corviknight
|-resisted|p1a: Corviknight
|-damage|p1a: Corviknight|28/100
|-unboost|p2a: Latios|spa|2
|move|p1a: Corviknight|Defog|p2a: Latios
|-unboost|p2a: Latios|evasion|1
|-sideend|p1: 2011 jonah hill|Spikes|[from] move: Defog|[of] p1a: Corviknight
|
|-end|p1a: Corviknight|move: Heal Block
|upkeep
|turn|17
|
|t:|1779908970
|switch|p1a: Darkrai|Darkrai|88/100
|move|p2a: Latios|Flip Turn|p1a: Darkrai
|-damage|p1a: Darkrai|73/100
|
|t:|1779908990
|switch|p2a: Lokix|Lokix, M|100/100|[from] Flip Turn
|
|upkeep
|turn|18
|
|t:|1779908995
|switch|p1a: Weezing|Weezing-Galar, M|80/100
|-ability|p1a: Weezing|Neutralizing Gas
|move|p2a: Lokix|Knock Off|p1a: Weezing
|-resisted|p1a: Weezing
|-damage|p1a: Weezing|64/100
|-enditem|p1a: Weezing|Leftovers|[from] move: Knock Off|[of] p2a: Lokix
|
|upkeep
|turn|19
|
|t:|1779909004
|move|p2a: Lokix|U-turn|p1a: Weezing
|-resisted|p1a: Weezing
|-damage|p1a: Weezing|59/100
|
|t:|1779909011
|switch|p2a: Latios|Latios, M|82/100|[from] U-turn
|move|p1a: Weezing|Sludge Bomb|p2a: Latios
|-damage|p2a: Latios|55/100
|
|upkeep
|turn|20
|
|t:|1779909020
|-end|p1a: Weezing|ability: Neutralizing Gas
|switch|p1a: Alomomola|Alomomola, F|78/100
|move|p2a: Latios|Draco Meteor|p1a: Alomomola
|-damage|p1a: Alomomola|38/100
|-unboost|p2a: Latios|spa|2
|
|upkeep
|turn|21
|
|t:|1779909026
|move|p2a: Latios|Recover|p2a: Latios
|-heal|p2a: Latios|100/100
|move|p1a: Alomomola|Flip Turn|p2a: Latios
|-resisted|p2a: Latios
|-damage|p2a: Latios|89/100
|
|t:|1779909032
|switch|p1a: Darkrai|Darkrai|73/100|[from] Flip Turn
|
|upkeep
|turn|22
|
|t:|1779909040
|switch|p2a: Gliscor|Gliscor, M, tera:Water|92/100 tox
|move|p1a: Darkrai|Ice Beam|p2a: Gliscor
|-resisted|p2a: Gliscor
|-crit|p2a: Gliscor
|-damage|p2a: Gliscor|59/100 tox
|
|-heal|p2a: Gliscor|72/100 tox|[from] ability: Poison Heal
|upkeep
|turn|23
|
|t:|1779909045
|switch|p1a: Corviknight|Corviknight, M|28/100
|-ability|p1a: Corviknight|Pressure
|move|p2a: Gliscor|U-turn|p1a: Corviknight
|-resisted|p1a: Corviknight
|-damage|p1a: Corviknight|25/100
|
|t:|1779909073
|switch|p2a: Latios|Latios, M|89/100|[from] U-turn
|
|upkeep
|turn|24
|
|t:|1779909078
|switch|p1a: Alomomola|Alomomola, F|71/100
|move|p2a: Latios|Psychic Noise|p1a: Alomomola
|-damage|p1a: Alomomola|47/100
|-start|p1a: Alomomola|move: Heal Block
|
|upkeep
|turn|25
|
|t:|1779909089
|move|p2a: Latios|Psychic Noise|p1a: Alomomola
|-damage|p1a: Alomomola|23/100
|move|p1a: Alomomola|Flip Turn|p2a: Latios
|-resisted|p2a: Latios
|-damage|p2a: Latios|78/100
|
|t:|1779909094
|switch|p1a: Darkrai|Darkrai|73/100|[from] Flip Turn
|
|upkeep
|turn|26
|j| Lowladderubersnoob
|
|t:|1779909098
|switch|p2a: Gliscor|Gliscor, M, tera:Water|72/100 tox
|move|p1a: Darkrai|Dark Pulse|p2a: Gliscor
|-damage|p2a: Gliscor|14/100 tox
|
|-heal|p2a: Gliscor|27/100 tox|[from] ability: Poison Heal
|upkeep
|turn|27
|l| Lowladderubersnoob
|
|t:|1779909104
|switch|p2a: Zamazenta|Zamazenta|100/100
|-ability|p2a: Zamazenta|Dauntless Shield|boost
|-boost|p2a: Zamazenta|def|1
|move|p1a: Darkrai|Dark Pulse|p2a: Zamazenta
|-resisted|p2a: Zamazenta
|-damage|p2a: Zamazenta|68/100
|
|upkeep
|turn|28
|
|t:|1779909109
|switch|p1a: Weezing|Weezing-Galar, M|59/100
|-ability|p1a: Weezing|Neutralizing Gas
|move|p2a: Zamazenta|Close Combat|p1a: Weezing
|-resisted|p1a: Weezing
|-damage|p1a: Weezing|50/100
|-unboost|p2a: Zamazenta|def|1
|-unboost|p2a: Zamazenta|spd|1
|
|upkeep
|turn|29
|
|t:|1779909116
|move|p2a: Zamazenta|Heavy Slam|p1a: Weezing
|-supereffective|p1a: Weezing
|-damage|p1a: Weezing|0 fnt
|faint|p1a: Weezing
|-end|p1a: Weezing|ability: Neutralizing Gas
|
|upkeep
|
|t:|1779909127
|switch|p1a: Garchomp|Garchomp, F|100/100
|turn|30
|
|t:|1779909133
|switch|p2a: Pecharunt|Pecharunt|85/100
|move|p1a: Garchomp|Stealth Rock|p2a: Pecharunt
|-sidestart|p2: gyhe|move: Stealth Rock
|
|upkeep
|turn|31
|
|t:|1779909139
|move|p1a: Garchomp|Earthquake|p2a: Pecharunt
|-supereffective|p2a: Pecharunt
|-damage|p2a: Pecharunt|45/100
|move|p2a: Pecharunt|Parting Shot|p1a: Garchomp
|-unboost|p1a: Garchomp|atk|1
|-unboost|p1a: Garchomp|spa|1
|
|t:|1779909146
|switch|p2a: Latios|Latios, M|78/100|[from] Parting Shot
|-damage|p2a: Latios|66/100|[from] Stealth Rock
|
|upkeep
|turn|32
|
|t:|1779909151
|switch|p1a: Alomomola|Alomomola, F|57/100
|move|p2a: Latios|Draco Meteor|p1a: Alomomola|[miss]
|-miss|p2a: Latios|p1a: Alomomola
|
|upkeep
|turn|33
|
|t:|1779909158
|move|p2a: Latios|Recover|p2a: Latios
|-heal|p2a: Latios|100/100
|move|p1a: Alomomola|Mirror Coat||[still]
|-fail|p1a: Alomomola
|
|upkeep
|turn|34
|
|t:|1779909163
|move|p2a: Latios|Psychic Noise|p1a: Alomomola
|-damage|p1a: Alomomola|34/100
|-start|p1a: Alomomola|move: Heal Block
|move|p1a: Alomomola|Flip Turn|p2a: Latios
|-resisted|p2a: Latios
|-damage|p2a: Latios|89/100
|
|t:|1779909169
|switch|p1a: Darkrai|Darkrai|73/100|[from] Flip Turn
|
|upkeep
|turn|35
|
|t:|1779909176
|switch|p2a: Gliscor|Gliscor, M, tera:Water|27/100 tox
|-damage|p2a: Gliscor|14/100 tox|[from] Stealth Rock
|move|p1a: Darkrai|Dark Pulse|p2a: Gliscor
|-damage|p2a: Gliscor|0 fnt
|faint|p2a: Gliscor
|
|upkeep
|
|t:|1779909192
|switch|p2a: Ting-Lu|Ting-Lu|62/100 brn
|-damage|p2a: Ting-Lu|55/100 brn|[from] Stealth Rock
|-ability|p2a: Ting-Lu|Vessel of Ruin
|turn|36
|
|t:|1779909195
|switch|p1a: Corviknight|Corviknight, M|25/100
|-ability|p1a: Corviknight|Pressure
|move|p2a: Ting-Lu|Stealth Rock|p1a: Corviknight
|-sidestart|p1: 2011 jonah hill|move: Stealth Rock
|
|-heal|p2a: Ting-Lu|62/100 brn|[from] item: Leftovers
|-damage|p2a: Ting-Lu|55/100 brn|[from] brn
|upkeep
|turn|37
|
|t:|1779909202
|switch|p2a: Latios|Latios, M|89/100
|-damage|p2a: Latios|77/100|[from] Stealth Rock
|move|p1a: Corviknight|Roost|p1a: Corviknight
|-heal|p1a: Corviknight|75/100
|-singleturn|p1a: Corviknight|move: Roost
|
|upkeep
|turn|38
|
|t:|1779909209
|move|p2a: Latios|Psychic Noise|p1a: Corviknight
|-resisted|p1a: Corviknight
|-damage|p1a: Corviknight|58/100
|-start|p1a: Corviknight|move: Heal Block
|move|p1a: Corviknight|U-turn|p2a: Latios
|-supereffective|p2a: Latios
|-damage|p2a: Latios|38/100
|
|t:|1779909212
|switch|p1a: Darkrai|Darkrai|73/100|[from] U-turn
|-damage|p1a: Darkrai|61/100|[from] Stealth Rock
|
|upkeep
|turn|39
|
|t:|1779909215
|switch|p2a: Ting-Lu|Ting-Lu|55/100 brn
|-damage|p2a: Ting-Lu|49/100 brn|[from] Stealth Rock
|-ability|p2a: Ting-Lu|Vessel of Ruin
|move|p1a: Darkrai|Ice Beam|p2a: Ting-Lu
|-supereffective|p2a: Ting-Lu
|-damage|p2a: Ting-Lu|7/100 brn
|
|-heal|p2a: Ting-Lu|13/100 brn|[from] item: Leftovers
|-damage|p2a: Ting-Lu|7/100 brn|[from] brn
|upkeep
|turn|40
|
|t:|1779909218
|move|p1a: Darkrai|Ice Beam|p2a: Ting-Lu
|-supereffective|p2a: Ting-Lu
|-damage|p2a: Ting-Lu|0 fnt
|faint|p2a: Ting-Lu
|
|upkeep
|
|t:|1779909220
|switch|p2a: Zamazenta|Zamazenta|68/100
|turn|41
|
|t:|1779909224
|switch|p1a: Garchomp|Garchomp, F|100/100
|-damage|p1a: Garchomp|94/100|[from] Stealth Rock
|move|p2a: Zamazenta|Close Combat|p1a: Garchomp
|-damage|p1a: Garchomp|58/100
|-unboost|p2a: Zamazenta|def|1
|-unboost|p2a: Zamazenta|spd|1
|-damage|p2a: Zamazenta|56/100|[from] ability: Rough Skin|[of] p1a: Garchomp
|-damage|p2a: Zamazenta|39/100|[from] item: Rocky Helmet|[of] p1a: Garchomp
|
|upkeep
|turn|42
|
|t:|1779909230
|switch|p2a: Latios|Latios, M|38/100
|-damage|p2a: Latios|25/100|[from] Stealth Rock
|move|p1a: Garchomp|Spikes|p2a: Latios
|-sidestart|p2: gyhe|Spikes
|
|upkeep
|turn|43
|
|t:|1779909234
|move|p2a: Latios|Draco Meteor|p1a: Garchomp
|-supereffective|p1a: Garchomp
|-damage|p1a: Garchomp|0 fnt
|-unboost|p2a: Latios|spa|2
|faint|p1a: Garchomp
|
|upkeep
|
|t:|1779909240
|switch|p1a: Darkrai|Darkrai|61/100
|-damage|p1a: Darkrai|48/100|[from] Stealth Rock
|turn|44
|
|t:|1779909252
|switch|p2a: Pecharunt|Pecharunt|45/100
|move|p1a: Darkrai|Ice Beam|p2a: Pecharunt
|-damage|p2a: Pecharunt|0 fnt
|faint|p2a: Pecharunt
|
|upkeep
|
|t:|1779909253
|switch|p2a: Lokix|Lokix, M|100/100
|turn|45
|
|t:|1779909259
|switch|p1a: Corviknight|Corviknight, M|58/100
|-damage|p1a: Corviknight|46/100|[from] Stealth Rock
|-ability|p1a: Corviknight|Pressure
|move|p2a: Lokix|U-turn|p1a: Corviknight
|-resisted|p1a: Corviknight
|-damage|p1a: Corviknight|31/100
|
|t:|1779909264
|switch|p2a: Zamazenta|Zamazenta|39/100|[from] U-turn
|
|upkeep
|turn|46
|
|t:|1779909269
|move|p2a: Zamazenta|Close Combat|p1a: Corviknight
|-damage|p1a: Corviknight|0 fnt
|-unboost|p2a: Zamazenta|def|1
|-unboost|p2a: Zamazenta|spd|1
|faint|p1a: Corviknight
|
|upkeep
|
|t:|1779909279
|switch|p1a: Ogerpon|Ogerpon, F|88/100
|-damage|p1a: Ogerpon|76/100|[from] Stealth Rock
|turn|47
|
|t:|1779909287
|move|p2a: Zamazenta|Close Combat|p1a: Ogerpon
|-damage|p1a: Ogerpon|2/100
|-unboost|p2a: Zamazenta|def|1
|-unboost|p2a: Zamazenta|spd|1
|move|p1a: Ogerpon|Ivy Cudgel|p2a: Zamazenta
|-crit|p2a: Zamazenta
|-damage|p2a: Zamazenta|0 fnt
|faint|p2a: Zamazenta
|
|upkeep
|
|t:|1779909296
|switch|p2a: Lokix|Lokix, M|100/100
|turn|48
|
|t:|1779909298
|move|p2a: Lokix|First Impression|p1a: Ogerpon
|-supereffective|p1a: Ogerpon
|-damage|p1a: Ogerpon|0 fnt
|faint|p1a: Ogerpon
|
|upkeep
|
|t:|1779909303
|switch|p1a: Darkrai|Darkrai|48/100
|-damage|p1a: Darkrai|36/100|[from] Stealth Rock
|turn|49
|
|t:|1779909317
|move|p2a: Lokix|Sucker Punch|p1a: Darkrai
|-resisted|p1a: Darkrai
|-damage|p1a: Darkrai|0 fnt
|faint|p1a: Darkrai
|
|upkeep
|
|t:|1779909320
|switch|p1a: Alomomola|Alomomola, F|67/100
|-damage|p1a: Alomomola|55/100|[from] Stealth Rock
|turn|50
|
|t:|1779909325
|move|p2a: Lokix|Knock Off|p1a: Alomomola
|-damage|p1a: Alomomola|19/100
|-enditem|p1a: Alomomola|Assault Vest|[from] move: Knock Off|[of] p2a: Lokix
|move|p1a: Alomomola|Body Slam|p2a: Lokix
|-damage|p2a: Lokix|78/100
|-status|p2a: Lokix|par
|
|upkeep
|turn|51
|
|t:|1779909327
|cant|p2a: Lokix|par
|move|p1a: Alomomola|Flip Turn|p2a: Lokix
|-damage|p2a: Lokix|53/100 par
|
|upkeep
|turn|52
|
|t:|1779909331
|move|p2a: Lokix|U-turn|p1a: Alomomola
|-damage|p1a: Alomomola|0 fnt
|faint|p1a: Alomomola
|
|win|gyhe
|raw|2011 jonah hill's rating: 1546 &rarr; <strong>1524</strong><br />(-22 for losing)
|raw|gyhe's rating: 1503 &rarr; <strong>1525</strong><br />(+22 for winning)
