|j|☆saadxrw
|j|☆propanemasterhank
|t:|1779806954
|gametype|singles
|player|p1|saadxrw|volkner|1076
|player|p2|propanemasterhank|101|1122
|gen|9
|tier|[Gen 9] OU
|rated|
|rule|HP Percentage Mod: HP is shown in percentages
|rule|Endless Battle Clause: Forcing endless battles is banned
|rule|Species Clause: Limit one of each Pokémon
|rule|OHKO Clause: OHKO moves are banned
|rule|Evasion Items Clause: Evasion items are banned
|rule|Evasion Moves Clause: Evasion moves are banned
|rule|Evasion Abilities Clause: Evasion abilities are banned
|rule|Sleep Moves Clause: Sleep-inducing moves are banned
|clearpoke
|poke|p1|Samurott-Hisui, M|
|poke|p1|Kingambit, M|
|poke|p1|Rillaboom, M|
|poke|p1|Raging Bolt|
|poke|p1|Zamazenta-*|
|poke|p1|Iron Valiant|
|poke|p2|Moltres|
|poke|p2|Dragonite, M|
|poke|p2|Clefable, M|
|poke|p2|Zapdos|
|poke|p2|Mew|
|poke|p2|Blastoise, F|
|teampreview
|
|t:|1779806967
|teamsize|p1|6
|teamsize|p2|6
|start
|switch|p1a: Samurott|Samurott-Hisui, M|100/100
|switch|p2a: Clefable|Clefable, M|100/100
|turn|1
|
|t:|1779806975
|move|p1a: Samurott|Ceaseless Edge|p2a: Clefable
|-resisted|p2a: Clefable
|-damage|p2a: Clefable|74/100
|-sidestart|p2: propanemasterhank|Spikes
|move|p2a: Clefable|Thunder Wave|p1a: Samurott
|-status|p1a: Samurott|par
|
|-damage|p2a: Clefable|62/100|[from] item: Sticky Barb
|upkeep
|turn|2
|
|t:|1779806985
|move|p2a: Clefable|Stealth Rock|p1a: Samurott
|-sidestart|p1: saadxrw|move: Stealth Rock
|move|p1a: Samurott|Ceaseless Edge|p2a: Clefable
|-resisted|p2a: Clefable
|-damage|p2a: Clefable|37/100
|-sidestart|p2: propanemasterhank|Spikes
|
|-damage|p2a: Clefable|24/100|[from] item: Sticky Barb
|upkeep
|turn|3
|
|t:|1779806993
|move|p2a: Clefable|Moonblast|p1a: Samurott
|-supereffective|p1a: Samurott
|-damage|p1a: Samurott|1/100 par
|-unboost|p1a: Samurott|spa|1
|move|p1a: Samurott|Ceaseless Edge|p2a: Clefable
|-resisted|p2a: Clefable
|-damage|p2a: Clefable|0 fnt
|-sidestart|p2: propanemasterhank|Spikes
|faint|p2a: Clefable
|
|upkeep
|
|t:|1779807011
|switch|p2a: Dragonite|Dragonite, M|100/100
|turn|4
|inactive|Battle timer is ON: inactive players will automatically lose when time's up. (requested by propanemasterhank)
|
|t:|1779807018
|move|p2a: Dragonite|Dragon Dance|p2a: Dragonite
|-boost|p2a: Dragonite|atk|1
|-boost|p2a: Dragonite|spe|1
|move|p1a: Samurott|Ceaseless Edge|p2a: Dragonite
|-damage|p2a: Dragonite|75/100
|
|upkeep
|turn|5
|
|t:|1779807027
|move|p2a: Dragonite|Earthquake|p1a: Samurott
|-damage|p1a: Samurott|0 fnt
|faint|p1a: Samurott
|
|upkeep
|
|t:|1779807032
|switch|p1a: Rillaboom|Rillaboom, M|100/100
|-damage|p1a: Rillaboom|88/100|[from] Stealth Rock
|-fieldstart|move: Grassy Terrain|[from] ability: Grassy Surge|[of] p1a: Rillaboom
|turn|6
|
|t:|1779807050
|move|p2a: Dragonite|Extreme Speed|p1a: Rillaboom
|-damage|p1a: Rillaboom|47/100
|move|p1a: Rillaboom|Leech Seed|p2a: Dragonite
|-start|p2a: Dragonite|move: Leech Seed
|
|-heal|p1a: Rillaboom|53/100|[from] Grassy Terrain
|-heal|p1a: Rillaboom|59/100|[from] item: Leftovers
|-damage|p2a: Dragonite|63/100|[from] Leech Seed|[of] p1a: Rillaboom
|-heal|p1a: Rillaboom|69/100|[silent]
|upkeep
|turn|7
|
|t:|1779807060
|move|p2a: Dragonite|Encore|p1a: Rillaboom
|-start|p1a: Rillaboom|Encore
|move|p1a: Rillaboom|Leech Seed||[still]
|-fail|p1a: Rillaboom
|
|-heal|p1a: Rillaboom|75/100|[from] Grassy Terrain
|-heal|p1a: Rillaboom|82/100|[from] item: Leftovers
|-damage|p2a: Dragonite|51/100|[from] Leech Seed|[of] p1a: Rillaboom
|-heal|p1a: Rillaboom|92/100|[silent]
|upkeep
|turn|8
|
|t:|1779807074
|switch|p1a: Iron Valiant|Iron Valiant|100/100
|-damage|p1a: Iron Valiant|94/100|[from] Stealth Rock
|-enditem|p1a: Iron Valiant|Booster Energy
|-activate|p1a: Iron Valiant|ability: Quark Drive|[fromitem]
|-start|p1a: Iron Valiant|quarkdriveatk
|move|p2a: Dragonite|Dragon Dance|p2a: Dragonite
|-boost|p2a: Dragonite|atk|1
|-boost|p2a: Dragonite|spe|1
|
|-heal|p1a: Iron Valiant|100/100|[from] Grassy Terrain
|-damage|p2a: Dragonite|38/100|[from] Leech Seed|[of] p1a: Iron Valiant
|upkeep
|turn|9
|
|t:|1779807087
|move|p2a: Dragonite|Earthquake|p1a: Iron Valiant
|-damage|p1a: Iron Valiant|62/100
|move|p1a: Iron Valiant|Close Combat|p2a: Dragonite
|-resisted|p2a: Dragonite
|-damage|p2a: Dragonite|0 fnt
|-unboost|p1a: Iron Valiant|def|1
|-unboost|p1a: Iron Valiant|spd|1
|faint|p2a: Dragonite
|
|-heal|p1a: Iron Valiant|68/100|[from] Grassy Terrain
|upkeep
|
|t:|1779807100
|switch|p2a: Mew|Mew|100/100
|-damage|p2a: Mew|75/100|[from] Spikes
|turn|10
|
|t:|1779807107
|-terastallize|p2a: Mew|Ghost
|move|p1a: Iron Valiant|Close Combat|p2a: Mew
|-immune|p2a: Mew
|move|p2a: Mew|Spikes|p1a: Iron Valiant
|-sidestart|p1: saadxrw|Spikes
|
|-heal|p1a: Iron Valiant|75/100|[from] Grassy Terrain
|-heal|p2a: Mew|82/100|[from] Grassy Terrain
|-fieldend|move: Grassy Terrain
|upkeep
|turn|11
|
|t:|1779807118
|move|p1a: Iron Valiant|Aura Sphere|p2a: Mew
|-immune|p2a: Mew
|move|p2a: Mew|Misty Explosion|p1a: Iron Valiant
|-supereffective|p1a: Iron Valiant
|-damage|p1a: Iron Valiant|0 fnt
|faint|p2a: Mew
|faint|p1a: Iron Valiant
|-end|p1a: Iron Valiant|Quark Drive|[silent]
|
|upkeep
|
|t:|1779807126
|switch|p1a: Rillaboom|Rillaboom, M|92/100
|switch|p2a: Blastoise|Blastoise, F|100/100
|-damage|p1a: Rillaboom|79/100|[from] Stealth Rock
|-damage|p1a: Rillaboom|67/100|[from] Spikes
|-fieldstart|move: Grassy Terrain|[from] ability: Grassy Surge|[of] p1a: Rillaboom
|-damage|p2a: Blastoise|76/100|[from] Spikes
|turn|12
|
|t:|1779807137
|move|p1a: Rillaboom|Leech Seed|p2a: Blastoise|[miss]
|-miss|p1a: Rillaboom|p2a: Blastoise
|move|p2a: Blastoise|Shell Smash|p2a: Blastoise
|-unboost|p2a: Blastoise|def|1
|-unboost|p2a: Blastoise|spd|1
|-boost|p2a: Blastoise|atk|2
|-boost|p2a: Blastoise|spa|2
|-boost|p2a: Blastoise|spe|2
|-enditem|p2a: Blastoise|White Herb
|-clearnegativeboost|p2a: Blastoise|[silent]
|
|-heal|p2a: Blastoise|82/100|[from] Grassy Terrain
|-heal|p1a: Rillaboom|73/100|[from] Grassy Terrain
|-heal|p1a: Rillaboom|79/100|[from] item: Leftovers
|upkeep
|turn|13
|
|t:|1779807148
|move|p2a: Blastoise|Ice Beam|p1a: Rillaboom
|-supereffective|p1a: Rillaboom
|-damage|p1a: Rillaboom|0 fnt
|faint|p1a: Rillaboom
|
|-heal|p2a: Blastoise|88/100|[from] Grassy Terrain
|upkeep
|
|t:|1779807155
|switch|p1a: Zamazenta|Zamazenta|100/100
|-damage|p1a: Zamazenta|94/100|[from] Stealth Rock
|-damage|p1a: Zamazenta|82/100|[from] Spikes
|-ability|p1a: Zamazenta|Dauntless Shield|boost
|-boost|p1a: Zamazenta|def|1
|turn|14
|
|t:|1779807162
|-terastallize|p1a: Zamazenta|Fighting
|move|p2a: Blastoise|Surf|p1a: Zamazenta
|-damage|p1a: Zamazenta|15/100
|move|p1a: Zamazenta|Body Press|p2a: Blastoise
|-damage|p2a: Blastoise|11/100
|
|-heal|p2a: Blastoise|17/100|[from] Grassy Terrain
|-heal|p1a: Zamazenta|21/100|[from] Grassy Terrain
|upkeep
|turn|15
|
|t:|1779807172
|move|p2a: Blastoise|Surf|p1a: Zamazenta
|-damage|p1a: Zamazenta|0 fnt
|faint|p1a: Zamazenta
|
|-heal|p2a: Blastoise|23/100|[from] Grassy Terrain
|upkeep
|
|t:|1779807177
|switch|p1a: Raging Bolt|Raging Bolt|100/100
|-damage|p1a: Raging Bolt|88/100|[from] Stealth Rock
|-damage|p1a: Raging Bolt|76/100|[from] Spikes
|-enditem|p1a: Raging Bolt|Booster Energy
|-activate|p1a: Raging Bolt|ability: Protosynthesis|[fromitem]
|-start|p1a: Raging Bolt|protosynthesisspa
|turn|16
|
|t:|1779807184
|move|p1a: Raging Bolt|Thunderclap|p2a: Blastoise
|-supereffective|p2a: Blastoise
|-damage|p2a: Blastoise|0 fnt
|faint|p2a: Blastoise
|
|-heal|p1a: Raging Bolt|82/100|[from] Grassy Terrain
|-fieldend|move: Grassy Terrain
|upkeep
|
|t:|1779807190
|switch|p2a: Zapdos|Zapdos|100/100
|turn|17
|
|t:|1779807194
|move|p1a: Raging Bolt|Thunderclap|p2a: Zapdos
|-damage|p2a: Zapdos|50/100
|move|p2a: Zapdos|Hurricane|p1a: Raging Bolt
|-resisted|p1a: Raging Bolt
|-damage|p1a: Raging Bolt|55/100
|
|upkeep
|turn|18
|
|t:|1779807200
|move|p2a: Zapdos|Roost|p2a: Zapdos
|-heal|p2a: Zapdos|100/100
|-singleturn|p2a: Zapdos|move: Roost
|move|p1a: Raging Bolt|Draco Meteor|p2a: Zapdos
|-damage|p2a: Zapdos|14/100
|-unboost|p1a: Raging Bolt|spa|2
|
|upkeep
|turn|19
|
|t:|1779807210
|move|p2a: Zapdos|Roost|p2a: Zapdos
|-heal|p2a: Zapdos|64/100
|-singleturn|p2a: Zapdos|move: Roost
|move|p1a: Raging Bolt|Calm Mind|p1a: Raging Bolt
|-boost|p1a: Raging Bolt|spa|1
|-boost|p1a: Raging Bolt|spd|1
|
|upkeep
|turn|20
|
|t:|1779807218
|move|p2a: Zapdos|Hurricane|p1a: Raging Bolt
|-resisted|p1a: Raging Bolt
|-damage|p1a: Raging Bolt|37/100
|move|p1a: Raging Bolt|Thunderbolt|p2a: Zapdos
|-damage|p2a: Zapdos|20/100
|
|upkeep
|turn|21
|
|t:|1779807225
|move|p2a: Zapdos|Hurricane|p1a: Raging Bolt
|-resisted|p1a: Raging Bolt
|-damage|p1a: Raging Bolt|19/100
|move|p1a: Raging Bolt|Draco Meteor|p2a: Zapdos
|-damage|p2a: Zapdos|0 fnt
|-unboost|p1a: Raging Bolt|spa|2
|faint|p2a: Zapdos
|
|upkeep
|
|t:|1779807230
|switch|p2a: Moltres|Moltres|100/100
|turn|22
|
|t:|1779807236
|move|p1a: Raging Bolt|Thunderclap|p2a: Moltres
|-supereffective|p2a: Moltres
|-damage|p2a: Moltres|71/100
|move|p2a: Moltres|Flamethrower|p1a: Raging Bolt
|-resisted|p1a: Raging Bolt
|-damage|p1a: Raging Bolt|9/100
|
|upkeep
|turn|23
|
|t:|1779807247
|move|p1a: Raging Bolt|Draco Meteor|p2a: Moltres
|-damage|p2a: Moltres|45/100
|-unboost|p1a: Raging Bolt|spa|2
|move|p2a: Moltres|Flamethrower|p1a: Raging Bolt
|-resisted|p1a: Raging Bolt
|-damage|p1a: Raging Bolt|0 fnt
|faint|p1a: Raging Bolt
|-end|p1a: Raging Bolt|Protosynthesis|[silent]
|
|upkeep
|
|t:|1779807256
|switch|p1a: Kingambit|Kingambit, M|100/100
|-damage|p1a: Kingambit|94/100|[from] Stealth Rock
|-damage|p1a: Kingambit|82/100|[from] Spikes
|-activate|p1a: Kingambit|ability: Supreme Overlord
|-start|p1a: Kingambit|fallen5|[silent]
|turn|24
|
|t:|1779807263
|move|p1a: Kingambit|Sucker Punch||[still]
|-fail|p1a: Kingambit
|move|p2a: Moltres|Roost|p2a: Moltres
|-heal|p2a: Moltres|95/100
|-singleturn|p2a: Moltres|move: Roost
|
|upkeep
|turn|25
|
|t:|1779807269
|move|p2a: Moltres|Will-O-Wisp|p1a: Kingambit
|-status|p1a: Kingambit|brn
|move|p1a: Kingambit|Kowtow Cleave|p2a: Moltres
|-damage|p2a: Moltres|48/100
|
|-damage|p1a: Kingambit|76/100 brn|[from] brn
|upkeep
|turn|26
|
|t:|1779807278
|move|p2a: Moltres|Flamethrower|p1a: Kingambit
|-supereffective|p1a: Kingambit
|-damage|p1a: Kingambit|0 fnt
|faint|p1a: Kingambit
|-end|p1a: Kingambit|fallen5|[silent]
|
|win|propanemasterhank
|raw|saadxrw's rating: 1076 &rarr; <strong>1057</strong><br />(-19 for losing)
|raw|propanemasterhank's rating: 1122 &rarr; <strong>1144</strong><br />(+22 for winning)
|l|☆propanemasterhank
|player|p2|
|l|☆saadxrw
|player|p1|
