|j|☆chico wilson
|j|☆PieCubed^3
|t:|1779935513
|gametype|singles
|player|p1|chico wilson|169|1418
|player|p2|PieCubed^3|hilda-wonderlauncher|1367
|gen|9
|tier|[Gen 9] OU
|rated|
|rule|HP Percentage Mod: HP is shown in percentages
|rule|Endless Battle Clause: Forcing endless battles is banned
|rule|Species Clause: Limit one of each Pokémon
|rule|OHKO Clause: OHKO moves are banned
|rule|Evasion Items Clause: Evasion items are banned
|rule|Evasion Moves Clause: Evasion moves are banned
|rule|Evasion Abilities Clause: Evasion abilities are banned
|rule|Sleep Moves Clause: Sleep-inducing moves are banned
|clearpoke
|poke|p1|Dragapult, M|
|poke|p1|Heatran, M|
|poke|p1|Landorus-Therian, M|
|poke|p1|Alomomola, M|
|poke|p1|Weezing-Galar, M|
|poke|p1|Garganacl, M|
|poke|p2|Ninetales, F|
|poke|p2|Raging Bolt|
|poke|p2|Ceruledge, M|
|poke|p2|Hatterene, F|
|poke|p2|Leafeon, M|
|poke|p2|Great Tusk|
|teampreview
|inactive|Battle timer is ON: inactive players will automatically lose when time's up. (requested by chico wilson)
|
|t:|1779935552
|teamsize|p1|6
|teamsize|p2|6
|start
|switch|p1a: Landorus|Landorus-Therian, M|100/100
|switch|p2a: Ninetales|Ninetales, F|100/100
|-ability|p1a: Landorus|Intimidate|boost
|-unboost|p2a: Ninetales|atk|1
|-weather|SunnyDay|[from] ability: Drought|[of] p2a: Ninetales
|turn|1
|inactive|chico wilson has 120 seconds left.
|inactive|PieCubed^3 has 120 seconds left.
|
|t:|1779935600
|switch|p2a: Leafeon|Leafeon, M|100/100
|move|p1a: Landorus|Earthquake|p2a: Leafeon
|-resisted|p2a: Leafeon
|-damage|p2a: Leafeon|73/100
|
|-weather|SunnyDay|[upkeep]
|upkeep
|turn|2
|
|t:|1779935604
|switch|p1a: Heatran|Heatran, M|100/100
|move|p2a: Leafeon|Swords Dance|p2a: Leafeon
|-boost|p2a: Leafeon|atk|2
|
|-weather|SunnyDay|[upkeep]
|upkeep
|turn|3
|
|t:|1779935624
|-terastallize|p2a: Leafeon|Dark
|move|p2a: Leafeon|Knock Off|p1a: Heatran
|-damage|p1a: Heatran|0 fnt
|-enditem|p1a: Heatran|Leftovers|[from] move: Knock Off|[of] p2a: Leafeon
|faint|p1a: Heatran
|-damage|p2a: Leafeon|63/100|[from] item: Life Orb
|
|-weather|SunnyDay|[upkeep]
|upkeep
|
|t:|1779935628
|switch|p1a: Landorus|Landorus-Therian, M|100/100
|-ability|p1a: Landorus|Intimidate|boost
|-unboost|p2a: Leafeon|atk|1
|turn|4
|
|t:|1779935647
|move|p2a: Leafeon|Synthesis|p2a: Leafeon
|-heal|p2a: Leafeon|100/100
|move|p1a: Landorus|U-turn|p2a: Leafeon
|-supereffective|p2a: Leafeon
|-damage|p2a: Leafeon|50/100
|
|t:|1779935655
|switch|p1a: Weezing|Weezing-Galar, M|100/100|[from] U-turn
|-ability|p1a: Weezing|Neutralizing Gas
|
|-weather|SunnyDay|[upkeep]
|upkeep
|turn|5
|
|t:|1779935669
|switch|p2a: Hatterene|Hatterene, F|100/100
|move|p1a: Weezing|Will-O-Wisp|p2a: Hatterene
|-status|p2a: Hatterene|brn
|
|-weather|SunnyDay|[upkeep]
|-damage|p2a: Hatterene|95/100 brn|[from] brn
|upkeep
|turn|6
|
|t:|1779935675
|-end|p1a: Weezing|ability: Neutralizing Gas
|switch|p1a: Garganacl|Garganacl, M|100/100
|move|p2a: Hatterene|Psychic Noise|p1a: Garganacl
|-damage|p1a: Garganacl|77/100
|
|-weather|SunnyDay|[upkeep]
|-damage|p2a: Hatterene|89/100 brn|[from] brn
|upkeep
|turn|7
|
|t:|1779935683
|switch|p2a: Raging Bolt|Raging Bolt|100/100
|-activate|p2a: Raging Bolt|ability: Protosynthesis
|-start|p2a: Raging Bolt|protosynthesisspa
|move|p1a: Garganacl|Iron Defense|p1a: Garganacl
|-boost|p1a: Garganacl|def|2
|
|-weather|SunnyDay|[upkeep]
|upkeep
|turn|8
|
|t:|1779935694
|move|p2a: Raging Bolt|Draco Meteor|p1a: Garganacl
|-damage|p1a: Garganacl|0 fnt
|-unboost|p2a: Raging Bolt|spa|2
|faint|p1a: Garganacl
|
|-weather|none
|-end|p2a: Raging Bolt|Protosynthesis
|upkeep
|
|t:|1779935698
|switch|p1a: Dragapult|Dragapult, M|100/100
|turn|9
|
|t:|1779935707
|-end|p2a: Raging Bolt|Protosynthesis|[silent]
|switch|p2a: Hatterene|Hatterene, F|89/100 brn
|move|p1a: Dragapult|Shadow Ball|p2a: Hatterene
|-supereffective|p2a: Hatterene
|-damage|p2a: Hatterene|0 fnt
|faint|p2a: Hatterene
|
|upkeep
|
|t:|1779935710
|switch|p2a: Ninetales|Ninetales, F|100/100
|-weather|SunnyDay|[from] ability: Drought|[of] p2a: Ninetales
|turn|10
|
|t:|1779935717
|switch|p2a: Leafeon|Leafeon, M, tera:Dark|50/100
|move|p1a: Dragapult|Shadow Ball|p2a: Leafeon
|-resisted|p2a: Leafeon
|-damage|p2a: Leafeon|6/100
|
|-weather|SunnyDay|[upkeep]
|upkeep
|turn|11
|
|t:|1779935725
|switch|p1a: Weezing|Weezing-Galar, M|100/100
|-ability|p1a: Weezing|Neutralizing Gas
|move|p2a: Leafeon|Synthesis|p2a: Leafeon
|-heal|p2a: Leafeon|73/100
|
|-weather|SunnyDay|[upkeep]
|upkeep
|turn|12
|
|t:|1779935738
|switch|p2a: Raging Bolt|Raging Bolt|100/100
|-end|p1a: Weezing|ability: Neutralizing Gas
|-activate|p2a: Raging Bolt|ability: Protosynthesis
|-start|p2a: Raging Bolt|protosynthesisspa
|switch|p1a: Landorus|Landorus-Therian, M|100/100
|-ability|p1a: Landorus|Intimidate|boost
|-unboost|p2a: Raging Bolt|atk|1
|
|-weather|SunnyDay|[upkeep]
|upkeep
|turn|13
|
|t:|1779935744
|-end|p2a: Raging Bolt|Protosynthesis|[silent]
|switch|p2a: Great Tusk|Great Tusk|100/100
|-activate|p2a: Great Tusk|ability: Protosynthesis
|-start|p2a: Great Tusk|protosynthesisspe
|move|p1a: Landorus|Earthquake|p2a: Great Tusk
|-damage|p2a: Great Tusk|67/100
|
|-weather|SunnyDay|[upkeep]
|upkeep
|turn|14
|
|t:|1779935755
|move|p1a: Landorus|Earthquake|p2a: Great Tusk
|-damage|p2a: Great Tusk|34/100
|move|p2a: Great Tusk|Bulk Up|p2a: Great Tusk
|-boost|p2a: Great Tusk|atk|1
|-boost|p2a: Great Tusk|def|1
|
|-weather|SunnyDay|[upkeep]
|upkeep
|turn|15
|
|t:|1779935766
|move|p1a: Landorus|Earthquake|p2a: Great Tusk
|-damage|p2a: Great Tusk|12/100
|move|p2a: Great Tusk|Rapid Spin|p1a: Landorus
|-damage|p1a: Landorus|73/100
|-boost|p2a: Great Tusk|spe|1
|
|-weather|SunnyDay|[upkeep]
|upkeep
|turn|16
|
|t:|1779935771
|move|p2a: Great Tusk|Temper Flare|p1a: Landorus
|-damage|p1a: Landorus|15/100
|move|p1a: Landorus|Earthquake|p2a: Great Tusk
|-damage|p2a: Great Tusk|0 fnt
|faint|p2a: Great Tusk
|-end|p2a: Great Tusk|Protosynthesis|[silent]
|
|-weather|SunnyDay|[upkeep]
|upkeep
|
|t:|1779935776
|switch|p2a: Leafeon|Leafeon, M, tera:Dark|73/100
|turn|17
|
|t:|1779935799
|switch|p2a: Ceruledge|Ceruledge, M|100/100
|-item|p2a: Ceruledge|Air Balloon
|switch|p1a: Weezing|Weezing-Galar, M|100/100
|-ability|p1a: Weezing|Neutralizing Gas
|
|-weather|none
|upkeep
|turn|18
|
|t:|1779935815
|-end|p1a: Weezing|ability: Neutralizing Gas
|switch|p1a: Dragapult|Dragapult, M|100/100
|move|p2a: Ceruledge|Swords Dance|p2a: Ceruledge
|-boost|p2a: Ceruledge|atk|2
|
|upkeep
|turn|19
|
|t:|1779935819
|move|p2a: Ceruledge|Shadow Sneak|p1a: Dragapult
|-supereffective|p1a: Dragapult
|-damage|p1a: Dragapult|0 fnt
|faint|p1a: Dragapult
|
|upkeep
|
|t:|1779935824
|switch|p1a: Alomomola|Alomomola, M|100/100
|turn|20
|
|t:|1779935827
|move|p2a: Ceruledge|Swords Dance|p2a: Ceruledge
|-boost|p2a: Ceruledge|atk|2
|move|p1a: Alomomola|Flip Turn|p2a: Ceruledge
|-supereffective|p2a: Ceruledge
|-damage|p2a: Ceruledge|57/100
|-ability|p2a: Ceruledge|Weak Armor|boost
|-unboost|p2a: Ceruledge|def|1
|-boost|p2a: Ceruledge|spe|2
|-enditem|p2a: Ceruledge|Air Balloon
|
|t:|1779935834
|switch|p1a: Landorus|Landorus-Therian, M|15/100|[from] Flip Turn
|-ability|p1a: Landorus|Intimidate|boost
|-unboost|p2a: Ceruledge|atk|1
|
|upkeep
|turn|21
|
|t:|1779935838
|move|p2a: Ceruledge|Shadow Sneak|p1a: Landorus
|-damage|p1a: Landorus|0 fnt
|faint|p1a: Landorus
|
|upkeep
|
|t:|1779935841
|switch|p1a: Alomomola|Alomomola, M|100/100
|turn|22
|
|t:|1779935847
|move|p1a: Alomomola|Aqua Jet|p2a: Ceruledge
|-supereffective|p2a: Ceruledge
|-damage|p2a: Ceruledge|10/100
|-ability|p2a: Ceruledge|Weak Armor|boost
|-unboost|p2a: Ceruledge|def|1
|-boost|p2a: Ceruledge|spe|2
|move|p2a: Ceruledge|Bitter Blade|p1a: Alomomola
|-resisted|p1a: Alomomola
|-damage|p1a: Alomomola|59/100
|-heal|p2a: Ceruledge|48/100|[from] drain|[of] p1a: Alomomola
|
|upkeep
|turn|23
|
|t:|1779935857
|switch|p2a: Raging Bolt|Raging Bolt|100/100
|move|p1a: Alomomola|Aqua Jet|p2a: Raging Bolt
|-resisted|p2a: Raging Bolt
|-damage|p2a: Raging Bolt|95/100
|
|upkeep
|turn|24
|inactive|chico wilson has 120 seconds left.
|
|t:|1779935889
|move|p2a: Raging Bolt|Volt Switch|p1a: Alomomola
|-supereffective|p1a: Alomomola
|-damage|p1a: Alomomola|0 fnt
|faint|p1a: Alomomola
|-message|chico wilson forfeited.
|
|win|PieCubed^3
|raw|chico wilson's rating: 1418 &rarr; <strong>1395</strong><br />(-23 for losing)
|raw|PieCubed^3's rating: 1367 &rarr; <strong>1390</strong><br />(+23 for winning)
|l|☆chico wilson
|player|p1|
|l|☆PieCubed^3
|player|p2|
