|j|☆FireWolf89
|j|☆lord shiddenfards
|t:|1779861825
|gametype|singles
|player|p1|FireWolf89|psychic-gen4|1501
|player|p2|lord shiddenfards|blaine|1497
|gen|9
|tier|[Gen 9] OU
|rated|
|rule|HP Percentage Mod: HP is shown in percentages
|rule|Endless Battle Clause: Forcing endless battles is banned
|rule|Species Clause: Limit one of each Pokémon
|rule|OHKO Clause: OHKO moves are banned
|rule|Evasion Items Clause: Evasion items are banned
|rule|Evasion Moves Clause: Evasion moves are banned
|rule|Evasion Abilities Clause: Evasion abilities are banned
|rule|Sleep Moves Clause: Sleep-inducing moves are banned
|clearpoke
|poke|p1|Iron Valiant|
|poke|p1|Slowking-Galar, L99, F|
|poke|p1|Samurott-Hisui, F|
|poke|p1|Gliscor, F|
|poke|p1|Dragapult, F|
|poke|p1|Clefable, F|
|poke|p2|Ninetales, M|
|poke|p2|Great Tusk|
|poke|p2|Slither Wing|
|poke|p2|Raging Bolt|
|poke|p2|Iron Moth|
|poke|p2|Alomomola, M|
|teampreview
|inactive|Battle timer is ON: inactive players will automatically lose when time's up. (requested by FireWolf89)
|
|t:|1779861838
|teamsize|p1|6
|teamsize|p2|6
|start
|switch|p1a: Airblade|Samurott-Hisui, F|100/100
|switch|p2a: Ninetales|Ninetales, M|100/100
|-weather|SunnyDay|[from] ability: Drought|[of] p2a: Ninetales
|turn|1
|
|t:|1779861848
|switch|p2a: Alomomola|Alomomola, M|100/100
|move|p1a: Airblade|Knock Off|p2a: Alomomola
|-damage|p2a: Alomomola|71/100
|-enditem|p2a: Alomomola|Eject Button|[from] move: Knock Off|[of] p1a: Airblade
|
|-weather|SunnyDay|[upkeep]
|upkeep
|turn|2
|
|t:|1779861857
|move|p1a: Airblade|Ceaseless Edge|p2a: Alomomola
|-damage|p2a: Alomomola|42/100
|-sidestart|p2: lord shiddenfards|Spikes
|move|p2a: Alomomola|Flip Turn|p1a: Airblade
|-resisted|p1a: Airblade
|-damage|p1a: Airblade|96/100
|
|t:|1779861861
|switch|p2a: Slither Wing|Slither Wing|100/100|[from] Flip Turn
|-damage|p2a: Slither Wing|88/100|[from] Spikes
|-activate|p2a: Slither Wing|ability: Protosynthesis
|-start|p2a: Slither Wing|protosynthesisatk
|
|-weather|SunnyDay|[upkeep]
|upkeep
|turn|3
|
|t:|1779861887
|switch|p1a: Dance|Clefable, F|100/100
|move|p2a: Slither Wing|U-turn|p1a: Dance
|-resisted|p1a: Dance
|-damage|p1a: Dance|71/100
|
|t:|1779861905
|-end|p2a: Slither Wing|Protosynthesis|[silent]
|switch|p2a: Ninetales|Ninetales, M|100/100|[from] U-turn
|-damage|p2a: Ninetales|88/100|[from] Spikes
|
|-weather|SunnyDay|[upkeep]
|upkeep
|turn|4
|
|t:|1779861909
|switch|p1a: Airblade|Samurott-Hisui, F|96/100
|move|p2a: Ninetales|Overheat|p1a: Airblade
|-resisted|p1a: Airblade
|-damage|p1a: Airblade|55/100
|-unboost|p2a: Ninetales|spa|2
|
|-weather|SunnyDay|[upkeep]
|upkeep
|turn|5
|
|t:|1779861915
|switch|p2a: Great Tusk|Great Tusk|100/100
|-activate|p2a: Great Tusk|ability: Protosynthesis
|-start|p2a: Great Tusk|protosynthesisspe
|move|p1a: Airblade|Ceaseless Edge|p2a: Great Tusk
|-resisted|p2a: Great Tusk
|-damage|p2a: Great Tusk|87/100
|-sidestart|p2: lord shiddenfards|Spikes
|
|-weather|none
|-end|p2a: Great Tusk|Protosynthesis
|upkeep
|turn|6
|
|t:|1779861920
|switch|p1a: Flag|Dragapult, F|100/100
|move|p2a: Great Tusk|Ice Spinner|p1a: Flag
|-supereffective|p1a: Flag
|-damage|p1a: Flag|41/100
|
|upkeep
|turn|7
|
|t:|1779861929
|-end|p2a: Great Tusk|Protosynthesis|[silent]
|switch|p2a: Alomomola|Alomomola, M|75/100
|-damage|p2a: Alomomola|59/100|[from] Spikes
|move|p1a: Flag|Draco Meteor|p2a: Alomomola
|-damage|p2a: Alomomola|17/100
|-unboost|p1a: Flag|spa|2
|
|upkeep
|turn|8
|
|t:|1779861935
|-terastallize|p2a: Alomomola|Fairy
|move|p1a: Flag|Draco Meteor|p2a: Alomomola
|-immune|p2a: Alomomola
|move|p2a: Alomomola|Flip Turn|p1a: Flag
|-resisted|p1a: Flag
|-damage|p1a: Flag|30/100
|
|t:|1779861956
|switch|p2a: Slither Wing|Slither Wing|88/100|[from] Flip Turn
|-damage|p2a: Slither Wing|72/100|[from] Spikes
|
|upkeep
|turn|9
|
|t:|1779861966
|switch|p1a: Dance|Clefable, F|71/100
|move|p2a: Slither Wing|First Impression|p1a: Dance
|-resisted|p1a: Dance
|-damage|p1a: Dance|43/100
|
|upkeep
|turn|10
|
|t:|1779861970
|-end|p2a: Slither Wing|Protosynthesis|[silent]
|switch|p2a: Ninetales|Ninetales, M|88/100
|-damage|p2a: Ninetales|72/100|[from] Spikes
|-weather|SunnyDay|[from] ability: Drought|[of] p2a: Ninetales
|move|p1a: Dance|Moonlight|p1a: Dance
|-heal|p1a: Dance|100/100
|
|-weather|SunnyDay|[upkeep]
|upkeep
|turn|11
|
|t:|1779861988
|switch|p1a: Swing|Slowking-Galar, L99, F|100/100
|move|p2a: Ninetales|Overheat|p1a: Swing
|-damage|p1a: Swing|36/100
|-unboost|p2a: Ninetales|spa|2
|
|-weather|SunnyDay|[upkeep]
|upkeep
|turn|12
|inactive|FireWolf89 has 120 seconds left.
|j| nivalys99
|
|t:|1779862028
|move|p2a: Ninetales|Overheat|p1a: Swing
|-damage|p1a: Swing|5/100
|-unboost|p2a: Ninetales|spa|2
|-prepare|p1a: Swing|Chilly Reception|[premajor]
|move|p1a: Swing|Chilly Reception|p1a: Swing
|-weather|Snowscape
|
|t:|1779862039
|switch|p1a: Sabre|Iron Valiant|100/100|[from] Chilly Reception
|
|-weather|Snowscape|[upkeep]
|upkeep
|turn|13
|
|t:|1779862045
|switch|p2a: Alomomola|Alomomola, M, tera:Fairy|50/100
|-damage|p2a: Alomomola|34/100|[from] Spikes
|move|p1a: Sabre|Close Combat|p2a: Alomomola
|-resisted|p2a: Alomomola
|-damage|p2a: Alomomola|15/100
|-unboost|p1a: Sabre|def|1
|-unboost|p1a: Sabre|spd|1
|
|-weather|Snowscape|[upkeep]
|upkeep
|turn|14
|
|t:|1779862052
|move|p1a: Sabre|Close Combat|p2a: Alomomola
|-resisted|p2a: Alomomola
|-damage|p2a: Alomomola|0 fnt
|-unboost|p1a: Sabre|def|1
|-unboost|p1a: Sabre|spd|1
|faint|p2a: Alomomola
|
|-weather|Snowscape|[upkeep]
|upkeep
|
|t:|1779862064
|switch|p2a: Ninetales|Ninetales, M|72/100
|-damage|p2a: Ninetales|56/100|[from] Spikes
|-weather|SunnyDay|[from] ability: Drought|[of] p2a: Ninetales
|turn|15
|
|t:|1779862073
|move|p1a: Sabre|Close Combat|p2a: Ninetales
|-damage|p2a: Ninetales|0 fnt
|-unboost|p1a: Sabre|def|1
|-unboost|p1a: Sabre|spd|1
|faint|p2a: Ninetales
|
|-weather|SunnyDay|[upkeep]
|upkeep
|
|t:|1779862079
|switch|p2a: Great Tusk|Great Tusk|87/100
|-activate|p2a: Great Tusk|ability: Protosynthesis
|-start|p2a: Great Tusk|protosynthesisspe
|turn|16
|
|t:|1779862084
|-end|p1a: Sabre|Quark Drive|[silent]
|switch|p1a: Dance|Clefable, F|100/100
|move|p2a: Great Tusk|Rapid Spin|p1a: Dance
|-damage|p1a: Dance|90/100
|-boost|p2a: Great Tusk|spe|1
|-sideend|p2: lord shiddenfards|Spikes|[from] move: Rapid Spin|[of] p2a: Great Tusk
|
|-weather|SunnyDay|[upkeep]
|upkeep
|turn|17
|
|t:|1779862101
|-end|p2a: Great Tusk|Protosynthesis|[silent]
|switch|p2a: Iron Moth|Iron Moth|100/100
|-enditem|p2a: Iron Moth|Booster Energy
|-activate|p2a: Iron Moth|ability: Quark Drive|[fromitem]
|-start|p2a: Iron Moth|quarkdrivespe
|move|p1a: Dance|Stealth Rock|p2a: Iron Moth
|-sidestart|p2: lord shiddenfards|move: Stealth Rock
|
|-weather|SunnyDay|[upkeep]
|upkeep
|turn|18
|
|t:|1779862107
|switch|p1a: Rifle|Gliscor, F|100/100
|move|p2a: Iron Moth|Fiery Dance|p1a: Rifle
|-damage|p1a: Rifle|45/100
|-boost|p2a: Iron Moth|spa|1
|
|-weather|SunnyDay|[upkeep]
|-status|p1a: Rifle|tox|[from] item: Toxic Orb
|upkeep
|turn|19
|
|t:|1779862112
|move|p1a: Rifle|Protect|p1a: Rifle
|-singleturn|p1a: Rifle|Protect
|move|p2a: Iron Moth|Fiery Dance|p1a: Rifle
|-activate|p1a: Rifle|move: Protect
|
|-weather|none
|-heal|p1a: Rifle|58/100 tox|[from] ability: Poison Heal
|upkeep
|turn|20
|
|t:|1779862116
|move|p2a: Iron Moth|Fiery Dance|p1a: Rifle
|-damage|p1a: Rifle|6/100 tox
|move|p1a: Rifle|Earthquake|p2a: Iron Moth
|-supereffective|p2a: Iron Moth
|-damage|p2a: Iron Moth|0 fnt
|faint|p2a: Iron Moth
|-end|p2a: Iron Moth|Quark Drive|[silent]
|
|-heal|p1a: Rifle|19/100 tox|[from] ability: Poison Heal
|upkeep
|
|t:|1779862121
|switch|p2a: Great Tusk|Great Tusk|87/100
|turn|21
|
|t:|1779862125
|move|p1a: Rifle|Protect|p1a: Rifle
|-singleturn|p1a: Rifle|Protect
|move|p2a: Great Tusk|Rapid Spin|p1a: Rifle
|-activate|p1a: Rifle|move: Protect
|
|-heal|p1a: Rifle|31/100 tox|[from] ability: Poison Heal
|upkeep
|turn|22
|
|t:|1779862127
|switch|p1a: Flag|Dragapult, F|30/100
|move|p2a: Great Tusk|Rapid Spin|p1a: Flag
|-immune|p1a: Flag
|
|upkeep
|turn|23
|
|t:|1779862135
|move|p1a: Flag|Draco Meteor|p2a: Great Tusk
|-damage|p2a: Great Tusk|26/100
|-unboost|p1a: Flag|spa|2
|move|p2a: Great Tusk|Ice Spinner|p1a: Flag
|-supereffective|p1a: Flag
|-damage|p1a: Flag|0 fnt
|faint|p1a: Flag
|
|upkeep
|
|t:|1779862145
|switch|p1a: Sabre|Iron Valiant|100/100
|turn|24
|
|t:|1779862153
|move|p1a: Sabre|Spirit Break|p2a: Great Tusk
|-supereffective|p2a: Great Tusk
|-damage|p2a: Great Tusk|0 fnt
|faint|p2a: Great Tusk
|-end|p2a: Great Tusk|Protosynthesis|[silent]
|
|upkeep
|-message|lord shiddenfards forfeited.
|
|win|FireWolf89
|raw|FireWolf89's rating: 1501 &rarr; <strong>1521</strong><br />(+20 for winning)
|raw|lord shiddenfards's rating: 1497 &rarr; <strong>1477</strong><br />(-20 for losing)
|l|☆lord shiddenfards
|player|p2|
|l|☆FireWolf89
|player|p1|
