|j|☆marcosneru
|j|☆G0LDI
|t:|1779898583
|gametype|singles
|player|p1|marcosneru|cress|1087
|player|p2|G0LDI|hilda-wonderlauncher|1050
|gen|9
|tier|[Gen 9] OU
|rated|
|rule|HP Percentage Mod: HP is shown in percentages
|rule|Endless Battle Clause: Forcing endless battles is banned
|rule|Species Clause: Limit one of each Pokémon
|rule|OHKO Clause: OHKO moves are banned
|rule|Evasion Items Clause: Evasion items are banned
|rule|Evasion Moves Clause: Evasion moves are banned
|rule|Evasion Abilities Clause: Evasion abilities are banned
|rule|Sleep Moves Clause: Sleep-inducing moves are banned
|clearpoke
|poke|p1|Hydreigon, M|
|poke|p1|Weezing-Galar, F|
|poke|p1|Serperior, M|
|poke|p1|Skeledirge, M|
|poke|p1|Ariados, F|
|poke|p1|Alomomola, F|
|poke|p2|Alomomola, F|
|poke|p2|Milotic, F|
|poke|p2|Azumarill, F|
|poke|p2|Quaquaval, F|
|poke|p2|Keldeo|
|poke|p2|Pelipper, F|
|teampreview
|inactive|Battle timer is ON: inactive players will automatically lose when time's up. (requested by G0LDI)
|
|t:|1779898590
|teamsize|p1|6
|teamsize|p2|6
|start
|switch|p1a: Ariados|Ariados, F|100/100
|switch|p2a: Pelipper|Pelipper, F|100/100
|-weather|RainDance|[from] ability: Drizzle|[of] p2a: Pelipper
|turn|1
|
|t:|1779898603
|move|p1a: Ariados|Sticky Web|p2a: Pelipper
|-sidestart|p2: G0LDI|move: Sticky Web
|move|p2a: Pelipper|Knock Off|p1a: Ariados
|-damage|p1a: Ariados|80/100
|-enditem|p1a: Ariados|Focus Sash|[from] move: Knock Off|[of] p2a: Pelipper
|
|-weather|RainDance|[upkeep]
|upkeep
|turn|2
|
|t:|1779898613
|move|p1a: Ariados|Toxic Spikes|p2a: Pelipper
|-sidestart|p2: G0LDI|move: Toxic Spikes
|move|p2a: Pelipper|Hurricane|p1a: Ariados
|-supereffective|p1a: Ariados
|-damage|p1a: Ariados|0 fnt
|faint|p1a: Ariados
|
|-weather|RainDance|[upkeep]
|upkeep
|
|t:|1779898628
|switch|p1a: Serperior|Serperior, M|100/100
|turn|3
|
|t:|1779898634
|-terastallize|p1a: Serperior|Grass
|move|p1a: Serperior|Leaf Storm|p2a: Pelipper
|-damage|p2a: Pelipper|0 fnt
|-boost|p1a: Serperior|spa|2
|faint|p2a: Pelipper
|
|-weather|RainDance|[upkeep]
|upkeep
|
|t:|1779898649
|switch|p2a: Quaquaval|Quaquaval, F, shiny|100/100
|-activate|p2a: Quaquaval|move: Sticky Web
|-unboost|p2a: Quaquaval|spe|1
|-status|p2a: Quaquaval|psn
|-enditem|p2a: Quaquaval|Lum Berry|[eat]
|-curestatus|p2a: Quaquaval|psn|[msg]
|turn|4
|
|t:|1779898657
|-terastallize|p2a: Quaquaval|Steel
|move|p1a: Serperior|Leaf Storm|p2a: Quaquaval
|-resisted|p2a: Quaquaval
|-damage|p2a: Quaquaval|3/100
|-boost|p1a: Serperior|spa|2
|move|p2a: Quaquaval|Triple Axel|p1a: Serperior
|-supereffective|p1a: Serperior
|-damage|p1a: Serperior|83/100
|-hitcount|p1a: Serperior|1
|
|-weather|RainDance|[upkeep]
|upkeep
|turn|5
|
|t:|1779898671
|move|p1a: Serperior|Leaf Storm|p2a: Quaquaval
|-resisted|p2a: Quaquaval
|-damage|p2a: Quaquaval|0 fnt
|-boost|p1a: Serperior|spa|2
|faint|p2a: Quaquaval
|
|-weather|RainDance|[upkeep]
|upkeep
|
|t:|1779898680
|switch|p2a: Milotic|Milotic, F|100/100
|turn|6
|
|t:|1779898688
|move|p1a: Serperior|Leaf Storm|p2a: Milotic
|-supereffective|p2a: Milotic
|-damage|p2a: Milotic|0 fnt
|faint|p2a: Milotic
|
|-weather|RainDance|[upkeep]
|upkeep
|
|t:|1779898693
|switch|p2a: Azumarill|Azumarill, F|100/100
|-activate|p2a: Azumarill|move: Sticky Web
|-unboost|p2a: Azumarill|spe|1
|-status|p2a: Azumarill|psn
|turn|7
|
|t:|1779898699
|move|p1a: Serperior|Leaf Storm|p2a: Azumarill
|-supereffective|p2a: Azumarill
|-damage|p2a: Azumarill|0 fnt
|faint|p2a: Azumarill
|
|-weather|RainDance|[upkeep]
|upkeep
|
|t:|1779898703
|switch|p2a: Keldeo|Keldeo, shiny|100/100
|-activate|p2a: Keldeo|move: Sticky Web
|-unboost|p2a: Keldeo|spe|1
|-status|p2a: Keldeo|psn
|turn|8
|
|t:|1779898710
|move|p1a: Serperior|Leaf Storm|p2a: Keldeo
|-supereffective|p2a: Keldeo
|-damage|p2a: Keldeo|0 fnt
|faint|p2a: Keldeo
|
|-weather|none
|upkeep
|
|t:|1779898714
|switch|p2a: Alomomola|Alomomola, F, shiny|100/100
|-activate|p2a: Alomomola|move: Sticky Web
|-unboost|p2a: Alomomola|spe|1
|-status|p2a: Alomomola|psn
|turn|9
|
|t:|1779898734
|move|p1a: Serperior|Leaf Storm|p2a: Alomomola
|-supereffective|p2a: Alomomola
|-damage|p2a: Alomomola|0 fnt
|faint|p2a: Alomomola
|
|win|marcosneru
|raw|marcosneru's rating: 1087 &rarr; <strong>1111</strong><br />(+24 for winning)
|raw|G0LDI's rating: 1050 &rarr; <strong>1034</strong><br />(-16 for losing)
|l|☆G0LDI
|player|p2|
|l|☆marcosneru
|player|p1|
