|j|☆MacBaron
|j|☆gardevoirandvapo
|t:|1779944683
|gametype|singles
|player|p1|MacBaron|crasherwake|1319
|player|p2|gardevoirandvapo|101|1327
|gen|9
|tier|[Gen 9] OU
|rated|
|rule|HP Percentage Mod: HP is shown in percentages
|rule|Endless Battle Clause: Forcing endless battles is banned
|rule|Species Clause: Limit one of each Pokémon
|rule|OHKO Clause: OHKO moves are banned
|rule|Evasion Items Clause: Evasion items are banned
|rule|Evasion Moves Clause: Evasion moves are banned
|rule|Evasion Abilities Clause: Evasion abilities are banned
|rule|Sleep Moves Clause: Sleep-inducing moves are banned
|clearpoke
|poke|p1|Kleavor, M|
|poke|p1|Iron Moth|
|poke|p1|Corviknight, F|
|poke|p1|Vikavolt, M|
|poke|p1|Brambleghast, F|
|poke|p1|Ogerpon-Wellspring, F|
|poke|p2|Tinkaton, F|
|poke|p2|Smeargle, M|
|poke|p2|Mismagius, M|
|poke|p2|Fezandipiti, M|
|poke|p2|Sandaconda, M|
|poke|p2|Darkrai|
|teampreview
|inactive|Battle timer is ON: inactive players will automatically lose when time's up. (requested by gardevoirandvapo)
|
|t:|1779944694
|teamsize|p1|6
|teamsize|p2|6
|start
|switch|p1a: Brambleghast|Brambleghast, F, shiny|100/100
|switch|p2a: Aldof|Smeargle, M|100/100
|turn|1
|
|t:|1779944707
|move|p2a: Aldof|Burning Bulwark|p2a: Aldof
|-singleturn|p2a: Aldof|move: Protect
|move|p1a: Brambleghast|Rapid Spin|p2a: Aldof
|-activate|p2a: Aldof|move: Protect
|-status|p1a: Brambleghast|brn
|
|-damage|p1a: Brambleghast|94/100 brn|[from] brn
|upkeep
|turn|2
|
|t:|1779944730
|move|p2a: Aldof|Stone Axe|p1a: Brambleghast|[miss]
|-miss|p2a: Aldof|p1a: Brambleghast
|move|p1a: Brambleghast|Leech Seed|p2a: Aldof
|-start|p2a: Aldof|move: Leech Seed
|
|-damage|p2a: Aldof|88/100|[from] Leech Seed|[of] p1a: Brambleghast
|-heal|p1a: Brambleghast|100/100 brn|[silent]
|-damage|p1a: Brambleghast|94/100 brn|[from] brn
|upkeep
|turn|3
|
|t:|1779944737
|move|p2a: Aldof|Toxic Spikes|p1a: Brambleghast
|-sidestart|p1: MacBaron|move: Toxic Spikes
|move|p1a: Brambleghast|Rapid Spin|p2a: Aldof
|-damage|p2a: Aldof|72/100
|-boost|p1a: Brambleghast|spe|1
|-sideend|p1: MacBaron|Toxic Spikes|[from] move: Rapid Spin|[of] p1a: Brambleghast
|
|-damage|p2a: Aldof|59/100|[from] Leech Seed|[of] p1a: Brambleghast
|-heal|p1a: Brambleghast|100/100 brn|[silent]
|-damage|p1a: Brambleghast|94/100 brn|[from] brn
|upkeep
|turn|4
|
|t:|1779944743
|move|p1a: Brambleghast|Rapid Spin|p2a: Aldof
|-damage|p2a: Aldof|44/100
|-boost|p1a: Brambleghast|spe|1
|move|p2a: Aldof|Toxic Spikes|p1a: Brambleghast
|-sidestart|p1: MacBaron|move: Toxic Spikes
|
|-damage|p2a: Aldof|31/100|[from] Leech Seed|[of] p1a: Brambleghast
|-heal|p1a: Brambleghast|100/100 brn|[silent]
|-damage|p1a: Brambleghast|94/100 brn|[from] brn
|upkeep
|turn|5
|
|t:|1779944763
|switch|p2a: Mismagiusty|Mismagius, M, shiny|100/100
|move|p1a: Brambleghast|Poltergeist|p2a: Mismagiusty
|-activate|p2a: Mismagiusty|move: Poltergeist|Choice Specs
|-supereffective|p2a: Mismagiusty
|-damage|p2a: Mismagiusty|21/100
|
|-damage|p1a: Brambleghast|88/100 brn|[from] brn
|upkeep
|turn|6
|
|t:|1779944776
|move|p1a: Brambleghast|Poltergeist|p2a: Mismagiusty
|-activate|p2a: Mismagiusty|move: Poltergeist|Choice Specs
|-supereffective|p2a: Mismagiusty
|-damage|p2a: Mismagiusty|0 fnt
|faint|p2a: Mismagiusty
|
|-damage|p1a: Brambleghast|82/100 brn|[from] brn
|upkeep
|
|t:|1779944793
|switch|p2a: Sandman|Darkrai|100/100
|turn|7
|
|t:|1779944807
|-terastallize|p2a: Sandman|Ghost
|move|p1a: Brambleghast|Leech Seed|p2a: Sandman
|-start|p2a: Sandman|move: Leech Seed
|move|p2a: Sandman|Hex|p1a: Brambleghast
|-supereffective|p1a: Brambleghast
|-damage|p1a: Brambleghast|0 fnt
|faint|p1a: Brambleghast
|
|upkeep
|
|t:|1779944813
|switch|p1a: Iron Moth|Iron Moth|100/100
|-sideend|p1: MacBaron|move: Toxic Spikes|[of] p1a: Iron Moth
|-enditem|p1a: Iron Moth|Booster Energy
|-activate|p1a: Iron Moth|ability: Quark Drive|[fromitem]
|-start|p1a: Iron Moth|quarkdrivespe
|turn|8
|
|t:|1779944828
|move|p1a: Iron Moth|Fiery Dance|p2a: Sandman
|-damage|p2a: Sandman|44/100
|move|p2a: Sandman|Hex|p1a: Iron Moth
|-damage|p1a: Iron Moth|46/100
|
|-damage|p2a: Sandman|32/100|[from] Leech Seed|[of] p1a: Iron Moth
|-heal|p1a: Iron Moth|57/100|[silent]
|upkeep
|turn|9
|
|t:|1779944836
|move|p1a: Iron Moth|Fiery Dance|p2a: Sandman
|-damage|p2a: Sandman|0 fnt
|-boost|p1a: Iron Moth|spa|1
|faint|p2a: Sandman
|
|upkeep
|
|t:|1779944847
|switch|p2a: Starey|Sandaconda, M|100/100
|turn|10
|
|t:|1779944857
|-terastallize|p1a: Iron Moth|Grass
|move|p1a: Iron Moth|Substitute|p1a: Iron Moth
|-start|p1a: Iron Moth|Substitute
|-damage|p1a: Iron Moth|32/100
|move|p2a: Starey|Glare||[still]
|-fail|p2a: Starey
|
|upkeep
|turn|11
|
|t:|1779944878
|move|p1a: Iron Moth|Energy Ball|p2a: Starey
|-supereffective|p2a: Starey
|-damage|p2a: Starey|0 fnt
|faint|p2a: Starey
|
|upkeep
|
|t:|1779944884
|switch|p2a: Tinkywinkypinky|Tinkaton, F|100/100
|-ability|p2a: Tinkywinkypinky|Mold Breaker
|turn|12
|
|t:|1779944887
|move|p1a: Iron Moth|Fiery Dance|p2a: Tinkywinkypinky
|-supereffective|p2a: Tinkywinkypinky
|-damage|p2a: Tinkywinkypinky|0 fnt
|-boost|p1a: Iron Moth|spa|1
|faint|p2a: Tinkywinkypinky
|
|upkeep
|-message|gardevoirandvapo forfeited.
|
|win|MacBaron
|raw|MacBaron's rating: 1319 &rarr; <strong>1339</strong><br />(+20 for winning)
|raw|gardevoirandvapo's rating: 1327 &rarr; <strong>1307</strong><br />(-20 for losing)
|l|☆MacBaron
|player|p1|
