|j|☆genuine chef
|j|☆el metrallas
|t:|1779800849
|gametype|singles
|player|p1|genuine chef|baker|1308
|player|p2|el metrallas|swimmerf-gen4|1324
|gen|9
|tier|[Gen 9] OU
|rated|
|rule|HP Percentage Mod: HP is shown in percentages
|rule|Endless Battle Clause: Forcing endless battles is banned
|rule|Species Clause: Limit one of each Pokémon
|rule|OHKO Clause: OHKO moves are banned
|rule|Evasion Items Clause: Evasion items are banned
|rule|Evasion Moves Clause: Evasion moves are banned
|rule|Evasion Abilities Clause: Evasion abilities are banned
|rule|Sleep Moves Clause: Sleep-inducing moves are banned
|clearpoke
|poke|p1|Sudowoodo, M|
|poke|p1|Tyranitar, F|
|poke|p1|Great Tusk|
|poke|p1|Regieleki|
|poke|p1|Excadrill, F|
|poke|p1|Gholdengo|
|poke|p2|Hydreigon, M|
|poke|p2|Ribombee, M|
|poke|p2|Tauros-Paldea-Blaze, M|
|poke|p2|Clodsire, F|
|poke|p2|Mamoswine, M|
|poke|p2|Gholdengo|
|teampreview
|inactive|Battle timer is ON: inactive players will automatically lose when time's up. (requested by genuine chef)
|inactive|genuine chef has 120 seconds left.
|
|t:|1779800893
|teamsize|p1|6
|teamsize|p2|6
|start
|switch|p1a: Regieleki|Regieleki|100/100
|switch|p2a: Tuerta|Ribombee, M, shiny|100/100
|turn|1
|
|t:|1779800900
|move|p1a: Regieleki|Acrobatics|p2a: Tuerta
|-supereffective|p2a: Tuerta
|-enditem|p2a: Tuerta|Focus Sash
|-damage|p2a: Tuerta|1/100
|move|p2a: Tuerta|Sticky Web|p1a: Regieleki
|-sidestart|p1: genuine chef|move: Sticky Web
|
|upkeep
|turn|2
|
|t:|1779800905
|switch|p2a: Bombas|Gholdengo|100/100
|-item|p2a: Bombas|Air Balloon
|move|p1a: Regieleki|Rapid Spin|p2a: Bombas
|-immune|p2a: Bombas
|
|upkeep
|turn|3
|
|t:|1779800912
|move|p1a: Regieleki|Supercell Slam|p2a: Bombas
|-damage|p2a: Bombas|35/100
|-enditem|p2a: Bombas|Air Balloon
|move|p2a: Bombas|Shadow Ball|p1a: Regieleki
|-damage|p1a: Regieleki|21/100
|-unboost|p1a: Regieleki|spd|1
|
|upkeep
|turn|4
|
|t:|1779800922
|switch|p2a: Director|Clodsire, F, shiny|100/100
|move|p1a: Regieleki|Supercell Slam|p2a: Director
|-immune|p2a: Director
|-damage|p1a: Regieleki|0 fnt|[from] supercellslam
|faint|p1a: Regieleki
|
|upkeep
|
|t:|1779800926
|switch|p1a: Sudowoodo|Sudowoodo, M|100/100
|-activate|p1a: Sudowoodo|move: Sticky Web
|-unboost|p1a: Sudowoodo|spe|1
|turn|5
|
|t:|1779800932
|move|p1a: Sudowoodo|Stealth Rock|p2a: Director
|-sidestart|p2: el metrallas|move: Stealth Rock
|move|p2a: Director|Stealth Rock|p1a: Sudowoodo
|-sidestart|p1: genuine chef|move: Stealth Rock
|
|upkeep
|turn|6
|
|t:|1779800936
|move|p1a: Sudowoodo|Spikes|p2a: Director
|-sidestart|p2: el metrallas|Spikes
|move|p2a: Director|Earthquake|p1a: Sudowoodo
|-supereffective|p1a: Sudowoodo
|-damage|p1a: Sudowoodo|46/100
|
|upkeep
|turn|7
|
|t:|1779800941
|move|p1a: Sudowoodo|Spikes|p2a: Director
|-sidestart|p2: el metrallas|Spikes
|move|p2a: Director|Earthquake|p1a: Sudowoodo
|-supereffective|p1a: Sudowoodo
|-damage|p1a: Sudowoodo|0 fnt
|faint|p1a: Sudowoodo
|
|upkeep
|inactive|genuine chef has 120 seconds left.
|
|t:|1779800972
|switch|p1a: Excadrill|Excadrill, F|100/100
|-damage|p1a: Excadrill|97/100|[from] Stealth Rock
|-item|p1a: Excadrill|Air Balloon
|turn|8
|
|t:|1779800978
|switch|p2a: Tuerta|Ribombee, M, shiny|1/100
|-damage|p2a: Tuerta|0 fnt|[from] Stealth Rock
|faint|p2a: Tuerta
|move|p1a: Excadrill|Swords Dance|p1a: Excadrill
|-boost|p1a: Excadrill|atk|2
|
|upkeep
|
|t:|1779800991
|switch|p2a: Torete|Tauros-Paldea-Blaze, M, shiny|100/100
|-damage|p2a: Torete|88/100|[from] Stealth Rock
|-damage|p2a: Torete|72/100|[from] Spikes
|-ability|p2a: Torete|Intimidate|boost
|-unboost|p1a: Excadrill|atk|1
|turn|9
|
|t:|1779801001
|move|p2a: Torete|Flare Blitz|p1a: Excadrill
|-supereffective|p1a: Excadrill
|-damage|p1a: Excadrill|0 fnt
|-enditem|p1a: Excadrill|Air Balloon
|faint|p1a: Excadrill
|-damage|p2a: Torete|32/100|[from] Recoil
|-damage|p2a: Torete|22/100|[from] item: Life Orb
|
|upkeep
|
|t:|1779801014
|switch|p1a: Tyranitar|Tyranitar, F|100/100
|-activate|p1a: Tyranitar|move: Sticky Web
|-unboost|p1a: Tyranitar|spe|1
|-damage|p1a: Tyranitar|88/100|[from] Stealth Rock
|-weather|Sandstorm|[from] ability: Sand Stream|[of] p1a: Tyranitar
|turn|10
|
|t:|1779801023
|switch|p1a: Great Tusk|Great Tusk|100/100
|-activate|p1a: Great Tusk|move: Sticky Web
|-unboost|p1a: Great Tusk|spe|1
|-damage|p1a: Great Tusk|98/100|[from] Stealth Rock
|-enditem|p1a: Great Tusk|Booster Energy
|-activate|p1a: Great Tusk|ability: Protosynthesis|[fromitem]
|-start|p1a: Great Tusk|protosynthesisatk
|move|p2a: Torete|Close Combat|p1a: Great Tusk
|-damage|p1a: Great Tusk|41/100
|-unboost|p2a: Torete|def|1
|-unboost|p2a: Torete|spd|1
|-damage|p2a: Torete|12/100|[from] item: Life Orb
|
|-weather|Sandstorm|[upkeep]
|-damage|p2a: Torete|6/100|[from] Sandstorm
|upkeep
|turn|11
|
|t:|1779801041
|move|p2a: Torete|Flare Blitz|p1a: Great Tusk
|-damage|p1a: Great Tusk|0 fnt
|faint|p1a: Great Tusk
|-end|p1a: Great Tusk|Protosynthesis|[silent]
|-damage|p2a: Torete|0 fnt|[from] Recoil
|faint|p2a: Torete
|
|-weather|Sandstorm|[upkeep]
|upkeep
|
|t:|1779801047
|switch|p2a: Collejas|Hydreigon, M|100/100
|switch|p1a: Gholdengo|Gholdengo|100/100
|-damage|p2a: Collejas|88/100|[from] Stealth Rock
|-damage|p1a: Gholdengo|94/100|[from] Stealth Rock
|-item|p1a: Gholdengo|Air Balloon
|turn|12
|
|t:|1779801059
|switch|p2a: Director|Clodsire, F, shiny|100/100
|-damage|p2a: Director|94/100|[from] Stealth Rock
|-damage|p2a: Director|78/100|[from] Spikes
|switch|p1a: Tyranitar|Tyranitar, F|88/100
|-activate|p1a: Tyranitar|move: Sticky Web
|-unboost|p1a: Tyranitar|spe|1
|-damage|p1a: Tyranitar|76/100|[from] Stealth Rock
|
|-weather|Sandstorm|[upkeep]
|-heal|p2a: Director|84/100|[from] item: Leftovers
|upkeep
|turn|13
|
|t:|1779801067
|move|p1a: Tyranitar|Ice Beam|p2a: Director
|-supereffective|p2a: Director
|-damage|p2a: Director|48/100
|move|p2a: Director|Earthquake|p1a: Tyranitar
|-supereffective|p1a: Tyranitar
|-damage|p1a: Tyranitar|16/100
|
|-weather|Sandstorm|[upkeep]
|-heal|p2a: Director|54/100|[from] item: Leftovers
|upkeep
|turn|14
|
|t:|1779801073
|-terastallize|p1a: Tyranitar|Flying
|move|p1a: Tyranitar|Knock Off|p2a: Director
|-damage|p2a: Director|16/100
|-enditem|p2a: Director|Leftovers|[from] move: Knock Off|[of] p1a: Tyranitar
|move|p2a: Director|Earthquake|p1a: Tyranitar
|-immune|p1a: Tyranitar
|
|-weather|Sandstorm|[upkeep]
|-damage|p1a: Tyranitar|10/100|[from] Sandstorm
|upkeep
|turn|15
|
|t:|1779801079
|move|p1a: Tyranitar|Ice Beam|p2a: Director
|-supereffective|p2a: Director
|-damage|p2a: Director|0 fnt
|faint|p2a: Director
|
|-weather|Sandstorm|[upkeep]
|-damage|p1a: Tyranitar|4/100|[from] Sandstorm
|upkeep
|
|t:|1779801083
|switch|p2a: Collejas|Hydreigon, M|88/100
|-damage|p2a: Collejas|76/100|[from] Stealth Rock
|turn|16
|
|t:|1779801085
|move|p2a: Collejas|Dark Pulse|p1a: Tyranitar
|-damage|p1a: Tyranitar|0 fnt
|faint|p1a: Tyranitar
|
|-weather|Sandstorm|[upkeep]
|-damage|p2a: Collejas|70/100|[from] Sandstorm
|upkeep
|
|t:|1779801086
|switch|p1a: Gholdengo|Gholdengo|94/100
|-damage|p1a: Gholdengo|88/100|[from] Stealth Rock
|-item|p1a: Gholdengo|Air Balloon
|turn|17
|
|t:|1779801088
|move|p2a: Collejas|Dark Pulse|p1a: Gholdengo
|-supereffective|p1a: Gholdengo
|-damage|p1a: Gholdengo|0 fnt
|-enditem|p1a: Gholdengo|Air Balloon
|faint|p1a: Gholdengo
|
|win|el metrallas
|raw|genuine chef's rating: 1308 &rarr; <strong>1289</strong><br />(-19 for losing)
|raw|el metrallas's rating: 1324 &rarr; <strong>1343</strong><br />(+19 for winning)
|l|☆genuine chef
|player|p1|
|l|☆el metrallas
|player|p2|
