|j|☆p4cm4x
|j|☆claudechamp
|t:|1779809211
|gametype|singles
|player|p1|p4cm4x|ltsurge|1212
|player|p2|claudechamp|265|1242
|gen|9
|tier|[Gen 9] OU
|rated|
|rule|HP Percentage Mod: HP is shown in percentages
|rule|Endless Battle Clause: Forcing endless battles is banned
|rule|Species Clause: Limit one of each Pokémon
|rule|OHKO Clause: OHKO moves are banned
|rule|Evasion Items Clause: Evasion items are banned
|rule|Evasion Moves Clause: Evasion moves are banned
|rule|Evasion Abilities Clause: Evasion abilities are banned
|rule|Sleep Moves Clause: Sleep-inducing moves are banned
|clearpoke
|poke|p1|Araquanid, M|
|poke|p1|Samurott-Hisui, M|
|poke|p1|Quaquaval, F|
|poke|p1|Rotom-Wash|
|poke|p1|Quagsire, F|
|poke|p1|Volcanion|
|poke|p2|Corviknight, F|
|poke|p2|Ting-Lu|
|poke|p2|Kyurem|
|poke|p2|Dondozo, M|
|poke|p2|Slowking-Galar, F|
|poke|p2|Cinderace, F|
|teampreview
|c|☆claudechamp|hf
|inactive|Battle timer is ON: inactive players will automatically lose when time's up. (requested by claudechamp)
|
|t:|1779809221
|teamsize|p1|6
|teamsize|p2|6
|start
|switch|p1a: Rotom|Rotom-Wash|100/100
|switch|p2a: Corviknight|Corviknight, F|100/100
|-ability|p2a: Corviknight|Pressure
|turn|1
|
|t:|1779809248
|switch|p2a: Kyurem|Kyurem|100/100
|-ability|p2a: Kyurem|Pressure
|move|p1a: Rotom|Volt Switch|p2a: Kyurem
|-resisted|p2a: Kyurem
|-damage|p2a: Kyurem|89/100
|inactive|p4cm4x has 120 seconds left.
|
|t:|1779809259
|switch|p1a: Volcanion|Volcanion|100/100|[from] Volt Switch
|
|-heal|p2a: Kyurem|95/100|[from] item: Leftovers
|upkeep
|turn|2
|
|t:|1779809264
|move|p2a: Kyurem|Freeze-Dry|p1a: Volcanion
|-damage|p1a: Volcanion|80/100
|-status|p1a: Volcanion|frz
|cant|p1a: Volcanion|frz
|
|-heal|p2a: Kyurem|100/100|[from] item: Leftovers
|upkeep
|turn|3
|
|t:|1779809269
|move|p2a: Kyurem|Freeze-Dry|p1a: Volcanion
|-damage|p1a: Volcanion|57/100 frz
|cant|p1a: Volcanion|frz
|
|upkeep
|turn|4
|
|t:|1779809274
|move|p2a: Kyurem|Freeze-Dry|p1a: Volcanion
|-damage|p1a: Volcanion|38/100 frz
|-curestatus|p1a: Volcanion|frz|[msg]
|move|p1a: Volcanion|Body Press|p2a: Kyurem
|-supereffective|p2a: Kyurem
|-damage|p2a: Kyurem|51/100
|
|-heal|p2a: Kyurem|58/100|[from] item: Leftovers
|upkeep
|turn|5
|
|t:|1779809279
|move|p2a: Kyurem|Earth Power|p1a: Volcanion
|-supereffective|p1a: Volcanion
|-damage|p1a: Volcanion|2/100
|move|p1a: Volcanion|Body Press|p2a: Kyurem
|-supereffective|p2a: Kyurem
|-damage|p2a: Kyurem|11/100
|
|-heal|p2a: Kyurem|17/100|[from] item: Leftovers
|upkeep
|turn|6
|
|t:|1779809288
|move|p2a: Kyurem|Freeze-Dry|p1a: Volcanion
|-damage|p1a: Volcanion|0 fnt
|faint|p1a: Volcanion
|
|-heal|p2a: Kyurem|24/100|[from] item: Leftovers
|upkeep
|
|t:|1779809309
|switch|p1a: Samurott|Samurott-Hisui, M|100/100
|turn|7
|
|t:|1779809313
|move|p2a: Kyurem|Freeze-Dry|p1a: Samurott
|-supereffective|p1a: Samurott
|-enditem|p1a: Samurott|Focus Sash
|-damage|p1a: Samurott|1/100
|move|p1a: Samurott|Ceaseless Edge|p2a: Kyurem
|-damage|p2a: Kyurem|0 fnt
|-sidestart|p2: claudechamp|Spikes
|faint|p2a: Kyurem
|
|upkeep
|
|t:|1779809321
|switch|p2a: Cinderace|Cinderace, F|100/100
|turn|8
|
|t:|1779809326
|move|p1a: Samurott|Sucker Punch|p2a: Cinderace
|-damage|p2a: Cinderace|61/100
|move|p2a: Cinderace|Pyro Ball|p1a: Samurott
|-resisted|p1a: Samurott
|-damage|p1a: Samurott|0 fnt
|faint|p1a: Samurott
|
|upkeep
|
|t:|1779809337
|switch|p1a: Quagsire|Quagsire, F|100/100
|turn|9
|
|t:|1779809341
|move|p2a: Cinderace|Court Change|p2a: Cinderace
|-swapsideconditions
|-activate|p2a: Cinderace|move: Court Change
|move|p1a: Quagsire|Waterfall|p2a: Cinderace
|-supereffective|p2a: Cinderace
|-damage|p2a: Cinderace|0 fnt
|faint|p2a: Cinderace
|
|upkeep
|
|t:|1779809349
|switch|p2a: Slowking|Slowking-Galar, F|100/100
|turn|10
|
|t:|1779809353
|move|p1a: Quagsire|Earthquake|p2a: Slowking
|-supereffective|p2a: Slowking
|-enditem|p2a: Slowking|Shuca Berry|[eat]
|-enditem|p2a: Slowking|Shuca Berry|[weaken]
|-damage|p2a: Slowking|80/100
|move|p2a: Slowking|Future Sight|p1a: Quagsire
|-start|p2a: Slowking|move: Future Sight
|
|upkeep
|turn|11
|
|t:|1779809359
|switch|p2a: Corviknight|Corviknight, F|100/100
|-ability|p2a: Corviknight|Pressure
|move|p1a: Quagsire|Earthquake|p2a: Corviknight
|-immune|p2a: Corviknight
|
|upkeep
|turn|12
|
|t:|1779809369
|move|p1a: Quagsire|Protect|p1a: Quagsire
|-singleturn|p1a: Quagsire|Protect
|move|p2a: Corviknight|Brave Bird|p1a: Quagsire
|-activate|p1a: Quagsire|move: Protect
|
|-end|p1a: Quagsire|move: Future Sight
|-damage|p1a: Quagsire|48/100
|-heal|p1a: Quagsire|54/100|[from] item: Leftovers
|upkeep
|turn|13
|
|t:|1779809376
|switch|p1a: Rotom|Rotom-Wash|100/100
|move|p2a: Corviknight|U-turn|p1a: Rotom
|-damage|p1a: Rotom|86/100
|
|t:|1779809382
|switch|p2a: Slowking|Slowking-Galar, F|100/100|[from] U-turn
|
|upkeep
|turn|14
|
|t:|1779809391
|move|p1a: Rotom|Trick|p2a: Slowking
|-activate|p1a: Rotom|move: Trick|[of] p2a: Slowking
|-item|p2a: Slowking|Choice Scarf|[from] move: Trick
|-enditem|p1a: Rotom|Choice Scarf|[silent]|[from] move: Trick
|move|p2a: Slowking|Future Sight|p1a: Rotom
|-start|p2a: Slowking|move: Future Sight
|
|upkeep
|turn|15
|
|t:|1779809399
|switch|p2a: Corviknight|Corviknight, F|100/100
|-ability|p2a: Corviknight|Pressure
|move|p1a: Rotom|Volt Switch|p2a: Corviknight
|-supereffective|p2a: Corviknight
|-damage|p2a: Corviknight|50/100
|inactive|p4cm4x has 120 seconds left.
|inactive|p4cm4x has 90 seconds left.
|
|t:|1779809477
|switch|p1a: Quaquaval|Quaquaval, F|100/100|[from] Volt Switch
|
|upkeep
|turn|16
|
|t:|1779809493
|switch|p1a: Quagsire|Quagsire, F|54/100
|-damage|p1a: Quagsire|42/100|[from] Spikes
|move|p2a: Corviknight|Roost|p2a: Corviknight
|-heal|p2a: Corviknight|100/100
|-singleturn|p2a: Corviknight|move: Roost
|
|-end|p1a: Quagsire|move: Future Sight
|-damage|p1a: Quagsire|0 fnt
|faint|p1a: Quagsire
|upkeep
|
|t:|1779809496
|switch|p1a: Rotom|Rotom-Wash|86/100
|turn|17
|
|t:|1779809505
|move|p1a: Rotom|Will-O-Wisp|p2a: Corviknight
|-status|p2a: Corviknight|brn
|move|p2a: Corviknight|Brave Bird|p1a: Rotom
|-resisted|p1a: Rotom
|-damage|p1a: Rotom|76/100
|-damage|p2a: Corviknight|98/100 brn|[from] Recoil
|
|-damage|p2a: Corviknight|92/100 brn|[from] brn
|upkeep
|turn|18
|
|t:|1779809511
|switch|p2a: Slowking|Slowking-Galar, F|100/100
|move|p1a: Rotom|Trick|p2a: Slowking
|-activate|p1a: Rotom|move: Trick|[of] p2a: Slowking
|-enditem|p2a: Slowking|Choice Scarf|[silent]|[from] move: Trick
|-item|p1a: Rotom|Choice Scarf|[from] move: Trick
|
|upkeep
|turn|19
|
|t:|1779809519
|move|p1a: Rotom|Trick|p2a: Slowking
|-activate|p1a: Rotom|move: Trick|[of] p2a: Slowking
|-item|p2a: Slowking|Choice Scarf|[from] move: Trick
|-enditem|p1a: Rotom|Choice Scarf|[silent]|[from] move: Trick
|move|p2a: Slowking|Sludge Bomb|p1a: Rotom
|-damage|p1a: Rotom|42/100
|-status|p1a: Rotom|psn
|
|-damage|p1a: Rotom|30/100 psn|[from] psn
|upkeep
|turn|20
|
|t:|1779809525
|move|p1a: Rotom|Volt Switch|p2a: Slowking
|-damage|p2a: Slowking|79/100
|
|t:|1779809529
|switch|p1a: Araquanid|Araquanid, M|100/100|[from] Volt Switch
|-damage|p1a: Araquanid|88/100|[from] Spikes
|move|p2a: Slowking|Sludge Bomb|p1a: Araquanid
|-damage|p1a: Araquanid|72/100
|
|upkeep
|turn|21
|inactive|p4cm4x has 120 seconds left.
|
|t:|1779809535
|move|p1a: Araquanid|Liquidation|p2a: Slowking
|-damage|p2a: Slowking|40/100
|move|p2a: Slowking|Sludge Bomb|p1a: Araquanid
|-damage|p1a: Araquanid|54/100
|
|upkeep
|turn|22
|
|t:|1779809540
|switch|p2a: Corviknight|Corviknight, F|92/100 brn
|-ability|p2a: Corviknight|Pressure
|move|p1a: Araquanid|Liquidation|p2a: Corviknight
|-damage|p2a: Corviknight|59/100 brn
|-unboost|p2a: Corviknight|def|1
|-damage|p1a: Araquanid|37/100|[from] item: Rocky Helmet|[of] p2a: Corviknight
|
|-damage|p2a: Corviknight|53/100 brn|[from] brn
|upkeep
|turn|23
|
|t:|1779809550
|move|p2a: Corviknight|Roost|p2a: Corviknight
|-heal|p2a: Corviknight|100/100 brn
|-singleturn|p2a: Corviknight|move: Roost
|move|p1a: Araquanid|Surf|p2a: Corviknight
|-damage|p2a: Corviknight|63/100 brn
|
|-damage|p2a: Corviknight|57/100 brn|[from] brn
|upkeep
|turn|24
|
|t:|1779809555
|move|p2a: Corviknight|Brave Bird|p1a: Araquanid
|-supereffective|p1a: Araquanid
|-damage|p1a: Araquanid|0 fnt
|faint|p1a: Araquanid
|-damage|p2a: Corviknight|48/100 brn|[from] Recoil
|
|-damage|p2a: Corviknight|42/100 brn|[from] brn
|upkeep
|
|t:|1779809558
|switch|p1a: Quaquaval|Quaquaval, F|100/100
|turn|25
|
|t:|1779809563
|-terastallize|p1a: Quaquaval|Water
|move|p1a: Quaquaval|Aqua Step|p2a: Corviknight
|-damage|p2a: Corviknight|0 fnt
|-boost|p1a: Quaquaval|spe|1
|-damage|p1a: Quaquaval|84/100|[from] item: Rocky Helmet|[of] p2a: Corviknight
|faint|p2a: Corviknight
|-ability|p1a: Quaquaval|Moxie|boost
|-boost|p1a: Quaquaval|atk|1
|
|upkeep
|
|t:|1779809568
|switch|p2a: Slowking|Slowking-Galar, F|74/100
|turn|26
|
|t:|1779809575
|-terastallize|p2a: Slowking|Water
|move|p1a: Quaquaval|Knock Off|p2a: Slowking
|-damage|p2a: Slowking|38/100
|-enditem|p2a: Slowking|Choice Scarf|[from] move: Knock Off|[of] p1a: Quaquaval
|move|p2a: Slowking|Sludge Bomb|p1a: Quaquaval
|-damage|p1a: Quaquaval|34/100
|
|upkeep
|turn|27
|
|t:|1779809584
|move|p1a: Quaquaval|Brick Break|p2a: Slowking
|-damage|p2a: Slowking|0 fnt
|faint|p2a: Slowking
|-ability|p1a: Quaquaval|Moxie|boost
|-boost|p1a: Quaquaval|atk|1
|
|upkeep
|
|t:|1779809589
|switch|p2a: Dondozo|Dondozo, M|100/100
|turn|28
|
|t:|1779809596
|move|p1a: Quaquaval|Knock Off|p2a: Dondozo
|-damage|p2a: Dondozo|80/100
|-enditem|p2a: Dondozo|Leftovers|[from] move: Knock Off|[of] p1a: Quaquaval
|move|p2a: Dondozo|Body Press|p1a: Quaquaval
|-damage|p1a: Quaquaval|8/100
|
|upkeep
|turn|29
|
|t:|1779809604
|move|p1a: Quaquaval|Brick Break|p2a: Dondozo
|-damage|p2a: Dondozo|58/100
|move|p2a: Dondozo|Body Press|p1a: Quaquaval
|-damage|p1a: Quaquaval|0 fnt
|faint|p1a: Quaquaval
|
|upkeep
|
|t:|1779809607
|switch|p1a: Rotom|Rotom-Wash|30/100 psn
|turn|30
|
|t:|1779809614
|move|p1a: Rotom|Volt Switch|p2a: Dondozo
|-supereffective|p2a: Dondozo
|-damage|p2a: Dondozo|25/100
|move|p2a: Dondozo|Rest|p2a: Dondozo
|-status|p2a: Dondozo|slp|[from] move: Rest
|-heal|p2a: Dondozo|100/100 slp|[silent]
|
|-damage|p1a: Rotom|17/100 psn|[from] psn
|upkeep
|turn|31
|
|t:|1779809621
|move|p1a: Rotom|Volt Switch|p2a: Dondozo
|-supereffective|p2a: Dondozo
|-damage|p2a: Dondozo|67/100 slp
|cant|p2a: Dondozo|slp
|
|-damage|p1a: Rotom|5/100 psn|[from] psn
|upkeep
|turn|32
|-message|p4cm4x forfeited.
|
|win|claudechamp
|raw|p4cm4x's rating: 1212 &rarr; <strong>1186</strong><br />(-26 for losing)
|raw|claudechamp's rating: 1194 &rarr; <strong>1220</strong><br />(+26 for winning)
|l|☆p4cm4x
|player|p1|
|c|☆claudechamp|gg
