|j|☆skater66
|j|☆claudechamp
|t:|1779908092
|gametype|singles
|player|p1|skater66|102|1190
|player|p2|claudechamp|169|1191
|gen|9
|tier|[Gen 9] OU
|rated|
|rule|HP Percentage Mod: HP is shown in percentages
|rule|Endless Battle Clause: Forcing endless battles is banned
|rule|Species Clause: Limit one of each Pokémon
|rule|OHKO Clause: OHKO moves are banned
|rule|Evasion Items Clause: Evasion items are banned
|rule|Evasion Moves Clause: Evasion moves are banned
|rule|Evasion Abilities Clause: Evasion abilities are banned
|rule|Sleep Moves Clause: Sleep-inducing moves are banned
|clearpoke
|poke|p1|Blaziken, M|
|poke|p1|Rotom-Wash|
|poke|p1|Heatran, M|
|poke|p1|Dragapult, F|
|poke|p1|Skeledirge, F|
|poke|p1|Ogerpon-Wellspring, F|
|poke|p2|Gliscor, F|
|poke|p2|Gholdengo|
|poke|p2|Zamazenta-*|
|poke|p2|Blissey, F|
|poke|p2|Skarmory, F|
|poke|p2|Pecharunt|
|teampreview
|c|☆claudechamp|hf
|inactive|Battle timer is ON: inactive players will automatically lose when time's up. (requested by claudechamp)
|inactive|skater66 has 120 seconds left.
|
|t:|1779908133
|teamsize|p1|6
|teamsize|p2|6
|start
|switch|p1a: Skeledirge|Skeledirge, F|100/100
|switch|p2a: Skarmory|Skarmory, F|100/100
|turn|1
|
|t:|1779908138
|move|p2a: Skarmory|Spikes|p1a: Skeledirge
|-sidestart|p1: skater66|Spikes
|move|p1a: Skeledirge|Will-O-Wisp|p2a: Skarmory
|-status|p2a: Skarmory|brn
|
|-damage|p2a: Skarmory|95/100 brn|[from] brn
|upkeep
|turn|2
|
|t:|1779908145
|move|p2a: Skarmory|Spikes|p1a: Skeledirge
|-sidestart|p1: skater66|Spikes
|move|p1a: Skeledirge|Torch Song|p2a: Skarmory
|-supereffective|p2a: Skarmory
|-damage|p2a: Skarmory|8/100 brn
|-boost|p1a: Skeledirge|spa|1
|
|-damage|p2a: Skarmory|2/100 brn|[from] brn
|upkeep
|turn|3
|
|t:|1779908154
|switch|p2a: Blissey|Blissey, F|100/100
|move|p1a: Skeledirge|Torch Song|p2a: Blissey
|-crit|p2a: Blissey
|-damage|p2a: Blissey|79/100
|-boost|p1a: Skeledirge|spa|1
|
|upkeep
|turn|4
|
|t:|1779908161
|move|p1a: Skeledirge|Torch Song|p2a: Blissey
|-damage|p2a: Blissey|60/100
|-boost|p1a: Skeledirge|spa|1
|move|p2a: Blissey|Shadow Ball|p1a: Skeledirge
|-supereffective|p1a: Skeledirge
|-damage|p1a: Skeledirge|80/100
|
|upkeep
|turn|5
|
|t:|1779908169
|move|p1a: Skeledirge|Torch Song|p2a: Blissey
|-damage|p2a: Blissey|37/100
|-boost|p1a: Skeledirge|spa|1
|move|p2a: Blissey|Shadow Ball|p1a: Skeledirge
|-supereffective|p1a: Skeledirge
|-damage|p1a: Skeledirge|59/100
|
|upkeep
|turn|6
|
|t:|1779908176
|switch|p2a: Gliscor|Gliscor, F|100/100
|move|p1a: Skeledirge|Slack Off|p1a: Skeledirge
|-heal|p1a: Skeledirge|100/100
|
|-status|p2a: Gliscor|tox|[from] item: Toxic Orb
|upkeep
|turn|7
|
|t:|1779908187
|move|p2a: Gliscor|Earthquake|p1a: Skeledirge
|-supereffective|p1a: Skeledirge
|-damage|p1a: Skeledirge|48/100
|move|p1a: Skeledirge|Hex|p2a: Gliscor
|-damage|p2a: Gliscor|0 fnt
|faint|p2a: Gliscor
|
|upkeep
|
|t:|1779908193
|switch|p2a: Gholdengo|Gholdengo|100/100
|turn|8
|
|t:|1779908198
|move|p2a: Gholdengo|Hex|p1a: Skeledirge
|-supereffective|p1a: Skeledirge
|-damage|p1a: Skeledirge|10/100
|move|p1a: Skeledirge|Torch Song|p2a: Gholdengo
|-supereffective|p2a: Gholdengo
|-damage|p2a: Gholdengo|0 fnt
|-boost|p1a: Skeledirge|spa|1
|faint|p2a: Gholdengo
|
|upkeep
|
|t:|1779908204
|switch|p2a: Pecharunt|Pecharunt|100/100
|turn|9
|
|t:|1779908208
|move|p2a: Pecharunt|Shadow Ball|p1a: Skeledirge
|-supereffective|p1a: Skeledirge
|-damage|p1a: Skeledirge|0 fnt
|faint|p1a: Skeledirge
|
|upkeep
|
|t:|1779908217
|switch|p1a: Rotom|Rotom-Wash|100/100
|turn|10
|
|t:|1779908228
|move|p1a: Rotom|Trick|p2a: Pecharunt
|-activate|p1a: Rotom|move: Trick|[of] p2a: Pecharunt
|-item|p2a: Pecharunt|Choice Scarf|[from] move: Trick
|-item|p1a: Rotom|Heavy-Duty Boots|[from] move: Trick
|move|p2a: Pecharunt|Shadow Ball|p1a: Rotom
|-damage|p1a: Rotom|76/100
|-unboost|p1a: Rotom|spd|1
|
|upkeep
|turn|11
|
|t:|1779908239
|move|p2a: Pecharunt|Shadow Ball|p1a: Rotom
|-damage|p1a: Rotom|37/100
|move|p1a: Rotom|Volt Switch|p2a: Pecharunt
|-damage|p2a: Pecharunt|63/100
|
|t:|1779908245
|switch|p1a: Heatran|Heatran, M|100/100|[from] Volt Switch
|-damage|p1a: Heatran|84/100|[from] Spikes
|
|-heal|p1a: Heatran|90/100|[from] item: Leftovers
|upkeep
|turn|12
|
|t:|1779908257
|switch|p2a: Zamazenta|Zamazenta|100/100
|-ability|p2a: Zamazenta|Dauntless Shield|boost
|-boost|p2a: Zamazenta|def|1
|switch|p1a: Blaziken|Blaziken, M, shiny|100/100
|-damage|p1a: Blaziken|84/100|[from] Spikes
|
|-heal|p1a: Blaziken|90/100|[from] item: Leftovers
|upkeep
|turn|13
|inactive|skater66 has 120 seconds left.
|
|t:|1779908292
|move|p2a: Zamazenta|Close Combat|p1a: Blaziken
|-damage|p1a: Blaziken|0 fnt
|-unboost|p2a: Zamazenta|def|1
|-unboost|p2a: Zamazenta|spd|1
|faint|p1a: Blaziken
|
|upkeep
|inactive|skater66 has 120 seconds left.
|
|t:|1779908312
|switch|p1a: Dragapult|Dragapult, F|100/100
|-damage|p1a: Dragapult|84/100|[from] Spikes
|turn|14
|
|t:|1779908318
|move|p2a: Zamazenta|Crunch|p1a: Dragapult
|-supereffective|p1a: Dragapult
|-damage|p1a: Dragapult|3/100
|-unboost|p1a: Dragapult|def|1
|move|p1a: Dragapult|Substitute|p1a: Dragapult
|-fail|p1a: Dragapult|move: Substitute|[weak]
|
|-heal|p1a: Dragapult|9/100|[from] item: Leftovers
|upkeep
|turn|15
|inactive|skater66 has 120 seconds left.
|-message|skater66 forfeited.
|
|win|claudechamp
|raw|skater66's rating: 1190 &rarr; <strong>1163</strong><br />(-27 for losing)
|raw|claudechamp's rating: 1166 &rarr; <strong>1193</strong><br />(+27 for winning)
|l|☆skater66
|player|p1|
|c|☆claudechamp|gg
