|j|☆yaoibro445
|j|☆ScolipedeIsGreat
|t:|1779952104
|gametype|singles
|player|p1|yaoibro445|101|1372
|player|p2|ScolipedeIsGreat|dragontamer|1356
|gen|9
|tier|[Gen 9] OU
|rated|
|rule|HP Percentage Mod: HP is shown in percentages
|rule|Endless Battle Clause: Forcing endless battles is banned
|rule|Species Clause: Limit one of each Pokémon
|rule|OHKO Clause: OHKO moves are banned
|rule|Evasion Items Clause: Evasion items are banned
|rule|Evasion Moves Clause: Evasion moves are banned
|rule|Evasion Abilities Clause: Evasion abilities are banned
|rule|Sleep Moves Clause: Sleep-inducing moves are banned
|clearpoke
|poke|p1|Meloetta|
|poke|p1|Ninetales-Alola, F|
|poke|p1|Kyurem|
|poke|p1|Gholdengo|
|poke|p1|Great Tusk|
|poke|p1|Ogerpon-Wellspring, F|
|poke|p2|Dragapult, F|
|poke|p2|Rotom-Wash|
|poke|p2|Ursaluna, F|
|poke|p2|Great Tusk|
|poke|p2|Iron Moth|
|poke|p2|Moltres-Galar|
|teampreview
|inactive|Battle timer is ON: inactive players will automatically lose when time's up. (requested by ScolipedeIsGreat)
|
|t:|1779952131
|teamsize|p1|6
|teamsize|p2|6
|start
|switch|p1a: Meloetta|Meloetta|100/100
|switch|p2a: Sol|Iron Moth|100/100
|-enditem|p2a: Sol|Booster Energy
|-activate|p2a: Sol|ability: Quark Drive|[fromitem]
|-start|p2a: Sol|quarkdrivespe
|turn|1
|
|t:|1779952138
|-terastallize|p2a: Sol|Grass
|move|p2a: Sol|Sludge Wave|p1a: Meloetta
|-damage|p1a: Meloetta|73/100
|move|p1a: Meloetta|Psychic|p2a: Sol
|-damage|p2a: Sol|61/100
|
|upkeep
|turn|2
|
|t:|1779952148
|move|p2a: Sol|Fiery Dance|p1a: Meloetta
|-damage|p1a: Meloetta|50/100
|-boost|p2a: Sol|spa|1
|move|p1a: Meloetta|Thunder|p2a: Sol
|-resisted|p2a: Sol
|-damage|p2a: Sol|44/100
|-status|p2a: Sol|par
|
|upkeep
|turn|3
|
|t:|1779952158
|move|p1a: Meloetta|Psychic|p2a: Sol
|-damage|p2a: Sol|1/100 par
|cant|p2a: Sol|par
|
|upkeep
|turn|4
|
|t:|1779952163
|-end|p2a: Sol|Quark Drive|[silent]
|switch|p2a: Freak Emote|Moltres-Galar|100/100
|move|p1a: Meloetta|Relic Song|p2a: Freak Emote
|-damage|p2a: Freak Emote|67/100
|-status|p2a: Freak Emote|slp|[from] move: Relic Song
|-formechange|p1a: Meloetta|Meloetta-Pirouette|[msg]
|
|upkeep
|turn|5
|
|t:|1779952174
|move|p1a: Meloetta|Close Combat|p2a: Freak Emote
|-damage|p2a: Freak Emote|3/100 slp
|-unboost|p1a: Meloetta|def|1
|-unboost|p1a: Meloetta|spd|1
|-ability|p2a: Freak Emote|Berserk|boost
|-boost|p2a: Freak Emote|spa|1
|-enditem|p2a: Freak Emote|Sitrus Berry|[eat]
|-heal|p2a: Freak Emote|28/100 slp|[from] item: Sitrus Berry
|cant|p2a: Freak Emote|slp
|
|upkeep
|turn|6
|
|t:|1779952185
|move|p1a: Meloetta|Close Combat|p2a: Freak Emote
|-crit|p2a: Freak Emote
|-damage|p2a: Freak Emote|0 fnt
|-unboost|p1a: Meloetta|def|1
|-unboost|p1a: Meloetta|spd|1
|faint|p2a: Freak Emote
|
|upkeep
|
|t:|1779952190
|switch|p2a: Rotom|Rotom-Wash|100/100
|turn|7
|c|☆ScolipedeIsGreat|I actually didnt know much about meloetta lol
|
|t:|1779952206
|switch|p1a: Ninetales|Ninetales-Alola, F|100/100
|-weather|Snowscape|[from] ability: Snow Warning|[of] p1a: Ninetales
|move|p2a: Rotom|Discharge|p1a: Ninetales
|-damage|p1a: Ninetales|55/100
|-status|p1a: Ninetales|par
|-damage|p2a: Rotom|91/100|[from] item: Life Orb
|
|-weather|Snowscape|[upkeep]
|upkeep
|turn|8
|c|☆yaoibro445|the only pokemon who can legally sleep
|
|t:|1779952218
|move|p2a: Rotom|Thunderbolt|p1a: Ninetales
|-damage|p1a: Ninetales|0 fnt
|faint|p1a: Ninetales
|-damage|p2a: Rotom|81/100|[from] item: Life Orb
|
|-weather|Snowscape|[upkeep]
|upkeep
|
|t:|1779952223
|switch|p1a: Kyurem|Kyurem|100/100
|-ability|p1a: Kyurem|Pressure
|turn|9
|
|t:|1779952228
|move|p1a: Kyurem|Freeze-Dry|p2a: Rotom
|-supereffective|p2a: Rotom
|-damage|p2a: Rotom|0 fnt
|faint|p2a: Rotom
|
|-weather|Snowscape|[upkeep]
|upkeep
|
|t:|1779952233
|switch|p2a: Dragapult|Dragapult, F|100/100
|turn|10
|
|t:|1779952240
|-terastallize|p1a: Kyurem|Fairy
|move|p2a: Dragapult|Draco Meteor|p1a: Kyurem
|-immune|p1a: Kyurem
|move|p1a: Kyurem|Freeze-Dry|p2a: Dragapult
|-supereffective|p2a: Dragapult
|-damage|p2a: Dragapult|0 fnt
|faint|p2a: Dragapult
|
|-weather|Snowscape|[upkeep]
|upkeep
|
|t:|1779952246
|switch|p2a: Sol|Iron Moth, tera:Grass|1/100 par
|turn|11
|
|t:|1779952253
|move|p1a: Kyurem|Freeze-Dry|p2a: Sol
|-supereffective|p2a: Sol
|-damage|p2a: Sol|0 fnt
|faint|p2a: Sol
|-end|p2a: Sol|Quark Drive|[silent]
|
|-weather|none
|upkeep
|
|t:|1779952269
|switch|p2a: Great Tusk|Great Tusk|100/100
|turn|12
|
|t:|1779952273
|move|p1a: Kyurem|Freeze-Dry|p2a: Great Tusk
|-supereffective|p2a: Great Tusk
|-damage|p2a: Great Tusk|27/100
|move|p2a: Great Tusk|Headlong Rush|p1a: Kyurem
|-damage|p1a: Kyurem|43/100
|-unboost|p2a: Great Tusk|def|1
|-unboost|p2a: Great Tusk|spd|1
|
|upkeep
|turn|13
|c|☆ScolipedeIsGreat|welp gg
|
|t:|1779952281
|move|p1a: Kyurem|Freeze-Dry|p2a: Great Tusk
|-supereffective|p2a: Great Tusk
|-damage|p2a: Great Tusk|0 fnt
|faint|p2a: Great Tusk
|-end|p2a: Great Tusk|Protosynthesis|[silent]
|
|upkeep
|-message|ScolipedeIsGreat forfeited.
|
|win|yaoibro445
|raw|yaoibro445's rating: 1372 &rarr; <strong>1391</strong><br />(+19 for winning)
|raw|ScolipedeIsGreat's rating: 1356 &rarr; <strong>1337</strong><br />(-19 for losing)
|c|☆yaoibro445|gg
|l|☆ScolipedeIsGreat
|player|p2|
|l|☆yaoibro445
|player|p1|
