|j|☆SlNGULARlTY
|j|‽ayerbe
|t:|1779895381
|gametype|singles
|player|p1|SlNGULARlTY|koga|1489
|player|p2|ayerbe|blackbelt-gen4dp|1587
|gen|9
|tier|[Gen 9] OU
|rated|
|rule|HP Percentage Mod: HP is shown in percentages
|rule|Endless Battle Clause: Forcing endless battles is banned
|rule|Species Clause: Limit one of each Pokémon
|rule|OHKO Clause: OHKO moves are banned
|rule|Evasion Items Clause: Evasion items are banned
|rule|Evasion Moves Clause: Evasion moves are banned
|rule|Evasion Abilities Clause: Evasion abilities are banned
|rule|Sleep Moves Clause: Sleep-inducing moves are banned
|clearpoke
|poke|p1|Ogerpon-Wellspring, F|
|poke|p1|Moltres|
|poke|p1|Gholdengo|
|poke|p1|Garganacl, F|
|poke|p1|Hatterene, F|
|poke|p1|Heatran, M|
|poke|p2|Great Tusk|
|poke|p2|Scizor, M|
|poke|p2|Garganacl, M|
|poke|p2|Ting-Lu|
|poke|p2|Raging Bolt|
|poke|p2|Gholdengo|
|teampreview
|inactive|Battle timer is ON: inactive players will automatically lose when time's up. (requested by ayerbe)
|inactive|SlNGULARlTY also wants the timer to be on.
|
|t:|1779895386
|teamsize|p1|6
|teamsize|p2|6
|start
|switch|p1a: Hatterene|Hatterene, F|100/100
|switch|p2a: Ting-Lu|Ting-Lu|100/100
|-ability|p2a: Ting-Lu|Vessel of Ruin
|turn|1
|
|t:|1779895389
|move|p2a: Ting-Lu|Heavy Slam|p1a: Hatterene
|-supereffective|p1a: Hatterene
|-crit|p1a: Hatterene
|-damage|p1a: Hatterene|29/100
|-damage|p2a: Ting-Lu|84/100|[from] item: Rocky Helmet|[of] p1a: Hatterene
|move|p1a: Hatterene|Calm Mind|p1a: Hatterene
|-boost|p1a: Hatterene|spa|1
|-boost|p1a: Hatterene|spd|1
|
|-heal|p2a: Ting-Lu|90/100|[from] item: Leftovers
|upkeep
|turn|2
|
|t:|1779895393
|switch|p1a: Ogerpon|Ogerpon-Wellspring, F|100/100
|move|p2a: Ting-Lu|Heavy Slam|p1a: Ogerpon
|-resisted|p1a: Ogerpon
|-damage|p1a: Ogerpon|82/100
|
|-heal|p2a: Ting-Lu|96/100|[from] item: Leftovers
|upkeep
|turn|3
|
|t:|1779895396
|switch|p2a: Raging Bolt|Raging Bolt|100/100
|move|p1a: Ogerpon|Swords Dance|p1a: Ogerpon
|-boost|p1a: Ogerpon|atk|2
|
|upkeep
|turn|4
|
|t:|1779895399
|move|p1a: Ogerpon|Ivy Cudgel|p2a: Raging Bolt|[anim] Ivy Cudgel Water
|-resisted|p2a: Raging Bolt
|-damage|p2a: Raging Bolt|45/100
|move|p2a: Raging Bolt|Dragon Pulse|p1a: Ogerpon
|-damage|p1a: Ogerpon|29/100
|
|upkeep
|turn|5
|
|t:|1779895405
|move|p2a: Raging Bolt|Thunderclap||[still]
|-fail|p2a: Raging Bolt
|move|p1a: Ogerpon|Synthesis|p1a: Ogerpon
|-heal|p1a: Ogerpon|79/100
|
|upkeep
|turn|6
|
|t:|1779895408
|move|p2a: Raging Bolt|Thunderclap|p1a: Ogerpon
|-damage|p1a: Ogerpon|31/100
|move|p1a: Ogerpon|Ivy Cudgel|p2a: Raging Bolt|[anim] Ivy Cudgel Water
|-resisted|p2a: Raging Bolt
|-damage|p2a: Raging Bolt|0 fnt
|faint|p2a: Raging Bolt
|-end|p2a: Raging Bolt|Protosynthesis|[silent]
|
|upkeep
|
|t:|1779895418
|switch|p2a: Gholdengo|Gholdengo|100/100
|turn|7
|
|t:|1779895420
|switch|p1a: Heatran|Heatran, M|100/100
|move|p2a: Gholdengo|Shadow Ball|p1a: Heatran
|-damage|p1a: Heatran|57/100
|
|upkeep
|turn|8
|
|t:|1779895422
|switch|p2a: Ting-Lu|Ting-Lu|96/100
|-ability|p2a: Ting-Lu|Vessel of Ruin
|move|p1a: Heatran|Magma Storm|p2a: Ting-Lu
|-damage|p2a: Ting-Lu|64/100
|-activate|p2a: Ting-Lu|move: Magma Storm|[of] p1a: Heatran
|
|-heal|p2a: Ting-Lu|71/100|[from] item: Leftovers
|-damage|p2a: Ting-Lu|58/100|[from] move: Magma Storm|[partiallytrapped]
|upkeep
|turn|9
|
|t:|1779895426
|switch|p1a: Hatterene|Hatterene, F|29/100
|move|p2a: Ting-Lu|Stealth Rock|p1a: Hatterene
|move|p1a: Hatterene|Stealth Rock|p2a: Ting-Lu|[from] ability: Magic Bounce
|-sidestart|p2: ayerbe|move: Stealth Rock
|
|-heal|p2a: Ting-Lu|64/100|[from] item: Leftovers
|-end|p2a: Ting-Lu|Magma Storm|[partiallytrapped]|[silent]
|upkeep
|turn|10
|
|t:|1779895429
|move|p2a: Ting-Lu|Heavy Slam|p1a: Hatterene
|-supereffective|p1a: Hatterene
|-damage|p1a: Hatterene|0 fnt
|-damage|p2a: Ting-Lu|48/100|[from] item: Rocky Helmet|[of] p1a: Hatterene
|faint|p1a: Hatterene
|
|-heal|p2a: Ting-Lu|54/100|[from] item: Leftovers
|upkeep
|
|t:|1779895430
|switch|p1a: Ogerpon|Ogerpon-Wellspring, F|31/100
|turn|11
|
|t:|1779895432
|move|p1a: Ogerpon|Synthesis|p1a: Ogerpon
|-heal|p1a: Ogerpon|81/100
|move|p2a: Ting-Lu|Whirlwind|p1a: Ogerpon
|drag|p1a: Garganacl|Garganacl, F|100/100
|
|-heal|p2a: Ting-Lu|60/100|[from] item: Leftovers
|upkeep
|turn|12
|
|t:|1779895437
|move|p2a: Ting-Lu|Stealth Rock|p1a: Garganacl
|-sidestart|p1: SlNGULARlTY|move: Stealth Rock
|move|p1a: Garganacl|Salt Cure|p2a: Ting-Lu
|-resisted|p2a: Ting-Lu
|-damage|p2a: Ting-Lu|56/100
|-start|p2a: Ting-Lu|Salt Cure
|
|-heal|p2a: Ting-Lu|62/100|[from] item: Leftovers
|-damage|p2a: Ting-Lu|50/100|[from] Salt Cure
|upkeep
|turn|13
|
|t:|1779895439
|move|p2a: Ting-Lu|Spikes|p1a: Garganacl
|-sidestart|p1: SlNGULARlTY|Spikes
|move|p1a: Garganacl|Curse|p1a: Garganacl
|-unboost|p1a: Garganacl|spe|1
|-boost|p1a: Garganacl|atk|1
|-boost|p1a: Garganacl|def|1
|
|-heal|p2a: Ting-Lu|56/100|[from] item: Leftovers
|-damage|p2a: Ting-Lu|44/100|[from] Salt Cure
|upkeep
|turn|14
|
|t:|1779895440
|move|p2a: Ting-Lu|Spikes|p1a: Garganacl
|-sidestart|p1: SlNGULARlTY|Spikes
|move|p1a: Garganacl|Salt Cure|p2a: Ting-Lu
|-resisted|p2a: Ting-Lu
|-damage|p2a: Ting-Lu|38/100
|
|-heal|p2a: Ting-Lu|45/100|[from] item: Leftovers
|-damage|p2a: Ting-Lu|32/100|[from] Salt Cure
|upkeep
|turn|15
|
|t:|1779895442
|move|p1a: Garganacl|Curse|p1a: Garganacl
|-unboost|p1a: Garganacl|spe|1
|-boost|p1a: Garganacl|atk|1
|-boost|p1a: Garganacl|def|1
|move|p2a: Ting-Lu|Whirlwind|p1a: Garganacl
|drag|p1a: Heatran|Heatran, M|57/100
|-damage|p1a: Heatran|45/100|[from] Stealth Rock
|-damage|p1a: Heatran|29/100|[from] Spikes
|
|-heal|p2a: Ting-Lu|38/100|[from] item: Leftovers
|-damage|p2a: Ting-Lu|26/100|[from] Salt Cure
|upkeep
|turn|16
|
|t:|1779895444
|move|p1a: Heatran|Magma Storm|p2a: Ting-Lu
|-damage|p2a: Ting-Lu|0 fnt
|faint|p2a: Ting-Lu
|
|upkeep
|
|t:|1779895452
|switch|p2a: Garganacl|Garganacl, M|100/100
|-damage|p2a: Garganacl|88/100|[from] Stealth Rock
|turn|17
|
|t:|1779895456
|switch|p1a: Garganacl|Garganacl, F|100/100
|-damage|p1a: Garganacl|88/100|[from] Stealth Rock
|-damage|p1a: Garganacl|72/100|[from] Spikes
|-terastallize|p2a: Garganacl|Ghost
|move|p2a: Garganacl|Salt Cure|p1a: Garganacl
|-damage|p1a: Garganacl|62/100
|-start|p1a: Garganacl|Salt Cure
|
|-heal|p2a: Garganacl|94/100|[from] item: Leftovers
|-heal|p1a: Garganacl|68/100|[from] item: Leftovers
|-damage|p1a: Garganacl|56/100|[from] Salt Cure
|upkeep
|turn|18
|
|t:|1779895457
|move|p2a: Garganacl|Block|p1a: Garganacl
|-activate|p1a: Garganacl|trapped
|move|p1a: Garganacl|Salt Cure|p2a: Garganacl
|-damage|p2a: Garganacl|88/100
|-start|p2a: Garganacl|Salt Cure
|
|-heal|p1a: Garganacl|62/100|[from] item: Leftovers
|-heal|p2a: Garganacl|94/100|[from] item: Leftovers
|-damage|p2a: Garganacl|81/100|[from] Salt Cure
|-damage|p1a: Garganacl|50/100|[from] Salt Cure
|upkeep
|turn|19
|
|t:|1779895466
|move|p1a: Garganacl|Recover|p1a: Garganacl
|-heal|p1a: Garganacl|99/100
|move|p2a: Garganacl|Curse|p1a: Garganacl
|-start|p1a: Garganacl|Curse|[of] p2a: Garganacl
|-damage|p2a: Garganacl|31/100
|
|-heal|p1a: Garganacl|100/100|[from] item: Leftovers
|-heal|p2a: Garganacl|38/100|[from] item: Leftovers
|-damage|p1a: Garganacl|75/100|[from] Curse
|-damage|p1a: Garganacl|63/100|[from] Salt Cure
|-damage|p2a: Garganacl|25/100|[from] Salt Cure
|upkeep
|turn|20
|
|t:|1779895469
|move|p2a: Garganacl|Recover|p2a: Garganacl
|-heal|p2a: Garganacl|75/100
|move|p1a: Garganacl|Curse|p1a: Garganacl
|-unboost|p1a: Garganacl|spe|1
|-boost|p1a: Garganacl|atk|1
|-boost|p1a: Garganacl|def|1
|
|-heal|p2a: Garganacl|81/100|[from] item: Leftovers
|-heal|p1a: Garganacl|69/100|[from] item: Leftovers
|-damage|p1a: Garganacl|44/100|[from] Curse
|-damage|p2a: Garganacl|69/100|[from] Salt Cure
|-damage|p1a: Garganacl|32/100|[from] Salt Cure
|upkeep
|turn|21
|
|t:|1779895472
|move|p2a: Garganacl|Salt Cure|p1a: Garganacl
|-damage|p1a: Garganacl|25/100
|move|p1a: Garganacl|Recover|p1a: Garganacl
|-heal|p1a: Garganacl|75/100
|
|-heal|p2a: Garganacl|75/100|[from] item: Leftovers
|-heal|p1a: Garganacl|81/100|[from] item: Leftovers
|-damage|p1a: Garganacl|56/100|[from] Curse
|-damage|p2a: Garganacl|63/100|[from] Salt Cure
|-damage|p1a: Garganacl|44/100|[from] Salt Cure
|upkeep
|turn|22
|
|t:|1779895474
|move|p2a: Garganacl|Recover|p2a: Garganacl
|-heal|p2a: Garganacl|100/100
|move|p1a: Garganacl|Salt Cure|p2a: Garganacl
|-damage|p2a: Garganacl|89/100
|
|-heal|p2a: Garganacl|96/100|[from] item: Leftovers
|-heal|p1a: Garganacl|50/100|[from] item: Leftovers
|-damage|p1a: Garganacl|25/100|[from] Curse
|-damage|p2a: Garganacl|83/100|[from] Salt Cure
|-damage|p1a: Garganacl|13/100|[from] Salt Cure
|upkeep
|turn|23
|
|t:|1779895477
|move|p2a: Garganacl|Salt Cure|p1a: Garganacl
|-damage|p1a: Garganacl|6/100
|move|p1a: Garganacl|Salt Cure|p2a: Garganacl
|-damage|p2a: Garganacl|73/100
|
|-heal|p2a: Garganacl|79/100|[from] item: Leftovers
|-heal|p1a: Garganacl|13/100|[from] item: Leftovers
|-damage|p1a: Garganacl|0 fnt|[from] Curse
|faint|p1a: Garganacl
|-damage|p2a: Garganacl|67/100|[from] Salt Cure
|upkeep
|
|t:|1779895480
|switch|p1a: Heatran|Heatran, M|29/100
|-damage|p1a: Heatran|16/100|[from] Stealth Rock
|-damage|p1a: Heatran|0 fnt|[from] Spikes
|faint|p1a: Heatran
|
|t:|1779895482
|switch|p1a: Gholdengo|Gholdengo|100/100
|-damage|p1a: Gholdengo|94/100|[from] Stealth Rock
|-item|p1a: Gholdengo|Air Balloon
|turn|24
|
|t:|1779895486
|switch|p2a: Gholdengo|Gholdengo|100/100
|-damage|p2a: Gholdengo|94/100|[from] Stealth Rock
|move|p1a: Gholdengo|Nasty Plot|p1a: Gholdengo
|-boost|p1a: Gholdengo|spa|2
|
|upkeep
|turn|25
|
|t:|1779895488
|-terastallize|p1a: Gholdengo|Fairy
|move|p2a: Gholdengo|Shadow Ball|p1a: Gholdengo
|-damage|p1a: Gholdengo|41/100
|-enditem|p1a: Gholdengo|Air Balloon
|move|p1a: Gholdengo|Shadow Ball|p2a: Gholdengo
|-supereffective|p2a: Gholdengo
|-damage|p2a: Gholdengo|0 fnt
|faint|p2a: Gholdengo
|
|upkeep
|
|t:|1779895497
|switch|p2a: Great Tusk|Great Tusk|100/100
|turn|26
|
|t:|1779895499
|switch|p1a: Moltres|Moltres|100/100
|move|p2a: Great Tusk|Rapid Spin|p1a: Moltres
|-damage|p1a: Moltres|91/100
|-boost|p2a: Great Tusk|spe|1
|-sideend|p2: ayerbe|Stealth Rock|[from] move: Rapid Spin|[of] p2a: Great Tusk
|
|upkeep
|turn|27
|
|t:|1779895502
|move|p2a: Great Tusk|Knock Off|p1a: Moltres
|-damage|p1a: Moltres|71/100
|-enditem|p1a: Moltres|Heavy-Duty Boots|[from] move: Knock Off|[of] p2a: Great Tusk
|move|p1a: Moltres|U-turn|p2a: Great Tusk
|-resisted|p2a: Great Tusk
|-damage|p2a: Great Tusk|96/100
|
|t:|1779895503
|switch|p1a: Ogerpon|Ogerpon-Wellspring, F|81/100|[from] U-turn
|-damage|p1a: Ogerpon|69/100|[from] Stealth Rock
|-damage|p1a: Ogerpon|52/100|[from] Spikes
|
|upkeep
|turn|28
|
|t:|1779895508
|move|p2a: Great Tusk|Ice Spinner|p1a: Ogerpon
|-damage|p1a: Ogerpon|19/100
|move|p1a: Ogerpon|Synthesis|p1a: Ogerpon
|-heal|p1a: Ogerpon|69/100
|
|upkeep
|turn|29
|
|t:|1779895510
|move|p2a: Great Tusk|Ice Spinner|p1a: Ogerpon
|-damage|p1a: Ogerpon|37/100
|move|p1a: Ogerpon|Trailblaze|p2a: Great Tusk
|-supereffective|p2a: Great Tusk
|-damage|p2a: Great Tusk|56/100
|-boost|p1a: Ogerpon|spe|1
|
|upkeep
|turn|30
|
|t:|1779895512
|move|p1a: Ogerpon|Synthesis|p1a: Ogerpon
|-heal|p1a: Ogerpon|87/100
|move|p2a: Great Tusk|Ice Spinner|p1a: Ogerpon
|-damage|p1a: Ogerpon|57/100
|
|upkeep
|turn|31
|
|t:|1779895515
|-end|p2a: Great Tusk|Protosynthesis|[silent]
|switch|p2a: Garganacl|Garganacl, M, tera:Ghost|67/100
|move|p1a: Ogerpon|Swords Dance|p1a: Ogerpon
|-boost|p1a: Ogerpon|atk|2
|
|-heal|p2a: Garganacl|73/100|[from] item: Leftovers
|upkeep
|turn|32
|
|t:|1779895517
|move|p1a: Ogerpon|Ivy Cudgel|p2a: Garganacl|[anim] Ivy Cudgel Water
|-damage|p2a: Garganacl|15/100
|move|p2a: Garganacl|Salt Cure|p1a: Ogerpon
|-damage|p1a: Ogerpon|38/100
|-start|p1a: Ogerpon|Salt Cure
|
|-heal|p2a: Garganacl|21/100|[from] item: Leftovers
|-damage|p1a: Ogerpon|13/100|[from] Salt Cure
|upkeep
|turn|33
|
|t:|1779895521
|move|p1a: Ogerpon|Synthesis|p1a: Ogerpon
|-heal|p1a: Ogerpon|63/100
|move|p2a: Garganacl|Recover|p2a: Garganacl
|-heal|p2a: Garganacl|71/100
|
|-heal|p2a: Garganacl|77/100|[from] item: Leftovers
|-damage|p1a: Ogerpon|38/100|[from] Salt Cure
|upkeep
|turn|34
|
|t:|1779895524
|move|p1a: Ogerpon|Ivy Cudgel|p2a: Garganacl|[anim] Ivy Cudgel Water
|-damage|p2a: Garganacl|19/100
|move|p2a: Garganacl|Salt Cure|p1a: Ogerpon
|-damage|p1a: Ogerpon|19/100
|
|-heal|p2a: Garganacl|25/100|[from] item: Leftovers
|-damage|p1a: Ogerpon|0 fnt|[from] Salt Cure
|faint|p1a: Ogerpon
|upkeep
|
|t:|1779895528
|switch|p1a: Gholdengo|Gholdengo, tera:Fairy|41/100
|-damage|p1a: Gholdengo|29/100|[from] Stealth Rock
|-damage|p1a: Gholdengo|12/100|[from] Spikes
|turn|35
|
|t:|1779895535
|move|p1a: Gholdengo|Shadow Ball|p2a: Garganacl
|-supereffective|p2a: Garganacl
|-damage|p2a: Garganacl|0 fnt
|faint|p2a: Garganacl
|
|upkeep
|
|t:|1779895536
|switch|p2a: Scizor|Scizor, M|100/100
|turn|36
|
|t:|1779895538
|move|p2a: Scizor|Bullet Punch|p1a: Gholdengo
|-supereffective|p1a: Gholdengo
|-damage|p1a: Gholdengo|0 fnt
|faint|p1a: Gholdengo
|
|upkeep
|
|t:|1779895540
|switch|p1a: Moltres|Moltres|71/100
|-damage|p1a: Moltres|21/100|[from] Stealth Rock
|turn|37
|
|t:|1779895544
|move|p1a: Moltres|Roost|p1a: Moltres
|-heal|p1a: Moltres|71/100
|-singleturn|p1a: Moltres|move: Roost
|move|p2a: Scizor|Dual Wingbeat|p1a: Moltres|[miss]
|-miss|p2a: Scizor|p1a: Moltres
|
|upkeep
|turn|38
|
|t:|1779895550
|move|p1a: Moltres|Will-O-Wisp|p2a: Scizor
|-status|p2a: Scizor|brn
|move|p2a: Scizor|Dual Wingbeat|p1a: Moltres
|-damage|p1a: Moltres|63/100
|-damage|p1a: Moltres|54/100
|-hitcount|p1a: Moltres|2
|
|-damage|p2a: Scizor|94/100 brn|[from] brn
|upkeep
|turn|39
|
|t:|1779895555
|move|p1a: Moltres|Roost|p1a: Moltres
|-heal|p1a: Moltres|100/100
|-singleturn|p1a: Moltres|move: Roost
|move|p2a: Scizor|U-turn|p1a: Moltres
|-resisted|p1a: Moltres
|-damage|p1a: Moltres|93/100
|
|t:|1779895556
|switch|p2a: Great Tusk|Great Tusk|56/100|[from] U-turn
|
|upkeep
|turn|40
|c|☆SlNGULARlTY|Gg ez
|c|☆SlNGULARlTY|As expected
|
|t:|1779895567
|-end|p2a: Great Tusk|Protosynthesis|[silent]
|switch|p2a: Scizor|Scizor, M|94/100 brn
|move|p1a: Moltres|Will-O-Wisp|p2a: Scizor|[miss]
|-miss|p1a: Moltres|p2a: Scizor
|
|-damage|p2a: Scizor|88/100 brn|[from] brn
|upkeep
|turn|41
|
|t:|1779895570
|move|p1a: Moltres|Flamethrower|p2a: Scizor
|-supereffective|p2a: Scizor
|-damage|p2a: Scizor|0 fnt
|faint|p2a: Scizor
|
|upkeep
|
|t:|1779895571
|switch|p2a: Great Tusk|Great Tusk|56/100
|turn|42
|
|t:|1779895573
|move|p2a: Great Tusk|Knock Off|p1a: Moltres
|-damage|p1a: Moltres|81/100
|-status|p2a: Great Tusk|brn|[from] ability: Flame Body|[of] p1a: Moltres
|move|p1a: Moltres|Will-O-Wisp|p2a: Great Tusk
|-fail|p2a: Great Tusk|brn
|
|-damage|p2a: Great Tusk|49/100 brn|[from] brn
|upkeep
|turn|43
|-message|ayerbe forfeited.
|
|win|SlNGULARlTY
|raw|SlNGULARlTY's rating: 1489 &rarr; <strong>1514</strong><br />(+25 for winning)
|raw|ayerbe's rating: 1587 &rarr; <strong>1562</strong><br />(-25 for losing)
|l|‽ayerbe
|player|p2|
