|j|☆Penguinxdd
|j|☆extra-pseudo man
|t:|1779929347
|gametype|singles
|player|p1|Penguinxdd|veteran|1585
|player|p2|extra-pseudo man|ghetsis-gen5bw|1616
|gen|9
|tier|[Gen 9] OU
|rated|
|rule|HP Percentage Mod: HP is shown in percentages
|rule|Endless Battle Clause: Forcing endless battles is banned
|rule|Species Clause: Limit one of each Pokémon
|rule|OHKO Clause: OHKO moves are banned
|rule|Evasion Items Clause: Evasion items are banned
|rule|Evasion Moves Clause: Evasion moves are banned
|rule|Evasion Abilities Clause: Evasion abilities are banned
|rule|Sleep Moves Clause: Sleep-inducing moves are banned
|clearpoke
|poke|p1|Orthworm, M|
|poke|p1|Hatterene, F|
|poke|p1|Overqwil, F|
|poke|p1|Pelipper, M|
|poke|p1|Zapdos|
|poke|p1|Volcanion|
|poke|p2|Dragonite, M|
|poke|p2|Dragapult, M|
|poke|p2|Tyranitar, M|
|poke|p2|Metagross|
|poke|p2|Goodra-Hisui, M|
|poke|p2|Garchomp, F|
|teampreview
|inactive|Battle timer is ON: inactive players will automatically lose when time's up. (requested by extra-pseudo man)
|c|☆extra-pseudo man|cool team
|inactive|extra-pseudo man has 120 seconds left.
|c|☆Penguinxdd|It was the wrong one vrooo 😭
|c|☆Penguinxdd|still a cool one doe
|
|t:|1779929392
|teamsize|p1|6
|teamsize|p2|6
|start
|switch|p1a: Hatterene|Hatterene, F|100/100
|switch|p2a: Kabloom|Metagross|100/100
|turn|1
|
|t:|1779929397
|switch|p1a: Orthworm|Orthworm, M|100/100
|move|p2a: Kabloom|Heavy Slam|p1a: Orthworm
|-resisted|p1a: Orthworm
|-damage|p1a: Orthworm|89/100
|-damage|p2a: Kabloom|84/100|[from] item: Rocky Helmet|[of] p1a: Orthworm
|
|upkeep
|turn|2
|
|t:|1779929414
|switch|p2a: Spiky man|Garchomp, F|100/100
|move|p1a: Orthworm|Stealth Rock|p2a: Spiky man
|-sidestart|p2: extra-pseudo man|move: Stealth Rock
|
|upkeep
|turn|3
|
|t:|1779929419
|switch|p1a: Hatterene|Hatterene, F|100/100
|move|p2a: Spiky man|Fire Fang|p1a: Hatterene
|-damage|p1a: Hatterene|85/100
|-enditem|p1a: Hatterene|Eject Button
|
|t:|1779929427
|switch|p1a: Orthworm|Orthworm, M|89/100
|
|upkeep
|turn|4
|c|☆extra-pseudo man|orth plus hat is cool
|
|t:|1779929434
|move|p2a: Spiky man|Spikes|p1a: Orthworm
|-sidestart|p1: Penguinxdd|Spikes
|move|p1a: Orthworm|Metal Burst||[still]
|-fail|p1a: Orthworm
|
|upkeep
|turn|5
|
|t:|1779929442
|switch|p1a: Hatterene|Hatterene, F|85/100
|-damage|p1a: Hatterene|73/100|[from] Spikes
|move|p2a: Spiky man|Fire Fang|p1a: Hatterene
|-damage|p1a: Hatterene|57/100
|
|upkeep
|turn|6
|
|t:|1779929450
|move|p2a: Spiky man|Fire Fang|p1a: Hatterene
|-damage|p1a: Hatterene|40/100
|move|p1a: Hatterene|Dazzling Gleam|p2a: Spiky man
|-supereffective|p2a: Spiky man
|-damage|p2a: Spiky man|33/100
|
|upkeep
|turn|7
|
|t:|1779929454
|switch|p2a: Big Man|Tyranitar, M|100/100
|-damage|p2a: Big Man|88/100|[from] Stealth Rock
|-weather|Sandstorm|[from] ability: Sand Stream|[of] p2a: Big Man
|move|p1a: Hatterene|Dazzling Gleam|p2a: Big Man
|-supereffective|p2a: Big Man
|-damage|p2a: Big Man|59/100
|
|-weather|Sandstorm|[upkeep]
|-damage|p1a: Hatterene|34/100|[from] Sandstorm
|-heal|p2a: Big Man|66/100|[from] item: Leftovers
|upkeep
|turn|8
|
|t:|1779929464
|switch|p1a: Orthworm|Orthworm, M|89/100
|-damage|p1a: Orthworm|76/100|[from] Spikes
|move|p2a: Big Man|Knock Off|p1a: Orthworm
|-damage|p1a: Orthworm|49/100
|-damage|p2a: Big Man|49/100|[from] item: Rocky Helmet|[of] p1a: Orthworm
|-enditem|p1a: Orthworm|Rocky Helmet|[from] move: Knock Off|[of] p2a: Big Man
|
|-weather|Sandstorm|[upkeep]
|-heal|p2a: Big Man|55/100|[from] item: Leftovers
|upkeep
|turn|9
|
|t:|1779929474
|switch|p2a: Spiky man|Garchomp, F|33/100
|-damage|p2a: Spiky man|27/100|[from] Stealth Rock
|move|p1a: Orthworm|Body Press|p2a: Spiky man
|-damage|p2a: Spiky man|7/100
|-damage|p1a: Orthworm|36/100|[from] ability: Rough Skin|[of] p2a: Spiky man
|-damage|p1a: Orthworm|20/100|[from] item: Rocky Helmet|[of] p2a: Spiky man
|
|-weather|Sandstorm|[upkeep]
|upkeep
|turn|10
|
|t:|1779929481
|move|p2a: Spiky man|Fire Fang|p1a: Orthworm|[miss]
|-miss|p2a: Spiky man|p1a: Orthworm
|move|p1a: Orthworm|Body Press|p2a: Spiky man
|-damage|p2a: Spiky man|0 fnt
|-damage|p1a: Orthworm|7/100|[from] ability: Rough Skin|[of] p2a: Spiky man
|-damage|p1a: Orthworm|0 fnt|[from] item: Rocky Helmet|[of] p2a: Spiky man
|faint|p2a: Spiky man
|faint|p1a: Orthworm
|
|-weather|Sandstorm|[upkeep]
|upkeep
|
|t:|1779929487
|switch|p2a: The goot|Goodra-Hisui, M|100/100
|switch|p1a: Pelipper|Pelipper, M|100/100
|-damage|p2a: The goot|94/100|[from] Stealth Rock
|-weather|RainDance|[from] ability: Drizzle|[of] p1a: Pelipper
|turn|11
|
|t:|1779929491
|move|p2a: The goot|Thunderbolt|p1a: Pelipper
|-supereffective|p1a: Pelipper
|-damage|p1a: Pelipper|0 fnt
|faint|p1a: Pelipper
|
|-weather|RainDance|[upkeep]
|upkeep
|
|t:|1779929501
|switch|p1a: Volcanion|Volcanion|100/100
|turn|12
|
|t:|1779929505
|move|p1a: Volcanion|Steam Eruption|p2a: The goot
|-resisted|p2a: The goot
|-crit|p2a: The goot
|-damage|p2a: The goot|38/100
|move|p2a: The goot|Thunderbolt|p1a: Volcanion
|-supereffective|p1a: Volcanion
|-damage|p1a: Volcanion|0 fnt
|faint|p1a: Volcanion
|
|-weather|RainDance|[upkeep]
|upkeep
|
|t:|1779929509
|switch|p1a: Overqwil|Overqwil, F|100/100
|-damage|p1a: Overqwil|88/100|[from] Spikes
|turn|13
|
|t:|1779929512
|move|p1a: Overqwil|Crunch|p2a: The goot
|-damage|p2a: The goot|0 fnt
|-ability|p2a: The goot|Gooey
|-unboost|p1a: Overqwil|spe|1
|faint|p2a: The goot
|-damage|p1a: Overqwil|78/100|[from] item: Life Orb
|
|-weather|RainDance|[upkeep]
|upkeep
|
|t:|1779929517
|switch|p2a: Big Man|Tyranitar, M|55/100
|-damage|p2a: Big Man|43/100|[from] Stealth Rock
|-weather|Sandstorm|[from] ability: Sand Stream|[of] p2a: Big Man
|turn|14
|
|t:|1779929526
|switch|p2a: Kabloom|Metagross|84/100
|-damage|p2a: Kabloom|78/100|[from] Stealth Rock
|move|p1a: Overqwil|Liquidation|p2a: Kabloom
|-damage|p2a: Kabloom|48/100
|-damage|p1a: Overqwil|68/100|[from] item: Life Orb
|
|-weather|Sandstorm|[upkeep]
|-damage|p1a: Overqwil|62/100|[from] Sandstorm
|upkeep
|turn|15
|
|t:|1779929530
|move|p2a: Kabloom|Heavy Slam|p1a: Overqwil
|-damage|p1a: Overqwil|0 fnt
|faint|p1a: Overqwil
|
|-weather|Sandstorm|[upkeep]
|upkeep
|
|t:|1779929532
|switch|p1a: Zapdos|Zapdos|100/100
|turn|16
|
|t:|1779929537
|switch|p2a: Big Man|Tyranitar, M|43/100
|-damage|p2a: Big Man|30/100|[from] Stealth Rock
|move|p1a: Zapdos|Volt Switch|p2a: Big Man
|-damage|p2a: Big Man|15/100
|
|t:|1779929538
|switch|p1a: Hatterene|Hatterene, F|34/100|[from] Volt Switch
|-damage|p1a: Hatterene|22/100|[from] Spikes
|
|-weather|Sandstorm|[upkeep]
|-damage|p1a: Hatterene|16/100|[from] Sandstorm
|-heal|p2a: Big Man|21/100|[from] item: Leftovers
|upkeep
|turn|17
|
|t:|1779929541
|move|p2a: Big Man|Knock Off|p1a: Hatterene
|-damage|p1a: Hatterene|0 fnt
|faint|p1a: Hatterene
|
|-weather|Sandstorm|[upkeep]
|-heal|p2a: Big Man|27/100|[from] item: Leftovers
|upkeep
|
|t:|1779929542
|switch|p1a: Zapdos|Zapdos|100/100
|turn|18
|-message|Penguinxdd forfeited.
|
|win|extra-pseudo man
|raw|Penguinxdd's rating: 1585 &rarr; <strong>1567</strong><br />(-18 for losing)
|raw|extra-pseudo man's rating: 1616 &rarr; <strong>1634</strong><br />(+18 for winning)
|l|☆Penguinxdd
|player|p1|
|l|☆extra-pseudo man
|player|p2|
