|j|☆glorpsz6794
|j|☆macih67411
|t:|1779819739
|gametype|singles
|player|p1|glorpsz6794|266|
|player|p2|macih67411|blackbelt-gen4dp|
|gen|9
|tier|[Gen 9] OU
|rule|HP Percentage Mod: HP is shown in percentages
|rule|Endless Battle Clause: Forcing endless battles is banned
|rule|Species Clause: Limit one of each Pokémon
|rule|OHKO Clause: OHKO moves are banned
|rule|Evasion Items Clause: Evasion items are banned
|rule|Evasion Moves Clause: Evasion moves are banned
|rule|Evasion Abilities Clause: Evasion abilities are banned
|rule|Sleep Moves Clause: Sleep-inducing moves are banned
|clearpoke
|poke|p1|Dragonite, F|
|poke|p1|Corviknight, F|
|poke|p1|Great Tusk|
|poke|p1|Primarina, F|
|poke|p1|Deoxys-Speed|
|poke|p1|Clefable, F|
|poke|p2|Regieleki|
|poke|p2|Great Tusk|
|poke|p2|Dragapult, M|
|poke|p2|Skeledirge, F|
|poke|p2|Necrozma|
|poke|p2|Glimmora, F|
|teampreview
|l|☆glorpsz6794
|player|p1|
|j|☆glorpsz6794
|player|p1|glorpsz6794|266|
|c|☆glorpsz6794|Wow this is gay
|
|t:|1779819791
|teamsize|p1|6
|teamsize|p2|6
|start
|switch|p1a: Sasuke|Corviknight, F, shiny|100/100
|switch|p2a: Skeledirge|Skeledirge, F|100/100
|turn|1
|
|t:|1779819800
|switch|p1a: Goat tusk|Great Tusk|100/100
|move|p2a: Skeledirge|Torch Song|p1a: Goat tusk
|-damage|p1a: Goat tusk|44/100
|-boost|p2a: Skeledirge|spa|1
|
|upkeep
|turn|2
|
|t:|1779819811
|move|p2a: Skeledirge|Torch Song|p1a: Goat tusk
|-damage|p1a: Goat tusk|0 fnt
|-boost|p2a: Skeledirge|spa|1
|faint|p1a: Goat tusk
|-end|p1a: Goat tusk|Protosynthesis|[silent]
|
|upkeep
|c|☆macih67411|Yees
|
|t:|1779819819
|switch|p1a: Rock lee|Deoxys-Speed, shiny|100/100
|-ability|p1a: Rock lee|Pressure
|turn|3
|
|t:|1779819840
|move|p1a: Rock lee|Shadow Ball|p2a: Skeledirge
|-supereffective|p2a: Skeledirge
|-damage|p2a: Skeledirge|14/100
|-damage|p1a: Rock lee|91/100|[from] item: Life Orb
|move|p2a: Skeledirge|Torch Song|p1a: Rock lee
|-damage|p1a: Rock lee|0 fnt
|-boost|p2a: Skeledirge|spa|1
|faint|p1a: Rock lee
|
|upkeep
|
|t:|1779819851
|switch|p1a: Da knight|Dragonite, F|100/100
|turn|4
|
|t:|1779819855
|move|p2a: Skeledirge|Torch Song|p1a: Da knight
|-resisted|p1a: Da knight
|-damage|p1a: Da knight|72/100
|-boost|p2a: Skeledirge|spa|1
|move|p1a: Da knight|Scale Shot|p2a: Skeledirge|[miss]
|-miss|p1a: Da knight|p2a: Skeledirge
|
|upkeep
|turn|5
|c|☆glorpsz6794|HOWWWWWW
|
|t:|1779819873
|move|p2a: Skeledirge|Torch Song|p1a: Da knight
|-resisted|p1a: Da knight
|-damage|p1a: Da knight|10/100
|-boost|p2a: Skeledirge|spa|1
|move|p1a: Da knight|Scale Shot|p2a: Skeledirge
|-damage|p2a: Skeledirge|0 fnt
|faint|p2a: Skeledirge
|-hitcount|p2: Skeledirge|1
|-unboost|p1a: Da knight|def|1
|-boost|p1a: Da knight|spe|1
|
|upkeep
|
|t:|1779819880
|switch|p2a: Great Tusk|Great Tusk|100/100
|-enditem|p2a: Great Tusk|Booster Energy
|-activate|p2a: Great Tusk|ability: Protosynthesis|[fromitem]
|-start|p2a: Great Tusk|protosynthesisatk
|turn|6
|
|t:|1779819889
|move|p1a: Da knight|Scale Shot|p2a: Great Tusk|[miss]
|-miss|p1a: Da knight|p2a: Great Tusk
|move|p2a: Great Tusk|Bulk Up|p2a: Great Tusk
|-boost|p2a: Great Tusk|atk|1
|-boost|p2a: Great Tusk|def|1
|
|upkeep
|turn|7
|
|t:|1779819896
|move|p1a: Da knight|Scale Shot|p2a: Great Tusk
|-damage|p2a: Great Tusk|94/100
|-damage|p2a: Great Tusk|86/100
|-damage|p2a: Great Tusk|79/100
|-damage|p2a: Great Tusk|71/100
|-damage|p2a: Great Tusk|64/100
|-hitcount|p2a: Great Tusk|5
|-unboost|p1a: Da knight|def|1
|-boost|p1a: Da knight|spe|1
|move|p2a: Great Tusk|Ice Spinner|p1a: Da knight
|-supereffective|p1a: Da knight
|-damage|p1a: Da knight|0 fnt
|faint|p1a: Da knight
|
|upkeep
|
|t:|1779819909
|switch|p1a: Athena|Primarina, F, shiny|100/100
|turn|8
|
|t:|1779819919
|move|p2a: Great Tusk|High Horsepower|p1a: Athena
|-damage|p1a: Athena|9/100
|move|p1a: Athena|Psychic Noise|p2a: Great Tusk
|-supereffective|p2a: Great Tusk
|-damage|p2a: Great Tusk|0 fnt
|faint|p2a: Great Tusk
|-end|p2a: Great Tusk|Protosynthesis|[silent]
|
|-heal|p1a: Athena|15/100|[from] item: Leftovers
|upkeep
|
|t:|1779819930
|switch|p2a: Dragapult|Dragapult, M|100/100
|turn|9
|
|t:|1779819936
|-terastallize|p2a: Dragapult|Water
|move|p2a: Dragapult|Hex|p1a: Athena
|-damage|p1a: Athena|0 fnt
|faint|p1a: Athena
|
|upkeep
|
|t:|1779819945
|switch|p1a: Hinata|Clefable, F, shiny|100/100
|turn|10
|
|t:|1779819953
|-terastallize|p1a: Hinata|Poison
|move|p2a: Dragapult|Hex|p1a: Hinata
|-damage|p1a: Hinata|78/100
|move|p1a: Hinata|Thunder Wave|p2a: Dragapult
|-status|p2a: Dragapult|par
|
|upkeep
|turn|11
|
|t:|1779819963
|move|p1a: Hinata|Moonblast|p2a: Dragapult
|-damage|p2a: Dragapult|70/100 par
|move|p2a: Dragapult|Dragon Tail|p1a: Hinata
|-damage|p1a: Hinata|56/100
|drag|p1a: Sasuke|Corviknight, F, shiny|100/100
|
|upkeep
|turn|12
|
|t:|1779819973
|move|p1a: Sasuke|Tailwind|p1a: Sasuke
|-sidestart|p1: glorpsz6794|move: Tailwind
|move|p2a: Dragapult|Hydro Pump|p1a: Sasuke
|-damage|p1a: Sasuke|63/100
|
|upkeep
|turn|13
|
|t:|1779819977
|move|p1a: Sasuke|U-turn|p2a: Dragapult
|-damage|p2a: Dragapult|48/100 par
|
|t:|1779819979
|switch|p1a: Hinata|Clefable, F, shiny, tera:Poison|56/100|[from] U-turn
|move|p2a: Dragapult|Hydro Pump|p1a: Hinata
|-damage|p1a: Hinata|19/100
|
|upkeep
|turn|14
|
|t:|1779819985
|move|p1a: Hinata|Moonlight|p1a: Hinata
|-heal|p1a: Hinata|69/100
|move|p2a: Dragapult|Hydro Pump|p1a: Hinata
|-damage|p1a: Hinata|32/100
|
|upkeep
|turn|15
|
|t:|1779819991
|move|p1a: Hinata|Moonblast|p2a: Dragapult
|-damage|p2a: Dragapult|22/100 par
|move|p2a: Dragapult|Hydro Pump|p1a: Hinata
|-damage|p1a: Hinata|0 fnt
|faint|p1a: Hinata
|
|-sideend|p1: glorpsz6794|move: Tailwind
|upkeep
|
|t:|1779819996
|switch|p1a: Sasuke|Corviknight, F, shiny|63/100
|turn|16
|
|t:|1779820000
|move|p1a: Sasuke|Iron Head|p2a: Dragapult
|-resisted|p2a: Dragapult
|-damage|p2a: Dragapult|4/100 par
|cant|p2a: Dragapult|flinch
|
|upkeep
|turn|17
|
|t:|1779820005
|move|p1a: Sasuke|Iron Head|p2a: Dragapult
|-resisted|p2a: Dragapult
|-damage|p2a: Dragapult|0 fnt
|faint|p2a: Dragapult
|
|upkeep
|
|t:|1779820006
|switch|p2a: Regieleki|Regieleki|100/100
|turn|18
|
|t:|1779820016
|move|p2a: Regieleki|Supercell Slam|p1a: Sasuke
|-supereffective|p1a: Sasuke
|-damage|p1a: Sasuke|0 fnt
|faint|p1a: Sasuke
|
|win|macih67411
