|j|☆crust king kahn
|j|☆PieCubed^3
|t:|1779945935
|gametype|singles
|player|p1|crust king kahn|1|1415
|player|p2|PieCubed^3|hilda-wonderlauncher|1414
|gen|9
|tier|[Gen 9] OU
|rated|
|rule|HP Percentage Mod: HP is shown in percentages
|rule|Endless Battle Clause: Forcing endless battles is banned
|rule|Species Clause: Limit one of each Pokémon
|rule|OHKO Clause: OHKO moves are banned
|rule|Evasion Items Clause: Evasion items are banned
|rule|Evasion Moves Clause: Evasion moves are banned
|rule|Evasion Abilities Clause: Evasion abilities are banned
|rule|Sleep Moves Clause: Sleep-inducing moves are banned
|clearpoke
|poke|p1|Alomomola, M|
|poke|p1|Kingambit, F|
|poke|p1|Great Tusk|
|poke|p1|Dragapult, M|
|poke|p1|Pawmot, M|
|poke|p1|Cinderace, F|
|poke|p2|Ninetales, M|
|poke|p2|Raging Bolt|
|poke|p2|Ceruledge, M|
|poke|p2|Leafeon, M|
|poke|p2|Great Tusk|
|poke|p2|Comfey, M|
|teampreview
|
|t:|1779945944
|teamsize|p1|6
|teamsize|p2|6
|start
|switch|p1a: Cinderace|Cinderace, F|100/100
|switch|p2a: Ninetales|Ninetales, M|100/100
|-weather|SunnyDay|[from] ability: Drought|[of] p2a: Ninetales
|turn|1
|
|t:|1779945951
|switch|p2a: Great Tusk|Great Tusk|100/100
|-activate|p2a: Great Tusk|ability: Protosynthesis
|-start|p2a: Great Tusk|protosynthesisspe
|move|p1a: Cinderace|Pyro Ball|p2a: Great Tusk|[miss]
|-miss|p1a: Cinderace|p2a: Great Tusk
|
|-weather|SunnyDay|[upkeep]
|upkeep
|turn|2
|inactive|Battle timer is ON: inactive players will automatically lose when time's up. (requested by PieCubed^3)
|
|t:|1779945958
|switch|p1a: Alomomola|Alomomola, M|100/100
|move|p2a: Great Tusk|Headlong Rush|p1a: Alomomola
|-damage|p1a: Alomomola|61/100
|-unboost|p2a: Great Tusk|def|1
|-unboost|p2a: Great Tusk|spd|1
|
|-weather|SunnyDay|[upkeep]
|upkeep
|turn|3
|
|t:|1779945968
|-end|p2a: Great Tusk|Protosynthesis|[silent]
|switch|p2a: Leafeon|Leafeon, M|100/100
|move|p1a: Alomomola|Flip Turn|p2a: Leafeon
|-resisted|p2a: Leafeon
|-damage|p2a: Leafeon|97/100
|
|t:|1779945973
|switch|p1a: Cinderace|Cinderace, F|100/100|[from] Flip Turn
|
|-weather|SunnyDay|[upkeep]
|upkeep
|turn|4
|
|t:|1779945987
|switch|p2a: Ceruledge|Ceruledge, M|100/100
|-item|p2a: Ceruledge|Air Balloon
|move|p1a: Cinderace|Pyro Ball|p2a: Ceruledge|[miss]
|-miss|p1a: Cinderace|p2a: Ceruledge
|
|-weather|SunnyDay|[upkeep]
|upkeep
|turn|5
|
|t:|1779945995
|switch|p1a: Great Tusk|Great Tusk|100/100
|-activate|p1a: Great Tusk|ability: Protosynthesis
|-start|p1a: Great Tusk|protosynthesisdef
|move|p2a: Ceruledge|Swords Dance|p2a: Ceruledge
|-boost|p2a: Ceruledge|atk|2
|
|-weather|SunnyDay|[upkeep]
|upkeep
|turn|6
|j| Kakimori
|
|t:|1779946011
|move|p2a: Ceruledge|Bitter Blade|p1a: Great Tusk
|-damage|p1a: Great Tusk|51/100
|-damage|p2a: Ceruledge|84/100|[from] item: Rocky Helmet|[of] p1a: Great Tusk
|move|p1a: Great Tusk|Stealth Rock|p2a: Ceruledge
|-sidestart|p2: PieCubed^3|move: Stealth Rock
|
|-weather|SunnyDay|[upkeep]
|upkeep
|turn|7
|
|t:|1779946020
|move|p2a: Ceruledge|Bitter Blade|p1a: Great Tusk
|-damage|p1a: Great Tusk|0 fnt
|-heal|p2a: Ceruledge|100/100|[from] drain|[of] p1a: Great Tusk
|-damage|p2a: Ceruledge|84/100|[from] item: Rocky Helmet|[of] p1a: Great Tusk
|faint|p1a: Great Tusk
|-end|p1a: Great Tusk|Protosynthesis|[silent]
|
|-weather|SunnyDay|[upkeep]
|upkeep
|
|t:|1779946024
|switch|p1a: Cinderace|Cinderace, F|100/100
|turn|8
|
|t:|1779946028
|move|p1a: Cinderace|Sucker Punch|p2a: Ceruledge
|-start|p1a: Cinderace|typechange|Dark|[from] ability: Libero
|-supereffective|p2a: Ceruledge
|-damage|p2a: Ceruledge|0 fnt
|-enditem|p2a: Ceruledge|Air Balloon
|faint|p2a: Ceruledge
|
|-weather|none
|upkeep
|
|t:|1779946036
|switch|p2a: Raging Bolt|Raging Bolt|100/100
|-damage|p2a: Raging Bolt|88/100|[from] Stealth Rock
|turn|9
|
|t:|1779946040
|switch|p1a: Pawmot|Pawmot, M|100/100
|move|p2a: Raging Bolt|Volt Switch|p1a: Pawmot
|-resisted|p1a: Pawmot
|-damage|p1a: Pawmot|54/100
|
|t:|1779946050
|-end|p2a: Raging Bolt|Protosynthesis|[silent]
|switch|p2a: Comfey|Comfey, M|100/100|[from] Volt Switch
|-damage|p2a: Comfey|88/100|[from] Stealth Rock
|
|upkeep
|turn|10
|
|t:|1779946054
|move|p2a: Comfey|Draining Kiss|p1a: Pawmot
|-supereffective|p1a: Pawmot
|-damage|p1a: Pawmot|0 fnt
|-heal|p2a: Comfey|100/100|[from] drain|[of] p1a: Pawmot
|faint|p1a: Pawmot
|-damage|p2a: Comfey|91/100|[from] item: Life Orb
|
|upkeep
|
|t:|1779946058
|switch|p1a: Cinderace|Cinderace, F|100/100
|turn|11
|
|t:|1779946064
|switch|p2a: Ninetales|Ninetales, M|100/100
|-damage|p2a: Ninetales|76/100|[from] Stealth Rock
|-weather|SunnyDay|[from] ability: Drought|[of] p2a: Ninetales
|-terastallize|p1a: Cinderace|Fire
|move|p1a: Cinderace|Pyro Ball|p2a: Ninetales|[miss]
|-miss|p1a: Cinderace|p2a: Ninetales
|
|-weather|SunnyDay|[upkeep]
|upkeep
|turn|12
|c|☆PieCubed^3|rough
|
|t:|1779946087
|move|p1a: Cinderace|Pyro Ball|p2a: Ninetales
|-resisted|p2a: Ninetales
|-crit|p2a: Ninetales
|-damage|p2a: Ninetales|0 fnt
|faint|p2a: Ninetales
|
|-weather|SunnyDay|[upkeep]
|upkeep
|
|t:|1779946097
|switch|p2a: Raging Bolt|Raging Bolt|88/100
|-damage|p2a: Raging Bolt|76/100|[from] Stealth Rock
|-activate|p2a: Raging Bolt|ability: Protosynthesis
|-start|p2a: Raging Bolt|protosynthesisspa
|turn|13
|
|t:|1779946103
|move|p1a: Cinderace|Pyro Ball|p2a: Raging Bolt
|-resisted|p2a: Raging Bolt
|-damage|p2a: Raging Bolt|0 fnt
|faint|p2a: Raging Bolt
|-end|p2a: Raging Bolt|Protosynthesis|[silent]
|
|-weather|SunnyDay|[upkeep]
|upkeep
|
|t:|1779946109
|switch|p2a: Great Tusk|Great Tusk|100/100
|-activate|p2a: Great Tusk|ability: Protosynthesis
|-start|p2a: Great Tusk|protosynthesisspe
|turn|14
|
|t:|1779946113
|-end|p2a: Great Tusk|Protosynthesis|[silent]
|switch|p2a: Leafeon|Leafeon, M|97/100
|-damage|p2a: Leafeon|85/100|[from] Stealth Rock
|switch|p1a: Alomomola|Alomomola, M|95/100
|
|-weather|SunnyDay|[upkeep]
|upkeep
|turn|15
|
|t:|1779946120
|move|p2a: Leafeon|Swords Dance|p2a: Leafeon
|-boost|p2a: Leafeon|atk|2
|move|p1a: Alomomola|Flip Turn|p2a: Leafeon
|-resisted|p2a: Leafeon
|-damage|p2a: Leafeon|81/100
|
|t:|1779946122
|switch|p1a: Dragapult|Dragapult, M|100/100|[from] Flip Turn
|
|-weather|SunnyDay|[upkeep]
|upkeep
|turn|16
|
|t:|1779946131
|move|p2a: Leafeon|Knock Off|p1a: Dragapult
|-supereffective|p1a: Dragapult
|-damage|p1a: Dragapult|0 fnt
|-enditem|p1a: Dragapult|Choice Specs|[from] move: Knock Off|[of] p2a: Leafeon
|faint|p1a: Dragapult
|-damage|p2a: Leafeon|71/100|[from] item: Life Orb
|
|-weather|SunnyDay|[upkeep]
|upkeep
|
|t:|1779946136
|switch|p1a: Kingambit|Kingambit, F|100/100
|-activate|p1a: Kingambit|ability: Supreme Overlord
|-start|p1a: Kingambit|fallen3|[silent]
|-item|p1a: Kingambit|Air Balloon
|turn|17
|
|t:|1779946141
|move|p2a: Leafeon|Solar Blade||[still]
|-prepare|p2a: Leafeon|Solar Blade
|-anim|p2a: Leafeon|Solar Blade|p1a: Kingambit
|-resisted|p1a: Kingambit
|-damage|p1a: Kingambit|41/100
|-enditem|p1a: Kingambit|Air Balloon
|-damage|p2a: Leafeon|61/100|[from] item: Life Orb
|move|p1a: Kingambit|Swords Dance|p1a: Kingambit
|-boost|p1a: Kingambit|atk|2
|
|-weather|SunnyDay|[upkeep]
|upkeep
|turn|18
|
|t:|1779946160
|switch|p2a: Great Tusk|Great Tusk|100/100
|-activate|p2a: Great Tusk|ability: Protosynthesis
|-start|p2a: Great Tusk|protosynthesisspe
|move|p1a: Kingambit|Sucker Punch||[still]
|-fail|p1a: Kingambit
|
|-weather|none
|-end|p2a: Great Tusk|Protosynthesis
|upkeep
|turn|19
|
|t:|1779946178
|move|p2a: Great Tusk|Bulk Up|p2a: Great Tusk
|-boost|p2a: Great Tusk|atk|1
|-boost|p2a: Great Tusk|def|1
|move|p1a: Kingambit|Iron Head|p2a: Great Tusk
|-damage|p2a: Great Tusk|48/100
|
|upkeep
|turn|20
|
|t:|1779946187
|move|p2a: Great Tusk|Headlong Rush|p1a: Kingambit
|-supereffective|p1a: Kingambit
|-damage|p1a: Kingambit|0 fnt
|-unboost|p2a: Great Tusk|def|1
|-unboost|p2a: Great Tusk|spd|1
|faint|p1a: Kingambit
|-end|p1a: Kingambit|fallen3|[silent]
|
|upkeep
|
|t:|1779946189
|switch|p1a: Cinderace|Cinderace, F, tera:Fire|100/100
|turn|21
|
|t:|1779946196
|-end|p2a: Great Tusk|Protosynthesis|[silent]
|switch|p2a: Leafeon|Leafeon, M|61/100
|-damage|p2a: Leafeon|49/100|[from] Stealth Rock
|move|p1a: Cinderace|Pyro Ball|p2a: Leafeon|[miss]
|-miss|p1a: Cinderace|p2a: Leafeon
|
|upkeep
|turn|22
|c|☆PieCubed^3|1 more miss
|c|☆PieCubed^3|inshallah
|c|☆crust king kahn|man i love this game
|
|t:|1779946208
|move|p1a: Cinderace|Pyro Ball|p2a: Leafeon
|-supereffective|p2a: Leafeon
|-damage|p2a: Leafeon|0 fnt
|faint|p2a: Leafeon
|
|upkeep
|
|t:|1779946211
|switch|p2a: Comfey|Comfey, M|91/100
|-damage|p2a: Comfey|78/100|[from] Stealth Rock
|turn|23
|
|t:|1779946221
|-terastallize|p2a: Comfey|Water
|move|p1a: Cinderace|Pyro Ball|p2a: Comfey
|-resisted|p2a: Comfey
|-damage|p2a: Comfey|4/100
|move|p2a: Comfey|Growth|p2a: Comfey
|-boost|p2a: Comfey|atk|1
|-boost|p2a: Comfey|spa|1
|
|upkeep
|turn|24
|
|t:|1779946228
|move|p2a: Comfey|Draining Kiss|p1a: Cinderace
|-resisted|p1a: Cinderace
|-damage|p1a: Cinderace|69/100
|-heal|p2a: Comfey|27/100|[from] drain|[of] p1a: Cinderace
|-damage|p2a: Comfey|17/100|[from] item: Life Orb
|-activate|p1a: Cinderace|move: Struggle
|move|p1a: Cinderace|Struggle|p2a: Comfey
|-damage|p2a: Comfey|0 fnt
|faint|p2a: Comfey
|-damage|p1a: Cinderace|44/100|[from] recoil
|
|upkeep
|c| Kakimori|op moves come with accuracy cost
|
|t:|1779946238
|switch|p2a: Great Tusk|Great Tusk|48/100
|turn|25
|c|☆crust king kahn|its 90%
|
|t:|1779946248
|switch|p1a: Alomomola|Alomomola, M|100/100
|move|p2a: Great Tusk|Bulk Up|p2a: Great Tusk
|-boost|p2a: Great Tusk|atk|1
|-boost|p2a: Great Tusk|def|1
|
|upkeep
|turn|26
|
|t:|1779946257
|move|p2a: Great Tusk|Bulk Up|p2a: Great Tusk
|-boost|p2a: Great Tusk|atk|1
|-boost|p2a: Great Tusk|def|1
|move|p1a: Alomomola|Flip Turn|p2a: Great Tusk
|-supereffective|p2a: Great Tusk
|-damage|p2a: Great Tusk|38/100
|
|t:|1779946263
|switch|p1a: Cinderace|Cinderace, F, tera:Fire|44/100|[from] Flip Turn
|
|upkeep
|turn|27
|
|t:|1779946273
|switch|p1a: Alomomola|Alomomola, M|100/100
|move|p2a: Great Tusk|Rapid Spin|p1a: Alomomola
|-damage|p1a: Alomomola|79/100
|-boost|p2a: Great Tusk|spe|1
|-sideend|p2: PieCubed^3|Stealth Rock|[from] move: Rapid Spin|[of] p2a: Great Tusk
|
|upkeep
|turn|28
|
|t:|1779946277
|move|p2a: Great Tusk|Bulk Up|p2a: Great Tusk
|-boost|p2a: Great Tusk|atk|1
|-boost|p2a: Great Tusk|def|1
|move|p1a: Alomomola|Flip Turn|p2a: Great Tusk
|-supereffective|p2a: Great Tusk
|-damage|p2a: Great Tusk|29/100
|-message|crust king kahn forfeited.
|
|win|PieCubed^3
|raw|crust king kahn's rating: 1415 &rarr; <strong>1395</strong><br />(-20 for losing)
|raw|PieCubed^3's rating: 1414 &rarr; <strong>1434</strong><br />(+20 for winning)
|l|☆crust king kahn
|player|p1|
|l| Kakimori
|l|☆PieCubed^3
|player|p2|
