|j|☆newgaem
|j|☆karothis
|t:|1779872067
|gametype|singles
|player|p1|newgaem|blue|1342
|player|p2|karothis|101|1328
|gen|9
|tier|[Gen 9] OU
|rated|
|rule|HP Percentage Mod: HP is shown in percentages
|rule|Endless Battle Clause: Forcing endless battles is banned
|rule|Species Clause: Limit one of each Pokémon
|rule|OHKO Clause: OHKO moves are banned
|rule|Evasion Items Clause: Evasion items are banned
|rule|Evasion Moves Clause: Evasion moves are banned
|rule|Evasion Abilities Clause: Evasion abilities are banned
|rule|Sleep Moves Clause: Sleep-inducing moves are banned
|clearpoke
|poke|p1|Armarouge, F|
|poke|p1|Kingambit, F|
|poke|p1|Iron Valiant|
|poke|p1|Ceruledge, F|
|poke|p1|Mimikyu, M|
|poke|p1|Cyclizar, M|
|poke|p2|Quagsire, F|
|poke|p2|Toxapex, M|
|poke|p2|Blissey, F|
|poke|p2|Corviknight, M|
|poke|p2|Clefable, F|
|poke|p2|Hydrapple, M|
|teampreview
|
|t:|1779872085
|teamsize|p1|6
|teamsize|p2|6
|start
|switch|p1a: Fefnir|Armarouge, F, shiny|100/100
|switch|p2a: Hydrapple|Hydrapple, M|100/100
|turn|1
|
|t:|1779872092
|move|p1a: Fefnir|Armor Cannon|p2a: Hydrapple
|-damage|p2a: Hydrapple|45/100
|-unboost|p1a: Fefnir|def|1
|-unboost|p1a: Fefnir|spd|1
|move|p2a: Hydrapple|Earth Power|p1a: Fefnir
|-supereffective|p1a: Fefnir
|-enditem|p1a: Fefnir|Focus Sash
|-damage|p1a: Fefnir|1/100
|
|upkeep
|turn|2
|
|t:|1779872102
|switch|p2a: Quagsire|Quagsire, F|100/100
|move|p1a: Fefnir|Armor Cannon|p2a: Quagsire
|-resisted|p2a: Quagsire
|-damage|p2a: Quagsire|69/100
|-unboost|p1a: Fefnir|def|1
|-unboost|p1a: Fefnir|spd|1
|
|upkeep
|turn|3
|
|t:|1779872111
|move|p1a: Fefnir|Destiny Bond|p1a: Fefnir
|-singlemove|p1a: Fefnir|Destiny Bond
|move|p2a: Quagsire|Recover|p2a: Quagsire
|-heal|p2a: Quagsire|100/100
|
|upkeep
|turn|4
|
|t:|1779872120
|move|p1a: Fefnir|Energy Ball|p2a: Quagsire
|-supereffective|p2a: Quagsire
|-enditem|p2a: Quagsire|Rindo Berry|[eat]
|-enditem|p2a: Quagsire|Rindo Berry|[weaken]
|-damage|p2a: Quagsire|43/100
|move|p2a: Quagsire|Earthquake|p1a: Fefnir
|-supereffective|p1a: Fefnir
|-crit|p1a: Fefnir
|-damage|p1a: Fefnir|0 fnt
|faint|p1a: Fefnir
|
|upkeep
|
|t:|1779872140
|switch|p1a: Harpuia|Cyclizar, M|100/100
|turn|5
|
|t:|1779872144
|switch|p2a: Blissey|Blissey, F|100/100
|move|p1a: Harpuia|Draco Meteor|p2a: Blissey
|-damage|p2a: Blissey|83/100
|-unboost|p1a: Harpuia|spa|2
|-enditem|p2a: Blissey|Red Card|[of] p1a: Harpuia
|drag|p1a: Omega|Iron Valiant|100/100
|-enditem|p1a: Omega|Booster Energy
|-activate|p1a: Omega|ability: Quark Drive|[fromitem]
|-start|p1a: Omega|quarkdrivespe
|
|upkeep
|turn|6
|
|t:|1779872157
|switch|p2a: Clefable|Clefable, F|100/100
|move|p1a: Omega|Close Combat|p2a: Clefable
|-resisted|p2a: Clefable
|-damage|p2a: Clefable|71/100
|-unboost|p1a: Omega|def|1
|-unboost|p1a: Omega|spd|1
|
|-heal|p2a: Clefable|77/100|[from] item: Leftovers
|upkeep
|turn|7
|
|t:|1779872171
|move|p1a: Omega|Destiny Bond|p1a: Omega
|-singlemove|p1a: Omega|Destiny Bond
|move|p2a: Clefable|Moonlight|p2a: Clefable
|-heal|p2a: Clefable|100/100
|
|upkeep
|turn|8
|
|t:|1779872180
|-end|p1a: Omega|Quark Drive|[silent]
|switch|p1a: Leviathan|Mimikyu, M|100/100
|move|p2a: Clefable|Moonblast|p1a: Leviathan
|-activate|p1a: Leviathan|ability: Disguise
|-damage|p1a: Leviathan|100/100
|detailschange|p1a: Leviathan|Mimikyu-Busted, M
|-damage|p1a: Leviathan|88/100|[from] pokemon: Mimikyu-Busted
|
|-heal|p1a: Leviathan|94/100|[from] item: Leftovers
|upkeep
|turn|9
|
|t:|1779872202
|move|p1a: Leviathan|Taunt|p2a: Clefable
|-start|p2a: Clefable|move: Taunt
|cant|p2a: Clefable|move: Taunt|Calm Mind
|
|-heal|p1a: Leviathan|99/100|[from] item: Leftovers
|upkeep
|turn|10
|inactive|Battle timer is ON: inactive players will automatically lose when time's up. (requested by newgaem)
|
|t:|1779872213
|switch|p2a: Hydrapple|Hydrapple, M|79/100
|move|p1a: Leviathan|Curse|p2a: Hydrapple
|-start|p2a: Hydrapple|Curse|[of] p1a: Leviathan
|-damage|p1a: Leviathan|50/100
|
|-heal|p1a: Leviathan|56/100|[from] item: Leftovers
|-damage|p2a: Hydrapple|54/100|[from] Curse
|upkeep
|turn|11
|
|t:|1779872234
|switch|p1a: Zero|Ceruledge, F, shiny|100/100
|-terastallize|p2a: Hydrapple|Steel
|move|p2a: Hydrapple|Earth Power|p1a: Zero
|-supereffective|p1a: Zero
|-damage|p1a: Zero|0 fnt
|faint|p1a: Zero
|
|-damage|p2a: Hydrapple|29/100|[from] Curse
|upkeep
|
|t:|1779872248
|switch|p1a: Omega|Iron Valiant|100/100
|turn|12
|
|t:|1779872252
|switch|p2a: Clefable|Clefable, F|100/100
|move|p1a: Omega|Spirit Break|p2a: Clefable
|-damage|p2a: Clefable|65/100
|-unboost|p2a: Clefable|spa|1
|
|-heal|p2a: Clefable|71/100|[from] item: Leftovers
|upkeep
|turn|13
|
|t:|1779872262
|move|p1a: Omega|Spirit Break|p2a: Clefable
|-damage|p2a: Clefable|36/100
|-unboost|p2a: Clefable|spa|1
|move|p2a: Clefable|Moonlight|p2a: Clefable
|-heal|p2a: Clefable|86/100
|
|-heal|p2a: Clefable|92/100|[from] item: Leftovers
|upkeep
|turn|14
|
|t:|1779872272
|switch|p2a: Toxapex|Toxapex, M|100/100
|move|p1a: Omega|Spirit Break|p2a: Toxapex
|-resisted|p2a: Toxapex
|-damage|p2a: Toxapex|87/100
|-unboost|p2a: Toxapex|spa|1
|
|-heal|p2a: Toxapex|93/100|[from] item: Black Sludge
|upkeep
|turn|15
|
|t:|1779872285
|-end|p1a: Omega|Quark Drive|[silent]
|switch|p1a: Bishamonten|Kingambit, F|100/100
|-activate|p1a: Bishamonten|ability: Supreme Overlord
|-start|p1a: Bishamonten|fallen2|[silent]
|switch|p2a: Clefable|Clefable, F|92/100
|
|-heal|p2a: Clefable|98/100|[from] item: Leftovers
|upkeep
|turn|16
|
|t:|1779872294
|switch|p2a: Corviknight|Corviknight, M|100/100
|move|p1a: Bishamonten|Iron Head|p2a: Corviknight
|-resisted|p2a: Corviknight
|-damage|p2a: Corviknight|82/100
|
|upkeep
|turn|17
|
|t:|1779872305
|-end|p1a: Bishamonten|fallen2|[silent]
|switch|p1a: Leviathan|Mimikyu-Busted, M|56/100
|move|p2a: Corviknight|Brave Bird|p1a: Leviathan
|-damage|p1a: Leviathan|4/100
|-damage|p2a: Corviknight|69/100|[from] Recoil
|
|-heal|p1a: Leviathan|10/100|[from] item: Leftovers
|upkeep
|turn|18
|
|t:|1779872315
|switch|p2a: Hydrapple|Hydrapple, M, tera:Steel|62/100
|move|p1a: Leviathan|Destiny Bond|p1a: Leviathan
|-singlemove|p1a: Leviathan|Destiny Bond
|
|-heal|p1a: Leviathan|16/100|[from] item: Leftovers
|upkeep
|turn|19
|
|t:|1779872324
|move|p1a: Leviathan|Curse|p2a: Hydrapple
|-start|p2a: Hydrapple|Curse|[of] p1a: Leviathan
|-damage|p1a: Leviathan|0 fnt
|faint|p1a: Leviathan
|move|p2a: Hydrapple|Earth Power|p1: Leviathan|[notarget]
|-fail|p2a: Hydrapple
|
|-damage|p2a: Hydrapple|37/100|[from] Curse
|upkeep
|
|t:|1779872334
|switch|p1a: Omega|Iron Valiant|100/100
|turn|20
|
|t:|1779872337
|switch|p2a: Clefable|Clefable, F|98/100
|move|p1a: Omega|Close Combat|p2a: Clefable
|-resisted|p2a: Clefable
|-damage|p2a: Clefable|69/100
|-unboost|p1a: Omega|def|1
|-unboost|p1a: Omega|spd|1
|
|-heal|p2a: Clefable|75/100|[from] item: Leftovers
|upkeep
|turn|21
|
|t:|1779872347
|move|p1a: Omega|Spirit Break|p2a: Clefable
|-damage|p2a: Clefable|35/100
|-unboost|p2a: Clefable|spa|1
|move|p2a: Clefable|Moonlight|p2a: Clefable
|-heal|p2a: Clefable|85/100
|
|-heal|p2a: Clefable|91/100|[from] item: Leftovers
|upkeep
|turn|22
|
|t:|1779872357
|move|p1a: Omega|Spirit Break|p2a: Clefable
|-damage|p2a: Clefable|54/100
|-unboost|p2a: Clefable|spa|1
|move|p2a: Clefable|Calm Mind|p2a: Clefable
|-boost|p2a: Clefable|spa|1
|-boost|p2a: Clefable|spd|1
|
|-heal|p2a: Clefable|60/100|[from] item: Leftovers
|upkeep
|turn|23
|
|t:|1779872367
|move|p1a: Omega|Spirit Break|p2a: Clefable
|-damage|p2a: Clefable|23/100
|-unboost|p2a: Clefable|spa|1
|move|p2a: Clefable|Moonlight|p2a: Clefable
|-heal|p2a: Clefable|73/100
|
|-heal|p2a: Clefable|79/100|[from] item: Leftovers
|upkeep
|turn|24
|
|t:|1779872378
|move|p1a: Omega|Spirit Break|p2a: Clefable
|-damage|p2a: Clefable|41/100
|-unboost|p2a: Clefable|spa|1
|move|p2a: Clefable|Moonlight|p2a: Clefable
|-heal|p2a: Clefable|91/100
|
|-heal|p2a: Clefable|97/100|[from] item: Leftovers
|upkeep
|turn|25
|
|t:|1779872388
|switch|p2a: Toxapex|Toxapex, M|100/100
|move|p1a: Omega|Spirit Break|p2a: Toxapex
|-resisted|p2a: Toxapex
|-crit|p2a: Toxapex
|-damage|p2a: Toxapex|81/100
|-unboost|p2a: Toxapex|spa|1
|
|-heal|p2a: Toxapex|87/100|[from] item: Black Sludge
|upkeep
|turn|26
|
|t:|1779872400
|-end|p1a: Omega|Quark Drive|[silent]
|switch|p1a: Bishamonten|Kingambit, F|100/100
|-activate|p1a: Bishamonten|ability: Supreme Overlord
|-start|p1a: Bishamonten|fallen3|[silent]
|switch|p2a: Quagsire|Quagsire, F|43/100
|
|upkeep
|turn|27
|
|t:|1779872410
|-terastallize|p1a: Bishamonten|Flying
|move|p1a: Bishamonten|Kowtow Cleave|p2a: Quagsire
|-damage|p2a: Quagsire|0 fnt
|faint|p2a: Quagsire
|
|upkeep
|
|t:|1779872424
|switch|p2a: Hydrapple|Hydrapple, M, tera:Steel|70/100
|turn|28
|
|t:|1779872429
|switch|p2a: Toxapex|Toxapex, M|100/100
|move|p1a: Bishamonten|Sucker Punch||[still]
|-fail|p1a: Bishamonten
|
|upkeep
|turn|29
|
|t:|1779872435
|move|p1a: Bishamonten|Kowtow Cleave|p2a: Toxapex
|-damage|p2a: Toxapex|55/100
|move|p2a: Toxapex|Toxic|p1a: Bishamonten
|-status|p1a: Bishamonten|tox
|
|-heal|p2a: Toxapex|61/100|[from] item: Black Sludge
|-damage|p1a: Bishamonten|94/100 tox|[from] psn
|upkeep
|turn|30
|-message|newgaem forfeited.
|
|win|karothis
|raw|newgaem's rating: 1342 &rarr; <strong>1321</strong><br />(-21 for losing)
|raw|karothis's rating: 1328 &rarr; <strong>1349</strong><br />(+21 for winning)
|l|☆newgaem
|player|p1|
|l|☆karothis
|player|p2|
