|j|☆1 euro de l'H
|j|☆tokiwakano
|t:|1779949353
|gametype|singles
|player|p1|1 euro de l'H|artist-gen4|1752
|player|p2|tokiwakano|acetrainerf|1721
|gen|9
|tier|[Gen 9] OU
|rated|
|rule|HP Percentage Mod: HP is shown in percentages
|rule|Endless Battle Clause: Forcing endless battles is banned
|rule|Species Clause: Limit one of each Pokémon
|rule|OHKO Clause: OHKO moves are banned
|rule|Evasion Items Clause: Evasion items are banned
|rule|Evasion Moves Clause: Evasion moves are banned
|rule|Evasion Abilities Clause: Evasion abilities are banned
|rule|Sleep Moves Clause: Sleep-inducing moves are banned
|clearpoke
|poke|p1|Kyurem|
|poke|p1|Gholdengo|
|poke|p1|Landorus-Therian, M|
|poke|p1|Ogerpon-Wellspring, F|
|poke|p1|Iron Valiant|
|poke|p1|Regieleki|
|poke|p2|Excadrill, F|
|poke|p2|Tyranitar, M|
|poke|p2|Enamorus, F|
|poke|p2|Hydrapple, F|
|poke|p2|Alomomola, M|
|poke|p2|Garganacl, M|
|teampreview
|inactive|Battle timer is ON: inactive players will automatically lose when time's up. (requested by tokiwakano)
|
|t:|1779949362
|teamsize|p1|6
|teamsize|p2|6
|start
|switch|p1a: Landorus|Landorus-Therian, M|100/100
|switch|p2a: Enamorus|Enamorus, F|100/100
|-ability|p1a: Landorus|Intimidate|boost
|-boost|p2a: Enamorus|atk|1
|turn|1
|
|t:|1779949366
|move|p2a: Enamorus|Moonblast|p1a: Landorus
|-damage|p1a: Landorus|41/100
|move|p1a: Landorus|Stealth Rock|p2a: Enamorus
|-sidestart|p2: tokiwakano|move: Stealth Rock
|
|upkeep
|turn|2
|
|t:|1779949369
|switch|p1a: Gholdengo|Gholdengo|100/100
|move|p2a: Enamorus|Moonblast|p1a: Gholdengo
|-resisted|p1a: Gholdengo
|-damage|p1a: Gholdengo|68/100
|
|upkeep
|turn|3
|
|t:|1779949375
|switch|p2a: Alomomola|Alomomola, M|100/100
|-damage|p2a: Alomomola|88/100|[from] Stealth Rock
|switch|p1a: Ogerpon|Ogerpon-Wellspring, F|100/100
|
|upkeep
|turn|4
|
|t:|1779949378
|switch|p2a: Hydrapple|Hydrapple, F|100/100
|-damage|p2a: Hydrapple|88/100|[from] Stealth Rock
|move|p1a: Ogerpon|U-turn|p2a: Hydrapple
|-supereffective|p2a: Hydrapple
|-damage|p2a: Hydrapple|54/100
|-damage|p1a: Ogerpon|84/100|[from] item: Rocky Helmet|[of] p2a: Hydrapple
|
|t:|1779949380
|switch|p1a: Kyurem|Kyurem|100/100|[from] U-turn
|-ability|p1a: Kyurem|Pressure
|
|upkeep
|turn|5
|
|t:|1779949388
|switch|p2a: Garganacl|Garganacl, M|100/100
|-damage|p2a: Garganacl|88/100|[from] Stealth Rock
|move|p1a: Kyurem|Ice Beam|p2a: Garganacl
|-damage|p2a: Garganacl|51/100
|
|-heal|p2a: Garganacl|58/100|[from] item: Leftovers
|upkeep
|turn|6
|
|t:|1779949391
|move|p2a: Garganacl|Protect|p2a: Garganacl
|-singleturn|p2a: Garganacl|Protect
|move|p1a: Kyurem|Earth Power|p2a: Garganacl
|-activate|p2a: Garganacl|move: Protect
|
|-heal|p2a: Garganacl|64/100|[from] item: Leftovers
|upkeep
|turn|7
|
|t:|1779949397
|-terastallize|p2a: Garganacl|Fairy
|move|p1a: Kyurem|Ice Beam|p2a: Garganacl
|-damage|p2a: Garganacl|32/100
|move|p2a: Garganacl|Recover|p2a: Garganacl
|-heal|p2a: Garganacl|82/100
|
|-heal|p2a: Garganacl|88/100|[from] item: Leftovers
|upkeep
|turn|8
|
|t:|1779949403
|switch|p1a: Landorus|Landorus-Therian, M|41/100
|-ability|p1a: Landorus|Intimidate|boost
|-unboost|p2a: Garganacl|atk|1
|move|p2a: Garganacl|Salt Cure|p1a: Landorus
|-damage|p1a: Landorus|32/100
|-start|p1a: Landorus|Salt Cure
|
|-heal|p2a: Garganacl|94/100|[from] item: Leftovers
|-damage|p1a: Landorus|19/100|[from] Salt Cure
|upkeep
|turn|9
|
|t:|1779949405
|move|p2a: Garganacl|Protect|p2a: Garganacl
|-singleturn|p2a: Garganacl|Protect
|move|p1a: Landorus|Taunt|p2a: Garganacl
|-activate|p2a: Garganacl|move: Protect
|
|-heal|p2a: Garganacl|99/100|[from] item: Leftovers
|-damage|p1a: Landorus|7/100|[from] Salt Cure
|upkeep
|turn|10
|
|t:|1779949407
|move|p1a: Landorus|Taunt|p2a: Garganacl
|-start|p2a: Garganacl|move: Taunt
|cant|p2a: Garganacl|move: Taunt|Stealth Rock
|
|-heal|p2a: Garganacl|100/100|[from] item: Leftovers
|-damage|p1a: Landorus|0 fnt|[from] Salt Cure
|faint|p1a: Landorus
|upkeep
|
|t:|1779949410
|switch|p1a: Gholdengo|Gholdengo|68/100
|turn|11
|
|t:|1779949413
|switch|p2a: Alomomola|Alomomola, M|100/100
|-damage|p2a: Alomomola|88/100|[from] Stealth Rock
|move|p1a: Gholdengo|Make It Rain|p2a: Alomomola
|-resisted|p2a: Alomomola
|-damage|p2a: Alomomola|66/100
|-unboost|p1a: Gholdengo|spa|1
|
|upkeep
|turn|12
|
|t:|1779949419
|switch|p2a: Garganacl|Garganacl, M, tera:Fairy|100/100
|-damage|p2a: Garganacl|88/100|[from] Stealth Rock
|move|p1a: Gholdengo|Nasty Plot|p1a: Gholdengo
|-boost|p1a: Gholdengo|spa|2
|
|-heal|p2a: Garganacl|94/100|[from] item: Leftovers
|upkeep
|turn|13
|
|t:|1779949422
|switch|p2a: Alomomola|Alomomola, M|99/100
|-damage|p2a: Alomomola|86/100|[from] Stealth Rock
|move|p1a: Gholdengo|Nasty Plot|p1a: Gholdengo
|-boost|p1a: Gholdengo|spa|2
|
|upkeep
|turn|14
|
|t:|1779949426
|move|p1a: Gholdengo|Make It Rain|p2a: Alomomola
|-resisted|p2a: Alomomola
|-damage|p2a: Alomomola|29/100
|-unboost|p1a: Gholdengo|spa|1
|move|p2a: Alomomola|Mirror Coat|p1a: Gholdengo
|-damage|p1a: Gholdengo|0 fnt
|faint|p1a: Gholdengo
|
|upkeep
|
|t:|1779949429
|switch|p1a: Ogerpon|Ogerpon-Wellspring, F|84/100
|turn|15
|
|t:|1779949434
|switch|p2a: Hydrapple|Hydrapple, F|88/100
|-damage|p2a: Hydrapple|75/100|[from] Stealth Rock
|move|p1a: Ogerpon|U-turn|p2a: Hydrapple
|-supereffective|p2a: Hydrapple
|-damage|p2a: Hydrapple|47/100
|-damage|p1a: Ogerpon|67/100|[from] item: Rocky Helmet|[of] p2a: Hydrapple
|
|t:|1779949437
|switch|p1a: Kyurem|Kyurem|100/100|[from] U-turn
|-ability|p1a: Kyurem|Pressure
|
|upkeep
|turn|16
|
|t:|1779949444
|switch|p2a: Garganacl|Garganacl, M, tera:Fairy|94/100
|-damage|p2a: Garganacl|82/100|[from] Stealth Rock
|move|p1a: Kyurem|Ice Beam|p2a: Garganacl
|-damage|p2a: Garganacl|47/100
|
|-heal|p2a: Garganacl|53/100|[from] item: Leftovers
|upkeep
|turn|17
|
|t:|1779949447
|switch|p1a: Iron Valiant|Iron Valiant|100/100
|move|p2a: Garganacl|Protect||[still]
|-fail|p2a: Garganacl
|
|-heal|p2a: Garganacl|59/100|[from] item: Leftovers
|upkeep
|turn|18
|
|t:|1779949451
|move|p2a: Garganacl|Protect|p2a: Garganacl
|-singleturn|p2a: Garganacl|Protect
|move|p1a: Iron Valiant|Trick|p2a: Garganacl
|-activate|p2a: Garganacl|move: Protect
|
|-heal|p2a: Garganacl|65/100|[from] item: Leftovers
|upkeep
|turn|19
|
|t:|1779949458
|-end|p1a: Iron Valiant|Quark Drive|[silent]
|switch|p1a: Kyurem|Kyurem|100/100
|-ability|p1a: Kyurem|Pressure
|switch|p2a: Enamorus|Enamorus, F|100/100
|-damage|p2a: Enamorus|76/100|[from] Stealth Rock
|
|upkeep
|turn|20
|
|t:|1779949461
|move|p2a: Enamorus|Moonblast|p1a: Kyurem
|-supereffective|p1a: Kyurem
|-damage|p1a: Kyurem|39/100
|-unboost|p1a: Kyurem|spa|1
|move|p1a: Kyurem|Ice Beam|p2a: Enamorus
|-supereffective|p2a: Enamorus
|-damage|p2a: Enamorus|0 fnt
|faint|p2a: Enamorus
|
|upkeep
|
|t:|1779949471
|switch|p2a: Excadrill|Excadrill, F|100/100
|-damage|p2a: Excadrill|97/100|[from] Stealth Rock
|turn|21
|
|t:|1779949475
|move|p2a: Excadrill|Earthquake|p1a: Kyurem
|-damage|p1a: Kyurem|0 fnt
|faint|p1a: Kyurem
|
|-heal|p2a: Excadrill|100/100|[from] item: Leftovers
|upkeep
|
|t:|1779949477
|switch|p1a: Ogerpon|Ogerpon-Wellspring, F|67/100
|turn|22
|
|t:|1779949482
|switch|p2a: Hydrapple|Hydrapple, F|80/100
|-damage|p2a: Hydrapple|67/100|[from] Stealth Rock
|move|p1a: Ogerpon|Ivy Cudgel|p2a: Hydrapple|[anim] Ivy Cudgel Water
|-resisted|p2a: Hydrapple
|-damage|p2a: Hydrapple|60/100
|
|upkeep
|turn|23
|
|t:|1779949489
|move|p1a: Ogerpon|U-turn|p2a: Hydrapple
|-supereffective|p2a: Hydrapple
|-damage|p2a: Hydrapple|29/100
|-damage|p1a: Ogerpon|51/100|[from] item: Rocky Helmet|[of] p2a: Hydrapple
|
|t:|1779949491
|switch|p1a: Iron Valiant|Iron Valiant|100/100|[from] U-turn
|move|p2a: Hydrapple|Giga Drain|p1a: Iron Valiant
|-crit|p1a: Iron Valiant
|-damage|p1a: Iron Valiant|17/100
|-heal|p2a: Hydrapple|58/100|[from] drain|[of] p1a: Iron Valiant
|
|upkeep
|turn|24
|
|t:|1779949499
|switch|p2a: Alomomola|Alomomola, M|62/100
|-damage|p2a: Alomomola|50/100|[from] Stealth Rock
|move|p1a: Iron Valiant|Moonblast|p2a: Alomomola
|-damage|p2a: Alomomola|25/100
|
|upkeep
|turn|25
|
|t:|1779949503
|move|p1a: Iron Valiant|Moonblast|p2a: Alomomola
|-damage|p2a: Alomomola|0 fnt
|faint|p2a: Alomomola
|
|upkeep
|
|t:|1779949509
|switch|p2a: Excadrill|Excadrill, F|100/100
|-damage|p2a: Excadrill|97/100|[from] Stealth Rock
|turn|26
|
|t:|1779949515
|-end|p1a: Iron Valiant|Quark Drive|[silent]
|switch|p1a: Ogerpon|Ogerpon-Wellspring, F|51/100
|move|p2a: Excadrill|Earthquake|p1a: Ogerpon
|-resisted|p1a: Ogerpon
|-damage|p1a: Ogerpon|11/100
|
|-heal|p2a: Excadrill|100/100|[from] item: Leftovers
|upkeep
|turn|27
|
|t:|1779949520
|switch|p1a: Iron Valiant|Iron Valiant|17/100
|switch|p2a: Hydrapple|Hydrapple, F|91/100
|-damage|p2a: Hydrapple|79/100|[from] Stealth Rock
|
|upkeep
|turn|28
|
|t:|1779949525
|switch|p2a: Tyranitar|Tyranitar, M|100/100
|-damage|p2a: Tyranitar|88/100|[from] Stealth Rock
|-weather|Sandstorm|[from] ability: Sand Stream|[of] p2a: Tyranitar
|move|p1a: Iron Valiant|Trick|p2a: Tyranitar
|-activate|p1a: Iron Valiant|move: Trick|[of] p2a: Tyranitar
|-item|p2a: Tyranitar|Choice Scarf|[from] move: Trick
|-item|p1a: Iron Valiant|Choice Band|[from] move: Trick
|
|-weather|Sandstorm|[upkeep]
|-damage|p1a: Iron Valiant|11/100|[from] Sandstorm
|upkeep
|turn|29
|
|t:|1779949532
|move|p1a: Iron Valiant|Moonblast|p2a: Tyranitar
|-supereffective|p2a: Tyranitar
|-damage|p2a: Tyranitar|20/100
|move|p2a: Tyranitar|Knock Off|p1a: Iron Valiant
|-resisted|p1a: Iron Valiant
|-damage|p1a: Iron Valiant|0 fnt
|-enditem|p1a: Iron Valiant|Choice Band|[from] move: Knock Off|[of] p2a: Tyranitar
|faint|p1a: Iron Valiant
|-end|p1a: Iron Valiant|Quark Drive|[silent]
|
|-weather|Sandstorm|[upkeep]
|upkeep
|
|t:|1779949535
|switch|p1a: Ogerpon|Ogerpon-Wellspring, F|11/100
|turn|30
|
|t:|1779949538
|move|p1a: Ogerpon|Low Kick|p2a: Tyranitar
|-supereffective|p2a: Tyranitar
|-damage|p2a: Tyranitar|0 fnt
|faint|p2a: Tyranitar
|
|-weather|Sandstorm|[upkeep]
|-damage|p1a: Ogerpon|5/100|[from] Sandstorm
|upkeep
|
|t:|1779949540
|switch|p2a: Excadrill|Excadrill, F|100/100
|-damage|p2a: Excadrill|97/100|[from] Stealth Rock
|turn|31
|-message|1 euro de l'H forfeited.
|
|win|tokiwakano
|raw|1 euro de l&apos;H's rating: 1752 &rarr; <strong>1730</strong><br />(-22 for losing)
|raw|tokiwakano's rating: 1721 &rarr; <strong>1743</strong><br />(+22 for winning)
|l|☆1 euro de l'H
|player|p1|
|l|☆tokiwakano
|player|p2|
