|j|☆Lenewi
|j|☆HeavenlyNiko
|t:|1779935109
|gametype|singles
|player|p1|Lenewi|cynthia-gen4|1097
|player|p2|HeavenlyNiko|wallace|1143
|gen|9
|tier|[Gen 9] OU
|rated|
|rule|HP Percentage Mod: HP is shown in percentages
|rule|Endless Battle Clause: Forcing endless battles is banned
|rule|Species Clause: Limit one of each Pokémon
|rule|OHKO Clause: OHKO moves are banned
|rule|Evasion Items Clause: Evasion items are banned
|rule|Evasion Moves Clause: Evasion moves are banned
|rule|Evasion Abilities Clause: Evasion abilities are banned
|rule|Sleep Moves Clause: Sleep-inducing moves are banned
|clearpoke
|poke|p1|Zoroark, F|
|poke|p1|Clefable, F|
|poke|p1|Gengar, M|
|poke|p1|Gliscor, F|
|poke|p1|Scizor, M|
|poke|p1|Rotom-Wash|
|poke|p2|Dragonite, F|
|poke|p2|Zamazenta-*|
|poke|p2|Gholdengo|
|poke|p2|Kingambit, M|
|poke|p2|Great Tusk|
|poke|p2|Heatran, F|
|teampreview
|
|t:|1779935129
|teamsize|p1|6
|teamsize|p2|6
|start
|switch|p1a: Gliscor|Gliscor, F|100/100
|switch|p2a: Which set I be?|Zamazenta|100/100
|-ability|p2a: Which set I be?|Dauntless Shield|boost
|-boost|p2a: Which set I be?|def|1
|turn|1
|
|t:|1779935137
|move|p2a: Which set I be?|Heavy Slam|p1a: Gliscor
|-damage|p1a: Gliscor|76/100
|move|p1a: Gliscor|Toxic|p2a: Which set I be?
|-status|p2a: Which set I be?|tox
|
|-damage|p2a: Which set I be?|94/100 tox|[from] psn
|-status|p1a: Gliscor|tox|[from] item: Toxic Orb
|upkeep
|turn|2
|
|t:|1779935146
|move|p1a: Gliscor|Protect|p1a: Gliscor
|-singleturn|p1a: Gliscor|Protect
|move|p2a: Which set I be?|Heavy Slam|p1a: Gliscor
|-activate|p1a: Gliscor|move: Protect
|
|-damage|p2a: Which set I be?|82/100 tox|[from] psn
|-heal|p1a: Gliscor|89/100 tox|[from] ability: Poison Heal
|upkeep
|turn|3
|
|t:|1779935159
|switch|p2a: The set that I am?|Gholdengo|100/100
|-item|p2a: The set that I am?|Air Balloon
|move|p1a: Gliscor|Stealth Rock|p2a: The set that I am?
|-sidestart|p2: HeavenlyNiko|move: Stealth Rock
|
|-heal|p1a: Gliscor|100/100 tox|[from] ability: Poison Heal
|upkeep
|turn|4
|
|t:|1779935177
|switch|p1a: Gengar|Gengar, M|100/100
|move|p2a: The set that I am?|Hex|p1a: Gengar
|-resisted|p1a: Gengar
|-damage|p1a: Gengar|71/100
|replace|p1a: Zoroark|Zoroark, F
|-end|p1a: Zoroark|Illusion
|
|upkeep
|turn|5
|
|t:|1779935198
|switch|p2a: gambling time|Heatran, F|100/100
|-damage|p2a: gambling time|88/100|[from] Stealth Rock
|move|p1a: Zoroark|Trick|p2a: gambling time
|-activate|p1a: Zoroark|move: Trick|[of] p2a: gambling time
|-item|p2a: gambling time|Choice Specs|[from] move: Trick
|-item|p1a: Zoroark|Leftovers|[from] move: Trick
|
|-heal|p1a: Zoroark|78/100|[from] item: Leftovers
|upkeep
|turn|6
|
|t:|1779935212
|switch|p1a: Gliscor|Gliscor, F|100/100 tox
|move|p2a: gambling time|Magma Storm|p1a: Gliscor
|-damage|p1a: Gliscor|49/100 tox
|-activate|p1a: Gliscor|move: Magma Storm|[of] p2a: gambling time
|
|-heal|p1a: Gliscor|61/100 tox|[from] ability: Poison Heal
|-damage|p1a: Gliscor|49/100 tox|[from] move: Magma Storm|[partiallytrapped]
|upkeep
|turn|7
|
|t:|1779935222
|switch|p2a: movepool menace|Great Tusk|100/100
|-damage|p2a: movepool menace|98/100|[from] Stealth Rock
|move|p1a: Gliscor|Protect||[still]
|-fail|p1a: Gliscor
|
|-heal|p2a: movepool menace|100/100|[from] item: Leftovers
|-heal|p1a: Gliscor|61/100 tox|[from] ability: Poison Heal
|-end|p1a: Gliscor|Magma Storm|[partiallytrapped]|[silent]
|upkeep
|turn|8
|
|t:|1779935233
|switch|p1a: Scizor|Scizor, M|100/100
|move|p2a: movepool menace|Ice Spinner|p1a: Scizor
|-resisted|p1a: Scizor
|-damage|p1a: Scizor|87/100
|
|upkeep
|turn|9
|
|t:|1779935242
|move|p2a: movepool menace|Headlong Rush|p1a: Scizor
|-damage|p1a: Scizor|33/100
|-unboost|p2a: movepool menace|def|1
|-unboost|p2a: movepool menace|spd|1
|move|p1a: Scizor|Swords Dance|p1a: Scizor
|-boost|p1a: Scizor|atk|2
|
|upkeep
|turn|10
|
|t:|1779935251
|-end|p2a: movepool menace|Protosynthesis|[silent]
|switch|p2a: ok this one's easy|Kingambit, M|100/100
|-damage|p2a: ok this one's easy|94/100|[from] Stealth Rock
|move|p1a: Scizor|Bullet Punch|p2a: ok this one's easy
|-resisted|p2a: ok this one's easy
|-damage|p2a: ok this one's easy|66/100
|
|-heal|p2a: ok this one's easy|72/100|[from] item: Leftovers
|upkeep
|turn|11
|
|t:|1779935260
|move|p1a: Scizor|U-turn|p2a: ok this one's easy
|-damage|p2a: ok this one's easy|3/100
|
|t:|1779935269
|switch|p1a: Rotom|Rotom-Wash|100/100|[from] U-turn
|move|p2a: ok this one's easy|Kowtow Cleave|p1a: Rotom
|-damage|p1a: Rotom|51/100
|
|-heal|p1a: Rotom|57/100|[from] item: Leftovers
|-heal|p2a: ok this one's easy|9/100|[from] item: Leftovers
|upkeep
|turn|12
|
|t:|1779935279
|-end|p2a: ok this one's easy|fallenundefined|[silent]
|switch|p2a: The set that I am?|Gholdengo|100/100
|-damage|p2a: The set that I am?|94/100|[from] Stealth Rock
|-item|p2a: The set that I am?|Air Balloon
|move|p1a: Rotom|Volt Switch|p2a: The set that I am?
|-damage|p2a: The set that I am?|70/100
|-enditem|p2a: The set that I am?|Air Balloon
|
|t:|1779935287
|switch|p1a: Gliscor|Gliscor, F|61/100 tox|[from] Volt Switch
|
|-heal|p1a: Gliscor|74/100 tox|[from] ability: Poison Heal
|upkeep
|turn|13
|
|t:|1779935299
|move|p1a: Gliscor|Earthquake|p2a: The set that I am?
|-supereffective|p2a: The set that I am?
|-damage|p2a: The set that I am?|24/100
|move|p2a: The set that I am?|Hex|p1a: Gliscor
|-damage|p1a: Gliscor|23/100 tox
|
|-heal|p1a: Gliscor|36/100 tox|[from] ability: Poison Heal
|upkeep
|turn|14
|
|t:|1779935309
|switch|p2a: What set am I?|Dragonite, F|100/100
|-damage|p2a: What set am I?|76/100|[from] Stealth Rock
|move|p1a: Gliscor|Earthquake|p2a: What set am I?
|-immune|p2a: What set am I?
|
|-heal|p1a: Gliscor|48/100 tox|[from] ability: Poison Heal
|upkeep
|turn|15
|
|t:|1779935319
|-terastallize|p2a: What set am I?|Dragon
|move|p2a: What set am I?|Outrage|p1a: Gliscor
|-damage|p1a: Gliscor|0 fnt
|faint|p1a: Gliscor
|
|upkeep
|
|t:|1779935326
|switch|p1a: Clefable|Clefable, F|100/100
|turn|16
|
|t:|1779935329
|move|p2a: What set am I?|Outrage|p1a: Clefable|[from] lockedmove
|-immune|p1a: Clefable
|move|p1a: Clefable|Flamethrower|p2a: What set am I?
|-resisted|p2a: What set am I?
|-damage|p2a: What set am I?|66/100
|
|upkeep
|turn|17
|
|t:|1779935338
|move|p2a: What set am I?|Dragon Dance|p2a: What set am I?
|-boost|p2a: What set am I?|atk|1
|-boost|p2a: What set am I?|spe|1
|move|p1a: Clefable|Calm Mind|p1a: Clefable
|-boost|p1a: Clefable|spa|1
|-boost|p1a: Clefable|spd|1
|
|upkeep
|turn|18
|
|t:|1779935345
|move|p2a: What set am I?|Extreme Speed|p1a: Clefable
|-damage|p1a: Clefable|75/100
|move|p1a: Clefable|Moonblast|p2a: What set am I?
|-supereffective|p2a: What set am I?
|-damage|p2a: What set am I?|0 fnt
|faint|p2a: What set am I?
|
|upkeep
|
|t:|1779935352
|switch|p2a: The set that I am?|Gholdengo|24/100
|-damage|p2a: The set that I am?|18/100|[from] Stealth Rock
|turn|19
|
|t:|1779935357
|move|p2a: The set that I am?|Make It Rain|p1a: Clefable
|-supereffective|p1a: Clefable
|-damage|p1a: Clefable|11/100
|-unboost|p2a: The set that I am?|spa|1
|move|p1a: Clefable|Flamethrower|p2a: The set that I am?
|-supereffective|p2a: The set that I am?
|-crit|p2a: The set that I am?
|-damage|p2a: The set that I am?|0 fnt
|faint|p2a: The set that I am?
|
|upkeep
|
|t:|1779935367
|switch|p2a: ok this one's easy|Kingambit, M|9/100
|-damage|p2a: ok this one's easy|3/100|[from] Stealth Rock
|-activate|p2a: ok this one's easy|ability: Supreme Overlord
|-start|p2a: ok this one's easy|fallen2|[silent]
|turn|20
|
|t:|1779935380
|switch|p1a: Scizor|Scizor, M|33/100
|move|p2a: ok this one's easy|Sucker Punch||[still]
|-fail|p2a: ok this one's easy
|
|-heal|p2a: ok this one's easy|9/100|[from] item: Leftovers
|upkeep
|turn|21
|
|t:|1779935388
|-end|p2a: ok this one's easy|fallen2|[silent]
|switch|p2a: movepool menace|Great Tusk|100/100
|-damage|p2a: movepool menace|98/100|[from] Stealth Rock
|move|p1a: Scizor|Bullet Punch|p2a: movepool menace
|-damage|p2a: movepool menace|75/100
|
|-heal|p2a: movepool menace|82/100|[from] item: Leftovers
|upkeep
|turn|22
|
|t:|1779935404
|switch|p1a: Rotom|Rotom-Wash|57/100
|move|p2a: movepool menace|Headlong Rush|p1a: Rotom
|-immune|p1a: Rotom|[from] ability: Levitate
|
|-heal|p2a: movepool menace|88/100|[from] item: Leftovers
|-heal|p1a: Rotom|63/100|[from] item: Leftovers
|upkeep
|turn|23
|
|t:|1779935415
|move|p2a: movepool menace|Close Combat|p1a: Rotom
|-damage|p1a: Rotom|14/100
|-unboost|p2a: movepool menace|def|1
|-unboost|p2a: movepool menace|spd|1
|move|p1a: Rotom|Pain Split|p2a: movepool menace
|-sethp|p2a: movepool menace|49/100|[from] move: Pain Split|[silent]
|-sethp|p1a: Rotom|70/100|[from] move: Pain Split
|
|-heal|p2a: movepool menace|55/100|[from] item: Leftovers
|-heal|p1a: Rotom|76/100|[from] item: Leftovers
|upkeep
|turn|24
|
|t:|1779935426
|move|p2a: movepool menace|Rapid Spin|p1a: Rotom
|-damage|p1a: Rotom|60/100
|-boost|p2a: movepool menace|spe|1
|-sideend|p2: HeavenlyNiko|Stealth Rock|[from] move: Rapid Spin|[of] p2a: movepool menace
|move|p1a: Rotom|Hydro Pump|p2a: movepool menace
|-supereffective|p2a: movepool menace
|-damage|p2a: movepool menace|0 fnt
|faint|p2a: movepool menace
|-end|p2a: movepool menace|Protosynthesis|[silent]
|
|-heal|p1a: Rotom|67/100|[from] item: Leftovers
|upkeep
|
|t:|1779935437
|switch|p2a: Which set I be?|Zamazenta|82/100 tox
|turn|25
|
|t:|1779935445
|move|p2a: Which set I be?|Crunch|p1a: Rotom
|-damage|p1a: Rotom|41/100
|move|p1a: Rotom|Pain Split|p2a: Which set I be?
|-sethp|p2a: Which set I be?|60/100 tox|[from] move: Pain Split|[silent]
|-sethp|p1a: Rotom|64/100|[from] move: Pain Split
|
|-heal|p1a: Rotom|71/100|[from] item: Leftovers
|-damage|p2a: Which set I be?|54/100 tox|[from] psn
|upkeep
|turn|26
|
|t:|1779935455
|move|p2a: Which set I be?|Close Combat|p1a: Rotom
|-damage|p1a: Rotom|13/100
|-unboost|p2a: Which set I be?|def|1
|-unboost|p2a: Which set I be?|spd|1
|move|p1a: Rotom|Hydro Pump|p2a: Which set I be?
|-damage|p2a: Which set I be?|0 fnt
|faint|p2a: Which set I be?
|
|-heal|p1a: Rotom|20/100|[from] item: Leftovers
|upkeep
|
|t:|1779935463
|switch|p2a: gambling time|Heatran, F|88/100
|turn|27
|
|t:|1779935470
|move|p1a: Rotom|Pain Split|p2a: gambling time
|-sethp|p2a: gambling time|52/100|[from] move: Pain Split|[silent]
|-sethp|p1a: Rotom|66/100|[from] move: Pain Split
|move|p2a: gambling time|Magma Storm|p1a: Rotom
|-resisted|p1a: Rotom
|-damage|p1a: Rotom|41/100
|-activate|p1a: Rotom|move: Magma Storm|[of] p2a: gambling time
|
|-heal|p1a: Rotom|47/100|[from] item: Leftovers
|-damage|p1a: Rotom|35/100|[from] move: Magma Storm|[partiallytrapped]
|upkeep
|turn|28
|
|t:|1779935484
|move|p1a: Rotom|Hydro Pump|p2a: gambling time|[miss]
|-miss|p1a: Rotom|p2a: gambling time
|move|p2a: gambling time|Magma Storm|p1a: Rotom
|-resisted|p1a: Rotom
|-damage|p1a: Rotom|9/100
|
|-heal|p1a: Rotom|15/100|[from] item: Leftovers
|-damage|p1a: Rotom|3/100|[from] move: Magma Storm|[partiallytrapped]
|upkeep
|turn|29
|
|t:|1779935494
|move|p1a: Rotom|Hydro Pump|p2a: gambling time
|-supereffective|p2a: gambling time
|-damage|p2a: gambling time|0 fnt
|faint|p2a: gambling time
|
|-heal|p1a: Rotom|9/100|[from] item: Leftovers
|-end|p1a: Rotom|Magma Storm|[partiallytrapped]|[silent]
|upkeep
|
|t:|1779935496
|switch|p2a: ok this one's easy|Kingambit, M|9/100
|-activate|p2a: ok this one's easy|ability: Supreme Overlord
|-start|p2a: ok this one's easy|fallen5|[silent]
|turn|30
|
|t:|1779935511
|move|p1a: Rotom|Pain Split|p2a: ok this one's easy
|-sethp|p2a: ok this one's easy|9/100|[from] move: Pain Split|[silent]
|-sethp|p1a: Rotom|10/100|[from] move: Pain Split
|move|p2a: ok this one's easy|Swords Dance|p2a: ok this one's easy
|-boost|p2a: ok this one's easy|atk|2
|
|-heal|p1a: Rotom|16/100|[from] item: Leftovers
|-heal|p2a: ok this one's easy|15/100|[from] item: Leftovers
|upkeep
|turn|31
|
|t:|1779935521
|move|p2a: ok this one's easy|Sucker Punch||[still]
|-fail|p2a: ok this one's easy
|move|p1a: Rotom|Thunder Wave|p2a: ok this one's easy
|-status|p2a: ok this one's easy|par
|
|-heal|p1a: Rotom|22/100|[from] item: Leftovers
|-heal|p2a: ok this one's easy|21/100 par|[from] item: Leftovers
|upkeep
|turn|32
|
|t:|1779935532
|move|p2a: ok this one's easy|Sucker Punch|p1a: Rotom
|-damage|p1a: Rotom|0 fnt
|faint|p1a: Rotom
|
|-heal|p2a: ok this one's easy|27/100 par|[from] item: Leftovers
|upkeep
|
|t:|1779935561
|switch|p1a: Scizor|Scizor, M|33/100
|turn|33
|
|t:|1779935564
|move|p1a: Scizor|Bullet Punch|p2a: ok this one's easy
|-resisted|p2a: ok this one's easy
|-damage|p2a: ok this one's easy|13/100 par
|move|p2a: ok this one's easy|Kowtow Cleave|p1a: Scizor
|-damage|p1a: Scizor|0 fnt
|faint|p1a: Scizor
|
|-heal|p2a: ok this one's easy|19/100 par|[from] item: Leftovers
|upkeep
|
|t:|1779935578
|switch|p1a: Gengar|Gengar, M|78/100
|turn|34
|
|t:|1779935581
|move|p2a: ok this one's easy|Sucker Punch||[still]
|-fail|p2a: ok this one's easy
|move|p1a: Gengar|Trick|p2a: ok this one's easy
|-activate|p1a: Gengar|move: Trick|[of] p2a: ok this one's easy
|-item|p2a: ok this one's easy|Leftovers|[from] move: Trick
|-item|p1a: Gengar|Leftovers|[from] move: Trick
|
|-heal|p1a: Gengar|84/100|[from] item: Leftovers
|-heal|p2a: ok this one's easy|25/100 par|[from] item: Leftovers
|upkeep
|turn|35
|
|t:|1779935594
|switch|p1a: Clefable|Clefable, F|11/100
|cant|p2a: ok this one's easy|par
|
|-heal|p2a: ok this one's easy|32/100 par|[from] item: Leftovers
|upkeep
|turn|36
|
|t:|1779935603
|move|p2a: ok this one's easy|Sucker Punch||[still]
|-fail|p2a: ok this one's easy
|move|p1a: Clefable|Moonlight|p1a: Clefable
|-heal|p1a: Clefable|61/100
|
|-heal|p2a: ok this one's easy|38/100 par|[from] item: Leftovers
|upkeep
|turn|37
|
|t:|1779935611
|move|p1a: Clefable|Moonlight|p1a: Clefable
|-heal|p1a: Clefable|100/100
|move|p2a: ok this one's easy|Iron Head|p1a: Clefable
|-supereffective|p1a: Clefable
|-damage|p1a: Clefable|0 fnt
|faint|p1a: Clefable
|
|-heal|p2a: ok this one's easy|44/100 par|[from] item: Leftovers
|upkeep
|
|t:|1779935625
|switch|p1a: Gengar|Gengar, M|84/100
|turn|38
|
|t:|1779935633
|move|p1a: Gengar|Focus Blast|p2a: ok this one's easy
|-supereffective|p2a: ok this one's easy
|-damage|p2a: ok this one's easy|0 fnt
|faint|p2a: ok this one's easy
|-end|p2a: ok this one's easy|fallen5|[silent]
|
|win|Lenewi
|raw|Lenewi's rating: 1097 &rarr; <strong>1126</strong><br />(+29 for winning)
|raw|HeavenlyNiko's rating: 1143 &rarr; <strong>1115</strong><br />(-28 for losing)
|l|☆Lenewi
|player|p1|
|l|☆HeavenlyNiko
|player|p2|
