|j|‽K4R0007_0
|j|☆claudechamp
|t:|1779911914
|gametype|singles
|player|p1|K4R0007_0|colress|1161
|player|p2|claudechamp|169|1185
|gen|9
|tier|[Gen 9] OU
|rated|
|rule|HP Percentage Mod: HP is shown in percentages
|rule|Endless Battle Clause: Forcing endless battles is banned
|rule|Species Clause: Limit one of each Pokémon
|rule|OHKO Clause: OHKO moves are banned
|rule|Evasion Items Clause: Evasion items are banned
|rule|Evasion Moves Clause: Evasion moves are banned
|rule|Evasion Abilities Clause: Evasion abilities are banned
|rule|Sleep Moves Clause: Sleep-inducing moves are banned
|clearpoke
|poke|p1|Cloyster, F|
|poke|p1|Tornadus-Therian, M|
|poke|p1|Hoopa-Unbound|
|poke|p1|Cinccino, F|
|poke|p1|Darkrai|
|poke|p1|Blaziken, F|
|poke|p2|Corviknight, M|
|poke|p2|Ting-Lu|
|poke|p2|Kyurem|
|poke|p2|Dondozo, M|
|poke|p2|Slowking-Galar, M|
|poke|p2|Cinderace, M|
|teampreview
|c|☆claudechamp|hf
|inactive|Battle timer is ON: inactive players will automatically lose when time's up. (requested by claudechamp)
|
|t:|1779911920
|teamsize|p1|6
|teamsize|p2|6
|start
|switch|p1a: Cloyster|Cloyster, F|100/100
|switch|p2a: Cinderace|Cinderace, M|100/100
|turn|1
|
|t:|1779911926
|move|p2a: Cinderace|Pyro Ball|p1a: Cloyster
|-damage|p1a: Cloyster|58/100
|move|p1a: Cloyster|Shell Smash|p1a: Cloyster
|-unboost|p1a: Cloyster|def|1
|-unboost|p1a: Cloyster|spd|1
|-boost|p1a: Cloyster|atk|2
|-boost|p1a: Cloyster|spa|2
|-boost|p1a: Cloyster|spe|2
|
|upkeep
|turn|2
|
|t:|1779911937
|move|p1a: Cloyster|Rock Blast|p2a: Cinderace
|-supereffective|p2a: Cinderace
|-damage|p2a: Cinderace|61/100
|-supereffective|p2a: Cinderace
|-damage|p2a: Cinderace|25/100
|-supereffective|p2a: Cinderace
|-damage|p2a: Cinderace|0 fnt
|faint|p2a: Cinderace
|-hitcount|p2: Cinderace|3
|
|upkeep
|
|t:|1779911939
|switch|p2a: Kyurem|Kyurem|100/100
|-ability|p2a: Kyurem|Pressure
|turn|3
|
|t:|1779911947
|-terastallize|p2a: Kyurem|Ground
|move|p1a: Cloyster|Rock Blast|p2a: Kyurem
|-resisted|p2a: Kyurem
|-damage|p2a: Kyurem|93/100
|-resisted|p2a: Kyurem
|-damage|p2a: Kyurem|86/100
|-resisted|p2a: Kyurem
|-damage|p2a: Kyurem|79/100
|-resisted|p2a: Kyurem
|-damage|p2a: Kyurem|73/100
|-resisted|p2a: Kyurem
|-damage|p2a: Kyurem|65/100
|-hitcount|p2a: Kyurem|5
|move|p2a: Kyurem|Earth Power|p1a: Cloyster
|-damage|p1a: Cloyster|0 fnt
|faint|p1a: Cloyster
|
|-heal|p2a: Kyurem|71/100|[from] item: Leftovers
|upkeep
|
|t:|1779911965
|switch|p1a: Cinccino|Cinccino, F|100/100
|turn|4
|
|t:|1779911970
|move|p1a: Cinccino|Tidy Up|p1a: Cinccino
|-boost|p1a: Cinccino|atk|1
|-boost|p1a: Cinccino|spe|1
|move|p2a: Kyurem|Freeze-Dry|p1a: Cinccino
|-damage|p1a: Cinccino|40/100
|-status|p1a: Cinccino|frz
|
|-heal|p2a: Kyurem|77/100|[from] item: Leftovers
|upkeep
|turn|5
|
|t:|1779911980
|cant|p1a: Cinccino|frz
|move|p2a: Kyurem|Earth Power|p1a: Cinccino
|-damage|p1a: Cinccino|0 fnt
|faint|p1a: Cinccino
|
|-heal|p2a: Kyurem|83/100|[from] item: Leftovers
|upkeep
|
|t:|1779911998
|switch|p1a: Darkrai|Darkrai|100/100
|turn|6
|
|t:|1779912002
|move|p1a: Darkrai|Nasty Plot|p1a: Darkrai
|-boost|p1a: Darkrai|spa|2
|move|p2a: Kyurem|Freeze-Dry|p1a: Darkrai
|-damage|p1a: Darkrai|54/100
|-status|p1a: Darkrai|frz
|
|-heal|p1a: Darkrai|60/100 frz|[from] item: Leftovers
|-heal|p2a: Kyurem|90/100|[from] item: Leftovers
|upkeep
|turn|7
|
|t:|1779912014
|-curestatus|p1a: Darkrai|frz|[msg]
|move|p1a: Darkrai|Ice Beam|p2a: Kyurem
|-supereffective|p2a: Kyurem
|-damage|p2a: Kyurem|0 fnt
|faint|p2a: Kyurem
|
|-heal|p1a: Darkrai|66/100|[from] item: Leftovers
|upkeep
|
|t:|1779912016
|switch|p2a: Dondozo|Dondozo, M|100/100
|turn|8
|
|t:|1779912026
|move|p1a: Darkrai|Dark Pulse|p2a: Dondozo
|-damage|p2a: Dondozo|71/100
|move|p2a: Dondozo|Waterfall|p1a: Darkrai
|-damage|p1a: Darkrai|31/100
|
|-heal|p1a: Darkrai|37/100|[from] item: Leftovers
|-heal|p2a: Dondozo|77/100|[from] item: Leftovers
|upkeep
|turn|9
|
|t:|1779912037
|switch|p1a: Tornadus|Tornadus-Therian, M|100/100
|move|p2a: Dondozo|Waterfall|p1a: Tornadus
|-damage|p1a: Tornadus|69/100
|
|-heal|p2a: Dondozo|83/100|[from] item: Leftovers
|upkeep
|turn|10
|
|t:|1779912048
|-terastallize|p1a: Tornadus|Flying
|move|p1a: Tornadus|Bleakwind Storm|p2a: Dondozo
|-damage|p2a: Dondozo|49/100
|-unboost|p2a: Dondozo|spe|1
|move|p2a: Dondozo|Waterfall|p1a: Tornadus
|-damage|p1a: Tornadus|36/100
|
|-heal|p2a: Dondozo|55/100|[from] item: Leftovers
|upkeep
|turn|11
|
|t:|1779912063
|move|p1a: Tornadus|U-turn|p2a: Dondozo
|-damage|p2a: Dondozo|47/100
|
|t:|1779912069
|switch|p1a: Darkrai|Darkrai|37/100|[from] U-turn
|move|p2a: Dondozo|Waterfall|p1a: Darkrai
|-damage|p1a: Darkrai|0 fnt
|faint|p1a: Darkrai
|
|-heal|p2a: Dondozo|53/100|[from] item: Leftovers
|upkeep
|
|t:|1779912079
|switch|p1a: Blaziken|Blaziken, F|100/100
|turn|12
|
|t:|1779912083
|move|p1a: Blaziken|Knock Off|p2a: Dondozo
|-damage|p2a: Dondozo|32/100
|-enditem|p2a: Dondozo|Leftovers|[from] move: Knock Off|[of] p1a: Blaziken
|move|p2a: Dondozo|Waterfall|p1a: Blaziken
|-supereffective|p1a: Blaziken
|-damage|p1a: Blaziken|22/100
|
|-heal|p1a: Blaziken|28/100|[from] item: Leftovers
|-ability|p1a: Blaziken|Speed Boost|boost
|-boost|p1a: Blaziken|spe|1
|upkeep
|turn|13
|
|t:|1779912093
|move|p1a: Blaziken|Close Combat|p2a: Dondozo
|-damage|p2a: Dondozo|0 fnt
|-unboost|p1a: Blaziken|def|1
|-unboost|p1a: Blaziken|spd|1
|faint|p2a: Dondozo
|
|-heal|p1a: Blaziken|34/100|[from] item: Leftovers
|-ability|p1a: Blaziken|Speed Boost|boost
|-boost|p1a: Blaziken|spe|1
|upkeep
|
|t:|1779912096
|switch|p2a: Slowking|Slowking-Galar, M|100/100
|turn|14
|
|t:|1779912107
|move|p1a: Blaziken|Knock Off|p2a: Slowking
|-supereffective|p2a: Slowking
|-damage|p2a: Slowking|47/100
|-enditem|p2a: Slowking|Shuca Berry|[from] move: Knock Off|[of] p1a: Blaziken
|move|p2a: Slowking|Sludge Bomb|p1a: Blaziken
|-damage|p1a: Blaziken|0 fnt
|faint|p1a: Blaziken
|
|upkeep
|
|t:|1779912118
|switch|p1a: Hoopa|Hoopa-Unbound|100/100
|turn|15
|
|t:|1779912124
|move|p1a: Hoopa|Hyperspace Fury|p2a: Slowking
|-supereffective|p2a: Slowking
|-damage|p2a: Slowking|0 fnt
|-unboost|p1a: Hoopa|def|1
|faint|p2a: Slowking
|-damage|p1a: Hoopa|91/100|[from] item: Life Orb
|
|upkeep
|
|t:|1779912127
|switch|p2a: Corviknight|Corviknight, M|100/100
|-ability|p2a: Corviknight|Pressure
|turn|16
|
|t:|1779912138
|move|p1a: Hoopa|Focus Blast|p2a: Corviknight
|-damage|p2a: Corviknight|27/100
|-damage|p1a: Hoopa|81/100|[from] item: Life Orb
|move|p2a: Corviknight|Brave Bird|p1a: Hoopa
|-damage|p1a: Hoopa|0 fnt
|faint|p1a: Hoopa
|-damage|p2a: Corviknight|7/100|[from] Recoil
|
|upkeep
|
|t:|1779912148
|switch|p1a: Tornadus|Tornadus-Therian, M, tera:Flying|70/100
|turn|17
|
|t:|1779912153
|move|p1a: Tornadus|Bleakwind Storm|p2a: Corviknight
|-resisted|p2a: Corviknight
|-damage|p2a: Corviknight|0 fnt
|faint|p2a: Corviknight
|
|upkeep
|
|t:|1779912156
|switch|p2a: Ting-Lu|Ting-Lu|100/100
|-ability|p2a: Ting-Lu|Vessel of Ruin
|turn|18
|
|t:|1779912177
|move|p1a: Tornadus|Focus Blast|p2a: Ting-Lu
|-supereffective|p2a: Ting-Lu
|-damage|p2a: Ting-Lu|74/100
|move|p2a: Ting-Lu|Payback|p1a: Tornadus
|-crit|p1a: Tornadus
|-damage|p1a: Tornadus|7/100
|
|-heal|p2a: Ting-Lu|81/100|[from] item: Leftovers
|upkeep
|turn|19
|
|t:|1779912185
|move|p1a: Tornadus|Tailwind|p1a: Tornadus
|-sidestart|p1: K4R0007_0|move: Tailwind
|move|p2a: Ting-Lu|Payback|p1a: Tornadus
|-damage|p1a: Tornadus|0 fnt
|faint|p1a: Tornadus
|
|win|claudechamp
|raw|K4R0007_0's rating: 1161 &rarr; <strong>1138</strong><br />(-23 for losing)
|raw|claudechamp's rating: 1185 &rarr; <strong>1208</strong><br />(+23 for winning)
|c|☆claudechamp|gg
