|j|☆ankitayare134
|j|☆jsf130808
|t:|1779894416
|gametype|singles
|player|p1|ankitayare134|266|1094
|player|p2|jsf130808|dahlia|1135
|gen|9
|tier|[Gen 9] OU
|rated|
|rule|HP Percentage Mod: HP is shown in percentages
|rule|Endless Battle Clause: Forcing endless battles is banned
|rule|Species Clause: Limit one of each Pokémon
|rule|OHKO Clause: OHKO moves are banned
|rule|Evasion Items Clause: Evasion items are banned
|rule|Evasion Moves Clause: Evasion moves are banned
|rule|Evasion Abilities Clause: Evasion abilities are banned
|rule|Sleep Moves Clause: Sleep-inducing moves are banned
|clearpoke
|poke|p1|Porygon2|
|poke|p1|Ursaring, F|
|poke|p1|Rhydon, M|
|poke|p1|Magneton|
|poke|p1|Empoleon, M|
|poke|p1|Primeape, F|
|poke|p2|Haxorus, F|
|poke|p2|Sandy Shocks|
|poke|p2|Iron Valiant|
|poke|p2|Iron Leaves|
|poke|p2|Gholdengo|
|poke|p2|Garchomp, M|
|teampreview
|inactive|Battle timer is ON: inactive players will automatically lose when time's up. (requested by ankitayare134)
|
|t:|1779894425
|teamsize|p1|6
|teamsize|p2|6
|start
|switch|p1a: Rhydon|Rhydon, M|100/100
|switch|p2a: Dino|Iron Valiant|100/100
|-enditem|p2a: Dino|Booster Energy
|-activate|p2a: Dino|ability: Quark Drive|[fromitem]
|-start|p2a: Dino|quarkdrivespe
|turn|1
|
|t:|1779894435
|-terastallize|p1a: Rhydon|Water
|move|p2a: Dino|Calm Mind|p2a: Dino
|-boost|p2a: Dino|spa|1
|-boost|p2a: Dino|spd|1
|move|p1a: Rhydon|Rock Polish|p1a: Rhydon
|-boost|p1a: Rhydon|spe|2
|
|upkeep
|turn|2
|
|t:|1779894447
|move|p2a: Dino|Moonblast|p1a: Rhydon
|-damage|p1a: Rhydon|18/100
|move|p1a: Rhydon|Earthquake|p2a: Dino
|-damage|p2a: Dino|26/100
|
|upkeep
|turn|3
|
|t:|1779894456
|move|p2a: Dino|Moonblast|p1a: Rhydon
|-damage|p1a: Rhydon|0 fnt
|faint|p1a: Rhydon
|
|upkeep
|
|t:|1779894464
|switch|p1a: Empoleon|Empoleon, M|100/100
|turn|4
|
|t:|1779894479
|move|p2a: Dino|Vacuum Wave|p1a: Empoleon
|-supereffective|p1a: Empoleon
|-damage|p1a: Empoleon|49/100
|move|p1a: Empoleon|Flash Cannon|p2a: Dino
|-supereffective|p2a: Dino
|-damage|p2a: Dino|0 fnt
|faint|p2a: Dino
|-end|p2a: Dino|Quark Drive|[silent]
|
|-heal|p1a: Empoleon|55/100|[from] item: Leftovers
|upkeep
|
|t:|1779894494
|switch|p2a: Seven|Garchomp, M, shiny|100/100
|turn|5
|
|t:|1779894498
|move|p2a: Seven|Swords Dance|p2a: Seven
|-boost|p2a: Seven|atk|2
|move|p1a: Empoleon|Ice Beam|p2a: Seven
|-supereffective|p2a: Seven
|-damage|p2a: Seven|0 fnt
|faint|p2a: Seven
|
|-heal|p1a: Empoleon|61/100|[from] item: Leftovers
|upkeep
|
|t:|1779894508
|switch|p2a: Jeeve|Sandy Shocks, shiny|100/100
|turn|6
|
|t:|1779894522
|move|p2a: Jeeve|Earth Power|p1a: Empoleon
|-supereffective|p1a: Empoleon
|-damage|p1a: Empoleon|0 fnt
|faint|p1a: Empoleon
|
|upkeep
|
|t:|1779894531
|switch|p1a: Ursaring|Ursaring, F|100/100
|turn|7
|
|t:|1779894536
|move|p2a: Jeeve|Stealth Rock|p1a: Ursaring
|-sidestart|p1: ankitayare134|move: Stealth Rock
|move|p1a: Ursaring|Earthquake|p2a: Jeeve
|-supereffective|p2a: Jeeve
|-damage|p2a: Jeeve|9/100
|
|upkeep
|turn|8
|
|t:|1779894542
|move|p2a: Jeeve|Earth Power|p1a: Ursaring
|-damage|p1a: Ursaring|67/100
|move|p1a: Ursaring|Earthquake|p2a: Jeeve
|-supereffective|p2a: Jeeve
|-damage|p2a: Jeeve|0 fnt
|faint|p2a: Jeeve
|-end|p2a: Jeeve|Protosynthesis|[silent]
|
|upkeep
|
|t:|1779894550
|switch|p2a: Bip|Iron Leaves|100/100
|-enditem|p2a: Bip|Booster Energy
|-activate|p2a: Bip|ability: Quark Drive|[fromitem]
|-start|p2a: Bip|quarkdriveatk
|turn|9
|
|t:|1779894556
|move|p2a: Bip|Swords Dance|p2a: Bip
|-boost|p2a: Bip|atk|2
|move|p1a: Ursaring|Throat Chop|p2a: Bip
|-supereffective|p2a: Bip
|-crit|p2a: Bip
|-damage|p2a: Bip|1/100
|-start|p2a: Bip|Throat Chop|[silent]
|
|upkeep
|turn|10
|
|t:|1779894564
|move|p2a: Bip|Close Combat|p1a: Ursaring
|-supereffective|p1a: Ursaring
|-damage|p1a: Ursaring|0 fnt
|-unboost|p2a: Bip|def|1
|-unboost|p2a: Bip|spd|1
|faint|p1a: Ursaring
|
|-end|p2a: Bip|Throat Chop|[silent]
|upkeep
|
|t:|1779894570
|switch|p1a: Primeape|Primeape, F|100/100
|-damage|p1a: Primeape|95/100|[from] Stealth Rock
|turn|11
|
|t:|1779894590
|move|p2a: Bip|Psyblade|p1a: Primeape
|-supereffective|p1a: Primeape
|-damage|p1a: Primeape|0 fnt
|faint|p1a: Primeape
|
|upkeep
|
|t:|1779894592
|switch|p1a: Porygon2|Porygon2|100/100
|-damage|p1a: Porygon2|88/100|[from] Stealth Rock
|turn|12
|
|t:|1779894598
|move|p2a: Bip|Close Combat|p1a: Porygon2
|-supereffective|p1a: Porygon2
|-damage|p1a: Porygon2|0 fnt
|-unboost|p2a: Bip|def|1
|-unboost|p2a: Bip|spd|1
|faint|p1a: Porygon2
|
|upkeep
|
|t:|1779894600
|switch|p1a: Magneton|Magneton|100/100
|-damage|p1a: Magneton|95/100|[from] Stealth Rock
|turn|13
|
|t:|1779894608
|move|p2a: Bip|Close Combat|p1a: Magneton
|-supereffective|p1a: Magneton
|-damage|p1a: Magneton|0 fnt
|-unboost|p2a: Bip|def|1
|-unboost|p2a: Bip|spd|1
|faint|p1a: Magneton
|
|win|jsf130808
|raw|ankitayare134's rating: 1094 &rarr; <strong>1073</strong><br />(-21 for losing)
|raw|jsf130808's rating: 1135 &rarr; <strong>1157</strong><br />(+22 for winning)
|c|☆jsf130808|gg
|l|☆ankitayare134
|player|p1|
|l|☆jsf130808
|player|p2|
