|j|☆Barronmaster
|j|☆tecerdo
|t:|1779950864
|gametype|singles
|player|p1|Barronmaster|palmer|1469
|player|p2|tecerdo|gentleman-gen4dp|1504
|gen|9
|tier|[Gen 9] OU
|rated|
|rule|HP Percentage Mod: HP is shown in percentages
|rule|Endless Battle Clause: Forcing endless battles is banned
|rule|Species Clause: Limit one of each Pokémon
|rule|OHKO Clause: OHKO moves are banned
|rule|Evasion Items Clause: Evasion items are banned
|rule|Evasion Moves Clause: Evasion moves are banned
|rule|Evasion Abilities Clause: Evasion abilities are banned
|rule|Sleep Moves Clause: Sleep-inducing moves are banned
|clearpoke
|poke|p1|Hoopa-Unbound|
|poke|p1|Ninetales-Alola, F|
|poke|p1|Slowking-Galar, M|
|poke|p1|Cloyster, M|
|poke|p1|Zoroark, F|
|poke|p1|Indeedee, M|
|poke|p2|Pelipper, F|
|poke|p2|Beartic, F|
|poke|p2|Barraskewda, M|
|poke|p2|Bellibolt, M|
|poke|p2|Toxicroak, F|
|poke|p2|Iron Treads|
|teampreview
|inactive|Battle timer is ON: inactive players will automatically lose when time's up. (requested by tecerdo)
|inactive|Barronmaster has 120 seconds left.
|inactive|Barronmaster has 90 seconds left.
|
|t:|1779950945
|teamsize|p1|6
|teamsize|p2|6
|start
|switch|p1a: Hoopa|Hoopa-Unbound|100/100
|switch|p2a: Iron Treads|Iron Treads|100/100
|turn|1
|inactive|Barronmaster has 120 seconds left.
|
|t:|1779951002
|move|p2a: Iron Treads|Stealth Rock|p1a: Hoopa
|-sidestart|p1: Barronmaster|move: Stealth Rock
|move|p1a: Hoopa|Flamethrower|p2a: Iron Treads
|-supereffective|p2a: Iron Treads
|-damage|p2a: Iron Treads|30/100
|-damage|p1a: Hoopa|91/100|[from] item: Life Orb
|
|upkeep
|turn|2
|
|t:|1779951009
|move|p1a: Hoopa|Sucker Punch|p2a: Iron Treads
|-damage|p2a: Iron Treads|0 fnt
|faint|p2a: Iron Treads
|-end|p2a: Iron Treads|Quark Drive|[silent]
|-damage|p1a: Hoopa|81/100|[from] item: Life Orb
|
|upkeep
|
|t:|1779951013
|switch|p2a: Pelipper|Pelipper, F|100/100
|-weather|RainDance|[from] ability: Drizzle|[of] p2a: Pelipper
|turn|3
|
|t:|1779951039
|-terastallize|p1a: Hoopa|Fire
|move|p1a: Hoopa|Knock Off|p2a: Pelipper
|-damage|p2a: Pelipper|53/100
|-enditem|p2a: Pelipper|Damp Rock|[from] move: Knock Off|[of] p1a: Hoopa
|-damage|p1a: Hoopa|71/100|[from] item: Life Orb
|move|p2a: Pelipper|U-turn|p1a: Hoopa
|-resisted|p1a: Hoopa
|-damage|p1a: Hoopa|62/100
|replace|p1a: Zoroark|Zoroark, F
|-end|p1a: Zoroark|Illusion
|
|t:|1779951049
|switch|p2a: Barraskewda|Barraskewda, M|100/100|[from] U-turn
|
|-weather|RainDance|[upkeep]
|upkeep
|turn|4
|
|t:|1779951057
|move|p2a: Barraskewda|Aqua Jet|p1a: Zoroark
|-supereffective|p1a: Zoroark
|-damage|p1a: Zoroark|0 fnt
|faint|p1a: Zoroark
|
|-weather|RainDance|[upkeep]
|upkeep
|
|t:|1779951060
|switch|p1a: Ninetales|Ninetales-Alola, F|100/100
|-damage|p1a: Ninetales|76/100|[from] Stealth Rock
|-weather|Snowscape|[from] ability: Snow Warning|[of] p1a: Ninetales
|turn|5
|
|t:|1779951069
|switch|p2a: Pelipper|Pelipper, F|53/100
|-weather|RainDance|[from] ability: Drizzle|[of] p2a: Pelipper
|move|p1a: Ninetales|Moonblast|p2a: Pelipper
|-damage|p2a: Pelipper|3/100
|
|-weather|RainDance|[upkeep]
|upkeep
|turn|6
|inactive|Barronmaster has 120 seconds left.
|
|t:|1779951076
|switch|p2a: Bellibolt|Bellibolt, M|100/100
|move|p1a: Ninetales|Moonblast|p2a: Bellibolt
|-damage|p2a: Bellibolt|79/100
|-start|p2a: Bellibolt|Charge|Moonblast|[from] ability: Electromorphosis
|
|-weather|RainDance|[upkeep]
|upkeep
|turn|7
|
|t:|1779951082
|switch|p1a: Hoopa|Hoopa-Unbound|100/100
|-damage|p1a: Hoopa|88/100|[from] Stealth Rock
|move|p2a: Bellibolt|Parabolic Charge|p1a: Hoopa
|-damage|p1a: Hoopa|57/100
|-heal|p2a: Bellibolt|93/100|[from] drain|[of] p1a: Hoopa
|-end|p2a: Bellibolt|Charge|[silent]
|
|-weather|RainDance|[upkeep]
|upkeep
|turn|8
|
|t:|1779951101
|switch|p2a: Toxicroak|Toxicroak, F|100/100
|move|p1a: Hoopa|Psychic Noise|p2a: Toxicroak
|-supereffective|p2a: Toxicroak
|-damage|p2a: Toxicroak|0 fnt
|faint|p2a: Toxicroak
|
|-weather|RainDance|[upkeep]
|upkeep
|
|t:|1779951104
|switch|p2a: Barraskewda|Barraskewda, M|100/100
|turn|9
|
|t:|1779951120
|switch|p1a: Cloyster|Cloyster, M|100/100
|move|p2a: Barraskewda|Liquidation|p1a: Cloyster
|-resisted|p1a: Cloyster
|-damage|p1a: Cloyster|58/100
|
|-weather|none
|upkeep
|turn|10
|
|t:|1779951133
|-terastallize|p2a: Barraskewda|Water
|move|p2a: Barraskewda|Liquidation|p1a: Cloyster
|-resisted|p1a: Cloyster
|-damage|p1a: Cloyster|20/100
|move|p1a: Cloyster|Shell Smash|p1a: Cloyster
|-unboost|p1a: Cloyster|def|1
|-unboost|p1a: Cloyster|spd|1
|-boost|p1a: Cloyster|atk|2
|-boost|p1a: Cloyster|spa|2
|-boost|p1a: Cloyster|spe|2
|
|upkeep
|turn|11
|
|t:|1779951144
|switch|p2a: Pelipper|Pelipper, F|3/100
|-weather|RainDance|[from] ability: Drizzle|[of] p2a: Pelipper
|move|p1a: Cloyster|Rock Blast|p2a: Pelipper
|-supereffective|p2a: Pelipper
|-damage|p2a: Pelipper|0 fnt
|faint|p2a: Pelipper
|-hitcount|p2: Pelipper|1
|
|-weather|RainDance|[upkeep]
|upkeep
|
|t:|1779951147
|switch|p2a: Barraskewda|Barraskewda, M, tera:Water|100/100
|turn|12
|
|t:|1779951158
|move|p1a: Cloyster|Ice Shard|p2a: Barraskewda
|-resisted|p2a: Barraskewda
|-damage|p2a: Barraskewda|65/100
|move|p2a: Barraskewda|Liquidation|p1a: Cloyster
|-resisted|p1a: Cloyster
|-damage|p1a: Cloyster|0 fnt
|faint|p1a: Cloyster
|
|-weather|RainDance|[upkeep]
|upkeep
|
|t:|1779951159
|switch|p1a: Ninetales|Ninetales-Alola, F|76/100
|-damage|p1a: Ninetales|51/100|[from] Stealth Rock
|-weather|Snowscape|[from] ability: Snow Warning|[of] p1a: Ninetales
|turn|13
|
|t:|1779951163
|move|p2a: Barraskewda|Liquidation|p1a: Ninetales
|-damage|p1a: Ninetales|0 fnt
|faint|p1a: Ninetales
|
|-weather|Snowscape|[upkeep]
|upkeep
|
|t:|1779951167
|switch|p1a: Slowking|Slowking-Galar, M|100/100
|-damage|p1a: Slowking|88/100|[from] Stealth Rock
|turn|14
|
|t:|1779951179
|switch|p2a: Beartic|Beartic, F|100/100
|move|p1a: Slowking|Trick Room|p1a: Slowking
|-fieldstart|move: Trick Room|[of] p1a: Slowking
|
|-weather|Snowscape|[upkeep]
|-heal|p1a: Slowking|94/100|[from] item: Leftovers
|upkeep
|turn|15
|
|t:|1779951192
|move|p1a: Slowking|Nasty Plot|p1a: Slowking
|-boost|p1a: Slowking|spa|2
|move|p2a: Beartic|Substitute|p2a: Beartic
|-start|p2a: Beartic|Substitute
|-damage|p2a: Beartic|76/100
|
|-weather|Snowscape|[upkeep]
|-heal|p1a: Slowking|99/100|[from] item: Leftovers
|upkeep
|turn|16
|
|t:|1779951197
|move|p1a: Slowking|Psychic Noise|p2a: Beartic
|-damage|p2a: Beartic|0 fnt
|faint|p2a: Beartic
|
|-weather|Snowscape|[upkeep]
|-heal|p1a: Slowking|100/100|[from] item: Leftovers
|upkeep
|
|t:|1779951201
|switch|p2a: Bellibolt|Bellibolt, M|93/100
|turn|17
|
|t:|1779951205
|move|p1a: Slowking|Psychic Noise|p2a: Bellibolt
|-damage|p2a: Bellibolt|47/100
|-start|p2a: Bellibolt|move: Heal Block
|-start|p2a: Bellibolt|Charge|Psychic Noise|[from] ability: Electromorphosis
|cant|p2a: Bellibolt|move: Heal Block|Parabolic Charge
|-end|p2a: Bellibolt|Charge|[silent]
|
|-weather|none
|upkeep
|turn|18
|
|t:|1779951219
|move|p1a: Slowking|Psychic Noise|p2a: Bellibolt
|-damage|p2a: Bellibolt|8/100
|-start|p2a: Bellibolt|Charge|Psychic Noise|[from] ability: Electromorphosis
|move|p2a: Bellibolt|Volt Switch|p1a: Slowking
|-damage|p1a: Slowking|47/100
|-end|p2a: Bellibolt|Charge|[silent]
|
|t:|1779951222
|switch|p2a: Barraskewda|Barraskewda, M, tera:Water|65/100|[from] Volt Switch
|
|-heal|p1a: Slowking|53/100|[from] item: Leftovers
|-fieldend|move: Trick Room
|upkeep
|turn|19
|
|t:|1779951233
|switch|p1a: Hoopa|Hoopa-Unbound|57/100
|-damage|p1a: Hoopa|45/100|[from] Stealth Rock
|move|p2a: Barraskewda|Liquidation|p1a: Hoopa
|-damage|p1a: Hoopa|0 fnt
|faint|p1a: Hoopa
|
|upkeep
|
|t:|1779951238
|switch|p1a: Slowking|Slowking-Galar, M|86/100
|-damage|p1a: Slowking|74/100|[from] Stealth Rock
|turn|20
|
|t:|1779951244
|switch|p1a: Indeedee|Indeedee, M|100/100
|-damage|p1a: Indeedee|88/100|[from] Stealth Rock
|-fieldstart|move: Psychic Terrain|[from] ability: Psychic Surge|[of] p1a: Indeedee
|move|p2a: Barraskewda|Liquidation|p1a: Indeedee
|-damage|p1a: Indeedee|0 fnt
|faint|p1a: Indeedee
|
|upkeep
|
|t:|1779951246
|switch|p1a: Slowking|Slowking-Galar, M|100/100
|-damage|p1a: Slowking|88/100|[from] Stealth Rock
|turn|21
|
|t:|1779951251
|move|p2a: Barraskewda|Liquidation|p1a: Slowking
|-damage|p1a: Slowking|0 fnt
|faint|p1a: Slowking
|
|win|tecerdo
|raw|Barronmaster's rating: 1469 &rarr; <strong>1451</strong><br />(-18 for losing)
|raw|tecerdo's rating: 1504 &rarr; <strong>1522</strong><br />(+18 for winning)
|l|☆Barronmaster
|player|p1|
|l|☆tecerdo
|player|p2|
