|j|☆go faster ffs
|j|☆neomune
|t:|1779928958
|gametype|singles
|player|p1|go faster ffs|169|1263
|player|p2|neomune|pokemaniac|1290
|gen|9
|tier|[Gen 9] OU
|rated|
|rule|HP Percentage Mod: HP is shown in percentages
|rule|Endless Battle Clause: Forcing endless battles is banned
|rule|Species Clause: Limit one of each Pokémon
|rule|OHKO Clause: OHKO moves are banned
|rule|Evasion Items Clause: Evasion items are banned
|rule|Evasion Moves Clause: Evasion moves are banned
|rule|Evasion Abilities Clause: Evasion abilities are banned
|rule|Sleep Moves Clause: Sleep-inducing moves are banned
|clearpoke
|poke|p1|Quaquaval, F|
|poke|p1|Glimmora, F|
|poke|p1|Blissey, F|
|poke|p1|Scizor, M|
|poke|p1|Toxapex, M|
|poke|p1|Dusknoir, M|
|poke|p2|Ogerpon, F|
|poke|p2|Alomomola, M|
|poke|p2|Ceruledge, F|
|poke|p2|Enamorus, F|
|poke|p2|Thundurus, M|
|poke|p2|Walking Wake|
|teampreview
|inactive|Battle timer is ON: inactive players will automatically lose when time's up. (requested by go faster ffs)
|
|t:|1779928974
|teamsize|p1|6
|teamsize|p2|6
|start
|switch|p1a: Scizor|Scizor, M|100/100
|switch|p2a: Ceruledge|Ceruledge, F|100/100
|turn|1
|
|t:|1779928981
|switch|p1a: Toxapex|Toxapex, M|100/100
|move|p2a: Ceruledge|Poltergeist|p1a: Toxapex|[miss]
|-miss|p2a: Ceruledge|p1a: Toxapex
|
|upkeep
|turn|2
|
|t:|1779928988
|move|p2a: Ceruledge|Swords Dance|p2a: Ceruledge
|-boost|p2a: Ceruledge|atk|2
|move|p1a: Toxapex|Infestation|p2a: Ceruledge
|-resisted|p2a: Ceruledge
|-damage|p2a: Ceruledge|99/100
|-activate|p2a: Ceruledge|move: Infestation|[of] p1a: Toxapex
|
|-damage|p2a: Ceruledge|87/100|[from] move: Infestation|[partiallytrapped]
|upkeep
|turn|3
|
|t:|1779928996
|move|p2a: Ceruledge|Bitter Blade|p1a: Toxapex
|-resisted|p1a: Toxapex
|-damage|p1a: Toxapex|69/100
|-heal|p2a: Ceruledge|100/100|[from] drain|[of] p1a: Toxapex
|move|p1a: Toxapex|Toxic|p2a: Ceruledge
|-status|p2a: Ceruledge|tox
|
|-heal|p1a: Toxapex|75/100|[from] item: Leftovers
|-damage|p2a: Ceruledge|94/100 tox|[from] psn
|-damage|p2a: Ceruledge|82/100 tox|[from] move: Infestation|[partiallytrapped]
|upkeep
|turn|4
|
|t:|1779929001
|move|p2a: Ceruledge|Bitter Blade|p1a: Toxapex
|-resisted|p1a: Toxapex
|-damage|p1a: Toxapex|47/100
|-heal|p2a: Ceruledge|97/100 tox|[from] drain|[of] p1a: Toxapex
|move|p1a: Toxapex|Haze|p1a: Toxapex
|-clearallboost
|
|-heal|p1a: Toxapex|53/100|[from] item: Leftovers
|-damage|p2a: Ceruledge|85/100 tox|[from] psn
|-damage|p2a: Ceruledge|72/100 tox|[from] move: Infestation|[partiallytrapped]
|upkeep
|turn|5
|
|t:|1779929009
|move|p2a: Ceruledge|Poltergeist|p1a: Toxapex|[miss]
|-miss|p2a: Ceruledge|p1a: Toxapex
|move|p1a: Toxapex|Infestation|p2a: Ceruledge
|-resisted|p2a: Ceruledge
|-damage|p2a: Ceruledge|72/100 tox
|
|-heal|p1a: Toxapex|59/100|[from] item: Leftovers
|-damage|p2a: Ceruledge|53/100 tox|[from] psn
|-damage|p2a: Ceruledge|41/100 tox|[from] move: Infestation|[partiallytrapped]
|upkeep
|turn|6
|
|t:|1779929016
|switch|p2a: Alomomola|Alomomola, M|100/100
|move|p1a: Toxapex|Protect||[still]
|-fail|p1a: Toxapex
|
|-heal|p1a: Toxapex|65/100|[from] item: Leftovers
|upkeep
|turn|7
|
|t:|1779929023
|move|p2a: Alomomola|Flip Turn|p1a: Toxapex
|-resisted|p1a: Toxapex
|-damage|p1a: Toxapex|60/100
|
|t:|1779929025
|switch|p2a: Ceruledge|Ceruledge, F|41/100 tox|[from] Flip Turn
|move|p1a: Toxapex|Infestation|p2a: Ceruledge
|-resisted|p2a: Ceruledge
|-damage|p2a: Ceruledge|40/100 tox
|-activate|p2a: Ceruledge|move: Infestation|[of] p1a: Toxapex
|
|-heal|p1a: Toxapex|67/100|[from] item: Leftovers
|-damage|p2a: Ceruledge|34/100 tox|[from] psn
|-damage|p2a: Ceruledge|21/100 tox|[from] move: Infestation|[partiallytrapped]
|upkeep
|turn|8
|
|t:|1779929034
|switch|p2a: Alomomola|Alomomola, M|100/100
|move|p1a: Toxapex|Haze|p1a: Toxapex
|-clearallboost
|
|-heal|p1a: Toxapex|73/100|[from] item: Leftovers
|upkeep
|turn|9
|
|t:|1779929043
|move|p2a: Alomomola|Wish|p2a: Alomomola
|move|p1a: Toxapex|Infestation|p2a: Alomomola
|-damage|p2a: Alomomola|98/100
|-activate|p2a: Alomomola|move: Infestation|[of] p1a: Toxapex
|
|-heal|p2a: Alomomola|100/100|[from] item: Leftovers
|-heal|p1a: Toxapex|79/100|[from] item: Leftovers
|-damage|p2a: Alomomola|88/100|[from] move: Infestation|[partiallytrapped]
|upkeep
|turn|10
|
|t:|1779929046
|move|p1a: Toxapex|Protect|p1a: Toxapex
|-singleturn|p1a: Toxapex|Protect
|move|p2a: Alomomola|Flip Turn|p1a: Toxapex
|-activate|p1a: Toxapex|move: Protect
|
|-heal|p2a: Alomomola|100/100|[from] move: Wish|[wisher] Alomomola
|-heal|p1a: Toxapex|85/100|[from] item: Leftovers
|-damage|p2a: Alomomola|88/100|[from] move: Infestation|[partiallytrapped]
|upkeep
|turn|11
|
|t:|1779929052
|move|p2a: Alomomola|Wish|p2a: Alomomola
|move|p1a: Toxapex|Infestation|p2a: Alomomola
|-damage|p2a: Alomomola|85/100
|
|-heal|p2a: Alomomola|91/100|[from] item: Leftovers
|-heal|p1a: Toxapex|92/100|[from] item: Leftovers
|-damage|p2a: Alomomola|79/100|[from] move: Infestation|[partiallytrapped]
|upkeep
|turn|12
|
|t:|1779929059
|move|p1a: Toxapex|Protect|p1a: Toxapex
|-singleturn|p1a: Toxapex|Protect
|move|p2a: Alomomola|Flip Turn|p1a: Toxapex
|-activate|p1a: Toxapex|move: Protect
|
|-heal|p2a: Alomomola|100/100|[from] move: Wish|[wisher] Alomomola
|-heal|p1a: Toxapex|98/100|[from] item: Leftovers
|-damage|p2a: Alomomola|88/100|[from] move: Infestation|[partiallytrapped]
|upkeep
|turn|13
|
|t:|1779929063
|switch|p1a: Scizor|Scizor, M|100/100
|move|p2a: Alomomola|Wish|p2a: Alomomola
|
|-heal|p2a: Alomomola|94/100|[from] item: Leftovers
|-end|p2a: Alomomola|Infestation|[partiallytrapped]|[silent]
|upkeep
|turn|14
|
|t:|1779929068
|move|p1a: Scizor|Knock Off|p2a: Alomomola
|-damage|p2a: Alomomola|63/100
|-enditem|p2a: Alomomola|Leftovers|[from] move: Knock Off|[of] p1a: Scizor
|move|p2a: Alomomola|Flip Turn|p1a: Scizor
|-crit|p1a: Scizor
|-damage|p1a: Scizor|75/100
|
|t:|1779929081
|switch|p2a: Walking Wake|Walking Wake|100/100|[from] Flip Turn
|-enditem|p2a: Walking Wake|Booster Energy
|-activate|p2a: Walking Wake|ability: Protosynthesis|[fromitem]
|-start|p2a: Walking Wake|protosynthesisspe
|
|upkeep
|turn|15
|
|t:|1779929086
|switch|p1a: Blissey|Blissey, F|100/100
|move|p2a: Walking Wake|Flamethrower|p1a: Blissey
|-damage|p1a: Blissey|92/100
|
|-heal|p1a: Blissey|98/100|[from] item: Leftovers
|upkeep
|turn|16
|
|t:|1779929097
|-end|p2a: Walking Wake|Protosynthesis|[silent]
|switch|p2a: Alomomola|Alomomola, M|96/100
|move|p1a: Blissey|Seismic Toss|p2a: Alomomola
|-damage|p2a: Alomomola|78/100
|
|-heal|p1a: Blissey|100/100|[from] item: Leftovers
|upkeep
|turn|17
|
|t:|1779929107
|switch|p1a: Glimmora|Glimmora, F|100/100
|move|p2a: Alomomola|Wish|p2a: Alomomola
|
|upkeep
|turn|18
|
|t:|1779929115
|move|p1a: Glimmora|Sludge Wave|p2a: Alomomola
|-damage|p2a: Alomomola|11/100
|move|p2a: Alomomola|Whirlpool|p1a: Glimmora
|-supereffective|p1a: Glimmora
|-damage|p1a: Glimmora|84/100
|-activate|p1a: Glimmora|move: Whirlpool|[of] p2a: Alomomola
|
|-heal|p2a: Alomomola|61/100|[from] move: Wish|[wisher] Alomomola
|-damage|p1a: Glimmora|72/100|[from] move: Whirlpool|[partiallytrapped]
|upkeep
|turn|19
|
|t:|1779929126
|move|p1a: Glimmora|Sludge Wave|p2a: Alomomola
|-damage|p2a: Alomomola|1/100
|move|p2a: Alomomola|Wish|p2a: Alomomola
|
|-damage|p1a: Glimmora|60/100|[from] move: Whirlpool|[partiallytrapped]
|upkeep
|turn|20
|
|t:|1779929133
|switch|p2a: Thundurus|Thundurus, M|100/100
|move|p1a: Glimmora|Sludge Wave|p2a: Thundurus
|-damage|p2a: Thundurus|27/100
|
|-heal|p2a: Thundurus|100/100|[from] move: Wish|[wisher] Alomomola
|-end|p1a: Glimmora|Whirlpool|[partiallytrapped]|[silent]
|upkeep
|turn|21
|
|t:|1779929141
|switch|p1a: Blissey|Blissey, F|100/100
|move|p2a: Thundurus|Thunder Wave|p1a: Blissey
|-status|p1a: Blissey|par
|
|upkeep
|turn|22
|
|t:|1779929144
|move|p2a: Thundurus|Nasty Plot|p2a: Thundurus
|-boost|p2a: Thundurus|spa|2
|move|p1a: Blissey|Seismic Toss|p2a: Thundurus
|-damage|p2a: Thundurus|67/100
|
|upkeep
|turn|23
|
|t:|1779929153
|move|p2a: Thundurus|Nasty Plot|p2a: Thundurus
|-boost|p2a: Thundurus|spa|2
|move|p1a: Blissey|Seismic Toss|p2a: Thundurus
|-damage|p2a: Thundurus|34/100
|
|upkeep
|turn|24
|
|t:|1779929159
|move|p2a: Thundurus|Discharge|p1a: Blissey
|-damage|p1a: Blissey|67/100 par
|move|p1a: Blissey|Seismic Toss|p2a: Thundurus
|-damage|p2a: Thundurus|0 fnt
|faint|p2a: Thundurus
|
|-heal|p1a: Blissey|73/100 par|[from] item: Leftovers
|upkeep
|
|t:|1779929162
|switch|p2a: Ogerpon|Ogerpon, F|100/100
|turn|25
|
|t:|1779929165
|-curestatus|p1a: Blissey|par|[from] ability: Natural Cure|[silent]
|switch|p1a: Toxapex|Toxapex, M|100/100
|move|p2a: Ogerpon|U-turn|p1a: Toxapex
|-resisted|p1a: Toxapex
|-damage|p1a: Toxapex|90/100
|
|t:|1779929172
|switch|p2a: Enamorus|Enamorus, F|100/100|[from] U-turn
|
|-heal|p1a: Toxapex|96/100|[from] item: Leftovers
|upkeep
|turn|26
|
|t:|1779929178
|-terastallize|p2a: Enamorus|Steel
|move|p2a: Enamorus|Calm Mind|p2a: Enamorus
|-boost|p2a: Enamorus|spa|1
|-boost|p2a: Enamorus|spd|1
|move|p1a: Toxapex|Toxic|p2a: Enamorus
|-immune|p2a: Enamorus
|
|-heal|p1a: Toxapex|100/100|[from] item: Leftovers
|upkeep
|turn|27
|
|t:|1779929185
|move|p2a: Enamorus|Calm Mind|p2a: Enamorus
|-boost|p2a: Enamorus|spa|1
|-boost|p2a: Enamorus|spd|1
|move|p1a: Toxapex|Haze|p1a: Toxapex
|-clearallboost
|
|upkeep
|turn|28
|
|t:|1779929187
|move|p2a: Enamorus|Calm Mind|p2a: Enamorus
|-boost|p2a: Enamorus|spa|1
|-boost|p2a: Enamorus|spd|1
|move|p1a: Toxapex|Infestation|p2a: Enamorus
|-resisted|p2a: Enamorus
|-damage|p2a: Enamorus|99/100
|-activate|p2a: Enamorus|move: Infestation|[of] p1a: Toxapex
|-start|p1a: Toxapex|Attract|[from] ability: Cute Charm|[of] p2a: Enamorus
|
|-damage|p2a: Enamorus|87/100|[from] move: Infestation|[partiallytrapped]
|upkeep
|turn|29
|
|t:|1779929191
|move|p2a: Enamorus|Earth Power|p1a: Toxapex
|-supereffective|p1a: Toxapex
|-damage|p1a: Toxapex|33/100
|-activate|p1a: Toxapex|move: Attract|[of] p2a: Enamorus
|move|p1a: Toxapex|Haze|p1a: Toxapex
|-clearallboost
|
|-heal|p1a: Toxapex|40/100|[from] item: Leftovers
|-damage|p2a: Enamorus|74/100|[from] move: Infestation|[partiallytrapped]
|upkeep
|turn|30
|
|t:|1779929198
|-activate|p1a: Toxapex|move: Attract|[of] p2a: Enamorus
|cant|p1a: Toxapex|Attract
|move|p2a: Enamorus|Calm Mind|p2a: Enamorus
|-boost|p2a: Enamorus|spa|1
|-boost|p2a: Enamorus|spd|1
|
|-heal|p1a: Toxapex|46/100|[from] item: Leftovers
|-damage|p2a: Enamorus|62/100|[from] move: Infestation|[partiallytrapped]
|upkeep
|turn|31
|
|t:|1779929208
|move|p2a: Enamorus|Earth Power|p1a: Toxapex
|-supereffective|p1a: Toxapex
|-damage|p1a: Toxapex|0 fnt
|faint|p1a: Toxapex
|
|-end|p2a: Enamorus|Infestation|[partiallytrapped]|[silent]
|upkeep
|
|t:|1779929212
|switch|p1a: Dusknoir|Dusknoir, M|100/100
|-ability|p1a: Dusknoir|Pressure
|turn|32
|
|t:|1779929219
|switch|p2a: Alomomola|Alomomola, M|34/100
|move|p1a: Dusknoir|Trick|p2a: Alomomola
|-activate|p1a: Dusknoir|move: Trick|[of] p2a: Alomomola
|-item|p2a: Alomomola|Choice Scarf|[from] move: Trick
|-enditem|p1a: Dusknoir|Choice Scarf|[silent]|[from] move: Trick
|
|upkeep
|turn|33
|
|t:|1779929226
|move|p2a: Alomomola|Flip Turn|p1a: Dusknoir
|-damage|p1a: Dusknoir|89/100
|
|t:|1779929230
|switch|p2a: Enamorus|Enamorus, F, tera:Steel|62/100|[from] Flip Turn
|move|p1a: Dusknoir|Will-O-Wisp|p2a: Enamorus|[miss]
|-miss|p1a: Dusknoir|p2a: Enamorus
|
|upkeep
|turn|34
|
|t:|1779929237
|move|p2a: Enamorus|Calm Mind|p2a: Enamorus
|-boost|p2a: Enamorus|spa|1
|-boost|p2a: Enamorus|spd|1
|move|p1a: Dusknoir|Trick|p2a: Enamorus
|-activate|p1a: Dusknoir|move: Trick|[of] p2a: Enamorus
|-enditem|p2a: Enamorus|Lum Berry|[silent]|[from] move: Trick
|-item|p1a: Dusknoir|Lum Berry|[from] move: Trick
|
|upkeep
|turn|35
|
|t:|1779929246
|move|p2a: Enamorus|Moonblast|p1a: Dusknoir
|-damage|p1a: Dusknoir|26/100
|-unboost|p1a: Dusknoir|spa|1
|move|p1a: Dusknoir|Will-O-Wisp|p2a: Enamorus
|-status|p2a: Enamorus|brn
|
|-damage|p2a: Enamorus|56/100 brn|[from] brn
|upkeep
|turn|36
|
|t:|1779929251
|switch|p1a: Blissey|Blissey, F|73/100
|move|p2a: Enamorus|Moonblast|p1a: Blissey
|-damage|p1a: Blissey|51/100
|
|-heal|p1a: Blissey|57/100|[from] item: Leftovers
|-damage|p2a: Enamorus|49/100 brn|[from] brn
|upkeep
|turn|37
|
|t:|1779929256
|switch|p2a: Ogerpon|Ogerpon, F|100/100
|move|p1a: Blissey|Seismic Toss|p2a: Ogerpon
|-damage|p2a: Ogerpon|67/100
|
|-heal|p1a: Blissey|63/100|[from] item: Leftovers
|upkeep
|turn|38
|
|t:|1779929262
|switch|p1a: Glimmora|Glimmora, F|60/100
|move|p2a: Ogerpon|Ivy Cudgel|p1a: Glimmora
|-damage|p1a: Glimmora|0 fnt
|-activate|p1a: Glimmora|ability: Toxic Debris
|-sidestart|p2: neomune|move: Toxic Spikes
|faint|p1a: Glimmora
|
|upkeep
|
|t:|1779929265
|switch|p1a: Quaquaval|Quaquaval, F|100/100
|turn|39
|
|t:|1779929267
|-terastallize|p1a: Quaquaval|Dark
|move|p2a: Ogerpon|Ivy Cudgel|p1a: Quaquaval
|-crit|p1a: Quaquaval
|-damage|p1a: Quaquaval|0 fnt
|faint|p1a: Quaquaval
|
|upkeep
|
|t:|1779929271
|switch|p1a: Scizor|Scizor, M|75/100
|turn|40
|
|t:|1779929275
|switch|p2a: Alomomola|Alomomola, M|68/100
|-status|p2a: Alomomola|psn
|move|p1a: Scizor|U-turn|p2a: Alomomola
|-damage|p2a: Alomomola|36/100 psn
|
|t:|1779929281
|switch|p1a: Dusknoir|Dusknoir, M|26/100|[from] U-turn
|-ability|p1a: Dusknoir|Pressure
|
|-damage|p2a: Alomomola|23/100 psn|[from] psn
|upkeep
|turn|41
|
|t:|1779929287
|move|p2a: Alomomola|Flip Turn|p1a: Dusknoir
|-damage|p1a: Dusknoir|15/100
|
|t:|1779929292
|switch|p2a: Ogerpon|Ogerpon, F|67/100|[from] Flip Turn
|-status|p2a: Ogerpon|psn
|move|p1a: Dusknoir|Pain Split|p2a: Ogerpon
|-sethp|p2a: Ogerpon|41/100 psn|[from] move: Pain Split|[silent]
|-sethp|p1a: Dusknoir|42/100|[from] move: Pain Split
|
|-damage|p2a: Ogerpon|28/100 psn|[from] psn
|upkeep
|turn|42
|
|t:|1779929303
|move|p2a: Ogerpon|Knock Off|p1a: Dusknoir
|-supereffective|p1a: Dusknoir
|-damage|p1a: Dusknoir|0 fnt
|-enditem|p1a: Dusknoir|Lum Berry|[from] move: Knock Off|[of] p2a: Ogerpon
|faint|p1a: Dusknoir
|
|-damage|p2a: Ogerpon|16/100 psn|[from] psn
|upkeep
|
|t:|1779929305
|switch|p1a: Scizor|Scizor, M|75/100
|turn|43
|
|t:|1779929307
|move|p1a: Scizor|Bullet Punch|p2a: Ogerpon
|-damage|p2a: Ogerpon|0 fnt
|faint|p2a: Ogerpon
|
|upkeep
|
|t:|1779929317
|switch|p2a: Walking Wake|Walking Wake|100/100
|-status|p2a: Walking Wake|psn
|turn|44
|
|t:|1779929320
|switch|p1a: Blissey|Blissey, F|63/100
|move|p2a: Walking Wake|Flamethrower|p1a: Blissey
|-damage|p1a: Blissey|54/100
|
|-heal|p1a: Blissey|60/100|[from] item: Leftovers
|-damage|p2a: Walking Wake|88/100 psn|[from] psn
|upkeep
|turn|45
|
|t:|1779929324
|-end|p2a: Walking Wake|Protosynthesis|[silent]
|switch|p2a: Alomomola|Alomomola, M|56/100 psn
|move|p1a: Blissey|Soft-Boiled|p1a: Blissey
|-heal|p1a: Blissey|100/100
|
|-damage|p2a: Alomomola|44/100 psn|[from] psn
|upkeep
|turn|46
|
|t:|1779929327
|move|p2a: Alomomola|Wish|p2a: Alomomola
|move|p1a: Blissey|Seismic Toss|p2a: Alomomola
|-damage|p2a: Alomomola|25/100 psn
|
|-damage|p2a: Alomomola|13/100 psn|[from] psn
|upkeep
|turn|47
|
|t:|1779929333
|switch|p2a: Ceruledge|Ceruledge, F|21/100 tox
|move|p1a: Blissey|Seismic Toss|p2a: Ceruledge
|-immune|p2a: Ceruledge
|
|-heal|p2a: Ceruledge|100/100 tox|[from] move: Wish|[wisher] Alomomola
|-damage|p2a: Ceruledge|94/100 tox|[from] psn
|upkeep
|turn|48
|
|t:|1779929341
|move|p2a: Ceruledge|Swords Dance|p2a: Ceruledge
|-boost|p2a: Ceruledge|atk|2
|move|p1a: Blissey|Shadow Ball|p2a: Ceruledge
|-supereffective|p2a: Ceruledge
|-damage|p2a: Ceruledge|61/100 tox
|
|-damage|p2a: Ceruledge|49/100 tox|[from] psn
|upkeep
|turn|49
|
|t:|1779929344
|move|p2a: Ceruledge|Bitter Blade|p1a: Blissey
|-damage|p1a: Blissey|0 fnt
|-heal|p2a: Ceruledge|100/100 tox|[from] drain|[of] p1a: Blissey
|faint|p1a: Blissey
|
|-damage|p2a: Ceruledge|82/100 tox|[from] psn
|upkeep
|
|t:|1779929346
|switch|p1a: Scizor|Scizor, M|75/100
|turn|50
|
|t:|1779929350
|move|p2a: Ceruledge|Shadow Sneak|p1a: Scizor
|-damage|p1a: Scizor|36/100
|move|p1a: Scizor|Bullet Punch|p2a: Ceruledge
|-resisted|p2a: Ceruledge
|-crit|p2a: Ceruledge
|-damage|p2a: Ceruledge|30/100 tox
|-ability|p2a: Ceruledge|Weak Armor|boost
|-unboost|p2a: Ceruledge|def|1
|-boost|p2a: Ceruledge|spe|2
|
|-damage|p2a: Ceruledge|6/100 tox|[from] psn
|upkeep
|turn|51
|
|t:|1779929356
|move|p2a: Ceruledge|Shadow Sneak|p1a: Scizor
|-damage|p1a: Scizor|0 fnt
|faint|p1a: Scizor
|
|win|neomune
|raw|go faster ffs's rating: 1289 &rarr; <strong>1264</strong><br />(-25 for losing)
|raw|neomune's rating: 1290 &rarr; <strong>1315</strong><br />(+25 for winning)
|l|☆go faster ffs
|player|p1|
|l|☆neomune
|player|p2|
