|j|☆claudechamp
|j|☆its Absolute
|t:|1779908395
|gametype|singles
|player|p1|claudechamp|169|1193
|player|p2|its Absolute|scientistf|1135
|gen|9
|tier|[Gen 9] OU
|rated|
|rule|HP Percentage Mod: HP is shown in percentages
|rule|Endless Battle Clause: Forcing endless battles is banned
|rule|Species Clause: Limit one of each Pokémon
|rule|OHKO Clause: OHKO moves are banned
|rule|Evasion Items Clause: Evasion items are banned
|rule|Evasion Moves Clause: Evasion moves are banned
|rule|Evasion Abilities Clause: Evasion abilities are banned
|rule|Sleep Moves Clause: Sleep-inducing moves are banned
|clearpoke
|poke|p1|Gliscor, F|
|poke|p1|Gholdengo|
|poke|p1|Zamazenta-*|
|poke|p1|Blissey, F|
|poke|p1|Skarmory, M|
|poke|p1|Pecharunt|
|poke|p2|Iron Moth|
|poke|p2|Gliscor, M|
|poke|p2|Hatterene, F|
|poke|p2|Ogerpon-Wellspring, F|
|poke|p2|Raging Bolt|
|poke|p2|Zamazenta-*|
|teampreview
|c|☆claudechamp|hf
|inactive|Battle timer is ON: inactive players will automatically lose when time's up. (requested by claudechamp)
|
|t:|1779908407
|teamsize|p1|6
|teamsize|p2|6
|start
|switch|p1a: Skarmory|Skarmory, M|100/100
|switch|p2a: Zamazenta|Zamazenta|100/100
|-ability|p2a: Zamazenta|Dauntless Shield|boost
|-boost|p2a: Zamazenta|def|1
|turn|1
|
|t:|1779908409
|move|p2a: Zamazenta|Reflect|p2a: Zamazenta
|-sidestart|p2: its Absolute|Reflect
|move|p1a: Skarmory|Spikes|p2a: Zamazenta
|-sidestart|p2: its Absolute|Spikes
|
|upkeep
|turn|2
|
|t:|1779908415
|switch|p2a: Hatterene|Hatterene, F|100/100
|-damage|p2a: Hatterene|88/100|[from] Spikes
|move|p1a: Skarmory|Spikes|p2a: Hatterene
|move|p2a: Hatterene|Spikes|p1a: Skarmory|[from] ability: Magic Bounce
|-sidestart|p1: claudechamp|Spikes
|
|-heal|p2a: Hatterene|94/100|[from] item: Leftovers
|upkeep
|turn|3
|
|t:|1779908429
|switch|p1a: Gliscor|Gliscor, F|100/100
|move|p2a: Hatterene|Calm Mind|p2a: Hatterene
|-boost|p2a: Hatterene|spa|1
|-boost|p2a: Hatterene|spd|1
|
|-heal|p2a: Hatterene|99/100|[from] item: Leftovers
|-status|p1a: Gliscor|tox|[from] item: Toxic Orb
|upkeep
|turn|4
|
|t:|1779908438
|move|p1a: Gliscor|Knock Off|p2a: Hatterene
|-damage|p2a: Hatterene|92/100
|-enditem|p2a: Hatterene|Leftovers|[from] move: Knock Off|[of] p1a: Gliscor
|move|p2a: Hatterene|Calm Mind|p2a: Hatterene
|-boost|p2a: Hatterene|spa|1
|-boost|p2a: Hatterene|spd|1
|
|upkeep
|turn|5
|
|t:|1779908445
|switch|p1a: Skarmory|Skarmory, M|100/100
|move|p2a: Hatterene|Draining Kiss|p1a: Skarmory
|-resisted|p1a: Skarmory
|-damage|p1a: Skarmory|67/100
|-heal|p2a: Hatterene|100/100|[from] drain|[of] p1a: Skarmory
|
|upkeep
|turn|6
|
|t:|1779908465
|move|p2a: Hatterene|Calm Mind|p2a: Hatterene
|-boost|p2a: Hatterene|spa|1
|-boost|p2a: Hatterene|spd|1
|move|p1a: Skarmory|Whirlwind|p2a: Hatterene
|move|p2a: Hatterene|Whirlwind|p1a: Skarmory|[from] ability: Magic Bounce
|drag|p1a: Blissey|Blissey, F|100/100
|
|upkeep
|turn|7
|
|t:|1779908477
|-terastallize|p1a: Blissey|Dark
|move|p1a: Blissey|Calm Mind|p1a: Blissey
|-boost|p1a: Blissey|spa|1
|-boost|p1a: Blissey|spd|1
|move|p2a: Hatterene|Stored Power|p1a: Blissey
|-immune|p1a: Blissey
|
|upkeep
|turn|8
|
|t:|1779908488
|move|p1a: Blissey|Shadow Ball|p2a: Hatterene
|-supereffective|p2a: Hatterene
|-damage|p2a: Hatterene|83/100
|move|p2a: Hatterene|Draining Kiss|p1a: Blissey
|-supereffective|p1a: Blissey
|-damage|p1a: Blissey|77/100
|-heal|p2a: Hatterene|100/100|[from] drain|[of] p1a: Blissey
|
|-sideend|p2: its Absolute|Reflect
|upkeep
|turn|9
|
|t:|1779908501
|move|p1a: Blissey|Shadow Ball|p2a: Hatterene
|-supereffective|p2a: Hatterene
|-damage|p2a: Hatterene|83/100
|-unboost|p2a: Hatterene|spd|1
|move|p2a: Hatterene|Calm Mind|p2a: Hatterene
|-boost|p2a: Hatterene|spa|1
|-boost|p2a: Hatterene|spd|1
|
|upkeep
|turn|10
|
|t:|1779908506
|move|p1a: Blissey|Shadow Ball|p2a: Hatterene
|-supereffective|p2a: Hatterene
|-damage|p2a: Hatterene|65/100
|move|p2a: Hatterene|Calm Mind|p2a: Hatterene
|-boost|p2a: Hatterene|spa|1
|-boost|p2a: Hatterene|spd|1
|
|upkeep
|turn|11
|
|t:|1779908518
|move|p1a: Blissey|Shadow Ball|p2a: Hatterene
|-supereffective|p2a: Hatterene
|-damage|p2a: Hatterene|49/100
|move|p2a: Hatterene|Draining Kiss|p1a: Blissey
|-supereffective|p1a: Blissey
|-damage|p1a: Blissey|44/100
|-heal|p2a: Hatterene|100/100|[from] drain|[of] p1a: Blissey
|
|upkeep
|turn|12
|
|t:|1779908536
|switch|p1a: Skarmory|Skarmory, M|67/100
|move|p2a: Hatterene|Draining Kiss|p1a: Skarmory
|-resisted|p1a: Skarmory
|-damage|p1a: Skarmory|16/100
|
|upkeep
|turn|13
|
|t:|1779908540
|move|p2a: Hatterene|Calm Mind|p2a: Hatterene
|-boost|p2a: Hatterene|spa|1
|-boost|p2a: Hatterene|spd|1
|move|p1a: Skarmory|Whirlwind|p2a: Hatterene
|move|p2a: Hatterene|Whirlwind|p1a: Skarmory|[from] ability: Magic Bounce
|drag|p1a: Zamazenta|Zamazenta|100/100
|-ability|p1a: Zamazenta|Dauntless Shield|boost
|-boost|p1a: Zamazenta|def|1
|
|upkeep
|turn|14
|
|t:|1779908551
|switch|p1a: Skarmory|Skarmory, M|16/100
|move|p2a: Hatterene|Draining Kiss|p1a: Skarmory
|-resisted|p1a: Skarmory
|-crit|p1a: Skarmory
|-damage|p1a: Skarmory|0 fnt
|faint|p1a: Skarmory
|
|upkeep
|
|t:|1779908556
|switch|p1a: Blissey|Blissey, F, tera:Dark|44/100
|turn|15
|
|t:|1779908577
|move|p1a: Blissey|Shadow Ball|p2a: Hatterene
|-supereffective|p2a: Hatterene
|-damage|p2a: Hatterene|93/100
|move|p2a: Hatterene|Draining Kiss|p1a: Blissey
|-supereffective|p1a: Blissey
|-damage|p1a: Blissey|0 fnt
|-heal|p2a: Hatterene|100/100|[from] drain|[of] p1a: Blissey
|faint|p1a: Blissey
|
|upkeep
|c|☆its Absolute|Gg
|
|t:|1779908584
|switch|p1a: Gholdengo|Gholdengo|100/100
|-damage|p1a: Gholdengo|88/100|[from] Spikes
|turn|16
|
|t:|1779908596
|move|p1a: Gholdengo|Hex|p2a: Hatterene
|-supereffective|p2a: Hatterene
|-damage|p2a: Hatterene|85/100
|move|p2a: Hatterene|Mystical Fire|p1a: Gholdengo
|-supereffective|p1a: Gholdengo
|-crit|p1a: Gholdengo
|-damage|p1a: Gholdengo|0 fnt
|faint|p1a: Gholdengo
|
|upkeep
|
|t:|1779908608
|switch|p1a: Gliscor|Gliscor, F|100/100 tox
|turn|17
|
|t:|1779908613
|move|p1a: Gliscor|Earthquake|p2a: Hatterene
|-damage|p2a: Hatterene|57/100
|move|p2a: Hatterene|Draining Kiss|p1a: Gliscor
|-damage|p1a: Gliscor|25/100 tox
|-heal|p2a: Hatterene|100/100|[from] drain|[of] p1a: Gliscor
|
|-heal|p1a: Gliscor|38/100 tox|[from] ability: Poison Heal
|upkeep
|turn|18
|
|t:|1779908617
|switch|p1a: Pecharunt|Pecharunt|100/100
|move|p2a: Hatterene|Stored Power|p1a: Pecharunt
|-supereffective|p1a: Pecharunt
|-damage|p1a: Pecharunt|0 fnt
|faint|p1a: Pecharunt
|
|upkeep
|
|t:|1779908619
|switch|p1a: Zamazenta|Zamazenta|100/100
|turn|19
|
|t:|1779908622
|move|p1a: Zamazenta|Ice Fang|p2a: Hatterene
|-damage|p2a: Hatterene|83/100
|move|p2a: Hatterene|Stored Power|p1a: Zamazenta
|-supereffective|p1a: Zamazenta
|-damage|p1a: Zamazenta|0 fnt
|faint|p1a: Zamazenta
|
|upkeep
|
|t:|1779908626
|switch|p1a: Gliscor|Gliscor, F|38/100 tox
|turn|20
|
|t:|1779908633
|move|p1a: Gliscor|Earthquake|p2a: Hatterene
|-damage|p2a: Hatterene|57/100
|move|p2a: Hatterene|Mystical Fire|p1a: Gliscor
|-damage|p1a: Gliscor|0 fnt
|faint|p1a: Gliscor
|
|win|its Absolute
|raw|claudechamp's rating: 1193 &rarr; <strong>1164</strong><br />(-29 for losing)
|raw|its Absolute's rating: 1135 &rarr; <strong>1164</strong><br />(+29 for winning)
|c|☆claudechamp|gg
|l|☆its Absolute
|player|p2|
