|j|☆110i119p
|j|☆Fue cinco
|t:|1779956899
|gametype|singles
|player|p1|110i119p|169|1114
|player|p2|Fue cinco|lass-gen4dp|1131
|gen|9
|tier|[Gen 9] OU
|rated|
|rule|HP Percentage Mod: HP is shown in percentages
|rule|Endless Battle Clause: Forcing endless battles is banned
|rule|Species Clause: Limit one of each Pokémon
|rule|OHKO Clause: OHKO moves are banned
|rule|Evasion Items Clause: Evasion items are banned
|rule|Evasion Moves Clause: Evasion moves are banned
|rule|Evasion Abilities Clause: Evasion abilities are banned
|rule|Sleep Moves Clause: Sleep-inducing moves are banned
|clearpoke
|poke|p1|Iron Valiant|
|poke|p1|Rillaboom, F|
|poke|p1|Hawlucha, F|
|poke|p1|Tyranitar, M|
|poke|p1|Dragapult, M|
|poke|p1|Cinderace, M|
|poke|p2|Araquanid, F|
|poke|p2|Honchkrow, M|
|poke|p2|Great Tusk|
|poke|p2|Dragonite, M|
|poke|p2|Glimmora, M|
|poke|p2|Gholdengo|
|teampreview
|inactive|Battle timer is ON: inactive players will automatically lose when time's up. (requested by Fue cinco)
|
|t:|1779956920
|teamsize|p1|6
|teamsize|p2|6
|start
|switch|p1a: Dragapult|Dragapult, M|100/100
|switch|p2a: Furio Glimunta|Glimmora, M|100/100
|turn|1
|
|t:|1779956926
|move|p1a: Dragapult|Light Screen|p1a: Dragapult
|-sidestart|p1: 110i119p|move: Light Screen
|move|p2a: Furio Glimunta|Meteor Beam||[still]
|-prepare|p2a: Furio Glimunta|Meteor Beam
|-boost|p2a: Furio Glimunta|spa|1
|-enditem|p2a: Furio Glimunta|Power Herb
|-anim|p2a: Furio Glimunta|Meteor Beam|p1a: Dragapult
|-damage|p1a: Dragapult|41/100
|
|upkeep
|turn|2
|
|t:|1779956932
|move|p1a: Dragapult|Reflect|p1a: Dragapult
|-sidestart|p1: 110i119p|Reflect
|move|p2a: Furio Glimunta|Meteor Beam||[still]
|-prepare|p2a: Furio Glimunta|Meteor Beam
|-boost|p2a: Furio Glimunta|spa|1
|
|upkeep
|turn|3
|
|t:|1779956938
|move|p1a: Dragapult|Draco Meteor|p2a: Furio Glimunta
|-damage|p2a: Furio Glimunta|30/100
|-unboost|p1a: Dragapult|spa|2
|move|p2a: Furio Glimunta|Meteor Beam|p1a: Dragapult|[from] lockedmove
|-damage|p1a: Dragapult|0 fnt
|faint|p1a: Dragapult
|
|upkeep
|
|t:|1779956943
|switch|p1a: Rillaboom|Rillaboom, F|100/100
|-fieldstart|move: Grassy Terrain|[from] ability: Grassy Surge|[of] p1a: Rillaboom
|turn|4
|
|t:|1779956950
|move|p1a: Rillaboom|Grassy Glide|p2a: Furio Glimunta
|-damage|p2a: Furio Glimunta|0 fnt
|-activate|p2a: Furio Glimunta|ability: Toxic Debris
|-sidestart|p1: 110i119p|move: Toxic Spikes
|faint|p2a: Furio Glimunta
|
|upkeep
|
|t:|1779956954
|switch|p2a: Tony Soprankrow|Honchkrow, M|100/100
|turn|5
|
|t:|1779956961
|switch|p1a: Cinderace|Cinderace, M|100/100
|move|p2a: Tony Soprankrow|Brave Bird|p1a: Cinderace
|-damage|p1a: Cinderace|46/100
|-damage|p2a: Tony Soprankrow|85/100|[from] Recoil
|-damage|p2a: Tony Soprankrow|75/100|[from] item: Life Orb
|
|-heal|p1a: Cinderace|52/100|[from] Grassy Terrain
|upkeep
|turn|6
|
|t:|1779956973
|move|p1a: Cinderace|Pyro Ball|p2a: Tony Soprankrow
|-damage|p2a: Tony Soprankrow|0 fnt
|faint|p2a: Tony Soprankrow
|
|-heal|p1a: Cinderace|58/100|[from] Grassy Terrain
|upkeep
|
|t:|1779956976
|switch|p2a: Uncle Junite|Dragonite, M|100/100
|turn|7
|
|t:|1779956985
|-terastallize|p2a: Uncle Junite|Fire
|move|p1a: Cinderace|Sucker Punch||[still]
|-fail|p1a: Cinderace
|move|p2a: Uncle Junite|Dragon Dance|p2a: Uncle Junite
|-boost|p2a: Uncle Junite|atk|1
|-boost|p2a: Uncle Junite|spe|1
|
|-heal|p1a: Cinderace|64/100|[from] Grassy Terrain
|upkeep
|turn|8
|
|t:|1779956993
|move|p2a: Uncle Junite|Encore|p1a: Cinderace
|-start|p1a: Cinderace|Encore
|move|p1a: Cinderace|Sucker Punch||[still]
|-fail|p1a: Cinderace
|
|-heal|p1a: Cinderace|70/100|[from] Grassy Terrain
|-sideend|p1: 110i119p|move: Light Screen
|-fieldend|move: Grassy Terrain
|upkeep
|turn|9
|
|t:|1779957005
|switch|p1a: Tyranitar|Tyranitar, M|100/100
|-status|p1a: Tyranitar|psn
|-weather|Sandstorm|[from] ability: Sand Stream|[of] p1a: Tyranitar
|move|p2a: Uncle Junite|Dragon Dance|p2a: Uncle Junite
|-boost|p2a: Uncle Junite|atk|1
|-boost|p2a: Uncle Junite|spe|1
|
|-weather|Sandstorm|[upkeep]
|-damage|p2a: Uncle Junite|94/100|[from] Sandstorm
|-damage|p1a: Tyranitar|88/100 psn|[from] psn
|-sideend|p1: 110i119p|Reflect
|upkeep
|turn|10
|
|t:|1779957011
|move|p2a: Uncle Junite|Dragon Dance|p2a: Uncle Junite
|-boost|p2a: Uncle Junite|atk|1
|-boost|p2a: Uncle Junite|spe|1
|move|p1a: Tyranitar|Ice Punch|p2a: Uncle Junite
|-resisted|p2a: Uncle Junite
|-damage|p2a: Uncle Junite|80/100
|
|-weather|Sandstorm|[upkeep]
|-damage|p2a: Uncle Junite|74/100|[from] Sandstorm
|-damage|p1a: Tyranitar|76/100 psn|[from] psn
|upkeep
|turn|11
|
|t:|1779957018
|move|p2a: Uncle Junite|Scale Shot|p1a: Tyranitar
|-damage|p1a: Tyranitar|41/100 psn
|-damage|p1a: Tyranitar|9/100 psn
|-damage|p1a: Tyranitar|0 fnt
|faint|p1a: Tyranitar
|-hitcount|p1: Tyranitar|3
|-unboost|p2a: Uncle Junite|def|1
|-boost|p2a: Uncle Junite|spe|1
|
|-weather|Sandstorm|[upkeep]
|-damage|p2a: Uncle Junite|68/100|[from] Sandstorm
|upkeep
|
|t:|1779957033
|switch|p1a: Iron Valiant|Iron Valiant|100/100
|-status|p1a: Iron Valiant|psn
|-enditem|p1a: Iron Valiant|Booster Energy
|-activate|p1a: Iron Valiant|ability: Quark Drive|[fromitem]
|-start|p1a: Iron Valiant|quarkdrivespe
|turn|12
|
|t:|1779957046
|-terastallize|p1a: Iron Valiant|Steel
|move|p2a: Uncle Junite|Fire Punch|p1a: Iron Valiant
|-supereffective|p1a: Iron Valiant
|-damage|p1a: Iron Valiant|0 fnt
|faint|p1a: Iron Valiant
|-end|p1a: Iron Valiant|Quark Drive|[silent]
|
|-weather|Sandstorm|[upkeep]
|-damage|p2a: Uncle Junite|62/100|[from] Sandstorm
|upkeep
|
|t:|1779957054
|switch|p1a: Hawlucha|Hawlucha, F|100/100
|turn|13
|
|t:|1779957058
|switch|p1a: Rillaboom|Rillaboom, F|100/100
|-status|p1a: Rillaboom|psn
|-fieldstart|move: Grassy Terrain|[from] ability: Grassy Surge|[of] p1a: Rillaboom
|move|p2a: Uncle Junite|Fire Punch|p1a: Rillaboom
|-supereffective|p1a: Rillaboom
|-damage|p1a: Rillaboom|0 fnt
|faint|p1a: Rillaboom
|
|-weather|none
|-heal|p2a: Uncle Junite|68/100|[from] Grassy Terrain
|upkeep
|-message|110i119p forfeited.
|
|win|Fue cinco
|raw|110i119p's rating: 1114 &rarr; <strong>1090</strong><br />(-24 for losing)
|raw|Fue cinco's rating: 1131 &rarr; <strong>1155</strong><br />(+24 for winning)
|l|☆110i119p
|player|p1|
|l|☆Fue cinco
|player|p2|
