|j|☆overheat xyz
|j|☆funnygames(1997)
|t:|1779805072
|gametype|singles
|player|p1|overheat xyz|102|1705
|player|p2|funnygames(1997)|cameraman|1754
|gen|9
|tier|[Gen 9] OU
|rated|
|rule|HP Percentage Mod: HP is shown in percentages
|rule|Endless Battle Clause: Forcing endless battles is banned
|rule|Species Clause: Limit one of each Pokémon
|rule|OHKO Clause: OHKO moves are banned
|rule|Evasion Items Clause: Evasion items are banned
|rule|Evasion Moves Clause: Evasion moves are banned
|rule|Evasion Abilities Clause: Evasion abilities are banned
|rule|Sleep Moves Clause: Sleep-inducing moves are banned
|clearpoke
|poke|p1|Tyranitar, F|
|poke|p1|Excadrill, M|
|poke|p1|Skarmory, F|
|poke|p1|Dragapult, F|
|poke|p1|Garganacl, M|
|poke|p1|Primarina, F|
|poke|p2|Ting-Lu|
|poke|p2|Hatterene, F|
|poke|p2|Great Tusk|
|poke|p2|Ceruledge, M|
|poke|p2|Dragonite, M|
|poke|p2|Kyurem|
|teampreview
|j| nesnot
|inactive|Battle timer is ON: inactive players will automatically lose when time's up. (requested by overheat xyz)
|
|t:|1779805111
|teamsize|p1|6
|teamsize|p2|6
|start
|switch|p1a: Primarina|Primarina, F|100/100
|switch|p2a: Ceruledge|Ceruledge, M|100/100
|turn|1
|j| yuureisuisei
|
|t:|1779805122
|switch|p2a: Hatterene|Hatterene, F|100/100
|move|p1a: Primarina|Surf|p2a: Hatterene
|-damage|p2a: Hatterene|66/100
|
|upkeep
|turn|2
|
|t:|1779805133
|switch|p1a: Excadrill|Excadrill, M|100/100
|move|p2a: Hatterene|Draining Kiss|p1a: Excadrill
|-resisted|p1a: Excadrill
|-damage|p1a: Excadrill|82/100
|-heal|p2a: Hatterene|82/100|[from] drain|[of] p1a: Excadrill
|
|upkeep
|turn|3
|
|t:|1779805141
|switch|p2a: Great Tusk|Great Tusk|100/100
|move|p1a: Excadrill|Earthquake|p2a: Great Tusk
|-damage|p2a: Great Tusk|57/100
|-damage|p1a: Excadrill|73/100|[from] item: Life Orb
|
|upkeep
|turn|4
|
|t:|1779805150
|switch|p1a: Skarmory|Skarmory, F|100/100
|move|p2a: Great Tusk|Knock Off|p1a: Skarmory
|-damage|p1a: Skarmory|85/100
|-damage|p2a: Great Tusk|41/100|[from] item: Rocky Helmet|[of] p1a: Skarmory
|-enditem|p1a: Skarmory|Rocky Helmet|[from] move: Knock Off|[of] p2a: Great Tusk
|
|upkeep
|turn|5
|
|t:|1779805178
|-end|p2a: Great Tusk|Protosynthesis|[silent]
|switch|p2a: Kyurem|Kyurem|100/100
|-ability|p2a: Kyurem|Pressure
|move|p1a: Skarmory|Brave Bird|p2a: Kyurem
|-damage|p2a: Kyurem|66/100
|-damage|p1a: Skarmory|72/100|[from] Recoil
|
|upkeep
|turn|6
|j| Dante1310
|
|t:|1779805183
|switch|p1a: Garganacl|Garganacl, M|100/100
|move|p2a: Kyurem|Ice Beam|p1a: Garganacl
|-damage|p1a: Garganacl|54/100
|
|-heal|p1a: Garganacl|60/100|[from] item: Leftovers
|upkeep
|turn|7
|
|t:|1779805192
|move|p2a: Kyurem|Ice Beam|p1a: Garganacl
|-damage|p1a: Garganacl|14/100
|move|p1a: Garganacl|Salt Cure|p2a: Kyurem
|-supereffective|p2a: Kyurem
|-damage|p2a: Kyurem|41/100
|-start|p2a: Kyurem|Salt Cure
|
|-heal|p1a: Garganacl|21/100|[from] item: Leftovers
|-damage|p2a: Kyurem|29/100|[from] Salt Cure
|upkeep
|turn|8
|
|t:|1779805201
|switch|p2a: Dragonite|Dragonite, M|100/100
|move|p1a: Garganacl|Protect||[still]
|-fail|p1a: Garganacl
|
|-heal|p1a: Garganacl|27/100|[from] item: Leftovers
|upkeep
|turn|9
|
|t:|1779805206
|switch|p1a: Skarmory|Skarmory, F|72/100
|move|p2a: Dragonite|Encore||[still]
|-fail|p2a: Dragonite
|
|upkeep
|turn|10
|
|t:|1779805212
|move|p2a: Dragonite|Dragon Dance|p2a: Dragonite
|-boost|p2a: Dragonite|atk|1
|-boost|p2a: Dragonite|spe|1
|move|p1a: Skarmory|Brave Bird|p2a: Dragonite
|-damage|p2a: Dragonite|82/100
|-damage|p1a: Skarmory|66/100|[from] Recoil
|
|upkeep
|turn|11
|
|t:|1779805221
|move|p2a: Dragonite|Dragon Dance|p2a: Dragonite
|-boost|p2a: Dragonite|atk|1
|-boost|p2a: Dragonite|spe|1
|move|p1a: Skarmory|Whirlwind|p2a: Dragonite
|drag|p2a: Kyurem|Kyurem|29/100
|-ability|p2a: Kyurem|Pressure
|
|upkeep
|turn|12
|
|t:|1779805231
|switch|p1a: Tyranitar|Tyranitar, F|100/100
|-weather|Sandstorm|[from] ability: Sand Stream|[of] p1a: Tyranitar
|move|p2a: Kyurem|Ice Beam|p1a: Tyranitar
|-damage|p1a: Tyranitar|55/100
|
|-weather|Sandstorm|[upkeep]
|-damage|p2a: Kyurem|23/100|[from] Sandstorm
|upkeep
|turn|13
|
|t:|1779805241
|switch|p2a: Ting-Lu|Ting-Lu|100/100
|-ability|p2a: Ting-Lu|Vessel of Ruin
|switch|p1a: Garganacl|Garganacl, M|27/100
|
|-weather|Sandstorm|[upkeep]
|-heal|p1a: Garganacl|33/100|[from] item: Leftovers
|upkeep
|turn|14
|j| himejijou
|
|t:|1779805248
|-terastallize|p1a: Garganacl|Water
|move|p2a: Ting-Lu|Stealth Rock|p1a: Garganacl
|-sidestart|p1: overheat xyz|move: Stealth Rock
|move|p1a: Garganacl|Recover|p1a: Garganacl
|-heal|p1a: Garganacl|83/100
|
|-weather|Sandstorm|[upkeep]
|-damage|p1a: Garganacl|77/100|[from] Sandstorm
|-heal|p1a: Garganacl|83/100|[from] item: Leftovers
|upkeep
|turn|15
|
|t:|1779805261
|move|p1a: Garganacl|Salt Cure|p2a: Ting-Lu
|-resisted|p2a: Ting-Lu
|-damage|p2a: Ting-Lu|97/100
|-start|p2a: Ting-Lu|Salt Cure
|move|p2a: Ting-Lu|Whirlwind|p1a: Garganacl
|drag|p1a: Dragapult|Dragapult, F|100/100
|-damage|p1a: Dragapult|88/100|[from] Stealth Rock
|
|-weather|Sandstorm|[upkeep]
|-damage|p1a: Dragapult|82/100|[from] Sandstorm
|-heal|p2a: Ting-Lu|100/100|[from] item: Leftovers
|-damage|p2a: Ting-Lu|88/100|[from] Salt Cure
|upkeep
|turn|16
|
|t:|1779805268
|move|p1a: Dragapult|U-turn|p2a: Ting-Lu
|-supereffective|p2a: Ting-Lu
|-damage|p2a: Ting-Lu|69/100
|
|t:|1779805271
|switch|p1a: Skarmory|Skarmory, F|66/100|[from] U-turn
|-damage|p1a: Skarmory|54/100|[from] Stealth Rock
|move|p2a: Ting-Lu|Earthquake|p1a: Skarmory
|-immune|p1a: Skarmory
|
|-weather|none
|-heal|p2a: Ting-Lu|75/100|[from] item: Leftovers
|-damage|p2a: Ting-Lu|63/100|[from] Salt Cure
|upkeep
|turn|17
|inactive|funnygames(1997) has 120 seconds left.
|
|t:|1779805304
|switch|p2a: Dragonite|Dragonite, M|82/100
|move|p1a: Skarmory|Roost|p1a: Skarmory
|-heal|p1a: Skarmory|100/100
|-singleturn|p1a: Skarmory|move: Roost
|
|upkeep
|turn|18
|inactive|funnygames(1997) has 120 seconds left.
|
|t:|1779805320
|switch|p1a: Garganacl|Garganacl, M, tera:Water|83/100
|-damage|p1a: Garganacl|71/100|[from] Stealth Rock
|move|p2a: Dragonite|Dragon Dance|p2a: Dragonite
|-boost|p2a: Dragonite|atk|1
|-boost|p2a: Dragonite|spe|1
|
|-heal|p1a: Garganacl|77/100|[from] item: Leftovers
|upkeep
|turn|19
|inactive|funnygames(1997) has 120 seconds left.
|
|t:|1779805325
|move|p2a: Dragonite|Scale Shot|p1a: Garganacl
|-damage|p1a: Garganacl|61/100
|-damage|p1a: Garganacl|47/100
|-damage|p1a: Garganacl|30/100
|-damage|p1a: Garganacl|15/100
|-hitcount|p1a: Garganacl|4
|-unboost|p2a: Dragonite|def|1
|-boost|p2a: Dragonite|spe|1
|move|p1a: Garganacl|Salt Cure|p2a: Dragonite
|-supereffective|p2a: Dragonite
|-damage|p2a: Dragonite|39/100
|-start|p2a: Dragonite|Salt Cure
|
|-heal|p1a: Garganacl|21/100|[from] item: Leftovers
|-damage|p2a: Dragonite|26/100|[from] Salt Cure
|upkeep
|turn|20
|
|t:|1779805334
|switch|p2a: Kyurem|Kyurem|23/100
|-ability|p2a: Kyurem|Pressure
|move|p1a: Garganacl|Stealth Rock|p2a: Kyurem
|-sidestart|p2: funnygames(1997)|move: Stealth Rock
|
|-heal|p1a: Garganacl|27/100|[from] item: Leftovers
|upkeep
|turn|21
|
|t:|1779805338
|move|p1a: Garganacl|Protect|p1a: Garganacl
|-singleturn|p1a: Garganacl|Protect
|move|p2a: Kyurem|Freeze-Dry|p1a: Garganacl
|-activate|p1a: Garganacl|move: Protect
|
|-heal|p1a: Garganacl|33/100|[from] item: Leftovers
|upkeep
|turn|22
|
|t:|1779805345
|switch|p1a: Tyranitar|Tyranitar, F|55/100
|-damage|p1a: Tyranitar|42/100|[from] Stealth Rock
|-weather|Sandstorm|[from] ability: Sand Stream|[of] p1a: Tyranitar
|move|p2a: Kyurem|Freeze-Dry|p1a: Tyranitar
|-damage|p1a: Tyranitar|3/100
|
|-weather|Sandstorm|[upkeep]
|-damage|p2a: Kyurem|17/100|[from] Sandstorm
|upkeep
|turn|23
|
|t:|1779805349
|move|p2a: Kyurem|Freeze-Dry|p1a: Tyranitar
|-damage|p1a: Tyranitar|0 fnt
|faint|p1a: Tyranitar
|
|-weather|Sandstorm|[upkeep]
|-damage|p2a: Kyurem|11/100|[from] Sandstorm
|upkeep
|
|t:|1779805351
|switch|p1a: Excadrill|Excadrill, M|73/100
|-damage|p1a: Excadrill|69/100|[from] Stealth Rock
|turn|24
|
|t:|1779805368
|move|p1a: Excadrill|Rapid Spin|p2a: Kyurem
|-damage|p2a: Kyurem|0 fnt
|-boost|p1a: Excadrill|spe|1
|-sideend|p1: overheat xyz|Stealth Rock|[from] move: Rapid Spin|[of] p1a: Excadrill
|faint|p2a: Kyurem
|-damage|p1a: Excadrill|60/100|[from] item: Life Orb
|
|-weather|Sandstorm|[upkeep]
|upkeep
|
|t:|1779805372
|switch|p2a: Ting-Lu|Ting-Lu|63/100
|-damage|p2a: Ting-Lu|56/100|[from] Stealth Rock
|-ability|p2a: Ting-Lu|Vessel of Ruin
|turn|25
|
|t:|1779805382
|move|p1a: Excadrill|Iron Head|p2a: Ting-Lu
|-damage|p2a: Ting-Lu|23/100
|-damage|p1a: Excadrill|50/100|[from] item: Life Orb
|move|p2a: Ting-Lu|Earthquake|p1a: Excadrill
|-supereffective|p1a: Excadrill
|-damage|p1a: Excadrill|0 fnt
|faint|p1a: Excadrill
|
|-weather|Sandstorm|[upkeep]
|-heal|p2a: Ting-Lu|29/100|[from] item: Leftovers
|upkeep
|
|t:|1779805390
|switch|p1a: Primarina|Primarina, F|100/100
|turn|26
|
|t:|1779805395
|move|p1a: Primarina|Moonblast|p2a: Ting-Lu
|-supereffective|p2a: Ting-Lu
|-crit|p2a: Ting-Lu
|-damage|p2a: Ting-Lu|0 fnt
|faint|p2a: Ting-Lu
|
|-weather|none
|upkeep
|j| hattybatty304
|
|t:|1779805402
|switch|p2a: Great Tusk|Great Tusk|41/100
|-damage|p2a: Great Tusk|38/100|[from] Stealth Rock
|turn|27
|
|t:|1779805413
|switch|p1a: Skarmory|Skarmory, F|100/100
|move|p2a: Great Tusk|Rapid Spin|p1a: Skarmory
|-resisted|p1a: Skarmory
|-damage|p1a: Skarmory|96/100
|-boost|p2a: Great Tusk|spe|1
|-sideend|p2: funnygames(1997)|Stealth Rock|[from] move: Rapid Spin|[of] p2a: Great Tusk
|
|upkeep
|turn|28
|
|t:|1779805421
|-end|p2a: Great Tusk|Protosynthesis|[silent]
|switch|p2a: Hatterene|Hatterene, F|82/100
|move|p1a: Skarmory|Brave Bird|p2a: Hatterene
|-damage|p2a: Hatterene|47/100
|-damage|p1a: Skarmory|85/100|[from] Recoil
|
|upkeep
|turn|29
|
|t:|1779805432
|switch|p1a: Garganacl|Garganacl, M, tera:Water|33/100
|move|p2a: Hatterene|Draining Kiss|p1a: Garganacl
|-damage|p1a: Garganacl|16/100
|-heal|p2a: Hatterene|64/100|[from] drain|[of] p1a: Garganacl
|
|-heal|p1a: Garganacl|22/100|[from] item: Leftovers
|upkeep
|turn|30
|
|t:|1779805442
|move|p1a: Garganacl|Recover|p1a: Garganacl
|-heal|p1a: Garganacl|72/100
|move|p2a: Hatterene|Psychic Noise|p1a: Garganacl
|-damage|p1a: Garganacl|46/100
|-start|p1a: Garganacl|move: Heal Block
|
|upkeep
|turn|31
|
|t:|1779805454
|move|p1a: Garganacl|Protect|p1a: Garganacl
|-singleturn|p1a: Garganacl|Protect
|move|p2a: Hatterene|Draining Kiss|p1a: Garganacl
|-activate|p1a: Garganacl|move: Protect
|
|-end|p1a: Garganacl|move: Heal Block
|upkeep
|turn|32
|
|t:|1779805460
|move|p1a: Garganacl|Recover|p1a: Garganacl
|-heal|p1a: Garganacl|96/100
|move|p2a: Hatterene|Psychic Noise|p1a: Garganacl
|-damage|p1a: Garganacl|70/100
|-start|p1a: Garganacl|move: Heal Block
|
|upkeep
|turn|33
|
|t:|1779805465
|move|p1a: Garganacl|Salt Cure|p2a: Hatterene
|-damage|p2a: Hatterene|50/100
|-start|p2a: Hatterene|Salt Cure
|move|p2a: Hatterene|Draining Kiss|p1a: Garganacl
|-damage|p1a: Garganacl|53/100
|-heal|p2a: Hatterene|67/100|[from] drain|[of] p1a: Garganacl
|
|-damage|p2a: Hatterene|55/100|[from] Salt Cure
|-end|p1a: Garganacl|move: Heal Block
|upkeep
|turn|34
|
|t:|1779805477
|switch|p2a: Dragonite|Dragonite, M|26/100
|move|p1a: Garganacl|Recover|p1a: Garganacl
|-heal|p1a: Garganacl|100/100
|
|upkeep
|turn|35
|
|t:|1779805490
|switch|p1a: Skarmory|Skarmory, F|85/100
|move|p2a: Dragonite|Encore||[still]
|-fail|p2a: Dragonite
|
|upkeep
|turn|36
|
|t:|1779805498
|switch|p2a: Great Tusk|Great Tusk|38/100
|move|p1a: Skarmory|Brave Bird|p2a: Great Tusk
|-supereffective|p2a: Great Tusk
|-damage|p2a: Great Tusk|0 fnt
|-damage|p1a: Skarmory|69/100|[from] item: Rocky Helmet|[of] p2a: Great Tusk
|faint|p2a: Great Tusk
|-end|p2a: Great Tusk|Protosynthesis|[silent]
|-damage|p1a: Skarmory|53/100|[from] Recoil
|
|upkeep
|
|t:|1779805500
|switch|p2a: Ceruledge|Ceruledge, M|100/100
|turn|37
|
|t:|1779805506
|move|p2a: Ceruledge|Swords Dance|p2a: Ceruledge
|-boost|p2a: Ceruledge|atk|2
|move|p1a: Skarmory|Whirlwind|p2a: Ceruledge
|drag|p2a: Hatterene|Hatterene, F|55/100
|
|upkeep
|turn|38
|
|t:|1779805511
|move|p1a: Skarmory|Roost|p1a: Skarmory
|-heal|p1a: Skarmory|100/100
|-singleturn|p1a: Skarmory|move: Roost
|move|p2a: Hatterene|Nuzzle|p1a: Skarmory
|-damage|p1a: Skarmory|98/100
|-status|p1a: Skarmory|par
|
|upkeep
|turn|39
|
|t:|1779805518
|switch|p1a: Garganacl|Garganacl, M, tera:Water|100/100
|move|p2a: Hatterene|Psychic Noise|p1a: Garganacl
|-damage|p1a: Garganacl|73/100
|-start|p1a: Garganacl|move: Heal Block
|
|upkeep
|turn|40
|
|t:|1779805533
|move|p1a: Garganacl|Salt Cure|p2a: Hatterene
|-damage|p2a: Hatterene|40/100
|-start|p2a: Hatterene|Salt Cure
|move|p2a: Hatterene|Psychic Noise|p1a: Garganacl
|-damage|p1a: Garganacl|46/100
|
|-damage|p2a: Hatterene|28/100|[from] Salt Cure
|-end|p1a: Garganacl|move: Heal Block
|upkeep
|turn|41
|
|t:|1779805540
|move|p1a: Garganacl|Recover|p1a: Garganacl
|-heal|p1a: Garganacl|96/100
|move|p2a: Hatterene|Psychic Noise|p1a: Garganacl
|-damage|p1a: Garganacl|71/100
|-start|p1a: Garganacl|move: Heal Block
|
|-damage|p2a: Hatterene|16/100|[from] Salt Cure
|upkeep
|turn|42
|
|t:|1779805545
|move|p1a: Garganacl|Protect|p1a: Garganacl
|-singleturn|p1a: Garganacl|Protect
|move|p2a: Hatterene|Draining Kiss|p1a: Garganacl
|-activate|p1a: Garganacl|move: Protect
|
|-damage|p2a: Hatterene|4/100|[from] Salt Cure
|-end|p1a: Garganacl|move: Heal Block
|upkeep
|turn|43
|
|t:|1779805554
|move|p1a: Garganacl|Recover|p1a: Garganacl
|-heal|p1a: Garganacl|100/100
|move|p2a: Hatterene|Psychic Noise|p1a: Garganacl
|-damage|p1a: Garganacl|77/100
|-start|p1a: Garganacl|move: Heal Block
|
|-damage|p2a: Hatterene|0 fnt|[from] Salt Cure
|faint|p2a: Hatterene
|upkeep
|
|t:|1779805557
|switch|p2a: Dragonite|Dragonite, M|26/100
|turn|44
|
|t:|1779805563
|move|p2a: Dragonite|Dragon Dance|p2a: Dragonite
|-boost|p2a: Dragonite|atk|1
|-boost|p2a: Dragonite|spe|1
|move|p1a: Garganacl|Salt Cure|p2a: Dragonite
|-supereffective|p2a: Dragonite
|-damage|p2a: Dragonite|0 fnt
|faint|p2a: Dragonite
|
|-end|p1a: Garganacl|move: Heal Block
|upkeep
|
|t:|1779805565
|switch|p2a: Ceruledge|Ceruledge, M|100/100
|turn|45
|
|t:|1779805570
|-terastallize|p2a: Ceruledge|Fairy
|move|p2a: Ceruledge|Swords Dance|p2a: Ceruledge
|-boost|p2a: Ceruledge|atk|2
|move|p1a: Garganacl|Salt Cure|p2a: Ceruledge
|-damage|p2a: Ceruledge|80/100
|-start|p2a: Ceruledge|Salt Cure
|-ability|p2a: Ceruledge|Weak Armor|boost
|-unboost|p2a: Ceruledge|def|1
|-boost|p2a: Ceruledge|spe|2
|
|-heal|p1a: Garganacl|83/100|[from] item: Leftovers
|-damage|p2a: Ceruledge|67/100|[from] Salt Cure
|upkeep
|turn|46
|
|t:|1779805577
|move|p1a: Garganacl|Protect|p1a: Garganacl
|-singleturn|p1a: Garganacl|Protect
|move|p2a: Ceruledge|Swords Dance|p2a: Ceruledge
|-boost|p2a: Ceruledge|atk|2
|
|-heal|p1a: Garganacl|90/100|[from] item: Leftovers
|-damage|p2a: Ceruledge|55/100|[from] Salt Cure
|upkeep
|turn|47
|
|t:|1779805584
|move|p2a: Ceruledge|Close Combat|p1a: Garganacl
|-damage|p1a: Garganacl|0 fnt
|-unboost|p2a: Ceruledge|def|1
|-unboost|p2a: Ceruledge|spd|1
|faint|p1a: Garganacl
|
|-damage|p2a: Ceruledge|42/100|[from] Salt Cure
|upkeep
|
|t:|1779805593
|switch|p1a: Dragapult|Dragapult, F|82/100
|turn|48
|j| isaac_gam3r
|inactive|funnygames(1997) has 120 seconds left.
|
|t:|1779805627
|move|p2a: Ceruledge|Shadow Sneak|p1a: Dragapult
|-supereffective|p1a: Dragapult
|-damage|p1a: Dragapult|0 fnt
|faint|p1a: Dragapult
|
|-damage|p2a: Ceruledge|30/100|[from] Salt Cure
|upkeep
|
|t:|1779805634
|switch|p1a: Primarina|Primarina, F|100/100
|turn|49
|inactive|funnygames(1997) has 120 seconds left.
|
|t:|1779805655
|switch|p1a: Skarmory|Skarmory, F|98/100 par
|move|p2a: Ceruledge|Shadow Sneak|p1a: Skarmory
|-damage|p1a: Skarmory|58/100 par
|
|-damage|p2a: Ceruledge|18/100|[from] Salt Cure
|upkeep
|turn|50
|j| choispecs ironmoth
|l|☆overheat xyz
|inactive|overheat xyz disconnected and has a minute to reconnect!
|player|p1|
|j|☆overheat xyz
|inactive|overheat xyz reconnected and has 130 seconds left.
|player|p1|overheat xyz|102|
|
|t:|1779805681
|move|p2a: Ceruledge|Bitter Blade|p1a: Skarmory
|-supereffective|p1a: Skarmory
|-damage|p1a: Skarmory|0 fnt
|-heal|p2a: Ceruledge|51/100|[from] drain|[of] p1a: Skarmory
|faint|p1a: Skarmory
|
|-damage|p2a: Ceruledge|38/100|[from] Salt Cure
|upkeep
|
|t:|1779805683
|switch|p1a: Primarina|Primarina, F|100/100
|turn|51
|l| isaac_gam3r
|
|t:|1779805688
|move|p2a: Ceruledge|Shadow Sneak|p1a: Primarina
|-damage|p1a: Primarina|23/100
|move|p1a: Primarina|Surf|p2a: Ceruledge
|-damage|p2a: Ceruledge|0 fnt
|faint|p2a: Ceruledge
|
|win|overheat xyz
|raw|overheat xyz's rating: 1705 &rarr; <strong>1728</strong><br />(+23 for winning)
|raw|funnygames(1997)'s rating: 1754 &rarr; <strong>1731</strong><br />(-23 for losing)
|l|☆funnygames(1997)
|player|p2|
|l| yuureisuisei
|l| hattybatty304
|l|☆overheat xyz
|player|p1|
|l| nesnot
|l| himejijou
