|j|☆waha8
|j|☆devilstar123
|t:|1779879738
|gametype|singles
|player|p1|waha8|169|1503
|player|p2|devilstar123|crasherwake|1456
|gen|9
|tier|[Gen 9] OU
|rated|
|rule|HP Percentage Mod: HP is shown in percentages
|rule|Endless Battle Clause: Forcing endless battles is banned
|rule|Species Clause: Limit one of each Pokémon
|rule|OHKO Clause: OHKO moves are banned
|rule|Evasion Items Clause: Evasion items are banned
|rule|Evasion Moves Clause: Evasion moves are banned
|rule|Evasion Abilities Clause: Evasion abilities are banned
|rule|Sleep Moves Clause: Sleep-inducing moves are banned
|clearpoke
|poke|p1|Pelipper, F|
|poke|p1|Barraskewda, M|
|poke|p1|Kingdra, M|
|poke|p1|Raging Bolt|
|poke|p1|Indeedee, M|
|poke|p1|Garchomp, M|
|poke|p2|Raging Bolt|
|poke|p2|Ribombee, M|
|poke|p2|Gholdengo|
|poke|p2|Great Tusk|
|poke|p2|Ogerpon-Cornerstone, F|
|poke|p2|Ceruledge, M|
|teampreview
|inactive|Battle timer is ON: inactive players will automatically lose when time's up. (requested by devilstar123)
|
|t:|1779879754
|teamsize|p1|6
|teamsize|p2|6
|start
|switch|p1a: Pelipper|Pelipper, F|100/100
|switch|p2a: Ogerpon|Ogerpon-Cornerstone, F|100/100
|-weather|RainDance|[from] ability: Drizzle|[of] p1a: Pelipper
|turn|1
|
|t:|1779879768
|-terastallize|p1a: Pelipper|Ground
|move|p2a: Ogerpon|Knock Off|p1a: Pelipper
|-damage|p1a: Pelipper|45/100
|-enditem|p1a: Pelipper|Damp Rock|[from] move: Knock Off|[of] p2a: Ogerpon
|move|p1a: Pelipper|Weather Ball|p2a: Ogerpon
|-damage|p2a: Ogerpon|21/100
|
|-weather|RainDance|[upkeep]
|upkeep
|turn|2
|
|t:|1779879777
|move|p2a: Ogerpon|Power Whip|p1a: Pelipper
|-supereffective|p1a: Pelipper
|-damage|p1a: Pelipper|0 fnt
|faint|p1a: Pelipper
|
|-weather|RainDance|[upkeep]
|upkeep
|
|t:|1779879784
|switch|p1a: Barraskewda|Barraskewda, M|100/100
|turn|3
|
|t:|1779879790
|move|p1a: Barraskewda|Liquidation|p2a: Ogerpon
|-damage|p2a: Ogerpon|0 fnt
|faint|p2a: Ogerpon
|
|-weather|RainDance|[upkeep]
|upkeep
|
|t:|1779879793
|switch|p2a: Raging Bolt|Raging Bolt|100/100
|-enditem|p2a: Raging Bolt|Booster Energy
|-activate|p2a: Raging Bolt|ability: Protosynthesis|[fromitem]
|-start|p2a: Raging Bolt|protosynthesisspa
|turn|4
|
|t:|1779879800
|switch|p1a: Indeedee|Indeedee, M|100/100
|-fieldstart|move: Psychic Terrain|[from] ability: Psychic Surge|[of] p1a: Indeedee
|move|p2a: Raging Bolt|Dragon Pulse|p1a: Indeedee
|-damage|p1a: Indeedee|19/100
|
|-weather|RainDance|[upkeep]
|upkeep
|turn|5
|
|t:|1779879816
|-end|p2a: Raging Bolt|Protosynthesis|[silent]
|switch|p2a: Ribombee|Ribombee, M, shiny|100/100
|move|p1a: Indeedee|Expanding Force|p2a: Ribombee
|-enditem|p2a: Ribombee|Focus Sash
|-damage|p2a: Ribombee|1/100
|
|-weather|RainDance|[upkeep]
|upkeep
|turn|6
|
|t:|1779879823
|switch|p1a: Kingdra|Kingdra, M|100/100
|move|p2a: Ribombee|Sticky Web|p1a: Kingdra
|-sidestart|p1: waha8|move: Sticky Web
|
|-weather|RainDance|[upkeep]
|upkeep
|turn|7
|
|t:|1779879831
|move|p1a: Kingdra|Weather Ball|p2a: Ribombee
|-damage|p2a: Ribombee|0 fnt
|faint|p2a: Ribombee
|
|-weather|RainDance|[upkeep]
|upkeep
|
|t:|1779879849
|switch|p2a: Gholdengo|Gholdengo, shiny|100/100
|-item|p2a: Gholdengo|Air Balloon
|turn|8
|
|t:|1779879860
|move|p1a: Kingdra|Weather Ball|p2a: Gholdengo
|-damage|p2a: Gholdengo|21/100
|-enditem|p2a: Gholdengo|Air Balloon
|move|p2a: Gholdengo|Dazzling Gleam|p1a: Kingdra
|-supereffective|p1a: Kingdra
|-damage|p1a: Kingdra|30/100
|
|-weather|none
|upkeep
|turn|9
|
|t:|1779879870
|move|p1a: Kingdra|Draco Meteor|p2a: Gholdengo
|-resisted|p2a: Gholdengo
|-damage|p2a: Gholdengo|0 fnt
|-unboost|p1a: Kingdra|spa|2
|faint|p2a: Gholdengo
|
|upkeep
|
|t:|1779879880
|switch|p2a: Great Tusk|Great Tusk, shiny|100/100
|-enditem|p2a: Great Tusk|Booster Energy
|-activate|p2a: Great Tusk|ability: Protosynthesis|[fromitem]
|-start|p2a: Great Tusk|protosynthesisatk
|turn|10
|
|t:|1779879899
|move|p2a: Great Tusk|Ice Spinner|p1a: Kingdra
|-damage|p1a: Kingdra|0 fnt
|-fieldend|move: Psychic Terrain
|faint|p1a: Kingdra
|
|upkeep
|
|t:|1779879906
|switch|p1a: Barraskewda|Barraskewda, M|100/100
|-activate|p1a: Barraskewda|move: Sticky Web
|-unboost|p1a: Barraskewda|spe|1
|turn|11
|
|t:|1779879911
|move|p2a: Great Tusk|Headlong Rush|p1a: Barraskewda
|-damage|p1a: Barraskewda|0 fnt
|-unboost|p2a: Great Tusk|def|1
|-unboost|p2a: Great Tusk|spd|1
|faint|p1a: Barraskewda
|
|upkeep
|c|☆waha8|gg
|-message|waha8 forfeited.
|
|win|devilstar123
|raw|waha8's rating: 1503 &rarr; <strong>1482</strong><br />(-21 for losing)
|raw|devilstar123's rating: 1480 &rarr; <strong>1501</strong><br />(+21 for winning)
|l|☆waha8
|player|p1|
|c|☆devilstar123|gg
|l|☆devilstar123
|player|p2|
