|j|☆pondwaterone
|j|☆Geail
|t:|1779823718
|gametype|singles
|player|p1|pondwaterone|170|1290
|player|p2|Geail|102|1230
|gen|9
|tier|[Gen 9] OU
|rated|
|rule|HP Percentage Mod: HP is shown in percentages
|rule|Endless Battle Clause: Forcing endless battles is banned
|rule|Species Clause: Limit one of each Pokémon
|rule|OHKO Clause: OHKO moves are banned
|rule|Evasion Items Clause: Evasion items are banned
|rule|Evasion Moves Clause: Evasion moves are banned
|rule|Evasion Abilities Clause: Evasion abilities are banned
|rule|Sleep Moves Clause: Sleep-inducing moves are banned
|clearpoke
|poke|p1|Skarmory, M|
|poke|p1|Slowking-Galar, M|
|poke|p1|Cobalion|
|poke|p1|Gyarados, M|
|poke|p1|Tyranitar, M|
|poke|p1|Dragapult, M|
|poke|p2|Meowscarada, M|
|poke|p2|Bastiodon, F|
|poke|p2|Kingambit, F|
|poke|p2|Great Tusk|
|poke|p2|Iron Moth|
|poke|p2|Regieleki|
|teampreview
|
|t:|1779823722
|teamsize|p1|6
|teamsize|p2|6
|start
|switch|p1a: Watre Snek|Gyarados, M|100/100
|switch|p2a: Rossi|Regieleki|100/100
|-item|p2a: Rossi|Air Balloon
|-ability|p1a: Watre Snek|Intimidate|boost
|-unboost|p2a: Rossi|atk|1
|turn|1
|inactive|Battle timer is ON: inactive players will automatically lose when time's up. (requested by pondwaterone)
|
|t:|1779823732
|switch|p1a: Rock Lobstre|Tyranitar, M, shiny|100/100
|-weather|Sandstorm|[from] ability: Sand Stream|[of] p1a: Rock Lobstre
|move|p2a: Rossi|Thunderbolt|p1a: Rock Lobstre
|-crit|p1a: Rock Lobstre
|-damage|p1a: Rock Lobstre|72/100
|
|-weather|Sandstorm|[upkeep]
|-damage|p2a: Rossi|95/100|[from] Sandstorm
|-heal|p1a: Rock Lobstre|78/100|[from] item: Leftovers
|upkeep
|turn|2
|
|t:|1779823743
|switch|p2a: Simon|Great Tusk|100/100
|move|p1a: Rock Lobstre|Knock Off|p2a: Simon
|-resisted|p2a: Simon
|-damage|p2a: Simon|85/100
|-enditem|p2a: Simon|Life Orb|[from] move: Knock Off|[of] p1a: Rock Lobstre
|
|-weather|Sandstorm|[upkeep]
|-heal|p1a: Rock Lobstre|84/100|[from] item: Leftovers
|upkeep
|turn|3
|
|t:|1779823753
|switch|p1a: Watre Snek|Gyarados, M|100/100
|-ability|p1a: Watre Snek|Intimidate|boost
|-unboost|p2a: Simon|atk|1
|move|p2a: Simon|Close Combat|p1a: Watre Snek
|-resisted|p1a: Watre Snek
|-damage|p1a: Watre Snek|74/100
|-unboost|p2a: Simon|def|1
|-unboost|p2a: Simon|spd|1
|
|-weather|Sandstorm|[upkeep]
|-damage|p1a: Watre Snek|68/100|[from] Sandstorm
|-heal|p1a: Watre Snek|74/100|[from] item: Leftovers
|upkeep
|turn|4
|
|t:|1779823765
|-end|p2a: Simon|Protosynthesis|[silent]
|switch|p2a: Black Cat|Meowscarada, M|100/100
|move|p1a: Watre Snek|Waterfall|p2a: Black Cat
|-resisted|p2a: Black Cat
|-damage|p2a: Black Cat|64/100
|
|-weather|Sandstorm|[upkeep]
|-damage|p2a: Black Cat|58/100|[from] Sandstorm
|-damage|p1a: Watre Snek|68/100|[from] Sandstorm
|-heal|p1a: Watre Snek|74/100|[from] item: Leftovers
|upkeep
|turn|5
|
|t:|1779823775
|move|p2a: Black Cat|Knock Off|p1a: Watre Snek
|-start|p2a: Black Cat|typechange|Dark|[from] ability: Protean
|-damage|p1a: Watre Snek|0 fnt
|-enditem|p1a: Watre Snek|Leftovers|[from] move: Knock Off|[of] p2a: Black Cat
|faint|p1a: Watre Snek
|
|-weather|none
|upkeep
|
|t:|1779823784
|switch|p1a: Kobe Lion|Cobalion|100/100
|turn|6
|
|t:|1779823795
|switch|p2a: Rossi|Regieleki|95/100
|-item|p2a: Rossi|Air Balloon
|move|p1a: Kobe Lion|Iron Defense|p1a: Kobe Lion
|-boost|p1a: Kobe Lion|def|2
|
|upkeep
|turn|7
|
|t:|1779823803
|move|p2a: Rossi|Thunder Wave|p1a: Kobe Lion|[miss]
|-miss|p2a: Rossi|p1a: Kobe Lion
|move|p1a: Kobe Lion|Body Press|p2a: Rossi
|-damage|p2a: Rossi|0 fnt
|-enditem|p2a: Rossi|Air Balloon
|faint|p2a: Rossi
|
|upkeep
|
|t:|1779823809
|switch|p2a: M1|Bastiodon, F|100/100
|turn|8
|
|t:|1779823832
|move|p1a: Kobe Lion|Body Press|p2a: M1
|-supereffective|p2a: M1
|-ability|p2a: M1|Sturdy
|-damage|p2a: M1|1/100
|move|p2a: M1|Metal Burst|p1a: Kobe Lion
|-damage|p1a: Kobe Lion|0 fnt
|faint|p1a: Kobe Lion
|
|upkeep
|
|t:|1779823841
|switch|p1a: Byrd Metal|Skarmory, M|100/100
|turn|9
|
|t:|1779823854
|move|p1a: Byrd Metal|Spikes|p2a: M1
|-sidestart|p2: Geail|Spikes
|move|p2a: M1|Rest|p2a: M1
|-status|p2a: M1|slp|[from] move: Rest
|-heal|p2a: M1|100/100 slp|[silent]
|-enditem|p2a: M1|Chesto Berry|[eat]
|-curestatus|p2a: M1|slp|[msg]
|
|upkeep
|turn|10
|
|t:|1779823862
|move|p1a: Byrd Metal|Body Press|p2a: M1
|-supereffective|p2a: M1
|-damage|p2a: M1|10/100
|move|p2a: M1|Iron Defense|p2a: M1
|-boost|p2a: M1|def|2
|
|upkeep
|turn|11
|
|t:|1779823869
|move|p2a: M1|Metal Burst||[still]
|-fail|p2a: M1
|move|p1a: Byrd Metal|Whirlwind|p2a: M1
|drag|p2a: Black Cat|Meowscarada, M|58/100
|-damage|p2a: Black Cat|46/100|[from] Spikes
|
|upkeep
|turn|12
|
|t:|1779823890
|move|p2a: Black Cat|Knock Off|p1a: Byrd Metal
|-start|p2a: Black Cat|typechange|Dark|[from] ability: Protean
|-damage|p1a: Byrd Metal|61/100
|-enditem|p1a: Byrd Metal|Leftovers|[from] move: Knock Off|[of] p2a: Black Cat
|move|p1a: Byrd Metal|Iron Defense|p1a: Byrd Metal
|-boost|p1a: Byrd Metal|def|2
|
|upkeep
|turn|13
|
|t:|1779823901
|move|p2a: Black Cat|Knock Off|p1a: Byrd Metal
|-damage|p1a: Byrd Metal|46/100
|move|p1a: Byrd Metal|Body Press|p2a: Black Cat
|-supereffective|p2a: Black Cat
|-damage|p2a: Black Cat|0 fnt
|faint|p2a: Black Cat
|
|upkeep
|
|t:|1779823906
|switch|p2a: Chonk|Iron Moth|100/100
|turn|14
|
|t:|1779823911
|switch|p1a: Rock Lobstre|Tyranitar, M, shiny|84/100
|-weather|Sandstorm|[from] ability: Sand Stream|[of] p1a: Rock Lobstre
|move|p2a: Chonk|Fiery Dance|p1a: Rock Lobstre
|-resisted|p1a: Rock Lobstre
|-damage|p1a: Rock Lobstre|75/100
|
|-weather|Sandstorm|[upkeep]
|-damage|p2a: Chonk|95/100|[from] Sandstorm
|-heal|p1a: Rock Lobstre|82/100|[from] item: Leftovers
|upkeep
|turn|15
|
|t:|1779823924
|move|p2a: Chonk|Energy Ball|p1a: Rock Lobstre
|-supereffective|p1a: Rock Lobstre
|-damage|p1a: Rock Lobstre|53/100
|move|p1a: Rock Lobstre|Knock Off|p2a: Chonk
|-damage|p2a: Chonk|20/100
|-enditem|p2a: Chonk|Heavy-Duty Boots|[from] move: Knock Off|[of] p1a: Rock Lobstre
|
|-weather|Sandstorm|[upkeep]
|-damage|p2a: Chonk|14/100|[from] Sandstorm
|-heal|p1a: Rock Lobstre|60/100|[from] item: Leftovers
|upkeep
|turn|16
|
|t:|1779823935
|move|p2a: Chonk|Bug Buzz|p1a: Rock Lobstre
|-supereffective|p1a: Rock Lobstre
|-damage|p1a: Rock Lobstre|34/100
|move|p1a: Rock Lobstre|Stealth Rock|p2a: Chonk
|-sidestart|p2: Geail|move: Stealth Rock
|
|-weather|Sandstorm|[upkeep]
|-damage|p2a: Chonk|8/100|[from] Sandstorm
|-heal|p1a: Rock Lobstre|40/100|[from] item: Leftovers
|upkeep
|turn|17
|
|t:|1779823950
|move|p2a: Chonk|Energy Ball|p1a: Rock Lobstre
|-supereffective|p1a: Rock Lobstre
|-damage|p1a: Rock Lobstre|11/100
|-unboost|p1a: Rock Lobstre|spd|1
|move|p1a: Rock Lobstre|Knock Off|p2a: Chonk
|-damage|p2a: Chonk|0 fnt
|faint|p2a: Chonk
|-end|p2a: Chonk|Quark Drive|[silent]
|
|-weather|Sandstorm|[upkeep]
|-heal|p1a: Rock Lobstre|17/100|[from] item: Leftovers
|upkeep
|
|t:|1779823956
|switch|p2a: Simon|Great Tusk|85/100
|-damage|p2a: Simon|72/100|[from] Spikes
|-damage|p2a: Simon|69/100|[from] Stealth Rock
|turn|18
|
|t:|1779823965
|switch|p1a: Geist Draco|Dragapult, M|100/100
|move|p2a: Simon|Ice Spinner|p1a: Geist Draco
|-supereffective|p1a: Geist Draco
|-damage|p1a: Geist Draco|27/100
|
|-weather|none
|-heal|p1a: Geist Draco|33/100|[from] item: Leftovers
|upkeep
|turn|19
|
|t:|1779823977
|-end|p2a: Simon|Protosynthesis|[silent]
|switch|p2a: M1|Bastiodon, F|10/100
|-damage|p2a: M1|0 fnt|[from] Spikes
|faint|p2a: M1
|move|p1a: Geist Draco|Phantom Force||[still]
|-prepare|p1a: Geist Draco|Phantom Force
|
|-heal|p1a: Geist Draco|39/100|[from] item: Leftovers
|upkeep
|
|t:|1779823983
|switch|p2a: Simon|Great Tusk|69/100
|-damage|p2a: Simon|57/100|[from] Spikes
|-damage|p2a: Simon|54/100|[from] Stealth Rock
|turn|20
|
|t:|1779823989
|move|p1a: Geist Draco|Phantom Force|p2a: Simon|[from] lockedmove
|-damage|p2a: Simon|17/100
|move|p2a: Simon|Ice Spinner|p1a: Geist Draco
|-supereffective|p1a: Geist Draco
|-damage|p1a: Geist Draco|0 fnt
|faint|p1a: Geist Draco
|
|upkeep
|
|t:|1779823997
|switch|p1a: Byrd Metal|Skarmory, M|46/100
|turn|21
|
|t:|1779824000
|move|p2a: Simon|Rapid Spin|p1a: Byrd Metal
|-resisted|p1a: Byrd Metal
|-damage|p1a: Byrd Metal|41/100
|-boost|p2a: Simon|spe|1
|-sideend|p2: Geail|Spikes|[from] move: Rapid Spin|[of] p2a: Simon
|-sideend|p2: Geail|Stealth Rock|[from] move: Rapid Spin|[of] p2a: Simon
|move|p1a: Byrd Metal|Iron Defense|p1a: Byrd Metal
|-boost|p1a: Byrd Metal|def|2
|
|upkeep
|turn|22
|
|t:|1779824011
|move|p2a: Simon|Ice Spinner|p1a: Byrd Metal
|-damage|p1a: Byrd Metal|33/100
|move|p1a: Byrd Metal|Iron Defense|p1a: Byrd Metal
|-boost|p1a: Byrd Metal|def|2
|
|upkeep
|turn|23
|
|t:|1779824017
|move|p2a: Simon|Close Combat|p1a: Byrd Metal
|-damage|p1a: Byrd Metal|19/100
|-unboost|p2a: Simon|def|1
|-unboost|p2a: Simon|spd|1
|move|p1a: Byrd Metal|Body Press|p2a: Simon
|-damage|p2a: Simon|0 fnt
|faint|p2a: Simon
|-end|p2a: Simon|Protosynthesis|[silent]
|
|upkeep
|
|t:|1779824023
|switch|p2a: Norachiyo|Kingambit, F|100/100
|-activate|p2a: Norachiyo|ability: Supreme Overlord
|-start|p2a: Norachiyo|fallen5|[silent]
|turn|24
|
|t:|1779824030
|-terastallize|p2a: Norachiyo|Fighting
|move|p2a: Norachiyo|Sucker Punch|p1a: Byrd Metal
|-crit|p1a: Byrd Metal
|-damage|p1a: Byrd Metal|0 fnt
|faint|p1a: Byrd Metal
|
|upkeep
|
|t:|1779824038
|switch|p1a: Rock Lobstre|Tyranitar, M, shiny|17/100
|-weather|Sandstorm|[from] ability: Sand Stream|[of] p1a: Rock Lobstre
|turn|25
|
|t:|1779824046
|move|p2a: Norachiyo|Sucker Punch||[still]
|-fail|p2a: Norachiyo
|move|p1a: Rock Lobstre|Thunder Wave|p2a: Norachiyo
|-status|p2a: Norachiyo|par
|
|-weather|Sandstorm|[upkeep]
|-damage|p2a: Norachiyo|94/100 par|[from] Sandstorm
|-heal|p1a: Rock Lobstre|23/100|[from] item: Leftovers
|-heal|p2a: Norachiyo|100/100 par|[from] item: Leftovers
|upkeep
|turn|26
|
|t:|1779824058
|move|p1a: Rock Lobstre|Knock Off|p2a: Norachiyo
|-resisted|p2a: Norachiyo
|-damage|p2a: Norachiyo|86/100 par
|-enditem|p2a: Norachiyo|Leftovers|[from] move: Knock Off|[of] p1a: Rock Lobstre
|move|p2a: Norachiyo|Low Kick|p1a: Rock Lobstre
|-supereffective|p1a: Rock Lobstre
|-damage|p1a: Rock Lobstre|0 fnt
|faint|p1a: Rock Lobstre
|
|-weather|Sandstorm|[upkeep]
|-damage|p2a: Norachiyo|79/100 par|[from] Sandstorm
|upkeep
|
|t:|1779824069
|switch|p1a: Poison King|Slowking-Galar, M|100/100
|turn|27
|
|t:|1779824080
|move|p1a: Poison King|Psychic Noise|p2a: Norachiyo
|-supereffective|p2a: Norachiyo
|-damage|p2a: Norachiyo|21/100 par
|-start|p2a: Norachiyo|move: Heal Block
|cant|p2a: Norachiyo|par
|
|-weather|Sandstorm|[upkeep]
|-damage|p1a: Poison King|94/100|[from] Sandstorm
|-damage|p2a: Norachiyo|15/100 par|[from] Sandstorm
|-heal|p1a: Poison King|100/100|[from] item: Leftovers
|upkeep
|turn|28
|
|t:|1779824096
|move|p2a: Norachiyo|Sucker Punch||[still]
|-fail|p2a: Norachiyo
|move|p1a: Poison King|Calm Mind|p1a: Poison King
|-boost|p1a: Poison King|spa|1
|-boost|p1a: Poison King|spd|1
|
|-weather|Sandstorm|[upkeep]
|-damage|p1a: Poison King|94/100|[from] Sandstorm
|-damage|p2a: Norachiyo|9/100 par|[from] Sandstorm
|-heal|p1a: Poison King|100/100|[from] item: Leftovers
|-end|p2a: Norachiyo|move: Heal Block
|upkeep
|turn|29
|
|t:|1779824107
|move|p1a: Poison King|Psychic Noise|p2a: Norachiyo
|-supereffective|p2a: Norachiyo
|-damage|p2a: Norachiyo|0 fnt
|faint|p2a: Norachiyo
|-end|p2a: Norachiyo|fallen5|[silent]
|
|win|pondwaterone
|raw|pondwaterone's rating: 1290 &rarr; <strong>1311</strong><br />(+21 for winning)
|raw|Geail's rating: 1230 &rarr; <strong>1209</strong><br />(-21 for losing)
|l|☆Geail
|player|p2|
