|j|☆yveloso
|j|☆MASTEROFALLCREATE
|t:|1779945094
|gametype|singles
|player|p1|yveloso|265|1098
|player|p2|MASTEROFALLCREATE|pokefan-gen4|1181
|gen|9
|tier|[Gen 9] OU
|rated|
|rule|HP Percentage Mod: HP is shown in percentages
|rule|Endless Battle Clause: Forcing endless battles is banned
|rule|Species Clause: Limit one of each Pokémon
|rule|OHKO Clause: OHKO moves are banned
|rule|Evasion Items Clause: Evasion items are banned
|rule|Evasion Moves Clause: Evasion moves are banned
|rule|Evasion Abilities Clause: Evasion abilities are banned
|rule|Sleep Moves Clause: Sleep-inducing moves are banned
|clearpoke
|poke|p1|Infernape, M|
|poke|p1|Garchomp, F|
|poke|p1|Dragapult, M|
|poke|p1|Rotom-Wash|
|poke|p1|Corviknight, M|
|poke|p1|Kingambit, F|
|poke|p2|Ambipom, F|
|poke|p2|Comfey, M|
|poke|p2|Corviknight, M|
|poke|p2|Snorlax, F|
|poke|p2|Golurk|
|poke|p2|Empoleon, F|
|teampreview
|
|t:|1779945102
|teamsize|p1|6
|teamsize|p2|6
|start
|switch|p1a: Garchomp|Garchomp, F|100/100
|switch|p2a: Ambipom|Ambipom, F|100/100
|turn|1
|
|t:|1779945108
|move|p2a: Ambipom|Triple Axel|p1a: Garchomp|[miss]
|-miss|p2a: Ambipom|p1a: Garchomp
|move|p1a: Garchomp|Stealth Rock|p2a: Ambipom
|-sidestart|p2: MASTEROFALLCREATE|move: Stealth Rock
|
|upkeep
|turn|2
|
|t:|1779945118
|move|p2a: Ambipom|Triple Axel|p1a: Garchomp
|-supereffective|p1a: Garchomp
|-damage|p1a: Garchomp|71/100
|-damage|p2a: Ambipom|88/100|[from] ability: Rough Skin|[of] p1a: Garchomp
|-damage|p2a: Ambipom|72/100|[from] item: Rocky Helmet|[of] p1a: Garchomp
|-supereffective|p1a: Garchomp
|-damage|p1a: Garchomp|14/100
|-damage|p2a: Ambipom|59/100|[from] ability: Rough Skin|[of] p1a: Garchomp
|-damage|p2a: Ambipom|43/100|[from] item: Rocky Helmet|[of] p1a: Garchomp
|-supereffective|p1a: Garchomp
|-damage|p1a: Garchomp|0 fnt
|-damage|p2a: Ambipom|30/100|[from] ability: Rough Skin|[of] p1a: Garchomp
|-damage|p2a: Ambipom|14/100|[from] item: Rocky Helmet|[of] p1a: Garchomp
|faint|p1a: Garchomp
|-hitcount|p1: Garchomp|3
|-damage|p2a: Ambipom|4/100|[from] item: Life Orb
|
|upkeep
|
|t:|1779945135
|switch|p1a: Infernape|Infernape, M|100/100
|turn|3
|
|t:|1779945144
|switch|p2a: Golurk|Golurk|100/100
|-damage|p2a: Golurk|94/100|[from] Stealth Rock
|move|p1a: Infernape|Mach Punch|p2a: Golurk
|-immune|p2a: Golurk
|
|upkeep
|turn|4
|
|t:|1779945157
|move|p1a: Infernape|U-turn|p2a: Golurk
|-resisted|p2a: Golurk
|-damage|p2a: Golurk|83/100
|
|t:|1779945161
|switch|p1a: Corviknight|Corviknight, M|100/100|[from] U-turn
|-ability|p1a: Corviknight|Pressure
|move|p2a: Golurk|Dynamic Punch|p1a: Corviknight
|-damage|p1a: Corviknight|59/100
|-start|p1a: Corviknight|confusion
|
|-heal|p1a: Corviknight|65/100|[from] item: Leftovers
|upkeep
|turn|5
|
|t:|1779945178
|switch|p2a: Corviknight|Corviknight, M|100/100
|-damage|p2a: Corviknight|88/100|[from] Stealth Rock
|-activate|p1a: Corviknight|confusion
|-damage|p1a: Corviknight|59/100|[from] confusion
|
|-heal|p1a: Corviknight|65/100|[from] item: Leftovers
|upkeep
|turn|6
|
|t:|1779945192
|move|p2a: Corviknight|Defog|p1a: Corviknight
|-unboost|p1a: Corviknight|evasion|1
|-sideend|p2: MASTEROFALLCREATE|Stealth Rock|[from] move: Defog|[of] p2a: Corviknight
|-activate|p1a: Corviknight|confusion
|move|p1a: Corviknight|Body Press|p2a: Corviknight
|-damage|p2a: Corviknight|66/100
|-damage|p1a: Corviknight|49/100|[from] item: Rocky Helmet|[of] p2a: Corviknight
|
|-heal|p1a: Corviknight|55/100|[from] item: Leftovers
|upkeep
|turn|7
|
|t:|1779945202
|move|p2a: Corviknight|U-turn|p1a: Corviknight
|-resisted|p1a: Corviknight
|-damage|p1a: Corviknight|53/100
|
|t:|1779945204
|switch|p2a: Golurk|Golurk|83/100|[from] U-turn
|-activate|p1a: Corviknight|confusion
|move|p1a: Corviknight|Roost|p1a: Corviknight
|-heal|p1a: Corviknight|100/100
|-singleturn|p1a: Corviknight|move: Roost
|
|upkeep
|turn|8
|
|t:|1779945215
|switch|p1a: Rotom|Rotom-Wash|100/100
|move|p2a: Golurk|Fire Punch|p1a: Rotom
|-resisted|p1a: Rotom
|-damage|p1a: Rotom|80/100
|
|-heal|p1a: Rotom|86/100|[from] item: Leftovers
|upkeep
|turn|9
|
|t:|1779945232
|switch|p2a: Snorlax|Snorlax, F|100/100
|move|p1a: Rotom|Hydro Pump|p2a: Snorlax
|-damage|p2a: Snorlax|84/100
|
|-heal|p1a: Rotom|93/100|[from] item: Leftovers
|-heal|p2a: Snorlax|91/100|[from] item: Leftovers
|upkeep
|turn|10
|
|t:|1779945239
|move|p1a: Rotom|Will-O-Wisp|p2a: Snorlax
|-status|p2a: Snorlax|brn
|move|p2a: Snorlax|Body Slam|p1a: Rotom
|-damage|p1a: Rotom|81/100
|
|-heal|p1a: Rotom|87/100|[from] item: Leftovers
|-heal|p2a: Snorlax|97/100 brn|[from] item: Leftovers
|-damage|p2a: Snorlax|91/100 brn|[from] brn
|upkeep
|turn|11
|
|t:|1779945249
|move|p1a: Rotom|Hydro Pump|p2a: Snorlax|[miss]
|-miss|p1a: Rotom|p2a: Snorlax
|move|p2a: Snorlax|Body Slam|p1a: Rotom
|-damage|p1a: Rotom|74/100
|
|-heal|p1a: Rotom|80/100|[from] item: Leftovers
|-heal|p2a: Snorlax|97/100 brn|[from] item: Leftovers
|-damage|p2a: Snorlax|91/100 brn|[from] brn
|upkeep
|turn|12
|
|t:|1779945259
|move|p1a: Rotom|Protect|p1a: Rotom
|-singleturn|p1a: Rotom|Protect
|move|p2a: Snorlax|Body Slam|p1a: Rotom
|-activate|p1a: Rotom|move: Protect
|
|-heal|p1a: Rotom|87/100|[from] item: Leftovers
|-heal|p2a: Snorlax|97/100 brn|[from] item: Leftovers
|-damage|p2a: Snorlax|91/100 brn|[from] brn
|upkeep
|turn|13
|
|t:|1779945272
|switch|p1a: Infernape|Infernape, M|100/100
|move|p2a: Snorlax|Body Slam|p1a: Infernape
|-damage|p1a: Infernape|77/100
|
|-heal|p2a: Snorlax|97/100 brn|[from] item: Leftovers
|-damage|p2a: Snorlax|91/100 brn|[from] brn
|upkeep
|turn|14
|
|t:|1779945290
|switch|p2a: Empoleon|Empoleon, F|100/100
|move|p1a: Infernape|Flare Blitz|p2a: Empoleon
|-damage|p2a: Empoleon|49/100
|-damage|p1a: Infernape|55/100|[from] Recoil
|
|-heal|p2a: Empoleon|55/100|[from] item: Leftovers
|upkeep
|turn|15
|
|t:|1779945302
|switch|p2a: Golurk|Golurk|83/100
|move|p1a: Infernape|Close Combat|p2a: Golurk
|-immune|p2a: Golurk
|
|upkeep
|turn|16
|
|t:|1779945314
|move|p1a: Infernape|Flare Blitz|p2a: Golurk
|-damage|p2a: Golurk|29/100
|-damage|p1a: Infernape|32/100|[from] Recoil
|move|p2a: Golurk|Shadow Punch|p1a: Infernape
|-damage|p1a: Infernape|0 fnt
|faint|p1a: Infernape
|
|upkeep
|
|t:|1779945322
|switch|p1a: Dragapult|Dragapult, M|100/100
|turn|17
|
|t:|1779945328
|move|p1a: Dragapult|Shadow Ball|p2a: Golurk
|-supereffective|p2a: Golurk
|-damage|p2a: Golurk|0 fnt
|faint|p2a: Golurk
|
|upkeep
|
|t:|1779945333
|switch|p2a: Comfey|Comfey, M|100/100
|turn|18
|
|t:|1779945342
|switch|p1a: Corviknight|Corviknight, M|100/100
|-ability|p1a: Corviknight|Pressure
|move|p2a: Comfey|Amnesia|p2a: Comfey
|-boost|p2a: Comfey|spd|2
|
|upkeep
|turn|19
|
|t:|1779945351
|move|p2a: Comfey|Amnesia|p2a: Comfey
|-boost|p2a: Comfey|spd|2
|move|p1a: Corviknight|U-turn|p2a: Comfey
|-resisted|p2a: Comfey
|-damage|p2a: Comfey|90/100
|
|t:|1779945360
|switch|p1a: Kingambit|Kingambit, F|100/100|[from] U-turn
|
|upkeep
|turn|20
|
|t:|1779945363
|move|p2a: Comfey|Draining Kiss|p1a: Kingambit
|-damage|p1a: Kingambit|82/100
|-heal|p2a: Comfey|100/100|[from] drain|[of] p1a: Kingambit
|move|p1a: Kingambit|Swords Dance|p1a: Kingambit
|-boost|p1a: Kingambit|atk|2
|
|upkeep
|turn|21
|
|t:|1779945385
|switch|p2a: Ambipom|Ambipom, F|4/100
|move|p1a: Kingambit|Iron Head|p2a: Ambipom
|-damage|p2a: Ambipom|0 fnt
|faint|p2a: Ambipom
|
|upkeep
|
|t:|1779945396
|switch|p2a: Empoleon|Empoleon, F|55/100
|turn|22
|
|t:|1779945401
|move|p2a: Empoleon|Roost|p2a: Empoleon
|-heal|p2a: Empoleon|100/100
|-singleturn|p2a: Empoleon|move: Roost
|move|p1a: Kingambit|Kowtow Cleave|p2a: Empoleon
|-damage|p2a: Empoleon|0 fnt
|faint|p2a: Empoleon
|
|upkeep
|
|t:|1779945406
|switch|p2a: Snorlax|Snorlax, F|91/100 brn
|turn|23
|
|t:|1779945412
|move|p1a: Kingambit|Swords Dance|p1a: Kingambit
|-boost|p1a: Kingambit|atk|2
|move|p2a: Snorlax|Curse|p2a: Snorlax
|-unboost|p2a: Snorlax|spe|1
|-boost|p2a: Snorlax|atk|1
|-boost|p2a: Snorlax|def|1
|
|-heal|p2a: Snorlax|97/100 brn|[from] item: Leftovers
|-damage|p2a: Snorlax|91/100 brn|[from] brn
|upkeep
|turn|24
|
|t:|1779945426
|move|p1a: Kingambit|Kowtow Cleave|p2a: Snorlax
|-damage|p2a: Snorlax|0 fnt
|faint|p2a: Snorlax
|
|upkeep
|
|t:|1779945432
|switch|p2a: Corviknight|Corviknight, M|66/100
|turn|25
|
|t:|1779945437
|move|p1a: Kingambit|Sucker Punch|p2a: Corviknight
|-damage|p2a: Corviknight|0 fnt
|-damage|p1a: Kingambit|65/100|[from] item: Rocky Helmet|[of] p2a: Corviknight
|faint|p2a: Corviknight
|
|upkeep
|
|t:|1779945439
|switch|p2a: Comfey|Comfey, M|100/100
|turn|26
|
|t:|1779945442
|move|p2a: Comfey|Amnesia|p2a: Comfey
|-boost|p2a: Comfey|spd|2
|move|p1a: Kingambit|Iron Head|p2a: Comfey
|-supereffective|p2a: Comfey
|-damage|p2a: Comfey|0 fnt
|faint|p2a: Comfey
|
|win|yveloso
|raw|yveloso's rating: 1098 &rarr; <strong>1129</strong><br />(+31 for winning)
|raw|MASTEROFALLCREATE's rating: 1181 &rarr; <strong>1150</strong><br />(-31 for losing)
|l|☆MASTEROFALLCREATE
|player|p2|
|l|☆yveloso
|player|p1|
