|j|☆hat_fm
|j|☆321Godspeed
|t:|1779857048
|gametype|singles
|player|p1|hat_fm|pilot|1359
|player|p2|321Godspeed|266|1330
|gen|9
|tier|[Gen 9] OU
|rated|
|rule|HP Percentage Mod: HP is shown in percentages
|rule|Endless Battle Clause: Forcing endless battles is banned
|rule|Species Clause: Limit one of each Pokémon
|rule|OHKO Clause: OHKO moves are banned
|rule|Evasion Items Clause: Evasion items are banned
|rule|Evasion Moves Clause: Evasion moves are banned
|rule|Evasion Abilities Clause: Evasion abilities are banned
|rule|Sleep Moves Clause: Sleep-inducing moves are banned
|clearpoke
|poke|p1|Zamazenta-*|
|poke|p1|Ceruledge, F|
|poke|p1|Scizor, F|
|poke|p1|Donphan, M|
|poke|p1|Lycanroc-Dusk, M|
|poke|p1|Florges, F|
|poke|p2|Iron Moth|
|poke|p2|Gliscor, M|
|poke|p2|Hatterene, F|
|poke|p2|Ogerpon-Wellspring, F|
|poke|p2|Raging Bolt|
|poke|p2|Zamazenta-*|
|teampreview
|
|t:|1779857053
|teamsize|p1|6
|teamsize|p2|6
|start
|switch|p1a: Donphan|Donphan, M|100/100
|switch|p2a: Zamazenta|Zamazenta|100/100
|-ability|p2a: Zamazenta|Dauntless Shield|boost
|-boost|p2a: Zamazenta|def|1
|turn|1
|
|t:|1779857059
|move|p2a: Zamazenta|Reflect|p2a: Zamazenta
|-sidestart|p2: 321Godspeed|Reflect
|move|p1a: Donphan|Stealth Rock|p2a: Zamazenta
|-sidestart|p2: 321Godspeed|move: Stealth Rock
|
|upkeep
|turn|2
|
|t:|1779857063
|move|p2a: Zamazenta|Light Screen|p2a: Zamazenta
|-sidestart|p2: 321Godspeed|move: Light Screen
|move|p1a: Donphan|Knock Off|p2a: Zamazenta
|-resisted|p2a: Zamazenta
|-damage|p2a: Zamazenta|97/100
|-enditem|p2a: Zamazenta|Light Clay|[from] move: Knock Off|[of] p1a: Donphan
|
|upkeep
|turn|3
|
|t:|1779857072
|move|p2a: Zamazenta|Ice Fang|p1a: Donphan
|-supereffective|p1a: Donphan
|-damage|p1a: Donphan|80/100
|-damage|p2a: Zamazenta|80/100|[from] item: Rocky Helmet|[of] p1a: Donphan
|move|p1a: Donphan|Earthquake|p2a: Zamazenta
|-damage|p2a: Zamazenta|69/100
|
|upkeep
|turn|4
|
|t:|1779857079
|switch|p2a: Gliscor|Gliscor, M|100/100
|-damage|p2a: Gliscor|88/100|[from] Stealth Rock
|move|p1a: Donphan|Rapid Spin|p2a: Gliscor
|-damage|p2a: Gliscor|82/100
|-boost|p1a: Donphan|spe|1
|
|-status|p2a: Gliscor|tox|[from] item: Toxic Orb
|upkeep
|turn|5
|
|t:|1779857088
|move|p2a: Gliscor|Swords Dance|p2a: Gliscor
|-boost|p2a: Gliscor|atk|2
|move|p1a: Donphan|Knock Off|p2a: Gliscor
|-crit|p2a: Gliscor
|-damage|p2a: Gliscor|51/100 tox
|-enditem|p2a: Gliscor|Toxic Orb|[from] move: Knock Off|[of] p1a: Donphan
|
|-heal|p2a: Gliscor|63/100 tox|[from] ability: Poison Heal
|upkeep
|turn|6
|
|t:|1779857104
|move|p2a: Gliscor|Agility|p2a: Gliscor
|-boost|p2a: Gliscor|spe|2
|move|p1a: Donphan|Rapid Spin|p2a: Gliscor
|-damage|p2a: Gliscor|57/100 tox
|-boost|p1a: Donphan|spe|1
|
|-heal|p2a: Gliscor|69/100 tox|[from] ability: Poison Heal
|upkeep
|turn|7
|
|t:|1779857113
|move|p2a: Gliscor|Swords Dance|p2a: Gliscor
|-boost|p2a: Gliscor|atk|2
|move|p1a: Donphan|Rapid Spin|p2a: Gliscor
|-damage|p2a: Gliscor|64/100 tox
|-boost|p1a: Donphan|spe|1
|
|-heal|p2a: Gliscor|76/100 tox|[from] ability: Poison Heal
|upkeep
|turn|8
|
|t:|1779857123
|move|p2a: Gliscor|Swords Dance|p2a: Gliscor
|-boost|p2a: Gliscor|atk|2
|move|p1a: Donphan|Rapid Spin|p2a: Gliscor
|-damage|p2a: Gliscor|70/100 tox
|-boost|p1a: Donphan|spe|1
|
|-heal|p2a: Gliscor|82/100 tox|[from] ability: Poison Heal
|-sideend|p2: 321Godspeed|Reflect
|upkeep
|turn|9
|
|t:|1779857134
|-terastallize|p2a: Gliscor|Normal
|move|p2a: Gliscor|Facade|p1a: Donphan
|-damage|p1a: Donphan|0 fnt
|-damage|p2a: Gliscor|66/100 tox|[from] item: Rocky Helmet|[of] p1a: Donphan
|faint|p1a: Donphan
|
|-heal|p2a: Gliscor|78/100 tox|[from] ability: Poison Heal
|-sideend|p2: 321Godspeed|move: Light Screen
|upkeep
|
|t:|1779857144
|switch|p1a: Ceruledge|Ceruledge, F|100/100
|turn|10
|
|t:|1779857150
|move|p2a: Gliscor|Earthquake|p1a: Ceruledge
|-supereffective|p1a: Ceruledge
|-enditem|p1a: Ceruledge|Focus Sash
|-damage|p1a: Ceruledge|1/100
|-ability|p1a: Ceruledge|Weak Armor|boost
|-unboost|p1a: Ceruledge|def|1
|-boost|p1a: Ceruledge|spe|2
|move|p1a: Ceruledge|Bitter Blade|p2a: Gliscor
|-damage|p2a: Gliscor|36/100 tox
|-heal|p1a: Ceruledge|25/100|[from] drain|[of] p2a: Gliscor
|
|-heal|p2a: Gliscor|49/100 tox|[from] ability: Poison Heal
|upkeep
|turn|11
|
|t:|1779857164
|move|p1a: Ceruledge|Bitter Blade|p2a: Gliscor
|-damage|p2a: Gliscor|9/100 tox
|-heal|p1a: Ceruledge|48/100|[from] drain|[of] p2a: Gliscor
|move|p2a: Gliscor|Earthquake|p1a: Ceruledge
|-supereffective|p1a: Ceruledge
|-damage|p1a: Ceruledge|0 fnt
|faint|p1a: Ceruledge
|
|-heal|p2a: Gliscor|21/100 tox|[from] ability: Poison Heal
|upkeep
|
|t:|1779857174
|switch|p1a: Scizor|Scizor, F|100/100
|turn|12
|
|t:|1779857180
|move|p1a: Scizor|Bullet Punch|p2a: Gliscor
|-damage|p2a: Gliscor|0 fnt
|faint|p2a: Gliscor
|-damage|p1a: Scizor|91/100|[from] item: Life Orb
|
|upkeep
|
|t:|1779857190
|switch|p2a: Zamazenta|Zamazenta|69/100
|-damage|p2a: Zamazenta|63/100|[from] Stealth Rock
|turn|13
|
|t:|1779857197
|move|p2a: Zamazenta|Reflect|p2a: Zamazenta
|-sidestart|p2: 321Godspeed|Reflect
|move|p1a: Scizor|Swords Dance|p1a: Scizor
|-boost|p1a: Scizor|atk|2
|
|upkeep
|turn|14
|
|t:|1779857200
|move|p2a: Zamazenta|Close Combat|p1a: Scizor
|-damage|p1a: Scizor|41/100
|-unboost|p2a: Zamazenta|def|1
|-unboost|p2a: Zamazenta|spd|1
|move|p1a: Scizor|Swords Dance|p1a: Scizor
|-boost|p1a: Scizor|atk|2
|
|upkeep
|turn|15
|
|t:|1779857206
|move|p1a: Scizor|Bullet Punch|p2a: Zamazenta
|-damage|p2a: Zamazenta|0 fnt
|faint|p2a: Zamazenta
|-damage|p1a: Scizor|31/100|[from] item: Life Orb
|
|upkeep
|
|t:|1779857223
|switch|p2a: Iron Moth|Iron Moth|100/100
|-damage|p2a: Iron Moth|76/100|[from] Stealth Rock
|-enditem|p2a: Iron Moth|Booster Energy
|-activate|p2a: Iron Moth|ability: Quark Drive|[fromitem]
|-start|p2a: Iron Moth|quarkdrivespe
|turn|16
|
|t:|1779857227
|move|p1a: Scizor|Bullet Punch|p2a: Iron Moth
|-resisted|p2a: Iron Moth
|-damage|p2a: Iron Moth|19/100
|-damage|p1a: Scizor|21/100|[from] item: Life Orb
|move|p2a: Iron Moth|Fiery Dance|p1a: Scizor
|-supereffective|p1a: Scizor
|-damage|p1a: Scizor|0 fnt
|faint|p1a: Scizor
|
|upkeep
|
|t:|1779857232
|switch|p1a: Lycanroc|Lycanroc-Dusk, M|100/100
|turn|17
|
|t:|1779857241
|move|p1a: Lycanroc|Accelerock|p2a: Iron Moth
|-supereffective|p2a: Iron Moth
|-damage|p2a: Iron Moth|0 fnt
|faint|p2a: Iron Moth
|-end|p2a: Iron Moth|Quark Drive|[silent]
|-damage|p1a: Lycanroc|91/100|[from] item: Life Orb
|
|-sideend|p2: 321Godspeed|Reflect
|upkeep
|
|t:|1779857243
|switch|p2a: Raging Bolt|Raging Bolt|100/100
|-damage|p2a: Raging Bolt|88/100|[from] Stealth Rock
|-enditem|p2a: Raging Bolt|Booster Energy
|-activate|p2a: Raging Bolt|ability: Protosynthesis|[fromitem]
|-start|p2a: Raging Bolt|protosynthesisspa
|turn|18
|
|t:|1779857255
|move|p1a: Lycanroc|Stone Edge|p2a: Raging Bolt
|-damage|p2a: Raging Bolt|23/100
|-damage|p1a: Lycanroc|81/100|[from] item: Life Orb
|move|p2a: Raging Bolt|Calm Mind|p2a: Raging Bolt
|-boost|p2a: Raging Bolt|spa|1
|-boost|p2a: Raging Bolt|spd|1
|
|upkeep
|turn|19
|
|t:|1779857264
|move|p1a: Lycanroc|Accelerock|p2a: Raging Bolt
|-damage|p2a: Raging Bolt|0 fnt
|faint|p2a: Raging Bolt
|-end|p2a: Raging Bolt|Protosynthesis|[silent]
|-damage|p1a: Lycanroc|71/100|[from] item: Life Orb
|
|upkeep
|
|t:|1779857276
|switch|p2a: Ogerpon|Ogerpon-Wellspring, F|100/100
|-damage|p2a: Ogerpon|88/100|[from] Stealth Rock
|turn|20
|
|t:|1779857285
|move|p1a: Lycanroc|Accelerock|p2a: Ogerpon
|-damage|p2a: Ogerpon|39/100
|-damage|p1a: Lycanroc|61/100|[from] item: Life Orb
|move|p2a: Ogerpon|Ivy Cudgel|p1a: Lycanroc|[anim] Ivy Cudgel Water
|-supereffective|p1a: Lycanroc
|-crit|p1a: Lycanroc
|-damage|p1a: Lycanroc|0 fnt
|faint|p1a: Lycanroc
|
|upkeep
|
|t:|1779857290
|switch|p1a: Zamazenta|Zamazenta|100/100
|-ability|p1a: Zamazenta|Dauntless Shield|boost
|-boost|p1a: Zamazenta|def|1
|turn|21
|
|t:|1779857297
|move|p2a: Ogerpon|Encore||[still]
|-fail|p2a: Ogerpon
|move|p1a: Zamazenta|Roar|p2a: Ogerpon
|drag|p2a: Hatterene|Hatterene, F|100/100
|-damage|p2a: Hatterene|88/100|[from] Stealth Rock
|
|-heal|p2a: Hatterene|94/100|[from] item: Leftovers
|upkeep
|turn|22
|
|t:|1779857307
|switch|p1a: Florges|Florges, F|100/100
|move|p2a: Hatterene|Draining Kiss|p1a: Florges
|-damage|p1a: Florges|85/100
|-heal|p2a: Hatterene|100/100|[from] drain|[of] p1a: Florges
|
|-heal|p1a: Florges|91/100|[from] item: Leftovers
|upkeep
|turn|23
|
|t:|1779857313
|move|p1a: Florges|Calm Mind|p1a: Florges
|-boost|p1a: Florges|spa|1
|-boost|p1a: Florges|spd|1
|move|p2a: Hatterene|Mystical Fire|p1a: Florges
|-damage|p1a: Florges|81/100
|-unboost|p1a: Florges|spa|1
|
|-heal|p1a: Florges|87/100|[from] item: Leftovers
|upkeep
|turn|24
|
|t:|1779857316
|move|p1a: Florges|Calm Mind|p1a: Florges
|-boost|p1a: Florges|spa|1
|-boost|p1a: Florges|spd|1
|move|p2a: Hatterene|Calm Mind|p2a: Hatterene
|-boost|p2a: Hatterene|spa|1
|-boost|p2a: Hatterene|spd|1
|
|-heal|p1a: Florges|93/100|[from] item: Leftovers
|upkeep
|turn|25
|
|t:|1779857320
|move|p1a: Florges|Giga Drain|p2a: Hatterene
|-damage|p2a: Hatterene|75/100
|-heal|p1a: Florges|100/100|[from] drain|[of] p2a: Hatterene
|move|p2a: Hatterene|Calm Mind|p2a: Hatterene
|-boost|p2a: Hatterene|spa|1
|-boost|p2a: Hatterene|spd|1
|
|-heal|p2a: Hatterene|81/100|[from] item: Leftovers
|upkeep
|turn|26
|
|t:|1779857323
|move|p1a: Florges|Moonblast|p2a: Hatterene
|-damage|p2a: Hatterene|42/100
|-unboost|p2a: Hatterene|spa|1
|move|p2a: Hatterene|Calm Mind|p2a: Hatterene
|-boost|p2a: Hatterene|spa|1
|-boost|p2a: Hatterene|spd|1
|
|-heal|p2a: Hatterene|48/100|[from] item: Leftovers
|upkeep
|turn|27
|
|t:|1779857338
|move|p1a: Florges|Moonblast|p2a: Hatterene
|-damage|p2a: Hatterene|15/100
|move|p2a: Hatterene|Draining Kiss|p1a: Florges
|-damage|p1a: Florges|84/100
|-heal|p2a: Hatterene|28/100|[from] drain|[of] p1a: Florges
|
|-heal|p1a: Florges|90/100|[from] item: Leftovers
|-heal|p2a: Hatterene|34/100|[from] item: Leftovers
|upkeep
|turn|28
|
|t:|1779857345
|move|p1a: Florges|Moonblast|p2a: Hatterene
|-damage|p2a: Hatterene|6/100
|move|p2a: Hatterene|Calm Mind|p2a: Hatterene
|-boost|p2a: Hatterene|spa|1
|-boost|p2a: Hatterene|spd|1
|
|-heal|p1a: Florges|96/100|[from] item: Leftovers
|-heal|p2a: Hatterene|12/100|[from] item: Leftovers
|upkeep
|turn|29
|
|t:|1779857349
|move|p1a: Florges|Moonblast|p2a: Hatterene
|-damage|p2a: Hatterene|0 fnt
|faint|p2a: Hatterene
|
|-heal|p1a: Florges|100/100|[from] item: Leftovers
|upkeep
|-message|321Godspeed forfeited.
|
|win|hat_fm
|raw|hat_fm's rating: 1359 &rarr; <strong>1377</strong><br />(+18 for winning)
|raw|321Godspeed's rating: 1330 &rarr; <strong>1312</strong><br />(-18 for losing)
|l|☆321Godspeed
|player|p2|
|l|☆hat_fm
|player|p1|
