|j|‽Luckyluke8676
|j|‽acerrillo6970
|t:|1779861685
|gametype|singles
|player|p1|Luckyluke8676|101|1154
|player|p2|acerrillo6970|170|1184
|gen|9
|tier|[Gen 9] OU
|rated|
|rule|HP Percentage Mod: HP is shown in percentages
|rule|Endless Battle Clause: Forcing endless battles is banned
|rule|Species Clause: Limit one of each Pokémon
|rule|OHKO Clause: OHKO moves are banned
|rule|Evasion Items Clause: Evasion items are banned
|rule|Evasion Moves Clause: Evasion moves are banned
|rule|Evasion Abilities Clause: Evasion abilities are banned
|rule|Sleep Moves Clause: Sleep-inducing moves are banned
|clearpoke
|poke|p1|Pecharunt|
|poke|p1|Great Tusk|
|poke|p1|Alomomola, F|
|poke|p1|Dragonite, F|
|poke|p1|Iron Crown|
|poke|p1|Iron Valiant|
|poke|p2|Meowscarada, F|
|poke|p2|Comfey, M|
|poke|p2|Lokix, M|
|poke|p2|Tentacruel, M|
|poke|p2|Orthworm, F|
|poke|p2|Pawmot, F|
|teampreview
|inactive|Battle timer is ON: inactive players will automatically lose when time's up. (requested by acerrillo6970)
|
|t:|1779861720
|teamsize|p1|6
|teamsize|p2|6
|start
|switch|p1a: Great Tusk|Great Tusk|100/100
|switch|p2a: Pawmot|Pawmot, F|100/100
|turn|1
|
|t:|1779861728
|move|p2a: Pawmot|Ice Punch|p1a: Great Tusk
|-supereffective|p1a: Great Tusk
|-damage|p1a: Great Tusk|70/100
|move|p1a: Great Tusk|Stealth Rock|p2a: Pawmot
|-sidestart|p2: acerrillo6970|move: Stealth Rock
|
|upkeep
|turn|2
|
|t:|1779861734
|-end|p1a: Great Tusk|Protosynthesis|[silent]
|switch|p1a: Pecharunt|Pecharunt|100/100
|move|p2a: Pawmot|Ice Punch|p1a: Pecharunt
|-damage|p1a: Pecharunt|85/100
|
|upkeep
|turn|3
|
|t:|1779861751
|move|p2a: Pawmot|Thunder Punch|p1a: Pecharunt
|-damage|p1a: Pecharunt|65/100
|move|p1a: Pecharunt|Malignant Chain|p2a: Pawmot
|-damage|p2a: Pawmot|40/100
|
|upkeep
|turn|4
|
|t:|1779861758
|move|p2a: Pawmot|Thunder Punch|p1a: Pecharunt
|-damage|p1a: Pecharunt|42/100
|move|p1a: Pecharunt|Malignant Chain|p2a: Pawmot
|-damage|p2a: Pawmot|0 fnt
|faint|p2a: Pawmot
|
|upkeep
|
|t:|1779861765
|switch|p2a: Meowscarada|Meowscarada, F|100/100
|-damage|p2a: Meowscarada|88/100|[from] Stealth Rock
|turn|5
|
|t:|1779861773
|switch|p1a: Great Tusk|Great Tusk|70/100
|move|p2a: Meowscarada|U-turn|p1a: Great Tusk
|-start|p2a: Meowscarada|typechange|Bug|[from] ability: Protean
|-resisted|p1a: Great Tusk
|-damage|p1a: Great Tusk|58/100
|
|t:|1779861775
|switch|p2a: Orthworm|Orthworm, F|100/100|[from] U-turn
|-damage|p2a: Orthworm|94/100|[from] Stealth Rock
|
|-heal|p2a: Orthworm|100/100|[from] item: Leftovers
|upkeep
|turn|6
|
|t:|1779861789
|move|p2a: Orthworm|Protect|p2a: Orthworm
|-singleturn|p2a: Orthworm|Protect
|move|p1a: Great Tusk|Taunt|p2a: Orthworm
|-activate|p2a: Orthworm|move: Protect
|
|upkeep
|turn|7
|
|t:|1779861799
|switch|p2a: Tentacruel|Tentacruel, M|100/100
|-damage|p2a: Tentacruel|88/100|[from] Stealth Rock
|move|p1a: Great Tusk|Taunt|p2a: Tentacruel
|-start|p2a: Tentacruel|move: Taunt
|
|-heal|p2a: Tentacruel|94/100|[from] item: Black Sludge
|upkeep
|turn|8
|
|t:|1779861808
|-end|p1a: Great Tusk|Protosynthesis|[silent]
|switch|p1a: Pecharunt|Pecharunt|42/100
|move|p2a: Tentacruel|Rapid Spin|p1a: Pecharunt
|-immune|p1a: Pecharunt
|
|-heal|p2a: Tentacruel|99/100|[from] item: Black Sludge
|upkeep
|turn|9
|
|t:|1779861815
|move|p2a: Tentacruel|Knock Off|p1a: Pecharunt
|-supereffective|p1a: Pecharunt
|-damage|p1a: Pecharunt|24/100
|-damage|p2a: Tentacruel|84/100|[from] item: Rocky Helmet|[of] p1a: Pecharunt
|-enditem|p1a: Pecharunt|Rocky Helmet|[from] move: Knock Off|[of] p2a: Tentacruel
|move|p1a: Pecharunt|Recover|p1a: Pecharunt
|-heal|p1a: Pecharunt|74/100
|
|-heal|p2a: Tentacruel|90/100|[from] item: Black Sludge
|-end|p2a: Tentacruel|move: Taunt
|upkeep
|turn|10
|
|t:|1779861832
|move|p2a: Tentacruel|Toxic Spikes|p1a: Pecharunt
|-sidestart|p1: Luckyluke8676|move: Toxic Spikes
|move|p1a: Pecharunt|Parting Shot|p2a: Tentacruel
|-unboost|p2a: Tentacruel|atk|1
|-unboost|p2a: Tentacruel|spa|1
|
|t:|1779861843
|switch|p1a: Iron Crown|Iron Crown|100/100|[from] Parting Shot
|
|-heal|p2a: Tentacruel|96/100|[from] item: Black Sludge
|upkeep
|turn|11
|
|t:|1779861851
|move|p2a: Tentacruel|Knock Off|p1a: Iron Crown
|-supereffective|p1a: Iron Crown
|-damage|p1a: Iron Crown|78/100
|-enditem|p1a: Iron Crown|Assault Vest|[from] move: Knock Off|[of] p2a: Tentacruel
|move|p1a: Iron Crown|Psyshock|p2a: Tentacruel
|-supereffective|p2a: Tentacruel
|-damage|p2a: Tentacruel|10/100
|
|-heal|p2a: Tentacruel|16/100|[from] item: Black Sludge
|upkeep
|turn|12
|
|t:|1779861859
|move|p2a: Tentacruel|Rapid Spin|p1a: Iron Crown
|-resisted|p1a: Iron Crown
|-damage|p1a: Iron Crown|75/100
|-boost|p2a: Tentacruel|spe|1
|-sideend|p2: acerrillo6970|Stealth Rock|[from] move: Rapid Spin|[of] p2a: Tentacruel
|move|p1a: Iron Crown|Volt Switch|p2a: Tentacruel
|-supereffective|p2a: Tentacruel
|-damage|p2a: Tentacruel|0 fnt
|faint|p2a: Tentacruel
|
|t:|1779861868
|-end|p1a: Iron Crown|Quark Drive|[silent]
|switch|p1a: Pecharunt|Pecharunt|74/100|[from] Volt Switch
|-sideend|p1: Luckyluke8676|move: Toxic Spikes|[of] p1a: Pecharunt
|
|upkeep
|
|t:|1779861883
|switch|p2a: Orthworm|Orthworm, F|100/100
|turn|13
|
|t:|1779861890
|move|p1a: Pecharunt|Shadow Ball|p2a: Orthworm
|-damage|p2a: Orthworm|73/100
|move|p2a: Orthworm|Coil|p2a: Orthworm
|-boost|p2a: Orthworm|atk|1
|-boost|p2a: Orthworm|def|1
|-boost|p2a: Orthworm|accuracy|1
|
|-heal|p2a: Orthworm|79/100|[from] item: Leftovers
|upkeep
|turn|14
|
|t:|1779861904
|move|p2a: Orthworm|Protect|p2a: Orthworm
|-singleturn|p2a: Orthworm|Protect
|move|p1a: Pecharunt|Shadow Ball|p2a: Orthworm
|-activate|p2a: Orthworm|move: Protect
|
|-heal|p2a: Orthworm|85/100|[from] item: Leftovers
|upkeep
|turn|15
|
|t:|1779861911
|move|p1a: Pecharunt|Parting Shot|p2a: Orthworm
|-unboost|p2a: Orthworm|atk|1
|-unboost|p2a: Orthworm|spa|1
|
|t:|1779861916
|switch|p1a: Great Tusk|Great Tusk|58/100|[from] Parting Shot
|move|p2a: Orthworm|Coil|p2a: Orthworm
|-boost|p2a: Orthworm|atk|1
|-boost|p2a: Orthworm|def|1
|-boost|p2a: Orthworm|accuracy|1
|
|-heal|p2a: Orthworm|91/100|[from] item: Leftovers
|upkeep
|turn|16
|
|t:|1779861923
|move|p2a: Orthworm|Protect|p2a: Orthworm
|-singleturn|p2a: Orthworm|Protect
|move|p1a: Great Tusk|Stealth Rock|p2a: Orthworm
|-sidestart|p2: acerrillo6970|move: Stealth Rock
|
|-heal|p2a: Orthworm|97/100|[from] item: Leftovers
|upkeep
|turn|17
|
|t:|1779861930
|move|p1a: Great Tusk|Taunt|p2a: Orthworm
|-start|p2a: Orthworm|move: Taunt
|cant|p2a: Orthworm|move: Taunt|Coil
|
|-heal|p2a: Orthworm|100/100|[from] item: Leftovers
|upkeep
|turn|18
|inactive|Luckyluke8676 has 120 seconds left.
|
|t:|1779861961
|-end|p1a: Great Tusk|Protosynthesis|[silent]
|switch|p1a: Iron Valiant|Iron Valiant|100/100
|-enditem|p1a: Iron Valiant|Booster Energy
|-activate|p1a: Iron Valiant|ability: Quark Drive|[fromitem]
|-start|p1a: Iron Valiant|quarkdrivespe
|move|p2a: Orthworm|Iron Tail|p1a: Iron Valiant
|-supereffective|p1a: Iron Valiant
|-damage|p1a: Iron Valiant|0 fnt
|faint|p1a: Iron Valiant
|-end|p1a: Iron Valiant|Quark Drive|[silent]
|
|upkeep
|inactive|Luckyluke8676 has 120 seconds left.
|
|t:|1779861973
|switch|p1a: Iron Crown|Iron Crown|75/100
|turn|19
|inactive|Luckyluke8676 has 120 seconds left.
|
|t:|1779861981
|move|p1a: Iron Crown|Tachyon Cutter|p2a: Orthworm
|-resisted|p2a: Orthworm
|-damage|p2a: Orthworm|85/100
|-resisted|p2a: Orthworm
|-damage|p2a: Orthworm|69/100
|-hitcount|p2a: Orthworm|2
|move|p2a: Orthworm|Body Press|p1a: Iron Crown
|-damage|p1a: Iron Crown|12/100
|
|-heal|p2a: Orthworm|75/100|[from] item: Leftovers
|-end|p2a: Orthworm|move: Taunt
|upkeep
|turn|20
|inactive|Luckyluke8676 has 120 seconds left.
|
|t:|1779861993
|move|p1a: Iron Crown|Tachyon Cutter|p2a: Orthworm
|-resisted|p2a: Orthworm
|-damage|p2a: Orthworm|59/100
|-resisted|p2a: Orthworm
|-damage|p2a: Orthworm|44/100
|-hitcount|p2a: Orthworm|2
|move|p2a: Orthworm|Coil|p2a: Orthworm
|-boost|p2a: Orthworm|atk|1
|-boost|p2a: Orthworm|def|1
|-boost|p2a: Orthworm|accuracy|1
|
|-heal|p2a: Orthworm|50/100|[from] item: Leftovers
|upkeep
|turn|21
|inactive|Luckyluke8676 has 120 seconds left.
|
|t:|1779862008
|-end|p1a: Iron Crown|Quark Drive|[silent]
|switch|p1a: Dragonite|Dragonite, F, shiny|100/100
|move|p2a: Orthworm|Protect||[still]
|-fail|p2a: Orthworm
|
|-heal|p2a: Orthworm|56/100|[from] item: Leftovers
|upkeep
|turn|22
|inactive|Luckyluke8676 has 120 seconds left.
|
|t:|1779862016
|move|p1a: Dragonite|Earthquake|p2a: Orthworm
|-heal|p2a: Orthworm|81/100|[from] ability: Earth Eater|[of] p1a: Dragonite
|move|p2a: Orthworm|Coil|p2a: Orthworm
|-boost|p2a: Orthworm|atk|1
|-boost|p2a: Orthworm|def|1
|-boost|p2a: Orthworm|accuracy|1
|
|-heal|p2a: Orthworm|87/100|[from] item: Leftovers
|upkeep
|turn|23
|-message|Luckyluke8676 forfeited.
|
|win|acerrillo6970
|raw|Luckyluke8676's rating: 1154 &rarr; <strong>1131</strong><br />(-23 for losing)
|raw|acerrillo6970's rating: 1184 &rarr; <strong>1207</strong><br />(+23 for winning)
|l|‽Luckyluke8676
|player|p1|
|l|‽acerrillo6970
|player|p2|
