|j|☆Tyranirdelava
|j|☆netinx07
|t:|1779805281
|gametype|singles
|player|p1|Tyranirdelava|shadowtriad|1184
|player|p2|netinx07|alder|1219
|gen|9
|tier|[Gen 9] OU
|rated|
|rule|HP Percentage Mod: HP is shown in percentages
|rule|Endless Battle Clause: Forcing endless battles is banned
|rule|Species Clause: Limit one of each Pokémon
|rule|OHKO Clause: OHKO moves are banned
|rule|Evasion Items Clause: Evasion items are banned
|rule|Evasion Moves Clause: Evasion moves are banned
|rule|Evasion Abilities Clause: Evasion abilities are banned
|rule|Sleep Moves Clause: Sleep-inducing moves are banned
|clearpoke
|poke|p1|Infernape, F|
|poke|p1|Empoleon, F|
|poke|p1|Torterra, F|
|poke|p2|Goodra-Hisui, F|
|poke|p2|Iron Valiant|
|poke|p2|Rillaboom, F|
|poke|p2|Gliscor, F|
|poke|p2|Raging Bolt|
|poke|p2|Ursaluna, M|
|teampreview
|inactive|Battle timer is ON: inactive players will automatically lose when time's up. (requested by Tyranirdelava)
|
|t:|1779805290
|teamsize|p1|3
|teamsize|p2|6
|start
|switch|p1a: Betinha|Torterra, F|100/100
|switch|p2a: Goodra|Goodra-Hisui, F|100/100
|turn|1
|
|t:|1779805313
|move|p1a: Betinha|Shell Smash|p1a: Betinha
|-unboost|p1a: Betinha|def|1
|-unboost|p1a: Betinha|spd|1
|-boost|p1a: Betinha|atk|2
|-boost|p1a: Betinha|spa|2
|-boost|p1a: Betinha|spe|2
|-enditem|p1a: Betinha|White Herb
|-clearnegativeboost|p1a: Betinha|[silent]
|move|p2a: Goodra|Ice Beam|p1a: Betinha
|-supereffective|p1a: Betinha
|-damage|p1a: Betinha|0 fnt
|faint|p1a: Betinha
|
|upkeep
|
|t:|1779805322
|switch|p1a: Mamaco|Infernape, F|100/100
|turn|2
|
|t:|1779805326
|-terastallize|p2a: Goodra|Water
|move|p1a: Mamaco|Fake Out|p2a: Goodra
|-damage|p2a: Goodra|88/100
|cant|p2a: Goodra|flinch
|
|upkeep
|turn|3
|
|t:|1779805332
|move|p1a: Mamaco|Thunder Punch|p2a: Goodra
|-supereffective|p2a: Goodra
|-damage|p2a: Goodra|30/100
|move|p2a: Goodra|Dragon Pulse|p1a: Mamaco
|-damage|p1a: Mamaco|52/100
|
|upkeep
|turn|4
|
|t:|1779805337
|switch|p2a: Rillaboom|Rillaboom, F|100/100
|-fieldstart|move: Grassy Terrain|[from] ability: Grassy Surge|[of] p2a: Rillaboom
|move|p1a: Mamaco|Thunder Punch|p2a: Rillaboom
|-resisted|p2a: Rillaboom
|-damage|p2a: Rillaboom|91/100
|
|-heal|p1a: Mamaco|58/100|[from] Grassy Terrain
|-heal|p2a: Rillaboom|97/100|[from] Grassy Terrain
|upkeep
|turn|5
|
|t:|1779805343
|-terastallize|p1a: Mamaco|Fire
|move|p2a: Rillaboom|Fake Out|p1a: Mamaco
|-damage|p1a: Mamaco|42/100
|cant|p1a: Mamaco|flinch
|
|-heal|p1a: Mamaco|48/100|[from] Grassy Terrain
|-heal|p2a: Rillaboom|100/100|[from] Grassy Terrain
|upkeep
|turn|6
|
|t:|1779805349
|move|p1a: Mamaco|Fire Punch|p2a: Rillaboom
|-supereffective|p2a: Rillaboom
|-damage|p2a: Rillaboom|18/100
|move|p2a: Rillaboom|Drain Punch|p1a: Mamaco
|-damage|p1a: Mamaco|17/100
|-heal|p2a: Rillaboom|30/100|[from] drain|[of] p1a: Mamaco
|
|-heal|p1a: Mamaco|23/100|[from] Grassy Terrain
|-heal|p2a: Rillaboom|36/100|[from] Grassy Terrain
|upkeep
|turn|7
|
|t:|1779805352
|move|p2a: Rillaboom|Grassy Glide|p1a: Mamaco
|-resisted|p1a: Mamaco
|-damage|p1a: Mamaco|2/100
|move|p1a: Mamaco|Fire Punch|p2a: Rillaboom
|-supereffective|p2a: Rillaboom
|-damage|p2a: Rillaboom|0 fnt
|faint|p2a: Rillaboom
|
|-heal|p1a: Mamaco|8/100|[from] Grassy Terrain
|upkeep
|
|t:|1779805356
|switch|p2a: Raging Bolt|Raging Bolt|100/100
|-enditem|p2a: Raging Bolt|Booster Energy
|-activate|p2a: Raging Bolt|ability: Protosynthesis|[fromitem]
|-start|p2a: Raging Bolt|protosynthesisspa
|turn|8
|
|t:|1779805364
|switch|p1a: Goat|Empoleon, F, shiny|100/100
|move|p2a: Raging Bolt|Thunderclap||[still]
|-fail|p2a: Raging Bolt
|
|-fieldend|move: Grassy Terrain
|upkeep
|turn|9
|
|t:|1779805371
|move|p2a: Raging Bolt|Calm Mind|p2a: Raging Bolt
|-boost|p2a: Raging Bolt|spa|1
|-boost|p2a: Raging Bolt|spd|1
|move|p1a: Goat|Ice Beam|p2a: Raging Bolt
|-supereffective|p2a: Raging Bolt
|-damage|p2a: Raging Bolt|68/100
|
|upkeep
|turn|10
|
|t:|1779805378
|move|p2a: Raging Bolt|Thunderclap|p1a: Goat
|-supereffective|p1a: Goat
|-damage|p1a: Goat|6/100
|move|p1a: Goat|Ice Beam|p2a: Raging Bolt
|-supereffective|p2a: Raging Bolt
|-damage|p2a: Raging Bolt|38/100
|
|upkeep
|turn|11
|
|t:|1779805383
|switch|p1a: Mamaco|Infernape, F, tera:Fire|8/100
|move|p2a: Raging Bolt|Thunderclap||[still]
|-fail|p2a: Raging Bolt
|
|upkeep
|turn|12
|
|t:|1779805386
|move|p1a: Mamaco|Fake Out|p2a: Raging Bolt
|-damage|p2a: Raging Bolt|28/100
|cant|p2a: Raging Bolt|flinch
|
|upkeep
|turn|13
|
|t:|1779805389
|switch|p1a: Goat|Empoleon, F, shiny|6/100
|move|p2a: Raging Bolt|Thunderclap||[still]
|-fail|p2a: Raging Bolt
|
|upkeep
|turn|14
|
|t:|1779805391
|move|p2a: Raging Bolt|Volt Switch|p1a: Goat
|-supereffective|p1a: Goat
|-damage|p1a: Goat|0 fnt
|faint|p1a: Goat
|
|t:|1779805396
|-end|p2a: Raging Bolt|Protosynthesis|[silent]
|switch|p2a: Gliscor|Gliscor, F|100/100|[from] Volt Switch
|
|-status|p2a: Gliscor|tox|[from] item: Toxic Orb
|upkeep
|
|t:|1779805399
|switch|p1a: Mamaco|Infernape, F, tera:Fire|8/100
|turn|15
|
|t:|1779805403
|move|p1a: Mamaco|Fake Out|p2a: Gliscor
|-damage|p2a: Gliscor|92/100 tox
|cant|p2a: Gliscor|flinch
|
|-heal|p2a: Gliscor|100/100 tox|[from] ability: Poison Heal
|upkeep
|turn|16
|
|t:|1779805405
|move|p1a: Mamaco|Fire Punch|p2a: Gliscor
|-damage|p2a: Gliscor|65/100 tox
|move|p2a: Gliscor|Toxic|p1a: Mamaco
|-status|p1a: Mamaco|tox
|
|-damage|p1a: Mamaco|2/100 tox|[from] psn
|-heal|p2a: Gliscor|77/100 tox|[from] ability: Poison Heal
|upkeep
|turn|17
|-message|Tyranirdelava forfeited.
|
|win|netinx07
|raw|Tyranirdelava's rating: 1184 &rarr; <strong>1162</strong><br />(-22 for losing)
|raw|netinx07's rating: 1219 &rarr; <strong>1241</strong><br />(+22 for winning)
|l|☆Tyranirdelava
|player|p1|
|l|☆netinx07
|player|p2|
