|j|☆claudechamp
|j|☆36hpdc
|t:|1779867344
|gametype|singles
|player|p1|claudechamp|169|1225
|player|p2|36hpdc|1|1219
|gen|9
|tier|[Gen 9] OU
|rated|
|rule|HP Percentage Mod: HP is shown in percentages
|rule|Endless Battle Clause: Forcing endless battles is banned
|rule|Species Clause: Limit one of each Pokémon
|rule|OHKO Clause: OHKO moves are banned
|rule|Evasion Items Clause: Evasion items are banned
|rule|Evasion Moves Clause: Evasion moves are banned
|rule|Evasion Abilities Clause: Evasion abilities are banned
|rule|Sleep Moves Clause: Sleep-inducing moves are banned
|clearpoke
|poke|p1|Gliscor, F|
|poke|p1|Gholdengo|
|poke|p1|Zamazenta-*|
|poke|p1|Blissey, F|
|poke|p1|Skarmory, F|
|poke|p1|Pecharunt|
|poke|p2|Dusclops, F|
|poke|p2|Klefki, F|
|poke|p2|Conkeldurr, M|
|poke|p2|Ursaluna, F|
|poke|p2|Kingdra, F|
|poke|p2|Politoed, F|
|teampreview
|c|☆claudechamp|hf
|
|t:|1779867348
|teamsize|p1|6
|teamsize|p2|6
|start
|switch|p1a: Skarmory|Skarmory, F|100/100
|switch|p2a: Klefki|Klefki, F|100/100
|turn|1
|inactive|Battle timer is ON: inactive players will automatically lose when time's up. (requested by claudechamp)
|
|t:|1779867361
|move|p2a: Klefki|Switcheroo|p1a: Skarmory
|-activate|p2a: Klefki|move: Trick|[of] p1a: Skarmory
|-item|p1a: Skarmory|Choice Scarf|[from] move: Switcheroo
|-item|p2a: Klefki|Heavy-Duty Boots|[from] move: Switcheroo
|move|p1a: Skarmory|Spikes|p2a: Klefki
|-sidestart|p2: 36hpdc|Spikes
|
|upkeep
|turn|2
|c|☆36hpdc|Glhf
|
|t:|1779867376
|move|p2a: Klefki|Spikes|p1a: Skarmory
|-sidestart|p1: claudechamp|Spikes
|move|p1a: Skarmory|Spikes|p2a: Klefki
|-sidestart|p2: 36hpdc|Spikes
|
|upkeep
|turn|3
|
|t:|1779867387
|move|p2a: Klefki|Spikes|p1a: Skarmory
|-sidestart|p1: claudechamp|Spikes
|move|p1a: Skarmory|Spikes|p2a: Klefki
|-sidestart|p2: 36hpdc|Spikes
|
|upkeep
|turn|4
|
|t:|1779867392
|switch|p1a: Gliscor|Gliscor, F|100/100
|move|p2a: Klefki|Spikes|p1a: Gliscor
|-sidestart|p1: claudechamp|Spikes
|
|-status|p1a: Gliscor|tox|[from] item: Toxic Orb
|upkeep
|turn|5
|
|t:|1779867413
|move|p2a: Klefki|Switcheroo|p1a: Gliscor
|-activate|p2a: Klefki|move: Trick|[of] p1a: Gliscor
|-item|p1a: Gliscor|Heavy-Duty Boots|[from] move: Switcheroo
|-item|p2a: Klefki|Toxic Orb|[from] move: Switcheroo
|move|p1a: Gliscor|Swords Dance|p1a: Gliscor
|-boost|p1a: Gliscor|atk|2
|
|upkeep
|turn|6
|
|t:|1779867420
|move|p2a: Klefki|Magnet Rise|p2a: Klefki
|-start|p2a: Klefki|Magnet Rise
|move|p1a: Gliscor|Earthquake|p2a: Klefki
|-immune|p2a: Klefki
|
|upkeep
|turn|7
|
|t:|1779867427
|switch|p2a: Dusclops|Dusclops, F|100/100
|-damage|p2a: Dusclops|75/100|[from] Spikes
|-item|p1a: Gliscor|Heavy-Duty Boots|[from] ability: Frisk|[of] p2a: Dusclops
|move|p1a: Gliscor|Swords Dance|p1a: Gliscor
|-boost|p1a: Gliscor|atk|2
|
|upkeep
|turn|8
|
|t:|1779867436
|move|p1a: Gliscor|Earthquake|p2a: Dusclops
|-damage|p2a: Dusclops|26/100
|move|p2a: Dusclops|Trick Room|p2a: Dusclops
|-fieldstart|move: Trick Room|[of] p2a: Dusclops
|
|upkeep
|turn|9
|
|t:|1779867441
|move|p2a: Dusclops|Pain Split|p1a: Gliscor
|-sethp|p1a: Gliscor|61/100 tox|[from] move: Pain Split|[silent]
|-sethp|p2a: Dusclops|75/100|[from] move: Pain Split
|move|p1a: Gliscor|Earthquake|p2a: Dusclops
|-damage|p2a: Dusclops|27/100
|
|-heal|p1a: Gliscor|73/100 tox|[from] ability: Poison Heal
|upkeep
|turn|10
|
|t:|1779867451
|move|p2a: Dusclops|Skill Swap|p1a: Gliscor
|-activate|p2a: Dusclops|Skill Swap|Poison Heal|Frisk|[of] p1a: Gliscor
|-item|p2a: Dusclops|Eviolite|[from] ability: Frisk|[of] p1a: Gliscor
|move|p1a: Gliscor|Knock Off|p2a: Dusclops
|-supereffective|p2a: Dusclops
|-damage|p2a: Dusclops|0 fnt
|-enditem|p2a: Dusclops|Eviolite|[from] move: Knock Off|[of] p1a: Gliscor
|faint|p2a: Dusclops
|
|-damage|p1a: Gliscor|36/100 tox|[from] psn
|upkeep
|
|t:|1779867470
|switch|p2a: Ursaluna|Ursaluna, F|100/100
|-damage|p2a: Ursaluna|75/100|[from] Spikes
|turn|11
|
|t:|1779867480
|move|p2a: Ursaluna|Ice Punch|p1a: Gliscor
|-supereffective|p1a: Gliscor
|-damage|p1a: Gliscor|0 fnt
|faint|p1a: Gliscor
|
|-status|p2a: Ursaluna|brn|[from] item: Flame Orb
|upkeep
|
|t:|1779867485
|switch|p1a: Skarmory|Skarmory, F|100/100
|turn|12
|
|t:|1779867489
|move|p2a: Ursaluna|Fire Punch|p1a: Skarmory
|-supereffective|p1a: Skarmory
|-damage|p1a: Skarmory|44/100
|move|p1a: Skarmory|Body Press|p2a: Ursaluna
|-supereffective|p2a: Ursaluna
|-damage|p2a: Ursaluna|36/100 brn
|
|-damage|p2a: Ursaluna|30/100 brn|[from] brn
|-fieldend|move: Trick Room
|upkeep
|turn|13
|
|t:|1779867503
|switch|p2a: Politoed|Politoed, F|100/100
|-damage|p2a: Politoed|75/100|[from] Spikes
|-weather|RainDance|[from] ability: Drizzle|[of] p2a: Politoed
|move|p1a: Skarmory|Body Press|p2a: Politoed
|-damage|p2a: Politoed|41/100
|
|-weather|RainDance|[upkeep]
|upkeep
|turn|14
|
|t:|1779867514
|switch|p1a: Blissey|Blissey, F|100/100
|move|p2a: Politoed|Perish Song|p2a: Politoed
|-start|p1a: Blissey|perish3|[silent]
|-start|p2a: Politoed|perish3|[silent]
|-fieldactivate|move: Perish Song
|
|-weather|RainDance|[upkeep]
|-start|p2a: Politoed|perish3
|-start|p1a: Blissey|perish3
|upkeep
|turn|15
|
|t:|1779867524
|move|p2a: Politoed|Ice Beam|p1a: Blissey
|-crit|p1a: Blissey
|-damage|p1a: Blissey|91/100
|move|p1a: Blissey|Stealth Rock|p2a: Politoed
|-sidestart|p2: 36hpdc|move: Stealth Rock
|
|-weather|RainDance|[upkeep]
|-start|p2a: Politoed|perish2
|-start|p1a: Blissey|perish2
|upkeep
|turn|16
|
|t:|1779867533
|switch|p1a: Zamazenta|Zamazenta|100/100
|-ability|p1a: Zamazenta|Dauntless Shield|boost
|-boost|p1a: Zamazenta|def|1
|move|p2a: Politoed|Encore||[still]
|-fail|p2a: Politoed
|
|-weather|RainDance|[upkeep]
|-start|p2a: Politoed|perish1
|upkeep
|turn|17
|
|t:|1779867545
|move|p1a: Zamazenta|Close Combat|p2a: Politoed
|-damage|p2a: Politoed|0 fnt
|-unboost|p1a: Zamazenta|def|1
|-unboost|p1a: Zamazenta|spd|1
|faint|p2a: Politoed
|
|-weather|RainDance|[upkeep]
|upkeep
|
|t:|1779867553
|switch|p2a: Kingdra|Kingdra, F|100/100
|-damage|p2a: Kingdra|76/100|[from] Spikes
|-damage|p2a: Kingdra|63/100|[from] Stealth Rock
|turn|18
|
|t:|1779867560
|-terastallize|p2a: Kingdra|Water
|move|p2a: Kingdra|Weather Ball|p1a: Zamazenta
|-damage|p1a: Zamazenta|0 fnt
|faint|p1a: Zamazenta
|-damage|p2a: Kingdra|53/100|[from] item: Life Orb
|
|-weather|RainDance|[upkeep]
|upkeep
|
|t:|1779867564
|switch|p1a: Blissey|Blissey, F|91/100
|turn|19
|
|t:|1779867571
|move|p2a: Kingdra|Weather Ball|p1a: Blissey
|-damage|p1a: Blissey|52/100
|-damage|p2a: Kingdra|43/100|[from] item: Life Orb
|move|p1a: Blissey|Soft-Boiled|p1a: Blissey
|-heal|p1a: Blissey|100/100
|
|-weather|RainDance|[upkeep]
|upkeep
|turn|20
|-message|36hpdc forfeited.
|
|win|claudechamp
|raw|claudechamp's rating: 1213 &rarr; <strong>1238</strong><br />(+25 for winning)
|raw|36hpdc's rating: 1219 &rarr; <strong>1194</strong><br />(-25 for losing)
|l|☆36hpdc
|player|p2|
|c|☆claudechamp|gg
