|j|☆ImBigRon
|j|‽aaagislash
|t:|1779957543
|gametype|singles
|player|p1|ImBigRon|skullgrunt|1387
|player|p2|aaagislash|266|1363
|gen|9
|tier|[Gen 9] OU
|rated|
|rule|HP Percentage Mod: HP is shown in percentages
|rule|Endless Battle Clause: Forcing endless battles is banned
|rule|Species Clause: Limit one of each Pokémon
|rule|OHKO Clause: OHKO moves are banned
|rule|Evasion Items Clause: Evasion items are banned
|rule|Evasion Moves Clause: Evasion moves are banned
|rule|Evasion Abilities Clause: Evasion abilities are banned
|rule|Sleep Moves Clause: Sleep-inducing moves are banned
|clearpoke
|poke|p1|Ninetales, F|
|poke|p1|Cresselia, F|
|poke|p1|Raging Bolt|
|poke|p1|Iron Moth|
|poke|p1|Great Tusk|
|poke|p1|Walking Wake|
|poke|p2|Kommo-o, F|
|poke|p2|Moltres|
|poke|p2|Iron Valiant|
|poke|p2|Meowscarada, F|
|poke|p2|Scizor, F|
|poke|p2|Great Tusk|
|teampreview
|inactive|Battle timer is ON: inactive players will automatically lose when time's up. (requested by ImBigRon)
|
|t:|1779957564
|teamsize|p1|6
|teamsize|p2|6
|start
|switch|p1a: Ninetales|Ninetales, F, shiny|100/100
|switch|p2a: Meowscarada|Meowscarada, F|100/100
|-weather|SunnyDay|[from] ability: Drought|[of] p1a: Ninetales
|turn|1
|
|t:|1779957574
|switch|p1a: Great Tusk|Great Tusk|100/100
|-activate|p1a: Great Tusk|ability: Protosynthesis
|-start|p1a: Great Tusk|protosynthesisspe
|move|p2a: Meowscarada|Spikes|p1a: Great Tusk
|-sidestart|p1: ImBigRon|Spikes
|
|-weather|SunnyDay|[upkeep]
|upkeep
|turn|2
|
|t:|1779957590
|-terastallize|p2a: Meowscarada|Ghost
|move|p1a: Great Tusk|Rapid Spin|p2a: Meowscarada
|-immune|p2a: Meowscarada
|move|p2a: Meowscarada|Flower Trick|p1a: Great Tusk
|-supereffective|p1a: Great Tusk
|-crit|p1a: Great Tusk
|-damage|p1a: Great Tusk|36/100
|
|-weather|SunnyDay|[upkeep]
|upkeep
|turn|3
|
|t:|1779957599
|-end|p1a: Great Tusk|Protosynthesis|[silent]
|switch|p1a: Cresselia|Cresselia, F|100/100
|move|p2a: Meowscarada|Flower Trick|p1a: Cresselia
|-crit|p1a: Cresselia
|-damage|p1a: Cresselia|75/100
|-enditem|p1a: Cresselia|Eject Button
|
|t:|1779957602
|switch|p1a: Iron Moth|Iron Moth|100/100
|-damage|p1a: Iron Moth|88/100|[from] Spikes
|-enditem|p1a: Iron Moth|Booster Energy
|-activate|p1a: Iron Moth|ability: Quark Drive|[fromitem]
|-start|p1a: Iron Moth|quarkdrivespe
|
|-weather|SunnyDay|[upkeep]
|upkeep
|turn|4
|
|t:|1779957619
|move|p1a: Iron Moth|Fiery Dance|p2a: Meowscarada
|-damage|p2a: Meowscarada|6/100
|-boost|p1a: Iron Moth|spa|1
|-enditem|p2a: Meowscarada|Liechi Berry|[eat]
|-boost|p2a: Meowscarada|atk|1|[from] item: Liechi Berry
|move|p2a: Meowscarada|Flower Trick|p1a: Iron Moth
|-resisted|p1a: Iron Moth
|-crit|p1a: Iron Moth
|-damage|p1a: Iron Moth|50/100
|
|-weather|SunnyDay|[upkeep]
|upkeep
|turn|5
|
|t:|1779957628
|move|p2a: Meowscarada|Sucker Punch|p1a: Iron Moth
|-damage|p1a: Iron Moth|0 fnt
|faint|p1a: Iron Moth
|-end|p1a: Iron Moth|Quark Drive|[silent]
|
|-weather|SunnyDay|[upkeep]
|upkeep
|
|t:|1779957640
|switch|p1a: Great Tusk|Great Tusk|36/100
|-damage|p1a: Great Tusk|24/100|[from] Spikes
|-activate|p1a: Great Tusk|ability: Protosynthesis
|-start|p1a: Great Tusk|protosynthesisspe
|turn|6
|
|t:|1779957646
|move|p2a: Meowscarada|Endure|p2a: Meowscarada
|-singleturn|p2a: Meowscarada|move: Endure
|move|p1a: Great Tusk|Headlong Rush|p2a: Meowscarada
|-activate|p2a: Meowscarada|move: Endure
|-damage|p2a: Meowscarada|1/100
|-unboost|p1a: Great Tusk|def|1
|-unboost|p1a: Great Tusk|spd|1
|
|-weather|SunnyDay|[upkeep]
|upkeep
|turn|7
|
|t:|1779957650
|move|p2a: Meowscarada|Sucker Punch|p1a: Great Tusk
|-resisted|p1a: Great Tusk
|-damage|p1a: Great Tusk|2/100
|-damage|p2a: Meowscarada|0 fnt|[from] item: Rocky Helmet|[of] p1a: Great Tusk
|faint|p2a: Meowscarada
|move|p1a: Great Tusk|Headlong Rush|p2: Meowscarada|[notarget]
|-fail|p1a: Great Tusk
|
|-weather|SunnyDay|[upkeep]
|upkeep
|
|t:|1779957666
|switch|p2a: Scizor|Scizor, F|100/100
|turn|8
|
|t:|1779957673
|move|p1a: Great Tusk|Rapid Spin|p2a: Scizor
|-resisted|p2a: Scizor
|-damage|p2a: Scizor|92/100
|-boost|p1a: Great Tusk|spe|1
|-sideend|p1: ImBigRon|Spikes|[from] move: Rapid Spin|[of] p1a: Great Tusk
|move|p2a: Scizor|Swords Dance|p2a: Scizor
|-boost|p2a: Scizor|atk|2
|
|-weather|none
|-end|p1a: Great Tusk|Protosynthesis
|-heal|p2a: Scizor|98/100|[from] item: Leftovers
|upkeep
|turn|9
|
|t:|1779957681
|move|p1a: Great Tusk|Stealth Rock|p2a: Scizor
|-sidestart|p2: aaagislash|move: Stealth Rock
|move|p2a: Scizor|Trailblaze|p1a: Great Tusk
|-supereffective|p1a: Great Tusk
|-damage|p1a: Great Tusk|0 fnt
|-boost|p2a: Scizor|spe|1
|-damage|p2a: Scizor|82/100|[from] item: Rocky Helmet|[of] p1a: Great Tusk
|faint|p1a: Great Tusk
|-end|p1a: Great Tusk|Protosynthesis|[silent]
|
|-heal|p2a: Scizor|88/100|[from] item: Leftovers
|upkeep
|
|t:|1779957689
|switch|p1a: Ninetales|Ninetales, F, shiny|100/100
|-weather|SunnyDay|[from] ability: Drought|[of] p1a: Ninetales
|turn|10
|
|t:|1779957700
|switch|p2a: Kommo-o|Kommo-o, F|100/100
|-damage|p2a: Kommo-o|94/100|[from] Stealth Rock
|move|p1a: Ninetales|Will-O-Wisp|p2a: Kommo-o
|-status|p2a: Kommo-o|brn
|
|-weather|SunnyDay|[upkeep]
|-damage|p2a: Kommo-o|88/100 brn|[from] brn
|upkeep
|turn|11
|
|t:|1779957711
|switch|p1a: Walking Wake|Walking Wake|100/100
|-activate|p1a: Walking Wake|ability: Protosynthesis
|-start|p1a: Walking Wake|protosynthesisspa
|switch|p2a: Great Tusk|Great Tusk|100/100
|-damage|p2a: Great Tusk|98/100|[from] Stealth Rock
|-activate|p2a: Great Tusk|ability: Protosynthesis
|-start|p2a: Great Tusk|protosynthesisatk
|
|-weather|SunnyDay|[upkeep]
|upkeep
|turn|12
|
|t:|1779957719
|-end|p2a: Great Tusk|Protosynthesis|[silent]
|switch|p2a: Scizor|Scizor, F|88/100
|-damage|p2a: Scizor|76/100|[from] Stealth Rock
|move|p1a: Walking Wake|Hydro Steam|p2a: Scizor
|-damage|p2a: Scizor|0 fnt
|faint|p2a: Scizor
|
|-weather|SunnyDay|[upkeep]
|upkeep
|
|t:|1779957723
|switch|p2a: Iron Valiant|Iron Valiant|100/100
|-damage|p2a: Iron Valiant|94/100|[from] Stealth Rock
|-enditem|p2a: Iron Valiant|Booster Energy
|-activate|p2a: Iron Valiant|ability: Quark Drive|[fromitem]
|-start|p2a: Iron Valiant|quarkdrivespe
|turn|13
|
|t:|1779957738
|-terastallize|p1a: Walking Wake|Water
|move|p2a: Iron Valiant|Spirit Break|p1a: Walking Wake
|-damage|p1a: Walking Wake|56/100
|-unboost|p1a: Walking Wake|spa|1
|move|p1a: Walking Wake|Hydro Steam|p2a: Iron Valiant
|-damage|p2a: Iron Valiant|0 fnt
|faint|p2a: Iron Valiant
|-end|p2a: Iron Valiant|Quark Drive|[silent]
|
|-weather|SunnyDay|[upkeep]
|upkeep
|
|t:|1779957749
|switch|p2a: Kommo-o|Kommo-o, F|88/100 brn
|-damage|p2a: Kommo-o|82/100 brn|[from] Stealth Rock
|turn|14
|
|t:|1779957755
|-end|p1a: Walking Wake|Protosynthesis|[silent]
|switch|p1a: Raging Bolt|Raging Bolt|100/100
|-activate|p1a: Raging Bolt|ability: Protosynthesis
|-start|p1a: Raging Bolt|protosynthesisspa
|move|p2a: Kommo-o|Dragon Dance|p2a: Kommo-o
|-boost|p2a: Kommo-o|atk|1
|-boost|p2a: Kommo-o|spe|1
|
|-weather|SunnyDay|[upkeep]
|-damage|p2a: Kommo-o|76/100 brn|[from] brn
|upkeep
|turn|15
|
|t:|1779957760
|move|p2a: Kommo-o|Outrage|p1a: Raging Bolt
|-supereffective|p1a: Raging Bolt
|-damage|p1a: Raging Bolt|0 fnt
|faint|p1a: Raging Bolt
|-end|p1a: Raging Bolt|Protosynthesis|[silent]
|-damage|p2a: Kommo-o|66/100 brn|[from] item: Life Orb
|
|-weather|SunnyDay|[upkeep]
|-damage|p2a: Kommo-o|60/100 brn|[from] brn
|upkeep
|
|t:|1779957772
|switch|p1a: Cresselia|Cresselia, F|75/100
|turn|16
|
|t:|1779957774
|move|p2a: Kommo-o|Outrage|p1a: Cresselia|[from] lockedmove
|-damage|p1a: Cresselia|42/100
|-damage|p2a: Kommo-o|50/100 brn|[from] item: Life Orb
|move|p1a: Cresselia|Ice Beam|p2a: Kommo-o
|-supereffective|p2a: Kommo-o
|-damage|p2a: Kommo-o|11/100 brn
|
|-weather|SunnyDay|[upkeep]
|-damage|p2a: Kommo-o|5/100 brn|[from] brn
|upkeep
|turn|17
|
|t:|1779957781
|move|p2a: Kommo-o|Outrage|p1a: Cresselia|[from] lockedmove
|-damage|p1a: Cresselia|11/100
|-damage|p2a: Kommo-o|0 fnt|[from] item: Life Orb
|faint|p2a: Kommo-o
|move|p1a: Cresselia|Lunar Dance|p1a: Cresselia
|faint|p1a: Cresselia
|
|-weather|none
|upkeep
|
|t:|1779957787
|switch|p2a: Great Tusk|Great Tusk|98/100
|switch|p1a: Ninetales|Ninetales, F, shiny|100/100
|-heal|p1a: Ninetales|100/100|[from] move: Lunar Dance
|-weather|SunnyDay|[from] ability: Drought|[of] p1a: Ninetales
|-activate|p2a: Great Tusk|ability: Protosynthesis
|-start|p2a: Great Tusk|protosynthesisatk
|-damage|p2a: Great Tusk|95/100|[from] Stealth Rock
|turn|18
|l|☆ImBigRon
|inactive|ImBigRon disconnected and has a minute to reconnect!
|player|p1|
|inactive|ImBigRon has 30 seconds to reconnect!
|j|☆ImBigRon
|inactive|ImBigRon reconnected and has 100 seconds left.
|player|p1|ImBigRon|skullgrunt|
|
|t:|1779957842
|move|p1a: Ninetales|Overheat|p2a: Great Tusk|[miss]
|-miss|p1a: Ninetales|p2a: Great Tusk
|move|p2a: Great Tusk|Rapid Spin|p1a: Ninetales
|-damage|p1a: Ninetales|70/100
|-boost|p2a: Great Tusk|spe|1
|-sideend|p2: aaagislash|Stealth Rock|[from] move: Rapid Spin|[of] p2a: Great Tusk
|
|-weather|SunnyDay|[upkeep]
|upkeep
|turn|19
|
|t:|1779957856
|move|p2a: Great Tusk|Headlong Rush|p1a: Ninetales
|-supereffective|p1a: Ninetales
|-damage|p1a: Ninetales|0 fnt
|-unboost|p2a: Great Tusk|def|1
|-unboost|p2a: Great Tusk|spd|1
|faint|p1a: Ninetales
|
|-weather|SunnyDay|[upkeep]
|upkeep
|inactive|ImBigRon has 90 seconds left.
|
|t:|1779957892
|switch|p1a: Walking Wake|Walking Wake, tera:Water|56/100
|-activate|p1a: Walking Wake|ability: Protosynthesis
|-start|p1a: Walking Wake|protosynthesisspa
|turn|20
|
|t:|1779957897
|move|p2a: Great Tusk|Headlong Rush|p1a: Walking Wake
|-damage|p1a: Walking Wake|0 fnt
|-unboost|p2a: Great Tusk|def|1
|-unboost|p2a: Great Tusk|spd|1
|faint|p1a: Walking Wake
|-end|p1a: Walking Wake|Protosynthesis|[silent]
|
|win|aaagislash
|raw|ImBigRon's rating: 1387 &rarr; <strong>1366</strong><br />(-21 for losing)
|raw|aaagislash's rating: 1363 &rarr; <strong>1384</strong><br />(+21 for winning)
|l|☆ImBigRon
|player|p1|
|l|‽aaagislash
|player|p2|
