|j|☆gvgvjvfcgv
|j|☆ketchupandrice
|t:|1779906226
|gametype|singles
|player|p1|gvgvjvfcgv|101|1247
|player|p2|ketchupandrice|170|1225
|gen|9
|tier|[Gen 9] OU
|rated|
|rule|HP Percentage Mod: HP is shown in percentages
|rule|Endless Battle Clause: Forcing endless battles is banned
|rule|Species Clause: Limit one of each Pokémon
|rule|OHKO Clause: OHKO moves are banned
|rule|Evasion Items Clause: Evasion items are banned
|rule|Evasion Moves Clause: Evasion moves are banned
|rule|Evasion Abilities Clause: Evasion abilities are banned
|rule|Sleep Moves Clause: Sleep-inducing moves are banned
|clearpoke
|poke|p1|Dragonite, F|
|poke|p1|Clefable, F|
|poke|p1|Moltres|
|poke|p1|Haunter, M|
|poke|p1|Gengar, F|
|poke|p1|Golem, M|
|poke|p2|Garganacl, M|
|poke|p2|Glimmora, F|
|poke|p2|Ogerpon-Wellspring, F|
|poke|p2|Gholdengo|
|poke|p2|Toxapex, M|
|poke|p2|Ninetales-Alola, M|
|teampreview
|inactive|Battle timer is ON: inactive players will automatically lose when time's up. (requested by ketchupandrice)
|
|t:|1779906239
|teamsize|p1|6
|teamsize|p2|6
|start
|switch|p1a: Golem|Golem, M|100/100
|switch|p2a: Ninetales|Ninetales-Alola, M, shiny|100/100
|-weather|Snowscape|[from] ability: Snow Warning|[of] p2a: Ninetales
|turn|1
|
|t:|1779906251
|switch|p2a: Glimmora|Glimmora, F, shiny|100/100
|-item|p2a: Glimmora|Air Balloon
|move|p1a: Golem|Stone Edge|p2a: Glimmora
|-damage|p2a: Glimmora|20/100
|-enditem|p2a: Glimmora|Air Balloon
|
|-weather|Snowscape|[upkeep]
|upkeep
|turn|2
|
|t:|1779906266
|move|p2a: Glimmora|Spiky Shield|p2a: Glimmora
|-singleturn|p2a: Glimmora|move: Protect
|move|p1a: Golem|Stone Edge|p2a: Glimmora
|-activate|p2a: Glimmora|move: Protect
|
|-weather|Snowscape|[upkeep]
|upkeep
|turn|3
|
|t:|1779906278
|switch|p2a: Garganacl|Garganacl, M|100/100
|move|p1a: Golem|Stone Edge|p2a: Garganacl
|-damage|p2a: Garganacl|56/100
|
|-weather|Snowscape|[upkeep]
|-heal|p2a: Garganacl|63/100|[from] item: Leftovers
|upkeep
|turn|4
|
|t:|1779906291
|switch|p1a: Lil bro|Haunter, M|100/100
|move|p2a: Garganacl|Salt Cure|p1a: Lil bro
|-damage|p1a: Lil bro|64/100
|-start|p1a: Lil bro|Salt Cure
|
|-weather|Snowscape|[upkeep]
|-heal|p2a: Garganacl|69/100|[from] item: Leftovers
|-damage|p1a: Lil bro|51/100|[from] Salt Cure
|upkeep
|turn|5
|
|t:|1779906300
|move|p2a: Garganacl|Protect|p2a: Garganacl
|-singleturn|p2a: Garganacl|Protect
|move|p1a: Lil bro|Taunt|p2a: Garganacl
|-activate|p2a: Garganacl|move: Protect
|
|-weather|none
|-heal|p2a: Garganacl|75/100|[from] item: Leftovers
|-damage|p1a: Lil bro|39/100|[from] Salt Cure
|upkeep
|turn|6
|
|t:|1779906316
|switch|p1a: Golem|Golem, M|100/100
|move|p2a: Garganacl|Salt Cure|p1a: Golem
|-resisted|p1a: Golem
|-damage|p1a: Golem|95/100
|-start|p1a: Golem|Salt Cure
|
|-heal|p2a: Garganacl|81/100|[from] item: Leftovers
|-damage|p1a: Golem|83/100|[from] Salt Cure
|upkeep
|turn|7
|
|t:|1779906326
|move|p2a: Garganacl|Protect|p2a: Garganacl
|-singleturn|p2a: Garganacl|Protect
|move|p1a: Golem|Earthquake|p2a: Garganacl
|-activate|p2a: Garganacl|move: Protect
|
|-heal|p2a: Garganacl|87/100|[from] item: Leftovers
|-damage|p1a: Golem|71/100|[from] Salt Cure
|upkeep
|turn|8
|
|t:|1779906336
|switch|p2a: Ogerpon|Ogerpon-Wellspring, F|100/100
|move|p1a: Golem|Earthquake|p2a: Ogerpon
|-resisted|p2a: Ogerpon
|-damage|p2a: Ogerpon|51/100
|
|-damage|p1a: Golem|58/100|[from] Salt Cure
|upkeep
|turn|9
|
|t:|1779906345
|switch|p1a: Moltres|Moltres|100/100
|move|p2a: Ogerpon|Horn Leech|p1a: Moltres
|-resisted|p1a: Moltres
|-damage|p1a: Moltres|93/100
|-heal|p2a: Ogerpon|55/100|[from] drain|[of] p1a: Moltres
|-status|p2a: Ogerpon|brn|[from] ability: Flame Body|[of] p1a: Moltres
|
|-damage|p2a: Ogerpon|49/100 brn|[from] brn
|upkeep
|turn|10
|
|t:|1779906356
|-terastallize|p2a: Ogerpon|Water
|detailschange|p2a: Ogerpon|Ogerpon-Wellspring-Tera, F, tera:Water
|-ability|p2a: Ogerpon|Embody Aspect (Wellspring)|boost
|-boost|p2a: Ogerpon|spd|1
|move|p2a: Ogerpon|Ivy Cudgel|p1a: Moltres|[anim] Ivy Cudgel Water
|-supereffective|p1a: Moltres
|-damage|p1a: Moltres|34/100
|move|p1a: Moltres|Flamethrower|p2a: Ogerpon
|-resisted|p2a: Ogerpon
|-crit|p2a: Ogerpon
|-damage|p2a: Ogerpon|17/100 brn
|
|-damage|p2a: Ogerpon|11/100 brn|[from] brn
|upkeep
|turn|11
|
|t:|1779906371
|move|p2a: Ogerpon|Ivy Cudgel|p1a: Moltres|[anim] Ivy Cudgel Water
|-supereffective|p1a: Moltres
|-damage|p1a: Moltres|0 fnt
|faint|p1a: Moltres
|
|-damage|p2a: Ogerpon|5/100 brn|[from] brn
|upkeep
|
|t:|1779906385
|switch|p1a: Dragonite|Dragonite, F|100/100
|turn|12
|
|t:|1779906390
|move|p1a: Dragonite|Extreme Speed|p2a: Ogerpon
|-damage|p2a: Ogerpon|0 fnt
|faint|p2a: Ogerpon
|detailschange|p2: Ogerpon|Ogerpon-Wellspring, F|[silent]
|
|upkeep
|
|t:|1779906395
|switch|p2a: Ninetales|Ninetales-Alola, M, shiny|100/100
|-weather|Snowscape|[from] ability: Snow Warning|[of] p2a: Ninetales
|turn|13
|
|t:|1779906400
|switch|p1a: Golem|Golem, M|58/100
|move|p2a: Ninetales|Aurora Veil|p2a: Ninetales
|-sidestart|p2: ketchupandrice|move: Aurora Veil
|
|-weather|Snowscape|[upkeep]
|upkeep
|turn|14
|
|t:|1779906410
|switch|p2a: Garganacl|Garganacl, M|87/100
|move|p1a: Golem|Earthquake|p2a: Garganacl
|-supereffective|p2a: Garganacl
|-damage|p2a: Garganacl|47/100
|
|-weather|Snowscape|[upkeep]
|-heal|p2a: Garganacl|53/100|[from] item: Leftovers
|upkeep
|turn|15
|
|t:|1779906418
|move|p2a: Garganacl|Protect|p2a: Garganacl
|-singleturn|p2a: Garganacl|Protect
|move|p1a: Golem|Earthquake|p2a: Garganacl
|-activate|p2a: Garganacl|move: Protect
|
|-weather|Snowscape|[upkeep]
|-heal|p2a: Garganacl|59/100|[from] item: Leftovers
|upkeep
|turn|16
|
|t:|1779906425
|move|p1a: Golem|Earthquake|p2a: Garganacl
|-supereffective|p2a: Garganacl
|-damage|p2a: Garganacl|19/100
|move|p2a: Garganacl|Recover|p2a: Garganacl
|-heal|p2a: Garganacl|69/100
|
|-weather|Snowscape|[upkeep]
|-heal|p2a: Garganacl|75/100|[from] item: Leftovers
|upkeep
|turn|17
|
|t:|1779906433
|move|p2a: Garganacl|Protect|p2a: Garganacl
|-singleturn|p2a: Garganacl|Protect
|move|p1a: Golem|Earthquake|p2a: Garganacl
|-activate|p2a: Garganacl|move: Protect
|
|-weather|none
|-heal|p2a: Garganacl|81/100|[from] item: Leftovers
|upkeep
|turn|18
|
|t:|1779906440
|move|p1a: Golem|Earthquake|p2a: Garganacl
|-supereffective|p2a: Garganacl
|-damage|p2a: Garganacl|41/100
|move|p2a: Garganacl|Salt Cure|p1a: Golem
|-resisted|p1a: Golem
|-damage|p1a: Golem|53/100
|-start|p1a: Golem|Salt Cure
|
|-heal|p2a: Garganacl|48/100|[from] item: Leftovers
|-damage|p1a: Golem|41/100|[from] Salt Cure
|upkeep
|turn|19
|
|t:|1779906449
|move|p2a: Garganacl|Protect|p2a: Garganacl
|-singleturn|p2a: Garganacl|Protect
|move|p1a: Golem|Earthquake|p2a: Garganacl
|-activate|p2a: Garganacl|move: Protect
|
|-heal|p2a: Garganacl|54/100|[from] item: Leftovers
|-damage|p1a: Golem|29/100|[from] Salt Cure
|upkeep
|turn|20
|
|t:|1779906458
|move|p1a: Golem|Earthquake|p2a: Garganacl
|-supereffective|p2a: Garganacl
|-damage|p2a: Garganacl|9/100
|move|p2a: Garganacl|Recover|p2a: Garganacl
|-heal|p2a: Garganacl|59/100
|
|-heal|p2a: Garganacl|65/100|[from] item: Leftovers
|-damage|p1a: Golem|16/100|[from] Salt Cure
|-sideend|p2: ketchupandrice|move: Aurora Veil
|upkeep
|turn|21
|
|t:|1779906466
|move|p2a: Garganacl|Protect|p2a: Garganacl
|-singleturn|p2a: Garganacl|Protect
|move|p1a: Golem|Earthquake|p2a: Garganacl
|-activate|p2a: Garganacl|move: Protect
|
|-heal|p2a: Garganacl|72/100|[from] item: Leftovers
|-damage|p1a: Golem|4/100|[from] Salt Cure
|upkeep
|turn|22
|
|t:|1779906476
|switch|p2a: Ninetales|Ninetales-Alola, M, shiny|100/100
|-weather|Snowscape|[from] ability: Snow Warning|[of] p2a: Ninetales
|move|p1a: Golem|Earthquake|p2a: Ninetales
|-damage|p2a: Ninetales|24/100
|
|-weather|Snowscape|[upkeep]
|-damage|p1a: Golem|0 fnt|[from] Salt Cure
|faint|p1a: Golem
|upkeep
|
|t:|1779906490
|switch|p1a: Big bro|Gengar, F|100/100
|turn|23
|
|t:|1779906498
|move|p1a: Big bro|Shadow Ball|p2a: Ninetales
|-damage|p2a: Ninetales|0 fnt
|faint|p2a: Ninetales
|
|-weather|Snowscape|[upkeep]
|upkeep
|
|t:|1779906507
|switch|p2a: Glimmora|Glimmora, F, shiny|20/100
|turn|24
|
|t:|1779906510
|move|p1a: Big bro|Shadow Ball|p2a: Glimmora
|-damage|p2a: Glimmora|0 fnt
|faint|p2a: Glimmora
|
|-weather|Snowscape|[upkeep]
|upkeep
|
|t:|1779906520
|switch|p2a: Garganacl|Garganacl, M|72/100
|turn|25
|inactive|gvgvjvfcgv has 120 seconds left.
|
|t:|1779906551
|move|p1a: Big bro|Shadow Ball|p2a: Garganacl
|-damage|p2a: Garganacl|53/100
|move|p2a: Garganacl|Salt Cure|p1a: Big bro
|-damage|p1a: Big bro|73/100
|-start|p1a: Big bro|Salt Cure
|-start|p2a: Garganacl|Disable|Salt Cure|[from] ability: Cursed Body|[of] p1a: Big bro
|
|-weather|Snowscape|[upkeep]
|-heal|p2a: Garganacl|59/100|[from] item: Leftovers
|-damage|p1a: Big bro|60/100|[from] Salt Cure
|upkeep
|turn|26
|inactive|gvgvjvfcgv has 120 seconds left.
|
|t:|1779906566
|switch|p1a: Lil bro|Haunter, M|39/100
|move|p2a: Garganacl|Recover|p2a: Garganacl
|-heal|p2a: Garganacl|100/100
|
|-weather|none
|upkeep
|turn|27
|inactive|gvgvjvfcgv has 120 seconds left.
|
|t:|1779906577
|switch|p2a: Gholdengo|Gholdengo|100/100
|move|p1a: Lil bro|Mean Look|p2a: Gholdengo
|-immune|p2a: Gholdengo|[from] ability: Good as Gold
|
|upkeep
|turn|28
|
|t:|1779906583
|move|p2a: Gholdengo|Shadow Ball|p1a: Lil bro
|-supereffective|p1a: Lil bro
|-damage|p1a: Lil bro|0 fnt
|faint|p1a: Lil bro
|
|upkeep
|
|t:|1779906590
|switch|p1a: Big bro|Gengar, F|60/100
|turn|29
|
|t:|1779906593
|move|p1a: Big bro|Shadow Ball|p2a: Gholdengo
|-supereffective|p2a: Gholdengo
|-damage|p2a: Gholdengo|3/100
|move|p2a: Gholdengo|Shadow Ball|p1a: Big bro
|-supereffective|p1a: Big bro
|-damage|p1a: Big bro|0 fnt
|faint|p1a: Big bro
|
|upkeep
|
|t:|1779906601
|switch|p1a: Dragonite|Dragonite, F|100/100
|turn|30
|
|t:|1779906605
|-terastallize|p1a: Dragonite|Normal
|move|p2a: Gholdengo|Shadow Ball|p1a: Dragonite
|-immune|p1a: Dragonite
|move|p1a: Dragonite|Dragon Dance|p1a: Dragonite
|-boost|p1a: Dragonite|atk|1
|-boost|p1a: Dragonite|spe|1
|
|upkeep
|turn|31
|
|t:|1779906613
|switch|p2a: Toxapex|Toxapex, M|100/100
|move|p1a: Dragonite|Dragon Dance|p1a: Dragonite
|-boost|p1a: Dragonite|atk|1
|-boost|p1a: Dragonite|spe|1
|
|upkeep
|turn|32
|
|t:|1779906619
|move|p2a: Toxapex|Baneful Bunker|p2a: Toxapex
|-singleturn|p2a: Toxapex|move: Protect
|move|p1a: Dragonite|Earthquake|p2a: Toxapex
|-activate|p2a: Toxapex|move: Protect
|
|upkeep
|turn|33
|-message|ketchupandrice forfeited.
|
|win|gvgvjvfcgv
|raw|gvgvjvfcgv's rating: 1247 &rarr; <strong>1270</strong><br />(+23 for winning)
|raw|ketchupandrice's rating: 1225 &rarr; <strong>1202</strong><br />(-23 for losing)
|l|☆ketchupandrice
|player|p2|
|l|☆gvgvjvfcgv
|player|p1|
