|j|☆Velzebuz0
|j|☆dandynasty
|t:|1779851709
|gametype|singles
|player|p1|Velzebuz0|plasmagrunt|1072
|player|p2|dandynasty|169|1061
|gen|9
|tier|[Gen 9] OU
|rated|
|rule|HP Percentage Mod: HP is shown in percentages
|rule|Endless Battle Clause: Forcing endless battles is banned
|rule|Species Clause: Limit one of each Pokémon
|rule|OHKO Clause: OHKO moves are banned
|rule|Evasion Items Clause: Evasion items are banned
|rule|Evasion Moves Clause: Evasion moves are banned
|rule|Evasion Abilities Clause: Evasion abilities are banned
|rule|Sleep Moves Clause: Sleep-inducing moves are banned
|clearpoke
|poke|p1|Hitmonchan, M|
|poke|p1|Electivire, F|
|poke|p1|Zarude|
|poke|p1|Haxorus, F|
|poke|p1|Braviary-Hisui, M|
|poke|p1|Rhyperior, F|
|poke|p2|Oranguru, M|
|poke|p2|Grookey, L1, M|
|poke|p2|Slaking, F|
|poke|p2|Ambipom, F|
|poke|p2|Infernape, F|
|poke|p2|Munkidori, M|
|teampreview
|
|t:|1779851723
|teamsize|p1|6
|teamsize|p2|6
|start
|switch|p1a: Hitmonchan|Hitmonchan, M|100/100
|switch|p2a: Grookey|Grookey, L1, M|100/100
|turn|1
|
|t:|1779851728
|move|p1a: Hitmonchan|Fire Punch|p2a: Grookey
|-supereffective|p2a: Grookey
|-enditem|p2a: Grookey|Focus Sash
|-damage|p2a: Grookey|9/100
|move|p2a: Grookey|Endeavor|p1a: Hitmonchan
|-damage|p1a: Hitmonchan|1/100
|
|upkeep
|turn|2
|
|t:|1779851735
|move|p2a: Grookey|Protect|p2a: Grookey
|-singleturn|p2a: Grookey|Protect
|move|p1a: Hitmonchan|Drain Punch|p2a: Grookey
|-activate|p2a: Grookey|move: Protect
|
|upkeep
|turn|3
|
|t:|1779851744
|move|p1a: Hitmonchan|Drain Punch|p2a: Grookey
|-damage|p2a: Grookey|0 fnt
|-heal|p1a: Hitmonchan|1/100|[from] drain|[of] p2a: Grookey
|faint|p2a: Grookey
|
|upkeep
|
|t:|1779851765
|switch|p2a: Ambipom|Ambipom, F|100/100
|turn|4
|
|t:|1779851774
|move|p2a: Ambipom|Double Hit|p1a: Hitmonchan
|-damage|p1a: Hitmonchan|0 fnt
|faint|p1a: Hitmonchan
|-hitcount|p1: Hitmonchan|1
|
|upkeep
|
|t:|1779851778
|switch|p1a: Zarude|Zarude|100/100
|turn|5
|
|t:|1779851781
|move|p2a: Ambipom|Double Hit|p1a: Zarude|[miss]
|-miss|p2a: Ambipom|p1a: Zarude
|move|p1a: Zarude|Close Combat|p2a: Ambipom
|-supereffective|p2a: Ambipom
|-damage|p2a: Ambipom|0 fnt
|-unboost|p1a: Zarude|def|1
|-unboost|p1a: Zarude|spd|1
|faint|p2a: Ambipom
|
|upkeep
|
|t:|1779851793
|switch|p2a: Munkidori|Munkidori, M|100/100
|turn|6
|
|t:|1779851801
|move|p2a: Munkidori|Sludge Wave|p1a: Zarude
|-supereffective|p1a: Zarude
|-damage|p1a: Zarude|0 fnt
|faint|p1a: Zarude
|
|upkeep
|
|t:|1779851805
|switch|p1a: Braviary|Braviary-Hisui, M|100/100
|turn|7
|
|t:|1779851818
|move|p2a: Munkidori|Nasty Plot|p2a: Munkidori
|-boost|p2a: Munkidori|spa|2
|move|p1a: Braviary|Esper Wing|p2a: Munkidori
|-damage|p2a: Munkidori|49/100
|-boost|p1a: Braviary|spe|1
|
|upkeep
|turn|8
|
|t:|1779851827
|move|p1a: Braviary|Shadow Ball|p2a: Munkidori
|-supereffective|p2a: Munkidori
|-damage|p2a: Munkidori|0 fnt
|faint|p2a: Munkidori
|
|upkeep
|
|t:|1779851840
|switch|p2a: Oranguru|Oranguru, M|100/100
|turn|9
|
|t:|1779851849
|move|p1a: Braviary|Hurricane|p2a: Oranguru
|-damage|p2a: Oranguru|64/100
|move|p2a: Oranguru|Trick Room|p2a: Oranguru
|-fieldstart|move: Trick Room|[of] p2a: Oranguru
|
|-heal|p2a: Oranguru|70/100|[from] item: Leftovers
|upkeep
|turn|10
|
|t:|1779851856
|move|p2a: Oranguru|Reflect|p2a: Oranguru
|-sidestart|p2: dandynasty|Reflect
|move|p1a: Braviary|Hurricane|p2a: Oranguru
|-damage|p2a: Oranguru|39/100
|
|-heal|p2a: Oranguru|45/100|[from] item: Leftovers
|upkeep
|turn|11
|
|t:|1779851861
|move|p2a: Oranguru|Substitute|p2a: Oranguru
|-start|p2a: Oranguru|Substitute
|-damage|p2a: Oranguru|20/100
|move|p1a: Braviary|Hurricane|p2a: Oranguru|[miss]
|-miss|p1a: Braviary|p2a: Oranguru
|
|-heal|p2a: Oranguru|26/100|[from] item: Leftovers
|upkeep
|turn|12
|
|t:|1779851869
|move|p2a: Oranguru|Protect|p2a: Oranguru
|-singleturn|p2a: Oranguru|Protect
|move|p1a: Braviary|Hurricane|p2a: Oranguru
|-activate|p2a: Oranguru|move: Protect
|
|-heal|p2a: Oranguru|32/100|[from] item: Leftovers
|upkeep
|turn|13
|
|t:|1779851876
|switch|p1a: Rhyperior|Rhyperior, F|100/100
|move|p2a: Oranguru|Protect||[still]
|-fail|p2a: Oranguru
|
|-heal|p2a: Oranguru|38/100|[from] item: Leftovers
|-fieldend|move: Trick Room
|upkeep
|turn|14
|
|t:|1779851883
|move|p2a: Oranguru|Protect|p2a: Oranguru
|-singleturn|p2a: Oranguru|Protect
|move|p1a: Rhyperior|Megahorn|p2a: Oranguru
|-activate|p2a: Oranguru|move: Protect
|
|-heal|p2a: Oranguru|44/100|[from] item: Leftovers
|-sideend|p2: dandynasty|Reflect
|upkeep
|turn|15
|
|t:|1779851898
|move|p2a: Oranguru|Reflect|p2a: Oranguru
|-sidestart|p2: dandynasty|Reflect
|move|p1a: Rhyperior|Megahorn|p2a: Oranguru
|-supereffective|p2a: Oranguru
|-end|p2a: Oranguru|Substitute
|
|-heal|p2a: Oranguru|50/100|[from] item: Leftovers
|upkeep
|turn|16
|
|t:|1779851908
|move|p2a: Oranguru|Protect|p2a: Oranguru
|-singleturn|p2a: Oranguru|Protect
|move|p1a: Rhyperior|Megahorn|p2a: Oranguru
|-activate|p2a: Oranguru|move: Protect
|
|-heal|p2a: Oranguru|56/100|[from] item: Leftovers
|upkeep
|turn|17
|
|t:|1779851916
|move|p2a: Oranguru|Substitute|p2a: Oranguru
|-start|p2a: Oranguru|Substitute
|-damage|p2a: Oranguru|31/100
|move|p1a: Rhyperior|Megahorn|p2a: Oranguru|[miss]
|-miss|p1a: Rhyperior|p2a: Oranguru
|
|-heal|p2a: Oranguru|37/100|[from] item: Leftovers
|upkeep
|turn|18
|
|t:|1779851927
|switch|p1a: Haxorus|Haxorus, F, shiny|100/100
|-ability|p1a: Haxorus|Mold Breaker
|move|p2a: Oranguru|Protect||[still]
|-fail|p2a: Oranguru
|
|-heal|p2a: Oranguru|43/100|[from] item: Leftovers
|upkeep
|turn|19
|
|t:|1779851937
|move|p2a: Oranguru|Protect|p2a: Oranguru
|-singleturn|p2a: Oranguru|Protect
|move|p1a: Haxorus|Dragon Dance|p1a: Haxorus
|-boost|p1a: Haxorus|atk|1
|-boost|p1a: Haxorus|spe|1
|
|-heal|p2a: Oranguru|49/100|[from] item: Leftovers
|-sideend|p2: dandynasty|Reflect
|upkeep
|turn|20
|
|t:|1779851946
|move|p1a: Haxorus|Dragon Dance|p1a: Haxorus
|-boost|p1a: Haxorus|atk|1
|-boost|p1a: Haxorus|spe|1
|move|p2a: Oranguru|Trick Room|p2a: Oranguru
|-fieldstart|move: Trick Room|[of] p2a: Oranguru
|
|-heal|p2a: Oranguru|55/100|[from] item: Leftovers
|upkeep
|turn|21
|
|t:|1779851953
|move|p2a: Oranguru|Reflect|p2a: Oranguru
|-sidestart|p2: dandynasty|Reflect
|move|p1a: Haxorus|Dragon Dance|p1a: Haxorus
|-boost|p1a: Haxorus|atk|1
|-boost|p1a: Haxorus|spe|1
|
|-heal|p2a: Oranguru|61/100|[from] item: Leftovers
|upkeep
|turn|22
|
|t:|1779851963
|move|p2a: Oranguru|Protect|p2a: Oranguru
|-singleturn|p2a: Oranguru|Protect
|move|p1a: Haxorus|Dragon Dance|p1a: Haxorus
|-boost|p1a: Haxorus|atk|1
|-boost|p1a: Haxorus|spe|1
|
|-heal|p2a: Oranguru|67/100|[from] item: Leftovers
|upkeep
|turn|23
|
|t:|1779851977
|switch|p2a: Slaking|Slaking, F|100/100
|move|p1a: Haxorus|Outrage|p2a: Slaking
|-damage|p2a: Slaking|42/100
|
|-heal|p2a: Slaking|48/100|[from] item: Leftovers
|upkeep
|turn|24
|
|t:|1779851985
|move|p2a: Slaking|Giga Impact|p1a: Haxorus
|-damage|p1a: Haxorus|2/100
|-mustrecharge|p2a: Slaking
|move|p1a: Haxorus|Outrage|p2a: Slaking|[from] lockedmove
|-damage|p2a: Slaking|0 fnt
|faint|p2a: Slaking
|
|-fieldend|move: Trick Room
|upkeep
|
|t:|1779851993
|switch|p2a: Infernape|Infernape, F|100/100
|turn|25
|
|t:|1779851996
|move|p1a: Haxorus|Outrage|p2a: Infernape|[from] lockedmove
|-damage|p2a: Infernape|0 fnt
|faint|p2a: Infernape
|-start|p1a: Haxorus|confusion|[fatigue]
|
|-sideend|p2: dandynasty|Reflect
|upkeep
|
|t:|1779852002
|switch|p2a: Oranguru|Oranguru, M|67/100
|turn|26
|-message|dandynasty forfeited.
|
|win|Velzebuz0
|raw|Velzebuz0's rating: 1072 &rarr; <strong>1100</strong><br />(+28 for winning)
|raw|dandynasty's rating: 1061 &rarr; <strong>1042</strong><br />(-19 for losing)
|l|☆dandynasty
|player|p2|
|l|☆Velzebuz0
|player|p1|
