|j|☆vradom person
|j|☆NotRedRaven
|t:|1779861956
|gametype|singles
|player|p1|vradom person|dawn|1115
|player|p2|NotRedRaven|wallace|1177
|gen|9
|tier|[Gen 9] OU
|rated|
|rule|HP Percentage Mod: HP is shown in percentages
|rule|Endless Battle Clause: Forcing endless battles is banned
|rule|Species Clause: Limit one of each Pokémon
|rule|OHKO Clause: OHKO moves are banned
|rule|Evasion Items Clause: Evasion items are banned
|rule|Evasion Moves Clause: Evasion moves are banned
|rule|Evasion Abilities Clause: Evasion abilities are banned
|rule|Sleep Moves Clause: Sleep-inducing moves are banned
|clearpoke
|poke|p1|Araquanid, F|
|poke|p1|Scizor, M|
|poke|p1|Forretress, F|
|poke|p1|Lokix, F|
|poke|p1|Kleavor, M|
|poke|p1|Ribombee, M|
|poke|p2|Zamazenta-*|
|poke|p2|Kingambit, M|
|poke|p2|Slowking-Galar, F|
|poke|p2|Primarina, F|
|poke|p2|Great Tusk|
|poke|p2|Zapdos|
|teampreview
|c|☆NotRedRaven|glhf
|inactive|Battle timer is ON: inactive players will automatically lose when time's up. (requested by vradom person)
|
|t:|1779862001
|teamsize|p1|6
|teamsize|p2|6
|start
|switch|p1a: Araquanid|Araquanid, F|100/100
|switch|p2a: Zamazenta|Zamazenta|100/100
|-ability|p2a: Zamazenta|Dauntless Shield|boost
|-boost|p2a: Zamazenta|def|1
|turn|1
|
|t:|1779862024
|switch|p2a: Primarina|Primarina, F|100/100
|switch|p1a: Forretress|Forretress, F|100/100
|
|upkeep
|turn|2
|
|t:|1779862032
|move|p2a: Primarina|Substitute|p2a: Primarina
|-start|p2a: Primarina|Substitute
|-damage|p2a: Primarina|76/100
|move|p1a: Forretress|Spikes|p2a: Primarina
|-sidestart|p2: NotRedRaven|Spikes
|
|-heal|p2a: Primarina|82/100|[from] item: Leftovers
|upkeep
|turn|3
|
|t:|1779862051
|move|p2a: Primarina|Calm Mind|p2a: Primarina
|-boost|p2a: Primarina|spa|1
|-boost|p2a: Primarina|spd|1
|move|p1a: Forretress|Gyro Ball|p2a: Primarina
|-end|p2a: Primarina|Substitute
|
|-heal|p2a: Primarina|88/100|[from] item: Leftovers
|upkeep
|turn|4
|
|t:|1779862069
|move|p2a: Primarina|Calm Mind|p2a: Primarina
|-boost|p2a: Primarina|spa|1
|-boost|p2a: Primarina|spd|1
|move|p1a: Forretress|Gyro Ball|p2a: Primarina
|-damage|p2a: Primarina|62/100
|
|-heal|p2a: Primarina|68/100|[from] item: Leftovers
|upkeep
|turn|5
|
|t:|1779862077
|move|p2a: Primarina|Psychic Noise|p1a: Forretress
|-resisted|p1a: Forretress
|-damage|p1a: Forretress|62/100
|-start|p1a: Forretress|move: Heal Block
|move|p1a: Forretress|Gyro Ball|p2a: Primarina
|-damage|p2a: Primarina|37/100
|
|-heal|p2a: Primarina|43/100|[from] item: Leftovers
|upkeep
|turn|6
|
|t:|1779862089
|move|p2a: Primarina|Draining Kiss|p1a: Forretress
|-resisted|p1a: Forretress
|-damage|p1a: Forretress|28/100
|-heal|p2a: Primarina|71/100|[from] drain|[of] p1a: Forretress
|move|p1a: Forretress|Spikes|p2a: Primarina
|-sidestart|p2: NotRedRaven|Spikes
|
|-heal|p2a: Primarina|77/100|[from] item: Leftovers
|-end|p1a: Forretress|move: Heal Block
|upkeep
|turn|7
|
|t:|1779862097
|move|p2a: Primarina|Draining Kiss|p1a: Forretress
|-resisted|p1a: Forretress
|-damage|p1a: Forretress|0 fnt
|-heal|p2a: Primarina|100/100|[from] drain|[of] p1a: Forretress
|faint|p1a: Forretress
|
|upkeep
|
|t:|1779862107
|switch|p1a: Araquanid|Araquanid, F|100/100
|turn|8
|
|t:|1779862113
|move|p2a: Primarina|Draining Kiss|p1a: Araquanid
|-damage|p1a: Araquanid|59/100
|move|p1a: Araquanid|Poison Jab|p2a: Primarina
|-supereffective|p2a: Primarina
|-crit|p2a: Primarina
|-damage|p2a: Primarina|0 fnt
|faint|p2a: Primarina
|
|upkeep
|
|t:|1779862119
|switch|p2a: Zapdos|Zapdos|100/100
|turn|9
|
|t:|1779862134
|switch|p1a: Kleavor|Kleavor, M|100/100
|move|p2a: Zapdos|Hurricane|p1a: Kleavor
|-damage|p1a: Kleavor|30/100
|
|upkeep
|turn|10
|
|t:|1779862141
|move|p1a: Kleavor|Stone Axe|p2a: Zapdos
|-supereffective|p2a: Zapdos
|-damage|p2a: Zapdos|24/100
|-status|p1a: Kleavor|par|[from] ability: Static|[of] p2a: Zapdos
|-sidestart|p2: NotRedRaven|move: Stealth Rock
|move|p2a: Zapdos|Discharge|p1a: Kleavor
|-damage|p1a: Kleavor|0 fnt
|faint|p1a: Kleavor
|
|upkeep
|
|t:|1779862169
|switch|p1a: Ribombee|Ribombee, M|100/100
|turn|11
|
|t:|1779862174
|move|p1a: Ribombee|Quiver Dance|p1a: Ribombee
|-boost|p1a: Ribombee|spa|1
|-boost|p1a: Ribombee|spd|1
|-boost|p1a: Ribombee|spe|1
|move|p2a: Zapdos|U-turn|p1a: Ribombee
|-resisted|p1a: Ribombee
|-damage|p1a: Ribombee|94/100
|
|t:|1779862183
|switch|p2a: Slowking|Slowking-Galar, F|100/100|[from] U-turn
|
|upkeep
|turn|12
|
|t:|1779862190
|move|p1a: Ribombee|Quiver Dance|p1a: Ribombee
|-boost|p1a: Ribombee|spa|1
|-boost|p1a: Ribombee|spd|1
|-boost|p1a: Ribombee|spe|1
|move|p2a: Slowking|Sludge Bomb|p1a: Ribombee
|-supereffective|p1a: Ribombee
|-damage|p1a: Ribombee|43/100
|
|upkeep
|turn|13
|
|t:|1779862201
|move|p1a: Ribombee|Stored Power|p2a: Slowking
|-damage|p2a: Slowking|50/100
|-damage|p1a: Ribombee|34/100|[from] item: Life Orb
|move|p2a: Slowking|Future Sight|p1a: Ribombee
|-start|p2a: Slowking|move: Future Sight
|
|upkeep
|turn|14
|
|t:|1779862213
|move|p1a: Ribombee|Stored Power|p2a: Slowking
|-damage|p2a: Slowking|1/100
|-damage|p1a: Ribombee|24/100|[from] item: Life Orb
|move|p2a: Slowking|Sludge Bomb|p1a: Ribombee
|-supereffective|p1a: Ribombee
|-damage|p1a: Ribombee|0 fnt
|faint|p1a: Ribombee
|
|upkeep
|
|t:|1779862216
|switch|p1a: Lokix|Lokix, F|100/100
|turn|15
|
|t:|1779862222
|move|p1a: Lokix|Knock Off|p2a: Slowking
|-supereffective|p2a: Slowking
|-damage|p2a: Slowking|0 fnt
|-enditem|p2a: Slowking|Heavy-Duty Boots|[from] move: Knock Off|[of] p1a: Lokix
|faint|p2a: Slowking
|
|-end|p1a: Lokix|move: Future Sight
|-immune|p1a: Lokix
|upkeep
|
|t:|1779862238
|switch|p2a: Great Tusk|Great Tusk|100/100
|-damage|p2a: Great Tusk|84/100|[from] Spikes
|-damage|p2a: Great Tusk|81/100|[from] Stealth Rock
|turn|16
|
|t:|1779862243
|move|p2a: Great Tusk|Rapid Spin|p1a: Lokix
|-damage|p1a: Lokix|76/100
|-boost|p2a: Great Tusk|spe|1
|-sideend|p2: NotRedRaven|Spikes|[from] move: Rapid Spin|[of] p2a: Great Tusk
|-sideend|p2: NotRedRaven|Stealth Rock|[from] move: Rapid Spin|[of] p2a: Great Tusk
|move|p1a: Lokix|Knock Off|p2a: Great Tusk
|-resisted|p2a: Great Tusk
|-damage|p2a: Great Tusk|33/100
|-enditem|p2a: Great Tusk|Leftovers|[from] move: Knock Off|[of] p1a: Lokix
|
|upkeep
|turn|17
|
|t:|1779862255
|switch|p1a: Scizor|Scizor, M|100/100
|move|p2a: Great Tusk|Stealth Rock|p1a: Scizor
|-sidestart|p1: vradom person|move: Stealth Rock
|
|upkeep
|turn|18
|
|t:|1779862263
|move|p2a: Great Tusk|Earthquake|p1a: Scizor
|-damage|p1a: Scizor|48/100
|move|p1a: Scizor|Swords Dance|p1a: Scizor
|-boost|p1a: Scizor|atk|2
|
|upkeep
|turn|19
|
|t:|1779862269
|move|p1a: Scizor|Bullet Punch|p2a: Great Tusk
|-damage|p2a: Great Tusk|0 fnt
|faint|p2a: Great Tusk
|-end|p2a: Great Tusk|Protosynthesis|[silent]
|
|upkeep
|
|t:|1779862273
|switch|p2a: Zamazenta|Zamazenta|100/100
|turn|20
|
|t:|1779862278
|move|p1a: Scizor|Bullet Punch|p2a: Zamazenta
|-damage|p2a: Zamazenta|58/100
|move|p2a: Zamazenta|Close Combat|p1a: Scizor
|-damage|p1a: Scizor|0 fnt
|-unboost|p2a: Zamazenta|def|1
|-unboost|p2a: Zamazenta|spd|1
|faint|p1a: Scizor
|
|upkeep
|
|t:|1779862282
|switch|p1a: Lokix|Lokix, F|76/100
|-damage|p1a: Lokix|52/100|[from] Stealth Rock
|turn|21
|
|t:|1779862287
|move|p2a: Zamazenta|Heavy Slam|p1a: Lokix
|-damage|p1a: Lokix|0 fnt
|faint|p1a: Lokix
|
|upkeep
|
|t:|1779862290
|switch|p1a: Araquanid|Araquanid, F|59/100
|-damage|p1a: Araquanid|34/100|[from] Stealth Rock
|turn|22
|
|t:|1779862297
|move|p2a: Zamazenta|Crunch|p1a: Araquanid
|-damage|p1a: Araquanid|6/100
|move|p1a: Araquanid|Liquidation|p2a: Zamazenta
|-damage|p2a: Zamazenta|0 fnt
|faint|p2a: Zamazenta
|
|upkeep
|
|t:|1779862304
|switch|p2a: Zapdos|Zapdos|24/100
|turn|23
|
|t:|1779862307
|move|p2a: Zapdos|U-turn|p1a: Araquanid
|-damage|p1a: Araquanid|0 fnt
|faint|p1a: Araquanid
|
|win|NotRedRaven
|raw|vradom person's rating: 1115 &rarr; <strong>1094</strong><br />(-21 for losing)
|raw|NotRedRaven's rating: 1177 &rarr; <strong>1198</strong><br />(+21 for winning)
|l|☆NotRedRaven
|player|p2|
|l|☆vradom person
|player|p1|
