|badge|p1|silver|gen9ou|30-9
|badge|p1|bronze|gen9pu|100-9
|uhtml|medal-msg|<div class="broadcast-blue">Curious what those medals under the avatar are? PS now has Ladder Seasons! For more information, check out the <a href="https://www.smogon.com/forums/threads/3740067/">thread on Smogon.</a></div>
|j|☆Ceo O Wo Chien
|j|☆kshuaib734
|t:|1779923047
|gametype|singles
|player|p1|Ceo O Wo Chien|fisherman-gen4|1842
|player|p2|kshuaib734|steven|1780
|gen|9
|tier|[Gen 9] OU
|rated|
|rule|HP Percentage Mod: HP is shown in percentages
|rule|Endless Battle Clause: Forcing endless battles is banned
|rule|Species Clause: Limit one of each Pokémon
|rule|OHKO Clause: OHKO moves are banned
|rule|Evasion Items Clause: Evasion items are banned
|rule|Evasion Moves Clause: Evasion moves are banned
|rule|Evasion Abilities Clause: Evasion abilities are banned
|rule|Sleep Moves Clause: Sleep-inducing moves are banned
|clearpoke
|poke|p1|Wo-Chien|
|poke|p1|Cresselia, F|
|poke|p1|Kingambit, F|
|poke|p1|Raging Bolt|
|poke|p1|Iron Treads|
|poke|p1|Ogerpon-Wellspring, F|
|poke|p2|Tyranitar, M|
|poke|p2|Zapdos|
|poke|p2|Pelipper, F|
|poke|p2|Quaquaval, F|
|poke|p2|Kingdra, M|
|poke|p2|Excadrill, F|
|teampreview
|inactive|Battle timer is ON: inactive players will automatically lose when time's up. (requested by kshuaib734)
|inactive|Ceo O Wo Chien also wants the timer to be on.
|
|t:|1779923053
|teamsize|p1|6
|teamsize|p2|6
|start
|switch|p1a: Raging Bolt|Raging Bolt|100/100
|switch|p2a: Tyrant's Downpour|Pelipper, F|100/100
|-weather|RainDance|[from] ability: Drizzle|[of] p2a: Tyrant's Downpour
|-enditem|p1a: Raging Bolt|Booster Energy
|-activate|p1a: Raging Bolt|ability: Protosynthesis|[fromitem]
|-start|p1a: Raging Bolt|protosynthesisspa
|turn|1
|
|t:|1779923063
|switch|p2a: Tyrant's Legacy|Excadrill, F|100/100
|move|p1a: Raging Bolt|Dragon Pulse|p2a: Tyrant's Legacy
|-resisted|p2a: Tyrant's Legacy
|-damage|p2a: Tyrant's Legacy|57/100
|
|-weather|RainDance|[upkeep]
|upkeep
|turn|2
|
|t:|1779923070
|-end|p1a: Raging Bolt|Protosynthesis|[silent]
|switch|p1a: Escargoat|Wo-Chien|100/100
|-ability|p1a: Escargoat|Tablets of Ruin
|move|p2a: Tyrant's Legacy|Rapid Spin|p1a: Escargoat
|-damage|p1a: Escargoat|88/100
|-boost|p2a: Tyrant's Legacy|spe|1
|-damage|p2a: Tyrant's Legacy|47/100|[from] item: Life Orb
|
|-weather|RainDance|[upkeep]
|-heal|p1a: Escargoat|94/100|[from] item: Leftovers
|upkeep
|turn|3
|
|t:|1779923081
|switch|p2a: King Tyrant|Tyranitar, M|100/100
|-weather|Sandstorm|[from] ability: Sand Stream|[of] p2a: King Tyrant
|move|p1a: Escargoat|Leech Seed|p2a: King Tyrant
|-start|p2a: King Tyrant|move: Leech Seed
|
|-weather|Sandstorm|[upkeep]
|-damage|p1a: Escargoat|88/100|[from] Sandstorm
|-heal|p1a: Escargoat|94/100|[from] item: Leftovers
|-damage|p2a: King Tyrant|88/100|[from] Leech Seed|[of] p1a: Escargoat
|-heal|p1a: Escargoat|100/100|[silent]
|upkeep
|turn|4
|
|t:|1779923091
|move|p1a: Escargoat|Stun Spore|p2a: King Tyrant
|-status|p2a: King Tyrant|par
|move|p2a: King Tyrant|Stealth Rock|p1a: Escargoat
|-sidestart|p1: Ceo O Wo Chien|move: Stealth Rock
|
|-weather|Sandstorm|[upkeep]
|-damage|p1a: Escargoat|94/100|[from] Sandstorm
|-heal|p1a: Escargoat|100/100|[from] item: Leftovers
|-damage|p2a: King Tyrant|76/100 par|[from] Leech Seed|[of] p1a: Escargoat
|upkeep
|turn|5
|
|t:|1779923102
|switch|p1a: Iron Treads|Iron Treads|100/100
|-damage|p1a: Iron Treads|97/100|[from] Stealth Rock
|switch|p2a: Tyrant's Legacy|Excadrill, F|47/100
|
|-weather|Sandstorm|[upkeep]
|-heal|p1a: Iron Treads|100/100|[from] item: Leftovers
|upkeep
|turn|6
|
|t:|1779923110
|-end|p1a: Iron Treads|Quark Drive|[silent]
|switch|p1a: Escargoat|Wo-Chien|100/100
|-damage|p1a: Escargoat|88/100|[from] Stealth Rock
|-ability|p1a: Escargoat|Tablets of Ruin
|move|p2a: Tyrant's Legacy|Earthquake|p1a: Escargoat
|-resisted|p1a: Escargoat
|-damage|p1a: Escargoat|66/100
|-damage|p2a: Tyrant's Legacy|37/100|[from] item: Life Orb
|
|-weather|Sandstorm|[upkeep]
|-damage|p1a: Escargoat|60/100|[from] Sandstorm
|-heal|p1a: Escargoat|66/100|[from] item: Leftovers
|upkeep
|turn|7
|
|t:|1779923122
|move|p2a: Tyrant's Legacy|Iron Head|p1a: Escargoat
|-damage|p1a: Escargoat|33/100
|-damage|p2a: Tyrant's Legacy|27/100|[from] item: Life Orb
|move|p1a: Escargoat|Leech Seed|p2a: Tyrant's Legacy
|-start|p2a: Tyrant's Legacy|move: Leech Seed
|
|-weather|none
|-heal|p1a: Escargoat|39/100|[from] item: Leftovers
|-damage|p2a: Tyrant's Legacy|14/100|[from] Leech Seed|[of] p1a: Escargoat
|-heal|p1a: Escargoat|51/100|[silent]
|upkeep
|turn|8
|
|t:|1779923132
|move|p2a: Tyrant's Legacy|Earthquake|p1a: Escargoat
|-resisted|p1a: Escargoat
|-damage|p1a: Escargoat|32/100
|-damage|p2a: Tyrant's Legacy|4/100|[from] item: Life Orb
|move|p1a: Escargoat|Leech Seed||[still]
|-fail|p1a: Escargoat
|
|-heal|p1a: Escargoat|38/100|[from] item: Leftovers
|-damage|p2a: Tyrant's Legacy|0 fnt|[from] Leech Seed|[of] p1a: Escargoat
|-heal|p1a: Escargoat|42/100|[silent]
|faint|p2a: Tyrant's Legacy
|upkeep
|
|t:|1779923147
|switch|p2a: Tyrant's Downpour|Pelipper, F|100/100
|-weather|RainDance|[from] ability: Drizzle|[of] p2a: Tyrant's Downpour
|turn|9
|
|t:|1779923152
|move|p1a: Escargoat|Protect|p1a: Escargoat
|-singleturn|p1a: Escargoat|Protect
|move|p2a: Tyrant's Downpour|U-turn|p1a: Escargoat
|-activate|p1a: Escargoat|move: Protect
|
|-weather|RainDance|[upkeep]
|-heal|p1a: Escargoat|48/100|[from] item: Leftovers
|upkeep
|turn|10
|j| AMBATUBLOUGH
|
|t:|1779923162
|move|p1a: Escargoat|Stun Spore|p2a: Tyrant's Downpour
|-status|p2a: Tyrant's Downpour|par
|move|p2a: Tyrant's Downpour|U-turn|p1a: Escargoat
|-supereffective|p1a: Escargoat
|-damage|p1a: Escargoat|28/100
|
|t:|1779923173
|switch|p2a: Tyrant's Enforcer|Zapdos|100/100|[from] U-turn
|
|-weather|RainDance|[upkeep]
|-heal|p1a: Escargoat|34/100|[from] item: Leftovers
|upkeep
|turn|11
|
|t:|1779923178
|move|p1a: Escargoat|Protect|p1a: Escargoat
|-singleturn|p1a: Escargoat|Protect
|move|p2a: Tyrant's Enforcer|Hurricane|p1a: Escargoat
|-activate|p1a: Escargoat|move: Protect
|
|-weather|RainDance|[upkeep]
|-heal|p1a: Escargoat|40/100|[from] item: Leftovers
|upkeep
|turn|12
|
|t:|1779923185
|switch|p1a: Raging Bolt|Raging Bolt|100/100
|-damage|p1a: Raging Bolt|88/100|[from] Stealth Rock
|move|p2a: Tyrant's Enforcer|Hurricane|p1a: Raging Bolt
|-resisted|p1a: Raging Bolt
|-damage|p1a: Raging Bolt|60/100
|
|-weather|RainDance|[upkeep]
|upkeep
|turn|13
|
|t:|1779923192
|move|p2a: Tyrant's Enforcer|Hurricane|p1a: Raging Bolt
|-resisted|p1a: Raging Bolt
|-damage|p1a: Raging Bolt|31/100
|move|p1a: Raging Bolt|Thunderbolt|p2a: Tyrant's Enforcer
|-damage|p2a: Tyrant's Enforcer|39/100
|
|-weather|RainDance|[upkeep]
|upkeep
|turn|14
|
|t:|1779923199
|move|p2a: Tyrant's Enforcer|Roost|p2a: Tyrant's Enforcer
|-heal|p2a: Tyrant's Enforcer|89/100
|-singleturn|p2a: Tyrant's Enforcer|move: Roost
|move|p1a: Raging Bolt|Thunderbolt|p2a: Tyrant's Enforcer
|-resisted|p2a: Tyrant's Enforcer
|-damage|p2a: Tyrant's Enforcer|57/100
|
|-weather|RainDance|[upkeep]
|upkeep
|turn|15
|
|t:|1779923207
|move|p2a: Tyrant's Enforcer|Hurricane|p1a: Raging Bolt
|-resisted|p1a: Raging Bolt
|-damage|p1a: Raging Bolt|4/100
|move|p1a: Raging Bolt|Thunderbolt|p2a: Tyrant's Enforcer
|-damage|p2a: Tyrant's Enforcer|0 fnt
|faint|p2a: Tyrant's Enforcer
|
|-weather|RainDance|[upkeep]
|upkeep
|
|t:|1779923217
|switch|p2a: Tyrant's Endgame|Quaquaval, F|100/100
|turn|16
|
|t:|1779923220
|-end|p1a: Raging Bolt|Protosynthesis|[silent]
|switch|p1a: Ogerpon|Ogerpon-Wellspring, F|100/100
|-damage|p1a: Ogerpon|88/100|[from] Stealth Rock
|move|p2a: Tyrant's Endgame|Aqua Jet|p1a: Ogerpon
|-heal|p1a: Ogerpon|100/100|[from] ability: Water Absorb|[of] p2a: Tyrant's Endgame
|
|-weather|none
|upkeep
|turn|17
|
|t:|1779923230
|switch|p2a: Tyrant's Downpour|Pelipper, F|100/100 par
|-weather|RainDance|[from] ability: Drizzle|[of] p2a: Tyrant's Downpour
|move|p1a: Ogerpon|Swords Dance|p1a: Ogerpon
|-boost|p1a: Ogerpon|atk|2
|
|-weather|RainDance|[upkeep]
|upkeep
|turn|18
|
|t:|1779923237
|-terastallize|p1a: Ogerpon|Water
|detailschange|p1a: Ogerpon|Ogerpon-Wellspring-Tera, F, tera:Water
|-ability|p1a: Ogerpon|Embody Aspect (Wellspring)|boost
|-boost|p1a: Ogerpon|spd|1
|move|p1a: Ogerpon|Trailblaze|p2a: Tyrant's Downpour
|-crit|p2a: Tyrant's Downpour
|-damage|p2a: Tyrant's Downpour|50/100 par
|-boost|p1a: Ogerpon|spe|1
|move|p2a: Tyrant's Downpour|U-turn|p1a: Ogerpon
|-damage|p1a: Ogerpon|91/100
|
|t:|1779923247
|switch|p2a: Tyrant's Vengeance|Kingdra, M|100/100|[from] U-turn
|
|-weather|RainDance|[upkeep]
|upkeep
|turn|19
|
|t:|1779923252
|move|p2a: Tyrant's Vengeance|Draco Meteor|p1a: Ogerpon
|-damage|p1a: Ogerpon|31/100
|-unboost|p2a: Tyrant's Vengeance|spa|2
|move|p1a: Ogerpon|Trailblaze|p2a: Tyrant's Vengeance
|-damage|p2a: Tyrant's Vengeance|41/100
|-boost|p1a: Ogerpon|spe|1
|
|-weather|RainDance|[upkeep]
|upkeep
|turn|20
|
|t:|1779923261
|move|p1a: Ogerpon|Synthesis|p1a: Ogerpon
|-heal|p1a: Ogerpon|56/100
|move|p2a: Tyrant's Vengeance|Draco Meteor|p1a: Ogerpon
|-damage|p1a: Ogerpon|25/100
|-unboost|p2a: Tyrant's Vengeance|spa|2
|
|-weather|RainDance|[upkeep]
|upkeep
|turn|21
|
|t:|1779923274
|switch|p2a: King Tyrant|Tyranitar, M|76/100 par
|-weather|Sandstorm|[from] ability: Sand Stream|[of] p2a: King Tyrant
|move|p1a: Ogerpon|Synthesis|p1a: Ogerpon
|-heal|p1a: Ogerpon|50/100
|
|-weather|Sandstorm|[upkeep]
|-damage|p1a: Ogerpon|44/100|[from] Sandstorm
|upkeep
|turn|22
|
|t:|1779923282
|move|p1a: Ogerpon|Ivy Cudgel|p2a: King Tyrant|[anim] Ivy Cudgel Water
|-supereffective|p2a: King Tyrant
|-damage|p2a: King Tyrant|0 fnt
|faint|p2a: King Tyrant
|
|-weather|Sandstorm|[upkeep]
|-damage|p1a: Ogerpon|38/100|[from] Sandstorm
|upkeep
|
|t:|1779923292
|switch|p2a: Tyrant's Downpour|Pelipper, F|50/100 par
|-weather|RainDance|[from] ability: Drizzle|[of] p2a: Tyrant's Downpour
|turn|23
|
|t:|1779923297
|move|p1a: Ogerpon|Synthesis|p1a: Ogerpon
|-heal|p1a: Ogerpon|63/100
|move|p2a: Tyrant's Downpour|U-turn|p1a: Ogerpon
|-damage|p1a: Ogerpon|54/100
|
|t:|1779923304
|switch|p2a: Tyrant's Endgame|Quaquaval, F|100/100|[from] U-turn
|
|-weather|RainDance|[upkeep]
|upkeep
|turn|24
|
|t:|1779923319
|move|p1a: Ogerpon|Trailblaze|p2a: Tyrant's Endgame
|-supereffective|p2a: Tyrant's Endgame
|-damage|p2a: Tyrant's Endgame|0 fnt
|-boost|p1a: Ogerpon|spe|1
|faint|p2a: Tyrant's Endgame
|
|-weather|RainDance|[upkeep]
|upkeep
|-message|kshuaib734 forfeited.
|
|win|Ceo O Wo Chien
|raw|Ceo O Wo Chien's rating: 1842 &rarr; <strong>1858</strong><br />(+16 for winning)
|raw|kshuaib734's rating: 1780 &rarr; <strong>1764</strong><br />(-16 for losing)
|l|☆kshuaib734
|player|p2|
|l|☆Ceo O Wo Chien
|player|p1|
|l| AMBATUBLOUGH
