|j|☆himejijou
|j|☆Abyssal Bot
|t:|1779908052
|gametype|singles
|player|p1|himejijou|pokemonbreeder-gen4|
|player|p2|Abyssal Bot|supernerd|
|teamsize|p1|6
|teamsize|p2|6
|gen|9
|tier|[Gen 9] OU
|rule|Species Clause: Limit one of each Pokémon
|rule|OHKO Clause: OHKO moves are banned
|rule|Evasion Items Clause: Evasion items are banned
|rule|Evasion Moves Clause: Evasion moves are banned
|rule|Endless Battle Clause: Forcing endless battles is banned
|rule|HP Percentage Mod: HP is shown in percentages
|rule|Sleep Moves Clause: Sleep-inducing moves are banned
|clearpoke
|poke|p1|Weezing-Galar, F|
|poke|p1|Heatran, F|
|poke|p1|Slither Wing|
|poke|p1|Gliscor, F|
|poke|p1|Kyurem|
|poke|p1|Alomomola, F|
|poke|p2|Iron Treads|
|poke|p2|Skeledirge, M|
|poke|p2|Ogerpon-Wellspring, F|
|poke|p2|Enamorus, F|
|poke|p2|Zamazenta-*|
|poke|p2|Roaring Moon|
|teampreview
|c|☆Abyssal Bot|Good Luck and Have Fun my Friend!
|inactive|Battle timer is ON: inactive players will automatically lose when time's up. (requested by Abyssal Bot)
|j|*Turbo Bottttt
|
|t:|1779908066
|start
|switch|p1a: Weezing|Weezing-Galar, F|100/100
|switch|p2a: Ogerpon|Ogerpon-Wellspring, F|100/100
|-ability|p1a: Weezing|Neutralizing Gas
|turn|1
|
|t:|1779908069
|switch|p2a: Iron Treads|Iron Treads|100/100
|move|p1a: Weezing|Will-O-Wisp|p2a: Iron Treads|[miss]
|-miss|p1a: Weezing|p2a: Iron Treads
|
|upkeep
|turn|2
|c|☆Abyssal Bot|That thing needs an eye doctor
|
|t:|1779908074
|move|p2a: Iron Treads|Steel Beam|p1a: Weezing
|-supereffective|p1a: Weezing
|-damage|p1a: Weezing|0
|-damage|p2a: Iron Treads|50/100|[from] steelbeam
|faint|p1a: Weezing
|-end|p1a: Weezing|ability: Neutralizing Gas
|-enditem|p2a: Iron Treads|Booster Energy
|-activate|p2a: Iron Treads|ability: Quark Drive|[fromitem]
|-start|p2a: Iron Treads|quarkdrivespe
|
|upkeep
|
|t:|1779908089
|switch|p1a: Gliscor|Gliscor, F|100/100
|turn|3
|
|t:|1779908090
|move|p2a: Iron Treads|Steel Beam|p1a: Gliscor
|-damage|p1a: Gliscor|60/100
|-damage|p2a: Iron Treads|0|[from] steelbeam
|faint|p2a: Iron Treads
|-end|p2a: Iron Treads|Quark Drive|[silent]
|move|p1a: Gliscor|Swords Dance|p1a: Gliscor
|-boost|p1a: Gliscor|atk|2
|
|-status|p1a: Gliscor|tox|[from] item: Toxic Orb
|upkeep
|
|t:|1779908090
|switch|p2a: Enamorus|Enamorus, F|100/100
|turn|4
|
|t:|1779908096
|move|p2a: Enamorus|Moonblast|p1a: Gliscor
|-damage|p1a: Gliscor|11/100 tox
|move|p1a: Gliscor|Facade|p2a: Enamorus
|-damage|p2a: Enamorus|9/100
|
|-heal|p1a: Gliscor|24/100 tox|[from] ability: Poison Heal
|upkeep
|turn|5
|
|t:|1779908102
|move|p1a: Gliscor|Protect|p1a: Gliscor
|-singleturn|p1a: Gliscor|Protect
|move|p2a: Enamorus|Moonblast|p1a: Gliscor
|-activate|p1a: Gliscor|move: Protect
|
|-heal|p1a: Gliscor|36/100 tox|[from] ability: Poison Heal
|upkeep
|turn|6
|
|t:|1779908106
|switch|p1a: Heatran|Heatran, F|100/100
|move|p2a: Enamorus|Moonblast|p1a: Heatran
|-resisted|p1a: Heatran
|-damage|p1a: Heatran|86/100
|-unboost|p1a: Heatran|spa|1
|
|-heal|p1a: Heatran|92/100|[from] item: Leftovers
|upkeep
|turn|7
|
|t:|1779908112
|move|p2a: Enamorus|Earth Power|p1a: Heatran
|-supereffective|p1a: Heatran
|-damage|p1a: Heatran|0
|faint|p1a: Heatran
|
|upkeep
|
|t:|1779908122
|switch|p1a: Alomomola|Alomomola, F|100/100
|turn|8
|
|t:|1779908123
|move|p2a: Enamorus|Moonblast|p1a: Alomomola
|-damage|p1a: Alomomola|48/100
|move|p1a: Alomomola|Body Slam|p2a: Enamorus
|-damage|p2a: Enamorus|0
|faint|p2a: Enamorus
|
|upkeep
|
|t:|1779908123
|switch|p2a: Ogerpon|Ogerpon-Wellspring, F|100/100
|turn|9
|
|t:|1779908136
|switch|p1a: Gliscor|Gliscor, F|36/100 tox
|move|p2a: Ogerpon|Power Whip|p1a: Gliscor
|-damage|p1a: Gliscor|0 tox
|faint|p1a: Gliscor
|
|upkeep
|
|t:|1779908142
|switch|p1a: Slither Wing|Slither Wing, shiny|100/100
|turn|10
|
|t:|1779908146
|switch|p2a: Skeledirge|Skeledirge, M|100/100
|move|p1a: Slither Wing|U-turn|p2a: Skeledirge
|-resisted|p2a: Skeledirge
|-damage|p2a: Skeledirge|95/100
|
|t:|1779908152
|-end|p1a: Slither Wing|Protosynthesis|[silent]
|switch|p1a: Alomomola|Alomomola, F|82/100|[from] U-turn
|
|upkeep
|turn|11
|
|t:|1779908157
|switch|p2a: Ogerpon|Ogerpon-Wellspring, F|100/100
|move|p1a: Alomomola|Flip Turn|p2a: Ogerpon
|-immune|p2a: Ogerpon|[from] ability: Water Absorb
|
|upkeep
|turn|12
|
|t:|1779908161
|switch|p1a: Slither Wing|Slither Wing, shiny|100/100
|move|p2a: Ogerpon|Power Whip|p1a: Slither Wing
|-resisted|p1a: Slither Wing
|-damage|p1a: Slither Wing|72/100
|-damage|p2a: Ogerpon|84/100|[from] item: Rocky Helmet|[of] p1a: Slither Wing
|
|upkeep
|turn|13
|
|t:|1779908166
|move|p2a: Ogerpon|Power Whip|p1a: Slither Wing
|-resisted|p1a: Slither Wing
|-damage|p1a: Slither Wing|45/100
|-damage|p2a: Ogerpon|67/100|[from] item: Rocky Helmet|[of] p1a: Slither Wing
|move|p1a: Slither Wing|U-turn|p2a: Ogerpon
|-supereffective|p2a: Ogerpon
|-damage|p2a: Ogerpon|0
|faint|p2a: Ogerpon
|
|t:|1779908180
|-end|p1a: Slither Wing|Protosynthesis|[silent]
|switch|p1a: Alomomola|Alomomola, F|100/100|[from] U-turn
|
|upkeep
|
|t:|1779908180
|switch|p2a: Roaring Moon|Roaring Moon|100/100
|-enditem|p2a: Roaring Moon|Booster Energy
|-activate|p2a: Roaring Moon|ability: Protosynthesis|[fromitem]
|-start|p2a: Roaring Moon|protosynthesisatk
|turn|14
|
|t:|1779908182
|move|p2a: Roaring Moon|Knock Off|p1a: Alomomola
|-damage|p1a: Alomomola|56/100
|-enditem|p1a: Alomomola|Heavy-Duty Boots|[from] move: Knock Off|[of] p2a: Roaring Moon
|move|p1a: Alomomola|Body Slam|p2a: Roaring Moon
|-damage|p2a: Roaring Moon|79/100
|
|upkeep
|turn|15
|
|t:|1779908200
|switch|p1a: Slither Wing|Slither Wing, shiny|45/100
|move|p2a: Roaring Moon|Earthquake|p1a: Slither Wing
|-resisted|p1a: Slither Wing
|-damage|p1a: Slither Wing|26/100
|
|upkeep
|turn|16
|
|t:|1779908205
|move|p1a: Slither Wing|First Impression|p2a: Roaring Moon
|-supereffective|p2a: Roaring Moon
|-damage|p2a: Roaring Moon|0
|faint|p2a: Roaring Moon
|-end|p2a: Roaring Moon|Protosynthesis|[silent]
|
|upkeep
|
|t:|1779908205
|switch|p2a: Skeledirge|Skeledirge, M|95/100
|turn|17
|
|t:|1779908209
|move|p1a: Slither Wing|U-turn|p2a: Skeledirge
|-resisted|p2a: Skeledirge
|-damage|p2a: Skeledirge|89/100
|
|t:|1779908214
|-end|p1a: Slither Wing|Protosynthesis|[silent]
|switch|p1a: Alomomola|Alomomola, F|90/100|[from] U-turn
|move|p2a: Skeledirge|Alluring Voice|p1a: Alomomola
|-crit|p1a: Alomomola
|-damage|p1a: Alomomola|64/100
|
|upkeep
|turn|18
|c|☆Abyssal Bot|LOL Die!
|
|t:|1779908215
|switch|p2a: Zamazenta|Zamazenta|100/100
|-ability|p2a: Zamazenta|Dauntless Shield|boost
|-boost|p2a: Zamazenta|def|1
|move|p1a: Alomomola|Wish|p1a: Alomomola
|
|upkeep
|turn|19
|
|t:|1779908239
|move|p2a: Zamazenta|Iron Defense|p2a: Zamazenta
|-boost|p2a: Zamazenta|def|2
|move|p1a: Alomomola|Flip Turn|p2a: Zamazenta
|-damage|p2a: Zamazenta|96/100
|
|t:|1779908242
|switch|p1a: Slither Wing|Slither Wing, shiny|26/100|[from] Flip Turn
|
|-heal|p1a: Slither Wing|89/100|[from] move: Wish|[wisher] Alomomola
|-heal|p2a: Zamazenta|100/100|[from] item: Leftovers
|upkeep
|turn|20
|
|t:|1779908243
|switch|p2a: Skeledirge|Skeledirge, M|89/100
|move|p1a: Slither Wing|Will-O-Wisp|p2a: Skeledirge
|-immune|p2a: Skeledirge
|
|upkeep
|turn|21
|
|t:|1779908246
|move|p1a: Slither Wing|U-turn|p2a: Skeledirge
|-resisted|p2a: Skeledirge
|-damage|p2a: Skeledirge|83/100
|
|t:|1779908247
|-end|p1a: Slither Wing|Protosynthesis|[silent]
|switch|p1a: Alomomola|Alomomola, F|97/100|[from] U-turn
|move|p2a: Skeledirge|Alluring Voice|p1a: Alomomola
|-damage|p1a: Alomomola|78/100
|
|upkeep
|turn|22
|
|t:|1779908250
|switch|p2a: Zamazenta|Zamazenta|100/100
|move|p1a: Alomomola|Flip Turn|p2a: Zamazenta
|-damage|p2a: Zamazenta|89/100
|
|t:|1779908252
|switch|p1a: Slither Wing|Slither Wing, shiny|89/100|[from] Flip Turn
|
|-heal|p2a: Zamazenta|95/100|[from] item: Leftovers
|upkeep
|turn|23
|
|t:|1779908254
|switch|p2a: Skeledirge|Skeledirge, M|83/100
|move|p1a: Slither Wing|U-turn|p2a: Skeledirge
|-resisted|p2a: Skeledirge
|-damage|p2a: Skeledirge|78/100
|
|t:|1779908255
|-end|p1a: Slither Wing|Protosynthesis|[silent]
|switch|p1a: Alomomola|Alomomola, F|100/100|[from] U-turn
|
|upkeep
|turn|24
|
|t:|1779908256
|switch|p2a: Zamazenta|Zamazenta|95/100
|move|p1a: Alomomola|Flip Turn|p2a: Zamazenta
|-damage|p2a: Zamazenta|82/100
|
|t:|1779908257
|switch|p1a: Slither Wing|Slither Wing, shiny|89/100|[from] Flip Turn
|
|-heal|p2a: Zamazenta|88/100|[from] item: Leftovers
|upkeep
|turn|25
|
|t:|1779908258
|switch|p2a: Skeledirge|Skeledirge, M|78/100
|move|p1a: Slither Wing|U-turn|p2a: Skeledirge
|-resisted|p2a: Skeledirge
|-damage|p2a: Skeledirge|72/100
|
|t:|1779908259
|-end|p1a: Slither Wing|Protosynthesis|[silent]
|switch|p1a: Alomomola|Alomomola, F|100/100|[from] U-turn
|
|upkeep
|turn|26
|
|t:|1779908260
|switch|p2a: Zamazenta|Zamazenta|88/100
|move|p1a: Alomomola|Flip Turn|p2a: Zamazenta
|-damage|p2a: Zamazenta|77/100
|
|t:|1779908262
|switch|p1a: Slither Wing|Slither Wing, shiny|89/100|[from] Flip Turn
|
|-heal|p2a: Zamazenta|83/100|[from] item: Leftovers
|upkeep
|turn|27
|
|t:|1779908263
|switch|p2a: Skeledirge|Skeledirge, M|72/100
|move|p1a: Slither Wing|U-turn|p2a: Skeledirge
|-resisted|p2a: Skeledirge
|-damage|p2a: Skeledirge|66/100
|
|t:|1779908264
|-end|p1a: Slither Wing|Protosynthesis|[silent]
|switch|p1a: Alomomola|Alomomola, F|100/100|[from] U-turn
|
|upkeep
|turn|28
|
|t:|1779908266
|switch|p2a: Zamazenta|Zamazenta|83/100
|move|p1a: Alomomola|Flip Turn|p2a: Zamazenta
|-damage|p2a: Zamazenta|72/100
|
|t:|1779908267
|switch|p1a: Slither Wing|Slither Wing, shiny|89/100|[from] Flip Turn
|
|-heal|p2a: Zamazenta|78/100|[from] item: Leftovers
|upkeep
|turn|29
|
|t:|1779908268
|switch|p2a: Skeledirge|Skeledirge, M|66/100
|move|p1a: Slither Wing|U-turn|p2a: Skeledirge
|-resisted|p2a: Skeledirge
|-damage|p2a: Skeledirge|61/100
|
|t:|1779908270
|-end|p1a: Slither Wing|Protosynthesis|[silent]
|switch|p1a: Alomomola|Alomomola, F|100/100|[from] U-turn
|
|upkeep
|turn|30
|
|t:|1779908272
|switch|p2a: Zamazenta|Zamazenta|78/100
|move|p1a: Alomomola|Flip Turn|p2a: Zamazenta
|-damage|p2a: Zamazenta|65/100
|
|t:|1779908276
|switch|p1a: Slither Wing|Slither Wing, shiny|89/100|[from] Flip Turn
|
|-heal|p2a: Zamazenta|71/100|[from] item: Leftovers
|upkeep
|turn|31
|
|t:|1779908278
|switch|p2a: Skeledirge|Skeledirge, M|61/100
|move|p1a: Slither Wing|U-turn|p2a: Skeledirge
|-resisted|p2a: Skeledirge
|-damage|p2a: Skeledirge|55/100
|
|t:|1779908279
|-end|p1a: Slither Wing|Protosynthesis|[silent]
|switch|p1a: Alomomola|Alomomola, F|100/100|[from] U-turn
|
|upkeep
|turn|32
|
|t:|1779908280
|switch|p2a: Zamazenta|Zamazenta|71/100
|move|p1a: Alomomola|Flip Turn|p2a: Zamazenta
|-damage|p2a: Zamazenta|59/100
|
|t:|1779908282
|switch|p1a: Slither Wing|Slither Wing, shiny|89/100|[from] Flip Turn
|
|-heal|p2a: Zamazenta|65/100|[from] item: Leftovers
|upkeep
|turn|33
|
|t:|1779908283
|switch|p2a: Skeledirge|Skeledirge, M|55/100
|move|p1a: Slither Wing|U-turn|p2a: Skeledirge
|-resisted|p2a: Skeledirge
|-damage|p2a: Skeledirge|49/100
|
|t:|1779908284
|-end|p1a: Slither Wing|Protosynthesis|[silent]
|switch|p1a: Kyurem|Kyurem, shiny|100/100|[from] U-turn
|-ability|p1a: Kyurem|Pressure
|
|upkeep
|turn|34
|
|t:|1779908287
|move|p1a: Kyurem|Earth Power|p2a: Skeledirge
|-supereffective|p2a: Skeledirge
|-damage|p2a: Skeledirge|2/100
|move|p2a: Skeledirge|Slack Off|p2a: Skeledirge
|-heal|p2a: Skeledirge|53/100
|
|upkeep
|turn|35
|
|t:|1779908292
|move|p1a: Kyurem|Earth Power|p2a: Skeledirge
|-supereffective|p2a: Skeledirge
|-damage|p2a: Skeledirge|2/100
|move|p2a: Skeledirge|Slack Off|p2a: Skeledirge
|-heal|p2a: Skeledirge|53/100
|
|upkeep
|turn|36
|
|t:|1779908293
|move|p1a: Kyurem|Earth Power|p2a: Skeledirge
|-supereffective|p2a: Skeledirge
|-crit|p2a: Skeledirge
|-damage|p2a: Skeledirge|0
|faint|p2a: Skeledirge
|
|upkeep
|c|☆Abyssal Bot|I should be the one who gets hax ;-;
|
|t:|1779908293
|switch|p2a: Zamazenta|Zamazenta|65/100
|turn|37
|
|t:|1779908297
|-terastallize|p1a: Kyurem|Ghost
|move|p2a: Zamazenta|Body Press|p1a: Kyurem
|-immune|p1a: Kyurem
|move|p1a: Kyurem|Ice Beam|p2a: Zamazenta
|-damage|p2a: Zamazenta|24/100
|
|-heal|p2a: Zamazenta|30/100|[from] item: Leftovers
|upkeep
|turn|38
|
|t:|1779908300
|switch|p1a: Slither Wing|Slither Wing, shiny|89/100
|move|p2a: Zamazenta|Body Press|p1a: Slither Wing
|-resisted|p1a: Slither Wing
|-damage|p1a: Slither Wing|75/100
|-damage|p2a: Zamazenta|14/100|[from] item: Rocky Helmet|[of] p1a: Slither Wing
|
|-heal|p2a: Zamazenta|20/100|[from] item: Leftovers
|upkeep
|turn|39
|
|t:|1779908302
|-end|p1a: Slither Wing|Protosynthesis|[silent]
|switch|p1a: Kyurem|Kyurem, shiny, tera:Ghost|100/100
|-ability|p1a: Kyurem|Pressure
|move|p2a: Zamazenta|Body Press|p1a: Kyurem
|-immune|p1a: Kyurem
|
|-heal|p2a: Zamazenta|26/100|[from] item: Leftovers
|upkeep
|turn|40
|
|t:|1779908304
|switch|p1a: Slither Wing|Slither Wing, shiny|75/100
|move|p2a: Zamazenta|Body Press|p1a: Slither Wing
|-resisted|p1a: Slither Wing
|-damage|p1a: Slither Wing|60/100
|-damage|p2a: Zamazenta|10/100|[from] item: Rocky Helmet|[of] p1a: Slither Wing
|
|-heal|p2a: Zamazenta|16/100|[from] item: Leftovers
|upkeep
|turn|41
|
|t:|1779908308
|move|p1a: Slither Wing|First Impression|p2a: Zamazenta
|-resisted|p2a: Zamazenta
|-damage|p2a: Zamazenta|1/100
|move|p2a: Zamazenta|Crunch|p1a: Slither Wing
|-resisted|p1a: Slither Wing
|-damage|p1a: Slither Wing|52/100
|-damage|p2a: Zamazenta|0|[from] item: Rocky Helmet|[of] p1a: Slither Wing
|faint|p2a: Zamazenta
|
|win|himejijou
|c|☆Abyssal Bot|Well Played.
|l|☆Abyssal Bot
|player|p2|
|l|*Turbo Bottttt
|c|☆himejijou|Yes
