|j|☆helpless_01
|j|☆vucxh
|t:|1779928852
|gametype|singles
|player|p1|helpless_01|veteran|1199
|player|p2|vucxh|volkner|1188
|gen|9
|tier|[Gen 9] OU
|rated|
|rule|HP Percentage Mod: HP is shown in percentages
|rule|Endless Battle Clause: Forcing endless battles is banned
|rule|Species Clause: Limit one of each Pokémon
|rule|OHKO Clause: OHKO moves are banned
|rule|Evasion Items Clause: Evasion items are banned
|rule|Evasion Moves Clause: Evasion moves are banned
|rule|Evasion Abilities Clause: Evasion abilities are banned
|rule|Sleep Moves Clause: Sleep-inducing moves are banned
|clearpoke
|poke|p1|Gliscor, F|
|poke|p1|Grimmsnarl, M|
|poke|p1|Dragapult, F|
|poke|p1|Great Tusk|
|poke|p1|Sableye, F|
|poke|p1|Serperior, F|
|poke|p2|Dugtrio, M|
|poke|p2|Gengar, F|
|poke|p2|Snorlax, F|
|poke|p2|Dragonite, F|
|poke|p2|Gyarados, F|
|poke|p2|Moltres|
|teampreview
|inactive|Battle timer is ON: inactive players will automatically lose when time's up. (requested by helpless_01)
|
|t:|1779928864
|teamsize|p1|6
|teamsize|p2|6
|start
|switch|p1a: Grimmsnarl|Grimmsnarl, M|100/100
|switch|p2a: Snorlax|Snorlax, F|100/100
|turn|1
|
|t:|1779928877
|move|p1a: Grimmsnarl|Thunder Wave|p2a: Snorlax
|-status|p2a: Snorlax|par
|move|p2a: Snorlax|Belly Drum|p2a: Snorlax
|-damage|p2a: Snorlax|50/100 par
|-setboost|p2a: Snorlax|atk|6|[from] move: Belly Drum
|
|-heal|p2a: Snorlax|57/100 par|[from] item: Leftovers
|upkeep
|turn|2
|
|t:|1779928890
|-terastallize|p2a: Snorlax|Steel
|move|p1a: Grimmsnarl|Reflect|p1a: Grimmsnarl
|-sidestart|p1: helpless_01|Reflect
|move|p2a: Snorlax|Heavy Slam|p1a: Grimmsnarl
|-supereffective|p1a: Grimmsnarl
|-damage|p1a: Grimmsnarl|0 fnt
|faint|p1a: Grimmsnarl
|
|-heal|p2a: Snorlax|63/100 par|[from] item: Leftovers
|upkeep
|
|t:|1779928910
|switch|p1a: Gliscor|Gliscor, F|100/100
|turn|3
|
|t:|1779928915
|move|p1a: Gliscor|Swords Dance|p1a: Gliscor
|-boost|p1a: Gliscor|atk|2
|move|p2a: Snorlax|Heavy Slam|p1a: Gliscor
|-damage|p1a: Gliscor|1/100
|
|-heal|p2a: Snorlax|69/100 par|[from] item: Leftovers
|-status|p1a: Gliscor|tox|[from] item: Toxic Orb
|upkeep
|turn|4
|
|t:|1779928933
|move|p1a: Gliscor|Protect|p1a: Gliscor
|-singleturn|p1a: Gliscor|Protect
|move|p2a: Snorlax|Heavy Slam|p1a: Gliscor
|-activate|p1a: Gliscor|move: Protect
|
|-heal|p2a: Snorlax|75/100 par|[from] item: Leftovers
|-heal|p1a: Gliscor|13/100 tox|[from] ability: Poison Heal
|upkeep
|turn|5
|
|t:|1779928942
|move|p1a: Gliscor|Earthquake|p2a: Snorlax
|-supereffective|p2a: Snorlax
|-damage|p2a: Snorlax|0 fnt
|faint|p2a: Snorlax
|
|-heal|p1a: Gliscor|26/100 tox|[from] ability: Poison Heal
|upkeep
|
|t:|1779928954
|switch|p2a: Gengar|Gengar, F|100/100
|turn|6
|
|t:|1779928966
|move|p1a: Gliscor|Protect|p1a: Gliscor
|-singleturn|p1a: Gliscor|Protect
|move|p2a: Gengar|Shadow Ball|p1a: Gliscor
|-activate|p1a: Gliscor|move: Protect
|
|-heal|p1a: Gliscor|38/100 tox|[from] ability: Poison Heal
|upkeep
|turn|7
|
|t:|1779928988
|switch|p1a: Sableye|Sableye, F|100/100
|move|p2a: Gengar|Shadow Ball|p1a: Sableye
|-damage|p1a: Sableye|29/100
|
|-heal|p1a: Sableye|36/100|[from] item: Leftovers
|upkeep
|turn|8
|
|t:|1779929001
|switch|p2a: Gyarados|Gyarados, F|100/100
|move|p1a: Sableye|Recover|p1a: Sableye
|-heal|p1a: Sableye|86/100
|
|-heal|p1a: Sableye|92/100|[from] item: Leftovers
|upkeep
|turn|9
|
|t:|1779929010
|move|p1a: Sableye|Will-O-Wisp|p2a: Gyarados
|-status|p2a: Gyarados|brn
|move|p2a: Gyarados|Taunt|p1a: Sableye
|-start|p1a: Sableye|move: Taunt
|
|-heal|p1a: Sableye|98/100|[from] item: Leftovers
|-damage|p2a: Gyarados|94/100 brn|[from] brn
|-sideend|p1: helpless_01|Reflect
|upkeep
|turn|10
|
|t:|1779929021
|move|p2a: Gyarados|Dragon Dance|p2a: Gyarados
|-boost|p2a: Gyarados|atk|1
|-boost|p2a: Gyarados|spe|1
|move|p1a: Sableye|Knock Off|p2a: Gyarados
|-damage|p2a: Gyarados|61/100 brn
|-enditem|p2a: Gyarados|Leftovers|[from] move: Knock Off|[of] p1a: Sableye
|
|-heal|p1a: Sableye|100/100|[from] item: Leftovers
|-damage|p2a: Gyarados|55/100 brn|[from] brn
|upkeep
|turn|11
|
|t:|1779929035
|switch|p1a: Serperior|Serperior, F|100/100
|move|p2a: Gyarados|Dragon Dance|p2a: Gyarados
|-boost|p2a: Gyarados|atk|1
|-boost|p2a: Gyarados|spe|1
|
|-damage|p2a: Gyarados|49/100 brn|[from] brn
|upkeep
|turn|12
|
|t:|1779929046
|move|p2a: Gyarados|Scale Shot|p1a: Serperior
|-damage|p1a: Serperior|88/100
|-damage|p1a: Serperior|77/100
|-damage|p1a: Serperior|66/100
|-damage|p1a: Serperior|54/100
|-damage|p1a: Serperior|43/100
|-hitcount|p1a: Serperior|5
|-unboost|p2a: Gyarados|def|1
|-boost|p2a: Gyarados|spe|1
|move|p1a: Serperior|Leaf Storm|p2a: Gyarados
|-damage|p2a: Gyarados|4/100 brn
|-boost|p1a: Serperior|spa|2
|
|-heal|p1a: Serperior|50/100|[from] item: Leftovers
|-damage|p2a: Gyarados|0 fnt|[from] brn
|faint|p2a: Gyarados
|upkeep
|
|t:|1779929064
|switch|p2a: Gengar|Gengar, F|100/100
|turn|13
|
|t:|1779929088
|switch|p1a: Great Tusk|Great Tusk|100/100
|move|p2a: Gengar|Sludge Bomb|p1a: Great Tusk
|-resisted|p1a: Great Tusk
|-damage|p1a: Great Tusk|57/100
|
|upkeep
|turn|14
|
|t:|1779929101
|switch|p2a: Moltres|Moltres|100/100
|move|p1a: Great Tusk|Roar|p2a: Moltres
|drag|p2a: Gengar|Gengar, F|100/100
|
|upkeep
|turn|15
|
|t:|1779929111
|move|p2a: Gengar|Shadow Ball|p1a: Great Tusk
|-damage|p1a: Great Tusk|0 fnt
|faint|p1a: Great Tusk
|-end|p1a: Great Tusk|Protosynthesis|[silent]
|
|upkeep
|
|t:|1779929126
|switch|p1a: Sableye|Sableye, F|100/100
|turn|16
|
|t:|1779929138
|switch|p2a: Dugtrio|Dugtrio, M|100/100
|move|p1a: Sableye|Knock Off|p2a: Dugtrio
|-damage|p2a: Dugtrio|26/100
|-enditem|p2a: Dugtrio|Heavy-Duty Boots|[from] move: Knock Off|[of] p1a: Sableye
|
|upkeep
|turn|17
|
|t:|1779929148
|move|p2a: Dugtrio|Earthquake|p1a: Sableye
|-damage|p1a: Sableye|38/100
|move|p1a: Sableye|Knock Off|p2a: Dugtrio
|-damage|p2a: Dugtrio|0 fnt
|faint|p2a: Dugtrio
|
|-heal|p1a: Sableye|45/100|[from] item: Leftovers
|upkeep
|
|t:|1779929155
|switch|p2a: Moltres|Moltres|100/100
|turn|18
|
|t:|1779929160
|move|p1a: Sableye|Recover|p1a: Sableye
|-heal|p1a: Sableye|95/100
|move|p2a: Moltres|Flamethrower|p1a: Sableye
|-damage|p1a: Sableye|55/100
|
|-heal|p1a: Sableye|61/100|[from] item: Leftovers
|upkeep
|turn|19
|
|t:|1779929170
|move|p1a: Sableye|Recover|p1a: Sableye
|-heal|p1a: Sableye|100/100
|move|p2a: Moltres|Tailwind|p2a: Moltres
|-sidestart|p2: vucxh|move: Tailwind
|
|upkeep
|turn|20
|
|t:|1779929175
|move|p1a: Sableye|Encore|p2a: Moltres
|-start|p2a: Moltres|Encore
|move|p2a: Moltres|Tailwind||[still]
|-fail|p2a: Moltres
|
|upkeep
|turn|21
|
|t:|1779929189
|switch|p2a: Dragonite|Dragonite, F|100/100
|switch|p1a: Dragapult|Dragapult, F|100/100
|
|upkeep
|turn|22
|
|t:|1779929201
|move|p2a: Dragonite|Ice Spinner|p1a: Dragapult
|-supereffective|p1a: Dragapult
|-damage|p1a: Dragapult|10/100
|move|p1a: Dragapult|Draco Meteor|p2a: Dragonite
|-supereffective|p2a: Dragonite
|-damage|p2a: Dragonite|15/100
|-unboost|p1a: Dragapult|spa|2
|
|-sideend|p2: vucxh|move: Tailwind
|upkeep
|turn|23
|
|t:|1779929219
|switch|p1a: Sableye|Sableye, F|100/100
|switch|p2a: Moltres|Moltres|100/100
|
|upkeep
|turn|24
|
|t:|1779929232
|move|p2a: Moltres|Flamethrower|p1a: Sableye
|-damage|p1a: Sableye|59/100
|move|p1a: Sableye|Knock Off|p2a: Moltres
|-damage|p2a: Moltres|75/100
|-enditem|p2a: Moltres|Heavy-Duty Boots|[from] move: Knock Off|[of] p1a: Sableye
|
|-heal|p1a: Sableye|65/100|[from] item: Leftovers
|upkeep
|turn|25
|
|t:|1779929247
|move|p1a: Sableye|Recover|p1a: Sableye
|-heal|p1a: Sableye|100/100
|move|p2a: Moltres|Flamethrower|p1a: Sableye
|-damage|p1a: Sableye|61/100
|
|-heal|p1a: Sableye|67/100|[from] item: Leftovers
|upkeep
|turn|26
|
|t:|1779929256
|move|p2a: Moltres|Flamethrower|p1a: Sableye
|-damage|p1a: Sableye|25/100
|move|p1a: Sableye|Knock Off|p2a: Moltres
|-damage|p2a: Moltres|56/100
|-status|p1a: Sableye|brn|[from] ability: Flame Body|[of] p2a: Moltres
|
|-heal|p1a: Sableye|31/100 brn|[from] item: Leftovers
|-damage|p1a: Sableye|25/100 brn|[from] brn
|upkeep
|turn|27
|
|t:|1779929267
|move|p1a: Sableye|Recover|p1a: Sableye
|-heal|p1a: Sableye|75/100 brn
|move|p2a: Moltres|Flamethrower|p1a: Sableye
|-damage|p1a: Sableye|35/100 brn
|
|-heal|p1a: Sableye|41/100 brn|[from] item: Leftovers
|-damage|p1a: Sableye|35/100 brn|[from] brn
|upkeep
|turn|28
|
|t:|1779929281
|switch|p1a: Gliscor|Gliscor, F|38/100 tox
|move|p2a: Moltres|Tailwind|p2a: Moltres
|-sidestart|p2: vucxh|move: Tailwind
|
|-heal|p1a: Gliscor|51/100 tox|[from] ability: Poison Heal
|upkeep
|turn|29
|
|t:|1779929292
|move|p1a: Gliscor|Protect|p1a: Gliscor
|-singleturn|p1a: Gliscor|Protect
|move|p2a: Moltres|Flamethrower|p1a: Gliscor
|-activate|p1a: Gliscor|move: Protect
|
|-heal|p1a: Gliscor|63/100 tox|[from] ability: Poison Heal
|upkeep
|turn|30
|
|t:|1779929309
|-terastallize|p1a: Gliscor|Water
|move|p2a: Moltres|Flamethrower|p1a: Gliscor
|-resisted|p1a: Gliscor
|-damage|p1a: Gliscor|41/100 tox
|move|p1a: Gliscor|Swords Dance|p1a: Gliscor
|-boost|p1a: Gliscor|atk|2
|
|-heal|p1a: Gliscor|54/100 tox|[from] ability: Poison Heal
|upkeep
|turn|31
|
|t:|1779929322
|move|p1a: Gliscor|Protect|p1a: Gliscor
|-singleturn|p1a: Gliscor|Protect
|move|p2a: Moltres|Flamethrower|p1a: Gliscor
|-activate|p1a: Gliscor|move: Protect
|
|-heal|p1a: Gliscor|66/100 tox|[from] ability: Poison Heal
|-sideend|p2: vucxh|move: Tailwind
|upkeep
|turn|32
|
|t:|1779929331
|switch|p2a: Dragonite|Dragonite, F|15/100
|move|p1a: Gliscor|Facade|p2a: Dragonite
|-damage|p2a: Dragonite|0 fnt
|faint|p2a: Dragonite
|
|-heal|p1a: Gliscor|79/100 tox|[from] ability: Poison Heal
|upkeep
|
|t:|1779929339
|switch|p2a: Gengar|Gengar, F|100/100
|turn|33
|
|t:|1779929351
|move|p2a: Gengar|Sludge Bomb|p1a: Gliscor
|-damage|p1a: Gliscor|0 fnt
|faint|p1a: Gliscor
|
|upkeep
|
|t:|1779929358
|switch|p1a: Sableye|Sableye, F|35/100 brn
|turn|34
|
|t:|1779929367
|switch|p2a: Moltres|Moltres|56/100
|move|p1a: Sableye|Recover|p1a: Sableye
|-heal|p1a: Sableye|85/100 brn
|
|-heal|p1a: Sableye|91/100 brn|[from] item: Leftovers
|-damage|p1a: Sableye|85/100 brn|[from] brn
|upkeep
|turn|35
|
|t:|1779929377
|move|p2a: Moltres|Flamethrower|p1a: Sableye
|-damage|p1a: Sableye|48/100 brn
|move|p1a: Sableye|Knock Off|p2a: Moltres
|-damage|p2a: Moltres|47/100
|
|-heal|p1a: Sableye|54/100 brn|[from] item: Leftovers
|-damage|p1a: Sableye|48/100 brn|[from] brn
|upkeep
|turn|36
|
|t:|1779929387
|move|p1a: Sableye|Recover|p1a: Sableye
|-heal|p1a: Sableye|98/100 brn
|move|p2a: Moltres|Flamethrower|p1a: Sableye
|-damage|p1a: Sableye|57/100 brn
|
|-heal|p1a: Sableye|63/100 brn|[from] item: Leftovers
|-damage|p1a: Sableye|57/100 brn|[from] brn
|upkeep
|turn|37
|
|t:|1779929399
|switch|p1a: Dragapult|Dragapult, F|10/100
|move|p2a: Moltres|Roost|p2a: Moltres
|-heal|p2a: Moltres|97/100
|-singleturn|p2a: Moltres|move: Roost
|
|upkeep
|turn|38
|
|t:|1779929417
|move|p1a: Dragapult|Draco Meteor|p2a: Moltres
|-damage|p2a: Moltres|38/100
|-unboost|p1a: Dragapult|spa|2
|move|p2a: Moltres|Tailwind|p2a: Moltres
|-sidestart|p2: vucxh|move: Tailwind
|
|upkeep
|turn|39
|
|t:|1779929437
|switch|p1a: Serperior|Serperior, F|50/100
|move|p2a: Moltres|Flamethrower|p1a: Serperior
|-supereffective|p1a: Serperior
|-crit|p1a: Serperior
|-damage|p1a: Serperior|0 fnt
|faint|p1a: Serperior
|
|upkeep
|
|t:|1779929446
|switch|p1a: Dragapult|Dragapult, F|10/100
|turn|40
|
|t:|1779929450
|move|p2a: Moltres|Flamethrower|p1a: Dragapult
|-resisted|p1a: Dragapult
|-damage|p1a: Dragapult|0 fnt
|faint|p1a: Dragapult
|
|upkeep
|
|t:|1779929456
|switch|p1a: Sableye|Sableye, F|57/100 brn
|turn|41
|
|t:|1779929472
|move|p1a: Sableye|Recover|p1a: Sableye
|-heal|p1a: Sableye|100/100 brn
|move|p2a: Moltres|Flamethrower|p1a: Sableye
|-damage|p1a: Sableye|60/100 brn
|
|-heal|p1a: Sableye|66/100 brn|[from] item: Leftovers
|-damage|p1a: Sableye|60/100 brn|[from] brn
|-sideend|p2: vucxh|move: Tailwind
|upkeep
|turn|42
|
|t:|1779929484
|move|p2a: Moltres|Flamethrower|p1a: Sableye
|-damage|p1a: Sableye|21/100 brn
|move|p1a: Sableye|Knock Off|p2a: Moltres
|-damage|p2a: Moltres|29/100
|
|-heal|p1a: Sableye|27/100 brn|[from] item: Leftovers
|-damage|p1a: Sableye|21/100 brn|[from] brn
|upkeep
|turn|43
|
|t:|1779929496
|move|p2a: Moltres|Flamethrower|p1a: Sableye
|-damage|p1a: Sableye|0 fnt
|faint|p1a: Sableye
|
|win|vucxh
|raw|helpless_01's rating: 1199 &rarr; <strong>1173</strong><br />(-26 for losing)
|raw|vucxh's rating: 1188 &rarr; <strong>1214</strong><br />(+26 for winning)
|l|☆helpless_01
|player|p1|
