|j|☆firered27
|j|‽Eldeon Test
|t:|1779801840
|gametype|singles
|player|p1|firered27|170|1315
|player|p2|Eldeon Test|1|1247
|gen|9
|tier|[Gen 9] OU
|rated|
|rule|HP Percentage Mod: HP is shown in percentages
|rule|Endless Battle Clause: Forcing endless battles is banned
|rule|Species Clause: Limit one of each Pokémon
|rule|OHKO Clause: OHKO moves are banned
|rule|Evasion Items Clause: Evasion items are banned
|rule|Evasion Moves Clause: Evasion moves are banned
|rule|Evasion Abilities Clause: Evasion abilities are banned
|rule|Sleep Moves Clause: Sleep-inducing moves are banned
|clearpoke
|poke|p1|Vivillon-Pokeball, F|
|poke|p1|Ogerpon-Wellspring, F|
|poke|p1|Ninetales-Alola, M|
|poke|p1|Dragonite, M|
|poke|p1|Great Tusk|
|poke|p1|Hatterene, F|
|poke|p2|Iron Moth|
|poke|p2|Gliscor, F|
|poke|p2|Hatterene, F|
|poke|p2|Ogerpon-Wellspring, F|
|poke|p2|Raging Bolt|
|poke|p2|Zamazenta-*|
|teampreview
|inactive|Battle timer is ON: inactive players will automatically lose when time's up. (requested by firered27)
|
|t:|1779801860
|teamsize|p1|6
|teamsize|p2|6
|start
|switch|p1a: Ninetales|Ninetales-Alola, M|100/100
|switch|p2a: Zamazenta|Zamazenta|100/100
|-ability|p2a: Zamazenta|Dauntless Shield|boost
|-boost|p2a: Zamazenta|def|1
|-weather|Snowscape|[from] ability: Snow Warning|[of] p1a: Ninetales
|turn|1
|
|t:|1779801872
|move|p2a: Zamazenta|Light Screen|p2a: Zamazenta
|-sidestart|p2: Eldeon Test|move: Light Screen
|move|p1a: Ninetales|Aurora Veil|p1a: Ninetales
|-sidestart|p1: firered27|move: Aurora Veil
|
|-weather|Snowscape|[upkeep]
|upkeep
|turn|2
|inactive|Eldeon Test has 120 seconds left.
|
|t:|1779801915
|switch|p1a: Hatterene|Hatterene, F|100/100
|move|p2a: Zamazenta|Reflect|p2a: Zamazenta
|-sidestart|p2: Eldeon Test|Reflect
|
|-weather|Snowscape|[upkeep]
|upkeep
|turn|3
|
|t:|1779801921
|switch|p2a: Iron Moth|Iron Moth|100/100
|-enditem|p2a: Iron Moth|Booster Energy
|-activate|p2a: Iron Moth|ability: Quark Drive|[fromitem]
|-start|p2a: Iron Moth|quarkdrivespe
|move|p1a: Hatterene|Nuzzle|p2a: Iron Moth
|-damage|p2a: Iron Moth|98/100
|-status|p2a: Iron Moth|par
|
|-weather|Snowscape|[upkeep]
|upkeep
|turn|4
|
|t:|1779801938
|switch|p1a: Great Tusk|Great Tusk|100/100
|-enditem|p1a: Great Tusk|Booster Energy
|-activate|p1a: Great Tusk|ability: Protosynthesis|[fromitem]
|-start|p1a: Great Tusk|protosynthesisspe
|move|p2a: Iron Moth|Fiery Dance|p1a: Great Tusk
|-damage|p1a: Great Tusk|73/100
|-boost|p2a: Iron Moth|spa|1
|
|-weather|Snowscape|[upkeep]
|upkeep
|turn|5
|
|t:|1779801951
|move|p1a: Great Tusk|Headlong Rush|p2a: Iron Moth
|-supereffective|p2a: Iron Moth
|-damage|p2a: Iron Moth|0 fnt
|-unboost|p1a: Great Tusk|def|1
|-unboost|p1a: Great Tusk|spd|1
|faint|p2a: Iron Moth
|-end|p2a: Iron Moth|Quark Drive|[silent]
|
|-weather|none
|upkeep
|
|t:|1779801960
|switch|p2a: Gliscor|Gliscor, F|100/100
|turn|6
|
|t:|1779801973
|-terastallize|p2a: Gliscor|Normal
|move|p1a: Great Tusk|Stealth Rock|p2a: Gliscor
|-sidestart|p2: Eldeon Test|move: Stealth Rock
|move|p2a: Gliscor|Agility|p2a: Gliscor
|-boost|p2a: Gliscor|spe|2
|
|-status|p2a: Gliscor|tox|[from] item: Toxic Orb
|upkeep
|turn|7
|
|t:|1779801990
|-end|p1a: Great Tusk|Protosynthesis|[silent]
|switch|p1a: Dragonite|Dragonite, M|100/100
|move|p2a: Gliscor|Swords Dance|p2a: Gliscor
|-boost|p2a: Gliscor|atk|2
|
|upkeep
|turn|8
|
|t:|1779801998
|move|p2a: Gliscor|Facade|p1a: Dragonite
|-damage|p1a: Dragonite|63/100
|move|p1a: Dragonite|Dragon Dance|p1a: Dragonite
|-boost|p1a: Dragonite|atk|1
|-boost|p1a: Dragonite|spe|1
|
|-sideend|p2: Eldeon Test|move: Light Screen
|-sideend|p1: firered27|move: Aurora Veil
|upkeep
|turn|9
|
|t:|1779802010
|move|p1a: Dragonite|Extreme Speed|p2a: Gliscor
|-damage|p2a: Gliscor|80/100 tox
|move|p2a: Gliscor|Facade|p1a: Dragonite
|-damage|p1a: Dragonite|0 fnt
|faint|p1a: Dragonite
|
|-heal|p2a: Gliscor|92/100 tox|[from] ability: Poison Heal
|-sideend|p2: Eldeon Test|Reflect
|upkeep
|
|t:|1779802024
|switch|p1a: Ninetales|Ninetales-Alola, M|100/100
|-weather|Snowscape|[from] ability: Snow Warning|[of] p1a: Ninetales
|turn|10
|
|t:|1779802046
|-terastallize|p1a: Ninetales|Ghost
|move|p2a: Gliscor|Facade|p1a: Ninetales
|-immune|p1a: Ninetales
|move|p1a: Ninetales|Encore|p2a: Gliscor
|-start|p2a: Gliscor|Encore
|
|-weather|Snowscape|[upkeep]
|-heal|p2a: Gliscor|100/100 tox|[from] ability: Poison Heal
|upkeep
|turn|11
|
|t:|1779802054
|move|p2a: Gliscor|Facade|p1a: Ninetales
|-immune|p1a: Ninetales
|move|p1a: Ninetales|Freeze-Dry|p2a: Gliscor
|-damage|p2a: Gliscor|72/100 tox
|
|-weather|Snowscape|[upkeep]
|-heal|p2a: Gliscor|84/100 tox|[from] ability: Poison Heal
|upkeep
|turn|12
|
|t:|1779802059
|move|p2a: Gliscor|Facade|p1a: Ninetales
|-immune|p1a: Ninetales
|move|p1a: Ninetales|Aurora Veil|p1a: Ninetales
|-sidestart|p1: firered27|move: Aurora Veil
|
|-weather|Snowscape|[upkeep]
|-heal|p2a: Gliscor|96/100 tox|[from] ability: Poison Heal
|upkeep
|turn|13
|
|t:|1779802067
|move|p2a: Gliscor|Facade|p1a: Ninetales
|-immune|p1a: Ninetales
|move|p1a: Ninetales|Snowscape||[still]
|-fail|p1a: Ninetales
|
|-weather|Snowscape|[upkeep]
|-heal|p2a: Gliscor|100/100 tox|[from] ability: Poison Heal
|-end|p2a: Gliscor|Encore
|upkeep
|turn|14
|
|t:|1779802082
|move|p2a: Gliscor|Earthquake|p1a: Ninetales
|-damage|p1a: Ninetales|46/100
|move|p1a: Ninetales|Encore|p2a: Gliscor
|-start|p2a: Gliscor|Encore
|
|-weather|none
|upkeep
|turn|15
|
|t:|1779802088
|switch|p1a: Vivillon|Vivillon-Pokeball, F|100/100
|move|p2a: Gliscor|Earthquake|p1a: Vivillon
|-immune|p1a: Vivillon
|
|upkeep
|turn|16
|
|t:|1779802098
|move|p2a: Gliscor|Earthquake|p1a: Vivillon
|-immune|p1a: Vivillon
|move|p1a: Vivillon|Quiver Dance|p1a: Vivillon
|-boost|p1a: Vivillon|spa|1
|-boost|p1a: Vivillon|spd|1
|-boost|p1a: Vivillon|spe|1
|
|upkeep
|turn|17
|
|t:|1779802108
|move|p2a: Gliscor|Earthquake|p1a: Vivillon
|-immune|p1a: Vivillon
|move|p1a: Vivillon|Quiver Dance|p1a: Vivillon
|-boost|p1a: Vivillon|spa|1
|-boost|p1a: Vivillon|spd|1
|-boost|p1a: Vivillon|spe|1
|
|-end|p2a: Gliscor|Encore
|upkeep
|turn|18
|
|t:|1779802114
|move|p1a: Vivillon|Hurricane|p2a: Gliscor
|-damage|p2a: Gliscor|0 fnt
|faint|p2a: Gliscor
|
|upkeep
|
|t:|1779802121
|switch|p2a: Hatterene|Hatterene, F|100/100
|-damage|p2a: Hatterene|88/100|[from] Stealth Rock
|turn|19
|
|t:|1779802127
|move|p1a: Vivillon|Hurricane|p2a: Hatterene
|-damage|p2a: Hatterene|0 fnt
|faint|p2a: Hatterene
|
|-sideend|p1: firered27|move: Aurora Veil
|upkeep
|-message|Eldeon Test forfeited.
|
|win|firered27
|raw|firered27's rating: 1315 &rarr; <strong>1331</strong><br />(+16 for winning)
|raw|Eldeon Test's rating: 1247 &rarr; <strong>1227</strong><br />(-20 for losing)
|l|‽Eldeon Test
|player|p2|
|l|☆firered27
|player|p1|
