|j|‽Elekid95
|j|☆Nooderu
|t:|1779855246
|gametype|singles
|player|p1|Elekid95|265|1351
|player|p2|Nooderu|guitarist|1295
|gen|9
|tier|[Gen 9] OU
|rated|
|rule|HP Percentage Mod: HP is shown in percentages
|rule|Endless Battle Clause: Forcing endless battles is banned
|rule|Species Clause: Limit one of each Pokémon
|rule|OHKO Clause: OHKO moves are banned
|rule|Evasion Items Clause: Evasion items are banned
|rule|Evasion Moves Clause: Evasion moves are banned
|rule|Evasion Abilities Clause: Evasion abilities are banned
|rule|Sleep Moves Clause: Sleep-inducing moves are banned
|clearpoke
|poke|p1|Darkrai|
|poke|p1|Garchomp, M|
|poke|p1|Great Tusk|
|poke|p1|Moltres|
|poke|p1|Ogerpon-Wellspring, F|
|poke|p1|Pecharunt|
|poke|p2|Great Tusk|
|poke|p2|Walking Wake|
|poke|p2|Lilligant-Hisui, F|
|poke|p2|Grimmsnarl, M|
|poke|p2|Ninetales, F|
|poke|p2|Venusaur, F|
|teampreview
|inactive|Battle timer is ON: inactive players will automatically lose when time's up. (requested by Elekid95)
|
|t:|1779855275
|teamsize|p1|6
|teamsize|p2|6
|start
|switch|p1a: Garchomp|Garchomp, M, shiny|100/100
|switch|p2a: Grimmsnarl|Grimmsnarl, M|100/100
|turn|1
|
|t:|1779855295
|move|p2a: Grimmsnarl|Reflect|p2a: Grimmsnarl
|-sidestart|p2: Nooderu|Reflect
|move|p1a: Garchomp|Stealth Rock|p2a: Grimmsnarl
|-sidestart|p2: Nooderu|move: Stealth Rock
|
|upkeep
|turn|2
|
|t:|1779855304
|move|p2a: Grimmsnarl|Light Screen|p2a: Grimmsnarl
|-sidestart|p2: Nooderu|move: Light Screen
|move|p1a: Garchomp|Spikes|p2a: Grimmsnarl
|-sidestart|p2: Nooderu|Spikes
|
|upkeep
|turn|3
|
|t:|1779855311
|move|p2a: Grimmsnarl|Parting Shot|p1a: Garchomp
|-unboost|p1a: Garchomp|atk|1
|-unboost|p1a: Garchomp|spa|1
|
|t:|1779855315
|switch|p2a: Great Tusk|Great Tusk|100/100|[from] Parting Shot
|-damage|p2a: Great Tusk|98/100|[from] Stealth Rock
|-damage|p2a: Great Tusk|85/100|[from] Spikes
|move|p1a: Garchomp|Spikes|p2a: Great Tusk
|-sidestart|p2: Nooderu|Spikes
|
|upkeep
|turn|4
|
|t:|1779855325
|switch|p1a: Pecharunt|Pecharunt|100/100
|move|p2a: Great Tusk|Rapid Spin|p1a: Pecharunt
|-immune|p1a: Pecharunt
|
|upkeep
|turn|5
|
|t:|1779855336
|move|p1a: Pecharunt|Malignant Chain|p2a: Great Tusk
|-resisted|p2a: Great Tusk
|-damage|p2a: Great Tusk|79/100
|-status|p2a: Great Tusk|tox
|-start|p2a: Great Tusk|confusion|[from] ability: Poison Puppeteer|[of] p1a: Pecharunt
|-activate|p2a: Great Tusk|confusion
|move|p2a: Great Tusk|Earthquake|p1a: Pecharunt
|-supereffective|p1a: Pecharunt
|-damage|p1a: Pecharunt|47/100
|
|-damage|p2a: Great Tusk|73/100 tox|[from] psn
|upkeep
|turn|6
|
|t:|1779855352
|move|p1a: Pecharunt|Recover|p1a: Pecharunt
|-heal|p1a: Pecharunt|97/100
|-activate|p2a: Great Tusk|confusion
|move|p2a: Great Tusk|Earthquake|p1a: Pecharunt
|-supereffective|p1a: Pecharunt
|-damage|p1a: Pecharunt|43/100
|
|-damage|p2a: Great Tusk|60/100 tox|[from] psn
|upkeep
|turn|7
|
|t:|1779855369
|-end|p2a: Great Tusk|Protosynthesis|[silent]
|switch|p2a: Ninetales|Ninetales, F|100/100
|-damage|p2a: Ninetales|76/100|[from] Stealth Rock
|-damage|p2a: Ninetales|59/100|[from] Spikes
|-weather|SunnyDay|[from] ability: Drought|[of] p2a: Ninetales
|move|p1a: Pecharunt|Recover|p1a: Pecharunt
|-heal|p1a: Pecharunt|93/100
|
|-weather|SunnyDay|[upkeep]
|upkeep
|turn|8
|
|t:|1779855384
|move|p2a: Ninetales|Dark Pulse|p1a: Pecharunt
|-supereffective|p1a: Pecharunt
|-damage|p1a: Pecharunt|50/100
|move|p1a: Pecharunt|Malignant Chain|p2a: Ninetales
|-damage|p2a: Ninetales|43/100
|-status|p2a: Ninetales|tox
|-start|p2a: Ninetales|confusion|[from] ability: Poison Puppeteer|[of] p1a: Pecharunt
|
|-weather|SunnyDay|[upkeep]
|-damage|p2a: Ninetales|37/100 tox|[from] psn
|-sideend|p2: Nooderu|Reflect
|upkeep
|turn|9
|inactive|Nooderu has 120 seconds left.
|
|t:|1779855405
|switch|p2a: Venusaur|Venusaur, F|100/100
|-damage|p2a: Venusaur|88/100|[from] Stealth Rock
|-damage|p2a: Venusaur|72/100|[from] Spikes
|move|p1a: Pecharunt|Recover|p1a: Pecharunt
|-heal|p1a: Pecharunt|100/100
|
|-weather|SunnyDay|[upkeep]
|-sideend|p2: Nooderu|move: Light Screen
|upkeep
|turn|10
|inactive|Nooderu has 120 seconds left.
|
|t:|1779855417
|move|p2a: Venusaur|Earth Power|p1a: Pecharunt
|-supereffective|p1a: Pecharunt
|-damage|p1a: Pecharunt|24/100
|-damage|p2a: Venusaur|62/100|[from] item: Life Orb
|move|p1a: Pecharunt|Parting Shot|p2a: Venusaur
|-unboost|p2a: Venusaur|atk|1
|-unboost|p2a: Venusaur|spa|1
|
|t:|1779855424
|switch|p1a: Moltres|Moltres, shiny|100/100|[from] Parting Shot
|
|-weather|SunnyDay|[upkeep]
|upkeep
|turn|11
|
|t:|1779855435
|move|p2a: Venusaur|Sludge Bomb|p1a: Moltres
|-damage|p1a: Moltres|72/100
|-damage|p2a: Venusaur|52/100|[from] item: Life Orb
|move|p1a: Moltres|Flamethrower|p2a: Venusaur
|-supereffective|p2a: Venusaur
|-damage|p2a: Venusaur|0 fnt
|faint|p2a: Venusaur
|
|-weather|SunnyDay|[upkeep]
|upkeep
|inactive|Nooderu has 120 seconds left.
|
|t:|1779855454
|switch|p2a: Grimmsnarl|Grimmsnarl, M|100/100
|-damage|p2a: Grimmsnarl|88/100|[from] Stealth Rock
|-damage|p2a: Grimmsnarl|72/100|[from] Spikes
|turn|12
|inactive|Nooderu has 120 seconds left.
|
|t:|1779855463
|move|p2a: Grimmsnarl|Light Screen|p2a: Grimmsnarl
|-sidestart|p2: Nooderu|move: Light Screen
|move|p1a: Moltres|Flamethrower|p2a: Grimmsnarl
|-damage|p2a: Grimmsnarl|42/100
|
|-weather|SunnyDay|[upkeep]
|upkeep
|turn|13
|inactive|Nooderu has 120 seconds left.
|
|t:|1779855475
|move|p2a: Grimmsnarl|Reflect|p2a: Grimmsnarl
|-sidestart|p2: Nooderu|Reflect
|move|p1a: Moltres|Flamethrower|p2a: Grimmsnarl
|-damage|p2a: Grimmsnarl|12/100
|
|-weather|SunnyDay|[upkeep]
|upkeep
|turn|14
|
|t:|1779855483
|move|p2a: Grimmsnarl|Parting Shot|p1a: Moltres
|-unboost|p1a: Moltres|atk|1
|-unboost|p1a: Moltres|spa|1
|
|t:|1779855488
|switch|p2a: Great Tusk|Great Tusk|60/100 tox|[from] Parting Shot
|-damage|p2a: Great Tusk|57/100 tox|[from] Stealth Rock
|-damage|p2a: Great Tusk|41/100 tox|[from] Spikes
|-activate|p2a: Great Tusk|ability: Protosynthesis
|-start|p2a: Great Tusk|protosynthesisatk
|move|p1a: Moltres|Roar|p2a: Great Tusk
|-end|p2a: Great Tusk|Protosynthesis|[silent]
|drag|p2a: Lilligant|Lilligant-Hisui, F|100/100
|-damage|p2a: Lilligant|94/100|[from] Stealth Rock
|-damage|p2a: Lilligant|78/100|[from] Spikes
|
|-weather|none
|upkeep
|turn|15
|inactive|Nooderu has 120 seconds left.
|
|t:|1779855509
|-terastallize|p2a: Lilligant|Poison
|move|p2a: Lilligant|Poison Jab|p1a: Moltres
|-crit|p1a: Moltres
|-damage|p1a: Moltres|3/100
|-status|p2a: Lilligant|brn|[from] ability: Flame Body|[of] p1a: Moltres
|-damage|p2a: Lilligant|68/100 brn|[from] item: Life Orb
|move|p1a: Moltres|U-turn|p2a: Lilligant
|-resisted|p2a: Lilligant
|-damage|p2a: Lilligant|64/100 brn
|-message|Nooderu forfeited.
|
|win|Elekid95
|raw|Elekid95's rating: 1351 &rarr; <strong>1368</strong><br />(+17 for winning)
|raw|Nooderu's rating: 1295 &rarr; <strong>1274</strong><br />(-21 for losing)
|l|☆Nooderu
|player|p2|
|l|‽Elekid95
|player|p1|
