|j|☆201187abc
|j|☆Pikamon333
|t:|1779940284
|gametype|singles
|player|p1|201187abc|1|1597
|player|p2|Pikamon333|102|1735
|gen|9
|tier|[Gen 9] OU
|rated|
|rule|HP Percentage Mod: HP is shown in percentages
|rule|Endless Battle Clause: Forcing endless battles is banned
|rule|Species Clause: Limit one of each Pokémon
|rule|OHKO Clause: OHKO moves are banned
|rule|Evasion Items Clause: Evasion items are banned
|rule|Evasion Moves Clause: Evasion moves are banned
|rule|Evasion Abilities Clause: Evasion abilities are banned
|rule|Sleep Moves Clause: Sleep-inducing moves are banned
|clearpoke
|poke|p1|Alomomola, F|
|poke|p1|Dragapult, M|
|poke|p1|Lokix, M|
|poke|p1|Great Tusk|
|poke|p1|Enamorus, F|
|poke|p1|Iron Crown|
|poke|p2|Zapdos|
|poke|p2|Zamazenta-*|
|poke|p2|Iron Moth|
|poke|p2|Kyurem|
|poke|p2|Dragonite, F|
|poke|p2|Great Tusk|
|teampreview
|
|t:|1779940308
|teamsize|p1|6
|teamsize|p2|6
|start
|switch|p1a: Dragapult|Dragapult, M|100/100
|switch|p2a: Kyurem|Kyurem|100/100
|-ability|p2a: Kyurem|Pressure
|turn|1
|
|t:|1779940317
|move|p1a: Dragapult|Dragon Darts|p2a: Kyurem
|-supereffective|p2a: Kyurem
|-damage|p2a: Kyurem|34/100
|-anim|p1a: Dragapult|Dragon Darts|p2a: Kyurem
|-supereffective|p2a: Kyurem
|-damage|p2a: Kyurem|0 fnt
|faint|p2a: Kyurem
|
|upkeep
|
|t:|1779940324
|switch|p2a: Great Tusk|Great Tusk|100/100
|-enditem|p2a: Great Tusk|Booster Energy
|-activate|p2a: Great Tusk|ability: Protosynthesis|[fromitem]
|-start|p2a: Great Tusk|protosynthesisatk
|turn|2
|
|t:|1779940366
|switch|p1a: Alomomola|Alomomola, F|100/100
|move|p2a: Great Tusk|Stealth Rock|p1a: Alomomola
|-sidestart|p1: 201187abc|move: Stealth Rock
|
|upkeep
|turn|3
|
|t:|1779940370
|-end|p2a: Great Tusk|Protosynthesis|[silent]
|switch|p2a: Zapdos|Zapdos|100/100
|move|p1a: Alomomola|Flip Turn|p2a: Zapdos
|-damage|p2a: Zapdos|83/100
|
|t:|1779940409
|switch|p1a: Dragapult|Dragapult, M|100/100|[from] Flip Turn
|-damage|p1a: Dragapult|88/100|[from] Stealth Rock
|
|upkeep
|turn|4
|
|t:|1779940417
|move|p2a: Zapdos|Hurricane|p1a: Dragapult
|-damage|p1a: Dragapult|0 fnt
|faint|p1a: Dragapult
|
|upkeep
|
|t:|1779940468
|switch|p1a: Alomomola|Alomomola, F|100/100
|-damage|p1a: Alomomola|88/100|[from] Stealth Rock
|turn|5
|
|t:|1779940479
|switch|p2a: Great Tusk|Great Tusk|100/100
|move|p1a: Alomomola|Flip Turn|p2a: Great Tusk
|-supereffective|p2a: Great Tusk
|-damage|p2a: Great Tusk|76/100
|
|t:|1779940485
|switch|p1a: Great Tusk|Great Tusk|100/100|[from] Flip Turn
|
|upkeep
|turn|6
|
|t:|1779940493
|move|p2a: Great Tusk|Ice Spinner|p1a: Great Tusk
|-supereffective|p1a: Great Tusk
|-damage|p1a: Great Tusk|63/100
|move|p1a: Great Tusk|Rapid Spin|p2a: Great Tusk
|-crit|p2a: Great Tusk
|-damage|p2a: Great Tusk|59/100
|-boost|p1a: Great Tusk|spe|1
|-sideend|p1: 201187abc|Stealth Rock|[from] move: Rapid Spin|[of] p1a: Great Tusk
|
|upkeep
|turn|7
|
|t:|1779940497
|move|p1a: Great Tusk|Stealth Rock|p2a: Great Tusk
|-sidestart|p2: Pikamon333|move: Stealth Rock
|move|p2a: Great Tusk|Ice Spinner|p1a: Great Tusk
|-supereffective|p1a: Great Tusk
|-damage|p1a: Great Tusk|27/100
|
|upkeep
|turn|8
|
|t:|1779940514
|move|p1a: Great Tusk|Headlong Rush|p2a: Great Tusk
|-damage|p2a: Great Tusk|20/100
|-unboost|p1a: Great Tusk|def|1
|-unboost|p1a: Great Tusk|spd|1
|move|p2a: Great Tusk|Rapid Spin|p1a: Great Tusk
|-damage|p1a: Great Tusk|10/100
|-boost|p2a: Great Tusk|spe|1
|-sideend|p2: Pikamon333|Stealth Rock|[from] move: Rapid Spin|[of] p2a: Great Tusk
|
|upkeep
|turn|9
|
|t:|1779940521
|move|p1a: Great Tusk|Ice Spinner|p2a: Great Tusk
|-supereffective|p2a: Great Tusk
|-damage|p2a: Great Tusk|0 fnt
|faint|p2a: Great Tusk
|-end|p2a: Great Tusk|Protosynthesis|[silent]
|
|upkeep
|
|t:|1779940528
|switch|p2a: Iron Moth|Iron Moth|100/100
|-enditem|p2a: Iron Moth|Booster Energy
|-activate|p2a: Iron Moth|ability: Quark Drive|[fromitem]
|-start|p2a: Iron Moth|quarkdrivespe
|turn|10
|
|t:|1779940532
|-end|p1a: Great Tusk|Protosynthesis|[silent]
|switch|p1a: Alomomola|Alomomola, F|100/100
|move|p2a: Iron Moth|Fiery Dance|p1a: Alomomola
|-resisted|p1a: Alomomola
|-damage|p1a: Alomomola|90/100
|-boost|p2a: Iron Moth|spa|1
|
|upkeep
|turn|11
|
|t:|1779940538
|-terastallize|p2a: Iron Moth|Fairy
|move|p2a: Iron Moth|Sludge Wave|p1a: Alomomola
|-damage|p1a: Alomomola|55/100
|move|p1a: Alomomola|Flip Turn|p2a: Iron Moth
|-damage|p2a: Iron Moth|75/100
|
|t:|1779940548
|switch|p1a: Lokix|Lokix, M|100/100|[from] Flip Turn
|
|upkeep
|turn|12
|
|t:|1779940551
|move|p1a: Lokix|First Impression|p2a: Iron Moth
|-resisted|p2a: Iron Moth
|-damage|p2a: Iron Moth|0 fnt
|faint|p2a: Iron Moth
|-end|p2a: Iron Moth|Quark Drive|[silent]
|
|upkeep
|
|t:|1779940560
|switch|p2a: Zapdos|Zapdos|83/100
|turn|13
|
|t:|1779940564
|switch|p1a: Alomomola|Alomomola, F|89/100
|move|p2a: Zapdos|Hurricane|p1a: Alomomola|[miss]
|-miss|p2a: Zapdos|p1a: Alomomola
|
|upkeep
|turn|14
|
|t:|1779940569
|move|p2a: Zapdos|Hurricane|p1a: Alomomola
|-damage|p1a: Alomomola|59/100
|move|p1a: Alomomola|Flip Turn|p2a: Zapdos
|-damage|p2a: Zapdos|65/100
|
|t:|1779940578
|switch|p1a: Iron Crown|Iron Crown|100/100|[from] Flip Turn
|
|upkeep
|turn|15
|
|t:|1779940585
|switch|p2a: Dragonite|Dragonite, F|100/100
|move|p1a: Iron Crown|Psyshock|p2a: Dragonite
|-damage|p2a: Dragonite|66/100
|
|upkeep
|turn|16
|
|t:|1779940592
|move|p1a: Iron Crown|Psyshock|p2a: Dragonite
|-damage|p2a: Dragonite|1/100
|move|p2a: Dragonite|Earthquake|p1a: Iron Crown
|-supereffective|p1a: Iron Crown
|-damage|p1a: Iron Crown|24/100
|
|upkeep
|turn|17
|
|t:|1779940597
|move|p2a: Dragonite|Extreme Speed|p1a: Iron Crown
|-resisted|p1a: Iron Crown
|-damage|p1a: Iron Crown|8/100
|move|p1a: Iron Crown|Psyshock|p2a: Dragonite
|-damage|p2a: Dragonite|0 fnt
|faint|p2a: Dragonite
|
|upkeep
|
|t:|1779940601
|switch|p2a: Zamazenta|Zamazenta|100/100
|-ability|p2a: Zamazenta|Dauntless Shield|boost
|-boost|p2a: Zamazenta|def|1
|turn|18
|
|t:|1779940607
|move|p2a: Zamazenta|Heavy Slam|p1a: Iron Crown
|-resisted|p1a: Iron Crown
|-crit|p1a: Iron Crown
|-damage|p1a: Iron Crown|0 fnt
|faint|p1a: Iron Crown
|-end|p1a: Iron Crown|Quark Drive|[silent]
|
|upkeep
|c|☆201187abc|wow
|
|t:|1779940630
|switch|p1a: Alomomola|Alomomola, F|92/100
|turn|19
|
|t:|1779940637
|move|p2a: Zamazenta|Iron Defense|p2a: Zamazenta
|-boost|p2a: Zamazenta|def|2
|move|p1a: Alomomola|Flip Turn|p2a: Zamazenta
|-damage|p2a: Zamazenta|96/100
|
|t:|1779940654
|switch|p1a: Lokix|Lokix, M|100/100|[from] Flip Turn
|
|-heal|p2a: Zamazenta|100/100|[from] item: Leftovers
|upkeep
|turn|20
|
|t:|1779940664
|move|p1a: Lokix|First Impression|p2a: Zamazenta
|-resisted|p2a: Zamazenta
|-damage|p2a: Zamazenta|82/100
|move|p2a: Zamazenta|Body Press|p1a: Lokix
|-damage|p1a: Lokix|0 fnt
|faint|p1a: Lokix
|
|-heal|p2a: Zamazenta|88/100|[from] item: Leftovers
|upkeep
|
|t:|1779940677
|switch|p1a: Enamorus|Enamorus, F|100/100
|turn|21
|
|t:|1779940684
|move|p1a: Enamorus|Moonblast|p2a: Zamazenta
|-supereffective|p2a: Zamazenta
|-damage|p2a: Zamazenta|0 fnt
|faint|p2a: Zamazenta
|
|upkeep
|
|t:|1779940686
|switch|p2a: Zapdos|Zapdos|65/100
|turn|22
|
|t:|1779940694
|move|p1a: Enamorus|Moonblast|p2a: Zapdos
|-damage|p2a: Zapdos|0 fnt
|faint|p2a: Zapdos
|
|win|201187abc
|raw|201187abc's rating: 1597 &rarr; <strong>1625</strong><br />(+28 for winning)
|raw|Pikamon333's rating: 1735 &rarr; <strong>1707</strong><br />(-28 for losing)
|l|☆Pikamon333
|player|p2|
