|badge|p2|bronze|gen9ou|100-9
|uhtml|medal-msg|<div class="broadcast-blue">Curious what those medals under the avatar are? PS now has Ladder Seasons! For more information, check out the <a href="https://www.smogon.com/forums/threads/3740067/">thread on Smogon.</a></div>
|j|‽ClRCUS MAXIMUS
|j|☆Superhjkdetective
|t:|1779901560
|gametype|singles
|player|p1|ClRCUS MAXIMUS|rood|1690
|player|p2|Superhjkdetective|1|1848
|gen|9
|tier|[Gen 9] OU
|rated|
|rule|HP Percentage Mod: HP is shown in percentages
|rule|Endless Battle Clause: Forcing endless battles is banned
|rule|Species Clause: Limit one of each Pokémon
|rule|OHKO Clause: OHKO moves are banned
|rule|Evasion Items Clause: Evasion items are banned
|rule|Evasion Moves Clause: Evasion moves are banned
|rule|Evasion Abilities Clause: Evasion abilities are banned
|rule|Sleep Moves Clause: Sleep-inducing moves are banned
|clearpoke
|poke|p1|Enamorus, F|
|poke|p1|Gholdengo|
|poke|p1|Ogerpon-Wellspring, F|
|poke|p1|Great Tusk|
|poke|p1|Araquanid, M|
|poke|p1|Manaphy|
|poke|p2|Pecharunt|
|poke|p2|Samurott-Hisui, F|
|poke|p2|Hatterene, F|
|poke|p2|Great Tusk|
|poke|p2|Garganacl, M|
|poke|p2|Kyurem|
|teampreview
|inactive|Battle timer is ON: inactive players will automatically lose when time's up. (requested by Superhjkdetective)
|inactive|ClRCUS MAXIMUS has 120 seconds left.
|j| Lowladderubersnoob
|inactive|ClRCUS MAXIMUS has 90 seconds left.
|
|t:|1779901638
|teamsize|p1|6
|teamsize|p2|6
|start
|switch|p1a: Araquanid|Araquanid, M, shiny|100/100
|switch|p2a: Kyurem|Kyurem|100/100
|-ability|p2a: Kyurem|Pressure
|turn|1
|
|t:|1779901642
|switch|p2a: Hatterene|Hatterene, F|100/100
|move|p1a: Araquanid|Mirror Coat||[still]
|-fail|p1a: Araquanid
|
|upkeep
|turn|2
|
|t:|1779901646
|move|p1a: Araquanid|Surf|p2a: Hatterene
|-crit|p2a: Hatterene
|-damage|p2a: Hatterene|25/100
|move|p2a: Hatterene|Nuzzle|p1a: Araquanid
|-supereffective|p1a: Araquanid
|-damage|p1a: Araquanid|92/100
|-status|p1a: Araquanid|par
|
|upkeep
|turn|3
|
|t:|1779901656
|move|p2a: Hatterene|Pain Split|p1a: Araquanid
|-sethp|p1a: Araquanid|57/100 par|[from] move: Pain Split|[silent]
|-sethp|p2a: Hatterene|61/100|[from] move: Pain Split
|cant|p1a: Araquanid|par
|
|upkeep
|turn|4
|
|t:|1779901663
|move|p2a: Hatterene|Draining Kiss|p1a: Araquanid
|-damage|p1a: Araquanid|40/100 par
|-heal|p2a: Hatterene|75/100|[from] drain|[of] p1a: Araquanid
|move|p1a: Araquanid|Surf|p2a: Hatterene
|-damage|p2a: Hatterene|18/100
|
|upkeep
|turn|5
|
|t:|1779901677
|switch|p2a: Kyurem|Kyurem|100/100
|-ability|p2a: Kyurem|Pressure
|switch|p1a: Gholdengo|Gholdengo, shiny|100/100
|-item|p1a: Gholdengo|Air Balloon
|
|upkeep
|turn|6
|j| W80
|inactive|ClRCUS MAXIMUS has 120 seconds left.
|
|t:|1779901727
|switch|p2a: Samurott|Samurott-Hisui, F|100/100
|move|p1a: Gholdengo|Focus Blast|p2a: Samurott
|-supereffective|p2a: Samurott
|-damage|p2a: Samurott|0 fnt
|faint|p2a: Samurott
|
|upkeep
|
|t:|1779901743
|switch|p2a: Garganacl|Garganacl, M|100/100
|turn|7
|
|t:|1779901757
|switch|p1a: Araquanid|Araquanid, M, shiny|40/100 par
|-terastallize|p2a: Garganacl|Water
|move|p2a: Garganacl|Curse|p2a: Garganacl
|-unboost|p2a: Garganacl|spe|1
|-boost|p2a: Garganacl|atk|1
|-boost|p2a: Garganacl|def|1
|
|upkeep
|turn|8
|
|t:|1779901763
|move|p2a: Garganacl|Curse|p2a: Garganacl
|-unboost|p2a: Garganacl|spe|1
|-boost|p2a: Garganacl|atk|1
|-boost|p2a: Garganacl|def|1
|move|p1a: Araquanid|Sticky Web|p2a: Garganacl
|-sidestart|p2: Superhjkdetective|move: Sticky Web
|
|upkeep
|turn|9
|inactive|ClRCUS MAXIMUS has 120 seconds left.
|
|t:|1779901769
|move|p1a: Araquanid|Surf|p2a: Garganacl
|-resisted|p2a: Garganacl
|-damage|p2a: Garganacl|82/100
|move|p2a: Garganacl|Curse|p2a: Garganacl
|-unboost|p2a: Garganacl|spe|1
|-boost|p2a: Garganacl|atk|1
|-boost|p2a: Garganacl|def|1
|
|-heal|p2a: Garganacl|89/100|[from] item: Leftovers
|upkeep
|turn|10
|
|t:|1779901779
|cant|p1a: Araquanid|par
|move|p2a: Garganacl|Salt Cure|p1a: Araquanid
|-supereffective|p1a: Araquanid
|-damage|p1a: Araquanid|0 fnt
|faint|p1a: Araquanid
|
|-heal|p2a: Garganacl|95/100|[from] item: Leftovers
|upkeep
|j| AKGD
|
|t:|1779901789
|switch|p1a: Manaphy|Manaphy, shiny|100/100
|turn|11
|
|t:|1779901792
|move|p1a: Manaphy|Tail Glow|p1a: Manaphy
|-boost|p1a: Manaphy|spa|3
|move|p2a: Garganacl|Salt Cure|p1a: Manaphy
|-damage|p1a: Manaphy|66/100
|
|-heal|p2a: Garganacl|100/100|[from] item: Leftovers
|upkeep
|turn|12
|
|t:|1779901794
|move|p1a: Manaphy|Energy Ball|p2a: Garganacl
|-supereffective|p2a: Garganacl
|-damage|p2a: Garganacl|17/100
|move|p2a: Garganacl|Earthquake|p1a: Manaphy
|-damage|p1a: Manaphy|12/100
|
|-heal|p2a: Garganacl|23/100|[from] item: Leftovers
|upkeep
|turn|13
|
|t:|1779901802
|move|p1a: Manaphy|Energy Ball|p2a: Garganacl
|-supereffective|p2a: Garganacl
|-damage|p2a: Garganacl|0 fnt
|faint|p2a: Garganacl
|
|upkeep
|c| Lowladderubersnoob|How is manaphy not affected by salt cure
|c| Lowladderubersnoob|covert cloak?
|
|t:|1779901819
|switch|p2a: Kyurem|Kyurem|100/100
|-activate|p2a: Kyurem|move: Sticky Web
|-unboost|p2a: Kyurem|spe|1
|-ability|p2a: Kyurem|Pressure
|turn|14
|
|t:|1779901828
|move|p1a: Manaphy|Alluring Voice|p2a: Kyurem
|-supereffective|p2a: Kyurem
|-damage|p2a: Kyurem|0 fnt
|faint|p2a: Kyurem
|
|upkeep
|
|t:|1779901830
|switch|p2a: Great Tusk|Great Tusk|100/100
|-activate|p2a: Great Tusk|move: Sticky Web
|-unboost|p2a: Great Tusk|spe|1
|turn|15
|
|t:|1779901835
|move|p1a: Manaphy|Energy Ball|p2a: Great Tusk
|-supereffective|p2a: Great Tusk
|-damage|p2a: Great Tusk|0 fnt
|faint|p2a: Great Tusk
|-end|p2a: Great Tusk|Protosynthesis|[silent]
|
|upkeep
|-message|Superhjkdetective forfeited.
|
|win|ClRCUS MAXIMUS
|raw|ClRCUS MAXIMUS's rating: 1690 &rarr; <strong>1719</strong><br />(+29 for winning)
|raw|Superhjkdetective's rating: 1848 &rarr; <strong>1819</strong><br />(-29 for losing)
|l|☆Superhjkdetective
|player|p2|
|l|‽ClRCUS MAXIMUS
|player|p1|
|c| AKGD|Probably yeah
|l| AKGD
|l| W80
