|j|☆pondwaterone
|j|☆lazyhelios
|t:|1779815950
|gametype|singles
|player|p1|pondwaterone|170|1327
|player|p2|lazyhelios|dawn|1360
|gen|9
|tier|[Gen 9] OU
|rated|
|rule|HP Percentage Mod: HP is shown in percentages
|rule|Endless Battle Clause: Forcing endless battles is banned
|rule|Species Clause: Limit one of each Pokémon
|rule|OHKO Clause: OHKO moves are banned
|rule|Evasion Items Clause: Evasion items are banned
|rule|Evasion Moves Clause: Evasion moves are banned
|rule|Evasion Abilities Clause: Evasion abilities are banned
|rule|Sleep Moves Clause: Sleep-inducing moves are banned
|clearpoke
|poke|p1|Skarmory, M|
|poke|p1|Slowking-Galar, M|
|poke|p1|Cobalion|
|poke|p1|Gyarados, M|
|poke|p1|Tyranitar, M|
|poke|p1|Dragapult, M|
|poke|p2|Garganacl, F|
|poke|p2|Gholdengo|
|poke|p2|Ogerpon-Wellspring, F|
|poke|p2|Dragonite, M|
|poke|p2|Great Tusk|
|poke|p2|Hatterene, F|
|teampreview
|inactive|Battle timer is ON: inactive players will automatically lose when time's up. (requested by pondwaterone)
|
|t:|1779815975
|teamsize|p1|6
|teamsize|p2|6
|start
|switch|p1a: Watre Snek|Gyarados, M|100/100
|switch|p2a: Gamblengo|Gholdengo|100/100
|-ability|p1a: Watre Snek|Intimidate|boost
|-unboost|p2a: Gamblengo|atk|1
|turn|1
|
|t:|1779815987
|move|p2a: Gamblengo|Trick|p1a: Watre Snek
|-activate|p2a: Gamblengo|move: Trick|[of] p1a: Watre Snek
|-item|p1a: Watre Snek|Choice Scarf|[from] move: Trick
|-item|p2a: Gamblengo|Leftovers|[from] move: Trick
|move|p1a: Watre Snek|Waterfall|p2a: Gamblengo
|-damage|p2a: Gamblengo|54/100
|
|-heal|p2a: Gamblengo|60/100|[from] item: Leftovers
|upkeep
|turn|2
|
|t:|1779815995
|switch|p2a: Oger Bonk|Ogerpon-Wellspring, F|100/100
|move|p1a: Watre Snek|Waterfall|p2a: Oger Bonk
|-immune|p2a: Oger Bonk|[from] ability: Water Absorb
|
|upkeep
|turn|3
|
|t:|1779816007
|switch|p1a: Kobe Lion|Cobalion|100/100
|move|p2a: Oger Bonk|Ivy Cudgel|p1a: Kobe Lion|[anim] Ivy Cudgel Water
|-damage|p1a: Kobe Lion|61/100
|
|-heal|p1a: Kobe Lion|67/100|[from] item: Leftovers
|upkeep
|turn|4
|
|t:|1779816018
|move|p2a: Oger Bonk|Ivy Cudgel|p1a: Kobe Lion|[anim] Ivy Cudgel Water
|-damage|p1a: Kobe Lion|28/100
|move|p1a: Kobe Lion|Iron Defense|p1a: Kobe Lion
|-boost|p1a: Kobe Lion|def|2
|
|-heal|p1a: Kobe Lion|35/100|[from] item: Leftovers
|upkeep
|turn|5
|
|t:|1779816027
|-terastallize|p2a: Oger Bonk|Water
|detailschange|p2a: Oger Bonk|Ogerpon-Wellspring-Tera, F, tera:Water
|-ability|p2a: Oger Bonk|Embody Aspect (Wellspring)|boost
|-boost|p2a: Oger Bonk|spd|1
|move|p2a: Oger Bonk|Ivy Cudgel|p1a: Kobe Lion|[anim] Ivy Cudgel Water
|-crit|p1a: Kobe Lion
|-damage|p1a: Kobe Lion|0 fnt
|faint|p1a: Kobe Lion
|
|upkeep
|
|t:|1779816036
|switch|p1a: Byrd Metal|Skarmory, M|100/100
|turn|6
|
|t:|1779816043
|move|p2a: Oger Bonk|Ivy Cudgel|p1a: Byrd Metal|[anim] Ivy Cudgel Water
|-damage|p1a: Byrd Metal|53/100
|move|p1a: Byrd Metal|Iron Defense|p1a: Byrd Metal
|-boost|p1a: Byrd Metal|def|2
|
|-heal|p1a: Byrd Metal|59/100|[from] item: Leftovers
|upkeep
|turn|7
|
|t:|1779816053
|move|p2a: Oger Bonk|U-turn|p1a: Byrd Metal
|-resisted|p1a: Byrd Metal
|-damage|p1a: Byrd Metal|57/100
|
|t:|1779816059
|switch|p2a: Princess|Hatterene, F|100/100|[from] U-turn
|move|p1a: Byrd Metal|Body Press|p2a: Princess
|-resisted|p2a: Princess
|-damage|p2a: Princess|88/100
|
|-heal|p1a: Byrd Metal|63/100|[from] item: Leftovers
|-heal|p2a: Princess|94/100|[from] item: Leftovers
|upkeep
|turn|8
|
|t:|1779816070
|switch|p1a: Poison King|Slowking-Galar, M|100/100
|move|p2a: Princess|Mystical Fire|p1a: Poison King
|-damage|p1a: Poison King|87/100
|-unboost|p1a: Poison King|spa|1
|
|-heal|p2a: Princess|99/100|[from] item: Leftovers
|-heal|p1a: Poison King|93/100|[from] item: Leftovers
|upkeep
|turn|9
|
|t:|1779816079
|move|p2a: Princess|Psychic Noise|p1a: Poison King
|-damage|p1a: Poison King|74/100
|-start|p1a: Poison King|move: Heal Block
|move|p1a: Poison King|Calm Mind|p1a: Poison King
|-boost|p1a: Poison King|spa|1
|-boost|p1a: Poison King|spd|1
|
|-heal|p2a: Princess|100/100|[from] item: Leftovers
|upkeep
|turn|10
|
|t:|1779816096
|switch|p2a: Gamblengo|Gholdengo|60/100
|move|p1a: Poison King|Calm Mind|p1a: Poison King
|-boost|p1a: Poison King|spa|1
|-boost|p1a: Poison King|spd|1
|
|-heal|p2a: Gamblengo|66/100|[from] item: Leftovers
|-end|p1a: Poison King|move: Heal Block
|upkeep
|turn|11
|
|t:|1779816107
|move|p2a: Gamblengo|Shadow Ball|p1a: Poison King
|-supereffective|p1a: Poison King
|-damage|p1a: Poison King|48/100
|move|p1a: Poison King|Psychic Noise|p2a: Gamblengo
|-resisted|p2a: Gamblengo
|-damage|p2a: Gamblengo|43/100
|-start|p2a: Gamblengo|move: Heal Block
|
|-heal|p1a: Poison King|54/100|[from] item: Leftovers
|upkeep
|turn|12
|
|t:|1779816130
|switch|p2a: Great Fraud|Great Tusk|100/100
|move|p1a: Poison King|Ice Beam|p2a: Great Fraud
|-supereffective|p2a: Great Fraud
|-damage|p2a: Great Fraud|19/100
|
|-heal|p1a: Poison King|60/100|[from] item: Leftovers
|upkeep
|turn|13
|
|t:|1779816138
|move|p2a: Great Fraud|Headlong Rush|p1a: Poison King
|-supereffective|p1a: Poison King
|-damage|p1a: Poison King|0 fnt
|-unboost|p2a: Great Fraud|def|1
|-unboost|p2a: Great Fraud|spd|1
|faint|p1a: Poison King
|
|upkeep
|
|t:|1779816148
|switch|p1a: Watre Snek|Gyarados, M|100/100
|-ability|p1a: Watre Snek|Intimidate|boost
|-unboost|p2a: Great Fraud|atk|1
|turn|14
|
|t:|1779816156
|-end|p2a: Great Fraud|Protosynthesis|[silent]
|switch|p2a: Oger Bonk|Ogerpon-Wellspring-Tera, F, tera:Water|100/100
|-ability|p2a: Oger Bonk|Embody Aspect (Wellspring)|boost
|-boost|p2a: Oger Bonk|spd|1
|move|p1a: Watre Snek|Dragon Dance|p1a: Watre Snek
|-boost|p1a: Watre Snek|atk|1
|-boost|p1a: Watre Snek|spe|1
|
|upkeep
|turn|15
|
|t:|1779816171
|switch|p1a: Byrd Metal|Skarmory, M|63/100
|move|p2a: Oger Bonk|Ivy Cudgel|p1a: Byrd Metal|[anim] Ivy Cudgel Water
|-damage|p1a: Byrd Metal|16/100
|
|-heal|p1a: Byrd Metal|22/100|[from] item: Leftovers
|upkeep
|turn|16
|-message|pondwaterone forfeited.
|
|win|lazyhelios
|raw|pondwaterone's rating: 1327 &rarr; <strong>1309</strong><br />(-18 for losing)
|raw|lazyhelios's rating: 1360 &rarr; <strong>1378</strong><br />(+18 for winning)
|l|☆pondwaterone
|player|p1|
|l|☆lazyhelios
|player|p2|
