|j|☆MASTEROFALLCREATE
|j|☆Phongcross
|t:|1779960238
|gametype|singles
|player|p1|MASTEROFALLCREATE|pokefan-gen4|1142
|player|p2|Phongcross|cynthia-gen4|1091
|gen|9
|tier|[Gen 9] OU
|rated|
|rule|HP Percentage Mod: HP is shown in percentages
|rule|Endless Battle Clause: Forcing endless battles is banned
|rule|Species Clause: Limit one of each Pokémon
|rule|OHKO Clause: OHKO moves are banned
|rule|Evasion Items Clause: Evasion items are banned
|rule|Evasion Moves Clause: Evasion moves are banned
|rule|Evasion Abilities Clause: Evasion abilities are banned
|rule|Sleep Moves Clause: Sleep-inducing moves are banned
|clearpoke
|poke|p1|Ambipom, F|
|poke|p1|Comfey, F|
|poke|p1|Corviknight, F|
|poke|p1|Arboliva, M|
|poke|p1|Incineroar, F|
|poke|p1|Golurk|
|poke|p2|Blastoise, F|
|poke|p2|Serperior, M|
|poke|p2|Cinderace, M|
|poke|p2|Greninja-*, M|
|poke|p2|Darkrai|
|poke|p2|Conkeldurr, F|
|teampreview
|
|t:|1779960245
|teamsize|p1|6
|teamsize|p2|6
|start
|switch|p1a: Ambipom|Ambipom, F|100/100
|switch|p2a: Blastoise|Blastoise, F|100/100
|turn|1
|
|t:|1779960252
|move|p1a: Ambipom|Fake Out|p2a: Blastoise
|-damage|p2a: Blastoise|64/100
|-damage|p1a: Ambipom|91/100|[from] item: Life Orb
|cant|p2a: Blastoise|flinch
|
|upkeep
|turn|2
|
|t:|1779960258
|move|p1a: Ambipom|Knock Off|p2a: Blastoise
|-damage|p2a: Blastoise|23/100
|-enditem|p2a: Blastoise|Focus Sash|[from] move: Knock Off|[of] p1a: Ambipom
|-damage|p1a: Ambipom|81/100|[from] item: Life Orb
|move|p2a: Blastoise|Shell Smash|p2a: Blastoise
|-unboost|p2a: Blastoise|def|1
|-unboost|p2a: Blastoise|spd|1
|-boost|p2a: Blastoise|atk|2
|-boost|p2a: Blastoise|spa|2
|-boost|p2a: Blastoise|spe|2
|
|upkeep
|turn|3
|
|t:|1779960272
|move|p2a: Blastoise|Dragon Pulse|p1a: Ambipom
|-damage|p1a: Ambipom|0 fnt
|faint|p1a: Ambipom
|
|upkeep
|
|t:|1779960277
|switch|p1a: Comfey|Comfey, F|100/100
|turn|4
|
|t:|1779960285
|move|p2a: Blastoise|Surf|p1a: Comfey
|-damage|p1a: Comfey|0 fnt
|faint|p1a: Comfey
|
|upkeep
|
|t:|1779960295
|switch|p1a: Arboliva|Arboliva, M|100/100
|turn|5
|
|t:|1779960300
|move|p2a: Blastoise|Ice Beam|p1a: Arboliva
|-supereffective|p1a: Arboliva
|-damage|p1a: Arboliva|41/100
|-fieldstart|move: Grassy Terrain|[from] ability: Seed Sower|[of] p1a: Arboliva
|move|p1a: Arboliva|Giga Drain|p2a: Blastoise
|-supereffective|p2a: Blastoise
|-damage|p2a: Blastoise|0 fnt
|-heal|p1a: Arboliva|50/100|[from] drain|[of] p2a: Blastoise
|faint|p2a: Blastoise
|
|-heal|p1a: Arboliva|56/100|[from] Grassy Terrain
|upkeep
|
|t:|1779960311
|switch|p2a: Conkeldurr|Conkeldurr, F|100/100
|turn|6
|
|t:|1779960318
|switch|p1a: Golurk|Golurk|100/100
|move|p2a: Conkeldurr|Close Combat|p1a: Golurk
|-immune|p1a: Golurk
|
|-status|p2a: Conkeldurr|brn|[from] item: Flame Orb
|upkeep
|turn|7
|
|t:|1779960328
|move|p1a: Golurk|Dynamic Punch|p2a: Conkeldurr
|-damage|p2a: Conkeldurr|72/100 brn
|-start|p2a: Conkeldurr|confusion
|-activate|p2a: Conkeldurr|confusion
|move|p2a: Conkeldurr|Earthquake|p1a: Golurk
|-damage|p1a: Golurk|66/100
|
|-heal|p1a: Golurk|72/100|[from] Grassy Terrain
|-heal|p1a: Golurk|78/100|[from] item: Leftovers
|-heal|p2a: Conkeldurr|78/100 brn|[from] Grassy Terrain
|-damage|p2a: Conkeldurr|72/100 brn|[from] brn
|upkeep
|turn|8
|
|t:|1779960346
|switch|p2a: Darkrai|Darkrai|100/100
|move|p1a: Golurk|Stealth Rock|p2a: Darkrai
|-sidestart|p2: Phongcross|move: Stealth Rock
|
|-heal|p1a: Golurk|84/100|[from] Grassy Terrain
|-heal|p1a: Golurk|90/100|[from] item: Leftovers
|upkeep
|turn|9
|
|t:|1779960354
|move|p2a: Darkrai|Dark Pulse|p1a: Golurk
|-supereffective|p1a: Golurk
|-damage|p1a: Golurk|0 fnt
|faint|p1a: Golurk
|
|-fieldend|move: Grassy Terrain
|upkeep
|
|t:|1779960378
|switch|p1a: Corviknight|Corviknight, F|100/100
|turn|10
|
|t:|1779960388
|move|p2a: Darkrai|Shadow Ball|p1a: Corviknight
|-damage|p1a: Corviknight|70/100
|move|p1a: Corviknight|U-turn|p2a: Darkrai
|-supereffective|p2a: Darkrai
|-damage|p2a: Darkrai|59/100
|
|t:|1779960397
|switch|p1a: Arboliva|Arboliva, M|56/100|[from] U-turn
|
|-heal|p2a: Darkrai|65/100|[from] item: Leftovers
|upkeep
|turn|11
|
|t:|1779960404
|move|p2a: Darkrai|Ice Beam|p1a: Arboliva
|-supereffective|p1a: Arboliva
|-damage|p1a: Arboliva|15/100
|-fieldstart|move: Grassy Terrain|[from] ability: Seed Sower|[of] p1a: Arboliva
|move|p1a: Arboliva|Giga Drain|p2a: Darkrai
|-damage|p2a: Darkrai|0 fnt
|-heal|p1a: Arboliva|41/100|[from] drain|[of] p2a: Darkrai
|faint|p2a: Darkrai
|
|-heal|p1a: Arboliva|47/100|[from] Grassy Terrain
|upkeep
|
|t:|1779960421
|switch|p2a: Conkeldurr|Conkeldurr, F|72/100 brn
|-damage|p2a: Conkeldurr|65/100 brn|[from] Stealth Rock
|turn|12
|
|t:|1779960426
|switch|p1a: Incineroar|Incineroar, F|100/100
|-ability|p1a: Incineroar|Intimidate|boost
|-unboost|p2a: Conkeldurr|atk|1
|move|p2a: Conkeldurr|Close Combat|p1a: Incineroar
|-supereffective|p1a: Incineroar
|-damage|p1a: Incineroar|0 fnt
|-unboost|p2a: Conkeldurr|def|1
|-unboost|p2a: Conkeldurr|spd|1
|faint|p1a: Incineroar
|
|-heal|p2a: Conkeldurr|72/100 brn|[from] Grassy Terrain
|-damage|p2a: Conkeldurr|65/100 brn|[from] brn
|upkeep
|
|t:|1779960435
|switch|p1a: Corviknight|Corviknight, F|70/100
|turn|13
|
|t:|1779960445
|switch|p2a: Greninja|Greninja, M|100/100
|-damage|p2a: Greninja|88/100|[from] Stealth Rock
|move|p1a: Corviknight|Brave Bird|p2a: Greninja
|-damage|p2a: Greninja|22/100
|-damage|p1a: Corviknight|54/100|[from] Recoil
|
|-heal|p2a: Greninja|28/100|[from] Grassy Terrain
|upkeep
|turn|14
|
|t:|1779960462
|move|p2a: Greninja|Hydro Pump|p1a: Corviknight
|-damage|p1a: Corviknight|0 fnt
|faint|p1a: Corviknight
|-ability|p2a: Greninja|Battle Bond|boost
|-boost|p2a: Greninja|atk|1
|-boost|p2a: Greninja|spa|1
|-boost|p2a: Greninja|spe|1
|-activate|p2a: Greninja|ability: Battle Bond
|
|-heal|p2a: Greninja|34/100|[from] Grassy Terrain
|upkeep
|
|t:|1779960473
|switch|p1a: Arboliva|Arboliva, M|47/100
|turn|15
|
|t:|1779960479
|-terastallize|p1a: Arboliva|Grass
|move|p2a: Greninja|Dark Pulse|p1a: Arboliva
|-damage|p1a: Arboliva|12/100
|move|p1a: Arboliva|Giga Drain|p2a: Greninja
|-supereffective|p2a: Greninja
|-damage|p2a: Greninja|0 fnt
|-heal|p1a: Arboliva|26/100|[from] drain|[of] p2a: Greninja
|faint|p2a: Greninja
|
|-heal|p1a: Arboliva|32/100|[from] Grassy Terrain
|-fieldend|move: Grassy Terrain
|upkeep
|
|t:|1779960490
|switch|p2a: Conkeldurr|Conkeldurr, F|65/100 brn
|-damage|p2a: Conkeldurr|59/100 brn|[from] Stealth Rock
|turn|16
|
|t:|1779960496
|-terastallize|p2a: Conkeldurr|Fighting
|move|p2a: Conkeldurr|Close Combat|p1a: Arboliva
|-damage|p1a: Arboliva|0 fnt
|-unboost|p2a: Conkeldurr|def|1
|-unboost|p2a: Conkeldurr|spd|1
|-fieldstart|move: Grassy Terrain|[from] ability: Seed Sower|[of] p1a: Arboliva
|faint|p1a: Arboliva
|
|win|Phongcross
|raw|MASTEROFALLCREATE's rating: 1142 &rarr; <strong>1113</strong><br />(-29 for losing)
|raw|Phongcross's rating: 1091 &rarr; <strong>1121</strong><br />(+30 for winning)
|l|☆MASTEROFALLCREATE
|player|p1|
|l|☆Phongcross
|player|p2|
