|j|☆bjordl
|j|☆Goopatron9001
|t:|1779929055
|gametype|singles
|player|p1|bjordl|265|1326
|player|p2|Goopatron9001|veteran|1285
|gen|9
|tier|[Gen 9] OU
|rated|
|rule|HP Percentage Mod: HP is shown in percentages
|rule|Endless Battle Clause: Forcing endless battles is banned
|rule|Species Clause: Limit one of each Pokémon
|rule|OHKO Clause: OHKO moves are banned
|rule|Evasion Items Clause: Evasion items are banned
|rule|Evasion Moves Clause: Evasion moves are banned
|rule|Evasion Abilities Clause: Evasion abilities are banned
|rule|Sleep Moves Clause: Sleep-inducing moves are banned
|clearpoke
|poke|p1|Heatran, M|
|poke|p1|Pecharunt|
|poke|p1|Raging Bolt|
|poke|p1|Zarude|
|poke|p1|Quaquaval, M|
|poke|p1|Hatterene, F|
|poke|p2|Ninetales, F|
|poke|p2|Lilligant-Hisui, F|
|poke|p2|Walking Wake|
|poke|p2|Altaria, M|
|poke|p2|Moltres|
|poke|p2|Clodsire, F|
|teampreview
|inactive|Battle timer is ON: inactive players will automatically lose when time's up. (requested by Goopatron9001)
|
|t:|1779929069
|teamsize|p1|6
|teamsize|p2|6
|start
|switch|p1a: Pecharunt|Pecharunt|100/100
|switch|p2a: Philidelphia|Ninetales, F, shiny|100/100
|-weather|SunnyDay|[from] ability: Drought|[of] p2a: Philidelphia
|turn|1
|
|t:|1779929075
|move|p2a: Philidelphia|Fire Blast|p1a: Pecharunt
|-damage|p1a: Pecharunt|19/100
|move|p1a: Pecharunt|Malignant Chain|p2a: Philidelphia
|-damage|p2a: Philidelphia|53/100
|-status|p2a: Philidelphia|tox
|-start|p2a: Philidelphia|confusion|[from] ability: Poison Puppeteer|[of] p1a: Pecharunt
|
|-weather|SunnyDay|[upkeep]
|-damage|p2a: Philidelphia|48/100 tox|[from] psn
|upkeep
|turn|2
|
|t:|1779929092
|switch|p2a: Walking Wank|Walking Wake|100/100
|-activate|p2a: Walking Wank|ability: Protosynthesis
|-start|p2a: Walking Wank|protosynthesisspe
|switch|p1a: Heatran|Heatran, M|100/100
|
|-weather|SunnyDay|[upkeep]
|upkeep
|turn|3
|
|t:|1779929102
|switch|p1a: Raging Bolt|Raging Bolt|100/100
|-activate|p1a: Raging Bolt|ability: Protosynthesis
|-start|p1a: Raging Bolt|protosynthesisspa
|move|p2a: Walking Wank|Hydro Steam|p1a: Raging Bolt
|-resisted|p1a: Raging Bolt
|-damage|p1a: Raging Bolt|60/100
|
|-weather|SunnyDay|[upkeep]
|upkeep
|turn|4
|
|t:|1779929111
|-end|p2a: Walking Wank|Protosynthesis|[silent]
|switch|p2a: •___•|Clodsire, F|100/100
|-terastallize|p1a: Raging Bolt|Fairy
|move|p1a: Raging Bolt|Calm Mind|p1a: Raging Bolt
|-boost|p1a: Raging Bolt|spa|1
|-boost|p1a: Raging Bolt|spd|1
|
|-weather|SunnyDay|[upkeep]
|upkeep
|turn|5
|
|t:|1779929120
|move|p1a: Raging Bolt|Dragon Pulse|p2a: •___•
|-damage|p2a: •___•|62/100
|move|p2a: •___•|Toxic|p1a: Raging Bolt
|-status|p1a: Raging Bolt|tox
|
|-weather|SunnyDay|[upkeep]
|-heal|p2a: •___•|68/100|[from] item: Black Sludge
|-damage|p1a: Raging Bolt|54/100 tox|[from] psn
|upkeep
|turn|6
|
|t:|1779929127
|-end|p1a: Raging Bolt|Protosynthesis|[silent]
|switch|p1a: Quaquaval|Quaquaval, M|100/100
|move|p2a: •___•|Recover|p2a: •___•
|-heal|p2a: •___•|100/100
|
|-weather|SunnyDay|[upkeep]
|upkeep
|turn|7
|
|t:|1779929134
|switch|p2a: Blazing Canes|Moltres|100/100
|move|p1a: Quaquaval|Knock Off|p2a: Blazing Canes
|-damage|p2a: Blazing Canes|75/100
|-enditem|p2a: Blazing Canes|Heavy-Duty Boots|[from] move: Knock Off|[of] p1a: Quaquaval
|
|-weather|SunnyDay|[upkeep]
|upkeep
|turn|8
|
|t:|1779929151
|move|p1a: Quaquaval|Aqua Step|p2a: Blazing Canes
|-supereffective|p2a: Blazing Canes
|-damage|p2a: Blazing Canes|43/100
|-boost|p1a: Quaquaval|spe|1
|move|p2a: Blazing Canes|Air Slash|p1a: Quaquaval
|-supereffective|p1a: Quaquaval
|-damage|p1a: Quaquaval|42/100
|
|-weather|none
|upkeep
|turn|9
|
|t:|1779929169
|switch|p2a: BananaFactory|Altaria, M, shiny|100/100
|move|p1a: Quaquaval|Aqua Step|p2a: BananaFactory
|-resisted|p2a: BananaFactory
|-damage|p2a: BananaFactory|78/100
|-boost|p1a: Quaquaval|spe|1
|
|upkeep
|turn|10
|
|t:|1779929176
|move|p1a: Quaquaval|Knock Off|p2a: BananaFactory
|-damage|p2a: BananaFactory|41/100
|-enditem|p2a: BananaFactory|Heavy-Duty Boots|[from] move: Knock Off|[of] p1a: Quaquaval
|move|p2a: BananaFactory|Brave Bird|p1a: Quaquaval
|-supereffective|p1a: Quaquaval
|-damage|p1a: Quaquaval|0 fnt
|faint|p1a: Quaquaval
|-damage|p2a: BananaFactory|29/100|[from] Recoil
|
|upkeep
|
|t:|1779929182
|switch|p1a: Raging Bolt|Raging Bolt, tera:Fairy|54/100 tox
|-enditem|p1a: Raging Bolt|Booster Energy
|-activate|p1a: Raging Bolt|ability: Protosynthesis|[fromitem]
|-start|p1a: Raging Bolt|protosynthesisspa
|turn|11
|
|t:|1779929188
|move|p1a: Raging Bolt|Dragon Pulse|p2a: BananaFactory
|-supereffective|p2a: BananaFactory
|-damage|p2a: BananaFactory|0 fnt
|faint|p2a: BananaFactory
|
|-damage|p1a: Raging Bolt|48/100 tox|[from] psn
|upkeep
|
|t:|1779929199
|switch|p2a: •___•|Clodsire, F|100/100
|turn|12
|
|t:|1779929215
|move|p1a: Raging Bolt|Dragon Pulse|p2a: •___•
|-damage|p2a: •___•|65/100
|move|p2a: •___•|Stealth Rock|p1a: Raging Bolt
|-sidestart|p1: bjordl|move: Stealth Rock
|
|-heal|p2a: •___•|71/100|[from] item: Black Sludge
|-damage|p1a: Raging Bolt|35/100 tox|[from] psn
|upkeep
|turn|13
|
|t:|1779929222
|move|p1a: Raging Bolt|Dragon Pulse|p2a: •___•
|-damage|p2a: •___•|36/100
|move|p2a: •___•|Recover|p2a: •___•
|-heal|p2a: •___•|86/100
|
|-heal|p2a: •___•|92/100|[from] item: Black Sludge
|-damage|p1a: Raging Bolt|17/100 tox|[from] psn
|upkeep
|turn|14
|
|t:|1779929243
|-end|p1a: Raging Bolt|Protosynthesis|[silent]
|switch|p1a: Heatran|Heatran, M|100/100
|-damage|p1a: Heatran|88/100|[from] Stealth Rock
|move|p2a: •___•|Earthquake|p1a: Heatran
|-supereffective|p1a: Heatran
|-damage|p1a: Heatran|0 fnt
|faint|p1a: Heatran
|
|-heal|p2a: •___•|98/100|[from] item: Black Sludge
|upkeep
|
|t:|1779929259
|switch|p1a: Zarude|Zarude|100/100
|-damage|p1a: Zarude|88/100|[from] Stealth Rock
|turn|15
|
|t:|1779929263
|switch|p2a: Philidelphia|Ninetales, F, shiny|48/100 tox
|-weather|SunnyDay|[from] ability: Drought|[of] p2a: Philidelphia
|move|p1a: Zarude|Swords Dance|p1a: Zarude
|-boost|p1a: Zarude|atk|2
|
|-weather|SunnyDay|[upkeep]
|-heal|p1a: Zarude|94/100|[from] item: Leftovers
|-damage|p2a: Philidelphia|42/100 tox|[from] psn
|upkeep
|turn|16
|
|t:|1779929268
|move|p1a: Zarude|Knock Off|p2a: Philidelphia
|-damage|p2a: Philidelphia|0 fnt
|-enditem|p2a: Philidelphia|Heat Rock|[from] move: Knock Off|[of] p1a: Zarude
|faint|p2a: Philidelphia
|
|-weather|SunnyDay|[upkeep]
|-heal|p1a: Zarude|99/100|[from] item: Leftovers
|upkeep
|
|t:|1779929273
|switch|p2a: FlowerpuffGirls|Lilligant-Hisui, F|100/100
|turn|17
|
|t:|1779929282
|move|p2a: FlowerpuffGirls|Close Combat|p1a: Zarude
|-supereffective|p1a: Zarude
|-damage|p1a: Zarude|0 fnt
|-unboost|p2a: FlowerpuffGirls|def|1
|-unboost|p2a: FlowerpuffGirls|spd|1
|faint|p1a: Zarude
|-damage|p2a: FlowerpuffGirls|91/100|[from] item: Life Orb
|
|-weather|SunnyDay|[upkeep]
|upkeep
|
|t:|1779929287
|switch|p1a: Hatterene|Hatterene, F|100/100
|-damage|p1a: Hatterene|88/100|[from] Stealth Rock
|turn|18
|
|t:|1779929292
|move|p2a: FlowerpuffGirls|Leaf Blade|p1a: Hatterene
|-damage|p1a: Hatterene|44/100
|-damage|p2a: FlowerpuffGirls|81/100|[from] item: Life Orb
|move|p1a: Hatterene|Calm Mind|p1a: Hatterene
|-boost|p1a: Hatterene|spa|1
|-boost|p1a: Hatterene|spd|1
|
|-weather|SunnyDay|[upkeep]
|-heal|p1a: Hatterene|50/100|[from] item: Leftovers
|upkeep
|turn|19
|
|t:|1779929300
|move|p2a: FlowerpuffGirls|Leaf Blade|p1a: Hatterene
|-damage|p1a: Hatterene|3/100
|-damage|p2a: FlowerpuffGirls|71/100|[from] item: Life Orb
|move|p1a: Hatterene|Draining Kiss|p2a: FlowerpuffGirls
|-supereffective|p2a: FlowerpuffGirls
|-damage|p2a: FlowerpuffGirls|0 fnt
|-heal|p1a: Hatterene|50/100|[from] drain|[of] p2a: FlowerpuffGirls
|faint|p2a: FlowerpuffGirls
|
|-weather|SunnyDay|[upkeep]
|-heal|p1a: Hatterene|56/100|[from] item: Leftovers
|upkeep
|
|t:|1779929313
|switch|p2a: •___•|Clodsire, F|98/100
|turn|20
|
|t:|1779929316
|-terastallize|p2a: •___•|Ground
|move|p1a: Hatterene|Psychic Noise|p2a: •___•
|-damage|p2a: •___•|81/100
|-start|p2a: •___•|move: Heal Block
|move|p2a: •___•|Earthquake|p1a: Hatterene
|-damage|p1a: Hatterene|23/100
|
|-weather|SunnyDay|[upkeep]
|-heal|p1a: Hatterene|29/100|[from] item: Leftovers
|-damage|p2a: •___•|69/100|[from] item: Black Sludge
|upkeep
|turn|21
|
|t:|1779929327
|move|p1a: Hatterene|Psychic Noise|p2a: •___•
|-damage|p2a: •___•|51/100
|move|p2a: •___•|Earthquake|p1a: Hatterene
|-damage|p1a: Hatterene|0 fnt
|faint|p1a: Hatterene
|
|-weather|SunnyDay|[upkeep]
|-damage|p2a: •___•|39/100|[from] item: Black Sludge
|-end|p2a: •___•|move: Heal Block
|upkeep
|
|t:|1779929329
|switch|p1a: Raging Bolt|Raging Bolt, tera:Fairy|17/100 tox
|-damage|p1a: Raging Bolt|5/100 tox|[from] Stealth Rock
|-activate|p1a: Raging Bolt|ability: Protosynthesis
|-start|p1a: Raging Bolt|protosynthesisspa
|turn|22
|
|t:|1779929332
|move|p1a: Raging Bolt|Dragon Pulse|p2a: •___•
|-damage|p2a: •___•|2/100
|move|p2a: •___•|Earthquake|p1a: Raging Bolt
|-damage|p1a: Raging Bolt|0 fnt
|faint|p1a: Raging Bolt
|-end|p1a: Raging Bolt|Protosynthesis|[silent]
|
|-weather|none
|-damage|p2a: •___•|0 fnt|[from] item: Black Sludge
|faint|p2a: •___•
|upkeep
|
|t:|1779929345
|switch|p1a: Pecharunt|Pecharunt|19/100
|switch|p2a: Walking Wank|Walking Wake|100/100
|turn|23
|
|t:|1779929350
|move|p2a: Walking Wank|Hydro Steam|p1a: Pecharunt
|-damage|p1a: Pecharunt|0 fnt
|faint|p1a: Pecharunt
|
|win|Goopatron9001
|raw|bjordl's rating: 1326 &rarr; <strong>1304</strong><br />(-22 for losing)
|raw|Goopatron9001's rating: 1285 &rarr; <strong>1313</strong><br />(+28 for winning)
|c|☆Goopatron9001|Gg
|c|☆bjordl|gg
|l|☆bjordl
|player|p1|
|l|☆Goopatron9001
|player|p2|
