|j|☆future94
|j|☆ikthoizzykil
|t:|1779842024
|gametype|singles
|player|p1|future94|2|1452
|player|p2|ikthoizzykil|pokemaniac-gen3rs|1461
|gen|9
|tier|[Gen 9] OU
|rated|
|rule|HP Percentage Mod: HP is shown in percentages
|rule|Endless Battle Clause: Forcing endless battles is banned
|rule|Species Clause: Limit one of each Pokémon
|rule|OHKO Clause: OHKO moves are banned
|rule|Evasion Items Clause: Evasion items are banned
|rule|Evasion Moves Clause: Evasion moves are banned
|rule|Evasion Abilities Clause: Evasion abilities are banned
|rule|Sleep Moves Clause: Sleep-inducing moves are banned
|clearpoke
|poke|p1|Ninetales, F|
|poke|p1|Walking Wake|
|poke|p1|Cinderace, F|
|poke|p1|Great Tusk|
|poke|p1|Cresselia, F|
|poke|p1|Blaziken, F|
|poke|p2|Braviary, M|
|poke|p2|Cinderace, M|
|poke|p2|Great Tusk|
|poke|p2|Rillaboom, M|
|poke|p2|Primarina, F|
|poke|p2|Kyurem|
|teampreview
|inactive|Battle timer is ON: inactive players will automatically lose when time's up. (requested by ikthoizzykil)
|inactive|ikthoizzykil has 120 seconds left.
|
|t:|1779842069
|teamsize|p1|6
|teamsize|p2|6
|start
|switch|p1a: Walking Wake|Walking Wake|100/100
|switch|p2a: Great Tusk|Great Tusk|100/100
|-enditem|p2a: Great Tusk|Booster Energy
|-activate|p2a: Great Tusk|ability: Protosynthesis|[fromitem]
|-start|p2a: Great Tusk|protosynthesisspe
|turn|1
|
|t:|1779842086
|-end|p2a: Great Tusk|Protosynthesis|[silent]
|switch|p2a: Primarina|Primarina, F|100/100
|-end|p1a: Walking Wake|Protosynthesis|[silent]
|switch|p1a: Cresselia|Cresselia, F|100/100
|
|upkeep
|turn|2
|
|t:|1779842091
|switch|p1a: Ninetales|Ninetales, F|100/100
|-weather|SunnyDay|[from] ability: Drought|[of] p1a: Ninetales
|move|p2a: Primarina|Substitute|p2a: Primarina
|-start|p2a: Primarina|Substitute
|-damage|p2a: Primarina|76/100
|
|-weather|SunnyDay|[upkeep]
|-heal|p2a: Primarina|82/100|[from] item: Leftovers
|upkeep
|turn|3
|
|t:|1779842100
|switch|p2a: Rillaboom|Rillaboom, M|100/100
|-fieldstart|move: Grassy Terrain|[from] ability: Grassy Surge|[of] p2a: Rillaboom
|move|p1a: Ninetales|Encore||[still]
|-fail|p1a: Ninetales
|
|-weather|SunnyDay|[upkeep]
|upkeep
|turn|4
|
|t:|1779842109
|switch|p1a: Cinderace|Cinderace, F|100/100
|switch|p2a: Primarina|Primarina, F|82/100
|
|-weather|SunnyDay|[upkeep]
|-heal|p2a: Primarina|88/100|[from] Grassy Terrain
|-heal|p2a: Primarina|94/100|[from] item: Leftovers
|upkeep
|turn|5
|
|t:|1779842117
|move|p1a: Cinderace|U-turn|p2a: Primarina
|-resisted|p2a: Primarina
|-damage|p2a: Primarina|86/100
|
|t:|1779842123
|switch|p1a: Walking Wake|Walking Wake|100/100|[from] U-turn
|-activate|p1a: Walking Wake|ability: Protosynthesis
|-start|p1a: Walking Wake|protosynthesisspa
|move|p2a: Primarina|Psychic Noise|p1a: Walking Wake
|-resisted|p1a: Walking Wake
|-damage|p1a: Walking Wake|95/100
|-start|p1a: Walking Wake|move: Heal Block
|
|-weather|SunnyDay|[upkeep]
|-heal|p2a: Primarina|92/100|[from] Grassy Terrain
|-heal|p2a: Primarina|98/100|[from] item: Leftovers
|upkeep
|turn|6
|
|t:|1779842136
|move|p1a: Walking Wake|Flip Turn|p2a: Primarina
|-resisted|p2a: Primarina
|-crit|p2a: Primarina
|-damage|p2a: Primarina|93/100
|
|t:|1779842155
|-end|p1a: Walking Wake|Protosynthesis|[silent]
|switch|p1a: Cresselia|Cresselia, F|100/100|[from] Flip Turn
|move|p2a: Primarina|Draining Kiss|p1a: Cresselia
|-damage|p1a: Cresselia|88/100
|-heal|p2a: Primarina|100/100|[from] drain|[of] p1a: Cresselia
|-enditem|p1a: Cresselia|Eject Button
|
|t:|1779842161
|switch|p1a: Blaziken|Blaziken, F|100/100
|
|-weather|SunnyDay|[upkeep]
|upkeep
|turn|7
|
|t:|1779842169
|move|p1a: Blaziken|Flare Blitz|p2a: Primarina
|-resisted|p2a: Primarina
|-damage|p2a: Primarina|42/100
|-damage|p1a: Blaziken|77/100|[from] Recoil
|-damage|p1a: Blaziken|67/100|[from] item: Life Orb
|move|p2a: Primarina|Calm Mind|p2a: Primarina
|-boost|p2a: Primarina|spa|1
|-boost|p2a: Primarina|spd|1
|
|-weather|SunnyDay|[upkeep]
|-heal|p1a: Blaziken|73/100|[from] Grassy Terrain
|-heal|p2a: Primarina|48/100|[from] Grassy Terrain
|-heal|p2a: Primarina|54/100|[from] item: Leftovers
|-fieldend|move: Grassy Terrain
|-ability|p1a: Blaziken|Speed Boost|boost
|-boost|p1a: Blaziken|spe|1
|upkeep
|turn|8
|inactive|ikthoizzykil has 120 seconds left.
|
|t:|1779842204
|move|p1a: Blaziken|Flare Blitz|p2a: Primarina
|-resisted|p2a: Primarina
|-damage|p2a: Primarina|0 fnt
|faint|p2a: Primarina
|-damage|p1a: Blaziken|52/100|[from] Recoil
|-damage|p1a: Blaziken|42/100|[from] item: Life Orb
|
|-weather|SunnyDay|[upkeep]
|-ability|p1a: Blaziken|Speed Boost|boost
|-boost|p1a: Blaziken|spe|1
|upkeep
|
|t:|1779842213
|switch|p2a: Cinderace|Cinderace, M|100/100
|turn|9
|
|t:|1779842216
|move|p1a: Blaziken|Close Combat|p2a: Cinderace
|-damage|p2a: Cinderace|1/100
|-unboost|p1a: Blaziken|def|1
|-unboost|p1a: Blaziken|spd|1
|-damage|p1a: Blaziken|32/100|[from] item: Life Orb
|move|p2a: Cinderace|Pyro Ball|p1a: Blaziken
|-resisted|p1a: Blaziken
|-damage|p1a: Blaziken|0 fnt
|faint|p1a: Blaziken
|
|-weather|none
|upkeep
|
|t:|1779842228
|switch|p1a: Ninetales|Ninetales, F|100/100
|-weather|SunnyDay|[from] ability: Drought|[of] p1a: Ninetales
|turn|10
|
|t:|1779842239
|switch|p1a: Walking Wake|Walking Wake|95/100
|-activate|p1a: Walking Wake|ability: Protosynthesis
|-start|p1a: Walking Wake|protosynthesisspa
|move|p2a: Cinderace|U-turn|p1a: Walking Wake
|-damage|p1a: Walking Wake|76/100
|
|t:|1779842246
|switch|p2a: Great Tusk|Great Tusk|100/100|[from] U-turn
|-activate|p2a: Great Tusk|ability: Protosynthesis
|-start|p2a: Great Tusk|protosynthesisspe
|
|-weather|SunnyDay|[upkeep]
|upkeep
|turn|11
|
|t:|1779842253
|-end|p2a: Great Tusk|Protosynthesis|[silent]
|switch|p2a: Rillaboom|Rillaboom, M|100/100
|-fieldstart|move: Grassy Terrain|[from] ability: Grassy Surge|[of] p2a: Rillaboom
|-end|p1a: Walking Wake|Protosynthesis|[silent]
|switch|p1a: Cresselia|Cresselia, F|88/100
|
|-weather|SunnyDay|[upkeep]
|upkeep
|turn|12
|
|t:|1779842260
|switch|p1a: Cinderace|Cinderace, F|100/100
|move|p2a: Rillaboom|U-turn|p1a: Cinderace
|-resisted|p1a: Cinderace
|-damage|p1a: Cinderace|79/100
|
|t:|1779842265
|switch|p2a: Kyurem|Kyurem|100/100|[from] U-turn
|-ability|p2a: Kyurem|Pressure
|
|-weather|SunnyDay|[upkeep]
|-heal|p1a: Cinderace|85/100|[from] Grassy Terrain
|upkeep
|turn|13
|
|t:|1779842272
|move|p2a: Kyurem|Draco Meteor|p1a: Cinderace
|-damage|p1a: Cinderace|0 fnt
|-unboost|p2a: Kyurem|spa|2
|faint|p1a: Cinderace
|
|-weather|SunnyDay|[upkeep]
|upkeep
|
|t:|1779842285
|switch|p1a: Walking Wake|Walking Wake|76/100
|-activate|p1a: Walking Wake|ability: Protosynthesis
|-start|p1a: Walking Wake|protosynthesisspa
|turn|14
|inactive|ikthoizzykil has 120 seconds left.
|
|t:|1779842317
|move|p2a: Kyurem|Draco Meteor|p1a: Walking Wake
|-supereffective|p1a: Walking Wake
|-damage|p1a: Walking Wake|0 fnt
|-unboost|p2a: Kyurem|spa|2
|faint|p1a: Walking Wake
|-end|p1a: Walking Wake|Protosynthesis|[silent]
|
|-weather|SunnyDay|[upkeep]
|upkeep
|-message|future94 forfeited.
|
|win|ikthoizzykil
|raw|future94's rating: 1452 &rarr; <strong>1433</strong><br />(-19 for losing)
|raw|ikthoizzykil's rating: 1461 &rarr; <strong>1480</strong><br />(+19 for winning)
|l|☆future94
|player|p1|
