|j|☆pokomonplayer
|j|☆claudechamp
|t:|1779825300
|gametype|singles
|player|p1|pokomonplayer|169|1152
|player|p2|claudechamp|265|1210
|gen|9
|tier|[Gen 9] OU
|rated|
|rule|HP Percentage Mod: HP is shown in percentages
|rule|Endless Battle Clause: Forcing endless battles is banned
|rule|Species Clause: Limit one of each Pokémon
|rule|OHKO Clause: OHKO moves are banned
|rule|Evasion Items Clause: Evasion items are banned
|rule|Evasion Moves Clause: Evasion moves are banned
|rule|Evasion Abilities Clause: Evasion abilities are banned
|rule|Sleep Moves Clause: Sleep-inducing moves are banned
|clearpoke
|poke|p1|Ambipom, M|
|poke|p1|Cresselia, F|
|poke|p1|Conkeldurr, M|
|poke|p1|Manaphy|
|poke|p1|Scizor, M|
|poke|p1|Tornadus, M|
|poke|p2|Gliscor, M|
|poke|p2|Gholdengo|
|poke|p2|Zamazenta-*|
|poke|p2|Blissey, F|
|poke|p2|Skarmory, F|
|poke|p2|Pecharunt|
|teampreview
|c|☆claudechamp|hf
|inactive|Battle timer is ON: inactive players will automatically lose when time's up. (requested by claudechamp)
|c|☆pokomonplayer|u too
|
|t:|1779825309
|teamsize|p1|6
|teamsize|p2|6
|start
|switch|p1a: Tornadus|Tornadus, M|100/100
|switch|p2a: Skarmory|Skarmory, F|100/100
|turn|1
|
|t:|1779825315
|move|p1a: Tornadus|Metronome|p1a: Tornadus
|move|p1a: Tornadus|Razor Leaf|p2a: Skarmory|[from] move: Metronome
|-resisted|p2a: Skarmory
|-damage|p2a: Skarmory|98/100
|-damage|p1a: Tornadus|91/100|[from] item: Life Orb
|move|p2a: Skarmory|Spikes|p1a: Tornadus
|-sidestart|p1: pokomonplayer|Spikes
|
|upkeep
|turn|2
|
|t:|1779825323
|move|p1a: Tornadus|Metronome|p1a: Tornadus
|move|p1a: Tornadus|Ceaseless Edge|p2a: Skarmory|[from] move: Metronome|[miss]
|-miss|p1a: Tornadus|p2a: Skarmory
|move|p2a: Skarmory|Spikes|p1a: Tornadus
|-sidestart|p1: pokomonplayer|Spikes
|
|upkeep
|turn|3
|
|t:|1779825329
|move|p1a: Tornadus|Metronome|p1a: Tornadus
|move|p1a: Tornadus|Rain Dance|p1a: Tornadus|[from] move: Metronome
|-weather|RainDance
|move|p2a: Skarmory|Spikes|p1a: Tornadus
|-sidestart|p1: pokomonplayer|Spikes
|
|-weather|RainDance|[upkeep]
|upkeep
|turn|4
|
|t:|1779825334
|switch|p2a: Gliscor|Gliscor, M|100/100
|move|p1a: Tornadus|Metronome|p1a: Tornadus
|move|p1a: Tornadus|Head Smash|p2a: Gliscor|[from] move: Metronome
|-damage|p2a: Gliscor|55/100
|-damage|p1a: Tornadus|64/100|[from] Recoil
|-damage|p1a: Tornadus|54/100|[from] item: Life Orb
|
|-weather|RainDance|[upkeep]
|-status|p2a: Gliscor|tox|[from] item: Toxic Orb
|upkeep
|turn|5
|
|t:|1779825344
|move|p1a: Tornadus|Metronome|p1a: Tornadus
|move|p1a: Tornadus|Leech Life|p2a: Gliscor|[from] move: Metronome
|-resisted|p2a: Gliscor
|-damage|p2a: Gliscor|41/100 tox
|-heal|p1a: Tornadus|62/100|[from] drain|[of] p2a: Gliscor
|-damage|p1a: Tornadus|53/100|[from] item: Life Orb
|move|p2a: Gliscor|Swords Dance|p2a: Gliscor
|-boost|p2a: Gliscor|atk|2
|
|-weather|RainDance|[upkeep]
|-heal|p2a: Gliscor|53/100 tox|[from] ability: Poison Heal
|upkeep
|turn|6
|
|t:|1779825355
|move|p1a: Tornadus|Metronome|p1a: Tornadus
|move|p1a: Tornadus|Close Combat|p2a: Gliscor|[from] move: Metronome
|-resisted|p2a: Gliscor
|-damage|p2a: Gliscor|35/100 tox
|-unboost|p1a: Tornadus|def|1
|-unboost|p1a: Tornadus|spd|1
|-damage|p1a: Tornadus|43/100|[from] item: Life Orb
|move|p2a: Gliscor|Knock Off|p1a: Tornadus
|-damage|p1a: Tornadus|0 fnt
|-enditem|p1a: Tornadus|Life Orb|[from] move: Knock Off|[of] p2a: Gliscor
|faint|p1a: Tornadus
|
|-weather|RainDance|[upkeep]
|-heal|p2a: Gliscor|47/100 tox|[from] ability: Poison Heal
|upkeep
|c|☆pokomonplayer|can metronome just give me ice beam pls
|
|t:|1779825368
|switch|p1a: Cresselia|Cresselia, F|100/100
|turn|7
|
|t:|1779825381
|move|p2a: Gliscor|Knock Off|p1a: Cresselia
|-supereffective|p1a: Cresselia
|-damage|p1a: Cresselia|56/100
|-damage|p2a: Gliscor|31/100 tox|[from] item: Rocky Helmet|[of] p1a: Cresselia
|-enditem|p1a: Cresselia|Rocky Helmet|[from] move: Knock Off|[of] p2a: Gliscor
|move|p1a: Cresselia|Ice Beam|p2a: Gliscor
|-supereffective|p2a: Gliscor
|-damage|p2a: Gliscor|0 fnt
|faint|p2a: Gliscor
|
|-weather|none
|upkeep
|
|t:|1779825388
|switch|p2a: Blissey|Blissey, F|100/100
|turn|8
|
|t:|1779825404
|switch|p1a: Conkeldurr|Conkeldurr, M|100/100
|-damage|p1a: Conkeldurr|76/100|[from] Spikes
|move|p2a: Blissey|Stealth Rock|p1a: Conkeldurr
|-sidestart|p1: pokomonplayer|move: Stealth Rock
|
|upkeep
|turn|9
|
|t:|1779825411
|move|p2a: Blissey|Calm Mind|p2a: Blissey
|-boost|p2a: Blissey|spa|1
|-boost|p2a: Blissey|spd|1
|move|p1a: Conkeldurr|Defog|p2a: Blissey
|-unboost|p2a: Blissey|evasion|1
|-sideend|p1: pokomonplayer|Spikes|[from] move: Defog|[of] p1a: Conkeldurr
|-sideend|p1: pokomonplayer|Stealth Rock|[from] move: Defog|[of] p1a: Conkeldurr
|
|upkeep
|turn|10
|
|t:|1779825420
|move|p1a: Conkeldurr|Mach Punch|p2a: Blissey
|-supereffective|p2a: Blissey
|-damage|p2a: Blissey|31/100
|move|p2a: Blissey|Calm Mind|p2a: Blissey
|-boost|p2a: Blissey|spa|1
|-boost|p2a: Blissey|spd|1
|
|upkeep
|turn|11
|
|t:|1779825430
|switch|p2a: Gholdengo|Gholdengo|100/100
|move|p1a: Conkeldurr|Mach Punch|p2a: Gholdengo
|-immune|p2a: Gholdengo
|
|upkeep
|turn|12
|
|t:|1779825437
|move|p2a: Gholdengo|Nasty Plot|p2a: Gholdengo
|-boost|p2a: Gholdengo|spa|2
|move|p1a: Conkeldurr|Fire Punch|p2a: Gholdengo
|-supereffective|p2a: Gholdengo
|-damage|p2a: Gholdengo|43/100
|
|upkeep
|turn|13
|
|t:|1779825450
|move|p2a: Gholdengo|Recover|p2a: Gholdengo
|-heal|p2a: Gholdengo|93/100
|move|p1a: Conkeldurr|Fire Punch|p2a: Gholdengo
|-supereffective|p2a: Gholdengo
|-damage|p2a: Gholdengo|35/100
|
|upkeep
|turn|14
|
|t:|1779825458
|-terastallize|p2a: Gholdengo|Fairy
|move|p2a: Gholdengo|Recover|p2a: Gholdengo
|-heal|p2a: Gholdengo|85/100
|move|p1a: Conkeldurr|Fire Punch|p2a: Gholdengo
|-damage|p2a: Gholdengo|58/100
|
|upkeep
|turn|15
|
|t:|1779825475
|move|p2a: Gholdengo|Hex|p1a: Conkeldurr
|-damage|p1a: Conkeldurr|9/100
|move|p1a: Conkeldurr|Fire Punch|p2a: Gholdengo
|-damage|p2a: Gholdengo|32/100
|
|upkeep
|turn|16
|
|t:|1779825482
|switch|p1a: Scizor|Scizor, M|100/100
|move|p2a: Gholdengo|Hex|p1a: Scizor
|-damage|p1a: Scizor|37/100
|
|upkeep
|turn|17
|
|t:|1779825488
|move|p1a: Scizor|Bullet Punch|p2a: Gholdengo
|-supereffective|p2a: Gholdengo
|-damage|p2a: Gholdengo|0 fnt
|faint|p2a: Gholdengo
|
|upkeep
|
|t:|1779825498
|switch|p2a: Blissey|Blissey, F|31/100
|turn|18
|
|t:|1779825502
|move|p1a: Scizor|Bullet Punch|p2a: Blissey
|-damage|p2a: Blissey|0 fnt
|faint|p2a: Blissey
|
|upkeep
|
|t:|1779825509
|switch|p2a: Skarmory|Skarmory, F|98/100
|turn|19
|
|t:|1779825516
|switch|p1a: Cresselia|Cresselia, F|56/100
|move|p2a: Skarmory|Spikes|p1a: Cresselia
|-sidestart|p1: pokomonplayer|Spikes
|
|upkeep
|turn|20
|
|t:|1779825524
|move|p1a: Cresselia|Thunder Wave|p2a: Skarmory
|-status|p2a: Skarmory|par
|move|p2a: Skarmory|Spikes|p1a: Cresselia
|-sidestart|p1: pokomonplayer|Spikes
|
|upkeep
|turn|21
|
|t:|1779825533
|move|p1a: Cresselia|Moonlight|p1a: Cresselia
|-heal|p1a: Cresselia|100/100
|move|p2a: Skarmory|Spikes|p1a: Cresselia
|-sidestart|p1: pokomonplayer|Spikes
|
|upkeep
|turn|22
|
|t:|1779825546
|move|p1a: Cresselia|Ice Beam|p2a: Skarmory
|-damage|p2a: Skarmory|74/100 par
|move|p2a: Skarmory|Whirlwind|p1a: Cresselia
|drag|p1a: Manaphy|Manaphy|100/100
|-damage|p1a: Manaphy|75/100|[from] Spikes
|
|-heal|p1a: Manaphy|82/100|[from] item: Leftovers
|upkeep
|turn|23
|
|t:|1779825556
|move|p1a: Manaphy|Tail Glow|p1a: Manaphy
|-boost|p1a: Manaphy|spa|3
|move|p2a: Skarmory|Whirlwind|p1a: Manaphy
|drag|p1a: Conkeldurr|Conkeldurr, M|9/100
|-damage|p1a: Conkeldurr|0 fnt|[from] Spikes
|faint|p1a: Conkeldurr
|
|upkeep
|
|t:|1779825574
|switch|p1a: Scizor|Scizor, M|37/100
|-damage|p1a: Scizor|12/100|[from] Spikes
|turn|24
|
|t:|1779825580
|move|p1a: Scizor|Knock Off|p2a: Skarmory
|-damage|p2a: Skarmory|39/100 par
|-enditem|p2a: Skarmory|Heavy-Duty Boots|[from] move: Knock Off|[of] p1a: Scizor
|move|p2a: Skarmory|Roost|p2a: Skarmory
|-heal|p2a: Skarmory|89/100 par
|-singleturn|p2a: Skarmory|move: Roost
|
|upkeep
|turn|25
|
|t:|1779825598
|switch|p1a: Manaphy|Manaphy|82/100
|-damage|p1a: Manaphy|57/100|[from] Spikes
|move|p2a: Skarmory|Body Press|p1a: Manaphy
|-damage|p1a: Manaphy|31/100
|
|-heal|p1a: Manaphy|37/100|[from] item: Leftovers
|upkeep
|turn|26
|
|t:|1779825610
|move|p1a: Manaphy|Surf|p2a: Skarmory
|-damage|p2a: Skarmory|44/100 par
|move|p2a: Skarmory|Whirlwind|p1a: Manaphy
|drag|p1a: Cresselia|Cresselia, F|100/100
|
|upkeep
|turn|27
|
|t:|1779825621
|move|p1a: Cresselia|Lunar Dance|p1a: Cresselia
|faint|p1a: Cresselia
|move|p2a: Skarmory|Roost|p2a: Skarmory
|-heal|p2a: Skarmory|94/100 par
|-singleturn|p2a: Skarmory|move: Roost
|
|upkeep
|
|t:|1779825627
|switch|p1a: Scizor|Scizor, M|12/100
|-heal|p1a: Scizor|100/100|[from] move: Lunar Dance
|-damage|p1a: Scizor|76/100|[from] Spikes
|turn|28
|
|t:|1779825640
|move|p1a: Scizor|Close Combat|p2a: Skarmory
|-damage|p2a: Skarmory|51/100 par
|-unboost|p1a: Scizor|def|1
|-unboost|p1a: Scizor|spd|1
|cant|p2a: Skarmory|par
|
|upkeep
|turn|29
|
|t:|1779825647
|switch|p2a: Zamazenta|Zamazenta|100/100
|-ability|p2a: Zamazenta|Dauntless Shield|boost
|-boost|p2a: Zamazenta|def|1
|move|p1a: Scizor|Close Combat|p2a: Zamazenta
|-crit|p2a: Zamazenta
|-damage|p2a: Zamazenta|0 fnt
|-unboost|p1a: Scizor|def|1
|-unboost|p1a: Scizor|spd|1
|faint|p2a: Zamazenta
|
|upkeep
|
|t:|1779825656
|switch|p2a: Pecharunt|Pecharunt|100/100
|turn|30
|
|t:|1779825668
|switch|p1a: Manaphy|Manaphy|37/100
|-damage|p1a: Manaphy|12/100|[from] Spikes
|move|p2a: Pecharunt|Shadow Ball|p1a: Manaphy
|-damage|p1a: Manaphy|0 fnt
|faint|p1a: Manaphy
|
|upkeep
|
|t:|1779825675
|switch|p1a: Ambipom|Ambipom, M|100/100
|-damage|p1a: Ambipom|76/100|[from] Spikes
|turn|31
|
|t:|1779825685
|move|p1a: Ambipom|Knock Off|p2a: Pecharunt
|-supereffective|p2a: Pecharunt
|-damage|p2a: Pecharunt|68/100
|-enditem|p2a: Pecharunt|Heavy-Duty Boots|[from] move: Knock Off|[of] p1a: Ambipom
|-damage|p1a: Ambipom|66/100|[from] item: Life Orb
|move|p2a: Pecharunt|Parting Shot|p1a: Ambipom
|-unboost|p1a: Ambipom|atk|1
|-unboost|p1a: Ambipom|spa|1
|
|t:|1779825697
|switch|p2a: Skarmory|Skarmory, F|51/100 par|[from] Parting Shot
|
|upkeep
|turn|32
|
|t:|1779825709
|switch|p1a: Scizor|Scizor, M|76/100
|-damage|p1a: Scizor|51/100|[from] Spikes
|move|p2a: Skarmory|Body Press|p1a: Scizor
|-damage|p1a: Scizor|19/100
|
|upkeep
|turn|33
|
|t:|1779825721
|move|p1a: Scizor|Close Combat|p2a: Skarmory
|-damage|p2a: Skarmory|9/100 par
|-unboost|p1a: Scizor|def|1
|-unboost|p1a: Scizor|spd|1
|move|p2a: Skarmory|Body Press|p1a: Scizor
|-damage|p1a: Scizor|0 fnt
|faint|p1a: Scizor
|
|upkeep
|
|t:|1779825728
|switch|p1a: Ambipom|Ambipom, M|66/100
|-damage|p1a: Ambipom|41/100|[from] Spikes
|turn|34
|
|t:|1779825741
|move|p1a: Ambipom|Fake Out|p2a: Skarmory
|-resisted|p2a: Skarmory
|-damage|p2a: Skarmory|0 fnt
|faint|p2a: Skarmory
|-damage|p1a: Ambipom|31/100|[from] item: Life Orb
|
|upkeep
|
|t:|1779825749
|switch|p2a: Pecharunt|Pecharunt|68/100
|turn|35
|
|t:|1779825762
|move|p1a: Ambipom|Ice Punch|p2a: Pecharunt
|-damage|p2a: Pecharunt|54/100
|-damage|p1a: Ambipom|21/100|[from] item: Life Orb
|move|p2a: Pecharunt|Recover|p2a: Pecharunt
|-heal|p2a: Pecharunt|100/100
|
|upkeep
|turn|36
|c|☆pokomonplayer|gg
|
|t:|1779825778
|move|p1a: Ambipom|Knock Off|p2a: Pecharunt
|-supereffective|p2a: Pecharunt
|-damage|p2a: Pecharunt|79/100
|-damage|p1a: Ambipom|11/100|[from] item: Life Orb
|move|p2a: Pecharunt|Toxic|p1a: Ambipom
|-status|p1a: Ambipom|tox
|-start|p1a: Ambipom|confusion|[from] ability: Poison Puppeteer|[of] p2a: Pecharunt
|
|-damage|p1a: Ambipom|5/100 tox|[from] psn
|upkeep
|turn|37
|
|t:|1779825787
|-activate|p1a: Ambipom|confusion
|-damage|p1a: Ambipom|0 fnt|[from] confusion
|faint|p1a: Ambipom
|
|win|claudechamp
|raw|pokomonplayer's rating: 1152 &rarr; <strong>1132</strong><br />(-20 for losing)
|raw|claudechamp's rating: 1229 &rarr; <strong>1249</strong><br />(+20 for winning)
|c|☆claudechamp|gg
|l|☆pokomonplayer
|player|p1|
