|j|☆XanderMans
|j|☆goodnightnite
|t:|1779872942
|gametype|singles
|player|p1|XanderMans|hilda|1509
|player|p2|goodnightnite|miku-water|1752
|gen|9
|tier|[Gen 9] OU
|rated|
|rule|HP Percentage Mod: HP is shown in percentages
|rule|Endless Battle Clause: Forcing endless battles is banned
|rule|Species Clause: Limit one of each Pokémon
|rule|OHKO Clause: OHKO moves are banned
|rule|Evasion Items Clause: Evasion items are banned
|rule|Evasion Moves Clause: Evasion moves are banned
|rule|Evasion Abilities Clause: Evasion abilities are banned
|rule|Sleep Moves Clause: Sleep-inducing moves are banned
|clearpoke
|poke|p1|Weezing-Galar, M|
|poke|p1|Ogerpon, F|
|poke|p1|Skarmory, M|
|poke|p1|Alomomola, M|
|poke|p1|Clodsire, M|
|poke|p1|Hydreigon, M|
|poke|p2|Primarina, M|
|poke|p2|Zamazenta-*|
|poke|p2|Gholdengo|
|poke|p2|Rillaboom, M|
|poke|p2|Glimmora, M|
|poke|p2|Hydreigon, M|
|teampreview
|inactive|Battle timer is ON: inactive players will automatically lose when time's up. (requested by XanderMans)
|inactive|goodnightnite also wants the timer to be on.
|
|t:|1779872963
|teamsize|p1|6
|teamsize|p2|6
|start
|switch|p1a: Hydreigon|Hydreigon, M, shiny|100/100
|switch|p2a: Celestine|Primarina, M, shiny|100/100
|turn|1
|
|t:|1779872973
|switch|p1a: Clodsire|Clodsire, M, shiny|100/100
|move|p2a: Celestine|Moonblast|p1a: Clodsire
|-resisted|p1a: Clodsire
|-damage|p1a: Clodsire|88/100
|
|upkeep
|turn|2
|
|t:|1779872980
|switch|p1a: Alomomola|Alomomola, M, shiny|100/100
|move|p2a: Celestine|Flip Turn|p1a: Alomomola
|-resisted|p1a: Alomomola
|-damage|p1a: Alomomola|95/100
|
|t:|1779872983
|switch|p2a: Kong|Rillaboom, M, shiny|100/100|[from] Flip Turn
|-fieldstart|move: Grassy Terrain|[from] ability: Grassy Surge|[of] p2a: Kong
|
|-heal|p1a: Alomomola|100/100|[from] Grassy Terrain
|upkeep
|turn|3
|
|t:|1779872994
|switch|p2a: Hybrid|Hydreigon, M, shiny|100/100
|switch|p1a: Weezing|Weezing-Galar, M, shiny|100/100
|-ability|p1a: Weezing|Neutralizing Gas
|
|upkeep
|turn|4
|
|t:|1779873002
|-end|p1a: Weezing|ability: Neutralizing Gas
|switch|p1a: Hydreigon|Hydreigon, M, shiny|100/100
|move|p2a: Hybrid|Flash Cannon|p1a: Hydreigon
|-damage|p1a: Hydreigon|56/100
|
|upkeep
|turn|5
|
|t:|1779873007
|switch|p2a: Celestine|Primarina, M, shiny|100/100
|move|p1a: Hydreigon|Draco Meteor|p2a: Celestine
|-immune|p2a: Celestine
|
|upkeep
|turn|6
|
|t:|1779873012
|switch|p1a: Alomomola|Alomomola, M, shiny|100/100
|move|p2a: Celestine|Psychic Noise|p1a: Alomomola
|-resisted|p1a: Alomomola
|-damage|p1a: Alomomola|90/100
|-start|p1a: Alomomola|move: Heal Block
|
|-fieldend|move: Grassy Terrain
|upkeep
|turn|7
|
|t:|1779873018
|move|p2a: Celestine|Whirlpool|p1a: Alomomola
|-resisted|p1a: Alomomola
|-damage|p1a: Alomomola|85/100
|-activate|p1a: Alomomola|move: Whirlpool|[of] p2a: Celestine
|move|p1a: Alomomola|Flip Turn|p2a: Celestine
|-resisted|p2a: Celestine
|-damage|p2a: Celestine|90/100
|
|t:|1779873028
|switch|p1a: Ogerpon|Ogerpon, F|100/100|[from] Flip Turn
|
|upkeep
|turn|8
|
|t:|1779873034
|switch|p2a: Bullet|Glimmora, M, shiny|100/100
|move|p1a: Ogerpon|U-turn|p2a: Bullet
|-resisted|p2a: Bullet
|-damage|p2a: Bullet|88/100
|-activate|p2a: Bullet|ability: Toxic Debris
|-sidestart|p1: XanderMans|move: Toxic Spikes
|-enditem|p2a: Bullet|Red Card|[of] p1a: Ogerpon
|drag|p1a: Hydreigon|Hydreigon, M, shiny|56/100
|
|upkeep
|turn|9
|
|t:|1779873046
|switch|p2a: Hybrid|Hydreigon, M, shiny|100/100
|move|p1a: Hydreigon|Flash Cannon|p2a: Hybrid
|-damage|p2a: Hybrid|52/100
|
|upkeep
|turn|10
|
|t:|1779873069
|switch|p1a: Alomomola|Alomomola, M, shiny|100/100
|-status|p1a: Alomomola|psn
|move|p2a: Hybrid|Draco Meteor|p1a: Alomomola
|-damage|p1a: Alomomola|52/100 psn
|-unboost|p2a: Hybrid|spa|2
|
|-damage|p1a: Alomomola|40/100 psn|[from] psn
|upkeep
|turn|11
|
|t:|1779873075
|switch|p2a: Kong|Rillaboom, M, shiny|100/100
|-fieldstart|move: Grassy Terrain|[from] ability: Grassy Surge|[of] p2a: Kong
|move|p1a: Alomomola|Flip Turn|p2a: Kong
|-resisted|p2a: Kong
|-damage|p2a: Kong|92/100
|
|t:|1779873081
|switch|p1a: Weezing|Weezing-Galar, M, shiny|100/100|[from] Flip Turn
|-ability|p1a: Weezing|Neutralizing Gas
|-sideend|p1: XanderMans|move: Toxic Spikes|[of] p1a: Weezing
|
|-heal|p2a: Kong|98/100|[from] Grassy Terrain
|upkeep
|turn|12
|
|t:|1779873087
|switch|p2a: Bullet|Glimmora, M, shiny|88/100
|move|p1a: Weezing|Will-O-Wisp|p2a: Bullet
|-status|p2a: Bullet|brn
|
|-heal|p2a: Bullet|95/100 brn|[from] Grassy Terrain
|-damage|p2a: Bullet|88/100 brn|[from] brn
|upkeep
|turn|13
|
|t:|1779873101
|-end|p1a: Weezing|ability: Neutralizing Gas
|switch|p1a: Clodsire|Clodsire, M, shiny|88/100
|move|p2a: Bullet|Stealth Rock|p1a: Clodsire
|-sidestart|p1: XanderMans|move: Stealth Rock
|
|-heal|p2a: Bullet|95/100 brn|[from] Grassy Terrain
|-heal|p1a: Clodsire|94/100|[from] Grassy Terrain
|-damage|p2a: Bullet|88/100 brn|[from] brn
|upkeep
|turn|14
|
|t:|1779873108
|switch|p2a: Spirit Rush|Gholdengo, shiny|100/100
|-enditem|p2a: Spirit Rush|Grassy Seed
|-boost|p2a: Spirit Rush|def|1|[from] item: Grassy Seed
|move|p1a: Clodsire|Earthquake|p2a: Spirit Rush
|-supereffective|p2a: Spirit Rush
|-damage|p2a: Spirit Rush|73/100
|
|-heal|p2a: Spirit Rush|79/100|[from] Grassy Terrain
|-heal|p1a: Clodsire|99/100|[from] Grassy Terrain
|upkeep
|turn|15
|
|t:|1779873113
|move|p2a: Spirit Rush|Nasty Plot|p2a: Spirit Rush
|-boost|p2a: Spirit Rush|spa|2
|move|p1a: Clodsire|Earthquake|p2a: Spirit Rush
|-supereffective|p2a: Spirit Rush
|-damage|p2a: Spirit Rush|52/100
|
|-heal|p2a: Spirit Rush|58/100|[from] Grassy Terrain
|-heal|p1a: Clodsire|100/100|[from] Grassy Terrain
|-fieldend|move: Grassy Terrain
|upkeep
|turn|16
|
|t:|1779873119
|move|p2a: Spirit Rush|Make It Rain|p1a: Clodsire
|-damage|p1a: Clodsire|71/100
|-unboost|p2a: Spirit Rush|spa|1
|move|p1a: Clodsire|Earthquake|p2a: Spirit Rush
|-supereffective|p2a: Spirit Rush
|-damage|p2a: Spirit Rush|9/100
|
|upkeep
|turn|17
|
|t:|1779873127
|switch|p2a: Kong|Rillaboom, M, shiny|98/100
|-fieldstart|move: Grassy Terrain|[from] ability: Grassy Surge|[of] p2a: Kong
|move|p1a: Clodsire|Recover|p1a: Clodsire
|-heal|p1a: Clodsire|100/100
|
|-heal|p2a: Kong|100/100|[from] Grassy Terrain
|upkeep
|turn|18
|
|t:|1779873131
|switch|p1a: Weezing|Weezing-Galar, M, shiny|100/100
|-ability|p1a: Weezing|Neutralizing Gas
|move|p2a: Kong|High Horsepower|p1a: Weezing
|-supereffective|p1a: Weezing
|-damage|p1a: Weezing|45/100
|-damage|p2a: Kong|91/100|[from] item: Life Orb
|
|-heal|p2a: Kong|97/100|[from] Grassy Terrain
|-heal|p1a: Weezing|51/100|[from] Grassy Terrain
|upkeep
|turn|19
|
|t:|1779873144
|switch|p2a: Spirit Rush|Gholdengo, shiny|9/100
|-end|p1a: Weezing|ability: Neutralizing Gas
|switch|p1a: Hydreigon|Hydreigon, M, shiny|56/100
|-damage|p1a: Hydreigon|44/100|[from] Stealth Rock
|
|-heal|p2a: Spirit Rush|15/100|[from] Grassy Terrain
|upkeep
|turn|20
|
|t:|1779873150
|switch|p2a: Celestine|Primarina, M, shiny|90/100
|move|p1a: Hydreigon|Dark Pulse|p2a: Celestine
|-resisted|p2a: Celestine
|-damage|p2a: Celestine|73/100
|
|-heal|p2a: Celestine|79/100|[from] Grassy Terrain
|upkeep
|turn|21
|
|t:|1779873156
|switch|p1a: Clodsire|Clodsire, M, shiny|100/100
|-damage|p1a: Clodsire|94/100|[from] Stealth Rock
|move|p2a: Celestine|Whirlpool|p1a: Clodsire
|-supereffective|p1a: Clodsire
|-damage|p1a: Clodsire|74/100
|-activate|p1a: Clodsire|move: Whirlpool|[of] p2a: Celestine
|
|-heal|p2a: Celestine|85/100|[from] Grassy Terrain
|-heal|p1a: Clodsire|80/100|[from] Grassy Terrain
|-damage|p1a: Clodsire|67/100|[from] move: Whirlpool|[partiallytrapped]
|-fieldend|move: Grassy Terrain
|upkeep
|turn|22
|
|t:|1779873163
|move|p2a: Celestine|Psychic Noise|p1a: Clodsire
|-supereffective|p1a: Clodsire
|-damage|p1a: Clodsire|26/100
|move|p1a: Clodsire|Toxic|p2a: Celestine
|-status|p2a: Celestine|tox
|
|-damage|p2a: Celestine|79/100 tox|[from] psn
|-damage|p1a: Clodsire|13/100|[from] move: Whirlpool|[partiallytrapped]
|upkeep
|turn|23
|
|t:|1779873168
|move|p2a: Celestine|Psychic Noise|p1a: Clodsire
|-supereffective|p1a: Clodsire
|-damage|p1a: Clodsire|0 fnt
|faint|p1a: Clodsire
|
|-damage|p2a: Celestine|67/100 tox|[from] psn
|upkeep
|
|t:|1779873189
|switch|p1a: Ogerpon|Ogerpon, F|100/100
|-damage|p1a: Ogerpon|88/100|[from] Stealth Rock
|turn|24
|
|t:|1779873193
|switch|p2a: Kong|Rillaboom, M, shiny|97/100
|-fieldstart|move: Grassy Terrain|[from] ability: Grassy Surge|[of] p2a: Kong
|move|p1a: Ogerpon|Ivy Cudgel|p2a: Kong
|-resisted|p2a: Kong
|-damage|p2a: Kong|43/100
|
|-heal|p1a: Ogerpon|94/100|[from] Grassy Terrain
|-heal|p2a: Kong|49/100|[from] Grassy Terrain
|upkeep
|turn|25
|
|t:|1779873200
|move|p1a: Ogerpon|Ivy Cudgel|p2a: Kong
|-resisted|p2a: Kong
|-damage|p2a: Kong|0 fnt
|faint|p2a: Kong
|
|-heal|p1a: Ogerpon|99/100|[from] Grassy Terrain
|upkeep
|
|t:|1779873206
|switch|p2a: Hybrid|Hydreigon, M, shiny|52/100
|turn|26
|
|t:|1779873225
|-terastallize|p1a: Ogerpon|Grass
|detailschange|p1a: Ogerpon|Ogerpon-Teal-Tera, F, tera:Grass
|-ability|p1a: Ogerpon|Embody Aspect (Teal)|boost
|-boost|p1a: Ogerpon|spe|1
|move|p1a: Ogerpon|Ivy Cudgel|p2a: Hybrid
|-resisted|p2a: Hybrid
|-damage|p2a: Hybrid|0 fnt
|faint|p2a: Hybrid
|
|-heal|p1a: Ogerpon|100/100|[from] Grassy Terrain
|upkeep
|
|t:|1779873231
|switch|p2a: Trojan|Zamazenta, shiny|100/100
|-ability|p2a: Trojan|Dauntless Shield|boost
|-boost|p2a: Trojan|def|1
|turn|27
|
|t:|1779873236
|move|p1a: Ogerpon|Ivy Cudgel|p2a: Trojan
|-damage|p2a: Trojan|35/100
|move|p2a: Trojan|Iron Defense|p2a: Trojan
|-boost|p2a: Trojan|def|2
|
|-heal|p2a: Trojan|42/100|[from] Grassy Terrain
|-heal|p2a: Trojan|48/100|[from] item: Leftovers
|upkeep
|turn|28
|
|t:|1779873242
|move|p1a: Ogerpon|Ivy Cudgel|p2a: Trojan
|-damage|p2a: Trojan|7/100
|move|p2a: Trojan|Body Press|p1a: Ogerpon
|-damage|p1a: Ogerpon|7/100
|
|-heal|p1a: Ogerpon|13/100|[from] Grassy Terrain
|-heal|p2a: Trojan|13/100|[from] Grassy Terrain
|-heal|p2a: Trojan|19/100|[from] item: Leftovers
|-fieldend|move: Grassy Terrain
|upkeep
|turn|29
|
|t:|1779873252
|move|p1a: Ogerpon|Ivy Cudgel|p2a: Trojan
|-damage|p2a: Trojan|0 fnt
|faint|p2a: Trojan
|
|upkeep
|
|t:|1779873255
|switch|p2a: Bullet|Glimmora, M, shiny|88/100 brn
|turn|30
|
|t:|1779873259
|move|p1a: Ogerpon|Ivy Cudgel|p2a: Bullet
|-crit|p2a: Bullet
|-damage|p2a: Bullet|0 fnt
|-activate|p2a: Bullet|ability: Toxic Debris
|-sidestart|p1: XanderMans|move: Toxic Spikes
|faint|p2a: Bullet
|
|upkeep
|-message|goodnightnite forfeited.
|
|win|XanderMans
|raw|XanderMans's rating: 1509 &rarr; <strong>1541</strong><br />(+32 for winning)
|raw|goodnightnite's rating: 1752 &rarr; <strong>1720</strong><br />(-32 for losing)
|l|☆goodnightnite
|player|p2|
|l|☆XanderMans
|player|p1|
