|j|☆Keeday
|j|‽Tame Impino
|t:|1779932288
|gametype|singles
|player|p1|Keeday|170|1013
|player|p2|Tame Impino|waiter|1000
|gen|9
|tier|[Gen 9] OU
|rated|
|rule|HP Percentage Mod: HP is shown in percentages
|rule|Endless Battle Clause: Forcing endless battles is banned
|rule|Species Clause: Limit one of each Pokémon
|rule|OHKO Clause: OHKO moves are banned
|rule|Evasion Items Clause: Evasion items are banned
|rule|Evasion Moves Clause: Evasion moves are banned
|rule|Evasion Abilities Clause: Evasion abilities are banned
|rule|Sleep Moves Clause: Sleep-inducing moves are banned
|clearpoke
|poke|p1|Incineroar, F|
|poke|p1|Garganacl, M|
|poke|p1|Quaquaval, M|
|poke|p1|Cyclizar, M|
|poke|p1|Clefable, M|
|poke|p1|Corviknight, M|
|poke|p2|Weezing-Galar, F|
|poke|p2|Ogerpon, F|
|poke|p2|Skarmory, F|
|poke|p2|Alomomola, F|
|poke|p2|Clodsire, F|
|poke|p2|Hydreigon, F|
|teampreview
|inactive|Battle timer is ON: inactive players will automatically lose when time's up. (requested by Keeday)
|
|t:|1779932316
|teamsize|p1|6
|teamsize|p2|6
|start
|switch|p1a: Garganacl|Garganacl, M|100/100
|switch|p2a: Weezing|Weezing-Galar, F|100/100
|-ability|p2a: Weezing|Neutralizing Gas
|turn|1
|
|t:|1779932331
|move|p2a: Weezing|Sludge Bomb|p1a: Garganacl
|-resisted|p1a: Garganacl
|-damage|p1a: Garganacl|89/100
|move|p1a: Garganacl|Stealth Rock|p2a: Weezing
|-sidestart|p2: Tame Impino|move: Stealth Rock
|
|-heal|p1a: Garganacl|95/100|[from] item: Leftovers
|upkeep
|turn|2
|
|t:|1779932339
|move|p2a: Weezing|Defog|p1a: Garganacl
|-unboost|p1a: Garganacl|evasion|1
|-sideend|p2: Tame Impino|Stealth Rock|[from] move: Defog|[of] p2a: Weezing
|move|p1a: Garganacl|Salt Cure|p2a: Weezing
|-damage|p2a: Weezing|92/100
|-start|p2a: Weezing|Salt Cure
|
|-heal|p1a: Garganacl|100/100|[from] item: Leftovers
|-damage|p2a: Weezing|80/100|[from] Salt Cure
|upkeep
|turn|3
|
|t:|1779932346
|move|p1a: Garganacl|Protect|p1a: Garganacl
|-singleturn|p1a: Garganacl|Protect
|move|p2a: Weezing|Sludge Bomb|p1a: Garganacl
|-activate|p1a: Garganacl|move: Protect
|
|-damage|p2a: Weezing|67/100|[from] Salt Cure
|upkeep
|turn|4
|
|t:|1779932356
|move|p2a: Weezing|Will-O-Wisp|p1a: Garganacl
|-status|p1a: Garganacl|brn
|move|p1a: Garganacl|Stealth Rock|p2a: Weezing
|-sidestart|p2: Tame Impino|move: Stealth Rock
|
|-damage|p1a: Garganacl|94/100 brn|[from] brn
|-damage|p2a: Weezing|55/100|[from] Salt Cure
|upkeep
|turn|5
|
|t:|1779932364
|move|p2a: Weezing|Defog|p1a: Garganacl
|-unboost|p1a: Garganacl|evasion|1
|-sideend|p2: Tame Impino|Stealth Rock|[from] move: Defog|[of] p2a: Weezing
|move|p1a: Garganacl|Salt Cure|p2a: Weezing
|-damage|p2a: Weezing|51/100
|
|-heal|p1a: Garganacl|100/100 brn|[from] item: Leftovers
|-damage|p1a: Garganacl|94/100 brn|[from] brn
|-damage|p2a: Weezing|38/100|[from] Salt Cure
|upkeep
|turn|6
|
|t:|1779932374
|move|p2a: Weezing|Pain Split|p1a: Garganacl
|-sethp|p1a: Garganacl|63/100 brn|[from] move: Pain Split|[silent]
|-sethp|p2a: Weezing|76/100|[from] move: Pain Split
|move|p1a: Garganacl|Stealth Rock|p2a: Weezing
|-sidestart|p2: Tame Impino|move: Stealth Rock
|
|-heal|p1a: Garganacl|69/100 brn|[from] item: Leftovers
|-damage|p1a: Garganacl|63/100 brn|[from] brn
|-damage|p2a: Weezing|64/100|[from] Salt Cure
|upkeep
|turn|7
|
|t:|1779932378
|-end|p2a: Weezing|ability: Neutralizing Gas
|switch|p2a: Clodsire|Clodsire, F, shiny|100/100
|-damage|p2a: Clodsire|94/100|[from] Stealth Rock
|move|p1a: Garganacl|Recover|p1a: Garganacl
|-heal|p1a: Garganacl|100/100 brn
|
|-damage|p1a: Garganacl|94/100 brn|[from] brn
|upkeep
|turn|8
|
|t:|1779932390
|move|p1a: Garganacl|Salt Cure|p2a: Clodsire
|-resisted|p2a: Clodsire
|-damage|p2a: Clodsire|91/100
|move|p2a: Clodsire|Stealth Rock|p1a: Garganacl
|-sidestart|p1: Keeday|move: Stealth Rock
|
|-heal|p1a: Garganacl|100/100 brn|[from] item: Leftovers
|-damage|p1a: Garganacl|94/100 brn|[from] brn
|upkeep
|turn|9
|
|t:|1779932400
|switch|p1a: Corviknight|Corviknight, M|100/100
|-ability|p1a: Corviknight|Unnerve
|-damage|p1a: Corviknight|88/100|[from] Stealth Rock
|switch|p2a: Weezing|Weezing-Galar, F|64/100
|-ability|p2a: Weezing|Neutralizing Gas
|
|-heal|p1a: Corviknight|94/100|[from] item: Leftovers
|upkeep
|turn|10
|
|t:|1779932413
|move|p1a: Corviknight|U-turn|p2a: Weezing
|-resisted|p2a: Weezing
|-damage|p2a: Weezing|61/100
|
|t:|1779932429
|switch|p1a: Garganacl|Garganacl, M|94/100 brn|[from] U-turn
|-damage|p1a: Garganacl|82/100 brn|[from] Stealth Rock
|move|p2a: Weezing|Pain Split|p1a: Garganacl
|-sethp|p1a: Garganacl|66/100 brn|[from] move: Pain Split|[silent]
|-sethp|p2a: Weezing|80/100|[from] move: Pain Split
|
|-heal|p1a: Garganacl|73/100 brn|[from] item: Leftovers
|-damage|p1a: Garganacl|66/100 brn|[from] brn
|upkeep
|turn|11
|
|t:|1779932436
|-end|p2a: Weezing|ability: Neutralizing Gas
|switch|p2a: Clodsire|Clodsire, F, shiny|91/100
|-damage|p2a: Clodsire|85/100|[from] Stealth Rock
|move|p1a: Garganacl|Salt Cure|p2a: Clodsire
|-resisted|p2a: Clodsire
|-damage|p2a: Clodsire|81/100
|
|-heal|p1a: Garganacl|73/100 brn|[from] item: Leftovers
|-damage|p1a: Garganacl|66/100 brn|[from] brn
|upkeep
|turn|12
|
|t:|1779932446
|switch|p2a: Weezing|Weezing-Galar, F|80/100
|-ability|p2a: Weezing|Neutralizing Gas
|move|p1a: Garganacl|Recover|p1a: Garganacl
|-heal|p1a: Garganacl|100/100 brn
|
|-damage|p1a: Garganacl|94/100 brn|[from] brn
|upkeep
|turn|13
|
|t:|1779932461
|-end|p2a: Weezing|ability: Neutralizing Gas
|switch|p2a: Clodsire|Clodsire, F, shiny|81/100
|-damage|p2a: Clodsire|75/100|[from] Stealth Rock
|switch|p1a: Corviknight|Corviknight, M|94/100
|-ability|p1a: Corviknight|Unnerve
|-damage|p1a: Corviknight|82/100|[from] Stealth Rock
|
|-heal|p1a: Corviknight|88/100|[from] item: Leftovers
|upkeep
|turn|14
|
|t:|1779932475
|switch|p2a: Skarmory|Skarmory, F, shiny|100/100
|-damage|p2a: Skarmory|88/100|[from] Stealth Rock
|move|p1a: Corviknight|Brave Bird|p2a: Skarmory
|-resisted|p2a: Skarmory
|-damage|p2a: Skarmory|77/100
|-damage|p1a: Corviknight|71/100|[from] item: Rocky Helmet|[of] p2a: Skarmory
|-damage|p1a: Corviknight|68/100|[from] Recoil
|
|-heal|p1a: Corviknight|75/100|[from] item: Leftovers
|upkeep
|turn|15
|
|t:|1779932485
|move|p2a: Skarmory|Spikes|p1a: Corviknight
|-sidestart|p1: Keeday|Spikes
|move|p1a: Corviknight|Defog|p2a: Skarmory
|-unboost|p2a: Skarmory|evasion|1
|-sideend|p2: Tame Impino|Stealth Rock|[from] move: Defog|[of] p1a: Corviknight
|-sideend|p1: Keeday|Spikes|[from] move: Defog|[of] p1a: Corviknight
|-sideend|p1: Keeday|Stealth Rock|[from] move: Defog|[of] p1a: Corviknight
|
|-heal|p1a: Corviknight|81/100|[from] item: Leftovers
|upkeep
|turn|16
|
|t:|1779932491
|move|p2a: Skarmory|Spikes|p1a: Corviknight
|-sidestart|p1: Keeday|Spikes
|move|p1a: Corviknight|U-turn|p2a: Skarmory
|-resisted|p2a: Skarmory
|-damage|p2a: Skarmory|74/100
|-damage|p1a: Corviknight|64/100|[from] item: Rocky Helmet|[of] p2a: Skarmory
|
|t:|1779932496
|switch|p1a: Incineroar|Incineroar, F|100/100|[from] U-turn
|-ability|p1a: Incineroar|Intimidate|boost
|-unboost|p2a: Skarmory|atk|1
|
|upkeep
|turn|17
|
|t:|1779932519
|switch|p2a: Hydreigon|Hydreigon, F|100/100
|move|p1a: Incineroar|Darkest Lariat|p2a: Hydreigon
|-resisted|p2a: Hydreigon
|-damage|p2a: Hydreigon|73/100
|
|upkeep
|turn|18
|
|t:|1779932536
|switch|p1a: Clefable|Clefable, M|100/100
|move|p2a: Hydreigon|Draco Meteor|p1a: Clefable
|-immune|p1a: Clefable
|
|upkeep
|turn|19
|
|t:|1779932547
|switch|p2a: Weezing|Weezing-Galar, F|80/100
|-ability|p2a: Weezing|Neutralizing Gas
|move|p1a: Clefable|Calm Mind|p1a: Clefable
|-boost|p1a: Clefable|spa|1
|-boost|p1a: Clefable|spd|1
|
|upkeep
|turn|20
|
|t:|1779932552
|switch|p1a: Corviknight|Corviknight, M|64/100
|move|p2a: Weezing|Sludge Bomb|p1a: Corviknight
|-immune|p1a: Corviknight
|
|-heal|p1a: Corviknight|71/100|[from] item: Leftovers
|upkeep
|turn|21
|
|t:|1779932557
|-end|p2a: Weezing|ability: Neutralizing Gas
|-ability|p1a: Corviknight|Unnerve
|switch|p2a: Skarmory|Skarmory, F, shiny|74/100
|move|p1a: Corviknight|Roost|p1a: Corviknight
|-heal|p1a: Corviknight|100/100
|-singleturn|p1a: Corviknight|move: Roost
|
|upkeep
|turn|22
|
|t:|1779932565
|move|p2a: Skarmory|Spikes|p1a: Corviknight
|-sidestart|p1: Keeday|Spikes
|move|p1a: Corviknight|Defog|p2a: Skarmory
|-unboost|p2a: Skarmory|evasion|1
|-sideend|p1: Keeday|Spikes|[from] move: Defog|[of] p1a: Corviknight
|
|upkeep
|turn|23
|
|t:|1779932573
|switch|p1a: Incineroar|Incineroar, F|100/100
|-ability|p1a: Incineroar|Intimidate|boost
|-unboost|p2a: Skarmory|atk|1
|move|p2a: Skarmory|Spikes|p1a: Incineroar
|-sidestart|p1: Keeday|Spikes
|
|upkeep
|turn|24
|
|t:|1779932581
|switch|p2a: Alomomola|Alomomola, F|100/100
|move|p1a: Incineroar|Flare Blitz|p2a: Alomomola
|-resisted|p2a: Alomomola
|-damage|p2a: Alomomola|76/100
|-damage|p1a: Incineroar|88/100|[from] Recoil
|
|upkeep
|turn|25
|
|t:|1779932598
|switch|p1a: Corviknight|Corviknight, M|100/100
|-ability|p1a: Corviknight|Unnerve
|move|p2a: Alomomola|Flip Turn|p1a: Corviknight
|-damage|p1a: Corviknight|90/100
|
|t:|1779932611
|switch|p2a: Skarmory|Skarmory, F, shiny|74/100|[from] Flip Turn
|
|-heal|p1a: Corviknight|96/100|[from] item: Leftovers
|upkeep
|turn|26
|
|t:|1779932630
|move|p2a: Skarmory|Taunt|p1a: Corviknight
|-start|p1a: Corviknight|move: Taunt
|move|p1a: Corviknight|U-turn|p2a: Skarmory
|-resisted|p2a: Skarmory
|-damage|p2a: Skarmory|72/100
|-damage|p1a: Corviknight|80/100|[from] item: Rocky Helmet|[of] p2a: Skarmory
|
|t:|1779932635
|switch|p1a: Cyclizar|Cyclizar, M|100/100|[from] U-turn
|-damage|p1a: Cyclizar|88/100|[from] Spikes
|
|upkeep
|turn|27
|
|t:|1779932654
|switch|p2a: Weezing|Weezing-Galar, F|80/100
|-ability|p2a: Weezing|Neutralizing Gas
|move|p1a: Cyclizar|Shift Gear|p1a: Cyclizar
|-boost|p1a: Cyclizar|spe|2
|-boost|p1a: Cyclizar|atk|1
|
|upkeep
|turn|28
|
|t:|1779932661
|move|p1a: Cyclizar|Body Slam|p2a: Weezing
|-damage|p2a: Weezing|27/100
|-status|p2a: Weezing|par
|-damage|p1a: Cyclizar|78/100|[from] item: Life Orb
|move|p2a: Weezing|Will-O-Wisp|p1a: Cyclizar
|-status|p1a: Cyclizar|brn
|
|-damage|p1a: Cyclizar|72/100 brn|[from] brn
|upkeep
|turn|29
|
|t:|1779932670
|-end|p2a: Weezing|ability: Neutralizing Gas
|switch|p2a: Skarmory|Skarmory, F, shiny|72/100
|move|p1a: Cyclizar|Knock Off|p2a: Skarmory
|-damage|p2a: Skarmory|54/100
|-damage|p1a: Cyclizar|56/100 brn|[from] item: Rocky Helmet|[of] p2a: Skarmory
|-enditem|p2a: Skarmory|Rocky Helmet|[from] move: Knock Off|[of] p1a: Cyclizar
|-damage|p1a: Cyclizar|46/100 brn|[from] item: Life Orb
|
|-damage|p1a: Cyclizar|40/100 brn|[from] brn
|upkeep
|turn|30
|
|t:|1779932680
|switch|p1a: Corviknight|Corviknight, M|80/100
|-ability|p1a: Corviknight|Unnerve
|switch|p2a: Alomomola|Alomomola, F|100/100
|
|-heal|p1a: Corviknight|86/100|[from] item: Leftovers
|upkeep
|turn|31
|
|t:|1779932688
|move|p1a: Corviknight|Defog|p2a: Alomomola
|-unboost|p2a: Alomomola|evasion|1
|-sideend|p1: Keeday|Spikes|[from] move: Defog|[of] p1a: Corviknight
|move|p2a: Alomomola|Flip Turn|p1a: Corviknight
|-damage|p1a: Corviknight|77/100
|
|t:|1779932692
|switch|p2a: Skarmory|Skarmory, F, shiny|54/100|[from] Flip Turn
|
|-heal|p1a: Corviknight|83/100|[from] item: Leftovers
|upkeep
|turn|32
|
|t:|1779932700
|switch|p1a: Clefable|Clefable, M|100/100
|move|p2a: Skarmory|Roost|p2a: Skarmory
|-heal|p2a: Skarmory|100/100
|-singleturn|p2a: Skarmory|move: Roost
|
|upkeep
|turn|33
|
|t:|1779932708
|move|p2a: Skarmory|Taunt|p1a: Clefable
|-start|p1a: Clefable|move: Taunt
|cant|p1a: Clefable|move: Taunt|Calm Mind
|
|upkeep
|turn|34
|
|t:|1779932712
|switch|p2a: Clodsire|Clodsire, F, shiny|75/100
|move|p1a: Clefable|Fire Blast|p2a: Clodsire
|-damage|p2a: Clodsire|63/100
|
|upkeep
|turn|35
|
|t:|1779932724
|switch|p1a: Corviknight|Corviknight, M|83/100
|-ability|p1a: Corviknight|Unnerve
|move|p2a: Clodsire|Stealth Rock|p1a: Corviknight
|-sidestart|p1: Keeday|move: Stealth Rock
|
|-heal|p1a: Corviknight|89/100|[from] item: Leftovers
|upkeep
|turn|36
|
|t:|1779932737
|move|p1a: Corviknight|Brave Bird|p2a: Clodsire
|-damage|p2a: Clodsire|24/100
|-damage|p1a: Corviknight|74/100|[from] Recoil
|move|p2a: Clodsire|Stealth Rock||[still]
|-fail|p2a: Clodsire
|
|-heal|p1a: Corviknight|81/100|[from] item: Leftovers
|upkeep
|turn|37
|
|t:|1779932746
|switch|p2a: Skarmory|Skarmory, F, shiny|100/100
|move|p1a: Corviknight|Brave Bird|p2a: Skarmory
|-resisted|p2a: Skarmory
|-damage|p2a: Skarmory|89/100
|-damage|p1a: Corviknight|78/100|[from] Recoil
|
|-heal|p1a: Corviknight|84/100|[from] item: Leftovers
|upkeep
|turn|38
|
|t:|1779932751
|move|p2a: Skarmory|Taunt|p1a: Corviknight
|-start|p1a: Corviknight|move: Taunt
|move|p1a: Corviknight|U-turn|p2a: Skarmory
|-resisted|p2a: Skarmory
|-crit|p2a: Skarmory
|-damage|p2a: Skarmory|86/100
|
|t:|1779932757
|switch|p1a: Garganacl|Garganacl, M|94/100 brn|[from] U-turn
|-damage|p1a: Garganacl|82/100 brn|[from] Stealth Rock
|
|-heal|p1a: Garganacl|88/100 brn|[from] item: Leftovers
|-damage|p1a: Garganacl|82/100 brn|[from] brn
|upkeep
|turn|39
|
|t:|1779932762
|switch|p2a: Clodsire|Clodsire, F, shiny|24/100
|move|p1a: Garganacl|Salt Cure|p2a: Clodsire
|-resisted|p2a: Clodsire
|-damage|p2a: Clodsire|20/100
|
|-heal|p1a: Garganacl|88/100 brn|[from] item: Leftovers
|-damage|p1a: Garganacl|82/100 brn|[from] brn
|upkeep
|turn|40
|
|t:|1779932768
|switch|p1a: Corviknight|Corviknight, M|84/100
|-ability|p1a: Corviknight|Unnerve
|-damage|p1a: Corviknight|71/100|[from] Stealth Rock
|move|p2a: Clodsire|Recover|p2a: Clodsire
|-heal|p2a: Clodsire|70/100
|
|-heal|p1a: Corviknight|78/100|[from] item: Leftovers
|upkeep
|turn|41
|
|t:|1779932774
|move|p1a: Corviknight|Defog|p2a: Clodsire
|-unboost|p2a: Clodsire|evasion|1
|-sideend|p1: Keeday|Stealth Rock|[from] move: Defog|[of] p1a: Corviknight
|move|p2a: Clodsire|Stealth Rock|p1a: Corviknight
|-sidestart|p1: Keeday|move: Stealth Rock
|
|-heal|p1a: Corviknight|84/100|[from] item: Leftovers
|upkeep
|turn|42
|
|t:|1779932779
|move|p1a: Corviknight|Brave Bird|p2a: Clodsire
|-damage|p2a: Clodsire|33/100
|-damage|p1a: Corviknight|70/100|[from] Recoil
|move|p2a: Clodsire|Recover|p2a: Clodsire
|-heal|p2a: Clodsire|83/100
|
|-heal|p1a: Corviknight|76/100|[from] item: Leftovers
|upkeep
|turn|43
|
|t:|1779932786
|move|p1a: Corviknight|Brave Bird|p2a: Clodsire
|-damage|p2a: Clodsire|43/100
|-damage|p1a: Corviknight|61/100|[from] Recoil
|move|p2a: Clodsire|Stealth Rock||[still]
|-fail|p2a: Clodsire
|
|-heal|p1a: Corviknight|67/100|[from] item: Leftovers
|upkeep
|turn|44
|
|t:|1779932796
|switch|p2a: Skarmory|Skarmory, F, shiny|86/100
|move|p1a: Corviknight|Defog|p2a: Skarmory
|-unboost|p2a: Skarmory|evasion|1
|-sideend|p1: Keeday|Stealth Rock|[from] move: Defog|[of] p1a: Corviknight
|
|-heal|p1a: Corviknight|73/100|[from] item: Leftovers
|upkeep
|turn|45
|
|t:|1779932801
|move|p2a: Skarmory|Spikes|p1a: Corviknight
|-sidestart|p1: Keeday|Spikes
|move|p1a: Corviknight|U-turn|p2a: Skarmory
|-resisted|p2a: Skarmory
|-damage|p2a: Skarmory|83/100
|c|☆Keeday|this team is so bad against stall
|c|☆Keeday|ur just pp stall corv
|
|t:|1779932828
|switch|p1a: Clefable|Clefable, M|100/100|[from] U-turn
|
|upkeep
|turn|46
|inactive|Keeday has 120 seconds left.
|
|t:|1779932852
|switch|p2a: Clodsire|Clodsire, F, shiny|43/100
|move|p1a: Clefable|Moonblast|p2a: Clodsire
|-resisted|p2a: Clodsire
|-damage|p2a: Clodsire|35/100
|
|upkeep
|turn|47
|
|t:|1779932862
|move|p1a: Clefable|Calm Mind|p1a: Clefable
|-boost|p1a: Clefable|spa|1
|-boost|p1a: Clefable|spd|1
|move|p2a: Clodsire|Toxic|p1a: Clefable
|-status|p1a: Clefable|tox
|
|upkeep
|turn|48
|
|t:|1779932868
|move|p1a: Clefable|Calm Mind|p1a: Clefable
|-boost|p1a: Clefable|spa|1
|-boost|p1a: Clefable|spd|1
|move|p2a: Clodsire|Recover|p2a: Clodsire
|-heal|p2a: Clodsire|85/100
|
|upkeep
|turn|49
|
|t:|1779932872
|move|p1a: Clefable|Calm Mind|p1a: Clefable
|-boost|p1a: Clefable|spa|1
|-boost|p1a: Clefable|spd|1
|move|p2a: Clodsire|Earthquake|p1a: Clefable
|-damage|p1a: Clefable|79/100 tox
|
|-heal|p1a: Clefable|85/100 tox|[from] item: Leftovers
|upkeep
|turn|50
|
|t:|1779932877
|switch|p2a: Weezing|Weezing-Galar, F|27/100 par
|-ability|p2a: Weezing|Neutralizing Gas
|move|p1a: Clefable|Calm Mind|p1a: Clefable
|-boost|p1a: Clefable|spa|1
|-boost|p1a: Clefable|spd|1
|
|-heal|p1a: Clefable|91/100 tox|[from] item: Leftovers
|-damage|p1a: Clefable|67/100 tox|[from] psn
|upkeep
|turn|51
|
|t:|1779932883
|-end|p2a: Weezing|ability: Neutralizing Gas
|switch|p2a: Clodsire|Clodsire, F, shiny|85/100
|move|p1a: Clefable|Moonblast|p2a: Clodsire
|-resisted|p2a: Clodsire
|-damage|p2a: Clodsire|77/100
|
|-heal|p1a: Clefable|73/100 tox|[from] item: Leftovers
|upkeep
|turn|52
|
|t:|1779932893
|move|p1a: Clefable|Calm Mind|p1a: Clefable
|-boost|p1a: Clefable|spa|1
|-boost|p1a: Clefable|spd|1
|move|p2a: Clodsire|Stealth Rock|p1a: Clefable
|-sidestart|p1: Keeday|move: Stealth Rock
|
|-heal|p1a: Clefable|79/100 tox|[from] item: Leftovers
|upkeep
|turn|53
|
|t:|1779932897
|move|p1a: Clefable|Calm Mind|p1a: Clefable
|-boost|p1a: Clefable|spa|1
|-boost|p1a: Clefable|spd|1
|move|p2a: Clodsire|Earthquake|p1a: Clefable
|-damage|p1a: Clefable|57/100 tox
|
|-heal|p1a: Clefable|63/100 tox|[from] item: Leftovers
|upkeep
|turn|54
|
|t:|1779932902
|move|p1a: Clefable|Fire Blast|p2a: Clodsire
|-damage|p2a: Clodsire|65/100
|move|p2a: Clodsire|Earthquake|p1a: Clefable
|-damage|p1a: Clefable|43/100 tox
|
|-heal|p1a: Clefable|49/100 tox|[from] item: Leftovers
|upkeep
|turn|55
|
|t:|1779932907
|move|p1a: Clefable|Moonlight|p1a: Clefable
|-heal|p1a: Clefable|99/100 tox
|move|p2a: Clodsire|Earthquake|p1a: Clefable
|-damage|p1a: Clefable|77/100 tox
|
|-heal|p1a: Clefable|83/100 tox|[from] item: Leftovers
|upkeep
|turn|56
|
|t:|1779932913
|switch|p1a: Corviknight|Corviknight, M|73/100
|-ability|p1a: Corviknight|Unnerve
|-damage|p1a: Corviknight|61/100|[from] Stealth Rock
|move|p2a: Clodsire|Earthquake|p1a: Corviknight
|-immune|p1a: Corviknight
|
|-heal|p1a: Corviknight|67/100|[from] item: Leftovers
|upkeep
|turn|57
|
|t:|1779932926
|switch|p2a: Alomomola|Alomomola, F|100/100
|move|p1a: Corviknight|Defog|p2a: Alomomola
|-unboost|p2a: Alomomola|evasion|1
|-sideend|p1: Keeday|Spikes|[from] move: Defog|[of] p1a: Corviknight
|-sideend|p1: Keeday|Stealth Rock|[from] move: Defog|[of] p1a: Corviknight
|
|-heal|p1a: Corviknight|73/100|[from] item: Leftovers
|upkeep
|turn|58
|
|t:|1779932931
|move|p1a: Corviknight|Roost|p1a: Corviknight
|-heal|p1a: Corviknight|100/100
|-singleturn|p1a: Corviknight|move: Roost
|move|p2a: Alomomola|Flip Turn|p1a: Corviknight
|-damage|p1a: Corviknight|91/100
|
|t:|1779932940
|switch|p2a: Weezing|Weezing-Galar, F|27/100 par|[from] Flip Turn
|-ability|p2a: Weezing|Neutralizing Gas
|
|-heal|p1a: Corviknight|98/100|[from] item: Leftovers
|upkeep
|turn|59
|
|t:|1779932947
|move|p1a: Corviknight|Brave Bird|p2a: Weezing
|-damage|p2a: Weezing|4/100 par
|-damage|p1a: Corviknight|91/100|[from] Recoil
|move|p2a: Weezing|Pain Split|p1a: Corviknight
|-sethp|p1a: Corviknight|47/100|[from] move: Pain Split|[silent]
|-sethp|p2a: Weezing|57/100 par|[from] move: Pain Split
|
|-heal|p1a: Corviknight|54/100|[from] item: Leftovers
|upkeep
|turn|60
|
|t:|1779932957
|move|p1a: Corviknight|U-turn|p2a: Weezing
|-resisted|p2a: Weezing
|-damage|p2a: Weezing|55/100 par
|
|t:|1779932963
|switch|p1a: Quaquaval|Quaquaval, M|100/100|[from] U-turn
|move|p2a: Weezing|Will-O-Wisp|p1a: Quaquaval
|-status|p1a: Quaquaval|brn
|
|-damage|p1a: Quaquaval|94/100 brn|[from] brn
|upkeep
|turn|61
|c|☆Keeday|U got it big bro
|-message|Keeday forfeited.
|
|win|Tame Impino
|raw|Keeday's rating: 1013 &rarr; <strong>1001</strong><br />(-12 for losing)
|raw|Tame Impino's rating: 1000 &rarr; <strong>1041</strong><br />(+41 for winning)
|c|☆Keeday|GG
