|j|☆ItsMe_Shyam_14
|j|☆Slxn
|t:|1779885116
|gametype|singles
|player|p1|ItsMe_Shyam_14|dawn|1094
|player|p2|Slxn|170|1054
|gen|9
|tier|[Gen 9] OU
|rated|
|rule|HP Percentage Mod: HP is shown in percentages
|rule|Endless Battle Clause: Forcing endless battles is banned
|rule|Species Clause: Limit one of each Pokémon
|rule|OHKO Clause: OHKO moves are banned
|rule|Evasion Items Clause: Evasion items are banned
|rule|Evasion Moves Clause: Evasion moves are banned
|rule|Evasion Abilities Clause: Evasion abilities are banned
|rule|Sleep Moves Clause: Sleep-inducing moves are banned
|clearpoke
|poke|p1|Inteleon, M|
|poke|p1|Charizard, F|
|poke|p1|Volcanion|
|poke|p1|Venusaur, F|
|poke|p1|Muk, F|
|poke|p1|Rillaboom, M|
|poke|p2|Rillaboom, F|
|poke|p2|Corviknight, M|
|poke|p2|Alcremie-Salted-Cream, F|
|poke|p2|Dragapult, M|
|poke|p2|Hatterene, F|
|poke|p2|Cinderace, F|
|teampreview
|inactive|Battle timer is ON: inactive players will automatically lose when time's up. (requested by ItsMe_Shyam_14)
|
|t:|1779885131
|teamsize|p1|6
|teamsize|p2|6
|start
|switch|p1a: Blob|Muk, F|100/100
|switch|p2a: Alcremie|Alcremie-Salted-Cream, F, shiny|100/100
|turn|1
|
|t:|1779885145
|switch|p2a: Corviknight|Corviknight, M, shiny|100/100
|move|p1a: Blob|Knock Off|p2a: Corviknight
|-damage|p2a: Corviknight|85/100
|-enditem|p2a: Corviknight|Sitrus Berry|[from] move: Knock Off|[of] p1a: Blob
|
|upkeep
|turn|2
|
|t:|1779885157
|switch|p1a: Lump|Volcanion|100/100
|move|p2a: Corviknight|Iron Defense|p2a: Corviknight
|-boost|p2a: Corviknight|def|2
|
|upkeep
|turn|3
|
|t:|1779885168
|-terastallize|p2a: Corviknight|Flying
|move|p1a: Lump|Flamethrower|p2a: Corviknight
|-damage|p2a: Corviknight|35/100
|move|p2a: Corviknight|Iron Defense|p2a: Corviknight
|-boost|p2a: Corviknight|def|2
|
|upkeep
|turn|4
|
|t:|1779885180
|switch|p2a: Dragapult|Dragapult, M|100/100
|move|p1a: Lump|Flamethrower|p2a: Dragapult
|-resisted|p2a: Dragapult
|-damage|p2a: Dragapult|69/100
|
|upkeep
|turn|5
|
|t:|1779885190
|move|p2a: Dragapult|Psychic Fangs|p1a: Lump
|-damage|p1a: Lump|71/100
|move|p1a: Lump|Flame Charge|p2a: Dragapult
|-resisted|p2a: Dragapult
|-damage|p2a: Dragapult|57/100
|-boost|p1a: Lump|spe|1
|
|upkeep
|turn|6
|
|t:|1779885201
|move|p1a: Lump|Steam Eruption|p2a: Dragapult
|-resisted|p2a: Dragapult
|-damage|p2a: Dragapult|19/100
|move|p2a: Dragapult|Dragon Darts|p1a: Lump
|-damage|p1a: Lump|46/100
|-anim|p2a: Dragapult|Dragon Darts|p1a: Lump
|-damage|p1a: Lump|19/100
|
|upkeep
|turn|7
|
|t:|1779885211
|move|p2a: Dragapult|Protect|p2a: Dragapult
|-singleturn|p2a: Dragapult|Protect
|move|p1a: Lump|Steam Eruption|p2a: Dragapult
|-activate|p2a: Dragapult|move: Protect
|
|upkeep
|turn|8
|
|t:|1779885222
|move|p1a: Lump|Steam Eruption|p2a: Dragapult
|-resisted|p2a: Dragapult
|-damage|p2a: Dragapult|0 fnt
|faint|p2a: Dragapult
|
|upkeep
|
|t:|1779885229
|switch|p2a: Cinderace|Cinderace, F|100/100
|turn|9
|
|t:|1779885241
|move|p1a: Lump|Steam Eruption|p2a: Cinderace
|-supereffective|p2a: Cinderace
|-damage|p2a: Cinderace|0 fnt
|faint|p2a: Cinderace
|
|upkeep
|
|t:|1779885247
|switch|p2a: Hatterene|Hatterene, F|100/100
|turn|10
|
|t:|1779885254
|move|p1a: Lump|Flamethrower|p2a: Hatterene
|-damage|p2a: Hatterene|56/100
|move|p2a: Hatterene|Shadow Ball|p1a: Lump
|-damage|p1a: Lump|0 fnt
|faint|p1a: Lump
|
|upkeep
|
|t:|1779885268
|switch|p1a: Bond|Inteleon, M|100/100
|turn|11
|
|t:|1779885279
|move|p1a: Bond|Ice Beam|p2a: Hatterene
|-damage|p2a: Hatterene|25/100
|move|p2a: Hatterene|Magic Powder|p1a: Bond
|-start|p1a: Bond|typechange|Psychic
|
|upkeep
|turn|12
|
|t:|1779885289
|move|p1a: Bond|Snipe Shot|p2a: Hatterene
|-damage|p2a: Hatterene|0 fnt
|faint|p2a: Hatterene
|
|upkeep
|
|t:|1779885305
|switch|p2a: Corviknight|Corviknight, M, shiny, tera:Flying|35/100
|turn|13
|
|t:|1779885312
|move|p1a: Bond|Ice Beam|p2a: Corviknight
|-supereffective|p2a: Corviknight
|-damage|p2a: Corviknight|0 fnt
|faint|p2a: Corviknight
|
|upkeep
|
|t:|1779885318
|switch|p2a: Alcremie|Alcremie-Salted-Cream, F, shiny|100/100
|turn|14
|
|t:|1779885323
|move|p1a: Bond|Snipe Shot|p2a: Alcremie
|-damage|p2a: Alcremie|79/100
|move|p2a: Alcremie|Light Screen|p2a: Alcremie
|-sidestart|p2: Slxn|move: Light Screen
|
|-heal|p2a: Alcremie|85/100|[from] item: Leftovers
|upkeep
|turn|15
|
|t:|1779885332
|move|p1a: Bond|Snipe Shot|p2a: Alcremie
|-damage|p2a: Alcremie|74/100
|move|p2a: Alcremie|Decorate|p1a: Bond
|-boost|p1a: Bond|atk|2
|-boost|p1a: Bond|spa|2
|
|-heal|p2a: Alcremie|80/100|[from] item: Leftovers
|upkeep
|turn|16
|
|t:|1779885342
|move|p1a: Bond|Snipe Shot|p2a: Alcremie
|-damage|p2a: Alcremie|58/100
|move|p2a: Alcremie|Dazzling Gleam|p1a: Bond
|-damage|p1a: Bond|34/100
|
|-heal|p2a: Alcremie|64/100|[from] item: Leftovers
|upkeep
|turn|17
|
|t:|1779885351
|move|p1a: Bond|Snipe Shot|p2a: Alcremie
|-crit|p2a: Alcremie
|-damage|p2a: Alcremie|0 fnt
|faint|p2a: Alcremie
|
|upkeep
|
|t:|1779885356
|switch|p2a: Rillaboom|Rillaboom, F|100/100
|-fieldstart|move: Grassy Terrain|[from] ability: Grassy Surge|[of] p2a: Rillaboom
|turn|18
|
|t:|1779885362
|move|p2a: Rillaboom|Fake Out|p1a: Bond
|-damage|p1a: Bond|10/100
|cant|p1a: Bond|flinch
|
|-heal|p1a: Bond|16/100|[from] Grassy Terrain
|-sideend|p2: Slxn|move: Light Screen
|upkeep
|turn|19
|
|t:|1779885373
|move|p1a: Bond|Ice Beam|p2a: Rillaboom
|-supereffective|p2a: Rillaboom
|-damage|p2a: Rillaboom|0 fnt
|faint|p2a: Rillaboom
|
|win|ItsMe_Shyam_14
|raw|ItsMe_Shyam_14's rating: 1094 &rarr; <strong>1117</strong><br />(+23 for winning)
|raw|Slxn's rating: 1054 &rarr; <strong>1038</strong><br />(-16 for losing)
|l|☆Slxn
|player|p2|
|l|☆ItsMe_Shyam_14
|player|p1|
