|j|☆t1max
|j|☆Kiyosumi<3
|t:|1779926801
|gametype|singles
|player|p1|t1max|skierf|1427
|player|p2|Kiyosumi<3|steven|1471
|gen|9
|tier|[Gen 9] OU
|rated|
|rule|HP Percentage Mod: HP is shown in percentages
|rule|Endless Battle Clause: Forcing endless battles is banned
|rule|Species Clause: Limit one of each Pokémon
|rule|OHKO Clause: OHKO moves are banned
|rule|Evasion Items Clause: Evasion items are banned
|rule|Evasion Moves Clause: Evasion moves are banned
|rule|Evasion Abilities Clause: Evasion abilities are banned
|rule|Sleep Moves Clause: Sleep-inducing moves are banned
|clearpoke
|poke|p1|Regidrago|
|poke|p1|Regice|
|poke|p1|Regigigas|
|poke|p1|Regirock|
|poke|p1|Registeel|
|poke|p1|Regieleki|
|poke|p2|Landorus-Therian, M|
|poke|p2|Iron Valiant|
|poke|p2|Alomomola, M|
|poke|p2|Heatran, M|
|poke|p2|Lokix, M|
|poke|p2|Ogerpon-Cornerstone, F|
|teampreview
|
|t:|1779926826
|teamsize|p1|6
|teamsize|p2|6
|start
|switch|p1a: Regice|Regice|100/100
|switch|p2a: Lokix|Lokix, M|100/100
|turn|1
|
|t:|1779926834
|switch|p1a: Registeel|Registeel|100/100
|move|p2a: Lokix|First Impression|p1a: Registeel
|-resisted|p1a: Registeel
|-damage|p1a: Registeel|72/100
|
|upkeep
|turn|2
|
|t:|1779926839
|move|p2a: Lokix|U-turn|p1a: Registeel
|-resisted|p1a: Registeel
|-damage|p1a: Registeel|51/100
|
|t:|1779926872
|switch|p2a: Landorus|Landorus-Therian, M|100/100|[from] U-turn
|-ability|p2a: Landorus|Intimidate|boost
|-fail|p1a: Registeel|unboost|[from] ability: Clear Body|[of] p1a: Registeel
|move|p1a: Registeel|Meteor Beam||[still]
|-prepare|p1a: Registeel|Meteor Beam
|-boost|p1a: Registeel|spa|1
|-enditem|p1a: Registeel|Power Herb
|-anim|p1a: Registeel|Meteor Beam|p2a: Landorus
|-damage|p2a: Landorus|45/100
|
|upkeep
|turn|3
|
|t:|1779926883
|move|p2a: Landorus|Stealth Rock|p1a: Registeel
|-sidestart|p1: t1max|move: Stealth Rock
|move|p1a: Registeel|Flash Cannon|p2a: Landorus
|-damage|p2a: Landorus|0 fnt
|faint|p2a: Landorus
|
|upkeep
|
|t:|1779926897
|switch|p2a: Heatran|Heatran, M|100/100
|-item|p2a: Heatran|Air Balloon
|turn|4
|
|t:|1779926906
|move|p2a: Heatran|Lava Plume|p1a: Registeel
|-supereffective|p1a: Registeel
|-damage|p1a: Registeel|0 fnt
|faint|p1a: Registeel
|
|upkeep
|
|t:|1779926915
|switch|p1a: Regigigas|Regigigas|100/100
|-damage|p1a: Regigigas|88/100|[from] Stealth Rock
|-start|p1a: Regigigas|ability: Slow Start
|turn|5
|
|t:|1779926921
|move|p1a: Regigigas|Protect|p1a: Regigigas
|-singleturn|p1a: Regigigas|Protect
|move|p2a: Heatran|Lava Plume|p1a: Regigigas
|-activate|p1a: Regigigas|move: Protect
|
|-heal|p1a: Regigigas|94/100|[from] item: Leftovers
|upkeep
|turn|6
|
|t:|1779926925
|move|p2a: Heatran|Lava Plume|p1a: Regigigas
|-damage|p1a: Regigigas|58/100
|-status|p1a: Regigigas|brn
|move|p1a: Regigigas|Knock Off|p2a: Heatran
|-damage|p2a: Heatran|94/100
|-enditem|p2a: Heatran|Air Balloon
|
|-heal|p1a: Regigigas|64/100 brn|[from] item: Leftovers
|-damage|p1a: Regigigas|58/100 brn|[from] brn
|upkeep
|turn|7
|
|t:|1779926934
|switch|p2a: Lokix|Lokix, M|100/100
|move|p1a: Regigigas|Thunder Wave|p2a: Lokix
|-status|p2a: Lokix|par
|
|-heal|p1a: Regigigas|64/100 brn|[from] item: Leftovers
|-damage|p1a: Regigigas|58/100 brn|[from] brn
|upkeep
|turn|8
|
|t:|1779926940
|move|p1a: Regigigas|Protect|p1a: Regigigas
|-singleturn|p1a: Regigigas|Protect
|move|p2a: Lokix|U-turn|p1a: Regigigas
|-activate|p1a: Regigigas|move: Protect
|
|-heal|p1a: Regigigas|64/100 brn|[from] item: Leftovers
|-damage|p1a: Regigigas|58/100 brn|[from] brn
|upkeep
|turn|9
|
|t:|1779926944
|cant|p2a: Lokix|par
|move|p1a: Regigigas|Knock Off|p2a: Lokix
|-resisted|p2a: Lokix
|-damage|p2a: Lokix|95/100 par
|-enditem|p2a: Lokix|Heavy-Duty Boots|[from] move: Knock Off|[of] p1a: Regigigas
|
|-heal|p1a: Regigigas|64/100 brn|[from] item: Leftovers
|-damage|p1a: Regigigas|58/100 brn|[from] brn
|-end|p1a: Regigigas|Slow Start
|upkeep
|turn|10
|
|t:|1779926953
|move|p1a: Regigigas|Hyper Beam|p2a: Lokix
|-damage|p2a: Lokix|0 fnt
|-mustrecharge|p1a: Regigigas
|faint|p2a: Lokix
|
|-heal|p1a: Regigigas|64/100 brn|[from] item: Leftovers
|-damage|p1a: Regigigas|58/100 brn|[from] brn
|upkeep
|
|t:|1779926982
|switch|p2a: Iron Valiant|Iron Valiant|100/100
|-enditem|p2a: Iron Valiant|Booster Energy
|-activate|p2a: Iron Valiant|ability: Quark Drive|[fromitem]
|-start|p2a: Iron Valiant|quarkdrivespe
|turn|11
|
|t:|1779926987
|move|p2a: Iron Valiant|Close Combat|p1a: Regigigas
|-supereffective|p1a: Regigigas
|-damage|p1a: Regigigas|0 fnt
|-unboost|p2a: Iron Valiant|def|1
|-unboost|p2a: Iron Valiant|spd|1
|faint|p1a: Regigigas
|-end|p1a: Regigigas|Slow Start|[silent]
|
|upkeep
|
|t:|1779926994
|switch|p1a: Regieleki|Regieleki|100/100
|-damage|p1a: Regieleki|88/100|[from] Stealth Rock
|turn|12
|
|t:|1779927008
|-terastallize|p2a: Iron Valiant|Fairy
|move|p2a: Iron Valiant|Moonblast|p1a: Regieleki
|-damage|p1a: Regieleki|0 fnt
|faint|p1a: Regieleki
|
|upkeep
|
|t:|1779927022
|switch|p1a: Regirock|Regirock|100/100
|-damage|p1a: Regirock|88/100|[from] Stealth Rock
|turn|13
|
|t:|1779927042
|move|p2a: Iron Valiant|Moonblast|p1a: Regirock
|-damage|p1a: Regirock|39/100
|move|p1a: Regirock|Thunder Wave|p2a: Iron Valiant
|-status|p2a: Iron Valiant|par
|
|-heal|p1a: Regirock|45/100|[from] item: Leftovers
|upkeep
|turn|14
|
|t:|1779927047
|cant|p2a: Iron Valiant|par
|move|p1a: Regirock|Heavy Slam|p2a: Iron Valiant
|-supereffective|p2a: Iron Valiant
|-damage|p2a: Iron Valiant|0 fnt
|faint|p2a: Iron Valiant
|-end|p2a: Iron Valiant|Quark Drive|[silent]
|
|-heal|p1a: Regirock|51/100|[from] item: Leftovers
|upkeep
|
|t:|1779927057
|switch|p2a: Heatran|Heatran, M|94/100
|turn|15
|
|t:|1779927065
|move|p2a: Heatran|Flash Cannon|p1a: Regirock
|-supereffective|p1a: Regirock
|-damage|p1a: Regirock|0 fnt
|faint|p1a: Regirock
|
|upkeep
|
|t:|1779927075
|switch|p1a: Regidrago|Regidrago|100/100
|-damage|p1a: Regidrago|88/100|[from] Stealth Rock
|turn|16
|
|t:|1779927084
|-terastallize|p1a: Regidrago|Ground
|move|p1a: Regidrago|Earth Power|p2a: Heatran
|-supereffective|p2a: Heatran
|-damage|p2a: Heatran|0 fnt
|faint|p2a: Heatran
|
|upkeep
|
|t:|1779927089
|switch|p2a: Alomomola|Alomomola, M|100/100
|turn|17
|
|t:|1779927096
|switch|p1a: Regice|Regice|100/100
|move|p2a: Alomomola|Mirror Coat||[still]
|-fail|p2a: Alomomola
|
|upkeep
|turn|18
|
|t:|1779927102
|move|p2a: Alomomola|Flip Turn|p1a: Regice
|-damage|p1a: Regice|85/100
|
|t:|1779927104
|switch|p2a: Ogerpon|Ogerpon-Cornerstone, F|100/100|[from] Flip Turn
|move|p1a: Regice|Gravity|p1a: Regice
|-fieldstart|move: Gravity
|
|upkeep
|turn|19
|
|t:|1779927111
|move|p2a: Ogerpon|Ivy Cudgel|p1a: Regice|[anim] Ivy Cudgel Rock
|-supereffective|p1a: Regice
|-damage|p1a: Regice|0 fnt
|faint|p1a: Regice
|
|upkeep
|
|t:|1779927115
|switch|p1a: Regidrago|Regidrago, tera:Ground|88/100
|-damage|p1a: Regidrago|82/100|[from] Stealth Rock
|turn|20
|
|t:|1779927122
|move|p1a: Regidrago|Dragon Energy|p2a: Ogerpon
|-damage|p2a: Ogerpon|16/100
|move|p2a: Ogerpon|Seed Bomb|p1a: Regidrago
|-supereffective|p1a: Regidrago
|-damage|p1a: Regidrago|0 fnt
|faint|p1a: Regidrago
|
|win|Kiyosumi<3
|raw|t1max's rating: 1427 &rarr; <strong>1410</strong><br />(-17 for losing)
|raw|Kiyosumi&lt;3's rating: 1471 &rarr; <strong>1488</strong><br />(+17 for winning)
|c|☆t1max|gg
|c|☆Kiyosumi<3|gg
|l|☆Kiyosumi<3
|player|p2|
|l|☆t1max
|player|p1|
