|j|☆166w
|j|☆MousesYeah
|t:|1779856857
|gametype|singles
|player|p1|166w|steven|1061
|player|p2|MousesYeah|lass-gen4dp|1064
|gen|9
|tier|[Gen 9] OU
|rated|
|rule|HP Percentage Mod: HP is shown in percentages
|rule|Endless Battle Clause: Forcing endless battles is banned
|rule|Species Clause: Limit one of each Pokémon
|rule|OHKO Clause: OHKO moves are banned
|rule|Evasion Items Clause: Evasion items are banned
|rule|Evasion Moves Clause: Evasion moves are banned
|rule|Evasion Abilities Clause: Evasion abilities are banned
|rule|Sleep Moves Clause: Sleep-inducing moves are banned
|clearpoke
|poke|p1|Great Tusk|
|poke|p1|Gliscor, M|
|poke|p1|Overqwil, F|
|poke|p1|Alomomola, F|
|poke|p1|Amoonguss, F|
|poke|p1|Ting-Lu|
|poke|p2|Landorus-Therian, M|
|poke|p2|Weavile, M|
|poke|p2|Fezandipiti, M|
|poke|p2|Slowking-Galar, M|
|poke|p2|Blaziken, M|
|poke|p2|Thundurus-Therian, M|
|teampreview
|inactive|Battle timer is ON: inactive players will automatically lose when time's up. (requested by 166w)
|
|t:|1779856868
|teamsize|p1|6
|teamsize|p2|6
|start
|switch|p1a: Amoonguss|Amoonguss, F|100/100
|switch|p2a: Landorus|Landorus-Therian, M|100/100
|-ability|p2a: Landorus|Intimidate|boost
|-unboost|p1a: Amoonguss|atk|1
|turn|1
|
|t:|1779856878
|move|p2a: Landorus|Stealth Rock|p1a: Amoonguss
|-sidestart|p1: 166w|move: Stealth Rock
|move|p1a: Amoonguss|Toxic|p2a: Landorus
|-status|p2a: Landorus|tox
|
|-damage|p2a: Landorus|95/100 tox|[from] psn
|upkeep
|turn|2
|
|t:|1779856886
|move|p2a: Landorus|U-turn|p1a: Amoonguss
|-damage|p1a: Amoonguss|73/100
|-damage|p2a: Landorus|78/100 tox|[from] item: Rocky Helmet|[of] p1a: Amoonguss
|
|t:|1779856892
|switch|p2a: Thundurus|Thundurus-Therian, M|100/100|[from] U-turn
|move|p1a: Amoonguss|Hex|p2a: Thundurus
|-damage|p2a: Thundurus|82/100
|
|upkeep
|turn|3
|
|t:|1779856904
|switch|p1a: Great Tusk|Great Tusk|100/100
|-damage|p1a: Great Tusk|98/100|[from] Stealth Rock
|-enditem|p1a: Great Tusk|Booster Energy
|-activate|p1a: Great Tusk|ability: Protosynthesis|[fromitem]
|-start|p1a: Great Tusk|protosynthesisatk
|move|p2a: Thundurus|Psychic|p1a: Great Tusk
|-supereffective|p1a: Great Tusk
|-damage|p1a: Great Tusk|0 fnt
|faint|p1a: Great Tusk
|-end|p1a: Great Tusk|Protosynthesis|[silent]
|
|upkeep
|
|t:|1779856914
|switch|p1a: Amoonguss|Amoonguss, F|100/100
|-damage|p1a: Amoonguss|88/100|[from] Stealth Rock
|turn|4
|
|t:|1779856921
|move|p2a: Thundurus|Nasty Plot|p2a: Thundurus
|-boost|p2a: Thundurus|spa|2
|move|p1a: Amoonguss|Toxic|p2a: Thundurus
|-status|p2a: Thundurus|tox
|
|-damage|p2a: Thundurus|76/100 tox|[from] psn
|upkeep
|turn|5
|
|t:|1779856930
|move|p1a: Amoonguss|Protect|p1a: Amoonguss
|-singleturn|p1a: Amoonguss|Protect
|move|p2a: Thundurus|Psychic|p1a: Amoonguss
|-activate|p1a: Amoonguss|move: Protect
|
|-damage|p2a: Thundurus|64/100 tox|[from] psn
|upkeep
|turn|6
|
|t:|1779856940
|switch|p1a: Alomomola|Alomomola, F|100/100
|-damage|p1a: Alomomola|88/100|[from] Stealth Rock
|move|p2a: Thundurus|Thunderbolt|p1a: Alomomola
|-supereffective|p1a: Alomomola
|-damage|p1a: Alomomola|0 fnt
|faint|p1a: Alomomola
|
|-damage|p2a: Thundurus|46/100 tox|[from] psn
|upkeep
|
|t:|1779856948
|switch|p1a: Gliscor|Gliscor, M|100/100
|-damage|p1a: Gliscor|88/100|[from] Stealth Rock
|turn|7
|
|t:|1779856957
|switch|p2a: Weavile|Weavile, M|100/100
|-ability|p2a: Weavile|Pressure
|move|p1a: Gliscor|Swords Dance|p1a: Gliscor
|-boost|p1a: Gliscor|atk|2
|
|-status|p1a: Gliscor|tox|[from] item: Toxic Orb
|upkeep
|turn|8
|
|t:|1779856968
|-terastallize|p1a: Gliscor|Fire
|move|p2a: Weavile|Ice Shard|p1a: Gliscor
|-resisted|p1a: Gliscor
|-damage|p1a: Gliscor|77/100 tox
|move|p1a: Gliscor|Toxic|p2a: Weavile
|-status|p2a: Weavile|tox
|
|-damage|p2a: Weavile|94/100 tox|[from] psn
|-heal|p1a: Gliscor|90/100 tox|[from] ability: Poison Heal
|upkeep
|turn|9
|
|t:|1779856985
|move|p2a: Weavile|Knock Off|p1a: Gliscor
|-damage|p1a: Gliscor|40/100 tox
|-enditem|p1a: Gliscor|Toxic Orb|[from] move: Knock Off|[of] p2a: Weavile
|move|p1a: Gliscor|Crabhammer|p2a: Weavile
|-damage|p2a: Weavile|5/100 tox
|
|-damage|p2a: Weavile|0 fnt|[from] psn
|faint|p2a: Weavile
|-heal|p1a: Gliscor|53/100 tox|[from] ability: Poison Heal
|upkeep
|
|t:|1779857000
|switch|p2a: Landorus|Landorus-Therian, M|78/100 tox
|-ability|p2a: Landorus|Intimidate|boost
|-unboost|p1a: Gliscor|atk|1
|turn|10
|
|t:|1779857006
|move|p1a: Gliscor|Crabhammer|p2a: Landorus
|-supereffective|p2a: Landorus
|-damage|p2a: Landorus|0 fnt
|-damage|p1a: Gliscor|36/100 tox|[from] item: Rocky Helmet|[of] p2a: Landorus
|faint|p2a: Landorus
|
|-heal|p1a: Gliscor|49/100 tox|[from] ability: Poison Heal
|upkeep
|
|t:|1779857018
|switch|p2a: Blaziken|Blaziken, M|100/100
|turn|11
|
|t:|1779857022
|move|p2a: Blaziken|Protect|p2a: Blaziken
|-singleturn|p2a: Blaziken|Protect
|move|p1a: Gliscor|Toxic|p2a: Blaziken
|-activate|p2a: Blaziken|move: Protect
|
|-heal|p1a: Gliscor|61/100 tox|[from] ability: Poison Heal
|-ability|p2a: Blaziken|Speed Boost|boost
|-boost|p2a: Blaziken|spe|1
|upkeep
|turn|12
|
|t:|1779857032
|move|p2a: Blaziken|Rock Slide|p1a: Gliscor
|-supereffective|p1a: Gliscor
|-damage|p1a: Gliscor|6/100 tox
|move|p1a: Gliscor|Crabhammer|p2a: Blaziken
|-supereffective|p2a: Blaziken
|-crit|p2a: Blaziken
|-damage|p2a: Blaziken|0 fnt
|faint|p2a: Blaziken
|
|-heal|p1a: Gliscor|18/100 tox|[from] ability: Poison Heal
|upkeep
|
|t:|1779857046
|switch|p2a: Fezandipiti|Fezandipiti, M|100/100
|turn|13
|
|t:|1779857052
|move|p1a: Gliscor|Crabhammer|p2a: Fezandipiti
|-damage|p2a: Fezandipiti|57/100
|move|p2a: Fezandipiti|Gunk Shot|p1a: Gliscor
|-damage|p1a: Gliscor|0 fnt
|faint|p1a: Gliscor
|
|upkeep
|
|t:|1779857057
|switch|p1a: Ting-Lu|Ting-Lu|100/100
|-damage|p1a: Ting-Lu|94/100|[from] Stealth Rock
|-ability|p1a: Ting-Lu|Vessel of Ruin
|turn|14
|
|t:|1779857067
|move|p2a: Fezandipiti|Play Rough|p1a: Ting-Lu
|-supereffective|p1a: Ting-Lu
|-damage|p1a: Ting-Lu|52/100
|-unboost|p1a: Ting-Lu|atk|1
|move|p1a: Ting-Lu|Stealth Rock|p2a: Fezandipiti
|-sidestart|p2: MousesYeah|move: Stealth Rock
|
|-heal|p1a: Ting-Lu|58/100|[from] item: Leftovers
|upkeep
|turn|15
|
|t:|1779857076
|move|p2a: Fezandipiti|Play Rough|p1a: Ting-Lu|[miss]
|-miss|p2a: Fezandipiti|p1a: Ting-Lu
|move|p1a: Ting-Lu|Earthquake|p2a: Fezandipiti
|-supereffective|p2a: Fezandipiti
|-damage|p2a: Fezandipiti|3/100
|
|-heal|p1a: Ting-Lu|65/100|[from] item: Leftovers
|upkeep
|turn|16
|
|t:|1779857085
|move|p2a: Fezandipiti|Play Rough|p1a: Ting-Lu|[miss]
|-miss|p2a: Fezandipiti|p1a: Ting-Lu
|move|p1a: Ting-Lu|Whirlwind|p2a: Fezandipiti
|drag|p2a: Thundurus|Thundurus-Therian, M|46/100 tox
|
|-heal|p1a: Ting-Lu|71/100|[from] item: Leftovers
|-damage|p2a: Thundurus|40/100 tox|[from] psn
|upkeep
|turn|17
|
|t:|1779857098
|move|p2a: Thundurus|Sludge Wave|p1a: Ting-Lu
|-resisted|p1a: Ting-Lu
|-damage|p1a: Ting-Lu|62/100
|move|p1a: Ting-Lu|Whirlwind|p2a: Thundurus
|drag|p2a: Slowking|Slowking-Galar, M|100/100
|-damage|p2a: Slowking|88/100|[from] Stealth Rock
|
|-heal|p1a: Ting-Lu|69/100|[from] item: Leftovers
|-heal|p2a: Slowking|94/100|[from] item: Leftovers
|upkeep
|turn|18
|
|t:|1779857110
|move|p1a: Ting-Lu|Spikes|p2a: Slowking
|-sidestart|p2: MousesYeah|Spikes
|move|p2a: Slowking|Toxic|p1a: Ting-Lu
|-status|p1a: Ting-Lu|tox
|
|-heal|p1a: Ting-Lu|75/100 tox|[from] item: Leftovers
|-heal|p2a: Slowking|99/100|[from] item: Leftovers
|-damage|p1a: Ting-Lu|69/100 tox|[from] psn
|upkeep
|turn|19
|
|t:|1779857120
|move|p2a: Slowking|Protect|p2a: Slowking
|-singleturn|p2a: Slowking|Protect
|move|p1a: Ting-Lu|Whirlwind|p2a: Slowking
|drag|p2a: Thundurus|Thundurus-Therian, M|40/100 tox
|
|-heal|p1a: Ting-Lu|75/100 tox|[from] item: Leftovers
|-damage|p2a: Thundurus|34/100 tox|[from] psn
|-damage|p1a: Ting-Lu|62/100 tox|[from] psn
|upkeep
|turn|20
|
|t:|1779857131
|move|p2a: Thundurus|Sludge Wave|p1a: Ting-Lu
|-resisted|p1a: Ting-Lu
|-damage|p1a: Ting-Lu|53/100 tox
|move|p1a: Ting-Lu|Spikes|p2a: Thundurus
|-sidestart|p2: MousesYeah|Spikes
|
|-heal|p1a: Ting-Lu|60/100 tox|[from] item: Leftovers
|-damage|p2a: Thundurus|22/100 tox|[from] psn
|-damage|p1a: Ting-Lu|41/100 tox|[from] psn
|upkeep
|turn|21
|
|t:|1779857140
|move|p2a: Thundurus|Sludge Wave|p1a: Ting-Lu
|-resisted|p1a: Ting-Lu
|-damage|p1a: Ting-Lu|33/100 tox
|move|p1a: Ting-Lu|Whirlwind|p2a: Thundurus
|drag|p2a: Slowking|Slowking-Galar, M|100/100
|-damage|p2a: Slowking|88/100|[from] Stealth Rock
|-damage|p2a: Slowking|72/100|[from] Spikes
|
|-heal|p1a: Ting-Lu|39/100 tox|[from] item: Leftovers
|-heal|p2a: Slowking|78/100|[from] item: Leftovers
|-damage|p1a: Ting-Lu|14/100 tox|[from] psn
|upkeep
|turn|22
|
|t:|1779857153
|move|p2a: Slowking|Future Sight|p1a: Ting-Lu
|-start|p2a: Slowking|move: Future Sight
|move|p1a: Ting-Lu|Whirlwind|p2a: Slowking
|drag|p2a: Fezandipiti|Fezandipiti, M|3/100
|-damage|p2a: Fezandipiti|0 fnt|[from] Stealth Rock
|faint|p2a: Fezandipiti
|
|-heal|p1a: Ting-Lu|20/100 tox|[from] item: Leftovers
|-damage|p1a: Ting-Lu|0 fnt|[from] psn
|faint|p1a: Ting-Lu
|upkeep
|
|t:|1779857167
|switch|p2a: Slowking|Slowking-Galar, M|100/100
|switch|p1a: Overqwil|Overqwil, F|100/100
|-damage|p1a: Overqwil|88/100|[from] Stealth Rock
|-ability|p1a: Overqwil|Intimidate|boost
|-unboost|p2a: Slowking|atk|1
|-item|p1a: Overqwil|Air Balloon
|-damage|p2a: Slowking|88/100|[from] Stealth Rock
|-damage|p2a: Slowking|72/100|[from] Spikes
|turn|23
|
|t:|1779857179
|move|p1a: Overqwil|Crunch|p2a: Slowking
|-supereffective|p2a: Slowking
|-damage|p2a: Slowking|0 fnt
|faint|p2a: Slowking
|
|upkeep
|
|t:|1779857185
|switch|p2a: Thundurus|Thundurus-Therian, M|22/100 tox
|turn|24
|
|t:|1779857189
|move|p2a: Thundurus|Thunderbolt|p1a: Overqwil
|-damage|p1a: Overqwil|8/100
|-enditem|p1a: Overqwil|Air Balloon
|move|p1a: Overqwil|Barb Barrage|p2a: Thundurus
|-damage|p2a: Thundurus|0 fnt
|faint|p2a: Thundurus
|
|win|166w
|raw|166w's rating: 1061 &rarr; <strong>1092</strong><br />(+31 for winning)
|raw|MousesYeah's rating: 1064 &rarr; <strong>1044</strong><br />(-20 for losing)
|l|☆MousesYeah
|player|p2|
