|j|☆30delta
|j|☆chessmaster 2000
|t:|1779854956
|gametype|singles
|player|p1|30delta|rocketgrunt|1450
|player|p2|chessmaster 2000|firebreather|1411
|gen|9
|tier|[Gen 9] OU
|rated|
|rule|HP Percentage Mod: HP is shown in percentages
|rule|Endless Battle Clause: Forcing endless battles is banned
|rule|Species Clause: Limit one of each Pokémon
|rule|OHKO Clause: OHKO moves are banned
|rule|Evasion Items Clause: Evasion items are banned
|rule|Evasion Moves Clause: Evasion moves are banned
|rule|Evasion Abilities Clause: Evasion abilities are banned
|rule|Sleep Moves Clause: Sleep-inducing moves are banned
|clearpoke
|poke|p1|Garganacl, M|
|poke|p1|Dondozo, F|
|poke|p1|Kingambit, F|
|poke|p1|Great Tusk|
|poke|p1|Amoonguss, F|
|poke|p1|Chandelure, F|
|poke|p2|Blaziken, F|
|poke|p2|Ninetales, M|
|poke|p2|Venusaur, M|
|poke|p2|Hatterene, F|
|poke|p2|Great Tusk|
|poke|p2|Walking Wake|
|teampreview
|inactive|Battle timer is ON: inactive players will automatically lose when time's up. (requested by chessmaster 2000)
|inactive|30delta also wants the timer to be on.
|
|t:|1779854967
|teamsize|p1|6
|teamsize|p2|6
|start
|switch|p1a: Garganacl|Garganacl, M|100/100
|switch|p2a: Ninetales|Ninetales, M|100/100
|-weather|SunnyDay|[from] ability: Drought|[of] p2a: Ninetales
|turn|1
|
|t:|1779854969
|switch|p2a: Hatterene|Hatterene, F|100/100
|-terastallize|p1a: Garganacl|Fairy
|move|p1a: Garganacl|Salt Cure|p2a: Hatterene
|-damage|p2a: Hatterene|87/100
|-start|p2a: Hatterene|Salt Cure
|-enditem|p2a: Hatterene|Eject Button
|
|t:|1779854978
|switch|p2a: Venusaur|Venusaur, M|100/100
|
|-weather|SunnyDay|[upkeep]
|upkeep
|turn|2
|
|t:|1779854985
|move|p2a: Venusaur|Growth|p2a: Venusaur
|-boost|p2a: Venusaur|atk|2
|-boost|p2a: Venusaur|spa|2
|move|p1a: Garganacl|Salt Cure|p2a: Venusaur
|-damage|p2a: Venusaur|81/100
|-start|p2a: Venusaur|Salt Cure
|
|-weather|SunnyDay|[upkeep]
|-damage|p2a: Venusaur|68/100|[from] Salt Cure
|upkeep
|turn|3
|
|t:|1779854992
|move|p1a: Garganacl|Protect|p1a: Garganacl
|-singleturn|p1a: Garganacl|Protect
|move|p2a: Venusaur|Sludge Bomb|p1a: Garganacl
|-activate|p1a: Garganacl|move: Protect
|
|-weather|SunnyDay|[upkeep]
|-damage|p2a: Venusaur|56/100|[from] Salt Cure
|upkeep
|turn|4
|
|t:|1779854998
|switch|p1a: Amoonguss|Amoonguss, F|100/100
|move|p2a: Venusaur|Weather Ball|p1a: Amoonguss
|-supereffective|p1a: Amoonguss
|-damage|p1a: Amoonguss|0 fnt
|faint|p1a: Amoonguss
|-damage|p2a: Venusaur|46/100|[from] item: Life Orb
|
|-weather|SunnyDay|[upkeep]
|-damage|p2a: Venusaur|34/100|[from] Salt Cure
|upkeep
|
|t:|1779855018
|switch|p1a: Garganacl|Garganacl, M, tera:Fairy|100/100
|turn|5
|
|t:|1779855023
|move|p1a: Garganacl|Protect|p1a: Garganacl
|-singleturn|p1a: Garganacl|Protect
|move|p2a: Venusaur|Sludge Bomb|p1a: Garganacl
|-activate|p1a: Garganacl|move: Protect
|
|-weather|SunnyDay|[upkeep]
|-damage|p2a: Venusaur|21/100|[from] Salt Cure
|upkeep
|turn|6
|
|t:|1779855034
|switch|p1a: Dondozo|Dondozo, F|100/100
|move|p2a: Venusaur|Sludge Bomb|p1a: Dondozo
|-damage|p1a: Dondozo|55/100
|-damage|p2a: Venusaur|11/100|[from] item: Life Orb
|
|-weather|SunnyDay|[upkeep]
|-heal|p1a: Dondozo|61/100|[from] item: Leftovers
|-damage|p2a: Venusaur|0 fnt|[from] Salt Cure
|faint|p2a: Venusaur
|upkeep
|
|t:|1779855039
|switch|p2a: Walking Wake|Walking Wake|100/100
|-activate|p2a: Walking Wake|ability: Protosynthesis
|-start|p2a: Walking Wake|protosynthesisspe
|turn|7
|
|t:|1779855046
|switch|p1a: Garganacl|Garganacl, M, tera:Fairy|100/100
|move|p2a: Walking Wake|Draco Meteor|p1a: Garganacl
|-immune|p1a: Garganacl
|
|-weather|SunnyDay|[upkeep]
|upkeep
|turn|8
|
|t:|1779855051
|-end|p2a: Walking Wake|Protosynthesis|[silent]
|switch|p2a: Hatterene|Hatterene, F|87/100
|move|p1a: Garganacl|Salt Cure|p2a: Hatterene
|-damage|p2a: Hatterene|74/100
|-start|p2a: Hatterene|Salt Cure
|
|-weather|none
|-damage|p2a: Hatterene|62/100|[from] Salt Cure
|upkeep
|turn|9
|
|t:|1779855055
|move|p1a: Garganacl|Protect|p1a: Garganacl
|-singleturn|p1a: Garganacl|Protect
|move|p2a: Hatterene|Psychic Noise|p1a: Garganacl
|-activate|p1a: Garganacl|move: Protect
|
|-damage|p2a: Hatterene|50/100|[from] Salt Cure
|upkeep
|turn|10
|
|t:|1779855059
|switch|p2a: Ninetales|Ninetales, M|100/100
|-weather|SunnyDay|[from] ability: Drought|[of] p2a: Ninetales
|move|p1a: Garganacl|Salt Cure|p2a: Ninetales
|-supereffective|p2a: Ninetales
|-damage|p2a: Ninetales|67/100
|-start|p2a: Ninetales|Salt Cure
|
|-weather|SunnyDay|[upkeep]
|-damage|p2a: Ninetales|55/100|[from] Salt Cure
|upkeep
|turn|11
|
|t:|1779855064
|switch|p2a: Hatterene|Hatterene, F|50/100
|move|p1a: Garganacl|Salt Cure|p2a: Hatterene
|-damage|p2a: Hatterene|35/100
|-start|p2a: Hatterene|Salt Cure
|
|-weather|SunnyDay|[upkeep]
|-damage|p2a: Hatterene|23/100|[from] Salt Cure
|upkeep
|turn|12
|
|t:|1779855069
|move|p2a: Hatterene|Pain Split|p1a: Garganacl
|-sethp|p1a: Garganacl|59/100|[from] move: Pain Split|[silent]
|-sethp|p2a: Hatterene|75/100|[from] move: Pain Split
|move|p1a: Garganacl|Salt Cure|p2a: Hatterene
|-damage|p2a: Hatterene|62/100
|
|-weather|SunnyDay|[upkeep]
|-heal|p1a: Garganacl|66/100|[from] item: Leftovers
|-damage|p2a: Hatterene|50/100|[from] Salt Cure
|upkeep
|turn|13
|
|t:|1779855072
|move|p2a: Hatterene|Psychic Noise|p1a: Garganacl
|-damage|p1a: Garganacl|41/100
|-start|p1a: Garganacl|move: Heal Block
|cant|p1a: Garganacl|move: Heal Block|Recover
|
|-weather|SunnyDay|[upkeep]
|-damage|p2a: Hatterene|37/100|[from] Salt Cure
|upkeep
|turn|14
|
|t:|1779855080
|switch|p1a: Kingambit|Kingambit, F|100/100
|-activate|p1a: Kingambit|ability: Supreme Overlord
|-start|p1a: Kingambit|fallen1|[silent]
|move|p2a: Hatterene|Pain Split|p1a: Kingambit
|-sethp|p1a: Kingambit|68/100|[from] move: Pain Split|[silent]
|-sethp|p2a: Hatterene|73/100|[from] move: Pain Split
|
|-weather|SunnyDay|[upkeep]
|-heal|p1a: Kingambit|74/100|[from] item: Leftovers
|-damage|p2a: Hatterene|60/100|[from] Salt Cure
|upkeep
|turn|15
|
|t:|1779855085
|move|p1a: Kingambit|Iron Head|p2a: Hatterene
|-supereffective|p2a: Hatterene
|-damage|p2a: Hatterene|0 fnt
|faint|p2a: Hatterene
|
|-weather|SunnyDay|[upkeep]
|-heal|p1a: Kingambit|80/100|[from] item: Leftovers
|upkeep
|
|t:|1779855089
|switch|p2a: Blaziken|Blaziken, F|100/100
|turn|16
|
|t:|1779855094
|-end|p1a: Kingambit|fallen1|[silent]
|switch|p1a: Dondozo|Dondozo, F|61/100
|move|p2a: Blaziken|Focus Energy|p2a: Blaziken
|-start|p2a: Blaziken|move: Focus Energy
|
|-weather|SunnyDay|[upkeep]
|-heal|p1a: Dondozo|67/100|[from] item: Leftovers
|-ability|p2a: Blaziken|Speed Boost|boost
|-boost|p2a: Blaziken|spe|1
|upkeep
|turn|17
|
|t:|1779855099
|-terastallize|p2a: Blaziken|Fire
|move|p2a: Blaziken|Overheat|p1a: Dondozo
|-resisted|p1a: Dondozo
|-crit|p1a: Dondozo
|-damage|p1a: Dondozo|0 fnt
|-unboost|p2a: Blaziken|spa|2
|faint|p1a: Dondozo
|
|-weather|none
|-ability|p2a: Blaziken|Speed Boost|boost
|-boost|p2a: Blaziken|spe|1
|upkeep
|
|t:|1779855107
|switch|p1a: Chandelure|Chandelure, F|100/100
|turn|18
|
|t:|1779855113
|switch|p2a: Ninetales|Ninetales, M|55/100
|-weather|SunnyDay|[from] ability: Drought|[of] p2a: Ninetales
|move|p1a: Chandelure|Trick|p2a: Ninetales
|-activate|p1a: Chandelure|move: Trick|[of] p2a: Ninetales
|-item|p2a: Ninetales|Choice Specs|[from] move: Trick
|-item|p1a: Chandelure|Heat Rock|[from] move: Trick
|
|-weather|SunnyDay|[upkeep]
|upkeep
|turn|19
|
|t:|1779855121
|move|p2a: Ninetales|Encore|p1a: Chandelure
|-start|p1a: Chandelure|Encore
|move|p1a: Chandelure|Trick|p2a: Ninetales
|-activate|p1a: Chandelure|move: Trick|[of] p2a: Ninetales
|-item|p2a: Ninetales|Heat Rock|[from] move: Trick
|-item|p1a: Chandelure|Choice Specs|[from] move: Trick
|
|-weather|SunnyDay|[upkeep]
|upkeep
|turn|20
|
|t:|1779855134
|switch|p2a: Walking Wake|Walking Wake|100/100
|-activate|p2a: Walking Wake|ability: Protosynthesis
|-start|p2a: Walking Wake|protosynthesisspe
|move|p1a: Chandelure|Trick|p2a: Walking Wake
|-activate|p1a: Chandelure|move: Trick|[of] p2a: Walking Wake
|-item|p2a: Walking Wake|Choice Specs|[from] move: Trick
|-item|p1a: Chandelure|Choice Specs|[from] move: Trick
|
|-weather|SunnyDay|[upkeep]
|upkeep
|turn|21
|
|t:|1779855145
|switch|p1a: Garganacl|Garganacl, M, tera:Fairy|41/100
|move|p2a: Walking Wake|Hydro Steam|p1a: Garganacl
|-damage|p1a: Garganacl|0 fnt
|faint|p1a: Garganacl
|
|-weather|SunnyDay|[upkeep]
|upkeep
|
|t:|1779855148
|switch|p1a: Kingambit|Kingambit, F|80/100
|-activate|p1a: Kingambit|ability: Supreme Overlord
|-start|p1a: Kingambit|fallen3|[silent]
|turn|22
|
|t:|1779855150
|move|p2a: Walking Wake|Hydro Steam|p1a: Kingambit
|-damage|p1a: Kingambit|0 fnt
|faint|p1a: Kingambit
|-end|p1a: Kingambit|fallen3|[silent]
|
|-weather|SunnyDay|[upkeep]
|upkeep
|-message|30delta forfeited.
|
|win|chessmaster 2000
|raw|30delta's rating: 1450 &rarr; <strong>1428</strong><br />(-22 for losing)
|raw|chessmaster 2000's rating: 1411 &rarr; <strong>1433</strong><br />(+22 for winning)
|l|☆30delta
|player|p1|
|l|☆chessmaster 2000
|player|p2|
