|j|☆claudechamp
|j|☆hugelius
|t:|1779825502
|gametype|singles
|player|p1|claudechamp|265|1229
|player|p2|hugelius|veteran-gen4|1177
|gen|9
|tier|[Gen 9] OU
|rated|
|rule|HP Percentage Mod: HP is shown in percentages
|rule|Endless Battle Clause: Forcing endless battles is banned
|rule|Species Clause: Limit one of each Pokémon
|rule|OHKO Clause: OHKO moves are banned
|rule|Evasion Items Clause: Evasion items are banned
|rule|Evasion Moves Clause: Evasion moves are banned
|rule|Evasion Abilities Clause: Evasion abilities are banned
|rule|Sleep Moves Clause: Sleep-inducing moves are banned
|clearpoke
|poke|p1|Corviknight, F|
|poke|p1|Ting-Lu|
|poke|p1|Kyurem|
|poke|p1|Dondozo, F|
|poke|p1|Slowking-Galar, M|
|poke|p1|Cinderace, F|
|poke|p2|Glimmora, M|
|poke|p2|Garganacl, M|
|poke|p2|Ceruledge, M|
|poke|p2|Gholdengo|
|poke|p2|Ogerpon-Wellspring, F|
|poke|p2|Gliscor, M|
|teampreview
|inactive|Battle timer is ON: inactive players will automatically lose when time's up. (requested by hugelius)
|c|☆claudechamp|hf
|
|t:|1779825510
|teamsize|p1|6
|teamsize|p2|6
|start
|switch|p1a: Corviknight|Corviknight, F|100/100
|switch|p2a: Gliscor|Gliscor, M|100/100
|-ability|p1a: Corviknight|Pressure
|turn|1
|inactive|claudechamp also wants the timer to be on.
|inactive|claudechamp has 120 seconds left.
|
|t:|1779825546
|switch|p1a: Kyurem|Kyurem|100/100
|-ability|p1a: Kyurem|Pressure
|move|p2a: Gliscor|Knock Off|p1a: Kyurem
|-damage|p1a: Kyurem|80/100
|-enditem|p1a: Kyurem|Leftovers|[from] move: Knock Off|[of] p2a: Gliscor
|
|-status|p2a: Gliscor|tox|[from] item: Toxic Orb
|upkeep
|turn|2
|inactive|claudechamp has 120 seconds left.
|
|t:|1779825558
|move|p2a: Gliscor|Protect|p2a: Gliscor
|-singleturn|p2a: Gliscor|Protect
|move|p1a: Kyurem|Freeze-Dry|p2a: Gliscor
|-activate|p2a: Gliscor|move: Protect
|
|upkeep
|turn|3
|inactive|claudechamp has 120 seconds left.
|
|t:|1779825566
|switch|p2a: Gholdengo|Gholdengo|100/100
|move|p1a: Kyurem|Freeze-Dry|p2a: Gholdengo
|-resisted|p2a: Gholdengo
|-damage|p2a: Gholdengo|79/100
|-status|p2a: Gholdengo|frz
|
|-heal|p2a: Gholdengo|85/100 frz|[from] item: Leftovers
|upkeep
|turn|4
|
|t:|1779825571
|move|p1a: Kyurem|Earth Power|p2a: Gholdengo
|-supereffective|p2a: Gholdengo
|-damage|p2a: Gholdengo|19/100 frz
|-unboost|p2a: Gholdengo|spd|1
|cant|p2a: Gholdengo|frz
|
|-heal|p2a: Gholdengo|25/100 frz|[from] item: Leftovers
|upkeep
|turn|5
|
|t:|1779825580
|move|p1a: Kyurem|Earth Power|p2a: Gholdengo
|-supereffective|p2a: Gholdengo
|-damage|p2a: Gholdengo|0 fnt
|faint|p2a: Gholdengo
|
|upkeep
|
|t:|1779825586
|switch|p2a: Glimmora|Glimmora, M|100/100
|-item|p2a: Glimmora|Air Balloon
|turn|6
|
|t:|1779825592
|move|p1a: Kyurem|Earth Power|p2a: Glimmora
|-immune|p2a: Glimmora
|move|p2a: Glimmora|Stealth Rock|p1a: Kyurem
|-sidestart|p1: claudechamp|move: Stealth Rock
|
|upkeep
|turn|7
|
|t:|1779825597
|move|p1a: Kyurem|Freeze-Dry|p2a: Glimmora
|-damage|p2a: Glimmora|63/100
|-status|p2a: Glimmora|frz
|-enditem|p2a: Glimmora|Air Balloon
|cant|p2a: Glimmora|frz
|
|upkeep
|turn|8
|c|☆hugelius|No fun today
|
|t:|1779825621
|switch|p2a: Gliscor|Gliscor, M|100/100 tox
|move|p1a: Kyurem|Earth Power|p2a: Gliscor
|-immune|p2a: Gliscor
|
|upkeep
|turn|9
|
|t:|1779825633
|switch|p2a: Glimmora|Glimmora, M|63/100 frz
|move|p1a: Kyurem|Freeze-Dry|p2a: Glimmora
|-damage|p2a: Glimmora|24/100 frz
|
|upkeep
|turn|10
|
|t:|1779825643
|switch|p2a: Ceruledge|Ceruledge, M|100/100
|move|p1a: Kyurem|Freeze-Dry|p2a: Ceruledge
|-resisted|p2a: Ceruledge
|-damage|p2a: Ceruledge|78/100
|
|upkeep
|turn|11
|
|t:|1779825656
|-terastallize|p2a: Ceruledge|Fighting
|move|p1a: Kyurem|Freeze-Dry|p2a: Ceruledge
|-damage|p2a: Ceruledge|34/100
|move|p2a: Ceruledge|Swords Dance|p2a: Ceruledge
|-boost|p2a: Ceruledge|atk|2
|
|upkeep
|turn|12
|
|t:|1779825673
|move|p2a: Ceruledge|Shadow Sneak|p1a: Kyurem
|-damage|p1a: Kyurem|42/100
|move|p1a: Kyurem|Freeze-Dry|p2a: Ceruledge
|-damage|p2a: Ceruledge|0 fnt
|faint|p2a: Ceruledge
|
|upkeep
|
|t:|1779825677
|switch|p2a: Garganacl|Garganacl, M|100/100
|turn|13
|
|t:|1779825687
|move|p1a: Kyurem|Freeze-Dry|p2a: Garganacl
|-damage|p2a: Garganacl|66/100
|move|p2a: Garganacl|Salt Cure|p1a: Kyurem
|-supereffective|p1a: Kyurem
|-damage|p1a: Kyurem|15/100
|-start|p1a: Kyurem|Salt Cure
|
|-heal|p2a: Garganacl|72/100|[from] item: Leftovers
|-damage|p1a: Kyurem|2/100|[from] Salt Cure
|upkeep
|turn|14
|
|t:|1779825698
|switch|p1a: Slowking|Slowking-Galar, M|100/100
|-damage|p1a: Slowking|88/100|[from] Stealth Rock
|move|p2a: Garganacl|Recover|p2a: Garganacl
|-heal|p2a: Garganacl|100/100
|
|upkeep
|turn|15
|
|t:|1779825714
|move|p2a: Garganacl|Salt Cure|p1a: Slowking
|-damage|p1a: Slowking|77/100
|-start|p1a: Slowking|Salt Cure
|move|p1a: Slowking|Future Sight|p2a: Garganacl
|-start|p1a: Slowking|move: Future Sight
|
|-damage|p1a: Slowking|65/100|[from] Salt Cure
|upkeep
|turn|16
|
|t:|1779825724
|move|p2a: Garganacl|Salt Cure|p1a: Slowking
|-damage|p1a: Slowking|55/100
|-prepare|p1a: Slowking|Chilly Reception|[premajor]
|move|p1a: Slowking|Chilly Reception|p1a: Slowking
|-weather|Snowscape
|
|t:|1779825736
|switch|p1a: Cinderace|Cinderace, F|100/100|[from] Chilly Reception
|
|-weather|Snowscape|[upkeep]
|upkeep
|turn|17
|
|t:|1779825749
|move|p1a: Cinderace|Court Change|p1a: Cinderace
|-swapsideconditions
|-activate|p1a: Cinderace|move: Court Change
|move|p2a: Garganacl|Salt Cure|p1a: Cinderace
|-supereffective|p1a: Cinderace
|-damage|p1a: Cinderace|65/100
|-start|p1a: Cinderace|Salt Cure
|
|-weather|Snowscape|[upkeep]
|-end|p2a: Garganacl|move: Future Sight
|-damage|p2a: Garganacl|62/100
|-heal|p2a: Garganacl|68/100|[from] item: Leftovers
|-damage|p1a: Cinderace|53/100|[from] Salt Cure
|upkeep
|turn|18
|
|t:|1779825767
|move|p1a: Cinderace|U-turn|p2a: Garganacl
|-damage|p2a: Garganacl|58/100
|
|t:|1779825775
|switch|p1a: Slowking|Slowking-Galar, M|88/100|[from] U-turn
|move|p2a: Garganacl|Recover|p2a: Garganacl
|-heal|p2a: Garganacl|100/100
|
|-weather|Snowscape|[upkeep]
|upkeep
|turn|19
|
|t:|1779825786
|switch|p2a: Glimmora|Glimmora, M|24/100 frz
|-damage|p2a: Glimmora|11/100 frz|[from] Stealth Rock
|move|p1a: Slowking|Future Sight|p2a: Glimmora
|-start|p1a: Slowking|move: Future Sight
|
|-weather|Snowscape|[upkeep]
|upkeep
|turn|20
|
|t:|1779825795
|-curestatus|p2a: Glimmora|frz|[msg]
|move|p2a: Glimmora|Mortal Spin|p1a: Slowking
|-resisted|p1a: Slowking
|-crit|p1a: Slowking
|-damage|p1a: Slowking|84/100
|-sideend|p2: hugelius|Stealth Rock|[from] move: Mortal Spin|[of] p2a: Glimmora
|-prepare|p1a: Slowking|Chilly Reception|[premajor]
|move|p1a: Slowking|Chilly Reception|p1a: Slowking
|
|t:|1779825799
|switch|p1a: Corviknight|Corviknight, F|100/100|[from] Chilly Reception
|-ability|p1a: Corviknight|Pressure
|
|-weather|none
|upkeep
|turn|21
|
|t:|1779825807
|move|p2a: Glimmora|Spiky Shield|p2a: Glimmora
|-singleturn|p2a: Glimmora|move: Protect
|move|p1a: Corviknight|U-turn|p2a: Glimmora
|-activate|p2a: Glimmora|move: Protect
|-damage|p1a: Corviknight|88/100|[from] Spiky Shield|[of] p2a: Glimmora
|
|-end|p2a: Glimmora|move: Future Sight
|-supereffective|p2a: Glimmora
|-damage|p2a: Glimmora|0 fnt
|faint|p2a: Glimmora
|upkeep
|
|t:|1779825822
|switch|p2a: Garganacl|Garganacl, M|100/100
|turn|22
|
|t:|1779825827
|move|p1a: Corviknight|U-turn|p2a: Garganacl
|-crit|p2a: Garganacl
|-damage|p2a: Garganacl|90/100
|
|t:|1779825835
|switch|p1a: Slowking|Slowking-Galar, M|100/100|[from] U-turn
|move|p2a: Garganacl|Salt Cure|p1a: Slowking
|-damage|p1a: Slowking|91/100
|-start|p1a: Slowking|Salt Cure
|
|-heal|p2a: Garganacl|96/100|[from] item: Leftovers
|-damage|p1a: Slowking|78/100|[from] Salt Cure
|upkeep
|turn|23
|
|t:|1779825854
|switch|p2a: Gliscor|Gliscor, M|100/100 tox
|-prepare|p1a: Slowking|Chilly Reception|[premajor]
|move|p1a: Slowking|Chilly Reception|p1a: Slowking
|-weather|Snowscape
|
|t:|1779825860
|switch|p1a: Kyurem|Kyurem|2/100|[from] Chilly Reception
|-ability|p1a: Kyurem|Pressure
|
|-weather|Snowscape|[upkeep]
|upkeep
|turn|24
|
|t:|1779825871
|move|p2a: Gliscor|Protect|p2a: Gliscor
|-singleturn|p2a: Gliscor|Protect
|move|p1a: Kyurem|Freeze-Dry|p2a: Gliscor
|-activate|p2a: Gliscor|move: Protect
|
|-weather|Snowscape|[upkeep]
|upkeep
|turn|25
|
|t:|1779825882
|switch|p2a: Garganacl|Garganacl, M|96/100
|move|p1a: Kyurem|Freeze-Dry|p2a: Garganacl
|-damage|p2a: Garganacl|65/100
|
|-weather|Snowscape|[upkeep]
|-heal|p2a: Garganacl|71/100|[from] item: Leftovers
|upkeep
|turn|26
|
|t:|1779825895
|-terastallize|p1a: Kyurem|Ground
|move|p1a: Kyurem|Earth Power|p2a: Garganacl
|-supereffective|p2a: Garganacl
|-damage|p2a: Garganacl|0 fnt
|faint|p2a: Garganacl
|
|-weather|Snowscape|[upkeep]
|upkeep
|
|t:|1779825900
|switch|p2a: Ogerpon|Ogerpon-Wellspring, F|100/100
|turn|27
|
|t:|1779825906
|move|p2a: Ogerpon|Horn Leech|p1a: Kyurem
|-supereffective|p1a: Kyurem
|-damage|p1a: Kyurem|0 fnt
|faint|p1a: Kyurem
|
|-weather|none
|upkeep
|
|t:|1779825916
|switch|p1a: Slowking|Slowking-Galar, M|100/100
|turn|28
|
|t:|1779825924
|move|p2a: Ogerpon|U-turn|p1a: Slowking
|-damage|p1a: Slowking|80/100
|
|t:|1779825926
|switch|p2a: Gliscor|Gliscor, M|100/100 tox|[from] U-turn
|move|p1a: Slowking|Ice Beam|p2a: Gliscor
|-supereffective|p2a: Gliscor
|-damage|p2a: Gliscor|0 fnt
|faint|p2a: Gliscor
|
|upkeep
|
|t:|1779825929
|switch|p2a: Ogerpon|Ogerpon-Wellspring, F|100/100
|turn|29
|
|t:|1779825940
|move|p2a: Ogerpon|Swords Dance|p2a: Ogerpon
|-boost|p2a: Ogerpon|atk|2
|move|p1a: Slowking|Sludge Bomb|p2a: Ogerpon
|-supereffective|p2a: Ogerpon
|-damage|p2a: Ogerpon|24/100
|
|upkeep
|turn|30
|
|t:|1779825950
|move|p2a: Ogerpon|Ivy Cudgel|p1a: Slowking|[anim] Ivy Cudgel Water
|-damage|p1a: Slowking|0 fnt
|faint|p1a: Slowking
|
|upkeep
|
|t:|1779825965
|switch|p1a: Corviknight|Corviknight, F|88/100
|-ability|p1a: Corviknight|Pressure
|turn|31
|
|t:|1779825975
|move|p2a: Ogerpon|Ivy Cudgel|p1a: Corviknight|[anim] Ivy Cudgel Water
|-crit|p1a: Corviknight
|-damage|p1a: Corviknight|0 fnt
|faint|p1a: Corviknight
|
|upkeep
|
|t:|1779825983
|switch|p1a: Cinderace|Cinderace, F|53/100
|turn|32
|
|t:|1779825990
|move|p1a: Cinderace|Pyro Ball|p2a: Ogerpon
|-damage|p2a: Ogerpon|0 fnt
|faint|p2a: Ogerpon
|
|win|claudechamp
|raw|claudechamp's rating: 1249 &rarr; <strong>1269</strong><br />(+20 for winning)
|raw|hugelius's rating: 1177 &rarr; <strong>1157</strong><br />(-20 for losing)
|l|☆hugelius
|player|p2|
|c|☆claudechamp|gg
