|j|☆konigludwig115
|j|☆WiiShopMusic
|t:|1779918938
|gametype|singles
|player|p1|konigludwig115|unknown|1322
|player|p2|WiiShopMusic|102|1319
|gen|9
|tier|[Gen 9] OU
|rated|
|rule|HP Percentage Mod: HP is shown in percentages
|rule|Endless Battle Clause: Forcing endless battles is banned
|rule|Species Clause: Limit one of each Pokémon
|rule|OHKO Clause: OHKO moves are banned
|rule|Evasion Items Clause: Evasion items are banned
|rule|Evasion Moves Clause: Evasion moves are banned
|rule|Evasion Abilities Clause: Evasion abilities are banned
|rule|Sleep Moves Clause: Sleep-inducing moves are banned
|clearpoke
|poke|p1|Dragonite, F|
|poke|p1|Snorlax, F|
|poke|p1|Heracross, M|
|poke|p1|Gengar, F|
|poke|p1|Salamence, F|
|poke|p1|Toxapex, F|
|poke|p2|Ninetales-Alola, F|
|poke|p2|Sandslash-Alola, M|
|poke|p2|Toxapex, F|
|poke|p2|Beartic, F|
|poke|p2|Pawmot, F|
|poke|p2|Cetitan, M|
|teampreview
|inactive|Battle timer is ON: inactive players will automatically lose when time's up. (requested by konigludwig115)
|
|t:|1779918956
|teamsize|p1|6
|teamsize|p2|6
|start
|switch|p1a: Dad|Heracross, M|100/100
|switch|p2a: Ninetales|Ninetales-Alola, F|100/100
|-weather|Snowscape|[from] ability: Snow Warning|[of] p2a: Ninetales
|turn|1
|
|t:|1779918983
|move|p1a: Dad|Stone Edge|p2a: Ninetales
|-supereffective|p2a: Ninetales
|-crit|p2a: Ninetales
|-damage|p2a: Ninetales|0 fnt
|faint|p2a: Ninetales
|-ability|p1a: Dad|Moxie|boost
|-boost|p1a: Dad|atk|1
|
|-weather|Snowscape|[upkeep]
|upkeep
|inactive|WiiShopMusic has 120 seconds left.
|
|t:|1779918998
|switch|p2a: Beartic|Beartic, F|100/100
|turn|2
|
|t:|1779919002
|-terastallize|p2a: Beartic|Fighting
|move|p1a: Dad|Stone Edge|p2a: Beartic
|-resisted|p2a: Beartic
|-damage|p2a: Beartic|67/100
|move|p2a: Beartic|Icicle Spear|p1a: Dad
|-damage|p1a: Dad|78/100
|-damage|p1a: Dad|58/100
|-damage|p1a: Dad|36/100
|-damage|p1a: Dad|17/100
|-damage|p1a: Dad|0 fnt
|faint|p1a: Dad
|-hitcount|p1: Dad|5
|
|-weather|Snowscape|[upkeep]
|upkeep
|
|t:|1779919018
|switch|p1a: Donkey's Wife|Salamence, F|100/100
|turn|3
|
|t:|1779919022
|move|p2a: Beartic|Icicle Spear|p1a: Donkey's Wife
|-supereffective|p1a: Donkey's Wife
|-damage|p1a: Donkey's Wife|24/100
|-supereffective|p1a: Donkey's Wife
|-damage|p1a: Donkey's Wife|0 fnt
|faint|p1a: Donkey's Wife
|-hitcount|p1: Donkey's Wife|2
|
|-weather|Snowscape|[upkeep]
|upkeep
|
|t:|1779919029
|switch|p1a: Agatha Jr.|Gengar, F, shiny|100/100
|turn|4
|
|t:|1779919033
|move|p2a: Beartic|Icicle Spear|p1a: Agatha Jr.
|-damage|p1a: Agatha Jr.|71/100
|-damage|p1a: Agatha Jr.|41/100
|-damage|p1a: Agatha Jr.|10/100
|-damage|p1a: Agatha Jr.|0 fnt
|-start|p2a: Beartic|Disable|Icicle Spear|[from] ability: Cursed Body|[of] p1a: Agatha Jr.
|faint|p1a: Agatha Jr.
|-hitcount|p1: Agatha Jr.|4
|
|-weather|Snowscape|[upkeep]
|upkeep
|
|t:|1779919042
|switch|p1a: Dragonite|Dragonite, F|100/100
|turn|5
|
|t:|1779919048
|switch|p2a: Toxapex|Toxapex, F|100/100
|-terastallize|p1a: Dragonite|Normal
|move|p1a: Dragonite|Dragon Dance|p1a: Dragonite
|-boost|p1a: Dragonite|atk|1
|-boost|p1a: Dragonite|spe|1
|
|-weather|Snowscape|[upkeep]
|upkeep
|turn|6
|
|t:|1779919059
|move|p1a: Dragonite|Earthquake|p2a: Toxapex
|-supereffective|p2a: Toxapex
|-damage|p2a: Toxapex|30/100
|-enditem|p2a: Toxapex|Eject Button
|
|t:|1779919068
|switch|p2a: Cetitan|Cetitan, M|100/100
|
|-weather|Snowscape|[upkeep]
|upkeep
|turn|7
|
|t:|1779919078
|move|p2a: Cetitan|Ice Spinner|p1a: Dragonite
|-damage|p1a: Dragonite|66/100
|move|p1a: Dragonite|Dragon Dance|p1a: Dragonite
|-boost|p1a: Dragonite|atk|1
|-boost|p1a: Dragonite|spe|1
|
|-weather|Snowscape|[upkeep]
|upkeep
|turn|8
|
|t:|1779919084
|move|p1a: Dragonite|Earthquake|p2a: Cetitan
|-damage|p2a: Cetitan|50/100
|move|p2a: Cetitan|Ice Spinner|p1a: Dragonite
|-damage|p1a: Dragonite|0 fnt
|faint|p1a: Dragonite
|
|-weather|none
|upkeep
|
|t:|1779919091
|switch|p1a: Brock's Ex|Toxapex, F|100/100
|turn|9
|
|t:|1779919096
|switch|p2a: Pawmot|Pawmot, F|100/100
|move|p1a: Brock's Ex|Toxic|p2a: Pawmot
|-status|p2a: Pawmot|tox
|
|-damage|p2a: Pawmot|94/100 tox|[from] psn
|upkeep
|turn|10
|
|t:|1779919102
|move|p2a: Pawmot|Revival Blessing|p2a: Pawmot
|-enditem|p2a: Pawmot|Leppa Berry|[eat]
|-activate|p2a: Pawmot|item: Leppa Berry|Revival Blessing|[consumed]
|
|t:|1779919104
|-heal|p2: Ninetales|50/100|[from] move: Revival Blessing
|move|p1a: Brock's Ex|Stockpile|p1a: Brock's Ex
|-start|p1a: Brock's Ex|stockpile1
|-boost|p1a: Brock's Ex|def|1
|-boost|p1a: Brock's Ex|spd|1
|
|-damage|p2a: Pawmot|82/100 tox|[from] psn
|upkeep
|turn|11
|
|t:|1779919112
|move|p2a: Pawmot|Nuzzle|p1a: Brock's Ex
|-supereffective|p1a: Brock's Ex
|-damage|p1a: Brock's Ex|94/100
|-status|p1a: Brock's Ex|par
|move|p1a: Brock's Ex|Stockpile|p1a: Brock's Ex
|-start|p1a: Brock's Ex|stockpile2
|-boost|p1a: Brock's Ex|def|1
|-boost|p1a: Brock's Ex|spd|1
|
|-heal|p1a: Brock's Ex|99/100 par|[from] item: Black Sludge
|-damage|p2a: Pawmot|64/100 tox|[from] psn
|upkeep
|turn|12
|
|t:|1779919123
|switch|p2a: Toxapex|Toxapex, F|63/100
|cant|p1a: Brock's Ex|par
|
|-heal|p1a: Brock's Ex|100/100 par|[from] item: Black Sludge
|upkeep
|turn|13
|
|t:|1779919126
|move|p2a: Toxapex|Haze|p2a: Toxapex
|-clearallboost
|move|p1a: Brock's Ex|Ice Beam|p2a: Toxapex
|-resisted|p2a: Toxapex
|-damage|p2a: Toxapex|58/100
|
|upkeep
|turn|14
|
|t:|1779919133
|switch|p2a: Cetitan|Cetitan, M|50/100
|switch|p1a: Mom|Snorlax, F, shiny|100/100
|
|upkeep
|turn|15
|
|t:|1779919140
|move|p2a: Cetitan|Earthquake|p1a: Mom
|-damage|p1a: Mom|55/100
|move|p1a: Mom|Curse|p1a: Mom
|-unboost|p1a: Mom|spe|1
|-boost|p1a: Mom|atk|1
|-boost|p1a: Mom|def|1
|
|-heal|p1a: Mom|61/100|[from] item: Leftovers
|upkeep
|turn|16
|
|t:|1779919151
|move|p2a: Cetitan|Earthquake|p1a: Mom
|-damage|p1a: Mom|28/100
|move|p1a: Mom|Curse|p1a: Mom
|-unboost|p1a: Mom|spe|1
|-boost|p1a: Mom|atk|1
|-boost|p1a: Mom|def|1
|
|-heal|p1a: Mom|34/100|[from] item: Leftovers
|upkeep
|turn|17
|
|t:|1779919160
|move|p2a: Cetitan|Earthquake|p1a: Mom
|-damage|p1a: Mom|9/100
|move|p1a: Mom|Rest|p1a: Mom
|-status|p1a: Mom|slp|[from] move: Rest
|-heal|p1a: Mom|100/100 slp|[silent]
|
|upkeep
|turn|18
|
|t:|1779919166
|switch|p2a: Toxapex|Toxapex, F|92/100
|cant|p1a: Mom|slp
|move|p1a: Mom|Sleep Talk|p1a: Mom
|move|p1a: Mom|Body Slam|p2a: Toxapex|[from] move: Sleep Talk
|-damage|p2a: Toxapex|54/100
|-status|p2a: Toxapex|par
|
|upkeep
|turn|19
|
|t:|1779919175
|move|p2a: Toxapex|Haze|p2a: Toxapex
|-clearallboost
|cant|p1a: Mom|slp
|move|p1a: Mom|Sleep Talk|p1a: Mom
|move|p1a: Mom|Body Slam|p2a: Toxapex|[from] move: Sleep Talk
|-crit|p2a: Toxapex
|-damage|p2a: Toxapex|27/100 par
|
|upkeep
|turn|20
|
|t:|1779919183
|switch|p2a: Ninetales|Ninetales-Alola, F|50/100
|-weather|Snowscape|[from] ability: Snow Warning|[of] p2a: Ninetales
|-curestatus|p1a: Mom|slp|[msg]
|move|p1a: Mom|Curse|p1a: Mom
|-unboost|p1a: Mom|spe|1
|-boost|p1a: Mom|atk|1
|-boost|p1a: Mom|def|1
|
|-weather|Snowscape|[upkeep]
|upkeep
|turn|21
|
|t:|1779919194
|move|p2a: Ninetales|Encore|p1a: Mom
|-start|p1a: Mom|Encore
|move|p1a: Mom|Curse|p1a: Mom
|-unboost|p1a: Mom|spe|1
|-boost|p1a: Mom|atk|1
|-boost|p1a: Mom|def|1
|
|-weather|Snowscape|[upkeep]
|upkeep
|turn|22
|
|t:|1779919201
|move|p2a: Ninetales|Moonblast|p1a: Mom
|-damage|p1a: Mom|85/100
|move|p1a: Mom|Curse|p1a: Mom
|-unboost|p1a: Mom|spe|1
|-boost|p1a: Mom|atk|1
|-boost|p1a: Mom|def|1
|
|-weather|Snowscape|[upkeep]
|-heal|p1a: Mom|92/100|[from] item: Leftovers
|upkeep
|turn|23
|
|t:|1779919209
|move|p2a: Ninetales|Moonblast|p1a: Mom
|-damage|p1a: Mom|74/100
|move|p1a: Mom|Curse|p1a: Mom
|-unboost|p1a: Mom|spe|1
|-boost|p1a: Mom|atk|1
|-boost|p1a: Mom|def|1
|
|-weather|Snowscape|[upkeep]
|-heal|p1a: Mom|80/100|[from] item: Leftovers
|-end|p1a: Mom|Encore
|upkeep
|turn|24
|
|t:|1779919219
|move|p2a: Ninetales|Encore|p1a: Mom
|-start|p1a: Mom|Encore
|move|p1a: Mom|Curse|p1a: Mom
|-unboost|p1a: Mom|spe|1
|-boost|p1a: Mom|atk|1
|-boost|p1a: Mom|def|1
|
|-weather|Snowscape|[upkeep]
|-heal|p1a: Mom|86/100|[from] item: Leftovers
|upkeep
|turn|25
|
|t:|1779919228
|move|p2a: Ninetales|Moonblast|p1a: Mom
|-damage|p1a: Mom|71/100
|move|p1a: Mom|Curse|p1a: Mom
|-unboost|p1a: Mom|spe|1
|-boost|p1a: Mom|atk|1
|-boost|p1a: Mom|def|1
|
|-weather|Snowscape|[upkeep]
|-heal|p1a: Mom|77/100|[from] item: Leftovers
|upkeep
|turn|26
|
|t:|1779919236
|move|p2a: Ninetales|Moonblast|p1a: Mom
|-damage|p1a: Mom|61/100
|-unboost|p1a: Mom|spa|1
|move|p1a: Mom|Curse|p1a: Mom
|
|-weather|Snowscape|[upkeep]
|-heal|p1a: Mom|67/100|[from] item: Leftovers
|-end|p1a: Mom|Encore
|upkeep
|turn|27
|
|t:|1779919244
|move|p2a: Ninetales|Encore|p1a: Mom
|-start|p1a: Mom|Encore
|move|p1a: Mom|Curse|p1a: Mom
|
|-weather|none
|-heal|p1a: Mom|74/100|[from] item: Leftovers
|upkeep
|turn|28
|
|t:|1779919250
|move|p2a: Ninetales|Moonblast|p1a: Mom
|-damage|p1a: Mom|56/100
|-unboost|p1a: Mom|spa|1
|move|p1a: Mom|Curse|p1a: Mom
|
|-heal|p1a: Mom|62/100|[from] item: Leftovers
|upkeep
|turn|29
|
|t:|1779919258
|move|p2a: Ninetales|Moonblast|p1a: Mom
|-damage|p1a: Mom|45/100
|move|p1a: Mom|Curse|p1a: Mom
|
|-heal|p1a: Mom|51/100|[from] item: Leftovers
|-end|p1a: Mom|Encore
|upkeep
|turn|30
|
|t:|1779919265
|switch|p1a: Brock's Ex|Toxapex, F|100/100 par
|move|p2a: Ninetales|Encore||[still]
|-fail|p2a: Ninetales
|
|upkeep
|turn|31
|
|t:|1779919278
|switch|p2a: Beartic|Beartic, F, tera:Fighting|67/100
|move|p1a: Brock's Ex|Toxic|p2a: Beartic
|-status|p2a: Beartic|tox
|
|-damage|p2a: Beartic|61/100 tox|[from] psn
|upkeep
|turn|32
|
|t:|1779919284
|move|p2a: Beartic|Earthquake|p1a: Brock's Ex
|-supereffective|p1a: Brock's Ex
|-damage|p1a: Brock's Ex|57/100 par
|move|p1a: Brock's Ex|Stockpile|p1a: Brock's Ex
|-start|p1a: Brock's Ex|stockpile1
|-boost|p1a: Brock's Ex|def|1
|-boost|p1a: Brock's Ex|spd|1
|
|-heal|p1a: Brock's Ex|63/100 par|[from] item: Black Sludge
|-damage|p2a: Beartic|49/100 tox|[from] psn
|upkeep
|turn|33
|
|t:|1779919293
|move|p2a: Beartic|Earthquake|p1a: Brock's Ex
|-supereffective|p1a: Brock's Ex
|-damage|p1a: Brock's Ex|30/100 par
|move|p1a: Brock's Ex|Recover|p1a: Brock's Ex
|-heal|p1a: Brock's Ex|80/100 par
|
|-heal|p1a: Brock's Ex|86/100 par|[from] item: Black Sludge
|-damage|p2a: Beartic|30/100 tox|[from] psn
|upkeep
|turn|34
|
|t:|1779919311
|move|p2a: Beartic|Earthquake|p1a: Brock's Ex
|-supereffective|p1a: Brock's Ex
|-damage|p1a: Brock's Ex|54/100 par
|move|p1a: Brock's Ex|Stockpile|p1a: Brock's Ex
|-start|p1a: Brock's Ex|stockpile2
|-boost|p1a: Brock's Ex|def|1
|-boost|p1a: Brock's Ex|spd|1
|
|-heal|p1a: Brock's Ex|60/100 par|[from] item: Black Sludge
|-damage|p2a: Beartic|6/100 tox|[from] psn
|upkeep
|turn|35
|
|t:|1779919320
|move|p2a: Beartic|Earthquake|p1a: Brock's Ex
|-supereffective|p1a: Brock's Ex
|-damage|p1a: Brock's Ex|37/100 par
|move|p1a: Brock's Ex|Recover|p1a: Brock's Ex
|-heal|p1a: Brock's Ex|87/100 par
|
|-heal|p1a: Brock's Ex|93/100 par|[from] item: Black Sludge
|-damage|p2a: Beartic|0 fnt|[from] psn
|faint|p2a: Beartic
|upkeep
|
|t:|1779919334
|switch|p2a: Ninetales|Ninetales-Alola, F|50/100
|-weather|Snowscape|[from] ability: Snow Warning|[of] p2a: Ninetales
|turn|36
|
|t:|1779919338
|move|p2a: Ninetales|Encore|p1a: Brock's Ex
|-start|p1a: Brock's Ex|Encore
|move|p1a: Brock's Ex|Recover|p1a: Brock's Ex
|-heal|p1a: Brock's Ex|100/100 par
|
|-weather|Snowscape|[upkeep]
|upkeep
|turn|37
|
|t:|1779919344
|switch|p2a: Sandslash|Sandslash-Alola, M|100/100
|move|p1a: Brock's Ex|Recover||[still]
|-fail|p1a: Brock's Ex|heal
|
|-weather|Snowscape|[upkeep]
|upkeep
|turn|38
|
|t:|1779919350
|move|p2a: Sandslash|Swords Dance|p2a: Sandslash
|-boost|p2a: Sandslash|atk|2
|move|p1a: Brock's Ex|Recover||[still]
|-fail|p1a: Brock's Ex|heal
|
|-weather|Snowscape|[upkeep]
|-end|p1a: Brock's Ex|Encore
|upkeep
|turn|39
|
|t:|1779919357
|move|p2a: Sandslash|Swords Dance|p2a: Sandslash
|-boost|p2a: Sandslash|atk|2
|move|p1a: Brock's Ex|Toxic|p2a: Sandslash
|-immune|p2a: Sandslash
|
|-weather|Snowscape|[upkeep]
|upkeep
|turn|40
|
|t:|1779919361
|move|p2a: Sandslash|Swords Dance|p2a: Sandslash
|-boost|p2a: Sandslash|atk|2
|move|p1a: Brock's Ex|Ice Beam|p2a: Sandslash
|-resisted|p2a: Sandslash
|-damage|p2a: Sandslash|95/100
|
|-weather|Snowscape|[upkeep]
|upkeep
|turn|41
|
|t:|1779919367
|move|p2a: Sandslash|Earthquake|p1a: Brock's Ex
|-supereffective|p1a: Brock's Ex
|-damage|p1a: Brock's Ex|12/100 par
|-damage|p2a: Sandslash|85/100|[from] item: Life Orb
|cant|p1a: Brock's Ex|par
|
|-weather|Snowscape|[upkeep]
|-heal|p1a: Brock's Ex|18/100 par|[from] item: Black Sludge
|upkeep
|turn|42
|
|t:|1779919376
|move|p2a: Sandslash|Earthquake|p1a: Brock's Ex
|-supereffective|p1a: Brock's Ex
|-damage|p1a: Brock's Ex|0 fnt
|faint|p1a: Brock's Ex
|-damage|p2a: Sandslash|75/100|[from] item: Life Orb
|
|-weather|Snowscape|[upkeep]
|upkeep
|l|☆konigludwig115
|inactive|konigludwig115 disconnected and has a minute to reconnect!
|player|p1|
|inactive|konigludwig115 has 30 seconds to reconnect!
|inactive|konigludwig115 has 20 seconds to reconnect!
|inactive|konigludwig115 has 15 seconds to reconnect!
|inactive|konigludwig115 has 10 seconds to reconnect!
|inactive|konigludwig115 has 5 seconds to reconnect!
|-message|konigludwig115 lost due to inactivity.
|
|win|WiiShopMusic
|raw|konigludwig115's rating: 1322 &rarr; <strong>1302</strong><br />(-20 for losing)
|raw|WiiShopMusic's rating: 1319 &rarr; <strong>1339</strong><br />(+20 for winning)
|l|☆WiiShopMusic
|player|p2|
