|j|☆polgo
|j|☆evaxxx
|t:|1779878751
|gametype|singles
|player|p1|polgo|swimmer-gen4|1082
|player|p2|evaxxx|101|1132
|gen|9
|tier|[Gen 9] OU
|rated|
|rule|HP Percentage Mod: HP is shown in percentages
|rule|Endless Battle Clause: Forcing endless battles is banned
|rule|Species Clause: Limit one of each Pokémon
|rule|OHKO Clause: OHKO moves are banned
|rule|Evasion Items Clause: Evasion items are banned
|rule|Evasion Moves Clause: Evasion moves are banned
|rule|Evasion Abilities Clause: Evasion abilities are banned
|rule|Sleep Moves Clause: Sleep-inducing moves are banned
|clearpoke
|poke|p1|Iron Hands|
|poke|p1|Bastiodon, F|
|poke|p1|Altaria, F|
|poke|p1|Slowking, M|
|poke|p1|Spiritomb, M|
|poke|p1|Camerupt, F|
|poke|p2|Great Tusk|
|poke|p2|Walking Wake|
|poke|p2|Kingambit, F|
|poke|p2|Venusaur, M|
|poke|p2|Ninetales, M|
|poke|p2|Raging Bolt|
|teampreview
|
|t:|1779878755
|teamsize|p1|6
|teamsize|p2|6
|start
|switch|p1a: Camerupt|Camerupt, F|100/100
|switch|p2a: Ninetales|Ninetales, M|100/100
|-weather|SunnyDay|[from] ability: Drought|[of] p2a: Ninetales
|turn|1
|
|t:|1779878765
|switch|p2a: Walking Wake|Walking Wake|100/100
|-activate|p2a: Walking Wake|ability: Protosynthesis
|-start|p2a: Walking Wake|protosynthesisspe
|move|p1a: Camerupt|Eruption|p2a: Walking Wake
|-resisted|p2a: Walking Wake
|-damage|p2a: Walking Wake|68/100
|
|-weather|SunnyDay|[upkeep]
|upkeep
|turn|2
|
|t:|1779878776
|switch|p1a: Slowking|Slowking, M, shiny|100/100
|move|p2a: Walking Wake|Hydro Steam|p1a: Slowking
|-resisted|p1a: Slowking
|-damage|p1a: Slowking|80/100
|
|-weather|SunnyDay|[upkeep]
|upkeep
|turn|3
|
|t:|1779878784
|-terastallize|p2a: Walking Wake|Ghost
|move|p2a: Walking Wake|Draco Meteor|p1a: Slowking
|-damage|p1a: Slowking|37/100
|-unboost|p2a: Walking Wake|spa|2
|-prepare|p1a: Slowking|Chilly Reception|[premajor]
|move|p1a: Slowking|Chilly Reception|p1a: Slowking
|-weather|Snowscape
|-end|p2a: Walking Wake|Protosynthesis
|
|t:|1779878798
|switch|p1a: Camerupt|Camerupt, F|100/100|[from] Chilly Reception
|
|-weather|Snowscape|[upkeep]
|upkeep
|turn|4
|
|t:|1779878804
|-end|p2a: Walking Wake|Protosynthesis|[silent]
|switch|p2a: Ninetales|Ninetales, M|100/100
|-weather|SunnyDay|[from] ability: Drought|[of] p2a: Ninetales
|move|p1a: Camerupt|Lava Plume|p2a: Ninetales
|-resisted|p2a: Ninetales
|-damage|p2a: Ninetales|73/100
|
|-weather|SunnyDay|[upkeep]
|upkeep
|turn|5
|
|t:|1779878813
|move|p2a: Ninetales|Weather Ball|p1a: Camerupt
|-resisted|p1a: Camerupt
|-damage|p1a: Camerupt|84/100
|move|p1a: Camerupt|Eruption|p2a: Ninetales
|-resisted|p2a: Ninetales
|-damage|p2a: Ninetales|27/100
|
|-weather|SunnyDay|[upkeep]
|upkeep
|turn|6
|
|t:|1779878825
|switch|p2a: Great Tusk|Great Tusk|100/100
|-activate|p2a: Great Tusk|ability: Protosynthesis
|-start|p2a: Great Tusk|protosynthesisatk
|move|p1a: Camerupt|Earth Power|p2a: Great Tusk
|-damage|p2a: Great Tusk|66/100
|
|-weather|SunnyDay|[upkeep]
|upkeep
|turn|7
|
|t:|1779878836
|switch|p1a: Spiritomb|Spiritomb, M, shiny|100/100
|move|p2a: Great Tusk|Headlong Rush|p1a: Spiritomb
|-damage|p1a: Spiritomb|34/100
|-unboost|p2a: Great Tusk|def|1
|-unboost|p2a: Great Tusk|spd|1
|-damage|p2a: Great Tusk|49/100|[from] item: Rocky Helmet|[of] p1a: Spiritomb
|
|-weather|SunnyDay|[upkeep]
|upkeep
|turn|8
|
|t:|1779878846
|move|p2a: Great Tusk|Headlong Rush|p1a: Spiritomb
|-damage|p1a: Spiritomb|0 fnt
|-unboost|p2a: Great Tusk|def|1
|-unboost|p2a: Great Tusk|spd|1
|-damage|p2a: Great Tusk|33/100|[from] item: Rocky Helmet|[of] p1a: Spiritomb
|faint|p1a: Spiritomb
|
|-weather|SunnyDay|[upkeep]
|upkeep
|
|t:|1779878853
|switch|p1a: Slowking|Slowking, M, shiny|70/100
|turn|9
|
|t:|1779878866
|-end|p2a: Great Tusk|Protosynthesis|[silent]
|switch|p2a: Raging Bolt|Raging Bolt|100/100
|-item|p2a: Raging Bolt|Air Balloon
|-activate|p2a: Raging Bolt|ability: Protosynthesis
|-start|p2a: Raging Bolt|protosynthesisspa
|move|p1a: Slowking|Trick Room|p1a: Slowking
|-fieldstart|move: Trick Room|[of] p1a: Slowking
|
|-weather|SunnyDay|[upkeep]
|upkeep
|turn|10
|
|t:|1779878877
|-prepare|p1a: Slowking|Chilly Reception|[premajor]
|move|p1a: Slowking|Chilly Reception|p1a: Slowking
|-weather|Snowscape
|-end|p2a: Raging Bolt|Protosynthesis
|
|t:|1779878884
|switch|p1a: Iron Hands|Iron Hands, shiny|100/100|[from] Chilly Reception
|move|p2a: Raging Bolt|Thunderbolt|p1a: Iron Hands
|-resisted|p1a: Iron Hands
|-damage|p1a: Iron Hands|86/100
|
|-weather|Snowscape|[upkeep]
|upkeep
|turn|11
|
|t:|1779878895
|-end|p2a: Raging Bolt|Protosynthesis|[silent]
|switch|p2a: Ninetales|Ninetales, M|27/100
|-weather|SunnyDay|[from] ability: Drought|[of] p2a: Ninetales
|move|p1a: Iron Hands|Drain Punch|p2a: Ninetales
|-damage|p2a: Ninetales|0 fnt
|-heal|p1a: Iron Hands|95/100|[from] drain|[of] p2a: Ninetales
|faint|p2a: Ninetales
|
|-weather|SunnyDay|[upkeep]
|upkeep
|
|t:|1779878907
|switch|p2a: Venusaur|Venusaur, M|100/100
|turn|12
|
|t:|1779878911
|move|p1a: Iron Hands|Ice Punch|p2a: Venusaur
|-supereffective|p2a: Venusaur
|-damage|p2a: Venusaur|35/100
|move|p2a: Venusaur|Growth|p2a: Venusaur
|-boost|p2a: Venusaur|atk|2
|-boost|p2a: Venusaur|spa|2
|
|-weather|SunnyDay|[upkeep]
|upkeep
|turn|13
|
|t:|1779878920
|move|p1a: Iron Hands|Ice Punch|p2a: Venusaur
|-supereffective|p2a: Venusaur
|-damage|p2a: Venusaur|0 fnt
|faint|p2a: Venusaur
|
|-weather|SunnyDay|[upkeep]
|-fieldend|move: Trick Room
|upkeep
|
|t:|1779878929
|switch|p2a: Walking Wake|Walking Wake, tera:Ghost|68/100
|-activate|p2a: Walking Wake|ability: Protosynthesis
|-start|p2a: Walking Wake|protosynthesisspe
|turn|14
|
|t:|1779878936
|-end|p1a: Iron Hands|Quark Drive|[silent]
|switch|p1a: Slowking|Slowking, M, shiny|100/100
|move|p2a: Walking Wake|Hydro Steam|p1a: Slowking
|-resisted|p1a: Slowking
|-damage|p1a: Slowking|78/100
|
|-weather|SunnyDay|[upkeep]
|upkeep
|turn|15
|
|t:|1779878945
|move|p2a: Walking Wake|Flip Turn|p1a: Slowking
|-resisted|p1a: Slowking
|-damage|p1a: Slowking|75/100
|-damage|p2a: Walking Wake|52/100|[from] item: Rocky Helmet|[of] p1a: Slowking
|
|t:|1779878952
|-end|p2a: Walking Wake|Protosynthesis|[silent]
|switch|p2a: Kingambit|Kingambit, F|100/100|[from] Flip Turn
|-activate|p2a: Kingambit|ability: Supreme Overlord
|-start|p2a: Kingambit|fallen2|[silent]
|-item|p2a: Kingambit|Air Balloon
|-prepare|p1a: Slowking|Chilly Reception|[premajor]
|move|p1a: Slowking|Chilly Reception|p1a: Slowking
|-weather|Snowscape
|
|t:|1779878955
|switch|p1a: Iron Hands|Iron Hands, shiny|95/100|[from] Chilly Reception
|
|-weather|Snowscape|[upkeep]
|upkeep
|turn|16
|
|t:|1779878966
|move|p2a: Kingambit|Sucker Punch|p1a: Iron Hands
|-resisted|p1a: Iron Hands
|-damage|p1a: Iron Hands|81/100
|move|p1a: Iron Hands|Drain Punch|p2a: Kingambit
|-supereffective|p2a: Kingambit
|-damage|p2a: Kingambit|0 fnt
|-heal|p1a: Iron Hands|100/100|[from] drain|[of] p2a: Kingambit
|-enditem|p2a: Kingambit|Air Balloon
|faint|p2a: Kingambit
|-end|p2a: Kingambit|fallen2|[silent]
|
|-weather|Snowscape|[upkeep]
|upkeep
|
|t:|1779878978
|switch|p2a: Great Tusk|Great Tusk|33/100
|turn|17
|
|t:|1779878985
|-end|p1a: Iron Hands|Quark Drive|[silent]
|switch|p1a: Slowking|Slowking, M, shiny|100/100
|move|p2a: Great Tusk|Headlong Rush|p1a: Slowking
|-damage|p1a: Slowking|41/100
|-unboost|p2a: Great Tusk|def|1
|-unboost|p2a: Great Tusk|spd|1
|-damage|p2a: Great Tusk|16/100|[from] item: Rocky Helmet|[of] p1a: Slowking
|
|-weather|Snowscape|[upkeep]
|upkeep
|turn|18
|
|t:|1779878994
|move|p2a: Great Tusk|Headlong Rush|p1a: Slowking
|-damage|p1a: Slowking|0 fnt
|-unboost|p2a: Great Tusk|def|1
|-unboost|p2a: Great Tusk|spd|1
|-damage|p2a: Great Tusk|0 fnt|[from] item: Rocky Helmet|[of] p1a: Slowking
|faint|p1a: Slowking
|faint|p2a: Great Tusk
|-end|p2a: Great Tusk|Protosynthesis|[silent]
|
|-weather|Snowscape|[upkeep]
|upkeep
|
|t:|1779879003
|switch|p2a: Walking Wake|Walking Wake, tera:Ghost|52/100
|switch|p1a: Iron Hands|Iron Hands, shiny|100/100
|turn|19
|
|t:|1779879012
|move|p2a: Walking Wake|Hydro Steam|p1a: Iron Hands
|-damage|p1a: Iron Hands|76/100
|move|p1a: Iron Hands|Supercell Slam|p2a: Walking Wake
|-damage|p2a: Walking Wake|0 fnt
|faint|p2a: Walking Wake
|-end|p2a: Walking Wake|Protosynthesis|[silent]
|
|-weather|none
|upkeep
|
|t:|1779879019
|switch|p2a: Raging Bolt|Raging Bolt|100/100
|-item|p2a: Raging Bolt|Air Balloon
|turn|20
|
|t:|1779879026
|move|p2a: Raging Bolt|Calm Mind|p2a: Raging Bolt
|-boost|p2a: Raging Bolt|spa|1
|-boost|p2a: Raging Bolt|spd|1
|move|p1a: Iron Hands|Drain Punch|p2a: Raging Bolt
|-damage|p2a: Raging Bolt|61/100
|-heal|p1a: Iron Hands|91/100|[from] drain|[of] p2a: Raging Bolt
|-enditem|p2a: Raging Bolt|Air Balloon
|
|upkeep
|turn|21
|
|t:|1779879035
|move|p2a: Raging Bolt|Dragon Pulse|p1a: Iron Hands
|-damage|p1a: Iron Hands|51/100
|move|p1a: Iron Hands|Drain Punch|p2a: Raging Bolt
|-damage|p2a: Raging Bolt|24/100
|-heal|p1a: Iron Hands|66/100|[from] drain|[of] p2a: Raging Bolt
|
|upkeep
|turn|22
|
|t:|1779879042
|move|p2a: Raging Bolt|Dragon Pulse|p1a: Iron Hands
|-damage|p1a: Iron Hands|27/100
|move|p1a: Iron Hands|Drain Punch|p2a: Raging Bolt
|-damage|p2a: Raging Bolt|0 fnt
|-heal|p1a: Iron Hands|36/100|[from] drain|[of] p2a: Raging Bolt
|faint|p2a: Raging Bolt
|-end|p2a: Raging Bolt|Protosynthesis|[silent]
|
|win|polgo
|raw|polgo's rating: 1082 &rarr; <strong>1114</strong><br />(+32 for winning)
|raw|evaxxx's rating: 1132 &rarr; <strong>1103</strong><br />(-29 for losing)
|l|☆evaxxx
|player|p2|
|l|☆polgo
|player|p1|
