|j|‽aaagislash
|j|☆ZeeVeeAy
|t:|1779945731
|gametype|singles
|player|p1|aaagislash|266|1466
|player|p2|ZeeVeeAy|daisy|1514
|gen|9
|tier|[Gen 9] OU
|rated|
|rule|HP Percentage Mod: HP is shown in percentages
|rule|Endless Battle Clause: Forcing endless battles is banned
|rule|Species Clause: Limit one of each Pokémon
|rule|OHKO Clause: OHKO moves are banned
|rule|Evasion Items Clause: Evasion items are banned
|rule|Evasion Moves Clause: Evasion moves are banned
|rule|Evasion Abilities Clause: Evasion abilities are banned
|rule|Sleep Moves Clause: Sleep-inducing moves are banned
|clearpoke
|poke|p1|Mienshao, M|
|poke|p1|Clefable, M|
|poke|p1|Gliscor, M|
|poke|p1|Blissey, F|
|poke|p1|Amoonguss, F|
|poke|p1|Regieleki|
|poke|p2|Dragapult, M|
|poke|p2|Gliscor, M|
|poke|p2|Ogerpon-Wellspring, F|
|poke|p2|Kyurem|
|poke|p2|Hatterene, F|
|poke|p2|Kingambit, M|
|teampreview
|inactive|Battle timer is ON: inactive players will automatically lose when time's up. (requested by ZeeVeeAy)
|
|t:|1779945747
|teamsize|p1|6
|teamsize|p2|6
|start
|switch|p1a: Mienshao|Mienshao, M|100/100
|switch|p2a: Gliscor|Gliscor, M|100/100
|turn|1
|
|t:|1779945751
|move|p2a: Gliscor|Protect|p2a: Gliscor
|-singleturn|p2a: Gliscor|Protect
|move|p1a: Mienshao|Knock Off|p2a: Gliscor
|-activate|p2a: Gliscor|move: Protect
|
|-status|p2a: Gliscor|tox|[from] item: Toxic Orb
|upkeep
|turn|2
|
|t:|1779945753
|move|p1a: Mienshao|Knock Off|p2a: Gliscor
|-damage|p2a: Gliscor|79/100 tox
|-enditem|p2a: Gliscor|Toxic Orb|[from] move: Knock Off|[of] p1a: Mienshao
|move|p2a: Gliscor|Stealth Rock|p1a: Mienshao
|-sidestart|p1: aaagislash|move: Stealth Rock
|
|-heal|p2a: Gliscor|92/100 tox|[from] ability: Poison Heal
|upkeep
|turn|3
|
|t:|1779945757
|switch|p1a: Clefable|Clefable, M|100/100
|move|p2a: Gliscor|Toxic|p1a: Clefable
|-status|p1a: Clefable|tox
|
|-heal|p2a: Gliscor|100/100 tox|[from] ability: Poison Heal
|upkeep
|turn|4
|
|t:|1779945764
|move|p2a: Gliscor|Knock Off|p1a: Clefable
|-resisted|p1a: Clefable
|-damage|p1a: Clefable|93/100 tox
|move|p1a: Clefable|Calm Mind|p1a: Clefable
|-boost|p1a: Clefable|spa|1
|-boost|p1a: Clefable|spd|1
|
|-damage|p2a: Gliscor|88/100 tox|[from] item: Sticky Barb
|upkeep
|turn|5
|
|t:|1779945770
|switch|p2a: Hatterene|Hatterene, F|100/100
|move|p1a: Clefable|Moonblast|p2a: Hatterene
|-damage|p2a: Hatterene|69/100
|-unboost|p2a: Hatterene|spa|1
|
|upkeep
|turn|6
|
|t:|1779945776
|move|p1a: Clefable|Moonblast|p2a: Hatterene
|-damage|p2a: Hatterene|39/100
|move|p2a: Hatterene|Mystical Fire|p1a: Clefable
|-damage|p1a: Clefable|81/100 tox
|-unboost|p1a: Clefable|spa|1
|
|upkeep
|turn|7
|
|t:|1779945779
|move|p1a: Clefable|Moonblast|p2a: Hatterene
|-damage|p2a: Hatterene|19/100
|move|p2a: Hatterene|Mystical Fire|p1a: Clefable
|-damage|p1a: Clefable|69/100 tox
|-unboost|p1a: Clefable|spa|1
|
|upkeep
|turn|8
|
|t:|1779945783
|move|p1a: Clefable|Moonblast|p2a: Hatterene
|-damage|p2a: Hatterene|6/100
|-unboost|p2a: Hatterene|spa|1
|move|p2a: Hatterene|Mystical Fire|p1a: Clefable
|-damage|p1a: Clefable|61/100 tox
|-unboost|p1a: Clefable|spa|1
|
|upkeep
|turn|9
|
|t:|1779945789
|move|p1a: Clefable|Wish|p1a: Clefable
|move|p2a: Hatterene|Draining Kiss|p1a: Clefable
|-damage|p1a: Clefable|53/100 tox
|-heal|p2a: Hatterene|15/100|[from] drain|[of] p1a: Clefable
|
|upkeep
|turn|10
|
|t:|1779945795
|switch|p2a: Kingambit|Kingambit, M|100/100
|move|p1a: Clefable|Moonblast|p2a: Kingambit
|-damage|p2a: Kingambit|84/100
|
|-heal|p1a: Clefable|100/100 tox|[from] move: Wish|[wisher] Clefable
|-heal|p2a: Kingambit|90/100|[from] item: Leftovers
|upkeep
|turn|11
|
|t:|1779945800
|switch|p1a: Gliscor|Gliscor, M|100/100
|-damage|p1a: Gliscor|88/100|[from] Stealth Rock
|move|p2a: Kingambit|Iron Head|p1a: Gliscor
|-damage|p1a: Gliscor|58/100
|
|-heal|p2a: Kingambit|97/100|[from] item: Leftovers
|-status|p1a: Gliscor|tox|[from] item: Toxic Orb
|upkeep
|turn|12
|
|t:|1779945804
|-end|p2a: Kingambit|fallenundefined|[silent]
|switch|p2a: Gliscor|Gliscor, M|88/100 tox
|move|p1a: Gliscor|Spikes|p2a: Gliscor
|-sidestart|p2: ZeeVeeAy|Spikes
|
|-heal|p2a: Gliscor|100/100 tox|[from] ability: Poison Heal
|-heal|p1a: Gliscor|70/100 tox|[from] ability: Poison Heal
|-damage|p2a: Gliscor|88/100 tox|[from] item: Sticky Barb
|upkeep
|turn|13
|
|t:|1779945808
|switch|p2a: Ogerpon|Ogerpon-Wellspring, F|100/100
|-damage|p2a: Ogerpon|88/100|[from] Spikes
|move|p1a: Gliscor|Protect||[still]
|-fail|p1a: Gliscor
|
|-heal|p1a: Gliscor|82/100 tox|[from] ability: Poison Heal
|upkeep
|turn|14
|
|t:|1779945811
|switch|p1a: Amoonguss|Amoonguss, F|100/100
|move|p2a: Ogerpon|Spikes|p1a: Amoonguss
|-sidestart|p1: aaagislash|Spikes
|
|upkeep
|turn|15
|
|t:|1779945816
|move|p2a: Ogerpon|Spikes|p1a: Amoonguss
|-sidestart|p1: aaagislash|Spikes
|move|p1a: Amoonguss|Toxic|p2a: Ogerpon
|-status|p2a: Ogerpon|tox
|
|-damage|p2a: Ogerpon|82/100 tox|[from] psn
|upkeep
|turn|16
|
|t:|1779945819
|move|p2a: Ogerpon|Spikes|p1a: Amoonguss
|-sidestart|p1: aaagislash|Spikes
|move|p1a: Amoonguss|Hex|p2a: Ogerpon
|-damage|p2a: Ogerpon|51/100 tox
|
|-damage|p2a: Ogerpon|39/100 tox|[from] psn
|upkeep
|turn|17
|
|t:|1779945826
|move|p2a: Ogerpon|Knock Off|p1a: Amoonguss
|-damage|p1a: Amoonguss|75/100
|-enditem|p1a: Amoonguss|Heavy-Duty Boots|[from] move: Knock Off|[of] p2a: Ogerpon
|move|p1a: Amoonguss|Hex|p2a: Ogerpon
|-damage|p2a: Ogerpon|8/100 tox
|
|-damage|p2a: Ogerpon|0 fnt|[from] psn
|faint|p2a: Ogerpon
|upkeep
|
|t:|1779945833
|switch|p2a: Kyurem|Kyurem|100/100
|-ability|p2a: Kyurem|Pressure
|turn|18
|
|t:|1779945847
|switch|p1a: Blissey|Blissey, F|100/100
|move|p2a: Kyurem|Roar|p1a: Blissey
|drag|p1a: Regieleki|Regieleki|100/100
|
|upkeep
|turn|19
|
|t:|1779945853
|switch|p2a: Dragapult|Dragapult, M|100/100
|move|p1a: Regieleki|Rapid Spin|p2a: Dragapult
|-immune|p2a: Dragapult
|
|upkeep
|turn|20
|
|t:|1779945856
|move|p1a: Regieleki|Volt Switch|p2a: Dragapult
|-resisted|p2a: Dragapult
|-damage|p2a: Dragapult|77/100
|
|t:|1779945859
|switch|p1a: Gliscor|Gliscor, M|82/100 tox|[from] Volt Switch
|-damage|p1a: Gliscor|70/100 tox|[from] Stealth Rock
|move|p2a: Dragapult|Dragon Darts|p1a: Gliscor
|-damage|p1a: Gliscor|58/100 tox
|-anim|p2a: Dragapult|Dragon Darts|p1a: Gliscor
|-damage|p1a: Gliscor|44/100 tox
|
|-heal|p1a: Gliscor|56/100 tox|[from] ability: Poison Heal
|upkeep
|turn|21
|
|t:|1779945864
|move|p1a: Gliscor|Protect|p1a: Gliscor
|-singleturn|p1a: Gliscor|Protect
|move|p2a: Dragapult|Hex|p1a: Gliscor
|-activate|p1a: Gliscor|move: Protect
|
|-heal|p1a: Gliscor|69/100 tox|[from] ability: Poison Heal
|upkeep
|turn|22
|
|t:|1779945866
|move|p2a: Dragapult|Hex|p1a: Gliscor
|-damage|p1a: Gliscor|4/100 tox
|move|p1a: Gliscor|Toxic|p2a: Dragapult
|-status|p2a: Dragapult|tox
|
|-damage|p2a: Dragapult|71/100 tox|[from] psn
|-heal|p1a: Gliscor|17/100 tox|[from] ability: Poison Heal
|upkeep
|turn|23
|
|t:|1779945870
|move|p1a: Gliscor|Protect|p1a: Gliscor
|-singleturn|p1a: Gliscor|Protect
|move|p2a: Dragapult|Will-O-Wisp|p1a: Gliscor
|-activate|p1a: Gliscor|move: Protect
|
|-damage|p2a: Dragapult|59/100 tox|[from] psn
|-heal|p1a: Gliscor|29/100 tox|[from] ability: Poison Heal
|upkeep
|turn|24
|
|t:|1779945889
|switch|p1a: Blissey|Blissey, F|100/100
|move|p2a: Dragapult|Dragon Darts|p1a: Blissey
|-crit|p1a: Blissey
|-damage|p1a: Blissey|68/100
|-anim|p2a: Dragapult|Dragon Darts|p1a: Blissey
|-damage|p1a: Blissey|48/100
|
|-damage|p2a: Dragapult|41/100 tox|[from] psn
|upkeep
|turn|25
|
|t:|1779945896
|move|p2a: Dragapult|Dragon Darts|p1a: Blissey
|-damage|p1a: Blissey|26/100
|-anim|p2a: Dragapult|Dragon Darts|p1a: Blissey
|-damage|p1a: Blissey|5/100
|move|p1a: Blissey|Soft-Boiled|p1a: Blissey
|-heal|p1a: Blissey|55/100
|
|-damage|p2a: Dragapult|17/100 tox|[from] psn
|upkeep
|turn|26
|
|t:|1779945902
|move|p2a: Dragapult|Dragon Darts|p1a: Blissey
|-damage|p1a: Blissey|35/100
|-anim|p2a: Dragapult|Dragon Darts|p1a: Blissey
|-damage|p1a: Blissey|14/100
|move|p1a: Blissey|Soft-Boiled|p1a: Blissey
|-heal|p1a: Blissey|64/100
|
|-damage|p2a: Dragapult|0 fnt|[from] psn
|faint|p2a: Dragapult
|upkeep
|
|t:|1779945906
|switch|p2a: Kingambit|Kingambit, M|97/100
|-damage|p2a: Kingambit|84/100|[from] Spikes
|-activate|p2a: Kingambit|ability: Supreme Overlord
|-start|p2a: Kingambit|fallen2|[silent]
|turn|27
|
|t:|1779945910
|switch|p1a: Mienshao|Mienshao, M|100/100
|move|p2a: Kingambit|Iron Head|p1a: Mienshao
|-damage|p1a: Mienshao|42/100
|
|-heal|p2a: Kingambit|90/100|[from] item: Leftovers
|upkeep
|turn|28
|
|t:|1779945915
|-end|p2a: Kingambit|fallen2|[silent]
|switch|p2a: Hatterene|Hatterene, F|15/100
|-damage|p2a: Hatterene|2/100|[from] Spikes
|move|p1a: Mienshao|Fake Out|p2a: Hatterene
|-damage|p2a: Hatterene|0 fnt
|faint|p2a: Hatterene
|
|upkeep
|
|t:|1779945918
|switch|p2a: Gliscor|Gliscor, M|88/100 tox
|turn|29
|
|t:|1779945925
|move|p1a: Mienshao|U-turn|p2a: Gliscor
|-resisted|p2a: Gliscor
|-damage|p2a: Gliscor|81/100 tox
|
|t:|1779945930
|switch|p1a: Clefable|Clefable, M|100/100 tox|[from] U-turn
|move|p2a: Gliscor|Knock Off|p1a: Clefable
|-resisted|p1a: Clefable
|-damage|p1a: Clefable|95/100 tox
|
|-heal|p2a: Gliscor|93/100 tox|[from] ability: Poison Heal
|-damage|p2a: Gliscor|81/100 tox|[from] item: Sticky Barb
|upkeep
|turn|30
|
|t:|1779945946
|switch|p2a: Kingambit|Kingambit, M|90/100
|-damage|p2a: Kingambit|78/100|[from] Spikes
|-activate|p2a: Kingambit|ability: Supreme Overlord
|-start|p2a: Kingambit|fallen3|[silent]
|move|p1a: Clefable|Moonblast|p2a: Kingambit
|-damage|p2a: Kingambit|47/100
|
|-heal|p2a: Kingambit|53/100|[from] item: Leftovers
|upkeep
|turn|31
|
|t:|1779945953
|switch|p1a: Regieleki|Regieleki|100/100
|move|p2a: Kingambit|Iron Head|p1a: Regieleki
|-resisted|p1a: Regieleki
|-damage|p1a: Regieleki|58/100
|
|-heal|p2a: Kingambit|59/100|[from] item: Leftovers
|upkeep
|turn|32
|
|t:|1779945959
|switch|p1a: Mienshao|Mienshao, M|75/100
|move|p2a: Kingambit|Sucker Punch||[still]
|-fail|p2a: Kingambit
|
|-heal|p2a: Kingambit|65/100|[from] item: Leftovers
|upkeep
|turn|33
|
|t:|1779945963
|-end|p2a: Kingambit|fallen3|[silent]
|switch|p2a: Gliscor|Gliscor, M|81/100 tox
|move|p1a: Mienshao|U-turn|p2a: Gliscor
|-resisted|p2a: Gliscor
|-damage|p2a: Gliscor|72/100 tox
|
|t:|1779945975
|switch|p1a: Regieleki|Regieleki|58/100|[from] U-turn
|
|-heal|p2a: Gliscor|85/100 tox|[from] ability: Poison Heal
|-damage|p2a: Gliscor|72/100 tox|[from] item: Sticky Barb
|upkeep
|turn|34
|
|t:|1779945981
|move|p1a: Regieleki|Rapid Spin|p2a: Gliscor
|-damage|p2a: Gliscor|64/100 tox
|-boost|p1a: Regieleki|spe|1
|-sideend|p1: aaagislash|Spikes|[from] move: Rapid Spin|[of] p1a: Regieleki
|-sideend|p1: aaagislash|Stealth Rock|[from] move: Rapid Spin|[of] p1a: Regieleki
|move|p2a: Gliscor|Knock Off|p1a: Regieleki
|-damage|p1a: Regieleki|24/100
|-enditem|p1a: Regieleki|Heavy-Duty Boots|[from] move: Knock Off|[of] p2a: Gliscor
|
|-heal|p2a: Gliscor|77/100 tox|[from] ability: Poison Heal
|-damage|p2a: Gliscor|64/100 tox|[from] item: Sticky Barb
|upkeep
|turn|35
|
|t:|1779945983
|move|p1a: Regieleki|Rest|p1a: Regieleki
|-status|p1a: Regieleki|slp|[from] move: Rest
|-heal|p1a: Regieleki|100/100 slp|[silent]
|move|p2a: Gliscor|Stealth Rock|p1a: Regieleki
|-sidestart|p1: aaagislash|move: Stealth Rock
|
|-heal|p2a: Gliscor|77/100 tox|[from] ability: Poison Heal
|-damage|p2a: Gliscor|64/100 tox|[from] item: Sticky Barb
|upkeep
|turn|36
|
|t:|1779945988
|switch|p2a: Kingambit|Kingambit, M|65/100
|-damage|p2a: Kingambit|53/100|[from] Spikes
|-activate|p2a: Kingambit|ability: Supreme Overlord
|-start|p2a: Kingambit|fallen3|[silent]
|cant|p1a: Regieleki|slp
|move|p1a: Regieleki|Sleep Talk|p1a: Regieleki
|move|p1a: Regieleki|Rapid Spin|p2a: Kingambit|[from] move: Sleep Talk
|-resisted|p2a: Kingambit
|-damage|p2a: Kingambit|49/100
|-boost|p1a: Regieleki|spe|1
|-sideend|p1: aaagislash|Stealth Rock|[from] move: Rapid Spin|[of] p1a: Regieleki
|
|-heal|p2a: Kingambit|55/100|[from] item: Leftovers
|upkeep
|turn|37
|
|t:|1779945995
|cant|p1a: Regieleki|slp
|move|p1a: Regieleki|Sleep Talk|p1a: Regieleki
|move|p1a: Regieleki|Rapid Spin|p2a: Kingambit|[from] move: Sleep Talk
|-resisted|p2a: Kingambit
|-damage|p2a: Kingambit|52/100
|-boost|p1a: Regieleki|spe|1
|move|p2a: Kingambit|Swords Dance|p2a: Kingambit
|-boost|p2a: Kingambit|atk|2
|
|-heal|p2a: Kingambit|58/100|[from] item: Leftovers
|upkeep
|turn|38
|
|t:|1779945998
|-curestatus|p1a: Regieleki|slp|[msg]
|move|p1a: Regieleki|Volt Switch|p2a: Kingambit
|-damage|p2a: Kingambit|26/100
|
|t:|1779946005
|switch|p1a: Gliscor|Gliscor, M|29/100 tox|[from] Volt Switch
|move|p2a: Kingambit|Iron Head|p1a: Gliscor
|-damage|p1a: Gliscor|0 fnt
|faint|p1a: Gliscor
|
|-heal|p2a: Kingambit|32/100|[from] item: Leftovers
|upkeep
|
|t:|1779946006
|switch|p1a: Amoonguss|Amoonguss, F|100/100
|turn|39
|
|t:|1779946012
|-terastallize|p1a: Amoonguss|Dark
|move|p2a: Kingambit|Kowtow Cleave|p1a: Amoonguss
|-resisted|p1a: Amoonguss
|-damage|p1a: Amoonguss|55/100
|move|p1a: Amoonguss|Foul Play|p2a: Kingambit
|-resisted|p2a: Kingambit
|-damage|p2a: Kingambit|0 fnt
|faint|p2a: Kingambit
|-end|p2a: Kingambit|fallen3|[silent]
|
|upkeep
|
|t:|1779946016
|switch|p2a: Gliscor|Gliscor, M|64/100 tox
|turn|40
|
|t:|1779946021
|switch|p2a: Kyurem|Kyurem|100/100
|-ability|p2a: Kyurem|Pressure
|switch|p1a: Regieleki|Regieleki|100/100
|
|upkeep
|turn|41
|
|t:|1779946027
|move|p1a: Regieleki|Volt Switch|p2a: Kyurem
|-resisted|p2a: Kyurem
|-damage|p2a: Kyurem|87/100
|
|t:|1779946029
|switch|p1a: Amoonguss|Amoonguss, F, tera:Dark|89/100|[from] Volt Switch
|move|p2a: Kyurem|Earth Power|p1a: Amoonguss
|-damage|p1a: Amoonguss|60/100
|
|upkeep
|turn|42
|
|t:|1779946033
|move|p2a: Kyurem|Ice Beam|p1a: Amoonguss
|-damage|p1a: Amoonguss|15/100
|move|p1a: Amoonguss|Toxic|p2a: Kyurem
|-status|p2a: Kyurem|tox
|
|-damage|p2a: Kyurem|81/100 tox|[from] psn
|upkeep
|turn|43
|
|t:|1779946040
|switch|p2a: Gliscor|Gliscor, M|64/100 tox
|switch|p1a: Blissey|Blissey, F|64/100
|
|-heal|p2a: Gliscor|77/100 tox|[from] ability: Poison Heal
|-damage|p2a: Gliscor|64/100 tox|[from] item: Sticky Barb
|upkeep
|turn|44
|
|t:|1779946048
|switch|p1a: Clefable|Clefable, M|95/100 tox
|move|p2a: Gliscor|Knock Off|p1a: Clefable
|-resisted|p1a: Clefable
|-damage|p1a: Clefable|90/100 tox
|
|-heal|p2a: Gliscor|77/100 tox|[from] ability: Poison Heal
|-damage|p2a: Gliscor|64/100 tox|[from] item: Sticky Barb
|upkeep
|turn|45
|
|t:|1779946052
|move|p2a: Gliscor|Stealth Rock|p1a: Clefable
|-sidestart|p1: aaagislash|move: Stealth Rock
|move|p1a: Clefable|Calm Mind|p1a: Clefable
|-boost|p1a: Clefable|spa|1
|-boost|p1a: Clefable|spd|1
|
|-heal|p2a: Gliscor|77/100 tox|[from] ability: Poison Heal
|-damage|p2a: Gliscor|64/100 tox|[from] item: Sticky Barb
|upkeep
|turn|46
|
|t:|1779946055
|switch|p2a: Kyurem|Kyurem|81/100 tox
|-ability|p2a: Kyurem|Pressure
|move|p1a: Clefable|Calm Mind|p1a: Clefable
|-boost|p1a: Clefable|spa|1
|-boost|p1a: Clefable|spd|1
|
|-damage|p2a: Kyurem|75/100 tox|[from] psn
|upkeep
|turn|47
|
|t:|1779946059
|-terastallize|p2a: Kyurem|Poison
|move|p1a: Clefable|Moonblast|p2a: Kyurem
|-resisted|p2a: Kyurem
|-crit|p2a: Kyurem
|-damage|p2a: Kyurem|35/100 tox
|move|p2a: Kyurem|Roar|p1a: Clefable
|drag|p1a: Amoonguss|Amoonguss, F, tera:Dark|48/100
|-damage|p1a: Amoonguss|36/100|[from] Stealth Rock
|
|-damage|p2a: Kyurem|22/100 tox|[from] psn
|upkeep
|turn|48
|
|t:|1779946065
|switch|p1a: Blissey|Blissey, F|64/100
|move|p2a: Kyurem|Ice Beam|p1a: Blissey
|-damage|p1a: Blissey|49/100
|
|-damage|p2a: Kyurem|4/100 tox|[from] psn
|upkeep
|turn|49
|
|t:|1779946067
|move|p2a: Kyurem|Ice Beam|p1a: Blissey
|-damage|p1a: Blissey|34/100
|move|p1a: Blissey|Soft-Boiled|p1a: Blissey
|-heal|p1a: Blissey|84/100
|
|-damage|p2a: Kyurem|0 fnt|[from] psn
|faint|p2a: Kyurem
|upkeep
|
|t:|1779946069
|switch|p2a: Gliscor|Gliscor, M|64/100 tox
|turn|50
|
|t:|1779946071
|switch|p1a: Regieleki|Regieleki|100/100
|-damage|p1a: Regieleki|88/100|[from] Stealth Rock
|move|p2a: Gliscor|Knock Off|p1a: Regieleki
|-damage|p1a: Regieleki|68/100
|
|-heal|p2a: Gliscor|77/100 tox|[from] ability: Poison Heal
|-damage|p2a: Gliscor|64/100 tox|[from] item: Sticky Barb
|upkeep
|turn|51
|
|t:|1779946080
|switch|p1a: Clefable|Clefable, M|90/100 tox
|move|p2a: Gliscor|Toxic|p1a: Clefable
|-fail|p1a: Clefable|tox
|
|-heal|p2a: Gliscor|77/100 tox|[from] ability: Poison Heal
|-damage|p2a: Gliscor|64/100 tox|[from] item: Sticky Barb
|upkeep
|turn|52
|-message|ZeeVeeAy forfeited.
|
|win|aaagislash
|raw|aaagislash's rating: 1466 &rarr; <strong>1489</strong><br />(+23 for winning)
|raw|ZeeVeeAy's rating: 1514 &rarr; <strong>1491</strong><br />(-23 for losing)
|l|☆ZeeVeeAy
|player|p2|
