|j|☆piplupipo
|j|☆spamtongspamtondr
|t:|1779886142
|gametype|singles
|player|p1|piplupipo|psychicf-gen4|1208
|player|p2|spamtongspamtondr|266|1249
|gen|9
|tier|[Gen 9] OU
|rated|
|rule|HP Percentage Mod: HP is shown in percentages
|rule|Endless Battle Clause: Forcing endless battles is banned
|rule|Species Clause: Limit one of each Pokémon
|rule|OHKO Clause: OHKO moves are banned
|rule|Evasion Items Clause: Evasion items are banned
|rule|Evasion Moves Clause: Evasion moves are banned
|rule|Evasion Abilities Clause: Evasion abilities are banned
|rule|Sleep Moves Clause: Sleep-inducing moves are banned
|clearpoke
|poke|p1|Glimmora, M|
|poke|p1|Hitmonlee, M|
|poke|p1|Eiscue, F|
|poke|p1|Polteageist|
|poke|p1|Klawf, M|
|poke|p1|Veluza, M|
|poke|p2|Zamazenta-*|
|poke|p2|Alomomola, M|
|poke|p2|Kyurem|
|poke|p2|Iron Treads|
|poke|p2|Pecharunt|
|poke|p2|Gardevoir, F|
|teampreview
|
|t:|1779886146
|teamsize|p1|6
|teamsize|p2|6
|start
|switch|p1a: Glimmora|Glimmora, M|100/100
|switch|p2a: Kyurem|Kyurem|100/100
|-ability|p2a: Kyurem|Pressure
|turn|1
|
|t:|1779886152
|move|p1a: Glimmora|Stealth Rock|p2a: Kyurem
|-sidestart|p2: spamtongspamtondr|move: Stealth Rock
|move|p2a: Kyurem|Dragon Dance|p2a: Kyurem
|-boost|p2a: Kyurem|atk|1
|-boost|p2a: Kyurem|spe|1
|
|upkeep
|turn|2
|
|t:|1779886157
|-terastallize|p1a: Glimmora|Rock
|move|p2a: Kyurem|Scale Shot|p1a: Glimmora
|-damage|p1a: Glimmora|75/100
|-activate|p1a: Glimmora|ability: Toxic Debris
|-sidestart|p2: spamtongspamtondr|move: Toxic Spikes
|-damage|p1a: Glimmora|49/100
|-activate|p1a: Glimmora|ability: Toxic Debris
|-sidestart|p2: spamtongspamtondr|move: Toxic Spikes
|-damage|p1a: Glimmora|24/100
|-damage|p1a: Glimmora|0 fnt
|faint|p1a: Glimmora
|-hitcount|p1: Glimmora|4
|-unboost|p2a: Kyurem|def|1
|-boost|p2a: Kyurem|spe|1
|
|upkeep
|
|t:|1779886166
|switch|p1a: Hitmonlee|Hitmonlee, M|100/100
|turn|3
|
|t:|1779886171
|move|p1a: Hitmonlee|Endure|p1a: Hitmonlee
|-singleturn|p1a: Hitmonlee|move: Endure
|move|p2a: Kyurem|Icicle Spear|p1a: Hitmonlee
|-crit|p1a: Hitmonlee
|-damage|p1a: Hitmonlee|25/100
|-enditem|p1a: Hitmonlee|Liechi Berry|[eat]
|-boost|p1a: Hitmonlee|atk|1|[from] item: Liechi Berry
|-activate|p1a: Hitmonlee|move: Endure
|-damage|p1a: Hitmonlee|1/100
|-activate|p1a: Hitmonlee|move: Endure
|-damage|p1a: Hitmonlee|1/100
|-activate|p1a: Hitmonlee|move: Endure
|-damage|p1a: Hitmonlee|1/100
|-activate|p1a: Hitmonlee|move: Endure
|-damage|p1a: Hitmonlee|1/100
|-hitcount|p1a: Hitmonlee|5
|
|upkeep
|turn|4
|
|t:|1779886179
|switch|p2a: Pecharunt|Pecharunt|100/100
|-damage|p2a: Pecharunt|88/100|[from] Stealth Rock
|-sideend|p2: spamtongspamtondr|move: Toxic Spikes|[of] p2a: Pecharunt
|move|p1a: Hitmonlee|Reversal|p2a: Pecharunt
|-immune|p2a: Pecharunt
|
|-heal|p2a: Pecharunt|94/100|[from] item: Leftovers
|upkeep
|turn|5
|
|t:|1779886184
|move|p1a: Hitmonlee|Earthquake|p2a: Pecharunt
|-supereffective|p2a: Pecharunt
|-damage|p2a: Pecharunt|46/100
|move|p2a: Pecharunt|Nasty Plot|p2a: Pecharunt
|-boost|p2a: Pecharunt|spa|2
|
|-heal|p2a: Pecharunt|52/100|[from] item: Leftovers
|upkeep
|turn|6
|
|t:|1779886189
|move|p1a: Hitmonlee|Earthquake|p2a: Pecharunt
|-supereffective|p2a: Pecharunt
|-damage|p2a: Pecharunt|3/100
|move|p2a: Pecharunt|Recover|p2a: Pecharunt
|-heal|p2a: Pecharunt|53/100
|
|-heal|p2a: Pecharunt|59/100|[from] item: Leftovers
|upkeep
|turn|7
|
|t:|1779886197
|move|p1a: Hitmonlee|Earthquake|p2a: Pecharunt
|-supereffective|p2a: Pecharunt
|-damage|p2a: Pecharunt|7/100
|move|p2a: Pecharunt|Shadow Ball|p1a: Hitmonlee
|-damage|p1a: Hitmonlee|0 fnt
|faint|p1a: Hitmonlee
|
|-heal|p2a: Pecharunt|13/100|[from] item: Leftovers
|upkeep
|
|t:|1779886206
|switch|p1a: Veluza|Veluza, M|100/100
|turn|8
|
|t:|1779886213
|move|p1a: Veluza|Psychic Fangs|p2a: Pecharunt
|-supereffective|p2a: Pecharunt
|-damage|p2a: Pecharunt|0 fnt
|faint|p2a: Pecharunt
|
|upkeep
|
|t:|1779886217
|switch|p2a: Gardevoir|Gardevoir, F|100/100
|-damage|p2a: Gardevoir|88/100|[from] Stealth Rock
|-ability|p2a: Gardevoir|Sharpness|Trace|[from] ability: Trace|[of] p1a: Veluza
|turn|9
|
|t:|1779886225
|move|p2a: Gardevoir|Trick|p1a: Veluza
|-activate|p2a: Gardevoir|move: Trick|[of] p1a: Veluza
|-item|p1a: Veluza|Choice Scarf|[from] move: Trick
|-item|p2a: Gardevoir|Sitrus Berry|[from] move: Trick
|move|p1a: Veluza|Fillet Away|p1a: Veluza
|-boost|p1a: Veluza|atk|2
|-boost|p1a: Veluza|spa|2
|-boost|p1a: Veluza|spe|2
|-damage|p1a: Veluza|50/100
|
|upkeep
|turn|10
|
|t:|1779886235
|switch|p1a: Klawf|Klawf, M|100/100
|move|p2a: Gardevoir|Moonblast|p1a: Klawf
|-damage|p1a: Klawf|12/100
|-ability|p1a: Klawf|Anger Shell|boost
|-boost|p1a: Klawf|atk|1
|-boost|p1a: Klawf|spa|1
|-boost|p1a: Klawf|spe|1
|-unboost|p1a: Klawf|def|1
|-unboost|p1a: Klawf|spd|1
|
|upkeep
|turn|11
|
|t:|1779886245
|move|p1a: Klawf|Stone Edge|p2a: Gardevoir|[miss]
|-miss|p1a: Klawf|p2a: Gardevoir
|move|p2a: Gardevoir|Destiny Bond|p2a: Gardevoir
|-singlemove|p2a: Gardevoir|Destiny Bond
|
|upkeep
|turn|12
|
|t:|1779886251
|move|p1a: Klawf|Endure|p1a: Klawf
|-singleturn|p1a: Klawf|move: Endure
|move|p2a: Gardevoir|Trick|p1a: Klawf
|-activate|p2a: Gardevoir|move: Trick|[of] p1a: Klawf
|-item|p1a: Klawf|Sitrus Berry|[from] move: Trick
|-item|p2a: Gardevoir|Weakness Policy|[from] move: Trick
|-enditem|p1a: Klawf|Sitrus Berry|[eat]
|-heal|p1a: Klawf|37/100|[from] item: Sitrus Berry
|
|upkeep
|turn|13
|
|t:|1779886260
|move|p1a: Klawf|Stone Edge|p2a: Gardevoir
|-damage|p2a: Gardevoir|0 fnt
|faint|p2a: Gardevoir
|
|upkeep
|
|t:|1779886263
|switch|p2a: Alomomola|Alomomola, M|100/100
|turn|14
|
|t:|1779886280
|move|p1a: Klawf|Endure|p1a: Klawf
|-singleturn|p1a: Klawf|move: Endure
|move|p2a: Alomomola|Tickle|p1a: Klawf
|-unboost|p1a: Klawf|atk|1
|-unboost|p1a: Klawf|def|1
|
|upkeep
|turn|15
|
|t:|1779886289
|move|p1a: Klawf|Stone Edge|p2a: Alomomola
|-damage|p2a: Alomomola|76/100
|move|p2a: Alomomola|Tickle|p1a: Klawf
|-unboost|p1a: Klawf|atk|1
|-unboost|p1a: Klawf|def|1
|
|upkeep
|turn|16
|
|t:|1779886296
|move|p1a: Klawf|Stone Edge|p2a: Alomomola
|-damage|p2a: Alomomola|59/100
|move|p2a: Alomomola|Flip Turn|p1a: Klawf
|-supereffective|p1a: Klawf
|-damage|p1a: Klawf|0 fnt
|faint|p1a: Klawf
|
|t:|1779886301
|switch|p2a: Kyurem|Kyurem|100/100|[from] Flip Turn
|-damage|p2a: Kyurem|76/100|[from] Stealth Rock
|-ability|p2a: Kyurem|Pressure
|
|upkeep
|
|t:|1779886311
|switch|p1a: Veluza|Veluza, M|50/100
|turn|17
|
|t:|1779886320
|move|p1a: Veluza|Psychic Fangs|p2a: Kyurem
|-damage|p2a: Kyurem|39/100
|move|p2a: Kyurem|Dragon Dance|p2a: Kyurem
|-boost|p2a: Kyurem|atk|1
|-boost|p2a: Kyurem|spe|1
|
|upkeep
|turn|18
|
|t:|1779886326
|move|p2a: Kyurem|Scale Shot|p1a: Veluza|[miss]
|-miss|p2a: Kyurem|p1a: Veluza
|move|p1a: Veluza|Psychic Fangs|p2a: Kyurem
|-damage|p2a: Kyurem|0 fnt
|faint|p2a: Kyurem
|
|upkeep
|
|t:|1779886330
|switch|p2a: Zamazenta|Zamazenta|100/100
|-damage|p2a: Zamazenta|94/100|[from] Stealth Rock
|-ability|p2a: Zamazenta|Dauntless Shield|boost
|-boost|p2a: Zamazenta|def|1
|turn|19
|
|t:|1779886335
|-terastallize|p2a: Zamazenta|Dark
|move|p2a: Zamazenta|Crunch|p1a: Veluza
|-supereffective|p1a: Veluza
|-damage|p1a: Veluza|0 fnt
|faint|p1a: Veluza
|-damage|p2a: Zamazenta|84/100|[from] item: Life Orb
|
|upkeep
|
|t:|1779886339
|switch|p1a: Polteageist|Polteageist|100/100
|turn|20
|
|t:|1779886343
|move|p2a: Zamazenta|Iron Head|p1a: Polteageist
|-damage|p1a: Polteageist|37/100
|-ability|p1a: Polteageist|Weak Armor|boost
|-unboost|p1a: Polteageist|def|1
|-boost|p1a: Polteageist|spe|2
|-damage|p2a: Zamazenta|75/100|[from] item: Life Orb
|cant|p1a: Polteageist|flinch
|
|upkeep
|turn|21
|
|t:|1779886348
|move|p1a: Polteageist|Giga Drain|p2a: Zamazenta
|-damage|p2a: Zamazenta|49/100
|-heal|p1a: Polteageist|53/100|[from] drain|[of] p2a: Zamazenta
|move|p2a: Zamazenta|Crunch|p1a: Polteageist
|-supereffective|p1a: Polteageist
|-damage|p1a: Polteageist|0 fnt
|faint|p1a: Polteageist
|-damage|p2a: Zamazenta|40/100|[from] item: Life Orb
|
|upkeep
|
|t:|1779886353
|switch|p1a: Eiscue|Eiscue, F|100/100
|turn|22
|
|t:|1779886358
|move|p2a: Zamazenta|Iron Head|p1a: Eiscue
|-activate|p1a: Eiscue|ability: Ice Face
|-damage|p1a: Eiscue|100/100
|detailschange|p1a: Eiscue|Eiscue-Noice, F
|-damage|p2a: Zamazenta|30/100|[from] item: Life Orb
|cant|p1a: Eiscue|flinch
|
|upkeep
|turn|23
|c|☆spamtongspamtondr|ff
|c|☆spamtongspamtondr|*gg
|c|☆piplupipo|vro
|c|☆piplupipo|ts is not ok
|
|t:|1779886374
|move|p2a: Zamazenta|Close Combat|p1a: Eiscue
|-supereffective|p1a: Eiscue
|-crit|p1a: Eiscue
|-damage|p1a: Eiscue|0 fnt
|-unboost|p2a: Zamazenta|def|1
|-unboost|p2a: Zamazenta|spd|1
|faint|p1a: Eiscue
|-damage|p2a: Zamazenta|20/100|[from] item: Life Orb
|
|win|spamtongspamtondr
|raw|piplupipo's rating: 1208 &rarr; <strong>1188</strong><br />(-20 for losing)
|raw|spamtongspamtondr's rating: 1275 &rarr; <strong>1295</strong><br />(+20 for winning)
|l|☆spamtongspamtondr
|player|p2|
|l|☆piplupipo
|player|p1|
