|j|☆Closz
|j|☆claudechamp
|t:|1779841344
|gametype|singles
|player|p1|Closz|striker|1205
|player|p2|claudechamp|265|1258
|gen|9
|tier|[Gen 9] OU
|rated|
|rule|HP Percentage Mod: HP is shown in percentages
|rule|Endless Battle Clause: Forcing endless battles is banned
|rule|Species Clause: Limit one of each Pokémon
|rule|OHKO Clause: OHKO moves are banned
|rule|Evasion Items Clause: Evasion items are banned
|rule|Evasion Moves Clause: Evasion moves are banned
|rule|Evasion Abilities Clause: Evasion abilities are banned
|rule|Sleep Moves Clause: Sleep-inducing moves are banned
|clearpoke
|poke|p1|Ceruledge, M|
|poke|p1|Garchomp, M|
|poke|p1|Hatterene, F|
|poke|p1|Meowscarada, F|
|poke|p1|Iron Moth|
|poke|p1|Raging Bolt|
|poke|p2|Corviknight, F|
|poke|p2|Ting-Lu|
|poke|p2|Kyurem|
|poke|p2|Dondozo, M|
|poke|p2|Slowking-Galar, M|
|poke|p2|Cinderace, F|
|teampreview
|c|☆claudechamp|hf
|inactive|Battle timer is ON: inactive players will automatically lose when time's up. (requested by claudechamp)
|c|☆Closz|Gl
|
|t:|1779841372
|teamsize|p1|6
|teamsize|p2|6
|start
|switch|p1a: Hatterene|Hatterene, F|100/100
|switch|p2a: Cinderace|Cinderace, F|100/100
|turn|1
|
|t:|1779841379
|move|p2a: Cinderace|Pyro Ball|p1a: Hatterene
|-damage|p1a: Hatterene|62/100
|move|p1a: Hatterene|Nuzzle|p2a: Cinderace
|-damage|p2a: Cinderace|95/100
|-status|p2a: Cinderace|par
|
|-heal|p1a: Hatterene|67/100|[from] item: Leftovers
|upkeep
|turn|2
|
|t:|1779841394
|switch|p1a: Iron Moth|Iron Moth|100/100
|-enditem|p1a: Iron Moth|Booster Energy
|-activate|p1a: Iron Moth|ability: Quark Drive|[fromitem]
|-start|p1a: Iron Moth|quarkdrivespe
|move|p2a: Cinderace|Pyro Ball|p1a: Iron Moth
|-resisted|p1a: Iron Moth
|-damage|p1a: Iron Moth|65/100
|
|upkeep
|turn|3
|
|t:|1779841407
|switch|p2a: Ting-Lu|Ting-Lu|100/100
|-ability|p2a: Ting-Lu|Vessel of Ruin
|move|p1a: Iron Moth|Energy Ball|p2a: Ting-Lu
|-supereffective|p2a: Ting-Lu
|-damage|p2a: Ting-Lu|76/100
|
|-heal|p2a: Ting-Lu|82/100|[from] item: Leftovers
|upkeep
|turn|4
|
|t:|1779841417
|move|p1a: Iron Moth|Fiery Dance|p2a: Ting-Lu
|-damage|p2a: Ting-Lu|65/100
|-boost|p1a: Iron Moth|spa|1
|move|p2a: Ting-Lu|Earthquake|p1a: Iron Moth
|-supereffective|p1a: Iron Moth
|-damage|p1a: Iron Moth|0 fnt
|faint|p1a: Iron Moth
|-end|p1a: Iron Moth|Quark Drive|[silent]
|
|-heal|p2a: Ting-Lu|72/100|[from] item: Leftovers
|upkeep
|
|t:|1779841429
|switch|p1a: Meowscarada|Meowscarada, F|100/100
|turn|5
|
|t:|1779841434
|move|p1a: Meowscarada|Triple Axel|p2a: Ting-Lu
|-start|p1a: Meowscarada|typechange|Ice|[from] ability: Protean
|-supereffective|p2a: Ting-Lu
|-damage|p2a: Ting-Lu|60/100
|-supereffective|p2a: Ting-Lu
|-damage|p2a: Ting-Lu|36/100
|-supereffective|p2a: Ting-Lu
|-damage|p2a: Ting-Lu|0 fnt
|faint|p2a: Ting-Lu
|-hitcount|p2: Ting-Lu|3
|
|upkeep
|
|t:|1779841436
|switch|p2a: Slowking|Slowking-Galar, M|100/100
|turn|6
|
|t:|1779841450
|move|p1a: Meowscarada|Knock Off|p2a: Slowking
|-supereffective|p2a: Slowking
|-damage|p2a: Slowking|56/100
|-enditem|p2a: Slowking|Shuca Berry|[from] move: Knock Off|[of] p1a: Meowscarada
|move|p2a: Slowking|Sludge Bomb|p1a: Meowscarada
|-damage|p1a: Meowscarada|46/100
|
|upkeep
|turn|7
|
|t:|1779841459
|move|p1a: Meowscarada|U-turn|p2a: Slowking
|-damage|p2a: Slowking|40/100
|
|t:|1779841471
|switch|p1a: Ceruledge|Ceruledge, M|100/100|[from] U-turn
|move|p2a: Slowking|Sludge Bomb|p1a: Ceruledge
|-resisted|p1a: Ceruledge
|-damage|p1a: Ceruledge|85/100
|-status|p1a: Ceruledge|psn
|
|-heal|p1a: Ceruledge|91/100 psn|[from] item: Leftovers
|-damage|p1a: Ceruledge|79/100 psn|[from] psn
|upkeep
|turn|8
|
|t:|1779841485
|switch|p2a: Dondozo|Dondozo, M|100/100
|move|p1a: Ceruledge|Swords Dance|p1a: Ceruledge
|-boost|p1a: Ceruledge|atk|2
|
|-heal|p1a: Ceruledge|85/100 psn|[from] item: Leftovers
|-damage|p1a: Ceruledge|73/100 psn|[from] psn
|upkeep
|turn|9
|
|t:|1779841497
|switch|p1a: Raging Bolt|Raging Bolt|100/100
|move|p2a: Dondozo|Waterfall|p1a: Raging Bolt
|-resisted|p1a: Raging Bolt
|-damage|p1a: Raging Bolt|90/100
|
|-heal|p1a: Raging Bolt|96/100|[from] item: Leftovers
|upkeep
|turn|10
|
|t:|1779841507
|switch|p2a: Kyurem|Kyurem|100/100
|-ability|p2a: Kyurem|Pressure
|move|p1a: Raging Bolt|Calm Mind|p1a: Raging Bolt
|-boost|p1a: Raging Bolt|spa|1
|-boost|p1a: Raging Bolt|spd|1
|
|-heal|p1a: Raging Bolt|100/100|[from] item: Leftovers
|upkeep
|turn|11
|
|t:|1779841517
|-terastallize|p2a: Kyurem|Ground
|move|p2a: Kyurem|Earth Power|p1a: Raging Bolt
|-supereffective|p1a: Raging Bolt
|-damage|p1a: Raging Bolt|41/100
|move|p1a: Raging Bolt|Draco Meteor|p2a: Kyurem
|-damage|p2a: Kyurem|0 fnt
|-unboost|p1a: Raging Bolt|spa|2
|faint|p2a: Kyurem
|
|-heal|p1a: Raging Bolt|47/100|[from] item: Leftovers
|upkeep
|
|t:|1779841519
|switch|p2a: Slowking|Slowking-Galar, M|73/100
|turn|12
|
|t:|1779841536
|-end|p1a: Raging Bolt|Protosynthesis|[silent]
|switch|p1a: Garchomp|Garchomp, M|100/100
|move|p2a: Slowking|Future Sight|p1a: Garchomp
|-start|p2a: Slowking|move: Future Sight
|
|upkeep
|turn|13
|
|t:|1779841544
|move|p1a: Garchomp|Earthquake|p2a: Slowking
|-supereffective|p2a: Slowking
|-damage|p2a: Slowking|0 fnt
|faint|p2a: Slowking
|
|upkeep
|
|t:|1779841547
|switch|p2a: Corviknight|Corviknight, F|100/100
|-ability|p2a: Corviknight|Pressure
|turn|14
|
|t:|1779841555
|switch|p1a: Hatterene|Hatterene, F|67/100
|move|p2a: Corviknight|U-turn|p1a: Hatterene
|-damage|p1a: Hatterene|54/100
|
|t:|1779841559
|switch|p2a: Cinderace|Cinderace, F|95/100 par|[from] U-turn
|
|-end|p1a: Hatterene|move: Future Sight
|-resisted|p1a: Hatterene
|-damage|p1a: Hatterene|33/100
|-heal|p1a: Hatterene|39/100|[from] item: Leftovers
|upkeep
|turn|15
|
|t:|1779841571
|switch|p1a: Garchomp|Garchomp, M|100/100
|cant|p2a: Cinderace|par
|
|upkeep
|turn|16
|
|t:|1779841579
|move|p1a: Garchomp|Dragon Claw|p2a: Cinderace
|-damage|p2a: Cinderace|43/100 par
|move|p2a: Cinderace|Pyro Ball|p1a: Garchomp
|-resisted|p1a: Garchomp
|-damage|p1a: Garchomp|75/100
|
|upkeep
|turn|17
|
|t:|1779841586
|switch|p2a: Corviknight|Corviknight, F|100/100
|-ability|p2a: Corviknight|Pressure
|move|p1a: Garchomp|Dragon Claw|p2a: Corviknight
|-resisted|p2a: Corviknight
|-damage|p2a: Corviknight|89/100
|-damage|p1a: Garchomp|59/100|[from] item: Rocky Helmet|[of] p2a: Corviknight
|
|upkeep
|turn|18
|
|t:|1779841603
|switch|p1a: Raging Bolt|Raging Bolt|47/100
|move|p2a: Corviknight|U-turn|p1a: Raging Bolt
|-crit|p1a: Raging Bolt
|-damage|p1a: Raging Bolt|30/100
|
|t:|1779841606
|switch|p2a: Cinderace|Cinderace, F|43/100 par|[from] U-turn
|
|-heal|p1a: Raging Bolt|36/100|[from] item: Leftovers
|upkeep
|turn|19
|
|t:|1779841615
|move|p1a: Raging Bolt|Thunderclap|p2a: Cinderace
|-damage|p2a: Cinderace|0 fnt
|faint|p2a: Cinderace
|
|-heal|p1a: Raging Bolt|42/100|[from] item: Leftovers
|upkeep
|
|t:|1779841618
|switch|p2a: Dondozo|Dondozo, M|100/100
|turn|20
|
|t:|1779841628
|move|p1a: Raging Bolt|Volt Switch|p2a: Dondozo
|-supereffective|p2a: Dondozo
|-damage|p2a: Dondozo|44/100
|
|t:|1779841633
|-end|p1a: Raging Bolt|Protosynthesis|[silent]
|switch|p1a: Meowscarada|Meowscarada, F|46/100|[from] Volt Switch
|move|p2a: Dondozo|Body Press|p1a: Meowscarada
|-supereffective|p1a: Meowscarada
|-damage|p1a: Meowscarada|0 fnt
|faint|p1a: Meowscarada
|
|-heal|p2a: Dondozo|51/100|[from] item: Leftovers
|upkeep
|
|t:|1779841643
|switch|p1a: Raging Bolt|Raging Bolt|42/100
|turn|21
|
|t:|1779841649
|switch|p2a: Corviknight|Corviknight, F|89/100
|-ability|p2a: Corviknight|Pressure
|move|p1a: Raging Bolt|Thunderclap||[still]
|-fail|p1a: Raging Bolt
|
|-heal|p1a: Raging Bolt|49/100|[from] item: Leftovers
|upkeep
|turn|22
|
|t:|1779841659
|move|p1a: Raging Bolt|Thunderclap|p2a: Corviknight
|-supereffective|p2a: Corviknight
|-damage|p2a: Corviknight|10/100
|move|p2a: Corviknight|U-turn|p1a: Raging Bolt
|-damage|p1a: Raging Bolt|38/100
|
|t:|1779841663
|switch|p2a: Dondozo|Dondozo, M|51/100|[from] U-turn
|
|-heal|p1a: Raging Bolt|44/100|[from] item: Leftovers
|-heal|p2a: Dondozo|57/100|[from] item: Leftovers
|upkeep
|turn|23
|
|t:|1779841670
|move|p1a: Raging Bolt|Volt Switch|p2a: Dondozo
|-supereffective|p2a: Dondozo
|-damage|p2a: Dondozo|6/100
|
|t:|1779841675
|-end|p1a: Raging Bolt|Protosynthesis|[silent]
|switch|p1a: Garchomp|Garchomp, M|59/100|[from] Volt Switch
|move|p2a: Dondozo|Rest|p2a: Dondozo
|-status|p2a: Dondozo|slp|[from] move: Rest
|-heal|p2a: Dondozo|100/100 slp|[silent]
|
|upkeep
|turn|24
|
|t:|1779841687
|switch|p1a: Raging Bolt|Raging Bolt|44/100
|cant|p2a: Dondozo|slp
|
|-heal|p1a: Raging Bolt|51/100|[from] item: Leftovers
|upkeep
|turn|25
|
|t:|1779841696
|move|p1a: Raging Bolt|Volt Switch|p2a: Dondozo
|-supereffective|p2a: Dondozo
|-damage|p2a: Dondozo|46/100 slp
|
|t:|1779841704
|-end|p1a: Raging Bolt|Protosynthesis|[silent]
|switch|p1a: Garchomp|Garchomp, M|59/100|[from] Volt Switch
|cant|p2a: Dondozo|slp
|
|-heal|p2a: Dondozo|52/100 slp|[from] item: Leftovers
|upkeep
|turn|26
|
|t:|1779841713
|move|p1a: Garchomp|Earthquake|p2a: Dondozo
|-damage|p2a: Dondozo|20/100 slp
|-curestatus|p2a: Dondozo|slp|[msg]
|move|p2a: Dondozo|Rest|p2a: Dondozo
|-status|p2a: Dondozo|slp|[from] move: Rest
|-heal|p2a: Dondozo|100/100 slp|[silent]
|
|upkeep
|turn|27
|
|t:|1779841723
|switch|p1a: Raging Bolt|Raging Bolt|51/100
|cant|p2a: Dondozo|slp
|
|-heal|p1a: Raging Bolt|57/100|[from] item: Leftovers
|upkeep
|turn|28
|
|t:|1779841731
|move|p1a: Raging Bolt|Draco Meteor|p2a: Dondozo
|-damage|p2a: Dondozo|52/100 slp
|-unboost|p1a: Raging Bolt|spa|2
|cant|p2a: Dondozo|slp
|
|-heal|p1a: Raging Bolt|63/100|[from] item: Leftovers
|-heal|p2a: Dondozo|58/100 slp|[from] item: Leftovers
|upkeep
|turn|29
|
|t:|1779841740
|move|p1a: Raging Bolt|Volt Switch|p2a: Dondozo
|-supereffective|p2a: Dondozo
|-damage|p2a: Dondozo|9/100 slp
|
|t:|1779841744
|-end|p1a: Raging Bolt|Protosynthesis|[silent]
|switch|p1a: Hatterene|Hatterene, F|39/100|[from] Volt Switch
|-curestatus|p2a: Dondozo|slp|[msg]
|move|p2a: Dondozo|Rest|p2a: Dondozo
|-status|p2a: Dondozo|slp|[from] move: Rest
|-heal|p2a: Dondozo|100/100 slp|[silent]
|
|-heal|p1a: Hatterene|45/100|[from] item: Leftovers
|upkeep
|turn|30
|
|t:|1779841756
|cant|p2a: Dondozo|slp
|move|p1a: Hatterene|Draining Kiss|p2a: Dondozo
|-damage|p2a: Dondozo|87/100 slp
|-heal|p1a: Hatterene|62/100|[from] drain|[of] p2a: Dondozo
|
|-heal|p2a: Dondozo|93/100 slp|[from] item: Leftovers
|-heal|p1a: Hatterene|68/100|[from] item: Leftovers
|upkeep
|turn|31
|
|t:|1779841765
|cant|p2a: Dondozo|slp
|move|p1a: Hatterene|Draining Kiss|p2a: Dondozo
|-damage|p2a: Dondozo|78/100 slp
|-heal|p1a: Hatterene|85/100|[from] drain|[of] p2a: Dondozo
|
|-heal|p2a: Dondozo|85/100 slp|[from] item: Leftovers
|-heal|p1a: Hatterene|91/100|[from] item: Leftovers
|upkeep
|turn|32
|
|t:|1779841776
|switch|p1a: Ceruledge|Ceruledge, M|73/100 psn
|-curestatus|p2a: Dondozo|slp|[msg]
|move|p2a: Dondozo|Curse|p2a: Dondozo
|-unboost|p2a: Dondozo|spe|1
|-boost|p2a: Dondozo|atk|1
|-boost|p2a: Dondozo|def|1
|
|-heal|p1a: Ceruledge|79/100 psn|[from] item: Leftovers
|-heal|p2a: Dondozo|91/100|[from] item: Leftovers
|-damage|p1a: Ceruledge|67/100 psn|[from] psn
|upkeep
|turn|33
|
|t:|1779841788
|switch|p1a: Raging Bolt|Raging Bolt|63/100
|move|p2a: Dondozo|Waterfall|p1a: Raging Bolt
|-resisted|p1a: Raging Bolt
|-damage|p1a: Raging Bolt|47/100
|
|-heal|p1a: Raging Bolt|53/100|[from] item: Leftovers
|-heal|p2a: Dondozo|97/100|[from] item: Leftovers
|upkeep
|turn|34
|
|t:|1779841798
|move|p1a: Raging Bolt|Thunderclap|p2a: Dondozo
|-supereffective|p2a: Dondozo
|-damage|p2a: Dondozo|42/100
|move|p2a: Dondozo|Body Press|p1a: Raging Bolt
|-damage|p1a: Raging Bolt|30/100
|
|-heal|p1a: Raging Bolt|37/100|[from] item: Leftovers
|-heal|p2a: Dondozo|48/100|[from] item: Leftovers
|upkeep
|turn|35
|
|t:|1779841808
|-terastallize|p1a: Raging Bolt|Electric
|move|p1a: Raging Bolt|Volt Switch|p2a: Dondozo
|-supereffective|p2a: Dondozo
|-damage|p2a: Dondozo|0 fnt
|faint|p2a: Dondozo
|
|t:|1779841817
|-end|p1a: Raging Bolt|Protosynthesis|[silent]
|switch|p1a: Ceruledge|Ceruledge, M|67/100 psn|[from] Volt Switch
|
|-heal|p1a: Ceruledge|73/100 psn|[from] item: Leftovers
|-damage|p1a: Ceruledge|60/100 psn|[from] psn
|upkeep
|
|t:|1779841823
|switch|p2a: Corviknight|Corviknight, F|10/100
|-ability|p2a: Corviknight|Pressure
|turn|36
|
|t:|1779841830
|move|p1a: Ceruledge|Bitter Blade|p2a: Corviknight
|-supereffective|p2a: Corviknight
|-damage|p2a: Corviknight|0 fnt
|-heal|p1a: Ceruledge|66/100 psn|[from] drain|[of] p2a: Corviknight
|-damage|p1a: Ceruledge|49/100 psn|[from] item: Rocky Helmet|[of] p2a: Corviknight
|faint|p2a: Corviknight
|
|win|Closz
|raw|Closz's rating: 1205 &rarr; <strong>1232</strong><br />(+27 for winning)
|raw|claudechamp's rating: 1231 &rarr; <strong>1204</strong><br />(-27 for losing)
|c|☆claudechamp|gg
