|j|☆t1max
|j|☆dfih
|t:|1779924100
|gametype|singles
|player|p1|t1max|skierf|1360
|player|p2|dfih|cynthia-masters4|1330
|gen|9
|tier|[Gen 9] OU
|rated|
|rule|HP Percentage Mod: HP is shown in percentages
|rule|Endless Battle Clause: Forcing endless battles is banned
|rule|Species Clause: Limit one of each Pokémon
|rule|OHKO Clause: OHKO moves are banned
|rule|Evasion Items Clause: Evasion items are banned
|rule|Evasion Moves Clause: Evasion moves are banned
|rule|Evasion Abilities Clause: Evasion abilities are banned
|rule|Sleep Moves Clause: Sleep-inducing moves are banned
|clearpoke
|poke|p1|Regidrago|
|poke|p1|Regice|
|poke|p1|Regigigas|
|poke|p1|Regirock|
|poke|p1|Registeel|
|poke|p1|Regieleki|
|poke|p2|Braviary-Hisui, M|
|poke|p2|Zamazenta-*|
|poke|p2|Raging Bolt|
|poke|p2|Hatterene, F|
|poke|p2|Gholdengo|
|poke|p2|Darkrai|
|teampreview
|c|☆dfih|based
|c|☆t1max|ty
|inactive|Battle timer is ON: inactive players will automatically lose when time's up. (requested by dfih)
|
|t:|1779924130
|teamsize|p1|6
|teamsize|p2|6
|start
|switch|p1a: Regice|Regice|100/100
|switch|p2a: Zamazenta|Zamazenta|100/100
|-ability|p2a: Zamazenta|Dauntless Shield|boost
|-boost|p2a: Zamazenta|def|1
|turn|1
|
|t:|1779924142
|move|p2a: Zamazenta|Light Screen|p2a: Zamazenta
|-sidestart|p2: dfih|move: Light Screen
|move|p1a: Regice|Blizzard|p2a: Zamazenta|[miss]
|-miss|p1a: Regice|p2a: Zamazenta
|
|upkeep
|turn|2
|
|t:|1779924153
|switch|p1a: Regirock|Regirock|100/100
|move|p2a: Zamazenta|Reflect|p2a: Zamazenta
|-sidestart|p2: dfih|Reflect
|
|upkeep
|turn|3
|
|t:|1779924160
|move|p2a: Zamazenta|Close Combat|p1a: Regirock
|-supereffective|p1a: Regirock
|-damage|p1a: Regirock|62/100
|-unboost|p2a: Zamazenta|def|1
|-unboost|p2a: Zamazenta|spd|1
|move|p1a: Regirock|Thunder Wave|p2a: Zamazenta
|-status|p2a: Zamazenta|par
|
|-heal|p1a: Regirock|68/100|[from] item: Leftovers
|upkeep
|turn|4
|
|t:|1779924169
|switch|p2a: Gholdengo|Gholdengo|100/100
|move|p1a: Regirock|Curse|p1a: Regirock
|-unboost|p1a: Regirock|spe|1
|-boost|p1a: Regirock|atk|1
|-boost|p1a: Regirock|def|1
|
|-heal|p1a: Regirock|74/100|[from] item: Leftovers
|upkeep
|turn|5
|
|t:|1779924176
|switch|p1a: Registeel|Registeel|100/100
|move|p2a: Gholdengo|Make It Rain|p1a: Registeel
|-resisted|p1a: Registeel
|-damage|p1a: Registeel|74/100
|-unboost|p2a: Gholdengo|spa|1
|
|upkeep
|turn|6
|
|t:|1779924182
|move|p2a: Gholdengo|Nasty Plot|p2a: Gholdengo
|-boost|p2a: Gholdengo|spa|2
|move|p1a: Registeel|Meteor Beam||[still]
|-prepare|p1a: Registeel|Meteor Beam
|-boost|p1a: Registeel|spa|1
|-enditem|p1a: Registeel|Power Herb
|-anim|p1a: Registeel|Meteor Beam|p2a: Gholdengo
|-resisted|p2a: Gholdengo
|-damage|p2a: Gholdengo|86/100
|
|upkeep
|turn|7
|
|t:|1779924189
|move|p2a: Gholdengo|Nasty Plot|p2a: Gholdengo
|-boost|p2a: Gholdengo|spa|2
|move|p1a: Registeel|Thunder|p2a: Gholdengo
|-damage|p2a: Gholdengo|61/100
|-status|p2a: Gholdengo|par
|
|upkeep
|turn|8
|
|t:|1779924197
|move|p1a: Registeel|Thunder|p2a: Gholdengo|[miss]
|-miss|p1a: Registeel|p2a: Gholdengo
|move|p2a: Gholdengo|Nasty Plot|p2a: Gholdengo
|-boost|p2a: Gholdengo|spa|2
|
|-sideend|p2: dfih|move: Light Screen
|upkeep
|turn|9
|
|t:|1779924204
|move|p1a: Registeel|Thunder|p2a: Gholdengo|[miss]
|-miss|p1a: Registeel|p2a: Gholdengo
|move|p2a: Gholdengo|Make It Rain|p1a: Registeel
|-resisted|p1a: Registeel
|-damage|p1a: Registeel|0 fnt
|-unboost|p2a: Gholdengo|spa|1
|faint|p1a: Registeel
|
|-sideend|p2: dfih|Reflect
|upkeep
|
|t:|1779924219
|switch|p1a: Regieleki|Regieleki|100/100
|turn|10
|
|t:|1779924226
|switch|p2a: Raging Bolt|Raging Bolt|100/100
|-enditem|p2a: Raging Bolt|Booster Energy
|-activate|p2a: Raging Bolt|ability: Protosynthesis|[fromitem]
|-start|p2a: Raging Bolt|protosynthesisspa
|move|p1a: Regieleki|Supercell Slam|p2a: Raging Bolt
|-resisted|p2a: Raging Bolt
|-damage|p2a: Raging Bolt|80/100
|
|upkeep
|turn|11
|
|t:|1779924237
|switch|p1a: Regice|Regice|100/100
|move|p2a: Raging Bolt|Calm Mind|p2a: Raging Bolt
|-boost|p2a: Raging Bolt|spa|1
|-boost|p2a: Raging Bolt|spd|1
|
|upkeep
|turn|12
|
|t:|1779924244
|move|p2a: Raging Bolt|Calm Mind|p2a: Raging Bolt
|-boost|p2a: Raging Bolt|spa|1
|-boost|p2a: Raging Bolt|spd|1
|move|p1a: Regice|Gravity|p1a: Regice
|-fieldstart|move: Gravity
|
|upkeep
|turn|13
|
|t:|1779924262
|move|p2a: Raging Bolt|Calm Mind|p2a: Raging Bolt
|-boost|p2a: Raging Bolt|spa|1
|-boost|p2a: Raging Bolt|spd|1
|move|p1a: Regice|Blizzard|p2a: Raging Bolt
|-supereffective|p2a: Raging Bolt
|-damage|p2a: Raging Bolt|37/100
|-status|p2a: Raging Bolt|frz
|
|upkeep
|turn|14
|
|t:|1779924270
|cant|p2a: Raging Bolt|frz
|move|p1a: Regice|Blizzard|p2a: Raging Bolt
|-supereffective|p2a: Raging Bolt
|-damage|p2a: Raging Bolt|0 fnt
|faint|p2a: Raging Bolt
|-end|p2a: Raging Bolt|Protosynthesis|[silent]
|
|upkeep
|
|t:|1779924279
|switch|p2a: Zamazenta|Zamazenta|100/100 par
|turn|15
|
|t:|1779924284
|cant|p2a: Zamazenta|par
|move|p1a: Regice|Blizzard|p2a: Zamazenta
|-damage|p2a: Zamazenta|57/100 par
|
|upkeep
|turn|16
|
|t:|1779924290
|cant|p2a: Zamazenta|par
|move|p1a: Regice|Blizzard|p2a: Zamazenta
|-damage|p2a: Zamazenta|19/100 par
|
|-fieldend|move: Gravity
|upkeep
|turn|17
|c|☆t1max|apologies
|
|t:|1779924298
|move|p2a: Zamazenta|Light Screen|p2a: Zamazenta
|-sidestart|p2: dfih|move: Light Screen
|move|p1a: Regice|Blizzard|p2a: Zamazenta|[miss]
|-miss|p1a: Regice|p2a: Zamazenta
|
|upkeep
|turn|18
|c|☆dfih|lol it happens
|
|t:|1779924307
|move|p2a: Zamazenta|Close Combat|p1a: Regice
|-supereffective|p1a: Regice
|-damage|p1a: Regice|9/100
|-unboost|p2a: Zamazenta|def|1
|-unboost|p2a: Zamazenta|spd|1
|move|p1a: Regice|Gravity|p1a: Regice
|-fieldstart|move: Gravity
|
|upkeep
|turn|19
|
|t:|1779924314
|move|p2a: Zamazenta|Close Combat|p1a: Regice
|-supereffective|p1a: Regice
|-damage|p1a: Regice|0 fnt
|-unboost|p2a: Zamazenta|def|1
|-unboost|p2a: Zamazenta|spd|1
|faint|p1a: Regice
|
|upkeep
|
|t:|1779924319
|switch|p1a: Regieleki|Regieleki|100/100
|turn|20
|
|t:|1779924326
|move|p1a: Regieleki|Supercell Slam|p2a: Zamazenta
|-damage|p2a: Zamazenta|0 fnt
|faint|p2a: Zamazenta
|
|upkeep
|
|t:|1779924333
|switch|p2a: Hatterene|Hatterene, F|100/100
|turn|21
|
|t:|1779924336
|move|p1a: Regieleki|Supercell Slam|p2a: Hatterene
|-damage|p2a: Hatterene|23/100
|move|p2a: Hatterene|Calm Mind|p2a: Hatterene
|-boost|p2a: Hatterene|spa|1
|-boost|p2a: Hatterene|spd|1
|
|-heal|p2a: Hatterene|29/100|[from] item: Leftovers
|upkeep
|turn|22
|
|t:|1779924342
|move|p1a: Regieleki|Supercell Slam|p2a: Hatterene
|-damage|p2a: Hatterene|0 fnt
|faint|p2a: Hatterene
|
|-fieldend|move: Gravity
|upkeep
|
|t:|1779924354
|switch|p2a: Darkrai|Darkrai|100/100
|turn|23
|
|t:|1779924360
|move|p1a: Regieleki|Supercell Slam|p2a: Darkrai
|-damage|p2a: Darkrai|0 fnt
|faint|p2a: Darkrai
|
|upkeep
|
|t:|1779924367
|switch|p2a: Braviary|Braviary-Hisui, M, shiny|100/100
|turn|24
|
|t:|1779924374
|move|p1a: Regieleki|Supercell Slam|p2a: Braviary|[miss]
|-miss|p1a: Regieleki|p2a: Braviary
|-damage|p1a: Regieleki|51/100|[from] supercellslam
|move|p2a: Braviary|Esper Wing|p1a: Regieleki
|-crit|p1a: Regieleki
|-damage|p1a: Regieleki|0 fnt
|-boost|p2a: Braviary|spe|1
|faint|p1a: Regieleki
|
|-sideend|p2: dfih|move: Light Screen
|upkeep
|
|t:|1779924383
|switch|p1a: Regidrago|Regidrago|100/100
|turn|25
|
|t:|1779924394
|move|p1a: Regidrago|Dragon Energy|p2a: Braviary
|-damage|p2a: Braviary|0 fnt
|faint|p2a: Braviary
|
|upkeep
|
|t:|1779924397
|switch|p2a: Gholdengo|Gholdengo|61/100 par
|turn|26
|c|☆dfih|gg
|
|t:|1779924405
|move|p1a: Regidrago|Dragon Energy|p2a: Gholdengo
|-resisted|p2a: Gholdengo
|-damage|p2a: Gholdengo|6/100 par
|cant|p2a: Gholdengo|par
|
|upkeep
|turn|27
|c|☆t1max|lol gg
|c|☆t1max|fitting end i fear
|
|t:|1779924417
|move|p1a: Regidrago|Dragon Energy|p2a: Gholdengo
|-resisted|p2a: Gholdengo
|-damage|p2a: Gholdengo|0 fnt
|faint|p2a: Gholdengo
|
|win|t1max
|raw|t1max's rating: 1360 &rarr; <strong>1378</strong><br />(+18 for winning)
|raw|dfih's rating: 1330 &rarr; <strong>1312</strong><br />(-18 for losing)
|l|☆dfih
|player|p2|
|l|☆t1max
|player|p1|
