|j|☆narytoka
|j|☆CoffeeCoaster
|t:|1779901709
|gametype|singles
|player|p1|narytoka|bruno|1176
|player|p2|CoffeeCoaster|red|1156
|gen|9
|tier|[Gen 9] OU
|rated|
|rule|HP Percentage Mod: HP is shown in percentages
|rule|Endless Battle Clause: Forcing endless battles is banned
|rule|Species Clause: Limit one of each Pokémon
|rule|OHKO Clause: OHKO moves are banned
|rule|Evasion Items Clause: Evasion items are banned
|rule|Evasion Moves Clause: Evasion moves are banned
|rule|Evasion Abilities Clause: Evasion abilities are banned
|rule|Sleep Moves Clause: Sleep-inducing moves are banned
|clearpoke
|poke|p1|Hatterene, F|
|poke|p1|Garganacl, M|
|poke|p1|Tyranitar, M|
|poke|p1|Terrakion|
|poke|p1|Conkeldurr, M|
|poke|p1|Ogerpon-Wellspring, F|
|poke|p2|Excadrill, F|
|poke|p2|Dragonite, F|
|poke|p2|Gliscor, M|
|poke|p2|Heatran, F|
|poke|p2|Darkrai|
|poke|p2|Ogerpon-Wellspring, F|
|teampreview
|inactive|Battle timer is ON: inactive players will automatically lose when time's up. (requested by narytoka)
|
|t:|1779901735
|teamsize|p1|6
|teamsize|p2|6
|start
|switch|p1a: Tyranitar|Tyranitar, M|100/100
|switch|p2a: Excadrill|Excadrill, F|100/100
|-ability|p2a: Excadrill|Mold Breaker
|-weather|Sandstorm|[from] ability: Sand Stream|[of] p1a: Tyranitar
|turn|1
|
|t:|1779901746
|move|p2a: Excadrill|Earthquake|p1a: Tyranitar
|-supereffective|p1a: Tyranitar
|-damage|p1a: Tyranitar|9/100
|move|p1a: Tyranitar|Crunch|p2a: Excadrill
|-enditem|p2a: Excadrill|Focus Sash
|-damage|p2a: Excadrill|1/100
|-unboost|p2a: Excadrill|def|1
|
|-weather|Sandstorm|[upkeep]
|upkeep
|turn|2
|
|t:|1779901762
|switch|p1a: Ogerpon|Ogerpon-Wellspring, F|100/100
|move|p2a: Excadrill|Stealth Rock|p1a: Ogerpon
|-sidestart|p1: narytoka|move: Stealth Rock
|
|-weather|Sandstorm|[upkeep]
|-damage|p1a: Ogerpon|95/100|[from] Sandstorm
|upkeep
|turn|3
|inactive|CoffeeCoaster has 120 seconds left.
|
|t:|1779901808
|move|p1a: Ogerpon|Encore|p2a: Excadrill
|-start|p2a: Excadrill|Encore
|move|p2a: Excadrill|Stealth Rock||[still]
|-fail|p2a: Excadrill
|
|-weather|Sandstorm|[upkeep]
|-damage|p1a: Ogerpon|89/100|[from] Sandstorm
|upkeep
|turn|4
|
|t:|1779901820
|switch|p2a: Darkrai|Darkrai|100/100
|move|p1a: Ogerpon|Swords Dance|p1a: Ogerpon
|-boost|p1a: Ogerpon|atk|2
|
|-weather|Sandstorm|[upkeep]
|-damage|p2a: Darkrai|94/100|[from] Sandstorm
|-damage|p1a: Ogerpon|83/100|[from] Sandstorm
|upkeep
|turn|5
|
|t:|1779901825
|move|p2a: Darkrai|Sludge Bomb|p1a: Ogerpon
|-supereffective|p1a: Ogerpon
|-damage|p1a: Ogerpon|0 fnt
|faint|p1a: Ogerpon
|-damage|p2a: Darkrai|84/100|[from] item: Life Orb
|
|-weather|none
|upkeep
|
|t:|1779901837
|switch|p1a: Terrakion|Terrakion|100/100
|-damage|p1a: Terrakion|94/100|[from] Stealth Rock
|turn|6
|inactive|CoffeeCoaster has 120 seconds left.
|
|t:|1779901860
|switch|p2a: Gliscor|Gliscor, M|100/100
|move|p1a: Terrakion|Close Combat|p2a: Gliscor
|-resisted|p2a: Gliscor
|-damage|p2a: Gliscor|82/100
|-unboost|p1a: Terrakion|def|1
|-unboost|p1a: Terrakion|spd|1
|
|-status|p2a: Gliscor|tox|[from] item: Toxic Orb
|upkeep
|turn|7
|inactive|narytoka has 120 seconds left.
|
|t:|1779901906
|switch|p1a: Tyranitar|Tyranitar, M|9/100
|-damage|p1a: Tyranitar|0 fnt|[from] Stealth Rock
|faint|p1a: Tyranitar
|move|p2a: Gliscor|Earthquake|p1: Tyranitar|[notarget]
|-fail|p2a: Gliscor
|
|-heal|p2a: Gliscor|95/100 tox|[from] ability: Poison Heal
|upkeep
|
|t:|1779901914
|switch|p1a: Conkeldurr|Conkeldurr, M|100/100
|-damage|p1a: Conkeldurr|94/100|[from] Stealth Rock
|turn|8
|
|t:|1779901924
|move|p2a: Gliscor|Toxic|p1a: Conkeldurr
|-status|p1a: Conkeldurr|tox
|move|p1a: Conkeldurr|Knock Off|p2a: Gliscor
|-damage|p2a: Gliscor|61/100 tox
|-enditem|p2a: Gliscor|Toxic Orb|[from] move: Knock Off|[of] p1a: Conkeldurr
|
|-heal|p2a: Gliscor|74/100 tox|[from] ability: Poison Heal
|-damage|p1a: Conkeldurr|88/100 tox|[from] psn
|upkeep
|turn|9
|
|t:|1779901931
|move|p2a: Gliscor|Substitute|p2a: Gliscor
|-start|p2a: Gliscor|Substitute
|-damage|p2a: Gliscor|49/100 tox
|move|p1a: Conkeldurr|Facade|p2a: Gliscor
|-end|p2a: Gliscor|Substitute
|
|-heal|p2a: Gliscor|61/100 tox|[from] ability: Poison Heal
|-damage|p1a: Conkeldurr|76/100 tox|[from] psn
|upkeep
|turn|10
|
|t:|1779901937
|move|p2a: Gliscor|Protect|p2a: Gliscor
|-singleturn|p2a: Gliscor|Protect
|move|p1a: Conkeldurr|Facade|p2a: Gliscor
|-activate|p2a: Gliscor|move: Protect
|
|-heal|p2a: Gliscor|74/100 tox|[from] ability: Poison Heal
|-damage|p1a: Conkeldurr|58/100 tox|[from] psn
|upkeep
|turn|11
|
|t:|1779901939
|move|p2a: Gliscor|Substitute|p2a: Gliscor
|-start|p2a: Gliscor|Substitute
|-damage|p2a: Gliscor|49/100 tox
|move|p1a: Conkeldurr|Facade|p2a: Gliscor
|-end|p2a: Gliscor|Substitute
|
|-heal|p2a: Gliscor|61/100 tox|[from] ability: Poison Heal
|-damage|p1a: Conkeldurr|34/100 tox|[from] psn
|upkeep
|turn|12
|
|t:|1779901950
|move|p2a: Gliscor|Earthquake|p1a: Conkeldurr
|-damage|p1a: Conkeldurr|4/100 tox
|move|p1a: Conkeldurr|Facade|p2a: Gliscor
|-damage|p2a: Gliscor|12/100 tox
|
|-heal|p2a: Gliscor|25/100 tox|[from] ability: Poison Heal
|-damage|p1a: Conkeldurr|0 fnt|[from] psn
|faint|p1a: Conkeldurr
|upkeep
|inactive|narytoka has 120 seconds left.
|inactive|narytoka has 90 seconds left.
|-message|narytoka forfeited.
|
|win|CoffeeCoaster
|raw|narytoka's rating: 1176 &rarr; <strong>1150</strong><br />(-26 for losing)
|raw|CoffeeCoaster's rating: 1156 &rarr; <strong>1182</strong><br />(+26 for winning)
|l|☆narytoka
|player|p1|
|l|☆CoffeeCoaster
|player|p2|
