|j|☆Daybrick
|j|☆201187abc
|t:|1779855199
|gametype|singles
|player|p1|Daybrick|2|1528
|player|p2|201187abc|2|1499
|gen|9
|tier|[Gen 9] OU
|rated|
|rule|HP Percentage Mod: HP is shown in percentages
|rule|Endless Battle Clause: Forcing endless battles is banned
|rule|Species Clause: Limit one of each Pokémon
|rule|OHKO Clause: OHKO moves are banned
|rule|Evasion Items Clause: Evasion items are banned
|rule|Evasion Moves Clause: Evasion moves are banned
|rule|Evasion Abilities Clause: Evasion abilities are banned
|rule|Sleep Moves Clause: Sleep-inducing moves are banned
|clearpoke
|poke|p1|Hatterene, F|
|poke|p1|Great Tusk|
|poke|p1|Tornadus-Therian, M|
|poke|p1|Kyurem|
|poke|p1|Slowking-Galar, M|
|poke|p1|Kingambit, M|
|poke|p2|Alomomola, F|
|poke|p2|Dragapult, F|
|poke|p2|Lokix, M|
|poke|p2|Great Tusk|
|poke|p2|Enamorus, F|
|poke|p2|Iron Crown|
|teampreview
|inactive|Battle timer is ON: inactive players will automatically lose when time's up. (requested by Daybrick)
|
|t:|1779855226
|teamsize|p1|6
|teamsize|p2|6
|start
|switch|p1a: Tornadus|Tornadus-Therian, M|100/100
|switch|p2a: Dragapult|Dragapult, F|100/100
|turn|1
|
|t:|1779855238
|move|p2a: Dragapult|U-turn|p1a: Tornadus
|-resisted|p1a: Tornadus
|-damage|p1a: Tornadus|79/100
|
|t:|1779855250
|switch|p2a: Alomomola|Alomomola, F|100/100|[from] U-turn
|move|p1a: Tornadus|Knock Off|p2a: Alomomola
|-damage|p2a: Alomomola|85/100
|-enditem|p2a: Alomomola|Assault Vest|[from] move: Knock Off|[of] p1a: Tornadus
|
|upkeep
|turn|2
|
|t:|1779855255
|move|p1a: Tornadus|U-turn|p2a: Alomomola
|-damage|p2a: Alomomola|74/100
|
|t:|1779855258
|switch|p1a: Kyurem|Kyurem|100/100|[from] U-turn
|-ability|p1a: Kyurem|Pressure
|move|p2a: Alomomola|Flip Turn|p1a: Kyurem
|-resisted|p1a: Kyurem
|-damage|p1a: Kyurem|92/100
|
|t:|1779855271
|switch|p2a: Iron Crown|Iron Crown|100/100|[from] Flip Turn
|
|upkeep
|turn|3
|
|t:|1779855293
|switch|p1a: Tornadus|Tornadus-Therian, M|100/100
|move|p2a: Iron Crown|Volt Switch|p1a: Tornadus
|-supereffective|p1a: Tornadus
|-damage|p1a: Tornadus|51/100
|
|t:|1779855315
|-end|p2a: Iron Crown|Quark Drive|[silent]
|switch|p2a: Lokix|Lokix, M|100/100|[from] Volt Switch
|
|upkeep
|turn|4
|
|t:|1779855326
|switch|p1a: Great Tusk|Great Tusk|100/100
|move|p2a: Lokix|First Impression|p1a: Great Tusk
|-resisted|p1a: Great Tusk
|-damage|p1a: Great Tusk|55/100
|-damage|p2a: Lokix|84/100|[from] item: Rocky Helmet|[of] p1a: Great Tusk
|
|upkeep
|turn|5
|
|t:|1779855343
|switch|p2a: Great Tusk|Great Tusk|100/100
|move|p1a: Great Tusk|Stealth Rock|p2a: Great Tusk
|-sidestart|p2: 201187abc|move: Stealth Rock
|
|upkeep
|turn|6
|
|t:|1779855353
|-end|p1a: Great Tusk|Protosynthesis|[silent]
|switch|p1a: Hatterene|Hatterene, F|100/100
|move|p2a: Great Tusk|Stealth Rock|p1a: Hatterene
|move|p1a: Hatterene|Stealth Rock||[from] ability: Magic Bounce|[still]
|-fail|p1a: Hatterene
|
|upkeep
|turn|7
|
|t:|1779855363
|-end|p2a: Great Tusk|Protosynthesis|[silent]
|switch|p2a: Iron Crown|Iron Crown|100/100
|-damage|p2a: Iron Crown|94/100|[from] Stealth Rock
|move|p1a: Hatterene|Psychic Noise|p2a: Iron Crown
|-resisted|p2a: Iron Crown
|-damage|p2a: Iron Crown|86/100
|-start|p2a: Iron Crown|move: Heal Block
|
|upkeep
|turn|8
|
|t:|1779855375
|switch|p1a: Slowking|Slowking-Galar, M|100/100
|move|p2a: Iron Crown|Tachyon Cutter|p1a: Slowking
|-damage|p1a: Slowking|69/100
|-damage|p1a: Slowking|39/100
|-hitcount|p1a: Slowking|2
|
|-heal|p1a: Slowking|46/100|[from] item: Black Sludge
|-end|p2a: Iron Crown|move: Heal Block
|upkeep
|turn|9
|
|t:|1779855386
|switch|p1a: Kingambit|Kingambit, M|100/100
|move|p2a: Iron Crown|Tachyon Cutter|p1a: Kingambit
|-resisted|p1a: Kingambit
|-damage|p1a: Kingambit|83/100
|-resisted|p1a: Kingambit
|-damage|p1a: Kingambit|65/100
|-hitcount|p1a: Kingambit|2
|
|-heal|p1a: Kingambit|71/100|[from] item: Leftovers
|upkeep
|turn|10
|
|t:|1779855394
|-end|p2a: Iron Crown|Quark Drive|[silent]
|switch|p2a: Great Tusk|Great Tusk|100/100
|move|p1a: Kingambit|Iron Head|p2a: Great Tusk
|-damage|p2a: Great Tusk|71/100
|
|-heal|p1a: Kingambit|78/100|[from] item: Leftovers
|upkeep
|turn|11
|
|t:|1779855400
|-end|p1a: Kingambit|fallenundefined|[silent]
|switch|p1a: Hatterene|Hatterene, F|100/100
|move|p2a: Great Tusk|Rapid Spin|p1a: Hatterene
|-damage|p1a: Hatterene|89/100
|-boost|p2a: Great Tusk|spe|1
|-damage|p2a: Great Tusk|54/100|[from] item: Rocky Helmet|[of] p1a: Hatterene
|-sideend|p2: 201187abc|Stealth Rock|[from] move: Rapid Spin|[of] p2a: Great Tusk
|
|upkeep
|turn|12
|
|t:|1779855415
|-end|p2a: Great Tusk|Protosynthesis|[silent]
|switch|p2a: Alomomola|Alomomola, F|100/100
|move|p1a: Hatterene|Nuzzle|p2a: Alomomola
|-supereffective|p2a: Alomomola
|-damage|p2a: Alomomola|94/100
|-status|p2a: Alomomola|par
|
|upkeep
|turn|13
|
|t:|1779855419
|move|p1a: Hatterene|Psychic Noise|p2a: Alomomola
|-damage|p2a: Alomomola|71/100 par
|-start|p2a: Alomomola|move: Heal Block
|move|p2a: Alomomola|Flip Turn|p1a: Hatterene
|-damage|p1a: Hatterene|75/100
|-damage|p2a: Alomomola|55/100 par|[from] item: Rocky Helmet|[of] p1a: Hatterene
|
|t:|1779855444
|switch|p2a: Iron Crown|Iron Crown|86/100|[from] Flip Turn
|
|upkeep
|turn|14
|
|t:|1779855451
|move|p2a: Iron Crown|Volt Switch|p1a: Hatterene
|-damage|p1a: Hatterene|38/100
|
|t:|1779855455
|-end|p2a: Iron Crown|Quark Drive|[silent]
|switch|p2a: Alomomola|Alomomola, F|88/100 par|[from] Volt Switch
|move|p1a: Hatterene|Nuzzle|p2a: Alomomola
|-supereffective|p2a: Alomomola
|-damage|p2a: Alomomola|82/100 par
|
|upkeep
|turn|15
|
|t:|1779855459
|move|p1a: Hatterene|Pain Split|p2a: Alomomola
|-sethp|p2a: Alomomola|52/100 par|[from] move: Pain Split|[silent]
|-sethp|p1a: Hatterene|88/100|[from] move: Pain Split
|move|p2a: Alomomola|Flip Turn|p1a: Hatterene
|-damage|p1a: Hatterene|74/100
|-damage|p2a: Alomomola|36/100 par|[from] item: Rocky Helmet|[of] p1a: Hatterene
|
|t:|1779855463
|switch|p2a: Iron Crown|Iron Crown|86/100|[from] Flip Turn
|
|upkeep
|turn|16
|
|t:|1779855470
|switch|p1a: Tornadus|Tornadus-Therian, M|84/100
|move|p2a: Iron Crown|Volt Switch|p1a: Tornadus
|-supereffective|p1a: Tornadus
|-damage|p1a: Tornadus|38/100
|
|t:|1779855474
|-end|p2a: Iron Crown|Quark Drive|[silent]
|switch|p2a: Lokix|Lokix, M|84/100|[from] Volt Switch
|
|upkeep
|turn|17
|
|t:|1779855483
|switch|p1a: Hatterene|Hatterene, F|74/100
|move|p2a: Lokix|First Impression|p1a: Hatterene
|-damage|p1a: Hatterene|24/100
|-damage|p2a: Lokix|67/100|[from] item: Rocky Helmet|[of] p1a: Hatterene
|
|upkeep
|turn|18
|
|t:|1779855499
|switch|p2a: Iron Crown|Iron Crown|86/100
|move|p1a: Hatterene|Pain Split|p2a: Iron Crown
|-sethp|p2a: Iron Crown|54/100|[from] move: Pain Split|[silent]
|-sethp|p1a: Hatterene|55/100|[from] move: Pain Split
|
|upkeep
|turn|19
|
|t:|1779855511
|switch|p1a: Kingambit|Kingambit, M|78/100
|move|p2a: Iron Crown|Tachyon Cutter|p1a: Kingambit
|-resisted|p1a: Kingambit
|-damage|p1a: Kingambit|60/100
|-resisted|p1a: Kingambit
|-damage|p1a: Kingambit|43/100
|-hitcount|p1a: Kingambit|2
|
|-heal|p1a: Kingambit|50/100|[from] item: Leftovers
|upkeep
|turn|20
|
|t:|1779855524
|-end|p2a: Iron Crown|Quark Drive|[silent]
|switch|p2a: Great Tusk|Great Tusk|54/100
|-end|p1a: Kingambit|fallenundefined|[silent]
|switch|p1a: Tornadus|Tornadus-Therian, M|71/100
|
|upkeep
|turn|21
|
|t:|1779855538
|-end|p2a: Great Tusk|Protosynthesis|[silent]
|switch|p2a: Alomomola|Alomomola, F|69/100 par
|move|p1a: Tornadus|Bleakwind Storm|p2a: Alomomola
|-damage|p2a: Alomomola|43/100 par
|
|upkeep
|turn|22
|
|t:|1779855549
|switch|p1a: Slowking|Slowking-Galar, M|79/100
|move|p2a: Alomomola|Flip Turn|p1a: Slowking
|-damage|p1a: Slowking|66/100
|
|t:|1779855564
|switch|p2a: Lokix|Lokix, M|67/100|[from] Flip Turn
|
|-heal|p1a: Slowking|73/100|[from] item: Black Sludge
|upkeep
|turn|23
|
|t:|1779855590
|switch|p1a: Great Tusk|Great Tusk|55/100
|move|p2a: Lokix|Knock Off|p1a: Great Tusk
|-resisted|p1a: Great Tusk
|-damage|p1a: Great Tusk|2/100
|-damage|p2a: Lokix|51/100|[from] item: Rocky Helmet|[of] p1a: Great Tusk
|-enditem|p1a: Great Tusk|Rocky Helmet|[from] move: Knock Off|[of] p2a: Lokix
|
|upkeep
|turn|24
|
|t:|1779855615
|switch|p2a: Great Tusk|Great Tusk|54/100
|move|p1a: Great Tusk|Stealth Rock|p2a: Great Tusk
|-sidestart|p2: 201187abc|move: Stealth Rock
|
|upkeep
|turn|25
|
|t:|1779855622
|move|p1a: Great Tusk|Ice Spinner|p2a: Great Tusk
|-supereffective|p2a: Great Tusk
|-damage|p2a: Great Tusk|19/100
|move|p2a: Great Tusk|Rapid Spin|p1a: Great Tusk
|-damage|p1a: Great Tusk|0 fnt
|-boost|p2a: Great Tusk|spe|1
|-sideend|p2: 201187abc|Stealth Rock|[from] move: Rapid Spin|[of] p2a: Great Tusk
|faint|p1a: Great Tusk
|-end|p1a: Great Tusk|Protosynthesis|[silent]
|
|upkeep
|
|t:|1779855627
|switch|p1a: Tornadus|Tornadus-Therian, M|100/100
|turn|26
|
|t:|1779855644
|move|p2a: Great Tusk|Stealth Rock|p1a: Tornadus
|-sidestart|p1: Daybrick|move: Stealth Rock
|move|p1a: Tornadus|Bleakwind Storm|p2a: Great Tusk
|-supereffective|p2a: Great Tusk
|-damage|p2a: Great Tusk|0 fnt
|faint|p2a: Great Tusk
|-end|p2a: Great Tusk|Protosynthesis|[silent]
|
|upkeep
|
|t:|1779855662
|switch|p2a: Dragapult|Dragapult, F|100/100
|turn|27
|
|t:|1779855672
|move|p2a: Dragapult|U-turn|p1a: Tornadus
|-resisted|p1a: Tornadus
|-damage|p1a: Tornadus|82/100
|
|t:|1779855675
|switch|p2a: Alomomola|Alomomola, F|76/100 par|[from] U-turn
|move|p1a: Tornadus|Bleakwind Storm|p2a: Alomomola|[miss]
|-miss|p1a: Tornadus|p2a: Alomomola
|
|upkeep
|turn|28
|
|t:|1779855681
|move|p1a: Tornadus|Bleakwind Storm|p2a: Alomomola
|-damage|p2a: Alomomola|49/100 par
|move|p2a: Alomomola|Flip Turn|p1a: Tornadus
|-damage|p1a: Tornadus|61/100
|
|t:|1779855693
|switch|p2a: Lokix|Lokix, M|51/100|[from] Flip Turn
|
|upkeep
|turn|29
|
|t:|1779855702
|move|p2a: Lokix|First Impression|p1a: Tornadus
|-resisted|p1a: Tornadus
|-damage|p1a: Tornadus|0 fnt
|faint|p1a: Tornadus
|
|upkeep
|
|t:|1779855710
|switch|p1a: Kyurem|Kyurem|92/100
|-damage|p1a: Kyurem|67/100|[from] Stealth Rock
|-ability|p1a: Kyurem|Pressure
|turn|30
|
|t:|1779855723
|switch|p2a: Iron Crown|Iron Crown|54/100
|move|p1a: Kyurem|Freeze-Dry|p2a: Iron Crown
|-resisted|p2a: Iron Crown
|-damage|p2a: Iron Crown|26/100
|
|upkeep
|turn|31
|
|t:|1779855734
|switch|p1a: Hatterene|Hatterene, F|55/100
|-damage|p1a: Hatterene|43/100|[from] Stealth Rock
|move|p2a: Iron Crown|Tachyon Cutter|p1a: Hatterene
|-supereffective|p1a: Hatterene
|-damage|p1a: Hatterene|0 fnt
|faint|p1a: Hatterene
|-hitcount|p1: Hatterene|1
|
|upkeep
|
|t:|1779855737
|switch|p1a: Slowking|Slowking-Galar, M|100/100
|-damage|p1a: Slowking|88/100|[from] Stealth Rock
|turn|32
|-message|Daybrick forfeited.
|
|win|201187abc
|raw|Daybrick's rating: 1528 &rarr; <strong>1506</strong><br />(-22 for losing)
|raw|201187abc's rating: 1499 &rarr; <strong>1521</strong><br />(+22 for winning)
|l|☆Daybrick
|player|p1|
|l|☆201187abc
|player|p2|
