|j|☆Treq Master
|j|☆hjsstjvdeyjjdsa
|t:|1779895446
|gametype|singles
|player|p1|Treq Master|proton|1063
|player|p2|hjsstjvdeyjjdsa|2|1079
|gen|9
|tier|[Gen 9] OU
|rated|
|rule|HP Percentage Mod: HP is shown in percentages
|rule|Endless Battle Clause: Forcing endless battles is banned
|rule|Species Clause: Limit one of each Pokémon
|rule|OHKO Clause: OHKO moves are banned
|rule|Evasion Items Clause: Evasion items are banned
|rule|Evasion Moves Clause: Evasion moves are banned
|rule|Evasion Abilities Clause: Evasion abilities are banned
|rule|Sleep Moves Clause: Sleep-inducing moves are banned
|clearpoke
|poke|p1|Milotic, F|
|poke|p1|Primeape, M|
|poke|p1|Slaking, M|
|poke|p1|Salazzle, F|
|poke|p1|Zoroark-Hisui, F|
|poke|p1|Snorlax, M|
|poke|p2|Kingambit, F|
|poke|p2|Pelipper, M|
|poke|p2|Barraskewda, F|
|poke|p2|Zamazenta-*|
|poke|p2|Gliscor, M|
|poke|p2|Grimmsnarl, M|
|teampreview
|inactive|Battle timer is ON: inactive players will automatically lose when time's up. (requested by hjsstjvdeyjjdsa)
|
|t:|1779895478
|teamsize|p1|6
|teamsize|p2|6
|start
|switch|p1a: Salazzle|Salazzle, F|100/100
|switch|p2a: Pelipper|Pelipper, M|100/100
|-weather|RainDance|[from] ability: Drizzle|[of] p2a: Pelipper
|turn|1
|
|t:|1779895494
|switch|p1a: Snorlax|Snorlax, M|100/100
|move|p2a: Pelipper|Hurricane|p1a: Snorlax
|-damage|p1a: Snorlax|77/100
|
|-weather|RainDance|[upkeep]
|upkeep
|turn|2
|
|t:|1779895504
|move|p2a: Pelipper|Knock Off|p1a: Snorlax
|-damage|p1a: Snorlax|66/100
|-enditem|p1a: Snorlax|Iapapa Berry|[from] move: Knock Off|[of] p2a: Pelipper
|move|p1a: Snorlax|Double-Edge|p2a: Pelipper
|-damage|p2a: Pelipper|43/100
|-damage|p1a: Snorlax|56/100|[from] Recoil
|
|-weather|RainDance|[upkeep]
|upkeep
|turn|3
|inactive|hjsstjvdeyjjdsa has 120 seconds left.
|
|t:|1779895546
|switch|p2a: Barraskewda|Barraskewda, F|100/100
|move|p1a: Snorlax|Double-Edge|p2a: Barraskewda
|-damage|p2a: Barraskewda|0 fnt
|faint|p2a: Barraskewda
|-damage|p1a: Snorlax|40/100|[from] Recoil
|
|-weather|RainDance|[upkeep]
|upkeep
|
|t:|1779895553
|switch|p2a: Zamazenta|Zamazenta|100/100
|-ability|p2a: Zamazenta|Dauntless Shield|boost
|-boost|p2a: Zamazenta|def|1
|turn|4
|
|t:|1779895564
|move|p2a: Zamazenta|Iron Defense|p2a: Zamazenta
|-boost|p2a: Zamazenta|def|2
|move|p1a: Snorlax|Chilling Water|p2a: Zamazenta
|-damage|p2a: Zamazenta|88/100
|-unboost|p2a: Zamazenta|atk|1
|
|-weather|RainDance|[upkeep]
|-heal|p2a: Zamazenta|94/100|[from] item: Leftovers
|upkeep
|turn|5
|inactive|hjsstjvdeyjjdsa has 120 seconds left.
|
|t:|1779895573
|move|p2a: Zamazenta|Close Combat|p1a: Snorlax
|-supereffective|p1a: Snorlax
|-damage|p1a: Snorlax|0 fnt
|-unboost|p2a: Zamazenta|def|1
|-unboost|p2a: Zamazenta|spd|1
|faint|p1a: Snorlax
|
|-weather|RainDance|[upkeep]
|-heal|p2a: Zamazenta|100/100|[from] item: Leftovers
|upkeep
|
|t:|1779895584
|switch|p1a: Salazzle|Salazzle, F|100/100
|turn|6
|
|t:|1779895595
|switch|p2a: Pelipper|Pelipper, M|43/100
|move|p1a: Salazzle|Bitter Malice|p2a: Pelipper
|-damage|p2a: Pelipper|8/100
|-unboost|p2a: Pelipper|atk|1
|
|-weather|RainDance|[upkeep]
|upkeep
|turn|7
|
|t:|1779895605
|switch|p2a: Kingambit|Kingambit, F|100/100
|-activate|p2a: Kingambit|ability: Supreme Overlord
|-start|p2a: Kingambit|fallen1|[silent]
|move|p1a: Salazzle|Bitter Malice|p2a: Kingambit
|-resisted|p2a: Kingambit
|-damage|p2a: Kingambit|86/100
|-unboost|p2a: Kingambit|atk|1
|
|-weather|RainDance|[upkeep]
|upkeep
|turn|8
|
|t:|1779895617
|switch|p1a: Primeape|Primeape, M|100/100
|move|p2a: Kingambit|Sucker Punch||[still]
|-fail|p2a: Kingambit
|
|-weather|none
|upkeep
|turn|9
|
|t:|1779895624
|-terastallize|p2a: Kingambit|Psychic
|move|p1a: Primeape|Brick Break|p2a: Kingambit
|-resisted|p2a: Kingambit
|-damage|p2a: Kingambit|73/100
|move|p2a: Kingambit|Zen Headbutt|p1a: Primeape|[miss]
|-miss|p2a: Kingambit|p1a: Primeape
|
|upkeep
|turn|10
|
|t:|1779895635
|switch|p1a: Slaking|Slaking, M|100/100
|move|p2a: Kingambit|Zen Headbutt|p1a: Slaking
|-damage|p1a: Slaking|69/100
|-damage|p2a: Kingambit|63/100|[from] item: Life Orb
|
|upkeep
|turn|11
|
|t:|1779895643
|-end|p2a: Kingambit|fallen1|[silent]
|switch|p2a: Grimmsnarl|Grimmsnarl, M, shiny|100/100
|move|p1a: Slaking|Body Slam|p2a: Grimmsnarl
|-damage|p2a: Grimmsnarl|23/100
|
|upkeep
|turn|12
|
|t:|1779895652
|move|p2a: Grimmsnarl|Parting Shot|p1a: Slaking
|-unboost|p1a: Slaking|atk|1
|-unboost|p1a: Slaking|spa|1
|
|t:|1779895682
|switch|p2a: Pelipper|Pelipper, M|8/100|[from] Parting Shot
|-weather|RainDance|[from] ability: Drizzle|[of] p2a: Pelipper
|cant|p1a: Slaking|ability: Truant
|
|-weather|RainDance|[upkeep]
|upkeep
|turn|13
|
|t:|1779895691
|move|p1a: Slaking|Body Slam|p2a: Pelipper
|-damage|p2a: Pelipper|0 fnt
|faint|p2a: Pelipper
|
|-weather|RainDance|[upkeep]
|upkeep
|
|t:|1779895695
|switch|p2a: Zamazenta|Zamazenta|100/100
|turn|14
|
|t:|1779895713
|switch|p1a: Milotic|Milotic, F|100/100
|move|p2a: Zamazenta|Iron Defense|p2a: Zamazenta
|-boost|p2a: Zamazenta|def|2
|
|-weather|RainDance|[upkeep]
|upkeep
|turn|15
|
|t:|1779895720
|move|p2a: Zamazenta|Wild Charge|p1a: Milotic
|-supereffective|p1a: Milotic
|-damage|p1a: Milotic|35/100
|-damage|p2a: Zamazenta|84/100|[from] Recoil
|move|p1a: Milotic|Alluring Voice|p2a: Zamazenta
|-supereffective|p2a: Zamazenta
|-damage|p2a: Zamazenta|41/100
|
|-weather|RainDance|[upkeep]
|-heal|p2a: Zamazenta|47/100|[from] item: Leftovers
|upkeep
|turn|16
|
|t:|1779895729
|move|p2a: Zamazenta|Wild Charge|p1a: Milotic
|-supereffective|p1a: Milotic
|-damage|p1a: Milotic|0 fnt
|faint|p1a: Milotic
|-damage|p2a: Zamazenta|39/100|[from] Recoil
|
|-weather|RainDance|[upkeep]
|-heal|p2a: Zamazenta|45/100|[from] item: Leftovers
|upkeep
|
|t:|1779895744
|switch|p1a: Salazzle|Salazzle, F|100/100
|turn|17
|
|t:|1779895768
|switch|p2a: Gliscor|Gliscor, M|100/100
|move|p1a: Salazzle|Bitter Malice|p2a: Gliscor
|-damage|p2a: Gliscor|67/100
|-unboost|p2a: Gliscor|atk|1
|
|-weather|RainDance|[upkeep]
|upkeep
|turn|18
|
|t:|1779895784
|move|p1a: Salazzle|Bitter Malice|p2a: Gliscor
|-crit|p2a: Gliscor
|-damage|p2a: Gliscor|16/100
|-unboost|p2a: Gliscor|atk|1
|move|p2a: Gliscor|Earthquake|p1a: Salazzle
|-damage|p1a: Salazzle|64/100
|replace|p1a: Zoroark|Zoroark-Hisui, F
|-end|p1a: Zoroark|Illusion
|
|-weather|RainDance|[upkeep]
|upkeep
|turn|19
|
|t:|1779895795
|switch|p2a: Kingambit|Kingambit, F, tera:Psychic|63/100
|-activate|p2a: Kingambit|ability: Supreme Overlord
|-start|p2a: Kingambit|fallen2|[silent]
|move|p1a: Zoroark|Bitter Malice|p2a: Kingambit
|-supereffective|p2a: Kingambit
|-damage|p2a: Kingambit|3/100
|-unboost|p2a: Kingambit|atk|1
|
|-weather|none
|upkeep
|turn|20
|
|t:|1779895807
|move|p2a: Kingambit|Sucker Punch|p1a: Zoroark
|-supereffective|p1a: Zoroark
|-damage|p1a: Zoroark|0 fnt
|faint|p1a: Zoroark
|-damage|p2a: Kingambit|0 fnt|[from] item: Life Orb
|faint|p2a: Kingambit
|-end|p2a: Kingambit|fallen2|[silent]
|
|upkeep
|inactive|Treq Master has 120 seconds left.
|
|t:|1779895829
|switch|p1a: Salazzle|Salazzle, F|100/100
|switch|p2a: Grimmsnarl|Grimmsnarl, M, shiny|23/100
|turn|21
|
|t:|1779895835
|move|p2a: Grimmsnarl|Light Screen|p2a: Grimmsnarl
|-sidestart|p2: hjsstjvdeyjjdsa|move: Light Screen
|move|p1a: Salazzle|Gunk Shot|p2a: Grimmsnarl
|-supereffective|p2a: Grimmsnarl
|-damage|p2a: Grimmsnarl|0 fnt
|faint|p2a: Grimmsnarl
|
|upkeep
|
|t:|1779895840
|switch|p2a: Gliscor|Gliscor, M|16/100
|turn|22
|
|t:|1779895848
|move|p1a: Salazzle|Body Slam|p2a: Gliscor
|-damage|p2a: Gliscor|1/100
|-status|p2a: Gliscor|par
|cant|p2a: Gliscor|par
|
|upkeep
|turn|23
|
|t:|1779895867
|move|p1a: Salazzle|Body Slam|p2a: Gliscor
|-damage|p2a: Gliscor|0 fnt
|faint|p2a: Gliscor
|
|upkeep
|
|t:|1779895868
|switch|p2a: Zamazenta|Zamazenta|45/100
|turn|24
|
|t:|1779895878
|move|p2a: Zamazenta|Wild Charge|p1a: Salazzle
|-crit|p1a: Salazzle
|-damage|p1a: Salazzle|31/100
|-damage|p2a: Zamazenta|30/100|[from] Recoil
|move|p1a: Salazzle|Gunk Shot|p2a: Zamazenta|[miss]
|-miss|p1a: Salazzle|p2a: Zamazenta
|
|-heal|p2a: Zamazenta|36/100|[from] item: Leftovers
|upkeep
|turn|25
|
|t:|1779895890
|move|p2a: Zamazenta|Wild Charge|p1a: Salazzle
|-crit|p1a: Salazzle
|-damage|p1a: Salazzle|0 fnt
|faint|p1a: Salazzle
|-damage|p2a: Zamazenta|30/100|[from] Recoil
|
|-heal|p2a: Zamazenta|36/100|[from] item: Leftovers
|-sideend|p2: hjsstjvdeyjjdsa|move: Light Screen
|upkeep
|
|t:|1779895901
|switch|p1a: Primeape|Primeape, M|100/100
|turn|26
|
|t:|1779895906
|move|p2a: Zamazenta|Iron Defense|p2a: Zamazenta
|-boost|p2a: Zamazenta|def|2
|move|p1a: Primeape|Acrobatics|p2a: Zamazenta
|-supereffective|p2a: Zamazenta
|-damage|p2a: Zamazenta|24/100
|
|-heal|p2a: Zamazenta|30/100|[from] item: Leftovers
|upkeep
|turn|27
|
|t:|1779895916
|move|p2a: Zamazenta|Heavy Slam|p1a: Primeape
|-damage|p1a: Primeape|61/100
|move|p1a: Primeape|Body Slam|p2a: Zamazenta
|-damage|p2a: Zamazenta|20/100
|-status|p2a: Zamazenta|par
|
|-heal|p2a: Zamazenta|27/100 par|[from] item: Leftovers
|upkeep
|turn|28
|
|t:|1779895926
|move|p1a: Primeape|Acrobatics|p2a: Zamazenta
|-supereffective|p2a: Zamazenta
|-damage|p2a: Zamazenta|14/100 par
|move|p2a: Zamazenta|Heavy Slam|p1a: Primeape
|-damage|p1a: Primeape|17/100
|
|-heal|p2a: Zamazenta|20/100 par|[from] item: Leftovers
|upkeep
|turn|29
|
|t:|1779895935
|move|p1a: Primeape|Acrobatics|p2a: Zamazenta
|-supereffective|p2a: Zamazenta
|-damage|p2a: Zamazenta|7/100 par
|move|p2a: Zamazenta|Heavy Slam|p1a: Primeape
|-damage|p1a: Primeape|0 fnt
|faint|p1a: Primeape
|
|-heal|p2a: Zamazenta|13/100 par|[from] item: Leftovers
|upkeep
|
|t:|1779895944
|switch|p1a: Slaking|Slaking, M|69/100
|turn|30
|
|t:|1779895949
|-terastallize|p1a: Slaking|Fighting
|move|p1a: Slaking|Brick Break|p2a: Zamazenta
|-damage|p2a: Zamazenta|0 fnt
|faint|p2a: Zamazenta
|
|win|Treq Master
|raw|Treq Master's rating: 1063 &rarr; <strong>1095</strong><br />(+32 for winning)
|raw|hjsstjvdeyjjdsa's rating: 1079 &rarr; <strong>1056</strong><br />(-23 for losing)
|l|☆hjsstjvdeyjjdsa
|player|p2|
|l|☆Treq Master
|player|p1|
