|j|☆manaphy michael
|j|☆DeDoctaIgnorantia
|t:|1779882282
|gametype|singles
|player|p1|manaphy michael|biker-gen4|1306
|player|p2|DeDoctaIgnorantia|n|1297
|gen|9
|tier|[Gen 9] OU
|rated|
|rule|HP Percentage Mod: HP is shown in percentages
|rule|Endless Battle Clause: Forcing endless battles is banned
|rule|Species Clause: Limit one of each Pokémon
|rule|OHKO Clause: OHKO moves are banned
|rule|Evasion Items Clause: Evasion items are banned
|rule|Evasion Moves Clause: Evasion moves are banned
|rule|Evasion Abilities Clause: Evasion abilities are banned
|rule|Sleep Moves Clause: Sleep-inducing moves are banned
|clearpoke
|poke|p1|Hatterene, F|
|poke|p1|Ceruledge, F|
|poke|p1|Raging Bolt|
|poke|p1|Okidogi, M|
|poke|p1|Toedscruel, M|
|poke|p1|Articuno|
|poke|p2|Weavile, M|
|poke|p2|Samurott-Hisui, M|
|poke|p2|Gholdengo|
|poke|p2|Great Tusk|
|poke|p2|Ogerpon-Wellspring, F|
|poke|p2|Slowking-Galar, M|
|teampreview
|inactive|Battle timer is ON: inactive players will automatically lose when time's up. (requested by manaphy michael)
|inactive|DeDoctaIgnorantia has 120 seconds left.
|inactive|DeDoctaIgnorantia has 90 seconds left.
|
|t:|1779882371
|teamsize|p1|6
|teamsize|p2|6
|start
|switch|p1a: Okidogi|Okidogi, M|100/100
|switch|p2a: Samurott|Samurott-Hisui, M|100/100
|turn|1
|
|t:|1779882381
|move|p2a: Samurott|Flip Turn|p1a: Okidogi
|-damage|p1a: Okidogi|84/100
|
|t:|1779882385
|switch|p2a: Slowking|Slowking-Galar, M|100/100|[from] Flip Turn
|move|p1a: Okidogi|Bulk Up|p1a: Okidogi
|-boost|p1a: Okidogi|atk|1
|-boost|p1a: Okidogi|def|1
|
|-heal|p1a: Okidogi|90/100|[from] item: Black Sludge
|upkeep
|turn|2
|
|t:|1779882400
|move|p1a: Okidogi|Knock Off|p2a: Slowking
|-supereffective|p2a: Slowking
|-damage|p2a: Slowking|8/100
|-enditem|p2a: Slowking|Leftovers|[from] move: Knock Off|[of] p1a: Okidogi
|move|p2a: Slowking|Future Sight|p1a: Okidogi
|-start|p2a: Slowking|move: Future Sight
|
|-heal|p1a: Okidogi|96/100|[from] item: Black Sludge
|upkeep
|turn|3
|
|t:|1779882410
|switch|p2a: Great Tusk|Great Tusk|100/100
|move|p1a: Okidogi|Knock Off|p2a: Great Tusk
|-resisted|p2a: Great Tusk
|-damage|p2a: Great Tusk|86/100
|-enditem|p2a: Great Tusk|Leftovers|[from] move: Knock Off|[of] p1a: Okidogi
|
|-heal|p1a: Okidogi|100/100|[from] item: Black Sludge
|upkeep
|turn|4
|
|t:|1779882424
|switch|p1a: Hatterene|Hatterene, F|100/100
|move|p2a: Great Tusk|Stealth Rock|p1a: Hatterene
|move|p1a: Hatterene|Stealth Rock|p2a: Great Tusk|[from] ability: Magic Bounce
|-sidestart|p2: DeDoctaIgnorantia|move: Stealth Rock
|
|-end|p1a: Hatterene|move: Future Sight
|-resisted|p1a: Hatterene
|-damage|p1a: Hatterene|84/100
|upkeep
|turn|5
|inactive|DeDoctaIgnorantia has 120 seconds left.
|
|t:|1779882448
|-end|p2a: Great Tusk|Protosynthesis|[silent]
|switch|p2a: Weavile|Weavile, M|100/100
|-ability|p2a: Weavile|Pressure
|move|p1a: Hatterene|Draining Kiss|p2a: Weavile
|-supereffective|p2a: Weavile
|-damage|p2a: Weavile|15/100
|-heal|p1a: Hatterene|100/100|[from] drain|[of] p2a: Weavile
|
|upkeep
|turn|6
|inactive|DeDoctaIgnorantia has 120 seconds left.
|
|t:|1779882467
|switch|p2a: Slowking|Slowking-Galar, M|41/100
|-damage|p2a: Slowking|29/100|[from] Stealth Rock
|move|p1a: Hatterene|Draining Kiss|p2a: Slowking
|-resisted|p2a: Slowking
|-damage|p2a: Slowking|21/100
|
|upkeep
|turn|7
|inactive|DeDoctaIgnorantia has 120 seconds left.
|
|t:|1779882477
|switch|p2a: Gholdengo|Gholdengo|100/100
|-damage|p2a: Gholdengo|94/100|[from] Stealth Rock
|-item|p2a: Gholdengo|Air Balloon
|move|p1a: Hatterene|Psychic Noise|p2a: Gholdengo
|-resisted|p2a: Gholdengo
|-damage|p2a: Gholdengo|72/100
|-start|p2a: Gholdengo|move: Heal Block
|-enditem|p2a: Gholdengo|Air Balloon
|
|upkeep
|turn|8
|inactive|DeDoctaIgnorantia has 120 seconds left.
|
|t:|1779882493
|-terastallize|p1a: Hatterene|Fire
|move|p2a: Gholdengo|Make It Rain|p1a: Hatterene
|-resisted|p1a: Hatterene
|-damage|p1a: Hatterene|78/100
|-unboost|p2a: Gholdengo|spa|1
|move|p1a: Hatterene|Mystical Fire|p2a: Gholdengo
|-supereffective|p2a: Gholdengo
|-damage|p2a: Gholdengo|0 fnt
|faint|p2a: Gholdengo
|
|upkeep
|
|t:|1779882512
|switch|p2a: Samurott|Samurott-Hisui, M|100/100
|-damage|p2a: Samurott|88/100|[from] Stealth Rock
|turn|9
|
|t:|1779882519
|move|p2a: Samurott|Ceaseless Edge|p1a: Hatterene
|-damage|p1a: Hatterene|27/100
|-sidestart|p1: manaphy michael|Spikes
|move|p1a: Hatterene|Draining Kiss|p2a: Samurott
|-supereffective|p2a: Samurott
|-damage|p2a: Samurott|0 fnt
|-heal|p1a: Hatterene|93/100|[from] drain|[of] p2a: Samurott
|faint|p2a: Samurott
|
|upkeep
|
|t:|1779882527
|switch|p2a: Ogerpon|Ogerpon-Wellspring, F|100/100
|-damage|p2a: Ogerpon|88/100|[from] Stealth Rock
|turn|10
|
|t:|1779882530
|move|p2a: Ogerpon|Ivy Cudgel|p1a: Hatterene|[anim] Ivy Cudgel Water
|-supereffective|p1a: Hatterene
|-damage|p1a: Hatterene|0 fnt
|faint|p1a: Hatterene
|
|upkeep
|
|t:|1779882533
|switch|p1a: Okidogi|Okidogi, M|100/100
|-damage|p1a: Okidogi|88/100|[from] Spikes
|turn|11
|inactive|DeDoctaIgnorantia has 120 seconds left.
|
|t:|1779882544
|-terastallize|p2a: Ogerpon|Water
|detailschange|p2a: Ogerpon|Ogerpon-Wellspring-Tera, F, tera:Water
|-ability|p2a: Ogerpon|Embody Aspect (Wellspring)|boost
|-boost|p2a: Ogerpon|spd|1
|move|p2a: Ogerpon|Swords Dance|p2a: Ogerpon
|-boost|p2a: Ogerpon|atk|2
|move|p1a: Okidogi|Poison Fang|p2a: Ogerpon
|-damage|p2a: Ogerpon|58/100
|-status|p2a: Ogerpon|tox
|
|-heal|p1a: Okidogi|94/100|[from] item: Black Sludge
|-damage|p2a: Ogerpon|52/100 tox|[from] psn
|upkeep
|turn|12
|inactive|DeDoctaIgnorantia has 120 seconds left.
|
|t:|1779882556
|move|p2a: Ogerpon|Ivy Cudgel|p1a: Okidogi|[anim] Ivy Cudgel Water
|-damage|p1a: Okidogi|9/100
|move|p1a: Okidogi|Drain Punch|p2a: Ogerpon
|-damage|p2a: Ogerpon|10/100 tox
|-heal|p1a: Okidogi|26/100|[from] drain|[of] p2a: Ogerpon
|
|-heal|p1a: Okidogi|32/100|[from] item: Black Sludge
|-damage|p2a: Ogerpon|0 fnt|[from] psn
|faint|p2a: Ogerpon
|detailschange|p2: Ogerpon|Ogerpon-Wellspring, F|[silent]
|upkeep
|inactive|DeDoctaIgnorantia has 120 seconds left.
|-message|DeDoctaIgnorantia forfeited.
|
|win|manaphy michael
|raw|manaphy michael's rating: 1306 &rarr; <strong>1325</strong><br />(+19 for winning)
|raw|DeDoctaIgnorantia's rating: 1297 &rarr; <strong>1273</strong><br />(-24 for losing)
|l|☆DeDoctaIgnorantia
|player|p2|
