|j|☆Lambaba
|j|☆draconotmeteor
|t:|1779864834
|gametype|singles
|player|p1|Lambaba|hilbert-wonderlauncher|1388
|player|p2|draconotmeteor|shauntal|1385
|gen|9
|tier|[Gen 9] OU
|rated|
|rule|HP Percentage Mod: HP is shown in percentages
|rule|Endless Battle Clause: Forcing endless battles is banned
|rule|Species Clause: Limit one of each Pokémon
|rule|OHKO Clause: OHKO moves are banned
|rule|Evasion Items Clause: Evasion items are banned
|rule|Evasion Moves Clause: Evasion moves are banned
|rule|Evasion Abilities Clause: Evasion abilities are banned
|rule|Sleep Moves Clause: Sleep-inducing moves are banned
|clearpoke
|poke|p1|Florges, F|
|poke|p1|Sinistcha-Masterpiece|
|poke|p1|Alomomola, M|
|poke|p1|Great Tusk|
|poke|p1|Heatran, F|
|poke|p1|Mandibuzz, F|
|poke|p2|Cinderace, F|
|poke|p2|Gliscor, F|
|poke|p2|Pecharunt|
|poke|p2|Ting-Lu|
|poke|p2|Clefable, M|
|poke|p2|Ogerpon, F|
|teampreview
|inactive|Battle timer is ON: inactive players will automatically lose when time's up. (requested by Lambaba)
|
|t:|1779864845
|teamsize|p1|6
|teamsize|p2|6
|start
|switch|p1a: Heatran|Heatran, F|100/100
|switch|p2a: Gliscor|Gliscor, F|100/100
|turn|1
|
|t:|1779864858
|switch|p1a: Florges|Florges, F|100/100
|move|p2a: Gliscor|Protect||[still]
|-fail|p2a: Gliscor
|
|-status|p2a: Gliscor|tox|[from] item: Toxic Orb
|upkeep
|turn|2
|
|t:|1779864863
|-terastallize|p1a: Florges|Grass
|move|p2a: Gliscor|Knock Off|p1a: Florges
|-damage|p1a: Florges|74/100
|-enditem|p1a: Florges|Leftovers|[from] move: Knock Off|[of] p2a: Gliscor
|move|p1a: Florges|Calm Mind|p1a: Florges
|-boost|p1a: Florges|spa|1
|-boost|p1a: Florges|spd|1
|
|upkeep
|turn|3
|
|t:|1779864872
|switch|p2a: Ogerpon|Ogerpon, F|100/100
|move|p1a: Florges|Moonblast|p2a: Ogerpon
|-damage|p2a: Ogerpon|15/100
|
|upkeep
|turn|4
|
|t:|1779864878
|switch|p1a: Alomomola|Alomomola, M|100/100
|move|p2a: Ogerpon|U-turn|p1a: Alomomola
|-damage|p1a: Alomomola|84/100
|-damage|p2a: Ogerpon|0 fnt|[from] item: Rocky Helmet|[of] p1a: Alomomola
|faint|p2a: Ogerpon
|
|upkeep
|
|t:|1779864884
|switch|p2a: Gliscor|Gliscor, F|100/100 tox
|turn|5
|
|t:|1779864887
|move|p2a: Gliscor|Swords Dance|p2a: Gliscor
|-boost|p2a: Gliscor|atk|2
|move|p1a: Alomomola|Flip Turn|p2a: Gliscor
|-supereffective|p2a: Gliscor
|-damage|p2a: Gliscor|74/100 tox
|
|t:|1779864891
|switch|p1a: Mandibuzz|Mandibuzz, F|100/100|[from] Flip Turn
|
|-heal|p2a: Gliscor|87/100 tox|[from] ability: Poison Heal
|upkeep
|turn|6
|
|t:|1779864894
|move|p2a: Gliscor|Protect|p2a: Gliscor
|-singleturn|p2a: Gliscor|Protect
|move|p1a: Mandibuzz|Foul Play|p2a: Gliscor
|-activate|p2a: Gliscor|move: Protect
|
|-heal|p2a: Gliscor|99/100 tox|[from] ability: Poison Heal
|upkeep
|turn|7
|
|t:|1779864896
|-terastallize|p2a: Gliscor|Normal
|move|p2a: Gliscor|Facade|p1a: Mandibuzz
|-crit|p1a: Mandibuzz
|-damage|p1a: Mandibuzz|18/100
|move|p1a: Mandibuzz|Foul Play|p2a: Gliscor
|-damage|p2a: Gliscor|47/100 tox
|
|-heal|p2a: Gliscor|59/100 tox|[from] ability: Poison Heal
|upkeep
|turn|8
|
|t:|1779864905
|move|p2a: Gliscor|Protect|p2a: Gliscor
|-singleturn|p2a: Gliscor|Protect
|move|p1a: Mandibuzz|Foul Play|p2a: Gliscor
|-activate|p2a: Gliscor|move: Protect
|
|-heal|p2a: Gliscor|72/100 tox|[from] ability: Poison Heal
|upkeep
|turn|9
|
|t:|1779864909
|move|p2a: Gliscor|Knock Off|p1a: Mandibuzz
|-resisted|p1a: Mandibuzz
|-damage|p1a: Mandibuzz|5/100
|-enditem|p1a: Mandibuzz|Heavy-Duty Boots|[from] move: Knock Off|[of] p2a: Gliscor
|move|p1a: Mandibuzz|Foul Play|p2a: Gliscor
|-damage|p2a: Gliscor|20/100 tox
|
|-heal|p2a: Gliscor|32/100 tox|[from] ability: Poison Heal
|upkeep
|turn|10
|
|t:|1779864916
|switch|p1a: Great Tusk|Great Tusk|100/100
|move|p2a: Gliscor|Protect||[still]
|-fail|p2a: Gliscor
|
|-heal|p2a: Gliscor|45/100 tox|[from] ability: Poison Heal
|upkeep
|turn|11
|
|t:|1779864922
|move|p2a: Gliscor|Protect|p2a: Gliscor
|-singleturn|p2a: Gliscor|Protect
|move|p1a: Great Tusk|Earthquake|p2a: Gliscor
|-activate|p2a: Gliscor|move: Protect
|
|-heal|p2a: Gliscor|57/100 tox|[from] ability: Poison Heal
|upkeep
|turn|12
|
|t:|1779864926
|move|p2a: Gliscor|Facade|p1a: Great Tusk
|-damage|p1a: Great Tusk|59/100
|move|p1a: Great Tusk|Body Press|p2a: Gliscor
|-supereffective|p2a: Gliscor
|-damage|p2a: Gliscor|0 fnt
|faint|p2a: Gliscor
|
|upkeep
|
|t:|1779864934
|switch|p2a: Clefable|Clefable, M|100/100
|turn|13
|
|t:|1779864939
|-end|p1a: Great Tusk|Protosynthesis|[silent]
|switch|p1a: Florges|Florges, F, tera:Grass|74/100
|move|p2a: Clefable|Stealth Rock|p1a: Florges
|-sidestart|p1: Lambaba|move: Stealth Rock
|
|upkeep
|turn|14
|
|t:|1779864943
|switch|p2a: Cinderace|Cinderace, F|100/100
|move|p1a: Florges|Moonblast|p2a: Cinderace
|-resisted|p2a: Cinderace
|-damage|p2a: Cinderace|70/100
|
|upkeep
|turn|15
|
|t:|1779864948
|switch|p1a: Mandibuzz|Mandibuzz, F|5/100
|-damage|p1a: Mandibuzz|0 fnt|[from] Stealth Rock
|faint|p1a: Mandibuzz
|move|p2a: Cinderace|High Jump Kick|p1: Mandibuzz|[notarget]
|-fail|p2a: Cinderace
|
|upkeep
|
|t:|1779864952
|switch|p1a: Alomomola|Alomomola, M|100/100
|-damage|p1a: Alomomola|88/100|[from] Stealth Rock
|turn|16
|
|t:|1779864956
|switch|p2a: Pecharunt|Pecharunt|100/100
|move|p1a: Alomomola|Wish|p1a: Alomomola
|
|upkeep
|turn|17
|
|t:|1779864959
|move|p2a: Pecharunt|Malignant Chain|p1a: Alomomola
|-damage|p1a: Alomomola|65/100
|move|p1a: Alomomola|Flip Turn|p2a: Pecharunt
|-damage|p2a: Pecharunt|93/100
|
|t:|1779864961
|switch|p1a: Great Tusk|Great Tusk|59/100|[from] Flip Turn
|
|-heal|p1a: Great Tusk|100/100|[from] move: Wish|[wisher] Alomomola
|upkeep
|turn|18
|
|t:|1779864966
|-end|p1a: Great Tusk|Protosynthesis|[silent]
|switch|p1a: Heatran|Heatran, F|100/100
|-damage|p1a: Heatran|88/100|[from] Stealth Rock
|move|p2a: Pecharunt|Malignant Chain|p1a: Heatran
|-immune|p1a: Heatran
|
|-heal|p1a: Heatran|94/100|[from] item: Leftovers
|upkeep
|turn|19
|
|t:|1779864970
|move|p2a: Pecharunt|Parting Shot|p1a: Heatran
|-unboost|p1a: Heatran|atk|1
|-unboost|p1a: Heatran|spa|1
|
|t:|1779864971
|switch|p2a: Ting-Lu|Ting-Lu|100/100|[from] Parting Shot
|-ability|p2a: Ting-Lu|Vessel of Ruin
|move|p1a: Heatran|Magma Storm|p2a: Ting-Lu
|-damage|p2a: Ting-Lu|89/100
|-activate|p2a: Ting-Lu|move: Magma Storm|[of] p1a: Heatran
|
|-heal|p1a: Heatran|99/100|[from] item: Leftovers
|-heal|p2a: Ting-Lu|95/100|[from] item: Leftovers
|-damage|p2a: Ting-Lu|83/100|[from] move: Magma Storm|[partiallytrapped]
|upkeep
|turn|20
|
|t:|1779864977
|move|p1a: Heatran|Body Press|p2a: Ting-Lu
|-supereffective|p2a: Ting-Lu
|-damage|p2a: Ting-Lu|55/100
|move|p2a: Ting-Lu|Spikes|p1a: Heatran
|-sidestart|p1: Lambaba|Spikes
|
|-heal|p1a: Heatran|100/100|[from] item: Leftovers
|-heal|p2a: Ting-Lu|61/100|[from] item: Leftovers
|-damage|p2a: Ting-Lu|49/100|[from] move: Magma Storm|[partiallytrapped]
|upkeep
|turn|21
|
|t:|1779864989
|move|p1a: Heatran|Body Press|p2a: Ting-Lu
|-supereffective|p2a: Ting-Lu
|-damage|p2a: Ting-Lu|21/100
|move|p2a: Ting-Lu|Earthquake|p1a: Heatran
|-supereffective|p1a: Heatran
|-damage|p1a: Heatran|7/100
|
|-heal|p1a: Heatran|13/100|[from] item: Leftovers
|-heal|p2a: Ting-Lu|27/100|[from] item: Leftovers
|-damage|p2a: Ting-Lu|15/100|[from] move: Magma Storm|[partiallytrapped]
|upkeep
|turn|22
|
|t:|1779864992
|move|p1a: Heatran|Body Press|p2a: Ting-Lu
|-supereffective|p2a: Ting-Lu
|-damage|p2a: Ting-Lu|0 fnt
|faint|p2a: Ting-Lu
|
|-heal|p1a: Heatran|19/100|[from] item: Leftovers
|upkeep
|
|t:|1779864997
|switch|p2a: Cinderace|Cinderace, F|70/100
|turn|23
|
|t:|1779865003
|move|p2a: Cinderace|U-turn|p1a: Heatran
|-start|p2a: Cinderace|typechange|Bug|[from] ability: Libero
|-resisted|p1a: Heatran
|-crit|p1a: Heatran
|-damage|p1a: Heatran|11/100
|
|t:|1779865006
|switch|p2a: Pecharunt|Pecharunt|93/100|[from] U-turn
|move|p1a: Heatran|Magma Storm|p2a: Pecharunt|[miss]
|-miss|p1a: Heatran|p2a: Pecharunt
|
|-heal|p1a: Heatran|17/100|[from] item: Leftovers
|upkeep
|turn|24
|
|t:|1779865009
|move|p2a: Pecharunt|Foul Play|p1a: Heatran
|-damage|p1a: Heatran|11/100
|move|p1a: Heatran|Magma Storm|p2a: Pecharunt
|-damage|p2a: Pecharunt|63/100
|-activate|p2a: Pecharunt|move: Magma Storm|[of] p1a: Heatran
|
|-heal|p1a: Heatran|17/100|[from] item: Leftovers
|-damage|p2a: Pecharunt|50/100|[from] move: Magma Storm|[partiallytrapped]
|upkeep
|turn|25
|
|t:|1779865012
|move|p2a: Pecharunt|Parting Shot|p1a: Heatran
|-unboost|p1a: Heatran|atk|1
|-unboost|p1a: Heatran|spa|1
|
|t:|1779865015
|switch|p2a: Cinderace|Cinderace, F|70/100|[from] Parting Shot
|move|p1a: Heatran|Stealth Rock|p2a: Cinderace
|-sidestart|p2: draconotmeteor|move: Stealth Rock
|
|-heal|p1a: Heatran|23/100|[from] item: Leftovers
|upkeep
|turn|26
|
|t:|1779865021
|switch|p1a: Sinistcha|Sinistcha-Masterpiece|100/100
|-damage|p1a: Sinistcha|88/100|[from] Stealth Rock
|-damage|p1a: Sinistcha|76/100|[from] Spikes
|move|p2a: Cinderace|High Jump Kick|p1a: Sinistcha
|-start|p2a: Cinderace|typechange|Fighting|[from] ability: Libero
|-immune|p1a: Sinistcha
|-damage|p2a: Cinderace|20/100|[from] highjumpkick
|
|upkeep
|turn|27
|
|t:|1779865026
|move|p2a: Cinderace|Pyro Ball|p1a: Sinistcha
|-supereffective|p1a: Sinistcha
|-damage|p1a: Sinistcha|50/100
|-status|p1a: Sinistcha|brn
|move|p1a: Sinistcha|Shadow Ball|p2a: Cinderace
|-damage|p2a: Cinderace|0 fnt
|faint|p2a: Cinderace
|
|-damage|p1a: Sinistcha|47/100 brn|[from] brn
|upkeep
|-message|draconotmeteor forfeited.
|
|win|Lambaba
|raw|Lambaba's rating: 1388 &rarr; <strong>1408</strong><br />(+20 for winning)
|raw|draconotmeteor's rating: 1385 &rarr; <strong>1365</strong><br />(-20 for losing)
|l|☆draconotmeteor
|player|p2|
|l|☆Lambaba
|player|p1|
