|j|☆el_vazz
|j|☆Misery1
|t:|1779922325
|gametype|singles
|player|p1|el_vazz|102|1073
|player|p2|Misery1|parasollady|1142
|gen|9
|tier|[Gen 9] OU
|rated|
|rule|HP Percentage Mod: HP is shown in percentages
|rule|Endless Battle Clause: Forcing endless battles is banned
|rule|Species Clause: Limit one of each Pokémon
|rule|OHKO Clause: OHKO moves are banned
|rule|Evasion Items Clause: Evasion items are banned
|rule|Evasion Moves Clause: Evasion moves are banned
|rule|Evasion Abilities Clause: Evasion abilities are banned
|rule|Sleep Moves Clause: Sleep-inducing moves are banned
|clearpoke
|poke|p1|Infernape, F|
|poke|p1|Passimian, F|
|poke|p1|Zarude|
|poke|p1|Rillaboom, M|
|poke|p1|Munkidori, M|
|poke|p1|Primeape, F|
|poke|p2|Maushold-Four|
|poke|p2|Corviknight, M|
|poke|p2|Kingambit, M|
|poke|p2|Meowscarada, M|
|poke|p2|Clodsire, F|
|poke|p2|Infernape, M|
|teampreview
|c|☆Misery1|Monkey
|inactive|Battle timer is ON: inactive players will automatically lose when time's up. (requested by el_vazz)
|
|t:|1779922339
|teamsize|p1|6
|teamsize|p2|6
|start
|switch|p1a: Infernape|Infernape, F|100/100
|switch|p2a: Infernape|Infernape, M|100/100
|turn|1
|c|☆el_vazz|funny monkeys
|
|t:|1779922356
|move|p2a: Infernape|Fake Out|p1a: Infernape
|-damage|p1a: Infernape|83/100
|cant|p1a: Infernape|flinch
|
|upkeep
|turn|2
|
|t:|1779922377
|move|p1a: Infernape|Stealth Rock|p2a: Infernape
|-sidestart|p2: Misery1|move: Stealth Rock
|move|p2a: Infernape|Swords Dance|p2a: Infernape
|-boost|p2a: Infernape|atk|2
|
|upkeep
|turn|3
|
|t:|1779922385
|move|p2a: Infernape|Close Combat|p1a: Infernape
|-damage|p1a: Infernape|0 fnt
|-unboost|p2a: Infernape|def|1
|-unboost|p2a: Infernape|spd|1
|faint|p1a: Infernape
|
|upkeep
|
|t:|1779922402
|switch|p1a: Munkidori|Munkidori, M|100/100
|turn|4
|
|t:|1779922413
|move|p1a: Munkidori|Psychic|p2a: Infernape
|-supereffective|p2a: Infernape
|-enditem|p2a: Infernape|Focus Sash
|-damage|p2a: Infernape|1/100
|move|p2a: Infernape|Flare Blitz|p1a: Munkidori
|-damage|p1a: Munkidori|0 fnt
|faint|p1a: Munkidori
|-damage|p2a: Infernape|0 fnt|[from] Recoil
|faint|p2a: Infernape
|
|upkeep
|
|t:|1779922434
|switch|p2a: Clodsire|Clodsire, F|100/100
|switch|p1a: Primeape|Primeape, F|100/100
|-damage|p2a: Clodsire|94/100|[from] Stealth Rock
|turn|5
|
|t:|1779922444
|move|p1a: Primeape|Earthquake|p2a: Clodsire
|-supereffective|p2a: Clodsire
|-damage|p2a: Clodsire|22/100
|move|p2a: Clodsire|Toxic Spikes|p1a: Primeape
|-sidestart|p1: el_vazz|move: Toxic Spikes
|
|-heal|p2a: Clodsire|28/100|[from] item: Black Sludge
|upkeep
|turn|6
|
|t:|1779922454
|switch|p2a: Corviknight|Corviknight, M|100/100
|-damage|p2a: Corviknight|88/100|[from] Stealth Rock
|-ability|p2a: Corviknight|Pressure
|move|p1a: Primeape|Final Gambit|p2a: Corviknight
|-damage|p2a: Corviknight|4/100
|faint|p1a: Primeape
|
|-heal|p2a: Corviknight|11/100|[from] item: Leftovers
|upkeep
|inactive|el_vazz has 120 seconds left.
|
|t:|1779922472
|switch|p1a: Passimian|Passimian, F|100/100
|-status|p1a: Passimian|psn
|turn|7
|inactive|el_vazz has 120 seconds left.
|
|t:|1779922495
|move|p1a: Passimian|Close Combat|p2a: Corviknight
|-damage|p2a: Corviknight|0 fnt
|-unboost|p1a: Passimian|def|1
|-unboost|p1a: Passimian|spd|1
|faint|p2a: Corviknight
|
|-damage|p1a: Passimian|88/100 psn|[from] psn
|upkeep
|
|t:|1779922509
|switch|p2a: Clodsire|Clodsire, F|28/100
|-damage|p2a: Clodsire|22/100|[from] Stealth Rock
|turn|8
|inactive|el_vazz has 120 seconds left.
|
|t:|1779922517
|switch|p1a: Rillaboom|Rillaboom, M|100/100
|-status|p1a: Rillaboom|psn
|-fieldstart|move: Grassy Terrain|[from] ability: Grassy Surge|[of] p1a: Rillaboom
|move|p2a: Clodsire|Recover|p2a: Clodsire
|-heal|p2a: Clodsire|72/100
|
|-heal|p2a: Clodsire|78/100|[from] Grassy Terrain
|-heal|p2a: Clodsire|84/100|[from] item: Black Sludge
|-damage|p1a: Rillaboom|88/100 psn|[from] psn
|upkeep
|turn|9
|inactive|el_vazz has 120 seconds left.
|
|t:|1779922537
|move|p1a: Rillaboom|High Horsepower|p2a: Clodsire
|-supereffective|p2a: Clodsire
|-damage|p2a: Clodsire|0 fnt
|faint|p2a: Clodsire
|
|-heal|p1a: Rillaboom|94/100 psn|[from] Grassy Terrain
|-damage|p1a: Rillaboom|82/100 psn|[from] psn
|upkeep
|
|t:|1779922546
|switch|p2a: Meowscarada|Meowscarada, M|100/100
|-damage|p2a: Meowscarada|88/100|[from] Stealth Rock
|turn|10
|inactive|el_vazz has 120 seconds left.
|
|t:|1779922563
|move|p2a: Meowscarada|Triple Axel|p1a: Rillaboom|[miss]
|-start|p2a: Meowscarada|typechange|Ice|[from] ability: Protean
|-miss|p2a: Meowscarada|p1a: Rillaboom
|move|p1a: Rillaboom|High Horsepower|p2a: Meowscarada
|-damage|p2a: Meowscarada|1/100
|
|-heal|p2a: Meowscarada|7/100|[from] Grassy Terrain
|-heal|p1a: Rillaboom|88/100 psn|[from] Grassy Terrain
|-damage|p1a: Rillaboom|76/100 psn|[from] psn
|upkeep
|turn|11
|inactive|el_vazz has 120 seconds left.
|
|t:|1779922573
|move|p2a: Meowscarada|Triple Axel|p1a: Rillaboom
|-supereffective|p1a: Rillaboom
|-damage|p1a: Rillaboom|56/100 psn
|-supereffective|p1a: Rillaboom
|-damage|p1a: Rillaboom|15/100 psn
|-hitcount|p1a: Rillaboom|2
|move|p1a: Rillaboom|High Horsepower|p2a: Meowscarada
|-damage|p2a: Meowscarada|0 fnt
|faint|p2a: Meowscarada
|
|-heal|p1a: Rillaboom|22/100 psn|[from] Grassy Terrain
|-damage|p1a: Rillaboom|9/100 psn|[from] psn
|upkeep
|
|t:|1779922585
|switch|p2a: Maushold|Maushold-Four|100/100
|-damage|p2a: Maushold|88/100|[from] Stealth Rock
|turn|12
|
|t:|1779922598
|-terastallize|p2a: Maushold|Normal
|move|p2a: Maushold|Population Bomb|p1a: Rillaboom
|-damage|p1a: Rillaboom|0 fnt
|faint|p1a: Rillaboom
|-hitcount|p1: Rillaboom|1
|
|-heal|p2a: Maushold|94/100|[from] Grassy Terrain
|-fieldend|move: Grassy Terrain
|upkeep
|inactive|el_vazz has 120 seconds left.
|inactive|el_vazz has 90 seconds left.
|inactive|el_vazz has 60 seconds left.
|inactive|el_vazz has 30 seconds left.
|
|t:|1779922711
|switch|p1a: Passimian|Passimian, F|88/100 psn
|turn|13
|
|t:|1779922715
|-terastallize|p1a: Passimian|Fighting
|move|p1a: Passimian|Close Combat|p2a: Maushold
|-supereffective|p2a: Maushold
|-damage|p2a: Maushold|0 fnt
|-unboost|p1a: Passimian|def|1
|-unboost|p1a: Passimian|spd|1
|faint|p2a: Maushold
|
|-damage|p1a: Passimian|76/100 psn|[from] psn
|upkeep
|
|t:|1779922724
|switch|p2a: Kingambit|Kingambit, M|100/100
|-damage|p2a: Kingambit|94/100|[from] Stealth Rock
|-activate|p2a: Kingambit|ability: Supreme Overlord
|-start|p2a: Kingambit|fallen5|[silent]
|turn|14
|
|t:|1779922733
|move|p2a: Kingambit|Sucker Punch|p1a: Passimian
|-resisted|p1a: Passimian
|-crit|p1a: Passimian
|-damage|p1a: Passimian|0 fnt
|faint|p1a: Passimian
|
|upkeep
|
|t:|1779922751
|switch|p1a: Zarude|Zarude|100/100
|-status|p1a: Zarude|psn
|turn|15
|
|t:|1779922760
|move|p2a: Kingambit|Sucker Punch|p1a: Zarude
|-resisted|p1a: Zarude
|-damage|p1a: Zarude|60/100 psn
|move|p1a: Zarude|Drain Punch|p2a: Kingambit
|-supereffective|p2a: Kingambit
|-damage|p2a: Kingambit|0 fnt
|-heal|p1a: Zarude|100/100 psn|[from] drain|[of] p2a: Kingambit
|faint|p2a: Kingambit
|-end|p2a: Kingambit|fallen5|[silent]
|
|win|el_vazz
|raw|el_vazz's rating: 1073 &rarr; <strong>1108</strong><br />(+35 for winning)
|raw|Misery1's rating: 1142 &rarr; <strong>1112</strong><br />(-30 for losing)
|l|☆Misery1
|player|p2|
