|j|‽LLCDoubleOG
|j|☆info_cntrl
|t:|1779943367
|gametype|singles
|player|p1|LLCDoubleOG|dancer|1183
|player|p2|info_cntrl|hugh|1149
|gen|9
|tier|[Gen 9] OU
|rated|
|rule|HP Percentage Mod: HP is shown in percentages
|rule|Endless Battle Clause: Forcing endless battles is banned
|rule|Species Clause: Limit one of each Pokémon
|rule|OHKO Clause: OHKO moves are banned
|rule|Evasion Items Clause: Evasion items are banned
|rule|Evasion Moves Clause: Evasion moves are banned
|rule|Evasion Abilities Clause: Evasion abilities are banned
|rule|Sleep Moves Clause: Sleep-inducing moves are banned
|clearpoke
|poke|p1|Farigiraf, M|
|poke|p1|Moltres|
|poke|p1|Alomomola, M|
|poke|p1|Landorus-Therian, M|
|poke|p1|Meowscarada, F|
|poke|p1|Great Tusk|
|poke|p2|Gliscor, F|
|poke|p2|Thundurus, M|
|poke|p2|Hatterene, F|
|poke|p2|Kommo-o, F|
|poke|p2|Toxapex, M|
|poke|p2|Ambipom, F|
|teampreview
|inactive|Battle timer is ON: inactive players will automatically lose when time's up. (requested by LLCDoubleOG)
|
|t:|1779943381
|teamsize|p1|6
|teamsize|p2|6
|start
|switch|p1a: Moltres|Moltres|100/100
|switch|p2a: Adieu|Hatterene, F|100/100
|turn|1
|
|t:|1779943395
|switch|p1a: Landorus|Landorus-Therian, M|100/100
|-ability|p1a: Landorus|Intimidate|boost
|-unboost|p2a: Adieu|atk|1
|move|p2a: Adieu|Light Screen|p2a: Adieu
|-sidestart|p2: info_cntrl|move: Light Screen
|
|upkeep
|turn|2
|
|t:|1779943401
|move|p1a: Landorus|Sludge Bomb|p2a: Adieu
|-supereffective|p2a: Adieu
|-damage|p2a: Adieu|79/100
|-status|p2a: Adieu|psn
|move|p2a: Adieu|Reflect|p2a: Adieu
|-sidestart|p2: info_cntrl|Reflect
|
|-damage|p2a: Adieu|67/100 psn|[from] psn
|upkeep
|turn|3
|
|t:|1779943425
|switch|p1a: Moltres|Moltres|100/100
|switch|p2a: Settle|Gliscor, F|100/100
|
|-status|p2a: Settle|tox|[from] item: Toxic Orb
|upkeep
|turn|4
|
|t:|1779943429
|move|p2a: Settle|Knock Off|p1a: Moltres
|-damage|p1a: Moltres|80/100
|-enditem|p1a: Moltres|Heavy-Duty Boots|[from] move: Knock Off|[of] p2a: Settle
|move|p1a: Moltres|Flamethrower|p2a: Settle
|-damage|p2a: Settle|74/100 tox
|
|-heal|p2a: Settle|87/100 tox|[from] ability: Poison Heal
|upkeep
|turn|5
|
|t:|1779943435
|switch|p1a: Meowscarada|Meowscarada, F|100/100
|move|p2a: Settle|Facade|p1a: Meowscarada
|-damage|p1a: Meowscarada|40/100
|
|-heal|p2a: Settle|99/100 tox|[from] ability: Poison Heal
|upkeep
|turn|6
|
|t:|1779943444
|move|p1a: Meowscarada|Triple Axel|p2a: Settle
|-start|p1a: Meowscarada|typechange|Ice|[from] ability: Protean
|-supereffective|p2a: Settle
|-damage|p2a: Settle|78/100 tox
|-supereffective|p2a: Settle
|-crit|p2a: Settle
|-damage|p2a: Settle|0 fnt
|faint|p2a: Settle
|-hitcount|p2: Settle|2
|
|upkeep
|
|t:|1779943455
|switch|p2a: Charlie Kwerk|Ambipom, F|100/100
|turn|7
|
|t:|1779943458
|switch|p1a: Moltres|Moltres|80/100
|move|p2a: Charlie Kwerk|Fake Out|p1a: Moltres
|-damage|p1a: Moltres|59/100
|
|upkeep
|turn|8
|
|t:|1779943463
|switch|p2a: Florida Keys|Kommo-o, F|100/100
|switch|p1a: Landorus|Landorus-Therian, M|100/100
|-ability|p1a: Landorus|Intimidate|boost
|-unboost|p2a: Florida Keys|atk|1
|
|-sideend|p2: info_cntrl|move: Light Screen
|upkeep
|turn|9
|
|t:|1779943469
|move|p1a: Landorus|Taunt|p2a: Florida Keys
|-start|p2a: Florida Keys|move: Taunt
|cant|p2a: Florida Keys|move: Taunt|Clangorous Soul
|
|-sideend|p2: info_cntrl|Reflect
|upkeep
|turn|10
|
|t:|1779943481
|switch|p2a: Adieu|Hatterene, F|67/100 psn
|move|p1a: Landorus|Earth Power|p2a: Adieu
|-damage|p2a: Adieu|34/100 psn
|
|-damage|p2a: Adieu|22/100 psn|[from] psn
|upkeep
|turn|11
|
|t:|1779943485
|move|p1a: Landorus|Sludge Bomb|p2a: Adieu
|-supereffective|p2a: Adieu
|-damage|p2a: Adieu|0 fnt
|faint|p2a: Adieu
|
|upkeep
|
|t:|1779943488
|switch|p2a: Charlie Kwerk|Ambipom, F|100/100
|turn|12
|
|t:|1779943492
|switch|p2a: Dante|Thundurus, M|100/100
|switch|p1a: Moltres|Moltres|59/100
|
|upkeep
|turn|13
|
|t:|1779943501
|move|p2a: Dante|Volt Switch|p1a: Moltres
|-supereffective|p1a: Moltres
|-damage|p1a: Moltres|0 fnt
|faint|p1a: Moltres
|
|t:|1779943509
|switch|p2a: Charlie Kwerk|Ambipom, F|100/100|[from] Volt Switch
|
|upkeep
|
|t:|1779943511
|switch|p1a: Landorus|Landorus-Therian, M|100/100
|-ability|p1a: Landorus|Intimidate|boost
|-unboost|p2a: Charlie Kwerk|atk|1
|turn|14
|
|t:|1779943514
|move|p2a: Charlie Kwerk|Fake Out|p1a: Landorus
|-damage|p1a: Landorus|81/100
|-damage|p2a: Charlie Kwerk|84/100|[from] item: Rocky Helmet|[of] p1a: Landorus
|cant|p1a: Landorus|flinch
|
|upkeep
|turn|15
|
|t:|1779943522
|switch|p2a: Florida Keys|Kommo-o, F|100/100
|move|p1a: Landorus|Stealth Rock|p2a: Florida Keys
|-sidestart|p2: info_cntrl|move: Stealth Rock
|
|upkeep
|turn|16
|
|t:|1779943528
|switch|p2a: Charlie Kwerk|Ambipom, F|84/100
|move|p1a: Landorus|Earth Power|p2a: Charlie Kwerk
|-damage|p2a: Charlie Kwerk|17/100
|
|upkeep
|turn|17
|
|t:|1779943551
|move|p2a: Charlie Kwerk|Triple Axel|p1a: Landorus
|-supereffective|p1a: Landorus
|-damage|p1a: Landorus|40/100
|-damage|p2a: Charlie Kwerk|0 fnt|[from] item: Rocky Helmet|[of] p1a: Landorus
|faint|p2a: Charlie Kwerk
|-hitcount|p1a: Landorus|1
|move|p1a: Landorus|Earth Power|p2: Charlie Kwerk|[notarget]
|-fail|p1a: Landorus
|
|upkeep
|
|t:|1779943580
|switch|p2a: Dante|Thundurus, M|100/100
|turn|18
|
|t:|1779943599
|move|p2a: Dante|Flash Cannon|p1a: Landorus
|-damage|p1a: Landorus|4/100
|move|p1a: Landorus|Sludge Bomb|p2a: Dante
|-damage|p2a: Dante|66/100
|
|upkeep
|turn|19
|
|t:|1779943604
|switch|p1a: Alomomola|Alomomola, M|100/100
|move|p2a: Dante|Flash Cannon|p1a: Alomomola
|-resisted|p1a: Alomomola
|-damage|p1a: Alomomola|94/100
|
|upkeep
|turn|20
|
|t:|1779943606
|switch|p1a: Great Tusk|Great Tusk|100/100
|-enditem|p1a: Great Tusk|Booster Energy
|-activate|p1a: Great Tusk|ability: Protosynthesis|[fromitem]
|-start|p1a: Great Tusk|protosynthesisatk
|move|p2a: Dante|Wildbolt Storm|p1a: Great Tusk
|-immune|p1a: Great Tusk
|
|upkeep
|turn|21
|
|t:|1779943612
|switch|p2a: Your Ex|Toxapex, M|100/100
|-damage|p2a: Your Ex|88/100|[from] Stealth Rock
|move|p1a: Great Tusk|Rapid Spin|p2a: Your Ex
|-damage|p2a: Your Ex|75/100
|-boost|p1a: Great Tusk|spe|1
|
|-heal|p2a: Your Ex|81/100|[from] item: Black Sludge
|upkeep
|turn|22
|
|t:|1779943615
|move|p1a: Great Tusk|Headlong Rush|p2a: Your Ex
|-supereffective|p2a: Your Ex
|-damage|p2a: Your Ex|0 fnt
|-unboost|p1a: Great Tusk|def|1
|-unboost|p1a: Great Tusk|spd|1
|faint|p2a: Your Ex
|
|upkeep
|
|t:|1779943619
|switch|p2a: Florida Keys|Kommo-o, F|100/100
|-damage|p2a: Florida Keys|94/100|[from] Stealth Rock
|turn|23
|
|t:|1779943623
|move|p1a: Great Tusk|Close Combat|p2a: Florida Keys
|-damage|p2a: Florida Keys|20/100
|-unboost|p1a: Great Tusk|def|1
|-unboost|p1a: Great Tusk|spd|1
|move|p2a: Florida Keys|Clangorous Soul||[still]
|-fail|p2a: Florida Keys
|
|upkeep
|turn|24
|
|t:|1779943629
|move|p1a: Great Tusk|Close Combat|p2a: Florida Keys
|-damage|p2a: Florida Keys|0 fnt
|-unboost|p1a: Great Tusk|def|1
|-unboost|p1a: Great Tusk|spd|1
|faint|p2a: Florida Keys
|
|upkeep
|
|t:|1779943631
|switch|p2a: Dante|Thundurus, M|66/100
|turn|25
|
|t:|1779943634
|move|p1a: Great Tusk|Stone Edge|p2a: Dante
|-supereffective|p2a: Dante
|-damage|p2a: Dante|0 fnt
|faint|p2a: Dante
|
|win|LLCDoubleOG
|raw|LLCDoubleOG's rating: 1183 &rarr; <strong>1206</strong><br />(+23 for winning)
|raw|info_cntrl's rating: 1149 &rarr; <strong>1126</strong><br />(-23 for losing)
