|j|☆claudechamp
|j|☆Sickscream28
|t:|1779873138
|gametype|singles
|player|p1|claudechamp|169|1190
|player|p2|Sickscream28|170|1176
|gen|9
|tier|[Gen 9] OU
|rated|
|rule|HP Percentage Mod: HP is shown in percentages
|rule|Endless Battle Clause: Forcing endless battles is banned
|rule|Species Clause: Limit one of each Pokémon
|rule|OHKO Clause: OHKO moves are banned
|rule|Evasion Items Clause: Evasion items are banned
|rule|Evasion Moves Clause: Evasion moves are banned
|rule|Evasion Abilities Clause: Evasion abilities are banned
|rule|Sleep Moves Clause: Sleep-inducing moves are banned
|clearpoke
|poke|p1|Corviknight, M|
|poke|p1|Ting-Lu|
|poke|p1|Kyurem|
|poke|p1|Dondozo, F|
|poke|p1|Slowking-Galar, F|
|poke|p1|Cinderace, M|
|poke|p2|Cinderace, F|
|poke|p2|Walking Wake|
|poke|p2|Garchomp, F|
|poke|p2|Greninja-*, F|
|poke|p2|Skeledirge, M|
|poke|p2|Meowscarada, F|
|teampreview
|c|☆claudechamp|hf
|inactive|Battle timer is ON: inactive players will automatically lose when time's up. (requested by claudechamp)
|
|t:|1779873142
|teamsize|p1|6
|teamsize|p2|6
|start
|switch|p1a: Kyurem|Kyurem|100/100
|switch|p2a: Greninja|Greninja, F, shiny|100/100
|-ability|p1a: Kyurem|Pressure
|turn|1
|
|t:|1779873146
|move|p2a: Greninja|Toxic Spikes|p1a: Kyurem
|-start|p2a: Greninja|typechange|Poison|[from] ability: Protean
|-sidestart|p1: claudechamp|move: Toxic Spikes
|move|p1a: Kyurem|Freeze-Dry|p2a: Greninja
|-damage|p2a: Greninja|47/100
|
|upkeep
|turn|2
|
|t:|1779873158
|move|p2a: Greninja|Dark Pulse|p1a: Kyurem
|-damage|p1a: Kyurem|77/100
|move|p1a: Kyurem|Freeze-Dry|p2a: Greninja
|-damage|p2a: Greninja|0 fnt
|faint|p2a: Greninja
|
|-heal|p1a: Kyurem|83/100|[from] item: Leftovers
|upkeep
|
|t:|1779873163
|switch|p2a: Skeledirge|Skeledirge, M|100/100
|turn|3
|
|t:|1779873169
|move|p1a: Kyurem|Freeze-Dry|p2a: Skeledirge
|-resisted|p2a: Skeledirge
|-damage|p2a: Skeledirge|82/100
|move|p2a: Skeledirge|Torch Song|p1a: Kyurem
|-crit|p1a: Kyurem
|-damage|p1a: Kyurem|31/100
|-boost|p2a: Skeledirge|spa|1
|-enditem|p2a: Skeledirge|Throat Spray
|-boost|p2a: Skeledirge|spa|1|[from] item: Throat Spray
|
|-heal|p1a: Kyurem|38/100|[from] item: Leftovers
|upkeep
|turn|4
|
|t:|1779873173
|-terastallize|p1a: Kyurem|Ground
|move|p1a: Kyurem|Earth Power|p2a: Skeledirge
|-supereffective|p2a: Skeledirge
|-damage|p2a: Skeledirge|0 fnt
|faint|p2a: Skeledirge
|
|-heal|p1a: Kyurem|44/100|[from] item: Leftovers
|upkeep
|
|t:|1779873181
|switch|p2a: Meowscarada|Meowscarada, F|100/100
|turn|5
|
|t:|1779873183
|move|p1a: Kyurem|Protect|p1a: Kyurem
|-singleturn|p1a: Kyurem|Protect
|move|p2a: Meowscarada|Flower Trick|p1a: Kyurem
|-start|p2a: Meowscarada|typechange|Grass|[from] ability: Protean
|-activate|p1a: Kyurem|move: Protect
|
|-heal|p1a: Kyurem|50/100|[from] item: Leftovers
|upkeep
|turn|6
|
|t:|1779873185
|switch|p1a: Slowking|Slowking-Galar, F|100/100
|-sideend|p1: claudechamp|move: Toxic Spikes|[of] p1a: Slowking
|move|p2a: Meowscarada|Flower Trick|p1a: Slowking
|-resisted|p1a: Slowking
|-crit|p1a: Slowking
|-damage|p1a: Slowking|81/100
|
|upkeep
|turn|7
|
|t:|1779873189
|move|p2a: Meowscarada|U-turn|p1a: Slowking
|-damage|p1a: Slowking|64/100
|
|t:|1779873191
|switch|p2a: Walking Wake|Walking Wake|100/100|[from] U-turn
|-enditem|p2a: Walking Wake|Booster Energy
|-activate|p2a: Walking Wake|ability: Protosynthesis|[fromitem]
|-start|p2a: Walking Wake|protosynthesisspa
|move|p1a: Slowking|Sludge Bomb|p2a: Walking Wake
|-damage|p2a: Walking Wake|62/100
|
|upkeep
|turn|8
|
|t:|1779873194
|move|p2a: Walking Wake|Dragon Pulse|p1a: Slowking
|-damage|p1a: Slowking|20/100
|move|p1a: Slowking|Sludge Bomb|p2a: Walking Wake
|-damage|p2a: Walking Wake|25/100
|-status|p2a: Walking Wake|psn
|
|-damage|p2a: Walking Wake|12/100 psn|[from] psn
|upkeep
|turn|9
|
|t:|1779873196
|switch|p1a: Dondozo|Dondozo, F|100/100
|move|p2a: Walking Wake|Dragon Pulse|p1a: Dondozo
|-damage|p1a: Dondozo|62/100
|
|-heal|p1a: Dondozo|68/100|[from] item: Leftovers
|-damage|p2a: Walking Wake|0 fnt|[from] psn
|faint|p2a: Walking Wake
|-end|p2a: Walking Wake|Protosynthesis|[silent]
|upkeep
|
|t:|1779873201
|switch|p2a: Meowscarada|Meowscarada, F|100/100
|turn|10
|
|t:|1779873203
|switch|p1a: Slowking|Slowking-Galar, F|53/100
|move|p2a: Meowscarada|Flower Trick|p1a: Slowking
|-start|p2a: Meowscarada|typechange|Grass|[from] ability: Protean
|-resisted|p1a: Slowking
|-crit|p1a: Slowking
|-damage|p1a: Slowking|34/100
|
|upkeep
|turn|11
|
|t:|1779873206
|move|p2a: Meowscarada|U-turn|p1a: Slowking
|-damage|p1a: Slowking|19/100
|
|t:|1779873208
|switch|p2a: Cinderace|Cinderace, F|100/100|[from] U-turn
|move|p1a: Slowking|Ice Beam|p2a: Cinderace
|-resisted|p2a: Cinderace
|-crit|p2a: Cinderace
|-damage|p2a: Cinderace|76/100
|
|upkeep
|turn|12
|
|t:|1779873211
|move|p2a: Cinderace|Zen Headbutt|p1a: Slowking
|-start|p2a: Cinderace|typechange|Psychic|[from] ability: Libero
|-damage|p1a: Slowking|0 fnt
|faint|p1a: Slowking
|
|upkeep
|
|t:|1779873214
|switch|p1a: Corviknight|Corviknight, M|100/100
|-ability|p1a: Corviknight|Pressure
|turn|13
|
|t:|1779873216
|move|p2a: Cinderace|Pyro Ball|p1a: Corviknight
|-supereffective|p1a: Corviknight
|-damage|p1a: Corviknight|46/100
|move|p1a: Corviknight|Brave Bird|p2a: Cinderace
|-damage|p2a: Cinderace|25/100
|-damage|p1a: Corviknight|34/100|[from] Recoil
|
|upkeep
|turn|14
|
|t:|1779873220
|switch|p1a: Kyurem|Kyurem, tera:Ground|50/100
|-ability|p1a: Kyurem|Pressure
|move|p2a: Cinderace|Pyro Ball|p1a: Kyurem|[miss]
|-miss|p2a: Cinderace|p1a: Kyurem
|
|-heal|p1a: Kyurem|56/100|[from] item: Leftovers
|upkeep
|turn|15
|
|t:|1779873223
|move|p2a: Cinderace|Zen Headbutt|p1a: Kyurem
|-damage|p1a: Kyurem|14/100
|move|p1a: Kyurem|Freeze-Dry|p2a: Cinderace
|-damage|p2a: Cinderace|0 fnt
|faint|p2a: Cinderace
|
|-heal|p1a: Kyurem|20/100|[from] item: Leftovers
|upkeep
|
|t:|1779873227
|switch|p2a: Meowscarada|Meowscarada, F|100/100
|turn|16
|
|t:|1779873229
|switch|p1a: Corviknight|Corviknight, M|34/100
|-ability|p1a: Corviknight|Pressure
|move|p2a: Meowscarada|Flower Trick|p1a: Corviknight
|-start|p2a: Meowscarada|typechange|Grass|[from] ability: Protean
|-resisted|p1a: Corviknight
|-crit|p1a: Corviknight
|-damage|p1a: Corviknight|27/100
|
|upkeep
|turn|17
|
|t:|1779873233
|move|p2a: Meowscarada|Flower Trick|p1a: Corviknight
|-resisted|p1a: Corviknight
|-crit|p1a: Corviknight
|-damage|p1a: Corviknight|20/100
|move|p1a: Corviknight|Roost|p1a: Corviknight
|-heal|p1a: Corviknight|70/100
|-singleturn|p1a: Corviknight|move: Roost
|
|upkeep
|turn|18
|
|t:|1779873237
|move|p2a: Meowscarada|U-turn|p1a: Corviknight
|-resisted|p1a: Corviknight
|-damage|p1a: Corviknight|67/100
|-damage|p2a: Meowscarada|84/100|[from] item: Rocky Helmet|[of] p1a: Corviknight
|
|t:|1779873239
|switch|p2a: Garchomp|Garchomp, F|100/100|[from] U-turn
|move|p1a: Corviknight|Brave Bird|p2a: Garchomp
|-damage|p2a: Garchomp|63/100
|-damage|p1a: Corviknight|54/100|[from] ability: Rough Skin|[of] p2a: Garchomp
|-damage|p1a: Corviknight|38/100|[from] item: Rocky Helmet|[of] p2a: Garchomp
|-damage|p1a: Corviknight|27/100|[from] Recoil
|
|upkeep
|turn|19
|
|t:|1779873242
|move|p2a: Garchomp|Swords Dance|p2a: Garchomp
|-boost|p2a: Garchomp|atk|2
|move|p1a: Corviknight|U-turn|p2a: Garchomp
|-damage|p2a: Garchomp|48/100
|-damage|p1a: Corviknight|14/100|[from] ability: Rough Skin|[of] p2a: Garchomp
|-damage|p1a: Corviknight|0 fnt|[from] item: Rocky Helmet|[of] p2a: Garchomp
|faint|p1a: Corviknight
|
|upkeep
|
|t:|1779873245
|switch|p1a: Kyurem|Kyurem, tera:Ground|20/100
|-ability|p1a: Kyurem|Pressure
|turn|20
|
|t:|1779873251
|-terastallize|p2a: Garchomp|Poison
|move|p2a: Garchomp|Earthquake|p1a: Kyurem
|-damage|p1a: Kyurem|0 fnt
|faint|p1a: Kyurem
|
|upkeep
|
|t:|1779873254
|switch|p1a: Ting-Lu|Ting-Lu|100/100
|-ability|p1a: Ting-Lu|Vessel of Ruin
|turn|21
|
|t:|1779873259
|move|p2a: Garchomp|Earthquake|p1a: Ting-Lu
|-damage|p1a: Ting-Lu|48/100
|move|p1a: Ting-Lu|Earthquake|p2a: Garchomp
|-supereffective|p2a: Garchomp
|-damage|p2a: Garchomp|0 fnt
|faint|p2a: Garchomp
|
|-heal|p1a: Ting-Lu|54/100|[from] item: Leftovers
|upkeep
|
|t:|1779873262
|switch|p2a: Meowscarada|Meowscarada, F|84/100
|turn|22
|
|t:|1779873265
|switch|p1a: Cinderace|Cinderace, M|100/100
|move|p2a: Meowscarada|Flower Trick|p1a: Cinderace
|-start|p2a: Meowscarada|typechange|Grass|[from] ability: Protean
|-resisted|p1a: Cinderace
|-crit|p1a: Cinderace
|-damage|p1a: Cinderace|73/100
|
|upkeep
|turn|23
|
|t:|1779873269
|move|p2a: Meowscarada|Play Rough|p1a: Cinderace
|-resisted|p1a: Cinderace
|-damage|p1a: Cinderace|55/100
|move|p1a: Cinderace|Pyro Ball|p2a: Meowscarada
|-supereffective|p2a: Meowscarada
|-damage|p2a: Meowscarada|0 fnt
|faint|p2a: Meowscarada
|
|win|claudechamp
|raw|claudechamp's rating: 1190 &rarr; <strong>1214</strong><br />(+24 for winning)
|raw|Sickscream28's rating: 1176 &rarr; <strong>1152</strong><br />(-24 for losing)
|c|☆claudechamp|gg
|l|☆Sickscream28
|player|p2|
