|j|☆sadaasdfasdasd
|j|☆blueisnoob
|t:|1779817346
|gametype|singles
|player|p1|sadaasdfasdasd|102|1685
|player|p2|blueisnoob|169|1731
|gen|9
|tier|[Gen 9] OU
|rated|
|rule|HP Percentage Mod: HP is shown in percentages
|rule|Endless Battle Clause: Forcing endless battles is banned
|rule|Species Clause: Limit one of each Pokémon
|rule|OHKO Clause: OHKO moves are banned
|rule|Evasion Items Clause: Evasion items are banned
|rule|Evasion Moves Clause: Evasion moves are banned
|rule|Evasion Abilities Clause: Evasion abilities are banned
|rule|Sleep Moves Clause: Sleep-inducing moves are banned
|clearpoke
|poke|p1|Serperior, F|
|poke|p1|Skeledirge, F|
|poke|p1|Ting-Lu|
|poke|p1|Gholdengo|
|poke|p1|Rotom-Wash|
|poke|p1|Weavile, F|
|poke|p2|Zamazenta-*|
|poke|p2|Ogerpon-Wellspring, F|
|poke|p2|Slowking-Galar, M|
|poke|p2|Great Tusk|
|poke|p2|Kingambit, M|
|poke|p2|Zapdos|
|teampreview
|inactive|Battle timer is ON: inactive players will automatically lose when time's up. (requested by sadaasdfasdasd)
|inactive|blueisnoob has 120 seconds left.
|
|t:|1779817382
|teamsize|p1|6
|teamsize|p2|6
|start
|switch|p1a: Serperior|Serperior, F, shiny|100/100
|switch|p2a: Kingambit|Kingambit, M|100/100
|turn|1
|
|t:|1779817392
|switch|p1a: slow cycle|Rotom-Wash|100/100
|move|p2a: Kingambit|Kowtow Cleave|p1a: slow cycle
|-damage|p1a: slow cycle|59/100
|-damage|p2a: Kingambit|84/100|[from] item: Rocky Helmet|[of] p1a: slow cycle
|
|-heal|p2a: Kingambit|90/100|[from] item: Leftovers
|upkeep
|turn|2
|
|t:|1779817396
|-end|p2a: Kingambit|fallenundefined|[silent]
|switch|p2a: Slowking|Slowking-Galar, M|100/100
|move|p1a: slow cycle|Will-O-Wisp|p2a: Slowking
|-status|p2a: Slowking|brn
|
|-damage|p2a: Slowking|94/100 brn|[from] brn
|upkeep
|turn|3
|
|t:|1779817401
|move|p1a: slow cycle|Pain Split|p2a: Slowking
|-sethp|p2a: Slowking|70/100 brn|[from] move: Pain Split|[silent]
|-sethp|p1a: slow cycle|89/100|[from] move: Pain Split
|move|p2a: Slowking|Sludge Bomb|p1a: slow cycle
|-damage|p1a: slow cycle|44/100
|
|-damage|p2a: Slowking|64/100 brn|[from] brn
|upkeep
|turn|4
|
|t:|1779817406
|move|p1a: slow cycle|Volt Switch|p2a: Slowking
|-damage|p2a: Slowking|51/100 brn
|
|t:|1779817408
|switch|p1a: Ting-Lu|Ting-Lu|100/100|[from] Volt Switch
|-ability|p1a: Ting-Lu|Vessel of Ruin
|move|p2a: Slowking|Sludge Bomb|p1a: Ting-Lu
|-resisted|p1a: Ting-Lu
|-damage|p1a: Ting-Lu|91/100
|
|-heal|p1a: Ting-Lu|98/100|[from] item: Leftovers
|-damage|p2a: Slowking|45/100 brn|[from] brn
|upkeep
|turn|5
|
|t:|1779817411
|switch|p2a: Great Tusk|Great Tusk, shiny|100/100
|move|p1a: Ting-Lu|Stealth Rock|p2a: Great Tusk
|-sidestart|p2: blueisnoob|move: Stealth Rock
|
|-heal|p1a: Ting-Lu|100/100|[from] item: Leftovers
|upkeep
|turn|6
|
|t:|1779817415
|switch|p1a: slow cycle|Rotom-Wash|44/100
|move|p2a: Great Tusk|Stealth Rock|p1a: slow cycle
|-sidestart|p1: sadaasdfasdasd|move: Stealth Rock
|
|upkeep
|turn|7
|
|t:|1779817420
|-end|p2a: Great Tusk|Protosynthesis|[silent]
|switch|p2a: Slowking|Slowking-Galar, M|78/100 brn
|-damage|p2a: Slowking|66/100 brn|[from] Stealth Rock
|move|p1a: slow cycle|Pain Split|p2a: Slowking
|-sethp|p2a: Slowking|50/100 brn|[from] move: Pain Split|[silent]
|-sethp|p1a: slow cycle|63/100|[from] move: Pain Split
|
|-damage|p2a: Slowking|44/100 brn|[from] brn
|upkeep
|turn|8
|
|t:|1779817423
|move|p1a: slow cycle|Volt Switch|p2a: Slowking
|-damage|p2a: Slowking|32/100 brn
|
|t:|1779817426
|switch|p1a: Ting-Lu|Ting-Lu|100/100|[from] Volt Switch
|-damage|p1a: Ting-Lu|94/100|[from] Stealth Rock
|-ability|p1a: Ting-Lu|Vessel of Ruin
|move|p2a: Slowking|Sludge Bomb|p1a: Ting-Lu
|-resisted|p1a: Ting-Lu
|-damage|p1a: Ting-Lu|85/100
|-status|p1a: Ting-Lu|psn
|
|-heal|p1a: Ting-Lu|91/100 psn|[from] item: Leftovers
|-damage|p1a: Ting-Lu|79/100 psn|[from] psn
|-damage|p2a: Slowking|26/100 brn|[from] brn
|upkeep
|turn|9
|
|t:|1779817430
|switch|p2a: Great Tusk|Great Tusk, shiny|100/100
|move|p1a: Ting-Lu|Spikes|p2a: Great Tusk
|-sidestart|p2: blueisnoob|Spikes
|
|-heal|p1a: Ting-Lu|85/100 psn|[from] item: Leftovers
|-damage|p1a: Ting-Lu|73/100 psn|[from] psn
|upkeep
|turn|10
|
|t:|1779817432
|move|p2a: Great Tusk|Rapid Spin|p1a: Ting-Lu
|-damage|p1a: Ting-Lu|63/100 psn
|-boost|p2a: Great Tusk|spe|1
|-sideend|p2: blueisnoob|Spikes|[from] move: Rapid Spin|[of] p2a: Great Tusk
|-sideend|p2: blueisnoob|Stealth Rock|[from] move: Rapid Spin|[of] p2a: Great Tusk
|move|p1a: Ting-Lu|Whirlwind|p2a: Great Tusk
|-end|p2a: Great Tusk|Protosynthesis|[silent]
|drag|p2a: Kingambit|Kingambit, M|90/100
|
|-heal|p2a: Kingambit|96/100|[from] item: Leftovers
|-heal|p1a: Ting-Lu|69/100 psn|[from] item: Leftovers
|-damage|p1a: Ting-Lu|56/100 psn|[from] psn
|upkeep
|turn|11
|
|t:|1779817439
|move|p2a: Kingambit|Low Kick|p1a: Ting-Lu
|-supereffective|p1a: Ting-Lu
|-damage|p1a: Ting-Lu|3/100 psn
|move|p1a: Ting-Lu|Earthquake|p2a: Kingambit
|-supereffective|p2a: Kingambit
|-damage|p2a: Kingambit|47/100
|
|-heal|p2a: Kingambit|53/100|[from] item: Leftovers
|-heal|p1a: Ting-Lu|9/100 psn|[from] item: Leftovers
|-damage|p1a: Ting-Lu|0 fnt|[from] psn
|faint|p1a: Ting-Lu
|upkeep
|
|t:|1779817444
|switch|p1a: slow cycle|Rotom-Wash|63/100
|-damage|p1a: slow cycle|51/100|[from] Stealth Rock
|turn|12
|j| firered27
|
|t:|1779817447
|-end|p2a: Kingambit|fallenundefined|[silent]
|switch|p2a: Slowking|Slowking-Galar, M|59/100 brn
|move|p1a: slow cycle|Volt Switch|p2a: Slowking
|-damage|p2a: Slowking|45/100 brn
|
|t:|1779817449
|switch|p1a: Weavile|Weavile, F|100/100|[from] Volt Switch
|
|-damage|p2a: Slowking|39/100 brn|[from] brn
|upkeep
|turn|13
|
|t:|1779817451
|switch|p2a: Zapdos|Zapdos|100/100
|move|p1a: Weavile|Knock Off|p2a: Zapdos
|-damage|p2a: Zapdos|62/100
|-status|p1a: Weavile|par|[from] ability: Static|[of] p2a: Zapdos
|-enditem|p2a: Zapdos|Heavy-Duty Boots|[from] move: Knock Off|[of] p1a: Weavile
|
|upkeep
|turn|14
|
|t:|1779817455
|move|p2a: Zapdos|Volt Switch|p1a: Weavile
|-damage|p1a: Weavile|61/100 par
|
|t:|1779817462
|switch|p2a: Ogerpon|Ogerpon-Wellspring, F|100/100|[from] Volt Switch
|move|p1a: Weavile|Icicle Crash|p2a: Ogerpon|[miss]
|-miss|p1a: Weavile|p2a: Ogerpon
|
|upkeep
|turn|15
|
|t:|1779817466
|move|p2a: Ogerpon|U-turn|p1a: Weavile
|-supereffective|p1a: Weavile
|-damage|p1a: Weavile|0 fnt
|faint|p1a: Weavile
|
|t:|1779817471
|switch|p2a: Zapdos|Zapdos|62/100|[from] U-turn
|
|upkeep
|
|t:|1779817474
|switch|p1a: Amascut's Promise|Gholdengo|100/100
|-damage|p1a: Amascut's Promise|94/100|[from] Stealth Rock
|turn|16
|
|t:|1779817477
|move|p1a: Amascut's Promise|Shadow Ball|p2a: Zapdos
|-damage|p2a: Zapdos|24/100
|move|p2a: Zapdos|Volt Switch|p1a: Amascut's Promise
|-damage|p1a: Amascut's Promise|59/100
|
|t:|1779817479
|switch|p2a: Ogerpon|Ogerpon-Wellspring, F|100/100|[from] Volt Switch
|
|upkeep
|turn|17
|
|t:|1779817481
|move|p1a: Amascut's Promise|Shadow Ball|p2a: Ogerpon
|-damage|p2a: Ogerpon|49/100
|move|p2a: Ogerpon|Knock Off|p1a: Amascut's Promise
|-supereffective|p1a: Amascut's Promise
|-damage|p1a: Amascut's Promise|0 fnt
|-enditem|p1a: Amascut's Promise|Choice Scarf|[from] move: Knock Off|[of] p2a: Ogerpon
|faint|p1a: Amascut's Promise
|
|upkeep
|
|t:|1779817483
|switch|p1a: Serperior|Serperior, F, shiny|100/100
|-damage|p1a: Serperior|88/100|[from] Stealth Rock
|turn|18
|
|t:|1779817488
|move|p1a: Serperior|Leaf Storm|p2a: Ogerpon
|-damage|p2a: Ogerpon|0 fnt
|-boost|p1a: Serperior|spa|2
|faint|p2a: Ogerpon
|
|-heal|p1a: Serperior|94/100|[from] item: Leftovers
|upkeep
|
|t:|1779817490
|switch|p2a: Slowking|Slowking-Galar, M|73/100 brn
|turn|19
|
|t:|1779817493
|-terastallize|p1a: Serperior|Fire
|move|p1a: Serperior|Leaf Storm|p2a: Slowking
|-resisted|p2a: Slowking
|-damage|p2a: Slowking|52/100 brn
|-boost|p1a: Serperior|spa|2
|move|p2a: Slowking|Sludge Bomb|p1a: Serperior
|-damage|p1a: Serperior|49/100
|-status|p1a: Serperior|psn
|
|-heal|p1a: Serperior|55/100 psn|[from] item: Leftovers
|-damage|p1a: Serperior|43/100 psn|[from] psn
|-damage|p2a: Slowking|46/100 brn|[from] brn
|upkeep
|turn|20
|
|t:|1779817500
|move|p1a: Serperior|Leaf Storm|p2a: Slowking
|-resisted|p2a: Slowking
|-damage|p2a: Slowking|16/100 brn
|-boost|p1a: Serperior|spa|2
|move|p2a: Slowking|Sludge Bomb|p1a: Serperior
|-crit|p1a: Serperior
|-damage|p1a: Serperior|0 fnt
|faint|p1a: Serperior
|
|-damage|p2a: Slowking|10/100 brn|[from] brn
|upkeep
|
|t:|1779817503
|switch|p1a: Skeledirge|Skeledirge, F|100/100
|turn|21
|
|t:|1779817512
|move|p1a: Skeledirge|Torch Song|p2a: Slowking
|-crit|p2a: Slowking
|-damage|p2a: Slowking|0 fnt
|-boost|p1a: Skeledirge|spa|1
|faint|p2a: Slowking
|
|upkeep
|
|t:|1779817514
|switch|p2a: Zapdos|Zapdos|24/100
|turn|22
|
|t:|1779817515
|move|p2a: Zapdos|Thunder Wave|p1a: Skeledirge
|-status|p1a: Skeledirge|par
|move|p1a: Skeledirge|Torch Song|p2a: Zapdos
|-damage|p2a: Zapdos|0 fnt
|-boost|p1a: Skeledirge|spa|1
|faint|p2a: Zapdos
|
|upkeep
|
|t:|1779817520
|switch|p2a: Great Tusk|Great Tusk, shiny|100/100
|turn|23
|
|t:|1779817521
|move|p2a: Great Tusk|Headlong Rush|p1a: Skeledirge
|-supereffective|p1a: Skeledirge
|-damage|p1a: Skeledirge|7/100 par
|-unboost|p2a: Great Tusk|def|1
|-unboost|p2a: Great Tusk|spd|1
|cant|p1a: Skeledirge|par
|
|upkeep
|turn|24
|
|t:|1779817536
|move|p2a: Great Tusk|Ice Spinner|p1a: Skeledirge
|-resisted|p1a: Skeledirge
|-damage|p1a: Skeledirge|0 fnt
|faint|p1a: Skeledirge
|
|upkeep
|
|t:|1779817538
|switch|p1a: slow cycle|Rotom-Wash|51/100
|-damage|p1a: slow cycle|38/100|[from] Stealth Rock
|turn|25
|
|t:|1779817546
|move|p2a: Great Tusk|Rapid Spin|p1a: slow cycle
|-damage|p1a: slow cycle|25/100
|-boost|p2a: Great Tusk|spe|1
|-damage|p2a: Great Tusk|84/100|[from] item: Rocky Helmet|[of] p1a: slow cycle
|move|p1a: slow cycle|Pain Split|p2a: Great Tusk
|-sethp|p2a: Great Tusk|52/100|[from] move: Pain Split|[silent]
|-sethp|p1a: slow cycle|63/100|[from] move: Pain Split
|
|upkeep
|turn|26
|
|t:|1779817553
|move|p2a: Great Tusk|Rapid Spin|p1a: slow cycle
|-damage|p1a: slow cycle|49/100
|-boost|p2a: Great Tusk|spe|1
|-damage|p2a: Great Tusk|36/100|[from] item: Rocky Helmet|[of] p1a: slow cycle
|move|p1a: slow cycle|Hydro Pump|p2a: Great Tusk
|-supereffective|p2a: Great Tusk
|-damage|p2a: Great Tusk|0 fnt
|faint|p2a: Great Tusk
|-end|p2a: Great Tusk|Protosynthesis|[silent]
|
|upkeep
|
|t:|1779817569
|switch|p2a: Zamazenta|Zamazenta|100/100
|-ability|p2a: Zamazenta|Dauntless Shield|boost
|-boost|p2a: Zamazenta|def|1
|turn|27
|
|t:|1779817574
|move|p2a: Zamazenta|Close Combat|p1a: slow cycle
|-damage|p1a: slow cycle|1/100
|-unboost|p2a: Zamazenta|def|1
|-unboost|p2a: Zamazenta|spd|1
|-damage|p2a: Zamazenta|84/100|[from] item: Rocky Helmet|[of] p1a: slow cycle
|move|p1a: slow cycle|Pain Split|p2a: Zamazenta
|-sethp|p2a: Zamazenta|42/100|[from] move: Pain Split|[silent]
|-sethp|p1a: slow cycle|45/100|[from] move: Pain Split
|
|upkeep
|turn|28
|
|t:|1779817582
|move|p2a: Zamazenta|Close Combat|p1a: slow cycle
|-damage|p1a: slow cycle|0 fnt
|-unboost|p2a: Zamazenta|def|1
|-unboost|p2a: Zamazenta|spd|1
|-damage|p2a: Zamazenta|26/100|[from] item: Rocky Helmet|[of] p1a: slow cycle
|faint|p1a: slow cycle
|
|win|blueisnoob
|raw|sadaasdfasdasd's rating: 1685 &rarr; <strong>1668</strong><br />(-17 for losing)
|raw|blueisnoob's rating: 1731 &rarr; <strong>1748</strong><br />(+17 for winning)
|l|☆sadaasdfasdasd
|player|p1|
|l| firered27
