|j|☆TechBuster
|j|☆Nyrkry
|inactive|Battle timer is ON: inactive players will automatically lose when time's up.
|t:|1779917151
|gametype|singles
|player|p1|TechBuster|266|
|player|p2|Nyrkry|allister|
|gen|9
|tier|[Gen 9] OU
|rated|Tournament battle
|rule|HP Percentage Mod: HP is shown in percentages
|rule|Endless Battle Clause: Forcing endless battles is banned
|rule|Species Clause: Limit one of each Pokémon
|rule|OHKO Clause: OHKO moves are banned
|rule|Evasion Items Clause: Evasion items are banned
|rule|Evasion Moves Clause: Evasion moves are banned
|rule|Evasion Abilities Clause: Evasion abilities are banned
|rule|Sleep Moves Clause: Sleep-inducing moves are banned
|clearpoke
|poke|p1|Regieleki|
|poke|p1|Slowking-Galar, F|
|poke|p1|Zapdos|
|poke|p1|Ogerpon-Wellspring, F|
|poke|p1|Kingambit, M|
|poke|p1|Garchomp, M|
|poke|p2|Dragapult, M|
|poke|p2|Zamazenta-*|
|poke|p2|Great Tusk|
|poke|p2|Ogerpon-Wellspring, F|
|poke|p2|Glimmora, M|
|poke|p2|Slowking-Galar, F|
|teampreview
|inactive|Nyrkry also wants the timer to be on.
|c|☆Nyrkry|glhf
|j| Ingomibazh
|c|☆TechBuster|u2
|j|*Lady Monita 
|l| Ingomibazh
|j| Atarialex
|j| ihateclodsire
|
|t:|1779917175
|teamsize|p1|6
|teamsize|p2|6
|start
|switch|p1a: Electrode Sr.|Regieleki|100/100
|switch|p2a: Dragapult|Dragapult, M|100/100
|turn|1
|
|t:|1779917180
|move|p1a: Electrode Sr.|Volt Switch|p2a: Dragapult
|-resisted|p2a: Dragapult
|-damage|p2a: Dragapult|75/100
|
|t:|1779917185
|switch|p1a: Slowking|Slowking-Galar, F|100/100|[from] Volt Switch
|move|p2a: Dragapult|Shadow Ball|p1a: Slowking
|-supereffective|p1a: Slowking
|-damage|p1a: Slowking|37/100
|
|upkeep
|turn|2
|
|t:|1779917189
|switch|p1a: Kingambit|Kingambit, M|100/100
|move|p2a: Dragapult|Shadow Ball|p1a: Kingambit
|-resisted|p1a: Kingambit
|-damage|p1a: Kingambit|74/100
|
|-heal|p1a: Kingambit|80/100|[from] item: Leftovers
|upkeep
|turn|3
|
|t:|1779917194
|switch|p2a: Great Tusk|Great Tusk|100/100
|-end|p1a: Kingambit|fallenundefined|[silent]
|switch|p1a: Ogerpon|Ogerpon-Wellspring, F|100/100
|
|upkeep
|turn|4
|
|t:|1779917198
|move|p1a: Ogerpon|Ivy Cudgel|p2a: Great Tusk|[anim] Ivy Cudgel Water
|-supereffective|p2a: Great Tusk
|-damage|p2a: Great Tusk|24/100
|move|p2a: Great Tusk|Stealth Rock|p1a: Ogerpon
|-sidestart|p1: TechBuster|move: Stealth Rock
|
|upkeep
|turn|5
|
|t:|1779917203
|-end|p2a: Great Tusk|Protosynthesis|[silent]
|switch|p2a: Ogerpon|Ogerpon-Wellspring, F|100/100
|move|p1a: Ogerpon|Play Rough|p2a: Ogerpon
|-damage|p2a: Ogerpon|54/100
|
|upkeep
|turn|6
|
|t:|1779917209
|switch|p1a: Garchomp|Garchomp, M|100/100
|-damage|p1a: Garchomp|94/100|[from] Stealth Rock
|move|p2a: Ogerpon|U-turn|p1a: Garchomp
|-damage|p1a: Garchomp|76/100
|-damage|p2a: Ogerpon|41/100|[from] ability: Rough Skin|[of] p1a: Garchomp
|-damage|p2a: Ogerpon|25/100|[from] item: Rocky Helmet|[of] p1a: Garchomp
|
|t:|1779917218
|switch|p2a: Great Tusk|Great Tusk|24/100|[from] U-turn
|
|upkeep
|turn|7
|
|t:|1779917224
|move|p2a: Great Tusk|Ice Spinner|p1a: Garchomp
|-supereffective|p1a: Garchomp
|-damage|p1a: Garchomp|16/100
|-damage|p2a: Great Tusk|12/100|[from] ability: Rough Skin|[of] p1a: Garchomp
|-damage|p2a: Great Tusk|0 fnt|[from] item: Rocky Helmet|[of] p1a: Garchomp
|faint|p2a: Great Tusk
|-end|p2a: Great Tusk|Protosynthesis|[silent]
|move|p1a: Garchomp|Stealth Rock|p2: Great Tusk
|-sidestart|p2: Nyrkry|move: Stealth Rock
|
|upkeep
|
|t:|1779917230
|switch|p2a: Ogerpon|Ogerpon-Wellspring, F|25/100
|-damage|p2a: Ogerpon|12/100|[from] Stealth Rock
|turn|8
|
|t:|1779917233
|move|p2a: Ogerpon|Ivy Cudgel|p1a: Garchomp|[anim] Ivy Cudgel Water
|-damage|p1a: Garchomp|0 fnt
|faint|p1a: Garchomp
|
|upkeep
|
|t:|1779917236
|switch|p1a: Electrode Sr.|Regieleki|100/100
|turn|9
|
|t:|1779917239
|switch|p2a: Slowking|Slowking-Galar, F|100/100
|move|p1a: Electrode Sr.|Thunderbolt|p2a: Slowking
|-damage|p2a: Slowking|70/100
|
|upkeep
|turn|10
|
|t:|1779917244
|-terastallize|p1a: Electrode Sr.|Electric
|move|p1a: Electrode Sr.|Electro Ball|p2a: Slowking
|-damage|p2a: Slowking|1/100
|-prepare|p2a: Slowking|Chilly Reception|[premajor]
|move|p2a: Slowking|Chilly Reception|p2a: Slowking
|-weather|Snowscape
|l| ihateclodsire
|
|t:|1779917248
|switch|p2a: Dragapult|Dragapult, M|75/100|[from] Chilly Reception
|-damage|p2a: Dragapult|63/100|[from] Stealth Rock
|
|-weather|Snowscape|[upkeep]
|upkeep
|turn|11
|
|t:|1779917250
|move|p1a: Electrode Sr.|Volt Switch|p2a: Dragapult
|-resisted|p2a: Dragapult
|-damage|p2a: Dragapult|28/100
|
|t:|1779917252
|switch|p1a: Kingambit|Kingambit, M|80/100|[from] Volt Switch
|-damage|p1a: Kingambit|74/100|[from] Stealth Rock
|-activate|p1a: Kingambit|ability: Supreme Overlord
|-start|p1a: Kingambit|fallen1|[silent]
|move|p2a: Dragapult|Draco Meteor|p1a: Kingambit
|-resisted|p1a: Kingambit
|-damage|p1a: Kingambit|34/100
|-unboost|p2a: Dragapult|spa|2
|
|-weather|Snowscape|[upkeep]
|-heal|p1a: Kingambit|40/100|[from] item: Leftovers
|upkeep
|turn|12
|
|t:|1779917258
|switch|p2a: Ogerpon|Ogerpon-Wellspring, F|12/100
|-damage|p2a: Ogerpon|0 fnt|[from] Stealth Rock
|faint|p2a: Ogerpon
|move|p1a: Kingambit|Kowtow Cleave|p2: Ogerpon|[notarget]
|-fail|p1a: Kingambit
|
|-weather|Snowscape|[upkeep]
|-heal|p1a: Kingambit|46/100|[from] item: Leftovers
|upkeep
|
|t:|1779917264
|switch|p2a: Glimmora|Glimmora, M|100/100
|-damage|p2a: Glimmora|88/100|[from] Stealth Rock
|turn|13
|
|t:|1779917266
|-terastallize|p2a: Glimmora|Steel
|move|p1a: Kingambit|Sucker Punch||[still]
|-fail|p1a: Kingambit
|move|p2a: Glimmora|Toxic|p1a: Kingambit
|-status|p1a: Kingambit|tox
|
|-weather|Snowscape|[upkeep]
|-heal|p2a: Glimmora|94/100|[from] item: Leftovers
|-heal|p1a: Kingambit|53/100 tox|[from] item: Leftovers
|-damage|p1a: Kingambit|46/100 tox|[from] psn
|upkeep
|turn|14
|
|t:|1779917270
|move|p1a: Kingambit|Sucker Punch||[still]
|-fail|p1a: Kingambit
|move|p2a: Glimmora|Substitute|p2a: Glimmora
|-start|p2a: Glimmora|Substitute
|-damage|p2a: Glimmora|69/100
|
|-weather|none
|-heal|p2a: Glimmora|76/100|[from] item: Leftovers
|-heal|p1a: Kingambit|53/100 tox|[from] item: Leftovers
|-damage|p1a: Kingambit|40/100 tox|[from] psn
|upkeep
|turn|15
|
|t:|1779917272
|move|p2a: Glimmora|Spiky Shield|p2a: Glimmora
|-singleturn|p2a: Glimmora|move: Protect
|move|p1a: Kingambit|Sucker Punch||[still]
|-fail|p1a: Kingambit
|
|-heal|p2a: Glimmora|82/100|[from] item: Leftovers
|-heal|p1a: Kingambit|46/100 tox|[from] item: Leftovers
|-damage|p1a: Kingambit|28/100 tox|[from] psn
|upkeep
|turn|16
|
|t:|1779917277
|move|p2a: Glimmora|Spiky Shield|p2a: Glimmora
|-singleturn|p2a: Glimmora|move: Protect
|move|p1a: Kingambit|Kowtow Cleave|p2a: Glimmora
|-activate|p2a: Glimmora|move: Protect
|-damage|p1a: Kingambit|15/100 tox|[from] Spiky Shield|[of] p2a: Glimmora
|
|-heal|p2a: Glimmora|88/100|[from] item: Leftovers
|-heal|p1a: Kingambit|21/100 tox|[from] item: Leftovers
|-damage|p1a: Kingambit|0 fnt|[from] psn
|faint|p1a: Kingambit
|-end|p1a: Kingambit|fallen1|[silent]
|upkeep
|
|t:|1779917282
|switch|p1a: Zapdos|Zapdos|100/100
|turn|17
|
|t:|1779917284
|move|p1a: Zapdos|Volt Switch|p2a: Glimmora
|-end|p2a: Glimmora|Substitute
|
|t:|1779917286
|switch|p1a: Electrode Sr.|Regieleki, tera:Electric|100/100|[from] Volt Switch
|move|p2a: Glimmora|Toxic|p1a: Electrode Sr.
|-status|p1a: Electrode Sr.|tox
|
|-heal|p2a: Glimmora|94/100|[from] item: Leftovers
|-damage|p1a: Electrode Sr.|95/100 tox|[from] psn
|upkeep
|turn|18
|
|t:|1779917291
|switch|p1a: Zapdos|Zapdos|100/100
|move|p2a: Glimmora|Spiky Shield||[still]
|-fail|p2a: Glimmora
|
|-heal|p2a: Glimmora|100/100|[from] item: Leftovers
|upkeep
|turn|19
|
|t:|1779917294
|move|p2a: Glimmora|Spiky Shield|p2a: Glimmora
|-singleturn|p2a: Glimmora|move: Protect
|move|p1a: Zapdos|Heat Wave|p2a: Glimmora
|-activate|p2a: Glimmora|move: Protect
|
|upkeep
|turn|20
|j| Leapon
|
|t:|1779917302
|move|p1a: Zapdos|Heat Wave|p2a: Glimmora
|-supereffective|p2a: Glimmora
|-damage|p2a: Glimmora|48/100
|move|p2a: Glimmora|Toxic|p1a: Zapdos
|-status|p1a: Zapdos|tox
|
|-heal|p2a: Glimmora|54/100|[from] item: Leftovers
|-damage|p1a: Zapdos|94/100 tox|[from] psn
|upkeep
|turn|21
|
|t:|1779917308
|switch|p1a: Electrode Sr.|Regieleki, tera:Electric|95/100 tox
|move|p2a: Glimmora|Spiky Shield||[still]
|-fail|p2a: Glimmora
|
|-heal|p2a: Glimmora|60/100|[from] item: Leftovers
|-damage|p1a: Electrode Sr.|89/100 tox|[from] psn
|upkeep
|turn|22
|
|t:|1779917310
|move|p2a: Glimmora|Spiky Shield|p2a: Glimmora
|-singleturn|p2a: Glimmora|move: Protect
|move|p1a: Electrode Sr.|Thunderbolt|p2a: Glimmora
|-activate|p2a: Glimmora|move: Protect
|
|-heal|p2a: Glimmora|67/100|[from] item: Leftovers
|-damage|p1a: Electrode Sr.|77/100 tox|[from] psn
|upkeep
|turn|23
|
|t:|1779917313
|move|p1a: Electrode Sr.|Thunderbolt|p2a: Glimmora
|-damage|p2a: Glimmora|10/100
|-status|p2a: Glimmora|par
|cant|p2a: Glimmora|par
|
|-heal|p2a: Glimmora|16/100 par|[from] item: Leftovers
|-damage|p1a: Electrode Sr.|59/100 tox|[from] psn
|upkeep
|turn|24
|
|t:|1779917318
|move|p2a: Glimmora|Spiky Shield|p2a: Glimmora
|-singleturn|p2a: Glimmora|move: Protect
|move|p1a: Electrode Sr.|Thunderbolt|p2a: Glimmora
|-activate|p2a: Glimmora|move: Protect
|
|-heal|p2a: Glimmora|22/100 par|[from] item: Leftovers
|-damage|p1a: Electrode Sr.|35/100 tox|[from] psn
|upkeep
|turn|25
|
|t:|1779917320
|cant|p2a: Glimmora|par
|move|p1a: Electrode Sr.|Volt Switch|p2a: Glimmora
|-damage|p2a: Glimmora|0 fnt
|faint|p2a: Glimmora
|
|t:|1779917324
|switch|p1a: Slowking|Slowking-Galar, F|70/100|[from] Volt Switch
|-damage|p1a: Slowking|57/100|[from] Stealth Rock
|
|upkeep
|
|t:|1779917331
|switch|p2a: Slowking|Slowking-Galar, F|34/100
|turn|26
|
|t:|1779917333
|-prepare|p2a: Slowking|Chilly Reception|[premajor]
|move|p2a: Slowking|Chilly Reception|p2a: Slowking
|-weather|Snowscape
|
|t:|1779917337
|switch|p2a: Dragapult|Dragapult, M|28/100|[from] Chilly Reception
|-damage|p2a: Dragapult|15/100|[from] Stealth Rock
|-prepare|p1a: Slowking|Chilly Reception|[premajor]
|move|p1a: Slowking|Chilly Reception|p1a: Slowking
|
|t:|1779917339
|switch|p1a: Electrode Sr.|Regieleki, tera:Electric|35/100 tox|[from] Chilly Reception
|
|-weather|Snowscape|[upkeep]
|-damage|p1a: Electrode Sr.|29/100 tox|[from] psn
|upkeep
|turn|27
|
|t:|1779917341
|switch|p2a: Slowking|Slowking-Galar, F|67/100
|move|p1a: Electrode Sr.|Volt Switch|p2a: Slowking
|-damage|p2a: Slowking|37/100
|
|t:|1779917343
|switch|p1a: Ogerpon|Ogerpon-Wellspring, F|100/100|[from] Volt Switch
|-damage|p1a: Ogerpon|88/100|[from] Stealth Rock
|
|-weather|Snowscape|[upkeep]
|upkeep
|turn|28
|
|t:|1779917345
|switch|p2a: Zamazenta|Zamazenta|100/100
|-damage|p2a: Zamazenta|94/100|[from] Stealth Rock
|-ability|p2a: Zamazenta|Dauntless Shield|boost
|-boost|p2a: Zamazenta|def|1
|move|p1a: Ogerpon|Ivy Cudgel|p2a: Zamazenta|[anim] Ivy Cudgel Water
|-damage|p2a: Zamazenta|65/100
|
|-weather|Snowscape|[upkeep]
|-heal|p2a: Zamazenta|71/100|[from] item: Leftovers
|upkeep
|turn|29
|
|t:|1779917349
|move|p2a: Zamazenta|Body Press|p1a: Ogerpon
|-damage|p1a: Ogerpon|24/100
|move|p1a: Ogerpon|U-turn|p2a: Zamazenta
|-resisted|p2a: Zamazenta
|-damage|p2a: Zamazenta|63/100
|
|t:|1779917351
|switch|p1a: Electrode Sr.|Regieleki, tera:Electric|29/100 tox|[from] U-turn
|
|-weather|Snowscape|[upkeep]
|-heal|p2a: Zamazenta|70/100|[from] item: Leftovers
|-damage|p1a: Electrode Sr.|23/100 tox|[from] psn
|upkeep
|turn|30
|
|t:|1779917353
|switch|p2a: Slowking|Slowking-Galar, F|70/100
|move|p1a: Electrode Sr.|Volt Switch|p2a: Slowking
|-damage|p2a: Slowking|40/100
|
|t:|1779917355
|switch|p1a: Ogerpon|Ogerpon-Wellspring, F|24/100|[from] Volt Switch
|-damage|p1a: Ogerpon|12/100|[from] Stealth Rock
|
|-weather|none
|upkeep
|turn|31
|
|t:|1779917358
|switch|p2a: Zamazenta|Zamazenta|70/100
|-damage|p2a: Zamazenta|63/100|[from] Stealth Rock
|move|p1a: Ogerpon|Ivy Cudgel|p2a: Zamazenta|[anim] Ivy Cudgel Water
|-damage|p2a: Zamazenta|19/100
|
|-heal|p2a: Zamazenta|25/100|[from] item: Leftovers
|upkeep
|turn|32
|
|t:|1779917361
|move|p2a: Zamazenta|Body Press|p1a: Ogerpon
|-damage|p1a: Ogerpon|0 fnt
|faint|p1a: Ogerpon
|
|-heal|p2a: Zamazenta|31/100|[from] item: Leftovers
|upkeep
|
|t:|1779917362
|switch|p1a: Electrode Sr.|Regieleki, tera:Electric|23/100 tox
|turn|33
|
|t:|1779917367
|switch|p2a: Slowking|Slowking-Galar, F|73/100
|move|p1a: Electrode Sr.|Electro Ball|p2a: Slowking
|-damage|p2a: Slowking|10/100
|
|-damage|p1a: Electrode Sr.|17/100 tox|[from] psn
|upkeep
|turn|34
|
|t:|1779917374
|switch|p2a: Zamazenta|Zamazenta|31/100
|-damage|p2a: Zamazenta|25/100|[from] Stealth Rock
|move|p1a: Electrode Sr.|Volt Switch|p2a: Zamazenta
|-damage|p2a: Zamazenta|0 fnt
|faint|p2a: Zamazenta
|
|t:|1779917377
|switch|p1a: Slowking|Slowking-Galar, F|91/100|[from] Volt Switch
|-damage|p1a: Slowking|78/100|[from] Stealth Rock
|
|upkeep
|
|t:|1779917379
|switch|p2a: Dragapult|Dragapult, M|15/100
|-damage|p2a: Dragapult|3/100|[from] Stealth Rock
|turn|35
|
|t:|1779917381
|move|p2a: Dragapult|Shadow Ball|p1a: Slowking
|-supereffective|p1a: Slowking
|-damage|p1a: Slowking|12/100
|-prepare|p1a: Slowking|Chilly Reception|[premajor]
|move|p1a: Slowking|Chilly Reception|p1a: Slowking
|-weather|Snowscape
|
|t:|1779917383
|switch|p1a: Electrode Sr.|Regieleki, tera:Electric|17/100 tox|[from] Chilly Reception
|
|-weather|Snowscape|[upkeep]
|-damage|p1a: Electrode Sr.|11/100 tox|[from] psn
|upkeep
|turn|36
|
|t:|1779917384
|switch|p2a: Slowking|Slowking-Galar, F|43/100
|move|p1a: Electrode Sr.|Thunderbolt|p2a: Slowking
|-damage|p2a: Slowking|6/100
|-status|p2a: Slowking|par
|
|-weather|Snowscape|[upkeep]
|-damage|p1a: Electrode Sr.|0 fnt|[from] psn
|faint|p1a: Electrode Sr.
|upkeep
|j| Almirante Matthew
|
|t:|1779917387
|switch|p1a: Zapdos|Zapdos|94/100 tox
|turn|37
|
|t:|1779917388
|move|p1a: Zapdos|Volt Switch|p2a: Slowking
|-damage|p2a: Slowking|0 fnt
|faint|p2a: Slowking
|
|t:|1779917390
|switch|p1a: Slowking|Slowking-Galar, F|45/100|[from] Volt Switch
|-damage|p1a: Slowking|33/100|[from] Stealth Rock
|
|-weather|Snowscape|[upkeep]
|upkeep
|
|t:|1779917391
|switch|p2a: Dragapult|Dragapult, M|3/100
|-damage|p2a: Dragapult|0 fnt|[from] Stealth Rock
|faint|p2a: Dragapult
|
|win|TechBuster
|n|☆TechBuster|techbuster
|n|☆Nyrkry|nyrkry
|n|*Lady Monita |ladymonita
|n| Atarialex|atarialex
|n| Leapon|leapon
|n| Almirante Matthew|almirantematthew
|c|☆Nyrkry|GG
|c|☆TechBuster|gg
|l|*Lady Monita 
|l|☆TechBuster
|player|p1|
|l|☆Nyrkry
|player|p2|
|l| Almirante Matthew
|l| Atarialex
|j|☆Nyrkry
|player|p2|Nyrkry|allister|
