|j|☆EliteShaymin
|j|☆claudechamp
|t:|1779832890
|gametype|singles
|player|p1|EliteShaymin|cyrus|1175
|player|p2|claudechamp|265|1243
|gen|9
|tier|[Gen 9] OU
|rated|
|rule|HP Percentage Mod: HP is shown in percentages
|rule|Endless Battle Clause: Forcing endless battles is banned
|rule|Species Clause: Limit one of each Pokémon
|rule|OHKO Clause: OHKO moves are banned
|rule|Evasion Items Clause: Evasion items are banned
|rule|Evasion Moves Clause: Evasion moves are banned
|rule|Evasion Abilities Clause: Evasion abilities are banned
|rule|Sleep Moves Clause: Sleep-inducing moves are banned
|clearpoke
|poke|p1|Dondozo, M|
|poke|p1|Slowking-Galar, M|
|poke|p1|Grimmsnarl, M|
|poke|p1|Forretress, M|
|poke|p1|Gholdengo|
|poke|p1|Great Tusk|
|poke|p2|Gliscor, F|
|poke|p2|Ogerpon, F|
|poke|p2|Walking Wake|
|poke|p2|Blissey, F|
|poke|p2|Corviknight, M|
|poke|p2|Pecharunt|
|teampreview
|inactive|Battle timer is ON: inactive players will automatically lose when time's up. (requested by EliteShaymin)
|c|☆claudechamp|hf
|
|t:|1779832898
|teamsize|p1|6
|teamsize|p2|6
|start
|switch|p1a: Grimmsnarl|Grimmsnarl, M, shiny|100/100
|switch|p2a: Gliscor|Gliscor, F|100/100
|turn|1
|inactive|claudechamp also wants the timer to be on.
|
|t:|1779832917
|move|p1a: Grimmsnarl|Reflect|p1a: Grimmsnarl
|-sidestart|p1: EliteShaymin|Reflect
|move|p2a: Gliscor|Spikes|p1a: Grimmsnarl
|-sidestart|p1: EliteShaymin|Spikes
|
|-status|p2a: Gliscor|tox|[from] item: Toxic Orb
|upkeep
|turn|2
|
|t:|1779832927
|move|p1a: Grimmsnarl|Reflect||[still]
|-fail|p1a: Grimmsnarl
|move|p2a: Gliscor|Spikes|p1a: Grimmsnarl
|-sidestart|p1: EliteShaymin|Spikes
|
|upkeep
|turn|3
|
|t:|1779832935
|move|p1a: Grimmsnarl|Parting Shot|p2a: Gliscor
|-unboost|p2a: Gliscor|atk|1
|-unboost|p2a: Gliscor|spa|1
|
|t:|1779832942
|switch|p1a: Forretress|Forretress, M, shiny|100/100|[from] Parting Shot
|-damage|p1a: Forretress|84/100|[from] Spikes
|move|p2a: Gliscor|Spikes|p1a: Forretress
|-sidestart|p1: EliteShaymin|Spikes
|
|-heal|p1a: Forretress|90/100|[from] item: Leftovers
|upkeep
|turn|4
|
|t:|1779832947
|switch|p2a: Pecharunt|Pecharunt|100/100
|move|p1a: Forretress|Stealth Rock|p2a: Pecharunt
|-sidestart|p2: claudechamp|move: Stealth Rock
|
|-heal|p1a: Forretress|96/100|[from] item: Leftovers
|upkeep
|turn|5
|
|t:|1779832951
|move|p2a: Pecharunt|Foul Play|p1a: Forretress
|-damage|p1a: Forretress|89/100
|move|p1a: Forretress|Toxic Spikes|p2a: Pecharunt
|-sidestart|p2: claudechamp|move: Toxic Spikes
|
|-heal|p1a: Forretress|95/100|[from] item: Leftovers
|upkeep
|turn|6
|
|t:|1779832956
|switch|p2a: Blissey|Blissey, F|100/100
|move|p1a: Forretress|Toxic Spikes|p2a: Blissey
|-sidestart|p2: claudechamp|move: Toxic Spikes
|
|-heal|p1a: Forretress|100/100|[from] item: Leftovers
|upkeep
|turn|7
|
|t:|1779832964
|move|p2a: Blissey|Stealth Rock|p1a: Forretress
|-sidestart|p1: EliteShaymin|move: Stealth Rock
|move|p1a: Forretress|Spikes|p2a: Blissey
|-sidestart|p2: claudechamp|Spikes
|
|upkeep
|turn|8
|
|t:|1779832968
|switch|p2a: Walking Wake|Walking Wake|100/100
|move|p1a: Forretress|Spikes|p2a: Walking Wake
|-sidestart|p2: claudechamp|Spikes
|
|-sideend|p1: EliteShaymin|Reflect
|upkeep
|turn|9
|
|t:|1779832972
|move|p2a: Walking Wake|Surf|p1a: Forretress
|-damage|p1a: Forretress|59/100
|move|p1a: Forretress|Spikes|p2a: Walking Wake
|-sidestart|p2: claudechamp|Spikes
|
|-heal|p1a: Forretress|65/100|[from] item: Leftovers
|upkeep
|turn|10
|
|t:|1779832976
|move|p2a: Walking Wake|Surf|p1a: Forretress
|-damage|p1a: Forretress|23/100
|move|p1a: Forretress|Explosion|p2a: Walking Wake
|-damage|p2a: Walking Wake|44/100
|faint|p1a: Forretress
|
|upkeep
|
|t:|1779832983
|switch|p1a: Grimmsnarl|Grimmsnarl, M, shiny|100/100
|-damage|p1a: Grimmsnarl|76/100|[from] Spikes
|-damage|p1a: Grimmsnarl|63/100|[from] Stealth Rock
|turn|11
|
|t:|1779832986
|move|p1a: Grimmsnarl|Light Screen|p1a: Grimmsnarl
|-sidestart|p1: EliteShaymin|move: Light Screen
|move|p2a: Walking Wake|Surf|p1a: Grimmsnarl
|-damage|p1a: Grimmsnarl|47/100
|
|upkeep
|turn|12
|
|t:|1779832990
|move|p1a: Grimmsnarl|Reflect|p1a: Grimmsnarl
|-sidestart|p1: EliteShaymin|Reflect
|move|p2a: Walking Wake|Surf|p1a: Grimmsnarl
|-damage|p1a: Grimmsnarl|32/100
|
|upkeep
|turn|13
|
|t:|1779832993
|move|p1a: Grimmsnarl|Parting Shot|p2a: Walking Wake
|-unboost|p2a: Walking Wake|atk|1
|-unboost|p2a: Walking Wake|spa|1
|
|t:|1779832998
|switch|p1a: Great Tusk|Great Tusk|100/100|[from] Parting Shot
|-damage|p1a: Great Tusk|76/100|[from] Spikes
|-damage|p1a: Great Tusk|73/100|[from] Stealth Rock
|-enditem|p1a: Great Tusk|Booster Energy
|-activate|p1a: Great Tusk|ability: Protosynthesis|[fromitem]
|-start|p1a: Great Tusk|protosynthesisatk
|move|p2a: Walking Wake|Surf|p1a: Great Tusk
|-supereffective|p1a: Great Tusk
|-damage|p1a: Great Tusk|45/100
|
|upkeep
|turn|14
|
|t:|1779833008
|-terastallize|p1a: Great Tusk|Steel
|move|p2a: Walking Wake|Surf|p1a: Great Tusk
|-damage|p1a: Great Tusk|32/100
|move|p1a: Great Tusk|Rapid Spin|p2a: Walking Wake
|-damage|p2a: Walking Wake|23/100
|-boost|p1a: Great Tusk|spe|1
|-sideend|p1: EliteShaymin|Spikes|[from] move: Rapid Spin|[of] p1a: Great Tusk
|-sideend|p1: EliteShaymin|Stealth Rock|[from] move: Rapid Spin|[of] p1a: Great Tusk
|
|upkeep
|turn|15
|
|t:|1779833019
|move|p2a: Walking Wake|Draco Meteor|p1a: Great Tusk
|-resisted|p1a: Great Tusk
|-damage|p1a: Great Tusk|23/100
|-unboost|p2a: Walking Wake|spa|2
|move|p1a: Great Tusk|Rapid Spin|p2a: Walking Wake
|-damage|p2a: Walking Wake|3/100
|-boost|p1a: Great Tusk|spe|1
|
|upkeep
|turn|16
|
|t:|1779833027
|move|p1a: Great Tusk|Bulk Up|p1a: Great Tusk
|-boost|p1a: Great Tusk|atk|1
|-boost|p1a: Great Tusk|def|1
|move|p2a: Walking Wake|Draco Meteor|p1a: Great Tusk
|-resisted|p1a: Great Tusk
|-damage|p1a: Great Tusk|17/100
|-unboost|p2a: Walking Wake|spa|2
|
|upkeep
|turn|17
|
|t:|1779833032
|-end|p2a: Walking Wake|Protosynthesis|[silent]
|switch|p2a: Corviknight|Corviknight, M|100/100
|-ability|p2a: Corviknight|Pressure
|move|p1a: Great Tusk|Bulk Up|p1a: Great Tusk
|-boost|p1a: Great Tusk|atk|1
|-boost|p1a: Great Tusk|def|1
|
|upkeep
|turn|18
|
|t:|1779833060
|move|p1a: Great Tusk|Knock Off|p2a: Corviknight
|-damage|p2a: Corviknight|54/100
|-enditem|p2a: Corviknight|Heavy-Duty Boots|[from] move: Knock Off|[of] p1a: Great Tusk
|move|p2a: Corviknight|Body Press|p1a: Great Tusk
|-supereffective|p1a: Great Tusk
|-damage|p1a: Great Tusk|9/100
|
|-sideend|p1: EliteShaymin|move: Light Screen
|upkeep
|turn|19
|
|t:|1779833069
|move|p1a: Great Tusk|Bulk Up|p1a: Great Tusk
|-boost|p1a: Great Tusk|atk|1
|-boost|p1a: Great Tusk|def|1
|move|p2a: Corviknight|Body Press|p1a: Great Tusk
|-supereffective|p1a: Great Tusk
|-damage|p1a: Great Tusk|3/100
|
|-sideend|p1: EliteShaymin|Reflect
|upkeep
|turn|20
|
|t:|1779833075
|move|p1a: Great Tusk|Knock Off|p2a: Corviknight
|-damage|p2a: Corviknight|14/100
|move|p2a: Corviknight|Body Press|p1a: Great Tusk
|-supereffective|p1a: Great Tusk
|-damage|p1a: Great Tusk|0 fnt
|faint|p1a: Great Tusk
|-end|p1a: Great Tusk|Protosynthesis|[silent]
|
|upkeep
|
|t:|1779833088
|switch|p1a: Grimmsnarl|Grimmsnarl, M, shiny|32/100
|turn|21
|
|t:|1779833096
|move|p1a: Grimmsnarl|Reflect|p1a: Grimmsnarl
|-sidestart|p1: EliteShaymin|Reflect
|move|p2a: Corviknight|Roost|p2a: Corviknight
|-heal|p2a: Corviknight|64/100
|-singleturn|p2a: Corviknight|move: Roost
|
|upkeep
|turn|22
|
|t:|1779833107
|move|p1a: Grimmsnarl|Light Screen|p1a: Grimmsnarl
|-sidestart|p1: EliteShaymin|move: Light Screen
|move|p2a: Corviknight|Roost|p2a: Corviknight
|-heal|p2a: Corviknight|100/100
|-singleturn|p2a: Corviknight|move: Roost
|
|upkeep
|turn|23
|inactive|EliteShaymin has 120 seconds left.
|
|t:|1779833166
|move|p1a: Grimmsnarl|Parting Shot|p2a: Corviknight
|-unboost|p2a: Corviknight|atk|1
|-unboost|p2a: Corviknight|spa|1
|
|t:|1779833173
|switch|p1a: Gholdengo|Gholdengo|100/100|[from] Parting Shot
|move|p2a: Corviknight|Thief|p1a: Gholdengo
|-supereffective|p1a: Gholdengo
|-damage|p1a: Gholdengo|90/100
|-enditem|p1a: Gholdengo|Choice Specs|[silent]|[from] move: Thief|[of] p2a: Corviknight
|-item|p2a: Corviknight|Choice Specs|[from] move: Thief|[of] p1a: Gholdengo
|
|upkeep
|turn|24
|
|t:|1779833186
|switch|p2a: Ogerpon|Ogerpon, F|100/100
|move|p1a: Gholdengo|Thunderbolt|p2a: Ogerpon
|-resisted|p2a: Ogerpon
|-damage|p2a: Ogerpon|79/100
|-status|p2a: Ogerpon|par
|
|upkeep
|turn|25
|inactive|EliteShaymin has 90 seconds left.
|inactive|EliteShaymin has 60 seconds left.
|inactive|EliteShaymin has 30 seconds left.
|inactive|EliteShaymin has 20 seconds left.
|inactive|EliteShaymin has 15 seconds left.
|inactive|EliteShaymin has 10 seconds left.
|inactive|EliteShaymin has 5 seconds left.
|-message|EliteShaymin lost due to inactivity.
|
|win|claudechamp
|raw|EliteShaymin's rating: 1175 &rarr; <strong>1158</strong><br />(-17 for losing)
|raw|claudechamp's rating: 1286 &rarr; <strong>1303</strong><br />(+17 for winning)
|c|☆claudechamp|gg
