|j|☆assoumoulorenzo
|j|☆claudechamp
|t:|1779799636
|gametype|singles
|player|p1|assoumoulorenzo|unknown|1257
|player|p2|claudechamp|265|1257
|gen|9
|tier|[Gen 9] OU
|rated|
|rule|HP Percentage Mod: HP is shown in percentages
|rule|Endless Battle Clause: Forcing endless battles is banned
|rule|Species Clause: Limit one of each Pokémon
|rule|OHKO Clause: OHKO moves are banned
|rule|Evasion Items Clause: Evasion items are banned
|rule|Evasion Moves Clause: Evasion moves are banned
|rule|Evasion Abilities Clause: Evasion abilities are banned
|rule|Sleep Moves Clause: Sleep-inducing moves are banned
|clearpoke
|poke|p1|Zamazenta-*|
|poke|p1|Slowking-Galar, F|
|poke|p1|Great Tusk|
|poke|p1|Dragapult, M|
|poke|p1|Zapdos|
|poke|p1|Kingambit, M|
|poke|p2|Corviknight, M|
|poke|p2|Ting-Lu|
|poke|p2|Kyurem|
|poke|p2|Dondozo, F|
|poke|p2|Slowking-Galar, M|
|poke|p2|Cinderace, M|
|teampreview
|c|☆claudechamp|hf
|inactive|Battle timer is ON: inactive players will automatically lose when time's up. (requested by claudechamp)
|
|t:|1779799653
|teamsize|p1|6
|teamsize|p2|6
|start
|switch|p1a: Great Tusk|Great Tusk|100/100
|switch|p2a: Cinderace|Cinderace, M|100/100
|turn|1
|
|t:|1779799669
|move|p2a: Cinderace|Will-O-Wisp|p1a: Great Tusk
|-status|p1a: Great Tusk|brn
|move|p1a: Great Tusk|Stealth Rock|p2a: Cinderace
|-sidestart|p2: claudechamp|move: Stealth Rock
|
|-damage|p1a: Great Tusk|94/100 brn|[from] brn
|upkeep
|turn|2
|
|t:|1779799679
|move|p2a: Cinderace|Court Change|p2a: Cinderace
|-swapsideconditions
|-activate|p2a: Cinderace|move: Court Change
|move|p1a: Great Tusk|Headlong Rush|p2a: Cinderace
|-supereffective|p2a: Cinderace
|-damage|p2a: Cinderace|39/100
|-unboost|p1a: Great Tusk|def|1
|-unboost|p1a: Great Tusk|spd|1
|
|-damage|p1a: Great Tusk|88/100 brn|[from] brn
|upkeep
|turn|3
|
|t:|1779799693
|switch|p2a: Kyurem|Kyurem|100/100
|-ability|p2a: Kyurem|Pressure
|-end|p1a: Great Tusk|Protosynthesis|[silent]
|switch|p1a: Zamazenta|Zamazenta|100/100
|-ability|p1a: Zamazenta|Dauntless Shield|boost
|-boost|p1a: Zamazenta|def|1
|
|upkeep
|turn|4
|
|t:|1779799702
|move|p1a: Zamazenta|Close Combat|p2a: Kyurem
|-supereffective|p2a: Kyurem
|-damage|p2a: Kyurem|0 fnt
|-unboost|p1a: Zamazenta|def|1
|-unboost|p1a: Zamazenta|spd|1
|faint|p2a: Kyurem
|
|upkeep
|
|t:|1779799705
|switch|p2a: Slowking|Slowking-Galar, M|100/100
|turn|5
|
|t:|1779799711
|switch|p1a: Great Tusk|Great Tusk|88/100 brn
|-damage|p1a: Great Tusk|85/100 brn|[from] Stealth Rock
|move|p2a: Slowking|Ice Beam|p1a: Great Tusk
|-supereffective|p1a: Great Tusk
|-damage|p1a: Great Tusk|25/100 brn
|
|-damage|p1a: Great Tusk|19/100 brn|[from] brn
|upkeep
|turn|6
|
|t:|1779799720
|move|p1a: Great Tusk|Rapid Spin|p2a: Slowking
|-damage|p2a: Slowking|95/100
|-boost|p1a: Great Tusk|spe|1
|-sideend|p1: assoumoulorenzo|Stealth Rock|[from] move: Rapid Spin|[of] p1a: Great Tusk
|move|p2a: Slowking|Ice Beam|p1a: Great Tusk
|-supereffective|p1a: Great Tusk
|-damage|p1a: Great Tusk|0 fnt
|faint|p1a: Great Tusk
|-end|p1a: Great Tusk|Protosynthesis|[silent]
|
|upkeep
|
|t:|1779799728
|switch|p1a: Dragapult|Dragapult, M|100/100
|turn|7
|
|t:|1779799743
|-terastallize|p1a: Dragapult|Fairy
|move|p1a: Dragapult|Will-O-Wisp|p2a: Slowking
|-status|p2a: Slowking|brn
|move|p2a: Slowking|Future Sight|p1a: Dragapult
|-start|p2a: Slowking|move: Future Sight
|
|-damage|p2a: Slowking|89/100 brn|[from] brn
|upkeep
|turn|8
|
|t:|1779799752
|switch|p2a: Cinderace|Cinderace, M|39/100
|move|p1a: Dragapult|Hex|p2a: Cinderace
|-damage|p2a: Cinderace|4/100
|
|upkeep
|turn|9
|
|t:|1779799765
|switch|p2a: Ting-Lu|Ting-Lu|100/100
|-ability|p2a: Ting-Lu|Vessel of Ruin
|move|p1a: Dragapult|Dragon Darts|p2a: Ting-Lu
|-damage|p2a: Ting-Lu|88/100
|-anim|p1a: Dragapult|Dragon Darts|p2a: Ting-Lu
|-damage|p2a: Ting-Lu|77/100
|
|-end|p1a: Dragapult|move: Future Sight
|-damage|p1a: Dragapult|48/100
|-heal|p2a: Ting-Lu|83/100|[from] item: Leftovers
|upkeep
|turn|10
|
|t:|1779799781
|switch|p1a: Zamazenta|Zamazenta|100/100
|move|p2a: Ting-Lu|Earthquake|p1a: Zamazenta
|-damage|p1a: Zamazenta|63/100
|
|-heal|p2a: Ting-Lu|89/100|[from] item: Leftovers
|upkeep
|turn|11
|
|t:|1779799791
|-terastallize|p2a: Ting-Lu|Water
|move|p1a: Zamazenta|Close Combat|p2a: Ting-Lu
|-damage|p2a: Ting-Lu|54/100
|-unboost|p1a: Zamazenta|def|1
|-unboost|p1a: Zamazenta|spd|1
|move|p2a: Ting-Lu|Earthquake|p1a: Zamazenta
|-damage|p1a: Zamazenta|12/100
|
|-heal|p2a: Ting-Lu|60/100|[from] item: Leftovers
|upkeep
|turn|12
|
|t:|1779799805
|switch|p1a: Zapdos|Zapdos|100/100
|move|p2a: Ting-Lu|Earthquake|p1a: Zapdos
|-immune|p1a: Zapdos
|
|-heal|p2a: Ting-Lu|67/100|[from] item: Leftovers
|upkeep
|turn|13
|
|t:|1779799815
|switch|p2a: Slowking|Slowking-Galar, M|100/100 brn
|move|p1a: Zapdos|Discharge|p2a: Slowking
|-damage|p2a: Slowking|73/100 brn
|
|-damage|p2a: Slowking|67/100 brn|[from] brn
|upkeep
|turn|14
|
|t:|1779799825
|move|p1a: Zapdos|Hurricane|p2a: Slowking
|-damage|p2a: Slowking|32/100 brn
|-start|p2a: Slowking|confusion
|-activate|p2a: Slowking|confusion
|move|p2a: Slowking|Ice Beam|p1a: Zapdos
|-supereffective|p1a: Zapdos
|-damage|p1a: Zapdos|54/100
|
|-damage|p2a: Slowking|26/100 brn|[from] brn
|upkeep
|turn|15
|
|t:|1779799834
|switch|p2a: Ting-Lu|Ting-Lu, tera:Water|67/100
|-ability|p2a: Ting-Lu|Vessel of Ruin
|move|p1a: Zapdos|Discharge|p2a: Ting-Lu
|-supereffective|p2a: Ting-Lu
|-damage|p2a: Ting-Lu|40/100
|
|-heal|p2a: Ting-Lu|46/100|[from] item: Leftovers
|upkeep
|turn|16
|
|t:|1779799849
|switch|p1a: Slowking|Slowking-Galar, F|100/100
|move|p2a: Ting-Lu|Rest|p2a: Ting-Lu
|-status|p2a: Ting-Lu|slp|[from] move: Rest
|-heal|p2a: Ting-Lu|100/100 slp|[silent]
|
|upkeep
|turn|17
|
|t:|1779799857
|cant|p2a: Ting-Lu|slp
|move|p2a: Ting-Lu|Sleep Talk|p2a: Ting-Lu
|move|p2a: Ting-Lu|Earthquake|p1a: Slowking|[from] move: Sleep Talk
|-supereffective|p1a: Slowking
|-damage|p1a: Slowking|25/100
|move|p1a: Slowking|Future Sight|p2a: Ting-Lu
|-start|p1a: Slowking|move: Future Sight
|
|upkeep
|turn|18
|
|t:|1779799872
|switch|p1a: Zapdos|Zapdos|54/100
|cant|p2a: Ting-Lu|slp
|move|p2a: Ting-Lu|Sleep Talk|p2a: Ting-Lu
|move|p2a: Ting-Lu|Earthquake|p1a: Zapdos|[from] move: Sleep Talk
|-immune|p1a: Zapdos
|
|upkeep
|turn|19
|
|t:|1779799885
|move|p1a: Zapdos|Discharge|p2a: Ting-Lu
|-supereffective|p2a: Ting-Lu
|-damage|p2a: Ting-Lu|71/100 slp
|-curestatus|p2a: Ting-Lu|slp|[msg]
|move|p2a: Ting-Lu|Payback|p1a: Zapdos
|-damage|p1a: Zapdos|27/100
|
|-end|p2a: Ting-Lu|move: Future Sight
|-damage|p2a: Ting-Lu|47/100
|-heal|p2a: Ting-Lu|53/100|[from] item: Leftovers
|upkeep
|turn|20
|
|t:|1779799899
|move|p1a: Zapdos|Roost|p1a: Zapdos
|-heal|p1a: Zapdos|77/100
|-singleturn|p1a: Zapdos|move: Roost
|move|p2a: Ting-Lu|Payback|p1a: Zapdos
|-damage|p1a: Zapdos|50/100
|
|-heal|p2a: Ting-Lu|59/100|[from] item: Leftovers
|upkeep
|turn|21
|
|t:|1779799909
|move|p1a: Zapdos|Roost|p1a: Zapdos
|-heal|p1a: Zapdos|99/100
|-singleturn|p1a: Zapdos|move: Roost
|move|p2a: Ting-Lu|Rest|p2a: Ting-Lu
|-status|p2a: Ting-Lu|slp|[from] move: Rest
|-heal|p2a: Ting-Lu|100/100 slp|[silent]
|
|upkeep
|turn|22
|
|t:|1779799923
|move|p1a: Zapdos|Discharge|p2a: Ting-Lu
|-supereffective|p2a: Ting-Lu
|-damage|p2a: Ting-Lu|71/100 slp
|cant|p2a: Ting-Lu|slp
|move|p2a: Ting-Lu|Sleep Talk|p2a: Ting-Lu
|move|p2a: Ting-Lu|Earthquake|p1a: Zapdos|[from] move: Sleep Talk
|-immune|p1a: Zapdos
|
|-heal|p2a: Ting-Lu|78/100 slp|[from] item: Leftovers
|upkeep
|turn|23
|
|t:|1779799937
|move|p1a: Zapdos|Discharge|p2a: Ting-Lu
|-supereffective|p2a: Ting-Lu
|-damage|p2a: Ting-Lu|50/100 slp
|cant|p2a: Ting-Lu|slp
|
|-heal|p2a: Ting-Lu|57/100 slp|[from] item: Leftovers
|upkeep
|turn|24
|
|t:|1779799944
|move|p1a: Zapdos|Discharge|p2a: Ting-Lu
|-supereffective|p2a: Ting-Lu
|-damage|p2a: Ting-Lu|27/100 slp
|-curestatus|p2a: Ting-Lu|slp|[msg]
|move|p2a: Ting-Lu|Payback|p1a: Zapdos
|-damage|p1a: Zapdos|76/100
|-status|p2a: Ting-Lu|par|[from] ability: Static|[of] p1a: Zapdos
|
|-heal|p2a: Ting-Lu|34/100 par|[from] item: Leftovers
|upkeep
|turn|25
|
|t:|1779799954
|move|p1a: Zapdos|Discharge|p2a: Ting-Lu
|-supereffective|p2a: Ting-Lu
|-crit|p2a: Ting-Lu
|-damage|p2a: Ting-Lu|0 fnt
|faint|p2a: Ting-Lu
|
|upkeep
|
|t:|1779799964
|switch|p2a: Slowking|Slowking-Galar, M|59/100 brn
|turn|26
|
|t:|1779799977
|move|p1a: Zapdos|U-turn|p2a: Slowking
|-damage|p2a: Slowking|50/100 brn
|
|t:|1779799981
|switch|p1a: Kingambit|Kingambit, M|100/100|[from] U-turn
|-activate|p1a: Kingambit|ability: Supreme Overlord
|-start|p1a: Kingambit|fallen1|[silent]
|-prepare|p2a: Slowking|Chilly Reception|[premajor]
|move|p2a: Slowking|Chilly Reception|p2a: Slowking
|-weather|Snowscape
|
|t:|1779799995
|switch|p2a: Cinderace|Cinderace, M|4/100|[from] Chilly Reception
|
|-weather|Snowscape|[upkeep]
|upkeep
|turn|27
|
|t:|1779800016
|-end|p1a: Kingambit|fallen1|[silent]
|switch|p1a: Dragapult|Dragapult, M, tera:Fairy|48/100
|move|p2a: Cinderace|Pyro Ball|p1a: Dragapult
|-damage|p1a: Dragapult|0 fnt
|faint|p1a: Dragapult
|
|-weather|Snowscape|[upkeep]
|upkeep
|
|t:|1779800024
|switch|p1a: Kingambit|Kingambit, M|100/100
|-activate|p1a: Kingambit|ability: Supreme Overlord
|-start|p1a: Kingambit|fallen2|[silent]
|turn|28
|
|t:|1779800040
|move|p1a: Kingambit|Sucker Punch|p2a: Cinderace
|-damage|p2a: Cinderace|0 fnt
|faint|p2a: Cinderace
|
|-weather|Snowscape|[upkeep]
|upkeep
|
|t:|1779800052
|switch|p2a: Slowking|Slowking-Galar, M|83/100 brn
|turn|29
|inactive|claudechamp has 120 seconds left.
|
|t:|1779800073
|move|p1a: Kingambit|Kowtow Cleave|p2a: Slowking
|-supereffective|p2a: Slowking
|-damage|p2a: Slowking|0 fnt
|faint|p2a: Slowking
|
|-weather|Snowscape|[upkeep]
|upkeep
|inactive|claudechamp has 120 seconds left.
|
|t:|1779800079
|switch|p2a: Dondozo|Dondozo, F|100/100
|turn|30
|inactive|claudechamp has 120 seconds left.
|
|t:|1779800094
|-end|p1a: Kingambit|fallen2|[silent]
|switch|p1a: Zapdos|Zapdos|76/100
|move|p2a: Dondozo|Curse|p2a: Dondozo
|-unboost|p2a: Dondozo|spe|1
|-boost|p2a: Dondozo|atk|1
|-boost|p2a: Dondozo|def|1
|
|-weather|none
|upkeep
|turn|31
|inactive|claudechamp has 120 seconds left.
|
|t:|1779800109
|move|p1a: Zapdos|Discharge|p2a: Dondozo
|-supereffective|p2a: Dondozo
|-damage|p2a: Dondozo|60/100
|move|p2a: Dondozo|Waterfall|p1a: Zapdos
|-damage|p1a: Zapdos|48/100
|
|-heal|p2a: Dondozo|66/100|[from] item: Leftovers
|upkeep
|turn|32
|inactive|claudechamp has 120 seconds left.
|
|t:|1779800124
|move|p1a: Zapdos|Roost|p1a: Zapdos
|-heal|p1a: Zapdos|98/100
|-singleturn|p1a: Zapdos|move: Roost
|move|p2a: Dondozo|Waterfall|p1a: Zapdos
|-damage|p1a: Zapdos|67/100
|
|-heal|p2a: Dondozo|72/100|[from] item: Leftovers
|upkeep
|turn|33
|
|t:|1779800140
|move|p1a: Zapdos|Discharge|p2a: Dondozo
|-supereffective|p2a: Dondozo
|-damage|p2a: Dondozo|32/100
|move|p2a: Dondozo|Rest|p2a: Dondozo
|-status|p2a: Dondozo|slp|[from] move: Rest
|-heal|p2a: Dondozo|100/100 slp|[silent]
|
|upkeep
|turn|34
|
|t:|1779800156
|move|p1a: Zapdos|Roost|p1a: Zapdos
|-heal|p1a: Zapdos|100/100
|-singleturn|p1a: Zapdos|move: Roost
|cant|p2a: Dondozo|slp
|
|upkeep
|turn|35
|
|t:|1779800172
|move|p1a: Zapdos|Discharge|p2a: Dondozo
|-supereffective|p2a: Dondozo
|-damage|p2a: Dondozo|56/100 slp
|cant|p2a: Dondozo|slp
|
|-heal|p2a: Dondozo|63/100 slp|[from] item: Leftovers
|upkeep
|turn|36
|
|t:|1779800184
|move|p1a: Zapdos|Discharge|p2a: Dondozo
|-supereffective|p2a: Dondozo
|-damage|p2a: Dondozo|18/100 slp
|-curestatus|p2a: Dondozo|slp|[msg]
|move|p2a: Dondozo|Rest|p2a: Dondozo
|-status|p2a: Dondozo|slp|[from] move: Rest
|-heal|p2a: Dondozo|100/100 slp|[silent]
|
|upkeep
|turn|37
|inactive|claudechamp has 90 seconds left.
|c|☆assoumoulorenzo|stall
|
|t:|1779800203
|move|p1a: Zapdos|Discharge|p2a: Dondozo
|-supereffective|p2a: Dondozo
|-crit|p2a: Dondozo
|-damage|p2a: Dondozo|38/100 slp
|cant|p2a: Dondozo|slp
|
|-heal|p2a: Dondozo|44/100 slp|[from] item: Leftovers
|upkeep
|turn|38
|inactive|claudechamp has 90 seconds left.
|
|t:|1779800216
|move|p1a: Zapdos|Discharge|p2a: Dondozo
|-supereffective|p2a: Dondozo
|-damage|p2a: Dondozo|4/100 slp
|cant|p2a: Dondozo|slp
|
|-heal|p2a: Dondozo|10/100 slp|[from] item: Leftovers
|upkeep
|turn|39
|inactive|claudechamp has 90 seconds left.
|
|t:|1779800234
|switch|p2a: Corviknight|Corviknight, M|100/100
|-ability|p2a: Corviknight|Pressure
|move|p1a: Zapdos|Discharge|p2a: Corviknight
|-supereffective|p2a: Corviknight
|-damage|p2a: Corviknight|40/100
|
|upkeep
|turn|40
|inactive|claudechamp has 90 seconds left.
|
|t:|1779800249
|move|p1a: Zapdos|Discharge|p2a: Corviknight
|-supereffective|p2a: Corviknight
|-damage|p2a: Corviknight|0 fnt
|faint|p2a: Corviknight
|
|upkeep
|
|t:|1779800259
|switch|p2a: Dondozo|Dondozo, F|10/100 slp
|turn|41
|inactive|claudechamp has 90 seconds left.
|
|t:|1779800268
|move|p1a: Zapdos|Discharge|p2a: Dondozo
|-supereffective|p2a: Dondozo
|-damage|p2a: Dondozo|0 fnt
|faint|p2a: Dondozo
|
|win|assoumoulorenzo
|raw|assoumoulorenzo's rating: 1257 &rarr; <strong>1280</strong><br />(+23 for winning)
|raw|claudechamp's rating: 1235 &rarr; <strong>1212</strong><br />(-23 for losing)
|c|☆claudechamp|gg
