|j|☆Giorno1644
|j|☆NeverUsedThisTeam
|t:|1779809040
|gametype|singles
|player|p1|Giorno1644|cynthia|1059
|player|p2|NeverUsedThisTeam|richboy-gen4|1099
|gen|9
|tier|[Gen 9] OU
|rated|
|rule|HP Percentage Mod: HP is shown in percentages
|rule|Endless Battle Clause: Forcing endless battles is banned
|rule|Species Clause: Limit one of each Pokémon
|rule|OHKO Clause: OHKO moves are banned
|rule|Evasion Items Clause: Evasion items are banned
|rule|Evasion Moves Clause: Evasion moves are banned
|rule|Evasion Abilities Clause: Evasion abilities are banned
|rule|Sleep Moves Clause: Sleep-inducing moves are banned
|clearpoke
|poke|p1|Cinderace, M|
|poke|p1|Mimikyu, F|
|poke|p1|Raging Bolt|
|poke|p1|Talonflame, F|
|poke|p1|Inteleon, M|
|poke|p1|Samurott-Hisui, M|
|poke|p2|Leavanny, M|
|poke|p2|Blaziken, M|
|poke|p2|Quaquaval, M|
|poke|p2|Dragapult, F|
|poke|p2|Ting-Lu|
|poke|p2|Corviknight, M|
|teampreview
|inactive|Battle timer is ON: inactive players will automatically lose when time's up. (requested by Giorno1644)
|
|t:|1779809045
|teamsize|p1|6
|teamsize|p2|6
|start
|switch|p1a: Cinderace|Cinderace, M, shiny|100/100
|switch|p2a: Dragapult|Dragapult, F|100/100
|turn|1
|
|t:|1779809053
|move|p2a: Dragapult|Dragon Darts|p1a: Cinderace
|-damage|p1a: Cinderace|49/100
|-anim|p2a: Dragapult|Dragon Darts|p1a: Cinderace
|-damage|p1a: Cinderace|0 fnt
|faint|p1a: Cinderace
|
|upkeep
|
|t:|1779809059
|switch|p1a: Mimikyu|Mimikyu, F, shiny|100/100
|turn|2
|
|t:|1779809067
|switch|p2a: Corviknight|Corviknight, M|100/100
|-ability|p2a: Corviknight|Pressure
|move|p1a: Mimikyu|Swords Dance|p1a: Mimikyu
|-boost|p1a: Mimikyu|atk|2
|
|upkeep
|turn|3
|
|t:|1779809071
|switch|p1a: Raging Bolt|Raging Bolt|100/100
|-enditem|p1a: Raging Bolt|Booster Energy
|-activate|p1a: Raging Bolt|ability: Protosynthesis|[fromitem]
|-start|p1a: Raging Bolt|protosynthesisspa
|move|p2a: Corviknight|Brave Bird|p1a: Raging Bolt
|-resisted|p1a: Raging Bolt
|-damage|p1a: Raging Bolt|85/100
|-damage|p2a: Corviknight|95/100|[from] Recoil
|
|upkeep
|turn|4
|
|t:|1779809081
|switch|p2a: Ting-Lu|Ting-Lu|100/100
|-ability|p2a: Ting-Lu|Vessel of Ruin
|move|p1a: Raging Bolt|Calm Mind|p1a: Raging Bolt
|-boost|p1a: Raging Bolt|spa|1
|-boost|p1a: Raging Bolt|spd|1
|
|upkeep
|turn|5
|
|t:|1779809090
|move|p1a: Raging Bolt|Draco Meteor|p2a: Ting-Lu
|-damage|p2a: Ting-Lu|41/100
|-unboost|p1a: Raging Bolt|spa|2
|move|p2a: Ting-Lu|Stealth Rock|p1a: Raging Bolt
|-sidestart|p1: Giorno1644|move: Stealth Rock
|
|-heal|p2a: Ting-Lu|47/100|[from] item: Leftovers
|upkeep
|turn|6
|
|t:|1779809098
|move|p1a: Raging Bolt|Calm Mind|p1a: Raging Bolt
|-boost|p1a: Raging Bolt|spa|1
|-boost|p1a: Raging Bolt|spd|1
|move|p2a: Ting-Lu|Earthquake|p1a: Raging Bolt
|-supereffective|p1a: Raging Bolt
|-crit|p1a: Raging Bolt
|-damage|p1a: Raging Bolt|0 fnt
|faint|p1a: Raging Bolt
|-end|p1a: Raging Bolt|Protosynthesis|[silent]
|
|-heal|p2a: Ting-Lu|53/100|[from] item: Leftovers
|upkeep
|
|t:|1779809107
|switch|p1a: Samurott|Samurott-Hisui, M|100/100
|-damage|p1a: Samurott|88/100|[from] Stealth Rock
|turn|7
|
|t:|1779809112
|switch|p2a: Leavanny|Leavanny, M|100/100
|move|p1a: Samurott|Aqua Cutter|p2a: Leavanny
|-resisted|p2a: Leavanny
|-damage|p2a: Leavanny|69/100
|
|upkeep
|turn|8
|
|t:|1779809128
|switch|p1a: Talonflame|Talonflame, F, shiny|100/100
|move|p2a: Leavanny|Reflect|p2a: Leavanny
|-sidestart|p2: NeverUsedThisTeam|Reflect
|
|upkeep
|turn|9
|-message|Giorno1644 forfeited.
|
|win|NeverUsedThisTeam
|raw|Giorno1644's rating: 1059 &rarr; <strong>1042</strong><br />(-17 for losing)
|raw|NeverUsedThisTeam's rating: 1099 &rarr; <strong>1121</strong><br />(+22 for winning)
|l|☆Giorno1644
|player|p1|
|l|☆NeverUsedThisTeam
|player|p2|
