|j|☆2354jhdvk456
|j|☆bird_198
|t:|1779964161
|gametype|singles
|player|p1|2354jhdvk456|pokemonranger-gen4|1150
|player|p2|bird_198|pokemaniac|1067
|gen|9
|tier|[Gen 9] OU
|rated|
|rule|HP Percentage Mod: HP is shown in percentages
|rule|Endless Battle Clause: Forcing endless battles is banned
|rule|Species Clause: Limit one of each Pokémon
|rule|OHKO Clause: OHKO moves are banned
|rule|Evasion Items Clause: Evasion items are banned
|rule|Evasion Moves Clause: Evasion moves are banned
|rule|Evasion Abilities Clause: Evasion abilities are banned
|rule|Sleep Moves Clause: Sleep-inducing moves are banned
|clearpoke
|poke|p1|Walking Wake|
|poke|p1|Torkoal, F|
|poke|p1|Cresselia, F|
|poke|p1|Pelipper, M|
|poke|p1|Iron Hands|
|poke|p1|Kingambit, M|
|poke|p2|Kingambit, F|
|poke|p2|Great Tusk|
|poke|p2|Dragapult, M|
|poke|p2|Rillaboom, M|
|poke|p2|Cramorant, F|
|poke|p2|Pawmot, F|
|teampreview
|inactive|Battle timer is ON: inactive players will automatically lose when time's up. (requested by 2354jhdvk456)
|
|t:|1779964184
|teamsize|p1|6
|teamsize|p2|6
|start
|switch|p1a: Pelipper|Pelipper, M|100/100
|switch|p2a: Cramorant|Cramorant, F|100/100
|-weather|RainDance|[from] ability: Drizzle|[of] p1a: Pelipper
|turn|1
|
|t:|1779964193
|move|p2a: Cramorant|Surf|p1a: Pelipper
|-formechange|p2a: Cramorant|Cramorant-Gulping|
|-resisted|p1a: Pelipper
|-damage|p1a: Pelipper|63/100
|move|p1a: Pelipper|U-turn|p2a: Cramorant
|-resisted|p2a: Cramorant
|-damage|p2a: Cramorant|93/100
|-damage|p1a: Pelipper|38/100|[from] ability: Gulp Missile|[of] p2a: Cramorant
|-unboost|p1a: Pelipper|def|1
|-formechange|p2a: Cramorant|Cramorant|
|
|t:|1779964202
|switch|p1a: 洗澡用的花洒外观款式|Cresselia, F|100/100|[from] U-turn
|
|-weather|RainDance|[upkeep]
|upkeep
|turn|2
|
|t:|1779964207
|-terastallize|p1a: 洗澡用的花洒外观款式|Electric
|move|p2a: Cramorant|Surf|p1a: 洗澡用的花洒外观款式
|-formechange|p2a: Cramorant|Cramorant-Gulping|
|-damage|p1a: 洗澡用的花洒外观款式|69/100
|move|p1a: 洗澡用的花洒外观款式|Calm Mind|p1a: 洗澡用的花洒外观款式
|-boost|p1a: 洗澡用的花洒外观款式|spa|1
|-boost|p1a: 洗澡用的花洒外观款式|spd|1
|
|-weather|RainDance|[upkeep]
|-heal|p1a: 洗澡用的花洒外观款式|75/100|[from] item: Leftovers
|upkeep
|turn|3
|
|t:|1779964223
|move|p1a: 洗澡用的花洒外观款式|Thunder|p2a: Cramorant
|-supereffective|p2a: Cramorant
|-damage|p2a: Cramorant|0 fnt
|-damage|p1a: 洗澡用的花洒外观款式|50/100|[from] ability: Gulp Missile|[of] p2a: Cramorant
|-unboost|p1a: 洗澡用的花洒外观款式|def|1
|-formechange|p2a: Cramorant|Cramorant|
|faint|p2a: Cramorant
|
|-weather|RainDance|[upkeep]
|-heal|p1a: 洗澡用的花洒外观款式|56/100|[from] item: Leftovers
|upkeep
|
|t:|1779964235
|switch|p2a: Rillaboom|Rillaboom, M|100/100
|-fieldstart|move: Grassy Terrain|[from] ability: Grassy Surge|[of] p2a: Rillaboom
|turn|4
|
|t:|1779964248
|switch|p1a: 桑G尔夫|Iron Hands|100/100
|-enditem|p1a: 桑G尔夫|Booster Energy
|-activate|p1a: 桑G尔夫|ability: Quark Drive|[fromitem]
|-start|p1a: 桑G尔夫|quarkdriveatk
|move|p2a: Rillaboom|Wood Hammer|p1a: 桑G尔夫
|-damage|p1a: 桑G尔夫|9/100
|-damage|p2a: Rillaboom|61/100|[from] Recoil
|
|-weather|RainDance|[upkeep]
|-heal|p2a: Rillaboom|67/100|[from] Grassy Terrain
|-heal|p1a: 桑G尔夫|16/100|[from] Grassy Terrain
|upkeep
|turn|5
|
|t:|1779964266
|-end|p1a: 桑G尔夫|Quark Drive|[silent]
|switch|p1a: Pelipper|Pelipper, M|38/100
|move|p2a: Rillaboom|Wood Hammer|p1a: Pelipper
|-damage|p1a: Pelipper|0 fnt
|faint|p1a: Pelipper
|-damage|p2a: Rillaboom|58/100|[from] Recoil
|
|-weather|none
|-heal|p2a: Rillaboom|64/100|[from] Grassy Terrain
|upkeep
|
|t:|1779964268
|switch|p1a: Kingambit|Kingambit, M|100/100
|-activate|p1a: Kingambit|ability: Supreme Overlord
|-start|p1a: Kingambit|fallen1|[silent]
|turn|6
|
|t:|1779964281
|switch|p2a: Great Tusk|Great Tusk|100/100
|move|p1a: Kingambit|Metal Burst||[still]
|-fail|p1a: Kingambit
|
|upkeep
|turn|7
|
|t:|1779964288
|move|p2a: Great Tusk|Stealth Rock|p1a: Kingambit
|-sidestart|p1: 2354jhdvk456|move: Stealth Rock
|move|p1a: Kingambit|Kowtow Cleave|p2a: Great Tusk
|-resisted|p2a: Great Tusk
|-damage|p2a: Great Tusk|88/100
|
|-heal|p2a: Great Tusk|94/100|[from] Grassy Terrain
|-heal|p2a: Great Tusk|99/100|[from] item: Leftovers
|upkeep
|turn|8
|
|t:|1779964297
|move|p2a: Great Tusk|Earthquake|p1a: Kingambit
|-supereffective|p1a: Kingambit
|-damage|p1a: Kingambit|62/100
|move|p1a: Kingambit|Metal Burst|p2a: Great Tusk
|-damage|p2a: Great Tusk|54/100
|
|-heal|p2a: Great Tusk|61/100|[from] Grassy Terrain
|-heal|p2a: Great Tusk|67/100|[from] item: Leftovers
|-heal|p1a: Kingambit|68/100|[from] Grassy Terrain
|-fieldend|move: Grassy Terrain
|upkeep
|turn|9
|
|t:|1779964310
|-end|p1a: Kingambit|fallen1|[silent]
|switch|p1a: 洗澡用的花洒外观款式|Cresselia, F, tera:Electric|56/100
|-damage|p1a: 洗澡用的花洒外观款式|44/100|[from] Stealth Rock
|move|p2a: Great Tusk|Knock Off|p1a: 洗澡用的花洒外观款式
|-damage|p1a: 洗澡用的花洒外观款式|25/100
|-enditem|p1a: 洗澡用的花洒外观款式|Leftovers|[from] move: Knock Off|[of] p2a: Great Tusk
|
|-heal|p2a: Great Tusk|73/100|[from] item: Leftovers
|upkeep
|turn|10
|
|t:|1779964324
|move|p1a: 洗澡用的花洒外观款式|Psychic|p2a: Great Tusk
|-supereffective|p2a: Great Tusk
|-damage|p2a: Great Tusk|3/100
|move|p2a: Great Tusk|Rapid Spin|p1a: 洗澡用的花洒外观款式
|-damage|p1a: 洗澡用的花洒外观款式|16/100
|-boost|p2a: Great Tusk|spe|1
|
|-heal|p2a: Great Tusk|10/100|[from] item: Leftovers
|upkeep
|turn|11
|
|t:|1779964333
|move|p2a: Great Tusk|Knock Off|p1a: 洗澡用的花洒外观款式
|-damage|p1a: 洗澡用的花洒外观款式|3/100
|move|p1a: 洗澡用的花洒外观款式|Psychic|p2a: Great Tusk
|-supereffective|p2a: Great Tusk
|-damage|p2a: Great Tusk|0 fnt
|faint|p2a: Great Tusk
|-end|p2a: Great Tusk|Protosynthesis|[silent]
|
|upkeep
|
|t:|1779964343
|switch|p2a: Rillaboom|Rillaboom, M|64/100
|-fieldstart|move: Grassy Terrain|[from] ability: Grassy Surge|[of] p2a: Rillaboom
|turn|12
|
|t:|1779964359
|move|p1a: 洗澡用的花洒外观款式|Thunder Wave|p2a: Rillaboom
|-status|p2a: Rillaboom|par
|move|p2a: Rillaboom|Wood Hammer|p1a: 洗澡用的花洒外观款式
|-damage|p1a: 洗澡用的花洒外观款式|0 fnt
|faint|p1a: 洗澡用的花洒外观款式
|-damage|p2a: Rillaboom|63/100 par|[from] Recoil
|
|-heal|p2a: Rillaboom|69/100 par|[from] Grassy Terrain
|upkeep
|
|t:|1779964364
|switch|p1a: 小固|Torkoal, F|100/100
|-weather|SunnyDay|[from] ability: Drought|[of] p1a: 小固
|turn|13
|
|t:|1779964375
|switch|p2a: Dragapult|Dragapult, M|100/100
|move|p1a: 小固|Rapid Spin|p2a: Dragapult
|-immune|p2a: Dragapult
|
|-weather|SunnyDay|[upkeep]
|upkeep
|turn|14
|
|t:|1779964383
|move|p2a: Dragapult|Draco Meteor|p1a: 小固
|-damage|p1a: 小固|5/100
|-unboost|p2a: Dragapult|spa|2
|move|p1a: 小固|Earth Power|p2a: Dragapult
|-damage|p2a: Dragapult|68/100
|-unboost|p2a: Dragapult|spd|1
|
|-weather|SunnyDay|[upkeep]
|-heal|p2a: Dragapult|74/100|[from] Grassy Terrain
|-heal|p1a: 小固|11/100|[from] Grassy Terrain
|upkeep
|turn|15
|
|t:|1779964394
|move|p1a: 小固|Protect|p1a: 小固
|-singleturn|p1a: 小固|Protect
|move|p2a: Dragapult|Draco Meteor|p1a: 小固
|-activate|p1a: 小固|move: Protect
|
|-weather|SunnyDay|[upkeep]
|-heal|p2a: Dragapult|80/100|[from] Grassy Terrain
|-heal|p1a: 小固|17/100|[from] Grassy Terrain
|upkeep
|turn|16
|
|t:|1779964404
|switch|p1a: 桑G尔夫|Iron Hands|16/100
|-damage|p1a: 桑G尔夫|9/100|[from] Stealth Rock
|move|p2a: Dragapult|Draco Meteor|p1a: 桑G尔夫
|-damage|p1a: 桑G尔夫|0 fnt
|-unboost|p2a: Dragapult|spa|2
|faint|p1a: 桑G尔夫
|-end|p1a: 桑G尔夫|Quark Drive|[silent]
|
|-weather|SunnyDay|[upkeep]
|-heal|p2a: Dragapult|86/100|[from] Grassy Terrain
|-fieldend|move: Grassy Terrain
|upkeep
|
|t:|1779964407
|switch|p1a: 水龙|Walking Wake|100/100
|-damage|p1a: 水龙|88/100|[from] Stealth Rock
|-activate|p1a: 水龙|ability: Protosynthesis
|-start|p1a: 水龙|protosynthesisspa
|turn|17
|
|t:|1779964419
|switch|p2a: Rillaboom|Rillaboom, M|69/100 par
|-fieldstart|move: Grassy Terrain|[from] ability: Grassy Surge|[of] p2a: Rillaboom
|move|p1a: 水龙|Dragon Pulse|p2a: Rillaboom
|-damage|p2a: Rillaboom|0 fnt
|faint|p2a: Rillaboom
|
|-weather|none
|-end|p1a: 水龙|Protosynthesis
|-heal|p1a: 水龙|94/100|[from] Grassy Terrain
|upkeep
|
|t:|1779964428
|switch|p2a: Peak-Chu|Pawmot, F|100/100
|turn|18
|
|t:|1779964435
|-end|p1a: 水龙|Protosynthesis|[silent]
|switch|p1a: 小固|Torkoal, F|17/100
|-weather|SunnyDay|[from] ability: Drought|[of] p1a: 小固
|move|p2a: Peak-Chu|Revival Blessing|p2a: Peak-Chu
|-enditem|p2a: Peak-Chu|Leppa Berry|[eat]
|-activate|p2a: Peak-Chu|item: Leppa Berry|Revival Blessing|[consumed]
|
|t:|1779964442
|-heal|p2: Cramorant|50/100|[from] move: Revival Blessing
|
|-weather|SunnyDay|[upkeep]
|-heal|p1a: 小固|23/100|[from] Grassy Terrain
|upkeep
|turn|19
|
|t:|1779964464
|move|p1a: 小固|Protect|p1a: 小固
|-singleturn|p1a: 小固|Protect
|move|p2a: Peak-Chu|Revival Blessing|p2a: Peak-Chu
|
|t:|1779964469
|-heal|p2: Rillaboom|50/100|[from] move: Revival Blessing
|
|-weather|SunnyDay|[upkeep]
|-heal|p1a: 小固|30/100|[from] Grassy Terrain
|upkeep
|turn|20
|c|☆2354jhdvk456|？
|
|t:|1779964484
|move|p2a: Peak-Chu|Double Shock|p1a: 小固
|-damage|p1a: 小固|0 fnt
|-start|p2a: Peak-Chu|typechange|???/Fighting|[from] move: Double Shock
|faint|p1a: 小固
|
|-weather|SunnyDay|[upkeep]
|upkeep
|c|☆bird_198|lappa berry
|
|t:|1779964489
|switch|p1a: 水龙|Walking Wake|94/100
|-damage|p1a: 水龙|82/100|[from] Stealth Rock
|-activate|p1a: 水龙|ability: Protosynthesis
|-start|p1a: 水龙|protosynthesisspa
|turn|21
|
|t:|1779964505
|move|p1a: 水龙|Dragon Pulse|p2a: Peak-Chu
|-damage|p2a: Peak-Chu|0 fnt
|faint|p2a: Peak-Chu
|
|-weather|SunnyDay|[upkeep]
|-heal|p1a: 水龙|88/100|[from] Grassy Terrain
|-fieldend|move: Grassy Terrain
|upkeep
|
|t:|1779964511
|switch|p2a: Rillaboom|Rillaboom, M|50/100
|-fieldstart|move: Grassy Terrain|[from] ability: Grassy Surge|[of] p2a: Rillaboom
|turn|22
|
|t:|1779964516
|move|p2a: Rillaboom|Grassy Glide|p1a: 水龙
|-damage|p1a: 水龙|19/100
|move|p1a: 水龙|Dragon Pulse|p2a: Rillaboom
|-damage|p2a: Rillaboom|0 fnt
|faint|p2a: Rillaboom
|
|-weather|none
|-end|p1a: 水龙|Protosynthesis
|-heal|p1a: 水龙|25/100|[from] Grassy Terrain
|upkeep
|
|t:|1779964524
|switch|p2a: Kingambit|Kingambit, F|100/100
|-activate|p2a: Kingambit|ability: Supreme Overlord
|-start|p2a: Kingambit|fallen5|[silent]
|turn|23
|
|t:|1779964530
|-end|p1a: 水龙|Protosynthesis|[silent]
|switch|p1a: Kingambit|Kingambit, M|68/100
|-damage|p1a: Kingambit|62/100|[from] Stealth Rock
|-activate|p1a: Kingambit|ability: Supreme Overlord
|-start|p1a: Kingambit|fallen4|[silent]
|move|p2a: Kingambit|Sucker Punch||[still]
|-fail|p2a: Kingambit
|
|-heal|p1a: Kingambit|68/100|[from] Grassy Terrain
|upkeep
|turn|24
|
|t:|1779964538
|move|p1a: Kingambit|Brick Break|p2a: Kingambit
|-supereffective|p2a: Kingambit
|-damage|p2a: Kingambit|0 fnt
|faint|p2a: Kingambit
|-end|p2a: Kingambit|fallen5|[silent]
|
|-heal|p1a: Kingambit|74/100|[from] Grassy Terrain
|upkeep
|
|t:|1779964545
|switch|p2a: Dragapult|Dragapult, M|86/100
|turn|25
|
|t:|1779964549
|move|p1a: Kingambit|Sucker Punch|p2a: Dragapult
|-supereffective|p2a: Dragapult
|-damage|p2a: Dragapult|0 fnt
|faint|p2a: Dragapult
|
|-heal|p1a: Kingambit|80/100|[from] Grassy Terrain
|upkeep
|
|t:|1779964555
|switch|p2a: Cramorant|Cramorant, F|50/100
|turn|26
|
|t:|1779964560
|move|p2a: Cramorant|Roost|p2a: Cramorant
|-heal|p2a: Cramorant|100/100
|-singleturn|p2a: Cramorant|move: Roost
|move|p1a: Kingambit|Metal Burst||[still]
|-fail|p1a: Kingambit
|
|-heal|p1a: Kingambit|86/100|[from] Grassy Terrain
|-fieldend|move: Grassy Terrain
|upkeep
|turn|27
|
|t:|1779964569
|-terastallize|p2a: Cramorant|Water
|move|p2a: Cramorant|Surf|p1a: Kingambit
|-formechange|p2a: Cramorant|Cramorant-Gulping|
|-damage|p1a: Kingambit|48/100
|move|p1a: Kingambit|Metal Burst|p2a: Cramorant
|-damage|p2a: Cramorant|43/100
|-damage|p1a: Kingambit|23/100|[from] ability: Gulp Missile|[of] p2a: Cramorant
|-unboost|p1a: Kingambit|def|1
|-formechange|p2a: Cramorant|Cramorant|
|
|upkeep
|turn|28
|
|t:|1779964579
|move|p1a: Kingambit|Sucker Punch||[still]
|-fail|p1a: Kingambit
|move|p2a: Cramorant|Roost|p2a: Cramorant
|-heal|p2a: Cramorant|93/100
|
|upkeep
|turn|29
|
|t:|1779964586
|move|p1a: Kingambit|Sucker Punch|p2a: Cramorant
|-damage|p2a: Cramorant|0 fnt
|faint|p2a: Cramorant
|
|win|2354jhdvk456
|raw|2354jhdvk456's rating: 1150 &rarr; <strong>1169</strong><br />(+19 for winning)
|raw|bird_198's rating: 1067 &rarr; <strong>1052</strong><br />(-15 for losing)
