|j|☆G0LDI
|j|☆7rT4HpeKSdXwCx4n
|t:|1779805001
|gametype|singles
|player|p1|G0LDI|hilda-wonderlauncher|1037
|player|p2|7rT4HpeKSdXwCx4n|102|1000
|gen|9
|tier|[Gen 9] OU
|rated|
|rule|HP Percentage Mod: HP is shown in percentages
|rule|Endless Battle Clause: Forcing endless battles is banned
|rule|Species Clause: Limit one of each Pokémon
|rule|OHKO Clause: OHKO moves are banned
|rule|Evasion Items Clause: Evasion items are banned
|rule|Evasion Moves Clause: Evasion moves are banned
|rule|Evasion Abilities Clause: Evasion abilities are banned
|rule|Sleep Moves Clause: Sleep-inducing moves are banned
|clearpoke
|poke|p1|Alomomola, F|
|poke|p1|Milotic, F|
|poke|p1|Azumarill, F|
|poke|p1|Politoed, F|
|poke|p1|Quaquaval, F|
|poke|p1|Keldeo|
|poke|p2|Iron Moth|
|poke|p2|Gliscor, M|
|poke|p2|Hatterene, F|
|poke|p2|Ogerpon-Wellspring, F|
|poke|p2|Raging Bolt|
|poke|p2|Zamazenta-*|
|teampreview
|inactive|Battle timer is ON: inactive players will automatically lose when time's up. (requested by 7rT4HpeKSdXwCx4n)
|inactive|G0LDI also wants the timer to be on.
|
|t:|1779805008
|teamsize|p1|6
|teamsize|p2|6
|start
|switch|p1a: Politoed|Politoed, F, shiny|100/100
|switch|p2a: Zamazenta|Zamazenta|100/100
|-ability|p2a: Zamazenta|Dauntless Shield|boost
|-boost|p2a: Zamazenta|def|1
|-weather|RainDance|[from] ability: Drizzle|[of] p1a: Politoed
|turn|1
|
|t:|1779805031
|move|p2a: Zamazenta|Light Screen|p2a: Zamazenta
|-sidestart|p2: 7rT4HpeKSdXwCx4n|move: Light Screen
|move|p1a: Politoed|Perish Song|p1a: Politoed
|-start|p1a: Politoed|perish3|[silent]
|-start|p2a: Zamazenta|perish3|[silent]
|-fieldactivate|move: Perish Song
|
|-weather|RainDance|[upkeep]
|-start|p2a: Zamazenta|perish3
|-start|p1a: Politoed|perish3
|upkeep
|turn|2
|
|t:|1779805041
|switch|p2a: Ogerpon|Ogerpon-Wellspring, F|100/100
|move|p1a: Politoed|Encore||[still]
|-fail|p1a: Politoed
|
|-weather|RainDance|[upkeep]
|-start|p1a: Politoed|perish2
|upkeep
|turn|3
|
|t:|1779805048
|move|p2a: Ogerpon|Swords Dance|p2a: Ogerpon
|-boost|p2a: Ogerpon|atk|2
|move|p1a: Politoed|Perish Song|p1a: Politoed
|-start|p2a: Ogerpon|perish3|[silent]
|-fieldactivate|move: Perish Song
|
|-weather|RainDance|[upkeep]
|-start|p2a: Ogerpon|perish3
|-start|p1a: Politoed|perish1
|upkeep
|turn|4
|
|t:|1779805062
|switch|p1a: Milotic|Milotic, F, shiny|100/100
|move|p2a: Ogerpon|Trailblaze|p1a: Milotic
|-supereffective|p1a: Milotic
|-damage|p1a: Milotic|0 fnt
|-boost|p2a: Ogerpon|spe|1
|faint|p1a: Milotic
|
|-weather|RainDance|[upkeep]
|-start|p2a: Ogerpon|perish2
|upkeep
|
|t:|1779805074
|switch|p1a: Alomomola|Alomomola, F, shiny|100/100
|turn|5
|
|t:|1779805089
|move|p1a: Alomomola|Protect|p1a: Alomomola
|-singleturn|p1a: Alomomola|Protect
|move|p2a: Ogerpon|Trailblaze|p1a: Alomomola
|-activate|p1a: Alomomola|move: Protect
|
|-weather|RainDance|[upkeep]
|-start|p2a: Ogerpon|perish1
|upkeep
|turn|6
|
|t:|1779805098
|switch|p2a: Zamazenta|Zamazenta|100/100
|move|p1a: Alomomola|Protect||[still]
|-fail|p1a: Alomomola
|
|-weather|RainDance|[upkeep]
|upkeep
|turn|7
|
|t:|1779805111
|move|p2a: Zamazenta|Reflect|p2a: Zamazenta
|-sidestart|p2: 7rT4HpeKSdXwCx4n|Reflect
|move|p1a: Alomomola|Substitute|p1a: Alomomola
|-start|p1a: Alomomola|Substitute
|-damage|p1a: Alomomola|76/100
|
|-weather|RainDance|[upkeep]
|-heal|p1a: Alomomola|82/100|[from] item: Leftovers
|upkeep
|turn|8
|
|t:|1779805120
|switch|p2a: Ogerpon|Ogerpon-Wellspring, F|100/100
|move|p1a: Alomomola|Whirlpool|p2a: Ogerpon
|-immune|p2a: Ogerpon|[from] ability: Water Absorb
|
|-weather|none
|-heal|p1a: Alomomola|88/100|[from] item: Leftovers
|-sideend|p2: 7rT4HpeKSdXwCx4n|move: Light Screen
|upkeep
|turn|9
|
|t:|1779805133
|switch|p1a: Politoed|Politoed, F, shiny|100/100
|-weather|RainDance|[from] ability: Drizzle|[of] p1a: Politoed
|move|p2a: Ogerpon|Encore||[still]
|-fail|p2a: Ogerpon
|
|-weather|RainDance|[upkeep]
|upkeep
|turn|10
|
|t:|1779805143
|move|p2a: Ogerpon|Swords Dance|p2a: Ogerpon
|-boost|p2a: Ogerpon|atk|2
|move|p1a: Politoed|Perish Song|p1a: Politoed
|-start|p1a: Politoed|perish3|[silent]
|-start|p2a: Ogerpon|perish3|[silent]
|-fieldactivate|move: Perish Song
|
|-weather|RainDance|[upkeep]
|-start|p2a: Ogerpon|perish3
|-start|p1a: Politoed|perish3
|upkeep
|turn|11
|
|t:|1779805151
|move|p2a: Ogerpon|Trailblaze|p1a: Politoed
|-supereffective|p1a: Politoed
|-damage|p1a: Politoed|0 fnt
|-boost|p2a: Ogerpon|spe|1
|faint|p1a: Politoed
|
|-weather|RainDance|[upkeep]
|-start|p2a: Ogerpon|perish2
|upkeep
|
|t:|1779805158
|switch|p1a: Alomomola|Alomomola, F, shiny|100/100
|turn|12
|
|t:|1779805171
|switch|p2a: Raging Bolt|Raging Bolt|100/100
|-enditem|p2a: Raging Bolt|Booster Energy
|-activate|p2a: Raging Bolt|ability: Protosynthesis|[fromitem]
|-start|p2a: Raging Bolt|protosynthesisspa
|move|p1a: Alomomola|Protect||[still]
|-fail|p1a: Alomomola
|
|-weather|RainDance|[upkeep]
|upkeep
|turn|13
|
|t:|1779805181
|move|p2a: Raging Bolt|Thunderbolt|p1a: Alomomola
|-supereffective|p1a: Alomomola
|-damage|p1a: Alomomola|0 fnt
|faint|p1a: Alomomola
|
|-weather|RainDance|[upkeep]
|upkeep
|
|t:|1779805190
|switch|p1a: Quaquaval|Quaquaval, F, shiny|100/100
|turn|14
|
|t:|1779805195
|-terastallize|p1a: Quaquaval|Steel
|move|p1a: Quaquaval|Triple Axel|p2a: Raging Bolt
|-supereffective|p2a: Raging Bolt
|-damage|p2a: Raging Bolt|94/100
|-supereffective|p2a: Raging Bolt
|-damage|p2a: Raging Bolt|80/100
|-supereffective|p2a: Raging Bolt
|-damage|p2a: Raging Bolt|61/100
|-hitcount|p2a: Raging Bolt|3
|move|p2a: Raging Bolt|Thunderbolt|p1a: Quaquaval
|-damage|p1a: Quaquaval|12/100
|
|-weather|RainDance|[upkeep]
|-sideend|p2: 7rT4HpeKSdXwCx4n|Reflect
|upkeep
|turn|15
|
|t:|1779805209
|move|p2a: Raging Bolt|Thunderclap|p1a: Quaquaval
|-damage|p1a: Quaquaval|0 fnt
|faint|p1a: Quaquaval
|
|-weather|RainDance|[upkeep]
|upkeep
|
|t:|1779805213
|switch|p1a: Azumarill|Azumarill, F|100/100
|turn|16
|
|t:|1779805215
|move|p2a: Raging Bolt|Thunderbolt|p1a: Azumarill
|-supereffective|p1a: Azumarill
|-damage|p1a: Azumarill|0 fnt
|faint|p1a: Azumarill
|
|-weather|none
|upkeep
|
|t:|1779805219
|switch|p1a: Keldeo|Keldeo, shiny|100/100
|turn|17
|
|t:|1779805223
|move|p1a: Keldeo|Sacred Sword|p2a: Raging Bolt
|-damage|p2a: Raging Bolt|33/100
|-damage|p1a: Keldeo|91/100|[from] item: Life Orb
|move|p2a: Raging Bolt|Thunderbolt|p1a: Keldeo
|-supereffective|p1a: Keldeo
|-damage|p1a: Keldeo|0 fnt
|faint|p1a: Keldeo
|
|win|7rT4HpeKSdXwCx4n
|raw|G0LDI's rating: 1037 &rarr; <strong>1020</strong><br />(-17 for losing)
|raw|7rT4HpeKSdXwCx4n's rating: 1000 &rarr; <strong>1044</strong><br />(+44 for winning)
