|j|☆claudechamp
|j|☆blazingshadow46
|t:|1779809877
|gametype|singles
|player|p1|claudechamp|265|1220
|player|p2|blazingshadow46|byron|1233
|gen|9
|tier|[Gen 9] OU
|rated|
|rule|HP Percentage Mod: HP is shown in percentages
|rule|Endless Battle Clause: Forcing endless battles is banned
|rule|Species Clause: Limit one of each Pokémon
|rule|OHKO Clause: OHKO moves are banned
|rule|Evasion Items Clause: Evasion items are banned
|rule|Evasion Moves Clause: Evasion moves are banned
|rule|Evasion Abilities Clause: Evasion abilities are banned
|rule|Sleep Moves Clause: Sleep-inducing moves are banned
|clearpoke
|poke|p1|Corviknight, F|
|poke|p1|Ting-Lu|
|poke|p1|Kyurem|
|poke|p1|Dondozo, F|
|poke|p1|Slowking-Galar, M|
|poke|p1|Cinderace, F|
|poke|p2|Garchomp, F|
|poke|p2|Sableye, M|
|poke|p2|Cyclizar, F|
|poke|p2|Scizor, M|
|poke|p2|Salamence, M|
|poke|p2|Pecharunt|
|teampreview
|inactive|Battle timer is ON: inactive players will automatically lose when time's up. (requested by blazingshadow46)
|c|☆claudechamp|hf
|inactive|claudechamp also wants the timer to be on.
|inactive|blazingshadow46 has 120 seconds left.
|c|☆blazingshadow46|u2
|
|t:|1779809914
|teamsize|p1|6
|teamsize|p2|6
|start
|switch|p1a: Cinderace|Cinderace, F|100/100
|switch|p2a: Garchomp|Garchomp, F|100/100
|turn|1
|
|t:|1779809917
|switch|p1a: Kyurem|Kyurem|100/100
|-ability|p1a: Kyurem|Pressure
|move|p2a: Garchomp|Earthquake|p1a: Kyurem
|-damage|p1a: Kyurem|58/100
|
|-heal|p1a: Kyurem|64/100|[from] item: Leftovers
|upkeep
|turn|2
|
|t:|1779809925
|switch|p2a: Pecharunt|Pecharunt|100/100
|move|p1a: Kyurem|Freeze-Dry|p2a: Pecharunt
|-damage|p2a: Pecharunt|76/100
|
|-heal|p1a: Kyurem|70/100|[from] item: Leftovers
|-heal|p2a: Pecharunt|83/100|[from] item: Leftovers
|upkeep
|turn|3
|
|t:|1779809929
|-terastallize|p1a: Kyurem|Ground
|move|p1a: Kyurem|Earth Power|p2a: Pecharunt
|-supereffective|p2a: Pecharunt
|-damage|p2a: Pecharunt|14/100
|move|p2a: Pecharunt|Malignant Chain|p1a: Kyurem
|-resisted|p1a: Kyurem
|-damage|p1a: Kyurem|55/100
|-status|p1a: Kyurem|tox
|-start|p1a: Kyurem|confusion|[from] ability: Poison Puppeteer|[of] p2a: Pecharunt
|
|-heal|p1a: Kyurem|62/100 tox|[from] item: Leftovers
|-heal|p2a: Pecharunt|20/100|[from] item: Leftovers
|-damage|p1a: Kyurem|55/100 tox|[from] psn
|upkeep
|turn|4
|
|t:|1779809938
|switch|p2a: Garchomp|Garchomp, F|100/100
|-activate|p1a: Kyurem|confusion
|move|p1a: Kyurem|Freeze-Dry|p2a: Garchomp
|-supereffective|p2a: Garchomp
|-damage|p2a: Garchomp|0 fnt
|faint|p2a: Garchomp
|
|-heal|p1a: Kyurem|62/100 tox|[from] item: Leftovers
|-damage|p1a: Kyurem|49/100 tox|[from] psn
|upkeep
|
|t:|1779809959
|switch|p2a: Cyclizar|Cyclizar, F, shiny|100/100
|turn|5
|
|t:|1779809961
|switch|p1a: Cinderace|Cinderace, F|100/100
|move|p2a: Cyclizar|Draco Meteor|p1a: Cinderace
|-damage|p1a: Cinderace|51/100
|-unboost|p2a: Cyclizar|spa|2
|
|upkeep
|turn|6
|
|t:|1779809966
|move|p2a: Cyclizar|U-turn|p1a: Cinderace
|-resisted|p1a: Cinderace
|-damage|p1a: Cinderace|42/100
|
|t:|1779809971
|switch|p2a: Pecharunt|Pecharunt|20/100|[from] U-turn
|move|p1a: Cinderace|Pyro Ball|p2a: Pecharunt
|-damage|p2a: Pecharunt|0 fnt
|faint|p2a: Pecharunt
|
|upkeep
|
|t:|1779809975
|switch|p2a: Salamence|Salamence, M|100/100
|turn|7
|
|t:|1779809977
|move|p1a: Cinderace|U-turn|p2a: Salamence
|-resisted|p2a: Salamence
|-damage|p2a: Salamence|89/100
|
|t:|1779809979
|switch|p1a: Kyurem|Kyurem, tera:Ground|49/100 tox|[from] U-turn
|-ability|p1a: Kyurem|Pressure
|move|p2a: Salamence|Dragon Dance|p2a: Salamence
|-boost|p2a: Salamence|atk|1
|-boost|p2a: Salamence|spe|1
|
|-heal|p1a: Kyurem|55/100 tox|[from] item: Leftovers
|-damage|p1a: Kyurem|49/100 tox|[from] psn
|upkeep
|turn|8
|
|t:|1779809986
|move|p2a: Salamence|Earthquake|p1a: Kyurem
|-damage|p1a: Kyurem|0 fnt
|faint|p1a: Kyurem
|-ability|p2a: Salamence|Moxie|boost
|-boost|p2a: Salamence|atk|1
|
|upkeep
|
|t:|1779809990
|switch|p1a: Slowking|Slowking-Galar, M|100/100
|turn|9
|
|t:|1779809993
|move|p2a: Salamence|Earthquake|p1a: Slowking
|-supereffective|p1a: Slowking
|-enditem|p1a: Slowking|Shuca Berry|[eat]
|-enditem|p1a: Slowking|Shuca Berry|[weaken]
|-damage|p1a: Slowking|50/100
|move|p1a: Slowking|Ice Beam|p2a: Salamence
|-supereffective|p2a: Salamence
|-damage|p2a: Salamence|0 fnt
|faint|p2a: Salamence
|
|upkeep
|
|t:|1779810001
|switch|p2a: Scizor|Scizor, M|100/100
|turn|10
|
|t:|1779810008
|move|p2a: Scizor|Swords Dance|p2a: Scizor
|-boost|p2a: Scizor|atk|2
|move|p1a: Slowking|Ice Beam|p2a: Scizor
|-resisted|p2a: Scizor
|-damage|p2a: Scizor|88/100
|
|-heal|p2a: Scizor|94/100|[from] item: Leftovers
|upkeep
|turn|11
|
|t:|1779810016
|switch|p1a: Dondozo|Dondozo, F|100/100
|move|p2a: Scizor|Knock Off|p1a: Dondozo
|-damage|p1a: Dondozo|78/100
|-enditem|p1a: Dondozo|Leftovers|[from] move: Knock Off|[of] p2a: Scizor
|
|-heal|p2a: Scizor|99/100|[from] item: Leftovers
|upkeep
|turn|12
|
|t:|1779810028
|move|p2a: Scizor|Dual Wingbeat|p1a: Dondozo
|-damage|p1a: Dondozo|65/100
|-damage|p1a: Dondozo|52/100
|-hitcount|p1a: Dondozo|2
|move|p1a: Dondozo|Waterfall|p2a: Scizor
|-damage|p2a: Scizor|73/100
|
|-heal|p2a: Scizor|79/100|[from] item: Leftovers
|upkeep
|turn|13
|
|t:|1779810033
|move|p2a: Scizor|Dual Wingbeat|p1a: Dondozo
|-damage|p1a: Dondozo|38/100
|-damage|p1a: Dondozo|24/100
|-hitcount|p1a: Dondozo|2
|move|p1a: Dondozo|Waterfall|p2a: Scizor
|-damage|p2a: Scizor|53/100
|
|-heal|p2a: Scizor|59/100|[from] item: Leftovers
|upkeep
|turn|14
|
|t:|1779810039
|move|p2a: Scizor|Dual Wingbeat|p1a: Dondozo
|-damage|p1a: Dondozo|11/100
|-damage|p1a: Dondozo|0 fnt
|faint|p1a: Dondozo
|-hitcount|p1: Dondozo|2
|
|-heal|p2a: Scizor|65/100|[from] item: Leftovers
|upkeep
|
|t:|1779810049
|switch|p1a: Ting-Lu|Ting-Lu|100/100
|-ability|p1a: Ting-Lu|Vessel of Ruin
|turn|15
|
|t:|1779810058
|move|p2a: Scizor|Swords Dance|p2a: Scizor
|-boost|p2a: Scizor|atk|2
|move|p1a: Ting-Lu|Earthquake|p2a: Scizor
|-damage|p2a: Scizor|24/100
|
|-heal|p2a: Scizor|31/100|[from] item: Leftovers
|upkeep
|turn|16
|
|t:|1779810076
|-terastallize|p2a: Scizor|Flying
|move|p2a: Scizor|Dual Wingbeat|p1a: Ting-Lu
|-damage|p1a: Ting-Lu|44/100
|-damage|p1a: Ting-Lu|0 fnt
|faint|p1a: Ting-Lu
|-hitcount|p1: Ting-Lu|2
|
|-heal|p2a: Scizor|37/100|[from] item: Leftovers
|upkeep
|
|t:|1779810080
|switch|p1a: Corviknight|Corviknight, F|100/100
|-ability|p1a: Corviknight|Pressure
|turn|17
|
|t:|1779810092
|move|p1a: Corviknight|Brave Bird|p2a: Scizor
|-damage|p2a: Scizor|2/100
|-damage|p1a: Corviknight|90/100|[from] Recoil
|move|p2a: Scizor|Knock Off|p1a: Corviknight
|-damage|p1a: Corviknight|25/100
|-damage|p2a: Scizor|0 fnt|[from] item: Rocky Helmet|[of] p1a: Corviknight
|faint|p2a: Scizor
|
|upkeep
|
|t:|1779810097
|switch|p2a: Cyclizar|Cyclizar, F, shiny|100/100
|turn|18
|
|t:|1779810108
|move|p2a: Cyclizar|Overheat|p1a: Corviknight
|-supereffective|p1a: Corviknight
|-damage|p1a: Corviknight|0 fnt
|-unboost|p2a: Cyclizar|spa|2
|faint|p1a: Corviknight
|
|upkeep
|
|t:|1779810124
|switch|p1a: Slowking|Slowking-Galar, M|83/100
|turn|19
|
|t:|1779810130
|move|p2a: Cyclizar|U-turn|p1a: Slowking
|-damage|p1a: Slowking|73/100
|
|t:|1779810132
|switch|p2a: Sableye|Sableye, M|100/100|[from] U-turn
|move|p1a: Slowking|Ice Beam|p2a: Sableye
|-damage|p2a: Sableye|75/100
|
|upkeep
|turn|20
|
|t:|1779810137
|move|p2a: Sableye|Will-O-Wisp|p1a: Slowking
|-status|p1a: Slowking|brn
|move|p1a: Slowking|Ice Beam|p2a: Sableye
|-damage|p2a: Sableye|53/100
|
|-damage|p1a: Slowking|67/100 brn|[from] brn
|upkeep
|turn|21
|
|t:|1779810141
|move|p2a: Sableye|Foul Play|p1a: Slowking
|-supereffective|p1a: Slowking
|-damage|p1a: Slowking|39/100 brn
|move|p1a: Slowking|Ice Beam|p2a: Sableye
|-damage|p2a: Sableye|28/100
|
|-damage|p1a: Slowking|33/100 brn|[from] brn
|upkeep
|turn|22
|
|t:|1779810147
|move|p2a: Sableye|Recover|p2a: Sableye
|-heal|p2a: Sableye|78/100
|-prepare|p1a: Slowking|Chilly Reception|[premajor]
|move|p1a: Slowking|Chilly Reception|p1a: Slowking
|-weather|Snowscape
|
|t:|1779810152
|switch|p1a: Cinderace|Cinderace, F|42/100|[from] Chilly Reception
|
|-weather|Snowscape|[upkeep]
|upkeep
|turn|23
|
|t:|1779810158
|move|p1a: Cinderace|Will-O-Wisp|p2a: Sableye
|-status|p2a: Sableye|brn
|move|p2a: Sableye|Foul Play|p1a: Cinderace
|-damage|p1a: Cinderace|18/100
|
|-weather|Snowscape|[upkeep]
|-damage|p2a: Sableye|72/100 brn|[from] brn
|upkeep
|turn|24
|
|t:|1779810167
|move|p2a: Sableye|Encore|p1a: Cinderace
|-start|p1a: Cinderace|Encore
|move|p1a: Cinderace|Will-O-Wisp|p2a: Sableye
|-fail|p2a: Sableye|brn
|
|-weather|Snowscape|[upkeep]
|-damage|p2a: Sableye|67/100 brn|[from] brn
|upkeep
|turn|25
|
|t:|1779810176
|switch|p1a: Slowking|Slowking-Galar, M|66/100 brn
|move|p2a: Sableye|Foul Play|p1a: Slowking
|-supereffective|p1a: Slowking
|-damage|p1a: Slowking|53/100 brn
|
|-weather|Snowscape|[upkeep]
|-damage|p2a: Sableye|61/100 brn|[from] brn
|-damage|p1a: Slowking|46/100 brn|[from] brn
|upkeep
|turn|26
|
|t:|1779810185
|move|p2a: Sableye|Foul Play|p1a: Slowking
|-supereffective|p1a: Slowking
|-damage|p1a: Slowking|34/100 brn
|-prepare|p1a: Slowking|Chilly Reception|[premajor]
|move|p1a: Slowking|Chilly Reception|p1a: Slowking
|
|t:|1779810195
|switch|p1a: Cinderace|Cinderace, F|18/100|[from] Chilly Reception
|
|-weather|none
|-damage|p2a: Sableye|55/100 brn|[from] brn
|upkeep
|turn|27
|
|t:|1779810204
|move|p2a: Sableye|Recover|p2a: Sableye
|-heal|p2a: Sableye|100/100 brn
|move|p1a: Cinderace|Pyro Ball|p2a: Sableye|[miss]
|-miss|p1a: Cinderace|p2a: Sableye
|
|-damage|p2a: Sableye|95/100 brn|[from] brn
|upkeep
|turn|28
|
|t:|1779810209
|move|p1a: Cinderace|Pyro Ball|p2a: Sableye
|-damage|p2a: Sableye|0 fnt
|faint|p2a: Sableye
|
|upkeep
|c|☆blazingshadow46|mb
|
|t:|1779810213
|switch|p2a: Cyclizar|Cyclizar, F, shiny|100/100
|turn|29
|
|t:|1779810220
|move|p2a: Cyclizar|Rapid Spin|p1a: Cinderace
|-damage|p1a: Cinderace|1/100
|-boost|p2a: Cyclizar|spe|1
|move|p1a: Cinderace|U-turn|p2a: Cyclizar
|-crit|p2a: Cyclizar
|-damage|p2a: Cyclizar|64/100
|-message|blazingshadow46 forfeited.
|
|win|claudechamp
|raw|claudechamp's rating: 1193 &rarr; <strong>1221</strong><br />(+28 for winning)
|raw|blazingshadow46's rating: 1233 &rarr; <strong>1205</strong><br />(-28 for losing)
|l|☆blazingshadow46
|player|p2|
|c|☆claudechamp|gg
