|j|☆tghvjhklk
|j|☆cyanic_xo
|t:|1779971158
|gametype|singles
|player|p1|tghvjhklk|265|1168
|player|p2|cyanic_xo|swimmer-gen4|1247
|gen|9
|tier|[Gen 9] OU
|rated|
|rule|HP Percentage Mod: HP is shown in percentages
|rule|Endless Battle Clause: Forcing endless battles is banned
|rule|Species Clause: Limit one of each Pokémon
|rule|OHKO Clause: OHKO moves are banned
|rule|Evasion Items Clause: Evasion items are banned
|rule|Evasion Moves Clause: Evasion moves are banned
|rule|Evasion Abilities Clause: Evasion abilities are banned
|rule|Sleep Moves Clause: Sleep-inducing moves are banned
|clearpoke
|poke|p1|Ribombee, F|
|poke|p1|Kyurem|
|poke|p1|Alomomola, F|
|poke|p1|Great Tusk|
|poke|p1|Dragapult, F|
|poke|p1|Kingambit, F|
|poke|p2|Weezing-Galar, M|
|poke|p2|Kingambit, F|
|poke|p2|Blaziken, F|
|poke|p2|Arbok, M|
|poke|p2|Jirachi|
|poke|p2|Ting-Lu|
|teampreview
|
|t:|1779971167
|teamsize|p1|6
|teamsize|p2|6
|start
|switch|p1a: Ribombee|Ribombee, F|100/100
|switch|p2a: Arbok|Arbok, M, shiny|100/100
|-ability|p2a: Arbok|Intimidate|boost
|-unboost|p1a: Ribombee|atk|1
|turn|1
|
|t:|1779971175
|move|p1a: Ribombee|Sticky Web|p2a: Arbok
|-sidestart|p2: cyanic_xo|move: Sticky Web
|move|p2a: Arbok|Coil|p2a: Arbok
|-boost|p2a: Arbok|atk|1
|-boost|p2a: Arbok|def|1
|-boost|p2a: Arbok|accuracy|1
|
|upkeep
|turn|2
|
|t:|1779971183
|move|p1a: Ribombee|Psychic Noise|p2a: Arbok
|-supereffective|p2a: Arbok
|-damage|p2a: Arbok|46/100
|-start|p2a: Arbok|move: Heal Block
|move|p2a: Arbok|Gunk Shot|p1a: Ribombee
|-supereffective|p1a: Ribombee
|-enditem|p1a: Ribombee|Focus Sash
|-damage|p1a: Ribombee|1/100
|
|upkeep
|turn|3
|
|t:|1779971193
|move|p2a: Arbok|Protect|p2a: Arbok
|-singleturn|p2a: Arbok|Protect
|move|p1a: Ribombee|Psychic Noise|p2a: Arbok
|-activate|p2a: Arbok|move: Protect
|
|-end|p2a: Arbok|move: Heal Block
|upkeep
|turn|4
|
|t:|1779971205
|switch|p2a: Ting-Lu|Ting-Lu|100/100
|-activate|p2a: Ting-Lu|move: Sticky Web
|-unboost|p2a: Ting-Lu|spe|1
|-ability|p2a: Ting-Lu|Vessel of Ruin
|move|p1a: Ribombee|Psychic Noise|p2a: Ting-Lu
|-immune|p2a: Ting-Lu
|
|upkeep
|turn|5
|
|t:|1779971214
|move|p1a: Ribombee|Stun Spore|p2a: Ting-Lu|[miss]
|-miss|p1a: Ribombee|p2a: Ting-Lu
|move|p2a: Ting-Lu|Stealth Rock|p1a: Ribombee
|-sidestart|p1: tghvjhklk|move: Stealth Rock
|
|upkeep
|turn|6
|
|t:|1779971219
|move|p1a: Ribombee|Stun Spore|p2a: Ting-Lu
|-status|p2a: Ting-Lu|par
|move|p2a: Ting-Lu|Spikes|p1a: Ribombee
|-sidestart|p1: tghvjhklk|Spikes
|
|upkeep
|turn|7
|
|t:|1779971224
|move|p1a: Ribombee|Moonblast|p2a: Ting-Lu
|-supereffective|p2a: Ting-Lu
|-damage|p2a: Ting-Lu|58/100 par
|move|p2a: Ting-Lu|Spikes|p1a: Ribombee
|-sidestart|p1: tghvjhklk|Spikes
|
|-heal|p2a: Ting-Lu|64/100 par|[from] item: Leftovers
|upkeep
|turn|8
|
|t:|1779971233
|switch|p1a: Great Tusk|Great Tusk|100/100
|move|p2a: Ting-Lu|Whirlwind|p1a: Great Tusk
|-end|p1a: Great Tusk|Protosynthesis|[silent]
|drag|p1a: Alomomola|Alomomola, F|100/100
|-damage|p1a: Alomomola|88/100|[from] Stealth Rock
|-damage|p1a: Alomomola|71/100|[from] Spikes
|
|-heal|p2a: Ting-Lu|70/100 par|[from] item: Leftovers
|upkeep
|turn|9
|
|t:|1779971242
|move|p1a: Alomomola|Flip Turn|p2a: Ting-Lu
|-supereffective|p2a: Ting-Lu
|-damage|p2a: Ting-Lu|57/100 par
|
|t:|1779971246
|switch|p1a: Great Tusk|Great Tusk|100/100|[from] Flip Turn
|move|p2a: Ting-Lu|Spikes|p1a: Great Tusk
|-sidestart|p1: tghvjhklk|Spikes
|
|-heal|p2a: Ting-Lu|63/100 par|[from] item: Leftovers
|upkeep
|turn|10
|inactive|Battle timer is ON: inactive players will automatically lose when time's up. (requested by cyanic_xo)
|
|t:|1779971253
|move|p1a: Great Tusk|Rapid Spin|p2a: Ting-Lu
|-damage|p2a: Ting-Lu|55/100 par
|-boost|p1a: Great Tusk|spe|1
|-sideend|p1: tghvjhklk|Spikes|[from] move: Rapid Spin|[of] p1a: Great Tusk
|-sideend|p1: tghvjhklk|Stealth Rock|[from] move: Rapid Spin|[of] p1a: Great Tusk
|move|p2a: Ting-Lu|Ruination|p1a: Great Tusk
|-damage|p1a: Great Tusk|51/100
|
|-heal|p2a: Ting-Lu|61/100 par|[from] item: Leftovers
|upkeep
|turn|11
|
|t:|1779971263
|move|p1a: Great Tusk|Close Combat|p2a: Ting-Lu
|-supereffective|p2a: Ting-Lu
|-damage|p2a: Ting-Lu|5/100 par
|-unboost|p1a: Great Tusk|def|1
|-unboost|p1a: Great Tusk|spd|1
|move|p2a: Ting-Lu|Ruination|p1a: Great Tusk
|-damage|p1a: Great Tusk|26/100
|
|-heal|p2a: Ting-Lu|11/100 par|[from] item: Leftovers
|upkeep
|turn|12
|
|t:|1779971272
|move|p1a: Great Tusk|Headlong Rush|p2a: Ting-Lu
|-damage|p2a: Ting-Lu|0 fnt
|-unboost|p1a: Great Tusk|def|1
|-unboost|p1a: Great Tusk|spd|1
|faint|p2a: Ting-Lu
|
|upkeep
|
|t:|1779971284
|switch|p2a: Blaziken|Blaziken, F, shiny|100/100
|-activate|p2a: Blaziken|move: Sticky Web
|-unboost|p2a: Blaziken|spe|1
|turn|13
|
|t:|1779971293
|-end|p1a: Great Tusk|Protosynthesis|[silent]
|switch|p1a: Dragapult|Dragapult, F|100/100
|move|p2a: Blaziken|Protect||[still]
|-fail|p2a: Blaziken
|
|-ability|p2a: Blaziken|Speed Boost|boost
|-boost|p2a: Blaziken|spe|1
|upkeep
|turn|14
|
|t:|1779971299
|move|p2a: Blaziken|Protect|p2a: Blaziken
|-singleturn|p2a: Blaziken|Protect
|move|p1a: Dragapult|Draco Meteor|p2a: Blaziken
|-activate|p2a: Blaziken|move: Protect
|
|-ability|p2a: Blaziken|Speed Boost|boost
|-boost|p2a: Blaziken|spe|1
|upkeep
|turn|15
|
|t:|1779971309
|-terastallize|p2a: Blaziken|Fire
|move|p1a: Dragapult|Draco Meteor|p2a: Blaziken
|-damage|p2a: Blaziken|29/100
|-unboost|p1a: Dragapult|spa|2
|move|p2a: Blaziken|Knock Off|p1a: Dragapult
|-supereffective|p1a: Dragapult
|-damage|p1a: Dragapult|0 fnt
|-enditem|p1a: Dragapult|Heavy-Duty Boots|[from] move: Knock Off|[of] p2a: Blaziken
|faint|p1a: Dragapult
|
|-ability|p2a: Blaziken|Speed Boost|boost
|-boost|p2a: Blaziken|spe|1
|upkeep
|
|t:|1779971324
|switch|p1a: Kingambit|Kingambit, F|100/100
|-activate|p1a: Kingambit|ability: Supreme Overlord
|-start|p1a: Kingambit|fallen1|[silent]
|turn|16
|
|t:|1779971329
|move|p2a: Blaziken|Protect|p2a: Blaziken
|-singleturn|p2a: Blaziken|Protect
|move|p1a: Kingambit|Sucker Punch||[still]
|-fail|p1a: Kingambit
|
|-ability|p2a: Blaziken|Speed Boost|boost
|-boost|p2a: Blaziken|spe|1
|upkeep
|turn|17
|
|t:|1779971336
|move|p1a: Kingambit|Sucker Punch|p2a: Blaziken
|-damage|p2a: Blaziken|0 fnt
|faint|p2a: Blaziken
|
|upkeep
|
|t:|1779971340
|switch|p2a: Arbok|Arbok, M, shiny|46/100
|-activate|p2a: Arbok|move: Sticky Web
|-unboost|p2a: Arbok|spe|1
|-ability|p2a: Arbok|Intimidate|boost
|-unboost|p1a: Kingambit|atk|1
|turn|18
|
|t:|1779971348
|move|p1a: Kingambit|Swords Dance|p1a: Kingambit
|-boost|p1a: Kingambit|atk|2
|move|p2a: Arbok|Coil|p2a: Arbok
|-boost|p2a: Arbok|atk|1
|-boost|p2a: Arbok|def|1
|-boost|p2a: Arbok|accuracy|1
|
|-heal|p2a: Arbok|52/100|[from] item: Leftovers
|upkeep
|turn|19
|
|t:|1779971359
|switch|p2a: Jirachi|Jirachi|100/100
|-activate|p2a: Jirachi|move: Sticky Web
|-unboost|p2a: Jirachi|spe|1
|move|p1a: Kingambit|Kowtow Cleave|p2a: Jirachi
|-supereffective|p2a: Jirachi
|-damage|p2a: Jirachi|0 fnt
|faint|p2a: Jirachi
|
|upkeep
|-message|cyanic_xo forfeited.
|
|win|tghvjhklk
|raw|tghvjhklk's rating: 1168 &rarr; <strong>1199</strong><br />(+31 for winning)
|raw|cyanic_xo's rating: 1247 &rarr; <strong>1216</strong><br />(-31 for losing)
|l|☆cyanic_xo
|player|p2|
|l|☆tghvjhklk
|player|p1|
