|j|☆bigboi629
|j|☆delacroixxx
|t:|1779949872
|gametype|singles
|player|p1|bigboi629|miku-ghost|1475
|player|p2|delacroixxx|az|1445
|gen|9
|tier|[Gen 9] OU
|rated|
|rule|HP Percentage Mod: HP is shown in percentages
|rule|Endless Battle Clause: Forcing endless battles is banned
|rule|Species Clause: Limit one of each Pokémon
|rule|OHKO Clause: OHKO moves are banned
|rule|Evasion Items Clause: Evasion items are banned
|rule|Evasion Moves Clause: Evasion moves are banned
|rule|Evasion Abilities Clause: Evasion abilities are banned
|rule|Sleep Moves Clause: Sleep-inducing moves are banned
|clearpoke
|poke|p1|Great Tusk|
|poke|p1|Pecharunt|
|poke|p1|Cinderace, M|
|poke|p1|Alomomola, F|
|poke|p1|Meowscarada, F|
|poke|p1|Sylveon, F|
|poke|p2|Maushold|
|poke|p2|Azumarill, M|
|poke|p2|Kingambit, F|
|poke|p2|Dragapult, M|
|poke|p2|Great Tusk|
|poke|p2|Eiscue, M|
|teampreview
|inactive|Battle timer is ON: inactive players will automatically lose when time's up. (requested by delacroixxx)
|
|t:|1779949900
|teamsize|p1|6
|teamsize|p2|6
|start
|switch|p1a: Meowscarada|Meowscarada, F, shiny|100/100
|switch|p2a: Dragapult|Dragapult, M|100/100
|turn|1
|
|t:|1779949917
|switch|p1a: Pecharunt|Pecharunt|100/100
|move|p2a: Dragapult|Will-O-Wisp|p1a: Pecharunt
|-status|p1a: Pecharunt|brn
|
|-damage|p1a: Pecharunt|94/100 brn|[from] brn
|upkeep
|turn|2
|
|t:|1779949924
|move|p2a: Dragapult|Hex|p1a: Pecharunt
|-supereffective|p1a: Pecharunt
|-damage|p1a: Pecharunt|0 fnt
|faint|p1a: Pecharunt
|
|upkeep
|
|t:|1779949931
|switch|p1a: Sylveon|Sylveon, F, shiny|100/100
|turn|3
|
|t:|1779949936
|move|p2a: Dragapult|Thunder Wave|p1a: Sylveon
|-status|p1a: Sylveon|par
|move|p1a: Sylveon|Hyper Voice|p2a: Dragapult
|-supereffective|p2a: Dragapult
|-enditem|p2a: Dragapult|Focus Sash
|-damage|p2a: Dragapult|1/100
|
|upkeep
|turn|4
|
|t:|1779949940
|move|p2a: Dragapult|Hex|p1a: Sylveon
|-crit|p1a: Sylveon
|-damage|p1a: Sylveon|37/100 par
|move|p1a: Sylveon|Hyper Voice|p2a: Dragapult
|-supereffective|p2a: Dragapult
|-damage|p2a: Dragapult|0 fnt
|faint|p2a: Dragapult
|
|upkeep
|
|t:|1779949950
|switch|p2a: Great Tusk|Great Tusk|100/100
|turn|5
|
|t:|1779949958
|switch|p1a: Alomomola|Alomomola, F, shiny|100/100
|move|p2a: Great Tusk|Headlong Rush|p1a: Alomomola
|-damage|p1a: Alomomola|57/100
|-unboost|p2a: Great Tusk|def|1
|-unboost|p2a: Great Tusk|spd|1
|-enditem|p2a: Great Tusk|Eject Pack
|
|t:|1779949962
|-end|p2a: Great Tusk|Protosynthesis|[silent]
|switch|p2a: Tandemauss|Maushold, shiny|100/100
|
|upkeep
|turn|6
|
|t:|1779949969
|move|p2a: Tandemauss|Population Bomb|p1a: Alomomola
|-damage|p1a: Alomomola|49/100
|-damage|p1a: Alomomola|41/100
|-damage|p1a: Alomomola|34/100
|-damage|p1a: Alomomola|27/100
|-damage|p1a: Alomomola|20/100
|-damage|p1a: Alomomola|13/100
|-damage|p1a: Alomomola|6/100
|-damage|p1a: Alomomola|0 fnt
|faint|p1a: Alomomola
|-hitcount|p1: Alomomola|8
|
|upkeep
|
|t:|1779949978
|switch|p1a: Meowscarada|Meowscarada, F, shiny|100/100
|turn|7
|
|t:|1779949982
|move|p1a: Meowscarada|Flower Trick|p2a: Tandemauss
|-start|p1a: Meowscarada|typechange|Grass|[from] ability: Protean
|-crit|p2a: Tandemauss
|-damage|p2a: Tandemauss|0 fnt
|faint|p2a: Tandemauss
|
|upkeep
|
|t:|1779949994
|switch|p2a: Eiscue|Eiscue, M, shiny|100/100
|turn|8
|
|t:|1779950019
|switch|p1a: Cinderace|Cinderace, M, shiny|100/100
|move|p2a: Eiscue|Belly Drum|p2a: Eiscue
|-damage|p2a: Eiscue|51/100
|-setboost|p2a: Eiscue|atk|6|[from] move: Belly Drum
|
|upkeep
|turn|9
|
|t:|1779950025
|move|p1a: Cinderace|U-turn|p2a: Eiscue
|-activate|p2a: Eiscue|ability: Ice Face
|-damage|p2a: Eiscue|51/100
|detailschange|p2a: Eiscue|Eiscue-Noice, M, shiny
|
|t:|1779950027
|switch|p1a: Sylveon|Sylveon, F, shiny|37/100 par|[from] U-turn
|move|p2a: Eiscue|Liquidation|p1a: Sylveon
|-damage|p1a: Sylveon|0 fnt
|faint|p1a: Sylveon
|
|upkeep
|inactive|bigboi629 has 120 seconds left.
|inactive|bigboi629 has 90 seconds left.
|
|t:|1779950092
|switch|p1a: Meowscarada|Meowscarada, F, shiny|100/100
|turn|10
|
|t:|1779950104
|move|p2a: Eiscue|Ice Spinner|p1a: Meowscarada
|-supereffective|p1a: Meowscarada
|-damage|p1a: Meowscarada|0 fnt
|faint|p1a: Meowscarada
|
|upkeep
|
|t:|1779950116
|switch|p1a: Cinderace|Cinderace, M, shiny|100/100
|turn|11
|
|t:|1779950118
|move|p2a: Eiscue|Liquidation|p1a: Cinderace
|-supereffective|p1a: Cinderace
|-damage|p1a: Cinderace|0 fnt
|faint|p1a: Cinderace
|
|upkeep
|-message|bigboi629 forfeited.
|
|win|delacroixxx
|raw|bigboi629's rating: 1475 &rarr; <strong>1453</strong><br />(-22 for losing)
|raw|delacroixxx's rating: 1445 &rarr; <strong>1467</strong><br />(+22 for winning)
|l|☆bigboi629
|player|p1|
|l|☆delacroixxx
|player|p2|
