|j|☆Spirit Guardian
|j|☆Lord of Decay
|t:|1779905867
|gametype|singles
|player|p1|Spirit Guardian|102|1431
|player|p2|Lord of Decay|ghetsis|1466
|gen|9
|tier|[Gen 9] OU
|rated|
|rule|HP Percentage Mod: HP is shown in percentages
|rule|Endless Battle Clause: Forcing endless battles is banned
|rule|Species Clause: Limit one of each Pokémon
|rule|OHKO Clause: OHKO moves are banned
|rule|Evasion Items Clause: Evasion items are banned
|rule|Evasion Moves Clause: Evasion moves are banned
|rule|Evasion Abilities Clause: Evasion abilities are banned
|rule|Sleep Moves Clause: Sleep-inducing moves are banned
|clearpoke
|poke|p1|Glimmora, M|
|poke|p1|Mimikyu, M|
|poke|p1|Quaquaval, M|
|poke|p1|Iron Moth|
|poke|p1|Galvantula, M|
|poke|p1|Dragonite, M|
|poke|p2|Kingambit, F|
|poke|p2|Slowking-Galar, M|
|poke|p2|Kyurem|
|poke|p2|Corviknight, M|
|poke|p2|Cinderace, M|
|poke|p2|Gliscor, F|
|teampreview
|inactive|Battle timer is ON: inactive players will automatically lose when time's up. (requested by Lord of Decay)
|
|t:|1779905876
|teamsize|p1|6
|teamsize|p2|6
|start
|switch|p1a: Galvantula|Galvantula, M, shiny|100/100
|switch|p2a: Cinderace|Cinderace, M|100/100
|turn|1
|
|t:|1779905880
|move|p2a: Cinderace|Pyro Ball|p1a: Galvantula
|-supereffective|p1a: Galvantula
|-enditem|p1a: Galvantula|Focus Sash
|-damage|p1a: Galvantula|1/100
|move|p1a: Galvantula|Sticky Web|p2a: Cinderace
|-sidestart|p2: Lord of Decay|move: Sticky Web
|
|upkeep
|turn|2
|
|t:|1779905884
|move|p2a: Cinderace|Pyro Ball|p1a: Galvantula
|-supereffective|p1a: Galvantula
|-damage|p1a: Galvantula|0 fnt
|faint|p1a: Galvantula
|
|upkeep
|
|t:|1779905888
|switch|p1a: Glimmora|Glimmora, M|100/100
|-item|p1a: Glimmora|Air Balloon
|turn|3
|
|t:|1779905891
|move|p2a: Cinderace|Court Change|p2a: Cinderace
|-start|p2a: Cinderace|typechange|Normal|[from] ability: Libero
|-swapsideconditions
|-activate|p2a: Cinderace|move: Court Change
|move|p1a: Glimmora|Mortal Spin|p2a: Cinderace
|-damage|p2a: Cinderace|91/100
|-status|p2a: Cinderace|psn
|-sideend|p1: Spirit Guardian|Sticky Web|[from] move: Mortal Spin|[of] p1a: Glimmora
|
|-damage|p2a: Cinderace|79/100 psn|[from] psn
|upkeep
|turn|4
|
|t:|1779905900
|switch|p2a: Corviknight|Corviknight, M|100/100
|-ability|p2a: Corviknight|Pressure
|move|p1a: Glimmora|Stealth Rock|p2a: Corviknight
|-sidestart|p2: Lord of Decay|move: Stealth Rock
|
|upkeep
|turn|5
|
|t:|1779905906
|move|p1a: Glimmora|Power Gem|p2a: Corviknight
|-damage|p2a: Corviknight|62/100
|move|p2a: Corviknight|U-turn|p1a: Glimmora
|-resisted|p1a: Glimmora
|-damage|p1a: Glimmora|92/100
|-activate|p1a: Glimmora|ability: Toxic Debris
|-sidestart|p2: Lord of Decay|move: Toxic Spikes
|-enditem|p1a: Glimmora|Air Balloon
|
|t:|1779905919
|switch|p2a: Gliscor|Gliscor, F|100/100|[from] U-turn
|-damage|p2a: Gliscor|88/100|[from] Stealth Rock
|
|-status|p2a: Gliscor|tox|[from] item: Toxic Orb
|upkeep
|turn|6
|
|t:|1779905923
|move|p1a: Glimmora|Power Gem|p2a: Gliscor
|-damage|p2a: Gliscor|49/100 tox
|move|p2a: Gliscor|Knock Off|p1a: Glimmora
|-crit|p1a: Glimmora
|-damage|p1a: Glimmora|66/100
|-activate|p1a: Glimmora|ability: Toxic Debris
|-sidestart|p2: Lord of Decay|move: Toxic Spikes
|
|-heal|p2a: Gliscor|61/100 tox|[from] ability: Poison Heal
|upkeep
|turn|7
|
|t:|1779905932
|move|p2a: Gliscor|Protect|p2a: Gliscor
|-singleturn|p2a: Gliscor|Protect
|move|p1a: Glimmora|Power Gem|p2a: Gliscor
|-activate|p2a: Gliscor|move: Protect
|
|-heal|p2a: Gliscor|74/100 tox|[from] ability: Poison Heal
|upkeep
|turn|8
|
|t:|1779905943
|switch|p2a: Kingambit|Kingambit, F|100/100
|-damage|p2a: Kingambit|94/100|[from] Stealth Rock
|move|p1a: Glimmora|Power Gem|p2a: Kingambit
|-resisted|p2a: Kingambit
|-damage|p2a: Kingambit|70/100
|
|-heal|p2a: Kingambit|76/100|[from] item: Leftovers
|upkeep
|turn|9
|
|t:|1779905952
|move|p1a: Glimmora|Power Gem|p2a: Kingambit
|-resisted|p2a: Kingambit
|-damage|p2a: Kingambit|52/100
|move|p2a: Kingambit|Iron Head|p1a: Glimmora
|-supereffective|p1a: Glimmora
|-damage|p1a: Glimmora|0 fnt
|faint|p1a: Glimmora
|
|-heal|p2a: Kingambit|58/100|[from] item: Leftovers
|upkeep
|
|t:|1779905956
|switch|p1a: Quaquaval|Quaquaval, M|100/100
|turn|10
|
|t:|1779905963
|-end|p2a: Kingambit|fallenundefined|[silent]
|switch|p2a: Corviknight|Corviknight, M|62/100
|-damage|p2a: Corviknight|50/100|[from] Stealth Rock
|-ability|p2a: Corviknight|Pressure
|move|p1a: Quaquaval|Close Combat|p2a: Corviknight
|-damage|p2a: Corviknight|13/100
|-unboost|p1a: Quaquaval|def|1
|-unboost|p1a: Quaquaval|spd|1
|-damage|p1a: Quaquaval|84/100|[from] item: Rocky Helmet|[of] p2a: Corviknight
|-enditem|p1a: Quaquaval|White Herb
|-clearnegativeboost|p1a: Quaquaval|[silent]
|
|upkeep
|turn|11
|
|t:|1779905971
|move|p1a: Quaquaval|Aqua Step|p2a: Corviknight
|-damage|p2a: Corviknight|0 fnt
|-boost|p1a: Quaquaval|spe|1
|-damage|p1a: Quaquaval|68/100|[from] item: Rocky Helmet|[of] p2a: Corviknight
|faint|p2a: Corviknight
|-ability|p1a: Quaquaval|Moxie|boost
|-boost|p1a: Quaquaval|atk|1
|
|upkeep
|
|t:|1779905975
|switch|p2a: Slowking|Slowking-Galar, M|100/100
|-sideend|p2: Lord of Decay|move: Toxic Spikes|[of] p2a: Slowking
|turn|12
|
|t:|1779905981
|move|p1a: Quaquaval|Aqua Step|p2a: Slowking
|-damage|p2a: Slowking|38/100
|-boost|p1a: Quaquaval|spe|1
|move|p2a: Slowking|Thunder Wave|p1a: Quaquaval
|-status|p1a: Quaquaval|par
|
|upkeep
|turn|13
|
|t:|1779905988
|switch|p2a: Kyurem|Kyurem|100/100
|-damage|p2a: Kyurem|76/100|[from] Stealth Rock
|-ability|p2a: Kyurem|Pressure
|cant|p1a: Quaquaval|par
|
|upkeep
|turn|14
|
|t:|1779905993
|move|p2a: Kyurem|Freeze-Dry|p1a: Quaquaval
|-supereffective|p1a: Quaquaval
|-damage|p1a: Quaquaval|0 fnt
|faint|p1a: Quaquaval
|
|upkeep
|
|t:|1779906000
|switch|p1a: Mimikyu|Mimikyu, M|100/100
|turn|15
|
|t:|1779906004
|switch|p2a: Gliscor|Gliscor, F|74/100 tox
|-damage|p2a: Gliscor|61/100 tox|[from] Stealth Rock
|move|p1a: Mimikyu|Swords Dance|p1a: Mimikyu
|-boost|p1a: Mimikyu|atk|2
|
|-heal|p2a: Gliscor|74/100 tox|[from] ability: Poison Heal
|upkeep
|turn|16
|
|t:|1779906008
|move|p1a: Mimikyu|Shadow Claw|p2a: Gliscor
|-damage|p2a: Gliscor|30/100 tox
|move|p2a: Gliscor|Knock Off|p1a: Mimikyu
|-activate|p1a: Mimikyu|ability: Disguise
|-damage|p1a: Mimikyu|100/100
|-enditem|p1a: Mimikyu|Red Card|[from] move: Knock Off|[of] p2a: Gliscor
|detailschange|p1a: Mimikyu|Mimikyu-Busted, M
|-damage|p1a: Mimikyu|88/100|[from] pokemon: Mimikyu-Busted
|
|-heal|p2a: Gliscor|43/100 tox|[from] ability: Poison Heal
|upkeep
|turn|17
|
|t:|1779906016
|move|p2a: Gliscor|Protect|p2a: Gliscor
|-singleturn|p2a: Gliscor|Protect
|move|p1a: Mimikyu|Swords Dance|p1a: Mimikyu
|-boost|p1a: Mimikyu|atk|2
|
|-heal|p2a: Gliscor|55/100 tox|[from] ability: Poison Heal
|upkeep
|turn|18
|
|t:|1779906020
|move|p1a: Mimikyu|Shadow Claw|p2a: Gliscor
|-damage|p2a: Gliscor|0 fnt
|faint|p2a: Gliscor
|
|upkeep
|
|t:|1779906025
|switch|p2a: Cinderace|Cinderace, M|79/100 psn
|turn|19
|
|t:|1779906028
|move|p1a: Mimikyu|Shadow Sneak|p2a: Cinderace
|-damage|p2a: Cinderace|8/100 psn
|move|p2a: Cinderace|Court Change|p2a: Cinderace
|-start|p2a: Cinderace|typechange|Normal|[from] ability: Libero
|-swapsideconditions
|-activate|p2a: Cinderace|move: Court Change
|
|-damage|p2a: Cinderace|0 fnt|[from] psn
|faint|p2a: Cinderace
|upkeep
|
|t:|1779906034
|switch|p2a: Kingambit|Kingambit, F|58/100
|-activate|p2a: Kingambit|ability: Supreme Overlord
|-start|p2a: Kingambit|fallen3|[silent]
|turn|20
|
|t:|1779906040
|move|p1a: Mimikyu|Shadow Sneak|p2a: Kingambit
|-resisted|p2a: Kingambit
|-damage|p2a: Kingambit|36/100
|move|p2a: Kingambit|Sucker Punch||[still]
|-fail|p2a: Kingambit
|
|-heal|p2a: Kingambit|42/100|[from] item: Leftovers
|upkeep
|turn|21
|
|t:|1779906044
|move|p1a: Mimikyu|Play Rough|p2a: Kingambit
|-damage|p2a: Kingambit|0 fnt
|faint|p2a: Kingambit
|-end|p2a: Kingambit|fallen3|[silent]
|
|upkeep
|
|t:|1779906049
|switch|p2a: Slowking|Slowking-Galar, M|71/100
|turn|22
|
|t:|1779906051
|move|p1a: Mimikyu|Shadow Claw|p2a: Slowking
|-supereffective|p2a: Slowking
|-damage|p2a: Slowking|0 fnt
|faint|p2a: Slowking
|
|upkeep
|
|t:|1779906054
|switch|p2a: Kyurem|Kyurem|76/100
|-ability|p2a: Kyurem|Pressure
|turn|23
|
|t:|1779906064
|-terastallize|p2a: Kyurem|Ice
|move|p2a: Kyurem|Freeze-Dry|p1a: Mimikyu
|-damage|p1a: Mimikyu|21/100
|move|p1a: Mimikyu|Play Rough|p2a: Kyurem
|-damage|p2a: Kyurem|0 fnt
|faint|p2a: Kyurem
|
|win|Spirit Guardian
|raw|Spirit Guardian's rating: 1431 &rarr; <strong>1453</strong><br />(+22 for winning)
|raw|Lord of Decay's rating: 1466 &rarr; <strong>1444</strong><br />(-22 for losing)
|l|☆Spirit Guardian
|player|p1|
|l|☆Lord of Decay
|player|p2|
