|j|‽maxcondones
|j|☆Golem Rising
|t:|1779862420
|gametype|singles
|player|p1|maxcondones|2|1495
|player|p2|Golem Rising|bruno|1551
|gen|9
|tier|[Gen 9] OU
|rated|
|rule|HP Percentage Mod: HP is shown in percentages
|rule|Endless Battle Clause: Forcing endless battles is banned
|rule|Species Clause: Limit one of each Pokémon
|rule|OHKO Clause: OHKO moves are banned
|rule|Evasion Items Clause: Evasion items are banned
|rule|Evasion Moves Clause: Evasion moves are banned
|rule|Evasion Abilities Clause: Evasion abilities are banned
|rule|Sleep Moves Clause: Sleep-inducing moves are banned
|clearpoke
|poke|p1|Excadrill, F|
|poke|p1|Hippowdon, F|
|poke|p1|Landorus-Therian, M|
|poke|p1|Ogerpon-Wellspring, F|
|poke|p1|Deoxys-Speed|
|poke|p1|Tyranitar, F|
|poke|p2|Torkoal, M|
|poke|p2|Walking Wake|
|poke|p2|Great Tusk|
|poke|p2|Hatterene, F|
|poke|p2|Ceruledge, M|
|poke|p2|Venusaur, F|
|teampreview
|
|t:|1779862426
|teamsize|p1|6
|teamsize|p2|6
|start
|switch|p1a: Ogerpon|Ogerpon-Wellspring, F|100/100
|switch|p2a: Torkoal|Torkoal, M|100/100
|-weather|SunnyDay|[from] ability: Drought|[of] p2a: Torkoal
|turn|1
|
|t:|1779862440
|switch|p2a: Venusaur|Venusaur, F|100/100
|move|p1a: Ogerpon|U-turn|p2a: Venusaur
|-damage|p2a: Venusaur|66/100
|
|t:|1779862458
|switch|p1a: Tyranitar|Tyranitar, F|100/100|[from] U-turn
|-weather|Sandstorm|[from] ability: Sand Stream|[of] p1a: Tyranitar
|
|-weather|Sandstorm|[upkeep]
|-damage|p2a: Venusaur|60/100|[from] Sandstorm
|upkeep
|turn|2
|
|t:|1779862465
|switch|p2a: Great Tusk|Great Tusk|100/100
|switch|p1a: Excadrill|Excadrill, F|100/100
|
|-weather|Sandstorm|[upkeep]
|upkeep
|turn|3
|
|t:|1779862472
|switch|p1a: Ogerpon|Ogerpon-Wellspring, F|100/100
|move|p2a: Great Tusk|Ice Spinner|p1a: Ogerpon
|-damage|p1a: Ogerpon|44/100
|
|-weather|Sandstorm|[upkeep]
|-damage|p1a: Ogerpon|38/100|[from] Sandstorm
|upkeep
|turn|4
|j| nivalys99
|
|t:|1779862485
|-end|p2a: Great Tusk|Protosynthesis|[silent]
|switch|p2a: Torkoal|Torkoal, M|100/100
|-weather|SunnyDay|[from] ability: Drought|[of] p2a: Torkoal
|move|p1a: Ogerpon|Ivy Cudgel|p2a: Torkoal|[anim] Ivy Cudgel Water
|-supereffective|p2a: Torkoal
|-damage|p2a: Torkoal|65/100
|
|-weather|SunnyDay|[upkeep]
|upkeep
|turn|5
|
|t:|1779862494
|move|p1a: Ogerpon|Spikes|p2a: Torkoal
|-sidestart|p2: Golem Rising|Spikes
|move|p2a: Torkoal|Body Press|p1a: Ogerpon
|-damage|p1a: Ogerpon|0 fnt
|faint|p1a: Ogerpon
|
|-weather|SunnyDay|[upkeep]
|upkeep
|
|t:|1779862497
|switch|p1a: Excadrill|Excadrill, F|100/100
|turn|6
|
|t:|1779862504
|-terastallize|p2a: Torkoal|Grass
|move|p1a: Excadrill|Earthquake|p2a: Torkoal
|-resisted|p2a: Torkoal
|-damage|p2a: Torkoal|38/100
|move|p2a: Torkoal|Lava Plume|p1a: Excadrill
|-supereffective|p1a: Excadrill
|-damage|p1a: Excadrill|4/100
|
|-weather|SunnyDay|[upkeep]
|upkeep
|turn|7
|
|t:|1779862519
|switch|p1a: Tyranitar|Tyranitar, F|100/100
|-weather|Sandstorm|[from] ability: Sand Stream|[of] p1a: Tyranitar
|switch|p2a: Great Tusk|Great Tusk|100/100
|-damage|p2a: Great Tusk|88/100|[from] Spikes
|
|-weather|Sandstorm|[upkeep]
|upkeep
|turn|8
|
|t:|1779862531
|switch|p1a: Landorus|Landorus-Therian, M|100/100
|-ability|p1a: Landorus|Intimidate|boost
|-unboost|p2a: Great Tusk|atk|1
|move|p2a: Great Tusk|Rapid Spin|p1a: Landorus
|-damage|p1a: Landorus|84/100
|-boost|p2a: Great Tusk|spe|1
|-damage|p2a: Great Tusk|71/100|[from] item: Rocky Helmet|[of] p1a: Landorus
|-sideend|p2: Golem Rising|Spikes|[from] move: Rapid Spin|[of] p2a: Great Tusk
|
|-weather|Sandstorm|[upkeep]
|upkeep
|turn|9
|
|t:|1779862543
|-end|p2a: Great Tusk|Protosynthesis|[silent]
|switch|p2a: Hatterene|Hatterene, F|100/100
|-terastallize|p1a: Landorus|Water
|move|p1a: Landorus|U-turn|p2a: Hatterene
|-damage|p2a: Hatterene|80/100
|-enditem|p2a: Hatterene|Eject Button
|
|t:|1779862552
|switch|p2a: Torkoal|Torkoal, M, tera:Grass|38/100
|-weather|SunnyDay|[from] ability: Drought|[of] p2a: Torkoal
|
|-weather|SunnyDay|[upkeep]
|upkeep
|turn|10
|
|t:|1779862560
|switch|p2a: Hatterene|Hatterene, F|80/100
|move|p1a: Landorus|U-turn|p2a: Hatterene
|-damage|p2a: Hatterene|59/100
|
|t:|1779862565
|switch|p1a: Excadrill|Excadrill, F|4/100|[from] U-turn
|
|-weather|SunnyDay|[upkeep]
|upkeep
|turn|11
|
|t:|1779862572
|switch|p2a: Walking Wake|Walking Wake|100/100
|-activate|p2a: Walking Wake|ability: Protosynthesis
|-start|p2a: Walking Wake|protosynthesisspe
|move|p1a: Excadrill|Earthquake|p2a: Walking Wake
|-damage|p2a: Walking Wake|9/100
|
|-weather|SunnyDay|[upkeep]
|upkeep
|turn|12
|
|t:|1779862579
|switch|p1a: Tyranitar|Tyranitar, F|100/100
|-weather|Sandstorm|[from] ability: Sand Stream|[of] p1a: Tyranitar
|-end|p2a: Walking Wake|Protosynthesis
|move|p2a: Walking Wake|Hydro Steam|p1a: Tyranitar
|-supereffective|p1a: Tyranitar
|-damage|p1a: Tyranitar|42/100
|-enditem|p1a: Tyranitar|Eject Button
|
|t:|1779862583
|switch|p1a: Excadrill|Excadrill, F|4/100
|
|-weather|Sandstorm|[upkeep]
|-damage|p2a: Walking Wake|3/100|[from] Sandstorm
|upkeep
|turn|13
|
|t:|1779862592
|move|p1a: Excadrill|Earthquake|p2a: Walking Wake
|-damage|p2a: Walking Wake|0 fnt
|faint|p2a: Walking Wake
|-end|p2a: Walking Wake|Protosynthesis|[silent]
|
|-weather|Sandstorm|[upkeep]
|upkeep
|
|t:|1779862597
|switch|p2a: Great Tusk|Great Tusk|71/100
|turn|14
|
|t:|1779862606
|switch|p1a: Landorus|Landorus-Therian, M, tera:Water|84/100
|-ability|p1a: Landorus|Intimidate|boost
|-unboost|p2a: Great Tusk|atk|1
|move|p2a: Great Tusk|Ice Spinner|p1a: Landorus
|-resisted|p1a: Landorus
|-damage|p1a: Landorus|70/100
|-damage|p2a: Great Tusk|55/100|[from] item: Rocky Helmet|[of] p1a: Landorus
|
|-weather|Sandstorm|[upkeep]
|-damage|p1a: Landorus|64/100|[from] Sandstorm
|upkeep
|turn|15
|
|t:|1779862622
|-end|p2a: Great Tusk|Protosynthesis|[silent]
|switch|p2a: Hatterene|Hatterene, F|59/100
|move|p1a: Landorus|Taunt|p2a: Hatterene
|move|p2a: Hatterene|Taunt|p1a: Landorus|[from] ability: Magic Bounce
|-start|p1a: Landorus|move: Taunt
|
|-weather|Sandstorm|[upkeep]
|-damage|p1a: Landorus|58/100|[from] Sandstorm
|-damage|p2a: Hatterene|53/100|[from] Sandstorm
|upkeep
|turn|16
|
|t:|1779862631
|move|p1a: Landorus|Earth Power|p2a: Hatterene
|-damage|p2a: Hatterene|17/100
|move|p2a: Hatterene|Draining Kiss|p1a: Landorus
|-damage|p1a: Landorus|27/100
|-heal|p2a: Hatterene|45/100|[from] drain|[of] p1a: Landorus
|-damage|p2a: Hatterene|28/100|[from] item: Rocky Helmet|[of] p1a: Landorus
|
|-weather|none
|upkeep
|turn|17
|
|t:|1779862642
|move|p1a: Landorus|Earth Power|p2a: Hatterene
|-damage|p2a: Hatterene|0 fnt
|faint|p2a: Hatterene
|
|upkeep
|
|t:|1779862652
|switch|p2a: Ceruledge|Ceruledge, M|100/100
|turn|18
|
|t:|1779862655
|switch|p1a: Hippowdon|Hippowdon, F|100/100
|-weather|Sandstorm|[from] ability: Sand Stream|[of] p1a: Hippowdon
|move|p2a: Ceruledge|Swords Dance|p2a: Ceruledge
|-boost|p2a: Ceruledge|atk|2
|
|-weather|Sandstorm|[upkeep]
|-damage|p2a: Ceruledge|94/100|[from] Sandstorm
|upkeep
|turn|19
|
|t:|1779862673
|move|p2a: Ceruledge|Bitter Blade|p1a: Hippowdon
|-damage|p1a: Hippowdon|47/100
|-heal|p2a: Ceruledge|100/100|[from] drain|[of] p1a: Hippowdon
|-enditem|p1a: Hippowdon|Eject Button
|
|t:|1779862676
|switch|p1a: Landorus|Landorus-Therian, M, tera:Water|27/100
|-ability|p1a: Landorus|Intimidate|boost
|-unboost|p2a: Ceruledge|atk|1
|
|-weather|Sandstorm|[upkeep]
|-damage|p1a: Landorus|21/100|[from] Sandstorm
|-damage|p2a: Ceruledge|94/100|[from] Sandstorm
|upkeep
|turn|20
|
|t:|1779862683
|move|p2a: Ceruledge|Shadow Sneak|p1a: Landorus
|-damage|p1a: Landorus|0 fnt
|-damage|p2a: Ceruledge|78/100|[from] item: Rocky Helmet|[of] p1a: Landorus
|faint|p1a: Landorus
|
|-weather|Sandstorm|[upkeep]
|-damage|p2a: Ceruledge|72/100|[from] Sandstorm
|upkeep
|
|t:|1779862689
|switch|p1a: Hippowdon|Hippowdon, F|47/100
|turn|21
|
|t:|1779862693
|move|p2a: Ceruledge|Poltergeist||[still]
|-fail|p2a: Ceruledge
|move|p1a: Hippowdon|Slack Off|p1a: Hippowdon
|-heal|p1a: Hippowdon|97/100
|
|-weather|Sandstorm|[upkeep]
|-damage|p2a: Ceruledge|65/100|[from] Sandstorm
|upkeep
|turn|22
|
|t:|1779862705
|move|p2a: Ceruledge|Bitter Blade|p1a: Hippowdon
|-damage|p1a: Hippowdon|58/100
|-heal|p2a: Ceruledge|94/100|[from] drain|[of] p1a: Hippowdon
|move|p1a: Hippowdon|Stealth Rock|p2a: Ceruledge
|-sidestart|p2: Golem Rising|move: Stealth Rock
|
|-weather|none
|upkeep
|turn|23
|
|t:|1779862715
|move|p2a: Ceruledge|Bitter Blade|p1a: Hippowdon
|-damage|p1a: Hippowdon|15/100
|-heal|p2a: Ceruledge|100/100|[from] drain|[of] p1a: Hippowdon
|move|p1a: Hippowdon|Slack Off|p1a: Hippowdon
|-heal|p1a: Hippowdon|65/100
|
|upkeep
|turn|24
|
|t:|1779862726
|switch|p1a: Tyranitar|Tyranitar, F|42/100
|-weather|Sandstorm|[from] ability: Sand Stream|[of] p1a: Tyranitar
|move|p2a: Ceruledge|Swords Dance|p2a: Ceruledge
|-boost|p2a: Ceruledge|atk|2
|
|-weather|Sandstorm|[upkeep]
|-damage|p2a: Ceruledge|94/100|[from] Sandstorm
|upkeep
|turn|25
|
|t:|1779862734
|move|p2a: Ceruledge|Bitter Blade|p1a: Tyranitar
|-resisted|p1a: Tyranitar
|-damage|p1a: Tyranitar|0 fnt
|-heal|p2a: Ceruledge|100/100|[from] drain|[of] p1a: Tyranitar
|faint|p1a: Tyranitar
|
|-weather|Sandstorm|[upkeep]
|-damage|p2a: Ceruledge|94/100|[from] Sandstorm
|upkeep
|
|t:|1779862742
|switch|p1a: Hippowdon|Hippowdon, F|65/100
|turn|26
|
|t:|1779862745
|move|p2a: Ceruledge|Bitter Blade|p1a: Hippowdon
|-damage|p1a: Hippowdon|2/100
|-heal|p2a: Ceruledge|100/100|[from] drain|[of] p1a: Hippowdon
|move|p1a: Hippowdon|Roar|p2a: Ceruledge
|drag|p2a: Venusaur|Venusaur, F|60/100
|-damage|p2a: Venusaur|48/100|[from] Stealth Rock
|
|-weather|Sandstorm|[upkeep]
|-damage|p2a: Venusaur|42/100|[from] Sandstorm
|upkeep
|turn|27
|
|t:|1779862761
|move|p2a: Venusaur|Giga Drain|p1a: Hippowdon
|-supereffective|p1a: Hippowdon
|-damage|p1a: Hippowdon|0 fnt
|-heal|p2a: Venusaur|43/100|[from] drain|[of] p1a: Hippowdon
|faint|p1a: Hippowdon
|-damage|p2a: Venusaur|33/100|[from] item: Life Orb
|
|-weather|Sandstorm|[upkeep]
|-damage|p2a: Venusaur|27/100|[from] Sandstorm
|upkeep
|
|t:|1779862763
|switch|p1a: Excadrill|Excadrill, F|4/100
|turn|28
|
|t:|1779862774
|move|p1a: Excadrill|Earthquake|p2a: Venusaur
|-damage|p2a: Venusaur|0 fnt
|faint|p2a: Venusaur
|
|-weather|none
|upkeep
|
|t:|1779862780
|switch|p2a: Great Tusk|Great Tusk|55/100
|-damage|p2a: Great Tusk|52/100|[from] Stealth Rock
|turn|29
|
|t:|1779862785
|move|p2a: Great Tusk|Rapid Spin|p1a: Excadrill
|-resisted|p1a: Excadrill
|-damage|p1a: Excadrill|0 fnt
|-boost|p2a: Great Tusk|spe|1
|-sideend|p2: Golem Rising|Stealth Rock|[from] move: Rapid Spin|[of] p2a: Great Tusk
|faint|p1a: Excadrill
|
|upkeep
|
|t:|1779862789
|switch|p1a: Deoxys|Deoxys-Speed|100/100
|-ability|p1a: Deoxys|Pressure
|turn|30
|
|t:|1779862793
|move|p1a: Deoxys|Ice Beam|p2a: Great Tusk
|-supereffective|p2a: Great Tusk
|-damage|p2a: Great Tusk|0 fnt
|faint|p2a: Great Tusk
|-end|p2a: Great Tusk|Protosynthesis|[silent]
|
|upkeep
|
|t:|1779862799
|switch|p2a: Ceruledge|Ceruledge, M|100/100
|turn|31
|
|t:|1779862802
|move|p2a: Ceruledge|Shadow Sneak|p1a: Deoxys
|-supereffective|p1a: Deoxys
|-damage|p1a: Deoxys|30/100
|move|p1a: Deoxys|Psycho Boost|p2a: Ceruledge
|-damage|p2a: Ceruledge|33/100
|-unboost|p1a: Deoxys|spa|2
|
|upkeep
|turn|32
|
|t:|1779862809
|move|p2a: Ceruledge|Shadow Sneak|p1a: Deoxys
|-supereffective|p1a: Deoxys
|-damage|p1a: Deoxys|0 fnt
|faint|p1a: Deoxys
|
|win|Golem Rising
|raw|maxcondones's rating: 1495 &rarr; <strong>1478</strong><br />(-17 for losing)
|raw|Golem Rising's rating: 1551 &rarr; <strong>1568</strong><br />(+17 for winning)
|l|☆Golem Rising
|player|p2|
