|j|☆YoSoyDelBronx
|j|☆Jihi1
|t:|1779891691
|gametype|singles
|player|p1|YoSoyDelBronx|noland|1240
|player|p2|Jihi1|ghetsis-gen5bw|1251
|gen|9
|tier|[Gen 9] OU
|rated|
|rule|HP Percentage Mod: HP is shown in percentages
|rule|Endless Battle Clause: Forcing endless battles is banned
|rule|Species Clause: Limit one of each Pokémon
|rule|OHKO Clause: OHKO moves are banned
|rule|Evasion Items Clause: Evasion items are banned
|rule|Evasion Moves Clause: Evasion moves are banned
|rule|Evasion Abilities Clause: Evasion abilities are banned
|rule|Sleep Moves Clause: Sleep-inducing moves are banned
|clearpoke
|poke|p1|Corviknight, F|
|poke|p1|Cinderace, M|
|poke|p1|Porygon-Z|
|poke|p1|Zamazenta-*|
|poke|p1|Ogerpon-Wellspring, F|
|poke|p1|Golem-Alola, M|
|poke|p2|Toxapex, F|
|poke|p2|Brambleghast, F|
|poke|p2|Alomomola, F|
|poke|p2|Skarmory, M|
|poke|p2|Ting-Lu|
|poke|p2|Deoxys-Speed|
|teampreview
|
|t:|1779891702
|teamsize|p1|6
|teamsize|p2|6
|start
|switch|p1a: Porygon-Z|Porygon-Z|100/100
|switch|p2a: Deoxys|Deoxys-Speed|100/100
|-ability|p2a: Deoxys|Pressure
|-ability|p1a: Porygon-Z|Download|boost
|-boost|p1a: Porygon-Z|atk|1
|turn|1
|
|t:|1779891711
|move|p2a: Deoxys|Focus Blast|p1a: Porygon-Z
|-supereffective|p1a: Porygon-Z
|-damage|p1a: Porygon-Z|0 fnt
|faint|p1a: Porygon-Z
|
|upkeep
|
|t:|1779891721
|switch|p1a: Cinderace|Cinderace, M|100/100
|turn|2
|
|t:|1779891726
|switch|p2a: Toxapex|Toxapex, F|100/100
|move|p1a: Cinderace|U-turn|p2a: Toxapex
|-resisted|p2a: Toxapex
|-damage|p2a: Toxapex|93/100
|-damage|p1a: Cinderace|84/100|[from] item: Rocky Helmet|[of] p2a: Toxapex
|
|t:|1779891738
|switch|p1a: Ogerpon|Ogerpon-Wellspring, F|100/100|[from] U-turn
|
|upkeep
|turn|3
|
|t:|1779891746
|move|p1a: Ogerpon|U-turn|p2a: Toxapex
|-resisted|p2a: Toxapex
|-damage|p2a: Toxapex|83/100
|-damage|p1a: Ogerpon|84/100|[from] item: Rocky Helmet|[of] p2a: Toxapex
|
|t:|1779891749
|switch|p1a: Corviknight|Corviknight, F|100/100|[from] U-turn
|-ability|p1a: Corviknight|Pressure
|move|p2a: Toxapex|Toxic|p1a: Corviknight
|-immune|p1a: Corviknight
|
|upkeep
|turn|4
|
|t:|1779891757
|switch|p2a: Skarmory|Skarmory, M|100/100
|move|p1a: Corviknight|Iron Defense|p1a: Corviknight
|-boost|p1a: Corviknight|def|2
|
|upkeep
|turn|5
|
|t:|1779891761
|move|p2a: Skarmory|Stealth Rock|p1a: Corviknight
|-sidestart|p1: YoSoyDelBronx|move: Stealth Rock
|move|p1a: Corviknight|Body Press|p2a: Skarmory
|-damage|p2a: Skarmory|72/100
|
|-heal|p2a: Skarmory|78/100|[from] item: Leftovers
|upkeep
|turn|6
|
|t:|1779891765
|move|p1a: Corviknight|Iron Defense|p1a: Corviknight
|-boost|p1a: Corviknight|def|2
|move|p2a: Skarmory|Whirlwind|p1a: Corviknight
|drag|p1a: Ogerpon|Ogerpon-Wellspring, F|84/100
|-damage|p1a: Ogerpon|72/100|[from] Stealth Rock
|
|-heal|p2a: Skarmory|84/100|[from] item: Leftovers
|upkeep
|turn|7
|
|t:|1779891771
|move|p1a: Ogerpon|Encore|p2a: Skarmory
|-start|p2a: Skarmory|Encore
|move|p2a: Skarmory|Whirlwind|p1a: Ogerpon
|drag|p1a: Zamazenta|Zamazenta|100/100
|-damage|p1a: Zamazenta|94/100|[from] Stealth Rock
|-ability|p1a: Zamazenta|Dauntless Shield|boost
|-boost|p1a: Zamazenta|def|1
|
|-heal|p2a: Skarmory|90/100|[from] item: Leftovers
|upkeep
|turn|8
|
|t:|1779891778
|switch|p2a: Brambleghast|Brambleghast, F, shiny|100/100
|move|p1a: Zamazenta|Close Combat|p2a: Brambleghast
|-immune|p2a: Brambleghast
|
|upkeep
|turn|9
|
|t:|1779891785
|move|p1a: Zamazenta|Crunch|p2a: Brambleghast
|-supereffective|p2a: Brambleghast
|-damage|p2a: Brambleghast|35/100
|-damage|p1a: Zamazenta|84/100|[from] item: Life Orb
|move|p2a: Brambleghast|Leech Seed|p1a: Zamazenta
|-start|p1a: Zamazenta|move: Leech Seed
|
|-damage|p1a: Zamazenta|72/100|[from] Leech Seed|[of] p2a: Brambleghast
|-heal|p2a: Brambleghast|48/100|[silent]
|upkeep
|turn|10
|
|t:|1779891792
|switch|p2a: Skarmory|Skarmory, M|90/100
|move|p1a: Zamazenta|Crunch|p2a: Skarmory
|-damage|p2a: Skarmory|71/100
|-damage|p1a: Zamazenta|62/100|[from] item: Life Orb
|
|-heal|p2a: Skarmory|77/100|[from] item: Leftovers
|-damage|p1a: Zamazenta|50/100|[from] Leech Seed|[of] p2a: Skarmory
|-heal|p2a: Skarmory|89/100|[silent]
|upkeep
|turn|11
|
|t:|1779891797
|move|p1a: Zamazenta|Stone Edge|p2a: Skarmory|[miss]
|-miss|p1a: Zamazenta|p2a: Skarmory
|move|p2a: Skarmory|Spikes|p1a: Zamazenta
|-sidestart|p1: YoSoyDelBronx|Spikes
|
|-heal|p2a: Skarmory|95/100|[from] item: Leftovers
|-damage|p1a: Zamazenta|38/100|[from] Leech Seed|[of] p2a: Skarmory
|-heal|p2a: Skarmory|100/100|[silent]
|upkeep
|turn|12
|
|t:|1779891799
|move|p1a: Zamazenta|Close Combat|p2a: Skarmory
|-damage|p2a: Skarmory|58/100
|-unboost|p1a: Zamazenta|def|1
|-unboost|p1a: Zamazenta|spd|1
|-damage|p1a: Zamazenta|28/100|[from] item: Life Orb
|move|p2a: Skarmory|Spikes|p1a: Zamazenta
|-sidestart|p1: YoSoyDelBronx|Spikes
|
|-heal|p2a: Skarmory|64/100|[from] item: Leftovers
|-damage|p1a: Zamazenta|16/100|[from] Leech Seed|[of] p2a: Skarmory
|-heal|p2a: Skarmory|76/100|[silent]
|upkeep
|turn|13
|
|t:|1779891801
|move|p1a: Zamazenta|Close Combat|p2a: Skarmory
|-damage|p2a: Skarmory|33/100
|-unboost|p1a: Zamazenta|def|1
|-unboost|p1a: Zamazenta|spd|1
|-damage|p1a: Zamazenta|6/100|[from] item: Life Orb
|move|p2a: Skarmory|Spikes|p1a: Zamazenta
|-sidestart|p1: YoSoyDelBronx|Spikes
|
|-heal|p2a: Skarmory|39/100|[from] item: Leftovers
|-damage|p1a: Zamazenta|0 fnt|[from] Leech Seed|[of] p2a: Skarmory
|-heal|p2a: Skarmory|45/100|[silent]
|faint|p1a: Zamazenta
|upkeep
|
|t:|1779891806
|switch|p1a: Hustle Hard|Golem-Alola, M, shiny|100/100
|-damage|p1a: Hustle Hard|88/100|[from] Stealth Rock
|-damage|p1a: Hustle Hard|63/100|[from] Spikes
|turn|14
|
|t:|1779891814
|move|p1a: Hustle Hard|Supercell Slam|p2a: Skarmory
|-supereffective|p2a: Skarmory
|-damage|p2a: Skarmory|0 fnt
|faint|p2a: Skarmory
|
|upkeep
|
|t:|1779891817
|switch|p2a: Ting-Lu|Ting-Lu|100/100
|-ability|p2a: Ting-Lu|Vessel of Ruin
|turn|15
|
|t:|1779891823
|switch|p1a: Corviknight|Corviknight, F|100/100
|-damage|p1a: Corviknight|88/100|[from] Stealth Rock
|-ability|p1a: Corviknight|Pressure
|move|p2a: Ting-Lu|Ruination|p1a: Corviknight
|-damage|p1a: Corviknight|44/100
|
|upkeep
|turn|16
|
|t:|1779891833
|move|p1a: Corviknight|Roost|p1a: Corviknight
|-heal|p1a: Corviknight|94/100
|-singleturn|p1a: Corviknight|move: Roost
|move|p2a: Ting-Lu|Whirlwind|p1a: Corviknight
|drag|p1a: Ogerpon|Ogerpon-Wellspring, F|72/100
|-damage|p1a: Ogerpon|59/100|[from] Stealth Rock
|-damage|p1a: Ogerpon|34/100|[from] Spikes
|
|upkeep
|turn|17
|
|t:|1779891840
|switch|p2a: Toxapex|Toxapex, F|100/100
|move|p1a: Ogerpon|Knock Off|p2a: Toxapex
|-crit|p2a: Toxapex
|-damage|p2a: Toxapex|57/100
|-damage|p1a: Ogerpon|18/100|[from] item: Rocky Helmet|[of] p2a: Toxapex
|-enditem|p2a: Toxapex|Rocky Helmet|[from] move: Knock Off|[of] p1a: Ogerpon
|
|upkeep
|turn|18
|
|t:|1779891846
|move|p1a: Ogerpon|Ivy Cudgel|p2a: Toxapex|[anim] Ivy Cudgel Water
|-resisted|p2a: Toxapex
|-damage|p2a: Toxapex|33/100
|move|p2a: Toxapex|Recover|p2a: Toxapex
|-heal|p2a: Toxapex|83/100
|
|upkeep
|turn|19
|
|t:|1779891850
|move|p1a: Ogerpon|Encore|p2a: Toxapex
|-start|p2a: Toxapex|Encore
|move|p2a: Toxapex|Recover|p2a: Toxapex
|-heal|p2a: Toxapex|100/100
|
|upkeep
|turn|20
|
|t:|1779891854
|switch|p2a: Alomomola|Alomomola, F|100/100
|move|p1a: Ogerpon|Ivy Cudgel|p2a: Alomomola|[anim] Ivy Cudgel Water
|-resisted|p2a: Alomomola
|-damage|p2a: Alomomola|77/100
|
|upkeep
|turn|21
|
|t:|1779891861
|move|p1a: Ogerpon|Knock Off|p2a: Alomomola
|-crit|p2a: Alomomola
|-damage|p2a: Alomomola|33/100
|-damage|p1a: Ogerpon|1/100|[from] item: Rocky Helmet|[of] p2a: Alomomola
|-enditem|p2a: Alomomola|Rocky Helmet|[from] move: Knock Off|[of] p1a: Ogerpon
|move|p2a: Alomomola|Wish|p2a: Alomomola
|
|upkeep
|turn|22
|
|t:|1779891869
|move|p2a: Alomomola|Aqua Jet|p1a: Ogerpon
|-heal|p1a: Ogerpon|26/100|[from] ability: Water Absorb|[of] p2a: Alomomola
|move|p1a: Ogerpon|Ivy Cudgel|p2a: Alomomola|[anim] Ivy Cudgel Water
|-resisted|p2a: Alomomola
|-damage|p2a: Alomomola|11/100
|
|-heal|p2a: Alomomola|61/100|[from] move: Wish|[wisher] Alomomola
|upkeep
|turn|23
|
|t:|1779891878
|switch|p2a: Toxapex|Toxapex, F|100/100
|move|p1a: Ogerpon|Encore||[still]
|-fail|p1a: Ogerpon
|
|upkeep
|turn|24
|
|t:|1779891882
|move|p1a: Ogerpon|U-turn|p2a: Toxapex
|-resisted|p2a: Toxapex
|-damage|p2a: Toxapex|90/100
|
|t:|1779891886
|switch|p1a: Cinderace|Cinderace, M|84/100|[from] U-turn
|move|p2a: Toxapex|Toxic|p1a: Cinderace
|-status|p1a: Cinderace|tox
|
|-damage|p1a: Cinderace|78/100 tox|[from] psn
|upkeep
|turn|25
|
|t:|1779891892
|move|p1a: Cinderace|Court Change|p1a: Cinderace
|-swapsideconditions
|-activate|p1a: Cinderace|move: Court Change
|move|p2a: Toxapex|Infestation|p1a: Cinderace
|-resisted|p1a: Cinderace
|-damage|p1a: Cinderace|76/100 tox
|-activate|p1a: Cinderace|move: Infestation|[of] p2a: Toxapex
|
|-damage|p1a: Cinderace|64/100 tox|[from] psn
|-damage|p1a: Cinderace|51/100 tox|[from] move: Infestation|[partiallytrapped]
|upkeep
|turn|26
|
|t:|1779891899
|move|p1a: Cinderace|U-turn|p2a: Toxapex
|-resisted|p2a: Toxapex
|-damage|p2a: Toxapex|83/100
|
|t:|1779891906
|switch|p1a: Corviknight|Corviknight, F|94/100|[from] U-turn
|-ability|p1a: Corviknight|Pressure
|move|p2a: Toxapex|Haze|p2a: Toxapex
|-clearallboost
|
|upkeep
|turn|27
|
|t:|1779891913
|move|p1a: Corviknight|U-turn|p2a: Toxapex
|-resisted|p2a: Toxapex
|-damage|p2a: Toxapex|77/100
|
|t:|1779891916
|switch|p1a: Ogerpon|Ogerpon-Wellspring, F|26/100|[from] U-turn
|move|p2a: Toxapex|Infestation|p1a: Ogerpon
|-supereffective|p1a: Ogerpon
|-crit|p1a: Ogerpon
|-damage|p1a: Ogerpon|16/100
|-activate|p1a: Ogerpon|move: Infestation|[of] p2a: Toxapex
|
|-damage|p1a: Ogerpon|4/100|[from] move: Infestation|[partiallytrapped]
|upkeep
|turn|28
|
|t:|1779891921
|move|p1a: Ogerpon|U-turn|p2a: Toxapex
|-resisted|p2a: Toxapex
|-damage|p2a: Toxapex|66/100
|
|t:|1779891923
|switch|p1a: Hustle Hard|Golem-Alola, M, shiny|63/100|[from] U-turn
|move|p2a: Toxapex|Recover|p2a: Toxapex
|-heal|p2a: Toxapex|100/100
|
|upkeep
|turn|29
|
|t:|1779891928
|switch|p2a: Ting-Lu|Ting-Lu|100/100
|-damage|p2a: Ting-Lu|94/100|[from] Stealth Rock
|-damage|p2a: Ting-Lu|69/100|[from] Spikes
|-ability|p2a: Ting-Lu|Vessel of Ruin
|move|p1a: Hustle Hard|Brick Break|p2a: Ting-Lu
|-supereffective|p2a: Ting-Lu
|-damage|p2a: Ting-Lu|26/100
|
|-heal|p2a: Ting-Lu|33/100|[from] item: Leftovers
|upkeep
|turn|30
|
|t:|1779891936
|move|p1a: Hustle Hard|Brick Break|p2a: Ting-Lu
|-supereffective|p2a: Ting-Lu
|-damage|p2a: Ting-Lu|0 fnt
|faint|p2a: Ting-Lu
|
|upkeep
|
|t:|1779891941
|switch|p2a: Brambleghast|Brambleghast, F, shiny|48/100
|turn|31
|
|t:|1779891955
|switch|p1a: Corviknight|Corviknight, F|94/100
|-ability|p1a: Corviknight|Pressure
|move|p2a: Brambleghast|Strength Sap|p1a: Corviknight
|-unboost|p1a: Corviknight|atk|1
|-heal|p2a: Brambleghast|100/100
|
|upkeep
|turn|32
|
|t:|1779891963
|move|p2a: Brambleghast|Rapid Spin|p1a: Corviknight
|-resisted|p1a: Corviknight
|-damage|p1a: Corviknight|91/100
|-boost|p2a: Brambleghast|spe|1
|-damage|p2a: Brambleghast|84/100|[from] item: Rocky Helmet|[of] p1a: Corviknight
|-sideend|p2: Jihi1|Spikes|[from] move: Rapid Spin|[of] p2a: Brambleghast
|-sideend|p2: Jihi1|Stealth Rock|[from] move: Rapid Spin|[of] p2a: Brambleghast
|move|p1a: Corviknight|U-turn|p2a: Brambleghast
|-damage|p2a: Brambleghast|74/100
|
|t:|1779891971
|switch|p1a: Cinderace|Cinderace, M|51/100 tox|[from] U-turn
|
|-damage|p1a: Cinderace|45/100 tox|[from] psn
|upkeep
|turn|33
|
|t:|1779891976
|-terastallize|p1a: Cinderace|Fire
|move|p1a: Cinderace|Pyro Ball|p2a: Brambleghast
|-supereffective|p2a: Brambleghast
|-damage|p2a: Brambleghast|0 fnt
|faint|p2a: Brambleghast
|
|-damage|p1a: Cinderace|33/100 tox|[from] psn
|upkeep
|
|t:|1779891981
|switch|p2a: Deoxys|Deoxys-Speed|100/100
|-ability|p2a: Deoxys|Pressure
|turn|34
|
|t:|1779891989
|switch|p1a: Ogerpon|Ogerpon-Wellspring, F|4/100
|-terastallize|p2a: Deoxys|Dark
|move|p2a: Deoxys|Dark Pulse|p1a: Ogerpon
|-damage|p1a: Ogerpon|0 fnt
|faint|p1a: Ogerpon
|
|upkeep
|
|t:|1779891998
|switch|p1a: Corviknight|Corviknight, F|91/100
|-ability|p1a: Corviknight|Pressure
|turn|35
|
|t:|1779892003
|move|p2a: Deoxys|Dark Pulse|p1a: Corviknight
|-damage|p1a: Corviknight|37/100
|move|p1a: Corviknight|Body Press|p2a: Deoxys
|-supereffective|p2a: Deoxys
|-damage|p2a: Deoxys|38/100
|
|upkeep
|turn|36
|
|t:|1779892009
|move|p2a: Deoxys|Dark Pulse|p1a: Corviknight
|-damage|p1a: Corviknight|0 fnt
|faint|p1a: Corviknight
|
|upkeep
|
|t:|1779892010
|switch|p1a: Hustle Hard|Golem-Alola, M, shiny|63/100
|turn|37
|
|t:|1779892014
|move|p2a: Deoxys|Dark Pulse|p1a: Hustle Hard
|-damage|p1a: Hustle Hard|0 fnt
|faint|p1a: Hustle Hard
|
|upkeep
|
|t:|1779892016
|switch|p1a: Cinderace|Cinderace, M, tera:Fire|33/100 tox
|turn|38
|
|t:|1779892017
|move|p2a: Deoxys|Dark Pulse|p1a: Cinderace
|-damage|p1a: Cinderace|0 fnt
|faint|p1a: Cinderace
|
|win|Jihi1
|raw|YoSoyDelBronx's rating: 1240 &rarr; <strong>1216</strong><br />(-24 for losing)
|raw|Jihi1's rating: 1251 &rarr; <strong>1275</strong><br />(+24 for winning)
|l|☆YoSoyDelBronx
|player|p1|
|l|☆Jihi1
|player|p2|
