|j|☆ghall2007
|j|☆uchiha jesus
|t:|1779908850
|gametype|singles
|player|p1|ghall2007|alder|1235
|player|p2|uchiha jesus|170|1250
|gen|9
|tier|[Gen 9] OU
|rated|
|rule|HP Percentage Mod: HP is shown in percentages
|rule|Endless Battle Clause: Forcing endless battles is banned
|rule|Species Clause: Limit one of each Pokémon
|rule|OHKO Clause: OHKO moves are banned
|rule|Evasion Items Clause: Evasion items are banned
|rule|Evasion Moves Clause: Evasion moves are banned
|rule|Evasion Abilities Clause: Evasion abilities are banned
|rule|Sleep Moves Clause: Sleep-inducing moves are banned
|clearpoke
|poke|p1|Araquanid, M|
|poke|p1|Iron Treads|
|poke|p1|Cinderace, F|
|poke|p1|Kingambit, F|
|poke|p1|Pecharunt|
|poke|p1|Dragonite, M|
|poke|p2|Darkrai|
|poke|p2|Dusclops, M|
|poke|p2|Ogerpon-Wellspring, F|
|poke|p2|Garchomp, M|
|poke|p2|Skeledirge, F|
|poke|p2|Tyranitar, F|
|teampreview
|
|t:|1779908869
|teamsize|p1|6
|teamsize|p2|6
|start
|switch|p1a: Araquanid|Araquanid, M, shiny|100/100
|switch|p2a: Tyranitar|Tyranitar, F|100/100
|-weather|Sandstorm|[from] ability: Sand Stream|[of] p2a: Tyranitar
|turn|1
|
|t:|1779908878
|move|p2a: Tyranitar|Dragon Dance|p2a: Tyranitar
|-boost|p2a: Tyranitar|atk|1
|-boost|p2a: Tyranitar|spe|1
|move|p1a: Araquanid|Sticky Web|p2a: Tyranitar
|-sidestart|p2: uchiha jesus|move: Sticky Web
|
|-weather|Sandstorm|[upkeep]
|-damage|p1a: Araquanid|94/100|[from] Sandstorm
|upkeep
|turn|2
|
|t:|1779908906
|move|p2a: Tyranitar|Dragon Dance|p2a: Tyranitar
|-boost|p2a: Tyranitar|atk|1
|-boost|p2a: Tyranitar|spe|1
|move|p1a: Araquanid|Liquidation|p2a: Tyranitar
|-supereffective|p2a: Tyranitar
|-damage|p2a: Tyranitar|16/100
|-unboost|p2a: Tyranitar|def|1
|-enditem|p2a: Tyranitar|Weakness Policy
|-boost|p2a: Tyranitar|atk|2|[from] item: Weakness Policy
|-boost|p2a: Tyranitar|spa|2|[from] item: Weakness Policy
|
|-weather|Sandstorm|[upkeep]
|-damage|p1a: Araquanid|88/100|[from] Sandstorm
|upkeep
|turn|3
|
|t:|1779908931
|move|p2a: Tyranitar|Crunch|p1a: Araquanid
|-damage|p1a: Araquanid|0 fnt
|faint|p1a: Araquanid
|
|-weather|Sandstorm|[upkeep]
|upkeep
|
|t:|1779908952
|switch|p1a: Cinderace|Cinderace, F|100/100
|turn|4
|
|t:|1779908974
|move|p1a: Cinderace|Sucker Punch|p2a: Tyranitar
|-resisted|p2a: Tyranitar
|-damage|p2a: Tyranitar|0 fnt
|faint|p2a: Tyranitar
|
|-weather|Sandstorm|[upkeep]
|-damage|p1a: Cinderace|95/100|[from] Sandstorm
|upkeep
|
|t:|1779909004
|switch|p2a: Garchomp|Garchomp, M|100/100
|-activate|p2a: Garchomp|move: Sticky Web
|-unboost|p2a: Garchomp|spe|1
|turn|5
|
|t:|1779909019
|switch|p1a: Pecharunt|Pecharunt|100/100
|-item|p1a: Pecharunt|Air Balloon
|move|p2a: Garchomp|Scale Shot|p1a: Pecharunt
|-damage|p1a: Pecharunt|90/100
|-enditem|p1a: Pecharunt|Air Balloon
|-damage|p1a: Pecharunt|81/100
|-damage|p1a: Pecharunt|71/100
|-damage|p1a: Pecharunt|61/100
|-damage|p1a: Pecharunt|52/100
|-hitcount|p1a: Pecharunt|5
|-unboost|p2a: Garchomp|def|1
|-boost|p2a: Garchomp|spe|1
|
|-weather|none
|upkeep
|turn|6
|
|t:|1779909043
|move|p2a: Garchomp|Earthquake|p1a: Pecharunt
|-supereffective|p1a: Pecharunt
|-damage|p1a: Pecharunt|0 fnt
|faint|p1a: Pecharunt
|
|upkeep
|
|t:|1779909053
|switch|p1a: Dragonite|Dragonite, M|100/100
|turn|7
|
|t:|1779909084
|switch|p2a: Dusclops|Dusclops, M|100/100
|-activate|p2a: Dusclops|move: Sticky Web
|-unboost|p2a: Dusclops|spe|1
|-ability|p2a: Dusclops|Pressure
|move|p1a: Dragonite|Dragon Dance|p1a: Dragonite
|-boost|p1a: Dragonite|atk|1
|-boost|p1a: Dragonite|spe|1
|
|upkeep
|turn|8
|inactive|Battle timer is ON: inactive players will automatically lose when time's up. (requested by ghall2007)
|
|t:|1779909104
|move|p1a: Dragonite|Ice Spinner|p2a: Dusclops
|-damage|p2a: Dusclops|71/100
|move|p2a: Dusclops|Will-O-Wisp|p1a: Dragonite
|-status|p1a: Dragonite|brn
|-enditem|p1a: Dragonite|Lum Berry|[eat]
|-curestatus|p1a: Dragonite|brn|[msg]
|
|upkeep
|turn|9
|
|t:|1779909118
|move|p1a: Dragonite|Earthquake|p2a: Dusclops
|-damage|p2a: Dusclops|33/100
|move|p2a: Dusclops|Pain Split|p1a: Dragonite
|-sethp|p1a: Dragonite|61/100|[from] move: Pain Split|[silent]
|-sethp|p2a: Dusclops|90/100|[from] move: Pain Split
|
|upkeep
|turn|10
|
|t:|1779909129
|move|p1a: Dragonite|Dragon Dance|p1a: Dragonite
|-boost|p1a: Dragonite|atk|1
|-boost|p1a: Dragonite|spe|1
|move|p2a: Dusclops|Will-O-Wisp|p1a: Dragonite
|-status|p1a: Dragonite|brn
|
|-damage|p1a: Dragonite|55/100 brn|[from] brn
|upkeep
|turn|11
|
|t:|1779909143
|move|p1a: Dragonite|Ice Spinner|p2a: Dusclops
|-damage|p2a: Dusclops|70/100
|move|p2a: Dusclops|Night Shade|p1a: Dragonite
|-damage|p1a: Dragonite|24/100 brn
|
|-damage|p1a: Dragonite|18/100 brn|[from] brn
|upkeep
|turn|12
|inactive|ghall2007 has 120 seconds left.
|
|t:|1779909176
|move|p1a: Dragonite|Earthquake|p2a: Dusclops
|-damage|p2a: Dusclops|45/100
|move|p2a: Dusclops|Night Shade|p1a: Dragonite
|-damage|p1a: Dragonite|0 fnt
|faint|p1a: Dragonite
|
|upkeep
|inactive|ghall2007 has 120 seconds left.
|
|t:|1779909182
|switch|p1a: Kingambit|Kingambit, F|100/100
|-activate|p1a: Kingambit|ability: Supreme Overlord
|-start|p1a: Kingambit|fallen3|[silent]
|turn|13
|inactive|uchiha jesus has 120 seconds left.
|
|t:|1779909214
|-terastallize|p2a: Dusclops|Dark
|move|p1a: Kingambit|Swords Dance|p1a: Kingambit
|-boost|p1a: Kingambit|atk|2
|move|p2a: Dusclops|Pain Split|p1a: Kingambit
|-sethp|p1a: Kingambit|65/100|[from] move: Pain Split|[silent]
|-sethp|p2a: Dusclops|99/100|[from] move: Pain Split
|
|upkeep
|turn|14
|inactive|ghall2007 has 120 seconds left.
|
|t:|1779909247
|move|p1a: Kingambit|Iron Head|p2a: Dusclops
|-damage|p2a: Dusclops|26/100
|move|p2a: Dusclops|Will-O-Wisp|p1a: Kingambit
|-status|p1a: Kingambit|brn
|
|-damage|p1a: Kingambit|59/100 brn|[from] brn
|upkeep
|turn|15
|
|t:|1779909260
|move|p1a: Kingambit|Iron Head|p2a: Dusclops
|-damage|p2a: Dusclops|0 fnt
|faint|p2a: Dusclops
|
|-damage|p1a: Kingambit|52/100 brn|[from] brn
|upkeep
|inactive|uchiha jesus has 120 seconds left.
|
|t:|1779909284
|switch|p2a: Skeledirge|Skeledirge, F|100/100
|-activate|p2a: Skeledirge|move: Sticky Web
|-unboost|p2a: Skeledirge|spe|1
|turn|16
|inactive|uchiha jesus has 120 seconds left.
|
|t:|1779909297
|move|p1a: Kingambit|Kowtow Cleave|p2a: Skeledirge
|-supereffective|p2a: Skeledirge
|-damage|p2a: Skeledirge|51/100
|-enditem|p2a: Skeledirge|Weakness Policy
|-boost|p2a: Skeledirge|atk|2|[from] item: Weakness Policy
|-boost|p2a: Skeledirge|spa|2|[from] item: Weakness Policy
|move|p2a: Skeledirge|Torch Song|p1a: Kingambit
|-supereffective|p1a: Kingambit
|-damage|p1a: Kingambit|0 fnt
|-boost|p2a: Skeledirge|spa|1
|faint|p1a: Kingambit
|-end|p1a: Kingambit|fallen3|[silent]
|
|upkeep
|
|t:|1779909309
|switch|p1a: Iron Treads|Iron Treads|100/100
|-enditem|p1a: Iron Treads|Booster Energy
|-activate|p1a: Iron Treads|ability: Quark Drive|[fromitem]
|-start|p1a: Iron Treads|quarkdriveatk
|turn|17
|
|t:|1779909316
|switch|p2a: Ogerpon|Ogerpon-Wellspring, F|100/100
|-activate|p2a: Ogerpon|move: Sticky Web
|-unboost|p2a: Ogerpon|spe|1
|-terastallize|p1a: Iron Treads|Ghost
|move|p1a: Iron Treads|Earthquake|p2a: Ogerpon
|-resisted|p2a: Ogerpon
|-damage|p2a: Ogerpon|59/100
|
|upkeep
|turn|18
|
|t:|1779909326
|move|p1a: Iron Treads|Supercell Slam|p2a: Ogerpon
|-damage|p2a: Ogerpon|0 fnt
|faint|p2a: Ogerpon
|
|upkeep
|
|t:|1779909339
|switch|p2a: Darkrai|Darkrai|100/100
|-activate|p2a: Darkrai|move: Sticky Web
|-unboost|p2a: Darkrai|spe|1
|turn|19
|inactive|ghall2007 has 120 seconds left.
|
|t:|1779909356
|move|p1a: Iron Treads|Iron Head|p2a: Darkrai
|-damage|p2a: Darkrai|31/100
|move|p2a: Darkrai|Dark Pulse|p1a: Iron Treads
|-supereffective|p1a: Iron Treads
|-damage|p1a: Iron Treads|0 fnt
|faint|p1a: Iron Treads
|-end|p1a: Iron Treads|Quark Drive|[silent]
|
|upkeep
|
|t:|1779909362
|switch|p1a: Cinderace|Cinderace, F|95/100
|turn|20
|
|t:|1779909385
|move|p1a: Cinderace|Pyro Ball|p2a: Darkrai
|-damage|p2a: Darkrai|0 fnt
|faint|p2a: Darkrai
|
|upkeep
|
|t:|1779909390
|switch|p2a: Garchomp|Garchomp, M|100/100
|-activate|p2a: Garchomp|move: Sticky Web
|-unboost|p2a: Garchomp|spe|1
|turn|21
|
|t:|1779909396
|move|p1a: Cinderace|Pyro Ball|p2a: Garchomp
|-resisted|p2a: Garchomp
|-damage|p2a: Garchomp|74/100
|move|p2a: Garchomp|Earthquake|p1a: Cinderace
|-supereffective|p1a: Cinderace
|-damage|p1a: Cinderace|0 fnt
|faint|p1a: Cinderace
|
|win|uchiha jesus
|raw|ghall2007's rating: 1235 &rarr; <strong>1211</strong><br />(-24 for losing)
|raw|uchiha jesus's rating: 1250 &rarr; <strong>1274</strong><br />(+24 for winning)
|l|☆uchiha jesus
|player|p2|
