|j|☆goodgoodcush
|j|☆merrypasta
|t:|1779951244
|gametype|singles
|player|p1|goodgoodcush|101|1475
|player|p2|merrypasta|carmine|1519
|gen|9
|tier|[Gen 9] OU
|rated|
|rule|HP Percentage Mod: HP is shown in percentages
|rule|Endless Battle Clause: Forcing endless battles is banned
|rule|Species Clause: Limit one of each Pokémon
|rule|OHKO Clause: OHKO moves are banned
|rule|Evasion Items Clause: Evasion items are banned
|rule|Evasion Moves Clause: Evasion moves are banned
|rule|Evasion Abilities Clause: Evasion abilities are banned
|rule|Sleep Moves Clause: Sleep-inducing moves are banned
|clearpoke
|poke|p1|Dragonite, F|
|poke|p1|Zamazenta-*|
|poke|p1|Hawlucha, F|
|poke|p1|Hatterene, F|
|poke|p1|Kommo-o, F|
|poke|p1|Ting-Lu|
|poke|p2|Iron Valiant|
|poke|p2|Kingambit, M|
|poke|p2|Dragonite, F|
|poke|p2|Ogerpon-Wellspring, F|
|poke|p2|Hatterene, F|
|poke|p2|Pecharunt|
|teampreview
|
|t:|1779951264
|teamsize|p1|6
|teamsize|p2|6
|start
|switch|p1a: Hawlucha|Hawlucha, F|100/100
|switch|p2a: Iron Valiant|Iron Valiant|100/100
|-ability|p1a: Hawlucha|Mold Breaker
|turn|1
|
|t:|1779951270
|-terastallize|p2a: Iron Valiant|Fairy
|move|p1a: Hawlucha|Brave Bird|p2a: Iron Valiant
|-damage|p2a: Iron Valiant|38/100
|-damage|p1a: Hawlucha|81/100|[from] Recoil
|move|p2a: Iron Valiant|Moonblast|p1a: Hawlucha
|-supereffective|p1a: Hawlucha
|-damage|p1a: Hawlucha|0 fnt
|faint|p1a: Hawlucha
|
|upkeep
|
|t:|1779951298
|switch|p1a: Ting-Lu|Ting-Lu|100/100
|-ability|p1a: Ting-Lu|Vessel of Ruin
|turn|2
|
|t:|1779951310
|-end|p2a: Iron Valiant|Quark Drive|[silent]
|switch|p2a: Hatterene|Hatterene, F|100/100
|move|p1a: Ting-Lu|Earthquake|p2a: Hatterene
|-damage|p2a: Hatterene|47/100
|
|upkeep
|turn|3
|
|t:|1779951318
|move|p1a: Ting-Lu|Earthquake|p2a: Hatterene
|-damage|p2a: Hatterene|0 fnt
|faint|p2a: Hatterene
|
|upkeep
|
|t:|1779951322
|switch|p2a: Dragonite|Dragonite, F|100/100
|turn|4
|
|t:|1779951328
|move|p2a: Dragonite|Encore|p1a: Ting-Lu
|-start|p1a: Ting-Lu|Encore
|move|p1a: Ting-Lu|Earthquake|p2a: Dragonite
|-immune|p2a: Dragonite
|
|upkeep
|turn|5
|
|t:|1779951334
|switch|p1a: Hatterene|Hatterene, F|100/100
|move|p2a: Dragonite|Dragon Dance|p2a: Dragonite
|-boost|p2a: Dragonite|atk|1
|-boost|p2a: Dragonite|spe|1
|
|upkeep
|turn|6
|
|t:|1779951344
|move|p2a: Dragonite|Fire Punch|p1a: Hatterene
|-damage|p1a: Hatterene|67/100
|move|p1a: Hatterene|Nuzzle|p2a: Dragonite
|-damage|p2a: Dragonite|98/100
|-status|p2a: Dragonite|par
|
|-heal|p1a: Hatterene|73/100|[from] item: Leftovers
|upkeep
|turn|7
|
|t:|1779951351
|switch|p2a: Pecharunt|Pecharunt|100/100
|switch|p1a: Ting-Lu|Ting-Lu|100/100
|-ability|p1a: Ting-Lu|Vessel of Ruin
|
|upkeep
|turn|8
|
|t:|1779951357
|move|p2a: Pecharunt|Malignant Chain|p1a: Ting-Lu
|-resisted|p1a: Ting-Lu
|-damage|p1a: Ting-Lu|93/100
|-status|p1a: Ting-Lu|tox
|-start|p1a: Ting-Lu|confusion|[from] ability: Poison Puppeteer|[of] p2a: Pecharunt
|-activate|p1a: Ting-Lu|confusion
|-damage|p1a: Ting-Lu|86/100 tox|[from] confusion
|
|-damage|p1a: Ting-Lu|80/100 tox|[from] psn
|upkeep
|turn|9
|
|t:|1779951365
|move|p2a: Pecharunt|Parting Shot|p1a: Ting-Lu
|-unboost|p1a: Ting-Lu|atk|1
|-unboost|p1a: Ting-Lu|spa|1
|
|t:|1779951368
|switch|p2a: Kingambit|Kingambit, M|100/100|[from] Parting Shot
|-activate|p2a: Kingambit|ability: Supreme Overlord
|-start|p2a: Kingambit|fallen1|[silent]
|-activate|p1a: Ting-Lu|confusion
|-damage|p1a: Ting-Lu|75/100 tox|[from] confusion
|
|-damage|p1a: Ting-Lu|62/100 tox|[from] psn
|upkeep
|turn|10
|
|t:|1779951373
|move|p2a: Kingambit|Swords Dance|p2a: Kingambit
|-boost|p2a: Kingambit|atk|2
|-end|p1a: Ting-Lu|confusion
|move|p1a: Ting-Lu|Earthquake|p2a: Kingambit
|-supereffective|p2a: Kingambit
|-damage|p2a: Kingambit|49/100
|
|-heal|p2a: Kingambit|55/100|[from] item: Leftovers
|-damage|p1a: Ting-Lu|44/100 tox|[from] psn
|upkeep
|turn|11
|
|t:|1779951376
|move|p2a: Kingambit|Iron Head|p1a: Ting-Lu
|-damage|p1a: Ting-Lu|0 fnt
|faint|p1a: Ting-Lu
|
|-heal|p2a: Kingambit|61/100|[from] item: Leftovers
|upkeep
|
|t:|1779951380
|switch|p1a: Zamazenta|Zamazenta|100/100
|-ability|p1a: Zamazenta|Dauntless Shield|boost
|-boost|p1a: Zamazenta|def|1
|turn|12
|
|t:|1779951383
|move|p2a: Kingambit|Sucker Punch|p1a: Zamazenta
|-resisted|p1a: Zamazenta
|-damage|p1a: Zamazenta|72/100
|move|p1a: Zamazenta|Close Combat|p2a: Kingambit
|-supereffective|p2a: Kingambit
|-damage|p2a: Kingambit|0 fnt
|-unboost|p1a: Zamazenta|def|1
|-unboost|p1a: Zamazenta|spd|1
|faint|p2a: Kingambit
|-end|p2a: Kingambit|fallen1|[silent]
|
|upkeep
|
|t:|1779951386
|switch|p2a: Pecharunt|Pecharunt|100/100
|turn|13
|
|t:|1779951391
|move|p1a: Zamazenta|Light Screen|p1a: Zamazenta
|-sidestart|p1: goodgoodcush|move: Light Screen
|move|p2a: Pecharunt|Malignant Chain|p1a: Zamazenta
|-damage|p1a: Zamazenta|50/100
|
|upkeep
|turn|14
|
|t:|1779951396
|move|p1a: Zamazenta|Reflect|p1a: Zamazenta
|-sidestart|p1: goodgoodcush|Reflect
|move|p2a: Pecharunt|Malignant Chain|p1a: Zamazenta
|-damage|p1a: Zamazenta|28/100
|
|upkeep
|turn|15
|
|t:|1779951401
|move|p1a: Zamazenta|Stone Edge|p2a: Pecharunt
|-damage|p2a: Pecharunt|84/100
|move|p2a: Pecharunt|Malignant Chain|p1a: Zamazenta
|-damage|p1a: Zamazenta|7/100
|-status|p1a: Zamazenta|tox
|-start|p1a: Zamazenta|confusion|[from] ability: Poison Puppeteer|[of] p2a: Pecharunt
|
|-damage|p1a: Zamazenta|1/100 tox|[from] psn
|upkeep
|turn|16
|
|t:|1779951408
|-activate|p1a: Zamazenta|confusion
|move|p1a: Zamazenta|Stone Edge|p2a: Pecharunt
|-crit|p2a: Pecharunt
|-damage|p2a: Pecharunt|59/100
|move|p2a: Pecharunt|Parting Shot|p1a: Zamazenta
|-unboost|p1a: Zamazenta|atk|1
|-unboost|p1a: Zamazenta|spa|1
|
|t:|1779951416
|switch|p2a: Dragonite|Dragonite, F|98/100 par|[from] Parting Shot
|
|-damage|p1a: Zamazenta|0 fnt|[from] psn
|faint|p1a: Zamazenta
|upkeep
|
|t:|1779951424
|switch|p1a: Hatterene|Hatterene, F|73/100
|turn|17
|
|t:|1779951428
|switch|p2a: Pecharunt|Pecharunt|59/100
|move|p1a: Hatterene|Draining Kiss|p2a: Pecharunt
|-resisted|p2a: Pecharunt
|-damage|p2a: Pecharunt|47/100
|-heal|p1a: Hatterene|83/100|[from] drain|[of] p2a: Pecharunt
|
|-heal|p1a: Hatterene|89/100|[from] item: Leftovers
|upkeep
|turn|18
|
|t:|1779951434
|move|p2a: Pecharunt|Recover|p2a: Pecharunt
|-heal|p2a: Pecharunt|97/100
|move|p1a: Hatterene|Psychic Noise|p2a: Pecharunt
|-supereffective|p2a: Pecharunt
|-damage|p2a: Pecharunt|33/100
|-start|p2a: Pecharunt|move: Heal Block
|
|-heal|p1a: Hatterene|95/100|[from] item: Leftovers
|upkeep
|turn|19
|
|t:|1779951439
|move|p2a: Pecharunt|Malignant Chain|p1a: Hatterene
|-supereffective|p1a: Hatterene
|-damage|p1a: Hatterene|62/100
|move|p1a: Hatterene|Psychic Noise|p2a: Pecharunt
|-supereffective|p2a: Pecharunt
|-damage|p2a: Pecharunt|0 fnt
|faint|p2a: Pecharunt
|
|-heal|p1a: Hatterene|68/100|[from] item: Leftovers
|upkeep
|
|t:|1779951445
|switch|p2a: Ogerpon|Ogerpon-Wellspring, F|100/100
|turn|20
|
|t:|1779951450
|move|p2a: Ogerpon|U-turn|p1a: Hatterene
|-damage|p1a: Hatterene|57/100
|
|t:|1779951452
|switch|p2a: Dragonite|Dragonite, F|98/100 par|[from] U-turn
|move|p1a: Hatterene|Nuzzle|p2a: Dragonite
|-damage|p2a: Dragonite|94/100 par
|
|-heal|p1a: Hatterene|63/100|[from] item: Leftovers
|-sideend|p1: goodgoodcush|move: Light Screen
|upkeep
|turn|21
|
|t:|1779951458
|move|p2a: Dragonite|Fire Punch|p1a: Hatterene
|-damage|p1a: Hatterene|52/100
|move|p1a: Hatterene|Draining Kiss|p2a: Dragonite
|-supereffective|p2a: Dragonite
|-damage|p2a: Dragonite|43/100 par
|-heal|p1a: Hatterene|90/100|[from] drain|[of] p2a: Dragonite
|
|-heal|p1a: Hatterene|96/100|[from] item: Leftovers
|-sideend|p1: goodgoodcush|Reflect
|upkeep
|turn|22
|
|t:|1779951464
|move|p2a: Dragonite|Fire Punch|p1a: Hatterene
|-damage|p1a: Hatterene|74/100
|move|p1a: Hatterene|Draining Kiss|p2a: Dragonite
|-supereffective|p2a: Dragonite
|-damage|p2a: Dragonite|0 fnt
|-heal|p1a: Hatterene|100/100|[from] drain|[of] p2a: Dragonite
|faint|p2a: Dragonite
|
|upkeep
|
|t:|1779951469
|switch|p2a: Iron Valiant|Iron Valiant, tera:Fairy|38/100
|turn|23
|
|t:|1779951473
|move|p2a: Iron Valiant|Moonblast|p1a: Hatterene
|-damage|p1a: Hatterene|3/100
|move|p1a: Hatterene|Nuzzle|p2a: Iron Valiant
|-damage|p2a: Iron Valiant|32/100
|-status|p2a: Iron Valiant|par
|
|-heal|p1a: Hatterene|9/100|[from] item: Leftovers
|upkeep
|turn|24
|
|t:|1779951480
|move|p2a: Iron Valiant|Moonblast|p1a: Hatterene
|-damage|p1a: Hatterene|0 fnt
|faint|p1a: Hatterene
|
|upkeep
|
|t:|1779951482
|switch|p1a: Dragonite|Dragonite, F|100/100
|turn|25
|-message|merrypasta forfeited.
|
|win|goodgoodcush
|raw|goodgoodcush's rating: 1475 &rarr; <strong>1498</strong><br />(+23 for winning)
|raw|merrypasta's rating: 1519 &rarr; <strong>1496</strong><br />(-23 for losing)
|l|☆merrypasta
|player|p2|
|l|☆goodgoodcush
|player|p1|
