|j|☆Burritobrown99
|j|☆Jacob14203
|t:|1779884499
|gametype|singles
|player|p1|Burritobrown99|2|1483
|player|p2|Jacob14203|266|1542
|gen|9
|tier|[Gen 9] OU
|rated|
|rule|HP Percentage Mod: HP is shown in percentages
|rule|Endless Battle Clause: Forcing endless battles is banned
|rule|Species Clause: Limit one of each Pokémon
|rule|OHKO Clause: OHKO moves are banned
|rule|Evasion Items Clause: Evasion items are banned
|rule|Evasion Moves Clause: Evasion moves are banned
|rule|Evasion Abilities Clause: Evasion abilities are banned
|rule|Sleep Moves Clause: Sleep-inducing moves are banned
|clearpoke
|poke|p1|Keldeo|
|poke|p1|Gliscor, F|
|poke|p1|Ting-Lu|
|poke|p1|Tinkaton, F|
|poke|p1|Dragonite, F|
|poke|p1|Sinistcha|
|poke|p2|Great Tusk|
|poke|p2|Walking Wake|
|poke|p2|Ninetales, F|
|poke|p2|Raging Bolt|
|poke|p2|Ceruledge, F|
|poke|p2|Hatterene, F|
|teampreview
|inactive|Battle timer is ON: inactive players will automatically lose when time's up. (requested by Burritobrown99)
|inactive|Jacob14203 also wants the timer to be on.
|
|t:|1779884520
|teamsize|p1|6
|teamsize|p2|6
|start
|switch|p1a: Sinistcha|Sinistcha|100/100
|switch|p2a: Ninetales|Ninetales, F|100/100
|-weather|SunnyDay|[from] ability: Drought|[of] p2a: Ninetales
|turn|1
|
|t:|1779884539
|switch|p2a: Hatterene|Hatterene, F|100/100
|move|p1a: Sinistcha|Calm Mind|p1a: Sinistcha
|-boost|p1a: Sinistcha|spa|1
|-boost|p1a: Sinistcha|spd|1
|
|-weather|SunnyDay|[upkeep]
|upkeep
|turn|2
|
|t:|1779884549
|move|p1a: Sinistcha|Shadow Ball|p2a: Hatterene
|-supereffective|p2a: Hatterene
|-damage|p2a: Hatterene|0 fnt
|faint|p2a: Hatterene
|
|-weather|SunnyDay|[upkeep]
|upkeep
|
|t:|1779884556
|switch|p2a: Walking Wake|Walking Wake|100/100
|-activate|p2a: Walking Wake|ability: Protosynthesis
|-start|p2a: Walking Wake|protosynthesisspa
|turn|3
|
|t:|1779884562
|move|p2a: Walking Wake|Draco Meteor|p1a: Sinistcha
|-damage|p1a: Sinistcha|0 fnt
|-unboost|p2a: Walking Wake|spa|2
|faint|p1a: Sinistcha
|
|-weather|SunnyDay|[upkeep]
|upkeep
|
|t:|1779884577
|switch|p1a: Tinkaton|Tinkaton, F|100/100
|-ability|p1a: Tinkaton|Mold Breaker
|-item|p1a: Tinkaton|Air Balloon
|turn|4
|
|t:|1779884579
|-end|p2a: Walking Wake|Protosynthesis|[silent]
|switch|p2a: Great Tusk|Great Tusk|100/100
|-activate|p2a: Great Tusk|ability: Protosynthesis
|-start|p2a: Great Tusk|protosynthesisspe
|move|p1a: Tinkaton|Stealth Rock|p2a: Great Tusk
|-sidestart|p2: Jacob14203|move: Stealth Rock
|
|-weather|SunnyDay|[upkeep]
|upkeep
|turn|5
|
|t:|1779884593
|move|p2a: Great Tusk|Stealth Rock|p1a: Tinkaton
|-sidestart|p1: Burritobrown99|move: Stealth Rock
|move|p1a: Tinkaton|Encore|p2a: Great Tusk
|-start|p2a: Great Tusk|Encore
|
|-weather|SunnyDay|[upkeep]
|upkeep
|turn|6
|
|t:|1779884605
|-end|p2a: Great Tusk|Protosynthesis|[silent]
|switch|p2a: Walking Wake|Walking Wake|100/100
|-damage|p2a: Walking Wake|88/100|[from] Stealth Rock
|-activate|p2a: Walking Wake|ability: Protosynthesis
|-start|p2a: Walking Wake|protosynthesisspa
|switch|p1a: Gliscor|Gliscor, F|100/100
|-damage|p1a: Gliscor|88/100|[from] Stealth Rock
|
|-weather|SunnyDay|[upkeep]
|-status|p1a: Gliscor|tox|[from] item: Toxic Orb
|upkeep
|turn|7
|
|t:|1779884612
|move|p1a: Gliscor|Protect|p1a: Gliscor
|-singleturn|p1a: Gliscor|Protect
|move|p2a: Walking Wake|Hydro Steam|p1a: Gliscor
|-activate|p1a: Gliscor|move: Protect
|
|-weather|SunnyDay|[upkeep]
|-heal|p1a: Gliscor|100/100 tox|[from] ability: Poison Heal
|upkeep
|turn|8
|
|t:|1779884619
|switch|p1a: Dragonite|Dragonite, F|100/100
|-terastallize|p2a: Walking Wake|Water
|move|p2a: Walking Wake|Hydro Steam|p1a: Dragonite
|-resisted|p1a: Dragonite
|-damage|p1a: Dragonite|66/100
|
|-weather|none
|-end|p2a: Walking Wake|Protosynthesis
|upkeep
|turn|9
|
|t:|1779884625
|-end|p2a: Walking Wake|Protosynthesis|[silent]
|switch|p2a: Great Tusk|Great Tusk|100/100
|-damage|p2a: Great Tusk|98/100|[from] Stealth Rock
|move|p1a: Dragonite|Roost|p1a: Dragonite
|-heal|p1a: Dragonite|100/100
|-singleturn|p1a: Dragonite|move: Roost
|
|upkeep
|turn|10
|
|t:|1779884635
|switch|p1a: Keldeo|Keldeo|100/100
|move|p2a: Great Tusk|Rapid Spin|p1a: Keldeo
|-damage|p1a: Keldeo|82/100
|-boost|p2a: Great Tusk|spe|1
|-sideend|p2: Jacob14203|Stealth Rock|[from] move: Rapid Spin|[of] p2a: Great Tusk
|
|upkeep
|turn|11
|
|t:|1779884641
|-end|p2a: Great Tusk|Protosynthesis|[silent]
|switch|p2a: Ninetales|Ninetales, F|100/100
|-weather|SunnyDay|[from] ability: Drought|[of] p2a: Ninetales
|move|p1a: Keldeo|Surf|p2a: Ninetales
|-supereffective|p2a: Ninetales
|-damage|p2a: Ninetales|57/100
|
|-weather|SunnyDay|[upkeep]
|upkeep
|turn|12
|
|t:|1779884648
|switch|p2a: Raging Bolt|Raging Bolt|100/100
|-activate|p2a: Raging Bolt|ability: Protosynthesis
|-start|p2a: Raging Bolt|protosynthesisspa
|move|p1a: Keldeo|Flip Turn|p2a: Raging Bolt
|-resisted|p2a: Raging Bolt
|-damage|p2a: Raging Bolt|97/100
|
|t:|1779884653
|switch|p1a: Gliscor|Gliscor, F|100/100 tox|[from] Flip Turn
|-damage|p1a: Gliscor|88/100 tox|[from] Stealth Rock
|
|-weather|SunnyDay|[upkeep]
|-heal|p1a: Gliscor|100/100 tox|[from] ability: Poison Heal
|upkeep
|turn|13
|
|t:|1779884662
|move|p1a: Gliscor|Protect|p1a: Gliscor
|-singleturn|p1a: Gliscor|Protect
|move|p2a: Raging Bolt|Draco Meteor|p1a: Gliscor
|-activate|p1a: Gliscor|move: Protect
|
|-weather|SunnyDay|[upkeep]
|upkeep
|turn|14
|
|t:|1779884681
|switch|p1a: Ting-Lu|Ting-Lu|100/100
|-damage|p1a: Ting-Lu|94/100|[from] Stealth Rock
|-ability|p1a: Ting-Lu|Vessel of Ruin
|move|p2a: Raging Bolt|Thunderbolt|p1a: Ting-Lu
|-immune|p1a: Ting-Lu
|
|-weather|SunnyDay|[upkeep]
|-heal|p1a: Ting-Lu|100/100|[from] item: Leftovers
|upkeep
|turn|15
|
|t:|1779884689
|move|p2a: Raging Bolt|Dragon Pulse|p1a: Ting-Lu
|-damage|p1a: Ting-Lu|67/100
|-damage|p2a: Raging Bolt|87/100|[from] item: Life Orb
|move|p1a: Ting-Lu|Whirlwind|p2a: Raging Bolt
|-end|p2a: Raging Bolt|Protosynthesis|[silent]
|drag|p2a: Ninetales|Ninetales, F|57/100
|
|-weather|SunnyDay|[upkeep]
|-heal|p1a: Ting-Lu|73/100|[from] item: Leftovers
|upkeep
|turn|16
|
|t:|1779884693
|switch|p2a: Walking Wake|Walking Wake, tera:Water|88/100
|-activate|p2a: Walking Wake|ability: Protosynthesis
|-start|p2a: Walking Wake|protosynthesisspa
|move|p1a: Ting-Lu|Spikes|p2a: Walking Wake
|-sidestart|p2: Jacob14203|Spikes
|
|-weather|SunnyDay|[upkeep]
|-heal|p1a: Ting-Lu|79/100|[from] item: Leftovers
|upkeep
|turn|17
|
|t:|1779884698
|move|p2a: Walking Wake|Hydro Steam|p1a: Ting-Lu
|-supereffective|p1a: Ting-Lu
|-damage|p1a: Ting-Lu|0 fnt
|faint|p1a: Ting-Lu
|
|-weather|SunnyDay|[upkeep]
|upkeep
|
|t:|1779884701
|switch|p1a: Dragonite|Dragonite, F|100/100
|turn|18
|
|t:|1779884706
|move|p2a: Walking Wake|Hydro Steam|p1a: Dragonite
|-resisted|p1a: Dragonite
|-damage|p1a: Dragonite|67/100
|move|p1a: Dragonite|Earthquake|p2a: Walking Wake
|-damage|p2a: Walking Wake|43/100
|
|-weather|none
|-end|p2a: Walking Wake|Protosynthesis
|upkeep
|turn|19
|
|t:|1779884712
|-end|p2a: Walking Wake|Protosynthesis|[silent]
|switch|p2a: Great Tusk|Great Tusk|98/100
|-damage|p2a: Great Tusk|85/100|[from] Spikes
|move|p1a: Dragonite|Roost|p1a: Dragonite
|-heal|p1a: Dragonite|100/100
|-singleturn|p1a: Dragonite|move: Roost
|
|upkeep
|turn|20
|
|t:|1779884717
|move|p2a: Great Tusk|Rapid Spin|p1a: Dragonite
|-damage|p1a: Dragonite|94/100
|-boost|p2a: Great Tusk|spe|1
|-sideend|p2: Jacob14203|Spikes|[from] move: Rapid Spin|[of] p2a: Great Tusk
|move|p1a: Dragonite|Dragon Tail|p2a: Great Tusk
|-damage|p2a: Great Tusk|61/100
|-damage|p1a: Dragonite|77/100|[from] item: Rocky Helmet|[of] p2a: Great Tusk
|-end|p2a: Great Tusk|Protosynthesis|[silent]
|drag|p2a: Ninetales|Ninetales, F|57/100
|-weather|SunnyDay|[from] ability: Drought|[of] p2a: Ninetales
|
|-weather|SunnyDay|[upkeep]
|upkeep
|turn|21
|
|t:|1779884731
|move|p2a: Ninetales|Will-O-Wisp|p1a: Dragonite
|-status|p1a: Dragonite|brn
|move|p1a: Dragonite|Dragon Tail|p2a: Ninetales
|-damage|p2a: Ninetales|34/100
|drag|p2a: Walking Wake|Walking Wake, tera:Water|43/100
|-activate|p2a: Walking Wake|ability: Protosynthesis
|-start|p2a: Walking Wake|protosynthesisspa
|
|-weather|SunnyDay|[upkeep]
|-damage|p1a: Dragonite|71/100 brn|[from] brn
|upkeep
|turn|22
|
|t:|1779884736
|move|p2a: Walking Wake|Hydro Steam|p1a: Dragonite
|-resisted|p1a: Dragonite
|-damage|p1a: Dragonite|3/100 brn
|move|p1a: Dragonite|Earthquake|p2a: Walking Wake
|-damage|p2a: Walking Wake|21/100
|
|-weather|SunnyDay|[upkeep]
|-damage|p1a: Dragonite|0 fnt|[from] brn
|faint|p1a: Dragonite
|upkeep
|l|☆Jacob14203
|inactive|Jacob14203 disconnected and has a minute to reconnect!
|player|p2|
|inactive|Burritobrown99 has 120 seconds left.
|j|☆Jacob14203
|inactive|Jacob14203 reconnected.
|player|p2|Jacob14203|266|
|inactive|Burritobrown99 has 90 seconds left.
|
|t:|1779884816
|switch|p1a: Keldeo|Keldeo|82/100
|turn|23
|
|t:|1779884820
|move|p1a: Keldeo|Vacuum Wave|p2a: Walking Wake
|-damage|p2a: Walking Wake|0 fnt
|faint|p2a: Walking Wake
|-end|p2a: Walking Wake|Protosynthesis|[silent]
|
|-weather|SunnyDay|[upkeep]
|upkeep
|
|t:|1779884823
|switch|p2a: Raging Bolt|Raging Bolt|87/100
|-activate|p2a: Raging Bolt|ability: Protosynthesis
|-start|p2a: Raging Bolt|protosynthesisspa
|turn|24
|inactive|Burritobrown99 has 90 seconds left.
|
|t:|1779884835
|switch|p1a: Tinkaton|Tinkaton, F|100/100
|-damage|p1a: Tinkaton|94/100|[from] Stealth Rock
|-ability|p1a: Tinkaton|Mold Breaker
|-item|p1a: Tinkaton|Air Balloon
|move|p2a: Raging Bolt|Thunderbolt|p1a: Tinkaton
|-crit|p1a: Tinkaton
|-damage|p1a: Tinkaton|0 fnt
|-enditem|p1a: Tinkaton|Air Balloon
|faint|p1a: Tinkaton
|-damage|p2a: Raging Bolt|77/100|[from] item: Life Orb
|
|-weather|SunnyDay|[upkeep]
|upkeep
|inactive|Burritobrown99 has 90 seconds left.
|
|t:|1779884855
|switch|p1a: Gliscor|Gliscor, F|100/100 tox
|-damage|p1a: Gliscor|88/100 tox|[from] Stealth Rock
|turn|25
|
|t:|1779884860
|-terastallize|p1a: Gliscor|Normal
|move|p1a: Gliscor|Facade|p2a: Raging Bolt
|-damage|p2a: Raging Bolt|18/100
|move|p2a: Raging Bolt|Draco Meteor|p1a: Gliscor
|-damage|p1a: Gliscor|0 fnt
|-unboost|p2a: Raging Bolt|spa|2
|faint|p1a: Gliscor
|-damage|p2a: Raging Bolt|8/100|[from] item: Life Orb
|
|-weather|SunnyDay|[upkeep]
|upkeep
|
|t:|1779884863
|switch|p1a: Keldeo|Keldeo|82/100
|turn|26
|inactive|Burritobrown99 has 90 seconds left.
|
|t:|1779884879
|move|p1a: Keldeo|Vacuum Wave|p2a: Raging Bolt
|-damage|p2a: Raging Bolt|0 fnt
|faint|p2a: Raging Bolt
|-end|p2a: Raging Bolt|Protosynthesis|[silent]
|
|-weather|SunnyDay|[upkeep]
|upkeep
|
|t:|1779884882
|switch|p2a: Ceruledge|Ceruledge, F|100/100
|turn|27
|
|t:|1779884885
|move|p1a: Keldeo|Surf|p2a: Ceruledge
|-supereffective|p2a: Ceruledge
|-damage|p2a: Ceruledge|48/100
|move|p2a: Ceruledge|Poltergeist|p1a: Keldeo|[miss]
|-miss|p2a: Ceruledge|p1a: Keldeo
|
|-weather|none
|upkeep
|turn|28
|inactive|Jacob14203 has 120 seconds left.
|
|t:|1779884938
|switch|p2a: Ninetales|Ninetales, F|34/100
|-weather|SunnyDay|[from] ability: Drought|[of] p2a: Ninetales
|move|p1a: Keldeo|Surf|p2a: Ninetales
|-supereffective|p2a: Ninetales
|-damage|p2a: Ninetales|0 fnt
|faint|p2a: Ninetales
|
|-weather|SunnyDay|[upkeep]
|upkeep
|
|t:|1779884944
|switch|p2a: Great Tusk|Great Tusk|61/100
|-activate|p2a: Great Tusk|ability: Protosynthesis
|-start|p2a: Great Tusk|protosynthesisspe
|turn|29
|inactive|Burritobrown99 has 120 seconds left.
|
|t:|1779884953
|move|p2a: Great Tusk|Headlong Rush|p1a: Keldeo
|-damage|p1a: Keldeo|20/100
|-unboost|p2a: Great Tusk|def|1
|-unboost|p2a: Great Tusk|spd|1
|move|p1a: Keldeo|Surf|p2a: Great Tusk
|-supereffective|p2a: Great Tusk
|-damage|p2a: Great Tusk|0 fnt
|faint|p2a: Great Tusk
|-end|p2a: Great Tusk|Protosynthesis|[silent]
|
|-weather|SunnyDay|[upkeep]
|upkeep
|
|t:|1779884956
|switch|p2a: Ceruledge|Ceruledge, F|48/100
|turn|30
|
|t:|1779884960
|move|p1a: Keldeo|Surf|p2a: Ceruledge
|-supereffective|p2a: Ceruledge
|-damage|p2a: Ceruledge|0 fnt
|faint|p2a: Ceruledge
|
|win|Burritobrown99
|raw|Burritobrown99's rating: 1483 &rarr; <strong>1506</strong><br />(+23 for winning)
|raw|Jacob14203's rating: 1542 &rarr; <strong>1519</strong><br />(-23 for losing)
|c|☆Jacob14203|gg
|l|☆Jacob14203
|player|p2|
|l|☆Burritobrown99
|player|p1|
|j|☆Jacob14203
|player|p2|Jacob14203|266|
|l|☆Jacob14203
|player|p2|
|j|☆Jacob14203
|player|p2|Jacob14203|266|
