|j|☆Delta.PCPE
|j|☆Corphish#1Fan
|t:|1779814391
|gametype|singles
|player|p1|Delta.PCPE|gentleman-gen4|1160
|player|p2|Corphish#1Fan|cynthia-gen4|1201
|gen|9
|tier|[Gen 9] OU
|rated|
|rule|HP Percentage Mod: HP is shown in percentages
|rule|Endless Battle Clause: Forcing endless battles is banned
|rule|Species Clause: Limit one of each Pokémon
|rule|OHKO Clause: OHKO moves are banned
|rule|Evasion Items Clause: Evasion items are banned
|rule|Evasion Moves Clause: Evasion moves are banned
|rule|Evasion Abilities Clause: Evasion abilities are banned
|rule|Sleep Moves Clause: Sleep-inducing moves are banned
|clearpoke
|poke|p1|Gengar, M|
|poke|p1|Poliwrath, F|
|poke|p1|Ditto|
|poke|p1|Venusaur, M|
|poke|p1|Chansey, F|
|poke|p1|Dragonite, F|
|poke|p2|Pelipper, M|
|poke|p2|Basculegion-F, F|
|poke|p2|Raging Bolt|
|poke|p2|Corphish, F|
|poke|p2|Iron Treads|
|poke|p2|Tatsugiri, M|
|teampreview
|inactive|Battle timer is ON: inactive players will automatically lose when time's up. (requested by Delta.PCPE)
|
|t:|1779814396
|teamsize|p1|6
|teamsize|p2|6
|start
|switch|p1a: Poliwrath|Poliwrath, F, shiny|100/100
|switch|p2a: Pelipper|Pelipper, M|100/100
|-weather|RainDance|[from] ability: Drizzle|[of] p2a: Pelipper
|turn|1
|
|t:|1779814402
|move|p1a: Poliwrath|Knock Off|p2a: Pelipper
|-damage|p2a: Pelipper|70/100
|-enditem|p2a: Pelipper|Damp Rock|[from] move: Knock Off|[of] p1a: Poliwrath
|-damage|p1a: Poliwrath|91/100|[from] item: Life Orb
|move|p2a: Pelipper|Hurricane|p1a: Poliwrath
|-supereffective|p1a: Poliwrath
|-damage|p1a: Poliwrath|19/100
|-start|p1a: Poliwrath|confusion
|
|-weather|RainDance|[upkeep]
|upkeep
|turn|2
|
|t:|1779814416
|-activate|p1a: Poliwrath|confusion
|move|p1a: Poliwrath|Poison Jab|p2a: Pelipper
|-damage|p2a: Pelipper|47/100
|-status|p2a: Pelipper|psn
|-damage|p1a: Poliwrath|9/100|[from] item: Life Orb
|move|p2a: Pelipper|U-turn|p1a: Poliwrath
|-resisted|p1a: Poliwrath
|-damage|p1a: Poliwrath|4/100
|
|t:|1779814424
|switch|p2a: Basculegion|Basculegion-F, F|100/100|[from] U-turn
|
|-weather|RainDance|[upkeep]
|upkeep
|turn|3
|
|t:|1779814431
|move|p2a: Basculegion|Shadow Ball|p1a: Poliwrath
|-damage|p1a: Poliwrath|0 fnt
|faint|p1a: Poliwrath
|
|-weather|RainDance|[upkeep]
|upkeep
|
|t:|1779814437
|switch|p1a: Ditto|Ditto|100/100
|-transform|p1a: Ditto|p2a: Basculegion|[from] ability: Imposter
|turn|4
|
|t:|1779814443
|-terastallize|p2a: Basculegion|Water
|move|p1a: Ditto|Shadow Ball|p2a: Basculegion
|-damage|p2a: Basculegion|59/100
|move|p2a: Basculegion|Shadow Ball|p1a: Ditto
|-supereffective|p1a: Ditto
|-damage|p1a: Ditto|0 fnt
|faint|p1a: Ditto
|
|-weather|RainDance|[upkeep]
|upkeep
|
|t:|1779814453
|switch|p1a: Chansey|Chansey, F|100/100
|turn|5
|
|t:|1779814456
|switch|p2a: Corphish|Corphish, F|100/100
|move|p1a: Chansey|Stealth Rock|p2a: Corphish
|-sidestart|p2: Corphish#1Fan|move: Stealth Rock
|
|-weather|RainDance|[upkeep]
|upkeep
|turn|6
|
|t:|1779814464
|move|p2a: Corphish|Crabhammer|p1a: Chansey
|-crit|p1a: Chansey
|-damage|p1a: Chansey|0 fnt
|faint|p1a: Chansey
|
|-weather|RainDance|[upkeep]
|upkeep
|
|t:|1779814475
|switch|p1a: Venusaur|Venusaur, M|100/100
|turn|7
|
|t:|1779814480
|switch|p2a: Raging Bolt|Raging Bolt|100/100
|-damage|p2a: Raging Bolt|88/100|[from] Stealth Rock
|-enditem|p2a: Raging Bolt|Booster Energy
|-activate|p2a: Raging Bolt|ability: Protosynthesis|[fromitem]
|-start|p2a: Raging Bolt|protosynthesisspa
|move|p1a: Venusaur|Giga Drain|p2a: Raging Bolt
|-resisted|p2a: Raging Bolt
|-crit|p2a: Raging Bolt
|-damage|p2a: Raging Bolt|62/100
|
|-weather|RainDance|[upkeep]
|upkeep
|turn|8
|
|t:|1779814491
|move|p1a: Venusaur|Earth Power|p2a: Raging Bolt
|-supereffective|p2a: Raging Bolt
|-damage|p2a: Raging Bolt|3/100
|move|p2a: Raging Bolt|Dragon Pulse|p1a: Venusaur
|-damage|p1a: Venusaur|20/100
|
|-weather|none
|-heal|p1a: Venusaur|26/100|[from] item: Leftovers
|upkeep
|turn|9
|
|t:|1779814500
|move|p2a: Raging Bolt|Thunderclap|p1a: Venusaur
|-resisted|p1a: Venusaur
|-damage|p1a: Venusaur|0 fnt
|faint|p1a: Venusaur
|
|upkeep
|
|t:|1779814506
|switch|p1a: Gengar|Gengar, M|100/100
|turn|10
|
|t:|1779814509
|move|p1a: Gengar|Energy Ball|p2a: Raging Bolt
|-resisted|p2a: Raging Bolt
|-damage|p2a: Raging Bolt|0 fnt
|faint|p2a: Raging Bolt
|-end|p2a: Raging Bolt|Protosynthesis|[silent]
|
|upkeep
|
|t:|1779814516
|switch|p2a: Tatsugiri|Tatsugiri, M|100/100
|-damage|p2a: Tatsugiri|88/100|[from] Stealth Rock
|turn|11
|
|t:|1779814528
|move|p1a: Gengar|Energy Ball|p2a: Tatsugiri
|-damage|p2a: Tatsugiri|47/100
|move|p2a: Tatsugiri|Draco Meteor|p1a: Gengar
|-damage|p1a: Gengar|0 fnt
|-unboost|p2a: Tatsugiri|spa|2
|-start|p2a: Tatsugiri|Disable|Draco Meteor|[from] ability: Cursed Body|[of] p1a: Gengar
|faint|p1a: Gengar
|
|upkeep
|
|t:|1779814537
|switch|p1a: Dragonite|Dragonite, F, shiny|100/100
|turn|12
|
|t:|1779814542
|switch|p2a: Iron Treads|Iron Treads|100/100
|-damage|p2a: Iron Treads|97/100|[from] Stealth Rock
|-enditem|p2a: Iron Treads|Booster Energy
|-activate|p2a: Iron Treads|ability: Quark Drive|[fromitem]
|-start|p2a: Iron Treads|quarkdrivespe
|move|p1a: Dragonite|Dragon Dance|p1a: Dragonite
|-boost|p1a: Dragonite|atk|1
|-boost|p1a: Dragonite|spe|1
|
|upkeep
|turn|13
|
|t:|1779814556
|move|p2a: Iron Treads|Ice Spinner|p1a: Dragonite
|-supereffective|p1a: Dragonite
|-damage|p1a: Dragonite|42/100
|move|p1a: Dragonite|Dragon Dance|p1a: Dragonite
|-boost|p1a: Dragonite|atk|1
|-boost|p1a: Dragonite|spe|1
|
|upkeep
|turn|14
|
|t:|1779814562
|move|p1a: Dragonite|Earthquake|p2a: Iron Treads
|-supereffective|p2a: Iron Treads
|-damage|p2a: Iron Treads|0 fnt
|faint|p2a: Iron Treads
|-end|p2a: Iron Treads|Quark Drive|[silent]
|
|upkeep
|
|t:|1779814566
|switch|p2a: Pelipper|Pelipper, M|47/100 psn
|-damage|p2a: Pelipper|22/100 psn|[from] Stealth Rock
|-weather|RainDance|[from] ability: Drizzle|[of] p2a: Pelipper
|turn|15
|
|t:|1779814573
|move|p1a: Dragonite|Extreme Speed|p2a: Pelipper
|-damage|p2a: Pelipper|0 fnt
|faint|p2a: Pelipper
|
|-weather|RainDance|[upkeep]
|upkeep
|
|t:|1779814578
|switch|p2a: Basculegion|Basculegion-F, F, tera:Water|59/100
|-damage|p2a: Basculegion|47/100|[from] Stealth Rock
|turn|16
|
|t:|1779814583
|move|p1a: Dragonite|Extreme Speed|p2a: Basculegion
|-damage|p2a: Basculegion|0 fnt
|faint|p2a: Basculegion
|
|-weather|RainDance|[upkeep]
|upkeep
|
|t:|1779814587
|switch|p2a: Corphish|Corphish, F|100/100
|-damage|p2a: Corphish|88/100|[from] Stealth Rock
|turn|17
|
|t:|1779814593
|move|p1a: Dragonite|Extreme Speed|p2a: Corphish
|-damage|p2a: Corphish|0 fnt
|faint|p2a: Corphish
|
|-weather|RainDance|[upkeep]
|upkeep
|-message|Corphish#1Fan forfeited.
|
|win|Delta.PCPE
|raw|Delta.PCPE's rating: 1160 &rarr; <strong>1188</strong><br />(+28 for winning)
|raw|Corphish#1Fan's rating: 1201 &rarr; <strong>1173</strong><br />(-28 for losing)
|l|☆Corphish#1Fan
|player|p2|
|l|☆Delta.PCPE
|player|p1|
