|j|☆regen emperor
|j|☆whimsicotthunter
|t:|1779920881
|gametype|singles
|player|p1|regen emperor|hiker-gen4|1060
|player|p2|whimsicotthunter|dawn|1000
|gen|9
|tier|[Gen 9] OU
|rated|
|rule|HP Percentage Mod: HP is shown in percentages
|rule|Endless Battle Clause: Forcing endless battles is banned
|rule|Species Clause: Limit one of each Pokémon
|rule|OHKO Clause: OHKO moves are banned
|rule|Evasion Items Clause: Evasion items are banned
|rule|Evasion Moves Clause: Evasion moves are banned
|rule|Evasion Abilities Clause: Evasion abilities are banned
|rule|Sleep Moves Clause: Sleep-inducing moves are banned
|clearpoke
|poke|p1|Alomomola, M|
|poke|p1|Hydrapple, F|
|poke|p1|Tornadus-Therian, M|
|poke|p1|Cyclizar, F|
|poke|p1|Slowking-Galar, M|
|poke|p1|Klawf, F|
|poke|p2|Reuniclus, F|
|poke|p2|Zamazenta-*|
|poke|p2|Tyranitar, M|
|poke|p2|Excadrill, M|
|poke|p2|Tornadus-Therian, M|
|poke|p2|Cinderace, F|
|teampreview
|inactive|Battle timer is ON: inactive players will automatically lose when time's up. (requested by regen emperor)
|c|☆regen emperor|reuniclus nice
|
|t:|1779920908
|teamsize|p1|6
|teamsize|p2|6
|start
|switch|p1a: Klawf|Klawf, F|100/100
|switch|p2a: Tyranitar|Tyranitar, M|100/100
|-weather|Sandstorm|[from] ability: Sand Stream|[of] p2a: Tyranitar
|turn|1
|
|t:|1779920919
|move|p1a: Klawf|Stealth Rock|p2a: Tyranitar
|-sidestart|p2: whimsicotthunter|move: Stealth Rock
|move|p2a: Tyranitar|Stealth Rock|p1a: Klawf
|-sidestart|p1: regen emperor|move: Stealth Rock
|
|-weather|Sandstorm|[upkeep]
|upkeep
|turn|2
|
|t:|1779920926
|move|p1a: Klawf|Crabhammer|p2a: Tyranitar
|-supereffective|p2a: Tyranitar
|-damage|p2a: Tyranitar|63/100
|move|p2a: Tyranitar|Knock Off|p1a: Klawf
|-damage|p1a: Klawf|72/100
|-enditem|p1a: Klawf|Heavy-Duty Boots|[from] move: Knock Off|[of] p2a: Tyranitar
|
|-weather|Sandstorm|[upkeep]
|-heal|p2a: Tyranitar|70/100|[from] item: Leftovers
|upkeep
|turn|3
|
|t:|1779920931
|switch|p2a: Zamazenta|Zamazenta|100/100
|-damage|p2a: Zamazenta|94/100|[from] Stealth Rock
|-ability|p2a: Zamazenta|Dauntless Shield|boost
|-boost|p2a: Zamazenta|def|1
|move|p1a: Klawf|Crabhammer|p2a: Zamazenta
|-damage|p2a: Zamazenta|80/100
|
|-weather|Sandstorm|[upkeep]
|-damage|p2a: Zamazenta|74/100|[from] Sandstorm
|upkeep
|turn|4
|
|t:|1779920939
|switch|p1a: Slowking|Slowking-Galar, M|100/100
|move|p2a: Zamazenta|Crunch|p1a: Slowking
|-supereffective|p1a: Slowking
|-damage|p1a: Slowking|47/100
|
|-weather|Sandstorm|[upkeep]
|-damage|p2a: Zamazenta|68/100|[from] Sandstorm
|-damage|p1a: Slowking|41/100|[from] Sandstorm
|upkeep
|turn|5
|c|☆regen emperor|band
|
|t:|1779920962
|switch|p2a: Reuniclus|Reuniclus, F|100/100
|switch|p1a: Hydrapple|Hydrapple, F|100/100
|
|-weather|none
|upkeep
|turn|6
|inactive|regen emperor has 120 seconds left.
|
|t:|1779920985
|switch|p2a: Tornadus|Tornadus-Therian, M|100/100
|move|p1a: Hydrapple|Nasty Plot|p1a: Hydrapple
|-boost|p1a: Hydrapple|spa|2
|
|upkeep
|turn|7
|
|t:|1779920993
|move|p2a: Tornadus|Bleakwind Storm|p1a: Hydrapple
|-supereffective|p1a: Hydrapple
|-damage|p1a: Hydrapple|31/100
|-unboost|p1a: Hydrapple|spe|1
|move|p1a: Hydrapple|Fickle Beam|p2a: Tornadus
|-damage|p2a: Tornadus|33/100
|
|upkeep
|turn|8
|inactive|regen emperor has 120 seconds left.
|
|t:|1779921017
|move|p2a: Tornadus|U-turn|p1a: Hydrapple
|-supereffective|p1a: Hydrapple
|-damage|p1a: Hydrapple|15/100
|
|t:|1779921020
|switch|p2a: Excadrill|Excadrill, M|100/100|[from] U-turn
|-damage|p2a: Excadrill|97/100|[from] Stealth Rock
|-item|p2a: Excadrill|Air Balloon
|move|p1a: Hydrapple|Fickle Beam|p2a: Excadrill|[anim] Fickle Beam All Out
|-activate|p1a: Hydrapple|move: Fickle Beam
|-resisted|p2a: Excadrill
|-damage|p2a: Excadrill|4/100
|-enditem|p2a: Excadrill|Air Balloon
|
|upkeep
|turn|9
|inactive|regen emperor has 120 seconds left.
|
|t:|1779921046
|switch|p1a: Tornadus|Tornadus-Therian, M|100/100
|move|p2a: Excadrill|Rapid Spin|p1a: Tornadus
|-damage|p1a: Tornadus|78/100
|-boost|p2a: Excadrill|spe|1
|-sideend|p2: whimsicotthunter|Stealth Rock|[from] move: Rapid Spin|[of] p2a: Excadrill
|
|upkeep
|turn|10
|
|t:|1779921053
|move|p2a: Excadrill|Iron Head|p1a: Tornadus
|-damage|p1a: Tornadus|21/100
|move|p1a: Tornadus|U-turn|p2a: Excadrill
|-resisted|p2a: Excadrill
|-damage|p2a: Excadrill|0 fnt
|faint|p2a: Excadrill
|
|t:|1779921061
|switch|p1a: Cyclizar|Cyclizar, F|100/100|[from] U-turn
|
|upkeep
|
|t:|1779921064
|switch|p2a: Zamazenta|Zamazenta|68/100
|turn|11
|inactive|regen emperor has 120 seconds left.
|
|t:|1779921088
|move|p2a: Zamazenta|Crunch|p1a: Cyclizar
|-damage|p1a: Cyclizar|45/100
|move|p1a: Cyclizar|U-turn|p2a: Zamazenta
|-resisted|p2a: Zamazenta
|-crit|p2a: Zamazenta
|-damage|p2a: Zamazenta|56/100
|
|t:|1779921104
|switch|p1a: Alomomola|Alomomola, M|100/100|[from] U-turn
|-damage|p1a: Alomomola|88/100|[from] Stealth Rock
|
|upkeep
|turn|12
|
|t:|1779921110
|switch|p2a: Reuniclus|Reuniclus, F|100/100
|move|p1a: Alomomola|Scald|p2a: Reuniclus
|-damage|p2a: Reuniclus|88/100
|-status|p2a: Reuniclus|brn
|
|upkeep
|turn|13
|
|t:|1779921117
|move|p1a: Alomomola|Flip Turn|p2a: Reuniclus
|-damage|p2a: Reuniclus|76/100 brn
|
|t:|1779921135
|switch|p1a: Slowking|Slowking-Galar, M|74/100|[from] Flip Turn
|move|p2a: Reuniclus|Calm Mind|p2a: Reuniclus
|-boost|p2a: Reuniclus|spa|1
|-boost|p2a: Reuniclus|spd|1
|
|upkeep
|turn|14
|
|t:|1779921144
|move|p2a: Reuniclus|Calm Mind|p2a: Reuniclus
|-boost|p2a: Reuniclus|spa|1
|-boost|p2a: Reuniclus|spd|1
|-prepare|p1a: Slowking|Chilly Reception|[premajor]
|move|p1a: Slowking|Chilly Reception|p1a: Slowking
|-weather|Snowscape
|
|t:|1779921157
|switch|p1a: Cyclizar|Cyclizar, F|78/100|[from] Chilly Reception
|
|-weather|Snowscape|[upkeep]
|upkeep
|turn|15
|
|t:|1779921166
|move|p1a: Cyclizar|Knock Off|p2a: Reuniclus
|-supereffective|p2a: Reuniclus
|-damage|p2a: Reuniclus|45/100 brn
|-enditem|p2a: Reuniclus|Life Orb|[from] move: Knock Off|[of] p1a: Cyclizar
|move|p2a: Reuniclus|Recover|p2a: Reuniclus
|-heal|p2a: Reuniclus|95/100 brn
|
|-weather|Snowscape|[upkeep]
|upkeep
|turn|16
|inactive|regen emperor has 120 seconds left.
|
|t:|1779921175
|move|p2a: Reuniclus|Psyshock|p1a: Cyclizar
|-damage|p1a: Cyclizar|0 fnt
|faint|p1a: Cyclizar
|
|-weather|Snowscape|[upkeep]
|upkeep
|
|t:|1779921180
|switch|p1a: Tornadus|Tornadus-Therian, M|54/100
|turn|17
|
|t:|1779921184
|move|p1a: Tornadus|U-turn|p2a: Reuniclus
|-supereffective|p2a: Reuniclus
|-damage|p2a: Reuniclus|72/100 brn
|
|t:|1779921191
|switch|p1a: Klawf|Klawf, F|100/100|[from] U-turn
|-damage|p1a: Klawf|88/100|[from] Stealth Rock
|move|p2a: Reuniclus|Psyshock|p1a: Klawf
|-damage|p1a: Klawf|43/100
|
|-weather|Snowscape|[upkeep]
|upkeep
|turn|18
|
|t:|1779921202
|move|p1a: Klawf|Stone Edge|p2a: Reuniclus
|-damage|p2a: Reuniclus|47/100 brn
|move|p2a: Reuniclus|Psyshock|p1a: Klawf
|-damage|p1a: Klawf|1/100
|
|-weather|none
|upkeep
|turn|19
|
|t:|1779921214
|move|p1a: Klawf|Stealth Rock|p2a: Reuniclus
|-sidestart|p2: whimsicotthunter|move: Stealth Rock
|move|p2a: Reuniclus|Recover|p2a: Reuniclus
|-heal|p2a: Reuniclus|97/100 brn
|
|upkeep
|turn|20
|
|t:|1779921223
|move|p1a: Klawf|Stone Edge|p2a: Reuniclus|[miss]
|-miss|p1a: Klawf|p2a: Reuniclus
|move|p2a: Reuniclus|Psyshock|p1a: Klawf
|-damage|p1a: Klawf|0 fnt
|faint|p1a: Klawf
|
|upkeep
|
|t:|1779921227
|switch|p1a: Hydrapple|Hydrapple, F|48/100
|turn|21
|
|t:|1779921242
|switch|p1a: Alomomola|Alomomola, M|100/100
|-damage|p1a: Alomomola|88/100|[from] Stealth Rock
|move|p2a: Reuniclus|Psyshock|p1a: Alomomola
|-damage|p1a: Alomomola|33/100
|
|upkeep
|turn|22
|
|t:|1779921255
|switch|p1a: Slowking|Slowking-Galar, M|100/100
|move|p2a: Reuniclus|Psyshock|p1a: Slowking
|-damage|p1a: Slowking|53/100
|
|upkeep
|turn|23
|
|t:|1779921264
|move|p2a: Reuniclus|Calm Mind|p2a: Reuniclus
|-boost|p2a: Reuniclus|spa|1
|-boost|p2a: Reuniclus|spd|1
|move|p1a: Slowking|Future Sight|p2a: Reuniclus
|-start|p1a: Slowking|move: Future Sight
|
|upkeep
|turn|24
|
|t:|1779921269
|move|p2a: Reuniclus|Psyshock|p1a: Slowking
|-damage|p1a: Slowking|0 fnt
|faint|p1a: Slowking
|
|upkeep
|
|t:|1779921274
|switch|p1a: Alomomola|Alomomola, M|67/100
|-damage|p1a: Alomomola|54/100|[from] Stealth Rock
|turn|25
|
|t:|1779921278
|move|p2a: Reuniclus|Psyshock|p1a: Alomomola
|-damage|p1a: Alomomola|0 fnt
|faint|p1a: Alomomola
|
|-end|p2a: Reuniclus|move: Future Sight
|-resisted|p2a: Reuniclus
|-damage|p2a: Reuniclus|88/100 brn
|upkeep
|l|☆regen emperor
|inactive|regen emperor disconnected and has a minute to reconnect!
|player|p1|
|inactive|regen emperor has 30 seconds to reconnect!
|inactive|regen emperor has 20 seconds to reconnect!
|inactive|regen emperor has 15 seconds to reconnect!
|inactive|regen emperor has 10 seconds to reconnect!
|inactive|regen emperor has 5 seconds to reconnect!
|-message|regen emperor lost due to inactivity.
|
|win|whimsicotthunter
|raw|regen emperor's rating: 1060 &rarr; <strong>1038</strong><br />(-22 for losing)
|raw|whimsicotthunter's rating: 1000 &rarr; <strong>1047</strong><br />(+47 for winning)
|l|☆whimsicotthunter
|player|p2|
|j|☆whimsicotthunter
|player|p2|whimsicotthunter|dawn|
