|j|☆coolerns
|j|☆habixia
|t:|1779864155
|gametype|singles
|player|p1|coolerns|bellelba|1457
|player|p2|habixia|102|1491
|gen|9
|tier|[Gen 9] OU
|rated|
|rule|HP Percentage Mod: HP is shown in percentages
|rule|Endless Battle Clause: Forcing endless battles is banned
|rule|Species Clause: Limit one of each Pokémon
|rule|OHKO Clause: OHKO moves are banned
|rule|Evasion Items Clause: Evasion items are banned
|rule|Evasion Moves Clause: Evasion moves are banned
|rule|Evasion Abilities Clause: Evasion abilities are banned
|rule|Sleep Moves Clause: Sleep-inducing moves are banned
|clearpoke
|poke|p1|Glimmora, F|
|poke|p1|Ceruledge, F|
|poke|p1|Deoxys-Speed|
|poke|p1|Ogerpon-Wellspring, F|
|poke|p1|Zamazenta-*|
|poke|p1|Moltres-Galar|
|poke|p2|Pelipper, M|
|poke|p2|Ogerpon-Wellspring, F|
|poke|p2|Barraskewda, M|
|poke|p2|Revavroom, F|
|poke|p2|Iron Treads|
|poke|p2|Zapdos|
|teampreview
|inactive|Battle timer is ON: inactive players will automatically lose when time's up. (requested by habixia)
|
|t:|1779864175
|teamsize|p1|6
|teamsize|p2|6
|start
|switch|p1a: Glimmora|Glimmora, F|100/100
|switch|p2a: Pelipper|Pelipper, M|100/100
|-weather|RainDance|[from] ability: Drizzle|[of] p2a: Pelipper
|turn|1
|
|t:|1779864191
|switch|p2a: Iron Treads|Iron Treads|100/100
|move|p1a: Glimmora|Earth Power|p2a: Iron Treads
|-supereffective|p2a: Iron Treads
|-damage|p2a: Iron Treads|48/100
|
|-weather|RainDance|[upkeep]
|-heal|p2a: Iron Treads|54/100|[from] item: Leftovers
|upkeep
|turn|2
|
|t:|1779864201
|move|p1a: Glimmora|Earth Power|p2a: Iron Treads
|-supereffective|p2a: Iron Treads
|-damage|p2a: Iron Treads|0 fnt
|faint|p2a: Iron Treads
|-end|p2a: Iron Treads|Quark Drive|[silent]
|
|-weather|RainDance|[upkeep]
|upkeep
|
|t:|1779864209
|switch|p2a: Zapdos|Zapdos|100/100
|turn|3
|
|t:|1779864213
|move|p2a: Zapdos|Thunder|p1a: Glimmora
|-damage|p1a: Glimmora|32/100
|-status|p1a: Glimmora|par
|cant|p1a: Glimmora|par
|
|-weather|RainDance|[upkeep]
|upkeep
|turn|4
|
|t:|1779864223
|move|p2a: Zapdos|Thunder|p1a: Glimmora
|-crit|p1a: Glimmora
|-damage|p1a: Glimmora|0 fnt
|faint|p1a: Glimmora
|
|-weather|RainDance|[upkeep]
|upkeep
|
|t:|1779864242
|switch|p1a: Ceruledge|Ceruledge, F|100/100
|turn|5
|
|t:|1779864256
|move|p2a: Zapdos|Thunder|p1a: Ceruledge
|-damage|p1a: Ceruledge|35/100
|move|p1a: Ceruledge|Poltergeist|p2a: Zapdos
|-activate|p2a: Zapdos|move: Poltergeist|Heavy-Duty Boots
|-damage|p2a: Zapdos|31/100
|
|-weather|RainDance|[upkeep]
|upkeep
|turn|6
|
|t:|1779864270
|-terastallize|p1a: Ceruledge|Ghost
|move|p1a: Ceruledge|Shadow Sneak|p2a: Zapdos
|-damage|p2a: Zapdos|0 fnt
|faint|p2a: Zapdos
|
|-weather|RainDance|[upkeep]
|upkeep
|
|t:|1779864276
|switch|p2a: Barraskewda|Barraskewda, M|100/100
|turn|7
|
|t:|1779864283
|move|p1a: Ceruledge|Shadow Sneak|p2a: Barraskewda
|-damage|p2a: Barraskewda|50/100
|move|p2a: Barraskewda|Close Combat|p1a: Ceruledge
|-immune|p1a: Ceruledge
|
|-weather|RainDance|[upkeep]
|upkeep
|turn|8
|
|t:|1779864291
|move|p2a: Barraskewda|Aqua Jet|p1a: Ceruledge
|-damage|p1a: Ceruledge|0 fnt
|faint|p1a: Ceruledge
|
|-weather|none
|upkeep
|
|t:|1779864300
|switch|p1a: Deoxys|Deoxys-Speed|100/100
|-ability|p1a: Deoxys|Pressure
|turn|9
|
|t:|1779864307
|move|p2a: Barraskewda|Aqua Jet|p1a: Deoxys
|-damage|p1a: Deoxys|62/100
|move|p1a: Deoxys|Psycho Boost|p2a: Barraskewda
|-damage|p2a: Barraskewda|0 fnt
|-unboost|p1a: Deoxys|spa|2
|faint|p2a: Barraskewda
|-enditem|p1a: Deoxys|Eject Pack
|
|t:|1779864317
|switch|p1a: Moltres|Moltres-Galar, shiny|100/100
|
|upkeep
|
|t:|1779864321
|switch|p2a: Revavroom|Revavroom, F|100/100
|-item|p2a: Revavroom|Air Balloon
|turn|10
|
|t:|1779864330
|move|p2a: Revavroom|Shift Gear|p2a: Revavroom
|-boost|p2a: Revavroom|spe|2
|-boost|p2a: Revavroom|atk|1
|move|p1a: Moltres|Nasty Plot|p1a: Moltres
|-boost|p1a: Moltres|spa|2
|
|upkeep
|turn|11
|
|t:|1779864338
|move|p2a: Revavroom|Iron Head|p1a: Moltres
|-damage|p1a: Moltres|30/100
|-ability|p1a: Moltres|Berserk|boost
|-boost|p1a: Moltres|spa|1
|-enditem|p1a: Moltres|Sitrus Berry|[eat]
|-heal|p1a: Moltres|55/100|[from] item: Sitrus Berry
|cant|p1a: Moltres|flinch
|
|upkeep
|turn|12
|
|t:|1779864348
|move|p2a: Revavroom|Iron Head|p1a: Moltres
|-damage|p1a: Moltres|0 fnt
|faint|p1a: Moltres
|
|upkeep
|
|t:|1779864354
|switch|p1a: Zamazenta|Zamazenta|100/100
|-ability|p1a: Zamazenta|Dauntless Shield|boost
|-boost|p1a: Zamazenta|def|1
|turn|13
|
|t:|1779864360
|move|p2a: Revavroom|Gunk Shot|p1a: Zamazenta
|-damage|p1a: Zamazenta|45/100
|move|p1a: Zamazenta|Close Combat|p2a: Revavroom
|-crit|p2a: Revavroom
|-damage|p2a: Revavroom|0 fnt
|-unboost|p1a: Zamazenta|def|1
|-unboost|p1a: Zamazenta|spd|1
|-enditem|p2a: Revavroom|Air Balloon
|faint|p2a: Revavroom
|
|upkeep
|
|t:|1779864366
|switch|p2a: Pelipper|Pelipper, M|100/100
|-weather|RainDance|[from] ability: Drizzle|[of] p2a: Pelipper
|turn|14
|
|t:|1779864376
|move|p1a: Zamazenta|Stone Edge|p2a: Pelipper
|-supereffective|p2a: Pelipper
|-damage|p2a: Pelipper|52/100
|move|p2a: Pelipper|U-turn|p1a: Zamazenta
|-resisted|p1a: Zamazenta
|-damage|p1a: Zamazenta|41/100
|
|t:|1779864379
|switch|p2a: Ogerpon|Ogerpon-Wellspring, F|100/100|[from] U-turn
|
|-weather|RainDance|[upkeep]
|upkeep
|turn|15
|
|t:|1779864388
|move|p1a: Zamazenta|Close Combat|p2a: Ogerpon
|-damage|p2a: Ogerpon|22/100
|-unboost|p1a: Zamazenta|def|1
|-unboost|p1a: Zamazenta|spd|1
|move|p2a: Ogerpon|Ivy Cudgel|p1a: Zamazenta|[anim] Ivy Cudgel Water
|-damage|p1a: Zamazenta|0 fnt
|faint|p1a: Zamazenta
|
|-weather|RainDance|[upkeep]
|upkeep
|
|t:|1779864399
|switch|p1a: Deoxys|Deoxys-Speed|62/100
|-ability|p1a: Deoxys|Pressure
|turn|16
|
|t:|1779864406
|move|p1a: Deoxys|Ice Beam|p2a: Ogerpon
|-damage|p2a: Ogerpon|0 fnt
|faint|p2a: Ogerpon
|
|-weather|RainDance|[upkeep]
|upkeep
|
|t:|1779864408
|switch|p2a: Pelipper|Pelipper, M|52/100
|turn|17
|
|t:|1779864415
|move|p1a: Deoxys|Psycho Boost|p2a: Pelipper
|-damage|p2a: Pelipper|0 fnt
|-unboost|p1a: Deoxys|spa|2
|faint|p2a: Pelipper
|
|win|coolerns
|raw|coolerns's rating: 1457 &rarr; <strong>1479</strong><br />(+22 for winning)
|raw|habixia's rating: 1491 &rarr; <strong>1469</strong><br />(-22 for losing)
|l|☆habixia
|player|p2|
|l|☆coolerns
|player|p1|
