|j|☆neomune
|j|☆bonycrow
|t:|1779901979
|gametype|singles
|player|p1|neomune|pokemaniac|1288
|player|p2|bonycrow|n|1274
|gen|9
|tier|[Gen 9] OU
|rated|
|rule|HP Percentage Mod: HP is shown in percentages
|rule|Endless Battle Clause: Forcing endless battles is banned
|rule|Species Clause: Limit one of each Pokémon
|rule|OHKO Clause: OHKO moves are banned
|rule|Evasion Items Clause: Evasion items are banned
|rule|Evasion Moves Clause: Evasion moves are banned
|rule|Evasion Abilities Clause: Evasion abilities are banned
|rule|Sleep Moves Clause: Sleep-inducing moves are banned
|clearpoke
|poke|p1|Ogerpon, F|
|poke|p1|Alomomola, F|
|poke|p1|Ceruledge, F|
|poke|p1|Enamorus, F|
|poke|p1|Thundurus, M|
|poke|p1|Walking Wake|
|poke|p2|Corviknight, M|
|poke|p2|Incineroar, M|
|poke|p2|Primarina, F|
|poke|p2|Iron Treads|
|poke|p2|Dragapult, M|
|poke|p2|Glimmora, F|
|teampreview
|inactive|Battle timer is ON: inactive players will automatically lose when time's up. (requested by bonycrow)
|
|t:|1779902013
|teamsize|p1|6
|teamsize|p2|6
|start
|switch|p1a: Ogerpon|Ogerpon, F|100/100
|switch|p2a: Boo|Dragapult, M|100/100
|turn|1
|
|t:|1779902027
|-terastallize|p1a: Ogerpon|Grass
|detailschange|p1a: Ogerpon|Ogerpon-Teal-Tera, F, tera:Grass
|-ability|p1a: Ogerpon|Embody Aspect (Teal)|boost
|-boost|p1a: Ogerpon|spe|1
|move|p1a: Ogerpon|Play Rough|p2a: Boo
|-supereffective|p2a: Boo
|-damage|p2a: Boo|0 fnt
|faint|p2a: Boo
|
|upkeep
|
|t:|1779902037
|switch|p2a: Mars|Incineroar, M|100/100
|-ability|p2a: Mars|Intimidate|boost
|-unboost|p1a: Ogerpon|atk|1
|turn|2
|
|t:|1779902044
|switch|p1a: Alomomola|Alomomola, F|100/100
|move|p2a: Mars|Knock Off|p1a: Alomomola
|-damage|p1a: Alomomola|80/100
|-enditem|p1a: Alomomola|Leftovers|[from] move: Knock Off|[of] p2a: Mars
|
|upkeep
|turn|3
|
|t:|1779902052
|move|p1a: Alomomola|Whirlpool|p2a: Mars
|-supereffective|p2a: Mars
|-damage|p2a: Mars|88/100
|-activate|p2a: Mars|move: Whirlpool|[of] p1a: Alomomola
|move|p2a: Mars|Will-O-Wisp|p1a: Alomomola
|-status|p1a: Alomomola|brn
|
|-damage|p1a: Alomomola|74/100 brn|[from] brn
|-damage|p2a: Mars|75/100|[from] move: Whirlpool|[partiallytrapped]
|upkeep
|turn|4
|
|t:|1779902063
|move|p1a: Alomomola|Wish|p1a: Alomomola
|move|p2a: Mars|Parting Shot|p1a: Alomomola
|-unboost|p1a: Alomomola|atk|1
|-unboost|p1a: Alomomola|spa|1
|
|t:|1779902070
|switch|p2a: Ebb|Primarina, F|100/100|[from] Parting Shot
|
|-damage|p1a: Alomomola|68/100 brn|[from] brn
|upkeep
|turn|5
|
|t:|1779902077
|move|p1a: Alomomola|Flip Turn|p2a: Ebb
|-resisted|p2a: Ebb
|-damage|p2a: Ebb|97/100
|
|t:|1779902087
|switch|p1a: Thundurus|Thundurus, M|100/100|[from] Flip Turn
|move|p2a: Ebb|Substitute|p2a: Ebb
|-start|p2a: Ebb|Substitute
|-damage|p2a: Ebb|73/100
|
|-heal|p2a: Ebb|79/100|[from] item: Leftovers
|upkeep
|turn|6
|
|t:|1779902102
|move|p1a: Thundurus|Discharge|p2a: Ebb
|-supereffective|p2a: Ebb
|-end|p2a: Ebb|Substitute
|move|p2a: Ebb|Calm Mind|p2a: Ebb
|-boost|p2a: Ebb|spa|1
|-boost|p2a: Ebb|spd|1
|
|-heal|p2a: Ebb|85/100|[from] item: Leftovers
|upkeep
|turn|7
|
|t:|1779902112
|-terastallize|p2a: Ebb|Steel
|move|p1a: Thundurus|Thunder Wave|p2a: Ebb|[miss]
|-miss|p1a: Thundurus|p2a: Ebb
|move|p2a: Ebb|Substitute|p2a: Ebb
|-start|p2a: Ebb|Substitute
|-damage|p2a: Ebb|60/100
|
|-heal|p2a: Ebb|66/100|[from] item: Leftovers
|upkeep
|turn|8
|
|t:|1779902122
|move|p1a: Thundurus|Discharge|p2a: Ebb
|-activate|p2a: Ebb|move: Substitute|[damage]
|move|p2a: Ebb|Calm Mind|p2a: Ebb
|-boost|p2a: Ebb|spa|1
|-boost|p2a: Ebb|spd|1
|
|-heal|p2a: Ebb|72/100|[from] item: Leftovers
|upkeep
|turn|9
|
|t:|1779902132
|move|p1a: Thundurus|Discharge|p2a: Ebb
|-end|p2a: Ebb|Substitute
|move|p2a: Ebb|Draining Kiss|p1a: Thundurus
|-damage|p1a: Thundurus|47/100
|-heal|p2a: Ebb|100/100|[from] drain|[of] p1a: Thundurus
|
|upkeep
|turn|10
|
|t:|1779902149
|move|p1a: Thundurus|Thunder Wave|p2a: Ebb
|-status|p2a: Ebb|par
|move|p2a: Ebb|Substitute|p2a: Ebb
|-start|p2a: Ebb|Substitute
|-damage|p2a: Ebb|76/100 par
|
|-heal|p2a: Ebb|82/100 par|[from] item: Leftovers
|upkeep
|turn|11
|
|t:|1779902159
|switch|p1a: Alomomola|Alomomola, F|100/100 brn
|move|p2a: Ebb|Draining Kiss|p1a: Alomomola
|-damage|p1a: Alomomola|46/100 brn
|-heal|p2a: Ebb|100/100 par|[from] drain|[of] p1a: Alomomola
|
|-damage|p1a: Alomomola|40/100 brn|[from] brn
|upkeep
|turn|12
|
|t:|1779902168
|move|p1a: Alomomola|Flip Turn|p2a: Ebb
|-activate|p2a: Ebb|move: Substitute|[damage]
|
|t:|1779902175
|switch|p1a: Thundurus|Thundurus, M|47/100|[from] Flip Turn
|move|p2a: Ebb|Draining Kiss|p1a: Thundurus
|-damage|p1a: Thundurus|0 fnt
|faint|p1a: Thundurus
|
|upkeep
|
|t:|1779902178
|switch|p1a: Ceruledge|Ceruledge, F|100/100
|turn|13
|
|t:|1779902185
|move|p1a: Ceruledge|Bitter Blade|p2a: Ebb
|-supereffective|p2a: Ebb
|-end|p2a: Ebb|Substitute
|cant|p2a: Ebb|par
|
|upkeep
|turn|14
|
|t:|1779902194
|switch|p2a: Mars|Incineroar, M|75/100
|-ability|p2a: Mars|Intimidate|boost
|-unboost|p1a: Ceruledge|atk|1
|move|p1a: Ceruledge|Swords Dance|p1a: Ceruledge
|-boost|p1a: Ceruledge|atk|2
|
|upkeep
|turn|15
|
|t:|1779902203
|switch|p1a: Alomomola|Alomomola, F|73/100 brn
|move|p2a: Mars|Knock Off|p1a: Alomomola
|-damage|p1a: Alomomola|58/100 brn
|
|-damage|p1a: Alomomola|52/100 brn|[from] brn
|upkeep
|turn|16
|
|t:|1779902214
|move|p1a: Alomomola|Wish|p1a: Alomomola
|move|p2a: Mars|Parting Shot|p1a: Alomomola
|-unboost|p1a: Alomomola|atk|1
|-unboost|p1a: Alomomola|spa|1
|
|t:|1779902219
|switch|p2a: Ebb|Primarina, F, tera:Steel|100/100 par|[from] Parting Shot
|
|-damage|p1a: Alomomola|46/100 brn|[from] brn
|upkeep
|turn|17
|
|t:|1779902228
|move|p1a: Alomomola|Flip Turn|p2a: Ebb
|-damage|p2a: Ebb|94/100 par
|
|t:|1779902236
|switch|p1a: Ceruledge|Ceruledge, F|100/100|[from] Flip Turn
|move|p2a: Ebb|Psychic Noise|p1a: Ceruledge
|-supereffective|p1a: Ceruledge
|-damage|p1a: Ceruledge|28/100
|-start|p1a: Ceruledge|move: Heal Block
|
|-heal|p2a: Ebb|99/100 par|[from] item: Leftovers
|upkeep
|turn|18
|
|t:|1779902249
|move|p1a: Ceruledge|Poltergeist|p2a: Ebb
|-activate|p2a: Ebb|move: Poltergeist|Leftovers
|-damage|p2a: Ebb|33/100 par
|cant|p2a: Ebb|par
|
|-heal|p2a: Ebb|39/100 par|[from] item: Leftovers
|-end|p1a: Ceruledge|move: Heal Block
|upkeep
|turn|19
|
|t:|1779902258
|move|p1a: Ceruledge|Bitter Blade|p2a: Ebb
|-supereffective|p2a: Ebb
|-damage|p2a: Ebb|0 fnt
|-heal|p1a: Ceruledge|53/100|[from] drain|[of] p2a: Ebb
|faint|p2a: Ebb
|
|upkeep
|
|t:|1779902265
|switch|p2a: Bloom|Glimmora, F, shiny|100/100
|turn|20
|
|t:|1779902275
|move|p2a: Bloom|Power Gem|p1a: Ceruledge
|-supereffective|p1a: Ceruledge
|-damage|p1a: Ceruledge|0 fnt
|faint|p1a: Ceruledge
|
|upkeep
|
|t:|1779902283
|switch|p1a: Walking Wake|Walking Wake|100/100
|-enditem|p1a: Walking Wake|Booster Energy
|-activate|p1a: Walking Wake|ability: Protosynthesis|[fromitem]
|-start|p1a: Walking Wake|protosynthesisspe
|turn|21
|-message|bonycrow forfeited.
|
|win|neomune
|raw|neomune's rating: 1288 &rarr; <strong>1312</strong><br />(+24 for winning)
|raw|bonycrow's rating: 1274 &rarr; <strong>1250</strong><br />(-24 for losing)
|l|☆bonycrow
|player|p2|
|l|☆neomune
|player|p1|
