|badge|p2|silver|gen9ou|30-9
|uhtml|medal-msg|<div class="broadcast-blue">Curious what those medals under the avatar are? PS now has Ladder Seasons! For more information, check out the <a href="https://www.smogon.com/forums/threads/3740067/">thread on Smogon.</a></div>
|j|☆nnnn5555
|j|☆slitherwing ily ><
|t:|1779887340
|gametype|singles
|player|p1|nnnn5555|101|1729
|player|p2|slitherwing ily ><|iono-masters|1916
|gen|9
|tier|[Gen 9] OU
|rated|
|rule|HP Percentage Mod: HP is shown in percentages
|rule|Endless Battle Clause: Forcing endless battles is banned
|rule|Species Clause: Limit one of each Pokémon
|rule|OHKO Clause: OHKO moves are banned
|rule|Evasion Items Clause: Evasion items are banned
|rule|Evasion Moves Clause: Evasion moves are banned
|rule|Evasion Abilities Clause: Evasion abilities are banned
|rule|Sleep Moves Clause: Sleep-inducing moves are banned
|clearpoke
|poke|p1|Rillaboom, M|
|poke|p1|Alomomola, F|
|poke|p1|Heatran, M|
|poke|p1|Great Tusk|
|poke|p1|Dragapult, M|
|poke|p1|Hatterene, F|
|poke|p2|Great Tusk|
|poke|p2|Kingambit, F|
|poke|p2|Raging Bolt|
|poke|p2|Walking Wake|
|poke|p2|Ninetales, F|
|poke|p2|Ceruledge, F|
|teampreview
|
|t:|1779887352
|teamsize|p1|6
|teamsize|p2|6
|start
|switch|p1a: Heatran|Heatran, M|100/100
|switch|p2a: Naruto|Ninetales, F|100/100
|-weather|SunnyDay|[from] ability: Drought|[of] p2a: Naruto
|turn|1
|
|t:|1779887359
|switch|p2a: Resevoir slogs|Walking Wake|100/100
|-activate|p2a: Resevoir slogs|ability: Protosynthesis
|-start|p2a: Resevoir slogs|protosynthesisspe
|move|p1a: Heatran|Stealth Rock|p2a: Resevoir slogs
|-sidestart|p2: slitherwing ily ><|move: Stealth Rock
|
|-weather|SunnyDay|[upkeep]
|upkeep
|turn|2
|
|t:|1779887388
|switch|p1a: Rillaboom|Rillaboom, M|100/100
|-fieldstart|move: Grassy Terrain|[from] ability: Grassy Surge|[of] p1a: Rillaboom
|move|p2a: Resevoir slogs|Hydro Steam|p1a: Rillaboom
|-resisted|p1a: Rillaboom
|-crit|p1a: Rillaboom
|-damage|p1a: Rillaboom|25/100
|
|-weather|SunnyDay|[upkeep]
|-heal|p1a: Rillaboom|32/100|[from] Grassy Terrain
|upkeep
|turn|3
|
|t:|1779887399
|move|p1a: Rillaboom|Grassy Glide|p2a: Resevoir slogs
|-damage|p2a: Resevoir slogs|37/100
|move|p2a: Resevoir slogs|Hydro Steam|p1a: Rillaboom
|-resisted|p1a: Rillaboom
|-damage|p1a: Rillaboom|0 fnt
|faint|p1a: Rillaboom
|
|-weather|SunnyDay|[upkeep]
|-heal|p2a: Resevoir slogs|44/100|[from] Grassy Terrain
|upkeep
|
|t:|1779887416
|switch|p1a: Dragapult|Dragapult, M, shiny|100/100
|turn|4
|
|t:|1779887426
|move|p2a: Resevoir slogs|Draco Meteor|p1a: Dragapult
|-supereffective|p1a: Dragapult
|-damage|p1a: Dragapult|0 fnt
|-unboost|p2a: Resevoir slogs|spa|2
|faint|p1a: Dragapult
|
|-weather|SunnyDay|[upkeep]
|-heal|p2a: Resevoir slogs|50/100|[from] Grassy Terrain
|upkeep
|
|t:|1779887434
|switch|p1a: Hatterene|Hatterene, F|100/100
|turn|5
|
|t:|1779887459
|move|p2a: Resevoir slogs|Flip Turn|p1a: Hatterene
|-damage|p1a: Hatterene|90/100
|
|t:|1779887462
|-end|p2a: Resevoir slogs|Protosynthesis|[silent]
|switch|p2a: Red judas|Ceruledge, F|100/100|[from] Flip Turn
|-damage|p2a: Red judas|76/100|[from] Stealth Rock
|-item|p2a: Red judas|Air Balloon
|move|p1a: Hatterene|Psychic Noise|p2a: Red judas
|-damage|p2a: Red judas|29/100
|-start|p2a: Red judas|move: Heal Block
|-enditem|p2a: Red judas|Air Balloon
|
|-weather|SunnyDay|[upkeep]
|-heal|p1a: Hatterene|96/100|[from] Grassy Terrain
|upkeep
|turn|6
|inactive|Battle timer is ON: inactive players will automatically lose when time's up. (requested by slitherwing ily ><)
|
|t:|1779887478
|switch|p1a: Alomomola|Alomomola, F|100/100
|move|p2a: Red judas|Poltergeist|p1a: Alomomola
|-activate|p1a: Alomomola|move: Poltergeist|Rocky Helmet
|-damage|p1a: Alomomola|66/100
|
|-weather|SunnyDay|[upkeep]
|-heal|p1a: Alomomola|72/100|[from] Grassy Terrain
|-end|p2a: Red judas|move: Heal Block
|-fieldend|move: Grassy Terrain
|upkeep
|turn|7
|
|t:|1779887487
|move|p2a: Red judas|Swords Dance|p2a: Red judas
|-boost|p2a: Red judas|atk|2
|move|p1a: Alomomola|Flip Turn|p2a: Red judas
|-supereffective|p2a: Red judas
|-damage|p2a: Red judas|10/100
|-ability|p2a: Red judas|Weak Armor|boost
|-unboost|p2a: Red judas|def|1
|-boost|p2a: Red judas|spe|2
|inactive|nnnn5555 has 120 seconds left.
|inactive|nnnn5555 has 90 seconds left.
|
|t:|1779887554
|switch|p1a: Heatran|Heatran, M|100/100|[from] Flip Turn
|
|-weather|SunnyDay|[upkeep]
|upkeep
|turn|8
|inactive|nnnn5555 has 90 seconds left.
|
|t:|1779887560
|switch|p1a: Hatterene|Hatterene, F|96/100
|move|p2a: Red judas|Poltergeist|p1a: Hatterene
|-activate|p1a: Hatterene|move: Poltergeist|Assault Vest
|-supereffective|p1a: Hatterene
|-damage|p1a: Hatterene|0 fnt
|faint|p1a: Hatterene
|
|-weather|none
|upkeep
|inactive|nnnn5555 has 90 seconds left.
|
|t:|1779887568
|switch|p1a: Alomomola|Alomomola, F|100/100
|turn|9
|
|t:|1779887572
|move|p2a: Red judas|Poltergeist|p1a: Alomomola
|-activate|p1a: Alomomola|move: Poltergeist|Rocky Helmet
|-damage|p1a: Alomomola|39/100
|move|p1a: Alomomola|Flip Turn|p2a: Red judas
|-supereffective|p2a: Red judas
|-damage|p2a: Red judas|0 fnt
|faint|p2a: Red judas
|
|t:|1779887580
|switch|p1a: Heatran|Heatran, M|100/100|[from] Flip Turn
|
|upkeep
|
|t:|1779887593
|switch|p2a: Naruto|Ninetales, F|100/100
|-damage|p2a: Naruto|76/100|[from] Stealth Rock
|-weather|SunnyDay|[from] ability: Drought|[of] p2a: Naruto
|turn|10
|
|t:|1779887601
|move|p2a: Naruto|Healing Wish|p2a: Naruto
|faint|p2a: Naruto
|move|p1a: Heatran|Stealth Rock||[still]
|-fail|p1a: Heatran
|
|-weather|SunnyDay|[upkeep]
|upkeep
|inactive|slitherwing ily >< has 120 seconds left.
|
|t:|1779887631
|switch|p2a: Resevoir slogs|Walking Wake|50/100
|-heal|p2a: Resevoir slogs|100/100|[from] move: Healing Wish
|-damage|p2a: Resevoir slogs|88/100|[from] Stealth Rock
|-activate|p2a: Resevoir slogs|ability: Protosynthesis
|-start|p2a: Resevoir slogs|protosynthesisspe
|turn|11
|inactive|nnnn5555 has 120 seconds left.
|
|t:|1779887651
|switch|p1a: Alomomola|Alomomola, F|73/100
|move|p2a: Resevoir slogs|Hydro Steam|p1a: Alomomola
|-resisted|p1a: Alomomola
|-damage|p1a: Alomomola|31/100
|
|-weather|SunnyDay|[upkeep]
|upkeep
|turn|12
|
|t:|1779887667
|move|p1a: Alomomola|Protect|p1a: Alomomola
|-singleturn|p1a: Alomomola|Protect
|move|p2a: Resevoir slogs|Hydro Steam|p1a: Alomomola
|-activate|p1a: Alomomola|move: Protect
|
|-weather|SunnyDay|[upkeep]
|upkeep
|turn|13
|j| jsnsddk
|
|t:|1779887691
|move|p1a: Alomomola|Protect||[still]
|-fail|p1a: Alomomola
|move|p2a: Resevoir slogs|Hydro Steam|p1a: Alomomola
|-resisted|p1a: Alomomola
|-damage|p1a: Alomomola|0 fnt
|faint|p1a: Alomomola
|
|-weather|SunnyDay|[upkeep]
|upkeep
|
|t:|1779887698
|switch|p1a: Heatran|Heatran, M|100/100
|turn|14
|
|t:|1779887713
|-terastallize|p1a: Heatran|Grass
|move|p2a: Resevoir slogs|Hydro Steam|p1a: Heatran
|-resisted|p1a: Heatran
|-damage|p1a: Heatran|79/100
|move|p1a: Heatran|Earth Power|p2a: Resevoir slogs
|-damage|p2a: Resevoir slogs|57/100
|
|-weather|SunnyDay|[upkeep]
|-heal|p1a: Heatran|85/100|[from] item: Leftovers
|upkeep
|turn|15
|
|t:|1779887728
|move|p2a: Resevoir slogs|Draco Meteor|p1a: Heatran
|-damage|p1a: Heatran|41/100
|-unboost|p2a: Resevoir slogs|spa|2
|move|p1a: Heatran|Magma Storm|p2a: Resevoir slogs
|-resisted|p2a: Resevoir slogs
|-damage|p2a: Resevoir slogs|38/100
|-activate|p2a: Resevoir slogs|move: Magma Storm|[of] p1a: Heatran
|
|-weather|SunnyDay|[upkeep]
|-heal|p1a: Heatran|47/100|[from] item: Leftovers
|-damage|p2a: Resevoir slogs|26/100|[from] move: Magma Storm|[partiallytrapped]
|upkeep
|turn|16
|inactive|nnnn5555 has 90 seconds left.
|inactive|slitherwing ily >< has 120 seconds left.
|
|t:|1779887771
|move|p2a: Resevoir slogs|Draco Meteor|p1a: Heatran
|-damage|p1a: Heatran|25/100
|-unboost|p2a: Resevoir slogs|spa|2
|move|p1a: Heatran|Earth Power|p2a: Resevoir slogs
|-damage|p2a: Resevoir slogs|0 fnt
|faint|p2a: Resevoir slogs
|-end|p2a: Resevoir slogs|Protosynthesis|[silent]
|
|-weather|SunnyDay|[upkeep]
|-heal|p1a: Heatran|31/100|[from] item: Leftovers
|upkeep
|
|t:|1779887777
|switch|p2a: nah i'd spin|Great Tusk|100/100
|-damage|p2a: nah i'd spin|98/100|[from] Stealth Rock
|-activate|p2a: nah i'd spin|ability: Protosynthesis
|-start|p2a: nah i'd spin|protosynthesisatk
|turn|17
|
|t:|1779887788
|move|p2a: nah i'd spin|Ice Spinner|p1a: Heatran
|-supereffective|p1a: Heatran
|-damage|p1a: Heatran|0 fnt
|faint|p1a: Heatran
|
|-weather|none
|-end|p2a: nah i'd spin|Protosynthesis
|upkeep
|
|t:|1779887794
|switch|p1a: Great Tusk|Great Tusk|100/100
|turn|18
|
|t:|1779887805
|move|p1a: Great Tusk|Rapid Spin|p2a: nah i'd spin
|-crit|p2a: nah i'd spin
|-damage|p2a: nah i'd spin|81/100
|-boost|p1a: Great Tusk|spe|1
|move|p2a: nah i'd spin|Rapid Spin|p1a: Great Tusk
|-damage|p1a: Great Tusk|87/100
|-boost|p2a: nah i'd spin|spe|1
|-sideend|p2: slitherwing ily ><|Stealth Rock|[from] move: Rapid Spin|[of] p2a: nah i'd spin
|
|upkeep
|turn|19
|
|t:|1779887813
|move|p1a: Great Tusk|Ice Spinner|p2a: nah i'd spin
|-supereffective|p2a: nah i'd spin
|-damage|p2a: nah i'd spin|43/100
|move|p2a: nah i'd spin|Rapid Spin|p1a: Great Tusk
|-damage|p1a: Great Tusk|73/100
|-boost|p2a: nah i'd spin|spe|1
|
|upkeep
|turn|20
|
|t:|1779887828
|move|p2a: nah i'd spin|Ice Spinner|p1a: Great Tusk
|-supereffective|p1a: Great Tusk
|-damage|p1a: Great Tusk|27/100
|move|p1a: Great Tusk|Rapid Spin|p2a: nah i'd spin
|-damage|p2a: nah i'd spin|30/100
|-boost|p1a: Great Tusk|spe|1
|
|upkeep
|turn|21
|
|t:|1779887834
|move|p1a: Great Tusk|Ice Spinner|p2a: nah i'd spin
|-supereffective|p2a: nah i'd spin
|-damage|p2a: nah i'd spin|0 fnt
|faint|p2a: nah i'd spin
|-end|p2a: nah i'd spin|Protosynthesis|[silent]
|
|upkeep
|
|t:|1779887838
|switch|p2a: Angry Nut|Raging Bolt|100/100
|turn|22
|
|t:|1779887841
|-terastallize|p2a: Angry Nut|Flying
|move|p1a: Great Tusk|Headlong Rush|p2a: Angry Nut
|-immune|p2a: Angry Nut
|move|p2a: Angry Nut|Weather Ball|p1a: Great Tusk
|-damage|p1a: Great Tusk|0 fnt
|faint|p1a: Great Tusk
|-end|p1a: Great Tusk|Protosynthesis|[silent]
|-damage|p2a: Angry Nut|91/100|[from] item: Life Orb
|
|win|slitherwing ily ><
|raw|nnnn5555's rating: 1729 &rarr; <strong>1719</strong><br />(-10 for losing)
|raw|slitherwing ily &gt;&lt;'s rating: 1930 &rarr; <strong>1940</strong><br />(+10 for winning)
|l|☆slitherwing ily ><
|player|p2|
|c|☆nnnn5555|Gg
