|j|☆DJ Shindig
|j|☆FrierenTheSlayer19
|t:|1779942565
|gametype|singles
|player|p1|DJ Shindig|2|1529
|player|p2|FrierenTheSlayer19|102|1558
|gen|9
|tier|[Gen 9] OU
|rated|
|rule|HP Percentage Mod: HP is shown in percentages
|rule|Endless Battle Clause: Forcing endless battles is banned
|rule|Species Clause: Limit one of each Pokémon
|rule|OHKO Clause: OHKO moves are banned
|rule|Evasion Items Clause: Evasion items are banned
|rule|Evasion Moves Clause: Evasion moves are banned
|rule|Evasion Abilities Clause: Evasion abilities are banned
|rule|Sleep Moves Clause: Sleep-inducing moves are banned
|clearpoke
|poke|p1|Gholdengo|
|poke|p1|Cinderace, F|
|poke|p1|Samurott-Hisui, F|
|poke|p1|Slowking-Galar, F|
|poke|p1|Great Tusk|
|poke|p1|Tornadus-Therian, M|
|poke|p2|Cinderace, F|
|poke|p2|Landorus-Therian, M|
|poke|p2|Gholdengo|
|poke|p2|Clefable, M|
|poke|p2|Mimikyu, M|
|poke|p2|Toxapex, M|
|teampreview
|
|t:|1779942588
|teamsize|p1|6
|teamsize|p2|6
|start
|switch|p1a: Tornadus|Tornadus-Therian, M|100/100
|switch|p2a: Landorus|Landorus-Therian, M|100/100
|-ability|p2a: Landorus|Intimidate|boost
|-unboost|p1a: Tornadus|atk|1
|turn|1
|
|t:|1779942597
|move|p1a: Tornadus|Bleakwind Storm|p2a: Landorus
|-damage|p2a: Landorus|34/100
|-damage|p1a: Tornadus|91/100|[from] item: Life Orb
|move|p2a: Landorus|U-turn|p1a: Tornadus
|-resisted|p1a: Tornadus
|-crit|p1a: Tornadus
|-damage|p1a: Tornadus|68/100
|
|t:|1779942610
|switch|p2a: Clefable|Clefable, M|100/100|[from] U-turn
|
|upkeep
|turn|2
|
|t:|1779942621
|switch|p1a: Slowking|Slowking-Galar, F|100/100
|move|p2a: Clefable|Ice Beam|p1a: Slowking
|-damage|p1a: Slowking|73/100
|
|-heal|p1a: Slowking|79/100|[from] item: Black Sludge
|upkeep
|turn|3
|
|t:|1779942628
|switch|p2a: Gholdengo|Gholdengo|100/100
|-prepare|p1a: Slowking|Chilly Reception|[premajor]
|move|p1a: Slowking|Chilly Reception|p1a: Slowking
|-weather|Snowscape
|
|t:|1779942638
|switch|p1a: Samurott|Samurott-Hisui, F|100/100|[from] Chilly Reception
|
|-weather|Snowscape|[upkeep]
|upkeep
|turn|4
|
|t:|1779942643
|switch|p2a: Toxapex|Toxapex, M|100/100
|move|p1a: Samurott|Ceaseless Edge|p2a: Toxapex
|-damage|p2a: Toxapex|66/100
|-sidestart|p2: FrierenTheSlayer19|Spikes
|
|-weather|Snowscape|[upkeep]
|-heal|p2a: Toxapex|72/100|[from] item: Leftovers
|upkeep
|turn|5
|
|t:|1779942667
|move|p2a: Toxapex|Baneful Bunker|p2a: Toxapex
|-singleturn|p2a: Toxapex|move: Protect
|move|p1a: Samurott|Knock Off|p2a: Toxapex
|-activate|p2a: Toxapex|move: Protect
|-status|p1a: Samurott|psn
|
|-weather|Snowscape|[upkeep]
|-heal|p2a: Toxapex|78/100|[from] item: Leftovers
|-damage|p1a: Samurott|88/100 psn|[from] psn
|upkeep
|turn|6
|
|t:|1779942679
|move|p1a: Samurott|Knock Off|p2a: Toxapex
|-damage|p2a: Toxapex|48/100
|-enditem|p2a: Toxapex|Leftovers|[from] move: Knock Off|[of] p1a: Samurott
|move|p2a: Toxapex|Recover|p2a: Toxapex
|-heal|p2a: Toxapex|98/100
|
|-weather|Snowscape|[upkeep]
|-damage|p1a: Samurott|76/100 psn|[from] psn
|upkeep
|turn|7
|
|t:|1779942688
|switch|p1a: Slowking|Slowking-Galar, F|100/100
|move|p2a: Toxapex|Surf|p1a: Slowking
|-damage|p1a: Slowking|84/100
|
|-weather|none
|-heal|p1a: Slowking|91/100|[from] item: Black Sludge
|upkeep
|turn|8
|
|t:|1779942696
|switch|p2a: Cinderace|Cinderace, F|100/100
|-prepare|p1a: Slowking|Chilly Reception|[premajor]
|move|p1a: Slowking|Chilly Reception|p1a: Slowking
|-weather|Snowscape
|
|t:|1779942702
|switch|p1a: Tornadus|Tornadus-Therian, M|100/100|[from] Chilly Reception
|
|-weather|Snowscape|[upkeep]
|upkeep
|turn|9
|
|t:|1779942715
|move|p1a: Tornadus|Bleakwind Storm|p2a: Cinderace
|-damage|p2a: Cinderace|8/100
|-damage|p1a: Tornadus|91/100|[from] item: Life Orb
|move|p2a: Cinderace|Pyro Ball|p1a: Tornadus
|-damage|p1a: Tornadus|13/100
|
|-weather|Snowscape|[upkeep]
|upkeep
|turn|10
|
|t:|1779942735
|switch|p1a: Great Tusk|Great Tusk|100/100
|move|p2a: Cinderace|Sucker Punch||[still]
|-fail|p2a: Cinderace
|
|-weather|Snowscape|[upkeep]
|upkeep
|turn|11
|
|t:|1779942742
|switch|p2a: Landorus|Landorus-Therian, M|34/100
|-ability|p2a: Landorus|Intimidate|boost
|-unboost|p1a: Great Tusk|atk|1
|move|p1a: Great Tusk|Rapid Spin|p2a: Landorus
|-damage|p2a: Landorus|23/100
|-boost|p1a: Great Tusk|spe|1
|
|-weather|Snowscape|[upkeep]
|-heal|p2a: Landorus|29/100|[from] item: Leftovers
|upkeep
|turn|12
|
|t:|1779942764
|switch|p2a: Toxapex|Toxapex, M|100/100
|-damage|p2a: Toxapex|88/100|[from] Spikes
|move|p1a: Great Tusk|Ice Spinner|p2a: Toxapex
|-resisted|p2a: Toxapex
|-damage|p2a: Toxapex|80/100
|
|-weather|none
|upkeep
|turn|13
|
|t:|1779942777
|-end|p1a: Great Tusk|Protosynthesis|[silent]
|switch|p1a: Slowking|Slowking-Galar, F|100/100
|switch|p2a: Landorus|Landorus-Therian, M|29/100
|-ability|p2a: Landorus|Intimidate|boost
|-unboost|p1a: Slowking|atk|1
|
|-heal|p2a: Landorus|35/100|[from] item: Leftovers
|upkeep
|turn|14
|
|t:|1779942822
|switch|p1a: Great Tusk|Great Tusk|100/100
|move|p2a: Landorus|U-turn|p1a: Great Tusk
|-resisted|p1a: Great Tusk
|-damage|p1a: Great Tusk|93/100
|-damage|p2a: Landorus|19/100|[from] item: Rocky Helmet|[of] p1a: Great Tusk
|
|t:|1779942838
|switch|p2a: Mimikyu|Mimikyu, M|100/100|[from] U-turn
|-damage|p2a: Mimikyu|88/100|[from] Spikes
|
|upkeep
|turn|15
|
|t:|1779942855
|move|p2a: Mimikyu|Play Rough|p1a: Great Tusk
|-supereffective|p1a: Great Tusk
|-damage|p1a: Great Tusk|29/100
|-damage|p2a: Mimikyu|72/100|[from] item: Rocky Helmet|[of] p1a: Great Tusk
|-damage|p2a: Mimikyu|62/100|[from] item: Life Orb
|move|p1a: Great Tusk|Ice Spinner|p2a: Mimikyu
|-activate|p2a: Mimikyu|ability: Disguise
|-damage|p2a: Mimikyu|62/100
|detailschange|p2a: Mimikyu|Mimikyu-Busted, M
|-damage|p2a: Mimikyu|50/100|[from] pokemon: Mimikyu-Busted
|
|upkeep
|turn|16
|
|t:|1779942870
|-end|p1a: Great Tusk|Protosynthesis|[silent]
|switch|p1a: Cinderace|Cinderace, F|100/100
|move|p2a: Mimikyu|Shadow Claw|p1a: Cinderace
|-damage|p1a: Cinderace|47/100
|-damage|p2a: Mimikyu|40/100|[from] item: Life Orb
|
|upkeep
|turn|17
|
|t:|1779942886
|switch|p2a: Toxapex|Toxapex, M|100/100
|-damage|p2a: Toxapex|88/100|[from] Spikes
|move|p1a: Cinderace|Pyro Ball|p2a: Toxapex
|-resisted|p2a: Toxapex
|-damage|p2a: Toxapex|66/100
|
|upkeep
|turn|18
|
|t:|1779942893
|switch|p1a: Slowking|Slowking-Galar, F|100/100
|move|p2a: Toxapex|Baneful Bunker||[still]
|-fail|p2a: Toxapex
|
|upkeep
|turn|19
|
|t:|1779942904
|move|p2a: Toxapex|Recover|p2a: Toxapex
|-heal|p2a: Toxapex|100/100
|move|p1a: Slowking|Psychic Noise|p2a: Toxapex
|-supereffective|p2a: Toxapex
|-damage|p2a: Toxapex|66/100
|-start|p2a: Toxapex|move: Heal Block
|
|upkeep
|turn|20
|
|t:|1779942914
|switch|p2a: Landorus|Landorus-Therian, M|19/100
|-ability|p2a: Landorus|Intimidate|boost
|-unboost|p1a: Slowking|atk|1
|-prepare|p1a: Slowking|Chilly Reception|[premajor]
|move|p1a: Slowking|Chilly Reception|p1a: Slowking
|-weather|Snowscape
|
|t:|1779942926
|switch|p1a: Gholdengo|Gholdengo|100/100|[from] Chilly Reception
|
|-weather|Snowscape|[upkeep]
|-heal|p2a: Landorus|25/100|[from] item: Leftovers
|upkeep
|turn|21
|
|t:|1779942932
|move|p1a: Gholdengo|Shadow Ball|p2a: Landorus
|-damage|p2a: Landorus|0 fnt
|faint|p2a: Landorus
|
|-weather|Snowscape|[upkeep]
|upkeep
|
|t:|1779942963
|switch|p2a: Clefable|Clefable, M|100/100
|turn|22
|
|t:|1779942977
|switch|p1a: Slowking|Slowking-Galar, F|100/100
|move|p2a: Clefable|Flamethrower|p1a: Slowking
|-damage|p1a: Slowking|70/100
|
|-weather|Snowscape|[upkeep]
|-heal|p1a: Slowking|76/100|[from] item: Black Sludge
|upkeep
|turn|23
|
|t:|1779942992
|switch|p2a: Gholdengo|Gholdengo|100/100
|-damage|p2a: Gholdengo|88/100|[from] Spikes
|move|p1a: Slowking|Sludge Bomb|p2a: Gholdengo
|-immune|p2a: Gholdengo
|
|-weather|Snowscape|[upkeep]
|-heal|p1a: Slowking|82/100|[from] item: Black Sludge
|upkeep
|turn|24
|
|t:|1779943002
|switch|p1a: Samurott|Samurott-Hisui, F|76/100 psn
|move|p2a: Gholdengo|Shadow Ball|p1a: Samurott
|-resisted|p1a: Samurott
|-damage|p1a: Samurott|61/100 psn
|
|-weather|none
|-damage|p1a: Samurott|48/100 psn|[from] psn
|upkeep
|turn|25
|
|t:|1779943015
|switch|p2a: Toxapex|Toxapex, M|99/100
|-damage|p2a: Toxapex|87/100|[from] Spikes
|move|p1a: Samurott|Ceaseless Edge|p2a: Toxapex
|-damage|p2a: Toxapex|52/100
|-sidestart|p2: FrierenTheSlayer19|Spikes
|
|-damage|p1a: Samurott|36/100 psn|[from] psn
|upkeep
|turn|26
|
|t:|1779943023
|switch|p1a: Slowking|Slowking-Galar, F|100/100
|move|p2a: Toxapex|Recover|p2a: Toxapex
|-heal|p2a: Toxapex|100/100
|
|upkeep
|turn|27
|
|t:|1779943050
|switch|p2a: Mimikyu|Mimikyu-Busted, M|40/100
|-damage|p2a: Mimikyu|23/100|[from] Spikes
|-prepare|p1a: Slowking|Chilly Reception|[premajor]
|move|p1a: Slowking|Chilly Reception|p1a: Slowking
|-weather|Snowscape
|
|t:|1779943058
|switch|p1a: Cinderace|Cinderace, F|47/100|[from] Chilly Reception
|
|-weather|Snowscape|[upkeep]
|upkeep
|turn|28
|
|t:|1779943071
|move|p2a: Mimikyu|Shadow Sneak|p1a: Cinderace
|-damage|p1a: Cinderace|15/100
|-damage|p2a: Mimikyu|13/100|[from] item: Life Orb
|move|p1a: Cinderace|Pyro Ball|p2a: Mimikyu
|-damage|p2a: Mimikyu|0 fnt
|faint|p2a: Mimikyu
|
|-weather|Snowscape|[upkeep]
|upkeep
|
|t:|1779943083
|switch|p2a: Toxapex|Toxapex, M|100/100
|-damage|p2a: Toxapex|84/100|[from] Spikes
|turn|29
|
|t:|1779943090
|switch|p1a: Slowking|Slowking-Galar, F|100/100
|switch|p2a: Gholdengo|Gholdengo|88/100
|-damage|p2a: Gholdengo|72/100|[from] Spikes
|
|-weather|Snowscape|[upkeep]
|upkeep
|turn|30
|
|t:|1779943097
|move|p2a: Gholdengo|Shadow Ball|p1a: Slowking
|-supereffective|p1a: Slowking
|-damage|p1a: Slowking|38/100
|-unboost|p1a: Slowking|spd|1
|-prepare|p1a: Slowking|Chilly Reception|[premajor]
|move|p1a: Slowking|Chilly Reception|p1a: Slowking
|
|t:|1779943106
|switch|p1a: Samurott|Samurott-Hisui, F|36/100 psn|[from] Chilly Reception
|
|-weather|Snowscape|[upkeep]
|-damage|p1a: Samurott|24/100 psn|[from] psn
|upkeep
|turn|31
|
|t:|1779943112
|switch|p2a: Toxapex|Toxapex, M|100/100
|-damage|p2a: Toxapex|84/100|[from] Spikes
|move|p1a: Samurott|Ceaseless Edge|p2a: Toxapex
|-damage|p2a: Toxapex|51/100
|-sidestart|p2: FrierenTheSlayer19|Spikes
|
|-weather|none
|-damage|p1a: Samurott|11/100 psn|[from] psn
|upkeep
|turn|32
|
|t:|1779943121
|switch|p1a: Slowking|Slowking-Galar, F|71/100
|move|p2a: Toxapex|Recover|p2a: Toxapex
|-heal|p2a: Toxapex|100/100
|
|-heal|p1a: Slowking|77/100|[from] item: Black Sludge
|upkeep
|turn|33
|
|t:|1779943136
|switch|p2a: Gholdengo|Gholdengo|72/100
|-damage|p2a: Gholdengo|47/100|[from] Spikes
|move|p1a: Slowking|Psychic Noise|p2a: Gholdengo
|-resisted|p2a: Gholdengo
|-damage|p2a: Gholdengo|30/100
|-start|p2a: Gholdengo|move: Heal Block
|
|-heal|p1a: Slowking|83/100|[from] item: Black Sludge
|upkeep
|turn|34
|
|t:|1779943145
|switch|p1a: Samurott|Samurott-Hisui, F|11/100 psn
|move|p2a: Gholdengo|Shadow Ball|p1a: Samurott
|-resisted|p1a: Samurott
|-damage|p1a: Samurott|0 fnt
|faint|p1a: Samurott
|
|-end|p2a: Gholdengo|move: Heal Block
|upkeep
|
|t:|1779943156
|switch|p1a: Gholdengo|Gholdengo|100/100
|turn|35
|
|t:|1779943160
|move|p2a: Gholdengo|Shadow Ball|p1a: Gholdengo
|-supereffective|p1a: Gholdengo
|-damage|p1a: Gholdengo|7/100
|move|p1a: Gholdengo|Shadow Ball|p2a: Gholdengo
|-supereffective|p2a: Gholdengo
|-damage|p2a: Gholdengo|0 fnt
|faint|p2a: Gholdengo
|
|upkeep
|
|t:|1779943171
|switch|p2a: Toxapex|Toxapex, M|100/100
|-damage|p2a: Toxapex|75/100|[from] Spikes
|turn|36
|
|t:|1779943176
|switch|p1a: Slowking|Slowking-Galar, F|100/100
|switch|p2a: Cinderace|Cinderace, F|8/100
|
|upkeep
|turn|37
|
|t:|1779943181
|move|p2a: Cinderace|Court Change|p2a: Cinderace
|-start|p2a: Cinderace|typechange|Normal|[from] ability: Libero
|-swapsideconditions
|-activate|p2a: Cinderace|move: Court Change
|move|p1a: Slowking|Sludge Bomb|p2a: Cinderace
|-damage|p2a: Cinderace|0 fnt
|faint|p2a: Cinderace
|
|upkeep
|
|t:|1779943189
|switch|p2a: Toxapex|Toxapex, M|100/100
|turn|38
|
|t:|1779943192
|move|p2a: Toxapex|Surf|p1a: Slowking
|-damage|p1a: Slowking|84/100
|-prepare|p1a: Slowking|Chilly Reception|[premajor]
|move|p1a: Slowking|Chilly Reception|p1a: Slowking
|-weather|Snowscape
|
|t:|1779943195
|switch|p1a: Cinderace|Cinderace, F|15/100|[from] Chilly Reception
|
|-weather|Snowscape|[upkeep]
|upkeep
|turn|39
|
|t:|1779943200
|move|p1a: Cinderace|Court Change|p1a: Cinderace
|-swapsideconditions
|-activate|p1a: Cinderace|move: Court Change
|move|p2a: Toxapex|Surf|p1a: Cinderace
|-supereffective|p1a: Cinderace
|-damage|p1a: Cinderace|0 fnt
|faint|p1a: Cinderace
|
|-weather|Snowscape|[upkeep]
|upkeep
|
|t:|1779943203
|switch|p1a: Slowking|Slowking-Galar, F|100/100
|turn|40
|
|t:|1779943207
|move|p2a: Toxapex|Surf|p1a: Slowking
|-damage|p1a: Slowking|85/100
|move|p1a: Slowking|Psychic Noise|p2a: Toxapex
|-supereffective|p2a: Toxapex
|-damage|p2a: Toxapex|66/100
|-start|p2a: Toxapex|move: Heal Block
|
|-weather|Snowscape|[upkeep]
|-heal|p1a: Slowking|91/100|[from] item: Black Sludge
|upkeep
|turn|41
|-message|FrierenTheSlayer19 forfeited.
|
|win|DJ Shindig
|raw|DJ Shindig's rating: 1529 &rarr; <strong>1551</strong><br />(+22 for winning)
|raw|FrierenTheSlayer19's rating: 1558 &rarr; <strong>1536</strong><br />(-22 for losing)
|l|☆FrierenTheSlayer19
|player|p2|
|l|☆DJ Shindig
|player|p1|
