|j|☆Pedroelentrenador
|j|☆LittleOldMan
|t:|1779809382
|gametype|singles
|player|p1|Pedroelentrenador|n|1308
|player|p2|LittleOldMan|101|1292
|gen|9
|tier|[Gen 9] OU
|rated|
|rule|HP Percentage Mod: HP is shown in percentages
|rule|Endless Battle Clause: Forcing endless battles is banned
|rule|Species Clause: Limit one of each Pokémon
|rule|OHKO Clause: OHKO moves are banned
|rule|Evasion Items Clause: Evasion items are banned
|rule|Evasion Moves Clause: Evasion moves are banned
|rule|Evasion Abilities Clause: Evasion abilities are banned
|rule|Sleep Moves Clause: Sleep-inducing moves are banned
|clearpoke
|poke|p1|Hatterene, F|
|poke|p1|Slowbro, M|
|poke|p1|Ursaluna, F|
|poke|p1|Kingambit, F|
|poke|p1|Vikavolt, M|
|poke|p1|Toxapex, F|
|poke|p2|Alomomola, F|
|poke|p2|Blissey, F|
|poke|p2|Garganacl, F|
|poke|p2|Gliscor, M|
|poke|p2|Clodsire, F|
|poke|p2|Dondozo, M|
|teampreview
|inactive|Battle timer is ON: inactive players will automatically lose when time's up. (requested by Pedroelentrenador)
|
|t:|1779809392
|teamsize|p1|6
|teamsize|p2|6
|start
|switch|p1a: Slowbro|Slowbro, M|100/100
|switch|p2a: Clodsire|Clodsire, F|100/100
|turn|1
|
|t:|1779809401
|move|p2a: Clodsire|Toxic|p1a: Slowbro
|-status|p1a: Slowbro|tox
|move|p1a: Slowbro|Trick Room|p1a: Slowbro
|-fieldstart|move: Trick Room|[of] p1a: Slowbro
|
|-damage|p1a: Slowbro|94/100 tox|[from] psn
|upkeep
|turn|2
|
|t:|1779809409
|move|p1a: Slowbro|Hydro Pump|p2a: Clodsire
|-immune|p2a: Clodsire|[from] ability: Water Absorb
|move|p2a: Clodsire|Toxic|p1a: Slowbro
|-fail|p1a: Slowbro|tox
|
|-heal|p1a: Slowbro|100/100 tox|[from] item: Leftovers
|-damage|p1a: Slowbro|88/100 tox|[from] psn
|upkeep
|turn|3
|
|t:|1779809421
|move|p1a: Slowbro|Psychic Noise|p2a: Clodsire
|-supereffective|p2a: Clodsire
|-damage|p2a: Clodsire|67/100
|-start|p2a: Clodsire|move: Heal Block
|move|p2a: Clodsire|Stealth Rock|p1a: Slowbro
|-sidestart|p1: Pedroelentrenador|move: Stealth Rock
|
|-heal|p1a: Slowbro|94/100 tox|[from] item: Leftovers
|-damage|p1a: Slowbro|76/100 tox|[from] psn
|upkeep
|turn|4
|
|t:|1779809433
|switch|p1a: Kingambit|Kingambit, F|100/100
|-damage|p1a: Kingambit|94/100|[from] Stealth Rock
|move|p2a: Clodsire|Toxic|p1a: Kingambit
|-immune|p1a: Kingambit
|
|-end|p2a: Clodsire|move: Heal Block
|upkeep
|turn|5
|
|t:|1779809442
|move|p2a: Clodsire|Earthquake|p1a: Kingambit
|-supereffective|p1a: Kingambit
|-damage|p1a: Kingambit|54/100
|move|p1a: Kingambit|Swords Dance|p1a: Kingambit
|-boost|p1a: Kingambit|atk|2
|
|-fieldend|move: Trick Room
|upkeep
|turn|6
|
|t:|1779809451
|switch|p2a: Dondozo|Dondozo, M|100/100
|move|p1a: Kingambit|Kowtow Cleave|p2a: Dondozo
|-damage|p2a: Dondozo|73/100
|
|upkeep
|turn|7
|
|t:|1779809459
|move|p1a: Kingambit|Kowtow Cleave|p2a: Dondozo
|-damage|p2a: Dondozo|44/100
|move|p2a: Dondozo|Body Press|p1a: Kingambit
|-supereffective|p1a: Kingambit
|-damage|p1a: Kingambit|0 fnt
|faint|p1a: Kingambit
|-end|p1a: Kingambit|fallenundefined|[silent]
|
|upkeep
|
|t:|1779809468
|switch|p1a: Vikavolt|Vikavolt, M|100/100
|-damage|p1a: Vikavolt|76/100|[from] Stealth Rock
|turn|8
|
|t:|1779809472
|switch|p2a: Clodsire|Clodsire, F|67/100
|move|p1a: Vikavolt|Energy Ball|p2a: Clodsire
|-damage|p2a: Clodsire|37/100
|
|upkeep
|turn|9
|
|t:|1779809480
|move|p1a: Vikavolt|Energy Ball|p2a: Clodsire
|-crit|p2a: Clodsire
|-damage|p2a: Clodsire|0 fnt
|faint|p2a: Clodsire
|
|upkeep
|
|t:|1779809485
|switch|p2a: Blissey|Blissey, F|100/100
|turn|10
|
|t:|1779809490
|switch|p1a: Ursaluna|Ursaluna, F|100/100
|-damage|p1a: Ursaluna|94/100|[from] Stealth Rock
|move|p2a: Blissey|Calm Mind|p2a: Blissey
|-boost|p2a: Blissey|spa|1
|-boost|p2a: Blissey|spd|1
|
|-status|p1a: Ursaluna|brn|[from] item: Flame Orb
|upkeep
|turn|11
|
|t:|1779809500
|switch|p2a: Gliscor|Gliscor, M|100/100
|move|p1a: Ursaluna|Facade|p2a: Gliscor
|-damage|p2a: Gliscor|22/100
|
|-damage|p1a: Ursaluna|88/100 brn|[from] brn
|-status|p2a: Gliscor|tox|[from] item: Toxic Orb
|upkeep
|turn|12
|
|t:|1779809509
|move|p2a: Gliscor|Protect|p2a: Gliscor
|-singleturn|p2a: Gliscor|Protect
|move|p1a: Ursaluna|Facade|p2a: Gliscor
|-activate|p2a: Gliscor|move: Protect
|
|-heal|p2a: Gliscor|34/100 tox|[from] ability: Poison Heal
|-damage|p1a: Ursaluna|82/100 brn|[from] brn
|upkeep
|turn|13
|
|t:|1779809519
|switch|p2a: Alomomola|Alomomola, F|100/100
|move|p1a: Ursaluna|Facade|p2a: Alomomola
|-damage|p2a: Alomomola|30/100
|-damage|p1a: Ursaluna|66/100 brn|[from] item: Rocky Helmet|[of] p2a: Alomomola
|
|-damage|p1a: Ursaluna|60/100 brn|[from] brn
|upkeep
|turn|14
|
|t:|1779809530
|move|p2a: Alomomola|Protect|p2a: Alomomola
|-singleturn|p2a: Alomomola|Protect
|move|p1a: Ursaluna|Earthquake|p2a: Alomomola
|-activate|p2a: Alomomola|move: Protect
|
|-damage|p1a: Ursaluna|54/100 brn|[from] brn
|upkeep
|turn|15
|
|t:|1779809538
|move|p2a: Alomomola|Flip Turn|p1a: Ursaluna
|-supereffective|p1a: Ursaluna
|-damage|p1a: Ursaluna|34/100 brn
|
|t:|1779809542
|switch|p2a: Gliscor|Gliscor, M|34/100 tox|[from] Flip Turn
|move|p1a: Ursaluna|Facade|p2a: Gliscor
|-damage|p2a: Gliscor|0 fnt
|faint|p2a: Gliscor
|
|-damage|p1a: Ursaluna|28/100 brn|[from] brn
|upkeep
|
|t:|1779809550
|switch|p2a: Alomomola|Alomomola, F|63/100
|turn|16
|
|t:|1779809558
|move|p2a: Alomomola|Wish|p2a: Alomomola
|move|p1a: Ursaluna|Earthquake|p2a: Alomomola
|-damage|p2a: Alomomola|13/100
|
|-damage|p1a: Ursaluna|22/100 brn|[from] brn
|upkeep
|turn|17
|
|t:|1779809572
|switch|p1a: Hatterene|Hatterene, F|100/100
|-damage|p1a: Hatterene|88/100|[from] Stealth Rock
|move|p2a: Alomomola|Protect||[still]
|-fail|p2a: Alomomola
|
|-heal|p2a: Alomomola|63/100|[from] move: Wish|[wisher] Alomomola
|upkeep
|turn|18
|
|t:|1779809584
|move|p2a: Alomomola|Flip Turn|p1a: Hatterene
|-damage|p1a: Hatterene|71/100
|
|t:|1779809588
|switch|p2a: Blissey|Blissey, F|100/100|[from] Flip Turn
|move|p1a: Hatterene|Shadow Ball|p2a: Blissey
|-immune|p2a: Blissey
|
|upkeep
|turn|19
|
|t:|1779809608
|move|p2a: Blissey|Shadow Ball|p1a: Hatterene
|-supereffective|p1a: Hatterene
|-damage|p1a: Hatterene|38/100
|-enditem|p1a: Hatterene|Sitrus Berry|[eat]
|-heal|p1a: Hatterene|63/100|[from] item: Sitrus Berry
|move|p1a: Hatterene|Trick Room|p1a: Hatterene
|-fieldstart|move: Trick Room|[of] p1a: Hatterene
|
|upkeep
|turn|20
|
|t:|1779809616
|move|p1a: Hatterene|Healing Wish|p1a: Hatterene
|faint|p1a: Hatterene
|move|p2a: Blissey|Seismic Toss|p1: Hatterene|[notarget]
|-fail|p2a: Blissey
|
|upkeep
|
|t:|1779809621
|switch|p1a: Ursaluna|Ursaluna, F|22/100 brn
|-heal|p1a: Ursaluna|100/100|[from] move: Healing Wish
|-damage|p1a: Ursaluna|94/100|[from] Stealth Rock
|turn|21
|
|t:|1779809634
|-terastallize|p2a: Blissey|Ghost
|move|p1a: Ursaluna|Swords Dance|p1a: Ursaluna
|-boost|p1a: Ursaluna|atk|2
|move|p2a: Blissey|Seismic Toss|p1a: Ursaluna
|-damage|p1a: Ursaluna|73/100
|
|-status|p1a: Ursaluna|brn|[from] item: Flame Orb
|upkeep
|turn|22
|l|☆LittleOldMan
|inactive|LittleOldMan disconnected and has a minute to reconnect!
|player|p2|
|inactive|LittleOldMan has 30 seconds to reconnect!
|inactive|LittleOldMan has 20 seconds to reconnect!
|inactive|LittleOldMan has 15 seconds to reconnect!
|inactive|LittleOldMan has 10 seconds to reconnect!
|inactive|LittleOldMan has 5 seconds to reconnect!
|-message|LittleOldMan lost due to inactivity.
|
|win|Pedroelentrenador
|raw|Pedroelentrenador's rating: 1308 &rarr; <strong>1327</strong><br />(+19 for winning)
|raw|LittleOldMan's rating: 1292 &rarr; <strong>1268</strong><br />(-24 for losing)
|l|☆Pedroelentrenador
|player|p1|
