|j|☆Moltov91
|j|☆Pedroelentrenador
|t:|1779856797
|gametype|singles
|player|p1|Moltov91|101|1315
|player|p2|Pedroelentrenador|n|1374
|gen|9
|tier|[Gen 9] OU
|rated|
|rule|HP Percentage Mod: HP is shown in percentages
|rule|Endless Battle Clause: Forcing endless battles is banned
|rule|Species Clause: Limit one of each Pokémon
|rule|OHKO Clause: OHKO moves are banned
|rule|Evasion Items Clause: Evasion items are banned
|rule|Evasion Moves Clause: Evasion moves are banned
|rule|Evasion Abilities Clause: Evasion abilities are banned
|rule|Sleep Moves Clause: Sleep-inducing moves are banned
|clearpoke
|poke|p1|Dragapult, M|
|poke|p1|Zamazenta-*|
|poke|p1|Darkrai|
|poke|p1|Kyurem|
|poke|p1|Scizor, M|
|poke|p1|Azumarill, F|
|poke|p2|Hatterene, F|
|poke|p2|Slowbro, F|
|poke|p2|Ursaluna, F|
|poke|p2|Kingambit, M|
|poke|p2|Vikavolt, M|
|poke|p2|Toxapex, F|
|teampreview
|inactive|Battle timer is ON: inactive players will automatically lose when time's up. (requested by Pedroelentrenador)
|inactive|Moltov91 also wants the timer to be on.
|
|t:|1779856806
|teamsize|p1|6
|teamsize|p2|6
|start
|switch|p1a: Scizor|Scizor, M|100/100
|switch|p2a: Hatterene|Hatterene, F|100/100
|turn|1
|
|t:|1779856815
|switch|p2a: Kingambit|Kingambit, M|100/100
|move|p1a: Scizor|Bullet Punch|p2a: Kingambit
|-resisted|p2a: Kingambit
|-damage|p2a: Kingambit|84/100
|
|upkeep
|turn|2
|
|t:|1779856825
|switch|p1a: Zamazenta|Zamazenta|100/100
|-ability|p1a: Zamazenta|Dauntless Shield|boost
|-boost|p1a: Zamazenta|def|1
|move|p2a: Kingambit|Swords Dance|p2a: Kingambit
|-boost|p2a: Kingambit|atk|2
|
|upkeep
|turn|3
|
|t:|1779856833
|-end|p2a: Kingambit|fallenundefined|[silent]
|switch|p2a: Slowbro|Slowbro, F|100/100
|move|p1a: Zamazenta|Close Combat|p2a: Slowbro
|-resisted|p2a: Slowbro
|-damage|p2a: Slowbro|72/100
|-unboost|p1a: Zamazenta|def|1
|-unboost|p1a: Zamazenta|spd|1
|-damage|p1a: Zamazenta|91/100|[from] item: Life Orb
|
|-heal|p2a: Slowbro|78/100|[from] item: Leftovers
|upkeep
|turn|4
|
|t:|1779856846
|-terastallize|p1a: Zamazenta|Dark
|move|p1a: Zamazenta|Crunch|p2a: Slowbro
|-supereffective|p2a: Slowbro
|-damage|p2a: Slowbro|3/100
|-damage|p1a: Zamazenta|81/100|[from] item: Life Orb
|move|p2a: Slowbro|Trick Room|p2a: Slowbro
|-fieldstart|move: Trick Room|[of] p2a: Slowbro
|
|-heal|p2a: Slowbro|9/100|[from] item: Leftovers
|upkeep
|turn|5
|
|t:|1779856863
|switch|p2a: Toxapex|Toxapex, F|100/100
|move|p1a: Zamazenta|Crunch|p2a: Toxapex
|-damage|p2a: Toxapex|69/100
|-damage|p1a: Zamazenta|71/100|[from] item: Life Orb
|
|-heal|p2a: Toxapex|75/100|[from] item: Black Sludge
|upkeep
|turn|6
|
|t:|1779856873
|move|p2a: Toxapex|Baneful Bunker|p2a: Toxapex
|-singleturn|p2a: Toxapex|move: Protect
|move|p1a: Zamazenta|Crunch|p2a: Toxapex
|-activate|p2a: Toxapex|move: Protect
|-status|p1a: Zamazenta|psn
|
|-heal|p2a: Toxapex|82/100|[from] item: Black Sludge
|-damage|p1a: Zamazenta|59/100 psn|[from] psn
|upkeep
|turn|7
|j| dark Joe biden
|
|t:|1779856888
|move|p2a: Toxapex|Toxic||[still]
|-fail|p2a: Toxapex
|move|p1a: Zamazenta|Crunch|p2a: Toxapex
|-damage|p2a: Toxapex|47/100
|-damage|p1a: Zamazenta|49/100 psn|[from] item: Life Orb
|
|-heal|p2a: Toxapex|53/100|[from] item: Black Sludge
|-damage|p1a: Zamazenta|36/100 psn|[from] psn
|upkeep
|turn|8
|
|t:|1779856899
|switch|p1a: Scizor|Scizor, M|100/100
|move|p2a: Toxapex|Recover|p2a: Toxapex
|-heal|p2a: Toxapex|100/100
|
|-fieldend|move: Trick Room
|upkeep
|turn|9
|
|t:|1779856912
|switch|p2a: Kingambit|Kingambit, M|84/100
|move|p1a: Scizor|Knock Off|p2a: Kingambit
|-resisted|p2a: Kingambit
|-damage|p2a: Kingambit|66/100
|-enditem|p2a: Kingambit|Black Glasses|[from] move: Knock Off|[of] p1a: Scizor
|
|upkeep
|turn|10
|
|t:|1779856923
|switch|p1a: Zamazenta|Zamazenta, tera:Dark|36/100 psn
|move|p2a: Kingambit|Kowtow Cleave|p1a: Zamazenta
|-resisted|p1a: Zamazenta
|-damage|p1a: Zamazenta|11/100 psn
|
|-damage|p1a: Zamazenta|0 fnt|[from] psn
|faint|p1a: Zamazenta
|upkeep
|
|t:|1779856933
|switch|p1a: Kyurem|Kyurem|100/100
|-ability|p1a: Kyurem|Pressure
|turn|11
|
|t:|1779856939
|-end|p2a: Kingambit|fallenundefined|[silent]
|switch|p2a: Vikavolt|Vikavolt, M|100/100
|move|p1a: Kyurem|Earth Power|p2a: Vikavolt
|-immune|p2a: Vikavolt|[from] ability: Levitate
|
|upkeep
|turn|12
|
|t:|1779856949
|switch|p1a: Dragapult|Dragapult, M|100/100
|move|p2a: Vikavolt|Bug Buzz|p1a: Dragapult
|-resisted|p1a: Dragapult
|-damage|p1a: Dragapult|47/100
|-unboost|p1a: Dragapult|spd|1
|
|upkeep
|turn|13
|
|t:|1779856965
|switch|p2a: Toxapex|Toxapex, F|100/100
|move|p1a: Dragapult|Shadow Ball|p2a: Toxapex
|-damage|p2a: Toxapex|62/100
|-damage|p1a: Dragapult|37/100|[from] item: Life Orb
|
|-heal|p2a: Toxapex|68/100|[from] item: Black Sludge
|upkeep
|turn|14
|
|t:|1779856976
|move|p1a: Dragapult|Will-O-Wisp|p2a: Toxapex
|-status|p2a: Toxapex|brn
|move|p2a: Toxapex|Toxic|p1a: Dragapult
|-status|p1a: Dragapult|tox
|
|-heal|p2a: Toxapex|75/100 brn|[from] item: Black Sludge
|-damage|p1a: Dragapult|31/100 tox|[from] psn
|-damage|p2a: Toxapex|68/100 brn|[from] brn
|upkeep
|turn|15
|
|t:|1779856987
|move|p1a: Dragapult|Thunderbolt|p2a: Toxapex
|-supereffective|p2a: Toxapex
|-damage|p2a: Toxapex|11/100 brn
|-damage|p1a: Dragapult|21/100 tox|[from] item: Life Orb
|move|p2a: Toxapex|Recover|p2a: Toxapex
|-heal|p2a: Toxapex|61/100 brn
|
|-heal|p2a: Toxapex|67/100 brn|[from] item: Black Sludge
|-damage|p1a: Dragapult|9/100 tox|[from] psn
|-damage|p2a: Toxapex|61/100 brn|[from] brn
|upkeep
|turn|16
|
|t:|1779856999
|switch|p1a: Kyurem|Kyurem|100/100
|-ability|p1a: Kyurem|Pressure
|move|p2a: Toxapex|Baneful Bunker||[still]
|-fail|p2a: Toxapex
|
|-heal|p2a: Toxapex|67/100 brn|[from] item: Black Sludge
|-damage|p2a: Toxapex|61/100 brn|[from] brn
|upkeep
|turn|17
|
|t:|1779857010
|switch|p2a: Vikavolt|Vikavolt, M|100/100
|move|p1a: Kyurem|Freeze-Dry|p2a: Vikavolt
|-damage|p2a: Vikavolt|51/100
|
|upkeep
|turn|18
|
|t:|1779857017
|move|p1a: Kyurem|Freeze-Dry|p2a: Vikavolt
|-damage|p2a: Vikavolt|6/100
|move|p2a: Vikavolt|Bug Buzz|p1a: Kyurem
|-damage|p1a: Kyurem|24/100
|
|upkeep
|turn|19
|
|t:|1779857030
|switch|p2a: Kingambit|Kingambit, M|66/100
|move|p1a: Kyurem|Freeze-Dry|p2a: Kingambit
|-resisted|p2a: Kingambit
|-damage|p2a: Kingambit|47/100
|
|upkeep
|turn|20
|
|t:|1779857039
|switch|p1a: Scizor|Scizor, M|100/100
|move|p2a: Kingambit|Sucker Punch||[still]
|-fail|p2a: Kingambit
|
|upkeep
|turn|21
|
|t:|1779857048
|move|p1a: Scizor|Dual Wingbeat|p2a: Kingambit
|-resisted|p2a: Kingambit
|-damage|p2a: Kingambit|36/100
|-resisted|p2a: Kingambit
|-damage|p2a: Kingambit|24/100
|-hitcount|p2a: Kingambit|2
|move|p2a: Kingambit|Kowtow Cleave|p1a: Scizor
|-damage|p1a: Scizor|59/100
|
|upkeep
|turn|22
|inactive|Pedroelentrenador has 120 seconds left.
|
|t:|1779857093
|move|p1a: Scizor|Dual Wingbeat|p2a: Kingambit
|-resisted|p2a: Kingambit
|-damage|p2a: Kingambit|13/100
|-resisted|p2a: Kingambit
|-damage|p2a: Kingambit|2/100
|-hitcount|p2a: Kingambit|2
|move|p2a: Kingambit|Swords Dance|p2a: Kingambit
|-boost|p2a: Kingambit|atk|2
|
|upkeep
|turn|23
|
|t:|1779857102
|move|p2a: Kingambit|Sucker Punch|p1a: Scizor
|-damage|p1a: Scizor|0 fnt
|faint|p1a: Scizor
|
|upkeep
|
|t:|1779857106
|switch|p1a: Azumarill|Azumarill, F|100/100
|turn|24
|
|t:|1779857114
|-end|p2a: Kingambit|fallenundefined|[silent]
|switch|p2a: Toxapex|Toxapex, F|94/100 brn
|move|p1a: Azumarill|Aqua Jet|p2a: Toxapex
|-resisted|p2a: Toxapex
|-damage|p2a: Toxapex|87/100 brn
|
|-heal|p2a: Toxapex|93/100 brn|[from] item: Black Sludge
|-damage|p2a: Toxapex|87/100 brn|[from] brn
|upkeep
|turn|25
|
|t:|1779857124
|switch|p1a: Dragapult|Dragapult, M|9/100 tox
|move|p2a: Toxapex|Toxic|p1a: Dragapult
|-fail|p1a: Dragapult|tox
|
|-heal|p2a: Toxapex|93/100 brn|[from] item: Black Sludge
|-damage|p1a: Dragapult|3/100 tox|[from] psn
|-damage|p2a: Toxapex|87/100 brn|[from] brn
|upkeep
|turn|26
|
|t:|1779857135
|move|p2a: Toxapex|Baneful Bunker|p2a: Toxapex
|-singleturn|p2a: Toxapex|move: Protect
|move|p1a: Dragapult|Thunderbolt|p2a: Toxapex
|-activate|p2a: Toxapex|move: Protect
|
|-heal|p2a: Toxapex|93/100 brn|[from] item: Black Sludge
|-damage|p1a: Dragapult|0 fnt|[from] psn
|faint|p1a: Dragapult
|-damage|p2a: Toxapex|87/100 brn|[from] brn
|upkeep
|
|t:|1779857141
|switch|p1a: Kyurem|Kyurem|24/100
|-ability|p1a: Kyurem|Pressure
|turn|27
|
|t:|1779857161
|switch|p2a: Hatterene|Hatterene, F|100/100
|move|p1a: Kyurem|Freeze-Dry|p2a: Hatterene
|-damage|p2a: Hatterene|62/100
|
|upkeep
|turn|28
|
|t:|1779857170
|switch|p1a: Azumarill|Azumarill, F|100/100
|move|p2a: Hatterene|Draining Kiss|p1a: Azumarill
|-damage|p1a: Azumarill|82/100
|-heal|p2a: Hatterene|77/100|[from] drain|[of] p1a: Azumarill
|
|upkeep
|turn|29
|
|t:|1779857182
|move|p1a: Azumarill|Liquidation|p2a: Hatterene
|-damage|p2a: Hatterene|12/100
|-enditem|p2a: Hatterene|Sitrus Berry|[eat]
|-heal|p2a: Hatterene|36/100|[from] item: Sitrus Berry
|move|p2a: Hatterene|Trick Room|p2a: Hatterene
|-fieldstart|move: Trick Room|[of] p2a: Hatterene
|
|upkeep
|turn|30
|
|t:|1779857201
|switch|p2a: Toxapex|Toxapex, F|100/100 brn
|move|p1a: Azumarill|Liquidation|p2a: Toxapex
|-resisted|p2a: Toxapex
|-damage|p2a: Toxapex|86/100 brn
|
|-heal|p2a: Toxapex|92/100 brn|[from] item: Black Sludge
|-damage|p2a: Toxapex|86/100 brn|[from] brn
|upkeep
|turn|31
|
|t:|1779857210
|switch|p1a: Darkrai|Darkrai|100/100
|move|p2a: Toxapex|Toxic|p1a: Darkrai
|-status|p1a: Darkrai|tox
|
|-heal|p2a: Toxapex|92/100 brn|[from] item: Black Sludge
|-damage|p1a: Darkrai|94/100 tox|[from] psn
|-damage|p2a: Toxapex|86/100 brn|[from] brn
|upkeep
|turn|32
|
|t:|1779857222
|move|p2a: Toxapex|Recover|p2a: Toxapex
|-heal|p2a: Toxapex|100/100 brn
|move|p1a: Darkrai|Thunder|p2a: Toxapex
|-supereffective|p2a: Toxapex
|-damage|p2a: Toxapex|29/100 brn
|
|-heal|p2a: Toxapex|36/100 brn|[from] item: Black Sludge
|-damage|p1a: Darkrai|82/100 tox|[from] psn
|-damage|p2a: Toxapex|29/100 brn|[from] brn
|upkeep
|turn|33
|inactive|Pedroelentrenador has 120 seconds left.
|
|t:|1779857263
|move|p2a: Toxapex|Baneful Bunker|p2a: Toxapex
|-singleturn|p2a: Toxapex|move: Protect
|move|p1a: Darkrai|Thunder|p2a: Toxapex
|-activate|p2a: Toxapex|move: Protect
|
|-heal|p2a: Toxapex|36/100 brn|[from] item: Black Sludge
|-damage|p1a: Darkrai|64/100 tox|[from] psn
|-damage|p2a: Toxapex|29/100 brn|[from] brn
|-fieldend|move: Trick Room
|upkeep
|turn|34
|
|t:|1779857285
|switch|p2a: Ursaluna|Ursaluna, F|100/100
|move|p1a: Darkrai|Thunder|p2a: Ursaluna
|-immune|p2a: Ursaluna
|
|-damage|p1a: Darkrai|40/100 tox|[from] psn
|-status|p2a: Ursaluna|brn|[from] item: Flame Orb
|upkeep
|turn|35
|
|t:|1779857295
|switch|p1a: Azumarill|Azumarill, F|82/100
|move|p2a: Ursaluna|Facade|p1a: Azumarill
|-damage|p1a: Azumarill|0 fnt
|faint|p1a: Azumarill
|
|-damage|p2a: Ursaluna|94/100 brn|[from] brn
|upkeep
|
|t:|1779857304
|switch|p1a: Kyurem|Kyurem|24/100
|-ability|p1a: Kyurem|Pressure
|turn|36
|
|t:|1779857310
|-terastallize|p2a: Ursaluna|Ghost
|move|p1a: Kyurem|Freeze-Dry|p2a: Ursaluna
|-damage|p2a: Ursaluna|61/100 brn
|move|p2a: Ursaluna|Facade|p1a: Kyurem
|-damage|p1a: Kyurem|0 fnt
|faint|p1a: Kyurem
|
|-damage|p2a: Ursaluna|55/100 brn|[from] brn
|upkeep
|
|t:|1779857317
|switch|p1a: Darkrai|Darkrai|40/100 tox
|turn|37
|inactive|Pedroelentrenador has 120 seconds left.
|
|t:|1779857329
|switch|p2a: Toxapex|Toxapex, F|63/100 brn
|move|p1a: Darkrai|Dark Pulse|p2a: Toxapex
|-crit|p2a: Toxapex
|-damage|p2a: Toxapex|6/100 brn
|
|-heal|p2a: Toxapex|13/100 brn|[from] item: Black Sludge
|-damage|p1a: Darkrai|34/100 tox|[from] psn
|-damage|p2a: Toxapex|6/100 brn|[from] brn
|upkeep
|turn|38
|inactive|Pedroelentrenador has 120 seconds left.
|
|t:|1779857340
|move|p2a: Toxapex|Baneful Bunker|p2a: Toxapex
|-singleturn|p2a: Toxapex|move: Protect
|move|p1a: Darkrai|Dark Pulse|p2a: Toxapex
|-activate|p2a: Toxapex|move: Protect
|
|-heal|p2a: Toxapex|13/100 brn|[from] item: Black Sludge
|-damage|p1a: Darkrai|22/100 tox|[from] psn
|-damage|p2a: Toxapex|6/100 brn|[from] brn
|upkeep
|turn|39
|inactive|Pedroelentrenador has 120 seconds left.
|
|t:|1779857365
|switch|p2a: Kingambit|Kingambit, M|2/100
|move|p1a: Darkrai|Dark Pulse|p2a: Kingambit
|-resisted|p2a: Kingambit
|-damage|p2a: Kingambit|0 fnt
|faint|p2a: Kingambit
|-end|p2a: Kingambit|fallenundefined|[silent]
|
|-damage|p1a: Darkrai|4/100 tox|[from] psn
|upkeep
|
|t:|1779857375
|switch|p2a: Toxapex|Toxapex, F|40/100 brn
|turn|40
|
|t:|1779857379
|move|p2a: Toxapex|Baneful Bunker|p2a: Toxapex
|-singleturn|p2a: Toxapex|move: Protect
|move|p1a: Darkrai|Dark Pulse|p2a: Toxapex
|-activate|p2a: Toxapex|move: Protect
|
|-heal|p2a: Toxapex|46/100 brn|[from] item: Black Sludge
|-damage|p1a: Darkrai|0 fnt|[from] psn
|faint|p1a: Darkrai
|
|win|Pedroelentrenador
|raw|Moltov91's rating: 1315 &rarr; <strong>1298</strong><br />(-17 for losing)
|raw|Pedroelentrenador's rating: 1374 &rarr; <strong>1391</strong><br />(+17 for winning)
|l|☆Moltov91
|player|p1|
|l|☆Pedroelentrenador
|player|p2|
