|j|☆panzershock
|j|☆Hike Mawk
|t:|1779900564
|gametype|singles
|player|p1|panzershock|265|1138
|player|p2|Hike Mawk|riley|1195
|gen|9
|tier|[Gen 9] OU
|rated|
|rule|HP Percentage Mod: HP is shown in percentages
|rule|Endless Battle Clause: Forcing endless battles is banned
|rule|Species Clause: Limit one of each Pokémon
|rule|OHKO Clause: OHKO moves are banned
|rule|Evasion Items Clause: Evasion items are banned
|rule|Evasion Moves Clause: Evasion moves are banned
|rule|Evasion Abilities Clause: Evasion abilities are banned
|rule|Sleep Moves Clause: Sleep-inducing moves are banned
|clearpoke
|poke|p1|Weezing-Galar, F|
|poke|p1|Arboliva, M|
|poke|p1|Hitmonlee, M|
|poke|p1|Volcanion|
|poke|p1|Empoleon, F|
|poke|p1|Mudsdale, M|
|poke|p2|Gliscor, M|
|poke|p2|Clefable, F|
|poke|p2|Corviknight, M|
|poke|p2|Blissey, F|
|poke|p2|Forretress, F|
|poke|p2|Garganacl, F|
|teampreview
|
|t:|1779900582
|teamsize|p1|6
|teamsize|p2|6
|start
|switch|p1a: Volcanion|Volcanion|100/100
|switch|p2a: Rocki|Garganacl, F, shiny|100/100
|turn|1
|
|t:|1779900589
|switch|p2a: Zira|Blissey, F|100/100
|move|p1a: Volcanion|Steam Eruption|p2a: Zira
|-damage|p2a: Zira|78/100
|-status|p2a: Zira|brn
|
|-damage|p2a: Zira|72/100 brn|[from] brn
|upkeep
|turn|2
|
|t:|1779900594
|move|p1a: Volcanion|Flare Blitz|p2a: Zira
|-crit|p2a: Zira
|-damage|p2a: Zira|0 fnt
|faint|p2a: Zira
|-damage|p1a: Volcanion|46/100|[from] Recoil
|
|upkeep
|
|t:|1779900601
|switch|p2a: Azulor|Gliscor, M, shiny|100/100
|turn|3
|
|t:|1779900606
|move|p2a: Azulor|Earthquake|p1a: Volcanion
|-supereffective|p1a: Volcanion
|-damage|p1a: Volcanion|0 fnt
|faint|p1a: Volcanion
|
|-status|p2a: Azulor|tox|[from] item: Toxic Orb
|upkeep
|
|t:|1779900622
|switch|p1a: Empoleon|Empoleon, F|100/100
|turn|4
|
|t:|1779900644
|switch|p2a: Goldenuke|Forretress, F, shiny|100/100
|move|p1a: Empoleon|Blizzard|p2a: Goldenuke
|-resisted|p2a: Goldenuke
|-damage|p2a: Goldenuke|75/100
|-status|p2a: Goldenuke|frz
|
|upkeep
|turn|5
|
|t:|1779900651
|move|p1a: Empoleon|Hydro Pump|p2a: Goldenuke
|-damage|p2a: Goldenuke|0 fnt
|faint|p2a: Goldenuke
|
|upkeep
|
|t:|1779900662
|switch|p2a: Azulor|Gliscor, M, shiny|100/100 tox
|turn|6
|
|t:|1779900672
|move|p1a: Empoleon|Blizzard|p2a: Azulor
|-supereffective|p2a: Azulor
|-damage|p2a: Azulor|0 fnt
|faint|p2a: Azulor
|
|upkeep
|c|☆Hike Mawk|What the actual fuck
|
|t:|1779900688
|switch|p2a: Rookidon|Corviknight, M|100/100
|turn|7
|
|t:|1779900699
|switch|p1a: Mudsdale|Mudsdale, M|100/100
|move|p2a: Rookidon|Agility|p2a: Rookidon
|-boost|p2a: Rookidon|spe|2
|
|upkeep
|turn|8
|
|t:|1779900704
|move|p2a: Rookidon|Bulk Up|p2a: Rookidon
|-boost|p2a: Rookidon|atk|1
|-boost|p2a: Rookidon|def|1
|move|p1a: Mudsdale|Smack Down|p2a: Rookidon
|-damage|p2a: Rookidon|91/100
|-start|p2a: Rookidon|Smack Down
|
|upkeep
|turn|9
|
|t:|1779900721
|switch|p1a: Weezing|Weezing-Galar, F|100/100
|-fieldstart|move: Misty Terrain|[from] ability: Misty Surge|[of] p1a: Weezing
|move|p2a: Rookidon|Bulk Up|p2a: Rookidon
|-boost|p2a: Rookidon|atk|1
|-boost|p2a: Rookidon|def|1
|
|upkeep
|turn|10
|c|☆Hike Mawk|Did you make this team just to confuse people
|c|☆Hike Mawk|Who runs Misty Surge Gweezing
|
|t:|1779900767
|move|p2a: Rookidon|Bulk Up|p2a: Rookidon
|-boost|p2a: Rookidon|atk|1
|-boost|p2a: Rookidon|def|1
|move|p1a: Weezing|Thunderbolt|p2a: Rookidon
|-supereffective|p2a: Rookidon
|-damage|p2a: Rookidon|41/100
|-enditem|p2a: Rookidon|Weakness Policy
|-boost|p2a: Rookidon|atk|2|[from] item: Weakness Policy
|-boost|p2a: Rookidon|spa|2|[from] item: Weakness Policy
|
|upkeep
|turn|11
|
|t:|1779900774
|-terastallize|p2a: Rookidon|Dark
|move|p2a: Rookidon|Power Trip|p1a: Weezing
|-resisted|p1a: Weezing
|-damage|p1a: Weezing|0 fnt
|faint|p1a: Weezing
|
|upkeep
|
|t:|1779900779
|switch|p1a: Hitmonlee|Hitmonlee, M|100/100
|-enditem|p1a: Hitmonlee|Misty Seed
|-boost|p1a: Hitmonlee|spd|1|[from] item: Misty Seed
|turn|12
|
|t:|1779900784
|-terastallize|p1a: Hitmonlee|Fighting
|move|p1a: Hitmonlee|Axe Kick|p2a: Rookidon
|-supereffective|p2a: Rookidon
|-damage|p2a: Rookidon|0 fnt
|faint|p2a: Rookidon
|
|upkeep
|
|t:|1779900791
|switch|p2a: Cleffairable|Clefable, F, shiny|100/100
|turn|13
|
|t:|1779900800
|move|p1a: Hitmonlee|Knock Off|p2a: Cleffairable
|-resisted|p2a: Cleffairable
|-damage|p2a: Cleffairable|82/100
|-enditem|p2a: Cleffairable|Heavy-Duty Boots|[from] move: Knock Off|[of] p1a: Hitmonlee
|move|p2a: Cleffairable|Moonblast|p1a: Hitmonlee
|-supereffective|p1a: Hitmonlee
|-damage|p1a: Hitmonlee|0 fnt
|faint|p1a: Hitmonlee
|
|upkeep
|
|t:|1779900813
|switch|p1a: Arboliva|Arboliva, M|100/100
|turn|14
|
|t:|1779900821
|move|p2a: Cleffairable|Flamethrower|p1a: Arboliva
|-supereffective|p1a: Arboliva
|-damage|p1a: Arboliva|55/100
|-enditem|p1a: Arboliva|Maranga Berry|[eat]
|-boost|p1a: Arboliva|spd|1|[from] item: Maranga Berry
|move|p1a: Arboliva|Giga Drain|p2a: Cleffairable
|-damage|p2a: Cleffairable|36/100
|-heal|p1a: Arboliva|76/100|[from] drain|[of] p2a: Cleffairable
|
|-item|p1a: Arboliva|Maranga Berry|[from] ability: Harvest
|upkeep
|turn|15
|
|t:|1779900829
|move|p2a: Cleffairable|Flamethrower|p1a: Arboliva
|-supereffective|p1a: Arboliva
|-damage|p1a: Arboliva|23/100
|-enditem|p1a: Arboliva|Maranga Berry|[eat]
|-boost|p1a: Arboliva|spd|1|[from] item: Maranga Berry
|move|p1a: Arboliva|Giga Drain|p2a: Cleffairable
|-damage|p2a: Cleffairable|0 fnt
|-heal|p1a: Arboliva|40/100|[from] drain|[of] p2a: Cleffairable
|faint|p2a: Cleffairable
|
|upkeep
|
|t:|1779900836
|switch|p2a: Rocki|Garganacl, F, shiny|100/100
|turn|16
|c|☆Hike Mawk|What the fuck
|
|t:|1779900852
|move|p1a: Arboliva|Giga Drain|p2a: Rocki
|-supereffective|p2a: Rocki
|-damage|p2a: Rocki|26/100
|-heal|p1a: Arboliva|81/100|[from] drain|[of] p2a: Rocki
|-enditem|p2a: Rocki|Sitrus Berry|[eat]
|-heal|p2a: Rocki|51/100|[from] item: Sitrus Berry
|move|p2a: Rocki|Salt Cure|p1a: Arboliva
|-damage|p1a: Arboliva|60/100
|-start|p1a: Arboliva|Salt Cure
|
|-damage|p1a: Arboliva|48/100|[from] Salt Cure
|-fieldend|Misty Terrain
|-item|p1a: Arboliva|Maranga Berry|[from] ability: Harvest
|upkeep
|turn|17
|
|t:|1779900860
|move|p1a: Arboliva|Giga Drain|p2a: Rocki
|-supereffective|p2a: Rocki
|-damage|p2a: Rocki|0 fnt
|-heal|p1a: Arboliva|76/100|[from] drain|[of] p2a: Rocki
|faint|p2a: Rocki
|
|win|panzershock
|raw|panzershock's rating: 1138 &rarr; <strong>1167</strong><br />(+29 for winning)
|raw|Hike Mawk's rating: 1195 &rarr; <strong>1166</strong><br />(-29 for losing)
|l|☆panzershock
|player|p1|
|l|☆Hike Mawk
|player|p2|
