|j|☆tsrhuevo
|j|☆trashcan_343
|t:|1779892541
|gametype|singles
|player|p1|tsrhuevo|dawn|1550
|player|p2|trashcan_343|fisherman-gen4|1535
|gen|9
|tier|[Gen 9] OU
|rated|
|rule|HP Percentage Mod: HP is shown in percentages
|rule|Endless Battle Clause: Forcing endless battles is banned
|rule|Species Clause: Limit one of each Pokémon
|rule|OHKO Clause: OHKO moves are banned
|rule|Evasion Items Clause: Evasion items are banned
|rule|Evasion Moves Clause: Evasion moves are banned
|rule|Evasion Abilities Clause: Evasion abilities are banned
|rule|Sleep Moves Clause: Sleep-inducing moves are banned
|clearpoke
|poke|p1|Glimmora, M|
|poke|p1|Garganacl, F|
|poke|p1|Zamazenta-*|
|poke|p1|Iron Valiant|
|poke|p1|Kyurem|
|poke|p1|Walking Wake|
|poke|p2|Metagross|
|poke|p2|Hippowdon, F|
|poke|p2|Ogerpon-Cornerstone, F|
|poke|p2|Goodra-Hisui, M|
|poke|p2|Mandibuzz, F|
|poke|p2|Garganacl, M|
|teampreview
|inactive|Battle timer is ON: inactive players will automatically lose when time's up. (requested by tsrhuevo)
|j| yuureisuisei
|inactive|tsrhuevo has 120 seconds left.
|
|t:|1779892578
|teamsize|p1|6
|teamsize|p2|6
|start
|switch|p1a: Garganacl|Garganacl, F|100/100
|switch|p2a: Ogerpon|Ogerpon-Cornerstone, F|100/100
|turn|1
|
|t:|1779892599
|move|p2a: Ogerpon|Horn Leech|p1a: Garganacl
|-supereffective|p1a: Garganacl
|-damage|p1a: Garganacl|41/100
|move|p1a: Garganacl|Salt Cure|p2a: Ogerpon
|-damage|p2a: Ogerpon|77/100
|-start|p2a: Ogerpon|Salt Cure
|
|-damage|p2a: Ogerpon|65/100|[from] Salt Cure
|upkeep
|turn|2
|inactive|tsrhuevo has 120 seconds left.
|
|t:|1779892651
|switch|p1a: Zamazenta|Zamazenta|100/100
|-ability|p1a: Zamazenta|Dauntless Shield|boost
|-boost|p1a: Zamazenta|def|1
|move|p2a: Ogerpon|Ivy Cudgel|p1a: Zamazenta|[anim] Ivy Cudgel Rock
|-resisted|p1a: Zamazenta
|-crit|p1a: Zamazenta
|-damage|p1a: Zamazenta|68/100
|
|-damage|p2a: Ogerpon|53/100|[from] Salt Cure
|upkeep
|turn|3
|
|t:|1779892675
|switch|p2a: Hippowdon|Hippowdon, F|100/100
|-weather|Sandstorm|[from] ability: Sand Stream|[of] p2a: Hippowdon
|move|p1a: Zamazenta|Iron Defense|p1a: Zamazenta
|-boost|p1a: Zamazenta|def|2
|
|-weather|Sandstorm|[upkeep]
|-damage|p1a: Zamazenta|62/100|[from] Sandstorm
|upkeep
|turn|4
|
|t:|1779892681
|move|p1a: Zamazenta|Body Press|p2a: Hippowdon
|-damage|p2a: Hippowdon|49/100
|move|p2a: Hippowdon|Curse|p2a: Hippowdon
|-unboost|p2a: Hippowdon|spe|1
|-boost|p2a: Hippowdon|atk|1
|-boost|p2a: Hippowdon|def|1
|
|-weather|Sandstorm|[upkeep]
|-damage|p1a: Zamazenta|56/100|[from] Sandstorm
|upkeep
|turn|5
|inactive|tsrhuevo has 120 seconds left.
|
|t:|1779892709
|move|p1a: Zamazenta|Iron Defense|p1a: Zamazenta
|-boost|p1a: Zamazenta|def|2
|move|p2a: Hippowdon|Slack Off|p2a: Hippowdon
|-heal|p2a: Hippowdon|99/100
|
|-weather|Sandstorm|[upkeep]
|-damage|p1a: Zamazenta|50/100|[from] Sandstorm
|upkeep
|turn|6
|
|t:|1779892715
|-terastallize|p2a: Hippowdon|Fairy
|move|p1a: Zamazenta|Body Press|p2a: Hippowdon
|-resisted|p2a: Hippowdon
|-damage|p2a: Hippowdon|77/100
|move|p2a: Hippowdon|Curse|p2a: Hippowdon
|-unboost|p2a: Hippowdon|spe|1
|-boost|p2a: Hippowdon|atk|1
|-boost|p2a: Hippowdon|def|1
|
|-weather|Sandstorm|[upkeep]
|-damage|p1a: Zamazenta|44/100|[from] Sandstorm
|-damage|p2a: Hippowdon|71/100|[from] Sandstorm
|upkeep
|turn|7
|inactive|tsrhuevo has 90 seconds left.
|
|t:|1779892741
|switch|p1a: Garganacl|Garganacl, F|41/100
|move|p2a: Hippowdon|Earthquake|p1a: Garganacl
|-supereffective|p1a: Garganacl
|-damage|p1a: Garganacl|0 fnt
|faint|p1a: Garganacl
|
|-weather|none
|upkeep
|inactive|tsrhuevo has 90 seconds left.
|
|t:|1779892748
|switch|p1a: Glimmora|Glimmora, M|100/100
|turn|8
|
|t:|1779892755
|move|p1a: Glimmora|Sludge Wave|p2a: Hippowdon
|-supereffective|p2a: Hippowdon
|-damage|p2a: Hippowdon|0 fnt
|faint|p2a: Hippowdon
|
|upkeep
|
|t:|1779892768
|switch|p2a: Ogerpon|Ogerpon-Cornerstone, F|53/100
|turn|9
|
|t:|1779892774
|move|p2a: Ogerpon|Ivy Cudgel|p1a: Glimmora|[anim] Ivy Cudgel Rock
|-damage|p1a: Glimmora|34/100
|-activate|p1a: Glimmora|ability: Toxic Debris
|-sidestart|p2: trashcan_343|move: Toxic Spikes
|move|p1a: Glimmora|Sludge Wave|p2a: Ogerpon
|-damage|p2a: Ogerpon|0 fnt
|faint|p2a: Ogerpon
|
|upkeep
|
|t:|1779892782
|switch|p2a: Mandibuzz|Mandibuzz, F|100/100
|turn|10
|
|t:|1779892786
|move|p1a: Glimmora|Meteor Beam||[still]
|-prepare|p1a: Glimmora|Meteor Beam
|-boost|p1a: Glimmora|spa|1
|-enditem|p1a: Glimmora|Power Herb
|-anim|p1a: Glimmora|Meteor Beam|p2a: Mandibuzz
|-supereffective|p2a: Mandibuzz
|-damage|p2a: Mandibuzz|0 fnt
|faint|p2a: Mandibuzz
|
|upkeep
|
|t:|1779892792
|switch|p2a: Metagross|Metagross|100/100
|turn|11
|
|t:|1779892803
|move|p1a: Glimmora|Earth Power|p2a: Metagross
|-supereffective|p2a: Metagross
|-damage|p2a: Metagross|0 fnt
|faint|p2a: Metagross
|
|upkeep
|
|t:|1779892806
|switch|p2a: Snail|Goodra-Hisui, M|100/100
|turn|12
|
|t:|1779892825
|move|p1a: Glimmora|Earth Power|p2a: Snail
|-supereffective|p2a: Snail
|-damage|p2a: Snail|61/100
|move|p2a: Snail|Flash Cannon|p1a: Glimmora
|-supereffective|p1a: Glimmora
|-damage|p1a: Glimmora|0 fnt
|faint|p1a: Glimmora
|
|upkeep
|
|t:|1779892831
|switch|p1a: Zamazenta|Zamazenta|44/100
|turn|13
|
|t:|1779892838
|switch|p2a: Pink Salt|Garganacl, M|100/100
|move|p1a: Zamazenta|Body Press|p2a: Pink Salt
|-supereffective|p2a: Pink Salt
|-damage|p2a: Pink Salt|64/100
|-damage|p1a: Zamazenta|27/100|[from] item: Rocky Helmet|[of] p2a: Pink Salt
|
|upkeep
|turn|14
|
|t:|1779892856
|switch|p1a: Walking Wake|Walking Wake|100/100
|-enditem|p1a: Walking Wake|Booster Energy
|-activate|p1a: Walking Wake|ability: Protosynthesis|[fromitem]
|-start|p1a: Walking Wake|protosynthesisspa
|move|p2a: Pink Salt|Salt Cure|p1a: Walking Wake
|-damage|p1a: Walking Wake|84/100
|-start|p1a: Walking Wake|Salt Cure
|
|-damage|p1a: Walking Wake|59/100|[from] Salt Cure
|upkeep
|turn|15
|
|t:|1779892865
|switch|p2a: Snail|Goodra-Hisui, M|61/100
|move|p1a: Walking Wake|Surf|p2a: Snail
|-resisted|p2a: Snail
|-damage|p2a: Snail|47/100
|
|-damage|p1a: Walking Wake|34/100|[from] Salt Cure
|upkeep
|turn|16
|
|t:|1779892873
|move|p1a: Walking Wake|Dragon Pulse|p2a: Snail
|-damage|p2a: Snail|19/100
|move|p2a: Snail|Flash Cannon|p1a: Walking Wake
|-resisted|p1a: Walking Wake
|-damage|p1a: Walking Wake|11/100
|
|-damage|p1a: Walking Wake|0 fnt|[from] Salt Cure
|faint|p1a: Walking Wake
|-end|p1a: Walking Wake|Protosynthesis|[silent]
|upkeep
|
|t:|1779892877
|switch|p1a: Iron Valiant|Iron Valiant|100/100
|-enditem|p1a: Iron Valiant|Booster Energy
|-activate|p1a: Iron Valiant|ability: Quark Drive|[fromitem]
|-start|p1a: Iron Valiant|quarkdrivespe
|turn|17
|
|t:|1779892882
|move|p1a: Iron Valiant|Moonblast|p2a: Snail
|-crit|p2a: Snail
|-damage|p2a: Snail|0 fnt
|faint|p2a: Snail
|
|upkeep
|
|t:|1779892884
|switch|p2a: Pink Salt|Garganacl, M|64/100
|turn|18
|
|t:|1779892890
|move|p1a: Iron Valiant|Moonblast|p2a: Pink Salt
|-damage|p2a: Pink Salt|18/100
|move|p2a: Pink Salt|Recover|p2a: Pink Salt
|-heal|p2a: Pink Salt|68/100
|
|upkeep
|turn|19
|
|t:|1779892895
|move|p1a: Iron Valiant|Calm Mind|p1a: Iron Valiant
|-boost|p1a: Iron Valiant|spa|1
|-boost|p1a: Iron Valiant|spd|1
|move|p2a: Pink Salt|Salt Cure|p1a: Iron Valiant
|-resisted|p1a: Iron Valiant
|-damage|p1a: Iron Valiant|92/100
|-start|p1a: Iron Valiant|Salt Cure
|
|-damage|p1a: Iron Valiant|79/100|[from] Salt Cure
|upkeep
|turn|20
|
|t:|1779892898
|move|p1a: Iron Valiant|Moonblast|p2a: Pink Salt
|-damage|p2a: Pink Salt|0 fnt
|faint|p2a: Pink Salt
|
|win|tsrhuevo
|raw|tsrhuevo's rating: 1550 &rarr; <strong>1569</strong><br />(+19 for winning)
|raw|trashcan_343's rating: 1535 &rarr; <strong>1516</strong><br />(-19 for losing)
|l|☆trashcan_343
|player|p2|
|l|☆tsrhuevo
|player|p1|
|l| yuureisuisei
