|j|☆lklowxhn
|j|☆nwalesu
|t:|1779875895
|gametype|singles
|player|p1|lklowxhn|miku-ghost|1564
|player|p2|nwalesu|pokemaniac|1516
|gen|9
|tier|[Gen 9] OU
|rated|
|rule|HP Percentage Mod: HP is shown in percentages
|rule|Endless Battle Clause: Forcing endless battles is banned
|rule|Species Clause: Limit one of each Pokémon
|rule|OHKO Clause: OHKO moves are banned
|rule|Evasion Items Clause: Evasion items are banned
|rule|Evasion Moves Clause: Evasion moves are banned
|rule|Evasion Abilities Clause: Evasion abilities are banned
|rule|Sleep Moves Clause: Sleep-inducing moves are banned
|clearpoke
|poke|p1|Serperior, M|
|poke|p1|Slowbro, M|
|poke|p1|Fezandipiti, M|
|poke|p1|Tornadus-Therian, M|
|poke|p1|Kingambit, F|
|poke|p1|Great Tusk|
|poke|p2|Dragapult, F|
|poke|p2|Rotom-Heat|
|poke|p2|Clodsire, M|
|poke|p2|Mandibuzz, F|
|poke|p2|Dragonite, M|
|poke|p2|Iron Valiant|
|teampreview
|inactive|Battle timer is ON: inactive players will automatically lose when time's up. (requested by nwalesu)
|inactive|lklowxhn also wants the timer to be on.
|inactive|nwalesu has 120 seconds left.
|
|t:|1779875933
|teamsize|p1|6
|teamsize|p2|6
|start
|switch|p1a: Serperior|Serperior, M|100/100
|switch|p2a: Clodsire|Clodsire, M|100/100
|turn|1
|
|t:|1779875960
|switch|p2a: Drippy|Dragapult, F|100/100
|move|p1a: Serperior|Substitute|p1a: Serperior
|-start|p1a: Serperior|Substitute
|-damage|p1a: Serperior|75/100
|
|-heal|p1a: Serperior|82/100|[from] item: Leftovers
|upkeep
|turn|2
|
|t:|1779875973
|move|p2a: Drippy|U-turn|p1a: Serperior
|-supereffective|p1a: Serperior
|-damage|p1a: Serperior|36/100
|
|t:|1779875975
|switch|p2a: Mandibuzz|Mandibuzz, F|100/100|[from] U-turn
|move|p1a: Serperior|Glare|p2a: Mandibuzz
|-status|p2a: Mandibuzz|par
|
|-heal|p1a: Serperior|42/100|[from] item: Leftovers
|upkeep
|turn|3
|
|t:|1779875979
|move|p1a: Serperior|Leech Seed|p2a: Mandibuzz
|-start|p2a: Mandibuzz|move: Leech Seed
|cant|p2a: Mandibuzz|par
|
|-heal|p1a: Serperior|48/100|[from] item: Leftovers
|-damage|p2a: Mandibuzz|88/100 par|[from] Leech Seed|[of] p1a: Serperior
|-heal|p1a: Serperior|64/100|[silent]
|upkeep
|turn|4
|
|t:|1779875984
|move|p1a: Serperior|Leaf Storm|p2a: Mandibuzz
|-resisted|p2a: Mandibuzz
|-damage|p2a: Mandibuzz|70/100 par
|-boost|p1a: Serperior|spa|2
|cant|p2a: Mandibuzz|par
|
|-heal|p1a: Serperior|70/100|[from] item: Leftovers
|-damage|p2a: Mandibuzz|58/100 par|[from] Leech Seed|[of] p1a: Serperior
|-heal|p1a: Serperior|87/100|[silent]
|upkeep
|turn|5
|
|t:|1779875990
|move|p1a: Serperior|Leaf Storm|p2a: Mandibuzz
|-resisted|p2a: Mandibuzz
|-damage|p2a: Mandibuzz|24/100 par
|-boost|p1a: Serperior|spa|2
|cant|p2a: Mandibuzz|par
|
|-heal|p1a: Serperior|93/100|[from] item: Leftovers
|-damage|p2a: Mandibuzz|11/100 par|[from] Leech Seed|[of] p1a: Serperior
|-heal|p1a: Serperior|100/100|[silent]
|upkeep
|turn|6
|
|t:|1779876008
|move|p1a: Serperior|Leaf Storm|p2a: Mandibuzz
|-resisted|p2a: Mandibuzz
|-damage|p2a: Mandibuzz|0 fnt
|-boost|p1a: Serperior|spa|2
|faint|p2a: Mandibuzz
|
|upkeep
|
|t:|1779876011
|switch|p2a: Dragonite|Dragonite, M|100/100
|turn|7
|
|t:|1779876015
|move|p1a: Serperior|Leaf Storm|p2a: Dragonite
|-resisted|p2a: Dragonite
|-damage|p2a: Dragonite|77/100
|move|p2a: Dragonite|Fire Punch|p1a: Serperior
|-supereffective|p1a: Serperior
|-end|p1a: Serperior|Substitute
|
|upkeep
|turn|8
|
|t:|1779876023
|-terastallize|p1a: Serperior|Fire
|move|p1a: Serperior|Glare|p2a: Dragonite
|-status|p2a: Dragonite|par
|cant|p2a: Dragonite|par
|
|upkeep
|turn|9
|c|☆nwalesu|bro
|
|t:|1779876032
|move|p1a: Serperior|Substitute|p1a: Serperior
|-start|p1a: Serperior|Substitute
|-damage|p1a: Serperior|75/100
|move|p2a: Dragonite|Earthquake|p1a: Serperior
|-supereffective|p1a: Serperior
|-end|p1a: Serperior|Substitute
|
|-heal|p1a: Serperior|82/100|[from] item: Leftovers
|upkeep
|turn|10
|
|t:|1779876037
|move|p1a: Serperior|Substitute|p1a: Serperior
|-start|p1a: Serperior|Substitute
|-damage|p1a: Serperior|57/100
|move|p2a: Dragonite|Earthquake|p1a: Serperior
|-supereffective|p1a: Serperior
|-end|p1a: Serperior|Substitute
|
|-heal|p1a: Serperior|63/100|[from] item: Leftovers
|upkeep
|turn|11
|
|t:|1779876043
|move|p1a: Serperior|Substitute|p1a: Serperior
|-start|p1a: Serperior|Substitute
|-damage|p1a: Serperior|38/100
|move|p2a: Dragonite|Earthquake|p1a: Serperior
|-supereffective|p1a: Serperior
|-end|p1a: Serperior|Substitute
|
|-heal|p1a: Serperior|44/100|[from] item: Leftovers
|upkeep
|turn|12
|
|t:|1779876047
|switch|p1a: 小树林|Slowbro, M|100/100
|move|p2a: Dragonite|Earthquake|p1a: 小树林
|-damage|p1a: 小树林|76/100
|
|upkeep
|turn|13
|
|t:|1779876052
|switch|p2a: Clodsire|Clodsire, M|100/100
|move|p1a: 小树林|Future Sight|p2a: Clodsire
|-start|p1a: 小树林|move: Future Sight
|
|upkeep
|turn|14
|
|t:|1779876058
|move|p2a: Clodsire|Toxic|p1a: 小树林
|-status|p1a: 小树林|tox
|move|p1a: 小树林|Scald|p2a: Clodsire
|-immune|p2a: Clodsire|[from] ability: Water Absorb
|
|-damage|p1a: 小树林|70/100 tox|[from] psn
|upkeep
|turn|15
|
|t:|1779876063
|switch|p1a: Tornadus|Tornadus-Therian, M|100/100
|move|p2a: Clodsire|Stealth Rock|p1a: Tornadus
|-sidestart|p1: lklowxhn|move: Stealth Rock
|
|-end|p2a: Clodsire|move: Future Sight
|-supereffective|p2a: Clodsire
|-damage|p2a: Clodsire|57/100
|-heal|p2a: Clodsire|63/100|[from] item: Leftovers
|upkeep
|turn|16
|
|t:|1779876073
|switch|p1a: Great Tusk|Great Tusk|100/100
|-damage|p1a: Great Tusk|98/100|[from] Stealth Rock
|switch|p2a: Cookie maker|Rotom-Heat|100/100
|
|upkeep
|turn|17
|
|t:|1779876078
|-end|p1a: Great Tusk|Protosynthesis|[silent]
|switch|p1a: Fezandipiti|Fezandipiti, M|100/100
|-damage|p1a: Fezandipiti|88/100|[from] Stealth Rock
|move|p2a: Cookie maker|Nasty Plot|p2a: Cookie maker
|-boost|p2a: Cookie maker|spa|2
|
|-heal|p1a: Fezandipiti|94/100|[from] item: Leftovers
|upkeep
|turn|18
|
|t:|1779876083
|move|p2a: Cookie maker|Discharge|p1a: Fezandipiti
|-damage|p1a: Fezandipiti|61/100
|move|p1a: Fezandipiti|Beat Up|p2a: Cookie maker
|-damage|p2a: Cookie maker|97/100
|-damage|p2a: Cookie maker|93/100
|-damage|p2a: Cookie maker|88/100
|-status|p2a: Cookie maker|tox|[from] ability: Toxic Chain|[of] p1a: Fezandipiti
|-damage|p2a: Cookie maker|83/100 tox
|-damage|p2a: Cookie maker|79/100 tox
|-hitcount|p2a: Cookie maker|5
|
|-heal|p1a: Fezandipiti|67/100|[from] item: Leftovers
|-damage|p2a: Cookie maker|73/100 tox|[from] psn
|upkeep
|turn|19
|j| bhybhdd
|
|t:|1779876092
|move|p2a: Cookie maker|Overheat|p1a: Fezandipiti
|-damage|p1a: Fezandipiti|8/100
|-unboost|p2a: Cookie maker|spa|2
|move|p1a: Fezandipiti|Roost|p1a: Fezandipiti
|-heal|p1a: Fezandipiti|58/100
|-singleturn|p1a: Fezandipiti|move: Roost
|
|-heal|p1a: Fezandipiti|64/100|[from] item: Leftovers
|-damage|p2a: Cookie maker|61/100 tox|[from] psn
|upkeep
|turn|20
|-message|nwalesu forfeited.
|
|win|lklowxhn
|raw|lklowxhn's rating: 1564 &rarr; <strong>1581</strong><br />(+17 for winning)
|raw|nwalesu's rating: 1516 &rarr; <strong>1499</strong><br />(-17 for losing)
|l|☆nwalesu
|player|p2|
|l| bhybhdd
|l|☆lklowxhn
|player|p1|
