|j|☆metallettuce52
|j|☆JuanCaGonzalez
|t:|1779927340
|gametype|singles
|player|p1|metallettuce52|elesa|1186
|player|p2|JuanCaGonzalez|rancher|1225
|gen|9
|tier|[Gen 9] OU
|rated|
|rule|HP Percentage Mod: HP is shown in percentages
|rule|Endless Battle Clause: Forcing endless battles is banned
|rule|Species Clause: Limit one of each Pokémon
|rule|OHKO Clause: OHKO moves are banned
|rule|Evasion Items Clause: Evasion items are banned
|rule|Evasion Moves Clause: Evasion moves are banned
|rule|Evasion Abilities Clause: Evasion abilities are banned
|rule|Sleep Moves Clause: Sleep-inducing moves are banned
|clearpoke
|poke|p1|Oricorio-Sensu, F|
|poke|p1|Alomomola, F|
|poke|p1|Glimmora, M|
|poke|p1|Meowscarada, M|
|poke|p1|Cloyster, F|
|poke|p1|Arcanine-Hisui, M|
|poke|p2|Darkrai|
|poke|p2|Garchomp, M|
|poke|p2|Alomomola, M|
|poke|p2|Corviknight, F|
|poke|p2|Weezing-Galar, M|
|poke|p2|Ogerpon, F|
|teampreview
|inactive|Battle timer is ON: inactive players will automatically lose when time's up. (requested by metallettuce52)
|
|t:|1779927346
|teamsize|p1|6
|teamsize|p2|6
|start
|switch|p1a: Flesh|Cloyster, F|100/100
|switch|p2a: Garchomp|Garchomp, M|100/100
|turn|1
|
|t:|1779927355
|-terastallize|p2a: Garchomp|Ghost
|move|p2a: Garchomp|Earthquake|p1a: Flesh
|-damage|p1a: Flesh|61/100
|move|p1a: Flesh|Shell Smash|p1a: Flesh
|-unboost|p1a: Flesh|def|1
|-unboost|p1a: Flesh|spd|1
|-boost|p1a: Flesh|atk|2
|-boost|p1a: Flesh|spa|2
|-boost|p1a: Flesh|spe|2
|
|upkeep
|turn|2
|
|t:|1779927368
|move|p1a: Flesh|Icicle Spear|p2a: Garchomp
|-crit|p2a: Garchomp
|-damage|p2a: Garchomp|78/100
|-damage|p2a: Garchomp|63/100
|-damage|p2a: Garchomp|50/100
|-damage|p2a: Garchomp|35/100
|-damage|p2a: Garchomp|20/100
|-hitcount|p2a: Garchomp|5
|move|p2a: Garchomp|Dragon Tail|p1a: Flesh
|-damage|p1a: Flesh|28/100
|drag|p1a: The Bouncer|Meowscarada, M|100/100
|
|upkeep
|turn|3
|
|t:|1779927385
|move|p1a: The Bouncer|U-turn|p2a: Garchomp
|-start|p1a: The Bouncer|typechange|Bug|[from] ability: Protean
|-resisted|p2a: Garchomp
|-damage|p2a: Garchomp|6/100
|-damage|p1a: The Bouncer|88/100|[from] ability: Rough Skin|[of] p2a: Garchomp
|-damage|p1a: The Bouncer|72/100|[from] item: Rocky Helmet|[of] p2a: Garchomp
|
|t:|1779927393
|switch|p1a: Flesh|Cloyster, F|28/100|[from] U-turn
|move|p2a: Garchomp|Spikes|p1a: Flesh
|-sidestart|p1: metallettuce52|Spikes
|
|upkeep
|turn|4
|
|t:|1779927402
|move|p1a: Flesh|Ice Shard|p2a: Garchomp
|-damage|p2a: Garchomp|0 fnt
|faint|p2a: Garchomp
|
|upkeep
|
|t:|1779927408
|switch|p2a: Darkrai|Darkrai|100/100
|turn|5
|
|t:|1779927413
|move|p2a: Darkrai|Dark Pulse|p1a: Flesh
|-damage|p1a: Flesh|0 fnt
|faint|p1a: Flesh
|
|upkeep
|
|t:|1779927416
|switch|p1a: Asmongold|Glimmora, M|100/100
|-damage|p1a: Asmongold|88/100|[from] Spikes
|turn|6
|
|t:|1779927425
|move|p2a: Darkrai|Dark Pulse|p1a: Asmongold
|-damage|p1a: Asmongold|23/100
|move|p1a: Asmongold|Mortal Spin|p2a: Darkrai
|-damage|p2a: Darkrai|91/100
|-status|p2a: Darkrai|psn
|-sideend|p1: metallettuce52|Spikes|[from] move: Mortal Spin|[of] p1a: Asmongold
|
|-damage|p2a: Darkrai|78/100 psn|[from] psn
|upkeep
|turn|7
|
|t:|1779927436
|move|p2a: Darkrai|Dark Pulse|p1a: Asmongold
|-damage|p1a: Asmongold|0 fnt
|faint|p1a: Asmongold
|
|-damage|p2a: Darkrai|66/100 psn|[from] psn
|upkeep
|
|t:|1779927438
|switch|p1a: The Bouncer|Meowscarada, M|72/100
|turn|8
|
|t:|1779927449
|switch|p2a: Alomomola|Alomomola, M|100/100
|move|p1a: The Bouncer|U-turn|p2a: Alomomola
|-start|p1a: The Bouncer|typechange|Bug|[from] ability: Protean
|-damage|p2a: Alomomola|62/100
|
|t:|1779927461
|switch|p1a: Fih|Alomomola, F|100/100|[from] U-turn
|
|upkeep
|turn|9
|
|t:|1779927466
|move|p1a: Fih|Whirlpool|p2a: Alomomola
|-resisted|p2a: Alomomola
|-damage|p2a: Alomomola|60/100
|-activate|p2a: Alomomola|move: Whirlpool|[of] p1a: Fih
|move|p2a: Alomomola|Body Slam|p1a: Fih
|-damage|p1a: Fih|92/100
|-status|p1a: Fih|par
|
|-heal|p1a: Fih|99/100 par|[from] item: Leftovers
|-damage|p2a: Alomomola|48/100|[from] move: Whirlpool|[partiallytrapped]
|upkeep
|turn|10
|
|t:|1779927480
|move|p1a: Fih|Aqua Ring|p1a: Fih
|-start|p1a: Fih|Aqua Ring
|move|p2a: Alomomola|Mirror Coat||[still]
|-fail|p2a: Alomomola
|
|-heal|p1a: Fih|100/100 par|[from] item: Leftovers
|-damage|p2a: Alomomola|35/100|[from] move: Whirlpool|[partiallytrapped]
|upkeep
|turn|11
|
|t:|1779927498
|move|p1a: Fih|Scald|p2a: Alomomola
|-resisted|p2a: Alomomola
|-damage|p2a: Alomomola|32/100
|-status|p2a: Alomomola|brn
|move|p2a: Alomomola|Mirror Coat|p1a: Fih
|-damage|p1a: Fih|94/100 par
|
|-heal|p1a: Fih|99/100 par|[from] item: Leftovers
|-heal|p1a: Fih|100/100 par|[from] Aqua Ring
|-damage|p2a: Alomomola|26/100 brn|[from] brn
|-damage|p2a: Alomomola|14/100 brn|[from] move: Whirlpool|[partiallytrapped]
|upkeep
|turn|12
|
|t:|1779927515
|move|p2a: Alomomola|Flip Turn|p1a: Fih
|-resisted|p1a: Fih
|-damage|p1a: Fih|98/100 par
|
|t:|1779927527
|switch|p2a: Corviknight|Corviknight, F|100/100|[from] Flip Turn
|-ability|p2a: Corviknight|Pressure
|cant|p1a: Fih|par
|
|-heal|p1a: Fih|100/100 par|[from] item: Leftovers
|upkeep
|turn|13
|
|t:|1779927540
|move|p2a: Corviknight|Brave Bird|p1a: Fih
|-damage|p1a: Fih|81/100 par
|-damage|p2a: Corviknight|92/100|[from] Recoil
|cant|p1a: Fih|par
|
|-heal|p2a: Corviknight|98/100|[from] item: Leftovers
|-heal|p1a: Fih|87/100 par|[from] item: Leftovers
|-heal|p1a: Fih|93/100 par|[from] Aqua Ring
|upkeep
|turn|14
|
|t:|1779927557
|move|p2a: Corviknight|U-turn|p1a: Fih
|-damage|p1a: Fih|86/100 par
|
|t:|1779927560
|switch|p2a: Ogerpon|Ogerpon, F|100/100|[from] U-turn
|move|p1a: Fih|Scald|p2a: Ogerpon
|-resisted|p2a: Ogerpon
|-damage|p2a: Ogerpon|94/100
|-status|p2a: Ogerpon|brn
|
|-heal|p1a: Fih|92/100 par|[from] item: Leftovers
|-heal|p1a: Fih|98/100 par|[from] Aqua Ring
|-damage|p2a: Ogerpon|88/100 brn|[from] brn
|upkeep
|turn|15
|
|t:|1779927575
|move|p2a: Ogerpon|Swords Dance|p2a: Ogerpon
|-boost|p2a: Ogerpon|atk|2
|cant|p1a: Fih|par
|
|-heal|p1a: Fih|100/100 par|[from] item: Leftovers
|-damage|p2a: Ogerpon|82/100 brn|[from] brn
|upkeep
|turn|16
|
|t:|1779927584
|move|p2a: Ogerpon|Swords Dance|p2a: Ogerpon
|-boost|p2a: Ogerpon|atk|2
|cant|p1a: Fih|par
|
|-damage|p2a: Ogerpon|76/100 brn|[from] brn
|upkeep
|turn|17
|
|t:|1779927595
|move|p2a: Ogerpon|Swords Dance|p2a: Ogerpon
|-boost|p2a: Ogerpon|atk|2
|move|p1a: Fih|Flip Turn|p2a: Ogerpon
|-resisted|p2a: Ogerpon
|-damage|p2a: Ogerpon|65/100 brn
|
|t:|1779927602
|switch|p1a: The Bouncer|Meowscarada, M|72/100|[from] Flip Turn
|
|-damage|p2a: Ogerpon|59/100 brn|[from] brn
|upkeep
|turn|18
|
|t:|1779927609
|move|p1a: The Bouncer|U-turn|p2a: Ogerpon
|-start|p1a: The Bouncer|typechange|Bug|[from] ability: Protean
|-supereffective|p2a: Ogerpon
|-damage|p2a: Ogerpon|0 fnt
|faint|p2a: Ogerpon
|
|t:|1779927618
|switch|p1a: Fih|Alomomola, F|100/100 par|[from] U-turn
|
|upkeep
|
|t:|1779927623
|switch|p2a: Weezing|Weezing-Galar, M|100/100
|-ability|p2a: Weezing|Neutralizing Gas
|turn|19
|
|t:|1779927628
|move|p2a: Weezing|Sludge Bomb|p1a: Fih
|-damage|p1a: Fih|67/100 par
|cant|p1a: Fih|par
|
|-heal|p1a: Fih|73/100 par|[from] item: Leftovers
|upkeep
|turn|20
|c|☆metallettuce52|dude fuck this paralysis i'm getting so unlucky
|c|☆metallettuce52|lmao
|inactive|metallettuce52 has 120 seconds left.
|
|t:|1779927662
|move|p2a: Weezing|Sludge Bomb|p1a: Fih
|-damage|p1a: Fih|42/100 par
|move|p1a: Fih|Aqua Ring|p1a: Fih
|-start|p1a: Fih|Aqua Ring
|
|-heal|p1a: Fih|48/100 par|[from] item: Leftovers
|-heal|p1a: Fih|55/100 par|[from] Aqua Ring
|upkeep
|turn|21
|c|☆JuanCaGonzalez|xD
|inactive|metallettuce52 has 120 seconds left.
|
|t:|1779927674
|move|p2a: Weezing|Sludge Bomb|p1a: Fih
|-damage|p1a: Fih|24/100 par
|cant|p1a: Fih|par
|
|-heal|p1a: Fih|30/100 par|[from] item: Leftovers
|-heal|p1a: Fih|36/100 par|[from] Aqua Ring
|upkeep
|turn|22
|inactive|metallettuce52 has 120 seconds left.
|c|☆metallettuce52|AGAIN
|c|☆metallettuce52|WHY LMFAO
|
|t:|1779927692
|move|p2a: Weezing|Sludge Bomb|p1a: Fih
|-damage|p1a: Fih|5/100 par
|move|p1a: Fih|Flip Turn|p2a: Weezing
|-damage|p2a: Weezing|89/100
|
|t:|1779927702
|switch|p1a: Doug|Arcanine-Hisui, M|100/100|[from] Flip Turn
|
|-heal|p2a: Weezing|95/100|[from] item: Leftovers
|upkeep
|turn|23
|
|t:|1779927724
|move|p1a: Doug|Psychic Fangs|p2a: Weezing
|-supereffective|p2a: Weezing
|-crit|p2a: Weezing
|-damage|p2a: Weezing|15/100
|move|p2a: Weezing|Pain Split|p1a: Doug
|-sethp|p1a: Doug|58/100|[from] move: Pain Split|[silent]
|-sethp|p2a: Weezing|58/100|[from] move: Pain Split
|
|-heal|p2a: Weezing|64/100|[from] item: Leftovers
|upkeep
|turn|24
|inactive|metallettuce52 has 120 seconds left.
|
|t:|1779927741
|switch|p1a: The Bouncer|Meowscarada, M|72/100
|-end|p2a: Weezing|ability: Neutralizing Gas
|switch|p2a: Corviknight|Corviknight, F|98/100
|-ability|p2a: Corviknight|Pressure
|
|-heal|p2a: Corviknight|100/100|[from] item: Leftovers
|upkeep
|turn|25
|
|t:|1779927753
|move|p1a: The Bouncer|Triple Axel|p2a: Corviknight
|-start|p1a: The Bouncer|typechange|Ice|[from] ability: Protean
|-crit|p2a: Corviknight
|-damage|p2a: Corviknight|83/100
|-damage|p2a: Corviknight|62/100
|-crit|p2a: Corviknight
|-damage|p2a: Corviknight|7/100
|-hitcount|p2a: Corviknight|3
|move|p2a: Corviknight|U-turn|p1a: The Bouncer
|-damage|p1a: The Bouncer|51/100
|inactive|JuanCaGonzalez has 120 seconds left.
|
|t:|1779927764
|switch|p2a: Darkrai|Darkrai|66/100 psn|[from] U-turn
|
|-damage|p2a: Darkrai|54/100 psn|[from] psn
|upkeep
|turn|26
|inactive|metallettuce52 has 120 seconds left.
|
|t:|1779927778
|move|p2a: Darkrai|Focus Blast|p1a: The Bouncer
|-supereffective|p1a: The Bouncer
|-damage|p1a: The Bouncer|0 fnt
|faint|p1a: The Bouncer
|
|-damage|p2a: Darkrai|41/100 psn|[from] psn
|upkeep
|
|t:|1779927785
|switch|p1a: Fih|Alomomola, F|5/100 par
|turn|27
|
|t:|1779927790
|switch|p1a: Assreaper|Oricorio-Sensu, F|100/100
|move|p2a: Darkrai|Focus Blast|p1a: Assreaper
|-immune|p1a: Assreaper
|
|-damage|p2a: Darkrai|29/100 psn|[from] psn
|upkeep
|turn|28
|
|t:|1779927806
|switch|p2a: Weezing|Weezing-Galar, M|64/100
|-ability|p2a: Weezing|Neutralizing Gas
|-terastallize|p1a: Assreaper|Fairy
|move|p1a: Assreaper|Quiver Dance|p1a: Assreaper
|-boost|p1a: Assreaper|spa|1
|-boost|p1a: Assreaper|spd|1
|-boost|p1a: Assreaper|spe|1
|
|-heal|p2a: Weezing|70/100|[from] item: Leftovers
|upkeep
|turn|29
|
|t:|1779927828
|move|p1a: Assreaper|Quiver Dance|p1a: Assreaper
|-boost|p1a: Assreaper|spa|1
|-boost|p1a: Assreaper|spd|1
|-boost|p1a: Assreaper|spe|1
|move|p2a: Weezing|Sludge Bomb|p1a: Assreaper
|-supereffective|p1a: Assreaper
|-damage|p1a: Assreaper|64/100
|
|-heal|p1a: Assreaper|71/100|[from] item: Leftovers
|-heal|p2a: Weezing|76/100|[from] item: Leftovers
|upkeep
|turn|30
|
|t:|1779927840
|move|p1a: Assreaper|Hurricane|p2a: Weezing
|-damage|p2a: Weezing|0 fnt
|faint|p2a: Weezing
|-end|p2a: Weezing|ability: Neutralizing Gas
|
|-heal|p1a: Assreaper|77/100|[from] item: Leftovers
|upkeep
|
|t:|1779927848
|switch|p2a: Darkrai|Darkrai|29/100 psn
|turn|31
|
|t:|1779927854
|move|p2a: Darkrai|Trick|p1a: Assreaper
|-activate|p2a: Darkrai|move: Trick|[of] p1a: Assreaper
|-item|p1a: Assreaper|Choice Scarf|[from] move: Trick
|-item|p2a: Darkrai|Leftovers|[from] move: Trick
|move|p1a: Assreaper|Revelation Dance|p2a: Darkrai
|-supereffective|p2a: Darkrai
|-damage|p2a: Darkrai|0 fnt
|faint|p2a: Darkrai
|
|upkeep
|
|t:|1779927870
|switch|p2a: Alomomola|Alomomola, M|47/100 brn
|turn|32
|
|t:|1779927884
|move|p1a: Assreaper|Revelation Dance|p2a: Alomomola
|-damage|p2a: Alomomola|16/100 brn
|move|p2a: Alomomola|Body Slam|p1a: Assreaper
|-damage|p1a: Assreaper|70/100
|
|-damage|p2a: Alomomola|10/100 brn|[from] brn
|upkeep
|turn|33
|inactive|JuanCaGonzalez has 120 seconds left.
|
|t:|1779927905
|move|p2a: Alomomola|Aqua Jet|p1a: Assreaper
|-damage|p1a: Assreaper|65/100
|move|p1a: Assreaper|Revelation Dance|p2a: Alomomola
|-damage|p2a: Alomomola|0 fnt
|faint|p2a: Alomomola
|
|upkeep
|-message|JuanCaGonzalez forfeited.
|
|win|metallettuce52
|raw|metallettuce52's rating: 1186 &rarr; <strong>1214</strong><br />(+28 for winning)
|raw|JuanCaGonzalez's rating: 1225 &rarr; <strong>1197</strong><br />(-28 for losing)
|l|☆JuanCaGonzalez
|player|p2|
|l|☆metallettuce52
|player|p1|
