|j|☆SAURHEAD and PAIN
|j|☆Hiybrid
|t:|1779919228
|gametype|singles
|player|p1|SAURHEAD and PAIN|byron|1426
|player|p2|Hiybrid|102|1392
|gen|9
|tier|[Gen 9] OU
|rated|
|rule|HP Percentage Mod: HP is shown in percentages
|rule|Endless Battle Clause: Forcing endless battles is banned
|rule|Species Clause: Limit one of each Pokémon
|rule|OHKO Clause: OHKO moves are banned
|rule|Evasion Items Clause: Evasion items are banned
|rule|Evasion Moves Clause: Evasion moves are banned
|rule|Evasion Abilities Clause: Evasion abilities are banned
|rule|Sleep Moves Clause: Sleep-inducing moves are banned
|clearpoke
|poke|p1|Regieleki|
|poke|p1|Grafaiai, M|
|poke|p1|Corviknight, F|
|poke|p1|Zamazenta-*|
|poke|p1|Alomomola, M|
|poke|p1|Gliscor, M|
|poke|p2|Dragonite, F|
|poke|p2|Rillaboom, F|
|poke|p2|Cinderace, M|
|poke|p2|Regieleki|
|poke|p2|Great Tusk|
|poke|p2|Iron Crown|
|teampreview
|inactive|Battle timer is ON: inactive players will automatically lose when time's up. (requested by SAURHEAD and PAIN)
|
|t:|1779919250
|teamsize|p1|6
|teamsize|p2|6
|start
|switch|p1a: PROUDEST MONKEY|Grafaiai, M|100/100
|switch|p2a: Rillaboom|Rillaboom, F|100/100
|-fieldstart|move: Grassy Terrain|[from] ability: Grassy Surge|[of] p2a: Rillaboom
|turn|1
|inactive|SAURHEAD and PAIN has 120 seconds left.
|
|t:|1779919285
|move|p1a: PROUDEST MONKEY|U-turn|p2a: Rillaboom
|-supereffective|p2a: Rillaboom
|-damage|p2a: Rillaboom|64/100
|inactive|SAURHEAD and PAIN has 120 seconds left.
|
|t:|1779919294
|switch|p1a: 78 BIRDS|Corviknight, F|100/100|[from] U-turn
|-ability|p1a: 78 BIRDS|Pressure
|move|p2a: Rillaboom|U-turn|p1a: 78 BIRDS
|-resisted|p1a: 78 BIRDS
|-damage|p1a: 78 BIRDS|94/100
|-damage|p2a: Rillaboom|48/100|[from] item: Rocky Helmet|[of] p1a: 78 BIRDS
|
|t:|1779919312
|switch|p2a: Cinderace|Cinderace, M|100/100|[from] U-turn
|
|upkeep
|turn|2
|
|t:|1779919317
|switch|p1a: THE FISH|Alomomola, M|100/100
|move|p2a: Cinderace|Will-O-Wisp|p1a: THE FISH
|-status|p1a: THE FISH|brn
|
|-damage|p1a: THE FISH|94/100 brn|[from] brn
|upkeep
|turn|3
|
|t:|1779919331
|move|p2a: Cinderace|U-turn|p1a: THE FISH
|-damage|p1a: THE FISH|81/100 brn
|
|t:|1779919338
|switch|p2a: Rillaboom|Rillaboom, F|48/100|[from] U-turn
|move|p1a: THE FISH|Flip Turn|p2a: Rillaboom
|-resisted|p2a: Rillaboom
|-damage|p2a: Rillaboom|44/100
|
|t:|1779919356
|switch|p1a: SOFA KING|Gliscor, M|100/100|[from] Flip Turn
|
|-heal|p2a: Rillaboom|50/100|[from] Grassy Terrain
|-status|p1a: SOFA KING|tox|[from] item: Toxic Orb
|upkeep
|turn|4
|
|t:|1779919373
|move|p1a: SOFA KING|Protect|p1a: SOFA KING
|-singleturn|p1a: SOFA KING|Protect
|move|p2a: Rillaboom|Grassy Glide|p1a: SOFA KING
|-activate|p1a: SOFA KING|move: Protect
|
|-heal|p2a: Rillaboom|56/100|[from] Grassy Terrain
|upkeep
|turn|5
|
|t:|1779919381
|switch|p1a: 78 BIRDS|Corviknight, F|94/100
|-ability|p1a: 78 BIRDS|Pressure
|move|p2a: Rillaboom|Grassy Glide|p1a: 78 BIRDS
|-resisted|p1a: 78 BIRDS
|-damage|p1a: 78 BIRDS|84/100
|-damage|p2a: Rillaboom|40/100|[from] item: Rocky Helmet|[of] p1a: 78 BIRDS
|
|-heal|p2a: Rillaboom|46/100|[from] Grassy Terrain
|-fieldend|move: Grassy Terrain
|upkeep
|turn|6
|
|t:|1779919392
|switch|p2a: Regieleki|Regieleki|100/100
|move|p1a: 78 BIRDS|U-turn|p2a: Regieleki
|-damage|p2a: Regieleki|70/100
|
|t:|1779919397
|switch|p1a: SOFA KING|Gliscor, M|100/100 tox|[from] U-turn
|
|upkeep
|turn|7
|
|t:|1779919407
|switch|p2a: Great Tusk|Great Tusk|100/100
|move|p1a: SOFA KING|Knock Off|p2a: Great Tusk
|-resisted|p2a: Great Tusk
|-damage|p2a: Great Tusk|95/100
|-enditem|p2a: Great Tusk|Leftovers|[from] move: Knock Off|[of] p1a: SOFA KING
|
|upkeep
|turn|8
|
|t:|1779919418
|move|p1a: SOFA KING|Protect|p1a: SOFA KING
|-singleturn|p1a: SOFA KING|Protect
|move|p2a: Great Tusk|Bulk Up|p2a: Great Tusk
|-boost|p2a: Great Tusk|atk|1
|-boost|p2a: Great Tusk|def|1
|
|upkeep
|turn|9
|
|t:|1779919439
|switch|p1a: PROUDEST MONKEY|Grafaiai, M|100/100
|move|p2a: Great Tusk|Ice Spinner|p1a: PROUDEST MONKEY
|-damage|p1a: PROUDEST MONKEY|40/100
|
|upkeep
|turn|10
|
|t:|1779919449
|move|p1a: PROUDEST MONKEY|Switcheroo|p2a: Great Tusk
|-activate|p1a: PROUDEST MONKEY|move: Trick|[of] p2a: Great Tusk
|-item|p2a: Great Tusk|Ring Target|[from] move: Switcheroo
|-enditem|p1a: PROUDEST MONKEY|Ring Target|[silent]|[from] move: Switcheroo
|move|p2a: Great Tusk|Ice Spinner|p1a: PROUDEST MONKEY
|-damage|p1a: PROUDEST MONKEY|0 fnt
|faint|p1a: PROUDEST MONKEY
|
|upkeep
|
|t:|1779919453
|switch|p1a: BLOOD AND THUNDER|Regieleki|100/100
|turn|11
|c|☆Hiybrid|lol
|
|t:|1779919474
|-terastallize|p2a: Great Tusk|Steel
|move|p1a: BLOOD AND THUNDER|Thunderbolt|p2a: Great Tusk
|-damage|p2a: Great Tusk|0 fnt
|faint|p2a: Great Tusk
|-end|p2a: Great Tusk|Protosynthesis|[silent]
|
|upkeep
|c|☆Hiybrid|oop
|
|t:|1779919486
|switch|p2a: Dragonite|Dragonite, F, shiny|100/100
|turn|12
|
|t:|1779919496
|switch|p1a: 78 BIRDS|Corviknight, F|84/100
|-ability|p1a: 78 BIRDS|Pressure
|move|p2a: Dragonite|Scale Shot|p1a: 78 BIRDS
|-resisted|p1a: 78 BIRDS
|-damage|p1a: 78 BIRDS|79/100
|-resisted|p1a: 78 BIRDS
|-damage|p1a: 78 BIRDS|74/100
|-resisted|p1a: 78 BIRDS
|-damage|p1a: 78 BIRDS|70/100
|-resisted|p1a: 78 BIRDS
|-damage|p1a: 78 BIRDS|65/100
|-hitcount|p1a: 78 BIRDS|4
|-unboost|p2a: Dragonite|def|1
|-boost|p2a: Dragonite|spe|1
|
|upkeep
|turn|13
|
|t:|1779919508
|move|p2a: Dragonite|Dragon Dance|p2a: Dragonite
|-boost|p2a: Dragonite|atk|1
|-boost|p2a: Dragonite|spe|1
|move|p1a: 78 BIRDS|Brave Bird|p2a: Dragonite
|-damage|p2a: Dragonite|70/100
|-damage|p1a: 78 BIRDS|57/100|[from] Recoil
|
|upkeep
|turn|14
|
|t:|1779919515
|move|p2a: Dragonite|Fire Punch|p1a: 78 BIRDS
|-supereffective|p1a: 78 BIRDS
|-damage|p1a: 78 BIRDS|0 fnt
|-damage|p2a: Dragonite|53/100|[from] item: Rocky Helmet|[of] p1a: 78 BIRDS
|faint|p1a: 78 BIRDS
|
|upkeep
|
|t:|1779919525
|switch|p1a: DOGTOOTH|Zamazenta|100/100
|-ability|p1a: DOGTOOTH|Dauntless Shield|boost
|-boost|p1a: DOGTOOTH|def|1
|turn|15
|
|t:|1779919535
|move|p2a: Dragonite|Scale Shot|p1a: DOGTOOTH
|-damage|p1a: DOGTOOTH|87/100
|-damage|p1a: DOGTOOTH|72/100
|-damage|p1a: DOGTOOTH|58/100
|-damage|p1a: DOGTOOTH|44/100
|-hitcount|p1a: DOGTOOTH|4
|-unboost|p2a: Dragonite|def|1
|-boost|p2a: Dragonite|spe|1
|move|p1a: DOGTOOTH|Stone Edge|p2a: Dragonite
|-supereffective|p2a: Dragonite
|-damage|p2a: Dragonite|0 fnt
|faint|p2a: Dragonite
|
|upkeep
|
|t:|1779919543
|switch|p2a: Regieleki|Regieleki|70/100
|turn|16
|
|t:|1779919547
|switch|p1a: SOFA KING|Gliscor, M|100/100 tox
|move|p2a: Regieleki|Thunderbolt|p1a: SOFA KING
|-immune|p1a: SOFA KING
|
|upkeep
|turn|17
|
|t:|1779919562
|switch|p2a: Rillaboom|Rillaboom, F|46/100
|-fieldstart|move: Grassy Terrain|[from] ability: Grassy Surge|[of] p2a: Rillaboom
|move|p1a: SOFA KING|Swords Dance|p1a: SOFA KING
|-boost|p1a: SOFA KING|atk|2
|
|-heal|p2a: Rillaboom|52/100|[from] Grassy Terrain
|upkeep
|turn|18
|
|t:|1779919573
|move|p2a: Rillaboom|Wood Hammer|p1a: SOFA KING
|-damage|p1a: SOFA KING|0 fnt
|faint|p1a: SOFA KING
|-damage|p2a: Rillaboom|18/100|[from] Recoil
|
|-heal|p2a: Rillaboom|24/100|[from] Grassy Terrain
|upkeep
|
|t:|1779919580
|switch|p1a: DOGTOOTH|Zamazenta|44/100
|turn|19
|
|t:|1779919600
|switch|p2a: Iron Crown|Iron Crown|100/100
|move|p1a: DOGTOOTH|Close Combat|p2a: Iron Crown
|-damage|p2a: Iron Crown|4/100
|-unboost|p1a: DOGTOOTH|def|1
|-unboost|p1a: DOGTOOTH|spd|1
|
|-heal|p1a: DOGTOOTH|51/100|[from] Grassy Terrain
|-heal|p2a: Iron Crown|10/100|[from] Grassy Terrain
|upkeep
|turn|20
|
|t:|1779919607
|switch|p1a: THE FISH|Alomomola, M|100/100 brn
|move|p2a: Iron Crown|Future Sight|p1a: THE FISH
|-start|p2a: Iron Crown|move: Future Sight
|
|-heal|p2a: Iron Crown|16/100|[from] Grassy Terrain
|-damage|p1a: THE FISH|94/100 brn|[from] brn
|upkeep
|turn|21
|
|t:|1779919615
|move|p2a: Iron Crown|Focus Blast|p1a: THE FISH
|-damage|p1a: THE FISH|74/100 brn
|move|p1a: THE FISH|Flip Turn|p2a: Iron Crown
|-damage|p2a: Iron Crown|7/100
|
|t:|1779919618
|switch|p1a: BLOOD AND THUNDER|Regieleki|100/100|[from] Flip Turn
|
|-heal|p2a: Iron Crown|13/100|[from] Grassy Terrain
|-fieldend|move: Grassy Terrain
|upkeep
|turn|22
|
|t:|1779919644
|-terastallize|p1a: BLOOD AND THUNDER|Electric
|move|p1a: BLOOD AND THUNDER|Volt Switch|p2a: Iron Crown
|-damage|p2a: Iron Crown|0 fnt
|faint|p2a: Iron Crown
|-end|p2a: Iron Crown|Quark Drive|[silent]
|inactive|SAURHEAD and PAIN has 120 seconds left.
|
|t:|1779919662
|switch|p1a: THE FISH|Alomomola, M|100/100 brn|[from] Volt Switch
|
|-end|p1a: THE FISH|move: Future Sight
|-damage|p1a: THE FISH|74/100 brn
|-damage|p1a: THE FISH|67/100 brn|[from] brn
|upkeep
|
|t:|1779919672
|switch|p2a: Regieleki|Regieleki|70/100
|turn|23
|
|t:|1779919684
|move|p2a: Regieleki|Thunderbolt|p1a: THE FISH
|-supereffective|p1a: THE FISH
|-damage|p1a: THE FISH|0 fnt
|faint|p1a: THE FISH
|
|upkeep
|
|t:|1779919687
|switch|p1a: BLOOD AND THUNDER|Regieleki, tera:Electric|100/100
|turn|24
|
|t:|1779919702
|switch|p2a: Cinderace|Cinderace, M|100/100
|move|p1a: BLOOD AND THUNDER|Thunderbolt|p2a: Cinderace
|-damage|p2a: Cinderace|0 fnt
|faint|p2a: Cinderace
|
|upkeep
|
|t:|1779919704
|switch|p2a: Rillaboom|Rillaboom, F|24/100
|-fieldstart|move: Grassy Terrain|[from] ability: Grassy Surge|[of] p2a: Rillaboom
|turn|25
|
|t:|1779919715
|move|p1a: BLOOD AND THUNDER|Thunderbolt|p2a: Rillaboom
|-resisted|p2a: Rillaboom
|-damage|p2a: Rillaboom|0 fnt
|faint|p2a: Rillaboom
|
|upkeep
|
|t:|1779919718
|switch|p2a: Regieleki|Regieleki|70/100
|turn|26
|
|t:|1779919722
|move|p2a: Regieleki|Thunderbolt|p1a: BLOOD AND THUNDER
|-resisted|p1a: BLOOD AND THUNDER
|-damage|p1a: BLOOD AND THUNDER|31/100
|move|p1a: BLOOD AND THUNDER|Thunderbolt|p2a: Regieleki
|-resisted|p2a: Regieleki
|-damage|p2a: Regieleki|0 fnt
|faint|p2a: Regieleki
|
|win|SAURHEAD and PAIN
|raw|SAURHEAD and PAIN's rating: 1426 &rarr; <strong>1444</strong><br />(+18 for winning)
|raw|Hiybrid's rating: 1392 &rarr; <strong>1374</strong><br />(-18 for losing)
|l|☆Hiybrid
|player|p2|
|c|☆SAURHEAD and PAIN|gg
|l|☆SAURHEAD and PAIN
|player|p1|
