|j|☆riarley
|j|☆Navykinga
|t:|1779857237
|gametype|singles
|player|p1|riarley|102|1113
|player|p2|Navykinga|volkner|1089
|gen|9
|tier|[Gen 9] OU
|rated|
|rule|HP Percentage Mod: HP is shown in percentages
|rule|Endless Battle Clause: Forcing endless battles is banned
|rule|Species Clause: Limit one of each Pokémon
|rule|OHKO Clause: OHKO moves are banned
|rule|Evasion Items Clause: Evasion items are banned
|rule|Evasion Moves Clause: Evasion moves are banned
|rule|Evasion Abilities Clause: Evasion abilities are banned
|rule|Sleep Moves Clause: Sleep-inducing moves are banned
|clearpoke
|poke|p1|Corviknight, F|
|poke|p1|Slowking-Galar, M|
|poke|p1|Blissey, F|
|poke|p1|Dondozo, F|
|poke|p1|Kyurem|
|poke|p1|Great Tusk|
|poke|p2|Darkrai|
|poke|p2|Duraludon, M|
|poke|p2|Pecharunt|
|poke|p2|Mesprit|
|poke|p2|Probopass, M|
|poke|p2|Enamorus, F|
|teampreview
|
|t:|1779857245
|teamsize|p1|6
|teamsize|p2|6
|start
|switch|p1a: Great Tusk|Great Tusk|100/100
|switch|p2a: Mesprit|Mesprit, shiny|100/100
|turn|1
|
|t:|1779857250
|move|p1a: Great Tusk|Headlong Rush|p2a: Mesprit
|-immune|p2a: Mesprit|[from] ability: Levitate
|move|p2a: Mesprit|Psyshock|p1a: Great Tusk
|-supereffective|p1a: Great Tusk
|-damage|p1a: Great Tusk|24/100
|
|upkeep
|turn|2
|
|t:|1779857268
|-end|p1a: Great Tusk|Protosynthesis|[silent]
|switch|p1a: Blissey|Blissey, F|100/100
|move|p2a: Mesprit|Psyshock|p1a: Blissey
|-damage|p1a: Blissey|51/100
|
|upkeep
|turn|3
|
|t:|1779857273
|move|p2a: Mesprit|Psyshock|p1a: Blissey
|-damage|p1a: Blissey|8/100
|move|p1a: Blissey|Soft-Boiled|p1a: Blissey
|-heal|p1a: Blissey|58/100
|
|upkeep
|turn|4
|
|t:|1779857279
|switch|p1a: Corviknight|Corviknight, F|100/100
|-ability|p1a: Corviknight|Pressure
|move|p2a: Mesprit|Psyshock|p1a: Corviknight
|-resisted|p1a: Corviknight
|-damage|p1a: Corviknight|85/100
|
|upkeep
|turn|5
|
|t:|1779857285
|switch|p2a: Pecharunt|Pecharunt|100/100
|move|p1a: Corviknight|U-turn|p2a: Pecharunt
|-resisted|p2a: Pecharunt
|-damage|p2a: Pecharunt|99/100
|-damage|p1a: Corviknight|68/100|[from] item: Rocky Helmet|[of] p2a: Pecharunt
|
|t:|1779857293
|switch|p1a: Blissey|Blissey, F|58/100|[from] U-turn
|
|upkeep
|turn|6
|
|t:|1779857296
|move|p2a: Pecharunt|Parting Shot|p1a: Blissey
|-unboost|p1a: Blissey|atk|1
|-unboost|p1a: Blissey|spa|1
|
|t:|1779857302
|switch|p2a: Probopass|Probopass, M|100/100|[from] Parting Shot
|move|p1a: Blissey|Soft-Boiled|p1a: Blissey
|-heal|p1a: Blissey|100/100
|
|upkeep
|turn|7
|
|t:|1779857310
|switch|p1a: Dondozo|Dondozo, F|100/100
|move|p2a: Probopass|Stealth Rock|p1a: Dondozo
|-sidestart|p1: riarley|move: Stealth Rock
|
|upkeep
|turn|8
|
|t:|1779857318
|move|p2a: Probopass|Thunder Wave|p1a: Dondozo
|-status|p1a: Dondozo|par
|move|p1a: Dondozo|Curse|p1a: Dondozo
|-unboost|p1a: Dondozo|spe|1
|-boost|p1a: Dondozo|atk|1
|-boost|p1a: Dondozo|def|1
|
|upkeep
|turn|9
|
|t:|1779857323
|switch|p2a: Darkrai|Darkrai|100/100
|move|p1a: Dondozo|Waterfall|p2a: Darkrai
|-damage|p2a: Darkrai|45/100
|
|-heal|p2a: Darkrai|51/100|[from] item: Leftovers
|upkeep
|turn|10
|
|t:|1779857328
|switch|p1a: Blissey|Blissey, F|100/100
|move|p2a: Darkrai|Dark Pulse|p1a: Blissey
|-crit|p1a: Blissey
|-damage|p1a: Blissey|77/100
|
|-heal|p2a: Darkrai|57/100|[from] item: Leftovers
|upkeep
|turn|11
|
|t:|1779857333
|switch|p2a: Probopass|Probopass, M|100/100
|move|p1a: Blissey|Seismic Toss|p2a: Probopass
|-damage|p2a: Probopass|62/100
|
|-heal|p2a: Probopass|68/100|[from] item: Leftovers
|upkeep
|turn|12
|
|t:|1779857340
|switch|p1a: Dondozo|Dondozo, F|100/100 par
|-damage|p1a: Dondozo|88/100 par|[from] Stealth Rock
|move|p2a: Probopass|Body Press|p1a: Dondozo
|-damage|p1a: Dondozo|74/100 par
|
|-heal|p2a: Probopass|74/100|[from] item: Leftovers
|-heal|p1a: Dondozo|80/100 par|[from] item: Leftovers
|upkeep
|turn|13
|
|t:|1779857350
|switch|p2a: Pecharunt|Pecharunt|99/100
|cant|p1a: Dondozo|par
|
|-heal|p1a: Dondozo|86/100 par|[from] item: Leftovers
|upkeep
|turn|14
|
|t:|1779857353
|move|p2a: Pecharunt|Malignant Chain|p1a: Dondozo
|-damage|p1a: Dondozo|52/100 par
|move|p1a: Dondozo|Rest|p1a: Dondozo
|-status|p1a: Dondozo|slp|[from] move: Rest
|-heal|p1a: Dondozo|100/100 slp|[silent]
|
|upkeep
|turn|15
|
|t:|1779857357
|switch|p1a: Slowking|Slowking-Galar, M|100/100
|move|p2a: Pecharunt|Malignant Chain|p1a: Slowking
|-resisted|p1a: Slowking
|-damage|p1a: Slowking|89/100
|
|upkeep
|turn|16
|
|t:|1779857360
|move|p2a: Pecharunt|Parting Shot|p1a: Slowking
|-unboost|p1a: Slowking|atk|1
|-unboost|p1a: Slowking|spa|1
|
|t:|1779857363
|switch|p2a: Duraludon|Duraludon, M|100/100|[from] Parting Shot
|-prepare|p1a: Slowking|Chilly Reception|[premajor]
|move|p1a: Slowking|Chilly Reception|p1a: Slowking
|-weather|Snowscape
|
|t:|1779857367
|switch|p1a: Great Tusk|Great Tusk|24/100|[from] Chilly Reception
|
|-weather|Snowscape|[upkeep]
|upkeep
|turn|17
|
|t:|1779857371
|switch|p2a: Mesprit|Mesprit, shiny|100/100
|move|p1a: Great Tusk|Rapid Spin|p2a: Mesprit
|-damage|p2a: Mesprit|80/100
|-boost|p1a: Great Tusk|spe|1
|-sideend|p1: riarley|Stealth Rock|[from] move: Rapid Spin|[of] p1a: Great Tusk
|
|-weather|Snowscape|[upkeep]
|upkeep
|turn|18
|
|t:|1779857379
|-end|p1a: Great Tusk|Protosynthesis|[silent]
|switch|p1a: Slowking|Slowking-Galar, M|100/100
|move|p2a: Mesprit|U-turn|p1a: Slowking
|-damage|p1a: Slowking|84/100
|
|t:|1779857385
|switch|p2a: Darkrai|Darkrai|57/100|[from] U-turn
|
|-weather|Snowscape|[upkeep]
|-heal|p2a: Darkrai|63/100|[from] item: Leftovers
|upkeep
|turn|19
|
|t:|1779857387
|switch|p1a: Blissey|Blissey, F|77/100
|move|p2a: Darkrai|Substitute|p2a: Darkrai
|-start|p2a: Darkrai|Substitute
|-damage|p2a: Darkrai|38/100
|
|-weather|Snowscape|[upkeep]
|-heal|p2a: Darkrai|44/100|[from] item: Leftovers
|upkeep
|turn|20
|
|t:|1779857391
|move|p2a: Darkrai|Nasty Plot|p2a: Darkrai
|-boost|p2a: Darkrai|spa|2
|move|p1a: Blissey|Calm Mind|p1a: Blissey
|-boost|p1a: Blissey|spa|1
|-boost|p1a: Blissey|spd|1
|
|-weather|none
|-heal|p2a: Darkrai|50/100|[from] item: Leftovers
|upkeep
|turn|21
|
|t:|1779857398
|move|p2a: Darkrai|Nasty Plot|p2a: Darkrai
|-boost|p2a: Darkrai|spa|2
|move|p1a: Blissey|Soft-Boiled|p1a: Blissey
|-heal|p1a: Blissey|100/100
|
|-heal|p2a: Darkrai|56/100|[from] item: Leftovers
|upkeep
|turn|22
|
|t:|1779857400
|move|p2a: Darkrai|Nasty Plot|p2a: Darkrai
|-boost|p2a: Darkrai|spa|2
|move|p1a: Blissey|Calm Mind|p1a: Blissey
|-boost|p1a: Blissey|spa|1
|-boost|p1a: Blissey|spd|1
|
|-heal|p2a: Darkrai|62/100|[from] item: Leftovers
|upkeep
|turn|23
|
|t:|1779857404
|-terastallize|p2a: Darkrai|Poison
|move|p2a: Darkrai|Sludge Bomb|p1a: Blissey
|-damage|p1a: Blissey|62/100
|move|p1a: Blissey|Soft-Boiled|p1a: Blissey
|-heal|p1a: Blissey|100/100
|
|-heal|p2a: Darkrai|68/100|[from] item: Leftovers
|upkeep
|turn|24
|
|t:|1779857407
|move|p2a: Darkrai|Sludge Bomb|p1a: Blissey
|-damage|p1a: Blissey|63/100
|-status|p1a: Blissey|psn
|move|p1a: Blissey|Calm Mind|p1a: Blissey
|-boost|p1a: Blissey|spa|1
|-boost|p1a: Blissey|spd|1
|
|-heal|p2a: Darkrai|74/100|[from] item: Leftovers
|-damage|p1a: Blissey|50/100 psn|[from] psn
|upkeep
|turn|25
|
|t:|1779857411
|move|p2a: Darkrai|Sludge Bomb|p1a: Blissey
|-damage|p1a: Blissey|20/100 psn
|move|p1a: Blissey|Soft-Boiled|p1a: Blissey
|-heal|p1a: Blissey|70/100 psn
|
|-heal|p2a: Darkrai|80/100|[from] item: Leftovers
|-damage|p1a: Blissey|57/100 psn|[from] psn
|upkeep
|turn|26
|
|t:|1779857413
|move|p2a: Darkrai|Sludge Bomb|p1a: Blissey
|-damage|p1a: Blissey|29/100 psn
|move|p1a: Blissey|Seismic Toss|p2a: Darkrai
|-end|p2a: Darkrai|Substitute
|
|-heal|p2a: Darkrai|86/100|[from] item: Leftovers
|-damage|p1a: Blissey|16/100 psn|[from] psn
|upkeep
|turn|27
|
|t:|1779857417
|move|p2a: Darkrai|Sludge Bomb|p1a: Blissey
|-damage|p1a: Blissey|0 fnt
|faint|p1a: Blissey
|
|-heal|p2a: Darkrai|92/100|[from] item: Leftovers
|upkeep
|
|t:|1779857426
|switch|p1a: Slowking|Slowking-Galar, M|100/100
|turn|28
|
|t:|1779857431
|move|p2a: Darkrai|Dark Pulse|p1a: Slowking
|-supereffective|p1a: Slowking
|-damage|p1a: Slowking|0 fnt
|faint|p1a: Slowking
|
|-heal|p2a: Darkrai|98/100|[from] item: Leftovers
|upkeep
|
|t:|1779857435
|switch|p1a: Dondozo|Dondozo, F|100/100 slp
|turn|29
|
|t:|1779857438
|-terastallize|p1a: Dondozo|Grass
|move|p2a: Darkrai|Dark Pulse|p1a: Dondozo
|-damage|p1a: Dondozo|62/100 slp
|cant|p1a: Dondozo|slp
|cant|p1a: Dondozo|flinch
|
|-heal|p2a: Darkrai|100/100|[from] item: Leftovers
|-heal|p1a: Dondozo|68/100 slp|[from] item: Leftovers
|-damage|p1a: Dondozo|55/100 slp|[from] ability: Bad Dreams|[of] p2a: Darkrai
|upkeep
|turn|30
|
|t:|1779857442
|move|p2a: Darkrai|Sludge Bomb|p1a: Dondozo
|-supereffective|p1a: Dondozo
|-damage|p1a: Dondozo|0 fnt
|faint|p1a: Dondozo
|
|upkeep
|
|t:|1779857445
|switch|p1a: Kyurem|Kyurem|100/100
|-ability|p1a: Kyurem|Pressure
|turn|31
|
|t:|1779857449
|move|p2a: Darkrai|Sludge Bomb|p1a: Kyurem
|-damage|p1a: Kyurem|0 fnt
|faint|p1a: Kyurem
|
|upkeep
|-message|riarley forfeited.
|
|win|Navykinga
|raw|riarley's rating: 1138 &rarr; <strong>1109</strong><br />(-29 for losing)
|raw|Navykinga's rating: 1089 &rarr; <strong>1119</strong><br />(+30 for winning)
|l|☆riarley
|player|p1|
|l|☆Navykinga
|player|p2|
