|j|☆perfecto123
|j|☆whisperingcloth
|t:|1779816451
|gametype|singles
|player|p1|perfecto123|1|1591
|player|p2|whisperingcloth|266|1601
|gen|9
|tier|[Gen 9] OU
|rated|
|rule|HP Percentage Mod: HP is shown in percentages
|rule|Endless Battle Clause: Forcing endless battles is banned
|rule|Species Clause: Limit one of each Pokémon
|rule|OHKO Clause: OHKO moves are banned
|rule|Evasion Items Clause: Evasion items are banned
|rule|Evasion Moves Clause: Evasion moves are banned
|rule|Evasion Abilities Clause: Evasion abilities are banned
|rule|Sleep Moves Clause: Sleep-inducing moves are banned
|clearpoke
|poke|p1|Ribombee, M|
|poke|p1|Quaquaval, M|
|poke|p1|Hydreigon, F|
|poke|p1|Iron Moth|
|poke|p1|Skeledirge, M|
|poke|p1|Ogerpon-Wellspring, F|
|poke|p2|Scizor, M|
|poke|p2|Deoxys-Speed|
|poke|p2|Garganacl, F|
|poke|p2|Hydreigon, F|
|poke|p2|Great Tusk|
|poke|p2|Zapdos|
|teampreview
|inactive|Battle timer is ON: inactive players will automatically lose when time's up. (requested by whisperingcloth)
|
|t:|1779816469
|teamsize|p1|6
|teamsize|p2|6
|start
|switch|p1a: Ogerpon|Ogerpon-Wellspring, F|100/100
|switch|p2a: Garganacl|Garganacl, F|100/100
|turn|1
|
|t:|1779816485
|move|p1a: Ogerpon|Ivy Cudgel|p2a: Garganacl|[anim] Ivy Cudgel Water
|-supereffective|p2a: Garganacl
|-damage|p2a: Garganacl|29/100
|move|p2a: Garganacl|Salt Cure|p1a: Ogerpon
|-damage|p1a: Ogerpon|82/100
|-start|p1a: Ogerpon|Salt Cure
|
|-heal|p2a: Garganacl|35/100|[from] item: Leftovers
|-damage|p1a: Ogerpon|57/100|[from] Salt Cure
|upkeep
|turn|2
|
|t:|1779816495
|move|p2a: Garganacl|Protect|p2a: Garganacl
|-singleturn|p2a: Garganacl|Protect
|move|p1a: Ogerpon|Swords Dance|p1a: Ogerpon
|-boost|p1a: Ogerpon|atk|2
|
|-heal|p2a: Garganacl|41/100|[from] item: Leftovers
|-damage|p1a: Ogerpon|32/100|[from] Salt Cure
|upkeep
|turn|3
|j| foxi4
|
|t:|1779816505
|-terastallize|p2a: Garganacl|Water
|move|p1a: Ogerpon|Trailblaze|p2a: Garganacl
|-supereffective|p2a: Garganacl
|-damage|p2a: Garganacl|0 fnt
|-boost|p1a: Ogerpon|spe|1
|faint|p2a: Garganacl
|
|-damage|p1a: Ogerpon|7/100|[from] Salt Cure
|upkeep
|
|t:|1779816509
|switch|p2a: Scizor|Scizor, M|100/100
|turn|4
|
|t:|1779816515
|move|p2a: Scizor|Bullet Punch|p1a: Ogerpon
|-resisted|p1a: Ogerpon
|-damage|p1a: Ogerpon|0 fnt
|faint|p1a: Ogerpon
|
|upkeep
|
|t:|1779816520
|switch|p1a: Skeledirge|Skeledirge, M|100/100
|turn|5
|
|t:|1779816540
|switch|p2a: Zapdos|Zapdos|100/100
|move|p1a: Skeledirge|Torch Song|p2a: Zapdos
|-damage|p2a: Zapdos|61/100
|-boost|p1a: Skeledirge|spa|1
|
|upkeep
|turn|6
|
|t:|1779816550
|move|p2a: Zapdos|Volt Switch|p1a: Skeledirge
|-crit|p1a: Skeledirge
|-damage|p1a: Skeledirge|50/100
|
|t:|1779816553
|switch|p2a: Hydreigon|Hydreigon, F|100/100|[from] Volt Switch
|move|p1a: Skeledirge|Torch Song|p2a: Hydreigon
|-resisted|p2a: Hydreigon
|-damage|p2a: Hydreigon|63/100
|-boost|p1a: Skeledirge|spa|1
|
|-heal|p1a: Skeledirge|56/100|[from] item: Leftovers
|upkeep
|turn|7
|
|t:|1779816566
|-terastallize|p1a: Skeledirge|Fairy
|move|p2a: Hydreigon|Dark Pulse|p1a: Skeledirge
|-resisted|p1a: Skeledirge
|-damage|p1a: Skeledirge|19/100
|move|p1a: Skeledirge|Alluring Voice|p2a: Hydreigon
|-supereffective|p2a: Hydreigon
|-damage|p2a: Hydreigon|0 fnt
|faint|p2a: Hydreigon
|
|-heal|p1a: Skeledirge|25/100|[from] item: Leftovers
|upkeep
|
|t:|1779816576
|switch|p2a: Scizor|Scizor, M|100/100
|turn|8
|
|t:|1779816584
|switch|p1a: Quaquaval|Quaquaval, M|100/100
|move|p2a: Scizor|Bullet Punch|p1a: Quaquaval
|-resisted|p1a: Quaquaval
|-damage|p1a: Quaquaval|69/100
|
|-heal|p1a: Quaquaval|75/100|[from] item: Leftovers
|upkeep
|turn|9
|
|t:|1779816591
|switch|p2a: Zapdos|Zapdos|61/100
|move|p1a: Quaquaval|Aqua Step|p2a: Zapdos
|-damage|p2a: Zapdos|31/100
|-boost|p1a: Quaquaval|spe|1
|
|-heal|p1a: Quaquaval|81/100|[from] item: Leftovers
|upkeep
|turn|10
|
|t:|1779816601
|move|p1a: Quaquaval|Triple Axel|p2a: Zapdos
|-supereffective|p2a: Zapdos
|-damage|p2a: Zapdos|20/100
|-status|p1a: Quaquaval|par|[from] ability: Static|[of] p2a: Zapdos
|-supereffective|p2a: Zapdos
|-damage|p2a: Zapdos|0 fnt
|faint|p2a: Zapdos
|-ability|p1a: Quaquaval|Moxie|boost
|-boost|p1a: Quaquaval|atk|1
|-hitcount|p2: Zapdos|2
|
|-heal|p1a: Quaquaval|87/100 par|[from] item: Leftovers
|upkeep
|
|t:|1779816605
|switch|p2a: Deoxys|Deoxys-Speed|100/100
|-ability|p2a: Deoxys|Pressure
|turn|11
|
|t:|1779816615
|move|p2a: Deoxys|Psycho Boost|p1a: Quaquaval
|-supereffective|p1a: Quaquaval
|-damage|p1a: Quaquaval|0 fnt
|-unboost|p2a: Deoxys|spa|2
|faint|p1a: Quaquaval
|-enditem|p2a: Deoxys|Eject Pack
|
|t:|1779816630
|switch|p2a: Scizor|Scizor, M|100/100
|
|upkeep
|
|t:|1779816635
|switch|p1a: Iron Moth|Iron Moth|100/100
|-enditem|p1a: Iron Moth|Booster Energy
|-activate|p1a: Iron Moth|ability: Quark Drive|[fromitem]
|-start|p1a: Iron Moth|quarkdrivespa
|turn|12
|
|t:|1779816648
|switch|p2a: Great Tusk|Great Tusk|100/100
|move|p1a: Iron Moth|Fiery Dance|p2a: Great Tusk
|-damage|p2a: Great Tusk|0 fnt
|-boost|p1a: Iron Moth|spa|1
|faint|p2a: Great Tusk
|-end|p2a: Great Tusk|Protosynthesis|[silent]
|
|upkeep
|
|t:|1779816651
|switch|p2a: Deoxys|Deoxys-Speed|100/100
|-ability|p2a: Deoxys|Pressure
|turn|13
|
|t:|1779816660
|-end|p1a: Iron Moth|Quark Drive|[silent]
|switch|p1a: Skeledirge|Skeledirge, M, tera:Fairy|25/100
|move|p2a: Deoxys|Psycho Boost|p1a: Skeledirge
|-damage|p1a: Skeledirge|0 fnt
|-unboost|p2a: Deoxys|spa|2
|faint|p1a: Skeledirge
|
|upkeep
|
|t:|1779816668
|switch|p1a: Hydreigon|Hydreigon, F|100/100
|turn|14
|
|t:|1779816695
|switch|p2a: Scizor|Scizor, M|100/100
|move|p1a: Hydreigon|Dark Pulse|p2a: Scizor
|-damage|p2a: Scizor|19/100
|-damage|p1a: Hydreigon|91/100|[from] item: Life Orb
|
|upkeep
|turn|15
|
|t:|1779816703
|move|p2a: Scizor|Bullet Punch|p1a: Hydreigon
|-crit|p1a: Hydreigon
|-damage|p1a: Hydreigon|5/100
|move|p1a: Hydreigon|Dark Pulse|p2a: Scizor
|-damage|p2a: Scizor|0 fnt
|faint|p2a: Scizor
|-damage|p1a: Hydreigon|0 fnt|[from] item: Life Orb
|faint|p1a: Hydreigon
|
|upkeep
|
|t:|1779816712
|switch|p1a: Ribombee|Ribombee, M|100/100
|switch|p2a: Deoxys|Deoxys-Speed|100/100
|-ability|p2a: Deoxys|Pressure
|turn|16
|
|t:|1779816717
|move|p2a: Deoxys|Ice Beam|p1a: Ribombee
|-damage|p1a: Ribombee|54/100
|move|p1a: Ribombee|Tailwind|p1a: Ribombee
|-sidestart|p1: perfecto123|move: Tailwind
|
|upkeep
|turn|17
|
|t:|1779816723
|move|p1a: Ribombee|Stun Spore|p2a: Deoxys
|-status|p2a: Deoxys|par
|move|p2a: Deoxys|Knock Off|p1a: Ribombee
|-resisted|p1a: Ribombee
|-damage|p1a: Ribombee|30/100
|-enditem|p1a: Ribombee|Focus Sash|[from] move: Knock Off|[of] p2a: Deoxys
|
|upkeep
|turn|18
|
|t:|1779816730
|move|p1a: Ribombee|Moonblast|p2a: Deoxys
|-damage|p2a: Deoxys|31/100 par
|move|p2a: Deoxys|Knock Off|p1a: Ribombee
|-resisted|p1a: Ribombee
|-damage|p1a: Ribombee|12/100
|
|upkeep
|turn|19
|-message|whisperingcloth forfeited.
|
|t:|1779816735
|move|p1a: Ribombee|Moonblast|p2a: Deoxys
|-damage|p2a: Deoxys|0 fnt
|faint|p2a: Deoxys
|
|win|perfecto123
|raw|perfecto123's rating: 1591 &rarr; <strong>1612</strong><br />(+21 for winning)
|raw|whisperingcloth's rating: 1601 &rarr; <strong>1580</strong><br />(-21 for losing)
|l|☆whisperingcloth
|player|p2|
