|j|☆mintyfresh48
|j|☆kypsyo
|t:|1779916781
|gametype|singles
|player|p1|mintyfresh48|mallow-masters|1085
|player|p2|kypsyo|1|1066
|gen|9
|tier|[Gen 9] OU
|rated|
|rule|HP Percentage Mod: HP is shown in percentages
|rule|Endless Battle Clause: Forcing endless battles is banned
|rule|Species Clause: Limit one of each Pokémon
|rule|OHKO Clause: OHKO moves are banned
|rule|Evasion Items Clause: Evasion items are banned
|rule|Evasion Moves Clause: Evasion moves are banned
|rule|Evasion Abilities Clause: Evasion abilities are banned
|rule|Sleep Moves Clause: Sleep-inducing moves are banned
|clearpoke
|poke|p1|Samurott-Hisui, M|
|poke|p1|Arcanine-Hisui, M|
|poke|p1|Great Tusk|
|poke|p1|Rillaboom, F|
|poke|p1|Hatterene, F|
|poke|p1|Regieleki|
|poke|p2|Ceruledge, F|
|poke|p2|Dragapult, F|
|poke|p2|Deoxys-Speed|
|poke|p2|Tyranitar, F|
|poke|p2|Ribombee, F|
|poke|p2|Iron Hands|
|teampreview
|
|t:|1779916797
|teamsize|p1|6
|teamsize|p2|6
|start
|switch|p1a: Hatterene|Hatterene, F|100/100
|switch|p2a: Ribombee|Ribombee, F|100/100
|turn|1
|
|t:|1779916805
|move|p2a: Ribombee|Sticky Web|p1a: Hatterene
|move|p1a: Hatterene|Sticky Web|p2a: Ribombee|[from] ability: Magic Bounce
|-sidestart|p2: kypsyo|move: Sticky Web
|move|p1a: Hatterene|Nuzzle|p2a: Ribombee
|-damage|p2a: Ribombee|94/100
|-status|p2a: Ribombee|par
|
|upkeep
|turn|2
|
|t:|1779916818
|move|p2a: Ribombee|Fake Tears|p1a: Hatterene
|move|p1a: Hatterene|Fake Tears|p2a: Ribombee|[from] ability: Magic Bounce
|-unboost|p2a: Ribombee|spd|2
|move|p1a: Hatterene|Calm Mind|p1a: Hatterene
|-boost|p1a: Hatterene|spa|1
|-boost|p1a: Hatterene|spd|1
|
|upkeep
|turn|3
|
|t:|1779916834
|move|p2a: Ribombee|Moonblast|p1a: Hatterene
|-damage|p1a: Hatterene|78/100
|-unboost|p1a: Hatterene|spa|1
|move|p1a: Hatterene|Psychic|p2a: Ribombee
|-damage|p2a: Ribombee|0 fnt
|faint|p2a: Ribombee
|
|-heal|p1a: Hatterene|84/100|[from] item: Leftovers
|upkeep
|
|t:|1779916845
|switch|p2a: Iron Hands|Iron Hands|100/100
|-activate|p2a: Iron Hands|move: Sticky Web
|-unboost|p2a: Iron Hands|spe|1
|turn|4
|
|t:|1779916857
|move|p1a: Hatterene|Psychic|p2a: Iron Hands
|-supereffective|p2a: Iron Hands
|-damage|p2a: Iron Hands|0 fnt
|faint|p2a: Iron Hands
|-end|p2a: Iron Hands|Quark Drive|[silent]
|
|-heal|p1a: Hatterene|90/100|[from] item: Leftovers
|upkeep
|
|t:|1779916864
|switch|p2a: Deoxys|Deoxys-Speed|100/100
|-activate|p2a: Deoxys|move: Sticky Web
|-unboost|p2a: Deoxys|spe|1
|-ability|p2a: Deoxys|Pressure
|turn|5
|
|t:|1779916874
|move|p2a: Deoxys|Ice Beam|p1a: Hatterene
|-damage|p1a: Hatterene|68/100
|move|p1a: Hatterene|Nuzzle|p2a: Deoxys
|-damage|p2a: Deoxys|94/100
|-status|p2a: Deoxys|par
|
|-heal|p1a: Hatterene|73/100|[from] item: Leftovers
|upkeep
|turn|6
|
|t:|1779916886
|move|p2a: Deoxys|Calm Mind|p2a: Deoxys
|-boost|p2a: Deoxys|spa|1
|-boost|p2a: Deoxys|spd|1
|move|p1a: Hatterene|Calm Mind|p1a: Hatterene
|-boost|p1a: Hatterene|spa|1
|-boost|p1a: Hatterene|spd|1
|
|-heal|p1a: Hatterene|79/100|[from] item: Leftovers
|upkeep
|turn|7
|
|t:|1779916900
|cant|p2a: Deoxys|par
|move|p1a: Hatterene|Dazzling Gleam|p2a: Deoxys
|-damage|p2a: Deoxys|23/100 par
|
|-heal|p1a: Hatterene|85/100|[from] item: Leftovers
|upkeep
|turn|8
|
|t:|1779916903
|cant|p2a: Deoxys|par
|move|p1a: Hatterene|Dazzling Gleam|p2a: Deoxys
|-damage|p2a: Deoxys|0 fnt
|faint|p2a: Deoxys
|
|-heal|p1a: Hatterene|91/100|[from] item: Leftovers
|upkeep
|
|t:|1779916907
|switch|p2a: Dragapult|Dragapult, F|100/100
|-activate|p2a: Dragapult|move: Sticky Web
|-fail|p2a: Dragapult|unboost|[from] ability: Clear Body|[of] p2a: Dragapult
|turn|9
|
|t:|1779916917
|move|p2a: Dragapult|Flamethrower|p1a: Hatterene
|-damage|p1a: Hatterene|75/100
|move|p1a: Hatterene|Dazzling Gleam|p2a: Dragapult
|-supereffective|p2a: Dragapult
|-damage|p2a: Dragapult|0 fnt
|faint|p2a: Dragapult
|
|-heal|p1a: Hatterene|81/100|[from] item: Leftovers
|upkeep
|
|t:|1779916921
|switch|p2a: Ceruledge|Ceruledge, F|100/100
|-activate|p2a: Ceruledge|move: Sticky Web
|-unboost|p2a: Ceruledge|spe|1
|turn|10
|
|t:|1779916930
|move|p2a: Ceruledge|Bitter Blade|p1a: Hatterene
|-damage|p1a: Hatterene|0 fnt
|faint|p1a: Hatterene
|
|upkeep
|
|t:|1779916937
|switch|p1a: Regieleki|Regieleki|100/100
|turn|11
|
|t:|1779916941
|move|p1a: Regieleki|Volt Switch|p2a: Ceruledge
|-damage|p2a: Ceruledge|60/100
|
|t:|1779916945
|switch|p1a: Arcanine|Arcanine-Hisui, M|100/100|[from] Volt Switch
|move|p2a: Ceruledge|Bitter Blade|p1a: Arcanine
|-resisted|p1a: Arcanine
|-damage|p1a: Arcanine|76/100
|-heal|p2a: Ceruledge|74/100|[from] drain|[of] p1a: Arcanine
|
|upkeep
|turn|12
|
|t:|1779916948
|move|p1a: Arcanine|Head Smash|p2a: Ceruledge
|-supereffective|p2a: Ceruledge
|-damage|p2a: Ceruledge|0 fnt
|faint|p2a: Ceruledge
|
|upkeep
|
|t:|1779916950
|switch|p2a: Tyranitar|Tyranitar, F|100/100
|-activate|p2a: Tyranitar|move: Sticky Web
|-unboost|p2a: Tyranitar|spe|1
|-weather|Sandstorm|[from] ability: Sand Stream|[of] p2a: Tyranitar
|turn|13
|
|t:|1779916956
|move|p1a: Arcanine|Close Combat|p2a: Tyranitar
|-supereffective|p2a: Tyranitar
|-damage|p2a: Tyranitar|0 fnt
|-unboost|p1a: Arcanine|def|1
|-unboost|p1a: Arcanine|spd|1
|faint|p2a: Tyranitar
|-enditem|p1a: Arcanine|White Herb
|-clearnegativeboost|p1a: Arcanine|[silent]
|
|win|mintyfresh48
|raw|mintyfresh48's rating: 1085 &rarr; <strong>1111</strong><br />(+26 for winning)
|raw|kypsyo's rating: 1066 &rarr; <strong>1047</strong><br />(-19 for losing)
|l|☆kypsyo
|player|p2|
|c|☆mintyfresh48|Ggs
