|j|‽Jauk123
|j|☆RainyDream sky
|t:|1779894869
|gametype|singles
|player|p1|Jauk123|dawn|1505
|player|p2|RainyDream sky|dawn|1521
|gen|9
|tier|[Gen 9] OU
|rated|
|rule|HP Percentage Mod: HP is shown in percentages
|rule|Endless Battle Clause: Forcing endless battles is banned
|rule|Species Clause: Limit one of each Pokémon
|rule|OHKO Clause: OHKO moves are banned
|rule|Evasion Items Clause: Evasion items are banned
|rule|Evasion Moves Clause: Evasion moves are banned
|rule|Evasion Abilities Clause: Evasion abilities are banned
|rule|Sleep Moves Clause: Sleep-inducing moves are banned
|clearpoke
|poke|p1|Clodsire, M|
|poke|p1|Iron Moth|
|poke|p1|Raging Bolt|
|poke|p1|Rillaboom, M|
|poke|p1|Corviknight, M|
|poke|p1|Primarina, F|
|poke|p2|Pelipper, M|
|poke|p2|Sandy Shocks|
|poke|p2|Basculegion, M|
|poke|p2|Hatterene, F|
|poke|p2|Ogerpon-Wellspring, F|
|poke|p2|Tornadus-Therian, M|
|teampreview
|inactive|Battle timer is ON: inactive players will automatically lose when time's up. (requested by RainyDream sky)
|
|t:|1779894878
|teamsize|p1|6
|teamsize|p2|6
|start
|switch|p1a: Primarina|Primarina, F|100/100
|switch|p2a: Sandy Shocks|Sandy Shocks|100/100
|-enditem|p2a: Sandy Shocks|Booster Energy
|-activate|p2a: Sandy Shocks|ability: Protosynthesis|[fromitem]
|-start|p2a: Sandy Shocks|protosynthesisspe
|turn|1
|
|t:|1779894886
|switch|p1a: Clodsire|Clodsire, M|100/100
|move|p2a: Sandy Shocks|Thunderbolt|p1a: Clodsire
|-immune|p1a: Clodsire
|
|upkeep
|turn|2
|
|t:|1779894902
|move|p2a: Sandy Shocks|Stealth Rock|p1a: Clodsire
|-sidestart|p1: Jauk123|move: Stealth Rock
|move|p1a: Clodsire|Toxic|p2a: Sandy Shocks
|-status|p2a: Sandy Shocks|tox
|
|-damage|p2a: Sandy Shocks|94/100 tox|[from] psn
|upkeep
|turn|3
|
|t:|1779894909
|-end|p2a: Sandy Shocks|Protosynthesis|[silent]
|switch|p2a: Pelipper|Pelipper, M|100/100
|-weather|RainDance|[from] ability: Drizzle|[of] p2a: Pelipper
|move|p1a: Clodsire|High Horsepower|p2a: Pelipper
|-immune|p2a: Pelipper
|
|-weather|RainDance|[upkeep]
|upkeep
|turn|4
|
|t:|1779894915
|switch|p1a: Raging Bolt|Raging Bolt|100/100
|-damage|p1a: Raging Bolt|88/100|[from] Stealth Rock
|-enditem|p1a: Raging Bolt|Booster Energy
|-activate|p1a: Raging Bolt|ability: Protosynthesis|[fromitem]
|-start|p1a: Raging Bolt|protosynthesisspa
|move|p2a: Pelipper|Weather Ball|p1a: Raging Bolt
|-resisted|p1a: Raging Bolt
|-damage|p1a: Raging Bolt|68/100
|
|-weather|RainDance|[upkeep]
|upkeep
|turn|5
|
|t:|1779894921
|switch|p2a: Hatterene|Hatterene, F|100/100
|move|p1a: Raging Bolt|Calm Mind|p1a: Raging Bolt
|-boost|p1a: Raging Bolt|spa|1
|-boost|p1a: Raging Bolt|spd|1
|
|-weather|RainDance|[upkeep]
|upkeep
|turn|6
|
|t:|1779894933
|move|p1a: Raging Bolt|Thunderbolt|p2a: Hatterene
|-damage|p2a: Hatterene|0 fnt
|faint|p2a: Hatterene
|
|-weather|RainDance|[upkeep]
|upkeep
|
|t:|1779894939
|switch|p2a: Sandy Shocks|Sandy Shocks|94/100 tox
|turn|7
|
|t:|1779894952
|-end|p2a: Sandy Shocks|Protosynthesis|[silent]
|switch|p2a: Tornadus|Tornadus-Therian, M|100/100
|-terastallize|p1a: Raging Bolt|Fairy
|move|p1a: Raging Bolt|Dragon Pulse|p2a: Tornadus
|-damage|p2a: Tornadus|0 fnt
|faint|p2a: Tornadus
|
|-weather|RainDance|[upkeep]
|upkeep
|
|t:|1779894959
|switch|p2a: Ogerpon|Ogerpon-Wellspring, F|100/100
|turn|8
|
|t:|1779894965
|move|p1a: Raging Bolt|Thunderclap|p2a: Ogerpon
|-damage|p2a: Ogerpon|11/100
|move|p2a: Ogerpon|Ivy Cudgel|p1a: Raging Bolt|[anim] Ivy Cudgel Water
|-damage|p1a: Raging Bolt|0 fnt
|faint|p1a: Raging Bolt
|-end|p1a: Raging Bolt|Protosynthesis|[silent]
|
|-weather|RainDance|[upkeep]
|upkeep
|
|t:|1779894978
|switch|p1a: Rillaboom|Rillaboom, M|100/100
|-damage|p1a: Rillaboom|88/100|[from] Stealth Rock
|-fieldstart|move: Grassy Terrain|[from] ability: Grassy Surge|[of] p1a: Rillaboom
|turn|9
|
|t:|1779894983
|move|p1a: Rillaboom|Grassy Glide|p2a: Ogerpon
|-damage|p2a: Ogerpon|0 fnt
|faint|p2a: Ogerpon
|
|-weather|RainDance|[upkeep]
|-heal|p1a: Rillaboom|94/100|[from] Grassy Terrain
|upkeep
|
|t:|1779894986
|switch|p2a: Basculegion|Basculegion, M|100/100
|turn|10
|
|t:|1779894991
|move|p1a: Rillaboom|Grassy Glide|p2a: Basculegion
|-supereffective|p2a: Basculegion
|-damage|p2a: Basculegion|0 fnt
|faint|p2a: Basculegion
|
|-weather|none
|-heal|p1a: Rillaboom|100/100|[from] Grassy Terrain
|upkeep
|-message|RainyDream sky forfeited.
|
|win|Jauk123
|raw|Jauk123's rating: 1505 &rarr; <strong>1526</strong><br />(+21 for winning)
|raw|RainyDream sky's rating: 1521 &rarr; <strong>1500</strong><br />(-21 for losing)
|l|☆RainyDream sky
|player|p2|
|l|‽Jauk123
|player|p1|
