|j|☆UltraAero
|j|☆Bipface
|t:|1779911675
|gametype|singles
|player|p1|UltraAero|dawn-gen4pt|1324
|player|p2|Bipface|marshal|1291
|gen|9
|tier|[Gen 9] OU
|rated|
|rule|HP Percentage Mod: HP is shown in percentages
|rule|Endless Battle Clause: Forcing endless battles is banned
|rule|Species Clause: Limit one of each Pokémon
|rule|OHKO Clause: OHKO moves are banned
|rule|Evasion Items Clause: Evasion items are banned
|rule|Evasion Moves Clause: Evasion moves are banned
|rule|Evasion Abilities Clause: Evasion abilities are banned
|rule|Sleep Moves Clause: Sleep-inducing moves are banned
|clearpoke
|poke|p1|Cinderace, F|
|poke|p1|Vaporeon, F|
|poke|p1|Gliscor, M|
|poke|p1|Iron Valiant|
|poke|p1|Corviknight, F|
|poke|p1|Slowking-Galar, M|
|poke|p2|Blaziken, M|
|poke|p2|Venusaur, F|
|poke|p2|Cinderace, M|
|poke|p2|Walking Wake|
|poke|p2|Ninetales, M|
|poke|p2|Hatterene, F|
|teampreview
|inactive|Battle timer is ON: inactive players will automatically lose when time's up. (requested by Bipface)
|
|t:|1779911680
|teamsize|p1|6
|teamsize|p2|6
|start
|switch|p1a: Cinderace|Cinderace, F|100/100
|switch|p2a: Ninetales|Ninetales, M|100/100
|-weather|SunnyDay|[from] ability: Drought|[of] p2a: Ninetales
|turn|1
|
|t:|1779911710
|switch|p2a: Hatterene|Hatterene, F|100/100
|move|p1a: Cinderace|Pyro Ball|p2a: Hatterene
|-damage|p2a: Hatterene|28/100
|-enditem|p2a: Hatterene|Eject Button
|inactive|Bipface has 120 seconds left.
|
|t:|1779911730
|switch|p2a: Walking Wake|Walking Wake|100/100
|-activate|p2a: Walking Wake|ability: Protosynthesis
|-start|p2a: Walking Wake|protosynthesisspe
|
|-weather|SunnyDay|[upkeep]
|upkeep
|turn|2
|
|t:|1779911739
|switch|p1a: Corviknight|Corviknight, F|100/100
|-ability|p1a: Corviknight|Pressure
|move|p2a: Walking Wake|Dragon Pulse|p1a: Corviknight
|-resisted|p1a: Corviknight
|-damage|p1a: Corviknight|71/100
|-damage|p2a: Walking Wake|91/100|[from] item: Life Orb
|
|-weather|SunnyDay|[upkeep]
|upkeep
|turn|3
|
|t:|1779911749
|move|p2a: Walking Wake|Flamethrower|p1a: Corviknight
|-supereffective|p1a: Corviknight
|-damage|p1a: Corviknight|0 fnt
|faint|p1a: Corviknight
|-damage|p2a: Walking Wake|81/100|[from] item: Life Orb
|
|-weather|SunnyDay|[upkeep]
|upkeep
|
|t:|1779911755
|switch|p1a: Iron Valiant|Iron Valiant|100/100
|-enditem|p1a: Iron Valiant|Booster Energy
|-activate|p1a: Iron Valiant|ability: Quark Drive|[fromitem]
|-start|p1a: Iron Valiant|quarkdrivespe
|turn|4
|inactive|Bipface has 120 seconds left.
|
|t:|1779911790
|-terastallize|p2a: Walking Wake|Water
|move|p1a: Iron Valiant|Moonblast|p2a: Walking Wake
|-damage|p2a: Walking Wake|30/100
|move|p2a: Walking Wake|Hydro Steam|p1a: Iron Valiant
|-damage|p1a: Iron Valiant|0 fnt
|faint|p1a: Iron Valiant
|-end|p1a: Iron Valiant|Quark Drive|[silent]
|-damage|p2a: Walking Wake|20/100|[from] item: Life Orb
|
|-weather|SunnyDay|[upkeep]
|upkeep
|
|t:|1779911800
|switch|p1a: Cinderace|Cinderace, F|100/100
|turn|5
|
|t:|1779911814
|move|p1a: Cinderace|Sucker Punch|p2a: Walking Wake
|-start|p1a: Cinderace|typechange|Dark|[from] ability: Libero
|-damage|p2a: Walking Wake|0 fnt
|faint|p2a: Walking Wake
|-end|p2a: Walking Wake|Protosynthesis|[silent]
|
|-weather|SunnyDay|[upkeep]
|upkeep
|
|t:|1779911827
|switch|p2a: Hatterene|Hatterene, F|28/100
|turn|6
|
|t:|1779911830
|move|p1a: Cinderace|Iron Head|p2a: Hatterene
|-supereffective|p2a: Hatterene
|-damage|p2a: Hatterene|0 fnt
|faint|p2a: Hatterene
|
|-weather|SunnyDay|[upkeep]
|upkeep
|
|t:|1779911838
|switch|p2a: Venusaur|Venusaur, F|100/100
|turn|7
|
|t:|1779911843
|switch|p1a: Slowking|Slowking-Galar, M|100/100
|move|p2a: Venusaur|Weather Ball|p1a: Slowking
|-damage|p1a: Slowking|71/100
|
|-weather|SunnyDay|[upkeep]
|upkeep
|turn|8
|
|t:|1779911852
|move|p2a: Venusaur|Weather Ball|p1a: Slowking
|-damage|p1a: Slowking|44/100
|move|p1a: Slowking|Toxic Spikes|p2a: Venusaur
|-sidestart|p2: Bipface|move: Toxic Spikes
|
|-weather|none
|upkeep
|turn|9
|
|t:|1779911869
|switch|p2a: Cinderace|Cinderace, M|100/100
|move|p1a: Slowking|Sludge Bomb|p2a: Cinderace
|-damage|p2a: Cinderace|49/100
|
|upkeep
|turn|10
|
|t:|1779911877
|move|p2a: Cinderace|Court Change|p2a: Cinderace
|-start|p2a: Cinderace|typechange|Normal|[from] ability: Libero
|-swapsideconditions
|-activate|p2a: Cinderace|move: Court Change
|move|p1a: Slowking|Sludge Bomb|p2a: Cinderace
|-damage|p2a: Cinderace|0 fnt
|faint|p2a: Cinderace
|
|upkeep
|
|t:|1779911884
|switch|p2a: Ninetales|Ninetales, M|100/100
|-weather|SunnyDay|[from] ability: Drought|[of] p2a: Ninetales
|turn|11
|
|t:|1779911892
|switch|p1a: Gliscor|Gliscor, M|100/100
|move|p2a: Ninetales|Encore||[still]
|-fail|p2a: Ninetales
|
|-weather|SunnyDay|[upkeep]
|-status|p1a: Gliscor|tox|[from] item: Toxic Orb
|upkeep
|turn|12
|
|t:|1779911903
|switch|p2a: Venusaur|Venusaur, F|100/100
|move|p1a: Gliscor|Earthquake|p2a: Venusaur
|-damage|p2a: Venusaur|60/100
|
|-weather|SunnyDay|[upkeep]
|-heal|p2a: Venusaur|66/100|[from] item: Leftovers
|upkeep
|turn|13
|
|t:|1779911918
|move|p2a: Venusaur|Growth|p2a: Venusaur
|-boost|p2a: Venusaur|atk|2
|-boost|p2a: Venusaur|spa|2
|move|p1a: Gliscor|Stealth Rock|p2a: Venusaur
|-sidestart|p2: Bipface|move: Stealth Rock
|
|-weather|SunnyDay|[upkeep]
|-heal|p2a: Venusaur|72/100|[from] item: Leftovers
|upkeep
|turn|14
|l|☆UltraAero
|inactive|UltraAero disconnected and has a minute to reconnect!
|player|p1|
|
|t:|1779911927
|move|p2a: Venusaur|Giga Drain|p1a: Gliscor
|-damage|p1a: Gliscor|10/100 tox
|-heal|p2a: Venusaur|100/100|[from] drain|[of] p1a: Gliscor
|move|p1a: Gliscor|Knock Off|p2a: Venusaur
|-damage|p2a: Venusaur|70/100
|-enditem|p2a: Venusaur|Leftovers|[from] move: Knock Off|[of] p1a: Gliscor
|
|-weather|SunnyDay|[upkeep]
|-heal|p1a: Gliscor|22/100 tox|[from] ability: Poison Heal
|upkeep
|turn|15
|j|☆UltraAero
|inactive|UltraAero reconnected and has 140 seconds left.
|player|p1|UltraAero|dawn-gen4pt|
|
|t:|1779911948
|move|p1a: Gliscor|Protect|p1a: Gliscor
|-singleturn|p1a: Gliscor|Protect
|move|p2a: Venusaur|Growth|p2a: Venusaur
|-boost|p2a: Venusaur|atk|2
|-boost|p2a: Venusaur|spa|2
|
|-weather|SunnyDay|[upkeep]
|-heal|p1a: Gliscor|34/100 tox|[from] ability: Poison Heal
|upkeep
|turn|16
|l|☆UltraAero
|inactive|UltraAero disconnected and has a minute to reconnect!
|player|p1|
|j|☆UltraAero
|inactive|UltraAero reconnected and has 130 seconds left.
|player|p1|UltraAero|dawn-gen4pt|
|inactive|UltraAero has 120 seconds left.
|
|t:|1779911968
|switch|p1a: Slowking|Slowking-Galar, M|78/100
|-sideend|p1: UltraAero|move: Toxic Spikes|[of] p1a: Slowking
|move|p2a: Venusaur|Giga Drain|p1a: Slowking
|-resisted|p1a: Slowking
|-damage|p1a: Slowking|46/100
|-heal|p2a: Venusaur|91/100|[from] drain|[of] p1a: Slowking
|
|-weather|SunnyDay|[upkeep]
|upkeep
|turn|17
|inactive|UltraAero has 120 seconds left.
|
|t:|1779911980
|move|p2a: Venusaur|Weather Ball|p1a: Slowking
|-damage|p1a: Slowking|0 fnt
|faint|p1a: Slowking
|
|-weather|SunnyDay|[upkeep]
|upkeep
|inactive|UltraAero has 120 seconds left.
|
|t:|1779911987
|switch|p1a: Gliscor|Gliscor, M|34/100 tox
|turn|18
|
|t:|1779912013
|move|p1a: Gliscor|Protect|p1a: Gliscor
|-singleturn|p1a: Gliscor|Protect
|move|p2a: Venusaur|Growth|p2a: Venusaur
|-boost|p2a: Venusaur|atk|2
|-boost|p2a: Venusaur|spa|2
|
|-weather|none
|-heal|p1a: Gliscor|47/100 tox|[from] ability: Poison Heal
|upkeep
|turn|19
|
|t:|1779912022
|move|p2a: Venusaur|Giga Drain|p1a: Gliscor
|-damage|p1a: Gliscor|0 fnt
|-heal|p2a: Venusaur|100/100|[from] drain|[of] p1a: Gliscor
|faint|p1a: Gliscor
|
|upkeep
|
|t:|1779912027
|switch|p1a: Cinderace|Cinderace, F|100/100
|turn|20
|
|t:|1779912030
|move|p1a: Cinderace|Pyro Ball|p2a: Venusaur
|-supereffective|p2a: Venusaur
|-damage|p2a: Venusaur|0 fnt
|faint|p2a: Venusaur
|
|upkeep
|
|t:|1779912034
|switch|p2a: Ninetales|Ninetales, M|100/100
|-damage|p2a: Ninetales|76/100|[from] Stealth Rock
|-weather|SunnyDay|[from] ability: Drought|[of] p2a: Ninetales
|turn|21
|
|t:|1779912043
|move|p1a: Cinderace|Pyro Ball|p2a: Ninetales
|-resisted|p2a: Ninetales
|-damage|p2a: Ninetales|11/100
|move|p2a: Ninetales|Flamethrower|p1a: Cinderace
|-resisted|p1a: Cinderace
|-damage|p1a: Cinderace|62/100
|
|-weather|SunnyDay|[upkeep]
|upkeep
|turn|22
|
|t:|1779912052
|move|p1a: Cinderace|U-turn|p2a: Ninetales
|-start|p1a: Cinderace|typechange|Bug|[from] ability: Libero
|-resisted|p2a: Ninetales
|-damage|p2a: Ninetales|0 fnt
|faint|p2a: Ninetales
|
|t:|1779912057
|switch|p1a: Vaporeon|Vaporeon, F|100/100|[from] U-turn
|
|-weather|SunnyDay|[upkeep]
|upkeep
|
|t:|1779912059
|switch|p2a: Blaziken|Blaziken, M, shiny|100/100
|-damage|p2a: Blaziken|88/100|[from] Stealth Rock
|turn|23
|
|t:|1779912065
|move|p2a: Blaziken|Focus Energy|p2a: Blaziken
|-start|p2a: Blaziken|move: Focus Energy
|move|p1a: Vaporeon|Scald|p2a: Blaziken
|-supereffective|p2a: Blaziken
|-damage|p2a: Blaziken|22/100
|
|-weather|SunnyDay|[upkeep]
|-ability|p2a: Blaziken|Speed Boost|boost
|-boost|p2a: Blaziken|spe|1
|upkeep
|turn|24
|
|t:|1779912078
|move|p2a: Blaziken|Close Combat|p1a: Vaporeon
|-crit|p1a: Vaporeon
|-damage|p1a: Vaporeon|8/100
|-unboost|p2a: Blaziken|def|1
|-unboost|p2a: Blaziken|spd|1
|move|p1a: Vaporeon|Scald|p2a: Blaziken
|-supereffective|p2a: Blaziken
|-damage|p2a: Blaziken|0 fnt
|faint|p2a: Blaziken
|
|win|UltraAero
|raw|UltraAero's rating: 1324 &rarr; <strong>1342</strong><br />(+18 for winning)
|raw|Bipface's rating: 1291 &rarr; <strong>1268</strong><br />(-23 for losing)
|l|☆Bipface
|player|p2|
