|j|☆Foodiscoolski
|j|☆primarina the goat
|t:|1779803982
|gametype|singles
|player|p1|Foodiscoolski|265|1071
|player|p2|primarina the goat|1|1046
|gen|9
|tier|[Gen 9] OU
|rated|
|rule|HP Percentage Mod: HP is shown in percentages
|rule|Endless Battle Clause: Forcing endless battles is banned
|rule|Species Clause: Limit one of each Pokémon
|rule|OHKO Clause: OHKO moves are banned
|rule|Evasion Items Clause: Evasion items are banned
|rule|Evasion Moves Clause: Evasion moves are banned
|rule|Evasion Abilities Clause: Evasion abilities are banned
|rule|Sleep Moves Clause: Sleep-inducing moves are banned
|clearpoke
|poke|p1|Weezing-Galar, M|
|poke|p1|Ninetales-Alola, F|
|poke|p1|Ogerpon-Wellspring, F|
|poke|p1|Raging Bolt|
|poke|p1|Great Tusk|
|poke|p1|Gliscor, F|
|poke|p2|Primarina, M|
|poke|p2|Great Tusk|
|poke|p2|Moltres|
|poke|p2|Sinistcha|
|poke|p2|Hydreigon, M|
|poke|p2|Iron Crown|
|teampreview
|inactive|Battle timer is ON: inactive players will automatically lose when time's up. (requested by primarina the goat)
|
|t:|1779803998
|teamsize|p1|6
|teamsize|p2|6
|start
|switch|p1a: Chester Cheetah|Raging Bolt|100/100
|switch|p2a: Iron Crown|Iron Crown|100/100
|turn|1
|
|t:|1779804005
|move|p1a: Chester Cheetah|Volt Switch|p2a: Iron Crown
|-damage|p2a: Iron Crown|73/100
|
|t:|1779804011
|-end|p1a: Chester Cheetah|Protosynthesis|[silent]
|switch|p1a: Gliscor|Gliscor, F|100/100|[from] Volt Switch
|move|p2a: Iron Crown|Volt Switch|p1a: Gliscor
|-immune|p1a: Gliscor
|
|-status|p1a: Gliscor|tox|[from] item: Toxic Orb
|upkeep
|turn|2
|
|t:|1779804020
|-end|p2a: Iron Crown|Quark Drive|[silent]
|switch|p2a: Great Tusk|Great Tusk|100/100
|move|p1a: Gliscor|Knock Off|p2a: Great Tusk
|-resisted|p2a: Great Tusk
|-damage|p2a: Great Tusk|94/100
|-enditem|p2a: Great Tusk|Heavy-Duty Boots|[from] move: Knock Off|[of] p1a: Gliscor
|
|upkeep
|turn|3
|
|t:|1779804029
|switch|p1a: Late Capitalism|Weezing-Galar, M|100/100
|-ability|p1a: Late Capitalism|Neutralizing Gas
|move|p2a: Great Tusk|Stealth Rock|p1a: Late Capitalism
|-sidestart|p1: Foodiscoolski|move: Stealth Rock
|
|upkeep
|turn|4
|
|t:|1779804037
|move|p2a: Great Tusk|Earthquake|p1a: Late Capitalism
|-supereffective|p1a: Late Capitalism
|-damage|p1a: Late Capitalism|27/100
|move|p1a: Late Capitalism|Strange Steam|p2a: Great Tusk
|-supereffective|p2a: Great Tusk
|-damage|p2a: Great Tusk|2/100
|-start|p2a: Great Tusk|confusion
|
|upkeep
|turn|5
|
|t:|1779804049
|-activate|p2a: Great Tusk|confusion
|move|p2a: Great Tusk|Earthquake|p1a: Late Capitalism
|-supereffective|p1a: Late Capitalism
|-damage|p1a: Late Capitalism|0 fnt
|faint|p1a: Late Capitalism
|-end|p1a: Late Capitalism|ability: Neutralizing Gas
|
|upkeep
|
|t:|1779804061
|switch|p1a: Great Tusk|Great Tusk|100/100
|-damage|p1a: Great Tusk|98/100|[from] Stealth Rock
|turn|6
|
|t:|1779804072
|-end|p2a: Great Tusk|Protosynthesis|[silent]
|switch|p2a: Sinistcha|Sinistcha|100/100
|move|p1a: Great Tusk|Ice Spinner|p2a: Sinistcha
|-supereffective|p2a: Sinistcha
|-damage|p2a: Sinistcha|60/100
|
|upkeep
|turn|7
|inactive|Foodiscoolski has 120 seconds left.
|
|t:|1779804109
|move|p1a: Great Tusk|Ice Spinner|p2a: Sinistcha
|-supereffective|p2a: Sinistcha
|-damage|p2a: Sinistcha|22/100
|move|p2a: Sinistcha|Strength Sap|p1a: Great Tusk
|-unboost|p1a: Great Tusk|atk|1
|-heal|p2a: Sinistcha|100/100
|
|upkeep
|turn|8
|
|t:|1779804117
|move|p1a: Great Tusk|Knock Off|p2a: Sinistcha
|-supereffective|p2a: Sinistcha
|-crit|p2a: Sinistcha
|-damage|p2a: Sinistcha|31/100
|-enditem|p2a: Sinistcha|Heavy-Duty Boots|[from] move: Knock Off|[of] p1a: Great Tusk
|move|p2a: Sinistcha|Calm Mind|p2a: Sinistcha
|-boost|p2a: Sinistcha|spa|1
|-boost|p2a: Sinistcha|spd|1
|
|upkeep
|turn|9
|inactive|Foodiscoolski has 120 seconds left.
|
|t:|1779804126
|move|p1a: Great Tusk|Knock Off|p2a: Sinistcha
|-supereffective|p2a: Sinistcha
|-damage|p2a: Sinistcha|11/100
|move|p2a: Sinistcha|Strength Sap|p1a: Great Tusk
|-unboost|p1a: Great Tusk|atk|1
|-heal|p2a: Sinistcha|80/100
|
|upkeep
|turn|10
|
|t:|1779804135
|move|p1a: Great Tusk|Knock Off|p2a: Sinistcha
|-supereffective|p2a: Sinistcha
|-damage|p2a: Sinistcha|65/100
|move|p2a: Sinistcha|Matcha Gotcha|p1a: Great Tusk
|-supereffective|p1a: Great Tusk
|-crit|p1a: Great Tusk
|-damage|p1a: Great Tusk|0 fnt
|-heal|p2a: Sinistcha|100/100|[from] drain|[of] p1a: Great Tusk
|faint|p1a: Great Tusk
|-end|p1a: Great Tusk|Protosynthesis|[silent]
|
|upkeep
|
|t:|1779804141
|switch|p1a: Shari|Ninetales-Alola, F|100/100
|-damage|p1a: Shari|76/100|[from] Stealth Rock
|-weather|Snowscape|[from] ability: Snow Warning|[of] p1a: Shari
|turn|11
|
|t:|1779804149
|move|p1a: Shari|Blizzard|p2a: Sinistcha
|-supereffective|p2a: Sinistcha
|-damage|p2a: Sinistcha|29/100
|move|p2a: Sinistcha|Calm Mind|p2a: Sinistcha
|-boost|p2a: Sinistcha|spa|1
|-boost|p2a: Sinistcha|spd|1
|
|-weather|Snowscape|[upkeep]
|upkeep
|turn|12
|
|t:|1779804155
|move|p1a: Shari|Blizzard|p2a: Sinistcha
|-supereffective|p2a: Sinistcha
|-damage|p2a: Sinistcha|0 fnt
|faint|p2a: Sinistcha
|
|-weather|Snowscape|[upkeep]
|upkeep
|
|t:|1779804161
|switch|p2a: Iron Crown|Iron Crown|73/100
|turn|13
|
|t:|1779804164
|move|p1a: Shari|Hex|p2a: Iron Crown
|-supereffective|p2a: Iron Crown
|-damage|p2a: Iron Crown|60/100
|move|p2a: Iron Crown|Tachyon Cutter|p1a: Shari
|-supereffective|p1a: Shari
|-damage|p1a: Shari|0 fnt
|faint|p1a: Shari
|-hitcount|p1: Shari|1
|
|-weather|Snowscape|[upkeep]
|upkeep
|
|t:|1779804173
|switch|p1a: Gliscor|Gliscor, F|100/100 tox
|-damage|p1a: Gliscor|88/100 tox|[from] Stealth Rock
|turn|14
|
|t:|1779804178
|-end|p2a: Iron Crown|Quark Drive|[silent]
|switch|p2a: Moltres|Moltres|100/100
|move|p1a: Gliscor|Knock Off|p2a: Moltres
|-damage|p2a: Moltres|82/100
|-enditem|p2a: Moltres|Heavy-Duty Boots|[from] move: Knock Off|[of] p1a: Gliscor
|
|-weather|Snowscape|[upkeep]
|-heal|p1a: Gliscor|100/100 tox|[from] ability: Poison Heal
|upkeep
|turn|15
|
|t:|1779804189
|move|p1a: Gliscor|Stealth Rock|p2a: Moltres
|-sidestart|p2: primarina the goat|move: Stealth Rock
|move|p2a: Moltres|Hurricane|p1a: Gliscor|[miss]
|-miss|p2a: Moltres|p1a: Gliscor
|
|-weather|none
|upkeep
|turn|16
|
|t:|1779804195
|switch|p1a: Chester Cheetah|Raging Bolt|100/100
|-damage|p1a: Chester Cheetah|88/100|[from] Stealth Rock
|move|p2a: Moltres|Hurricane|p1a: Chester Cheetah|[miss]
|-miss|p2a: Moltres|p1a: Chester Cheetah
|
|upkeep
|turn|17
|
|t:|1779804203
|move|p1a: Chester Cheetah|Thunderbolt|p2a: Moltres
|-supereffective|p2a: Moltres
|-damage|p2a: Moltres|0 fnt
|faint|p2a: Moltres
|
|upkeep
|
|t:|1779804208
|switch|p2a: Hydreigon|Hydreigon, M|100/100
|-damage|p2a: Hydreigon|88/100|[from] Stealth Rock
|turn|18
|
|t:|1779804225
|-end|p1a: Chester Cheetah|Protosynthesis|[silent]
|switch|p1a: Ogerpon|Ogerpon-Wellspring, F|100/100
|-damage|p1a: Ogerpon|88/100|[from] Stealth Rock
|move|p2a: Hydreigon|Draco Meteor|p1a: Ogerpon
|-damage|p1a: Ogerpon|21/100
|-unboost|p2a: Hydreigon|spa|2
|
|upkeep
|turn|19
|
|t:|1779804236
|switch|p2a: Great Tusk|Great Tusk|2/100
|-damage|p2a: Great Tusk|0 fnt|[from] Stealth Rock
|faint|p2a: Great Tusk
|-end|p2a: Great Tusk|Protosynthesis|[silent]
|move|p1a: Ogerpon|Play Rough|p2: Great Tusk|[notarget]
|-fail|p1a: Ogerpon
|
|upkeep
|
|t:|1779804242
|switch|p2a: Iron Crown|Iron Crown|60/100
|-damage|p2a: Iron Crown|53/100|[from] Stealth Rock
|turn|20
|
|t:|1779804251
|move|p1a: Ogerpon|Ivy Cudgel|p2a: Iron Crown|[anim] Ivy Cudgel Water
|-damage|p2a: Iron Crown|0 fnt
|faint|p2a: Iron Crown
|-end|p2a: Iron Crown|Quark Drive|[silent]
|
|upkeep
|
|t:|1779804255
|switch|p2a: Primarina|Primarina, M|100/100
|-damage|p2a: Primarina|88/100|[from] Stealth Rock
|turn|21
|
|t:|1779804260
|-terastallize|p2a: Primarina|Poison
|move|p1a: Ogerpon|Horn Leech|p2a: Primarina
|-resisted|p2a: Primarina
|-damage|p2a: Primarina|60/100
|-heal|p1a: Ogerpon|38/100|[from] drain|[of] p2a: Primarina
|move|p2a: Primarina|Draining Kiss|p1a: Ogerpon
|-damage|p1a: Ogerpon|12/100
|-heal|p2a: Primarina|77/100|[from] drain|[of] p1a: Ogerpon
|
|upkeep
|turn|22
|
|t:|1779804274
|-terastallize|p1a: Ogerpon|Water
|detailschange|p1a: Ogerpon|Ogerpon-Wellspring-Tera, F, tera:Water
|-ability|p1a: Ogerpon|Embody Aspect (Wellspring)|boost
|-boost|p1a: Ogerpon|spd|1
|move|p1a: Ogerpon|Ivy Cudgel|p2a: Primarina|[anim] Ivy Cudgel Water
|-damage|p2a: Primarina|0 fnt
|faint|p2a: Primarina
|
|upkeep
|
|t:|1779804279
|switch|p2a: Hydreigon|Hydreigon, M|88/100
|-damage|p2a: Hydreigon|76/100|[from] Stealth Rock
|turn|23
|
|t:|1779804286
|move|p1a: Ogerpon|Play Rough|p2a: Hydreigon
|-supereffective|p2a: Hydreigon
|-crit|p2a: Hydreigon
|-damage|p2a: Hydreigon|0 fnt
|faint|p2a: Hydreigon
|
|win|Foodiscoolski
|raw|Foodiscoolski's rating: 1071 &rarr; <strong>1098</strong><br />(+27 for winning)
|raw|primarina the goat's rating: 1046 &rarr; <strong>1030</strong><br />(-16 for losing)
|l|☆primarina the goat
|player|p2|
