|j|☆ImBigRon
|j|☆UltraAero
|t:|1779824336
|gametype|singles
|player|p1|ImBigRon|skullgrunt|1292
|player|p2|UltraAero|dawn-gen4pt|1300
|gen|9
|tier|[Gen 9] OU
|rated|
|rule|HP Percentage Mod: HP is shown in percentages
|rule|Endless Battle Clause: Forcing endless battles is banned
|rule|Species Clause: Limit one of each Pokémon
|rule|OHKO Clause: OHKO moves are banned
|rule|Evasion Items Clause: Evasion items are banned
|rule|Evasion Moves Clause: Evasion moves are banned
|rule|Evasion Abilities Clause: Evasion abilities are banned
|rule|Sleep Moves Clause: Sleep-inducing moves are banned
|clearpoke
|poke|p1|Ninetales, F|
|poke|p1|Cresselia, F|
|poke|p1|Raging Bolt|
|poke|p1|Iron Moth|
|poke|p1|Great Tusk|
|poke|p1|Walking Wake|
|poke|p2|Cinderace, F|
|poke|p2|Vaporeon, F|
|poke|p2|Gliscor, M|
|poke|p2|Iron Valiant|
|poke|p2|Corviknight, F|
|poke|p2|Slowking-Galar, M|
|teampreview
|inactive|Battle timer is ON: inactive players will automatically lose when time's up. (requested by UltraAero)
|
|t:|1779824357
|teamsize|p1|6
|teamsize|p2|6
|start
|switch|p1a: Ninetales|Ninetales, F, shiny|100/100
|switch|p2a: Gliscor|Gliscor, M|100/100
|-weather|SunnyDay|[from] ability: Drought|[of] p1a: Ninetales
|turn|1
|
|t:|1779824363
|move|p1a: Ninetales|Will-O-Wisp|p2a: Gliscor
|-status|p2a: Gliscor|brn
|move|p2a: Gliscor|Knock Off|p1a: Ninetales
|-damage|p1a: Ninetales|87/100
|-enditem|p1a: Ninetales|Heat Rock|[from] move: Knock Off|[of] p2a: Gliscor
|
|-weather|SunnyDay|[upkeep]
|-damage|p2a: Gliscor|94/100 brn|[from] brn
|upkeep
|turn|2
|
|t:|1779824372
|switch|p1a: Great Tusk|Great Tusk|100/100
|-activate|p1a: Great Tusk|ability: Protosynthesis
|-start|p1a: Great Tusk|protosynthesisspe
|move|p2a: Gliscor|Stealth Rock|p1a: Great Tusk
|-sidestart|p1: ImBigRon|move: Stealth Rock
|
|-weather|SunnyDay|[upkeep]
|-damage|p2a: Gliscor|88/100 brn|[from] brn
|upkeep
|turn|3
|
|t:|1779824380
|switch|p2a: Corviknight|Corviknight, F|100/100
|-ability|p2a: Corviknight|Pressure
|move|p1a: Great Tusk|Rapid Spin|p2a: Corviknight
|-resisted|p2a: Corviknight
|-damage|p2a: Corviknight|96/100
|-boost|p1a: Great Tusk|spe|1
|-damage|p1a: Great Tusk|84/100|[from] item: Rocky Helmet|[of] p2a: Corviknight
|-sideend|p1: ImBigRon|Stealth Rock|[from] move: Rapid Spin|[of] p1a: Great Tusk
|
|-weather|SunnyDay|[upkeep]
|upkeep
|turn|4
|
|t:|1779824395
|-end|p1a: Great Tusk|Protosynthesis|[silent]
|switch|p1a: Iron Moth|Iron Moth|100/100
|-enditem|p1a: Iron Moth|Booster Energy
|-activate|p1a: Iron Moth|ability: Quark Drive|[fromitem]
|-start|p1a: Iron Moth|quarkdrivespe
|move|p2a: Corviknight|Iron Head|p1a: Iron Moth
|-resisted|p1a: Iron Moth
|-crit|p1a: Iron Moth
|-damage|p1a: Iron Moth|73/100
|
|-weather|SunnyDay|[upkeep]
|upkeep
|turn|5
|
|t:|1779824404
|switch|p2a: Slowking|Slowking-Galar, M|100/100
|move|p1a: Iron Moth|Fiery Dance|p2a: Slowking
|-damage|p2a: Slowking|65/100
|
|-weather|SunnyDay|[upkeep]
|upkeep
|turn|6
|
|t:|1779824413
|-end|p1a: Iron Moth|Quark Drive|[silent]
|switch|p1a: Cresselia|Cresselia, F|100/100
|move|p2a: Slowking|Thunder Wave|p1a: Cresselia
|-status|p1a: Cresselia|par
|
|-weather|SunnyDay|[upkeep]
|upkeep
|turn|7
|
|t:|1779824420
|move|p1a: Cresselia|Thunder Wave|p2a: Slowking
|-status|p2a: Slowking|par
|move|p2a: Slowking|Taunt|p1a: Cresselia
|-start|p1a: Cresselia|move: Taunt
|
|-weather|SunnyDay|[upkeep]
|upkeep
|turn|8
|
|t:|1779824433
|cant|p1a: Cresselia|par
|move|p2a: Slowking|Sludge Bomb|p1a: Cresselia
|-damage|p1a: Cresselia|77/100 par
|-enditem|p1a: Cresselia|Eject Button
|
|t:|1779824441
|switch|p1a: Walking Wake|Walking Wake|100/100
|-activate|p1a: Walking Wake|ability: Protosynthesis
|-start|p1a: Walking Wake|protosynthesisspa
|
|-weather|none
|-end|p1a: Walking Wake|Protosynthesis
|upkeep
|turn|9
|
|t:|1779824448
|move|p1a: Walking Wake|Draco Meteor|p2a: Slowking
|-damage|p2a: Slowking|5/100 par
|-unboost|p1a: Walking Wake|spa|2
|move|p2a: Slowking|Thunder Wave|p1a: Walking Wake
|-status|p1a: Walking Wake|par
|
|upkeep
|turn|10
|
|t:|1779824456
|-end|p1a: Walking Wake|Protosynthesis|[silent]
|switch|p1a: Ninetales|Ninetales, F, shiny|87/100
|-weather|SunnyDay|[from] ability: Drought|[of] p1a: Ninetales
|switch|p2a: Corviknight|Corviknight, F|96/100
|-ability|p2a: Corviknight|Pressure
|
|-weather|SunnyDay|[upkeep]
|upkeep
|turn|11
|
|t:|1779824465
|switch|p2a: Slowking|Slowking-Galar, M|38/100 par
|move|p1a: Ninetales|Overheat|p2a: Slowking|[miss]
|-miss|p1a: Ninetales|p2a: Slowking
|
|-weather|SunnyDay|[upkeep]
|upkeep
|turn|12
|
|t:|1779824471
|switch|p2a: Vaporeon|Vaporeon, F|100/100
|move|p1a: Ninetales|Overheat|p2a: Vaporeon|[miss]
|-miss|p1a: Ninetales|p2a: Vaporeon
|
|-weather|SunnyDay|[upkeep]
|upkeep
|turn|13
|
|t:|1779824478
|switch|p1a: Cresselia|Cresselia, F|77/100 par
|move|p2a: Vaporeon|Calm Mind|p2a: Vaporeon
|-boost|p2a: Vaporeon|spa|1
|-boost|p2a: Vaporeon|spd|1
|
|-weather|SunnyDay|[upkeep]
|upkeep
|turn|14
|
|t:|1779824486
|switch|p2a: Slowking|Slowking-Galar, M|71/100 par
|move|p1a: Cresselia|Thunder Wave|p2a: Slowking
|-fail|p2a: Slowking|par
|
|-weather|none
|upkeep
|turn|15
|
|t:|1779824492
|switch|p1a: Ninetales|Ninetales, F, shiny|87/100
|-weather|SunnyDay|[from] ability: Drought|[of] p1a: Ninetales
|move|p2a: Slowking|Sludge Bomb|p1a: Ninetales
|-damage|p1a: Ninetales|56/100
|
|-weather|SunnyDay|[upkeep]
|upkeep
|turn|16
|
|t:|1779824501
|switch|p1a: Walking Wake|Walking Wake|100/100 par
|-activate|p1a: Walking Wake|ability: Protosynthesis
|-start|p1a: Walking Wake|protosynthesisspa
|move|p2a: Slowking|Sludge Bomb|p1a: Walking Wake
|-damage|p1a: Walking Wake|59/100 par
|
|-weather|SunnyDay|[upkeep]
|upkeep
|turn|17
|
|t:|1779824509
|switch|p2a: Corviknight|Corviknight, F|96/100
|-ability|p2a: Corviknight|Pressure
|cant|p1a: Walking Wake|par
|
|-weather|SunnyDay|[upkeep]
|upkeep
|turn|18
|
|t:|1779824518
|switch|p2a: Cinderace|Cinderace, F|100/100
|cant|p1a: Walking Wake|par
|
|-weather|SunnyDay|[upkeep]
|upkeep
|turn|19
|
|t:|1779824524
|-end|p1a: Walking Wake|Protosynthesis|[silent]
|switch|p1a: Cresselia|Cresselia, F|77/100 par
|move|p2a: Cinderace|U-turn|p1a: Cresselia
|-start|p2a: Cinderace|typechange|Bug|[from] ability: Libero
|-supereffective|p1a: Cresselia
|-damage|p1a: Cresselia|36/100 par
|
|t:|1779824530
|switch|p2a: Gliscor|Gliscor, M|88/100 brn|[from] U-turn
|
|-weather|none
|-damage|p2a: Gliscor|82/100 brn|[from] brn
|upkeep
|turn|20
|
|t:|1779824535
|switch|p1a: Ninetales|Ninetales, F, shiny|56/100
|-weather|SunnyDay|[from] ability: Drought|[of] p1a: Ninetales
|move|p2a: Gliscor|Stealth Rock|p1a: Ninetales
|-sidestart|p1: ImBigRon|move: Stealth Rock
|
|-weather|SunnyDay|[upkeep]
|-damage|p2a: Gliscor|76/100 brn|[from] brn
|upkeep
|turn|21
|
|t:|1779824542
|switch|p1a: Cresselia|Cresselia, F|36/100 par
|-damage|p1a: Cresselia|24/100 par|[from] Stealth Rock
|move|p2a: Gliscor|Earthquake|p1a: Cresselia
|-immune|p1a: Cresselia|[from] ability: Levitate
|
|-weather|SunnyDay|[upkeep]
|-damage|p2a: Gliscor|69/100 brn|[from] brn
|upkeep
|turn|22
|
|t:|1779824551
|move|p2a: Gliscor|Knock Off|p1a: Cresselia
|-supereffective|p1a: Cresselia
|-crit|p1a: Cresselia
|-damage|p1a: Cresselia|12/100 par
|move|p1a: Cresselia|Lunar Dance|p1a: Cresselia
|faint|p1a: Cresselia
|
|-weather|SunnyDay|[upkeep]
|-damage|p2a: Gliscor|63/100 brn|[from] brn
|upkeep
|
|t:|1779824557
|switch|p1a: Walking Wake|Walking Wake|59/100 par
|-heal|p1a: Walking Wake|100/100|[from] move: Lunar Dance
|-damage|p1a: Walking Wake|88/100|[from] Stealth Rock
|-activate|p1a: Walking Wake|ability: Protosynthesis
|-start|p1a: Walking Wake|protosynthesisspa
|turn|23
|
|t:|1779824567
|switch|p2a: Vaporeon|Vaporeon, F|100/100
|move|p1a: Walking Wake|Draco Meteor|p2a: Vaporeon
|-damage|p2a: Vaporeon|0 fnt
|-unboost|p1a: Walking Wake|spa|2
|faint|p2a: Vaporeon
|
|-weather|SunnyDay|[upkeep]
|upkeep
|
|t:|1779824577
|switch|p2a: Iron Valiant|Iron Valiant|100/100
|-enditem|p2a: Iron Valiant|Booster Energy
|-activate|p2a: Iron Valiant|ability: Quark Drive|[fromitem]
|-start|p2a: Iron Valiant|quarkdrivespe
|turn|24
|
|t:|1779824584
|-end|p1a: Walking Wake|Protosynthesis|[silent]
|switch|p1a: Iron Moth|Iron Moth|73/100
|-damage|p1a: Iron Moth|48/100|[from] Stealth Rock
|move|p2a: Iron Valiant|Moonblast|p1a: Iron Moth
|-resisted|p1a: Iron Moth
|-damage|p1a: Iron Moth|37/100
|
|-weather|none
|upkeep
|turn|25
|
|t:|1779824592
|-terastallize|p2a: Iron Valiant|Steel
|move|p2a: Iron Valiant|Calm Mind|p2a: Iron Valiant
|-boost|p2a: Iron Valiant|spa|1
|-boost|p2a: Iron Valiant|spd|1
|move|p1a: Iron Moth|Sludge Wave|p2a: Iron Valiant
|-immune|p2a: Iron Valiant
|
|upkeep
|turn|26
|
|t:|1779824599
|move|p2a: Iron Valiant|Encore|p1a: Iron Moth
|-start|p1a: Iron Moth|Encore
|move|p1a: Iron Moth|Sludge Wave|p2a: Iron Valiant
|-immune|p2a: Iron Valiant
|
|upkeep
|turn|27
|
|t:|1779824604
|-end|p1a: Iron Moth|Quark Drive|[silent]
|switch|p1a: Ninetales|Ninetales, F, shiny|56/100
|-damage|p1a: Ninetales|31/100|[from] Stealth Rock
|-weather|SunnyDay|[from] ability: Drought|[of] p1a: Ninetales
|move|p2a: Iron Valiant|Calm Mind|p2a: Iron Valiant
|-boost|p2a: Iron Valiant|spa|1
|-boost|p2a: Iron Valiant|spd|1
|
|-weather|SunnyDay|[upkeep]
|upkeep
|turn|28
|
|t:|1779824612
|move|p2a: Iron Valiant|Moonblast|p1a: Ninetales
|-resisted|p1a: Ninetales
|-damage|p1a: Ninetales|0 fnt
|faint|p1a: Ninetales
|
|-weather|SunnyDay|[upkeep]
|upkeep
|
|t:|1779824624
|switch|p1a: Walking Wake|Walking Wake|88/100
|-damage|p1a: Walking Wake|76/100|[from] Stealth Rock
|-activate|p1a: Walking Wake|ability: Protosynthesis
|-start|p1a: Walking Wake|protosynthesisspa
|turn|29
|
|t:|1779824629
|-terastallize|p1a: Walking Wake|Water
|move|p2a: Iron Valiant|Moonblast|p1a: Walking Wake
|-damage|p1a: Walking Wake|0 fnt
|faint|p1a: Walking Wake
|-end|p1a: Walking Wake|Protosynthesis|[silent]
|
|-weather|SunnyDay|[upkeep]
|upkeep
|-message|ImBigRon forfeited.
|
|win|UltraAero
|raw|ImBigRon's rating: 1292 &rarr; <strong>1268</strong><br />(-24 for losing)
|raw|UltraAero's rating: 1300 &rarr; <strong>1324</strong><br />(+24 for winning)
|l|☆ImBigRon
|player|p1|
