|j|☆ArmpitLickerr
|j|☆guetunggukapanpun
|t:|1779859996
|gametype|singles
|player|p1|ArmpitLickerr|102|1245
|player|p2|guetunggukapanpun|101|1331
|gen|9
|tier|[Gen 9] OU
|rated|
|rule|HP Percentage Mod: HP is shown in percentages
|rule|Endless Battle Clause: Forcing endless battles is banned
|rule|Species Clause: Limit one of each Pokémon
|rule|OHKO Clause: OHKO moves are banned
|rule|Evasion Items Clause: Evasion items are banned
|rule|Evasion Moves Clause: Evasion moves are banned
|rule|Evasion Abilities Clause: Evasion abilities are banned
|rule|Sleep Moves Clause: Sleep-inducing moves are banned
|clearpoke
|poke|p1|Garganacl, F|
|poke|p1|Quaquaval, F|
|poke|p1|Dragapult, M|
|poke|p1|Pecharunt|
|poke|p1|Maushold-Four|
|poke|p1|Alomomola, F|
|poke|p2|Weavile, F|
|poke|p2|Walking Wake|
|poke|p2|Iron Valiant|
|poke|p2|Zapdos|
|poke|p2|Great Tusk|
|poke|p2|Iron Moth|
|teampreview
|inactive|Battle timer is ON: inactive players will automatically lose when time's up. (requested by ArmpitLickerr)
|
|t:|1779860034
|teamsize|p1|6
|teamsize|p2|6
|start
|switch|p1a: Maushold|Maushold-Four|100/100
|switch|p2a: Great Tusk|Great Tusk|100/100
|turn|1
|
|t:|1779860044
|move|p1a: Maushold|Tidy Up|p1a: Maushold
|-boost|p1a: Maushold|atk|1
|-boost|p1a: Maushold|spe|1
|move|p2a: Great Tusk|Earthquake|p1a: Maushold
|-damage|p1a: Maushold|18/100
|
|upkeep
|turn|2
|
|t:|1779860066
|move|p1a: Maushold|Population Bomb|p2a: Great Tusk
|-damage|p2a: Great Tusk|88/100
|-damage|p2a: Great Tusk|77/100
|-damage|p2a: Great Tusk|65/100
|-damage|p2a: Great Tusk|54/100
|-damage|p2a: Great Tusk|41/100
|-damage|p2a: Great Tusk|29/100
|-damage|p2a: Great Tusk|18/100
|-damage|p2a: Great Tusk|6/100
|-damage|p2a: Great Tusk|0 fnt
|faint|p2a: Great Tusk
|-end|p2a: Great Tusk|Protosynthesis|[silent]
|-hitcount|p2: Great Tusk|9
|
|upkeep
|inactive|guetunggukapanpun has 120 seconds left.
|
|t:|1779860084
|switch|p2a: Weavile|Weavile, F|100/100
|-ability|p2a: Weavile|Pressure
|turn|3
|
|t:|1779860089
|move|p2a: Weavile|Ice Shard|p1a: Maushold
|-damage|p1a: Maushold|0 fnt
|faint|p1a: Maushold
|
|upkeep
|
|t:|1779860095
|switch|p1a: Quaquaval|Quaquaval, F|100/100
|turn|4
|
|t:|1779860103
|switch|p2a: Zapdos|Zapdos|100/100
|move|p1a: Quaquaval|Aqua Step|p2a: Zapdos
|-damage|p2a: Zapdos|71/100
|-boost|p1a: Quaquaval|spe|1
|
|upkeep
|turn|5
|
|t:|1779860112
|move|p1a: Quaquaval|Knock Off|p2a: Zapdos
|-damage|p2a: Zapdos|47/100
|-enditem|p2a: Zapdos|Heavy-Duty Boots|[from] move: Knock Off|[of] p1a: Quaquaval
|move|p2a: Zapdos|Discharge|p1a: Quaquaval
|-supereffective|p1a: Quaquaval
|-damage|p1a: Quaquaval|4/100
|
|-heal|p1a: Quaquaval|10/100|[from] item: Leftovers
|upkeep
|turn|6
|
|t:|1779860123
|move|p1a: Quaquaval|Ice Spinner|p2a: Zapdos
|-supereffective|p2a: Zapdos
|-damage|p2a: Zapdos|10/100
|move|p2a: Zapdos|Roost|p2a: Zapdos
|-heal|p2a: Zapdos|60/100
|-singleturn|p2a: Zapdos|move: Roost
|
|-heal|p1a: Quaquaval|16/100|[from] item: Leftovers
|upkeep
|turn|7
|
|t:|1779860133
|switch|p1a: Alomomola|Alomomola, F|100/100
|move|p2a: Zapdos|Roost|p2a: Zapdos
|-heal|p2a: Zapdos|100/100
|-singleturn|p2a: Zapdos|move: Roost
|
|upkeep
|turn|8
|
|t:|1779860140
|move|p2a: Zapdos|Discharge|p1a: Alomomola
|-supereffective|p1a: Alomomola
|-damage|p1a: Alomomola|15/100
|move|p1a: Alomomola|Wish|p1a: Alomomola
|
|upkeep
|turn|9
|c|☆ArmpitLickerr|misclick
|c|☆ArmpitLickerr|brejj
|
|t:|1779860160
|switch|p1a: Pecharunt|Pecharunt|100/100
|move|p2a: Zapdos|Discharge|p1a: Pecharunt
|-damage|p1a: Pecharunt|64/100
|
|-heal|p1a: Pecharunt|100/100|[from] move: Wish|[wisher] Alomomola
|upkeep
|turn|10
|
|t:|1779860172
|switch|p2a: Iron Moth|Iron Moth|100/100
|-enditem|p2a: Iron Moth|Booster Energy
|-activate|p2a: Iron Moth|ability: Quark Drive|[fromitem]
|-start|p2a: Iron Moth|quarkdrivespe
|move|p1a: Pecharunt|Nasty Plot|p1a: Pecharunt
|-boost|p1a: Pecharunt|spa|2
|
|upkeep
|turn|11
|
|t:|1779860181
|move|p2a: Iron Moth|Fiery Dance|p1a: Pecharunt
|-damage|p1a: Pecharunt|59/100
|move|p1a: Pecharunt|Shadow Ball|p2a: Iron Moth
|-damage|p2a: Iron Moth|29/100
|
|-heal|p1a: Pecharunt|65/100|[from] item: Leftovers
|upkeep
|turn|12
|
|t:|1779860191
|move|p2a: Iron Moth|Fiery Dance|p1a: Pecharunt
|-damage|p1a: Pecharunt|24/100
|move|p1a: Pecharunt|Shadow Ball|p2a: Iron Moth
|-damage|p2a: Iron Moth|0 fnt
|faint|p2a: Iron Moth
|-end|p2a: Iron Moth|Quark Drive|[silent]
|
|-heal|p1a: Pecharunt|30/100|[from] item: Leftovers
|upkeep
|
|t:|1779860202
|switch|p2a: Weavile|Weavile, F|100/100
|-ability|p2a: Weavile|Pressure
|turn|13
|
|t:|1779860207
|switch|p1a: Alomomola|Alomomola, F|48/100
|move|p2a: Weavile|Knock Off|p1a: Alomomola
|-damage|p1a: Alomomola|22/100
|-damage|p2a: Weavile|84/100|[from] item: Rocky Helmet|[of] p1a: Alomomola
|-enditem|p1a: Alomomola|Rocky Helmet|[from] move: Knock Off|[of] p2a: Weavile
|
|upkeep
|turn|14
|inactive|guetunggukapanpun has 120 seconds left.
|
|t:|1779860239
|move|p2a: Weavile|Knock Off|p1a: Alomomola
|-damage|p1a: Alomomola|4/100
|move|p1a: Alomomola|Wish|p1a: Alomomola
|
|upkeep
|turn|15
|
|t:|1779860253
|switch|p1a: Quaquaval|Quaquaval, F|16/100
|move|p2a: Weavile|Knock Off|p1a: Quaquaval
|-resisted|p1a: Quaquaval
|-damage|p1a: Quaquaval|0 fnt
|-enditem|p1a: Quaquaval|Leftovers|[from] move: Knock Off|[of] p2a: Weavile
|faint|p1a: Quaquaval
|
|upkeep
|
|t:|1779860264
|switch|p1a: Garganacl|Garganacl, F|100/100
|turn|16
|inactive|guetunggukapanpun has 120 seconds left.
|
|t:|1779860297
|-terastallize|p2a: Weavile|Fighting
|move|p2a: Weavile|Low Kick|p1a: Garganacl
|-supereffective|p1a: Garganacl
|-damage|p1a: Garganacl|21/100
|move|p1a: Garganacl|Iron Defense|p1a: Garganacl
|-boost|p1a: Garganacl|def|2
|
|-heal|p1a: Garganacl|27/100|[from] item: Leftovers
|upkeep
|turn|17
|
|t:|1779860308
|-terastallize|p1a: Garganacl|Bug
|move|p2a: Weavile|Low Kick|p1a: Garganacl
|-resisted|p1a: Garganacl
|-damage|p1a: Garganacl|19/100
|move|p1a: Garganacl|Recover|p1a: Garganacl
|-heal|p1a: Garganacl|69/100
|
|-heal|p1a: Garganacl|75/100|[from] item: Leftovers
|upkeep
|turn|18
|
|t:|1779860319
|move|p2a: Weavile|Knock Off|p1a: Garganacl
|-damage|p1a: Garganacl|60/100
|-enditem|p1a: Garganacl|Leftovers|[from] move: Knock Off|[of] p2a: Weavile
|move|p1a: Garganacl|Salt Cure|p2a: Weavile
|-resisted|p2a: Weavile
|-crit|p2a: Weavile
|-damage|p2a: Weavile|66/100
|-start|p2a: Weavile|Salt Cure
|
|-damage|p2a: Weavile|54/100|[from] Salt Cure
|upkeep
|turn|19
|
|t:|1779860335
|move|p2a: Weavile|Icicle Crash|p1a: Garganacl
|-damage|p1a: Garganacl|46/100
|cant|p1a: Garganacl|flinch
|
|-damage|p2a: Weavile|41/100|[from] Salt Cure
|upkeep
|turn|20
|
|t:|1779860343
|move|p2a: Weavile|Icicle Crash|p1a: Garganacl
|-damage|p1a: Garganacl|33/100
|move|p1a: Garganacl|Recover|p1a: Garganacl
|-heal|p1a: Garganacl|83/100
|
|-damage|p2a: Weavile|29/100|[from] Salt Cure
|upkeep
|turn|21
|
|t:|1779860352
|move|p2a: Weavile|Icicle Crash|p1a: Garganacl
|-damage|p1a: Garganacl|71/100
|cant|p1a: Garganacl|flinch
|
|-damage|p2a: Weavile|17/100|[from] Salt Cure
|upkeep
|turn|22
|inactive|guetunggukapanpun has 120 seconds left.
|
|t:|1779860360
|move|p2a: Weavile|Icicle Crash|p1a: Garganacl
|-damage|p1a: Garganacl|57/100
|move|p1a: Garganacl|Iron Defense|p1a: Garganacl
|-boost|p1a: Garganacl|def|2
|
|-damage|p2a: Weavile|4/100|[from] Salt Cure
|upkeep
|turn|23
|
|t:|1779860369
|move|p2a: Weavile|Icicle Crash|p1a: Garganacl
|-damage|p1a: Garganacl|49/100
|move|p1a: Garganacl|Salt Cure|p2a: Weavile
|-resisted|p2a: Weavile
|-damage|p2a: Weavile|0 fnt
|faint|p2a: Weavile
|
|upkeep
|
|t:|1779860377
|switch|p2a: Iron Valiant|Iron Valiant|100/100
|-enditem|p2a: Iron Valiant|Booster Energy
|-activate|p2a: Iron Valiant|ability: Quark Drive|[fromitem]
|-start|p2a: Iron Valiant|quarkdrivespe
|turn|24
|
|t:|1779860386
|move|p2a: Iron Valiant|Moonblast|p1a: Garganacl
|-crit|p1a: Garganacl
|-damage|p1a: Garganacl|0 fnt
|faint|p1a: Garganacl
|
|upkeep
|
|t:|1779860393
|switch|p1a: Alomomola|Alomomola, F|37/100
|turn|25
|
|t:|1779860396
|move|p2a: Iron Valiant|Moonblast|p1a: Alomomola
|-damage|p1a: Alomomola|0 fnt
|faint|p1a: Alomomola
|
|upkeep
|
|t:|1779860401
|switch|p1a: Pecharunt|Pecharunt|30/100
|turn|26
|
|t:|1779860405
|move|p2a: Iron Valiant|Moonblast|p1a: Pecharunt
|-resisted|p1a: Pecharunt
|-damage|p1a: Pecharunt|7/100
|move|p1a: Pecharunt|Recover|p1a: Pecharunt
|-heal|p1a: Pecharunt|57/100
|
|-heal|p1a: Pecharunt|63/100|[from] item: Leftovers
|upkeep
|turn|27
|
|t:|1779860415
|move|p2a: Iron Valiant|Encore|p1a: Pecharunt
|-start|p1a: Pecharunt|Encore
|move|p1a: Pecharunt|Recover|p1a: Pecharunt
|-heal|p1a: Pecharunt|100/100
|
|upkeep
|turn|28
|
|t:|1779860423
|switch|p1a: Dragapult|Dragapult, M|100/100
|move|p2a: Iron Valiant|Moonblast|p1a: Dragapult
|-supereffective|p1a: Dragapult
|-damage|p1a: Dragapult|0 fnt
|faint|p1a: Dragapult
|
|upkeep
|
|t:|1779860430
|switch|p1a: Pecharunt|Pecharunt|100/100
|turn|29
|
|t:|1779860437
|move|p2a: Iron Valiant|Moonblast|p1a: Pecharunt
|-resisted|p1a: Pecharunt
|-damage|p1a: Pecharunt|79/100
|move|p1a: Pecharunt|Malignant Chain|p2a: Iron Valiant
|-supereffective|p2a: Iron Valiant
|-damage|p2a: Iron Valiant|0 fnt
|faint|p2a: Iron Valiant
|-end|p2a: Iron Valiant|Quark Drive|[silent]
|
|-heal|p1a: Pecharunt|85/100|[from] item: Leftovers
|upkeep
|
|t:|1779860457
|switch|p2a: Zapdos|Zapdos|100/100
|turn|30
|
|t:|1779860462
|move|p2a: Zapdos|Discharge|p1a: Pecharunt
|-damage|p1a: Pecharunt|54/100
|move|p1a: Pecharunt|Nasty Plot|p1a: Pecharunt
|-boost|p1a: Pecharunt|spa|2
|
|-heal|p1a: Pecharunt|60/100|[from] item: Leftovers
|upkeep
|turn|31
|
|t:|1779860484
|move|p2a: Zapdos|Discharge|p1a: Pecharunt
|-damage|p1a: Pecharunt|30/100
|move|p1a: Pecharunt|Recover|p1a: Pecharunt
|-heal|p1a: Pecharunt|80/100
|
|-heal|p1a: Pecharunt|86/100|[from] item: Leftovers
|upkeep
|turn|32
|
|t:|1779860496
|move|p2a: Zapdos|Discharge|p1a: Pecharunt
|-damage|p1a: Pecharunt|50/100
|move|p1a: Pecharunt|Malignant Chain|p2a: Zapdos
|-damage|p2a: Zapdos|18/100
|-status|p2a: Zapdos|tox
|-start|p2a: Zapdos|confusion|[from] ability: Poison Puppeteer|[of] p1a: Pecharunt
|
|-heal|p1a: Pecharunt|56/100|[from] item: Leftovers
|-damage|p2a: Zapdos|11/100 tox|[from] psn
|upkeep
|turn|33
|
|t:|1779860509
|-activate|p2a: Zapdos|confusion
|move|p2a: Zapdos|Discharge|p1a: Pecharunt
|-damage|p1a: Pecharunt|21/100
|move|p1a: Pecharunt|Recover|p1a: Pecharunt
|-heal|p1a: Pecharunt|71/100
|
|-heal|p1a: Pecharunt|77/100|[from] item: Leftovers
|-damage|p2a: Zapdos|0 fnt|[from] psn
|faint|p2a: Zapdos
|upkeep
|
|t:|1779860519
|switch|p2a: Walking Wake|Walking Wake|100/100
|turn|34
|
|t:|1779860531
|move|p2a: Walking Wake|Dragon Pulse|p1a: Pecharunt
|-damage|p1a: Pecharunt|35/100
|move|p1a: Pecharunt|Malignant Chain|p2a: Walking Wake
|-damage|p2a: Walking Wake|0 fnt
|faint|p2a: Walking Wake
|-end|p2a: Walking Wake|Protosynthesis|[silent]
|
|win|ArmpitLickerr
|raw|ArmpitLickerr's rating: 1245 &rarr; <strong>1276</strong><br />(+31 for winning)
|raw|guetunggukapanpun's rating: 1331 &rarr; <strong>1306</strong><br />(-25 for losing)
|l|☆guetunggukapanpun
|player|p2|
|l|☆ArmpitLickerr
|player|p1|
