|j|‽doc1203
|j|☆oficial matute
|t:|1779923449
|gametype|singles
|player|p1|doc1203|morty|1490
|player|p2|oficial matute|policeman|1418
|gen|9
|tier|[Gen 9] OU
|rated|
|rule|HP Percentage Mod: HP is shown in percentages
|rule|Endless Battle Clause: Forcing endless battles is banned
|rule|Species Clause: Limit one of each Pokémon
|rule|OHKO Clause: OHKO moves are banned
|rule|Evasion Items Clause: Evasion items are banned
|rule|Evasion Moves Clause: Evasion moves are banned
|rule|Evasion Abilities Clause: Evasion abilities are banned
|rule|Sleep Moves Clause: Sleep-inducing moves are banned
|clearpoke
|poke|p1|Oricorio-Pom-Pom, M|
|poke|p1|Ninetales-Alola, F|
|poke|p1|Kyurem|
|poke|p1|Iron Moth|
|poke|p1|Great Tusk|
|poke|p1|Dragonite, M|
|poke|p2|Noivern, M|
|poke|p2|Tropius, F|
|poke|p2|Landorus-Therian, M|
|poke|p2|Garchomp, F|
|poke|p2|Hydrapple, F|
|poke|p2|Torterra, F|
|teampreview
|inactive|Battle timer is ON: inactive players will automatically lose when time's up. (requested by oficial matute)
|
|t:|1779923458
|teamsize|p1|6
|teamsize|p2|6
|start
|switch|p1a: Great Tusk|Great Tusk|100/100
|switch|p2a: 👁👅👁|Noivern, M|100/100
|-item|p1a: Great Tusk|Booster Energy|[from] ability: Frisk|[of] p2a: 👁👅👁
|-enditem|p1a: Great Tusk|Booster Energy
|-activate|p1a: Great Tusk|ability: Protosynthesis|[fromitem]
|-start|p1a: Great Tusk|protosynthesisspe
|turn|1
|inactive|doc1203 has 120 seconds left.
|
|t:|1779923495
|move|p2a: 👁👅👁|Switcheroo|p1a: Great Tusk
|-activate|p2a: 👁👅👁|move: Trick|[of] p1a: Great Tusk
|-item|p1a: Great Tusk|Choice Scarf|[from] move: Switcheroo
|-enditem|p2a: 👁👅👁|Choice Scarf|[silent]|[from] move: Switcheroo
|move|p1a: Great Tusk|Ice Spinner|p2a: 👁👅👁
|-supereffective|p2a: 👁👅👁
|-damage|p2a: 👁👅👁|0 fnt
|faint|p2a: 👁👅👁
|
|upkeep
|
|t:|1779923510
|switch|p2a: 👁👃👁|Landorus-Therian, M|100/100
|-ability|p2a: 👁👃👁|Intimidate|boost
|-unboost|p1a: Great Tusk|atk|1
|turn|2
|
|t:|1779923517
|move|p1a: Great Tusk|Ice Spinner|p2a: 👁👃👁
|-supereffective|p2a: 👁👃👁
|-damage|p2a: 👁👃👁|58/100
|-damage|p1a: Great Tusk|84/100|[from] item: Rocky Helmet|[of] p2a: 👁👃👁
|move|p2a: 👁👃👁|Stealth Rock|p1a: Great Tusk
|-sidestart|p1: doc1203|move: Stealth Rock
|
|upkeep
|turn|3
|inactive|doc1203 has 120 seconds left.
|
|t:|1779923533
|-terastallize|p1a: Great Tusk|Ice
|move|p1a: Great Tusk|Ice Spinner|p2a: 👁👃👁
|-supereffective|p2a: 👁👃👁
|-damage|p2a: 👁👃👁|0 fnt
|-damage|p1a: Great Tusk|67/100|[from] item: Rocky Helmet|[of] p2a: 👁👃👁
|faint|p2a: 👁👃👁
|
|upkeep
|
|t:|1779923542
|switch|p2a: 👁🐽👁|Tropius, F, shiny|100/100
|turn|4
|
|t:|1779923547
|-terastallize|p2a: 👁🐽👁|Ghost
|move|p1a: Great Tusk|Ice Spinner|p2a: 👁🐽👁
|-crit|p2a: 👁🐽👁
|-damage|p2a: 👁🐽👁|53/100
|move|p2a: 👁🐽👁|Leech Seed|p1a: Great Tusk|[miss]
|-miss|p2a: 👁🐽👁|p1a: Great Tusk
|
|upkeep
|turn|5
|inactive|doc1203 has 120 seconds left.
|
|t:|1779923577
|-end|p1a: Great Tusk|Protosynthesis|[silent]
|switch|p1a: Ninetales|Ninetales-Alola, F|100/100
|-damage|p1a: Ninetales|76/100|[from] Stealth Rock
|-weather|Snowscape|[from] ability: Snow Warning|[of] p1a: Ninetales
|move|p2a: 👁🐽👁|Leech Seed|p1a: Ninetales
|-start|p1a: Ninetales|move: Leech Seed
|
|-weather|Snowscape|[upkeep]
|-damage|p1a: Ninetales|63/100|[from] Leech Seed|[of] p2a: 👁🐽👁
|-heal|p2a: 👁🐽👁|64/100|[silent]
|upkeep
|turn|6
|inactive|doc1203 has 120 seconds left.
|
|t:|1779923592
|move|p2a: 👁🐽👁|Protect|p2a: 👁🐽👁
|-singleturn|p2a: 👁🐽👁|Protect
|move|p1a: Ninetales|Roar|p2a: 👁🐽👁
|drag|p2a: 👁🫦👁|Garchomp, F|100/100
|
|-weather|Snowscape|[upkeep]
|-damage|p1a: Ninetales|51/100|[from] Leech Seed|[of] p2a: 👁🫦👁
|upkeep
|turn|7
|
|t:|1779923602
|switch|p2a: 👁🐽👁|Tropius, F, shiny, tera:Ghost|64/100
|move|p1a: Ninetales|Freeze-Dry|p2a: 👁🐽👁
|-damage|p2a: 👁🐽👁|51/100
|
|-weather|Snowscape|[upkeep]
|-damage|p1a: Ninetales|39/100|[from] Leech Seed|[of] p2a: 👁🐽👁
|-heal|p2a: 👁🐽👁|62/100|[silent]
|upkeep
|turn|8
|
|t:|1779923613
|move|p2a: 👁🐽👁|Leech Seed||[still]
|-fail|p2a: 👁🐽👁
|move|p1a: Ninetales|Roar|p2a: 👁🐽👁
|drag|p2a: 👁👄👁|Hydrapple, F|100/100
|
|-weather|Snowscape|[upkeep]
|-damage|p1a: Ninetales|26/100|[from] Leech Seed|[of] p2a: 👁👄👁
|upkeep
|turn|9
|
|t:|1779923623
|switch|p1a: Iron Moth|Iron Moth|100/100
|-damage|p1a: Iron Moth|76/100|[from] Stealth Rock
|-enditem|p1a: Iron Moth|Booster Energy
|-activate|p1a: Iron Moth|ability: Quark Drive|[fromitem]
|-start|p1a: Iron Moth|quarkdrivespe
|switch|p2a: 👁🐽👁|Tropius, F, shiny, tera:Ghost|62/100
|
|-weather|none
|upkeep
|turn|10
|
|t:|1779923633
|move|p1a: Iron Moth|Substitute|p1a: Iron Moth
|-start|p1a: Iron Moth|Substitute
|-damage|p1a: Iron Moth|51/100
|move|p2a: 👁🐽👁|Leech Seed||[still]
|-fail|p2a: 👁🐽👁
|
|upkeep
|turn|11
|inactive|doc1203 has 120 seconds left.
|
|t:|1779923674
|move|p1a: Iron Moth|Fiery Dance|p2a: 👁🐽👁
|-damage|p2a: 👁🐽👁|34/100
|-boost|p1a: Iron Moth|spa|1
|-enditem|p2a: 👁🐽👁|Sitrus Berry|[eat]
|-heal|p2a: 👁🐽👁|59/100|[from] item: Sitrus Berry
|move|p2a: 👁🐽👁|Substitute|p2a: 👁🐽👁
|-start|p2a: 👁🐽👁|Substitute
|-damage|p2a: 👁🐽👁|34/100
|
|upkeep
|turn|12
|
|t:|1779923684
|move|p2a: 👁🐽👁|Protect|p2a: 👁🐽👁
|-singleturn|p2a: 👁🐽👁|Protect
|move|p1a: Iron Moth|Sludge Wave|p2a: 👁🐽👁
|-activate|p2a: 👁🐽👁|move: Protect
|
|-item|p2a: 👁🐽👁|Sitrus Berry|[from] ability: Harvest
|upkeep
|-enditem|p2a: 👁🐽👁|Sitrus Berry|[eat]
|-heal|p2a: 👁🐽👁|59/100|[from] item: Sitrus Berry
|turn|13
|
|t:|1779923695
|move|p1a: Iron Moth|Fiery Dance|p2a: 👁🐽👁
|-end|p2a: 👁🐽👁|Substitute
|move|p2a: 👁🐽👁|Curse|p1a: Iron Moth
|-start|p1a: Iron Moth|Curse|[of] p2a: 👁🐽👁
|-damage|p2a: 👁🐽👁|9/100
|
|-damage|p1a: Iron Moth|26/100|[from] Curse
|upkeep
|turn|14
|
|t:|1779923707
|move|p2a: 👁🐽👁|Protect|p2a: 👁🐽👁
|-singleturn|p2a: 👁🐽👁|Protect
|move|p1a: Iron Moth|Fiery Dance|p2a: 👁🐽👁
|-activate|p2a: 👁🐽👁|move: Protect
|
|-damage|p1a: Iron Moth|1/100|[from] Curse
|upkeep
|turn|15
|
|t:|1779923716
|switch|p2a: 👁🫦👁|Garchomp, F|100/100
|move|p1a: Iron Moth|Fiery Dance|p2a: 👁🫦👁
|-resisted|p2a: 👁🫦👁
|-damage|p2a: 👁🫦👁|70/100
|
|-damage|p1a: Iron Moth|0 fnt|[from] Curse
|faint|p1a: Iron Moth
|-end|p1a: Iron Moth|Quark Drive|[silent]
|upkeep
|
|t:|1779923736
|switch|p1a: Kyurem|Kyurem|100/100
|-damage|p1a: Kyurem|76/100|[from] Stealth Rock
|-ability|p1a: Kyurem|Pressure
|turn|16
|
|t:|1779923741
|move|p2a: 👁🫦👁|Scale Shot|p1a: Kyurem
|-supereffective|p1a: Kyurem
|-damage|p1a: Kyurem|50/100
|-supereffective|p1a: Kyurem
|-damage|p1a: Kyurem|27/100
|-supereffective|p1a: Kyurem
|-damage|p1a: Kyurem|2/100
|-supereffective|p1a: Kyurem
|-damage|p1a: Kyurem|0 fnt
|faint|p1a: Kyurem
|-hitcount|p1: Kyurem|4
|-unboost|p2a: 👁🫦👁|def|1
|-boost|p2a: 👁🫦👁|spe|1
|
|upkeep
|
|t:|1779923746
|switch|p1a: Great Tusk|Great Tusk, tera:Ice|67/100
|-damage|p1a: Great Tusk|42/100|[from] Stealth Rock
|turn|17
|
|t:|1779923756
|move|p2a: 👁🫦👁|Earthquake|p1a: Great Tusk
|-damage|p1a: Great Tusk|8/100
|move|p1a: Great Tusk|Ice Spinner|p2a: 👁🫦👁
|-supereffective|p2a: 👁🫦👁
|-damage|p2a: 👁🫦👁|0 fnt
|-damage|p1a: Great Tusk|0 fnt|[from] ability: Rough Skin|[of] p2a: 👁🫦👁
|faint|p2a: 👁🫦👁
|faint|p1a: Great Tusk
|-end|p1a: Great Tusk|Protosynthesis|[silent]
|
|upkeep
|
|t:|1779923770
|switch|p2a: 👁🐽👁|Tropius, F, shiny, tera:Ghost|9/100
|switch|p1a: Dragonite|Dragonite, M|100/100
|turn|18
|
|t:|1779923778
|move|p1a: Dragonite|Earthquake|p2a: 👁🐽👁
|-damage|p2a: 👁🐽👁|0 fnt
|faint|p2a: 👁🐽👁
|
|upkeep
|
|t:|1779923783
|switch|p2a: 👁👄👁|Hydrapple, F|100/100
|turn|19
|
|t:|1779923813
|move|p1a: Dragonite|Ice Spinner|p2a: 👁👄👁
|-supereffective|p2a: 👁👄👁
|-damage|p2a: 👁👄👁|0 fnt
|faint|p2a: 👁👄👁
|
|upkeep
|
|t:|1779923818
|switch|p2a: 👁🔴👁|Torterra, F|100/100
|turn|20
|
|t:|1779923833
|move|p1a: Dragonite|Ice Spinner|p2a: 👁🔴👁
|-supereffective|p2a: 👁🔴👁
|-enditem|p2a: 👁🔴👁|Focus Sash
|-damage|p2a: 👁🔴👁|1/100
|move|p2a: 👁🔴👁|Wood Hammer|p1a: Dragonite
|-resisted|p1a: Dragonite
|-damage|p1a: Dragonite|89/100
|-damage|p2a: 👁🔴👁|0 fnt|[from] Recoil
|faint|p2a: 👁🔴👁
|
|win|doc1203
|raw|doc1203's rating: 1471 &rarr; <strong>1488</strong><br />(+17 for winning)
|raw|oficial matute's rating: 1418 &rarr; <strong>1401</strong><br />(-17 for losing)
|l|‽doc1203
|player|p1|
|l|☆oficial matute
|player|p2|
