|j|☆mtxmason
|j|☆veronyl
|t:|1779904223
|gametype|singles
|player|p1|mtxmason|proton|1403
|player|p2|veronyl|palmer|1401
|gen|9
|tier|[Gen 9] OU
|rated|
|rule|HP Percentage Mod: HP is shown in percentages
|rule|Endless Battle Clause: Forcing endless battles is banned
|rule|Species Clause: Limit one of each Pokémon
|rule|OHKO Clause: OHKO moves are banned
|rule|Evasion Items Clause: Evasion items are banned
|rule|Evasion Moves Clause: Evasion moves are banned
|rule|Evasion Abilities Clause: Evasion abilities are banned
|rule|Sleep Moves Clause: Sleep-inducing moves are banned
|clearpoke
|poke|p1|Great Tusk|
|poke|p1|Dragonite, F|
|poke|p1|Ogerpon-Wellspring, F|
|poke|p1|Gholdengo|
|poke|p1|Slowking-Galar, M|
|poke|p1|Zamazenta-*|
|poke|p2|Glaceon, F|
|poke|p2|Ninetales-Alola, F|
|poke|p2|Basculegion-F, F|
|poke|p2|Ogerpon-Wellspring, F|
|poke|p2|Iron Treads|
|poke|p2|Weavile, F|
|teampreview
|inactive|Battle timer is ON: inactive players will automatically lose when time's up. (requested by mtxmason)
|
|t:|1779904238
|teamsize|p1|6
|teamsize|p2|6
|start
|switch|p1a: Gholdengo|Gholdengo|100/100
|switch|p2a: Basculegion|Basculegion-F, F|100/100
|turn|1
|
|t:|1779904241
|move|p1a: Gholdengo|Shadow Ball|p2a: Basculegion
|-supereffective|p2a: Basculegion
|-damage|p2a: Basculegion|5/100
|move|p2a: Basculegion|Shadow Ball|p1a: Gholdengo
|-supereffective|p1a: Gholdengo
|-damage|p1a: Gholdengo|0 fnt
|faint|p1a: Gholdengo
|
|upkeep
|
|t:|1779904255
|switch|p1a: Dragonite|Dragonite, F|100/100
|turn|2
|inactive|veronyl has 120 seconds left.
|
|t:|1779904302
|-terastallize|p1a: Dragonite|Normal
|move|p2a: Basculegion|Shadow Ball|p1a: Dragonite
|-immune|p1a: Dragonite
|move|p1a: Dragonite|Dragon Dance|p1a: Dragonite
|-boost|p1a: Dragonite|atk|1
|-boost|p1a: Dragonite|spe|1
|
|upkeep
|turn|3
|
|t:|1779904308
|switch|p2a: Ninetales|Ninetales-Alola, F|100/100
|-weather|Snowscape|[from] ability: Snow Warning|[of] p2a: Ninetales
|move|p1a: Dragonite|Dragon Dance|p1a: Dragonite
|-boost|p1a: Dragonite|atk|1
|-boost|p1a: Dragonite|spe|1
|
|-weather|Snowscape|[upkeep]
|upkeep
|turn|4
|
|t:|1779904314
|move|p1a: Dragonite|Extreme Speed|p2a: Ninetales
|-damage|p2a: Ninetales|22/100
|move|p2a: Ninetales|Encore|p1a: Dragonite
|-start|p1a: Dragonite|Encore
|
|-weather|Snowscape|[upkeep]
|upkeep
|turn|5
|
|t:|1779904317
|switch|p2a: Basculegion|Basculegion-F, F|5/100
|move|p1a: Dragonite|Extreme Speed|p2a: Basculegion
|-immune|p2a: Basculegion
|
|-weather|Snowscape|[upkeep]
|upkeep
|turn|6
|
|t:|1779904322
|switch|p1a: Ogerpon|Ogerpon-Wellspring, F|100/100
|move|p2a: Basculegion|Surf|p1a: Ogerpon
|-immune|p1a: Ogerpon|[from] ability: Water Absorb
|
|-weather|Snowscape|[upkeep]
|upkeep
|turn|7
|
|t:|1779904351
|switch|p2a: Glaceon|Glaceon, F|100/100
|move|p1a: Ogerpon|Knock Off|p2a: Glaceon
|-damage|p2a: Glaceon|78/100
|-enditem|p2a: Glaceon|Choice Specs|[from] move: Knock Off|[of] p1a: Ogerpon
|
|-weather|none
|upkeep
|turn|8
|
|t:|1779904354
|move|p1a: Ogerpon|U-turn|p2a: Glaceon
|-damage|p2a: Glaceon|51/100
|
|t:|1779904358
|switch|p1a: Slowking|Slowking-Galar, M|100/100|[from] U-turn
|move|p2a: Glaceon|Freeze-Dry|p1a: Slowking
|-damage|p1a: Slowking|76/100
|-status|p1a: Slowking|frz
|
|upkeep
|turn|9
|
|t:|1779904372
|switch|p1a: Dragonite|Dragonite, F, tera:Normal|100/100
|move|p2a: Glaceon|Shadow Ball|p1a: Dragonite
|-immune|p1a: Dragonite
|
|upkeep
|turn|10
|l|☆veronyl
|inactive|veronyl disconnected and has a minute to reconnect!
|player|p2|
|j|☆veronyl
|inactive|veronyl reconnected and has 120 seconds left.
|player|p2|veronyl|palmer|
|
|t:|1779904408
|move|p1a: Dragonite|Dragon Dance|p1a: Dragonite
|-boost|p1a: Dragonite|atk|1
|-boost|p1a: Dragonite|spe|1
|move|p2a: Glaceon|Alluring Voice|p1a: Dragonite
|-damage|p1a: Dragonite|86/100
|-start|p1a: Dragonite|confusion
|
|upkeep
|turn|11
|
|t:|1779904427
|-activate|p1a: Dragonite|confusion
|move|p1a: Dragonite|Extreme Speed|p2a: Glaceon
|-damage|p2a: Glaceon|0 fnt
|faint|p2a: Glaceon
|
|upkeep
|
|t:|1779904432
|switch|p2a: Basculegion|Basculegion-F, F|5/100
|turn|12
|
|t:|1779904442
|move|p2a: Basculegion|Ice Beam|p1a: Dragonite
|-damage|p1a: Dragonite|59/100
|-activate|p1a: Dragonite|confusion
|-damage|p1a: Dragonite|36/100|[from] confusion
|
|upkeep
|turn|13
|
|t:|1779904445
|move|p2a: Basculegion|Ice Beam|p1a: Dragonite
|-damage|p1a: Dragonite|12/100
|-activate|p1a: Dragonite|confusion
|move|p1a: Dragonite|Earthquake|p2a: Basculegion
|-damage|p2a: Basculegion|0 fnt
|faint|p2a: Basculegion
|
|upkeep
|
|t:|1779904449
|switch|p2a: Weavile|Weavile, F|100/100
|-ability|p2a: Weavile|Pressure
|turn|14
|
|t:|1779904455
|-end|p1a: Dragonite|confusion
|move|p1a: Dragonite|Extreme Speed|p2a: Weavile
|-damage|p2a: Weavile|0 fnt
|faint|p2a: Weavile
|
|upkeep
|
|t:|1779904465
|switch|p2a: Iron Treads|Iron Treads|100/100
|-enditem|p2a: Iron Treads|Booster Energy
|-activate|p2a: Iron Treads|ability: Quark Drive|[fromitem]
|-start|p2a: Iron Treads|quarkdriveatk
|turn|15
|
|t:|1779904468
|move|p1a: Dragonite|Earthquake|p2a: Iron Treads
|-supereffective|p2a: Iron Treads
|-damage|p2a: Iron Treads|0 fnt
|faint|p2a: Iron Treads
|-end|p2a: Iron Treads|Quark Drive|[silent]
|
|upkeep
|-message|veronyl forfeited.
|
|win|mtxmason
|raw|mtxmason's rating: 1403 &rarr; <strong>1423</strong><br />(+20 for winning)
|raw|veronyl's rating: 1401 &rarr; <strong>1381</strong><br />(-20 for losing)
|l|☆veronyl
|player|p2|
|l|☆mtxmason
|player|p1|
