|j|‽hugo93110
|j|☆moizette
|t:|1779950816
|gametype|singles
|player|p1|hugo93110|colress|1330
|player|p2|moizette|gentleman-gen4|1274
|gen|9
|tier|[Gen 9] OU
|rated|
|rule|HP Percentage Mod: HP is shown in percentages
|rule|Endless Battle Clause: Forcing endless battles is banned
|rule|Species Clause: Limit one of each Pokémon
|rule|OHKO Clause: OHKO moves are banned
|rule|Evasion Items Clause: Evasion items are banned
|rule|Evasion Moves Clause: Evasion moves are banned
|rule|Evasion Abilities Clause: Evasion abilities are banned
|rule|Sleep Moves Clause: Sleep-inducing moves are banned
|clearpoke
|poke|p1|Glimmora, M|
|poke|p1|Kingambit, M|
|poke|p1|Darkrai|
|poke|p1|Zamazenta-*|
|poke|p1|Dragonite, M|
|poke|p1|Iron Valiant|
|poke|p2|Walking Wake|
|poke|p2|Zamazenta-*|
|poke|p2|Cryogonal|
|poke|p2|Gholdengo|
|poke|p2|Samurott-Hisui, M|
|poke|p2|Gliscor, M|
|teampreview
|inactive|Battle timer is ON: inactive players will automatically lose when time's up. (requested by moizette)
|
|t:|1779950824
|teamsize|p1|6
|teamsize|p2|6
|start
|switch|p1a: Glimmora|Glimmora, M, shiny|100/100
|switch|p2a: Walking Wake|Walking Wake|100/100
|turn|1
|
|t:|1779950830
|move|p2a: Walking Wake|Scald|p1a: Glimmora
|-supereffective|p1a: Glimmora
|-enditem|p1a: Glimmora|Focus Sash
|-damage|p1a: Glimmora|1/100
|move|p1a: Glimmora|Stealth Rock|p2a: Walking Wake
|-sidestart|p2: moizette|move: Stealth Rock
|
|upkeep
|turn|2
|
|t:|1779950838
|move|p2a: Walking Wake|Scald|p1a: Glimmora
|-supereffective|p1a: Glimmora
|-damage|p1a: Glimmora|0 fnt
|faint|p1a: Glimmora
|
|upkeep
|
|t:|1779950852
|switch|p1a: Kingambit|Kingambit, M, shiny|100/100
|-activate|p1a: Kingambit|ability: Supreme Overlord
|-start|p1a: Kingambit|fallen1|[silent]
|turn|3
|
|t:|1779950857
|move|p2a: Walking Wake|Scald|p1a: Kingambit
|-damage|p1a: Kingambit|54/100
|move|p1a: Kingambit|Swords Dance|p1a: Kingambit
|-boost|p1a: Kingambit|atk|2
|
|upkeep
|turn|4
|
|t:|1779950863
|move|p2a: Walking Wake|Scald|p1a: Kingambit
|-damage|p1a: Kingambit|12/100
|move|p1a: Kingambit|Kowtow Cleave|p2a: Walking Wake
|-damage|p2a: Walking Wake|0 fnt
|faint|p2a: Walking Wake
|-end|p2a: Walking Wake|Protosynthesis|[silent]
|
|upkeep
|
|t:|1779950879
|switch|p2a: Zamazenta|Zamazenta|100/100
|-damage|p2a: Zamazenta|94/100|[from] Stealth Rock
|-ability|p2a: Zamazenta|Dauntless Shield|boost
|-boost|p2a: Zamazenta|def|1
|turn|5
|
|t:|1779950888
|move|p1a: Kingambit|Sucker Punch|p2a: Zamazenta
|-resisted|p2a: Zamazenta
|-damage|p2a: Zamazenta|62/100
|move|p2a: Zamazenta|Play Rough|p1a: Kingambit
|-damage|p1a: Kingambit|0 fnt
|faint|p1a: Kingambit
|-end|p1a: Kingambit|fallen1|[silent]
|
|upkeep
|inactive|hugo93110 has 120 seconds left.
|
|t:|1779950934
|switch|p1a: Iron Valiant|Iron Valiant|100/100
|-enditem|p1a: Iron Valiant|Booster Energy
|-activate|p1a: Iron Valiant|ability: Quark Drive|[fromitem]
|-start|p1a: Iron Valiant|quarkdrivespe
|turn|6
|
|t:|1779950939
|switch|p2a: Cryogonal|Cryogonal|100/100
|move|p1a: Iron Valiant|Moonblast|p2a: Cryogonal
|-damage|p2a: Cryogonal|67/100
|
|upkeep
|turn|7
|inactive|hugo93110 has 120 seconds left.
|
|t:|1779950946
|move|p1a: Iron Valiant|Calm Mind|p1a: Iron Valiant
|-boost|p1a: Iron Valiant|spa|1
|-boost|p1a: Iron Valiant|spd|1
|move|p2a: Cryogonal|Rapid Spin|p1a: Iron Valiant
|-damage|p1a: Iron Valiant|93/100
|-boost|p2a: Cryogonal|spe|1
|-sideend|p2: moizette|Stealth Rock|[from] move: Rapid Spin|[of] p2a: Cryogonal
|
|upkeep
|turn|8
|
|t:|1779950957
|move|p1a: Iron Valiant|Moonblast|p2a: Cryogonal
|-damage|p2a: Cryogonal|14/100
|move|p2a: Cryogonal|Rapid Spin|p1a: Iron Valiant
|-damage|p1a: Iron Valiant|85/100
|-boost|p2a: Cryogonal|spe|1
|
|upkeep
|turn|9
|
|t:|1779950964
|move|p2a: Cryogonal|Recover|p2a: Cryogonal
|-heal|p2a: Cryogonal|64/100
|move|p1a: Iron Valiant|Moonblast|p2a: Cryogonal
|-damage|p2a: Cryogonal|15/100
|
|upkeep
|turn|10
|
|t:|1779950971
|move|p2a: Cryogonal|Freeze-Dry|p1a: Iron Valiant
|-damage|p1a: Iron Valiant|59/100
|-status|p1a: Iron Valiant|frz
|cant|p1a: Iron Valiant|frz
|
|upkeep
|turn|11
|
|t:|1779950978
|move|p2a: Cryogonal|Freeze-Dry|p1a: Iron Valiant
|-damage|p1a: Iron Valiant|29/100 frz
|cant|p1a: Iron Valiant|frz
|
|upkeep
|turn|12
|
|t:|1779950983
|move|p2a: Cryogonal|Freeze-Dry|p1a: Iron Valiant
|-damage|p1a: Iron Valiant|3/100 frz
|cant|p1a: Iron Valiant|frz
|
|upkeep
|turn|13
|
|t:|1779950987
|move|p2a: Cryogonal|Freeze-Dry|p1a: Iron Valiant
|-damage|p1a: Iron Valiant|0 fnt
|faint|p1a: Iron Valiant
|-end|p1a: Iron Valiant|Quark Drive|[silent]
|
|upkeep
|
|t:|1779950994
|switch|p1a: Dragonite|Dragonite, M, shiny|100/100
|turn|14
|
|t:|1779950998
|switch|p2a: Gholdengo|Gholdengo|100/100
|move|p1a: Dragonite|Extreme Speed|p2a: Gholdengo
|-immune|p2a: Gholdengo
|
|upkeep
|turn|15
|
|t:|1779951003
|move|p1a: Dragonite|Dragon Dance|p1a: Dragonite
|-boost|p1a: Dragonite|atk|1
|-boost|p1a: Dragonite|spe|1
|move|p2a: Gholdengo|Thunder Wave|p1a: Dragonite
|-status|p1a: Dragonite|par
|
|upkeep
|turn|16
|
|t:|1779951009
|move|p2a: Gholdengo|Hex|p1a: Dragonite
|-damage|p1a: Dragonite|69/100 par
|move|p1a: Dragonite|Dragon Dance|p1a: Dragonite
|-boost|p1a: Dragonite|atk|1
|-boost|p1a: Dragonite|spe|1
|
|upkeep
|turn|17
|
|t:|1779951019
|move|p1a: Dragonite|Earthquake|p2a: Gholdengo
|-supereffective|p2a: Gholdengo
|-damage|p2a: Gholdengo|0 fnt
|faint|p2a: Gholdengo
|
|upkeep
|
|t:|1779951030
|switch|p2a: Samurott|Samurott-Hisui, M|100/100
|turn|18
|
|t:|1779951038
|move|p2a: Samurott|Ceaseless Edge|p1a: Dragonite
|-damage|p1a: Dragonite|22/100 par
|-sidestart|p1: hugo93110|Spikes
|move|p1a: Dragonite|Earthquake|p2a: Samurott
|-damage|p2a: Samurott|0 fnt
|faint|p2a: Samurott
|
|upkeep
|
|t:|1779951045
|switch|p2a: Zamazenta|Zamazenta|62/100
|turn|19
|
|t:|1779951052
|move|p1a: Dragonite|Extreme Speed|p2a: Zamazenta
|-damage|p2a: Zamazenta|4/100
|move|p2a: Zamazenta|Play Rough|p1a: Dragonite
|-supereffective|p1a: Dragonite
|-damage|p1a: Dragonite|0 fnt
|faint|p1a: Dragonite
|
|upkeep
|
|t:|1779951068
|switch|p1a: Zamazenta|Zamazenta|100/100
|-damage|p1a: Zamazenta|88/100|[from] Spikes
|-ability|p1a: Zamazenta|Dauntless Shield|boost
|-boost|p1a: Zamazenta|def|1
|turn|20
|
|t:|1779951086
|move|p1a: Zamazenta|Iron Defense|p1a: Zamazenta
|-boost|p1a: Zamazenta|def|2
|move|p2a: Zamazenta|Play Rough|p1a: Zamazenta
|-supereffective|p1a: Zamazenta
|-damage|p1a: Zamazenta|57/100
|
|-heal|p1a: Zamazenta|63/100|[from] item: Leftovers
|upkeep
|turn|21
|
|t:|1779951094
|move|p1a: Zamazenta|Iron Defense|p1a: Zamazenta
|-boost|p1a: Zamazenta|def|2
|move|p2a: Zamazenta|Play Rough|p1a: Zamazenta
|-supereffective|p1a: Zamazenta
|-damage|p1a: Zamazenta|41/100
|
|-heal|p1a: Zamazenta|47/100|[from] item: Leftovers
|upkeep
|turn|22
|
|t:|1779951102
|move|p1a: Zamazenta|Body Press|p2a: Zamazenta
|-damage|p2a: Zamazenta|0 fnt
|faint|p2a: Zamazenta
|
|-heal|p1a: Zamazenta|54/100|[from] item: Leftovers
|upkeep
|
|t:|1779951107
|switch|p2a: Gliscor|Gliscor, M|100/100
|turn|23
|
|t:|1779951111
|move|p1a: Zamazenta|Body Press|p2a: Gliscor
|-resisted|p2a: Gliscor
|-damage|p2a: Gliscor|70/100
|move|p2a: Gliscor|Toxic|p1a: Zamazenta
|-status|p1a: Zamazenta|tox
|
|-heal|p1a: Zamazenta|60/100 tox|[from] item: Leftovers
|-damage|p1a: Zamazenta|54/100 tox|[from] psn
|-status|p2a: Gliscor|tox|[from] item: Toxic Orb
|upkeep
|turn|24
|
|t:|1779951125
|move|p1a: Zamazenta|Body Press|p2a: Gliscor
|-resisted|p2a: Gliscor
|-damage|p2a: Gliscor|39/100 tox
|move|p2a: Gliscor|Stealth Rock|p1a: Zamazenta
|-sidestart|p1: hugo93110|move: Stealth Rock
|
|-heal|p1a: Zamazenta|60/100 tox|[from] item: Leftovers
|-damage|p1a: Zamazenta|47/100 tox|[from] psn
|-heal|p2a: Gliscor|52/100 tox|[from] ability: Poison Heal
|upkeep
|turn|25
|
|t:|1779951154
|move|p1a: Zamazenta|Body Press|p2a: Gliscor
|-resisted|p2a: Gliscor
|-damage|p2a: Gliscor|20/100 tox
|move|p2a: Gliscor|Earthquake|p1a: Zamazenta
|-damage|p1a: Zamazenta|40/100 tox
|
|-heal|p1a: Zamazenta|46/100 tox|[from] item: Leftovers
|-damage|p1a: Zamazenta|28/100 tox|[from] psn
|-heal|p2a: Gliscor|33/100 tox|[from] ability: Poison Heal
|upkeep
|turn|26
|
|t:|1779951165
|move|p2a: Gliscor|Protect|p2a: Gliscor
|-singleturn|p2a: Gliscor|Protect
|move|p1a: Zamazenta|Body Press|p2a: Gliscor
|-activate|p2a: Gliscor|move: Protect
|
|-heal|p1a: Zamazenta|34/100 tox|[from] item: Leftovers
|-damage|p1a: Zamazenta|9/100 tox|[from] psn
|-heal|p2a: Gliscor|45/100 tox|[from] ability: Poison Heal
|upkeep
|turn|27
|
|t:|1779951179
|switch|p2a: Cryogonal|Cryogonal|15/100
|move|p1a: Zamazenta|Body Press|p2a: Cryogonal
|-supereffective|p2a: Cryogonal
|-damage|p2a: Cryogonal|0 fnt
|faint|p2a: Cryogonal
|
|-heal|p1a: Zamazenta|15/100 tox|[from] item: Leftovers
|-damage|p1a: Zamazenta|0 fnt|[from] psn
|faint|p1a: Zamazenta
|upkeep
|
|t:|1779951189
|switch|p1a: Darkrai|Darkrai|100/100
|switch|p2a: Gliscor|Gliscor, M|45/100 tox
|-damage|p1a: Darkrai|88/100|[from] Spikes
|-damage|p1a: Darkrai|76/100|[from] Stealth Rock
|turn|28
|
|t:|1779951196
|move|p1a: Darkrai|Ice Beam|p2a: Gliscor
|-supereffective|p2a: Gliscor
|-damage|p2a: Gliscor|0 fnt
|faint|p2a: Gliscor
|-damage|p1a: Darkrai|66/100|[from] item: Life Orb
|
|win|hugo93110
|raw|hugo93110's rating: 1330 &rarr; <strong>1347</strong><br />(+17 for winning)
|raw|moizette's rating: 1274 &rarr; <strong>1253</strong><br />(-21 for losing)
|l|☆moizette
|player|p2|
|l|‽hugo93110
|player|p1|
