|j|☆ikthoizzykil
|j|☆BiggieChed66
|t:|1779917098
|gametype|singles
|player|p1|ikthoizzykil|pokemaniac-gen3rs|1381
|player|p2|BiggieChed66|ghetsis-gen5bw|1387
|gen|9
|tier|[Gen 9] OU
|rated|
|rule|HP Percentage Mod: HP is shown in percentages
|rule|Endless Battle Clause: Forcing endless battles is banned
|rule|Species Clause: Limit one of each Pokémon
|rule|OHKO Clause: OHKO moves are banned
|rule|Evasion Items Clause: Evasion items are banned
|rule|Evasion Moves Clause: Evasion moves are banned
|rule|Evasion Abilities Clause: Evasion abilities are banned
|rule|Sleep Moves Clause: Sleep-inducing moves are banned
|clearpoke
|poke|p1|Metagross|
|poke|p1|Rillaboom, M|
|poke|p1|Braviary, M|
|poke|p1|Great Tusk|
|poke|p1|Garganacl, F|
|poke|p1|Dragapult, M|
|poke|p2|Gholdengo|
|poke|p2|Iron Treads|
|poke|p2|Moltres|
|poke|p2|Zamazenta-*|
|poke|p2|Samurott-Hisui, M|
|poke|p2|Garganacl, M|
|teampreview
|inactive|Battle timer is ON: inactive players will automatically lose when time's up. (requested by ikthoizzykil)
|
|t:|1779917105
|teamsize|p1|6
|teamsize|p2|6
|start
|switch|p1a: Rillaboom|Rillaboom, M|100/100
|switch|p2a: Samurott|Samurott-Hisui, M|100/100
|-fieldstart|move: Grassy Terrain|[from] ability: Grassy Surge|[of] p1a: Rillaboom
|turn|1
|
|t:|1779917113
|switch|p2a: Moltres|Moltres|100/100
|switch|p1a: Garganacl|Garganacl, F|100/100
|
|upkeep
|turn|2
|
|t:|1779917124
|move|p2a: Moltres|U-turn|p1a: Garganacl
|-damage|p1a: Garganacl|90/100
|
|t:|1779917128
|switch|p2a: Gholdengo|Gholdengo|100/100|[from] U-turn
|move|p1a: Garganacl|Salt Cure|p2a: Gholdengo
|-resisted|p2a: Gholdengo
|-damage|p2a: Gholdengo|92/100
|-start|p2a: Gholdengo|Salt Cure
|
|-heal|p2a: Gholdengo|98/100|[from] Grassy Terrain
|-heal|p1a: Garganacl|96/100|[from] Grassy Terrain
|-heal|p1a: Garganacl|100/100|[from] item: Leftovers
|-damage|p2a: Gholdengo|73/100|[from] Salt Cure
|upkeep
|turn|3
|
|t:|1779917151
|move|p1a: Garganacl|Protect|p1a: Garganacl
|-singleturn|p1a: Garganacl|Protect
|move|p2a: Gholdengo|Make It Rain|p1a: Garganacl
|-activate|p1a: Garganacl|move: Protect
|
|-heal|p2a: Gholdengo|79/100|[from] Grassy Terrain
|-damage|p2a: Gholdengo|54/100|[from] Salt Cure
|upkeep
|turn|4
|inactive|ikthoizzykil has 120 seconds left.
|
|t:|1779917177
|switch|p1a: Braviary|Braviary, M|100/100
|move|p2a: Gholdengo|Make It Rain|p1a: Braviary
|-damage|p1a: Braviary|51/100
|-unboost|p2a: Gholdengo|spa|1
|
|-heal|p2a: Gholdengo|60/100|[from] Grassy Terrain
|-damage|p2a: Gholdengo|35/100|[from] Salt Cure
|upkeep
|turn|5
|inactive|ikthoizzykil has 120 seconds left.
|
|t:|1779917186
|switch|p2a: Garganacl|Garganacl, M|100/100
|move|p1a: Braviary|Roost|p1a: Braviary
|-heal|p1a: Braviary|100/100
|-singleturn|p1a: Braviary|move: Roost
|
|-fieldend|move: Grassy Terrain
|upkeep
|turn|6
|
|t:|1779917194
|switch|p1a: Great Tusk|Great Tusk|100/100
|move|p2a: Garganacl|Salt Cure|p1a: Great Tusk
|-resisted|p1a: Great Tusk
|-crit|p1a: Great Tusk
|-damage|p1a: Great Tusk|97/100
|-start|p1a: Great Tusk|Salt Cure
|
|-damage|p1a: Great Tusk|85/100|[from] Salt Cure
|upkeep
|turn|7
|
|t:|1779917202
|move|p2a: Garganacl|Protect|p2a: Garganacl
|-singleturn|p2a: Garganacl|Protect
|move|p1a: Great Tusk|Stealth Rock|p2a: Garganacl
|-sidestart|p2: BiggieChed66|move: Stealth Rock
|
|-damage|p1a: Great Tusk|72/100|[from] Salt Cure
|upkeep
|turn|8
|
|t:|1779917209
|switch|p2a: Moltres|Moltres|100/100
|move|p1a: Great Tusk|Headlong Rush|p2a: Moltres
|-immune|p2a: Moltres
|
|-damage|p1a: Great Tusk|60/100|[from] Salt Cure
|upkeep
|turn|9
|
|t:|1779917216
|-end|p1a: Great Tusk|Protosynthesis|[silent]
|switch|p1a: Garganacl|Garganacl, F|100/100
|move|p2a: Moltres|Flamethrower|p1a: Garganacl
|-resisted|p1a: Garganacl
|-damage|p1a: Garganacl|89/100
|
|-heal|p1a: Garganacl|95/100|[from] item: Leftovers
|upkeep
|turn|10
|
|t:|1779917226
|switch|p2a: Samurott|Samurott-Hisui, M|100/100
|-damage|p2a: Samurott|88/100|[from] Stealth Rock
|move|p1a: Garganacl|Salt Cure|p2a: Samurott
|-damage|p2a: Samurott|69/100
|-start|p2a: Samurott|Salt Cure
|
|-heal|p1a: Garganacl|100/100|[from] item: Leftovers
|-damage|p2a: Samurott|44/100|[from] Salt Cure
|upkeep
|turn|11
|
|t:|1779917240
|move|p1a: Garganacl|Protect|p1a: Garganacl
|-singleturn|p1a: Garganacl|Protect
|move|p2a: Samurott|Ceaseless Edge|p1a: Garganacl
|-activate|p1a: Garganacl|move: Protect
|
|-damage|p2a: Samurott|20/100|[from] Salt Cure
|upkeep
|turn|12
|
|t:|1779917255
|move|p2a: Samurott|Sacred Sword|p1a: Garganacl
|-supereffective|p1a: Garganacl
|-damage|p1a: Garganacl|43/100
|move|p1a: Garganacl|Salt Cure|p2a: Samurott
|-damage|p2a: Samurott|3/100
|
|-heal|p1a: Garganacl|50/100|[from] item: Leftovers
|-damage|p2a: Samurott|0 fnt|[from] Salt Cure
|faint|p2a: Samurott
|upkeep
|
|t:|1779917264
|switch|p2a: Iron Treads|Iron Treads|100/100
|-damage|p2a: Iron Treads|97/100|[from] Stealth Rock
|-enditem|p2a: Iron Treads|Booster Energy
|-activate|p2a: Iron Treads|ability: Quark Drive|[fromitem]
|-start|p2a: Iron Treads|quarkdrivespe
|turn|13
|
|t:|1779917270
|move|p1a: Garganacl|Protect|p1a: Garganacl
|-singleturn|p1a: Garganacl|Protect
|move|p2a: Iron Treads|Earthquake|p1a: Garganacl
|-activate|p1a: Garganacl|move: Protect
|
|-heal|p1a: Garganacl|56/100|[from] item: Leftovers
|upkeep
|turn|14
|
|t:|1779917289
|switch|p1a: Rillaboom|Rillaboom, M|100/100
|-fieldstart|move: Grassy Terrain|[from] ability: Grassy Surge|[of] p1a: Rillaboom
|move|p2a: Iron Treads|Earthquake|p1a: Rillaboom
|-resisted|p1a: Rillaboom
|-damage|p1a: Rillaboom|90/100
|
|-heal|p2a: Iron Treads|100/100|[from] Grassy Terrain
|-heal|p1a: Rillaboom|96/100|[from] Grassy Terrain
|upkeep
|turn|15
|
|t:|1779917302
|switch|p1a: Dragapult|Dragapult, M|100/100
|move|p2a: Iron Treads|Knock Off|p1a: Dragapult
|-supereffective|p1a: Dragapult
|-damage|p1a: Dragapult|13/100
|-enditem|p1a: Dragapult|Choice Specs|[from] move: Knock Off|[of] p2a: Iron Treads
|
|-heal|p1a: Dragapult|19/100|[from] Grassy Terrain
|upkeep
|turn|16
|
|t:|1779917309
|move|p2a: Iron Treads|Knock Off|p1a: Dragapult
|-supereffective|p1a: Dragapult
|-damage|p1a: Dragapult|0 fnt
|faint|p1a: Dragapult
|
|upkeep
|
|t:|1779917323
|switch|p1a: Garganacl|Garganacl, F|56/100
|turn|17
|
|t:|1779917327
|move|p2a: Iron Treads|Stealth Rock|p1a: Garganacl
|-sidestart|p1: ikthoizzykil|move: Stealth Rock
|move|p1a: Garganacl|Salt Cure|p2a: Iron Treads
|-resisted|p2a: Iron Treads
|-damage|p2a: Iron Treads|97/100
|-start|p2a: Iron Treads|Salt Cure
|
|-heal|p2a: Iron Treads|100/100|[from] Grassy Terrain
|-heal|p1a: Garganacl|62/100|[from] Grassy Terrain
|-heal|p1a: Garganacl|68/100|[from] item: Leftovers
|-damage|p2a: Iron Treads|76/100|[from] Salt Cure
|upkeep
|turn|18
|
|t:|1779917336
|move|p1a: Garganacl|Protect|p1a: Garganacl
|-singleturn|p1a: Garganacl|Protect
|move|p2a: Iron Treads|Earthquake|p1a: Garganacl
|-activate|p1a: Garganacl|move: Protect
|
|-heal|p2a: Iron Treads|82/100|[from] Grassy Terrain
|-heal|p1a: Garganacl|74/100|[from] Grassy Terrain
|-heal|p1a: Garganacl|81/100|[from] item: Leftovers
|-damage|p2a: Iron Treads|57/100|[from] Salt Cure
|-fieldend|move: Grassy Terrain
|upkeep
|turn|19
|
|t:|1779917346
|move|p2a: Iron Treads|Knock Off|p1a: Garganacl
|-damage|p1a: Garganacl|60/100
|-enditem|p1a: Garganacl|Leftovers|[from] move: Knock Off|[of] p2a: Iron Treads
|move|p1a: Garganacl|Salt Cure|p2a: Iron Treads
|-resisted|p2a: Iron Treads
|-damage|p2a: Iron Treads|54/100
|
|-damage|p2a: Iron Treads|29/100|[from] Salt Cure
|upkeep
|turn|20
|
|t:|1779917363
|-end|p2a: Iron Treads|Quark Drive|[silent]
|switch|p2a: Gholdengo|Gholdengo|35/100
|-damage|p2a: Gholdengo|29/100|[from] Stealth Rock
|move|p1a: Garganacl|Salt Cure|p2a: Gholdengo
|-resisted|p2a: Gholdengo
|-damage|p2a: Gholdengo|20/100
|-start|p2a: Gholdengo|Salt Cure
|
|-damage|p2a: Gholdengo|0 fnt|[from] Salt Cure
|faint|p2a: Gholdengo
|upkeep
|
|t:|1779917371
|switch|p2a: Zamazenta|Zamazenta|100/100
|-ability|p2a: Zamazenta|Dauntless Shield|boost
|-boost|p2a: Zamazenta|def|1
|turn|21
|
|t:|1779917385
|-terastallize|p1a: Garganacl|Fairy
|move|p2a: Zamazenta|Close Combat|p1a: Garganacl
|-resisted|p1a: Garganacl
|-damage|p1a: Garganacl|40/100
|-unboost|p2a: Zamazenta|def|1
|-unboost|p2a: Zamazenta|spd|1
|move|p1a: Garganacl|Salt Cure|p2a: Zamazenta
|-resisted|p2a: Zamazenta
|-damage|p2a: Zamazenta|93/100
|-start|p2a: Zamazenta|Salt Cure
|
|-damage|p2a: Zamazenta|81/100|[from] Salt Cure
|upkeep
|turn|22
|
|t:|1779917403
|switch|p2a: Moltres|Moltres|100/100
|move|p1a: Garganacl|Curse|p1a: Garganacl
|-unboost|p1a: Garganacl|spe|1
|-boost|p1a: Garganacl|atk|1
|-boost|p1a: Garganacl|def|1
|
|upkeep
|turn|23
|
|t:|1779917410
|move|p2a: Moltres|Flamethrower|p1a: Garganacl
|-damage|p1a: Garganacl|17/100
|move|p1a: Garganacl|Salt Cure|p2a: Moltres
|-supereffective|p2a: Moltres
|-damage|p2a: Moltres|40/100
|-start|p2a: Moltres|Salt Cure
|
|-damage|p2a: Moltres|28/100|[from] Salt Cure
|upkeep
|turn|24
|
|t:|1779917418
|move|p1a: Garganacl|Protect|p1a: Garganacl
|-singleturn|p1a: Garganacl|Protect
|move|p2a: Moltres|Roost|p2a: Moltres
|-heal|p2a: Moltres|78/100
|-singleturn|p2a: Moltres|move: Roost
|
|-damage|p2a: Moltres|66/100|[from] Salt Cure
|upkeep
|turn|25
|
|t:|1779917425
|move|p2a: Moltres|Flamethrower|p1a: Garganacl
|-damage|p1a: Garganacl|0 fnt
|faint|p1a: Garganacl
|
|-damage|p2a: Moltres|53/100|[from] Salt Cure
|upkeep
|
|t:|1779917431
|switch|p1a: Braviary|Braviary, M|100/100
|-damage|p1a: Braviary|76/100|[from] Stealth Rock
|turn|26
|
|t:|1779917435
|switch|p2a: Garganacl|Garganacl, M|100/100
|-damage|p2a: Garganacl|88/100|[from] Stealth Rock
|move|p1a: Braviary|Bulk Up|p1a: Braviary
|-boost|p1a: Braviary|atk|1
|-boost|p1a: Braviary|def|1
|
|-heal|p2a: Garganacl|94/100|[from] item: Leftovers
|upkeep
|turn|27
|
|t:|1779917444
|move|p1a: Braviary|Body Slam|p2a: Garganacl
|-resisted|p2a: Garganacl
|-damage|p2a: Garganacl|65/100
|move|p2a: Garganacl|Salt Cure|p1a: Braviary
|-supereffective|p1a: Braviary
|-damage|p1a: Braviary|57/100
|-start|p1a: Braviary|Salt Cure
|
|-heal|p2a: Garganacl|72/100|[from] item: Leftovers
|-damage|p1a: Braviary|45/100|[from] Salt Cure
|upkeep
|turn|28
|
|t:|1779917455
|move|p2a: Garganacl|Protect|p2a: Garganacl
|-singleturn|p2a: Garganacl|Protect
|move|p1a: Braviary|Bulk Up|p1a: Braviary
|-boost|p1a: Braviary|atk|1
|-boost|p1a: Braviary|def|1
|
|-heal|p2a: Garganacl|78/100|[from] item: Leftovers
|-damage|p1a: Braviary|32/100|[from] Salt Cure
|upkeep
|turn|29
|
|t:|1779917463
|move|p1a: Braviary|Roost|p1a: Braviary
|-heal|p1a: Braviary|82/100
|-singleturn|p1a: Braviary|move: Roost
|move|p2a: Garganacl|Recover|p2a: Garganacl
|-heal|p2a: Garganacl|100/100
|
|-damage|p1a: Braviary|70/100|[from] Salt Cure
|upkeep
|turn|30
|
|t:|1779917470
|move|p1a: Braviary|Bulk Up|p1a: Braviary
|-boost|p1a: Braviary|atk|1
|-boost|p1a: Braviary|def|1
|move|p2a: Garganacl|Ice Punch|p1a: Braviary
|-supereffective|p1a: Braviary
|-damage|p1a: Braviary|56/100
|
|-damage|p1a: Braviary|43/100|[from] Salt Cure
|upkeep
|turn|31
|
|t:|1779917479
|move|p2a: Garganacl|Protect|p2a: Garganacl
|-singleturn|p2a: Garganacl|Protect
|move|p1a: Braviary|Roost|p1a: Braviary
|-heal|p1a: Braviary|94/100
|-singleturn|p1a: Braviary|move: Roost
|
|-damage|p1a: Braviary|81/100|[from] Salt Cure
|upkeep
|turn|32
|
|t:|1779917495
|move|p1a: Braviary|Bulk Up|p1a: Braviary
|-boost|p1a: Braviary|atk|1
|-boost|p1a: Braviary|def|1
|move|p2a: Garganacl|Salt Cure|p1a: Braviary
|-supereffective|p1a: Braviary
|-damage|p1a: Braviary|72/100
|
|-damage|p1a: Braviary|59/100|[from] Salt Cure
|upkeep
|turn|33
|
|t:|1779917504
|move|p2a: Garganacl|Protect|p2a: Garganacl
|-singleturn|p2a: Garganacl|Protect
|move|p1a: Braviary|Body Slam|p2a: Garganacl
|-activate|p2a: Garganacl|move: Protect
|
|-damage|p1a: Braviary|47/100|[from] Salt Cure
|upkeep
|turn|34
|
|t:|1779917517
|move|p1a: Braviary|Roost|p1a: Braviary
|-heal|p1a: Braviary|97/100
|-singleturn|p1a: Braviary|move: Roost
|move|p2a: Garganacl|Recover||[still]
|-fail|p2a: Garganacl|heal
|
|-damage|p1a: Braviary|84/100|[from] Salt Cure
|upkeep
|turn|35
|
|t:|1779917525
|move|p1a: Braviary|Bulk Up|p1a: Braviary
|-boost|p1a: Braviary|atk|1
|-boost|p1a: Braviary|def|1
|move|p2a: Garganacl|Ice Punch|p1a: Braviary
|-supereffective|p1a: Braviary
|-damage|p1a: Braviary|74/100
|
|-damage|p1a: Braviary|61/100|[from] Salt Cure
|upkeep
|turn|36
|
|t:|1779917532
|move|p1a: Braviary|Bulk Up|p1a: Braviary
|-boost|p1a: Braviary|atk|1
|-boost|p1a: Braviary|def|1
|move|p2a: Garganacl|Salt Cure|p1a: Braviary
|-supereffective|p1a: Braviary
|-damage|p1a: Braviary|53/100
|
|-damage|p1a: Braviary|41/100|[from] Salt Cure
|upkeep
|turn|37
|
|t:|1779917539
|move|p1a: Braviary|Roost|p1a: Braviary
|-heal|p1a: Braviary|91/100
|-singleturn|p1a: Braviary|move: Roost
|move|p2a: Garganacl|Salt Cure|p1a: Braviary
|-damage|p1a: Braviary|87/100
|
|-damage|p1a: Braviary|75/100|[from] Salt Cure
|upkeep
|turn|38
|
|t:|1779917547
|move|p2a: Garganacl|Protect|p2a: Garganacl
|-singleturn|p2a: Garganacl|Protect
|move|p1a: Braviary|Body Slam|p2a: Garganacl
|-activate|p2a: Garganacl|move: Protect
|
|-damage|p1a: Braviary|62/100|[from] Salt Cure
|upkeep
|turn|39
|
|t:|1779917554
|move|p1a: Braviary|Body Slam|p2a: Garganacl
|-resisted|p2a: Garganacl
|-damage|p2a: Garganacl|15/100
|move|p2a: Garganacl|Salt Cure|p1a: Braviary
|-supereffective|p1a: Braviary
|-damage|p1a: Braviary|54/100
|
|-heal|p2a: Garganacl|21/100|[from] item: Leftovers
|-damage|p1a: Braviary|42/100|[from] Salt Cure
|upkeep
|turn|40
|
|t:|1779917562
|move|p2a: Garganacl|Protect|p2a: Garganacl
|-singleturn|p2a: Garganacl|Protect
|move|p1a: Braviary|Roost|p1a: Braviary
|-heal|p1a: Braviary|92/100
|-singleturn|p1a: Braviary|move: Roost
|
|-heal|p2a: Garganacl|27/100|[from] item: Leftovers
|-damage|p1a: Braviary|79/100|[from] Salt Cure
|upkeep
|turn|41
|
|t:|1779917570
|move|p1a: Braviary|Body Slam|p2a: Garganacl
|-resisted|p2a: Garganacl
|-damage|p2a: Garganacl|0 fnt
|faint|p2a: Garganacl
|
|-damage|p1a: Braviary|67/100|[from] Salt Cure
|upkeep
|
|t:|1779917575
|switch|p2a: Moltres|Moltres|53/100
|turn|42
|
|t:|1779917584
|move|p2a: Moltres|Flamethrower|p1a: Braviary
|-damage|p1a: Braviary|36/100
|move|p1a: Braviary|Roost|p1a: Braviary
|-heal|p1a: Braviary|86/100
|-singleturn|p1a: Braviary|move: Roost
|
|-damage|p1a: Braviary|74/100|[from] Salt Cure
|upkeep
|turn|43
|
|t:|1779917592
|move|p2a: Moltres|Flamethrower|p1a: Braviary
|-damage|p1a: Braviary|43/100
|move|p1a: Braviary|Body Slam|p2a: Moltres
|-damage|p2a: Moltres|0 fnt
|faint|p2a: Moltres
|
|-damage|p1a: Braviary|31/100|[from] Salt Cure
|upkeep
|
|t:|1779917609
|switch|p2a: Zamazenta|Zamazenta|81/100
|turn|44
|
|t:|1779917614
|move|p2a: Zamazenta|Stone Edge|p1a: Braviary|[miss]
|-miss|p2a: Zamazenta|p1a: Braviary
|move|p1a: Braviary|Roost|p1a: Braviary
|-heal|p1a: Braviary|81/100
|-singleturn|p1a: Braviary|move: Roost
|
|-damage|p1a: Braviary|68/100|[from] Salt Cure
|upkeep
|turn|45
|
|t:|1779917622
|move|p2a: Zamazenta|Stone Edge|p1a: Braviary
|-supereffective|p1a: Braviary
|-crit|p1a: Braviary
|-damage|p1a: Braviary|0 fnt
|faint|p1a: Braviary
|
|upkeep
|
|t:|1779917628
|switch|p1a: Rillaboom|Rillaboom, M|96/100
|-damage|p1a: Rillaboom|84/100|[from] Stealth Rock
|-fieldstart|move: Grassy Terrain|[from] ability: Grassy Surge|[of] p1a: Rillaboom
|turn|46
|
|t:|1779917634
|move|p1a: Rillaboom|Grassy Glide|p2a: Zamazenta
|-damage|p2a: Zamazenta|27/100
|move|p2a: Zamazenta|Ice Fang|p1a: Rillaboom
|-supereffective|p1a: Rillaboom
|-damage|p1a: Rillaboom|40/100
|
|-heal|p2a: Zamazenta|33/100|[from] Grassy Terrain
|-heal|p1a: Rillaboom|46/100|[from] Grassy Terrain
|upkeep
|turn|47
|
|t:|1779917643
|move|p1a: Rillaboom|Grassy Glide|p2a: Zamazenta
|-damage|p2a: Zamazenta|0 fnt
|faint|p2a: Zamazenta
|
|-heal|p1a: Rillaboom|52/100|[from] Grassy Terrain
|upkeep
|
|t:|1779917644
|switch|p2a: Iron Treads|Iron Treads|29/100
|-damage|p2a: Iron Treads|26/100|[from] Stealth Rock
|turn|48
|-message|BiggieChed66 forfeited.
|
|win|ikthoizzykil
|raw|ikthoizzykil's rating: 1381 &rarr; <strong>1401</strong><br />(+20 for winning)
|raw|BiggieChed66's rating: 1387 &rarr; <strong>1367</strong><br />(-20 for losing)
|l|☆BiggieChed66
|player|p2|
