|j|☆owl_with_scarf
|j|☆maxcondones
|t:|1779844439
|gametype|singles
|player|p1|owl_with_scarf|#owlwithscarf|1652
|player|p2|maxcondones|265|1599
|gen|9
|tier|[Gen 9] OU
|rated|
|rule|HP Percentage Mod: HP is shown in percentages
|rule|Endless Battle Clause: Forcing endless battles is banned
|rule|Species Clause: Limit one of each Pokémon
|rule|OHKO Clause: OHKO moves are banned
|rule|Evasion Items Clause: Evasion items are banned
|rule|Evasion Moves Clause: Evasion moves are banned
|rule|Evasion Abilities Clause: Evasion abilities are banned
|rule|Sleep Moves Clause: Sleep-inducing moves are banned
|clearpoke
|poke|p1|Diancie|
|poke|p1|Blaziken, F|
|poke|p1|Oricorio-Pom-Pom, F|
|poke|p1|Cinderace, F|
|poke|p1|Regidrago|
|poke|p1|Ursaluna, M|
|poke|p2|Excadrill, M|
|poke|p2|Hippowdon, F|
|poke|p2|Landorus-Therian, M|
|poke|p2|Deoxys-Speed|
|poke|p2|Tyranitar, M|
|poke|p2|Tornadus-Therian, M|
|teampreview
|inactive|Battle timer is ON: inactive players will automatically lose when time's up. (requested by owl_with_scarf)
|inactive|owl_with_scarf has 120 seconds left.
|inactive|owl_with_scarf has 90 seconds left.
|j| samurajen
|inactive|owl_with_scarf has 60 seconds left.
|
|t:|1779844531
|teamsize|p1|6
|teamsize|p2|6
|start
|switch|p1a: Regidrago|Regidrago|100/100
|switch|p2a: Landorus|Landorus-Therian, M|100/100
|-ability|p2a: Landorus|Intimidate|boost
|-unboost|p1a: Regidrago|atk|1
|turn|1
|
|t:|1779844544
|move|p2a: Landorus|Earth Power|p1a: Regidrago
|-damage|p1a: Regidrago|64/100
|move|p1a: Regidrago|Dragon Energy|p2a: Landorus
|-damage|p2a: Landorus|26/100
|
|upkeep
|turn|2
|
|t:|1779844554
|move|p2a: Landorus|Earth Power|p1a: Regidrago
|-damage|p1a: Regidrago|27/100
|move|p1a: Regidrago|Scale Shot|p2a: Landorus|[miss]
|-miss|p1a: Regidrago|p2a: Landorus
|
|upkeep
|turn|3
|
|t:|1779844560
|move|p2a: Landorus|Earth Power|p1a: Regidrago
|-damage|p1a: Regidrago|0 fnt
|faint|p1a: Regidrago
|
|upkeep
|
|t:|1779844569
|switch|p1a: Oricorio|Oricorio-Pom-Pom, F|100/100
|turn|4
|inactive|maxcondones has 120 seconds left.
|
|t:|1779844613
|move|p2a: Landorus|Gravity|p2a: Landorus
|-fieldstart|move: Gravity
|move|p1a: Oricorio|Quiver Dance|p1a: Oricorio
|-boost|p1a: Oricorio|spa|1
|-boost|p1a: Oricorio|spd|1
|-boost|p1a: Oricorio|spe|1
|
|upkeep
|turn|5
|
|t:|1779844617
|move|p1a: Oricorio|Hurricane|p2a: Landorus
|-damage|p2a: Landorus|0 fnt
|faint|p2a: Landorus
|
|upkeep
|
|t:|1779844619
|switch|p2a: Tyranitar|Tyranitar, M|100/100
|-weather|Sandstorm|[from] ability: Sand Stream|[of] p2a: Tyranitar
|turn|6
|
|t:|1779844623
|-terastallize|p1a: Oricorio|Fighting
|move|p1a: Oricorio|Revelation Dance|p2a: Tyranitar
|-supereffective|p2a: Tyranitar
|-damage|p2a: Tyranitar|15/100
|-enditem|p2a: Tyranitar|Eject Button
|inactive|maxcondones has 120 seconds left.
|inactive|maxcondones has 90 seconds left.
|
|t:|1779844678
|switch|p2a: Excadrill|Excadrill, M|100/100
|
|-weather|Sandstorm|[upkeep]
|-damage|p1a: Oricorio|94/100|[from] Sandstorm
|-heal|p1a: Oricorio|100/100|[from] item: Leftovers
|upkeep
|turn|7
|
|t:|1779844682
|move|p2a: Excadrill|Earthquake|p1a: Oricorio
|-damage|p1a: Oricorio|15/100
|move|p1a: Oricorio|Revelation Dance|p2a: Excadrill
|-supereffective|p2a: Excadrill
|-damage|p2a: Excadrill|0 fnt
|faint|p2a: Excadrill
|
|-weather|Sandstorm|[upkeep]
|-damage|p1a: Oricorio|9/100|[from] Sandstorm
|-heal|p1a: Oricorio|15/100|[from] item: Leftovers
|upkeep
|
|t:|1779844687
|switch|p2a: Deoxys|Deoxys-Speed|100/100
|-ability|p2a: Deoxys|Pressure
|turn|8
|
|t:|1779844695
|move|p2a: Deoxys|Ice Beam|p1a: Oricorio
|-damage|p1a: Oricorio|0 fnt
|faint|p1a: Oricorio
|
|-weather|Sandstorm|[upkeep]
|-damage|p2a: Deoxys|94/100|[from] Sandstorm
|-fieldend|move: Gravity
|upkeep
|
|t:|1779844701
|switch|p1a: cartierGOD|Diancie|100/100
|turn|9
|j| HonchkrowLover27
|
|t:|1779844706
|move|p2a: Deoxys|Psycho Boost|p1a: cartierGOD
|-damage|p1a: cartierGOD|71/100
|-unboost|p2a: Deoxys|spa|2
|-enditem|p2a: Deoxys|Eject Pack
|
|t:|1779844708
|switch|p2a: Hippowdon|Hippowdon, F|100/100
|move|p1a: cartierGOD|Meteor Beam||[still]
|-prepare|p1a: cartierGOD|Meteor Beam
|-boost|p1a: cartierGOD|spa|1
|-enditem|p1a: cartierGOD|Power Herb
|-anim|p1a: cartierGOD|Meteor Beam|p2a: Hippowdon
|-resisted|p2a: Hippowdon
|-damage|p2a: Hippowdon|56/100
|-enditem|p2a: Hippowdon|Eject Button
|inactive|maxcondones has 120 seconds left.
|c|☆maxcondones|bro i went to a cariter god concert
|
|t:|1779844728
|switch|p2a: Tyranitar|Tyranitar, M|15/100
|
|-weather|Sandstorm|[upkeep]
|upkeep
|turn|10
|inactive|maxcondones has 120 seconds left.
|
|t:|1779844733
|move|p2a: Tyranitar|Stone Edge|p1a: cartierGOD
|-crit|p1a: cartierGOD
|-damage|p1a: cartierGOD|9/100
|move|p1a: cartierGOD|Trick Room|p1a: cartierGOD
|-fieldstart|move: Trick Room|[of] p1a: cartierGOD
|
|-weather|none
|upkeep
|turn|11
|
|t:|1779844742
|move|p1a: cartierGOD|Moonblast|p2a: Tyranitar
|-supereffective|p2a: Tyranitar
|-damage|p2a: Tyranitar|0 fnt
|faint|p2a: Tyranitar
|
|upkeep
|inactive|maxcondones has 120 seconds left.
|
|t:|1779844761
|switch|p2a: Hippowdon|Hippowdon, F|56/100
|-weather|Sandstorm|[from] ability: Sand Stream|[of] p2a: Hippowdon
|turn|12
|
|t:|1779844765
|move|p1a: cartierGOD|Moonblast|p2a: Hippowdon
|-damage|p2a: Hippowdon|0 fnt
|faint|p2a: Hippowdon
|
|-weather|Sandstorm|[upkeep]
|upkeep
|
|t:|1779844770
|switch|p2a: Tornadus|Tornadus-Therian, M|100/100
|turn|13
|
|t:|1779844778
|-terastallize|p2a: Tornadus|Steel
|move|p1a: cartierGOD|Moonblast|p2a: Tornadus
|-resisted|p2a: Tornadus
|-damage|p2a: Tornadus|57/100
|-unboost|p2a: Tornadus|spa|1
|move|p2a: Tornadus|Heat Wave|p1a: cartierGOD
|-resisted|p1a: cartierGOD
|-damage|p1a: cartierGOD|2/100
|-damage|p2a: Tornadus|47/100|[from] item: Life Orb
|
|-weather|Sandstorm|[upkeep]
|upkeep
|turn|14
|
|t:|1779844782
|move|p1a: cartierGOD|Earth Power|p2a: Tornadus
|-supereffective|p2a: Tornadus
|-damage|p2a: Tornadus|0 fnt
|faint|p2a: Tornadus
|
|-weather|Sandstorm|[upkeep]
|-fieldend|move: Trick Room
|upkeep
|
|t:|1779844784
|switch|p2a: Deoxys|Deoxys-Speed|94/100
|-ability|p2a: Deoxys|Pressure
|turn|15
|
|t:|1779844786
|move|p2a: Deoxys|Ice Beam|p1a: cartierGOD
|-damage|p1a: cartierGOD|0 fnt
|faint|p1a: cartierGOD
|
|-weather|Sandstorm|[upkeep]
|-damage|p2a: Deoxys|88/100|[from] Sandstorm
|upkeep
|
|t:|1779844788
|switch|p1a: Ursaluna|Ursaluna, M|100/100
|turn|16
|
|t:|1779844818
|move|p2a: Deoxys|Superpower|p1a: Ursaluna
|-supereffective|p1a: Ursaluna
|-damage|p1a: Ursaluna|50/100
|-unboost|p2a: Deoxys|atk|1
|-unboost|p2a: Deoxys|def|1
|move|p1a: Ursaluna|Earthquake|p2a: Deoxys
|-damage|p2a: Deoxys|0 fnt
|faint|p2a: Deoxys
|
|win|owl_with_scarf
|raw|owl_with_scarf's rating: 1652 &rarr; <strong>1669</strong><br />(+17 for winning)
|raw|maxcondones's rating: 1599 &rarr; <strong>1582</strong><br />(-17 for losing)
|l|☆owl_with_scarf
|player|p1|
|l| HonchkrowLover27
