|j|‽JihoonLee
|j|☆oinkolog
|t:|1779872802
|gametype|singles
|player|p1|JihoonLee|red|1254
|player|p2|oinkolog|bertha|1275
|gen|9
|tier|[Gen 9] OU
|rated|
|rule|HP Percentage Mod: HP is shown in percentages
|rule|Endless Battle Clause: Forcing endless battles is banned
|rule|Species Clause: Limit one of each Pokémon
|rule|OHKO Clause: OHKO moves are banned
|rule|Evasion Items Clause: Evasion items are banned
|rule|Evasion Moves Clause: Evasion moves are banned
|rule|Evasion Abilities Clause: Evasion abilities are banned
|rule|Sleep Moves Clause: Sleep-inducing moves are banned
|clearpoke
|poke|p1|Cinderace, M|
|poke|p1|Ogerpon-Wellspring, F|
|poke|p1|Clefable, F|
|poke|p1|Toxapex, F|
|poke|p1|Corviknight, F|
|poke|p1|Darkrai|
|poke|p2|Tinkaton, F|
|poke|p2|Darkrai|
|poke|p2|Pelipper, M|
|poke|p2|Basculegion-F, F|
|poke|p2|Goodra-Hisui, M|
|poke|p2|Okidogi, M|
|teampreview
|inactive|Battle timer is ON: inactive players will automatically lose when time's up. (requested by oinkolog)
|inactive|JihoonLee also wants the timer to be on.
|
|t:|1779872811
|teamsize|p1|6
|teamsize|p2|6
|start
|switch|p1a: Toxapex|Toxapex, F|100/100
|switch|p2a: Okidogi|Okidogi, M|100/100
|turn|1
|
|t:|1779872816
|move|p2a: Okidogi|Knock Off|p1a: Toxapex
|-damage|p1a: Toxapex|72/100
|-enditem|p1a: Toxapex|Leftovers|[from] move: Knock Off|[of] p2a: Okidogi
|move|p1a: Toxapex|Chilling Water|p2a: Okidogi
|-damage|p2a: Okidogi|93/100
|-unboost|p2a: Okidogi|atk|1
|
|upkeep
|turn|2
|
|t:|1779872826
|switch|p2a: Goodra|Goodra-Hisui, M|100/100
|move|p1a: Toxapex|Chilling Water|p2a: Goodra
|-resisted|p2a: Goodra
|-damage|p2a: Goodra|98/100
|-unboost|p2a: Goodra|atk|1
|
|upkeep
|turn|3
|
|t:|1779872837
|switch|p1a: Cinderace|Cinderace, M|100/100
|move|p2a: Goodra|Earthquake|p1a: Cinderace
|-supereffective|p1a: Cinderace
|-damage|p1a: Cinderace|57/100
|
|upkeep
|turn|4
|
|t:|1779872842
|switch|p2a: Pelipper|Pelipper, M|100/100
|-weather|RainDance|[from] ability: Drizzle|[of] p2a: Pelipper
|move|p1a: Cinderace|U-turn|p2a: Pelipper
|-start|p1a: Cinderace|typechange|Bug|[from] ability: Libero
|-resisted|p2a: Pelipper
|-damage|p2a: Pelipper|87/100
|
|t:|1779872845
|switch|p1a: Toxapex|Toxapex, F|100/100|[from] U-turn
|
|-weather|RainDance|[upkeep]
|upkeep
|turn|5
|
|t:|1779872852
|move|p1a: Toxapex|Baneful Bunker|p1a: Toxapex
|-singleturn|p1a: Toxapex|move: Protect
|move|p2a: Pelipper|U-turn|p1a: Toxapex
|-activate|p1a: Toxapex|move: Protect
|-status|p2a: Pelipper|psn
|
|-weather|RainDance|[upkeep]
|-damage|p2a: Pelipper|75/100 psn|[from] psn
|upkeep
|turn|6
|
|t:|1779872863
|move|p2a: Pelipper|U-turn|p1a: Toxapex
|-resisted|p1a: Toxapex
|-damage|p1a: Toxapex|97/100
|
|t:|1779872867
|switch|p2a: Basculegion|Basculegion-F, F|100/100|[from] U-turn
|move|p1a: Toxapex|Chilling Water|p2a: Basculegion
|-resisted|p2a: Basculegion
|-damage|p2a: Basculegion|92/100
|-unboost|p2a: Basculegion|atk|1
|
|-weather|RainDance|[upkeep]
|upkeep
|turn|7
|
|t:|1779872875
|move|p2a: Basculegion|Hydro Pump|p1a: Toxapex
|-resisted|p1a: Toxapex
|-damage|p1a: Toxapex|57/100
|move|p1a: Toxapex|Toxic|p2a: Basculegion
|-status|p2a: Basculegion|tox
|
|-weather|RainDance|[upkeep]
|-damage|p2a: Basculegion|86/100 tox|[from] psn
|upkeep
|turn|8
|
|t:|1779872883
|move|p1a: Toxapex|Baneful Bunker|p1a: Toxapex
|-singleturn|p1a: Toxapex|move: Protect
|move|p2a: Basculegion|Hydro Pump|p1a: Toxapex
|-activate|p1a: Toxapex|move: Protect
|
|-weather|RainDance|[upkeep]
|-damage|p2a: Basculegion|73/100 tox|[from] psn
|upkeep
|turn|9
|
|t:|1779872888
|move|p2a: Basculegion|Hydro Pump|p1a: Toxapex
|-resisted|p1a: Toxapex
|-damage|p1a: Toxapex|13/100
|move|p1a: Toxapex|Recover|p1a: Toxapex
|-heal|p1a: Toxapex|63/100
|
|-weather|RainDance|[upkeep]
|-damage|p2a: Basculegion|55/100 tox|[from] psn
|upkeep
|turn|10
|
|t:|1779872894
|switch|p2a: Darkrai|Darkrai|100/100
|move|p1a: Toxapex|Baneful Bunker||[still]
|-fail|p1a: Toxapex
|
|-weather|RainDance|[upkeep]
|upkeep
|turn|11
|
|t:|1779872897
|move|p2a: Darkrai|Thunder|p1a: Toxapex
|-supereffective|p1a: Toxapex
|-damage|p1a: Toxapex|0 fnt
|faint|p1a: Toxapex
|-damage|p2a: Darkrai|91/100|[from] item: Life Orb
|
|-weather|none
|upkeep
|
|t:|1779872904
|switch|p1a: Clefable|Clefable, F|100/100
|turn|12
|
|t:|1779872910
|switch|p2a: Okidogi|Okidogi, M|93/100
|move|p1a: Clefable|Moonblast|p2a: Okidogi
|-damage|p2a: Okidogi|71/100
|-unboost|p2a: Okidogi|spa|1
|
|upkeep
|turn|13
|
|t:|1779872918
|switch|p1a: Corviknight|Corviknight, F|100/100
|-ability|p1a: Corviknight|Pressure
|move|p2a: Okidogi|Knock Off|p1a: Corviknight
|-crit|p1a: Corviknight
|-damage|p1a: Corviknight|67/100
|-damage|p2a: Okidogi|55/100|[from] item: Rocky Helmet|[of] p1a: Corviknight
|-enditem|p1a: Corviknight|Rocky Helmet|[from] move: Knock Off|[of] p2a: Okidogi
|
|upkeep
|turn|14
|
|t:|1779872925
|move|p2a: Okidogi|Drain Punch|p1a: Corviknight
|-damage|p1a: Corviknight|43/100
|-heal|p2a: Okidogi|67/100|[from] drain|[of] p1a: Corviknight
|move|p1a: Corviknight|Roost|p1a: Corviknight
|-heal|p1a: Corviknight|93/100
|-singleturn|p1a: Corviknight|move: Roost
|
|upkeep
|turn|15
|
|t:|1779872934
|switch|p2a: Pelipper|Pelipper, M|75/100 psn
|-weather|RainDance|[from] ability: Drizzle|[of] p2a: Pelipper
|move|p1a: Corviknight|Iron Defense|p1a: Corviknight
|-boost|p1a: Corviknight|def|2
|
|-weather|RainDance|[upkeep]
|-damage|p2a: Pelipper|63/100 psn|[from] psn
|upkeep
|turn|16
|
|t:|1779872950
|switch|p1a: Clefable|Clefable, F|100/100
|move|p2a: Pelipper|Weather Ball|p1a: Clefable
|-damage|p1a: Clefable|67/100
|
|-weather|RainDance|[upkeep]
|-heal|p1a: Clefable|73/100|[from] item: Leftovers
|-damage|p2a: Pelipper|50/100 psn|[from] psn
|upkeep
|turn|17
|
|t:|1779872955
|move|p1a: Clefable|Wish|p1a: Clefable
|move|p2a: Pelipper|U-turn|p1a: Clefable
|-resisted|p1a: Clefable
|-crit|p1a: Clefable
|-damage|p1a: Clefable|65/100
|
|t:|1779872960
|switch|p2a: Darkrai|Darkrai|91/100|[from] U-turn
|
|-weather|RainDance|[upkeep]
|-heal|p1a: Clefable|72/100|[from] item: Leftovers
|upkeep
|turn|18
|
|t:|1779872972
|-terastallize|p2a: Darkrai|Ghost
|move|p1a: Clefable|Protect|p1a: Clefable
|-singleturn|p1a: Clefable|Protect
|move|p2a: Darkrai|Thunder|p1a: Clefable
|-activate|p1a: Clefable|move: Protect
|
|-weather|RainDance|[upkeep]
|-heal|p1a: Clefable|100/100|[from] move: Wish|[wisher] Clefable
|upkeep
|turn|19
|
|t:|1779872979
|move|p2a: Darkrai|Thunder|p1a: Clefable
|-damage|p1a: Clefable|67/100
|-damage|p2a: Darkrai|81/100|[from] item: Life Orb
|move|p1a: Clefable|Wish|p1a: Clefable
|
|-weather|RainDance|[upkeep]
|-heal|p1a: Clefable|73/100|[from] item: Leftovers
|upkeep
|turn|20
|
|t:|1779872987
|move|p2a: Darkrai|Thunder|p1a: Clefable
|-damage|p1a: Clefable|38/100
|-damage|p2a: Darkrai|71/100|[from] item: Life Orb
|move|p1a: Clefable|Moonblast|p2a: Darkrai
|-damage|p2a: Darkrai|21/100
|
|-weather|RainDance|[upkeep]
|-heal|p1a: Clefable|88/100|[from] move: Wish|[wisher] Clefable
|-heal|p1a: Clefable|94/100|[from] item: Leftovers
|upkeep
|turn|21
|
|t:|1779872999
|switch|p2a: Goodra|Goodra-Hisui, M|98/100
|move|p1a: Clefable|Wish|p1a: Clefable
|
|-weather|RainDance|[upkeep]
|-heal|p1a: Clefable|99/100|[from] item: Leftovers
|upkeep
|turn|22
|
|t:|1779873005
|move|p1a: Clefable|Thunder Wave|p2a: Goodra
|-status|p2a: Goodra|par
|move|p2a: Goodra|Knock Off|p1a: Clefable
|-resisted|p1a: Clefable
|-damage|p1a: Clefable|86/100
|-enditem|p1a: Clefable|Leftovers|[from] move: Knock Off|[of] p2a: Goodra
|
|-weather|none
|-heal|p1a: Clefable|100/100|[from] move: Wish|[wisher] Clefable
|upkeep
|turn|23
|
|t:|1779873010
|move|p1a: Clefable|Wish|p1a: Clefable
|move|p2a: Goodra|Flash Cannon|p1a: Clefable
|-supereffective|p1a: Clefable
|-damage|p1a: Clefable|58/100
|
|upkeep
|turn|24
|
|t:|1779873015
|move|p1a: Clefable|Moonblast|p2a: Goodra
|-damage|p2a: Goodra|84/100 par
|move|p2a: Goodra|Flash Cannon|p1a: Clefable
|-supereffective|p1a: Clefable
|-damage|p1a: Clefable|15/100
|
|-heal|p1a: Clefable|65/100|[from] move: Wish|[wisher] Clefable
|upkeep
|turn|25
|
|t:|1779873028
|move|p1a: Clefable|Protect|p1a: Clefable
|-singleturn|p1a: Clefable|Protect
|move|p2a: Goodra|Earthquake|p1a: Clefable
|-activate|p1a: Clefable|move: Protect
|
|upkeep
|turn|26
|
|t:|1779873035
|switch|p1a: Corviknight|Corviknight, F|93/100
|-ability|p1a: Corviknight|Pressure
|move|p2a: Goodra|Earthquake|p1a: Corviknight
|-immune|p1a: Corviknight
|
|upkeep
|turn|27
|
|t:|1779873041
|switch|p2a: Pelipper|Pelipper, M|50/100 psn
|-weather|RainDance|[from] ability: Drizzle|[of] p2a: Pelipper
|move|p1a: Corviknight|Iron Defense|p1a: Corviknight
|-boost|p1a: Corviknight|def|2
|
|-weather|RainDance|[upkeep]
|-damage|p2a: Pelipper|38/100 psn|[from] psn
|upkeep
|turn|28
|
|t:|1779873045
|switch|p1a: Clefable|Clefable, F|65/100
|move|p2a: Pelipper|Weather Ball|p1a: Clefable
|-damage|p1a: Clefable|30/100
|
|-weather|RainDance|[upkeep]
|-damage|p2a: Pelipper|26/100 psn|[from] psn
|upkeep
|turn|29
|
|t:|1779873048
|move|p1a: Clefable|Protect|p1a: Clefable
|-singleturn|p1a: Clefable|Protect
|move|p2a: Pelipper|Weather Ball|p1a: Clefable
|-activate|p1a: Clefable|move: Protect
|
|-weather|RainDance|[upkeep]
|-damage|p2a: Pelipper|13/100 psn|[from] psn
|upkeep
|turn|30
|
|t:|1779873055
|move|p1a: Clefable|Wish|p1a: Clefable
|move|p2a: Pelipper|Weather Ball|p1a: Clefable
|-damage|p1a: Clefable|0 fnt
|faint|p1a: Clefable
|
|-weather|RainDance|[upkeep]
|-damage|p2a: Pelipper|1/100 psn|[from] psn
|upkeep
|
|t:|1779873058
|switch|p1a: Cinderace|Cinderace, M|57/100
|turn|31
|
|t:|1779873061
|switch|p2a: Okidogi|Okidogi, M|67/100
|move|p1a: Cinderace|Pyro Ball|p2a: Okidogi
|-damage|p2a: Okidogi|44/100
|
|-weather|RainDance|[upkeep]
|-heal|p1a: Cinderace|100/100|[from] move: Wish|[wisher] Clefable
|upkeep
|turn|32
|
|t:|1779873072
|move|p1a: Cinderace|Will-O-Wisp|p2a: Okidogi
|-status|p2a: Okidogi|brn
|move|p2a: Okidogi|Gunk Shot|p1a: Cinderace
|-damage|p1a: Cinderace|55/100
|
|-weather|RainDance|[upkeep]
|-damage|p2a: Okidogi|38/100 brn|[from] brn
|upkeep
|turn|33
|
|t:|1779873081
|move|p1a: Cinderace|U-turn|p2a: Okidogi
|-start|p1a: Cinderace|typechange|Bug|[from] ability: Libero
|-resisted|p2a: Okidogi
|-damage|p2a: Okidogi|31/100 brn
|
|t:|1779873085
|switch|p1a: Corviknight|Corviknight, F|93/100|[from] U-turn
|-ability|p1a: Corviknight|Pressure
|move|p2a: Okidogi|Gunk Shot|p1a: Corviknight
|-immune|p1a: Corviknight
|
|-weather|RainDance|[upkeep]
|-damage|p2a: Okidogi|25/100 brn|[from] brn
|upkeep
|turn|34
|
|t:|1779873107
|switch|p2a: Basculegion|Basculegion-F, F|55/100 tox
|move|p1a: Corviknight|Body Press|p2a: Basculegion
|-immune|p2a: Basculegion
|
|-weather|none
|-damage|p2a: Basculegion|49/100 tox|[from] psn
|upkeep
|turn|35
|
|t:|1779873114
|switch|p1a: Ogerpon|Ogerpon-Wellspring, F|100/100
|move|p2a: Basculegion|Shadow Ball|p1a: Ogerpon
|-damage|p1a: Ogerpon|48/100
|
|-damage|p2a: Basculegion|37/100 tox|[from] psn
|upkeep
|turn|36
|
|t:|1779873119
|move|p2a: Basculegion|Shadow Ball|p1a: Ogerpon
|-damage|p1a: Ogerpon|0 fnt
|faint|p1a: Ogerpon
|
|-damage|p2a: Basculegion|19/100 tox|[from] psn
|upkeep
|
|t:|1779873127
|switch|p1a: Darkrai|Darkrai|100/100
|turn|37
|
|t:|1779873132
|move|p1a: Darkrai|Dark Pulse|p2a: Basculegion
|-supereffective|p2a: Basculegion
|-damage|p2a: Basculegion|0 fnt
|faint|p2a: Basculegion
|
|upkeep
|
|t:|1779873141
|switch|p2a: Tinkaton|Tinkaton, F|100/100
|-ability|p2a: Tinkaton|Mold Breaker
|-item|p2a: Tinkaton|Air Balloon
|turn|38
|
|t:|1779873145
|switch|p1a: Corviknight|Corviknight, F|93/100
|-ability|p1a: Corviknight|Pressure
|move|p2a: Tinkaton|Thunder Wave|p1a: Corviknight
|-status|p1a: Corviknight|par
|
|upkeep
|turn|39
|
|t:|1779873152
|move|p2a: Tinkaton|Stealth Rock|p1a: Corviknight
|-sidestart|p1: JihoonLee|move: Stealth Rock
|move|p1a: Corviknight|Body Press|p2a: Tinkaton
|-damage|p2a: Tinkaton|72/100
|-enditem|p2a: Tinkaton|Air Balloon
|
|upkeep
|turn|40
|
|t:|1779873159
|switch|p2a: Pelipper|Pelipper, M|1/100 psn
|-weather|RainDance|[from] ability: Drizzle|[of] p2a: Pelipper
|move|p1a: Corviknight|Defog|p2a: Pelipper
|-unboost|p2a: Pelipper|evasion|1
|-sideend|p1: JihoonLee|Stealth Rock|[from] move: Defog|[of] p1a: Corviknight
|
|-weather|RainDance|[upkeep]
|-damage|p2a: Pelipper|0 fnt|[from] psn
|faint|p2a: Pelipper
|upkeep
|
|t:|1779873165
|switch|p2a: Darkrai|Darkrai, tera:Ghost|21/100
|turn|41
|
|t:|1779873171
|switch|p1a: Cinderace|Cinderace, M|55/100
|move|p2a: Darkrai|Thunder|p1a: Cinderace
|-damage|p1a: Cinderace|0 fnt
|faint|p1a: Cinderace
|-damage|p2a: Darkrai|12/100|[from] item: Life Orb
|
|-weather|RainDance|[upkeep]
|upkeep
|
|t:|1779873173
|switch|p1a: Darkrai|Darkrai|100/100
|turn|42
|
|t:|1779873179
|switch|p2a: Okidogi|Okidogi, M|25/100 brn
|move|p1a: Darkrai|Dark Pulse|p2a: Okidogi
|-resisted|p2a: Okidogi
|-damage|p2a: Okidogi|9/100 brn
|
|-weather|RainDance|[upkeep]
|-damage|p2a: Okidogi|3/100 brn|[from] brn
|upkeep
|turn|43
|
|t:|1779873183
|move|p1a: Darkrai|Dark Pulse|p2a: Okidogi
|-resisted|p2a: Okidogi
|-damage|p2a: Okidogi|0 fnt
|faint|p2a: Okidogi
|
|-weather|RainDance|[upkeep]
|upkeep
|
|t:|1779873196
|switch|p2a: Goodra|Goodra-Hisui, M|84/100 par
|turn|44
|
|t:|1779873200
|switch|p1a: Corviknight|Corviknight, F|93/100 par
|-ability|p1a: Corviknight|Pressure
|cant|p2a: Goodra|par
|
|-weather|RainDance|[upkeep]
|upkeep
|turn|45
|
|t:|1779873207
|switch|p1a: Darkrai|Darkrai|100/100
|switch|p2a: Tinkaton|Tinkaton, F|72/100
|-ability|p2a: Tinkaton|Mold Breaker
|
|-weather|RainDance|[upkeep]
|upkeep
|turn|46
|
|t:|1779873213
|switch|p1a: Corviknight|Corviknight, F|93/100 par
|-ability|p1a: Corviknight|Pressure
|move|p2a: Tinkaton|Thunder Wave|p1a: Corviknight
|-fail|p1a: Corviknight|par
|
|-weather|RainDance|[upkeep]
|upkeep
|turn|47
|
|t:|1779873219
|switch|p1a: Darkrai|Darkrai|100/100
|move|p2a: Tinkaton|Stealth Rock|p1a: Darkrai
|-sidestart|p1: JihoonLee|move: Stealth Rock
|
|-weather|none
|upkeep
|turn|48
|
|t:|1779873226
|switch|p1a: Corviknight|Corviknight, F|93/100 par
|-damage|p1a: Corviknight|80/100 par|[from] Stealth Rock
|-ability|p1a: Corviknight|Pressure
|move|p2a: Tinkaton|Thunder Wave|p1a: Corviknight
|-fail|p1a: Corviknight|par
|
|upkeep
|turn|49
|
|t:|1779873230
|move|p2a: Tinkaton|Gigaton Hammer|p1a: Corviknight
|-resisted|p1a: Corviknight
|-damage|p1a: Corviknight|67/100 par
|move|p1a: Corviknight|Defog|p2a: Tinkaton
|-unboost|p2a: Tinkaton|evasion|1
|-sideend|p1: JihoonLee|Stealth Rock|[from] move: Defog|[of] p1a: Corviknight
|
|upkeep
|turn|50
|
|t:|1779873234
|move|p2a: Tinkaton|Encore|p1a: Corviknight
|-start|p1a: Corviknight|Encore
|move|p1a: Corviknight|Defog|p2a: Tinkaton
|-unboost|p2a: Tinkaton|evasion|1
|
|upkeep
|turn|51
|
|t:|1779873238
|move|p2a: Tinkaton|Stealth Rock|p1a: Corviknight
|-sidestart|p1: JihoonLee|move: Stealth Rock
|move|p1a: Corviknight|Defog|p2a: Tinkaton
|-unboost|p2a: Tinkaton|evasion|1
|-sideend|p1: JihoonLee|Stealth Rock|[from] move: Defog|[of] p1a: Corviknight
|
|upkeep
|turn|52
|
|t:|1779873245
|move|p2a: Tinkaton|Gigaton Hammer|p1a: Corviknight
|-resisted|p1a: Corviknight
|-damage|p1a: Corviknight|54/100 par
|move|p1a: Corviknight|Defog|p2a: Tinkaton
|-unboost|p2a: Tinkaton|evasion|1
|
|-end|p1a: Corviknight|Encore
|upkeep
|turn|53
|
|t:|1779873249
|switch|p1a: Darkrai|Darkrai|100/100
|move|p2a: Tinkaton|Encore||[still]
|-fail|p2a: Tinkaton
|
|upkeep
|turn|54
|
|t:|1779873255
|switch|p1a: Corviknight|Corviknight, F|54/100 par
|-ability|p1a: Corviknight|Pressure
|move|p2a: Tinkaton|Gigaton Hammer|p1a: Corviknight
|-resisted|p1a: Corviknight
|-damage|p1a: Corviknight|39/100 par
|
|upkeep
|turn|55
|
|t:|1779873260
|move|p2a: Tinkaton|Stealth Rock|p1a: Corviknight
|-sidestart|p1: JihoonLee|move: Stealth Rock
|move|p1a: Corviknight|Roost|p1a: Corviknight
|-heal|p1a: Corviknight|89/100 par
|-singleturn|p1a: Corviknight|move: Roost
|
|upkeep
|turn|56
|
|t:|1779873266
|move|p2a: Tinkaton|Encore|p1a: Corviknight
|-start|p1a: Corviknight|Encore
|move|p1a: Corviknight|Roost|p1a: Corviknight
|-heal|p1a: Corviknight|100/100 par
|-singleturn|p1a: Corviknight|move: Roost
|
|upkeep
|turn|57
|
|t:|1779873270
|switch|p2a: Goodra|Goodra-Hisui, M|84/100 par
|switch|p1a: Darkrai|Darkrai|100/100
|-damage|p1a: Darkrai|88/100|[from] Stealth Rock
|
|upkeep
|turn|58
|
|t:|1779873273
|switch|p1a: Corviknight|Corviknight, F|100/100 par
|-damage|p1a: Corviknight|88/100 par|[from] Stealth Rock
|-ability|p1a: Corviknight|Pressure
|cant|p2a: Goodra|par
|
|upkeep
|turn|59
|
|t:|1779873280
|cant|p1a: Corviknight|par
|cant|p2a: Goodra|par
|
|upkeep
|turn|60
|inactive|oinkolog has 120 seconds left.
|
|t:|1779873318
|move|p1a: Corviknight|Defog|p2a: Goodra
|-unboost|p2a: Goodra|evasion|1
|-sideend|p1: JihoonLee|Stealth Rock|[from] move: Defog|[of] p1a: Corviknight
|move|p2a: Goodra|Draco Meteor|p1a: Corviknight
|-resisted|p1a: Corviknight
|-damage|p1a: Corviknight|64/100 par
|-unboost|p2a: Goodra|spa|2
|
|upkeep
|turn|61
|inactive|oinkolog has 120 seconds left.
|
|t:|1779873330
|switch|p1a: Darkrai|Darkrai|88/100
|move|p2a: Goodra|Knock Off|p1a: Darkrai
|-resisted|p1a: Darkrai
|-damage|p1a: Darkrai|72/100
|-enditem|p1a: Darkrai|Choice Scarf|[from] move: Knock Off|[of] p2a: Goodra
|
|upkeep
|turn|62
|inactive|oinkolog has 120 seconds left.
|
|t:|1779873337
|switch|p1a: Corviknight|Corviknight, F|64/100 par
|-ability|p1a: Corviknight|Pressure
|move|p2a: Goodra|Flash Cannon|p1a: Corviknight
|-resisted|p1a: Corviknight
|-damage|p1a: Corviknight|57/100 par
|
|upkeep
|turn|63
|
|t:|1779873339
|move|p1a: Corviknight|Roost|p1a: Corviknight
|-heal|p1a: Corviknight|100/100 par
|-singleturn|p1a: Corviknight|move: Roost
|cant|p2a: Goodra|par
|
|upkeep
|turn|64
|
|t:|1779873358
|cant|p1a: Corviknight|par
|move|p2a: Goodra|Flash Cannon|p1a: Corviknight
|-resisted|p1a: Corviknight
|-damage|p1a: Corviknight|93/100 par
|
|upkeep
|turn|65
|
|t:|1779873360
|switch|p2a: Tinkaton|Tinkaton, F|72/100
|-ability|p2a: Tinkaton|Mold Breaker
|cant|p1a: Corviknight|par
|
|upkeep
|turn|66
|inactive|oinkolog has 120 seconds left.
|
|t:|1779873390
|move|p2a: Tinkaton|Stealth Rock|p1a: Corviknight
|-sidestart|p1: JihoonLee|move: Stealth Rock
|move|p1a: Corviknight|Iron Defense|p1a: Corviknight
|-boost|p1a: Corviknight|def|2
|
|upkeep
|turn|67
|
|t:|1779873394
|move|p2a: Tinkaton|Gigaton Hammer|p1a: Corviknight
|-resisted|p1a: Corviknight
|-crit|p1a: Corviknight
|-damage|p1a: Corviknight|74/100 par
|move|p1a: Corviknight|Body Press|p2a: Tinkaton
|-crit|p2a: Tinkaton
|-damage|p2a: Tinkaton|0 fnt
|faint|p2a: Tinkaton
|
|upkeep
|
|t:|1779873400
|switch|p2a: Darkrai|Darkrai, tera:Ghost|12/100
|turn|68
|
|t:|1779873404
|move|p2a: Darkrai|Thunder|p1a: Corviknight|[miss]
|-miss|p2a: Darkrai|p1a: Corviknight
|move|p1a: Corviknight|Roost|p1a: Corviknight
|-heal|p1a: Corviknight|100/100 par
|-singleturn|p1a: Corviknight|move: Roost
|
|upkeep
|turn|69
|
|t:|1779873409
|move|p2a: Darkrai|Thunder|p1a: Corviknight
|-supereffective|p1a: Corviknight
|-damage|p1a: Corviknight|8/100 par
|-damage|p2a: Darkrai|2/100|[from] item: Life Orb
|move|p1a: Corviknight|Roost|p1a: Corviknight
|-heal|p1a: Corviknight|58/100 par
|-singleturn|p1a: Corviknight|move: Roost
|
|upkeep
|turn|70
|
|t:|1779873425
|switch|p1a: Darkrai|Darkrai|72/100
|-damage|p1a: Darkrai|60/100|[from] Stealth Rock
|move|p2a: Darkrai|Thunder|p1a: Darkrai
|-damage|p1a: Darkrai|0 fnt
|faint|p1a: Darkrai
|-damage|p2a: Darkrai|0 fnt|[from] item: Life Orb
|faint|p2a: Darkrai
|
|upkeep
|inactive|oinkolog has 120 seconds left.
|inactive|oinkolog has 90 seconds left.
|inactive|oinkolog has 60 seconds left.
|
|t:|1779873513
|switch|p2a: Goodra|Goodra-Hisui, M|84/100 par
|switch|p1a: Corviknight|Corviknight, F|58/100 par
|-damage|p1a: Corviknight|46/100 par|[from] Stealth Rock
|-ability|p1a: Corviknight|Pressure
|turn|71
|inactive|oinkolog has 60 seconds left.
|
|t:|1779873529
|move|p1a: Corviknight|Roost|p1a: Corviknight
|-heal|p1a: Corviknight|96/100 par
|-singleturn|p1a: Corviknight|move: Roost
|cant|p2a: Goodra|par
|
|upkeep
|turn|72
|inactive|oinkolog has 30 seconds left.
|inactive|oinkolog has 20 seconds left.
|inactive|oinkolog has 15 seconds left.
|inactive|oinkolog has 10 seconds left.
|inactive|oinkolog has 5 seconds left.
|-message|oinkolog lost due to inactivity.
|
|win|JihoonLee
|raw|JihoonLee's rating: 1254 &rarr; <strong>1281</strong><br />(+27 for winning)
|raw|oinkolog's rating: 1275 &rarr; <strong>1248</strong><br />(-27 for losing)
|l|‽JihoonLee
|player|p1|
|l|☆oinkolog
|player|p2|
