|j|☆hornet simp
|j|☆claudechamp
|t:|1779801846
|gametype|singles
|player|p1|hornet simp|acetrainer-gen4|1322
|player|p2|claudechamp|265|1271
|gen|9
|tier|[Gen 9] OU
|rated|
|rule|HP Percentage Mod: HP is shown in percentages
|rule|Endless Battle Clause: Forcing endless battles is banned
|rule|Species Clause: Limit one of each Pokémon
|rule|OHKO Clause: OHKO moves are banned
|rule|Evasion Items Clause: Evasion items are banned
|rule|Evasion Moves Clause: Evasion moves are banned
|rule|Evasion Abilities Clause: Evasion abilities are banned
|rule|Sleep Moves Clause: Sleep-inducing moves are banned
|clearpoke
|poke|p1|Iron Valiant|
|poke|p1|Hydreigon, F|
|poke|p1|Latios, M|
|poke|p1|Gholdengo|
|poke|p1|Ting-Lu|
|poke|p1|Rotom-Wash|
|poke|p2|Corviknight, F|
|poke|p2|Ting-Lu|
|poke|p2|Kyurem|
|poke|p2|Dondozo, F|
|poke|p2|Slowking-Galar, M|
|poke|p2|Cinderace, M|
|teampreview
|c|☆claudechamp|hf
|c|☆hornet simp|hf
|inactive|Battle timer is ON: inactive players will automatically lose when time's up. (requested by claudechamp)
|
|t:|1779801858
|teamsize|p1|6
|teamsize|p2|6
|start
|switch|p1a: Ting-Lu|Ting-Lu|100/100
|switch|p2a: Cinderace|Cinderace, M|100/100
|-ability|p1a: Ting-Lu|Vessel of Ruin
|turn|1
|
|t:|1779801866
|move|p2a: Cinderace|Pyro Ball|p1a: Ting-Lu
|-damage|p1a: Ting-Lu|78/100
|move|p1a: Ting-Lu|Ruination|p2a: Cinderace
|-damage|p2a: Cinderace|51/100
|
|-heal|p1a: Ting-Lu|84/100|[from] item: Leftovers
|upkeep
|turn|2
|
|t:|1779801874
|move|p2a: Cinderace|U-turn|p1a: Ting-Lu
|-supereffective|p1a: Ting-Lu
|-damage|p1a: Ting-Lu|63/100
|
|t:|1779801877
|switch|p2a: Kyurem|Kyurem|100/100|[from] U-turn
|-ability|p2a: Kyurem|Pressure
|move|p1a: Ting-Lu|Earthquake|p2a: Kyurem
|-damage|p2a: Kyurem|66/100
|
|-heal|p2a: Kyurem|72/100|[from] item: Leftovers
|-heal|p1a: Ting-Lu|70/100|[from] item: Leftovers
|upkeep
|turn|3
|
|t:|1779801891
|switch|p1a: Gholdengo|Gholdengo|100/100
|move|p2a: Kyurem|Freeze-Dry|p1a: Gholdengo
|-resisted|p1a: Gholdengo
|-damage|p1a: Gholdengo|82/100
|
|-heal|p2a: Kyurem|78/100|[from] item: Leftovers
|upkeep
|turn|4
|
|t:|1779801899
|move|p2a: Kyurem|Freeze-Dry|p1a: Gholdengo
|-resisted|p1a: Gholdengo
|-damage|p1a: Gholdengo|65/100
|move|p1a: Gholdengo|Thunder Wave|p2a: Kyurem
|-status|p2a: Kyurem|par
|
|-heal|p2a: Kyurem|85/100 par|[from] item: Leftovers
|upkeep
|turn|5
|
|t:|1779801912
|move|p1a: Gholdengo|Hex|p2a: Kyurem
|-damage|p2a: Kyurem|18/100 par
|cant|p2a: Kyurem|par
|
|-heal|p2a: Kyurem|24/100 par|[from] item: Leftovers
|upkeep
|turn|6
|
|t:|1779801923
|switch|p2a: Ting-Lu|Ting-Lu|100/100
|-ability|p2a: Ting-Lu|Vessel of Ruin
|move|p1a: Gholdengo|Hex|p2a: Ting-Lu
|-resisted|p2a: Ting-Lu
|-damage|p2a: Ting-Lu|93/100
|
|-heal|p2a: Ting-Lu|99/100|[from] item: Leftovers
|upkeep
|turn|7
|
|t:|1779801928
|switch|p1a: Rotom|Rotom-Wash|100/100
|move|p2a: Ting-Lu|Earthquake|p1a: Rotom
|-immune|p1a: Rotom|[from] ability: Levitate
|
|-heal|p2a: Ting-Lu|100/100|[from] item: Leftovers
|upkeep
|turn|8
|
|t:|1779801936
|switch|p2a: Kyurem|Kyurem|24/100 par
|-ability|p2a: Kyurem|Pressure
|move|p1a: Rotom|Will-O-Wisp||[still]
|-fail|p1a: Rotom
|
|-heal|p2a: Kyurem|30/100 par|[from] item: Leftovers
|upkeep
|turn|9
|
|t:|1779801942
|move|p1a: Rotom|Volt Switch|p2a: Kyurem
|-resisted|p2a: Kyurem
|-damage|p2a: Kyurem|19/100 par
|
|t:|1779801949
|switch|p1a: Gholdengo|Gholdengo|65/100|[from] Volt Switch
|cant|p2a: Kyurem|par
|
|-heal|p2a: Kyurem|25/100 par|[from] item: Leftovers
|upkeep
|turn|10
|
|t:|1779801958
|switch|p2a: Ting-Lu|Ting-Lu|100/100
|-ability|p2a: Ting-Lu|Vessel of Ruin
|move|p1a: Gholdengo|Recover|p1a: Gholdengo
|-heal|p1a: Gholdengo|100/100
|
|upkeep
|turn|11
|
|t:|1779801967
|switch|p1a: Ting-Lu|Ting-Lu|70/100
|-ability|p1a: Ting-Lu|Vessel of Ruin
|move|p2a: Ting-Lu|Earthquake|p1a: Ting-Lu
|-damage|p1a: Ting-Lu|52/100
|
|-heal|p1a: Ting-Lu|58/100|[from] item: Leftovers
|upkeep
|turn|12
|
|t:|1779801976
|switch|p2a: Kyurem|Kyurem|25/100 par
|-ability|p2a: Kyurem|Pressure
|move|p1a: Ting-Lu|Stealth Rock|p2a: Kyurem
|-sidestart|p2: claudechamp|move: Stealth Rock
|
|-heal|p2a: Kyurem|31/100 par|[from] item: Leftovers
|-heal|p1a: Ting-Lu|64/100|[from] item: Leftovers
|upkeep
|turn|13
|
|t:|1779801990
|switch|p1a: Gholdengo|Gholdengo|100/100
|move|p2a: Kyurem|Freeze-Dry|p1a: Gholdengo
|-resisted|p1a: Gholdengo
|-damage|p1a: Gholdengo|84/100
|
|-heal|p2a: Kyurem|38/100 par|[from] item: Leftovers
|upkeep
|turn|14
|
|t:|1779802000
|move|p1a: Gholdengo|Make It Rain|p2a: Kyurem
|-supereffective|p2a: Kyurem
|-damage|p2a: Kyurem|0 fnt
|-unboost|p1a: Gholdengo|spa|1
|faint|p2a: Kyurem
|
|upkeep
|
|t:|1779802008
|switch|p2a: Cinderace|Cinderace, M|51/100
|turn|15
|
|t:|1779802013
|switch|p1a: Rotom|Rotom-Wash|100/100
|move|p2a: Cinderace|Pyro Ball|p1a: Rotom
|-resisted|p1a: Rotom
|-damage|p1a: Rotom|81/100
|
|-heal|p1a: Rotom|87/100|[from] item: Leftovers
|upkeep
|turn|16
|
|t:|1779802021
|move|p2a: Cinderace|Court Change|p2a: Cinderace
|-swapsideconditions
|-activate|p2a: Cinderace|move: Court Change
|move|p1a: Rotom|Hydro Pump|p2a: Cinderace
|-supereffective|p2a: Cinderace
|-damage|p2a: Cinderace|0 fnt
|faint|p2a: Cinderace
|
|-heal|p1a: Rotom|93/100|[from] item: Leftovers
|upkeep
|
|t:|1779802030
|switch|p2a: Slowking|Slowking-Galar, M|100/100
|turn|17
|
|t:|1779802041
|move|p1a: Rotom|Volt Switch|p2a: Slowking
|-damage|p2a: Slowking|81/100
|
|t:|1779802045
|switch|p1a: Gholdengo|Gholdengo|84/100|[from] Volt Switch
|move|p2a: Slowking|Ice Beam|p1a: Gholdengo
|-resisted|p1a: Gholdengo
|-damage|p1a: Gholdengo|72/100
|
|upkeep
|turn|18
|
|t:|1779802059
|move|p1a: Gholdengo|Thunder Wave|p2a: Slowking
|-status|p2a: Slowking|par
|move|p2a: Slowking|Ice Beam|p1a: Gholdengo
|-resisted|p1a: Gholdengo
|-damage|p1a: Gholdengo|61/100
|
|upkeep
|turn|19
|
|t:|1779802066
|switch|p2a: Dondozo|Dondozo, F|100/100
|move|p1a: Gholdengo|Hex|p2a: Dondozo
|-damage|p2a: Dondozo|76/100
|
|-heal|p2a: Dondozo|82/100|[from] item: Leftovers
|upkeep
|turn|20
|
|t:|1779802076
|switch|p1a: Rotom|Rotom-Wash|93/100
|-damage|p1a: Rotom|81/100|[from] Stealth Rock
|move|p2a: Dondozo|Waterfall|p1a: Rotom
|-resisted|p1a: Rotom
|-damage|p1a: Rotom|70/100
|
|-heal|p1a: Rotom|76/100|[from] item: Leftovers
|-heal|p2a: Dondozo|88/100|[from] item: Leftovers
|upkeep
|turn|21
|
|t:|1779802086
|switch|p2a: Slowking|Slowking-Galar, M|100/100 par
|move|p1a: Rotom|Will-O-Wisp||[still]
|-fail|p1a: Rotom
|
|-heal|p1a: Rotom|82/100|[from] item: Leftovers
|upkeep
|turn|22
|
|t:|1779802095
|move|p1a: Rotom|Volt Switch|p2a: Slowking
|-damage|p2a: Slowking|78/100 par
|
|t:|1779802099
|switch|p1a: Ting-Lu|Ting-Lu|64/100|[from] Volt Switch
|-damage|p1a: Ting-Lu|58/100|[from] Stealth Rock
|-ability|p1a: Ting-Lu|Vessel of Ruin
|cant|p2a: Slowking|par
|
|-heal|p1a: Ting-Lu|64/100|[from] item: Leftovers
|upkeep
|turn|23
|
|t:|1779802108
|switch|p2a: Dondozo|Dondozo, F|88/100
|move|p1a: Ting-Lu|Stealth Rock|p2a: Dondozo
|-sidestart|p2: claudechamp|move: Stealth Rock
|
|-heal|p1a: Ting-Lu|70/100|[from] item: Leftovers
|-heal|p2a: Dondozo|94/100|[from] item: Leftovers
|upkeep
|turn|24
|
|t:|1779802121
|switch|p1a: Rotom|Rotom-Wash|82/100
|-damage|p1a: Rotom|70/100|[from] Stealth Rock
|move|p2a: Dondozo|Waterfall|p1a: Rotom
|-resisted|p1a: Rotom
|-damage|p1a: Rotom|59/100
|
|-heal|p1a: Rotom|65/100|[from] item: Leftovers
|-heal|p2a: Dondozo|100/100|[from] item: Leftovers
|upkeep
|turn|25
|
|t:|1779802130
|switch|p2a: Slowking|Slowking-Galar, M|100/100 par
|-damage|p2a: Slowking|88/100 par|[from] Stealth Rock
|move|p1a: Rotom|Volt Switch|p2a: Slowking
|-damage|p2a: Slowking|68/100 par
|
|t:|1779802136
|switch|p1a: Hydreigon|Hydreigon, F|100/100|[from] Volt Switch
|-damage|p1a: Hydreigon|88/100|[from] Stealth Rock
|
|upkeep
|turn|26
|
|t:|1779802145
|move|p1a: Hydreigon|Dark Pulse|p2a: Slowking
|-supereffective|p2a: Slowking
|-damage|p2a: Slowking|0 fnt
|faint|p2a: Slowking
|
|upkeep
|
|t:|1779802153
|switch|p2a: Dondozo|Dondozo, F|100/100
|-damage|p2a: Dondozo|88/100|[from] Stealth Rock
|turn|27
|
|t:|1779802168
|switch|p1a: Rotom|Rotom-Wash|65/100
|-damage|p1a: Rotom|53/100|[from] Stealth Rock
|move|p2a: Dondozo|Curse|p2a: Dondozo
|-unboost|p2a: Dondozo|spe|1
|-boost|p2a: Dondozo|atk|1
|-boost|p2a: Dondozo|def|1
|
|-heal|p1a: Rotom|59/100|[from] item: Leftovers
|-heal|p2a: Dondozo|94/100|[from] item: Leftovers
|upkeep
|turn|28
|
|t:|1779802178
|move|p1a: Rotom|Will-O-Wisp|p2a: Dondozo
|-status|p2a: Dondozo|brn
|move|p2a: Dondozo|Body Press|p1a: Rotom
|-damage|p1a: Rotom|46/100
|
|-heal|p1a: Rotom|52/100|[from] item: Leftovers
|-heal|p2a: Dondozo|100/100 brn|[from] item: Leftovers
|-damage|p2a: Dondozo|94/100 brn|[from] brn
|upkeep
|turn|29
|
|t:|1779802187
|move|p1a: Rotom|Pain Split|p2a: Dondozo
|-sethp|p2a: Dondozo|63/100 brn|[from] move: Pain Split|[silent]
|-sethp|p1a: Rotom|100/100|[from] move: Pain Split
|move|p2a: Dondozo|Rest|p2a: Dondozo
|-status|p2a: Dondozo|slp|[from] move: Rest
|-heal|p2a: Dondozo|100/100 slp|[silent]
|
|upkeep
|turn|30
|
|t:|1779802195
|move|p1a: Rotom|Volt Switch|p2a: Dondozo
|-supereffective|p2a: Dondozo
|-damage|p2a: Dondozo|70/100 slp
|
|t:|1779802199
|switch|p1a: Gholdengo|Gholdengo|61/100|[from] Volt Switch
|cant|p2a: Dondozo|slp
|
|-heal|p2a: Dondozo|76/100 slp|[from] item: Leftovers
|upkeep
|turn|31
|
|t:|1779802209
|switch|p2a: Ting-Lu|Ting-Lu|100/100
|-damage|p2a: Ting-Lu|94/100|[from] Stealth Rock
|-ability|p2a: Ting-Lu|Vessel of Ruin
|move|p1a: Gholdengo|Hex|p2a: Ting-Lu
|-resisted|p2a: Ting-Lu
|-crit|p2a: Ting-Lu
|-damage|p2a: Ting-Lu|84/100
|
|-heal|p2a: Ting-Lu|90/100|[from] item: Leftovers
|upkeep
|turn|32
|
|t:|1779802222
|switch|p1a: Rotom|Rotom-Wash|100/100
|-damage|p1a: Rotom|88/100|[from] Stealth Rock
|move|p2a: Ting-Lu|Earthquake|p1a: Rotom
|-immune|p1a: Rotom|[from] ability: Levitate
|
|-heal|p1a: Rotom|94/100|[from] item: Leftovers
|-heal|p2a: Ting-Lu|96/100|[from] item: Leftovers
|upkeep
|turn|33
|
|t:|1779802231
|move|p1a: Rotom|Hydro Pump|p2a: Ting-Lu
|-supereffective|p2a: Ting-Lu
|-damage|p2a: Ting-Lu|62/100
|move|p2a: Ting-Lu|Payback|p1a: Rotom
|-damage|p1a: Rotom|65/100
|
|-heal|p1a: Rotom|71/100|[from] item: Leftovers
|-heal|p2a: Ting-Lu|68/100|[from] item: Leftovers
|upkeep
|turn|34
|
|t:|1779802241
|move|p1a: Rotom|Will-O-Wisp|p2a: Ting-Lu
|-status|p2a: Ting-Lu|brn
|move|p2a: Ting-Lu|Payback|p1a: Rotom
|-damage|p1a: Rotom|56/100
|
|-heal|p1a: Rotom|63/100|[from] item: Leftovers
|-heal|p2a: Ting-Lu|74/100 brn|[from] item: Leftovers
|-damage|p2a: Ting-Lu|68/100 brn|[from] brn
|upkeep
|turn|35
|
|t:|1779802249
|move|p1a: Rotom|Pain Split|p2a: Ting-Lu
|-sethp|p2a: Ting-Lu|53/100 brn|[from] move: Pain Split|[silent]
|-sethp|p1a: Rotom|89/100|[from] move: Pain Split
|move|p2a: Ting-Lu|Rest|p2a: Ting-Lu
|-status|p2a: Ting-Lu|slp|[from] move: Rest
|-heal|p2a: Ting-Lu|100/100 slp|[silent]
|
|-heal|p1a: Rotom|95/100|[from] item: Leftovers
|upkeep
|turn|36
|
|t:|1779802268
|switch|p1a: Iron Valiant|Iron Valiant|100/100
|cant|p2a: Ting-Lu|slp
|move|p2a: Ting-Lu|Sleep Talk|p2a: Ting-Lu
|move|p2a: Ting-Lu|Earthquake|p1a: Iron Valiant|[from] move: Sleep Talk
|-damage|p1a: Iron Valiant|55/100
|
|upkeep
|turn|37
|
|t:|1779802285
|move|p1a: Iron Valiant|Knock Off|p2a: Ting-Lu
|-resisted|p2a: Ting-Lu
|-damage|p2a: Ting-Lu|93/100 slp
|-enditem|p2a: Ting-Lu|Leftovers|[from] move: Knock Off|[of] p1a: Iron Valiant
|cant|p2a: Ting-Lu|slp
|move|p2a: Ting-Lu|Sleep Talk|p2a: Ting-Lu
|move|p2a: Ting-Lu|Payback|p1a: Iron Valiant|[from] move: Sleep Talk
|-resisted|p1a: Iron Valiant
|-damage|p1a: Iron Valiant|43/100
|
|upkeep
|turn|38
|
|t:|1779802301
|-end|p1a: Iron Valiant|Quark Drive|[silent]
|switch|p1a: Rotom|Rotom-Wash|95/100
|-damage|p1a: Rotom|82/100|[from] Stealth Rock
|-curestatus|p2a: Ting-Lu|slp|[msg]
|move|p2a: Ting-Lu|Earthquake|p1a: Rotom
|-immune|p1a: Rotom|[from] ability: Levitate
|
|-heal|p1a: Rotom|89/100|[from] item: Leftovers
|upkeep
|turn|39
|
|t:|1779802314
|move|p1a: Rotom|Hydro Pump|p2a: Ting-Lu
|-supereffective|p2a: Ting-Lu
|-damage|p2a: Ting-Lu|58/100
|move|p2a: Ting-Lu|Payback|p1a: Rotom
|-damage|p1a: Rotom|58/100
|
|-heal|p1a: Rotom|64/100|[from] item: Leftovers
|upkeep
|turn|40
|
|t:|1779802326
|move|p1a: Rotom|Will-O-Wisp|p2a: Ting-Lu|[miss]
|-miss|p1a: Rotom|p2a: Ting-Lu
|move|p2a: Ting-Lu|Rest|p2a: Ting-Lu
|-status|p2a: Ting-Lu|slp|[from] move: Rest
|-heal|p2a: Ting-Lu|100/100 slp|[silent]
|
|-heal|p1a: Rotom|71/100|[from] item: Leftovers
|upkeep
|turn|41
|
|t:|1779802336
|move|p1a: Rotom|Pain Split|p2a: Ting-Lu
|-sethp|p2a: Ting-Lu|71/100 slp|[from] move: Pain Split|[silent]
|-sethp|p1a: Rotom|100/100|[from] move: Pain Split
|cant|p2a: Ting-Lu|slp
|move|p2a: Ting-Lu|Sleep Talk|p2a: Ting-Lu
|move|p2a: Ting-Lu|Rest||[from] move: Sleep Talk|[still]
|-fail|p2a: Ting-Lu
|
|upkeep
|turn|42
|
|t:|1779802362
|switch|p1a: Hydreigon|Hydreigon, F|88/100
|-damage|p1a: Hydreigon|76/100|[from] Stealth Rock
|cant|p2a: Ting-Lu|slp
|
|upkeep
|turn|43
|inactive|hornet simp has 120 seconds left.
|
|t:|1779802378
|move|p1a: Hydreigon|Draco Meteor|p2a: Ting-Lu
|-damage|p2a: Ting-Lu|32/100 slp
|-unboost|p1a: Hydreigon|spa|2
|-curestatus|p2a: Ting-Lu|slp|[msg]
|move|p2a: Ting-Lu|Payback|p1a: Hydreigon
|-resisted|p1a: Hydreigon
|-damage|p1a: Hydreigon|53/100
|
|upkeep
|turn|44
|inactive|hornet simp has 120 seconds left.
|
|t:|1779802407
|switch|p1a: Latios|Latios, M|100/100
|-damage|p1a: Latios|88/100|[from] Stealth Rock
|move|p2a: Ting-Lu|Rest|p2a: Ting-Lu
|-status|p2a: Ting-Lu|slp|[from] move: Rest
|-heal|p2a: Ting-Lu|100/100 slp|[silent]
|
|upkeep
|turn|45
|
|t:|1779802418
|move|p1a: Latios|Trick|p2a: Ting-Lu
|-activate|p1a: Latios|move: Trick|[of] p2a: Ting-Lu
|-item|p2a: Ting-Lu|Choice Scarf|[from] move: Trick
|-enditem|p1a: Latios|Choice Scarf|[silent]|[from] move: Trick
|cant|p2a: Ting-Lu|slp
|move|p2a: Ting-Lu|Sleep Talk|p2a: Ting-Lu
|move|p2a: Ting-Lu|Rest||[from] move: Sleep Talk|[still]
|-fail|p2a: Ting-Lu
|
|upkeep
|turn|46
|
|t:|1779802427
|switch|p2a: Corviknight|Corviknight, F|100/100
|-damage|p2a: Corviknight|88/100|[from] Stealth Rock
|-ability|p2a: Corviknight|Pressure
|move|p1a: Latios|Flip Turn|p2a: Corviknight
|-damage|p2a: Corviknight|82/100
|-damage|p1a: Latios|72/100|[from] item: Rocky Helmet|[of] p2a: Corviknight
|
|t:|1779802447
|switch|p1a: Gholdengo|Gholdengo|61/100|[from] Flip Turn
|
|upkeep
|turn|47
|
|t:|1779802455
|move|p1a: Gholdengo|Thunder Wave|p2a: Corviknight
|-status|p2a: Corviknight|par
|cant|p2a: Corviknight|par
|
|upkeep
|turn|48
|inactive|hornet simp has 120 seconds left.
|
|t:|1779802465
|move|p1a: Gholdengo|Recover|p1a: Gholdengo
|-heal|p1a: Gholdengo|100/100
|cant|p2a: Corviknight|par
|
|upkeep
|turn|49
|
|t:|1779802471
|switch|p2a: Ting-Lu|Ting-Lu|100/100 slp
|-damage|p2a: Ting-Lu|94/100 slp|[from] Stealth Rock
|-ability|p2a: Ting-Lu|Vessel of Ruin
|move|p1a: Gholdengo|Hex|p2a: Ting-Lu
|-resisted|p2a: Ting-Lu
|-damage|p2a: Ting-Lu|79/100 slp
|
|upkeep
|turn|50
|
|t:|1779802481
|switch|p1a: Rotom|Rotom-Wash|100/100
|-damage|p1a: Rotom|88/100|[from] Stealth Rock
|cant|p2a: Ting-Lu|slp
|
|-heal|p1a: Rotom|94/100|[from] item: Leftovers
|upkeep
|turn|51
|
|t:|1779802490
|move|p1a: Rotom|Hydro Pump|p2a: Ting-Lu
|-supereffective|p2a: Ting-Lu
|-damage|p2a: Ting-Lu|49/100 slp
|-curestatus|p2a: Ting-Lu|slp|[msg]
|move|p2a: Ting-Lu|Payback|p1a: Rotom
|-damage|p1a: Rotom|62/100
|
|-heal|p1a: Rotom|69/100|[from] item: Leftovers
|upkeep
|turn|52
|
|t:|1779802502
|switch|p2a: Dondozo|Dondozo, F|76/100 slp
|-damage|p2a: Dondozo|64/100 slp|[from] Stealth Rock
|move|p1a: Rotom|Hydro Pump|p2a: Dondozo|[miss]
|-miss|p1a: Rotom|p2a: Dondozo
|
|-heal|p1a: Rotom|75/100|[from] item: Leftovers
|-heal|p2a: Dondozo|70/100 slp|[from] item: Leftovers
|upkeep
|turn|53
|
|t:|1779802507
|switch|p2a: Ting-Lu|Ting-Lu|49/100
|-damage|p2a: Ting-Lu|43/100|[from] Stealth Rock
|-ability|p2a: Ting-Lu|Vessel of Ruin
|move|p1a: Rotom|Volt Switch|p2a: Ting-Lu
|-immune|p2a: Ting-Lu
|
|-heal|p1a: Rotom|81/100|[from] item: Leftovers
|upkeep
|turn|54
|
|t:|1779802513
|move|p1a: Rotom|Will-O-Wisp|p2a: Ting-Lu
|-status|p2a: Ting-Lu|brn
|move|p2a: Ting-Lu|Rest|p2a: Ting-Lu
|-status|p2a: Ting-Lu|slp|[from] move: Rest
|-heal|p2a: Ting-Lu|100/100 slp|[silent]
|
|-heal|p1a: Rotom|87/100|[from] item: Leftovers
|upkeep
|turn|55
|
|t:|1779802524
|move|p1a: Rotom|Volt Switch|p2a: Ting-Lu
|-immune|p2a: Ting-Lu
|cant|p2a: Ting-Lu|slp
|
|-heal|p1a: Rotom|94/100|[from] item: Leftovers
|upkeep
|turn|56
|
|t:|1779802530
|switch|p2a: Dondozo|Dondozo, F|70/100 slp
|-damage|p2a: Dondozo|58/100 slp|[from] Stealth Rock
|move|p1a: Rotom|Will-O-Wisp||[still]
|-fail|p1a: Rotom
|
|-heal|p1a: Rotom|99/100|[from] item: Leftovers
|-heal|p2a: Dondozo|64/100 slp|[from] item: Leftovers
|upkeep
|turn|57
|
|t:|1779802542
|switch|p2a: Ting-Lu|Ting-Lu|100/100 slp
|-damage|p2a: Ting-Lu|94/100 slp|[from] Stealth Rock
|-ability|p2a: Ting-Lu|Vessel of Ruin
|move|p1a: Rotom|Volt Switch|p2a: Ting-Lu
|-immune|p2a: Ting-Lu
|
|-heal|p1a: Rotom|100/100|[from] item: Leftovers
|upkeep
|turn|58
|
|t:|1779802551
|move|p1a: Rotom|Volt Switch|p2a: Ting-Lu
|-immune|p2a: Ting-Lu
|cant|p2a: Ting-Lu|slp
|move|p2a: Ting-Lu|Sleep Talk|p2a: Ting-Lu
|move|p2a: Ting-Lu|Payback|p1a: Rotom|[from] move: Sleep Talk
|-damage|p1a: Rotom|70/100
|
|-heal|p1a: Rotom|76/100|[from] item: Leftovers
|upkeep
|turn|59
|
|t:|1779802563
|switch|p2a: Dondozo|Dondozo, F|64/100 slp
|-damage|p2a: Dondozo|52/100 slp|[from] Stealth Rock
|move|p1a: Rotom|Pain Split|p2a: Dondozo
|-sethp|p2a: Dondozo|49/100 slp|[from] move: Pain Split|[silent]
|-sethp|p1a: Rotom|81/100|[from] move: Pain Split
|
|-heal|p1a: Rotom|87/100|[from] item: Leftovers
|-heal|p2a: Dondozo|55/100 slp|[from] item: Leftovers
|upkeep
|turn|60
|
|t:|1779802574
|move|p1a: Rotom|Volt Switch|p2a: Dondozo
|-supereffective|p2a: Dondozo
|-damage|p2a: Dondozo|24/100 slp
|
|t:|1779802580
|switch|p1a: Iron Valiant|Iron Valiant|43/100|[from] Volt Switch
|cant|p2a: Dondozo|slp
|
|-heal|p2a: Dondozo|30/100 slp|[from] item: Leftovers
|upkeep
|turn|61
|
|t:|1779802587
|move|p1a: Iron Valiant|Moonblast|p2a: Dondozo
|-damage|p2a: Dondozo|0 fnt
|faint|p2a: Dondozo
|
|upkeep
|
|t:|1779802592
|switch|p2a: Corviknight|Corviknight, F|82/100 par
|-damage|p2a: Corviknight|70/100 par|[from] Stealth Rock
|-ability|p2a: Corviknight|Pressure
|turn|62
|
|t:|1779802602
|move|p1a: Iron Valiant|Thunderbolt|p2a: Corviknight
|-supereffective|p2a: Corviknight
|-damage|p2a: Corviknight|17/100 par
|move|p2a: Corviknight|Roost|p2a: Corviknight
|-heal|p2a: Corviknight|67/100 par
|-singleturn|p2a: Corviknight|move: Roost
|
|upkeep
|turn|63
|
|t:|1779802616
|move|p1a: Iron Valiant|Thunderbolt|p2a: Corviknight
|-supereffective|p2a: Corviknight
|-damage|p2a: Corviknight|13/100 par
|move|p2a: Corviknight|Brave Bird|p1a: Iron Valiant
|-supereffective|p1a: Iron Valiant
|-damage|p1a: Iron Valiant|0 fnt
|faint|p1a: Iron Valiant
|-end|p1a: Iron Valiant|Quark Drive|[silent]
|-damage|p2a: Corviknight|3/100 par|[from] Recoil
|
|upkeep
|
|t:|1779802637
|switch|p1a: Hydreigon|Hydreigon, F|53/100
|-damage|p1a: Hydreigon|41/100|[from] Stealth Rock
|turn|64
|
|t:|1779802647
|move|p1a: Hydreigon|Dark Pulse|p2a: Corviknight
|-damage|p2a: Corviknight|0 fnt
|faint|p2a: Corviknight
|
|upkeep
|
|t:|1779802658
|switch|p2a: Ting-Lu|Ting-Lu|94/100 slp
|-damage|p2a: Ting-Lu|88/100 slp|[from] Stealth Rock
|-ability|p2a: Ting-Lu|Vessel of Ruin
|turn|65
|
|t:|1779802671
|switch|p1a: Rotom|Rotom-Wash|87/100
|-damage|p1a: Rotom|75/100|[from] Stealth Rock
|-curestatus|p2a: Ting-Lu|slp|[msg]
|move|p2a: Ting-Lu|Payback|p1a: Rotom
|-damage|p1a: Rotom|60/100
|
|-heal|p1a: Rotom|67/100|[from] item: Leftovers
|upkeep
|turn|66
|
|t:|1779802683
|move|p1a: Rotom|Will-O-Wisp|p2a: Ting-Lu
|-status|p2a: Ting-Lu|brn
|move|p2a: Ting-Lu|Payback|p1a: Rotom
|-damage|p1a: Rotom|52/100
|
|-heal|p1a: Rotom|59/100|[from] item: Leftovers
|-damage|p2a: Ting-Lu|82/100 brn|[from] brn
|upkeep
|turn|67
|
|t:|1779802695
|-terastallize|p2a: Ting-Lu|Water
|move|p1a: Rotom|Pain Split|p2a: Ting-Lu
|-sethp|p2a: Ting-Lu|58/100 brn|[from] move: Pain Split|[silent]
|-sethp|p1a: Rotom|98/100|[from] move: Pain Split
|move|p2a: Ting-Lu|Payback|p1a: Rotom
|-damage|p1a: Rotom|82/100
|
|-heal|p1a: Rotom|89/100|[from] item: Leftovers
|-damage|p2a: Ting-Lu|52/100 brn|[from] brn
|upkeep
|turn|68
|
|t:|1779802707
|move|p1a: Rotom|Will-O-Wisp|p2a: Ting-Lu|[miss]
|-miss|p1a: Rotom|p2a: Ting-Lu
|move|p2a: Ting-Lu|Payback|p1a: Rotom
|-crit|p1a: Rotom
|-damage|p1a: Rotom|66/100
|
|-heal|p1a: Rotom|72/100|[from] item: Leftovers
|-damage|p2a: Ting-Lu|46/100 brn|[from] brn
|upkeep
|turn|69
|
|t:|1779802716
|move|p1a: Rotom|Will-O-Wisp|p2a: Ting-Lu|[miss]
|-miss|p1a: Rotom|p2a: Ting-Lu
|move|p2a: Ting-Lu|Payback|p1a: Rotom
|-damage|p1a: Rotom|57/100
|
|-heal|p1a: Rotom|64/100|[from] item: Leftovers
|-damage|p2a: Ting-Lu|40/100 brn|[from] brn
|upkeep
|turn|70
|
|t:|1779802727
|move|p1a: Rotom|Will-O-Wisp|p2a: Ting-Lu
|-fail|p2a: Ting-Lu|brn
|move|p2a: Ting-Lu|Payback|p1a: Rotom
|-damage|p1a: Rotom|49/100
|
|-heal|p1a: Rotom|55/100|[from] item: Leftovers
|-damage|p2a: Ting-Lu|33/100 brn|[from] brn
|upkeep
|turn|71
|
|t:|1779802735
|move|p1a: Rotom|Will-O-Wisp|p2a: Ting-Lu
|-fail|p2a: Ting-Lu|brn
|move|p2a: Ting-Lu|Payback|p1a: Rotom
|-damage|p1a: Rotom|41/100
|
|-heal|p1a: Rotom|47/100|[from] item: Leftovers
|-damage|p2a: Ting-Lu|27/100 brn|[from] brn
|upkeep
|turn|72
|
|t:|1779802744
|move|p1a: Rotom|Will-O-Wisp|p2a: Ting-Lu
|-fail|p2a: Ting-Lu|brn
|move|p2a: Ting-Lu|Payback|p1a: Rotom
|-damage|p1a: Rotom|33/100
|
|-heal|p1a: Rotom|39/100|[from] item: Leftovers
|-damage|p2a: Ting-Lu|21/100 brn|[from] brn
|upkeep
|turn|73
|
|t:|1779802752
|move|p1a: Rotom|Will-O-Wisp|p2a: Ting-Lu
|-fail|p2a: Ting-Lu|brn
|move|p2a: Ting-Lu|Payback|p1a: Rotom
|-damage|p1a: Rotom|24/100
|
|-heal|p1a: Rotom|30/100|[from] item: Leftovers
|-damage|p2a: Ting-Lu|15/100 brn|[from] brn
|upkeep
|turn|74
|
|t:|1779802761
|move|p1a: Rotom|Will-O-Wisp|p2a: Ting-Lu
|-fail|p2a: Ting-Lu|brn
|move|p2a: Ting-Lu|Payback|p1a: Rotom
|-damage|p1a: Rotom|16/100
|
|-heal|p1a: Rotom|22/100|[from] item: Leftovers
|-damage|p2a: Ting-Lu|8/100 brn|[from] brn
|upkeep
|turn|75
|c|☆hornet simp|gg
|
|t:|1779802772
|move|p1a: Rotom|Volt Switch|p2a: Ting-Lu
|-supereffective|p2a: Ting-Lu
|-damage|p2a: Ting-Lu|0 fnt
|faint|p2a: Ting-Lu
|
|win|hornet simp
|raw|hornet simp's rating: 1322 &rarr; <strong>1340</strong><br />(+18 for winning)
|raw|claudechamp's rating: 1279 &rarr; <strong>1257</strong><br />(-22 for losing)
|c|☆claudechamp|gg
|l|☆hornet simp
|player|p1|
