|j|☆sixsevens
|j|☆DeDoctaIgnorantia
|t:|1779856107
|gametype|singles
|player|p1|sixsevens|miku-ghost|1370
|player|p2|DeDoctaIgnorantia|n|1314
|gen|9
|tier|[Gen 9] OU
|rated|
|rule|HP Percentage Mod: HP is shown in percentages
|rule|Endless Battle Clause: Forcing endless battles is banned
|rule|Species Clause: Limit one of each Pokémon
|rule|OHKO Clause: OHKO moves are banned
|rule|Evasion Items Clause: Evasion items are banned
|rule|Evasion Moves Clause: Evasion moves are banned
|rule|Evasion Abilities Clause: Evasion abilities are banned
|rule|Sleep Moves Clause: Sleep-inducing moves are banned
|clearpoke
|poke|p1|Arcanine-Hisui, F|
|poke|p1|Darkrai|
|poke|p1|Great Tusk|
|poke|p1|Hatterene, F|
|poke|p1|Ogerpon-Wellspring, F|
|poke|p1|Zapdos|
|poke|p2|Weavile, F|
|poke|p2|Samurott-Hisui, F|
|poke|p2|Gholdengo|
|poke|p2|Great Tusk|
|poke|p2|Ogerpon-Wellspring, F|
|poke|p2|Slowking-Galar, M|
|teampreview
|inactive|Battle timer is ON: inactive players will automatically lose when time's up. (requested by sixsevens)
|inactive|DeDoctaIgnorantia has 120 seconds left.
|
|t:|1779856152
|teamsize|p1|6
|teamsize|p2|6
|start
|switch|p1a: Zapdos|Zapdos, shiny|100/100
|switch|p2a: Samurott|Samurott-Hisui, F|100/100
|turn|1
|inactive|sixsevens has 120 seconds left.
|
|t:|1779856204
|move|p2a: Samurott|Ceaseless Edge|p1a: Zapdos
|-damage|p1a: Zapdos|67/100
|-sidestart|p1: sixsevens|Spikes
|move|p1a: Zapdos|Volt Switch|p2a: Samurott
|-supereffective|p2a: Samurott
|-damage|p2a: Samurott|16/100
|inactive|sixsevens has 90 seconds left.
|
|t:|1779856233
|switch|p1a: Darkrai|Darkrai, shiny|100/100|[from] Volt Switch
|-damage|p1a: Darkrai|88/100|[from] Spikes
|
|upkeep
|turn|2
|
|t:|1779856241
|move|p1a: Darkrai|Sludge Bomb|p2a: Samurott
|-damage|p2a: Samurott|0 fnt
|faint|p2a: Samurott
|
|upkeep
|
|t:|1779856263
|switch|p2a: Gholdengo|Gholdengo|100/100
|-item|p2a: Gholdengo|Air Balloon
|turn|3
|inactive|sixsevens has 90 seconds left.
|
|t:|1779856284
|switch|p1a: Zapdos|Zapdos, shiny|67/100
|move|p2a: Gholdengo|Nasty Plot|p2a: Gholdengo
|-boost|p2a: Gholdengo|spa|2
|
|upkeep
|turn|4
|
|t:|1779856295
|move|p1a: Zapdos|Volt Switch|p2a: Gholdengo
|-crit|p2a: Gholdengo
|-damage|p2a: Gholdengo|55/100
|-enditem|p2a: Gholdengo|Air Balloon
|inactive|sixsevens has 90 seconds left.
|
|t:|1779856301
|switch|p1a: Hatterene|Hatterene, F, shiny|100/100|[from] Volt Switch
|-damage|p1a: Hatterene|88/100|[from] Spikes
|move|p2a: Gholdengo|Shadow Ball|p1a: Hatterene
|-supereffective|p1a: Hatterene
|-damage|p1a: Hatterene|0 fnt
|faint|p1a: Hatterene
|
|upkeep
|inactive|sixsevens has 90 seconds left.
|
|t:|1779856307
|switch|p1a: Arcanine|Arcanine-Hisui, F|100/100
|-damage|p1a: Arcanine|88/100|[from] Spikes
|turn|5
|
|t:|1779856330
|switch|p2a: Great Tusk|Great Tusk|100/100
|-enditem|p2a: Great Tusk|Booster Energy
|-activate|p2a: Great Tusk|ability: Protosynthesis|[fromitem]
|-start|p2a: Great Tusk|protosynthesisatk
|move|p1a: Arcanine|Flare Blitz|p2a: Great Tusk
|-damage|p2a: Great Tusk|36/100
|
|upkeep
|turn|6
|
|t:|1779856350
|move|p1a: Arcanine|Flare Blitz|p2a: Great Tusk
|-crit|p2a: Great Tusk
|-damage|p2a: Great Tusk|0 fnt
|faint|p2a: Great Tusk
|-end|p2a: Great Tusk|Protosynthesis|[silent]
|
|upkeep
|
|t:|1779856353
|switch|p2a: Ogerpon|Ogerpon-Wellspring, F|100/100
|turn|7
|
|t:|1779856360
|switch|p1a: Zapdos|Zapdos, shiny|67/100
|move|p2a: Ogerpon|Ivy Cudgel|p1a: Zapdos|[anim] Ivy Cudgel Water
|-damage|p1a: Zapdos|25/100
|
|upkeep
|turn|8
|
|t:|1779856373
|move|p2a: Ogerpon|Play Rough|p1a: Zapdos
|-damage|p1a: Zapdos|0 fnt
|faint|p1a: Zapdos
|
|upkeep
|
|t:|1779856377
|switch|p1a: Darkrai|Darkrai, shiny|88/100
|-damage|p1a: Darkrai|76/100|[from] Spikes
|turn|9
|
|t:|1779856385
|switch|p2a: Gholdengo|Gholdengo|55/100
|move|p1a: Darkrai|Dark Pulse|p2a: Gholdengo
|-supereffective|p2a: Gholdengo
|-damage|p2a: Gholdengo|0 fnt
|faint|p2a: Gholdengo
|
|upkeep
|
|t:|1779856391
|switch|p2a: Weavile|Weavile, F|100/100
|-ability|p2a: Weavile|Pressure
|turn|10
|inactive|sixsevens has 120 seconds left.
|
|t:|1779856418
|move|p1a: Darkrai|Dark Pulse|p2a: Weavile
|-resisted|p2a: Weavile
|-damage|p2a: Weavile|71/100
|cant|p2a: Weavile|flinch
|
|upkeep
|turn|11
|inactive|sixsevens has 120 seconds left.
|
|t:|1779856452
|switch|p1a: Ogerpon|Ogerpon-Wellspring, F|100/100
|-damage|p1a: Ogerpon|88/100|[from] Spikes
|move|p2a: Weavile|Swords Dance|p2a: Weavile
|-boost|p2a: Weavile|atk|2
|
|upkeep
|turn|12
|inactive|DeDoctaIgnorantia has 120 seconds left.
|
|t:|1779856486
|move|p2a: Weavile|Triple Axel|p1a: Ogerpon
|-damage|p1a: Ogerpon|60/100
|-damage|p1a: Ogerpon|8/100
|-damage|p1a: Ogerpon|0 fnt
|faint|p1a: Ogerpon
|-hitcount|p1: Ogerpon|3
|
|upkeep
|
|t:|1779856489
|switch|p1a: Arcanine|Arcanine-Hisui, F|88/100
|-damage|p1a: Arcanine|76/100|[from] Spikes
|turn|13
|
|t:|1779856497
|move|p1a: Arcanine|Extreme Speed|p2a: Weavile
|-damage|p2a: Weavile|7/100
|move|p2a: Weavile|Knock Off|p1a: Arcanine
|-damage|p1a: Arcanine|0 fnt
|-enditem|p1a: Arcanine|Choice Band|[from] move: Knock Off|[of] p2a: Weavile
|faint|p1a: Arcanine
|
|upkeep
|
|t:|1779856501
|switch|p1a: Darkrai|Darkrai, shiny|76/100
|-damage|p1a: Darkrai|63/100|[from] Spikes
|turn|14
|
|t:|1779856511
|move|p1a: Darkrai|Dark Pulse|p2a: Weavile
|-resisted|p2a: Weavile
|-damage|p2a: Weavile|0 fnt
|faint|p2a: Weavile
|
|upkeep
|
|t:|1779856515
|switch|p2a: Ogerpon|Ogerpon-Wellspring, F|100/100
|turn|15
|
|t:|1779856523
|-terastallize|p2a: Ogerpon|Water
|detailschange|p2a: Ogerpon|Ogerpon-Wellspring-Tera, F, tera:Water
|-ability|p2a: Ogerpon|Embody Aspect (Wellspring)|boost
|-boost|p2a: Ogerpon|spd|1
|move|p1a: Darkrai|Dark Pulse|p2a: Ogerpon
|-damage|p2a: Ogerpon|66/100
|move|p2a: Ogerpon|Ivy Cudgel|p1a: Darkrai|[anim] Ivy Cudgel Water
|-damage|p1a: Darkrai|0 fnt
|faint|p1a: Darkrai
|
|upkeep
|
|t:|1779856531
|switch|p1a: Great Tusk|Great Tusk, shiny|100/100
|-damage|p1a: Great Tusk|88/100|[from] Spikes
|turn|16
|
|t:|1779856557
|-terastallize|p1a: Great Tusk|Steel
|move|p2a: Ogerpon|Ivy Cudgel|p1a: Great Tusk|[anim] Ivy Cudgel Water
|-damage|p1a: Great Tusk|27/100
|move|p1a: Great Tusk|Headlong Rush|p2a: Ogerpon
|-damage|p2a: Ogerpon|0 fnt
|-unboost|p1a: Great Tusk|def|1
|-unboost|p1a: Great Tusk|spd|1
|faint|p2a: Ogerpon
|detailschange|p2: Ogerpon|Ogerpon-Wellspring, F|[silent]
|
|upkeep
|
|t:|1779856567
|switch|p2a: Slowking|Slowking-Galar, M|100/100
|turn|17
|
|t:|1779856578
|move|p1a: Great Tusk|Headlong Rush|p2a: Slowking
|-supereffective|p2a: Slowking
|-damage|p2a: Slowking|0 fnt
|-unboost|p1a: Great Tusk|def|1
|-unboost|p1a: Great Tusk|spd|1
|faint|p2a: Slowking
|
|win|sixsevens
|raw|sixsevens's rating: 1370 &rarr; <strong>1387</strong><br />(+17 for winning)
|raw|DeDoctaIgnorantia's rating: 1314 &rarr; <strong>1297</strong><br />(-17 for losing)
|l|☆sixsevens
|player|p1|
|l|☆DeDoctaIgnorantia
|player|p2|
