|badge|p1|bronze|gen9ou|100-9
|uhtml|medal-msg|<div class="broadcast-blue">Curious what those medals under the avatar are? PS now has Ladder Seasons! For more information, check out the <a href="https://www.smogon.com/forums/threads/3740067/">thread on Smogon.</a></div>
|badge|p2|bronze|gen9ou|100-9
|uhtml|medal-msg|<div class="broadcast-blue">Curious what those medals under the avatar are? PS now has Ladder Seasons! For more information, check out the <a href="https://www.smogon.com/forums/threads/3740067/">thread on Smogon.</a></div>
|j|☆adil
|j|☆Auburn Hills
|t:|1779921614
|gametype|singles
|player|p1|adil|265|1832
|player|p2|Auburn Hills|alder|1801
|gen|9
|tier|[Gen 9] OU
|rated|
|rule|HP Percentage Mod: HP is shown in percentages
|rule|Endless Battle Clause: Forcing endless battles is banned
|rule|Species Clause: Limit one of each Pokémon
|rule|OHKO Clause: OHKO moves are banned
|rule|Evasion Items Clause: Evasion items are banned
|rule|Evasion Moves Clause: Evasion moves are banned
|rule|Evasion Abilities Clause: Evasion abilities are banned
|rule|Sleep Moves Clause: Sleep-inducing moves are banned
|clearpoke
|poke|p1|Kyurem|
|poke|p1|Corviknight, M|
|poke|p1|Ting-Lu|
|poke|p1|Dondozo, M|
|poke|p1|Slowking-Galar, M|
|poke|p1|Cinderace, M|
|poke|p2|Iron Moth|
|poke|p2|Umbreon, F|
|poke|p2|Garchomp, M|
|poke|p2|Glimmora, F|
|poke|p2|Gholdengo|
|poke|p2|Dragonite, F|
|teampreview
|inactive|Battle timer is ON: inactive players will automatically lose when time's up. (requested by adil)
|j| dlflf
|inactive|Auburn Hills has 120 seconds left.
|inactive|Auburn Hills has 90 seconds left.
|
|t:|1779921726
|teamsize|p1|6
|teamsize|p2|6
|start
|switch|p1a: Kyurem|Kyurem|100/100
|switch|p2a: Rat Tally|Garchomp, M|100/100
|-ability|p1a: Kyurem|Pressure
|turn|1
|
|t:|1779921736
|move|p1a: Kyurem|Protect|p1a: Kyurem
|-singleturn|p1a: Kyurem|Protect
|move|p2a: Rat Tally|Scale Shot|p1a: Kyurem
|-activate|p1a: Kyurem|move: Protect
|
|upkeep
|turn|2
|
|t:|1779921751
|switch|p2a: Alvvays|Umbreon, F|100/100
|switch|p1a: Corviknight|Corviknight, M|100/100
|-ability|p1a: Corviknight|Pressure
|
|upkeep
|turn|3
|
|t:|1779921759
|move|p1a: Corviknight|U-turn|p2a: Alvvays
|-supereffective|p2a: Alvvays
|-damage|p2a: Alvvays|78/100
|
|t:|1779921761
|switch|p1a: Ting-Lu|Ting-Lu|100/100|[from] U-turn
|-ability|p1a: Ting-Lu|Vessel of Ruin
|move|p2a: Alvvays|Thunder Wave|p1a: Ting-Lu
|-immune|p1a: Ting-Lu
|
|-heal|p2a: Alvvays|84/100|[from] item: Leftovers
|upkeep
|turn|4
|
|t:|1779921767
|switch|p2a: Julia Jacklin|Glimmora, F|100/100
|move|p1a: Ting-Lu|Stealth Rock|p2a: Julia Jacklin
|-sidestart|p2: Auburn Hills|move: Stealth Rock
|
|upkeep
|turn|5
|
|t:|1779921770
|move|p2a: Julia Jacklin|Mortal Spin|p1a: Ting-Lu
|-resisted|p1a: Ting-Lu
|-damage|p1a: Ting-Lu|99/100
|-status|p1a: Ting-Lu|psn
|-sideend|p2: Auburn Hills|Stealth Rock|[from] move: Mortal Spin|[of] p2a: Julia Jacklin
|move|p1a: Ting-Lu|Earthquake|p2a: Julia Jacklin
|-supereffective|p2a: Julia Jacklin
|-enditem|p2a: Julia Jacklin|Focus Sash
|-damage|p2a: Julia Jacklin|1/100
|-activate|p2a: Julia Jacklin|ability: Toxic Debris
|-sidestart|p1: adil|move: Toxic Spikes
|
|-heal|p1a: Ting-Lu|100/100 psn|[from] item: Leftovers
|-damage|p1a: Ting-Lu|88/100 psn|[from] psn
|upkeep
|turn|6
|
|t:|1779921776
|move|p2a: Julia Jacklin|Stealth Rock|p1a: Ting-Lu
|-sidestart|p1: adil|move: Stealth Rock
|move|p1a: Ting-Lu|Earthquake|p2a: Julia Jacklin
|-supereffective|p2a: Julia Jacklin
|-damage|p2a: Julia Jacklin|0 fnt
|-activate|p2a: Julia Jacklin|ability: Toxic Debris
|-sidestart|p1: adil|move: Toxic Spikes
|faint|p2a: Julia Jacklin
|
|-heal|p1a: Ting-Lu|94/100 psn|[from] item: Leftovers
|-damage|p1a: Ting-Lu|82/100 psn|[from] psn
|upkeep
|
|t:|1779921780
|switch|p2a: Elucid|Dragonite, F|100/100
|turn|7
|
|t:|1779921784
|move|p2a: Elucid|Dragon Dance|p2a: Elucid
|-boost|p2a: Elucid|atk|1
|-boost|p2a: Elucid|spe|1
|move|p1a: Ting-Lu|Whirlwind|p2a: Elucid
|drag|p2a: Rat Tally|Garchomp, M|100/100
|
|-heal|p1a: Ting-Lu|88/100 psn|[from] item: Leftovers
|-damage|p1a: Ting-Lu|76/100 psn|[from] psn
|upkeep
|turn|8
|
|t:|1779921790
|switch|p1a: Corviknight|Corviknight, M|100/100
|-damage|p1a: Corviknight|88/100|[from] Stealth Rock
|-ability|p1a: Corviknight|Pressure
|move|p2a: Rat Tally|Scale Shot|p1a: Corviknight
|-resisted|p1a: Corviknight
|-damage|p1a: Corviknight|84/100
|-resisted|p1a: Corviknight
|-damage|p1a: Corviknight|80/100
|-resisted|p1a: Corviknight
|-damage|p1a: Corviknight|76/100
|-resisted|p1a: Corviknight
|-damage|p1a: Corviknight|72/100
|-resisted|p1a: Corviknight
|-damage|p1a: Corviknight|68/100
|-hitcount|p1a: Corviknight|5
|-unboost|p2a: Rat Tally|def|1
|-boost|p2a: Rat Tally|spe|1
|
|-heal|p1a: Corviknight|74/100|[from] item: Leftovers
|upkeep
|turn|9
|
|t:|1779921798
|move|p2a: Rat Tally|Swords Dance|p2a: Rat Tally
|-boost|p2a: Rat Tally|atk|2
|move|p1a: Corviknight|U-turn|p2a: Rat Tally
|-damage|p2a: Rat Tally|80/100
|-damage|p1a: Corviknight|62/100|[from] ability: Rough Skin|[of] p2a: Rat Tally
|
|t:|1779921801
|switch|p1a: Dondozo|Dondozo, M|100/100|[from] U-turn
|-status|p1a: Dondozo|tox
|-damage|p1a: Dondozo|88/100 tox|[from] Stealth Rock
|
|-heal|p1a: Dondozo|94/100 tox|[from] item: Leftovers
|-damage|p1a: Dondozo|88/100 tox|[from] psn
|upkeep
|turn|10
|
|t:|1779921804
|move|p2a: Rat Tally|Earthquake|p1a: Dondozo
|-damage|p1a: Dondozo|56/100 tox
|move|p1a: Dondozo|Curse|p1a: Dondozo
|-unboost|p1a: Dondozo|spe|1
|-boost|p1a: Dondozo|atk|1
|-boost|p1a: Dondozo|def|1
|
|-heal|p1a: Dondozo|63/100 tox|[from] item: Leftovers
|-damage|p1a: Dondozo|50/100 tox|[from] psn
|upkeep
|turn|11
|
|t:|1779921808
|move|p2a: Rat Tally|Scale Shot|p1a: Dondozo
|-damage|p1a: Dondozo|45/100 tox
|-damage|p1a: Dondozo|40/100 tox
|-damage|p1a: Dondozo|35/100 tox
|-damage|p1a: Dondozo|30/100 tox
|-hitcount|p1a: Dondozo|4
|-unboost|p2a: Rat Tally|def|1
|-boost|p2a: Rat Tally|spe|1
|move|p1a: Dondozo|Rest|p1a: Dondozo
|-status|p1a: Dondozo|slp|[from] move: Rest
|-heal|p1a: Dondozo|100/100 slp|[silent]
|
|upkeep
|turn|12
|
|t:|1779921811
|move|p2a: Rat Tally|Scale Shot|p1a: Dondozo
|-damage|p1a: Dondozo|96/100 slp
|-damage|p1a: Dondozo|90/100 slp
|-damage|p1a: Dondozo|85/100 slp
|-damage|p1a: Dondozo|80/100 slp
|-hitcount|p1a: Dondozo|4
|-unboost|p2a: Rat Tally|def|1
|-boost|p2a: Rat Tally|spe|1
|cant|p1a: Dondozo|slp
|
|-heal|p1a: Dondozo|86/100 slp|[from] item: Leftovers
|upkeep
|turn|13
|
|t:|1779921814
|switch|p2a: Smino|Gholdengo|100/100
|cant|p1a: Dondozo|slp
|
|-heal|p1a: Dondozo|92/100 slp|[from] item: Leftovers
|upkeep
|turn|14
|
|t:|1779921819
|switch|p1a: Cinderace|Cinderace, M|100/100
|move|p2a: Smino|Shadow Ball|p1a: Cinderace
|-damage|p1a: Cinderace|52/100
|
|upkeep
|turn|15
|
|t:|1779921825
|move|p2a: Smino|Shadow Ball|p1a: Cinderace
|-damage|p1a: Cinderace|3/100
|move|p1a: Cinderace|Court Change|p1a: Cinderace
|-swapsideconditions
|-activate|p1a: Cinderace|move: Court Change
|
|upkeep
|turn|16
|
|t:|1779921833
|switch|p1a: Slowking|Slowking-Galar, M|100/100
|move|p2a: Smino|Shadow Ball|p1a: Slowking
|-supereffective|p1a: Slowking
|-damage|p1a: Slowking|47/100
|-unboost|p1a: Slowking|spd|1
|
|upkeep
|turn|17
|
|t:|1779921839
|switch|p1a: Ting-Lu|Ting-Lu|76/100 psn
|-ability|p1a: Ting-Lu|Vessel of Ruin
|move|p2a: Smino|Shadow Ball|p1a: Ting-Lu
|-resisted|p1a: Ting-Lu
|-damage|p1a: Ting-Lu|67/100 psn
|
|-heal|p1a: Ting-Lu|73/100 psn|[from] item: Leftovers
|-damage|p1a: Ting-Lu|61/100 psn|[from] psn
|upkeep
|turn|18
|
|t:|1779921844
|switch|p2a: Elucid|Dragonite, F|100/100
|move|p1a: Ting-Lu|Earthquake|p2a: Elucid
|-immune|p2a: Elucid
|
|-heal|p1a: Ting-Lu|67/100 psn|[from] item: Leftovers
|-damage|p1a: Ting-Lu|54/100 psn|[from] psn
|upkeep
|turn|19
|
|t:|1779921852
|switch|p2a: Carly Rae|Iron Moth|100/100
|-sideend|p2: Auburn Hills|move: Toxic Spikes|[of] p2a: Carly Rae
|-damage|p2a: Carly Rae|76/100|[from] Stealth Rock
|-enditem|p2a: Carly Rae|Booster Energy
|-activate|p2a: Carly Rae|ability: Quark Drive|[fromitem]
|-start|p2a: Carly Rae|quarkdrivespe
|switch|p1a: Dondozo|Dondozo, M|92/100 slp
|
|-heal|p1a: Dondozo|98/100 slp|[from] item: Leftovers
|upkeep
|turn|20
|
|t:|1779921863
|switch|p1a: Slowking|Slowking-Galar, M|80/100
|move|p2a: Carly Rae|Fiery Dance|p1a: Slowking
|-damage|p1a: Slowking|55/100
|
|upkeep
|turn|21
|
|t:|1779921875
|move|p2a: Carly Rae|Fiery Dance|p1a: Slowking
|-damage|p1a: Slowking|30/100
|move|p1a: Slowking|Psychic Noise|p2a: Carly Rae
|-supereffective|p2a: Carly Rae
|-damage|p2a: Carly Rae|18/100
|-start|p2a: Carly Rae|move: Heal Block
|
|upkeep
|turn|22
|
|t:|1779921883
|move|p2a: Carly Rae|Fiery Dance|p1a: Slowking
|-damage|p1a: Slowking|7/100
|-boost|p2a: Carly Rae|spa|1
|move|p1a: Slowking|Psychic Noise|p2a: Carly Rae
|-supereffective|p2a: Carly Rae
|-damage|p2a: Carly Rae|0 fnt
|faint|p2a: Carly Rae
|-end|p2a: Carly Rae|Quark Drive|[silent]
|
|upkeep
|
|t:|1779921888
|switch|p2a: Rat Tally|Garchomp, M|80/100
|-damage|p2a: Rat Tally|74/100|[from] Stealth Rock
|turn|23
|
|t:|1779921892
|switch|p1a: Corviknight|Corviknight, M|62/100
|-ability|p1a: Corviknight|Pressure
|move|p2a: Rat Tally|Scale Shot|p1a: Corviknight
|-resisted|p1a: Corviknight
|-damage|p1a: Corviknight|58/100
|-resisted|p1a: Corviknight
|-damage|p1a: Corviknight|53/100
|-resisted|p1a: Corviknight
|-damage|p1a: Corviknight|49/100
|-resisted|p1a: Corviknight
|-damage|p1a: Corviknight|45/100
|-resisted|p1a: Corviknight
|-damage|p1a: Corviknight|41/100
|-hitcount|p1a: Corviknight|5
|-unboost|p2a: Rat Tally|def|1
|-boost|p2a: Rat Tally|spe|1
|
|-heal|p1a: Corviknight|47/100|[from] item: Leftovers
|upkeep
|turn|24
|
|t:|1779921897
|switch|p2a: Smino|Gholdengo|100/100
|-damage|p2a: Smino|94/100|[from] Stealth Rock
|move|p1a: Corviknight|Roost|p1a: Corviknight
|-heal|p1a: Corviknight|97/100
|-singleturn|p1a: Corviknight|move: Roost
|
|-heal|p1a: Corviknight|100/100|[from] item: Leftovers
|upkeep
|turn|25
|
|t:|1779921905
|switch|p1a: Ting-Lu|Ting-Lu|54/100 psn
|-ability|p1a: Ting-Lu|Vessel of Ruin
|move|p2a: Smino|Trick|p1a: Ting-Lu
|-activate|p2a: Smino|move: Trick|[of] p1a: Ting-Lu
|-item|p1a: Ting-Lu|Choice Scarf|[from] move: Trick
|-item|p2a: Smino|Leftovers|[from] move: Trick
|
|-heal|p2a: Smino|100/100|[from] item: Leftovers
|-damage|p1a: Ting-Lu|42/100 psn|[from] psn
|upkeep
|turn|26
|
|t:|1779921916
|move|p2a: Smino|Shadow Ball|p1a: Ting-Lu
|-resisted|p1a: Ting-Lu
|-damage|p1a: Ting-Lu|33/100 psn
|move|p1a: Ting-Lu|Rest|p1a: Ting-Lu
|-status|p1a: Ting-Lu|slp|[from] move: Rest
|-heal|p1a: Ting-Lu|100/100 slp|[silent]
|
|upkeep
|turn|27
|
|t:|1779921920
|move|p2a: Smino|Shadow Ball|p1a: Ting-Lu
|-resisted|p1a: Ting-Lu
|-damage|p1a: Ting-Lu|91/100 slp
|-unboost|p1a: Ting-Lu|spd|1
|cant|p1a: Ting-Lu|slp
|
|upkeep
|turn|28
|
|t:|1779921930
|move|p2a: Smino|Shadow Ball|p1a: Ting-Lu
|-resisted|p1a: Ting-Lu
|-damage|p1a: Ting-Lu|78/100 slp
|cant|p1a: Ting-Lu|slp
|
|upkeep
|turn|29
|
|t:|1779921945
|move|p2a: Smino|Shadow Ball|p1a: Ting-Lu
|-resisted|p1a: Ting-Lu
|-damage|p1a: Ting-Lu|65/100 slp
|-unboost|p1a: Ting-Lu|spd|1
|-curestatus|p1a: Ting-Lu|slp|[msg]
|move|p1a: Ting-Lu|Rest|p1a: Ting-Lu
|-status|p1a: Ting-Lu|slp|[from] move: Rest
|-heal|p1a: Ting-Lu|100/100 slp|[silent]
|
|upkeep
|turn|30
|j| yuureisuisei
|
|t:|1779921952
|move|p2a: Smino|Psyshock|p1a: Ting-Lu
|-immune|p1a: Ting-Lu
|cant|p1a: Ting-Lu|slp
|
|upkeep
|turn|31
|
|t:|1779921954
|move|p2a: Smino|Psyshock|p1a: Ting-Lu
|-immune|p1a: Ting-Lu
|cant|p1a: Ting-Lu|slp
|
|upkeep
|turn|32
|
|t:|1779921957
|switch|p1a: Dondozo|Dondozo, M|98/100 slp
|move|p2a: Smino|Psyshock|p1a: Dondozo
|-damage|p1a: Dondozo|82/100 slp
|
|-heal|p1a: Dondozo|88/100 slp|[from] item: Leftovers
|upkeep
|turn|33
|
|t:|1779921962
|switch|p1a: Ting-Lu|Ting-Lu|100/100 slp
|-ability|p1a: Ting-Lu|Vessel of Ruin
|move|p2a: Smino|Shadow Ball|p1a: Ting-Lu
|-resisted|p1a: Ting-Lu
|-damage|p1a: Ting-Lu|92/100 slp
|-unboost|p1a: Ting-Lu|spd|1
|
|upkeep
|turn|34
|
|t:|1779921971
|-terastallize|p2a: Smino|Flying
|move|p2a: Smino|Shadow Ball|p1a: Ting-Lu
|-resisted|p1a: Ting-Lu
|-damage|p1a: Ting-Lu|79/100 slp
|-curestatus|p1a: Ting-Lu|slp|[msg]
|move|p1a: Ting-Lu|Earthquake|p2a: Smino
|-immune|p2a: Smino
|
|upkeep
|turn|35
|
|t:|1779921980
|move|p2a: Smino|Make It Rain|p1a: Ting-Lu
|-damage|p1a: Ting-Lu|36/100
|-unboost|p2a: Smino|spa|1
|move|p1a: Ting-Lu|Earthquake|p2a: Smino
|-immune|p2a: Smino
|
|upkeep
|turn|36
|
|t:|1779921986
|switch|p1a: Dondozo|Dondozo, M|88/100 slp
|move|p2a: Smino|Shadow Ball|p1a: Dondozo
|-damage|p1a: Dondozo|59/100 slp
|
|-heal|p1a: Dondozo|65/100 slp|[from] item: Leftovers
|upkeep
|turn|37
|
|t:|1779921992
|switch|p2a: Rat Tally|Garchomp, M|74/100
|-damage|p2a: Rat Tally|68/100|[from] Stealth Rock
|switch|p1a: Ting-Lu|Ting-Lu|36/100
|-ability|p1a: Ting-Lu|Vessel of Ruin
|
|upkeep
|turn|38
|
|t:|1779921997
|switch|p1a: Corviknight|Corviknight, M|100/100
|-ability|p1a: Corviknight|Pressure
|move|p2a: Rat Tally|Swords Dance|p2a: Rat Tally
|-boost|p2a: Rat Tally|atk|2
|
|upkeep
|turn|39
|
|t:|1779922003
|move|p2a: Rat Tally|Scale Shot|p1a: Corviknight
|-resisted|p1a: Corviknight
|-damage|p1a: Corviknight|93/100
|-resisted|p1a: Corviknight
|-damage|p1a: Corviknight|86/100
|-resisted|p1a: Corviknight
|-damage|p1a: Corviknight|78/100
|-resisted|p1a: Corviknight
|-damage|p1a: Corviknight|71/100
|-resisted|p1a: Corviknight
|-damage|p1a: Corviknight|63/100
|-hitcount|p1a: Corviknight|5
|-unboost|p2a: Rat Tally|def|1
|-boost|p2a: Rat Tally|spe|1
|move|p1a: Corviknight|Brave Bird|p2a: Rat Tally
|-damage|p2a: Rat Tally|14/100
|-damage|p1a: Corviknight|51/100|[from] ability: Rough Skin|[of] p2a: Rat Tally
|-damage|p1a: Corviknight|35/100|[from] Recoil
|
|-heal|p1a: Corviknight|41/100|[from] item: Leftovers
|upkeep
|turn|40
|
|t:|1779922014
|move|p2a: Rat Tally|Scale Shot|p1a: Corviknight
|-resisted|p1a: Corviknight
|-damage|p1a: Corviknight|33/100
|-resisted|p1a: Corviknight
|-damage|p1a: Corviknight|25/100
|-resisted|p1a: Corviknight
|-damage|p1a: Corviknight|17/100
|-resisted|p1a: Corviknight
|-damage|p1a: Corviknight|9/100
|-hitcount|p1a: Corviknight|4
|-unboost|p2a: Rat Tally|def|1
|-boost|p2a: Rat Tally|spe|1
|move|p1a: Corviknight|Roost|p1a: Corviknight
|-heal|p1a: Corviknight|59/100
|-singleturn|p1a: Corviknight|move: Roost
|
|-heal|p1a: Corviknight|65/100|[from] item: Leftovers
|upkeep
|turn|41
|
|t:|1779922022
|move|p2a: Rat Tally|Scale Shot|p1a: Corviknight
|-resisted|p1a: Corviknight
|-damage|p1a: Corviknight|57/100
|-resisted|p1a: Corviknight
|-damage|p1a: Corviknight|49/100
|-resisted|p1a: Corviknight
|-damage|p1a: Corviknight|41/100
|-resisted|p1a: Corviknight
|-damage|p1a: Corviknight|34/100
|-resisted|p1a: Corviknight
|-damage|p1a: Corviknight|26/100
|-hitcount|p1a: Corviknight|5
|-unboost|p2a: Rat Tally|def|1
|-boost|p2a: Rat Tally|spe|1
|move|p1a: Corviknight|Brave Bird|p2a: Rat Tally
|-damage|p2a: Rat Tally|0 fnt
|-damage|p1a: Corviknight|14/100|[from] ability: Rough Skin|[of] p2a: Rat Tally
|faint|p2a: Rat Tally
|-damage|p1a: Corviknight|10/100|[from] Recoil
|
|-heal|p1a: Corviknight|16/100|[from] item: Leftovers
|upkeep
|
|t:|1779922026
|switch|p2a: Smino|Gholdengo, tera:Flying|100/100
|-damage|p2a: Smino|76/100|[from] Stealth Rock
|turn|42
|
|t:|1779922040
|move|p2a: Smino|Shadow Ball|p1a: Corviknight
|-damage|p1a: Corviknight|0 fnt
|faint|p1a: Corviknight
|
|-heal|p2a: Smino|82/100|[from] item: Leftovers
|upkeep
|
|t:|1779922053
|switch|p1a: Cinderace|Cinderace, M|3/100
|turn|43
|
|t:|1779922058
|switch|p2a: Elucid|Dragonite, F|100/100
|move|p1a: Cinderace|Pyro Ball|p2a: Elucid
|-resisted|p2a: Elucid
|-damage|p2a: Elucid|82/100
|
|upkeep
|turn|44
|
|t:|1779922062
|move|p2a: Elucid|Extreme Speed|p1a: Cinderace
|-damage|p1a: Cinderace|0 fnt
|faint|p1a: Cinderace
|
|upkeep
|
|t:|1779922069
|switch|p1a: Kyurem|Kyurem|100/100
|-ability|p1a: Kyurem|Pressure
|turn|45
|
|t:|1779922071
|switch|p2a: Alvvays|Umbreon, F|84/100
|-damage|p2a: Alvvays|72/100|[from] Stealth Rock
|-terastallize|p1a: Kyurem|Ground
|move|p1a: Kyurem|Freeze-Dry|p2a: Alvvays
|-damage|p2a: Alvvays|53/100
|
|-heal|p2a: Alvvays|59/100|[from] item: Leftovers
|upkeep
|turn|46
|
|t:|1779922074
|move|p1a: Kyurem|Substitute|p1a: Kyurem
|-start|p1a: Kyurem|Substitute
|-damage|p1a: Kyurem|75/100
|move|p2a: Alvvays|Foul Play|p1a: Kyurem
|-end|p1a: Kyurem|Substitute
|
|-heal|p1a: Kyurem|82/100|[from] item: Leftovers
|-heal|p2a: Alvvays|65/100|[from] item: Leftovers
|upkeep
|turn|47
|
|t:|1779922092
|move|p1a: Kyurem|Earth Power|p2a: Alvvays
|-damage|p2a: Alvvays|42/100
|move|p2a: Alvvays|Foul Play|p1a: Kyurem
|-damage|p1a: Kyurem|52/100
|
|-heal|p1a: Kyurem|59/100|[from] item: Leftovers
|-heal|p2a: Alvvays|49/100|[from] item: Leftovers
|upkeep
|turn|48
|
|t:|1779922098
|move|p1a: Kyurem|Earth Power|p2a: Alvvays
|-damage|p2a: Alvvays|23/100
|-unboost|p2a: Alvvays|spd|1
|move|p2a: Alvvays|Wish|p2a: Alvvays
|
|-heal|p1a: Kyurem|65/100|[from] item: Leftovers
|-heal|p2a: Alvvays|30/100|[from] item: Leftovers
|upkeep
|turn|49
|j| ArtistsRendition
|
|t:|1779922103
|move|p1a: Kyurem|Substitute|p1a: Kyurem
|-start|p1a: Kyurem|Substitute
|-damage|p1a: Kyurem|40/100
|move|p2a: Alvvays|Foul Play|p1a: Kyurem
|-crit|p1a: Kyurem
|-end|p1a: Kyurem|Substitute
|
|-heal|p2a: Alvvays|79/100|[from] move: Wish|[wisher] Alvvays
|-heal|p1a: Kyurem|46/100|[from] item: Leftovers
|-heal|p2a: Alvvays|85/100|[from] item: Leftovers
|upkeep
|turn|50
|
|t:|1779922107
|move|p1a: Kyurem|Protect|p1a: Kyurem
|-singleturn|p1a: Kyurem|Protect
|move|p2a: Alvvays|Foul Play|p1a: Kyurem
|-activate|p1a: Kyurem|move: Protect
|
|-heal|p1a: Kyurem|52/100|[from] item: Leftovers
|-heal|p2a: Alvvays|92/100|[from] item: Leftovers
|upkeep
|turn|51
|
|t:|1779922117
|switch|p1a: Dondozo|Dondozo, M|65/100 slp
|move|p2a: Alvvays|Foul Play|p1a: Dondozo
|-damage|p1a: Dondozo|46/100 slp
|
|-heal|p2a: Alvvays|98/100|[from] item: Leftovers
|-heal|p1a: Dondozo|52/100 slp|[from] item: Leftovers
|upkeep
|turn|52
|
|t:|1779922121
|switch|p2a: Smino|Gholdengo, tera:Flying|82/100
|-damage|p2a: Smino|57/100|[from] Stealth Rock
|-curestatus|p1a: Dondozo|slp|[msg]
|move|p1a: Dondozo|Curse|p1a: Dondozo
|-unboost|p1a: Dondozo|spe|1
|-boost|p1a: Dondozo|atk|1
|-boost|p1a: Dondozo|def|1
|
|-heal|p2a: Smino|63/100|[from] item: Leftovers
|-heal|p1a: Dondozo|59/100|[from] item: Leftovers
|upkeep
|turn|53
|
|t:|1779922124
|move|p2a: Smino|Shadow Ball|p1a: Dondozo
|-damage|p1a: Dondozo|33/100
|move|p1a: Dondozo|Waterfall|p2a: Smino
|-damage|p2a: Smino|17/100
|
|-heal|p2a: Smino|23/100|[from] item: Leftovers
|-heal|p1a: Dondozo|39/100|[from] item: Leftovers
|upkeep
|turn|54
|
|t:|1779922137
|switch|p1a: Ting-Lu|Ting-Lu|36/100
|-ability|p1a: Ting-Lu|Vessel of Ruin
|move|p2a: Smino|Shadow Ball|p1a: Ting-Lu
|-resisted|p1a: Ting-Lu
|-damage|p1a: Ting-Lu|28/100
|
|-heal|p2a: Smino|29/100|[from] item: Leftovers
|upkeep
|turn|55
|
|t:|1779922143
|move|p2a: Smino|Make It Rain|p1a: Ting-Lu
|-damage|p1a: Ting-Lu|0 fnt
|-unboost|p2a: Smino|spa|1
|faint|p1a: Ting-Lu
|
|-heal|p2a: Smino|35/100|[from] item: Leftovers
|upkeep
|
|t:|1779922148
|switch|p1a: Kyurem|Kyurem, tera:Ground|52/100
|-ability|p1a: Kyurem|Pressure
|turn|56
|
|t:|1779922151
|switch|p2a: Alvvays|Umbreon, F|98/100
|-damage|p2a: Alvvays|85/100|[from] Stealth Rock
|move|p1a: Kyurem|Freeze-Dry|p2a: Alvvays
|-damage|p2a: Alvvays|66/100
|
|-heal|p1a: Kyurem|58/100|[from] item: Leftovers
|-heal|p2a: Alvvays|72/100|[from] item: Leftovers
|upkeep
|turn|57
|
|t:|1779922156
|switch|p1a: Dondozo|Dondozo, M|39/100
|move|p2a: Alvvays|Foul Play|p1a: Dondozo
|-crit|p1a: Dondozo
|-damage|p1a: Dondozo|11/100
|
|-heal|p2a: Alvvays|78/100|[from] item: Leftovers
|-heal|p1a: Dondozo|17/100|[from] item: Leftovers
|upkeep
|turn|58
|
|t:|1779922160
|move|p2a: Alvvays|Foul Play|p1a: Dondozo
|-damage|p1a: Dondozo|0 fnt
|faint|p1a: Dondozo
|
|-heal|p2a: Alvvays|84/100|[from] item: Leftovers
|upkeep
|
|t:|1779922163
|switch|p1a: Kyurem|Kyurem, tera:Ground|58/100
|-ability|p1a: Kyurem|Pressure
|turn|59
|
|t:|1779922167
|move|p1a: Kyurem|Earth Power|p2a: Alvvays
|-damage|p2a: Alvvays|62/100
|move|p2a: Alvvays|Thunder Wave|p1a: Kyurem
|-immune|p1a: Kyurem
|
|-heal|p1a: Kyurem|65/100|[from] item: Leftovers
|-heal|p2a: Alvvays|68/100|[from] item: Leftovers
|upkeep
|turn|60
|
|t:|1779922171
|move|p1a: Kyurem|Earth Power|p2a: Alvvays
|-damage|p2a: Alvvays|45/100
|move|p2a: Alvvays|Foul Play|p1a: Kyurem
|-crit|p1a: Kyurem
|-damage|p1a: Kyurem|21/100
|
|-heal|p1a: Kyurem|27/100|[from] item: Leftovers
|-heal|p2a: Alvvays|51/100|[from] item: Leftovers
|upkeep
|turn|61
|
|t:|1779922176
|move|p1a: Kyurem|Earth Power|p2a: Alvvays
|-damage|p2a: Alvvays|25/100
|move|p2a: Alvvays|Foul Play|p1a: Kyurem
|-damage|p1a: Kyurem|0 fnt
|faint|p1a: Kyurem
|
|-heal|p2a: Alvvays|32/100|[from] item: Leftovers
|upkeep
|-message|adil forfeited.
|
|win|Auburn Hills
|raw|adil's rating: 1832 &rarr; <strong>1810</strong><br />(-22 for losing)
|raw|Auburn Hills's rating: 1801 &rarr; <strong>1823</strong><br />(+22 for winning)
|l|☆adil
|player|p1|
|l| yuureisuisei
|l|☆Auburn Hills
|player|p2|
|l| ArtistsRendition
