|j|☆Sage Cookie
|j|☆BBCM1ke
|t:|1779887810
|gametype|singles
|player|p1|Sage Cookie|roughneck-gen4|1082
|player|p2|BBCM1ke|nate|1099
|gen|9
|tier|[Gen 9] OU
|rated|
|rule|HP Percentage Mod: HP is shown in percentages
|rule|Endless Battle Clause: Forcing endless battles is banned
|rule|Species Clause: Limit one of each Pokémon
|rule|OHKO Clause: OHKO moves are banned
|rule|Evasion Items Clause: Evasion items are banned
|rule|Evasion Moves Clause: Evasion moves are banned
|rule|Evasion Abilities Clause: Evasion abilities are banned
|rule|Sleep Moves Clause: Sleep-inducing moves are banned
|clearpoke
|poke|p1|Flareon, M|
|poke|p1|Jolteon, M|
|poke|p1|Vaporeon, F|
|poke|p1|Leafeon, F|
|poke|p1|Sylveon, M|
|poke|p1|Umbreon, F|
|poke|p2|Basculegion, M|
|poke|p2|Moltres|
|poke|p2|Raging Bolt|
|poke|p2|Great Tusk|
|poke|p2|Gholdengo|
|poke|p2|Kingambit, F|
|teampreview
|
|t:|1779887832
|teamsize|p1|6
|teamsize|p2|6
|start
|switch|p1a: Vaporeon|Vaporeon, F, shiny|100/100
|switch|p2a: Great Tusk|Great Tusk|100/100
|-enditem|p2a: Great Tusk|Booster Energy
|-activate|p2a: Great Tusk|ability: Protosynthesis|[fromitem]
|-start|p2a: Great Tusk|protosynthesisdef
|turn|1
|
|t:|1779887840
|move|p2a: Great Tusk|Stealth Rock|p1a: Vaporeon
|-sidestart|p1: Sage Cookie|move: Stealth Rock
|move|p1a: Vaporeon|Scald|p2a: Great Tusk
|-supereffective|p2a: Great Tusk
|-damage|p2a: Great Tusk|0 fnt
|faint|p2a: Great Tusk
|-end|p2a: Great Tusk|Protosynthesis|[silent]
|
|upkeep
|
|t:|1779887851
|switch|p2a: Raging Bolt|Raging Bolt|100/100
|-enditem|p2a: Raging Bolt|Booster Energy
|-activate|p2a: Raging Bolt|ability: Protosynthesis|[fromitem]
|-start|p2a: Raging Bolt|protosynthesisspa
|turn|2
|
|t:|1779887856
|move|p2a: Raging Bolt|Thunderbolt|p1a: Vaporeon
|-supereffective|p1a: Vaporeon
|-damage|p1a: Vaporeon|0 fnt
|faint|p1a: Vaporeon
|
|upkeep
|
|t:|1779887863
|switch|p1a: Umbreon|Umbreon, F, shiny|100/100
|-damage|p1a: Umbreon|88/100|[from] Stealth Rock
|turn|3
|
|t:|1779887876
|move|p1a: Umbreon|Protect|p1a: Umbreon
|-singleturn|p1a: Umbreon|Protect
|move|p2a: Raging Bolt|Calm Mind|p2a: Raging Bolt
|-boost|p2a: Raging Bolt|spa|1
|-boost|p2a: Raging Bolt|spd|1
|
|-heal|p1a: Umbreon|94/100|[from] item: Leftovers
|upkeep
|turn|4
|
|t:|1779887884
|move|p2a: Raging Bolt|Thunderbolt|p1a: Umbreon
|-damage|p1a: Umbreon|37/100
|move|p1a: Umbreon|Toxic|p2a: Raging Bolt
|-status|p2a: Raging Bolt|tox
|
|-heal|p1a: Umbreon|43/100|[from] item: Leftovers
|-damage|p2a: Raging Bolt|94/100 tox|[from] psn
|upkeep
|turn|5
|
|t:|1779887893
|move|p1a: Umbreon|Protect|p1a: Umbreon
|-singleturn|p1a: Umbreon|Protect
|move|p2a: Raging Bolt|Calm Mind|p2a: Raging Bolt
|-boost|p2a: Raging Bolt|spa|1
|-boost|p2a: Raging Bolt|spd|1
|
|-heal|p1a: Umbreon|49/100|[from] item: Leftovers
|-damage|p2a: Raging Bolt|82/100 tox|[from] psn
|upkeep
|turn|6
|
|t:|1779887904
|switch|p1a: Jolteon|Jolteon, M|100/100
|move|p2a: Raging Bolt|Thunderbolt|p1a: Jolteon
|-immune|p1a: Jolteon|[from] ability: Volt Absorb
|
|-damage|p2a: Raging Bolt|63/100 tox|[from] psn
|upkeep
|turn|7
|
|t:|1779887917
|switch|p1a: Sylveon|Sylveon, M|100/100
|-damage|p1a: Sylveon|88/100|[from] Stealth Rock
|move|p2a: Raging Bolt|Draco Meteor|p1a: Sylveon
|-immune|p1a: Sylveon
|
|-heal|p1a: Sylveon|94/100|[from] item: Leftovers
|-damage|p2a: Raging Bolt|39/100 tox|[from] psn
|upkeep
|turn|8
|
|t:|1779887932
|-terastallize|p2a: Raging Bolt|Fairy
|move|p1a: Sylveon|Protect|p1a: Sylveon
|-singleturn|p1a: Sylveon|Protect
|move|p2a: Raging Bolt|Thunderbolt|p1a: Sylveon
|-activate|p1a: Sylveon|move: Protect
|
|-heal|p1a: Sylveon|99/100|[from] item: Leftovers
|-damage|p2a: Raging Bolt|8/100 tox|[from] psn
|upkeep
|turn|9
|
|t:|1779887954
|move|p2a: Raging Bolt|Thunderbolt|p1a: Sylveon
|-damage|p1a: Sylveon|3/100
|move|p1a: Sylveon|Wish|p1a: Sylveon
|
|-heal|p1a: Sylveon|9/100|[from] item: Leftovers
|-damage|p2a: Raging Bolt|0 fnt|[from] psn
|faint|p2a: Raging Bolt
|-end|p2a: Raging Bolt|Protosynthesis|[silent]
|upkeep
|
|t:|1779887963
|switch|p2a: Basculegion|Basculegion, M, shiny|100/100
|turn|10
|
|t:|1779887967
|move|p1a: Sylveon|Protect|p1a: Sylveon
|-singleturn|p1a: Sylveon|Protect
|move|p2a: Basculegion|Flip Turn|p1a: Sylveon
|-activate|p1a: Sylveon|move: Protect
|
|-heal|p1a: Sylveon|59/100|[from] move: Wish|[wisher] Sylveon
|-heal|p1a: Sylveon|65/100|[from] item: Leftovers
|upkeep
|turn|11
|
|t:|1779887977
|move|p2a: Basculegion|Flip Turn|p1a: Sylveon
|-crit|p1a: Sylveon
|-damage|p1a: Sylveon|0 fnt
|faint|p1a: Sylveon
|
|t:|1779887987
|switch|p2a: Moltres|Moltres|100/100|[from] Flip Turn
|
|upkeep
|
|t:|1779887994
|switch|p1a: Jolteon|Jolteon, M|100/100
|turn|12
|
|t:|1779888008
|switch|p2a: Kingambit|Kingambit, F|100/100
|-activate|p2a: Kingambit|ability: Supreme Overlord
|-start|p2a: Kingambit|fallen2|[silent]
|move|p1a: Jolteon|Thunderbolt|p2a: Kingambit
|-damage|p2a: Kingambit|56/100
|
|upkeep
|turn|13
|
|t:|1779888021
|move|p2a: Kingambit|Sucker Punch|p1a: Jolteon
|-damage|p1a: Jolteon|0 fnt
|faint|p1a: Jolteon
|
|upkeep
|
|t:|1779888028
|switch|p1a: Flareon|Flareon, M|100/100
|-damage|p1a: Flareon|76/100|[from] Stealth Rock
|turn|14
|
|t:|1779888035
|move|p2a: Kingambit|Sucker Punch|p1a: Flareon
|-damage|p1a: Flareon|0 fnt
|faint|p1a: Flareon
|
|upkeep
|
|t:|1779888050
|switch|p1a: Umbreon|Umbreon, F, shiny|49/100
|-damage|p1a: Umbreon|37/100|[from] Stealth Rock
|turn|15
|
|t:|1779888056
|-terastallize|p1a: Umbreon|Fairy
|move|p2a: Kingambit|Iron Head|p1a: Umbreon
|-supereffective|p1a: Umbreon
|-damage|p1a: Umbreon|0 fnt
|faint|p1a: Umbreon
|
|upkeep
|
|t:|1779888063
|switch|p1a: Leafeon|Leafeon, F|100/100
|-damage|p1a: Leafeon|88/100|[from] Stealth Rock
|turn|16
|
|t:|1779888070
|move|p1a: Leafeon|Leaf Blade|p2a: Kingambit
|-resisted|p2a: Kingambit
|-damage|p2a: Kingambit|32/100
|-damage|p1a: Leafeon|78/100|[from] item: Life Orb
|move|p2a: Kingambit|Kowtow Cleave|p1a: Leafeon
|-damage|p1a: Leafeon|9/100
|
|upkeep
|turn|17
|
|t:|1779888078
|move|p2a: Kingambit|Sucker Punch|p1a: Leafeon
|-damage|p1a: Leafeon|0 fnt
|faint|p1a: Leafeon
|
|win|BBCM1ke
|raw|Sage Cookie's rating: 1082 &rarr; <strong>1061</strong><br />(-21 for losing)
|raw|BBCM1ke's rating: 1099 &rarr; <strong>1123</strong><br />(+24 for winning)
|l|☆Sage Cookie
|player|p1|
|l|☆BBCM1ke
|player|p2|
