|j|☆joeakrazo
|j|☆NEON AKATSUKI
|t:|1779914137
|gametype|singles
|player|p1|joeakrazo|170|1159
|player|p2|NEON AKATSUKI|266|1107
|gen|9
|tier|[Gen 9] OU
|rated|
|rule|HP Percentage Mod: HP is shown in percentages
|rule|Endless Battle Clause: Forcing endless battles is banned
|rule|Species Clause: Limit one of each Pokémon
|rule|OHKO Clause: OHKO moves are banned
|rule|Evasion Items Clause: Evasion items are banned
|rule|Evasion Moves Clause: Evasion moves are banned
|rule|Evasion Abilities Clause: Evasion abilities are banned
|rule|Sleep Moves Clause: Sleep-inducing moves are banned
|clearpoke
|poke|p1|Great Tusk|
|poke|p1|Rotom-Wash|
|poke|p1|Latios, M|
|poke|p1|Kingambit, M|
|poke|p1|Gliscor, M|
|poke|p1|Greninja-*, M|
|poke|p2|Spiritomb, F|
|poke|p2|Charizard, F|
|poke|p2|Tyranitar, M|
|poke|p2|Arcanine, M|
|poke|p2|Ursaluna, M|
|poke|p2|Grimmsnarl, M|
|teampreview
|inactive|Battle timer is ON: inactive players will automatically lose when time's up. (requested by joeakrazo)
|
|t:|1779914139
|teamsize|p1|6
|teamsize|p2|6
|start
|switch|p1a: Rotom|Rotom-Wash|100/100
|switch|p2a: Kakuzu|Grimmsnarl, M|100/100
|-item|p1a: Rotom|Leftovers|[from] ability: Frisk|[of] p2a: Kakuzu
|turn|1
|
|t:|1779914150
|move|p2a: Kakuzu|Trick|p1a: Rotom
|-activate|p2a: Kakuzu|move: Trick|[of] p1a: Rotom
|-item|p1a: Rotom|Choice Scarf|[from] move: Trick
|-item|p2a: Kakuzu|Leftovers|[from] move: Trick
|move|p1a: Rotom|Hydro Pump|p2a: Kakuzu
|-damage|p2a: Kakuzu|47/100
|
|-heal|p2a: Kakuzu|53/100|[from] item: Leftovers
|upkeep
|turn|2
|
|t:|1779914162
|move|p1a: Rotom|Hydro Pump|p2a: Kakuzu
|-damage|p2a: Kakuzu|0 fnt
|faint|p2a: Kakuzu
|
|upkeep
|
|t:|1779914167
|switch|p2a: Setzu|Spiritomb, F|100/100
|turn|3
|
|t:|1779914172
|move|p1a: Rotom|Hydro Pump|p2a: Setzu|[miss]
|-miss|p1a: Rotom|p2a: Setzu
|move|p2a: Setzu|Toxic|p1a: Rotom
|-status|p1a: Rotom|tox
|
|-damage|p1a: Rotom|95/100 tox|[from] psn
|upkeep
|turn|4
|
|t:|1779914176
|move|p1a: Rotom|Hydro Pump|p2a: Setzu
|-damage|p2a: Setzu|56/100
|move|p2a: Setzu|Icy Wind|p1a: Rotom
|-resisted|p1a: Rotom
|-damage|p1a: Rotom|88/100 tox
|-unboost|p1a: Rotom|spe|1
|
|-heal|p2a: Setzu|62/100|[from] item: Leftovers
|-damage|p1a: Rotom|76/100 tox|[from] psn
|upkeep
|turn|5
|
|t:|1779914191
|switch|p1a: Greninja|Greninja, M|100/100
|move|p2a: Setzu|Icy Wind|p1a: Greninja
|-resisted|p1a: Greninja
|-damage|p1a: Greninja|88/100
|-unboost|p1a: Greninja|spe|1
|
|-heal|p2a: Setzu|68/100|[from] item: Leftovers
|upkeep
|turn|6
|
|t:|1779914205
|-terastallize|p1a: Greninja|Water
|move|p1a: Greninja|Hydro Pump|p2a: Setzu
|-damage|p2a: Setzu|0 fnt
|faint|p2a: Setzu
|-ability|p1a: Greninja|Battle Bond|boost
|-boost|p1a: Greninja|atk|1
|-boost|p1a: Greninja|spa|1
|-boost|p1a: Greninja|spe|1
|-activate|p1a: Greninja|ability: Battle Bond
|-damage|p1a: Greninja|78/100|[from] item: Life Orb
|
|upkeep
|
|t:|1779914222
|switch|p2a: C-0|Arcanine, M|100/100
|-ability|p2a: C-0|Intimidate|boost
|-unboost|p1a: Greninja|atk|1
|turn|7
|
|t:|1779914235
|-terastallize|p2a: C-0|Water
|move|p1a: Greninja|Hydro Pump|p2a: C-0
|-resisted|p2a: C-0
|-damage|p2a: C-0|19/100
|-damage|p1a: Greninja|68/100|[from] item: Life Orb
|move|p2a: C-0|Wild Charge|p1a: Greninja
|-supereffective|p1a: Greninja
|-damage|p1a: Greninja|0 fnt
|faint|p1a: Greninja
|-damage|p2a: C-0|4/100|[from] Recoil
|
|upkeep
|
|t:|1779914248
|switch|p1a: Rotom|Rotom-Wash|76/100 tox
|turn|8
|
|t:|1779914252
|move|p2a: C-0|Wild Charge|p1a: Rotom
|-damage|p1a: Rotom|35/100 tox
|-damage|p2a: C-0|0 fnt|[from] Recoil
|faint|p2a: C-0
|move|p1a: Rotom|Volt Switch|p2: C-0|[notarget]
|-fail|p1a: Rotom
|
|-damage|p1a: Rotom|29/100 tox|[from] psn
|upkeep
|
|t:|1779914262
|switch|p2a: Hiruko|Ursaluna, M|100/100
|turn|9
|
|t:|1779914268
|switch|p1a: Gliscor|Gliscor, M, shiny|100/100
|move|p2a: Hiruko|Bulk Up|p2a: Hiruko
|-boost|p2a: Hiruko|atk|1
|-boost|p2a: Hiruko|def|1
|
|-status|p1a: Gliscor|tox|[from] item: Toxic Orb
|upkeep
|turn|10
|
|t:|1779914274
|move|p1a: Gliscor|Toxic|p2a: Hiruko
|-status|p2a: Hiruko|tox
|move|p2a: Hiruko|Avalanche|p1a: Gliscor
|-supereffective|p1a: Gliscor
|-crit|p1a: Gliscor
|-damage|p1a: Gliscor|0 fnt
|faint|p1a: Gliscor
|
|-damage|p2a: Hiruko|94/100 tox|[from] psn
|upkeep
|c|☆joeakrazo|crit nice
|
|t:|1779914288
|switch|p1a: Latios|Latios, M|100/100
|turn|11
|
|t:|1779914297
|move|p1a: Latios|Ice Beam|p2a: Hiruko
|-supereffective|p2a: Hiruko
|-damage|p2a: Hiruko|15/100 tox
|move|p2a: Hiruko|Avalanche|p1a: Latios
|-supereffective|p1a: Latios
|-damage|p1a: Latios|0 fnt
|faint|p1a: Latios
|
|-heal|p2a: Hiruko|22/100 tox|[from] item: Leftovers
|-damage|p2a: Hiruko|9/100 tox|[from] psn
|upkeep
|
|t:|1779914307
|switch|p1a: Great Tusk|Great Tusk, shiny|100/100
|turn|12
|
|t:|1779914310
|move|p1a: Great Tusk|Rapid Spin|p2a: Hiruko
|-damage|p2a: Hiruko|0 fnt
|-boost|p1a: Great Tusk|spe|1
|faint|p2a: Hiruko
|
|upkeep
|
|t:|1779914312
|switch|p2a: C-2 Dragón|Charizard, F|100/100
|turn|13
|
|t:|1779914320
|move|p1a: Great Tusk|Stealth Rock|p2a: C-2 Dragón
|-sidestart|p2: NEON AKATSUKI|move: Stealth Rock
|move|p2a: C-2 Dragón|Will-O-Wisp|p1a: Great Tusk
|-status|p1a: Great Tusk|brn
|
|-damage|p1a: Great Tusk|94/100 brn|[from] brn
|upkeep
|turn|14
|
|t:|1779914324
|move|p1a: Great Tusk|Ice Spinner|p2a: C-2 Dragón
|-damage|p2a: C-2 Dragón|84/100
|move|p2a: C-2 Dragón|Hurricane|p1a: Great Tusk
|-supereffective|p1a: Great Tusk
|-damage|p1a: Great Tusk|0 fnt
|faint|p1a: Great Tusk
|-end|p1a: Great Tusk|Protosynthesis|[silent]
|
|-heal|p2a: C-2 Dragón|90/100|[from] item: Leftovers
|upkeep
|
|t:|1779914328
|switch|p1a: Rotom|Rotom-Wash|29/100 tox
|turn|15
|
|t:|1779914338
|move|p2a: C-2 Dragón|Hurricane|p1a: Rotom
|-resisted|p1a: Rotom
|-damage|p1a: Rotom|13/100 tox
|-start|p1a: Rotom|confusion
|-activate|p1a: Rotom|confusion
|move|p1a: Rotom|Hydro Pump|p2a: C-2 Dragón
|-supereffective|p2a: C-2 Dragón
|-damage|p2a: C-2 Dragón|0 fnt
|faint|p2a: C-2 Dragón
|
|-damage|p1a: Rotom|7/100 tox|[from] psn
|upkeep
|
|t:|1779914345
|switch|p2a: C-4 karura|Tyranitar, M|100/100
|-damage|p2a: C-4 karura|88/100|[from] Stealth Rock
|-weather|Sandstorm|[from] ability: Sand Stream|[of] p2a: C-4 karura
|turn|16
|
|t:|1779914347
|-end|p1a: Rotom|confusion
|move|p1a: Rotom|Hydro Pump|p2a: C-4 karura
|-supereffective|p2a: C-4 karura
|-damage|p2a: C-4 karura|44/100
|-enditem|p2a: C-4 karura|Weakness Policy
|-boost|p2a: C-4 karura|atk|2|[from] item: Weakness Policy
|-boost|p2a: C-4 karura|spa|2|[from] item: Weakness Policy
|move|p2a: C-4 karura|Dragon Dance|p2a: C-4 karura
|-boost|p2a: C-4 karura|atk|1
|-boost|p2a: C-4 karura|spe|1
|
|-weather|Sandstorm|[upkeep]
|-damage|p1a: Rotom|1/100 tox|[from] Sandstorm
|-damage|p1a: Rotom|0 fnt|[from] psn
|faint|p1a: Rotom
|upkeep
|
|t:|1779914353
|switch|p1a: Kingambit|Kingambit, M|100/100
|-activate|p1a: Kingambit|ability: Supreme Overlord
|-start|p1a: Kingambit|fallen5|[silent]
|turn|17
|
|t:|1779914358
|move|p1a: Kingambit|Sucker Punch|p2a: C-4 karura
|-resisted|p2a: C-4 karura
|-damage|p2a: C-4 karura|15/100
|move|p2a: C-4 karura|Earth Power|p1a: Kingambit
|-supereffective|p1a: Kingambit
|-damage|p1a: Kingambit|9/100
|
|-weather|Sandstorm|[upkeep]
|upkeep
|turn|18
|
|t:|1779914366
|move|p1a: Kingambit|Sucker Punch||[still]
|-fail|p1a: Kingambit
|move|p2a: C-4 karura|Dragon Dance|p2a: C-4 karura
|-boost|p2a: C-4 karura|atk|1
|-boost|p2a: C-4 karura|spe|1
|
|-weather|Sandstorm|[upkeep]
|upkeep
|turn|19
|
|t:|1779914371
|move|p2a: C-4 karura|Earth Power|p1a: Kingambit
|-supereffective|p1a: Kingambit
|-damage|p1a: Kingambit|0 fnt
|faint|p1a: Kingambit
|-end|p1a: Kingambit|fallen5|[silent]
|
|win|NEON AKATSUKI
|raw|joeakrazo's rating: 1159 &rarr; <strong>1130</strong><br />(-29 for losing)
|raw|NEON AKATSUKI's rating: 1107 &rarr; <strong>1136</strong><br />(+29 for winning)
|l|☆NEON AKATSUKI
|player|p2|
|c|☆joeakrazo|wouldve won without lucky crit
|l|☆joeakrazo
|player|p1|
