|j|☆kc66
|j|☆blabab
|t:|1779844541
|gametype|singles
|player|p1|kc66|caitlin|1501
|player|p2|blabab|miku-ground|1448
|gen|9
|tier|[Gen 9] OU
|rated|
|rule|HP Percentage Mod: HP is shown in percentages
|rule|Endless Battle Clause: Forcing endless battles is banned
|rule|Species Clause: Limit one of each Pokémon
|rule|OHKO Clause: OHKO moves are banned
|rule|Evasion Items Clause: Evasion items are banned
|rule|Evasion Moves Clause: Evasion moves are banned
|rule|Evasion Abilities Clause: Evasion abilities are banned
|rule|Sleep Moves Clause: Sleep-inducing moves are banned
|clearpoke
|poke|p1|Hatterene, F|
|poke|p1|Great Tusk|
|poke|p1|Tornadus-Therian, M|
|poke|p1|Kyurem|
|poke|p1|Slowking-Galar, F|
|poke|p1|Kingambit, M|
|poke|p2|Kingambit, M|
|poke|p2|Primarina, F|
|poke|p2|Araquanid, M|
|poke|p2|Blaziken, M|
|poke|p2|Thundurus-Therian, M|
|poke|p2|Iron Thorns|
|teampreview
|inactive|Battle timer is ON: inactive players will automatically lose when time's up. (requested by blabab)
|
|t:|1779844566
|teamsize|p1|6
|teamsize|p2|6
|start
|switch|p1a: Tornadus|Tornadus-Therian, M|100/100
|switch|p2a: Blaziken|Blaziken, M|100/100
|turn|1
|
|t:|1779844574
|move|p1a: Tornadus|Bleakwind Storm|p2a: Blaziken
|-supereffective|p2a: Blaziken
|-damage|p2a: Blaziken|0 fnt
|faint|p2a: Blaziken
|
|upkeep
|
|t:|1779844576
|switch|p2a: Primarina|Primarina, F|100/100
|turn|2
|
|t:|1779844585
|move|p1a: Tornadus|Knock Off|p2a: Primarina
|-resisted|p2a: Primarina
|-damage|p2a: Primarina|89/100
|-enditem|p2a: Primarina|Choice Specs|[from] move: Knock Off|[of] p1a: Tornadus
|move|p2a: Primarina|Shadow Ball|p1a: Tornadus
|-damage|p1a: Tornadus|82/100
|-unboost|p1a: Tornadus|spd|1
|
|upkeep
|turn|3
|
|t:|1779844594
|move|p1a: Tornadus|U-turn|p2a: Primarina
|-resisted|p2a: Primarina
|-damage|p2a: Primarina|80/100
|
|t:|1779844598
|switch|p1a: Kingambit|Kingambit, M|100/100|[from] U-turn
|move|p2a: Primarina|Surf|p1a: Kingambit
|-damage|p1a: Kingambit|52/100
|
|-heal|p1a: Kingambit|58/100|[from] item: Leftovers
|upkeep
|turn|4
|
|t:|1779844603
|-end|p1a: Kingambit|fallenundefined|[silent]
|switch|p1a: Slowking|Slowking-Galar, F|100/100
|move|p2a: Primarina|Surf|p1a: Slowking
|-damage|p1a: Slowking|61/100
|
|-heal|p1a: Slowking|67/100|[from] item: Black Sludge
|upkeep
|turn|5
|
|t:|1779844608
|move|p2a: Primarina|Surf|p1a: Slowking
|-damage|p1a: Slowking|25/100
|move|p1a: Slowking|Sludge Bomb|p2a: Primarina
|-supereffective|p2a: Primarina
|-damage|p2a: Primarina|25/100
|
|-heal|p1a: Slowking|31/100|[from] item: Black Sludge
|upkeep
|turn|6
|
|t:|1779844613
|switch|p1a: Tornadus|Tornadus-Therian, M|100/100
|move|p2a: Primarina|Surf|p1a: Tornadus
|-damage|p1a: Tornadus|52/100
|
|upkeep
|turn|7
|
|t:|1779844617
|switch|p2a: Thundurus|Thundurus-Therian, M|100/100
|move|p1a: Tornadus|Bleakwind Storm|p2a: Thundurus
|-resisted|p2a: Thundurus
|-damage|p2a: Thundurus|76/100
|
|upkeep
|turn|8
|
|t:|1779844623
|switch|p1a: Great Tusk|Great Tusk|100/100
|move|p2a: Thundurus|Nasty Plot|p2a: Thundurus
|-boost|p2a: Thundurus|spa|2
|
|upkeep
|turn|9
|
|t:|1779844630
|-terastallize|p1a: Great Tusk|Steel
|move|p2a: Thundurus|Focus Blast|p1a: Great Tusk|[miss]
|-miss|p2a: Thundurus|p1a: Great Tusk
|move|p1a: Great Tusk|Ice Spinner|p2a: Thundurus
|-supereffective|p2a: Thundurus
|-damage|p2a: Thundurus|0 fnt
|faint|p2a: Thundurus
|
|upkeep
|c|☆kc66|good predict
|
|t:|1779844639
|switch|p2a: Araquanid|Araquanid, M|100/100
|turn|10
|c|☆kc66|unfortunate rng thoguh
|
|t:|1779844644
|-end|p1a: Great Tusk|Protosynthesis|[silent]
|switch|p1a: Hatterene|Hatterene, F|100/100
|move|p2a: Araquanid|Surf|p1a: Hatterene
|-damage|p1a: Hatterene|40/100
|
|upkeep
|turn|11
|
|t:|1779844647
|move|p2a: Araquanid|Surf|p1a: Hatterene
|-damage|p1a: Hatterene|0 fnt
|faint|p1a: Hatterene
|
|upkeep
|
|t:|1779844650
|switch|p1a: Tornadus|Tornadus-Therian, M|85/100
|turn|12
|
|t:|1779844654
|move|p1a: Tornadus|Bleakwind Storm|p2a: Araquanid
|-supereffective|p2a: Araquanid
|-damage|p2a: Araquanid|44/100
|-unboost|p2a: Araquanid|spe|1
|move|p2a: Araquanid|Sticky Web|p1a: Tornadus
|-sidestart|p1: kc66|move: Sticky Web
|
|upkeep
|turn|13
|
|t:|1779844663
|switch|p2a: Kingambit|Kingambit, M|100/100
|-activate|p2a: Kingambit|ability: Supreme Overlord
|-start|p2a: Kingambit|fallen2|[silent]
|move|p1a: Tornadus|Bleakwind Storm|p2a: Kingambit
|-resisted|p2a: Kingambit
|-damage|p2a: Kingambit|80/100
|
|-heal|p2a: Kingambit|86/100|[from] item: Leftovers
|upkeep
|turn|14
|
|t:|1779844668
|move|p1a: Tornadus|Heat Wave|p2a: Kingambit
|-supereffective|p2a: Kingambit
|-damage|p2a: Kingambit|32/100
|move|p2a: Kingambit|Kowtow Cleave|p1a: Tornadus
|-damage|p1a: Tornadus|14/100
|
|-heal|p2a: Kingambit|38/100|[from] item: Leftovers
|upkeep
|turn|15
|
|t:|1779844673
|switch|p1a: Great Tusk|Great Tusk, tera:Steel|100/100
|-activate|p1a: Great Tusk|move: Sticky Web
|-unboost|p1a: Great Tusk|spe|1
|move|p2a: Kingambit|Sucker Punch||[still]
|-fail|p2a: Kingambit
|
|-heal|p2a: Kingambit|44/100|[from] item: Leftovers
|upkeep
|turn|16
|
|t:|1779844677
|-end|p2a: Kingambit|fallen2|[silent]
|switch|p2a: Araquanid|Araquanid, M|44/100
|move|p1a: Great Tusk|Rapid Spin|p2a: Araquanid
|-damage|p2a: Araquanid|24/100
|-boost|p1a: Great Tusk|spe|1
|-sideend|p1: kc66|Sticky Web|[from] move: Rapid Spin|[of] p1a: Great Tusk
|
|upkeep
|turn|17
|-enditem|p2a: Araquanid|Custap Berry|[eat]
|-activate|p2a: Araquanid|item: Custap Berry|[consumed]
|
|t:|1779844684
|move|p2a: Araquanid|Surf|p1a: Great Tusk
|-damage|p1a: Great Tusk|20/100
|move|p1a: Great Tusk|Headlong Rush|p2a: Araquanid
|-resisted|p2a: Araquanid
|-damage|p2a: Araquanid|0 fnt
|-unboost|p1a: Great Tusk|def|1
|-unboost|p1a: Great Tusk|spd|1
|faint|p2a: Araquanid
|
|upkeep
|
|t:|1779844693
|switch|p2a: Iron Thorns|Iron Thorns|100/100
|turn|18
|
|t:|1779844697
|-terastallize|p2a: Iron Thorns|Bug
|move|p1a: Great Tusk|Headlong Rush|p2a: Iron Thorns
|-resisted|p2a: Iron Thorns
|-damage|p2a: Iron Thorns|74/100
|-unboost|p1a: Great Tusk|def|1
|-unboost|p1a: Great Tusk|spd|1
|move|p2a: Iron Thorns|Dragon Dance|p2a: Iron Thorns
|-boost|p2a: Iron Thorns|atk|1
|-boost|p2a: Iron Thorns|spe|1
|
|upkeep
|turn|19
|
|t:|1779844717
|move|p2a: Iron Thorns|Earthquake|p1a: Great Tusk
|-supereffective|p1a: Great Tusk
|-damage|p1a: Great Tusk|0 fnt
|faint|p1a: Great Tusk
|-end|p1a: Great Tusk|Protosynthesis|[silent]
|
|upkeep
|
|t:|1779844721
|switch|p1a: Kyurem|Kyurem|100/100
|-ability|p1a: Kyurem|Pressure
|turn|20
|
|t:|1779844724
|move|p2a: Iron Thorns|Rock Blast|p1a: Kyurem
|-supereffective|p1a: Kyurem
|-damage|p1a: Kyurem|59/100
|-supereffective|p1a: Kyurem
|-damage|p1a: Kyurem|15/100
|-supereffective|p1a: Kyurem
|-damage|p1a: Kyurem|0 fnt
|faint|p1a: Kyurem
|-hitcount|p1: Kyurem|3
|
|upkeep
|
|t:|1779844727
|switch|p1a: Kingambit|Kingambit, M|58/100
|-activate|p1a: Kingambit|ability: Supreme Overlord
|-start|p1a: Kingambit|fallen3|[silent]
|turn|21
|
|t:|1779844732
|-end|p1a: Kingambit|fallen3|[silent]
|switch|p1a: Tornadus|Tornadus-Therian, M|48/100
|move|p2a: Iron Thorns|Earthquake|p1a: Tornadus
|-immune|p1a: Tornadus
|
|upkeep
|turn|22
|
|t:|1779844739
|move|p1a: Tornadus|Bleakwind Storm|p2a: Iron Thorns|[miss]
|-miss|p1a: Tornadus|p2a: Iron Thorns
|move|p2a: Iron Thorns|Rock Blast|p1a: Tornadus
|-supereffective|p1a: Tornadus
|-damage|p1a: Tornadus|0 fnt
|faint|p1a: Tornadus
|-hitcount|p1: Tornadus|1
|
|upkeep
|
|t:|1779844743
|switch|p1a: Slowking|Slowking-Galar, F|64/100
|turn|23
|
|t:|1779844749
|move|p2a: Iron Thorns|Earthquake|p1a: Slowking
|-supereffective|p1a: Slowking
|-damage|p1a: Slowking|0 fnt
|faint|p1a: Slowking
|
|upkeep
|
|t:|1779844751
|switch|p1a: Kingambit|Kingambit, M|58/100
|-activate|p1a: Kingambit|ability: Supreme Overlord
|-start|p1a: Kingambit|fallen5|[silent]
|turn|24
|
|t:|1779844754
|move|p1a: Kingambit|Sucker Punch|p2a: Iron Thorns
|-damage|p2a: Iron Thorns|15/100
|move|p2a: Iron Thorns|Earthquake|p1a: Kingambit
|-supereffective|p1a: Kingambit
|-damage|p1a: Kingambit|0 fnt
|faint|p1a: Kingambit
|-end|p1a: Kingambit|fallen5|[silent]
|
|win|blabab
|raw|kc66's rating: 1501 &rarr; <strong>1478</strong><br />(-23 for losing)
|raw|blabab's rating: 1448 &rarr; <strong>1471</strong><br />(+23 for winning)
|l|☆blabab
|player|p2|
