|j|☆Elite Four Ozzy
|j|☆OscarGamble
|t:|1779823510
|gametype|singles
|player|p1|Elite Four Ozzy|102|1529
|player|p2|OscarGamble|101|1494
|gen|9
|tier|[Gen 9] OU
|rated|
|rule|HP Percentage Mod: HP is shown in percentages
|rule|Endless Battle Clause: Forcing endless battles is banned
|rule|Species Clause: Limit one of each Pokémon
|rule|OHKO Clause: OHKO moves are banned
|rule|Evasion Items Clause: Evasion items are banned
|rule|Evasion Moves Clause: Evasion moves are banned
|rule|Evasion Abilities Clause: Evasion abilities are banned
|rule|Sleep Moves Clause: Sleep-inducing moves are banned
|clearpoke
|poke|p1|Dragapult, M|
|poke|p1|Ting-Lu|
|poke|p1|Kingambit, M|
|poke|p1|Gholdengo|
|poke|p1|Dragonite, M|
|poke|p1|Ogerpon-Wellspring, F|
|poke|p2|Dragonite, F|
|poke|p2|Gholdengo|
|poke|p2|Salazzle, F|
|poke|p2|Corviknight, F|
|poke|p2|Samurott-Hisui, M|
|poke|p2|Ting-Lu|
|teampreview
|inactive|Battle timer is ON: inactive players will automatically lose when time's up. (requested by Elite Four Ozzy)
|
|t:|1779823543
|teamsize|p1|6
|teamsize|p2|6
|start
|switch|p1a: Dragapult|Dragapult, M|100/100
|switch|p2a: Samurott|Samurott-Hisui, M|100/100
|turn|1
|
|t:|1779823553
|switch|p2a: Gholdengo|Gholdengo|100/100
|move|p1a: Dragapult|U-turn|p2a: Gholdengo
|-resisted|p2a: Gholdengo
|-damage|p2a: Gholdengo|96/100
|inactive|Elite Four Ozzy has 120 seconds left.
|
|t:|1779823582
|switch|p1a: Ting-Lu|Ting-Lu|100/100|[from] U-turn
|-ability|p1a: Ting-Lu|Vessel of Ruin
|
|upkeep
|turn|2
|
|t:|1779823592
|switch|p2a: Samurott|Samurott-Hisui, M|100/100
|switch|p1a: Gholdengo|Gholdengo|100/100
|
|upkeep
|turn|3
|
|t:|1779823601
|switch|p1a: Ting-Lu|Ting-Lu|100/100
|-ability|p1a: Ting-Lu|Vessel of Ruin
|move|p2a: Samurott|Ceaseless Edge|p1a: Ting-Lu
|-resisted|p1a: Ting-Lu
|-damage|p1a: Ting-Lu|89/100
|-damage|p2a: Samurott|84/100|[from] item: Rocky Helmet|[of] p1a: Ting-Lu
|-sidestart|p1: Elite Four Ozzy|Spikes
|
|upkeep
|turn|4
|
|t:|1779823621
|switch|p1a: Ogerpon|Ogerpon-Wellspring, F|100/100
|-damage|p1a: Ogerpon|88/100|[from] Spikes
|move|p2a: Samurott|Knock Off|p1a: Ogerpon
|-damage|p1a: Ogerpon|48/100
|
|upkeep
|turn|5
|
|t:|1779823628
|move|p2a: Samurott|Sucker Punch|p1a: Ogerpon
|-damage|p1a: Ogerpon|9/100
|move|p1a: Ogerpon|Play Rough|p2a: Samurott
|-supereffective|p2a: Samurott
|-damage|p2a: Samurott|11/100
|
|upkeep
|turn|6
|
|t:|1779823640
|move|p2a: Samurott|Sucker Punch||[still]
|-fail|p2a: Samurott
|move|p1a: Ogerpon|Swords Dance|p1a: Ogerpon
|-boost|p1a: Ogerpon|atk|2
|
|upkeep
|turn|7
|
|t:|1779823643
|move|p2a: Samurott|Sucker Punch||[still]
|-fail|p2a: Samurott
|move|p1a: Ogerpon|Swords Dance|p1a: Ogerpon
|-boost|p1a: Ogerpon|atk|2
|
|upkeep
|turn|8
|
|t:|1779823650
|move|p2a: Samurott|Sucker Punch||[still]
|-fail|p2a: Samurott
|move|p1a: Ogerpon|Swords Dance|p1a: Ogerpon
|-boost|p1a: Ogerpon|atk|2
|
|upkeep
|turn|9
|
|t:|1779823665
|move|p2a: Samurott|Sucker Punch|p1a: Ogerpon
|-damage|p1a: Ogerpon|0 fnt
|faint|p1a: Ogerpon
|
|upkeep
|
|t:|1779823671
|switch|p1a: Dragonite|Dragonite, M|100/100
|turn|10
|
|t:|1779823678
|switch|p2a: Corviknight|Corviknight, F|100/100
|-ability|p2a: Corviknight|Pressure
|move|p1a: Dragonite|Extreme Speed|p2a: Corviknight
|-resisted|p2a: Corviknight
|-damage|p2a: Corviknight|90/100
|-damage|p1a: Dragonite|84/100|[from] item: Rocky Helmet|[of] p2a: Corviknight
|
|upkeep
|turn|11
|
|t:|1779823694
|switch|p1a: Ting-Lu|Ting-Lu|89/100
|-damage|p1a: Ting-Lu|77/100|[from] Spikes
|-ability|p1a: Ting-Lu|Vessel of Ruin
|move|p2a: Corviknight|Body Press|p1a: Ting-Lu
|-supereffective|p1a: Ting-Lu
|-damage|p1a: Ting-Lu|52/100
|-damage|p2a: Corviknight|73/100|[from] item: Rocky Helmet|[of] p1a: Ting-Lu
|
|upkeep
|turn|12
|j| kanaete onegai
|
|t:|1779823707
|move|p2a: Corviknight|Iron Defense|p2a: Corviknight
|-boost|p2a: Corviknight|def|2
|move|p1a: Ting-Lu|Stealth Rock|p2a: Corviknight
|-sidestart|p2: OscarGamble|move: Stealth Rock
|
|upkeep
|turn|13
|
|t:|1779823716
|move|p2a: Corviknight|Iron Defense|p2a: Corviknight
|-boost|p2a: Corviknight|def|2
|move|p1a: Ting-Lu|Spikes|p2a: Corviknight
|-sidestart|p2: OscarGamble|Spikes
|
|upkeep
|turn|14
|
|t:|1779823722
|move|p2a: Corviknight|Defog|p1a: Ting-Lu
|-unboost|p1a: Ting-Lu|evasion|1
|-sideend|p1: Elite Four Ozzy|Spikes|[from] move: Defog|[of] p2a: Corviknight
|-sideend|p2: OscarGamble|Spikes|[from] move: Defog|[of] p2a: Corviknight
|-sideend|p2: OscarGamble|Stealth Rock|[from] move: Defog|[of] p2a: Corviknight
|move|p1a: Ting-Lu|Spikes|p2a: Corviknight
|-sidestart|p2: OscarGamble|Spikes
|
|upkeep
|turn|15
|
|t:|1779823727
|switch|p1a: Gholdengo|Gholdengo|100/100
|move|p2a: Corviknight|Body Press|p1a: Gholdengo
|-immune|p1a: Gholdengo
|
|upkeep
|turn|16
|
|t:|1779823740
|switch|p2a: Samurott|Samurott-Hisui, M|11/100
|-damage|p2a: Samurott|0 fnt|[from] Spikes
|faint|p2a: Samurott
|move|p1a: Gholdengo|Focus Blast|p2: Samurott|[notarget]
|-fail|p1a: Gholdengo
|
|upkeep
|
|t:|1779823747
|switch|p2a: Gholdengo|Gholdengo|96/100
|-damage|p2a: Gholdengo|83/100|[from] Spikes
|turn|17
|
|t:|1779823752
|switch|p1a: Ting-Lu|Ting-Lu|52/100
|-ability|p1a: Ting-Lu|Vessel of Ruin
|move|p2a: Gholdengo|Make It Rain|p1a: Ting-Lu
|-damage|p1a: Ting-Lu|26/100
|-unboost|p2a: Gholdengo|spa|1
|
|upkeep
|turn|18
|
|t:|1779823764
|switch|p2a: Dragonite|Dragonite, F|100/100
|move|p1a: Ting-Lu|Stealth Rock|p2a: Dragonite
|-sidestart|p2: OscarGamble|move: Stealth Rock
|
|upkeep
|turn|19
|
|t:|1779823771
|move|p2a: Dragonite|Dragon Dance|p2a: Dragonite
|-boost|p2a: Dragonite|atk|1
|-boost|p2a: Dragonite|spe|1
|move|p1a: Ting-Lu|Ruination|p2a: Dragonite
|-damage|p2a: Dragonite|50/100
|
|upkeep
|turn|20
|
|t:|1779823792
|switch|p1a: Dragonite|Dragonite, M|84/100
|move|p2a: Dragonite|Dragon Dance|p2a: Dragonite
|-boost|p2a: Dragonite|atk|1
|-boost|p2a: Dragonite|spe|1
|
|upkeep
|turn|21
|
|t:|1779823806
|move|p2a: Dragonite|Extreme Speed|p1a: Dragonite
|-damage|p1a: Dragonite|26/100
|move|p1a: Dragonite|Extreme Speed|p2a: Dragonite
|-damage|p2a: Dragonite|24/100
|
|upkeep
|turn|22
|
|t:|1779823815
|switch|p1a: Ting-Lu|Ting-Lu|26/100
|-ability|p1a: Ting-Lu|Vessel of Ruin
|move|p2a: Dragonite|Extreme Speed|p1a: Ting-Lu
|-damage|p1a: Ting-Lu|0 fnt
|-damage|p2a: Dragonite|7/100|[from] item: Rocky Helmet|[of] p1a: Ting-Lu
|faint|p1a: Ting-Lu
|
|upkeep
|inactive|Elite Four Ozzy has 120 seconds left.
|
|t:|1779823846
|switch|p1a: Kingambit|Kingambit, M|100/100
|-activate|p1a: Kingambit|ability: Supreme Overlord
|-start|p1a: Kingambit|fallen2|[silent]
|turn|23
|
|t:|1779823858
|move|p1a: Kingambit|Sucker Punch||[still]
|-fail|p1a: Kingambit
|move|p2a: Dragonite|Dragon Dance|p2a: Dragonite
|-boost|p2a: Dragonite|atk|1
|-boost|p2a: Dragonite|spe|1
|
|upkeep
|turn|24
|
|t:|1779823861
|move|p1a: Kingambit|Sucker Punch||[still]
|-fail|p1a: Kingambit
|move|p2a: Dragonite|Encore|p1a: Kingambit
|-start|p1a: Kingambit|Encore
|
|upkeep
|turn|25
|
|t:|1779823866
|-end|p1a: Kingambit|fallen2|[silent]
|switch|p1a: Gholdengo|Gholdengo|100/100
|move|p2a: Dragonite|Dragon Dance|p2a: Dragonite
|-boost|p2a: Dragonite|atk|1
|-boost|p2a: Dragonite|spe|1
|
|upkeep
|turn|26
|
|t:|1779823871
|move|p2a: Dragonite|Earthquake|p1a: Gholdengo
|-supereffective|p1a: Gholdengo
|-crit|p1a: Gholdengo
|-damage|p1a: Gholdengo|0 fnt
|faint|p1a: Gholdengo
|
|upkeep
|
|t:|1779823874
|switch|p1a: Kingambit|Kingambit, M|100/100
|-activate|p1a: Kingambit|ability: Supreme Overlord
|-start|p1a: Kingambit|fallen3|[silent]
|turn|27
|l| kanaeteonegai
|
|t:|1779823883
|move|p2a: Dragonite|Extreme Speed|p1a: Kingambit
|-resisted|p1a: Kingambit
|-damage|p1a: Kingambit|65/100
|move|p1a: Kingambit|Kowtow Cleave|p2a: Dragonite
|-damage|p2a: Dragonite|0 fnt
|faint|p2a: Dragonite
|
|upkeep
|
|t:|1779823891
|switch|p2a: Corviknight|Corviknight, F|73/100
|-damage|p2a: Corviknight|61/100|[from] Stealth Rock
|-ability|p2a: Corviknight|Pressure
|turn|28
|
|t:|1779823902
|-end|p1a: Kingambit|fallen3|[silent]
|switch|p1a: Dragapult|Dragapult, M|100/100
|move|p2a: Corviknight|Defog|p1a: Dragapult
|-unboost|p1a: Dragapult|evasion|1
|-sideend|p2: OscarGamble|Spikes|[from] move: Defog|[of] p2a: Corviknight
|-sideend|p2: OscarGamble|Stealth Rock|[from] move: Defog|[of] p2a: Corviknight
|
|upkeep
|turn|29
|
|t:|1779823909
|switch|p2a: Ting-Lu|Ting-Lu|100/100
|-ability|p2a: Ting-Lu|Vessel of Ruin
|move|p1a: Dragapult|Thunder Wave|p2a: Ting-Lu
|-immune|p2a: Ting-Lu
|
|upkeep
|turn|30
|
|t:|1779823929
|switch|p1a: Kingambit|Kingambit, M|65/100
|-activate|p1a: Kingambit|ability: Supreme Overlord
|-start|p1a: Kingambit|fallen3|[silent]
|move|p2a: Ting-Lu|Stealth Rock|p1a: Kingambit
|-sidestart|p1: Elite Four Ozzy|move: Stealth Rock
|
|upkeep
|turn|31
|
|t:|1779823939
|switch|p2a: Salazzle|Salazzle, F|100/100
|move|p1a: Kingambit|Low Kick|p2a: Salazzle
|-resisted|p2a: Salazzle
|-damage|p2a: Salazzle|83/100
|
|upkeep
|turn|32
|
|t:|1779823950
|-end|p1a: Kingambit|fallen3|[silent]
|switch|p1a: Dragapult|Dragapult, M|100/100
|move|p2a: Salazzle|Toxic|p1a: Dragapult
|-status|p1a: Dragapult|tox
|
|-damage|p1a: Dragapult|95/100 tox|[from] psn
|upkeep
|turn|33
|
|t:|1779823957
|move|p2a: Salazzle|Protect|p2a: Salazzle
|-singleturn|p2a: Salazzle|Protect
|move|p1a: Dragapult|Draco Meteor|p2a: Salazzle
|-activate|p2a: Salazzle|move: Protect
|
|-damage|p1a: Dragapult|83/100 tox|[from] psn
|upkeep
|turn|34
|
|t:|1779823962
|switch|p2a: Ting-Lu|Ting-Lu|100/100
|-ability|p2a: Ting-Lu|Vessel of Ruin
|move|p1a: Dragapult|U-turn|p2a: Ting-Lu
|-supereffective|p2a: Ting-Lu
|-damage|p2a: Ting-Lu|81/100
|
|t:|1779823964
|switch|p1a: Kingambit|Kingambit, M|65/100|[from] U-turn
|-damage|p1a: Kingambit|59/100|[from] Stealth Rock
|-activate|p1a: Kingambit|ability: Supreme Overlord
|-start|p1a: Kingambit|fallen3|[silent]
|
|-heal|p2a: Ting-Lu|88/100|[from] item: Leftovers
|upkeep
|turn|35
|
|t:|1779823972
|switch|p2a: Corviknight|Corviknight, F|61/100
|-ability|p2a: Corviknight|Pressure
|move|p1a: Kingambit|Swords Dance|p1a: Kingambit
|-boost|p1a: Kingambit|atk|2
|
|upkeep
|turn|36
|
|t:|1779823989
|move|p2a: Corviknight|Body Press|p1a: Kingambit
|-supereffective|p1a: Kingambit
|-damage|p1a: Kingambit|0 fnt
|faint|p1a: Kingambit
|-end|p1a: Kingambit|fallen3|[silent]
|
|upkeep
|-message|Elite Four Ozzy forfeited.
|
|win|OscarGamble
|raw|Elite Four Ozzy's rating: 1529 &rarr; <strong>1507</strong><br />(-22 for losing)
|raw|OscarGamble's rating: 1494 &rarr; <strong>1516</strong><br />(+22 for winning)
|l|☆Elite Four Ozzy
|player|p1|
|l|☆OscarGamble
|player|p2|
