|j|☆avenda10
|j|☆Yeissy
|t:|1779870955
|gametype|singles
|player|p1|avenda10|byron|1174
|player|p2|Yeissy|veteranf|1209
|gen|9
|tier|[Gen 9] OU
|rated|
|rule|HP Percentage Mod: HP is shown in percentages
|rule|Endless Battle Clause: Forcing endless battles is banned
|rule|Species Clause: Limit one of each Pokémon
|rule|OHKO Clause: OHKO moves are banned
|rule|Evasion Items Clause: Evasion items are banned
|rule|Evasion Moves Clause: Evasion moves are banned
|rule|Evasion Abilities Clause: Evasion abilities are banned
|rule|Sleep Moves Clause: Sleep-inducing moves are banned
|clearpoke
|poke|p1|Landorus-Therian, M|
|poke|p1|Zoroark-Hisui, F|
|poke|p1|Gholdengo|
|poke|p1|Great Tusk|
|poke|p1|Kingambit, F|
|poke|p1|Rotom-Wash|
|poke|p2|Cinderace, F|
|poke|p2|Gliscor, M|
|poke|p2|Sableye, M|
|poke|p2|Maushold-Four|
|poke|p2|Raging Bolt|
|poke|p2|Meowscarada, F|
|teampreview
|inactive|Battle timer is ON: inactive players will automatically lose when time's up. (requested by Yeissy)
|
|t:|1779870972
|teamsize|p1|6
|teamsize|p2|6
|start
|switch|p1a: Landorus|Landorus-Therian, M|100/100
|switch|p2a: Sableye|Sableye, M|100/100
|-ability|p1a: Landorus|Intimidate|boost
|-unboost|p2a: Sableye|atk|1
|turn|1
|
|t:|1779870987
|move|p2a: Sableye|Will-O-Wisp|p1a: Landorus
|-status|p1a: Landorus|brn
|move|p1a: Landorus|Stealth Rock|p2a: Sableye
|-sidestart|p2: Yeissy|move: Stealth Rock
|
|-damage|p1a: Landorus|94/100 brn|[from] brn
|upkeep
|turn|2
|inactive|avenda10 has 120 seconds left.
|
|t:|1779871018
|move|p2a: Sableye|Reflect|p2a: Sableye
|-sidestart|p2: Yeissy|Reflect
|move|p1a: Landorus|Taunt|p2a: Sableye
|-start|p2a: Sableye|move: Taunt
|
|-damage|p1a: Landorus|88/100 brn|[from] brn
|upkeep
|turn|3
|
|t:|1779871026
|switch|p2a: Gliscor|Gliscor, M|100/100
|-damage|p2a: Gliscor|88/100|[from] Stealth Rock
|move|p1a: Landorus|U-turn|p2a: Gliscor
|-resisted|p2a: Gliscor
|-damage|p2a: Gliscor|86/100
|inactive|avenda10 has 120 seconds left.
|
|t:|1779871054
|switch|p1a: Rotom|Rotom-Wash|100/100|[from] U-turn
|
|-status|p2a: Gliscor|tox|[from] item: Toxic Orb
|upkeep
|turn|4
|
|t:|1779871069
|move|p2a: Gliscor|Toxic|p1a: Rotom
|-status|p1a: Rotom|tox
|move|p1a: Rotom|Volt Switch|p2a: Gliscor
|-immune|p2a: Gliscor
|
|-heal|p2a: Gliscor|99/100 tox|[from] ability: Poison Heal
|-damage|p1a: Rotom|95/100 tox|[from] psn
|upkeep
|turn|5
|
|t:|1779871079
|move|p2a: Gliscor|Facade|p1a: Rotom
|-damage|p1a: Rotom|69/100 tox
|move|p1a: Rotom|Hydro Pump|p2a: Gliscor
|-supereffective|p2a: Gliscor
|-damage|p2a: Gliscor|2/100 tox
|
|-heal|p1a: Rotom|75/100 tox|[from] item: Leftovers
|-heal|p2a: Gliscor|15/100 tox|[from] ability: Poison Heal
|-damage|p1a: Rotom|64/100 tox|[from] psn
|upkeep
|turn|6
|
|t:|1779871091
|move|p2a: Gliscor|Protect|p2a: Gliscor
|-singleturn|p2a: Gliscor|Protect
|move|p1a: Rotom|Hydro Pump|p2a: Gliscor
|-activate|p2a: Gliscor|move: Protect
|
|-heal|p1a: Rotom|69/100 tox|[from] item: Leftovers
|-heal|p2a: Gliscor|27/100 tox|[from] ability: Poison Heal
|-damage|p1a: Rotom|52/100 tox|[from] psn
|upkeep
|turn|7
|
|t:|1779871102
|move|p2a: Gliscor|Facade|p1a: Rotom
|-damage|p1a: Rotom|29/100 tox
|move|p1a: Rotom|Hydro Pump|p2a: Gliscor|[miss]
|-miss|p1a: Rotom|p2a: Gliscor
|
|-heal|p1a: Rotom|35/100 tox|[from] item: Leftovers
|-heal|p2a: Gliscor|39/100 tox|[from] ability: Poison Heal
|-damage|p1a: Rotom|11/100 tox|[from] psn
|upkeep
|turn|8
|
|t:|1779871115
|move|p2a: Gliscor|Protect|p2a: Gliscor
|-singleturn|p2a: Gliscor|Protect
|move|p1a: Rotom|Hydro Pump|p2a: Gliscor
|-activate|p2a: Gliscor|move: Protect
|
|-heal|p1a: Rotom|17/100 tox|[from] item: Leftovers
|-heal|p2a: Gliscor|52/100 tox|[from] ability: Poison Heal
|-damage|p1a: Rotom|0 fnt|[from] psn
|faint|p1a: Rotom
|upkeep
|inactive|avenda10 has 90 seconds left.
|
|t:|1779871142
|switch|p1a: Great Tusk|Great Tusk|100/100
|turn|9
|
|t:|1779871151
|-terastallize|p1a: Great Tusk|Water
|move|p2a: Gliscor|Toxic|p1a: Great Tusk
|-status|p1a: Great Tusk|tox
|move|p1a: Great Tusk|Ice Spinner|p2a: Gliscor
|-supereffective|p2a: Gliscor
|-damage|p2a: Gliscor|21/100 tox
|
|-heal|p2a: Gliscor|34/100 tox|[from] ability: Poison Heal
|-damage|p1a: Great Tusk|94/100 tox|[from] psn
|-sideend|p2: Yeissy|Reflect
|upkeep
|turn|10
|inactive|avenda10 has 90 seconds left.
|
|t:|1779871168
|move|p2a: Gliscor|Protect|p2a: Gliscor
|-singleturn|p2a: Gliscor|Protect
|move|p1a: Great Tusk|Ice Spinner|p2a: Gliscor
|-activate|p2a: Gliscor|move: Protect
|
|-heal|p1a: Great Tusk|100/100 tox|[from] item: Leftovers
|-heal|p2a: Gliscor|46/100 tox|[from] ability: Poison Heal
|-damage|p1a: Great Tusk|88/100 tox|[from] psn
|upkeep
|turn|11
|
|t:|1779871179
|move|p2a: Gliscor|Facade|p1a: Great Tusk
|-damage|p1a: Great Tusk|73/100 tox
|move|p1a: Great Tusk|Ice Spinner|p2a: Gliscor
|-supereffective|p2a: Gliscor
|-damage|p2a: Gliscor|0 fnt
|faint|p2a: Gliscor
|
|-heal|p1a: Great Tusk|80/100 tox|[from] item: Leftovers
|-damage|p1a: Great Tusk|61/100 tox|[from] psn
|upkeep
|
|t:|1779871188
|switch|p2a: Sableye|Sableye, M|100/100
|-damage|p2a: Sableye|88/100|[from] Stealth Rock
|turn|12
|inactive|avenda10 has 90 seconds left.
|inactive|avenda10 has 60 seconds left.
|
|t:|1779871227
|-end|p1a: Great Tusk|Protosynthesis|[silent]
|switch|p1a: Gholdengo|Gholdengo|100/100
|-item|p1a: Gholdengo|Air Balloon
|move|p2a: Sableye|Reflect|p2a: Sableye
|-sidestart|p2: Yeissy|Reflect
|
|upkeep
|turn|13
|
|t:|1779871236
|move|p2a: Sableye|Light Screen|p2a: Sableye
|-sidestart|p2: Yeissy|move: Light Screen
|move|p1a: Gholdengo|Shadow Ball|p2a: Sableye
|-damage|p2a: Sableye|62/100
|
|upkeep
|turn|14
|
|t:|1779871246
|switch|p2a: Maushold|Maushold-Four|100/100
|-damage|p2a: Maushold|88/100|[from] Stealth Rock
|move|p1a: Gholdengo|Nasty Plot|p1a: Gholdengo
|-boost|p1a: Gholdengo|spa|2
|
|upkeep
|turn|15
|
|t:|1779871257
|move|p2a: Maushold|Tidy Up|p2a: Maushold
|-sideend|p2: Yeissy|Stealth Rock
|-activate|p2a: Maushold|move: Tidy Up
|-boost|p2a: Maushold|atk|1
|-boost|p2a: Maushold|spe|1
|move|p1a: Gholdengo|Nasty Plot|p1a: Gholdengo
|-boost|p1a: Gholdengo|spa|2
|
|upkeep
|turn|16
|
|t:|1779871268
|move|p2a: Maushold|Bite|p1a: Gholdengo
|-supereffective|p1a: Gholdengo
|-damage|p1a: Gholdengo|30/100
|-enditem|p1a: Gholdengo|Air Balloon
|cant|p1a: Gholdengo|flinch
|
|upkeep
|turn|17
|
|t:|1779871280
|move|p2a: Maushold|Bite|p1a: Gholdengo
|-supereffective|p1a: Gholdengo
|-damage|p1a: Gholdengo|0 fnt
|faint|p1a: Gholdengo
|
|upkeep
|
|t:|1779871289
|switch|p1a: Great Tusk|Great Tusk|100/100
|-start|p1a: Great Tusk|typechange|Water|[silent]
|turn|18
|
|t:|1779871306
|move|p2a: Maushold|Bullet Seed|p1a: Great Tusk
|-damage|p1a: Great Tusk|73/100
|replace|p1a: Zoroark|Zoroark-Hisui, F
|-end|p1a: Zoroark|Illusion
|-damage|p1a: Zoroark|47/100
|-hitcount|p1a: Zoroark|2
|move|p1a: Zoroark|Flamethrower|p2a: Maushold
|-damage|p2a: Maushold|63/100
|
|upkeep
|turn|19
|
|t:|1779871319
|move|p2a: Maushold|Population Bomb|p1a: Zoroark
|-immune|p1a: Zoroark
|move|p1a: Zoroark|Nasty Plot|p1a: Zoroark
|-boost|p1a: Zoroark|spa|2
|
|-sideend|p2: Yeissy|Reflect
|upkeep
|turn|20
|
|t:|1779871329
|move|p2a: Maushold|Bite|p1a: Zoroark
|-supereffective|p1a: Zoroark
|-damage|p1a: Zoroark|0 fnt
|faint|p1a: Zoroark
|
|-sideend|p2: Yeissy|move: Light Screen
|upkeep
|-message|avenda10 forfeited.
|
|win|Yeissy
|raw|avenda10's rating: 1174 &rarr; <strong>1152</strong><br />(-22 for losing)
|raw|Yeissy's rating: 1209 &rarr; <strong>1231</strong><br />(+22 for winning)
|l|☆avenda10
|player|p1|
|l|☆Yeissy
|player|p2|
