|j|‽cruzovski
|j|☆EliteFourAnt
|t:|1779956281
|gametype|singles
|player|p1|cruzovski|2|1463
|player|p2|EliteFourAnt|crasherwake|1455
|gen|9
|tier|[Gen 9] OU
|rated|
|rule|HP Percentage Mod: HP is shown in percentages
|rule|Endless Battle Clause: Forcing endless battles is banned
|rule|Species Clause: Limit one of each Pokémon
|rule|OHKO Clause: OHKO moves are banned
|rule|Evasion Items Clause: Evasion items are banned
|rule|Evasion Moves Clause: Evasion moves are banned
|rule|Evasion Abilities Clause: Evasion abilities are banned
|rule|Sleep Moves Clause: Sleep-inducing moves are banned
|clearpoke
|poke|p1|Garganacl, F|
|poke|p1|Scizor, M|
|poke|p1|Zapdos|
|poke|p1|Cinderace, F|
|poke|p1|Dragapult, M|
|poke|p1|Clefable, M|
|poke|p2|Tyranitar, F|
|poke|p2|Gholdengo|
|poke|p2|Excadrill, F|
|poke|p2|Tornadus-Therian, M|
|poke|p2|Iron Valiant|
|poke|p2|Chesnaught, F|
|teampreview
|
|t:|1779956286
|teamsize|p1|6
|teamsize|p2|6
|start
|switch|p1a: Cinderace|Cinderace, F|100/100
|switch|p2a: Don Cheezie|Chesnaught, F|100/100
|turn|1
|
|t:|1779956292
|move|p1a: Cinderace|U-turn|p2a: Don Cheezie
|-start|p1a: Cinderace|typechange|Bug|[from] ability: Libero
|-damage|p2a: Don Cheezie|70/100
|-damage|p1a: Cinderace|84/100|[from] item: Rocky Helmet|[of] p2a: Don Cheezie
|
|t:|1779956297
|switch|p1a: Clefable|Clefable, M|100/100|[from] U-turn
|move|p2a: Don Cheezie|Knock Off|p1a: Clefable
|-resisted|p1a: Clefable
|-damage|p1a: Clefable|92/100
|-enditem|p1a: Clefable|Leftovers|[from] move: Knock Off|[of] p2a: Don Cheezie
|
|upkeep
|turn|2
|
|t:|1779956312
|switch|p2a: Lemmewatch|Excadrill, F|100/100
|-item|p2a: Lemmewatch|Air Balloon
|move|p1a: Clefable|Knock Off|p2a: Lemmewatch
|-damage|p2a: Lemmewatch|78/100
|-enditem|p2a: Lemmewatch|Air Balloon
|
|upkeep
|turn|3
|
|t:|1779956320
|switch|p1a: Zapdos|Zapdos|100/100
|move|p2a: Lemmewatch|Swords Dance|p2a: Lemmewatch
|-boost|p2a: Lemmewatch|atk|2
|
|upkeep
|turn|4
|
|t:|1779956327
|move|p2a: Lemmewatch|Rock Slide|p1a: Zapdos
|-supereffective|p1a: Zapdos
|-damage|p1a: Zapdos|17/100
|move|p1a: Zapdos|Hurricane|p2a: Lemmewatch
|-resisted|p2a: Lemmewatch
|-damage|p2a: Lemmewatch|46/100
|
|upkeep
|turn|5
|
|t:|1779956342
|move|p2a: Lemmewatch|Rapid Spin|p1a: Zapdos
|-damage|p1a: Zapdos|0 fnt
|-boost|p2a: Lemmewatch|spe|1
|faint|p1a: Zapdos
|
|upkeep
|
|t:|1779956349
|switch|p1a: Cinderace|Cinderace, F|84/100
|turn|6
|
|t:|1779956352
|move|p1a: Cinderace|Sucker Punch|p2a: Lemmewatch
|-start|p1a: Cinderace|typechange|Dark|[from] ability: Libero
|-damage|p2a: Lemmewatch|0 fnt
|faint|p2a: Lemmewatch
|
|upkeep
|
|t:|1779956359
|switch|p2a: Don Cheezie|Chesnaught, F|70/100
|turn|7
|inactive|Battle timer is ON: inactive players will automatically lose when time's up. (requested by cruzovski)
|
|t:|1779956363
|switch|p1a: Clefable|Clefable, M|92/100
|move|p2a: Don Cheezie|Spikes|p1a: Clefable
|-sidestart|p1: cruzovski|Spikes
|
|upkeep
|turn|8
|
|t:|1779956374
|switch|p2a: Boldenjoe|Gholdengo|100/100
|move|p1a: Clefable|Moonblast|p2a: Boldenjoe
|-resisted|p2a: Boldenjoe
|-damage|p2a: Boldenjoe|84/100
|
|upkeep
|turn|9
|
|t:|1779956400
|-terastallize|p1a: Clefable|Water
|move|p2a: Boldenjoe|Make It Rain|p1a: Clefable
|-resisted|p1a: Clefable
|-damage|p1a: Clefable|50/100
|-unboost|p2a: Boldenjoe|spa|1
|move|p1a: Clefable|Knock Off|p2a: Boldenjoe
|-supereffective|p2a: Boldenjoe
|-damage|p2a: Boldenjoe|54/100
|-enditem|p2a: Boldenjoe|Metal Coat|[from] move: Knock Off|[of] p1a: Clefable
|
|upkeep
|turn|10
|
|t:|1779956410
|move|p2a: Boldenjoe|Recover|p2a: Boldenjoe
|-heal|p2a: Boldenjoe|100/100
|move|p1a: Clefable|Moonlight|p1a: Clefable
|-heal|p1a: Clefable|99/100
|
|upkeep
|turn|11
|
|t:|1779956416
|move|p2a: Boldenjoe|Nasty Plot|p2a: Boldenjoe
|-boost|p2a: Boldenjoe|spa|2
|move|p1a: Clefable|Knock Off|p2a: Boldenjoe
|-supereffective|p2a: Boldenjoe
|-damage|p2a: Boldenjoe|79/100
|
|upkeep
|turn|12
|
|t:|1779956420
|switch|p1a: Dragapult|Dragapult, M|100/100
|-damage|p1a: Dragapult|88/100|[from] Spikes
|move|p2a: Boldenjoe|Thunderbolt|p1a: Dragapult
|-resisted|p1a: Dragapult
|-damage|p1a: Dragapult|50/100
|-status|p1a: Dragapult|par
|
|upkeep
|turn|13
|
|t:|1779956428
|move|p2a: Boldenjoe|Make It Rain|p1a: Dragapult
|-damage|p1a: Dragapult|0 fnt
|-unboost|p2a: Boldenjoe|spa|1
|faint|p1a: Dragapult
|
|upkeep
|
|t:|1779956432
|switch|p1a: Cinderace|Cinderace, F|84/100
|-damage|p1a: Cinderace|72/100|[from] Spikes
|turn|14
|
|t:|1779956438
|switch|p2a: Birb|Tornadus-Therian, M|100/100
|move|p1a: Cinderace|Pyro Ball|p2a: Birb
|-damage|p2a: Birb|0 fnt
|faint|p2a: Birb
|
|upkeep
|
|t:|1779956441
|switch|p2a: Freakbol|Tyranitar, F|100/100
|-weather|Sandstorm|[from] ability: Sand Stream|[of] p2a: Freakbol
|turn|15
|
|t:|1779956445
|switch|p1a: Clefable|Clefable, M, tera:Water|99/100
|move|p2a: Freakbol|Stealth Rock|p1a: Clefable
|-sidestart|p1: cruzovski|move: Stealth Rock
|
|-weather|Sandstorm|[upkeep]
|upkeep
|turn|16
|
|t:|1779956454
|move|p1a: Clefable|Knock Off|p2a: Freakbol
|-resisted|p2a: Freakbol
|-damage|p2a: Freakbol|94/100
|-enditem|p2a: Freakbol|Leftovers|[from] move: Knock Off|[of] p1a: Clefable
|move|p2a: Freakbol|Ice Beam|p1a: Clefable
|-resisted|p1a: Clefable
|-damage|p1a: Clefable|92/100
|-status|p1a: Clefable|frz
|
|-weather|Sandstorm|[upkeep]
|upkeep
|turn|17
|
|t:|1779956462
|switch|p2a: Theythemlin|Iron Valiant|100/100
|-enditem|p2a: Theythemlin|Booster Energy
|-activate|p2a: Theythemlin|ability: Quark Drive|[fromitem]
|-start|p2a: Theythemlin|quarkdrivespe
|cant|p1a: Clefable|frz
|
|-weather|Sandstorm|[upkeep]
|-damage|p2a: Theythemlin|94/100|[from] Sandstorm
|upkeep
|turn|18
|
|t:|1779956465
|move|p2a: Theythemlin|Calm Mind|p2a: Theythemlin
|-boost|p2a: Theythemlin|spa|1
|-boost|p2a: Theythemlin|spd|1
|-curestatus|p1a: Clefable|frz|[msg]
|move|p1a: Clefable|Moonblast|p2a: Theythemlin
|-supereffective|p2a: Theythemlin
|-damage|p2a: Theythemlin|17/100
|
|-weather|Sandstorm|[upkeep]
|-damage|p2a: Theythemlin|11/100|[from] Sandstorm
|upkeep
|turn|19
|
|t:|1779956469
|move|p2a: Theythemlin|Shadow Ball|p1a: Clefable
|-damage|p1a: Clefable|56/100
|move|p1a: Clefable|Moonblast|p2a: Theythemlin
|-supereffective|p2a: Theythemlin
|-damage|p2a: Theythemlin|0 fnt
|faint|p2a: Theythemlin
|-end|p2a: Theythemlin|Quark Drive|[silent]
|
|-weather|none
|upkeep
|
|t:|1779956478
|switch|p2a: Boldenjoe|Gholdengo|79/100
|turn|20
|
|t:|1779956485
|switch|p1a: Cinderace|Cinderace, F|72/100
|-damage|p1a: Cinderace|59/100|[from] Spikes
|-damage|p1a: Cinderace|34/100|[from] Stealth Rock
|move|p2a: Boldenjoe|Thunderbolt|p1a: Cinderace
|-damage|p1a: Cinderace|0 fnt
|faint|p1a: Cinderace
|
|upkeep
|
|t:|1779956493
|switch|p1a: Garganacl|Garganacl, F|100/100
|-damage|p1a: Garganacl|88/100|[from] Spikes
|-damage|p1a: Garganacl|76/100|[from] Stealth Rock
|turn|21
|
|t:|1779956498
|move|p2a: Boldenjoe|Nasty Plot|p2a: Boldenjoe
|-boost|p2a: Boldenjoe|spa|2
|move|p1a: Garganacl|Salt Cure|p2a: Boldenjoe
|-resisted|p2a: Boldenjoe
|-damage|p2a: Boldenjoe|72/100
|-start|p2a: Boldenjoe|Salt Cure
|
|-heal|p1a: Garganacl|82/100|[from] item: Leftovers
|-damage|p2a: Boldenjoe|47/100|[from] Salt Cure
|upkeep
|turn|22
|
|t:|1779956516
|switch|p1a: Scizor|Scizor, M|100/100
|move|p2a: Boldenjoe|Recover|p2a: Boldenjoe
|-heal|p2a: Boldenjoe|97/100
|
|-damage|p2a: Boldenjoe|72/100|[from] Salt Cure
|upkeep
|turn|23
|
|t:|1779956521
|switch|p2a: Don Cheezie|Chesnaught, F|70/100
|move|p1a: Scizor|Dual Wingbeat|p2a: Don Cheezie
|-supereffective|p2a: Don Cheezie
|-damage|p2a: Don Cheezie|15/100
|-damage|p1a: Scizor|84/100|[from] item: Rocky Helmet|[of] p2a: Don Cheezie
|-supereffective|p2a: Don Cheezie
|-crit|p2a: Don Cheezie
|-damage|p2a: Don Cheezie|0 fnt
|-damage|p1a: Scizor|67/100|[from] item: Rocky Helmet|[of] p2a: Don Cheezie
|faint|p2a: Don Cheezie
|-hitcount|p2: Don Cheezie|2
|
|upkeep
|
|t:|1779956529
|switch|p2a: Freakbol|Tyranitar, F|94/100
|-weather|Sandstorm|[from] ability: Sand Stream|[of] p2a: Freakbol
|turn|24
|
|t:|1779956537
|move|p1a: Scizor|Defog|p2a: Freakbol
|-unboost|p2a: Freakbol|evasion|1
|-sideend|p1: cruzovski|Spikes|[from] move: Defog|[of] p1a: Scizor
|-sideend|p1: cruzovski|Stealth Rock|[from] move: Defog|[of] p1a: Scizor
|move|p2a: Freakbol|Knock Off|p1a: Scizor
|-damage|p1a: Scizor|27/100
|-enditem|p1a: Scizor|Heavy-Duty Boots|[from] move: Knock Off|[of] p2a: Freakbol
|
|-weather|Sandstorm|[upkeep]
|upkeep
|turn|25
|
|t:|1779956545
|move|p1a: Scizor|U-turn|p2a: Freakbol
|-supereffective|p2a: Freakbol
|-damage|p2a: Freakbol|27/100
|
|t:|1779956549
|switch|p1a: Clefable|Clefable, M, tera:Water|56/100|[from] U-turn
|move|p2a: Freakbol|Stealth Rock|p1a: Clefable
|-sidestart|p1: cruzovski|move: Stealth Rock
|
|-weather|Sandstorm|[upkeep]
|upkeep
|turn|26
|inactive|cruzovski has 120 seconds left.
|inactive|cruzovski has 90 seconds left.
|
|t:|1779956619
|switch|p2a: Boldenjoe|Gholdengo|72/100
|move|p1a: Clefable|Moonlight|p1a: Clefable
|-heal|p1a: Clefable|81/100
|
|-weather|Sandstorm|[upkeep]
|upkeep
|turn|27
|inactive|cruzovski has 90 seconds left.
|
|t:|1779956629
|move|p2a: Boldenjoe|Nasty Plot|p2a: Boldenjoe
|-boost|p2a: Boldenjoe|spa|2
|move|p1a: Clefable|Knock Off|p2a: Boldenjoe
|-supereffective|p2a: Boldenjoe
|-damage|p2a: Boldenjoe|48/100
|
|-weather|Sandstorm|[upkeep]
|upkeep
|turn|28
|inactive|cruzovski has 90 seconds left.
|
|t:|1779956639
|switch|p1a: Garganacl|Garganacl, F|82/100
|-damage|p1a: Garganacl|70/100|[from] Stealth Rock
|-terastallize|p2a: Boldenjoe|Steel
|move|p2a: Boldenjoe|Recover|p2a: Boldenjoe
|-heal|p2a: Boldenjoe|98/100
|
|-weather|none
|-heal|p1a: Garganacl|76/100|[from] item: Leftovers
|upkeep
|turn|29
|
|t:|1779956645
|move|p2a: Boldenjoe|Make It Rain|p1a: Garganacl
|-supereffective|p1a: Garganacl
|-damage|p1a: Garganacl|0 fnt
|-unboost|p2a: Boldenjoe|spa|1
|faint|p1a: Garganacl
|
|upkeep
|-message|cruzovski forfeited.
|
|win|EliteFourAnt
|raw|cruzovski's rating: 1463 &rarr; <strong>1443</strong><br />(-20 for losing)
|raw|EliteFourAnt's rating: 1455 &rarr; <strong>1475</strong><br />(+20 for winning)
|l|‽cruzovski
|player|p1|
