|j|☆wassou21
|j|☆Spicy boii
|t:|1779907272
|gametype|singles
|player|p1|wassou21|red|1354
|player|p2|Spicy boii|1|1346
|gen|9
|tier|[Gen 9] OU
|rated|
|rule|HP Percentage Mod: HP is shown in percentages
|rule|Endless Battle Clause: Forcing endless battles is banned
|rule|Species Clause: Limit one of each Pokémon
|rule|OHKO Clause: OHKO moves are banned
|rule|Evasion Items Clause: Evasion items are banned
|rule|Evasion Moves Clause: Evasion moves are banned
|rule|Evasion Abilities Clause: Evasion abilities are banned
|rule|Sleep Moves Clause: Sleep-inducing moves are banned
|clearpoke
|poke|p1|Araquanid, F|
|poke|p1|Cinderace, F|
|poke|p1|Serperior, M|
|poke|p1|Comfey, F|
|poke|p1|Dragapult, F|
|poke|p1|Bisharp, F|
|poke|p2|Landorus-Therian, M|
|poke|p2|Gholdengo|
|poke|p2|Rillaboom, M|
|poke|p2|Walking Wake|
|poke|p2|Volcanion|
|poke|p2|Zamazenta-*|
|teampreview
|inactive|Battle timer is ON: inactive players will automatically lose when time's up. (requested by Spicy boii)
|
|t:|1779907289
|teamsize|p1|6
|teamsize|p2|6
|start
|switch|p1a: Araquanid|Araquanid, F|100/100
|switch|p2a: Volcanion|Volcanion|100/100
|turn|1
|
|t:|1779907308
|move|p2a: Volcanion|Sludge Bomb|p1a: Araquanid
|-damage|p1a: Araquanid|75/100
|move|p1a: Araquanid|Sticky Web|p2a: Volcanion
|-sidestart|p2: Spicy boii|move: Sticky Web
|
|upkeep
|turn|2
|
|t:|1779907332
|move|p2a: Volcanion|Steam Eruption|p1a: Araquanid
|-resisted|p1a: Araquanid
|-damage|p1a: Araquanid|49/100
|move|p1a: Araquanid|Mirror Coat|p2a: Volcanion
|-damage|p2a: Volcanion|43/100
|
|upkeep
|turn|3
|
|t:|1779907344
|switch|p2a: Landorus|Landorus-Therian, M|100/100
|-ability|p2a: Landorus|Intimidate|boost
|-unboost|p1a: Araquanid|atk|1
|move|p1a: Araquanid|Mirror Coat||[still]
|-fail|p1a: Araquanid
|
|upkeep
|turn|4
|
|t:|1779907351
|move|p2a: Landorus|Stealth Rock|p1a: Araquanid
|-sidestart|p1: wassou21|move: Stealth Rock
|move|p1a: Araquanid|Surf|p2a: Landorus
|-supereffective|p2a: Landorus
|-damage|p2a: Landorus|0 fnt
|faint|p2a: Landorus
|
|upkeep
|
|t:|1779907364
|switch|p2a: Rillaboom|Rillaboom, M|100/100
|-activate|p2a: Rillaboom|move: Sticky Web
|-unboost|p2a: Rillaboom|spe|1
|-fieldstart|move: Grassy Terrain|[from] ability: Grassy Surge|[of] p2a: Rillaboom
|turn|5
|
|t:|1779907375
|move|p2a: Rillaboom|Swords Dance|p2a: Rillaboom
|-boost|p2a: Rillaboom|atk|2
|move|p1a: Araquanid|Endeavor|p2a: Rillaboom
|-damage|p2a: Rillaboom|46/100
|
|-heal|p2a: Rillaboom|52/100|[from] Grassy Terrain
|-heal|p1a: Araquanid|55/100|[from] Grassy Terrain
|upkeep
|turn|6
|
|t:|1779907386
|move|p2a: Rillaboom|Grassy Glide|p1a: Araquanid
|-damage|p1a: Araquanid|0 fnt
|faint|p1a: Araquanid
|-damage|p2a: Rillaboom|43/100|[from] item: Life Orb
|
|-heal|p2a: Rillaboom|49/100|[from] Grassy Terrain
|upkeep
|
|t:|1779907395
|switch|p1a: Cinderace|Cinderace, F|100/100
|turn|7
|
|t:|1779907402
|move|p2a: Rillaboom|Grassy Glide|p1a: Cinderace
|-resisted|p1a: Cinderace
|-damage|p1a: Cinderace|30/100
|-damage|p2a: Rillaboom|39/100|[from] item: Life Orb
|move|p1a: Cinderace|Pyro Ball|p2a: Rillaboom
|-supereffective|p2a: Rillaboom
|-damage|p2a: Rillaboom|0 fnt
|faint|p2a: Rillaboom
|
|-heal|p1a: Cinderace|36/100|[from] Grassy Terrain
|upkeep
|
|t:|1779907414
|switch|p2a: Walking Wake|Walking Wake|100/100
|-activate|p2a: Walking Wake|move: Sticky Web
|-unboost|p2a: Walking Wake|spe|1
|-enditem|p2a: Walking Wake|Booster Energy
|-activate|p2a: Walking Wake|ability: Protosynthesis|[fromitem]
|-start|p2a: Walking Wake|protosynthesisspa
|turn|8
|
|t:|1779907427
|move|p1a: Cinderace|Sucker Punch||[still]
|-fail|p1a: Cinderace
|move|p2a: Walking Wake|Agility|p2a: Walking Wake
|-boost|p2a: Walking Wake|spe|2
|
|-heal|p1a: Cinderace|42/100|[from] Grassy Terrain
|upkeep
|turn|9
|
|t:|1779907435
|move|p1a: Cinderace|Sucker Punch|p2a: Walking Wake
|-start|p1a: Cinderace|typechange|Dark|[from] ability: Libero
|-damage|p2a: Walking Wake|62/100
|move|p2a: Walking Wake|Surf|p1a: Cinderace
|-damage|p1a: Cinderace|0 fnt
|faint|p1a: Cinderace
|
|-heal|p2a: Walking Wake|68/100|[from] Grassy Terrain
|-fieldend|move: Grassy Terrain
|upkeep
|
|t:|1779907444
|switch|p1a: Comfey|Comfey, F|100/100
|-damage|p1a: Comfey|88/100|[from] Stealth Rock
|turn|10
|
|t:|1779907452
|-terastallize|p2a: Walking Wake|Fairy
|move|p1a: Comfey|Draining Kiss|p2a: Walking Wake
|-crit|p2a: Walking Wake
|-damage|p2a: Walking Wake|31/100
|-heal|p1a: Comfey|100/100|[from] drain|[of] p2a: Walking Wake
|move|p2a: Walking Wake|Surf|p1a: Comfey
|-damage|p1a: Comfey|33/100
|
|-heal|p1a: Comfey|39/100|[from] item: Leftovers
|upkeep
|turn|11
|
|t:|1779907463
|move|p1a: Comfey|Draining Kiss|p2a: Walking Wake
|-damage|p2a: Walking Wake|8/100
|-heal|p1a: Comfey|58/100|[from] drain|[of] p2a: Walking Wake
|move|p2a: Walking Wake|Surf|p1a: Comfey
|-damage|p1a: Comfey|0 fnt
|faint|p1a: Comfey
|
|upkeep
|
|t:|1779907475
|switch|p1a: Bisharp|Bisharp, F|100/100
|-damage|p1a: Bisharp|94/100|[from] Stealth Rock
|turn|12
|
|t:|1779907480
|move|p2a: Walking Wake|Flamethrower|p1a: Bisharp
|-supereffective|p1a: Bisharp
|-damage|p1a: Bisharp|5/100
|move|p1a: Bisharp|Swords Dance|p1a: Bisharp
|-boost|p1a: Bisharp|atk|2
|
|upkeep
|turn|13
|
|t:|1779907487
|move|p1a: Bisharp|Sucker Punch|p2a: Walking Wake
|-resisted|p2a: Walking Wake
|-damage|p2a: Walking Wake|0 fnt
|faint|p2a: Walking Wake
|-end|p2a: Walking Wake|Protosynthesis|[silent]
|
|upkeep
|
|t:|1779907489
|switch|p2a: Zamazenta|Zamazenta|100/100
|-activate|p2a: Zamazenta|move: Sticky Web
|-unboost|p2a: Zamazenta|spe|1
|-ability|p2a: Zamazenta|Dauntless Shield|boost
|-boost|p2a: Zamazenta|def|1
|turn|14
|
|t:|1779907496
|move|p1a: Bisharp|Sucker Punch|p2a: Zamazenta
|-resisted|p2a: Zamazenta
|-damage|p2a: Zamazenta|75/100
|move|p2a: Zamazenta|Crunch|p1a: Bisharp
|-resisted|p1a: Bisharp
|-damage|p1a: Bisharp|0 fnt
|faint|p1a: Bisharp
|-damage|p2a: Zamazenta|65/100|[from] item: Life Orb
|
|upkeep
|
|t:|1779907505
|switch|p1a: Serperior|Serperior, M|100/100
|-damage|p1a: Serperior|88/100|[from] Stealth Rock
|turn|15
|
|t:|1779907516
|-terastallize|p1a: Serperior|Grass
|move|p1a: Serperior|Leaf Storm|p2a: Zamazenta
|-damage|p2a: Zamazenta|5/100
|-boost|p1a: Serperior|spa|2
|move|p2a: Zamazenta|Ice Fang|p1a: Serperior
|-supereffective|p1a: Serperior
|-damage|p1a: Serperior|9/100
|-damage|p2a: Zamazenta|0 fnt|[from] item: Life Orb
|faint|p2a: Zamazenta
|
|-heal|p1a: Serperior|16/100|[from] item: Leftovers
|upkeep
|
|t:|1779907525
|switch|p2a: Gholdengo|Gholdengo|100/100
|-activate|p2a: Gholdengo|move: Sticky Web
|-unboost|p2a: Gholdengo|spe|1
|turn|16
|
|t:|1779907530
|move|p1a: Serperior|Leaf Storm|p2a: Gholdengo
|-resisted|p2a: Gholdengo
|-damage|p2a: Gholdengo|47/100
|-boost|p1a: Serperior|spa|2
|move|p2a: Gholdengo|Shadow Ball|p1a: Serperior
|-damage|p1a: Serperior|0 fnt
|faint|p1a: Serperior
|
|upkeep
|
|t:|1779907542
|switch|p1a: Dragapult|Dragapult, F|100/100
|-damage|p1a: Dragapult|88/100|[from] Stealth Rock
|turn|17
|
|t:|1779907547
|move|p1a: Dragapult|Flamethrower|p2a: Gholdengo
|-supereffective|p2a: Gholdengo
|-damage|p2a: Gholdengo|0 fnt
|faint|p2a: Gholdengo
|-damage|p1a: Dragapult|78/100|[from] item: Life Orb
|
|upkeep
|
|t:|1779907550
|switch|p2a: Volcanion|Volcanion|43/100
|-activate|p2a: Volcanion|move: Sticky Web
|-unboost|p2a: Volcanion|spe|1
|turn|18
|-message|Spicy boii forfeited.
|
|win|wassou21
|raw|wassou21's rating: 1354 &rarr; <strong>1374</strong><br />(+20 for winning)
|raw|Spicy boii's rating: 1346 &rarr; <strong>1326</strong><br />(-20 for losing)
|l|☆Spicy boii
|player|p2|
|l|☆wassou21
|player|p1|
