|j|☆skimmelk
|j|‽Tattersfieldn
|t:|1779845667
|gametype|singles
|player|p1|skimmelk|2|
|player|p2|Tattersfieldn|twins-gen4dp|
|gen|9
|tier|[Gen 9] OU
|rule|HP Percentage Mod: HP is shown in percentages
|rule|Endless Battle Clause: Forcing endless battles is banned
|rule|Species Clause: Limit one of each Pokémon
|rule|OHKO Clause: OHKO moves are banned
|rule|Evasion Items Clause: Evasion items are banned
|rule|Evasion Moves Clause: Evasion moves are banned
|rule|Evasion Abilities Clause: Evasion abilities are banned
|rule|Sleep Moves Clause: Sleep-inducing moves are banned
|clearpoke
|poke|p1|Dragonite, M|
|poke|p1|Gholdengo|
|poke|p1|Sinistcha|
|poke|p1|Porygon-Z|
|poke|p1|Reuniclus, M|
|poke|p1|Malamar, M|
|poke|p2|Iron Hands|
|poke|p2|Snorlax, F|
|poke|p2|Skarmory, M|
|poke|p2|Staraptor, F|
|poke|p2|Deoxys-Defense|
|poke|p2|Emboar, F|
|teampreview
|
|t:|1779845693
|teamsize|p1|6
|teamsize|p2|6
|start
|switch|p1a: Malamar|Malamar, M|100/100
|switch|p2a: Deoxys|Deoxys-Defense|100/100
|-ability|p2a: Deoxys|Pressure
|turn|1
|j| anarchyknife
|
|t:|1779845711
|move|p2a: Deoxys|Taunt|p1a: Malamar
|-start|p1a: Malamar|move: Taunt
|move|p1a: Malamar|Knock Off|p2a: Deoxys
|-supereffective|p2a: Deoxys
|-damage|p2a: Deoxys|65/100
|-enditem|p2a: Deoxys|Leftovers|[from] move: Knock Off|[of] p1a: Malamar
|
|upkeep
|turn|2
|
|t:|1779845721
|move|p2a: Deoxys|Spikes|p1a: Malamar
|-sidestart|p1: skimmelk|Spikes
|move|p1a: Malamar|Knock Off|p2a: Deoxys
|-supereffective|p2a: Deoxys
|-damage|p2a: Deoxys|39/100
|
|upkeep
|turn|3
|
|t:|1779845730
|move|p2a: Deoxys|Recover|p2a: Deoxys
|-heal|p2a: Deoxys|89/100
|move|p1a: Malamar|Knock Off|p2a: Deoxys
|-supereffective|p2a: Deoxys
|-crit|p2a: Deoxys
|-damage|p2a: Deoxys|51/100
|
|-end|p1a: Malamar|move: Taunt
|upkeep
|turn|4
|
|t:|1779845745
|move|p2a: Deoxys|Spikes|p1a: Malamar
|-sidestart|p1: skimmelk|Spikes
|move|p1a: Malamar|Superpower|p2a: Deoxys
|-resisted|p2a: Deoxys
|-damage|p2a: Deoxys|43/100
|-boost|p1a: Malamar|atk|1
|-boost|p1a: Malamar|def|1
|
|upkeep
|turn|5
|
|t:|1779845754
|move|p2a: Deoxys|Spikes|p1a: Malamar
|-sidestart|p1: skimmelk|Spikes
|move|p1a: Malamar|Superpower|p2a: Deoxys
|-resisted|p2a: Deoxys
|-damage|p2a: Deoxys|31/100
|-boost|p1a: Malamar|atk|1
|-boost|p1a: Malamar|def|1
|
|upkeep
|turn|6
|
|t:|1779845763
|move|p2a: Deoxys|Recover|p2a: Deoxys
|-heal|p2a: Deoxys|81/100
|move|p1a: Malamar|Superpower|p2a: Deoxys
|-resisted|p2a: Deoxys
|-damage|p2a: Deoxys|66/100
|-boost|p1a: Malamar|atk|1
|-boost|p1a: Malamar|def|1
|
|upkeep
|turn|7
|
|t:|1779845773
|move|p2a: Deoxys|Night Shade|p1a: Malamar
|-damage|p1a: Malamar|74/100
|move|p1a: Malamar|Superpower|p2a: Deoxys
|-resisted|p2a: Deoxys
|-damage|p2a: Deoxys|48/100
|-boost|p1a: Malamar|atk|1
|-boost|p1a: Malamar|def|1
|
|-heal|p1a: Malamar|80/100|[from] item: Leftovers
|upkeep
|turn|8
|
|t:|1779845783
|move|p2a: Deoxys|Recover|p2a: Deoxys
|-heal|p2a: Deoxys|98/100
|move|p1a: Malamar|Knock Off|p2a: Deoxys
|-supereffective|p2a: Deoxys
|-damage|p2a: Deoxys|28/100
|
|-heal|p1a: Malamar|86/100|[from] item: Leftovers
|upkeep
|turn|9
|
|t:|1779845805
|switch|p2a: Skarmory|Skarmory, M|100/100
|move|p1a: Malamar|Knock Off|p2a: Skarmory
|-damage|p2a: Skarmory|50/100
|-damage|p1a: Malamar|70/100|[from] item: Rocky Helmet|[of] p2a: Skarmory
|-enditem|p2a: Skarmory|Rocky Helmet|[from] move: Knock Off|[of] p1a: Malamar
|
|-heal|p1a: Malamar|76/100|[from] item: Leftovers
|upkeep
|turn|10
|
|t:|1779845818
|move|p1a: Malamar|Knock Off|p2a: Skarmory
|-damage|p2a: Skarmory|15/100
|move|p2a: Skarmory|Whirlwind|p1a: Malamar
|drag|p1a: Porygon-Z|Porygon-Z, shiny|100/100
|-damage|p1a: Porygon-Z|76/100|[from] Spikes
|
|upkeep
|turn|11
|l| anarchyknife
|j| anarchyknife
|
|t:|1779845842
|move|p1a: Porygon-Z|Tri Attack|p2a: Skarmory
|-resisted|p2a: Skarmory
|-damage|p2a: Skarmory|0 fnt
|faint|p2a: Skarmory
|
|upkeep
|
|t:|1779845861
|switch|p2a: Iron Hands|Iron Hands|100/100
|turn|12
|
|t:|1779845868
|switch|p1a: Sinistcha|Sinistcha|100/100
|move|p2a: Iron Hands|Drain Punch|p1a: Sinistcha
|-immune|p1a: Sinistcha
|
|upkeep
|turn|13
|
|t:|1779845885
|-end|p2a: Iron Hands|Quark Drive|[silent]
|switch|p2a: Staraptor|Staraptor, F|100/100
|move|p1a: Sinistcha|Calm Mind|p1a: Sinistcha
|-boost|p1a: Sinistcha|spa|1
|-boost|p1a: Sinistcha|spd|1
|
|upkeep
|turn|14
|
|t:|1779845906
|switch|p1a: Malamar|Malamar, M|76/100
|-damage|p1a: Malamar|51/100|[from] Spikes
|move|p2a: Staraptor|Brave Bird|p1a: Malamar
|-damage|p1a: Malamar|0 fnt
|faint|p1a: Malamar
|-damage|p2a: Staraptor|81/100|[from] Recoil
|
|upkeep
|j| spenf17
|
|t:|1779845935
|switch|p1a: Dragonite|Dragonite, M|100/100
|turn|15
|
|t:|1779845950
|switch|p2a: Iron Hands|Iron Hands|100/100
|move|p1a: Dragonite|Ice Spinner|p2a: Iron Hands
|-damage|p2a: Iron Hands|81/100
|
|upkeep
|turn|16
|l| spenf17
|
|t:|1779845966
|switch|p1a: Reuniclus|Reuniclus, M, shiny|100/100
|move|p2a: Iron Hands|Ice Punch|p1a: Reuniclus
|-damage|p1a: Reuniclus|69/100
|
|upkeep
|turn|17
|
|t:|1779845984
|-end|p2a: Iron Hands|Quark Drive|[silent]
|switch|p2a: Staraptor|Staraptor, F|81/100
|move|p1a: Reuniclus|Psychic Noise|p2a: Staraptor
|-damage|p2a: Staraptor|0 fnt
|faint|p2a: Staraptor
|
|upkeep
|j| spenf17
|
|t:|1779846003
|switch|p2a: Snorlax|Snorlax, F|100/100
|turn|18
|
|t:|1779846011
|move|p1a: Reuniclus|Knock Off|p2a: Snorlax
|-damage|p2a: Snorlax|87/100
|-enditem|p2a: Snorlax|Leftovers|[from] move: Knock Off|[of] p1a: Reuniclus
|move|p2a: Snorlax|Crunch|p1a: Reuniclus
|-supereffective|p1a: Reuniclus
|-damage|p1a: Reuniclus|25/100
|-unboost|p1a: Reuniclus|def|1
|
|upkeep
|turn|19
|
|t:|1779846061
|-terastallize|p1a: Reuniclus|Fighting
|move|p1a: Reuniclus|Recover|p1a: Reuniclus
|-heal|p1a: Reuniclus|75/100
|move|p2a: Snorlax|Crunch|p1a: Reuniclus
|-resisted|p1a: Reuniclus
|-damage|p1a: Reuniclus|59/100
|-unboost|p1a: Reuniclus|def|1
|
|upkeep
|turn|20
|l| spenf17
|
|t:|1779846073
|move|p1a: Reuniclus|Focus Blast|p2a: Snorlax
|-supereffective|p2a: Snorlax
|-crit|p2a: Snorlax
|-damage|p2a: Snorlax|0 fnt
|faint|p2a: Snorlax
|
|upkeep
|
|t:|1779846090
|switch|p2a: Emboar|Emboar, F|100/100
|-item|p2a: Emboar|Air Balloon
|turn|21
|
|t:|1779846110
|switch|p1a: Dragonite|Dragonite, M|100/100
|move|p2a: Emboar|Superpower|p1a: Dragonite
|-resisted|p1a: Dragonite
|-damage|p1a: Dragonite|84/100
|-unboost|p2a: Emboar|atk|1
|-unboost|p2a: Emboar|def|1
|
|upkeep
|turn|22
|
|t:|1779846137
|move|p1a: Dragonite|Dragon Dance|p1a: Dragonite
|-boost|p1a: Dragonite|atk|1
|-boost|p1a: Dragonite|spe|1
|move|p2a: Emboar|Wild Charge|p1a: Dragonite
|-damage|p1a: Dragonite|52/100
|-damage|p2a: Emboar|94/100|[from] Recoil
|
|upkeep
|turn|23
|
|t:|1779846149
|move|p1a: Dragonite|Dragon Dance|p1a: Dragonite
|-boost|p1a: Dragonite|atk|1
|-boost|p1a: Dragonite|spe|1
|move|p2a: Emboar|Wild Charge|p1a: Dragonite
|-crit|p1a: Dragonite
|-damage|p1a: Dragonite|0 fnt
|faint|p1a: Dragonite
|-damage|p2a: Emboar|84/100|[from] Recoil
|
|upkeep
|
|t:|1779846166
|switch|p1a: Porygon-Z|Porygon-Z, shiny|76/100
|-damage|p1a: Porygon-Z|51/100|[from] Spikes
|turn|24
|
|t:|1779846171
|move|p1a: Porygon-Z|Tri Attack|p2a: Emboar
|-damage|p2a: Emboar|0 fnt
|-enditem|p2a: Emboar|Air Balloon
|faint|p2a: Emboar
|
|upkeep
|
|t:|1779846180
|switch|p2a: Iron Hands|Iron Hands|81/100
|turn|25
|
|t:|1779846188
|move|p1a: Porygon-Z|Tri Attack|p2a: Iron Hands
|-damage|p2a: Iron Hands|25/100
|-status|p2a: Iron Hands|brn
|move|p2a: Iron Hands|Drain Punch|p1a: Porygon-Z
|-supereffective|p1a: Porygon-Z
|-damage|p1a: Porygon-Z|0 fnt
|-heal|p2a: Iron Hands|40/100 brn|[from] drain|[of] p1a: Porygon-Z
|faint|p1a: Porygon-Z
|
|-damage|p2a: Iron Hands|34/100 brn|[from] brn
|upkeep
|
|t:|1779846200
|switch|p1a: Reuniclus|Reuniclus, M, shiny, tera:Fighting|59/100
|turn|26
|
|t:|1779846218
|move|p2a: Iron Hands|Drain Punch|p1a: Reuniclus
|-damage|p1a: Reuniclus|38/100
|-heal|p2a: Iron Hands|43/100 brn|[from] drain|[of] p1a: Reuniclus
|move|p1a: Reuniclus|Recover|p1a: Reuniclus
|-heal|p1a: Reuniclus|88/100
|
|-damage|p2a: Iron Hands|36/100 brn|[from] brn
|upkeep
|turn|27
|
|t:|1779846226
|move|p2a: Iron Hands|Drain Punch|p1a: Reuniclus
|-damage|p1a: Reuniclus|67/100
|-heal|p2a: Iron Hands|45/100 brn|[from] drain|[of] p1a: Reuniclus
|move|p1a: Reuniclus|Psychic Noise|p2a: Iron Hands
|-supereffective|p2a: Iron Hands
|-damage|p2a: Iron Hands|0 fnt
|faint|p2a: Iron Hands
|-end|p2a: Iron Hands|Quark Drive|[silent]
|
|upkeep
|
|t:|1779846235
|switch|p2a: Deoxys|Deoxys-Defense|28/100
|-ability|p2a: Deoxys|Pressure
|turn|28
|
|t:|1779846241
|move|p2a: Deoxys|Recover|p2a: Deoxys
|-heal|p2a: Deoxys|78/100
|move|p1a: Reuniclus|Knock Off|p2a: Deoxys
|-supereffective|p2a: Deoxys
|-damage|p2a: Deoxys|63/100
|
|upkeep
|turn|29
|
|t:|1779846258
|switch|p1a: Sinistcha|Sinistcha|100/100
|move|p2a: Deoxys|Night Shade|p1a: Sinistcha
|-damage|p1a: Sinistcha|72/100
|
|upkeep
|turn|30
|
|t:|1779846266
|move|p2a: Deoxys|Recover|p2a: Deoxys
|-heal|p2a: Deoxys|100/100
|move|p1a: Sinistcha|Calm Mind|p1a: Sinistcha
|-boost|p1a: Sinistcha|spa|1
|-boost|p1a: Sinistcha|spd|1
|
|upkeep
|turn|31
|
|t:|1779846272
|move|p2a: Deoxys|Night Shade|p1a: Sinistcha
|-damage|p1a: Sinistcha|43/100
|move|p1a: Sinistcha|Calm Mind|p1a: Sinistcha
|-boost|p1a: Sinistcha|spa|1
|-boost|p1a: Sinistcha|spd|1
|
|upkeep
|turn|32
|
|t:|1779846280
|move|p2a: Deoxys|Night Shade|p1a: Sinistcha
|-damage|p1a: Sinistcha|14/100
|move|p1a: Sinistcha|Shadow Ball|p2a: Deoxys
|-supereffective|p2a: Deoxys
|-damage|p2a: Deoxys|8/100
|-unboost|p2a: Deoxys|spd|1
|
|upkeep
|turn|33
|
|t:|1779846291
|move|p2a: Deoxys|Night Shade|p1a: Sinistcha
|-damage|p1a: Sinistcha|0 fnt
|faint|p1a: Sinistcha
|
|upkeep
|
|t:|1779846296
|switch|p1a: Gholdengo|Gholdengo|100/100
|-item|p1a: Gholdengo|Air Balloon
|turn|34
|
|t:|1779846301
|move|p1a: Gholdengo|Shadow Ball|p2a: Deoxys
|-supereffective|p2a: Deoxys
|-damage|p2a: Deoxys|0 fnt
|faint|p2a: Deoxys
|
|win|skimmelk
