|j|☆piplupipo
|j|☆belleisabusybee
|t:|1779895087
|gametype|singles
|player|p1|piplupipo|psychicf-gen4|1240
|player|p2|belleisabusybee|elesa|1227
|gen|9
|tier|[Gen 9] OU
|rated|
|rule|HP Percentage Mod: HP is shown in percentages
|rule|Endless Battle Clause: Forcing endless battles is banned
|rule|Species Clause: Limit one of each Pokémon
|rule|OHKO Clause: OHKO moves are banned
|rule|Evasion Items Clause: Evasion items are banned
|rule|Evasion Moves Clause: Evasion moves are banned
|rule|Evasion Abilities Clause: Evasion abilities are banned
|rule|Sleep Moves Clause: Sleep-inducing moves are banned
|clearpoke
|poke|p1|Glimmora, M|
|poke|p1|Hitmonlee, M|
|poke|p1|Eiscue, F|
|poke|p1|Polteageist|
|poke|p1|Klawf, M|
|poke|p1|Veluza, M|
|poke|p2|Ceruledge, M|
|poke|p2|Dondozo, M|
|poke|p2|Ogerpon, F|
|poke|p2|Tyranitar, F|
|poke|p2|Hatterene, F|
|poke|p2|Slowking-Galar, M|
|teampreview
|
|t:|1779895106
|teamsize|p1|6
|teamsize|p2|6
|start
|switch|p1a: Glimmora|Glimmora, M|100/100
|switch|p2a: Slowking|Slowking-Galar, M|100/100
|turn|1
|
|t:|1779895110
|move|p1a: Glimmora|Stealth Rock|p2a: Slowking
|-sidestart|p2: belleisabusybee|move: Stealth Rock
|move|p2a: Slowking|Future Sight|p1a: Glimmora
|-start|p2a: Slowking|move: Future Sight
|
|upkeep
|turn|2
|
|t:|1779895116
|move|p1a: Glimmora|Toxic Spikes|p2a: Slowking
|-sidestart|p2: belleisabusybee|move: Toxic Spikes
|move|p2a: Slowking|Sludge Bomb|p1a: Glimmora
|-resisted|p1a: Glimmora
|-damage|p1a: Glimmora|89/100
|
|upkeep
|turn|3
|
|t:|1779895122
|switch|p1a: Veluza|Veluza, M|100/100
|-prepare|p2a: Slowking|Chilly Reception|[premajor]
|move|p2a: Slowking|Chilly Reception|p2a: Slowking
|-weather|Snowscape
|
|t:|1779895134
|switch|p2a: Ogerpon|Ogerpon, F|100/100|[from] Chilly Reception
|-damage|p2a: Ogerpon|88/100|[from] Stealth Rock
|-status|p2a: Ogerpon|psn
|
|-weather|Snowscape|[upkeep]
|-end|p1a: Veluza|move: Future Sight
|-resisted|p1a: Veluza
|-damage|p1a: Veluza|68/100
|-damage|p2a: Ogerpon|76/100 psn|[from] psn
|upkeep
|turn|4
|
|t:|1779895145
|move|p2a: Ogerpon|Ivy Cudgel|p1a: Veluza
|-supereffective|p1a: Veluza
|-damage|p1a: Veluza|0 fnt
|faint|p1a: Veluza
|
|-weather|Snowscape|[upkeep]
|-damage|p2a: Ogerpon|64/100 psn|[from] psn
|upkeep
|
|t:|1779895151
|switch|p1a: Klawf|Klawf, M|100/100
|turn|5
|
|t:|1779895155
|move|p1a: Klawf|Endure|p1a: Klawf
|-singleturn|p1a: Klawf|move: Endure
|move|p2a: Ogerpon|Ivy Cudgel|p1a: Klawf
|-supereffective|p1a: Klawf
|-activate|p1a: Klawf|move: Endure
|-damage|p1a: Klawf|1/100
|-enditem|p1a: Klawf|Weakness Policy
|-boost|p1a: Klawf|atk|2|[from] item: Weakness Policy
|-boost|p1a: Klawf|spa|2|[from] item: Weakness Policy
|-ability|p1a: Klawf|Anger Shell|boost
|-boost|p1a: Klawf|atk|1
|-boost|p1a: Klawf|spa|1
|-boost|p1a: Klawf|spe|1
|-unboost|p1a: Klawf|def|1
|-unboost|p1a: Klawf|spd|1
|
|-weather|Snowscape|[upkeep]
|-damage|p2a: Ogerpon|51/100 psn|[from] psn
|upkeep
|turn|6
|
|t:|1779895163
|-terastallize|p2a: Ogerpon|Grass
|detailschange|p2a: Ogerpon|Ogerpon-Teal-Tera, F, tera:Grass
|-ability|p2a: Ogerpon|Embody Aspect (Teal)|boost
|-boost|p2a: Ogerpon|spe|1
|move|p2a: Ogerpon|Ivy Cudgel|p1a: Klawf
|-supereffective|p1a: Klawf
|-damage|p1a: Klawf|0 fnt
|faint|p1a: Klawf
|
|-weather|Snowscape|[upkeep]
|-damage|p2a: Ogerpon|39/100 psn|[from] psn
|upkeep
|
|t:|1779895172
|switch|p1a: Eiscue|Eiscue, F|100/100
|turn|7
|
|t:|1779895177
|switch|p2a: Slowking|Slowking-Galar, M|100/100
|-sideend|p2: belleisabusybee|move: Toxic Spikes|[of] p2a: Slowking
|move|p1a: Eiscue|Substitute|p1a: Eiscue
|-start|p1a: Eiscue|Substitute
|-damage|p1a: Eiscue|75/100
|
|-weather|none
|upkeep
|turn|8
|
|t:|1779895182
|move|p1a: Eiscue|Belly Drum|p1a: Eiscue
|-damage|p1a: Eiscue|25/100
|-setboost|p1a: Eiscue|atk|6|[from] move: Belly Drum
|-enditem|p1a: Eiscue|Salac Berry|[eat]
|-boost|p1a: Eiscue|spe|1|[from] item: Salac Berry
|move|p2a: Slowking|Future Sight|p1a: Eiscue
|-start|p2a: Slowking|move: Future Sight
|
|upkeep
|turn|9
|
|t:|1779895190
|move|p1a: Eiscue|Ice Spinner|p2a: Slowking
|-damage|p2a: Slowking|0 fnt
|faint|p2a: Slowking
|
|upkeep
|
|t:|1779895195
|switch|p2a: Dondozo|Dondozo, M|100/100
|-damage|p2a: Dondozo|88/100|[from] Stealth Rock
|turn|10
|
|t:|1779895200
|move|p1a: Eiscue|Reversal|p2a: Dondozo
|-damage|p2a: Dondozo|80/100
|move|p2a: Dondozo|Curse|p2a: Dondozo
|-unboost|p2a: Dondozo|spe|1
|-boost|p2a: Dondozo|atk|1
|-boost|p2a: Dondozo|def|1
|
|-end|p1a: Eiscue|move: Future Sight
|-end|p1a: Eiscue|Substitute
|-heal|p2a: Dondozo|86/100|[from] item: Leftovers
|upkeep
|turn|11
|
|t:|1779895210
|switch|p1a: Polteageist|Polteageist|100/100
|move|p2a: Dondozo|Waterfall|p1a: Polteageist
|-damage|p1a: Polteageist|28/100
|-ability|p1a: Polteageist|Weak Armor|boost
|-unboost|p1a: Polteageist|def|1
|-boost|p1a: Polteageist|spe|2
|
|-heal|p2a: Dondozo|92/100|[from] item: Leftovers
|upkeep
|turn|12
|
|t:|1779895217
|move|p1a: Polteageist|Giga Drain|p2a: Dondozo
|-supereffective|p2a: Dondozo
|-damage|p2a: Dondozo|32/100
|-heal|p1a: Polteageist|86/100|[from] drain|[of] p2a: Dondozo
|move|p2a: Dondozo|Waterfall|p1a: Polteageist
|-damage|p1a: Polteageist|5/100
|-ability|p1a: Polteageist|Weak Armor|boost
|-unboost|p1a: Polteageist|def|1
|-boost|p1a: Polteageist|spe|2
|
|-heal|p2a: Dondozo|38/100|[from] item: Leftovers
|upkeep
|turn|13
|
|t:|1779895230
|switch|p2a: Hatterene|Hatterene, F|100/100
|-damage|p2a: Hatterene|88/100|[from] Stealth Rock
|move|p1a: Polteageist|Giga Drain|p2a: Hatterene
|-damage|p2a: Hatterene|58/100
|-heal|p1a: Polteageist|23/100|[from] drain|[of] p2a: Hatterene
|
|upkeep
|turn|14
|
|t:|1779895237
|move|p1a: Polteageist|Shadow Ball|p2a: Hatterene
|-supereffective|p2a: Hatterene
|-damage|p2a: Hatterene|0 fnt
|faint|p2a: Hatterene
|
|upkeep
|
|t:|1779895242
|switch|p2a: Ceruledge|Ceruledge, M|100/100
|-damage|p2a: Ceruledge|76/100|[from] Stealth Rock
|turn|15
|
|t:|1779895247
|switch|p1a: Eiscue|Eiscue, F|25/100
|move|p2a: Ceruledge|Shadow Sneak|p1a: Eiscue
|-activate|p1a: Eiscue|ability: Ice Face
|-damage|p1a: Eiscue|25/100
|detailschange|p1a: Eiscue|Eiscue-Noice, F
|
|upkeep
|turn|16
|
|t:|1779895252
|move|p2a: Ceruledge|Shadow Sneak|p1a: Eiscue
|-damage|p1a: Eiscue|0 fnt
|faint|p1a: Eiscue
|
|upkeep
|
|t:|1779895258
|switch|p1a: Glimmora|Glimmora, M|89/100
|turn|17
|
|t:|1779895270
|switch|p2a: Dondozo|Dondozo, M|38/100
|-damage|p2a: Dondozo|25/100|[from] Stealth Rock
|move|p1a: Glimmora|Power Gem|p2a: Dondozo
|-damage|p2a: Dondozo|0 fnt
|faint|p2a: Dondozo
|
|upkeep
|
|t:|1779895276
|switch|p2a: Ogerpon|Ogerpon-Teal-Tera, F, tera:Grass|39/100 psn
|-damage|p2a: Ogerpon|27/100 psn|[from] Stealth Rock
|-ability|p2a: Ogerpon|Embody Aspect (Teal)|boost
|-boost|p2a: Ogerpon|spe|1
|turn|18
|
|t:|1779895285
|move|p2a: Ogerpon|Ivy Cudgel|p1a: Glimmora
|-crit|p1a: Glimmora
|-damage|p1a: Glimmora|0 fnt
|-activate|p1a: Glimmora|ability: Toxic Debris
|-sidestart|p2: belleisabusybee|move: Toxic Spikes
|faint|p1a: Glimmora
|
|-damage|p2a: Ogerpon|14/100 psn|[from] psn
|upkeep
|
|t:|1779895292
|switch|p1a: Hitmonlee|Hitmonlee, M|100/100
|turn|19
|
|t:|1779895301
|move|p1a: Hitmonlee|Endure|p1a: Hitmonlee
|-singleturn|p1a: Hitmonlee|move: Endure
|move|p2a: Ogerpon|Ivy Cudgel|p1a: Hitmonlee
|-activate|p1a: Hitmonlee|move: Endure
|-damage|p1a: Hitmonlee|1/100
|-enditem|p1a: Hitmonlee|Liechi Berry|[eat]
|-boost|p1a: Hitmonlee|atk|1|[from] item: Liechi Berry
|
|-damage|p2a: Ogerpon|2/100 psn|[from] psn
|upkeep
|turn|20
|
|t:|1779895309
|move|p1a: Hitmonlee|Reversal|p2a: Ogerpon
|-damage|p2a: Ogerpon|0 fnt
|faint|p2a: Ogerpon
|detailschange|p2: Ogerpon|Ogerpon, F|[silent]
|
|upkeep
|
|t:|1779895315
|switch|p2a: Ceruledge|Ceruledge, M|76/100
|-damage|p2a: Ceruledge|51/100|[from] Stealth Rock
|-status|p2a: Ceruledge|psn
|turn|21
|-message|piplupipo forfeited.
|
|win|belleisabusybee
|raw|piplupipo's rating: 1240 &rarr; <strong>1214</strong><br />(-26 for losing)
|raw|belleisabusybee's rating: 1227 &rarr; <strong>1253</strong><br />(+26 for winning)
|l|☆piplupipo
|player|p1|
|l|☆belleisabusybee
|player|p2|
