|j|☆go faster ffs
|j|☆mabye a lucario
|t:|1779928654
|gametype|singles
|player|p1|go faster ffs|169|1242
|player|p2|mabye a lucario|n|1278
|gen|9
|tier|[Gen 9] OU
|rated|
|rule|HP Percentage Mod: HP is shown in percentages
|rule|Endless Battle Clause: Forcing endless battles is banned
|rule|Species Clause: Limit one of each Pokémon
|rule|OHKO Clause: OHKO moves are banned
|rule|Evasion Items Clause: Evasion items are banned
|rule|Evasion Moves Clause: Evasion moves are banned
|rule|Evasion Abilities Clause: Evasion abilities are banned
|rule|Sleep Moves Clause: Sleep-inducing moves are banned
|clearpoke
|poke|p1|Quaquaval, M|
|poke|p1|Glimmora, F|
|poke|p1|Blissey, F|
|poke|p1|Scizor, M|
|poke|p1|Toxapex, F|
|poke|p1|Dusknoir, F|
|poke|p2|Darkrai|
|poke|p2|Zamazenta-*|
|poke|p2|Slowking-Galar, F|
|poke|p2|Landorus-Therian, M|
|poke|p2|Gholdengo|
|poke|p2|Blaziken, M|
|teampreview
|
|t:|1779928667
|teamsize|p1|6
|teamsize|p2|6
|start
|switch|p1a: Scizor|Scizor, M|100/100
|switch|p2a: Gholdengo|Gholdengo|100/100
|turn|1
|
|t:|1779928673
|switch|p2a: Landorus|Landorus-Therian, M|100/100
|-ability|p2a: Landorus|Intimidate|boost
|-unboost|p1a: Scizor|atk|1
|move|p1a: Scizor|Knock Off|p2a: Landorus
|-damage|p2a: Landorus|60/100
|-enditem|p2a: Landorus|Heavy-Duty Boots|[from] move: Knock Off|[of] p1a: Scizor
|
|upkeep
|turn|2
|
|t:|1779928680
|move|p2a: Landorus|Stealth Rock|p1a: Scizor
|-sidestart|p1: go faster ffs|move: Stealth Rock
|move|p1a: Scizor|Knock Off|p2a: Landorus
|-damage|p2a: Landorus|34/100
|
|upkeep
|turn|3
|
|t:|1779928683
|move|p2a: Landorus|U-turn|p1a: Scizor
|-resisted|p1a: Scizor
|-damage|p1a: Scizor|88/100
|
|t:|1779928687
|switch|p2a: Blaziken|Blaziken, M|100/100|[from] U-turn
|move|p1a: Scizor|Knock Off|p2a: Blaziken
|-resisted|p2a: Blaziken
|-damage|p2a: Blaziken|74/100
|-enditem|p2a: Blaziken|Heavy-Duty Boots|[from] move: Knock Off|[of] p1a: Scizor
|
|upkeep
|turn|4
|inactive|Battle timer is ON: inactive players will automatically lose when time's up. (requested by go faster ffs)
|
|t:|1779928696
|switch|p1a: Toxapex|Toxapex, F|100/100
|-damage|p1a: Toxapex|88/100|[from] Stealth Rock
|move|p2a: Blaziken|Flare Blitz|p1a: Toxapex
|-resisted|p1a: Toxapex
|-damage|p1a: Toxapex|67/100
|-damage|p2a: Blaziken|67/100|[from] Recoil
|
|-heal|p1a: Toxapex|74/100|[from] item: Leftovers
|-ability|p2a: Blaziken|Speed Boost|boost
|-boost|p2a: Blaziken|spe|1
|upkeep
|turn|5
|
|t:|1779928702
|move|p2a: Blaziken|Swords Dance|p2a: Blaziken
|-boost|p2a: Blaziken|atk|2
|move|p1a: Toxapex|Infestation|p2a: Blaziken
|-resisted|p2a: Blaziken
|-damage|p2a: Blaziken|66/100
|-activate|p2a: Blaziken|move: Infestation|[of] p1a: Toxapex
|
|-heal|p1a: Toxapex|80/100|[from] item: Leftovers
|-damage|p2a: Blaziken|54/100|[from] move: Infestation|[partiallytrapped]
|-ability|p2a: Blaziken|Speed Boost|boost
|-boost|p2a: Blaziken|spe|1
|upkeep
|turn|6
|
|t:|1779928704
|move|p2a: Blaziken|Earthquake|p1a: Toxapex
|-supereffective|p1a: Toxapex
|-damage|p1a: Toxapex|0 fnt
|faint|p1a: Toxapex
|
|-end|p2a: Blaziken|Infestation|[partiallytrapped]|[silent]
|-ability|p2a: Blaziken|Speed Boost|boost
|-boost|p2a: Blaziken|spe|1
|upkeep
|
|t:|1779928709
|switch|p1a: Quaquaval|Quaquaval, M|100/100
|turn|7
|
|t:|1779928711
|move|p1a: Quaquaval|Aqua Jet|p2a: Blaziken
|-supereffective|p2a: Blaziken
|-damage|p2a: Blaziken|0 fnt
|faint|p2a: Blaziken
|-ability|p1a: Quaquaval|Moxie|boost
|-boost|p1a: Quaquaval|atk|1
|
|upkeep
|
|t:|1779928722
|switch|p2a: Zamazenta|Zamazenta|100/100
|-ability|p2a: Zamazenta|Dauntless Shield|boost
|-boost|p2a: Zamazenta|def|1
|turn|8
|
|t:|1779928725
|switch|p1a: Dusknoir|Dusknoir, F|100/100
|-damage|p1a: Dusknoir|88/100|[from] Stealth Rock
|-ability|p1a: Dusknoir|Pressure
|move|p2a: Zamazenta|Body Press|p1a: Dusknoir
|-immune|p1a: Dusknoir
|
|upkeep
|turn|9
|
|t:|1779928728
|move|p2a: Zamazenta|Heavy Slam|p1a: Dusknoir
|-damage|p1a: Dusknoir|80/100
|move|p1a: Dusknoir|Trick|p2a: Zamazenta
|-activate|p1a: Dusknoir|move: Trick|[of] p2a: Zamazenta
|-item|p2a: Zamazenta|Choice Scarf|[from] move: Trick
|-item|p1a: Dusknoir|Leftovers|[from] move: Trick
|
|-heal|p1a: Dusknoir|87/100|[from] item: Leftovers
|upkeep
|turn|10
|
|t:|1779928738
|switch|p2a: Darkrai|Darkrai, shiny|100/100
|move|p1a: Dusknoir|Will-O-Wisp|p2a: Darkrai|[miss]
|-miss|p1a: Dusknoir|p2a: Darkrai
|
|-heal|p1a: Dusknoir|93/100|[from] item: Leftovers
|upkeep
|turn|11
|
|t:|1779928750
|switch|p1a: Blissey|Blissey, F|100/100
|-damage|p1a: Blissey|88/100|[from] Stealth Rock
|move|p2a: Darkrai|Dark Pulse|p1a: Blissey
|-damage|p1a: Blissey|73/100
|
|-heal|p1a: Blissey|79/100|[from] item: Leftovers
|upkeep
|turn|12
|
|t:|1779928754
|move|p2a: Darkrai|Nasty Plot|p2a: Darkrai
|-boost|p2a: Darkrai|spa|2
|move|p1a: Blissey|Seismic Toss|p2a: Darkrai
|-damage|p2a: Darkrai|65/100
|
|-heal|p1a: Blissey|86/100|[from] item: Leftovers
|upkeep
|turn|13
|
|t:|1779928764
|move|p2a: Darkrai|Focus Blast|p1a: Blissey
|-supereffective|p1a: Blissey
|-damage|p1a: Blissey|42/100
|move|p1a: Blissey|Seismic Toss|p2a: Darkrai
|-damage|p2a: Darkrai|30/100
|
|-heal|p1a: Blissey|48/100|[from] item: Leftovers
|upkeep
|turn|14
|
|t:|1779928776
|switch|p2a: Zamazenta|Zamazenta|100/100
|move|p1a: Blissey|Soft-Boiled|p1a: Blissey
|-heal|p1a: Blissey|98/100
|
|-heal|p1a: Blissey|100/100|[from] item: Leftovers
|upkeep
|turn|15
|
|t:|1779928779
|switch|p1a: Dusknoir|Dusknoir, F|93/100
|-damage|p1a: Dusknoir|80/100|[from] Stealth Rock
|-ability|p1a: Dusknoir|Pressure
|move|p2a: Zamazenta|Body Press|p1a: Dusknoir
|-immune|p1a: Dusknoir
|
|-heal|p1a: Dusknoir|87/100|[from] item: Leftovers
|upkeep
|turn|16
|
|t:|1779928787
|switch|p2a: Landorus|Landorus-Therian, M|34/100
|-ability|p2a: Landorus|Intimidate|boost
|-unboost|p1a: Dusknoir|atk|1
|move|p1a: Dusknoir|Will-O-Wisp|p2a: Landorus
|-status|p2a: Landorus|brn
|
|-heal|p1a: Dusknoir|93/100|[from] item: Leftovers
|-damage|p2a: Landorus|28/100 brn|[from] brn
|upkeep
|turn|17
|
|t:|1779928795
|move|p2a: Landorus|U-turn|p1a: Dusknoir
|-resisted|p1a: Dusknoir
|-damage|p1a: Dusknoir|89/100
|
|t:|1779928797
|switch|p2a: Slowking|Slowking-Galar, F|100/100|[from] U-turn
|move|p1a: Dusknoir|Night Shade|p2a: Slowking
|-damage|p2a: Slowking|75/100
|
|-heal|p1a: Dusknoir|95/100|[from] item: Leftovers
|-heal|p2a: Slowking|81/100|[from] item: Leftovers
|upkeep
|turn|18
|
|t:|1779928809
|move|p1a: Dusknoir|Will-O-Wisp|p2a: Slowking
|-status|p2a: Slowking|brn
|move|p2a: Slowking|Future Sight|p1a: Dusknoir
|-start|p2a: Slowking|move: Future Sight
|
|-heal|p1a: Dusknoir|100/100|[from] item: Leftovers
|-heal|p2a: Slowking|87/100 brn|[from] item: Leftovers
|-damage|p2a: Slowking|81/100 brn|[from] brn
|upkeep
|turn|19
|
|t:|1779928815
|move|p1a: Dusknoir|Night Shade|p2a: Slowking
|-damage|p2a: Slowking|56/100 brn
|move|p2a: Slowking|Thunder Wave|p1a: Dusknoir
|-status|p1a: Dusknoir|par
|
|-heal|p2a: Slowking|62/100 brn|[from] item: Leftovers
|-damage|p2a: Slowking|56/100 brn|[from] brn
|upkeep
|turn|20
|
|t:|1779928820
|switch|p1a: Blissey|Blissey, F|100/100
|-damage|p1a: Blissey|88/100|[from] Stealth Rock
|move|p2a: Slowking|Slack Off|p2a: Slowking
|-heal|p2a: Slowking|100/100 brn
|
|-end|p1a: Blissey|move: Future Sight
|-damage|p1a: Blissey|75/100
|-heal|p1a: Blissey|81/100|[from] item: Leftovers
|-damage|p2a: Slowking|94/100 brn|[from] brn
|upkeep
|turn|21
|
|t:|1779928828
|move|p1a: Blissey|Shadow Ball|p2a: Slowking
|-supereffective|p2a: Slowking
|-crit|p2a: Slowking
|-damage|p2a: Slowking|71/100 brn
|-unboost|p2a: Slowking|spd|1
|move|p2a: Slowking|Thunder Wave|p1a: Blissey
|-status|p1a: Blissey|par
|
|-heal|p2a: Slowking|77/100 brn|[from] item: Leftovers
|-heal|p1a: Blissey|87/100 par|[from] item: Leftovers
|-damage|p2a: Slowking|71/100 brn|[from] brn
|upkeep
|turn|22
|
|t:|1779928834
|move|p2a: Slowking|Future Sight|p1a: Blissey
|-start|p2a: Slowking|move: Future Sight
|move|p1a: Blissey|Shadow Ball|p2a: Slowking
|-supereffective|p2a: Slowking
|-damage|p2a: Slowking|44/100 brn
|
|-heal|p2a: Slowking|50/100 brn|[from] item: Leftovers
|-heal|p1a: Blissey|93/100 par|[from] item: Leftovers
|-damage|p2a: Slowking|44/100 brn|[from] brn
|upkeep
|turn|23
|
|t:|1779928844
|switch|p2a: Gholdengo|Gholdengo|100/100
|move|p1a: Blissey|Heal Bell|p1a: Blissey
|-activate|p1a: Blissey|move: Heal Bell
|-curestatus|p1a: Blissey|par|[msg]
|-curestatus|p1: Dusknoir|par|[msg]
|
|-heal|p1a: Blissey|99/100|[from] item: Leftovers
|upkeep
|turn|24
|
|t:|1779928847
|move|p2a: Gholdengo|Psyshock|p1a: Blissey
|-damage|p1a: Blissey|12/100
|move|p1a: Blissey|Shadow Ball|p2a: Gholdengo
|-supereffective|p2a: Gholdengo
|-damage|p2a: Gholdengo|64/100
|-unboost|p2a: Gholdengo|spd|1
|
|-end|p1a: Blissey|move: Future Sight
|-damage|p1a: Blissey|0 fnt
|faint|p1a: Blissey
|upkeep
|
|t:|1779928859
|switch|p1a: Scizor|Scizor, M|88/100
|-damage|p1a: Scizor|76/100|[from] Stealth Rock
|turn|25
|
|t:|1779928870
|switch|p2a: Landorus|Landorus-Therian, M|28/100 brn
|-ability|p2a: Landorus|Intimidate|boost
|-unboost|p1a: Scizor|atk|1
|move|p1a: Scizor|Knock Off|p2a: Landorus
|-crit|p2a: Landorus
|-damage|p2a: Landorus|0 fnt
|faint|p2a: Landorus
|
|upkeep
|
|t:|1779928876
|switch|p2a: Darkrai|Darkrai, shiny|30/100
|turn|26
|
|t:|1779928888
|-terastallize|p2a: Darkrai|Poison
|move|p2a: Darkrai|Focus Blast|p1a: Scizor
|-damage|p1a: Scizor|22/100
|move|p1a: Scizor|Knock Off|p2a: Darkrai
|-damage|p2a: Darkrai|0 fnt
|-enditem|p2a: Darkrai|Black Glasses|[from] move: Knock Off|[of] p1a: Scizor
|faint|p2a: Darkrai
|
|upkeep
|
|t:|1779928896
|switch|p2a: Slowking|Slowking-Galar, F|77/100 brn
|turn|27
|
|t:|1779928900
|move|p1a: Scizor|Knock Off|p2a: Slowking
|-supereffective|p2a: Slowking
|-crit|p2a: Slowking
|-damage|p2a: Slowking|0 fnt
|-enditem|p2a: Slowking|Leftovers|[from] move: Knock Off|[of] p1a: Scizor
|faint|p2a: Slowking
|
|upkeep
|
|t:|1779928907
|switch|p2a: Gholdengo|Gholdengo|64/100
|turn|28
|
|t:|1779928909
|move|p2a: Gholdengo|Make It Rain|p1a: Scizor
|-resisted|p1a: Scizor
|-damage|p1a: Scizor|0 fnt
|-unboost|p2a: Gholdengo|spa|1
|faint|p1a: Scizor
|
|upkeep
|
|t:|1779928913
|switch|p1a: Glimmora|Glimmora, F|100/100
|-damage|p1a: Glimmora|88/100|[from] Stealth Rock
|turn|29
|
|t:|1779928915
|move|p1a: Glimmora|Earth Power|p2a: Gholdengo
|-supereffective|p2a: Gholdengo
|-damage|p2a: Gholdengo|0 fnt
|faint|p2a: Gholdengo
|
|upkeep
|
|t:|1779928919
|switch|p2a: Zamazenta|Zamazenta|100/100
|turn|30
|
|t:|1779928922
|switch|p1a: Dusknoir|Dusknoir, F|100/100
|-damage|p1a: Dusknoir|88/100|[from] Stealth Rock
|-ability|p1a: Dusknoir|Pressure
|move|p2a: Zamazenta|Heavy Slam|p1a: Dusknoir
|-damage|p1a: Dusknoir|81/100
|
|-heal|p1a: Dusknoir|87/100|[from] item: Leftovers
|upkeep
|turn|31
|
|t:|1779928930
|move|p2a: Zamazenta|Heavy Slam|p1a: Dusknoir
|-damage|p1a: Dusknoir|80/100
|move|p1a: Dusknoir|Will-O-Wisp|p2a: Zamazenta
|-status|p2a: Zamazenta|brn
|
|-heal|p1a: Dusknoir|86/100|[from] item: Leftovers
|-damage|p2a: Zamazenta|94/100 brn|[from] brn
|upkeep
|turn|32
|
|t:|1779928933
|move|p2a: Zamazenta|Heavy Slam|p1a: Dusknoir
|-damage|p1a: Dusknoir|82/100
|move|p1a: Dusknoir|Night Shade|p2a: Zamazenta
|-damage|p2a: Zamazenta|69/100 brn
|
|-heal|p1a: Dusknoir|89/100|[from] item: Leftovers
|-damage|p2a: Zamazenta|62/100 brn|[from] brn
|upkeep
|turn|33
|
|t:|1779928936
|move|p2a: Zamazenta|Heavy Slam|p1a: Dusknoir
|-damage|p1a: Dusknoir|85/100
|move|p1a: Dusknoir|Night Shade|p2a: Zamazenta
|-damage|p2a: Zamazenta|37/100 brn
|
|-heal|p1a: Dusknoir|91/100|[from] item: Leftovers
|-damage|p2a: Zamazenta|30/100 brn|[from] brn
|upkeep
|turn|34
|c|☆go faster ffs|gg
|inactive|mabye a lucario has 120 seconds left.
|inactive|mabye a lucario has 90 seconds left.
|l|☆mabye a lucario
|inactive|mabye a lucario disconnected and has a minute to reconnect!
|player|p2|
|inactive|mabye a lucario has 30 seconds to reconnect!
|inactive|mabye a lucario has 20 seconds to reconnect!
|inactive|mabye a lucario has 15 seconds to reconnect!
|inactive|mabye a lucario has 10 seconds to reconnect!
|inactive|mabye a lucario has 5 seconds to reconnect!
|j|☆mabye a lucario
|inactive|mabye a lucario reconnected and has 30 seconds left.
|player|p2|mabye a lucario|n|
|l|☆mabye a lucario
|inactive|mabye a lucario disconnected and has a minute to reconnect!
|player|p2|
|inactive|mabye a lucario has 20 seconds left.
|inactive|mabye a lucario has 15 seconds left.
|inactive|mabye a lucario has 10 seconds left.
|inactive|mabye a lucario has 5 seconds left.
|-message|mabye a lucario lost due to inactivity.
|
|win|go faster ffs
|raw|go faster ffs's rating: 1263 &rarr; <strong>1289</strong><br />(+26 for winning)
|raw|mabye a lucario's rating: 1278 &rarr; <strong>1252</strong><br />(-26 for losing)
|j|☆mabye a lucario
|player|p2|mabye a lucario|n|
