|j|☆Gunkip
|j|☆IFreakingluvStall
|t:|1779936835
|gametype|singles
|player|p1|Gunkip|misty|1754
|player|p2|IFreakingluvStall|wattson|1742
|gen|9
|tier|[Gen 9] OU
|rated|
|rule|HP Percentage Mod: HP is shown in percentages
|rule|Endless Battle Clause: Forcing endless battles is banned
|rule|Species Clause: Limit one of each Pokémon
|rule|OHKO Clause: OHKO moves are banned
|rule|Evasion Items Clause: Evasion items are banned
|rule|Evasion Moves Clause: Evasion moves are banned
|rule|Evasion Abilities Clause: Evasion abilities are banned
|rule|Sleep Moves Clause: Sleep-inducing moves are banned
|clearpoke
|poke|p1|Samurott-Hisui, M|
|poke|p1|Dragonite, F|
|poke|p1|Kingambit, F|
|poke|p1|Iron Moth|
|poke|p1|Iron Valiant|
|poke|p1|Moltres-Galar|
|poke|p2|Dondozo, F|
|poke|p2|Blissey, F|
|poke|p2|Corviknight, F|
|poke|p2|Weezing-Galar, F|
|poke|p2|Gliscor, M|
|poke|p2|Alomomola, M|
|teampreview
|inactive|Battle timer is ON: inactive players will automatically lose when time's up. (requested by IFreakingluvStall)
|
|t:|1779936856
|teamsize|p1|6
|teamsize|p2|6
|start
|switch|p1a: fight the power|Iron Valiant|100/100
|switch|p2a: Alomomola|Alomomola, M|100/100
|-enditem|p1a: fight the power|Booster Energy
|-activate|p1a: fight the power|ability: Quark Drive|[fromitem]
|-start|p1a: fight the power|quarkdrivespe
|turn|1
|
|t:|1779936863
|move|p2a: Alomomola|Protect|p2a: Alomomola
|-singleturn|p2a: Alomomola|Protect
|move|p1a: fight the power|Knock Off|p2a: Alomomola
|-activate|p2a: Alomomola|move: Protect
|
|upkeep
|turn|2
|
|t:|1779936868
|move|p1a: fight the power|Knock Off|p2a: Alomomola
|-damage|p2a: Alomomola|84/100
|-enditem|p2a: Alomomola|Heavy-Duty Boots|[from] move: Knock Off|[of] p1a: fight the power
|move|p2a: Alomomola|Scald|p1a: fight the power
|-damage|p1a: fight the power|73/100
|
|upkeep
|turn|3
|
|t:|1779936881
|-end|p1a: fight the power|Quark Drive|[silent]
|switch|p1a: 90% accurate|Samurott-Hisui, M|100/100
|move|p2a: Alomomola|Protect||[still]
|-fail|p2a: Alomomola
|
|upkeep
|turn|4
|
|t:|1779936883
|move|p1a: 90% accurate|Ceaseless Edge|p2a: Alomomola
|-damage|p2a: Alomomola|60/100
|-sidestart|p2: IFreakingluvStall|Spikes
|move|p2a: Alomomola|Scald|p1a: 90% accurate
|-resisted|p1a: 90% accurate
|-damage|p1a: 90% accurate|91/100
|
|upkeep
|turn|5
|
|t:|1779936892
|move|p1a: 90% accurate|Ceaseless Edge|p2a: Alomomola
|-damage|p2a: Alomomola|34/100
|-sidestart|p2: IFreakingluvStall|Spikes
|move|p2a: Alomomola|Scald|p1a: 90% accurate
|-resisted|p1a: 90% accurate
|-damage|p1a: 90% accurate|82/100
|
|upkeep
|turn|6
|
|t:|1779936900
|move|p1a: 90% accurate|Ceaseless Edge|p2a: Alomomola|[miss]
|-miss|p1a: 90% accurate|p2a: Alomomola
|move|p2a: Alomomola|Wish|p2a: Alomomola
|
|upkeep
|turn|7
|j| nesnot
|
|t:|1779936904
|move|p2a: Alomomola|Protect|p2a: Alomomola
|-singleturn|p2a: Alomomola|Protect
|move|p1a: 90% accurate|Ceaseless Edge|p2a: Alomomola
|-activate|p2a: Alomomola|move: Protect
|
|-heal|p2a: Alomomola|84/100|[from] move: Wish|[wisher] Alomomola
|upkeep
|turn|8
|
|t:|1779936906
|move|p1a: 90% accurate|Ceaseless Edge|p2a: Alomomola
|-damage|p2a: Alomomola|56/100
|-sidestart|p2: IFreakingluvStall|Spikes
|move|p2a: Alomomola|Scald|p1a: 90% accurate
|-resisted|p1a: 90% accurate
|-damage|p1a: 90% accurate|72/100
|
|upkeep
|turn|9
|
|t:|1779936913
|switch|p1a: bird is the word|Moltres-Galar|100/100
|move|p2a: Alomomola|Wish|p2a: Alomomola
|
|upkeep
|turn|10
|
|t:|1779936926
|switch|p2a: Corviknight|Corviknight, F|100/100
|-ability|p2a: Corviknight|Pressure
|move|p1a: bird is the word|Nasty Plot|p1a: bird is the word
|-boost|p1a: bird is the word|spa|2
|
|upkeep
|turn|11
|
|t:|1779936938
|switch|p2a: Blissey|Blissey, F|100/100
|-damage|p2a: Blissey|76/100|[from] Spikes
|move|p1a: bird is the word|Fiery Wrath|p2a: Blissey
|-damage|p2a: Blissey|51/100
|
|upkeep
|turn|12
|
|t:|1779936949
|move|p1a: bird is the word|Hurricane|p2a: Blissey|[miss]
|-miss|p1a: bird is the word|p2a: Blissey
|move|p2a: Blissey|Soft-Boiled|p2a: Blissey
|-heal|p2a: Blissey|100/100
|
|upkeep
|turn|13
|
|t:|1779936966
|switch|p1a: 90% accurate|Samurott-Hisui, M|72/100
|move|p2a: Blissey|Thunder Wave|p1a: 90% accurate
|-status|p1a: 90% accurate|par
|
|upkeep
|turn|14
|
|t:|1779936974
|switch|p2a: Weezing|Weezing-Galar, F|100/100
|-ability|p2a: Weezing|Neutralizing Gas
|move|p1a: 90% accurate|Knock Off|p2a: Weezing
|-resisted|p2a: Weezing
|-damage|p2a: Weezing|85/100
|-enditem|p2a: Weezing|Heavy-Duty Boots|[from] move: Knock Off|[of] p1a: 90% accurate
|
|upkeep
|turn|15
|
|t:|1779936980
|move|p2a: Weezing|Defog|p1a: 90% accurate
|-unboost|p1a: 90% accurate|evasion|1
|-sideend|p2: IFreakingluvStall|Spikes|[from] move: Defog|[of] p2a: Weezing
|cant|p1a: 90% accurate|par
|
|upkeep
|turn|16
|
|t:|1779936995
|move|p2a: Weezing|Will-O-Wisp||[still]
|-fail|p2a: Weezing
|cant|p1a: 90% accurate|par
|
|upkeep
|turn|17
|j| XylerTheCreature
|
|t:|1779937000
|move|p2a: Weezing|Sludge Bomb|p1a: 90% accurate
|-damage|p1a: 90% accurate|34/100 par
|move|p1a: 90% accurate|Ceaseless Edge|p2a: Weezing|[miss]
|-miss|p1a: 90% accurate|p2a: Weezing
|
|upkeep
|turn|18
|
|t:|1779937005
|move|p2a: Weezing|Sludge Bomb|p1a: 90% accurate
|-damage|p1a: 90% accurate|0 fnt
|faint|p1a: 90% accurate
|
|upkeep
|
|t:|1779937022
|switch|p1a: tony soprano|Kingambit, F|100/100
|-item|p1a: tony soprano|Air Balloon
|turn|19
|
|t:|1779937032
|-end|p2a: Weezing|ability: Neutralizing Gas
|-activate|p1a: tony soprano|ability: Supreme Overlord
|-start|p1a: tony soprano|fallen1|[silent]
|switch|p2a: Alomomola|Alomomola, M|89/100
|move|p1a: tony soprano|Iron Head|p2a: Alomomola
|-resisted|p2a: Alomomola
|-damage|p2a: Alomomola|77/100
|
|upkeep
|turn|20
|
|t:|1779937042
|-end|p1a: tony soprano|fallen1|[silent]
|switch|p1a: fight the power|Iron Valiant|73/100
|move|p2a: Alomomola|Scald|p1a: fight the power
|-damage|p1a: fight the power|47/100
|
|upkeep
|turn|21
|l| nesnot
|
|t:|1779937051
|move|p1a: fight the power|Moonblast|p2a: Alomomola
|-crit|p2a: Alomomola
|-damage|p2a: Alomomola|0 fnt
|faint|p2a: Alomomola
|
|upkeep
|
|t:|1779937056
|switch|p2a: Gliscor|Gliscor, M|100/100
|turn|22
|j| nesnot
|
|t:|1779937069
|move|p1a: fight the power|Knock Off|p2a: Gliscor
|-damage|p2a: Gliscor|76/100
|-enditem|p2a: Gliscor|Toxic Orb|[from] move: Knock Off|[of] p1a: fight the power
|move|p2a: Gliscor|Toxic|p1a: fight the power
|-status|p1a: fight the power|tox
|
|-damage|p1a: fight the power|41/100 tox|[from] psn
|upkeep
|turn|23
|
|t:|1779937081
|move|p1a: fight the power|Moonblast|p2a: Gliscor
|-damage|p2a: Gliscor|36/100
|-unboost|p2a: Gliscor|spa|1
|move|p2a: Gliscor|Stealth Rock|p1a: fight the power
|-sidestart|p1: Gunkip|move: Stealth Rock
|
|-damage|p1a: fight the power|29/100 tox|[from] psn
|upkeep
|turn|24
|
|t:|1779937088
|move|p2a: Gliscor|Protect|p2a: Gliscor
|-singleturn|p2a: Gliscor|Protect
|move|p1a: fight the power|Moonblast|p2a: Gliscor
|-activate|p2a: Gliscor|move: Protect
|
|-damage|p1a: fight the power|10/100 tox|[from] psn
|upkeep
|turn|25
|
|t:|1779937092
|switch|p2a: Blissey|Blissey, F|100/100
|move|p1a: fight the power|Moonblast|p2a: Blissey
|-damage|p2a: Blissey|88/100
|
|-damage|p1a: fight the power|0 fnt|[from] psn
|faint|p1a: fight the power
|-end|p1a: fight the power|Quark Drive|[silent]
|upkeep
|
|t:|1779937097
|switch|p1a: feels the aura|Dragonite, F|100/100
|turn|26
|
|t:|1779937105
|switch|p2a: Dondozo|Dondozo, F, shiny|100/100
|move|p1a: feels the aura|Dragon Dance|p1a: feels the aura
|-boost|p1a: feels the aura|atk|1
|-boost|p1a: feels the aura|spe|1
|
|upkeep
|turn|27
|
|t:|1779937109
|move|p1a: feels the aura|Outrage|p2a: Dondozo
|-damage|p2a: Dondozo|57/100
|move|p2a: Dondozo|Curse|p2a: Dondozo
|-unboost|p2a: Dondozo|spe|1
|-boost|p2a: Dondozo|atk|1
|-boost|p2a: Dondozo|def|1
|
|-heal|p2a: Dondozo|63/100|[from] item: Leftovers
|upkeep
|turn|28
|
|t:|1779937117
|switch|p2a: Weezing|Weezing-Galar, F|85/100
|-ability|p2a: Weezing|Neutralizing Gas
|move|p1a: feels the aura|Outrage|p2a: Weezing|[from] lockedmove
|-immune|p2a: Weezing
|-start|p1a: feels the aura|confusion|[fatigue]
|
|upkeep
|turn|29
|
|t:|1779937123
|-end|p2a: Weezing|ability: Neutralizing Gas
|switch|p2a: Corviknight|Corviknight, F|100/100
|-ability|p2a: Corviknight|Pressure
|-activate|p1a: feels the aura|confusion
|-damage|p1a: feels the aura|73/100|[from] confusion
|
|upkeep
|turn|30
|
|t:|1779937141
|-activate|p1a: feels the aura|confusion
|move|p1a: feels the aura|Outrage|p2a: Corviknight
|-resisted|p2a: Corviknight
|-damage|p2a: Corviknight|71/100
|move|p2a: Corviknight|Iron Defense|p2a: Corviknight
|-boost|p2a: Corviknight|def|2
|
|-heal|p2a: Corviknight|78/100|[from] item: Leftovers
|upkeep
|turn|31
|
|t:|1779937144
|-activate|p1a: feels the aura|confusion
|move|p1a: feels the aura|Outrage|p2a: Corviknight|[from] lockedmove
|-resisted|p2a: Corviknight
|-damage|p2a: Corviknight|61/100
|move|p2a: Corviknight|Iron Defense|p2a: Corviknight
|-boost|p2a: Corviknight|def|2
|
|-heal|p2a: Corviknight|68/100|[from] item: Leftovers
|upkeep
|turn|32
|
|t:|1779937148
|-end|p1a: feels the aura|confusion
|move|p1a: feels the aura|Outrage|p2a: Corviknight|[from] lockedmove
|-resisted|p2a: Corviknight
|-damage|p2a: Corviknight|57/100
|-start|p1a: feels the aura|confusion|[fatigue]
|move|p2a: Corviknight|Iron Defense|p2a: Corviknight
|-boost|p2a: Corviknight|def|2
|
|-heal|p2a: Corviknight|63/100|[from] item: Leftovers
|upkeep
|turn|33
|
|t:|1779937160
|-activate|p1a: feels the aura|confusion
|-damage|p1a: feels the aura|46/100|[from] confusion
|move|p2a: Corviknight|Roost|p2a: Corviknight
|-heal|p2a: Corviknight|100/100
|-singleturn|p2a: Corviknight|move: Roost
|
|upkeep
|turn|34
|
|t:|1779937165
|-activate|p1a: feels the aura|confusion
|move|p1a: feels the aura|Outrage|p2a: Corviknight
|-resisted|p2a: Corviknight
|-damage|p2a: Corviknight|93/100
|move|p2a: Corviknight|Body Press|p1a: feels the aura
|-resisted|p1a: feels the aura
|-damage|p1a: feels the aura|0 fnt
|faint|p1a: feels the aura
|
|-heal|p2a: Corviknight|99/100|[from] item: Leftovers
|upkeep
|
|t:|1779937176
|switch|p1a: bird is the word|Moltres-Galar|100/100
|-damage|p1a: bird is the word|76/100|[from] Stealth Rock
|turn|35
|
|t:|1779937179
|-terastallize|p1a: bird is the word|Ghost
|move|p1a: bird is the word|Nasty Plot|p1a: bird is the word
|-boost|p1a: bird is the word|spa|2
|move|p2a: Corviknight|Body Press|p1a: bird is the word
|-immune|p1a: bird is the word
|
|-heal|p2a: Corviknight|100/100|[from] item: Leftovers
|upkeep
|turn|36
|
|t:|1779937184
|switch|p2a: Blissey|Blissey, F|88/100
|move|p1a: bird is the word|Nasty Plot|p1a: bird is the word
|-boost|p1a: bird is the word|spa|2
|
|upkeep
|turn|37
|
|t:|1779937189
|move|p1a: bird is the word|Hurricane|p2a: Blissey|[miss]
|-miss|p1a: bird is the word|p2a: Blissey
|move|p2a: Blissey|Thunder Wave|p1a: bird is the word
|-status|p1a: bird is the word|par
|
|upkeep
|turn|38
|
|t:|1779937191
|move|p2a: Blissey|Calm Mind|p2a: Blissey
|-boost|p2a: Blissey|spa|1
|-boost|p2a: Blissey|spd|1
|cant|p1a: bird is the word|par
|
|upkeep
|turn|39
|
|t:|1779937193
|move|p2a: Blissey|Calm Mind|p2a: Blissey
|-boost|p2a: Blissey|spa|1
|-boost|p2a: Blissey|spd|1
|move|p1a: bird is the word|Nasty Plot|p1a: bird is the word
|-boost|p1a: bird is the word|spa|2
|
|upkeep
|turn|40
|
|t:|1779937198
|move|p2a: Blissey|Calm Mind|p2a: Blissey
|-boost|p2a: Blissey|spa|1
|-boost|p2a: Blissey|spd|1
|cant|p1a: bird is the word|par
|
|upkeep
|turn|41
|j| Seseby
|
|t:|1779937203
|move|p2a: Blissey|Shadow Ball|p1a: bird is the word
|-supereffective|p1a: bird is the word
|-damage|p1a: bird is the word|15/100 par
|-enditem|p1a: bird is the word|Sitrus Berry|[eat]
|-heal|p1a: bird is the word|40/100 par|[from] item: Sitrus Berry
|cant|p1a: bird is the word|par
|
|upkeep
|turn|42
|c|☆Gunkip|holy
|
|t:|1779937215
|move|p2a: Blissey|Shadow Ball|p1a: bird is the word
|-supereffective|p1a: bird is the word
|-damage|p1a: bird is the word|0 fnt
|faint|p1a: bird is the word
|
|upkeep
|
|t:|1779937221
|switch|p1a: tony soprano|Kingambit, F|100/100
|-damage|p1a: tony soprano|94/100|[from] Stealth Rock
|-activate|p1a: tony soprano|ability: Supreme Overlord
|-start|p1a: tony soprano|fallen4|[silent]
|-item|p1a: tony soprano|Air Balloon
|turn|43
|
|t:|1779937235
|switch|p2a: Dondozo|Dondozo, F, shiny|63/100
|move|p1a: tony soprano|Swords Dance|p1a: tony soprano
|-boost|p1a: tony soprano|atk|2
|
|-heal|p2a: Dondozo|69/100|[from] item: Leftovers
|upkeep
|turn|44
|
|t:|1779937241
|-terastallize|p2a: Dondozo|Dark
|move|p1a: tony soprano|Low Kick|p2a: Dondozo
|-supereffective|p2a: Dondozo
|-damage|p2a: Dondozo|0 fnt
|faint|p2a: Dondozo
|
|upkeep
|
|t:|1779937245
|switch|p2a: Corviknight|Corviknight, F|100/100
|-ability|p2a: Corviknight|Pressure
|turn|45
|
|t:|1779937253
|move|p1a: tony soprano|Sucker Punch||[still]
|-fail|p1a: tony soprano
|move|p2a: Corviknight|Iron Defense|p2a: Corviknight
|-boost|p2a: Corviknight|def|2
|
|upkeep
|turn|46
|
|t:|1779937256
|move|p1a: tony soprano|Low Kick|p2a: Corviknight
|-damage|p2a: Corviknight|75/100
|move|p2a: Corviknight|Iron Defense|p2a: Corviknight
|-boost|p2a: Corviknight|def|2
|
|-heal|p2a: Corviknight|81/100|[from] item: Leftovers
|upkeep
|turn|47
|
|t:|1779937260
|move|p1a: tony soprano|Iron Head|p2a: Corviknight
|-resisted|p2a: Corviknight
|-crit|p2a: Corviknight
|-damage|p2a: Corviknight|27/100
|cant|p2a: Corviknight|flinch
|
|-heal|p2a: Corviknight|33/100|[from] item: Leftovers
|upkeep
|turn|48
|
|t:|1779937266
|move|p1a: tony soprano|Swords Dance|p1a: tony soprano
|-boost|p1a: tony soprano|atk|2
|move|p2a: Corviknight|Roost|p2a: Corviknight
|-heal|p2a: Corviknight|83/100
|-singleturn|p2a: Corviknight|move: Roost
|
|-heal|p2a: Corviknight|89/100|[from] item: Leftovers
|upkeep
|turn|49
|
|t:|1779937270
|move|p1a: tony soprano|Swords Dance|p1a: tony soprano
|-boost|p1a: tony soprano|atk|2
|move|p2a: Corviknight|Body Press|p1a: tony soprano
|-supereffective|p1a: tony soprano
|-damage|p1a: tony soprano|0 fnt
|-enditem|p1a: tony soprano|Air Balloon
|faint|p1a: tony soprano
|-end|p1a: tony soprano|fallen4|[silent]
|
|-heal|p2a: Corviknight|96/100|[from] item: Leftovers
|upkeep
|
|t:|1779937271
|switch|p1a: definitely|Iron Moth|100/100
|-damage|p1a: definitely|76/100|[from] Stealth Rock
|-enditem|p1a: definitely|Booster Energy
|-activate|p1a: definitely|ability: Quark Drive|[fromitem]
|-start|p1a: definitely|quarkdrivespe
|turn|50
|
|t:|1779937274
|switch|p2a: Blissey|Blissey, F|88/100
|move|p1a: definitely|Fiery Dance|p2a: Blissey
|-damage|p2a: Blissey|76/100
|
|upkeep
|turn|51
|l| Seseby
|
|t:|1779937278
|move|p1a: definitely|Fiery Dance|p2a: Blissey
|-damage|p2a: Blissey|63/100
|-boost|p1a: definitely|spa|1
|move|p2a: Blissey|Thunder Wave|p1a: definitely
|-status|p1a: definitely|par
|
|upkeep
|turn|52
|
|t:|1779937280
|move|p1a: definitely|Fiery Dance|p2a: Blissey
|-damage|p2a: Blissey|43/100
|move|p2a: Blissey|Soft-Boiled|p2a: Blissey
|-heal|p2a: Blissey|93/100
|
|upkeep
|turn|53
|
|t:|1779937282
|move|p1a: definitely|Fiery Dance|p2a: Blissey
|-damage|p2a: Blissey|76/100
|move|p2a: Blissey|Calm Mind|p2a: Blissey
|-boost|p2a: Blissey|spa|1
|-boost|p2a: Blissey|spd|1
|
|upkeep
|turn|54
|
|t:|1779937284
|move|p1a: definitely|Fiery Dance|p2a: Blissey
|-damage|p2a: Blissey|64/100
|move|p2a: Blissey|Calm Mind|p2a: Blissey
|-boost|p2a: Blissey|spa|1
|-boost|p2a: Blissey|spd|1
|
|upkeep
|turn|55
|
|t:|1779937288
|move|p1a: definitely|Fiery Dance|p2a: Blissey
|-damage|p2a: Blissey|55/100
|-boost|p1a: definitely|spa|1
|move|p2a: Blissey|Shadow Ball|p1a: definitely
|-damage|p1a: definitely|44/100 par
|
|upkeep
|turn|56
|
|t:|1779937289
|cant|p1a: definitely|par
|move|p2a: Blissey|Soft-Boiled|p2a: Blissey
|-heal|p2a: Blissey|100/100
|
|upkeep
|turn|57
|
|t:|1779937292
|move|p1a: definitely|Fiery Dance|p2a: Blissey
|-damage|p2a: Blissey|88/100
|-boost|p1a: definitely|spa|1
|move|p2a: Blissey|Shadow Ball|p1a: definitely
|-damage|p1a: definitely|16/100 par
|
|upkeep
|turn|58
|
|t:|1779937295
|move|p1a: definitely|Fiery Dance|p2a: Blissey
|-damage|p2a: Blissey|74/100
|-boost|p1a: definitely|spa|1
|move|p2a: Blissey|Shadow Ball|p1a: definitely
|-damage|p1a: definitely|0 fnt
|faint|p1a: definitely
|-end|p1a: definitely|Quark Drive|[silent]
|
|win|IFreakingluvStall
|raw|Gunkip's rating: 1754 &rarr; <strong>1733</strong><br />(-21 for losing)
|raw|IFreakingluvStall's rating: 1742 &rarr; <strong>1763</strong><br />(+21 for winning)
|c|☆IFreakingluvStall|gg
|l|☆Gunkip
|player|p1|
|l| XylerTheCreature
|l|☆IFreakingluvStall
|player|p2|
