|j|☆Dumptrunk
|j|☆keifi
|t:|1779959773
|gametype|singles
|player|p1|Dumptrunk|clown|1066
|player|p2|keifi|roxie|1118
|gen|9
|tier|[Gen 9] OU
|rated|
|rule|HP Percentage Mod: HP is shown in percentages
|rule|Endless Battle Clause: Forcing endless battles is banned
|rule|Species Clause: Limit one of each Pokémon
|rule|OHKO Clause: OHKO moves are banned
|rule|Evasion Items Clause: Evasion items are banned
|rule|Evasion Moves Clause: Evasion moves are banned
|rule|Evasion Abilities Clause: Evasion abilities are banned
|rule|Sleep Moves Clause: Sleep-inducing moves are banned
|clearpoke
|poke|p1|Alomomola, F|
|poke|p1|Slowking-Galar, M|
|poke|p1|Porygon-Z|
|poke|p1|Dondozo, M|
|poke|p1|Ogerpon, F|
|poke|p1|Raikou|
|poke|p2|Corviknight, F|
|poke|p2|Great Tusk|
|poke|p2|Dragapult, F|
|poke|p2|Lycanroc, M|
|poke|p2|Quaquaval, F|
|poke|p2|Kingambit, M|
|teampreview
|inactive|Battle timer is ON: inactive players will automatically lose when time's up. (requested by Dumptrunk)
|
|t:|1779959789
|teamsize|p1|6
|teamsize|p2|6
|start
|switch|p1a: Raikou|Raikou|100/100
|switch|p2a: Dragapult|Dragapult, F|100/100
|turn|1
|
|t:|1779959804
|move|p2a: Dragapult|Flamethrower|p1a: Raikou
|-damage|p1a: Raikou|57/100
|move|p1a: Raikou|Volt Switch|p2a: Dragapult
|-resisted|p2a: Dragapult
|-damage|p2a: Dragapult|64/100
|
|t:|1779959811
|switch|p1a: Porygon-Z|Porygon-Z|100/100|[from] Volt Switch
|
|upkeep
|turn|2
|
|t:|1779959820
|move|p2a: Dragapult|Flamethrower|p1a: Porygon-Z
|-damage|p1a: Porygon-Z|58/100
|move|p1a: Porygon-Z|Dark Pulse|p2a: Dragapult
|-supereffective|p2a: Dragapult
|-damage|p2a: Dragapult|0 fnt
|faint|p2a: Dragapult
|-damage|p1a: Porygon-Z|48/100|[from] item: Life Orb
|
|upkeep
|
|t:|1779959826
|switch|p2a: Quaquaval|Quaquaval, F|100/100
|turn|3
|
|t:|1779959833
|move|p2a: Quaquaval|Triple Axel|p1a: Porygon-Z
|-damage|p1a: Porygon-Z|38/100
|-hitcount|p1a: Porygon-Z|1
|move|p1a: Porygon-Z|Discharge|p2a: Quaquaval
|-supereffective|p2a: Quaquaval
|-damage|p2a: Quaquaval|27/100
|-damage|p1a: Porygon-Z|28/100|[from] item: Life Orb
|
|upkeep
|turn|4
|
|t:|1779959839
|move|p2a: Quaquaval|Close Combat|p1a: Porygon-Z
|-supereffective|p1a: Porygon-Z
|-crit|p1a: Porygon-Z
|-damage|p1a: Porygon-Z|0 fnt
|-unboost|p2a: Quaquaval|def|1
|-unboost|p2a: Quaquaval|spd|1
|faint|p1a: Porygon-Z
|-ability|p2a: Quaquaval|Moxie|boost
|-boost|p2a: Quaquaval|atk|1
|
|upkeep
|
|t:|1779959843
|switch|p1a: Alomomola|Alomomola, F|100/100
|turn|5
|
|t:|1779959851
|move|p2a: Quaquaval|Close Combat|p1a: Alomomola
|-crit|p1a: Alomomola
|-damage|p1a: Alomomola|0 fnt
|-unboost|p2a: Quaquaval|def|1
|-unboost|p2a: Quaquaval|spd|1
|faint|p1a: Alomomola
|-ability|p2a: Quaquaval|Moxie|boost
|-boost|p2a: Quaquaval|atk|1
|
|upkeep
|
|t:|1779959854
|switch|p1a: Ogerpon|Ogerpon, F|100/100
|turn|6
|
|t:|1779959866
|move|p1a: Ogerpon|U-turn|p2a: Quaquaval
|-resisted|p2a: Quaquaval
|-damage|p2a: Quaquaval|0 fnt
|faint|p2a: Quaquaval
|
|t:|1779959870
|switch|p1a: Raikou|Raikou|57/100|[from] U-turn
|
|upkeep
|
|t:|1779959876
|switch|p2a: Lycanroc|Lycanroc, M|100/100
|turn|7
|
|t:|1779959884
|move|p2a: Lycanroc|Stealth Rock|p1a: Raikou
|-sidestart|p1: Dumptrunk|move: Stealth Rock
|move|p1a: Raikou|Volt Switch|p2a: Lycanroc
|-damage|p2a: Lycanroc|16/100
|
|t:|1779959886
|switch|p1a: Slowking|Slowking-Galar, M|100/100|[from] Volt Switch
|-damage|p1a: Slowking|88/100|[from] Stealth Rock
|
|upkeep
|turn|8
|
|t:|1779959900
|move|p2a: Lycanroc|Stone Edge|p1a: Slowking
|-damage|p1a: Slowking|46/100
|move|p1a: Slowking|Psychic|p2a: Lycanroc
|-damage|p2a: Lycanroc|0 fnt
|faint|p2a: Lycanroc
|
|upkeep
|
|t:|1779959905
|switch|p2a: Great Tusk|Great Tusk|100/100
|turn|9
|
|t:|1779959909
|move|p2a: Great Tusk|Headlong Rush|p1a: Slowking
|-supereffective|p1a: Slowking
|-damage|p1a: Slowking|0 fnt
|-unboost|p2a: Great Tusk|def|1
|-unboost|p2a: Great Tusk|spd|1
|faint|p1a: Slowking
|
|upkeep
|
|t:|1779959911
|switch|p1a: Ogerpon|Ogerpon, F|100/100
|-damage|p1a: Ogerpon|88/100|[from] Stealth Rock
|turn|10
|
|t:|1779959917
|move|p1a: Ogerpon|Ivy Cudgel|p2a: Great Tusk
|-supereffective|p2a: Great Tusk
|-crit|p2a: Great Tusk
|-damage|p2a: Great Tusk|0 fnt
|faint|p2a: Great Tusk
|-end|p2a: Great Tusk|Protosynthesis|[silent]
|
|upkeep
|
|t:|1779959920
|switch|p2a: Kingambit|Kingambit, M|100/100
|-activate|p2a: Kingambit|ability: Supreme Overlord
|-start|p2a: Kingambit|fallen4|[silent]
|-item|p2a: Kingambit|Air Balloon
|turn|11
|
|t:|1779959926
|-terastallize|p2a: Kingambit|Ghost
|move|p1a: Ogerpon|Ivy Cudgel|p2a: Kingambit
|-damage|p2a: Kingambit|40/100
|-enditem|p2a: Kingambit|Air Balloon
|move|p2a: Kingambit|Swords Dance|p2a: Kingambit
|-boost|p2a: Kingambit|atk|2
|
|upkeep
|turn|12
|
|t:|1779959932
|move|p2a: Kingambit|Sucker Punch|p1a: Ogerpon
|-damage|p1a: Ogerpon|0 fnt
|faint|p1a: Ogerpon
|
|upkeep
|
|t:|1779959935
|switch|p1a: Raikou|Raikou|57/100
|-damage|p1a: Raikou|44/100|[from] Stealth Rock
|turn|13
|
|t:|1779959939
|move|p2a: Kingambit|Sucker Punch|p1a: Raikou
|-damage|p1a: Raikou|0 fnt
|faint|p1a: Raikou
|
|upkeep
|
|t:|1779959940
|switch|p1a: Dondozo|Dondozo, M|100/100
|-damage|p1a: Dondozo|88/100|[from] Stealth Rock
|turn|14
|
|t:|1779959945
|-terastallize|p1a: Dondozo|Dragon
|move|p2a: Kingambit|Sucker Punch|p1a: Dondozo
|-damage|p1a: Dondozo|47/100
|move|p1a: Dondozo|Outrage|p2a: Kingambit
|-damage|p2a: Kingambit|0 fnt
|faint|p2a: Kingambit
|-end|p2a: Kingambit|fallen4|[silent]
|
|upkeep
|
|t:|1779959949
|switch|p2a: Corviknight|Corviknight, F|100/100
|turn|15
|
|t:|1779959956
|move|p2a: Corviknight|Body Press|p1a: Dondozo
|-damage|p1a: Dondozo|28/100
|move|p1a: Dondozo|Outrage|p2a: Corviknight|[from] lockedmove
|-resisted|p2a: Corviknight
|-damage|p2a: Corviknight|77/100
|-damage|p1a: Dondozo|12/100|[from] item: Rocky Helmet|[of] p2a: Corviknight
|
|upkeep
|turn|16
|-message|Dumptrunk forfeited.
|
|win|keifi
|raw|Dumptrunk's rating: 1066 &rarr; <strong>1049</strong><br />(-17 for losing)
|raw|keifi's rating: 1118 &rarr; <strong>1139</strong><br />(+21 for winning)
|l|☆Dumptrunk
|player|p1|
|l|☆keifi
|player|p2|
