|j|☆BiggieChed66
|j|☆hat_fm
|t:|1779941360
|gametype|singles
|player|p1|BiggieChed66|ghetsis-gen5bw|1314
|player|p2|hat_fm|pilot|1365
|gen|9
|tier|[Gen 9] OU
|rated|
|rule|HP Percentage Mod: HP is shown in percentages
|rule|Endless Battle Clause: Forcing endless battles is banned
|rule|Species Clause: Limit one of each Pokémon
|rule|OHKO Clause: OHKO moves are banned
|rule|Evasion Items Clause: Evasion items are banned
|rule|Evasion Moves Clause: Evasion moves are banned
|rule|Evasion Abilities Clause: Evasion abilities are banned
|rule|Sleep Moves Clause: Sleep-inducing moves are banned
|clearpoke
|poke|p1|Gholdengo|
|poke|p1|Iron Treads|
|poke|p1|Zamazenta-*|
|poke|p1|Samurott-Hisui, F|
|poke|p1|Garganacl, F|
|poke|p1|Gliscor, M|
|poke|p2|Zamazenta-*|
|poke|p2|Ceruledge, F|
|poke|p2|Scizor, M|
|poke|p2|Donphan, F|
|poke|p2|Lycanroc-Dusk, M|
|poke|p2|Florges, F|
|teampreview
|
|t:|1779941363
|teamsize|p1|6
|teamsize|p2|6
|start
|switch|p1a: Samurott|Samurott-Hisui, F|100/100
|switch|p2a: Donphan|Donphan, F|100/100
|turn|1
|inactive|Battle timer is ON: inactive players will automatically lose when time's up. (requested by BiggieChed66)
|
|t:|1779941369
|move|p1a: Samurott|Razor Shell|p2a: Donphan
|-supereffective|p2a: Donphan
|-damage|p2a: Donphan|41/100
|-unboost|p2a: Donphan|def|1
|-damage|p1a: Samurott|84/100|[from] item: Rocky Helmet|[of] p2a: Donphan
|move|p2a: Donphan|Knock Off|p1a: Samurott
|-resisted|p1a: Samurott
|-damage|p1a: Samurott|67/100
|-enditem|p1a: Samurott|Focus Sash|[from] move: Knock Off|[of] p2a: Donphan
|
|upkeep
|turn|2
|
|t:|1779941375
|move|p1a: Samurott|Ceaseless Edge|p2a: Donphan
|-damage|p2a: Donphan|1/100
|-damage|p1a: Samurott|50/100|[from] item: Rocky Helmet|[of] p2a: Donphan
|-sidestart|p2: hat_fm|Spikes
|move|p2a: Donphan|Rapid Spin|p1a: Samurott
|-damage|p1a: Samurott|34/100
|-boost|p2a: Donphan|spe|1
|-sideend|p2: hat_fm|Spikes|[from] move: Rapid Spin|[of] p2a: Donphan
|
|upkeep
|turn|3
|
|t:|1779941387
|move|p1a: Samurott|Sucker Punch|p2a: Donphan
|-damage|p2a: Donphan|0 fnt
|-damage|p1a: Samurott|17/100|[from] item: Rocky Helmet|[of] p2a: Donphan
|faint|p2a: Donphan
|
|upkeep
|
|t:|1779941393
|switch|p2a: Lycanroc|Lycanroc-Dusk, M|100/100
|turn|4
|
|t:|1779941396
|move|p2a: Lycanroc|Accelerock|p1a: Samurott
|-damage|p1a: Samurott|0 fnt
|faint|p1a: Samurott
|-damage|p2a: Lycanroc|91/100|[from] item: Life Orb
|
|upkeep
|
|t:|1779941402
|switch|p1a: Gholdengo|Gholdengo|100/100
|turn|5
|
|t:|1779941411
|switch|p2a: Ceruledge|Ceruledge, F|100/100
|move|p1a: Gholdengo|Make It Rain|p2a: Ceruledge
|-resisted|p2a: Ceruledge
|-damage|p2a: Ceruledge|60/100
|-unboost|p1a: Gholdengo|spa|1
|
|upkeep
|turn|6
|
|t:|1779941421
|switch|p1a: Gliscor|Gliscor, M|100/100
|switch|p2a: Florges|Florges, F|100/100
|
|-status|p1a: Gliscor|tox|[from] item: Toxic Orb
|upkeep
|turn|7
|
|t:|1779941427
|-terastallize|p2a: Florges|Grass
|move|p1a: Gliscor|Swords Dance|p1a: Gliscor
|-boost|p1a: Gliscor|atk|2
|move|p2a: Florges|Calm Mind|p2a: Florges
|-boost|p2a: Florges|spa|1
|-boost|p2a: Florges|spd|1
|
|upkeep
|turn|8
|
|t:|1779941433
|-terastallize|p1a: Gliscor|Normal
|move|p1a: Gliscor|Facade|p2a: Florges
|-damage|p2a: Florges|0 fnt
|faint|p2a: Florges
|
|upkeep
|
|t:|1779941438
|switch|p2a: Zamazenta|Zamazenta|100/100
|-ability|p2a: Zamazenta|Dauntless Shield|boost
|-boost|p2a: Zamazenta|def|1
|turn|9
|
|t:|1779941444
|switch|p1a: Gholdengo|Gholdengo|100/100
|move|p2a: Zamazenta|Iron Defense|p2a: Zamazenta
|-boost|p2a: Zamazenta|def|2
|
|upkeep
|turn|10
|
|t:|1779941451
|move|p1a: Gholdengo|Make It Rain|p2a: Zamazenta
|-damage|p2a: Zamazenta|51/100
|-unboost|p1a: Gholdengo|spa|1
|move|p2a: Zamazenta|Crunch|p1a: Gholdengo
|-supereffective|p1a: Gholdengo
|-damage|p1a: Gholdengo|53/100
|
|-heal|p2a: Zamazenta|57/100|[from] item: Leftovers
|upkeep
|turn|11
|
|t:|1779941460
|move|p1a: Gholdengo|Make It Rain|p2a: Zamazenta
|-damage|p2a: Zamazenta|20/100
|-unboost|p1a: Gholdengo|spa|1
|move|p2a: Zamazenta|Crunch|p1a: Gholdengo
|-supereffective|p1a: Gholdengo
|-damage|p1a: Gholdengo|8/100
|-unboost|p1a: Gholdengo|def|1
|
|-heal|p2a: Zamazenta|26/100|[from] item: Leftovers
|upkeep
|turn|12
|
|t:|1779941485
|switch|p1a: Zamazenta|Zamazenta|100/100
|-ability|p1a: Zamazenta|Dauntless Shield|boost
|-boost|p1a: Zamazenta|def|1
|switch|p2a: Scizor|Scizor, M|100/100
|
|upkeep
|turn|13
|-message|hat_fm forfeited.
|
|win|BiggieChed66
|raw|BiggieChed66's rating: 1314 &rarr; <strong>1337</strong><br />(+23 for winning)
|raw|hat_fm's rating: 1365 &rarr; <strong>1342</strong><br />(-23 for losing)
|l|☆hat_fm
|player|p2|
|l|☆BiggieChed66
|player|p1|
