|j|☆JotaG
|j|☆MikhaelSunworth
|t:|1779889211
|gametype|singles
|player|p1|JotaG|101|1397
|player|p2|MikhaelSunworth|chuck|1474
|gen|9
|tier|[Gen 9] OU
|rated|
|rule|HP Percentage Mod: HP is shown in percentages
|rule|Endless Battle Clause: Forcing endless battles is banned
|rule|Species Clause: Limit one of each Pokémon
|rule|OHKO Clause: OHKO moves are banned
|rule|Evasion Items Clause: Evasion items are banned
|rule|Evasion Moves Clause: Evasion moves are banned
|rule|Evasion Abilities Clause: Evasion abilities are banned
|rule|Sleep Moves Clause: Sleep-inducing moves are banned
|clearpoke
|poke|p1|Slither Wing|
|poke|p1|Ninetales, M|
|poke|p1|Raging Bolt|
|poke|p1|Dragapult, F|
|poke|p1|Great Tusk|
|poke|p1|Fezandipiti, M|
|poke|p2|Gliscor, F|
|poke|p2|Samurott-Hisui, M|
|poke|p2|Dragapult, M|
|poke|p2|Great Tusk|
|poke|p2|Garganacl, M|
|poke|p2|Slowking-Galar, M|
|teampreview
|
|t:|1779889233
|teamsize|p1|6
|teamsize|p2|6
|start
|switch|p1a: Fezandipiti|Fezandipiti, M|100/100
|switch|p2a: Slowking|Slowking-Galar, M|100/100
|turn|1
|
|t:|1779889245
|move|p1a: Fezandipiti|Beat Up|p2a: Slowking
|-supereffective|p2a: Slowking
|-damage|p2a: Slowking|92/100
|-supereffective|p2a: Slowking
|-damage|p2a: Slowking|86/100
|-supereffective|p2a: Slowking
|-damage|p2a: Slowking|80/100
|-supereffective|p2a: Slowking
|-damage|p2a: Slowking|71/100
|-supereffective|p2a: Slowking
|-damage|p2a: Slowking|62/100
|-supereffective|p2a: Slowking
|-damage|p2a: Slowking|52/100
|-hitcount|p2a: Slowking|6
|move|p2a: Slowking|Future Sight|p1a: Fezandipiti
|-start|p2a: Slowking|move: Future Sight
|
|upkeep
|turn|2
|
|t:|1779889263
|switch|p2a: Gliscor|Gliscor, F|100/100
|-terastallize|p1a: Fezandipiti|Dark
|move|p1a: Fezandipiti|Beat Up|p2a: Gliscor
|-damage|p2a: Gliscor|97/100
|-damage|p2a: Gliscor|94/100
|-damage|p2a: Gliscor|91/100
|-damage|p2a: Gliscor|87/100
|-damage|p2a: Gliscor|83/100
|-damage|p2a: Gliscor|78/100
|-hitcount|p2a: Gliscor|6
|
|-status|p2a: Gliscor|tox|[from] item: Toxic Orb
|upkeep
|turn|3
|inactive|Battle timer is ON: inactive players will automatically lose when time's up. (requested by MikhaelSunworth)
|
|t:|1779889310
|switch|p1a: Great Tusk|Great Tusk|100/100
|move|p2a: Gliscor|Protect||[still]
|-fail|p2a: Gliscor
|
|-end|p1a: Great Tusk|move: Future Sight
|-supereffective|p1a: Great Tusk
|-damage|p1a: Great Tusk|0 fnt
|faint|p1a: Great Tusk
|-end|p1a: Great Tusk|Protosynthesis|[silent]
|-heal|p2a: Gliscor|91/100 tox|[from] ability: Poison Heal
|upkeep
|
|t:|1779889325
|switch|p1a: Ninetales|Ninetales, M|100/100
|-weather|SunnyDay|[from] ability: Drought|[of] p1a: Ninetales
|turn|4
|
|t:|1779889342
|switch|p2a: Slowking|Slowking-Galar, M|86/100
|move|p1a: Ninetales|Weather Ball|p2a: Slowking
|-damage|p2a: Slowking|61/100
|
|-weather|SunnyDay|[upkeep]
|upkeep
|turn|5
|
|t:|1779889360
|move|p1a: Ninetales|Weather Ball|p2a: Slowking
|-damage|p2a: Slowking|37/100
|-prepare|p2a: Slowking|Chilly Reception|[premajor]
|move|p2a: Slowking|Chilly Reception|p2a: Slowking
|-weather|Snowscape
|
|t:|1779889364
|switch|p2a: Samurott|Samurott-Hisui, M|100/100|[from] Chilly Reception
|
|-weather|Snowscape|[upkeep]
|upkeep
|turn|6
|
|t:|1779889370
|switch|p1a: Raging Bolt|Raging Bolt|100/100
|move|p2a: Samurott|Ceaseless Edge|p1a: Raging Bolt
|-damage|p1a: Raging Bolt|57/100
|-sidestart|p1: JotaG|Spikes
|
|-weather|Snowscape|[upkeep]
|upkeep
|turn|7
|
|t:|1779889387
|switch|p2a: Garganacl|Garganacl, M|100/100
|move|p1a: Raging Bolt|Weather Ball|p2a: Garganacl
|-damage|p2a: Garganacl|60/100
|
|-weather|Snowscape|[upkeep]
|-heal|p2a: Garganacl|66/100|[from] item: Leftovers
|upkeep
|turn|8
|
|t:|1779889395
|-end|p1a: Raging Bolt|Protosynthesis|[silent]
|switch|p1a: Slither Wing|Slither Wing|100/100
|-damage|p1a: Slither Wing|88/100|[from] Spikes
|move|p2a: Garganacl|Recover|p2a: Garganacl
|-heal|p2a: Garganacl|100/100
|
|-weather|Snowscape|[upkeep]
|upkeep
|turn|9
|
|t:|1779889399
|move|p1a: Slither Wing|U-turn|p2a: Garganacl
|-damage|p2a: Garganacl|59/100
|
|t:|1779889404
|-end|p1a: Slither Wing|Protosynthesis|[silent]
|switch|p1a: Ninetales|Ninetales, M|100/100|[from] U-turn
|-damage|p1a: Ninetales|88/100|[from] Spikes
|-weather|SunnyDay|[from] ability: Drought|[of] p1a: Ninetales
|move|p2a: Garganacl|Salt Cure|p1a: Ninetales
|-supereffective|p1a: Ninetales
|-damage|p1a: Ninetales|52/100
|-start|p1a: Ninetales|Salt Cure
|
|-weather|SunnyDay|[upkeep]
|-heal|p2a: Garganacl|65/100|[from] item: Leftovers
|-damage|p1a: Ninetales|40/100|[from] Salt Cure
|upkeep
|turn|10
|
|t:|1779889409
|switch|p1a: Slither Wing|Slither Wing|88/100
|-damage|p1a: Slither Wing|76/100|[from] Spikes
|-activate|p1a: Slither Wing|ability: Protosynthesis
|-start|p1a: Slither Wing|protosynthesisatk
|switch|p2a: Slowking|Slowking-Galar, M|70/100
|
|-weather|SunnyDay|[upkeep]
|upkeep
|turn|11
|
|t:|1779889415
|switch|p2a: Gliscor|Gliscor, F|91/100 tox
|move|p1a: Slither Wing|U-turn|p2a: Gliscor
|-resisted|p2a: Gliscor
|-damage|p2a: Gliscor|66/100 tox
|
|t:|1779889421
|-end|p1a: Slither Wing|Protosynthesis|[silent]
|switch|p1a: Raging Bolt|Raging Bolt|57/100|[from] U-turn
|-damage|p1a: Raging Bolt|44/100|[from] Spikes
|-activate|p1a: Raging Bolt|ability: Protosynthesis
|-start|p1a: Raging Bolt|protosynthesisspa
|
|-weather|SunnyDay|[upkeep]
|-heal|p2a: Gliscor|79/100 tox|[from] ability: Poison Heal
|upkeep
|turn|12
|
|t:|1779889427
|move|p2a: Gliscor|Protect|p2a: Gliscor
|-singleturn|p2a: Gliscor|Protect
|move|p1a: Raging Bolt|Draco Meteor|p2a: Gliscor
|-activate|p2a: Gliscor|move: Protect
|
|-weather|SunnyDay|[upkeep]
|-heal|p2a: Gliscor|91/100 tox|[from] ability: Poison Heal
|upkeep
|turn|13
|
|t:|1779889440
|switch|p2a: Slowking|Slowking-Galar, M|100/100
|move|p1a: Raging Bolt|Draco Meteor|p2a: Slowking
|-crit|p2a: Slowking
|-damage|p2a: Slowking|0 fnt
|-unboost|p1a: Raging Bolt|spa|2
|faint|p2a: Slowking
|
|-weather|SunnyDay|[upkeep]
|upkeep
|inactive|MikhaelSunworth has 120 seconds left.
|
|t:|1779889482
|switch|p2a: Garganacl|Garganacl, M|65/100
|turn|14
|
|t:|1779889490
|-end|p1a: Raging Bolt|Protosynthesis|[silent]
|switch|p1a: Slither Wing|Slither Wing|76/100
|-damage|p1a: Slither Wing|64/100|[from] Spikes
|-activate|p1a: Slither Wing|ability: Protosynthesis
|-start|p1a: Slither Wing|protosynthesisatk
|move|p2a: Garganacl|Salt Cure|p1a: Slither Wing
|-damage|p1a: Slither Wing|46/100
|-start|p1a: Slither Wing|Salt Cure
|
|-weather|SunnyDay|[upkeep]
|-heal|p2a: Garganacl|71/100|[from] item: Leftovers
|-damage|p1a: Slither Wing|34/100|[from] Salt Cure
|upkeep
|turn|15
|
|t:|1779889497
|move|p2a: Garganacl|Protect|p2a: Garganacl
|-singleturn|p2a: Garganacl|Protect
|move|p1a: Slither Wing|Flare Blitz|p2a: Garganacl
|-activate|p2a: Garganacl|move: Protect
|
|-weather|SunnyDay|[upkeep]
|-heal|p2a: Garganacl|77/100|[from] item: Leftovers
|-damage|p1a: Slither Wing|22/100|[from] Salt Cure
|upkeep
|turn|16
|inactive|MikhaelSunworth has 120 seconds left.
|
|t:|1779889508
|move|p1a: Slither Wing|Flare Blitz|p2a: Garganacl
|-resisted|p2a: Garganacl
|-damage|p2a: Garganacl|32/100
|-damage|p1a: Slither Wing|2/100|[from] Recoil
|move|p2a: Garganacl|Recover|p2a: Garganacl
|-heal|p2a: Garganacl|82/100
|
|-weather|none
|-end|p1a: Slither Wing|Protosynthesis
|-heal|p2a: Garganacl|88/100|[from] item: Leftovers
|-damage|p1a: Slither Wing|0 fnt|[from] Salt Cure
|faint|p1a: Slither Wing
|-end|p1a: Slither Wing|Protosynthesis|[silent]
|upkeep
|
|t:|1779889513
|switch|p1a: Ninetales|Ninetales, M|40/100
|-damage|p1a: Ninetales|28/100|[from] Spikes
|-weather|SunnyDay|[from] ability: Drought|[of] p1a: Ninetales
|turn|17
|inactive|MikhaelSunworth has 120 seconds left.
|
|t:|1779889524
|move|p1a: Ninetales|Healing Wish|p1a: Ninetales
|faint|p1a: Ninetales
|move|p2a: Garganacl|Salt Cure|p1: Ninetales|[notarget]
|-fail|p2a: Garganacl
|
|-weather|SunnyDay|[upkeep]
|-heal|p2a: Garganacl|94/100|[from] item: Leftovers
|upkeep
|
|t:|1779889531
|switch|p1a: Raging Bolt|Raging Bolt|44/100
|-heal|p1a: Raging Bolt|100/100|[from] move: Healing Wish
|-damage|p1a: Raging Bolt|88/100|[from] Spikes
|-activate|p1a: Raging Bolt|ability: Protosynthesis
|-start|p1a: Raging Bolt|protosynthesisspa
|turn|18
|
|t:|1779889539
|move|p2a: Garganacl|Protect|p2a: Garganacl
|-singleturn|p2a: Garganacl|Protect
|move|p1a: Raging Bolt|Volt Switch|p2a: Garganacl
|-activate|p2a: Garganacl|move: Protect
|
|-weather|SunnyDay|[upkeep]
|-heal|p2a: Garganacl|100/100|[from] item: Leftovers
|upkeep
|turn|19
|
|t:|1779889545
|-end|p1a: Raging Bolt|Protosynthesis|[silent]
|switch|p1a: Dragapult|Dragapult, F|100/100
|-damage|p1a: Dragapult|88/100|[from] Spikes
|switch|p2a: Gliscor|Gliscor, F|91/100 tox
|
|-weather|SunnyDay|[upkeep]
|-heal|p2a: Gliscor|100/100 tox|[from] ability: Poison Heal
|upkeep
|turn|20
|
|t:|1779889552
|move|p1a: Dragapult|Draco Meteor|p2a: Gliscor
|-damage|p2a: Gliscor|13/100 tox
|-unboost|p1a: Dragapult|spa|2
|-damage|p1a: Dragapult|78/100|[from] item: Life Orb
|move|p2a: Gliscor|Stealth Rock|p1a: Dragapult
|-sidestart|p1: JotaG|move: Stealth Rock
|
|-weather|SunnyDay|[upkeep]
|-heal|p2a: Gliscor|25/100 tox|[from] ability: Poison Heal
|upkeep
|turn|21
|
|t:|1779889562
|move|p2a: Gliscor|Protect|p2a: Gliscor
|-singleturn|p2a: Gliscor|Protect
|move|p1a: Dragapult|Draco Meteor|p2a: Gliscor
|-activate|p2a: Gliscor|move: Protect
|
|-weather|SunnyDay|[upkeep]
|-heal|p2a: Gliscor|38/100 tox|[from] ability: Poison Heal
|upkeep
|turn|22
|
|t:|1779889582
|switch|p2a: Samurott|Samurott-Hisui, M|100/100
|move|p1a: Dragapult|Draco Meteor|p2a: Samurott
|-damage|p2a: Samurott|73/100
|-unboost|p1a: Dragapult|spa|2
|-damage|p1a: Dragapult|69/100|[from] item: Life Orb
|
|-weather|SunnyDay|[upkeep]
|upkeep
|turn|23
|
|t:|1779889592
|switch|p1a: Raging Bolt|Raging Bolt|88/100
|-damage|p1a: Raging Bolt|76/100|[from] Spikes
|-damage|p1a: Raging Bolt|64/100|[from] Stealth Rock
|-activate|p1a: Raging Bolt|ability: Protosynthesis
|-start|p1a: Raging Bolt|protosynthesisspa
|move|p2a: Samurott|Ceaseless Edge|p1a: Raging Bolt
|-crit|p1a: Raging Bolt
|-damage|p1a: Raging Bolt|2/100
|-sidestart|p1: JotaG|Spikes
|
|-weather|SunnyDay|[upkeep]
|upkeep
|turn|24
|
|t:|1779889605
|move|p1a: Raging Bolt|Draco Meteor|p2a: Samurott
|-damage|p2a: Samurott|0 fnt
|-unboost|p1a: Raging Bolt|spa|2
|faint|p2a: Samurott
|
|-weather|none
|-end|p1a: Raging Bolt|Protosynthesis
|upkeep
|
|t:|1779889614
|switch|p2a: Dragapult|Dragapult, M|100/100
|turn|25
|
|t:|1779889617
|move|p2a: Dragapult|U-turn|p1a: Raging Bolt
|-damage|p1a: Raging Bolt|0 fnt
|faint|p1a: Raging Bolt
|-end|p1a: Raging Bolt|Protosynthesis|[silent]
|
|t:|1779889621
|switch|p2a: Garganacl|Garganacl, M|100/100|[from] U-turn
|
|upkeep
|-message|JotaG forfeited.
|
|win|MikhaelSunworth
|raw|JotaG's rating: 1397 &rarr; <strong>1381</strong><br />(-16 for losing)
|raw|MikhaelSunworth's rating: 1474 &rarr; <strong>1490</strong><br />(+16 for winning)
|l|☆JotaG
|player|p1|
|l|☆MikhaelSunworth
|player|p2|
