|j|☆silver jay#2240
|j|☆watch cats 2
|inactive|Battle timer is ON: inactive players will automatically lose when time's up.
|t:|1779813259
|gametype|singles
|player|p1|silver jay#2240|grusha|
|player|p2|watch cats 2|169|
|gen|9
|tier|[Gen 9] OU
|rated|Tournament battle
|rule|HP Percentage Mod: HP is shown in percentages
|rule|Endless Battle Clause: Forcing endless battles is banned
|rule|Species Clause: Limit one of each Pokémon
|rule|OHKO Clause: OHKO moves are banned
|rule|Evasion Items Clause: Evasion items are banned
|rule|Evasion Moves Clause: Evasion moves are banned
|rule|Evasion Abilities Clause: Evasion abilities are banned
|rule|Sleep Moves Clause: Sleep-inducing moves are banned
|clearpoke
|poke|p1|Grafaiai, F|
|poke|p1|Slowking-Galar, F|
|poke|p1|Corviknight, F|
|poke|p1|Ogerpon-Wellspring, F|
|poke|p1|Clefable, F|
|poke|p1|Zamazenta-*|
|poke|p2|Toxapex, F|
|poke|p2|Gliscor, F|
|poke|p2|Blissey, F|
|poke|p2|Dondozo, F|
|poke|p2|Clodsire, F|
|poke|p2|Alomomola, F|
|teampreview
|inactive|watch cats 2 also wants the timer to be on.
|j| Chris Talus
|c|☆silver jay#2240|wtf
|j| numba1noob
|c|☆silver jay#2240|hf
|j| MiDash15
|inactive|silver jay#2240 has 120 seconds left.
|c| Chris Talus|the stall girlies
|
|t:|1779813297
|teamsize|p1|6
|teamsize|p2|6
|start
|switch|p1a: Slowking|Slowking-Galar, F|100/100
|switch|p2a: Gliscor|Gliscor, F, shiny|100/100
|turn|1
|j| storklo
|c| MiDash15|you know its gonna be fun
|
|t:|1779813308
|switch|p1a: Corviknight|Corviknight, F|100/100
|-ability|p1a: Corviknight|Pressure
|move|p2a: Gliscor|Protect||[still]
|-fail|p2a: Gliscor
|
|-status|p2a: Gliscor|tox|[from] item: Toxic Orb
|upkeep
|turn|2
|j|+A
|
|t:|1779813313
|move|p2a: Gliscor|Spikes|p1a: Corviknight
|-sidestart|p1: silver jay#2240|Spikes
|move|p1a: Corviknight|U-turn|p2a: Gliscor
|-resisted|p2a: Gliscor
|-damage|p2a: Gliscor|96/100 tox
|c|☆silver jay#2240|i guess
|l|+A
|c| MiDash15|no i dont mean it
|
|t:|1779813337
|switch|p1a: Slowking|Slowking-Galar, F|100/100|[from] U-turn
|-damage|p1a: Slowking|88/100|[from] Spikes
|
|-heal|p2a: Gliscor|100/100 tox|[from] ability: Poison Heal
|upkeep
|turn|3
|c| MiDash15|shit's about to be boring as hell
|
|t:|1779813348
|switch|p2a: Blissey|Blissey, F, shiny|100/100
|switch|p1a: Corviknight|Corviknight, F|100/100
|-ability|p1a: Corviknight|Pressure
|
|upkeep
|turn|4
|c| Chris Talus|the test of "did you bring a functional breaking core"
|c| MiDash15|yeah lol
|j| freshstart111
|j| brobrubro
|c|☆silver jay#2240|i brought a monkey dude
|
|t:|1779813374
|switch|p2a: Gliscor|Gliscor, F, shiny|100/100 tox
|move|p1a: Corviknight|U-turn|p2a: Gliscor
|-resisted|p2a: Gliscor
|-damage|p2a: Gliscor|96/100 tox
|inactive|silver jay#2240 has 120 seconds left.
|
|t:|1779813386
|switch|p1a: Clefable|Clefable, F|100/100|[from] U-turn
|
|-heal|p2a: Gliscor|100/100 tox|[from] ability: Poison Heal
|upkeep
|turn|5
|
|t:|1779813391
|move|p2a: Gliscor|Knock Off|p1a: Clefable
|-resisted|p1a: Clefable
|-damage|p1a: Clefable|92/100
|-enditem|p1a: Clefable|Leftovers|[from] move: Knock Off|[of] p2a: Gliscor
|move|p1a: Clefable|Stealth Rock|p2a: Gliscor
|-sidestart|p2: watch cats 2|move: Stealth Rock
|
|upkeep
|turn|6
|
|t:|1779813400
|move|p2a: Gliscor|Spikes|p1a: Clefable
|-sidestart|p1: silver jay#2240|Spikes
|move|p1a: Clefable|Moonblast|p2a: Gliscor
|-damage|p2a: Gliscor|61/100 tox
|-unboost|p2a: Gliscor|spa|1
|
|-heal|p2a: Gliscor|74/100 tox|[from] ability: Poison Heal
|upkeep
|turn|7
|c| MiDash15|zamn
|
|t:|1779813407
|switch|p1a: Corviknight|Corviknight, F|100/100
|-ability|p1a: Corviknight|Pressure
|move|p2a: Gliscor|Protect||[still]
|-fail|p2a: Gliscor
|
|-heal|p2a: Gliscor|86/100 tox|[from] ability: Poison Heal
|upkeep
|turn|8
|
|t:|1779813412
|move|p2a: Gliscor|Knock Off|p1a: Corviknight
|-damage|p1a: Corviknight|88/100
|-damage|p2a: Gliscor|70/100 tox|[from] item: Rocky Helmet|[of] p1a: Corviknight
|-enditem|p1a: Corviknight|Rocky Helmet|[from] move: Knock Off|[of] p2a: Gliscor
|move|p1a: Corviknight|Defog|p2a: Gliscor
|-unboost|p2a: Gliscor|evasion|1
|-sideend|p2: watch cats 2|Stealth Rock|[from] move: Defog|[of] p1a: Corviknight
|-sideend|p1: silver jay#2240|Spikes|[from] move: Defog|[of] p1a: Corviknight
|
|-heal|p2a: Gliscor|82/100 tox|[from] ability: Poison Heal
|upkeep
|turn|9
|
|t:|1779813420
|move|p2a: Gliscor|Spikes|p1a: Corviknight
|-sidestart|p1: silver jay#2240|Spikes
|move|p1a: Corviknight|U-turn|p2a: Gliscor
|-resisted|p2a: Gliscor
|-damage|p2a: Gliscor|78/100 tox
|j| Gamewolf378
|
|t:|1779813426
|switch|p1a: Clefable|Clefable, F|92/100|[from] U-turn
|
|-heal|p2a: Gliscor|91/100 tox|[from] ability: Poison Heal
|upkeep
|turn|10
|
|t:|1779813433
|move|p2a: Gliscor|Spikes|p1a: Clefable
|-sidestart|p1: silver jay#2240|Spikes
|move|p1a: Clefable|Moonblast|p2a: Gliscor
|-damage|p2a: Gliscor|50/100 tox
|-unboost|p2a: Gliscor|spa|1
|
|-heal|p2a: Gliscor|62/100 tox|[from] ability: Poison Heal
|upkeep
|turn|11
|
|t:|1779813437
|switch|p1a: Corviknight|Corviknight, F|88/100
|-ability|p1a: Corviknight|Pressure
|move|p2a: Gliscor|Protect||[still]
|-fail|p2a: Gliscor
|
|-heal|p2a: Gliscor|75/100 tox|[from] ability: Poison Heal
|upkeep
|turn|12
|l| MiDash15
|
|t:|1779813443
|move|p2a: Gliscor|Knock Off|p1a: Corviknight
|-damage|p1a: Corviknight|79/100
|move|p1a: Corviknight|Defog|p2a: Gliscor
|-unboost|p2a: Gliscor|evasion|1
|-sideend|p1: silver jay#2240|Spikes|[from] move: Defog|[of] p1a: Corviknight
|
|-heal|p2a: Gliscor|87/100 tox|[from] ability: Poison Heal
|upkeep
|turn|13
|
|t:|1779813448
|switch|p1a: Clefable|Clefable, F|92/100
|move|p2a: Gliscor|Spikes|p1a: Clefable
|-sidestart|p1: silver jay#2240|Spikes
|
|-heal|p2a: Gliscor|99/100 tox|[from] ability: Poison Heal
|upkeep
|turn|14
|
|t:|1779813456
|switch|p2a: Toxapex|Toxapex, F, shiny|100/100
|switch|p1a: Corviknight|Corviknight, F|79/100
|-ability|p1a: Corviknight|Pressure
|
|upkeep
|turn|15
|
|t:|1779813465
|switch|p2a: Gliscor|Gliscor, F, shiny|99/100 tox
|move|p1a: Corviknight|Defog|p2a: Gliscor
|-unboost|p2a: Gliscor|evasion|1
|-sideend|p1: silver jay#2240|Spikes|[from] move: Defog|[of] p1a: Corviknight
|
|-heal|p2a: Gliscor|100/100 tox|[from] ability: Poison Heal
|upkeep
|turn|16
|j| tiktokbrainrotahh
|
|t:|1779813473
|switch|p1a: Clefable|Clefable, F|92/100
|move|p2a: Gliscor|Spikes|p1a: Clefable
|-sidestart|p1: silver jay#2240|Spikes
|
|upkeep
|turn|17
|
|t:|1779813480
|switch|p2a: Toxapex|Toxapex, F, shiny|100/100
|switch|p1a: Corviknight|Corviknight, F|79/100
|-ability|p1a: Corviknight|Pressure
|
|upkeep
|turn|18
|
|t:|1779813484
|move|p1a: Corviknight|U-turn|p2a: Toxapex
|-resisted|p2a: Toxapex
|-damage|p2a: Toxapex|96/100
|j| Johnny tots
|
|t:|1779813501
|switch|p1a: Clefable|Clefable, F|92/100|[from] U-turn
|move|p2a: Toxapex|Infestation|p1a: Clefable
|-resisted|p1a: Clefable
|-damage|p1a: Clefable|91/100
|-activate|p1a: Clefable|move: Infestation|[of] p2a: Toxapex
|
|upkeep
|turn|19
|
|t:|1779813508
|switch|p2a: Gliscor|Gliscor, F, shiny|100/100 tox
|move|p1a: Clefable|Stealth Rock|p2a: Gliscor
|-sidestart|p2: watch cats 2|move: Stealth Rock
|
|-end|p1a: Clefable|Infestation|[partiallytrapped]|[silent]
|upkeep
|turn|20
|
|t:|1779813514
|switch|p2a: Toxapex|Toxapex, F, shiny|100/100
|switch|p1a: Corviknight|Corviknight, F|79/100
|-ability|p1a: Corviknight|Pressure
|
|upkeep
|turn|21
|
|t:|1779813523
|switch|p1a: Clefable|Clefable, F|91/100
|move|p2a: Toxapex|Infestation|p1a: Clefable
|-resisted|p1a: Clefable
|-crit|p1a: Clefable
|-damage|p1a: Clefable|89/100
|-activate|p1a: Clefable|move: Infestation|[of] p2a: Toxapex
|
|upkeep
|turn|22
|
|t:|1779813529
|switch|p2a: Gliscor|Gliscor, F, shiny|100/100 tox
|-damage|p2a: Gliscor|88/100 tox|[from] Stealth Rock
|move|p1a: Clefable|Stealth Rock||[still]
|-fail|p1a: Clefable
|
|-heal|p2a: Gliscor|100/100 tox|[from] ability: Poison Heal
|-end|p1a: Clefable|Infestation|[partiallytrapped]|[silent]
|upkeep
|turn|23
|
|t:|1779813540
|switch|p1a: Corviknight|Corviknight, F|79/100
|-ability|p1a: Corviknight|Pressure
|move|p2a: Gliscor|Spikes|p1a: Corviknight
|-sidestart|p1: silver jay#2240|Spikes
|
|upkeep
|turn|24
|
|t:|1779813545
|switch|p2a: Toxapex|Toxapex, F, shiny|100/100
|move|p1a: Corviknight|Defog|p2a: Toxapex
|-unboost|p2a: Toxapex|evasion|1
|-sideend|p2: watch cats 2|Stealth Rock|[from] move: Defog|[of] p1a: Corviknight
|-sideend|p1: silver jay#2240|Spikes|[from] move: Defog|[of] p1a: Corviknight
|
|upkeep
|turn|25
|j| braumuller
|inactive|silver jay#2240 has 120 seconds left.
|
|t:|1779813593
|switch|p2a: Gliscor|Gliscor, F, shiny|100/100 tox
|move|p1a: Corviknight|U-turn|p2a: Gliscor
|-resisted|p2a: Gliscor
|-crit|p2a: Gliscor
|-damage|p2a: Gliscor|95/100 tox
|
|t:|1779813603
|switch|p1a: Ogerpon|Ogerpon-Wellspring, F|100/100|[from] U-turn
|
|-heal|p2a: Gliscor|100/100 tox|[from] ability: Poison Heal
|upkeep
|turn|26
|
|t:|1779813616
|switch|p1a: Corviknight|Corviknight, F|79/100
|-ability|p1a: Corviknight|Pressure
|move|p2a: Gliscor|Toxic|p1a: Corviknight
|-immune|p1a: Corviknight
|
|upkeep
|turn|27
|
|t:|1779813623
|switch|p1a: Clefable|Clefable, F|89/100
|move|p2a: Gliscor|Spikes|p1a: Clefable
|-sidestart|p1: silver jay#2240|Spikes
|
|upkeep
|turn|28
|
|t:|1779813628
|switch|p2a: Toxapex|Toxapex, F, shiny|100/100
|switch|p1a: Corviknight|Corviknight, F|79/100
|-ability|p1a: Corviknight|Pressure
|
|upkeep
|turn|29
|l| Gamewolf378
|
|t:|1779813635
|move|p1a: Corviknight|U-turn|p2a: Toxapex
|-resisted|p2a: Toxapex
|-damage|p2a: Toxapex|96/100
|
|t:|1779813640
|switch|p1a: Slowking|Slowking-Galar, F|100/100|[from] U-turn
|-damage|p1a: Slowking|88/100|[from] Spikes
|move|p2a: Toxapex|Infestation|p1a: Slowking
|-damage|p1a: Slowking|86/100
|-activate|p1a: Slowking|move: Infestation|[of] p2a: Toxapex
|
|-damage|p1a: Slowking|74/100|[from] move: Infestation|[partiallytrapped]
|upkeep
|turn|30
|
|t:|1779813652
|switch|p2a: Blissey|Blissey, F, shiny|100/100
|move|p1a: Slowking|Future Sight|p2a: Blissey
|-start|p1a: Slowking|move: Future Sight
|
|-end|p1a: Slowking|Infestation|[partiallytrapped]|[silent]
|upkeep
|turn|31
|j| RedemptiveSketch
|inactive|silver jay#2240 has 120 seconds left.
|l| RedemptiveSketch
|j| InDaHouseSun
|l| InDaHouseSun
|inactive|silver jay#2240 has 90 seconds left.
|j| Gamewolf378
|inactive|silver jay#2240 has 60 seconds left.
|
|t:|1779813738
|switch|p2a: Toxapex|Toxapex, F, shiny|100/100
|switch|p1a: Clefable|Clefable, F|89/100
|
|upkeep
|turn|32
|
|t:|1779813748
|switch|p1a: Corviknight|Corviknight, F|79/100
|-ability|p1a: Corviknight|Pressure
|switch|p2a: Gliscor|Gliscor, F, shiny|100/100 tox
|
|-end|p2a: Gliscor|move: Future Sight
|-damage|p2a: Gliscor|44/100 tox
|-heal|p2a: Gliscor|57/100 tox|[from] ability: Poison Heal
|upkeep
|turn|33
|inactive|silver jay#2240 has 60 seconds left.
|l| Johnny tots
|
|t:|1779813757
|move|p2a: Gliscor|Knock Off|p1a: Corviknight
|-damage|p1a: Corviknight|71/100
|move|p1a: Corviknight|Defog|p2a: Gliscor
|-unboost|p2a: Gliscor|evasion|1
|-sideend|p1: silver jay#2240|Spikes|[from] move: Defog|[of] p1a: Corviknight
|
|-heal|p2a: Gliscor|69/100 tox|[from] ability: Poison Heal
|upkeep
|turn|34
|
|t:|1779813763
|move|p2a: Gliscor|Spikes|p1a: Corviknight
|-sidestart|p1: silver jay#2240|Spikes
|move|p1a: Corviknight|U-turn|p2a: Gliscor
|-resisted|p2a: Gliscor
|-damage|p2a: Gliscor|65/100 tox
|
|t:|1779813767
|switch|p1a: Slowking|Slowking-Galar, F|100/100|[from] U-turn
|-damage|p1a: Slowking|88/100|[from] Spikes
|
|-heal|p2a: Gliscor|77/100 tox|[from] ability: Poison Heal
|upkeep
|turn|35
|j| Oxyderkes
|
|t:|1779813772
|switch|p1a: Corviknight|Corviknight, F|71/100
|-ability|p1a: Corviknight|Pressure
|move|p2a: Gliscor|Knock Off|p1a: Corviknight
|-damage|p1a: Corviknight|62/100
|
|-heal|p2a: Gliscor|90/100 tox|[from] ability: Poison Heal
|upkeep
|turn|36
|inactive|silver jay#2240 has 90 seconds left.
|
|t:|1779813781
|switch|p2a: Toxapex|Toxapex, F, shiny|100/100
|move|p1a: Corviknight|U-turn|p2a: Toxapex
|-resisted|p2a: Toxapex
|-damage|p2a: Toxapex|96/100
|
|t:|1779813785
|switch|p1a: Slowking|Slowking-Galar, F|100/100|[from] U-turn
|-damage|p1a: Slowking|88/100|[from] Spikes
|
|upkeep
|turn|37
|
|t:|1779813789
|switch|p2a: Blissey|Blissey, F, shiny|100/100
|move|p1a: Slowking|Future Sight|p2a: Blissey
|-start|p1a: Slowking|move: Future Sight
|
|upkeep
|turn|38
|
|t:|1779813795
|switch|p2a: Toxapex|Toxapex, F, shiny|100/100
|switch|p1a: Corviknight|Corviknight, F|62/100
|-ability|p1a: Corviknight|Pressure
|
|upkeep
|turn|39
|
|t:|1779813816
|switch|p2a: Alomomola|Alomomola, F, shiny|100/100
|move|p1a: Corviknight|Defog|p2a: Alomomola
|-unboost|p2a: Alomomola|evasion|1
|-sideend|p1: silver jay#2240|Spikes|[from] move: Defog|[of] p1a: Corviknight
|
|-end|p2a: Alomomola|move: Future Sight
|-damage|p2a: Alomomola|59/100
|upkeep
|turn|40
|
|t:|1779813820
|switch|p2a: Toxapex|Toxapex, F, shiny|100/100
|move|p1a: Corviknight|U-turn|p2a: Toxapex
|-resisted|p2a: Toxapex
|-damage|p2a: Toxapex|96/100
|
|t:|1779813826
|switch|p1a: Ogerpon|Ogerpon-Wellspring, F|100/100|[from] U-turn
|
|upkeep
|turn|41
|
|t:|1779813833
|switch|p1a: Slowking|Slowking-Galar, F|100/100
|move|p2a: Toxapex|Toxic|p1a: Slowking
|-immune|p1a: Slowking
|
|upkeep
|turn|42
|inactive|silver jay#2240 has 120 seconds left.
|
|t:|1779813841
|switch|p2a: Blissey|Blissey, F, shiny|100/100
|move|p1a: Slowking|Future Sight|p2a: Blissey
|-start|p1a: Slowking|move: Future Sight
|
|upkeep
|turn|43
|
|t:|1779813845
|switch|p2a: Toxapex|Toxapex, F, shiny|100/100
|switch|p1a: Corviknight|Corviknight, F|62/100
|-ability|p1a: Corviknight|Pressure
|
|upkeep
|turn|44
|
|t:|1779813864
|switch|p1a: Slowking|Slowking-Galar, F|100/100
|switch|p2a: Alomomola|Alomomola, F, shiny|92/100
|
|-end|p2a: Alomomola|move: Future Sight
|-damage|p2a: Alomomola|51/100
|upkeep
|turn|45
|
|t:|1779813879
|switch|p2a: Blissey|Blissey, F, shiny|100/100
|move|p1a: Slowking|Future Sight|p2a: Blissey
|-start|p1a: Slowking|move: Future Sight
|
|upkeep
|turn|46
|
|t:|1779813886
|switch|p2a: Toxapex|Toxapex, F, shiny|100/100
|switch|p1a: Corviknight|Corviknight, F|62/100
|-ability|p1a: Corviknight|Pressure
|
|upkeep
|turn|47
|j|%Tb0lt
|
|t:|1779813905
|switch|p1a: Slowking|Slowking-Galar, F|100/100
|switch|p2a: Alomomola|Alomomola, F, shiny|84/100
|
|-end|p2a: Alomomola|move: Future Sight
|-crit|p2a: Alomomola
|-damage|p2a: Alomomola|20/100
|upkeep
|turn|48
|
|t:|1779813914
|move|p2a: Alomomola|Flip Turn|p1a: Slowking
|-damage|p1a: Slowking|84/100
|
|t:|1779813916
|switch|p2a: Blissey|Blissey, F, shiny|100/100|[from] Flip Turn
|move|p1a: Slowking|Future Sight|p2a: Blissey
|-start|p1a: Slowking|move: Future Sight
|
|upkeep
|turn|49
|
|t:|1779813924
|switch|p2a: Toxapex|Toxapex, F, shiny|100/100
|switch|p1a: Zamazenta|Zamazenta|100/100
|-ability|p1a: Zamazenta|Dauntless Shield|boost
|-boost|p1a: Zamazenta|def|1
|
|upkeep
|turn|50
|
|t:|1779813932
|switch|p1a: Corviknight|Corviknight, F|62/100
|-ability|p1a: Corviknight|Pressure
|move|p2a: Toxapex|Baneful Bunker||[still]
|-fail|p2a: Toxapex
|
|-end|p2a: Toxapex|move: Future Sight
|-supereffective|p2a: Toxapex
|-damage|p2a: Toxapex|33/100
|upkeep
|turn|51
|
|t:|1779813937
|switch|p2a: Alomomola|Alomomola, F, shiny|53/100
|move|p1a: Corviknight|U-turn|p2a: Alomomola
|-damage|p2a: Alomomola|44/100
|
|t:|1779813939
|switch|p1a: Zamazenta|Zamazenta|100/100|[from] U-turn
|
|upkeep
|turn|52
|
|t:|1779813946
|switch|p1a: Slowking|Slowking-Galar, F|100/100
|switch|p2a: Toxapex|Toxapex, F, shiny|67/100
|
|upkeep
|turn|53
|
|t:|1779813956
|switch|p2a: Alomomola|Alomomola, F, shiny|78/100
|switch|p1a: Clefable|Clefable, F|89/100
|
|upkeep
|turn|54
|c|☆silver jay#2240|errr
|
|t:|1779813963
|switch|p2a: Gliscor|Gliscor, F, shiny|90/100 tox
|move|p1a: Clefable|Stealth Rock|p2a: Gliscor
|-sidestart|p2: watch cats 2|move: Stealth Rock
|
|-heal|p2a: Gliscor|100/100 tox|[from] ability: Poison Heal
|upkeep
|turn|55
|
|t:|1779813968
|switch|p1a: Corviknight|Corviknight, F|62/100
|-ability|p1a: Corviknight|Pressure
|move|p2a: Gliscor|Spikes|p1a: Corviknight
|-sidestart|p1: silver jay#2240|Spikes
|
|upkeep
|turn|56
|
|t:|1779813982
|switch|p2a: Toxapex|Toxapex, F, shiny|99/100
|move|p1a: Corviknight|Roost|p1a: Corviknight
|-heal|p1a: Corviknight|100/100
|-singleturn|p1a: Corviknight|move: Roost
|
|upkeep
|turn|57
|
|t:|1779813986
|switch|p1a: Clefable|Clefable, F|89/100
|move|p2a: Toxapex|Infestation|p1a: Clefable
|-resisted|p1a: Clefable
|-damage|p1a: Clefable|88/100
|-activate|p1a: Clefable|move: Infestation|[of] p2a: Toxapex
|
|upkeep
|turn|58
|inactive|silver jay#2240 has 120 seconds left.
|inactive|silver jay#2240 has 90 seconds left.
|l| numba1noob
|
|t:|1779814062
|move|p2a: Toxapex|Baneful Bunker|p2a: Toxapex
|-singleturn|p2a: Toxapex|move: Protect
|move|p1a: Clefable|Knock Off|p2a: Toxapex
|-activate|p2a: Toxapex|move: Protect
|-status|p1a: Clefable|psn
|
|upkeep
|turn|59
|
|t:|1779814071
|switch|p2a: Gliscor|Gliscor, F, shiny|100/100 tox
|-damage|p2a: Gliscor|88/100 tox|[from] Stealth Rock
|move|p1a: Clefable|Moonblast|p2a: Gliscor
|-damage|p2a: Gliscor|50/100 tox
|
|-heal|p2a: Gliscor|63/100 tox|[from] ability: Poison Heal
|-end|p1a: Clefable|Infestation|[partiallytrapped]|[silent]
|upkeep
|turn|60
|
|t:|1779814080
|switch|p1a: Corviknight|Corviknight, F|100/100
|-ability|p1a: Corviknight|Pressure
|move|p2a: Gliscor|Protect||[still]
|-fail|p2a: Gliscor
|
|-heal|p2a: Gliscor|75/100 tox|[from] ability: Poison Heal
|upkeep
|turn|61
|inactive|silver jay#2240 has 90 seconds left.
|
|t:|1779814087
|switch|p2a: Alomomola|Alomomola, F, shiny|100/100
|switch|p1a: Clefable|Clefable, F|88/100 psn
|
|upkeep
|turn|62
|
|t:|1779814096
|switch|p1a: Slowking|Slowking-Galar, F|100/100
|-damage|p1a: Slowking|88/100|[from] Spikes
|switch|p2a: Clodsire|Clodsire, F, shiny|100/100
|
|upkeep
|turn|63
|
|t:|1779814103
|switch|p1a: Corviknight|Corviknight, F|100/100
|-ability|p1a: Corviknight|Pressure
|switch|p2a: Blissey|Blissey, F, shiny|100/100
|
|upkeep
|turn|64
|
|t:|1779814110
|switch|p1a: Slowking|Slowking-Galar, F|100/100
|-damage|p1a: Slowking|88/100|[from] Spikes
|switch|p2a: Toxapex|Toxapex, F, shiny|100/100
|
|upkeep
|turn|65
|c|☆silver jay#2240|boots bliss, pex
|
|t:|1779814123
|switch|p2a: Blissey|Blissey, F, shiny|100/100
|switch|p1a: Clefable|Clefable, F|88/100 psn
|
|upkeep
|turn|66
|
|t:|1779814128
|switch|p1a: Corviknight|Corviknight, F|100/100
|-ability|p1a: Corviknight|Pressure
|switch|p2a: Clodsire|Clodsire, F, shiny|100/100
|
|upkeep
|turn|67
|c|☆silver jay#2240|boots clod
|
|t:|1779814142
|switch|p1a: Slowking|Slowking-Galar, F|100/100
|-damage|p1a: Slowking|88/100|[from] Spikes
|switch|p2a: Toxapex|Toxapex, F, shiny|100/100
|
|upkeep
|turn|68
|inactive|silver jay#2240 has 90 seconds left.
|c| Chris Talus|this is why you bring knock on everything
|inactive|silver jay#2240 has 60 seconds left.
|
|t:|1779814210
|switch|p2a: Blissey|Blissey, F, shiny|100/100
|switch|p1a: Clefable|Clefable, F|88/100 psn
|
|upkeep
|turn|69
|inactive|silver jay#2240 has 60 seconds left.
|
|t:|1779814223
|switch|p2a: Clodsire|Clodsire, F, shiny|100/100
|move|p1a: Clefable|Moonblast|p2a: Clodsire
|-resisted|p2a: Clodsire
|-damage|p2a: Clodsire|92/100
|
|upkeep
|turn|70
|
|t:|1779814229
|switch|p1a: Corviknight|Corviknight, F|100/100
|-ability|p1a: Corviknight|Pressure
|move|p2a: Clodsire|Bulldoze|p1a: Corviknight
|-immune|p1a: Corviknight
|
|upkeep
|turn|71
|
|t:|1779814237
|switch|p1a: Clefable|Clefable, F|88/100 psn
|switch|p2a: Toxapex|Toxapex, F, shiny|100/100
|
|upkeep
|turn|72
|j| kooopooolooo
|inactive|silver jay#2240 has 60 seconds left.
|
|t:|1779814267
|switch|p1a: Corviknight|Corviknight, F|100/100
|-ability|p1a: Corviknight|Pressure
|switch|p2a: Gliscor|Gliscor, F, shiny|75/100 tox
|-damage|p2a: Gliscor|63/100 tox|[from] Stealth Rock
|
|-heal|p2a: Gliscor|75/100 tox|[from] ability: Poison Heal
|upkeep
|turn|73
|
|t:|1779814275
|switch|p1a: Clefable|Clefable, F|88/100 psn
|move|p2a: Gliscor|Knock Off|p1a: Clefable
|-resisted|p1a: Clefable
|-damage|p1a: Clefable|82/100 psn
|
|-heal|p2a: Gliscor|88/100 tox|[from] ability: Poison Heal
|upkeep
|turn|74
|
|t:|1779814279
|switch|p2a: Clodsire|Clodsire, F, shiny|92/100
|switch|p1a: Corviknight|Corviknight, F|100/100
|-ability|p1a: Corviknight|Pressure
|
|upkeep
|turn|75
|
|t:|1779814284
|switch|p1a: Clefable|Clefable, F|82/100 psn
|switch|p2a: Gliscor|Gliscor, F, shiny|88/100 tox
|-damage|p2a: Gliscor|75/100 tox|[from] Stealth Rock
|
|-heal|p2a: Gliscor|88/100 tox|[from] ability: Poison Heal
|upkeep
|turn|76
|
|t:|1779814288
|switch|p2a: Clodsire|Clodsire, F, shiny|92/100
|switch|p1a: Corviknight|Corviknight, F|100/100
|-ability|p1a: Corviknight|Pressure
|
|upkeep
|turn|77
|
|t:|1779814291
|switch|p1a: Clefable|Clefable, F|82/100 psn
|switch|p2a: Gliscor|Gliscor, F, shiny|88/100 tox
|-damage|p2a: Gliscor|75/100 tox|[from] Stealth Rock
|
|-heal|p2a: Gliscor|88/100 tox|[from] ability: Poison Heal
|upkeep
|turn|78
|j| yuureisuisei
|
|t:|1779814294
|switch|p2a: Clodsire|Clodsire, F, shiny|92/100
|move|p1a: Clefable|Knock Off|p2a: Clodsire
|-damage|p2a: Clodsire|74/100
|-enditem|p2a: Clodsire|Heavy-Duty Boots|[from] move: Knock Off|[of] p1a: Clefable
|
|upkeep
|turn|79
|inactive|silver jay#2240 has 120 seconds left.
|
|t:|1779814299
|switch|p1a: Corviknight|Corviknight, F|100/100
|-ability|p1a: Corviknight|Pressure
|move|p2a: Clodsire|Amnesia|p2a: Clodsire
|-boost|p2a: Clodsire|spd|2
|
|upkeep
|turn|80
|c| kooopooolooo|I'm suprised stall got this far at all
|inactive|silver jay#2240 has 120 seconds left.
|c|☆silver jay#2240|sorry i wasnt paying attention i was teambuilding for something but i timed out for that anyways
|c|☆silver jay#2240|ill be present here now
|
|t:|1779814339
|switch|p1a: Clefable|Clefable, F|82/100 psn
|move|p2a: Clodsire|Toxic||[still]
|-fail|p2a: Clodsire
|
|upkeep
|turn|81
|
|t:|1779814348
|switch|p1a: Corviknight|Corviknight, F|100/100
|-ability|p1a: Corviknight|Pressure
|move|p2a: Clodsire|Toxic|p1a: Corviknight
|-immune|p1a: Corviknight
|
|upkeep
|turn|82
|
|t:|1779814351
|switch|p1a: Clefable|Clefable, F|82/100 psn
|move|p2a: Clodsire|Amnesia|p2a: Clodsire
|-boost|p2a: Clodsire|spd|2
|
|upkeep
|turn|83
|
|t:|1779814358
|switch|p1a: Corviknight|Corviknight, F|100/100
|-ability|p1a: Corviknight|Pressure
|move|p2a: Clodsire|Toxic|p1a: Corviknight
|-immune|p1a: Corviknight
|
|upkeep
|turn|84
|
|t:|1779814361
|switch|p2a: Alomomola|Alomomola, F, shiny|100/100
|move|p1a: Corviknight|U-turn|p2a: Alomomola
|-damage|p2a: Alomomola|91/100
|c| Chris Talus|the breakers are on paid leave
|
|t:|1779814367
|switch|p1a: Slowking|Slowking-Galar, F|100/100|[from] U-turn
|-damage|p1a: Slowking|88/100|[from] Spikes
|
|upkeep
|turn|85
|
|t:|1779814378
|switch|p2a: Blissey|Blissey, F, shiny|100/100
|move|p1a: Slowking|Future Sight|p2a: Blissey
|-start|p1a: Slowking|move: Future Sight
|
|upkeep
|turn|86
|
|t:|1779814382
|switch|p2a: Toxapex|Toxapex, F, shiny|100/100
|switch|p1a: Clefable|Clefable, F|82/100 psn
|
|upkeep
|turn|87
|
|t:|1779814406
|switch|p1a: Ogerpon|Ogerpon-Wellspring, F|100/100
|-damage|p1a: Ogerpon|88/100|[from] Spikes
|move|p2a: Toxapex|Baneful Bunker||[still]
|-fail|p2a: Toxapex
|
|-end|p2a: Toxapex|move: Future Sight
|-supereffective|p2a: Toxapex
|-damage|p2a: Toxapex|27/100
|upkeep
|turn|88
|
|t:|1779814425
|switch|p1a: Clefable|Clefable, F|82/100 psn
|move|p2a: Toxapex|Toxic||[still]
|-fail|p2a: Toxapex
|
|upkeep
|turn|89
|
|t:|1779814434
|switch|p1a: Corviknight|Corviknight, F|100/100
|-ability|p1a: Corviknight|Pressure
|switch|p2a: Clodsire|Clodsire, F, shiny|74/100
|-damage|p2a: Clodsire|68/100|[from] Stealth Rock
|
|upkeep
|turn|90
|
|t:|1779814441
|switch|p2a: Toxapex|Toxapex, F, shiny|60/100
|move|p1a: Corviknight|Brave Bird|p2a: Toxapex
|-damage|p2a: Toxapex|35/100
|-damage|p1a: Corviknight|94/100|[from] Recoil
|
|upkeep
|turn|91
|
|t:|1779814447
|switch|p1a: Clefable|Clefable, F|82/100 psn
|move|p2a: Toxapex|Recover|p2a: Toxapex
|-heal|p2a: Toxapex|85/100
|
|upkeep
|turn|92
|
|t:|1779814456
|switch|p2a: Clodsire|Clodsire, F, shiny|68/100
|-damage|p2a: Clodsire|62/100|[from] Stealth Rock
|move|p1a: Clefable|Knock Off|p2a: Clodsire
|-damage|p2a: Clodsire|50/100
|
|upkeep
|turn|93
|
|t:|1779814460
|switch|p1a: Corviknight|Corviknight, F|94/100
|-ability|p1a: Corviknight|Pressure
|move|p2a: Clodsire|Recover|p2a: Clodsire
|-heal|p2a: Clodsire|99/100
|
|upkeep
|turn|94
|
|t:|1779814465
|switch|p1a: Clefable|Clefable, F|82/100 psn
|switch|p2a: Alomomola|Alomomola, F, shiny|100/100
|
|upkeep
|turn|95
|j|+sky
|
|t:|1779814474
|switch|p1a: Ogerpon|Ogerpon-Wellspring, F|88/100
|-damage|p1a: Ogerpon|76/100|[from] Spikes
|switch|p2a: Gliscor|Gliscor, F, shiny|88/100 tox
|-damage|p2a: Gliscor|75/100 tox|[from] Stealth Rock
|
|-heal|p2a: Gliscor|88/100 tox|[from] ability: Poison Heal
|upkeep
|turn|96
|
|t:|1779814486
|switch|p2a: Toxapex|Toxapex, F, shiny|100/100
|move|p1a: Ogerpon|Ivy Cudgel|p2a: Toxapex|[anim] Ivy Cudgel Water
|-resisted|p2a: Toxapex
|-damage|p2a: Toxapex|83/100
|
|upkeep
|turn|97
|
|t:|1779814495
|switch|p1a: Clefable|Clefable, F|82/100 psn
|move|p2a: Toxapex|Toxic||[still]
|-fail|p2a: Toxapex
|
|upkeep
|turn|98
|
|t:|1779814499
|switch|p1a: Corviknight|Corviknight, F|94/100
|-ability|p1a: Corviknight|Pressure
|switch|p2a: Gliscor|Gliscor, F, shiny|88/100 tox
|-damage|p2a: Gliscor|75/100 tox|[from] Stealth Rock
|
|-heal|p2a: Gliscor|88/100 tox|[from] ability: Poison Heal
|upkeep
|turn|99
|
|t:|1779814524
|move|p2a: Gliscor|Spikes|p1a: Corviknight
|-sidestart|p1: silver jay#2240|Spikes
|move|p1a: Corviknight|Defog|p2a: Gliscor
|-unboost|p2a: Gliscor|evasion|1
|-sideend|p2: watch cats 2|Stealth Rock|[from] move: Defog|[of] p1a: Corviknight
|-sideend|p1: silver jay#2240|Spikes|[from] move: Defog|[of] p1a: Corviknight
|
|-heal|p2a: Gliscor|100/100 tox|[from] ability: Poison Heal
|upkeep
|turn|100
|
|t:|1779814534
|switch|p1a: Clefable|Clefable, F|82/100 psn
|move|p2a: Gliscor|Spikes|p1a: Clefable
|-sidestart|p1: silver jay#2240|Spikes
|
|upkeep
|turn|101
|
|t:|1779814538
|switch|p2a: Clodsire|Clodsire, F, shiny|99/100
|switch|p1a: Corviknight|Corviknight, F|94/100
|-ability|p1a: Corviknight|Pressure
|
|upkeep
|turn|102
|
|t:|1779814548
|switch|p1a: Clefable|Clefable, F|82/100 psn
|switch|p2a: Blissey|Blissey, F, shiny|100/100
|
|upkeep
|turn|103
|
|t:|1779814557
|switch|p2a: Gliscor|Gliscor, F, shiny|100/100 tox
|move|p1a: Clefable|Knock Off|p2a: Gliscor
|-damage|p2a: Gliscor|92/100 tox
|-enditem|p2a: Gliscor|Toxic Orb|[from] move: Knock Off|[of] p1a: Clefable
|
|-heal|p2a: Gliscor|100/100 tox|[from] ability: Poison Heal
|upkeep
|turn|104
|
|t:|1779814567
|switch|p2a: Clodsire|Clodsire, F, shiny|99/100
|switch|p1a: Corviknight|Corviknight, F|94/100
|-ability|p1a: Corviknight|Pressure
|
|upkeep
|turn|105
|
|t:|1779814573
|switch|p1a: Slowking|Slowking-Galar, F|100/100
|-damage|p1a: Slowking|88/100|[from] Spikes
|switch|p2a: Blissey|Blissey, F, shiny|100/100
|
|upkeep
|turn|106
|
|t:|1779814584
|switch|p1a: Clefable|Clefable, F|82/100 psn
|move|p2a: Blissey|Stealth Rock|p1a: Clefable
|-sidestart|p1: silver jay#2240|move: Stealth Rock
|
|upkeep
|turn|107
|
|t:|1779814593
|switch|p1a: Corviknight|Corviknight, F|94/100
|-damage|p1a: Corviknight|82/100|[from] Stealth Rock
|-ability|p1a: Corviknight|Pressure
|switch|p2a: Gliscor|Gliscor, F, shiny|100/100 tox
|
|upkeep
|turn|108
|
|t:|1779814597
|switch|p2a: Blissey|Blissey, F, shiny|100/100
|move|p1a: Corviknight|Defog|p2a: Blissey
|-unboost|p2a: Blissey|evasion|1
|-sideend|p1: silver jay#2240|Spikes|[from] move: Defog|[of] p1a: Corviknight
|-sideend|p1: silver jay#2240|Stealth Rock|[from] move: Defog|[of] p1a: Corviknight
|
|upkeep
|turn|109
|
|t:|1779814601
|move|p1a: Corviknight|U-turn|p2a: Blissey
|-damage|p2a: Blissey|86/100
|
|t:|1779814605
|switch|p1a: Ogerpon|Ogerpon-Wellspring, F|76/100|[from] U-turn
|move|p2a: Blissey|Stealth Rock|p1a: Ogerpon
|-sidestart|p1: silver jay#2240|move: Stealth Rock
|
|upkeep
|turn|110
|
|t:|1779814621
|switch|p2a: Toxapex|Toxapex, F, shiny|100/100
|move|p1a: Ogerpon|Knock Off|p2a: Toxapex
|-damage|p2a: Toxapex|76/100
|-enditem|p2a: Toxapex|Heavy-Duty Boots|[from] move: Knock Off|[of] p1a: Ogerpon
|
|upkeep
|turn|111
|j| RedemptiveSketch
|
|t:|1779814642
|switch|p1a: Clefable|Clefable, F|82/100 psn
|move|p2a: Toxapex|Infestation|p1a: Clefable
|-resisted|p1a: Clefable
|-damage|p1a: Clefable|81/100 psn
|-activate|p1a: Clefable|move: Infestation|[of] p2a: Toxapex
|
|upkeep
|turn|112
|c|☆silver jay#2240|watch me reveal taunt on turn 200
|
|t:|1779814652
|switch|p2a: Gliscor|Gliscor, F, shiny|100/100 tox
|move|p1a: Clefable|Stealth Rock|p2a: Gliscor
|-sidestart|p2: watch cats 2|move: Stealth Rock
|
|-end|p1a: Clefable|Infestation|[partiallytrapped]|[silent]
|upkeep
|turn|113
|c| kooopooolooo|Who's watch cats 1?
|inactive|silver jay#2240 has 120 seconds left.
|
|t:|1779814673
|switch|p2a: Toxapex|Toxapex, F, shiny|100/100
|-damage|p2a: Toxapex|88/100|[from] Stealth Rock
|switch|p1a: Corviknight|Corviknight, F|82/100
|-damage|p1a: Corviknight|70/100|[from] Stealth Rock
|-ability|p1a: Corviknight|Pressure
|
|upkeep
|turn|114
|c| RedemptiveSketch|what have we been doin for 100 turns
|c| Chris Talus|we lost them in the incident
|inactive|silver jay#2240 has 120 seconds left.
|
|t:|1779814681
|move|p1a: Corviknight|Defog|p2a: Toxapex
|-unboost|p2a: Toxapex|evasion|1
|-sideend|p2: watch cats 2|Stealth Rock|[from] move: Defog|[of] p1a: Corviknight
|-sideend|p1: silver jay#2240|Stealth Rock|[from] move: Defog|[of] p1a: Corviknight
|move|p2a: Toxapex|Infestation|p1a: Corviknight
|-resisted|p1a: Corviknight
|-damage|p1a: Corviknight|69/100
|-activate|p1a: Corviknight|move: Infestation|[of] p2a: Toxapex
|
|-damage|p1a: Corviknight|57/100|[from] move: Infestation|[partiallytrapped]
|upkeep
|turn|115
|c| kooopooolooo|what do you mean the incident?
|
|t:|1779814691
|move|p2a: Toxapex|Baneful Bunker|p2a: Toxapex
|-singleturn|p2a: Toxapex|move: Protect
|move|p1a: Corviknight|Roost|p1a: Corviknight
|-heal|p1a: Corviknight|100/100
|-singleturn|p1a: Corviknight|move: Roost
|
|-damage|p1a: Corviknight|88/100|[from] move: Infestation|[partiallytrapped]
|upkeep
|turn|116
|c|☆silver jay#2240|we dont talk about the incident.
|c| kooopooolooo|k
|
|t:|1779814701
|switch|p2a: Gliscor|Gliscor, F, shiny|100/100 tox
|move|p1a: Corviknight|U-turn|p2a: Gliscor
|-resisted|p2a: Gliscor
|-damage|p2a: Gliscor|96/100 tox
|
|t:|1779814705
|switch|p1a: Ogerpon|Ogerpon-Wellspring, F|76/100|[from] U-turn
|
|-heal|p2a: Gliscor|100/100 tox|[from] ability: Poison Heal
|upkeep
|turn|117
|
|t:|1779814718
|switch|p1a: Slowking|Slowking-Galar, F|100/100
|move|p2a: Gliscor|Toxic|p1a: Slowking
|-immune|p1a: Slowking
|
|upkeep
|turn|118
|inactive|silver jay#2240 has 120 seconds left.
|
|t:|1779814733
|switch|p2a: Blissey|Blissey, F, shiny|86/100
|switch|p1a: Clefable|Clefable, F|81/100 psn
|
|upkeep
|turn|119
|inactive|silver jay#2240 has 120 seconds left.
|c| Gamewolf378|I’ve gtg for like an hour and a half, can I trust you guys to still be at this once I’m back? I wanna see the ending lol
|
|t:|1779814746
|switch|p2a: Gliscor|Gliscor, F, shiny|100/100 tox
|move|p1a: Clefable|Knock Off|p2a: Gliscor
|-damage|p2a: Gliscor|95/100 tox
|
|-heal|p2a: Gliscor|100/100 tox|[from] ability: Poison Heal
|upkeep
|turn|120
|c| kooopooolooo|the replay will be available for the public
|
|t:|1779814753
|switch|p1a: Corviknight|Corviknight, F|88/100
|-ability|p1a: Corviknight|Pressure
|move|p2a: Gliscor|Spikes|p1a: Corviknight
|-sidestart|p1: silver jay#2240|Spikes
|
|upkeep
|turn|121
|c| Gamewolf378|True
|c| kooopooolooo|I think
|
|t:|1779814756
|switch|p2a: Toxapex|Toxapex, F, shiny|100/100
|switch|p1a: Clefable|Clefable, F|81/100 psn
|
|upkeep
|turn|122
|inactive|silver jay#2240 has 120 seconds left.
|
|t:|1779814775
|switch|p1a: Slowking|Slowking-Galar, F|100/100
|-damage|p1a: Slowking|88/100|[from] Spikes
|switch|p2a: Gliscor|Gliscor, F, shiny|100/100 tox
|
|upkeep
|turn|123
|
|t:|1779814783
|switch|p1a: Corviknight|Corviknight, F|88/100
|-ability|p1a: Corviknight|Pressure
|move|p2a: Gliscor|Knock Off|p1a: Corviknight
|-damage|p1a: Corviknight|80/100
|
|upkeep
|turn|124
|
|t:|1779814788
|switch|p2a: Blissey|Blissey, F, shiny|86/100
|switch|p1a: Clefable|Clefable, F|81/100 psn
|
|upkeep
|turn|125
|
|t:|1779814798
|switch|p1a: Corviknight|Corviknight, F|80/100
|-ability|p1a: Corviknight|Pressure
|switch|p2a: Toxapex|Toxapex, F, shiny|100/100
|
|upkeep
|turn|126
|c| RedemptiveSketch|what has grafaiai been doin in the back for 125 turns
|c| Chris Talus|scratching it's ass
|c|☆silver jay#2240|doodling
|inactive|silver jay#2240 has 90 seconds left.
|c|☆silver jay#2240|gonna reveal knock on turn 300
|
|t:|1779814842
|switch|p1a: Slowking|Slowking-Galar, F|100/100
|-damage|p1a: Slowking|88/100|[from] Spikes
|switch|p2a: Gliscor|Gliscor, F, shiny|100/100 tox
|
|upkeep
|turn|127
|c| RedemptiveSketch|animations sped up
|
|t:|1779814854
|switch|p2a: Blissey|Blissey, F, shiny|86/100
|switch|p1a: Clefable|Clefable, F|81/100 psn
|
|upkeep
|turn|128
|c| Chris Talus|just click grafaiai beam
|j|@Stads
|
|t:|1779814863
|switch|p2a: Toxapex|Toxapex, F, shiny|100/100
|move|p1a: Clefable|Knock Off|p2a: Toxapex
|-damage|p2a: Toxapex|94/100
|
|upkeep
|turn|129
|c|☆silver jay#2240|augh
|
|t:|1779814871
|switch|p1a: Slowking|Slowking-Galar, F|100/100
|-damage|p1a: Slowking|88/100|[from] Spikes
|switch|p2a: Gliscor|Gliscor, F, shiny|100/100 tox
|
|upkeep
|turn|130
|
|t:|1779814877
|switch|p2a: Blissey|Blissey, F, shiny|86/100
|switch|p1a: Corviknight|Corviknight, F|80/100
|-ability|p1a: Corviknight|Pressure
|
|upkeep
|turn|131
|
|t:|1779814882
|switch|p2a: Gliscor|Gliscor, F, shiny|100/100 tox
|move|p1a: Corviknight|U-turn|p2a: Gliscor
|-resisted|p2a: Gliscor
|-damage|p2a: Gliscor|96/100 tox
|
|t:|1779814892
|switch|p1a: Slowking|Slowking-Galar, F|100/100|[from] U-turn
|-damage|p1a: Slowking|88/100|[from] Spikes
|
|-heal|p2a: Gliscor|100/100 tox|[from] ability: Poison Heal
|upkeep
|turn|132
|
|t:|1779814895
|switch|p2a: Blissey|Blissey, F, shiny|86/100
|switch|p1a: Corviknight|Corviknight, F|80/100
|-ability|p1a: Corviknight|Pressure
|
|upkeep
|turn|133
|inactive|silver jay#2240 has 90 seconds left.
|
|t:|1779814902
|switch|p1a: Clefable|Clefable, F|81/100 psn
|switch|p2a: Gliscor|Gliscor, F, shiny|100/100 tox
|
|upkeep
|turn|134
|inactive|silver jay#2240 has 90 seconds left.
|
|t:|1779814913
|switch|p2a: Toxapex|Toxapex, F, shiny|100/100
|switch|p1a: Corviknight|Corviknight, F|80/100
|-ability|p1a: Corviknight|Pressure
|
|upkeep
|turn|135
|
|t:|1779814918
|switch|p1a: Clefable|Clefable, F|81/100 psn
|switch|p2a: Gliscor|Gliscor, F, shiny|100/100 tox
|
|upkeep
|turn|136
|
|t:|1779814925
|switch|p2a: Toxapex|Toxapex, F, shiny|100/100
|switch|p1a: Zamazenta|Zamazenta|100/100
|
|upkeep
|turn|137
|
|t:|1779814932
|switch|p1a: Corviknight|Corviknight, F|80/100
|-ability|p1a: Corviknight|Pressure
|switch|p2a: Alomomola|Alomomola, F, shiny|100/100
|
|upkeep
|turn|138
|
|t:|1779814940
|switch|p1a: Ogerpon|Ogerpon-Wellspring, F|76/100
|-damage|p1a: Ogerpon|64/100|[from] Spikes
|switch|p2a: Toxapex|Toxapex, F, shiny|100/100
|
|upkeep
|turn|139
|c| RedemptiveSketch|1k turns of switching around
|
|t:|1779814950
|switch|p1a: Corviknight|Corviknight, F|80/100
|-ability|p1a: Corviknight|Pressure
|move|p2a: Toxapex|Infestation|p1a: Corviknight
|-resisted|p1a: Corviknight
|-damage|p1a: Corviknight|80/100
|-activate|p1a: Corviknight|move: Infestation|[of] p2a: Toxapex
|
|-damage|p1a: Corviknight|67/100|[from] move: Infestation|[partiallytrapped]
|upkeep
|turn|140
|c| Gamewolf378|Alr bye
|c| Gamewolf378|o7
|
|t:|1779814969
|move|p2a: Toxapex|Baneful Bunker|p2a: Toxapex
|-singleturn|p2a: Toxapex|move: Protect
|move|p1a: Corviknight|Defog|p2a: Toxapex
|-activate|p2a: Toxapex|move: Protect
|
|-damage|p1a: Corviknight|55/100|[from] move: Infestation|[partiallytrapped]
|upkeep
|turn|141
|l| RedemptiveSketch
|c|☆silver jay#2240|whattt
|c|☆silver jay#2240|shit
|
|t:|1779814984
|move|p1a: Corviknight|Defog|p2a: Toxapex
|-unboost|p2a: Toxapex|evasion|1
|-sideend|p1: silver jay#2240|Spikes|[from] move: Defog|[of] p1a: Corviknight
|move|p2a: Toxapex|Toxic|p1a: Corviknight
|-immune|p1a: Corviknight
|
|-damage|p1a: Corviknight|43/100|[from] move: Infestation|[partiallytrapped]
|upkeep
|turn|142
|
|t:|1779814995
|switch|p2a: Alomomola|Alomomola, F, shiny|100/100
|move|p1a: Corviknight|Roost|p1a: Corviknight
|-heal|p1a: Corviknight|93/100
|-singleturn|p1a: Corviknight|move: Roost
|
|-end|p1a: Corviknight|Infestation|[partiallytrapped]|[silent]
|upkeep
|turn|143
|c| tiktokbrainrotahh|this
|c| tiktokbrainrotahh|still going
|c| tiktokbrainrotahh|aintno way
|c| kooopooolooo|Man, someone get hoopa-u out of hawaii
|c| Chris Talus|if a stall game goes on this long you're probably losing
|inactive|silver jay#2240 has 60 seconds left.
|
|t:|1779815015
|switch|p1a: Grafaiai|Grafaiai, F|100/100
|switch|p2a: Toxapex|Toxapex, F, shiny|100/100
|
|upkeep
|turn|144
|inactive|silver jay#2240 has 60 seconds left.
|
|t:|1779815033
|switch|p1a: Slowking|Slowking-Galar, F|100/100
|move|p2a: Toxapex|Baneful Bunker||[still]
|-fail|p2a: Toxapex
|
|upkeep
|turn|145
|c|☆silver jay#2240|patience, friend
|c|☆silver jay#2240|i have plenty of tricks up my sleeve
|inactive|silver jay#2240 has 30 seconds left.
|
|t:|1779815063
|switch|p2a: Gliscor|Gliscor, F, shiny|100/100 tox
|switch|p1a: Clefable|Clefable, F|81/100 psn
|
|upkeep
|turn|146
|inactive|silver jay#2240 has 30 seconds left this turn.
|
|t:|1779815072
|switch|p1a: Ogerpon|Ogerpon-Wellspring, F|64/100
|move|p2a: Gliscor|Spikes|p1a: Ogerpon
|-sidestart|p1: silver jay#2240|Spikes
|
|upkeep
|turn|147
|c| Chris Talus|you've done nothing but tickle each other for the past 80 turns
|inactive|silver jay#2240 has 30 seconds left.
|
|t:|1779815087
|switch|p1a: Clefable|Clefable, F|81/100 psn
|move|p2a: Gliscor|Toxic||[still]
|-fail|p2a: Gliscor
|
|upkeep
|turn|148
|inactive|silver jay#2240 has 30 seconds left this turn.
|
|t:|1779815094
|switch|p2a: Toxapex|Toxapex, F, shiny|100/100
|switch|p1a: Corviknight|Corviknight, F|93/100
|-ability|p1a: Corviknight|Pressure
|
|upkeep
|turn|149
|inactive|silver jay#2240 has 30 seconds left this turn.
|
|t:|1779815101
|switch|p1a: Clefable|Clefable, F|81/100 psn
|move|p2a: Toxapex|Infestation|p1a: Clefable
|-resisted|p1a: Clefable
|-damage|p1a: Clefable|79/100 psn
|-activate|p1a: Clefable|move: Infestation|[of] p2a: Toxapex
|
|upkeep
|turn|150
|inactive|silver jay#2240 has 30 seconds left.
|
|t:|1779815111
|switch|p2a: Gliscor|Gliscor, F, shiny|100/100 tox
|move|p1a: Clefable|Stealth Rock|p2a: Gliscor
|-sidestart|p2: watch cats 2|move: Stealth Rock
|
|-end|p1a: Clefable|Infestation|[partiallytrapped]|[silent]
|upkeep
|turn|151
|
|t:|1779815117
|switch|p2a: Toxapex|Toxapex, F, shiny|100/100
|-damage|p2a: Toxapex|88/100|[from] Stealth Rock
|switch|p1a: Corviknight|Corviknight, F|93/100
|-ability|p1a: Corviknight|Pressure
|
|upkeep
|turn|152
|
|t:|1779815122
|switch|p1a: Clefable|Clefable, F|79/100 psn
|switch|p2a: Gliscor|Gliscor, F, shiny|100/100 tox
|-damage|p2a: Gliscor|88/100 tox|[from] Stealth Rock
|
|-heal|p2a: Gliscor|100/100 tox|[from] ability: Poison Heal
|upkeep
|turn|153
|j| RedemptiveSketch
|
|t:|1779815126
|switch|p2a: Toxapex|Toxapex, F, shiny|100/100
|-damage|p2a: Toxapex|88/100|[from] Stealth Rock
|switch|p1a: Corviknight|Corviknight, F|93/100
|-ability|p1a: Corviknight|Pressure
|
|upkeep
|turn|154
|
|t:|1779815128
|switch|p1a: Clefable|Clefable, F|79/100 psn
|switch|p2a: Gliscor|Gliscor, F, shiny|100/100 tox
|-damage|p2a: Gliscor|88/100 tox|[from] Stealth Rock
|
|-heal|p2a: Gliscor|100/100 tox|[from] ability: Poison Heal
|upkeep
|turn|155
|
|t:|1779815130
|switch|p2a: Toxapex|Toxapex, F, shiny|100/100
|-damage|p2a: Toxapex|88/100|[from] Stealth Rock
|switch|p1a: Corviknight|Corviknight, F|93/100
|-ability|p1a: Corviknight|Pressure
|
|upkeep
|turn|156
|
|t:|1779815133
|switch|p1a: Clefable|Clefable, F|79/100 psn
|switch|p2a: Gliscor|Gliscor, F, shiny|100/100 tox
|-damage|p2a: Gliscor|88/100 tox|[from] Stealth Rock
|
|-heal|p2a: Gliscor|100/100 tox|[from] ability: Poison Heal
|upkeep
|turn|157
|
|t:|1779815135
|switch|p2a: Toxapex|Toxapex, F, shiny|100/100
|-damage|p2a: Toxapex|88/100|[from] Stealth Rock
|switch|p1a: Corviknight|Corviknight, F|93/100
|-ability|p1a: Corviknight|Pressure
|
|upkeep
|turn|158
|
|t:|1779815137
|switch|p1a: Clefable|Clefable, F|79/100 psn
|switch|p2a: Gliscor|Gliscor, F, shiny|100/100 tox
|-damage|p2a: Gliscor|88/100 tox|[from] Stealth Rock
|
|-heal|p2a: Gliscor|100/100 tox|[from] ability: Poison Heal
|upkeep
|turn|159
|j| MiDash15
|
|t:|1779815139
|switch|p2a: Toxapex|Toxapex, F, shiny|100/100
|-damage|p2a: Toxapex|88/100|[from] Stealth Rock
|switch|p1a: Corviknight|Corviknight, F|93/100
|-ability|p1a: Corviknight|Pressure
|
|upkeep
|turn|160
|
|t:|1779815141
|switch|p1a: Clefable|Clefable, F|79/100 psn
|switch|p2a: Gliscor|Gliscor, F, shiny|100/100 tox
|-damage|p2a: Gliscor|88/100 tox|[from] Stealth Rock
|
|-heal|p2a: Gliscor|100/100 tox|[from] ability: Poison Heal
|upkeep
|turn|161
|
|t:|1779815143
|switch|p2a: Toxapex|Toxapex, F, shiny|100/100
|-damage|p2a: Toxapex|88/100|[from] Stealth Rock
|switch|p1a: Corviknight|Corviknight, F|93/100
|-ability|p1a: Corviknight|Pressure
|
|upkeep
|turn|162
|
|t:|1779815145
|switch|p1a: Clefable|Clefable, F|79/100 psn
|switch|p2a: Gliscor|Gliscor, F, shiny|100/100 tox
|-damage|p2a: Gliscor|88/100 tox|[from] Stealth Rock
|
|-heal|p2a: Gliscor|100/100 tox|[from] ability: Poison Heal
|upkeep
|turn|163
|
|t:|1779815147
|switch|p2a: Toxapex|Toxapex, F, shiny|100/100
|-damage|p2a: Toxapex|88/100|[from] Stealth Rock
|switch|p1a: Slowking|Slowking-Galar, F|100/100
|-damage|p1a: Slowking|88/100|[from] Spikes
|
|upkeep
|turn|164
|
|t:|1779815152
|switch|p2a: Blissey|Blissey, F, shiny|86/100
|switch|p1a: Clefable|Clefable, F|79/100 psn
|
|upkeep
|turn|165
|j| sote og rare
|
|t:|1779815157
|switch|p1a: Corviknight|Corviknight, F|93/100
|-ability|p1a: Corviknight|Pressure
|switch|p2a: Gliscor|Gliscor, F, shiny|100/100 tox
|-damage|p2a: Gliscor|88/100 tox|[from] Stealth Rock
|
|-heal|p2a: Gliscor|100/100 tox|[from] ability: Poison Heal
|upkeep
|turn|166
|
|t:|1779815159
|switch|p2a: Toxapex|Toxapex, F, shiny|100/100
|-damage|p2a: Toxapex|88/100|[from] Stealth Rock
|switch|p1a: Clefable|Clefable, F|79/100 psn
|
|upkeep
|turn|167
|
|t:|1779815162
|switch|p1a: Slowking|Slowking-Galar, F|100/100
|-damage|p1a: Slowking|88/100|[from] Spikes
|switch|p2a: Gliscor|Gliscor, F, shiny|100/100 tox
|-damage|p2a: Gliscor|88/100 tox|[from] Stealth Rock
|
|-heal|p2a: Gliscor|100/100 tox|[from] ability: Poison Heal
|upkeep
|turn|168
|
|t:|1779815166
|switch|p2a: Blissey|Blissey, F, shiny|86/100
|switch|p1a: Corviknight|Corviknight, F|93/100
|-ability|p1a: Corviknight|Pressure
|
|upkeep
|turn|169
|
|t:|1779815170
|switch|p1a: Clefable|Clefable, F|79/100 psn
|switch|p2a: Gliscor|Gliscor, F, shiny|100/100 tox
|-damage|p2a: Gliscor|88/100 tox|[from] Stealth Rock
|
|-heal|p2a: Gliscor|100/100 tox|[from] ability: Poison Heal
|upkeep
|turn|170
|inactive|silver jay#2240 has 120 seconds left.
|
|t:|1779815177
|switch|p2a: Toxapex|Toxapex, F, shiny|100/100
|-damage|p2a: Toxapex|88/100|[from] Stealth Rock
|switch|p1a: Corviknight|Corviknight, F|93/100
|-ability|p1a: Corviknight|Pressure
|
|upkeep
|turn|171
|
|t:|1779815180
|switch|p1a: Clefable|Clefable, F|79/100 psn
|switch|p2a: Gliscor|Gliscor, F, shiny|100/100 tox
|-damage|p2a: Gliscor|88/100 tox|[from] Stealth Rock
|
|-heal|p2a: Gliscor|100/100 tox|[from] ability: Poison Heal
|upkeep
|turn|172
|
|t:|1779815186
|switch|p2a: Toxapex|Toxapex, F, shiny|100/100
|-damage|p2a: Toxapex|88/100|[from] Stealth Rock
|switch|p1a: Corviknight|Corviknight, F|93/100
|-ability|p1a: Corviknight|Pressure
|
|upkeep
|turn|173
|
|t:|1779815192
|switch|p1a: Clefable|Clefable, F|79/100 psn
|switch|p2a: Gliscor|Gliscor, F, shiny|100/100 tox
|-damage|p2a: Gliscor|88/100 tox|[from] Stealth Rock
|
|-heal|p2a: Gliscor|100/100 tox|[from] ability: Poison Heal
|upkeep
|turn|174
|
|t:|1779815195
|switch|p2a: Toxapex|Toxapex, F, shiny|100/100
|-damage|p2a: Toxapex|88/100|[from] Stealth Rock
|switch|p1a: Corviknight|Corviknight, F|93/100
|-ability|p1a: Corviknight|Pressure
|
|upkeep
|turn|175
|
|t:|1779815198
|switch|p1a: Clefable|Clefable, F|79/100 psn
|switch|p2a: Gliscor|Gliscor, F, shiny|100/100 tox
|-damage|p2a: Gliscor|88/100 tox|[from] Stealth Rock
|
|-heal|p2a: Gliscor|100/100 tox|[from] ability: Poison Heal
|upkeep
|turn|176
|
|t:|1779815211
|switch|p2a: Toxapex|Toxapex, F, shiny|100/100
|-damage|p2a: Toxapex|88/100|[from] Stealth Rock
|switch|p1a: Corviknight|Corviknight, F|93/100
|-ability|p1a: Corviknight|Pressure
|
|upkeep
|turn|177
|
|t:|1779815220
|switch|p1a: Slowking|Slowking-Galar, F|100/100
|-damage|p1a: Slowking|88/100|[from] Spikes
|switch|p2a: Gliscor|Gliscor, F, shiny|100/100 tox
|-damage|p2a: Gliscor|88/100 tox|[from] Stealth Rock
|
|-heal|p2a: Gliscor|100/100 tox|[from] ability: Poison Heal
|upkeep
|turn|178
|
|t:|1779815230
|switch|p2a: Blissey|Blissey, F, shiny|86/100
|switch|p1a: Corviknight|Corviknight, F|93/100
|-ability|p1a: Corviknight|Pressure
|
|upkeep
|turn|179
|c| kooopooolooo|has zam done anything sofar?
|
|t:|1779815243
|switch|p1a: Slowking|Slowking-Galar, F|100/100
|-damage|p1a: Slowking|88/100|[from] Spikes
|move|p2a: Blissey|Stealth Rock|p1a: Slowking
|-sidestart|p1: silver jay#2240|move: Stealth Rock
|
|upkeep
|turn|180
|inactive|silver jay#2240 has 120 seconds left.
|l| RedemptiveSketch
|inactive|silver jay#2240 has 90 seconds left.
|
|t:|1779815285
|switch|p2a: Alomomola|Alomomola, F, shiny|100/100
|switch|p1a: Corviknight|Corviknight, F|93/100
|-damage|p1a: Corviknight|81/100|[from] Stealth Rock
|-ability|p1a: Corviknight|Pressure
|
|upkeep
|turn|181
|inactive|silver jay#2240 has 90 seconds left.
|
|t:|1779815298
|switch|p2a: Toxapex|Toxapex, F, shiny|100/100
|-damage|p2a: Toxapex|88/100|[from] Stealth Rock
|move|p1a: Corviknight|Defog|p2a: Toxapex
|-unboost|p2a: Toxapex|evasion|1
|-sideend|p2: watch cats 2|Stealth Rock|[from] move: Defog|[of] p1a: Corviknight
|-sideend|p1: silver jay#2240|Spikes|[from] move: Defog|[of] p1a: Corviknight
|-sideend|p1: silver jay#2240|Stealth Rock|[from] move: Defog|[of] p1a: Corviknight
|
|upkeep
|turn|182
|
|t:|1779815304
|switch|p1a: Slowking|Slowking-Galar, F|100/100
|switch|p2a: Gliscor|Gliscor, F, shiny|100/100 tox
|
|upkeep
|turn|183
|inactive|silver jay#2240 has 90 seconds left.
|
|t:|1779815314
|move|p2a: Gliscor|Spikes|p1a: Slowking
|-sidestart|p1: silver jay#2240|Spikes
|move|p1a: Slowking|Trick|p2a: Gliscor
|-activate|p1a: Slowking|move: Trick|[of] p2a: Gliscor
|-item|p2a: Gliscor|Choice Scarf|[from] move: Trick
|-enditem|p1a: Slowking|Choice Scarf|[silent]|[from] move: Trick
|
|upkeep
|turn|184
|inactive|silver jay#2240 has 90 seconds left.
|
|t:|1779815323
|switch|p2a: Toxapex|Toxapex, F, shiny|100/100
|move|p1a: Slowking|Trick||[still]
|-fail|p1a: Slowking
|
|upkeep
|turn|185
|c| kooopooolooo|o
|inactive|silver jay#2240 has 90 seconds left.
|c| kooopooolooo|.o.
|
|t:|1779815334
|switch|p1a: Corviknight|Corviknight, F|81/100
|-ability|p1a: Corviknight|Pressure
|move|p2a: Toxapex|Infestation|p1a: Corviknight
|-resisted|p1a: Corviknight
|-damage|p1a: Corviknight|80/100
|-activate|p1a: Corviknight|move: Infestation|[of] p2a: Toxapex
|
|-damage|p1a: Corviknight|68/100|[from] move: Infestation|[partiallytrapped]
|upkeep
|turn|186
|inactive|silver jay#2240 has 90 seconds left.
|
|t:|1779815344
|move|p2a: Toxapex|Baneful Bunker|p2a: Toxapex
|-singleturn|p2a: Toxapex|move: Protect
|move|p1a: Corviknight|Brave Bird|p2a: Toxapex
|-activate|p2a: Toxapex|move: Protect
|
|-damage|p1a: Corviknight|56/100|[from] move: Infestation|[partiallytrapped]
|upkeep
|turn|187
|
|t:|1779815352
|switch|p2a: Gliscor|Gliscor, F, shiny|100/100 tox
|move|p1a: Corviknight|U-turn|p2a: Gliscor
|-resisted|p2a: Gliscor
|-damage|p2a: Gliscor|97/100 tox
|inactive|silver jay#2240 has 90 seconds left.
|
|t:|1779815369
|switch|p1a: Slowking|Slowking-Galar, F|100/100|[from] U-turn
|-damage|p1a: Slowking|88/100|[from] Spikes
|
|-heal|p2a: Gliscor|100/100 tox|[from] ability: Poison Heal
|upkeep
|turn|188
|
|t:|1779815377
|move|p2a: Gliscor|Knock Off|p1a: Slowking
|-supereffective|p1a: Slowking
|-damage|p1a: Slowking|58/100
|move|p1a: Slowking|Future Sight|p2a: Gliscor
|-start|p1a: Slowking|move: Future Sight
|
|upkeep
|turn|189
|l|%Tb0lt
|
|t:|1779815390
|switch|p2a: Alomomola|Alomomola, F, shiny|100/100
|switch|p1a: Ogerpon|Ogerpon-Wellspring, F|64/100
|-damage|p1a: Ogerpon|51/100|[from] Spikes
|
|upkeep
|turn|190
|j| asasjuilaha
|
|t:|1779815406
|move|p2a: Alomomola|Protect|p2a: Alomomola
|-singleturn|p2a: Alomomola|Protect
|move|p1a: Ogerpon|Horn Leech|p2a: Alomomola
|-activate|p2a: Alomomola|move: Protect
|
|-end|p2a: Alomomola|move: Future Sight
|-damage|p2a: Alomomola|61/100
|upkeep
|turn|191
|
|t:|1779815417
|switch|p2a: Toxapex|Toxapex, F, shiny|100/100
|move|p1a: Ogerpon|Horn Leech|p2a: Toxapex
|-damage|p2a: Toxapex|73/100
|-heal|p1a: Ogerpon|65/100|[from] drain|[of] p2a: Toxapex
|
|upkeep
|turn|192
|
|t:|1779815425
|switch|p1a: Slowking|Slowking-Galar, F|91/100
|-damage|p1a: Slowking|79/100|[from] Spikes
|move|p2a: Toxapex|Toxic|p1a: Slowking
|-immune|p1a: Slowking
|
|upkeep
|turn|193
|
|t:|1779815431
|switch|p2a: Blissey|Blissey, F, shiny|86/100
|move|p1a: Slowking|Trick|p2a: Blissey
|-activate|p1a: Slowking|move: Trick|[of] p2a: Blissey
|-enditem|p2a: Blissey|Heavy-Duty Boots|[silent]|[from] move: Trick
|-item|p1a: Slowking|Heavy-Duty Boots|[from] move: Trick
|
|upkeep
|turn|194
|c|☆silver jay#2240|progress
|inactive|silver jay#2240 has 60 seconds left.
|
|t:|1779815447
|switch|p1a: Ogerpon|Ogerpon-Wellspring, F|65/100
|-damage|p1a: Ogerpon|53/100|[from] Spikes
|move|p2a: Blissey|Stealth Rock|p1a: Ogerpon
|-sidestart|p1: silver jay#2240|move: Stealth Rock
|
|upkeep
|turn|195
|c| MiDash15|first progress done after 190 turns
|l| kooopooolooo
|
|t:|1779815460
|switch|p2a: Toxapex|Toxapex, F, shiny|100/100
|move|p1a: Ogerpon|Horn Leech|p2a: Toxapex
|-damage|p2a: Toxapex|73/100
|-heal|p1a: Ogerpon|66/100|[from] drain|[of] p2a: Toxapex
|
|upkeep
|turn|196
|
|t:|1779815471
|switch|p1a: Slowking|Slowking-Galar, F|100/100
|move|p2a: Toxapex|Infestation|p1a: Slowking
|-damage|p1a: Slowking|99/100
|-activate|p1a: Slowking|move: Infestation|[of] p2a: Toxapex
|
|-damage|p1a: Slowking|86/100|[from] move: Infestation|[partiallytrapped]
|upkeep
|turn|197
|
|t:|1779815487
|switch|p2a: Blissey|Blissey, F, shiny|86/100
|move|p1a: Slowking|Future Sight|p2a: Blissey
|-start|p1a: Slowking|move: Future Sight
|
|-end|p1a: Slowking|Infestation|[partiallytrapped]|[silent]
|upkeep
|turn|198
|
|t:|1779815494
|switch|p2a: Alomomola|Alomomola, F, shiny|94/100
|switch|p1a: Corviknight|Corviknight, F|56/100
|-damage|p1a: Corviknight|43/100|[from] Stealth Rock
|-ability|p1a: Corviknight|Pressure
|
|upkeep
|turn|199
|
|t:|1779815500
|move|p1a: Corviknight|Defog|p2a: Alomomola
|-unboost|p2a: Alomomola|evasion|1
|-sideend|p1: silver jay#2240|Spikes|[from] move: Defog|[of] p1a: Corviknight
|-sideend|p1: silver jay#2240|Stealth Rock|[from] move: Defog|[of] p1a: Corviknight
|move|p2a: Alomomola|Wish|p2a: Alomomola
|
|-end|p2a: Alomomola|move: Future Sight
|-crit|p2a: Alomomola
|-damage|p2a: Alomomola|32/100
|upkeep
|turn|200
|
|t:|1779815508
|switch|p1a: Ogerpon|Ogerpon-Wellspring, F|66/100
|move|p2a: Alomomola|Protect||[still]
|-fail|p2a: Alomomola
|
|-heal|p2a: Alomomola|82/100|[from] move: Wish|[wisher] Alomomola
|upkeep
|turn|201
|inactive|silver jay#2240 has 30 seconds left.
|inactive|silver jay#2240 has 20 seconds left.
|j| skeb
|
|t:|1779815527
|switch|p1a: Corviknight|Corviknight, F|43/100
|-ability|p1a: Corviknight|Pressure
|switch|p2a: Gliscor|Gliscor, F, shiny|100/100 tox
|
|upkeep
|turn|202
|inactive|silver jay#2240 has 25 seconds left this turn.
|
|t:|1779815531
|move|p2a: Gliscor|Spikes|p1a: Corviknight
|-sidestart|p1: silver jay#2240|Spikes
|move|p1a: Corviknight|Roost|p1a: Corviknight
|-heal|p1a: Corviknight|93/100
|-singleturn|p1a: Corviknight|move: Roost
|
|upkeep
|turn|203
|inactive|silver jay#2240 has 25 seconds left this turn.
|l| skeb
|inactive|silver jay#2240 has 20 seconds left.
|
|t:|1779815536
|switch|p2a: Toxapex|Toxapex, F, shiny|100/100
|move|p1a: Corviknight|U-turn|p2a: Toxapex
|-resisted|p2a: Toxapex
|-damage|p2a: Toxapex|96/100
|inactive|silver jay#2240 has 25 seconds left this turn.
|
|t:|1779815541
|switch|p1a: Clefable|Clefable, F|79/100 psn|[from] U-turn
|
|upkeep
|turn|204
|inactive|silver jay#2240 has 25 seconds left this turn.
|
|t:|1779815548
|switch|p2a: Dondozo|Dondozo, F, shiny|100/100
|move|p1a: Clefable|Stealth Rock|p2a: Dondozo
|-sidestart|p2: watch cats 2|move: Stealth Rock
|
|upkeep
|turn|205
|inactive|silver jay#2240 has 30 seconds left this turn.
|c|☆silver jay#2240|woah.
|inactive|silver jay#2240 has 20 seconds left.
|c|☆silver jay#2240|where did that come from.
|inactive|silver jay#2240 has 15 seconds left.
|
|t:|1779815565
|switch|p1a: Ogerpon|Ogerpon-Wellspring, F|66/100
|-damage|p1a: Ogerpon|54/100|[from] Spikes
|switch|p2a: Gliscor|Gliscor, F, shiny|100/100 tox
|-damage|p2a: Gliscor|88/100 tox|[from] Stealth Rock
|
|-heal|p2a: Gliscor|100/100 tox|[from] ability: Poison Heal
|upkeep
|turn|206
|inactive|silver jay#2240 has 15 seconds left this turn.
|c| Chris Talus|the don is out on turn 205
|inactive|silver jay#2240 has 10 seconds left.
|
|t:|1779815574
|move|p1a: Ogerpon|Ivy Cudgel|p2a: Gliscor|[anim] Ivy Cudgel Water
|-supereffective|p2a: Gliscor
|-damage|p2a: Gliscor|30/100 tox
|move|p2a: Gliscor|Toxic|p1a: Ogerpon
|-status|p1a: Ogerpon|tox
|
|-damage|p1a: Ogerpon|48/100 tox|[from] psn
|-heal|p2a: Gliscor|43/100 tox|[from] ability: Poison Heal
|upkeep
|turn|207
|inactive|silver jay#2240 has 15 seconds left this turn.
|inactive|silver jay#2240 has 10 seconds left.
|
|t:|1779815581
|switch|p2a: Toxapex|Toxapex, F, shiny|100/100
|-damage|p2a: Toxapex|88/100|[from] Stealth Rock
|move|p1a: Ogerpon|Spikes|p2a: Toxapex
|-sidestart|p2: watch cats 2|Spikes
|
|-damage|p1a: Ogerpon|36/100 tox|[from] psn
|upkeep
|turn|208
|inactive|silver jay#2240 has 10 seconds left this turn.
|j| kooopooolooo
|inactive|silver jay#2240 has 5 seconds left.
|
|t:|1779815586
|switch|p1a: Clefable|Clefable, F|79/100 psn
|move|p2a: Toxapex|Infestation|p1a: Clefable
|-resisted|p1a: Clefable
|-damage|p1a: Clefable|78/100 psn
|-activate|p1a: Clefable|move: Infestation|[of] p2a: Toxapex
|
|upkeep
|turn|209
|inactive|silver jay#2240 has 10 seconds left this turn.
|j| ok sup
|inactive|silver jay#2240 has 5 seconds left.
|
|t:|1779815592
|switch|p2a: Blissey|Blissey, F, shiny|86/100
|-damage|p2a: Blissey|74/100|[from] Stealth Rock
|-damage|p2a: Blissey|61/100|[from] Spikes
|move|p1a: Clefable|Moonblast|p2a: Blissey
|-damage|p2a: Blissey|52/100
|
|-end|p1a: Clefable|Infestation|[partiallytrapped]|[silent]
|upkeep
|turn|210
|inactive|silver jay#2240 has 5 seconds left this turn.
|c| Chris Talus|you're about to get chess timered
|
|t:|1779815594
|switch|p1a: Corviknight|Corviknight, F|93/100
|-ability|p1a: Corviknight|Pressure
|move|p2a: Blissey|Stealth Rock|p1a: Corviknight
|-sidestart|p1: silver jay#2240|move: Stealth Rock
|
|upkeep
|turn|211
|inactive|silver jay#2240 has 10 seconds left this turn.
|
|t:|1779815597
|switch|p2a: Alomomola|Alomomola, F, shiny|100/100
|move|p1a: Corviknight|U-turn|p2a: Alomomola
|-damage|p2a: Alomomola|92/100
|inactive|silver jay#2240 has 15 seconds left this turn.
|c| MiDash15|lol
|inactive|silver jay#2240 has 10 seconds left.
|
|t:|1779815604
|switch|p1a: Clefable|Clefable, F|78/100 psn|[from] U-turn
|
|upkeep
|turn|212
|inactive|silver jay#2240 has 15 seconds left this turn.
|
|t:|1779815609
|switch|p2a: Blissey|Blissey, F, shiny|52/100
|-damage|p2a: Blissey|40/100|[from] Stealth Rock
|-damage|p2a: Blissey|27/100|[from] Spikes
|move|p1a: Clefable|Moonblast|p2a: Blissey
|-damage|p2a: Blissey|18/100
|
|upkeep
|turn|213
|inactive|silver jay#2240 has 15 seconds left this turn.
|inactive|silver jay#2240 has 10 seconds left.
|
|t:|1779815615
|switch|p1a: Zamazenta|Zamazenta|100/100
|move|p2a: Blissey|Soft-Boiled|p2a: Blissey
|-heal|p2a: Blissey|68/100
|
|upkeep
|turn|214
|inactive|silver jay#2240 has 15 seconds left this turn.
|l| kooopooolooo
|
|t:|1779815619
|switch|p2a: Toxapex|Toxapex, F, shiny|100/100
|-damage|p2a: Toxapex|88/100|[from] Stealth Rock
|-damage|p2a: Toxapex|76/100|[from] Spikes
|move|p1a: Zamazenta|Roar|p2a: Toxapex
|drag|p2a: Clodsire|Clodsire, F, shiny|99/100
|-damage|p2a: Clodsire|94/100|[from] Stealth Rock
|-damage|p2a: Clodsire|82/100|[from] Spikes
|
|upkeep
|turn|215
|inactive|silver jay#2240 has 15 seconds left this turn.
|inactive|silver jay#2240 has 10 seconds left.
|
|t:|1779815624
|switch|p1a: Corviknight|Corviknight, F|93/100
|-damage|p1a: Corviknight|81/100|[from] Stealth Rock
|-ability|p1a: Corviknight|Pressure
|move|p2a: Clodsire|Toxic|p1a: Corviknight
|-immune|p1a: Corviknight
|
|upkeep
|turn|216
|inactive|silver jay#2240 has 15 seconds left this turn.
|c| MiDash15|zamazenta out on turn 213
|
|t:|1779815627
|switch|p2a: Alomomola|Alomomola, F, shiny|100/100
|move|p1a: Corviknight|U-turn|p2a: Alomomola
|-damage|p2a: Alomomola|92/100
|inactive|silver jay#2240 has 20 seconds left this turn.
|j| kooopooolooo
|inactive|silver jay#2240 has 15 seconds left.
|
|t:|1779815633
|switch|p1a: Clefable|Clefable, F|78/100 psn|[from] U-turn
|
|upkeep
|turn|217
|inactive|silver jay#2240 has 20 seconds left this turn.
|
|t:|1779815637
|switch|p2a: Clodsire|Clodsire, F, shiny|82/100
|-damage|p2a: Clodsire|76/100|[from] Stealth Rock
|-damage|p2a: Clodsire|64/100|[from] Spikes
|move|p1a: Clefable|Moonblast|p2a: Clodsire
|-resisted|p2a: Clodsire
|-crit|p2a: Clodsire
|-damage|p2a: Clodsire|52/100
|
|upkeep
|turn|218
|inactive|silver jay#2240 has 20 seconds left this turn.
|
|t:|1779815640
|switch|p1a: Corviknight|Corviknight, F|81/100
|-damage|p1a: Corviknight|69/100|[from] Stealth Rock
|-ability|p1a: Corviknight|Pressure
|move|p2a: Clodsire|Recover|p2a: Clodsire
|-heal|p2a: Clodsire|100/100
|
|upkeep
|turn|219
|inactive|silver jay#2240 has 25 seconds left this turn.
|
|t:|1779815644
|switch|p2a: Alomomola|Alomomola, F, shiny|100/100
|move|p1a: Corviknight|U-turn|p2a: Alomomola
|-damage|p2a: Alomomola|91/100
|inactive|silver jay#2240 has 30 seconds left this turn.
|c| Chris Talus|no zam was here earlier it just didn't click anything
|
|t:|1779815649
|switch|p1a: Slowking|Slowking-Galar, F|100/100|[from] U-turn
|
|upkeep
|turn|220
|inactive|silver jay#2240 has 30 seconds left this turn.
|c| MiDash15|oh
|
|t:|1779815653
|move|p2a: Alomomola|Wish|p2a: Alomomola
|move|p1a: Slowking|Future Sight|p2a: Alomomola
|-start|p1a: Slowking|move: Future Sight
|
|upkeep
|turn|221
|inactive|silver jay#2240 has 30 seconds left this turn.
|
|t:|1779815660
|switch|p2a: Gliscor|Gliscor, F, shiny|43/100 tox
|-damage|p2a: Gliscor|30/100 tox|[from] Stealth Rock
|-prepare|p1a: Slowking|Chilly Reception|[premajor]
|move|p1a: Slowking|Chilly Reception|p1a: Slowking
|-weather|Snowscape
|
|t:|1779815663
|switch|p1a: Corviknight|Corviknight, F|69/100|[from] Chilly Reception
|-damage|p1a: Corviknight|57/100|[from] Stealth Rock
|-ability|p1a: Corviknight|Pressure
|
|-weather|Snowscape|[upkeep]
|-heal|p2a: Gliscor|97/100 tox|[from] move: Wish|[wisher] Alomomola
|-heal|p2a: Gliscor|100/100 tox|[from] ability: Poison Heal
|upkeep
|turn|222
|inactive|silver jay#2240 has 30 seconds left.
|
|t:|1779815669
|switch|p2a: Alomomola|Alomomola, F, shiny|100/100
|move|p1a: Corviknight|Defog|p2a: Alomomola
|-unboost|p2a: Alomomola|evasion|1
|-sideend|p2: watch cats 2|Spikes|[from] move: Defog|[of] p1a: Corviknight
|-sideend|p2: watch cats 2|Stealth Rock|[from] move: Defog|[of] p1a: Corviknight
|-sideend|p1: silver jay#2240|Spikes|[from] move: Defog|[of] p1a: Corviknight
|-sideend|p1: silver jay#2240|Stealth Rock|[from] move: Defog|[of] p1a: Corviknight
|
|-weather|Snowscape|[upkeep]
|-end|p2a: Alomomola|move: Future Sight
|-damage|p2a: Alomomola|59/100
|upkeep
|turn|223
|inactive|silver jay#2240 has 30 seconds left.
|
|t:|1779815675
|switch|p1a: Zamazenta|Zamazenta|100/100
|move|p2a: Alomomola|Wish|p2a: Alomomola
|
|-weather|Snowscape|[upkeep]
|upkeep
|turn|224
|inactive|silver jay#2240 has 30 seconds left this turn.
|
|t:|1779815682
|switch|p1a: Slowking|Slowking-Galar, F|100/100
|switch|p2a: Gliscor|Gliscor, F, shiny|100/100 tox
|
|-weather|Snowscape|[upkeep]
|upkeep
|turn|225
|inactive|silver jay#2240 has 30 seconds left this turn.
|
|t:|1779815690
|switch|p2a: Blissey|Blissey, F, shiny|68/100
|switch|p1a: Corviknight|Corviknight, F|57/100
|-ability|p1a: Corviknight|Pressure
|
|-weather|none
|upkeep
|turn|226
|inactive|silver jay#2240 has 25 seconds left this turn.
|c| Chris Talus|garfield you had burst
|inactive|silver jay#2240 has 20 seconds left.
|inactive|silver jay#2240 has 15 seconds left.
|
|t:|1779815706
|switch|p2a: Gliscor|Gliscor, F, shiny|100/100 tox
|move|p1a: Corviknight|Brave Bird|p2a: Gliscor
|-damage|p2a: Gliscor|77/100 tox
|-damage|p1a: Corviknight|50/100|[from] Recoil
|
|-heal|p2a: Gliscor|90/100 tox|[from] ability: Poison Heal
|upkeep
|turn|227
|inactive|silver jay#2240 has 20 seconds left this turn.
|inactive|silver jay#2240 has 15 seconds left.
|j| databricks
|
|t:|1779815720
|move|p2a: Gliscor|Spikes|p1a: Corviknight
|-sidestart|p1: silver jay#2240|Spikes
|move|p1a: Corviknight|Roost|p1a: Corviknight
|-heal|p1a: Corviknight|99/100
|-singleturn|p1a: Corviknight|move: Roost
|
|-heal|p2a: Gliscor|100/100 tox|[from] ability: Poison Heal
|upkeep
|turn|228
|inactive|silver jay#2240 has 15 seconds left this turn.
|
|t:|1779815725
|switch|p2a: Alomomola|Alomomola, F, shiny|92/100
|move|p1a: Corviknight|Defog|p2a: Alomomola
|-unboost|p2a: Alomomola|evasion|1
|-sideend|p1: silver jay#2240|Spikes|[from] move: Defog|[of] p1a: Corviknight
|
|upkeep
|turn|229
|inactive|silver jay#2240 has 20 seconds left this turn.
|l| MiDash15
|
|t:|1779815733
|switch|p1a: Grafaiai|Grafaiai, F|100/100
|move|p2a: Alomomola|Wish|p2a: Alomomola
|
|upkeep
|turn|230
|inactive|silver jay#2240 has 20 seconds left this turn.
|
|t:|1779815737
|switch|p2a: Gliscor|Gliscor, F, shiny|100/100 tox
|move|p1a: Grafaiai|Copycat|p1a: Grafaiai
|move|p1a: Grafaiai|Wish|p1a: Grafaiai|[from] move: Copycat
|
|upkeep
|turn|231
|inactive|silver jay#2240 has 25 seconds left this turn.
|c|☆silver jay#2240|i display
|inactive|silver jay#2240 has 20 seconds left.
|c|☆silver jay#2240|a miracle
|
|t:|1779815748
|switch|p1a: Ogerpon|Ogerpon-Wellspring, F|36/100 tox
|move|p2a: Gliscor|Knock Off|p1a: Ogerpon
|-damage|p1a: Ogerpon|17/100 tox
|
|-heal|p1a: Ogerpon|72/100 tox|[from] move: Wish|[wisher] Grafaiai
|-damage|p1a: Ogerpon|66/100 tox|[from] psn
|upkeep
|turn|232
|inactive|silver jay#2240 has 20 seconds left this turn.
|c| kooopooolooo|Neat
|inactive|silver jay#2240 has 15 seconds left.
|
|t:|1779815756
|switch|p2a: Toxapex|Toxapex, F, shiny|100/100
|move|p1a: Ogerpon|Horn Leech|p2a: Toxapex
|-damage|p2a: Toxapex|72/100
|-heal|p1a: Ogerpon|80/100 tox|[from] drain|[of] p2a: Toxapex
|
|-damage|p1a: Ogerpon|68/100 tox|[from] psn
|upkeep
|turn|233
|inactive|silver jay#2240 has 20 seconds left this turn.
|l| storklo
|
|t:|1779815761
|switch|p1a: Corviknight|Corviknight, F|99/100
|-ability|p1a: Corviknight|Pressure
|move|p2a: Toxapex|Infestation|p1a: Corviknight
|-resisted|p1a: Corviknight
|-damage|p1a: Corviknight|99/100
|-activate|p1a: Corviknight|move: Infestation|[of] p2a: Toxapex
|
|-damage|p1a: Corviknight|87/100|[from] move: Infestation|[partiallytrapped]
|upkeep
|turn|234
|inactive|silver jay#2240 has 20 seconds left this turn.
|inactive|silver jay#2240 has 15 seconds left.
|
|t:|1779815767
|switch|p2a: Gliscor|Gliscor, F, shiny|100/100 tox
|move|p1a: Corviknight|U-turn|p2a: Gliscor
|-resisted|p2a: Gliscor
|-damage|p2a: Gliscor|96/100 tox
|inactive|silver jay#2240 has 20 seconds left this turn.
|j| iglt
|
|t:|1779815771
|switch|p1a: Slowking|Slowking-Galar, F|100/100|[from] U-turn
|
|-heal|p2a: Gliscor|100/100 tox|[from] ability: Poison Heal
|upkeep
|turn|235
|inactive|silver jay#2240 has 20 seconds left this turn.
|
|t:|1779815776
|switch|p2a: Blissey|Blissey, F, shiny|68/100
|switch|p1a: Corviknight|Corviknight, F|87/100
|-ability|p1a: Corviknight|Pressure
|
|upkeep
|turn|236
|inactive|silver jay#2240 has 25 seconds left this turn.
|inactive|silver jay#2240 has 20 seconds left.
|
|t:|1779815783
|switch|p1a: Slowking|Slowking-Galar, F|100/100
|switch|p2a: Toxapex|Toxapex, F, shiny|100/100
|
|upkeep
|turn|237
|inactive|silver jay#2240 has 20 seconds left this turn.
|
|t:|1779815787
|switch|p2a: Blissey|Blissey, F, shiny|68/100
|move|p1a: Slowking|Future Sight|p2a: Blissey
|-start|p1a: Slowking|move: Future Sight
|
|upkeep
|turn|238
|inactive|silver jay#2240 has 25 seconds left this turn.
|inactive|silver jay#2240 has 20 seconds left.
|l| asasjuilaha
|inactive|watch cats 2 has 120 seconds left.
|
|t:|1779815819
|switch|p1a: Grafaiai|Grafaiai, F|100/100
|move|p2a: Blissey|Stealth Rock|p1a: Grafaiai
|-sidestart|p1: silver jay#2240|move: Stealth Rock
|
|upkeep
|turn|239
|inactive|silver jay#2240 has 20 seconds left this turn.
|inactive|silver jay#2240 has 15 seconds left.
|
|t:|1779815829
|switch|p2a: Gliscor|Gliscor, F, shiny|100/100 tox
|move|p1a: Grafaiai|Copycat|p1a: Grafaiai
|move|p1a: Grafaiai|Stealth Rock|p2a: Gliscor|[from] move: Copycat
|-sidestart|p2: watch cats 2|move: Stealth Rock
|
|-end|p2a: Gliscor|move: Future Sight
|-damage|p2a: Gliscor|44/100 tox
|-heal|p2a: Gliscor|57/100 tox|[from] ability: Poison Heal
|upkeep
|turn|240
|inactive|silver jay#2240 has 20 seconds left this turn.
|inactive|silver jay#2240 has 15 seconds left.
|inactive|watch cats 2 has 120 seconds left.
|inactive|silver jay#2240 has 10 seconds left.
|
|t:|1779815840
|switch|p1a: Clefable|Clefable, F|78/100 psn
|move|p2a: Gliscor|Knock Off|p1a: Clefable
|-resisted|p1a: Clefable
|-damage|p1a: Clefable|73/100 psn
|
|-heal|p2a: Gliscor|69/100 tox|[from] ability: Poison Heal
|upkeep
|turn|241
|inactive|silver jay#2240 has 10 seconds left this turn.
|inactive|silver jay#2240 has 5 seconds left.
|
|t:|1779815846
|move|p2a: Gliscor|Knock Off|p1a: Clefable
|-resisted|p1a: Clefable
|-crit|p1a: Clefable
|-damage|p1a: Clefable|64/100 psn
|move|p1a: Clefable|Moonblast|p2a: Gliscor
|-damage|p2a: Gliscor|31/100 tox
|-unboost|p2a: Gliscor|spa|1
|
|-heal|p2a: Gliscor|43/100 tox|[from] ability: Poison Heal
|upkeep
|turn|242
|inactive|silver jay#2240 has 10 seconds left this turn.
|inactive|silver jay#2240 has 5 seconds left.
|inactive|watch cats 2 has 120 seconds left.
|
|t:|1779815857
|switch|p2a: Toxapex|Toxapex, F, shiny|100/100
|-damage|p2a: Toxapex|88/100|[from] Stealth Rock
|switch|p1a: Corviknight|Corviknight, F|87/100
|-damage|p1a: Corviknight|75/100|[from] Stealth Rock
|-ability|p1a: Corviknight|Pressure
|
|upkeep
|turn|243
|inactive|silver jay#2240 has 5 seconds left this turn.
|
|t:|1779815863
|switch|p1a: Clefable|Clefable, F|64/100 psn
|switch|p2a: Alomomola|Alomomola, F, shiny|100/100
|
|upkeep
|turn|244
|inactive|silver jay#2240 has 10 seconds left this turn.
|inactive|silver jay#2240 has 5 seconds left.
|
|t:|1779815869
|switch|p2a: Gliscor|Gliscor, F, shiny|43/100 tox
|-damage|p2a: Gliscor|31/100 tox|[from] Stealth Rock
|move|p1a: Clefable|Knock Off|p2a: Gliscor
|-damage|p2a: Gliscor|22/100 tox
|-enditem|p2a: Gliscor|Choice Scarf|[from] move: Knock Off|[of] p1a: Clefable
|
|-heal|p2a: Gliscor|35/100 tox|[from] ability: Poison Heal
|upkeep
|turn|245
|inactive|silver jay#2240 has 5 seconds left this turn.
|
|t:|1779815874
|move|p2a: Gliscor|Protect|p2a: Gliscor
|-singleturn|p2a: Gliscor|Protect
|move|p1a: Clefable|Moonblast|p2a: Gliscor
|-activate|p2a: Gliscor|move: Protect
|
|-heal|p2a: Gliscor|47/100 tox|[from] ability: Poison Heal
|upkeep
|turn|246
|inactive|silver jay#2240 has 10 seconds left this turn.
|c|☆silver jay#2240|shit
|inactive|silver jay#2240 has 5 seconds left.
|j| MiDash15
|
|t:|1779815885
|switch|p2a: Toxapex|Toxapex, F, shiny|100/100
|-damage|p2a: Toxapex|88/100|[from] Stealth Rock
|switch|p1a: Slowking|Slowking-Galar, F|100/100
|
|upkeep
|turn|247
|inactive|silver jay#2240 has 5 seconds left this turn.
|
|t:|1779815897
|switch|p2a: Gliscor|Gliscor, F, shiny|47/100 tox
|-damage|p2a: Gliscor|35/100 tox|[from] Stealth Rock
|move|p1a: Slowking|Future Sight|p2a: Gliscor
|-start|p1a: Slowking|move: Future Sight
|
|-heal|p2a: Gliscor|47/100 tox|[from] ability: Poison Heal
|upkeep
|turn|248
|inactive|silver jay#2240 has 10 seconds left this turn.
|
|t:|1779815899
|switch|p2a: Alomomola|Alomomola, F, shiny|100/100
|switch|p1a: Corviknight|Corviknight, F|75/100
|-damage|p1a: Corviknight|63/100|[from] Stealth Rock
|-ability|p1a: Corviknight|Pressure
|
|upkeep
|turn|249
|inactive|silver jay#2240 has 10 seconds left this turn.
|
|t:|1779815907
|move|p1a: Corviknight|U-turn|p2a: Alomomola
|-damage|p2a: Alomomola|92/100
|inactive|silver jay#2240 has 15 seconds left this turn.
|
|t:|1779815909
|switch|p1a: Ogerpon|Ogerpon-Wellspring, F|68/100 tox|[from] U-turn
|-damage|p1a: Ogerpon|56/100 tox|[from] Stealth Rock
|move|p2a: Alomomola|Wish|p2a: Alomomola
|
|-end|p2a: Alomomola|move: Future Sight
|-damage|p2a: Alomomola|52/100
|-damage|p1a: Ogerpon|50/100 tox|[from] psn
|upkeep
|turn|250
|inactive|silver jay#2240 has 15 seconds left this turn.
|inactive|silver jay#2240 has 10 seconds left.
|
|t:|1779815915
|move|p2a: Alomomola|Protect|p2a: Alomomola
|-singleturn|p2a: Alomomola|Protect
|move|p1a: Ogerpon|Spikes|p2a: Alomomola
|-sidestart|p2: watch cats 2|Spikes
|
|-heal|p2a: Alomomola|100/100|[from] move: Wish|[wisher] Alomomola
|-damage|p1a: Ogerpon|38/100 tox|[from] psn
|upkeep
|turn|251
|inactive|silver jay#2240 has 15 seconds left this turn.
|
|t:|1779815919
|switch|p2a: Toxapex|Toxapex, F, shiny|100/100
|-damage|p2a: Toxapex|88/100|[from] Stealth Rock
|-damage|p2a: Toxapex|76/100|[from] Spikes
|move|p1a: Ogerpon|Horn Leech|p2a: Toxapex
|-crit|p2a: Toxapex
|-damage|p2a: Toxapex|33/100
|-heal|p1a: Ogerpon|60/100 tox|[from] drain|[of] p2a: Toxapex
|
|-damage|p1a: Ogerpon|42/100 tox|[from] psn
|upkeep
|turn|252
|inactive|silver jay#2240 has 15 seconds left this turn.
|j| AbrarS
|
|t:|1779815927
|switch|p1a: Grafaiai|Grafaiai, F|100/100
|-damage|p1a: Grafaiai|88/100|[from] Stealth Rock
|move|p2a: Toxapex|Baneful Bunker||[still]
|-fail|p2a: Toxapex
|
|upkeep
|turn|253
|inactive|silver jay#2240 has 20 seconds left this turn.
|inactive|silver jay#2240 has 15 seconds left.
|
|t:|1779815933
|switch|p2a: Gliscor|Gliscor, F, shiny|47/100 tox
|-damage|p2a: Gliscor|35/100 tox|[from] Stealth Rock
|move|p1a: Grafaiai|Parting Shot|p2a: Gliscor
|-unboost|p2a: Gliscor|atk|1
|-unboost|p2a: Gliscor|spa|1
|inactive|silver jay#2240 has 20 seconds left this turn.
|
|t:|1779815936
|switch|p1a: Zamazenta|Zamazenta|100/100|[from] Parting Shot
|
|-heal|p2a: Gliscor|47/100 tox|[from] ability: Poison Heal
|upkeep
|turn|254
|inactive|silver jay#2240 has 25 seconds left this turn.
|inactive|silver jay#2240 has 20 seconds left.
|
|t:|1779815942
|switch|p1a: Corviknight|Corviknight, F|63/100
|-damage|p1a: Corviknight|50/100|[from] Stealth Rock
|-ability|p1a: Corviknight|Pressure
|move|p2a: Gliscor|Protect||[still]
|-fail|p2a: Gliscor
|
|-heal|p2a: Gliscor|60/100 tox|[from] ability: Poison Heal
|upkeep
|turn|255
|inactive|silver jay#2240 has 20 seconds left this turn.
|j| yhhnngf try n
|
|t:|1779815947
|switch|p2a: Alomomola|Alomomola, F, shiny|100/100
|move|p1a: Corviknight|Roost|p1a: Corviknight
|-heal|p1a: Corviknight|100/100
|-singleturn|p1a: Corviknight|move: Roost
|
|upkeep
|turn|256
|inactive|silver jay#2240 has 25 seconds left this turn.
|c| MiDash15|grafaiai out turn 252
|inactive|silver jay#2240 has 20 seconds left.
|
|t:|1779815952
|switch|p1a: Slowking|Slowking-Galar, F|100/100
|switch|p2a: Toxapex|Toxapex, F, shiny|66/100
|-damage|p2a: Toxapex|54/100|[from] Stealth Rock
|-damage|p2a: Toxapex|41/100|[from] Spikes
|
|upkeep
|turn|257
|inactive|silver jay#2240 has 20 seconds left this turn.
|
|t:|1779815955
|switch|p2a: Blissey|Blissey, F, shiny|68/100
|-damage|p2a: Blissey|56/100|[from] Stealth Rock
|-damage|p2a: Blissey|43/100|[from] Spikes
|move|p1a: Slowking|Future Sight|p2a: Blissey
|-hint|In Gen 8+, Future attacks will never resolve when used on the 255th turn or later.
|-start|p1a: Slowking|move: Future Sight
|
|upkeep
|turn|258
|inactive|silver jay#2240 has 25 seconds left this turn.
|
|t:|1779815959
|move|p2a: Blissey|Soft-Boiled|p2a: Blissey
|-heal|p2a: Blissey|93/100
|-prepare|p1a: Slowking|Chilly Reception|[premajor]
|move|p1a: Slowking|Chilly Reception|p1a: Slowking
|-weather|Snowscape
|inactive|silver jay#2240 has 30 seconds left this turn.
|c| Chris Talus|oh my god grafaiai is actually doing more than one thing
|
|t:|1779815963
|switch|p1a: Zamazenta|Zamazenta|100/100|[from] Chilly Reception
|
|-weather|Snowscape|[upkeep]
|upkeep
|turn|259
|inactive|silver jay#2240 has 30 seconds left.
|c| MiDash15|what does it even usually do
|
|t:|1779815974
|switch|p2a: Alomomola|Alomomola, F, shiny|100/100
|move|p1a: Zamazenta|Roar|p2a: Alomomola
|drag|p2a: Blissey|Blissey, F, shiny|93/100
|-damage|p2a: Blissey|81/100|[from] Stealth Rock
|-damage|p2a: Blissey|69/100|[from] Spikes
|
|-weather|Snowscape|[upkeep]
|upkeep
|turn|260
|inactive|silver jay#2240 has 25 seconds left this turn.
|inactive|silver jay#2240 has 20 seconds left.
|inactive|silver jay#2240 has 15 seconds left.
|
|t:|1779815986
|switch|p2a: Alomomola|Alomomola, F, shiny|100/100
|move|p1a: Zamazenta|Roar|p2a: Alomomola
|drag|p2a: Blissey|Blissey, F, shiny|69/100
|-damage|p2a: Blissey|56/100|[from] Stealth Rock
|-damage|p2a: Blissey|44/100|[from] Spikes
|
|-weather|Snowscape|[upkeep]
|upkeep
|turn|261
|inactive|silver jay#2240 has 20 seconds left this turn.
|
|t:|1779815991
|switch|p2a: Alomomola|Alomomola, F, shiny|100/100
|move|p1a: Zamazenta|Close Combat|p2a: Alomomola
|-damage|p2a: Alomomola|65/100
|-unboost|p1a: Zamazenta|def|1
|-unboost|p1a: Zamazenta|spd|1
|
|-weather|Snowscape|[upkeep]
|upkeep
|turn|262
|inactive|silver jay#2240 has 20 seconds left this turn.
|inactive|silver jay#2240 has 15 seconds left.
|
|t:|1779815996
|switch|p1a: Grafaiai|Grafaiai, F|88/100
|-damage|p1a: Grafaiai|76/100|[from] Stealth Rock
|move|p2a: Alomomola|Wish|p2a: Alomomola
|
|-weather|none
|upkeep
|turn|263
|inactive|silver jay#2240 has 20 seconds left this turn.
|l| databricks
|
|t:|1779815999
|switch|p2a: Blissey|Blissey, F, shiny|44/100
|-damage|p2a: Blissey|31/100|[from] Stealth Rock
|-damage|p2a: Blissey|19/100|[from] Spikes
|move|p1a: Grafaiai|Copycat|p1a: Grafaiai
|move|p1a: Grafaiai|Wish|p1a: Grafaiai|[from] move: Copycat
|
|-heal|p2a: Blissey|55/100|[from] move: Wish|[wisher] Alomomola
|upkeep
|turn|264
|inactive|silver jay#2240 has 20 seconds left this turn.
|inactive|silver jay#2240 has 15 seconds left.
|
|t:|1779816005
|switch|p1a: Ogerpon|Ogerpon-Wellspring, F|42/100 tox
|-damage|p1a: Ogerpon|30/100 tox|[from] Stealth Rock
|move|p2a: Blissey|Soft-Boiled|p2a: Blissey
|-heal|p2a: Blissey|100/100
|
|-heal|p1a: Ogerpon|85/100 tox|[from] move: Wish|[wisher] Grafaiai
|-damage|p1a: Ogerpon|79/100 tox|[from] psn
|upkeep
|turn|265
|inactive|silver jay#2240 has 20 seconds left this turn.
|l| iglt
|inactive|silver jay#2240 has 15 seconds left.
|
|t:|1779816012
|switch|p2a: Toxapex|Toxapex, F, shiny|75/100
|-damage|p2a: Toxapex|63/100|[from] Stealth Rock
|-damage|p2a: Toxapex|50/100|[from] Spikes
|move|p1a: Ogerpon|Spikes|p2a: Toxapex
|-sidestart|p2: watch cats 2|Spikes
|
|-damage|p1a: Ogerpon|67/100 tox|[from] psn
|upkeep
|turn|266
|inactive|silver jay#2240 has 15 seconds left this turn.
|c| Chris Talus|well in this game prankster copycat
|inactive|silver jay#2240 has 10 seconds left.
|
|t:|1779816020
|switch|p1a: Clefable|Clefable, F|64/100 psn
|move|p2a: Toxapex|Infestation|p1a: Clefable
|-resisted|p1a: Clefable
|-damage|p1a: Clefable|63/100 psn
|-activate|p1a: Clefable|move: Infestation|[of] p2a: Toxapex
|
|upkeep
|turn|267
|inactive|silver jay#2240 has 15 seconds left this turn.
|j| cherry786
|
|t:|1779816025
|switch|p2a: Gliscor|Gliscor, F, shiny|60/100 tox
|-damage|p2a: Gliscor|47/100 tox|[from] Stealth Rock
|move|p1a: Clefable|Moonlight|p1a: Clefable
|-heal|p1a: Clefable|100/100 psn
|
|-heal|p2a: Gliscor|60/100 tox|[from] ability: Poison Heal
|-end|p1a: Clefable|Infestation|[partiallytrapped]|[silent]
|upkeep
|turn|268
|inactive|silver jay#2240 has 15 seconds left this turn.
|
|t:|1779816028
|move|p2a: Gliscor|Spikes|p1a: Clefable
|-sidestart|p1: silver jay#2240|Spikes
|move|p1a: Clefable|Moonblast|p2a: Gliscor
|-damage|p2a: Gliscor|24/100 tox
|
|-heal|p2a: Gliscor|37/100 tox|[from] ability: Poison Heal
|upkeep
|turn|269
|inactive|silver jay#2240 has 20 seconds left this turn.
|c| MiDash15|sick
|inactive|silver jay#2240 has 15 seconds left.
|inactive|watch cats 2 has 120 seconds left.
|
|t:|1779816035
|move|p2a: Gliscor|Protect|p2a: Gliscor
|-singleturn|p2a: Gliscor|Protect
|move|p1a: Clefable|Moonblast|p2a: Gliscor
|-activate|p2a: Gliscor|move: Protect
|
|-heal|p2a: Gliscor|49/100 tox|[from] ability: Poison Heal
|upkeep
|turn|270
|inactive|silver jay#2240 has 15 seconds left this turn.
|
|t:|1779816039
|move|p2a: Gliscor|Spikes|p1a: Clefable
|-sidestart|p1: silver jay#2240|Spikes
|move|p1a: Clefable|Moonblast|p2a: Gliscor
|-damage|p2a: Gliscor|12/100 tox
|
|-heal|p2a: Gliscor|24/100 tox|[from] ability: Poison Heal
|upkeep
|turn|271
|inactive|silver jay#2240 has 20 seconds left this turn.
|
|t:|1779816042
|switch|p1a: Zamazenta|Zamazenta|100/100
|move|p2a: Gliscor|Protect||[still]
|-fail|p2a: Gliscor
|
|-heal|p2a: Gliscor|37/100 tox|[from] ability: Poison Heal
|upkeep
|turn|272
|inactive|silver jay#2240 has 20 seconds left this turn.
|l| AbrarS
|inactive|silver jay#2240 has 15 seconds left.
|
|t:|1779816050
|switch|p1a: Corviknight|Corviknight, F|100/100
|-damage|p1a: Corviknight|88/100|[from] Stealth Rock
|-ability|p1a: Corviknight|Pressure
|move|p2a: Gliscor|Toxic|p1a: Corviknight
|-immune|p1a: Corviknight
|
|-heal|p2a: Gliscor|49/100 tox|[from] ability: Poison Heal
|upkeep
|turn|273
|inactive|silver jay#2240 has 20 seconds left this turn.
|l| yhhnngf try n
|
|t:|1779816055
|move|p2a: Gliscor|Knock Off|p1a: Corviknight
|-damage|p1a: Corviknight|79/100
|move|p1a: Corviknight|U-turn|p2a: Gliscor
|-resisted|p2a: Gliscor
|-damage|p2a: Gliscor|45/100 tox
|inactive|silver jay#2240 has 25 seconds left this turn.
|
|t:|1779816058
|switch|p1a: Clefable|Clefable, F|100/100 psn|[from] U-turn
|
|-heal|p2a: Gliscor|58/100 tox|[from] ability: Poison Heal
|upkeep
|turn|274
|inactive|silver jay#2240 has 30 seconds left this turn.
|j| fjn mf d dog n
|
|t:|1779816065
|switch|p1a: Corviknight|Corviknight, F|79/100
|-damage|p1a: Corviknight|67/100|[from] Stealth Rock
|-ability|p1a: Corviknight|Pressure
|move|p2a: Gliscor|Protect||[still]
|-fail|p2a: Gliscor
|
|-heal|p2a: Gliscor|70/100 tox|[from] ability: Poison Heal
|upkeep
|turn|275
|inactive|silver jay#2240 has 25 seconds left this turn.
|inactive|silver jay#2240 has 20 seconds left.
|
|t:|1779816072
|move|p2a: Gliscor|Knock Off|p1a: Corviknight
|-damage|p1a: Corviknight|58/100
|move|p1a: Corviknight|Defog|p2a: Gliscor
|-unboost|p2a: Gliscor|evasion|1
|-sideend|p2: watch cats 2|Spikes|[from] move: Defog|[of] p1a: Corviknight
|-sideend|p2: watch cats 2|Stealth Rock|[from] move: Defog|[of] p1a: Corviknight
|-sideend|p1: silver jay#2240|Spikes|[from] move: Defog|[of] p1a: Corviknight
|-sideend|p1: silver jay#2240|Stealth Rock|[from] move: Defog|[of] p1a: Corviknight
|
|-heal|p2a: Gliscor|83/100 tox|[from] ability: Poison Heal
|upkeep
|turn|276
|inactive|silver jay#2240 has 25 seconds left this turn.
|l| tiktokbrainrotahh
|inactive|silver jay#2240 has 20 seconds left.
|l| freshstart111
|
|t:|1779816079
|switch|p1a: Clefable|Clefable, F|100/100 psn
|move|p2a: Gliscor|Spikes|p1a: Clefable
|-sidestart|p1: silver jay#2240|Spikes
|
|-heal|p2a: Gliscor|95/100 tox|[from] ability: Poison Heal
|upkeep
|turn|277
|inactive|silver jay#2240 has 20 seconds left this turn.
|inactive|silver jay#2240 has 15 seconds left.
|
|t:|1779816085
|switch|p2a: Blissey|Blissey, F, shiny|100/100
|switch|p1a: Corviknight|Corviknight, F|58/100
|-ability|p1a: Corviknight|Pressure
|
|upkeep
|turn|278
|inactive|silver jay#2240 has 20 seconds left this turn.
|inactive|silver jay#2240 has 15 seconds left.
|
|t:|1779816091
|move|p1a: Corviknight|Defog|p2a: Blissey
|-unboost|p2a: Blissey|evasion|1
|-sideend|p1: silver jay#2240|Spikes|[from] move: Defog|[of] p1a: Corviknight
|move|p2a: Blissey|Stealth Rock|p1a: Corviknight
|-sidestart|p1: silver jay#2240|move: Stealth Rock
|
|upkeep
|turn|279
|inactive|silver jay#2240 has 15 seconds left this turn.
|
|t:|1779816095
|move|p1a: Corviknight|Defog|p2a: Blissey
|-unboost|p2a: Blissey|evasion|1
|-sideend|p1: silver jay#2240|Stealth Rock|[from] move: Defog|[of] p1a: Corviknight
|move|p2a: Blissey|Seismic Toss|p1a: Corviknight
|-damage|p1a: Corviknight|33/100
|
|upkeep
|turn|280
|inactive|silver jay#2240 has 20 seconds left this turn.
|inactive|silver jay#2240 has 15 seconds left.
|
|t:|1779816101
|switch|p1a: Zamazenta|Zamazenta|100/100
|move|p2a: Blissey|Stealth Rock|p1a: Zamazenta
|-sidestart|p1: silver jay#2240|move: Stealth Rock
|
|upkeep
|turn|281
|inactive|silver jay#2240 has 15 seconds left this turn.
|inactive|silver jay#2240 has 10 seconds left.
|
|t:|1779816108
|switch|p1a: Clefable|Clefable, F|100/100 psn
|switch|p2a: Toxapex|Toxapex, F, shiny|84/100
|
|upkeep
|turn|282
|inactive|silver jay#2240 has 15 seconds left this turn.
|
|t:|1779816113
|switch|p2a: Gliscor|Gliscor, F, shiny|95/100 tox
|move|p1a: Clefable|Stealth Rock|p2a: Gliscor
|-sidestart|p2: watch cats 2|move: Stealth Rock
|
|-heal|p2a: Gliscor|100/100 tox|[from] ability: Poison Heal
|upkeep
|turn|283
|inactive|silver jay#2240 has 15 seconds left this turn.
|inactive|silver jay#2240 has 10 seconds left.
|
|t:|1779816119
|switch|p1a: Corviknight|Corviknight, F|33/100
|-damage|p1a: Corviknight|21/100|[from] Stealth Rock
|-ability|p1a: Corviknight|Pressure
|move|p2a: Gliscor|Spikes|p1a: Corviknight
|-sidestart|p1: silver jay#2240|Spikes
|
|upkeep
|turn|284
|inactive|silver jay#2240 has 15 seconds left this turn.
|
|t:|1779816123
|switch|p2a: Blissey|Blissey, F, shiny|100/100
|-damage|p2a: Blissey|88/100|[from] Stealth Rock
|move|p1a: Corviknight|Roost|p1a: Corviknight
|-heal|p1a: Corviknight|71/100
|-singleturn|p1a: Corviknight|move: Roost
|
|upkeep
|turn|285
|inactive|silver jay#2240 has 15 seconds left this turn.
|l| MiDash15
|
|t:|1779816126
|move|p1a: Corviknight|U-turn|p2a: Blissey
|-damage|p2a: Blissey|74/100
|inactive|silver jay#2240 has 20 seconds left this turn.
|
|t:|1779816130
|switch|p1a: Zamazenta|Zamazenta|100/100|[from] U-turn
|move|p2a: Blissey|Seismic Toss|p1a: Zamazenta
|-damage|p1a: Zamazenta|70/100
|
|upkeep
|turn|286
|inactive|silver jay#2240 has 20 seconds left this turn.
|inactive|silver jay#2240 has 15 seconds left.
|
|t:|1779816137
|switch|p2a: Toxapex|Toxapex, F, shiny|100/100
|-damage|p2a: Toxapex|88/100|[from] Stealth Rock
|move|p1a: Zamazenta|Roar|p2a: Toxapex
|drag|p2a: Dondozo|Dondozo, F, shiny|100/100
|
|upkeep
|turn|287
|inactive|silver jay#2240 has 20 seconds left this turn.
|inactive|silver jay#2240 has 15 seconds left.
|
|t:|1779816145
|switch|p1a: Slowking|Slowking-Galar, F|100/100
|move|p2a: Dondozo|Curse|p2a: Dondozo
|-unboost|p2a: Dondozo|spe|1
|-boost|p2a: Dondozo|atk|1
|-boost|p2a: Dondozo|def|1
|
|upkeep
|turn|288
|inactive|silver jay#2240 has 15 seconds left this turn.
|inactive|silver jay#2240 has 10 seconds left.
|
|t:|1779816153
|move|p2a: Dondozo|Waterfall|p1a: Slowking
|-damage|p1a: Slowking|60/100
|move|p1a: Slowking|Future Sight||[still]
|-fail|p1a: Slowking
|
|upkeep
|turn|289
|inactive|silver jay#2240 has 15 seconds left this turn.
|
|t:|1779816160
|switch|p2a: Toxapex|Toxapex, F, shiny|100/100
|-damage|p2a: Toxapex|88/100|[from] Stealth Rock
|-prepare|p1a: Slowking|Chilly Reception|[premajor]
|move|p1a: Slowking|Chilly Reception|p1a: Slowking
|-weather|Snowscape
|inactive|silver jay#2240 has 20 seconds left this turn.
|l| cherry786
|inactive|silver jay#2240 has 15 seconds left.
|
|t:|1779816168
|switch|p1a: Ogerpon|Ogerpon-Wellspring, F|67/100 tox|[from] Chilly Reception
|-damage|p1a: Ogerpon|54/100 tox|[from] Stealth Rock
|-damage|p1a: Ogerpon|42/100 tox|[from] Spikes
|
|-weather|Snowscape|[upkeep]
|-damage|p1a: Ogerpon|36/100 tox|[from] psn
|upkeep
|turn|290
|inactive|silver jay#2240 has 20 seconds left this turn.
|n| fjn mf d dog n|fjnmfddogn
|inactive|silver jay#2240 has 15 seconds left.
|
|t:|1779816174
|move|p1a: Ogerpon|Spikes|p2a: Toxapex
|-sidestart|p2: watch cats 2|Spikes
|move|p2a: Toxapex|Infestation|p1a: Ogerpon
|-supereffective|p1a: Ogerpon
|-damage|p1a: Ogerpon|30/100 tox
|-activate|p1a: Ogerpon|move: Infestation|[of] p2a: Toxapex
|
|-weather|Snowscape|[upkeep]
|-damage|p1a: Ogerpon|18/100 tox|[from] psn
|-damage|p1a: Ogerpon|6/100 tox|[from] move: Infestation|[partiallytrapped]
|upkeep
|turn|291
|inactive|silver jay#2240 has 15 seconds left this turn.
|j| garchompcookies
|inactive|silver jay#2240 has 10 seconds left.
|c| fjn mf d dog n|t256 fs claims another soul
|
|t:|1779816179
|move|p2a: Toxapex|Baneful Bunker|p2a: Toxapex
|-singleturn|p2a: Toxapex|move: Protect
|move|p1a: Ogerpon|Spikes|p2a: Toxapex
|-sidestart|p2: watch cats 2|Spikes
|
|-weather|Snowscape|[upkeep]
|-damage|p1a: Ogerpon|0 fnt|[from] psn
|faint|p1a: Ogerpon
|upkeep
|inactive|silver jay#2240 has 15 seconds left this turn.
|inactive|silver jay#2240 has 10 seconds left.
|
|t:|1779816188
|switch|p1a: Slowking|Slowking-Galar, F|93/100
|turn|292
|inactive|silver jay#2240 has 10 seconds left this turn.
|
|t:|1779816196
|move|p2a: Toxapex|Infestation|p1a: Slowking
|-damage|p1a: Slowking|92/100
|-activate|p1a: Slowking|move: Infestation|[of] p2a: Toxapex
|move|p1a: Slowking|Future Sight||[still]
|-fail|p1a: Slowking
|
|-weather|Snowscape|[upkeep]
|-damage|p1a: Slowking|79/100|[from] move: Infestation|[partiallytrapped]
|upkeep
|turn|293
|inactive|silver jay#2240 has 15 seconds left this turn.
|l| garchompcookies
|
|t:|1779816205
|switch|p2a: Gliscor|Gliscor, F, shiny|100/100 tox
|-damage|p2a: Gliscor|88/100 tox|[from] Stealth Rock
|-prepare|p1a: Slowking|Chilly Reception|[premajor]
|move|p1a: Slowking|Chilly Reception|p1a: Slowking
|inactive|silver jay#2240 has 20 seconds left this turn.
|j| garchompcookies
|inactive|silver jay#2240 has 15 seconds left.
|j| cherry786
|
|t:|1779816211
|switch|p1a: Zamazenta|Zamazenta|70/100|[from] Chilly Reception
|
|-weather|none
|-heal|p2a: Gliscor|100/100 tox|[from] ability: Poison Heal
|upkeep
|turn|294
|inactive|silver jay#2240 has 20 seconds left this turn.
|
|t:|1779816215
|switch|p1a: Clefable|Clefable, F|100/100 psn
|move|p2a: Gliscor|Toxic||[still]
|-fail|p2a: Gliscor
|
|upkeep
|turn|295
|inactive|silver jay#2240 has 20 seconds left this turn.
|inactive|silver jay#2240 has 15 seconds left.
|
|t:|1779816223
|switch|p1a: Slowking|Slowking-Galar, F|100/100
|move|p2a: Gliscor|Spikes|p1a: Slowking
|-sidestart|p1: silver jay#2240|Spikes
|
|upkeep
|turn|296
|inactive|silver jay#2240 has 20 seconds left this turn.
|inactive|silver jay#2240 has 15 seconds left.
|
|t:|1779816229
|switch|p2a: Toxapex|Toxapex, F, shiny|100/100
|-damage|p2a: Toxapex|88/100|[from] Stealth Rock
|-damage|p2a: Toxapex|72/100|[from] Spikes
|switch|p1a: Corviknight|Corviknight, F|71/100
|-damage|p1a: Corviknight|59/100|[from] Stealth Rock
|-ability|p1a: Corviknight|Pressure
|
|upkeep
|turn|297
|inactive|silver jay#2240 has 15 seconds left this turn.
|inactive|silver jay#2240 has 10 seconds left.
|
|t:|1779816236
|switch|p1a: Clefable|Clefable, F|100/100 psn
|switch|p2a: Alomomola|Alomomola, F, shiny|98/100
|
|upkeep
|turn|298
|inactive|silver jay#2240 has 15 seconds left this turn.
|
|t:|1779816240
|switch|p2a: Toxapex|Toxapex, F, shiny|100/100
|-damage|p2a: Toxapex|88/100|[from] Stealth Rock
|-damage|p2a: Toxapex|72/100|[from] Spikes
|move|p1a: Clefable|Knock Off|p2a: Toxapex
|-damage|p2a: Toxapex|66/100
|
|upkeep
|turn|299
|inactive|silver jay#2240 has 15 seconds left this turn.
|inactive|silver jay#2240 has 10 seconds left.
|
|t:|1779816248
|switch|p1a: Slowking|Slowking-Galar, F|100/100
|switch|p2a: Gliscor|Gliscor, F, shiny|100/100 tox
|-damage|p2a: Gliscor|88/100 tox|[from] Stealth Rock
|
|-heal|p2a: Gliscor|100/100 tox|[from] ability: Poison Heal
|upkeep
|turn|300
|inactive|silver jay#2240 has 15 seconds left this turn.
|
|t:|1779816254
|switch|p2a: Alomomola|Alomomola, F, shiny|100/100
|switch|p1a: Clefable|Clefable, F|100/100 psn
|
|upkeep
|turn|301
|inactive|silver jay#2240 has 15 seconds left this turn.
|
|t:|1779816259
|move|p2a: Alomomola|Protect|p2a: Alomomola
|-singleturn|p2a: Alomomola|Protect
|move|p1a: Clefable|Moonblast|p2a: Alomomola
|-activate|p2a: Alomomola|move: Protect
|
|upkeep
|turn|302
|inactive|silver jay#2240 has 20 seconds left this turn.
|inactive|silver jay#2240 has 15 seconds left.
|
|t:|1779816266
|switch|p1a: Slowking|Slowking-Galar, F|100/100
|switch|p2a: Gliscor|Gliscor, F, shiny|100/100 tox
|-damage|p2a: Gliscor|88/100 tox|[from] Stealth Rock
|
|-heal|p2a: Gliscor|100/100 tox|[from] ability: Poison Heal
|upkeep
|turn|303
|inactive|silver jay#2240 has 15 seconds left this turn.
|inactive|silver jay#2240 has 10 seconds left.
|
|t:|1779816274
|switch|p2a: Alomomola|Alomomola, F, shiny|100/100
|switch|p1a: Clefable|Clefable, F|100/100 psn
|
|upkeep
|turn|304
|inactive|silver jay#2240 has 15 seconds left this turn.
|
|t:|1779816278
|switch|p1a: Slowking|Slowking-Galar, F|100/100
|switch|p2a: Gliscor|Gliscor, F, shiny|100/100 tox
|-damage|p2a: Gliscor|88/100 tox|[from] Stealth Rock
|
|-heal|p2a: Gliscor|100/100 tox|[from] ability: Poison Heal
|upkeep
|turn|305
|inactive|silver jay#2240 has 15 seconds left this turn.
|l| brobrubro
|
|t:|1779816281
|switch|p2a: Alomomola|Alomomola, F, shiny|100/100
|switch|p1a: Clefable|Clefable, F|100/100 psn
|
|upkeep
|turn|306
|inactive|silver jay#2240 has 20 seconds left this turn.
|
|t:|1779816283
|switch|p1a: Slowking|Slowking-Galar, F|100/100
|switch|p2a: Gliscor|Gliscor, F, shiny|100/100 tox
|-damage|p2a: Gliscor|88/100 tox|[from] Stealth Rock
|
|-heal|p2a: Gliscor|100/100 tox|[from] ability: Poison Heal
|upkeep
|turn|307
|inactive|silver jay#2240 has 20 seconds left this turn.
|
|t:|1779816285
|switch|p2a: Alomomola|Alomomola, F, shiny|100/100
|switch|p1a: Clefable|Clefable, F|100/100 psn
|
|upkeep
|turn|308
|inactive|silver jay#2240 has 25 seconds left this turn.
|
|t:|1779816288
|switch|p1a: Slowking|Slowking-Galar, F|100/100
|switch|p2a: Gliscor|Gliscor, F, shiny|100/100 tox
|-damage|p2a: Gliscor|88/100 tox|[from] Stealth Rock
|
|-heal|p2a: Gliscor|100/100 tox|[from] ability: Poison Heal
|upkeep
|turn|309
|inactive|silver jay#2240 has 25 seconds left this turn.
|
|t:|1779816290
|switch|p2a: Alomomola|Alomomola, F, shiny|100/100
|switch|p1a: Clefable|Clefable, F|100/100 psn
|
|upkeep
|turn|310
|inactive|silver jay#2240 has 30 seconds left this turn.
|
|t:|1779816292
|switch|p1a: Slowking|Slowking-Galar, F|100/100
|switch|p2a: Gliscor|Gliscor, F, shiny|100/100 tox
|-damage|p2a: Gliscor|88/100 tox|[from] Stealth Rock
|
|-heal|p2a: Gliscor|100/100 tox|[from] ability: Poison Heal
|upkeep
|turn|311
|inactive|silver jay#2240 has 30 seconds left this turn.
|
|t:|1779816294
|switch|p2a: Alomomola|Alomomola, F, shiny|100/100
|switch|p1a: Clefable|Clefable, F|100/100 psn
|
|upkeep
|turn|312
|
|t:|1779816296
|switch|p1a: Slowking|Slowking-Galar, F|100/100
|switch|p2a: Gliscor|Gliscor, F, shiny|100/100 tox
|-damage|p2a: Gliscor|88/100 tox|[from] Stealth Rock
|
|-heal|p2a: Gliscor|100/100 tox|[from] ability: Poison Heal
|upkeep
|turn|313
|c| garchompcookies|Its so fast
|
|t:|1779816298
|switch|p2a: Alomomola|Alomomola, F, shiny|100/100
|switch|p1a: Clefable|Clefable, F|100/100 psn
|
|upkeep
|turn|314
|c| garchompcookies|Huh
|l| fjn mf d dog n
|
|t:|1779816300
|switch|p1a: Slowking|Slowking-Galar, F|100/100
|switch|p2a: Gliscor|Gliscor, F, shiny|100/100 tox
|-damage|p2a: Gliscor|88/100 tox|[from] Stealth Rock
|
|-heal|p2a: Gliscor|100/100 tox|[from] ability: Poison Heal
|upkeep
|turn|315
|
|t:|1779816302
|switch|p2a: Alomomola|Alomomola, F, shiny|100/100
|switch|p1a: Clefable|Clefable, F|100/100 psn
|
|upkeep
|turn|316
|c| garchompcookies|What is this
|
|t:|1779816306
|switch|p1a: Slowking|Slowking-Galar, F|100/100
|switch|p2a: Gliscor|Gliscor, F, shiny|100/100 tox
|-damage|p2a: Gliscor|88/100 tox|[from] Stealth Rock
|
|-heal|p2a: Gliscor|100/100 tox|[from] ability: Poison Heal
|upkeep
|turn|317
|
|t:|1779816309
|switch|p2a: Alomomola|Alomomola, F, shiny|100/100
|switch|p1a: Clefable|Clefable, F|100/100 psn
|
|upkeep
|turn|318
|c| garchompcookies|Are they just gonna keep switching
|
|t:|1779816313
|switch|p1a: Slowking|Slowking-Galar, F|100/100
|switch|p2a: Gliscor|Gliscor, F, shiny|100/100 tox
|-damage|p2a: Gliscor|88/100 tox|[from] Stealth Rock
|
|-heal|p2a: Gliscor|100/100 tox|[from] ability: Poison Heal
|upkeep
|turn|319
|j| jgyjrkejdjjds
|
|t:|1779816316
|switch|p2a: Alomomola|Alomomola, F, shiny|100/100
|switch|p1a: Clefable|Clefable, F|100/100 psn
|
|upkeep
|turn|320
|
|t:|1779816318
|switch|p1a: Slowking|Slowking-Galar, F|100/100
|switch|p2a: Gliscor|Gliscor, F, shiny|100/100 tox
|-damage|p2a: Gliscor|88/100 tox|[from] Stealth Rock
|
|-heal|p2a: Gliscor|100/100 tox|[from] ability: Poison Heal
|upkeep
|turn|321
|j| AbrarS
|
|t:|1779816320
|switch|p2a: Alomomola|Alomomola, F, shiny|100/100
|switch|p1a: Clefable|Clefable, F|100/100 psn
|
|upkeep
|turn|322
|
|t:|1779816322
|switch|p1a: Slowking|Slowking-Galar, F|100/100
|switch|p2a: Gliscor|Gliscor, F, shiny|100/100 tox
|-damage|p2a: Gliscor|88/100 tox|[from] Stealth Rock
|
|-heal|p2a: Gliscor|100/100 tox|[from] ability: Poison Heal
|upkeep
|turn|323
|
|t:|1779816323
|switch|p2a: Alomomola|Alomomola, F, shiny|100/100
|switch|p1a: Clefable|Clefable, F|100/100 psn
|
|upkeep
|turn|324
|
|t:|1779816325
|switch|p1a: Slowking|Slowking-Galar, F|100/100
|switch|p2a: Gliscor|Gliscor, F, shiny|100/100 tox
|-damage|p2a: Gliscor|88/100 tox|[from] Stealth Rock
|
|-heal|p2a: Gliscor|100/100 tox|[from] ability: Poison Heal
|upkeep
|turn|325
|
|t:|1779816326
|switch|p2a: Alomomola|Alomomola, F, shiny|100/100
|switch|p1a: Clefable|Clefable, F|100/100 psn
|
|upkeep
|turn|326
|
|t:|1779816328
|switch|p1a: Slowking|Slowking-Galar, F|100/100
|switch|p2a: Gliscor|Gliscor, F, shiny|100/100 tox
|-damage|p2a: Gliscor|88/100 tox|[from] Stealth Rock
|
|-heal|p2a: Gliscor|100/100 tox|[from] ability: Poison Heal
|upkeep
|turn|327
|
|t:|1779816330
|switch|p2a: Alomomola|Alomomola, F, shiny|100/100
|switch|p1a: Clefable|Clefable, F|100/100 psn
|
|upkeep
|turn|328
|
|t:|1779816331
|switch|p1a: Slowking|Slowking-Galar, F|100/100
|switch|p2a: Gliscor|Gliscor, F, shiny|100/100 tox
|-damage|p2a: Gliscor|88/100 tox|[from] Stealth Rock
|
|-heal|p2a: Gliscor|100/100 tox|[from] ability: Poison Heal
|upkeep
|turn|329
|c| Chris Talus|nothing ever happens alexa play all the things she said nightcore
|
|t:|1779816333
|switch|p2a: Alomomola|Alomomola, F, shiny|100/100
|switch|p1a: Zamazenta|Zamazenta|70/100
|
|upkeep
|turn|330
|
|t:|1779816338
|switch|p1a: Slowking|Slowking-Galar, F|100/100
|move|p2a: Alomomola|Flip Turn|p1a: Slowking
|-damage|p1a: Slowking|83/100
|
|t:|1779816345
|switch|p2a: Gliscor|Gliscor, F, shiny|100/100 tox|[from] Flip Turn
|-damage|p2a: Gliscor|88/100 tox|[from] Stealth Rock
|
|-heal|p2a: Gliscor|100/100 tox|[from] ability: Poison Heal
|upkeep
|turn|331
|
|t:|1779816350
|switch|p2a: Alomomola|Alomomola, F, shiny|100/100
|switch|p1a: Clefable|Clefable, F|100/100 psn
|
|upkeep
|turn|332
|
|t:|1779816353
|switch|p1a: Slowking|Slowking-Galar, F|100/100
|switch|p2a: Gliscor|Gliscor, F, shiny|100/100 tox
|-damage|p2a: Gliscor|88/100 tox|[from] Stealth Rock
|
|-heal|p2a: Gliscor|100/100 tox|[from] ability: Poison Heal
|upkeep
|turn|333
|
|t:|1779816361
|switch|p2a: Alomomola|Alomomola, F, shiny|100/100
|switch|p1a: Clefable|Clefable, F|100/100 psn
|
|upkeep
|turn|334
|c| garchompcookies|This is just switching
|
|t:|1779816365
|switch|p1a: Slowking|Slowking-Galar, F|100/100
|switch|p2a: Gliscor|Gliscor, F, shiny|100/100 tox
|-damage|p2a: Gliscor|88/100 tox|[from] Stealth Rock
|
|-heal|p2a: Gliscor|100/100 tox|[from] ability: Poison Heal
|upkeep
|turn|335
|n| jgyjrkejdjjds|jgyjrkejdjjds
|
|t:|1779816369
|switch|p2a: Alomomola|Alomomola, F, shiny|100/100
|switch|p1a: Clefable|Clefable, F|100/100 psn
|
|upkeep
|turn|336
|c| garchompcookies|No battling
|
|t:|1779816372
|switch|p1a: Slowking|Slowking-Galar, F|100/100
|switch|p2a: Dondozo|Dondozo, F, shiny|100/100
|
|upkeep
|turn|337
|
|t:|1779816379
|switch|p1a: Clefable|Clefable, F|100/100 psn
|move|p2a: Dondozo|Curse|p2a: Dondozo
|-unboost|p2a: Dondozo|spe|1
|-boost|p2a: Dondozo|atk|1
|-boost|p2a: Dondozo|def|1
|
|upkeep
|turn|338
|
|t:|1779816388
|switch|p1a: Slowking|Slowking-Galar, F|100/100
|switch|p2a: Gliscor|Gliscor, F, shiny|100/100 tox
|-damage|p2a: Gliscor|88/100 tox|[from] Stealth Rock
|
|-heal|p2a: Gliscor|100/100 tox|[from] ability: Poison Heal
|upkeep
|turn|339
|
|t:|1779816391
|switch|p2a: Alomomola|Alomomola, F, shiny|100/100
|switch|p1a: Clefable|Clefable, F|100/100 psn
|
|upkeep
|turn|340
|c| garchompcookies|Finally someone is setting up
|
|t:|1779816395
|switch|p1a: Slowking|Slowking-Galar, F|100/100
|switch|p2a: Gliscor|Gliscor, F, shiny|100/100 tox
|-damage|p2a: Gliscor|88/100 tox|[from] Stealth Rock
|
|-heal|p2a: Gliscor|100/100 tox|[from] ability: Poison Heal
|upkeep
|turn|341
|
|t:|1779816397
|switch|p2a: Alomomola|Alomomola, F, shiny|100/100
|switch|p1a: Clefable|Clefable, F|100/100 psn
|
|upkeep
|turn|342
|c| jgyjrkejdjjds|do /offertie BTW silver jay #2240 watch cats 2
|c| garchompcookies|And then they keep switching
|
|t:|1779816402
|switch|p1a: Slowking|Slowking-Galar, F|100/100
|switch|p2a: Dondozo|Dondozo, F, shiny|100/100
|
|upkeep
|turn|343
|j| MiDash15
|
|t:|1779816406
|switch|p2a: Gliscor|Gliscor, F, shiny|100/100 tox
|-damage|p2a: Gliscor|88/100 tox|[from] Stealth Rock
|switch|p1a: Clefable|Clefable, F|100/100 psn
|
|-heal|p2a: Gliscor|100/100 tox|[from] ability: Poison Heal
|upkeep
|turn|344
|
|t:|1779816413
|switch|p2a: Toxapex|Toxapex, F, shiny|99/100
|-damage|p2a: Toxapex|87/100|[from] Stealth Rock
|-damage|p2a: Toxapex|70/100|[from] Spikes
|move|p1a: Clefable|Knock Off|p2a: Toxapex
|-damage|p2a: Toxapex|64/100
|
|upkeep
|turn|345
|
|t:|1779816420
|switch|p1a: Slowking|Slowking-Galar, F|100/100
|move|p2a: Toxapex|Infestation|p1a: Slowking
|-damage|p1a: Slowking|99/100
|-activate|p1a: Slowking|move: Infestation|[of] p2a: Toxapex
|
|-damage|p1a: Slowking|87/100|[from] move: Infestation|[partiallytrapped]
|upkeep
|turn|346
|
|t:|1779816431
|switch|p2a: Dondozo|Dondozo, F, shiny|100/100
|-prepare|p1a: Slowking|Chilly Reception|[premajor]
|move|p1a: Slowking|Chilly Reception|p1a: Slowking
|-weather|Snowscape
|c| MiDash15|hmu when a mon dies 😭
|
|t:|1779816438
|switch|p1a: Clefable|Clefable, F|100/100 psn|[from] Chilly Reception
|
|-weather|Snowscape|[upkeep]
|upkeep
|turn|347
|j| Shivdeit
|
|t:|1779816448
|switch|p1a: Slowking|Slowking-Galar, F|100/100
|switch|p2a: Gliscor|Gliscor, F, shiny|100/100 tox
|-damage|p2a: Gliscor|88/100 tox|[from] Stealth Rock
|
|-weather|Snowscape|[upkeep]
|-heal|p2a: Gliscor|100/100 tox|[from] ability: Poison Heal
|upkeep
|turn|348
|
|t:|1779816456
|switch|p2a: Alomomola|Alomomola, F, shiny|100/100
|switch|p1a: Clefable|Clefable, F|100/100 psn
|
|-weather|Snowscape|[upkeep]
|upkeep
|turn|349
|c| MiDash15|i mean another one
|c| Shivdeit|How is this shit still going
|c| MiDash15|stall vs balance
|
|t:|1779816465
|switch|p1a: Slowking|Slowking-Galar, F|100/100
|switch|p2a: Gliscor|Gliscor, F, shiny|100/100 tox
|-damage|p2a: Gliscor|88/100 tox|[from] Stealth Rock
|
|-weather|Snowscape|[upkeep]
|-heal|p2a: Gliscor|100/100 tox|[from] ability: Poison Heal
|upkeep
|turn|350
|
|t:|1779816470
|switch|p2a: Alomomola|Alomomola, F, shiny|100/100
|switch|p1a: Clefable|Clefable, F|100/100 psn
|
|-weather|none
|upkeep
|turn|351
|c| garchompcookies|This IS PURE STALL
|l| jgyjrkejdjjds
|
|t:|1779816479
|switch|p1a: Slowking|Slowking-Galar, F|100/100
|switch|p2a: Gliscor|Gliscor, F, shiny|100/100 tox
|-damage|p2a: Gliscor|88/100 tox|[from] Stealth Rock
|
|-heal|p2a: Gliscor|100/100 tox|[from] ability: Poison Heal
|upkeep
|turn|352
|j| RedemptiveSketch
|c| garchompcookies|YOU CANT FORCE ENDLESS BATTLE
|j| asasjuilaha
|
|t:|1779816487
|switch|p2a: Alomomola|Alomomola, F, shiny|100/100
|switch|p1a: Clefable|Clefable, F|100/100 psn
|
|upkeep
|turn|353
|inactive|silver jay#2240 has 90 seconds left.
|
|t:|1779816493
|switch|p1a: Slowking|Slowking-Galar, F|100/100
|switch|p2a: Gliscor|Gliscor, F, shiny|100/100 tox
|-damage|p2a: Gliscor|88/100 tox|[from] Stealth Rock
|
|-heal|p2a: Gliscor|100/100 tox|[from] ability: Poison Heal
|upkeep
|turn|354
|c| Chris Talus|you can still run out of pp
|c| garchompcookies|THIS IS JUST RUBBISH
|c| RedemptiveSketch|yo guys chill
|
|t:|1779816497
|switch|p2a: Alomomola|Alomomola, F, shiny|100/100
|switch|p1a: Clefable|Clefable, F|100/100 psn
|
|upkeep
|turn|355
|inactive|silver jay#2240 has 90 seconds left.
|
|t:|1779816504
|switch|p1a: Slowking|Slowking-Galar, F|100/100
|switch|p2a: Gliscor|Gliscor, F, shiny|100/100 tox
|-damage|p2a: Gliscor|88/100 tox|[from] Stealth Rock
|
|-heal|p2a: Gliscor|100/100 tox|[from] ability: Poison Heal
|upkeep
|turn|356
|j| hhrsvjutff
|c| Chris Talus|its not leppa recycle slowbro
|c| MiDash15|even if they run out of pp they can loop with toxapex and alomomola
|c| MiDash15|and gliscor
|
|t:|1779816520
|switch|p2a: Alomomola|Alomomola, F, shiny|100/100
|switch|p1a: Clefable|Clefable, F|100/100 psn
|
|upkeep
|turn|357
|inactive|silver jay#2240 has 90 seconds left.
|
|t:|1779816527
|switch|p1a: Slowking|Slowking-Galar, F|100/100
|switch|p2a: Gliscor|Gliscor, F, shiny|100/100 tox
|-damage|p2a: Gliscor|88/100 tox|[from] Stealth Rock
|
|-heal|p2a: Gliscor|100/100 tox|[from] ability: Poison Heal
|upkeep
|turn|358
|l| asasjuilaha
|
|t:|1779816534
|switch|p2a: Alomomola|Alomomola, F, shiny|100/100
|switch|p1a: Clefable|Clefable, F|100/100 psn
|
|upkeep
|turn|359
|c| Chris Talus|yeah then jay runs out of pp and loses
|c| kooopooolooo|Silver can't endless battle, doesnt have dual regen
|inactive|silver jay#2240 has 90 seconds left.
|c| MiDash15|yeah
|
|t:|1779816542
|switch|p1a: Slowking|Slowking-Galar, F|100/100
|switch|p2a: Gliscor|Gliscor, F, shiny|100/100 tox
|-damage|p2a: Gliscor|88/100 tox|[from] Stealth Rock
|
|-heal|p2a: Gliscor|100/100 tox|[from] ability: Poison Heal
|upkeep
|turn|360
|inactive|silver jay#2240 has 90 seconds left.
|
|t:|1779816550
|switch|p2a: Alomomola|Alomomola, F, shiny|100/100
|switch|p1a: Zamazenta|Zamazenta|70/100
|
|upkeep
|turn|361
|
|t:|1779816557
|switch|p1a: Clefable|Clefable, F|100/100 psn
|move|p2a: Alomomola|Flip Turn|p1a: Clefable
|-damage|p1a: Clefable|88/100 psn
|
|t:|1779816562
|switch|p2a: Dondozo|Dondozo, F, shiny|100/100|[from] Flip Turn
|
|upkeep
|turn|362
|n| hhrsvjutff|hhrsvjutff
|inactive|silver jay#2240 has 90 seconds left.
|
|t:|1779816567
|switch|p1a: Slowking|Slowking-Galar, F|100/100
|switch|p2a: Gliscor|Gliscor, F, shiny|100/100 tox
|-damage|p2a: Gliscor|88/100 tox|[from] Stealth Rock
|
|-heal|p2a: Gliscor|100/100 tox|[from] ability: Poison Heal
|upkeep
|turn|363
|c| MiDash15|wow flip turn
|l| Shivdeit
|inactive|silver jay#2240 has 90 seconds left.
|c| hhrsvjutff|single regen + MGUARD clef is enough
|
|t:|1779816573
|switch|p2a: Alomomola|Alomomola, F, shiny|100/100
|switch|p1a: Clefable|Clefable, F|88/100 psn
|
|upkeep
|turn|364
|j| Shivdeit
|
|t:|1779816580
|switch|p1a: Slowking|Slowking-Galar, F|100/100
|switch|p2a: Gliscor|Gliscor, F, shiny|100/100 tox
|-damage|p2a: Gliscor|88/100 tox|[from] Stealth Rock
|
|-heal|p2a: Gliscor|100/100 tox|[from] ability: Poison Heal
|upkeep
|turn|365
|
|t:|1779816584
|switch|p2a: Alomomola|Alomomola, F, shiny|100/100
|switch|p1a: Clefable|Clefable, F|88/100 psn
|
|upkeep
|turn|366
|c| garchompcookies|THIS IS JUST SWITCHING NO BATTLING AND STALL
|
|t:|1779816588
|switch|p1a: Slowking|Slowking-Galar, F|100/100
|switch|p2a: Gliscor|Gliscor, F, shiny|100/100 tox
|-damage|p2a: Gliscor|88/100 tox|[from] Stealth Rock
|
|-heal|p2a: Gliscor|100/100 tox|[from] ability: Poison Heal
|upkeep
|turn|367
|
|t:|1779816591
|switch|p2a: Alomomola|Alomomola, F, shiny|100/100
|switch|p1a: Zamazenta|Zamazenta|70/100
|
|upkeep
|turn|368
|
|t:|1779816596
|switch|p1a: Clefable|Clefable, F|88/100 psn
|move|p2a: Alomomola|Flip Turn|p1a: Clefable
|-damage|p1a: Clefable|75/100 psn
|
|t:|1779816600
|switch|p2a: Gliscor|Gliscor, F, shiny|100/100 tox|[from] Flip Turn
|-damage|p2a: Gliscor|88/100 tox|[from] Stealth Rock
|
|-heal|p2a: Gliscor|100/100 tox|[from] ability: Poison Heal
|upkeep
|turn|369
|c| garchompcookies|SOMEONE ATTACK
|c| garchompcookies|JUST ATTSCK
|c| hhrsvjutff|silver jay had to get 3 spikes up to kill regen pex
|inactive|silver jay#2240 has 90 seconds left.
|c| AbrarS|Relax
|
|t:|1779816613
|switch|p2a: Toxapex|Toxapex, F, shiny|97/100
|-damage|p2a: Toxapex|85/100|[from] Stealth Rock
|-damage|p2a: Toxapex|68/100|[from] Spikes
|move|p1a: Clefable|Moonblast|p2a: Toxapex
|-resisted|p2a: Toxapex
|-damage|p2a: Toxapex|56/100
|
|upkeep
|turn|370
|c| MiDash15|HO player above
|c| MiDash15|(garchompcookies)
|c| AbrarS|Anyone who attacks is gonna lose
|
|t:|1779816625
|switch|p1a: Slowking|Slowking-Galar, F|100/100
|move|p2a: Toxapex|Infestation|p1a: Slowking
|-damage|p1a: Slowking|99/100
|-activate|p1a: Slowking|move: Infestation|[of] p2a: Toxapex
|
|-damage|p1a: Slowking|87/100|[from] move: Infestation|[partiallytrapped]
|upkeep
|turn|371
|c| garchompcookies|USE A DAMAGING MOVES
|inactive|silver jay#2240 has 90 seconds left.
|
|t:|1779816631
|move|p2a: Toxapex|Recover|p2a: Toxapex
|-heal|p2a: Toxapex|100/100
|move|p1a: Slowking|Sludge Bomb|p2a: Toxapex
|-resisted|p2a: Toxapex
|-damage|p2a: Toxapex|88/100
|
|-damage|p1a: Slowking|74/100|[from] move: Infestation|[partiallytrapped]
|upkeep
|turn|372
|c| hhrsvjutff|this game is dead tie RN
|j| iglt
|
|t:|1779816640
|switch|p2a: Gliscor|Gliscor, F, shiny|100/100 tox
|-damage|p2a: Gliscor|88/100 tox|[from] Stealth Rock
|-prepare|p1a: Slowking|Chilly Reception|[premajor]
|move|p1a: Slowking|Chilly Reception|p1a: Slowking
|-weather|Snowscape
|c| MiDash15|yeah
|c| Chris Talus|slowking only has 2 future sights left
|c| MiDash15|what happens on a tie tho?
|
|t:|1779816649
|switch|p1a: Zamazenta|Zamazenta|70/100|[from] Chilly Reception
|
|-weather|Snowscape|[upkeep]
|-heal|p2a: Gliscor|100/100 tox|[from] ability: Poison Heal
|upkeep
|turn|373
|c| hhrsvjutff|future sight doesn’t work post t256
|c| kooopooolooo|slowking cant even use future sight
|j| A Welcome Guest
|c| garchompcookies|It can
|c| AbrarS|We've seen the future
|c| hhrsvjutff|players will need to /offertie or play to t1000
|c| AbrarS|Play to 1000
|c|☆silver jay#2240|what happens at 1000?
|c| MiDash15|t1000 it is
|inactive|watch cats 2 has 120 seconds left.
|c| AbrarS|We ain't got shit else to do
|c| hhrsvjutff|at 1000 it is forced tie
|c| Shivdeit|Auto tie
|
|t:|1779816691
|switch|p1a: Clefable|Clefable, F|75/100 psn
|switch|p2a: Toxapex|Toxapex, F, shiny|100/100
|-damage|p2a: Toxapex|88/100|[from] Stealth Rock
|-damage|p2a: Toxapex|72/100|[from] Spikes
|
|-weather|Snowscape|[upkeep]
|upkeep
|turn|374
|l| cherry786
|c|☆silver jay#2240|gotta win by then then
|c| hhrsvjutff|do /OFFERTIE earlier
|inactive|silver jay#2240 has 90 seconds left.
|
|t:|1779816701
|switch|p1a: Slowking|Slowking-Galar, F|100/100
|switch|p2a: Gliscor|Gliscor, F, shiny|100/100 tox
|-damage|p2a: Gliscor|88/100 tox|[from] Stealth Rock
|
|-weather|Snowscape|[upkeep]
|-heal|p2a: Gliscor|100/100 tox|[from] ability: Poison Heal
|upkeep
|turn|375
|c| garchompcookies|I camt offer in tournaments
|
|t:|1779816714
|switch|p2a: Toxapex|Toxapex, F, shiny|100/100
|-damage|p2a: Toxapex|88/100|[from] Stealth Rock
|-damage|p2a: Toxapex|72/100|[from] Spikes
|switch|p1a: Clefable|Clefable, F|75/100 psn
|
|-weather|Snowscape|[upkeep]
|upkeep
|turn|376
|inactive|silver jay#2240 has 90 seconds left.
|
|t:|1779816725
|switch|p1a: Slowking|Slowking-Galar, F|100/100
|switch|p2a: Gliscor|Gliscor, F, shiny|100/100 tox
|-damage|p2a: Gliscor|88/100 tox|[from] Stealth Rock
|
|-weather|none
|-heal|p2a: Gliscor|100/100 tox|[from] ability: Poison Heal
|upkeep
|turn|377
|c| hhrsvjutff|s this room tour?
|c| hhrsvjutff|Ok
|inactive|watch cats 2 has 90 seconds left.
|c| MiDash15|i think its room tour yeah
|
|t:|1779816740
|switch|p2a: Toxapex|Toxapex, F, shiny|100/100
|-damage|p2a: Toxapex|88/100|[from] Stealth Rock
|-damage|p2a: Toxapex|72/100|[from] Spikes
|switch|p1a: Clefable|Clefable, F|75/100 psn
|
|upkeep
|turn|378
|c| hhrsvjutff|someone be the bigger man
|c| RedemptiveSketch|it is
|
|t:|1779816748
|switch|p1a: Slowking|Slowking-Galar, F|100/100
|switch|p2a: Gliscor|Gliscor, F, shiny|100/100 tox
|-damage|p2a: Gliscor|88/100 tox|[from] Stealth Rock
|
|-heal|p2a: Gliscor|100/100 tox|[from] ability: Poison Heal
|upkeep
|turn|379
|inactive|watch cats 2 has 90 seconds left.
|l|☆watch cats 2
|inactive|watch cats 2 disconnected and has a minute to reconnect!
|player|p2|
|c| hhrsvjutff|wincon
|j| spiderkitty410
|c| AbrarS|Timer stalling
|inactive|watch cats 2 has 30 seconds to reconnect!
|c| RedemptiveSketch|ultimate staller
|c| AbrarS|Say sike rn
|j| cherry786
|c| garchompcookies|Yes watchcat leave allow someone to win
|c| Shivdeit|?
|inactive|watch cats 2 has 20 seconds to reconnect!
|inactive|watch cats 2 has 15 seconds to reconnect!
|c| AbrarS|Don't do this
|c| Chris Talus|this is reminding me of the incident
|inactive|watch cats 2 has 10 seconds to reconnect!
|c| kooopooolooo|NOOOOO
|c| AbrarS|We invested too much
|inactive|watch cats 2 has 5 seconds to reconnect!
|c| RedemptiveSketch|4
|c| RedemptiveSketch|3
|c| RedemptiveSketch|2
|l| Shivdeit
|c| RedemptiveSketch|1
|c| RedemptiveSketch|1
|-message|watch cats 2 lost due to inactivity.
|
|win|silver jay#2240
|n|☆silver jay#2240|silverjay2240
|n| Chris Talus|christalus
|n| braumuller|braumuller
|n| Gamewolf378|gamewolf378
|n| Oxyderkes|oxyderkes
|n| yuureisuisei|yuureisuisei
|n|+sky|sky
|n|+Stads|stads
|n| sote og rare|soteograre
|n| ok sup|oksup
|n| kooopooolooo|kooopooolooo
|n| garchompcookies|garchompcookies
|n| AbrarS|abrars
|n| MiDash15|midash15
|n| RedemptiveSketch|redemptivesketch
|n| hhrsvjutff|hhrsvjutff
|n| iglt|iglt
|n| A Welcome Guest|awelcomeguest
|n| spiderkitty410|spiderkitty410
|n| cherry786|cherry786
|c| sote og rare|ddosed
|c| hhrsvjutff|playing out is not worth
|c|☆silver jay#2240|gg
|c| garchompcookies|Bro
|c|☆silver jay#2240|!showteam
|c| silver jay#2240|/raw <div class="infobox"><details><summary>View team</summary>Grafaiai @ Lagging Tail  <br />Ability: Prankster  <br />Tera Type: Flying  <br />EVs: 252 HP &#x2f; 252 Atk &#x2f; 4 SpD  <br />Adamant Nature  <br />- Copycat  <br />- Dig  <br />- Encore  <br />- Parting Shot  <br /><br />Slowking (Slowking-Galar) @ Choice Scarf  <br />Ability: Regenerator  <br />Tera Type: Water  <br />EVs: 252 HP &#x2f; 4 Def &#x2f; 252 SpD  <br />Sassy Nature  <br />IVs: 0 Atk &#x2f; 0 Spe  <br />- Sludge Bomb  <br />- Future Sight  <br />- Trick  <br />- Chilly Reception  <br /><br />Corviknight @ Rocky Helmet  <br />Ability: Pressure  <br />Tera Type: Dragon  <br />EVs: 248 HP &#x2f; 252 Def &#x2f; 8 SpD  <br />Impish Nature  <br />- Brave Bird  <br />- Defog  <br />- Roost  <br />- U-turn  <br /><br />Ogerpon (Ogerpon-Wellspring) (F) @ Wellspring Mask  <br />Ability: Water Absorb  <br />Hidden Power: Poison  <br />Tera Type: Water  <br />EVs: 252 Atk &#x2f; 4 SpD &#x2f; 252 Spe  <br />Jolly Nature  <br />- Ivy Cudgel  <br />- Horn Leech  <br />- Knock Off  <br />- Spikes  <br /><br />Clefable @ Leftovers  <br />Ability: Magic Guard  <br />Tera Type: Water  <br />EVs: 252 HP &#x2f; 252 Def &#x2f; 4 SpD  <br />Bold Nature  <br />- Moonblast  <br />- Knock Off  <br />- Stealth Rock  <br />- Moonlight  <br /><br />Zamazenta @ Heavy-Duty Boots  <br />Ability: Dauntless Shield  <br />Tera Type: Dark  <br />EVs: 252 Atk &#x2f; 4 SpD &#x2f; 252 Spe  <br />Jolly Nature  <br />- Close Combat  <br />- Crunch  <br />- Stone Edge  <br />- Roar  <br /><br /></details></div>
|j| watch catss
|j| Shivdeit
|c| kooopooolooo|ggs
|c| hhrsvjutff|this was the best outcome
|c| Chris Talus|and it was comcast that decided the winner
|l| RedemptiveSketch
|l| AbrarS
|c| kooopooolooo|DIG
|l| sote og rare
|c| Chris Talus|lagging tail grafaiai
|l| spiderkitty410
|c| Shivdeit|Tbf just waiting for one player to dc is a valid strat
|l| garchompcookies
|l| iglt
|l| watch catss
|l| hhrsvjutff
|l| yuureisuisei
|l| kooopooolooo
|l| Shivdeit
|l| Chris Talus
|j| watch catss
|l| watch catss
|l| cherry786
|l| MiDash15
|j| Chris Talus
