|j|☆jetleiroi
|j|☆captayne
|t:|1779857731
|gametype|singles
|player|p1|jetleiroi|roxie|1268
|player|p2|captayne|hilbert|1331
|gen|9
|tier|[Gen 9] OU
|rated|
|rule|HP Percentage Mod: HP is shown in percentages
|rule|Endless Battle Clause: Forcing endless battles is banned
|rule|Species Clause: Limit one of each Pokémon
|rule|OHKO Clause: OHKO moves are banned
|rule|Evasion Items Clause: Evasion items are banned
|rule|Evasion Moves Clause: Evasion moves are banned
|rule|Evasion Abilities Clause: Evasion abilities are banned
|rule|Sleep Moves Clause: Sleep-inducing moves are banned
|clearpoke
|poke|p1|Indeedee, M|
|poke|p1|Great Tusk|
|poke|p1|Ogerpon-Wellspring, F|
|poke|p1|Pecharunt|
|poke|p1|Iron Jugulis|
|poke|p1|Diancie|
|poke|p2|Tyranitar, M|
|poke|p2|Excadrill, F|
|poke|p2|Clefable, M|
|poke|p2|Dragapult, F|
|poke|p2|Ting-Lu|
|poke|p2|Ogerpon-Wellspring, F|
|teampreview
|inactive|Battle timer is ON: inactive players will automatically lose when time's up. (requested by captayne)
|inactive|jetleiroi also wants the timer to be on.
|
|t:|1779857763
|teamsize|p1|6
|teamsize|p2|6
|start
|switch|p1a: Princess Pech|Pecharunt|100/100
|switch|p2a: Tyranitar|Tyranitar, M|100/100
|-weather|Sandstorm|[from] ability: Sand Stream|[of] p2a: Tyranitar
|turn|1
|
|t:|1779857770
|move|p2a: Tyranitar|Knock Off|p1a: Princess Pech
|-supereffective|p1a: Princess Pech
|-damage|p1a: Princess Pech|15/100
|-damage|p2a: Tyranitar|84/100|[from] item: Rocky Helmet|[of] p1a: Princess Pech
|-enditem|p1a: Princess Pech|Rocky Helmet|[from] move: Knock Off|[of] p2a: Tyranitar
|move|p1a: Princess Pech|Parting Shot|p2a: Tyranitar
|-unboost|p2a: Tyranitar|atk|1
|-unboost|p2a: Tyranitar|spa|1
|
|t:|1779857778
|switch|p1a: Elon Tusk|Great Tusk|100/100|[from] Parting Shot
|-enditem|p1a: Elon Tusk|Booster Energy
|-activate|p1a: Elon Tusk|ability: Protosynthesis|[fromitem]
|-start|p1a: Elon Tusk|protosynthesisatk
|
|-weather|Sandstorm|[upkeep]
|upkeep
|turn|2
|
|t:|1779857785
|switch|p2a: Clefable|Clefable, M|100/100
|move|p1a: Elon Tusk|Rapid Spin|p2a: Clefable
|-damage|p2a: Clefable|86/100
|-boost|p1a: Elon Tusk|spe|1
|-damage|p1a: Elon Tusk|84/100|[from] item: Rocky Helmet|[of] p2a: Clefable
|
|-weather|Sandstorm|[upkeep]
|upkeep
|turn|3
|
|t:|1779857799
|-end|p1a: Elon Tusk|Protosynthesis|[silent]
|switch|p1a: 4 Ever|Diancie|100/100
|move|p2a: Clefable|Moonblast|p1a: 4 Ever
|-damage|p1a: 4 Ever|86/100
|
|-weather|Sandstorm|[upkeep]
|-heal|p1a: 4 Ever|92/100|[from] item: Leftovers
|upkeep
|turn|4
|
|t:|1779857810
|switch|p2a: Excadrill|Excadrill, F|100/100
|move|p1a: 4 Ever|Diamond Storm|p2a: Excadrill
|-resisted|p2a: Excadrill
|-damage|p2a: Excadrill|89/100
|-boost|p1a: 4 Ever|def|2
|
|-weather|Sandstorm|[upkeep]
|-heal|p2a: Excadrill|95/100|[from] item: Leftovers
|-heal|p1a: 4 Ever|98/100|[from] item: Leftovers
|upkeep
|turn|5
|
|t:|1779857820
|-terastallize|p1a: 4 Ever|Psychic
|move|p2a: Excadrill|Swords Dance|p2a: Excadrill
|-boost|p2a: Excadrill|atk|2
|move|p1a: 4 Ever|Diamond Storm|p2a: Excadrill
|-resisted|p2a: Excadrill
|-damage|p2a: Excadrill|83/100
|-boost|p1a: 4 Ever|def|2
|
|-weather|none
|-heal|p2a: Excadrill|89/100|[from] item: Leftovers
|-heal|p1a: 4 Ever|100/100|[from] item: Leftovers
|upkeep
|turn|6
|
|t:|1779857834
|switch|p2a: Ting-Lu|Ting-Lu|100/100
|-ability|p2a: Ting-Lu|Vessel of Ruin
|move|p1a: 4 Ever|Diamond Storm|p2a: Ting-Lu
|-resisted|p2a: Ting-Lu
|-damage|p2a: Ting-Lu|91/100
|-boost|p1a: 4 Ever|def|2
|
|-heal|p2a: Ting-Lu|97/100|[from] item: Leftovers
|upkeep
|turn|7
|
|t:|1779857844
|move|p2a: Ting-Lu|Spikes|p1a: 4 Ever
|-sidestart|p1: jetleiroi|Spikes
|move|p1a: 4 Ever|Calm Mind|p1a: 4 Ever
|-boost|p1a: 4 Ever|spa|1
|-boost|p1a: 4 Ever|spd|1
|
|-heal|p2a: Ting-Lu|100/100|[from] item: Leftovers
|upkeep
|turn|8
|
|t:|1779857851
|move|p2a: Ting-Lu|Spikes|p1a: 4 Ever
|-sidestart|p1: jetleiroi|Spikes
|move|p1a: 4 Ever|Draining Kiss|p2a: Ting-Lu
|-supereffective|p2a: Ting-Lu
|-damage|p2a: Ting-Lu|76/100
|
|-heal|p2a: Ting-Lu|82/100|[from] item: Leftovers
|upkeep
|turn|9
|
|t:|1779857857
|move|p2a: Ting-Lu|Spikes|p1a: 4 Ever
|-sidestart|p1: jetleiroi|Spikes
|move|p1a: 4 Ever|Calm Mind|p1a: 4 Ever
|-boost|p1a: 4 Ever|spa|1
|-boost|p1a: 4 Ever|spd|1
|
|-heal|p2a: Ting-Lu|88/100|[from] item: Leftovers
|upkeep
|turn|10
|
|t:|1779857864
|move|p1a: 4 Ever|Draining Kiss|p2a: Ting-Lu
|-supereffective|p2a: Ting-Lu
|-damage|p2a: Ting-Lu|58/100
|move|p2a: Ting-Lu|Whirlwind|p1a: 4 Ever
|drag|p1a: Yes Indeedee!|Indeedee, M|100/100
|-damage|p1a: Yes Indeedee!|76/100|[from] Spikes
|-fieldstart|move: Psychic Terrain|[from] ability: Psychic Surge|[of] p1a: Yes Indeedee!
|
|-heal|p2a: Ting-Lu|64/100|[from] item: Leftovers
|upkeep
|turn|11
|
|t:|1779857876
|move|p1a: Yes Indeedee!|Trick|p2a: Ting-Lu
|-activate|p1a: Yes Indeedee!|move: Trick|[of] p2a: Ting-Lu
|-item|p2a: Ting-Lu|Choice Scarf|[from] move: Trick
|-item|p1a: Yes Indeedee!|Leftovers|[from] move: Trick
|move|p2a: Ting-Lu|Ruination|p1a: Yes Indeedee!
|-damage|p1a: Yes Indeedee!|38/100
|
|-heal|p1a: Yes Indeedee!|44/100|[from] item: Leftovers
|upkeep
|turn|12
|
|t:|1779857885
|switch|p1a: Princess Pech|Pecharunt|15/100
|-damage|p1a: Princess Pech|0 fnt|[from] Spikes
|faint|p1a: Princess Pech
|switch|p2a: Tyranitar|Tyranitar, M|84/100
|-weather|Sandstorm|[from] ability: Sand Stream|[of] p2a: Tyranitar
|
|-weather|Sandstorm|[upkeep]
|upkeep
|
|t:|1779857894
|switch|p1a: Elon Tusk|Great Tusk|84/100
|-damage|p1a: Elon Tusk|59/100|[from] Spikes
|turn|13
|
|t:|1779857905
|switch|p2a: Dragapult|Dragapult, F|100/100
|move|p1a: Elon Tusk|Earthquake|p2a: Dragapult
|-damage|p2a: Dragapult|37/100
|
|-weather|Sandstorm|[upkeep]
|-damage|p2a: Dragapult|31/100|[from] Sandstorm
|upkeep
|turn|14
|
|t:|1779857913
|move|p2a: Dragapult|Shadow Ball|p1a: Elon Tusk
|-damage|p1a: Elon Tusk|0 fnt
|faint|p1a: Elon Tusk
|-end|p1a: Elon Tusk|Protosynthesis|[silent]
|
|-weather|Sandstorm|[upkeep]
|-damage|p2a: Dragapult|25/100|[from] Sandstorm
|-fieldend|move: Psychic Terrain
|upkeep
|
|t:|1779857918
|switch|p1a: Uncle Iro|Iron Jugulis|100/100
|-enditem|p1a: Uncle Iro|Booster Energy
|-activate|p1a: Uncle Iro|ability: Quark Drive|[fromitem]
|-start|p1a: Uncle Iro|quarkdrivespe
|turn|15
|
|t:|1779857930
|switch|p2a: Clefable|Clefable, M|86/100
|move|p1a: Uncle Iro|Air Slash|p2a: Clefable
|-damage|p2a: Clefable|51/100
|
|-weather|Sandstorm|[upkeep]
|-damage|p1a: Uncle Iro|94/100|[from] Sandstorm
|upkeep
|turn|16
|
|t:|1779857938
|move|p1a: Uncle Iro|Air Slash|p2a: Clefable
|-damage|p2a: Clefable|18/100
|cant|p2a: Clefable|flinch
|
|-weather|none
|upkeep
|turn|17
|
|t:|1779857960
|switch|p2a: Tyranitar|Tyranitar, M|84/100
|-weather|Sandstorm|[from] ability: Sand Stream|[of] p2a: Tyranitar
|move|p1a: Uncle Iro|Earth Power|p2a: Tyranitar
|-supereffective|p2a: Tyranitar
|-damage|p2a: Tyranitar|45/100
|-unboost|p2a: Tyranitar|spd|1
|
|-weather|Sandstorm|[upkeep]
|-damage|p1a: Uncle Iro|88/100|[from] Sandstorm
|upkeep
|turn|18
|
|t:|1779857978
|switch|p2a: Dragapult|Dragapult, F|25/100
|move|p1a: Uncle Iro|Earth Power|p2a: Dragapult
|-damage|p2a: Dragapult|0 fnt
|faint|p2a: Dragapult
|
|-weather|Sandstorm|[upkeep]
|-damage|p1a: Uncle Iro|82/100|[from] Sandstorm
|upkeep
|inactive|captayne has 120 seconds left.
|
|t:|1779857989
|switch|p2a: Excadrill|Excadrill, F|89/100
|turn|19
|inactive|captayne has 120 seconds left.
|
|t:|1779858009
|move|p2a: Excadrill|Iron Head|p1a: Uncle Iro
|-damage|p1a: Uncle Iro|27/100
|cant|p1a: Uncle Iro|flinch
|
|-weather|Sandstorm|[upkeep]
|-damage|p1a: Uncle Iro|21/100|[from] Sandstorm
|-heal|p2a: Excadrill|96/100|[from] item: Leftovers
|upkeep
|turn|20
|
|t:|1779858023
|-end|p1a: Uncle Iro|Quark Drive|[silent]
|switch|p1a: Pon de Replay|Ogerpon-Wellspring, F|100/100
|-damage|p1a: Pon de Replay|76/100|[from] Spikes
|move|p2a: Excadrill|Iron Head|p1a: Pon de Replay
|-resisted|p1a: Pon de Replay
|-damage|p1a: Pon de Replay|44/100
|
|-weather|Sandstorm|[upkeep]
|-damage|p1a: Pon de Replay|38/100|[from] Sandstorm
|-heal|p2a: Excadrill|100/100|[from] item: Leftovers
|upkeep
|turn|21
|
|t:|1779858033
|move|p2a: Excadrill|Iron Head|p1a: Pon de Replay
|-resisted|p1a: Pon de Replay
|-damage|p1a: Pon de Replay|6/100
|cant|p1a: Pon de Replay|flinch
|
|-weather|none
|upkeep
|turn|22
|
|t:|1779858043
|switch|p2a: Clefable|Clefable, M|18/100
|move|p1a: Pon de Replay|Horn Leech|p2a: Clefable
|-damage|p2a: Clefable|0 fnt
|-heal|p1a: Pon de Replay|17/100|[from] drain|[of] p2a: Clefable
|-damage|p1a: Pon de Replay|1/100|[from] item: Rocky Helmet|[of] p2a: Clefable
|faint|p2a: Clefable
|
|upkeep
|
|t:|1779858054
|switch|p2a: Ogerpon|Ogerpon-Wellspring, F|100/100
|turn|23
|
|t:|1779858058
|move|p1a: Pon de Replay|Horn Leech|p2a: Ogerpon
|-damage|p2a: Ogerpon|38/100
|-heal|p1a: Pon de Replay|32/100|[from] drain|[of] p2a: Ogerpon
|move|p2a: Ogerpon|U-turn|p1a: Pon de Replay
|-supereffective|p1a: Pon de Replay
|-damage|p1a: Pon de Replay|0 fnt
|faint|p1a: Pon de Replay
|
|t:|1779858066
|switch|p2a: Tyranitar|Tyranitar, M|45/100|[from] U-turn
|-weather|Sandstorm|[from] ability: Sand Stream|[of] p2a: Tyranitar
|
|-weather|Sandstorm|[upkeep]
|upkeep
|
|t:|1779858079
|switch|p1a: Yes Indeedee!|Indeedee, M|44/100
|-damage|p1a: Yes Indeedee!|20/100|[from] Spikes
|-fieldstart|move: Psychic Terrain|[from] ability: Psychic Surge|[of] p1a: Yes Indeedee!
|turn|24
|
|t:|1779858087
|move|p1a: Yes Indeedee!|Healing Wish|p1a: Yes Indeedee!
|faint|p1a: Yes Indeedee!
|move|p2a: Tyranitar|Knock Off|p1: Yes Indeedee!|[notarget]
|-fail|p2a: Tyranitar
|
|-weather|Sandstorm|[upkeep]
|upkeep
|
|t:|1779858091
|switch|p1a: Uncle Iro|Iron Jugulis|21/100
|-heal|p1a: Uncle Iro|100/100|[from] move: Healing Wish
|turn|25
|
|t:|1779858098
|move|p1a: Uncle Iro|Earth Power|p2a: Tyranitar
|-supereffective|p2a: Tyranitar
|-damage|p2a: Tyranitar|6/100
|move|p2a: Tyranitar|Knock Off|p1a: Uncle Iro
|-resisted|p1a: Uncle Iro
|-damage|p1a: Uncle Iro|69/100
|
|-weather|Sandstorm|[upkeep]
|-damage|p1a: Uncle Iro|63/100|[from] Sandstorm
|upkeep
|turn|26
|
|t:|1779858110
|switch|p2a: Ogerpon|Ogerpon-Wellspring, F|38/100
|move|p1a: Uncle Iro|Earth Power|p2a: Ogerpon
|-resisted|p2a: Ogerpon
|-damage|p2a: Ogerpon|21/100
|
|-weather|Sandstorm|[upkeep]
|-damage|p2a: Ogerpon|15/100|[from] Sandstorm
|-damage|p1a: Uncle Iro|57/100|[from] Sandstorm
|upkeep
|turn|27
|
|t:|1779858121
|move|p2a: Ogerpon|Ivy Cudgel|p1a: Uncle Iro|[anim] Ivy Cudgel Water
|-damage|p1a: Uncle Iro|0 fnt
|faint|p1a: Uncle Iro
|-end|p1a: Uncle Iro|Quark Drive|[silent]
|
|-weather|none
|upkeep
|-message|jetleiroi forfeited.
|
|win|captayne
|raw|jetleiroi's rating: 1268 &rarr; <strong>1247</strong><br />(-21 for losing)
|raw|captayne's rating: 1331 &rarr; <strong>1347</strong><br />(+16 for winning)
|l|☆jetleiroi
|player|p1|
|l|☆captayne
|player|p2|
