|j|☆broshy
|j|☆claudechamp
|t:|1779832442
|gametype|singles
|player|p1|broshy|265|1147
|player|p2|claudechamp|265|1175
|gen|9
|tier|[Gen 9] OU
|rated|
|rule|HP Percentage Mod: HP is shown in percentages
|rule|Endless Battle Clause: Forcing endless battles is banned
|rule|Species Clause: Limit one of each Pokémon
|rule|OHKO Clause: OHKO moves are banned
|rule|Evasion Items Clause: Evasion items are banned
|rule|Evasion Moves Clause: Evasion moves are banned
|rule|Evasion Abilities Clause: Evasion abilities are banned
|rule|Sleep Moves Clause: Sleep-inducing moves are banned
|clearpoke
|poke|p1|Galvantula, M|
|poke|p1|Dragonite, M|
|poke|p1|Gastrodon, M|
|poke|p1|Porygon2|
|poke|p1|Spiritomb, F|
|poke|p1|Venusaur, F|
|poke|p2|Gliscor, M|
|poke|p2|Ogerpon, F|
|poke|p2|Walking Wake|
|poke|p2|Blissey, F|
|poke|p2|Corviknight, M|
|poke|p2|Pecharunt|
|teampreview
|c|☆claudechamp|hf
|inactive|Battle timer is ON: inactive players will automatically lose when time's up. (requested by claudechamp)
|
|t:|1779832452
|teamsize|p1|6
|teamsize|p2|6
|start
|switch|p1a: Galvantula|Galvantula, M|100/100
|switch|p2a: Gliscor|Gliscor, M|100/100
|turn|1
|
|t:|1779832459
|move|p1a: Galvantula|Sticky Web|p2a: Gliscor
|-sidestart|p2: claudechamp|move: Sticky Web
|move|p2a: Gliscor|Spikes|p1a: Galvantula
|-sidestart|p1: broshy|Spikes
|
|-status|p2a: Gliscor|tox|[from] item: Toxic Orb
|upkeep
|turn|2
|
|t:|1779832467
|switch|p1a: Gastrodon|Gastrodon, M|100/100
|-damage|p1a: Gastrodon|88/100|[from] Spikes
|move|p2a: Gliscor|Spikes|p1a: Gastrodon
|-sidestart|p1: broshy|Spikes
|
|-heal|p1a: Gastrodon|94/100|[from] item: Leftovers
|upkeep
|turn|3
|
|t:|1779832475
|move|p2a: Gliscor|Toxic|p1a: Gastrodon
|-status|p1a: Gastrodon|tox
|move|p1a: Gastrodon|Blizzard|p2a: Gliscor
|-supereffective|p2a: Gliscor
|-damage|p2a: Gliscor|25/100 tox
|
|-heal|p1a: Gastrodon|99/100 tox|[from] item: Leftovers
|-heal|p2a: Gliscor|37/100 tox|[from] ability: Poison Heal
|-damage|p1a: Gastrodon|94/100 tox|[from] psn
|upkeep
|turn|4
|
|t:|1779832485
|switch|p2a: Blissey|Blissey, F|100/100
|move|p1a: Gastrodon|Blizzard|p2a: Blissey
|-damage|p2a: Blissey|94/100
|
|-heal|p1a: Gastrodon|99/100 tox|[from] item: Leftovers
|-damage|p1a: Gastrodon|88/100 tox|[from] psn
|upkeep
|turn|5
|
|t:|1779832497
|switch|p1a: Venusaur|Venusaur, F|100/100
|-damage|p1a: Venusaur|84/100|[from] Spikes
|move|p2a: Blissey|Stealth Rock|p1a: Venusaur
|-sidestart|p1: broshy|move: Stealth Rock
|
|-heal|p1a: Venusaur|90/100|[from] item: Leftovers
|upkeep
|turn|6
|
|t:|1779832506
|move|p1a: Venusaur|Leech Seed|p2a: Blissey
|-start|p2a: Blissey|move: Leech Seed
|move|p2a: Blissey|Seismic Toss|p1a: Venusaur
|-damage|p1a: Venusaur|57/100
|
|-heal|p1a: Venusaur|63/100|[from] item: Leftovers
|-damage|p2a: Blissey|81/100|[from] Leech Seed|[of] p1a: Venusaur
|-heal|p1a: Venusaur|90/100|[silent]
|upkeep
|turn|7
|
|t:|1779832515
|switch|p2a: Gliscor|Gliscor, M|37/100 tox
|move|p1a: Venusaur|Sludge Bomb|p2a: Gliscor
|-resisted|p2a: Gliscor
|-crit|p2a: Gliscor
|-damage|p2a: Gliscor|10/100 tox
|
|-heal|p1a: Venusaur|96/100|[from] item: Leftovers
|-heal|p2a: Gliscor|22/100 tox|[from] ability: Poison Heal
|upkeep
|turn|8
|
|t:|1779832537
|move|p2a: Gliscor|Protect|p2a: Gliscor
|-singleturn|p2a: Gliscor|Protect
|move|p1a: Venusaur|Leech Seed|p2a: Gliscor
|-activate|p2a: Gliscor|move: Protect
|
|-heal|p1a: Venusaur|100/100|[from] item: Leftovers
|-heal|p2a: Gliscor|35/100 tox|[from] ability: Poison Heal
|upkeep
|turn|9
|
|t:|1779832553
|switch|p1a: Gastrodon|Gastrodon, M|88/100 tox
|-damage|p1a: Gastrodon|72/100 tox|[from] Spikes
|-damage|p1a: Gastrodon|66/100 tox|[from] Stealth Rock
|move|p2a: Gliscor|Spikes|p1a: Gastrodon
|-sidestart|p1: broshy|Spikes
|
|-heal|p1a: Gastrodon|72/100 tox|[from] item: Leftovers
|-heal|p2a: Gliscor|47/100 tox|[from] ability: Poison Heal
|-damage|p1a: Gastrodon|66/100 tox|[from] psn
|upkeep
|turn|10
|
|t:|1779832563
|move|p2a: Gliscor|Protect|p2a: Gliscor
|-singleturn|p2a: Gliscor|Protect
|move|p1a: Gastrodon|Blizzard|p2a: Gliscor
|-activate|p2a: Gliscor|move: Protect
|
|-heal|p1a: Gastrodon|72/100 tox|[from] item: Leftovers
|-heal|p2a: Gliscor|60/100 tox|[from] ability: Poison Heal
|-damage|p1a: Gastrodon|60/100 tox|[from] psn
|upkeep
|turn|11
|
|t:|1779832573
|switch|p2a: Blissey|Blissey, F|81/100
|move|p1a: Gastrodon|Blizzard|p2a: Blissey
|-damage|p2a: Blissey|74/100
|
|-heal|p1a: Gastrodon|66/100 tox|[from] item: Leftovers
|-damage|p1a: Gastrodon|47/100 tox|[from] psn
|upkeep
|turn|12
|
|t:|1779832584
|switch|p1a: Dragonite|Dragonite, M|100/100
|-damage|p1a: Dragonite|75/100|[from] Stealth Rock
|move|p2a: Blissey|Soft-Boiled|p2a: Blissey
|-heal|p2a: Blissey|100/100
|
|upkeep
|turn|13
|
|t:|1779832594
|switch|p2a: Walking Wake|Walking Wake|100/100
|move|p1a: Dragonite|Dragon Dance|p1a: Dragonite
|-boost|p1a: Dragonite|atk|1
|-boost|p1a: Dragonite|spe|1
|
|upkeep
|turn|14
|
|t:|1779832607
|move|p1a: Dragonite|Dragon Claw|p2a: Walking Wake
|-supereffective|p2a: Walking Wake
|-damage|p2a: Walking Wake|0 fnt
|faint|p2a: Walking Wake
|-end|p2a: Walking Wake|Protosynthesis|[silent]
|-damage|p1a: Dragonite|66/100|[from] item: Life Orb
|
|upkeep
|
|t:|1779832618
|switch|p2a: Pecharunt|Pecharunt|100/100
|turn|15
|
|t:|1779832626
|move|p1a: Dragonite|Dragon Claw|p2a: Pecharunt
|-damage|p2a: Pecharunt|55/100
|-damage|p1a: Dragonite|56/100|[from] item: Life Orb
|move|p2a: Pecharunt|Foul Play|p1a: Dragonite
|-damage|p1a: Dragonite|0 fnt
|faint|p1a: Dragonite
|
|upkeep
|
|t:|1779832640
|switch|p1a: Spiritomb|Spiritomb, F|100/100
|-damage|p1a: Spiritomb|76/100|[from] Spikes
|-damage|p1a: Spiritomb|63/100|[from] Stealth Rock
|turn|16
|
|t:|1779832650
|move|p2a: Pecharunt|Recover|p2a: Pecharunt
|-heal|p2a: Pecharunt|100/100
|move|p1a: Spiritomb|Calm Mind|p1a: Spiritomb
|-boost|p1a: Spiritomb|spa|1
|-boost|p1a: Spiritomb|spd|1
|
|-heal|p1a: Spiritomb|70/100|[from] item: Leftovers
|upkeep
|turn|17
|
|t:|1779832659
|move|p2a: Pecharunt|Malignant Chain|p1a: Spiritomb
|-resisted|p1a: Spiritomb
|-damage|p1a: Spiritomb|58/100
|move|p1a: Spiritomb|Shadow Ball|p2a: Pecharunt
|-supereffective|p2a: Pecharunt
|-damage|p2a: Pecharunt|25/100
|
|-heal|p1a: Spiritomb|65/100|[from] item: Leftovers
|upkeep
|turn|18
|
|t:|1779832682
|switch|p2a: Blissey|Blissey, F|100/100
|move|p1a: Spiritomb|Calm Mind|p1a: Spiritomb
|-boost|p1a: Spiritomb|spa|1
|-boost|p1a: Spiritomb|spd|1
|
|-heal|p1a: Spiritomb|71/100|[from] item: Leftovers
|upkeep
|turn|19
|
|t:|1779832700
|move|p2a: Blissey|Calm Mind|p2a: Blissey
|-boost|p2a: Blissey|spa|1
|-boost|p2a: Blissey|spd|1
|move|p1a: Spiritomb|Dark Pulse|p2a: Blissey
|-damage|p2a: Blissey|89/100
|
|-heal|p1a: Spiritomb|77/100|[from] item: Leftovers
|upkeep
|turn|20
|
|t:|1779832709
|switch|p2a: Ogerpon|Ogerpon, F|100/100
|switch|p1a: Venusaur|Venusaur, F|100/100
|-damage|p1a: Venusaur|76/100|[from] Spikes
|-damage|p1a: Venusaur|63/100|[from] Stealth Rock
|
|-heal|p1a: Venusaur|69/100|[from] item: Leftovers
|upkeep
|turn|21
|
|t:|1779832723
|move|p2a: Ogerpon|Knock Off|p1a: Venusaur
|-damage|p1a: Venusaur|26/100
|-enditem|p1a: Venusaur|Leftovers|[from] move: Knock Off|[of] p2a: Ogerpon
|move|p1a: Venusaur|Synthesis|p1a: Venusaur
|-heal|p1a: Venusaur|76/100
|
|upkeep
|turn|22
|
|t:|1779832742
|move|p2a: Ogerpon|Encore|p1a: Venusaur
|-start|p1a: Venusaur|Encore
|move|p1a: Venusaur|Synthesis|p1a: Venusaur
|-heal|p1a: Venusaur|100/100
|
|upkeep
|turn|23
|
|t:|1779832772
|switch|p2a: Pecharunt|Pecharunt|25/100
|switch|p1a: Galvantula|Galvantula, M|100/100
|
|upkeep
|turn|24
|
|t:|1779832784
|move|p1a: Galvantula|Thunder Wave|p2a: Pecharunt
|-status|p2a: Pecharunt|par
|move|p2a: Pecharunt|Recover|p2a: Pecharunt
|-heal|p2a: Pecharunt|75/100 par
|
|upkeep
|turn|25
|
|t:|1779832791
|move|p1a: Galvantula|Bug Buzz|p2a: Pecharunt
|-resisted|p2a: Pecharunt
|-damage|p2a: Pecharunt|65/100 par
|move|p2a: Pecharunt|Parting Shot|p1a: Galvantula
|-unboost|p1a: Galvantula|atk|1
|-unboost|p1a: Galvantula|spa|1
|
|t:|1779832802
|switch|p2a: Gliscor|Gliscor, M|60/100 tox|[from] Parting Shot
|
|-heal|p2a: Gliscor|72/100 tox|[from] ability: Poison Heal
|upkeep
|turn|26
|
|t:|1779832813
|switch|p1a: Venusaur|Venusaur, F|100/100
|-damage|p1a: Venusaur|76/100|[from] Spikes
|-damage|p1a: Venusaur|63/100|[from] Stealth Rock
|move|p2a: Gliscor|Earthquake|p1a: Venusaur
|-damage|p1a: Venusaur|16/100
|
|-heal|p2a: Gliscor|84/100 tox|[from] ability: Poison Heal
|upkeep
|turn|27
|
|t:|1779832836
|move|p2a: Gliscor|Earthquake|p1a: Venusaur
|-damage|p1a: Venusaur|0 fnt
|faint|p1a: Venusaur
|
|-heal|p2a: Gliscor|97/100 tox|[from] ability: Poison Heal
|upkeep
|
|t:|1779832843
|switch|p1a: Gastrodon|Gastrodon, M|47/100 tox
|-damage|p1a: Gastrodon|22/100 tox|[from] Spikes
|-damage|p1a: Gastrodon|16/100 tox|[from] Stealth Rock
|turn|28
|
|t:|1779832856
|move|p2a: Gliscor|Earthquake|p1a: Gastrodon
|-damage|p1a: Gastrodon|0 fnt
|faint|p1a: Gastrodon
|
|-heal|p2a: Gliscor|100/100 tox|[from] ability: Poison Heal
|upkeep
|-message|broshy forfeited.
|
|win|claudechamp
|raw|broshy's rating: 1147 &rarr; <strong>1126</strong><br />(-21 for losing)
|raw|claudechamp's rating: 1202 &rarr; <strong>1223</strong><br />(+21 for winning)
|l|☆broshy
|player|p1|
|c|☆claudechamp|gg
