|j|☆Donerfrau
|j|☆abellucas2
|t:|1779965508
|gametype|singles
|player|p1|Donerfrau|cyrus|1139
|player|p2|abellucas2|cynthia|1071
|gen|9
|tier|[Gen 9] OU
|rated|
|rule|HP Percentage Mod: HP is shown in percentages
|rule|Endless Battle Clause: Forcing endless battles is banned
|rule|Species Clause: Limit one of each Pokémon
|rule|OHKO Clause: OHKO moves are banned
|rule|Evasion Items Clause: Evasion items are banned
|rule|Evasion Moves Clause: Evasion moves are banned
|rule|Evasion Abilities Clause: Evasion abilities are banned
|rule|Sleep Moves Clause: Sleep-inducing moves are banned
|clearpoke
|poke|p1|Tyranitar, F|
|poke|p1|Iron Valiant|
|poke|p1|Garchomp, M|
|poke|p1|Kingambit, M|
|poke|p1|Scizor, M|
|poke|p1|Chandelure, F|
|poke|p2|Clawitzer, F|
|poke|p2|Raging Bolt|
|poke|p2|Pelipper, M|
|poke|p2|Iron Treads|
|poke|p2|Rillaboom, M|
|poke|p2|Basculegion, M|
|teampreview
|inactive|Battle timer is ON: inactive players will automatically lose when time's up. (requested by abellucas2)
|
|t:|1779965528
|teamsize|p1|6
|teamsize|p2|6
|start
|switch|p1a: Chandelure|Chandelure, F|100/100
|switch|p2a: John rain|Pelipper, M|100/100
|-item|p1a: Chandelure|Air Balloon
|-weather|RainDance|[from] ability: Drizzle|[of] p2a: John rain
|turn|1
|
|t:|1779965539
|switch|p1a: Scizor|Scizor, M|100/100
|move|p2a: John rain|Weather Ball|p1a: Scizor
|-damage|p1a: Scizor|26/100
|
|-weather|RainDance|[upkeep]
|upkeep
|turn|2
|
|t:|1779965546
|move|p1a: Scizor|Knock Off|p2a: John rain
|-damage|p2a: John rain|76/100
|-enditem|p2a: John rain|Damp Rock|[from] move: Knock Off|[of] p1a: Scizor
|move|p2a: John rain|Hurricane|p1a: Scizor
|-damage|p1a: Scizor|0 fnt
|faint|p1a: Scizor
|
|-weather|RainDance|[upkeep]
|upkeep
|
|t:|1779965548
|switch|p1a: Iron Valiant|Iron Valiant, shiny|100/100
|-enditem|p1a: Iron Valiant|Booster Energy
|-activate|p1a: Iron Valiant|ability: Quark Drive|[fromitem]
|-start|p1a: Iron Valiant|quarkdrivespa
|turn|3
|
|t:|1779965559
|switch|p2a: Red judas|Iron Treads|100/100
|-enditem|p2a: Red judas|Booster Energy
|-activate|p2a: Red judas|ability: Quark Drive|[fromitem]
|-start|p2a: Red judas|quarkdrivespe
|move|p1a: Iron Valiant|Thunderbolt|p2a: Red judas
|-immune|p2a: Red judas
|
|-weather|RainDance|[upkeep]
|upkeep
|turn|4
|
|t:|1779965567
|-end|p1a: Iron Valiant|Quark Drive|[silent]
|switch|p1a: Chandelure|Chandelure, F|100/100
|-item|p1a: Chandelure|Air Balloon
|move|p2a: Red judas|Iron Head|p1a: Chandelure
|-resisted|p1a: Chandelure
|-damage|p1a: Chandelure|80/100
|-enditem|p1a: Chandelure|Air Balloon
|
|-weather|RainDance|[upkeep]
|upkeep
|turn|5
|
|t:|1779965572
|move|p2a: Red judas|Earthquake|p1a: Chandelure
|-supereffective|p1a: Chandelure
|-damage|p1a: Chandelure|0 fnt
|faint|p1a: Chandelure
|
|-weather|RainDance|[upkeep]
|upkeep
|
|t:|1779965578
|switch|p1a: Garchomp|Garchomp, M|100/100
|turn|6
|
|t:|1779965590
|-end|p2a: Red judas|Quark Drive|[silent]
|switch|p2a: John rain|Pelipper, M|76/100
|move|p1a: Garchomp|Swords Dance|p1a: Garchomp
|-boost|p1a: Garchomp|atk|2
|
|-weather|RainDance|[upkeep]
|upkeep
|turn|7
|
|t:|1779965598
|move|p1a: Garchomp|Scale Shot|p2a: John rain
|-damage|p2a: John rain|58/100
|-damage|p2a: John rain|38/100
|-damage|p2a: John rain|17/100
|-damage|p2a: John rain|0 fnt
|faint|p2a: John rain
|-hitcount|p2: John rain|4
|-unboost|p1a: Garchomp|def|1
|-boost|p1a: Garchomp|spe|1
|
|-weather|RainDance|[upkeep]
|upkeep
|
|t:|1779965607
|switch|p2a: Hello juliet|Basculegion, M|100/100
|turn|8
|
|t:|1779965613
|move|p1a: Garchomp|Earthquake|p2a: Hello juliet
|-damage|p2a: Hello juliet|0 fnt
|faint|p2a: Hello juliet
|
|-weather|none
|upkeep
|
|t:|1779965618
|switch|p2a: Red judas|Iron Treads|100/100
|turn|9
|
|t:|1779965621
|move|p1a: Garchomp|Earthquake|p2a: Red judas
|-supereffective|p2a: Red judas
|-damage|p2a: Red judas|0 fnt
|faint|p2a: Red judas
|-end|p2a: Red judas|Quark Drive|[silent]
|
|upkeep
|
|t:|1779965627
|switch|p2a: Jane juliet|Clawitzer, F|100/100
|turn|10
|
|t:|1779965630
|move|p1a: Garchomp|Earthquake|p2a: Jane juliet
|-damage|p2a: Jane juliet|0 fnt
|faint|p2a: Jane juliet
|
|upkeep
|-message|abellucas2 forfeited.
|
|win|Donerfrau
|raw|Donerfrau's rating: 1139 &rarr; <strong>1159</strong><br />(+20 for winning)
|raw|abellucas2's rating: 1071 &rarr; <strong>1054</strong><br />(-17 for losing)
|l|☆abellucas2
|player|p2|
|l|☆Donerfrau
|player|p1|
