|j|☆goodnightnite
|j|‽rank 1 greninja
|t:|1779885633
|gametype|singles
|player|p1|goodnightnite|miku-water|1773
|player|p2|rank 1 greninja|266|1787
|gen|9
|tier|[Gen 9] OU
|rated|
|rule|HP Percentage Mod: HP is shown in percentages
|rule|Endless Battle Clause: Forcing endless battles is banned
|rule|Species Clause: Limit one of each Pokémon
|rule|OHKO Clause: OHKO moves are banned
|rule|Evasion Items Clause: Evasion items are banned
|rule|Evasion Moves Clause: Evasion moves are banned
|rule|Evasion Abilities Clause: Evasion abilities are banned
|rule|Sleep Moves Clause: Sleep-inducing moves are banned
|clearpoke
|poke|p1|Primarina, M|
|poke|p1|Zamazenta-*|
|poke|p1|Gholdengo|
|poke|p1|Rillaboom, M|
|poke|p1|Glimmora, M|
|poke|p1|Hydreigon, M|
|poke|p2|Pelipper, F|
|poke|p2|Tornadus-Therian, M|
|poke|p2|Barraskewda, M|
|poke|p2|Iron Treads|
|poke|p2|Raging Bolt|
|poke|p2|Moltres|
|teampreview
|inactive|Battle timer is ON: inactive players will automatically lose when time's up. (requested by goodnightnite)
|l|‽rank 1 greninja
|inactive|rank 1 greninja disconnected and has a minute to reconnect!
|player|p2|
|j|‽rank 1 greninja
|inactive|rank 1 greninja reconnected and has 145 seconds left.
|player|p2|rank 1 greninja|266|
|n|‽rank 1 greninja|rank1greninja
|n|‽rank 1 greninja|rank1greninja
|n|‽rank 1 greninja|rank1greninja
|
|t:|1779885649
|teamsize|p1|6
|teamsize|p2|6
|start
|switch|p1a: Celestine|Primarina, M, shiny|100/100
|switch|p2a: Pelipper|Pelipper, F|100/100
|-weather|RainDance|[from] ability: Drizzle|[of] p2a: Pelipper
|turn|1
|
|t:|1779885655
|switch|p2a: Raging Bolt|Raging Bolt|100/100
|move|p1a: Celestine|Psychic Noise|p2a: Raging Bolt
|-resisted|p2a: Raging Bolt
|-damage|p2a: Raging Bolt|83/100
|-start|p2a: Raging Bolt|move: Heal Block
|
|-weather|RainDance|[upkeep]
|upkeep
|turn|2
|
|t:|1779885660
|switch|p1a: Hybrid|Hydreigon, M, shiny|100/100
|move|p2a: Raging Bolt|Volt Switch|p1a: Hybrid
|-resisted|p1a: Hybrid
|-damage|p1a: Hybrid|78/100
|
|t:|1779885667
|-end|p2a: Raging Bolt|Protosynthesis|[silent]
|switch|p2a: Barraskewda|Barraskewda, M|100/100|[from] Volt Switch
|
|-weather|RainDance|[upkeep]
|upkeep
|turn|3
|
|t:|1779885681
|switch|p1a: Bullet|Glimmora, M, shiny|100/100
|move|p2a: Barraskewda|Flip Turn|p1a: Bullet
|-supereffective|p1a: Bullet
|-damage|p1a: Bullet|0 fnt
|-activate|p1a: Bullet|ability: Toxic Debris
|-sidestart|p2: rank 1 greninja|move: Toxic Spikes
|faint|p1a: Bullet
|
|t:|1779885697
|switch|p2a: Tornadus|Tornadus-Therian, M|100/100|[from] Flip Turn
|
|-weather|RainDance|[upkeep]
|upkeep
|
|t:|1779885711
|switch|p1a: Hybrid|Hydreigon, M, shiny|78/100
|turn|4
|
|t:|1779885714
|switch|p2a: Iron Treads|Iron Treads|100/100
|move|p1a: Hybrid|Draco Meteor|p2a: Iron Treads
|-resisted|p2a: Iron Treads
|-damage|p2a: Iron Treads|74/100
|-unboost|p1a: Hybrid|spa|2
|
|-weather|RainDance|[upkeep]
|upkeep
|turn|5
|
|t:|1779885717
|switch|p1a: Spirit Rush|Gholdengo, shiny|100/100
|move|p2a: Iron Treads|Volt Switch|p1a: Spirit Rush
|-damage|p1a: Spirit Rush|91/100
|
|t:|1779885726
|-end|p2a: Iron Treads|Quark Drive|[silent]
|switch|p2a: Barraskewda|Barraskewda, M|100/100|[from] Volt Switch
|-status|p2a: Barraskewda|psn
|
|-weather|RainDance|[upkeep]
|-damage|p2a: Barraskewda|88/100 psn|[from] psn
|upkeep
|turn|6
|
|t:|1779885744
|move|p2a: Barraskewda|Flip Turn|p1a: Spirit Rush
|-damage|p1a: Spirit Rush|21/100
|
|t:|1779885747
|switch|p2a: Iron Treads|Iron Treads|74/100|[from] Flip Turn
|move|p1a: Spirit Rush|Recover|p1a: Spirit Rush
|-heal|p1a: Spirit Rush|72/100
|
|-weather|RainDance|[upkeep]
|upkeep
|turn|7
|
|t:|1779885750
|switch|p1a: Kong|Rillaboom, M, shiny|100/100
|-fieldstart|move: Grassy Terrain|[from] ability: Grassy Surge|[of] p1a: Kong
|move|p2a: Iron Treads|Earth Power|p1a: Kong
|-resisted|p1a: Kong
|-damage|p1a: Kong|83/100
|
|-weather|RainDance|[upkeep]
|-heal|p1a: Kong|89/100|[from] Grassy Terrain
|-heal|p2a: Iron Treads|80/100|[from] Grassy Terrain
|upkeep
|turn|8
|
|t:|1779885754
|move|p1a: Kong|Swords Dance|p1a: Kong
|-boost|p1a: Kong|atk|2
|move|p2a: Iron Treads|Ice Spinner|p1a: Kong
|-supereffective|p1a: Kong
|-damage|p1a: Kong|46/100
|-fieldend|move: Grassy Terrain
|
|-weather|none
|upkeep
|turn|9
|
|t:|1779885758
|move|p1a: Kong|Knock Off|p2a: Iron Treads
|-damage|p2a: Iron Treads|13/100
|-enditem|p2a: Iron Treads|Assault Vest|[from] move: Knock Off|[of] p1a: Kong
|-damage|p1a: Kong|36/100|[from] item: Life Orb
|move|p2a: Iron Treads|Ice Spinner|p1a: Kong
|-supereffective|p1a: Kong
|-damage|p1a: Kong|0 fnt
|faint|p1a: Kong
|
|upkeep
|
|t:|1779885762
|switch|p1a: Hybrid|Hydreigon, M, shiny|78/100
|turn|10
|
|t:|1779885766
|move|p1a: Hybrid|Draco Meteor|p2a: Iron Treads
|-resisted|p2a: Iron Treads
|-damage|p2a: Iron Treads|0 fnt
|-unboost|p1a: Hybrid|spa|2
|faint|p2a: Iron Treads
|-end|p2a: Iron Treads|Quark Drive|[silent]
|
|upkeep
|
|t:|1779885769
|switch|p2a: Pelipper|Pelipper, F|100/100
|-weather|RainDance|[from] ability: Drizzle|[of] p2a: Pelipper
|turn|11
|
|t:|1779885772
|move|p1a: Hybrid|Draco Meteor|p2a: Pelipper
|-damage|p2a: Pelipper|25/100
|-unboost|p1a: Hybrid|spa|2
|move|p2a: Pelipper|U-turn|p1a: Hybrid
|-supereffective|p1a: Hybrid
|-damage|p1a: Hybrid|55/100
|
|t:|1779885775
|switch|p2a: Barraskewda|Barraskewda, M|88/100 psn|[from] U-turn
|
|-weather|RainDance|[upkeep]
|-damage|p2a: Barraskewda|76/100 psn|[from] psn
|upkeep
|turn|12
|
|t:|1779885780
|switch|p1a: Celestine|Primarina, M, shiny|100/100
|move|p2a: Barraskewda|Flip Turn|p1a: Celestine
|-resisted|p1a: Celestine
|-damage|p1a: Celestine|55/100
|
|t:|1779885785
|switch|p2a: Raging Bolt|Raging Bolt|83/100|[from] Flip Turn
|-status|p2a: Raging Bolt|psn
|
|-weather|RainDance|[upkeep]
|-damage|p2a: Raging Bolt|71/100 psn|[from] psn
|upkeep
|turn|13
|
|t:|1779885787
|move|p2a: Raging Bolt|Volt Switch|p1a: Celestine
|-supereffective|p1a: Celestine
|-damage|p1a: Celestine|16/100
|
|t:|1779885790
|-end|p2a: Raging Bolt|Protosynthesis|[silent]
|switch|p2a: Tornadus|Tornadus-Therian, M|100/100|[from] Volt Switch
|move|p1a: Celestine|Moonblast|p2a: Tornadus
|-damage|p2a: Tornadus|34/100
|
|-weather|RainDance|[upkeep]
|upkeep
|turn|14
|
|t:|1779885795
|move|p2a: Tornadus|Hurricane|p1a: Celestine
|-damage|p1a: Celestine|0 fnt
|faint|p1a: Celestine
|-damage|p2a: Tornadus|24/100|[from] item: Life Orb
|
|-weather|RainDance|[upkeep]
|upkeep
|
|t:|1779885799
|switch|p1a: Trojan|Zamazenta, shiny|100/100
|-ability|p1a: Trojan|Dauntless Shield|boost
|-boost|p1a: Trojan|def|1
|turn|15
|
|t:|1779885803
|move|p1a: Trojan|Body Press|p2a: Tornadus
|-resisted|p2a: Tornadus
|-damage|p2a: Tornadus|0 fnt
|faint|p2a: Tornadus
|
|-weather|RainDance|[upkeep]
|upkeep
|
|t:|1779885806
|switch|p2a: Moltres|Moltres|100/100
|turn|16
|
|t:|1779885809
|move|p1a: Trojan|Substitute|p1a: Trojan
|-start|p1a: Trojan|Substitute
|-damage|p1a: Trojan|76/100
|move|p2a: Moltres|Hurricane|p1a: Trojan
|-supereffective|p1a: Trojan
|-end|p1a: Trojan|Substitute
|
|-weather|RainDance|[upkeep]
|-heal|p1a: Trojan|82/100|[from] item: Leftovers
|upkeep
|turn|17
|
|t:|1779885816
|-terastallize|p1a: Trojan|Electric
|move|p1a: Trojan|Iron Defense|p1a: Trojan
|-boost|p1a: Trojan|def|2
|move|p2a: Moltres|Hurricane|p1a: Trojan
|-resisted|p1a: Trojan
|-damage|p1a: Trojan|61/100
|-start|p1a: Trojan|confusion
|
|-weather|RainDance|[upkeep]
|-heal|p1a: Trojan|67/100|[from] item: Leftovers
|upkeep
|turn|18
|
|t:|1779885822
|-activate|p1a: Trojan|confusion
|move|p1a: Trojan|Substitute|p1a: Trojan
|-start|p1a: Trojan|Substitute
|-damage|p1a: Trojan|43/100
|move|p2a: Moltres|Weather Ball|p1a: Trojan
|-end|p1a: Trojan|Substitute
|
|-weather|none
|-heal|p1a: Trojan|49/100|[from] item: Leftovers
|upkeep
|turn|19
|
|t:|1779885837
|-activate|p1a: Trojan|confusion
|move|p1a: Trojan|Body Press|p2a: Moltres
|-resisted|p2a: Moltres
|-damage|p2a: Moltres|52/100
|-status|p1a: Trojan|brn|[from] ability: Flame Body|[of] p2a: Moltres
|move|p2a: Moltres|U-turn|p1a: Trojan
|-damage|p1a: Trojan|44/100 brn
|
|t:|1779885842
|switch|p2a: Pelipper|Pelipper, F|25/100|[from] U-turn
|-weather|RainDance|[from] ability: Drizzle|[of] p2a: Pelipper
|
|-weather|RainDance|[upkeep]
|-heal|p1a: Trojan|51/100 brn|[from] item: Leftovers
|-damage|p1a: Trojan|44/100 brn|[from] brn
|upkeep
|turn|20
|-message|goodnightnite forfeited.
|
|win|rank 1 greninja
|raw|goodnightnite's rating: 1773 &rarr; <strong>1754</strong><br />(-19 for losing)
|raw|rank 1 greninja's rating: 1787 &rarr; <strong>1806</strong><br />(+19 for winning)
|l|☆goodnightnite
|player|p1|
|l|‽rank 1 greninja
|player|p2|
