|j|☆SirGayalot
|j|☆unamedturd
|t:|1779899776
|gametype|singles
|player|p1|SirGayalot|102|1523
|player|p2|unamedturd|169|1597
|gen|9
|tier|[Gen 9] OU
|rated|
|rule|HP Percentage Mod: HP is shown in percentages
|rule|Endless Battle Clause: Forcing endless battles is banned
|rule|Species Clause: Limit one of each Pokémon
|rule|OHKO Clause: OHKO moves are banned
|rule|Evasion Items Clause: Evasion items are banned
|rule|Evasion Moves Clause: Evasion moves are banned
|rule|Evasion Abilities Clause: Evasion abilities are banned
|rule|Sleep Moves Clause: Sleep-inducing moves are banned
|clearpoke
|poke|p1|Samurott-Hisui, M|
|poke|p1|Zapdos|
|poke|p1|Iron Treads|
|poke|p1|Ceruledge, M|
|poke|p1|Gholdengo|
|poke|p1|Ogerpon-Wellspring, F|
|poke|p2|Zamazenta-*|
|poke|p2|Sinistcha-Masterpiece|
|poke|p2|Deoxys-Speed|
|poke|p2|Great Tusk|
|poke|p2|Kingambit, M|
|poke|p2|Gholdengo|
|teampreview
|inactive|Battle timer is ON: inactive players will automatically lose when time's up. (requested by SirGayalot)
|j| yuureisuisei
|
|t:|1779899788
|teamsize|p1|6
|teamsize|p2|6
|start
|switch|p1a: Samurott|Samurott-Hisui, M|100/100
|switch|p2a: Deoxys|Deoxys-Speed|100/100
|-ability|p2a: Deoxys|Pressure
|turn|1
|
|t:|1779899797
|move|p2a: Deoxys|Stealth Rock|p1a: Samurott
|-sidestart|p1: SirGayalot|move: Stealth Rock
|move|p1a: Samurott|Ceaseless Edge|p2a: Deoxys|[miss]
|-miss|p1a: Samurott|p2a: Deoxys
|
|upkeep
|turn|2
|
|t:|1779899804
|move|p2a: Deoxys|Spikes|p1a: Samurott
|-sidestart|p1: SirGayalot|Spikes
|move|p1a: Samurott|Ceaseless Edge|p2a: Deoxys
|-supereffective|p2a: Deoxys
|-enditem|p2a: Deoxys|Focus Sash
|-damage|p2a: Deoxys|1/100
|-sidestart|p2: unamedturd|Spikes
|
|upkeep
|turn|3
|
|t:|1779899812
|move|p2a: Deoxys|Spikes|p1a: Samurott
|-sidestart|p1: SirGayalot|Spikes
|move|p1a: Samurott|Ceaseless Edge|p2a: Deoxys
|-supereffective|p2a: Deoxys
|-damage|p2a: Deoxys|0 fnt
|-sidestart|p2: unamedturd|Spikes
|faint|p2a: Deoxys
|
|upkeep
|
|t:|1779899820
|switch|p2a: Great Tusk|Great Tusk|100/100
|-damage|p2a: Great Tusk|84/100|[from] Spikes
|-enditem|p2a: Great Tusk|Booster Energy
|-activate|p2a: Great Tusk|ability: Protosynthesis|[fromitem]
|-start|p2a: Great Tusk|protosynthesisspe
|turn|4
|
|t:|1779899827
|move|p2a: Great Tusk|Bulk Up|p2a: Great Tusk
|-boost|p2a: Great Tusk|atk|1
|-boost|p2a: Great Tusk|def|1
|move|p1a: Samurott|Razor Shell|p2a: Great Tusk
|-supereffective|p2a: Great Tusk
|-damage|p2a: Great Tusk|40/100
|
|upkeep
|turn|5
|
|t:|1779899835
|move|p2a: Great Tusk|Rapid Spin|p1a: Samurott
|-damage|p1a: Samurott|76/100
|-boost|p2a: Great Tusk|spe|1
|-sideend|p2: unamedturd|Spikes|[from] move: Rapid Spin|[of] p2a: Great Tusk
|move|p1a: Samurott|Razor Shell|p2a: Great Tusk
|-supereffective|p2a: Great Tusk
|-damage|p2a: Great Tusk|0 fnt
|faint|p2a: Great Tusk
|-end|p2a: Great Tusk|Protosynthesis|[silent]
|
|upkeep
|
|t:|1779899845
|switch|p2a: Zamazenta|Zamazenta|100/100
|-ability|p2a: Zamazenta|Dauntless Shield|boost
|-boost|p2a: Zamazenta|def|1
|turn|6
|
|t:|1779899849
|switch|p1a: Zapdos|Zapdos|100/100
|move|p2a: Zamazenta|Iron Defense|p2a: Zamazenta
|-boost|p2a: Zamazenta|def|2
|
|upkeep
|turn|7
|
|t:|1779899857
|move|p2a: Zamazenta|Substitute|p2a: Zamazenta
|-start|p2a: Zamazenta|Substitute
|-damage|p2a: Zamazenta|76/100
|move|p1a: Zapdos|Thunder Wave||[still]
|-fail|p1a: Zapdos
|
|-heal|p2a: Zamazenta|82/100|[from] item: Leftovers
|upkeep
|turn|8
|
|t:|1779899865
|move|p2a: Zamazenta|Body Press|p1a: Zapdos
|-resisted|p1a: Zapdos
|-damage|p1a: Zapdos|62/100
|move|p1a: Zapdos|Hurricane|p2a: Zamazenta
|-supereffective|p2a: Zamazenta
|-end|p2a: Zamazenta|Substitute
|
|-heal|p2a: Zamazenta|88/100|[from] item: Leftovers
|upkeep
|turn|9
|
|t:|1779899881
|switch|p2a: Gholdengo|Gholdengo|100/100
|move|p1a: Zapdos|Hurricane|p2a: Gholdengo
|-resisted|p2a: Gholdengo
|-crit|p2a: Gholdengo
|-damage|p2a: Gholdengo|55/100
|-start|p2a: Gholdengo|confusion
|
|upkeep
|turn|10
|
|t:|1779899892
|-activate|p2a: Gholdengo|confusion
|move|p2a: Gholdengo|Thunderbolt|p1a: Zapdos
|-damage|p1a: Zapdos|30/100
|move|p1a: Zapdos|Roost|p1a: Zapdos
|-heal|p1a: Zapdos|80/100
|-singleturn|p1a: Zapdos|move: Roost
|
|upkeep
|turn|11
|
|t:|1779899901
|switch|p2a: Kingambit|Kingambit, M|100/100
|-activate|p2a: Kingambit|ability: Supreme Overlord
|-start|p2a: Kingambit|fallen2|[silent]
|move|p1a: Zapdos|Roost|p1a: Zapdos
|-heal|p1a: Zapdos|100/100
|-singleturn|p1a: Zapdos|move: Roost
|
|upkeep
|turn|12
|
|t:|1779899911
|move|p1a: Zapdos|Thunder Wave|p2a: Kingambit
|-status|p2a: Kingambit|par
|cant|p2a: Kingambit|par
|
|upkeep
|turn|13
|
|t:|1779899916
|move|p1a: Zapdos|Volt Switch|p2a: Kingambit
|-damage|p2a: Kingambit|62/100 par
|
|t:|1779899921
|switch|p1a: Samurott|Samurott-Hisui, M|76/100|[from] Volt Switch
|-damage|p1a: Samurott|63/100|[from] Stealth Rock
|-damage|p1a: Samurott|47/100|[from] Spikes
|move|p2a: Kingambit|Swords Dance|p2a: Kingambit
|-boost|p2a: Kingambit|atk|2
|
|-heal|p2a: Kingambit|68/100 par|[from] item: Leftovers
|upkeep
|turn|14
|
|t:|1779899932
|move|p1a: Samurott|Razor Shell|p2a: Kingambit
|-damage|p2a: Kingambit|23/100 par
|move|p2a: Kingambit|Iron Head|p1a: Samurott
|-resisted|p1a: Samurott
|-damage|p1a: Samurott|0 fnt
|faint|p1a: Samurott
|
|-heal|p2a: Kingambit|29/100 par|[from] item: Leftovers
|upkeep
|
|t:|1779899945
|switch|p1a: Zapdos|Zapdos|100/100
|turn|15
|
|t:|1779899948
|move|p2a: Kingambit|Sucker Punch|p1a: Zapdos
|-damage|p1a: Zapdos|17/100
|move|p1a: Zapdos|Volt Switch|p2a: Kingambit
|-damage|p2a: Kingambit|0 fnt
|faint|p2a: Kingambit
|-end|p2a: Kingambit|fallen2|[silent]
|
|t:|1779899961
|switch|p1a: Iron Treads|Iron Treads|100/100|[from] Volt Switch
|-damage|p1a: Iron Treads|97/100|[from] Stealth Rock
|-damage|p1a: Iron Treads|81/100|[from] Spikes
|
|-heal|p1a: Iron Treads|87/100|[from] item: Leftovers
|upkeep
|
|t:|1779899973
|switch|p2a: Gholdengo|Gholdengo|55/100
|turn|16
|
|t:|1779899978
|move|p2a: Gholdengo|Shadow Ball|p1a: Iron Treads
|-damage|p1a: Iron Treads|23/100
|move|p1a: Iron Treads|Earthquake|p2a: Gholdengo
|-supereffective|p2a: Gholdengo
|-damage|p2a: Gholdengo|0 fnt
|faint|p2a: Gholdengo
|
|-heal|p1a: Iron Treads|29/100|[from] item: Leftovers
|upkeep
|
|t:|1779899988
|switch|p2a: Zamazenta|Zamazenta|88/100
|turn|17
|
|t:|1779899992
|move|p2a: Zamazenta|Body Press|p1a: Iron Treads
|-supereffective|p1a: Iron Treads
|-damage|p1a: Iron Treads|0 fnt
|faint|p1a: Iron Treads
|-end|p1a: Iron Treads|Quark Drive|[silent]
|
|-heal|p2a: Zamazenta|94/100|[from] item: Leftovers
|upkeep
|
|t:|1779899995
|switch|p1a: Gholdengo|Gholdengo|100/100
|-damage|p1a: Gholdengo|94/100|[from] Stealth Rock
|-item|p1a: Gholdengo|Air Balloon
|turn|18
|
|t:|1779900004
|move|p2a: Zamazenta|Crunch|p1a: Gholdengo
|-supereffective|p1a: Gholdengo
|-damage|p1a: Gholdengo|66/100
|-enditem|p1a: Gholdengo|Air Balloon
|move|p1a: Gholdengo|Hex|p2a: Zamazenta
|-damage|p2a: Zamazenta|68/100
|
|-heal|p2a: Zamazenta|74/100|[from] item: Leftovers
|upkeep
|turn|19
|
|t:|1779900014
|move|p2a: Zamazenta|Substitute|p2a: Zamazenta
|-start|p2a: Zamazenta|Substitute
|-damage|p2a: Zamazenta|49/100
|move|p1a: Gholdengo|Hex|p2a: Zamazenta
|-activate|p2a: Zamazenta|move: Substitute|[damage]
|
|-heal|p2a: Zamazenta|55/100|[from] item: Leftovers
|upkeep
|turn|20
|
|t:|1779900022
|move|p2a: Zamazenta|Crunch|p1a: Gholdengo
|-supereffective|p1a: Gholdengo
|-damage|p1a: Gholdengo|34/100
|move|p1a: Gholdengo|Hex|p2a: Zamazenta
|-end|p2a: Zamazenta|Substitute
|
|-heal|p2a: Zamazenta|61/100|[from] item: Leftovers
|upkeep
|turn|21
|
|t:|1779900031
|move|p2a: Zamazenta|Crunch|p1a: Gholdengo
|-supereffective|p1a: Gholdengo
|-damage|p1a: Gholdengo|1/100
|-unboost|p1a: Gholdengo|def|1
|move|p1a: Gholdengo|Recover|p1a: Gholdengo
|-heal|p1a: Gholdengo|51/100
|
|-heal|p2a: Zamazenta|67/100|[from] item: Leftovers
|upkeep
|turn|22
|
|t:|1779900041
|switch|p1a: Zapdos|Zapdos|17/100
|move|p2a: Zamazenta|Crunch|p1a: Zapdos
|-damage|p1a: Zapdos|1/100
|-status|p2a: Zamazenta|par|[from] ability: Static|[of] p1a: Zapdos
|
|-heal|p2a: Zamazenta|73/100 par|[from] item: Leftovers
|upkeep
|turn|23
|
|t:|1779900052
|move|p1a: Zapdos|Roost|p1a: Zapdos
|-heal|p1a: Zapdos|51/100
|-singleturn|p1a: Zapdos|move: Roost
|move|p2a: Zamazenta|Iron Defense|p2a: Zamazenta
|-boost|p2a: Zamazenta|def|2
|
|-heal|p2a: Zamazenta|79/100 par|[from] item: Leftovers
|upkeep
|turn|24
|
|t:|1779900061
|move|p1a: Zapdos|Hurricane|p2a: Zamazenta
|-supereffective|p2a: Zamazenta
|-damage|p2a: Zamazenta|0 fnt
|faint|p2a: Zamazenta
|
|upkeep
|
|t:|1779900066
|switch|p2a: Sinistcha|Sinistcha-Masterpiece|100/100
|turn|25
|
|t:|1779900070
|-terastallize|p2a: Sinistcha|Steel
|move|p1a: Zapdos|Thunder Wave|p2a: Sinistcha
|-status|p2a: Sinistcha|par
|move|p2a: Sinistcha|Calm Mind|p2a: Sinistcha
|-boost|p2a: Sinistcha|spa|1
|-boost|p2a: Sinistcha|spd|1
|
|upkeep
|turn|26
|
|t:|1779900078
|move|p1a: Zapdos|Roost|p1a: Zapdos
|-heal|p1a: Zapdos|100/100
|-singleturn|p1a: Zapdos|move: Roost
|cant|p2a: Sinistcha|par
|
|upkeep
|turn|27
|
|t:|1779900085
|move|p1a: Zapdos|Hurricane|p2a: Sinistcha
|-resisted|p2a: Sinistcha
|-damage|p2a: Sinistcha|80/100 par
|-start|p2a: Sinistcha|confusion
|-activate|p2a: Sinistcha|confusion
|move|p2a: Sinistcha|Shadow Ball|p1a: Zapdos
|-damage|p1a: Zapdos|52/100
|
|-heal|p2a: Sinistcha|87/100 par|[from] item: Leftovers
|upkeep
|turn|28
|
|t:|1779900095
|move|p1a: Zapdos|Hurricane|p2a: Sinistcha
|-resisted|p2a: Sinistcha
|-damage|p2a: Sinistcha|66/100 par
|-activate|p2a: Sinistcha|confusion
|move|p2a: Sinistcha|Calm Mind|p2a: Sinistcha
|-boost|p2a: Sinistcha|spa|1
|-boost|p2a: Sinistcha|spd|1
|
|-heal|p2a: Sinistcha|72/100 par|[from] item: Leftovers
|upkeep
|turn|29
|
|t:|1779900105
|move|p1a: Zapdos|Volt Switch|p2a: Sinistcha
|-damage|p2a: Sinistcha|53/100 par
|
|t:|1779900109
|switch|p1a: Gholdengo|Gholdengo|51/100|[from] Volt Switch
|-damage|p1a: Gholdengo|45/100|[from] Stealth Rock
|-damage|p1a: Gholdengo|29/100|[from] Spikes
|-activate|p2a: Sinistcha|confusion
|move|p2a: Sinistcha|Strength Sap|p1a: Gholdengo
|-immune|p1a: Gholdengo|[from] ability: Good as Gold
|
|-heal|p2a: Sinistcha|59/100 par|[from] item: Leftovers
|upkeep
|turn|30
|j| Monkey D MinMin
|
|t:|1779900123
|move|p1a: Gholdengo|Focus Blast|p2a: Sinistcha|[miss]
|-miss|p1a: Gholdengo|p2a: Sinistcha
|-activate|p2a: Sinistcha|confusion
|-damage|p2a: Sinistcha|56/100 par|[from] confusion
|
|-heal|p2a: Sinistcha|62/100 par|[from] item: Leftovers
|upkeep
|turn|31
|
|t:|1779900131
|move|p1a: Gholdengo|Focus Blast|p2a: Sinistcha|[miss]
|-miss|p1a: Gholdengo|p2a: Sinistcha
|-end|p2a: Sinistcha|confusion
|cant|p2a: Sinistcha|par
|
|-heal|p2a: Sinistcha|68/100 par|[from] item: Leftovers
|upkeep
|turn|32
|
|t:|1779900140
|move|p1a: Gholdengo|Focus Blast|p2a: Sinistcha|[miss]
|-miss|p1a: Gholdengo|p2a: Sinistcha
|move|p2a: Sinistcha|Matcha Gotcha|p1a: Gholdengo
|-resisted|p1a: Gholdengo
|-damage|p1a: Gholdengo|0 fnt
|-heal|p2a: Sinistcha|83/100 par|[from] drain|[of] p1a: Gholdengo
|faint|p1a: Gholdengo
|
|-heal|p2a: Sinistcha|89/100 par|[from] item: Leftovers
|upkeep
|
|t:|1779900144
|switch|p1a: Ogerpon|Ogerpon-Wellspring, F|100/100
|-damage|p1a: Ogerpon|88/100|[from] Stealth Rock
|-damage|p1a: Ogerpon|72/100|[from] Spikes
|turn|33
|
|t:|1779900156
|move|p1a: Ogerpon|Ivy Cudgel|p2a: Sinistcha|[anim] Ivy Cudgel Water
|-damage|p2a: Sinistcha|52/100 par
|move|p2a: Sinistcha|Matcha Gotcha|p1a: Ogerpon
|-damage|p1a: Ogerpon|0 fnt
|-heal|p2a: Sinistcha|83/100 par|[from] drain|[of] p1a: Ogerpon
|faint|p1a: Ogerpon
|
|-heal|p2a: Sinistcha|89/100 par|[from] item: Leftovers
|upkeep
|
|t:|1779900162
|switch|p1a: Ceruledge|Ceruledge, M|100/100
|turn|34
|
|t:|1779900179
|move|p1a: Ceruledge|Bitter Blade|p2a: Sinistcha
|-supereffective|p2a: Sinistcha
|-crit|p2a: Sinistcha
|-damage|p2a: Sinistcha|33/100 par
|move|p2a: Sinistcha|Strength Sap|p1a: Ceruledge
|-unboost|p1a: Ceruledge|atk|1
|-heal|p2a: Sinistcha|100/100 par
|
|upkeep
|turn|35
|
|t:|1779900193
|move|p1a: Ceruledge|Swords Dance|p1a: Ceruledge
|-boost|p1a: Ceruledge|atk|2
|move|p2a: Sinistcha|Shadow Ball|p1a: Ceruledge
|-supereffective|p1a: Ceruledge
|-damage|p1a: Ceruledge|0 fnt
|faint|p1a: Ceruledge
|
|upkeep
|l| yuureisuisei
|
|t:|1779900197
|switch|p1a: Zapdos|Zapdos|52/100
|turn|36
|-message|SirGayalot forfeited.
|
|win|unamedturd
|raw|SirGayalot's rating: 1523 &rarr; <strong>1507</strong><br />(-16 for losing)
|raw|unamedturd's rating: 1597 &rarr; <strong>1613</strong><br />(+16 for winning)
|l|☆SirGayalot
|player|p1|
|l|☆unamedturd
|player|p2|
|l| Monkey D MinMin
