|j|☆draconotmeteor
|j|☆YumeKasumi76
|t:|1779899259
|gametype|singles
|player|p1|draconotmeteor|shauntal|1331
|player|p2|YumeKasumi76|1|1346
|gen|9
|tier|[Gen 9] OU
|rated|
|rule|HP Percentage Mod: HP is shown in percentages
|rule|Endless Battle Clause: Forcing endless battles is banned
|rule|Species Clause: Limit one of each Pokémon
|rule|OHKO Clause: OHKO moves are banned
|rule|Evasion Items Clause: Evasion items are banned
|rule|Evasion Moves Clause: Evasion moves are banned
|rule|Evasion Abilities Clause: Evasion abilities are banned
|rule|Sleep Moves Clause: Sleep-inducing moves are banned
|clearpoke
|poke|p1|Gliscor, F|
|poke|p1|Toxapex, F|
|poke|p1|Dragapult, M|
|poke|p1|Ting-Lu|
|poke|p1|Zamazenta-*|
|poke|p1|Cinderace, F|
|poke|p2|Dragapult, M|
|poke|p2|Bisharp, F|
|poke|p2|Glimmora, F|
|poke|p2|Entei|
|poke|p2|Braviary-Hisui, M|
|poke|p2|Cloyster, F|
|teampreview
|inactive|Battle timer is ON: inactive players will automatically lose when time's up. (requested by YumeKasumi76)
|
|t:|1779899268
|teamsize|p1|6
|teamsize|p2|6
|start
|switch|p1a: Ting-Lu|Ting-Lu|100/100
|switch|p2a: Shellussy|Cloyster, F|100/100
|-ability|p1a: Ting-Lu|Vessel of Ruin
|turn|1
|
|t:|1779899271
|move|p2a: Shellussy|Icicle Spear|p1a: Ting-Lu
|-supereffective|p1a: Ting-Lu
|-crit|p1a: Ting-Lu
|-damage|p1a: Ting-Lu|81/100
|-supereffective|p1a: Ting-Lu
|-damage|p1a: Ting-Lu|67/100
|-supereffective|p1a: Ting-Lu
|-damage|p1a: Ting-Lu|53/100
|-supereffective|p1a: Ting-Lu
|-damage|p1a: Ting-Lu|39/100
|-supereffective|p1a: Ting-Lu
|-damage|p1a: Ting-Lu|27/100
|-hitcount|p1a: Ting-Lu|5
|move|p1a: Ting-Lu|Whirlwind|p2a: Shellussy
|drag|p2a: Railgun|Dragapult, M|100/100
|
|-heal|p1a: Ting-Lu|34/100|[from] item: Leftovers
|upkeep
|turn|2
|
|t:|1779899275
|move|p2a: Railgun|Dragon Darts|p1a: Ting-Lu
|-damage|p1a: Ting-Lu|22/100
|-anim|p2a: Railgun|Dragon Darts|p1a: Ting-Lu
|-damage|p1a: Ting-Lu|12/100
|move|p1a: Ting-Lu|Stealth Rock|p2a: Railgun
|-sidestart|p2: YumeKasumi76|move: Stealth Rock
|
|-heal|p1a: Ting-Lu|18/100|[from] item: Leftovers
|upkeep
|turn|3
|
|t:|1779899279
|switch|p1a: Toxapex|Toxapex, F|100/100
|move|p2a: Railgun|Dragon Darts|p1a: Toxapex
|-damage|p1a: Toxapex|84/100
|-anim|p2a: Railgun|Dragon Darts|p1a: Toxapex
|-damage|p1a: Toxapex|68/100
|
|upkeep
|turn|4
|
|t:|1779899282
|switch|p2a: Bellator|Bisharp, F, shiny|100/100
|-damage|p2a: Bellator|94/100|[from] Stealth Rock
|move|p1a: Toxapex|Toxic Spikes|p2a: Bellator
|-sidestart|p2: YumeKasumi76|move: Toxic Spikes
|
|upkeep
|turn|5
|
|t:|1779899286
|switch|p1a: Zamazenta|Zamazenta|100/100
|-ability|p1a: Zamazenta|Dauntless Shield|boost
|-boost|p1a: Zamazenta|def|1
|move|p2a: Bellator|Stealth Rock|p1a: Zamazenta
|-sidestart|p1: draconotmeteor|move: Stealth Rock
|
|upkeep
|turn|6
|
|t:|1779899293
|switch|p2a: Railgun|Dragapult, M|100/100
|-damage|p2a: Railgun|88/100|[from] Stealth Rock
|-status|p2a: Railgun|psn
|-terastallize|p1a: Zamazenta|Dark
|move|p1a: Zamazenta|Crunch|p2a: Railgun
|-supereffective|p2a: Railgun
|-crit|p2a: Railgun
|-damage|p2a: Railgun|0 fnt
|faint|p2a: Railgun
|
|upkeep
|
|t:|1779899297
|switch|p2a: Hikari|Glimmora, F|100/100
|-damage|p2a: Hikari|88/100|[from] Stealth Rock
|-sideend|p2: YumeKasumi76|move: Toxic Spikes|[of] p2a: Hikari
|turn|7
|
|t:|1779899303
|switch|p1a: Radical Remi|Gliscor, F|100/100
|-damage|p1a: Radical Remi|88/100|[from] Stealth Rock
|move|p2a: Hikari|Mortal Spin|p1a: Radical Remi
|-resisted|p1a: Radical Remi
|-damage|p1a: Radical Remi|86/100
|-status|p1a: Radical Remi|psn
|-sideend|p2: YumeKasumi76|Stealth Rock|[from] move: Mortal Spin|[of] p2a: Hikari
|
|-heal|p1a: Radical Remi|98/100 psn|[from] ability: Poison Heal
|upkeep
|turn|8
|
|t:|1779899305
|move|p2a: Hikari|Meteor Beam||[still]
|-prepare|p2a: Hikari|Meteor Beam
|-boost|p2a: Hikari|spa|1
|-enditem|p2a: Hikari|Power Herb
|-anim|p2a: Hikari|Meteor Beam|p1a: Radical Remi
|-crit|p1a: Radical Remi
|-damage|p1a: Radical Remi|0 fnt
|faint|p1a: Radical Remi
|
|upkeep
|
|t:|1779899312
|switch|p1a: Toxapex|Toxapex, F|100/100
|turn|9
|
|t:|1779899314
|move|p2a: Hikari|Earth Power|p1a: Toxapex
|-supereffective|p1a: Toxapex
|-damage|p1a: Toxapex|44/100
|move|p1a: Toxapex|Haze|p1a: Toxapex
|-clearallboost
|
|upkeep
|turn|10
|
|t:|1779899322
|move|p2a: Hikari|Dazzling Gleam|p1a: Toxapex
|-resisted|p1a: Toxapex
|-damage|p1a: Toxapex|35/100
|move|p1a: Toxapex|Recover|p1a: Toxapex
|-heal|p1a: Toxapex|86/100
|
|upkeep
|turn|11
|
|t:|1779899324
|move|p2a: Hikari|Meteor Beam||[still]
|-prepare|p2a: Hikari|Meteor Beam
|-boost|p2a: Hikari|spa|1
|move|p1a: Toxapex|Toxic Spikes|p2a: Hikari
|-sidestart|p2: YumeKasumi76|move: Toxic Spikes
|
|upkeep
|turn|12
|
|t:|1779899327
|move|p2a: Hikari|Meteor Beam|p1a: Toxapex|[from] lockedmove
|-damage|p1a: Toxapex|30/100
|move|p1a: Toxapex|Haze|p1a: Toxapex
|-clearallboost
|
|upkeep
|turn|13
|
|t:|1779899329
|move|p2a: Hikari|Earth Power|p1a: Toxapex
|-supereffective|p1a: Toxapex
|-damage|p1a: Toxapex|0 fnt
|faint|p1a: Toxapex
|
|upkeep
|
|t:|1779899334
|switch|p1a: Zamazenta|Zamazenta, tera:Dark|100/100
|turn|14
|
|t:|1779899342
|switch|p2a: Bellator|Bisharp, F, shiny|94/100
|move|p1a: Zamazenta|Heavy Slam|p2a: Bellator
|-resisted|p2a: Bellator
|-damage|p2a: Bellator|85/100
|
|upkeep
|turn|15
|
|t:|1779899347
|move|p1a: Zamazenta|Close Combat|p2a: Bellator
|-supereffective|p2a: Bellator
|-damage|p2a: Bellator|0 fnt
|-unboost|p1a: Zamazenta|def|1
|-unboost|p1a: Zamazenta|spd|1
|faint|p2a: Bellator
|
|upkeep
|
|t:|1779899349
|switch|p2a: Hikari|Glimmora, F|88/100
|-sideend|p2: YumeKasumi76|move: Toxic Spikes|[of] p2a: Hikari
|turn|16
|
|t:|1779899364
|move|p1a: Zamazenta|Heavy Slam|p2a: Hikari
|-supereffective|p2a: Hikari
|-crit|p2a: Hikari
|-damage|p2a: Hikari|0 fnt
|-activate|p2a: Hikari|ability: Toxic Debris
|-sidestart|p1: draconotmeteor|move: Toxic Spikes
|faint|p2a: Hikari
|
|upkeep
|
|t:|1779899369
|switch|p2a: Sovereign|Entei|100/100
|turn|17
|
|t:|1779899373
|switch|p1a: Ting-Lu|Ting-Lu|18/100
|-damage|p1a: Ting-Lu|12/100|[from] Stealth Rock
|-status|p1a: Ting-Lu|psn
|-ability|p1a: Ting-Lu|Vessel of Ruin
|move|p2a: Sovereign|Sacred Fire|p1a: Ting-Lu
|-crit|p1a: Ting-Lu
|-damage|p1a: Ting-Lu|0 fnt
|faint|p1a: Ting-Lu
|
|upkeep
|
|t:|1779899377
|switch|p1a: Dragapult|Dragapult, M|100/100
|turn|18
|
|t:|1779899380
|move|p1a: Dragapult|Hex|p2a: Sovereign
|-damage|p2a: Sovereign|72/100
|move|p2a: Sovereign|Sacred Fire|p1a: Dragapult
|-resisted|p1a: Dragapult
|-damage|p1a: Dragapult|66/100
|
|upkeep
|turn|19
|
|t:|1779899384
|move|p1a: Dragapult|Dragon Darts|p2a: Sovereign
|-damage|p2a: Sovereign|54/100
|-anim|p1a: Dragapult|Dragon Darts|p2a: Sovereign
|-damage|p2a: Sovereign|34/100
|move|p2a: Sovereign|Sacred Fire|p1a: Dragapult
|-resisted|p1a: Dragapult
|-crit|p1a: Dragapult
|-damage|p1a: Dragapult|17/100
|-status|p1a: Dragapult|brn
|
|-damage|p1a: Dragapult|11/100 brn|[from] brn
|upkeep
|turn|20
|
|t:|1779899388
|move|p1a: Dragapult|Dragon Darts|p2a: Sovereign
|-damage|p2a: Sovereign|25/100
|-anim|p1a: Dragapult|Dragon Darts|p2a: Sovereign
|-damage|p2a: Sovereign|15/100
|move|p2a: Sovereign|Sacred Fire|p1a: Dragapult
|-resisted|p1a: Dragapult
|-damage|p1a: Dragapult|0 fnt
|faint|p1a: Dragapult
|
|upkeep
|
|t:|1779899390
|switch|p1a: Zamazenta|Zamazenta, tera:Dark|100/100
|turn|21
|
|t:|1779899395
|move|p2a: Sovereign|Extreme Speed|p1a: Zamazenta
|-damage|p1a: Zamazenta|75/100
|move|p1a: Zamazenta|Crunch|p2a: Sovereign
|-damage|p2a: Sovereign|0 fnt
|faint|p2a: Sovereign
|
|upkeep
|
|t:|1779899399
|switch|p2a: Shellussy|Cloyster, F|100/100
|turn|22
|
|t:|1779899401
|-terastallize|p2a: Shellussy|Ground
|move|p1a: Zamazenta|Close Combat|p2a: Shellussy
|-damage|p2a: Shellussy|49/100
|-unboost|p1a: Zamazenta|def|1
|-unboost|p1a: Zamazenta|spd|1
|move|p2a: Shellussy|Shell Smash|p2a: Shellussy
|-unboost|p2a: Shellussy|def|1
|-unboost|p2a: Shellussy|spd|1
|-boost|p2a: Shellussy|atk|2
|-boost|p2a: Shellussy|spa|2
|-boost|p2a: Shellussy|spe|2
|-enditem|p2a: Shellussy|White Herb
|-clearnegativeboost|p2a: Shellussy|[silent]
|
|upkeep
|turn|23
|
|t:|1779899404
|move|p2a: Shellussy|Hydro Pump|p1a: Zamazenta
|-damage|p1a: Zamazenta|0 fnt
|faint|p1a: Zamazenta
|
|upkeep
|-message|draconotmeteor forfeited.
|
|win|YumeKasumi76
|raw|draconotmeteor's rating: 1331 &rarr; <strong>1312</strong><br />(-19 for losing)
|raw|YumeKasumi76's rating: 1346 &rarr; <strong>1365</strong><br />(+19 for winning)
|l|☆draconotmeteor
|player|p1|
|l|☆YumeKasumi76
|player|p2|
