|j|☆1qaz0plm
|j|☆hattybatty304
|t:|1779809088
|gametype|singles
|player|p1|1qaz0plm|169|1270
|player|p2|hattybatty304|swimmerf|1290
|gen|9
|tier|[Gen 9] OU
|rated|
|rule|HP Percentage Mod: HP is shown in percentages
|rule|Endless Battle Clause: Forcing endless battles is banned
|rule|Species Clause: Limit one of each Pokémon
|rule|OHKO Clause: OHKO moves are banned
|rule|Evasion Items Clause: Evasion items are banned
|rule|Evasion Moves Clause: Evasion moves are banned
|rule|Evasion Abilities Clause: Evasion abilities are banned
|rule|Sleep Moves Clause: Sleep-inducing moves are banned
|clearpoke
|poke|p1|Landorus-Therian, M|
|poke|p1|Raging Bolt|
|poke|p1|Ogerpon, F|
|poke|p1|Heatran, F|
|poke|p1|Torkoal, F|
|poke|p1|Cloyster, M|
|poke|p2|Hatterene, F|
|poke|p2|Meowscarada, F|
|poke|p2|Primarina, F|
|poke|p2|Cinderace, F|
|poke|p2|Pecharunt|
|poke|p2|Minior|
|teampreview
|inactive|Battle timer is ON: inactive players will automatically lose when time's up. (requested by hattybatty304)
|
|t:|1779809112
|teamsize|p1|6
|teamsize|p2|6
|start
|switch|p1a: Heatran|Heatran, F|100/100
|switch|p2a: Rapunzil|Primarina, F, shiny|100/100
|-item|p1a: Heatran|Air Balloon
|turn|1
|
|t:|1779809126
|switch|p1a: Ogerpon|Ogerpon, F|100/100
|move|p2a: Rapunzil|Psychic Noise|p1a: Ogerpon
|-resisted|p1a: Ogerpon
|-crit|p1a: Ogerpon
|-damage|p1a: Ogerpon|70/100
|-start|p1a: Ogerpon|move: Heal Block
|
|upkeep
|turn|2
|
|t:|1779809134
|switch|p2a: mosquito|Pecharunt|100/100
|move|p1a: Ogerpon|Swords Dance|p1a: Ogerpon
|-boost|p1a: Ogerpon|atk|2
|
|-end|p1a: Ogerpon|move: Heal Block
|upkeep
|turn|3
|
|t:|1779809139
|move|p1a: Ogerpon|Knock Off|p2a: mosquito
|-supereffective|p2a: mosquito
|-damage|p2a: mosquito|23/100
|-damage|p1a: Ogerpon|53/100|[from] item: Rocky Helmet|[of] p2a: mosquito
|-enditem|p2a: mosquito|Rocky Helmet|[from] move: Knock Off|[of] p1a: Ogerpon
|-damage|p1a: Ogerpon|43/100|[from] item: Life Orb
|move|p2a: mosquito|Malignant Chain|p1a: Ogerpon
|-supereffective|p1a: Ogerpon
|-damage|p1a: Ogerpon|0 fnt
|faint|p1a: Ogerpon
|
|upkeep
|
|t:|1779809150
|switch|p1a: Cloyster|Cloyster, M|100/100
|turn|4
|
|t:|1779809157
|switch|p1a: Heatran|Heatran, F|100/100
|-item|p1a: Heatran|Air Balloon
|move|p2a: mosquito|Malignant Chain|p1a: Heatran
|-immune|p1a: Heatran
|
|upkeep
|turn|5
|
|t:|1779809169
|switch|p2a: Rapunzil|Primarina, F, shiny|100/100
|move|p1a: Heatran|Magma Storm|p2a: Rapunzil
|-resisted|p2a: Rapunzil
|-damage|p2a: Rapunzil|87/100
|-activate|p2a: Rapunzil|move: Magma Storm|[of] p1a: Heatran
|
|-damage|p2a: Rapunzil|75/100|[from] move: Magma Storm|[partiallytrapped]
|upkeep
|turn|6
|
|t:|1779809182
|switch|p1a: Cloyster|Cloyster, M|100/100
|move|p2a: Rapunzil|Psychic Noise|p1a: Cloyster
|-resisted|p1a: Cloyster
|-damage|p1a: Cloyster|51/100
|-start|p1a: Cloyster|move: Heal Block
|
|-end|p2a: Rapunzil|Magma Storm|[partiallytrapped]|[silent]
|upkeep
|turn|7
|
|t:|1779809201
|move|p1a: Cloyster|Icicle Spear|p2a: Rapunzil
|-resisted|p2a: Rapunzil
|-damage|p2a: Rapunzil|68/100
|-resisted|p2a: Rapunzil
|-damage|p2a: Rapunzil|60/100
|-resisted|p2a: Rapunzil
|-damage|p2a: Rapunzil|54/100
|-resisted|p2a: Rapunzil
|-damage|p2a: Rapunzil|46/100
|-resisted|p2a: Rapunzil
|-damage|p2a: Rapunzil|40/100
|-hitcount|p2a: Rapunzil|5
|move|p2a: Rapunzil|Draining Kiss|p1a: Cloyster
|-crit|p1a: Cloyster
|-damage|p1a: Cloyster|0 fnt
|-heal|p2a: Rapunzil|65/100|[from] drain|[of] p1a: Cloyster
|faint|p1a: Cloyster
|
|upkeep
|
|t:|1779809210
|switch|p1a: Raging Bolt|Raging Bolt|100/100
|turn|8
|
|t:|1779809216
|-terastallize|p2a: Rapunzil|Steel
|move|p1a: Raging Bolt|Volt Switch|p2a: Rapunzil
|-damage|p2a: Rapunzil|33/100
|
|t:|1779809222
|-end|p1a: Raging Bolt|Protosynthesis|[silent]
|switch|p1a: Torkoal|Torkoal, F|100/100|[from] Volt Switch
|-weather|SunnyDay|[from] ability: Drought|[of] p1a: Torkoal
|move|p2a: Rapunzil|Draining Kiss|p1a: Torkoal
|-resisted|p1a: Torkoal
|-damage|p1a: Torkoal|82/100
|-heal|p2a: Rapunzil|46/100|[from] drain|[of] p1a: Torkoal
|
|-weather|SunnyDay|[upkeep]
|upkeep
|turn|9
|
|t:|1779809234
|move|p2a: Rapunzil|Psychic Noise|p1a: Torkoal
|-supereffective|p1a: Torkoal
|-damage|p1a: Torkoal|33/100
|-start|p1a: Torkoal|move: Heal Block
|move|p1a: Torkoal|Stealth Rock|p2a: Rapunzil
|-sidestart|p2: hattybatty304|move: Stealth Rock
|
|-weather|SunnyDay|[upkeep]
|upkeep
|turn|10
|
|t:|1779809247
|move|p2a: Rapunzil|Psychic Noise|p1a: Torkoal
|-supereffective|p1a: Torkoal
|-damage|p1a: Torkoal|0 fnt
|faint|p1a: Torkoal
|
|-weather|SunnyDay|[upkeep]
|upkeep
|
|t:|1779809251
|switch|p1a: Heatran|Heatran, F|100/100
|-item|p1a: Heatran|Air Balloon
|turn|11
|
|t:|1779809255
|move|p1a: Heatran|Magma Storm|p2a: Rapunzil|[miss]
|-miss|p1a: Heatran|p2a: Rapunzil
|move|p2a: Rapunzil|Psychic Noise|p1a: Heatran
|-supereffective|p1a: Heatran
|-damage|p1a: Heatran|68/100
|-start|p1a: Heatran|move: Heal Block
|-enditem|p1a: Heatran|Air Balloon
|
|-weather|SunnyDay|[upkeep]
|upkeep
|turn|12
|
|t:|1779809260
|move|p1a: Heatran|Magma Storm|p2a: Rapunzil
|-supereffective|p2a: Rapunzil
|-damage|p2a: Rapunzil|0 fnt
|faint|p2a: Rapunzil
|
|-weather|SunnyDay|[upkeep]
|-end|p1a: Heatran|move: Heal Block
|upkeep
|
|t:|1779809267
|switch|p2a: TakeYoMan|Meowscarada, F|100/100
|-damage|p2a: TakeYoMan|88/100|[from] Stealth Rock
|turn|13
|
|t:|1779809274
|move|p2a: TakeYoMan|Low Kick|p1a: Heatran
|-start|p2a: TakeYoMan|typechange|Fighting|[from] ability: Protean
|-supereffective|p1a: Heatran
|-damage|p1a: Heatran|0 fnt
|faint|p1a: Heatran
|
|-weather|SunnyDay|[upkeep]
|upkeep
|
|t:|1779809280
|switch|p1a: Landorus|Landorus-Therian, M|100/100
|-ability|p1a: Landorus|Intimidate|boost
|-unboost|p2a: TakeYoMan|atk|1
|turn|14
|
|t:|1779809290
|switch|p2a: mosquito|Pecharunt|23/100
|-damage|p2a: mosquito|11/100|[from] Stealth Rock
|move|p1a: Landorus|Stone Edge|p2a: mosquito
|-damage|p2a: mosquito|0 fnt
|faint|p2a: mosquito
|
|-weather|SunnyDay|[upkeep]
|upkeep
|
|t:|1779809302
|switch|p2a: TakeYoMan|Meowscarada, F|88/100
|-damage|p2a: TakeYoMan|76/100|[from] Stealth Rock
|turn|15
|
|t:|1779809311
|switch|p1a: Raging Bolt|Raging Bolt|100/100
|-activate|p1a: Raging Bolt|ability: Protosynthesis
|-start|p1a: Raging Bolt|protosynthesisspa
|move|p2a: TakeYoMan|U-turn|p1a: Raging Bolt
|-start|p2a: TakeYoMan|typechange|Bug|[from] ability: Protean
|-damage|p1a: Raging Bolt|60/100
|
|t:|1779809315
|switch|p2a: fatty|Hatterene, F|100/100|[from] U-turn
|-damage|p2a: fatty|88/100|[from] Stealth Rock
|
|-weather|none
|-end|p1a: Raging Bolt|Protosynthesis
|upkeep
|turn|16
|
|t:|1779809321
|move|p1a: Raging Bolt|Volt Switch|p2a: fatty
|-damage|p2a: fatty|57/100
|
|t:|1779809324
|-end|p1a: Raging Bolt|Protosynthesis|[silent]
|switch|p1a: Landorus|Landorus-Therian, M|100/100|[from] Volt Switch
|-ability|p1a: Landorus|Intimidate|boost
|-unboost|p2a: fatty|atk|1
|move|p2a: fatty|Draining Kiss|p1a: Landorus
|-damage|p1a: Landorus|74/100
|-heal|p2a: fatty|77/100|[from] drain|[of] p1a: Landorus
|-damage|p2a: fatty|61/100|[from] item: Rocky Helmet|[of] p1a: Landorus
|
|upkeep
|turn|17
|
|t:|1779809334
|switch|p2a: roxxy|Minior|100/100
|-damage|p2a: roxxy|76/100|[from] Stealth Rock
|-formechange|p2a: roxxy|Minior-Meteor||[from] ability: Shields Down
|move|p1a: Landorus|Earthquake|p2a: roxxy
|-immune|p2a: roxxy
|
|upkeep
|turn|18
|
|t:|1779809346
|move|p1a: Landorus|Stone Edge|p2a: roxxy
|-supereffective|p2a: roxxy
|-damage|p2a: roxxy|0 fnt
|faint|p2a: roxxy
|
|upkeep
|
|t:|1779809350
|switch|p2a: TakeYoMan|Meowscarada, F|76/100
|-damage|p2a: TakeYoMan|64/100|[from] Stealth Rock
|turn|19
|
|t:|1779809356
|move|p2a: TakeYoMan|U-turn|p1a: Landorus
|-start|p2a: TakeYoMan|typechange|Bug|[from] ability: Protean
|-resisted|p1a: Landorus
|-damage|p1a: Landorus|48/100
|-damage|p2a: TakeYoMan|47/100|[from] item: Rocky Helmet|[of] p1a: Landorus
|
|t:|1779809361
|switch|p2a: Lm10|Cinderace, F|100/100|[from] U-turn
|-damage|p2a: Lm10|76/100|[from] Stealth Rock
|move|p1a: Landorus|Earthquake|p2a: Lm10
|-supereffective|p2a: Lm10
|-damage|p2a: Lm10|0 fnt
|faint|p2a: Lm10
|
|upkeep
|
|t:|1779809366
|switch|p2a: TakeYoMan|Meowscarada, F|47/100
|-damage|p2a: TakeYoMan|35/100|[from] Stealth Rock
|turn|20
|
|t:|1779809370
|move|p2a: TakeYoMan|Flower Trick|p1a: Landorus
|-start|p2a: TakeYoMan|typechange|Grass|[from] ability: Protean
|-crit|p1a: Landorus
|-damage|p1a: Landorus|0 fnt
|faint|p1a: Landorus
|
|upkeep
|
|t:|1779809375
|switch|p1a: Raging Bolt|Raging Bolt|60/100
|turn|21
|
|t:|1779809390
|move|p2a: TakeYoMan|Flower Trick|p1a: Raging Bolt
|-resisted|p1a: Raging Bolt
|-crit|p1a: Raging Bolt
|-damage|p1a: Raging Bolt|30/100
|move|p1a: Raging Bolt|Thunderbolt|p2a: TakeYoMan
|-resisted|p2a: TakeYoMan
|-damage|p2a: TakeYoMan|0 fnt
|faint|p2a: TakeYoMan
|
|upkeep
|
|t:|1779809394
|switch|p2a: fatty|Hatterene, F|61/100
|-damage|p2a: fatty|48/100|[from] Stealth Rock
|turn|22
|
|t:|1779809397
|move|p1a: Raging Bolt|Thunderbolt|p2a: fatty
|-damage|p2a: fatty|11/100
|move|p2a: fatty|Draining Kiss|p1a: Raging Bolt
|-supereffective|p1a: Raging Bolt
|-damage|p1a: Raging Bolt|0 fnt
|-heal|p2a: fatty|43/100|[from] drain|[of] p1a: Raging Bolt
|faint|p1a: Raging Bolt
|-end|p1a: Raging Bolt|Protosynthesis|[silent]
|
|win|hattybatty304
|raw|1qaz0plm's rating: 1270 &rarr; <strong>1246</strong><br />(-24 for losing)
|raw|hattybatty304's rating: 1290 &rarr; <strong>1314</strong><br />(+24 for winning)
|l|☆1qaz0plm
|player|p1|
|l|☆hattybatty304
|player|p2|
