|j|☆FABRUCG
|j|☆piosi
|t:|1779935221
|gametype|singles
|player|p1|FABRUCG|2|1154
|player|p2|piosi|1|1131
|gen|9
|tier|[Gen 9] OU
|rated|
|rule|HP Percentage Mod: HP is shown in percentages
|rule|Endless Battle Clause: Forcing endless battles is banned
|rule|Species Clause: Limit one of each Pokémon
|rule|OHKO Clause: OHKO moves are banned
|rule|Evasion Items Clause: Evasion items are banned
|rule|Evasion Moves Clause: Evasion moves are banned
|rule|Evasion Abilities Clause: Evasion abilities are banned
|rule|Sleep Moves Clause: Sleep-inducing moves are banned
|clearpoke
|poke|p1|Grimmsnarl, M|
|poke|p1|Bronzong|
|poke|p1|Gliscor, M|
|poke|p1|Infernape, F|
|poke|p1|Iron Thorns|
|poke|p1|Azumarill, M|
|poke|p2|Regigigas|
|poke|p2|Venomoth, F|
|poke|p2|Blaziken, M|
|poke|p2|Gliscor, F|
|poke|p2|Gholdengo|
|poke|p2|Weezing-Galar, F|
|teampreview
|
|t:|1779935246
|teamsize|p1|6
|teamsize|p2|6
|start
|switch|p1a: Grimmsnarl|Grimmsnarl, M|100/100
|switch|p2a: polluro|Blaziken, M|100/100
|turn|1
|inactive|Battle timer is ON: inactive players will automatically lose when time's up. (requested by piosi)
|
|t:|1779935254
|move|p2a: polluro|Protect|p2a: polluro
|-singleturn|p2a: polluro|Protect
|move|p1a: Grimmsnarl|Reflect|p1a: Grimmsnarl
|-sidestart|p1: FABRUCG|Reflect
|
|-ability|p2a: polluro|Speed Boost|boost
|-boost|p2a: polluro|spe|1
|upkeep
|turn|2
|
|t:|1779935261
|move|p1a: Grimmsnarl|Light Screen|p1a: Grimmsnarl
|-sidestart|p1: FABRUCG|move: Light Screen
|move|p2a: polluro|Swords Dance|p2a: polluro
|-boost|p2a: polluro|atk|2
|
|-ability|p2a: polluro|Speed Boost|boost
|-boost|p2a: polluro|spe|1
|upkeep
|turn|3
|
|t:|1779935274
|move|p1a: Grimmsnarl|Taunt|p2a: polluro
|-start|p2a: polluro|move: Taunt
|cant|p2a: polluro|move: Taunt|Swords Dance
|
|-ability|p2a: polluro|Speed Boost|boost
|-boost|p2a: polluro|spe|1
|upkeep
|turn|4
|
|t:|1779935292
|move|p1a: Grimmsnarl|Parting Shot|p2a: polluro
|-unboost|p2a: polluro|atk|1
|-unboost|p2a: polluro|spa|1
|
|t:|1779935298
|switch|p1a: Azumarill|Azumarill, M|100/100|[from] Parting Shot
|move|p2a: polluro|Flare Blitz|p1a: Azumarill
|-resisted|p1a: Azumarill
|-damage|p1a: Azumarill|65/100
|-damage|p2a: polluro|86/100|[from] Recoil
|-damage|p2a: polluro|76/100|[from] item: Life Orb
|
|-ability|p2a: polluro|Speed Boost|boost
|-boost|p2a: polluro|spe|1
|upkeep
|turn|5
|
|t:|1779935314
|switch|p2a: Weezing|Weezing-Galar, F|100/100
|-ability|p2a: Weezing|Neutralizing Gas
|move|p1a: Azumarill|Aqua Jet|p2a: Weezing
|-damage|p2a: Weezing|92/100
|
|-heal|p2a: Weezing|98/100|[from] item: Black Sludge
|upkeep
|turn|6
|
|t:|1779935328
|switch|p1a: Iron Thorns|Iron Thorns|100/100
|move|p2a: Weezing|Sludge Bomb|p1a: Iron Thorns
|-resisted|p1a: Iron Thorns
|-damage|p1a: Iron Thorns|93/100
|
|-heal|p2a: Weezing|100/100|[from] item: Black Sludge
|upkeep
|turn|7
|
|t:|1779935345
|move|p1a: Iron Thorns|Dragon Dance|p1a: Iron Thorns
|-boost|p1a: Iron Thorns|atk|1
|-boost|p1a: Iron Thorns|spe|1
|move|p2a: Weezing|Dazzling Gleam|p1a: Iron Thorns
|-damage|p1a: Iron Thorns|78/100
|
|upkeep
|turn|8
|
|t:|1779935352
|move|p1a: Iron Thorns|Stone Edge|p2a: Weezing
|-damage|p2a: Weezing|49/100
|move|p2a: Weezing|Will-O-Wisp|p1a: Iron Thorns
|-status|p1a: Iron Thorns|brn
|
|-heal|p2a: Weezing|55/100|[from] item: Black Sludge
|-damage|p1a: Iron Thorns|72/100 brn|[from] brn
|-sideend|p1: FABRUCG|Reflect
|upkeep
|turn|9
|
|t:|1779935362
|move|p2a: Weezing|Protect|p2a: Weezing
|-singleturn|p2a: Weezing|Protect
|move|p1a: Iron Thorns|Stone Edge|p2a: Weezing
|-activate|p2a: Weezing|move: Protect
|
|-heal|p2a: Weezing|61/100|[from] item: Black Sludge
|-damage|p1a: Iron Thorns|66/100 brn|[from] brn
|-sideend|p1: FABRUCG|move: Light Screen
|upkeep
|turn|10
|
|t:|1779935373
|-terastallize|p2a: Weezing|Fairy
|move|p1a: Iron Thorns|Stone Edge|p2a: Weezing
|-damage|p2a: Weezing|34/100
|move|p2a: Weezing|Dazzling Gleam|p1a: Iron Thorns
|-damage|p1a: Iron Thorns|31/100 brn
|
|-damage|p2a: Weezing|22/100|[from] item: Black Sludge
|-damage|p1a: Iron Thorns|24/100 brn|[from] brn
|upkeep
|turn|11
|
|t:|1779935399
|move|p2a: Weezing|Protect|p2a: Weezing
|-singleturn|p2a: Weezing|Protect
|move|p1a: Iron Thorns|Dragon Dance|p1a: Iron Thorns
|-boost|p1a: Iron Thorns|atk|1
|-boost|p1a: Iron Thorns|spe|1
|
|-damage|p2a: Weezing|9/100|[from] item: Black Sludge
|-damage|p1a: Iron Thorns|18/100 brn|[from] brn
|upkeep
|turn|12
|
|t:|1779935410
|move|p1a: Iron Thorns|Stone Edge|p2a: Weezing
|-damage|p2a: Weezing|0 fnt
|faint|p2a: Weezing
|-end|p2a: Weezing|ability: Neutralizing Gas
|-enditem|p1a: Iron Thorns|Booster Energy
|-activate|p1a: Iron Thorns|ability: Quark Drive|[fromitem]
|-start|p1a: Iron Thorns|quarkdriveatk
|
|-damage|p1a: Iron Thorns|12/100 brn|[from] brn
|upkeep
|
|t:|1779935418
|switch|p2a: polluro|Blaziken, M|76/100
|turn|13
|
|t:|1779935422
|move|p2a: polluro|Protect|p2a: polluro
|-singleturn|p2a: polluro|Protect
|move|p1a: Iron Thorns|Stone Edge|p2a: polluro
|-activate|p2a: polluro|move: Protect
|
|-damage|p1a: Iron Thorns|6/100 brn|[from] brn
|-ability|p2a: polluro|Speed Boost|boost
|-boost|p2a: polluro|spe|1
|upkeep
|turn|14
|
|t:|1779935433
|move|p1a: Iron Thorns|Stone Edge|p2a: polluro
|-crit|p2a: polluro
|-damage|p2a: polluro|0 fnt
|faint|p2a: polluro
|
|-damage|p1a: Iron Thorns|0 fnt|[from] brn
|faint|p1a: Iron Thorns
|-end|p1a: Iron Thorns|Quark Drive|[silent]
|upkeep
|
|t:|1779935449
|switch|p1a: Grimmsnarl|Grimmsnarl, M|100/100
|switch|p2a: glijiji|Gliscor, F, shiny|100/100
|turn|15
|
|t:|1779935461
|move|p1a: Grimmsnarl|Taunt|p2a: glijiji
|-start|p2a: glijiji|move: Taunt
|move|p2a: glijiji|Earthquake|p1a: Grimmsnarl
|-damage|p1a: Grimmsnarl|73/100
|
|-status|p2a: glijiji|tox|[from] item: Toxic Orb
|upkeep
|turn|16
|
|t:|1779935471
|move|p1a: Grimmsnarl|Reflect|p1a: Grimmsnarl
|-sidestart|p1: FABRUCG|Reflect
|move|p2a: glijiji|Earthquake|p1a: Grimmsnarl
|-damage|p1a: Grimmsnarl|58/100
|
|upkeep
|turn|17
|
|t:|1779935476
|move|p1a: Grimmsnarl|Light Screen|p1a: Grimmsnarl
|-sidestart|p1: FABRUCG|move: Light Screen
|move|p2a: glijiji|Earthquake|p1a: Grimmsnarl
|-damage|p1a: Grimmsnarl|44/100
|
|-end|p2a: glijiji|move: Taunt
|upkeep
|turn|18
|
|t:|1779935486
|move|p1a: Grimmsnarl|Taunt|p2a: glijiji
|-start|p2a: glijiji|move: Taunt
|move|p2a: glijiji|Earthquake|p1a: Grimmsnarl
|-damage|p1a: Grimmsnarl|30/100
|
|upkeep
|turn|19
|
|t:|1779935495
|move|p1a: Grimmsnarl|Parting Shot|p2a: glijiji
|-unboost|p2a: glijiji|atk|1
|-unboost|p2a: glijiji|spa|1
|
|t:|1779935499
|switch|p1a: Gliscor|Gliscor, M|100/100|[from] Parting Shot
|move|p2a: glijiji|Knock Off|p1a: Gliscor
|-damage|p1a: Gliscor|95/100
|-enditem|p1a: Gliscor|Toxic Orb|[from] move: Knock Off|[of] p2a: glijiji
|
|upkeep
|turn|20
|
|t:|1779935510
|move|p2a: glijiji|Knock Off|p1a: Gliscor
|-damage|p1a: Gliscor|91/100
|move|p1a: Gliscor|Swords Dance|p1a: Gliscor
|-boost|p1a: Gliscor|atk|2
|
|-end|p2a: glijiji|move: Taunt
|upkeep
|turn|21
|
|t:|1779935519
|move|p2a: glijiji|Knock Off|p1a: Gliscor
|-damage|p1a: Gliscor|88/100
|move|p1a: Gliscor|Swords Dance|p1a: Gliscor
|-boost|p1a: Gliscor|atk|2
|
|upkeep
|turn|22
|
|t:|1779935532
|switch|p2a: regigoat|Regigigas, shiny|100/100
|-start|p2a: regigoat|ability: Slow Start
|move|p1a: Gliscor|Facade|p2a: regigoat
|-damage|p2a: regigoat|67/100
|
|-heal|p2a: regigoat|73/100|[from] item: Leftovers
|upkeep
|turn|23
|
|t:|1779935544
|move|p1a: Gliscor|Earthquake|p2a: regigoat
|-damage|p2a: regigoat|0 fnt
|faint|p2a: regigoat
|-end|p2a: regigoat|Slow Start|[silent]
|
|-sideend|p1: FABRUCG|Reflect
|upkeep
|
|t:|1779935551
|switch|p2a: Gholdengo|Gholdengo|100/100
|turn|24
|
|t:|1779935561
|move|p2a: Gholdengo|Make It Rain|p1a: Gliscor
|-crit|p1a: Gliscor
|-damage|p1a: Gliscor|0 fnt
|-unboost|p2a: Gholdengo|spa|1
|faint|p1a: Gliscor
|
|-sideend|p1: FABRUCG|move: Light Screen
|upkeep
|
|t:|1779935570
|switch|p1a: Grimmsnarl|Grimmsnarl, M|30/100
|turn|25
|
|t:|1779935575
|move|p1a: Grimmsnarl|Light Screen|p1a: Grimmsnarl
|-sidestart|p1: FABRUCG|move: Light Screen
|move|p2a: Gholdengo|Make It Rain|p1a: Grimmsnarl
|-supereffective|p1a: Grimmsnarl
|-damage|p1a: Grimmsnarl|0 fnt
|-unboost|p2a: Gholdengo|spa|1
|faint|p1a: Grimmsnarl
|
|upkeep
|
|t:|1779935583
|switch|p1a: Azumarill|Azumarill, M|65/100
|turn|26
|
|t:|1779935588
|move|p2a: Gholdengo|Make It Rain|p1a: Azumarill
|-damage|p1a: Azumarill|41/100
|-unboost|p2a: Gholdengo|spa|1
|-enditem|p1a: Azumarill|Sitrus Berry|[eat]
|-heal|p1a: Azumarill|66/100|[from] item: Sitrus Berry
|move|p1a: Azumarill|Belly Drum|p1a: Azumarill
|-damage|p1a: Azumarill|16/100
|-setboost|p1a: Azumarill|atk|6|[from] move: Belly Drum
|
|upkeep
|turn|27
|
|t:|1779935599
|move|p1a: Azumarill|Aqua Jet|p2a: Gholdengo
|-damage|p2a: Gholdengo|0 fnt
|faint|p2a: Gholdengo
|
|upkeep
|
|t:|1779935605
|switch|p2a: Venotso|Venomoth, F|100/100
|turn|28
|
|t:|1779935610
|move|p1a: Azumarill|Aqua Jet|p2a: Venotso
|-enditem|p2a: Venotso|Focus Sash
|-damage|p2a: Venotso|1/100
|move|p2a: Venotso|Giga Drain|p1a: Azumarill
|-supereffective|p1a: Azumarill
|-damage|p1a: Azumarill|0 fnt
|-heal|p2a: Venotso|12/100|[from] drain|[of] p1a: Azumarill
|faint|p1a: Azumarill
|
|upkeep
|
|t:|1779935620
|switch|p1a: Infernape|Infernape, F|100/100
|turn|29
|
|t:|1779935627
|-terastallize|p1a: Infernape|Fire
|move|p1a: Infernape|Fire Punch|p2a: Venotso
|-supereffective|p2a: Venotso
|-damage|p2a: Venotso|0 fnt
|faint|p2a: Venotso
|-damage|p1a: Infernape|91/100|[from] item: Life Orb
|
|upkeep
|
|t:|1779935634
|switch|p2a: glijiji|Gliscor, F, shiny|100/100 tox
|turn|30
|
|t:|1779935639
|move|p2a: glijiji|Protect|p2a: glijiji
|-singleturn|p2a: glijiji|Protect
|move|p1a: Infernape|Fire Punch|p2a: glijiji
|-activate|p2a: glijiji|move: Protect
|
|upkeep
|turn|31
|
|t:|1779935645
|move|p1a: Infernape|Fire Punch|p2a: glijiji
|-damage|p2a: glijiji|55/100 tox
|-damage|p1a: Infernape|81/100|[from] item: Life Orb
|move|p2a: glijiji|Earthquake|p1a: Infernape
|-supereffective|p1a: Infernape
|-damage|p1a: Infernape|0 fnt
|faint|p1a: Infernape
|
|-heal|p2a: glijiji|67/100 tox|[from] ability: Poison Heal
|upkeep
|
|t:|1779935655
|switch|p1a: Bronzong|Bronzong|100/100
|turn|32
|
|t:|1779935659
|move|p2a: glijiji|Earthquake|p1a: Bronzong
|-immune|p1a: Bronzong|[from] ability: Levitate
|move|p1a: Bronzong|Calm Mind|p1a: Bronzong
|-boost|p1a: Bronzong|spa|1
|-boost|p1a: Bronzong|spd|1
|
|-heal|p2a: glijiji|80/100 tox|[from] ability: Poison Heal
|-sideend|p1: FABRUCG|move: Light Screen
|upkeep
|turn|33
|
|t:|1779935668
|move|p2a: glijiji|Knock Off|p1a: Bronzong
|-supereffective|p1a: Bronzong
|-damage|p1a: Bronzong|64/100
|-enditem|p1a: Bronzong|Leftovers|[from] move: Knock Off|[of] p2a: glijiji
|move|p1a: Bronzong|Calm Mind|p1a: Bronzong
|-boost|p1a: Bronzong|spa|1
|-boost|p1a: Bronzong|spd|1
|
|-heal|p2a: glijiji|92/100 tox|[from] ability: Poison Heal
|upkeep
|turn|34
|
|t:|1779935679
|move|p2a: glijiji|Knock Off|p1a: Bronzong
|-supereffective|p1a: Bronzong
|-damage|p1a: Bronzong|43/100
|move|p1a: Bronzong|Iron Defense|p1a: Bronzong
|-boost|p1a: Bronzong|def|2
|
|-heal|p2a: glijiji|100/100 tox|[from] ability: Poison Heal
|upkeep
|turn|35
|
|t:|1779935688
|move|p2a: glijiji|Knock Off|p1a: Bronzong
|-supereffective|p1a: Bronzong
|-damage|p1a: Bronzong|32/100
|move|p1a: Bronzong|Iron Defense|p1a: Bronzong
|-boost|p1a: Bronzong|def|2
|
|upkeep
|turn|36
|
|t:|1779935694
|move|p2a: glijiji|Knock Off|p1a: Bronzong
|-supereffective|p1a: Bronzong
|-damage|p1a: Bronzong|24/100
|move|p1a: Bronzong|Rest|p1a: Bronzong
|-status|p1a: Bronzong|slp|[from] move: Rest
|-heal|p1a: Bronzong|100/100 slp|[silent]
|
|upkeep
|turn|37
|
|t:|1779935703
|move|p2a: glijiji|Knock Off|p1a: Bronzong
|-supereffective|p1a: Bronzong
|-damage|p1a: Bronzong|93/100 slp
|cant|p1a: Bronzong|slp
|
|upkeep
|turn|38
|
|t:|1779935709
|move|p2a: glijiji|Knock Off|p1a: Bronzong
|-supereffective|p1a: Bronzong
|-damage|p1a: Bronzong|85/100 slp
|cant|p1a: Bronzong|slp
|
|upkeep
|turn|39
|
|t:|1779935714
|move|p2a: glijiji|Knock Off|p1a: Bronzong
|-supereffective|p1a: Bronzong
|-damage|p1a: Bronzong|78/100 slp
|-curestatus|p1a: Bronzong|slp|[msg]
|move|p1a: Bronzong|Stored Power|p2a: glijiji
|-damage|p2a: glijiji|0 fnt
|faint|p2a: glijiji
|
|win|FABRUCG
|raw|FABRUCG's rating: 1154 &rarr; <strong>1177</strong><br />(+23 for winning)
|raw|piosi's rating: 1131 &rarr; <strong>1108</strong><br />(-23 for losing)
|l|☆FABRUCG
|player|p1|
|l|☆piosi
|player|p2|
