|j|☆difspa
|j|☆ligadeportoviejo
|t:|1779904910
|gametype|singles
|player|p1|difspa|101|1576
|player|p2|ligadeportoviejo|2|1564
|gen|9
|tier|[Gen 9] OU
|rated|
|rule|HP Percentage Mod: HP is shown in percentages
|rule|Endless Battle Clause: Forcing endless battles is banned
|rule|Species Clause: Limit one of each Pokémon
|rule|OHKO Clause: OHKO moves are banned
|rule|Evasion Items Clause: Evasion items are banned
|rule|Evasion Moves Clause: Evasion moves are banned
|rule|Evasion Abilities Clause: Evasion abilities are banned
|rule|Sleep Moves Clause: Sleep-inducing moves are banned
|clearpoke
|poke|p1|Tyranitar, F|
|poke|p1|Excadrill, F|
|poke|p1|Slowking-Galar, M|
|poke|p1|Dragapult, F|
|poke|p1|Ogerpon-Wellspring, F|
|poke|p1|Corviknight, M|
|poke|p2|Indeedee-F, F|
|poke|p2|Hoopa-Unbound|
|poke|p2|Hawlucha, F|
|poke|p2|Iron Crown|
|poke|p2|Hatterene, F|
|poke|p2|Cloyster, M|
|teampreview
|inactive|Battle timer is ON: inactive players will automatically lose when time's up. (requested by ligadeportoviejo)
|
|t:|1779904922
|teamsize|p1|6
|teamsize|p2|6
|start
|switch|p1a: Dragapult|Dragapult, F|100/100
|switch|p2a: Indeedee|Indeedee-F, F|100/100
|-fieldstart|move: Psychic Terrain|[from] ability: Psychic Surge|[of] p2a: Indeedee
|turn|1
|
|t:|1779904930
|switch|p1a: Tyranitar|Tyranitar, F|100/100
|-weather|Sandstorm|[from] ability: Sand Stream|[of] p1a: Tyranitar
|switch|p2a: Hatterene|Hatterene, F|100/100
|
|-weather|Sandstorm|[upkeep]
|-damage|p2a: Hatterene|95/100|[from] Sandstorm
|upkeep
|turn|2
|
|t:|1779904941
|move|p1a: Tyranitar|Knock Off|p2a: Hatterene
|-crit|p2a: Hatterene
|-damage|p2a: Hatterene|43/100
|-enditem|p2a: Hatterene|Eject Button|[from] move: Knock Off|[of] p1a: Tyranitar
|move|p2a: Hatterene|Trick Room|p2a: Hatterene
|-fieldstart|move: Trick Room|[of] p2a: Hatterene
|
|-weather|Sandstorm|[upkeep]
|-damage|p2a: Hatterene|37/100|[from] Sandstorm
|upkeep
|turn|3
|
|t:|1779904954
|switch|p1a: Slowking|Slowking-Galar, M|100/100
|move|p2a: Hatterene|Healing Wish|p2a: Hatterene
|faint|p2a: Hatterene
|
|-weather|Sandstorm|[upkeep]
|-damage|p1a: Slowking|94/100|[from] Sandstorm
|upkeep
|
|t:|1779904956
|switch|p2a: Hoopa|Hoopa-Unbound|100/100
|turn|4
|
|t:|1779904985
|-terastallize|p1a: Slowking|Water
|move|p1a: Slowking|Sludge Bomb|p2a: Hoopa
|-damage|p2a: Hoopa|68/100
|-status|p2a: Hoopa|psn
|move|p2a: Hoopa|Knock Off|p1a: Slowking
|-damage|p1a: Slowking|26/100
|-enditem|p1a: Slowking|Assault Vest|[from] move: Knock Off|[of] p2a: Hoopa
|
|-weather|Sandstorm|[upkeep]
|-damage|p1a: Slowking|20/100|[from] Sandstorm
|-damage|p2a: Hoopa|61/100 psn|[from] Sandstorm
|-damage|p2a: Hoopa|49/100 psn|[from] psn
|upkeep
|turn|5
|
|t:|1779904998
|switch|p1a: Corviknight|Corviknight, M|100/100
|-ability|p1a: Corviknight|Pressure
|move|p2a: Hoopa|Knock Off|p1a: Corviknight
|-damage|p1a: Corviknight|58/100
|-damage|p2a: Hoopa|33/100 psn|[from] item: Rocky Helmet|[of] p1a: Corviknight
|-enditem|p1a: Corviknight|Rocky Helmet|[from] move: Knock Off|[of] p2a: Hoopa
|
|-weather|Sandstorm|[upkeep]
|-damage|p2a: Hoopa|27/100 psn|[from] Sandstorm
|-damage|p2a: Hoopa|14/100 psn|[from] psn
|upkeep
|turn|6
|
|t:|1779905009
|switch|p2a: Iron Crown|Iron Crown|100/100
|-enditem|p2a: Iron Crown|Booster Energy
|-activate|p2a: Iron Crown|ability: Quark Drive|[fromitem]
|-start|p2a: Iron Crown|quarkdrivespa
|move|p1a: Corviknight|Roost|p1a: Corviknight
|-heal|p1a: Corviknight|100/100
|-singleturn|p1a: Corviknight|move: Roost
|
|-weather|Sandstorm|[upkeep]
|-fieldend|move: Trick Room
|upkeep
|turn|7
|
|t:|1779905021
|move|p2a: Iron Crown|Expanding Force|p1a: Corviknight
|-resisted|p1a: Corviknight
|-damage|p1a: Corviknight|46/100
|move|p1a: Corviknight|U-turn|p2a: Iron Crown
|-damage|p2a: Iron Crown|88/100
|
|t:|1779905026
|switch|p1a: Tyranitar|Tyranitar, F|100/100|[from] U-turn
|
|-weather|Sandstorm|[upkeep]
|upkeep
|turn|8
|
|t:|1779905031
|move|p2a: Iron Crown|Focus Blast|p1a: Tyranitar
|-supereffective|p1a: Tyranitar
|-damage|p1a: Tyranitar|10/100
|-unboost|p1a: Tyranitar|spd|1
|move|p1a: Tyranitar|Knock Off|p2a: Iron Crown
|-supereffective|p2a: Iron Crown
|-damage|p2a: Iron Crown|33/100
|
|-weather|none
|-fieldend|move: Psychic Terrain
|upkeep
|turn|9
|
|t:|1779905045
|switch|p1a: Corviknight|Corviknight, M|46/100
|-ability|p1a: Corviknight|Pressure
|move|p2a: Iron Crown|Agility|p2a: Iron Crown
|-boost|p2a: Iron Crown|spe|2
|
|upkeep
|turn|10
|
|t:|1779905048
|move|p2a: Iron Crown|Focus Blast|p1a: Corviknight
|-damage|p1a: Corviknight|0 fnt
|faint|p1a: Corviknight
|
|upkeep
|
|t:|1779905059
|switch|p1a: Slowking|Slowking-Galar, M, tera:Water|53/100
|turn|11
|
|t:|1779905069
|switch|p1a: Tyranitar|Tyranitar, F|10/100
|-weather|Sandstorm|[from] ability: Sand Stream|[of] p1a: Tyranitar
|move|p2a: Iron Crown|Expanding Force|p1a: Tyranitar
|-immune|p1a: Tyranitar
|
|-weather|Sandstorm|[upkeep]
|upkeep
|turn|12
|
|t:|1779905079
|move|p2a: Iron Crown|Tachyon Cutter|p1a: Tyranitar
|-supereffective|p1a: Tyranitar
|-damage|p1a: Tyranitar|0 fnt
|faint|p1a: Tyranitar
|-hitcount|p1: Tyranitar|1
|
|-weather|Sandstorm|[upkeep]
|upkeep
|
|t:|1779905082
|switch|p1a: Slowking|Slowking-Galar, M, tera:Water|86/100
|turn|13
|
|t:|1779905086
|move|p2a: Iron Crown|Focus Blast|p1a: Slowking
|-damage|p1a: Slowking|43/100
|move|p1a: Slowking|Flamethrower|p2a: Iron Crown
|-supereffective|p2a: Iron Crown
|-damage|p2a: Iron Crown|0 fnt
|faint|p2a: Iron Crown
|-end|p2a: Iron Crown|Quark Drive|[silent]
|
|-weather|Sandstorm|[upkeep]
|-damage|p1a: Slowking|37/100|[from] Sandstorm
|upkeep
|
|t:|1779905102
|switch|p2a: Indeedee|Indeedee-F, F|100/100
|-fieldstart|move: Psychic Terrain|[from] ability: Psychic Surge|[of] p2a: Indeedee
|turn|14
|
|t:|1779905107
|move|p1a: Slowking|Sludge Bomb|p2a: Indeedee
|-damage|p2a: Indeedee|63/100
|move|p2a: Indeedee|Trick Room|p2a: Indeedee
|-fieldstart|move: Trick Room|[of] p2a: Indeedee
|
|-weather|Sandstorm|[upkeep]
|-damage|p1a: Slowking|31/100|[from] Sandstorm
|-damage|p2a: Indeedee|57/100|[from] Sandstorm
|upkeep
|turn|15
|
|t:|1779905118
|move|p1a: Slowking|Sludge Bomb|p2a: Indeedee
|-damage|p2a: Indeedee|25/100
|move|p2a: Indeedee|Healing Wish|p2a: Indeedee
|faint|p2a: Indeedee
|
|-weather|Sandstorm|[upkeep]
|-damage|p1a: Slowking|25/100|[from] Sandstorm
|upkeep
|
|t:|1779905120
|switch|p2a: Hoopa|Hoopa-Unbound|14/100 psn
|-heal|p2a: Hoopa|100/100|[from] move: Healing Wish
|turn|16
|
|t:|1779905135
|switch|p1a: Excadrill|Excadrill, F|100/100
|-item|p1a: Excadrill|Air Balloon
|move|p2a: Hoopa|Expanding Force|p1a: Excadrill
|-resisted|p1a: Excadrill
|-damage|p1a: Excadrill|45/100
|-enditem|p1a: Excadrill|Air Balloon
|
|-weather|Sandstorm|[upkeep]
|-damage|p2a: Hoopa|94/100|[from] Sandstorm
|upkeep
|turn|17
|
|t:|1779905145
|move|p2a: Hoopa|Expanding Force|p1a: Excadrill
|-resisted|p1a: Excadrill
|-damage|p1a: Excadrill|0 fnt
|faint|p1a: Excadrill
|
|-weather|Sandstorm|[upkeep]
|-damage|p2a: Hoopa|88/100|[from] Sandstorm
|upkeep
|
|t:|1779905152
|switch|p1a: Slowking|Slowking-Galar, M, tera:Water|58/100
|turn|18
|
|t:|1779905168
|-terastallize|p2a: Hoopa|Steel
|move|p1a: Slowking|Sludge Bomb|p2a: Hoopa
|-immune|p2a: Hoopa
|move|p2a: Hoopa|Expanding Force|p1a: Slowking
|-damage|p1a: Slowking|0 fnt
|faint|p1a: Slowking
|
|-weather|none
|-fieldend|move: Trick Room
|upkeep
|
|t:|1779905184
|switch|p1a: Dragapult|Dragapult, F|100/100
|turn|19
|
|t:|1779905189
|move|p1a: Dragapult|Fire Blast|p2a: Hoopa
|-supereffective|p2a: Hoopa
|-damage|p2a: Hoopa|19/100
|move|p2a: Hoopa|Expanding Force|p1a: Dragapult
|-damage|p1a: Dragapult|0 fnt
|faint|p1a: Dragapult
|
|upkeep
|-message|difspa forfeited.
|
|win|ligadeportoviejo
|raw|difspa's rating: 1576 &rarr; <strong>1555</strong><br />(-21 for losing)
|raw|ligadeportoviejo's rating: 1564 &rarr; <strong>1585</strong><br />(+21 for winning)
|l|☆difspa
|player|p1|
