|j|☆ashyman2000
|j|☆elementalbalance
|t:|1779884740
|gametype|singles
|player|p1|ashyman2000|hoopster|1182
|player|p2|elementalbalance|ghetsis|1135
|gen|9
|tier|[Gen 9] OU
|rated|
|rule|HP Percentage Mod: HP is shown in percentages
|rule|Endless Battle Clause: Forcing endless battles is banned
|rule|Species Clause: Limit one of each Pokémon
|rule|OHKO Clause: OHKO moves are banned
|rule|Evasion Items Clause: Evasion items are banned
|rule|Evasion Moves Clause: Evasion moves are banned
|rule|Evasion Abilities Clause: Evasion abilities are banned
|rule|Sleep Moves Clause: Sleep-inducing moves are banned
|clearpoke
|poke|p1|Munkidori, M|
|poke|p1|Mew|
|poke|p1|Latias, F|
|poke|p1|Gardevoir, M|
|poke|p1|Indeedee, M|
|poke|p1|Iron Leaves|
|poke|p2|Scrafty, F|
|poke|p2|Slowbro-Galar, M|
|poke|p2|Maushold-Four|
|poke|p2|Gliscor, M|
|poke|p2|Comfey, F|
|poke|p2|Clodsire, F|
|teampreview
|
|t:|1779884754
|teamsize|p1|6
|teamsize|p2|6
|start
|switch|p1a: Latias|Latias, F|100/100
|switch|p2a: Maushold|Maushold-Four|100/100
|turn|1
|
|t:|1779884766
|move|p2a: Maushold|Bite|p1a: Latias
|-supereffective|p1a: Latias
|-damage|p1a: Latias|69/100
|-damage|p2a: Maushold|84/100|[from] item: Rocky Helmet|[of] p1a: Latias
|cant|p1a: Latias|flinch
|
|upkeep
|turn|2
|j| Richard Papen
|
|t:|1779884775
|move|p2a: Maushold|Bite|p1a: Latias
|-supereffective|p1a: Latias
|-damage|p1a: Latias|35/100
|-damage|p2a: Maushold|67/100|[from] item: Rocky Helmet|[of] p1a: Latias
|cant|p1a: Latias|flinch
|
|upkeep
|turn|3
|
|t:|1779884783
|move|p2a: Maushold|Bite|p1a: Latias
|-supereffective|p1a: Latias
|-damage|p1a: Latias|2/100
|-damage|p2a: Maushold|51/100|[from] item: Rocky Helmet|[of] p1a: Latias
|move|p1a: Latias|Thunder Wave|p2a: Maushold
|-status|p2a: Maushold|par
|
|upkeep
|turn|4
|
|t:|1779884791
|move|p1a: Latias|Reflect|p1a: Latias
|-sidestart|p1: ashyman2000|Reflect
|cant|p2a: Maushold|par
|
|upkeep
|turn|5
|
|t:|1779884797
|move|p1a: Latias|Future Sight|p2a: Maushold
|-start|p1a: Latias|move: Future Sight
|move|p2a: Maushold|Population Bomb|p1a: Latias
|-damage|p1a: Latias|0 fnt
|-damage|p2a: Maushold|34/100 par|[from] item: Rocky Helmet|[of] p1a: Latias
|faint|p1a: Latias
|-hitcount|p1: Latias|1
|
|upkeep
|
|t:|1779884809
|switch|p1a: Indeedee|Indeedee, M|100/100
|-fieldstart|move: Psychic Terrain|[from] ability: Psychic Surge|[of] p1a: Indeedee
|-enditem|p1a: Indeedee|Psychic Seed
|-boost|p1a: Indeedee|spd|1|[from] item: Psychic Seed
|turn|6
|
|t:|1779884817
|move|p1a: Indeedee|Expanding Force|p2a: Maushold
|-damage|p2a: Maushold|0 fnt
|faint|p2a: Maushold
|
|upkeep
|
|t:|1779884826
|switch|p2a: Scrafty|Scrafty, F|100/100
|turn|7
|
|t:|1779884836
|move|p1a: Indeedee|Dazzling Gleam|p2a: Scrafty
|-supereffective|p2a: Scrafty
|-enditem|p2a: Scrafty|Focus Sash
|-damage|p2a: Scrafty|1/100
|move|p2a: Scrafty|Crunch|p1a: Indeedee
|-supereffective|p1a: Indeedee
|-damage|p1a: Indeedee|29/100
|
|-end|p2a: Scrafty|move: Future Sight
|-immune|p2a: Scrafty
|upkeep
|turn|8
|
|t:|1779884848
|switch|p2a: Clodsire|Clodsire, F|100/100
|move|p1a: Indeedee|Draining Kiss|p2a: Clodsire
|-resisted|p2a: Clodsire
|-damage|p2a: Clodsire|96/100
|-heal|p1a: Indeedee|35/100|[from] drain|[of] p2a: Clodsire
|
|-heal|p2a: Clodsire|100/100|[from] item: Leftovers
|-sideend|p1: ashyman2000|Reflect
|upkeep
|turn|9
|
|t:|1779884857
|switch|p2a: Slowbro|Slowbro-Galar, M|100/100
|move|p1a: Indeedee|Expanding Force|p2a: Slowbro
|-crit|p2a: Slowbro
|-damage|p2a: Slowbro|0 fnt
|faint|p2a: Slowbro
|
|upkeep
|
|t:|1779884864
|switch|p2a: Comfey|Comfey, F|100/100
|turn|10
|
|t:|1779884878
|move|p1a: Indeedee|Expanding Force|p2a: Comfey
|-damage|p2a: Comfey|38/100
|move|p2a: Comfey|Calm Mind|p2a: Comfey
|-boost|p2a: Comfey|spa|1
|-boost|p2a: Comfey|spd|1
|
|-heal|p2a: Comfey|45/100|[from] item: Leftovers
|-fieldend|move: Psychic Terrain
|upkeep
|turn|11
|
|t:|1779884887
|move|p2a: Comfey|Draining Kiss|p1a: Indeedee
|-damage|p1a: Indeedee|7/100
|-heal|p2a: Comfey|62/100|[from] drain|[of] p1a: Indeedee
|move|p1a: Indeedee|Encore|p2a: Comfey
|-start|p2a: Comfey|Encore
|
|-heal|p2a: Comfey|68/100|[from] item: Leftovers
|upkeep
|turn|12
|
|t:|1779884894
|move|p2a: Comfey|Draining Kiss|p1a: Indeedee
|-damage|p1a: Indeedee|0 fnt
|-heal|p2a: Comfey|73/100|[from] drain|[of] p1a: Indeedee
|faint|p1a: Indeedee
|
|-heal|p2a: Comfey|79/100|[from] item: Leftovers
|upkeep
|
|t:|1779884906
|switch|p1a: Munkidori|Munkidori, M|100/100
|turn|13
|
|t:|1779884924
|switch|p2a: Clodsire|Clodsire, F|100/100
|move|p1a: Munkidori|Sludge Bomb|p2a: Clodsire
|-resisted|p2a: Clodsire
|-damage|p2a: Clodsire|95/100
|
|-heal|p2a: Clodsire|100/100|[from] item: Leftovers
|upkeep
|turn|14
|
|t:|1779884934
|switch|p1a: Gardevoir|Gardevoir, M|100/100
|move|p2a: Clodsire|Earthquake|p1a: Gardevoir
|-damage|p1a: Gardevoir|60/100
|
|-heal|p1a: Gardevoir|66/100|[from] item: Leftovers
|upkeep
|turn|15
|
|t:|1779884941
|switch|p2a: Scrafty|Scrafty, F|1/100
|move|p1a: Gardevoir|Calm Mind|p1a: Gardevoir
|-boost|p1a: Gardevoir|spa|1
|-boost|p1a: Gardevoir|spd|1
|
|-heal|p1a: Gardevoir|72/100|[from] item: Leftovers
|upkeep
|turn|16
|
|t:|1779884961
|move|p1a: Gardevoir|Moonblast|p2a: Scrafty
|-supereffective|p2a: Scrafty
|-damage|p2a: Scrafty|0 fnt
|faint|p2a: Scrafty
|
|-heal|p1a: Gardevoir|78/100|[from] item: Leftovers
|upkeep
|
|t:|1779884970
|switch|p2a: Comfey|Comfey, F|79/100
|turn|17
|
|t:|1779884986
|move|p2a: Comfey|Calm Mind|p2a: Comfey
|-boost|p2a: Comfey|spa|1
|-boost|p2a: Comfey|spd|1
|move|p1a: Gardevoir|Substitute|p1a: Gardevoir
|-start|p1a: Gardevoir|Substitute
|-damage|p1a: Gardevoir|54/100
|
|-heal|p2a: Comfey|85/100|[from] item: Leftovers
|-heal|p1a: Gardevoir|60/100|[from] item: Leftovers
|upkeep
|turn|18
|
|t:|1779885012
|switch|p1a: Munkidori|Munkidori, M|100/100
|move|p2a: Comfey|Calm Mind|p2a: Comfey
|-boost|p2a: Comfey|spa|1
|-boost|p2a: Comfey|spd|1
|
|-heal|p2a: Comfey|91/100|[from] item: Leftovers
|upkeep
|turn|19
|
|t:|1779885037
|move|p2a: Comfey|Draining Kiss|p1a: Munkidori
|-resisted|p1a: Munkidori
|-damage|p1a: Munkidori|79/100
|-heal|p2a: Comfey|100/100|[from] drain|[of] p1a: Munkidori
|move|p1a: Munkidori|Trick|p2a: Comfey
|-activate|p1a: Munkidori|move: Trick|[of] p2a: Comfey
|-item|p2a: Comfey|Choice Scarf|[from] move: Trick
|-item|p1a: Munkidori|Leftovers|[from] move: Trick
|
|-heal|p1a: Munkidori|85/100|[from] item: Leftovers
|upkeep
|turn|20
|
|t:|1779885087
|switch|p2a: Clodsire|Clodsire, F|100/100
|move|p1a: Munkidori|Psychic Noise|p2a: Clodsire
|-supereffective|p2a: Clodsire
|-damage|p2a: Clodsire|59/100
|-start|p2a: Clodsire|move: Heal Block
|
|-heal|p1a: Munkidori|91/100|[from] item: Leftovers
|upkeep
|turn|21
|
|t:|1779885106
|move|p1a: Munkidori|Focus Blast|p2a: Clodsire
|-resisted|p2a: Clodsire
|-damage|p2a: Clodsire|48/100
|move|p2a: Clodsire|Earthquake|p1a: Munkidori
|-supereffective|p1a: Munkidori
|-damage|p1a: Munkidori|4/100
|
|-heal|p1a: Munkidori|10/100|[from] item: Leftovers
|-end|p2a: Clodsire|move: Heal Block
|upkeep
|turn|22
|
|t:|1779885113
|move|p1a: Munkidori|Psychic Noise|p2a: Clodsire
|-supereffective|p2a: Clodsire
|-damage|p2a: Clodsire|8/100
|-start|p2a: Clodsire|move: Heal Block
|cant|p2a: Clodsire|move: Heal Block|Recover
|
|-heal|p1a: Munkidori|16/100|[from] item: Leftovers
|upkeep
|turn|23
|
|t:|1779885138
|move|p1a: Munkidori|Psychic Noise|p2a: Clodsire
|-supereffective|p2a: Clodsire
|-damage|p2a: Clodsire|0 fnt
|faint|p2a: Clodsire
|
|-heal|p1a: Munkidori|22/100|[from] item: Leftovers
|upkeep
|
|t:|1779885154
|switch|p2a: Gliscor|Gliscor, M|100/100
|turn|24
|
|t:|1779885166
|move|p1a: Munkidori|Psychic Noise|p2a: Gliscor
|-damage|p2a: Gliscor|66/100
|-start|p2a: Gliscor|move: Heal Block
|move|p2a: Gliscor|Swords Dance|p2a: Gliscor
|-boost|p2a: Gliscor|atk|2
|
|-heal|p1a: Munkidori|28/100|[from] item: Leftovers
|-status|p2a: Gliscor|tox|[from] item: Toxic Orb
|upkeep
|turn|25
|
|t:|1779885180
|move|p2a: Gliscor|Protect|p2a: Gliscor
|-singleturn|p2a: Gliscor|Protect
|move|p1a: Munkidori|Psychic Noise|p2a: Gliscor
|-activate|p2a: Gliscor|move: Protect
|
|-heal|p1a: Munkidori|34/100|[from] item: Leftovers
|-end|p2a: Gliscor|move: Heal Block
|upkeep
|turn|26
|
|t:|1779885189
|move|p1a: Munkidori|Psychic Noise|p2a: Gliscor
|-damage|p2a: Gliscor|28/100 tox
|-start|p2a: Gliscor|move: Heal Block
|move|p2a: Gliscor|Knock Off|p1a: Munkidori
|-supereffective|p1a: Munkidori
|-damage|p1a: Munkidori|0 fnt
|-enditem|p1a: Munkidori|Leftovers|[from] move: Knock Off|[of] p2a: Gliscor
|faint|p1a: Munkidori
|
|upkeep
|
|t:|1779885199
|switch|p1a: Iron Leaves|Iron Leaves|100/100
|-enditem|p1a: Iron Leaves|Booster Energy
|-activate|p1a: Iron Leaves|ability: Quark Drive|[fromitem]
|-start|p1a: Iron Leaves|quarkdriveatk
|turn|27
|
|t:|1779885210
|move|p2a: Gliscor|Protect|p2a: Gliscor
|-singleturn|p2a: Gliscor|Protect
|move|p1a: Iron Leaves|Psyblade|p2a: Gliscor
|-activate|p2a: Gliscor|move: Protect
|
|-end|p2a: Gliscor|move: Heal Block
|upkeep
|turn|28
|l| Richard Papen
|
|t:|1779885223
|move|p1a: Iron Leaves|Psyblade|p2a: Gliscor
|-damage|p2a: Gliscor|0 fnt
|faint|p2a: Gliscor
|
|upkeep
|
|t:|1779885226
|switch|p2a: Comfey|Comfey, F|100/100
|turn|29
|
|t:|1779885243
|move|p2a: Comfey|Draining Kiss|p1a: Iron Leaves
|-damage|p1a: Iron Leaves|82/100
|move|p1a: Iron Leaves|Swords Dance|p1a: Iron Leaves
|-boost|p1a: Iron Leaves|atk|2
|
|upkeep
|turn|30
|
|t:|1779885251
|move|p2a: Comfey|Draining Kiss|p1a: Iron Leaves
|-damage|p1a: Iron Leaves|64/100
|move|p1a: Iron Leaves|Psyblade|p2a: Comfey
|-damage|p2a: Comfey|0 fnt
|faint|p2a: Comfey
|
|win|ashyman2000
|raw|ashyman2000's rating: 1182 &rarr; <strong>1204</strong><br />(+22 for winning)
|raw|elementalbalance's rating: 1135 &rarr; <strong>1113</strong><br />(-22 for losing)
|c|☆ashyman2000|Gg
|c|☆elementalbalance|Gg
|l|☆elementalbalance
|player|p2|
|l|☆ashyman2000
|player|p1|
