|j|☆npctypebeat
|j|☆Jessfrmva123
|t:|1779933594
|gametype|singles
|player|p1|npctypebeat|102|1103
|player|p2|Jessfrmva123|1|1141
|gen|9
|tier|[Gen 9] OU
|rated|
|rule|HP Percentage Mod: HP is shown in percentages
|rule|Endless Battle Clause: Forcing endless battles is banned
|rule|Species Clause: Limit one of each Pokémon
|rule|OHKO Clause: OHKO moves are banned
|rule|Evasion Items Clause: Evasion items are banned
|rule|Evasion Moves Clause: Evasion moves are banned
|rule|Evasion Abilities Clause: Evasion abilities are banned
|rule|Sleep Moves Clause: Sleep-inducing moves are banned
|clearpoke
|poke|p1|Gliscor, M|
|poke|p1|Gholdengo|
|poke|p1|Zamazenta-*|
|poke|p1|Blissey, F|
|poke|p1|Skarmory, F|
|poke|p1|Pecharunt|
|poke|p2|Darkrai|
|poke|p2|Gholdengo|
|poke|p2|Ting-Lu|
|poke|p2|Iron Valiant|
|poke|p2|Tornadus-Therian, M|
|poke|p2|Alomomola, F|
|teampreview
|c|☆npctypebeat|hf
|inactive|Battle timer is ON: inactive players will automatically lose when time's up. (requested by npctypebeat)
|
|t:|1779933608
|teamsize|p1|6
|teamsize|p2|6
|start
|switch|p1a: Skarmory|Skarmory, F|100/100
|switch|p2a: Darkrai|Darkrai|100/100
|turn|1
|
|t:|1779933617
|switch|p2a: Tornadus|Tornadus-Therian, M|100/100
|move|p1a: Skarmory|Spikes|p2a: Tornadus
|-sidestart|p2: Jessfrmva123|Spikes
|
|upkeep
|turn|2
|
|t:|1779933624
|move|p2a: Tornadus|Heat Wave|p1a: Skarmory
|-supereffective|p1a: Skarmory
|-damage|p1a: Skarmory|31/100
|move|p1a: Skarmory|Spikes|p2a: Tornadus
|-sidestart|p2: Jessfrmva123|Spikes
|
|upkeep
|turn|3
|
|t:|1779933629
|switch|p1a: Blissey|Blissey, F|100/100
|move|p2a: Tornadus|Knock Off|p1a: Blissey
|-damage|p1a: Blissey|80/100
|-enditem|p1a: Blissey|Heavy-Duty Boots|[from] move: Knock Off|[of] p2a: Tornadus
|
|upkeep
|turn|4
|
|t:|1779933638
|move|p2a: Tornadus|U-turn|p1a: Blissey
|-damage|p1a: Blissey|64/100
|
|t:|1779933647
|switch|p2a: Gholdengo|Gholdengo|100/100|[from] U-turn
|-item|p2a: Gholdengo|Air Balloon
|move|p1a: Blissey|Stealth Rock|p2a: Gholdengo
|-sidestart|p2: Jessfrmva123|move: Stealth Rock
|
|upkeep
|turn|5
|
|t:|1779933654
|move|p2a: Gholdengo|Nasty Plot|p2a: Gholdengo
|-boost|p2a: Gholdengo|spa|2
|move|p1a: Blissey|Shadow Ball|p2a: Gholdengo
|-supereffective|p2a: Gholdengo
|-damage|p2a: Gholdengo|72/100
|-enditem|p2a: Gholdengo|Air Balloon
|
|upkeep
|turn|6
|
|t:|1779933662
|move|p2a: Gholdengo|Nasty Plot|p2a: Gholdengo
|-boost|p2a: Gholdengo|spa|2
|move|p1a: Blissey|Shadow Ball|p2a: Gholdengo
|-supereffective|p2a: Gholdengo
|-damage|p2a: Gholdengo|42/100
|
|upkeep
|turn|7
|
|t:|1779933669
|move|p2a: Gholdengo|Recover|p2a: Gholdengo
|-heal|p2a: Gholdengo|92/100
|move|p1a: Blissey|Shadow Ball|p2a: Gholdengo
|-supereffective|p2a: Gholdengo
|-damage|p2a: Gholdengo|65/100
|
|upkeep
|turn|8
|
|t:|1779933676
|switch|p1a: Gliscor|Gliscor, M|100/100
|move|p2a: Gholdengo|Nasty Plot|p2a: Gholdengo
|-boost|p2a: Gholdengo|spa|2
|
|-status|p1a: Gliscor|tox|[from] item: Toxic Orb
|upkeep
|turn|9
|
|t:|1779933685
|-terastallize|p2a: Gholdengo|Fairy
|move|p1a: Gliscor|Earthquake|p2a: Gholdengo
|-damage|p2a: Gholdengo|42/100
|move|p2a: Gholdengo|Shadow Ball|p1a: Gliscor
|-damage|p1a: Gliscor|0 fnt
|faint|p1a: Gliscor
|
|upkeep
|
|t:|1779933690
|switch|p1a: Zamazenta|Zamazenta|100/100
|-ability|p1a: Zamazenta|Dauntless Shield|boost
|-boost|p1a: Zamazenta|def|1
|turn|10
|
|t:|1779933697
|move|p1a: Zamazenta|Heavy Slam|p2a: Gholdengo
|-supereffective|p2a: Gholdengo
|-damage|p2a: Gholdengo|0 fnt
|faint|p2a: Gholdengo
|
|upkeep
|
|t:|1779933713
|switch|p2a: Alomomola|Alomomola, F|100/100
|turn|11
|
|t:|1779933717
|switch|p1a: Blissey|Blissey, F|64/100
|move|p2a: Alomomola|Scald|p1a: Blissey
|-damage|p1a: Blissey|59/100
|
|upkeep
|turn|12
|
|t:|1779933733
|move|p1a: Blissey|Soft-Boiled|p1a: Blissey
|-heal|p1a: Blissey|100/100
|move|p2a: Alomomola|Flip Turn|p1a: Blissey
|-damage|p1a: Blissey|83/100
|
|t:|1779933738
|switch|p2a: Ting-Lu|Ting-Lu|100/100|[from] Flip Turn
|-damage|p2a: Ting-Lu|84/100|[from] Spikes
|-damage|p2a: Ting-Lu|78/100|[from] Stealth Rock
|-ability|p2a: Ting-Lu|Vessel of Ruin
|
|-heal|p2a: Ting-Lu|84/100|[from] item: Leftovers
|upkeep
|turn|13
|
|t:|1779933741
|switch|p1a: Skarmory|Skarmory, F|31/100
|move|p2a: Ting-Lu|Stealth Rock|p1a: Skarmory
|-sidestart|p1: npctypebeat|move: Stealth Rock
|
|-heal|p2a: Ting-Lu|90/100|[from] item: Leftovers
|upkeep
|turn|14
|
|t:|1779933746
|switch|p2a: Darkrai|Darkrai|100/100
|move|p1a: Skarmory|Whirlwind|p2a: Darkrai
|drag|p2a: Ting-Lu|Ting-Lu|90/100
|-damage|p2a: Ting-Lu|74/100|[from] Spikes
|-damage|p2a: Ting-Lu|67/100|[from] Stealth Rock
|-ability|p2a: Ting-Lu|Vessel of Ruin
|
|-heal|p2a: Ting-Lu|74/100|[from] item: Leftovers
|upkeep
|turn|15
|
|t:|1779933754
|switch|p2a: Darkrai|Darkrai|100/100
|move|p1a: Skarmory|Roost|p1a: Skarmory
|-heal|p1a: Skarmory|81/100
|-singleturn|p1a: Skarmory|move: Roost
|
|upkeep
|turn|16
|
|t:|1779933770
|move|p2a: Darkrai|Dark Pulse|p1a: Skarmory
|-damage|p1a: Skarmory|27/100
|cant|p1a: Skarmory|flinch
|
|upkeep
|turn|17
|
|t:|1779933782
|switch|p1a: Zamazenta|Zamazenta|100/100
|move|p2a: Darkrai|Dark Pulse|p1a: Zamazenta
|-resisted|p1a: Zamazenta
|-damage|p1a: Zamazenta|79/100
|
|upkeep
|turn|18
|
|t:|1779933791
|switch|p2a: Alomomola|Alomomola, F|100/100
|move|p1a: Zamazenta|Close Combat|p2a: Alomomola
|-damage|p2a: Alomomola|63/100
|-unboost|p1a: Zamazenta|def|1
|-unboost|p1a: Zamazenta|spd|1
|
|upkeep
|turn|19
|
|t:|1779933802
|move|p1a: Zamazenta|Close Combat|p2a: Alomomola
|-damage|p2a: Alomomola|30/100
|-unboost|p1a: Zamazenta|def|1
|-unboost|p1a: Zamazenta|spd|1
|move|p2a: Alomomola|Scald|p1a: Zamazenta
|-damage|p1a: Zamazenta|52/100
|-status|p1a: Zamazenta|brn
|
|-damage|p1a: Zamazenta|46/100 brn|[from] brn
|upkeep
|turn|20
|
|t:|1779933817
|move|p1a: Zamazenta|Close Combat|p2a: Alomomola
|-damage|p2a: Alomomola|12/100
|-unboost|p1a: Zamazenta|def|1
|-unboost|p1a: Zamazenta|spd|1
|move|p2a: Alomomola|Flip Turn|p1a: Zamazenta
|-damage|p1a: Zamazenta|7/100 brn
|
|t:|1779933834
|switch|p2a: Tornadus|Tornadus-Therian, M|100/100|[from] Flip Turn
|
|-damage|p1a: Zamazenta|0 fnt|[from] brn
|faint|p1a: Zamazenta
|upkeep
|
|t:|1779933847
|switch|p1a: Pecharunt|Pecharunt|100/100
|turn|21
|
|t:|1779933861
|move|p2a: Tornadus|Knock Off|p1a: Pecharunt
|-supereffective|p1a: Pecharunt
|-damage|p1a: Pecharunt|83/100
|-enditem|p1a: Pecharunt|Heavy-Duty Boots|[from] move: Knock Off|[of] p2a: Tornadus
|move|p1a: Pecharunt|Toxic|p2a: Tornadus
|-status|p2a: Tornadus|tox
|-start|p2a: Tornadus|confusion|[from] ability: Poison Puppeteer|[of] p1a: Pecharunt
|
|-damage|p2a: Tornadus|94/100 tox|[from] psn
|upkeep
|turn|22
|
|t:|1779933870
|-activate|p2a: Tornadus|confusion
|-damage|p2a: Tornadus|85/100 tox|[from] confusion
|move|p1a: Pecharunt|Shadow Ball|p2a: Tornadus
|-damage|p2a: Tornadus|59/100 tox
|
|-damage|p2a: Tornadus|46/100 tox|[from] psn
|upkeep
|turn|23
|
|t:|1779933882
|-activate|p2a: Tornadus|confusion
|-damage|p2a: Tornadus|37/100 tox|[from] confusion
|move|p1a: Pecharunt|Shadow Ball|p2a: Tornadus
|-damage|p2a: Tornadus|14/100 tox
|
|-damage|p2a: Tornadus|0 fnt|[from] psn
|faint|p2a: Tornadus
|upkeep
|
|t:|1779933893
|switch|p2a: Ting-Lu|Ting-Lu|74/100
|-damage|p2a: Ting-Lu|57/100|[from] Spikes
|-damage|p2a: Ting-Lu|51/100|[from] Stealth Rock
|-ability|p2a: Ting-Lu|Vessel of Ruin
|turn|24
|
|t:|1779933901
|move|p1a: Pecharunt|Toxic|p2a: Ting-Lu
|-status|p2a: Ting-Lu|tox
|-start|p2a: Ting-Lu|confusion|[from] ability: Poison Puppeteer|[of] p1a: Pecharunt
|-activate|p2a: Ting-Lu|confusion
|move|p2a: Ting-Lu|Spikes|p1a: Pecharunt
|-sidestart|p1: npctypebeat|Spikes
|
|-heal|p2a: Ting-Lu|57/100 tox|[from] item: Leftovers
|-damage|p2a: Ting-Lu|51/100 tox|[from] psn
|upkeep
|turn|25
|
|t:|1779933921
|move|p1a: Pecharunt|Parting Shot|p2a: Ting-Lu
|-unboost|p2a: Ting-Lu|atk|1
|-unboost|p2a: Ting-Lu|spa|1
|
|t:|1779933936
|switch|p1a: Skarmory|Skarmory, F|27/100|[from] Parting Shot
|-activate|p2a: Ting-Lu|confusion
|move|p2a: Ting-Lu|Spikes|p1a: Skarmory
|-sidestart|p1: npctypebeat|Spikes
|
|-heal|p2a: Ting-Lu|57/100 tox|[from] item: Leftovers
|-damage|p2a: Ting-Lu|45/100 tox|[from] psn
|upkeep
|turn|26
|
|t:|1779933951
|switch|p2a: Darkrai|Darkrai|100/100
|move|p1a: Skarmory|Roost|p1a: Skarmory
|-heal|p1a: Skarmory|77/100
|-singleturn|p1a: Skarmory|move: Roost
|
|upkeep
|turn|27
|
|t:|1779933964
|move|p2a: Darkrai|Dark Pulse|p1a: Skarmory
|-damage|p1a: Skarmory|21/100
|move|p1a: Skarmory|Body Press|p2a: Darkrai
|-supereffective|p2a: Darkrai
|-damage|p2a: Darkrai|26/100
|
|upkeep
|turn|28
|
|t:|1779933976
|switch|p1a: Blissey|Blissey, F|83/100
|-damage|p1a: Blissey|71/100|[from] Stealth Rock
|-damage|p1a: Blissey|54/100|[from] Spikes
|move|p2a: Darkrai|Dark Pulse|p1a: Blissey
|-damage|p1a: Blissey|40/100
|
|upkeep
|turn|29
|
|t:|1779933996
|move|p2a: Darkrai|Dark Pulse|p1a: Blissey
|-crit|p1a: Blissey
|-damage|p1a: Blissey|20/100
|move|p1a: Blissey|Soft-Boiled|p1a: Blissey
|-heal|p1a: Blissey|70/100
|
|upkeep
|turn|30
|
|t:|1779934005
|move|p2a: Darkrai|Ice Beam|p1a: Blissey
|-damage|p1a: Blissey|60/100
|move|p1a: Blissey|Calm Mind|p1a: Blissey
|-boost|p1a: Blissey|spa|1
|-boost|p1a: Blissey|spd|1
|
|upkeep
|turn|31
|l|☆Jessfrmva123
|inactive|Jessfrmva123 disconnected and has a minute to reconnect!
|player|p2|
|inactive|Jessfrmva123 has 30 seconds to reconnect!
|inactive|Jessfrmva123 has 20 seconds to reconnect!
|inactive|Jessfrmva123 has 15 seconds to reconnect!
|inactive|Jessfrmva123 has 10 seconds to reconnect!
|inactive|Jessfrmva123 has 5 seconds to reconnect!
|-message|Jessfrmva123 lost due to inactivity.
|
|win|npctypebeat
|raw|npctypebeat's rating: 1125 &rarr; <strong>1151</strong><br />(+26 for winning)
|raw|Jessfrmva123's rating: 1141 &rarr; <strong>1115</strong><br />(-26 for losing)
|c|☆npctypebeat|gg
