|j|☆blueThe12thman
|j|☆IAmNotAmanda
|t:|1779922261
|gametype|singles
|player|p1|blueThe12thman|silver|1421
|player|p2|IAmNotAmanda|iris-gen5bw2|1404
|gen|9
|tier|[Gen 9] OU
|rated|
|rule|HP Percentage Mod: HP is shown in percentages
|rule|Endless Battle Clause: Forcing endless battles is banned
|rule|Species Clause: Limit one of each Pokémon
|rule|OHKO Clause: OHKO moves are banned
|rule|Evasion Items Clause: Evasion items are banned
|rule|Evasion Moves Clause: Evasion moves are banned
|rule|Evasion Abilities Clause: Evasion abilities are banned
|rule|Sleep Moves Clause: Sleep-inducing moves are banned
|clearpoke
|poke|p1|Tyranitar, M|
|poke|p1|Skarmory, M|
|poke|p1|Scizor, M|
|poke|p1|Slowking, F|
|poke|p1|Gliscor, F|
|poke|p1|Espeon, M|
|poke|p2|Torkoal, M|
|poke|p2|Iron Valiant|
|poke|p2|Walking Wake|
|poke|p2|Venusaur, F|
|poke|p2|Lilligant-Hisui, F|
|poke|p2|Great Tusk|
|teampreview
|inactive|Battle timer is ON: inactive players will automatically lose when time's up. (requested by IAmNotAmanda)
|c|☆blueThe12thman|hf
|
|t:|1779922272
|teamsize|p1|6
|teamsize|p2|6
|start
|switch|p1a: Gliscor|Gliscor, F|100/100
|switch|p2a: Torkoal|Torkoal, M|100/100
|-weather|SunnyDay|[from] ability: Drought|[of] p2a: Torkoal
|turn|1
|
|t:|1779922279
|move|p1a: Gliscor|Protect|p1a: Gliscor
|-singleturn|p1a: Gliscor|Protect
|move|p2a: Torkoal|Will-O-Wisp|p1a: Gliscor
|-activate|p1a: Gliscor|move: Protect
|
|-weather|SunnyDay|[upkeep]
|-status|p1a: Gliscor|tox|[from] item: Toxic Orb
|upkeep
|turn|2
|
|t:|1779922283
|switch|p2a: Venusaur|Venusaur, F|100/100
|move|p1a: Gliscor|Toxic|p2a: Venusaur
|-immune|p2a: Venusaur
|
|-weather|SunnyDay|[upkeep]
|upkeep
|turn|3
|
|t:|1779922290
|move|p2a: Venusaur|Giga Drain|p1a: Gliscor
|-damage|p1a: Gliscor|52/100 tox
|-damage|p2a: Venusaur|91/100|[from] item: Life Orb
|move|p1a: Gliscor|Stealth Rock|p2a: Venusaur
|-sidestart|p2: IAmNotAmanda|move: Stealth Rock
|
|-weather|SunnyDay|[upkeep]
|-heal|p1a: Gliscor|65/100 tox|[from] ability: Poison Heal
|upkeep
|turn|4
|
|t:|1779922299
|move|p1a: Gliscor|Protect|p1a: Gliscor
|-singleturn|p1a: Gliscor|Protect
|move|p2a: Venusaur|Growth|p2a: Venusaur
|-boost|p2a: Venusaur|atk|2
|-boost|p2a: Venusaur|spa|2
|
|-weather|SunnyDay|[upkeep]
|-heal|p1a: Gliscor|77/100 tox|[from] ability: Poison Heal
|upkeep
|turn|5
|inactive|blueThe12thman has 120 seconds left.
|
|t:|1779922334
|switch|p1a: Skarmory|Skarmory, M|100/100
|move|p2a: Venusaur|Giga Drain|p1a: Skarmory
|-resisted|p1a: Skarmory
|-damage|p1a: Skarmory|72/100
|-heal|p2a: Venusaur|100/100|[from] drain|[of] p1a: Skarmory
|-damage|p2a: Venusaur|91/100|[from] item: Life Orb
|
|-weather|SunnyDay|[upkeep]
|upkeep
|turn|6
|inactive|blueThe12thman has 120 seconds left.
|
|t:|1779922347
|switch|p1a: Tyranitar|Tyranitar, M|100/100
|-weather|Sandstorm|[from] ability: Sand Stream|[of] p1a: Tyranitar
|move|p2a: Venusaur|Growth|p2a: Venusaur
|-boost|p2a: Venusaur|atk|1
|-boost|p2a: Venusaur|spa|1
|
|-weather|Sandstorm|[upkeep]
|-damage|p2a: Venusaur|85/100|[from] Sandstorm
|upkeep
|turn|7
|inactive|blueThe12thman has 120 seconds left.
|inactive|blueThe12thman has 90 seconds left.
|
|t:|1779922389
|-terastallize|p1a: Tyranitar|Flying
|move|p2a: Venusaur|Giga Drain|p1a: Tyranitar
|-resisted|p1a: Tyranitar
|-damage|p1a: Tyranitar|57/100
|-heal|p2a: Venusaur|100/100|[from] drain|[of] p1a: Tyranitar
|-damage|p2a: Venusaur|91/100|[from] item: Life Orb
|move|p1a: Tyranitar|Knock Off|p2a: Venusaur
|-damage|p2a: Venusaur|0 fnt
|-enditem|p2a: Venusaur|Life Orb|[from] move: Knock Off|[of] p1a: Tyranitar
|faint|p2a: Venusaur
|
|-weather|Sandstorm|[upkeep]
|-damage|p1a: Tyranitar|51/100|[from] Sandstorm
|upkeep
|
|t:|1779922396
|switch|p2a: Torkoal|Torkoal, M|100/100
|-damage|p2a: Torkoal|75/100|[from] Stealth Rock
|-weather|SunnyDay|[from] ability: Drought|[of] p2a: Torkoal
|turn|8
|
|t:|1779922403
|switch|p1a: Gliscor|Gliscor, F|77/100 tox
|move|p2a: Torkoal|Rapid Spin|p1a: Gliscor
|-damage|p1a: Gliscor|72/100 tox
|-boost|p2a: Torkoal|spe|1
|-sideend|p2: IAmNotAmanda|Stealth Rock|[from] move: Rapid Spin|[of] p2a: Torkoal
|
|-weather|SunnyDay|[upkeep]
|-heal|p1a: Gliscor|84/100 tox|[from] ability: Poison Heal
|upkeep
|turn|9
|
|t:|1779922408
|switch|p2a: Walking Wake|Walking Wake|100/100
|-activate|p2a: Walking Wake|ability: Protosynthesis
|-start|p2a: Walking Wake|protosynthesisspe
|move|p1a: Gliscor|Toxic|p2a: Walking Wake
|-status|p2a: Walking Wake|tox
|
|-weather|SunnyDay|[upkeep]
|-damage|p2a: Walking Wake|94/100 tox|[from] psn
|-heal|p1a: Gliscor|97/100 tox|[from] ability: Poison Heal
|upkeep
|turn|10
|
|t:|1779922411
|switch|p1a: Slowking|Slowking, F|100/100
|move|p2a: Walking Wake|Weather Ball|p1a: Slowking
|-resisted|p1a: Slowking
|-damage|p1a: Slowking|82/100
|-damage|p2a: Walking Wake|84/100 tox|[from] item: Life Orb
|
|-weather|SunnyDay|[upkeep]
|-damage|p2a: Walking Wake|72/100 tox|[from] psn
|upkeep
|turn|11
|
|t:|1779922418
|move|p2a: Walking Wake|Draco Meteor|p1a: Slowking
|-damage|p1a: Slowking|35/100
|-unboost|p2a: Walking Wake|spa|2
|-damage|p2a: Walking Wake|62/100 tox|[from] item: Life Orb
|move|p1a: Slowking|Future Sight|p2a: Walking Wake
|-start|p1a: Slowking|move: Future Sight
|
|-weather|SunnyDay|[upkeep]
|-damage|p2a: Walking Wake|43/100 tox|[from] psn
|upkeep
|turn|12
|inactive|blueThe12thman has 120 seconds left.
|
|t:|1779922427
|-end|p2a: Walking Wake|Protosynthesis|[silent]
|switch|p2a: Torkoal|Torkoal, M|75/100
|-prepare|p1a: Slowking|Chilly Reception|[premajor]
|move|p1a: Slowking|Chilly Reception|p1a: Slowking
|-weather|Snowscape
|inactive|blueThe12thman has 120 seconds left.
|
|t:|1779922433
|switch|p1a: Gliscor|Gliscor, F|97/100 tox|[from] Chilly Reception
|
|-weather|Snowscape|[upkeep]
|-heal|p1a: Gliscor|100/100 tox|[from] ability: Poison Heal
|upkeep
|turn|13
|
|t:|1779922438
|switch|p2a: Walking Wake|Walking Wake|43/100 tox
|move|p1a: Gliscor|Knock Off|p2a: Walking Wake
|-damage|p2a: Walking Wake|20/100 tox
|-enditem|p2a: Walking Wake|Life Orb|[from] move: Knock Off|[of] p1a: Gliscor
|
|-weather|Snowscape|[upkeep]
|-end|p2a: Walking Wake|move: Future Sight
|-damage|p2a: Walking Wake|0 fnt
|faint|p2a: Walking Wake
|-end|p2a: Walking Wake|Protosynthesis|[silent]
|upkeep
|
|t:|1779922442
|switch|p2a: Lilligant|Lilligant-Hisui, F|100/100
|turn|14
|
|t:|1779922447
|switch|p1a: Skarmory|Skarmory, M|72/100
|move|p2a: Lilligant|Victory Dance|p2a: Lilligant
|-boost|p2a: Lilligant|atk|1
|-boost|p2a: Lilligant|def|1
|-boost|p2a: Lilligant|spe|1
|
|-weather|Snowscape|[upkeep]
|upkeep
|turn|15
|
|t:|1779922464
|move|p2a: Lilligant|Close Combat|p1a: Skarmory
|-damage|p1a: Skarmory|24/100
|-unboost|p2a: Lilligant|def|1
|-unboost|p2a: Lilligant|spd|1
|-damage|p2a: Lilligant|84/100|[from] item: Rocky Helmet|[of] p1a: Skarmory
|move|p1a: Skarmory|Body Press|p2a: Lilligant
|-damage|p2a: Lilligant|32/100
|
|-weather|Snowscape|[upkeep]
|upkeep
|turn|16
|
|t:|1779922479
|move|p2a: Lilligant|Close Combat|p1a: Skarmory
|-damage|p1a: Skarmory|0 fnt
|-unboost|p2a: Lilligant|def|1
|-unboost|p2a: Lilligant|spd|1
|-damage|p2a: Lilligant|15/100|[from] item: Rocky Helmet|[of] p1a: Skarmory
|faint|p1a: Skarmory
|
|-weather|none
|upkeep
|
|t:|1779922484
|switch|p1a: Scizor|Scizor, M|100/100
|turn|17
|
|t:|1779922486
|switch|p2a: Torkoal|Torkoal, M|75/100
|-weather|SunnyDay|[from] ability: Drought|[of] p2a: Torkoal
|move|p1a: Scizor|Bullet Punch|p2a: Torkoal
|-resisted|p2a: Torkoal
|-damage|p2a: Torkoal|63/100
|-damage|p1a: Scizor|91/100|[from] item: Life Orb
|
|-weather|SunnyDay|[upkeep]
|upkeep
|turn|18
|
|t:|1779922493
|switch|p1a: Gliscor|Gliscor, F|100/100 tox
|move|p2a: Torkoal|Will-O-Wisp||[still]
|-fail|p2a: Torkoal
|
|-weather|SunnyDay|[upkeep]
|upkeep
|turn|19
|
|t:|1779922499
|switch|p2a: Lilligant|Lilligant-Hisui, F|15/100
|move|p1a: Gliscor|Toxic|p2a: Lilligant
|-status|p2a: Lilligant|tox
|
|-weather|SunnyDay|[upkeep]
|-damage|p2a: Lilligant|9/100 tox|[from] psn
|upkeep
|turn|20
|
|t:|1779922505
|move|p1a: Gliscor|Protect|p1a: Gliscor
|-singleturn|p1a: Gliscor|Protect
|move|p2a: Lilligant|Triple Axel|p1a: Gliscor
|-activate|p1a: Gliscor|move: Protect
|
|-weather|SunnyDay|[upkeep]
|-damage|p2a: Lilligant|0 fnt|[from] psn
|faint|p2a: Lilligant
|upkeep
|
|t:|1779922506
|switch|p2a: Great Tusk|Great Tusk|100/100
|-activate|p2a: Great Tusk|ability: Protosynthesis
|-start|p2a: Great Tusk|protosynthesisspe
|turn|21
|
|t:|1779922512
|move|p2a: Great Tusk|Ice Spinner|p1a: Gliscor
|-supereffective|p1a: Gliscor
|-damage|p1a: Gliscor|47/100 tox
|move|p1a: Gliscor|Toxic|p2a: Great Tusk
|-status|p2a: Great Tusk|tox
|
|-weather|SunnyDay|[upkeep]
|-damage|p2a: Great Tusk|94/100 tox|[from] psn
|-heal|p1a: Gliscor|60/100 tox|[from] ability: Poison Heal
|upkeep
|turn|22
|
|t:|1779922521
|switch|p1a: Slowking|Slowking, F|69/100
|move|p2a: Great Tusk|Ice Spinner|p1a: Slowking
|-resisted|p1a: Slowking
|-damage|p1a: Slowking|57/100
|
|-weather|SunnyDay|[upkeep]
|-damage|p2a: Great Tusk|82/100 tox|[from] psn
|upkeep
|turn|23
|inactive|blueThe12thman has 120 seconds left.
|
|t:|1779922552
|switch|p1a: Espeon|Espeon, M|100/100
|move|p2a: Great Tusk|Headlong Rush|p1a: Espeon
|-damage|p1a: Espeon|20/100
|-unboost|p2a: Great Tusk|def|1
|-unboost|p2a: Great Tusk|spd|1
|
|-weather|SunnyDay|[upkeep]
|-damage|p2a: Great Tusk|63/100 tox|[from] psn
|upkeep
|turn|24
|inactive|blueThe12thman has 120 seconds left.
|
|t:|1779922564
|move|p2a: Great Tusk|Rapid Spin|p1a: Espeon
|-damage|p1a: Espeon|0 fnt
|-boost|p2a: Great Tusk|spe|1
|faint|p1a: Espeon
|
|-weather|none
|-end|p2a: Great Tusk|Protosynthesis
|-damage|p2a: Great Tusk|38/100 tox|[from] psn
|upkeep
|inactive|blueThe12thman has 120 seconds left.
|
|t:|1779922575
|switch|p1a: Scizor|Scizor, M|91/100
|turn|25
|
|t:|1779922577
|move|p1a: Scizor|Bullet Punch|p2a: Great Tusk
|-damage|p2a: Great Tusk|0 fnt
|faint|p2a: Great Tusk
|-end|p2a: Great Tusk|Protosynthesis|[silent]
|-damage|p1a: Scizor|81/100|[from] item: Life Orb
|
|upkeep
|
|t:|1779922579
|switch|p2a: Torkoal|Torkoal, M|63/100
|-weather|SunnyDay|[from] ability: Drought|[of] p2a: Torkoal
|turn|26
|
|t:|1779922582
|switch|p1a: Gliscor|Gliscor, F|60/100 tox
|move|p2a: Torkoal|Overheat|p1a: Gliscor
|-damage|p1a: Gliscor|0 fnt
|-unboost|p2a: Torkoal|spa|2
|faint|p1a: Gliscor
|
|-weather|SunnyDay|[upkeep]
|upkeep
|
|t:|1779922596
|switch|p1a: Tyranitar|Tyranitar, M, tera:Flying|51/100
|-weather|Sandstorm|[from] ability: Sand Stream|[of] p1a: Tyranitar
|turn|27
|
|t:|1779922611
|move|p1a: Tyranitar|Stone Edge|p2a: Torkoal
|-supereffective|p2a: Torkoal
|-crit|p2a: Torkoal
|-damage|p2a: Torkoal|0 fnt
|faint|p2a: Torkoal
|
|-weather|Sandstorm|[upkeep]
|-damage|p1a: Tyranitar|45/100|[from] Sandstorm
|upkeep
|
|t:|1779922614
|switch|p2a: Iron Valiant|Iron Valiant|100/100
|-enditem|p2a: Iron Valiant|Booster Energy
|-activate|p2a: Iron Valiant|ability: Quark Drive|[fromitem]
|-start|p2a: Iron Valiant|quarkdrivespe
|turn|28
|
|t:|1779922618
|move|p2a: Iron Valiant|Swords Dance|p2a: Iron Valiant
|-boost|p2a: Iron Valiant|atk|2
|move|p1a: Tyranitar|Stone Edge|p2a: Iron Valiant
|-resisted|p2a: Iron Valiant
|-crit|p2a: Iron Valiant
|-damage|p2a: Iron Valiant|16/100
|
|-weather|Sandstorm|[upkeep]
|-damage|p2a: Iron Valiant|9/100|[from] Sandstorm
|-damage|p1a: Tyranitar|39/100|[from] Sandstorm
|upkeep
|turn|29
|-message|IAmNotAmanda forfeited.
|
|win|blueThe12thman
|raw|blueThe12thman's rating: 1421 &rarr; <strong>1440</strong><br />(+19 for winning)
|raw|IAmNotAmanda's rating: 1404 &rarr; <strong>1385</strong><br />(-19 for losing)
|l|☆IAmNotAmanda
|player|p2|
|c|☆blueThe12thman|gg
|l|☆blueThe12thman
|player|p1|
