|j|☆spindle pit
|j|☆oydess222
|t:|1779921501
|gametype|singles
|player|p1|spindle pit|ethan|1219
|player|p2|oydess222|102|1258
|gen|9
|tier|[Gen 9] OU
|rated|
|rule|HP Percentage Mod: HP is shown in percentages
|rule|Endless Battle Clause: Forcing endless battles is banned
|rule|Species Clause: Limit one of each Pokémon
|rule|OHKO Clause: OHKO moves are banned
|rule|Evasion Items Clause: Evasion items are banned
|rule|Evasion Moves Clause: Evasion moves are banned
|rule|Evasion Abilities Clause: Evasion abilities are banned
|rule|Sleep Moves Clause: Sleep-inducing moves are banned
|clearpoke
|poke|p1|Minior-Green|
|poke|p1|Scizor, M|
|poke|p1|Pecharunt|
|poke|p1|Ogerpon, F|
|poke|p1|Darkrai|
|poke|p1|Gholdengo|
|poke|p2|Pecharunt|
|poke|p2|Ambipom, M|
|poke|p2|Iron Valiant|
|poke|p2|Ogerpon-Wellspring, F|
|poke|p2|Deoxys-Speed|
|poke|p2|Forretress, F|
|teampreview
|inactive|Battle timer is ON: inactive players will automatically lose when time's up. (requested by spindle pit)
|
|t:|1779921519
|teamsize|p1|6
|teamsize|p2|6
|start
|switch|p1a: Mizer|Scizor, M|100/100
|switch|p2a: Ogerpon|Ogerpon-Wellspring, F|100/100
|turn|1
|
|t:|1779921523
|move|p2a: Ogerpon|Knock Off|p1a: Mizer
|-damage|p1a: Mizer|55/100
|-enditem|p1a: Mizer|Heavy-Duty Boots|[from] move: Knock Off|[of] p2a: Ogerpon
|move|p1a: Mizer|U-turn|p2a: Ogerpon
|-supereffective|p2a: Ogerpon
|-damage|p2a: Ogerpon|0 fnt
|faint|p2a: Ogerpon
|
|t:|1779921527
|switch|p1a: Silo|Minior-Green|100/100|[from] U-turn
|-formechange|p1a: Silo|Minior-Meteor||[from] ability: Shields Down
|
|upkeep
|
|t:|1779921536
|switch|p2a: Pecharunt|Pecharunt|100/100
|turn|2
|
|t:|1779921545
|switch|p1a: Golego|Gholdengo|100/100
|-item|p1a: Golego|Air Balloon
|move|p2a: Pecharunt|Malignant Chain|p1a: Golego
|-immune|p1a: Golego
|
|upkeep
|turn|3
|
|t:|1779921550
|switch|p1a: Darkie|Darkrai|100/100
|move|p2a: Pecharunt|Shadow Ball|p1a: Darkie
|-resisted|p1a: Darkie
|-damage|p1a: Darkie|83/100
|
|upkeep
|turn|4
|
|t:|1779921557
|switch|p2a: Forretress|Forretress, F|100/100
|move|p1a: Darkie|Sludge Bomb|p2a: Forretress
|-immune|p2a: Forretress
|
|upkeep
|turn|5
|
|t:|1779921562
|switch|p1a: Peachy|Pecharunt|100/100
|move|p2a: Forretress|Stealth Rock|p1a: Peachy
|-sidestart|p1: spindle pit|move: Stealth Rock
|
|upkeep
|turn|6
|
|t:|1779921568
|move|p1a: Peachy|Parting Shot|p2a: Forretress
|-unboost|p2a: Forretress|atk|1
|-unboost|p2a: Forretress|spa|1
|
|t:|1779921577
|switch|p1a: Darkie|Darkrai|83/100|[from] Parting Shot
|-damage|p1a: Darkie|71/100|[from] Stealth Rock
|move|p2a: Forretress|Spikes|p1a: Darkie
|-sidestart|p1: spindle pit|Spikes
|
|upkeep
|turn|7
|
|t:|1779921589
|move|p1a: Darkie|Dark Pulse|p2a: Forretress
|-damage|p2a: Forretress|20/100
|move|p2a: Forretress|Spikes|p1a: Darkie
|-sidestart|p1: spindle pit|Spikes
|
|upkeep
|turn|8
|
|t:|1779921593
|move|p1a: Darkie|Dark Pulse|p2a: Forretress
|-crit|p2a: Forretress
|-damage|p2a: Forretress|0 fnt
|faint|p2a: Forretress
|
|upkeep
|
|t:|1779921595
|switch|p2a: Iron Valiant|Iron Valiant|100/100
|turn|9
|
|t:|1779921604
|switch|p1a: Jorponn|Ogerpon, F|100/100
|-damage|p1a: Jorponn|88/100|[from] Stealth Rock
|-damage|p1a: Jorponn|72/100|[from] Spikes
|move|p2a: Iron Valiant|Spirit Break|p1a: Jorponn
|-damage|p1a: Jorponn|21/100
|-unboost|p1a: Jorponn|spa|1
|-ability|p1a: Jorponn|Defiant|boost
|-boost|p1a: Jorponn|atk|2
|
|upkeep
|turn|10
|
|t:|1779921612
|-terastallize|p1a: Jorponn|Grass
|detailschange|p1a: Jorponn|Ogerpon-Teal-Tera, F, tera:Grass
|-ability|p1a: Jorponn|Embody Aspect (Teal)|boost
|-boost|p1a: Jorponn|spe|1
|move|p1a: Jorponn|Ivy Cudgel|p2a: Iron Valiant
|-crit|p2a: Iron Valiant
|-damage|p2a: Iron Valiant|0 fnt
|faint|p2a: Iron Valiant
|-end|p2a: Iron Valiant|Quark Drive|[silent]
|-damage|p1a: Jorponn|11/100|[from] item: Life Orb
|
|upkeep
|
|t:|1779921623
|switch|p2a: Ambipom|Ambipom, M|100/100
|turn|11
|
|t:|1779921626
|move|p2a: Ambipom|Fake Out|p1a: Jorponn
|-damage|p1a: Jorponn|0 fnt
|faint|p1a: Jorponn
|detailschange|p1: Jorponn|Ogerpon, F|[silent]
|
|upkeep
|
|t:|1779921634
|switch|p1a: Darkie|Darkrai|71/100
|-damage|p1a: Darkie|59/100|[from] Stealth Rock
|-damage|p1a: Darkie|42/100|[from] Spikes
|turn|12
|
|t:|1779921636
|move|p2a: Ambipom|Protect|p2a: Ambipom
|-singleturn|p2a: Ambipom|Protect
|move|p1a: Darkie|Dark Pulse|p2a: Ambipom
|-activate|p2a: Ambipom|move: Protect
|
|upkeep
|turn|13
|
|t:|1779921652
|-terastallize|p2a: Ambipom|Fighting
|move|p1a: Darkie|Dark Pulse|p2a: Ambipom
|-resisted|p2a: Ambipom
|-damage|p2a: Ambipom|46/100
|move|p2a: Ambipom|Brick Break|p1a: Darkie
|-supereffective|p1a: Darkie
|-crit|p1a: Darkie
|-damage|p1a: Darkie|0 fnt
|faint|p1a: Darkie
|
|upkeep
|
|t:|1779921656
|switch|p1a: Mizer|Scizor, M|55/100
|-damage|p1a: Mizer|43/100|[from] Stealth Rock
|-damage|p1a: Mizer|26/100|[from] Spikes
|turn|14
|
|t:|1779921665
|move|p1a: Mizer|Bullet Punch|p2a: Ambipom
|-damage|p2a: Ambipom|0 fnt
|faint|p2a: Ambipom
|
|upkeep
|
|t:|1779921668
|switch|p2a: Pecharunt|Pecharunt|100/100
|turn|15
|
|t:|1779921672
|move|p2a: Pecharunt|Shadow Ball|p1a: Mizer
|-damage|p1a: Mizer|0 fnt
|faint|p1a: Mizer
|
|upkeep
|
|t:|1779921681
|switch|p1a: Golego|Gholdengo|100/100
|-damage|p1a: Golego|94/100|[from] Stealth Rock
|-item|p1a: Golego|Air Balloon
|turn|16
|
|t:|1779921685
|move|p2a: Pecharunt|Shadow Ball|p1a: Golego
|-supereffective|p1a: Golego
|-damage|p1a: Golego|37/100
|-unboost|p1a: Golego|spd|1
|-enditem|p1a: Golego|Air Balloon
|move|p1a: Golego|Thunder Wave|p2a: Pecharunt
|-status|p2a: Pecharunt|par
|
|upkeep
|turn|17
|
|t:|1779921691
|move|p1a: Golego|Hex|p2a: Pecharunt
|-supereffective|p2a: Pecharunt
|-crit|p2a: Pecharunt
|-damage|p2a: Pecharunt|0 fnt
|faint|p2a: Pecharunt
|
|upkeep
|
|t:|1779921693
|switch|p2a: Deoxys|Deoxys-Speed|100/100
|-ability|p2a: Deoxys|Pressure
|turn|18
|
|t:|1779921697
|move|p2a: Deoxys|Shadow Ball|p1a: Golego
|-supereffective|p1a: Golego
|-damage|p1a: Golego|0 fnt
|faint|p1a: Golego
|
|upkeep
|
|t:|1779921702
|switch|p1a: Peachy|Pecharunt|100/100
|-damage|p1a: Peachy|88/100|[from] Stealth Rock
|-damage|p1a: Peachy|72/100|[from] Spikes
|turn|19
|
|t:|1779921708
|move|p2a: Deoxys|Shadow Ball|p1a: Peachy
|-supereffective|p1a: Peachy
|-damage|p1a: Peachy|14/100
|move|p1a: Peachy|Toxic|p2a: Deoxys
|-status|p2a: Deoxys|tox
|-start|p2a: Deoxys|confusion|[from] ability: Poison Puppeteer|[of] p1a: Peachy
|
|-damage|p2a: Deoxys|94/100 tox|[from] psn
|upkeep
|turn|20
|
|t:|1779921713
|-activate|p2a: Deoxys|confusion
|move|p2a: Deoxys|Shadow Ball|p1a: Peachy
|-supereffective|p1a: Peachy
|-damage|p1a: Peachy|0 fnt
|faint|p1a: Peachy
|
|-damage|p2a: Deoxys|82/100 tox|[from] psn
|upkeep
|
|t:|1779921715
|switch|p1a: Silo|Minior-Green|100/100
|-damage|p1a: Silo|76/100|[from] Stealth Rock
|-formechange|p1a: Silo|Minior-Meteor||[from] ability: Shields Down
|turn|21
|
|t:|1779921725
|-activate|p2a: Deoxys|confusion
|move|p2a: Deoxys|Flash Cannon|p1a: Silo
|-supereffective|p1a: Silo
|-damage|p1a: Silo|18/100
|move|p1a: Silo|Shell Smash|p1a: Silo
|-unboost|p1a: Silo|def|1
|-unboost|p1a: Silo|spd|1
|-boost|p1a: Silo|atk|2
|-boost|p1a: Silo|spa|2
|-boost|p1a: Silo|spe|2
|
|-damage|p2a: Deoxys|63/100 tox|[from] psn
|-formechange|p1a: Silo|Minior-Green||[from] ability: Shields Down
|upkeep
|turn|22
|
|t:|1779921735
|move|p1a: Silo|Earthquake|p2a: Deoxys
|-damage|p2a: Deoxys|0 fnt
|faint|p2a: Deoxys
|
|win|spindle pit
|raw|spindle pit's rating: 1219 &rarr; <strong>1247</strong><br />(+28 for winning)
|raw|oydess222's rating: 1258 &rarr; <strong>1230</strong><br />(-28 for losing)
|l|☆oydess222
|player|p2|
|l|☆spindle pit
|player|p1|
