|j|☆elementalbalance
|j|☆fgidfid
|t:|1779931987
|gametype|singles
|player|p1|elementalbalance|ghetsis|1261
|player|p2|fgidfid|pokemonranger-gen4|1253
|gen|9
|tier|[Gen 9] OU
|rated|
|rule|HP Percentage Mod: HP is shown in percentages
|rule|Endless Battle Clause: Forcing endless battles is banned
|rule|Species Clause: Limit one of each Pokémon
|rule|OHKO Clause: OHKO moves are banned
|rule|Evasion Items Clause: Evasion items are banned
|rule|Evasion Moves Clause: Evasion moves are banned
|rule|Evasion Abilities Clause: Evasion abilities are banned
|rule|Sleep Moves Clause: Sleep-inducing moves are banned
|clearpoke
|poke|p1|Scrafty, F|
|poke|p1|Slowbro-Galar, F|
|poke|p1|Maushold-Four|
|poke|p1|Gliscor, M|
|poke|p1|Comfey, M|
|poke|p1|Clodsire, F|
|poke|p2|Ninetales, F|
|poke|p2|Walking Wake|
|poke|p2|Great Tusk|
|poke|p2|Hatterene, F|
|poke|p2|Iron Valiant|
|poke|p2|Venusaur, F|
|teampreview
|inactive|Battle timer is ON: inactive players will automatically lose when time's up. (requested by fgidfid)
|
|t:|1779931998
|teamsize|p1|6
|teamsize|p2|6
|start
|switch|p1a: Maushold|Maushold-Four|100/100
|switch|p2a: Ninetales|Ninetales, F|100/100
|-weather|SunnyDay|[from] ability: Drought|[of] p2a: Ninetales
|turn|1
|
|t:|1779932001
|move|p1a: Maushold|Tidy Up|p1a: Maushold
|-boost|p1a: Maushold|atk|1
|-boost|p1a: Maushold|spe|1
|move|p2a: Ninetales|Will-O-Wisp|p1a: Maushold
|-status|p1a: Maushold|brn
|
|-weather|SunnyDay|[upkeep]
|-damage|p1a: Maushold|94/100 brn|[from] brn
|upkeep
|turn|2
|
|t:|1779932007
|move|p1a: Maushold|Encore|p2a: Ninetales
|-start|p2a: Ninetales|Encore
|move|p2a: Ninetales|Will-O-Wisp|p1a: Maushold
|-fail|p1a: Maushold|brn
|
|-weather|SunnyDay|[upkeep]
|-damage|p1a: Maushold|88/100 brn|[from] brn
|upkeep
|turn|3
|
|t:|1779932013
|switch|p2a: Walking Wake|Walking Wake|100/100
|-activate|p2a: Walking Wake|ability: Protosynthesis
|-start|p2a: Walking Wake|protosynthesisspe
|move|p1a: Maushold|Tidy Up|p1a: Maushold
|-boost|p1a: Maushold|atk|1
|-boost|p1a: Maushold|spe|1
|
|-weather|SunnyDay|[upkeep]
|-damage|p1a: Maushold|82/100 brn|[from] brn
|upkeep
|turn|4
|
|t:|1779932022
|move|p1a: Maushold|Population Bomb|p2a: Walking Wake
|-damage|p2a: Walking Wake|88/100
|-damage|p2a: Walking Wake|77/100
|-damage|p2a: Walking Wake|65/100
|-damage|p2a: Walking Wake|54/100
|-damage|p2a: Walking Wake|42/100
|-damage|p2a: Walking Wake|30/100
|-damage|p2a: Walking Wake|19/100
|-damage|p2a: Walking Wake|6/100
|-damage|p2a: Walking Wake|0 fnt
|faint|p2a: Walking Wake
|-end|p2a: Walking Wake|Protosynthesis|[silent]
|-hitcount|p2: Walking Wake|9
|
|-weather|SunnyDay|[upkeep]
|-damage|p1a: Maushold|76/100 brn|[from] brn
|upkeep
|
|t:|1779932034
|switch|p2a: Iron Valiant|Iron Valiant|100/100
|-enditem|p2a: Iron Valiant|Booster Energy
|-activate|p2a: Iron Valiant|ability: Quark Drive|[fromitem]
|-start|p2a: Iron Valiant|quarkdrivespe
|turn|5
|
|t:|1779932037
|-terastallize|p2a: Iron Valiant|Ghost
|move|p1a: Maushold|Population Bomb|p2a: Iron Valiant
|-immune|p2a: Iron Valiant
|move|p2a: Iron Valiant|Moonblast|p1a: Maushold
|-damage|p1a: Maushold|4/100 brn
|-unboost|p1a: Maushold|spa|1
|
|-weather|SunnyDay|[upkeep]
|-damage|p1a: Maushold|0 fnt|[from] brn
|faint|p1a: Maushold
|upkeep
|
|t:|1779932049
|switch|p1a: Scrafty|Scrafty, F|100/100
|-ability|p1a: Scrafty|Intimidate|boost
|-unboost|p2a: Iron Valiant|atk|1
|turn|6
|
|t:|1779932056
|-terastallize|p1a: Scrafty|Dark
|move|p2a: Iron Valiant|Moonblast|p1a: Scrafty
|-supereffective|p1a: Scrafty
|-damage|p1a: Scrafty|23/100
|move|p1a: Scrafty|Crunch|p2a: Iron Valiant
|-supereffective|p2a: Iron Valiant
|-damage|p2a: Iron Valiant|0 fnt
|faint|p2a: Iron Valiant
|-end|p2a: Iron Valiant|Quark Drive|[silent]
|
|-weather|SunnyDay|[upkeep]
|upkeep
|
|t:|1779932064
|switch|p2a: Venusaur|Venusaur, F|100/100
|turn|7
|
|t:|1779932068
|move|p2a: Venusaur|Weather Ball|p1a: Scrafty
|-crit|p1a: Scrafty
|-damage|p1a: Scrafty|0 fnt
|faint|p1a: Scrafty
|
|-weather|SunnyDay|[upkeep]
|upkeep
|
|t:|1779932076
|switch|p1a: Slowbro|Slowbro-Galar, F|100/100
|turn|8
|
|t:|1779932081
|move|p2a: Venusaur|Earth Power|p1a: Slowbro
|-supereffective|p1a: Slowbro
|-damage|p1a: Slowbro|41/100
|-unboost|p1a: Slowbro|spd|1
|move|p1a: Slowbro|Flamethrower|p2a: Venusaur
|-supereffective|p2a: Venusaur
|-damage|p2a: Venusaur|31/100
|
|-weather|none
|upkeep
|turn|9
|
|t:|1779932088
|switch|p1a: Gliscor|Gliscor, M|100/100
|move|p2a: Venusaur|Earth Power|p1a: Gliscor
|-immune|p1a: Gliscor
|
|-status|p1a: Gliscor|tox|[from] item: Toxic Orb
|upkeep
|turn|10
|
|t:|1779932094
|switch|p2a: Ninetales|Ninetales, F|100/100
|-weather|SunnyDay|[from] ability: Drought|[of] p2a: Ninetales
|move|p1a: Gliscor|Facade|p2a: Ninetales
|-damage|p2a: Ninetales|65/100
|
|-weather|SunnyDay|[upkeep]
|upkeep
|turn|11
|
|t:|1779932105
|move|p2a: Ninetales|Overheat|p1a: Gliscor
|-damage|p1a: Gliscor|52/100 tox
|-unboost|p2a: Ninetales|spa|2
|move|p1a: Gliscor|Swords Dance|p1a: Gliscor
|-boost|p1a: Gliscor|atk|2
|
|-weather|SunnyDay|[upkeep]
|-heal|p1a: Gliscor|64/100 tox|[from] ability: Poison Heal
|upkeep
|turn|12
|
|t:|1779932114
|move|p1a: Gliscor|Protect|p1a: Gliscor
|-singleturn|p1a: Gliscor|Protect
|move|p2a: Ninetales|Encore|p1a: Gliscor
|-activate|p1a: Gliscor|move: Protect
|
|-weather|SunnyDay|[upkeep]
|-heal|p1a: Gliscor|77/100 tox|[from] ability: Poison Heal
|upkeep
|turn|13
|
|t:|1779932126
|move|p2a: Ninetales|Encore|p1a: Gliscor
|-start|p1a: Gliscor|Encore
|move|p1a: Gliscor|Protect||[still]
|-fail|p1a: Gliscor
|
|-weather|SunnyDay|[upkeep]
|-heal|p1a: Gliscor|89/100 tox|[from] ability: Poison Heal
|upkeep
|turn|14
|
|t:|1779932135
|switch|p2a: Venusaur|Venusaur, F|31/100
|move|p1a: Gliscor|Protect||[still]
|-fail|p1a: Gliscor
|
|-weather|SunnyDay|[upkeep]
|-heal|p1a: Gliscor|100/100 tox|[from] ability: Poison Heal
|upkeep
|turn|15
|
|t:|1779932140
|move|p1a: Gliscor|Protect|p1a: Gliscor
|-singleturn|p1a: Gliscor|Protect
|move|p2a: Venusaur|Growth|p2a: Venusaur
|-boost|p2a: Venusaur|atk|2
|-boost|p2a: Venusaur|spa|2
|
|-weather|SunnyDay|[upkeep]
|-end|p1a: Gliscor|Encore
|upkeep
|turn|16
|
|t:|1779932152
|move|p2a: Venusaur|Weather Ball|p1a: Gliscor
|-damage|p1a: Gliscor|17/100 tox
|move|p1a: Gliscor|Facade|p2a: Venusaur
|-damage|p2a: Venusaur|0 fnt
|faint|p2a: Venusaur
|
|-weather|SunnyDay|[upkeep]
|-heal|p1a: Gliscor|30/100 tox|[from] ability: Poison Heal
|upkeep
|
|t:|1779932158
|switch|p2a: Great Tusk|Great Tusk|100/100
|-activate|p2a: Great Tusk|ability: Protosynthesis
|-start|p2a: Great Tusk|protosynthesisatk
|turn|17
|
|t:|1779932167
|move|p1a: Gliscor|Protect|p1a: Gliscor
|-singleturn|p1a: Gliscor|Protect
|move|p2a: Great Tusk|Head Smash|p1a: Gliscor
|-activate|p1a: Gliscor|move: Protect
|
|-weather|none
|-end|p2a: Great Tusk|Protosynthesis
|-heal|p1a: Gliscor|42/100 tox|[from] ability: Poison Heal
|upkeep
|turn|18
|
|t:|1779932176
|-end|p2a: Great Tusk|Protosynthesis|[silent]
|switch|p2a: Hatterene|Hatterene, F|100/100
|move|p1a: Gliscor|Facade|p2a: Hatterene
|-damage|p2a: Hatterene|46/100
|-enditem|p2a: Hatterene|Eject Button
|
|t:|1779932181
|switch|p2a: Ninetales|Ninetales, F|65/100
|-weather|SunnyDay|[from] ability: Drought|[of] p2a: Ninetales
|
|-weather|SunnyDay|[upkeep]
|-heal|p1a: Gliscor|55/100 tox|[from] ability: Poison Heal
|upkeep
|turn|19
|
|t:|1779932198
|move|p2a: Ninetales|Overheat|p1a: Gliscor
|-damage|p1a: Gliscor|0 fnt
|-unboost|p2a: Ninetales|spa|2
|faint|p1a: Gliscor
|
|-weather|SunnyDay|[upkeep]
|upkeep
|
|t:|1779932208
|switch|p1a: Slowbro|Slowbro-Galar, F|74/100
|turn|20
|
|t:|1779932212
|move|p2a: Ninetales|Will-O-Wisp|p1a: Slowbro
|-status|p1a: Slowbro|brn
|move|p1a: Slowbro|Flamethrower|p2a: Ninetales
|-resisted|p2a: Ninetales
|-damage|p2a: Ninetales|50/100
|
|-weather|SunnyDay|[upkeep]
|-damage|p1a: Slowbro|68/100 brn|[from] brn
|upkeep
|turn|21
|
|t:|1779932217
|move|p2a: Ninetales|Encore|p1a: Slowbro
|-start|p1a: Slowbro|Encore
|move|p1a: Slowbro|Flamethrower|p2a: Ninetales
|-resisted|p2a: Ninetales
|-damage|p2a: Ninetales|36/100
|
|-weather|SunnyDay|[upkeep]
|-damage|p1a: Slowbro|62/100 brn|[from] brn
|upkeep
|turn|22
|
|t:|1779932222
|move|p2a: Ninetales|Pain Split|p1a: Slowbro
|-sethp|p1a: Slowbro|47/100 brn|[from] move: Pain Split|[silent]
|-sethp|p2a: Ninetales|53/100|[from] move: Pain Split
|move|p1a: Slowbro|Flamethrower|p2a: Ninetales
|-resisted|p2a: Ninetales
|-damage|p2a: Ninetales|38/100
|
|-weather|SunnyDay|[upkeep]
|-damage|p1a: Slowbro|41/100 brn|[from] brn
|upkeep
|turn|23
|inactive|elementalbalance has 120 seconds left.
|
|t:|1779932252
|switch|p2a: Great Tusk|Great Tusk|100/100
|-activate|p2a: Great Tusk|ability: Protosynthesis
|-start|p2a: Great Tusk|protosynthesisatk
|move|p1a: Slowbro|Flamethrower|p2a: Great Tusk
|-damage|p2a: Great Tusk|75/100
|
|-weather|SunnyDay|[upkeep]
|-damage|p1a: Slowbro|35/100 brn|[from] brn
|-end|p1a: Slowbro|Encore
|upkeep
|turn|24
|inactive|elementalbalance has 120 seconds left.
|
|t:|1779932274
|move|p2a: Great Tusk|Headlong Rush|p1a: Slowbro
|-supereffective|p1a: Slowbro
|-damage|p1a: Slowbro|0 fnt
|-unboost|p2a: Great Tusk|def|1
|-unboost|p2a: Great Tusk|spd|1
|-damage|p2a: Great Tusk|59/100|[from] item: Rocky Helmet|[of] p1a: Slowbro
|faint|p1a: Slowbro
|
|-weather|SunnyDay|[upkeep]
|upkeep
|
|t:|1779932278
|switch|p1a: Comfey|Comfey, M|100/100
|turn|25
|inactive|elementalbalance has 120 seconds left.
|
|t:|1779932284
|-end|p2a: Great Tusk|Protosynthesis|[silent]
|switch|p2a: Ninetales|Ninetales, F|38/100
|move|p1a: Comfey|Draining Kiss|p2a: Ninetales
|-resisted|p2a: Ninetales
|-damage|p2a: Ninetales|28/100
|
|-weather|none
|upkeep
|turn|26
|
|t:|1779932290
|move|p2a: Ninetales|Pain Split|p1a: Comfey
|-sethp|p1a: Comfey|66/100|[from] move: Pain Split|[silent]
|-sethp|p2a: Ninetales|58/100|[from] move: Pain Split
|move|p1a: Comfey|Tailwind|p1a: Comfey
|-sidestart|p1: elementalbalance|move: Tailwind
|
|-heal|p1a: Comfey|72/100|[from] item: Leftovers
|upkeep
|turn|27
|
|t:|1779932300
|switch|p1a: Clodsire|Clodsire, F|100/100
|move|p2a: Ninetales|Will-O-Wisp|p1a: Clodsire
|-status|p1a: Clodsire|brn
|
|-damage|p1a: Clodsire|94/100 brn|[from] brn
|upkeep
|turn|28
|
|t:|1779932307
|move|p2a: Ninetales|Pain Split|p1a: Clodsire
|-sethp|p1a: Clodsire|69/100 brn|[from] move: Pain Split|[silent]
|-sethp|p2a: Ninetales|92/100|[from] move: Pain Split
|move|p1a: Clodsire|Earthquake|p2a: Ninetales
|-supereffective|p2a: Ninetales
|-damage|p2a: Ninetales|59/100
|
|-heal|p1a: Clodsire|75/100 brn|[from] item: Leftovers
|-damage|p1a: Clodsire|69/100 brn|[from] brn
|upkeep
|turn|29
|
|t:|1779932313
|move|p2a: Ninetales|Overheat|p1a: Clodsire
|-damage|p1a: Clodsire|48/100 brn
|-unboost|p2a: Ninetales|spa|2
|move|p1a: Clodsire|Toxic Spikes|p2a: Ninetales
|-sidestart|p2: fgidfid|move: Toxic Spikes
|
|-heal|p1a: Clodsire|54/100 brn|[from] item: Leftovers
|-damage|p1a: Clodsire|48/100 brn|[from] brn
|-sideend|p1: elementalbalance|move: Tailwind
|upkeep
|turn|30
|
|t:|1779932322
|move|p2a: Ninetales|Encore|p1a: Clodsire
|-start|p1a: Clodsire|Encore
|move|p1a: Clodsire|Toxic Spikes|p2a: Ninetales
|-sidestart|p2: fgidfid|move: Toxic Spikes
|
|-heal|p1a: Clodsire|54/100 brn|[from] item: Leftovers
|-damage|p1a: Clodsire|48/100 brn|[from] brn
|upkeep
|turn|31
|
|t:|1779932328
|switch|p2a: Great Tusk|Great Tusk|59/100
|-status|p2a: Great Tusk|tox
|switch|p1a: Comfey|Comfey, M|72/100
|
|-heal|p1a: Comfey|79/100|[from] item: Leftovers
|-damage|p2a: Great Tusk|52/100 tox|[from] psn
|upkeep
|turn|32
|
|t:|1779932337
|move|p1a: Comfey|Draining Kiss|p2a: Great Tusk
|-supereffective|p2a: Great Tusk
|-damage|p2a: Great Tusk|20/100 tox
|-heal|p1a: Comfey|100/100|[from] drain|[of] p2a: Great Tusk
|move|p2a: Great Tusk|Headlong Rush|p1a: Comfey
|-damage|p1a: Comfey|36/100
|-unboost|p2a: Great Tusk|def|1
|-unboost|p2a: Great Tusk|spd|1
|
|-heal|p1a: Comfey|42/100|[from] item: Leftovers
|-damage|p2a: Great Tusk|8/100 tox|[from] psn
|upkeep
|turn|33
|
|t:|1779932346
|move|p1a: Comfey|Draining Kiss|p2a: Great Tusk
|-supereffective|p2a: Great Tusk
|-damage|p2a: Great Tusk|0 fnt
|-heal|p1a: Comfey|50/100|[from] drain|[of] p2a: Great Tusk
|faint|p2a: Great Tusk
|-end|p2a: Great Tusk|Protosynthesis|[silent]
|
|-heal|p1a: Comfey|56/100|[from] item: Leftovers
|upkeep
|
|t:|1779932352
|switch|p2a: Hatterene|Hatterene, F|46/100
|-status|p2a: Hatterene|tox
|turn|34
|
|t:|1779932367
|move|p1a: Comfey|Calm Mind|p1a: Comfey
|-boost|p1a: Comfey|spa|1
|-boost|p1a: Comfey|spd|1
|move|p2a: Hatterene|Psychic Noise|p1a: Comfey
|-damage|p1a: Comfey|30/100
|-start|p1a: Comfey|move: Heal Block
|
|-damage|p2a: Hatterene|40/100 tox|[from] psn
|upkeep
|turn|35
|
|t:|1779932376
|move|p1a: Comfey|Calm Mind|p1a: Comfey
|-boost|p1a: Comfey|spa|1
|-boost|p1a: Comfey|spd|1
|move|p2a: Hatterene|Psychic Noise|p1a: Comfey
|-damage|p1a: Comfey|13/100
|
|-damage|p2a: Hatterene|28/100 tox|[from] psn
|-end|p1a: Comfey|move: Heal Block
|upkeep
|turn|36
|
|t:|1779932382
|move|p1a: Comfey|Draining Kiss|p2a: Hatterene
|-damage|p2a: Hatterene|0 fnt
|-heal|p1a: Comfey|34/100|[from] drain|[of] p2a: Hatterene
|faint|p2a: Hatterene
|
|-heal|p1a: Comfey|41/100|[from] item: Leftovers
|upkeep
|
|t:|1779932387
|switch|p2a: Ninetales|Ninetales, F|59/100
|-status|p2a: Ninetales|tox
|-weather|SunnyDay|[from] ability: Drought|[of] p2a: Ninetales
|turn|37
|-message|fgidfid forfeited.
|
|win|elementalbalance
|raw|elementalbalance's rating: 1243 &rarr; <strong>1269</strong><br />(+26 for winning)
|raw|fgidfid's rating: 1253 &rarr; <strong>1227</strong><br />(-26 for losing)
|l|☆fgidfid
|player|p2|
