|j|☆Acespeedy1
|j|☆vishalv996
|t:|1779818616
|gametype|singles
|player|p1|Acespeedy1|red|1500
|player|p2|vishalv996|wallace|1504
|gen|9
|tier|[Gen 9] OU
|rated|
|rule|HP Percentage Mod: HP is shown in percentages
|rule|Endless Battle Clause: Forcing endless battles is banned
|rule|Species Clause: Limit one of each Pokémon
|rule|OHKO Clause: OHKO moves are banned
|rule|Evasion Items Clause: Evasion items are banned
|rule|Evasion Moves Clause: Evasion moves are banned
|rule|Evasion Abilities Clause: Evasion abilities are banned
|rule|Sleep Moves Clause: Sleep-inducing moves are banned
|clearpoke
|poke|p1|Blaziken, M|
|poke|p1|Rillaboom, M|
|poke|p1|Dragapult, M|
|poke|p1|Slowking-Galar, M|
|poke|p1|Corviknight, M|
|poke|p1|Quagsire, M|
|poke|p2|Gyarados, F|
|poke|p2|Dragapult, M|
|poke|p2|Alomomola, F|
|poke|p2|Cinderace, M|
|poke|p2|Iron Treads|
|poke|p2|Zapdos|
|teampreview
|inactive|Battle timer is ON: inactive players will automatically lose when time's up. (requested by Acespeedy1)
|
|t:|1779818635
|teamsize|p1|6
|teamsize|p2|6
|start
|switch|p1a: Dragapult|Dragapult, M|100/100
|switch|p2a: Dragapult|Dragapult, M|100/100
|turn|1
|
|t:|1779818643
|move|p2a: Dragapult|Sucker Punch|p1a: Dragapult
|-supereffective|p1a: Dragapult
|-damage|p1a: Dragapult|42/100
|move|p1a: Dragapult|Shadow Ball|p2a: Dragapult
|-supereffective|p2a: Dragapult
|-enditem|p2a: Dragapult|Focus Sash
|-damage|p2a: Dragapult|1/100
|
|upkeep
|turn|2
|
|t:|1779818652
|switch|p1a: Corviknight|Corviknight, M, shiny|100/100
|move|p2a: Dragapult|Dragon Darts|p1a: Corviknight
|-resisted|p1a: Corviknight
|-damage|p1a: Corviknight|93/100
|-anim|p2a: Dragapult|Dragon Darts|p1a: Corviknight
|-resisted|p1a: Corviknight
|-damage|p1a: Corviknight|86/100
|
|upkeep
|turn|3
|
|t:|1779818663
|move|p2a: Dragapult|Dragon Darts|p1a: Corviknight
|-resisted|p1a: Corviknight
|-damage|p1a: Corviknight|78/100
|-anim|p2a: Dragapult|Dragon Darts|p1a: Corviknight
|-resisted|p1a: Corviknight
|-damage|p1a: Corviknight|70/100
|move|p1a: Corviknight|U-turn|p2a: Dragapult
|-resisted|p2a: Dragapult
|-damage|p2a: Dragapult|0 fnt
|faint|p2a: Dragapult
|
|t:|1779818667
|switch|p1a: Dragapult|Dragapult, M|42/100|[from] U-turn
|
|upkeep
|
|t:|1779818674
|switch|p2a: Gyarados|Gyarados, F|100/100
|turn|4
|
|t:|1779818688
|move|p1a: Dragapult|Thunderbolt|p2a: Gyarados
|-supereffective|p2a: Gyarados
|-enditem|p2a: Gyarados|Focus Sash
|-damage|p2a: Gyarados|1/100
|move|p2a: Gyarados|Dragon Dance|p2a: Gyarados
|-boost|p2a: Gyarados|atk|1
|-boost|p2a: Gyarados|spe|1
|
|upkeep
|turn|5
|
|t:|1779818706
|switch|p1a: Corviknight|Corviknight, M, shiny|70/100
|move|p2a: Gyarados|Hurricane|p1a: Corviknight|[miss]
|-miss|p2a: Gyarados|p1a: Corviknight
|
|upkeep
|turn|6
|
|t:|1779818712
|move|p2a: Gyarados|Waterfall|p1a: Corviknight
|-damage|p1a: Corviknight|35/100
|-damage|p2a: Gyarados|0 fnt|[from] item: Rocky Helmet|[of] p1a: Corviknight
|faint|p2a: Gyarados
|move|p1a: Corviknight|U-turn|p2: Gyarados|[notarget]
|-fail|p1a: Corviknight
|
|upkeep
|
|t:|1779818724
|switch|p2a: Cinderace|Cinderace, M|100/100
|turn|7
|
|t:|1779818727
|switch|p1a: Quagsire|Quagsire, M|100/100
|move|p2a: Cinderace|Pyro Ball|p1a: Quagsire
|-resisted|p1a: Quagsire
|-damage|p1a: Quagsire|81/100
|
|-heal|p1a: Quagsire|87/100|[from] item: Leftovers
|upkeep
|turn|8
|
|t:|1779818738
|-terastallize|p2a: Cinderace|Flying
|move|p2a: Cinderace|U-turn|p1a: Quagsire
|-damage|p1a: Quagsire|70/100
|
|t:|1779818746
|switch|p2a: Alomomola|Alomomola, F|100/100|[from] U-turn
|move|p1a: Quagsire|Toxic|p2a: Alomomola
|-status|p2a: Alomomola|tox
|
|-heal|p1a: Quagsire|76/100|[from] item: Leftovers
|-damage|p2a: Alomomola|94/100 tox|[from] psn
|upkeep
|turn|9
|
|t:|1779818758
|switch|p1a: Corviknight|Corviknight, M, shiny|35/100
|move|p2a: Alomomola|Liquidation|p1a: Corviknight
|-damage|p1a: Corviknight|18/100
|-damage|p2a: Alomomola|78/100 tox|[from] item: Rocky Helmet|[of] p1a: Corviknight
|
|-heal|p2a: Alomomola|84/100 tox|[from] item: Leftovers
|-damage|p2a: Alomomola|72/100 tox|[from] psn
|upkeep
|turn|10
|
|t:|1779818767
|move|p2a: Alomomola|Liquidation|p1a: Corviknight
|-damage|p1a: Corviknight|0 fnt
|-damage|p2a: Alomomola|55/100 tox|[from] item: Rocky Helmet|[of] p1a: Corviknight
|faint|p1a: Corviknight
|
|-heal|p2a: Alomomola|61/100 tox|[from] item: Leftovers
|-damage|p2a: Alomomola|43/100 tox|[from] psn
|upkeep
|
|t:|1779818771
|switch|p1a: Rillaboom|Rillaboom, M|100/100
|-fieldstart|move: Grassy Terrain|[from] ability: Grassy Surge|[of] p1a: Rillaboom
|turn|11
|
|t:|1779818780
|move|p1a: Rillaboom|Wood Hammer|p2a: Alomomola
|-supereffective|p2a: Alomomola
|-damage|p2a: Alomomola|0 fnt
|faint|p2a: Alomomola
|-damage|p1a: Rillaboom|81/100|[from] Recoil
|
|-heal|p1a: Rillaboom|87/100|[from] Grassy Terrain
|upkeep
|
|t:|1779818788
|switch|p2a: Cinderace|Cinderace, M, tera:Flying|100/100
|turn|12
|
|t:|1779818793
|switch|p1a: Quagsire|Quagsire, M|76/100
|move|p2a: Cinderace|Pyro Ball|p1a: Quagsire
|-resisted|p1a: Quagsire
|-damage|p1a: Quagsire|57/100
|-status|p1a: Quagsire|brn
|
|-heal|p1a: Quagsire|64/100 brn|[from] Grassy Terrain
|-heal|p1a: Quagsire|70/100 brn|[from] item: Leftovers
|-damage|p1a: Quagsire|64/100 brn|[from] brn
|upkeep
|turn|13
|
|t:|1779818805
|switch|p1a: Dragapult|Dragapult, M|42/100
|move|p2a: Cinderace|High Jump Kick|p1a: Dragapult
|-immune|p1a: Dragapult
|-damage|p2a: Cinderace|51/100|[from] highjumpkick
|
|-heal|p1a: Dragapult|48/100|[from] Grassy Terrain
|upkeep
|turn|14
|
|t:|1779818816
|-terastallize|p1a: Dragapult|Ghost
|move|p1a: Dragapult|Shadow Ball|p2a: Cinderace
|-damage|p2a: Cinderace|0 fnt
|faint|p2a: Cinderace
|
|-heal|p1a: Dragapult|54/100|[from] Grassy Terrain
|upkeep
|inactive|vishalv996 has 120 seconds left.
|inactive|vishalv996 has 90 seconds left.
|inactive|vishalv996 has 60 seconds left.
|inactive|vishalv996 has 30 seconds left.
|inactive|vishalv996 has 20 seconds left.
|inactive|vishalv996 has 15 seconds left.
|inactive|vishalv996 has 10 seconds left.
|inactive|vishalv996 has 5 seconds left.
|-message|vishalv996 lost due to inactivity.
|
|win|Acespeedy1
|raw|Acespeedy1's rating: 1500 &rarr; <strong>1520</strong><br />(+20 for winning)
|raw|vishalv996's rating: 1504 &rarr; <strong>1484</strong><br />(-20 for losing)
|l|☆Acespeedy1
|player|p1|
|l|☆vishalv996
|player|p2|
