|j|☆Haddyshowdwn
|j|☆Duqoru
|t:|1779842505
|gametype|singles
|player|p1|Haddyshowdwn|169|1204
|player|p2|Duqoru|jupiter|1253
|gen|9
|tier|[Gen 9] OU
|rated|
|rule|HP Percentage Mod: HP is shown in percentages
|rule|Endless Battle Clause: Forcing endless battles is banned
|rule|Species Clause: Limit one of each Pokémon
|rule|OHKO Clause: OHKO moves are banned
|rule|Evasion Items Clause: Evasion items are banned
|rule|Evasion Moves Clause: Evasion moves are banned
|rule|Evasion Abilities Clause: Evasion abilities are banned
|rule|Sleep Moves Clause: Sleep-inducing moves are banned
|clearpoke
|poke|p1|Infernape, M|
|poke|p1|Ninetales-Alola, F|
|poke|p1|Raikou|
|poke|p1|Hitmontop, M|
|poke|p1|Staraptor, F|
|poke|p1|Basculegion, M|
|poke|p2|Blaziken, F|
|poke|p2|Ninetales, M|
|poke|p2|Venusaur, F|
|poke|p2|Hatterene, F|
|poke|p2|Great Tusk|
|poke|p2|Walking Wake|
|teampreview
|
|t:|1779842529
|teamsize|p1|6
|teamsize|p2|6
|start
|switch|p1a: Infernape|Infernape, M|100/100
|switch|p2a: Ninetales|Ninetales, M|100/100
|-weather|SunnyDay|[from] ability: Drought|[of] p2a: Ninetales
|turn|1
|
|t:|1779842539
|move|p2a: Ninetales|Encore||[still]
|-fail|p2a: Ninetales
|move|p1a: Infernape|Aura Sphere|p2a: Ninetales
|-damage|p2a: Ninetales|60/100
|
|-weather|SunnyDay|[upkeep]
|upkeep
|turn|2
|
|t:|1779842546
|switch|p2a: Hatterene|Hatterene, F|100/100
|move|p1a: Infernape|Aura Sphere|p2a: Hatterene
|-resisted|p2a: Hatterene
|-damage|p2a: Hatterene|90/100
|-enditem|p2a: Hatterene|Eject Button
|
|t:|1779842558
|switch|p2a: Walking Wake|Walking Wake|100/100
|-activate|p2a: Walking Wake|ability: Protosynthesis
|-start|p2a: Walking Wake|protosynthesisspe
|
|-weather|SunnyDay|[upkeep]
|upkeep
|turn|3
|
|t:|1779842575
|switch|p1a: Basculegion|Basculegion, M|100/100
|move|p2a: Walking Wake|Hydro Steam|p1a: Basculegion
|-resisted|p1a: Basculegion
|-damage|p1a: Basculegion|56/100
|
|-weather|SunnyDay|[upkeep]
|upkeep
|turn|4
|
|t:|1779842593
|-terastallize|p2a: Walking Wake|Water
|move|p2a: Walking Wake|Hydro Steam|p1a: Basculegion
|-resisted|p1a: Basculegion
|-damage|p1a: Basculegion|0 fnt
|faint|p1a: Basculegion
|
|-weather|SunnyDay|[upkeep]
|upkeep
|
|t:|1779842607
|switch|p1a: Raikou|Raikou, shiny|100/100
|turn|5
|
|t:|1779842612
|move|p2a: Walking Wake|Hydro Steam|p1a: Raikou
|-damage|p1a: Raikou|0 fnt
|faint|p1a: Raikou
|
|-weather|SunnyDay|[upkeep]
|upkeep
|
|t:|1779842621
|switch|p1a: Ninetales|Ninetales-Alola, F, shiny|100/100
|-weather|Snowscape|[from] ability: Snow Warning|[of] p1a: Ninetales
|-end|p2a: Walking Wake|Protosynthesis
|turn|6
|
|t:|1779842632
|-end|p2a: Walking Wake|Protosynthesis|[silent]
|switch|p2a: Ninetales|Ninetales, M|60/100
|-weather|SunnyDay|[from] ability: Drought|[of] p2a: Ninetales
|move|p1a: Ninetales|Aurora Veil||[still]
|-fail|p1a: Ninetales
|
|-weather|SunnyDay|[upkeep]
|upkeep
|turn|7
|
|t:|1779842642
|switch|p1a: Hitmontop|Hitmontop, M, shiny|100/100
|-ability|p1a: Hitmontop|Intimidate|boost
|-unboost|p2a: Ninetales|atk|1
|move|p2a: Ninetales|Flamethrower|p1a: Hitmontop
|-damage|p1a: Hitmontop|53/100
|
|-weather|SunnyDay|[upkeep]
|upkeep
|turn|8
|
|t:|1779842656
|move|p2a: Ninetales|Will-O-Wisp|p1a: Hitmontop
|-status|p1a: Hitmontop|brn
|move|p1a: Hitmontop|Rain Dance|p1a: Hitmontop
|-weather|RainDance
|
|-weather|RainDance|[upkeep]
|-damage|p1a: Hitmontop|47/100 brn|[from] brn
|upkeep
|turn|9
|
|t:|1779842670
|switch|p1a: Staraptor|Staraptor, F|100/100
|move|p2a: Ninetales|Encore||[still]
|-fail|p2a: Ninetales
|
|-weather|RainDance|[upkeep]
|upkeep
|turn|10
|
|t:|1779842685
|switch|p2a: Venusaur|Venusaur, F|100/100
|move|p1a: Staraptor|Brave Bird|p2a: Venusaur
|-supereffective|p2a: Venusaur
|-damage|p2a: Venusaur|0 fnt
|faint|p2a: Venusaur
|-damage|p1a: Staraptor|69/100|[from] Recoil
|
|-weather|RainDance|[upkeep]
|upkeep
|
|t:|1779842688
|switch|p2a: Ninetales|Ninetales, M|60/100
|-weather|SunnyDay|[from] ability: Drought|[of] p2a: Ninetales
|turn|11
|
|t:|1779842701
|switch|p2a: Hatterene|Hatterene, F|90/100
|move|p1a: Staraptor|Brave Bird|p2a: Hatterene
|-damage|p2a: Hatterene|0 fnt
|faint|p2a: Hatterene
|-damage|p1a: Staraptor|38/100|[from] Recoil
|
|-weather|SunnyDay|[upkeep]
|upkeep
|
|t:|1779842709
|switch|p2a: Walking Wake|Walking Wake, tera:Water|100/100
|-activate|p2a: Walking Wake|ability: Protosynthesis
|-start|p2a: Walking Wake|protosynthesisspe
|turn|12
|
|t:|1779842715
|switch|p1a: Ninetales|Ninetales-Alola, F, shiny|100/100
|-weather|Snowscape|[from] ability: Snow Warning|[of] p1a: Ninetales
|-end|p2a: Walking Wake|Protosynthesis
|move|p2a: Walking Wake|Hydro Steam|p1a: Ninetales
|-damage|p1a: Ninetales|19/100
|
|-weather|Snowscape|[upkeep]
|upkeep
|turn|13
|
|t:|1779842728
|move|p2a: Walking Wake|Hydro Steam|p1a: Ninetales
|-damage|p1a: Ninetales|0 fnt
|faint|p1a: Ninetales
|
|-weather|Snowscape|[upkeep]
|upkeep
|
|t:|1779842738
|switch|p1a: Staraptor|Staraptor, F|38/100
|turn|14
|
|t:|1779842742
|move|p2a: Walking Wake|Hydro Steam|p1a: Staraptor
|-damage|p1a: Staraptor|0 fnt
|faint|p1a: Staraptor
|
|-weather|Snowscape|[upkeep]
|upkeep
|
|t:|1779842749
|switch|p1a: Infernape|Infernape, M|100/100
|turn|15
|
|t:|1779842755
|-terastallize|p1a: Infernape|Grass
|move|p2a: Walking Wake|Hydro Steam|p1a: Infernape
|-resisted|p1a: Infernape
|-damage|p1a: Infernape|36/100
|-enditem|p1a: Infernape|Eject Button
|
|t:|1779842760
|switch|p1a: Hitmontop|Hitmontop, M, shiny|47/100 brn
|-ability|p1a: Hitmontop|Intimidate|boost
|-unboost|p2a: Walking Wake|atk|1
|
|-weather|Snowscape|[upkeep]
|-damage|p1a: Hitmontop|41/100 brn|[from] brn
|upkeep
|turn|16
|
|t:|1779842767
|move|p1a: Hitmontop|Sucker Punch|p2a: Walking Wake
|-damage|p2a: Walking Wake|88/100
|move|p2a: Walking Wake|Hydro Steam|p1a: Hitmontop
|-damage|p1a: Hitmontop|0 fnt
|faint|p1a: Hitmontop
|
|-weather|none
|upkeep
|
|t:|1779842771
|switch|p1a: Infernape|Infernape, M, tera:Grass|36/100
|turn|17
|
|t:|1779842774
|-end|p2a: Walking Wake|Protosynthesis|[silent]
|switch|p2a: Ninetales|Ninetales, M|60/100
|-weather|SunnyDay|[from] ability: Drought|[of] p2a: Ninetales
|move|p1a: Infernape|Grass Knot|p2a: Ninetales
|-resisted|p2a: Ninetales
|-damage|p2a: Ninetales|49/100
|
|-weather|SunnyDay|[upkeep]
|upkeep
|turn|18
|
|t:|1779842800
|move|p2a: Ninetales|Memento|p1a: Infernape
|-unboost|p1a: Infernape|atk|2
|-unboost|p1a: Infernape|spa|2
|faint|p2a: Ninetales
|move|p1a: Infernape|Aura Sphere|p2: Ninetales|[notarget]
|-fail|p1a: Infernape
|
|-weather|SunnyDay|[upkeep]
|upkeep
|
|t:|1779842814
|switch|p2a: Blaziken|Blaziken, F|100/100
|turn|19
|
|t:|1779842822
|move|p1a: Infernape|Aura Sphere|p2a: Blaziken
|-damage|p2a: Blaziken|71/100
|move|p2a: Blaziken|Overheat|p1a: Infernape
|-supereffective|p1a: Infernape
|-damage|p1a: Infernape|0 fnt
|-unboost|p2a: Blaziken|spa|2
|faint|p1a: Infernape
|
|win|Duqoru
|raw|Haddyshowdwn's rating: 1204 &rarr; <strong>1183</strong><br />(-21 for losing)
|raw|Duqoru's rating: 1253 &rarr; <strong>1274</strong><br />(+21 for winning)
|l|☆Haddyshowdwn
|player|p1|
|l|☆Duqoru
|player|p2|
