|j|☆warwickdave
|j|☆SparkyBoomBoomBoiY
|t:|1779901403
|gametype|singles
|player|p1|warwickdave|hilbert|1106
|player|p2|SparkyBoomBoomBoiY|marlon|1094
|gen|9
|tier|[Gen 9] OU
|rated|
|rule|HP Percentage Mod: HP is shown in percentages
|rule|Endless Battle Clause: Forcing endless battles is banned
|rule|Species Clause: Limit one of each Pokémon
|rule|OHKO Clause: OHKO moves are banned
|rule|Evasion Items Clause: Evasion items are banned
|rule|Evasion Moves Clause: Evasion moves are banned
|rule|Evasion Abilities Clause: Evasion abilities are banned
|rule|Sleep Moves Clause: Sleep-inducing moves are banned
|clearpoke
|poke|p1|Braviary, M|
|poke|p1|Serperior, F|
|poke|p1|Scrafty, F|
|poke|p1|Conkeldurr, M|
|poke|p1|Haxorus, F|
|poke|p1|Zoroark, M|
|poke|p2|Araquanid, M|
|poke|p2|Ursaluna, F|
|poke|p2|Mew|
|poke|p2|Gholdengo|
|poke|p2|Clefable, F|
|poke|p2|Latias, F|
|teampreview
|
|t:|1779901419
|teamsize|p1|6
|teamsize|p2|6
|start
|switch|p1a: Conkeldurr|Conkeldurr, M, shiny|100/100
|switch|p2a: Mewing|Mew|100/100
|turn|1
|
|t:|1779901426
|move|p1a: Conkeldurr|Dark Pulse|p2a: Mewing
|-supereffective|p2a: Mewing
|-damage|p2a: Mewing|26/100
|move|p2a: Mewing|Taunt|p1a: Conkeldurr
|-start|p1a: Conkeldurr|move: Taunt
|
|-heal|p2a: Mewing|32/100|[from] item: Leftovers
|upkeep
|turn|2
|
|t:|1779901443
|switch|p2a: BugsAlot|Araquanid, M|100/100
|move|p1a: Conkeldurr|Dark Pulse|p2a: BugsAlot
|-damage|p2a: BugsAlot|70/100
|
|upkeep
|turn|3
|
|t:|1779901455
|move|p1a: Conkeldurr|Dark Pulse|p2a: BugsAlot
|-damage|p2a: BugsAlot|41/100
|move|p2a: BugsAlot|Leech Life|p1a: Conkeldurr
|-supereffective|p1a: Conkeldurr
|-damage|p1a: Conkeldurr|0 fnt
|-heal|p2a: BugsAlot|89/100|[from] drain|[of] p1a: Conkeldurr
|replace|p1a: Zoroark|Zoroark, M, shiny
|-end|p1a: Zoroark|Illusion
|faint|p1a: Zoroark
|-damage|p2a: BugsAlot|79/100|[from] item: Life Orb
|
|upkeep
|
|t:|1779901473
|switch|p1a: Braviary|Braviary, M, shiny|100/100
|turn|4
|
|t:|1779901490
|switch|p2a: Big-Mama|Ursaluna, F, shiny|100/100
|move|p1a: Braviary|Brave Bird|p2a: Big-Mama
|-damage|p2a: Big-Mama|61/100
|-damage|p1a: Braviary|87/100|[from] Recoil
|
|-heal|p2a: Big-Mama|67/100|[from] item: Leftovers
|upkeep
|turn|5
|
|t:|1779901505
|move|p1a: Braviary|Close Combat|p2a: Big-Mama
|-supereffective|p2a: Big-Mama
|-damage|p2a: Big-Mama|19/100
|-unboost|p1a: Braviary|def|1
|-unboost|p1a: Braviary|spd|1
|move|p2a: Big-Mama|Body Slam|p1a: Braviary
|-damage|p1a: Braviary|15/100
|-damage|p2a: Big-Mama|2/100|[from] item: Rocky Helmet|[of] p1a: Braviary
|
|-heal|p2a: Big-Mama|9/100|[from] item: Leftovers
|upkeep
|turn|6
|
|t:|1779901523
|-terastallize|p2a: Big-Mama|Ghost
|move|p1a: Braviary|Brave Bird|p2a: Big-Mama
|-damage|p2a: Big-Mama|0 fnt
|faint|p2a: Big-Mama
|-damage|p1a: Braviary|12/100|[from] Recoil
|
|upkeep
|c|☆SparkyBoomBoomBoiY|Should seen that coming
|
|t:|1779901590
|switch|p2a: Your-Fav|Clefable, F|100/100
|turn|7
|
|t:|1779901600
|move|p1a: Braviary|Roost|p1a: Braviary
|-heal|p1a: Braviary|62/100
|-singleturn|p1a: Braviary|move: Roost
|move|p2a: Your-Fav|Cosmic Power|p2a: Your-Fav
|-boost|p2a: Your-Fav|def|1
|-boost|p2a: Your-Fav|spd|1
|
|upkeep
|turn|8
|
|t:|1779901612
|move|p1a: Braviary|Brave Bird|p2a: Your-Fav
|-damage|p2a: Your-Fav|62/100
|-damage|p1a: Braviary|52/100|[from] Recoil
|move|p2a: Your-Fav|Cosmic Power|p2a: Your-Fav
|-boost|p2a: Your-Fav|def|1
|-boost|p2a: Your-Fav|spd|1
|
|upkeep
|turn|9
|
|t:|1779901622
|move|p1a: Braviary|Brave Bird|p2a: Your-Fav
|-damage|p2a: Your-Fav|34/100
|-damage|p1a: Braviary|44/100|[from] Recoil
|move|p2a: Your-Fav|Moonlight|p2a: Your-Fav
|-heal|p2a: Your-Fav|84/100
|
|upkeep
|turn|10
|
|t:|1779901633
|move|p1a: Braviary|Brave Bird|p2a: Your-Fav
|-damage|p2a: Your-Fav|56/100
|-damage|p1a: Braviary|36/100|[from] Recoil
|move|p2a: Your-Fav|Cosmic Power|p2a: Your-Fav
|-boost|p2a: Your-Fav|def|1
|-boost|p2a: Your-Fav|spd|1
|
|upkeep
|turn|11
|
|t:|1779901642
|move|p1a: Braviary|Brave Bird|p2a: Your-Fav
|-damage|p2a: Your-Fav|33/100
|-damage|p1a: Braviary|30/100|[from] Recoil
|move|p2a: Your-Fav|Moonlight|p2a: Your-Fav
|-heal|p2a: Your-Fav|83/100
|
|upkeep
|turn|12
|
|t:|1779901650
|move|p1a: Braviary|Brave Bird|p2a: Your-Fav
|-damage|p2a: Your-Fav|60/100
|-damage|p1a: Braviary|24/100|[from] Recoil
|move|p2a: Your-Fav|Cosmic Power|p2a: Your-Fav
|-boost|p2a: Your-Fav|def|1
|-boost|p2a: Your-Fav|spd|1
|
|upkeep
|turn|13
|
|t:|1779901658
|move|p1a: Braviary|Roost|p1a: Braviary
|-heal|p1a: Braviary|74/100
|-singleturn|p1a: Braviary|move: Roost
|move|p2a: Your-Fav|Moonlight|p2a: Your-Fav
|-heal|p2a: Your-Fav|100/100
|
|upkeep
|turn|14
|
|t:|1779901665
|move|p1a: Braviary|Roost|p1a: Braviary
|-heal|p1a: Braviary|100/100
|-singleturn|p1a: Braviary|move: Roost
|move|p2a: Your-Fav|Cosmic Power|p2a: Your-Fav
|-boost|p2a: Your-Fav|def|1
|-boost|p2a: Your-Fav|spd|1
|
|upkeep
|turn|15
|
|t:|1779901678
|switch|p1a: Serperior|Serperior, F, shiny|100/100
|move|p2a: Your-Fav|Cosmic Power|p2a: Your-Fav
|-boost|p2a: Your-Fav|def|1
|-boost|p2a: Your-Fav|spd|1
|
|upkeep
|turn|16
|
|t:|1779901690
|move|p1a: Serperior|Leaf Storm|p2a: Your-Fav|[miss]
|-miss|p1a: Serperior|p2a: Your-Fav
|move|p2a: Your-Fav|Stored Power|p1a: Serperior
|-damage|p1a: Serperior|34/100
|
|upkeep
|turn|17
|
|t:|1779901698
|move|p1a: Serperior|Synthesis|p1a: Serperior
|-heal|p1a: Serperior|84/100
|move|p2a: Your-Fav|Stored Power|p1a: Serperior
|-damage|p1a: Serperior|18/100
|
|upkeep
|turn|18
|
|t:|1779901705
|move|p1a: Serperior|Glare|p2a: Your-Fav
|-status|p2a: Your-Fav|par
|-enditem|p2a: Your-Fav|Lum Berry|[eat]
|-curestatus|p2a: Your-Fav|par|[msg]
|move|p2a: Your-Fav|Stored Power|p1a: Serperior
|-damage|p1a: Serperior|0 fnt
|faint|p1a: Serperior
|
|upkeep
|
|t:|1779901715
|switch|p1a: Haxorus|Haxorus, F, shiny|100/100
|-ability|p1a: Haxorus|Mold Breaker
|turn|19
|
|t:|1779901722
|-terastallize|p1a: Haxorus|Steel
|move|p1a: Haxorus|Iron Head|p2a: Your-Fav
|-supereffective|p2a: Your-Fav
|-damage|p2a: Your-Fav|78/100
|cant|p2a: Your-Fav|flinch
|
|upkeep
|turn|20
|
|t:|1779901734
|move|p1a: Haxorus|Iron Head|p2a: Your-Fav
|-supereffective|p2a: Your-Fav
|-damage|p2a: Your-Fav|54/100
|cant|p2a: Your-Fav|flinch
|
|upkeep
|turn|21
|
|t:|1779901740
|move|p1a: Haxorus|Iron Head|p2a: Your-Fav
|-supereffective|p2a: Your-Fav
|-damage|p2a: Your-Fav|32/100
|move|p2a: Your-Fav|Moonlight|p2a: Your-Fav
|-heal|p2a: Your-Fav|82/100
|
|upkeep
|turn|22
|
|t:|1779901747
|move|p1a: Haxorus|Iron Head|p2a: Your-Fav
|-supereffective|p2a: Your-Fav
|-damage|p2a: Your-Fav|58/100
|move|p2a: Your-Fav|Stored Power|p1a: Haxorus
|-resisted|p1a: Haxorus
|-damage|p1a: Haxorus|60/100
|
|upkeep
|turn|23
|
|t:|1779901755
|move|p1a: Haxorus|Iron Head|p2a: Your-Fav
|-supereffective|p2a: Your-Fav
|-damage|p2a: Your-Fav|34/100
|move|p2a: Your-Fav|Moonlight|p2a: Your-Fav
|-heal|p2a: Your-Fav|84/100
|
|upkeep
|turn|24
|
|t:|1779901761
|move|p1a: Haxorus|Iron Head|p2a: Your-Fav
|-supereffective|p2a: Your-Fav
|-damage|p2a: Your-Fav|63/100
|move|p2a: Your-Fav|Stored Power|p1a: Haxorus
|-resisted|p1a: Haxorus
|-damage|p1a: Haxorus|17/100
|
|upkeep
|turn|25
|
|t:|1779901769
|move|p1a: Haxorus|Iron Head|p2a: Your-Fav
|-supereffective|p2a: Your-Fav
|-damage|p2a: Your-Fav|41/100
|cant|p2a: Your-Fav|flinch
|
|upkeep
|turn|26
|
|t:|1779901774
|move|p1a: Haxorus|Iron Head|p2a: Your-Fav
|-supereffective|p2a: Your-Fav
|-damage|p2a: Your-Fav|19/100
|move|p2a: Your-Fav|Moonlight|p2a: Your-Fav
|-heal|p2a: Your-Fav|69/100
|
|upkeep
|turn|27
|
|t:|1779901782
|move|p1a: Haxorus|Iron Head|p2a: Your-Fav
|-supereffective|p2a: Your-Fav
|-damage|p2a: Your-Fav|47/100
|move|p2a: Your-Fav|Moonlight|p2a: Your-Fav
|-heal|p2a: Your-Fav|97/100
|
|upkeep
|turn|28
|
|t:|1779901788
|move|p1a: Haxorus|Iron Head|p2a: Your-Fav
|-supereffective|p2a: Your-Fav
|-damage|p2a: Your-Fav|75/100
|cant|p2a: Your-Fav|flinch
|
|upkeep
|turn|29
|
|t:|1779901794
|move|p1a: Haxorus|Iron Head|p2a: Your-Fav
|-supereffective|p2a: Your-Fav
|-damage|p2a: Your-Fav|52/100
|cant|p2a: Your-Fav|flinch
|
|upkeep
|turn|30
|
|t:|1779901800
|move|p1a: Haxorus|Iron Head|p2a: Your-Fav
|-supereffective|p2a: Your-Fav
|-damage|p2a: Your-Fav|28/100
|cant|p2a: Your-Fav|flinch
|
|upkeep
|turn|31
|
|t:|1779901806
|move|p1a: Haxorus|Iron Head|p2a: Your-Fav
|-supereffective|p2a: Your-Fav
|-damage|p2a: Your-Fav|4/100
|move|p2a: Your-Fav|Stored Power|p1a: Haxorus
|-resisted|p1a: Haxorus
|-damage|p1a: Haxorus|0 fnt
|faint|p1a: Haxorus
|
|upkeep
|
|t:|1779901813
|switch|p1a: Scrafty|Scrafty, F|100/100
|-ability|p1a: Scrafty|Intimidate|boost
|-unboost|p2a: Your-Fav|atk|1
|turn|32
|
|t:|1779901822
|move|p1a: Scrafty|Fake Out|p2a: Your-Fav
|-damage|p2a: Your-Fav|0 fnt
|faint|p2a: Your-Fav
|-damage|p1a: Scrafty|91/100|[from] item: Life Orb
|
|upkeep
|
|t:|1779901839
|switch|p2a: BugsAlot|Araquanid, M|79/100
|turn|33
|
|t:|1779901853
|switch|p1a: Conkeldurr|Conkeldurr, M, shiny|100/100
|move|p2a: BugsAlot|Leech Life|p1a: Conkeldurr
|-resisted|p1a: Conkeldurr
|-damage|p1a: Conkeldurr|84/100
|-heal|p2a: BugsAlot|91/100|[from] drain|[of] p1a: Conkeldurr
|-damage|p2a: BugsAlot|81/100|[from] item: Life Orb
|
|-status|p1a: Conkeldurr|brn|[from] item: Flame Orb
|upkeep
|turn|34
|
|t:|1779901866
|move|p1a: Conkeldurr|Facade|p2a: BugsAlot
|-damage|p2a: BugsAlot|0 fnt
|faint|p2a: BugsAlot
|
|-damage|p1a: Conkeldurr|78/100 brn|[from] brn
|upkeep
|
|t:|1779901888
|switch|p2a: Latinas!|Latias, F|100/100
|turn|35
|
|t:|1779901895
|move|p2a: Latinas!|Mist Ball|p1a: Conkeldurr
|-supereffective|p1a: Conkeldurr
|-damage|p1a: Conkeldurr|0 fnt
|faint|p1a: Conkeldurr
|
|upkeep
|
|t:|1779901900
|switch|p1a: Scrafty|Scrafty, F|91/100
|-ability|p1a: Scrafty|Intimidate|boost
|-unboost|p2a: Latinas!|atk|1
|turn|36
|
|t:|1779901918
|move|p1a: Scrafty|Fake Out|p2a: Latinas!
|-damage|p2a: Latinas!|80/100
|-damage|p1a: Scrafty|81/100|[from] item: Life Orb
|cant|p2a: Latinas!|flinch
|
|upkeep
|turn|37
|
|t:|1779901924
|move|p2a: Latinas!|Dragon Pulse|p1a: Scrafty
|-damage|p1a: Scrafty|41/100
|move|p1a: Scrafty|Crunch|p2a: Latinas!
|-supereffective|p2a: Latinas!
|-damage|p2a: Latinas!|0 fnt
|faint|p2a: Latinas!
|-damage|p1a: Scrafty|31/100|[from] item: Life Orb
|
|upkeep
|
|t:|1779901939
|switch|p2a: Mewing|Mew|32/100
|turn|38
|
|t:|1779901944
|move|p2a: Mewing|Leech Life|p1a: Scrafty
|-damage|p1a: Scrafty|10/100
|-heal|p2a: Mewing|43/100|[from] drain|[of] p1a: Scrafty
|move|p1a: Scrafty|Crunch|p2a: Mewing
|-supereffective|p2a: Mewing
|-damage|p2a: Mewing|0 fnt
|faint|p2a: Mewing
|-damage|p1a: Scrafty|0 fnt|[from] item: Life Orb
|faint|p1a: Scrafty
|
|upkeep
|
|t:|1779901955
|switch|p2a: One-Trick|Gholdengo|100/100
|switch|p1a: Braviary|Braviary, M, shiny|100/100
|turn|39
|
|t:|1779901961
|move|p2a: One-Trick|Trick|p1a: Braviary
|-activate|p2a: One-Trick|move: Trick|[of] p1a: Braviary
|-item|p1a: Braviary|Toxic Orb|[from] move: Trick
|-item|p2a: One-Trick|Rocky Helmet|[from] move: Trick
|move|p1a: Braviary|Brave Bird|p2a: One-Trick
|-resisted|p2a: One-Trick
|-damage|p2a: One-Trick|63/100
|-damage|p1a: Braviary|84/100|[from] item: Rocky Helmet|[of] p2a: One-Trick
|-damage|p1a: Braviary|74/100|[from] Recoil
|
|-status|p1a: Braviary|tox|[from] item: Toxic Orb
|upkeep
|turn|40
|
|t:|1779901973
|move|p2a: One-Trick|Protect|p2a: One-Trick
|-singleturn|p2a: One-Trick|Protect
|move|p1a: Braviary|Brave Bird|p2a: One-Trick
|-activate|p2a: One-Trick|move: Protect
|
|-damage|p1a: Braviary|68/100 tox|[from] psn
|upkeep
|turn|41
|
|t:|1779901988
|move|p2a: One-Trick|Make It Rain|p1a: Braviary
|-damage|p1a: Braviary|0 fnt
|-unboost|p2a: One-Trick|spa|1
|faint|p1a: Braviary
|
|win|SparkyBoomBoomBoiY
|raw|warwickdave's rating: 1106 &rarr; <strong>1080</strong><br />(-26 for losing)
|raw|SparkyBoomBoomBoiY's rating: 1094 &rarr; <strong>1121</strong><br />(+27 for winning)
|c|☆SparkyBoomBoomBoiY|Gg
|l|☆warwickdave
|player|p1|
