|j|☆mcacma
|j|☆Firewolf blue
|t:|1779847313
|gametype|singles
|player|p1|mcacma|veteran|1111
|player|p2|Firewolf blue|1|1118
|gen|9
|tier|[Gen 9] OU
|rated|
|rule|HP Percentage Mod: HP is shown in percentages
|rule|Endless Battle Clause: Forcing endless battles is banned
|rule|Species Clause: Limit one of each Pokémon
|rule|OHKO Clause: OHKO moves are banned
|rule|Evasion Items Clause: Evasion items are banned
|rule|Evasion Moves Clause: Evasion moves are banned
|rule|Evasion Abilities Clause: Evasion abilities are banned
|rule|Sleep Moves Clause: Sleep-inducing moves are banned
|clearpoke
|poke|p1|Pelipper, F|
|poke|p1|Thundurus-Therian, M|
|poke|p1|Floatzel, F|
|poke|p1|Barraskewda, M|
|poke|p1|Luvdisc, F|
|poke|p1|Iron Valiant|
|poke|p2|Weavile, M|
|poke|p2|Garchomp, F|
|poke|p2|Metagross|
|poke|p2|Slowbro, M|
|poke|p2|Kingambit, F|
|poke|p2|Raging Bolt|
|teampreview
|
|t:|1779847321
|teamsize|p1|6
|teamsize|p2|6
|start
|switch|p1a: Pelipper|Pelipper, F|100/100
|switch|p2a: Weavile|Weavile, M|100/100
|-ability|p2a: Weavile|Pressure
|-weather|RainDance|[from] ability: Drizzle|[of] p1a: Pelipper
|turn|1
|
|t:|1779847327
|move|p2a: Weavile|Fake Out|p1a: Pelipper
|-damage|p1a: Pelipper|87/100
|-damage|p2a: Weavile|91/100|[from] item: Life Orb
|cant|p1a: Pelipper|flinch
|
|-weather|RainDance|[upkeep]
|upkeep
|turn|2
|inactive|Battle timer is ON: inactive players will automatically lose when time's up. (requested by Firewolf blue)
|
|t:|1779847336
|move|p2a: Weavile|Swords Dance|p2a: Weavile
|-boost|p2a: Weavile|atk|2
|move|p1a: Pelipper|Weather Ball|p2a: Weavile
|-damage|p2a: Weavile|25/100
|
|-weather|RainDance|[upkeep]
|upkeep
|turn|3
|
|t:|1779847343
|move|p2a: Weavile|Triple Axel|p1a: Pelipper
|-damage|p1a: Pelipper|67/100
|-damage|p1a: Pelipper|26/100
|-damage|p1a: Pelipper|0 fnt
|faint|p1a: Pelipper
|-hitcount|p1: Pelipper|3
|-damage|p2a: Weavile|15/100|[from] item: Life Orb
|
|-weather|RainDance|[upkeep]
|upkeep
|
|t:|1779847351
|switch|p1a: Floatzel|Floatzel, F|100/100
|turn|4
|
|t:|1779847363
|move|p1a: Floatzel|Liquidation|p2a: Weavile
|-damage|p2a: Weavile|0 fnt
|faint|p2a: Weavile
|
|-weather|RainDance|[upkeep]
|upkeep
|
|t:|1779847367
|switch|p2a: Raging Bolt|Raging Bolt|100/100
|-enditem|p2a: Raging Bolt|Booster Energy
|-activate|p2a: Raging Bolt|ability: Protosynthesis|[fromitem]
|-start|p2a: Raging Bolt|protosynthesisspa
|turn|5
|
|t:|1779847384
|switch|p1a: Thundurus|Thundurus-Therian, M|100/100
|move|p2a: Raging Bolt|Thunderbolt|p1a: Thundurus
|-immune|p1a: Thundurus|[from] ability: Volt Absorb
|
|-weather|RainDance|[upkeep]
|upkeep
|turn|6
|
|t:|1779847397
|move|p1a: Thundurus|Dark Pulse|p2a: Raging Bolt
|-damage|p2a: Raging Bolt|74/100
|move|p2a: Raging Bolt|Dragon Pulse|p1a: Thundurus
|-damage|p1a: Thundurus|15/100
|
|-weather|RainDance|[upkeep]
|upkeep
|turn|7
|
|t:|1779847404
|switch|p1a: Iron Valiant|Iron Valiant|100/100
|move|p2a: Raging Bolt|Dragon Pulse|p1a: Iron Valiant
|-immune|p1a: Iron Valiant
|
|-weather|RainDance|[upkeep]
|upkeep
|turn|8
|
|t:|1779847412
|-end|p2a: Raging Bolt|Protosynthesis|[silent]
|switch|p2a: Metagross|Metagross|100/100
|move|p1a: Iron Valiant|Moonblast|p2a: Metagross
|-resisted|p2a: Metagross
|-damage|p2a: Metagross|72/100
|
|-weather|none
|upkeep
|turn|9
|
|t:|1779847422
|-end|p1a: Iron Valiant|Quark Drive|[silent]
|switch|p1a: Luvdisc|Luvdisc, F|100/100
|move|p2a: Metagross|Iron Defense|p2a: Metagross
|-boost|p2a: Metagross|def|2
|
|upkeep
|turn|10
|
|t:|1779847427
|move|p1a: Luvdisc|Wish|p1a: Luvdisc
|move|p2a: Metagross|Body Press|p1a: Luvdisc
|-enditem|p1a: Luvdisc|Focus Sash
|-damage|p1a: Luvdisc|1/100
|
|upkeep
|turn|11
|
|t:|1779847431
|move|p1a: Luvdisc|Sweet Kiss|p2a: Metagross
|-start|p2a: Metagross|confusion
|-activate|p2a: Metagross|confusion
|move|p2a: Metagross|Body Press|p1a: Luvdisc
|-damage|p1a: Luvdisc|0 fnt
|faint|p1a: Luvdisc
|
|upkeep
|
|t:|1779847434
|switch|p1a: Thundurus|Thundurus-Therian, M|15/100
|turn|12
|
|t:|1779847440
|move|p1a: Thundurus|Thunder|p2a: Metagross|[miss]
|-miss|p1a: Thundurus|p2a: Metagross
|-activate|p2a: Metagross|confusion
|move|p2a: Metagross|Body Press|p1a: Thundurus
|-resisted|p1a: Thundurus
|-damage|p1a: Thundurus|0 fnt
|faint|p1a: Thundurus
|
|upkeep
|
|t:|1779847444
|switch|p1a: Floatzel|Floatzel, F|100/100
|turn|13
|
|t:|1779847448
|move|p1a: Floatzel|Wave Crash|p2a: Metagross
|-damage|p2a: Metagross|36/100
|-enditem|p2a: Metagross|Sitrus Berry|[eat]
|-heal|p2a: Metagross|61/100|[from] item: Sitrus Berry
|-damage|p1a: Floatzel|89/100|[from] Recoil
|-end|p2a: Metagross|confusion
|move|p2a: Metagross|Body Press|p1a: Floatzel
|-damage|p1a: Floatzel|0 fnt
|faint|p1a: Floatzel
|
|upkeep
|-message|mcacma forfeited.
|
|win|Firewolf blue
|raw|mcacma's rating: 1111 &rarr; <strong>1087</strong><br />(-24 for losing)
|raw|Firewolf blue's rating: 1118 &rarr; <strong>1142</strong><br />(+24 for winning)
|l|☆mcacma
|player|p1|
|l|☆Firewolf blue
|player|p2|
