|j|☆camelia228
|j|‽ekekdkdmdmwksl
|t:|1779921380
|gametype|singles
|player|p1|camelia228|madame-gen4|1368
|player|p2|ekekdkdmdmwksl|2|1381
|gen|9
|tier|[Gen 9] OU
|rated|
|rule|HP Percentage Mod: HP is shown in percentages
|rule|Endless Battle Clause: Forcing endless battles is banned
|rule|Species Clause: Limit one of each Pokémon
|rule|OHKO Clause: OHKO moves are banned
|rule|Evasion Items Clause: Evasion items are banned
|rule|Evasion Moves Clause: Evasion moves are banned
|rule|Evasion Abilities Clause: Evasion abilities are banned
|rule|Sleep Moves Clause: Sleep-inducing moves are banned
|clearpoke
|poke|p1|Garganacl, M|
|poke|p1|Toxapex, M|
|poke|p1|Meowscarada, F|
|poke|p1|Iron Valiant|
|poke|p1|Ceruledge, F|
|poke|p1|Hydrapple, M|
|poke|p2|Scrafty, M|
|poke|p2|Volbeat, M|
|poke|p2|Hoopa-Unbound|
|poke|p2|Hatterene, F|
|poke|p2|Registeel|
|poke|p2|Iron Moth|
|teampreview
|inactive|Battle timer is ON: inactive players will automatically lose when time's up. (requested by ekekdkdmdmwksl)
|
|t:|1779921404
|teamsize|p1|6
|teamsize|p2|6
|start
|switch|p1a: Garganacl|Garganacl, M|100/100
|switch|p2a: Volbeat|Volbeat, M, shiny|100/100
|turn|1
|
|t:|1779921410
|switch|p2a: Hatterene|Hatterene, F|100/100
|move|p1a: Garganacl|Stealth Rock|p2a: Hatterene
|move|p2a: Hatterene|Stealth Rock|p1a: Garganacl|[from] ability: Magic Bounce
|-sidestart|p1: camelia228|move: Stealth Rock
|
|upkeep
|turn|2
|
|t:|1779921420
|move|p1a: Garganacl|Salt Cure|p2a: Hatterene
|-damage|p2a: Hatterene|86/100
|-start|p2a: Hatterene|Salt Cure
|move|p2a: Hatterene|Calm Mind|p2a: Hatterene
|-boost|p2a: Hatterene|spa|1
|-boost|p2a: Hatterene|spd|1
|
|-heal|p2a: Hatterene|92/100|[from] item: Leftovers
|-damage|p2a: Hatterene|80/100|[from] Salt Cure
|upkeep
|turn|3
|
|t:|1779921426
|move|p1a: Garganacl|Curse|p1a: Garganacl
|-unboost|p1a: Garganacl|spe|1
|-boost|p1a: Garganacl|atk|1
|-boost|p1a: Garganacl|def|1
|move|p2a: Hatterene|Draining Kiss|p1a: Garganacl
|-damage|p1a: Garganacl|71/100
|-heal|p2a: Hatterene|100/100|[from] drain|[of] p1a: Garganacl
|-damage|p2a: Hatterene|84/100|[from] item: Rocky Helmet|[of] p1a: Garganacl
|
|-heal|p2a: Hatterene|90/100|[from] item: Leftovers
|-damage|p2a: Hatterene|78/100|[from] Salt Cure
|upkeep
|turn|4
|
|t:|1779921432
|move|p2a: Hatterene|Calm Mind|p2a: Hatterene
|-boost|p2a: Hatterene|spa|1
|-boost|p2a: Hatterene|spd|1
|move|p1a: Garganacl|Curse|p1a: Garganacl
|-unboost|p1a: Garganacl|spe|1
|-boost|p1a: Garganacl|atk|1
|-boost|p1a: Garganacl|def|1
|
|-heal|p2a: Hatterene|84/100|[from] item: Leftovers
|-damage|p2a: Hatterene|71/100|[from] Salt Cure
|upkeep
|turn|5
|
|t:|1779921439
|move|p2a: Hatterene|Draining Kiss|p1a: Garganacl
|-damage|p1a: Garganacl|30/100
|-heal|p2a: Hatterene|100/100|[from] drain|[of] p1a: Garganacl
|-damage|p2a: Hatterene|84/100|[from] item: Rocky Helmet|[of] p1a: Garganacl
|move|p1a: Garganacl|Recover|p1a: Garganacl
|-heal|p1a: Garganacl|80/100
|
|-heal|p2a: Hatterene|90/100|[from] item: Leftovers
|-damage|p2a: Hatterene|78/100|[from] Salt Cure
|upkeep
|turn|6
|
|t:|1779921449
|move|p2a: Hatterene|Draining Kiss|p1a: Garganacl
|-damage|p1a: Garganacl|40/100
|-heal|p2a: Hatterene|100/100|[from] drain|[of] p1a: Garganacl
|-damage|p2a: Hatterene|84/100|[from] item: Rocky Helmet|[of] p1a: Garganacl
|move|p1a: Garganacl|Salt Cure|p2a: Hatterene
|-damage|p2a: Hatterene|58/100
|
|-heal|p2a: Hatterene|64/100|[from] item: Leftovers
|-damage|p2a: Hatterene|51/100|[from] Salt Cure
|upkeep
|turn|7
|
|t:|1779921453
|move|p2a: Hatterene|Draining Kiss|p1a: Garganacl
|-damage|p1a: Garganacl|2/100
|-heal|p2a: Hatterene|97/100|[from] drain|[of] p1a: Garganacl
|-damage|p2a: Hatterene|81/100|[from] item: Rocky Helmet|[of] p1a: Garganacl
|move|p1a: Garganacl|Recover|p1a: Garganacl
|-heal|p1a: Garganacl|52/100
|
|-heal|p2a: Hatterene|87/100|[from] item: Leftovers
|-damage|p2a: Hatterene|75/100|[from] Salt Cure
|upkeep
|turn|8
|
|t:|1779921460
|move|p2a: Hatterene|Draining Kiss|p1a: Garganacl
|-damage|p1a: Garganacl|12/100
|-heal|p2a: Hatterene|100/100|[from] drain|[of] p1a: Garganacl
|-damage|p2a: Hatterene|84/100|[from] item: Rocky Helmet|[of] p1a: Garganacl
|move|p1a: Garganacl|Recover|p1a: Garganacl
|-heal|p1a: Garganacl|62/100
|
|-heal|p2a: Hatterene|90/100|[from] item: Leftovers
|-damage|p2a: Hatterene|78/100|[from] Salt Cure
|upkeep
|turn|9
|
|t:|1779921481
|-terastallize|p1a: Garganacl|Ghost
|move|p2a: Hatterene|Draining Kiss|p1a: Garganacl
|-damage|p1a: Garganacl|23/100
|-heal|p2a: Hatterene|100/100|[from] drain|[of] p1a: Garganacl
|-damage|p2a: Hatterene|84/100|[from] item: Rocky Helmet|[of] p1a: Garganacl
|move|p1a: Garganacl|Curse|p2a: Hatterene
|-start|p2a: Hatterene|Curse|[of] p1a: Garganacl
|-damage|p1a: Garganacl|0 fnt
|faint|p1a: Garganacl
|
|-heal|p2a: Hatterene|90/100|[from] item: Leftovers
|-damage|p2a: Hatterene|65/100|[from] Curse
|-damage|p2a: Hatterene|53/100|[from] Salt Cure
|upkeep
|
|t:|1779921490
|switch|p1a: Ceruledge|Ceruledge, F|100/100
|turn|10
|
|t:|1779921496
|move|p1a: Ceruledge|Swords Dance|p1a: Ceruledge
|-boost|p1a: Ceruledge|atk|2
|move|p2a: Hatterene|Psychic|p1a: Ceruledge
|-damage|p1a: Ceruledge|2/100
|-unboost|p1a: Ceruledge|spd|1
|
|-heal|p2a: Hatterene|59/100|[from] item: Leftovers
|-damage|p2a: Hatterene|34/100|[from] Curse
|-damage|p2a: Hatterene|22/100|[from] Salt Cure
|upkeep
|turn|11
|
|t:|1779921504
|move|p1a: Ceruledge|Bitter Blade|p2a: Hatterene
|-damage|p2a: Hatterene|0 fnt
|-heal|p1a: Ceruledge|11/100|[from] drain|[of] p2a: Hatterene
|faint|p2a: Hatterene
|
|upkeep
|inactive|ekekdkdmdmwksl has 120 seconds left.
|
|t:|1779921553
|switch|p2a: Iron Moth|Iron Moth|100/100
|-enditem|p2a: Iron Moth|Booster Energy
|-activate|p2a: Iron Moth|ability: Quark Drive|[fromitem]
|-start|p2a: Iron Moth|quarkdrivespa
|turn|12
|
|t:|1779921562
|move|p1a: Ceruledge|Shadow Sneak|p2a: Iron Moth
|-damage|p2a: Iron Moth|36/100
|move|p2a: Iron Moth|Fiery Dance|p1a: Ceruledge
|-start|p1a: Ceruledge|ability: Flash Fire
|
|upkeep
|turn|13
|inactive|ekekdkdmdmwksl has 120 seconds left.
|
|t:|1779921587
|-end|p2a: Iron Moth|Quark Drive|[silent]
|switch|p2a: Volbeat|Volbeat, M, shiny|100/100
|move|p1a: Ceruledge|Shadow Sneak|p2a: Volbeat
|-damage|p2a: Volbeat|57/100
|
|upkeep
|turn|14
|
|t:|1779921592
|move|p2a: Volbeat|Encore|p1a: Ceruledge
|-start|p1a: Ceruledge|Encore
|move|p1a: Ceruledge|Shadow Sneak|p2a: Volbeat
|-damage|p2a: Volbeat|10/100
|
|upkeep
|turn|15
|
|t:|1779921601
|move|p1a: Ceruledge|Shadow Sneak|p2a: Volbeat
|-damage|p2a: Volbeat|0 fnt
|faint|p2a: Volbeat
|
|upkeep
|
|t:|1779921614
|switch|p2a: Registeel|Registeel|100/100
|turn|16
|
|t:|1779921618
|move|p1a: Ceruledge|Shadow Sneak|p2a: Registeel
|-damage|p2a: Registeel|72/100
|move|p2a: Registeel|Shadow Claw|p1a: Ceruledge
|-supereffective|p1a: Ceruledge
|-damage|p1a: Ceruledge|0 fnt
|faint|p1a: Ceruledge
|
|upkeep
|
|t:|1779921628
|switch|p1a: Meowscarada|Meowscarada, F|100/100
|-damage|p1a: Meowscarada|88/100|[from] Stealth Rock
|turn|17
|
|t:|1779921639
|move|p1a: Meowscarada|Knock Off|p2a: Registeel
|-start|p1a: Meowscarada|typechange|Dark|[from] ability: Protean
|-damage|p2a: Registeel|20/100
|-enditem|p2a: Registeel|Chesto Berry|[from] move: Knock Off|[of] p1a: Meowscarada
|move|p2a: Registeel|Body Press|p1a: Meowscarada
|-supereffective|p1a: Meowscarada
|-damage|p1a: Meowscarada|0 fnt
|faint|p1a: Meowscarada
|
|upkeep
|
|t:|1779921647
|switch|p1a: Hydrapple|Hydrapple, M, shiny|100/100
|-damage|p1a: Hydrapple|88/100|[from] Stealth Rock
|turn|18
|
|t:|1779921659
|move|p2a: Registeel|Body Press|p1a: Hydrapple
|-damage|p1a: Hydrapple|65/100
|move|p1a: Hydrapple|Earth Power|p2a: Registeel
|-supereffective|p2a: Registeel
|-damage|p2a: Registeel|0 fnt
|faint|p2a: Registeel
|
|upkeep
|
|t:|1779921667
|switch|p2a: Scrafty|Scrafty, M|100/100
|turn|19
|
|t:|1779921673
|switch|p1a: Toxapex|Toxapex, M|100/100
|-damage|p1a: Toxapex|88/100|[from] Stealth Rock
|move|p2a: Scrafty|Poison Jab|p1a: Toxapex
|-resisted|p1a: Toxapex
|-damage|p1a: Toxapex|79/100
|
|-heal|p1a: Toxapex|85/100|[from] item: Black Sludge
|upkeep
|turn|20
|
|t:|1779921680
|move|p2a: Scrafty|Bulk Up|p2a: Scrafty
|-boost|p2a: Scrafty|atk|1
|-boost|p2a: Scrafty|def|1
|move|p1a: Toxapex|Toxic|p2a: Scrafty
|-status|p2a: Scrafty|tox
|
|-heal|p1a: Toxapex|92/100|[from] item: Black Sludge
|-damage|p2a: Scrafty|95/100 tox|[from] psn
|upkeep
|turn|21
|
|t:|1779921686
|move|p2a: Scrafty|Knock Off|p1a: Toxapex
|-damage|p1a: Toxapex|44/100
|-enditem|p1a: Toxapex|Black Sludge|[from] move: Knock Off|[of] p2a: Scrafty
|move|p1a: Toxapex|Venoshock|p2a: Scrafty
|-damage|p2a: Scrafty|72/100 tox
|
|-heal|p2a: Scrafty|78/100 tox|[from] item: Leftovers
|-damage|p2a: Scrafty|66/100 tox|[from] psn
|upkeep
|turn|22
|
|t:|1779921697
|move|p1a: Toxapex|Baneful Bunker|p1a: Toxapex
|-singleturn|p1a: Toxapex|move: Protect
|move|p2a: Scrafty|Drain Punch|p1a: Toxapex
|-activate|p1a: Toxapex|move: Protect
|
|-heal|p2a: Scrafty|72/100 tox|[from] item: Leftovers
|-damage|p2a: Scrafty|54/100 tox|[from] psn
|upkeep
|turn|23
|
|t:|1779921705
|move|p2a: Scrafty|Bulk Up|p2a: Scrafty
|-boost|p2a: Scrafty|atk|1
|-boost|p2a: Scrafty|def|1
|move|p1a: Toxapex|Recover|p1a: Toxapex
|-heal|p1a: Toxapex|94/100
|
|-heal|p2a: Scrafty|60/100 tox|[from] item: Leftovers
|-damage|p2a: Scrafty|37/100 tox|[from] psn
|upkeep
|turn|24
|
|t:|1779921714
|move|p1a: Toxapex|Baneful Bunker|p1a: Toxapex
|-singleturn|p1a: Toxapex|move: Protect
|move|p2a: Scrafty|Bulk Up|p2a: Scrafty
|-boost|p2a: Scrafty|atk|1
|-boost|p2a: Scrafty|def|1
|
|-heal|p2a: Scrafty|43/100 tox|[from] item: Leftovers
|-damage|p2a: Scrafty|13/100 tox|[from] psn
|upkeep
|turn|25
|
|t:|1779921719
|move|p2a: Scrafty|Drain Punch|p1a: Toxapex
|-resisted|p1a: Toxapex
|-damage|p1a: Toxapex|62/100
|-heal|p2a: Scrafty|31/100 tox|[from] drain|[of] p1a: Toxapex
|move|p1a: Toxapex|Recover|p1a: Toxapex
|-heal|p1a: Toxapex|100/100
|
|-heal|p2a: Scrafty|37/100 tox|[from] item: Leftovers
|-damage|p2a: Scrafty|1/100 tox|[from] psn
|upkeep
|turn|26
|
|t:|1779921733
|move|p1a: Toxapex|Baneful Bunker|p1a: Toxapex
|-singleturn|p1a: Toxapex|move: Protect
|move|p2a: Scrafty|Drain Punch|p1a: Toxapex
|-activate|p1a: Toxapex|move: Protect
|
|-heal|p2a: Scrafty|7/100 tox|[from] item: Leftovers
|-damage|p2a: Scrafty|0 fnt|[from] psn
|faint|p2a: Scrafty
|upkeep
|
|t:|1779921738
|switch|p2a: Hoopa|Hoopa-Unbound|100/100
|turn|27
|
|t:|1779921746
|move|p2a: Hoopa|Psychic|p1a: Toxapex
|-supereffective|p1a: Toxapex
|-damage|p1a: Toxapex|0 fnt
|faint|p1a: Toxapex
|
|upkeep
|
|t:|1779921755
|switch|p1a: Hydrapple|Hydrapple, M, shiny|98/100
|-damage|p1a: Hydrapple|86/100|[from] Stealth Rock
|turn|28
|
|t:|1779921762
|move|p2a: Hoopa|Psychic|p1a: Hydrapple
|-damage|p1a: Hydrapple|33/100
|move|p1a: Hydrapple|Fickle Beam|p2a: Hoopa|[anim] Fickle Beam All Out
|-activate|p1a: Hydrapple|move: Fickle Beam
|-damage|p2a: Hoopa|23/100
|
|upkeep
|turn|29
|
|t:|1779921770
|move|p2a: Hoopa|Psychic|p1a: Hydrapple
|-damage|p1a: Hydrapple|0 fnt
|faint|p1a: Hydrapple
|
|upkeep
|
|t:|1779921772
|switch|p1a: Iron Valiant|Iron Valiant|100/100
|-damage|p1a: Iron Valiant|94/100|[from] Stealth Rock
|-enditem|p1a: Iron Valiant|Booster Energy
|-activate|p1a: Iron Valiant|ability: Quark Drive|[fromitem]
|-start|p1a: Iron Valiant|quarkdrivespe
|turn|30
|
|t:|1779921779
|move|p1a: Iron Valiant|Moonblast|p2a: Hoopa
|-supereffective|p2a: Hoopa
|-damage|p2a: Hoopa|0 fnt
|faint|p2a: Hoopa
|
|upkeep
|
|t:|1779921781
|switch|p2a: Iron Moth|Iron Moth|36/100
|turn|31
|
|t:|1779921788
|move|p1a: Iron Valiant|Psyshock|p2a: Iron Moth
|-supereffective|p2a: Iron Moth
|-damage|p2a: Iron Moth|0 fnt
|faint|p2a: Iron Moth
|-end|p2a: Iron Moth|Quark Drive|[silent]
|
|win|camelia228
|raw|camelia228's rating: 1368 &rarr; <strong>1389</strong><br />(+21 for winning)
|raw|ekekdkdmdmwksl's rating: 1381 &rarr; <strong>1360</strong><br />(-21 for losing)
|l|‽ekekdkdmdmwksl
|player|p2|
|l|☆camelia228
|player|p1|
