|j|☆GStaticX
|j|☆claudechamp
|t:|1779835559
|gametype|singles
|player|p1|GStaticX|volkner|1274
|player|p2|claudechamp|265|1323
|gen|9
|tier|[Gen 9] OU
|rated|
|rule|HP Percentage Mod: HP is shown in percentages
|rule|Endless Battle Clause: Forcing endless battles is banned
|rule|Species Clause: Limit one of each Pokémon
|rule|OHKO Clause: OHKO moves are banned
|rule|Evasion Items Clause: Evasion items are banned
|rule|Evasion Moves Clause: Evasion moves are banned
|rule|Evasion Abilities Clause: Evasion abilities are banned
|rule|Sleep Moves Clause: Sleep-inducing moves are banned
|clearpoke
|poke|p1|Dragonite, F|
|poke|p1|Gholdengo|
|poke|p1|Scizor, M|
|poke|p1|Great Tusk|
|poke|p1|Toxapex, F|
|poke|p1|Iron Valiant|
|poke|p2|Gliscor, F|
|poke|p2|Gholdengo|
|poke|p2|Zamazenta-*|
|poke|p2|Blissey, F|
|poke|p2|Skarmory, F|
|poke|p2|Pecharunt|
|teampreview
|c|☆claudechamp|hf
|inactive|Battle timer is ON: inactive players will automatically lose when time's up. (requested by claudechamp)
|c|☆GStaticX|Hf
|inactive|GStaticX has 120 seconds left.
|
|t:|1779835598
|teamsize|p1|6
|teamsize|p2|6
|start
|switch|p1a: Gholdengo|Gholdengo|100/100
|switch|p2a: Skarmory|Skarmory, F|100/100
|-item|p1a: Gholdengo|Air Balloon
|turn|1
|
|t:|1779835604
|switch|p2a: Blissey|Blissey, F|100/100
|move|p1a: Gholdengo|Nasty Plot|p1a: Gholdengo
|-boost|p1a: Gholdengo|spa|2
|
|upkeep
|turn|2
|
|t:|1779835609
|move|p1a: Gholdengo|Nasty Plot|p1a: Gholdengo
|-boost|p1a: Gholdengo|spa|2
|move|p2a: Blissey|Shadow Ball|p1a: Gholdengo
|-supereffective|p1a: Gholdengo
|-damage|p1a: Gholdengo|65/100
|-enditem|p1a: Gholdengo|Air Balloon
|
|upkeep
|turn|3
|
|t:|1779835618
|-terastallize|p2a: Blissey|Dark
|move|p1a: Gholdengo|Make It Rain|p2a: Blissey
|-damage|p2a: Blissey|40/100
|-unboost|p1a: Gholdengo|spa|1
|move|p2a: Blissey|Calm Mind|p2a: Blissey
|-boost|p2a: Blissey|spa|1
|-boost|p2a: Blissey|spd|1
|
|upkeep
|turn|4
|
|t:|1779835627
|switch|p1a: Scizor|Scizor, M|100/100
|switch|p2a: Gliscor|Gliscor, F|100/100
|
|-status|p2a: Gliscor|tox|[from] item: Toxic Orb
|upkeep
|turn|5
|
|t:|1779835631
|move|p2a: Gliscor|Earthquake|p1a: Scizor
|-damage|p1a: Scizor|65/100
|move|p1a: Scizor|U-turn|p2a: Gliscor
|-resisted|p2a: Gliscor
|-damage|p2a: Gliscor|77/100 tox
|
|t:|1779835639
|switch|p1a: Great Tusk|Great Tusk|100/100|[from] U-turn
|
|-heal|p2a: Gliscor|90/100 tox|[from] ability: Poison Heal
|upkeep
|turn|6
|
|t:|1779835644
|move|p2a: Gliscor|Protect|p2a: Gliscor
|-singleturn|p2a: Gliscor|Protect
|move|p1a: Great Tusk|Stealth Rock|p2a: Gliscor
|-sidestart|p2: claudechamp|move: Stealth Rock
|
|-heal|p2a: Gliscor|100/100 tox|[from] ability: Poison Heal
|upkeep
|turn|7
|
|t:|1779835646
|move|p1a: Great Tusk|Ice Spinner|p2a: Gliscor
|-supereffective|p2a: Gliscor
|-damage|p2a: Gliscor|20/100 tox
|move|p2a: Gliscor|Swords Dance|p2a: Gliscor
|-boost|p2a: Gliscor|atk|2
|
|-heal|p2a: Gliscor|32/100 tox|[from] ability: Poison Heal
|upkeep
|turn|8
|
|t:|1779835656
|move|p2a: Gliscor|Protect|p2a: Gliscor
|-singleturn|p2a: Gliscor|Protect
|move|p1a: Great Tusk|Ice Spinner|p2a: Gliscor
|-activate|p2a: Gliscor|move: Protect
|
|-heal|p2a: Gliscor|45/100 tox|[from] ability: Poison Heal
|upkeep
|turn|9
|
|t:|1779835659
|-end|p1a: Great Tusk|Protosynthesis|[silent]
|switch|p1a: Gholdengo|Gholdengo|65/100
|switch|p2a: Gholdengo|Gholdengo|100/100
|-damage|p2a: Gholdengo|94/100|[from] Stealth Rock
|
|upkeep
|turn|10
|
|t:|1779835673
|switch|p1a: Toxapex|Toxapex, F|100/100
|move|p2a: Gholdengo|Hex|p1a: Toxapex
|-damage|p1a: Toxapex|81/100
|
|upkeep
|turn|11
|
|t:|1779835679
|move|p2a: Gholdengo|Nasty Plot|p2a: Gholdengo
|-boost|p2a: Gholdengo|spa|2
|move|p1a: Toxapex|Toxic Spikes|p2a: Gholdengo
|-sidestart|p2: claudechamp|move: Toxic Spikes
|
|upkeep
|turn|12
|
|t:|1779835685
|move|p2a: Gholdengo|Hex|p1a: Toxapex
|-crit|p1a: Toxapex
|-damage|p1a: Toxapex|31/100
|move|p1a: Toxapex|Haze|p1a: Toxapex
|-clearallboost
|
|upkeep
|turn|13
|
|t:|1779835689
|move|p2a: Gholdengo|Hex|p1a: Toxapex
|-crit|p1a: Toxapex
|-damage|p1a: Toxapex|3/100
|move|p1a: Toxapex|Recover|p1a: Toxapex
|-heal|p1a: Toxapex|53/100
|
|upkeep
|turn|14
|
|t:|1779835691
|move|p2a: Gholdengo|Nasty Plot|p2a: Gholdengo
|-boost|p2a: Gholdengo|spa|2
|move|p1a: Toxapex|Recover|p1a: Toxapex
|-heal|p1a: Toxapex|100/100
|
|upkeep
|turn|15
|
|t:|1779835694
|move|p2a: Gholdengo|Hex|p1a: Toxapex
|-damage|p1a: Toxapex|67/100
|move|p1a: Toxapex|Haze|p1a: Toxapex
|-clearallboost
|
|upkeep
|turn|16
|
|t:|1779835714
|switch|p1a: Great Tusk|Great Tusk|100/100
|move|p2a: Gholdengo|Nasty Plot|p2a: Gholdengo
|-boost|p2a: Gholdengo|spa|2
|
|upkeep
|turn|17
|
|t:|1779835718
|move|p1a: Great Tusk|Headlong Rush|p2a: Gholdengo
|-supereffective|p2a: Gholdengo
|-damage|p2a: Gholdengo|20/100
|-unboost|p1a: Great Tusk|def|1
|-unboost|p1a: Great Tusk|spd|1
|move|p2a: Gholdengo|Hex|p1a: Great Tusk
|-damage|p1a: Great Tusk|0 fnt
|faint|p1a: Great Tusk
|-end|p1a: Great Tusk|Protosynthesis|[silent]
|
|upkeep
|
|t:|1779835736
|switch|p1a: Iron Valiant|Iron Valiant|100/100
|-enditem|p1a: Iron Valiant|Booster Energy
|-activate|p1a: Iron Valiant|ability: Quark Drive|[fromitem]
|-start|p1a: Iron Valiant|quarkdrivespe
|turn|18
|
|t:|1779835739
|move|p1a: Iron Valiant|Shadow Ball|p2a: Gholdengo
|-supereffective|p2a: Gholdengo
|-damage|p2a: Gholdengo|0 fnt
|faint|p2a: Gholdengo
|
|upkeep
|
|t:|1779835742
|switch|p2a: Pecharunt|Pecharunt|100/100
|-sideend|p2: claudechamp|move: Toxic Spikes|[of] p2a: Pecharunt
|turn|19
|
|t:|1779835759
|-end|p1a: Iron Valiant|Quark Drive|[silent]
|switch|p1a: Toxapex|Toxapex, F|99/100
|move|p2a: Pecharunt|Parting Shot|p1a: Toxapex
|-unboost|p1a: Toxapex|atk|1
|-unboost|p1a: Toxapex|spa|1
|
|t:|1779835763
|switch|p2a: Gliscor|Gliscor, F|45/100 tox|[from] Parting Shot
|-damage|p2a: Gliscor|32/100 tox|[from] Stealth Rock
|
|-heal|p2a: Gliscor|45/100 tox|[from] ability: Poison Heal
|upkeep
|turn|20
|
|t:|1779835770
|switch|p1a: Iron Valiant|Iron Valiant|100/100
|move|p2a: Gliscor|Earthquake|p1a: Iron Valiant
|-damage|p1a: Iron Valiant|60/100
|
|-heal|p2a: Gliscor|57/100 tox|[from] ability: Poison Heal
|upkeep
|turn|21
|
|t:|1779835783
|-end|p1a: Iron Valiant|Quark Drive|[silent]
|switch|p1a: Dragonite|Dragonite, F|100/100
|move|p2a: Gliscor|Protect||[still]
|-fail|p2a: Gliscor
|
|-heal|p2a: Gliscor|70/100 tox|[from] ability: Poison Heal
|upkeep
|turn|22
|
|t:|1779835788
|move|p1a: Dragonite|Ice Spinner|p2a: Gliscor
|-supereffective|p2a: Gliscor
|-damage|p2a: Gliscor|0 fnt
|faint|p2a: Gliscor
|
|upkeep
|
|t:|1779835792
|switch|p2a: Blissey|Blissey, F, tera:Dark|40/100
|turn|23
|
|t:|1779835804
|switch|p1a: Gholdengo|Gholdengo|65/100
|move|p2a: Blissey|Soft-Boiled|p2a: Blissey
|-heal|p2a: Blissey|90/100
|
|upkeep
|turn|24
|
|t:|1779835808
|switch|p2a: Zamazenta|Zamazenta|100/100
|-ability|p2a: Zamazenta|Dauntless Shield|boost
|-boost|p2a: Zamazenta|def|1
|move|p1a: Gholdengo|Recover|p1a: Gholdengo
|-heal|p1a: Gholdengo|100/100
|
|upkeep
|turn|25
|
|t:|1779835813
|switch|p1a: Toxapex|Toxapex, F|100/100
|move|p2a: Zamazenta|Crunch|p1a: Toxapex
|-damage|p1a: Toxapex|80/100
|
|upkeep
|turn|26
|
|t:|1779835818
|move|p2a: Zamazenta|Crunch|p1a: Toxapex
|-damage|p1a: Toxapex|58/100
|move|p1a: Toxapex|Haze|p1a: Toxapex
|-clearallboost
|
|upkeep
|turn|27
|
|t:|1779835823
|switch|p2a: Blissey|Blissey, F, tera:Dark|90/100
|move|p1a: Toxapex|Recover|p1a: Toxapex
|-heal|p1a: Toxapex|100/100
|
|upkeep
|turn|28
|
|t:|1779835829
|move|p2a: Blissey|Stealth Rock|p1a: Toxapex
|-sidestart|p1: GStaticX|move: Stealth Rock
|move|p1a: Toxapex|Toxic|p2a: Blissey
|-status|p2a: Blissey|tox
|
|-damage|p2a: Blissey|84/100 tox|[from] psn
|upkeep
|turn|29
|
|t:|1779835834
|-curestatus|p2a: Blissey|tox|[from] ability: Natural Cure|[silent]
|switch|p2a: Pecharunt|Pecharunt|100/100
|switch|p1a: Scizor|Scizor, M|65/100
|-damage|p1a: Scizor|53/100|[from] Stealth Rock
|
|upkeep
|turn|30
|
|t:|1779835839
|move|p2a: Pecharunt|Shadow Ball|p1a: Scizor
|-damage|p1a: Scizor|20/100
|move|p1a: Scizor|Knock Off|p2a: Pecharunt
|-supereffective|p2a: Pecharunt
|-damage|p2a: Pecharunt|52/100
|-enditem|p2a: Pecharunt|Heavy-Duty Boots|[from] move: Knock Off|[of] p1a: Scizor
|
|upkeep
|turn|31
|
|t:|1779835848
|switch|p1a: Toxapex|Toxapex, F|100/100
|move|p2a: Pecharunt|Recover|p2a: Pecharunt
|-heal|p2a: Pecharunt|100/100
|
|upkeep
|turn|32
|
|t:|1779835854
|move|p2a: Pecharunt|Shadow Ball|p1a: Toxapex
|-damage|p1a: Toxapex|84/100
|move|p1a: Toxapex|Toxic Spikes|p2a: Pecharunt
|-sidestart|p2: claudechamp|move: Toxic Spikes
|
|upkeep
|turn|33
|
|t:|1779835861
|move|p2a: Pecharunt|Shadow Ball|p1a: Toxapex
|-damage|p1a: Toxapex|69/100
|move|p1a: Toxapex|Toxic|p2a: Pecharunt
|-immune|p2a: Pecharunt
|
|upkeep
|turn|34
|
|t:|1779835870
|move|p2a: Pecharunt|Shadow Ball|p1a: Toxapex
|-damage|p1a: Toxapex|52/100
|move|p1a: Toxapex|Toxic Spikes|p2a: Pecharunt
|-sidestart|p2: claudechamp|move: Toxic Spikes
|
|upkeep
|turn|35
|
|t:|1779835875
|move|p2a: Pecharunt|Parting Shot|p1a: Toxapex
|-unboost|p1a: Toxapex|atk|1
|-unboost|p1a: Toxapex|spa|1
|
|t:|1779835880
|switch|p2a: Skarmory|Skarmory, F|100/100|[from] Parting Shot
|move|p1a: Toxapex|Recover|p1a: Toxapex
|-heal|p1a: Toxapex|100/100
|
|upkeep
|turn|36
|
|t:|1779835887
|switch|p1a: Gholdengo|Gholdengo|100/100
|-damage|p1a: Gholdengo|94/100|[from] Stealth Rock
|move|p2a: Skarmory|Spikes|p1a: Gholdengo
|-sidestart|p1: GStaticX|Spikes
|
|upkeep
|turn|37
|
|t:|1779835895
|move|p1a: Gholdengo|Nasty Plot|p1a: Gholdengo
|-boost|p1a: Gholdengo|spa|2
|move|p2a: Skarmory|Whirlwind|p1a: Gholdengo
|-immune|p1a: Gholdengo|[from] ability: Good as Gold
|
|upkeep
|turn|38
|
|t:|1779835903
|move|p1a: Gholdengo|Nasty Plot|p1a: Gholdengo
|-boost|p1a: Gholdengo|spa|2
|move|p2a: Skarmory|Whirlwind|p1a: Gholdengo
|-immune|p1a: Gholdengo|[from] ability: Good as Gold
|
|upkeep
|turn|39
|
|t:|1779835912
|move|p1a: Gholdengo|Shadow Ball|p2a: Skarmory
|-ability|p2a: Skarmory|Sturdy
|-damage|p2a: Skarmory|1/100
|-unboost|p2a: Skarmory|spd|1
|move|p2a: Skarmory|Whirlwind|p1a: Gholdengo
|-immune|p1a: Gholdengo|[from] ability: Good as Gold
|
|upkeep
|turn|40
|
|t:|1779835919
|switch|p2a: Blissey|Blissey, F, tera:Dark|84/100
|move|p1a: Gholdengo|Nasty Plot|p1a: Gholdengo
|-boost|p1a: Gholdengo|spa|2
|
|upkeep
|turn|41
|
|t:|1779835927
|move|p1a: Gholdengo|Make It Rain|p2a: Blissey
|-damage|p2a: Blissey|2/100
|-unboost|p1a: Gholdengo|spa|1
|move|p2a: Blissey|Shadow Ball|p1a: Gholdengo
|-supereffective|p1a: Gholdengo
|-damage|p1a: Gholdengo|62/100
|
|upkeep
|turn|42
|
|t:|1779835935
|switch|p2a: Zamazenta|Zamazenta|100/100
|move|p1a: Gholdengo|Shadow Ball|p2a: Zamazenta
|-damage|p2a: Zamazenta|0 fnt
|faint|p2a: Zamazenta
|
|upkeep
|
|t:|1779835942
|switch|p2a: Pecharunt|Pecharunt|100/100
|-damage|p2a: Pecharunt|88/100|[from] Stealth Rock
|-sideend|p2: claudechamp|move: Toxic Spikes|[of] p2a: Pecharunt
|turn|43
|
|t:|1779835949
|-terastallize|p1a: Gholdengo|Fairy
|move|p1a: Gholdengo|Shadow Ball|p2a: Pecharunt
|-supereffective|p2a: Pecharunt
|-damage|p2a: Pecharunt|0 fnt
|faint|p2a: Pecharunt
|
|upkeep
|
|t:|1779835956
|switch|p2a: Skarmory|Skarmory, F|1/100
|turn|44
|
|t:|1779835963
|move|p1a: Gholdengo|Make It Rain|p2a: Skarmory
|-resisted|p2a: Skarmory
|-damage|p2a: Skarmory|0 fnt
|-unboost|p1a: Gholdengo|spa|1
|faint|p2a: Skarmory
|
|upkeep
|
|t:|1779835970
|switch|p2a: Blissey|Blissey, F, tera:Dark|2/100
|turn|45
|c|☆GStaticX|Gg
|
|t:|1779835975
|move|p1a: Gholdengo|Make It Rain|p2a: Blissey
|-damage|p2a: Blissey|0 fnt
|-unboost|p1a: Gholdengo|spa|1
|faint|p2a: Blissey
|
|win|GStaticX
|raw|GStaticX's rating: 1274 &rarr; <strong>1304</strong><br />(+30 for winning)
|raw|claudechamp's rating: 1339 &rarr; <strong>1315</strong><br />(-24 for losing)
|c|☆claudechamp|gg
|l|☆claudechamp
|player|p2|
