|j|‽dhklserdtfyguhi
|j|☆lord shiddenfards
|t:|1779866432
|gametype|singles
|player|p1|dhklserdtfyguhi|elesa|1532
|player|p2|lord shiddenfards|blaine|1484
|gen|9
|tier|[Gen 9] OU
|rated|
|rule|HP Percentage Mod: HP is shown in percentages
|rule|Endless Battle Clause: Forcing endless battles is banned
|rule|Species Clause: Limit one of each Pokémon
|rule|OHKO Clause: OHKO moves are banned
|rule|Evasion Items Clause: Evasion items are banned
|rule|Evasion Moves Clause: Evasion moves are banned
|rule|Evasion Abilities Clause: Evasion abilities are banned
|rule|Sleep Moves Clause: Sleep-inducing moves are banned
|clearpoke
|poke|p1|Pelipper, L99, F|
|poke|p1|Barraskewda, F|
|poke|p1|Raging Bolt|
|poke|p1|Golduck, F|
|poke|p1|Pawmot, F|
|poke|p1|Tentacruel, F|
|poke|p2|Ninetales, F|
|poke|p2|Great Tusk|
|poke|p2|Slither Wing|
|poke|p2|Raging Bolt|
|poke|p2|Iron Moth|
|poke|p2|Alomomola, F|
|teampreview
|inactive|Battle timer is ON: inactive players will automatically lose when time's up. (requested by dhklserdtfyguhi)
|
|t:|1779866440
|teamsize|p1|6
|teamsize|p2|6
|start
|switch|p1a: Pelipper|Pelipper, L99, F|100/100
|switch|p2a: Raging Bolt|Raging Bolt|100/100
|-weather|RainDance|[from] ability: Drizzle|[of] p1a: Pelipper
|turn|1
|
|t:|1779866448
|switch|p1a: Raging Bolt|Raging Bolt|100/100
|move|p2a: Raging Bolt|Weather Ball|p1a: Raging Bolt
|-resisted|p1a: Raging Bolt
|-damage|p1a: Raging Bolt|72/100
|
|-weather|RainDance|[upkeep]
|-heal|p1a: Raging Bolt|78/100|[from] item: Leftovers
|upkeep
|turn|2
|
|t:|1779866462
|-end|p2a: Raging Bolt|Protosynthesis|[silent]
|switch|p2a: Alomomola|Alomomola, F|100/100
|move|p1a: Raging Bolt|Draco Meteor|p2a: Alomomola
|-damage|p2a: Alomomola|33/100
|-unboost|p1a: Raging Bolt|spa|2
|-enditem|p2a: Alomomola|Eject Button
|
|t:|1779866473
|switch|p2a: Raging Bolt|Raging Bolt|100/100
|
|-weather|RainDance|[upkeep]
|-heal|p1a: Raging Bolt|84/100|[from] item: Leftovers
|upkeep
|turn|3
|
|t:|1779866477
|-terastallize|p1a: Raging Bolt|Fairy
|-terastallize|p2a: Raging Bolt|Fairy
|move|p1a: Raging Bolt|Draco Meteor|p2a: Raging Bolt
|-immune|p2a: Raging Bolt
|move|p2a: Raging Bolt|Draco Meteor|p1a: Raging Bolt
|-immune|p1a: Raging Bolt
|
|-weather|RainDance|[upkeep]
|-heal|p1a: Raging Bolt|90/100|[from] item: Leftovers
|upkeep
|turn|4
|
|t:|1779866481
|move|p1a: Raging Bolt|Thunder|p2a: Raging Bolt
|-damage|p2a: Raging Bolt|82/100
|move|p2a: Raging Bolt|Volt Switch|p1a: Raging Bolt
|-damage|p1a: Raging Bolt|52/100
|
|t:|1779866491
|-end|p2a: Raging Bolt|Protosynthesis|[silent]
|switch|p2a: Ninetales|Ninetales, F|100/100|[from] Volt Switch
|-weather|SunnyDay|[from] ability: Drought|[of] p2a: Ninetales
|-activate|p1a: Raging Bolt|ability: Protosynthesis
|-start|p1a: Raging Bolt|protosynthesisspe
|
|-weather|SunnyDay|[upkeep]
|-heal|p1a: Raging Bolt|58/100|[from] item: Leftovers
|upkeep
|turn|5
|
|t:|1779866494
|-end|p1a: Raging Bolt|Protosynthesis|[silent]
|switch|p1a: Pelipper|Pelipper, L99, F|100/100
|-weather|RainDance|[from] ability: Drizzle|[of] p1a: Pelipper
|move|p2a: Ninetales|Weather Ball|p1a: Pelipper
|-resisted|p1a: Pelipper
|-damage|p1a: Pelipper|58/100
|
|-weather|RainDance|[upkeep]
|upkeep
|turn|6
|
|t:|1779866507
|switch|p2a: Raging Bolt|Raging Bolt, tera:Fairy|82/100
|move|p1a: Pelipper|Roost|p1a: Pelipper
|-heal|p1a: Pelipper|100/100
|-singleturn|p1a: Pelipper|move: Roost
|
|-weather|RainDance|[upkeep]
|upkeep
|turn|7
|
|t:|1779866517
|switch|p1a: Raging Bolt|Raging Bolt, tera:Fairy|58/100
|move|p2a: Raging Bolt|Weather Ball|p1a: Raging Bolt
|-damage|p1a: Raging Bolt|5/100
|
|-weather|RainDance|[upkeep]
|-heal|p1a: Raging Bolt|12/100|[from] item: Leftovers
|upkeep
|turn|8
|
|t:|1779866530
|move|p1a: Raging Bolt|Thunderclap|p2a: Raging Bolt
|-damage|p2a: Raging Bolt|59/100
|move|p2a: Raging Bolt|Weather Ball|p1a: Raging Bolt
|-damage|p1a: Raging Bolt|0 fnt
|faint|p1a: Raging Bolt
|-end|p1a: Raging Bolt|Protosynthesis|[silent]
|
|-weather|RainDance|[upkeep]
|upkeep
|
|t:|1779866532
|switch|p1a: Tentacruel|Tentacruel, F|100/100
|turn|9
|
|t:|1779866555
|move|p2a: Raging Bolt|Volt Switch|p1a: Tentacruel
|-supereffective|p1a: Tentacruel
|-damage|p1a: Tentacruel|66/100
|
|t:|1779866566
|-end|p2a: Raging Bolt|Protosynthesis|[silent]
|switch|p2a: Ninetales|Ninetales, F|100/100|[from] Volt Switch
|-weather|SunnyDay|[from] ability: Drought|[of] p2a: Ninetales
|move|p1a: Tentacruel|Mirror Coat|p2a: Ninetales
|-damage|p2a: Ninetales|13/100
|
|-weather|SunnyDay|[upkeep]
|upkeep
|turn|10
|inactive|lord shiddenfards has 120 seconds left.
|
|t:|1779866606
|switch|p2a: Alomomola|Alomomola, F|66/100
|move|p1a: Tentacruel|Flip Turn|p2a: Alomomola
|-resisted|p2a: Alomomola
|-damage|p2a: Alomomola|64/100
|
|t:|1779866617
|switch|p1a: Pelipper|Pelipper, L99, F|100/100|[from] Flip Turn
|-weather|RainDance|[from] ability: Drizzle|[of] p1a: Pelipper
|
|-weather|RainDance|[upkeep]
|upkeep
|turn|11
|
|t:|1779866625
|move|p2a: Alomomola|Wish|p2a: Alomomola
|move|p1a: Pelipper|Hurricane|p2a: Alomomola
|-damage|p2a: Alomomola|36/100
|
|-weather|RainDance|[upkeep]
|upkeep
|turn|12
|
|t:|1779866634
|move|p2a: Alomomola|Flip Turn|p1a: Pelipper
|-resisted|p1a: Pelipper
|-damage|p1a: Pelipper|92/100
|
|t:|1779866638
|switch|p2a: Raging Bolt|Raging Bolt, tera:Fairy|59/100|[from] Flip Turn
|move|p1a: Pelipper|U-turn|p2a: Raging Bolt
|-resisted|p2a: Raging Bolt
|-damage|p2a: Raging Bolt|56/100
|
|t:|1779866640
|switch|p1a: Tentacruel|Tentacruel, F|66/100|[from] U-turn
|
|-weather|RainDance|[upkeep]
|-heal|p1a: Tentacruel|72/100|[from] ability: Rain Dish
|-heal|p2a: Raging Bolt|100/100|[from] move: Wish|[wisher] Alomomola
|upkeep
|turn|13
|inactive|lord shiddenfards has 120 seconds left.
|
|t:|1779866675
|move|p2a: Raging Bolt|Volt Switch|p1a: Tentacruel
|-supereffective|p1a: Tentacruel
|-damage|p1a: Tentacruel|38/100
|l|‽dhklserdtfyguhi
|inactive|dhklserdtfyguhi disconnected and has a minute to reconnect!
|player|p1|
|
|t:|1779866679
|-end|p2a: Raging Bolt|Protosynthesis|[silent]
|switch|p2a: Alomomola|Alomomola, F|70/100|[from] Volt Switch
|move|p1a: Tentacruel|Mirror Coat|p2a: Alomomola
|-damage|p2a: Alomomola|18/100
|
|-weather|RainDance|[upkeep]
|-heal|p1a: Tentacruel|44/100|[from] ability: Rain Dish
|upkeep
|turn|14
|j|‽dhklserdtfyguhi
|inactive|dhklserdtfyguhi reconnected and has 130 seconds left.
|player|p1|dhklserdtfyguhi|elesa|
|n|‽dhklserdtfyguhi|dhklserdtfyguhi
|n|‽dhklserdtfyguhi|dhklserdtfyguhi
|
|t:|1779866702
|move|p1a: Tentacruel|Poison Jab|p2a: Alomomola
|-damage|p2a: Alomomola|4/100
|move|p2a: Alomomola|Wish|p2a: Alomomola
|
|-weather|RainDance|[upkeep]
|-heal|p1a: Tentacruel|50/100|[from] ability: Rain Dish
|upkeep
|turn|15
|
|t:|1779866715
|move|p2a: Alomomola|Protect|p2a: Alomomola
|-singleturn|p2a: Alomomola|Protect
|move|p1a: Tentacruel|Flip Turn|p2a: Alomomola
|-activate|p2a: Alomomola|move: Protect
|
|-weather|RainDance|[upkeep]
|-heal|p1a: Tentacruel|57/100|[from] ability: Rain Dish
|-heal|p2a: Alomomola|54/100|[from] move: Wish|[wisher] Alomomola
|upkeep
|turn|16
|
|t:|1779866721
|move|p1a: Tentacruel|Poison Jab|p2a: Alomomola
|-damage|p2a: Alomomola|41/100
|move|p2a: Alomomola|Flip Turn|p1a: Tentacruel
|-resisted|p1a: Tentacruel
|-damage|p1a: Tentacruel|41/100
|
|t:|1779866747
|switch|p2a: Raging Bolt|Raging Bolt, tera:Fairy|100/100|[from] Flip Turn
|
|-weather|RainDance|[upkeep]
|-heal|p1a: Tentacruel|47/100|[from] ability: Rain Dish
|upkeep
|turn|17
|
|t:|1779866753
|move|p2a: Raging Bolt|Volt Switch|p1a: Tentacruel
|-supereffective|p1a: Tentacruel
|-damage|p1a: Tentacruel|14/100
|
|t:|1779866756
|-end|p2a: Raging Bolt|Protosynthesis|[silent]
|switch|p2a: Alomomola|Alomomola, F|74/100|[from] Volt Switch
|move|p1a: Tentacruel|Mirror Coat|p2a: Alomomola
|-damage|p2a: Alomomola|24/100
|
|-weather|none
|upkeep
|turn|18
|
|t:|1779866761
|move|p1a: Tentacruel|Poison Jab|p2a: Alomomola
|-damage|p2a: Alomomola|10/100
|move|p2a: Alomomola|Flip Turn|p1a: Tentacruel
|-resisted|p1a: Tentacruel
|-damage|p1a: Tentacruel|4/100
|
|t:|1779866769
|switch|p2a: Raging Bolt|Raging Bolt, tera:Fairy|100/100|[from] Flip Turn
|
|upkeep
|turn|19
|
|t:|1779866773
|switch|p1a: Pawmot|Pawmot, F|100/100
|move|p2a: Raging Bolt|Volt Switch|p1a: Pawmot
|-immune|p1a: Pawmot|[from] ability: Volt Absorb
|
|upkeep
|turn|20
|
|t:|1779866782
|move|p1a: Pawmot|Nuzzle|p2a: Raging Bolt
|-damage|p2a: Raging Bolt|94/100
|-status|p2a: Raging Bolt|par
|move|p2a: Raging Bolt|Draco Meteor|p1a: Pawmot
|-damage|p1a: Pawmot|0 fnt
|-unboost|p2a: Raging Bolt|spa|2
|faint|p1a: Pawmot
|
|upkeep
|
|t:|1779866798
|switch|p1a: Tentacruel|Tentacruel, F|4/100
|turn|21
|
|t:|1779866800
|move|p1a: Tentacruel|Poison Jab|p2a: Raging Bolt
|-supereffective|p2a: Raging Bolt
|-damage|p2a: Raging Bolt|61/100 par
|move|p2a: Raging Bolt|Volt Switch|p1a: Tentacruel
|-supereffective|p1a: Tentacruel
|-damage|p1a: Tentacruel|0 fnt
|faint|p1a: Tentacruel
|
|t:|1779866812
|-end|p2a: Raging Bolt|Protosynthesis|[silent]
|switch|p2a: Alomomola|Alomomola, F|43/100|[from] Volt Switch
|
|upkeep
|
|t:|1779866817
|switch|p1a: Barraskewda|Barraskewda, F|100/100
|turn|22
|
|t:|1779866837
|move|p1a: Barraskewda|Close Combat|p2a: Alomomola
|-damage|p2a: Alomomola|14/100
|-unboost|p1a: Barraskewda|def|1
|-unboost|p1a: Barraskewda|spd|1
|move|p2a: Alomomola|Flip Turn|p1a: Barraskewda
|-resisted|p1a: Barraskewda
|-damage|p1a: Barraskewda|78/100
|-message|dhklserdtfyguhi forfeited.
|
|win|lord shiddenfards
|raw|dhklserdtfyguhi's rating: 1532 &rarr; <strong>1509</strong><br />(-23 for losing)
|raw|lord shiddenfards's rating: 1484 &rarr; <strong>1507</strong><br />(+23 for winning)
|l|‽dhklserdtfyguhi
|player|p1|
|l|☆lord shiddenfards
|player|p2|
