|j|☆badteamsub
|j|☆liannian
|t:|1779947888
|gametype|singles
|player|p1|badteamsub|backersf|1449
|player|p2|liannian|cynthia-gen4|1555
|gen|9
|tier|[Gen 9] OU
|rated|
|rule|HP Percentage Mod: HP is shown in percentages
|rule|Endless Battle Clause: Forcing endless battles is banned
|rule|Species Clause: Limit one of each Pokémon
|rule|OHKO Clause: OHKO moves are banned
|rule|Evasion Items Clause: Evasion items are banned
|rule|Evasion Moves Clause: Evasion moves are banned
|rule|Evasion Abilities Clause: Evasion abilities are banned
|rule|Sleep Moves Clause: Sleep-inducing moves are banned
|clearpoke
|poke|p1|Great Tusk|
|poke|p1|Slowking-Galar, F|
|poke|p1|Rotom-Wash|
|poke|p1|Blaziken, F|
|poke|p1|Enamorus, F|
|poke|p1|Dragonite, F|
|poke|p2|Talonflame, M|
|poke|p2|Pelipper, M|
|poke|p2|Hatterene, F|
|poke|p2|Raging Bolt|
|poke|p2|Barraskewda, M|
|poke|p2|Iron Treads|
|teampreview
|inactive|Battle timer is ON: inactive players will automatically lose when time's up. (requested by liannian)
|inactive|badteamsub has 120 seconds left.
|
|t:|1779947931
|teamsize|p1|6
|teamsize|p2|6
|start
|switch|p1a: Rotom|Rotom-Wash|100/100
|switch|p2a: Pelipper|Pelipper, M, shiny|100/100
|-weather|RainDance|[from] ability: Drizzle|[of] p2a: Pelipper
|turn|1
|
|t:|1779947938
|switch|p2a: 工具帽|Hatterene, F, shiny|100/100
|move|p1a: Rotom|Volt Switch|p2a: 工具帽
|-damage|p2a: 工具帽|77/100
|-enditem|p2a: 工具帽|Eject Button
|
|t:|1779947943
|switch|p2a: 雷电士兵|Raging Bolt|100/100
|
|-weather|RainDance|[upkeep]
|upkeep
|turn|2
|
|t:|1779947953
|switch|p1a: Slowking|Slowking-Galar, F|100/100
|move|p2a: 雷电士兵|Draco Meteor|p1a: Slowking
|-damage|p1a: Slowking|52/100
|-unboost|p2a: 雷电士兵|spa|2
|
|-weather|RainDance|[upkeep]
|-heal|p1a: Slowking|58/100|[from] item: Leftovers
|upkeep
|turn|3
|
|t:|1779947959
|-end|p2a: 雷电士兵|Protosynthesis|[silent]
|switch|p2a: 工具象|Iron Treads|100/100
|-item|p2a: 工具象|Air Balloon
|-prepare|p1a: Slowking|Chilly Reception|[premajor]
|move|p1a: Slowking|Chilly Reception|p1a: Slowking
|-weather|Snowscape
|
|t:|1779947965
|switch|p1a: Great Tusk|Great Tusk|100/100|[from] Chilly Reception
|
|-weather|Snowscape|[upkeep]
|upkeep
|turn|4
|
|t:|1779947969
|-end|p2a: 工具象|Quark Drive|[silent]
|switch|p2a: Pelipper|Pelipper, M, shiny|100/100
|-weather|RainDance|[from] ability: Drizzle|[of] p2a: Pelipper
|move|p1a: Great Tusk|Rapid Spin|p2a: Pelipper
|-damage|p2a: Pelipper|87/100
|-boost|p1a: Great Tusk|spe|1
|
|-weather|RainDance|[upkeep]
|upkeep
|turn|5
|
|t:|1779947974
|-end|p1a: Great Tusk|Protosynthesis|[silent]
|switch|p1a: Rotom|Rotom-Wash|100/100
|switch|p2a: 工具帽|Hatterene, F, shiny|77/100
|
|-weather|RainDance|[upkeep]
|upkeep
|turn|6
|
|t:|1779947981
|move|p1a: Rotom|Hydro Pump|p2a: 工具帽|[miss]
|-miss|p1a: Rotom|p2a: 工具帽
|move|p2a: 工具帽|Psychic Noise|p1a: Rotom
|-damage|p1a: Rotom|64/100
|-start|p1a: Rotom|move: Heal Block
|
|-weather|RainDance|[upkeep]
|upkeep
|turn|7
|
|t:|1779947986
|switch|p2a: 雷电士兵|Raging Bolt|100/100
|move|p1a: Rotom|Hydro Pump|p2a: 雷电士兵
|-resisted|p2a: 雷电士兵
|-damage|p2a: 雷电士兵|82/100
|
|-weather|RainDance|[upkeep]
|-end|p1a: Rotom|move: Heal Block
|upkeep
|turn|8
|
|t:|1779948000
|move|p1a: Rotom|Volt Switch|p2a: 雷电士兵
|-resisted|p2a: 雷电士兵
|-damage|p2a: 雷电士兵|79/100
|
|t:|1779948007
|switch|p1a: Slowking|Slowking-Galar, F|91/100|[from] Volt Switch
|move|p2a: 雷电士兵|Volt Switch|p1a: Slowking
|-damage|p1a: Slowking|68/100
|
|t:|1779948010
|-end|p2a: 雷电士兵|Protosynthesis|[silent]
|switch|p2a: 最快的男人|Barraskewda, M, shiny|100/100|[from] Volt Switch
|
|-weather|RainDance|[upkeep]
|-heal|p1a: Slowking|74/100|[from] item: Leftovers
|upkeep
|turn|9
|
|t:|1779948015
|switch|p1a: Dragonite|Dragonite, F|100/100
|-terastallize|p2a: 最快的男人|Water
|move|p2a: 最快的男人|Liquidation|p1a: Dragonite
|-resisted|p1a: Dragonite
|-damage|p1a: Dragonite|65/100
|-unboost|p1a: Dragonite|def|1
|
|-weather|RainDance|[upkeep]
|upkeep
|turn|10
|
|t:|1779948024
|move|p1a: Dragonite|Extreme Speed|p2a: 最快的男人
|-crit|p2a: 最快的男人
|-damage|p2a: 最快的男人|0 fnt
|faint|p2a: 最快的男人
|
|-weather|RainDance|[upkeep]
|upkeep
|
|t:|1779948029
|switch|p2a: 工具象|Iron Treads|100/100
|-item|p2a: 工具象|Air Balloon
|turn|11
|
|t:|1779948037
|switch|p1a: Great Tusk|Great Tusk|100/100
|move|p2a: 工具象|Ice Spinner|p1a: Great Tusk
|-supereffective|p1a: Great Tusk
|-damage|p1a: Great Tusk|60/100
|
|-weather|none
|upkeep
|turn|12
|
|t:|1779948043
|-end|p2a: 工具象|Quark Drive|[silent]
|switch|p2a: Pelipper|Pelipper, M, shiny|87/100
|-weather|RainDance|[from] ability: Drizzle|[of] p2a: Pelipper
|move|p1a: Great Tusk|Rapid Spin|p2a: Pelipper
|-damage|p2a: Pelipper|73/100
|-boost|p1a: Great Tusk|spe|1
|
|-weather|RainDance|[upkeep]
|upkeep
|turn|13
|
|t:|1779948054
|-end|p1a: Great Tusk|Protosynthesis|[silent]
|switch|p1a: Slowking|Slowking-Galar, F|100/100
|move|p2a: Pelipper|U-turn|p1a: Slowking
|-damage|p1a: Slowking|91/100
|
|t:|1779948057
|switch|p2a: 工具象|Iron Treads|100/100|[from] U-turn
|-item|p2a: 工具象|Air Balloon
|
|-weather|RainDance|[upkeep]
|-heal|p1a: Slowking|97/100|[from] item: Leftovers
|upkeep
|turn|14
|
|t:|1779948062
|move|p2a: 工具象|Ice Spinner|p1a: Slowking
|-damage|p1a: Slowking|69/100
|move|p1a: Slowking|Ice Beam|p2a: 工具象
|-damage|p2a: 工具象|68/100
|-enditem|p2a: 工具象|Air Balloon
|
|-weather|RainDance|[upkeep]
|-heal|p1a: Slowking|75/100|[from] item: Leftovers
|upkeep
|turn|15
|
|t:|1779948067
|move|p2a: 工具象|Ice Spinner|p1a: Slowking
|-damage|p1a: Slowking|47/100
|-prepare|p1a: Slowking|Chilly Reception|[premajor]
|move|p1a: Slowking|Chilly Reception|p1a: Slowking
|-weather|Snowscape
|
|t:|1779948080
|switch|p1a: Great Tusk|Great Tusk|60/100|[from] Chilly Reception
|
|-weather|Snowscape|[upkeep]
|upkeep
|turn|16
|
|t:|1779948084
|-end|p2a: 工具象|Quark Drive|[silent]
|switch|p2a: Pelipper|Pelipper, M, shiny|73/100
|-weather|RainDance|[from] ability: Drizzle|[of] p2a: Pelipper
|move|p1a: Great Tusk|Stealth Rock|p2a: Pelipper
|-sidestart|p2: liannian|move: Stealth Rock
|
|-weather|RainDance|[upkeep]
|upkeep
|turn|17
|
|t:|1779948099
|-end|p1a: Great Tusk|Protosynthesis|[silent]
|switch|p1a: Dragonite|Dragonite, F|65/100
|move|p2a: Pelipper|U-turn|p1a: Dragonite
|-resisted|p1a: Dragonite
|-damage|p1a: Dragonite|60/100
|
|t:|1779948102
|switch|p2a: 工具象|Iron Treads|68/100|[from] U-turn
|-damage|p2a: 工具象|65/100|[from] Stealth Rock
|
|-weather|RainDance|[upkeep]
|upkeep
|turn|18
|
|t:|1779948104
|move|p2a: 工具象|Ice Spinner|p1a: Dragonite
|-supereffective|p1a: Dragonite
|-damage|p1a: Dragonite|0 fnt
|faint|p1a: Dragonite
|
|-weather|RainDance|[upkeep]
|upkeep
|
|t:|1779948109
|switch|p1a: Enamorus|Enamorus, F|100/100
|turn|19
|
|t:|1779948112
|-end|p2a: 工具象|Quark Drive|[silent]
|switch|p2a: 工具帽|Hatterene, F, shiny|77/100
|-damage|p2a: 工具帽|65/100|[from] Stealth Rock
|move|p1a: Enamorus|Earth Power|p2a: 工具帽
|-damage|p2a: 工具帽|32/100
|
|-weather|RainDance|[upkeep]
|upkeep
|turn|20
|
|t:|1779948121
|switch|p1a: Rotom|Rotom-Wash|64/100
|move|p2a: 工具帽|Nuzzle|p1a: Rotom
|-damage|p1a: Rotom|60/100
|
|-weather|RainDance|[upkeep]
|-heal|p1a: Rotom|67/100|[from] item: Leftovers
|upkeep
|turn|21
|
|t:|1779948129
|move|p1a: Rotom|Hydro Pump|p2a: 工具帽
|-damage|p2a: 工具帽|0 fnt
|faint|p2a: 工具帽
|
|-weather|RainDance|[upkeep]
|-heal|p1a: Rotom|73/100|[from] item: Leftovers
|upkeep
|
|t:|1779948131
|switch|p2a: 工具象|Iron Treads|65/100
|-damage|p2a: 工具象|62/100|[from] Stealth Rock
|turn|22
|
|t:|1779948133
|move|p2a: 工具象|Rapid Spin|p1a: Rotom
|-damage|p1a: Rotom|58/100
|-boost|p2a: 工具象|spe|1
|-sideend|p2: liannian|Stealth Rock|[from] move: Rapid Spin|[of] p2a: 工具象
|move|p1a: Rotom|Hydro Pump|p2a: 工具象
|-supereffective|p2a: 工具象
|-damage|p2a: 工具象|0 fnt
|faint|p2a: 工具象
|-end|p2a: 工具象|Quark Drive|[silent]
|
|-weather|RainDance|[upkeep]
|-heal|p1a: Rotom|64/100|[from] item: Leftovers
|upkeep
|
|t:|1779948136
|switch|p2a: 雷电士兵|Raging Bolt|79/100
|turn|23
|
|t:|1779948144
|move|p1a: Rotom|Volt Switch|p2a: 雷电士兵
|-resisted|p2a: 雷电士兵
|-damage|p2a: 雷电士兵|75/100
|
|t:|1779948158
|switch|p1a: Slowking|Slowking-Galar, F|80/100|[from] Volt Switch
|move|p2a: 雷电士兵|Volt Switch|p1a: Slowking
|-damage|p1a: Slowking|55/100
|
|t:|1779948160
|-end|p2a: 雷电士兵|Protosynthesis|[silent]
|switch|p2a: 疾风之翼！|Talonflame, M, shiny|100/100|[from] Volt Switch
|
|-weather|none
|-heal|p1a: Slowking|61/100|[from] item: Leftovers
|upkeep
|turn|24
|
|t:|1779948164
|switch|p1a: Rotom|Rotom-Wash|64/100
|move|p2a: 疾风之翼！|Hurricane|p1a: Rotom
|-resisted|p1a: Rotom
|-damage|p1a: Rotom|29/100
|
|-heal|p1a: Rotom|35/100|[from] item: Leftovers
|upkeep
|turn|25
|
|t:|1779948174
|switch|p2a: 雷电士兵|Raging Bolt|75/100
|move|p1a: Rotom|Pain Split|p2a: 雷电士兵
|-sethp|p2a: 雷电士兵|50/100|[from] move: Pain Split|[silent]
|-sethp|p1a: Rotom|72/100|[from] move: Pain Split
|
|-heal|p1a: Rotom|78/100|[from] item: Leftovers
|upkeep
|turn|26
|
|t:|1779948179
|move|p1a: Rotom|Volt Switch|p2a: 雷电士兵
|-resisted|p2a: 雷电士兵
|-damage|p2a: 雷电士兵|46/100
|
|t:|1779948187
|switch|p1a: Slowking|Slowking-Galar, F|95/100|[from] Volt Switch
|move|p2a: 雷电士兵|Draco Meteor|p1a: Slowking
|-damage|p1a: Slowking|50/100
|-unboost|p2a: 雷电士兵|spa|2
|
|-heal|p1a: Slowking|57/100|[from] item: Leftovers
|upkeep
|turn|27
|
|t:|1779948195
|-end|p2a: 雷电士兵|Protosynthesis|[silent]
|switch|p2a: Pelipper|Pelipper, M, shiny|73/100
|-weather|RainDance|[from] ability: Drizzle|[of] p2a: Pelipper
|-prepare|p1a: Slowking|Chilly Reception|[premajor]
|move|p1a: Slowking|Chilly Reception|p1a: Slowking
|-weather|Snowscape
|
|t:|1779948198
|switch|p1a: Great Tusk|Great Tusk|60/100|[from] Chilly Reception
|
|-weather|Snowscape|[upkeep]
|upkeep
|turn|28
|
|t:|1779948201
|move|p1a: Great Tusk|Stealth Rock|p2a: Pelipper
|-sidestart|p2: liannian|move: Stealth Rock
|move|p2a: Pelipper|Surf|p1a: Great Tusk
|-supereffective|p1a: Great Tusk
|-damage|p1a: Great Tusk|0 fnt
|faint|p1a: Great Tusk
|-end|p1a: Great Tusk|Protosynthesis|[silent]
|
|-weather|Snowscape|[upkeep]
|upkeep
|
|t:|1779948204
|switch|p1a: Rotom|Rotom-Wash|78/100
|turn|29
|
|t:|1779948206
|switch|p2a: 雷电士兵|Raging Bolt|46/100
|-damage|p2a: 雷电士兵|34/100|[from] Stealth Rock
|move|p1a: Rotom|Volt Switch|p2a: 雷电士兵
|-resisted|p2a: 雷电士兵
|-damage|p2a: 雷电士兵|30/100
|
|t:|1779948210
|switch|p1a: Enamorus|Enamorus, F|100/100|[from] Volt Switch
|
|-weather|Snowscape|[upkeep]
|upkeep
|turn|30
|
|t:|1779948213
|move|p2a: 雷电士兵|Thunderclap|p1a: Enamorus
|-supereffective|p1a: Enamorus
|-damage|p1a: Enamorus|0 fnt
|faint|p1a: Enamorus
|
|-weather|Snowscape|[upkeep]
|upkeep
|
|t:|1779948218
|switch|p1a: Slowking|Slowking-Galar, F|90/100
|turn|31
|
|t:|1779948225
|-end|p2a: 雷电士兵|Protosynthesis|[silent]
|switch|p2a: Pelipper|Pelipper, M, shiny|73/100
|-damage|p2a: Pelipper|48/100|[from] Stealth Rock
|-weather|RainDance|[from] ability: Drizzle|[of] p2a: Pelipper
|move|p1a: Slowking|Future Sight|p2a: Pelipper
|-start|p1a: Slowking|move: Future Sight
|
|-weather|RainDance|[upkeep]
|-heal|p1a: Slowking|96/100|[from] item: Leftovers
|upkeep
|turn|32
|
|t:|1779948233
|move|p2a: Pelipper|Roost|p2a: Pelipper
|-heal|p2a: Pelipper|98/100
|-singleturn|p2a: Pelipper|move: Roost
|-prepare|p1a: Slowking|Chilly Reception|[premajor]
|move|p1a: Slowking|Chilly Reception|p1a: Slowking
|-weather|Snowscape
|
|t:|1779948237
|switch|p1a: Rotom|Rotom-Wash|78/100|[from] Chilly Reception
|
|-weather|Snowscape|[upkeep]
|-heal|p1a: Rotom|84/100|[from] item: Leftovers
|upkeep
|turn|33
|
|t:|1779948243
|switch|p2a: 雷电士兵|Raging Bolt|30/100
|-damage|p2a: 雷电士兵|18/100|[from] Stealth Rock
|move|p1a: Rotom|Volt Switch|p2a: 雷电士兵
|-resisted|p2a: 雷电士兵
|-damage|p2a: 雷电士兵|14/100
|
|t:|1779948247
|switch|p1a: Slowking|Slowking-Galar, F|100/100|[from] Volt Switch
|
|-weather|Snowscape|[upkeep]
|-end|p2a: 雷电士兵|move: Future Sight
|-damage|p2a: 雷电士兵|0 fnt
|faint|p2a: 雷电士兵
|-end|p2a: 雷电士兵|Protosynthesis|[silent]
|upkeep
|
|t:|1779948257
|switch|p2a: 疾风之翼！|Talonflame, M, shiny|100/100
|-damage|p2a: 疾风之翼！|51/100|[from] Stealth Rock
|turn|34
|
|t:|1779948261
|move|p2a: 疾风之翼！|Hurricane|p1a: Slowking|[miss]
|-miss|p2a: 疾风之翼！|p1a: Slowking
|move|p1a: Slowking|Future Sight|p2a: 疾风之翼！
|-start|p1a: Slowking|move: Future Sight
|
|-weather|Snowscape|[upkeep]
|upkeep
|turn|35
|
|t:|1779948267
|move|p2a: 疾风之翼！|Hurricane|p1a: Slowking
|-damage|p1a: Slowking|59/100
|-start|p1a: Slowking|confusion
|-prepare|p1a: Slowking|Chilly Reception|[premajor]
|-activate|p1a: Slowking|confusion
|move|p1a: Slowking|Chilly Reception|p1a: Slowking
|
|t:|1779948270
|switch|p1a: Rotom|Rotom-Wash|84/100|[from] Chilly Reception
|
|-weather|Snowscape|[upkeep]
|-heal|p1a: Rotom|91/100|[from] item: Leftovers
|upkeep
|turn|36
|
|t:|1779948272
|switch|p2a: Pelipper|Pelipper, M, shiny|98/100
|-damage|p2a: Pelipper|73/100|[from] Stealth Rock
|-weather|RainDance|[from] ability: Drizzle|[of] p2a: Pelipper
|move|p1a: Rotom|Volt Switch|p2a: Pelipper
|-supereffective|p2a: Pelipper
|-damage|p2a: Pelipper|0 fnt
|faint|p2a: Pelipper
|
|t:|1779948281
|switch|p1a: Slowking|Slowking-Galar, F|92/100|[from] Volt Switch
|
|-weather|RainDance|[upkeep]
|-hint|Future Sight did not hit because the target is fainted.
|-heal|p1a: Slowking|98/100|[from] item: Leftovers
|upkeep
|
|t:|1779948286
|switch|p2a: 疾风之翼！|Talonflame, M, shiny|51/100
|-damage|p2a: 疾风之翼！|1/100|[from] Stealth Rock
|turn|37
|
|t:|1779948288
|move|p2a: 疾风之翼！|Hurricane|p1a: Slowking
|-damage|p1a: Slowking|59/100
|move|p1a: Slowking|Ice Beam|p2a: 疾风之翼！
|-crit|p2a: 疾风之翼！
|-damage|p2a: 疾风之翼！|0 fnt
|faint|p2a: 疾风之翼！
|
|win|badteamsub
|raw|badteamsub's rating: 1449 &rarr; <strong>1475</strong><br />(+26 for winning)
|raw|liannian's rating: 1555 &rarr; <strong>1529</strong><br />(-26 for losing)
|l|☆liannian
|player|p2|
|l|☆badteamsub
|player|p1|
