|j|☆BarqsGotBite
|j|☆Somnia XP
|t:|1779850375
|gametype|singles
|player|p1|BarqsGotBite|ethan|1256
|player|p2|Somnia XP|unknownf|1230
|gen|9
|tier|[Gen 9] OU
|rated|
|rule|HP Percentage Mod: HP is shown in percentages
|rule|Endless Battle Clause: Forcing endless battles is banned
|rule|Species Clause: Limit one of each Pokémon
|rule|OHKO Clause: OHKO moves are banned
|rule|Evasion Items Clause: Evasion items are banned
|rule|Evasion Moves Clause: Evasion moves are banned
|rule|Evasion Abilities Clause: Evasion abilities are banned
|rule|Sleep Moves Clause: Sleep-inducing moves are banned
|clearpoke
|poke|p1|Ariados, M|
|poke|p1|Zapdos|
|poke|p1|Garganacl, M|
|poke|p1|Dragapult, M|
|poke|p1|Iron Moth|
|poke|p1|Iron Treads|
|poke|p2|Hydreigon, F|
|poke|p2|Tinkaton, F|
|poke|p2|Zamazenta-*|
|poke|p2|Pecharunt|
|poke|p2|Slowking-Galar, F|
|poke|p2|Ogerpon, F|
|teampreview
|
|t:|1779850398
|teamsize|p1|6
|teamsize|p2|6
|start
|switch|p1a: Ariados|Ariados, M|100/100
|switch|p2a: Tinkaton|Tinkaton, F|100/100
|-item|p2a: Tinkaton|Air Balloon
|turn|1
|
|t:|1779850405
|move|p2a: Tinkaton|Stealth Rock|p1a: Ariados
|-sidestart|p1: BarqsGotBite|move: Stealth Rock
|move|p1a: Ariados|Sticky Web|p2a: Tinkaton
|-sidestart|p2: Somnia XP|move: Sticky Web
|
|upkeep
|turn|2
|
|t:|1779850409
|move|p2a: Tinkaton|Knock Off|p1a: Ariados
|-damage|p1a: Ariados|77/100
|-enditem|p1a: Ariados|Focus Sash|[from] move: Knock Off|[of] p2a: Tinkaton
|move|p1a: Ariados|Knock Off|p2a: Tinkaton
|-resisted|p2a: Tinkaton
|-damage|p2a: Tinkaton|88/100
|-enditem|p2a: Tinkaton|Air Balloon
|
|upkeep
|turn|3
|
|t:|1779850423
|switch|p1a: Iron Treads|Iron Treads, shiny|100/100
|move|p2a: Tinkaton|Knock Off|p1a: Iron Treads
|-damage|p1a: Iron Treads|86/100
|-enditem|p1a: Iron Treads|Heavy-Duty Boots|[from] move: Knock Off|[of] p2a: Tinkaton
|
|upkeep
|turn|4
|
|t:|1779850427
|switch|p2a: Pecharunt|Pecharunt|100/100
|move|p1a: Iron Treads|Earthquake|p2a: Pecharunt
|-supereffective|p2a: Pecharunt
|-damage|p2a: Pecharunt|60/100
|
|upkeep
|turn|5
|
|t:|1779850433
|move|p1a: Iron Treads|Knock Off|p2a: Pecharunt
|-supereffective|p2a: Pecharunt
|-damage|p2a: Pecharunt|33/100
|-enditem|p2a: Pecharunt|Heavy-Duty Boots|[from] move: Knock Off|[of] p1a: Iron Treads
|move|p2a: Pecharunt|Parting Shot|p1a: Iron Treads
|-unboost|p1a: Iron Treads|atk|1
|-unboost|p1a: Iron Treads|spa|1
|inactive|Battle timer is ON: inactive players will automatically lose when time's up. (requested by BarqsGotBite)
|
|t:|1779850460
|switch|p2a: Hydreigon|Hydreigon, F|100/100|[from] Parting Shot
|
|upkeep
|turn|6
|
|t:|1779850468
|-end|p1a: Iron Treads|Quark Drive|[silent]
|switch|p1a: Zapdos|Zapdos|100/100
|move|p2a: Hydreigon|Dark Pulse|p1a: Zapdos
|-damage|p1a: Zapdos|39/100
|
|upkeep
|turn|7
|
|t:|1779850478
|switch|p2a: Slowking|Slowking-Galar, F|100/100
|move|p1a: Zapdos|U-turn|p2a: Slowking
|-damage|p2a: Slowking|88/100
|
|t:|1779850483
|switch|p1a: Iron Treads|Iron Treads, shiny|86/100|[from] U-turn
|-damage|p1a: Iron Treads|82/100|[from] Stealth Rock
|
|upkeep
|turn|8
|
|t:|1779850493
|switch|p2a: Ogerpon|Ogerpon, F|100/100
|move|p1a: Iron Treads|Earthquake|p2a: Ogerpon
|-resisted|p2a: Ogerpon
|-damage|p2a: Ogerpon|72/100
|
|upkeep
|turn|9
|
|t:|1779850503
|move|p2a: Ogerpon|Ivy Cudgel|p1a: Iron Treads
|-damage|p1a: Iron Treads|35/100
|move|p1a: Iron Treads|Rapid Spin|p2a: Ogerpon
|-damage|p2a: Ogerpon|49/100
|-boost|p1a: Iron Treads|spe|1
|-sideend|p1: BarqsGotBite|Stealth Rock|[from] move: Rapid Spin|[of] p1a: Iron Treads
|
|upkeep
|turn|10
|
|t:|1779850515
|move|p1a: Iron Treads|Ice Spinner|p2a: Ogerpon
|-supereffective|p2a: Ogerpon
|-damage|p2a: Ogerpon|0 fnt
|faint|p2a: Ogerpon
|
|upkeep
|inactive|Somnia XP has 120 seconds left.
|
|t:|1779850555
|switch|p2a: Pecharunt|Pecharunt|33/100
|-activate|p2a: Pecharunt|move: Sticky Web
|-unboost|p2a: Pecharunt|spe|1
|turn|11
|
|t:|1779850559
|-terastallize|p2a: Pecharunt|Dark
|move|p1a: Iron Treads|Earthquake|p2a: Pecharunt
|-damage|p2a: Pecharunt|9/100
|move|p2a: Pecharunt|Recover|p2a: Pecharunt
|-heal|p2a: Pecharunt|59/100
|
|upkeep
|turn|12
|
|t:|1779850577
|-end|p1a: Iron Treads|Quark Drive|[silent]
|switch|p1a: Ariados|Ariados, M|77/100
|move|p2a: Pecharunt|Recover|p2a: Pecharunt
|-heal|p2a: Pecharunt|100/100
|
|upkeep
|turn|13
|
|t:|1779850581
|switch|p2a: Tinkaton|Tinkaton, F|88/100
|-activate|p2a: Tinkaton|move: Sticky Web
|-unboost|p2a: Tinkaton|spe|1
|move|p1a: Ariados|Toxic|p2a: Tinkaton
|-immune|p2a: Tinkaton
|
|upkeep
|turn|14
|
|t:|1779850593
|switch|p1a: Zapdos|Zapdos|39/100
|move|p2a: Tinkaton|Gigaton Hammer|p1a: Zapdos
|-resisted|p1a: Zapdos
|-damage|p1a: Zapdos|23/100
|
|upkeep
|turn|15
|
|t:|1779850598
|move|p1a: Zapdos|U-turn|p2a: Tinkaton
|-resisted|p2a: Tinkaton
|-damage|p2a: Tinkaton|84/100
|-enditem|p1a: Zapdos|Heavy-Duty Boots|[silent]|[from] ability: Pickpocket|[of] p1a: Zapdos
|-item|p2a: Tinkaton|Heavy-Duty Boots|[from] ability: Pickpocket|[of] p1a: Zapdos
|
|t:|1779850608
|switch|p1a: Iron Treads|Iron Treads, shiny|35/100|[from] U-turn
|move|p2a: Tinkaton|Stealth Rock|p1a: Iron Treads
|-sidestart|p1: BarqsGotBite|move: Stealth Rock
|
|upkeep
|turn|16
|
|t:|1779850618
|move|p1a: Iron Treads|Rapid Spin|p2a: Tinkaton
|-resisted|p2a: Tinkaton
|-damage|p2a: Tinkaton|76/100
|-boost|p1a: Iron Treads|spe|1
|-sideend|p1: BarqsGotBite|Stealth Rock|[from] move: Rapid Spin|[of] p1a: Iron Treads
|move|p2a: Tinkaton|Gigaton Hammer|p1a: Iron Treads
|-resisted|p1a: Iron Treads
|-damage|p1a: Iron Treads|14/100
|
|upkeep
|turn|17
|
|t:|1779850625
|switch|p2a: Pecharunt|Pecharunt, tera:Dark|100/100
|-activate|p2a: Pecharunt|move: Sticky Web
|-unboost|p2a: Pecharunt|spe|1
|move|p1a: Iron Treads|Earthquake|p2a: Pecharunt
|-damage|p2a: Pecharunt|78/100
|
|upkeep
|turn|18
|
|t:|1779850627
|move|p1a: Iron Treads|Knock Off|p2a: Pecharunt
|-resisted|p2a: Pecharunt
|-damage|p2a: Pecharunt|73/100
|move|p2a: Pecharunt|Parting Shot|p1a: Iron Treads
|-unboost|p1a: Iron Treads|atk|1
|-unboost|p1a: Iron Treads|spa|1
|
|t:|1779850643
|switch|p2a: Tinkaton|Tinkaton, F|76/100|[from] Parting Shot
|
|upkeep
|turn|19
|
|t:|1779850648
|switch|p2a: Pecharunt|Pecharunt, tera:Dark|73/100
|-activate|p2a: Pecharunt|move: Sticky Web
|-unboost|p2a: Pecharunt|spe|1
|move|p1a: Iron Treads|Knock Off|p2a: Pecharunt
|-resisted|p2a: Pecharunt
|-damage|p2a: Pecharunt|70/100
|
|upkeep
|turn|20
|
|t:|1779850658
|-end|p1a: Iron Treads|Quark Drive|[silent]
|switch|p1a: Zapdos|Zapdos|23/100
|move|p2a: Pecharunt|Foul Play|p1a: Zapdos
|-damage|p1a: Zapdos|0 fnt
|-status|p2a: Pecharunt|par|[from] ability: Static|[of] p1a: Zapdos
|faint|p1a: Zapdos
|
|upkeep
|
|t:|1779850669
|switch|p1a: Iron Moth|Iron Moth, shiny|100/100
|-enditem|p1a: Iron Moth|Booster Energy
|-activate|p1a: Iron Moth|ability: Quark Drive|[fromitem]
|-start|p1a: Iron Moth|quarkdrivespe
|turn|21
|
|t:|1779850672
|switch|p2a: Slowking|Slowking-Galar, F|100/100
|move|p1a: Iron Moth|Fiery Dance|p2a: Slowking
|-crit|p2a: Slowking
|-damage|p2a: Slowking|65/100
|-boost|p1a: Iron Moth|spa|1
|
|upkeep
|turn|22
|
|t:|1779850680
|move|p1a: Iron Moth|Fiery Dance|p2a: Slowking
|-damage|p2a: Slowking|33/100
|move|p2a: Slowking|Future Sight|p1a: Iron Moth
|-start|p2a: Slowking|move: Future Sight
|
|upkeep
|turn|23
|
|t:|1779850695
|move|p1a: Iron Moth|Fiery Dance|p2a: Slowking
|-damage|p2a: Slowking|0 fnt
|-boost|p1a: Iron Moth|spa|1
|faint|p2a: Slowking
|
|upkeep
|
|t:|1779850702
|switch|p2a: Zamazenta|Zamazenta|100/100
|-activate|p2a: Zamazenta|move: Sticky Web
|-unboost|p2a: Zamazenta|spe|1
|-ability|p2a: Zamazenta|Dauntless Shield|boost
|-boost|p2a: Zamazenta|def|1
|turn|24
|
|t:|1779850707
|-terastallize|p1a: Iron Moth|Grass
|move|p1a: Iron Moth|Energy Ball|p2a: Zamazenta
|-damage|p2a: Zamazenta|35/100
|-unboost|p2a: Zamazenta|spd|1
|move|p2a: Zamazenta|Body Press|p1a: Iron Moth
|-damage|p1a: Iron Moth|7/100
|
|-end|p1a: Iron Moth|move: Future Sight
|-damage|p1a: Iron Moth|0 fnt
|faint|p1a: Iron Moth
|-end|p1a: Iron Moth|Quark Drive|[silent]
|-heal|p2a: Zamazenta|41/100|[from] item: Leftovers
|upkeep
|
|t:|1779850723
|switch|p1a: Ariados|Ariados, M|77/100
|turn|25
|
|t:|1779850729
|move|p2a: Zamazenta|Substitute|p2a: Zamazenta
|-start|p2a: Zamazenta|Substitute
|-damage|p2a: Zamazenta|16/100
|move|p1a: Ariados|Toxic||[still]
|-fail|p1a: Ariados
|
|-heal|p2a: Zamazenta|22/100|[from] item: Leftovers
|upkeep
|turn|26
|
|t:|1779850733
|move|p2a: Zamazenta|Iron Defense|p2a: Zamazenta
|-boost|p2a: Zamazenta|def|2
|move|p1a: Ariados|Knock Off|p2a: Zamazenta
|-resisted|p2a: Zamazenta
|-activate|p2a: Zamazenta|move: Substitute|[damage]
|
|-heal|p2a: Zamazenta|28/100|[from] item: Leftovers
|upkeep
|turn|27
|
|t:|1779850741
|switch|p1a: Dragapult|Dragapult, M|100/100
|move|p2a: Zamazenta|Iron Defense|p2a: Zamazenta
|-boost|p2a: Zamazenta|def|2
|
|-heal|p2a: Zamazenta|35/100|[from] item: Leftovers
|upkeep
|turn|28
|
|t:|1779850749
|switch|p2a: Tinkaton|Tinkaton, F|76/100
|move|p1a: Dragapult|Psychic Fangs|p2a: Tinkaton
|-resisted|p2a: Tinkaton
|-damage|p2a: Tinkaton|56/100
|-damage|p1a: Dragapult|91/100|[from] item: Life Orb
|
|upkeep
|turn|29
|
|t:|1779850757
|move|p1a: Dragapult|U-turn|p2a: Tinkaton
|-resisted|p2a: Tinkaton
|-damage|p2a: Tinkaton|48/100
|-damage|p1a: Dragapult|81/100|[from] item: Life Orb
|
|t:|1779850761
|switch|p1a: Iron Treads|Iron Treads, shiny|14/100|[from] U-turn
|move|p2a: Tinkaton|Gigaton Hammer|p1a: Iron Treads
|-resisted|p1a: Iron Treads
|-damage|p1a: Iron Treads|0 fnt
|faint|p1a: Iron Treads
|-end|p1a: Iron Treads|Quark Drive|[silent]
|
|upkeep
|
|t:|1779850765
|switch|p1a: Garganacl|Garganacl, M, shiny|100/100
|turn|30
|
|t:|1779850784
|switch|p2a: Pecharunt|Pecharunt, tera:Dark|70/100 par
|-activate|p2a: Pecharunt|move: Sticky Web
|-unboost|p2a: Pecharunt|spe|1
|move|p1a: Garganacl|Salt Cure|p2a: Pecharunt
|-crit|p2a: Pecharunt
|-damage|p2a: Pecharunt|60/100 par
|-start|p2a: Pecharunt|Salt Cure
|
|-damage|p2a: Pecharunt|48/100 par|[from] Salt Cure
|upkeep
|turn|31
|
|t:|1779850792
|switch|p2a: Tinkaton|Tinkaton, F|48/100
|move|p1a: Garganacl|Stealth Rock|p2a: Tinkaton
|-sidestart|p2: Somnia XP|move: Stealth Rock
|
|upkeep
|turn|32
|
|t:|1779850797
|move|p2a: Tinkaton|Encore|p1a: Garganacl
|-start|p1a: Garganacl|Encore
|move|p1a: Garganacl|Stealth Rock||[still]
|-fail|p1a: Garganacl
|
|upkeep
|turn|33
|
|t:|1779850814
|switch|p1a: Ariados|Ariados, M|77/100
|move|p2a: Tinkaton|Gigaton Hammer|p1a: Ariados
|-damage|p1a: Ariados|17/100
|
|upkeep
|turn|34
|
|t:|1779850828
|switch|p1a: Garganacl|Garganacl, M, shiny|100/100
|move|p2a: Tinkaton|Stealth Rock|p1a: Garganacl
|-sidestart|p1: BarqsGotBite|move: Stealth Rock
|
|upkeep
|turn|35
|
|t:|1779850834
|switch|p2a: Pecharunt|Pecharunt, tera:Dark|48/100 par
|-activate|p2a: Pecharunt|move: Sticky Web
|-unboost|p2a: Pecharunt|spe|1
|-damage|p2a: Pecharunt|35/100 par|[from] Stealth Rock
|move|p1a: Garganacl|Salt Cure|p2a: Pecharunt
|-damage|p2a: Pecharunt|29/100 par
|-start|p2a: Pecharunt|Salt Cure
|
|-damage|p2a: Pecharunt|17/100 par|[from] Salt Cure
|upkeep
|turn|36
|
|t:|1779850846
|move|p1a: Garganacl|Salt Cure|p2a: Pecharunt
|-damage|p2a: Pecharunt|9/100 par
|cant|p2a: Pecharunt|par
|
|-damage|p2a: Pecharunt|0 fnt|[from] Salt Cure
|faint|p2a: Pecharunt
|upkeep
|
|t:|1779850864
|switch|p2a: Tinkaton|Tinkaton, F|48/100
|turn|37
|
|t:|1779850868
|move|p2a: Tinkaton|Gigaton Hammer|p1a: Garganacl
|-supereffective|p1a: Garganacl
|-damage|p1a: Garganacl|57/100
|move|p1a: Garganacl|Salt Cure|p2a: Tinkaton
|-resisted|p2a: Tinkaton
|-damage|p2a: Tinkaton|40/100
|-start|p2a: Tinkaton|Salt Cure
|
|-heal|p1a: Garganacl|64/100|[from] item: Leftovers
|-damage|p2a: Tinkaton|15/100|[from] Salt Cure
|upkeep
|turn|38
|inactive|Somnia XP has 120 seconds left.
|
|t:|1779850909
|switch|p2a: Zamazenta|Zamazenta|35/100
|-activate|p2a: Zamazenta|move: Sticky Web
|-unboost|p2a: Zamazenta|spe|1
|-damage|p2a: Zamazenta|28/100|[from] Stealth Rock
|move|p1a: Garganacl|Salt Cure|p2a: Zamazenta
|-resisted|p2a: Zamazenta
|-damage|p2a: Zamazenta|23/100
|-start|p2a: Zamazenta|Salt Cure
|
|-heal|p2a: Zamazenta|29/100|[from] item: Leftovers
|-heal|p1a: Garganacl|70/100|[from] item: Leftovers
|-damage|p2a: Zamazenta|17/100|[from] Salt Cure
|upkeep
|turn|39
|inactive|Somnia XP has 120 seconds left.
|
|t:|1779850922
|move|p2a: Zamazenta|Crunch|p1a: Garganacl
|-damage|p1a: Garganacl|59/100
|move|p1a: Garganacl|Salt Cure|p2a: Zamazenta
|-resisted|p2a: Zamazenta
|-damage|p2a: Zamazenta|12/100
|
|-heal|p2a: Zamazenta|18/100|[from] item: Leftovers
|-heal|p1a: Garganacl|65/100|[from] item: Leftovers
|-damage|p2a: Zamazenta|5/100|[from] Salt Cure
|upkeep
|turn|40
|
|t:|1779850934
|move|p1a: Garganacl|Protect|p1a: Garganacl
|-singleturn|p1a: Garganacl|Protect
|move|p2a: Zamazenta|Body Press|p1a: Garganacl
|-activate|p1a: Garganacl|move: Protect
|
|-heal|p2a: Zamazenta|12/100|[from] item: Leftovers
|-heal|p1a: Garganacl|72/100|[from] item: Leftovers
|-damage|p2a: Zamazenta|0 fnt|[from] Salt Cure
|faint|p2a: Zamazenta
|upkeep
|-message|Somnia XP forfeited.
|
|win|BarqsGotBite
|raw|BarqsGotBite's rating: 1256 &rarr; <strong>1279</strong><br />(+23 for winning)
|raw|Somnia XP's rating: 1230 &rarr; <strong>1207</strong><br />(-23 for losing)
|l|☆Somnia XP
|player|p2|
|l|☆BarqsGotBite
|player|p1|
