|j|☆Snoboh
|j|‽Elekid95
|t:|1779819634
|gametype|singles
|player|p1|Snoboh|gentleman-gen4|1384
|player|p2|Elekid95|may-masters4|1350
|gen|9
|tier|[Gen 9] OU
|rated|
|rule|HP Percentage Mod: HP is shown in percentages
|rule|Endless Battle Clause: Forcing endless battles is banned
|rule|Species Clause: Limit one of each Pokémon
|rule|OHKO Clause: OHKO moves are banned
|rule|Evasion Items Clause: Evasion items are banned
|rule|Evasion Moves Clause: Evasion moves are banned
|rule|Evasion Abilities Clause: Evasion abilities are banned
|rule|Sleep Moves Clause: Sleep-inducing moves are banned
|clearpoke
|poke|p1|Pincurchin, M|
|poke|p1|Iron Moth|
|poke|p1|Iron Leaves|
|poke|p1|Iron Boulder|
|poke|p1|Iron Treads|
|poke|p1|Iron Valiant|
|poke|p2|Skeledirge, M|
|poke|p2|Quaquaval, F|
|poke|p2|Meowscarada, F|
|poke|p2|Oinkologne, M|
|poke|p2|Pawmot, M|
|poke|p2|Ceruledge, M|
|teampreview
|inactive|Battle timer is ON: inactive players will automatically lose when time's up. (requested by Elekid95)
|inactive|Snoboh also wants the timer to be on.
|
|t:|1779819664
|teamsize|p1|6
|teamsize|p2|6
|start
|switch|p1a: Pincurchin|Pincurchin, M|100/100
|switch|p2a: Meowscarada|Meowscarada, F, shiny|100/100
|-fieldstart|move: Electric Terrain|[from] ability: Electric Surge|[of] p1a: Pincurchin
|turn|1
|
|t:|1779819680
|switch|p1a: Iron Valiant|Iron Valiant|100/100
|-activate|p1a: Iron Valiant|ability: Quark Drive
|-start|p1a: Iron Valiant|quarkdrivespe
|move|p2a: Meowscarada|Knock Off|p1a: Iron Valiant
|-start|p2a: Meowscarada|typechange|Dark|[from] ability: Protean
|-resisted|p1a: Iron Valiant
|-damage|p1a: Iron Valiant|85/100
|-enditem|p1a: Iron Valiant|Life Orb|[from] move: Knock Off|[of] p2a: Meowscarada
|
|upkeep
|turn|2
|
|t:|1779819695
|switch|p2a: Ceruledge|Ceruledge, M|100/100
|move|p1a: Iron Valiant|Moonblast|p2a: Ceruledge
|-resisted|p2a: Ceruledge
|-damage|p2a: Ceruledge|75/100
|
|upkeep
|turn|3
|
|t:|1779819703
|move|p1a: Iron Valiant|Liquidation|p2a: Ceruledge
|-supereffective|p2a: Ceruledge
|-damage|p2a: Ceruledge|5/100
|-ability|p2a: Ceruledge|Weak Armor|boost
|-unboost|p2a: Ceruledge|def|1
|-boost|p2a: Ceruledge|spe|2
|move|p2a: Ceruledge|Swords Dance|p2a: Ceruledge
|-boost|p2a: Ceruledge|atk|2
|
|upkeep
|turn|4
|
|t:|1779819711
|move|p2a: Ceruledge|Bitter Blade|p1a: Iron Valiant
|-damage|p1a: Iron Valiant|0 fnt
|-heal|p2a: Ceruledge|47/100|[from] drain|[of] p1a: Iron Valiant
|faint|p1a: Iron Valiant
|-end|p1a: Iron Valiant|Quark Drive|[silent]
|-damage|p2a: Ceruledge|37/100|[from] item: Life Orb
|
|upkeep
|
|t:|1779819721
|switch|p1a: Iron Moth|Iron Moth|100/100
|-activate|p1a: Iron Moth|ability: Quark Drive
|-start|p1a: Iron Moth|quarkdrivespe
|turn|5
|
|t:|1779819744
|move|p2a: Ceruledge|Poltergeist|p1a: Iron Moth|[miss]
|-miss|p2a: Ceruledge|p1a: Iron Moth
|move|p1a: Iron Moth|Sludge Wave|p2a: Ceruledge
|-resisted|p2a: Ceruledge
|-crit|p2a: Ceruledge
|-damage|p2a: Ceruledge|0 fnt
|faint|p2a: Ceruledge
|
|upkeep
|
|t:|1779819752
|switch|p2a: Quaquaval|Quaquaval, F, shiny|100/100
|turn|6
|
|t:|1779819756
|-end|p1a: Iron Moth|Quark Drive|[silent]
|switch|p1a: Iron Leaves|Iron Leaves|100/100
|-activate|p1a: Iron Leaves|ability: Quark Drive
|-start|p1a: Iron Leaves|quarkdrivespe
|move|p2a: Quaquaval|Aqua Step|p1a: Iron Leaves
|-resisted|p1a: Iron Leaves
|-damage|p1a: Iron Leaves|77/100
|-boost|p2a: Quaquaval|spe|1
|
|upkeep
|turn|7
|
|t:|1779819773
|switch|p2a: Skeledirge|Skeledirge, M, shiny|100/100
|move|p1a: Iron Leaves|Leaf Blade|p2a: Skeledirge
|-resisted|p2a: Skeledirge
|-damage|p2a: Skeledirge|81/100
|
|upkeep
|turn|8
|
|t:|1779819781
|-end|p1a: Iron Leaves|Quark Drive|[silent]
|switch|p1a: Iron Treads|Iron Treads|100/100
|-activate|p1a: Iron Treads|ability: Quark Drive
|-start|p1a: Iron Treads|quarkdrivespe
|move|p2a: Skeledirge|Will-O-Wisp|p1a: Iron Treads
|-status|p1a: Iron Treads|brn
|
|-damage|p1a: Iron Treads|94/100 brn|[from] brn
|-fieldend|move: Electric Terrain
|-end|p1a: Iron Treads|Quark Drive
|upkeep
|turn|9
|
|t:|1779819793
|-terastallize|p2a: Skeledirge|Fairy
|move|p1a: Iron Treads|Knock Off|p2a: Skeledirge
|-resisted|p2a: Skeledirge
|-damage|p2a: Skeledirge|74/100
|-enditem|p2a: Skeledirge|Heavy-Duty Boots|[from] move: Knock Off|[of] p1a: Iron Treads
|move|p2a: Skeledirge|Torch Song|p1a: Iron Treads
|-supereffective|p1a: Iron Treads
|-damage|p1a: Iron Treads|12/100 brn
|-boost|p2a: Skeledirge|spa|1
|
|-damage|p1a: Iron Treads|6/100 brn|[from] brn
|upkeep
|turn|10
|
|t:|1779819800
|move|p1a: Iron Treads|Knock Off|p2a: Skeledirge
|-resisted|p2a: Skeledirge
|-damage|p2a: Skeledirge|69/100
|move|p2a: Skeledirge|Torch Song|p1a: Iron Treads
|-supereffective|p1a: Iron Treads
|-damage|p1a: Iron Treads|0 fnt
|-boost|p2a: Skeledirge|spa|1
|faint|p1a: Iron Treads
|-end|p1a: Iron Treads|Quark Drive|[silent]
|
|upkeep
|
|t:|1779819811
|switch|p1a: Pincurchin|Pincurchin, M|100/100
|-fieldstart|move: Electric Terrain|[from] ability: Electric Surge|[of] p1a: Pincurchin
|turn|11
|
|t:|1779819816
|move|p2a: Skeledirge|Torch Song|p1a: Pincurchin
|-damage|p1a: Pincurchin|25/100
|-boost|p2a: Skeledirge|spa|1
|move|p1a: Pincurchin|Memento|p2a: Skeledirge
|-unboost|p2a: Skeledirge|atk|2
|-unboost|p2a: Skeledirge|spa|2
|faint|p1a: Pincurchin
|
|upkeep
|
|t:|1779819820
|switch|p1a: Iron Moth|Iron Moth|100/100
|-activate|p1a: Iron Moth|ability: Quark Drive
|-start|p1a: Iron Moth|quarkdrivespe
|turn|12
|
|t:|1779819825
|move|p1a: Iron Moth|Sludge Wave|p2a: Skeledirge
|-supereffective|p2a: Skeledirge
|-damage|p2a: Skeledirge|0 fnt
|faint|p2a: Skeledirge
|
|upkeep
|
|t:|1779819828
|switch|p2a: Quaquaval|Quaquaval, F, shiny|100/100
|turn|13
|
|t:|1779819835
|-end|p1a: Iron Moth|Quark Drive|[silent]
|switch|p1a: Iron Leaves|Iron Leaves|77/100
|-activate|p1a: Iron Leaves|ability: Quark Drive
|-start|p1a: Iron Leaves|quarkdrivespe
|move|p2a: Quaquaval|Aqua Step|p1a: Iron Leaves
|-resisted|p1a: Iron Leaves
|-damage|p1a: Iron Leaves|52/100
|-boost|p2a: Quaquaval|spe|1
|
|upkeep
|turn|14
|
|t:|1779819846
|switch|p2a: Meowscarada|Meowscarada, F, shiny|100/100
|move|p1a: Iron Leaves|Leaf Blade|p2a: Meowscarada
|-resisted|p2a: Meowscarada
|-damage|p2a: Meowscarada|49/100
|
|upkeep
|turn|15
|
|t:|1779819854
|move|p1a: Iron Leaves|Leaf Blade|p2a: Meowscarada
|-resisted|p2a: Meowscarada
|-damage|p2a: Meowscarada|0 fnt
|faint|p2a: Meowscarada
|
|upkeep
|
|t:|1779819865
|switch|p2a: Oinkologne|Oinkologne, M|100/100
|turn|16
|
|t:|1779819874
|move|p1a: Iron Leaves|Leaf Blade|p2a: Oinkologne
|-damage|p2a: Oinkologne|37/100
|-end|p1a: Iron Leaves|Quark Drive|[silent]
|-activate|p2a: Oinkologne|ability: Lingering Aroma|p1a: Iron Leaves|[ability] Quark Drive
|move|p2a: Oinkologne|Stuff Cheeks|p2a: Oinkologne
|-boost|p2a: Oinkologne|def|2
|-enditem|p2a: Oinkologne|Liechi Berry|[eat]
|-boost|p2a: Oinkologne|atk|1|[from] item: Liechi Berry
|
|upkeep
|turn|17
|
|t:|1779819880
|move|p1a: Iron Leaves|Leaf Blade|p2a: Oinkologne
|-crit|p2a: Oinkologne
|-damage|p2a: Oinkologne|0 fnt
|faint|p2a: Oinkologne
|
|upkeep
|
|t:|1779819885
|switch|p2a: Pawmot|Pawmot, M, shiny|100/100
|turn|18
|
|t:|1779819892
|switch|p1a: Iron Moth|Iron Moth|100/100
|-activate|p1a: Iron Moth|ability: Quark Drive
|-start|p1a: Iron Moth|quarkdrivespe
|move|p2a: Pawmot|Knock Off|p1a: Iron Moth
|-damage|p1a: Iron Moth|39/100
|-enditem|p1a: Iron Moth|Choice Specs|[from] move: Knock Off|[of] p2a: Pawmot
|-damage|p2a: Pawmot|91/100|[from] item: Life Orb
|
|-fieldend|move: Electric Terrain
|-end|p1a: Iron Moth|Quark Drive
|upkeep
|turn|19
|
|t:|1779819909
|move|p1a: Iron Moth|Energy Ball|p2a: Pawmot
|-damage|p2a: Pawmot|34/100
|move|p2a: Pawmot|Double Shock|p1a: Iron Moth
|-damage|p1a: Iron Moth|0 fnt
|-start|p2a: Pawmot|typechange|???/Fighting|[from] move: Double Shock
|faint|p1a: Iron Moth
|-end|p1a: Iron Moth|Quark Drive|[silent]
|-damage|p2a: Pawmot|24/100|[from] item: Life Orb
|
|upkeep
|
|t:|1779819924
|switch|p1a: Iron Leaves|Iron Leaves|52/100
|turn|20
|
|t:|1779819931
|-terastallize|p1a: Iron Leaves|Fighting
|move|p2a: Pawmot|Knock Off|p1a: Iron Leaves
|-resisted|p1a: Iron Leaves
|-damage|p1a: Iron Leaves|28/100
|-enditem|p1a: Iron Leaves|Choice Band|[from] move: Knock Off|[of] p2a: Pawmot
|-damage|p2a: Pawmot|14/100|[from] item: Life Orb
|move|p1a: Iron Leaves|Psyblade|p2a: Pawmot
|-supereffective|p2a: Pawmot
|-damage|p2a: Pawmot|0 fnt
|faint|p2a: Pawmot
|
|upkeep
|
|t:|1779819936
|switch|p2a: Quaquaval|Quaquaval, F, shiny|100/100
|turn|21
|
|t:|1779819940
|move|p1a: Iron Leaves|Psyblade|p2a: Quaquaval
|-supereffective|p2a: Quaquaval
|-damage|p2a: Quaquaval|0 fnt
|faint|p2a: Quaquaval
|
|win|Snoboh
|raw|Snoboh's rating: 1384 &rarr; <strong>1402</strong><br />(+18 for winning)
|raw|Elekid95's rating: 1350 &rarr; <strong>1332</strong><br />(-18 for losing)
|l|‽Elekid95
|player|p2|
|l|☆Snoboh
|player|p1|
