|j|☆qqwwwcom
|j|☆LeoBootyMan
|t:|1779878232
|gametype|singles
|player|p1|qqwwwcom|101|1077
|player|p2|LeoBootyMan|byron|1074
|gen|9
|tier|[Gen 9] OU
|rated|
|rule|HP Percentage Mod: HP is shown in percentages
|rule|Endless Battle Clause: Forcing endless battles is banned
|rule|Species Clause: Limit one of each Pokémon
|rule|OHKO Clause: OHKO moves are banned
|rule|Evasion Items Clause: Evasion items are banned
|rule|Evasion Moves Clause: Evasion moves are banned
|rule|Evasion Abilities Clause: Evasion abilities are banned
|rule|Sleep Moves Clause: Sleep-inducing moves are banned
|clearpoke
|poke|p1|Ting-Lu|
|poke|p1|Rillaboom, M|
|poke|p1|Blaziken, M|
|poke|p1|Tyranitar, F|
|poke|p1|Zamazenta-*|
|poke|p1|Garchomp, M|
|poke|p2|Garchomp, M|
|poke|p2|Torterra, M|
|poke|p2|Mamoswine, M|
|poke|p2|Swampert, F|
|poke|p2|Mudsdale, M|
|poke|p2|Golurk|
|teampreview
|
|t:|1779878239
|teamsize|p1|6
|teamsize|p2|6
|start
|switch|p1a: Ting-Lu|Ting-Lu|100/100
|switch|p2a: Mudsdale|Mudsdale, M|100/100
|-ability|p1a: Ting-Lu|Vessel of Ruin
|turn|1
|
|t:|1779878248
|move|p1a: Ting-Lu|Spikes|p2a: Mudsdale
|-sidestart|p2: LeoBootyMan|Spikes
|move|p2a: Mudsdale|Sand Tomb|p1a: Ting-Lu
|-damage|p1a: Ting-Lu|94/100
|-activate|p1a: Ting-Lu|move: Sand Tomb|[of] p2a: Mudsdale
|
|-damage|p1a: Ting-Lu|82/100|[from] move: Sand Tomb|[partiallytrapped]
|upkeep
|turn|2
|
|t:|1779878256
|move|p1a: Ting-Lu|Spikes|p2a: Mudsdale
|-sidestart|p2: LeoBootyMan|Spikes
|move|p2a: Mudsdale|High Horsepower|p1a: Ting-Lu
|-damage|p1a: Ting-Lu|66/100
|
|-damage|p1a: Ting-Lu|54/100|[from] move: Sand Tomb|[partiallytrapped]
|upkeep
|turn|3
|
|t:|1779878265
|move|p1a: Ting-Lu|Spikes|p2a: Mudsdale
|-sidestart|p2: LeoBootyMan|Spikes
|move|p2a: Mudsdale|Bulldoze|p1a: Ting-Lu
|-damage|p1a: Ting-Lu|43/100
|-unboost|p1a: Ting-Lu|spe|1
|
|-damage|p1a: Ting-Lu|31/100|[from] move: Sand Tomb|[partiallytrapped]
|upkeep
|turn|4
|
|t:|1779878274
|move|p2a: Mudsdale|Mega Kick|p1a: Ting-Lu|[miss]
|-miss|p2a: Mudsdale|p1a: Ting-Lu
|move|p1a: Ting-Lu|Rest|p1a: Ting-Lu
|-status|p1a: Ting-Lu|slp|[from] move: Rest
|-heal|p1a: Ting-Lu|100/100 slp|[silent]
|
|-damage|p1a: Ting-Lu|88/100 slp|[from] move: Sand Tomb|[partiallytrapped]
|upkeep
|turn|5
|
|t:|1779878284
|move|p2a: Mudsdale|High Horsepower|p1a: Ting-Lu
|-damage|p1a: Ting-Lu|71/100 slp
|cant|p1a: Ting-Lu|slp
|move|p1a: Ting-Lu|Sleep Talk|p1a: Ting-Lu
|move|p1a: Ting-Lu|Spikes||[from] move: Sleep Talk|[still]
|-fail|p1a: Ting-Lu
|
|-damage|p1a: Ting-Lu|58/100 slp|[from] move: Sand Tomb|[partiallytrapped]
|upkeep
|turn|6
|
|t:|1779878297
|move|p2a: Mudsdale|Mega Kick|p1a: Ting-Lu
|-damage|p1a: Ting-Lu|45/100 slp
|cant|p1a: Ting-Lu|slp
|move|p1a: Ting-Lu|Sleep Talk|p1a: Ting-Lu
|move|p1a: Ting-Lu|Spikes||[from] move: Sleep Talk|[still]
|-fail|p1a: Ting-Lu
|
|-end|p1a: Ting-Lu|Sand Tomb|[partiallytrapped]
|upkeep
|turn|7
|
|t:|1779878312
|move|p2a: Mudsdale|High Horsepower|p1a: Ting-Lu
|-damage|p1a: Ting-Lu|28/100 slp
|-curestatus|p1a: Ting-Lu|slp|[msg]
|move|p1a: Ting-Lu|Sleep Talk||[still]
|-fail|p1a: Ting-Lu
|
|upkeep
|turn|8
|
|t:|1779878320
|move|p2a: Mudsdale|Sand Tomb|p1a: Ting-Lu
|-damage|p1a: Ting-Lu|22/100
|-activate|p1a: Ting-Lu|move: Sand Tomb|[of] p2a: Mudsdale
|-enditem|p1a: Ting-Lu|Figy Berry|[eat]
|-heal|p1a: Ting-Lu|55/100|[from] item: Figy Berry
|move|p1a: Ting-Lu|Whirlwind|p2a: Mudsdale
|drag|p2a: Torterra|Torterra, M|100/100
|-damage|p2a: Torterra|75/100|[from] Spikes
|
|-end|p1a: Ting-Lu|Sand Tomb|[partiallytrapped]|[silent]
|upkeep
|turn|9
|
|t:|1779878336
|switch|p1a: Blaziken|Blaziken, M|100/100
|move|p2a: Torterra|Seed Bomb|p1a: Blaziken
|-resisted|p1a: Blaziken
|-damage|p1a: Blaziken|68/100
|
|upkeep
|turn|10
|
|t:|1779878344
|switch|p2a: Mudsdale|Mudsdale, M|100/100
|-damage|p2a: Mudsdale|76/100|[from] Spikes
|move|p1a: Blaziken|Swords Dance|p1a: Blaziken
|-boost|p1a: Blaziken|atk|2
|
|-heal|p2a: Mudsdale|82/100|[from] item: Leftovers
|-ability|p1a: Blaziken|Speed Boost|boost
|-boost|p1a: Blaziken|spe|1
|upkeep
|turn|11
|
|t:|1779878359
|move|p1a: Blaziken|Close Combat|p2a: Mudsdale
|-damage|p2a: Mudsdale|0 fnt
|-unboost|p1a: Blaziken|def|1
|-unboost|p1a: Blaziken|spd|1
|faint|p2a: Mudsdale
|
|-ability|p1a: Blaziken|Speed Boost|boost
|-boost|p1a: Blaziken|spe|1
|upkeep
|
|t:|1779878367
|switch|p2a: Golurk|Golurk|100/100
|-damage|p2a: Golurk|76/100|[from] Spikes
|turn|12
|
|t:|1779878372
|move|p1a: Blaziken|Knock Off|p2a: Golurk
|-supereffective|p2a: Golurk
|-crit|p2a: Golurk
|-damage|p2a: Golurk|0 fnt
|-enditem|p2a: Golurk|Spooky Plate|[from] move: Knock Off|[of] p1a: Blaziken
|faint|p2a: Golurk
|
|-ability|p1a: Blaziken|Speed Boost|boost
|-boost|p1a: Blaziken|spe|1
|upkeep
|
|t:|1779878379
|switch|p2a: Swampert|Swampert, F|100/100
|-damage|p2a: Swampert|76/100|[from] Spikes
|turn|13
|
|t:|1779878388
|move|p1a: Blaziken|Close Combat|p2a: Swampert
|-damage|p2a: Swampert|0 fnt
|-unboost|p1a: Blaziken|def|1
|-unboost|p1a: Blaziken|spd|1
|faint|p2a: Swampert
|
|-ability|p1a: Blaziken|Speed Boost|boost
|-boost|p1a: Blaziken|spe|1
|upkeep
|
|t:|1779878391
|switch|p2a: Garchomp|Garchomp, M|100/100
|-damage|p2a: Garchomp|75/100|[from] Spikes
|turn|14
|
|t:|1779878400
|move|p1a: Blaziken|Close Combat|p2a: Garchomp
|-damage|p2a: Garchomp|0 fnt
|-unboost|p1a: Blaziken|def|1
|-unboost|p1a: Blaziken|spd|1
|-damage|p1a: Blaziken|56/100|[from] ability: Rough Skin|[of] p2a: Garchomp
|faint|p2a: Garchomp
|
|-ability|p1a: Blaziken|Speed Boost|boost
|-boost|p1a: Blaziken|spe|1
|upkeep
|
|t:|1779878403
|switch|p2a: Torterra|Torterra, M|75/100
|-damage|p2a: Torterra|50/100|[from] Spikes
|turn|15
|
|t:|1779878414
|move|p1a: Blaziken|Blaze Kick|p2a: Torterra
|-supereffective|p2a: Torterra
|-damage|p2a: Torterra|0 fnt
|faint|p2a: Torterra
|
|-ability|p1a: Blaziken|Speed Boost|boost
|-boost|p1a: Blaziken|spe|1
|upkeep
|
|t:|1779878415
|switch|p2a: Mamoswine|Mamoswine, M|100/100
|-damage|p2a: Mamoswine|75/100|[from] Spikes
|turn|16
|
|t:|1779878425
|move|p1a: Blaziken|Blaze Kick|p2a: Mamoswine
|-supereffective|p2a: Mamoswine
|-damage|p2a: Mamoswine|0 fnt
|faint|p2a: Mamoswine
|
|win|qqwwwcom
|raw|qqwwwcom's rating: 1077 &rarr; <strong>1105</strong><br />(+28 for winning)
|raw|LeoBootyMan's rating: 1074 &rarr; <strong>1053</strong><br />(-21 for losing)
|l|☆LeoBootyMan
|player|p2|
|l|☆qqwwwcom
|player|p1|
