|j|☆xiuxxxxxx
|j|☆idkhowtoteam
|t:|1779863351
|gametype|singles
|player|p1|xiuxxxxxx|2|1105
|player|p2|idkhowtoteam|265|1093
|gen|9
|tier|[Gen 9] OU
|rated|
|rule|HP Percentage Mod: HP is shown in percentages
|rule|Endless Battle Clause: Forcing endless battles is banned
|rule|Species Clause: Limit one of each Pokémon
|rule|OHKO Clause: OHKO moves are banned
|rule|Evasion Items Clause: Evasion items are banned
|rule|Evasion Moves Clause: Evasion moves are banned
|rule|Evasion Abilities Clause: Evasion abilities are banned
|rule|Sleep Moves Clause: Sleep-inducing moves are banned
|clearpoke
|poke|p1|Incineroar, M|
|poke|p1|Galvantula, M|
|poke|p1|Blissey, F|
|poke|p1|Slowbro, F|
|poke|p1|Dragonite, M|
|poke|p1|Iron Valiant|
|poke|p2|Landorus-Therian, M|
|poke|p2|Iron Moth|
|poke|p2|Iron Hands|
|poke|p2|Ting-Lu|
|poke|p2|Darkrai|
|poke|p2|Heatran, M|
|teampreview
|inactive|Battle timer is ON: inactive players will automatically lose when time's up. (requested by idkhowtoteam)
|
|t:|1779863369
|teamsize|p1|6
|teamsize|p2|6
|start
|switch|p1a: Galvantula|Galvantula, M|100/100
|switch|p2a: Iron Moth|Iron Moth|100/100
|turn|1
|
|t:|1779863376
|move|p2a: Iron Moth|Fiery Dance|p1a: Galvantula
|-supereffective|p1a: Galvantula
|-enditem|p1a: Galvantula|Focus Sash
|-damage|p1a: Galvantula|1/100
|move|p1a: Galvantula|Sticky Web|p2a: Iron Moth
|-sidestart|p2: idkhowtoteam|move: Sticky Web
|
|upkeep
|turn|2
|
|t:|1779863386
|switch|p1a: Blissey|Blissey, F|100/100
|move|p2a: Iron Moth|Fiery Dance|p1a: Blissey
|-damage|p1a: Blissey|78/100
|-boost|p2a: Iron Moth|spa|1
|
|upkeep
|turn|3
|
|t:|1779863396
|move|p2a: Iron Moth|Fiery Dance|p1a: Blissey
|-damage|p1a: Blissey|40/100
|-boost|p2a: Iron Moth|spa|1
|move|p1a: Blissey|Light Screen|p1a: Blissey
|-sidestart|p1: xiuxxxxxx|move: Light Screen
|
|upkeep
|turn|4
|
|t:|1779863405
|move|p2a: Iron Moth|Fiery Dance|p1a: Blissey
|-damage|p1a: Blissey|13/100
|-boost|p2a: Iron Moth|spa|1
|move|p1a: Blissey|Stealth Rock|p2a: Iron Moth
|-sidestart|p2: idkhowtoteam|move: Stealth Rock
|
|upkeep
|turn|5
|
|t:|1779863414
|move|p2a: Iron Moth|Fiery Dance|p1a: Blissey
|-damage|p1a: Blissey|0 fnt
|faint|p1a: Blissey
|
|upkeep
|
|t:|1779863420
|switch|p1a: Dragonite|Dragonite, M|100/100
|turn|6
|
|t:|1779863429
|move|p2a: Iron Moth|Fiery Dance|p1a: Dragonite
|-resisted|p1a: Dragonite
|-damage|p1a: Dragonite|82/100
|-boost|p2a: Iron Moth|spa|1
|move|p1a: Dragonite|Dragon Tail|p2a: Iron Moth
|-damage|p2a: Iron Moth|51/100
|-end|p2a: Iron Moth|Quark Drive|[silent]
|drag|p2a: Heatran|Heatran, M|100/100
|-damage|p2a: Heatran|88/100|[from] Stealth Rock
|-item|p2a: Heatran|Air Balloon
|
|upkeep
|turn|7
|
|t:|1779863442
|move|p2a: Heatran|Will-O-Wisp|p1a: Dragonite
|-status|p1a: Dragonite|brn
|move|p1a: Dragonite|Dragon Tail|p2a: Heatran
|-resisted|p2a: Heatran
|-damage|p2a: Heatran|84/100
|-enditem|p2a: Heatran|Air Balloon
|drag|p2a: Landorus|Landorus-Therian, M|100/100
|-damage|p2a: Landorus|88/100|[from] Stealth Rock
|-ability|p2a: Landorus|Intimidate|boost
|-unboost|p1a: Dragonite|atk|1
|
|-damage|p1a: Dragonite|76/100 brn|[from] brn
|-sideend|p1: xiuxxxxxx|move: Light Screen
|upkeep
|turn|8
|
|t:|1779863458
|move|p2a: Landorus|Stone Edge|p1a: Dragonite
|-supereffective|p1a: Dragonite
|-damage|p1a: Dragonite|2/100 brn
|move|p1a: Dragonite|Roost|p1a: Dragonite
|-heal|p1a: Dragonite|52/100 brn
|-singleturn|p1a: Dragonite|move: Roost
|
|-damage|p1a: Dragonite|46/100 brn|[from] brn
|upkeep
|turn|9
|
|t:|1779863469
|switch|p1a: Slowbro|Slowbro, F|100/100
|move|p2a: Landorus|Stone Edge|p1a: Slowbro
|-damage|p1a: Slowbro|76/100
|
|-heal|p1a: Slowbro|82/100|[from] item: Leftovers
|upkeep
|turn|10
|inactive|idkhowtoteam has 120 seconds left.
|
|t:|1779863505
|move|p2a: Landorus|U-turn|p1a: Slowbro
|-supereffective|p1a: Slowbro
|-damage|p1a: Slowbro|50/100
|
|t:|1779863517
|switch|p2a: Ting-Lu|Ting-Lu|100/100|[from] U-turn
|-activate|p2a: Ting-Lu|move: Sticky Web
|-unboost|p2a: Ting-Lu|spe|1
|-damage|p2a: Ting-Lu|94/100|[from] Stealth Rock
|-ability|p2a: Ting-Lu|Vessel of Ruin
|move|p1a: Slowbro|Foul Play|p2a: Ting-Lu
|-resisted|p2a: Ting-Lu
|-damage|p2a: Ting-Lu|88/100
|
|-heal|p1a: Slowbro|56/100|[from] item: Leftovers
|-heal|p2a: Ting-Lu|94/100|[from] item: Leftovers
|upkeep
|turn|11
|
|t:|1779863537
|move|p1a: Slowbro|Slack Off|p1a: Slowbro
|-heal|p1a: Slowbro|100/100
|move|p2a: Ting-Lu|Ruination|p1a: Slowbro
|-damage|p1a: Slowbro|50/100
|
|-heal|p1a: Slowbro|57/100|[from] item: Leftovers
|-heal|p2a: Ting-Lu|99/100|[from] item: Leftovers
|upkeep
|turn|12
|inactive|idkhowtoteam has 120 seconds left.
|
|t:|1779863547
|switch|p1a: Dragonite|Dragonite, M|46/100 brn
|move|p2a: Ting-Lu|Whirlwind|p1a: Dragonite
|drag|p1a: Slowbro|Slowbro, F|90/100
|
|-heal|p1a: Slowbro|96/100|[from] item: Leftovers
|-heal|p2a: Ting-Lu|100/100|[from] item: Leftovers
|upkeep
|turn|13
|inactive|idkhowtoteam has 120 seconds left.
|
|t:|1779863558
|move|p1a: Slowbro|Flamethrower|p2a: Ting-Lu
|-damage|p2a: Ting-Lu|92/100
|move|p2a: Ting-Lu|Ruination|p1a: Slowbro
|-damage|p1a: Slowbro|48/100
|
|-heal|p1a: Slowbro|54/100|[from] item: Leftovers
|-heal|p2a: Ting-Lu|98/100|[from] item: Leftovers
|upkeep
|turn|14
|inactive|idkhowtoteam has 120 seconds left.
|
|t:|1779863575
|move|p1a: Slowbro|Flamethrower|p2a: Ting-Lu
|-damage|p2a: Ting-Lu|90/100
|move|p2a: Ting-Lu|Ruination|p1a: Slowbro
|-damage|p1a: Slowbro|27/100
|
|-heal|p1a: Slowbro|33/100|[from] item: Leftovers
|-heal|p2a: Ting-Lu|96/100|[from] item: Leftovers
|upkeep
|turn|15
|inactive|idkhowtoteam has 120 seconds left.
|
|t:|1779863585
|switch|p1a: Dragonite|Dragonite, M|46/100 brn
|move|p2a: Ting-Lu|Earthquake|p1a: Dragonite
|-immune|p1a: Dragonite
|
|-heal|p2a: Ting-Lu|100/100|[from] item: Leftovers
|-damage|p1a: Dragonite|40/100 brn|[from] brn
|upkeep
|turn|16
|inactive|idkhowtoteam has 120 seconds left.
|
|t:|1779863596
|switch|p2a: Landorus|Landorus-Therian, M|88/100
|-damage|p2a: Landorus|76/100|[from] Stealth Rock
|-ability|p2a: Landorus|Intimidate|boost
|-unboost|p1a: Dragonite|atk|1
|move|p1a: Dragonite|Roost|p1a: Dragonite
|-heal|p1a: Dragonite|90/100 brn
|-singleturn|p1a: Dragonite|move: Roost
|
|-damage|p1a: Dragonite|83/100 brn|[from] brn
|upkeep
|turn|17
|
|t:|1779863609
|move|p2a: Landorus|Stealth Rock|p1a: Dragonite
|-sidestart|p1: xiuxxxxxx|move: Stealth Rock
|move|p1a: Dragonite|Ice Beam|p2a: Landorus
|-supereffective|p2a: Landorus
|-damage|p2a: Landorus|0 fnt
|faint|p2a: Landorus
|
|-damage|p1a: Dragonite|77/100 brn|[from] brn
|upkeep
|inactive|idkhowtoteam has 120 seconds left.
|
|t:|1779863623
|switch|p2a: Iron Hands|Iron Hands|100/100
|turn|18
|inactive|idkhowtoteam has 120 seconds left.
|
|t:|1779863633
|switch|p1a: Galvantula|Galvantula, M|1/100
|-damage|p1a: Galvantula|0 fnt|[from] Stealth Rock
|faint|p1a: Galvantula
|move|p2a: Iron Hands|Swords Dance|p2a: Iron Hands
|-boost|p2a: Iron Hands|atk|2
|
|upkeep
|
|t:|1779863642
|switch|p1a: Incineroar|Incineroar, M|100/100
|-damage|p1a: Incineroar|76/100|[from] Stealth Rock
|-ability|p1a: Incineroar|Intimidate|boost
|-unboost|p2a: Iron Hands|atk|1
|turn|19
|
|t:|1779863652
|-terastallize|p1a: Incineroar|Grass
|move|p2a: Iron Hands|Fake Out||[still]
|-hint|Fake Out only works on your first turn out.
|-fail|p2a: Iron Hands
|move|p1a: Incineroar|Flare Blitz|p2a: Iron Hands
|-damage|p2a: Iron Hands|69/100
|-damage|p1a: Incineroar|62/100|[from] Recoil
|
|upkeep
|turn|20
|
|t:|1779863668
|move|p1a: Incineroar|Flare Blitz|p2a: Iron Hands
|-damage|p2a: Iron Hands|37/100
|-damage|p1a: Incineroar|48/100|[from] Recoil
|-enditem|p1a: Incineroar|Sitrus Berry|[eat]
|-heal|p1a: Incineroar|73/100|[from] item: Sitrus Berry
|move|p2a: Iron Hands|Close Combat|p1a: Incineroar
|-damage|p1a: Incineroar|0 fnt
|-unboost|p2a: Iron Hands|def|1
|-unboost|p2a: Iron Hands|spd|1
|faint|p1a: Incineroar
|
|upkeep
|
|t:|1779863681
|switch|p1a: Iron Valiant|Iron Valiant|100/100
|-damage|p1a: Iron Valiant|94/100|[from] Stealth Rock
|-enditem|p1a: Iron Valiant|Booster Energy
|-activate|p1a: Iron Valiant|ability: Quark Drive|[fromitem]
|-start|p1a: Iron Valiant|quarkdrivespe
|turn|21
|
|t:|1779863696
|move|p1a: Iron Valiant|Close Combat|p2a: Iron Hands
|-damage|p2a: Iron Hands|0 fnt
|-unboost|p1a: Iron Valiant|def|1
|-unboost|p1a: Iron Valiant|spd|1
|faint|p2a: Iron Hands
|-end|p2a: Iron Hands|Quark Drive|[silent]
|
|upkeep
|
|t:|1779863699
|switch|p2a: Heatran|Heatran, M|84/100
|-activate|p2a: Heatran|move: Sticky Web
|-unboost|p2a: Heatran|spe|1
|-damage|p2a: Heatran|71/100|[from] Stealth Rock
|turn|22
|
|t:|1779863709
|move|p1a: Iron Valiant|Close Combat|p2a: Heatran
|-supereffective|p2a: Heatran
|-damage|p2a: Heatran|0 fnt
|-unboost|p1a: Iron Valiant|def|1
|-unboost|p1a: Iron Valiant|spd|1
|-status|p1a: Iron Valiant|brn|[from] ability: Flame Body|[of] p2a: Heatran
|faint|p2a: Heatran
|
|-damage|p1a: Iron Valiant|88/100 brn|[from] brn
|upkeep
|
|t:|1779863718
|switch|p2a: Darkrai|Darkrai|100/100
|-activate|p2a: Darkrai|move: Sticky Web
|-unboost|p2a: Darkrai|spe|1
|-damage|p2a: Darkrai|88/100|[from] Stealth Rock
|turn|23
|
|t:|1779863726
|move|p1a: Iron Valiant|Close Combat|p2a: Darkrai
|-supereffective|p2a: Darkrai
|-damage|p2a: Darkrai|0 fnt
|-unboost|p1a: Iron Valiant|def|1
|-unboost|p1a: Iron Valiant|spd|1
|faint|p2a: Darkrai
|
|-damage|p1a: Iron Valiant|82/100 brn|[from] brn
|upkeep
|
|t:|1779863730
|switch|p2a: Iron Moth|Iron Moth|51/100
|-activate|p2a: Iron Moth|move: Sticky Web
|-unboost|p2a: Iron Moth|spe|1
|-damage|p2a: Iron Moth|26/100|[from] Stealth Rock
|turn|24
|
|t:|1779863740
|move|p1a: Iron Valiant|Close Combat|p2a: Iron Moth
|-resisted|p2a: Iron Moth
|-damage|p2a: Iron Moth|0 fnt
|-unboost|p1a: Iron Valiant|def|1
|-unboost|p1a: Iron Valiant|spd|1
|faint|p2a: Iron Moth
|-end|p2a: Iron Moth|Quark Drive|[silent]
|
|-damage|p1a: Iron Valiant|76/100 brn|[from] brn
|upkeep
|-message|idkhowtoteam forfeited.
|
|win|xiuxxxxxx
|raw|xiuxxxxxx's rating: 1105 &rarr; <strong>1129</strong><br />(+24 for winning)
|raw|idkhowtoteam's rating: 1093 &rarr; <strong>1070</strong><br />(-23 for losing)
|l|☆idkhowtoteam
|player|p2|
