|j|☆thorgalaeg7
|j|☆ryanman7
|t:|1779883838
|gametype|singles
|player|p1|thorgalaeg7|byron|1437
|player|p2|ryanman7|skier|1394
|gen|9
|tier|[Gen 9] OU
|rated|
|rule|HP Percentage Mod: HP is shown in percentages
|rule|Endless Battle Clause: Forcing endless battles is banned
|rule|Species Clause: Limit one of each Pokémon
|rule|OHKO Clause: OHKO moves are banned
|rule|Evasion Items Clause: Evasion items are banned
|rule|Evasion Moves Clause: Evasion moves are banned
|rule|Evasion Abilities Clause: Evasion abilities are banned
|rule|Sleep Moves Clause: Sleep-inducing moves are banned
|clearpoke
|poke|p1|Dragapult, M|
|poke|p1|Great Tusk|
|poke|p1|Tornadus-Therian, M|
|poke|p1|Pecharunt|
|poke|p1|Ogerpon-Wellspring, F|
|poke|p1|Zamazenta-*|
|poke|p2|Gyarados, M|
|poke|p2|Ursaluna, F|
|poke|p2|Clefable, M|
|poke|p2|Dragapult, M|
|poke|p2|Amoonguss, F|
|poke|p2|Iron Treads|
|teampreview
|inactive|Battle timer is ON: inactive players will automatically lose when time's up. (requested by thorgalaeg7)
|
|t:|1779883843
|teamsize|p1|6
|teamsize|p2|6
|start
|switch|p1a: Tornadus|Tornadus-Therian, M|100/100
|switch|p2a: Dragapult|Dragapult, M|100/100
|turn|1
|
|t:|1779883846
|move|p2a: Dragapult|U-turn|p1a: Tornadus
|-resisted|p1a: Tornadus
|-damage|p1a: Tornadus|91/100
|
|t:|1779883853
|switch|p2a: Clefable|Clefable, M|100/100|[from] U-turn
|move|p1a: Tornadus|Knock Off|p2a: Clefable
|-resisted|p2a: Clefable
|-damage|p2a: Clefable|93/100
|-enditem|p2a: Clefable|Heavy-Duty Boots|[from] move: Knock Off|[of] p1a: Tornadus
|
|upkeep
|turn|2
|
|t:|1779883867
|move|p1a: Tornadus|Bleakwind Storm|p2a: Clefable
|-damage|p2a: Clefable|60/100
|move|p2a: Clefable|Stealth Rock|p1a: Tornadus
|-sidestart|p1: thorgalaeg7|move: Stealth Rock
|
|upkeep
|turn|3
|
|t:|1779883872
|move|p1a: Tornadus|Bleakwind Storm|p2a: Clefable|[miss]
|-miss|p1a: Tornadus|p2a: Clefable
|move|p2a: Clefable|Moonlight|p2a: Clefable
|-heal|p2a: Clefable|100/100
|
|upkeep
|turn|4
|j| Zero Faction
|
|t:|1779883877
|move|p1a: Tornadus|Bleakwind Storm|p2a: Clefable|[miss]
|-miss|p1a: Tornadus|p2a: Clefable
|move|p2a: Clefable|Thunder Wave|p1a: Tornadus
|-status|p1a: Tornadus|par
|
|upkeep
|turn|5
|
|t:|1779883879
|cant|p1a: Tornadus|par
|move|p2a: Clefable|Moonblast|p1a: Tornadus
|-damage|p1a: Tornadus|69/100 par
|-unboost|p1a: Tornadus|spa|1
|
|upkeep
|turn|6
|c|☆thorgalaeg7|...
|
|t:|1779883891
|cant|p1a: Tornadus|par
|move|p2a: Clefable|Thunder Wave|p1a: Tornadus
|-fail|p1a: Tornadus|par
|
|upkeep
|turn|7
|
|t:|1779883897
|cant|p1a: Tornadus|par
|move|p2a: Clefable|Thunder Wave|p1a: Tornadus
|-fail|p1a: Tornadus|par
|
|upkeep
|turn|8
|
|t:|1779883899
|move|p1a: Tornadus|Bleakwind Storm|p2a: Clefable
|-damage|p2a: Clefable|64/100
|-unboost|p2a: Clefable|spe|1
|move|p2a: Clefable|Moonblast|p1a: Tornadus
|-damage|p1a: Tornadus|48/100 par
|
|upkeep
|turn|9
|
|t:|1779883903
|move|p1a: Tornadus|Bleakwind Storm|p2a: Clefable
|-damage|p2a: Clefable|27/100
|-unboost|p2a: Clefable|spe|1
|move|p2a: Clefable|Moonlight|p2a: Clefable
|-heal|p2a: Clefable|77/100
|
|upkeep
|turn|10
|
|t:|1779883906
|move|p1a: Tornadus|Bleakwind Storm|p2a: Clefable|[miss]
|-miss|p1a: Tornadus|p2a: Clefable
|move|p2a: Clefable|Moonlight|p2a: Clefable
|-heal|p2a: Clefable|100/100
|
|upkeep
|turn|11
|
|t:|1779883911
|move|p1a: Tornadus|Bleakwind Storm|p2a: Clefable
|-damage|p2a: Clefable|63/100
|move|p2a: Clefable|Moonblast|p1a: Tornadus
|-damage|p1a: Tornadus|25/100 par
|-unboost|p1a: Tornadus|spa|1
|
|upkeep
|turn|12
|
|t:|1779883917
|cant|p1a: Tornadus|par
|move|p2a: Clefable|Moonlight|p2a: Clefable
|-heal|p2a: Clefable|100/100
|
|upkeep
|turn|13
|
|t:|1779883920
|switch|p2a: Iron Treads|Iron Treads|100/100
|cant|p1a: Tornadus|par
|
|upkeep
|turn|14
|
|t:|1779883924
|move|p2a: Iron Treads|Knock Off|p1a: Tornadus
|-damage|p1a: Tornadus|0 fnt
|-enditem|p1a: Tornadus|Assault Vest|[from] move: Knock Off|[of] p2a: Iron Treads
|faint|p1a: Tornadus
|
|upkeep
|
|t:|1779883929
|switch|p1a: Great Tusk|Great Tusk|100/100
|turn|15
|
|t:|1779883933
|-end|p2a: Iron Treads|Quark Drive|[silent]
|switch|p2a: Clefable|Clefable, M|100/100
|move|p1a: Great Tusk|Ice Spinner|p2a: Clefable
|-damage|p2a: Clefable|80/100
|
|upkeep
|turn|16
|
|t:|1779883941
|-end|p1a: Great Tusk|Protosynthesis|[silent]
|switch|p1a: Pecharunt|Pecharunt|100/100
|move|p2a: Clefable|Moonblast|p1a: Pecharunt
|-resisted|p1a: Pecharunt
|-damage|p1a: Pecharunt|86/100
|-unboost|p1a: Pecharunt|spa|1
|
|upkeep
|turn|17
|
|t:|1779883948
|switch|p2a: Ursaluna|Ursaluna, F|100/100
|move|p1a: Pecharunt|Parting Shot|p2a: Ursaluna
|-unboost|p2a: Ursaluna|atk|1
|-unboost|p2a: Ursaluna|spa|1
|
|t:|1779883962
|switch|p1a: Great Tusk|Great Tusk|100/100|[from] Parting Shot
|
|-status|p2a: Ursaluna|brn|[from] item: Flame Orb
|upkeep
|turn|18
|
|t:|1779883973
|switch|p2a: Gyarados|Gyarados, M|100/100
|move|p1a: Great Tusk|Rapid Spin|p2a: Gyarados
|-damage|p2a: Gyarados|77/100
|-boost|p1a: Great Tusk|spe|1
|-sideend|p1: thorgalaeg7|Stealth Rock|[from] move: Rapid Spin|[of] p1a: Great Tusk
|
|-heal|p2a: Gyarados|83/100|[from] item: Leftovers
|upkeep
|turn|19
|
|t:|1779883978
|move|p1a: Great Tusk|Stealth Rock|p2a: Gyarados
|-sidestart|p2: ryanman7|move: Stealth Rock
|move|p2a: Gyarados|Waterfall|p1a: Great Tusk
|-supereffective|p1a: Great Tusk
|-damage|p1a: Great Tusk|36/100
|
|-heal|p2a: Gyarados|89/100|[from] item: Leftovers
|upkeep
|turn|20
|
|t:|1779883983
|-end|p1a: Great Tusk|Protosynthesis|[silent]
|switch|p1a: Ogerpon|Ogerpon-Wellspring, F|100/100
|move|p2a: Gyarados|Waterfall|p1a: Ogerpon
|-immune|p1a: Ogerpon|[from] ability: Water Absorb
|
|-heal|p2a: Gyarados|95/100|[from] item: Leftovers
|upkeep
|turn|21
|
|t:|1779883995
|switch|p2a: Amoonguss|Amoonguss, F|100/100
|move|p1a: Ogerpon|Swords Dance|p1a: Ogerpon
|-boost|p1a: Ogerpon|atk|2
|
|upkeep
|turn|22
|
|t:|1779883998
|switch|p1a: Pecharunt|Pecharunt|86/100
|move|p2a: Amoonguss|Clear Smog|p1a: Pecharunt
|-resisted|p1a: Pecharunt
|-damage|p1a: Pecharunt|83/100
|-clearboost|p1a: Pecharunt
|
|upkeep
|turn|23
|
|t:|1779884014
|switch|p2a: Ursaluna|Ursaluna, F|100/100 brn
|-damage|p2a: Ursaluna|94/100 brn|[from] Stealth Rock
|move|p1a: Pecharunt|Parting Shot|p2a: Ursaluna
|-unboost|p2a: Ursaluna|atk|1
|-unboost|p2a: Ursaluna|spa|1
|
|t:|1779884024
|switch|p1a: Dragapult|Dragapult, M|100/100|[from] Parting Shot
|
|-damage|p2a: Ursaluna|88/100 brn|[from] brn
|upkeep
|turn|24
|
|t:|1779884028
|switch|p2a: Clefable|Clefable, M|80/100
|-damage|p2a: Clefable|68/100|[from] Stealth Rock
|move|p1a: Dragapult|Draco Meteor|p2a: Clefable
|-immune|p2a: Clefable
|
|upkeep
|turn|25
|
|t:|1779884032
|switch|p1a: Pecharunt|Pecharunt|83/100
|move|p2a: Clefable|Moonlight|p2a: Clefable
|-heal|p2a: Clefable|100/100
|
|upkeep
|turn|26
|
|t:|1779884036
|move|p1a: Pecharunt|Parting Shot|p2a: Clefable
|-unboost|p2a: Clefable|atk|1
|-unboost|p2a: Clefable|spa|1
|
|t:|1779884039
|switch|p1a: Great Tusk|Great Tusk|36/100|[from] Parting Shot
|move|p2a: Clefable|Stealth Rock|p1a: Great Tusk
|-sidestart|p1: thorgalaeg7|move: Stealth Rock
|
|upkeep
|turn|27
|
|t:|1779884045
|move|p1a: Great Tusk|Rapid Spin|p2a: Clefable
|-damage|p2a: Clefable|86/100
|-boost|p1a: Great Tusk|spe|1
|-sideend|p1: thorgalaeg7|Stealth Rock|[from] move: Rapid Spin|[of] p1a: Great Tusk
|move|p2a: Clefable|Moonblast|p1a: Great Tusk
|-supereffective|p1a: Great Tusk
|-damage|p1a: Great Tusk|0 fnt
|faint|p1a: Great Tusk
|-end|p1a: Great Tusk|Protosynthesis|[silent]
|
|upkeep
|
|t:|1779884057
|switch|p1a: Pecharunt|Pecharunt|83/100
|turn|28
|
|t:|1779884060
|switch|p2a: Ursaluna|Ursaluna, F|88/100 brn
|-damage|p2a: Ursaluna|82/100 brn|[from] Stealth Rock
|move|p1a: Pecharunt|Malignant Chain|p2a: Ursaluna
|-resisted|p2a: Ursaluna
|-damage|p2a: Ursaluna|67/100 brn
|
|-damage|p2a: Ursaluna|60/100 brn|[from] brn
|upkeep
|turn|29
|
|t:|1779884066
|move|p1a: Pecharunt|Parting Shot|p2a: Ursaluna
|-unboost|p2a: Ursaluna|atk|1
|-unboost|p2a: Ursaluna|spa|1
|
|t:|1779884068
|switch|p1a: Zamazenta|Zamazenta|100/100|[from] Parting Shot
|-ability|p1a: Zamazenta|Dauntless Shield|boost
|-boost|p1a: Zamazenta|def|1
|move|p2a: Ursaluna|Headlong Rush|p1a: Zamazenta
|-damage|p1a: Zamazenta|65/100
|-unboost|p2a: Ursaluna|def|1
|-unboost|p2a: Ursaluna|spd|1
|
|-heal|p1a: Zamazenta|71/100|[from] item: Leftovers
|-damage|p2a: Ursaluna|54/100 brn|[from] brn
|upkeep
|turn|30
|
|t:|1779884074
|switch|p2a: Clefable|Clefable, M|86/100
|-damage|p2a: Clefable|74/100|[from] Stealth Rock
|move|p1a: Zamazenta|Roar|p2a: Clefable
|drag|p2a: Iron Treads|Iron Treads|100/100
|-damage|p2a: Iron Treads|97/100|[from] Stealth Rock
|
|-heal|p1a: Zamazenta|77/100|[from] item: Leftovers
|-heal|p2a: Iron Treads|100/100|[from] item: Leftovers
|upkeep
|turn|31
|
|t:|1779884085
|-end|p2a: Iron Treads|Quark Drive|[silent]
|switch|p2a: Amoonguss|Amoonguss, F|100/100
|move|p1a: Zamazenta|Body Press|p2a: Amoonguss
|-resisted|p2a: Amoonguss
|-damage|p2a: Amoonguss|83/100
|
|-heal|p1a: Zamazenta|83/100|[from] item: Leftovers
|upkeep
|turn|32
|
|t:|1779884096
|move|p1a: Zamazenta|Iron Defense|p1a: Zamazenta
|-boost|p1a: Zamazenta|def|2
|move|p2a: Amoonguss|Toxic|p1a: Zamazenta
|-status|p1a: Zamazenta|tox
|
|-heal|p1a: Zamazenta|90/100 tox|[from] item: Leftovers
|-damage|p1a: Zamazenta|83/100 tox|[from] psn
|upkeep
|turn|33
|
|t:|1779884101
|move|p1a: Zamazenta|Body Press|p2a: Amoonguss
|-resisted|p2a: Amoonguss
|-damage|p2a: Amoonguss|53/100
|move|p2a: Amoonguss|Clear Smog|p1a: Zamazenta
|-damage|p1a: Zamazenta|72/100 tox
|-clearboost|p1a: Zamazenta
|
|-heal|p1a: Zamazenta|78/100 tox|[from] item: Leftovers
|-damage|p1a: Zamazenta|66/100 tox|[from] psn
|upkeep
|turn|34
|
|t:|1779884112
|switch|p2a: Dragapult|Dragapult, M|100/100
|-damage|p2a: Dragapult|88/100|[from] Stealth Rock
|move|p1a: Zamazenta|Crunch|p2a: Dragapult
|-supereffective|p2a: Dragapult
|-damage|p2a: Dragapult|27/100
|-unboost|p2a: Dragapult|def|1
|
|-heal|p1a: Zamazenta|72/100 tox|[from] item: Leftovers
|-damage|p1a: Zamazenta|53/100 tox|[from] psn
|upkeep
|turn|35
|
|t:|1779884120
|move|p2a: Dragapult|Draco Meteor|p1a: Zamazenta
|-damage|p1a: Zamazenta|0 fnt
|-unboost|p2a: Dragapult|spa|2
|faint|p1a: Zamazenta
|
|upkeep
|
|t:|1779884129
|switch|p1a: Ogerpon|Ogerpon-Wellspring, F|100/100
|turn|36
|
|t:|1779884134
|switch|p2a: Amoonguss|Amoonguss, F|87/100
|move|p1a: Ogerpon|Ivy Cudgel|p2a: Amoonguss|[anim] Ivy Cudgel Water
|-resisted|p2a: Amoonguss
|-damage|p2a: Amoonguss|65/100
|
|upkeep
|turn|37
|
|t:|1779884143
|switch|p1a: Dragapult|Dragapult, M|100/100
|move|p2a: Amoonguss|Synthesis|p2a: Amoonguss
|-heal|p2a: Amoonguss|100/100
|
|upkeep
|turn|38
|
|t:|1779884153
|switch|p2a: Clefable|Clefable, M|74/100
|-damage|p2a: Clefable|61/100|[from] Stealth Rock
|move|p1a: Dragapult|U-turn|p2a: Clefable
|-resisted|p2a: Clefable
|-damage|p2a: Clefable|55/100
|
|t:|1779884161
|switch|p1a: Pecharunt|Pecharunt|83/100|[from] U-turn
|
|upkeep
|turn|39
|
|t:|1779884164
|move|p1a: Pecharunt|Foul Play|p2a: Clefable
|-resisted|p2a: Clefable
|-damage|p2a: Clefable|50/100
|move|p2a: Clefable|Thunder Wave|p1a: Pecharunt
|-status|p1a: Pecharunt|par
|
|upkeep
|turn|40
|
|t:|1779884168
|move|p2a: Clefable|Stealth Rock|p1a: Pecharunt
|-sidestart|p1: thorgalaeg7|move: Stealth Rock
|move|p1a: Pecharunt|Malignant Chain|p2a: Clefable
|-supereffective|p2a: Clefable
|-damage|p2a: Clefable|0 fnt
|faint|p2a: Clefable
|
|upkeep
|
|t:|1779884171
|switch|p2a: Ursaluna|Ursaluna, F|54/100 brn
|-damage|p2a: Ursaluna|48/100 brn|[from] Stealth Rock
|turn|41
|
|t:|1779884174
|move|p2a: Ursaluna|Headlong Rush|p1a: Pecharunt
|-supereffective|p1a: Pecharunt
|-crit|p1a: Pecharunt
|-damage|p1a: Pecharunt|0 fnt
|-unboost|p2a: Ursaluna|def|1
|-unboost|p2a: Ursaluna|spd|1
|faint|p1a: Pecharunt
|
|-damage|p2a: Ursaluna|42/100 brn|[from] brn
|upkeep
|
|t:|1779884182
|switch|p1a: Dragapult|Dragapult, M|100/100
|-damage|p1a: Dragapult|88/100|[from] Stealth Rock
|turn|42
|
|t:|1779884195
|move|p1a: Dragapult|Flamethrower|p2a: Ursaluna
|-crit|p2a: Ursaluna
|-damage|p2a: Ursaluna|0 fnt
|faint|p2a: Ursaluna
|
|upkeep
|
|t:|1779884199
|switch|p2a: Gyarados|Gyarados, M|95/100
|-damage|p2a: Gyarados|70/100|[from] Stealth Rock
|turn|43
|
|t:|1779884220
|switch|p1a: Ogerpon|Ogerpon-Wellspring, F|100/100
|-damage|p1a: Ogerpon|88/100|[from] Stealth Rock
|switch|p2a: Amoonguss|Amoonguss, F|100/100
|
|upkeep
|turn|44
|inactive|thorgalaeg7 has 120 seconds left.
|
|t:|1779884241
|move|p1a: Ogerpon|Ivy Cudgel|p2a: Amoonguss|[anim] Ivy Cudgel Water
|-resisted|p2a: Amoonguss
|-damage|p2a: Amoonguss|81/100
|move|p2a: Amoonguss|Toxic|p1a: Ogerpon
|-status|p1a: Ogerpon|tox
|
|-damage|p1a: Ogerpon|82/100 tox|[from] psn
|upkeep
|turn|45
|
|t:|1779884245
|move|p1a: Ogerpon|Ivy Cudgel|p2a: Amoonguss|[anim] Ivy Cudgel Water
|-resisted|p2a: Amoonguss
|-damage|p2a: Amoonguss|58/100
|move|p2a: Amoonguss|Foul Play|p1a: Ogerpon
|-damage|p1a: Ogerpon|41/100 tox
|
|-damage|p1a: Ogerpon|29/100 tox|[from] psn
|upkeep
|turn|46
|
|t:|1779884260
|move|p1a: Ogerpon|Ivy Cudgel|p2a: Amoonguss|[anim] Ivy Cudgel Water
|-resisted|p2a: Amoonguss
|-damage|p2a: Amoonguss|36/100
|move|p2a: Amoonguss|Foul Play|p1a: Ogerpon
|-damage|p1a: Ogerpon|0 fnt
|faint|p1a: Ogerpon
|
|upkeep
|
|t:|1779884263
|switch|p1a: Dragapult|Dragapult, M|88/100
|-damage|p1a: Dragapult|76/100|[from] Stealth Rock
|turn|47
|
|t:|1779884269
|-terastallize|p1a: Dragapult|Ghost
|move|p1a: Dragapult|Shadow Ball|p2a: Amoonguss
|-damage|p2a: Amoonguss|0 fnt
|faint|p2a: Amoonguss
|
|upkeep
|
|t:|1779884274
|switch|p2a: Iron Treads|Iron Treads|100/100
|-damage|p2a: Iron Treads|97/100|[from] Stealth Rock
|turn|48
|
|t:|1779884277
|move|p1a: Dragapult|Shadow Ball|p2a: Iron Treads
|-damage|p2a: Iron Treads|0 fnt
|faint|p2a: Iron Treads
|-end|p2a: Iron Treads|Quark Drive|[silent]
|
|upkeep
|
|t:|1779884289
|switch|p2a: Dragapult|Dragapult, M|27/100
|-damage|p2a: Dragapult|15/100|[from] Stealth Rock
|turn|49
|c|☆ryanman7|good luck
|
|t:|1779884302
|move|p2a: Dragapult|Shadow Ball|p1a: Dragapult
|-supereffective|p1a: Dragapult
|-damage|p1a: Dragapult|0 fnt
|faint|p1a: Dragapult
|
|win|ryanman7
|raw|thorgalaeg7's rating: 1437 &rarr; <strong>1415</strong><br />(-22 for losing)
|raw|ryanman7's rating: 1394 &rarr; <strong>1416</strong><br />(+22 for winning)
|c|☆ryanman7|gg
|l|☆thorgalaeg7
|player|p1|
|l|☆ryanman7
|player|p2|
|l| Zero Faction
