|j|☆VezinN
|j|☆Container of you
|t:|1779940648
|gametype|singles
|player|p1|VezinN|pokemonranger-gen4|1070
|player|p2|Container of you|101|1000
|gen|9
|tier|[Gen 9] OU
|rated|
|rule|HP Percentage Mod: HP is shown in percentages
|rule|Endless Battle Clause: Forcing endless battles is banned
|rule|Species Clause: Limit one of each Pokémon
|rule|OHKO Clause: OHKO moves are banned
|rule|Evasion Items Clause: Evasion items are banned
|rule|Evasion Moves Clause: Evasion moves are banned
|rule|Evasion Abilities Clause: Evasion abilities are banned
|rule|Sleep Moves Clause: Sleep-inducing moves are banned
|clearpoke
|poke|p1|Umbreon, M|
|poke|p1|Gholdengo|
|poke|p1|Great Tusk|
|poke|p1|Dragapult, M|
|poke|p1|Kingambit, M|
|poke|p1|Rotom-Wash|
|poke|p2|Iron Treads|
|poke|p2|Ogerpon-Wellspring, F|
|poke|p2|Clefable, M|
|poke|p2|Latias, F|
|poke|p2|Kingambit, M|
|poke|p2|Golem-Alola, F|
|teampreview
|
|t:|1779940675
|teamsize|p1|6
|teamsize|p2|6
|start
|switch|p1a: Clean|Rotom-Wash|100/100
|switch|p2a: Golem|Golem-Alola, F|100/100
|turn|1
|
|t:|1779940685
|-terastallize|p1a: Clean|Fairy
|move|p1a: Clean|Hydro Pump|p2a: Golem|[miss]
|-miss|p1a: Clean|p2a: Golem
|move|p2a: Golem|Rock Polish|p2a: Golem
|-boost|p2a: Golem|spe|2
|
|upkeep
|turn|2
|
|t:|1779940700
|move|p2a: Golem|Rock Blast|p1a: Clean
|-damage|p1a: Clean|88/100
|-damage|p1a: Clean|77/100
|-damage|p1a: Clean|67/100
|-hitcount|p1a: Clean|3
|move|p1a: Clean|Hydro Pump|p2a: Golem|[miss]
|-miss|p1a: Clean|p2a: Golem
|
|upkeep
|turn|3
|
|t:|1779940711
|move|p2a: Golem|Rock Blast|p1a: Clean
|-damage|p1a: Clean|55/100
|-damage|p1a: Clean|44/100
|-damage|p1a: Clean|32/100
|-hitcount|p1a: Clean|3
|move|p1a: Clean|Hydro Pump|p2a: Golem
|-supereffective|p2a: Golem
|-enditem|p2a: Golem|Focus Sash
|-damage|p2a: Golem|1/100
|
|upkeep
|turn|4
|
|t:|1779940723
|switch|p1a: Umbra|Umbreon, M, shiny|100/100
|move|p2a: Golem|Explosion|p1a: Umbra
|-damage|p1a: Umbra|0 fnt
|faint|p2a: Golem
|faint|p1a: Umbra
|
|upkeep
|
|t:|1779940736
|switch|p2a: Ogerpon|Ogerpon-Wellspring, F|100/100
|switch|p1a: Lapis|Great Tusk|100/100
|turn|5
|
|t:|1779940753
|-end|p1a: Lapis|Protosynthesis|[silent]
|switch|p1a: Clean|Rotom-Wash, tera:Fairy|32/100
|move|p2a: Ogerpon|Ivy Cudgel|p1a: Clean|[anim] Ivy Cudgel Water
|-damage|p1a: Clean|0 fnt
|faint|p1a: Clean
|
|upkeep
|
|t:|1779940762
|switch|p1a: Iecit|Dragapult, M|100/100
|turn|6
|
|t:|1779940777
|switch|p2a: Clefable|Clefable, M|100/100
|move|p1a: Iecit|Phantom Force||[still]
|-prepare|p1a: Iecit|Phantom Force
|
|upkeep
|turn|7
|
|t:|1779940785
|move|p1a: Iecit|Phantom Force|p2a: Clefable|[from] lockedmove
|-damage|p2a: Clefable|48/100
|move|p2a: Clefable|Moonblast|p1a: Iecit
|-supereffective|p1a: Iecit
|-damage|p1a: Iecit|0 fnt
|faint|p1a: Iecit
|
|upkeep
|
|t:|1779940794
|switch|p1a: Lapis|Great Tusk|100/100
|turn|8
|
|t:|1779940801
|move|p1a: Lapis|Earthquake|p2a: Clefable
|-damage|p2a: Clefable|0 fnt
|faint|p2a: Clefable
|
|upkeep
|
|t:|1779940805
|switch|p2a: Ogerpon|Ogerpon-Wellspring, F|100/100
|turn|9
|
|t:|1779940809
|move|p2a: Ogerpon|Ivy Cudgel|p1a: Lapis|[anim] Ivy Cudgel Water
|-supereffective|p1a: Lapis
|-damage|p1a: Lapis|43/100
|move|p1a: Lapis|Knock Off|p2a: Ogerpon
|-damage|p2a: Ogerpon|78/100
|
|-heal|p1a: Lapis|50/100|[from] item: Leftovers
|upkeep
|turn|10
|
|t:|1779940831
|move|p2a: Ogerpon|Ivy Cudgel|p1a: Lapis|[anim] Ivy Cudgel Water
|-supereffective|p1a: Lapis
|-damage|p1a: Lapis|0 fnt
|faint|p1a: Lapis
|-end|p1a: Lapis|Protosynthesis|[silent]
|
|upkeep
|
|t:|1779940837
|switch|p1a: Nummus|Gholdengo|100/100
|turn|11
|
|t:|1779940844
|switch|p2a: Iron Treads|Iron Treads|100/100
|-item|p2a: Iron Treads|Air Balloon
|move|p1a: Nummus|Make It Rain|p2a: Iron Treads
|-resisted|p2a: Iron Treads
|-damage|p2a: Iron Treads|65/100
|-unboost|p1a: Nummus|spa|1
|-enditem|p2a: Iron Treads|Air Balloon
|
|upkeep
|turn|12
|
|t:|1779940856
|move|p1a: Nummus|Make It Rain|p2a: Iron Treads
|-resisted|p2a: Iron Treads
|-damage|p2a: Iron Treads|44/100
|-unboost|p1a: Nummus|spa|1
|move|p2a: Iron Treads|Earthquake|p1a: Nummus
|-supereffective|p1a: Nummus
|-damage|p1a: Nummus|0 fnt
|faint|p1a: Nummus
|
|upkeep
|
|t:|1779940866
|switch|p1a: Gladius|Kingambit, M|100/100
|-activate|p1a: Gladius|ability: Supreme Overlord
|-start|p1a: Gladius|fallen5|[silent]
|-item|p1a: Gladius|Air Balloon
|turn|13
|
|t:|1779940872
|move|p1a: Gladius|Sucker Punch|p2a: Iron Treads
|-damage|p2a: Iron Treads|0 fnt
|faint|p2a: Iron Treads
|-end|p2a: Iron Treads|Quark Drive|[silent]
|
|upkeep
|
|t:|1779940881
|switch|p2a: Latias|Latias, F|100/100
|turn|14
|
|t:|1779940887
|-terastallize|p2a: Latias|Fairy
|move|p1a: Gladius|Sucker Punch||[still]
|-fail|p1a: Gladius
|move|p2a: Latias|Calm Mind|p2a: Latias
|-boost|p2a: Latias|spa|1
|-boost|p2a: Latias|spd|1
|
|upkeep
|turn|15
|
|t:|1779940897
|move|p2a: Latias|Draining Kiss|p1a: Gladius
|-damage|p1a: Gladius|68/100
|-enditem|p1a: Gladius|Air Balloon
|move|p1a: Gladius|Iron Head|p2a: Latias
|-supereffective|p2a: Latias
|-damage|p2a: Latias|0 fnt
|faint|p2a: Latias
|
|upkeep
|
|t:|1779940904
|switch|p2a: Ogerpon|Ogerpon-Wellspring, F|78/100
|turn|16
|
|t:|1779940909
|move|p1a: Gladius|Sucker Punch||[still]
|-fail|p1a: Gladius
|move|p2a: Ogerpon|Spikes|p1a: Gladius
|-sidestart|p1: VezinN|Spikes
|
|upkeep
|turn|17
|inactive|Battle timer is ON: inactive players will automatically lose when time's up. (requested by Container of you)
|
|t:|1779940914
|move|p1a: Gladius|Sucker Punch|p2a: Ogerpon
|-damage|p2a: Ogerpon|0 fnt
|faint|p2a: Ogerpon
|
|upkeep
|
|t:|1779940916
|switch|p2a: Kingambit|Kingambit, M|100/100
|-activate|p2a: Kingambit|ability: Supreme Overlord
|-start|p2a: Kingambit|fallen5|[silent]
|turn|18
|
|t:|1779940925
|move|p1a: Gladius|Sucker Punch|p2a: Kingambit
|-resisted|p2a: Kingambit
|-damage|p2a: Kingambit|79/100
|move|p2a: Kingambit|Low Kick|p1a: Gladius
|-supereffective|p1a: Gladius
|-damage|p1a: Gladius|0 fnt
|faint|p1a: Gladius
|-end|p1a: Gladius|fallen5|[silent]
|
|win|Container of you
|raw|VezinN's rating: 1070 &rarr; <strong>1045</strong><br />(-25 for losing)
|raw|Container of you's rating: 1000 &rarr; <strong>1048</strong><br />(+48 for winning)
