|j|☆p$ychopath
|j|☆PepeNike
|t:|1779950789
|gametype|singles
|player|p1|p$ychopath|psychic-lgpe|1657
|player|p2|PepeNike|102|1581
|gen|9
|tier|[Gen 9] OU
|rated|
|rule|HP Percentage Mod: HP is shown in percentages
|rule|Endless Battle Clause: Forcing endless battles is banned
|rule|Species Clause: Limit one of each Pokémon
|rule|OHKO Clause: OHKO moves are banned
|rule|Evasion Items Clause: Evasion items are banned
|rule|Evasion Moves Clause: Evasion moves are banned
|rule|Evasion Abilities Clause: Evasion abilities are banned
|rule|Sleep Moves Clause: Sleep-inducing moves are banned
|clearpoke
|poke|p1|Iron Jugulis|
|poke|p1|Iron Valiant|
|poke|p1|Iron Moth|
|poke|p1|Great Tusk|
|poke|p1|Samurott-Hisui, M|
|poke|p1|Sandy Shocks|
|poke|p2|Alomomola, F|
|poke|p2|Slowking-Galar, F|
|poke|p2|Arcanine-Hisui, M|
|poke|p2|Moltres|
|poke|p2|Pecharunt|
|poke|p2|Cinderace, M|
|teampreview
|inactive|Battle timer is ON: inactive players will automatically lose when time's up. (requested by PepeNike)
|inactive|p$ychopath also wants the timer to be on.
|inactive|PepeNike has 120 seconds left.
|
|t:|1779950836
|teamsize|p1|6
|teamsize|p2|6
|start
|switch|p1a: Iron Mugulis|Iron Jugulis|100/100
|switch|p2a: Cinderace|Cinderace, M|100/100
|-enditem|p1a: Iron Mugulis|Booster Energy
|-activate|p1a: Iron Mugulis|ability: Quark Drive|[fromitem]
|-start|p1a: Iron Mugulis|quarkdrivespe
|turn|1
|
|t:|1779950843
|switch|p2a: Alomomola|Alomomola, F|100/100
|move|p1a: Iron Mugulis|Hydro Pump|p2a: Alomomola
|-resisted|p2a: Alomomola
|-damage|p2a: Alomomola|92/100
|
|upkeep
|turn|2
|
|t:|1779950860
|move|p1a: Iron Mugulis|Dark Pulse|p2a: Alomomola
|-damage|p2a: Alomomola|71/100
|cant|p2a: Alomomola|flinch
|
|upkeep
|turn|3
|
|t:|1779950866
|move|p1a: Iron Mugulis|Hurricane|p2a: Alomomola
|-damage|p2a: Alomomola|44/100
|move|p2a: Alomomola|Icy Wind|p1a: Iron Mugulis
|-supereffective|p1a: Iron Mugulis
|-damage|p1a: Iron Mugulis|84/100
|-unboost|p1a: Iron Mugulis|spe|1
|
|upkeep
|turn|4
|
|t:|1779950873
|move|p1a: Iron Mugulis|Hurricane|p2a: Alomomola
|-damage|p2a: Alomomola|18/100
|move|p2a: Alomomola|Icy Wind|p1a: Iron Mugulis
|-supereffective|p1a: Iron Mugulis
|-damage|p1a: Iron Mugulis|69/100
|-unboost|p1a: Iron Mugulis|spe|1
|
|upkeep
|turn|5
|
|t:|1779950900
|switch|p2a: Slowking|Slowking-Galar, F, shiny|100/100
|move|p1a: Iron Mugulis|Dark Pulse|p2a: Slowking
|-supereffective|p2a: Slowking
|-damage|p2a: Slowking|33/100
|
|upkeep
|turn|6
|
|t:|1779950905
|switch|p2a: Alomomola|Alomomola, F|51/100
|move|p1a: Iron Mugulis|Dark Pulse|p2a: Alomomola
|-damage|p2a: Alomomola|31/100
|
|upkeep
|turn|7
|
|t:|1779950916
|move|p1a: Iron Mugulis|Dark Pulse|p2a: Alomomola
|-damage|p2a: Alomomola|11/100
|move|p2a: Alomomola|Icy Wind|p1a: Iron Mugulis
|-supereffective|p1a: Iron Mugulis
|-damage|p1a: Iron Mugulis|54/100
|-unboost|p1a: Iron Mugulis|spe|1
|
|upkeep
|turn|8
|
|t:|1779950920
|switch|p2a: Moltres|Moltres|100/100
|move|p1a: Iron Mugulis|Dark Pulse|p2a: Moltres
|-damage|p2a: Moltres|65/100
|
|upkeep
|turn|9
|
|t:|1779950929
|move|p2a: Moltres|U-turn|p1a: Iron Mugulis
|-damage|p1a: Iron Mugulis|36/100
|
|t:|1779950932
|switch|p2a: Alomomola|Alomomola, F|44/100|[from] U-turn
|move|p1a: Iron Mugulis|Dark Pulse|p2a: Alomomola
|-damage|p2a: Alomomola|24/100
|
|upkeep
|turn|10
|
|t:|1779950938
|switch|p2a: Slowking|Slowking-Galar, F, shiny|66/100
|move|p1a: Iron Mugulis|Dark Pulse|p2a: Slowking
|-supereffective|p2a: Slowking
|-damage|p2a: Slowking|2/100
|
|upkeep
|turn|11
|
|t:|1779950944
|switch|p2a: Cinderace|Cinderace, M|100/100
|move|p1a: Iron Mugulis|Dark Pulse|p2a: Cinderace
|-damage|p2a: Cinderace|53/100
|
|upkeep
|turn|12
|
|t:|1779950948
|move|p2a: Cinderace|Pyro Ball|p1a: Iron Mugulis
|-damage|p1a: Iron Mugulis|0 fnt
|faint|p1a: Iron Mugulis
|-end|p1a: Iron Mugulis|Quark Drive|[silent]
|
|upkeep
|
|t:|1779950951
|switch|p1a: Sandy Shocks|Sandy Shocks|100/100
|-enditem|p1a: Sandy Shocks|Booster Energy
|-activate|p1a: Sandy Shocks|ability: Protosynthesis|[fromitem]
|-start|p1a: Sandy Shocks|protosynthesisspe
|turn|13
|
|t:|1779950970
|switch|p2a: Moltres|Moltres|65/100
|move|p1a: Sandy Shocks|Stealth Rock|p2a: Moltres
|-sidestart|p2: PepeNike|move: Stealth Rock
|
|upkeep
|turn|14
|
|t:|1779950984
|-terastallize|p2a: Moltres|Ground
|move|p1a: Sandy Shocks|Thunderbolt|p2a: Moltres
|-immune|p2a: Moltres
|move|p2a: Moltres|Roar|p1a: Sandy Shocks
|-end|p1a: Sandy Shocks|Protosynthesis|[silent]
|drag|p1a: Great Tusk|Great Tusk|100/100
|-enditem|p1a: Great Tusk|Booster Energy
|-activate|p1a: Great Tusk|ability: Protosynthesis|[fromitem]
|-start|p1a: Great Tusk|protosynthesisspe
|
|upkeep
|turn|15
|
|t:|1779950997
|move|p1a: Great Tusk|Bulk Up|p1a: Great Tusk
|-boost|p1a: Great Tusk|atk|1
|-boost|p1a: Great Tusk|def|1
|move|p2a: Moltres|Will-O-Wisp|p1a: Great Tusk
|-status|p1a: Great Tusk|brn
|
|-damage|p1a: Great Tusk|94/100 brn|[from] brn
|upkeep
|turn|16
|
|t:|1779951003
|move|p1a: Great Tusk|Bulk Up|p1a: Great Tusk
|-boost|p1a: Great Tusk|atk|1
|-boost|p1a: Great Tusk|def|1
|move|p2a: Moltres|Roost|p2a: Moltres
|-heal|p2a: Moltres|100/100
|
|-damage|p1a: Great Tusk|88/100 brn|[from] brn
|upkeep
|turn|17
|
|t:|1779951006
|move|p1a: Great Tusk|Bulk Up|p1a: Great Tusk
|-boost|p1a: Great Tusk|atk|1
|-boost|p1a: Great Tusk|def|1
|move|p2a: Moltres|Roar|p1a: Great Tusk
|-end|p1a: Great Tusk|Protosynthesis|[silent]
|drag|p1a: Sandy Shocks|Sandy Shocks|100/100
|
|upkeep
|turn|18
|inactive|PepeNike has 120 seconds left.
|
|t:|1779951055
|move|p1a: Sandy Shocks|Earth Power|p2a: Moltres
|-damage|p2a: Moltres|65/100
|move|p2a: Moltres|Will-O-Wisp|p1a: Sandy Shocks
|-status|p1a: Sandy Shocks|brn
|
|-damage|p1a: Sandy Shocks|94/100 brn|[from] brn
|upkeep
|turn|19
|
|t:|1779951070
|-end|p1a: Sandy Shocks|Protosynthesis|[silent]
|switch|p1a: Iron Valiant|Iron Valiant|100/100
|-enditem|p1a: Iron Valiant|Booster Energy
|-activate|p1a: Iron Valiant|ability: Quark Drive|[fromitem]
|-start|p1a: Iron Valiant|quarkdrivespe
|move|p2a: Moltres|Roar|p1a: Iron Valiant
|-end|p1a: Iron Valiant|Quark Drive|[silent]
|drag|p1a: Great Tusk|Great Tusk|88/100 brn
|
|-damage|p1a: Great Tusk|82/100 brn|[from] brn
|upkeep
|turn|20
|inactive|PepeNike has 120 seconds left.
|
|t:|1779951089
|-end|p1a: Great Tusk|Protosynthesis|[silent]
|switch|p1a: Iron Valiant|Iron Valiant|100/100
|move|p2a: Moltres|Roost|p2a: Moltres
|-heal|p2a: Moltres|100/100
|
|upkeep
|turn|21
|
|t:|1779951094
|move|p1a: Iron Valiant|Encore|p2a: Moltres
|-start|p2a: Moltres|Encore
|move|p2a: Moltres|Roost||[still]
|-fail|p2a: Moltres|heal
|
|upkeep
|turn|22
|
|t:|1779951096
|switch|p2a: Pecharunt|Pecharunt|100/100
|-damage|p2a: Pecharunt|88/100|[from] Stealth Rock
|move|p1a: Iron Valiant|Swords Dance|p1a: Iron Valiant
|-boost|p1a: Iron Valiant|atk|2
|
|-heal|p2a: Pecharunt|94/100|[from] item: Leftovers
|upkeep
|turn|23
|
|t:|1779951100
|move|p1a: Iron Valiant|Knock Off|p2a: Pecharunt
|-supereffective|p2a: Pecharunt
|-damage|p2a: Pecharunt|30/100
|-enditem|p2a: Pecharunt|Leftovers|[from] move: Knock Off|[of] p1a: Iron Valiant
|move|p2a: Pecharunt|Malignant Chain|p1a: Iron Valiant
|-supereffective|p1a: Iron Valiant
|-damage|p1a: Iron Valiant|0 fnt
|faint|p1a: Iron Valiant
|-end|p1a: Iron Valiant|Quark Drive|[silent]
|
|upkeep
|
|t:|1779951117
|switch|p1a: Samurott|Samurott-Hisui, M, shiny|100/100
|turn|24
|
|t:|1779951123
|switch|p2a: Moltres|Moltres, tera:Ground|100/100
|move|p1a: Samurott|Ceaseless Edge|p2a: Moltres
|-damage|p2a: Moltres|50/100
|-sidestart|p2: PepeNike|Spikes
|
|upkeep
|turn|25
|
|t:|1779951133
|switch|p2a: Slowking|Slowking-Galar, F, shiny|35/100
|move|p1a: Samurott|Razor Shell|p2a: Slowking
|-crit|p2a: Slowking
|-damage|p2a: Slowking|0 fnt
|faint|p2a: Slowking
|
|upkeep
|
|t:|1779951134
|switch|p2a: Cinderace|Cinderace, M|53/100
|turn|26
|
|t:|1779951137
|move|p2a: Cinderace|Court Change|p2a: Cinderace
|-start|p2a: Cinderace|typechange|Normal|[from] ability: Libero
|-swapsideconditions
|-activate|p2a: Cinderace|move: Court Change
|move|p1a: Samurott|Swords Dance|p1a: Samurott
|-boost|p1a: Samurott|atk|2
|
|upkeep
|turn|27
|
|t:|1779951142
|move|p1a: Samurott|Sucker Punch||[still]
|-fail|p1a: Samurott
|move|p2a: Cinderace|Will-O-Wisp|p1a: Samurott
|-status|p1a: Samurott|brn
|
|-damage|p1a: Samurott|94/100 brn|[from] brn
|upkeep
|turn|28
|
|t:|1779951146
|move|p2a: Cinderace|U-turn|p1a: Samurott
|-supereffective|p1a: Samurott
|-damage|p1a: Samurott|48/100 brn
|
|t:|1779951150
|switch|p2a: Moltres|Moltres, tera:Ground|50/100|[from] U-turn
|move|p1a: Samurott|Swords Dance|p1a: Samurott
|-boost|p1a: Samurott|atk|2
|
|-damage|p1a: Samurott|42/100 brn|[from] brn
|upkeep
|turn|29
|
|t:|1779951158
|move|p1a: Samurott|Ceaseless Edge|p2a: Moltres
|-damage|p2a: Moltres|0 fnt
|-sidestart|p2: PepeNike|Spikes
|faint|p2a: Moltres
|
|-damage|p1a: Samurott|36/100 brn|[from] brn
|upkeep
|
|t:|1779951161
|switch|p2a: Arcanine|Arcanine-Hisui, M|100/100
|-damage|p2a: Arcanine|88/100|[from] Spikes
|turn|30
|
|t:|1779951164
|move|p2a: Arcanine|Extreme Speed|p1a: Samurott
|-damage|p1a: Samurott|0 fnt
|faint|p1a: Samurott
|
|upkeep
|
|t:|1779951168
|switch|p1a: Great Tusk|Great Tusk|82/100 brn
|-damage|p1a: Great Tusk|79/100 brn|[from] Stealth Rock
|-damage|p1a: Great Tusk|66/100 brn|[from] Spikes
|turn|31
|
|t:|1779951174
|switch|p2a: Pecharunt|Pecharunt|30/100
|-damage|p2a: Pecharunt|18/100|[from] Spikes
|move|p1a: Great Tusk|Headlong Rush|p2a: Pecharunt
|-supereffective|p2a: Pecharunt
|-damage|p2a: Pecharunt|0 fnt
|-unboost|p1a: Great Tusk|def|1
|-unboost|p1a: Great Tusk|spd|1
|faint|p2a: Pecharunt
|
|-damage|p1a: Great Tusk|60/100 brn|[from] brn
|upkeep
|
|t:|1779951182
|switch|p2a: Cinderace|Cinderace, M|53/100
|turn|32
|
|t:|1779951184
|move|p2a: Cinderace|Pyro Ball|p1a: Great Tusk
|-damage|p1a: Great Tusk|17/100 brn
|move|p1a: Great Tusk|Rapid Spin|p2a: Cinderace
|-damage|p2a: Cinderace|45/100
|-boost|p1a: Great Tusk|spe|1
|-sideend|p1: p$ychopath|Spikes|[from] move: Rapid Spin|[of] p1a: Great Tusk
|-sideend|p1: p$ychopath|Stealth Rock|[from] move: Rapid Spin|[of] p1a: Great Tusk
|
|-damage|p1a: Great Tusk|11/100 brn|[from] brn
|upkeep
|turn|33
|
|t:|1779951189
|switch|p2a: Alomomola|Alomomola, F|57/100
|-damage|p2a: Alomomola|45/100|[from] Spikes
|move|p1a: Great Tusk|Headlong Rush|p2a: Alomomola
|-damage|p2a: Alomomola|25/100
|-unboost|p1a: Great Tusk|def|1
|-unboost|p1a: Great Tusk|spd|1
|
|-damage|p1a: Great Tusk|5/100 brn|[from] brn
|upkeep
|turn|34
|
|t:|1779951194
|move|p1a: Great Tusk|Headlong Rush|p2a: Alomomola
|-damage|p2a: Alomomola|5/100
|-unboost|p1a: Great Tusk|def|1
|-unboost|p1a: Great Tusk|spd|1
|move|p2a: Alomomola|Flip Turn|p1a: Great Tusk
|-supereffective|p1a: Great Tusk
|-damage|p1a: Great Tusk|0 fnt
|faint|p1a: Great Tusk
|-end|p1a: Great Tusk|Protosynthesis|[silent]
|
|t:|1779951200
|switch|p2a: Cinderace|Cinderace, M|45/100|[from] Flip Turn
|
|upkeep
|
|t:|1779951204
|switch|p1a: Iron Moth|Iron Moth|100/100
|-enditem|p1a: Iron Moth|Booster Energy
|-activate|p1a: Iron Moth|ability: Quark Drive|[fromitem]
|-start|p1a: Iron Moth|quarkdrivespe
|turn|35
|inactive|PepeNike has 120 seconds left.
|
|t:|1779951256
|move|p1a: Iron Moth|Sludge Wave|p2a: Cinderace
|-damage|p2a: Cinderace|0 fnt
|faint|p2a: Cinderace
|
|upkeep
|
|t:|1779951258
|switch|p2a: Arcanine|Arcanine-Hisui, M|88/100
|-damage|p2a: Arcanine|76/100|[from] Spikes
|turn|36
|
|t:|1779951268
|move|p1a: Iron Moth|Sludge Wave|p2a: Arcanine
|-resisted|p2a: Arcanine
|-damage|p2a: Arcanine|48/100
|move|p2a: Arcanine|Head Smash|p1a: Iron Moth
|-supereffective|p1a: Iron Moth
|-damage|p1a: Iron Moth|0 fnt
|faint|p1a: Iron Moth
|-end|p1a: Iron Moth|Quark Drive|[silent]
|
|upkeep
|
|t:|1779951270
|switch|p1a: Sandy Shocks|Sandy Shocks|94/100 brn
|turn|37
|
|t:|1779951277
|switch|p2a: Alomomola|Alomomola, F|38/100
|-damage|p2a: Alomomola|26/100|[from] Spikes
|move|p1a: Sandy Shocks|Earth Power|p2a: Alomomola
|-damage|p2a: Alomomola|7/100
|
|-damage|p1a: Sandy Shocks|88/100 brn|[from] brn
|upkeep
|turn|38
|inactive|PepeNike has 120 seconds left.
|
|t:|1779951293
|move|p1a: Sandy Shocks|Earth Power|p2a: Alomomola
|-damage|p2a: Alomomola|0 fnt
|faint|p2a: Alomomola
|
|-damage|p1a: Sandy Shocks|82/100 brn|[from] brn
|upkeep
|
|t:|1779951294
|switch|p2a: Arcanine|Arcanine-Hisui, M|48/100
|-damage|p2a: Arcanine|35/100|[from] Spikes
|turn|39
|
|t:|1779951296
|-terastallize|p1a: Sandy Shocks|Ghost
|move|p2a: Arcanine|Extreme Speed|p1a: Sandy Shocks
|-immune|p1a: Sandy Shocks
|move|p1a: Sandy Shocks|Earth Power|p2a: Arcanine
|-supereffective|p2a: Arcanine
|-damage|p2a: Arcanine|0 fnt
|faint|p2a: Arcanine
|
|win|p$ychopath
|raw|p$ychopath's rating: 1657 &rarr; <strong>1672</strong><br />(+15 for winning)
|raw|PepeNike's rating: 1566 &rarr; <strong>1551</strong><br />(-15 for losing)
|l|☆p$ychopath
|player|p1|
