|j|☆pin$121
|j|☆bayrah
|t:|1779813604
|gametype|singles
|player|p1|pin$121|artist-gen4|1270
|player|p2|bayrah|boarder|1232
|gen|9
|tier|[Gen 9] OU
|rated|
|rule|HP Percentage Mod: HP is shown in percentages
|rule|Endless Battle Clause: Forcing endless battles is banned
|rule|Species Clause: Limit one of each Pokémon
|rule|OHKO Clause: OHKO moves are banned
|rule|Evasion Items Clause: Evasion items are banned
|rule|Evasion Moves Clause: Evasion moves are banned
|rule|Evasion Abilities Clause: Evasion abilities are banned
|rule|Sleep Moves Clause: Sleep-inducing moves are banned
|clearpoke
|poke|p1|Swalot, F|
|poke|p1|Tornadus-Therian, M|
|poke|p1|Gholdengo|
|poke|p1|Rillaboom, M|
|poke|p1|Rotom-Wash|
|poke|p1|Great Tusk|
|poke|p2|Walking Wake|
|poke|p2|Kingambit, M|
|poke|p2|Raging Bolt|
|poke|p2|Dragapult, F|
|poke|p2|Ninetales, F|
|poke|p2|Great Tusk|
|teampreview
|
|t:|1779813614
|teamsize|p1|6
|teamsize|p2|6
|start
|switch|p1a: Great Tusk|Great Tusk|100/100
|switch|p2a: Great Tusk|Great Tusk|100/100
|turn|1
|
|t:|1779813632
|move|p1a: Great Tusk|Rapid Spin|p2a: Great Tusk
|-damage|p2a: Great Tusk|88/100
|-boost|p1a: Great Tusk|spe|1
|move|p2a: Great Tusk|Knock Off|p1a: Great Tusk
|-resisted|p1a: Great Tusk
|-damage|p1a: Great Tusk|87/100
|-enditem|p1a: Great Tusk|Heavy-Duty Boots|[from] move: Knock Off|[of] p2a: Great Tusk
|
|upkeep
|turn|2
|
|t:|1779813641
|move|p1a: Great Tusk|Ice Spinner|p2a: Great Tusk
|-supereffective|p2a: Great Tusk
|-damage|p2a: Great Tusk|47/100
|move|p2a: Great Tusk|Rapid Spin|p1a: Great Tusk
|-damage|p1a: Great Tusk|73/100
|-boost|p2a: Great Tusk|spe|1
|
|upkeep
|turn|3
|
|t:|1779813648
|move|p1a: Great Tusk|Ice Spinner|p2a: Great Tusk
|-supereffective|p2a: Great Tusk
|-damage|p2a: Great Tusk|8/100
|move|p2a: Great Tusk|Ice Spinner|p1a: Great Tusk
|-supereffective|p1a: Great Tusk
|-damage|p1a: Great Tusk|30/100
|
|upkeep
|turn|4
|
|t:|1779813655
|move|p1a: Great Tusk|Rapid Spin|p2a: Great Tusk
|-damage|p2a: Great Tusk|0 fnt
|-boost|p1a: Great Tusk|spe|1
|faint|p2a: Great Tusk
|-end|p2a: Great Tusk|Protosynthesis|[silent]
|
|upkeep
|
|t:|1779813663
|switch|p2a: Dragapult|Dragapult, F|100/100
|turn|5
|
|t:|1779813667
|move|p1a: Great Tusk|Ice Spinner|p2a: Dragapult
|-supereffective|p2a: Dragapult
|-damage|p2a: Dragapult|20/100
|move|p2a: Dragapult|Draco Meteor|p1a: Great Tusk
|-damage|p1a: Great Tusk|0 fnt
|-unboost|p2a: Dragapult|spa|2
|faint|p1a: Great Tusk
|-end|p1a: Great Tusk|Protosynthesis|[silent]
|
|upkeep
|
|t:|1779813675
|switch|p1a: Rillaboom|Rillaboom, M|100/100
|-fieldstart|move: Grassy Terrain|[from] ability: Grassy Surge|[of] p1a: Rillaboom
|turn|6
|
|t:|1779813681
|switch|p2a: Ninetales|Ninetales, F|100/100
|-weather|SunnyDay|[from] ability: Drought|[of] p2a: Ninetales
|move|p1a: Rillaboom|Grassy Glide|p2a: Ninetales
|-resisted|p2a: Ninetales
|-damage|p2a: Ninetales|53/100
|
|-weather|SunnyDay|[upkeep]
|-heal|p2a: Ninetales|59/100|[from] Grassy Terrain
|upkeep
|turn|7
|
|t:|1779813690
|switch|p1a: Rotom|Rotom-Wash|100/100
|move|p2a: Ninetales|Fire Blast|p1a: Rotom
|-resisted|p1a: Rotom
|-damage|p1a: Rotom|69/100
|
|-weather|SunnyDay|[upkeep]
|-heal|p2a: Ninetales|65/100|[from] Grassy Terrain
|-heal|p1a: Rotom|75/100|[from] item: Leftovers
|upkeep
|turn|8
|
|t:|1779813704
|move|p2a: Ninetales|Healing Wish|p2a: Ninetales
|faint|p2a: Ninetales
|move|p1a: Rotom|Pain Split|p2: Ninetales|[notarget]
|-fail|p1a: Rotom
|
|-weather|SunnyDay|[upkeep]
|-heal|p1a: Rotom|81/100|[from] item: Leftovers
|upkeep
|
|t:|1779813712
|switch|p2a: Dragapult|Dragapult, F|20/100
|-heal|p2a: Dragapult|100/100|[from] move: Healing Wish
|turn|9
|
|t:|1779813727
|move|p2a: Dragapult|U-turn|p1a: Rotom
|-damage|p1a: Rotom|68/100
|
|t:|1779813736
|switch|p2a: Raging Bolt|Raging Bolt|100/100|[from] U-turn
|-activate|p2a: Raging Bolt|ability: Protosynthesis
|-start|p2a: Raging Bolt|protosynthesisspa
|move|p1a: Rotom|Pain Split|p2a: Raging Bolt
|-sethp|p2a: Raging Bolt|73/100|[from] move: Pain Split|[silent]
|-sethp|p1a: Rotom|100/100|[from] move: Pain Split
|
|-weather|SunnyDay|[upkeep]
|-heal|p2a: Raging Bolt|79/100|[from] Grassy Terrain
|upkeep
|turn|10
|
|t:|1779813753
|switch|p1a: Rillaboom|Rillaboom, M|100/100
|move|p2a: Raging Bolt|Dragon Pulse|p1a: Rillaboom
|-damage|p1a: Rillaboom|0 fnt
|faint|p1a: Rillaboom
|-damage|p2a: Raging Bolt|69/100|[from] item: Life Orb
|
|-weather|none
|-end|p2a: Raging Bolt|Protosynthesis
|-heal|p2a: Raging Bolt|76/100|[from] Grassy Terrain
|-fieldend|move: Grassy Terrain
|upkeep
|
|t:|1779813774
|switch|p1a: Tornadus|Tornadus-Therian, M|100/100
|turn|11
|
|t:|1779813783
|-terastallize|p1a: Tornadus|Steel
|move|p1a: Tornadus|Nasty Plot|p1a: Tornadus
|-boost|p1a: Tornadus|spa|2
|move|p2a: Raging Bolt|Volt Switch|p1a: Tornadus
|-damage|p1a: Tornadus|34/100
|-damage|p2a: Raging Bolt|66/100|[from] item: Life Orb
|
|t:|1779813797
|-end|p2a: Raging Bolt|Protosynthesis|[silent]
|switch|p2a: Dragapult|Dragapult, F|100/100|[from] Volt Switch
|
|upkeep
|turn|12
|
|t:|1779813812
|switch|p1a: Rotom|Rotom-Wash|100/100
|move|p2a: Dragapult|Draco Meteor|p1a: Rotom
|-damage|p1a: Rotom|36/100
|-unboost|p2a: Dragapult|spa|2
|
|-heal|p1a: Rotom|43/100|[from] item: Leftovers
|upkeep
|turn|13
|
|t:|1779813829
|move|p2a: Dragapult|U-turn|p1a: Rotom
|-damage|p1a: Rotom|28/100
|
|t:|1779813831
|switch|p2a: Raging Bolt|Raging Bolt|66/100|[from] U-turn
|move|p1a: Rotom|Pain Split|p2a: Raging Bolt
|-sethp|p2a: Raging Bolt|42/100|[from] move: Pain Split|[silent]
|-sethp|p1a: Rotom|63/100|[from] move: Pain Split
|
|-heal|p1a: Rotom|69/100|[from] item: Leftovers
|upkeep
|turn|14
|
|t:|1779813842
|move|p1a: Rotom|Hydro Pump|p2a: Raging Bolt|[miss]
|-miss|p1a: Rotom|p2a: Raging Bolt
|move|p2a: Raging Bolt|Dragon Pulse|p1a: Rotom
|-damage|p1a: Rotom|2/100
|-damage|p2a: Raging Bolt|32/100|[from] item: Life Orb
|
|-heal|p1a: Rotom|8/100|[from] item: Leftovers
|upkeep
|turn|15
|
|t:|1779813851
|move|p1a: Rotom|Pain Split|p2a: Raging Bolt
|-sethp|p2a: Raging Bolt|19/100|[from] move: Pain Split|[silent]
|-sethp|p1a: Rotom|28/100|[from] move: Pain Split
|move|p2a: Raging Bolt|Dragon Pulse|p1a: Rotom
|-damage|p1a: Rotom|0 fnt
|faint|p1a: Rotom
|-damage|p2a: Raging Bolt|9/100|[from] item: Life Orb
|
|upkeep
|
|t:|1779813875
|switch|p1a: Gholdengo|Gholdengo|100/100
|turn|16
|
|t:|1779813887
|move|p1a: Gholdengo|Shadow Ball|p2a: Raging Bolt
|-damage|p2a: Raging Bolt|0 fnt
|faint|p2a: Raging Bolt
|-end|p2a: Raging Bolt|Protosynthesis|[silent]
|
|upkeep
|
|t:|1779813912
|switch|p2a: Walking Wake|Walking Wake|100/100
|turn|17
|
|t:|1779813918
|move|p1a: Gholdengo|Shadow Ball|p2a: Walking Wake
|-damage|p2a: Walking Wake|50/100
|move|p2a: Walking Wake|Flamethrower|p1a: Gholdengo
|-supereffective|p1a: Gholdengo
|-damage|p1a: Gholdengo|0 fnt
|faint|p1a: Gholdengo
|-damage|p2a: Walking Wake|40/100|[from] item: Life Orb
|
|upkeep
|
|t:|1779813933
|switch|p1a: Tornadus|Tornadus-Therian, M, tera:Steel|67/100
|turn|18
|
|t:|1779813937
|move|p1a: Tornadus|Grass Knot|p2a: Walking Wake
|-damage|p2a: Walking Wake|0 fnt
|faint|p2a: Walking Wake
|-end|p2a: Walking Wake|Protosynthesis|[silent]
|-damage|p1a: Tornadus|57/100|[from] item: Life Orb
|
|upkeep
|
|t:|1779813951
|switch|p2a: Kingambit|Kingambit, M|100/100
|-activate|p2a: Kingambit|ability: Supreme Overlord
|-start|p2a: Kingambit|fallen4|[silent]
|turn|19
|
|t:|1779813960
|switch|p1a: GOOP-O|Swalot, F, shiny|100/100
|move|p2a: Kingambit|Brick Break|p1a: GOOP-O
|-resisted|p1a: GOOP-O
|-damage|p1a: GOOP-O|86/100
|
|upkeep
|turn|20
|
|t:|1779813977
|move|p2a: Kingambit|Kowtow Cleave|p1a: GOOP-O
|-damage|p1a: GOOP-O|32/100
|move|p1a: GOOP-O|Stuff Cheeks|p1a: GOOP-O
|-boost|p1a: GOOP-O|def|2
|-enditem|p1a: GOOP-O|Starf Berry|[eat]
|-boost|p1a: GOOP-O|spe|2|[from] item: Starf Berry
|
|upkeep
|turn|21
|
|t:|1779813991
|-terastallize|p2a: Kingambit|Fighting
|move|p1a: GOOP-O|Body Press|p2a: Kingambit
|-damage|p2a: Kingambit|71/100
|move|p2a: Kingambit|Kowtow Cleave|p1a: GOOP-O
|-damage|p1a: GOOP-O|5/100
|
|upkeep
|turn|22
|
|t:|1779814004
|move|p1a: GOOP-O|Body Press|p2a: Kingambit
|-damage|p2a: Kingambit|42/100
|move|p2a: Kingambit|Kowtow Cleave|p1a: GOOP-O
|-damage|p1a: GOOP-O|0 fnt
|faint|p1a: GOOP-O
|
|upkeep
|
|t:|1779814011
|switch|p1a: Tornadus|Tornadus-Therian, M, tera:Steel|90/100
|turn|23
|
|t:|1779814023
|move|p2a: Kingambit|Sucker Punch|p1a: Tornadus
|-damage|p1a: Tornadus|5/100
|move|p1a: Tornadus|Bleakwind Storm|p2a: Kingambit
|-supereffective|p2a: Kingambit
|-damage|p2a: Kingambit|0 fnt
|faint|p2a: Kingambit
|-end|p2a: Kingambit|fallen4|[silent]
|-damage|p1a: Tornadus|0 fnt|[from] item: Life Orb
|faint|p1a: Tornadus
|
|win|bayrah
|raw|pin$121's rating: 1270 &rarr; <strong>1242</strong><br />(-28 for losing)
|raw|bayrah's rating: 1232 &rarr; <strong>1260</strong><br />(+28 for winning)
|c|☆bayrah|Gg
|c|☆pin$121|gg
|l|☆bayrah
|player|p2|
|l|☆pin$121
|player|p1|
