|j|☆A05236
|j|☆Abyssal Bot
|t:|1779913374
|gametype|singles
|player|p1|A05236|265|
|player|p2|Abyssal Bot|supernerd|
|teamsize|p1|6
|teamsize|p2|6
|gen|9
|tier|[Gen 9] OU
|rule|Species Clause: Limit one of each Pokémon
|rule|OHKO Clause: OHKO moves are banned
|rule|Evasion Items Clause: Evasion items are banned
|rule|Evasion Moves Clause: Evasion moves are banned
|rule|Endless Battle Clause: Forcing endless battles is banned
|rule|HP Percentage Mod: HP is shown in percentages
|rule|Sleep Moves Clause: Sleep-inducing moves are banned
|clearpoke
|poke|p1|Moltres-Galar|
|poke|p1|Hippowdon, F|
|poke|p1|Corviknight, M|
|poke|p1|Shiftry, M|
|poke|p1|Iron Moth|
|poke|p1|Iron Jugulis|
|poke|p2|Darkrai|
|poke|p2|Kingambit, F|
|poke|p2|Roaring Moon|
|poke|p2|Zamazenta-*|
|poke|p2|Glimmora, F|
|poke|p2|Enamorus, F|
|teampreview
|c|☆Abyssal Bot|**WARNING**: Expect much hax.
|inactive|Battle timer is ON: inactive players will automatically lose when time's up. (requested by Abyssal Bot)
|j|*Turbo Bottttt
|
|t:|1779913383
|start
|switch|p1a: Hippowdon|Hippowdon, F|100/100
|switch|p2a: Zamazenta|Zamazenta|100/100
|-ability|p2a: Zamazenta|Dauntless Shield|boost
|-boost|p2a: Zamazenta|def|1
|turn|1
|
|t:|1779913386
|switch|p2a: Enamorus|Enamorus, F|100/100
|move|p1a: Hippowdon|Stealth Rock|p2a: Enamorus
|-sidestart|p2: Abyssal Bot|move: Stealth Rock
|
|upkeep
|turn|2
|
|t:|1779913388
|move|p2a: Enamorus|Moonblast|p1a: Hippowdon
|-damage|p1a: Hippowdon|40/100
|move|p1a: Hippowdon|Stone Edge|p2a: Enamorus
|-supereffective|p2a: Enamorus
|-crit|p2a: Enamorus
|-damage|p2a: Enamorus|0
|faint|p2a: Enamorus
|-damage|p1a: Hippowdon|30/100|[from] item: Life Orb
|
|upkeep
|c|☆Abyssal Bot|I should be the one who gets hax ;-;
|
|t:|1779913388
|switch|p2a: Darkrai|Darkrai|100/100
|-damage|p2a: Darkrai|88/100|[from] Stealth Rock|[of] p1a: Hippowdon
|turn|3
|
|t:|1779913393
|move|p2a: Darkrai|Focus Blast|p1a: Hippowdon
|-damage|p1a: Hippowdon|0
|faint|p1a: Hippowdon
|
|upkeep
|
|t:|1779913402
|switch|p1a: Moltres|Moltres-Galar|100/100
|turn|4
|
|t:|1779913405
|move|p2a: Darkrai|Focus Blast|p1a: Moltres
|-damage|p1a: Moltres|76/100
|move|p1a: Moltres|Sunny Day|p1a: Moltres
|-weather|Sunny Day
|
|-weather|Sunny Day|[upkeep]
|upkeep
|turn|5
|
|t:|1779913415
|move|p2a: Darkrai|Ice Beam|p1a: Moltres
|-supereffective|p1a: Moltres
|-damage|p1a: Moltres|34/100
|-ability|p1a: Moltres|Berserk|boost
|-boost|p1a: Moltres|spa|1
|move|p1a: Moltres|Air Slash|p2a: Darkrai
|-damage|p2a: Darkrai|33/100
|
|-weather|Sunny Day|[upkeep]
|upkeep
|turn|6
|
|t:|1779913420
|move|p2a: Darkrai|Focus Blast|p1a: Moltres|[miss]
|-miss|p2a: Darkrai|p1a: Moltres
|move|p1a: Moltres|Air Slash|p2a: Darkrai
|-damage|p2a: Darkrai|0
|faint|p2a: Darkrai
|
|-weather|Sunny Day|[upkeep]
|upkeep
|c|☆Abyssal Bot|;-;
|
|t:|1779913420
|switch|p2a: Kingambit|Kingambit, F|100/100
|-item|p2a: Kingambit|Air Balloon
|-damage|p2a: Kingambit|94/100|[from] Stealth Rock|[of] p1: Hippowdon
|-activate|p2a: Kingambit|ability: Supreme Overlord
|-start|p2a: Kingambit|fallen2|[silent]
|turn|7
|
|t:|1779913425
|switch|p1a: Corviknight|Corviknight, M|100/100
|-ability|p1a: Corviknight|Pressure
|move|p2a: Kingambit|Iron Head|p1a: Corviknight
|-resisted|p1a: Corviknight
|-damage|p1a: Corviknight|85/100
|-damage|p2a: Kingambit|78/100|[from] item: Rocky Helmet|[of] p1a: Corviknight
|
|-weather|Sunny Day|[upkeep]
|upkeep
|turn|8
|
|t:|1779913427
|move|p2a: Kingambit|Kowtow Cleave|p1a: Corviknight
|-damage|p1a: Corviknight|49/100
|-damage|p2a: Kingambit|61/100|[from] item: Rocky Helmet|[of] p1a: Corviknight
|move|p1a: Corviknight|Body Press|p2a: Kingambit
|-supereffective|p2a: Kingambit
|-damage|p2a: Kingambit|0
|-enditem|p2a: Kingambit|Air Balloon
|faint|p2a: Kingambit
|-end|p2a: Kingambit|fallen2|[silent]
|
|-weather|Sunny Day|[upkeep]
|upkeep
|
|t:|1779913427
|switch|p2a: Roaring Moon|Roaring Moon|100/100
|-damage|p2a: Roaring Moon|88/100|[from] Stealth Rock|[of] p1: Hippowdon
|-activate|p2a: Roaring Moon|ability: Protosynthesis
|-start|p2a: Roaring Moon|protosynthesisatk
|turn|9
|
|t:|1779913430
|move|p2a: Roaring Moon|Knock Off|p1a: Corviknight
|-damage|p1a: Corviknight|8/100
|-damage|p2a: Roaring Moon|72/100|[from] item: Rocky Helmet|[of] p1a: Corviknight
|-enditem|p1a: Corviknight|Rocky Helmet|[from] move: Knock Off|[of] p2a: Roaring Moon
|move|p1a: Corviknight|Body Press|p2a: Roaring Moon
|-supereffective|p2a: Roaring Moon
|-damage|p2a: Roaring Moon|5/100
|
|-weather|Sunny Day|[upkeep]
|upkeep
|turn|10
|
|t:|1779913435
|move|p2a: Roaring Moon|Acrobatics|p1a: Corviknight
|-resisted|p1a: Corviknight
|-damage|p1a: Corviknight|0
|faint|p1a: Corviknight
|
|-weather|Sunny Day|[upkeep]
|upkeep
|
|t:|1779913441
|switch|p1a: Iron Jugulis|Iron Jugulis|100/100
|turn|11
|
|t:|1779913443
|move|p2a: Roaring Moon|Acrobatics|p1a: Iron Jugulis
|-damage|p1a: Iron Jugulis|70/100
|move|p1a: Iron Jugulis|Electric Terrain|p1a: Iron Jugulis
|-fieldstart|move: Electric Terrain
|-activate|p1a: Iron Jugulis|ability: Quark Drive
|-start|p1a: Iron Jugulis|quarkdrivespe
|
|-weather|none
|-end|p2a: Roaring Moon|Protosynthesis
|upkeep
|-enditem|p2a: Roaring Moon|Booster Energy
|-activate|p2a: Roaring Moon|ability: Protosynthesis|[fromitem]
|-start|p2a: Roaring Moon|protosynthesisatk
|turn|12
|
|t:|1779913446
|move|p1a: Iron Jugulis|Dark Pulse|p2a: Roaring Moon
|-resisted|p2a: Roaring Moon
|-damage|p2a: Roaring Moon|0
|faint|p2a: Roaring Moon
|-end|p2a: Roaring Moon|Protosynthesis|[silent]
|
|upkeep
|
|t:|1779913446
|switch|p2a: Glimmora|Glimmora, F|100/100
|-damage|p2a: Glimmora|88/100|[from] Stealth Rock|[of] p1: Hippowdon
|turn|13
|
|t:|1779913448
|move|p1a: Iron Jugulis|Earth Power|p2a: Glimmora
|-supereffective|p2a: Glimmora
|-damage|p2a: Glimmora|0
|faint|p2a: Glimmora
|
|upkeep
|
|t:|1779913448
|switch|p2a: Zamazenta|Zamazenta|100/100
|-damage|p2a: Zamazenta|94/100|[from] Stealth Rock|[of] p1: Hippowdon
|turn|14
|
|t:|1779913463
|move|p1a: Iron Jugulis|Earth Power|p2a: Zamazenta
|-damage|p2a: Zamazenta|66/100
|move|p2a: Zamazenta|Iron Defense|p2a: Zamazenta
|-boost|p2a: Zamazenta|def|2
|
|-heal|p2a: Zamazenta|73/100|[from] item: Leftovers
|upkeep
|turn|15
|
|t:|1779913466
|move|p1a: Iron Jugulis|Earth Power|p2a: Zamazenta
|-damage|p2a: Zamazenta|44/100
|move|p2a: Zamazenta|Body Press|p1a: Iron Jugulis
|-damage|p1a: Iron Jugulis|0
|faint|p1a: Iron Jugulis
|-end|p1a: Iron Jugulis|Quark Drive|[silent]
|
|-heal|p2a: Zamazenta|50/100|[from] item: Leftovers
|upkeep
|
|t:|1779913469
|switch|p1a: Iron Moth|Iron Moth|100/100
|-activate|p1a: Iron Moth|ability: Quark Drive
|-start|p1a: Iron Moth|quarkdrivespe
|turn|16
|
|t:|1779913471
|move|p1a: Iron Moth|Dazzling Gleam|p2a: Zamazenta
|-supereffective|p2a: Zamazenta
|-damage|p2a: Zamazenta|0
|faint|p2a: Zamazenta
|
|win|A05236
|c|☆Abyssal Bot|This loss doesn't matter, because I'm just a bot.
|l|☆Abyssal Bot
|player|p2|
|l|*Turbo Bottttt
