|j|☆askkw
|j|☆yugiohLORD
|t:|1779889527
|gametype|singles
|player|p1|askkw|101|1320
|player|p2|yugiohLORD|biker|1353
|gen|9
|tier|[Gen 9] OU
|rated|
|rule|HP Percentage Mod: HP is shown in percentages
|rule|Endless Battle Clause: Forcing endless battles is banned
|rule|Species Clause: Limit one of each Pokémon
|rule|OHKO Clause: OHKO moves are banned
|rule|Evasion Items Clause: Evasion items are banned
|rule|Evasion Moves Clause: Evasion moves are banned
|rule|Evasion Abilities Clause: Evasion abilities are banned
|rule|Sleep Moves Clause: Sleep-inducing moves are banned
|clearpoke
|poke|p1|Lilligant, F|
|poke|p1|Ninetales, F|
|poke|p1|Great Tusk|
|poke|p1|Walking Wake|
|poke|p1|Kingambit, M|
|poke|p1|Hatterene, F|
|poke|p2|Ogerpon, F|
|poke|p2|Corviknight, F|
|poke|p2|Darkrai|
|poke|p2|Zamazenta-*|
|poke|p2|Raging Bolt|
|poke|p2|Ting-Lu|
|teampreview
|
|t:|1779889534
|teamsize|p1|6
|teamsize|p2|6
|start
|switch|p1a: Ninetales|Ninetales, F, shiny|100/100
|switch|p2a: Ting-Lu|Ting-Lu|100/100
|-weather|SunnyDay|[from] ability: Drought|[of] p1a: Ninetales
|-ability|p2a: Ting-Lu|Vessel of Ruin
|turn|1
|inactive|Battle timer is ON: inactive players will automatically lose when time's up. (requested by askkw)
|
|t:|1779889602
|switch|p1a: Hatterene|Hatterene, F|100/100
|move|p2a: Ting-Lu|Stealth Rock|p1a: Hatterene
|move|p1a: Hatterene|Stealth Rock|p2a: Ting-Lu|[from] ability: Magic Bounce
|-sidestart|p2: yugiohLORD|move: Stealth Rock
|
|-weather|SunnyDay|[upkeep]
|upkeep
|turn|2
|
|t:|1779889614
|switch|p2a: Corviknight|Corviknight, F|100/100
|-damage|p2a: Corviknight|88/100|[from] Stealth Rock
|-ability|p2a: Corviknight|Pressure
|move|p1a: Hatterene|Future Sight|p2a: Corviknight
|-start|p1a: Hatterene|move: Future Sight
|
|-weather|SunnyDay|[upkeep]
|-heal|p2a: Corviknight|94/100|[from] item: Leftovers
|upkeep
|turn|3
|
|t:|1779889621
|switch|p1a: Ninetales|Ninetales, F, shiny|100/100
|move|p2a: Corviknight|Defog|p1a: Ninetales
|-unboost|p1a: Ninetales|evasion|1
|-sideend|p2: yugiohLORD|Stealth Rock|[from] move: Defog|[of] p2a: Corviknight
|
|-weather|SunnyDay|[upkeep]
|-heal|p2a: Corviknight|100/100|[from] item: Leftovers
|upkeep
|turn|4
|
|t:|1779889633
|switch|p2a: Ting-Lu|Ting-Lu|100/100
|-ability|p2a: Ting-Lu|Vessel of Ruin
|move|p1a: Ninetales|Overheat|p2a: Ting-Lu
|-damage|p2a: Ting-Lu|77/100
|-unboost|p1a: Ninetales|spa|2
|
|-weather|SunnyDay|[upkeep]
|-end|p2a: Ting-Lu|move: Future Sight
|-immune|p2a: Ting-Lu
|upkeep
|turn|5
|
|t:|1779889641
|switch|p1a: Hatterene|Hatterene, F|100/100
|move|p2a: Ting-Lu|Earthquake|p1a: Hatterene
|-damage|p1a: Hatterene|72/100
|-enditem|p1a: Hatterene|Eject Button
|
|t:|1779889645
|switch|p1a: Lilligant|Lilligant, F|100/100
|
|-weather|SunnyDay|[upkeep]
|upkeep
|turn|6
|
|t:|1779889653
|switch|p2a: Corviknight|Corviknight, F|100/100
|-ability|p2a: Corviknight|Pressure
|move|p1a: Lilligant|Quiver Dance|p1a: Lilligant
|-boost|p1a: Lilligant|spa|1
|-boost|p1a: Lilligant|spd|1
|-boost|p1a: Lilligant|spe|1
|
|-weather|SunnyDay|[upkeep]
|upkeep
|turn|7
|
|t:|1779889658
|move|p1a: Lilligant|Weather Ball|p2a: Corviknight
|-supereffective|p2a: Corviknight
|-damage|p2a: Corviknight|0 fnt
|faint|p2a: Corviknight
|-damage|p1a: Lilligant|91/100|[from] item: Life Orb
|
|-weather|SunnyDay|[upkeep]
|upkeep
|
|t:|1779889663
|switch|p2a: Raging Bolt|Raging Bolt|100/100
|-activate|p2a: Raging Bolt|ability: Protosynthesis
|-start|p2a: Raging Bolt|protosynthesisspa
|turn|8
|
|t:|1779889675
|move|p1a: Lilligant|Quiver Dance|p1a: Lilligant
|-boost|p1a: Lilligant|spa|1
|-boost|p1a: Lilligant|spd|1
|-boost|p1a: Lilligant|spe|1
|move|p2a: Raging Bolt|Dragon Pulse|p1a: Lilligant
|-damage|p1a: Lilligant|38/100
|
|-weather|none
|-end|p2a: Raging Bolt|Protosynthesis
|upkeep
|-enditem|p2a: Raging Bolt|Booster Energy
|-activate|p2a: Raging Bolt|ability: Protosynthesis|[fromitem]
|-start|p2a: Raging Bolt|protosynthesisspa
|turn|9
|
|t:|1779889682
|move|p1a: Lilligant|Alluring Voice|p2a: Raging Bolt
|-supereffective|p2a: Raging Bolt
|-damage|p2a: Raging Bolt|0 fnt
|faint|p2a: Raging Bolt
|-end|p2a: Raging Bolt|Protosynthesis|[silent]
|-damage|p1a: Lilligant|28/100|[from] item: Life Orb
|
|upkeep
|
|t:|1779889693
|switch|p2a: Ting-Lu|Ting-Lu|77/100
|-ability|p2a: Ting-Lu|Vessel of Ruin
|turn|10
|
|t:|1779889713
|move|p1a: Lilligant|Giga Drain|p2a: Ting-Lu
|-supereffective|p2a: Ting-Lu
|-damage|p2a: Ting-Lu|0 fnt
|-heal|p1a: Lilligant|98/100|[from] drain|[of] p2a: Ting-Lu
|faint|p2a: Ting-Lu
|-damage|p1a: Lilligant|88/100|[from] item: Life Orb
|
|upkeep
|
|t:|1779889720
|switch|p2a: Darkrai|Darkrai|100/100
|turn|11
|
|t:|1779889724
|-terastallize|p2a: Darkrai|Poison
|move|p1a: Lilligant|Alluring Voice|p2a: Darkrai
|-resisted|p2a: Darkrai
|-damage|p2a: Darkrai|57/100
|-damage|p1a: Lilligant|78/100|[from] item: Life Orb
|move|p2a: Darkrai|Sludge Bomb|p1a: Lilligant
|-supereffective|p1a: Lilligant
|-damage|p1a: Lilligant|6/100
|-status|p1a: Lilligant|psn
|
|-damage|p1a: Lilligant|0 fnt|[from] psn
|faint|p1a: Lilligant
|upkeep
|
|t:|1779889735
|switch|p1a: Ninetales|Ninetales, F, shiny|100/100
|-weather|SunnyDay|[from] ability: Drought|[of] p1a: Ninetales
|turn|12
|
|t:|1779889741
|move|p2a: Darkrai|Sludge Bomb|p1a: Ninetales
|-crit|p1a: Ninetales
|-damage|p1a: Ninetales|24/100
|-status|p1a: Ninetales|psn
|move|p1a: Ninetales|Overheat|p2a: Darkrai
|-damage|p2a: Darkrai|0 fnt
|-unboost|p1a: Ninetales|spa|2
|faint|p2a: Darkrai
|
|-weather|SunnyDay|[upkeep]
|-damage|p1a: Ninetales|12/100 psn|[from] psn
|upkeep
|
|t:|1779889747
|switch|p2a: Zamazenta|Zamazenta|100/100
|-ability|p2a: Zamazenta|Dauntless Shield|boost
|-boost|p2a: Zamazenta|def|1
|turn|13
|
|t:|1779889751
|move|p2a: Zamazenta|Iron Defense|p2a: Zamazenta
|-boost|p2a: Zamazenta|def|2
|move|p1a: Ninetales|Will-O-Wisp|p2a: Zamazenta
|-status|p2a: Zamazenta|brn
|
|-weather|SunnyDay|[upkeep]
|-damage|p1a: Ninetales|0 fnt|[from] psn
|faint|p1a: Ninetales
|-damage|p2a: Zamazenta|94/100 brn|[from] brn
|upkeep
|
|t:|1779889763
|switch|p1a: Hatterene|Hatterene, F|72/100
|turn|14
|
|t:|1779889772
|switch|p2a: Ogerpon|Ogerpon, F|100/100
|-terastallize|p1a: Hatterene|Steel
|move|p1a: Hatterene|Draining Kiss|p2a: Ogerpon
|-damage|p2a: Ogerpon|73/100
|-heal|p1a: Hatterene|92/100|[from] drain|[of] p2a: Ogerpon
|
|-weather|SunnyDay|[upkeep]
|upkeep
|turn|15
|
|t:|1779889779
|move|p2a: Ogerpon|Knock Off|p1a: Hatterene
|-damage|p1a: Hatterene|68/100
|move|p1a: Hatterene|Nuzzle|p2a: Ogerpon
|-resisted|p2a: Ogerpon
|-damage|p2a: Ogerpon|70/100
|-status|p2a: Ogerpon|par
|
|-weather|SunnyDay|[upkeep]
|upkeep
|turn|16
|-message|yugiohLORD forfeited.
|
|win|askkw
|raw|askkw's rating: 1320 &rarr; <strong>1342</strong><br />(+22 for winning)
|raw|yugiohLORD's rating: 1353 &rarr; <strong>1331</strong><br />(-22 for losing)
|l|☆yugiohLORD
|player|p2|
|l|☆askkw
|player|p1|
