|j|☆bbbbbbbbbbfs
|j|☆Spashtm
|t:|1779847391
|gametype|singles
|player|p1|bbbbbbbbbbfs|265|1094
|player|p2|Spashtm|cress|1137
|gen|9
|tier|[Gen 9] OU
|rated|
|rule|HP Percentage Mod: HP is shown in percentages
|rule|Endless Battle Clause: Forcing endless battles is banned
|rule|Species Clause: Limit one of each Pokémon
|rule|OHKO Clause: OHKO moves are banned
|rule|Evasion Items Clause: Evasion items are banned
|rule|Evasion Moves Clause: Evasion moves are banned
|rule|Evasion Abilities Clause: Evasion abilities are banned
|rule|Sleep Moves Clause: Sleep-inducing moves are banned
|clearpoke
|poke|p1|Tyranitar, M|
|poke|p1|Excadrill, M|
|poke|p1|Lycanroc, M|
|poke|p1|Houndstone, F|
|poke|p1|Hydrapple, F|
|poke|p1|Minior|
|poke|p2|Klefki, M|
|poke|p2|Glimmora, F|
|poke|p2|Zoroark-Hisui, F|
|poke|p2|Haxorus, M|
|poke|p2|Alomomola, F|
|poke|p2|Cryogonal|
|teampreview
|inactive|Battle timer is ON: inactive players will automatically lose when time's up. (requested by bbbbbbbbbbfs)
|
|t:|1779847399
|teamsize|p1|6
|teamsize|p2|6
|start
|switch|p1a: Tyranitar|Tyranitar, M|100/100
|switch|p2a: Haxorus|Haxorus, M, shiny|100/100
|-ability|p2a: Haxorus|Mold Breaker
|-weather|Sandstorm|[from] ability: Sand Stream|[of] p1a: Tyranitar
|turn|1
|
|t:|1779847410
|switch|p1a: Houndstone|Houndstone, F|100/100
|move|p2a: Haxorus|Earthquake|p1a: Houndstone
|-damage|p1a: Houndstone|53/100
|
|-weather|Sandstorm|[upkeep]
|-damage|p2a: Haxorus|95/100|[from] Sandstorm
|upkeep
|turn|2
|
|t:|1779847418
|switch|p2a: Cryogonal|Cryogonal|100/100
|move|p1a: Houndstone|Will-O-Wisp|p2a: Cryogonal
|-status|p2a: Cryogonal|brn
|
|-weather|Sandstorm|[upkeep]
|-damage|p2a: Cryogonal|95/100 brn|[from] Sandstorm
|-damage|p2a: Cryogonal|89/100 brn|[from] brn
|upkeep
|turn|3
|
|t:|1779847429
|switch|p1a: Tyranitar|Tyranitar, M|100/100
|move|p2a: Cryogonal|Flamethrower|p1a: Tyranitar
|-resisted|p1a: Tyranitar
|-damage|p1a: Tyranitar|94/100
|
|-weather|Sandstorm|[upkeep]
|-damage|p2a: Cryogonal|83/100 brn|[from] Sandstorm
|-damage|p2a: Cryogonal|77/100 brn|[from] brn
|upkeep
|turn|4
|
|t:|1779847438
|move|p2a: Cryogonal|U-turn|p1a: Tyranitar
|-supereffective|p1a: Tyranitar
|-damage|p1a: Tyranitar|82/100
|
|t:|1779847442
|switch|p2a: Alomomola|Alomomola, F|100/100|[from] U-turn
|move|p1a: Tyranitar|Stealth Rock|p2a: Alomomola
|-sidestart|p2: Spashtm|move: Stealth Rock
|
|-weather|Sandstorm|[upkeep]
|-damage|p2a: Alomomola|94/100|[from] Sandstorm
|upkeep
|turn|5
|
|t:|1779847449
|move|p1a: Tyranitar|Knock Off|p2a: Alomomola
|-damage|p2a: Alomomola|72/100
|-damage|p1a: Tyranitar|65/100|[from] item: Rocky Helmet|[of] p2a: Alomomola
|-enditem|p2a: Alomomola|Rocky Helmet|[from] move: Knock Off|[of] p1a: Tyranitar
|move|p2a: Alomomola|Light Screen|p2a: Alomomola
|-sidestart|p2: Spashtm|move: Light Screen
|
|-weather|Sandstorm|[upkeep]
|-damage|p2a: Alomomola|66/100|[from] Sandstorm
|upkeep
|turn|6
|
|t:|1779847458
|switch|p1a: Hydrapple|Hydrapple, F|100/100
|move|p2a: Alomomola|Wish|p2a: Alomomola
|
|-weather|Sandstorm|[upkeep]
|-damage|p1a: Hydrapple|94/100|[from] Sandstorm
|-damage|p2a: Alomomola|59/100|[from] Sandstorm
|upkeep
|turn|7
|
|t:|1779847464
|move|p1a: Hydrapple|Giga Drain|p2a: Alomomola
|-supereffective|p2a: Alomomola
|-damage|p2a: Alomomola|21/100
|-heal|p1a: Hydrapple|100/100|[from] drain|[of] p2a: Alomomola
|move|p2a: Alomomola|Flip Turn|p1a: Hydrapple
|-resisted|p1a: Hydrapple
|-damage|p1a: Hydrapple|98/100
|-damage|p2a: Alomomola|4/100|[from] item: Rocky Helmet|[of] p1a: Hydrapple
|
|t:|1779847472
|switch|p2a: Cryogonal|Cryogonal|100/100|[from] Flip Turn
|-damage|p2a: Cryogonal|76/100|[from] Stealth Rock
|
|-weather|Sandstorm|[upkeep]
|-damage|p2a: Cryogonal|70/100|[from] Sandstorm
|-damage|p1a: Hydrapple|92/100|[from] Sandstorm
|-heal|p2a: Cryogonal|100/100|[from] move: Wish|[wisher] Alomomola
|upkeep
|turn|8
|
|t:|1779847481
|switch|p1a: Lycanroc|Lycanroc, M|100/100
|move|p2a: Cryogonal|Rapid Spin|p1a: Lycanroc
|-resisted|p1a: Lycanroc
|-damage|p1a: Lycanroc|95/100
|-boost|p2a: Cryogonal|spe|1
|-sideend|p2: Spashtm|Stealth Rock|[from] move: Rapid Spin|[of] p2a: Cryogonal
|
|-weather|none
|upkeep
|turn|9
|
|t:|1779847492
|switch|p2a: Alomomola|Alomomola, F|37/100
|move|p1a: Lycanroc|Close Combat|p2a: Alomomola
|-damage|p2a: Alomomola|9/100
|-unboost|p1a: Lycanroc|def|1
|-unboost|p1a: Lycanroc|spd|1
|-damage|p1a: Lycanroc|85/100|[from] item: Life Orb
|
|-sideend|p2: Spashtm|move: Light Screen
|upkeep
|turn|10
|
|t:|1779847502
|switch|p2a: Cryogonal|Cryogonal|77/100 brn
|move|p1a: Lycanroc|Accelerock|p2a: Cryogonal
|-damage|p2a: Cryogonal|18/100 brn
|replace|p2a: Zoroark|Zoroark-Hisui, F, shiny
|-end|p2a: Zoroark|Illusion
|-damage|p1a: Lycanroc|75/100|[from] item: Life Orb
|
|-damage|p2a: Zoroark|12/100 brn|[from] brn
|upkeep
|turn|11
|
|t:|1779847511
|switch|p2a: Alomomola|Alomomola, F|42/100
|move|p1a: Lycanroc|Accelerock|p2a: Alomomola
|-damage|p2a: Alomomola|28/100
|-damage|p1a: Lycanroc|65/100|[from] item: Life Orb
|
|upkeep
|turn|12
|
|t:|1779847530
|switch|p2a: Cryogonal|Cryogonal|12/100 brn
|move|p1a: Lycanroc|Stone Edge|p2a: Cryogonal
|-damage|p2a: Cryogonal|0 fnt
|replace|p2a: Zoroark|Zoroark-Hisui, F, shiny
|-end|p2a: Zoroark|Illusion
|faint|p2a: Zoroark
|-damage|p1a: Lycanroc|55/100|[from] item: Life Orb
|
|upkeep
|
|t:|1779847539
|switch|p2a: Alomomola|Alomomola, F|61/100
|turn|13
|
|t:|1779847545
|switch|p1a: Hydrapple|Hydrapple, F|100/100
|move|p2a: Alomomola|Wish|p2a: Alomomola
|
|upkeep
|turn|14
|
|t:|1779847551
|switch|p2a: Cryogonal|Cryogonal|100/100
|move|p1a: Hydrapple|Giga Drain|p2a: Cryogonal
|-damage|p2a: Cryogonal|82/100
|
|-heal|p2a: Cryogonal|100/100|[from] move: Wish|[wisher] Alomomola
|upkeep
|turn|15
|
|t:|1779847560
|switch|p1a: Tyranitar|Tyranitar, M|65/100
|-weather|Sandstorm|[from] ability: Sand Stream|[of] p1a: Tyranitar
|move|p2a: Cryogonal|Frost Breath|p1a: Tyranitar|[miss]
|-miss|p2a: Cryogonal|p1a: Tyranitar
|
|-weather|Sandstorm|[upkeep]
|-damage|p2a: Cryogonal|95/100|[from] Sandstorm
|upkeep
|turn|16
|
|t:|1779847571
|switch|p2a: Alomomola|Alomomola, F|94/100
|move|p1a: Tyranitar|Stealth Rock|p2a: Alomomola
|-sidestart|p2: Spashtm|move: Stealth Rock
|
|-weather|Sandstorm|[upkeep]
|-damage|p2a: Alomomola|88/100|[from] Sandstorm
|upkeep
|turn|17
|
|t:|1779847578
|switch|p1a: Minior|Minior|100/100
|-formechange|p1a: Minior|Minior-Meteor||[from] ability: Shields Down
|move|p2a: Alomomola|Flip Turn|p1a: Minior
|-supereffective|p1a: Minior
|-damage|p1a: Minior|58/100
|
|t:|1779847590
|switch|p2a: Glimmora|Glimmora, F|100/100|[from] Flip Turn
|-damage|p2a: Glimmora|88/100|[from] Stealth Rock
|
|-weather|Sandstorm|[upkeep]
|upkeep
|turn|18
|
|t:|1779847596
|move|p2a: Glimmora|Power Gem|p1a: Minior
|-supereffective|p1a: Minior
|-damage|p1a: Minior|0 fnt
|faint|p1a: Minior
|
|-weather|Sandstorm|[upkeep]
|upkeep
|
|t:|1779847601
|switch|p1a: Excadrill|Excadrill, M|100/100
|turn|19
|
|t:|1779847606
|switch|p2a: Cryogonal|Cryogonal|95/100
|-damage|p2a: Cryogonal|70/100|[from] Stealth Rock
|move|p1a: Excadrill|Substitute|p1a: Excadrill
|-start|p1a: Excadrill|Substitute
|-damage|p1a: Excadrill|76/100
|
|-weather|Sandstorm|[upkeep]
|-damage|p2a: Cryogonal|64/100|[from] Sandstorm
|-heal|p1a: Excadrill|82/100|[from] item: Leftovers
|upkeep
|turn|20
|c|☆Spashtm|My team can't beat the sub variant
|c|☆Spashtm|ggs
|-message|Spashtm forfeited.
|
|win|bbbbbbbbbbfs
|raw|bbbbbbbbbbfs's rating: 1094 &rarr; <strong>1123</strong><br />(+29 for winning)
|raw|Spashtm's rating: 1137 &rarr; <strong>1109</strong><br />(-28 for losing)
|l|☆Spashtm
|player|p2|
|l|☆bbbbbbbbbbfs
|player|p1|
