|j|☆newgensbetter
|j|☆llachiee
|t:|1779917315
|gametype|singles
|player|p1|newgensbetter|unknownf|1615
|player|p2|llachiee|101|1632
|gen|9
|tier|[Gen 9] OU
|rated|
|rule|HP Percentage Mod: HP is shown in percentages
|rule|Endless Battle Clause: Forcing endless battles is banned
|rule|Species Clause: Limit one of each Pokémon
|rule|OHKO Clause: OHKO moves are banned
|rule|Evasion Items Clause: Evasion items are banned
|rule|Evasion Moves Clause: Evasion moves are banned
|rule|Evasion Abilities Clause: Evasion abilities are banned
|rule|Sleep Moves Clause: Sleep-inducing moves are banned
|clearpoke
|poke|p1|Dragonite, F|
|poke|p1|Great Tusk|
|poke|p1|Deoxys-Speed|
|poke|p1|Gholdengo|
|poke|p1|Zamazenta-*|
|poke|p1|Iron Valiant|
|poke|p2|Gliscor, F|
|poke|p2|Blissey, F|
|poke|p2|Clefable, F|
|poke|p2|Toxapex, F|
|poke|p2|Dondozo, F|
|poke|p2|Corviknight, F|
|teampreview
|
|t:|1779917332
|teamsize|p1|6
|teamsize|p2|6
|start
|switch|p1a: Iron Valiant|Iron Valiant|100/100
|switch|p2a: Nell|Clefable, F|100/100
|-enditem|p1a: Iron Valiant|Booster Energy
|-activate|p1a: Iron Valiant|ability: Quark Drive|[fromitem]
|-start|p1a: Iron Valiant|quarkdrivespe
|turn|1
|
|t:|1779917341
|-end|p1a: Iron Valiant|Quark Drive|[silent]
|switch|p1a: Deoxys|Deoxys-Speed|100/100
|-ability|p1a: Deoxys|Pressure
|move|p2a: Nell|Moonblast|p1a: Deoxys
|-damage|p1a: Deoxys|65/100
|-unboost|p1a: Deoxys|spa|1
|
|upkeep
|turn|2
|
|t:|1779917350
|move|p1a: Deoxys|Stealth Rock|p2a: Nell
|-sidestart|p2: llachiee|move: Stealth Rock
|move|p2a: Nell|Moonblast|p1a: Deoxys
|-damage|p1a: Deoxys|23/100
|-unboost|p1a: Deoxys|spa|1
|
|upkeep
|turn|3
|
|t:|1779917355
|move|p1a: Deoxys|Spikes|p2a: Nell
|-sidestart|p2: llachiee|Spikes
|move|p2a: Nell|Stealth Rock|p1a: Deoxys
|-sidestart|p1: newgensbetter|move: Stealth Rock
|
|upkeep
|turn|4
|
|t:|1779917360
|move|p1a: Deoxys|Spikes|p2a: Nell
|-sidestart|p2: llachiee|Spikes
|move|p2a: Nell|Moonblast|p1a: Deoxys
|-damage|p1a: Deoxys|0 fnt
|faint|p1a: Deoxys
|
|upkeep
|
|t:|1779917366
|switch|p1a: Gholdengo|Gholdengo|100/100
|-damage|p1a: Gholdengo|94/100|[from] Stealth Rock
|turn|5
|
|t:|1779917370
|switch|p2a: Flesh Tutu|Blissey, F|100/100
|move|p1a: Gholdengo|Nasty Plot|p1a: Gholdengo
|-boost|p1a: Gholdengo|spa|2
|
|upkeep
|turn|6
|
|t:|1779917374
|-terastallize|p2a: Flesh Tutu|Dark
|move|p1a: Gholdengo|Make It Rain|p2a: Flesh Tutu
|-crit|p2a: Flesh Tutu
|-damage|p2a: Flesh Tutu|45/100
|-unboost|p1a: Gholdengo|spa|1
|move|p2a: Flesh Tutu|Calm Mind|p2a: Flesh Tutu
|-boost|p2a: Flesh Tutu|spa|1
|-boost|p2a: Flesh Tutu|spd|1
|
|upkeep
|turn|7
|
|t:|1779917384
|switch|p1a: Zamazenta|Zamazenta|100/100
|-damage|p1a: Zamazenta|94/100|[from] Stealth Rock
|-ability|p1a: Zamazenta|Dauntless Shield|boost
|-boost|p1a: Zamazenta|def|1
|move|p2a: Flesh Tutu|Soft-Boiled|p2a: Flesh Tutu
|-heal|p2a: Flesh Tutu|95/100
|
|upkeep
|turn|8
|
|t:|1779917387
|switch|p2a: Lash|Toxapex, F, shiny|100/100
|move|p1a: Zamazenta|Close Combat|p2a: Lash
|-resisted|p2a: Lash
|-damage|p2a: Lash|67/100
|-unboost|p1a: Zamazenta|def|1
|-unboost|p1a: Zamazenta|spd|1
|-damage|p1a: Zamazenta|84/100|[from] item: Life Orb
|
|upkeep
|turn|9
|j| rizz of reko
|
|t:|1779917397
|switch|p1a: Iron Valiant|Iron Valiant|100/100
|-damage|p1a: Iron Valiant|94/100|[from] Stealth Rock
|move|p2a: Lash|Toxic|p1a: Iron Valiant
|-status|p1a: Iron Valiant|tox
|
|-damage|p1a: Iron Valiant|88/100 tox|[from] psn
|upkeep
|turn|10
|
|t:|1779917411
|switch|p2a: Adder|Gliscor, F|100/100
|-damage|p2a: Adder|88/100|[from] Stealth Rock
|move|p1a: Iron Valiant|Knock Off|p2a: Adder
|-damage|p2a: Adder|70/100
|-enditem|p2a: Adder|Toxic Orb|[from] move: Knock Off|[of] p1a: Iron Valiant
|
|-damage|p1a: Iron Valiant|76/100 tox|[from] psn
|upkeep
|turn|11
|
|t:|1779917419
|move|p2a: Adder|Protect|p2a: Adder
|-singleturn|p2a: Adder|Protect
|move|p1a: Iron Valiant|Moonblast|p2a: Adder
|-activate|p2a: Adder|move: Protect
|
|-damage|p1a: Iron Valiant|57/100 tox|[from] psn
|upkeep
|turn|12
|
|t:|1779917425
|-end|p1a: Iron Valiant|Quark Drive|[silent]
|switch|p1a: Gholdengo|Gholdengo|94/100
|-damage|p1a: Gholdengo|88/100|[from] Stealth Rock
|move|p2a: Adder|Spikes|p1a: Gholdengo
|-sidestart|p1: newgensbetter|Spikes
|
|upkeep
|turn|13
|
|t:|1779917431
|move|p2a: Adder|Knock Off|p1a: Gholdengo
|-supereffective|p1a: Gholdengo
|-damage|p1a: Gholdengo|56/100
|-enditem|p1a: Gholdengo|Custap Berry|[from] move: Knock Off|[of] p2a: Adder
|move|p1a: Gholdengo|Nasty Plot|p1a: Gholdengo
|-boost|p1a: Gholdengo|spa|2
|
|upkeep
|turn|14
|
|t:|1779917440
|switch|p2a: Flesh Tutu|Blissey, F, tera:Dark|95/100
|move|p1a: Gholdengo|Recover|p1a: Gholdengo
|-heal|p1a: Gholdengo|100/100
|
|upkeep
|turn|15
|
|t:|1779917443
|move|p1a: Gholdengo|Make It Rain|p2a: Flesh Tutu
|-damage|p2a: Flesh Tutu|58/100
|-unboost|p1a: Gholdengo|spa|1
|move|p2a: Flesh Tutu|Calm Mind|p2a: Flesh Tutu
|-boost|p2a: Flesh Tutu|spa|1
|-boost|p2a: Flesh Tutu|spd|1
|
|upkeep
|turn|16
|
|t:|1779917458
|switch|p1a: Zamazenta|Zamazenta|84/100
|-damage|p1a: Zamazenta|78/100|[from] Stealth Rock
|-damage|p1a: Zamazenta|66/100|[from] Spikes
|move|p2a: Flesh Tutu|Soft-Boiled|p2a: Flesh Tutu
|-heal|p2a: Flesh Tutu|100/100
|
|upkeep
|turn|17
|
|t:|1779917464
|switch|p2a: Lash|Toxapex, F, shiny|100/100
|move|p1a: Zamazenta|Close Combat|p2a: Lash
|-resisted|p2a: Lash
|-damage|p2a: Lash|68/100
|-unboost|p1a: Zamazenta|def|1
|-unboost|p1a: Zamazenta|spd|1
|-damage|p1a: Zamazenta|56/100|[from] item: Life Orb
|
|upkeep
|turn|18
|
|t:|1779917475
|switch|p1a: Dragonite|Dragonite, F|100/100
|-damage|p1a: Dragonite|76/100|[from] Stealth Rock
|move|p2a: Lash|Infestation|p1a: Dragonite
|-resisted|p1a: Dragonite
|-damage|p1a: Dragonite|74/100
|-activate|p1a: Dragonite|move: Infestation|[of] p2a: Lash
|
|-damage|p1a: Dragonite|62/100|[from] move: Infestation|[partiallytrapped]
|upkeep
|turn|19
|
|t:|1779917489
|switch|p2a: Jugger|Dondozo, F, shiny|100/100
|move|p1a: Dragonite|Dragon Dance|p1a: Dragonite
|-boost|p1a: Dragonite|atk|1
|-boost|p1a: Dragonite|spe|1
|
|-end|p1a: Dragonite|Infestation|[partiallytrapped]|[silent]
|upkeep
|turn|20
|
|t:|1779917492
|move|p1a: Dragonite|Outrage|p2a: Jugger
|-damage|p2a: Jugger|63/100
|-damage|p1a: Dragonite|52/100|[from] item: Life Orb
|move|p2a: Jugger|Avalanche|p1a: Dragonite
|-supereffective|p1a: Dragonite
|-damage|p1a: Dragonite|0 fnt
|faint|p1a: Dragonite
|
|upkeep
|
|t:|1779917499
|switch|p1a: Iron Valiant|Iron Valiant|57/100 tox
|-damage|p1a: Iron Valiant|51/100 tox|[from] Stealth Rock
|-damage|p1a: Iron Valiant|38/100 tox|[from] Spikes
|turn|21
|
|t:|1779917508
|switch|p2a: Nell|Clefable, F|100/100
|move|p1a: Iron Valiant|Knock Off|p2a: Nell
|-resisted|p2a: Nell
|-damage|p2a: Nell|90/100
|
|-damage|p1a: Iron Valiant|32/100 tox|[from] psn
|-damage|p1a: Iron Valiant|20/100 tox|[from] item: Sticky Barb
|upkeep
|turn|22
|
|t:|1779917514
|move|p1a: Iron Valiant|Destiny Bond|p1a: Iron Valiant
|-singlemove|p1a: Iron Valiant|Destiny Bond
|move|p2a: Nell|Moonlight|p2a: Nell
|-heal|p2a: Nell|100/100
|
|-damage|p1a: Iron Valiant|7/100 tox|[from] psn
|-damage|p1a: Iron Valiant|0 fnt|[from] item: Sticky Barb
|faint|p1a: Iron Valiant
|-end|p1a: Iron Valiant|Quark Drive|[silent]
|upkeep
|
|t:|1779917520
|switch|p1a: Gholdengo|Gholdengo|100/100
|-damage|p1a: Gholdengo|94/100|[from] Stealth Rock
|-damage|p1a: Gholdengo|82/100|[from] Spikes
|turn|23
|-message|newgensbetter forfeited.
|
|win|llachiee
|raw|newgensbetter's rating: 1615 &rarr; <strong>1596</strong><br />(-19 for losing)
|raw|llachiee's rating: 1632 &rarr; <strong>1651</strong><br />(+19 for winning)
|l|☆llachiee
|player|p2|
|l|☆newgensbetter
|player|p1|
|l| rizz of reko
