|j|☆CanSoup
|j|☆Shubway
|t:|1779894294
|gametype|singles
|player|p1|CanSoup|169|1349
|player|p2|Shubway|170|1418
|gen|9
|tier|[Gen 9] OU
|rated|
|rule|HP Percentage Mod: HP is shown in percentages
|rule|Endless Battle Clause: Forcing endless battles is banned
|rule|Species Clause: Limit one of each Pokémon
|rule|OHKO Clause: OHKO moves are banned
|rule|Evasion Items Clause: Evasion items are banned
|rule|Evasion Moves Clause: Evasion moves are banned
|rule|Evasion Abilities Clause: Evasion abilities are banned
|rule|Sleep Moves Clause: Sleep-inducing moves are banned
|clearpoke
|poke|p1|Arcanine, M|
|poke|p1|Iron Thorns|
|poke|p1|Heracross, M|
|poke|p1|Ceruledge, F|
|poke|p1|Suicune|
|poke|p1|Latios, M|
|poke|p2|Tyranitar, M|
|poke|p2|Iron Treads|
|poke|p2|Araquanid, M|
|poke|p2|Serperior, F|
|poke|p2|Moltres|
|poke|p2|Zapdos-Galar|
|teampreview
|inactive|Battle timer is ON: inactive players will automatically lose when time's up. (requested by Shubway)
|inactive|CanSoup has 120 seconds left.
|inactive|CanSoup has 90 seconds left.
|
|t:|1779894381
|teamsize|p1|6
|teamsize|p2|6
|start
|switch|p1a: Heracross|Heracross, M, shiny|100/100
|switch|p2a: Iron Treads|Iron Treads|100/100
|turn|1
|
|t:|1779894390
|-end|p2a: Iron Treads|Quark Drive|[silent]
|switch|p2a: Moltres|Moltres|100/100
|move|p1a: Heracross|Trailblaze|p2a: Moltres
|-resisted|p2a: Moltres
|-damage|p2a: Moltres|96/100
|-boost|p1a: Heracross|spe|1
|
|-status|p1a: Heracross|brn|[from] item: Flame Orb
|upkeep
|turn|2
|inactive|CanSoup has 120 seconds left.
|
|t:|1779894425
|switch|p2a: Araquanid|Araquanid, M|100/100
|move|p1a: Heracross|Knock Off|p2a: Araquanid
|-damage|p2a: Araquanid|48/100
|-enditem|p2a: Araquanid|Leftovers|[from] move: Knock Off|[of] p1a: Heracross
|
|-damage|p1a: Heracross|95/100 brn|[from] brn
|upkeep
|turn|3
|
|t:|1779894440
|move|p1a: Heracross|Facade|p2a: Araquanid
|-damage|p2a: Araquanid|0 fnt
|faint|p2a: Araquanid
|
|-damage|p1a: Heracross|89/100 brn|[from] brn
|upkeep
|
|t:|1779894445
|switch|p2a: Moltres|Moltres|96/100
|turn|4
|inactive|CanSoup has 120 seconds left.
|l|☆Shubway
|inactive|Shubway disconnected and has a minute to reconnect!
|player|p2|
|
|t:|1779894487
|move|p1a: Heracross|Knock Off|p2a: Moltres
|-damage|p2a: Moltres|46/100
|-enditem|p2a: Moltres|Heavy-Duty Boots|[from] move: Knock Off|[of] p1a: Heracross
|move|p2a: Moltres|Air Slash|p1a: Heracross
|-supereffective|p1a: Heracross
|-damage|p1a: Heracross|0 fnt
|faint|p1a: Heracross
|
|upkeep
|
|t:|1779894494
|switch|p1a: Mambo No.5|Latios, M, shiny|100/100
|turn|5
|inactive|Shubway has 30 seconds to reconnect!
|j|☆Shubway
|inactive|Shubway reconnected and has 115 seconds left.
|player|p2|Shubway|170|
|
|t:|1779894532
|move|p1a: Mambo No.5|Agility|p1a: Mambo No.5
|-boost|p1a: Mambo No.5|spe|2
|move|p2a: Moltres|Air Slash|p1a: Mambo No.5|[miss]
|-miss|p2a: Moltres|p1a: Mambo No.5
|
|upkeep
|turn|6
|l|☆Shubway
|inactive|Shubway disconnected and has a minute to reconnect!
|player|p2|
|
|t:|1779894558
|move|p1a: Mambo No.5|Luster Purge|p2a: Moltres
|-damage|p2a: Moltres|0 fnt
|faint|p2a: Moltres
|
|upkeep
|j|☆Shubway
|inactive|Shubway reconnected and has 125 seconds left.
|player|p2|Shubway|170|
|inactive|Shubway has 120 seconds left.
|
|t:|1779894570
|switch|p2a: Tyranitar|Tyranitar, M|100/100
|-weather|Sandstorm|[from] ability: Sand Stream|[of] p2a: Tyranitar
|-item|p2a: Tyranitar|Air Balloon
|turn|7
|
|t:|1779894575
|-terastallize|p1a: Mambo No.5|Water
|move|p1a: Mambo No.5|Surf|p2a: Tyranitar
|-supereffective|p2a: Tyranitar
|-damage|p2a: Tyranitar|38/100
|-enditem|p2a: Tyranitar|Air Balloon
|move|p2a: Tyranitar|Thunder Wave|p1a: Mambo No.5
|-status|p1a: Mambo No.5|par
|
|-weather|Sandstorm|[upkeep]
|-damage|p1a: Mambo No.5|95/100 par|[from] Sandstorm
|upkeep
|turn|8
|
|t:|1779894582
|move|p1a: Mambo No.5|Surf|p2a: Tyranitar
|-supereffective|p2a: Tyranitar
|-damage|p2a: Tyranitar|0 fnt
|faint|p2a: Tyranitar
|
|-weather|Sandstorm|[upkeep]
|-damage|p1a: Mambo No.5|89/100 par|[from] Sandstorm
|upkeep
|
|t:|1779894584
|switch|p2a: Serperior|Serperior, F|100/100
|turn|9
|
|t:|1779894588
|switch|p1a: Arcanine|Arcanine, M|100/100
|-ability|p1a: Arcanine|Intimidate|boost
|-boost|p2a: Serperior|atk|1
|move|p2a: Serperior|Substitute|p2a: Serperior
|-start|p2a: Serperior|Substitute
|-damage|p2a: Serperior|76/100
|
|-weather|Sandstorm|[upkeep]
|-damage|p2a: Serperior|70/100|[from] Sandstorm
|-damage|p1a: Arcanine|94/100|[from] Sandstorm
|-heal|p2a: Serperior|76/100|[from] item: Leftovers
|-heal|p1a: Arcanine|100/100|[from] item: Leftovers
|upkeep
|turn|10
|
|t:|1779894591
|move|p2a: Serperior|Leaf Storm|p1a: Arcanine
|-resisted|p1a: Arcanine
|-damage|p1a: Arcanine|77/100
|-boost|p2a: Serperior|spa|2
|move|p1a: Arcanine|Flare Blitz|p2a: Serperior
|-supereffective|p2a: Serperior
|-end|p2a: Serperior|Substitute
|-damage|p1a: Arcanine|71/100|[from] Recoil|[of] p2a: Serperior
|
|-weather|Sandstorm|[upkeep]
|-damage|p2a: Serperior|70/100|[from] Sandstorm
|-damage|p1a: Arcanine|65/100|[from] Sandstorm
|-heal|p2a: Serperior|76/100|[from] item: Leftovers
|-heal|p1a: Arcanine|71/100|[from] item: Leftovers
|upkeep
|turn|11
|
|t:|1779894599
|-terastallize|p2a: Serperior|Dragon
|move|p2a: Serperior|Leaf Storm|p1a: Arcanine
|-resisted|p1a: Arcanine
|-damage|p1a: Arcanine|18/100
|-boost|p2a: Serperior|spa|2
|move|p1a: Arcanine|Flare Blitz|p2a: Serperior
|-resisted|p2a: Serperior
|-damage|p2a: Serperior|37/100
|-damage|p1a: Arcanine|8/100|[from] Recoil
|
|-weather|none
|-heal|p2a: Serperior|43/100|[from] item: Leftovers
|-heal|p1a: Arcanine|14/100|[from] item: Leftovers
|upkeep
|turn|12
|inactive|CanSoup has 120 seconds left.
|
|t:|1779894635
|move|p1a: Arcanine|Extreme Speed|p2a: Serperior
|-damage|p2a: Serperior|7/100
|move|p2a: Serperior|Leaf Storm|p1a: Arcanine
|-resisted|p1a: Arcanine
|-damage|p1a: Arcanine|0 fnt
|-boost|p2a: Serperior|spa|2
|faint|p1a: Arcanine
|
|-heal|p2a: Serperior|13/100|[from] item: Leftovers
|upkeep
|
|t:|1779894639
|switch|p1a: Ceruledge|Ceruledge, F, shiny|100/100
|turn|13
|
|t:|1779894641
|switch|p2a: Iron Treads|Iron Treads|100/100
|move|p1a: Ceruledge|Shadow Sneak|p2a: Iron Treads
|-damage|p2a: Iron Treads|82/100
|
|upkeep
|turn|14
|
|t:|1779894646
|move|p2a: Iron Treads|Earthquake|p1a: Ceruledge
|-supereffective|p1a: Ceruledge
|-enditem|p1a: Ceruledge|Focus Sash
|-damage|p1a: Ceruledge|1/100
|-ability|p1a: Ceruledge|Weak Armor|boost
|-unboost|p1a: Ceruledge|def|1
|-boost|p1a: Ceruledge|spe|2
|move|p1a: Ceruledge|Swords Dance|p1a: Ceruledge
|-boost|p1a: Ceruledge|atk|2
|
|upkeep
|turn|15
|
|t:|1779894651
|move|p1a: Ceruledge|Bitter Blade|p2a: Iron Treads
|-supereffective|p2a: Iron Treads
|-damage|p2a: Iron Treads|0 fnt
|-heal|p1a: Ceruledge|46/100|[from] drain|[of] p2a: Iron Treads
|faint|p2a: Iron Treads
|-end|p2a: Iron Treads|Quark Drive|[silent]
|
|upkeep
|
|t:|1779894653
|switch|p2a: Zapdos|Zapdos-Galar|100/100
|turn|16
|
|t:|1779894673
|move|p1a: Ceruledge|Bitter Blade|p2a: Zapdos
|-damage|p2a: Zapdos|0 fnt
|-heal|p1a: Ceruledge|100/100|[from] drain|[of] p2a: Zapdos
|faint|p2a: Zapdos
|
|upkeep
|-message|Shubway forfeited.
|
|win|CanSoup
|raw|CanSoup's rating: 1349 &rarr; <strong>1373</strong><br />(+24 for winning)
|raw|Shubway's rating: 1418 &rarr; <strong>1394</strong><br />(-24 for losing)
|l|☆Shubway
|player|p2|
|l|☆CanSoup
|player|p1|
