|j|☆roddeth
|j|☆Kaziiscool
|t:|1779932547
|gametype|singles
|player|p1|roddeth|ninjaboy|1090
|player|p2|Kaziiscool|lucas|1099
|gen|9
|tier|[Gen 9] OU
|rated|
|rule|HP Percentage Mod: HP is shown in percentages
|rule|Endless Battle Clause: Forcing endless battles is banned
|rule|Species Clause: Limit one of each Pokémon
|rule|OHKO Clause: OHKO moves are banned
|rule|Evasion Items Clause: Evasion items are banned
|rule|Evasion Moves Clause: Evasion moves are banned
|rule|Evasion Abilities Clause: Evasion abilities are banned
|rule|Sleep Moves Clause: Sleep-inducing moves are banned
|clearpoke
|poke|p1|Emboar, M|
|poke|p1|Dodrio, M|
|poke|p1|Krookodile, M|
|poke|p1|Shiftry, M|
|poke|p1|Samurott-Hisui, M|
|poke|p1|Electrode-Hisui|
|poke|p2|Jolteon, M|
|poke|p2|Slowking-Galar, F|
|poke|p2|Great Tusk|
|poke|p2|Moltres|
|poke|p2|Kingambit, M|
|poke|p2|Hydrapple, M|
|teampreview
|
|t:|1779932555
|teamsize|p1|6
|teamsize|p2|6
|start
|switch|p1a: Electrode|Electrode-Hisui|100/100
|switch|p2a: Great Tusk|Great Tusk|100/100
|turn|1
|
|t:|1779932563
|move|p1a: Electrode|Energy Ball|p2a: Great Tusk
|-supereffective|p2a: Great Tusk
|-damage|p2a: Great Tusk|20/100
|-unboost|p2a: Great Tusk|spd|1
|move|p2a: Great Tusk|Ice Spinner|p1a: Electrode
|-supereffective|p1a: Electrode
|-damage|p1a: Electrode|31/100
|
|upkeep
|turn|2
|
|t:|1779932577
|-end|p2a: Great Tusk|Protosynthesis|[silent]
|switch|p2a: Hydrapple|Hydrapple, M|100/100
|move|p1a: Electrode|Energy Ball|p2a: Hydrapple
|-resisted|p2a: Hydrapple
|-damage|p2a: Hydrapple|93/100
|-unboost|p2a: Hydrapple|spd|1
|
|upkeep
|turn|3
|
|t:|1779932586
|move|p1a: Electrode|Discharge|p2a: Hydrapple
|-resisted|p2a: Hydrapple
|-damage|p2a: Hydrapple|83/100
|move|p2a: Hydrapple|Nasty Plot|p2a: Hydrapple
|-boost|p2a: Hydrapple|spa|2
|
|upkeep
|turn|4
|
|t:|1779932598
|move|p1a: Electrode|Discharge|p2a: Hydrapple
|-resisted|p2a: Hydrapple
|-damage|p2a: Hydrapple|72/100
|-status|p2a: Hydrapple|par
|move|p2a: Hydrapple|Nasty Plot|p2a: Hydrapple
|-boost|p2a: Hydrapple|spa|2
|
|upkeep
|turn|5
|
|t:|1779932625
|move|p1a: Electrode|Reflect|p1a: Electrode
|-sidestart|p1: roddeth|Reflect
|cant|p2a: Hydrapple|par
|
|upkeep
|turn|6
|
|t:|1779932638
|switch|p1a: Emboar|Emboar, M|100/100
|cant|p2a: Hydrapple|par
|
|upkeep
|turn|7
|
|t:|1779932646
|move|p1a: Emboar|Fire Punch|p2a: Hydrapple
|-crit|p2a: Hydrapple
|-damage|p2a: Hydrapple|47/100 par
|cant|p2a: Hydrapple|par
|
|upkeep
|turn|8
|
|t:|1779932673
|move|p1a: Emboar|Fire Punch|p2a: Hydrapple
|-damage|p2a: Hydrapple|30/100 par
|move|p2a: Hydrapple|Earth Power|p1a: Emboar
|-supereffective|p1a: Emboar
|-damage|p1a: Emboar|0 fnt
|faint|p1a: Emboar
|
|upkeep
|
|t:|1779932684
|switch|p1a: Krookodile|Krookodile, M|100/100
|turn|9
|
|t:|1779932688
|move|p1a: Krookodile|Dragon Claw|p2a: Hydrapple
|-supereffective|p2a: Hydrapple
|-damage|p2a: Hydrapple|0 fnt
|faint|p2a: Hydrapple
|-ability|p1a: Krookodile|Moxie|boost
|-boost|p1a: Krookodile|atk|1
|
|-sideend|p1: roddeth|Reflect
|upkeep
|
|t:|1779932700
|switch|p2a: Great Tusk|Great Tusk|20/100
|turn|10
|
|t:|1779932715
|move|p1a: Krookodile|Earthquake|p2a: Great Tusk
|-damage|p2a: Great Tusk|0 fnt
|faint|p2a: Great Tusk
|-end|p2a: Great Tusk|Protosynthesis|[silent]
|-ability|p1a: Krookodile|Moxie|boost
|-boost|p1a: Krookodile|atk|1
|
|upkeep
|
|t:|1779932727
|switch|p2a: Moltres|Moltres|100/100
|turn|11
|
|t:|1779932735
|-terastallize|p2a: Moltres|Fairy
|move|p2a: Moltres|Will-O-Wisp|p1a: Krookodile
|-status|p1a: Krookodile|brn
|move|p1a: Krookodile|Body Slam|p2a: Moltres
|-damage|p2a: Moltres|81/100
|
|-damage|p1a: Krookodile|94/100 brn|[from] brn
|upkeep
|turn|12
|
|t:|1779932749
|move|p1a: Krookodile|Body Slam|p2a: Moltres
|-damage|p2a: Moltres|58/100
|move|p2a: Moltres|Flamethrower|p1a: Krookodile
|-damage|p1a: Krookodile|52/100 brn
|
|-damage|p1a: Krookodile|46/100 brn|[from] brn
|upkeep
|turn|13
|
|t:|1779932759
|move|p2a: Moltres|Roost|p2a: Moltres
|-heal|p2a: Moltres|100/100
|move|p1a: Krookodile|Body Slam|p2a: Moltres
|-damage|p2a: Moltres|79/100
|-status|p2a: Moltres|par
|
|-damage|p1a: Krookodile|39/100 brn|[from] brn
|upkeep
|turn|14
|
|t:|1779932772
|move|p1a: Krookodile|Crunch|p2a: Moltres
|-resisted|p2a: Moltres
|-damage|p2a: Moltres|63/100 par
|move|p2a: Moltres|Flamethrower|p1a: Krookodile
|-damage|p1a: Krookodile|0 fnt
|faint|p1a: Krookodile
|
|upkeep
|
|t:|1779932792
|switch|p1a: Samurott|Samurott-Hisui, M|100/100
|turn|15
|
|t:|1779932799
|move|p1a: Samurott|Aqua Cutter|p2a: Moltres
|-damage|p2a: Moltres|34/100 par
|move|p2a: Moltres|Will-O-Wisp|p1a: Samurott|[miss]
|-miss|p2a: Moltres|p1a: Samurott
|
|upkeep
|turn|16
|
|t:|1779932814
|move|p1a: Samurott|Aqua Cutter|p2a: Moltres
|-crit|p2a: Moltres
|-damage|p2a: Moltres|0 fnt
|faint|p2a: Moltres
|
|upkeep
|
|t:|1779932819
|switch|p2a: Jolteon|Jolteon, M|100/100
|turn|17
|
|t:|1779932833
|-terastallize|p1a: Samurott|Steel
|move|p2a: Jolteon|Calm Mind|p2a: Jolteon
|-boost|p2a: Jolteon|spa|1
|-boost|p2a: Jolteon|spd|1
|move|p1a: Samurott|Sacred Sword|p2a: Jolteon
|-damage|p2a: Jolteon|35/100
|
|upkeep
|turn|18
|
|t:|1779932846
|move|p2a: Jolteon|Thunderbolt|p1a: Samurott
|-damage|p1a: Samurott|44/100
|move|p1a: Samurott|Sacred Sword|p2a: Jolteon
|-damage|p2a: Jolteon|0 fnt
|faint|p2a: Jolteon
|
|-heal|p1a: Samurott|50/100|[from] item: Leftovers
|upkeep
|
|t:|1779932856
|switch|p2a: Slowking|Slowking-Galar, F|100/100
|turn|19
|
|t:|1779932861
|move|p1a: Samurott|Aqua Jet|p2a: Slowking
|-crit|p2a: Slowking
|-damage|p2a: Slowking|76/100
|move|p2a: Slowking|Flamethrower|p1a: Samurott
|-supereffective|p1a: Samurott
|-damage|p1a: Samurott|0 fnt
|faint|p1a: Samurott
|
|upkeep
|
|t:|1779932872
|switch|p1a: Electrode|Electrode-Hisui|31/100
|turn|20
|
|t:|1779932877
|switch|p2a: Kingambit|Kingambit, M|100/100
|-activate|p2a: Kingambit|ability: Supreme Overlord
|-start|p2a: Kingambit|fallen4|[silent]
|move|p1a: Electrode|Discharge|p2a: Kingambit
|-damage|p2a: Kingambit|71/100
|
|-heal|p2a: Kingambit|77/100|[from] item: Leftovers
|upkeep
|turn|21
|
|t:|1779932889
|move|p2a: Kingambit|Sucker Punch|p1a: Electrode
|-damage|p1a: Electrode|0 fnt
|faint|p1a: Electrode
|
|-heal|p2a: Kingambit|83/100|[from] item: Leftovers
|upkeep
|
|t:|1779932904
|switch|p1a: Dodrio|Dodrio, M|100/100
|turn|22
|
|t:|1779932912
|-end|p2a: Kingambit|fallen4|[silent]
|switch|p2a: Slowking|Slowking-Galar, F|100/100
|move|p1a: Dodrio|Drill Run|p2a: Slowking
|-supereffective|p2a: Slowking
|-damage|p2a: Slowking|52/100
|
|upkeep
|turn|23
|
|t:|1779932938
|move|p1a: Dodrio|Swords Dance|p1a: Dodrio
|-boost|p1a: Dodrio|atk|2
|move|p2a: Slowking|Ice Beam|p1a: Dodrio
|-supereffective|p1a: Dodrio
|-damage|p1a: Dodrio|16/100
|
|upkeep
|turn|24
|
|t:|1779932953
|move|p1a: Dodrio|Drill Run|p2a: Slowking
|-supereffective|p2a: Slowking
|-damage|p2a: Slowking|0 fnt
|faint|p2a: Slowking
|
|upkeep
|
|t:|1779932958
|switch|p2a: Kingambit|Kingambit, M|83/100
|-activate|p2a: Kingambit|ability: Supreme Overlord
|-start|p2a: Kingambit|fallen5|[silent]
|turn|25
|
|t:|1779932963
|move|p2a: Kingambit|Sucker Punch|p1a: Dodrio
|-damage|p1a: Dodrio|0 fnt
|faint|p1a: Dodrio
|
|-heal|p2a: Kingambit|90/100|[from] item: Leftovers
|upkeep
|
|t:|1779932969
|switch|p1a: Shiftry|Shiftry, M|100/100
|turn|26
|
|t:|1779932974
|move|p1a: Shiftry|Leech Seed|p2a: Kingambit
|-start|p2a: Kingambit|move: Leech Seed
|move|p2a: Kingambit|Iron Head|p1a: Shiftry
|-damage|p1a: Shiftry|0 fnt
|faint|p1a: Shiftry
|
|win|Kaziiscool
|raw|roddeth's rating: 1090 &rarr; <strong>1067</strong><br />(-23 for losing)
|raw|Kaziiscool's rating: 1099 &rarr; <strong>1123</strong><br />(+24 for winning)
|c|☆Kaziiscool|Haha
|l|☆roddeth
|player|p1|
|l|☆Kaziiscool
|player|p2|
