|j|☆Dakota1683
|j|☆Jakewater
|t:|1779862759
|gametype|singles
|player|p1|Dakota1683|2|1138
|player|p2|Jakewater|blue|1144
|gen|9
|tier|[Gen 9] OU
|rated|
|rule|HP Percentage Mod: HP is shown in percentages
|rule|Endless Battle Clause: Forcing endless battles is banned
|rule|Species Clause: Limit one of each Pokémon
|rule|OHKO Clause: OHKO moves are banned
|rule|Evasion Items Clause: Evasion items are banned
|rule|Evasion Moves Clause: Evasion moves are banned
|rule|Evasion Abilities Clause: Evasion abilities are banned
|rule|Sleep Moves Clause: Sleep-inducing moves are banned
|clearpoke
|poke|p1|Cacturne, F|
|poke|p1|Jirachi|
|poke|p1|Sableye, M|
|poke|p1|Latias, F|
|poke|p1|Torkoal, M|
|poke|p1|Gardevoir, F|
|poke|p2|Venusaur, M|
|poke|p2|Kingdra, F|
|poke|p2|Gengar, M|
|poke|p2|Gardevoir, F|
|poke|p2|Porygon-Z|
|poke|p2|Ditto|
|teampreview
|inactive|Battle timer is ON: inactive players will automatically lose when time's up. (requested by Jakewater)
|
|t:|1779862769
|teamsize|p1|6
|teamsize|p2|6
|start
|switch|p1a: Gardevoir|Gardevoir, F|100/100
|switch|p2a: Grim|Gengar, M|100/100
|turn|1
|inactive|Dakota1683 has 120 seconds left.
|
|t:|1779862803
|switch|p1a: Sableye|Sableye, M|100/100
|move|p2a: Grim|Sludge Bomb|p1a: Sableye
|-resisted|p1a: Sableye
|-damage|p1a: Sableye|77/100
|-status|p1a: Sableye|psn
|
|-heal|p1a: Sableye|83/100 psn|[from] item: Leftovers
|-damage|p1a: Sableye|70/100 psn|[from] psn
|upkeep
|turn|2
|
|t:|1779862814
|switch|p2a: Spinch|Venusaur, M|100/100
|move|p1a: Sableye|Thunder Wave|p2a: Spinch|[miss]
|-miss|p1a: Sableye|p2a: Spinch
|
|-heal|p1a: Sableye|76/100 psn|[from] item: Leftovers
|-damage|p1a: Sableye|64/100 psn|[from] psn
|upkeep
|turn|3
|
|t:|1779862823
|move|p1a: Sableye|Thunder Wave|p2a: Spinch|[miss]
|-miss|p1a: Sableye|p2a: Spinch
|move|p2a: Spinch|Leech Seed|p1a: Sableye
|-start|p1a: Sableye|move: Leech Seed
|
|-heal|p1a: Sableye|70/100 psn|[from] item: Leftovers
|-damage|p1a: Sableye|58/100 psn|[from] Leech Seed|[of] p2a: Spinch
|-damage|p1a: Sableye|46/100 psn|[from] psn
|upkeep
|turn|4
|
|t:|1779862835
|switch|p2a: Kirby|Ditto|100/100
|-transform|p2a: Kirby|p1a: Sableye|[from] ability: Imposter
|move|p1a: Sableye|Thunder Wave|p2a: Kirby
|-hint|Since gen 7, Dark is immune to Prankster moves.
|-immune|p2a: Kirby
|
|-heal|p1a: Sableye|52/100 psn|[from] item: Leftovers
|-damage|p1a: Sableye|39/100 psn|[from] Leech Seed|[of] p2a: Kirby
|-damage|p1a: Sableye|27/100 psn|[from] psn
|upkeep
|turn|5
|c|☆Dakota1683|90% accuracy they say
|
|t:|1779862850
|move|p1a: Sableye|Recover|p1a: Sableye
|-heal|p1a: Sableye|77/100 psn
|move|p2a: Kirby|Knock Off|p1a: Sableye
|-damage|p1a: Sableye|38/100 psn
|-enditem|p1a: Sableye|Leftovers|[from] move: Knock Off|[of] p2a: Kirby
|
|-damage|p1a: Sableye|26/100 psn|[from] Leech Seed|[of] p2a: Kirby
|-damage|p1a: Sableye|14/100 psn|[from] psn
|upkeep
|turn|6
|
|t:|1779862861
|switch|p1a: Cacturne|Cacturne, F|100/100
|move|p2a: Kirby|Knock Off|p1a: Cacturne
|-resisted|p1a: Cacturne
|-damage|p1a: Cacturne|79/100
|-enditem|p1a: Cacturne|Focus Sash|[from] move: Knock Off|[of] p2a: Kirby
|
|upkeep
|turn|7
|
|t:|1779862869
|switch|p2a: Spinch|Venusaur, M|100/100
|move|p1a: Cacturne|Swords Dance|p1a: Cacturne
|-boost|p1a: Cacturne|atk|2
|
|upkeep
|turn|8
|
|t:|1779862878
|move|p1a: Cacturne|Sucker Punch|p2a: Spinch
|-damage|p2a: Spinch|0 fnt
|faint|p2a: Spinch
|
|upkeep
|
|t:|1779862884
|switch|p2a: Grim|Gengar, M|100/100
|turn|9
|
|t:|1779862890
|move|p1a: Cacturne|Spiky Shield|p1a: Cacturne
|-singleturn|p1a: Cacturne|move: Protect
|move|p2a: Grim|Sludge Bomb|p1a: Cacturne
|-activate|p1a: Cacturne|move: Protect
|
|upkeep
|turn|10
|
|t:|1779862905
|move|p1a: Cacturne|Sucker Punch|p2a: Grim
|-supereffective|p2a: Grim
|-enditem|p2a: Grim|Focus Sash
|-damage|p2a: Grim|1/100
|move|p2a: Grim|Sludge Bomb|p1a: Cacturne
|-supereffective|p1a: Cacturne
|-damage|p1a: Cacturne|0 fnt
|faint|p1a: Cacturne
|
|upkeep
|
|t:|1779862921
|switch|p1a: Jirachi|Jirachi|100/100
|turn|11
|
|t:|1779862925
|-terastallize|p1a: Jirachi|Steel
|move|p2a: Grim|Destiny Bond|p2a: Grim
|-singlemove|p2a: Grim|Destiny Bond
|move|p1a: Jirachi|Iron Head|p2a: Grim
|-damage|p2a: Grim|0 fnt
|faint|p2a: Grim
|-activate|p2a: Grim|move: Destiny Bond
|faint|p1a: Jirachi
|
|upkeep
|
|t:|1779862944
|switch|p2a: Frieren|Gardevoir, F|100/100
|switch|p1a: Torkoal|Torkoal, M|100/100
|-ability|p2a: Frieren|Shell Armor|Trace|[from] ability: Trace|[of] p1a: Torkoal
|turn|12
|
|t:|1779862954
|move|p2a: Frieren|Calm Mind|p2a: Frieren
|-boost|p2a: Frieren|spa|1
|-boost|p2a: Frieren|spd|1
|move|p1a: Torkoal|Stealth Rock|p2a: Frieren
|-sidestart|p2: Jakewater|move: Stealth Rock
|
|upkeep
|turn|13
|
|t:|1779862966
|switch|p1a: Sableye|Sableye, M|14/100 psn
|move|p2a: Frieren|Moonblast|p1a: Sableye
|-supereffective|p1a: Sableye
|-damage|p1a: Sableye|0 fnt
|faint|p1a: Sableye
|
|upkeep
|
|t:|1779862976
|switch|p1a: Gardevoir|Gardevoir, F|100/100
|turn|14
|
|t:|1779862980
|move|p2a: Frieren|Moonblast|p1a: Gardevoir
|-damage|p1a: Gardevoir|70/100
|move|p1a: Gardevoir|Mystical Fire|p2a: Frieren
|-damage|p2a: Frieren|86/100
|-unboost|p2a: Frieren|spa|1
|
|upkeep
|turn|15
|
|t:|1779862988
|move|p2a: Frieren|Mystical Fire|p1a: Gardevoir
|-damage|p1a: Gardevoir|57/100
|-unboost|p1a: Gardevoir|spa|1
|move|p1a: Gardevoir|Mystical Fire|p2a: Frieren
|-damage|p2a: Frieren|75/100
|-unboost|p2a: Frieren|spa|1
|
|upkeep
|turn|16
|
|t:|1779862997
|move|p2a: Frieren|Mystical Fire|p1a: Gardevoir
|-damage|p1a: Gardevoir|50/100
|-unboost|p1a: Gardevoir|spa|1
|move|p1a: Gardevoir|Mystical Fire|p2a: Frieren
|-damage|p2a: Frieren|67/100
|-unboost|p2a: Frieren|spa|1
|
|upkeep
|turn|17
|
|t:|1779863009
|move|p2a: Frieren|Mystical Fire|p1a: Gardevoir
|-damage|p1a: Gardevoir|44/100
|-unboost|p1a: Gardevoir|spa|1
|move|p1a: Gardevoir|Draining Kiss|p2a: Frieren
|-damage|p2a: Frieren|61/100
|-heal|p1a: Gardevoir|48/100|[from] drain|[of] p2a: Frieren
|
|upkeep
|turn|18
|
|t:|1779863024
|switch|p1a: Torkoal|Torkoal, M|100/100
|move|p2a: Frieren|Mystical Fire|p1a: Torkoal
|-resisted|p1a: Torkoal
|-damage|p1a: Torkoal|92/100
|-unboost|p1a: Torkoal|spa|1
|
|upkeep
|turn|19
|
|t:|1779863033
|move|p2a: Frieren|Psychic|p1a: Torkoal
|-damage|p1a: Torkoal|62/100
|move|p1a: Torkoal|Rapid Spin|p2a: Frieren
|-damage|p2a: Frieren|43/100
|-boost|p1a: Torkoal|spe|1
|-enditem|p2a: Frieren|Sitrus Berry|[eat]
|-heal|p2a: Frieren|68/100|[from] item: Sitrus Berry
|
|upkeep
|turn|20
|
|t:|1779863049
|switch|p1a: Gardevoir|Gardevoir, F|48/100
|move|p2a: Frieren|Psychic|p1a: Gardevoir
|-resisted|p1a: Gardevoir
|-damage|p1a: Gardevoir|43/100
|
|upkeep
|turn|21
|
|t:|1779863054
|move|p2a: Frieren|Mystical Fire|p1a: Gardevoir
|-damage|p1a: Gardevoir|37/100
|-unboost|p1a: Gardevoir|spa|1
|move|p1a: Gardevoir|Draining Kiss|p2a: Frieren
|-damage|p2a: Frieren|57/100
|-heal|p1a: Gardevoir|44/100|[from] drain|[of] p2a: Frieren
|
|upkeep
|turn|22
|
|t:|1779863063
|move|p2a: Frieren|Mystical Fire|p1a: Gardevoir
|-crit|p1a: Gardevoir
|-damage|p1a: Gardevoir|27/100
|-unboost|p1a: Gardevoir|spa|1
|move|p1a: Gardevoir|Draining Kiss|p2a: Frieren
|-damage|p2a: Frieren|49/100
|-heal|p1a: Gardevoir|32/100|[from] drain|[of] p2a: Frieren
|
|upkeep
|turn|23
|
|t:|1779863078
|move|p2a: Frieren|Mystical Fire|p1a: Gardevoir
|-damage|p1a: Gardevoir|26/100
|-unboost|p1a: Gardevoir|spa|1
|move|p1a: Gardevoir|Mystical Fire|p2a: Frieren
|-damage|p2a: Frieren|43/100
|-unboost|p2a: Frieren|spa|1
|
|upkeep
|turn|24
|
|t:|1779863087
|move|p2a: Frieren|Mystical Fire|p1a: Gardevoir
|-damage|p1a: Gardevoir|20/100
|-unboost|p1a: Gardevoir|spa|1
|move|p1a: Gardevoir|Mystical Fire|p2a: Frieren
|-damage|p2a: Frieren|37/100
|-unboost|p2a: Frieren|spa|1
|
|upkeep
|turn|25
|inactive|Dakota1683 has 120 seconds left.
|
|t:|1779863117
|switch|p1a: Torkoal|Torkoal, M|62/100
|move|p2a: Frieren|Mystical Fire|p1a: Torkoal
|-resisted|p1a: Torkoal
|-damage|p1a: Torkoal|56/100
|-unboost|p1a: Torkoal|spa|1
|
|upkeep
|turn|26
|
|t:|1779863143
|switch|p2a: Malware|Porygon-Z|100/100
|-damage|p2a: Malware|88/100|[from] Stealth Rock
|-ability|p2a: Malware|Download|boost
|-boost|p2a: Malware|spa|1
|move|p1a: Torkoal|Lava Plume|p2a: Malware
|-damage|p2a: Malware|73/100
|-status|p2a: Malware|brn
|
|-damage|p2a: Malware|67/100 brn|[from] brn
|upkeep
|turn|27
|inactive|Jakewater has 120 seconds left.
|
|t:|1779863163
|move|p2a: Malware|Tri Attack|p1a: Torkoal
|-damage|p1a: Torkoal|0 fnt
|faint|p1a: Torkoal
|
|-damage|p2a: Malware|61/100 brn|[from] brn
|upkeep
|inactive|Dakota1683 has 120 seconds left.
|
|t:|1779863178
|switch|p1a: Latias|Latias, F|100/100
|turn|28
|
|t:|1779863186
|move|p1a: Latias|Mist Ball|p2a: Malware
|-damage|p2a: Malware|10/100 brn
|-unboost|p2a: Malware|spa|1
|move|p2a: Malware|Ice Beam|p1a: Latias
|-supereffective|p1a: Latias
|-damage|p1a: Latias|37/100
|
|-damage|p2a: Malware|4/100 brn|[from] brn
|upkeep
|turn|29
|
|t:|1779863195
|move|p1a: Latias|Mist Ball|p2a: Malware
|-damage|p2a: Malware|0 fnt
|faint|p2a: Malware
|
|upkeep
|
|t:|1779863203
|switch|p2a: Frieren|Gardevoir, F|37/100
|-damage|p2a: Frieren|25/100|[from] Stealth Rock
|-ability|p2a: Frieren|Levitate|Trace|[from] ability: Trace|[of] p1a: Latias
|turn|30
|
|t:|1779863212
|switch|p1a: Gardevoir|Gardevoir, F|20/100
|move|p2a: Frieren|Moonblast|p1a: Gardevoir
|-damage|p1a: Gardevoir|0 fnt
|faint|p1a: Gardevoir
|
|upkeep
|
|t:|1779863214
|switch|p1a: Latias|Latias, F|37/100
|turn|31
|
|t:|1779863220
|move|p1a: Latias|Ice Beam|p2a: Frieren
|-crit|p2a: Frieren
|-damage|p2a: Frieren|0 fnt
|faint|p2a: Frieren
|
|upkeep
|
|t:|1779863224
|switch|p2a: Kirby|Ditto|100/100
|-damage|p2a: Kirby|88/100|[from] Stealth Rock
|-transform|p2a: Kirby|p1a: Latias|[from] ability: Imposter
|turn|32
|
|t:|1779863234
|-terastallize|p2a: Kirby|Steel
|move|p2a: Kirby|Ice Beam|p1a: Latias
|-supereffective|p1a: Latias
|-damage|p1a: Latias|0 fnt
|faint|p1a: Latias
|
|win|Jakewater
|raw|Dakota1683's rating: 1138 &rarr; <strong>1113</strong><br />(-25 for losing)
|raw|Jakewater's rating: 1144 &rarr; <strong>1169</strong><br />(+25 for winning)
|l|☆Dakota1683
|player|p1|
|l|☆Jakewater
|player|p2|
