|j|☆pokemaster3592
|j|‽tiredss
|t:|1779845092
|gametype|singles
|player|p1|pokemaster3592|volkner|1055
|player|p2|tiredss|1|1083
|gen|9
|tier|[Gen 9] OU
|rated|
|rule|HP Percentage Mod: HP is shown in percentages
|rule|Endless Battle Clause: Forcing endless battles is banned
|rule|Species Clause: Limit one of each Pokémon
|rule|OHKO Clause: OHKO moves are banned
|rule|Evasion Items Clause: Evasion items are banned
|rule|Evasion Moves Clause: Evasion moves are banned
|rule|Evasion Abilities Clause: Evasion abilities are banned
|rule|Sleep Moves Clause: Sleep-inducing moves are banned
|clearpoke
|poke|p1|Flareon, F|
|poke|p1|Umbreon, F|
|poke|p1|Sylveon, F|
|poke|p1|Vaporeon, F|
|poke|p1|Glaceon, M|
|poke|p1|Espeon, M|
|poke|p2|Cresselia, F|
|poke|p2|Kingambit, M|
|poke|p2|Porygon2|
|poke|p2|Hatterene, F|
|poke|p2|Ursaluna, F|
|poke|p2|Glastrier|
|teampreview
|inactive|Battle timer is ON: inactive players will automatically lose when time's up. (requested by pokemaster3592)
|
|t:|1779845109
|teamsize|p1|6
|teamsize|p2|6
|start
|switch|p1a: Vaporeon|Vaporeon, F|100/100
|switch|p2a: Hatterene|Hatterene, F|100/100
|turn|1
|
|t:|1779845130
|move|p1a: Vaporeon|Scald|p2a: Hatterene
|-damage|p2a: Hatterene|68/100
|move|p2a: Hatterene|Trick Room|p2a: Hatterene
|-fieldstart|move: Trick Room|[of] p2a: Hatterene
|
|upkeep
|turn|2
|
|t:|1779845143
|switch|p1a: Umbreon|Umbreon, F, shiny|100/100
|move|p2a: Hatterene|Misty Explosion|p1a: Umbreon
|-supereffective|p1a: Umbreon
|-damage|p1a: Umbreon|24/100
|faint|p2a: Hatterene
|
|-heal|p1a: Umbreon|30/100|[from] item: Leftovers
|upkeep
|inactive|tiredss has 120 seconds left.
|
|t:|1779845177
|switch|p2a: Ursaluna|Ursaluna, F|100/100
|turn|3
|
|t:|1779845204
|move|p2a: Ursaluna|Headlong Rush|p1a: Umbreon
|-damage|p1a: Umbreon|0 fnt
|-unboost|p2a: Ursaluna|def|1
|-unboost|p2a: Ursaluna|spd|1
|faint|p1a: Umbreon
|
|-status|p2a: Ursaluna|brn|[from] item: Flame Orb
|upkeep
|inactive|pokemaster3592 has 120 seconds left.
|
|t:|1779845215
|switch|p1a: Glaceon|Glaceon, M|100/100
|turn|4
|inactive|tiredss has 120 seconds left.
|
|t:|1779845221
|move|p2a: Ursaluna|Headlong Rush|p1a: Glaceon
|-damage|p1a: Glaceon|4/100
|-unboost|p2a: Ursaluna|def|1
|-unboost|p2a: Ursaluna|spd|1
|move|p1a: Glaceon|Chilling Water|p2a: Ursaluna
|-supereffective|p2a: Ursaluna
|-damage|p2a: Ursaluna|24/100 brn
|-unboost|p2a: Ursaluna|atk|1
|
|-damage|p2a: Ursaluna|18/100 brn|[from] brn
|upkeep
|turn|5
|inactive|tiredss has 120 seconds left.
|
|t:|1779845239
|move|p2a: Ursaluna|Headlong Rush|p1a: Glaceon
|-damage|p1a: Glaceon|0 fnt
|-unboost|p2a: Ursaluna|def|1
|-unboost|p2a: Ursaluna|spd|1
|faint|p1a: Glaceon
|
|-damage|p2a: Ursaluna|11/100 brn|[from] brn
|-fieldend|move: Trick Room
|upkeep
|
|t:|1779845244
|switch|p1a: Flareon|Flareon, F|100/100
|turn|6
|inactive|tiredss has 120 seconds left.
|
|t:|1779845257
|switch|p2a: Cresselia|Cresselia, F|100/100
|move|p1a: Flareon|Protect||[still]
|-fail|p1a: Flareon
|
|-status|p1a: Flareon|tox|[from] item: Toxic Orb
|upkeep
|turn|7
|inactive|tiredss has 120 seconds left.
|
|t:|1779845272
|move|p1a: Flareon|Flame Charge|p2a: Cresselia
|-crit|p2a: Cresselia
|-damage|p2a: Cresselia|64/100
|-boost|p1a: Flareon|spe|1
|move|p2a: Cresselia|Trick Room|p2a: Cresselia
|-fieldstart|move: Trick Room|[of] p2a: Cresselia
|
|-heal|p2a: Cresselia|70/100|[from] item: Leftovers
|-damage|p1a: Flareon|94/100 tox|[from] psn
|upkeep
|turn|8
|inactive|tiredss has 120 seconds left.
|
|t:|1779845287
|switch|p1a: Vaporeon|Vaporeon, F|100/100
|move|p2a: Cresselia|Psychic|p1a: Vaporeon
|-damage|p1a: Vaporeon|81/100
|-unboost|p1a: Vaporeon|spd|1
|
|-heal|p1a: Vaporeon|87/100|[from] item: Leftovers
|-heal|p2a: Cresselia|76/100|[from] item: Leftovers
|upkeep
|turn|9
|inactive|tiredss has 120 seconds left.
|
|t:|1779845297
|move|p1a: Vaporeon|Acid Armor|p1a: Vaporeon
|-boost|p1a: Vaporeon|def|2
|move|p2a: Cresselia|Lunar Dance|p2a: Cresselia
|faint|p2a: Cresselia
|
|-heal|p1a: Vaporeon|94/100|[from] item: Leftovers
|upkeep
|inactive|tiredss has 120 seconds left.
|
|t:|1779845323
|switch|p2a: Kingambit|Kingambit, M|100/100
|-activate|p2a: Kingambit|ability: Supreme Overlord
|-start|p2a: Kingambit|fallen2|[silent]
|turn|10
|
|t:|1779845330
|move|p2a: Kingambit|Swords Dance|p2a: Kingambit
|-boost|p2a: Kingambit|atk|2
|move|p1a: Vaporeon|Scald|p2a: Kingambit
|-damage|p2a: Kingambit|74/100
|
|-heal|p2a: Kingambit|80/100|[from] item: Leftovers
|-heal|p1a: Vaporeon|99/100|[from] item: Leftovers
|upkeep
|turn|11
|
|t:|1779845346
|move|p2a: Kingambit|Kowtow Cleave|p1a: Vaporeon
|-damage|p1a: Vaporeon|44/100
|move|p1a: Vaporeon|Scald|p2a: Kingambit
|-damage|p2a: Kingambit|53/100
|-status|p2a: Kingambit|brn
|
|-heal|p2a: Kingambit|59/100 brn|[from] item: Leftovers
|-heal|p1a: Vaporeon|50/100|[from] item: Leftovers
|-damage|p2a: Kingambit|53/100 brn|[from] brn
|-fieldend|move: Trick Room
|upkeep
|turn|12
|
|t:|1779845361
|move|p2a: Kingambit|Sucker Punch||[still]
|-fail|p2a: Kingambit
|move|p1a: Vaporeon|Wish|p1a: Vaporeon
|
|-heal|p1a: Vaporeon|56/100|[from] item: Leftovers
|-heal|p2a: Kingambit|59/100 brn|[from] item: Leftovers
|-damage|p2a: Kingambit|53/100 brn|[from] brn
|upkeep
|turn|13
|
|t:|1779845379
|move|p2a: Kingambit|Sucker Punch||[still]
|-fail|p2a: Kingambit
|move|p1a: Vaporeon|Acid Armor|p1a: Vaporeon
|-boost|p1a: Vaporeon|def|2
|
|-heal|p1a: Vaporeon|100/100|[from] move: Wish|[wisher] Vaporeon
|-heal|p2a: Kingambit|59/100 brn|[from] item: Leftovers
|-damage|p2a: Kingambit|53/100 brn|[from] brn
|upkeep
|turn|14
|
|t:|1779845389
|move|p1a: Vaporeon|Scald|p2a: Kingambit
|-damage|p2a: Kingambit|26/100 brn
|move|p2a: Kingambit|Kowtow Cleave|p1a: Vaporeon
|-damage|p1a: Vaporeon|82/100
|
|-heal|p1a: Vaporeon|88/100|[from] item: Leftovers
|-heal|p2a: Kingambit|32/100 brn|[from] item: Leftovers
|-damage|p2a: Kingambit|26/100 brn|[from] brn
|upkeep
|turn|15
|
|t:|1779845400
|move|p1a: Vaporeon|Scald|p2a: Kingambit
|-damage|p2a: Kingambit|0 fnt
|faint|p2a: Kingambit
|-end|p2a: Kingambit|fallen2|[silent]
|
|-heal|p1a: Vaporeon|94/100|[from] item: Leftovers
|upkeep
|
|t:|1779845410
|switch|p2a: Porygon2|Porygon2|100/100
|-ability|p2a: Porygon2|Download|boost
|-boost|p2a: Porygon2|spa|1
|turn|16
|
|t:|1779845417
|move|p1a: Vaporeon|Scald|p2a: Porygon2
|-damage|p2a: Porygon2|84/100
|move|p2a: Porygon2|Tri Attack|p1a: Vaporeon
|-damage|p1a: Vaporeon|53/100
|-status|p1a: Vaporeon|brn
|
|-heal|p1a: Vaporeon|59/100 brn|[from] item: Leftovers
|-damage|p1a: Vaporeon|53/100 brn|[from] brn
|upkeep
|turn|17
|
|t:|1779845429
|move|p1a: Vaporeon|Scald|p2a: Porygon2
|-damage|p2a: Porygon2|68/100
|move|p2a: Porygon2|Tri Attack|p1a: Vaporeon
|-damage|p1a: Vaporeon|10/100 brn
|
|-heal|p1a: Vaporeon|17/100 brn|[from] item: Leftovers
|-damage|p1a: Vaporeon|10/100 brn|[from] brn
|upkeep
|turn|18
|
|t:|1779845439
|move|p1a: Vaporeon|Scald|p2a: Porygon2
|-damage|p2a: Porygon2|52/100
|move|p2a: Porygon2|Tri Attack|p1a: Vaporeon
|-damage|p1a: Vaporeon|0 fnt
|faint|p1a: Vaporeon
|
|upkeep
|
|t:|1779845444
|switch|p1a: Flareon|Flareon, F|94/100 tox
|turn|19
|
|t:|1779845452
|-terastallize|p1a: Flareon|Normal
|move|p1a: Flareon|Facade|p2a: Porygon2
|-damage|p2a: Porygon2|0 fnt
|faint|p2a: Porygon2
|
|-damage|p1a: Flareon|88/100 tox|[from] psn
|upkeep
|
|t:|1779845464
|switch|p2a: Glastrier|Glastrier|100/100
|turn|20
|
|t:|1779845468
|-terastallize|p2a: Glastrier|Ice
|move|p1a: Flareon|Flare Blitz|p2a: Glastrier
|-supereffective|p2a: Glastrier
|-damage|p2a: Glastrier|0 fnt
|faint|p2a: Glastrier
|-damage|p1a: Flareon|39/100 tox|[from] Recoil
|
|-damage|p1a: Flareon|27/100 tox|[from] psn
|upkeep
|
|t:|1779845482
|switch|p2a: Ursaluna|Ursaluna, F|11/100 brn
|-heal|p2a: Ursaluna|100/100|[from] move: Lunar Dance
|turn|21
|
|t:|1779845490
|move|p1a: Flareon|Facade|p2a: Ursaluna
|-damage|p2a: Ursaluna|27/100
|move|p2a: Ursaluna|Headlong Rush|p1a: Flareon
|-damage|p1a: Flareon|0 fnt
|-unboost|p2a: Ursaluna|def|1
|-unboost|p2a: Ursaluna|spd|1
|faint|p1a: Flareon
|
|-status|p2a: Ursaluna|brn|[from] item: Flame Orb
|upkeep
|
|t:|1779845495
|switch|p1a: Espeon|Espeon, M, shiny|100/100
|turn|22
|inactive|tiredss has 120 seconds left.
|
|t:|1779845505
|move|p1a: Espeon|Psychic|p2a: Ursaluna
|-damage|p2a: Ursaluna|0 fnt
|faint|p2a: Ursaluna
|
|win|pokemaster3592
|raw|pokemaster3592's rating: 1055 &rarr; <strong>1089</strong><br />(+34 for winning)
|raw|tiredss's rating: 1083 &rarr; <strong>1059</strong><br />(-24 for losing)
|l|☆pokemaster3592
|player|p1|
