|j|☆claudechamp
|j|☆louwilliamzz
|t:|1779882781
|gametype|singles
|player|p1|claudechamp|169|1351
|player|p2|louwilliamzz|1|1313
|gen|9
|tier|[Gen 9] OU
|rated|
|rule|HP Percentage Mod: HP is shown in percentages
|rule|Endless Battle Clause: Forcing endless battles is banned
|rule|Species Clause: Limit one of each Pokémon
|rule|OHKO Clause: OHKO moves are banned
|rule|Evasion Items Clause: Evasion items are banned
|rule|Evasion Moves Clause: Evasion moves are banned
|rule|Evasion Abilities Clause: Evasion abilities are banned
|rule|Sleep Moves Clause: Sleep-inducing moves are banned
|clearpoke
|poke|p1|Gliscor, M|
|poke|p1|Ogerpon, F|
|poke|p1|Walking Wake|
|poke|p1|Blissey, F|
|poke|p1|Corviknight, F|
|poke|p1|Pecharunt|
|poke|p2|Indeedee, M|
|poke|p2|Armarouge, M|
|poke|p2|Ting-Lu|
|poke|p2|Hawlucha, M|
|poke|p2|Polteageist-Antique|
|poke|p2|Hatterene, F|
|teampreview
|c|☆claudechamp|hf
|inactive|Battle timer is ON: inactive players will automatically lose when time's up. (requested by claudechamp)
|c|☆louwilliamzz|u2
|
|t:|1779882802
|teamsize|p1|6
|teamsize|p2|6
|start
|switch|p1a: Gliscor|Gliscor, M|100/100
|switch|p2a: Hatterene|Hatterene, F|100/100
|turn|1
|
|t:|1779882810
|move|p1a: Gliscor|Earthquake|p2a: Hatterene
|-damage|p2a: Hatterene|73/100
|move|p2a: Hatterene|Calm Mind|p2a: Hatterene
|-boost|p2a: Hatterene|spa|1
|-boost|p2a: Hatterene|spd|1
|
|-heal|p2a: Hatterene|79/100|[from] item: Leftovers
|-status|p1a: Gliscor|tox|[from] item: Toxic Orb
|upkeep
|turn|2
|
|t:|1779882818
|move|p1a: Gliscor|Earthquake|p2a: Hatterene
|-damage|p2a: Hatterene|50/100
|move|p2a: Hatterene|Psychic Noise|p1a: Gliscor
|-damage|p1a: Gliscor|56/100 tox
|-start|p1a: Gliscor|move: Heal Block
|
|-heal|p2a: Hatterene|56/100|[from] item: Leftovers
|upkeep
|turn|3
|
|t:|1779882823
|move|p1a: Gliscor|Earthquake|p2a: Hatterene
|-damage|p2a: Hatterene|30/100
|move|p2a: Hatterene|Draining Kiss|p1a: Gliscor
|-damage|p1a: Gliscor|27/100 tox
|-heal|p2a: Hatterene|55/100|[from] drain|[of] p1a: Gliscor
|
|-heal|p2a: Hatterene|61/100|[from] item: Leftovers
|-end|p1a: Gliscor|move: Heal Block
|upkeep
|turn|4
|
|t:|1779882829
|switch|p1a: Blissey|Blissey, F|100/100
|move|p2a: Hatterene|Draining Kiss|p1a: Blissey
|-damage|p1a: Blissey|90/100
|-heal|p2a: Hatterene|77/100|[from] drain|[of] p1a: Blissey
|
|-heal|p2a: Hatterene|83/100|[from] item: Leftovers
|upkeep
|turn|5
|
|t:|1779882840
|switch|p2a: Ting-Lu|Ting-Lu|100/100
|-ability|p2a: Ting-Lu|Vessel of Ruin
|move|p1a: Blissey|Seismic Toss|p2a: Ting-Lu
|-damage|p2a: Ting-Lu|81/100
|
|-heal|p2a: Ting-Lu|87/100|[from] item: Leftovers
|upkeep
|turn|6
|
|t:|1779882850
|move|p1a: Blissey|Stealth Rock|p2a: Ting-Lu
|-sidestart|p2: louwilliamzz|move: Stealth Rock
|move|p2a: Ting-Lu|Ruination|p1a: Blissey|[miss]
|-miss|p2a: Ting-Lu|p1a: Blissey
|
|-heal|p2a: Ting-Lu|93/100|[from] item: Leftovers
|upkeep
|turn|7
|
|t:|1779882855
|switch|p1a: Gliscor|Gliscor, M|27/100 tox
|move|p2a: Ting-Lu|Ruination|p1a: Gliscor
|-damage|p1a: Gliscor|14/100 tox
|
|-heal|p2a: Ting-Lu|99/100|[from] item: Leftovers
|-heal|p1a: Gliscor|26/100 tox|[from] ability: Poison Heal
|upkeep
|turn|8
|
|t:|1779882859
|switch|p2a: Hatterene|Hatterene, F|83/100
|-damage|p2a: Hatterene|71/100|[from] Stealth Rock
|move|p1a: Gliscor|Earthquake|p2a: Hatterene
|-damage|p2a: Hatterene|42/100
|
|-heal|p2a: Hatterene|48/100|[from] item: Leftovers
|-heal|p1a: Gliscor|39/100 tox|[from] ability: Poison Heal
|upkeep
|turn|9
|
|t:|1779882864
|move|p1a: Gliscor|Earthquake|p2a: Hatterene
|-damage|p2a: Hatterene|21/100
|move|p2a: Hatterene|Psychic Noise|p1a: Gliscor
|-damage|p1a: Gliscor|7/100 tox
|-start|p1a: Gliscor|move: Heal Block
|
|-heal|p2a: Hatterene|27/100|[from] item: Leftovers
|upkeep
|turn|10
|
|t:|1779882870
|move|p1a: Gliscor|Earthquake|p2a: Hatterene
|-damage|p2a: Hatterene|0 fnt
|faint|p2a: Hatterene
|
|-end|p1a: Gliscor|move: Heal Block
|upkeep
|
|t:|1779882883
|switch|p2a: Indeedee|Indeedee, M|100/100
|-damage|p2a: Indeedee|88/100|[from] Stealth Rock
|-fieldstart|move: Psychic Terrain|[from] ability: Psychic Surge|[of] p2a: Indeedee
|turn|11
|
|t:|1779882886
|move|p2a: Indeedee|Psyshock|p1a: Gliscor
|-damage|p1a: Gliscor|0 fnt
|faint|p1a: Gliscor
|
|upkeep
|
|t:|1779882890
|switch|p1a: Ogerpon|Ogerpon, F|100/100
|turn|12
|inactive|louwilliamzz has 120 seconds left.
|
|t:|1779882929
|switch|p2a: Polteageist|Polteageist-Antique|100/100
|-damage|p2a: Polteageist|88/100|[from] Stealth Rock
|move|p1a: Ogerpon|Ivy Cudgel|p2a: Polteageist
|-damage|p2a: Polteageist|0 fnt
|faint|p2a: Polteageist
|
|upkeep
|
|t:|1779882943
|switch|p2a: Armarouge|Armarouge, M|100/100
|turn|13
|
|t:|1779882959
|move|p1a: Ogerpon|Ivy Cudgel|p2a: Armarouge
|-resisted|p2a: Armarouge
|-damage|p2a: Armarouge|75/100
|-ability|p2a: Armarouge|Weak Armor|boost
|-unboost|p2a: Armarouge|def|1
|-boost|p2a: Armarouge|spe|2
|move|p2a: Armarouge|Armor Cannon|p1a: Ogerpon
|-supereffective|p1a: Ogerpon
|-damage|p1a: Ogerpon|0 fnt
|-unboost|p2a: Armarouge|def|1
|-unboost|p2a: Armarouge|spd|1
|faint|p1a: Ogerpon
|
|upkeep
|
|t:|1779882963
|switch|p1a: Walking Wake|Walking Wake|100/100
|turn|14
|
|t:|1779882976
|move|p2a: Armarouge|Expanding Force|p1a: Walking Wake
|-damage|p1a: Walking Wake|5/100
|move|p1a: Walking Wake|Surf|p2a: Armarouge
|-supereffective|p2a: Armarouge
|-damage|p2a: Armarouge|0 fnt
|faint|p2a: Armarouge
|
|upkeep
|inactive|louwilliamzz has 90 seconds left.
|
|t:|1779883003
|switch|p2a: Hawlucha|Hawlucha, M|100/100
|-damage|p2a: Hawlucha|88/100|[from] Stealth Rock
|-enditem|p2a: Hawlucha|Psychic Seed
|-boost|p2a: Hawlucha|spd|1|[from] item: Psychic Seed
|turn|15
|inactive|louwilliamzz has 90 seconds left.
|
|t:|1779883020
|-terastallize|p1a: Walking Wake|Water
|move|p2a: Hawlucha|Acrobatics|p1a: Walking Wake
|-damage|p1a: Walking Wake|0 fnt
|faint|p1a: Walking Wake
|-end|p1a: Walking Wake|Protosynthesis|[silent]
|
|upkeep
|
|t:|1779883029
|switch|p1a: Pecharunt|Pecharunt|100/100
|turn|16
|
|t:|1779883039
|switch|p2a: Ting-Lu|Ting-Lu|99/100
|-damage|p2a: Ting-Lu|93/100|[from] Stealth Rock
|-ability|p2a: Ting-Lu|Vessel of Ruin
|move|p1a: Pecharunt|Malignant Chain|p2a: Ting-Lu
|-resisted|p2a: Ting-Lu
|-damage|p2a: Ting-Lu|87/100
|
|-heal|p2a: Ting-Lu|93/100|[from] item: Leftovers
|upkeep
|turn|17
|inactive|louwilliamzz has 90 seconds left.
|
|t:|1779883059
|move|p1a: Pecharunt|Parting Shot|p2a: Ting-Lu
|-unboost|p2a: Ting-Lu|atk|1
|-unboost|p2a: Ting-Lu|spa|1
|
|t:|1779883072
|switch|p1a: Corviknight|Corviknight, F|100/100|[from] Parting Shot
|-ability|p1a: Corviknight|Pressure
|move|p2a: Ting-Lu|Ruination|p1a: Corviknight
|-damage|p1a: Corviknight|51/100
|
|-heal|p2a: Ting-Lu|99/100|[from] item: Leftovers
|upkeep
|turn|18
|inactive|louwilliamzz has 90 seconds left.
|
|t:|1779883088
|move|p1a: Corviknight|Roost|p1a: Corviknight
|-heal|p1a: Corviknight|100/100
|-singleturn|p1a: Corviknight|move: Roost
|move|p2a: Ting-Lu|Earthquake|p1a: Corviknight
|-supereffective|p1a: Corviknight
|-damage|p1a: Corviknight|65/100
|
|-heal|p2a: Ting-Lu|100/100|[from] item: Leftovers
|-fieldend|move: Psychic Terrain
|upkeep
|turn|19
|inactive|louwilliamzz has 90 seconds left.
|
|t:|1779883096
|move|p1a: Corviknight|Body Press|p2a: Ting-Lu
|-supereffective|p2a: Ting-Lu
|-damage|p2a: Ting-Lu|73/100
|move|p2a: Ting-Lu|Ruination|p1a: Corviknight
|-damage|p1a: Corviknight|33/100
|
|-heal|p2a: Ting-Lu|79/100|[from] item: Leftovers
|upkeep
|turn|20
|
|t:|1779883109
|move|p1a: Corviknight|Body Press|p2a: Ting-Lu
|-supereffective|p2a: Ting-Lu
|-crit|p2a: Ting-Lu
|-damage|p2a: Ting-Lu|40/100
|move|p2a: Ting-Lu|Earthquake|p1a: Corviknight
|-immune|p1a: Corviknight
|
|-heal|p2a: Ting-Lu|46/100|[from] item: Leftovers
|upkeep
|turn|21
|inactive|louwilliamzz has 90 seconds left.
|
|t:|1779883127
|switch|p2a: Hawlucha|Hawlucha, M|88/100
|-damage|p2a: Hawlucha|76/100|[from] Stealth Rock
|move|p1a: Corviknight|Body Press|p2a: Hawlucha
|-resisted|p2a: Hawlucha
|-damage|p2a: Hawlucha|58/100
|
|upkeep
|turn|22
|
|t:|1779883134
|move|p2a: Hawlucha|Swords Dance|p2a: Hawlucha
|-boost|p2a: Hawlucha|atk|2
|move|p1a: Corviknight|Roost|p1a: Corviknight
|-heal|p1a: Corviknight|83/100
|-singleturn|p1a: Corviknight|move: Roost
|
|upkeep
|turn|23
|
|t:|1779883144
|move|p2a: Hawlucha|Fire Punch|p1a: Corviknight
|-supereffective|p1a: Corviknight
|-damage|p1a: Corviknight|23/100
|move|p1a: Corviknight|U-turn|p2a: Hawlucha
|-resisted|p2a: Hawlucha
|-damage|p2a: Hawlucha|53/100
|
|t:|1779883157
|switch|p1a: Pecharunt|Pecharunt|100/100|[from] U-turn
|
|upkeep
|turn|24
|
|t:|1779883173
|switch|p2a: Ting-Lu|Ting-Lu|46/100
|-damage|p2a: Ting-Lu|40/100|[from] Stealth Rock
|-ability|p2a: Ting-Lu|Vessel of Ruin
|move|p1a: Pecharunt|Malignant Chain|p2a: Ting-Lu
|-resisted|p2a: Ting-Lu
|-damage|p2a: Ting-Lu|33/100
|-status|p2a: Ting-Lu|tox
|-start|p2a: Ting-Lu|confusion|[from] ability: Poison Puppeteer|[of] p1a: Pecharunt
|
|-heal|p2a: Ting-Lu|39/100 tox|[from] item: Leftovers
|-damage|p2a: Ting-Lu|33/100 tox|[from] psn
|upkeep
|turn|25
|
|t:|1779883199
|switch|p2a: Indeedee|Indeedee, M|88/100
|-damage|p2a: Indeedee|76/100|[from] Stealth Rock
|-fieldstart|move: Psychic Terrain|[from] ability: Psychic Surge|[of] p2a: Indeedee
|move|p1a: Pecharunt|Parting Shot|p2a: Indeedee
|-unboost|p2a: Indeedee|atk|1
|-unboost|p2a: Indeedee|spa|1
|
|t:|1779883208
|switch|p1a: Corviknight|Corviknight, F|23/100|[from] Parting Shot
|-ability|p1a: Corviknight|Pressure
|
|upkeep
|turn|26
|inactive|claudechamp has 120 seconds left.
|
|t:|1779883228
|move|p2a: Indeedee|Healing Wish|p2a: Indeedee
|faint|p2a: Indeedee
|move|p1a: Corviknight|Roost|p1a: Corviknight
|-heal|p1a: Corviknight|73/100
|-singleturn|p1a: Corviknight|move: Roost
|
|upkeep
|
|t:|1779883234
|switch|p2a: Hawlucha|Hawlucha, M|53/100
|-heal|p2a: Hawlucha|100/100|[from] move: Healing Wish
|-damage|p2a: Hawlucha|88/100|[from] Stealth Rock
|turn|27
|
|t:|1779883244
|move|p2a: Hawlucha|Swords Dance|p2a: Hawlucha
|-boost|p2a: Hawlucha|atk|2
|move|p1a: Corviknight|Body Press|p2a: Hawlucha
|-resisted|p2a: Hawlucha
|-damage|p2a: Hawlucha|69/100
|
|upkeep
|turn|28
|
|t:|1779883262
|move|p2a: Hawlucha|Swords Dance|p2a: Hawlucha
|-boost|p2a: Hawlucha|atk|2
|move|p1a: Corviknight|U-turn|p2a: Hawlucha
|-resisted|p2a: Hawlucha
|-damage|p2a: Hawlucha|64/100
|inactive|claudechamp has 120 seconds left.
|
|t:|1779883283
|switch|p1a: Pecharunt|Pecharunt|100/100|[from] U-turn
|
|upkeep
|turn|29
|
|t:|1779883299
|move|p2a: Hawlucha|Acrobatics|p1a: Pecharunt
|-damage|p1a: Pecharunt|26/100
|move|p1a: Pecharunt|Malignant Chain|p2a: Hawlucha
|-damage|p2a: Hawlucha|22/100
|-status|p2a: Hawlucha|tox
|-start|p2a: Hawlucha|confusion|[from] ability: Poison Puppeteer|[of] p1a: Pecharunt
|
|-damage|p2a: Hawlucha|16/100 tox|[from] psn
|upkeep
|turn|30
|
|t:|1779883317
|switch|p1a: Corviknight|Corviknight, F|73/100
|-ability|p1a: Corviknight|Pressure
|-activate|p2a: Hawlucha|confusion
|-damage|p2a: Hawlucha|0 fnt|[from] confusion
|faint|p2a: Hawlucha
|
|upkeep
|-message|louwilliamzz forfeited.
|
|win|claudechamp
|raw|claudechamp's rating: 1351 &rarr; <strong>1369</strong><br />(+18 for winning)
|raw|louwilliamzz's rating: 1313 &rarr; <strong>1295</strong><br />(-18 for losing)
|l|☆louwilliamzz
|player|p2|
|c|☆claudechamp|gg
