|j|☆Cfrix
|j|☆Chinatownz
|t:|1779875829
|gametype|singles
|player|p1|Cfrix|cynthia|1194
|player|p2|Chinatownz|fisherman-gen4|1284
|gen|9
|tier|[Gen 9] OU
|rated|
|rule|HP Percentage Mod: HP is shown in percentages
|rule|Endless Battle Clause: Forcing endless battles is banned
|rule|Species Clause: Limit one of each Pokémon
|rule|OHKO Clause: OHKO moves are banned
|rule|Evasion Items Clause: Evasion items are banned
|rule|Evasion Moves Clause: Evasion moves are banned
|rule|Evasion Abilities Clause: Evasion abilities are banned
|rule|Sleep Moves Clause: Sleep-inducing moves are banned
|clearpoke
|poke|p1|Alomomola, M|
|poke|p1|Gliscor, M|
|poke|p1|Great Tusk|
|poke|p1|Gholdengo|
|poke|p1|Dragapult, F|
|poke|p1|Zamazenta-*|
|poke|p2|Pelipper, F|
|poke|p2|Landorus-Therian, M|
|poke|p2|Barraskewda, M|
|poke|p2|Iron Treads|
|poke|p2|Regieleki|
|poke|p2|Honchkrow, M|
|teampreview
|inactive|Battle timer is ON: inactive players will automatically lose when time's up. (requested by Chinatownz)
|
|t:|1779875849
|teamsize|p1|6
|teamsize|p2|6
|start
|switch|p1a: Gholdengo|Gholdengo|100/100
|switch|p2a: Pelipper|Pelipper, F|100/100
|-item|p1a: Gholdengo|Air Balloon
|-weather|RainDance|[from] ability: Drizzle|[of] p2a: Pelipper
|turn|1
|
|t:|1779875859
|switch|p2a: Honchkrow|Honchkrow, M|100/100
|move|p1a: Gholdengo|Shadow Ball|p2a: Honchkrow
|-resisted|p2a: Honchkrow
|-damage|p2a: Honchkrow|65/100
|
|-weather|RainDance|[upkeep]
|upkeep
|turn|2
|
|t:|1779875868
|switch|p1a: Zamazenta|Zamazenta|100/100
|-ability|p1a: Zamazenta|Dauntless Shield|boost
|-boost|p1a: Zamazenta|def|1
|move|p2a: Honchkrow|Night Slash|p1a: Zamazenta
|-resisted|p1a: Zamazenta
|-damage|p1a: Zamazenta|89/100
|
|-weather|RainDance|[upkeep]
|-heal|p1a: Zamazenta|96/100|[from] item: Leftovers
|upkeep
|turn|3
|
|t:|1779875879
|switch|p2a: Landorus|Landorus-Therian, M|100/100
|-ability|p2a: Landorus|Intimidate|boost
|-unboost|p1a: Zamazenta|atk|1
|move|p1a: Zamazenta|Heavy Slam|p2a: Landorus
|-damage|p2a: Landorus|83/100
|
|-weather|RainDance|[upkeep]
|-heal|p1a: Zamazenta|100/100|[from] item: Leftovers
|upkeep
|turn|4
|
|t:|1779875889
|move|p2a: Landorus|U-turn|p1a: Zamazenta
|-resisted|p1a: Zamazenta
|-damage|p1a: Zamazenta|95/100
|
|t:|1779875893
|switch|p2a: Pelipper|Pelipper, F|100/100|[from] U-turn
|move|p1a: Zamazenta|Roar|p2a: Pelipper
|drag|p2a: Honchkrow|Honchkrow, M|65/100
|
|-weather|RainDance|[upkeep]
|-heal|p1a: Zamazenta|100/100|[from] item: Leftovers
|upkeep
|turn|5
|
|t:|1779875905
|move|p1a: Zamazenta|Heavy Slam|p2a: Honchkrow
|-damage|p2a: Honchkrow|27/100
|move|p2a: Honchkrow|Brave Bird|p1a: Zamazenta
|-supereffective|p1a: Zamazenta
|-damage|p1a: Zamazenta|37/100
|-damage|p2a: Honchkrow|3/100|[from] Recoil
|
|-weather|RainDance|[upkeep]
|-heal|p1a: Zamazenta|43/100|[from] item: Leftovers
|upkeep
|turn|6
|
|t:|1779875914
|switch|p2a: Landorus|Landorus-Therian, M|83/100
|-ability|p2a: Landorus|Intimidate|boost
|-unboost|p1a: Zamazenta|atk|1
|move|p1a: Zamazenta|Iron Defense|p1a: Zamazenta
|-boost|p1a: Zamazenta|def|2
|
|-weather|RainDance|[upkeep]
|-heal|p1a: Zamazenta|49/100|[from] item: Leftovers
|upkeep
|turn|7
|
|t:|1779875924
|move|p2a: Landorus|Weather Ball|p1a: Zamazenta
|-damage|p1a: Zamazenta|0 fnt
|faint|p1a: Zamazenta
|
|-weather|RainDance|[upkeep]
|upkeep
|
|t:|1779875929
|switch|p1a: Gliscor|Gliscor, M|100/100
|turn|8
|
|t:|1779875934
|move|p2a: Landorus|Weather Ball|p1a: Gliscor
|-supereffective|p1a: Gliscor
|-damage|p1a: Gliscor|0 fnt
|faint|p1a: Gliscor
|
|-weather|none
|upkeep
|
|t:|1779875940
|switch|p1a: Alomomola|Alomomola, M|100/100
|turn|9
|
|t:|1779875947
|switch|p2a: Regieleki|Regieleki, shiny|100/100
|move|p1a: Alomomola|Scald|p2a: Regieleki
|-damage|p2a: Regieleki|73/100
|-status|p2a: Regieleki|brn
|
|-damage|p2a: Regieleki|67/100 brn|[from] brn
|upkeep
|turn|10
|
|t:|1779875955
|switch|p2a: Pelipper|Pelipper, F|100/100
|-weather|RainDance|[from] ability: Drizzle|[of] p2a: Pelipper
|move|p1a: Alomomola|Protect||[still]
|-fail|p1a: Alomomola
|
|-weather|RainDance|[upkeep]
|upkeep
|turn|11
|
|t:|1779875960
|move|p2a: Pelipper|Hurricane|p1a: Alomomola
|-damage|p1a: Alomomola|59/100
|-start|p1a: Alomomola|confusion
|-activate|p1a: Alomomola|confusion
|-damage|p1a: Alomomola|55/100|[from] confusion
|
|-weather|RainDance|[upkeep]
|upkeep
|turn|12
|
|t:|1779875970
|switch|p1a: Gholdengo|Gholdengo|100/100
|-item|p1a: Gholdengo|Air Balloon
|move|p2a: Pelipper|Hurricane|p1a: Gholdengo
|-resisted|p1a: Gholdengo
|-damage|p1a: Gholdengo|80/100
|-enditem|p1a: Gholdengo|Air Balloon
|
|-weather|RainDance|[upkeep]
|upkeep
|turn|13
|
|t:|1779875977
|switch|p2a: Iron Treads|Iron Treads|100/100
|-enditem|p2a: Iron Treads|Booster Energy
|-activate|p2a: Iron Treads|ability: Quark Drive|[fromitem]
|-start|p2a: Iron Treads|quarkdrivespe
|move|p1a: Gholdengo|Nasty Plot|p1a: Gholdengo
|-boost|p1a: Gholdengo|spa|2
|
|-weather|RainDance|[upkeep]
|upkeep
|turn|14
|
|t:|1779875981
|move|p2a: Iron Treads|Earthquake|p1a: Gholdengo
|-supereffective|p1a: Gholdengo
|-damage|p1a: Gholdengo|0 fnt
|faint|p1a: Gholdengo
|
|-weather|RainDance|[upkeep]
|upkeep
|
|t:|1779875984
|switch|p1a: Dragapult|Dragapult, F|100/100
|turn|15
|
|t:|1779875992
|move|p2a: Iron Treads|Steel Beam|p1a: Dragapult
|-damage|p1a: Dragapult|46/100
|-damage|p2a: Iron Treads|50/100|[from] steelbeam
|move|p1a: Dragapult|Flamethrower|p2a: Iron Treads
|-supereffective|p2a: Iron Treads
|-damage|p2a: Iron Treads|7/100
|
|-weather|RainDance|[upkeep]
|upkeep
|turn|16
|
|t:|1779876002
|switch|p1a: Alomomola|Alomomola, M|88/100
|move|p2a: Iron Treads|Steel Beam|p1a: Alomomola
|-resisted|p1a: Alomomola
|-damage|p1a: Alomomola|67/100
|-damage|p2a: Iron Treads|0 fnt|[from] steelbeam
|faint|p2a: Iron Treads
|-end|p2a: Iron Treads|Quark Drive|[silent]
|
|-weather|RainDance|[upkeep]
|upkeep
|
|t:|1779876014
|switch|p2a: Regieleki|Regieleki, shiny|67/100 brn
|turn|17
|
|t:|1779876021
|switch|p1a: Great Tusk|Great Tusk|100/100
|move|p2a: Regieleki|Thunder|p1a: Great Tusk
|-immune|p1a: Great Tusk
|
|-weather|none
|-damage|p2a: Regieleki|61/100 brn|[from] brn
|upkeep
|turn|18
|
|t:|1779876030
|switch|p2a: Pelipper|Pelipper, F|100/100
|-weather|RainDance|[from] ability: Drizzle|[of] p2a: Pelipper
|move|p1a: Great Tusk|Knock Off|p2a: Pelipper
|-damage|p2a: Pelipper|80/100
|-enditem|p2a: Pelipper|Damp Rock|[from] move: Knock Off|[of] p1a: Great Tusk
|
|-weather|RainDance|[upkeep]
|upkeep
|turn|19
|
|t:|1779876039
|move|p1a: Great Tusk|Stealth Rock|p2a: Pelipper
|-sidestart|p2: Chinatownz|move: Stealth Rock
|move|p2a: Pelipper|Hurricane|p1a: Great Tusk
|-supereffective|p1a: Great Tusk
|-damage|p1a: Great Tusk|0 fnt
|faint|p1a: Great Tusk
|-end|p1a: Great Tusk|Protosynthesis|[silent]
|
|-weather|RainDance|[upkeep]
|upkeep
|
|t:|1779876043
|switch|p1a: Dragapult|Dragapult, F|46/100
|turn|20
|
|t:|1779876048
|switch|p2a: Regieleki|Regieleki, shiny|61/100 brn
|-damage|p2a: Regieleki|49/100 brn|[from] Stealth Rock
|move|p1a: Dragapult|U-turn|p2a: Regieleki
|-damage|p2a: Regieleki|17/100 brn
|
|t:|1779876054
|switch|p1a: Alomomola|Alomomola, M|99/100|[from] U-turn
|
|-weather|RainDance|[upkeep]
|-damage|p2a: Regieleki|11/100 brn|[from] brn
|upkeep
|turn|21
|
|t:|1779876058
|move|p1a: Alomomola|Protect|p1a: Alomomola
|-singleturn|p1a: Alomomola|Protect
|move|p2a: Regieleki|Thunder|p1a: Alomomola
|-activate|p1a: Alomomola|move: Protect
|
|-weather|RainDance|[upkeep]
|-damage|p2a: Regieleki|5/100 brn|[from] brn
|upkeep
|turn|22
|
|t:|1779876068
|switch|p1a: Dragapult|Dragapult, F|46/100
|move|p2a: Regieleki|Thunder|p1a: Dragapult
|-resisted|p1a: Dragapult
|-damage|p1a: Dragapult|0 fnt
|faint|p1a: Dragapult
|
|-weather|RainDance|[upkeep]
|-damage|p2a: Regieleki|0 fnt|[from] brn
|faint|p2a: Regieleki
|upkeep
|
|t:|1779876075
|switch|p2a: Landorus|Landorus-Therian, M|83/100
|switch|p1a: Alomomola|Alomomola, M|100/100
|-damage|p2a: Landorus|70/100|[from] Stealth Rock
|-ability|p2a: Landorus|Intimidate|boost
|-unboost|p1a: Alomomola|atk|1
|turn|23
|
|t:|1779876081
|move|p2a: Landorus|Sludge Bomb|p1a: Alomomola
|-damage|p1a: Alomomola|52/100
|-status|p1a: Alomomola|psn
|move|p1a: Alomomola|Wish|p1a: Alomomola
|
|-weather|RainDance|[upkeep]
|-damage|p1a: Alomomola|39/100 psn|[from] psn
|upkeep
|turn|24
|
|t:|1779876088
|move|p1a: Alomomola|Protect|p1a: Alomomola
|-singleturn|p1a: Alomomola|Protect
|move|p2a: Landorus|Sludge Bomb|p1a: Alomomola
|-activate|p1a: Alomomola|move: Protect
|
|-weather|RainDance|[upkeep]
|-heal|p1a: Alomomola|89/100 psn|[from] move: Wish|[wisher] Alomomola
|-damage|p1a: Alomomola|77/100 psn|[from] psn
|upkeep
|turn|25
|
|t:|1779876095
|move|p2a: Landorus|Sludge Bomb|p1a: Alomomola
|-damage|p1a: Alomomola|33/100 psn
|move|p1a: Alomomola|Scald|p2a: Landorus
|-supereffective|p2a: Landorus
|-damage|p2a: Landorus|15/100
|
|-weather|none
|-damage|p1a: Alomomola|20/100 psn|[from] psn
|upkeep
|turn|26
|
|t:|1779876105
|move|p1a: Alomomola|Protect|p1a: Alomomola
|-singleturn|p1a: Alomomola|Protect
|move|p2a: Landorus|Sludge Bomb|p1a: Alomomola
|-activate|p1a: Alomomola|move: Protect
|
|-damage|p1a: Alomomola|8/100 psn|[from] psn
|upkeep
|turn|27
|
|t:|1779876108
|move|p2a: Landorus|Sludge Bomb|p1a: Alomomola
|-damage|p1a: Alomomola|0 fnt
|faint|p1a: Alomomola
|
|win|Chinatownz
|raw|Cfrix's rating: 1194 &rarr; <strong>1175</strong><br />(-19 for losing)
|raw|Chinatownz's rating: 1284 &rarr; <strong>1303</strong><br />(+19 for winning)
|l|☆Cfrix
|player|p1|
|l|☆Chinatownz
|player|p2|
