|j|☆killbot18
|j|☆bald wooper
|t:|1779961413
|gametype|singles
|player|p1|killbot18|169|1461
|player|p2|bald wooper|101|1513
|gen|9
|tier|[Gen 9] OU
|rated|
|rule|HP Percentage Mod: HP is shown in percentages
|rule|Endless Battle Clause: Forcing endless battles is banned
|rule|Species Clause: Limit one of each Pokémon
|rule|OHKO Clause: OHKO moves are banned
|rule|Evasion Items Clause: Evasion items are banned
|rule|Evasion Moves Clause: Evasion moves are banned
|rule|Evasion Abilities Clause: Evasion abilities are banned
|rule|Sleep Moves Clause: Sleep-inducing moves are banned
|clearpoke
|poke|p1|Landorus-Therian, M|
|poke|p1|Samurott-Hisui, M|
|poke|p1|Hoopa-Unbound|
|poke|p1|Slowking-Galar, F|
|poke|p1|Dragapult, M|
|poke|p1|Kingambit, M|
|poke|p2|Regieleki|
|poke|p2|Dragapult, M|
|poke|p2|Alomomola, F|
|poke|p2|Iron Crown|
|poke|p2|Ogerpon-Wellspring, F|
|poke|p2|Meowscarada, F|
|teampreview
|
|t:|1779961424
|teamsize|p1|6
|teamsize|p2|6
|start
|switch|p1a: Landorus|Landorus-Therian, M|100/100
|switch|p2a: Meowscarada|Meowscarada, F|100/100
|-ability|p1a: Landorus|Intimidate|boost
|-unboost|p2a: Meowscarada|atk|1
|turn|1
|inactive|Battle timer is ON: inactive players will automatically lose when time's up. (requested by bald wooper)
|
|t:|1779961438
|move|p2a: Meowscarada|Triple Axel|p1a: Landorus
|-start|p2a: Meowscarada|typechange|Ice|[from] ability: Protean
|-supereffective|p1a: Landorus
|-damage|p1a: Landorus|65/100
|-damage|p2a: Meowscarada|84/100|[from] item: Rocky Helmet|[of] p1a: Landorus
|-supereffective|p1a: Landorus
|-damage|p1a: Landorus|0 fnt
|-damage|p2a: Meowscarada|68/100|[from] item: Rocky Helmet|[of] p1a: Landorus
|faint|p1a: Landorus
|-hitcount|p1: Landorus|2
|
|upkeep
|
|t:|1779961448
|switch|p1a: Samurott|Samurott-Hisui, M|100/100
|turn|2
|
|t:|1779961456
|switch|p2a: Alomomola|Alomomola, F|100/100
|move|p1a: Samurott|Ceaseless Edge|p2a: Alomomola
|-damage|p2a: Alomomola|68/100
|-sidestart|p2: bald wooper|Spikes
|
|upkeep
|turn|3
|
|t:|1779961460
|move|p1a: Samurott|Ceaseless Edge|p2a: Alomomola
|-damage|p2a: Alomomola|32/100
|-sidestart|p2: bald wooper|Spikes
|move|p2a: Alomomola|Flip Turn|p1a: Samurott
|-resisted|p1a: Samurott
|-damage|p1a: Samurott|91/100
|
|t:|1779961466
|switch|p2a: Regieleki|Regieleki|100/100|[from] Flip Turn
|
|upkeep
|turn|4
|
|t:|1779961472
|-terastallize|p1a: Samurott|Ghost
|move|p2a: Regieleki|Volt Switch|p1a: Samurott
|-damage|p1a: Samurott|29/100
|
|t:|1779961479
|switch|p2a: Meowscarada|Meowscarada, F|68/100|[from] Volt Switch
|-damage|p2a: Meowscarada|51/100|[from] Spikes
|move|p1a: Samurott|Ceaseless Edge|p2a: Meowscarada
|-resisted|p2a: Meowscarada
|-damage|p2a: Meowscarada|19/100
|-sidestart|p2: bald wooper|Spikes
|
|upkeep
|turn|5
|
|t:|1779961484
|move|p1a: Samurott|Ceaseless Edge|p2a: Meowscarada
|-resisted|p2a: Meowscarada
|-crit|p2a: Meowscarada
|-damage|p2a: Meowscarada|0 fnt
|faint|p2a: Meowscarada
|
|upkeep
|
|t:|1779961490
|switch|p2a: Regieleki|Regieleki|100/100
|turn|6
|
|t:|1779961499
|move|p2a: Regieleki|Thunderbolt|p1a: Samurott
|-damage|p1a: Samurott|0 fnt
|faint|p1a: Samurott
|
|upkeep
|
|t:|1779961507
|switch|p1a: Dragapult|Dragapult, M|100/100
|turn|7
|
|t:|1779961517
|move|p2a: Regieleki|Volt Switch|p1a: Dragapult
|-resisted|p1a: Dragapult
|-damage|p1a: Dragapult|71/100
|
|t:|1779961521
|switch|p2a: Alomomola|Alomomola, F|65/100|[from] Volt Switch
|-damage|p2a: Alomomola|40/100|[from] Spikes
|move|p1a: Dragapult|U-turn|p2a: Alomomola
|-damage|p2a: Alomomola|27/100
|
|t:|1779961526
|switch|p1a: Hoopa|Hoopa-Unbound|100/100|[from] U-turn
|
|upkeep
|turn|8
|
|t:|1779961531
|move|p1a: Hoopa|Knock Off|p2a: Alomomola
|-damage|p2a: Alomomola|0 fnt
|-enditem|p2a: Alomomola|Assault Vest|[from] move: Knock Off|[of] p1a: Hoopa
|faint|p2a: Alomomola
|
|upkeep
|
|t:|1779961536
|switch|p2a: Ogerpon|Ogerpon-Wellspring, F|100/100
|-damage|p2a: Ogerpon|76/100|[from] Spikes
|turn|9
|
|t:|1779961542
|switch|p1a: Kingambit|Kingambit, M|100/100
|-activate|p1a: Kingambit|ability: Supreme Overlord
|-start|p1a: Kingambit|fallen2|[silent]
|move|p2a: Ogerpon|Spikes|p1a: Kingambit
|-sidestart|p1: killbot18|Spikes
|
|upkeep
|turn|10
|
|t:|1779961557
|move|p2a: Ogerpon|Ivy Cudgel|p1a: Kingambit|[anim] Ivy Cudgel Water
|-crit|p1a: Kingambit
|-damage|p1a: Kingambit|40/100
|move|p1a: Kingambit|Kowtow Cleave|p2a: Ogerpon
|-damage|p2a: Ogerpon|13/100
|
|-heal|p1a: Kingambit|46/100|[from] item: Leftovers
|upkeep
|turn|11
|
|t:|1779961577
|move|p2a: Ogerpon|Spikes|p1a: Kingambit
|-sidestart|p1: killbot18|Spikes
|move|p1a: Kingambit|Swords Dance|p1a: Kingambit
|-boost|p1a: Kingambit|atk|2
|
|-heal|p1a: Kingambit|52/100|[from] item: Leftovers
|upkeep
|turn|12
|
|t:|1779961580
|move|p1a: Kingambit|Sucker Punch||[still]
|-fail|p1a: Kingambit
|move|p2a: Ogerpon|Encore|p1a: Kingambit
|-start|p1a: Kingambit|Encore
|
|-heal|p1a: Kingambit|58/100|[from] item: Leftovers
|upkeep
|turn|13
|
|t:|1779961588
|-end|p1a: Kingambit|fallen2|[silent]
|switch|p1a: Dragapult|Dragapult, M|71/100
|move|p2a: Ogerpon|Spikes|p1a: Dragapult
|-sidestart|p1: killbot18|Spikes
|
|upkeep
|turn|14
|
|t:|1779961601
|move|p1a: Dragapult|U-turn|p2a: Ogerpon
|-supereffective|p2a: Ogerpon
|-damage|p2a: Ogerpon|0 fnt
|faint|p2a: Ogerpon
|
|t:|1779961612
|switch|p1a: Hoopa|Hoopa-Unbound|100/100|[from] U-turn
|
|upkeep
|inactive|bald wooper has 120 seconds left.
|
|t:|1779961643
|switch|p2a: Dragapult|Dragapult, M|100/100
|turn|15
|
|t:|1779961652
|switch|p1a: Slowking|Slowking-Galar, F|100/100
|move|p2a: Dragapult|U-turn|p1a: Slowking
|-damage|p1a: Slowking|77/100
|
|t:|1779961659
|switch|p2a: Iron Crown|Iron Crown|100/100|[from] U-turn
|-damage|p2a: Iron Crown|76/100|[from] Spikes
|
|upkeep
|turn|16
|
|t:|1779961663
|move|p2a: Iron Crown|Tachyon Cutter|p1a: Slowking
|-damage|p1a: Slowking|55/100
|-damage|p1a: Slowking|31/100
|-hitcount|p1a: Slowking|2
|move|p1a: Slowking|Thunder Wave|p2a: Iron Crown
|-status|p2a: Iron Crown|par
|
|upkeep
|turn|17
|
|t:|1779961673
|move|p2a: Iron Crown|Tachyon Cutter|p1a: Slowking
|-damage|p1a: Slowking|11/100
|-damage|p1a: Slowking|0 fnt
|faint|p1a: Slowking
|-hitcount|p1: Slowking|2
|
|upkeep
|
|t:|1779961676
|switch|p1a: Hoopa|Hoopa-Unbound|100/100
|turn|18
|
|t:|1779961695
|move|p1a: Hoopa|Knock Off|p2a: Iron Crown
|-supereffective|p2a: Iron Crown
|-damage|p2a: Iron Crown|0 fnt
|-enditem|p2a: Iron Crown|Choice Specs|[from] move: Knock Off|[of] p1a: Hoopa
|faint|p2a: Iron Crown
|-end|p2a: Iron Crown|Quark Drive|[silent]
|
|upkeep
|
|t:|1779961698
|switch|p2a: Dragapult|Dragapult, M|100/100
|turn|19
|
|t:|1779961705
|move|p2a: Dragapult|U-turn|p1a: Hoopa
|-supereffective|p1a: Hoopa
|-damage|p1a: Hoopa|0 fnt
|faint|p1a: Hoopa
|
|t:|1779961708
|switch|p2a: Regieleki|Regieleki|100/100|[from] U-turn
|
|upkeep
|
|t:|1779961718
|switch|p1a: Kingambit|Kingambit, M|58/100
|-damage|p1a: Kingambit|33/100|[from] Spikes
|-activate|p1a: Kingambit|ability: Supreme Overlord
|-start|p1a: Kingambit|fallen4|[silent]
|turn|20
|
|t:|1779961724
|-terastallize|p2a: Regieleki|Electric
|move|p1a: Kingambit|Sucker Punch|p2a: Regieleki
|-damage|p2a: Regieleki|0 fnt
|faint|p2a: Regieleki
|
|-heal|p1a: Kingambit|40/100|[from] item: Leftovers
|upkeep
|
|t:|1779961728
|switch|p2a: Dragapult|Dragapult, M|100/100
|turn|21
|-message|bald wooper forfeited.
|
|win|killbot18
|raw|killbot18's rating: 1461 &rarr; <strong>1484</strong><br />(+23 for winning)
|raw|bald wooper's rating: 1513 &rarr; <strong>1490</strong><br />(-23 for losing)
|l|☆bald wooper
|player|p2|
