|badge|p1|bronze|gen9ubers|100-9
|uhtml|medal-msg|<div class="broadcast-blue">Curious what those medals under the avatar are? PS now has Ladder Seasons! For more information, check out the <a href="https://www.smogon.com/forums/threads/3740067/">thread on Smogon.</a></div>
|j|☆itztrip
|j|‽ClRCUS MAXIMUS
|t:|1779910017
|gametype|singles
|player|p1|itztrip|proton|1556
|player|p2|ClRCUS MAXIMUS|rood|1824
|gen|9
|tier|[Gen 9] OU
|rated|
|rule|HP Percentage Mod: HP is shown in percentages
|rule|Endless Battle Clause: Forcing endless battles is banned
|rule|Species Clause: Limit one of each Pokémon
|rule|OHKO Clause: OHKO moves are banned
|rule|Evasion Items Clause: Evasion items are banned
|rule|Evasion Moves Clause: Evasion moves are banned
|rule|Evasion Abilities Clause: Evasion abilities are banned
|rule|Sleep Moves Clause: Sleep-inducing moves are banned
|clearpoke
|poke|p1|Darkrai|
|poke|p1|Garchomp, M|
|poke|p1|Alomomola, F|
|poke|p1|Corviknight, F|
|poke|p1|Weezing-Galar, M|
|poke|p1|Ogerpon, F|
|poke|p2|Enamorus, F|
|poke|p2|Gholdengo|
|poke|p2|Ogerpon-Cornerstone, F|
|poke|p2|Great Tusk|
|poke|p2|Araquanid, F|
|poke|p2|Manaphy|
|teampreview
|inactive|Battle timer is ON: inactive players will automatically lose when time's up. (requested by itztrip)
|
|t:|1779910030
|teamsize|p1|6
|teamsize|p2|6
|start
|switch|p1a: Garchomp|Garchomp, M|100/100
|switch|p2a: Araquanid|Araquanid, F, shiny|100/100
|turn|1
|
|t:|1779910037
|move|p1a: Garchomp|Stealth Rock|p2a: Araquanid
|-sidestart|p2: ClRCUS MAXIMUS|move: Stealth Rock
|move|p2a: Araquanid|Surf|p1a: Garchomp
|-damage|p1a: Garchomp|49/100
|
|upkeep
|turn|2
|
|t:|1779910043
|move|p1a: Garchomp|Spikes|p2a: Araquanid
|-sidestart|p2: ClRCUS MAXIMUS|Spikes
|move|p2a: Araquanid|Sticky Web|p1a: Garchomp
|-sidestart|p1: itztrip|move: Sticky Web
|
|upkeep
|turn|3
|
|t:|1779910046
|switch|p1a: Alomomola|Alomomola, F|100/100
|-activate|p1a: Alomomola|move: Sticky Web
|-unboost|p1a: Alomomola|spe|1
|move|p2a: Araquanid|Surf|p1a: Alomomola
|-resisted|p1a: Alomomola
|-damage|p1a: Alomomola|87/100
|
|upkeep
|turn|4
|
|t:|1779910052
|move|p2a: Araquanid|Surf|p1a: Alomomola
|-resisted|p1a: Alomomola
|-damage|p1a: Alomomola|75/100
|move|p1a: Alomomola|Flip Turn|p2a: Araquanid
|-resisted|p2a: Araquanid
|-damage|p2a: Araquanid|92/100
|j| kanitanku
|
|t:|1779910057
|switch|p1a: Corviknight|Corviknight, F|100/100|[from] Flip Turn
|-ability|p1a: Corviknight|Pressure
|
|upkeep
|turn|5
|
|t:|1779910064
|move|p1a: Corviknight|Brave Bird|p2a: Araquanid
|-supereffective|p2a: Araquanid
|-damage|p2a: Araquanid|15/100
|-damage|p1a: Corviknight|79/100|[from] Recoil
|move|p2a: Araquanid|Surf|p1a: Corviknight
|-damage|p1a: Corviknight|39/100
|
|upkeep
|turn|6
|
|t:|1779910070
|move|p1a: Corviknight|Roost|p1a: Corviknight
|-heal|p1a: Corviknight|89/100
|-singleturn|p1a: Corviknight|move: Roost
|move|p2a: Araquanid|Surf|p1a: Corviknight
|-damage|p1a: Corviknight|54/100
|
|upkeep
|turn|7
|
|t:|1779910075
|move|p1a: Corviknight|Defog|p2a: Araquanid
|-unboost|p2a: Araquanid|evasion|1
|-sideend|p2: ClRCUS MAXIMUS|Spikes|[from] move: Defog|[of] p1a: Corviknight
|-sideend|p2: ClRCUS MAXIMUS|Stealth Rock|[from] move: Defog|[of] p1a: Corviknight
|-sideend|p1: itztrip|Sticky Web|[from] move: Defog|[of] p1a: Corviknight
|move|p2a: Araquanid|Surf|p1a: Corviknight
|-damage|p1a: Corviknight|15/100
|
|upkeep
|turn|8
|
|t:|1779910079
|move|p1a: Corviknight|Brave Bird|p2a: Araquanid
|-supereffective|p2a: Araquanid
|-damage|p2a: Araquanid|0 fnt
|faint|p2a: Araquanid
|-damage|p1a: Corviknight|11/100|[from] Recoil
|
|upkeep
|
|t:|1779910086
|switch|p2a: Ogerpon|Ogerpon-Cornerstone, F|100/100
|turn|9
|
|t:|1779910089
|move|p2a: Ogerpon|Ivy Cudgel|p1a: Corviknight|[anim] Ivy Cudgel Rock
|-damage|p1a: Corviknight|0 fnt
|faint|p1a: Corviknight
|
|upkeep
|
|t:|1779910092
|switch|p1a: Darkrai|Darkrai|100/100
|turn|10
|
|t:|1779910095
|switch|p2a: Enamorus|Enamorus, F|100/100
|move|p1a: Darkrai|Ice Beam|p2a: Enamorus
|-supereffective|p2a: Enamorus
|-damage|p2a: Enamorus|0 fnt
|faint|p2a: Enamorus
|
|upkeep
|
|t:|1779910098
|switch|p2a: Manaphy|Manaphy, shiny|100/100
|turn|11
|
|t:|1779910102
|switch|p1a: Alomomola|Alomomola, F|100/100
|move|p2a: Manaphy|Tail Glow|p2a: Manaphy
|-boost|p2a: Manaphy|spa|3
|
|upkeep
|turn|12
|
|t:|1779910104
|move|p2a: Manaphy|Tail Glow|p2a: Manaphy
|-boost|p2a: Manaphy|spa|3
|move|p1a: Alomomola|Flip Turn|p2a: Manaphy
|-resisted|p2a: Manaphy
|-damage|p2a: Manaphy|93/100
|
|t:|1779910106
|switch|p1a: Ogerpon|Ogerpon, F|100/100|[from] Flip Turn
|
|upkeep
|turn|13
|
|t:|1779910114
|-terastallize|p2a: Manaphy|Fairy
|move|p1a: Ogerpon|Encore|p2a: Manaphy
|-start|p2a: Manaphy|Encore
|move|p2a: Manaphy|Tail Glow|p2a: Manaphy
|-boost|p2a: Manaphy|spa|0
|
|upkeep
|turn|14
|
|t:|1779910116
|move|p1a: Ogerpon|Swords Dance|p1a: Ogerpon
|-boost|p1a: Ogerpon|atk|2
|move|p2a: Manaphy|Tail Glow|p2a: Manaphy
|-boost|p2a: Manaphy|spa|0
|
|upkeep
|turn|15
|-message|ClRCUS MAXIMUS forfeited.
|
|win|itztrip
|raw|itztrip's rating: 1530 &rarr; <strong>1564</strong><br />(+34 for winning)
|raw|ClRCUS MAXIMUS's rating: 1824 &rarr; <strong>1790</strong><br />(-34 for losing)
|l|‽ClRCUS MAXIMUS
|player|p2|
|l| kanitanku
