|j|☆ImBigRon
|j|☆prakshep
|t:|1779962484
|gametype|singles
|player|p1|ImBigRon|skullgrunt|1407
|player|p2|prakshep|nate|1412
|gen|9
|tier|[Gen 9] OU
|rated|
|rule|HP Percentage Mod: HP is shown in percentages
|rule|Endless Battle Clause: Forcing endless battles is banned
|rule|Species Clause: Limit one of each Pokémon
|rule|OHKO Clause: OHKO moves are banned
|rule|Evasion Items Clause: Evasion items are banned
|rule|Evasion Moves Clause: Evasion moves are banned
|rule|Evasion Abilities Clause: Evasion abilities are banned
|rule|Sleep Moves Clause: Sleep-inducing moves are banned
|clearpoke
|poke|p1|Ninetales, M|
|poke|p1|Cresselia, F|
|poke|p1|Raging Bolt|
|poke|p1|Iron Moth|
|poke|p1|Great Tusk|
|poke|p1|Walking Wake|
|poke|p2|Iron Crown|
|poke|p2|Iron Moth|
|poke|p2|Great Tusk|
|poke|p2|Polteageist-Antique|
|poke|p2|Rillaboom, F|
|poke|p2|Dragonite, M|
|teampreview
|inactive|Battle timer is ON: inactive players will automatically lose when time's up. (requested by prakshep)
|
|t:|1779962528
|teamsize|p1|6
|teamsize|p2|6
|start
|switch|p1a: Great Tusk|Great Tusk|100/100
|switch|p2a: Iron Moth|Iron Moth|100/100
|-enditem|p2a: Iron Moth|Booster Energy
|-activate|p2a: Iron Moth|ability: Quark Drive|[fromitem]
|-start|p2a: Iron Moth|quarkdrivespe
|turn|1
|
|t:|1779962535
|-terastallize|p2a: Iron Moth|Grass
|move|p2a: Iron Moth|Fiery Dance|p1a: Great Tusk
|-damage|p1a: Great Tusk|54/100
|-boost|p2a: Iron Moth|spa|1
|move|p1a: Great Tusk|Stealth Rock|p2a: Iron Moth
|-sidestart|p2: prakshep|move: Stealth Rock
|
|upkeep
|turn|2
|
|t:|1779962543
|-end|p1a: Great Tusk|Protosynthesis|[silent]
|switch|p1a: Iron Moth|Iron Moth|100/100
|-enditem|p1a: Iron Moth|Booster Energy
|-activate|p1a: Iron Moth|ability: Quark Drive|[fromitem]
|-start|p1a: Iron Moth|quarkdrivespe
|move|p2a: Iron Moth|Fiery Dance|p1a: Iron Moth
|-resisted|p1a: Iron Moth
|-damage|p1a: Iron Moth|71/100
|-boost|p2a: Iron Moth|spa|1
|
|upkeep
|turn|3
|
|t:|1779962552
|move|p2a: Iron Moth|Energy Ball|p1a: Iron Moth
|-resisted|p1a: Iron Moth
|-damage|p1a: Iron Moth|48/100
|move|p1a: Iron Moth|Fiery Dance|p2a: Iron Moth
|-supereffective|p2a: Iron Moth
|-damage|p2a: Iron Moth|28/100
|-boost|p1a: Iron Moth|spa|1
|
|upkeep
|turn|4
|
|t:|1779962558
|move|p2a: Iron Moth|Sludge Wave|p1a: Iron Moth
|-resisted|p1a: Iron Moth
|-damage|p1a: Iron Moth|2/100
|move|p1a: Iron Moth|Fiery Dance|p2a: Iron Moth
|-supereffective|p2a: Iron Moth
|-damage|p2a: Iron Moth|0 fnt
|-boost|p1a: Iron Moth|spa|1
|faint|p2a: Iron Moth
|-end|p2a: Iron Moth|Quark Drive|[silent]
|
|upkeep
|
|t:|1779962564
|switch|p2a: Rillaboom|Rillaboom, F|100/100
|-damage|p2a: Rillaboom|88/100|[from] Stealth Rock
|-fieldstart|move: Grassy Terrain|[from] ability: Grassy Surge|[of] p2a: Rillaboom
|turn|5
|
|t:|1779962575
|-end|p1a: Iron Moth|Quark Drive|[silent]
|switch|p1a: Ninetales|Ninetales, M, shiny|100/100
|-weather|SunnyDay|[from] ability: Drought|[of] p1a: Ninetales
|move|p2a: Rillaboom|Grassy Glide|p1a: Ninetales
|-resisted|p1a: Ninetales
|-damage|p1a: Ninetales|62/100
|
|-weather|SunnyDay|[upkeep]
|-heal|p1a: Ninetales|68/100|[from] Grassy Terrain
|-heal|p2a: Rillaboom|94/100|[from] Grassy Terrain
|upkeep
|turn|6
|
|t:|1779962583
|move|p2a: Rillaboom|Grassy Glide|p1a: Ninetales
|-resisted|p1a: Ninetales
|-damage|p1a: Ninetales|30/100
|move|p1a: Ninetales|Will-O-Wisp|p2a: Rillaboom
|-status|p2a: Rillaboom|brn
|
|-weather|SunnyDay|[upkeep]
|-heal|p1a: Ninetales|36/100|[from] Grassy Terrain
|-heal|p2a: Rillaboom|100/100 brn|[from] Grassy Terrain
|-damage|p2a: Rillaboom|94/100 brn|[from] brn
|upkeep
|turn|7
|l|☆ImBigRon
|inactive|ImBigRon disconnected and has a minute to reconnect!
|player|p1|
|j|☆ImBigRon
|inactive|ImBigRon reconnected and has 120 seconds left.
|player|p1|ImBigRon|skullgrunt|
|inactive|ImBigRon has 90 seconds left.
|
|t:|1779962646
|move|p2a: Rillaboom|Grassy Glide|p1a: Ninetales
|-resisted|p1a: Ninetales
|-damage|p1a: Ninetales|17/100
|move|p1a: Ninetales|Overheat|p2a: Rillaboom|[miss]
|-miss|p1a: Ninetales|p2a: Rillaboom
|
|-weather|SunnyDay|[upkeep]
|-heal|p1a: Ninetales|23/100|[from] Grassy Terrain
|-heal|p2a: Rillaboom|100/100 brn|[from] Grassy Terrain
|-damage|p2a: Rillaboom|94/100 brn|[from] brn
|upkeep
|turn|8
|j| wind93
|inactive|ImBigRon has 90 seconds left.
|
|t:|1779962657
|move|p2a: Rillaboom|Grassy Glide|p1a: Ninetales
|-resisted|p1a: Ninetales
|-damage|p1a: Ninetales|4/100
|move|p1a: Ninetales|Overheat|p2a: Rillaboom
|-supereffective|p2a: Rillaboom
|-damage|p2a: Rillaboom|0 fnt
|-unboost|p1a: Ninetales|spa|2
|faint|p2a: Rillaboom
|
|-weather|SunnyDay|[upkeep]
|-heal|p1a: Ninetales|10/100|[from] Grassy Terrain
|upkeep
|
|t:|1779962662
|switch|p2a: Great Tusk|Great Tusk, shiny|100/100
|-damage|p2a: Great Tusk|98/100|[from] Stealth Rock
|-activate|p2a: Great Tusk|ability: Protosynthesis
|-start|p2a: Great Tusk|protosynthesisatk
|turn|9
|
|t:|1779962665
|move|p1a: Ninetales|Will-O-Wisp|p2a: Great Tusk
|-status|p2a: Great Tusk|brn
|move|p2a: Great Tusk|Rapid Spin|p1a: Ninetales
|-damage|p1a: Ninetales|0 fnt
|-boost|p2a: Great Tusk|spe|1
|-sideend|p2: prakshep|Stealth Rock|[from] move: Rapid Spin|[of] p2a: Great Tusk
|faint|p1a: Ninetales
|
|-weather|SunnyDay|[upkeep]
|-heal|p2a: Great Tusk|100/100 brn|[from] Grassy Terrain
|-damage|p2a: Great Tusk|94/100 brn|[from] brn
|-fieldend|move: Grassy Terrain
|upkeep
|
|t:|1779962671
|switch|p1a: Walking Wake|Walking Wake|100/100
|-activate|p1a: Walking Wake|ability: Protosynthesis
|-start|p1a: Walking Wake|protosynthesisspa
|turn|10
|
|t:|1779962675
|move|p2a: Great Tusk|Close Combat|p1a: Walking Wake
|-damage|p1a: Walking Wake|57/100
|-unboost|p2a: Great Tusk|def|1
|-unboost|p2a: Great Tusk|spd|1
|move|p1a: Walking Wake|Hydro Steam|p2a: Great Tusk
|-supereffective|p2a: Great Tusk
|-damage|p2a: Great Tusk|0 fnt
|faint|p2a: Great Tusk
|-end|p2a: Great Tusk|Protosynthesis|[silent]
|
|-weather|SunnyDay|[upkeep]
|upkeep
|
|t:|1779962682
|switch|p2a: Dragonite|Dragonite, M|100/100
|turn|11
|
|t:|1779962689
|-end|p1a: Walking Wake|Protosynthesis|[silent]
|switch|p1a: Cresselia|Cresselia, F|100/100
|move|p2a: Dragonite|Dragon Dance|p2a: Dragonite
|-boost|p2a: Dragonite|atk|1
|-boost|p2a: Dragonite|spe|1
|
|-weather|SunnyDay|[upkeep]
|upkeep
|turn|12
|
|t:|1779962693
|move|p2a: Dragonite|Dragon Claw|p1a: Cresselia
|-damage|p1a: Cresselia|69/100
|-enditem|p1a: Cresselia|Eject Button
|
|t:|1779962700
|switch|p1a: Great Tusk|Great Tusk|54/100
|-activate|p1a: Great Tusk|ability: Protosynthesis
|-start|p1a: Great Tusk|protosynthesisspe
|
|-weather|none
|-end|p1a: Great Tusk|Protosynthesis
|upkeep
|turn|13
|
|t:|1779962707
|move|p2a: Dragonite|Dragon Dance|p2a: Dragonite
|-boost|p2a: Dragonite|atk|1
|-boost|p2a: Dragonite|spe|1
|move|p1a: Great Tusk|Head Smash|p2a: Dragonite|[miss]
|-miss|p1a: Great Tusk|p2a: Dragonite
|
|upkeep
|turn|14
|l|☆ImBigRon
|inactive|ImBigRon disconnected and has a minute to reconnect!
|player|p1|
|j|☆ImBigRon
|inactive|ImBigRon reconnected and has 125 seconds left.
|player|p1|ImBigRon|skullgrunt|
|
|t:|1779962737
|move|p2a: Dragonite|Dragon Dance|p2a: Dragonite
|-boost|p2a: Dragonite|atk|1
|-boost|p2a: Dragonite|spe|1
|move|p1a: Great Tusk|Head Smash|p2a: Dragonite
|-supereffective|p2a: Dragonite
|-damage|p2a: Dragonite|53/100
|-enditem|p2a: Dragonite|Weakness Policy
|-boost|p2a: Dragonite|atk|2|[from] item: Weakness Policy
|-boost|p2a: Dragonite|spa|2|[from] item: Weakness Policy
|-damage|p1a: Great Tusk|36/100|[from] Recoil
|
|upkeep
|turn|15
|
|t:|1779962742
|move|p2a: Dragonite|Dragon Claw|p1a: Great Tusk
|-damage|p1a: Great Tusk|0 fnt
|-damage|p2a: Dragonite|36/100|[from] item: Rocky Helmet|[of] p1a: Great Tusk
|faint|p1a: Great Tusk
|-end|p1a: Great Tusk|Protosynthesis|[silent]
|
|upkeep
|
|t:|1779962747
|switch|p1a: Raging Bolt|Raging Bolt|100/100
|turn|16
|
|t:|1779962750
|-terastallize|p1a: Raging Bolt|Fairy
|move|p2a: Dragonite|Extreme Speed|p1a: Raging Bolt
|-damage|p1a: Raging Bolt|7/100
|move|p1a: Raging Bolt|Thunderbolt|p2a: Dragonite
|-damage|p2a: Dragonite|0 fnt
|faint|p2a: Dragonite
|-damage|p1a: Raging Bolt|0 fnt|[from] item: Life Orb
|faint|p1a: Raging Bolt
|-end|p1a: Raging Bolt|Protosynthesis|[silent]
|
|upkeep
|l|☆ImBigRon
|inactive|ImBigRon disconnected and has a minute to reconnect!
|player|p1|
|j|☆ImBigRon
|inactive|ImBigRon reconnected and has 125 seconds left.
|player|p1|ImBigRon|skullgrunt|
|
|t:|1779962780
|switch|p2a: Polteageist|Polteageist-Antique|100/100
|switch|p1a: Iron Moth|Iron Moth|2/100
|turn|17
|l|☆prakshep
|inactive|prakshep disconnected and has a minute to reconnect!
|player|p2|
|inactive|prakshep has 30 seconds to reconnect!
|inactive|prakshep has 20 seconds to reconnect!
|inactive|prakshep has 15 seconds to reconnect!
|inactive|prakshep has 10 seconds to reconnect!
|inactive|prakshep has 5 seconds to reconnect!
|j|☆prakshep
|inactive|prakshep reconnected and has 95 seconds left.
|player|p2|prakshep|nate|
|inactive|prakshep has 90 seconds left.
|
|t:|1779962842
|move|p1a: Iron Moth|Fiery Dance|p2a: Polteageist
|-damage|p2a: Polteageist|50/100
|move|p2a: Polteageist|Shell Smash|p2a: Polteageist
|-unboost|p2a: Polteageist|def|1
|-unboost|p2a: Polteageist|spd|1
|-boost|p2a: Polteageist|atk|2
|-boost|p2a: Polteageist|spa|2
|-boost|p2a: Polteageist|spe|2
|
|upkeep
|turn|18
|
|t:|1779962846
|move|p2a: Polteageist|Stored Power|p1a: Iron Moth
|-supereffective|p1a: Iron Moth
|-damage|p1a: Iron Moth|0 fnt
|faint|p1a: Iron Moth
|-end|p1a: Iron Moth|Quark Drive|[silent]
|
|upkeep
|
|t:|1779962848
|switch|p1a: Cresselia|Cresselia, F|69/100
|turn|19
|
|t:|1779962852
|move|p2a: Polteageist|Shadow Ball|p1a: Cresselia
|-supereffective|p1a: Cresselia
|-damage|p1a: Cresselia|0 fnt
|faint|p1a: Cresselia
|
|upkeep
|
|t:|1779962859
|switch|p1a: Walking Wake|Walking Wake|57/100
|turn|20
|
|t:|1779962863
|move|p2a: Polteageist|Stored Power|p1a: Walking Wake
|-damage|p1a: Walking Wake|0 fnt
|faint|p1a: Walking Wake
|-end|p1a: Walking Wake|Protosynthesis|[silent]
|
|win|prakshep
|raw|ImBigRon's rating: 1407 &rarr; <strong>1387</strong><br />(-20 for losing)
|raw|prakshep's rating: 1412 &rarr; <strong>1432</strong><br />(+20 for winning)
|l|☆prakshep
|player|p2|
|l| wind93
|l|☆ImBigRon
|player|p1|
