|j|☆s1aughttt
|j|☆chamalo
|t:|1779961225
|gametype|singles
|player|p1|s1aughttt|170|1134
|player|p2|chamalo|102|1109
|gen|9
|tier|[Gen 9] OU
|rated|
|rule|HP Percentage Mod: HP is shown in percentages
|rule|Endless Battle Clause: Forcing endless battles is banned
|rule|Species Clause: Limit one of each Pokémon
|rule|OHKO Clause: OHKO moves are banned
|rule|Evasion Items Clause: Evasion items are banned
|rule|Evasion Moves Clause: Evasion moves are banned
|rule|Evasion Abilities Clause: Evasion abilities are banned
|rule|Sleep Moves Clause: Sleep-inducing moves are banned
|clearpoke
|poke|p1|Bisharp, M|
|poke|p1|Rotom-Wash|
|poke|p1|Dragapult, F|
|poke|p1|Primarina, M|
|poke|p1|Dragonite, M|
|poke|p1|Iron Treads|
|poke|p2|Drednaw, F|
|poke|p2|Pelipper, M|
|poke|p2|Indeedee, M|
|poke|p2|Hatterene, F|
|poke|p2|Barraskewda, F|
|poke|p2|Samurott-Hisui, M|
|teampreview
|
|t:|1779961241
|teamsize|p1|6
|teamsize|p2|6
|start
|switch|p1a: Rotom|Rotom-Wash|100/100
|switch|p2a: Samurott|Samurott-Hisui, M|100/100
|turn|1
|
|t:|1779961255
|move|p2a: Samurott|Knock Off|p1a: Rotom
|-damage|p1a: Rotom|65/100
|-enditem|p1a: Rotom|Leftovers|[from] move: Knock Off|[of] p2a: Samurott
|move|p1a: Rotom|Thunderbolt|p2a: Samurott
|-supereffective|p2a: Samurott
|-damage|p2a: Samurott|5/100
|
|upkeep
|turn|2
|
|t:|1779961262
|move|p2a: Samurott|Ceaseless Edge|p1a: Rotom
|-damage|p1a: Rotom|33/100
|-sidestart|p1: s1aughttt|Spikes
|move|p1a: Rotom|Thunderbolt|p2a: Samurott
|-supereffective|p2a: Samurott
|-crit|p2a: Samurott
|-damage|p2a: Samurott|0 fnt
|faint|p2a: Samurott
|
|upkeep
|
|t:|1779961276
|switch|p2a: Indeedee|Indeedee, M|100/100
|-fieldstart|move: Psychic Terrain|[from] ability: Psychic Surge|[of] p2a: Indeedee
|turn|3
|
|t:|1779961283
|move|p2a: Indeedee|Dazzling Gleam|p1a: Rotom
|-damage|p1a: Rotom|5/100
|move|p1a: Rotom|Thunderbolt|p2a: Indeedee
|-damage|p2a: Indeedee|56/100
|
|upkeep
|turn|4
|
|t:|1779961289
|move|p2a: Indeedee|Hyper Voice|p1a: Rotom
|-damage|p1a: Rotom|0 fnt
|faint|p1a: Rotom
|
|upkeep
|
|t:|1779961294
|switch|p1a: Iron Treads|Iron Treads|100/100
|turn|5
|
|t:|1779961304
|switch|p2a: Pelipper|Pelipper, M|100/100
|-weather|RainDance|[from] ability: Drizzle|[of] p2a: Pelipper
|move|p1a: Iron Treads|Knock Off|p2a: Pelipper
|-damage|p2a: Pelipper|77/100
|-enditem|p2a: Pelipper|Damp Rock|[from] move: Knock Off|[of] p1a: Iron Treads
|
|-weather|RainDance|[upkeep]
|upkeep
|turn|6
|
|t:|1779961314
|move|p1a: Iron Treads|Rapid Spin|p2a: Pelipper
|-damage|p2a: Pelipper|64/100
|-boost|p1a: Iron Treads|spe|1
|-sideend|p1: s1aughttt|Spikes|[from] move: Rapid Spin|[of] p1a: Iron Treads
|move|p2a: Pelipper|Weather Ball|p1a: Iron Treads
|-supereffective|p1a: Iron Treads
|-damage|p1a: Iron Treads|0 fnt
|faint|p1a: Iron Treads
|-end|p1a: Iron Treads|Quark Drive|[silent]
|
|-weather|RainDance|[upkeep]
|upkeep
|
|t:|1779961322
|switch|p1a: Dragapult|Dragapult, F|100/100
|turn|7
|
|t:|1779961331
|switch|p2a: Hatterene|Hatterene, F|100/100
|move|p1a: Dragapult|Thunderbolt|p2a: Hatterene
|-damage|p2a: Hatterene|57/100
|
|-weather|RainDance|[upkeep]
|-heal|p2a: Hatterene|63/100|[from] item: Leftovers
|upkeep
|turn|8
|
|t:|1779961338
|switch|p1a: Bisharp|Bisharp, M|100/100
|move|p2a: Hatterene|Draining Kiss|p1a: Bisharp
|-damage|p1a: Bisharp|75/100
|-heal|p2a: Hatterene|80/100|[from] drain|[of] p1a: Bisharp
|
|-weather|RainDance|[upkeep]
|-heal|p2a: Hatterene|86/100|[from] item: Leftovers
|upkeep
|turn|9
|
|t:|1779961346
|move|p1a: Bisharp|Iron Head|p2a: Hatterene
|-supereffective|p2a: Hatterene
|-damage|p2a: Hatterene|12/100
|move|p2a: Hatterene|Draining Kiss|p1a: Bisharp
|-damage|p1a: Bisharp|51/100
|-heal|p2a: Hatterene|29/100|[from] drain|[of] p1a: Bisharp
|
|-weather|RainDance|[upkeep]
|-heal|p2a: Hatterene|35/100|[from] item: Leftovers
|upkeep
|turn|10
|
|t:|1779961349
|move|p1a: Bisharp|Iron Head|p2a: Hatterene
|-supereffective|p2a: Hatterene
|-damage|p2a: Hatterene|0 fnt
|faint|p2a: Hatterene
|
|-weather|RainDance|[upkeep]
|-fieldend|move: Psychic Terrain
|upkeep
|
|t:|1779961352
|switch|p2a: Barraskewda|Barraskewda, F|100/100
|turn|11
|
|t:|1779961358
|move|p1a: Bisharp|Sucker Punch|p2a: Barraskewda
|-damage|p2a: Barraskewda|26/100
|move|p2a: Barraskewda|Liquidation|p1a: Bisharp
|-damage|p1a: Bisharp|0 fnt
|faint|p1a: Bisharp
|
|-weather|RainDance|[upkeep]
|upkeep
|
|t:|1779961363
|switch|p1a: Dragonite|Dragonite, M|100/100
|turn|12
|
|t:|1779961370
|switch|p2a: Indeedee|Indeedee, M|56/100
|-fieldstart|move: Psychic Terrain|[from] ability: Psychic Surge|[of] p2a: Indeedee
|move|p1a: Dragonite|Extreme Speed|p2a: Indeedee
|-activate|p2a: Indeedee|move: Psychic Terrain
|
|-weather|none
|upkeep
|turn|13
|
|t:|1779961380
|switch|p2a: Pelipper|Pelipper, M|64/100
|-weather|RainDance|[from] ability: Drizzle|[of] p2a: Pelipper
|move|p1a: Dragonite|Dragon Dance|p1a: Dragonite
|-boost|p1a: Dragonite|atk|1
|-boost|p1a: Dragonite|spe|1
|
|-weather|RainDance|[upkeep]
|upkeep
|turn|14
|
|t:|1779961393
|move|p1a: Dragonite|Ice Spinner|p2a: Pelipper
|-damage|p2a: Pelipper|35/100
|-fieldend|move: Psychic Terrain
|move|p2a: Pelipper|Hurricane|p1a: Dragonite
|-damage|p1a: Dragonite|84/100
|
|-weather|RainDance|[upkeep]
|upkeep
|turn|15
|
|t:|1779961400
|move|p1a: Dragonite|Ice Spinner|p2a: Pelipper
|-damage|p2a: Pelipper|5/100
|move|p2a: Pelipper|Hurricane|p1a: Dragonite
|-crit|p1a: Dragonite
|-damage|p1a: Dragonite|36/100
|-start|p1a: Dragonite|confusion
|
|-weather|RainDance|[upkeep]
|upkeep
|turn|16
|
|t:|1779961403
|-activate|p1a: Dragonite|confusion
|move|p1a: Dragonite|Extreme Speed|p2a: Pelipper
|-damage|p2a: Pelipper|0 fnt
|faint|p2a: Pelipper
|
|-weather|RainDance|[upkeep]
|upkeep
|
|t:|1779961408
|switch|p2a: Indeedee|Indeedee, M|56/100
|-fieldstart|move: Psychic Terrain|[from] ability: Psychic Surge|[of] p2a: Indeedee
|turn|17
|
|t:|1779961415
|-activate|p1a: Dragonite|confusion
|move|p1a: Dragonite|Earthquake|p2a: Indeedee
|-damage|p2a: Indeedee|0 fnt
|faint|p2a: Indeedee
|
|-weather|none
|upkeep
|
|t:|1779961420
|switch|p2a: Drednaw|Drednaw, F|100/100
|turn|18
|
|t:|1779961428
|switch|p1a: Primarina|Primarina, M|100/100
|move|p2a: Drednaw|Shell Smash|p2a: Drednaw
|-unboost|p2a: Drednaw|def|1
|-unboost|p2a: Drednaw|spd|1
|-boost|p2a: Drednaw|atk|2
|-boost|p2a: Drednaw|spa|2
|-boost|p2a: Drednaw|spe|2
|-enditem|p2a: Drednaw|White Herb
|-clearnegativeboost|p2a: Drednaw|[silent]
|
|upkeep
|turn|19
|
|t:|1779961438
|move|p2a: Drednaw|Liquidation|p1a: Primarina
|-resisted|p1a: Primarina
|-damage|p1a: Primarina|46/100
|move|p1a: Primarina|Energy Ball|p2a: Drednaw
|-supereffective|p2a: Drednaw
|-damage|p2a: Drednaw|0 fnt
|faint|p2a: Drednaw
|
|upkeep
|
|t:|1779961443
|switch|p2a: Barraskewda|Barraskewda, F|26/100
|turn|20
|
|t:|1779961447
|move|p2a: Barraskewda|Liquidation|p1a: Primarina
|-resisted|p1a: Primarina
|-damage|p1a: Primarina|8/100
|move|p1a: Primarina|Energy Ball|p2a: Barraskewda
|-supereffective|p2a: Barraskewda
|-damage|p2a: Barraskewda|0 fnt
|faint|p2a: Barraskewda
|
|win|s1aughttt
|raw|s1aughttt's rating: 1134 &rarr; <strong>1157</strong><br />(+23 for winning)
|raw|chamalo's rating: 1109 &rarr; <strong>1086</strong><br />(-23 for losing)
|l|☆chamalo
|player|p2|
|l|☆s1aughttt
|player|p1|
