|j|☆leoisreallysmart
|j|☆RealProblemSleuth
|t:|1779924612
|gametype|singles
|player|p1|leoisreallysmart|2|1161
|player|p2|RealProblemSleuth|boarder|1227
|gen|9
|tier|[Gen 9] OU
|rated|
|rule|HP Percentage Mod: HP is shown in percentages
|rule|Endless Battle Clause: Forcing endless battles is banned
|rule|Species Clause: Limit one of each Pokémon
|rule|OHKO Clause: OHKO moves are banned
|rule|Evasion Items Clause: Evasion items are banned
|rule|Evasion Moves Clause: Evasion moves are banned
|rule|Evasion Abilities Clause: Evasion abilities are banned
|rule|Sleep Moves Clause: Sleep-inducing moves are banned
|clearpoke
|poke|p1|Whimsicott, M|
|poke|p1|Hoopa|
|poke|p1|Sneasel-Hisui, M|
|poke|p1|Mandibuzz, F|
|poke|p1|Oricorio, M|
|poke|p1|Golem, M|
|poke|p2|Darkrai|
|poke|p2|Heatran, M|
|poke|p2|Clefable, M|
|poke|p2|Samurott-Hisui, M|
|poke|p2|Lokix, M|
|poke|p2|Weezing-Galar, M|
|teampreview
|inactive|Battle timer is ON: inactive players will automatically lose when time's up. (requested by leoisreallysmart)
|
|t:|1779924616
|teamsize|p1|6
|teamsize|p2|6
|start
|switch|p1a: Golem|Golem, M|100/100
|switch|p2a: John Priority|Lokix, M|100/100
|turn|1
|
|t:|1779924625
|move|p2a: John Priority|U-turn|p1a: Golem
|-damage|p1a: Golem|69/100
|
|t:|1779924628
|switch|p2a: John Spikes|Samurott-Hisui, M, shiny|100/100|[from] U-turn
|move|p1a: Golem|Explosion|p2a: John Spikes
|-damage|p2a: John Spikes|0 fnt
|faint|p1a: Golem
|faint|p2a: John Spikes
|
|upkeep
|c|☆RealProblemSleuth|Well
|
|t:|1779924642
|switch|p2a: John Support|Clefable, M, shiny|100/100
|switch|p1a: Oricorio|Oricorio, M|100/100
|turn|2
|
|t:|1779924646
|move|p1a: Oricorio|Quiver Dance|p1a: Oricorio
|-boost|p1a: Oricorio|spa|1
|-boost|p1a: Oricorio|spd|1
|-boost|p1a: Oricorio|spe|1
|move|p2a: John Support|Encore|p1a: Oricorio
|-start|p1a: Oricorio|Encore
|
|upkeep
|turn|3
|
|t:|1779924651
|switch|p1a: Whimsicott|Whimsicott, M|100/100
|move|p2a: John Support|Stealth Rock|p1a: Whimsicott
|-sidestart|p1: leoisreallysmart|move: Stealth Rock
|
|upkeep
|turn|4
|
|t:|1779924657
|switch|p2a: John Priority|Lokix, M|100/100
|move|p1a: Whimsicott|Encore|p2a: John Priority
|-hint|Since gen 7, Dark is immune to Prankster moves.
|-immune|p2a: John Priority
|
|upkeep
|turn|5
|
|t:|1779924662
|move|p2a: John Priority|First Impression|p1a: Whimsicott
|-damage|p1a: Whimsicott|27/100
|move|p1a: Whimsicott|U-turn|p2a: John Priority
|-supereffective|p2a: John Priority
|-damage|p2a: John Priority|72/100
|
|t:|1779924667
|switch|p1a: Mandibuzz|Mandibuzz, F|100/100|[from] U-turn
|
|upkeep
|turn|6
|
|t:|1779924676
|move|p2a: John Priority|Knock Off|p1a: Mandibuzz
|-resisted|p1a: Mandibuzz
|-damage|p1a: Mandibuzz|75/100
|-enditem|p1a: Mandibuzz|Heavy-Duty Boots|[from] move: Knock Off|[of] p2a: John Priority
|move|p1a: Mandibuzz|U-turn|p2a: John Priority
|-supereffective|p2a: John Priority
|-damage|p2a: John Priority|43/100
|
|t:|1779924688
|switch|p1a: Whimsicott|Whimsicott, M|27/100|[from] U-turn
|
|upkeep
|turn|7
|
|t:|1779924700
|move|p1a: Whimsicott|Moonblast|p2a: John Priority
|-supereffective|p2a: John Priority
|-damage|p2a: John Priority|0 fnt
|faint|p2a: John Priority
|
|upkeep
|c|☆RealProblemSleuth|why fast whimsicott?
|c|☆RealProblemSleuth|you have prankster
|c|☆RealProblemSleuth|im not mad just askin
|
|t:|1779924722
|switch|p2a: John Coverage|Darkrai|100/100
|turn|8
|c|☆leoisreallysmart|bc prankster only for encore
|c|☆leoisreallysmart|idk
|
|t:|1779924733
|move|p2a: John Coverage|Ice Beam|p1a: Whimsicott
|-supereffective|p1a: Whimsicott
|-damage|p1a: Whimsicott|0 fnt
|faint|p1a: Whimsicott
|
|upkeep
|c|☆RealProblemSleuth|fair enough
|c|☆leoisreallysmart|i like having an auto encore switch in on dragon attacks
|inactive|leoisreallysmart has 120 seconds left.
|c|☆RealProblemSleuth|yeah i do the same with my clef
|c|☆leoisreallysmart|or like boosting sweepers
|c|☆RealProblemSleuth|but difference is its slow
|
|t:|1779924782
|switch|p1a: Sneasel|Sneasel-Hisui, M|100/100
|-damage|p1a: Sneasel|95/100|[from] Stealth Rock
|turn|9
|c|☆RealProblemSleuth|its harder to use goint second but
|c|☆RealProblemSleuth|bro the feeling i get when encoring a setup sweeper
|inactive|RealProblemSleuth has 120 seconds left.
|c|☆leoisreallysmart|yea exactly
|
|t:|1779924811
|switch|p2a: John Removal|Weezing-Galar, M|100/100
|-ability|p2a: John Removal|Neutralizing Gas
|-item|p2a: John Removal|Air Balloon
|move|p1a: Sneasel|Close Combat|p2a: John Removal
|-resisted|p2a: John Removal
|-damage|p2a: John Removal|92/100
|-unboost|p1a: Sneasel|def|1
|-unboost|p1a: Sneasel|spd|1
|-enditem|p2a: John Removal|Air Balloon
|
|upkeep
|turn|10
|
|t:|1779924823
|switch|p1a: Mandibuzz|Mandibuzz, F|75/100
|-damage|p1a: Mandibuzz|51/100|[from] Stealth Rock
|move|p2a: John Removal|Strange Steam|p1a: Mandibuzz
|-supereffective|p1a: Mandibuzz
|-damage|p1a: Mandibuzz|0 fnt
|faint|p1a: Mandibuzz
|
|upkeep
|c|☆RealProblemSleuth|its more rewarding going second tbh
|
|t:|1779924834
|switch|p1a: Hoopa|Hoopa|100/100
|-damage|p1a: Hoopa|88/100|[from] Stealth Rock
|-item|p1a: Hoopa|Air Balloon
|turn|11
|c|☆RealProblemSleuth|bc its rarer
|
|t:|1779924841
|move|p1a: Hoopa|Psychic Noise|p2a: John Removal
|-supereffective|p2a: John Removal
|-damage|p2a: John Removal|0 fnt
|faint|p2a: John Removal
|-end|p2a: John Removal|ability: Neutralizing Gas
|
|upkeep
|
|t:|1779924843
|switch|p2a: John Coverage|Darkrai|100/100
|turn|12
|inactive|leoisreallysmart has 120 seconds left.
|
|t:|1779924856
|switch|p1a: Sneasel|Sneasel-Hisui, M|95/100
|-damage|p1a: Sneasel|89/100|[from] Stealth Rock
|move|p2a: John Coverage|Ice Beam|p1a: Sneasel
|-damage|p1a: Sneasel|51/100
|
|upkeep
|turn|13
|
|t:|1779924863
|-terastallize|p2a: John Coverage|Stellar
|move|p2a: John Coverage|Ice Beam|p1a: Sneasel
|-damage|p1a: Sneasel|8/100
|move|p1a: Sneasel|Close Combat|p2a: John Coverage
|-supereffective|p2a: John Coverage
|-damage|p2a: John Coverage|0 fnt
|-unboost|p1a: Sneasel|def|1
|-unboost|p1a: Sneasel|spd|1
|faint|p2a: John Coverage
|
|upkeep
|c|☆RealProblemSleuth|Ffs
|
|t:|1779924878
|switch|p2a: John Support|Clefable, M, shiny|100/100
|turn|14
|
|t:|1779924892
|move|p1a: Sneasel|Gunk Shot|p2a: John Support
|-supereffective|p2a: John Support
|-damage|p2a: John Support|0 fnt
|faint|p2a: John Support
|
|upkeep
|
|t:|1779924900
|switch|p2a: John Wallbreaker|Heatran, M|100/100
|turn|15
|
|t:|1779924908
|move|p1a: Sneasel|Close Combat|p2a: John Wallbreaker
|-supereffective|p2a: John Wallbreaker
|-damage|p2a: John Wallbreaker|11/100
|-unboost|p1a: Sneasel|def|1
|-unboost|p1a: Sneasel|spd|1
|move|p2a: John Wallbreaker|Magma Storm|p1a: Sneasel
|-damage|p1a: Sneasel|0 fnt
|faint|p1a: Sneasel
|
|upkeep
|
|t:|1779924913
|switch|p1a: Hoopa|Hoopa|88/100
|-damage|p1a: Hoopa|76/100|[from] Stealth Rock
|-item|p1a: Hoopa|Air Balloon
|turn|16
|c|☆RealProblemSleuth|Im actually impressed lol
|c|☆leoisreallysmart|with what
|c|☆RealProblemSleuth|Who the fuck runs Sneasel?
|c|☆leoisreallysmart|i threw this team together in 10 minutes lmao
|inactive|RealProblemSleuth has 120 seconds left.
|c|☆RealProblemSleuth|I mean the typing is great and all
|c|☆leoisreallysmart|i just pick random pokemons i like
|
|t:|1779924948
|move|p2a: John Wallbreaker|Magma Storm|p1a: Hoopa
|-damage|p1a: Hoopa|32/100
|-activate|p1a: Hoopa|move: Magma Storm|[of] p2a: John Wallbreaker
|-enditem|p1a: Hoopa|Air Balloon
|move|p1a: Hoopa|Shadow Ball|p2a: John Wallbreaker
|-damage|p2a: John Wallbreaker|0 fnt
|faint|p2a: John Wallbreaker
|-item|p1a: Hoopa|Assault Vest|[from] ability: Magician|[of] p2: John Wallbreaker
|
|win|leoisreallysmart
|raw|leoisreallysmart's rating: 1161 &rarr; <strong>1191</strong><br />(+30 for winning)
|raw|RealProblemSleuth's rating: 1227 &rarr; <strong>1197</strong><br />(-30 for losing)
|c|☆RealProblemSleuth|gg
|c|☆leoisreallysmart|ggs
|l|☆RealProblemSleuth
|player|p2|
|l|☆leoisreallysmart
|player|p1|
