|j|☆Shubway
|j|☆blazingshadow46
|t:|1779800013
|gametype|singles
|player|p1|Shubway|102|1390
|player|p2|blazingshadow46|byron|1434
|gen|9
|tier|[Gen 9] OU
|rated|
|rule|HP Percentage Mod: HP is shown in percentages
|rule|Endless Battle Clause: Forcing endless battles is banned
|rule|Species Clause: Limit one of each Pokémon
|rule|OHKO Clause: OHKO moves are banned
|rule|Evasion Items Clause: Evasion items are banned
|rule|Evasion Moves Clause: Evasion moves are banned
|rule|Evasion Abilities Clause: Evasion abilities are banned
|rule|Sleep Moves Clause: Sleep-inducing moves are banned
|clearpoke
|poke|p1|Incineroar, F|
|poke|p1|Garchomp, F|
|poke|p1|Pecharunt|
|poke|p1|Ogerpon-Cornerstone, F|
|poke|p1|Alomomola, M|
|poke|p1|Galvantula, F|
|poke|p2|Garchomp, M|
|poke|p2|Sableye, F|
|poke|p2|Cyclizar, M|
|poke|p2|Scizor, F|
|poke|p2|Reuniclus, F|
|poke|p2|Salamence, F|
|teampreview
|inactive|Battle timer is ON: inactive players will automatically lose when time's up. (requested by blazingshadow46)
|
|t:|1779800028
|teamsize|p1|6
|teamsize|p2|6
|start
|switch|p1a: Incineroar|Incineroar, F|100/100
|switch|p2a: Cyclizar|Cyclizar, M, shiny|100/100
|-ability|p1a: Incineroar|Intimidate|boost
|-unboost|p2a: Cyclizar|atk|1
|turn|1
|
|t:|1779800038
|move|p2a: Cyclizar|U-turn|p1a: Incineroar
|-damage|p1a: Incineroar|92/100
|
|t:|1779800040
|switch|p2a: Garchomp|Garchomp, M|100/100|[from] U-turn
|move|p1a: Incineroar|Parting Shot|p2a: Garchomp
|-unboost|p2a: Garchomp|atk|1
|-unboost|p2a: Garchomp|spa|1
|
|t:|1779800046
|switch|p1a: Garchomp|Garchomp, F|100/100|[from] Parting Shot
|
|upkeep
|turn|2
|
|t:|1779800050
|move|p1a: Garchomp|Scale Shot|p2a: Garchomp
|-supereffective|p2a: Garchomp
|-damage|p2a: Garchomp|83/100
|-supereffective|p2a: Garchomp
|-damage|p2a: Garchomp|66/100
|-supereffective|p2a: Garchomp
|-damage|p2a: Garchomp|50/100
|-supereffective|p2a: Garchomp
|-damage|p2a: Garchomp|33/100
|-hitcount|p2a: Garchomp|4
|-unboost|p1a: Garchomp|def|1
|-boost|p1a: Garchomp|spe|1
|move|p2a: Garchomp|Dragon Tail|p1a: Garchomp
|-supereffective|p1a: Garchomp
|-damage|p1a: Garchomp|51/100
|-damage|p2a: Garchomp|20/100|[from] ability: Rough Skin|[of] p1a: Garchomp
|drag|p1a: Alomomola|Alomomola, M|100/100
|
|upkeep
|turn|3
|
|t:|1779800059
|move|p2a: Garchomp|Stealth Rock|p1a: Alomomola
|-sidestart|p1: Shubway|move: Stealth Rock
|move|p1a: Alomomola|Flip Turn|p2a: Garchomp
|-damage|p2a: Garchomp|10/100
|-damage|p1a: Alomomola|88/100|[from] ability: Rough Skin|[of] p2a: Garchomp
|-damage|p1a: Alomomola|71/100|[from] item: Rocky Helmet|[of] p2a: Garchomp
|
|t:|1779800065
|switch|p1a: Galvantula|Galvantula, F|100/100|[from] Flip Turn
|-damage|p1a: Galvantula|76/100|[from] Stealth Rock
|
|upkeep
|turn|4
|
|t:|1779800069
|move|p1a: Galvantula|Bug Buzz|p2a: Garchomp
|-damage|p2a: Garchomp|0 fnt
|faint|p2a: Garchomp
|
|upkeep
|
|t:|1779800080
|switch|p2a: Sableye|Sableye, F|100/100
|turn|5
|
|t:|1779800087
|move|p2a: Sableye|Encore|p1a: Galvantula
|-start|p1a: Galvantula|Encore
|move|p1a: Galvantula|Bug Buzz|p2a: Sableye
|-damage|p2a: Sableye|56/100
|
|upkeep
|turn|6
|
|t:|1779800091
|switch|p2a: Salamence|Salamence, F|100/100
|move|p1a: Galvantula|Bug Buzz|p2a: Salamence
|-resisted|p2a: Salamence
|-damage|p2a: Salamence|75/100
|
|upkeep
|turn|7
|
|t:|1779800095
|switch|p1a: Pecharunt|Pecharunt|100/100
|-damage|p1a: Pecharunt|88/100|[from] Stealth Rock
|move|p2a: Salamence|Dragon Dance|p2a: Salamence
|-boost|p2a: Salamence|atk|1
|-boost|p2a: Salamence|spe|1
|
|-heal|p1a: Pecharunt|94/100|[from] item: Leftovers
|upkeep
|turn|8
|
|t:|1779800100
|-terastallize|p2a: Salamence|Steel
|move|p2a: Salamence|Dragon Dance|p2a: Salamence
|-boost|p2a: Salamence|atk|1
|-boost|p2a: Salamence|spe|1
|move|p1a: Pecharunt|Malignant Chain|p2a: Salamence
|-immune|p2a: Salamence
|
|-heal|p1a: Pecharunt|99/100|[from] item: Leftovers
|upkeep
|turn|9
|
|t:|1779800107
|-terastallize|p1a: Pecharunt|Ghost
|move|p2a: Salamence|Earthquake|p1a: Pecharunt
|-damage|p1a: Pecharunt|68/100
|move|p1a: Pecharunt|Curse|p2a: Salamence
|-start|p2a: Salamence|Curse|[of] p1a: Pecharunt
|-damage|p1a: Pecharunt|18/100
|
|-heal|p1a: Pecharunt|24/100|[from] item: Leftovers
|-damage|p2a: Salamence|50/100|[from] Curse
|upkeep
|turn|10
|
|t:|1779800114
|move|p2a: Salamence|Earthquake|p1a: Pecharunt
|-damage|p1a: Pecharunt|0 fnt
|faint|p1a: Pecharunt
|-ability|p2a: Salamence|Moxie|boost
|-boost|p2a: Salamence|atk|1
|
|-damage|p2a: Salamence|25/100|[from] Curse
|upkeep
|
|t:|1779800121
|switch|p1a: Galvantula|Galvantula, F|76/100
|-damage|p1a: Galvantula|51/100|[from] Stealth Rock
|turn|11
|
|t:|1779800124
|move|p2a: Salamence|Earthquake|p1a: Galvantula
|-damage|p1a: Galvantula|0 fnt
|faint|p1a: Galvantula
|-ability|p2a: Salamence|Moxie|boost
|-boost|p2a: Salamence|atk|1
|
|-damage|p2a: Salamence|0 fnt|[from] Curse
|faint|p2a: Salamence
|upkeep
|
|t:|1779800132
|switch|p1a: Incineroar|Incineroar, F|92/100
|switch|p2a: Cyclizar|Cyclizar, M, shiny|100/100
|-damage|p1a: Incineroar|68/100|[from] Stealth Rock
|-ability|p1a: Incineroar|Intimidate|boost
|-unboost|p2a: Cyclizar|atk|1
|turn|12
|
|t:|1779800137
|move|p2a: Cyclizar|Draco Meteor|p1a: Incineroar
|-damage|p1a: Incineroar|41/100
|-unboost|p2a: Cyclizar|spa|2
|move|p1a: Incineroar|Will-O-Wisp|p2a: Cyclizar
|-status|p2a: Cyclizar|brn
|
|-heal|p1a: Incineroar|47/100|[from] item: Leftovers
|-damage|p2a: Cyclizar|94/100 brn|[from] brn
|upkeep
|turn|13
|
|t:|1779800147
|move|p2a: Cyclizar|U-turn|p1a: Incineroar
|-damage|p1a: Incineroar|43/100
|
|t:|1779800149
|switch|p2a: Sableye|Sableye, F|56/100|[from] U-turn
|move|p1a: Incineroar|Knock Off|p2a: Sableye
|-damage|p2a: Sableye|0 fnt
|-enditem|p2a: Sableye|Focus Sash|[from] move: Knock Off|[of] p1a: Incineroar
|faint|p2a: Sableye
|
|-heal|p1a: Incineroar|49/100|[from] item: Leftovers
|upkeep
|
|t:|1779800166
|switch|p2a: Cyclizar|Cyclizar, M, shiny|100/100 brn
|turn|14
|
|t:|1779800171
|move|p2a: Cyclizar|Draco Meteor|p1a: Incineroar
|-damage|p1a: Incineroar|22/100
|-unboost|p2a: Cyclizar|spa|2
|move|p1a: Incineroar|Parting Shot|p2a: Cyclizar
|-unboost|p2a: Cyclizar|atk|1
|-unboost|p2a: Cyclizar|spa|1
|
|t:|1779800172
|switch|p1a: Alomomola|Alomomola, M|100/100|[from] Parting Shot
|-damage|p1a: Alomomola|88/100|[from] Stealth Rock
|
|-damage|p2a: Cyclizar|94/100 brn|[from] brn
|upkeep
|turn|15
|
|t:|1779800180
|move|p2a: Cyclizar|U-turn|p1a: Alomomola
|-damage|p1a: Alomomola|85/100
|-damage|p2a: Cyclizar|78/100 brn|[from] item: Rocky Helmet|[of] p1a: Alomomola
|
|t:|1779800183
|switch|p2a: Scizor|Scizor, F|100/100|[from] U-turn
|move|p1a: Alomomola|Wish|p1a: Alomomola
|
|upkeep
|turn|16
|
|t:|1779800202
|move|p2a: Scizor|Swords Dance|p2a: Scizor
|-boost|p2a: Scizor|atk|2
|move|p1a: Alomomola|Flip Turn|p2a: Scizor
|-crit|p2a: Scizor
|-damage|p2a: Scizor|75/100
|
|t:|1779800204
|switch|p1a: Incineroar|Incineroar, F|22/100|[from] Flip Turn
|-damage|p1a: Incineroar|0 fnt|[from] Stealth Rock
|faint|p1a: Incineroar
|
|-heal|p2a: Scizor|81/100|[from] item: Leftovers
|upkeep
|
|t:|1779800208
|switch|p1a: Alomomola|Alomomola, M|100/100
|-damage|p1a: Alomomola|88/100|[from] Stealth Rock
|turn|17
|
|t:|1779800212
|move|p2a: Scizor|Swords Dance|p2a: Scizor
|-boost|p2a: Scizor|atk|2
|move|p1a: Alomomola|Scald|p2a: Scizor
|-damage|p2a: Scizor|66/100
|
|-heal|p2a: Scizor|72/100|[from] item: Leftovers
|upkeep
|turn|18
|
|t:|1779800216
|move|p2a: Scizor|Dual Wingbeat|p1a: Alomomola
|-damage|p1a: Alomomola|31/100
|-damage|p2a: Scizor|56/100|[from] item: Rocky Helmet|[of] p1a: Alomomola
|-damage|p1a: Alomomola|0 fnt
|-damage|p2a: Scizor|39/100|[from] item: Rocky Helmet|[of] p1a: Alomomola
|faint|p1a: Alomomola
|-hitcount|p1: Alomomola|2
|
|-heal|p2a: Scizor|45/100|[from] item: Leftovers
|upkeep
|-message|Shubway forfeited.
|
|win|blazingshadow46
|raw|Shubway's rating: 1390 &rarr; <strong>1373</strong><br />(-17 for losing)
|raw|blazingshadow46's rating: 1434 &rarr; <strong>1451</strong><br />(+17 for winning)
|l|☆Shubway
|player|p1|
|l|☆blazingshadow46
|player|p2|
