|j|☆lflintc
|j|☆YUUMI_MI_ESPOSA
|t:|1779894174
|gametype|singles
|player|p1|lflintc|benga|1120
|player|p2|YUUMI_MI_ESPOSA|101|1079
|gen|9
|tier|[Gen 9] OU
|rated|
|rule|HP Percentage Mod: HP is shown in percentages
|rule|Endless Battle Clause: Forcing endless battles is banned
|rule|Species Clause: Limit one of each Pokémon
|rule|OHKO Clause: OHKO moves are banned
|rule|Evasion Items Clause: Evasion items are banned
|rule|Evasion Moves Clause: Evasion moves are banned
|rule|Evasion Abilities Clause: Evasion abilities are banned
|rule|Sleep Moves Clause: Sleep-inducing moves are banned
|clearpoke
|poke|p1|Garganacl, F|
|poke|p1|Gliscor, F|
|poke|p1|Dondozo, F|
|poke|p1|Gholdengo|
|poke|p1|Moltres|
|poke|p1|Blissey, F|
|poke|p2|Kleavor, M|
|poke|p2|Zapdos-Galar|
|poke|p2|Magmortar, F|
|poke|p2|Decidueye, F|
|poke|p2|Empoleon, M|
|poke|p2|Klefki, M|
|teampreview
|
|t:|1779894179
|teamsize|p1|6
|teamsize|p2|6
|start
|switch|p1a: Garganacl|Garganacl, F|100/100
|switch|p2a: Empoleon|Empoleon, M|100/100
|turn|1
|
|t:|1779894193
|move|p2a: Empoleon|Stealth Rock|p1a: Garganacl
|-sidestart|p1: lflintc|move: Stealth Rock
|move|p1a: Garganacl|Salt Cure|p2a: Empoleon
|-resisted|p2a: Empoleon
|-crit|p2a: Empoleon
|-damage|p2a: Empoleon|90/100
|-start|p2a: Empoleon|Salt Cure
|
|-heal|p2a: Empoleon|96/100|[from] item: Leftovers
|-damage|p2a: Empoleon|71/100|[from] Salt Cure
|upkeep
|turn|2
|
|t:|1779894246
|move|p2a: Empoleon|Surf|p1a: Garganacl
|-supereffective|p1a: Garganacl
|-damage|p1a: Garganacl|32/100
|move|p1a: Garganacl|Stealth Rock|p2a: Empoleon
|-sidestart|p2: YUUMI_MI_ESPOSA|move: Stealth Rock
|
|-heal|p2a: Empoleon|77/100|[from] item: Leftovers
|-heal|p1a: Garganacl|38/100|[from] item: Leftovers
|-damage|p2a: Empoleon|52/100|[from] Salt Cure
|upkeep
|turn|3
|
|t:|1779894255
|move|p2a: Empoleon|Surf|p1a: Garganacl
|-supereffective|p1a: Garganacl
|-damage|p1a: Garganacl|0 fnt
|faint|p1a: Garganacl
|
|-heal|p2a: Empoleon|58/100|[from] item: Leftovers
|-damage|p2a: Empoleon|33/100|[from] Salt Cure
|upkeep
|
|t:|1779894266
|switch|p1a: Gholdengo|Gholdengo|100/100
|-damage|p1a: Gholdengo|94/100|[from] Stealth Rock
|turn|4
|
|t:|1779894279
|switch|p2a: Magmortar|Magmortar, F|100/100
|-damage|p2a: Magmortar|76/100|[from] Stealth Rock
|move|p1a: Gholdengo|Shadow Ball|p2a: Magmortar
|-crit|p2a: Magmortar
|-damage|p2a: Magmortar|0 fnt
|faint|p2a: Magmortar
|
|-heal|p1a: Gholdengo|100/100|[from] item: Leftovers
|upkeep
|
|t:|1779894288
|switch|p2a: Klefki|Klefki, M|100/100
|-damage|p2a: Klefki|95/100|[from] Stealth Rock
|turn|5
|
|t:|1779894308
|-terastallize|p1a: Gholdengo|Fairy
|move|p2a: Klefki|Light Screen|p2a: Klefki
|-sidestart|p2: YUUMI_MI_ESPOSA|move: Light Screen
|move|p1a: Gholdengo|Shadow Ball|p2a: Klefki
|-damage|p2a: Klefki|78/100
|
|upkeep
|turn|6
|
|t:|1779894327
|move|p2a: Klefki|Reflect|p2a: Klefki
|-sidestart|p2: YUUMI_MI_ESPOSA|Reflect
|move|p1a: Gholdengo|Shadow Ball|p2a: Klefki
|-damage|p2a: Klefki|59/100
|
|upkeep
|turn|7
|
|t:|1779894334
|move|p2a: Klefki|Spikes|p1a: Gholdengo
|-sidestart|p1: lflintc|Spikes
|move|p1a: Gholdengo|Shadow Ball|p2a: Klefki
|-damage|p2a: Klefki|40/100
|
|upkeep
|turn|8
|
|t:|1779894339
|move|p2a: Klefki|Spikes|p1a: Gholdengo
|-sidestart|p1: lflintc|Spikes
|move|p1a: Gholdengo|Shadow Ball|p2a: Klefki
|-damage|p2a: Klefki|22/100
|
|upkeep
|turn|9
|
|t:|1779894361
|move|p2a: Klefki|Spikes|p1a: Gholdengo
|-sidestart|p1: lflintc|Spikes
|move|p1a: Gholdengo|Shadow Ball|p2a: Klefki
|-damage|p2a: Klefki|5/100
|-unboost|p2a: Klefki|spd|1
|
|upkeep
|turn|10
|
|t:|1779894376
|move|p2a: Klefki|Light Screen||[still]
|-fail|p2a: Klefki
|move|p1a: Gholdengo|Shadow Ball|p2a: Klefki
|-damage|p2a: Klefki|0 fnt
|faint|p2a: Klefki
|
|upkeep
|
|t:|1779894414
|switch|p2a: Decidueye|Decidueye, F|100/100
|-damage|p2a: Decidueye|88/100|[from] Stealth Rock
|turn|11
|
|t:|1779894430
|-terastallize|p2a: Decidueye|Fairy
|move|p1a: Gholdengo|Shadow Ball|p2a: Decidueye
|-damage|p2a: Decidueye|62/100
|move|p2a: Decidueye|Swords Dance|p2a: Decidueye
|-boost|p2a: Decidueye|atk|2
|
|upkeep
|turn|12
|
|t:|1779894440
|move|p1a: Gholdengo|Nasty Plot|p1a: Gholdengo
|-boost|p1a: Gholdengo|spa|2
|move|p2a: Decidueye|Leaf Blade|p1a: Gholdengo
|-damage|p1a: Gholdengo|0 fnt
|faint|p1a: Gholdengo
|
|-sideend|p2: YUUMI_MI_ESPOSA|move: Light Screen
|upkeep
|
|t:|1779894454
|switch|p1a: Gliscor|Gliscor, F|100/100
|-damage|p1a: Gliscor|88/100|[from] Stealth Rock
|turn|13
|
|t:|1779894476
|move|p2a: Decidueye|Leaf Blade|p1a: Gliscor
|-damage|p1a: Gliscor|16/100
|move|p1a: Gliscor|Earthquake|p2a: Decidueye
|-damage|p2a: Decidueye|38/100
|
|-sideend|p2: YUUMI_MI_ESPOSA|Reflect
|-status|p1a: Gliscor|tox|[from] item: Toxic Orb
|upkeep
|turn|14
|
|t:|1779894491
|move|p2a: Decidueye|Shadow Sneak|p1a: Gliscor
|-damage|p1a: Gliscor|0 fnt
|faint|p1a: Gliscor
|
|upkeep
|
|t:|1779894496
|switch|p1a: Blissey|Blissey, F|100/100
|turn|15
|
|t:|1779894501
|move|p2a: Decidueye|Leaf Blade|p1a: Blissey
|-damage|p1a: Blissey|0 fnt
|faint|p1a: Blissey
|
|upkeep
|
|t:|1779894506
|switch|p1a: Dondozo|Dondozo, F|100/100
|-damage|p1a: Dondozo|88/100|[from] Stealth Rock
|-damage|p1a: Dondozo|63/100|[from] Spikes
|turn|16
|
|t:|1779894513
|move|p2a: Decidueye|Leaf Blade|p1a: Dondozo
|-supereffective|p1a: Dondozo
|-damage|p1a: Dondozo|23/100
|move|p1a: Dondozo|Rest|p1a: Dondozo
|-status|p1a: Dondozo|slp|[from] move: Rest
|-heal|p1a: Dondozo|100/100 slp|[silent]
|
|upkeep
|turn|17
|
|t:|1779894521
|move|p2a: Decidueye|Swords Dance|p2a: Decidueye
|-boost|p2a: Decidueye|atk|2
|cant|p1a: Dondozo|slp
|move|p1a: Dondozo|Sleep Talk|p1a: Dondozo
|move|p1a: Dondozo|Rest||[from] move: Sleep Talk|[still]
|-fail|p1a: Dondozo
|
|upkeep
|turn|18
|
|t:|1779894528
|move|p2a: Decidueye|Leaf Blade|p1a: Dondozo
|-supereffective|p1a: Dondozo
|-damage|p1a: Dondozo|62/100 slp
|cant|p1a: Dondozo|slp
|move|p1a: Dondozo|Sleep Talk|p1a: Dondozo
|move|p1a: Dondozo|Body Press|p2a: Decidueye|[from] move: Sleep Talk
|-resisted|p2a: Decidueye
|-damage|p2a: Decidueye|18/100
|
|-heal|p1a: Dondozo|68/100 slp|[from] item: Leftovers
|upkeep
|turn|19
|
|t:|1779894539
|move|p2a: Decidueye|Leaf Blade|p1a: Dondozo
|-supereffective|p1a: Dondozo
|-crit|p1a: Dondozo
|-damage|p1a: Dondozo|12/100 slp
|-curestatus|p1a: Dondozo|slp|[msg]
|move|p1a: Dondozo|Sleep Talk||[still]
|-fail|p1a: Dondozo
|
|-heal|p1a: Dondozo|18/100|[from] item: Leftovers
|upkeep
|turn|20
|
|t:|1779894548
|move|p2a: Decidueye|Leaf Blade|p1a: Dondozo
|-supereffective|p1a: Dondozo
|-crit|p1a: Dondozo
|-damage|p1a: Dondozo|0 fnt
|faint|p1a: Dondozo
|
|upkeep
|
|t:|1779894555
|switch|p1a: Moltres|Moltres|100/100
|turn|21
|
|t:|1779894568
|move|p2a: Decidueye|Shadow Sneak|p1a: Moltres
|-damage|p1a: Moltres|55/100
|move|p1a: Moltres|Flamethrower|p2a: Decidueye
|-damage|p2a: Decidueye|0 fnt
|faint|p2a: Decidueye
|
|upkeep
|
|t:|1779894593
|switch|p2a: Empoleon|Empoleon, M|33/100
|-damage|p2a: Empoleon|27/100|[from] Stealth Rock
|turn|22
|
|t:|1779894604
|move|p1a: Moltres|Will-O-Wisp|p2a: Empoleon
|-status|p2a: Empoleon|brn
|move|p2a: Empoleon|Surf|p1a: Moltres
|-supereffective|p1a: Moltres
|-damage|p1a: Moltres|0 fnt
|faint|p1a: Moltres
|
|win|YUUMI_MI_ESPOSA
|raw|lflintc's rating: 1120 &rarr; <strong>1092</strong><br />(-28 for losing)
|raw|YUUMI_MI_ESPOSA's rating: 1079 &rarr; <strong>1110</strong><br />(+31 for winning)
|l|☆YUUMI_MI_ESPOSA
|player|p2|
|l|☆lflintc
|player|p1|
