|j|☆waha8
|j|☆fifodrummer
|t:|1779870260
|gametype|singles
|player|p1|waha8|169|1411
|player|p2|fifodrummer|pokemaniac|1411
|gen|9
|tier|[Gen 9] OU
|rated|
|rule|HP Percentage Mod: HP is shown in percentages
|rule|Endless Battle Clause: Forcing endless battles is banned
|rule|Species Clause: Limit one of each Pokémon
|rule|OHKO Clause: OHKO moves are banned
|rule|Evasion Items Clause: Evasion items are banned
|rule|Evasion Moves Clause: Evasion moves are banned
|rule|Evasion Abilities Clause: Evasion abilities are banned
|rule|Sleep Moves Clause: Sleep-inducing moves are banned
|clearpoke
|poke|p1|Arcanine-Hisui, M|
|poke|p1|Scizor, F|
|poke|p1|Gholdengo|
|poke|p1|Ribombee, M|
|poke|p1|Conkeldurr, F|
|poke|p1|Clodsire, M|
|poke|p2|Pelipper, M|
|poke|p2|Raging Bolt|
|poke|p2|Overqwil, M|
|poke|p2|Ogerpon-Wellspring, F|
|poke|p2|Scizor, M|
|poke|p2|Kingdra, F|
|teampreview
|inactive|Battle timer is ON: inactive players will automatically lose when time's up. (requested by fifodrummer)
|
|t:|1779870271
|teamsize|p1|6
|teamsize|p2|6
|start
|switch|p1a: Arcanine|Arcanine-Hisui, M|100/100
|switch|p2a: Iron Claw|Scizor, M, shiny|100/100
|turn|1
|
|t:|1779870282
|-terastallize|p2a: Iron Claw|Water
|move|p1a: Arcanine|Head Smash|p2a: Iron Claw
|-damage|p2a: Iron Claw|21/100
|move|p2a: Iron Claw|Swords Dance|p2a: Iron Claw
|-boost|p2a: Iron Claw|atk|2
|
|upkeep
|turn|2
|
|t:|1779870290
|move|p1a: Arcanine|Extreme Speed|p2a: Iron Claw
|-damage|p2a: Iron Claw|0 fnt
|faint|p2a: Iron Claw
|
|upkeep
|
|t:|1779870296
|switch|p2a: The Mask|Ogerpon-Wellspring, F|100/100
|turn|3
|
|t:|1779870301
|-terastallize|p1a: Arcanine|Normal
|move|p2a: The Mask|Swords Dance|p2a: The Mask
|-boost|p2a: The Mask|atk|2
|move|p1a: Arcanine|Will-O-Wisp|p2a: The Mask
|-status|p2a: The Mask|brn
|
|-damage|p2a: The Mask|95/100 brn|[from] brn
|upkeep
|turn|4
|
|t:|1779870311
|switch|p1a: Clodsire|Clodsire, M|100/100
|move|p2a: The Mask|Ivy Cudgel|p1a: Clodsire|[anim] Ivy Cudgel Water
|-supereffective|p1a: Clodsire
|-damage|p1a: Clodsire|54/100
|
|-heal|p1a: Clodsire|60/100|[from] item: Leftovers
|-damage|p2a: The Mask|89/100 brn|[from] brn
|upkeep
|turn|5
|
|t:|1779870321
|move|p2a: The Mask|Ivy Cudgel|p1a: Clodsire|[anim] Ivy Cudgel Water
|-supereffective|p1a: Clodsire
|-damage|p1a: Clodsire|15/100
|move|p1a: Clodsire|Recover|p1a: Clodsire
|-heal|p1a: Clodsire|65/100
|
|-heal|p1a: Clodsire|71/100|[from] item: Leftovers
|-damage|p2a: The Mask|83/100 brn|[from] brn
|upkeep
|turn|6
|
|t:|1779870331
|move|p2a: The Mask|Swords Dance|p2a: The Mask
|-boost|p2a: The Mask|atk|2
|move|p1a: Clodsire|Recover|p1a: Clodsire
|-heal|p1a: Clodsire|100/100
|
|-damage|p2a: The Mask|77/100 brn|[from] brn
|upkeep
|turn|7
|
|t:|1779870339
|move|p2a: The Mask|Ivy Cudgel|p1a: Clodsire|[anim] Ivy Cudgel Water
|-supereffective|p1a: Clodsire
|-damage|p1a: Clodsire|61/100
|move|p1a: Clodsire|Earthquake|p2a: The Mask
|-resisted|p2a: The Mask
|-damage|p2a: The Mask|60/100 brn
|
|-heal|p1a: Clodsire|67/100|[from] item: Leftovers
|-damage|p2a: The Mask|54/100 brn|[from] brn
|upkeep
|turn|8
|
|t:|1779870352
|move|p2a: The Mask|Ivy Cudgel|p1a: Clodsire|[anim] Ivy Cudgel Water
|-supereffective|p1a: Clodsire
|-damage|p1a: Clodsire|23/100
|move|p1a: Clodsire|Recover|p1a: Clodsire
|-heal|p1a: Clodsire|73/100
|
|-heal|p1a: Clodsire|79/100|[from] item: Leftovers
|-damage|p2a: The Mask|48/100 brn|[from] brn
|upkeep
|turn|9
|
|t:|1779870362
|move|p2a: The Mask|Ivy Cudgel|p1a: Clodsire|[anim] Ivy Cudgel Water
|-supereffective|p1a: Clodsire
|-crit|p1a: Clodsire
|-damage|p1a: Clodsire|17/100
|move|p1a: Clodsire|Recover|p1a: Clodsire
|-heal|p1a: Clodsire|67/100
|
|-heal|p1a: Clodsire|74/100|[from] item: Leftovers
|-damage|p2a: The Mask|42/100 brn|[from] brn
|upkeep
|turn|10
|
|t:|1779870372
|move|p2a: The Mask|Horn Leech|p1a: Clodsire
|-damage|p1a: Clodsire|57/100
|-heal|p2a: The Mask|55/100 brn|[from] drain|[of] p1a: Clodsire
|move|p1a: Clodsire|Recover|p1a: Clodsire
|-heal|p1a: Clodsire|100/100
|
|-damage|p2a: The Mask|49/100 brn|[from] brn
|upkeep
|turn|11
|
|t:|1779870382
|move|p2a: The Mask|Ivy Cudgel|p1a: Clodsire|[anim] Ivy Cudgel Water
|-supereffective|p1a: Clodsire
|-damage|p1a: Clodsire|57/100
|move|p1a: Clodsire|Stealth Rock|p2a: The Mask
|-sidestart|p2: fifodrummer|move: Stealth Rock
|
|-heal|p1a: Clodsire|63/100|[from] item: Leftovers
|-damage|p2a: The Mask|43/100 brn|[from] brn
|upkeep
|turn|12
|
|t:|1779870391
|move|p2a: The Mask|Swords Dance|p2a: The Mask
|-boost|p2a: The Mask|atk|2
|move|p1a: Clodsire|Recover|p1a: Clodsire
|-heal|p1a: Clodsire|100/100
|
|-damage|p2a: The Mask|37/100 brn|[from] brn
|upkeep
|turn|13
|
|t:|1779870399
|move|p2a: The Mask|Horn Leech|p1a: Clodsire
|-damage|p1a: Clodsire|84/100
|-heal|p2a: The Mask|50/100 brn|[from] drain|[of] p1a: Clodsire
|move|p1a: Clodsire|Earthquake|p2a: The Mask
|-resisted|p2a: The Mask
|-damage|p2a: The Mask|32/100 brn
|
|-heal|p1a: Clodsire|90/100|[from] item: Leftovers
|-damage|p2a: The Mask|26/100 brn|[from] brn
|upkeep
|turn|14
|
|t:|1779870410
|move|p2a: The Mask|Ivy Cudgel|p1a: Clodsire|[anim] Ivy Cudgel Water
|-supereffective|p1a: Clodsire
|-damage|p1a: Clodsire|49/100
|move|p1a: Clodsire|Earthquake|p2a: The Mask
|-resisted|p2a: The Mask
|-damage|p2a: The Mask|9/100 brn
|
|-heal|p1a: Clodsire|55/100|[from] item: Leftovers
|-damage|p2a: The Mask|3/100 brn|[from] brn
|upkeep
|turn|15
|
|t:|1779870420
|move|p2a: The Mask|Ivy Cudgel|p1a: Clodsire|[anim] Ivy Cudgel Water
|-supereffective|p1a: Clodsire
|-damage|p1a: Clodsire|14/100
|move|p1a: Clodsire|Recover|p1a: Clodsire
|-heal|p1a: Clodsire|64/100
|
|-heal|p1a: Clodsire|71/100|[from] item: Leftovers
|-damage|p2a: The Mask|0 fnt|[from] brn
|faint|p2a: The Mask
|upkeep
|
|t:|1779870431
|switch|p2a: Nigel|Pelipper, M|100/100
|-damage|p2a: Nigel|76/100|[from] Stealth Rock
|-weather|RainDance|[from] ability: Drizzle|[of] p2a: Nigel
|turn|16
|
|t:|1779870437
|move|p2a: Nigel|Surf|p1a: Clodsire
|-supereffective|p1a: Clodsire
|-damage|p1a: Clodsire|2/100
|move|p1a: Clodsire|Toxic|p2a: Nigel
|-status|p2a: Nigel|tox
|
|-weather|RainDance|[upkeep]
|-heal|p1a: Clodsire|8/100|[from] item: Leftovers
|-damage|p2a: Nigel|70/100 tox|[from] psn
|upkeep
|turn|17
|
|t:|1779870448
|move|p2a: Nigel|U-turn|p1a: Clodsire
|-resisted|p1a: Clodsire
|-damage|p1a: Clodsire|5/100
|
|t:|1779870450
|switch|p2a: Spike|Overqwil, M, shiny|100/100|[from] U-turn
|-damage|p2a: Spike|88/100|[from] Stealth Rock
|move|p1a: Clodsire|Recover|p1a: Clodsire
|-heal|p1a: Clodsire|55/100
|
|-weather|RainDance|[upkeep]
|-heal|p1a: Clodsire|61/100|[from] item: Leftovers
|upkeep
|turn|18
|
|t:|1779870460
|move|p2a: Spike|Liquidation|p1a: Clodsire
|-supereffective|p1a: Clodsire
|-damage|p1a: Clodsire|0 fnt
|faint|p1a: Clodsire
|-damage|p2a: Spike|78/100|[from] item: Life Orb
|
|-weather|RainDance|[upkeep]
|upkeep
|
|t:|1779870472
|switch|p1a: Conkeldurr|Conkeldurr, F|100/100
|turn|19
|
|t:|1779870475
|move|p2a: Spike|Poison Jab|p1a: Conkeldurr
|-damage|p1a: Conkeldurr|45/100
|-damage|p2a: Spike|68/100|[from] item: Life Orb
|move|p1a: Conkeldurr|Drain Punch|p2a: Spike
|-damage|p2a: Spike|14/100
|-heal|p1a: Conkeldurr|69/100|[from] drain|[of] p2a: Spike
|
|-weather|RainDance|[upkeep]
|upkeep
|turn|20
|
|t:|1779870485
|move|p2a: Spike|Poison Jab|p1a: Conkeldurr
|-damage|p1a: Conkeldurr|11/100
|-damage|p2a: Spike|4/100|[from] item: Life Orb
|move|p1a: Conkeldurr|Drain Punch|p2a: Spike
|-damage|p2a: Spike|0 fnt
|-heal|p1a: Conkeldurr|13/100|[from] drain|[of] p2a: Spike
|faint|p2a: Spike
|
|-weather|RainDance|[upkeep]
|upkeep
|
|t:|1779870496
|switch|p2a: I'm a Dragon!?|Kingdra, F|100/100
|-damage|p2a: I'm a Dragon!?|88/100|[from] Stealth Rock
|turn|21
|
|t:|1779870503
|move|p2a: I'm a Dragon!?|Surf|p1a: Conkeldurr
|-damage|p1a: Conkeldurr|0 fnt
|faint|p1a: Conkeldurr
|
|-weather|RainDance|[upkeep]
|upkeep
|
|t:|1779870513
|switch|p1a: Ribombee|Ribombee, M|100/100
|turn|22
|
|t:|1779870516
|move|p2a: I'm a Dragon!?|Surf|p1a: Ribombee
|-damage|p1a: Ribombee|0 fnt
|faint|p1a: Ribombee
|
|-weather|RainDance|[upkeep]
|upkeep
|
|t:|1779870523
|switch|p1a: Scizor|Scizor, F|100/100
|turn|23
|
|t:|1779870527
|move|p1a: Scizor|Bullet Punch|p2a: I'm a Dragon!?
|-resisted|p2a: I'm a Dragon!?
|-damage|p2a: I'm a Dragon!?|68/100
|move|p2a: I'm a Dragon!?|Surf|p1a: Scizor
|-damage|p1a: Scizor|0 fnt
|faint|p1a: Scizor
|
|-weather|none
|upkeep
|
|t:|1779870534
|switch|p1a: Gholdengo|Gholdengo|100/100
|turn|24
|
|t:|1779870538
|switch|p2a: Nigel|Pelipper, M|70/100 tox
|-damage|p2a: Nigel|45/100 tox|[from] Stealth Rock
|-weather|RainDance|[from] ability: Drizzle|[of] p2a: Nigel
|move|p1a: Gholdengo|Shadow Ball|p2a: Nigel
|-damage|p2a: Nigel|0 fnt
|faint|p2a: Nigel
|
|-weather|RainDance|[upkeep]
|upkeep
|
|t:|1779870549
|switch|p2a: I'm a Dragon!?|Kingdra, F|68/100
|-damage|p2a: I'm a Dragon!?|56/100|[from] Stealth Rock
|turn|25
|
|t:|1779870553
|move|p2a: I'm a Dragon!?|Surf|p1a: Gholdengo
|-damage|p1a: Gholdengo|0 fnt
|faint|p1a: Gholdengo
|
|-weather|RainDance|[upkeep]
|upkeep
|
|t:|1779870557
|switch|p1a: Arcanine|Arcanine-Hisui, M, tera:Normal|100/100
|turn|26
|
|t:|1779870562
|move|p1a: Arcanine|Extreme Speed|p2a: I'm a Dragon!?
|-damage|p2a: I'm a Dragon!?|5/100
|move|p2a: I'm a Dragon!?|Surf|p1a: Arcanine
|-damage|p1a: Arcanine|0 fnt
|faint|p1a: Arcanine
|
|win|fifodrummer
|raw|waha8's rating: 1411 &rarr; <strong>1391</strong><br />(-20 for losing)
|raw|fifodrummer's rating: 1411 &rarr; <strong>1431</strong><br />(+20 for winning)
|c|☆waha8|gg
|l|☆waha8
|player|p1|
|c|☆fifodrummer|Ggs
|l|☆fifodrummer
|player|p2|
