|j|☆whisperingcloth
|j|☆jujuboy420
|t:|1779860847
|gametype|singles
|player|p1|whisperingcloth|170|1478
|player|p2|jujuboy420|youngster-gen4dp|1416
|gen|9
|tier|[Gen 9] OU
|rated|
|rule|HP Percentage Mod: HP is shown in percentages
|rule|Endless Battle Clause: Forcing endless battles is banned
|rule|Species Clause: Limit one of each Pokémon
|rule|OHKO Clause: OHKO moves are banned
|rule|Evasion Items Clause: Evasion items are banned
|rule|Evasion Moves Clause: Evasion moves are banned
|rule|Evasion Abilities Clause: Evasion abilities are banned
|rule|Sleep Moves Clause: Sleep-inducing moves are banned
|clearpoke
|poke|p1|Scizor, M|
|poke|p1|Deoxys-Speed|
|poke|p1|Garganacl, M|
|poke|p1|Volcanion|
|poke|p1|Great Tusk|
|poke|p1|Zapdos|
|poke|p2|Weavile, M|
|poke|p2|Slowking-Galar, M|
|poke|p2|Sinistcha|
|poke|p2|Iron Moth|
|poke|p2|Zamazenta-*|
|poke|p2|Iron Treads|
|teampreview
|inactive|Battle timer is ON: inactive players will automatically lose when time's up. (requested by jujuboy420)
|inactive|whisperingcloth also wants the timer to be on.
|
|t:|1779860861
|teamsize|p1|6
|teamsize|p2|6
|start
|switch|p1a: Scizor|Scizor, M|100/100
|switch|p2a: Slowking|Slowking-Galar, M|100/100
|turn|1
|
|t:|1779860871
|switch|p2a: Zamazenta|Zamazenta|100/100
|-ability|p2a: Zamazenta|Dauntless Shield|boost
|-boost|p2a: Zamazenta|def|1
|move|p1a: Scizor|U-turn|p2a: Zamazenta
|-resisted|p2a: Zamazenta
|-damage|p2a: Zamazenta|81/100
|
|t:|1779860878
|switch|p1a: Zapdos|Zapdos|100/100|[from] U-turn
|
|-heal|p2a: Zamazenta|87/100|[from] item: Leftovers
|upkeep
|turn|2
|
|t:|1779860888
|switch|p2a: Slowking|Slowking-Galar, M|100/100
|move|p1a: Zapdos|Hurricane|p2a: Slowking
|-damage|p2a: Slowking|74/100
|-start|p2a: Slowking|confusion
|
|upkeep
|turn|3
|
|t:|1779860892
|move|p1a: Zapdos|Thunder Wave|p2a: Slowking
|-status|p2a: Slowking|par
|-prepare|p2a: Slowking|Chilly Reception|[premajor]
|-activate|p2a: Slowking|confusion
|move|p2a: Slowking|Chilly Reception|p2a: Slowking
|-weather|Snowscape
|
|t:|1779860895
|switch|p2a: Von|Weavile, M|100/100|[from] Chilly Reception
|
|-weather|Snowscape|[upkeep]
|upkeep
|turn|4
|
|t:|1779860900
|switch|p1a: Garganacl|Garganacl, M|100/100
|move|p2a: Von|Triple Axel|p1a: Garganacl
|-damage|p1a: Garganacl|93/100
|-damage|p1a: Garganacl|75/100
|-damage|p1a: Garganacl|51/100
|-hitcount|p1a: Garganacl|3
|-damage|p2a: Von|91/100|[from] item: Life Orb
|
|-weather|Snowscape|[upkeep]
|-heal|p1a: Garganacl|58/100|[from] item: Leftovers
|upkeep
|turn|5
|
|t:|1779860914
|move|p2a: Von|Knock Off|p1a: Garganacl
|-damage|p1a: Garganacl|21/100
|-enditem|p1a: Garganacl|Leftovers|[from] move: Knock Off|[of] p2a: Von
|-damage|p2a: Von|81/100|[from] item: Life Orb
|move|p1a: Garganacl|Salt Cure|p2a: Von
|-supereffective|p2a: Von
|-damage|p2a: Von|50/100
|-start|p2a: Von|Salt Cure
|
|-weather|Snowscape|[upkeep]
|-damage|p2a: Von|38/100|[from] Salt Cure
|upkeep
|turn|6
|
|t:|1779860922
|switch|p2a: Iron Treads|Iron Treads|100/100
|-item|p2a: Iron Treads|Air Balloon
|move|p1a: Garganacl|Protect||[still]
|-fail|p1a: Garganacl
|
|-weather|Snowscape|[upkeep]
|upkeep
|turn|7
|
|t:|1779860928
|move|p2a: Iron Treads|Stealth Rock|p1a: Garganacl
|-sidestart|p1: whisperingcloth|move: Stealth Rock
|move|p1a: Garganacl|Salt Cure|p2a: Iron Treads
|-resisted|p2a: Iron Treads
|-damage|p2a: Iron Treads|97/100
|-start|p2a: Iron Treads|Salt Cure
|-enditem|p2a: Iron Treads|Air Balloon
|
|-weather|none
|-damage|p2a: Iron Treads|73/100|[from] Salt Cure
|upkeep
|turn|8
|
|t:|1779860934
|-end|p2a: Iron Treads|Quark Drive|[silent]
|switch|p2a: Slowking|Slowking-Galar, M|100/100 par
|move|p1a: Garganacl|Recover|p1a: Garganacl
|-heal|p1a: Garganacl|71/100
|
|upkeep
|turn|9
|
|t:|1779860939
|move|p1a: Garganacl|Stealth Rock|p2a: Slowking
|-sidestart|p2: jujuboy420|move: Stealth Rock
|move|p2a: Slowking|Future Sight|p1a: Garganacl
|-start|p2a: Slowking|move: Future Sight
|
|upkeep
|turn|10
|
|t:|1779860942
|move|p1a: Garganacl|Recover|p1a: Garganacl
|-heal|p1a: Garganacl|100/100
|-prepare|p2a: Slowking|Chilly Reception|[premajor]
|move|p2a: Slowking|Chilly Reception|p2a: Slowking
|-weather|Snowscape
|
|t:|1779860947
|switch|p2a: Sinistcha|Sinistcha|100/100|[from] Chilly Reception
|
|-weather|Snowscape|[upkeep]
|upkeep
|turn|11
|
|t:|1779860951
|move|p2a: Sinistcha|Matcha Gotcha|p1a: Garganacl
|-supereffective|p1a: Garganacl
|-damage|p1a: Garganacl|60/100
|move|p1a: Garganacl|Salt Cure|p2a: Sinistcha
|-damage|p2a: Sinistcha|90/100
|-start|p2a: Sinistcha|Salt Cure
|
|-weather|Snowscape|[upkeep]
|-end|p1a: Garganacl|move: Future Sight
|-damage|p1a: Garganacl|26/100
|-damage|p2a: Sinistcha|78/100|[from] Salt Cure
|upkeep
|turn|12
|
|t:|1779860967
|switch|p1a: Zapdos|Zapdos|100/100
|move|p2a: Sinistcha|Shadow Ball|p1a: Zapdos
|-damage|p1a: Zapdos|66/100
|
|-weather|Snowscape|[upkeep]
|-damage|p2a: Sinistcha|65/100|[from] Salt Cure
|upkeep
|turn|13
|
|t:|1779860976
|switch|p2a: Slowking|Slowking-Galar, M|100/100 par
|move|p1a: Zapdos|Volt Switch|p2a: Slowking
|-damage|p2a: Slowking|83/100 par
|
|t:|1779860978
|switch|p1a: Scizor|Scizor, M|100/100|[from] Volt Switch
|-damage|p1a: Scizor|88/100|[from] Stealth Rock
|
|-weather|Snowscape|[upkeep]
|upkeep
|turn|14
|
|t:|1779860986
|switch|p2a: Zamazenta|Zamazenta|87/100
|-damage|p2a: Zamazenta|81/100|[from] Stealth Rock
|move|p1a: Scizor|Knock Off|p2a: Zamazenta
|-resisted|p2a: Zamazenta
|-damage|p2a: Zamazenta|54/100
|-enditem|p2a: Zamazenta|Leftovers|[from] move: Knock Off|[of] p1a: Scizor
|
|-weather|none
|upkeep
|turn|15
|
|t:|1779860999
|switch|p2a: Iron Treads|Iron Treads|73/100
|-damage|p2a: Iron Treads|69/100|[from] Stealth Rock
|switch|p1a: Zapdos|Zapdos|66/100
|
|upkeep
|turn|16
|
|t:|1779861009
|move|p2a: Iron Treads|Rapid Spin|p1a: Zapdos
|-damage|p1a: Zapdos|57/100
|-boost|p2a: Iron Treads|spe|1
|-sideend|p2: jujuboy420|Stealth Rock|[from] move: Rapid Spin|[of] p2a: Iron Treads
|move|p1a: Zapdos|Hurricane|p2a: Iron Treads
|-resisted|p2a: Iron Treads
|-damage|p2a: Iron Treads|36/100
|
|upkeep
|turn|17
|
|t:|1779861014
|-end|p2a: Iron Treads|Quark Drive|[silent]
|switch|p2a: Iron Moth|Iron Moth|100/100
|-enditem|p2a: Iron Moth|Booster Energy
|-activate|p2a: Iron Moth|ability: Quark Drive|[fromitem]
|-start|p2a: Iron Moth|quarkdrivespa
|move|p1a: Zapdos|Roost|p1a: Zapdos
|-heal|p1a: Zapdos|100/100
|-singleturn|p1a: Zapdos|move: Roost
|
|upkeep
|turn|18
|
|t:|1779861025
|switch|p1a: Garganacl|Garganacl, M|26/100
|-damage|p1a: Garganacl|14/100|[from] Stealth Rock
|move|p2a: Iron Moth|Fiery Dance|p1a: Garganacl
|-resisted|p1a: Garganacl
|-crit|p1a: Garganacl
|-damage|p1a: Garganacl|0 fnt
|faint|p1a: Garganacl
|
|upkeep
|
|t:|1779861032
|switch|p1a: Deoxys|Deoxys-Speed|100/100
|-damage|p1a: Deoxys|88/100|[from] Stealth Rock
|-ability|p1a: Deoxys|Pressure
|turn|19
|
|t:|1779861035
|move|p1a: Deoxys|Psycho Boost|p2a: Iron Moth
|-supereffective|p2a: Iron Moth
|-damage|p2a: Iron Moth|0 fnt
|-unboost|p1a: Deoxys|spa|2
|faint|p2a: Iron Moth
|-end|p2a: Iron Moth|Quark Drive|[silent]
|-enditem|p1a: Deoxys|Eject Pack
|
|t:|1779861042
|switch|p1a: Scizor|Scizor, M|88/100
|-damage|p1a: Scizor|76/100|[from] Stealth Rock
|
|upkeep
|
|t:|1779861048
|switch|p2a: Zamazenta|Zamazenta|54/100
|turn|20
|
|t:|1779861059
|switch|p1a: Zapdos|Zapdos|100/100
|move|p2a: Zamazenta|Iron Defense|p2a: Zamazenta
|-boost|p2a: Zamazenta|def|2
|
|upkeep
|turn|21
|
|t:|1779861065
|switch|p2a: Slowking|Slowking-Galar, M|100/100 par
|move|p1a: Zapdos|Hurricane|p2a: Slowking
|-damage|p2a: Slowking|73/100 par
|
|upkeep
|turn|22
|
|t:|1779861068
|move|p1a: Zapdos|Volt Switch|p2a: Slowking
|-damage|p2a: Slowking|57/100 par
|
|t:|1779861073
|switch|p1a: Volcanion|Volcanion|100/100|[from] Volt Switch
|-damage|p1a: Volcanion|75/100|[from] Stealth Rock
|-prepare|p2a: Slowking|Chilly Reception|[premajor]
|move|p2a: Slowking|Chilly Reception|p2a: Slowking
|-weather|Snowscape
|
|t:|1779861081
|switch|p2a: Von|Weavile, M|38/100|[from] Chilly Reception
|
|-weather|Snowscape|[upkeep]
|upkeep
|turn|23
|
|t:|1779861088
|move|p2a: Von|Knock Off|p1a: Volcanion
|-damage|p1a: Volcanion|24/100
|-enditem|p1a: Volcanion|Shuca Berry|[from] move: Knock Off|[of] p2a: Von
|-damage|p2a: Von|28/100|[from] item: Life Orb
|move|p1a: Volcanion|Flamethrower|p2a: Von
|-supereffective|p2a: Von
|-damage|p2a: Von|0 fnt
|faint|p2a: Von
|
|-weather|Snowscape|[upkeep]
|upkeep
|
|t:|1779861098
|switch|p2a: Sinistcha|Sinistcha|65/100
|turn|24
|
|t:|1779861109
|switch|p2a: Slowking|Slowking-Galar, M|90/100 par
|move|p1a: Volcanion|Flamethrower|p2a: Slowking
|-damage|p2a: Slowking|61/100 par
|
|-weather|Snowscape|[upkeep]
|upkeep
|turn|25
|
|t:|1779861117
|move|p1a: Volcanion|Taunt|p2a: Slowking
|-start|p2a: Slowking|move: Taunt
|move|p2a: Slowking|Sludge Bomb|p1a: Volcanion
|-damage|p1a: Volcanion|0 fnt
|faint|p1a: Volcanion
|
|-weather|Snowscape|[upkeep]
|upkeep
|
|t:|1779861120
|switch|p1a: Scizor|Scizor, M|76/100
|-damage|p1a: Scizor|63/100|[from] Stealth Rock
|turn|26
|
|t:|1779861127
|move|p1a: Scizor|U-turn|p2a: Slowking
|-damage|p2a: Slowking|0 fnt
|faint|p2a: Slowking
|
|t:|1779861133
|switch|p1a: Deoxys|Deoxys-Speed|88/100|[from] U-turn
|-damage|p1a: Deoxys|76/100|[from] Stealth Rock
|-ability|p1a: Deoxys|Pressure
|
|-weather|none
|upkeep
|
|t:|1779861140
|switch|p2a: Sinistcha|Sinistcha|65/100
|turn|27
|
|t:|1779861146
|move|p1a: Deoxys|Knock Off|p2a: Sinistcha
|-supereffective|p2a: Sinistcha
|-damage|p2a: Sinistcha|29/100
|-enditem|p2a: Sinistcha|Heavy-Duty Boots|[from] move: Knock Off|[of] p1a: Deoxys
|move|p2a: Sinistcha|Strength Sap|p1a: Deoxys
|-unboost|p1a: Deoxys|atk|1
|-heal|p2a: Sinistcha|100/100
|
|upkeep
|turn|28
|
|t:|1779861148
|move|p1a: Deoxys|Psycho Boost|p2a: Sinistcha
|-damage|p2a: Sinistcha|34/100
|-unboost|p1a: Deoxys|spa|2
|move|p2a: Sinistcha|Calm Mind|p2a: Sinistcha
|-boost|p2a: Sinistcha|spa|1
|-boost|p2a: Sinistcha|spd|1
|
|upkeep
|turn|29
|
|t:|1779861155
|switch|p1a: Scizor|Scizor, M|63/100
|-damage|p1a: Scizor|51/100|[from] Stealth Rock
|move|p2a: Sinistcha|Strength Sap|p1a: Scizor
|-unboost|p1a: Scizor|atk|1
|-heal|p2a: Sinistcha|100/100
|
|upkeep
|turn|30
|
|t:|1779861164
|move|p1a: Scizor|U-turn|p2a: Sinistcha
|-damage|p2a: Sinistcha|71/100
|
|t:|1779861167
|switch|p1a: Zapdos|Zapdos|100/100|[from] U-turn
|move|p2a: Sinistcha|Calm Mind|p2a: Sinistcha
|-boost|p2a: Sinistcha|spa|1
|-boost|p2a: Sinistcha|spd|1
|
|upkeep
|turn|31
|
|t:|1779861173
|-terastallize|p2a: Sinistcha|Fairy
|move|p1a: Zapdos|Thunder Wave|p2a: Sinistcha
|-status|p2a: Sinistcha|par
|move|p2a: Sinistcha|Shadow Ball|p1a: Zapdos
|-damage|p1a: Zapdos|32/100
|
|upkeep
|turn|32
|
|t:|1779861180
|move|p1a: Zapdos|Hurricane|p2a: Sinistcha
|-damage|p2a: Sinistcha|44/100 par
|-start|p2a: Sinistcha|confusion
|-activate|p2a: Sinistcha|confusion
|move|p2a: Sinistcha|Strength Sap|p1a: Zapdos
|-unboost|p1a: Zapdos|atk|1
|-heal|p2a: Sinistcha|92/100 par
|
|upkeep
|turn|33
|
|t:|1779861183
|move|p1a: Zapdos|Hurricane|p2a: Sinistcha
|-damage|p2a: Sinistcha|67/100 par
|-end|p2a: Sinistcha|confusion
|move|p2a: Sinistcha|Shadow Ball|p1a: Zapdos
|-damage|p1a: Zapdos|0 fnt
|faint|p1a: Zapdos
|
|upkeep
|
|t:|1779861185
|switch|p1a: Scizor|Scizor, M|51/100
|-damage|p1a: Scizor|38/100|[from] Stealth Rock
|turn|34
|
|t:|1779861188
|move|p1a: Scizor|Bullet Punch|p2a: Sinistcha
|-supereffective|p2a: Sinistcha
|-damage|p2a: Sinistcha|0 fnt
|faint|p2a: Sinistcha
|
|upkeep
|
|t:|1779861196
|switch|p2a: Iron Treads|Iron Treads|36/100
|turn|35
|
|t:|1779861201
|move|p1a: Scizor|Bullet Punch|p2a: Iron Treads
|-resisted|p2a: Iron Treads
|-damage|p2a: Iron Treads|14/100
|move|p2a: Iron Treads|Earth Power|p1a: Scizor
|-damage|p1a: Scizor|0 fnt
|faint|p1a: Scizor
|
|upkeep
|
|t:|1779861202
|switch|p1a: Great Tusk|Great Tusk|100/100
|turn|36
|
|t:|1779861213
|move|p2a: Iron Treads|Earth Power|p1a: Great Tusk
|-damage|p1a: Great Tusk|52/100
|move|p1a: Great Tusk|Rapid Spin|p2a: Iron Treads
|-resisted|p2a: Iron Treads
|-damage|p2a: Iron Treads|6/100
|-boost|p1a: Great Tusk|spe|1
|-sideend|p1: whisperingcloth|Stealth Rock|[from] move: Rapid Spin|[of] p1a: Great Tusk
|
|upkeep
|turn|37
|
|t:|1779861219
|move|p1a: Great Tusk|Knock Off|p2a: Iron Treads
|-damage|p2a: Iron Treads|0 fnt
|faint|p2a: Iron Treads
|-end|p2a: Iron Treads|Quark Drive|[silent]
|
|upkeep
|
|t:|1779861221
|switch|p2a: Zamazenta|Zamazenta|54/100
|turn|38
|
|t:|1779861228
|move|p1a: Great Tusk|Headlong Rush|p2a: Zamazenta
|-crit|p2a: Zamazenta
|-damage|p2a: Zamazenta|0 fnt
|-unboost|p1a: Great Tusk|def|1
|-unboost|p1a: Great Tusk|spd|1
|faint|p2a: Zamazenta
|
|win|whisperingcloth
|raw|whisperingcloth's rating: 1478 &rarr; <strong>1494</strong><br />(+16 for winning)
|raw|jujuboy420's rating: 1416 &rarr; <strong>1400</strong><br />(-16 for losing)
|l|☆jujuboy420
|player|p2|
|l|☆whisperingcloth
|player|p1|
