|j|☆Cakdink
|j|☆little bite
|t:|1779924169
|gametype|singles
|player|p1|Cakdink|acetrainer-gen4|1091
|player|p2|little bite|102|1000
|gen|9
|tier|[Gen 9] OU
|rated|
|rule|HP Percentage Mod: HP is shown in percentages
|rule|Endless Battle Clause: Forcing endless battles is banned
|rule|Species Clause: Limit one of each Pokémon
|rule|OHKO Clause: OHKO moves are banned
|rule|Evasion Items Clause: Evasion items are banned
|rule|Evasion Moves Clause: Evasion moves are banned
|rule|Evasion Abilities Clause: Evasion abilities are banned
|rule|Sleep Moves Clause: Sleep-inducing moves are banned
|clearpoke
|poke|p1|Amoonguss, F|
|poke|p1|Gastrodon-East, F|
|poke|p1|Goodra-Hisui, F|
|poke|p1|Ceruledge, M|
|poke|p1|Thundurus-Therian, M|
|poke|p1|Mandibuzz, F|
|poke|p2|Gliscor, M|
|poke|p2|Kingambit, F|
|poke|p2|Chesnaught, M|
|poke|p2|Maushold-Four|
|poke|p2|Metagross|
|poke|p2|Raging Bolt|
|teampreview
|inactive|Battle timer is ON: inactive players will automatically lose when time's up. (requested by Cakdink)
|
|t:|1779924188
|teamsize|p1|6
|teamsize|p2|6
|start
|switch|p1a: Goodra|Goodra-Hisui, F|100/100
|switch|p2a: Gliscor|Gliscor, M|100/100
|turn|1
|
|t:|1779924195
|move|p2a: Gliscor|Swords Dance|p2a: Gliscor
|-boost|p2a: Gliscor|atk|2
|move|p1a: Goodra|Blizzard|p2a: Gliscor
|-supereffective|p2a: Gliscor
|-damage|p2a: Gliscor|0 fnt
|faint|p2a: Gliscor
|
|upkeep
|
|t:|1779924217
|switch|p2a: Metagross|Metagross|100/100
|turn|2
|
|t:|1779924237
|switch|p1a: Gastrodon|Gastrodon-East, F|100/100
|move|p2a: Metagross|Body Press|p1a: Gastrodon
|-damage|p1a: Gastrodon|77/100
|-damage|p2a: Metagross|84/100|[from] item: Rocky Helmet|[of] p1a: Gastrodon
|
|upkeep
|turn|3
|
|t:|1779924246
|switch|p2a: Chesnaught|Chesnaught, M|100/100
|move|p1a: Gastrodon|Stealth Rock|p2a: Chesnaught
|-sidestart|p2: little bite|move: Stealth Rock
|
|upkeep
|turn|4
|
|t:|1779924256
|switch|p1a: Amoonguss|Amoonguss, F|100/100
|move|p2a: Chesnaught|Iron Defense|p2a: Chesnaught
|-boost|p2a: Chesnaught|def|2
|
|upkeep
|turn|5
|
|t:|1779924270
|move|p2a: Chesnaught|Body Press|p1a: Amoonguss
|-resisted|p1a: Amoonguss
|-damage|p1a: Amoonguss|71/100
|move|p1a: Amoonguss|Toxic|p2a: Chesnaught
|-status|p2a: Chesnaught|tox
|
|-heal|p1a: Amoonguss|78/100|[from] item: Black Sludge
|-damage|p2a: Chesnaught|95/100 tox|[from] psn
|upkeep
|turn|6
|
|t:|1779924282
|move|p2a: Chesnaught|Iron Defense|p2a: Chesnaught
|-boost|p2a: Chesnaught|def|2
|move|p1a: Amoonguss|Synthesis|p1a: Amoonguss
|-heal|p1a: Amoonguss|100/100
|
|-heal|p2a: Chesnaught|100/100 tox|[from] item: Leftovers
|-damage|p2a: Chesnaught|89/100 tox|[from] psn
|upkeep
|turn|7
|
|t:|1779924294
|move|p2a: Chesnaught|Iron Defense|p2a: Chesnaught
|-boost|p2a: Chesnaught|def|2
|move|p1a: Amoonguss|Sludge Bomb|p2a: Chesnaught
|-supereffective|p2a: Chesnaught
|-damage|p2a: Chesnaught|32/100 tox
|
|-heal|p2a: Chesnaught|38/100 tox|[from] item: Leftovers
|-damage|p2a: Chesnaught|20/100 tox|[from] psn
|upkeep
|turn|8
|
|t:|1779924308
|switch|p1a: Ceruledge|Ceruledge, M|100/100
|move|p2a: Chesnaught|Body Press|p1a: Ceruledge
|-immune|p1a: Ceruledge
|
|-heal|p2a: Chesnaught|26/100 tox|[from] item: Leftovers
|-damage|p2a: Chesnaught|2/100 tox|[from] psn
|upkeep
|turn|9
|
|t:|1779924319
|move|p1a: Ceruledge|Bitter Blade|p2a: Chesnaught
|-supereffective|p2a: Chesnaught
|-damage|p2a: Chesnaught|0 fnt
|faint|p2a: Chesnaught
|
|upkeep
|
|t:|1779924334
|switch|p2a: Raging Bolt|Raging Bolt|100/100
|-damage|p2a: Raging Bolt|88/100|[from] Stealth Rock
|-enditem|p2a: Raging Bolt|Booster Energy
|-activate|p2a: Raging Bolt|ability: Protosynthesis|[fromitem]
|-start|p2a: Raging Bolt|protosynthesisspa
|turn|10
|
|t:|1779924345
|move|p1a: Ceruledge|Bitter Blade|p2a: Raging Bolt
|-resisted|p2a: Raging Bolt
|-damage|p2a: Raging Bolt|68/100
|move|p2a: Raging Bolt|Thunder Wave|p1a: Ceruledge|[miss]
|-miss|p2a: Raging Bolt|p1a: Ceruledge
|
|upkeep
|turn|11
|
|t:|1779924353
|switch|p1a: Thundurus|Thundurus-Therian, M|100/100
|move|p2a: Raging Bolt|Thunder Wave|p1a: Thundurus
|-immune|p1a: Thundurus|[from] ability: Volt Absorb
|
|upkeep
|turn|12
|
|t:|1779924367
|-end|p2a: Raging Bolt|Protosynthesis|[silent]
|switch|p2a: Metagross|Metagross|84/100
|-damage|p2a: Metagross|78/100|[from] Stealth Rock
|move|p1a: Thundurus|Psychic|p2a: Metagross
|-resisted|p2a: Metagross
|-damage|p2a: Metagross|71/100
|
|upkeep
|turn|13
|
|t:|1779924378
|move|p1a: Thundurus|Thunder Wave|p2a: Metagross
|-status|p2a: Metagross|par
|move|p2a: Metagross|Body Press|p1a: Thundurus
|-resisted|p1a: Thundurus
|-damage|p1a: Thundurus|78/100
|
|upkeep
|turn|14
|
|t:|1779924389
|move|p1a: Thundurus|Volt Switch|p2a: Metagross
|-damage|p2a: Metagross|37/100 par
|
|t:|1779924393
|switch|p1a: Ceruledge|Ceruledge, M|100/100|[from] Volt Switch
|move|p2a: Metagross|Psychic Fangs|p1a: Ceruledge
|-damage|p1a: Ceruledge|35/100
|
|upkeep
|turn|15
|
|t:|1779924403
|switch|p2a: Raging Bolt|Raging Bolt|68/100
|-damage|p2a: Raging Bolt|56/100|[from] Stealth Rock
|move|p1a: Ceruledge|Bitter Blade|p2a: Raging Bolt
|-resisted|p2a: Raging Bolt
|-damage|p2a: Raging Bolt|36/100
|-heal|p1a: Ceruledge|48/100|[from] drain|[of] p2a: Raging Bolt
|
|upkeep
|turn|16
|
|t:|1779924414
|switch|p1a: Thundurus|Thundurus-Therian, M|78/100
|move|p2a: Raging Bolt|Earthquake|p1a: Thundurus
|-immune|p1a: Thundurus
|
|upkeep
|turn|17
|
|t:|1779924424
|-end|p2a: Raging Bolt|Protosynthesis|[silent]
|switch|p2a: Maushold|Maushold-Four|100/100
|-damage|p2a: Maushold|88/100|[from] Stealth Rock
|move|p1a: Thundurus|Dark Pulse|p2a: Maushold
|-damage|p2a: Maushold|43/100
|
|upkeep
|turn|18
|
|t:|1779924439
|move|p1a: Thundurus|Thunder Wave|p2a: Maushold
|-status|p2a: Maushold|par
|move|p2a: Maushold|Population Bomb|p1a: Thundurus
|-damage|p1a: Thundurus|67/100
|-damage|p1a: Thundurus|56/100
|-hitcount|p1a: Thundurus|2
|
|upkeep
|turn|19
|
|t:|1779924452
|move|p1a: Thundurus|Volt Switch|p2a: Maushold
|-damage|p2a: Maushold|0 fnt
|faint|p2a: Maushold
|
|t:|1779924459
|switch|p1a: Ceruledge|Ceruledge, M|48/100|[from] Volt Switch
|
|upkeep
|
|t:|1779924464
|switch|p2a: Raging Bolt|Raging Bolt|36/100
|-damage|p2a: Raging Bolt|24/100|[from] Stealth Rock
|turn|20
|
|t:|1779924471
|switch|p1a: Thundurus|Thundurus-Therian, M|56/100
|-end|p2a: Raging Bolt|Protosynthesis|[silent]
|switch|p2a: Metagross|Metagross|37/100 par
|-damage|p2a: Metagross|31/100 par|[from] Stealth Rock
|
|upkeep
|turn|21
|
|t:|1779924482
|move|p1a: Thundurus|Dark Pulse|p2a: Metagross
|-supereffective|p2a: Metagross
|-damage|p2a: Metagross|0 fnt
|faint|p2a: Metagross
|
|upkeep
|
|t:|1779924496
|switch|p2a: Raging Bolt|Raging Bolt|24/100
|-damage|p2a: Raging Bolt|11/100|[from] Stealth Rock
|turn|22
|
|t:|1779924516
|move|p1a: Thundurus|Volt Switch|p2a: Raging Bolt
|-resisted|p2a: Raging Bolt
|-damage|p2a: Raging Bolt|2/100
|
|t:|1779924523
|switch|p1a: Gastrodon|Gastrodon-East, F|77/100|[from] Volt Switch
|move|p2a: Raging Bolt|Earthquake|p1a: Gastrodon
|-crit|p1a: Gastrodon
|-damage|p1a: Gastrodon|50/100
|
|upkeep
|turn|23
|
|t:|1779924532
|move|p2a: Raging Bolt|Earthquake|p1a: Gastrodon
|-damage|p1a: Gastrodon|33/100
|move|p1a: Gastrodon|Chilling Water|p2a: Raging Bolt
|-resisted|p2a: Raging Bolt
|-damage|p2a: Raging Bolt|0 fnt
|faint|p2a: Raging Bolt
|-end|p2a: Raging Bolt|Protosynthesis|[silent]
|
|upkeep
|
|t:|1779924540
|switch|p2a: Kingambit|Kingambit, F|100/100
|-damage|p2a: Kingambit|94/100|[from] Stealth Rock
|-activate|p2a: Kingambit|ability: Supreme Overlord
|-start|p2a: Kingambit|fallen5|[silent]
|turn|24
|
|t:|1779924560
|move|p2a: Kingambit|Foul Play|p1a: Gastrodon
|-crit|p1a: Gastrodon
|-damage|p1a: Gastrodon|0 fnt
|-damage|p2a: Kingambit|78/100|[from] item: Rocky Helmet|[of] p1a: Gastrodon
|faint|p1a: Gastrodon
|
|upkeep
|
|t:|1779924568
|switch|p1a: Ceruledge|Ceruledge, M|48/100
|turn|25
|
|t:|1779924571
|move|p1a: Ceruledge|Destiny Bond|p1a: Ceruledge
|-singlemove|p1a: Ceruledge|Destiny Bond
|move|p2a: Kingambit|Foul Play|p1a: Ceruledge
|-supereffective|p1a: Ceruledge
|-damage|p1a: Ceruledge|0 fnt
|faint|p1a: Ceruledge
|-activate|p1a: Ceruledge|move: Destiny Bond
|faint|p2a: Kingambit
|-end|p2a: Kingambit|fallen5|[silent]
|
|win|Cakdink
|raw|Cakdink's rating: 1091 &rarr; <strong>1111</strong><br />(+20 for winning)
|raw|little bite's rating: 1000 &rarr; <strong>1000</strong><br />(+0 for losing)
|l|☆little bite
|player|p2|
