|j|☆claudechamp
|j|☆MewEnRage
|t:|1779883384
|gametype|singles
|player|p1|claudechamp|169|1330
|player|p2|MewEnRage|falkner|1272
|gen|9
|tier|[Gen 9] OU
|rated|
|rule|HP Percentage Mod: HP is shown in percentages
|rule|Endless Battle Clause: Forcing endless battles is banned
|rule|Species Clause: Limit one of each Pokémon
|rule|OHKO Clause: OHKO moves are banned
|rule|Evasion Items Clause: Evasion items are banned
|rule|Evasion Moves Clause: Evasion moves are banned
|rule|Evasion Abilities Clause: Evasion abilities are banned
|rule|Sleep Moves Clause: Sleep-inducing moves are banned
|clearpoke
|poke|p1|Gliscor, F|
|poke|p1|Gholdengo|
|poke|p1|Zamazenta-*|
|poke|p1|Blissey, F|
|poke|p1|Skarmory, F|
|poke|p1|Pecharunt|
|poke|p2|Smeargle, M|
|poke|p2|Gholdengo|
|poke|p2|Zamazenta-*|
|poke|p2|Goodra, M|
|poke|p2|Landorus-Therian, M|
|poke|p2|Forretress, F|
|teampreview
|c|☆claudechamp|hf
|inactive|Battle timer is ON: inactive players will automatically lose when time's up. (requested by claudechamp)
|c|☆MewEnRage|gl hf
|
|t:|1779883396
|teamsize|p1|6
|teamsize|p2|6
|start
|switch|p1a: Skarmory|Skarmory, F|100/100
|switch|p2a: Forretress|Forretress, F|100/100
|turn|1
|
|t:|1779883401
|move|p1a: Skarmory|Spikes|p2a: Forretress
|-sidestart|p2: MewEnRage|Spikes
|move|p2a: Forretress|Spikes|p1a: Skarmory
|-sidestart|p1: claudechamp|Spikes
|
|upkeep
|turn|2
|
|t:|1779883403
|move|p1a: Skarmory|Spikes|p2a: Forretress
|-sidestart|p2: MewEnRage|Spikes
|move|p2a: Forretress|Spikes|p1a: Skarmory
|-sidestart|p1: claudechamp|Spikes
|
|upkeep
|turn|3
|
|t:|1779883408
|switch|p1a: Gliscor|Gliscor, F|100/100
|move|p2a: Forretress|Rapid Spin|p1a: Gliscor
|-damage|p1a: Gliscor|91/100
|-boost|p2a: Forretress|spe|1
|-sideend|p2: MewEnRage|Spikes|[from] move: Rapid Spin|[of] p2a: Forretress
|
|-status|p1a: Gliscor|tox|[from] item: Toxic Orb
|upkeep
|turn|4
|
|t:|1779883412
|move|p1a: Gliscor|Knock Off|p2a: Forretress
|-damage|p2a: Forretress|89/100
|-damage|p1a: Gliscor|75/100 tox|[from] item: Rocky Helmet|[of] p2a: Forretress
|-enditem|p2a: Forretress|Rocky Helmet|[from] move: Knock Off|[of] p1a: Gliscor
|move|p2a: Forretress|Toxic Spikes|p1a: Gliscor
|-sidestart|p1: claudechamp|move: Toxic Spikes
|
|-heal|p1a: Gliscor|87/100 tox|[from] ability: Poison Heal
|upkeep
|turn|5
|
|t:|1779883416
|move|p1a: Gliscor|Earthquake|p2a: Forretress
|-damage|p2a: Forretress|73/100
|move|p2a: Forretress|Spikes|p1a: Gliscor
|-sidestart|p1: claudechamp|Spikes
|
|-heal|p1a: Gliscor|99/100 tox|[from] ability: Poison Heal
|upkeep
|turn|6
|
|t:|1779883422
|move|p1a: Gliscor|Earthquake|p2a: Forretress
|-damage|p2a: Forretress|55/100
|move|p2a: Forretress|Gyro Ball|p1a: Gliscor
|-damage|p1a: Gliscor|87/100 tox
|
|-heal|p1a: Gliscor|99/100 tox|[from] ability: Poison Heal
|upkeep
|turn|7
|
|t:|1779883433
|switch|p2a: Gholdengo|Gholdengo|100/100
|-item|p2a: Gholdengo|Air Balloon
|move|p1a: Gliscor|Swords Dance|p1a: Gliscor
|-boost|p1a: Gliscor|atk|2
|
|-heal|p1a: Gliscor|100/100 tox|[from] ability: Poison Heal
|upkeep
|turn|8
|
|t:|1779883435
|move|p1a: Gliscor|Knock Off|p2a: Gholdengo
|-supereffective|p2a: Gholdengo
|-damage|p2a: Gholdengo|38/100
|-enditem|p2a: Gholdengo|Air Balloon
|move|p2a: Gholdengo|Hex|p1a: Gliscor
|-damage|p1a: Gliscor|52/100 tox
|
|-heal|p1a: Gliscor|64/100 tox|[from] ability: Poison Heal
|upkeep
|turn|9
|
|t:|1779883445
|move|p1a: Gliscor|Earthquake|p2a: Gholdengo
|-supereffective|p2a: Gholdengo
|-damage|p2a: Gholdengo|0 fnt
|faint|p2a: Gholdengo
|
|-heal|p1a: Gliscor|77/100 tox|[from] ability: Poison Heal
|upkeep
|-message|MewEnRage forfeited.
|
|win|claudechamp
|raw|claudechamp's rating: 1330 &rarr; <strong>1347</strong><br />(+17 for winning)
|raw|MewEnRage's rating: 1272 &rarr; <strong>1251</strong><br />(-21 for losing)
|c|☆claudechamp|gg
|l|☆MewEnRage
|player|p2|
