|j|☆davespekkie
|j|☆JGLoryOG
|t:|1779874207
|gametype|singles
|player|p1|davespekkie|102|1104
|player|p2|JGLoryOG|265|1122
|gen|9
|tier|[Gen 9] OU
|rated|
|rule|HP Percentage Mod: HP is shown in percentages
|rule|Endless Battle Clause: Forcing endless battles is banned
|rule|Species Clause: Limit one of each Pokémon
|rule|OHKO Clause: OHKO moves are banned
|rule|Evasion Items Clause: Evasion items are banned
|rule|Evasion Moves Clause: Evasion moves are banned
|rule|Evasion Abilities Clause: Evasion abilities are banned
|rule|Sleep Moves Clause: Sleep-inducing moves are banned
|clearpoke
|poke|p1|Rotom-Wash|
|poke|p1|Iron Valiant|
|poke|p1|Landorus-Therian, M|
|poke|p1|Copperajah, F|
|poke|p1|Polteageist|
|poke|p1|Mandibuzz, F|
|poke|p2|Cinderace, M|
|poke|p2|Garganacl, M|
|poke|p2|Primarina, F|
|poke|p2|Gliscor, M|
|poke|p2|Espeon, M|
|poke|p2|Serperior, F|
|teampreview
|inactive|Battle timer is ON: inactive players will automatically lose when time's up. (requested by davespekkie)
|
|t:|1779874217
|teamsize|p1|6
|teamsize|p2|6
|start
|switch|p1a: Polteageist|Polteageist|100/100
|switch|p2a: Megumi|Garganacl, M|100/100
|turn|1
|
|t:|1779874224
|move|p1a: Polteageist|Shell Smash|p1a: Polteageist
|-unboost|p1a: Polteageist|def|1
|-unboost|p1a: Polteageist|spd|1
|-boost|p1a: Polteageist|atk|2
|-boost|p1a: Polteageist|spa|2
|-boost|p1a: Polteageist|spe|2
|-enditem|p1a: Polteageist|White Herb
|-clearnegativeboost|p1a: Polteageist|[silent]
|move|p2a: Megumi|Salt Cure|p1a: Polteageist
|-damage|p1a: Polteageist|77/100
|-start|p1a: Polteageist|Salt Cure
|
|-damage|p1a: Polteageist|65/100|[from] Salt Cure
|upkeep
|turn|2
|
|t:|1779874239
|move|p1a: Polteageist|Giga Drain|p2a: Megumi
|-supereffective|p2a: Megumi
|-damage|p2a: Megumi|2/100
|-heal|p1a: Polteageist|100/100|[from] drain|[of] p2a: Megumi
|move|p2a: Megumi|Substitute|p2a: Megumi
|-fail|p2a: Megumi|move: Substitute|[weak]
|
|-heal|p2a: Megumi|9/100|[from] item: Leftovers
|-damage|p1a: Polteageist|88/100|[from] Salt Cure
|upkeep
|turn|3
|
|t:|1779874255
|move|p2a: Megumi|Protect|p2a: Megumi
|-singleturn|p2a: Megumi|Protect
|move|p1a: Polteageist|Stored Power|p2a: Megumi
|-activate|p2a: Megumi|move: Protect
|
|-heal|p2a: Megumi|15/100|[from] item: Leftovers
|-damage|p1a: Polteageist|76/100|[from] Salt Cure
|upkeep
|turn|4
|
|t:|1779874264
|move|p2a: Megumi|Protect||[still]
|-fail|p2a: Megumi
|move|p1a: Polteageist|Giga Drain|p2a: Megumi
|-supereffective|p2a: Megumi
|-damage|p2a: Megumi|0 fnt
|-heal|p1a: Polteageist|87/100|[from] drain|[of] p2a: Megumi
|faint|p2a: Megumi
|
|-damage|p1a: Polteageist|75/100|[from] Salt Cure
|upkeep
|
|t:|1779874283
|switch|p2a: Rosé|Serperior, F|100/100
|turn|5
|
|t:|1779874287
|-terastallize|p2a: Rosé|Grass
|move|p1a: Polteageist|Stored Power|p2a: Rosé
|-damage|p2a: Rosé|0 fnt
|faint|p2a: Rosé
|
|-damage|p1a: Polteageist|63/100|[from] Salt Cure
|upkeep
|
|t:|1779874297
|switch|p2a: Jae|Espeon, M|100/100
|turn|6
|
|t:|1779874304
|move|p1a: Polteageist|Shadow Ball|p2a: Jae
|-supereffective|p2a: Jae
|-enditem|p2a: Jae|Focus Sash
|-damage|p2a: Jae|1/100
|move|p2a: Jae|Psyshock|p1a: Polteageist
|-crit|p1a: Polteageist
|-damage|p1a: Polteageist|0 fnt
|faint|p1a: Polteageist
|
|upkeep
|
|t:|1779874322
|switch|p1a: Mandibuzz|Mandibuzz, F|100/100
|turn|7
|
|t:|1779874327
|move|p2a: Jae|Dazzling Gleam|p1a: Mandibuzz
|-supereffective|p1a: Mandibuzz
|-damage|p1a: Mandibuzz|56/100
|move|p1a: Mandibuzz|Foul Play|p2a: Jae
|-supereffective|p2a: Jae
|-damage|p2a: Jae|0 fnt
|faint|p2a: Jae
|
|upkeep
|
|t:|1779874348
|switch|p2a: Melody|Primarina, F, shiny|100/100
|turn|8
|
|t:|1779874353
|switch|p1a: Copperajah|Copperajah, F|100/100
|move|p2a: Melody|Moonblast|p1a: Copperajah
|-resisted|p1a: Copperajah
|-damage|p1a: Copperajah|83/100
|
|upkeep
|turn|9
|
|t:|1779874363
|switch|p2a: Mikido|Gliscor, M, shiny|100/100
|move|p1a: Copperajah|Heavy Slam|p2a: Mikido
|-damage|p2a: Mikido|62/100
|
|-status|p2a: Mikido|tox|[from] item: Toxic Orb
|upkeep
|turn|10
|
|t:|1779874376
|switch|p1a: Rotom|Rotom-Wash|100/100
|move|p2a: Mikido|Earthquake|p1a: Rotom
|-immune|p1a: Rotom|[from] ability: Levitate
|
|-heal|p2a: Mikido|75/100 tox|[from] ability: Poison Heal
|upkeep
|turn|11
|
|t:|1779874385
|move|p2a: Mikido|Toxic|p1a: Rotom
|-status|p1a: Rotom|tox
|move|p1a: Rotom|Hydro Pump|p2a: Mikido
|-supereffective|p2a: Mikido
|-damage|p2a: Mikido|0 fnt
|faint|p2a: Mikido
|
|-damage|p1a: Rotom|94/100 tox|[from] psn
|upkeep
|
|t:|1779874400
|switch|p2a: Leon|Cinderace, M, shiny|100/100
|turn|12
|
|t:|1779874406
|move|p2a: Leon|Sucker Punch||[still]
|-fail|p2a: Leon
|move|p1a: Rotom|Pain Split|p2a: Leon
|-sethp|p2a: Leon|98/100|[from] move: Pain Split|[silent]
|-sethp|p1a: Rotom|97/100 tox|[from] move: Pain Split
|
|-heal|p1a: Rotom|100/100 tox|[from] item: Leftovers
|-damage|p1a: Rotom|88/100 tox|[from] psn
|upkeep
|turn|13
|-message|JGLoryOG forfeited.
|
|win|davespekkie
|raw|davespekkie's rating: 1104 &rarr; <strong>1130</strong><br />(+26 for winning)
|raw|JGLoryOG's rating: 1122 &rarr; <strong>1096</strong><br />(-26 for losing)
|l|☆JGLoryOG
|player|p2|
|l|☆davespekkie
|player|p1|
