|j|‽15534683670q
|j|☆triceratopssss
|t:|1779945009
|gametype|singles
|player|p1|15534683670q|red|1106
|player|p2|triceratopssss|blue|1086
|gen|9
|tier|[Gen 9] OU
|rated|
|rule|HP Percentage Mod: HP is shown in percentages
|rule|Endless Battle Clause: Forcing endless battles is banned
|rule|Species Clause: Limit one of each Pokémon
|rule|OHKO Clause: OHKO moves are banned
|rule|Evasion Items Clause: Evasion items are banned
|rule|Evasion Moves Clause: Evasion moves are banned
|rule|Evasion Abilities Clause: Evasion abilities are banned
|rule|Sleep Moves Clause: Sleep-inducing moves are banned
|clearpoke
|poke|p1|Kingambit, M|
|poke|p1|Dragonite, F|
|poke|p1|Rillaboom, F|
|poke|p1|Incineroar, F|
|poke|p1|Greninja-*, M|
|poke|p1|Hatterene, F|
|poke|p2|Salamence, M|
|poke|p2|Kingambit, M|
|poke|p2|Mew|
|poke|p2|Venusaur, M|
|poke|p2|Raikou|
|poke|p2|Ursaluna, F|
|teampreview
|
|t:|1779945015
|teamsize|p1|6
|teamsize|p2|6
|start
|switch|p1a: Greninja|Greninja, M, shiny|100/100
|switch|p2a: Gojira|Salamence, M|100/100
|turn|1
|inactive|Battle timer is ON: inactive players will automatically lose when time's up. (requested by triceratopssss)
|
|t:|1779945033
|-terastallize|p2a: Gojira|Steel
|move|p1a: Greninja|Ice Beam|p2a: Gojira
|-start|p1a: Greninja|typechange|Ice|[from] ability: Protean
|-resisted|p2a: Gojira
|-damage|p2a: Gojira|61/100
|move|p2a: Gojira|Dragon Dance|p2a: Gojira
|-boost|p2a: Gojira|atk|1
|-boost|p2a: Gojira|spe|1
|
|upkeep
|turn|2
|
|t:|1779945050
|switch|p1a: Incineroar|Incineroar, F|100/100
|-ability|p1a: Incineroar|Intimidate|boost
|-unboost|p2a: Gojira|atk|1
|move|p2a: Gojira|Dragon Dance|p2a: Gojira
|-boost|p2a: Gojira|atk|1
|-boost|p2a: Gojira|spe|1
|
|upkeep
|turn|3
|
|t:|1779945058
|move|p1a: Incineroar|Fake Out|p2a: Gojira
|-resisted|p2a: Gojira
|-damage|p2a: Gojira|54/100
|cant|p2a: Gojira|flinch
|
|upkeep
|turn|4
|
|t:|1779945065
|move|p2a: Gojira|Earthquake|p1a: Incineroar
|-supereffective|p1a: Incineroar
|-damage|p1a: Incineroar|7/100
|move|p1a: Incineroar|Knock Off|p2a: Gojira
|-damage|p2a: Gojira|4/100
|-enditem|p2a: Gojira|Focus Sash|[from] move: Knock Off|[of] p1a: Incineroar
|
|upkeep
|turn|5
|
|t:|1779945074
|switch|p1a: Rillaboom|Rillaboom, F|100/100
|-fieldstart|move: Grassy Terrain|[from] ability: Grassy Surge|[of] p1a: Rillaboom
|move|p2a: Gojira|Dragon Claw|p1a: Rillaboom
|-damage|p1a: Rillaboom|42/100
|
|-heal|p2a: Gojira|10/100|[from] Grassy Terrain
|-heal|p1a: Rillaboom|48/100|[from] Grassy Terrain
|upkeep
|turn|6
|
|t:|1779945085
|move|p1a: Rillaboom|Grassy Glide|p2a: Gojira
|-resisted|p2a: Gojira
|-damage|p2a: Gojira|0 fnt
|faint|p2a: Gojira
|
|-heal|p1a: Rillaboom|54/100|[from] Grassy Terrain
|upkeep
|
|t:|1779945095
|switch|p2a: Podha|Venusaur, M, shiny|100/100
|turn|7
|
|t:|1779945099
|switch|p1a: Hatterene|Hatterene, F|100/100
|move|p2a: Podha|Sludge Bomb|p1a: Hatterene
|-supereffective|p1a: Hatterene
|-damage|p1a: Hatterene|17/100
|
|-heal|p1a: Hatterene|23/100|[from] Grassy Terrain
|upkeep
|turn|8
|
|t:|1779945108
|move|p2a: Podha|Sludge Bomb|p1a: Hatterene
|-supereffective|p1a: Hatterene
|-damage|p1a: Hatterene|0 fnt
|faint|p1a: Hatterene
|
|upkeep
|
|t:|1779945114
|switch|p1a: Greninja|Greninja, M, shiny|100/100
|turn|9
|
|t:|1779945118
|move|p1a: Greninja|Extrasensory|p2a: Podha
|-start|p1a: Greninja|typechange|Psychic|[from] ability: Protean
|-supereffective|p2a: Podha
|-damage|p2a: Podha|0 fnt
|faint|p2a: Podha
|
|-fieldend|move: Grassy Terrain
|upkeep
|
|t:|1779945134
|switch|p2a: Buzz|Raikou, shiny|100/100
|turn|10
|
|t:|1779945141
|switch|p1a: Rillaboom|Rillaboom, F|54/100
|-fieldstart|move: Grassy Terrain|[from] ability: Grassy Surge|[of] p1a: Rillaboom
|move|p2a: Buzz|Thunder Wave|p1a: Rillaboom
|-status|p1a: Rillaboom|par
|
|-heal|p1a: Rillaboom|60/100 par|[from] Grassy Terrain
|upkeep
|turn|11
|
|t:|1779945155
|move|p2a: Buzz|Extreme Speed|p1a: Rillaboom
|-damage|p1a: Rillaboom|46/100 par
|move|p1a: Rillaboom|High Horsepower|p2a: Buzz
|-supereffective|p2a: Buzz
|-damage|p2a: Buzz|0 fnt
|faint|p2a: Buzz
|
|-heal|p1a: Rillaboom|52/100 par|[from] Grassy Terrain
|upkeep
|
|t:|1779945165
|switch|p2a: Jesus|Mew, shiny|100/100
|turn|12
|
|t:|1779945170
|switch|p1a: Kingambit|Kingambit, M|100/100
|move|p2a: Jesus|Ice Beam|p1a: Kingambit
|-resisted|p1a: Kingambit
|-damage|p1a: Kingambit|86/100
|
|-heal|p1a: Kingambit|92/100|[from] Grassy Terrain
|upkeep
|turn|13
|
|t:|1779945181
|switch|p2a: Bholu|Ursaluna, F|100/100
|move|p1a: Kingambit|Kowtow Cleave|p2a: Bholu
|-damage|p2a: Bholu|59/100
|
|-heal|p1a: Kingambit|98/100|[from] Grassy Terrain
|-heal|p2a: Bholu|65/100|[from] Grassy Terrain
|-status|p2a: Bholu|brn|[from] item: Flame Orb
|upkeep
|turn|14
|
|t:|1779945196
|switch|p1a: Incineroar|Incineroar, F|7/100
|-ability|p1a: Incineroar|Intimidate|boost
|-unboost|p2a: Bholu|atk|1
|move|p2a: Bholu|Close Combat|p1a: Incineroar
|-supereffective|p1a: Incineroar
|-damage|p1a: Incineroar|0 fnt
|-unboost|p2a: Bholu|def|1
|-unboost|p2a: Bholu|spd|1
|-damage|p2a: Bholu|48/100 brn|[from] item: Rocky Helmet|[of] p1a: Incineroar
|faint|p1a: Incineroar
|
|-heal|p2a: Bholu|54/100 brn|[from] Grassy Terrain
|-damage|p2a: Bholu|48/100 brn|[from] brn
|-fieldend|move: Grassy Terrain
|upkeep
|
|t:|1779945211
|switch|p1a: Rillaboom|Rillaboom, F|52/100 par
|-fieldstart|move: Grassy Terrain|[from] ability: Grassy Surge|[of] p1a: Rillaboom
|turn|15
|
|t:|1779945218
|switch|p2a: Samurai|Kingambit, M|100/100
|-activate|p2a: Samurai|ability: Supreme Overlord
|-start|p2a: Samurai|fallen3|[silent]
|move|p1a: Rillaboom|Grassy Glide|p2a: Samurai
|-resisted|p2a: Samurai
|-damage|p2a: Samurai|83/100
|
|-heal|p2a: Samurai|89/100|[from] Grassy Terrain
|-heal|p1a: Rillaboom|58/100 par|[from] Grassy Terrain
|upkeep
|turn|16
|
|t:|1779945230
|move|p2a: Samurai|X-Scissor|p1a: Rillaboom
|-supereffective|p1a: Rillaboom
|-damage|p1a: Rillaboom|0 fnt
|faint|p1a: Rillaboom
|
|-heal|p2a: Samurai|95/100|[from] Grassy Terrain
|upkeep
|
|t:|1779945239
|switch|p1a: Kingambit|Kingambit, M|98/100
|turn|17
|
|t:|1779945246
|move|p2a: Samurai|Kowtow Cleave|p1a: Kingambit
|-resisted|p1a: Kingambit
|-damage|p1a: Kingambit|81/100
|move|p1a: Kingambit|Low Kick|p2a: Samurai
|-supereffective|p2a: Samurai
|-damage|p2a: Samurai|0 fnt
|faint|p2a: Samurai
|-end|p2a: Samurai|fallen3|[silent]
|
|-heal|p1a: Kingambit|87/100|[from] Grassy Terrain
|upkeep
|
|t:|1779945256
|switch|p2a: Bholu|Ursaluna, F|48/100 brn
|turn|18
|
|t:|1779945261
|move|p1a: Kingambit|Kowtow Cleave|p2a: Bholu
|-damage|p2a: Bholu|6/100 brn
|move|p2a: Bholu|Close Combat|p1a: Kingambit
|-supereffective|p1a: Kingambit
|-damage|p1a: Kingambit|0 fnt
|-unboost|p2a: Bholu|def|1
|-unboost|p2a: Bholu|spd|1
|faint|p1a: Kingambit
|
|-heal|p2a: Bholu|12/100 brn|[from] Grassy Terrain
|-damage|p2a: Bholu|6/100 brn|[from] brn
|upkeep
|
|t:|1779945274
|switch|p1a: Dragonite|Dragonite, F|100/100
|turn|19
|
|t:|1779945284
|move|p1a: Dragonite|Extreme Speed|p2a: Bholu
|-damage|p2a: Bholu|0 fnt
|faint|p2a: Bholu
|
|-fieldend|move: Grassy Terrain
|upkeep
|
|t:|1779945291
|switch|p2a: Jesus|Mew, shiny|100/100
|turn|20
|
|t:|1779945295
|move|p1a: Dragonite|Extreme Speed|p2a: Jesus
|-damage|p2a: Jesus|66/100
|move|p2a: Jesus|Ice Beam|p1a: Dragonite
|-supereffective|p1a: Dragonite
|-damage|p1a: Dragonite|51/100
|-enditem|p1a: Dragonite|Weakness Policy
|-boost|p1a: Dragonite|atk|2|[from] item: Weakness Policy
|-boost|p1a: Dragonite|spa|2|[from] item: Weakness Policy
|
|-heal|p2a: Jesus|73/100|[from] item: Leftovers
|upkeep
|turn|21
|
|t:|1779945307
|-terastallize|p1a: Dragonite|Normal
|move|p1a: Dragonite|Extreme Speed|p2a: Jesus
|-damage|p2a: Jesus|0 fnt
|faint|p2a: Jesus
|
|win|15534683670q
|raw|15534683670q's rating: 1106 &rarr; <strong>1130</strong><br />(+24 for winning)
|raw|triceratopssss's rating: 1086 &rarr; <strong>1064</strong><br />(-22 for losing)
|l|☆triceratopssss
|player|p2|
|l|‽15534683670q
|player|p1|
