|j|☆ahjskahskjah
|j|☆goodnightnite
|t:|1779861571
|gametype|singles
|player|p1|ahjskahskjah|plasmagrunt-gen5bw|1601
|player|p2|goodnightnite|miku-water|1785
|gen|9
|tier|[Gen 9] OU
|rated|
|rule|HP Percentage Mod: HP is shown in percentages
|rule|Endless Battle Clause: Forcing endless battles is banned
|rule|Species Clause: Limit one of each Pokémon
|rule|OHKO Clause: OHKO moves are banned
|rule|Evasion Items Clause: Evasion items are banned
|rule|Evasion Moves Clause: Evasion moves are banned
|rule|Evasion Abilities Clause: Evasion abilities are banned
|rule|Sleep Moves Clause: Sleep-inducing moves are banned
|clearpoke
|poke|p1|Ursaluna, M|
|poke|p1|Alomomola, F|
|poke|p1|Cinderace, F|
|poke|p1|Tinkaton, F|
|poke|p1|Iron Valiant|
|poke|p1|Dragonite, F|
|poke|p2|Primarina, M|
|poke|p2|Zamazenta-*|
|poke|p2|Gholdengo|
|poke|p2|Rillaboom, M|
|poke|p2|Glimmora, M|
|poke|p2|Hydreigon, M|
|teampreview
|inactive|Battle timer is ON: inactive players will automatically lose when time's up. (requested by goodnightnite)
|inactive|goodnightnite has 120 seconds left.
|inactive|goodnightnite has 90 seconds left.
|
|t:|1779861651
|teamsize|p1|6
|teamsize|p2|6
|start
|switch|p1a: Ursaluna|Ursaluna, M|100/100
|switch|p2a: Celestine|Primarina, M, shiny|100/100
|turn|1
|
|t:|1779861656
|move|p1a: Ursaluna|Protect|p1a: Ursaluna
|-singleturn|p1a: Ursaluna|Protect
|move|p2a: Celestine|Psychic Noise|p1a: Ursaluna
|-activate|p1a: Ursaluna|move: Protect
|
|-status|p1a: Ursaluna|brn|[from] item: Flame Orb
|upkeep
|turn|2
|
|t:|1779861682
|switch|p1a: Tinkaton|Tinkaton, F|100/100
|-item|p1a: Tinkaton|Air Balloon
|move|p2a: Celestine|Psychic Noise|p1a: Tinkaton
|-damage|p1a: Tinkaton|63/100
|-start|p1a: Tinkaton|move: Heal Block
|-enditem|p1a: Tinkaton|Air Balloon
|
|upkeep
|turn|3
|inactive|ahjskahskjah has 120 seconds left.
|
|t:|1779861698
|move|p1a: Tinkaton|Thunder Wave|p2a: Celestine|[miss]
|-miss|p1a: Tinkaton|p2a: Celestine
|move|p2a: Celestine|Flip Turn|p1a: Tinkaton
|-damage|p1a: Tinkaton|48/100
|-enditem|p2a: Celestine|Assault Vest|[silent]|[from] ability: Pickpocket|[of] p2a: Celestine
|-item|p1a: Tinkaton|Assault Vest|[from] ability: Pickpocket|[of] p2a: Celestine
|
|t:|1779861707
|switch|p2a: Hybrid|Hydreigon, M, shiny|100/100|[from] Flip Turn
|
|-end|p1a: Tinkaton|move: Heal Block
|upkeep
|turn|4
|inactive|ahjskahskjah has 120 seconds left.
|
|t:|1779861727
|switch|p1a: Cinderace|Cinderace, F|100/100
|move|p2a: Hybrid|Earth Power|p1a: Cinderace
|-supereffective|p1a: Cinderace
|-damage|p1a: Cinderace|0 fnt
|faint|p1a: Cinderace
|
|upkeep
|c|☆goodnightnite|btw whats the speed investment on luna? im 156 speed on prima
|inactive|ahjskahskjah has 120 seconds left.
|c|☆ahjskahskjah|ops
|c|☆ahjskahskjah|missclicked
|c|☆goodnightnite|oh
|c|☆goodnightnite|rip
|j| firered27
|
|t:|1779861759
|switch|p1a: Iron Valiant|Iron Valiant|100/100
|-enditem|p1a: Iron Valiant|Booster Energy
|-activate|p1a: Iron Valiant|ability: Quark Drive|[fromitem]
|-start|p1a: Iron Valiant|quarkdrivespe
|turn|5
|
|t:|1779861763
|switch|p2a: Celestine|Primarina, M, shiny|100/100
|move|p1a: Iron Valiant|Calm Mind|p1a: Iron Valiant
|-boost|p1a: Iron Valiant|spa|1
|-boost|p1a: Iron Valiant|spd|1
|
|upkeep
|turn|6
|
|t:|1779861772
|-terastallize|p1a: Iron Valiant|Electric
|move|p1a: Iron Valiant|Thunderbolt|p2a: Celestine
|-supereffective|p2a: Celestine
|-damage|p2a: Celestine|0 fnt
|faint|p2a: Celestine
|
|upkeep
|
|t:|1779861778
|switch|p2a: Kong|Rillaboom, M, shiny|100/100
|-fieldstart|move: Grassy Terrain|[from] ability: Grassy Surge|[of] p2a: Kong
|turn|7
|inactive|ahjskahskjah has 120 seconds left.
|
|t:|1779861798
|-end|p1a: Iron Valiant|Quark Drive|[silent]
|switch|p1a: Dragonite|Dragonite, F|100/100
|switch|p2a: Bullet|Glimmora, M, shiny|100/100
|
|upkeep
|turn|8
|
|t:|1779861825
|switch|p1a: Tinkaton|Tinkaton, F|48/100
|move|p2a: Bullet|Mortal Spin|p1a: Tinkaton
|-immune|p1a: Tinkaton
|
|-heal|p1a: Tinkaton|54/100|[from] Grassy Terrain
|upkeep
|turn|9
|
|t:|1779861831
|switch|p2a: Hybrid|Hydreigon, M, shiny|100/100
|move|p1a: Tinkaton|Gigaton Hammer|p2a: Hybrid
|-damage|p2a: Hybrid|52/100
|
|-heal|p1a: Tinkaton|60/100|[from] Grassy Terrain
|upkeep
|turn|10
|
|t:|1779861841
|switch|p1a: Dragonite|Dragonite, F|100/100
|move|p2a: Hybrid|Earth Power|p1a: Dragonite
|-immune|p1a: Dragonite
|
|upkeep
|turn|11
|
|t:|1779861845
|switch|p2a: Spirit Rush|Gholdengo, shiny|100/100
|-enditem|p2a: Spirit Rush|Grassy Seed
|-boost|p2a: Spirit Rush|def|1|[from] item: Grassy Seed
|switch|p1a: Tinkaton|Tinkaton, F|60/100
|
|-heal|p1a: Tinkaton|66/100|[from] Grassy Terrain
|-fieldend|move: Grassy Terrain
|upkeep
|turn|12
|
|t:|1779861873
|switch|p1a: Ursaluna|Ursaluna, M|100/100 brn
|move|p2a: Spirit Rush|Nasty Plot|p2a: Spirit Rush
|-boost|p2a: Spirit Rush|spa|2
|
|-damage|p1a: Ursaluna|94/100 brn|[from] brn
|upkeep
|turn|13
|inactive|ahjskahskjah has 90 seconds left.
|inactive|ahjskahskjah has 60 seconds left.
|
|t:|1779861930
|move|p2a: Spirit Rush|Make It Rain|p1a: Ursaluna
|-damage|p1a: Ursaluna|0 fnt
|-unboost|p2a: Spirit Rush|spa|1
|faint|p1a: Ursaluna
|
|upkeep
|inactive|ahjskahskjah has 30 seconds left.
|inactive|ahjskahskjah has 20 seconds left.
|inactive|ahjskahskjah has 15 seconds left.
|
|t:|1779861973
|switch|p1a: Dragonite|Dragonite, F|100/100
|turn|14
|inactive|ahjskahskjah has 25 seconds left this turn.
|inactive|ahjskahskjah has 20 seconds left.
|inactive|ahjskahskjah has 15 seconds left.
|
|t:|1779861993
|move|p2a: Spirit Rush|Shadow Ball|p1a: Dragonite
|-damage|p1a: Dragonite|78/100
|move|p1a: Dragonite|Iron Head|p2a: Spirit Rush
|-resisted|p2a: Spirit Rush
|-damage|p2a: Spirit Rush|90/100
|
|upkeep
|turn|15
|inactive|ahjskahskjah has 25 seconds left this turn.
|inactive|ahjskahskjah has 20 seconds left.
|
|t:|1779862006
|move|p2a: Spirit Rush|Make It Rain|p1a: Dragonite
|-damage|p1a: Dragonite|3/100
|-unboost|p2a: Spirit Rush|spa|1
|move|p1a: Dragonite|Iron Head|p2a: Spirit Rush
|-resisted|p2a: Spirit Rush
|-damage|p2a: Spirit Rush|81/100
|
|upkeep
|turn|16
|inactive|ahjskahskjah has 30 seconds left this turn.
|
|t:|1779862012
|move|p2a: Spirit Rush|Nasty Plot|p2a: Spirit Rush
|-boost|p2a: Spirit Rush|spa|2
|move|p1a: Dragonite|Roost|p1a: Dragonite
|-heal|p1a: Dragonite|53/100
|-singleturn|p1a: Dragonite|move: Roost
|
|upkeep
|turn|17
|
|t:|1779862017
|move|p2a: Spirit Rush|Shadow Ball|p1a: Dragonite
|-damage|p1a: Dragonite|0 fnt
|faint|p1a: Dragonite
|
|upkeep
|
|t:|1779862019
|switch|p1a: Iron Valiant|Iron Valiant, tera:Electric|100/100
|turn|18
|
|t:|1779862023
|move|p1a: Iron Valiant|Calm Mind|p1a: Iron Valiant
|-boost|p1a: Iron Valiant|spa|1
|-boost|p1a: Iron Valiant|spd|1
|move|p2a: Spirit Rush|Shadow Ball|p1a: Iron Valiant
|-damage|p1a: Iron Valiant|13/100
|-unboost|p1a: Iron Valiant|spd|1
|
|upkeep
|turn|19
|
|t:|1779862025
|move|p1a: Iron Valiant|Thunderbolt|p2a: Spirit Rush
|-damage|p2a: Spirit Rush|32/100
|move|p2a: Spirit Rush|Shadow Ball|p1a: Iron Valiant
|-damage|p1a: Iron Valiant|0 fnt
|faint|p1a: Iron Valiant
|-end|p1a: Iron Valiant|Quark Drive|[silent]
|
|upkeep
|c|☆ahjskahskjah|gg
|inactive|ahjskahskjah has 60 seconds left.
|c|☆goodnightnite|gg
|-message|ahjskahskjah forfeited.
|
|win|goodnightnite
|raw|ahjskahskjah's rating: 1601 &rarr; <strong>1591</strong><br />(-10 for losing)
|raw|goodnightnite's rating: 1785 &rarr; <strong>1795</strong><br />(+10 for winning)
|l|☆ahjskahskjah
|player|p1|
|l| firered27
|j| RedemptiveSketch
|l| RedemptiveSketch
|j| uncle brown
|l|☆goodnightnite
|player|p2|
|j| lol man1111
|l| lol man1111
