|j|☆Foodiscoolski
|j|☆wym=z
|t:|1779803169
|gametype|singles
|player|p1|Foodiscoolski|265|1032
|player|p2|wym=z|2|1065
|gen|9
|tier|[Gen 9] OU
|rated|
|rule|HP Percentage Mod: HP is shown in percentages
|rule|Endless Battle Clause: Forcing endless battles is banned
|rule|Species Clause: Limit one of each Pokémon
|rule|OHKO Clause: OHKO moves are banned
|rule|Evasion Items Clause: Evasion items are banned
|rule|Evasion Moves Clause: Evasion moves are banned
|rule|Evasion Abilities Clause: Evasion abilities are banned
|rule|Sleep Moves Clause: Sleep-inducing moves are banned
|clearpoke
|poke|p1|Weezing-Galar, M|
|poke|p1|Ninetales-Alola, F|
|poke|p1|Ogerpon-Wellspring, F|
|poke|p1|Raging Bolt|
|poke|p1|Great Tusk|
|poke|p1|Gliscor, M|
|poke|p2|Eiscue, F|
|poke|p2|Ninetales-Alola, F|
|poke|p2|Hatterene, F|
|poke|p2|Meowscarada, M|
|poke|p2|Basculegion, M|
|poke|p2|Lokix, F|
|teampreview
|c|☆Foodiscoolski|ah
|c|☆Foodiscoolski|an alolan ninetales enjoyer
|
|t:|1779803201
|teamsize|p1|6
|teamsize|p2|6
|start
|switch|p1a: Late Capitalism|Weezing-Galar, M|100/100
|switch|p2a: Basculegion|Basculegion, M|100/100
|-ability|p1a: Late Capitalism|Neutralizing Gas
|turn|1
|inactive|Battle timer is ON: inactive players will automatically lose when time's up. (requested by Foodiscoolski)
|
|t:|1779803219
|move|p2a: Basculegion|Flip Turn|p1a: Late Capitalism
|-damage|p1a: Late Capitalism|76/100
|
|t:|1779803234
|switch|p2a: Meowscarada|Meowscarada, M|100/100|[from] Flip Turn
|move|p1a: Late Capitalism|Toxic|p2a: Meowscarada
|-status|p2a: Meowscarada|tox
|
|-damage|p2a: Meowscarada|94/100 tox|[from] psn
|upkeep
|turn|2
|
|t:|1779803246
|move|p2a: Meowscarada|Triple Axel|p1a: Late Capitalism
|-damage|p1a: Late Capitalism|71/100
|-damage|p1a: Late Capitalism|59/100
|-damage|p1a: Late Capitalism|42/100
|-hitcount|p1a: Late Capitalism|3
|move|p1a: Late Capitalism|Sludge Wave|p2a: Meowscarada
|-supereffective|p2a: Meowscarada
|-damage|p2a: Meowscarada|0 fnt
|faint|p2a: Meowscarada
|
|upkeep
|
|t:|1779803261
|switch|p2a: Lokix|Lokix, F|100/100
|turn|3
|
|t:|1779803268
|move|p2a: Lokix|First Impression|p1a: Late Capitalism
|-resisted|p1a: Late Capitalism
|-damage|p1a: Late Capitalism|28/100
|move|p1a: Late Capitalism|Strange Steam|p2a: Lokix
|-supereffective|p2a: Lokix
|-damage|p2a: Lokix|0 fnt
|faint|p2a: Lokix
|
|upkeep
|
|t:|1779803287
|switch|p2a: Basculegion|Basculegion, M|100/100
|turn|4
|
|t:|1779803297
|move|p2a: Basculegion|Liquidation|p1a: Late Capitalism
|-damage|p1a: Late Capitalism|0 fnt
|faint|p1a: Late Capitalism
|-end|p1a: Late Capitalism|ability: Neutralizing Gas
|
|upkeep
|
|t:|1779803305
|switch|p1a: Chester Cheetah|Raging Bolt|100/100
|turn|5
|
|t:|1779803312
|switch|p2a: Ninetales|Ninetales-Alola, F|100/100
|-weather|Snowscape|[from] ability: Snow Warning|[of] p2a: Ninetales
|move|p1a: Chester Cheetah|Thunderbolt|p2a: Ninetales
|-damage|p2a: Ninetales|24/100
|
|-weather|Snowscape|[upkeep]
|upkeep
|turn|6
|
|t:|1779803322
|move|p2a: Ninetales|Aurora Veil|p2a: Ninetales
|-sidestart|p2: wym=z|move: Aurora Veil
|move|p1a: Chester Cheetah|Thunderbolt|p2a: Ninetales
|-damage|p2a: Ninetales|0 fnt
|faint|p2a: Ninetales
|
|-weather|Snowscape|[upkeep]
|upkeep
|
|t:|1779803330
|switch|p2a: Hatterene|Hatterene, F|100/100
|turn|7
|
|t:|1779803343
|-end|p1a: Chester Cheetah|Protosynthesis|[silent]
|switch|p1a: Shari|Ninetales-Alola, F|100/100
|move|p2a: Hatterene|Draining Kiss|p1a: Shari
|-damage|p1a: Shari|73/100
|
|-weather|Snowscape|[upkeep]
|upkeep
|turn|8
|
|t:|1779803352
|move|p1a: Shari|Hex|p2a: Hatterene
|-supereffective|p2a: Hatterene
|-damage|p2a: Hatterene|84/100
|move|p2a: Hatterene|Nuzzle|p1a: Shari
|-damage|p1a: Shari|69/100
|-status|p1a: Shari|par
|
|-weather|Snowscape|[upkeep]
|-heal|p2a: Hatterene|89/100|[from] item: Leftovers
|upkeep
|turn|9
|
|t:|1779803363
|move|p1a: Shari|Blizzard|p2a: Hatterene
|-damage|p2a: Hatterene|69/100
|move|p2a: Hatterene|Psyshock|p1a: Shari
|-damage|p1a: Shari|35/100 par
|
|-weather|Snowscape|[upkeep]
|-heal|p2a: Hatterene|75/100|[from] item: Leftovers
|upkeep
|turn|10
|
|t:|1779803371
|move|p1a: Shari|Blizzard|p2a: Hatterene
|-damage|p2a: Hatterene|55/100
|move|p2a: Hatterene|Psyshock|p1a: Shari
|-damage|p1a: Shari|0 fnt
|faint|p1a: Shari
|
|-weather|Snowscape|[upkeep]
|-heal|p2a: Hatterene|61/100|[from] item: Leftovers
|-sideend|p2: wym=z|move: Aurora Veil
|upkeep
|
|t:|1779803392
|switch|p1a: Gliscor|Gliscor, M|100/100
|turn|11
|
|t:|1779803397
|switch|p2a: Eiscue|Eiscue, F|100/100
|move|p1a: Gliscor|Knock Off|p2a: Eiscue
|-activate|p2a: Eiscue|ability: Ice Face
|-damage|p2a: Eiscue|100/100
|-enditem|p2a: Eiscue|Assault Vest|[from] move: Knock Off|[of] p1a: Gliscor
|detailschange|p2a: Eiscue|Eiscue-Noice, F
|
|-weather|Snowscape|[upkeep]
|-status|p1a: Gliscor|tox|[from] item: Toxic Orb
|upkeep
|turn|12
|
|t:|1779803421
|switch|p1a: Ogerpon|Ogerpon-Wellspring, F|100/100
|move|p2a: Eiscue|Whirlpool|p1a: Ogerpon
|-immune|p1a: Ogerpon|[from] ability: Water Absorb
|
|-weather|none
|upkeep
|turn|13
|
|t:|1779803430
|switch|p2a: Basculegion|Basculegion, M|100/100
|move|p1a: Ogerpon|Ivy Cudgel|p2a: Basculegion|[anim] Ivy Cudgel Water
|-resisted|p2a: Basculegion
|-damage|p2a: Basculegion|56/100
|
|upkeep
|turn|14
|
|t:|1779803434
|move|p2a: Basculegion|Phantom Force||[still]
|-prepare|p2a: Basculegion|Phantom Force
|move|p1a: Ogerpon|Horn Leech|p2a: Basculegion|[miss]
|-miss|p1a: Ogerpon|p2a: Basculegion
|
|upkeep
|turn|15
|
|t:|1779803449
|move|p2a: Basculegion|Phantom Force|p1a: Ogerpon|[from] lockedmove
|-damage|p1a: Ogerpon|31/100
|move|p1a: Ogerpon|Horn Leech|p2a: Basculegion
|-supereffective|p2a: Basculegion
|-damage|p2a: Basculegion|0 fnt
|-heal|p1a: Ogerpon|67/100|[from] drain|[of] p2a: Basculegion
|faint|p2a: Basculegion
|
|upkeep
|
|t:|1779803457
|switch|p2a: Hatterene|Hatterene, F|61/100
|turn|16
|
|t:|1779803462
|move|p1a: Ogerpon|Horn Leech|p2a: Hatterene
|-damage|p2a: Hatterene|21/100
|-heal|p1a: Ogerpon|88/100|[from] drain|[of] p2a: Hatterene
|move|p2a: Hatterene|Draining Kiss|p1a: Ogerpon
|-damage|p1a: Ogerpon|64/100
|-heal|p2a: Hatterene|38/100|[from] drain|[of] p1a: Ogerpon
|
|-heal|p2a: Hatterene|44/100|[from] item: Leftovers
|upkeep
|turn|17
|
|t:|1779803472
|move|p1a: Ogerpon|Horn Leech|p2a: Hatterene
|-damage|p2a: Hatterene|5/100
|-heal|p1a: Ogerpon|84/100|[from] drain|[of] p2a: Hatterene
|move|p2a: Hatterene|Psyshock|p1a: Ogerpon
|-damage|p1a: Ogerpon|38/100
|
|-heal|p2a: Hatterene|11/100|[from] item: Leftovers
|upkeep
|turn|18
|
|t:|1779803482
|move|p2a: Hatterene|Protect|p2a: Hatterene
|-singleturn|p2a: Hatterene|Protect
|move|p1a: Ogerpon|Horn Leech|p2a: Hatterene
|-activate|p2a: Hatterene|move: Protect
|
|-heal|p2a: Hatterene|17/100|[from] item: Leftovers
|upkeep
|turn|19
|
|t:|1779803491
|move|p2a: Hatterene|Protect||[still]
|-fail|p2a: Hatterene
|move|p1a: Ogerpon|Horn Leech|p2a: Hatterene
|-damage|p2a: Hatterene|0 fnt
|-heal|p1a: Ogerpon|47/100|[from] drain|[of] p2a: Hatterene
|faint|p2a: Hatterene
|
|upkeep
|
|t:|1779803492
|switch|p2a: Eiscue|Eiscue-Noice, F|100/100
|turn|20
|-message|wym=z forfeited.
|
|win|Foodiscoolski
|raw|Foodiscoolski's rating: 1032 &rarr; <strong>1071</strong><br />(+39 for winning)
|raw|wym=z's rating: 1065 &rarr; <strong>1043</strong><br />(-22 for losing)
|l|☆wym=z
|player|p2|
|l|☆Foodiscoolski
|player|p1|
|j|☆Foodiscoolski
|player|p1|Foodiscoolski|265|
