|j|☆icewizardlair☃
|j|☆elementalbalance
|t:|1779886676
|gametype|singles
|player|p1|icewizardlair☃|lorelei-lgpe|1153
|player|p2|elementalbalance|ghetsis|1144
|gen|9
|tier|[Gen 9] OU
|rated|
|rule|HP Percentage Mod: HP is shown in percentages
|rule|Endless Battle Clause: Forcing endless battles is banned
|rule|Species Clause: Limit one of each Pokémon
|rule|OHKO Clause: OHKO moves are banned
|rule|Evasion Items Clause: Evasion items are banned
|rule|Evasion Moves Clause: Evasion moves are banned
|rule|Evasion Abilities Clause: Evasion abilities are banned
|rule|Sleep Moves Clause: Sleep-inducing moves are banned
|clearpoke
|poke|p1|Chesnaught, M|
|poke|p1|Ninetales-Alola, F|
|poke|p1|Kilowattrel, M|
|poke|p1|Flygon, F|
|poke|p1|Lurantis, F|
|poke|p1|Grafaiai, M|
|poke|p2|Bellibolt, M|
|poke|p2|Slowbro-Galar, F|
|poke|p2|Maushold-Four|
|poke|p2|Gliscor, F|
|poke|p2|Comfey, M|
|poke|p2|Clodsire, F|
|teampreview
|inactive|Battle timer is ON: inactive players will automatically lose when time's up. (requested by icewizardlair☃)
|
|t:|1779886685
|teamsize|p1|6
|teamsize|p2|6
|start
|switch|p1a: Grafaiai|Grafaiai, M|100/100
|switch|p2a: Maushold|Maushold-Four|100/100
|turn|1
|
|t:|1779886690
|move|p1a: Grafaiai|Switcheroo|p2a: Maushold
|-activate|p1a: Grafaiai|move: Trick|[of] p2a: Maushold
|-item|p2a: Maushold|Black Sludge|[from] move: Switcheroo
|-item|p1a: Grafaiai|Wide Lens|[from] move: Switcheroo
|move|p2a: Maushold|Tidy Up|p2a: Maushold
|-boost|p2a: Maushold|atk|1
|-boost|p2a: Maushold|spe|1
|
|-damage|p2a: Maushold|88/100|[from] item: Black Sludge
|upkeep
|turn|2
|
|t:|1779886695
|move|p1a: Grafaiai|Encore|p2a: Maushold
|-start|p2a: Maushold|Encore
|move|p2a: Maushold|Tidy Up|p2a: Maushold
|-boost|p2a: Maushold|atk|1
|-boost|p2a: Maushold|spe|1
|
|-damage|p2a: Maushold|76/100|[from] item: Black Sludge
|upkeep
|turn|3
|
|t:|1779886698
|move|p1a: Grafaiai|Toxic|p2a: Maushold
|-status|p2a: Maushold|tox
|move|p2a: Maushold|Tidy Up|p2a: Maushold
|-boost|p2a: Maushold|atk|1
|-boost|p2a: Maushold|spe|1
|
|-damage|p2a: Maushold|63/100 tox|[from] item: Black Sludge
|-damage|p2a: Maushold|57/100 tox|[from] psn
|upkeep
|turn|4
|
|t:|1779886700
|move|p1a: Grafaiai|Switcheroo|p2a: Maushold
|-activate|p1a: Grafaiai|move: Trick|[of] p2a: Maushold
|-item|p2a: Maushold|Wide Lens|[from] move: Switcheroo
|-item|p1a: Grafaiai|Black Sludge|[from] move: Switcheroo
|move|p2a: Maushold|Tidy Up|p2a: Maushold
|-boost|p2a: Maushold|atk|1
|-boost|p2a: Maushold|spe|1
|
|-damage|p2a: Maushold|44/100 tox|[from] psn
|-end|p2a: Maushold|Encore
|upkeep
|turn|5
|
|t:|1779886704
|move|p1a: Grafaiai|Encore|p2a: Maushold
|-start|p2a: Maushold|Encore
|move|p2a: Maushold|Tidy Up|p2a: Maushold
|-boost|p2a: Maushold|atk|1
|-boost|p2a: Maushold|spe|1
|
|-damage|p2a: Maushold|26/100 tox|[from] psn
|upkeep
|turn|6
|
|t:|1779886708
|move|p1a: Grafaiai|Toxic|p2a: Maushold
|-fail|p2a: Maushold|tox
|move|p2a: Maushold|Tidy Up|p2a: Maushold
|-boost|p2a: Maushold|atk|1
|-boost|p2a: Maushold|spe|1
|
|-damage|p2a: Maushold|1/100 tox|[from] psn
|upkeep
|turn|7
|
|t:|1779886711
|move|p1a: Grafaiai|Protect|p1a: Grafaiai
|-singleturn|p1a: Grafaiai|Protect
|move|p2a: Maushold|Tidy Up||[still]
|-fail|p2a: Maushold
|
|-damage|p2a: Maushold|0 fnt|[from] psn
|faint|p2a: Maushold
|upkeep
|
|t:|1779886720
|switch|p2a: Gliscor|Gliscor, F|100/100
|turn|8
|
|t:|1779886725
|-terastallize|p2a: Gliscor|Normal
|move|p1a: Grafaiai|Switcheroo|p2a: Gliscor
|-activate|p1a: Grafaiai|move: Trick|[of] p2a: Gliscor
|-item|p2a: Gliscor|Black Sludge|[from] move: Switcheroo
|-item|p1a: Grafaiai|Toxic Orb|[from] move: Switcheroo
|move|p2a: Gliscor|Facade|p1a: Grafaiai
|-damage|p1a: Grafaiai|68/100
|
|-damage|p2a: Gliscor|88/100|[from] item: Black Sludge
|upkeep
|turn|9
|
|t:|1779886749
|move|p1a: Grafaiai|Protect|p1a: Grafaiai
|-singleturn|p1a: Grafaiai|Protect
|move|p2a: Gliscor|Facade|p1a: Grafaiai
|-activate|p1a: Grafaiai|move: Protect
|
|-damage|p2a: Gliscor|75/100|[from] item: Black Sludge
|upkeep
|turn|10
|
|t:|1779886754
|move|p1a: Grafaiai|Encore|p2a: Gliscor
|-start|p2a: Gliscor|Encore
|move|p2a: Gliscor|Facade|p1a: Grafaiai
|-damage|p1a: Grafaiai|34/100
|
|-damage|p2a: Gliscor|63/100|[from] item: Black Sludge
|upkeep
|turn|11
|
|t:|1779886758
|move|p1a: Grafaiai|Protect|p1a: Grafaiai
|-singleturn|p1a: Grafaiai|Protect
|move|p2a: Gliscor|Facade|p1a: Grafaiai
|-activate|p1a: Grafaiai|move: Protect
|
|-damage|p2a: Gliscor|50/100|[from] item: Black Sludge
|upkeep
|turn|12
|
|t:|1779886775
|switch|p1a: Chesnaught|Chesnaught, M, shiny|100/100
|move|p2a: Gliscor|Facade|p1a: Chesnaught
|-damage|p1a: Chesnaught|79/100
|
|-damage|p2a: Gliscor|38/100|[from] item: Black Sludge
|-end|p2a: Gliscor|Encore
|upkeep
|turn|13
|
|t:|1779886790
|switch|p2a: Clodsire|Clodsire, F|100/100
|move|p1a: Chesnaught|Belly Drum|p1a: Chesnaught
|-damage|p1a: Chesnaught|29/100
|-setboost|p1a: Chesnaught|atk|6|[from] move: Belly Drum
|
|upkeep
|turn|14
|inactive|elementalbalance has 120 seconds left.
|
|t:|1779886819
|move|p1a: Chesnaught|Seed Bomb|p2a: Clodsire
|-damage|p2a: Clodsire|61/100
|move|p2a: Clodsire|Toxic|p1a: Chesnaught
|-status|p1a: Chesnaught|tox
|
|-heal|p2a: Clodsire|67/100|[from] item: Leftovers
|-damage|p1a: Chesnaught|23/100 tox|[from] psn
|upkeep
|-enditem|p1a: Chesnaught|Salac Berry|[eat]
|-boost|p1a: Chesnaught|spe|1|[from] item: Salac Berry
|turn|15
|
|t:|1779886833
|move|p1a: Chesnaught|Seed Bomb|p2a: Clodsire
|-damage|p2a: Clodsire|24/100
|move|p2a: Clodsire|Recover|p2a: Clodsire
|-heal|p2a: Clodsire|74/100
|
|-heal|p2a: Clodsire|80/100|[from] item: Leftovers
|-damage|p1a: Chesnaught|12/100 tox|[from] psn
|upkeep
|turn|16
|
|t:|1779886836
|move|p1a: Chesnaught|Drain Punch|p2a: Clodsire
|-resisted|p2a: Clodsire
|-damage|p2a: Clodsire|61/100
|-heal|p1a: Chesnaught|26/100 tox|[from] drain|[of] p2a: Clodsire
|move|p2a: Clodsire|Recover|p2a: Clodsire
|-heal|p2a: Clodsire|100/100
|
|-damage|p1a: Chesnaught|8/100 tox|[from] psn
|upkeep
|turn|17
|
|t:|1779886846
|switch|p1a: Ninetales|Ninetales-Alola, F|100/100
|-weather|Snowscape|[from] ability: Snow Warning|[of] p1a: Ninetales
|move|p2a: Clodsire|Recover||[still]
|-fail|p2a: Clodsire|heal
|
|-weather|Snowscape|[upkeep]
|upkeep
|turn|18
|inactive|elementalbalance has 120 seconds left.
|inactive|elementalbalance has 90 seconds left.
|
|t:|1779886914
|switch|p2a: Slowbro|Slowbro-Galar, F|100/100
|move|p1a: Ninetales|Blizzard|p2a: Slowbro
|-damage|p2a: Slowbro|50/100
|
|-weather|Snowscape|[upkeep]
|upkeep
|turn|19
|inactive|elementalbalance has 90 seconds left.
|
|t:|1779886945
|switch|p2a: Clodsire|Clodsire, F|100/100
|move|p1a: Ninetales|Blizzard|p2a: Clodsire
|-supereffective|p2a: Clodsire
|-damage|p2a: Clodsire|54/100
|
|-weather|Snowscape|[upkeep]
|-heal|p2a: Clodsire|60/100|[from] item: Leftovers
|upkeep
|turn|20
|inactive|icewizardlair☃ has 120 seconds left.
|
|t:|1779886999
|move|p1a: Ninetales|Blizzard|p2a: Clodsire
|-supereffective|p2a: Clodsire
|-damage|p2a: Clodsire|14/100
|move|p2a: Clodsire|Recover|p2a: Clodsire
|-heal|p2a: Clodsire|64/100
|
|-weather|Snowscape|[upkeep]
|-heal|p2a: Clodsire|70/100|[from] item: Leftovers
|upkeep
|turn|21
|
|t:|1779887012
|move|p1a: Ninetales|Blizzard|p2a: Clodsire
|-supereffective|p2a: Clodsire
|-damage|p2a: Clodsire|25/100
|move|p2a: Clodsire|Recover|p2a: Clodsire
|-heal|p2a: Clodsire|75/100
|
|-weather|none
|-heal|p2a: Clodsire|81/100|[from] item: Leftovers
|upkeep
|turn|22
|
|t:|1779887018
|move|p1a: Ninetales|Freeze-Dry|p2a: Clodsire
|-supereffective|p2a: Clodsire
|-damage|p2a: Clodsire|53/100
|move|p2a: Clodsire|Earthquake|p1a: Ninetales
|-damage|p1a: Ninetales|57/100
|
|-heal|p2a: Clodsire|60/100|[from] item: Leftovers
|upkeep
|turn|23
|inactive|icewizardlair☃ has 120 seconds left.
|
|t:|1779887033
|switch|p1a: Flygon|Flygon, F|100/100
|move|p2a: Clodsire|Recover|p2a: Clodsire
|-heal|p2a: Clodsire|100/100
|
|upkeep
|turn|24
|
|t:|1779887036
|move|p1a: Flygon|Earthquake|p2a: Clodsire
|-supereffective|p2a: Clodsire
|-damage|p2a: Clodsire|0 fnt
|faint|p2a: Clodsire
|-damage|p1a: Flygon|91/100|[from] item: Life Orb
|
|upkeep
|
|t:|1779887040
|switch|p2a: Gliscor|Gliscor, F, tera:Normal|38/100
|turn|25
|
|t:|1779887044
|move|p1a: Flygon|Earthquake|p2a: Gliscor
|-damage|p2a: Gliscor|0 fnt
|faint|p2a: Gliscor
|-damage|p1a: Flygon|81/100|[from] item: Life Orb
|
|upkeep
|-message|elementalbalance forfeited.
|
|win|icewizardlair☃
|raw|icewizardlair☃'s rating: 1153 &rarr; <strong>1176</strong><br />(+23 for winning)
|raw|elementalbalance's rating: 1124 &rarr; <strong>1101</strong><br />(-23 for losing)
|l|☆elementalbalance
|player|p2|
|l|☆icewizardlair☃
|player|p1|
