|j|☆claudechamp
|j|☆kingsvk
|t:|1779831232
|gametype|singles
|player|p1|claudechamp|265|1125
|player|p2|kingsvk|roughneck|1097
|gen|9
|tier|[Gen 9] OU
|rated|
|rule|HP Percentage Mod: HP is shown in percentages
|rule|Endless Battle Clause: Forcing endless battles is banned
|rule|Species Clause: Limit one of each Pokémon
|rule|OHKO Clause: OHKO moves are banned
|rule|Evasion Items Clause: Evasion items are banned
|rule|Evasion Moves Clause: Evasion moves are banned
|rule|Evasion Abilities Clause: Evasion abilities are banned
|rule|Sleep Moves Clause: Sleep-inducing moves are banned
|clearpoke
|poke|p1|Gliscor, F|
|poke|p1|Ogerpon, F|
|poke|p1|Walking Wake|
|poke|p1|Blissey, F|
|poke|p1|Corviknight, M|
|poke|p1|Pecharunt|
|poke|p2|Ceruledge, M|
|poke|p2|Zoroark-Hisui, M|
|poke|p2|Meowscarada, F|
|poke|p2|Corviknight, M|
|poke|p2|Iron Valiant|
|poke|p2|Walking Wake|
|teampreview
|inactive|Battle timer is ON: inactive players will automatically lose when time's up. (requested by kingsvk)
|c|☆claudechamp|hf
|inactive|claudechamp also wants the timer to be on.
|
|t:|1779831250
|teamsize|p1|6
|teamsize|p2|6
|start
|switch|p1a: Gliscor|Gliscor, F|100/100
|switch|p2a: Vermax|Meowscarada, F, shiny|100/100
|turn|1
|
|t:|1779831262
|move|p2a: Vermax|U-turn|p1a: Gliscor
|-start|p2a: Vermax|typechange|Bug|[from] ability: Protean
|-resisted|p1a: Gliscor
|-damage|p1a: Gliscor|89/100
|
|t:|1779831267
|switch|p2a: Vhagar|Walking Wake|100/100|[from] U-turn
|move|p1a: Gliscor|Spikes|p2a: Vhagar
|-sidestart|p2: kingsvk|Spikes
|
|-status|p1a: Gliscor|tox|[from] item: Toxic Orb
|upkeep
|turn|2
|
|t:|1779831280
|switch|p1a: Blissey|Blissey, F|100/100
|move|p2a: Vhagar|Draco Meteor|p1a: Blissey
|-damage|p1a: Blissey|70/100
|-unboost|p2a: Vhagar|spa|2
|
|upkeep
|turn|3
|
|t:|1779831294
|-end|p2a: Vhagar|Protosynthesis|[silent]
|switch|p2a: Balerion|Corviknight, M, shiny|100/100
|move|p1a: Blissey|Stealth Rock|p2a: Balerion
|-sidestart|p2: kingsvk|move: Stealth Rock
|
|upkeep
|turn|4
|
|t:|1779831301
|move|p2a: Balerion|Iron Defense|p2a: Balerion
|-boost|p2a: Balerion|def|2
|move|p1a: Blissey|Seismic Toss|p2a: Balerion
|-damage|p2a: Balerion|75/100
|
|-heal|p2a: Balerion|82/100|[from] item: Leftovers
|upkeep
|turn|5
|
|t:|1779831309
|move|p2a: Balerion|Body Press|p1a: Blissey
|-supereffective|p1a: Blissey
|-damage|p1a: Blissey|0 fnt
|faint|p1a: Blissey
|
|-heal|p2a: Balerion|88/100|[from] item: Leftovers
|upkeep
|
|t:|1779831312
|switch|p1a: Gliscor|Gliscor, F|89/100 tox
|turn|6
|
|t:|1779831327
|switch|p1a: Pecharunt|Pecharunt|100/100
|move|p2a: Balerion|U-turn|p1a: Pecharunt
|-resisted|p1a: Pecharunt
|-damage|p1a: Pecharunt|99/100
|
|t:|1779831341
|switch|p2a: Sunfyre|Iron Valiant, shiny|100/100|[from] U-turn
|-damage|p2a: Sunfyre|88/100|[from] Spikes
|-damage|p2a: Sunfyre|82/100|[from] Stealth Rock
|-enditem|p2a: Sunfyre|Booster Energy
|-activate|p2a: Sunfyre|ability: Quark Drive|[fromitem]
|-start|p2a: Sunfyre|quarkdrivespe
|
|upkeep
|turn|7
|
|t:|1779831352
|move|p2a: Sunfyre|Swords Dance|p2a: Sunfyre
|-boost|p2a: Sunfyre|atk|2
|move|p1a: Pecharunt|Malignant Chain|p2a: Sunfyre
|-supereffective|p2a: Sunfyre
|-crit|p2a: Sunfyre
|-damage|p2a: Sunfyre|0 fnt
|faint|p2a: Sunfyre
|-end|p2a: Sunfyre|Quark Drive|[silent]
|
|upkeep
|
|t:|1779831364
|switch|p2a: Caraxes|Ceruledge, M, shiny|100/100
|-damage|p2a: Caraxes|88/100|[from] Spikes
|-damage|p2a: Caraxes|76/100|[from] Stealth Rock
|turn|8
|
|t:|1779831371
|move|p2a: Caraxes|Nasty Plot|p2a: Caraxes
|-boost|p2a: Caraxes|spa|2
|move|p1a: Pecharunt|Parting Shot|p2a: Caraxes
|-unboost|p2a: Caraxes|atk|1
|-unboost|p2a: Caraxes|spa|1
|
|t:|1779831373
|switch|p1a: Gliscor|Gliscor, F|89/100 tox|[from] Parting Shot
|
|-heal|p1a: Gliscor|100/100 tox|[from] ability: Poison Heal
|upkeep
|turn|9
|
|t:|1779831389
|move|p2a: Caraxes|Shadow Ball|p1a: Gliscor
|-damage|p1a: Gliscor|52/100 tox
|move|p1a: Gliscor|Earthquake|p2a: Caraxes
|-damage|p2a: Caraxes|10/100
|replace|p2a: Drogon|Zoroark-Hisui, M, shiny
|-end|p2a: Drogon|Illusion
|
|-heal|p1a: Gliscor|64/100 tox|[from] ability: Poison Heal
|upkeep
|turn|10
|inactive|kingsvk has 120 seconds left.
|
|t:|1779831416
|move|p2a: Drogon|Shadow Ball|p1a: Gliscor
|-damage|p1a: Gliscor|8/100 tox
|move|p1a: Gliscor|Earthquake|p2a: Drogon
|-damage|p2a: Drogon|0 fnt
|faint|p2a: Drogon
|
|-heal|p1a: Gliscor|21/100 tox|[from] ability: Poison Heal
|upkeep
|inactive|kingsvk has 120 seconds left.
|
|t:|1779831427
|switch|p2a: Vermax|Meowscarada, F, shiny|100/100
|-damage|p2a: Vermax|88/100|[from] Spikes
|-damage|p2a: Vermax|76/100|[from] Stealth Rock
|turn|11
|inactive|kingsvk has 120 seconds left.
|
|t:|1779831436
|move|p2a: Vermax|Knock Off|p1a: Gliscor
|-start|p2a: Vermax|typechange|Dark|[from] ability: Protean
|-damage|p1a: Gliscor|0 fnt
|-enditem|p1a: Gliscor|Toxic Orb|[from] move: Knock Off|[of] p2a: Vermax
|faint|p1a: Gliscor
|
|upkeep
|
|t:|1779831439
|switch|p1a: Walking Wake|Walking Wake|100/100
|turn|12
|
|t:|1779831448
|move|p2a: Vermax|Play Rough|p1a: Walking Wake
|-supereffective|p1a: Walking Wake
|-damage|p1a: Walking Wake|41/100
|move|p1a: Walking Wake|Surf|p2a: Vermax
|-damage|p2a: Vermax|10/100
|
|upkeep
|turn|13
|
|t:|1779831455
|-end|p1a: Walking Wake|Protosynthesis|[silent]
|switch|p1a: Corviknight|Corviknight, M|100/100
|-ability|p1a: Corviknight|Pressure
|move|p2a: Vermax|Play Rough|p1a: Corviknight
|-resisted|p1a: Corviknight
|-damage|p1a: Corviknight|92/100
|
|upkeep
|turn|14
|
|t:|1779831469
|move|p2a: Vermax|U-turn|p1a: Corviknight
|-resisted|p1a: Corviknight
|-damage|p1a: Corviknight|89/100
|
|t:|1779831476
|switch|p2a: Balerion|Corviknight, M, shiny|88/100|[from] U-turn
|-damage|p2a: Balerion|75/100|[from] Stealth Rock
|move|p1a: Corviknight|U-turn|p2a: Balerion
|-resisted|p2a: Balerion
|-crit|p2a: Balerion
|-damage|p2a: Balerion|72/100
|
|t:|1779831480
|switch|p1a: Pecharunt|Pecharunt|99/100|[from] U-turn
|
|-heal|p2a: Balerion|78/100|[from] item: Leftovers
|upkeep
|turn|15
|
|t:|1779831491
|move|p1a: Pecharunt|Foul Play|p2a: Balerion
|-damage|p2a: Balerion|66/100
|move|p2a: Balerion|U-turn|p1a: Pecharunt
|-resisted|p1a: Pecharunt
|-damage|p1a: Pecharunt|97/100
|
|t:|1779831497
|switch|p2a: Vermax|Meowscarada, F, shiny|10/100|[from] U-turn
|-damage|p2a: Vermax|0 fnt|[from] Spikes
|faint|p2a: Vermax
|
|upkeep
|
|t:|1779831503
|switch|p2a: Caraxes|Ceruledge, M, shiny|100/100
|-damage|p2a: Caraxes|88/100|[from] Spikes
|-damage|p2a: Caraxes|63/100|[from] Stealth Rock
|turn|16
|
|t:|1779831509
|move|p2a: Caraxes|Bitter Blade|p1a: Pecharunt
|-damage|p1a: Pecharunt|73/100
|-heal|p2a: Caraxes|79/100|[from] drain|[of] p1a: Pecharunt
|move|p1a: Pecharunt|Parting Shot|p2a: Caraxes
|-unboost|p2a: Caraxes|atk|1
|-unboost|p2a: Caraxes|spa|1
|
|t:|1779831513
|switch|p1a: Walking Wake|Walking Wake|41/100|[from] Parting Shot
|
|upkeep
|turn|17
|
|t:|1779831528
|switch|p2a: Vhagar|Walking Wake|100/100
|-damage|p2a: Vhagar|88/100|[from] Spikes
|-damage|p2a: Vhagar|76/100|[from] Stealth Rock
|move|p1a: Walking Wake|Surf|p2a: Vhagar
|-resisted|p2a: Vhagar
|-damage|p2a: Vhagar|64/100
|
|upkeep
|turn|18
|
|t:|1779831541
|move|p2a: Vhagar|Draco Meteor|p1a: Walking Wake
|-supereffective|p1a: Walking Wake
|-damage|p1a: Walking Wake|0 fnt
|-unboost|p2a: Vhagar|spa|2
|faint|p1a: Walking Wake
|-end|p1a: Walking Wake|Protosynthesis|[silent]
|
|upkeep
|
|t:|1779831544
|switch|p1a: Pecharunt|Pecharunt|73/100
|turn|19
|
|t:|1779831551
|-end|p2a: Vhagar|Protosynthesis|[silent]
|switch|p2a: Balerion|Corviknight, M, shiny|66/100
|-damage|p2a: Balerion|54/100|[from] Stealth Rock
|move|p1a: Pecharunt|Recover|p1a: Pecharunt
|-heal|p1a: Pecharunt|100/100
|
|-heal|p2a: Balerion|60/100|[from] item: Leftovers
|upkeep
|turn|20
|
|t:|1779831560
|move|p1a: Pecharunt|Foul Play|p2a: Balerion
|-damage|p2a: Balerion|46/100
|move|p2a: Balerion|Roost|p2a: Balerion
|-heal|p2a: Balerion|96/100
|-singleturn|p2a: Balerion|move: Roost
|
|-heal|p2a: Balerion|100/100|[from] item: Leftovers
|upkeep
|turn|21
|
|t:|1779831584
|move|p1a: Pecharunt|Foul Play|p2a: Balerion
|-damage|p2a: Balerion|87/100
|move|p2a: Balerion|U-turn|p1a: Pecharunt
|-resisted|p1a: Pecharunt
|-damage|p1a: Pecharunt|99/100
|
|t:|1779831590
|switch|p2a: Caraxes|Ceruledge, M, shiny|79/100|[from] U-turn
|-damage|p2a: Caraxes|67/100|[from] Spikes
|-damage|p2a: Caraxes|42/100|[from] Stealth Rock
|
|upkeep
|turn|22
|
|t:|1779831598
|move|p2a: Caraxes|Shadow Sneak|p1a: Pecharunt
|-supereffective|p1a: Pecharunt
|-damage|p1a: Pecharunt|77/100
|move|p1a: Pecharunt|Malignant Chain|p2a: Caraxes
|-resisted|p2a: Caraxes
|-damage|p2a: Caraxes|22/100
|-status|p2a: Caraxes|tox
|-start|p2a: Caraxes|confusion|[from] ability: Poison Puppeteer|[of] p1a: Pecharunt
|
|-damage|p2a: Caraxes|16/100 tox|[from] psn
|upkeep
|turn|23
|
|t:|1779831609
|-terastallize|p2a: Caraxes|Fire
|-activate|p2a: Caraxes|confusion
|-damage|p2a: Caraxes|0 fnt|[from] confusion
|faint|p2a: Caraxes
|move|p1a: Pecharunt|Recover|p1a: Pecharunt
|-heal|p1a: Pecharunt|100/100
|
|upkeep
|
|t:|1779831620
|switch|p2a: Vhagar|Walking Wake|64/100
|-damage|p2a: Vhagar|51/100|[from] Spikes
|-damage|p2a: Vhagar|39/100|[from] Stealth Rock
|turn|24
|
|t:|1779831628
|move|p2a: Vhagar|Draco Meteor|p1a: Pecharunt
|-damage|p1a: Pecharunt|0 fnt
|-unboost|p2a: Vhagar|spa|2
|faint|p1a: Pecharunt
|
|upkeep
|
|t:|1779831632
|switch|p1a: Ogerpon|Ogerpon, F|100/100
|turn|25
|
|t:|1779831637
|-end|p2a: Vhagar|Protosynthesis|[silent]
|switch|p2a: Balerion|Corviknight, M, shiny|87/100
|-damage|p2a: Balerion|75/100|[from] Stealth Rock
|move|p1a: Ogerpon|Knock Off|p2a: Balerion
|-damage|p2a: Balerion|55/100
|-enditem|p2a: Balerion|Leftovers|[from] move: Knock Off|[of] p1a: Ogerpon
|
|upkeep
|turn|26
|
|t:|1779831652
|move|p1a: Ogerpon|Ivy Cudgel|p2a: Balerion
|-resisted|p2a: Balerion
|-damage|p2a: Balerion|47/100
|move|p2a: Balerion|Iron Defense|p2a: Balerion
|-boost|p2a: Balerion|def|2
|
|upkeep
|turn|27
|
|t:|1779831658
|-terastallize|p1a: Ogerpon|Grass
|detailschange|p1a: Ogerpon|Ogerpon-Teal-Tera, F, tera:Grass
|-ability|p1a: Ogerpon|Embody Aspect (Teal)|boost
|-boost|p1a: Ogerpon|spe|1
|move|p1a: Ogerpon|Encore|p2a: Balerion
|-start|p2a: Balerion|Encore
|move|p2a: Balerion|Iron Defense|p2a: Balerion
|-boost|p2a: Balerion|def|2
|
|upkeep
|turn|28
|
|t:|1779831672
|switch|p2a: Vhagar|Walking Wake|39/100
|-damage|p2a: Vhagar|27/100|[from] Spikes
|-damage|p2a: Vhagar|15/100|[from] Stealth Rock
|move|p1a: Ogerpon|Ivy Cudgel|p2a: Vhagar
|-crit|p2a: Vhagar
|-damage|p2a: Vhagar|0 fnt
|faint|p2a: Vhagar
|-end|p2a: Vhagar|Protosynthesis|[silent]
|
|upkeep
|
|t:|1779831682
|switch|p2a: Balerion|Corviknight, M, shiny|47/100
|-damage|p2a: Balerion|34/100|[from] Stealth Rock
|turn|29
|
|t:|1779831688
|move|p1a: Ogerpon|Knock Off|p2a: Balerion
|-damage|p2a: Balerion|21/100
|move|p2a: Balerion|Body Press|p1a: Ogerpon
|-damage|p1a: Ogerpon|67/100
|
|upkeep
|turn|30
|
|t:|1779831695
|move|p1a: Ogerpon|Ivy Cudgel|p2a: Balerion
|-resisted|p2a: Balerion
|-damage|p2a: Balerion|10/100
|move|p2a: Balerion|Body Press|p1a: Ogerpon
|-damage|p1a: Ogerpon|33/100
|
|upkeep
|turn|31
|
|t:|1779831702
|move|p1a: Ogerpon|Ivy Cudgel|p2a: Balerion
|-resisted|p2a: Balerion
|-damage|p2a: Balerion|0 fnt
|faint|p2a: Balerion
|
|win|claudechamp
|raw|claudechamp's rating: 1125 &rarr; <strong>1148</strong><br />(+23 for winning)
|raw|kingsvk's rating: 1097 &rarr; <strong>1074</strong><br />(-23 for losing)
|c|☆claudechamp|gg
|c|☆kingsvk|gg
