|j|☆averagealt99
|j|☆PieCubed^3
|t:|1779942542
|gametype|singles
|player|p1|averagealt99|acetrainerf-gen4dp|1368
|player|p2|PieCubed^3|hilda-wonderlauncher|1369
|gen|9
|tier|[Gen 9] OU
|rated|
|rule|HP Percentage Mod: HP is shown in percentages
|rule|Endless Battle Clause: Forcing endless battles is banned
|rule|Species Clause: Limit one of each Pokémon
|rule|OHKO Clause: OHKO moves are banned
|rule|Evasion Items Clause: Evasion items are banned
|rule|Evasion Moves Clause: Evasion moves are banned
|rule|Evasion Abilities Clause: Evasion abilities are banned
|rule|Sleep Moves Clause: Sleep-inducing moves are banned
|clearpoke
|poke|p1|Hydrapple, F|
|poke|p1|Cinderace, F|
|poke|p1|Iron Crown|
|poke|p1|Primarina, M|
|poke|p1|Gliscor, F|
|poke|p1|Okidogi, M|
|poke|p2|Araquanid, F|
|poke|p2|Gholdengo|
|poke|p2|Kingambit, F|
|poke|p2|Raging Bolt|
|poke|p2|Keldeo-Resolute|
|poke|p2|Gliscor, M|
|teampreview
|
|t:|1779942565
|teamsize|p1|6
|teamsize|p2|6
|start
|switch|p1a: Primarina|Primarina, M|100/100
|switch|p2a: QUIL|Araquanid, F|100/100
|turn|1
|inactive|Battle timer is ON: inactive players will automatically lose when time's up. (requested by PieCubed^3)
|
|t:|1779942589
|switch|p2a: Gholdengo|Gholdengo|100/100
|-item|p2a: Gholdengo|Air Balloon
|move|p1a: Primarina|Calm Mind|p1a: Primarina
|-boost|p1a: Primarina|spa|1
|-boost|p1a: Primarina|spd|1
|
|upkeep
|turn|2
|
|t:|1779942596
|move|p2a: Gholdengo|Nasty Plot|p2a: Gholdengo
|-boost|p2a: Gholdengo|spa|2
|move|p1a: Primarina|Psychic Noise|p2a: Gholdengo
|-damage|p2a: Gholdengo|34/100
|-start|p2a: Gholdengo|move: Heal Block
|-enditem|p2a: Gholdengo|Air Balloon
|
|upkeep
|turn|3
|
|t:|1779942608
|switch|p1a: Cinderace|Cinderace, F|100/100
|move|p2a: Gholdengo|Psyshock|p1a: Cinderace
|-damage|p1a: Cinderace|30/100
|
|-end|p2a: Gholdengo|move: Heal Block
|upkeep
|turn|4
|
|t:|1779942616
|switch|p2a: Gliscor|Gliscor, M|100/100
|move|p1a: Cinderace|Temper Flare|p2a: Gliscor
|-crit|p2a: Gliscor
|-damage|p2a: Gliscor|42/100
|
|-status|p2a: Gliscor|tox|[from] item: Toxic Orb
|upkeep
|turn|5
|
|t:|1779942638
|move|p1a: Cinderace|U-turn|p2a: Gliscor
|-resisted|p2a: Gliscor
|-damage|p2a: Gliscor|34/100 tox
|inactive|averagealt99 has 120 seconds left.
|inactive|averagealt99 has 90 seconds left.
|inactive|averagealt99 has 60 seconds left.
|
|t:|1779942732
|switch|p1a: Gliscor|Gliscor, F|100/100|[from] U-turn
|move|p2a: Gliscor|Agility|p2a: Gliscor
|-boost|p2a: Gliscor|spe|2
|
|-heal|p2a: Gliscor|46/100 tox|[from] ability: Poison Heal
|-status|p1a: Gliscor|tox|[from] item: Toxic Orb
|upkeep
|turn|6
|
|t:|1779942756
|move|p2a: Gliscor|Swords Dance|p2a: Gliscor
|-boost|p2a: Gliscor|atk|2
|move|p1a: Gliscor|Swords Dance|p1a: Gliscor
|-boost|p1a: Gliscor|atk|2
|
|-heal|p2a: Gliscor|58/100 tox|[from] ability: Poison Heal
|upkeep
|turn|7
|inactive|PieCubed^3 has 120 seconds left.
|inactive|PieCubed^3 has 90 seconds left.
|
|t:|1779942814
|move|p2a: Gliscor|Swords Dance|p2a: Gliscor
|-boost|p2a: Gliscor|atk|2
|move|p1a: Gliscor|Facade|p2a: Gliscor
|-damage|p2a: Gliscor|0 fnt
|faint|p2a: Gliscor
|
|upkeep
|
|t:|1779942826
|switch|p2a: QUIL|Araquanid, F|100/100
|turn|8
|
|t:|1779942835
|switch|p1a: Okidogi|Okidogi, M|100/100
|move|p2a: QUIL|Surf|p1a: Okidogi
|-damage|p1a: Okidogi|62/100
|
|-heal|p1a: Okidogi|68/100|[from] item: Leftovers
|upkeep
|turn|9
|inactive|PieCubed^3 has 90 seconds left.
|
|t:|1779942846
|switch|p2a: Gholdengo|Gholdengo|34/100
|move|p1a: Okidogi|Bulk Up|p1a: Okidogi
|-boost|p1a: Okidogi|atk|1
|-boost|p1a: Okidogi|def|1
|
|-heal|p1a: Okidogi|74/100|[from] item: Leftovers
|upkeep
|turn|10
|inactive|averagealt99 has 90 seconds left.
|inactive|PieCubed^3 has 90 seconds left.
|inactive|PieCubed^3 has 60 seconds left.
|
|t:|1779942887
|switch|p1a: Iron Crown|Iron Crown|100/100
|move|p2a: Gholdengo|Psyshock|p1a: Iron Crown
|-resisted|p1a: Iron Crown
|-damage|p1a: Iron Crown|93/100
|
|-heal|p1a: Iron Crown|99/100|[from] item: Leftovers
|upkeep
|turn|11
|
|t:|1779942896
|switch|p2a: QUIL|Araquanid, F|100/100
|move|p1a: Iron Crown|Tachyon Cutter|p2a: QUIL
|-resisted|p2a: QUIL
|-damage|p2a: QUIL|93/100
|-resisted|p2a: QUIL
|-damage|p2a: QUIL|85/100
|-hitcount|p2a: QUIL|2
|
|-heal|p1a: Iron Crown|100/100|[from] item: Leftovers
|upkeep
|turn|12
|
|t:|1779942911
|-end|p1a: Iron Crown|Quark Drive|[silent]
|switch|p1a: Okidogi|Okidogi, M|74/100
|move|p2a: QUIL|Surf|p1a: Okidogi
|-damage|p1a: Okidogi|39/100
|
|-heal|p1a: Okidogi|45/100|[from] item: Leftovers
|upkeep
|turn|13
|
|t:|1779942919
|move|p1a: Okidogi|Knock Off|p2a: QUIL
|-damage|p2a: QUIL|56/100
|-enditem|p2a: QUIL|Custap Berry|[from] move: Knock Off|[of] p1a: Okidogi
|move|p2a: QUIL|Surf|p1a: Okidogi
|-damage|p1a: Okidogi|7/100
|
|-heal|p1a: Okidogi|13/100|[from] item: Leftovers
|upkeep
|turn|14
|inactive|averagealt99 has 90 seconds left.
|
|t:|1779942947
|switch|p2a: Gholdengo|Gholdengo|34/100
|move|p1a: Okidogi|Poison Fang|p2a: Gholdengo
|-immune|p2a: Gholdengo
|
|-heal|p1a: Okidogi|19/100|[from] item: Leftovers
|upkeep
|turn|15
|
|t:|1779942952
|move|p2a: Gholdengo|Shadow Ball|p1a: Okidogi
|-damage|p1a: Okidogi|0 fnt
|faint|p1a: Okidogi
|
|upkeep
|inactive|averagealt99 has 90 seconds left.
|
|t:|1779942960
|switch|p1a: Gliscor|Gliscor, F|100/100 tox
|turn|16
|
|t:|1779942968
|switch|p2a: Keldeo|Keldeo-Resolute|100/100
|move|p1a: Gliscor|Earthquake|p2a: Keldeo
|-damage|p2a: Keldeo|49/100
|
|upkeep
|turn|17
|
|t:|1779942973
|switch|p1a: Primarina|Primarina, M|100/100
|move|p2a: Keldeo|Surf|p1a: Primarina
|-resisted|p1a: Primarina
|-damage|p1a: Primarina|74/100
|-damage|p2a: Keldeo|40/100|[from] item: Life Orb
|
|upkeep
|turn|18
|
|t:|1779942982
|move|p2a: Keldeo|Substitute|p2a: Keldeo
|-start|p2a: Keldeo|Substitute
|-damage|p2a: Keldeo|15/100
|move|p1a: Primarina|Moonblast|p2a: Keldeo
|-supereffective|p2a: Keldeo
|-end|p2a: Keldeo|Substitute
|
|upkeep
|turn|19
|inactive|averagealt99 has 120 seconds left.
|
|t:|1779942988
|move|p2a: Keldeo|Secret Sword|p1a: Primarina
|-resisted|p1a: Primarina
|-damage|p1a: Primarina|36/100
|-damage|p2a: Keldeo|5/100|[from] item: Life Orb
|move|p1a: Primarina|Calm Mind|p1a: Primarina
|-boost|p1a: Primarina|spa|1
|-boost|p1a: Primarina|spd|1
|
|upkeep
|turn|20
|
|t:|1779942993
|move|p2a: Keldeo|Secret Sword|p1a: Primarina
|-resisted|p1a: Primarina
|-damage|p1a: Primarina|0 fnt
|faint|p1a: Primarina
|-damage|p2a: Keldeo|0 fnt|[from] item: Life Orb
|faint|p2a: Keldeo
|
|upkeep
|inactive|PieCubed^3 has 120 seconds left.
|
|t:|1779943026
|switch|p2a: QUIL|Araquanid, F|56/100
|switch|p1a: Gliscor|Gliscor, F|100/100 tox
|turn|21
|inactive|averagealt99 has 120 seconds left.
|
|t:|1779943068
|-terastallize|p1a: Gliscor|Water
|move|p1a: Gliscor|Swords Dance|p1a: Gliscor
|-boost|p1a: Gliscor|atk|2
|move|p2a: QUIL|Surf|p1a: Gliscor
|-resisted|p1a: Gliscor
|-damage|p1a: Gliscor|82/100 tox
|
|-heal|p1a: Gliscor|94/100 tox|[from] ability: Poison Heal
|upkeep
|turn|22
|
|t:|1779943094
|move|p1a: Gliscor|Earthquake|p2a: QUIL
|-resisted|p2a: QUIL
|-damage|p2a: QUIL|18/100
|move|p2a: QUIL|Lunge|p1a: Gliscor
|-damage|p1a: Gliscor|77/100 tox
|-unboost|p1a: Gliscor|atk|1
|
|-heal|p1a: Gliscor|89/100 tox|[from] ability: Poison Heal
|upkeep
|turn|23
|inactive|PieCubed^3 has 90 seconds left.
|
|t:|1779943110
|move|p1a: Gliscor|Swords Dance|p1a: Gliscor
|-boost|p1a: Gliscor|atk|2
|move|p2a: QUIL|Sticky Web|p1a: Gliscor
|-sidestart|p1: averagealt99|move: Sticky Web
|
|-heal|p1a: Gliscor|100/100 tox|[from] ability: Poison Heal
|upkeep
|turn|24
|
|t:|1779943117
|move|p1a: Gliscor|Earthquake|p2a: QUIL
|-resisted|p2a: QUIL
|-damage|p2a: QUIL|0 fnt
|faint|p2a: QUIL
|
|upkeep
|
|t:|1779943124
|switch|p2a: Gholdengo|Gholdengo|34/100
|turn|25
|
|t:|1779943128
|move|p2a: Gholdengo|Shadow Ball|p1a: Gliscor
|-damage|p1a: Gliscor|60/100 tox
|move|p1a: Gliscor|Earthquake|p2a: Gholdengo
|-supereffective|p2a: Gholdengo
|-damage|p2a: Gholdengo|0 fnt
|faint|p2a: Gholdengo
|
|-heal|p1a: Gliscor|72/100 tox|[from] ability: Poison Heal
|upkeep
|
|t:|1779943134
|switch|p2a: Raging Bolt|Raging Bolt|100/100
|-enditem|p2a: Raging Bolt|Booster Energy
|-activate|p2a: Raging Bolt|ability: Protosynthesis|[fromitem]
|-start|p2a: Raging Bolt|protosynthesisspa
|turn|26
|
|t:|1779943142
|move|p2a: Raging Bolt|Thunderclap|p1a: Gliscor
|-supereffective|p1a: Gliscor
|-damage|p1a: Gliscor|0 fnt
|faint|p1a: Gliscor
|
|upkeep
|
|t:|1779943147
|switch|p1a: Cinderace|Cinderace, F|30/100
|turn|27
|
|t:|1779943150
|move|p1a: Cinderace|Will-O-Wisp|p2a: Raging Bolt
|-status|p2a: Raging Bolt|brn
|move|p2a: Raging Bolt|Calm Mind|p2a: Raging Bolt
|-boost|p2a: Raging Bolt|spa|1
|-boost|p2a: Raging Bolt|spd|1
|
|-damage|p2a: Raging Bolt|94/100 brn|[from] brn
|upkeep
|turn|28
|
|t:|1779943156
|move|p2a: Raging Bolt|Thunderclap||[still]
|-fail|p2a: Raging Bolt
|move|p1a: Cinderace|Will-O-Wisp|p2a: Raging Bolt
|-fail|p2a: Raging Bolt|brn
|
|-damage|p2a: Raging Bolt|88/100 brn|[from] brn
|upkeep
|turn|29
|
|t:|1779943164
|move|p1a: Cinderace|Will-O-Wisp|p2a: Raging Bolt|[miss]
|-miss|p1a: Cinderace|p2a: Raging Bolt
|move|p2a: Raging Bolt|Dragon Pulse|p1a: Cinderace
|-damage|p1a: Cinderace|0 fnt
|faint|p1a: Cinderace
|
|-damage|p2a: Raging Bolt|82/100 brn|[from] brn
|upkeep
|
|t:|1779943183
|switch|p1a: Hydrapple|Hydrapple, F|100/100
|turn|30
|
|t:|1779943188
|move|p2a: Raging Bolt|Dragon Pulse|p1a: Hydrapple
|-supereffective|p1a: Hydrapple
|-damage|p1a: Hydrapple|0 fnt
|faint|p1a: Hydrapple
|
|-damage|p2a: Raging Bolt|76/100 brn|[from] brn
|upkeep
|-message|averagealt99 forfeited.
|
|win|PieCubed^3
|raw|averagealt99's rating: 1368 &rarr; <strong>1348</strong><br />(-20 for losing)
|raw|PieCubed^3's rating: 1369 &rarr; <strong>1389</strong><br />(+20 for winning)
|l|☆averagealt99
|player|p1|
|l|☆PieCubed^3
|player|p2|
