|j|☆mastersannin
|j|☆tperz
|t:|1779806947
|gametype|singles
|player|p1|mastersannin|101|1594
|player|p2|tperz|burglar|1621
|gen|9
|tier|[Gen 9] OU
|rated|
|rule|HP Percentage Mod: HP is shown in percentages
|rule|Endless Battle Clause: Forcing endless battles is banned
|rule|Species Clause: Limit one of each Pokémon
|rule|OHKO Clause: OHKO moves are banned
|rule|Evasion Items Clause: Evasion items are banned
|rule|Evasion Moves Clause: Evasion moves are banned
|rule|Evasion Abilities Clause: Evasion abilities are banned
|rule|Sleep Moves Clause: Sleep-inducing moves are banned
|clearpoke
|poke|p1|Samurott-Hisui, F|
|poke|p1|Zapdos|
|poke|p1|Iron Treads|
|poke|p1|Ceruledge, M|
|poke|p1|Gholdengo|
|poke|p1|Kingambit, M|
|poke|p2|Goodra-Hisui, M|
|poke|p2|Ninetales-Alola, F|
|poke|p2|Glimmora, M|
|poke|p2|Rillaboom, F|
|poke|p2|Mandibuzz, F|
|poke|p2|Great Tusk|
|teampreview
|inactive|Battle timer is ON: inactive players will automatically lose when time's up. (requested by tperz)
|inactive|mastersannin also wants the timer to be on.
|
|t:|1779806957
|teamsize|p1|6
|teamsize|p2|6
|start
|switch|p1a: Kingambit|Kingambit, M|100/100
|switch|p2a: Ninetales|Ninetales-Alola, F|100/100
|-weather|Snowscape|[from] ability: Snow Warning|[of] p2a: Ninetales
|turn|1
|
|t:|1779806983
|switch|p2a: Great Tusk|Great Tusk|100/100
|move|p1a: Kingambit|Swords Dance|p1a: Kingambit
|-boost|p1a: Kingambit|atk|2
|
|-weather|Snowscape|[upkeep]
|upkeep
|turn|2
|
|t:|1779806996
|-terastallize|p1a: Kingambit|Fighting
|move|p2a: Great Tusk|Body Press|p1a: Kingambit
|-damage|p1a: Kingambit|69/100
|move|p1a: Kingambit|Low Kick|p2a: Great Tusk
|-damage|p2a: Great Tusk|17/100
|
|-weather|Snowscape|[upkeep]
|-heal|p1a: Kingambit|75/100|[from] item: Leftovers
|upkeep
|turn|3
|
|t:|1779807006
|-end|p2a: Great Tusk|Protosynthesis|[silent]
|switch|p2a: Mandibuzz|Mandibuzz, F|100/100
|move|p1a: Kingambit|Sucker Punch||[still]
|-fail|p1a: Kingambit
|
|-weather|Snowscape|[upkeep]
|-heal|p1a: Kingambit|81/100|[from] item: Leftovers
|upkeep
|turn|4
|
|t:|1779807011
|move|p1a: Kingambit|Iron Head|p2a: Mandibuzz
|-damage|p2a: Mandibuzz|54/100
|-damage|p1a: Kingambit|65/100|[from] item: Rocky Helmet|[of] p2a: Mandibuzz
|move|p2a: Mandibuzz|Taunt|p1a: Kingambit
|-start|p1a: Kingambit|move: Taunt
|
|-weather|Snowscape|[upkeep]
|-heal|p1a: Kingambit|71/100|[from] item: Leftovers
|upkeep
|turn|5
|
|t:|1779807014
|move|p1a: Kingambit|Iron Head|p2a: Mandibuzz
|-damage|p2a: Mandibuzz|6/100
|-damage|p1a: Kingambit|54/100|[from] item: Rocky Helmet|[of] p2a: Mandibuzz
|move|p2a: Mandibuzz|Defog|p1a: Kingambit
|-unboost|p1a: Kingambit|evasion|1
|
|-weather|none
|-heal|p1a: Kingambit|61/100|[from] item: Leftovers
|upkeep
|turn|6
|
|t:|1779807021
|move|p1a: Kingambit|Iron Head|p2a: Mandibuzz
|-damage|p2a: Mandibuzz|0 fnt
|-damage|p1a: Kingambit|44/100|[from] item: Rocky Helmet|[of] p2a: Mandibuzz
|faint|p2a: Mandibuzz
|
|-heal|p1a: Kingambit|50/100|[from] item: Leftovers
|upkeep
|
|t:|1779807023
|switch|p2a: Ninetales|Ninetales-Alola, F|100/100
|-weather|Snowscape|[from] ability: Snow Warning|[of] p2a: Ninetales
|turn|7
|
|t:|1779807030
|move|p2a: Ninetales|Moonblast|p1a: Kingambit
|-supereffective|p1a: Kingambit
|-damage|p1a: Kingambit|0 fnt
|faint|p1a: Kingambit
|-end|p1a: Kingambit|fallenundefined|[silent]
|
|-weather|Snowscape|[upkeep]
|upkeep
|
|t:|1779807035
|switch|p1a: Ceruledge|Ceruledge, M|100/100
|turn|8
|
|t:|1779807039
|move|p2a: Ninetales|Aurora Veil|p2a: Ninetales
|-sidestart|p2: tperz|move: Aurora Veil
|move|p1a: Ceruledge|Swords Dance|p1a: Ceruledge
|-boost|p1a: Ceruledge|atk|2
|
|-weather|Snowscape|[upkeep]
|upkeep
|turn|9
|
|t:|1779807043
|move|p2a: Ninetales|Encore|p1a: Ceruledge
|-start|p1a: Ceruledge|Encore
|move|p1a: Ceruledge|Swords Dance|p1a: Ceruledge
|-boost|p1a: Ceruledge|atk|2
|
|-weather|Snowscape|[upkeep]
|upkeep
|turn|10
|
|t:|1779807046
|switch|p2a: Glimmora|Glimmora, M|100/100
|move|p1a: Ceruledge|Swords Dance|p1a: Ceruledge
|-boost|p1a: Ceruledge|atk|2
|
|-weather|Snowscape|[upkeep]
|upkeep
|turn|11
|
|t:|1779807052
|move|p1a: Ceruledge|Swords Dance|p1a: Ceruledge
|-boost|p1a: Ceruledge|atk|0
|move|p2a: Glimmora|Toxic|p1a: Ceruledge
|-status|p1a: Ceruledge|tox
|
|-weather|none
|-damage|p1a: Ceruledge|94/100 tox|[from] psn
|-end|p1a: Ceruledge|Encore
|upkeep
|turn|12
|
|t:|1779807060
|move|p1a: Ceruledge|Poltergeist|p2a: Glimmora
|-activate|p2a: Glimmora|move: Poltergeist|Black Sludge
|-damage|p2a: Glimmora|0 fnt
|faint|p2a: Glimmora
|
|-damage|p1a: Ceruledge|82/100 tox|[from] psn
|upkeep
|
|t:|1779807069
|switch|p2a: Ninetales|Ninetales-Alola, F|100/100
|-weather|Snowscape|[from] ability: Snow Warning|[of] p2a: Ninetales
|turn|13
|
|t:|1779807072
|move|p1a: Ceruledge|Shadow Sneak|p2a: Ninetales
|-damage|p2a: Ninetales|60/100
|move|p2a: Ninetales|Blizzard|p1a: Ceruledge
|-resisted|p1a: Ceruledge
|-damage|p1a: Ceruledge|61/100 tox
|
|-weather|Snowscape|[upkeep]
|-damage|p1a: Ceruledge|43/100 tox|[from] psn
|upkeep
|turn|14
|
|t:|1779807077
|move|p2a: Ninetales|Encore|p1a: Ceruledge
|-start|p1a: Ceruledge|Encore
|move|p1a: Ceruledge|Shadow Sneak|p2a: Ninetales
|-crit|p2a: Ninetales
|-damage|p2a: Ninetales|0 fnt
|faint|p2a: Ninetales
|
|-weather|Snowscape|[upkeep]
|-damage|p1a: Ceruledge|19/100 tox|[from] psn
|upkeep
|
|t:|1779807084
|switch|p2a: Rillaboom|Rillaboom, F, shiny|100/100
|-fieldstart|move: Grassy Terrain|[from] ability: Grassy Surge|[of] p2a: Rillaboom
|turn|15
|
|t:|1779807087
|move|p1a: Ceruledge|Shadow Sneak|p2a: Rillaboom
|-damage|p2a: Rillaboom|56/100
|move|p2a: Rillaboom|Grassy Glide|p1a: Ceruledge
|-resisted|p1a: Ceruledge
|-damage|p1a: Ceruledge|0 fnt
|faint|p1a: Ceruledge
|
|-weather|Snowscape|[upkeep]
|-heal|p2a: Rillaboom|62/100|[from] Grassy Terrain
|-sideend|p2: tperz|move: Aurora Veil
|upkeep
|
|t:|1779807091
|switch|p1a: Zapdos|Zapdos|100/100
|turn|16
|
|t:|1779807095
|switch|p2a: Goodra|Goodra-Hisui, M|100/100
|move|p1a: Zapdos|Hurricane|p2a: Goodra
|-resisted|p2a: Goodra
|-damage|p2a: Goodra|88/100
|
|-weather|Snowscape|[upkeep]
|-heal|p2a: Goodra|94/100|[from] Grassy Terrain
|-heal|p2a: Goodra|99/100|[from] item: Leftovers
|upkeep
|turn|17
|
|t:|1779807101
|move|p1a: Zapdos|Thunder Wave|p2a: Goodra
|-status|p2a: Goodra|par
|move|p2a: Goodra|Curse|p2a: Goodra
|-unboost|p2a: Goodra|spe|1
|-boost|p2a: Goodra|atk|1
|-boost|p2a: Goodra|def|1
|
|-weather|none
|-heal|p2a: Goodra|100/100 par|[from] Grassy Terrain
|upkeep
|turn|18
|
|t:|1779807107
|switch|p1a: Iron Treads|Iron Treads|100/100
|move|p2a: Goodra|Curse|p2a: Goodra
|-unboost|p2a: Goodra|spe|1
|-boost|p2a: Goodra|atk|1
|-boost|p2a: Goodra|def|1
|
|upkeep
|turn|19
|j| Dante1310
|
|t:|1779807112
|move|p1a: Iron Treads|Earthquake|p2a: Goodra
|-supereffective|p2a: Goodra
|-damage|p2a: Goodra|76/100 par
|move|p2a: Goodra|Gyro Ball|p1a: Iron Treads
|-resisted|p1a: Iron Treads
|-crit|p1a: Iron Treads
|-damage|p1a: Iron Treads|30/100
|
|-heal|p1a: Iron Treads|37/100|[from] Grassy Terrain
|-heal|p1a: Iron Treads|43/100|[from] item: Leftovers
|-heal|p2a: Goodra|82/100 par|[from] Grassy Terrain
|-heal|p2a: Goodra|88/100 par|[from] item: Leftovers
|upkeep
|turn|20
|
|t:|1779807118
|move|p1a: Iron Treads|Earthquake|p2a: Goodra
|-supereffective|p2a: Goodra
|-damage|p2a: Goodra|66/100 par
|cant|p2a: Goodra|par
|
|-heal|p1a: Iron Treads|49/100|[from] Grassy Terrain
|-heal|p1a: Iron Treads|55/100|[from] item: Leftovers
|-heal|p2a: Goodra|72/100 par|[from] Grassy Terrain
|-heal|p2a: Goodra|79/100 par|[from] item: Leftovers
|upkeep
|turn|21
|
|t:|1779807120
|move|p1a: Iron Treads|Knock Off|p2a: Goodra
|-damage|p2a: Goodra|64/100 par
|-enditem|p2a: Goodra|Leftovers|[from] move: Knock Off|[of] p1a: Iron Treads
|move|p2a: Goodra|Curse|p2a: Goodra
|-unboost|p2a: Goodra|spe|1
|-boost|p2a: Goodra|atk|1
|-boost|p2a: Goodra|def|1
|
|-heal|p1a: Iron Treads|62/100|[from] Grassy Terrain
|-heal|p1a: Iron Treads|68/100|[from] item: Leftovers
|-heal|p2a: Goodra|70/100 par|[from] Grassy Terrain
|upkeep
|turn|22
|
|t:|1779807123
|move|p1a: Iron Treads|Earthquake|p2a: Goodra
|-supereffective|p2a: Goodra
|-damage|p2a: Goodra|52/100 par
|move|p2a: Goodra|Gyro Ball|p1a: Iron Treads
|-resisted|p1a: Iron Treads
|-damage|p1a: Iron Treads|14/100
|
|-heal|p1a: Iron Treads|20/100|[from] Grassy Terrain
|-heal|p1a: Iron Treads|26/100|[from] item: Leftovers
|-heal|p2a: Goodra|58/100 par|[from] Grassy Terrain
|-fieldend|move: Grassy Terrain
|upkeep
|turn|23
|
|t:|1779807126
|move|p1a: Iron Treads|Earthquake|p2a: Goodra
|-supereffective|p2a: Goodra
|-damage|p2a: Goodra|20/100 par
|move|p2a: Goodra|Gyro Ball|p1a: Iron Treads
|-resisted|p1a: Iron Treads
|-damage|p1a: Iron Treads|0 fnt
|faint|p1a: Iron Treads
|-end|p1a: Iron Treads|Quark Drive|[silent]
|
|upkeep
|
|t:|1779807132
|switch|p1a: Gholdengo|Gholdengo|100/100
|-item|p1a: Gholdengo|Air Balloon
|turn|24
|
|t:|1779807134
|move|p1a: Gholdengo|Hex|p2a: Goodra
|-damage|p2a: Goodra|0 fnt
|faint|p2a: Goodra
|
|upkeep
|
|t:|1779807138
|switch|p2a: Rillaboom|Rillaboom, F, shiny|62/100
|-fieldstart|move: Grassy Terrain|[from] ability: Grassy Surge|[of] p2a: Rillaboom
|turn|25
|
|t:|1779807140
|move|p2a: Rillaboom|Grassy Glide|p1a: Gholdengo
|-resisted|p1a: Gholdengo
|-damage|p1a: Gholdengo|88/100
|-enditem|p1a: Gholdengo|Air Balloon
|move|p1a: Gholdengo|Thunder Wave|p2a: Rillaboom
|-status|p2a: Rillaboom|par
|
|-heal|p1a: Gholdengo|94/100|[from] Grassy Terrain
|-heal|p2a: Rillaboom|68/100 par|[from] Grassy Terrain
|upkeep
|turn|26
|
|t:|1779807143
|move|p1a: Gholdengo|Hex|p2a: Rillaboom
|-crit|p2a: Rillaboom
|-damage|p2a: Rillaboom|0 fnt
|faint|p2a: Rillaboom
|
|-heal|p1a: Gholdengo|99/100|[from] Grassy Terrain
|upkeep
|
|t:|1779807145
|switch|p2a: Great Tusk|Great Tusk|17/100
|turn|27
|
|t:|1779807147
|move|p2a: Great Tusk|Stomping Tantrum|p1a: Gholdengo
|-supereffective|p1a: Gholdengo
|-damage|p1a: Gholdengo|50/100
|move|p1a: Gholdengo|Hex|p2a: Great Tusk
|-damage|p2a: Great Tusk|0 fnt
|faint|p2a: Great Tusk
|-end|p2a: Great Tusk|Protosynthesis|[silent]
|
|win|mastersannin
|raw|mastersannin's rating: 1594 &rarr; <strong>1616</strong><br />(+22 for winning)
|raw|tperz's rating: 1621 &rarr; <strong>1599</strong><br />(-22 for losing)
|l|☆mastersannin
|player|p1|
|l| Dante1310
