|j|☆Cheesefriezz
|j|☆neith1506
|t:|1779862394
|gametype|singles
|player|p1|Cheesefriezz|n|1106
|player|p2|neith1506|selene|1169
|gen|9
|tier|[Gen 9] OU
|rated|
|rule|HP Percentage Mod: HP is shown in percentages
|rule|Endless Battle Clause: Forcing endless battles is banned
|rule|Species Clause: Limit one of each Pokémon
|rule|OHKO Clause: OHKO moves are banned
|rule|Evasion Items Clause: Evasion items are banned
|rule|Evasion Moves Clause: Evasion moves are banned
|rule|Evasion Abilities Clause: Evasion abilities are banned
|rule|Sleep Moves Clause: Sleep-inducing moves are banned
|clearpoke
|poke|p1|Samurott-Hisui, M|
|poke|p1|Leafeon, M|
|poke|p1|Moltres|
|poke|p1|Ninetales, F|
|poke|p1|Kommo-o, M|
|poke|p1|Glimmora, F|
|poke|p2|Great Tusk|
|poke|p2|Gholdengo|
|poke|p2|Dragapult, F|
|poke|p2|Kingambit, F|
|poke|p2|Ogerpon-Wellspring, F|
|poke|p2|Slowking-Galar, F|
|teampreview
|inactive|Battle timer is ON: inactive players will automatically lose when time's up. (requested by neith1506)
|
|t:|1779862406
|teamsize|p1|6
|teamsize|p2|6
|start
|switch|p1a: Glimmora|Glimmora, F|100/100
|switch|p2a: Great Tusk|Great Tusk, shiny|100/100
|turn|1
|
|t:|1779862416
|move|p1a: Glimmora|Stealth Rock|p2a: Great Tusk
|-sidestart|p2: neith1506|move: Stealth Rock
|move|p2a: Great Tusk|Earthquake|p1a: Glimmora
|-supereffective|p1a: Glimmora
|-crit|p1a: Glimmora
|-enditem|p1a: Glimmora|Focus Sash
|-damage|p1a: Glimmora|1/100
|-activate|p1a: Glimmora|ability: Toxic Debris
|-sidestart|p2: neith1506|move: Toxic Spikes
|
|upkeep
|turn|2
|
|t:|1779862440
|move|p1a: Glimmora|Earth Power|p2a: Great Tusk
|-damage|p2a: Great Tusk|59/100
|move|p2a: Great Tusk|Rapid Spin|p1a: Glimmora
|-resisted|p1a: Glimmora
|-damage|p1a: Glimmora|0 fnt
|-boost|p2a: Great Tusk|spe|1
|-activate|p1a: Glimmora|ability: Toxic Debris
|-sidestart|p2: neith1506|move: Toxic Spikes
|-sideend|p2: neith1506|Toxic Spikes|[from] move: Rapid Spin|[of] p2a: Great Tusk
|-sideend|p2: neith1506|Stealth Rock|[from] move: Rapid Spin|[of] p2a: Great Tusk
|faint|p1a: Glimmora
|
|-heal|p2a: Great Tusk|65/100|[from] item: Leftovers
|upkeep
|
|t:|1779862445
|switch|p1a: Melo|Leafeon, M, shiny|100/100
|turn|3
|
|t:|1779862452
|-end|p2a: Great Tusk|Protosynthesis|[silent]
|switch|p2a: Slowking|Slowking-Galar, F, shiny|100/100
|move|p1a: Melo|Leaf Blade|p2a: Slowking
|-resisted|p2a: Slowking
|-crit|p2a: Slowking
|-damage|p2a: Slowking|61/100
|-damage|p1a: Melo|91/100|[from] item: Life Orb
|
|upkeep
|turn|4
|
|t:|1779862461
|move|p1a: Melo|Knock Off|p2a: Slowking
|-supereffective|p2a: Slowking
|-damage|p2a: Slowking|0 fnt
|-enditem|p2a: Slowking|Assault Vest|[from] move: Knock Off|[of] p1a: Melo
|faint|p2a: Slowking
|-damage|p1a: Melo|81/100|[from] item: Life Orb
|
|upkeep
|
|t:|1779862470
|switch|p2a: Kingambit|Kingambit, F, shiny|100/100
|-activate|p2a: Kingambit|ability: Supreme Overlord
|-start|p2a: Kingambit|fallen1|[silent]
|turn|5
|
|t:|1779862478
|switch|p1a: six tails|Ninetales, F, shiny|100/100
|-weather|SunnyDay|[from] ability: Drought|[of] p1a: six tails
|move|p2a: Kingambit|Kowtow Cleave|p1a: six tails
|-damage|p1a: six tails|8/100
|
|-weather|SunnyDay|[upkeep]
|upkeep
|turn|6
|
|t:|1779862488
|move|p1a: six tails|Encore|p2a: Kingambit
|-start|p2a: Kingambit|Encore
|move|p2a: Kingambit|Kowtow Cleave|p1a: six tails
|-damage|p1a: six tails|0 fnt
|faint|p1a: six tails
|
|-weather|SunnyDay|[upkeep]
|upkeep
|
|t:|1779862492
|switch|p1a: Supa Hot Fire|Moltres|100/100
|turn|7
|
|t:|1779862499
|-end|p2a: Kingambit|fallen1|[silent]
|switch|p2a: Ogerpon|Ogerpon-Wellspring, F|100/100
|move|p1a: Supa Hot Fire|Flamethrower|p2a: Ogerpon
|-damage|p2a: Ogerpon|9/100
|
|-weather|SunnyDay|[upkeep]
|upkeep
|turn|8
|
|t:|1779862508
|move|p2a: Ogerpon|Ivy Cudgel|p1a: Supa Hot Fire|[anim] Ivy Cudgel Water
|-supereffective|p1a: Supa Hot Fire
|-crit|p1a: Supa Hot Fire
|-damage|p1a: Supa Hot Fire|15/100
|move|p1a: Supa Hot Fire|U-turn|p2a: Ogerpon
|-supereffective|p2a: Ogerpon
|-damage|p2a: Ogerpon|0 fnt
|faint|p2a: Ogerpon
|
|t:|1779862515
|switch|p1a: Melo|Leafeon, M, shiny|81/100|[from] U-turn
|
|-weather|SunnyDay|[upkeep]
|upkeep
|
|t:|1779862523
|switch|p2a: Kingambit|Kingambit, F, shiny|100/100
|-activate|p2a: Kingambit|ability: Supreme Overlord
|-start|p2a: Kingambit|fallen2|[silent]
|turn|9
|
|t:|1779862526
|move|p1a: Melo|Swords Dance|p1a: Melo
|-boost|p1a: Melo|atk|2
|move|p2a: Kingambit|Kowtow Cleave|p1a: Melo
|-damage|p1a: Melo|13/100
|
|-weather|SunnyDay|[upkeep]
|upkeep
|turn|10
|
|t:|1779862534
|move|p2a: Kingambit|Sucker Punch|p1a: Melo
|-damage|p1a: Melo|0 fnt
|faint|p1a: Melo
|
|-weather|SunnyDay|[upkeep]
|upkeep
|
|t:|1779862542
|switch|p1a: Supa Hot Fire|Moltres|15/100
|turn|11
|
|t:|1779862559
|move|p2a: Kingambit|Sucker Punch||[still]
|-fail|p2a: Kingambit
|move|p1a: Supa Hot Fire|Roost|p1a: Supa Hot Fire
|-heal|p1a: Supa Hot Fire|66/100
|-singleturn|p1a: Supa Hot Fire|move: Roost
|
|-weather|SunnyDay|[upkeep]
|upkeep
|turn|12
|
|t:|1779862563
|move|p1a: Supa Hot Fire|Flamethrower|p2a: Kingambit
|-supereffective|p2a: Kingambit
|-damage|p2a: Kingambit|0 fnt
|faint|p2a: Kingambit
|-end|p2a: Kingambit|fallen2|[silent]
|
|-weather|none
|upkeep
|
|t:|1779862566
|switch|p2a: Dragapult|Dragapult, F, shiny|100/100
|turn|13
|
|t:|1779862570
|move|p2a: Dragapult|Draco Meteor|p1a: Supa Hot Fire
|-damage|p1a: Supa Hot Fire|0 fnt
|-unboost|p2a: Dragapult|spa|2
|faint|p1a: Supa Hot Fire
|
|upkeep
|
|t:|1779862574
|switch|p1a: Ima dive in|Samurott-Hisui, M|100/100
|turn|14
|
|t:|1779862580
|switch|p2a: Great Tusk|Great Tusk, shiny|65/100
|move|p1a: Ima dive in|Ceaseless Edge|p2a: Great Tusk
|-resisted|p2a: Great Tusk
|-damage|p2a: Great Tusk|56/100
|-sidestart|p2: neith1506|Spikes
|
|-heal|p2a: Great Tusk|62/100|[from] item: Leftovers
|upkeep
|turn|15
|
|t:|1779862586
|move|p1a: Ima dive in|Razor Shell|p2a: Great Tusk
|-supereffective|p2a: Great Tusk
|-damage|p2a: Great Tusk|13/100
|move|p2a: Great Tusk|Earthquake|p1a: Ima dive in
|-damage|p1a: Ima dive in|48/100
|
|-heal|p2a: Great Tusk|19/100|[from] item: Leftovers
|upkeep
|turn|16
|
|t:|1779862597
|move|p1a: Ima dive in|Razor Shell|p2a: Great Tusk
|-supereffective|p2a: Great Tusk
|-damage|p2a: Great Tusk|0 fnt
|faint|p2a: Great Tusk
|-end|p2a: Great Tusk|Protosynthesis|[silent]
|
|upkeep
|
|t:|1779862602
|switch|p2a: Dragapult|Dragapult, F, shiny|100/100
|-damage|p2a: Dragapult|88/100|[from] Spikes
|turn|17
|
|t:|1779862606
|move|p2a: Dragapult|Draco Meteor|p1a: Ima dive in
|-damage|p1a: Ima dive in|0 fnt
|-unboost|p2a: Dragapult|spa|2
|faint|p1a: Ima dive in
|
|upkeep
|c|☆Cheesefriezz|it's time for mr. Terrific
|
|t:|1779862615
|switch|p1a: Iggy|Kommo-o, M|100/100
|turn|18
|c|☆neith1506|funny, im just saw a meme about that word
|
|t:|1779862634
|-terastallize|p1a: Iggy|Normal
|move|p2a: Dragapult|Draco Meteor|p1a: Iggy
|-damage|p1a: Iggy|53/100
|-unboost|p2a: Dragapult|spa|2
|move|p1a: Iggy|Clangorous Soul|p1a: Iggy
|-boost|p1a: Iggy|atk|1
|-boost|p1a: Iggy|def|1
|-boost|p1a: Iggy|spa|1
|-boost|p1a: Iggy|spd|1
|-boost|p1a: Iggy|spe|1
|-damage|p1a: Iggy|20/100
|-enditem|p1a: Iggy|Throat Spray
|-boost|p1a: Iggy|spa|1|[from] item: Throat Spray
|
|upkeep
|turn|19
|
|t:|1779862644
|move|p1a: Iggy|Clanging Scales|p2a: Dragapult
|-supereffective|p2a: Dragapult
|-damage|p2a: Dragapult|0 fnt
|faint|p2a: Dragapult
|-unboost|p1a: Iggy|def|1
|
|upkeep
|
|t:|1779862647
|switch|p2a: Gholdengo|Gholdengo, shiny|100/100
|-item|p2a: Gholdengo|Air Balloon
|turn|20
|
|t:|1779862653
|move|p1a: Iggy|Clanging Scales|p2a: Gholdengo
|-resisted|p2a: Gholdengo
|-damage|p2a: Gholdengo|51/100
|-enditem|p2a: Gholdengo|Air Balloon
|-unboost|p1a: Iggy|def|1
|move|p2a: Gholdengo|Shadow Ball|p1a: Iggy
|-immune|p1a: Iggy
|
|upkeep
|turn|21
|c|☆neith1506|why the hell im i press shadow ball lol
|
|t:|1779862668
|move|p1a: Iggy|Clanging Scales|p2a: Gholdengo
|-resisted|p2a: Gholdengo
|-damage|p2a: Gholdengo|0 fnt
|faint|p2a: Gholdengo
|
|win|Cheesefriezz
|raw|Cheesefriezz's rating: 1106 &rarr; <strong>1135</strong><br />(+29 for winning)
|raw|neith1506's rating: 1169 &rarr; <strong>1140</strong><br />(-29 for losing)
|c|☆neith1506|could have won there XD
|l|☆neith1506
|player|p2|
|c|☆Cheesefriezz|LOL GGs bro
