|j|☆RandumbRaccoon
|j|☆N1MF
|t:|1779942123
|gametype|singles
|player|p1|RandumbRaccoon|ingo|1424
|player|p2|N1MF|harlequin|1391
|gen|9
|tier|[Gen 9] OU
|rated|
|rule|HP Percentage Mod: HP is shown in percentages
|rule|Endless Battle Clause: Forcing endless battles is banned
|rule|Species Clause: Limit one of each Pokémon
|rule|OHKO Clause: OHKO moves are banned
|rule|Evasion Items Clause: Evasion items are banned
|rule|Evasion Moves Clause: Evasion moves are banned
|rule|Evasion Abilities Clause: Evasion abilities are banned
|rule|Sleep Moves Clause: Sleep-inducing moves are banned
|clearpoke
|poke|p1|Zamazenta-*|
|poke|p1|Iron Hands|
|poke|p1|Ceruledge, F|
|poke|p1|Iron Valiant|
|poke|p1|Deoxys-Speed|
|poke|p1|Glimmora, F|
|poke|p2|Ogerpon-Wellspring, F|
|poke|p2|Slowking-Galar, F|
|poke|p2|Great Tusk|
|poke|p2|Moltres|
|poke|p2|Gholdengo|
|poke|p2|Samurott-Hisui, M|
|teampreview
|inactive|Battle timer is ON: inactive players will automatically lose when time's up. (requested by RandumbRaccoon)
|
|t:|1779942135
|teamsize|p1|6
|teamsize|p2|6
|start
|switch|p1a: Glimmora|Glimmora, F|100/100
|switch|p2a: Samurott|Samurott-Hisui, M|100/100
|turn|1
|
|t:|1779942139
|move|p2a: Samurott|Razor Shell|p1a: Glimmora
|-supereffective|p1a: Glimmora
|-damage|p1a: Glimmora|30/100
|-unboost|p1a: Glimmora|def|1
|-activate|p1a: Glimmora|ability: Toxic Debris
|-sidestart|p2: N1MF|move: Toxic Spikes
|-enditem|p1a: Glimmora|Red Card|[of] p2a: Samurott
|drag|p2a: Ogerpon|Ogerpon-Wellspring, F|100/100
|-status|p2a: Ogerpon|psn
|move|p1a: Glimmora|Stealth Rock|p2a: Ogerpon
|-sidestart|p2: N1MF|move: Stealth Rock
|
|-damage|p2a: Ogerpon|88/100 psn|[from] psn
|upkeep
|turn|2
|
|t:|1779942150
|move|p2a: Ogerpon|Ivy Cudgel|p1a: Glimmora|[anim] Ivy Cudgel Water
|-supereffective|p1a: Glimmora
|-crit|p1a: Glimmora
|-damage|p1a: Glimmora|0 fnt
|-activate|p1a: Glimmora|ability: Toxic Debris
|-sidestart|p2: N1MF|move: Toxic Spikes
|faint|p1a: Glimmora
|
|-damage|p2a: Ogerpon|76/100 psn|[from] psn
|upkeep
|
|t:|1779942155
|switch|p1a: Iron Hands|Iron Hands|100/100
|-enditem|p1a: Iron Hands|Booster Energy
|-activate|p1a: Iron Hands|ability: Quark Drive|[fromitem]
|-start|p1a: Iron Hands|quarkdriveatk
|turn|3
|
|t:|1779942161
|move|p2a: Ogerpon|Ivy Cudgel|p1a: Iron Hands|[anim] Ivy Cudgel Water
|-damage|p1a: Iron Hands|56/100
|move|p1a: Iron Hands|Ice Punch|p2a: Ogerpon
|-damage|p2a: Ogerpon|22/100 psn
|
|-damage|p2a: Ogerpon|9/100 psn|[from] psn
|upkeep
|turn|4
|
|t:|1779942167
|move|p2a: Ogerpon|Horn Leech|p1a: Iron Hands
|-damage|p1a: Iron Hands|22/100
|-heal|p2a: Ogerpon|35/100 psn|[from] drain|[of] p1a: Iron Hands
|move|p1a: Iron Hands|Ice Punch|p2a: Ogerpon
|-damage|p2a: Ogerpon|0 fnt
|faint|p2a: Ogerpon
|
|upkeep
|
|t:|1779942172
|switch|p2a: Great Tusk|Great Tusk|100/100
|turn|5
|
|t:|1779942175
|-end|p1a: Iron Hands|Quark Drive|[silent]
|switch|p1a: Ceruledge|Ceruledge, F|100/100
|move|p2a: Great Tusk|Headlong Rush|p1a: Ceruledge
|-supereffective|p1a: Ceruledge
|-damage|p1a: Ceruledge|0 fnt
|-unboost|p2a: Great Tusk|def|1
|-unboost|p2a: Great Tusk|spd|1
|faint|p1a: Ceruledge
|
|upkeep
|
|t:|1779942179
|switch|p1a: Iron Valiant|Iron Valiant|100/100
|-enditem|p1a: Iron Valiant|Booster Energy
|-activate|p1a: Iron Valiant|ability: Quark Drive|[fromitem]
|-start|p1a: Iron Valiant|quarkdrivespe
|turn|6
|
|t:|1779942182
|-end|p2a: Great Tusk|Protosynthesis|[silent]
|switch|p2a: Slowking|Slowking-Galar, F|100/100
|-sideend|p2: N1MF|move: Toxic Spikes|[of] p2a: Slowking
|move|p1a: Iron Valiant|Moonblast|p2a: Slowking
|-resisted|p2a: Slowking
|-damage|p2a: Slowking|87/100
|
|upkeep
|turn|7
|
|t:|1779942189
|-terastallize|p1a: Iron Valiant|Steel
|move|p1a: Iron Valiant|Calm Mind|p1a: Iron Valiant
|-boost|p1a: Iron Valiant|spa|1
|-boost|p1a: Iron Valiant|spd|1
|move|p2a: Slowking|Future Sight|p1a: Iron Valiant
|-start|p2a: Slowking|move: Future Sight
|
|upkeep
|turn|8
|
|t:|1779942193
|move|p1a: Iron Valiant|Calm Mind|p1a: Iron Valiant
|-boost|p1a: Iron Valiant|spa|1
|-boost|p1a: Iron Valiant|spd|1
|move|p2a: Slowking|Thunder Wave|p1a: Iron Valiant|[miss]
|-miss|p2a: Slowking|p1a: Iron Valiant
|
|upkeep
|turn|9
|
|t:|1779942198
|move|p1a: Iron Valiant|Thunderbolt|p2a: Slowking
|-damage|p2a: Slowking|53/100
|move|p2a: Slowking|Thunder Wave|p1a: Iron Valiant
|-status|p1a: Iron Valiant|par
|
|-end|p1a: Iron Valiant|move: Future Sight
|-resisted|p1a: Iron Valiant
|-damage|p1a: Iron Valiant|82/100 par
|upkeep
|turn|10
|
|t:|1779942203
|move|p1a: Iron Valiant|Thunderbolt|p2a: Slowking
|-damage|p2a: Slowking|16/100
|-prepare|p2a: Slowking|Chilly Reception|[premajor]
|move|p2a: Slowking|Chilly Reception|p2a: Slowking
|-weather|Snowscape
|
|t:|1779942210
|switch|p2a: Great Tusk|Great Tusk|100/100|[from] Chilly Reception
|
|-weather|Snowscape|[upkeep]
|upkeep
|turn|11
|
|t:|1779942214
|move|p2a: Great Tusk|Headlong Rush|p1a: Iron Valiant
|-supereffective|p1a: Iron Valiant
|-damage|p1a: Iron Valiant|0 fnt
|-unboost|p2a: Great Tusk|def|1
|-unboost|p2a: Great Tusk|spd|1
|faint|p1a: Iron Valiant
|-end|p1a: Iron Valiant|Quark Drive|[silent]
|
|-weather|Snowscape|[upkeep]
|upkeep
|
|t:|1779942222
|switch|p1a: Zamazenta|Zamazenta|100/100
|-ability|p1a: Zamazenta|Dauntless Shield|boost
|-boost|p1a: Zamazenta|def|1
|turn|12
|
|t:|1779942225
|-end|p2a: Great Tusk|Protosynthesis|[silent]
|switch|p2a: Moltres|Moltres|100/100
|move|p1a: Zamazenta|Body Press|p2a: Moltres
|-resisted|p2a: Moltres
|-crit|p2a: Moltres
|-damage|p2a: Moltres|72/100
|
|-weather|Snowscape|[upkeep]
|upkeep
|turn|13
|
|t:|1779942230
|switch|p1a: Deoxys|Deoxys-Speed|100/100
|-ability|p1a: Deoxys|Pressure
|move|p2a: Moltres|Roost|p2a: Moltres
|-heal|p2a: Moltres|100/100
|-singleturn|p2a: Moltres|move: Roost
|
|-weather|Snowscape|[upkeep]
|upkeep
|turn|14
|
|t:|1779942234
|switch|p2a: Samurott|Samurott-Hisui, M|100/100
|-damage|p2a: Samurott|88/100|[from] Stealth Rock
|move|p1a: Deoxys|Taunt|p2a: Samurott
|-start|p2a: Samurott|move: Taunt
|
|-weather|none
|upkeep
|turn|15
|
|t:|1779942238
|move|p2a: Samurott|Sucker Punch||[still]
|-fail|p2a: Samurott
|move|p1a: Deoxys|Reflect|p1a: Deoxys
|-sidestart|p1: RandumbRaccoon|Reflect
|
|upkeep
|turn|16
|
|t:|1779942241
|move|p1a: Deoxys|Light Screen|p1a: Deoxys
|-sidestart|p1: RandumbRaccoon|move: Light Screen
|move|p2a: Samurott|Ceaseless Edge|p1a: Deoxys
|-supereffective|p1a: Deoxys
|-damage|p1a: Deoxys|47/100
|-sidestart|p1: RandumbRaccoon|Spikes
|
|-end|p2a: Samurott|move: Taunt
|upkeep
|turn|17
|
|t:|1779942247
|move|p2a: Samurott|Ceaseless Edge|p1a: Deoxys
|-supereffective|p1a: Deoxys
|-damage|p1a: Deoxys|0 fnt
|-sidestart|p1: RandumbRaccoon|Spikes
|faint|p1a: Deoxys
|
|upkeep
|
|t:|1779942250
|switch|p1a: Iron Hands|Iron Hands|22/100
|-damage|p1a: Iron Hands|6/100|[from] Spikes
|turn|18
|
|t:|1779942254
|move|p2a: Samurott|Ceaseless Edge|p1a: Iron Hands
|-resisted|p1a: Iron Hands
|-damage|p1a: Iron Hands|0 fnt
|-sidestart|p1: RandumbRaccoon|Spikes
|faint|p1a: Iron Hands
|-end|p1a: Iron Hands|Quark Drive|[silent]
|
|upkeep
|
|t:|1779942256
|switch|p1a: Zamazenta|Zamazenta|100/100
|-damage|p1a: Zamazenta|76/100|[from] Spikes
|turn|19
|
|t:|1779942259
|move|p1a: Zamazenta|Iron Defense|p1a: Zamazenta
|-boost|p1a: Zamazenta|def|2
|move|p2a: Samurott|Knock Off|p1a: Zamazenta
|-resisted|p1a: Zamazenta
|-damage|p1a: Zamazenta|71/100
|-enditem|p1a: Zamazenta|Leftovers|[from] move: Knock Off|[of] p2a: Samurott
|
|upkeep
|turn|20
|
|t:|1779942266
|move|p1a: Zamazenta|Iron Defense|p1a: Zamazenta
|-boost|p1a: Zamazenta|def|2
|move|p2a: Samurott|Razor Shell|p1a: Zamazenta
|-crit|p1a: Zamazenta
|-damage|p1a: Zamazenta|8/100
|-unboost|p1a: Zamazenta|def|1
|
|upkeep
|turn|21
|
|t:|1779942269
|move|p1a: Zamazenta|Body Press|p2a: Samurott
|-supereffective|p2a: Samurott
|-damage|p2a: Samurott|0 fnt
|faint|p2a: Samurott
|
|upkeep
|
|t:|1779942275
|switch|p2a: Gholdengo|Gholdengo|100/100
|-damage|p2a: Gholdengo|94/100|[from] Stealth Rock
|turn|22
|
|t:|1779942278
|move|p2a: Gholdengo|Shadow Ball|p1a: Zamazenta
|-damage|p1a: Zamazenta|0 fnt
|faint|p1a: Zamazenta
|
|win|N1MF
|raw|RandumbRaccoon's rating: 1424 &rarr; <strong>1402</strong><br />(-22 for losing)
|raw|N1MF's rating: 1391 &rarr; <strong>1413</strong><br />(+22 for winning)
|l|☆RandumbRaccoon
|player|p1|
|c|☆N1MF|gg
|l|☆N1MF
|player|p2|
