|j|☆lyn247
|j|☆Nooderu
|t:|1779854870
|gametype|singles
|player|p1|lyn247|lyra|1286
|player|p2|Nooderu|guitarist|1269
|gen|9
|tier|[Gen 9] OU
|rated|
|rule|HP Percentage Mod: HP is shown in percentages
|rule|Endless Battle Clause: Forcing endless battles is banned
|rule|Species Clause: Limit one of each Pokémon
|rule|OHKO Clause: OHKO moves are banned
|rule|Evasion Items Clause: Evasion items are banned
|rule|Evasion Moves Clause: Evasion moves are banned
|rule|Evasion Abilities Clause: Evasion abilities are banned
|rule|Sleep Moves Clause: Sleep-inducing moves are banned
|clearpoke
|poke|p1|Noivern, M|
|poke|p1|Torkoal, M|
|poke|p1|Typhlosion, M|
|poke|p1|Espeon, F|
|poke|p1|Scizor, F|
|poke|p1|Breloom, F|
|poke|p2|Great Tusk|
|poke|p2|Walking Wake|
|poke|p2|Lilligant-Hisui, F|
|poke|p2|Grimmsnarl, M|
|poke|p2|Ninetales, M|
|poke|p2|Venusaur, F|
|teampreview
|
|t:|1779854882
|teamsize|p1|6
|teamsize|p2|6
|start
|switch|p1a: Torkoal|Torkoal, M|100/100
|switch|p2a: Grimmsnarl|Grimmsnarl, M|100/100
|-weather|SunnyDay|[from] ability: Drought|[of] p1a: Torkoal
|turn|1
|
|t:|1779854891
|move|p2a: Grimmsnarl|Light Screen|p2a: Grimmsnarl
|-sidestart|p2: Nooderu|move: Light Screen
|move|p1a: Torkoal|Lava Plume|p2a: Grimmsnarl
|-damage|p2a: Grimmsnarl|81/100
|
|-weather|SunnyDay|[upkeep]
|upkeep
|turn|2
|
|t:|1779854901
|move|p2a: Grimmsnarl|Reflect|p2a: Grimmsnarl
|-sidestart|p2: Nooderu|Reflect
|move|p1a: Torkoal|Lava Plume|p2a: Grimmsnarl
|-damage|p2a: Grimmsnarl|62/100
|-status|p2a: Grimmsnarl|brn
|
|-weather|SunnyDay|[upkeep]
|-damage|p2a: Grimmsnarl|56/100 brn|[from] brn
|upkeep
|turn|3
|
|t:|1779854912
|move|p2a: Grimmsnarl|Parting Shot|p1a: Torkoal
|-unboost|p1a: Torkoal|atk|1
|-unboost|p1a: Torkoal|spa|1
|
|t:|1779854916
|switch|p2a: Ninetales|Ninetales, M|100/100|[from] Parting Shot
|move|p1a: Torkoal|Lava Plume|p2a: Ninetales
|-resisted|p2a: Ninetales
|-damage|p2a: Ninetales|94/100
|
|-weather|SunnyDay|[upkeep]
|upkeep
|turn|4
|
|t:|1779854935
|switch|p2a: Walking Wake|Walking Wake|100/100
|-activate|p2a: Walking Wake|ability: Protosynthesis
|-start|p2a: Walking Wake|protosynthesisspe
|move|p1a: Torkoal|Body Press|p2a: Walking Wake
|-damage|p2a: Walking Wake|83/100
|
|-weather|SunnyDay|[upkeep]
|upkeep
|turn|5
|
|t:|1779854949
|switch|p1a: Noivern|Noivern, M|100/100
|move|p2a: Walking Wake|Hydro Steam|p1a: Noivern
|-resisted|p1a: Noivern
|-damage|p1a: Noivern|57/100
|
|-weather|SunnyDay|[upkeep]
|upkeep
|turn|6
|
|t:|1779854971
|-end|p2a: Walking Wake|Protosynthesis|[silent]
|switch|p2a: Venusaur|Venusaur, F|100/100
|move|p1a: Noivern|Air Slash|p2a: Venusaur
|-supereffective|p2a: Venusaur
|-damage|p2a: Venusaur|26/100
|
|-weather|SunnyDay|[upkeep]
|upkeep
|turn|7
|
|t:|1779854984
|move|p2a: Venusaur|Sludge Bomb|p1a: Noivern
|-crit|p1a: Noivern
|-damage|p1a: Noivern|0 fnt
|faint|p1a: Noivern
|-damage|p2a: Venusaur|16/100|[from] item: Life Orb
|
|-weather|SunnyDay|[upkeep]
|upkeep
|
|t:|1779854991
|switch|p1a: Scizor|Scizor, F|100/100
|turn|8
|
|t:|1779854999
|-terastallize|p1a: Scizor|Steel
|move|p1a: Scizor|Bullet Punch|p2a: Venusaur
|-damage|p2a: Venusaur|0 fnt
|faint|p2a: Venusaur
|
|-weather|none
|-sideend|p2: Nooderu|move: Light Screen
|upkeep
|
|t:|1779855008
|switch|p2a: Ninetales|Ninetales, M|94/100
|-weather|SunnyDay|[from] ability: Drought|[of] p2a: Ninetales
|turn|9
|
|t:|1779855021
|switch|p1a: Espeon|Espeon, F|100/100
|move|p2a: Ninetales|Overheat|p1a: Espeon
|-damage|p1a: Espeon|0 fnt
|-unboost|p2a: Ninetales|spa|2
|faint|p1a: Espeon
|
|-weather|SunnyDay|[upkeep]
|-sideend|p2: Nooderu|Reflect
|upkeep
|
|t:|1779855028
|switch|p1a: Breloom|Breloom, F|100/100
|turn|10
|
|t:|1779855036
|switch|p1a: Typhlosion|Typhlosion, M|100/100
|move|p2a: Ninetales|Overheat|p1a: Typhlosion
|-start|p1a: Typhlosion|ability: Flash Fire
|
|-weather|SunnyDay|[upkeep]
|upkeep
|turn|11
|
|t:|1779855048
|switch|p2a: Grimmsnarl|Grimmsnarl, M|56/100 brn
|move|p1a: Typhlosion|Eruption|p2a: Grimmsnarl
|-damage|p2a: Grimmsnarl|0 fnt
|faint|p2a: Grimmsnarl
|
|-weather|SunnyDay|[upkeep]
|upkeep
|
|t:|1779855058
|switch|p2a: Walking Wake|Walking Wake|83/100
|-activate|p2a: Walking Wake|ability: Protosynthesis
|-start|p2a: Walking Wake|protosynthesisspe
|turn|12
|
|t:|1779855065
|-end|p1a: Typhlosion|ability: Flash Fire|[silent]
|switch|p1a: Breloom|Breloom, F|100/100
|move|p2a: Walking Wake|Hydro Steam|p1a: Breloom
|-resisted|p1a: Breloom
|-damage|p1a: Breloom|38/100
|
|-weather|SunnyDay|[upkeep]
|upkeep
|turn|13
|
|t:|1779855074
|move|p1a: Breloom|Mach Punch|p2a: Walking Wake
|-damage|p2a: Walking Wake|38/100
|move|p2a: Walking Wake|Hydro Steam|p1a: Breloom
|-resisted|p1a: Breloom
|-damage|p1a: Breloom|0 fnt
|faint|p1a: Breloom
|
|-weather|SunnyDay|[upkeep]
|upkeep
|
|t:|1779855083
|switch|p1a: Torkoal|Torkoal, M|100/100
|turn|14
|
|t:|1779855087
|move|p2a: Walking Wake|Hydro Steam|p1a: Torkoal
|-supereffective|p1a: Torkoal
|-damage|p1a: Torkoal|0 fnt
|faint|p1a: Torkoal
|
|-weather|SunnyDay|[upkeep]
|upkeep
|
|t:|1779855098
|switch|p1a: Scizor|Scizor, F, tera:Steel|100/100
|turn|15
|
|t:|1779855104
|-end|p2a: Walking Wake|Protosynthesis|[silent]
|switch|p2a: Ninetales|Ninetales, M|94/100
|move|p1a: Scizor|Swords Dance|p1a: Scizor
|-boost|p1a: Scizor|atk|2
|
|-weather|SunnyDay|[upkeep]
|upkeep
|turn|16
|
|t:|1779855113
|move|p1a: Scizor|Bullet Punch|p2a: Ninetales
|-resisted|p2a: Ninetales
|-damage|p2a: Ninetales|28/100
|move|p2a: Ninetales|Overheat|p1a: Scizor
|-supereffective|p1a: Scizor
|-damage|p1a: Scizor|0 fnt
|-unboost|p2a: Ninetales|spa|2
|faint|p1a: Scizor
|
|-weather|none
|upkeep
|
|t:|1779855118
|switch|p1a: Typhlosion|Typhlosion, M|100/100
|turn|17
|
|t:|1779855133
|switch|p2a: Lilligant|Lilligant-Hisui, F|100/100
|move|p1a: Typhlosion|Eruption|p2a: Lilligant
|-supereffective|p2a: Lilligant
|-damage|p2a: Lilligant|0 fnt
|faint|p2a: Lilligant
|
|upkeep
|
|t:|1779855143
|switch|p2a: Ninetales|Ninetales, M|28/100
|-weather|SunnyDay|[from] ability: Drought|[of] p2a: Ninetales
|turn|18
|
|t:|1779855152
|move|p1a: Typhlosion|Eruption|p2a: Ninetales
|-resisted|p2a: Ninetales
|-damage|p2a: Ninetales|0 fnt
|faint|p2a: Ninetales
|
|-weather|SunnyDay|[upkeep]
|upkeep
|
|t:|1779855159
|switch|p2a: Walking Wake|Walking Wake|38/100
|-activate|p2a: Walking Wake|ability: Protosynthesis
|-start|p2a: Walking Wake|protosynthesisspe
|turn|19
|inactive|Battle timer is ON: inactive players will automatically lose when time's up. (requested by Nooderu)
|
|t:|1779855177
|move|p2a: Walking Wake|Hydro Steam|p1a: Typhlosion
|-supereffective|p1a: Typhlosion
|-damage|p1a: Typhlosion|0 fnt
|faint|p1a: Typhlosion
|
|win|Nooderu
|raw|lyn247's rating: 1286 &rarr; <strong>1260</strong><br />(-26 for losing)
|raw|Nooderu's rating: 1269 &rarr; <strong>1295</strong><br />(+26 for winning)
|l|☆lyn247
|player|p1|
|l|☆Nooderu
|player|p2|
