|j|☆fregene97
|j|☆santa liga
|t:|1779910940
|gametype|singles
|player|p1|fregene97|169|1460
|player|p2|santa liga|n|1390
|gen|9
|tier|[Gen 9] OU
|rated|
|rule|HP Percentage Mod: HP is shown in percentages
|rule|Endless Battle Clause: Forcing endless battles is banned
|rule|Species Clause: Limit one of each Pokémon
|rule|OHKO Clause: OHKO moves are banned
|rule|Evasion Items Clause: Evasion items are banned
|rule|Evasion Moves Clause: Evasion moves are banned
|rule|Evasion Abilities Clause: Evasion abilities are banned
|rule|Sleep Moves Clause: Sleep-inducing moves are banned
|clearpoke
|poke|p1|Serperior, M|
|poke|p1|Conkeldurr, F|
|poke|p1|Gholdengo|
|poke|p1|Dragonite, M|
|poke|p1|Iron Moth|
|poke|p1|Greninja-*, M|
|poke|p2|Ursaluna, F|
|poke|p2|Dragonite, M|
|poke|p2|Skeledirge, F|
|poke|p2|Kingambit, M|
|poke|p2|Rillaboom, F|
|poke|p2|Deoxys-Speed|
|teampreview
|inactive|Battle timer is ON: inactive players will automatically lose when time's up. (requested by fregene97)
|
|t:|1779910964
|teamsize|p1|6
|teamsize|p2|6
|start
|switch|p1a: Serperior|Serperior, M|100/100
|switch|p2a: Deoxys|Deoxys-Speed|100/100
|-ability|p2a: Deoxys|Pressure
|turn|1
|
|t:|1779910979
|-terastallize|p1a: Serperior|Fire
|move|p2a: Deoxys|Psycho Boost|p1a: Serperior
|-damage|p1a: Serperior|46/100
|-unboost|p2a: Deoxys|spa|2
|move|p1a: Serperior|Glare|p2a: Deoxys
|-status|p2a: Deoxys|par
|
|-heal|p1a: Serperior|52/100|[from] item: Leftovers
|upkeep
|turn|2
|
|t:|1779910984
|move|p1a: Serperior|Leaf Storm|p2a: Deoxys
|-damage|p2a: Deoxys|47/100 par
|-boost|p1a: Serperior|spa|2
|move|p2a: Deoxys|Light Screen|p2a: Deoxys
|-sidestart|p2: santa liga|move: Light Screen
|
|-heal|p1a: Serperior|58/100|[from] item: Leftovers
|upkeep
|turn|3
|
|t:|1779910991
|move|p1a: Serperior|Substitute|p1a: Serperior
|-start|p1a: Serperior|Substitute
|-damage|p1a: Serperior|33/100
|move|p2a: Deoxys|Psycho Boost|p1a: Serperior
|-end|p1a: Serperior|Substitute
|-unboost|p2a: Deoxys|spa|2
|
|-heal|p1a: Serperior|39/100|[from] item: Leftovers
|upkeep
|turn|4
|
|t:|1779910996
|move|p1a: Serperior|Leaf Storm|p2a: Deoxys
|-damage|p2a: Deoxys|0 fnt
|-boost|p1a: Serperior|spa|2
|faint|p2a: Deoxys
|
|-heal|p1a: Serperior|46/100|[from] item: Leftovers
|upkeep
|
|t:|1779911001
|switch|p2a: María del Monte|Skeledirge, F|100/100
|turn|5
|
|t:|1779911004
|move|p1a: Serperior|Glare|p2a: María del Monte
|-status|p2a: María del Monte|par
|move|p2a: María del Monte|Torch Song|p1a: Serperior
|-resisted|p1a: Serperior
|-damage|p1a: Serperior|27/100
|-boost|p2a: María del Monte|spa|1
|
|-heal|p1a: Serperior|33/100|[from] item: Leftovers
|upkeep
|turn|6
|
|t:|1779911007
|move|p1a: Serperior|Dragon Pulse|p2a: María del Monte
|-damage|p2a: María del Monte|93/100 par
|move|p2a: María del Monte|Torch Song|p1a: Serperior
|-resisted|p1a: Serperior
|-damage|p1a: Serperior|4/100
|-boost|p2a: María del Monte|spa|1
|
|-heal|p1a: Serperior|10/100|[from] item: Leftovers
|upkeep
|turn|7
|
|t:|1779911013
|move|p1a: Serperior|Dragon Pulse|p2a: María del Monte
|-damage|p2a: María del Monte|86/100 par
|cant|p2a: María del Monte|par
|
|-heal|p1a: Serperior|16/100|[from] item: Leftovers
|upkeep
|turn|8
|
|t:|1779911017
|move|p1a: Serperior|Leaf Storm|p2a: María del Monte
|-resisted|p2a: María del Monte
|-damage|p2a: María del Monte|79/100 par
|-boost|p1a: Serperior|spa|2
|cant|p2a: María del Monte|par
|
|-heal|p1a: Serperior|22/100|[from] item: Leftovers
|upkeep
|turn|9
|
|t:|1779911020
|move|p1a: Serperior|Dragon Pulse|p2a: María del Monte
|-damage|p2a: María del Monte|72/100 par
|cant|p2a: María del Monte|par
|
|-heal|p1a: Serperior|29/100|[from] item: Leftovers
|-sideend|p2: santa liga|move: Light Screen
|upkeep
|turn|10
|
|t:|1779911024
|move|p1a: Serperior|Dragon Pulse|p2a: María del Monte
|-damage|p2a: María del Monte|57/100 par
|cant|p2a: María del Monte|par
|
|-heal|p1a: Serperior|35/100|[from] item: Leftovers
|upkeep
|turn|11
|
|t:|1779911032
|move|p1a: Serperior|Dragon Pulse|p2a: María del Monte
|-damage|p2a: María del Monte|42/100 par
|cant|p2a: María del Monte|par
|
|-heal|p1a: Serperior|41/100|[from] item: Leftovers
|upkeep
|turn|12
|c|☆santa liga|jesus fucking christ
|
|t:|1779911037
|move|p1a: Serperior|Dragon Pulse|p2a: María del Monte
|-damage|p2a: María del Monte|26/100 par
|move|p2a: María del Monte|Hex|p1a: Serperior
|-damage|p1a: Serperior|0 fnt
|faint|p1a: Serperior
|
|upkeep
|
|t:|1779911044
|switch|p1a: Greninja|Greninja, M|100/100
|turn|13
|
|t:|1779911047
|-terastallize|p2a: María del Monte|Fairy
|move|p1a: Greninja|Hydro Pump|p2a: María del Monte
|-damage|p2a: María del Monte|0 fnt
|faint|p2a: María del Monte
|-ability|p1a: Greninja|Battle Bond|boost
|-boost|p1a: Greninja|atk|1
|-boost|p1a: Greninja|spa|1
|-boost|p1a: Greninja|spe|1
|-activate|p1a: Greninja|ability: Battle Bond
|-damage|p1a: Greninja|91/100|[from] item: Life Orb
|
|upkeep
|
|t:|1779911053
|switch|p2a: Chango|Rillaboom, F, shiny|100/100
|-fieldstart|move: Grassy Terrain|[from] ability: Grassy Surge|[of] p2a: Chango
|turn|14
|
|t:|1779911058
|move|p2a: Chango|Grassy Glide|p1a: Greninja
|-supereffective|p1a: Greninja
|-damage|p1a: Greninja|0 fnt
|faint|p1a: Greninja
|
|upkeep
|
|t:|1779911060
|switch|p1a: Iron Moth|Iron Moth|100/100
|-enditem|p1a: Iron Moth|Booster Energy
|-activate|p1a: Iron Moth|ability: Quark Drive|[fromitem]
|-start|p1a: Iron Moth|quarkdrivespe
|turn|15
|
|t:|1779911067
|switch|p2a: Ursaluna|Ursaluna, F|100/100
|move|p1a: Iron Moth|Fiery Dance|p2a: Ursaluna
|-damage|p2a: Ursaluna|67/100
|-boost|p1a: Iron Moth|spa|1
|
|-heal|p2a: Ursaluna|73/100|[from] Grassy Terrain
|-status|p2a: Ursaluna|brn|[from] item: Flame Orb
|upkeep
|turn|16
|
|t:|1779911073
|move|p1a: Iron Moth|Fiery Dance|p2a: Ursaluna
|-damage|p2a: Ursaluna|21/100 brn
|move|p2a: Ursaluna|Headlong Rush|p1a: Iron Moth
|-supereffective|p1a: Iron Moth
|-damage|p1a: Iron Moth|0 fnt
|-unboost|p2a: Ursaluna|def|1
|-unboost|p2a: Ursaluna|spd|1
|faint|p1a: Iron Moth
|-end|p1a: Iron Moth|Quark Drive|[silent]
|
|-heal|p2a: Ursaluna|27/100 brn|[from] Grassy Terrain
|-damage|p2a: Ursaluna|21/100 brn|[from] brn
|upkeep
|
|t:|1779911077
|switch|p1a: Dragonite|Dragonite, M|100/100
|turn|17
|
|t:|1779911079
|move|p1a: Dragonite|Extreme Speed|p2a: Ursaluna
|-damage|p2a: Ursaluna|0 fnt
|faint|p2a: Ursaluna
|
|upkeep
|
|t:|1779911084
|switch|p2a: Gordito|Dragonite, M|100/100
|turn|18
|
|t:|1779911108
|move|p2a: Gordito|Ice Spinner|p1a: Dragonite
|-supereffective|p1a: Dragonite
|-damage|p1a: Dragonite|30/100
|-fieldend|move: Grassy Terrain
|move|p1a: Dragonite|Dragon Dance|p1a: Dragonite
|-boost|p1a: Dragonite|atk|1
|-boost|p1a: Dragonite|spe|1
|
|upkeep
|turn|19
|
|t:|1779911113
|move|p1a: Dragonite|Extreme Speed|p2a: Gordito
|-damage|p2a: Gordito|73/100
|move|p2a: Gordito|Extreme Speed|p1a: Dragonite
|-damage|p1a: Dragonite|0 fnt
|faint|p1a: Dragonite
|
|upkeep
|
|t:|1779911133
|switch|p1a: Conkeldurr|Conkeldurr, F|100/100
|turn|20
|
|t:|1779911142
|switch|p2a: Chango|Rillaboom, F, shiny|100/100
|-fieldstart|move: Grassy Terrain|[from] ability: Grassy Surge|[of] p2a: Chango
|move|p1a: Conkeldurr|Bulk Up|p1a: Conkeldurr
|-boost|p1a: Conkeldurr|atk|1
|-boost|p1a: Conkeldurr|def|1
|
|upkeep
|turn|21
|
|t:|1779911145
|move|p2a: Chango|Knock Off|p1a: Conkeldurr
|-resisted|p1a: Conkeldurr
|-damage|p1a: Conkeldurr|91/100
|-enditem|p1a: Conkeldurr|Leftovers|[from] move: Knock Off|[of] p2a: Chango
|move|p1a: Conkeldurr|Bulk Up|p1a: Conkeldurr
|-boost|p1a: Conkeldurr|atk|1
|-boost|p1a: Conkeldurr|def|1
|
|-heal|p1a: Conkeldurr|97/100|[from] Grassy Terrain
|upkeep
|turn|22
|
|t:|1779911149
|move|p2a: Chango|Low Kick|p1a: Conkeldurr
|-damage|p1a: Conkeldurr|83/100
|move|p1a: Conkeldurr|Bulk Up|p1a: Conkeldurr
|-boost|p1a: Conkeldurr|atk|1
|-boost|p1a: Conkeldurr|def|1
|
|-heal|p1a: Conkeldurr|89/100|[from] Grassy Terrain
|upkeep
|turn|23
|
|t:|1779911155
|move|p2a: Chango|U-turn|p1a: Conkeldurr
|-resisted|p1a: Conkeldurr
|-damage|p1a: Conkeldurr|85/100
|
|t:|1779911158
|switch|p2a: Gordito|Dragonite, M|73/100|[from] U-turn
|move|p1a: Conkeldurr|Bulk Up|p1a: Conkeldurr
|-boost|p1a: Conkeldurr|atk|1
|-boost|p1a: Conkeldurr|def|1
|
|-heal|p1a: Conkeldurr|91/100|[from] Grassy Terrain
|upkeep
|turn|24
|
|t:|1779911162
|move|p2a: Gordito|Dragon Dance|p2a: Gordito
|-boost|p2a: Gordito|atk|1
|-boost|p2a: Gordito|spe|1
|move|p1a: Conkeldurr|Drain Punch|p2a: Gordito
|-resisted|p2a: Gordito
|-damage|p2a: Gordito|8/100
|-heal|p1a: Conkeldurr|100/100|[from] drain|[of] p2a: Gordito
|
|-fieldend|move: Grassy Terrain
|upkeep
|turn|25
|
|t:|1779911169
|move|p1a: Conkeldurr|Mach Punch|p2a: Gordito
|-resisted|p2a: Gordito
|-damage|p2a: Gordito|0 fnt
|faint|p2a: Gordito
|
|upkeep
|
|t:|1779911173
|switch|p2a: Chango|Rillaboom, F, shiny|100/100
|-fieldstart|move: Grassy Terrain|[from] ability: Grassy Surge|[of] p2a: Chango
|turn|26
|
|t:|1779911177
|move|p2a: Chango|Grassy Glide|p1a: Conkeldurr
|-damage|p1a: Conkeldurr|87/100
|move|p1a: Conkeldurr|Drain Punch|p2a: Chango
|-damage|p2a: Chango|0 fnt
|-heal|p1a: Conkeldurr|100/100|[from] drain|[of] p2a: Chango
|faint|p2a: Chango
|
|upkeep
|
|t:|1779911180
|switch|p2a: Takeshi|Kingambit, M, shiny|100/100
|-activate|p2a: Takeshi|ability: Supreme Overlord
|-start|p2a: Takeshi|fallen5|[silent]
|turn|27
|
|t:|1779911182
|move|p2a: Takeshi|Sucker Punch|p1a: Conkeldurr
|-resisted|p1a: Conkeldurr
|-damage|p1a: Conkeldurr|90/100
|move|p1a: Conkeldurr|Mach Punch|p2a: Takeshi
|-supereffective|p2a: Takeshi
|-crit|p2a: Takeshi
|-damage|p2a: Takeshi|0 fnt
|faint|p2a: Takeshi
|-end|p2a: Takeshi|fallen5|[silent]
|
|win|fregene97
