|j|☆Velzevul
|j|☆Yungvolumez
|t:|1779861123
|gametype|singles
|player|p1|Velzevul|2|1070
|player|p2|Yungvolumez|giovanni|1056
|gen|9
|tier|[Gen 9] OU
|rated|
|rule|HP Percentage Mod: HP is shown in percentages
|rule|Endless Battle Clause: Forcing endless battles is banned
|rule|Species Clause: Limit one of each Pokémon
|rule|OHKO Clause: OHKO moves are banned
|rule|Evasion Items Clause: Evasion items are banned
|rule|Evasion Moves Clause: Evasion moves are banned
|rule|Evasion Abilities Clause: Evasion abilities are banned
|rule|Sleep Moves Clause: Sleep-inducing moves are banned
|clearpoke
|poke|p1|Gholdengo|
|poke|p1|Darkrai|
|poke|p1|Clefable, F|
|poke|p1|Ting-Lu|
|poke|p1|Dragonite, F|
|poke|p1|Pecharunt|
|poke|p2|Kricketune, F|
|poke|p2|Corviknight, M|
|poke|p2|Reuniclus, F|
|poke|p2|Glimmora, M|
|poke|p2|Iron Treads|
|poke|p2|Ogerpon-Wellspring, F|
|teampreview
|inactive|Battle timer is ON: inactive players will automatically lose when time's up. (requested by Yungvolumez)
|inactive|Velzevul has 120 seconds left.
|
|t:|1779861153
|teamsize|p1|6
|teamsize|p2|6
|start
|switch|p1a: Darkrai|Darkrai|100/100
|switch|p2a: Ogerpon|Ogerpon-Wellspring, F|100/100
|turn|1
|
|t:|1779861172
|move|p1a: Darkrai|Thunder Wave|p2a: Ogerpon
|-status|p2a: Ogerpon|par
|move|p2a: Ogerpon|Brick Break|p1a: Darkrai
|-supereffective|p1a: Darkrai
|-damage|p1a: Darkrai|16/100
|
|upkeep
|turn|2
|
|t:|1779861180
|move|p1a: Darkrai|Dark Pulse|p2a: Ogerpon
|-damage|p2a: Ogerpon|54/100 par
|move|p2a: Ogerpon|Play Rough|p1a: Darkrai
|-supereffective|p1a: Darkrai
|-damage|p1a: Darkrai|0 fnt
|faint|p1a: Darkrai
|
|upkeep
|
|t:|1779861189
|switch|p1a: Dragonite|Dragonite, F|100/100
|turn|3
|
|t:|1779861192
|move|p1a: Dragonite|Roost||[still]
|-fail|p1a: Dragonite|heal
|move|p2a: Ogerpon|Play Rough|p1a: Dragonite
|-supereffective|p1a: Dragonite
|-damage|p1a: Dragonite|63/100
|
|upkeep
|turn|4
|
|t:|1779861199
|move|p1a: Dragonite|Roost|p1a: Dragonite
|-heal|p1a: Dragonite|100/100
|-singleturn|p1a: Dragonite|move: Roost
|move|p2a: Ogerpon|U-turn|p1a: Dragonite
|-damage|p1a: Dragonite|85/100
|
|t:|1779861206
|switch|p2a: Iron Treads|Iron Treads, shiny|100/100|[from] U-turn
|-enditem|p2a: Iron Treads|Booster Energy
|-activate|p2a: Iron Treads|ability: Quark Drive|[fromitem]
|-start|p2a: Iron Treads|quarkdriveatk
|
|upkeep
|turn|5
|
|t:|1779861214
|move|p2a: Iron Treads|Zen Headbutt|p1a: Dragonite
|-damage|p1a: Dragonite|51/100
|move|p1a: Dragonite|Dragon Dance|p1a: Dragonite
|-boost|p1a: Dragonite|atk|1
|-boost|p1a: Dragonite|spe|1
|
|upkeep
|turn|6
|
|t:|1779861222
|-terastallize|p2a: Iron Treads|Psychic
|move|p1a: Dragonite|Earthquake|p2a: Iron Treads
|-damage|p2a: Iron Treads|54/100
|move|p2a: Iron Treads|Zen Headbutt|p1a: Dragonite
|-damage|p1a: Dragonite|0 fnt
|faint|p1a: Dragonite
|
|upkeep
|
|t:|1779861227
|switch|p1a: Gholdengo|Gholdengo|100/100
|turn|7
|
|t:|1779861236
|move|p1a: Gholdengo|Shadow Ball|p2a: Iron Treads
|-supereffective|p2a: Iron Treads
|-damage|p2a: Iron Treads|0 fnt
|faint|p2a: Iron Treads
|-end|p2a: Iron Treads|Quark Drive|[silent]
|
|upkeep
|
|t:|1779861247
|switch|p2a: Corviknight|Corviknight, M, shiny|100/100
|turn|8
|
|t:|1779861250
|move|p1a: Gholdengo|Shadow Ball|p2a: Corviknight
|-damage|p2a: Corviknight|59/100
|move|p2a: Corviknight|Bulk Up|p2a: Corviknight
|-boost|p2a: Corviknight|atk|1
|-boost|p2a: Corviknight|def|1
|
|upkeep
|turn|9
|
|t:|1779861257
|move|p1a: Gholdengo|Shadow Ball|p2a: Corviknight
|-damage|p2a: Corviknight|16/100
|move|p2a: Corviknight|Power Trip|p1a: Gholdengo
|-supereffective|p1a: Gholdengo
|-damage|p1a: Gholdengo|45/100
|
|upkeep
|turn|10
|
|t:|1779861278
|move|p1a: Gholdengo|Shadow Ball|p2a: Corviknight
|-damage|p2a: Corviknight|0 fnt
|faint|p2a: Corviknight
|
|upkeep
|
|t:|1779861281
|switch|p2a: Glimmora|Glimmora, M|100/100
|turn|11
|
|t:|1779861287
|move|p1a: Gholdengo|Shadow Ball|p2a: Glimmora
|-damage|p2a: Glimmora|62/100
|move|p2a: Glimmora|Stealth Rock|p1a: Gholdengo
|-sidestart|p1: Velzevul|move: Stealth Rock
|
|upkeep
|turn|12
|
|t:|1779861291
|move|p1a: Gholdengo|Shadow Ball|p2a: Glimmora
|-damage|p2a: Glimmora|23/100
|move|p2a: Glimmora|Spikes|p1a: Gholdengo
|-sidestart|p1: Velzevul|Spikes
|
|upkeep
|turn|13
|
|t:|1779861293
|move|p1a: Gholdengo|Shadow Ball|p2a: Glimmora
|-damage|p2a: Glimmora|0 fnt
|faint|p2a: Glimmora
|
|upkeep
|
|t:|1779861298
|switch|p2a: Kricketune|Kricketune, F, shiny|100/100
|turn|14
|
|t:|1779861300
|move|p1a: Gholdengo|Shadow Ball|p2a: Kricketune
|-crit|p2a: Kricketune
|-enditem|p2a: Kricketune|Focus Sash
|-damage|p2a: Kricketune|1/100
|move|p2a: Kricketune|Knock Off|p1a: Gholdengo
|-supereffective|p1a: Gholdengo
|-damage|p1a: Gholdengo|0 fnt
|-enditem|p1a: Gholdengo|Choice Scarf|[from] move: Knock Off|[of] p2a: Kricketune
|faint|p1a: Gholdengo
|
|upkeep
|
|t:|1779861303
|switch|p1a: Ting-Lu|Ting-Lu|100/100
|-damage|p1a: Ting-Lu|94/100|[from] Stealth Rock
|-damage|p1a: Ting-Lu|82/100|[from] Spikes
|-ability|p1a: Ting-Lu|Vessel of Ruin
|turn|15
|
|t:|1779861306
|move|p2a: Kricketune|Endeavor|p1a: Ting-Lu
|-damage|p1a: Ting-Lu|1/100
|-enditem|p1a: Ting-Lu|Red Card|[of] p2a: Kricketune
|drag|p2a: Reuniclus|Reuniclus, F, shiny|100/100
|move|p1a: Ting-Lu|Stealth Rock|p2a: Reuniclus
|-sidestart|p2: Yungvolumez|move: Stealth Rock
|
|upkeep
|turn|16
|
|t:|1779861317
|move|p2a: Reuniclus|Drain Punch|p1a: Ting-Lu
|-supereffective|p1a: Ting-Lu
|-damage|p1a: Ting-Lu|0 fnt
|faint|p1a: Ting-Lu
|
|upkeep
|
|t:|1779861319
|switch|p1a: Pecharunt|Pecharunt|100/100
|turn|17
|
|t:|1779861326
|move|p1a: Pecharunt|Nasty Plot|p1a: Pecharunt
|-boost|p1a: Pecharunt|spa|2
|move|p2a: Reuniclus|Psychic|p1a: Pecharunt
|-supereffective|p1a: Pecharunt
|-damage|p1a: Pecharunt|0 fnt
|faint|p1a: Pecharunt
|
|upkeep
|
|t:|1779861329
|switch|p1a: Clefable|Clefable, F|100/100
|turn|18
|
|t:|1779861345
|move|p1a: Clefable|Calm Mind|p1a: Clefable
|-boost|p1a: Clefable|spa|1
|-boost|p1a: Clefable|spd|1
|move|p2a: Reuniclus|Calm Mind|p2a: Reuniclus
|-boost|p2a: Reuniclus|spa|1
|-boost|p2a: Reuniclus|spd|1
|
|upkeep
|turn|19
|
|t:|1779861347
|move|p1a: Clefable|Calm Mind|p1a: Clefable
|-boost|p1a: Clefable|spa|1
|-boost|p1a: Clefable|spd|1
|move|p2a: Reuniclus|Calm Mind|p2a: Reuniclus
|-boost|p2a: Reuniclus|spa|1
|-boost|p2a: Reuniclus|spd|1
|
|upkeep
|turn|20
|
|t:|1779861350
|move|p1a: Clefable|Calm Mind|p1a: Clefable
|-boost|p1a: Clefable|spa|1
|-boost|p1a: Clefable|spd|1
|move|p2a: Reuniclus|Calm Mind|p2a: Reuniclus
|-boost|p2a: Reuniclus|spa|1
|-boost|p2a: Reuniclus|spd|1
|
|upkeep
|turn|21
|
|t:|1779861357
|move|p1a: Clefable|Calm Mind|p1a: Clefable
|-boost|p1a: Clefable|spa|1
|-boost|p1a: Clefable|spd|1
|move|p2a: Reuniclus|Calm Mind|p2a: Reuniclus
|-boost|p2a: Reuniclus|spa|1
|-boost|p2a: Reuniclus|spd|1
|
|upkeep
|turn|22
|
|t:|1779861362
|move|p1a: Clefable|Calm Mind|p1a: Clefable
|-boost|p1a: Clefable|spa|1
|-boost|p1a: Clefable|spd|1
|move|p2a: Reuniclus|Calm Mind|p2a: Reuniclus
|-boost|p2a: Reuniclus|spa|1
|-boost|p2a: Reuniclus|spd|1
|
|upkeep
|turn|23
|
|t:|1779861365
|move|p1a: Clefable|Calm Mind|p1a: Clefable
|-boost|p1a: Clefable|spa|1
|-boost|p1a: Clefable|spd|1
|move|p2a: Reuniclus|Calm Mind|p2a: Reuniclus
|-boost|p2a: Reuniclus|spa|1
|-boost|p2a: Reuniclus|spd|1
|
|upkeep
|turn|24
|
|t:|1779861381
|move|p1a: Clefable|Moonblast|p2a: Reuniclus
|-damage|p2a: Reuniclus|49/100
|-unboost|p2a: Reuniclus|spa|1
|move|p2a: Reuniclus|Psychic|p1a: Clefable
|-damage|p1a: Clefable|54/100
|
|upkeep
|turn|25
|
|t:|1779861390
|move|p1a: Clefable|Moonblast|p2a: Reuniclus
|-damage|p2a: Reuniclus|1/100
|move|p2a: Reuniclus|Psychic|p1a: Clefable
|-damage|p1a: Clefable|2/100
|
|upkeep
|turn|26
|
|t:|1779861397
|move|p1a: Clefable|Moonblast|p2a: Reuniclus
|-damage|p2a: Reuniclus|0 fnt
|faint|p2a: Reuniclus
|
|upkeep
|
|t:|1779861399
|switch|p2a: Kricketune|Kricketune, F, shiny|1/100
|-damage|p2a: Kricketune|0 fnt|[from] Stealth Rock
|faint|p2a: Kricketune
|
|t:|1779861400
|switch|p2a: Ogerpon|Ogerpon-Wellspring, F|54/100 par
|-damage|p2a: Ogerpon|42/100 par|[from] Stealth Rock
|turn|27
|
|t:|1779861405
|move|p1a: Clefable|Moonblast|p2a: Ogerpon
|-damage|p2a: Ogerpon|0 fnt
|faint|p2a: Ogerpon
|
|win|Velzevul
|raw|Velzevul's rating: 1070 &rarr; <strong>1098</strong><br />(+28 for winning)
|raw|Yungvolumez's rating: 1056 &rarr; <strong>1038</strong><br />(-18 for losing)
|l|☆Yungvolumez
|player|p2|
|l|☆Velzevul
|player|p1|
