|j|☆M4v3rr1ck
|j|☆Latios ho
|t:|1779969456
|gametype|singles
|player|p1|M4v3rr1ck|265|1054
|player|p2|Latios ho|red|1000
|gen|9
|tier|[Gen 9] OU
|rated|
|rule|HP Percentage Mod: HP is shown in percentages
|rule|Endless Battle Clause: Forcing endless battles is banned
|rule|Species Clause: Limit one of each Pokémon
|rule|OHKO Clause: OHKO moves are banned
|rule|Evasion Items Clause: Evasion items are banned
|rule|Evasion Moves Clause: Evasion moves are banned
|rule|Evasion Abilities Clause: Evasion abilities are banned
|rule|Sleep Moves Clause: Sleep-inducing moves are banned
|clearpoke
|poke|p1|Meowscarada, M|
|poke|p1|Skarmory, M|
|poke|p1|Gardevoir, M|
|poke|p1|Dragapult, F|
|poke|p1|Excadrill, M|
|poke|p1|Rotom-Wash|
|poke|p2|Latios, M|
|poke|p2|Ogerpon-Wellspring, F|
|poke|p2|Blaziken, M|
|poke|p2|Raging Bolt|
|poke|p2|Corviknight, F|
|poke|p2|Garganacl, M|
|teampreview
|inactive|Battle timer is ON: inactive players will automatically lose when time's up. (requested by Latios ho)
|
|t:|1779969469
|teamsize|p1|6
|teamsize|p2|6
|start
|switch|p1a: Meowscarada|Meowscarada, M|100/100
|switch|p2a: 铁衣拂雾渡寒鸦|Corviknight, F|100/100
|turn|1
|
|t:|1779969479
|move|p1a: Meowscarada|Knock Off|p2a: 铁衣拂雾渡寒鸦
|-start|p1a: Meowscarada|typechange|Dark|[from] ability: Protean
|-damage|p2a: 铁衣拂雾渡寒鸦|74/100
|-damage|p1a: Meowscarada|84/100|[from] item: Rocky Helmet|[of] p2a: 铁衣拂雾渡寒鸦
|-enditem|p2a: 铁衣拂雾渡寒鸦|Rocky Helmet|[from] move: Knock Off|[of] p1a: Meowscarada
|move|p2a: 铁衣拂雾渡寒鸦|U-turn|p1a: Meowscarada
|-supereffective|p1a: Meowscarada
|-damage|p1a: Meowscarada|36/100
|
|t:|1779969499
|switch|p2a: 赤羽凌霄御风行|Blaziken, M|100/100|[from] U-turn
|
|upkeep
|turn|2
|
|t:|1779969517
|switch|p1a: Gardevoir|Gardevoir, M|100/100
|move|p2a: 赤羽凌霄御风行|Protect||[still]
|-fail|p2a: 赤羽凌霄御风行
|
|-ability|p2a: 赤羽凌霄御风行|Speed Boost|boost
|-boost|p2a: 赤羽凌霄御风行|spe|1
|upkeep
|turn|3
|
|t:|1779969527
|move|p2a: 赤羽凌霄御风行|Swords Dance|p2a: 赤羽凌霄御风行
|-boost|p2a: 赤羽凌霄御风行|atk|2
|move|p1a: Gardevoir|Psychic|p2a: 赤羽凌霄御风行
|-supereffective|p2a: 赤羽凌霄御风行
|-enditem|p2a: 赤羽凌霄御风行|Focus Sash
|-damage|p2a: 赤羽凌霄御风行|1/100
|-unboost|p2a: 赤羽凌霄御风行|spd|1
|
|-ability|p2a: 赤羽凌霄御风行|Speed Boost|boost
|-boost|p2a: 赤羽凌霄御风行|spe|1
|upkeep
|turn|4
|inactive|M4v3rr1ck has 120 seconds left.
|
|t:|1779969554
|-terastallize|p2a: 赤羽凌霄御风行|Flying
|move|p2a: 赤羽凌霄御风行|Acrobatics|p1a: Gardevoir
|-damage|p1a: Gardevoir|0 fnt
|faint|p1a: Gardevoir
|
|-ability|p2a: 赤羽凌霄御风行|Speed Boost|boost
|-boost|p2a: 赤羽凌霄御风行|spe|1
|upkeep
|inactive|M4v3rr1ck has 120 seconds left.
|
|t:|1779969562
|switch|p1a: Dragapult|Dragapult, F|100/100
|turn|5
|
|t:|1779969566
|move|p1a: Dragapult|Sucker Punch|p2a: 赤羽凌霄御风行
|-damage|p2a: 赤羽凌霄御风行|0 fnt
|faint|p2a: 赤羽凌霄御风行
|
|upkeep
|
|t:|1779969577
|switch|p2a: 怒雷惊鸾啸碧霞|Raging Bolt|100/100
|-enditem|p2a: 怒雷惊鸾啸碧霞|Booster Energy
|-activate|p2a: 怒雷惊鸾啸碧霞|ability: Protosynthesis|[fromitem]
|-start|p2a: 怒雷惊鸾啸碧霞|protosynthesisspa
|turn|6
|
|t:|1779969597
|switch|p1a: Excadrill|Excadrill, M|100/100
|-ability|p1a: Excadrill|Mold Breaker
|move|p2a: 怒雷惊鸾啸碧霞|Dragon Pulse|p1a: Excadrill
|-resisted|p1a: Excadrill
|-damage|p1a: Excadrill|61/100
|
|upkeep
|turn|7
|
|t:|1779969608
|-end|p2a: 怒雷惊鸾啸碧霞|Protosynthesis|[silent]
|switch|p2a: 清辉心镜隐龙吟|Latios, M|100/100
|move|p1a: Excadrill|Earthquake|p2a: 清辉心镜隐龙吟
|-damage|p2a: 清辉心镜隐龙吟|0 fnt
|faint|p2a: 清辉心镜隐龙吟
|-damage|p1a: Excadrill|51/100|[from] item: Life Orb
|
|upkeep
|
|t:|1779969621
|switch|p2a: 铁衣拂雾渡寒鸦|Corviknight, F|74/100
|turn|8
|
|t:|1779969626
|move|p1a: Excadrill|Earthquake|p2a: 铁衣拂雾渡寒鸦
|-immune|p2a: 铁衣拂雾渡寒鸦
|move|p2a: 铁衣拂雾渡寒鸦|Body Press|p1a: Excadrill
|-supereffective|p1a: Excadrill
|-damage|p1a: Excadrill|0 fnt
|faint|p1a: Excadrill
|
|upkeep
|
|t:|1779969636
|switch|p1a: Rotom|Rotom-Wash|100/100
|turn|9
|
|t:|1779969641
|move|p1a: Rotom|Discharge|p2a: 铁衣拂雾渡寒鸦
|-supereffective|p2a: 铁衣拂雾渡寒鸦
|-crit|p2a: 铁衣拂雾渡寒鸦
|-damage|p2a: 铁衣拂雾渡寒鸦|0 fnt
|faint|p2a: 铁衣拂雾渡寒鸦
|
|upkeep
|
|t:|1779969646
|switch|p2a: 怒雷惊鸾啸碧霞|Raging Bolt|100/100
|turn|10
|
|t:|1779969663
|move|p1a: Rotom|Hydro Pump|p2a: 怒雷惊鸾啸碧霞|[miss]
|-miss|p1a: Rotom|p2a: 怒雷惊鸾啸碧霞
|move|p2a: 怒雷惊鸾啸碧霞|Calm Mind|p2a: 怒雷惊鸾啸碧霞
|-boost|p2a: 怒雷惊鸾啸碧霞|spa|1
|-boost|p2a: 怒雷惊鸾啸碧霞|spd|1
|
|upkeep
|turn|11
|
|t:|1779969675
|move|p1a: Rotom|Hydro Pump|p2a: 怒雷惊鸾啸碧霞
|-resisted|p2a: 怒雷惊鸾啸碧霞
|-damage|p2a: 怒雷惊鸾啸碧霞|89/100
|move|p2a: 怒雷惊鸾啸碧霞|Calm Mind|p2a: 怒雷惊鸾啸碧霞
|-boost|p2a: 怒雷惊鸾啸碧霞|spa|1
|-boost|p2a: 怒雷惊鸾啸碧霞|spd|1
|
|upkeep
|turn|12
|
|t:|1779969685
|move|p1a: Rotom|Hydro Pump|p2a: 怒雷惊鸾啸碧霞|[miss]
|-miss|p1a: Rotom|p2a: 怒雷惊鸾啸碧霞
|move|p2a: 怒雷惊鸾啸碧霞|Calm Mind|p2a: 怒雷惊鸾啸碧霞
|-boost|p2a: 怒雷惊鸾啸碧霞|spa|1
|-boost|p2a: 怒雷惊鸾啸碧霞|spd|1
|
|upkeep
|turn|13
|
|t:|1779969694
|switch|p1a: Dragapult|Dragapult, F|100/100
|move|p2a: 怒雷惊鸾啸碧霞|Calm Mind|p2a: 怒雷惊鸾啸碧霞
|-boost|p2a: 怒雷惊鸾啸碧霞|spa|1
|-boost|p2a: 怒雷惊鸾啸碧霞|spd|1
|
|upkeep
|turn|14
|l|☆Latios ho
|inactive|Latios ho disconnected and has a minute to reconnect!
|player|p2|
|inactive|Latios ho has 30 seconds to reconnect!
|j|☆Latios ho
|inactive|Latios ho reconnected and has 110 seconds left.
|player|p2|Latios ho|red|
|
|t:|1779969745
|move|p1a: Dragapult|Draco Meteor|p2a: 怒雷惊鸾啸碧霞
|-supereffective|p2a: 怒雷惊鸾啸碧霞
|-damage|p2a: 怒雷惊鸾啸碧霞|45/100
|-unboost|p1a: Dragapult|spa|2
|move|p2a: 怒雷惊鸾啸碧霞|Dragon Pulse|p1a: Dragapult
|-supereffective|p1a: Dragapult
|-damage|p1a: Dragapult|0 fnt
|faint|p1a: Dragapult
|
|upkeep
|
|t:|1779969755
|switch|p1a: Skarmory|Skarmory, M|100/100
|turn|15
|
|t:|1779969760
|move|p2a: 怒雷惊鸾啸碧霞|Thunderbolt|p1a: Skarmory
|-supereffective|p1a: Skarmory
|-ability|p1a: Skarmory|Sturdy
|-damage|p1a: Skarmory|1/100
|move|p1a: Skarmory|Roar|p2a: 怒雷惊鸾啸碧霞
|-end|p2a: 怒雷惊鸾啸碧霞|Protosynthesis|[silent]
|drag|p2a: 湘水青藤掩黛痕|Ogerpon-Wellspring, F|100/100
|
|upkeep
|turn|16
|inactive|Latios ho has 120 seconds left.
|
|t:|1779969788
|move|p2a: 湘水青藤掩黛痕|Swords Dance|p2a: 湘水青藤掩黛痕
|-boost|p2a: 湘水青藤掩黛痕|atk|2
|move|p1a: Skarmory|Stealth Rock|p2a: 湘水青藤掩黛痕
|-sidestart|p2: Latios ho|move: Stealth Rock
|
|upkeep
|turn|17
|
|t:|1779969794
|move|p2a: 湘水青藤掩黛痕|Ivy Cudgel|p1a: Skarmory|[anim] Ivy Cudgel Water
|-damage|p1a: Skarmory|0 fnt
|faint|p1a: Skarmory
|
|upkeep
|
|t:|1779969801
|switch|p1a: Meowscarada|Meowscarada, M|36/100
|turn|18
|inactive|Latios ho has 120 seconds left.
|inactive|M4v3rr1ck has 120 seconds left.
|
|t:|1779969826
|move|p1a: Meowscarada|U-turn|p2a: 湘水青藤掩黛痕
|-start|p1a: Meowscarada|typechange|Bug|[from] ability: Protean
|-supereffective|p2a: 湘水青藤掩黛痕
|-damage|p2a: 湘水青藤掩黛痕|29/100
|
|t:|1779969831
|switch|p1a: Rotom|Rotom-Wash|100/100|[from] U-turn
|move|p2a: 湘水青藤掩黛痕|Horn Leech|p1a: Rotom
|-supereffective|p1a: Rotom
|-damage|p1a: Rotom|0 fnt
|-heal|p2a: 湘水青藤掩黛痕|69/100|[from] drain|[of] p1a: Rotom
|faint|p1a: Rotom
|
|upkeep
|inactive|M4v3rr1ck has 120 seconds left.
|
|t:|1779969840
|switch|p1a: Meowscarada|Meowscarada, M|36/100
|turn|19
|
|t:|1779969849
|-terastallize|p1a: Meowscarada|Grass
|move|p1a: Meowscarada|Flower Trick|p2a: 湘水青藤掩黛痕
|-crit|p2a: 湘水青藤掩黛痕
|-damage|p2a: 湘水青藤掩黛痕|0 fnt
|faint|p2a: 湘水青藤掩黛痕
|
|upkeep
|
|t:|1779969856
|switch|p2a: 怒雷惊鸾啸碧霞|Raging Bolt|45/100
|-damage|p2a: 怒雷惊鸾啸碧霞|33/100|[from] Stealth Rock
|turn|20
|
|t:|1779969866
|move|p2a: 怒雷惊鸾啸碧霞|Thunderclap|p1a: Meowscarada
|-resisted|p1a: Meowscarada
|-damage|p1a: Meowscarada|6/100
|move|p1a: Meowscarada|Flower Trick|p2a: 怒雷惊鸾啸碧霞
|-resisted|p2a: 怒雷惊鸾啸碧霞
|-crit|p2a: 怒雷惊鸾啸碧霞
|-damage|p2a: 怒雷惊鸾啸碧霞|6/100
|
|upkeep
|turn|21
|
|t:|1779969872
|move|p2a: 怒雷惊鸾啸碧霞|Thunderclap|p1a: Meowscarada
|-resisted|p1a: Meowscarada
|-damage|p1a: Meowscarada|0 fnt
|faint|p1a: Meowscarada
|
|win|Latios ho
|raw|M4v3rr1ck's rating: 1088 &rarr; <strong>1059</strong><br />(-29 for losing)
|raw|Latios ho's rating: 1000 &rarr; <strong>1050</strong><br />(+50 for winning)
