|j|☆pondwaterone
|j|☆darkh0rse123
|t:|1779815602
|gametype|singles
|player|p1|pondwaterone|170|1278
|player|p2|darkh0rse123|cynthia-gen4|1304
|gen|9
|tier|[Gen 9] OU
|rated|
|rule|HP Percentage Mod: HP is shown in percentages
|rule|Endless Battle Clause: Forcing endless battles is banned
|rule|Species Clause: Limit one of each Pokémon
|rule|OHKO Clause: OHKO moves are banned
|rule|Evasion Items Clause: Evasion items are banned
|rule|Evasion Moves Clause: Evasion moves are banned
|rule|Evasion Abilities Clause: Evasion abilities are banned
|rule|Sleep Moves Clause: Sleep-inducing moves are banned
|clearpoke
|poke|p1|Skarmory, M|
|poke|p1|Slowking-Galar, M|
|poke|p1|Cobalion|
|poke|p1|Gyarados, M|
|poke|p1|Tyranitar, M|
|poke|p1|Dragapult, M|
|poke|p2|Great Tusk|
|poke|p2|Walking Wake|
|poke|p2|Kingambit, M|
|poke|p2|Venusaur, M|
|poke|p2|Ninetales, F|
|poke|p2|Raging Bolt|
|teampreview
|inactive|Battle timer is ON: inactive players will automatically lose when time's up. (requested by pondwaterone)
|
|t:|1779815618
|teamsize|p1|6
|teamsize|p2|6
|start
|switch|p1a: Watre Snek|Gyarados, M|100/100
|switch|p2a: Ninetales|Ninetales, F|100/100
|-weather|SunnyDay|[from] ability: Drought|[of] p2a: Ninetales
|-ability|p1a: Watre Snek|Intimidate|boost
|-unboost|p2a: Ninetales|atk|1
|turn|1
|
|t:|1779815626
|move|p2a: Ninetales|Solar Beam||[still]
|-prepare|p2a: Ninetales|Solar Beam
|-anim|p2a: Ninetales|Solar Beam|p1a: Watre Snek
|-damage|p1a: Watre Snek|76/100
|move|p1a: Watre Snek|Earthquake|p2a: Ninetales
|-supereffective|p2a: Ninetales
|-damage|p2a: Ninetales|14/100
|
|-weather|SunnyDay|[upkeep]
|-heal|p1a: Watre Snek|82/100|[from] item: Leftovers
|upkeep
|turn|2
|
|t:|1779815636
|move|p2a: Ninetales|Solar Beam||[still]
|-prepare|p2a: Ninetales|Solar Beam
|-anim|p2a: Ninetales|Solar Beam|p1a: Watre Snek
|-damage|p1a: Watre Snek|56/100
|move|p1a: Watre Snek|Dragon Dance|p1a: Watre Snek
|-boost|p1a: Watre Snek|atk|1
|-boost|p1a: Watre Snek|spe|1
|
|-weather|SunnyDay|[upkeep]
|-heal|p1a: Watre Snek|62/100|[from] item: Leftovers
|upkeep
|turn|3
|
|t:|1779815646
|move|p1a: Watre Snek|Earthquake|p2a: Ninetales
|-supereffective|p2a: Ninetales
|-damage|p2a: Ninetales|0 fnt
|faint|p2a: Ninetales
|
|-weather|SunnyDay|[upkeep]
|-heal|p1a: Watre Snek|68/100|[from] item: Leftovers
|upkeep
|
|t:|1779815652
|switch|p2a: Raging Bolt|Raging Bolt|100/100
|-item|p2a: Raging Bolt|Air Balloon
|-activate|p2a: Raging Bolt|ability: Protosynthesis
|-start|p2a: Raging Bolt|protosynthesisspa
|turn|4
|
|t:|1779815658
|switch|p1a: Rock Lobstre|Tyranitar, M, shiny|100/100
|-weather|Sandstorm|[from] ability: Sand Stream|[of] p1a: Rock Lobstre
|-end|p2a: Raging Bolt|Protosynthesis
|move|p2a: Raging Bolt|Thunderclap||[still]
|-fail|p2a: Raging Bolt
|
|-weather|Sandstorm|[upkeep]
|-damage|p2a: Raging Bolt|94/100|[from] Sandstorm
|upkeep
|turn|5
|
|t:|1779815670
|-end|p2a: Raging Bolt|Protosynthesis|[silent]
|switch|p2a: Great Tusk|Great Tusk|100/100
|move|p1a: Rock Lobstre|Stealth Rock|p2a: Great Tusk
|-sidestart|p2: darkh0rse123|move: Stealth Rock
|
|-weather|Sandstorm|[upkeep]
|upkeep
|turn|6
|
|t:|1779815677
|move|p2a: Great Tusk|Close Combat|p1a: Rock Lobstre
|-supereffective|p1a: Rock Lobstre
|-damage|p1a: Rock Lobstre|0 fnt
|-unboost|p2a: Great Tusk|def|1
|-unboost|p2a: Great Tusk|spd|1
|faint|p1a: Rock Lobstre
|
|-weather|Sandstorm|[upkeep]
|upkeep
|
|t:|1779815684
|switch|p1a: Geist Draco|Dragapult, M|100/100
|turn|7
|
|t:|1779815688
|move|p1a: Geist Draco|Dragon Dance|p1a: Geist Draco
|-boost|p1a: Geist Draco|atk|1
|-boost|p1a: Geist Draco|spe|1
|move|p2a: Great Tusk|Ice Spinner|p1a: Geist Draco
|-supereffective|p1a: Geist Draco
|-damage|p1a: Geist Draco|24/100
|
|-weather|Sandstorm|[upkeep]
|-damage|p1a: Geist Draco|18/100|[from] Sandstorm
|-heal|p1a: Geist Draco|24/100|[from] item: Leftovers
|upkeep
|turn|8
|
|t:|1779815698
|move|p1a: Geist Draco|Dragon Darts|p2a: Great Tusk
|-damage|p2a: Great Tusk|63/100
|-anim|p1a: Geist Draco|Dragon Darts|p2a: Great Tusk
|-damage|p2a: Great Tusk|20/100
|move|p2a: Great Tusk|Ice Spinner|p1a: Geist Draco
|-supereffective|p1a: Geist Draco
|-damage|p1a: Geist Draco|0 fnt
|faint|p1a: Geist Draco
|
|-weather|none
|upkeep
|
|t:|1779815708
|switch|p1a: Watre Snek|Gyarados, M|68/100
|-ability|p1a: Watre Snek|Intimidate|boost
|-unboost|p2a: Great Tusk|atk|1
|turn|9
|
|t:|1779815719
|move|p2a: Great Tusk|Rapid Spin|p1a: Watre Snek
|-damage|p1a: Watre Snek|53/100
|-boost|p2a: Great Tusk|spe|1
|-sideend|p2: darkh0rse123|Stealth Rock|[from] move: Rapid Spin|[of] p2a: Great Tusk
|move|p1a: Watre Snek|Waterfall|p2a: Great Tusk
|-supereffective|p2a: Great Tusk
|-damage|p2a: Great Tusk|0 fnt
|faint|p2a: Great Tusk
|-end|p2a: Great Tusk|Protosynthesis|[silent]
|
|-heal|p1a: Watre Snek|59/100|[from] item: Leftovers
|upkeep
|
|t:|1779815726
|switch|p2a: Raging Bolt|Raging Bolt|94/100
|-item|p2a: Raging Bolt|Air Balloon
|turn|10
|
|t:|1779815735
|move|p1a: Watre Snek|Waterfall|p2a: Raging Bolt
|-resisted|p2a: Raging Bolt
|-damage|p2a: Raging Bolt|72/100
|-enditem|p2a: Raging Bolt|Air Balloon
|move|p2a: Raging Bolt|Thunderbolt|p1a: Watre Snek
|-supereffective|p1a: Watre Snek
|-damage|p1a: Watre Snek|0 fnt
|faint|p1a: Watre Snek
|
|upkeep
|
|t:|1779815744
|switch|p1a: Poison King|Slowking-Galar, M|100/100
|turn|11
|
|t:|1779815749
|move|p2a: Raging Bolt|Calm Mind|p2a: Raging Bolt
|-boost|p2a: Raging Bolt|spa|1
|-boost|p2a: Raging Bolt|spd|1
|move|p1a: Poison King|Calm Mind|p1a: Poison King
|-boost|p1a: Poison King|spa|1
|-boost|p1a: Poison King|spd|1
|
|upkeep
|turn|12
|
|t:|1779815757
|move|p2a: Raging Bolt|Calm Mind|p2a: Raging Bolt
|-boost|p2a: Raging Bolt|spa|1
|-boost|p2a: Raging Bolt|spd|1
|move|p1a: Poison King|Ice Beam|p2a: Raging Bolt
|-supereffective|p2a: Raging Bolt
|-damage|p2a: Raging Bolt|42/100
|
|upkeep
|turn|13
|
|t:|1779815764
|move|p2a: Raging Bolt|Thunderclap||[still]
|-fail|p2a: Raging Bolt
|move|p1a: Poison King|Calm Mind|p1a: Poison King
|-boost|p1a: Poison King|spa|1
|-boost|p1a: Poison King|spd|1
|
|upkeep
|turn|14
|
|t:|1779815771
|move|p2a: Raging Bolt|Dragon Pulse|p1a: Poison King
|-damage|p1a: Poison King|73/100
|move|p1a: Poison King|Calm Mind|p1a: Poison King
|-boost|p1a: Poison King|spa|1
|-boost|p1a: Poison King|spd|1
|
|-heal|p1a: Poison King|79/100|[from] item: Leftovers
|upkeep
|turn|15
|
|t:|1779815779
|move|p2a: Raging Bolt|Calm Mind|p2a: Raging Bolt
|-boost|p2a: Raging Bolt|spa|1
|-boost|p2a: Raging Bolt|spd|1
|move|p1a: Poison King|Ice Beam|p2a: Raging Bolt
|-supereffective|p2a: Raging Bolt
|-damage|p2a: Raging Bolt|2/100
|
|-heal|p1a: Poison King|85/100|[from] item: Leftovers
|upkeep
|turn|16
|
|t:|1779815788
|move|p2a: Raging Bolt|Thunderclap|p1a: Poison King
|-damage|p1a: Poison King|59/100
|move|p1a: Poison King|Psychic Noise|p2a: Raging Bolt
|-damage|p2a: Raging Bolt|0 fnt
|faint|p2a: Raging Bolt
|-end|p2a: Raging Bolt|Protosynthesis|[silent]
|
|-heal|p1a: Poison King|65/100|[from] item: Leftovers
|upkeep
|
|t:|1779815796
|switch|p2a: Walking Wake|Walking Wake|100/100
|turn|17
|
|t:|1779815801
|move|p2a: Walking Wake|Draco Meteor|p1a: Poison King
|-damage|p1a: Poison King|47/100
|-unboost|p2a: Walking Wake|spa|2
|move|p1a: Poison King|Psychic Noise|p2a: Walking Wake
|-damage|p2a: Walking Wake|26/100
|-start|p2a: Walking Wake|move: Heal Block
|
|-heal|p1a: Poison King|53/100|[from] item: Leftovers
|upkeep
|turn|18
|
|t:|1779815813
|move|p2a: Walking Wake|Draco Meteor|p1a: Poison King
|-crit|p1a: Poison King
|-damage|p1a: Poison King|0 fnt
|-unboost|p2a: Walking Wake|spa|2
|faint|p1a: Poison King
|
|-end|p2a: Walking Wake|move: Heal Block
|upkeep
|
|t:|1779815822
|switch|p1a: Kobe Lion|Cobalion|100/100
|turn|19
|
|t:|1779815827
|move|p2a: Walking Wake|Flamethrower|p1a: Kobe Lion
|-supereffective|p1a: Kobe Lion
|-damage|p1a: Kobe Lion|71/100
|move|p1a: Kobe Lion|Iron Defense|p1a: Kobe Lion
|-boost|p1a: Kobe Lion|def|2
|
|-heal|p1a: Kobe Lion|77/100|[from] item: Leftovers
|upkeep
|turn|20
|
|t:|1779815836
|move|p2a: Walking Wake|Flamethrower|p1a: Kobe Lion
|-supereffective|p1a: Kobe Lion
|-damage|p1a: Kobe Lion|43/100
|move|p1a: Kobe Lion|Body Press|p2a: Walking Wake
|-damage|p2a: Walking Wake|0 fnt
|faint|p2a: Walking Wake
|-end|p2a: Walking Wake|Protosynthesis|[silent]
|
|-heal|p1a: Kobe Lion|49/100|[from] item: Leftovers
|upkeep
|
|t:|1779815838
|switch|p2a: Venusaur|Venusaur, M|100/100
|turn|21
|
|t:|1779815848
|move|p1a: Kobe Lion|Body Press|p2a: Venusaur
|-resisted|p2a: Venusaur
|-damage|p2a: Venusaur|37/100
|move|p2a: Venusaur|Growth|p2a: Venusaur
|-boost|p2a: Venusaur|atk|1
|-boost|p2a: Venusaur|spa|1
|
|-heal|p1a: Kobe Lion|55/100|[from] item: Leftovers
|upkeep
|turn|22
|
|t:|1779815856
|move|p1a: Kobe Lion|Body Press|p2a: Venusaur
|-resisted|p2a: Venusaur
|-damage|p2a: Venusaur|0 fnt
|faint|p2a: Venusaur
|
|-heal|p1a: Kobe Lion|61/100|[from] item: Leftovers
|upkeep
|
|t:|1779815858
|switch|p2a: Kingambit|Kingambit, M|100/100
|-activate|p2a: Kingambit|ability: Supreme Overlord
|-start|p2a: Kingambit|fallen5|[silent]
|-item|p2a: Kingambit|Air Balloon
|turn|23
|
|t:|1779815868
|move|p1a: Kobe Lion|Body Press|p2a: Kingambit
|-supereffective|p2a: Kingambit
|-damage|p2a: Kingambit|0 fnt
|-enditem|p2a: Kingambit|Air Balloon
|faint|p2a: Kingambit
|-end|p2a: Kingambit|fallen5|[silent]
|
|win|pondwaterone
|raw|pondwaterone's rating: 1278 &rarr; <strong>1305</strong><br />(+27 for winning)
|raw|darkh0rse123's rating: 1304 &rarr; <strong>1283</strong><br />(-21 for losing)
|l|☆darkh0rse123
|player|p2|
|l|☆pondwaterone
|player|p1|
