|j|☆TsekaiAndIncognito
|j|☆Mr_Stonks0406
|t:|1779859900
|gametype|singles
|player|p1|TsekaiAndIncognito|2|1409
|player|p2|Mr_Stonks0406|265|1388
|gen|9
|tier|[Gen 9] OU
|rated|
|rule|HP Percentage Mod: HP is shown in percentages
|rule|Endless Battle Clause: Forcing endless battles is banned
|rule|Species Clause: Limit one of each Pokémon
|rule|OHKO Clause: OHKO moves are banned
|rule|Evasion Items Clause: Evasion items are banned
|rule|Evasion Moves Clause: Evasion moves are banned
|rule|Evasion Abilities Clause: Evasion abilities are banned
|rule|Sleep Moves Clause: Sleep-inducing moves are banned
|clearpoke
|poke|p1|Heatran, M|
|poke|p1|Iron Hands|
|poke|p1|Kingambit, F|
|poke|p1|Dragapult, M|
|poke|p1|Hoopa-Unbound|
|poke|p1|Zapdos|
|poke|p2|Meowscarada, F|
|poke|p2|Pecharunt|
|poke|p2|Enamorus, F|
|poke|p2|Iron Treads|
|poke|p2|Corviknight, F|
|poke|p2|Slowking, M|
|teampreview
|
|t:|1779859909
|teamsize|p1|6
|teamsize|p2|6
|start
|switch|p1a: Heatran|Heatran, M|100/100
|switch|p2a: Iron Treads|Iron Treads|100/100
|turn|1
|inactive|Battle timer is ON: inactive players will automatically lose when time's up. (requested by TsekaiAndIncognito)
|
|t:|1779859928
|switch|p1a: Zapdos|Zapdos|100/100
|move|p2a: Iron Treads|Stealth Rock|p1a: Zapdos
|-sidestart|p1: TsekaiAndIncognito|move: Stealth Rock
|
|upkeep
|turn|2
|
|t:|1779859932
|move|p2a: Iron Treads|Knock Off|p1a: Zapdos
|-damage|p1a: Zapdos|83/100
|-damage|p2a: Iron Treads|84/100|[from] item: Rocky Helmet|[of] p1a: Zapdos
|-enditem|p1a: Zapdos|Rocky Helmet|[from] move: Knock Off|[of] p2a: Iron Treads
|move|p1a: Zapdos|Hurricane|p2a: Iron Treads|[miss]
|-miss|p1a: Zapdos|p2a: Iron Treads
|
|-heal|p2a: Iron Treads|90/100|[from] item: Leftovers
|upkeep
|turn|3
|inactive|Mr_Stonks0406 has 120 seconds left.
|
|t:|1779859967
|move|p2a: Iron Treads|Earthquake|p1a: Zapdos
|-immune|p1a: Zapdos
|move|p1a: Zapdos|Hurricane|p2a: Iron Treads|[miss]
|-miss|p1a: Zapdos|p2a: Iron Treads
|
|-heal|p2a: Iron Treads|96/100|[from] item: Leftovers
|upkeep
|turn|4
|inactive|Mr_Stonks0406 has 120 seconds left.
|
|t:|1779859979
|move|p2a: Iron Treads|Stealth Rock||[still]
|-fail|p2a: Iron Treads
|move|p1a: Zapdos|Hurricane|p2a: Iron Treads
|-resisted|p2a: Iron Treads
|-damage|p2a: Iron Treads|78/100
|
|-heal|p2a: Iron Treads|84/100|[from] item: Leftovers
|upkeep
|turn|5
|inactive|Mr_Stonks0406 has 120 seconds left.
|
|t:|1779859999
|-end|p2a: Iron Treads|Quark Drive|[silent]
|switch|p2a: Slowking|Slowking, M|100/100
|move|p1a: Zapdos|Hurricane|p2a: Slowking|[miss]
|-miss|p1a: Zapdos|p2a: Slowking
|
|upkeep
|turn|6
|
|t:|1779860019
|move|p1a: Zapdos|Discharge|p2a: Slowking
|-supereffective|p2a: Slowking
|-damage|p2a: Slowking|66/100
|move|p2a: Slowking|Scald|p1a: Zapdos
|-damage|p1a: Zapdos|51/100
|-status|p1a: Zapdos|brn
|
|-damage|p1a: Zapdos|45/100 brn|[from] brn
|upkeep
|turn|7
|
|t:|1779860027
|switch|p2a: Iron Treads|Iron Treads|84/100
|move|p1a: Zapdos|U-turn|p2a: Iron Treads
|-resisted|p2a: Iron Treads
|-damage|p2a: Iron Treads|82/100
|
|t:|1779860030
|switch|p1a: Dragapult|Dragapult, M|100/100|[from] U-turn
|-damage|p1a: Dragapult|88/100|[from] Stealth Rock
|
|-heal|p2a: Iron Treads|88/100|[from] item: Leftovers
|upkeep
|turn|8
|inactive|Mr_Stonks0406 has 120 seconds left.
|
|t:|1779860056
|-end|p2a: Iron Treads|Quark Drive|[silent]
|switch|p2a: Slowking|Slowking, M|99/100
|move|p1a: Dragapult|Shadow Ball|p2a: Slowking
|-supereffective|p2a: Slowking
|-damage|p2a: Slowking|51/100
|
|upkeep
|turn|9
|inactive|Mr_Stonks0406 has 90 seconds left.
|
|t:|1779860086
|switch|p2a: Meowscarada|Meowscarada, F|100/100
|move|p1a: Dragapult|Shadow Ball|p2a: Meowscarada
|-resisted|p2a: Meowscarada
|-damage|p2a: Meowscarada|62/100
|
|upkeep
|turn|10
|
|t:|1779860099
|switch|p1a: Zapdos|Zapdos|45/100 brn
|-damage|p1a: Zapdos|20/100 brn|[from] Stealth Rock
|move|p2a: Meowscarada|Knock Off|p1a: Zapdos
|-start|p2a: Meowscarada|typechange|Dark|[from] ability: Protean
|-damage|p1a: Zapdos|0 fnt
|faint|p1a: Zapdos
|
|upkeep
|
|t:|1779860109
|switch|p1a: Iron Hands|Iron Hands|100/100
|-damage|p1a: Iron Hands|94/100|[from] Stealth Rock
|-enditem|p1a: Iron Hands|Booster Energy
|-activate|p1a: Iron Hands|ability: Quark Drive|[fromitem]
|-start|p1a: Iron Hands|quarkdriveatk
|turn|11
|inactive|Mr_Stonks0406 has 90 seconds left.
|
|t:|1779860115
|switch|p2a: Pecharunt|Pecharunt|100/100
|move|p1a: Iron Hands|Swords Dance|p1a: Iron Hands
|-boost|p1a: Iron Hands|atk|2
|
|upkeep
|turn|12
|
|t:|1779860123
|move|p2a: Pecharunt|Malignant Chain|p1a: Iron Hands
|-damage|p1a: Iron Hands|66/100
|-status|p1a: Iron Hands|tox
|-start|p1a: Iron Hands|confusion|[from] ability: Poison Puppeteer|[of] p2a: Pecharunt
|-activate|p1a: Iron Hands|confusion
|move|p1a: Iron Hands|Supercell Slam|p2a: Pecharunt
|-damage|p2a: Pecharunt|24/100
|-damage|p1a: Iron Hands|49/100 tox|[from] item: Rocky Helmet|[of] p2a: Pecharunt
|
|-damage|p1a: Iron Hands|43/100 tox|[from] psn
|upkeep
|turn|13
|inactive|Mr_Stonks0406 has 90 seconds left.
|
|t:|1779860141
|move|p2a: Pecharunt|Recover|p2a: Pecharunt
|-heal|p2a: Pecharunt|74/100
|-end|p1a: Iron Hands|confusion
|move|p1a: Iron Hands|Drain Punch|p2a: Pecharunt
|-immune|p2a: Pecharunt
|
|-damage|p1a: Iron Hands|31/100 tox|[from] psn
|upkeep
|turn|14
|inactive|Mr_Stonks0406 has 90 seconds left.
|
|t:|1779860151
|move|p2a: Pecharunt|Malignant Chain|p1a: Iron Hands
|-damage|p1a: Iron Hands|6/100 tox
|move|p1a: Iron Hands|Drain Punch|p2a: Pecharunt
|-immune|p2a: Pecharunt
|
|-damage|p1a: Iron Hands|0 fnt|[from] psn
|faint|p1a: Iron Hands
|-end|p1a: Iron Hands|Quark Drive|[silent]
|upkeep
|-message|TsekaiAndIncognito forfeited.
|
|win|Mr_Stonks0406
|raw|TsekaiAndIncognito's rating: 1409 &rarr; <strong>1388</strong><br />(-21 for losing)
|raw|Mr_Stonks0406's rating: 1388 &rarr; <strong>1409</strong><br />(+21 for winning)
|l|☆TsekaiAndIncognito
|player|p1|
|l|☆Mr_Stonks0406
|player|p2|
