|j|☆jairaterle5050
|j|☆emquangsocute
|t:|1779881317
|gametype|singles
|player|p1|jairaterle5050|roxanne|1184
|player|p2|emquangsocute|101|1143
|gen|9
|tier|[Gen 9] OU
|rated|
|rule|HP Percentage Mod: HP is shown in percentages
|rule|Endless Battle Clause: Forcing endless battles is banned
|rule|Species Clause: Limit one of each Pokémon
|rule|OHKO Clause: OHKO moves are banned
|rule|Evasion Items Clause: Evasion items are banned
|rule|Evasion Moves Clause: Evasion moves are banned
|rule|Evasion Abilities Clause: Evasion abilities are banned
|rule|Sleep Moves Clause: Sleep-inducing moves are banned
|clearpoke
|poke|p1|Ogerpon, F|
|poke|p1|Weezing-Galar, M|
|poke|p1|Skarmory, M|
|poke|p1|Alomomola, M|
|poke|p1|Clodsire, F|
|poke|p1|Hydreigon, F|
|poke|p2|Basculegion, M|
|poke|p2|Flapple, M|
|poke|p2|Zapdos|
|poke|p2|Alomomola, F|
|poke|p2|Dragapult, F|
|poke|p2|Gliscor, F|
|teampreview
|
|t:|1779881342
|teamsize|p1|6
|teamsize|p2|6
|start
|switch|p1a: Clodsire|Clodsire, F|100/100
|switch|p2a: Dragapult|Dragapult, F, shiny|100/100
|turn|1
|
|t:|1779881366
|move|p2a: Dragapult|U-turn|p1a: Clodsire
|-resisted|p1a: Clodsire
|-damage|p1a: Clodsire|91/100
|
|t:|1779881369
|switch|p2a: Gliscor|Gliscor, F|100/100|[from] U-turn
|move|p1a: Clodsire|Stealth Rock|p2a: Gliscor
|-sidestart|p2: emquangsocute|move: Stealth Rock
|
|-status|p2a: Gliscor|tox|[from] item: Toxic Orb
|upkeep
|turn|2
|
|t:|1779881378
|switch|p1a: Skarmory|Skarmory, M|100/100
|move|p2a: Gliscor|Knock Off|p1a: Skarmory
|-damage|p1a: Skarmory|84/100
|-damage|p2a: Gliscor|84/100 tox|[from] item: Rocky Helmet|[of] p1a: Skarmory
|-enditem|p1a: Skarmory|Rocky Helmet|[from] move: Knock Off|[of] p2a: Gliscor
|
|-heal|p2a: Gliscor|96/100 tox|[from] ability: Poison Heal
|upkeep
|turn|3
|
|t:|1779881387
|move|p2a: Gliscor|Stealth Rock|p1a: Skarmory
|-sidestart|p1: jairaterle5050|move: Stealth Rock
|move|p1a: Skarmory|Spikes|p2a: Gliscor
|-sidestart|p2: emquangsocute|Spikes
|
|-heal|p2a: Gliscor|100/100 tox|[from] ability: Poison Heal
|upkeep
|turn|4
|
|t:|1779881394
|switch|p2a: Zapdos|Zapdos|100/100
|move|p1a: Skarmory|Spikes|p2a: Zapdos
|-sidestart|p2: emquangsocute|Spikes
|
|upkeep
|turn|5
|
|t:|1779881402
|switch|p2a: Basculegion|Basculegion, M, shiny|100/100
|-damage|p2a: Basculegion|88/100|[from] Stealth Rock
|-damage|p2a: Basculegion|72/100|[from] Spikes
|switch|p1a: Clodsire|Clodsire, F|91/100
|-damage|p1a: Clodsire|85/100|[from] Stealth Rock
|
|upkeep
|turn|6
|
|t:|1779881409
|switch|p1a: Alomomola|Alomomola, M|100/100
|-damage|p1a: Alomomola|88/100|[from] Stealth Rock
|move|p2a: Basculegion|Flip Turn|p1a: Alomomola
|-resisted|p1a: Alomomola
|-damage|p1a: Alomomola|71/100
|
|t:|1779881416
|switch|p2a: Flapple|Flapple, M, shiny|100/100|[from] Flip Turn
|-damage|p2a: Flapple|88/100|[from] Stealth Rock
|-damage|p2a: Flapple|72/100|[from] Spikes
|
|upkeep
|turn|7
|
|t:|1779881426
|switch|p1a: Weezing|Weezing-Galar, M|100/100
|-ability|p1a: Weezing|Neutralizing Gas
|move|p2a: Flapple|Dragon Dance|p2a: Flapple
|-boost|p2a: Flapple|atk|1
|-boost|p2a: Flapple|spe|1
|
|upkeep
|turn|8
|
|t:|1779881459
|move|p2a: Flapple|U-turn|p1a: Weezing
|-resisted|p1a: Weezing
|-damage|p1a: Weezing|96/100
|
|t:|1779881464
|switch|p2a: Gliscor|Gliscor, F|100/100 tox|[from] U-turn
|-damage|p2a: Gliscor|88/100 tox|[from] Stealth Rock
|move|p1a: Weezing|Sludge Bomb|p2a: Gliscor
|-resisted|p2a: Gliscor
|-damage|p2a: Gliscor|74/100 tox
|
|-damage|p2a: Gliscor|68/100 tox|[from] psn
|upkeep
|turn|9
|
|t:|1779881492
|-end|p1a: Weezing|ability: Neutralizing Gas
|switch|p1a: Skarmory|Skarmory, M|84/100
|-damage|p1a: Skarmory|71/100|[from] Stealth Rock
|move|p2a: Gliscor|Earthquake|p1a: Skarmory
|-immune|p1a: Skarmory
|
|-heal|p2a: Gliscor|81/100 tox|[from] ability: Poison Heal
|upkeep
|turn|10
|
|t:|1779881507
|switch|p2a: Dragapult|Dragapult, F, shiny|100/100
|-damage|p2a: Dragapult|88/100|[from] Stealth Rock
|-damage|p2a: Dragapult|72/100|[from] Spikes
|move|p1a: Skarmory|Spikes|p2a: Dragapult
|-sidestart|p2: emquangsocute|Spikes
|
|upkeep
|turn|11
|
|t:|1779881514
|switch|p1a: Clodsire|Clodsire, F|85/100
|-damage|p1a: Clodsire|79/100|[from] Stealth Rock
|move|p2a: Dragapult|Flamethrower|p1a: Clodsire
|-damage|p1a: Clodsire|58/100
|
|upkeep
|turn|12
|
|t:|1779881522
|switch|p2a: Zapdos|Zapdos|100/100
|move|p1a: Clodsire|Recover|p1a: Clodsire
|-heal|p1a: Clodsire|100/100
|
|upkeep
|turn|13
|
|t:|1779881528
|switch|p2a: Alomomola|Alomomola, F|100/100
|-damage|p2a: Alomomola|88/100|[from] Stealth Rock
|-damage|p2a: Alomomola|63/100|[from] Spikes
|move|p1a: Clodsire|Toxic|p2a: Alomomola
|-status|p2a: Alomomola|tox
|
|-heal|p2a: Alomomola|69/100 tox|[from] item: Leftovers
|-damage|p2a: Alomomola|63/100 tox|[from] psn
|upkeep
|turn|14
|
|t:|1779881539
|move|p2a: Alomomola|Wish|p2a: Alomomola
|move|p1a: Clodsire|Earthquake|p2a: Alomomola
|-damage|p2a: Alomomola|45/100 tox
|
|-heal|p2a: Alomomola|52/100 tox|[from] item: Leftovers
|-damage|p2a: Alomomola|39/100 tox|[from] psn
|upkeep
|turn|15
|
|t:|1779881545
|switch|p1a: Ogerpon|Ogerpon, F|100/100
|-damage|p1a: Ogerpon|88/100|[from] Stealth Rock
|move|p2a: Alomomola|Flip Turn|p1a: Ogerpon
|-resisted|p1a: Ogerpon
|-damage|p1a: Ogerpon|78/100
|
|t:|1779881562
|switch|p2a: Dragapult|Dragapult, F, shiny|72/100|[from] Flip Turn
|-damage|p2a: Dragapult|59/100|[from] Stealth Rock
|-damage|p2a: Dragapult|35/100|[from] Spikes
|
|-heal|p2a: Dragapult|100/100|[from] move: Wish|[wisher] Alomomola
|upkeep
|turn|16
|
|t:|1779881571
|switch|p1a: Clodsire|Clodsire, F|100/100
|-damage|p1a: Clodsire|94/100|[from] Stealth Rock
|-terastallize|p2a: Dragapult|Dragon
|move|p2a: Dragapult|Draco Meteor|p1a: Clodsire|[miss]
|-miss|p2a: Dragapult|p1a: Clodsire
|
|upkeep
|turn|17
|
|t:|1779881582
|switch|p2a: Alomomola|Alomomola, F|73/100 tox
|-damage|p2a: Alomomola|60/100 tox|[from] Stealth Rock
|-damage|p2a: Alomomola|35/100 tox|[from] Spikes
|move|p1a: Clodsire|Toxic|p2a: Alomomola
|-fail|p2a: Alomomola|tox
|
|-heal|p2a: Alomomola|42/100 tox|[from] item: Leftovers
|-damage|p2a: Alomomola|35/100 tox|[from] psn
|upkeep
|turn|18
|
|t:|1779881586
|move|p2a: Alomomola|Wish|p2a: Alomomola
|move|p1a: Clodsire|Earthquake|p2a: Alomomola
|-damage|p2a: Alomomola|16/100 tox
|
|-heal|p2a: Alomomola|23/100 tox|[from] item: Leftovers
|-damage|p2a: Alomomola|10/100 tox|[from] psn
|upkeep
|turn|19
|
|t:|1779881592
|move|p2a: Alomomola|Protect|p2a: Alomomola
|-singleturn|p2a: Alomomola|Protect
|move|p1a: Clodsire|Earthquake|p2a: Alomomola
|-activate|p2a: Alomomola|move: Protect
|
|-heal|p2a: Alomomola|60/100 tox|[from] move: Wish|[wisher] Alomomola
|-heal|p2a: Alomomola|66/100 tox|[from] item: Leftovers
|-damage|p2a: Alomomola|48/100 tox|[from] psn
|upkeep
|turn|20
|
|t:|1779881602
|move|p2a: Alomomola|Flip Turn|p1a: Clodsire
|-supereffective|p1a: Clodsire
|-damage|p1a: Clodsire|56/100
|
|t:|1779881606
|switch|p2a: Basculegion|Basculegion, M, shiny|72/100|[from] Flip Turn
|-damage|p2a: Basculegion|59/100|[from] Stealth Rock
|-damage|p2a: Basculegion|34/100|[from] Spikes
|move|p1a: Clodsire|Earthquake|p2a: Basculegion
|-damage|p2a: Basculegion|1/100
|
|upkeep
|turn|21
|
|t:|1779881613
|switch|p1a: Weezing|Weezing-Galar, M|96/100
|-ability|p1a: Weezing|Neutralizing Gas
|move|p2a: Basculegion|Flip Turn|p1a: Weezing
|-damage|p1a: Weezing|74/100
|
|t:|1779881621
|switch|p2a: Gliscor|Gliscor, F|81/100 tox|[from] Flip Turn
|-damage|p2a: Gliscor|68/100 tox|[from] Stealth Rock
|
|-damage|p2a: Gliscor|62/100 tox|[from] psn
|upkeep
|turn|22
|
|t:|1779881627
|-end|p1a: Weezing|ability: Neutralizing Gas
|switch|p1a: Skarmory|Skarmory, M|71/100
|-damage|p1a: Skarmory|59/100|[from] Stealth Rock
|move|p2a: Gliscor|Earthquake|p1a: Skarmory
|-immune|p1a: Skarmory
|
|-heal|p2a: Gliscor|75/100 tox|[from] ability: Poison Heal
|upkeep
|turn|23
|
|t:|1779881634
|move|p2a: Gliscor|Stealth Rock||[still]
|-fail|p2a: Gliscor
|move|p1a: Skarmory|Body Press|p2a: Gliscor
|-resisted|p2a: Gliscor
|-crit|p2a: Gliscor
|-damage|p2a: Gliscor|55/100 tox
|
|-heal|p2a: Gliscor|67/100 tox|[from] ability: Poison Heal
|upkeep
|turn|24
|
|t:|1779881639
|switch|p2a: Dragapult|Dragapult, F, shiny, tera:Dragon|100/100
|-damage|p2a: Dragapult|88/100|[from] Stealth Rock
|-damage|p2a: Dragapult|63/100|[from] Spikes
|move|p1a: Skarmory|Roost|p1a: Skarmory
|-heal|p1a: Skarmory|100/100
|-singleturn|p1a: Skarmory|move: Roost
|
|upkeep
|turn|25
|
|t:|1779881647
|switch|p1a: Weezing|Weezing-Galar, M|74/100
|-ability|p1a: Weezing|Neutralizing Gas
|move|p2a: Dragapult|U-turn|p1a: Weezing
|-resisted|p1a: Weezing
|-damage|p1a: Weezing|71/100
|
|t:|1779881654
|switch|p2a: Alomomola|Alomomola, F|81/100 tox|[from] U-turn
|-damage|p2a: Alomomola|69/100 tox|[from] Stealth Rock
|-damage|p2a: Alomomola|44/100 tox|[from] Spikes
|
|-heal|p2a: Alomomola|50/100 tox|[from] item: Leftovers
|-damage|p2a: Alomomola|44/100 tox|[from] psn
|upkeep
|turn|26
|
|t:|1779881662
|-end|p1a: Weezing|ability: Neutralizing Gas
|switch|p1a: Clodsire|Clodsire, F|56/100
|-damage|p1a: Clodsire|50/100|[from] Stealth Rock
|move|p2a: Alomomola|Wish|p2a: Alomomola
|
|-heal|p2a: Alomomola|50/100 tox|[from] item: Leftovers
|-damage|p2a: Alomomola|38/100 tox|[from] psn
|upkeep
|turn|27
|
|t:|1779881670
|move|p2a: Alomomola|Flip Turn|p1a: Clodsire
|-supereffective|p1a: Clodsire
|-damage|p1a: Clodsire|12/100
|
|t:|1779881675
|switch|p2a: Basculegion|Basculegion, M, shiny|1/100|[from] Flip Turn
|-damage|p2a: Basculegion|0 fnt|[from] Stealth Rock
|faint|p2a: Basculegion
|move|p1a: Clodsire|Recover|p1a: Clodsire
|-heal|p1a: Clodsire|62/100
|
|upkeep
|
|t:|1779881684
|switch|p2a: Flapple|Flapple, M, shiny|72/100
|-damage|p2a: Flapple|59/100|[from] Stealth Rock
|-damage|p2a: Flapple|34/100|[from] Spikes
|-activate|p2a: Flapple|ability: Ripen
|-enditem|p2a: Flapple|Sitrus Berry|[eat]
|-heal|p2a: Flapple|84/100|[from] item: Sitrus Berry
|turn|28
|
|t:|1779881688
|switch|p1a: Weezing|Weezing-Galar, M|71/100
|-ability|p1a: Weezing|Neutralizing Gas
|move|p2a: Flapple|Dragon Dance|p2a: Flapple
|-boost|p2a: Flapple|atk|1
|-boost|p2a: Flapple|spe|1
|
|upkeep
|turn|29
|inactive|Battle timer is ON: inactive players will automatically lose when time's up. (requested by jairaterle5050)
|
|t:|1779881696
|move|p2a: Flapple|Grav Apple|p1a: Weezing
|-resisted|p1a: Weezing
|-damage|p1a: Weezing|52/100
|-unboost|p1a: Weezing|def|1
|move|p1a: Weezing|Sludge Bomb|p2a: Flapple
|-supereffective|p2a: Flapple
|-damage|p2a: Flapple|0 fnt
|faint|p2a: Flapple
|
|upkeep
|
|t:|1779881700
|switch|p2a: Dragapult|Dragapult, F, shiny, tera:Dragon|63/100
|-damage|p2a: Dragapult|51/100|[from] Stealth Rock
|-damage|p2a: Dragapult|26/100|[from] Spikes
|turn|30
|-message|emquangsocute forfeited.
|
|win|jairaterle5050
|raw|jairaterle5050's rating: 1184 &rarr; <strong>1206</strong><br />(+22 for winning)
|raw|emquangsocute's rating: 1143 &rarr; <strong>1121</strong><br />(-22 for losing)
|l|☆emquangsocute
|player|p2|
|l|☆jairaterle5050
|player|p1|
