|j|☆smallest banana
|j|☆sommeliersam
|t:|1779933362
|gametype|singles
|player|p1|smallest banana|101|1653
|player|p2|sommeliersam|2|1694
|gen|9
|tier|[Gen 9] OU
|rated|
|rule|HP Percentage Mod: HP is shown in percentages
|rule|Endless Battle Clause: Forcing endless battles is banned
|rule|Species Clause: Limit one of each Pokémon
|rule|OHKO Clause: OHKO moves are banned
|rule|Evasion Items Clause: Evasion items are banned
|rule|Evasion Moves Clause: Evasion moves are banned
|rule|Evasion Abilities Clause: Evasion abilities are banned
|rule|Sleep Moves Clause: Sleep-inducing moves are banned
|clearpoke
|poke|p1|Weezing-Galar, F|
|poke|p1|Alomomola, M|
|poke|p1|Iron Treads|
|poke|p1|Tornadus-Therian, M|
|poke|p1|Zamazenta-*|
|poke|p1|Lokix, M|
|poke|p2|Cloyster, M|
|poke|p2|Landorus-Therian, M|
|poke|p2|Kyurem|
|poke|p2|Kingambit, F|
|poke|p2|Iron Valiant|
|poke|p2|Iron Moth|
|teampreview
|inactive|Battle timer is ON: inactive players will automatically lose when time's up. (requested by smallest banana)
|
|t:|1779933387
|teamsize|p1|6
|teamsize|p2|6
|start
|switch|p1a: Tornadus|Tornadus-Therian, M|100/100
|switch|p2a: Cloyster|Cloyster, M|100/100
|turn|1
|
|t:|1779933390
|move|p1a: Tornadus|Knock Off|p2a: Cloyster
|-damage|p2a: Cloyster|84/100
|-enditem|p2a: Cloyster|Focus Sash|[from] move: Knock Off|[of] p1a: Tornadus
|move|p2a: Cloyster|Shell Smash|p2a: Cloyster
|-unboost|p2a: Cloyster|def|1
|-unboost|p2a: Cloyster|spd|1
|-boost|p2a: Cloyster|atk|2
|-boost|p2a: Cloyster|spa|2
|-boost|p2a: Cloyster|spe|2
|
|upkeep
|turn|2
|
|t:|1779933394
|switch|p1a: Alomomola|Alomomola, M|100/100
|move|p2a: Cloyster|Icicle Spear|p1a: Alomomola
|-resisted|p1a: Alomomola
|-damage|p1a: Alomomola|94/100
|-resisted|p1a: Alomomola
|-damage|p1a: Alomomola|87/100
|-resisted|p1a: Alomomola
|-damage|p1a: Alomomola|80/100
|-resisted|p1a: Alomomola
|-damage|p1a: Alomomola|73/100
|-resisted|p1a: Alomomola
|-damage|p1a: Alomomola|66/100
|-hitcount|p1a: Alomomola|5
|
|upkeep
|turn|3
|
|t:|1779933406
|move|p2a: Cloyster|Icicle Spear|p1a: Alomomola
|-resisted|p1a: Alomomola
|-damage|p1a: Alomomola|59/100
|-resisted|p1a: Alomomola
|-damage|p1a: Alomomola|52/100
|-resisted|p1a: Alomomola
|-damage|p1a: Alomomola|45/100
|-resisted|p1a: Alomomola
|-damage|p1a: Alomomola|38/100
|-resisted|p1a: Alomomola
|-damage|p1a: Alomomola|30/100
|-hitcount|p1a: Alomomola|5
|move|p1a: Alomomola|Flip Turn|p2a: Cloyster
|-resisted|p2a: Cloyster
|-damage|p2a: Cloyster|74/100
|
|t:|1779933408
|switch|p1a: Lokix|Lokix, M|100/100|[from] Flip Turn
|
|upkeep
|turn|4
|
|t:|1779933411
|switch|p2a: Landorus|Landorus-Therian, M|100/100
|-ability|p2a: Landorus|Intimidate|boost
|-unboost|p1a: Lokix|atk|1
|move|p1a: Lokix|First Impression|p2a: Landorus
|-resisted|p2a: Landorus
|-damage|p2a: Landorus|45/100
|-damage|p1a: Lokix|84/100|[from] item: Rocky Helmet|[of] p2a: Landorus
|
|upkeep
|turn|5
|
|t:|1779933421
|switch|p1a: Tornadus|Tornadus-Therian, M|100/100
|move|p2a: Landorus|Stealth Rock|p1a: Tornadus
|-sidestart|p1: smallest banana|move: Stealth Rock
|
|upkeep
|turn|6
|
|t:|1779933432
|move|p1a: Tornadus|Bleakwind Storm|p2a: Landorus
|-damage|p2a: Landorus|0 fnt
|faint|p2a: Landorus
|
|upkeep
|
|t:|1779933438
|switch|p2a: Kyurem|Kyurem|100/100
|-ability|p2a: Kyurem|Pressure
|turn|7
|
|t:|1779933442
|move|p1a: Tornadus|U-turn|p2a: Kyurem
|-damage|p2a: Kyurem|86/100
|
|t:|1779933469
|switch|p1a: Zamazenta|Zamazenta|100/100|[from] U-turn
|-damage|p1a: Zamazenta|94/100|[from] Stealth Rock
|-ability|p1a: Zamazenta|Dauntless Shield|boost
|-boost|p1a: Zamazenta|def|1
|move|p2a: Kyurem|Scale Shot|p1a: Zamazenta
|-damage|p1a: Zamazenta|86/100
|-damage|p1a: Zamazenta|78/100
|-crit|p1a: Zamazenta
|-damage|p1a: Zamazenta|62/100
|-damage|p1a: Zamazenta|53/100
|-damage|p1a: Zamazenta|46/100
|-hitcount|p1a: Zamazenta|5
|-unboost|p2a: Kyurem|def|1
|-boost|p2a: Kyurem|spe|1
|
|upkeep
|turn|8
|j| nesnot
|l| nesnot
|inactive|smallest banana has 120 seconds left.
|
|t:|1779933489
|switch|p2a: Cloyster|Cloyster, M|74/100
|move|p1a: Zamazenta|Close Combat|p2a: Cloyster
|-supereffective|p2a: Cloyster
|-damage|p2a: Cloyster|0 fnt
|-unboost|p1a: Zamazenta|def|1
|-unboost|p1a: Zamazenta|spd|1
|faint|p2a: Cloyster
|
|upkeep
|
|t:|1779933501
|switch|p2a: Iron Valiant|Iron Valiant|100/100
|-enditem|p2a: Iron Valiant|Booster Energy
|-activate|p2a: Iron Valiant|ability: Quark Drive|[fromitem]
|-start|p2a: Iron Valiant|quarkdrivespe
|turn|9
|inactive|smallest banana has 120 seconds left.
|
|t:|1779933517
|switch|p1a: Tornadus|Tornadus-Therian, M|100/100
|-damage|p1a: Tornadus|76/100|[from] Stealth Rock
|move|p2a: Iron Valiant|Calm Mind|p2a: Iron Valiant
|-boost|p2a: Iron Valiant|spa|1
|-boost|p2a: Iron Valiant|spd|1
|
|upkeep
|turn|10
|inactive|smallest banana has 120 seconds left.
|
|t:|1779933537
|move|p2a: Iron Valiant|Moonblast|p1a: Tornadus
|-damage|p1a: Tornadus|26/100
|-unboost|p1a: Tornadus|spa|1
|move|p1a: Tornadus|Bleakwind Storm|p2a: Iron Valiant
|-supereffective|p2a: Iron Valiant
|-damage|p2a: Iron Valiant|46/100
|
|upkeep
|turn|11
|inactive|smallest banana has 120 seconds left.
|
|t:|1779933554
|switch|p1a: Weezing|Weezing-Galar, F|100/100
|-ability|p1a: Weezing|Neutralizing Gas
|-damage|p1a: Weezing|88/100|[from] Stealth Rock
|move|p2a: Iron Valiant|Shadow Ball|p1a: Weezing
|-damage|p1a: Weezing|30/100
|
|-heal|p1a: Weezing|36/100|[from] item: Leftovers
|upkeep
|turn|12
|
|t:|1779933561
|move|p2a: Iron Valiant|Shadow Ball|p1a: Weezing
|-damage|p1a: Weezing|0 fnt
|faint|p1a: Weezing
|-end|p1a: Weezing|ability: Neutralizing Gas
|
|upkeep
|
|t:|1779933570
|switch|p1a: Lokix|Lokix, M|84/100
|-damage|p1a: Lokix|59/100|[from] Stealth Rock
|turn|13
|j| FaronAan
|
|t:|1779933574
|-terastallize|p1a: Lokix|Bug
|move|p1a: Lokix|First Impression|p2a: Iron Valiant
|-resisted|p2a: Iron Valiant
|-crit|p2a: Iron Valiant
|-damage|p2a: Iron Valiant|0 fnt
|faint|p2a: Iron Valiant
|-end|p2a: Iron Valiant|Quark Drive|[silent]
|
|upkeep
|
|t:|1779933587
|switch|p2a: Kingambit|Kingambit, F|100/100
|-activate|p2a: Kingambit|ability: Supreme Overlord
|-start|p2a: Kingambit|fallen3|[silent]
|turn|14
|
|t:|1779933593
|switch|p1a: Alomomola|Alomomola, M|64/100
|-damage|p1a: Alomomola|51/100|[from] Stealth Rock
|move|p2a: Kingambit|Swords Dance|p2a: Kingambit
|-boost|p2a: Kingambit|atk|2
|
|upkeep
|turn|15
|
|t:|1779933599
|move|p2a: Kingambit|Kowtow Cleave|p1a: Alomomola
|-damage|p1a: Alomomola|0 fnt
|-damage|p2a: Kingambit|84/100|[from] item: Rocky Helmet|[of] p1a: Alomomola
|faint|p1a: Alomomola
|
|upkeep
|
|t:|1779933601
|switch|p1a: Zamazenta|Zamazenta|46/100
|-damage|p1a: Zamazenta|40/100|[from] Stealth Rock
|turn|16
|
|t:|1779933618
|-terastallize|p2a: Kingambit|Dark
|move|p2a: Kingambit|Sucker Punch|p1a: Zamazenta
|-resisted|p1a: Zamazenta
|-damage|p1a: Zamazenta|0 fnt
|faint|p1a: Zamazenta
|
|upkeep
|
|t:|1779933621
|switch|p1a: Lokix|Lokix, M, tera:Bug|59/100
|-damage|p1a: Lokix|34/100|[from] Stealth Rock
|turn|17
|
|t:|1779933632
|-end|p2a: Kingambit|fallen3|[silent]
|switch|p2a: Kyurem|Kyurem|86/100
|-ability|p2a: Kyurem|Pressure
|move|p1a: Lokix|First Impression|p2a: Kyurem
|-crit|p2a: Kyurem
|-damage|p2a: Kyurem|0 fnt
|faint|p2a: Kyurem
|
|upkeep
|
|t:|1779933639
|switch|p2a: Iron Moth|Iron Moth|100/100
|-enditem|p2a: Iron Moth|Booster Energy
|-activate|p2a: Iron Moth|ability: Quark Drive|[fromitem]
|-start|p2a: Iron Moth|quarkdrivespa
|turn|18
|
|t:|1779933647
|switch|p1a: Tornadus|Tornadus-Therian, M|60/100
|-damage|p1a: Tornadus|35/100|[from] Stealth Rock
|move|p2a: Iron Moth|Agility|p2a: Iron Moth
|-boost|p2a: Iron Moth|spe|2
|
|upkeep
|turn|19
|
|t:|1779933652
|move|p2a: Iron Moth|Sludge Wave|p1a: Tornadus
|-damage|p1a: Tornadus|0 fnt
|faint|p1a: Tornadus
|
|upkeep
|
|t:|1779933662
|switch|p1a: Iron Treads|Iron Treads|100/100
|-damage|p1a: Iron Treads|97/100|[from] Stealth Rock
|turn|20
|
|t:|1779933664
|move|p2a: Iron Moth|Fiery Dance|p1a: Iron Treads
|-supereffective|p1a: Iron Treads
|-damage|p1a: Iron Treads|0 fnt
|-boost|p2a: Iron Moth|spa|1
|faint|p1a: Iron Treads
|-end|p1a: Iron Treads|Quark Drive|[silent]
|
|upkeep
|l| FaronAan
|
|t:|1779933674
|switch|p1a: Lokix|Lokix, M, tera:Bug|34/100
|-damage|p1a: Lokix|10/100|[from] Stealth Rock
|turn|21
|
|t:|1779933678
|move|p1a: Lokix|First Impression|p2a: Iron Moth
|-resisted|p2a: Iron Moth
|-damage|p2a: Iron Moth|29/100
|move|p2a: Iron Moth|Fiery Dance|p1a: Lokix
|-supereffective|p1a: Lokix
|-crit|p1a: Lokix
|-damage|p1a: Lokix|0 fnt
|faint|p1a: Lokix
|
|win|sommeliersam
|raw|smallest banana's rating: 1653 &rarr; <strong>1635</strong><br />(-18 for losing)
|raw|sommeliersam's rating: 1694 &rarr; <strong>1712</strong><br />(+18 for winning)
|l|☆sommeliersam
|player|p2|
|l|☆smallest banana
|player|p1|
