|j|☆Dainn24
|j|☆claudechamp
|t:|1779887900
|gametype|singles
|player|p1|Dainn24|102|1239
|player|p2|claudechamp|169|1211
|gen|9
|tier|[Gen 9] OU
|rated|
|rule|HP Percentage Mod: HP is shown in percentages
|rule|Endless Battle Clause: Forcing endless battles is banned
|rule|Species Clause: Limit one of each Pokémon
|rule|OHKO Clause: OHKO moves are banned
|rule|Evasion Items Clause: Evasion items are banned
|rule|Evasion Moves Clause: Evasion moves are banned
|rule|Evasion Abilities Clause: Evasion abilities are banned
|rule|Sleep Moves Clause: Sleep-inducing moves are banned
|clearpoke
|poke|p1|Samurott-Hisui, F|
|poke|p1|Slowking-Galar, F|
|poke|p1|Hydreigon, F|
|poke|p1|Great Tusk|
|poke|p1|Iron Valiant|
|poke|p1|Gholdengo|
|poke|p2|Corviknight, F|
|poke|p2|Ting-Lu|
|poke|p2|Kyurem|
|poke|p2|Dondozo, M|
|poke|p2|Slowking-Galar, M|
|poke|p2|Cinderace, F|
|teampreview
|c|☆claudechamp|hf
|inactive|Battle timer is ON: inactive players will automatically lose when time's up. (requested by claudechamp)
|
|t:|1779887917
|teamsize|p1|6
|teamsize|p2|6
|start
|switch|p1a: Samurott|Samurott-Hisui, F|100/100
|switch|p2a: Cinderace|Cinderace, F|100/100
|turn|1
|
|t:|1779887928
|move|p1a: Samurott|Aqua Jet|p2a: Cinderace
|-supereffective|p2a: Cinderace
|-damage|p2a: Cinderace|36/100
|move|p2a: Cinderace|Pyro Ball|p1a: Samurott
|-resisted|p1a: Samurott
|-damage|p1a: Samurott|72/100
|
|upkeep
|turn|2
|
|t:|1779887935
|switch|p2a: Kyurem|Kyurem|100/100
|-ability|p2a: Kyurem|Pressure
|move|p1a: Samurott|Aqua Jet|p2a: Kyurem
|-resisted|p2a: Kyurem
|-damage|p2a: Kyurem|89/100
|
|-heal|p2a: Kyurem|95/100|[from] item: Leftovers
|upkeep
|turn|3
|
|t:|1779887945
|switch|p1a: Slowking|Slowking-Galar, F|100/100
|move|p2a: Kyurem|Freeze-Dry|p1a: Slowking
|-damage|p1a: Slowking|78/100
|
|-heal|p2a: Kyurem|100/100|[from] item: Leftovers
|upkeep
|turn|4
|
|t:|1779887956
|move|p2a: Kyurem|Earth Power|p1a: Slowking
|-supereffective|p1a: Slowking
|-damage|p1a: Slowking|38/100
|move|p1a: Slowking|Thunder Wave|p2a: Kyurem|[miss]
|-miss|p1a: Slowking|p2a: Kyurem
|
|upkeep
|turn|5
|
|t:|1779887965
|switch|p1a: Hydreigon|Hydreigon, F|100/100
|move|p2a: Kyurem|Freeze-Dry|p1a: Hydreigon
|-supereffective|p1a: Hydreigon
|-damage|p1a: Hydreigon|21/100
|
|upkeep
|turn|6
|
|t:|1779887974
|-terastallize|p2a: Kyurem|Ground
|move|p1a: Hydreigon|Draco Meteor|p2a: Kyurem
|-damage|p2a: Kyurem|43/100
|-unboost|p1a: Hydreigon|spa|2
|move|p2a: Kyurem|Earth Power|p1a: Hydreigon
|-immune|p1a: Hydreigon|[from] ability: Levitate
|
|-heal|p2a: Kyurem|49/100|[from] item: Leftovers
|upkeep
|turn|7
|
|t:|1779887995
|switch|p1a: Slowking|Slowking-Galar, F|72/100
|move|p2a: Kyurem|Freeze-Dry|p1a: Slowking
|-damage|p1a: Slowking|50/100
|
|-heal|p2a: Kyurem|55/100|[from] item: Leftovers
|upkeep
|turn|8
|
|t:|1779888006
|switch|p1a: Samurott|Samurott-Hisui, F|72/100
|move|p2a: Kyurem|Freeze-Dry|p1a: Samurott
|-supereffective|p1a: Samurott
|-damage|p1a: Samurott|0 fnt
|faint|p1a: Samurott
|
|-heal|p2a: Kyurem|61/100|[from] item: Leftovers
|upkeep
|
|t:|1779888018
|switch|p1a: Great Tusk|Great Tusk|100/100
|turn|9
|
|t:|1779888025
|move|p2a: Kyurem|Freeze-Dry|p1a: Great Tusk
|-supereffective|p1a: Great Tusk
|-damage|p1a: Great Tusk|6/100
|move|p1a: Great Tusk|Ice Spinner|p2a: Kyurem
|-supereffective|p2a: Kyurem
|-damage|p2a: Kyurem|16/100
|
|-heal|p2a: Kyurem|22/100|[from] item: Leftovers
|-heal|p1a: Great Tusk|12/100|[from] item: Leftovers
|upkeep
|turn|10
|
|t:|1779888036
|-end|p1a: Great Tusk|Protosynthesis|[silent]
|switch|p1a: Slowking|Slowking-Galar, F|84/100
|move|p2a: Kyurem|Earth Power|p1a: Slowking
|-supereffective|p1a: Slowking
|-damage|p1a: Slowking|21/100
|-unboost|p1a: Slowking|spd|1
|
|-heal|p2a: Kyurem|28/100|[from] item: Leftovers
|upkeep
|turn|11
|
|t:|1779888049
|move|p2a: Kyurem|Freeze-Dry|p1a: Slowking
|-damage|p1a: Slowking|0 fnt
|faint|p1a: Slowking
|
|-heal|p2a: Kyurem|35/100|[from] item: Leftovers
|upkeep
|
|t:|1779888056
|switch|p1a: Hydreigon|Hydreigon, F|21/100
|turn|12
|
|t:|1779888064
|switch|p2a: Ting-Lu|Ting-Lu|100/100
|-ability|p2a: Ting-Lu|Vessel of Ruin
|move|p1a: Hydreigon|Dark Pulse|p2a: Ting-Lu
|-resisted|p2a: Ting-Lu
|-damage|p2a: Ting-Lu|91/100
|
|-heal|p2a: Ting-Lu|98/100|[from] item: Leftovers
|upkeep
|turn|13
|
|t:|1779888075
|switch|p1a: Great Tusk|Great Tusk|12/100
|move|p2a: Ting-Lu|Payback|p1a: Great Tusk
|-resisted|p1a: Great Tusk
|-damage|p1a: Great Tusk|7/100
|
|-heal|p1a: Great Tusk|13/100|[from] item: Leftovers
|-heal|p2a: Ting-Lu|100/100|[from] item: Leftovers
|upkeep
|turn|14
|
|t:|1779888087
|move|p1a: Great Tusk|Ice Spinner|p2a: Ting-Lu
|-supereffective|p2a: Ting-Lu
|-damage|p2a: Ting-Lu|74/100
|move|p2a: Ting-Lu|Earthquake|p1a: Great Tusk
|-damage|p1a: Great Tusk|0 fnt
|faint|p1a: Great Tusk
|-end|p1a: Great Tusk|Protosynthesis|[silent]
|
|-heal|p2a: Ting-Lu|80/100|[from] item: Leftovers
|upkeep
|
|t:|1779888097
|switch|p1a: Iron Valiant|Iron Valiant|100/100
|-enditem|p1a: Iron Valiant|Booster Energy
|-activate|p1a: Iron Valiant|ability: Quark Drive|[fromitem]
|-start|p1a: Iron Valiant|quarkdrivespe
|turn|15
|
|t:|1779888112
|move|p1a: Iron Valiant|Swords Dance|p1a: Iron Valiant
|-boost|p1a: Iron Valiant|atk|2
|move|p2a: Ting-Lu|Earthquake|p1a: Iron Valiant
|-damage|p1a: Iron Valiant|51/100
|
|-heal|p2a: Ting-Lu|86/100|[from] item: Leftovers
|upkeep
|turn|16
|
|t:|1779888131
|switch|p2a: Dondozo|Dondozo, M|100/100
|move|p1a: Iron Valiant|Close Combat|p2a: Dondozo
|-damage|p2a: Dondozo|63/100
|-unboost|p1a: Iron Valiant|def|1
|-unboost|p1a: Iron Valiant|spd|1
|
|-heal|p2a: Dondozo|69/100|[from] item: Leftovers
|upkeep
|turn|17
|
|t:|1779888143
|move|p1a: Iron Valiant|Knock Off|p2a: Dondozo
|-damage|p2a: Dondozo|47/100
|-enditem|p2a: Dondozo|Leftovers|[from] move: Knock Off|[of] p1a: Iron Valiant
|move|p2a: Dondozo|Waterfall|p1a: Iron Valiant
|-damage|p1a: Iron Valiant|13/100
|
|upkeep
|turn|18
|
|t:|1779888155
|move|p1a: Iron Valiant|Close Combat|p2a: Dondozo
|-damage|p2a: Dondozo|12/100
|-unboost|p1a: Iron Valiant|def|1
|-unboost|p1a: Iron Valiant|spd|1
|move|p2a: Dondozo|Waterfall|p1a: Iron Valiant
|-damage|p1a: Iron Valiant|0 fnt
|faint|p1a: Iron Valiant
|-end|p1a: Iron Valiant|Quark Drive|[silent]
|
|upkeep
|
|t:|1779888165
|switch|p1a: Hydreigon|Hydreigon, F|21/100
|turn|19
|
|t:|1779888179
|switch|p2a: Ting-Lu|Ting-Lu|86/100
|-ability|p2a: Ting-Lu|Vessel of Ruin
|move|p1a: Hydreigon|Flash Cannon|p2a: Ting-Lu
|-damage|p2a: Ting-Lu|75/100
|
|-heal|p2a: Ting-Lu|82/100|[from] item: Leftovers
|upkeep
|turn|20
|-message|Dainn24 forfeited.
|
|win|claudechamp
|raw|Dainn24's rating: 1239 &rarr; <strong>1212</strong><br />(-27 for losing)
|raw|claudechamp's rating: 1211 &rarr; <strong>1238</strong><br />(+27 for winning)
|l|☆Dainn24
|player|p1|
|c|☆claudechamp|gg
