|j|☆KingNothing_32
|j|☆taikenlest
|t:|1779942251
|gametype|singles
|player|p1|KingNothing_32|colress|1356
|player|p2|taikenlest|psychic|1287
|gen|9
|tier|[Gen 9] OU
|rated|
|rule|HP Percentage Mod: HP is shown in percentages
|rule|Endless Battle Clause: Forcing endless battles is banned
|rule|Species Clause: Limit one of each Pokémon
|rule|OHKO Clause: OHKO moves are banned
|rule|Evasion Items Clause: Evasion items are banned
|rule|Evasion Moves Clause: Evasion moves are banned
|rule|Evasion Abilities Clause: Evasion abilities are banned
|rule|Sleep Moves Clause: Sleep-inducing moves are banned
|clearpoke
|poke|p1|Pelipper, F|
|poke|p1|Hatterene, F|
|poke|p1|Iron Treads|
|poke|p1|Toxicroak, M|
|poke|p1|Barraskewda, M|
|poke|p1|Zapdos|
|poke|p2|Heatran, F|
|poke|p2|Dragapult, F|
|poke|p2|Rillaboom, F|
|poke|p2|Corviknight, F|
|poke|p2|Ting-Lu|
|poke|p2|Toxapex, F|
|teampreview
|inactive|Battle timer is ON: inactive players will automatically lose when time's up. (requested by taikenlest)
|
|t:|1779942291
|teamsize|p1|6
|teamsize|p2|6
|start
|switch|p1a: In The Name of God|Barraskewda, M, shiny|100/100
|switch|p2a: Dragapult|Dragapult, F|100/100
|turn|1
|
|t:|1779942301
|switch|p1a: bbygrl|Hatterene, F|100/100
|move|p2a: Dragapult|Draco Meteor|p1a: bbygrl
|-immune|p1a: bbygrl
|
|upkeep
|turn|2
|
|t:|1779942322
|switch|p2a: Toxapex|Toxapex, F|100/100
|-terastallize|p1a: bbygrl|Normal
|move|p1a: bbygrl|Nuzzle|p2a: Toxapex
|-supereffective|p2a: Toxapex
|-damage|p2a: Toxapex|95/100
|-status|p2a: Toxapex|par
|
|-heal|p2a: Toxapex|100/100 par|[from] item: Black Sludge
|upkeep
|turn|3
|
|t:|1779942339
|switch|p2a: Corviknight|Corviknight, F|100/100
|move|p1a: bbygrl|Psychic Noise|p2a: Corviknight
|-resisted|p2a: Corviknight
|-damage|p2a: Corviknight|86/100
|-start|p2a: Corviknight|move: Heal Block
|
|upkeep
|turn|4
|
|t:|1779942350
|switch|p2a: Ting-Lu|Ting-Lu|100/100
|-ability|p2a: Ting-Lu|Vessel of Ruin
|move|p1a: bbygrl|Nuzzle|p2a: Ting-Lu
|-immune|p2a: Ting-Lu
|
|upkeep
|turn|5
|
|t:|1779942361
|move|p1a: bbygrl|Draining Kiss|p2a: Ting-Lu
|-supereffective|p2a: Ting-Lu
|-damage|p2a: Ting-Lu|78/100
|move|p2a: Ting-Lu|Whirlwind|p1a: bbygrl
|move|p1a: bbygrl|Whirlwind|p2a: Ting-Lu|[from] ability: Magic Bounce
|drag|p2a: Toxapex|Toxapex, F|100/100 par
|
|upkeep
|turn|6
|inactive|taikenlest has 120 seconds left.
|
|t:|1779942400
|move|p1a: bbygrl|Psychic Noise|p2a: Toxapex
|-supereffective|p2a: Toxapex
|-damage|p2a: Toxapex|49/100 par
|-start|p2a: Toxapex|move: Heal Block
|cant|p2a: Toxapex|par
|
|upkeep
|turn|7
|
|t:|1779942411
|switch|p2a: Ting-Lu|Ting-Lu|78/100
|-ability|p2a: Ting-Lu|Vessel of Ruin
|move|p1a: bbygrl|Nuzzle|p2a: Ting-Lu
|-immune|p2a: Ting-Lu
|
|-heal|p2a: Ting-Lu|84/100|[from] item: Leftovers
|upkeep
|turn|8
|
|t:|1779942423
|switch|p2a: Corviknight|Corviknight, F|86/100
|move|p1a: bbygrl|Draining Kiss|p2a: Corviknight
|-resisted|p2a: Corviknight
|-damage|p2a: Corviknight|77/100
|-damage|p1a: bbygrl|84/100|[from] item: Rocky Helmet|[of] p2a: Corviknight
|
|upkeep
|turn|9
|
|t:|1779942430
|move|p2a: Corviknight|Body Press|p1a: bbygrl
|-supereffective|p1a: bbygrl
|-damage|p1a: bbygrl|36/100
|-enditem|p1a: bbygrl|Eject Button
|
|t:|1779942440
|switch|p1a: Freak'd Out|Zapdos|100/100
|
|upkeep
|turn|10
|
|t:|1779942454
|switch|p2a: Heatran|Heatran, F|100/100
|move|p1a: Freak'd Out|Volt Switch|p2a: Heatran
|-damage|p2a: Heatran|76/100
|
|t:|1779942458
|switch|p1a: the taste of water|Pelipper, F|100/100|[from] Volt Switch
|-weather|RainDance|[from] ability: Drizzle|[of] p1a: the taste of water
|
|-weather|RainDance|[upkeep]
|upkeep
|turn|11
|
|t:|1779942476
|switch|p2a: Toxapex|Toxapex, F|82/100 par
|move|p1a: the taste of water|Surf|p2a: Toxapex
|-resisted|p2a: Toxapex
|-damage|p2a: Toxapex|65/100 par
|
|-weather|RainDance|[upkeep]
|-heal|p2a: Toxapex|72/100 par|[from] item: Black Sludge
|upkeep
|turn|12
|
|t:|1779942498
|switch|p1a: bbygrl|Hatterene, F, tera:Normal|36/100
|move|p2a: Toxapex|Toxic|p1a: bbygrl
|move|p1a: bbygrl|Toxic||[from] ability: Magic Bounce|[still]
|-fail|p1a: bbygrl
|
|-weather|RainDance|[upkeep]
|-heal|p2a: Toxapex|78/100 par|[from] item: Black Sludge
|upkeep
|turn|13
|
|t:|1779942506
|switch|p2a: Rillaboom|Rillaboom, F|100/100
|-fieldstart|move: Grassy Terrain|[from] ability: Grassy Surge|[of] p2a: Rillaboom
|move|p1a: bbygrl|Psychic Noise|p2a: Rillaboom
|-damage|p2a: Rillaboom|54/100
|-start|p2a: Rillaboom|move: Heal Block
|
|-weather|RainDance|[upkeep]
|-heal|p1a: bbygrl|42/100|[from] Grassy Terrain
|upkeep
|turn|14
|inactive|KingNothing_32 has 120 seconds left.
|
|t:|1779942532
|switch|p1a: joyboy|Toxicroak, M|100/100
|-terastallize|p2a: Rillaboom|Grass
|move|p2a: Rillaboom|Grassy Glide|p1a: joyboy
|-resisted|p1a: joyboy
|-damage|p1a: joyboy|61/100
|-damage|p2a: Rillaboom|38/100|[from] item: Rocky Helmet|[of] p1a: joyboy
|
|-weather|RainDance|[upkeep]
|-heal|p1a: joyboy|74/100|[from] ability: Dry Skin
|-heal|p1a: joyboy|80/100|[from] Grassy Terrain
|-end|p2a: Rillaboom|move: Heal Block
|upkeep
|turn|15
|inactive|KingNothing_32 has 120 seconds left.
|
|t:|1779942559
|switch|p2a: Corviknight|Corviknight, F|77/100
|move|p1a: joyboy|Drain Punch|p2a: Corviknight
|-damage|p2a: Corviknight|58/100
|-heal|p1a: joyboy|90/100|[from] drain|[of] p2a: Corviknight
|-damage|p1a: joyboy|74/100|[from] item: Rocky Helmet|[of] p2a: Corviknight
|
|-weather|RainDance|[upkeep]
|-heal|p1a: joyboy|86/100|[from] ability: Dry Skin
|-heal|p1a: joyboy|92/100|[from] Grassy Terrain
|upkeep
|turn|16
|
|t:|1779942570
|move|p1a: joyboy|Knock Off|p2a: Corviknight
|-damage|p2a: Corviknight|44/100
|-damage|p1a: joyboy|76/100|[from] item: Rocky Helmet|[of] p2a: Corviknight
|-enditem|p2a: Corviknight|Rocky Helmet|[from] move: Knock Off|[of] p1a: joyboy
|move|p2a: Corviknight|Iron Defense|p2a: Corviknight
|-boost|p2a: Corviknight|def|2
|
|-weather|RainDance|[upkeep]
|-heal|p1a: joyboy|88/100|[from] ability: Dry Skin
|-heal|p1a: joyboy|95/100|[from] Grassy Terrain
|upkeep
|turn|17
|inactive|KingNothing_32 has 90 seconds left.
|
|t:|1779942600
|switch|p1a: Freak'd Out|Zapdos|100/100
|move|p2a: Corviknight|Roost|p2a: Corviknight
|-heal|p2a: Corviknight|94/100
|-singleturn|p2a: Corviknight|move: Roost
|
|-weather|none
|-heal|p2a: Corviknight|99/100|[from] Grassy Terrain
|-fieldend|move: Grassy Terrain
|upkeep
|turn|18
|inactive|KingNothing_32 has 90 seconds left.
|
|t:|1779942619
|switch|p2a: Toxapex|Toxapex, F|100/100 par
|move|p1a: Freak'd Out|Volt Switch|p2a: Toxapex
|-supereffective|p2a: Toxapex
|-damage|p2a: Toxapex|11/100 par
|
|t:|1779942630
|switch|p1a: In The Name of God|Barraskewda, M, shiny|100/100|[from] Volt Switch
|
|-heal|p2a: Toxapex|17/100 par|[from] item: Black Sludge
|upkeep
|turn|19
|
|t:|1779942637
|switch|p2a: Corviknight|Corviknight, F|99/100
|move|p1a: In The Name of God|Flip Turn|p2a: Corviknight
|-damage|p2a: Corviknight|70/100
|
|t:|1779942642
|switch|p1a: Freak'd Out|Zapdos|100/100|[from] Flip Turn
|
|upkeep
|turn|20
|inactive|KingNothing_32 has 90 seconds left.
|
|t:|1779942652
|switch|p2a: Ting-Lu|Ting-Lu|84/100
|-ability|p2a: Ting-Lu|Vessel of Ruin
|move|p1a: Freak'd Out|Volt Switch|p2a: Ting-Lu
|-immune|p2a: Ting-Lu
|
|-heal|p2a: Ting-Lu|91/100|[from] item: Leftovers
|upkeep
|turn|21
|inactive|KingNothing_32 has 90 seconds left.
|
|t:|1779942666
|switch|p1a: the taste of water|Pelipper, F|100/100
|-weather|RainDance|[from] ability: Drizzle|[of] p1a: the taste of water
|move|p2a: Ting-Lu|Stealth Rock|p1a: the taste of water
|-sidestart|p1: KingNothing_32|move: Stealth Rock
|
|-weather|RainDance|[upkeep]
|-heal|p2a: Ting-Lu|97/100|[from] item: Leftovers
|upkeep
|turn|22
|inactive|KingNothing_32 has 90 seconds left.
|
|t:|1779942680
|move|p2a: Ting-Lu|Payback|p1a: the taste of water
|-damage|p1a: the taste of water|82/100
|move|p1a: the taste of water|U-turn|p2a: Ting-Lu
|-supereffective|p2a: Ting-Lu
|-damage|p2a: Ting-Lu|88/100
|inactive|KingNothing_32 has 90 seconds left.
|
|t:|1779942689
|switch|p1a: In The Name of God|Barraskewda, M, shiny|100/100|[from] U-turn
|-damage|p1a: In The Name of God|88/100|[from] Stealth Rock
|
|-weather|RainDance|[upkeep]
|-heal|p2a: Ting-Lu|94/100|[from] item: Leftovers
|upkeep
|turn|23
|inactive|KingNothing_32 has 90 seconds left.
|
|t:|1779942703
|switch|p2a: Toxapex|Toxapex, F|50/100 par
|move|p1a: In The Name of God|Liquidation|p2a: Toxapex
|-resisted|p2a: Toxapex
|-damage|p2a: Toxapex|16/100 par
|
|-weather|RainDance|[upkeep]
|-heal|p2a: Toxapex|22/100 par|[from] item: Black Sludge
|upkeep
|turn|24
|
|t:|1779942714
|switch|p2a: Corviknight|Corviknight, F|70/100
|move|p1a: In The Name of God|Liquidation|p2a: Corviknight
|-damage|p2a: Corviknight|4/100
|
|-weather|RainDance|[upkeep]
|upkeep
|turn|25
|
|t:|1779942721
|move|p1a: In The Name of God|Liquidation|p2a: Corviknight
|-damage|p2a: Corviknight|0 fnt
|faint|p2a: Corviknight
|
|-weather|RainDance|[upkeep]
|upkeep
|
|t:|1779942724
|switch|p2a: Rillaboom|Rillaboom, F, tera:Grass|38/100
|-fieldstart|move: Grassy Terrain|[from] ability: Grassy Surge|[of] p2a: Rillaboom
|turn|26
|inactive|KingNothing_32 has 120 seconds left.
|
|t:|1779942731
|switch|p1a: joyboy|Toxicroak, M|95/100
|-damage|p1a: joyboy|88/100|[from] Stealth Rock
|switch|p2a: Dragapult|Dragapult, F|100/100
|
|-weather|RainDance|[upkeep]
|-heal|p1a: joyboy|100/100|[from] ability: Dry Skin
|upkeep
|turn|27
|inactive|KingNothing_32 has 120 seconds left.
|
|t:|1779942741
|move|p2a: Dragapult|Draco Meteor|p1a: joyboy
|-damage|p1a: joyboy|0 fnt
|-unboost|p2a: Dragapult|spa|2
|faint|p1a: joyboy
|
|-weather|RainDance|[upkeep]
|upkeep
|inactive|KingNothing_32 has 120 seconds left.
|
|t:|1779942748
|switch|p1a: In The Name of God|Barraskewda, M, shiny|88/100
|-damage|p1a: In The Name of God|76/100|[from] Stealth Rock
|turn|28
|inactive|KingNothing_32 has 120 seconds left.
|
|t:|1779942766
|switch|p1a: labomba|Iron Treads|100/100
|-damage|p1a: labomba|98/100|[from] Stealth Rock
|switch|p2a: Toxapex|Toxapex, F|55/100 par
|
|-weather|none
|-heal|p1a: labomba|100/100|[from] Grassy Terrain
|-heal|p2a: Toxapex|61/100 par|[from] Grassy Terrain
|-heal|p2a: Toxapex|68/100 par|[from] item: Black Sludge
|upkeep
|turn|29
|inactive|KingNothing_32 has 120 seconds left.
|
|t:|1779942781
|switch|p2a: Dragapult|Dragapult, F|100/100
|move|p1a: labomba|Earthquake|p2a: Dragapult
|-damage|p2a: Dragapult|73/100
|
|-heal|p2a: Dragapult|79/100|[from] Grassy Terrain
|upkeep
|turn|30
|inactive|KingNothing_32 has 120 seconds left.
|
|t:|1779942795
|move|p2a: Dragapult|Draco Meteor|p1a: labomba
|-resisted|p1a: labomba
|-damage|p1a: labomba|69/100
|-unboost|p2a: Dragapult|spa|2
|move|p1a: labomba|Volt Switch|p2a: Dragapult
|-resisted|p2a: Dragapult
|-damage|p2a: Dragapult|72/100
|inactive|KingNothing_32 has 120 seconds left.
|
|t:|1779942805
|-end|p1a: labomba|Quark Drive|[silent]
|switch|p1a: the taste of water|Pelipper, F|82/100|[from] Volt Switch
|-damage|p1a: the taste of water|57/100|[from] Stealth Rock
|-weather|RainDance|[from] ability: Drizzle|[of] p1a: the taste of water
|
|-weather|RainDance|[upkeep]
|-heal|p2a: Dragapult|78/100|[from] Grassy Terrain
|-fieldend|move: Grassy Terrain
|upkeep
|turn|31
|inactive|KingNothing_32 has 120 seconds left.
|
|t:|1779942817
|switch|p2a: Toxapex|Toxapex, F|100/100 par
|move|p1a: the taste of water|Hurricane|p2a: Toxapex
|-damage|p2a: Toxapex|71/100 par
|-start|p2a: Toxapex|confusion
|
|-weather|RainDance|[upkeep]
|-heal|p2a: Toxapex|77/100 par|[from] item: Black Sludge
|upkeep
|turn|32
|
|t:|1779942825
|move|p1a: the taste of water|Roost|p1a: the taste of water
|-heal|p1a: the taste of water|100/100
|-singleturn|p1a: the taste of water|move: Roost
|-activate|p2a: Toxapex|confusion
|cant|p2a: Toxapex|par
|
|-weather|RainDance|[upkeep]
|-heal|p2a: Toxapex|83/100 par|[from] item: Black Sludge
|upkeep
|turn|33
|
|t:|1779942836
|switch|p1a: labomba|Iron Treads|69/100
|-damage|p1a: labomba|66/100|[from] Stealth Rock
|-end|p2a: Toxapex|confusion
|cant|p2a: Toxapex|par
|
|-weather|RainDance|[upkeep]
|-heal|p1a: labomba|72/100|[from] item: Leftovers
|-heal|p2a: Toxapex|90/100 par|[from] item: Black Sludge
|upkeep
|turn|34
|
|t:|1779942846
|move|p1a: labomba|Earthquake|p2a: Toxapex
|-supereffective|p2a: Toxapex
|-damage|p2a: Toxapex|44/100 par
|move|p2a: Toxapex|Surf|p1a: labomba
|-supereffective|p1a: labomba
|-damage|p1a: labomba|30/100
|
|-weather|RainDance|[upkeep]
|-heal|p1a: labomba|36/100|[from] item: Leftovers
|-heal|p2a: Toxapex|50/100 par|[from] item: Black Sludge
|upkeep
|turn|35
|
|t:|1779942856
|switch|p2a: Ting-Lu|Ting-Lu|94/100
|-ability|p2a: Ting-Lu|Vessel of Ruin
|move|p1a: labomba|Earthquake|p2a: Ting-Lu
|-damage|p2a: Ting-Lu|76/100
|
|-weather|RainDance|[upkeep]
|-heal|p1a: labomba|42/100|[from] item: Leftovers
|-heal|p2a: Ting-Lu|82/100|[from] item: Leftovers
|upkeep
|turn|36
|
|t:|1779942876
|move|p1a: labomba|Rapid Spin|p2a: Ting-Lu
|-damage|p2a: Ting-Lu|76/100
|-boost|p1a: labomba|spe|1
|-sideend|p1: KingNothing_32|Stealth Rock|[from] move: Rapid Spin|[of] p1a: labomba
|move|p2a: Ting-Lu|Earthquake|p1a: labomba
|-supereffective|p1a: labomba
|-damage|p1a: labomba|0 fnt
|faint|p1a: labomba
|-end|p1a: labomba|Quark Drive|[silent]
|
|-weather|RainDance|[upkeep]
|-heal|p2a: Ting-Lu|82/100|[from] item: Leftovers
|upkeep
|inactive|KingNothing_32 has 120 seconds left.
|
|t:|1779942898
|switch|p1a: In The Name of God|Barraskewda, M, shiny|76/100
|turn|37
|inactive|KingNothing_32 has 120 seconds left.
|
|t:|1779942913
|switch|p2a: Toxapex|Toxapex, F|84/100 par
|move|p1a: In The Name of God|Liquidation|p2a: Toxapex
|-resisted|p2a: Toxapex
|-damage|p2a: Toxapex|51/100 par
|-unboost|p2a: Toxapex|def|1
|
|-weather|none
|-heal|p2a: Toxapex|57/100 par|[from] item: Black Sludge
|upkeep
|turn|38
|inactive|KingNothing_32 has 120 seconds left.
|inactive|taikenlest has 120 seconds left.
|
|t:|1779942943
|move|p1a: In The Name of God|Liquidation|p2a: Toxapex
|-resisted|p2a: Toxapex
|-damage|p2a: Toxapex|22/100 par
|move|p2a: Toxapex|Toxic|p1a: In The Name of God
|-status|p1a: In The Name of God|tox
|
|-heal|p2a: Toxapex|28/100 par|[from] item: Black Sludge
|-damage|p1a: In The Name of God|70/100 tox|[from] psn
|upkeep
|turn|39
|inactive|taikenlest has 120 seconds left.
|
|t:|1779942957
|switch|p2a: Heatran|Heatran, F|76/100
|move|p1a: In The Name of God|Liquidation|p2a: Heatran
|-supereffective|p2a: Heatran
|-damage|p2a: Heatran|0 fnt
|faint|p2a: Heatran
|
|-damage|p1a: In The Name of God|58/100 tox|[from] psn
|upkeep
|inactive|taikenlest has 120 seconds left.
|
|t:|1779942967
|switch|p2a: Dragapult|Dragapult, F|78/100
|turn|40
|
|t:|1779942981
|switch|p1a: the taste of water|Pelipper, F|100/100
|-weather|RainDance|[from] ability: Drizzle|[of] p1a: the taste of water
|move|p2a: Dragapult|U-turn|p1a: the taste of water
|-resisted|p1a: the taste of water
|-damage|p1a: the taste of water|92/100
|inactive|taikenlest has 120 seconds left.
|
|t:|1779942996
|switch|p2a: Rillaboom|Rillaboom, F, tera:Grass|38/100|[from] U-turn
|-fieldstart|move: Grassy Terrain|[from] ability: Grassy Surge|[of] p2a: Rillaboom
|
|-weather|RainDance|[upkeep]
|-heal|p2a: Rillaboom|44/100|[from] Grassy Terrain
|upkeep
|turn|41
|inactive|taikenlest has 120 seconds left.
|
|t:|1779943021
|move|p2a: Rillaboom|U-turn|p1a: the taste of water
|-resisted|p1a: the taste of water
|-damage|p1a: the taste of water|73/100
|
|t:|1779943024
|switch|p2a: Dragapult|Dragapult, F|78/100|[from] U-turn
|move|p1a: the taste of water|Hurricane|p2a: Dragapult
|-damage|p2a: Dragapult|30/100
|
|-weather|RainDance|[upkeep]
|-heal|p2a: Dragapult|36/100|[from] Grassy Terrain
|upkeep
|turn|42
|
|t:|1779943038
|switch|p1a: bbygrl|Hatterene, F, tera:Normal|42/100
|move|p2a: Dragapult|Draco Meteor|p1a: bbygrl
|-damage|p1a: bbygrl|0 fnt
|-unboost|p2a: Dragapult|spa|2
|faint|p1a: bbygrl
|
|-weather|RainDance|[upkeep]
|-heal|p2a: Dragapult|42/100|[from] Grassy Terrain
|upkeep
|
|t:|1779943041
|switch|p1a: In The Name of God|Barraskewda, M, shiny|58/100 tox
|turn|43
|
|t:|1779943048
|switch|p2a: Toxapex|Toxapex, F|61/100 par
|move|p1a: In The Name of God|Liquidation|p2a: Toxapex
|-resisted|p2a: Toxapex
|-damage|p2a: Toxapex|29/100 par
|
|-weather|RainDance|[upkeep]
|-heal|p1a: In The Name of God|64/100 tox|[from] Grassy Terrain
|-heal|p2a: Toxapex|35/100 par|[from] Grassy Terrain
|-heal|p2a: Toxapex|41/100 par|[from] item: Black Sludge
|-damage|p1a: In The Name of God|58/100 tox|[from] psn
|upkeep
|turn|44
|
|t:|1779943056
|move|p1a: In The Name of God|Liquidation|p2a: Toxapex
|-resisted|p2a: Toxapex
|-damage|p2a: Toxapex|9/100 par
|move|p2a: Toxapex|Recover|p2a: Toxapex
|-heal|p2a: Toxapex|59/100 par
|
|-weather|RainDance|[upkeep]
|-heal|p1a: In The Name of God|64/100 tox|[from] Grassy Terrain
|-heal|p2a: Toxapex|65/100 par|[from] Grassy Terrain
|-heal|p2a: Toxapex|71/100 par|[from] item: Black Sludge
|-damage|p1a: In The Name of God|52/100 tox|[from] psn
|-fieldend|move: Grassy Terrain
|upkeep
|turn|45
|
|t:|1779943068
|switch|p1a: Freak'd Out|Zapdos|100/100
|move|p2a: Toxapex|Surf|p1a: Freak'd Out
|-damage|p1a: Freak'd Out|67/100
|
|-weather|RainDance|[upkeep]
|-heal|p2a: Toxapex|77/100 par|[from] item: Black Sludge
|upkeep
|turn|46
|
|t:|1779943093
|move|p1a: Freak'd Out|Thunder|p2a: Toxapex
|-supereffective|p2a: Toxapex
|-damage|p2a: Toxapex|0 fnt
|faint|p2a: Toxapex
|
|-weather|RainDance|[upkeep]
|upkeep
|c|☆KingNothing_32|!dt propeller tail
|c|☆KingNothing_32|/raw <ul class="utilichart"><li class="result"><span class="col namecol"><a href="https://dex.pokemonshowdown.com/abilities/propellertail">Propeller Tail</a></span> <span class="col abilitydesccol">This Pokemon's moves cannot be redirected to a different target by any effect.</span> </li><li style="clear:both"></li></ul>
|c|☆KingNothing_32|/raw <font size="1"><font color="#686868">Gen:</font> 8</font>

|
|t:|1779943115
|switch|p2a: Dragapult|Dragapult, F|42/100
|turn|47
|
|t:|1779943127
|move|p2a: Dragapult|Shadow Ball|p1a: Freak'd Out
|-damage|p1a: Freak'd Out|8/100
|move|p1a: Freak'd Out|Thunder|p2a: Dragapult
|-resisted|p2a: Dragapult
|-damage|p2a: Dragapult|0 fnt
|faint|p2a: Dragapult
|
|-weather|none
|upkeep
|
|t:|1779943134
|switch|p2a: Rillaboom|Rillaboom, F, tera:Grass|44/100
|-fieldstart|move: Grassy Terrain|[from] ability: Grassy Surge|[of] p2a: Rillaboom
|turn|48
|
|t:|1779943140
|switch|p1a: the taste of water|Pelipper, F|73/100
|-weather|RainDance|[from] ability: Drizzle|[of] p1a: the taste of water
|move|p2a: Rillaboom|Grassy Glide|p1a: the taste of water
|-damage|p1a: the taste of water|0 fnt
|faint|p1a: the taste of water
|
|-weather|RainDance|[upkeep]
|-heal|p2a: Rillaboom|50/100|[from] Grassy Terrain
|upkeep
|
|t:|1779943164
|switch|p1a: Freak'd Out|Zapdos|8/100
|turn|49
|
|t:|1779943190
|move|p2a: Rillaboom|Grassy Glide|p1a: Freak'd Out
|-resisted|p1a: Freak'd Out
|-damage|p1a: Freak'd Out|0 fnt
|-status|p2a: Rillaboom|par|[from] ability: Static|[of] p1a: Freak'd Out
|faint|p1a: Freak'd Out
|
|-weather|RainDance|[upkeep]
|-heal|p2a: Rillaboom|57/100 par|[from] Grassy Terrain
|upkeep
|
|t:|1779943194
|switch|p1a: In The Name of God|Barraskewda, M, shiny|52/100 tox
|turn|50
|
|t:|1779943204
|move|p2a: Rillaboom|Grassy Glide|p1a: In The Name of God
|-supereffective|p1a: In The Name of God
|-damage|p1a: In The Name of God|0 fnt
|faint|p1a: In The Name of God
|
|win|taikenlest
|raw|KingNothing_32's rating: 1356 &rarr; <strong>1332</strong><br />(-24 for losing)
|raw|taikenlest's rating: 1287 &rarr; <strong>1317</strong><br />(+30 for winning)
|c|☆KingNothing_32|gg homie
|c|☆taikenlest|Gg
|l|☆KingNothing_32
|player|p1|
|l|☆taikenlest
|player|p2|
