|j|☆slowlyfadingaway
|j|☆viutil
|t:|1779878251
|gametype|singles
|player|p1|slowlyfadingaway|veteran|1327
|player|p2|viutil|170|1381
|gen|9
|tier|[Gen 9] OU
|rated|
|rule|HP Percentage Mod: HP is shown in percentages
|rule|Endless Battle Clause: Forcing endless battles is banned
|rule|Species Clause: Limit one of each Pokémon
|rule|OHKO Clause: OHKO moves are banned
|rule|Evasion Items Clause: Evasion items are banned
|rule|Evasion Moves Clause: Evasion moves are banned
|rule|Evasion Abilities Clause: Evasion abilities are banned
|rule|Sleep Moves Clause: Sleep-inducing moves are banned
|clearpoke
|poke|p1|Greninja-*, M|
|poke|p1|Forretress, F|
|poke|p1|Samurott-Hisui, F|
|poke|p1|Garchomp, F|
|poke|p1|Scizor, F|
|poke|p1|Diancie|
|poke|p2|Great Tusk|
|poke|p2|Gholdengo|
|poke|p2|Ting-Lu|
|poke|p2|Iron Moth|
|poke|p2|Dragapult, F|
|poke|p2|Enamorus, F|
|teampreview
|inactive|Battle timer is ON: inactive players will automatically lose when time's up. (requested by slowlyfadingaway)
|
|t:|1779878272
|teamsize|p1|6
|teamsize|p2|6
|start
|switch|p1a: Greninja|Greninja, M|100/100
|switch|p2a: Dragapult|Dragapult, F|100/100
|turn|1
|
|t:|1779878278
|switch|p1a: Forretress|Forretress, F|100/100
|move|p2a: Dragapult|U-turn|p1a: Forretress
|-resisted|p1a: Forretress
|-damage|p1a: Forretress|94/100
|
|t:|1779878289
|switch|p2a: Enamorus|Enamorus, F|100/100|[from] U-turn
|
|upkeep
|turn|2
|
|t:|1779878293
|move|p2a: Enamorus|Substitute|p2a: Enamorus
|-start|p2a: Enamorus|Substitute
|-damage|p2a: Enamorus|76/100
|move|p1a: Forretress|Stealth Rock|p2a: Enamorus
|-sidestart|p2: viutil|move: Stealth Rock
|
|-heal|p2a: Enamorus|82/100|[from] item: Leftovers
|upkeep
|turn|3
|
|t:|1779878295
|move|p2a: Enamorus|Calm Mind|p2a: Enamorus
|-boost|p2a: Enamorus|spa|1
|-boost|p2a: Enamorus|spd|1
|move|p1a: Forretress|Volt Switch|p2a: Enamorus
|-supereffective|p2a: Enamorus
|-activate|p2a: Enamorus|move: Substitute|[damage]
|
|t:|1779878301
|switch|p1a: Samurott|Samurott-Hisui, F|100/100|[from] Volt Switch
|
|-heal|p2a: Enamorus|88/100|[from] item: Leftovers
|upkeep
|turn|4
|
|t:|1779878305
|move|p2a: Enamorus|Moonblast|p1a: Samurott
|-supereffective|p1a: Samurott
|-enditem|p1a: Samurott|Focus Sash
|-damage|p1a: Samurott|1/100
|-unboost|p1a: Samurott|spa|1
|move|p1a: Samurott|Ceaseless Edge|p2a: Enamorus
|-resisted|p2a: Enamorus
|-end|p2a: Enamorus|Substitute
|-sidestart|p2: viutil|Spikes
|
|-heal|p2a: Enamorus|94/100|[from] item: Leftovers
|upkeep
|turn|5
|
|t:|1779878312
|move|p2a: Enamorus|Moonblast|p1a: Samurott
|-supereffective|p1a: Samurott
|-damage|p1a: Samurott|0 fnt
|faint|p1a: Samurott
|
|-heal|p2a: Enamorus|100/100|[from] item: Leftovers
|upkeep
|
|t:|1779878320
|switch|p1a: Diancie|Diancie|100/100
|turn|6
|
|t:|1779878324
|move|p2a: Enamorus|Substitute|p2a: Enamorus
|-start|p2a: Enamorus|Substitute
|-damage|p2a: Enamorus|76/100
|move|p1a: Diancie|Rock Polish|p1a: Diancie
|-boost|p1a: Diancie|spe|2
|
|-heal|p2a: Enamorus|82/100|[from] item: Leftovers
|upkeep
|turn|7
|
|t:|1779878327
|move|p1a: Diancie|Power Gem|p2a: Enamorus
|-supereffective|p2a: Enamorus
|-end|p2a: Enamorus|Substitute
|move|p2a: Enamorus|Earth Power|p1a: Diancie
|-supereffective|p1a: Diancie
|-damage|p1a: Diancie|12/100
|
|-heal|p2a: Enamorus|88/100|[from] item: Leftovers
|upkeep
|turn|8
|
|t:|1779878335
|move|p1a: Diancie|Meteor Beam||[still]
|-prepare|p1a: Diancie|Meteor Beam
|-boost|p1a: Diancie|spa|1
|-enditem|p1a: Diancie|Power Herb
|-anim|p1a: Diancie|Meteor Beam|p2a: Enamorus
|-supereffective|p2a: Enamorus
|-damage|p2a: Enamorus|0 fnt
|faint|p2a: Enamorus
|
|upkeep
|
|t:|1779878360
|switch|p2a: Gholdengo|Gholdengo|100/100
|-damage|p2a: Gholdengo|94/100|[from] Stealth Rock
|-damage|p2a: Gholdengo|82/100|[from] Spikes
|turn|9
|
|t:|1779878366
|move|p2a: Gholdengo|Shadow Ball|p1a: Diancie
|-damage|p1a: Diancie|0 fnt
|faint|p1a: Diancie
|
|upkeep
|
|t:|1779878368
|switch|p1a: Greninja|Greninja, M|100/100
|turn|10
|
|t:|1779878375
|switch|p2a: Ting-Lu|Ting-Lu|100/100
|-damage|p2a: Ting-Lu|94/100|[from] Stealth Rock
|-damage|p2a: Ting-Lu|82/100|[from] Spikes
|-ability|p2a: Ting-Lu|Vessel of Ruin
|move|p1a: Greninja|Water Shuriken|p2a: Ting-Lu
|-supereffective|p2a: Ting-Lu
|-damage|p2a: Ting-Lu|76/100
|-supereffective|p2a: Ting-Lu
|-damage|p2a: Ting-Lu|69/100
|-supereffective|p2a: Ting-Lu
|-damage|p2a: Ting-Lu|63/100
|-supereffective|p2a: Ting-Lu
|-damage|p2a: Ting-Lu|57/100
|-hitcount|p2a: Ting-Lu|4
|
|-heal|p2a: Ting-Lu|63/100|[from] item: Leftovers
|upkeep
|turn|11
|
|t:|1779878385
|-terastallize|p2a: Ting-Lu|Water
|move|p1a: Greninja|U-turn|p2a: Ting-Lu
|-damage|p2a: Ting-Lu|56/100
|
|t:|1779878389
|switch|p1a: Forretress|Forretress, F|94/100|[from] U-turn
|move|p2a: Ting-Lu|Stealth Rock|p1a: Forretress
|-sidestart|p1: slowlyfadingaway|move: Stealth Rock
|
|-heal|p2a: Ting-Lu|62/100|[from] item: Leftovers
|upkeep
|turn|12
|
|t:|1779878394
|switch|p2a: Gholdengo|Gholdengo|82/100
|-damage|p2a: Gholdengo|76/100|[from] Stealth Rock
|-damage|p2a: Gholdengo|64/100|[from] Spikes
|move|p1a: Forretress|Rapid Spin|p2a: Gholdengo
|-immune|p2a: Gholdengo
|
|upkeep
|turn|13
|
|t:|1779878400
|switch|p1a: Greninja|Greninja, M|100/100
|-damage|p1a: Greninja|88/100|[from] Stealth Rock
|move|p2a: Gholdengo|Trick|p1a: Greninja
|-activate|p2a: Gholdengo|move: Trick|[of] p1a: Greninja
|-item|p1a: Greninja|Choice Scarf|[from] move: Trick
|-item|p2a: Gholdengo|Loaded Dice|[from] move: Trick
|
|upkeep
|turn|14
|
|t:|1779878409
|switch|p2a: Ting-Lu|Ting-Lu, tera:Water|62/100
|-damage|p2a: Ting-Lu|50/100|[from] Stealth Rock
|-damage|p2a: Ting-Lu|37/100|[from] Spikes
|-ability|p2a: Ting-Lu|Vessel of Ruin
|move|p1a: Greninja|Dark Pulse|p2a: Ting-Lu
|-damage|p2a: Ting-Lu|22/100
|
|-heal|p2a: Ting-Lu|28/100|[from] item: Leftovers
|upkeep
|turn|15
|
|t:|1779878418
|switch|p1a: Forretress|Forretress, F|94/100
|-damage|p1a: Forretress|82/100|[from] Stealth Rock
|move|p2a: Ting-Lu|Ruination|p1a: Forretress
|-damage|p1a: Forretress|41/100
|
|-heal|p2a: Ting-Lu|34/100|[from] item: Leftovers
|upkeep
|turn|16
|
|t:|1779878425
|switch|p2a: Gholdengo|Gholdengo|64/100
|-damage|p2a: Gholdengo|58/100|[from] Stealth Rock
|-damage|p2a: Gholdengo|45/100|[from] Spikes
|move|p1a: Forretress|Volt Switch|p2a: Gholdengo
|-damage|p2a: Gholdengo|33/100
|
|t:|1779878431
|switch|p1a: Garchomp|Garchomp, F|100/100|[from] Volt Switch
|-damage|p1a: Garchomp|94/100|[from] Stealth Rock
|
|upkeep
|turn|17
|
|t:|1779878434
|move|p1a: Garchomp|Scale Shot|p2a: Gholdengo
|-resisted|p2a: Gholdengo
|-damage|p2a: Gholdengo|25/100
|-resisted|p2a: Gholdengo
|-damage|p2a: Gholdengo|18/100
|-resisted|p2a: Gholdengo
|-damage|p2a: Gholdengo|10/100
|-resisted|p2a: Gholdengo
|-damage|p2a: Gholdengo|2/100
|-resisted|p2a: Gholdengo
|-damage|p2a: Gholdengo|0 fnt
|faint|p2a: Gholdengo
|-hitcount|p2: Gholdengo|5
|-unboost|p1a: Garchomp|def|1
|-boost|p1a: Garchomp|spe|1
|
|upkeep
|
|t:|1779878438
|switch|p2a: Great Tusk|Great Tusk|100/100
|turn|18
|
|t:|1779878449
|move|p1a: Garchomp|Earthquake|p2a: Great Tusk
|-damage|p2a: Great Tusk|65/100
|move|p2a: Great Tusk|Rapid Spin|p1a: Garchomp
|-damage|p1a: Garchomp|67/100
|-boost|p2a: Great Tusk|spe|1
|-damage|p2a: Great Tusk|52/100|[from] ability: Rough Skin|[of] p1a: Garchomp
|-sideend|p2: viutil|Spikes|[from] move: Rapid Spin|[of] p2a: Great Tusk
|-sideend|p2: viutil|Stealth Rock|[from] move: Rapid Spin|[of] p2a: Great Tusk
|
|upkeep
|turn|19
|
|t:|1779878453
|-terastallize|p1a: Garchomp|Dragon
|move|p1a: Garchomp|Scale Shot|p2a: Great Tusk
|-damage|p2a: Great Tusk|40/100
|-damage|p2a: Great Tusk|26/100
|-damage|p2a: Great Tusk|13/100
|-crit|p2a: Great Tusk
|-damage|p2a: Great Tusk|0 fnt
|faint|p2a: Great Tusk
|-end|p2a: Great Tusk|Protosynthesis|[silent]
|-hitcount|p2: Great Tusk|4
|-unboost|p1a: Garchomp|def|1
|-boost|p1a: Garchomp|spe|1
|
|upkeep
|
|t:|1779878467
|switch|p2a: Ting-Lu|Ting-Lu, tera:Water|34/100
|-ability|p2a: Ting-Lu|Vessel of Ruin
|turn|20
|
|t:|1779878471
|move|p1a: Garchomp|Scale Shot|p2a: Ting-Lu
|-damage|p2a: Ting-Lu|24/100
|-damage|p2a: Ting-Lu|14/100
|-damage|p2a: Ting-Lu|4/100
|-damage|p2a: Ting-Lu|0 fnt
|faint|p2a: Ting-Lu
|-hitcount|p2: Ting-Lu|4
|-unboost|p1a: Garchomp|def|1
|-boost|p1a: Garchomp|spe|1
|
|upkeep
|-message|viutil forfeited.
|
|win|slowlyfadingaway
|raw|slowlyfadingaway's rating: 1327 &rarr; <strong>1350</strong><br />(+23 for winning)
|raw|viutil's rating: 1381 &rarr; <strong>1358</strong><br />(-23 for losing)
|l|☆viutil
|player|p2|
|l|☆slowlyfadingaway
|player|p1|
