|j|☆kitakami kitchen
|j|☆freakoffweeb
|t:|1779840393
|gametype|singles
|player|p1|kitakami kitchen|roxie|1482
|player|p2|freakoffweeb|265|1490
|gen|9
|tier|[Gen 9] OU
|rated|
|rule|HP Percentage Mod: HP is shown in percentages
|rule|Endless Battle Clause: Forcing endless battles is banned
|rule|Species Clause: Limit one of each Pokémon
|rule|OHKO Clause: OHKO moves are banned
|rule|Evasion Items Clause: Evasion items are banned
|rule|Evasion Moves Clause: Evasion moves are banned
|rule|Evasion Abilities Clause: Evasion abilities are banned
|rule|Sleep Moves Clause: Sleep-inducing moves are banned
|clearpoke
|poke|p1|Gallade, M|
|poke|p1|Kingambit, M|
|poke|p1|Landorus-Therian, M|
|poke|p1|Sinistcha|
|poke|p1|Cryogonal|
|poke|p1|Walking Wake|
|poke|p2|Kyurem|
|poke|p2|Pecharunt|
|poke|p2|Hatterene, F|
|poke|p2|Tornadus-Therian, M|
|poke|p2|Great Tusk|
|poke|p2|Kingambit, M|
|teampreview
|inactive|Battle timer is ON: inactive players will automatically lose when time's up. (requested by freakoffweeb)
|inactive|freakoffweeb has 120 seconds left.
|inactive|kitakami kitchen has 120 seconds left.
|
|t:|1779840448
|teamsize|p1|6
|teamsize|p2|6
|start
|switch|p1a: Sinistcha|Sinistcha|100/100
|switch|p2a: Kyurem|Kyurem|100/100
|-ability|p2a: Kyurem|Pressure
|turn|1
|
|t:|1779840453
|switch|p1a: Cryogonal|Cryogonal, shiny|100/100
|move|p2a: Kyurem|Ice Beam|p1a: Cryogonal
|-resisted|p1a: Cryogonal
|-damage|p1a: Cryogonal|83/100
|
|upkeep
|turn|2
|
|t:|1779840459
|switch|p1a: Gallade|Gallade, M, shiny|100/100
|move|p2a: Kyurem|Body Press|p1a: Gallade
|-resisted|p1a: Gallade
|-damage|p1a: Gallade|82/100
|
|upkeep
|turn|3
|
|t:|1779840469
|switch|p2a: Hatterene|Hatterene, F|100/100
|move|p1a: Gallade|Knock Off|p2a: Hatterene
|-damage|p2a: Hatterene|56/100
|-damage|p1a: Gallade|66/100|[from] item: Rocky Helmet|[of] p2a: Hatterene
|-enditem|p2a: Hatterene|Rocky Helmet|[from] move: Knock Off|[of] p1a: Gallade
|
|upkeep
|turn|4
|
|t:|1779840481
|switch|p1a: Landorus|Landorus-Therian, M|100/100
|-ability|p1a: Landorus|Intimidate|boost
|-unboost|p2a: Hatterene|atk|1
|move|p2a: Hatterene|Pain Split|p1a: Landorus
|-sethp|p1a: Landorus|74/100|[from] move: Pain Split|[silent]
|-sethp|p2a: Hatterene|88/100|[from] move: Pain Split
|
|upkeep
|turn|5
|inactive|freakoffweeb has 120 seconds left.
|
|t:|1779840537
|move|p1a: Landorus|U-turn|p2a: Hatterene
|-damage|p2a: Hatterene|71/100
|
|t:|1779840540
|switch|p1a: Kingambit|Kingambit, M|100/100|[from] U-turn
|move|p2a: Hatterene|Psychic Noise|p1a: Kingambit
|-immune|p1a: Kingambit
|
|upkeep
|turn|6
|
|t:|1779840559
|-end|p1a: Kingambit|fallenundefined|[silent]
|switch|p1a: Cryogonal|Cryogonal, shiny|83/100
|switch|p2a: Great Tusk|Great Tusk|100/100
|-enditem|p2a: Great Tusk|Booster Energy
|-activate|p2a: Great Tusk|ability: Protosynthesis|[fromitem]
|-start|p2a: Great Tusk|protosynthesisatk
|
|upkeep
|turn|7
|
|t:|1779840564
|-terastallize|p2a: Great Tusk|Steel
|move|p1a: Cryogonal|Freeze-Dry|p2a: Great Tusk
|-resisted|p2a: Great Tusk
|-damage|p2a: Great Tusk|85/100
|-status|p2a: Great Tusk|frz
|cant|p2a: Great Tusk|frz
|
|upkeep
|turn|8
|
|t:|1779840570
|switch|p1a: Gallade|Gallade, M, shiny|66/100
|cant|p2a: Great Tusk|frz
|
|upkeep
|turn|9
|
|t:|1779840572
|cant|p2a: Great Tusk|frz
|move|p1a: Gallade|Sacred Sword|p2a: Great Tusk
|-supereffective|p2a: Great Tusk
|-damage|p2a: Great Tusk|0 fnt
|faint|p2a: Great Tusk
|-end|p2a: Great Tusk|Protosynthesis|[silent]
|
|upkeep
|
|t:|1779840576
|switch|p2a: Tornadus|Tornadus-Therian, M|100/100
|turn|10
|
|t:|1779840593
|switch|p1a: Cryogonal|Cryogonal, shiny|83/100
|move|p2a: Tornadus|Nasty Plot|p2a: Tornadus
|-boost|p2a: Tornadus|spa|2
|
|upkeep
|turn|11
|
|t:|1779840602
|move|p2a: Tornadus|Heat Wave|p1a: Cryogonal
|-supereffective|p1a: Cryogonal
|-crit|p1a: Cryogonal
|-damage|p1a: Cryogonal|0 fnt
|faint|p1a: Cryogonal
|-damage|p2a: Tornadus|91/100|[from] item: Life Orb
|
|upkeep
|
|t:|1779840607
|switch|p1a: Walking Wake|Walking Wake|100/100
|turn|12
|
|t:|1779840610
|move|p1a: Walking Wake|Draco Meteor|p2a: Tornadus
|-damage|p2a: Tornadus|7/100
|-unboost|p1a: Walking Wake|spa|2
|move|p2a: Tornadus|Bleakwind Storm|p1a: Walking Wake
|-damage|p1a: Walking Wake|0 fnt
|faint|p1a: Walking Wake
|-end|p1a: Walking Wake|Protosynthesis|[silent]
|-damage|p2a: Tornadus|0 fnt|[from] item: Life Orb
|faint|p2a: Tornadus
|
|upkeep
|
|t:|1779840638
|switch|p2a: Pecharunt|Pecharunt|100/100
|switch|p1a: Gallade|Gallade, M, shiny|66/100
|turn|13
|
|t:|1779840644
|switch|p1a: Kingambit|Kingambit, M|100/100
|-activate|p1a: Kingambit|ability: Supreme Overlord
|-start|p1a: Kingambit|fallen2|[silent]
|move|p2a: Pecharunt|Malignant Chain|p1a: Kingambit
|-immune|p1a: Kingambit
|
|upkeep
|turn|14
|
|t:|1779840648
|move|p2a: Pecharunt|Parting Shot|p1a: Kingambit
|-unboost|p1a: Kingambit|atk|1
|-unboost|p1a: Kingambit|spa|1
|
|t:|1779840650
|switch|p2a: Hatterene|Hatterene, F|71/100|[from] Parting Shot
|move|p1a: Kingambit|Kowtow Cleave|p2a: Hatterene
|-damage|p2a: Hatterene|36/100
|
|upkeep
|turn|15
|
|t:|1779840674
|-end|p1a: Kingambit|fallen2|[silent]
|switch|p1a: Gallade|Gallade, M, shiny|66/100
|switch|p2a: Pecharunt|Pecharunt|100/100
|
|upkeep
|turn|16
|
|t:|1779840679
|move|p1a: Gallade|Psycho Cut|p2a: Pecharunt
|-supereffective|p2a: Pecharunt
|-damage|p2a: Pecharunt|23/100
|move|p2a: Pecharunt|Parting Shot|p1a: Gallade
|-unboost|p1a: Gallade|atk|1
|-unboost|p1a: Gallade|spa|1
|
|t:|1779840686
|switch|p2a: Hatterene|Hatterene, F|36/100|[from] Parting Shot
|
|upkeep
|turn|17
|
|t:|1779840707
|switch|p1a: Sinistcha|Sinistcha|100/100
|move|p2a: Hatterene|Nuzzle|p1a: Sinistcha
|-resisted|p1a: Sinistcha
|-damage|p1a: Sinistcha|99/100
|-status|p1a: Sinistcha|par
|
|upkeep
|turn|18
|
|t:|1779840715
|switch|p2a: Kyurem|Kyurem|100/100
|-ability|p2a: Kyurem|Pressure
|cant|p1a: Sinistcha|par
|
|upkeep
|turn|19
|
|t:|1779840721
|move|p2a: Kyurem|Ice Beam|p1a: Sinistcha
|-supereffective|p1a: Sinistcha
|-damage|p1a: Sinistcha|0 fnt
|faint|p1a: Sinistcha
|
|upkeep
|
|t:|1779840725
|switch|p1a: Gallade|Gallade, M, shiny|66/100
|turn|20
|
|t:|1779840730
|switch|p2a: Pecharunt|Pecharunt|23/100
|move|p1a: Gallade|Psycho Cut|p2a: Pecharunt
|-supereffective|p2a: Pecharunt
|-crit|p2a: Pecharunt
|-damage|p2a: Pecharunt|0 fnt
|faint|p2a: Pecharunt
|
|upkeep
|
|t:|1779840735
|switch|p2a: Kingambit|Kingambit, M|100/100
|-activate|p2a: Kingambit|ability: Supreme Overlord
|-start|p2a: Kingambit|fallen3|[silent]
|turn|21
|
|t:|1779840737
|switch|p1a: Landorus|Landorus-Therian, M|74/100
|-ability|p1a: Landorus|Intimidate|boost
|-unboost|p2a: Kingambit|atk|1
|move|p2a: Kingambit|Swords Dance|p2a: Kingambit
|-boost|p2a: Kingambit|atk|2
|
|upkeep
|turn|22
|
|t:|1779840744
|move|p1a: Landorus|Stealth Rock|p2a: Kingambit
|-sidestart|p2: freakoffweeb|move: Stealth Rock
|move|p2a: Kingambit|Kowtow Cleave|p1a: Landorus
|-damage|p1a: Landorus|0 fnt
|-damage|p2a: Kingambit|84/100|[from] item: Rocky Helmet|[of] p1a: Landorus
|faint|p1a: Landorus
|
|-heal|p2a: Kingambit|90/100|[from] item: Leftovers
|upkeep
|
|t:|1779840749
|switch|p1a: Kingambit|Kingambit, M|100/100
|-activate|p1a: Kingambit|ability: Supreme Overlord
|-start|p1a: Kingambit|fallen4|[silent]
|turn|23
|
|t:|1779840753
|move|p2a: Kingambit|Iron Head|p1a: Kingambit
|-resisted|p1a: Kingambit
|-damage|p1a: Kingambit|61/100
|move|p1a: Kingambit|Low Kick|p2a: Kingambit
|-supereffective|p2a: Kingambit
|-damage|p2a: Kingambit|0 fnt
|faint|p2a: Kingambit
|-end|p2a: Kingambit|fallen3|[silent]
|
|-heal|p1a: Kingambit|67/100|[from] item: Leftovers
|upkeep
|
|t:|1779840758
|switch|p2a: Kyurem|Kyurem|100/100
|-damage|p2a: Kyurem|76/100|[from] Stealth Rock
|-ability|p2a: Kyurem|Pressure
|turn|24
|
|t:|1779840769
|move|p1a: Kingambit|Sucker Punch|p2a: Kyurem
|-damage|p2a: Kyurem|31/100
|move|p2a: Kyurem|Ice Beam|p1a: Kingambit
|-resisted|p1a: Kingambit
|-damage|p1a: Kingambit|40/100
|
|-heal|p1a: Kingambit|46/100|[from] item: Leftovers
|upkeep
|turn|25
|-message|freakoffweeb forfeited.
|
|win|kitakami kitchen
|raw|kitakami kitchen's rating: 1482 &rarr; <strong>1503</strong><br />(+21 for winning)
|raw|freakoffweeb's rating: 1508 &rarr; <strong>1487</strong><br />(-21 for losing)
|l|☆freakoffweeb
|player|p2|
