|j|☆itkenreiza
|j|☆Voltaris33
|t:|1779950648
|gametype|singles
|player|p1|itkenreiza|169|1396
|player|p2|Voltaris33|unknownf|1397
|gen|9
|tier|[Gen 9] OU
|rated|
|rule|HP Percentage Mod: HP is shown in percentages
|rule|Endless Battle Clause: Forcing endless battles is banned
|rule|Species Clause: Limit one of each Pokémon
|rule|OHKO Clause: OHKO moves are banned
|rule|Evasion Items Clause: Evasion items are banned
|rule|Evasion Moves Clause: Evasion moves are banned
|rule|Evasion Abilities Clause: Evasion abilities are banned
|rule|Sleep Moves Clause: Sleep-inducing moves are banned
|clearpoke
|poke|p1|Darkrai|
|poke|p1|Ogerpon, F|
|poke|p1|Iron Crown|
|poke|p1|Dragapult, M|
|poke|p1|Whimsicott, F|
|poke|p1|Rotom-Wash|
|poke|p2|Heatran, M|
|poke|p2|Tyranitar, F|
|poke|p2|Skarmory, F|
|poke|p2|Moltres|
|poke|p2|Weezing-Galar, M|
|poke|p2|Deoxys-Speed|
|teampreview
|inactive|Battle timer is ON: inactive players will automatically lose when time's up. (requested by Voltaris33)
|inactive|itkenreiza also wants the timer to be on.
|
|t:|1779950652
|teamsize|p1|6
|teamsize|p2|6
|start
|switch|p1a: Rotom|Rotom-Wash|100/100
|switch|p2a: Weezing|Weezing-Galar, M|100/100
|-ability|p2a: Weezing|Neutralizing Gas
|turn|1
|
|t:|1779950660
|move|p1a: Rotom|Hydro Pump|p2a: Weezing
|-damage|p2a: Weezing|51/100
|move|p2a: Weezing|Toxic|p1a: Rotom
|-status|p1a: Rotom|tox
|
|-heal|p2a: Weezing|57/100|[from] item: Leftovers
|-damage|p1a: Rotom|94/100 tox|[from] psn
|upkeep
|turn|2
|
|t:|1779950664
|move|p1a: Rotom|Hydro Pump|p2a: Weezing|[miss]
|-miss|p1a: Rotom|p2a: Weezing
|move|p2a: Weezing|Pain Split|p1a: Rotom
|-sethp|p1a: Rotom|79/100 tox|[from] move: Pain Split|[silent]
|-sethp|p2a: Weezing|70/100|[from] move: Pain Split
|
|-heal|p2a: Weezing|76/100|[from] item: Leftovers
|-damage|p1a: Rotom|66/100 tox|[from] psn
|upkeep
|turn|3
|
|t:|1779950666
|move|p1a: Rotom|Hydro Pump|p2a: Weezing
|-damage|p2a: Weezing|29/100
|move|p2a: Weezing|Strange Steam|p1a: Rotom
|-damage|p1a: Rotom|38/100 tox
|
|-heal|p2a: Weezing|35/100|[from] item: Leftovers
|-damage|p1a: Rotom|19/100 tox|[from] psn
|upkeep
|turn|4
|
|t:|1779950673
|-end|p2a: Weezing|ability: Neutralizing Gas
|switch|p2a: Tyranitar|Tyranitar, F|100/100
|-weather|Sandstorm|[from] ability: Sand Stream|[of] p2a: Tyranitar
|move|p1a: Rotom|Pain Split|p2a: Tyranitar
|-sethp|p2a: Tyranitar|57/100|[from] move: Pain Split|[silent]
|-sethp|p1a: Rotom|81/100 tox|[from] move: Pain Split
|
|-weather|Sandstorm|[upkeep]
|-damage|p1a: Rotom|74/100 tox|[from] Sandstorm
|-damage|p1a: Rotom|49/100 tox|[from] psn
|upkeep
|turn|5
|
|t:|1779950684
|move|p2a: Tyranitar|Knock Off|p1a: Rotom
|-damage|p1a: Rotom|0 fnt
|-damage|p2a: Tyranitar|41/100|[from] item: Rocky Helmet|[of] p1a: Rotom
|-enditem|p1a: Rotom|Rocky Helmet|[from] move: Knock Off|[of] p2a: Tyranitar
|faint|p1a: Rotom
|-damage|p2a: Tyranitar|31/100|[from] item: Life Orb
|
|-weather|Sandstorm|[upkeep]
|upkeep
|
|t:|1779950689
|switch|p1a: Ogerpon|Ogerpon, F|100/100
|turn|6
|
|t:|1779950695
|switch|p2a: Skarmory|Skarmory, F, shiny|100/100
|move|p1a: Ogerpon|Knock Off|p2a: Skarmory
|-damage|p2a: Skarmory|74/100
|-enditem|p2a: Skarmory|Leftovers|[from] move: Knock Off|[of] p1a: Ogerpon
|
|-weather|Sandstorm|[upkeep]
|-damage|p1a: Ogerpon|95/100|[from] Sandstorm
|upkeep
|turn|7
|
|t:|1779950706
|switch|p1a: Whimsicott|Whimsicott, F|100/100
|move|p2a: Skarmory|Iron Defense|p2a: Skarmory
|-boost|p2a: Skarmory|def|2
|
|-weather|Sandstorm|[upkeep]
|-damage|p1a: Whimsicott|94/100|[from] Sandstorm
|upkeep
|turn|8
|
|t:|1779950718
|switch|p2a: Moltres|Moltres|100/100
|move|p1a: Whimsicott|Encore||[still]
|-fail|p1a: Whimsicott
|
|-weather|none
|upkeep
|turn|9
|
|t:|1779950725
|switch|p1a: Dragapult|Dragapult, M|100/100
|move|p2a: Moltres|Overheat|p1a: Dragapult
|-resisted|p1a: Dragapult
|-damage|p1a: Dragapult|56/100
|-unboost|p2a: Moltres|spa|2
|
|upkeep
|turn|10
|
|t:|1779950732
|move|p1a: Dragapult|U-turn|p2a: Moltres
|-resisted|p2a: Moltres
|-damage|p2a: Moltres|91/100
|
|t:|1779950737
|switch|p1a: Whimsicott|Whimsicott, F|94/100|[from] U-turn
|move|p2a: Moltres|U-turn|p1a: Whimsicott
|-damage|p1a: Whimsicott|72/100
|
|t:|1779950744
|switch|p2a: Heatran|Heatran, M, shiny|100/100|[from] U-turn
|
|upkeep
|turn|11
|
|t:|1779950752
|move|p1a: Whimsicott|Stun Spore|p2a: Heatran
|-status|p2a: Heatran|par
|move|p2a: Heatran|Flash Cannon|p1a: Whimsicott
|-supereffective|p1a: Whimsicott
|-damage|p1a: Whimsicott|0 fnt
|faint|p1a: Whimsicott
|
|upkeep
|
|t:|1779950755
|switch|p1a: Iron Crown|Iron Crown|100/100
|-enditem|p1a: Iron Crown|Booster Energy
|-activate|p1a: Iron Crown|ability: Quark Drive|[fromitem]
|-start|p1a: Iron Crown|quarkdrivespe
|turn|12
|
|t:|1779950759
|-terastallize|p1a: Iron Crown|Fighting
|move|p1a: Iron Crown|Calm Mind|p1a: Iron Crown
|-boost|p1a: Iron Crown|spa|1
|-boost|p1a: Iron Crown|spd|1
|cant|p2a: Heatran|par
|
|upkeep
|turn|13
|
|t:|1779950766
|move|p1a: Iron Crown|Calm Mind|p1a: Iron Crown
|-boost|p1a: Iron Crown|spa|1
|-boost|p1a: Iron Crown|spd|1
|cant|p2a: Heatran|par
|
|upkeep
|turn|14
|
|t:|1779950769
|move|p1a: Iron Crown|Focus Blast|p2a: Heatran
|-supereffective|p2a: Heatran
|-damage|p2a: Heatran|0 fnt
|faint|p2a: Heatran
|
|upkeep
|
|t:|1779950772
|switch|p2a: Deoxys|Deoxys-Speed, shiny|100/100
|-ability|p2a: Deoxys|Pressure
|turn|15
|
|t:|1779950774
|move|p1a: Iron Crown|Tachyon Cutter|p2a: Deoxys
|-crit|p2a: Deoxys
|-damage|p2a: Deoxys|0 fnt
|faint|p2a: Deoxys
|-hitcount|p2: Deoxys|1
|
|upkeep
|
|t:|1779950778
|switch|p2a: Moltres|Moltres|91/100
|turn|16
|
|t:|1779950784
|move|p1a: Iron Crown|Psyshock|p2a: Moltres
|-damage|p2a: Moltres|4/100
|move|p2a: Moltres|Overheat|p1a: Iron Crown|[miss]
|-miss|p2a: Moltres|p1a: Iron Crown
|
|upkeep
|turn|17
|
|t:|1779950791
|move|p1a: Iron Crown|Tachyon Cutter|p2a: Moltres
|-resisted|p2a: Moltres
|-damage|p2a: Moltres|0 fnt
|faint|p2a: Moltres
|-hitcount|p2: Moltres|1
|
|upkeep
|
|t:|1779950792
|switch|p2a: Tyranitar|Tyranitar, F|31/100
|-weather|Sandstorm|[from] ability: Sand Stream|[of] p2a: Tyranitar
|turn|18
|
|t:|1779950795
|move|p1a: Iron Crown|Tachyon Cutter|p2a: Tyranitar
|-supereffective|p2a: Tyranitar
|-damage|p2a: Tyranitar|0 fnt
|faint|p2a: Tyranitar
|-hitcount|p2: Tyranitar|1
|
|-weather|Sandstorm|[upkeep]
|-damage|p1a: Iron Crown|94/100|[from] Sandstorm
|upkeep
|
|t:|1779950801
|switch|p2a: Weezing|Weezing-Galar, M|35/100
|-ability|p2a: Weezing|Neutralizing Gas
|turn|19
|
|t:|1779950810
|move|p1a: Iron Crown|Psyshock|p2a: Weezing
|-supereffective|p2a: Weezing
|-damage|p2a: Weezing|0 fnt
|faint|p2a: Weezing
|-end|p2a: Weezing|ability: Neutralizing Gas
|
|-weather|Sandstorm|[upkeep]
|-damage|p1a: Iron Crown|88/100|[from] Sandstorm
|upkeep
|
|t:|1779950811
|switch|p2a: Skarmory|Skarmory, F, shiny|74/100
|turn|20
|
|t:|1779950814
|move|p1a: Iron Crown|Focus Blast|p2a: Skarmory|[miss]
|-miss|p1a: Iron Crown|p2a: Skarmory
|move|p2a: Skarmory|Body Press|p1a: Iron Crown
|-damage|p1a: Iron Crown|54/100
|
|-weather|Sandstorm|[upkeep]
|-damage|p1a: Iron Crown|48/100|[from] Sandstorm
|upkeep
|turn|21
|
|t:|1779950819
|move|p1a: Iron Crown|Focus Blast|p2a: Skarmory
|-damage|p2a: Skarmory|0 fnt
|faint|p2a: Skarmory
|
|win|itkenreiza
|raw|itkenreiza's rating: 1396 &rarr; <strong>1418</strong><br />(+22 for winning)
|raw|Voltaris33's rating: 1431 &rarr; <strong>1409</strong><br />(-22 for losing)
|l|☆Voltaris33
|player|p2|
|c|☆itkenreiza|gg
|l|☆itkenreiza
|player|p1|
