|j|☆Celsius44
|j|☆kopv18
|t:|1779906543
|gametype|singles
|player|p1|Celsius44|steven|1555
|player|p2|kopv18|bugcatcher-gen4dp|1542
|gen|9
|tier|[Gen 9] OU
|rated|
|rule|HP Percentage Mod: HP is shown in percentages
|rule|Endless Battle Clause: Forcing endless battles is banned
|rule|Species Clause: Limit one of each Pokémon
|rule|OHKO Clause: OHKO moves are banned
|rule|Evasion Items Clause: Evasion items are banned
|rule|Evasion Moves Clause: Evasion moves are banned
|rule|Evasion Abilities Clause: Evasion abilities are banned
|rule|Sleep Moves Clause: Sleep-inducing moves are banned
|clearpoke
|poke|p1|Dragonite, F|
|poke|p1|Iron Crown|
|poke|p1|Ogerpon-Cornerstone, F|
|poke|p1|Keldeo-Resolute|
|poke|p1|Cinderace, M|
|poke|p1|Raging Bolt|
|poke|p2|Rabsca, F|
|poke|p2|Walking Wake|
|poke|p2|Torkoal, F|
|poke|p2|Great Tusk|
|poke|p2|Cresselia, F|
|poke|p2|Zarude|
|teampreview
|
|t:|1779906550
|teamsize|p1|6
|teamsize|p2|6
|start
|switch|p1a: Cinderace|Cinderace, M|100/100
|switch|p2a: Torkoal|Torkoal, F|100/100
|-weather|SunnyDay|[from] ability: Drought|[of] p2a: Torkoal
|turn|1
|inactive|Battle timer is ON: inactive players will automatically lose when time's up. (requested by Celsius44)
|
|t:|1779906560
|switch|p1a: Raging Bolt|Raging Bolt|100/100
|-activate|p1a: Raging Bolt|ability: Protosynthesis
|-start|p1a: Raging Bolt|protosynthesisspa
|move|p2a: Torkoal|Eruption|p1a: Raging Bolt
|-resisted|p1a: Raging Bolt
|-damage|p1a: Raging Bolt|58/100
|
|-weather|SunnyDay|[upkeep]
|upkeep
|turn|2
|
|t:|1779906565
|switch|p2a: Cresselia|Cresselia, F|100/100
|move|p1a: Raging Bolt|Dragon Pulse|p2a: Cresselia
|-damage|p2a: Cresselia|67/100
|
|-weather|SunnyDay|[upkeep]
|-heal|p2a: Cresselia|73/100|[from] item: Leftovers
|upkeep
|turn|3
|
|t:|1779906574
|move|p1a: Raging Bolt|Thunderbolt|p2a: Cresselia
|-damage|p2a: Cresselia|37/100
|move|p2a: Cresselia|Trick Room|p2a: Cresselia
|-fieldstart|move: Trick Room|[of] p2a: Cresselia
|
|-weather|SunnyDay|[upkeep]
|-heal|p2a: Cresselia|43/100|[from] item: Leftovers
|upkeep
|turn|4
|
|t:|1779906586
|move|p2a: Cresselia|Moonlight|p2a: Cresselia
|-heal|p2a: Cresselia|100/100
|move|p1a: Raging Bolt|Calm Mind|p1a: Raging Bolt
|-boost|p1a: Raging Bolt|spa|1
|-boost|p1a: Raging Bolt|spd|1
|
|-weather|SunnyDay|[upkeep]
|upkeep
|turn|5
|
|t:|1779906590
|move|p2a: Cresselia|Moonblast|p1a: Raging Bolt
|-supereffective|p1a: Raging Bolt
|-damage|p1a: Raging Bolt|39/100
|move|p1a: Raging Bolt|Thunderbolt|p2a: Cresselia
|-damage|p2a: Cresselia|46/100
|
|-weather|SunnyDay|[upkeep]
|-heal|p2a: Cresselia|52/100|[from] item: Leftovers
|upkeep
|turn|6
|
|t:|1779906596
|move|p2a: Cresselia|Moonblast|p1a: Raging Bolt
|-supereffective|p1a: Raging Bolt
|-damage|p1a: Raging Bolt|18/100
|-unboost|p1a: Raging Bolt|spa|1
|move|p1a: Raging Bolt|Thunderbolt|p2a: Cresselia
|-damage|p2a: Cresselia|21/100
|
|-weather|SunnyDay|[upkeep]
|-heal|p2a: Cresselia|27/100|[from] item: Leftovers
|upkeep
|turn|7
|
|t:|1779906601
|move|p2a: Cresselia|Moonlight|p2a: Cresselia
|-heal|p2a: Cresselia|93/100
|move|p1a: Raging Bolt|Thunderbolt|p2a: Cresselia
|-crit|p2a: Cresselia
|-damage|p2a: Cresselia|43/100
|-status|p2a: Cresselia|par
|
|-weather|SunnyDay|[upkeep]
|-heal|p2a: Cresselia|49/100 par|[from] item: Leftovers
|-fieldend|move: Trick Room
|upkeep
|turn|8
|
|t:|1779906607
|move|p1a: Raging Bolt|Thunderbolt|p2a: Cresselia
|-damage|p2a: Cresselia|13/100 par
|move|p2a: Cresselia|Moonlight|p2a: Cresselia
|-heal|p2a: Cresselia|80/100 par
|
|-weather|none
|-end|p1a: Raging Bolt|Protosynthesis
|-heal|p2a: Cresselia|86/100 par|[from] item: Leftovers
|upkeep
|-enditem|p1a: Raging Bolt|Booster Energy
|-activate|p1a: Raging Bolt|ability: Protosynthesis|[fromitem]
|-start|p1a: Raging Bolt|protosynthesisspa
|turn|9
|
|t:|1779906611
|move|p1a: Raging Bolt|Calm Mind|p1a: Raging Bolt
|-boost|p1a: Raging Bolt|spa|1
|-boost|p1a: Raging Bolt|spd|1
|move|p2a: Cresselia|Moonblast|p1a: Raging Bolt
|-supereffective|p1a: Raging Bolt
|-damage|p1a: Raging Bolt|5/100
|
|-heal|p2a: Cresselia|92/100 par|[from] item: Leftovers
|upkeep
|turn|10
|j| yuureisuisei
|
|t:|1779906617
|move|p1a: Raging Bolt|Thunderbolt|p2a: Cresselia
|-damage|p2a: Cresselia|38/100 par
|move|p2a: Cresselia|Moonblast|p1a: Raging Bolt
|-supereffective|p1a: Raging Bolt
|-damage|p1a: Raging Bolt|0 fnt
|faint|p1a: Raging Bolt
|-end|p1a: Raging Bolt|Protosynthesis|[silent]
|
|-heal|p2a: Cresselia|44/100 par|[from] item: Leftovers
|upkeep
|
|t:|1779906623
|switch|p1a: Ogerpon|Ogerpon-Cornerstone, F|100/100
|turn|11
|
|t:|1779906631
|switch|p2a: Zarude|Zarude|100/100
|move|p1a: Ogerpon|Knock Off|p2a: Zarude
|-resisted|p2a: Zarude
|-damage|p2a: Zarude|83/100
|-enditem|p2a: Zarude|Leftovers|[from] move: Knock Off|[of] p1a: Ogerpon
|
|upkeep
|turn|12
|
|t:|1779906650
|move|p2a: Zarude|Synthesis|p2a: Zarude
|-heal|p2a: Zarude|100/100
|move|p1a: Ogerpon|Counter||[still]
|-fail|p1a: Ogerpon
|
|upkeep
|turn|13
|
|t:|1779906658
|switch|p1a: Dragonite|Dragonite, F|100/100
|move|p2a: Zarude|Knock Off|p1a: Dragonite
|-damage|p1a: Dragonite|79/100
|-enditem|p1a: Dragonite|Leftovers|[from] move: Knock Off|[of] p2a: Zarude
|
|upkeep
|turn|14
|
|t:|1779906663
|switch|p2a: Great Tusk|Great Tusk|100/100
|move|p1a: Dragonite|Dragon Dance|p1a: Dragonite
|-boost|p1a: Dragonite|atk|1
|-boost|p1a: Dragonite|spe|1
|
|upkeep
|turn|15
|
|t:|1779906667
|move|p1a: Dragonite|Ice Spinner|p2a: Great Tusk
|-supereffective|p2a: Great Tusk
|-damage|p2a: Great Tusk|40/100
|move|p2a: Great Tusk|Rapid Spin|p1a: Dragonite
|-damage|p1a: Dragonite|64/100
|-boost|p2a: Great Tusk|spe|1
|
|-heal|p2a: Great Tusk|46/100|[from] item: Leftovers
|upkeep
|turn|16
|
|t:|1779906672
|-terastallize|p1a: Dragonite|Steel
|move|p2a: Great Tusk|Ice Spinner|p1a: Dragonite
|-resisted|p1a: Dragonite
|-damage|p1a: Dragonite|53/100
|move|p1a: Dragonite|Ice Spinner|p2a: Great Tusk
|-supereffective|p2a: Great Tusk
|-damage|p2a: Great Tusk|0 fnt
|faint|p2a: Great Tusk
|-end|p2a: Great Tusk|Protosynthesis|[silent]
|
|upkeep
|
|t:|1779906688
|switch|p2a: Torkoal|Torkoal, F|100/100
|-weather|SunnyDay|[from] ability: Drought|[of] p2a: Torkoal
|turn|17
|
|t:|1779906693
|switch|p2a: Cresselia|Cresselia, F|44/100 par
|move|p1a: Dragonite|Earthquake|p2a: Cresselia
|-immune|p2a: Cresselia|[from] ability: Levitate
|
|-weather|SunnyDay|[upkeep]
|-heal|p2a: Cresselia|50/100 par|[from] item: Leftovers
|upkeep
|turn|18
|
|t:|1779906700
|move|p1a: Dragonite|Extreme Speed|p2a: Cresselia
|-damage|p2a: Cresselia|17/100 par
|move|p2a: Cresselia|Trick Room|p2a: Cresselia
|-fieldstart|move: Trick Room|[of] p2a: Cresselia
|
|-weather|SunnyDay|[upkeep]
|-heal|p2a: Cresselia|23/100 par|[from] item: Leftovers
|upkeep
|turn|19
|j| samurajen
|
|t:|1779906714
|move|p1a: Dragonite|Extreme Speed|p2a: Cresselia
|-damage|p2a: Cresselia|0 fnt
|faint|p2a: Cresselia
|
|-weather|SunnyDay|[upkeep]
|upkeep
|
|t:|1779906717
|switch|p2a: Rabsca|Rabsca, F|100/100
|turn|20
|
|t:|1779906721
|move|p1a: Dragonite|Extreme Speed|p2a: Rabsca
|-damage|p2a: Rabsca|52/100
|move|p2a: Rabsca|Weather Ball|p1a: Dragonite
|-supereffective|p1a: Dragonite
|-damage|p1a: Dragonite|0 fnt
|faint|p1a: Dragonite
|
|-weather|SunnyDay|[upkeep]
|upkeep
|
|t:|1779906730
|switch|p1a: Cinderace|Cinderace, M|100/100
|turn|21
|
|t:|1779906733
|move|p2a: Rabsca|Revival Blessing|p2a: Rabsca
|
|t:|1779906739
|-heal|p2: Cresselia|50/100|[from] move: Revival Blessing
|move|p1a: Cinderace|U-turn|p2a: Rabsca
|-start|p1a: Cinderace|typechange|Bug|[from] ability: Libero
|-supereffective|p2a: Rabsca
|-damage|p2a: Rabsca|0 fnt
|faint|p2a: Rabsca
|
|t:|1779906750
|switch|p1a: Iron Crown|Iron Crown|100/100|[from] U-turn
|
|-weather|SunnyDay|[upkeep]
|upkeep
|
|t:|1779906758
|switch|p2a: Torkoal|Torkoal, F|100/100
|turn|22
|
|t:|1779906762
|-end|p1a: Iron Crown|Quark Drive|[silent]
|switch|p1a: Keldeo|Keldeo-Resolute|100/100
|move|p2a: Torkoal|Eruption|p1a: Keldeo
|-resisted|p1a: Keldeo
|-damage|p1a: Keldeo|49/100
|
|-weather|SunnyDay|[upkeep]
|-fieldend|move: Trick Room
|upkeep
|turn|23
|
|t:|1779906769
|switch|p2a: Cresselia|Cresselia, F|50/100
|move|p1a: Keldeo|Flip Turn|p2a: Cresselia
|-damage|p2a: Cresselia|46/100
|
|t:|1779906773
|switch|p1a: Ogerpon|Ogerpon-Cornerstone, F|100/100|[from] Flip Turn
|
|-weather|SunnyDay|[upkeep]
|-heal|p2a: Cresselia|52/100|[from] item: Leftovers
|upkeep
|turn|24
|
|t:|1779906791
|-terastallize|p2a: Cresselia|Poison
|move|p1a: Ogerpon|Knock Off|p2a: Cresselia
|-damage|p2a: Cresselia|22/100
|-enditem|p2a: Cresselia|Leftovers|[from] move: Knock Off|[of] p1a: Ogerpon
|move|p2a: Cresselia|Moonlight|p2a: Cresselia
|-heal|p2a: Cresselia|89/100
|
|-weather|none
|upkeep
|turn|25
|
|t:|1779906804
|switch|p1a: Iron Crown|Iron Crown|100/100
|move|p2a: Cresselia|Trick Room|p2a: Cresselia
|-fieldstart|move: Trick Room|[of] p2a: Cresselia
|
|upkeep
|turn|26
|
|t:|1779906819
|switch|p2a: Walking Wake|Walking Wake|100/100
|move|p1a: Iron Crown|Calm Mind|p1a: Iron Crown
|-boost|p1a: Iron Crown|spa|1
|-boost|p1a: Iron Crown|spd|1
|
|upkeep
|turn|27
|
|t:|1779906825
|move|p1a: Iron Crown|Calm Mind|p1a: Iron Crown
|-boost|p1a: Iron Crown|spa|1
|-boost|p1a: Iron Crown|spd|1
|move|p2a: Walking Wake|Flamethrower|p1a: Iron Crown
|-supereffective|p1a: Iron Crown
|-damage|p1a: Iron Crown|67/100
|-enditem|p1a: Iron Crown|Weakness Policy
|-boost|p1a: Iron Crown|atk|2|[from] item: Weakness Policy
|-boost|p1a: Iron Crown|spa|2|[from] item: Weakness Policy
|
|upkeep
|turn|28
|
|t:|1779906830
|move|p1a: Iron Crown|Stored Power|p2a: Walking Wake
|-damage|p2a: Walking Wake|0 fnt
|faint|p2a: Walking Wake
|-end|p2a: Walking Wake|Protosynthesis|[silent]
|
|upkeep
|
|t:|1779906832
|switch|p2a: Zarude|Zarude|100/100
|turn|29
|
|t:|1779906845
|move|p1a: Iron Crown|Tachyon Cutter|p2a: Zarude
|-damage|p2a: Zarude|35/100
|-damage|p2a: Zarude|0 fnt
|faint|p2a: Zarude
|-hitcount|p2: Zarude|2
|
|-fieldend|move: Trick Room
|upkeep
|-message|kopv18 forfeited.
|
|win|Celsius44
|raw|Celsius44's rating: 1555 &rarr; <strong>1574</strong><br />(+19 for winning)
|raw|kopv18's rating: 1542 &rarr; <strong>1523</strong><br />(-19 for losing)
|l|☆kopv18
|player|p2|
|l|☆Celsius44
|player|p1|
