|j|☆bring09
|j|☆allurqn
|t:|1779945570
|gametype|singles
|player|p1|bring09|102|1378
|player|p2|allurqn|hilda-masters2|1379
|gen|9
|tier|[Gen 9] OU
|rated|
|rule|HP Percentage Mod: HP is shown in percentages
|rule|Endless Battle Clause: Forcing endless battles is banned
|rule|Species Clause: Limit one of each Pokémon
|rule|OHKO Clause: OHKO moves are banned
|rule|Evasion Items Clause: Evasion items are banned
|rule|Evasion Moves Clause: Evasion moves are banned
|rule|Evasion Abilities Clause: Evasion abilities are banned
|rule|Sleep Moves Clause: Sleep-inducing moves are banned
|clearpoke
|poke|p1|Iron Valiant|
|poke|p1|Thundurus-Therian, M|
|poke|p1|Hippowdon, M|
|poke|p1|Cinccino, F|
|poke|p1|Primarina, F|
|poke|p1|Samurott-Hisui, M|
|poke|p2|Kyurem|
|poke|p2|Pecharunt|
|poke|p2|Iron Valiant|
|poke|p2|Gliscor, M|
|poke|p2|Moltres|
|poke|p2|Samurott-Hisui, M|
|teampreview
|l|☆bring09
|player|p1|
|inactive|Battle timer is ON: inactive players will automatically lose when time's up. (requested by allurqn)
|j|☆bring09
|inactive|bring09 reconnected and has 150 seconds left.
|player|p1|bring09|102|
|
|t:|1779945630
|teamsize|p1|6
|teamsize|p2|6
|start
|switch|p1a: RISA|Cinccino, F, shiny|100/100
|switch|p2a: Kyurem|Kyurem|100/100
|-ability|p2a: Kyurem|Pressure
|turn|1
|
|t:|1779945639
|move|p1a: RISA|Rock Blast|p2a: Kyurem
|-supereffective|p2a: Kyurem
|-crit|p2a: Kyurem
|-damage|p2a: Kyurem|69/100
|-supereffective|p2a: Kyurem
|-damage|p2a: Kyurem|51/100
|-supereffective|p2a: Kyurem
|-damage|p2a: Kyurem|32/100
|-supereffective|p2a: Kyurem
|-damage|p2a: Kyurem|13/100
|-hitcount|p2a: Kyurem|4
|move|p2a: Kyurem|Ice Beam|p1a: RISA
|-damage|p1a: RISA|0 fnt
|faint|p1a: RISA
|
|upkeep
|
|t:|1779945661
|switch|p1a: MALO|Thundurus-Therian, M, shiny|100/100
|turn|2
|
|t:|1779945668
|switch|p2a: Gliscor|Gliscor, M|100/100
|move|p1a: MALO|Volt Switch|p2a: Gliscor
|-immune|p2a: Gliscor
|
|-status|p2a: Gliscor|tox|[from] item: Toxic Orb
|upkeep
|turn|3
|inactive|bring09 has 120 seconds left.
|
|t:|1779945697
|switch|p1a: LATAM|Samurott-Hisui, M, shiny|100/100
|move|p2a: Gliscor|Toxic|p1a: LATAM
|-status|p1a: LATAM|tox
|
|-damage|p1a: LATAM|94/100 tox|[from] psn
|upkeep
|turn|4
|
|t:|1779945711
|switch|p2a: Samurott|Samurott-Hisui, M, shiny|100/100
|move|p1a: LATAM|Ceaseless Edge|p2a: Samurott
|-resisted|p2a: Samurott
|-damage|p2a: Samurott|75/100
|-sidestart|p2: allurqn|Spikes
|
|-damage|p1a: LATAM|82/100 tox|[from] psn
|upkeep
|turn|5
|
|t:|1779945720
|move|p1a: LATAM|Sacred Sword|p2a: Samurott
|-supereffective|p2a: Samurott
|-damage|p2a: Samurott|0 fnt
|faint|p2a: Samurott
|
|-damage|p1a: LATAM|63/100 tox|[from] psn
|upkeep
|
|t:|1779945730
|switch|p2a: Iron Valiant|Iron Valiant, shiny|100/100
|-damage|p2a: Iron Valiant|88/100|[from] Spikes
|-enditem|p2a: Iron Valiant|Booster Energy
|-activate|p2a: Iron Valiant|ability: Quark Drive|[fromitem]
|-start|p2a: Iron Valiant|quarkdrivespe
|turn|6
|
|t:|1779945754
|move|p1a: LATAM|Aqua Jet|p2a: Iron Valiant
|-damage|p2a: Iron Valiant|62/100
|move|p2a: Iron Valiant|Moonblast|p1a: LATAM
|-supereffective|p1a: LATAM
|-damage|p1a: LATAM|0 fnt
|faint|p1a: LATAM
|
|upkeep
|inactive|bring09 has 120 seconds left.
|
|t:|1779945770
|switch|p1a: MALO|Thundurus-Therian, M, shiny|100/100
|turn|7
|inactive|bring09 has 120 seconds left.
|
|t:|1779945777
|-end|p2a: Iron Valiant|Quark Drive|[silent]
|switch|p2a: Gliscor|Gliscor, M|100/100 tox
|move|p1a: MALO|Sludge Wave|p2a: Gliscor
|-resisted|p2a: Gliscor
|-damage|p2a: Gliscor|78/100 tox
|
|-heal|p2a: Gliscor|91/100 tox|[from] ability: Poison Heal
|upkeep
|turn|8
|inactive|bring09 has 120 seconds left.
|
|t:|1779945787
|switch|p1a: Hippowdon|Hippowdon, M|100/100
|-weather|Sandstorm|[from] ability: Sand Stream|[of] p1a: Hippowdon
|move|p2a: Gliscor|Toxic|p1a: Hippowdon
|-status|p1a: Hippowdon|tox
|
|-weather|Sandstorm|[upkeep]
|-heal|p2a: Gliscor|100/100 tox|[from] ability: Poison Heal
|-damage|p1a: Hippowdon|94/100 tox|[from] psn
|upkeep
|turn|9
|inactive|bring09 has 120 seconds left.
|
|t:|1779945807
|switch|p1a: DANA|Primarina, F, shiny|100/100
|move|p2a: Gliscor|Knock Off|p1a: DANA
|-resisted|p1a: DANA
|-damage|p1a: DANA|85/100
|-enditem|p1a: DANA|Assault Vest|[from] move: Knock Off|[of] p2a: Gliscor
|
|-weather|Sandstorm|[upkeep]
|-damage|p1a: DANA|79/100|[from] Sandstorm
|upkeep
|turn|10
|inactive|bring09 has 120 seconds left.
|
|t:|1779945832
|switch|p2a: Kyurem|Kyurem|13/100
|-damage|p2a: Kyurem|1/100|[from] Spikes
|-ability|p2a: Kyurem|Pressure
|move|p1a: DANA|Ice Beam|p2a: Kyurem
|-damage|p2a: Kyurem|0 fnt
|faint|p2a: Kyurem
|
|-weather|Sandstorm|[upkeep]
|-damage|p1a: DANA|73/100|[from] Sandstorm
|upkeep
|
|t:|1779945843
|switch|p2a: Pecharunt|Pecharunt|100/100
|turn|11
|
|t:|1779945852
|-terastallize|p1a: DANA|Rock
|move|p2a: Pecharunt|Malignant Chain|p1a: DANA
|-resisted|p1a: DANA
|-damage|p1a: DANA|65/100
|-status|p1a: DANA|tox
|-start|p1a: DANA|confusion|[from] ability: Poison Puppeteer|[of] p2a: Pecharunt
|-activate|p1a: DANA|confusion
|-damage|p1a: DANA|56/100 tox|[from] confusion
|
|-weather|Sandstorm|[upkeep]
|-damage|p2a: Pecharunt|94/100|[from] Sandstorm
|-damage|p1a: DANA|50/100 tox|[from] psn
|upkeep
|turn|12
|
|t:|1779945867
|move|p2a: Pecharunt|Parting Shot|p1a: DANA
|-unboost|p1a: DANA|atk|1
|-unboost|p1a: DANA|spa|1
|
|t:|1779945873
|switch|p2a: Iron Valiant|Iron Valiant, shiny|62/100|[from] Parting Shot
|-damage|p2a: Iron Valiant|50/100|[from] Spikes
|-activate|p1a: DANA|confusion
|move|p1a: DANA|Hyper Voice|p2a: Iron Valiant
|-damage|p2a: Iron Valiant|0 fnt
|faint|p2a: Iron Valiant
|-end|p2a: Iron Valiant|Quark Drive|[silent]
|
|-weather|none
|-damage|p1a: DANA|38/100 tox|[from] psn
|upkeep
|
|t:|1779945882
|switch|p2a: Gliscor|Gliscor, M|100/100 tox
|turn|13
|
|t:|1779945885
|move|p2a: Gliscor|Earthquake|p1a: DANA
|-supereffective|p1a: DANA
|-damage|p1a: DANA|0 fnt
|faint|p1a: DANA
|
|upkeep
|
|t:|1779945905
|switch|p1a: Soldier|Iron Valiant, shiny|100/100
|-enditem|p1a: Soldier|Booster Energy
|-activate|p1a: Soldier|ability: Quark Drive|[fromitem]
|-start|p1a: Soldier|quarkdrivespe
|turn|14
|
|t:|1779945913
|move|p1a: Soldier|Future Sight|p2a: Gliscor
|-start|p1a: Soldier|move: Future Sight
|move|p2a: Gliscor|Toxic|p1a: Soldier
|-status|p1a: Soldier|tox
|
|-damage|p1a: Soldier|94/100 tox|[from] psn
|upkeep
|turn|15
|
|t:|1779945934
|move|p1a: Soldier|Moonblast|p2a: Gliscor
|-crit|p2a: Gliscor
|-damage|p2a: Gliscor|10/100 tox
|-unboost|p2a: Gliscor|spa|1
|move|p2a: Gliscor|Earthquake|p1a: Soldier
|-damage|p1a: Soldier|53/100 tox
|
|-damage|p1a: Soldier|40/100 tox|[from] psn
|-heal|p2a: Gliscor|22/100 tox|[from] ability: Poison Heal
|upkeep
|turn|16
|
|t:|1779945951
|-end|p1a: Soldier|Quark Drive|[silent]
|switch|p1a: MALO|Thundurus-Therian, M, shiny|100/100
|switch|p2a: Moltres|Moltres|100/100
|
|-end|p2a: Moltres|move: Future Sight
|-damage|p2a: Moltres|67/100
|upkeep
|turn|17
|
|t:|1779945967
|switch|p2a: Gliscor|Gliscor, M|22/100 tox
|move|p1a: MALO|Volt Switch|p2a: Gliscor
|-immune|p2a: Gliscor
|
|-heal|p2a: Gliscor|34/100 tox|[from] ability: Poison Heal
|upkeep
|turn|18
|
|t:|1779945983
|switch|p1a: Hippowdon|Hippowdon, M|94/100 tox
|-weather|Sandstorm|[from] ability: Sand Stream|[of] p1a: Hippowdon
|move|p2a: Gliscor|Protect||[still]
|-fail|p2a: Gliscor
|
|-weather|Sandstorm|[upkeep]
|-heal|p1a: Hippowdon|100/100 tox|[from] item: Leftovers
|-heal|p2a: Gliscor|47/100 tox|[from] ability: Poison Heal
|-damage|p1a: Hippowdon|94/100 tox|[from] psn
|upkeep
|turn|19
|
|t:|1779946000
|move|p2a: Gliscor|Knock Off|p1a: Hippowdon
|-damage|p1a: Hippowdon|83/100 tox
|-enditem|p1a: Hippowdon|Leftovers|[from] move: Knock Off|[of] p2a: Gliscor
|move|p1a: Hippowdon|Roar|p2a: Gliscor
|drag|p2a: Pecharunt|Pecharunt|94/100
|
|-weather|Sandstorm|[upkeep]
|-damage|p2a: Pecharunt|88/100|[from] Sandstorm
|-damage|p1a: Hippowdon|71/100 tox|[from] psn
|upkeep
|turn|20
|
|t:|1779946010
|move|p2a: Pecharunt|Parting Shot|p1a: Hippowdon
|-unboost|p1a: Hippowdon|atk|1
|-unboost|p1a: Hippowdon|spa|1
|
|t:|1779946014
|switch|p2a: Gliscor|Gliscor, M|47/100 tox|[from] Parting Shot
|move|p1a: Hippowdon|Earthquake|p2a: Gliscor
|-immune|p2a: Gliscor
|
|-weather|Sandstorm|[upkeep]
|-heal|p2a: Gliscor|59/100 tox|[from] ability: Poison Heal
|-damage|p1a: Hippowdon|52/100 tox|[from] psn
|upkeep
|turn|21
|
|t:|1779946027
|move|p2a: Gliscor|Earthquake|p1a: Hippowdon
|-damage|p1a: Hippowdon|36/100 tox
|move|p1a: Hippowdon|Roar|p2a: Gliscor
|drag|p2a: Moltres|Moltres|67/100
|
|-weather|Sandstorm|[upkeep]
|-damage|p2a: Moltres|60/100|[from] Sandstorm
|-damage|p1a: Hippowdon|11/100 tox|[from] psn
|upkeep
|turn|22
|
|t:|1779946041
|move|p2a: Moltres|Roost|p2a: Moltres
|-heal|p2a: Moltres|100/100
|-singleturn|p2a: Moltres|move: Roost
|move|p1a: Hippowdon|Slack Off|p1a: Hippowdon
|-heal|p1a: Hippowdon|61/100 tox
|
|-weather|none
|-damage|p1a: Hippowdon|30/100 tox|[from] psn
|upkeep
|turn|23
|
|t:|1779946050
|move|p2a: Moltres|U-turn|p1a: Hippowdon
|-damage|p1a: Hippowdon|22/100 tox
|
|t:|1779946054
|switch|p2a: Gliscor|Gliscor, M|59/100 tox|[from] U-turn
|move|p1a: Hippowdon|Roar|p2a: Gliscor
|drag|p2a: Moltres|Moltres|100/100
|
|-damage|p1a: Hippowdon|0 fnt|[from] psn
|faint|p1a: Hippowdon
|upkeep
|
|t:|1779946069
|switch|p1a: Soldier|Iron Valiant, shiny|40/100 tox
|turn|24
|
|t:|1779946073
|move|p1a: Soldier|Future Sight|p2a: Moltres
|-start|p1a: Soldier|move: Future Sight
|move|p2a: Moltres|Flamethrower|p1a: Soldier
|-damage|p1a: Soldier|0 fnt
|faint|p1a: Soldier
|-end|p1a: Soldier|Quark Drive|[silent]
|
|upkeep
|
|t:|1779946078
|switch|p1a: MALO|Thundurus-Therian, M, shiny|100/100
|turn|25
|
|t:|1779946087
|-terastallize|p2a: Moltres|Dragon
|move|p1a: MALO|Sludge Wave|p2a: Moltres
|-damage|p2a: Moltres|64/100
|move|p2a: Moltres|Flamethrower|p1a: MALO
|-damage|p1a: MALO|45/100
|
|upkeep
|turn|26
|
|t:|1779946094
|move|p1a: MALO|Sludge Wave|p2a: Moltres
|-damage|p2a: Moltres|27/100
|move|p2a: Moltres|Flamethrower|p1a: MALO
|-damage|p1a: MALO|0 fnt
|faint|p1a: MALO
|
|win|allurqn
|raw|bring09's rating: 1378 &rarr; <strong>1358</strong><br />(-20 for losing)
|raw|allurqn's rating: 1379 &rarr; <strong>1399</strong><br />(+20 for winning)
|l|☆bring09
|player|p1|
