|j|☆monkeyhighbooster
|j|‽Mellodinni
|t:|1779878656
|gametype|singles
|player|p1|monkeyhighbooster|cynthia|1386
|player|p2|Mellodinni|2|1357
|gen|9
|tier|[Gen 9] OU
|rated|
|rule|HP Percentage Mod: HP is shown in percentages
|rule|Endless Battle Clause: Forcing endless battles is banned
|rule|Species Clause: Limit one of each Pokémon
|rule|OHKO Clause: OHKO moves are banned
|rule|Evasion Items Clause: Evasion items are banned
|rule|Evasion Moves Clause: Evasion moves are banned
|rule|Evasion Abilities Clause: Evasion abilities are banned
|rule|Sleep Moves Clause: Sleep-inducing moves are banned
|clearpoke
|poke|p1|Swampert, F|
|poke|p1|Arboliva, F|
|poke|p1|Heatran, M|
|poke|p1|Great Tusk|
|poke|p1|Raging Bolt|
|poke|p1|Decidueye, F|
|poke|p2|Raging Bolt|
|poke|p2|Torkoal, M|
|poke|p2|Walking Wake|
|poke|p2|Great Tusk|
|poke|p2|Lilligant-Hisui, F|
|poke|p2|Slither Wing|
|teampreview
|
|t:|1779878670
|teamsize|p1|6
|teamsize|p2|6
|start
|switch|p1a: Swampert|Swampert, F, shiny|100/100
|switch|p2a: Torkoal|Torkoal, M|100/100
|-weather|SunnyDay|[from] ability: Drought|[of] p2a: Torkoal
|turn|1
|
|t:|1779878681
|move|p1a: Swampert|Flip Turn|p2a: Torkoal
|-supereffective|p2a: Torkoal
|-damage|p2a: Torkoal|79/100
|
|t:|1779878686
|switch|p1a: Heatran|Heatran, M|100/100|[from] Flip Turn
|move|p2a: Torkoal|Will-O-Wisp|p1a: Heatran
|-start|p1a: Heatran|ability: Flash Fire
|
|-weather|SunnyDay|[upkeep]
|upkeep
|turn|2
|
|t:|1779878691
|move|p1a: Heatran|Stealth Rock|p2a: Torkoal
|-sidestart|p2: Mellodinni|move: Stealth Rock
|move|p2a: Torkoal|Stealth Rock|p1a: Heatran
|-sidestart|p1: monkeyhighbooster|move: Stealth Rock
|
|-weather|SunnyDay|[upkeep]
|upkeep
|turn|3
|
|t:|1779878696
|switch|p2a: Walking Wake|Walking Wake|100/100
|-damage|p2a: Walking Wake|88/100|[from] Stealth Rock
|-activate|p2a: Walking Wake|ability: Protosynthesis
|-start|p2a: Walking Wake|protosynthesisspa
|move|p1a: Heatran|Magma Storm|p2a: Walking Wake|[miss]
|-miss|p1a: Heatran|p2a: Walking Wake
|
|-weather|SunnyDay|[upkeep]
|upkeep
|turn|4
|
|t:|1779878713
|move|p1a: Heatran|Protect|p1a: Heatran
|-singleturn|p1a: Heatran|Protect
|move|p2a: Walking Wake|Flamethrower|p1a: Heatran
|-activate|p1a: Heatran|move: Protect
|
|-weather|SunnyDay|[upkeep]
|upkeep
|turn|5
|inactive|Battle timer is ON: inactive players will automatically lose when time's up. (requested by monkeyhighbooster)
|
|t:|1779878736
|-end|p2a: Walking Wake|Protosynthesis|[silent]
|switch|p2a: Great Tusk|Great Tusk|100/100
|-activate|p2a: Great Tusk|ability: Protosynthesis
|-start|p2a: Great Tusk|protosynthesisatk
|move|p1a: Heatran|Magma Storm|p2a: Great Tusk
|-damage|p2a: Great Tusk|0 fnt
|faint|p2a: Great Tusk
|-end|p2a: Great Tusk|Protosynthesis|[silent]
|
|-weather|SunnyDay|[upkeep]
|upkeep
|
|t:|1779878743
|switch|p2a: Slither Wing|Slither Wing|100/100
|-damage|p2a: Slither Wing|88/100|[from] Stealth Rock
|-activate|p2a: Slither Wing|ability: Protosynthesis
|-start|p2a: Slither Wing|protosynthesisatk
|turn|6
|
|t:|1779878753
|move|p2a: Slither Wing|Low Kick|p1a: Heatran
|-supereffective|p1a: Heatran
|-damage|p1a: Heatran|0 fnt
|faint|p1a: Heatran
|
|-weather|SunnyDay|[upkeep]
|upkeep
|inactive|monkeyhighbooster has 120 seconds left.
|
|t:|1779878791
|switch|p1a: Swampert|Swampert, F, shiny|100/100
|-damage|p1a: Swampert|94/100|[from] Stealth Rock
|turn|7
|
|t:|1779878798
|move|p1a: Swampert|Knock Off|p2a: Slither Wing
|-resisted|p2a: Slither Wing
|-damage|p2a: Slither Wing|70/100
|-enditem|p2a: Slither Wing|Silver Powder|[from] move: Knock Off|[of] p1a: Swampert
|move|p2a: Slither Wing|U-turn|p1a: Swampert
|-damage|p1a: Swampert|33/100
|
|t:|1779878807
|-end|p2a: Slither Wing|Protosynthesis|[silent]
|switch|p2a: Lilligant|Lilligant-Hisui, F|100/100|[from] U-turn
|-damage|p2a: Lilligant|94/100|[from] Stealth Rock
|
|-weather|SunnyDay|[upkeep]
|upkeep
|turn|8
|
|t:|1779878818
|move|p2a: Lilligant|Triple Axel|p1a: Swampert|[miss]
|-miss|p2a: Lilligant|p1a: Swampert
|move|p1a: Swampert|Knock Off|p2a: Lilligant
|-resisted|p2a: Lilligant
|-crit|p2a: Lilligant
|-damage|p2a: Lilligant|60/100
|-enditem|p2a: Lilligant|Choice Band|[from] move: Knock Off|[of] p1a: Swampert
|
|-weather|none
|upkeep
|turn|9
|inactive|monkeyhighbooster has 120 seconds left.
|
|t:|1779878851
|switch|p1a: Arboliva|Arboliva, F|100/100
|-damage|p1a: Arboliva|88/100|[from] Stealth Rock
|move|p2a: Lilligant|Solar Blade||[still]
|-prepare|p2a: Lilligant|Solar Blade
|
|upkeep
|turn|10
|inactive|monkeyhighbooster has 90 seconds left.
|-message|Mellodinni forfeited.
|
|win|monkeyhighbooster
|raw|monkeyhighbooster's rating: 1386 &rarr; <strong>1404</strong><br />(+18 for winning)
|raw|Mellodinni's rating: 1357 &rarr; <strong>1339</strong><br />(-18 for losing)
|l|‽Mellodinni
|player|p2|
|l|☆monkeyhighbooster
|player|p1|
