|j|‽Abigcamel
|j|☆Embid❤️mah
|t:|1779870825
|gametype|singles
|player|p1|Abigcamel|morty|1464
|player|p2|Embid❤️mah|swimmer|1424
|gen|9
|tier|[Gen 9] OU
|rated|
|rule|HP Percentage Mod: HP is shown in percentages
|rule|Endless Battle Clause: Forcing endless battles is banned
|rule|Species Clause: Limit one of each Pokémon
|rule|OHKO Clause: OHKO moves are banned
|rule|Evasion Items Clause: Evasion items are banned
|rule|Evasion Moves Clause: Evasion moves are banned
|rule|Evasion Abilities Clause: Evasion abilities are banned
|rule|Sleep Moves Clause: Sleep-inducing moves are banned
|clearpoke
|poke|p1|Pelipper, F|
|poke|p1|Iron Treads|
|poke|p1|Kingdra, F|
|poke|p1|Poliwrath, F|
|poke|p1|Toxicroak, F|
|poke|p1|Raging Bolt|
|poke|p2|Dragonite, F|
|poke|p2|Gholdengo|
|poke|p2|Iron Crown|
|poke|p2|Glimmora, F|
|poke|p2|Ting-Lu|
|poke|p2|Ogerpon-Wellspring, F|
|teampreview
|inactive|Battle timer is ON: inactive players will automatically lose when time's up. (requested by Embid❤️mah)
|inactive|Abigcamel also wants the timer to be on.
|
|t:|1779870842
|teamsize|p1|6
|teamsize|p2|6
|start
|switch|p1a: Pelipper|Pelipper, F|100/100
|switch|p2a: Glimmora|Glimmora, F|100/100
|-weather|RainDance|[from] ability: Drizzle|[of] p1a: Pelipper
|turn|1
|
|t:|1779870846
|switch|p1a: Iron Treads|Iron Treads|100/100
|-enditem|p1a: Iron Treads|Booster Energy
|-activate|p1a: Iron Treads|ability: Quark Drive|[fromitem]
|-start|p1a: Iron Treads|quarkdrivespe
|move|p2a: Glimmora|Meteor Beam||[still]
|-prepare|p2a: Glimmora|Meteor Beam
|-boost|p2a: Glimmora|spa|1
|-enditem|p2a: Glimmora|Power Herb
|-anim|p2a: Glimmora|Meteor Beam|p1a: Iron Treads|[miss]
|-miss|p2a: Glimmora|p1a: Iron Treads
|
|-weather|RainDance|[upkeep]
|upkeep
|turn|2
|
|t:|1779870858
|switch|p2a: Ting-Lu|Ting-Lu|100/100
|-ability|p2a: Ting-Lu|Vessel of Ruin
|move|p1a: Iron Treads|Earthquake|p2a: Ting-Lu
|-damage|p2a: Ting-Lu|80/100
|
|-weather|RainDance|[upkeep]
|upkeep
|turn|3
|
|t:|1779870865
|move|p1a: Iron Treads|Stealth Rock|p2a: Ting-Lu
|-sidestart|p2: Embid❤️mah|move: Stealth Rock
|move|p2a: Ting-Lu|Whirlwind|p1a: Iron Treads
|-end|p1a: Iron Treads|Quark Drive|[silent]
|drag|p1a: Pelipper|Pelipper, F|100/100
|
|-weather|RainDance|[upkeep]
|upkeep
|turn|4
|
|t:|1779870874
|move|p1a: Pelipper|U-turn|p2a: Ting-Lu
|-supereffective|p2a: Ting-Lu
|-damage|p2a: Ting-Lu|71/100
|-damage|p1a: Pelipper|84/100|[from] item: Rocky Helmet|[of] p2a: Ting-Lu
|
|t:|1779870882
|switch|p1a: Poliwrath|Poliwrath, F|100/100|[from] U-turn
|move|p2a: Ting-Lu|Spikes|p1a: Poliwrath
|-sidestart|p1: Abigcamel|Spikes
|
|-weather|RainDance|[upkeep]
|upkeep
|turn|5
|
|t:|1779870901
|switch|p2a: Ogerpon|Ogerpon-Wellspring, F|100/100
|-damage|p2a: Ogerpon|88/100|[from] Stealth Rock
|move|p1a: Poliwrath|Close Combat|p2a: Ogerpon
|-damage|p2a: Ogerpon|0 fnt
|-unboost|p1a: Poliwrath|def|1
|-unboost|p1a: Poliwrath|spd|1
|faint|p2a: Ogerpon
|
|-weather|RainDance|[upkeep]
|upkeep
|
|t:|1779870912
|switch|p2a: Gholdengo|Gholdengo|100/100
|-damage|p2a: Gholdengo|94/100|[from] Stealth Rock
|turn|6
|
|t:|1779870921
|switch|p1a: Iron Treads|Iron Treads|100/100
|-damage|p1a: Iron Treads|88/100|[from] Spikes
|move|p2a: Gholdengo|Focus Blast|p1a: Iron Treads
|-supereffective|p1a: Iron Treads
|-damage|p1a: Iron Treads|0 fnt
|faint|p1a: Iron Treads
|-end|p1a: Iron Treads|Quark Drive|[silent]
|
|-weather|RainDance|[upkeep]
|upkeep
|
|t:|1779870928
|switch|p1a: Poliwrath|Poliwrath, F|100/100
|-damage|p1a: Poliwrath|88/100|[from] Spikes
|turn|7
|
|t:|1779870938
|move|p1a: Poliwrath|Knock Off|p2a: Gholdengo
|-supereffective|p2a: Gholdengo
|-enditem|p2a: Gholdengo|Colbur Berry|[eat]
|-enditem|p2a: Gholdengo|Colbur Berry|[weaken]
|-damage|p2a: Gholdengo|63/100
|move|p2a: Gholdengo|Recover|p2a: Gholdengo
|-heal|p2a: Gholdengo|100/100
|
|-weather|RainDance|[upkeep]
|upkeep
|turn|8
|
|t:|1779870954
|switch|p1a: Toxicroak|Toxicroak, F|100/100
|-damage|p1a: Toxicroak|88/100|[from] Spikes
|move|p2a: Gholdengo|Thunder Wave|p1a: Toxicroak
|-status|p1a: Toxicroak|par
|
|-weather|none
|upkeep
|turn|9
|
|t:|1779870962
|move|p2a: Gholdengo|Hex|p1a: Toxicroak
|-damage|p1a: Toxicroak|18/100 par
|move|p1a: Toxicroak|Knock Off|p2a: Gholdengo
|-supereffective|p2a: Gholdengo
|-damage|p2a: Gholdengo|78/100
|
|upkeep
|turn|10
|
|t:|1779870968
|move|p2a: Gholdengo|Hex|p1a: Toxicroak
|-damage|p1a: Toxicroak|0 fnt
|faint|p1a: Toxicroak
|
|upkeep
|
|t:|1779870974
|switch|p1a: Pelipper|Pelipper, F|84/100
|-weather|RainDance|[from] ability: Drizzle|[of] p1a: Pelipper
|turn|11
|
|t:|1779870982
|switch|p2a: Ting-Lu|Ting-Lu|71/100
|-damage|p2a: Ting-Lu|65/100|[from] Stealth Rock
|-ability|p2a: Ting-Lu|Vessel of Ruin
|move|p1a: Pelipper|U-turn|p2a: Ting-Lu
|-supereffective|p2a: Ting-Lu
|-damage|p2a: Ting-Lu|56/100
|-damage|p1a: Pelipper|67/100|[from] item: Rocky Helmet|[of] p2a: Ting-Lu
|
|t:|1779870988
|switch|p1a: Poliwrath|Poliwrath, F|88/100|[from] U-turn
|-damage|p1a: Poliwrath|76/100|[from] Spikes
|
|-weather|RainDance|[upkeep]
|upkeep
|turn|12
|
|t:|1779870994
|switch|p2a: Gholdengo|Gholdengo|78/100
|-damage|p2a: Gholdengo|72/100|[from] Stealth Rock
|move|p1a: Poliwrath|Liquidation|p2a: Gholdengo
|-damage|p2a: Gholdengo|6/100
|
|-weather|RainDance|[upkeep]
|upkeep
|turn|13
|
|t:|1779871006
|move|p1a: Poliwrath|Liquidation|p2a: Gholdengo
|-damage|p2a: Gholdengo|0 fnt
|faint|p2a: Gholdengo
|
|-weather|RainDance|[upkeep]
|upkeep
|
|t:|1779871015
|switch|p2a: Dragonite|Dragonite, F|100/100
|turn|14
|
|t:|1779871024
|move|p1a: Poliwrath|Liquidation|p2a: Dragonite
|-resisted|p2a: Dragonite
|-damage|p2a: Dragonite|82/100
|move|p2a: Dragonite|Dragon Tail|p1a: Poliwrath
|-damage|p1a: Poliwrath|35/100
|drag|p1a: Raging Bolt|Raging Bolt|100/100
|-damage|p1a: Raging Bolt|88/100|[from] Spikes
|-enditem|p1a: Raging Bolt|Booster Energy
|-activate|p1a: Raging Bolt|ability: Protosynthesis|[fromitem]
|-start|p1a: Raging Bolt|protosynthesisspa
|
|-weather|RainDance|[upkeep]
|upkeep
|turn|15
|
|t:|1779871034
|switch|p2a: Ting-Lu|Ting-Lu|56/100
|-damage|p2a: Ting-Lu|49/100|[from] Stealth Rock
|-ability|p2a: Ting-Lu|Vessel of Ruin
|-terastallize|p1a: Raging Bolt|Bug
|move|p1a: Raging Bolt|Dragon Pulse|p2a: Ting-Lu
|-damage|p2a: Ting-Lu|23/100
|
|-weather|RainDance|[upkeep]
|upkeep
|turn|16
|
|t:|1779871043
|move|p1a: Raging Bolt|Weather Ball|p2a: Ting-Lu
|-supereffective|p2a: Ting-Lu
|-damage|p2a: Ting-Lu|0 fnt
|faint|p2a: Ting-Lu
|
|-weather|RainDance|[upkeep]
|upkeep
|
|t:|1779871048
|switch|p2a: Glimmora|Glimmora, F|100/100
|-damage|p2a: Glimmora|88/100|[from] Stealth Rock
|turn|17
|
|t:|1779871056
|move|p2a: Glimmora|Stealth Rock|p1a: Raging Bolt
|-sidestart|p1: Abigcamel|move: Stealth Rock
|move|p1a: Raging Bolt|Weather Ball|p2a: Glimmora
|-supereffective|p2a: Glimmora
|-damage|p2a: Glimmora|0 fnt
|faint|p2a: Glimmora
|
|-weather|RainDance|[upkeep]
|upkeep
|
|t:|1779871074
|switch|p2a: Dragonite|Dragonite, F|82/100
|turn|18
|
|t:|1779871084
|-terastallize|p2a: Dragonite|Normal
|move|p1a: Raging Bolt|Thunder|p2a: Dragonite
|-damage|p2a: Dragonite|11/100
|-status|p2a: Dragonite|par
|move|p2a: Dragonite|Roost|p2a: Dragonite
|-heal|p2a: Dragonite|61/100 par
|
|-weather|none
|upkeep
|turn|19
|
|t:|1779871095
|move|p1a: Raging Bolt|Dragon Pulse|p2a: Dragonite
|-damage|p2a: Dragonite|0 fnt
|faint|p2a: Dragonite
|
|upkeep
|
|t:|1779871097
|switch|p2a: Iron Crown|Iron Crown|100/100
|-damage|p2a: Iron Crown|94/100|[from] Stealth Rock
|-enditem|p2a: Iron Crown|Booster Energy
|-activate|p2a: Iron Crown|ability: Quark Drive|[fromitem]
|-start|p2a: Iron Crown|quarkdrivespe
|turn|20
|
|t:|1779871106
|move|p2a: Iron Crown|Calm Mind|p2a: Iron Crown
|-boost|p2a: Iron Crown|spa|1
|-boost|p2a: Iron Crown|spd|1
|move|p1a: Raging Bolt|Dragon Pulse|p2a: Iron Crown
|-resisted|p2a: Iron Crown
|-damage|p2a: Iron Crown|75/100
|
|upkeep
|turn|21
|
|t:|1779871114
|-end|p1a: Raging Bolt|Protosynthesis|[silent]
|switch|p1a: Pelipper|Pelipper, F|67/100
|-damage|p1a: Pelipper|42/100|[from] Stealth Rock
|-weather|RainDance|[from] ability: Drizzle|[of] p1a: Pelipper
|move|p2a: Iron Crown|Tachyon Cutter|p1a: Pelipper
|-resisted|p1a: Pelipper
|-damage|p1a: Pelipper|16/100
|-resisted|p1a: Pelipper
|-damage|p1a: Pelipper|0 fnt
|faint|p1a: Pelipper
|-hitcount|p1: Pelipper|2
|
|-weather|RainDance|[upkeep]
|upkeep
|
|t:|1779871119
|switch|p1a: Kingdra|Kingdra, F|100/100
|-damage|p1a: Kingdra|88/100|[from] Spikes
|-damage|p1a: Kingdra|76/100|[from] Stealth Rock
|turn|22
|
|t:|1779871131
|move|p1a: Kingdra|Flip Turn|p2a: Iron Crown
|-damage|p2a: Iron Crown|46/100
|
|t:|1779871133
|switch|p1a: Poliwrath|Poliwrath, F|35/100|[from] Flip Turn
|-damage|p1a: Poliwrath|23/100|[from] Spikes
|-damage|p1a: Poliwrath|17/100|[from] Stealth Rock
|move|p2a: Iron Crown|Psyshock|p1a: Poliwrath
|-supereffective|p1a: Poliwrath
|-damage|p1a: Poliwrath|0 fnt
|faint|p1a: Poliwrath
|
|-weather|RainDance|[upkeep]
|upkeep
|
|t:|1779871137
|switch|p1a: Kingdra|Kingdra, F|76/100
|-damage|p1a: Kingdra|64/100|[from] Spikes
|-damage|p1a: Kingdra|51/100|[from] Stealth Rock
|turn|23
|
|t:|1779871141
|move|p1a: Kingdra|Weather Ball|p2a: Iron Crown
|-damage|p2a: Iron Crown|0 fnt
|faint|p2a: Iron Crown
|-end|p2a: Iron Crown|Quark Drive|[silent]
|
|win|Abigcamel
|raw|Abigcamel's rating: 1464 &rarr; <strong>1482</strong><br />(+18 for winning)
|raw|Embid❤️mah's rating: 1424 &rarr; <strong>1406</strong><br />(-18 for losing)
|l|‽Abigcamel
|player|p1|
