|j|☆mafuyuyume
|j|☆Archerdadon
|t:|1779941887
|gametype|singles
|player|p1|mafuyuyume|169|1381
|player|p2|Archerdadon|marshal|1538
|gen|9
|tier|[Gen 9] OU
|rated|
|rule|HP Percentage Mod: HP is shown in percentages
|rule|Endless Battle Clause: Forcing endless battles is banned
|rule|Species Clause: Limit one of each Pokémon
|rule|OHKO Clause: OHKO moves are banned
|rule|Evasion Items Clause: Evasion items are banned
|rule|Evasion Moves Clause: Evasion moves are banned
|rule|Evasion Abilities Clause: Evasion abilities are banned
|rule|Sleep Moves Clause: Sleep-inducing moves are banned
|clearpoke
|poke|p1|Enamorus, F|
|poke|p1|Weavile, M|
|poke|p1|Dragapult, F|
|poke|p1|Gholdengo|
|poke|p1|Great Tusk|
|poke|p1|Samurott-Hisui, M|
|poke|p2|Dondozo, M|
|poke|p2|Great Tusk|
|poke|p2|Ting-Lu|
|poke|p2|Glimmora, F|
|poke|p2|Scizor, M|
|poke|p2|Weezing-Galar, M|
|teampreview
|inactive|Battle timer is ON: inactive players will automatically lose when time's up. (requested by Archerdadon)
|
|t:|1779941897
|teamsize|p1|6
|teamsize|p2|6
|start
|switch|p1a: Gramps|Samurott-Hisui, M|100/100
|switch|p2a: Glimmora|Glimmora, F|100/100
|turn|1
|
|t:|1779941903
|move|p2a: Glimmora|Dazzling Gleam|p1a: Gramps
|-supereffective|p1a: Gramps
|-damage|p1a: Gramps|10/100
|move|p1a: Gramps|Razor Shell|p2a: Glimmora
|-supereffective|p2a: Glimmora
|-enditem|p2a: Glimmora|Focus Sash
|-damage|p2a: Glimmora|1/100
|-unboost|p2a: Glimmora|def|1
|-activate|p2a: Glimmora|ability: Toxic Debris
|-sidestart|p1: mafuyuyume|move: Toxic Spikes
|
|upkeep
|turn|2
|
|t:|1779941910
|move|p1a: Gramps|Aqua Jet|p2a: Glimmora
|-supereffective|p2a: Glimmora
|-damage|p2a: Glimmora|0 fnt
|-activate|p2a: Glimmora|ability: Toxic Debris
|-sidestart|p1: mafuyuyume|move: Toxic Spikes
|faint|p2a: Glimmora
|
|upkeep
|
|t:|1779941912
|switch|p2a: Great Tusk|Great Tusk|100/100
|turn|3
|
|t:|1779941916
|move|p1a: Gramps|Aqua Jet|p2a: Great Tusk
|-supereffective|p2a: Great Tusk
|-damage|p2a: Great Tusk|81/100
|move|p2a: Great Tusk|Rapid Spin|p1a: Gramps
|-damage|p1a: Gramps|0 fnt
|-boost|p2a: Great Tusk|spe|1
|faint|p1a: Gramps
|
|upkeep
|
|t:|1779941927
|switch|p1a: Enamorus|Enamorus, F|100/100
|turn|4
|
|t:|1779941930
|-end|p2a: Great Tusk|Protosynthesis|[silent]
|switch|p2a: Ting-Lu|Ting-Lu|100/100
|-ability|p2a: Ting-Lu|Vessel of Ruin
|move|p1a: Enamorus|Moonblast|p2a: Ting-Lu
|-supereffective|p2a: Ting-Lu
|-damage|p2a: Ting-Lu|62/100
|
|-heal|p2a: Ting-Lu|68/100|[from] item: Leftovers
|upkeep
|turn|5
|
|t:|1779941940
|-terastallize|p2a: Ting-Lu|Ghost
|move|p1a: Enamorus|Moonblast|p2a: Ting-Lu
|-damage|p2a: Ting-Lu|45/100
|-unboost|p2a: Ting-Lu|spa|1
|move|p2a: Ting-Lu|Payback|p1a: Enamorus
|-resisted|p1a: Enamorus
|-damage|p1a: Enamorus|69/100
|
|-heal|p2a: Ting-Lu|51/100|[from] item: Leftovers
|upkeep
|turn|6
|inactive|mafuyuyume has 120 seconds left.
|
|t:|1779941981
|switch|p1a: Great Tusk|Great Tusk|100/100
|-status|p1a: Great Tusk|tox
|-enditem|p1a: Great Tusk|Booster Energy
|-activate|p1a: Great Tusk|ability: Protosynthesis|[fromitem]
|-start|p1a: Great Tusk|protosynthesisatk
|move|p2a: Ting-Lu|Stealth Rock|p1a: Great Tusk
|-sidestart|p1: mafuyuyume|move: Stealth Rock
|
|-heal|p2a: Ting-Lu|57/100|[from] item: Leftovers
|-damage|p1a: Great Tusk|94/100 tox|[from] psn
|upkeep
|turn|7
|
|t:|1779941989
|move|p1a: Great Tusk|Knock Off|p2a: Ting-Lu
|-supereffective|p2a: Ting-Lu
|-damage|p2a: Ting-Lu|6/100
|-enditem|p2a: Ting-Lu|Leftovers|[from] move: Knock Off|[of] p1a: Great Tusk
|move|p2a: Ting-Lu|Rest|p2a: Ting-Lu
|-status|p2a: Ting-Lu|slp|[from] move: Rest
|-heal|p2a: Ting-Lu|100/100 slp|[silent]
|
|-damage|p1a: Great Tusk|82/100 tox|[from] psn
|upkeep
|turn|8
|inactive|mafuyuyume has 120 seconds left.
|
|t:|1779942017
|-end|p1a: Great Tusk|Protosynthesis|[silent]
|switch|p1a: Gholdengo|Gholdengo|100/100
|-damage|p1a: Gholdengo|94/100|[from] Stealth Rock
|-item|p1a: Gholdengo|Air Balloon
|cant|p2a: Ting-Lu|slp
|
|upkeep
|turn|9
|
|t:|1779942027
|move|p1a: Gholdengo|Nasty Plot|p1a: Gholdengo
|-boost|p1a: Gholdengo|spa|2
|cant|p2a: Ting-Lu|slp
|
|upkeep
|turn|10
|
|t:|1779942031
|move|p1a: Gholdengo|Nasty Plot|p1a: Gholdengo
|-boost|p1a: Gholdengo|spa|2
|-curestatus|p2a: Ting-Lu|slp|[msg]
|move|p2a: Ting-Lu|Payback|p1a: Gholdengo
|-supereffective|p1a: Gholdengo
|-damage|p1a: Gholdengo|4/100
|-enditem|p1a: Gholdengo|Air Balloon
|
|upkeep
|turn|11
|
|t:|1779942040
|move|p1a: Gholdengo|Shadow Ball|p2a: Ting-Lu
|-supereffective|p2a: Ting-Lu
|-damage|p2a: Ting-Lu|0 fnt
|faint|p2a: Ting-Lu
|
|upkeep
|
|t:|1779942042
|switch|p2a: Scizor|Scizor, M|100/100
|turn|12
|
|t:|1779942048
|move|p2a: Scizor|Bullet Punch|p1a: Gholdengo
|-resisted|p1a: Gholdengo
|-damage|p1a: Gholdengo|0 fnt
|faint|p1a: Gholdengo
|
|upkeep
|
|t:|1779942051
|switch|p1a: Great Tusk|Great Tusk|82/100 tox
|-damage|p1a: Great Tusk|79/100 tox|[from] Stealth Rock
|turn|13
|
|t:|1779942058
|move|p2a: Scizor|Bullet Punch|p1a: Great Tusk
|-damage|p1a: Great Tusk|41/100 tox
|move|p1a: Great Tusk|Rapid Spin|p2a: Scizor
|-resisted|p2a: Scizor
|-damage|p2a: Scizor|91/100
|-boost|p1a: Great Tusk|spe|1
|-sideend|p1: mafuyuyume|Toxic Spikes|[from] move: Rapid Spin|[of] p1a: Great Tusk
|-sideend|p1: mafuyuyume|Stealth Rock|[from] move: Rapid Spin|[of] p1a: Great Tusk
|
|-damage|p1a: Great Tusk|34/100 tox|[from] psn
|upkeep
|turn|14
|
|t:|1779942074
|move|p2a: Scizor|Bullet Punch|p1a: Great Tusk
|-damage|p1a: Great Tusk|0 fnt
|faint|p1a: Great Tusk
|-end|p1a: Great Tusk|Protosynthesis|[silent]
|
|upkeep
|
|t:|1779942076
|switch|p1a: Queen|Dragapult, F|100/100
|turn|15
|
|t:|1779942081
|switch|p2a: Weezing|Weezing-Galar, M|100/100
|-ability|p2a: Weezing|Neutralizing Gas
|move|p1a: Queen|Flamethrower|p2a: Weezing
|-damage|p2a: Weezing|64/100
|
|-heal|p2a: Weezing|70/100|[from] item: Leftovers
|upkeep
|turn|16
|
|t:|1779942097
|switch|p1a: Weavile|Weavile, M|100/100
|move|p2a: Weezing|Strange Steam|p1a: Weavile
|-supereffective|p1a: Weavile
|-damage|p1a: Weavile|30/100
|-start|p1a: Weavile|confusion
|
|-heal|p2a: Weezing|76/100|[from] item: Leftovers
|upkeep
|turn|17
|
|t:|1779942108
|-activate|p1a: Weavile|confusion
|move|p1a: Weavile|Triple Axel|p2a: Weezing
|-crit|p2a: Weezing
|-damage|p2a: Weezing|63/100
|-damage|p2a: Weezing|45/100
|-damage|p2a: Weezing|21/100
|-hitcount|p2a: Weezing|3
|move|p2a: Weezing|Strange Steam|p1a: Weavile
|-supereffective|p1a: Weavile
|-damage|p1a: Weavile|0 fnt
|faint|p1a: Weavile
|
|-heal|p2a: Weezing|27/100|[from] item: Leftovers
|upkeep
|
|t:|1779942127
|switch|p1a: Queen|Dragapult, F|100/100
|turn|18
|
|t:|1779942136
|move|p1a: Queen|Shadow Ball|p2a: Weezing
|-damage|p2a: Weezing|0 fnt
|faint|p2a: Weezing
|-end|p2a: Weezing|ability: Neutralizing Gas
|
|upkeep
|
|t:|1779942141
|switch|p2a: Great Tusk|Great Tusk|81/100
|turn|19
|
|t:|1779942146
|move|p1a: Queen|Shadow Ball|p2a: Great Tusk
|-damage|p2a: Great Tusk|10/100
|move|p2a: Great Tusk|Ice Spinner|p1a: Queen
|-supereffective|p1a: Queen
|-damage|p1a: Queen|32/100
|
|upkeep
|turn|20
|
|t:|1779942151
|move|p1a: Queen|Shadow Ball|p2a: Great Tusk
|-damage|p2a: Great Tusk|0 fnt
|faint|p2a: Great Tusk
|-end|p2a: Great Tusk|Protosynthesis|[silent]
|
|upkeep
|
|t:|1779942153
|switch|p2a: Scizor|Scizor, M|91/100
|turn|21
|
|t:|1779942169
|switch|p1a: Enamorus|Enamorus, F|69/100
|move|p2a: Scizor|Bullet Punch|p1a: Enamorus
|-supereffective|p1a: Enamorus
|-damage|p1a: Enamorus|0 fnt
|faint|p1a: Enamorus
|
|upkeep
|
|t:|1779942172
|switch|p1a: Queen|Dragapult, F|32/100
|turn|22
|
|t:|1779942177
|move|p2a: Scizor|Bullet Punch|p1a: Queen
|-damage|p1a: Queen|0 fnt
|faint|p1a: Queen
|
|win|Archerdadon
|raw|mafuyuyume's rating: 1381 &rarr; <strong>1369</strong><br />(-12 for losing)
|raw|Archerdadon's rating: 1538 &rarr; <strong>1550</strong><br />(+12 for winning)
|l|☆Archerdadon
|player|p2|
