|j|☆dragacannon15555
|j|☆JohnnyOregano
|t:|1779963031
|gametype|singles
|player|p1|dragacannon15555|n|1245
|player|p2|JohnnyOregano|lance-masters|1239
|gen|9
|tier|[Gen 9] OU
|rated|
|rule|HP Percentage Mod: HP is shown in percentages
|rule|Endless Battle Clause: Forcing endless battles is banned
|rule|Species Clause: Limit one of each Pokémon
|rule|OHKO Clause: OHKO moves are banned
|rule|Evasion Items Clause: Evasion items are banned
|rule|Evasion Moves Clause: Evasion moves are banned
|rule|Evasion Abilities Clause: Evasion abilities are banned
|rule|Sleep Moves Clause: Sleep-inducing moves are banned
|clearpoke
|poke|p1|Meowscarada, F|
|poke|p1|Ogerpon-Wellspring, F|
|poke|p1|Zamazenta-*|
|poke|p1|Kyurem|
|poke|p1|Garganacl, F|
|poke|p1|Weezing-Galar, M|
|poke|p2|Kingambit, M|
|poke|p2|Dragonite, M|
|poke|p2|Regieleki|
|poke|p2|Gyarados, F|
|poke|p2|Enamorus, F|
|poke|p2|Sandy Shocks|
|teampreview
|
|t:|1779963042
|teamsize|p1|6
|teamsize|p2|6
|start
|switch|p1a: Kyurem|Kyurem|100/100
|switch|p2a: Regieleki|Regieleki|100/100
|-ability|p1a: Kyurem|Pressure
|turn|1
|inactive|Battle timer is ON: inactive players will automatically lose when time's up. (requested by dragacannon15555)
|
|t:|1779963050
|move|p2a: Regieleki|Volt Switch|p1a: Kyurem
|-resisted|p1a: Kyurem
|-damage|p1a: Kyurem|90/100
|
|t:|1779963058
|switch|p2a: Enamorus|Enamorus, F|100/100|[from] Volt Switch
|move|p1a: Kyurem|Earth Power|p2a: Enamorus
|-immune|p2a: Enamorus
|
|upkeep
|turn|2
|
|t:|1779963062
|switch|p1a: Weezing|Weezing-Galar, M|100/100
|move|p2a: Enamorus|Superpower|p1a: Weezing
|-resisted|p1a: Weezing
|-damage|p1a: Weezing|94/100
|-boost|p2a: Enamorus|atk|1
|-boost|p2a: Enamorus|def|1
|
|upkeep
|turn|3
|
|t:|1779963075
|switch|p2a: Sandy Shocks|Sandy Shocks|100/100
|-enditem|p2a: Sandy Shocks|Booster Energy
|-activate|p2a: Sandy Shocks|ability: Protosynthesis|[fromitem]
|-start|p2a: Sandy Shocks|protosynthesisspa
|move|p1a: Weezing|Toxic|p2a: Sandy Shocks
|-status|p2a: Sandy Shocks|tox
|
|-damage|p2a: Sandy Shocks|94/100 tox|[from] psn
|upkeep
|turn|4
|
|t:|1779963092
|move|p2a: Sandy Shocks|Spikes|p1a: Weezing
|-sidestart|p1: dragacannon15555|Spikes
|move|p1a: Weezing|Clear Smog|p2a: Sandy Shocks
|-resisted|p2a: Sandy Shocks
|-damage|p2a: Sandy Shocks|85/100 tox
|-clearboost|p2a: Sandy Shocks
|
|-damage|p2a: Sandy Shocks|73/100 tox|[from] psn
|upkeep
|turn|5
|
|t:|1779963099
|move|p2a: Sandy Shocks|Spikes|p1a: Weezing
|-sidestart|p1: dragacannon15555|Spikes
|move|p1a: Weezing|Defog|p2a: Sandy Shocks
|-unboost|p2a: Sandy Shocks|evasion|1
|-sideend|p1: dragacannon15555|Spikes|[from] move: Defog|[of] p1a: Weezing
|
|-damage|p2a: Sandy Shocks|55/100 tox|[from] psn
|upkeep
|turn|6
|
|t:|1779963104
|move|p2a: Sandy Shocks|Thunderbolt|p1a: Weezing
|-damage|p1a: Weezing|34/100
|move|p1a: Weezing|Defog|p2a: Sandy Shocks
|-unboost|p2a: Sandy Shocks|evasion|1
|
|-damage|p2a: Sandy Shocks|30/100 tox|[from] psn
|upkeep
|turn|7
|
|t:|1779963114
|switch|p1a: Kyurem|Kyurem|90/100
|-ability|p1a: Kyurem|Pressure
|move|p2a: Sandy Shocks|Volt Switch|p1a: Kyurem
|-resisted|p1a: Kyurem
|-damage|p1a: Kyurem|80/100
|
|t:|1779963121
|-end|p2a: Sandy Shocks|Protosynthesis|[silent]
|switch|p2a: Enamorus|Enamorus, F|100/100|[from] Volt Switch
|
|upkeep
|turn|8
|
|t:|1779963132
|switch|p1a: Weezing|Weezing-Galar, M|34/100
|move|p2a: Enamorus|Springtide Storm|p1a: Weezing
|-resisted|p1a: Weezing
|-damage|p1a: Weezing|4/100
|
|upkeep
|turn|9
|
|t:|1779963139
|move|p2a: Enamorus|Springtide Storm|p1a: Weezing
|-resisted|p1a: Weezing
|-damage|p1a: Weezing|0 fnt
|faint|p1a: Weezing
|
|upkeep
|
|t:|1779963143
|switch|p1a: Meowscarada|Meowscarada, F, shiny|100/100
|turn|10
|
|t:|1779963147
|move|p2a: Enamorus|Springtide Storm|p1a: Meowscarada
|-supereffective|p1a: Meowscarada
|-enditem|p1a: Meowscarada|Focus Sash
|-damage|p1a: Meowscarada|1/100
|-unboost|p1a: Meowscarada|atk|1
|move|p1a: Meowscarada|Triple Axel|p2a: Enamorus
|-start|p1a: Meowscarada|typechange|Ice|[from] ability: Protean
|-supereffective|p2a: Enamorus
|-damage|p2a: Enamorus|77/100
|-hitcount|p2a: Enamorus|1
|
|upkeep
|turn|11
|
|t:|1779963162
|move|p2a: Enamorus|Springtide Storm|p1a: Meowscarada
|-damage|p1a: Meowscarada|0 fnt
|faint|p1a: Meowscarada
|
|upkeep
|
|t:|1779963166
|switch|p1a: Garganacl|Garganacl, F|100/100
|turn|12
|
|t:|1779963171
|switch|p2a: Sandy Shocks|Sandy Shocks|30/100 tox
|move|p1a: Garganacl|Rock Blast|p2a: Sandy Shocks
|-resisted|p2a: Sandy Shocks
|-damage|p2a: Sandy Shocks|23/100 tox
|-resisted|p2a: Sandy Shocks
|-damage|p2a: Sandy Shocks|17/100 tox
|-resisted|p2a: Sandy Shocks
|-damage|p2a: Sandy Shocks|10/100 tox
|-resisted|p2a: Sandy Shocks
|-damage|p2a: Sandy Shocks|3/100 tox
|-hitcount|p2a: Sandy Shocks|4
|
|-damage|p2a: Sandy Shocks|0 fnt|[from] psn
|faint|p2a: Sandy Shocks
|-end|p2a: Sandy Shocks|Protosynthesis|[silent]
|upkeep
|
|t:|1779963175
|switch|p2a: Regieleki|Regieleki|100/100
|turn|13
|
|t:|1779963179
|-terastallize|p2a: Regieleki|Electric
|move|p2a: Regieleki|Volt Switch|p1a: Garganacl
|-damage|p1a: Garganacl|30/100
|
|t:|1779963187
|switch|p2a: Enamorus|Enamorus, F|77/100|[from] Volt Switch
|move|p1a: Garganacl|Stealth Rock|p2a: Enamorus
|-sidestart|p2: JohnnyOregano|move: Stealth Rock
|
|upkeep
|turn|14
|
|t:|1779963195
|move|p2a: Enamorus|Superpower|p1a: Garganacl
|-supereffective|p1a: Garganacl
|-damage|p1a: Garganacl|0 fnt
|-boost|p2a: Enamorus|atk|1
|-boost|p2a: Enamorus|def|1
|faint|p1a: Garganacl
|
|upkeep
|
|t:|1779963199
|switch|p1a: Ogerpon|Ogerpon-Wellspring, F|100/100
|turn|15
|
|t:|1779963203
|-terastallize|p1a: Ogerpon|Water
|detailschange|p1a: Ogerpon|Ogerpon-Wellspring-Tera, F, tera:Water
|-ability|p1a: Ogerpon|Embody Aspect (Wellspring)|boost
|-boost|p1a: Ogerpon|spd|1
|move|p2a: Enamorus|Superpower|p1a: Ogerpon
|-damage|p1a: Ogerpon|40/100
|-boost|p2a: Enamorus|atk|1
|-boost|p2a: Enamorus|def|1
|move|p1a: Ogerpon|Ivy Cudgel|p2a: Enamorus|[anim] Ivy Cudgel Water
|-damage|p2a: Enamorus|8/100
|
|upkeep
|turn|16
|
|t:|1779963221
|move|p2a: Enamorus|Superpower|p1a: Ogerpon
|-damage|p1a: Ogerpon|0 fnt
|-boost|p2a: Enamorus|atk|1
|-boost|p2a: Enamorus|def|1
|faint|p1a: Ogerpon
|detailschange|p1: Ogerpon|Ogerpon-Wellspring, F|[silent]
|
|upkeep
|
|t:|1779963224
|switch|p1a: Zamazenta|Zamazenta|100/100
|-ability|p1a: Zamazenta|Dauntless Shield|boost
|-boost|p1a: Zamazenta|def|1
|turn|17
|
|t:|1779963228
|move|p2a: Enamorus|Superpower|p1a: Zamazenta
|-damage|p1a: Zamazenta|66/100
|-boost|p2a: Enamorus|atk|1
|-boost|p2a: Enamorus|def|1
|move|p1a: Zamazenta|Body Press|p2a: Enamorus
|-resisted|p2a: Enamorus
|-damage|p2a: Enamorus|0 fnt
|faint|p2a: Enamorus
|
|-heal|p1a: Zamazenta|72/100|[from] item: Leftovers
|upkeep
|
|t:|1779963235
|switch|p2a: Regieleki|Regieleki, tera:Electric|100/100
|-damage|p2a: Regieleki|88/100|[from] Stealth Rock
|turn|18
|
|t:|1779963239
|move|p2a: Regieleki|Thunderbolt|p1a: Zamazenta
|-damage|p1a: Zamazenta|0 fnt
|faint|p1a: Zamazenta
|
|upkeep
|
|t:|1779963244
|switch|p1a: Kyurem|Kyurem|80/100
|-ability|p1a: Kyurem|Pressure
|turn|19
|
|t:|1779963250
|move|p2a: Regieleki|Volt Switch|p1a: Kyurem
|-resisted|p1a: Kyurem
|-damage|p1a: Kyurem|64/100
|
|t:|1779963254
|switch|p2a: Gyarados|Gyarados, F, shiny|100/100|[from] Volt Switch
|move|p1a: Kyurem|Ice Beam|p2a: Gyarados
|-damage|p2a: Gyarados|53/100
|
|upkeep
|turn|20
|
|t:|1779963261
|move|p2a: Gyarados|Dragon Dance|p2a: Gyarados
|-boost|p2a: Gyarados|atk|1
|-boost|p2a: Gyarados|spe|1
|move|p1a: Kyurem|Freeze-Dry|p2a: Gyarados
|-supereffective|p2a: Gyarados
|-damage|p2a: Gyarados|0 fnt
|faint|p2a: Gyarados
|
|upkeep
|
|t:|1779963266
|switch|p2a: Kingambit|Kingambit, M, shiny|100/100
|-damage|p2a: Kingambit|94/100|[from] Stealth Rock
|-activate|p2a: Kingambit|ability: Supreme Overlord
|-start|p2a: Kingambit|fallen3|[silent]
|-item|p2a: Kingambit|Air Balloon
|turn|21
|
|t:|1779963272
|move|p1a: Kyurem|Ice Beam|p2a: Kingambit
|-resisted|p2a: Kingambit
|-damage|p2a: Kingambit|69/100
|-enditem|p2a: Kingambit|Air Balloon
|move|p2a: Kingambit|Low Kick|p1a: Kyurem
|-supereffective|p1a: Kyurem
|-damage|p1a: Kyurem|0 fnt
|faint|p1a: Kyurem
|
|win|JohnnyOregano
|raw|dragacannon15555's rating: 1245 &rarr; <strong>1220</strong><br />(-25 for losing)
|raw|JohnnyOregano's rating: 1239 &rarr; <strong>1264</strong><br />(+25 for winning)
|l|☆dragacannon15555
|player|p1|
