|j|☆otsuke
|j|☆oreki350
|t:|1779851535
|gametype|singles
|player|p1|otsuke|shadowtriad|1166
|player|p2|oreki350|169|1192
|gen|9
|tier|[Gen 9] OU
|rated|
|rule|HP Percentage Mod: HP is shown in percentages
|rule|Endless Battle Clause: Forcing endless battles is banned
|rule|Species Clause: Limit one of each Pokémon
|rule|OHKO Clause: OHKO moves are banned
|rule|Evasion Items Clause: Evasion items are banned
|rule|Evasion Moves Clause: Evasion moves are banned
|rule|Evasion Abilities Clause: Evasion abilities are banned
|rule|Sleep Moves Clause: Sleep-inducing moves are banned
|clearpoke
|poke|p1|Kleavor, M|
|poke|p1|Torkoal, F|
|poke|p1|Trevenant, M|
|poke|p1|Glimmora, M|
|poke|p1|Greninja-*, M|
|poke|p1|Espeon, M|
|poke|p2|Basculin-White-Striped, F|
|poke|p2|Minior|
|poke|p2|Bellibolt, F|
|poke|p2|Ambipom, M|
|poke|p2|Greninja-*, M|
|poke|p2|Bisharp, M|
|teampreview
|
|t:|1779851539
|teamsize|p1|6
|teamsize|p2|6
|start
|switch|p1a: Nitequil|Espeon, M|100/100
|switch|p2a: Basculin|Basculin-White-Striped, F|100/100
|turn|1
|
|t:|1779851552
|move|p1a: Nitequil|Thunder Wave|p2a: Basculin
|-status|p2a: Basculin|par
|move|p2a: Basculin|Liquidation|p1a: Nitequil
|-damage|p1a: Nitequil|6/100
|-unboost|p1a: Nitequil|def|1
|
|upkeep
|turn|2
|
|t:|1779851563
|move|p2a: Basculin|Aqua Jet|p1a: Nitequil
|-damage|p1a: Nitequil|0 fnt
|faint|p1a: Nitequil
|
|upkeep
|
|t:|1779851570
|switch|p1a: Glick|Glimmora, M|100/100
|turn|3
|
|t:|1779851574
|move|p1a: Glick|Energy Ball|p2a: Basculin
|-supereffective|p2a: Basculin
|-damage|p2a: Basculin|19/100 par
|move|p2a: Basculin|Liquidation|p1a: Glick
|-supereffective|p1a: Glick
|-enditem|p1a: Glick|Focus Sash
|-damage|p1a: Glick|1/100
|-activate|p1a: Glick|ability: Toxic Debris
|-sidestart|p2: oreki350|move: Toxic Spikes
|
|upkeep
|turn|4
|
|t:|1779851585
|move|p2a: Basculin|Aqua Jet|p1a: Glick
|-supereffective|p1a: Glick
|-damage|p1a: Glick|0 fnt
|-activate|p1a: Glick|ability: Toxic Debris
|-sidestart|p2: oreki350|move: Toxic Spikes
|faint|p1a: Glick
|
|upkeep
|
|t:|1779851599
|switch|p1a: Kane|Kleavor, M|100/100
|turn|5
|
|t:|1779851602
|move|p2a: Basculin|Aqua Jet|p1a: Kane
|-supereffective|p1a: Kane
|-damage|p1a: Kane|46/100
|move|p1a: Kane|Stone Axe|p2a: Basculin
|-damage|p2a: Basculin|0 fnt
|-sidestart|p2: oreki350|move: Stealth Rock
|faint|p2a: Basculin
|
|upkeep
|
|t:|1779851614
|switch|p2a: Bisharp|Bisharp, M|100/100
|-damage|p2a: Bisharp|95/100|[from] Stealth Rock
|turn|6
|
|t:|1779851619
|-terastallize|p2a: Bisharp|Ghost
|move|p1a: Kane|Stone Axe|p2a: Bisharp
|-damage|p2a: Bisharp|59/100
|move|p2a: Bisharp|Swords Dance|p2a: Bisharp
|-boost|p2a: Bisharp|atk|2
|
|upkeep
|turn|7
|
|t:|1779851631
|move|p1a: Kane|Stone Axe|p2a: Bisharp
|-damage|p2a: Bisharp|23/100
|move|p2a: Bisharp|Swords Dance|p2a: Bisharp
|-boost|p2a: Bisharp|atk|2
|
|upkeep
|turn|8
|
|t:|1779851639
|switch|p1a: Fire Storm|Torkoal, F|100/100
|-weather|SunnyDay|[from] ability: Drought|[of] p1a: Fire Storm
|move|p2a: Bisharp|Sucker Punch||[still]
|-fail|p2a: Bisharp
|
|-weather|SunnyDay|[upkeep]
|upkeep
|turn|9
|
|t:|1779851647
|move|p2a: Bisharp|Shadow Claw|p1a: Fire Storm
|-damage|p1a: Fire Storm|18/100
|-damage|p2a: Bisharp|7/100|[from] item: Rocky Helmet|[of] p1a: Fire Storm
|move|p1a: Fire Storm|Flamethrower|p2a: Bisharp
|-damage|p2a: Bisharp|0 fnt
|faint|p2a: Bisharp
|
|-weather|SunnyDay|[upkeep]
|upkeep
|
|t:|1779851666
|switch|p2a: Minior|Minior, shiny|100/100
|-damage|p2a: Minior|76/100|[from] Stealth Rock
|-formechange|p2a: Minior|Minior-Meteor||[from] ability: Shields Down
|turn|10
|
|t:|1779851675
|move|p2a: Minior|Shell Smash|p2a: Minior
|-unboost|p2a: Minior|def|1
|-unboost|p2a: Minior|spd|1
|-boost|p2a: Minior|atk|2
|-boost|p2a: Minior|spa|2
|-boost|p2a: Minior|spe|2
|-enditem|p2a: Minior|White Herb
|-clearnegativeboost|p2a: Minior|[silent]
|move|p1a: Fire Storm|Solar Beam||[still]
|-prepare|p1a: Fire Storm|Solar Beam
|-anim|p1a: Fire Storm|Solar Beam|p2a: Minior
|-damage|p2a: Minior|32/100
|
|-weather|SunnyDay|[upkeep]
|-formechange|p2a: Minior|Minior||[from] ability: Shields Down
|upkeep
|turn|11
|
|t:|1779851689
|move|p2a: Minior|Acrobatics|p1a: Fire Storm
|-damage|p1a: Fire Storm|0 fnt
|-damage|p2a: Minior|16/100|[from] item: Rocky Helmet|[of] p1a: Fire Storm
|faint|p1a: Fire Storm
|
|-weather|SunnyDay|[upkeep]
|upkeep
|
|t:|1779851698
|switch|p1a: Cursed Roots|Trevenant, M|100/100
|turn|12
|
|t:|1779851708
|-terastallize|p1a: Cursed Roots|Ghost
|move|p2a: Minior|Acrobatics|p1a: Cursed Roots
|-damage|p1a: Cursed Roots|0 fnt
|faint|p1a: Cursed Roots
|
|-weather|none
|upkeep
|
|t:|1779851719
|switch|p1a: Kane|Kleavor, M|46/100
|turn|13
|inactive|Battle timer is ON: inactive players will automatically lose when time's up. (requested by otsuke)
|
|t:|1779851735
|move|p2a: Minior|Stone Edge|p1a: Kane
|-supereffective|p1a: Kane
|-damage|p1a: Kane|0 fnt
|faint|p1a: Kane
|
|upkeep
|
|t:|1779851741
|switch|p1a: Gank|Greninja, M|100/100
|turn|14
|
|t:|1779851744
|move|p2a: Minior|Acrobatics|p1a: Gank
|-damage|p1a: Gank|0 fnt
|faint|p1a: Gank
|
|win|oreki350
|raw|otsuke's rating: 1166 &rarr; <strong>1143</strong><br />(-23 for losing)
|raw|oreki350's rating: 1192 &rarr; <strong>1215</strong><br />(+23 for winning)
|l|☆otsuke
|player|p1|
|l|☆oreki350
|player|p2|
