|j|☆Lukas21
|j|☆showbiz_carton
|t:|1779803295
|gametype|singles
|player|p1|Lukas21|170|1239
|player|p2|showbiz_carton|hugh|1269
|gen|9
|tier|[Gen 9] OU
|rated|
|rule|HP Percentage Mod: HP is shown in percentages
|rule|Endless Battle Clause: Forcing endless battles is banned
|rule|Species Clause: Limit one of each Pokémon
|rule|OHKO Clause: OHKO moves are banned
|rule|Evasion Items Clause: Evasion items are banned
|rule|Evasion Moves Clause: Evasion moves are banned
|rule|Evasion Abilities Clause: Evasion abilities are banned
|rule|Sleep Moves Clause: Sleep-inducing moves are banned
|clearpoke
|poke|p1|Scyther, M|
|poke|p1|Incineroar, F|
|poke|p1|Eelektross, M|
|poke|p1|Glimmora, M|
|poke|p1|Registeel|
|poke|p1|Hydrapple, F|
|poke|p2|Sandslash-Alola, F|
|poke|p2|Slowking-Galar, F|
|poke|p2|Samurott-Hisui, M|
|poke|p2|Dragapult, M|
|poke|p2|Conkeldurr, M|
|poke|p2|Talonflame, M|
|teampreview
|inactive|Battle timer is ON: inactive players will automatically lose when time's up. (requested by showbiz_carton)
|
|t:|1779803313
|teamsize|p1|6
|teamsize|p2|6
|start
|switch|p1a: Eelektross|Eelektross, M|100/100
|switch|p2a: Amidamaru|Samurott-Hisui, M|100/100
|turn|1
|
|t:|1779803323
|move|p2a: Amidamaru|Ceaseless Edge|p1a: Eelektross
|-damage|p1a: Eelektross|57/100
|-sidestart|p1: Lukas21|Spikes
|move|p1a: Eelektross|Giga Drain|p2a: Amidamaru
|-supereffective|p2a: Amidamaru
|-damage|p2a: Amidamaru|37/100
|-heal|p1a: Eelektross|90/100|[from] drain|[of] p2a: Amidamaru
|
|upkeep
|turn|2
|
|t:|1779803331
|switch|p2a: Brainwash|Slowking-Galar, F, shiny|100/100
|move|p1a: Eelektross|Giga Drain|p2a: Brainwash
|-resisted|p2a: Brainwash
|-damage|p2a: Brainwash|94/100
|-heal|p1a: Eelektross|94/100|[from] drain|[of] p2a: Brainwash
|
|upkeep
|turn|3
|
|t:|1779803340
|switch|p1a: Registeel|Registeel|100/100
|-damage|p1a: Registeel|88/100|[from] Spikes
|move|p2a: Brainwash|Future Sight|p1a: Registeel
|-start|p2a: Brainwash|move: Future Sight
|
|-heal|p1a: Registeel|94/100|[from] item: Leftovers
|upkeep
|turn|4
|
|t:|1779803347
|move|p1a: Registeel|Curse|p1a: Registeel
|-unboost|p1a: Registeel|spe|1
|-boost|p1a: Registeel|atk|1
|-boost|p1a: Registeel|def|1
|move|p2a: Brainwash|Flamethrower|p1a: Registeel
|-supereffective|p1a: Registeel
|-damage|p1a: Registeel|63/100
|
|-heal|p1a: Registeel|69/100|[from] item: Leftovers
|upkeep
|turn|5
|
|t:|1779803358
|move|p1a: Registeel|Shadow Claw|p2a: Brainwash
|-supereffective|p2a: Brainwash
|-damage|p2a: Brainwash|41/100
|-prepare|p2a: Brainwash|Chilly Reception|[premajor]
|move|p2a: Brainwash|Chilly Reception|p2a: Brainwash
|-weather|Snowscape
|
|t:|1779803368
|switch|p2a: Talonflame|Talonflame, M, shiny|100/100|[from] Chilly Reception
|
|-weather|Snowscape|[upkeep]
|-end|p1a: Registeel|move: Future Sight
|-resisted|p1a: Registeel
|-damage|p1a: Registeel|55/100
|-heal|p1a: Registeel|61/100|[from] item: Leftovers
|upkeep
|turn|6
|
|t:|1779803380
|switch|p1a: Incineroar|Incineroar, F|100/100
|-ability|p1a: Incineroar|Intimidate|boost
|-unboost|p2a: Talonflame|atk|1
|move|p2a: Talonflame|Flamethrower|p1a: Incineroar
|-resisted|p1a: Incineroar
|-damage|p1a: Incineroar|89/100
|
|-weather|Snowscape|[upkeep]
|upkeep
|turn|7
|
|t:|1779803390
|switch|p2a: Buggy|Conkeldurr, M, shiny|100/100
|move|p1a: Incineroar|Fake Out|p2a: Buggy
|-damage|p2a: Buggy|90/100
|
|-weather|Snowscape|[upkeep]
|-status|p2a: Buggy|brn|[from] item: Flame Orb
|upkeep
|turn|8
|
|t:|1779803399
|move|p1a: Incineroar|Parting Shot|p2a: Buggy
|-unboost|p2a: Buggy|atk|1
|-unboost|p2a: Buggy|spa|1
|
|t:|1779803407
|switch|p1a: Glimmora|Glimmora, M|100/100|[from] Parting Shot
|-item|p1a: Glimmora|Air Balloon
|move|p2a: Buggy|Drain Punch|p1a: Glimmora
|-damage|p1a: Glimmora|60/100
|-heal|p2a: Buggy|100/100 brn|[from] drain|[of] p1a: Glimmora
|-activate|p1a: Glimmora|ability: Toxic Debris
|-sidestart|p2: showbiz_carton|move: Toxic Spikes
|-enditem|p1a: Glimmora|Air Balloon
|
|-weather|Snowscape|[upkeep]
|-damage|p2a: Buggy|94/100 brn|[from] brn
|upkeep
|turn|9
|
|t:|1779803423
|move|p1a: Glimmora|Sludge Wave|p2a: Buggy
|-damage|p2a: Buggy|44/100 brn
|move|p2a: Buggy|Drain Punch|p1a: Glimmora
|-damage|p1a: Glimmora|18/100
|-heal|p2a: Buggy|60/100 brn|[from] drain|[of] p1a: Glimmora
|-activate|p1a: Glimmora|ability: Toxic Debris
|-sidestart|p2: showbiz_carton|move: Toxic Spikes
|
|-weather|Snowscape|[upkeep]
|-damage|p2a: Buggy|54/100 brn|[from] brn
|upkeep
|turn|10
|
|t:|1779803435
|switch|p2a: Frostbite|Sandslash-Alola, F, shiny|100/100
|move|p1a: Glimmora|Sludge Wave|p2a: Frostbite
|-immune|p2a: Frostbite
|
|-weather|Snowscape|[upkeep]
|upkeep
|turn|11
|
|t:|1779803443
|move|p2a: Frostbite|Iron Head|p1a: Glimmora
|-supereffective|p1a: Glimmora
|-damage|p1a: Glimmora|0 fnt
|faint|p1a: Glimmora
|-damage|p2a: Frostbite|91/100|[from] item: Life Orb
|
|-weather|Snowscape|[upkeep]
|upkeep
|
|t:|1779803449
|switch|p1a: Eelektross|Eelektross, M|94/100
|turn|12
|
|t:|1779803456
|switch|p2a: Brainwash|Slowking-Galar, F, shiny|75/100
|-sideend|p2: showbiz_carton|move: Toxic Spikes|[of] p2a: Brainwash
|move|p1a: Eelektross|Flamethrower|p2a: Brainwash
|-damage|p2a: Brainwash|57/100
|
|-weather|none
|upkeep
|turn|13
|
|t:|1779803463
|move|p1a: Eelektross|Discharge|p2a: Brainwash
|-damage|p2a: Brainwash|35/100
|-prepare|p2a: Brainwash|Chilly Reception|[premajor]
|move|p2a: Brainwash|Chilly Reception|p2a: Brainwash
|-weather|Snowscape
|
|t:|1779803475
|switch|p2a: Frostbite|Sandslash-Alola, F, shiny|91/100|[from] Chilly Reception
|
|-weather|Snowscape|[upkeep]
|upkeep
|turn|14
|
|t:|1779803482
|-terastallize|p2a: Frostbite|Ground
|move|p2a: Frostbite|Swords Dance|p2a: Frostbite
|-boost|p2a: Frostbite|atk|2
|move|p1a: Eelektross|Flamethrower|p2a: Frostbite
|-damage|p2a: Frostbite|48/100
|
|-weather|Snowscape|[upkeep]
|upkeep
|turn|15
|
|t:|1779803489
|move|p2a: Frostbite|Ice Shard|p1a: Eelektross
|-damage|p1a: Eelektross|56/100
|-damage|p2a: Frostbite|38/100|[from] item: Life Orb
|move|p1a: Eelektross|Giga Drain|p2a: Frostbite
|-supereffective|p2a: Frostbite
|-damage|p2a: Frostbite|0 fnt
|-heal|p1a: Eelektross|73/100|[from] drain|[of] p2a: Frostbite
|faint|p2a: Frostbite
|
|-weather|Snowscape|[upkeep]
|upkeep
|c|☆showbiz_carton|That was not my best plan
|
|t:|1779803513
|switch|p2a: Brainwash|Slowking-Galar, F, shiny|68/100
|turn|16
|
|t:|1779803520
|switch|p1a: Registeel|Registeel|61/100
|-damage|p1a: Registeel|49/100|[from] Spikes
|move|p2a: Brainwash|Future Sight|p1a: Registeel
|-start|p2a: Brainwash|move: Future Sight
|
|-weather|Snowscape|[upkeep]
|-heal|p1a: Registeel|55/100|[from] item: Leftovers
|upkeep
|turn|17
|
|t:|1779803527
|switch|p2a: Talonflame|Talonflame, M, shiny|100/100
|move|p1a: Registeel|Shadow Claw|p2a: Talonflame
|-damage|p2a: Talonflame|85/100
|
|-weather|Snowscape|[upkeep]
|-heal|p1a: Registeel|61/100|[from] item: Leftovers
|upkeep
|turn|18
|
|t:|1779803542
|switch|p1a: Incineroar|Incineroar, F|89/100
|-ability|p1a: Incineroar|Intimidate|boost
|-unboost|p2a: Talonflame|atk|1
|move|p2a: Talonflame|Will-O-Wisp|p1a: Incineroar
|-immune|p1a: Incineroar
|
|-weather|Snowscape|[upkeep]
|-end|p1a: Incineroar|move: Future Sight
|-immune|p1a: Incineroar
|upkeep
|turn|19
|
|t:|1779803557
|switch|p2a: Amidamaru|Samurott-Hisui, M|37/100
|move|p1a: Incineroar|Fake Out|p2a: Amidamaru
|-damage|p2a: Amidamaru|20/100
|
|-weather|Snowscape|[upkeep]
|upkeep
|turn|20
|
|t:|1779803565
|move|p2a: Amidamaru|Flip Turn|p1a: Incineroar
|-supereffective|p1a: Incineroar
|-damage|p1a: Incineroar|30/100
|
|t:|1779803582
|switch|p2a: Brainwash|Slowking-Galar, F, shiny|100/100|[from] Flip Turn
|move|p1a: Incineroar|Parting Shot|p2a: Brainwash
|-unboost|p2a: Brainwash|atk|1
|-unboost|p2a: Brainwash|spa|1
|
|t:|1779803591
|switch|p1a: Scyther|Scyther, M|100/100|[from] Parting Shot
|
|-weather|none
|upkeep
|turn|21
|
|t:|1779803598
|move|p1a: Scyther|Swords Dance|p1a: Scyther
|-boost|p1a: Scyther|atk|2
|-prepare|p2a: Brainwash|Chilly Reception|[premajor]
|move|p2a: Brainwash|Chilly Reception|p2a: Brainwash
|-weather|Snowscape
|
|t:|1779803605
|switch|p2a: Talonflame|Talonflame, M, shiny|85/100|[from] Chilly Reception
|
|-weather|Snowscape|[upkeep]
|upkeep
|turn|22
|
|t:|1779803615
|move|p1a: Scyther|Quick Attack|p2a: Talonflame
|-damage|p2a: Talonflame|56/100
|move|p2a: Talonflame|Will-O-Wisp|p1a: Scyther
|-status|p1a: Scyther|brn
|
|-weather|Snowscape|[upkeep]
|-damage|p1a: Scyther|94/100 brn|[from] brn
|upkeep
|turn|23
|
|t:|1779803623
|move|p1a: Scyther|Dual Wingbeat|p2a: Talonflame
|-damage|p2a: Talonflame|33/100
|-damage|p2a: Talonflame|13/100
|-hitcount|p2a: Talonflame|2
|move|p2a: Talonflame|Flamethrower|p1a: Scyther
|-supereffective|p1a: Scyther
|-crit|p1a: Scyther
|-damage|p1a: Scyther|35/100 brn
|
|-weather|Snowscape|[upkeep]
|-damage|p1a: Scyther|29/100 brn|[from] brn
|upkeep
|turn|24
|
|t:|1779803644
|switch|p2a: Buggy|Conkeldurr, M, shiny|54/100 brn
|move|p1a: Scyther|Dual Wingbeat|p2a: Buggy
|-supereffective|p2a: Buggy
|-damage|p2a: Buggy|16/100 brn
|-supereffective|p2a: Buggy
|-damage|p2a: Buggy|0 fnt
|faint|p2a: Buggy
|-hitcount|p2: Buggy|2
|
|-weather|Snowscape|[upkeep]
|-damage|p1a: Scyther|23/100 brn|[from] brn
|upkeep
|
|t:|1779803654
|switch|p2a: Jet|Dragapult, M|100/100
|turn|25
|
|t:|1779803659
|move|p2a: Jet|Hex|p1a: Scyther
|-damage|p1a: Scyther|0 fnt
|faint|p1a: Scyther
|
|-weather|Snowscape|[upkeep]
|upkeep
|
|t:|1779803669
|switch|p1a: Registeel|Registeel|61/100
|-damage|p1a: Registeel|48/100|[from] Spikes
|turn|26
|
|t:|1779803677
|move|p2a: Jet|Will-O-Wisp|p1a: Registeel
|-status|p1a: Registeel|brn
|move|p1a: Registeel|Shadow Claw|p2a: Jet
|-supereffective|p2a: Jet
|-damage|p2a: Jet|79/100
|
|-weather|Snowscape|[upkeep]
|-heal|p1a: Registeel|54/100 brn|[from] item: Leftovers
|-damage|p1a: Registeel|48/100 brn|[from] brn
|upkeep
|turn|27
|
|t:|1779803686
|move|p2a: Jet|Hex|p1a: Registeel
|-damage|p1a: Registeel|14/100 brn
|move|p1a: Registeel|Shadow Claw|p2a: Jet
|-supereffective|p2a: Jet
|-damage|p2a: Jet|55/100
|
|-weather|Snowscape|[upkeep]
|-heal|p1a: Registeel|20/100 brn|[from] item: Leftovers
|-damage|p1a: Registeel|14/100 brn|[from] brn
|upkeep
|turn|28
|
|t:|1779803695
|move|p2a: Jet|Hex|p1a: Registeel
|-damage|p1a: Registeel|0 fnt
|faint|p1a: Registeel
|
|-weather|none
|upkeep
|
|t:|1779803705
|switch|p1a: Eelektross|Eelektross, M|73/100
|turn|29
|
|t:|1779803712
|move|p2a: Jet|U-turn|p1a: Eelektross
|-damage|p1a: Eelektross|55/100
|
|t:|1779803715
|switch|p2a: Brainwash|Slowking-Galar, F, shiny|100/100|[from] U-turn
|move|p1a: Eelektross|Flash Cannon|p2a: Brainwash
|-damage|p2a: Brainwash|87/100
|
|upkeep
|turn|30
|
|t:|1779803724
|move|p1a: Eelektross|Discharge|p2a: Brainwash
|-damage|p2a: Brainwash|65/100
|move|p2a: Brainwash|Sludge Bomb|p1a: Eelektross
|-damage|p1a: Eelektross|23/100
|
|upkeep
|turn|31
|
|t:|1779803737
|move|p1a: Eelektross|Discharge|p2a: Brainwash
|-damage|p2a: Brainwash|43/100
|-status|p2a: Brainwash|par
|-prepare|p2a: Brainwash|Chilly Reception|[premajor]
|cant|p2a: Brainwash|par
|
|upkeep
|turn|32
|
|t:|1779803746
|move|p1a: Eelektross|Discharge|p2a: Brainwash
|-damage|p2a: Brainwash|19/100 par
|-prepare|p2a: Brainwash|Chilly Reception|[premajor]
|cant|p2a: Brainwash|par
|
|upkeep
|turn|33
|
|t:|1779803755
|switch|p2a: Talonflame|Talonflame, M, shiny|13/100
|move|p1a: Eelektross|Discharge|p2a: Talonflame
|-supereffective|p2a: Talonflame
|-damage|p2a: Talonflame|0 fnt
|faint|p2a: Talonflame
|
|upkeep
|
|t:|1779803762
|switch|p2a: Jet|Dragapult, M|55/100
|turn|34
|
|t:|1779803767
|move|p2a: Jet|Dragon Darts|p1a: Eelektross
|-damage|p1a: Eelektross|1/100
|-anim|p2a: Jet|Dragon Darts|p1a: Eelektross
|-damage|p1a: Eelektross|0 fnt
|faint|p1a: Eelektross
|
|upkeep
|
|t:|1779803772
|switch|p1a: Hydrapple|Hydrapple, F|100/100
|-damage|p1a: Hydrapple|88/100|[from] Spikes
|turn|35
|
|t:|1779803777
|-terastallize|p1a: Hydrapple|Ground
|move|p2a: Jet|U-turn|p1a: Hydrapple
|-damage|p1a: Hydrapple|73/100
|
|t:|1779803782
|switch|p2a: Brainwash|Slowking-Galar, F, shiny|52/100 par|[from] U-turn
|move|p1a: Hydrapple|Fickle Beam|p2a: Brainwash|[anim] Fickle Beam All Out
|-activate|p1a: Hydrapple|move: Fickle Beam
|-damage|p2a: Brainwash|0 fnt
|faint|p2a: Brainwash
|-damage|p1a: Hydrapple|63/100|[from] item: Life Orb
|
|upkeep
|
|t:|1779803793
|switch|p2a: Amidamaru|Samurott-Hisui, M|20/100
|turn|36
|
|t:|1779803796
|move|p2a: Amidamaru|Flip Turn|p1a: Hydrapple
|-supereffective|p1a: Hydrapple
|-damage|p1a: Hydrapple|20/100
|
|t:|1779803801
|switch|p2a: Jet|Dragapult, M|55/100|[from] Flip Turn
|move|p1a: Hydrapple|Giga Drain|p2a: Jet
|-resisted|p2a: Jet
|-damage|p2a: Jet|21/100
|-heal|p1a: Hydrapple|35/100|[from] drain|[of] p2a: Jet
|-damage|p1a: Hydrapple|25/100|[from] item: Life Orb
|
|upkeep
|turn|37
|
|t:|1779803809
|switch|p1a: Incineroar|Incineroar, F|30/100
|-ability|p1a: Incineroar|Intimidate|boost
|-unboost|p2a: Jet|atk|1
|move|p2a: Jet|Dragon Darts|p1a: Incineroar
|-damage|p1a: Incineroar|18/100
|-anim|p2a: Jet|Dragon Darts|p1a: Incineroar
|-damage|p1a: Incineroar|6/100
|
|upkeep
|turn|38
|
|t:|1779803819
|move|p2a: Jet|Dragon Darts|p1a: Incineroar
|-damage|p1a: Incineroar|0 fnt
|faint|p1a: Incineroar
|
|upkeep
|
|t:|1779803822
|switch|p1a: Hydrapple|Hydrapple, F, tera:Ground|59/100
|-damage|p1a: Hydrapple|46/100|[from] Spikes
|turn|39
|
|t:|1779803826
|move|p2a: Jet|Dragon Darts|p1a: Hydrapple
|-damage|p1a: Hydrapple|35/100
|-anim|p2a: Jet|Dragon Darts|p1a: Hydrapple
|-damage|p1a: Hydrapple|25/100
|move|p1a: Hydrapple|Recover|p1a: Hydrapple
|-heal|p1a: Hydrapple|75/100
|
|upkeep
|turn|40
|
|t:|1779803838
|move|p2a: Jet|Dragon Darts|p1a: Hydrapple
|-damage|p1a: Hydrapple|64/100
|-anim|p2a: Jet|Dragon Darts|p1a: Hydrapple
|-damage|p1a: Hydrapple|52/100
|move|p1a: Hydrapple|Recover|p1a: Hydrapple
|-heal|p1a: Hydrapple|100/100
|
|upkeep
|turn|41
|
|t:|1779803844
|move|p2a: Jet|Dragon Darts|p1a: Hydrapple
|-damage|p1a: Hydrapple|90/100
|-anim|p2a: Jet|Dragon Darts|p1a: Hydrapple
|-damage|p1a: Hydrapple|79/100
|move|p1a: Hydrapple|Giga Drain|p2a: Jet
|-resisted|p2a: Jet
|-damage|p2a: Jet|0 fnt
|-heal|p1a: Hydrapple|88/100|[from] drain|[of] p2a: Jet
|faint|p2a: Jet
|-damage|p1a: Hydrapple|79/100|[from] item: Life Orb
|
|upkeep
|
|t:|1779803855
|switch|p2a: Amidamaru|Samurott-Hisui, M|20/100
|turn|42
|
|t:|1779803858
|move|p2a: Amidamaru|Flip Turn|p1a: Hydrapple
|-supereffective|p1a: Hydrapple
|-damage|p1a: Hydrapple|32/100
|move|p1a: Hydrapple|Giga Drain|p2a: Amidamaru
|-supereffective|p2a: Amidamaru
|-damage|p2a: Amidamaru|0 fnt
|-heal|p1a: Hydrapple|41/100|[from] drain|[of] p2a: Amidamaru
|faint|p2a: Amidamaru
|-damage|p1a: Hydrapple|31/100|[from] item: Life Orb
|
|win|Lukas21
|raw|Lukas21's rating: 1239 &rarr; <strong>1266</strong><br />(+27 for winning)
|raw|showbiz_carton's rating: 1269 &rarr; <strong>1242</strong><br />(-27 for losing)
|l|☆showbiz_carton
|player|p2|
|l|☆Lukas21
|player|p1|
