|j|☆kabbalistic jew
|j|☆sharkusPL
|t:|1779863920
|gametype|singles
|player|p1|kabbalistic jew|skierf-gen4dp|1212
|player|p2|sharkusPL|blackbelt-gen4dp|1167
|gen|9
|tier|[Gen 9] OU
|rated|
|rule|HP Percentage Mod: HP is shown in percentages
|rule|Endless Battle Clause: Forcing endless battles is banned
|rule|Species Clause: Limit one of each Pokémon
|rule|OHKO Clause: OHKO moves are banned
|rule|Evasion Items Clause: Evasion items are banned
|rule|Evasion Moves Clause: Evasion moves are banned
|rule|Evasion Abilities Clause: Evasion abilities are banned
|rule|Sleep Moves Clause: Sleep-inducing moves are banned
|clearpoke
|poke|p1|Hatterene, F|
|poke|p1|Great Tusk|
|poke|p1|Tornadus-Therian, M|
|poke|p1|Kyurem|
|poke|p1|Slowking-Galar, F|
|poke|p1|Kingambit, M|
|poke|p2|Zamazenta-*|
|poke|p2|Regieleki|
|poke|p2|Blaziken, M|
|poke|p2|Greninja-*, M|
|poke|p2|Serperior, F|
|poke|p2|Deoxys-Defense|
|teampreview
|inactive|Battle timer is ON: inactive players will automatically lose when time's up. (requested by kabbalistic jew)
|
|t:|1779863930
|teamsize|p1|6
|teamsize|p2|6
|start
|switch|p1a: Kyurem|Kyurem|100/100
|switch|p2a: Regieleki|Regieleki|100/100
|-ability|p1a: Kyurem|Pressure
|turn|1
|
|t:|1779863937
|move|p2a: Regieleki|Volt Switch|p1a: Kyurem
|-resisted|p1a: Kyurem
|-damage|p1a: Kyurem|70/100
|
|t:|1779863952
|switch|p2a: Zamazenta|Zamazenta|100/100|[from] Volt Switch
|-ability|p2a: Zamazenta|Dauntless Shield|boost
|-boost|p2a: Zamazenta|def|1
|move|p1a: Kyurem|Ice Beam|p2a: Zamazenta
|-damage|p2a: Zamazenta|52/100
|
|-heal|p2a: Zamazenta|58/100|[from] item: Leftovers
|upkeep
|turn|2
|
|t:|1779863976
|switch|p1a: Tornadus|Tornadus-Therian, M|100/100
|move|p2a: Zamazenta|Body Press|p1a: Tornadus
|-resisted|p1a: Tornadus
|-damage|p1a: Tornadus|66/100
|
|-heal|p2a: Zamazenta|64/100|[from] item: Leftovers
|upkeep
|turn|3
|
|t:|1779863983
|move|p2a: Zamazenta|Protect|p2a: Zamazenta
|-singleturn|p2a: Zamazenta|Protect
|move|p1a: Tornadus|Bleakwind Storm|p2a: Zamazenta
|-activate|p2a: Zamazenta|move: Protect
|
|-heal|p2a: Zamazenta|70/100|[from] item: Leftovers
|upkeep
|turn|4
|
|t:|1779864002
|switch|p2a: Deoxys|Deoxys-Defense|100/100
|-ability|p2a: Deoxys|Pressure
|move|p1a: Tornadus|Knock Off|p2a: Deoxys
|-supereffective|p2a: Deoxys
|-damage|p2a: Deoxys|72/100
|-enditem|p2a: Deoxys|Leftovers|[from] move: Knock Off|[of] p1a: Tornadus
|
|upkeep
|turn|5
|
|t:|1779864015
|move|p1a: Tornadus|U-turn|p2a: Deoxys
|-supereffective|p2a: Deoxys
|-damage|p2a: Deoxys|52/100
|
|t:|1779864024
|switch|p1a: Slowking|Slowking-Galar, F|100/100|[from] U-turn
|move|p2a: Deoxys|Thunder Wave|p1a: Slowking
|-status|p1a: Slowking|par
|
|upkeep
|turn|6
|
|t:|1779864032
|move|p2a: Deoxys|Substitute|p2a: Deoxys
|-start|p2a: Deoxys|Substitute
|-damage|p2a: Deoxys|27/100
|move|p1a: Slowking|Trick||[still]
|-fail|p1a: Slowking
|
|upkeep
|turn|7
|
|t:|1779864038
|move|p2a: Deoxys|Cosmic Power|p2a: Deoxys
|-boost|p2a: Deoxys|def|1
|-boost|p2a: Deoxys|spd|1
|move|p1a: Slowking|Sludge Bomb|p2a: Deoxys
|-activate|p2a: Deoxys|move: Substitute|[damage]
|
|upkeep
|turn|8
|
|t:|1779864048
|switch|p1a: Kingambit|Kingambit, M|100/100
|move|p2a: Deoxys|Cosmic Power|p2a: Deoxys
|-boost|p2a: Deoxys|def|1
|-boost|p2a: Deoxys|spd|1
|
|upkeep
|turn|9
|
|t:|1779864055
|move|p2a: Deoxys|Cosmic Power|p2a: Deoxys
|-boost|p2a: Deoxys|def|1
|-boost|p2a: Deoxys|spd|1
|move|p1a: Kingambit|Kowtow Cleave|p2a: Deoxys
|-supereffective|p2a: Deoxys
|-end|p2a: Deoxys|Substitute
|
|upkeep
|turn|10
|
|t:|1779864066
|move|p2a: Deoxys|Stored Power|p1a: Kingambit
|-immune|p1a: Kingambit
|move|p1a: Kingambit|Kowtow Cleave|p2a: Deoxys
|-supereffective|p2a: Deoxys
|-damage|p2a: Deoxys|0 fnt
|faint|p2a: Deoxys
|
|upkeep
|
|t:|1779864074
|switch|p2a: Blaziken|Blaziken, M|100/100
|-item|p2a: Blaziken|Air Balloon
|turn|11
|
|t:|1779864077
|-end|p1a: Kingambit|fallenundefined|[silent]
|switch|p1a: Hatterene|Hatterene, F|100/100
|move|p2a: Blaziken|Protect||[still]
|-fail|p2a: Blaziken
|
|-ability|p2a: Blaziken|Speed Boost|boost
|-boost|p2a: Blaziken|spe|1
|upkeep
|turn|12
|
|t:|1779864091
|move|p2a: Blaziken|Protect|p2a: Blaziken
|-singleturn|p2a: Blaziken|Protect
|move|p1a: Hatterene|Psychic Noise|p2a: Blaziken
|-activate|p2a: Blaziken|move: Protect
|
|-ability|p2a: Blaziken|Speed Boost|boost
|-boost|p2a: Blaziken|spe|1
|upkeep
|turn|13
|
|t:|1779864106
|move|p2a: Blaziken|Blaze Kick|p1a: Hatterene
|-damage|p1a: Hatterene|64/100
|-damage|p2a: Blaziken|84/100|[from] item: Rocky Helmet|[of] p1a: Hatterene
|move|p1a: Hatterene|Psychic Noise|p2a: Blaziken
|-supereffective|p2a: Blaziken
|-damage|p2a: Blaziken|0 fnt
|-enditem|p2a: Blaziken|Air Balloon
|faint|p2a: Blaziken
|
|upkeep
|
|t:|1779864118
|switch|p2a: Greninja|Greninja, M|100/100
|turn|14
|
|t:|1779864126
|move|p2a: Greninja|Surf|p1a: Hatterene
|-damage|p1a: Hatterene|0 fnt
|faint|p1a: Hatterene
|-ability|p2a: Greninja|Battle Bond|boost
|-boost|p2a: Greninja|atk|1
|-boost|p2a: Greninja|spa|1
|-boost|p2a: Greninja|spe|1
|-activate|p2a: Greninja|ability: Battle Bond
|
|upkeep
|
|t:|1779864143
|switch|p1a: Kyurem|Kyurem|70/100
|-ability|p1a: Kyurem|Pressure
|turn|15
|
|t:|1779864151
|-terastallize|p2a: Greninja|Water
|move|p2a: Greninja|Surf|p1a: Kyurem
|-resisted|p1a: Kyurem
|-damage|p1a: Kyurem|3/100
|move|p1a: Kyurem|Freeze-Dry|p2a: Greninja
|-supereffective|p2a: Greninja
|-damage|p2a: Greninja|0 fnt
|faint|p2a: Greninja
|
|upkeep
|
|t:|1779864174
|switch|p2a: Zamazenta|Zamazenta|70/100
|turn|16
|
|t:|1779864180
|switch|p1a: Great Tusk|Great Tusk|100/100
|move|p2a: Zamazenta|Iron Defense|p2a: Zamazenta
|-boost|p2a: Zamazenta|def|2
|
|-heal|p2a: Zamazenta|76/100|[from] item: Leftovers
|upkeep
|turn|17
|
|t:|1779864185
|-end|p1a: Great Tusk|Protosynthesis|[silent]
|switch|p1a: Tornadus|Tornadus-Therian, M|99/100
|move|p2a: Zamazenta|Iron Defense|p2a: Zamazenta
|-boost|p2a: Zamazenta|def|2
|
|-heal|p2a: Zamazenta|82/100|[from] item: Leftovers
|upkeep
|turn|18
|
|t:|1779864192
|move|p2a: Zamazenta|Protect|p2a: Zamazenta
|-singleturn|p2a: Zamazenta|Protect
|move|p1a: Tornadus|Bleakwind Storm|p2a: Zamazenta
|-activate|p2a: Zamazenta|move: Protect
|
|-heal|p2a: Zamazenta|88/100|[from] item: Leftovers
|upkeep
|turn|19
|
|t:|1779864201
|move|p1a: Tornadus|Bleakwind Storm|p2a: Zamazenta|[miss]
|-miss|p1a: Tornadus|p2a: Zamazenta
|move|p2a: Zamazenta|Body Press|p1a: Tornadus
|-resisted|p1a: Tornadus
|-damage|p1a: Tornadus|29/100
|
|-heal|p2a: Zamazenta|94/100|[from] item: Leftovers
|upkeep
|turn|20
|
|t:|1779864208
|switch|p1a: Kyurem|Kyurem|3/100
|-ability|p1a: Kyurem|Pressure
|move|p2a: Zamazenta|Protect||[still]
|-fail|p2a: Zamazenta
|
|-heal|p2a: Zamazenta|99/100|[from] item: Leftovers
|upkeep
|turn|21
|
|t:|1779864217
|move|p2a: Zamazenta|Protect|p2a: Zamazenta
|-singleturn|p2a: Zamazenta|Protect
|move|p1a: Kyurem|Blizzard|p2a: Zamazenta
|-activate|p2a: Zamazenta|move: Protect
|
|-heal|p2a: Zamazenta|100/100|[from] item: Leftovers
|upkeep
|turn|22
|
|t:|1779864224
|move|p1a: Kyurem|Blizzard|p2a: Zamazenta
|-damage|p2a: Zamazenta|36/100
|move|p2a: Zamazenta|Body Press|p1a: Kyurem
|-supereffective|p1a: Kyurem
|-damage|p1a: Kyurem|0 fnt
|faint|p1a: Kyurem
|
|-heal|p2a: Zamazenta|42/100|[from] item: Leftovers
|upkeep
|
|t:|1779864229
|switch|p1a: Slowking|Slowking-Galar, F|100/100 par
|turn|23
|
|t:|1779864239
|move|p2a: Zamazenta|Protect|p2a: Zamazenta
|-singleturn|p2a: Zamazenta|Protect
|cant|p1a: Slowking|par
|
|-heal|p2a: Zamazenta|48/100|[from] item: Leftovers
|upkeep
|turn|24
|
|t:|1779864245
|move|p2a: Zamazenta|Iron Defense|p2a: Zamazenta
|-boost|p2a: Zamazenta|def|2
|move|p1a: Slowking|Trick|p2a: Zamazenta
|-activate|p1a: Slowking|move: Trick|[of] p2a: Zamazenta
|-item|p2a: Zamazenta|Black Sludge|[from] move: Trick
|-item|p1a: Slowking|Leftovers|[from] move: Trick
|
|-damage|p2a: Zamazenta|36/100|[from] item: Black Sludge
|upkeep
|turn|25
|
|t:|1779864259
|move|p2a: Zamazenta|Body Press|p1a: Slowking
|-resisted|p1a: Slowking
|-damage|p1a: Slowking|70/100 par
|move|p1a: Slowking|Future Sight|p2a: Zamazenta
|-start|p1a: Slowking|move: Future Sight
|
|-damage|p2a: Zamazenta|23/100|[from] item: Black Sludge
|-heal|p1a: Slowking|76/100 par|[from] item: Leftovers
|upkeep
|turn|26
|
|t:|1779864288
|move|p2a: Zamazenta|Body Press|p1a: Slowking
|-resisted|p1a: Slowking
|-damage|p1a: Slowking|48/100 par
|-prepare|p1a: Slowking|Chilly Reception|[premajor]
|cant|p1a: Slowking|par
|
|-damage|p2a: Zamazenta|11/100|[from] item: Black Sludge
|-heal|p1a: Slowking|54/100 par|[from] item: Leftovers
|upkeep
|turn|27
|
|t:|1779864294
|move|p2a: Zamazenta|Body Press|p1a: Slowking
|-resisted|p1a: Slowking
|-damage|p1a: Slowking|25/100 par
|-prepare|p1a: Slowking|Chilly Reception|[premajor]
|move|p1a: Slowking|Chilly Reception|p1a: Slowking
|-weather|Snowscape
|
|t:|1779864301
|switch|p1a: Tornadus|Tornadus-Therian, M|62/100|[from] Chilly Reception
|
|-weather|Snowscape|[upkeep]
|-end|p2a: Zamazenta|move: Future Sight
|-supereffective|p2a: Zamazenta
|-damage|p2a: Zamazenta|0 fnt
|faint|p2a: Zamazenta
|upkeep
|
|t:|1779864309
|switch|p2a: Regieleki|Regieleki|100/100
|turn|28
|inactive|kabbalistic jew has 120 seconds left.
|
|t:|1779864344
|switch|p1a: Great Tusk|Great Tusk|100/100
|move|p2a: Regieleki|Thunderbolt|p1a: Great Tusk
|-immune|p1a: Great Tusk
|
|-weather|Snowscape|[upkeep]
|upkeep
|turn|29
|
|t:|1779864348
|switch|p2a: Serperior|Serperior, F|100/100
|move|p1a: Great Tusk|Rapid Spin|p2a: Serperior
|-damage|p2a: Serperior|82/100
|-boost|p1a: Great Tusk|spe|1
|
|-weather|Snowscape|[upkeep]
|-heal|p2a: Serperior|88/100|[from] item: Leftovers
|upkeep
|turn|30
|
|t:|1779864364
|move|p1a: Great Tusk|Ice Spinner|p2a: Serperior
|-supereffective|p2a: Serperior
|-damage|p2a: Serperior|36/100
|move|p2a: Serperior|Leech Seed|p1a: Great Tusk
|-start|p1a: Great Tusk|move: Leech Seed
|
|-weather|Snowscape|[upkeep]
|-heal|p2a: Serperior|42/100|[from] item: Leftovers
|-damage|p1a: Great Tusk|88/100|[from] Leech Seed|[of] p2a: Serperior
|-heal|p2a: Serperior|56/100|[silent]
|upkeep
|turn|31
|
|t:|1779864372
|move|p2a: Serperior|Protect|p2a: Serperior
|-singleturn|p2a: Serperior|Protect
|move|p1a: Great Tusk|Ice Spinner|p2a: Serperior
|-activate|p2a: Serperior|move: Protect
|
|-weather|none
|-heal|p2a: Serperior|62/100|[from] item: Leftovers
|-damage|p1a: Great Tusk|76/100|[from] Leech Seed|[of] p2a: Serperior
|-heal|p2a: Serperior|77/100|[silent]
|upkeep
|turn|32
|
|t:|1779864384
|-end|p1a: Great Tusk|Protosynthesis|[silent]
|switch|p1a: Tornadus|Tornadus-Therian, M|95/100
|move|p2a: Serperior|Leaf Storm|p1a: Tornadus
|-resisted|p1a: Tornadus
|-damage|p1a: Tornadus|81/100
|-boost|p2a: Serperior|spa|2
|
|-heal|p2a: Serperior|83/100|[from] item: Leftovers
|upkeep
|turn|33
|
|t:|1779864391
|move|p2a: Serperior|Protect|p2a: Serperior
|-singleturn|p2a: Serperior|Protect
|move|p1a: Tornadus|Bleakwind Storm|p2a: Serperior
|-activate|p2a: Serperior|move: Protect
|
|-heal|p2a: Serperior|89/100|[from] item: Leftovers
|upkeep
|turn|34
|
|t:|1779864404
|move|p1a: Tornadus|Bleakwind Storm|p2a: Serperior
|-supereffective|p2a: Serperior
|-damage|p2a: Serperior|20/100
|move|p2a: Serperior|Leech Seed|p1a: Tornadus
|-start|p1a: Tornadus|move: Leech Seed
|
|-heal|p2a: Serperior|26/100|[from] item: Leftovers
|-damage|p1a: Tornadus|68/100|[from] Leech Seed|[of] p2a: Serperior
|-heal|p2a: Serperior|39/100|[silent]
|upkeep
|turn|35
|
|t:|1779864413
|switch|p1a: Kingambit|Kingambit, M|100/100
|-activate|p1a: Kingambit|ability: Supreme Overlord
|-start|p1a: Kingambit|fallen2|[silent]
|move|p2a: Serperior|Protect||[still]
|-fail|p2a: Serperior
|
|-heal|p2a: Serperior|45/100|[from] item: Leftovers
|upkeep
|turn|36
|
|t:|1779864425
|move|p2a: Serperior|Leech Seed|p1a: Kingambit
|-start|p1a: Kingambit|move: Leech Seed
|move|p1a: Kingambit|Kowtow Cleave|p2a: Serperior
|-damage|p2a: Serperior|0 fnt
|faint|p2a: Serperior
|
|upkeep
|
|t:|1779864430
|switch|p2a: Regieleki|Regieleki|100/100
|turn|37
|
|t:|1779864459
|move|p2a: Regieleki|Hyper Beam|p1a: Kingambit
|-resisted|p1a: Kingambit
|-damage|p1a: Kingambit|64/100
|-mustrecharge|p2a: Regieleki
|move|p1a: Kingambit|Kowtow Cleave|p2a: Regieleki
|-damage|p2a: Regieleki|0 fnt
|faint|p2a: Regieleki
|
|win|kabbalistic jew
|raw|kabbalistic jew's rating: 1238 &rarr; <strong>1258</strong><br />(+20 for winning)
|raw|sharkusPL's rating: 1167 &rarr; <strong>1147</strong><br />(-20 for losing)
|l|☆kabbalistic jew
|player|p1|
|l|☆sharkusPL
|player|p2|
