|j|☆tecerdo
|j|☆Rising Ursaring
|t:|1779884719
|gametype|singles
|player|p1|tecerdo|gentleman-gen4dp|1448
|player|p2|Rising Ursaring|burglar|1442
|gen|9
|tier|[Gen 9] OU
|rated|
|rule|HP Percentage Mod: HP is shown in percentages
|rule|Endless Battle Clause: Forcing endless battles is banned
|rule|Species Clause: Limit one of each Pokémon
|rule|OHKO Clause: OHKO moves are banned
|rule|Evasion Items Clause: Evasion items are banned
|rule|Evasion Moves Clause: Evasion moves are banned
|rule|Evasion Abilities Clause: Evasion abilities are banned
|rule|Sleep Moves Clause: Sleep-inducing moves are banned
|clearpoke
|poke|p1|Pelipper, M|
|poke|p1|Beartic, M|
|poke|p1|Barraskewda, M|
|poke|p1|Bellibolt, F|
|poke|p1|Toxicroak, F|
|poke|p1|Iron Treads|
|poke|p2|Glimmora, M|
|poke|p2|Gholdengo|
|poke|p2|Gliscor, F|
|poke|p2|Kingambit, M|
|poke|p2|Pecharunt|
|poke|p2|Iron Valiant|
|teampreview
|l|☆Rising Ursaring
|player|p2|
|inactive|Battle timer is ON: inactive players will automatically lose when time's up. (requested by tecerdo)
|j|☆Rising Ursaring
|inactive|Rising Ursaring reconnected and has 150 seconds left.
|player|p2|Rising Ursaring|burglar|
|
|t:|1779884734
|teamsize|p1|6
|teamsize|p2|6
|start
|switch|p1a: Iron Treads|Iron Treads|100/100
|switch|p2a: Glimmora|Glimmora, M|100/100
|turn|1
|
|t:|1779884741
|move|p1a: Iron Treads|Stealth Rock|p2a: Glimmora
|-sidestart|p2: Rising Ursaring|move: Stealth Rock
|move|p2a: Glimmora|Earth Power|p1a: Iron Treads
|-supereffective|p1a: Iron Treads
|-damage|p1a: Iron Treads|36/100
|
|upkeep
|turn|2
|inactive|Rising Ursaring has 120 seconds left.
|inactive|Rising Ursaring has 90 seconds left.
|inactive|Rising Ursaring has 60 seconds left.
|
|t:|1779884841
|-terastallize|p2a: Glimmora|Ghost
|move|p1a: Iron Treads|Earthquake|p2a: Glimmora
|-damage|p2a: Glimmora|51/100
|-activate|p2a: Glimmora|ability: Toxic Debris
|-sidestart|p1: tecerdo|move: Toxic Spikes
|move|p2a: Glimmora|Stealth Rock|p1a: Iron Treads
|-sidestart|p1: tecerdo|move: Stealth Rock
|
|upkeep
|turn|3
|
|t:|1779884854
|move|p1a: Iron Treads|Knock Off|p2a: Glimmora
|-supereffective|p2a: Glimmora
|-damage|p2a: Glimmora|0 fnt
|-activate|p2a: Glimmora|ability: Toxic Debris
|-sidestart|p1: tecerdo|move: Toxic Spikes
|-enditem|p2a: Glimmora|Power Herb|[from] move: Knock Off|[of] p1a: Iron Treads
|faint|p2a: Glimmora
|
|upkeep
|
|t:|1779884861
|switch|p2a: Kingambit|Kingambit, M|100/100
|-damage|p2a: Kingambit|94/100|[from] Stealth Rock
|-activate|p2a: Kingambit|ability: Supreme Overlord
|-start|p2a: Kingambit|fallen1|[silent]
|turn|4
|
|t:|1779884867
|-end|p1a: Iron Treads|Quark Drive|[silent]
|switch|p1a: Toxicroak|Toxicroak, F|100/100
|-sideend|p1: tecerdo|move: Toxic Spikes|[of] p1a: Toxicroak
|-damage|p1a: Toxicroak|94/100|[from] Stealth Rock
|move|p2a: Kingambit|Sucker Punch||[still]
|-fail|p2a: Kingambit
|
|-heal|p2a: Kingambit|100/100|[from] item: Leftovers
|upkeep
|turn|5
|
|t:|1779884875
|-end|p2a: Kingambit|fallen1|[silent]
|switch|p2a: Pecharunt|Pecharunt|100/100
|move|p1a: Toxicroak|Knock Off|p2a: Pecharunt
|-supereffective|p2a: Pecharunt
|-damage|p2a: Pecharunt|78/100
|-enditem|p2a: Pecharunt|Heavy-Duty Boots|[from] move: Knock Off|[of] p1a: Toxicroak
|
|upkeep
|turn|6
|
|t:|1779884881
|switch|p1a: Bellibolt|Bellibolt, F|100/100
|-damage|p1a: Bellibolt|88/100|[from] Stealth Rock
|move|p2a: Pecharunt|Parting Shot|p1a: Bellibolt
|-unboost|p1a: Bellibolt|atk|1
|-unboost|p1a: Bellibolt|spa|1
|
|t:|1779884885
|switch|p2a: Gliscor|Gliscor, F|100/100|[from] Parting Shot
|-damage|p2a: Gliscor|88/100|[from] Stealth Rock
|
|-status|p2a: Gliscor|tox|[from] item: Toxic Orb
|upkeep
|turn|7
|
|t:|1779884887
|switch|p1a: Pelipper|Pelipper, M|100/100
|-damage|p1a: Pelipper|76/100|[from] Stealth Rock
|-weather|RainDance|[from] ability: Drizzle|[of] p1a: Pelipper
|move|p2a: Gliscor|Swords Dance|p2a: Gliscor
|-boost|p2a: Gliscor|atk|2
|
|-weather|RainDance|[upkeep]
|-heal|p2a: Gliscor|100/100 tox|[from] ability: Poison Heal
|upkeep
|turn|8
|
|t:|1779884890
|move|p2a: Gliscor|Knock Off|p1a: Pelipper
|-damage|p1a: Pelipper|43/100
|-enditem|p1a: Pelipper|Damp Rock|[from] move: Knock Off|[of] p2a: Gliscor
|move|p1a: Pelipper|Weather Ball|p2a: Gliscor
|-supereffective|p2a: Gliscor
|-damage|p2a: Gliscor|20/100 tox
|
|-weather|RainDance|[upkeep]
|-heal|p2a: Gliscor|33/100 tox|[from] ability: Poison Heal
|upkeep
|turn|9
|
|t:|1779884895
|move|p2a: Gliscor|Protect|p2a: Gliscor
|-singleturn|p2a: Gliscor|Protect
|move|p1a: Pelipper|Roost|p1a: Pelipper
|-heal|p1a: Pelipper|93/100
|-singleturn|p1a: Pelipper|move: Roost
|
|-weather|RainDance|[upkeep]
|-heal|p2a: Gliscor|45/100 tox|[from] ability: Poison Heal
|upkeep
|turn|10
|
|t:|1779884904
|move|p2a: Gliscor|Knock Off|p1a: Pelipper
|-damage|p1a: Pelipper|72/100
|move|p1a: Pelipper|Weather Ball|p2a: Gliscor
|-supereffective|p2a: Gliscor
|-damage|p2a: Gliscor|0 fnt
|faint|p2a: Gliscor
|
|-weather|RainDance|[upkeep]
|upkeep
|
|t:|1779884908
|switch|p2a: Iron Valiant|Iron Valiant|100/100
|-damage|p2a: Iron Valiant|94/100|[from] Stealth Rock
|-enditem|p2a: Iron Valiant|Booster Energy
|-activate|p2a: Iron Valiant|ability: Quark Drive|[fromitem]
|-start|p2a: Iron Valiant|quarkdrivespe
|turn|11
|
|t:|1779884916
|switch|p1a: Iron Treads|Iron Treads|36/100
|move|p2a: Iron Valiant|Calm Mind|p2a: Iron Valiant
|-boost|p2a: Iron Valiant|spa|1
|-boost|p2a: Iron Valiant|spd|1
|
|-weather|RainDance|[upkeep]
|upkeep
|turn|12
|
|t:|1779884919
|move|p2a: Iron Valiant|Moonblast|p1a: Iron Treads
|-resisted|p1a: Iron Treads
|-damage|p1a: Iron Treads|0 fnt
|faint|p1a: Iron Treads
|-end|p1a: Iron Treads|Quark Drive|[silent]
|
|-weather|RainDance|[upkeep]
|upkeep
|
|t:|1779884921
|switch|p1a: Bellibolt|Bellibolt, F|88/100
|-damage|p1a: Bellibolt|76/100|[from] Stealth Rock
|turn|13
|
|t:|1779884924
|move|p2a: Iron Valiant|Calm Mind|p2a: Iron Valiant
|-boost|p2a: Iron Valiant|spa|1
|-boost|p2a: Iron Valiant|spd|1
|move|p1a: Bellibolt|Parabolic Charge|p2a: Iron Valiant
|-damage|p2a: Iron Valiant|67/100
|-heal|p1a: Bellibolt|87/100|[from] drain|[of] p2a: Iron Valiant
|
|-weather|RainDance|[upkeep]
|upkeep
|turn|14
|
|t:|1779884931
|move|p2a: Iron Valiant|Moonblast|p1a: Bellibolt
|-damage|p1a: Bellibolt|34/100
|-unboost|p1a: Bellibolt|spa|1
|-start|p1a: Bellibolt|Charge|Moonblast|[from] ability: Electromorphosis
|move|p1a: Bellibolt|Thunder|p2a: Iron Valiant
|-damage|p2a: Iron Valiant|0 fnt
|faint|p2a: Iron Valiant
|-end|p2a: Iron Valiant|Quark Drive|[silent]
|-end|p1a: Bellibolt|Charge|[silent]
|
|-weather|none
|upkeep
|
|t:|1779884939
|switch|p2a: Kingambit|Kingambit, M|100/100
|-damage|p2a: Kingambit|94/100|[from] Stealth Rock
|-activate|p2a: Kingambit|ability: Supreme Overlord
|-start|p2a: Kingambit|fallen3|[silent]
|turn|15
|
|t:|1779884947
|move|p2a: Kingambit|Swords Dance|p2a: Kingambit
|-boost|p2a: Kingambit|atk|2
|move|p1a: Bellibolt|Volt Switch|p2a: Kingambit
|-damage|p2a: Kingambit|69/100
|
|t:|1779884949
|switch|p1a: Pelipper|Pelipper, M|72/100|[from] Volt Switch
|-damage|p1a: Pelipper|48/100|[from] Stealth Rock
|-weather|RainDance|[from] ability: Drizzle|[of] p1a: Pelipper
|
|-weather|RainDance|[upkeep]
|-heal|p2a: Kingambit|76/100|[from] item: Leftovers
|upkeep
|turn|16
|
|t:|1779884951
|move|p2a: Kingambit|Kowtow Cleave|p1a: Pelipper
|-damage|p1a: Pelipper|0 fnt
|faint|p1a: Pelipper
|
|-weather|RainDance|[upkeep]
|-heal|p2a: Kingambit|82/100|[from] item: Leftovers
|upkeep
|
|t:|1779884954
|switch|p1a: Beartic|Beartic, M|100/100
|-damage|p1a: Beartic|76/100|[from] Stealth Rock
|turn|17
|
|t:|1779884956
|move|p1a: Beartic|Substitute|p1a: Beartic
|-start|p1a: Beartic|Substitute
|-damage|p1a: Beartic|51/100
|move|p2a: Kingambit|Kowtow Cleave|p1a: Beartic
|-end|p1a: Beartic|Substitute
|
|-weather|RainDance|[upkeep]
|-heal|p2a: Kingambit|88/100|[from] item: Leftovers
|upkeep
|turn|18
|
|t:|1779884960
|move|p1a: Beartic|Close Combat|p2a: Kingambit
|-supereffective|p2a: Kingambit
|-crit|p2a: Kingambit
|-damage|p2a: Kingambit|0 fnt
|-unboost|p1a: Beartic|def|1
|-unboost|p1a: Beartic|spd|1
|faint|p2a: Kingambit
|-end|p2a: Kingambit|fallen3|[silent]
|
|-weather|RainDance|[upkeep]
|upkeep
|
|t:|1779884964
|switch|p2a: Gholdengo|Gholdengo|100/100
|-damage|p2a: Gholdengo|94/100|[from] Stealth Rock
|-item|p2a: Gholdengo|Air Balloon
|turn|19
|
|t:|1779884972
|switch|p1a: Bellibolt|Bellibolt, F|34/100
|-damage|p1a: Bellibolt|22/100|[from] Stealth Rock
|move|p2a: Gholdengo|Thunder Wave|p1a: Bellibolt
|-immune|p1a: Bellibolt
|
|-weather|none
|upkeep
|turn|20
|
|t:|1779884975
|move|p2a: Gholdengo|Hex|p1a: Bellibolt
|-damage|p1a: Bellibolt|7/100
|-start|p1a: Bellibolt|Charge|Hex|[from] ability: Electromorphosis
|move|p1a: Bellibolt|Parabolic Charge|p2a: Gholdengo
|-damage|p2a: Gholdengo|30/100
|-heal|p1a: Bellibolt|40/100|[from] drain|[of] p2a: Gholdengo
|-enditem|p2a: Gholdengo|Air Balloon
|-end|p1a: Bellibolt|Charge|[silent]
|
|upkeep
|turn|21
|
|t:|1779884979
|move|p2a: Gholdengo|Hex|p1a: Bellibolt
|-damage|p1a: Bellibolt|24/100
|-start|p1a: Bellibolt|Charge|Hex|[from] ability: Electromorphosis
|move|p1a: Bellibolt|Parabolic Charge|p2a: Gholdengo
|-damage|p2a: Gholdengo|0 fnt
|-heal|p1a: Bellibolt|39/100|[from] drain|[of] p2a: Gholdengo
|faint|p2a: Gholdengo
|-end|p1a: Bellibolt|Charge|[silent]
|
|upkeep
|
|t:|1779884980
|switch|p2a: Pecharunt|Pecharunt|78/100
|-damage|p2a: Pecharunt|65/100|[from] Stealth Rock
|turn|22
|
|t:|1779884983
|move|p2a: Pecharunt|Malignant Chain|p1a: Bellibolt
|-damage|p1a: Bellibolt|21/100
|-status|p1a: Bellibolt|tox
|-start|p1a: Bellibolt|confusion|[from] ability: Poison Puppeteer|[of] p2a: Pecharunt
|-start|p1a: Bellibolt|Charge|Malignant Chain|[from] ability: Electromorphosis
|-activate|p1a: Bellibolt|confusion
|move|p1a: Bellibolt|Parabolic Charge|p2a: Pecharunt
|-damage|p2a: Pecharunt|2/100
|-heal|p1a: Bellibolt|55/100 tox|[from] drain|[of] p2a: Pecharunt
|-end|p1a: Bellibolt|Charge|[silent]
|
|-damage|p1a: Bellibolt|49/100 tox|[from] psn
|upkeep
|turn|23
|
|t:|1779884987
|move|p2a: Pecharunt|Recover|p2a: Pecharunt
|-heal|p2a: Pecharunt|52/100
|-end|p1a: Bellibolt|confusion
|move|p1a: Bellibolt|Parabolic Charge|p2a: Pecharunt
|-damage|p2a: Pecharunt|21/100
|-heal|p1a: Bellibolt|65/100 tox|[from] drain|[of] p2a: Pecharunt
|
|-damage|p1a: Bellibolt|53/100 tox|[from] psn
|upkeep
|turn|24
|
|t:|1779884993
|move|p2a: Pecharunt|Recover|p2a: Pecharunt
|-heal|p2a: Pecharunt|71/100
|move|p1a: Bellibolt|Parabolic Charge|p2a: Pecharunt
|-damage|p2a: Pecharunt|42/100
|-heal|p1a: Bellibolt|68/100 tox|[from] drain|[of] p2a: Pecharunt
|
|-damage|p1a: Bellibolt|50/100 tox|[from] psn
|upkeep
|turn|25
|
|t:|1779884995
|move|p2a: Pecharunt|Recover|p2a: Pecharunt
|-heal|p2a: Pecharunt|92/100
|move|p1a: Bellibolt|Thunder|p2a: Pecharunt|[miss]
|-miss|p1a: Bellibolt|p2a: Pecharunt
|
|-damage|p1a: Bellibolt|26/100 tox|[from] psn
|upkeep
|turn|26
|
|t:|1779884999
|move|p2a: Pecharunt|Parting Shot|p1a: Bellibolt
|-unboost|p1a: Bellibolt|atk|1
|-unboost|p1a: Bellibolt|spa|1
|move|p1a: Bellibolt|Thunder|p2a: Pecharunt
|-damage|p2a: Pecharunt|55/100
|-status|p2a: Pecharunt|par
|
|-damage|p1a: Bellibolt|0 fnt|[from] psn
|faint|p1a: Bellibolt
|upkeep
|
|t:|1779885002
|switch|p1a: Barraskewda|Barraskewda, M|100/100
|-damage|p1a: Barraskewda|88/100|[from] Stealth Rock
|turn|27
|
|t:|1779885005
|-terastallize|p1a: Barraskewda|Water
|move|p1a: Barraskewda|Liquidation|p2a: Pecharunt
|-crit|p2a: Pecharunt
|-damage|p2a: Pecharunt|0 fnt
|faint|p2a: Pecharunt
|
|win|tecerdo
|raw|tecerdo's rating: 1448 &rarr; <strong>1468</strong><br />(+20 for winning)
|raw|Rising Ursaring's rating: 1442 &rarr; <strong>1422</strong><br />(-20 for losing)
|l|☆Rising Ursaring
|player|p2|
|c|☆tecerdo|gg
|l|☆tecerdo
|player|p1|
