|j|☆ju2508
|j|☆magicsalt
|t:|1779871203
|gametype|singles
|player|p1|ju2508|266|1230
|player|p2|magicsalt|clair|1203
|gen|9
|tier|[Gen 9] OU
|rated|
|rule|HP Percentage Mod: HP is shown in percentages
|rule|Endless Battle Clause: Forcing endless battles is banned
|rule|Species Clause: Limit one of each Pokémon
|rule|OHKO Clause: OHKO moves are banned
|rule|Evasion Items Clause: Evasion items are banned
|rule|Evasion Moves Clause: Evasion moves are banned
|rule|Evasion Abilities Clause: Evasion abilities are banned
|rule|Sleep Moves Clause: Sleep-inducing moves are banned
|clearpoke
|poke|p1|Alomomola, F|
|poke|p1|Jolteon, F|
|poke|p1|Cinccino, F|
|poke|p1|Yanmega, M|
|poke|p1|Florges, F|
|poke|p1|Coalossal, M|
|poke|p2|Salazzle, F|
|poke|p2|Glimmora, F|
|poke|p2|Darkrai|
|poke|p2|Toxapex, F|
|poke|p2|Corviknight, M|
|poke|p2|Blissey, F|
|teampreview
|inactive|Battle timer is ON: inactive players will automatically lose when time's up. (requested by ju2508)
|
|t:|1779871215
|teamsize|p1|6
|teamsize|p2|6
|start
|switch|p1a: Jolteon|Jolteon, F|100/100
|switch|p2a: A roc|Glimmora, F, shiny|100/100
|turn|1
|
|t:|1779871226
|move|p1a: Jolteon|Thunderbolt|p2a: A roc
|-damage|p2a: A roc|28/100
|move|p2a: A roc|Toxic|p1a: Jolteon
|-status|p1a: Jolteon|tox
|
|-damage|p1a: Jolteon|95/100 tox|[from] psn
|upkeep
|turn|2
|
|t:|1779871238
|move|p2a: A roc|Spiky Shield|p2a: A roc
|-singleturn|p2a: A roc|move: Protect
|move|p1a: Jolteon|Thunderbolt|p2a: A roc
|-activate|p2a: A roc|move: Protect
|
|-damage|p1a: Jolteon|83/100 tox|[from] psn
|upkeep
|turn|3
|
|t:|1779871247
|switch|p2a: Fatty whopper|Blissey, F|100/100
|move|p1a: Jolteon|Thunderbolt|p2a: Fatty whopper
|-damage|p2a: Fatty whopper|77/100
|
|-heal|p2a: Fatty whopper|83/100|[from] item: Leftovers
|-damage|p1a: Jolteon|65/100 tox|[from] psn
|upkeep
|turn|4
|
|t:|1779871259
|switch|p1a: Coalossal|Coalossal, M|100/100
|move|p2a: Fatty whopper|Protect||[still]
|-fail|p2a: Fatty whopper
|
|-heal|p2a: Fatty whopper|89/100|[from] item: Leftovers
|upkeep
|turn|5
|
|t:|1779871269
|switch|p2a: A roc|Glimmora, F, shiny|28/100
|move|p1a: Coalossal|Stealth Rock|p2a: A roc
|-sidestart|p2: magicsalt|move: Stealth Rock
|
|upkeep
|turn|6
|
|t:|1779871281
|switch|p1a: Jolteon|Jolteon, F|65/100 tox
|move|p2a: A roc|Toxic|p1a: Jolteon
|-fail|p1a: Jolteon|tox
|
|-damage|p1a: Jolteon|59/100 tox|[from] psn
|upkeep
|turn|7
|
|t:|1779871290
|switch|p1a: Yanmega|Yanmega, M|100/100
|move|p2a: A roc|Spiky Shield||[still]
|-fail|p2a: A roc
|
|upkeep
|turn|8
|
|t:|1779871299
|move|p1a: Yanmega|Giga Drain|p2a: A roc
|-damage|p2a: A roc|0 fnt
|faint|p2a: A roc
|
|-ability|p1a: Yanmega|Speed Boost|boost
|-boost|p1a: Yanmega|spe|1
|upkeep
|
|t:|1779871310
|switch|p2a: Spikey thingy|Toxapex, F|100/100
|-damage|p2a: Spikey thingy|88/100|[from] Stealth Rock
|turn|9
|
|t:|1779871316
|switch|p1a: Jolteon|Jolteon, F|59/100 tox
|move|p2a: Spikey thingy|Infestation|p1a: Jolteon
|-damage|p1a: Jolteon|55/100 tox
|-activate|p1a: Jolteon|move: Infestation|[of] p2a: Spikey thingy
|
|-heal|p2a: Spikey thingy|94/100|[from] item: Leftovers
|-damage|p1a: Jolteon|49/100 tox|[from] psn
|-damage|p1a: Jolteon|37/100 tox|[from] move: Infestation|[partiallytrapped]
|upkeep
|turn|10
|
|t:|1779871335
|-terastallize|p2a: Spikey thingy|Fairy
|move|p1a: Jolteon|Volt Switch|p2a: Spikey thingy
|-damage|p2a: Spikey thingy|54/100
|
|t:|1779871344
|switch|p1a: Yanmega|Yanmega, M|100/100|[from] Volt Switch
|move|p2a: Spikey thingy|Recover|p2a: Spikey thingy
|-heal|p2a: Spikey thingy|100/100
|
|upkeep
|turn|11
|
|t:|1779871352
|move|p1a: Yanmega|Air Slash|p2a: Spikey thingy
|-damage|p2a: Spikey thingy|56/100
|move|p2a: Spikey thingy|Infestation|p1a: Yanmega
|-resisted|p1a: Yanmega
|-damage|p1a: Yanmega|98/100
|-activate|p1a: Yanmega|move: Infestation|[of] p2a: Spikey thingy
|
|-heal|p2a: Spikey thingy|62/100|[from] item: Leftovers
|-damage|p1a: Yanmega|85/100|[from] move: Infestation|[partiallytrapped]
|-ability|p1a: Yanmega|Speed Boost|boost
|-boost|p1a: Yanmega|spe|1
|upkeep
|turn|12
|
|t:|1779871363
|move|p2a: Spikey thingy|Baneful Bunker|p2a: Spikey thingy
|-singleturn|p2a: Spikey thingy|move: Protect
|move|p1a: Yanmega|Air Slash|p2a: Spikey thingy
|-activate|p2a: Spikey thingy|move: Protect
|
|-heal|p2a: Spikey thingy|68/100|[from] item: Leftovers
|-damage|p1a: Yanmega|73/100|[from] move: Infestation|[partiallytrapped]
|-ability|p1a: Yanmega|Speed Boost|boost
|-boost|p1a: Yanmega|spe|1
|upkeep
|turn|13
|
|t:|1779871373
|move|p1a: Yanmega|Air Slash|p2a: Spikey thingy
|-damage|p2a: Spikey thingy|23/100
|move|p2a: Spikey thingy|Recover|p2a: Spikey thingy
|-heal|p2a: Spikey thingy|73/100
|
|-heal|p2a: Spikey thingy|79/100|[from] item: Leftovers
|-damage|p1a: Yanmega|61/100|[from] move: Infestation|[partiallytrapped]
|-ability|p1a: Yanmega|Speed Boost|boost
|-boost|p1a: Yanmega|spe|1
|upkeep
|turn|14
|
|t:|1779871384
|move|p2a: Spikey thingy|Baneful Bunker|p2a: Spikey thingy
|-singleturn|p2a: Spikey thingy|move: Protect
|move|p1a: Yanmega|Air Slash|p2a: Spikey thingy
|-activate|p2a: Spikey thingy|move: Protect
|
|-heal|p2a: Spikey thingy|85/100|[from] item: Leftovers
|-damage|p1a: Yanmega|48/100|[from] move: Infestation|[partiallytrapped]
|-ability|p1a: Yanmega|Speed Boost|boost
|-boost|p1a: Yanmega|spe|1
|upkeep
|turn|15
|
|t:|1779871397
|move|p1a: Yanmega|Air Slash|p2a: Spikey thingy
|-damage|p2a: Spikey thingy|40/100
|move|p2a: Spikey thingy|Recover|p2a: Spikey thingy
|-heal|p2a: Spikey thingy|90/100
|
|-heal|p2a: Spikey thingy|96/100|[from] item: Leftovers
|-end|p1a: Yanmega|Infestation|[partiallytrapped]
|-ability|p1a: Yanmega|Speed Boost|boost
|-boost|p1a: Yanmega|spe|1
|upkeep
|turn|16
|
|t:|1779871412
|switch|p1a: Florges|Florges, F|100/100
|move|p2a: Spikey thingy|Infestation|p1a: Florges
|-resisted|p1a: Florges
|-damage|p1a: Florges|99/100
|-activate|p1a: Florges|move: Infestation|[of] p2a: Spikey thingy
|
|-heal|p2a: Spikey thingy|100/100|[from] item: Leftovers
|-damage|p1a: Florges|87/100|[from] move: Infestation|[partiallytrapped]
|upkeep
|turn|17
|
|t:|1779871423
|move|p2a: Spikey thingy|Baneful Bunker|p2a: Spikey thingy
|-singleturn|p2a: Spikey thingy|move: Protect
|move|p1a: Florges|Psychic|p2a: Spikey thingy
|-activate|p2a: Spikey thingy|move: Protect
|
|-damage|p1a: Florges|75/100|[from] move: Infestation|[partiallytrapped]
|upkeep
|turn|18
|
|t:|1779871433
|move|p1a: Florges|Psychic|p2a: Spikey thingy
|-damage|p2a: Spikey thingy|83/100
|move|p2a: Spikey thingy|Infestation|p1a: Florges
|-resisted|p1a: Florges
|-damage|p1a: Florges|74/100
|
|-heal|p2a: Spikey thingy|89/100|[from] item: Leftovers
|-damage|p1a: Florges|62/100|[from] move: Infestation|[partiallytrapped]
|upkeep
|turn|19
|-message|ju2508 forfeited.
|
|win|magicsalt
|raw|ju2508's rating: 1230 &rarr; <strong>1203</strong><br />(-27 for losing)
|raw|magicsalt's rating: 1203 &rarr; <strong>1230</strong><br />(+27 for winning)
|l|☆ju2508
|player|p1|
