|j|☆KING丶3266926956今余
|j|☆INK_FrostNova
|t:|1779952708
|gametype|singles
|player|p1|KING丶3266926956今余|dawn|1279
|player|p2|INK_FrostNova|265|1330
|gen|9
|tier|[Gen 9] OU
|rated|
|rule|HP Percentage Mod: HP is shown in percentages
|rule|Endless Battle Clause: Forcing endless battles is banned
|rule|Species Clause: Limit one of each Pokémon
|rule|OHKO Clause: OHKO moves are banned
|rule|Evasion Items Clause: Evasion items are banned
|rule|Evasion Moves Clause: Evasion moves are banned
|rule|Evasion Abilities Clause: Evasion abilities are banned
|rule|Sleep Moves Clause: Sleep-inducing moves are banned
|clearpoke
|poke|p1|Luxray, M|
|poke|p1|Noctowl, F|
|poke|p1|Alomomola, M|
|poke|p1|Meowstic, M|
|poke|p1|Incineroar, M|
|poke|p1|Meowscarada, F|
|poke|p2|Alomomola, M|
|poke|p2|Landorus-Therian, M|
|poke|p2|Cinderace, F|
|poke|p2|Kyurem|
|poke|p2|Great Tusk|
|poke|p2|Kingambit, F|
|teampreview
|inactive|Battle timer is ON: inactive players will automatically lose when time's up. (requested by KING丶3266926956今余)
|
|t:|1779952713
|teamsize|p1|6
|teamsize|p2|6
|start
|switch|p1a: Incineroar|Incineroar, M|100/100
|switch|p2a: Landorus|Landorus-Therian, M|100/100
|-ability|p2a: Landorus|Intimidate|boost
|-unboost|p1a: Incineroar|atk|1
|-ability|p1a: Incineroar|Intimidate|boost
|-unboost|p2a: Landorus|atk|1
|turn|1
|
|t:|1779952718
|move|p2a: Landorus|U-turn|p1a: Incineroar
|-damage|p1a: Incineroar|88/100
|
|t:|1779952722
|switch|p2a: Great Tusk|Great Tusk|100/100|[from] U-turn
|move|p1a: Incineroar|Will-O-Wisp|p2a: Great Tusk
|-status|p2a: Great Tusk|brn
|
|-damage|p2a: Great Tusk|94/100 brn|[from] brn
|upkeep
|turn|2
|
|t:|1779952731
|switch|p1a: Alomomola|Alomomola, M|100/100
|move|p2a: Great Tusk|Ice Spinner|p1a: Alomomola
|-resisted|p1a: Alomomola
|-damage|p1a: Alomomola|95/100
|
|-damage|p2a: Great Tusk|88/100 brn|[from] brn
|upkeep
|turn|3
|
|t:|1779952741
|-end|p2a: Great Tusk|Protosynthesis|[silent]
|switch|p2a: Kyurem|Kyurem|100/100
|-ability|p2a: Kyurem|Pressure
|move|p1a: Alomomola|Flip Turn|p2a: Kyurem
|-resisted|p2a: Kyurem
|-damage|p2a: Kyurem|93/100
|c|☆INK_FrostNova|保姆曼波也是猫是吧？
|inactive|KING丶3266926956今余 has 120 seconds left.
|
|t:|1779952773
|switch|p1a: Meowscarada|Meowscarada, F|100/100|[from] Flip Turn
|
|upkeep
|turn|4
|c|☆INK_FrostNova|HH
|
|t:|1779952787
|switch|p1a: Incineroar|Incineroar, M|88/100
|-ability|p1a: Incineroar|Intimidate|boost
|-unboost|p2a: Kyurem|atk|1
|switch|p2a: Landorus|Landorus-Therian, M|100/100
|-ability|p2a: Landorus|Intimidate|boost
|-unboost|p1a: Incineroar|atk|1
|
|upkeep
|turn|5
|
|t:|1779952794
|move|p2a: Landorus|Earthquake|p1a: Incineroar
|-supereffective|p1a: Incineroar
|-damage|p1a: Incineroar|1/100
|move|p1a: Incineroar|Will-O-Wisp|p2a: Landorus
|-status|p2a: Landorus|brn
|
|-damage|p2a: Landorus|95/100 brn|[from] brn
|upkeep
|turn|6
|
|t:|1779952804
|switch|p1a: Alomomola|Alomomola, M|100/100
|move|p2a: Landorus|Earthquake|p1a: Alomomola
|-damage|p1a: Alomomola|77/100
|
|-damage|p2a: Landorus|89/100 brn|[from] brn
|upkeep
|turn|7
|
|t:|1779952810
|switch|p2a: Great Tusk|Great Tusk|88/100 brn
|move|p1a: Alomomola|Wish|p1a: Alomomola
|
|-damage|p2a: Great Tusk|82/100 brn|[from] brn
|upkeep
|turn|8
|
|t:|1779952818
|move|p2a: Great Tusk|Rapid Spin|p1a: Alomomola
|-damage|p1a: Alomomola|71/100
|-boost|p2a: Great Tusk|spe|1
|move|p1a: Alomomola|Flip Turn|p2a: Great Tusk
|-supereffective|p2a: Great Tusk
|-damage|p2a: Great Tusk|57/100 brn
|
|t:|1779952825
|switch|p1a: Incineroar|Incineroar, M|1/100|[from] Flip Turn
|-ability|p1a: Incineroar|Intimidate|boost
|-unboost|p2a: Great Tusk|atk|1
|
|-heal|p1a: Incineroar|69/100|[from] move: Wish|[wisher] Alomomola
|-damage|p2a: Great Tusk|51/100 brn|[from] brn
|upkeep
|turn|9
|
|t:|1779952834
|switch|p1a: Alomomola|Alomomola, M|100/100
|move|p2a: Great Tusk|Close Combat|p1a: Alomomola
|-damage|p1a: Alomomola|84/100
|-unboost|p2a: Great Tusk|def|1
|-unboost|p2a: Great Tusk|spd|1
|
|-damage|p2a: Great Tusk|45/100 brn|[from] brn
|upkeep
|turn|10
|-message|INK_FrostNova forfeited.
|
|win|KING丶3266926956今余
|raw|KING丶3266926956今余's rating: 1279 &rarr; <strong>1308</strong><br />(+29 for winning)
|raw|INK_FrostNova's rating: 1330 &rarr; <strong>1307</strong><br />(-23 for losing)
|l|☆INK_FrostNova
|player|p2|
|l|☆KING丶3266926956今余
|player|p1|
