|j|☆bowgod27
|j|☆blueThe12thman
|t:|1779919360
|gametype|singles
|player|p1|bowgod27|wallace|1327
|player|p2|blueThe12thman|silver|1384
|gen|9
|tier|[Gen 9] OU
|rated|
|rule|HP Percentage Mod: HP is shown in percentages
|rule|Endless Battle Clause: Forcing endless battles is banned
|rule|Species Clause: Limit one of each Pokémon
|rule|OHKO Clause: OHKO moves are banned
|rule|Evasion Items Clause: Evasion items are banned
|rule|Evasion Moves Clause: Evasion moves are banned
|rule|Evasion Abilities Clause: Evasion abilities are banned
|rule|Sleep Moves Clause: Sleep-inducing moves are banned
|clearpoke
|poke|p1|Walking Wake|
|poke|p1|Great Tusk|
|poke|p1|Ninetales, F|
|poke|p1|Cresselia, F|
|poke|p1|Zarude|
|poke|p1|Ceruledge, M|
|poke|p2|Tyranitar, M|
|poke|p2|Skarmory, M|
|poke|p2|Scizor, M|
|poke|p2|Slowking, F|
|poke|p2|Gliscor, M|
|poke|p2|Espeon, F|
|teampreview
|c|☆blueThe12thman|hf
|inactive|Battle timer is ON: inactive players will automatically lose when time's up. (requested by bowgod27)
|c|☆bowgod27|hf
|inactive|bowgod27 has 120 seconds left.
|
|t:|1779919420
|teamsize|p1|6
|teamsize|p2|6
|start
|switch|p1a: Great Tusk|Great Tusk|100/100
|switch|p2a: Gliscor|Gliscor, M|100/100
|turn|1
|
|t:|1779919436
|move|p2a: Gliscor|Protect|p2a: Gliscor
|-singleturn|p2a: Gliscor|Protect
|move|p1a: Great Tusk|Rapid Spin|p2a: Gliscor
|-activate|p2a: Gliscor|move: Protect
|
|-status|p2a: Gliscor|tox|[from] item: Toxic Orb
|upkeep
|turn|2
|
|t:|1779919444
|move|p1a: Great Tusk|Ice Spinner|p2a: Gliscor
|-supereffective|p2a: Gliscor
|-damage|p2a: Gliscor|31/100 tox
|move|p2a: Gliscor|Toxic|p1a: Great Tusk
|-status|p1a: Great Tusk|tox
|
|-damage|p1a: Great Tusk|94/100 tox|[from] psn
|-heal|p2a: Gliscor|44/100 tox|[from] ability: Poison Heal
|upkeep
|turn|3
|
|t:|1779919458
|switch|p2a: Skarmory|Skarmory, M|100/100
|move|p1a: Great Tusk|Ice Spinner|p2a: Skarmory
|-damage|p2a: Skarmory|83/100
|-damage|p1a: Great Tusk|78/100 tox|[from] item: Rocky Helmet|[of] p2a: Skarmory
|
|-damage|p1a: Great Tusk|65/100 tox|[from] psn
|upkeep
|turn|4
|
|t:|1779919474
|-end|p1a: Great Tusk|Protosynthesis|[silent]
|switch|p1a: Ninetales|Ninetales, F|100/100
|-weather|SunnyDay|[from] ability: Drought|[of] p1a: Ninetales
|switch|p2a: Gliscor|Gliscor, M|44/100 tox
|
|-weather|SunnyDay|[upkeep]
|-heal|p2a: Gliscor|56/100 tox|[from] ability: Poison Heal
|upkeep
|turn|5
|
|t:|1779919500
|switch|p1a: Zarude|Zarude|100/100
|move|p2a: Gliscor|Protect||[still]
|-fail|p2a: Gliscor
|
|-weather|SunnyDay|[upkeep]
|-heal|p2a: Gliscor|69/100 tox|[from] ability: Poison Heal
|upkeep
|turn|6
|
|t:|1779919519
|move|p1a: Zarude|Swords Dance|p1a: Zarude
|-boost|p1a: Zarude|atk|2
|move|p2a: Gliscor|Stealth Rock|p1a: Zarude
|-sidestart|p1: bowgod27|move: Stealth Rock
|
|-weather|SunnyDay|[upkeep]
|-heal|p2a: Gliscor|81/100 tox|[from] ability: Poison Heal
|upkeep
|turn|7
|
|t:|1779919529
|move|p1a: Zarude|Power Whip|p2a: Gliscor|[miss]
|-miss|p1a: Zarude|p2a: Gliscor
|move|p2a: Gliscor|Knock Off|p1a: Zarude
|-resisted|p1a: Zarude
|-damage|p1a: Zarude|90/100
|-enditem|p1a: Zarude|Leftovers|[from] move: Knock Off|[of] p2a: Gliscor
|
|-weather|SunnyDay|[upkeep]
|-heal|p2a: Gliscor|94/100 tox|[from] ability: Poison Heal
|upkeep
|turn|8
|
|t:|1779919536
|move|p2a: Gliscor|Protect|p2a: Gliscor
|-singleturn|p2a: Gliscor|Protect
|move|p1a: Zarude|Swords Dance|p1a: Zarude
|-boost|p1a: Zarude|atk|2
|
|-weather|SunnyDay|[upkeep]
|-heal|p2a: Gliscor|100/100 tox|[from] ability: Poison Heal
|upkeep
|turn|9
|
|t:|1779919544
|switch|p2a: Skarmory|Skarmory, M|83/100
|move|p1a: Zarude|Power Whip|p2a: Skarmory
|-resisted|p2a: Skarmory
|-damage|p2a: Skarmory|58/100
|-damage|p1a: Zarude|74/100|[from] item: Rocky Helmet|[of] p2a: Skarmory
|
|-weather|SunnyDay|[upkeep]
|upkeep
|turn|10
|
|t:|1779919557
|switch|p2a: Gliscor|Gliscor, M|100/100 tox
|move|p1a: Zarude|Knock Off|p2a: Gliscor
|-damage|p2a: Gliscor|16/100 tox
|-enditem|p2a: Gliscor|Toxic Orb|[from] move: Knock Off|[of] p1a: Zarude
|
|-weather|SunnyDay|[upkeep]
|-heal|p2a: Gliscor|29/100 tox|[from] ability: Poison Heal
|upkeep
|turn|11
|
|t:|1779919586
|switch|p2a: Skarmory|Skarmory, M|58/100
|move|p1a: Zarude|Knock Off|p2a: Skarmory
|-damage|p2a: Skarmory|0 fnt
|-damage|p1a: Zarude|58/100|[from] item: Rocky Helmet|[of] p2a: Skarmory
|-enditem|p2a: Skarmory|Rocky Helmet|[from] move: Knock Off|[of] p1a: Zarude
|faint|p2a: Skarmory
|
|-weather|none
|upkeep
|inactive|blueThe12thman has 120 seconds left.
|inactive|blueThe12thman has 90 seconds left.
|inactive|blueThe12thman has 60 seconds left.
|
|t:|1779919666
|switch|p2a: Scizor|Scizor, M|100/100
|turn|12
|inactive|bowgod27 has 120 seconds left.
|
|t:|1779919710
|-terastallize|p2a: Scizor|Steel
|move|p2a: Scizor|Bullet Punch|p1a: Zarude
|-damage|p1a: Zarude|6/100
|-damage|p2a: Scizor|91/100|[from] item: Life Orb
|move|p1a: Zarude|Knock Off|p2a: Scizor
|-damage|p2a: Scizor|0 fnt
|-enditem|p2a: Scizor|Life Orb|[from] move: Knock Off|[of] p1a: Zarude
|faint|p2a: Scizor
|
|upkeep
|inactive|blueThe12thman has 60 seconds left.
|
|t:|1779919719
|switch|p2a: Tyranitar|Tyranitar, M|100/100
|-weather|Sandstorm|[from] ability: Sand Stream|[of] p2a: Tyranitar
|turn|13
|inactive|bowgod27 has 120 seconds left.
|
|t:|1779919728
|switch|p2a: Espeon|Espeon, F|100/100
|move|p1a: Zarude|Power Whip|p2a: Espeon|[miss]
|-miss|p1a: Zarude|p2a: Espeon
|
|-weather|Sandstorm|[upkeep]
|-damage|p2a: Espeon|95/100|[from] Sandstorm
|-damage|p1a: Zarude|0 fnt|[from] Sandstorm
|faint|p1a: Zarude
|upkeep
|inactive|bowgod27 has 120 seconds left.
|
|t:|1779919759
|switch|p1a: Cresselia|Cresselia, F|100/100
|-damage|p1a: Cresselia|88/100|[from] Stealth Rock
|turn|14
|inactive|bowgod27 has 90 seconds left.
|
|t:|1779919781
|switch|p2a: Gliscor|Gliscor, M|29/100 tox
|move|p1a: Cresselia|Psychic|p2a: Gliscor
|-damage|p2a: Gliscor|0 fnt
|faint|p2a: Gliscor
|
|-weather|Sandstorm|[upkeep]
|-damage|p1a: Cresselia|82/100|[from] Sandstorm
|upkeep
|
|t:|1779919787
|switch|p2a: Tyranitar|Tyranitar, M|100/100
|turn|15
|inactive|bowgod27 has 90 seconds left.
|inactive|blueThe12thman has 60 seconds left.
|
|t:|1779919825
|switch|p1a: Great Tusk|Great Tusk|65/100 tox
|-damage|p1a: Great Tusk|62/100 tox|[from] Stealth Rock
|move|p2a: Tyranitar|Ice Punch|p1a: Great Tusk
|-supereffective|p1a: Great Tusk
|-damage|p1a: Great Tusk|0 fnt
|faint|p1a: Great Tusk
|-end|p1a: Great Tusk|Protosynthesis|[silent]
|
|-weather|Sandstorm|[upkeep]
|upkeep
|inactive|bowgod27 has 60 seconds left.
|
|t:|1779919855
|switch|p1a: Ninetales|Ninetales, F|100/100
|-damage|p1a: Ninetales|76/100|[from] Stealth Rock
|-weather|SunnyDay|[from] ability: Drought|[of] p1a: Ninetales
|turn|16
|
|t:|1779919866
|switch|p2a: Slowking|Slowking, F|100/100
|move|p1a: Ninetales|Will-O-Wisp|p2a: Slowking
|-status|p2a: Slowking|brn
|
|-weather|SunnyDay|[upkeep]
|-damage|p2a: Slowking|94/100 brn|[from] brn
|upkeep
|turn|17
|
|t:|1779919882
|switch|p1a: Cresselia|Cresselia, F|82/100
|-damage|p1a: Cresselia|70/100|[from] Stealth Rock
|move|p2a: Slowking|Future Sight|p1a: Cresselia
|-start|p2a: Slowking|move: Future Sight
|
|-weather|SunnyDay|[upkeep]
|-damage|p2a: Slowking|88/100 brn|[from] brn
|upkeep
|turn|18
|
|t:|1779919890
|move|p1a: Cresselia|Psychic|p2a: Slowking
|-resisted|p2a: Slowking
|-damage|p2a: Slowking|81/100 brn
|move|p2a: Slowking|Thunder Wave|p1a: Cresselia|[miss]
|-miss|p2a: Slowking|p1a: Cresselia
|
|-weather|SunnyDay|[upkeep]
|-damage|p2a: Slowking|75/100 brn|[from] brn
|upkeep
|turn|19
|
|t:|1779919902
|move|p1a: Cresselia|Moonlight|p1a: Cresselia
|-heal|p1a: Cresselia|100/100
|move|p2a: Slowking|Thunder Wave|p1a: Cresselia
|-status|p1a: Cresselia|par
|
|-weather|SunnyDay|[upkeep]
|-end|p1a: Cresselia|move: Future Sight
|-resisted|p1a: Cresselia
|-damage|p1a: Cresselia|89/100 par
|-damage|p2a: Slowking|69/100 brn|[from] brn
|upkeep
|turn|20
|
|t:|1779919909
|cant|p1a: Cresselia|par
|-prepare|p2a: Slowking|Chilly Reception|[premajor]
|move|p2a: Slowking|Chilly Reception|p2a: Slowking
|-weather|Snowscape
|
|t:|1779919912
|switch|p2a: Tyranitar|Tyranitar, M|100/100|[from] Chilly Reception
|-weather|Sandstorm|[from] ability: Sand Stream|[of] p2a: Tyranitar
|
|-weather|Sandstorm|[upkeep]
|-damage|p1a: Cresselia|83/100 par|[from] Sandstorm
|upkeep
|turn|21
|inactive|blueThe12thman has 90 seconds left.
|
|t:|1779919930
|move|p2a: Tyranitar|Knock Off|p1a: Cresselia
|-supereffective|p1a: Cresselia
|-damage|p1a: Cresselia|0 fnt
|-enditem|p1a: Cresselia|Eject Button|[from] move: Knock Off|[of] p2a: Tyranitar
|faint|p1a: Cresselia
|
|-weather|Sandstorm|[upkeep]
|upkeep
|
|t:|1779919934
|switch|p1a: Ninetales|Ninetales, F|76/100
|-damage|p1a: Ninetales|51/100|[from] Stealth Rock
|-weather|SunnyDay|[from] ability: Drought|[of] p1a: Ninetales
|turn|22
|inactive|blueThe12thman has 90 seconds left.
|
|t:|1779919949
|switch|p2a: Espeon|Espeon, F|95/100
|move|p1a: Ninetales|Overheat|p2a: Espeon
|-damage|p2a: Espeon|29/100
|-unboost|p1a: Ninetales|spa|2
|
|-weather|SunnyDay|[upkeep]
|upkeep
|turn|23
|
|t:|1779919965
|move|p2a: Espeon|Light Screen|p2a: Espeon
|-sidestart|p2: blueThe12thman|move: Light Screen
|move|p1a: Ninetales|Overheat|p2a: Espeon
|-damage|p2a: Espeon|12/100
|-unboost|p1a: Ninetales|spa|2
|
|-weather|SunnyDay|[upkeep]
|upkeep
|turn|24
|inactive|bowgod27 has 60 seconds left.
|
|t:|1779919987
|move|p2a: Espeon|Wish|p2a: Espeon
|move|p1a: Ninetales|Will-O-Wisp|p2a: Espeon
|move|p2a: Espeon|Will-O-Wisp|p1a: Ninetales|[from] ability: Magic Bounce|[miss]
|-miss|p2a: Espeon|p1a: Ninetales
|
|-weather|SunnyDay|[upkeep]
|upkeep
|turn|25
|
|t:|1779919998
|move|p2a: Espeon|Reflect|p2a: Espeon
|-sidestart|p2: blueThe12thman|Reflect
|move|p1a: Ninetales|Will-O-Wisp|p2a: Espeon
|move|p2a: Espeon|Will-O-Wisp|p1a: Ninetales|[from] ability: Magic Bounce
|-immune|p1a: Ninetales
|
|-weather|SunnyDay|[upkeep]
|-heal|p2a: Espeon|62/100|[from] move: Wish|[wisher] Espeon
|upkeep
|turn|26
|
|t:|1779920007
|move|p2a: Espeon|Psychic|p1a: Ninetales
|-damage|p1a: Ninetales|11/100
|move|p1a: Ninetales|Encore|p2a: Espeon
|move|p2a: Espeon|Encore||[from] ability: Magic Bounce|[still]
|-fail|p2a: Espeon
|
|-weather|SunnyDay|[upkeep]
|upkeep
|turn|27
|inactive|bowgod27 has 60 seconds left.
|inactive|bowgod27 has 30 seconds left.
|inactive|bowgod27 has 20 seconds left.
|inactive|bowgod27 has 15 seconds left.
|inactive|bowgod27 has 10 seconds left.
|inactive|bowgod27 has 5 seconds left.
|
|t:|1779920085
|move|p2a: Espeon|Wish|p2a: Espeon
|move|p1a: Ninetales|Will-O-Wisp|p2a: Espeon
|move|p2a: Espeon|Will-O-Wisp|p1a: Ninetales|[from] ability: Magic Bounce|[miss]
|-miss|p2a: Espeon|p1a: Ninetales
|
|-weather|SunnyDay|[upkeep]
|upkeep
|turn|28
|inactive|bowgod27 has 15 seconds left this turn.
|inactive|bowgod27 has 10 seconds left.
|inactive|bowgod27 has 5 seconds left.
|
|t:|1779920098
|switch|p2a: Slowking|Slowking, F|100/100 brn
|switch|p1a: Ceruledge|Ceruledge, M|100/100
|-damage|p1a: Ceruledge|76/100|[from] Stealth Rock
|
|-weather|SunnyDay|[upkeep]
|-damage|p2a: Slowking|94/100 brn|[from] brn
|upkeep
|turn|29
|inactive|bowgod27 has 15 seconds left this turn.
|inactive|bowgod27 has 10 seconds left.
|inactive|bowgod27 has 5 seconds left.
|
|t:|1779920113
|move|p1a: Ceruledge|Poltergeist|p2a: Slowking
|-activate|p2a: Slowking|move: Poltergeist|Heavy-Duty Boots
|-supereffective|p2a: Slowking
|-damage|p2a: Slowking|29/100 brn
|move|p2a: Slowking|Future Sight|p1a: Ceruledge
|-start|p2a: Slowking|move: Future Sight
|
|-weather|none
|-damage|p2a: Slowking|23/100 brn|[from] brn
|upkeep
|turn|30
|inactive|bowgod27 has 15 seconds left this turn.
|inactive|bowgod27 has 10 seconds left.
|inactive|blueThe12thman has 120 seconds left.
|inactive|bowgod27 has 5 seconds left.
|
|t:|1779920141
|switch|p2a: Espeon|Espeon, F|62/100
|move|p1a: Ceruledge|Swords Dance|p1a: Ceruledge
|-boost|p1a: Ceruledge|atk|2
|
|-sideend|p2: blueThe12thman|move: Light Screen
|upkeep
|turn|31
|inactive|bowgod27 has 15 seconds left this turn.
|inactive|bowgod27 has 10 seconds left.
|
|t:|1779920150
|move|p2a: Espeon|Psychic|p1a: Ceruledge
|-crit|p1a: Ceruledge
|-damage|p1a: Ceruledge|6/100
|move|p1a: Ceruledge|Bitter Blade|p2a: Espeon
|-damage|p2a: Espeon|0 fnt
|-heal|p1a: Ceruledge|42/100|[from] drain|[of] p2a: Espeon
|faint|p2a: Espeon
|
|-end|p1a: Ceruledge|move: Future Sight
|-damage|p1a: Ceruledge|0 fnt
|faint|p1a: Ceruledge
|upkeep
|inactive|bowgod27 has 15 seconds left this turn.
|inactive|bowgod27 has 10 seconds left.
|inactive|bowgod27 has 5 seconds left.
|
|t:|1779920161
|switch|p2a: Tyranitar|Tyranitar, M|100/100
|switch|p1a: Walking Wake|Walking Wake|100/100
|-damage|p1a: Walking Wake|88/100|[from] Stealth Rock
|-weather|Sandstorm|[from] ability: Sand Stream|[of] p2a: Tyranitar
|turn|32
|inactive|bowgod27 has 15 seconds left this turn.
|inactive|bowgod27 has 10 seconds left.
|
|t:|1779920169
|-terastallize|p1a: Walking Wake|Fairy
|move|p1a: Walking Wake|Hydro Steam|p2a: Tyranitar
|-supereffective|p2a: Tyranitar
|-damage|p2a: Tyranitar|54/100
|move|p2a: Tyranitar|Knock Off|p1a: Walking Wake
|-resisted|p1a: Walking Wake
|-damage|p1a: Walking Wake|44/100
|-enditem|p1a: Walking Wake|Wise Glasses|[from] move: Knock Off|[of] p2a: Tyranitar
|
|-weather|Sandstorm|[upkeep]
|-damage|p1a: Walking Wake|38/100|[from] Sandstorm
|-sideend|p2: blueThe12thman|Reflect
|upkeep
|turn|33
|inactive|bowgod27 has 20 seconds left this turn.
|inactive|bowgod27 has 15 seconds left.
|inactive|bowgod27 has 10 seconds left.
|inactive|bowgod27 has 5 seconds left.
|
|t:|1779920185
|switch|p2a: Slowking|Slowking, F|57/100 brn
|move|p1a: Walking Wake|Draco Meteor|p2a: Slowking
|-damage|p2a: Slowking|19/100 brn
|-unboost|p1a: Walking Wake|spa|2
|
|-weather|Sandstorm|[upkeep]
|-damage|p1a: Walking Wake|32/100|[from] Sandstorm
|-damage|p2a: Slowking|13/100 brn|[from] Sandstorm
|-damage|p2a: Slowking|7/100 brn|[from] brn
|upkeep
|turn|34
|inactive|bowgod27 has 15 seconds left this turn.
|inactive|bowgod27 has 10 seconds left.
|
|t:|1779920193
|switch|p2a: Tyranitar|Tyranitar, M|54/100
|move|p1a: Walking Wake|Weather Ball|p2a: Tyranitar
|-damage|p2a: Tyranitar|44/100
|
|-weather|Sandstorm|[upkeep]
|-damage|p1a: Walking Wake|26/100|[from] Sandstorm
|upkeep
|turn|35
|inactive|bowgod27 has 20 seconds left this turn.
|inactive|bowgod27 has 15 seconds left.
|inactive|blueThe12thman has 120 seconds left.
|inactive|bowgod27 has 10 seconds left.
|
|t:|1779920207
|-end|p1a: Walking Wake|Protosynthesis|[silent]
|switch|p1a: Ninetales|Ninetales, F|11/100
|-damage|p1a: Ninetales|0 fnt|[from] Stealth Rock
|faint|p1a: Ninetales
|move|p2a: Tyranitar|Knock Off|p1: Ninetales|[notarget]
|-fail|p2a: Tyranitar
|
|-weather|Sandstorm|[upkeep]
|upkeep
|inactive|bowgod27 has 15 seconds left this turn.
|
|t:|1779920209
|switch|p1a: Walking Wake|Walking Wake, tera:Fairy|26/100
|-damage|p1a: Walking Wake|13/100|[from] Stealth Rock
|turn|36
|inactive|bowgod27 has 25 seconds left this turn.
|inactive|bowgod27 has 20 seconds left.
|
|t:|1779920215
|move|p1a: Walking Wake|Draco Meteor|p2a: Tyranitar
|-damage|p2a: Tyranitar|4/100
|-unboost|p1a: Walking Wake|spa|2
|move|p2a: Tyranitar|Knock Off|p1a: Walking Wake
|-resisted|p1a: Walking Wake
|-damage|p1a: Walking Wake|0 fnt
|faint|p1a: Walking Wake
|-end|p1a: Walking Wake|Protosynthesis|[silent]
|
|win|blueThe12thman
|raw|bowgod27's rating: 1327 &rarr; <strong>1310</strong><br />(-17 for losing)
|raw|blueThe12thman's rating: 1384 &rarr; <strong>1401</strong><br />(+17 for winning)
|c|☆blueThe12thman|gg
|c|☆bowgod27|gg
|l|☆bowgod27
|player|p1|
|l|☆blueThe12thman
|player|p2|
