|j|☆24iomxx
|j|☆titantvman
|t:|1779875257
|gametype|singles
|player|p1|24iomxx|hilbert-masters|1149
|player|p2|titantvman|266|1158
|gen|9
|tier|[Gen 9] OU
|rated|
|rule|HP Percentage Mod: HP is shown in percentages
|rule|Endless Battle Clause: Forcing endless battles is banned
|rule|Species Clause: Limit one of each Pokémon
|rule|OHKO Clause: OHKO moves are banned
|rule|Evasion Items Clause: Evasion items are banned
|rule|Evasion Moves Clause: Evasion moves are banned
|rule|Evasion Abilities Clause: Evasion abilities are banned
|rule|Sleep Moves Clause: Sleep-inducing moves are banned
|clearpoke
|poke|p1|Hydreigon, F|
|poke|p1|Excadrill, M|
|poke|p1|Galvantula, M|
|poke|p1|Chandelure, M|
|poke|p1|Amoonguss, M|
|poke|p1|Braviary, M|
|poke|p2|Tinkaton, F|
|poke|p2|Quagsire, M|
|poke|p2|Zoroark-Hisui, M|
|poke|p2|Ogerpon-Cornerstone, F|
|poke|p2|Mandibuzz, F|
|poke|p2|Conkeldurr, F|
|teampreview
|inactive|Battle timer is ON: inactive players will automatically lose when time's up. (requested by 24iomxx)
|
|t:|1779875275
|teamsize|p1|6
|teamsize|p2|6
|start
|switch|p1a: Galvantula|Galvantula, M|100/100
|switch|p2a: Quagsire|Quagsire, M|100/100
|turn|1
|
|t:|1779875284
|move|p1a: Galvantula|Sticky Web|p2a: Quagsire
|-sidestart|p2: titantvman|move: Sticky Web
|move|p2a: Quagsire|Toxic|p1a: Galvantula
|-status|p1a: Galvantula|tox
|
|-damage|p1a: Galvantula|94/100 tox|[from] psn
|upkeep
|turn|2
|
|t:|1779875293
|switch|p1a: Amoonguss|Amoonguss, M|100/100
|move|p2a: Quagsire|Earthquake|p1a: Amoonguss
|-damage|p1a: Amoonguss|79/100
|
|-heal|p1a: Amoonguss|85/100|[from] item: Leftovers
|upkeep
|turn|3
|
|t:|1779875303
|switch|p2a: Mandibuzz|Mandibuzz, F|100/100
|move|p1a: Amoonguss|Giga Drain|p2a: Mandibuzz
|-resisted|p2a: Mandibuzz
|-crit|p2a: Mandibuzz
|-damage|p2a: Mandibuzz|86/100
|-heal|p1a: Amoonguss|92/100|[from] drain|[of] p2a: Mandibuzz
|
|-heal|p1a: Amoonguss|98/100|[from] item: Leftovers
|upkeep
|turn|4
|
|t:|1779875314
|move|p2a: Mandibuzz|Defog|p1a: Amoonguss
|-unboost|p1a: Amoonguss|evasion|1
|-sideend|p2: titantvman|Sticky Web|[from] move: Defog|[of] p2a: Mandibuzz
|move|p1a: Amoonguss|Stun Spore|p2a: Mandibuzz
|-immune|p2a: Mandibuzz|[from] ability: Overcoat
|
|-heal|p1a: Amoonguss|100/100|[from] item: Leftovers
|upkeep
|turn|5
|
|t:|1779875332
|switch|p1a: Galvantula|Galvantula, M|94/100 tox
|move|p2a: Mandibuzz|Foul Play|p1a: Galvantula
|-damage|p1a: Galvantula|59/100 tox
|
|-damage|p1a: Galvantula|53/100 tox|[from] psn
|upkeep
|turn|6
|
|t:|1779875343
|switch|p2a: Quagsire|Quagsire, M|100/100
|move|p1a: Galvantula|Sticky Web|p2a: Quagsire
|-sidestart|p2: titantvman|move: Sticky Web
|
|-damage|p1a: Galvantula|41/100 tox|[from] psn
|upkeep
|turn|7
|
|t:|1779875352
|switch|p1a: Braviary|Braviary, M|100/100
|move|p2a: Quagsire|Chilling Water|p1a: Braviary
|-damage|p1a: Braviary|84/100
|-unboost|p1a: Braviary|atk|1
|-ability|p1a: Braviary|Defiant|boost
|-boost|p1a: Braviary|atk|2
|
|upkeep
|turn|8
|
|t:|1779875364
|move|p1a: Braviary|Agility|p1a: Braviary
|-boost|p1a: Braviary|spe|2
|move|p2a: Quagsire|Chilling Water|p1a: Braviary
|-damage|p1a: Braviary|68/100
|-unboost|p1a: Braviary|atk|1
|-ability|p1a: Braviary|Defiant|boost
|-boost|p1a: Braviary|atk|2
|
|upkeep
|turn|9
|
|t:|1779875375
|move|p1a: Braviary|Sky Attack||[still]
|-prepare|p1a: Braviary|Sky Attack
|-enditem|p1a: Braviary|Power Herb
|-anim|p1a: Braviary|Sky Attack|p2a: Quagsire
|-damage|p2a: Quagsire|44/100
|move|p2a: Quagsire|Toxic|p1a: Braviary
|-status|p1a: Braviary|tox
|
|-damage|p1a: Braviary|62/100 tox|[from] psn
|upkeep
|turn|10
|
|t:|1779875391
|switch|p2a: Tinkaton|Tinkaton, F|100/100
|-activate|p2a: Tinkaton|move: Sticky Web
|-unboost|p2a: Tinkaton|spe|1
|-ability|p2a: Tinkaton|Mold Breaker
|move|p1a: Braviary|Acrobatics|p2a: Tinkaton
|-resisted|p2a: Tinkaton
|-damage|p2a: Tinkaton|27/100
|
|-heal|p2a: Tinkaton|33/100|[from] item: Leftovers
|-damage|p1a: Braviary|49/100 tox|[from] psn
|upkeep
|turn|11
|
|t:|1779875406
|move|p1a: Braviary|Acrobatics|p2a: Tinkaton
|-resisted|p2a: Tinkaton
|-damage|p2a: Tinkaton|0 fnt
|faint|p2a: Tinkaton
|
|-damage|p1a: Braviary|31/100 tox|[from] psn
|upkeep
|
|t:|1779875414
|switch|p2a: Conkeldurr|Conkeldurr, F|100/100
|-activate|p2a: Conkeldurr|move: Sticky Web
|-unboost|p2a: Conkeldurr|spe|1
|turn|12
|
|t:|1779875429
|move|p2a: Conkeldurr|Mach Punch|p1a: Braviary
|-damage|p1a: Braviary|0 fnt
|faint|p1a: Braviary
|
|-status|p2a: Conkeldurr|brn|[from] item: Flame Orb
|upkeep
|inactive|24iomxx has 120 seconds left.
|
|t:|1779875474
|switch|p1a: Chandelure|Chandelure, M|100/100
|turn|13
|
|t:|1779875483
|-terastallize|p2a: Conkeldurr|Normal
|move|p1a: Chandelure|Fire Blast|p2a: Conkeldurr
|-damage|p2a: Conkeldurr|9/100 brn
|move|p2a: Conkeldurr|Knock Off|p1a: Chandelure
|-supereffective|p1a: Chandelure
|-damage|p1a: Chandelure|0 fnt
|-enditem|p1a: Chandelure|Choice Scarf|[from] move: Knock Off|[of] p2a: Conkeldurr
|faint|p1a: Chandelure
|
|-damage|p2a: Conkeldurr|3/100 brn|[from] brn
|upkeep
|
|t:|1779875489
|switch|p1a: Amoonguss|Amoonguss, M|100/100
|turn|14
|
|t:|1779875499
|move|p2a: Conkeldurr|Facade|p1a: Amoonguss
|-damage|p1a: Amoonguss|4/100
|move|p1a: Amoonguss|Giga Drain|p2a: Conkeldurr
|-damage|p2a: Conkeldurr|0 fnt
|-heal|p1a: Amoonguss|5/100|[from] drain|[of] p2a: Conkeldurr
|faint|p2a: Conkeldurr
|
|-heal|p1a: Amoonguss|11/100|[from] item: Leftovers
|upkeep
|
|t:|1779875512
|switch|p2a: Ogerpon|Ogerpon-Cornerstone, F|100/100
|-activate|p2a: Ogerpon|move: Sticky Web
|-unboost|p2a: Ogerpon|spe|1
|turn|15
|
|t:|1779875521
|move|p2a: Ogerpon|Extrasensory|p1a: Amoonguss
|-supereffective|p1a: Amoonguss
|-damage|p1a: Amoonguss|0 fnt
|faint|p1a: Amoonguss
|
|upkeep
|
|t:|1779875527
|switch|p1a: Hydreigon|Hydreigon, F|100/100
|turn|16
|
|t:|1779875532
|switch|p2a: Mandibuzz|Mandibuzz, F|86/100
|move|p1a: Hydreigon|Substitute|p1a: Hydreigon
|-start|p1a: Hydreigon|Substitute
|-damage|p1a: Hydreigon|76/100
|
|-heal|p1a: Hydreigon|82/100|[from] item: Leftovers
|upkeep
|turn|17
|
|t:|1779875542
|move|p1a: Hydreigon|Nasty Plot|p1a: Hydreigon
|-boost|p1a: Hydreigon|spa|2
|move|p2a: Mandibuzz|Defog|p1a: Hydreigon
|-sideend|p2: titantvman|Sticky Web|[from] move: Defog|[of] p2a: Mandibuzz
|
|-heal|p1a: Hydreigon|88/100|[from] item: Leftovers
|upkeep
|turn|18
|
|t:|1779875553
|move|p1a: Hydreigon|Nasty Plot|p1a: Hydreigon
|-boost|p1a: Hydreigon|spa|2
|move|p2a: Mandibuzz|U-turn|p1a: Hydreigon
|-supereffective|p1a: Hydreigon
|-activate|p1a: Hydreigon|move: Substitute|[damage]
|
|t:|1779875563
|switch|p2a: Ogerpon|Ogerpon-Cornerstone, F|100/100|[from] U-turn
|
|-heal|p1a: Hydreigon|94/100|[from] item: Leftovers
|upkeep
|turn|19
|
|t:|1779875570
|move|p2a: Ogerpon|U-turn|p1a: Hydreigon
|-supereffective|p1a: Hydreigon
|-end|p1a: Hydreigon|Substitute
|
|t:|1779875574
|switch|p2a: Quagsire|Quagsire, M|44/100|[from] U-turn
|move|p1a: Hydreigon|Flash Cannon|p2a: Quagsire
|-resisted|p2a: Quagsire
|-damage|p2a: Quagsire|27/100
|
|-heal|p1a: Hydreigon|99/100|[from] item: Leftovers
|upkeep
|turn|20
|
|t:|1779875584
|move|p1a: Hydreigon|Substitute|p1a: Hydreigon
|-start|p1a: Hydreigon|Substitute
|-damage|p1a: Hydreigon|75/100
|move|p2a: Quagsire|Recover|p2a: Quagsire
|-heal|p2a: Quagsire|77/100
|
|-heal|p1a: Hydreigon|81/100|[from] item: Leftovers
|upkeep
|turn|21
|
|t:|1779875599
|move|p1a: Hydreigon|Nasty Plot|p1a: Hydreigon
|-boost|p1a: Hydreigon|spa|2
|move|p2a: Quagsire|Earthquake|p1a: Hydreigon
|-immune|p1a: Hydreigon|[from] ability: Levitate
|
|-heal|p1a: Hydreigon|88/100|[from] item: Leftovers
|upkeep
|turn|22
|
|t:|1779875609
|move|p1a: Hydreigon|Draco Meteor|p2a: Quagsire
|-damage|p2a: Quagsire|0 fnt
|-unboost|p1a: Hydreigon|spa|2
|faint|p2a: Quagsire
|
|-heal|p1a: Hydreigon|94/100|[from] item: Leftovers
|upkeep
|
|t:|1779875627
|switch|p2a: Ogerpon|Ogerpon-Cornerstone, F|100/100
|turn|23
|
|t:|1779875631
|move|p2a: Ogerpon|Low Kick|p1a: Hydreigon
|-supereffective|p1a: Hydreigon
|-end|p1a: Hydreigon|Substitute
|move|p1a: Hydreigon|Flash Cannon|p2a: Ogerpon
|-supereffective|p2a: Ogerpon
|-ability|p2a: Ogerpon|Sturdy
|-damage|p2a: Ogerpon|1/100
|
|-heal|p1a: Hydreigon|99/100|[from] item: Leftovers
|upkeep
|turn|24
|
|t:|1779875642
|move|p2a: Ogerpon|Low Kick|p1a: Hydreigon
|-supereffective|p1a: Hydreigon
|-damage|p1a: Hydreigon|1/100
|move|p1a: Hydreigon|Flash Cannon|p2a: Ogerpon
|-supereffective|p2a: Ogerpon
|-damage|p2a: Ogerpon|0 fnt
|faint|p2a: Ogerpon
|
|-heal|p1a: Hydreigon|8/100|[from] item: Leftovers
|upkeep
|
|t:|1779875653
|switch|p2a: Mandibuzz|Mandibuzz, F|86/100
|turn|25
|
|t:|1779875659
|move|p1a: Hydreigon|Draco Meteor|p2a: Mandibuzz
|-damage|p2a: Mandibuzz|0 fnt
|-unboost|p1a: Hydreigon|spa|2
|faint|p2a: Mandibuzz
|
|-heal|p1a: Hydreigon|14/100|[from] item: Leftovers
|upkeep
|
|t:|1779875666
|switch|p2a: Zoroark|Zoroark-Hisui, M|100/100
|turn|26
|
|t:|1779875669
|move|p2a: Zoroark|U-turn|p1a: Hydreigon
|-supereffective|p1a: Hydreigon
|-damage|p1a: Hydreigon|0 fnt
|faint|p1a: Hydreigon
|
|upkeep
|-message|titantvman forfeited.
|
|win|24iomxx
|raw|24iomxx's rating: 1149 &rarr; <strong>1175</strong><br />(+26 for winning)
|raw|titantvman's rating: 1158 &rarr; <strong>1132</strong><br />(-26 for losing)
|l|☆titantvman
|player|p2|
|l|☆24iomxx
|player|p1|
