|j|☆showbiz_carton
|j|☆PlatinumZwei
|t:|1779804823
|gametype|singles
|player|p1|showbiz_carton|hugh|1318
|player|p2|PlatinumZwei|170|1442
|gen|9
|tier|[Gen 9] OU
|rated|
|rule|HP Percentage Mod: HP is shown in percentages
|rule|Endless Battle Clause: Forcing endless battles is banned
|rule|Species Clause: Limit one of each Pokémon
|rule|OHKO Clause: OHKO moves are banned
|rule|Evasion Items Clause: Evasion items are banned
|rule|Evasion Moves Clause: Evasion moves are banned
|rule|Evasion Abilities Clause: Evasion abilities are banned
|rule|Sleep Moves Clause: Sleep-inducing moves are banned
|clearpoke
|poke|p1|Sandslash-Alola, F|
|poke|p1|Slowking-Galar, M|
|poke|p1|Samurott-Hisui, M|
|poke|p1|Dragapult, M|
|poke|p1|Conkeldurr, M|
|poke|p1|Talonflame, M|
|poke|p2|Dragonite, M|
|poke|p2|Great Tusk|
|poke|p2|Deoxys-Speed|
|poke|p2|Gholdengo|
|poke|p2|Zamazenta-*|
|poke|p2|Iron Valiant|
|teampreview
|inactive|Battle timer is ON: inactive players will automatically lose when time's up. (requested by PlatinumZwei)
|
|t:|1779804830
|teamsize|p1|6
|teamsize|p2|6
|start
|switch|p1a: Amidamaru|Samurott-Hisui, M|100/100
|switch|p2a: Deoxys|Deoxys-Speed|100/100
|-ability|p2a: Deoxys|Pressure
|turn|1
|
|t:|1779804837
|switch|p2a: Zamazenta|Zamazenta|100/100
|-ability|p2a: Zamazenta|Dauntless Shield|boost
|-boost|p2a: Zamazenta|def|1
|move|p1a: Amidamaru|Ceaseless Edge|p2a: Zamazenta|[miss]
|-miss|p1a: Amidamaru|p2a: Zamazenta
|
|upkeep
|turn|2
|
|t:|1779804845
|switch|p1a: Talonflame|Talonflame, M, shiny|100/100
|move|p2a: Zamazenta|Close Combat|p1a: Talonflame
|-resisted|p1a: Talonflame
|-damage|p1a: Talonflame|63/100
|-unboost|p2a: Zamazenta|def|1
|-unboost|p2a: Zamazenta|spd|1
|-damage|p2a: Zamazenta|91/100|[from] item: Life Orb
|
|upkeep
|turn|3
|
|t:|1779804863
|switch|p2a: Dragonite|Dragonite, M|100/100
|move|p1a: Talonflame|Will-O-Wisp|p2a: Dragonite
|-status|p2a: Dragonite|brn
|
|-damage|p2a: Dragonite|94/100 brn|[from] brn
|upkeep
|turn|4
|
|t:|1779804872
|switch|p1a: Jet|Dragapult, M|100/100
|move|p2a: Dragonite|Dragon Dance|p2a: Dragonite
|-boost|p2a: Dragonite|atk|1
|-boost|p2a: Dragonite|spe|1
|
|-damage|p2a: Dragonite|88/100 brn|[from] brn
|upkeep
|turn|5
|
|t:|1779804882
|-terastallize|p2a: Dragonite|Fire
|move|p1a: Jet|Dragon Darts|p2a: Dragonite
|-damage|p2a: Dragonite|64/100 brn
|-anim|p1a: Jet|Dragon Darts|p2a: Dragonite
|-damage|p2a: Dragonite|40/100 brn
|move|p2a: Dragonite|Outrage|p1a: Jet
|-supereffective|p1a: Jet
|-damage|p1a: Jet|0 fnt
|faint|p1a: Jet
|-damage|p2a: Dragonite|31/100 brn|[from] item: Life Orb
|
|-damage|p2a: Dragonite|24/100 brn|[from] brn
|upkeep
|
|t:|1779804898
|switch|p1a: Amidamaru|Samurott-Hisui, M|100/100
|turn|6
|
|t:|1779804901
|move|p1a: Amidamaru|Aqua Jet|p2a: Dragonite
|-supereffective|p2a: Dragonite
|-damage|p2a: Dragonite|0 fnt
|faint|p2a: Dragonite
|
|upkeep
|
|t:|1779804908
|switch|p2a: Zamazenta|Zamazenta|91/100
|turn|7
|
|t:|1779804912
|switch|p1a: Talonflame|Talonflame, M, shiny|63/100
|move|p2a: Zamazenta|Close Combat|p1a: Talonflame
|-resisted|p1a: Talonflame
|-damage|p1a: Talonflame|26/100
|-unboost|p2a: Zamazenta|def|1
|-unboost|p2a: Zamazenta|spd|1
|-status|p2a: Zamazenta|brn|[from] ability: Flame Body|[of] p1a: Talonflame
|-damage|p2a: Zamazenta|81/100 brn|[from] item: Life Orb
|
|-damage|p2a: Zamazenta|75/100 brn|[from] brn
|upkeep
|turn|8
|
|t:|1779804924
|move|p2a: Zamazenta|Crunch|p1a: Talonflame
|-damage|p1a: Talonflame|8/100
|-damage|p2a: Zamazenta|65/100 brn|[from] item: Life Orb
|move|p1a: Talonflame|Roost|p1a: Talonflame
|-heal|p1a: Talonflame|58/100
|-singleturn|p1a: Talonflame|move: Roost
|
|-damage|p2a: Zamazenta|59/100 brn|[from] brn
|upkeep
|turn|9
|
|t:|1779804935
|switch|p2a: Deoxys|Deoxys-Speed|100/100
|-ability|p2a: Deoxys|Pressure
|move|p1a: Talonflame|Roost|p1a: Talonflame
|-heal|p1a: Talonflame|100/100
|-singleturn|p1a: Talonflame|move: Roost
|
|upkeep
|turn|10
|
|t:|1779804944
|switch|p1a: Brainwash|Slowking-Galar, M, shiny|100/100
|move|p2a: Deoxys|Stealth Rock|p1a: Brainwash
|-sidestart|p1: showbiz_carton|move: Stealth Rock
|
|upkeep
|turn|11
|
|t:|1779804959
|move|p2a: Deoxys|Spikes|p1a: Brainwash
|-sidestart|p1: showbiz_carton|Spikes
|-prepare|p1a: Brainwash|Chilly Reception|[premajor]
|move|p1a: Brainwash|Chilly Reception|p1a: Brainwash
|-weather|Snowscape
|
|t:|1779804965
|switch|p1a: Frostbite|Sandslash-Alola, F, shiny|100/100|[from] Chilly Reception
|-damage|p1a: Frostbite|88/100|[from] Stealth Rock
|-damage|p1a: Frostbite|76/100|[from] Spikes
|
|-weather|Snowscape|[upkeep]
|upkeep
|turn|12
|
|t:|1779804972
|move|p1a: Frostbite|Ice Shard|p2a: Deoxys
|-damage|p2a: Deoxys|73/100
|-damage|p1a: Frostbite|66/100|[from] item: Life Orb
|move|p2a: Deoxys|Taunt|p1a: Frostbite
|-start|p1a: Frostbite|move: Taunt
|
|-weather|Snowscape|[upkeep]
|upkeep
|turn|13
|
|t:|1779804981
|move|p1a: Frostbite|Ice Shard|p2a: Deoxys
|-damage|p2a: Deoxys|44/100
|-damage|p1a: Frostbite|56/100|[from] item: Life Orb
|move|p2a: Deoxys|Spikes|p1a: Frostbite
|-sidestart|p1: showbiz_carton|Spikes
|
|-weather|Snowscape|[upkeep]
|upkeep
|turn|14
|
|t:|1779804992
|switch|p2a: Zamazenta|Zamazenta|59/100 brn
|move|p1a: Frostbite|Iron Head|p2a: Zamazenta
|-damage|p2a: Zamazenta|21/100 brn
|-damage|p1a: Frostbite|46/100|[from] item: Life Orb
|
|-weather|Snowscape|[upkeep]
|-damage|p2a: Zamazenta|15/100 brn|[from] brn
|upkeep
|turn|15
|
|t:|1779805002
|move|p1a: Frostbite|Iron Head|p2a: Zamazenta
|-damage|p2a: Zamazenta|0 fnt
|faint|p2a: Zamazenta
|-damage|p1a: Frostbite|36/100|[from] item: Life Orb
|
|-weather|Snowscape|[upkeep]
|-end|p1a: Frostbite|move: Taunt
|upkeep
|inactive|PlatinumZwei has 120 seconds left.
|
|t:|1779805038
|switch|p2a: Iron Valiant|Iron Valiant|100/100
|-enditem|p2a: Iron Valiant|Booster Energy
|-activate|p2a: Iron Valiant|ability: Quark Drive|[fromitem]
|-start|p2a: Iron Valiant|quarkdrivespe
|turn|16
|inactive|PlatinumZwei has 120 seconds left.
|
|t:|1779805055
|switch|p1a: Buggy|Conkeldurr, M, shiny|100/100
|-damage|p1a: Buggy|94/100|[from] Stealth Rock
|-damage|p1a: Buggy|78/100|[from] Spikes
|move|p2a: Iron Valiant|Knock Off|p1a: Buggy
|-resisted|p1a: Buggy
|-damage|p1a: Buggy|67/100
|-enditem|p1a: Buggy|Flame Orb|[from] move: Knock Off|[of] p2a: Iron Valiant
|
|-weather|Snowscape|[upkeep]
|upkeep
|turn|17
|
|t:|1779805064
|move|p1a: Buggy|Mach Punch|p2a: Iron Valiant
|-resisted|p2a: Iron Valiant
|-damage|p2a: Iron Valiant|85/100
|move|p2a: Iron Valiant|Moonblast|p1a: Buggy
|-supereffective|p1a: Buggy
|-damage|p1a: Buggy|0 fnt
|faint|p1a: Buggy
|
|-weather|Snowscape|[upkeep]
|upkeep
|
|t:|1779805073
|switch|p1a: Talonflame|Talonflame, M, shiny|100/100
|turn|18
|
|t:|1779805087
|move|p2a: Iron Valiant|Destiny Bond|p2a: Iron Valiant
|-singlemove|p2a: Iron Valiant|Destiny Bond
|move|p1a: Talonflame|Defog|p2a: Iron Valiant
|-unboost|p2a: Iron Valiant|evasion|1
|-sideend|p1: showbiz_carton|Spikes|[from] move: Defog|[of] p1a: Talonflame
|-sideend|p1: showbiz_carton|Stealth Rock|[from] move: Defog|[of] p1a: Talonflame
|
|-weather|none
|upkeep
|turn|19
|inactive|showbiz_carton has 120 seconds left.
|
|t:|1779805120
|move|p2a: Iron Valiant|Knock Off|p1a: Talonflame
|-damage|p1a: Talonflame|72/100
|-enditem|p1a: Talonflame|Heavy-Duty Boots|[from] move: Knock Off|[of] p2a: Iron Valiant
|move|p1a: Talonflame|Will-O-Wisp|p2a: Iron Valiant
|-status|p2a: Iron Valiant|brn
|
|-damage|p2a: Iron Valiant|79/100 brn|[from] brn
|upkeep
|turn|20
|
|t:|1779805133
|switch|p1a: Brainwash|Slowking-Galar, M, shiny|100/100
|move|p2a: Iron Valiant|Moonblast|p1a: Brainwash
|-resisted|p1a: Brainwash
|-damage|p1a: Brainwash|87/100
|
|-damage|p2a: Iron Valiant|72/100 brn|[from] brn
|upkeep
|turn|21
|
|t:|1779805147
|move|p2a: Iron Valiant|Knock Off|p1a: Brainwash
|-supereffective|p1a: Brainwash
|-damage|p1a: Brainwash|60/100
|-enditem|p1a: Brainwash|Icy Rock|[from] move: Knock Off|[of] p2a: Iron Valiant
|move|p1a: Brainwash|Future Sight|p2a: Iron Valiant
|-start|p1a: Brainwash|move: Future Sight
|
|-damage|p2a: Iron Valiant|66/100 brn|[from] brn
|upkeep
|turn|22
|
|t:|1779805157
|move|p2a: Iron Valiant|Taunt|p1a: Brainwash
|-start|p1a: Brainwash|move: Taunt
|-prepare|p1a: Brainwash|Chilly Reception|[premajor]
|cant|p1a: Brainwash|move: Taunt|Chilly Reception
|
|-damage|p2a: Iron Valiant|60/100 brn|[from] brn
|upkeep
|turn|23
|
|t:|1779805164
|move|p2a: Iron Valiant|Destiny Bond|p2a: Iron Valiant
|-singlemove|p2a: Iron Valiant|Destiny Bond
|move|p1a: Brainwash|Sludge Bomb|p2a: Iron Valiant
|-supereffective|p2a: Iron Valiant
|-damage|p2a: Iron Valiant|0 fnt
|faint|p2a: Iron Valiant
|-activate|p2a: Iron Valiant|move: Destiny Bond
|-end|p2a: Iron Valiant|Quark Drive|[silent]
|faint|p1a: Brainwash
|
|-hint|Future Sight did not hit because the target is fainted.
|upkeep
|
|t:|1779805178
|switch|p2a: Deoxys|Deoxys-Speed|44/100
|switch|p1a: Amidamaru|Samurott-Hisui, M|100/100
|-ability|p2a: Deoxys|Pressure
|turn|24
|
|t:|1779805184
|move|p2a: Deoxys|Stealth Rock|p1a: Amidamaru
|-sidestart|p1: showbiz_carton|move: Stealth Rock
|move|p1a: Amidamaru|Ceaseless Edge|p2a: Deoxys
|-supereffective|p2a: Deoxys
|-damage|p2a: Deoxys|0 fnt
|-sidestart|p2: PlatinumZwei|Spikes
|faint|p2a: Deoxys
|
|upkeep
|
|t:|1779805192
|switch|p2a: Great Tusk|Great Tusk|100/100
|-damage|p2a: Great Tusk|88/100|[from] Spikes
|-enditem|p2a: Great Tusk|Booster Energy
|-activate|p2a: Great Tusk|ability: Protosynthesis|[fromitem]
|-start|p2a: Great Tusk|protosynthesisspe
|turn|25
|
|t:|1779805203
|move|p2a: Great Tusk|Bulk Up|p2a: Great Tusk
|-boost|p2a: Great Tusk|atk|1
|-boost|p2a: Great Tusk|def|1
|move|p1a: Amidamaru|Flip Turn|p2a: Great Tusk
|-supereffective|p2a: Great Tusk
|-damage|p2a: Great Tusk|63/100
|
|t:|1779805210
|switch|p1a: Talonflame|Talonflame, M, shiny|72/100|[from] Flip Turn
|-damage|p1a: Talonflame|22/100|[from] Stealth Rock
|
|upkeep
|turn|26
|
|t:|1779805221
|move|p2a: Great Tusk|Ice Spinner|p1a: Talonflame
|-damage|p1a: Talonflame|0 fnt
|faint|p1a: Talonflame
|
|upkeep
|
|t:|1779805225
|switch|p1a: Frostbite|Sandslash-Alola, F, shiny|36/100
|-damage|p1a: Frostbite|24/100|[from] Stealth Rock
|turn|27
|
|t:|1779805232
|move|p1a: Frostbite|Ice Shard|p2a: Great Tusk
|-supereffective|p2a: Great Tusk
|-damage|p2a: Great Tusk|43/100
|-damage|p1a: Frostbite|14/100|[from] item: Life Orb
|move|p2a: Great Tusk|Headlong Rush|p1a: Frostbite
|-supereffective|p1a: Frostbite
|-damage|p1a: Frostbite|0 fnt
|-unboost|p2a: Great Tusk|def|1
|-unboost|p2a: Great Tusk|spd|1
|faint|p1a: Frostbite
|
|upkeep
|
|t:|1779805241
|switch|p1a: Amidamaru|Samurott-Hisui, M|100/100
|-damage|p1a: Amidamaru|88/100|[from] Stealth Rock
|turn|28
|
|t:|1779805251
|move|p1a: Amidamaru|Aqua Jet|p2a: Great Tusk
|-supereffective|p2a: Great Tusk
|-crit|p2a: Great Tusk
|-damage|p2a: Great Tusk|5/100
|move|p2a: Great Tusk|Bulk Up|p2a: Great Tusk
|-boost|p2a: Great Tusk|atk|1
|-boost|p2a: Great Tusk|def|1
|
|upkeep
|turn|29
|
|t:|1779805258
|move|p1a: Amidamaru|Aqua Jet|p2a: Great Tusk
|-supereffective|p2a: Great Tusk
|-damage|p2a: Great Tusk|0 fnt
|faint|p2a: Great Tusk
|-end|p2a: Great Tusk|Protosynthesis|[silent]
|
|upkeep
|
|t:|1779805263
|switch|p2a: Gholdengo|Gholdengo|100/100
|-damage|p2a: Gholdengo|88/100|[from] Spikes
|turn|30
|
|t:|1779805267
|move|p1a: Amidamaru|Ceaseless Edge|p2a: Gholdengo
|-supereffective|p2a: Gholdengo
|-damage|p2a: Gholdengo|2/100
|-sidestart|p2: PlatinumZwei|Spikes
|move|p2a: Gholdengo|Make It Rain|p1a: Amidamaru
|-resisted|p1a: Amidamaru
|-damage|p1a: Amidamaru|48/100
|-unboost|p2a: Gholdengo|spa|1
|
|upkeep
|turn|31
|-enditem|p2a: Gholdengo|Custap Berry|[eat]
|-activate|p2a: Gholdengo|item: Custap Berry|[consumed]
|
|t:|1779805277
|move|p2a: Gholdengo|Shadow Ball|p1a: Amidamaru
|-resisted|p1a: Amidamaru
|-damage|p1a: Amidamaru|29/100
|move|p1a: Amidamaru|Flip Turn|p2a: Gholdengo
|-damage|p2a: Gholdengo|0 fnt
|faint|p2a: Gholdengo
|
|win|showbiz_carton
|raw|showbiz_carton's rating: 1318 &rarr; <strong>1345</strong><br />(+27 for winning)
|raw|PlatinumZwei's rating: 1442 &rarr; <strong>1415</strong><br />(-27 for losing)
|l|☆showbiz_carton
|player|p1|
|l|☆PlatinumZwei
|player|p2|
