|j|☆zabbaman
|j|☆DeDoctaIgnorantia
|t:|1779944702
|gametype|singles
|player|p1|zabbaman|1|1238
|player|p2|DeDoctaIgnorantia|n|1272
|gen|9
|tier|[Gen 9] OU
|rated|
|rule|HP Percentage Mod: HP is shown in percentages
|rule|Endless Battle Clause: Forcing endless battles is banned
|rule|Species Clause: Limit one of each Pokémon
|rule|OHKO Clause: OHKO moves are banned
|rule|Evasion Items Clause: Evasion items are banned
|rule|Evasion Moves Clause: Evasion moves are banned
|rule|Evasion Abilities Clause: Evasion abilities are banned
|rule|Sleep Moves Clause: Sleep-inducing moves are banned
|clearpoke
|poke|p1|Regice|
|poke|p1|Ninetales-Alola, M|
|poke|p1|Scizor, F|
|poke|p1|Tyranitar, F|
|poke|p1|Thundurus-Therian, M|
|poke|p1|Cinderace, M|
|poke|p2|Weavile, F|
|poke|p2|Samurott-Hisui, F|
|poke|p2|Gholdengo|
|poke|p2|Great Tusk|
|poke|p2|Ogerpon-Wellspring, F|
|poke|p2|Slowking-Galar, F|
|teampreview
|inactive|Battle timer is ON: inactive players will automatically lose when time's up. (requested by zabbaman)
|inactive|DeDoctaIgnorantia has 120 seconds left.
|inactive|DeDoctaIgnorantia has 90 seconds left.
|
|t:|1779944774
|teamsize|p1|6
|teamsize|p2|6
|start
|switch|p1a: Ninetales|Ninetales-Alola, M|100/100
|switch|p2a: Slowking|Slowking-Galar, F|100/100
|-weather|Snowscape|[from] ability: Snow Warning|[of] p1a: Ninetales
|turn|1
|
|t:|1779944802
|switch|p1a: Scizor|Scizor, F|100/100
|move|p2a: Slowking|Future Sight|p1a: Scizor
|-start|p2a: Slowking|move: Future Sight
|
|-weather|Snowscape|[upkeep]
|upkeep
|turn|2
|
|t:|1779944816
|switch|p2a: Great Tusk|Great Tusk|100/100
|move|p1a: Scizor|U-turn|p2a: Great Tusk
|-resisted|p2a: Great Tusk
|-damage|p2a: Great Tusk|78/100
|-damage|p1a: Scizor|84/100|[from] item: Rocky Helmet|[of] p2a: Great Tusk
|
|t:|1779944821
|switch|p1a: Tyranitar|Tyranitar, F|100/100|[from] U-turn
|-ability|p1a: Tyranitar|Unnerve
|
|-weather|Snowscape|[upkeep]
|upkeep
|turn|3
|inactive|DeDoctaIgnorantia has 120 seconds left.
|
|t:|1779944861
|switch|p1a: Thundurus|Thundurus-Therian, M|100/100
|move|p2a: Great Tusk|Headlong Rush|p1a: Thundurus
|-immune|p1a: Thundurus
|
|-weather|Snowscape|[upkeep]
|-end|p1a: Thundurus|move: Future Sight
|-damage|p1a: Thundurus|39/100
|upkeep
|turn|4
|inactive|DeDoctaIgnorantia has 120 seconds left.
|
|t:|1779944874
|-end|p2a: Great Tusk|Protosynthesis|[silent]
|switch|p2a: Slowking|Slowking-Galar, F|100/100
|move|p1a: Thundurus|Weather Ball|p2a: Slowking
|-damage|p2a: Slowking|79/100
|
|-weather|Snowscape|[upkeep]
|-heal|p2a: Slowking|85/100|[from] item: Leftovers
|upkeep
|turn|5
|inactive|DeDoctaIgnorantia has 120 seconds left.
|
|t:|1779944892
|move|p1a: Thundurus|Volt Switch|p2a: Slowking
|-damage|p2a: Slowking|63/100
|
|t:|1779944896
|switch|p1a: Tyranitar|Tyranitar, F|100/100|[from] Volt Switch
|-ability|p1a: Tyranitar|Unnerve
|move|p2a: Slowking|Future Sight|p1a: Tyranitar
|-start|p2a: Slowking|move: Future Sight
|
|-weather|Snowscape|[upkeep]
|-heal|p2a: Slowking|69/100|[from] item: Leftovers
|upkeep
|turn|6
|inactive|DeDoctaIgnorantia has 120 seconds left.
|
|t:|1779944906
|switch|p2a: Great Tusk|Great Tusk|78/100
|move|p1a: Tyranitar|Dragon Dance|p1a: Tyranitar
|-boost|p1a: Tyranitar|atk|1
|-boost|p1a: Tyranitar|spe|1
|
|-weather|Snowscape|[upkeep]
|upkeep
|turn|7
|inactive|DeDoctaIgnorantia has 120 seconds left.
|
|t:|1779944936
|move|p1a: Tyranitar|Dragon Dance|p1a: Tyranitar
|-boost|p1a: Tyranitar|atk|1
|-boost|p1a: Tyranitar|spe|1
|move|p2a: Great Tusk|Headlong Rush|p1a: Tyranitar
|-supereffective|p1a: Tyranitar
|-enditem|p1a: Tyranitar|Focus Sash
|-damage|p1a: Tyranitar|1/100
|-unboost|p2a: Great Tusk|def|1
|-unboost|p2a: Great Tusk|spd|1
|
|-weather|Snowscape|[upkeep]
|-end|p1a: Tyranitar|move: Future Sight
|-immune|p1a: Tyranitar
|upkeep
|turn|8
|inactive|DeDoctaIgnorantia has 90 seconds left.
|
|t:|1779944980
|move|p1a: Tyranitar|Low Kick|p2a: Great Tusk
|-damage|p2a: Great Tusk|0 fnt
|-damage|p1a: Tyranitar|0 fnt|[from] item: Rocky Helmet|[of] p2a: Great Tusk
|faint|p2a: Great Tusk
|-end|p2a: Great Tusk|Protosynthesis|[silent]
|faint|p1a: Tyranitar
|
|-weather|none
|upkeep
|inactive|DeDoctaIgnorantia has 60 seconds left.
|
|t:|1779945002
|switch|p2a: Gholdengo|Gholdengo|100/100
|switch|p1a: Scizor|Scizor, F|84/100
|-item|p2a: Gholdengo|Air Balloon
|turn|9
|
|t:|1779945018
|switch|p2a: Samurott|Samurott-Hisui, F|100/100
|move|p1a: Scizor|U-turn|p2a: Samurott
|-supereffective|p2a: Samurott
|-damage|p2a: Samurott|0 fnt
|faint|p2a: Samurott
|
|t:|1779945029
|switch|p1a: Ninetales|Ninetales-Alola, M|100/100|[from] U-turn
|-weather|Snowscape|[from] ability: Snow Warning|[of] p1a: Ninetales
|
|-weather|Snowscape|[upkeep]
|upkeep
|
|t:|1779945035
|switch|p2a: Gholdengo|Gholdengo|100/100
|-item|p2a: Gholdengo|Air Balloon
|turn|10
|
|t:|1779945045
|move|p1a: Ninetales|Aurora Veil|p1a: Ninetales
|-sidestart|p1: zabbaman|move: Aurora Veil
|move|p2a: Gholdengo|Nasty Plot|p2a: Gholdengo
|-boost|p2a: Gholdengo|spa|2
|
|-weather|Snowscape|[upkeep]
|upkeep
|turn|11
|inactive|DeDoctaIgnorantia has 60 seconds left.
|
|t:|1779945074
|switch|p1a: Scizor|Scizor, F|84/100
|move|p2a: Gholdengo|Nasty Plot|p2a: Gholdengo
|-boost|p2a: Gholdengo|spa|2
|
|-weather|Snowscape|[upkeep]
|upkeep
|turn|12
|
|t:|1779945087
|-terastallize|p2a: Gholdengo|Fairy
|move|p2a: Gholdengo|Shadow Ball|p1a: Scizor
|-damage|p1a: Scizor|8/100
|move|p1a: Scizor|U-turn|p2a: Gholdengo
|-resisted|p2a: Gholdengo
|-damage|p2a: Gholdengo|74/100
|-enditem|p2a: Gholdengo|Air Balloon
|inactive|zabbaman has 120 seconds left.
|
|t:|1779945109
|switch|p1a: Thundurus|Thundurus-Therian, M|39/100|[from] U-turn
|
|-weather|Snowscape|[upkeep]
|upkeep
|turn|13
|
|t:|1779945130
|move|p1a: Thundurus|Thunderbolt|p2a: Gholdengo
|-damage|p2a: Gholdengo|20/100
|move|p2a: Gholdengo|Recover|p2a: Gholdengo
|-heal|p2a: Gholdengo|70/100
|
|-weather|Snowscape|[upkeep]
|upkeep
|turn|14
|inactive|DeDoctaIgnorantia has 30 seconds left.
|
|t:|1779945150
|move|p1a: Thundurus|Thunderbolt|p2a: Gholdengo
|-damage|p2a: Gholdengo|17/100
|move|p2a: Gholdengo|Recover|p2a: Gholdengo
|-heal|p2a: Gholdengo|67/100
|
|-weather|Snowscape|[upkeep]
|-sideend|p1: zabbaman|move: Aurora Veil
|upkeep
|turn|15
|inactive|DeDoctaIgnorantia has 30 seconds left.
|inactive|DeDoctaIgnorantia has 20 seconds left.
|
|t:|1779945171
|switch|p2a: Slowking|Slowking-Galar, F|100/100
|move|p1a: Thundurus|Thunderbolt|p2a: Slowking
|-damage|p2a: Slowking|69/100
|
|-weather|Snowscape|[upkeep]
|-heal|p2a: Slowking|75/100|[from] item: Leftovers
|upkeep
|turn|16
|inactive|DeDoctaIgnorantia has 30 seconds left this turn.
|inactive|DeDoctaIgnorantia has 20 seconds left.
|
|t:|1779945186
|switch|p1a: Scizor|Scizor, F|8/100
|-prepare|p2a: Slowking|Chilly Reception|[premajor]
|move|p2a: Slowking|Chilly Reception|p2a: Slowking
|inactive|DeDoctaIgnorantia has 25 seconds left this turn.
|inactive|DeDoctaIgnorantia has 20 seconds left.
|inactive|DeDoctaIgnorantia has 15 seconds left.
|
|t:|1779945199
|switch|p2a: Gholdengo|Gholdengo, tera:Fairy|67/100|[from] Chilly Reception
|
|-weather|none
|upkeep
|turn|17
|inactive|DeDoctaIgnorantia has 25 seconds left this turn.
|inactive|DeDoctaIgnorantia has 20 seconds left.
|
|t:|1779945205
|switch|p2a: Slowking|Slowking-Galar, F|100/100
|-terastallize|p1a: Scizor|Steel
|move|p1a: Scizor|Bullet Punch|p2a: Slowking
|-damage|p2a: Slowking|28/100
|
|-heal|p2a: Slowking|34/100|[from] item: Leftovers
|upkeep
|turn|18
|inactive|DeDoctaIgnorantia has 30 seconds left this turn.
|inactive|DeDoctaIgnorantia has 20 seconds left.
|
|t:|1779945217
|switch|p2a: Ogerpon|Ogerpon-Wellspring, F|100/100
|move|p1a: Scizor|Bullet Punch|p2a: Ogerpon
|-resisted|p2a: Ogerpon
|-damage|p2a: Ogerpon|59/100
|
|upkeep
|turn|19
|inactive|DeDoctaIgnorantia has 30 seconds left this turn.
|inactive|DeDoctaIgnorantia has 20 seconds left.
|inactive|DeDoctaIgnorantia has 15 seconds left.
|
|t:|1779945234
|switch|p1a: Ninetales|Ninetales-Alola, M|100/100
|-weather|Snowscape|[from] ability: Snow Warning|[of] p1a: Ninetales
|move|p2a: Ogerpon|Ivy Cudgel|p1a: Ninetales|[anim] Ivy Cudgel Water
|-damage|p1a: Ninetales|47/100
|
|-weather|Snowscape|[upkeep]
|upkeep
|turn|20
|inactive|DeDoctaIgnorantia has 25 seconds left this turn.
|inactive|DeDoctaIgnorantia has 20 seconds left.
|inactive|DeDoctaIgnorantia has 15 seconds left.
|inactive|DeDoctaIgnorantia has 10 seconds left.
|
|t:|1779945260
|switch|p2a: Slowking|Slowking-Galar, F|67/100
|switch|p1a: Regice|Regice, shiny|100/100
|
|-weather|Snowscape|[upkeep]
|-heal|p2a: Slowking|73/100|[from] item: Leftovers
|upkeep
|turn|21
|inactive|DeDoctaIgnorantia has 20 seconds left this turn.
|inactive|DeDoctaIgnorantia has 15 seconds left.
|
|t:|1779945274
|move|p1a: Regice|Ice Beam|p2a: Slowking
|-damage|p2a: Slowking|50/100
|move|p2a: Slowking|Thunder Wave|p1a: Regice
|-status|p1a: Regice|par
|
|-weather|Snowscape|[upkeep]
|-heal|p2a: Slowking|56/100|[from] item: Leftovers
|upkeep
|turn|22
|inactive|DeDoctaIgnorantia has 25 seconds left this turn.
|inactive|DeDoctaIgnorantia has 20 seconds left.
|inactive|DeDoctaIgnorantia has 15 seconds left.
|
|t:|1779945286
|move|p2a: Slowking|Future Sight|p1a: Regice
|-start|p2a: Slowking|move: Future Sight
|cant|p1a: Regice|par
|
|-weather|Snowscape|[upkeep]
|-heal|p2a: Slowking|62/100|[from] item: Leftovers
|upkeep
|turn|23
|inactive|DeDoctaIgnorantia has 25 seconds left this turn.
|inactive|DeDoctaIgnorantia has 20 seconds left.
|inactive|DeDoctaIgnorantia has 15 seconds left.
|
|t:|1779945297
|move|p2a: Slowking|Sludge Wave|p1a: Regice
|-damage|p1a: Regice|80/100 par
|move|p1a: Regice|Ice Beam|p2a: Slowking
|-damage|p2a: Slowking|38/100
|
|-weather|Snowscape|[upkeep]
|-heal|p1a: Regice|87/100 par|[from] ability: Ice Body
|-heal|p2a: Slowking|44/100|[from] item: Leftovers
|-heal|p1a: Regice|93/100 par|[from] item: Leftovers
|upkeep
|turn|24
|inactive|DeDoctaIgnorantia has 25 seconds left this turn.
|inactive|DeDoctaIgnorantia has 20 seconds left.
|
|t:|1779945306
|-prepare|p2a: Slowking|Chilly Reception|[premajor]
|move|p2a: Slowking|Chilly Reception|p2a: Slowking
|inactive|DeDoctaIgnorantia has 25 seconds left this turn.
|
|t:|1779945310
|switch|p2a: Gholdengo|Gholdengo, tera:Fairy|67/100|[from] Chilly Reception
|move|p1a: Regice|Thunder Wave|p2a: Gholdengo
|-immune|p2a: Gholdengo|[from] ability: Good as Gold
|
|-weather|Snowscape|[upkeep]
|-heal|p1a: Regice|99/100 par|[from] ability: Ice Body
|-end|p1a: Regice|move: Future Sight
|-crit|p1a: Regice
|-damage|p1a: Regice|61/100 par
|-heal|p1a: Regice|67/100 par|[from] item: Leftovers
|upkeep
|turn|25
|inactive|DeDoctaIgnorantia has 30 seconds left.
|inactive|DeDoctaIgnorantia has 20 seconds left.
|
|t:|1779945328
|move|p2a: Gholdengo|Make It Rain|p1a: Regice
|-supereffective|p1a: Regice
|-damage|p1a: Regice|0 fnt
|-unboost|p2a: Gholdengo|spa|1
|faint|p1a: Regice
|
|-weather|Snowscape|[upkeep]
|upkeep
|
|t:|1779945340
|switch|p1a: Scizor|Scizor, F, tera:Steel|8/100
|turn|26
|inactive|DeDoctaIgnorantia has 30 seconds left.
|inactive|DeDoctaIgnorantia has 20 seconds left.
|inactive|DeDoctaIgnorantia has 15 seconds left.
|inactive|DeDoctaIgnorantia has 10 seconds left.
|
|t:|1779945368
|switch|p2a: Slowking|Slowking-Galar, F|77/100
|move|p1a: Scizor|Bullet Punch|p2a: Slowking
|-damage|p2a: Slowking|7/100
|
|-weather|none
|-heal|p2a: Slowking|13/100|[from] item: Leftovers
|upkeep
|turn|27
|inactive|DeDoctaIgnorantia has 20 seconds left this turn.
|inactive|DeDoctaIgnorantia has 15 seconds left.
|inactive|DeDoctaIgnorantia has 10 seconds left.
|
|t:|1779945381
|switch|p2a: Ogerpon|Ogerpon-Wellspring, F|59/100
|move|p1a: Scizor|Bullet Punch|p2a: Ogerpon
|-resisted|p2a: Ogerpon
|-damage|p2a: Ogerpon|17/100
|
|upkeep
|turn|28
|inactive|DeDoctaIgnorantia has 20 seconds left this turn.
|inactive|DeDoctaIgnorantia has 15 seconds left.
|inactive|DeDoctaIgnorantia has 10 seconds left.
|
|t:|1779945394
|switch|p2a: Slowking|Slowking-Galar, F|46/100
|move|p1a: Scizor|Bullet Punch|p2a: Slowking
|-damage|p2a: Slowking|0 fnt
|faint|p2a: Slowking
|
|upkeep
|inactive|DeDoctaIgnorantia has 15 seconds left this turn.
|l|☆DeDoctaIgnorantia
|inactive|DeDoctaIgnorantia disconnected and has a minute to reconnect!
|player|p2|
|inactive|DeDoctaIgnorantia has 10 seconds left.
|c|☆zabbaman|u sold
|inactive|DeDoctaIgnorantia has 5 seconds left.
|j|☆DeDoctaIgnorantia
|inactive|DeDoctaIgnorantia reconnected and has 5 seconds left.
|player|p2|DeDoctaIgnorantia|n|
|-message|DeDoctaIgnorantia lost due to inactivity.
|
|win|zabbaman
|raw|zabbaman's rating: 1238 &rarr; <strong>1265</strong><br />(+27 for winning)
|raw|DeDoctaIgnorantia's rating: 1272 &rarr; <strong>1245</strong><br />(-27 for losing)
|l|☆DeDoctaIgnorantia
|player|p2|
