|j|☆308lobo
|j|☆smoke furret
|t:|1779826370
|gametype|singles
|player|p1|308lobo|blackbelt-gen2|1023
|player|p2|smoke furret|266|1019
|gen|9
|tier|[Gen 9] OU
|rated|
|rule|HP Percentage Mod: HP is shown in percentages
|rule|Endless Battle Clause: Forcing endless battles is banned
|rule|Species Clause: Limit one of each Pokémon
|rule|OHKO Clause: OHKO moves are banned
|rule|Evasion Items Clause: Evasion items are banned
|rule|Evasion Moves Clause: Evasion moves are banned
|rule|Evasion Abilities Clause: Evasion abilities are banned
|rule|Sleep Moves Clause: Sleep-inducing moves are banned
|clearpoke
|poke|p1|Dragonite, M|
|poke|p1|Araquanid, F|
|poke|p1|Zapdos|
|poke|p1|Grimmsnarl, M|
|poke|p1|Tentacruel, M|
|poke|p1|Gliscor, M|
|poke|p2|Clefable, M|
|poke|p2|Gliscor, M|
|poke|p2|Gholdengo|
|poke|p2|Landorus-Therian, M|
|poke|p2|Torkoal, F|
|poke|p2|Venusaur, F|
|teampreview
|inactive|Battle timer is ON: inactive players will automatically lose when time's up. (requested by 308lobo)
|
|t:|1779826383
|teamsize|p1|6
|teamsize|p2|6
|start
|switch|p1a: Wonder of U|Araquanid, F, shiny|100/100
|switch|p2a: Gliscor|Gliscor, M|100/100
|turn|1
|
|t:|1779826391
|switch|p2a: Venusaur|Venusaur, F|100/100
|move|p1a: Wonder of U|Sticky Web|p2a: Venusaur
|-sidestart|p2: smoke furret|move: Sticky Web
|
|upkeep
|turn|2
|
|t:|1779826408
|switch|p1a: Grimmsnarl|Grimmsnarl, M, shiny|100/100
|move|p2a: Venusaur|Giga Drain|p1a: Grimmsnarl
|-damage|p1a: Grimmsnarl|67/100
|
|upkeep
|turn|3
|
|t:|1779826430
|-terastallize|p1a: Grimmsnarl|Steel
|move|p1a: Grimmsnarl|Light Screen|p1a: Grimmsnarl
|-sidestart|p1: 308lobo|move: Light Screen
|move|p2a: Venusaur|Sludge Bomb|p1a: Grimmsnarl
|-immune|p1a: Grimmsnarl
|
|upkeep
|turn|4
|
|t:|1779826436
|switch|p2a: Gliscor|Gliscor, M|100/100
|move|p1a: Grimmsnarl|Reflect|p1a: Grimmsnarl
|-sidestart|p1: 308lobo|Reflect
|
|-status|p2a: Gliscor|tox|[from] item: Toxic Orb
|upkeep
|turn|5
|
|t:|1779826449
|switch|p1a: Dragonite|Dragonite, M, shiny|100/100
|move|p2a: Gliscor|Swords Dance|p2a: Gliscor
|-boost|p2a: Gliscor|atk|2
|
|upkeep
|turn|6
|
|t:|1779826454
|move|p2a: Gliscor|Toxic|p1a: Dragonite
|-status|p1a: Dragonite|tox
|-enditem|p1a: Dragonite|Lum Berry|[eat]
|-curestatus|p1a: Dragonite|tox|[msg]
|move|p1a: Dragonite|Dragon Dance|p1a: Dragonite
|-boost|p1a: Dragonite|atk|1
|-boost|p1a: Dragonite|spe|1
|
|upkeep
|turn|7
|
|t:|1779826463
|move|p1a: Dragonite|Ice Spinner|p2a: Gliscor
|-supereffective|p2a: Gliscor
|-damage|p2a: Gliscor|0 fnt
|faint|p2a: Gliscor
|
|upkeep
|
|t:|1779826472
|switch|p2a: Clefable|Clefable, M|100/100
|-activate|p2a: Clefable|move: Sticky Web
|-unboost|p2a: Clefable|spe|1
|turn|8
|
|t:|1779826479
|move|p1a: Dragonite|Dragon Dance|p1a: Dragonite
|-boost|p1a: Dragonite|atk|1
|-boost|p1a: Dragonite|spe|1
|move|p2a: Clefable|Dazzling Gleam|p1a: Dragonite
|-supereffective|p1a: Dragonite
|-damage|p1a: Dragonite|75/100
|
|upkeep
|turn|9
|
|t:|1779826489
|move|p1a: Dragonite|Earthquake|p2a: Clefable
|-damage|p2a: Clefable|73/100
|move|p2a: Clefable|Dazzling Gleam|p1a: Dragonite
|-supereffective|p1a: Dragonite
|-damage|p1a: Dragonite|44/100
|
|-heal|p2a: Clefable|79/100|[from] item: Leftovers
|upkeep
|turn|10
|
|t:|1779826505
|switch|p1a: Grimmsnarl|Grimmsnarl, M, shiny, tera:Steel|67/100
|move|p2a: Clefable|Calm Mind|p2a: Clefable
|-boost|p2a: Clefable|spa|1
|-boost|p2a: Clefable|spd|1
|
|-heal|p2a: Clefable|85/100|[from] item: Leftovers
|-sideend|p1: 308lobo|move: Light Screen
|upkeep
|turn|11
|
|t:|1779826509
|move|p1a: Grimmsnarl|Thunder Wave|p2a: Clefable|[miss]
|-miss|p1a: Grimmsnarl|p2a: Clefable
|move|p2a: Clefable|Calm Mind|p2a: Clefable
|-boost|p2a: Clefable|spa|1
|-boost|p2a: Clefable|spd|1
|
|-heal|p2a: Clefable|91/100|[from] item: Leftovers
|-sideend|p1: 308lobo|Reflect
|upkeep
|turn|12
|
|t:|1779826513
|move|p1a: Grimmsnarl|Thunder Wave|p2a: Clefable
|-status|p2a: Clefable|par
|move|p2a: Clefable|Calm Mind|p2a: Clefable
|-boost|p2a: Clefable|spa|1
|-boost|p2a: Clefable|spd|1
|
|-heal|p2a: Clefable|97/100 par|[from] item: Leftovers
|upkeep
|turn|13
|
|t:|1779826525
|move|p1a: Grimmsnarl|Light Screen|p1a: Grimmsnarl
|-sidestart|p1: 308lobo|move: Light Screen
|move|p2a: Clefable|Calm Mind|p2a: Clefable
|-boost|p2a: Clefable|spa|1
|-boost|p2a: Clefable|spd|1
|
|-heal|p2a: Clefable|100/100 par|[from] item: Leftovers
|upkeep
|turn|14
|
|t:|1779826531
|move|p1a: Grimmsnarl|Spirit Break|p2a: Clefable
|-damage|p2a: Clefable|76/100 par
|-unboost|p2a: Clefable|spa|1
|move|p2a: Clefable|Calm Mind|p2a: Clefable
|-boost|p2a: Clefable|spa|1
|-boost|p2a: Clefable|spd|1
|
|-heal|p2a: Clefable|82/100 par|[from] item: Leftovers
|upkeep
|turn|15
|
|t:|1779826537
|move|p1a: Grimmsnarl|Spirit Break|p2a: Clefable
|-damage|p2a: Clefable|57/100 par
|-unboost|p2a: Clefable|spa|1
|move|p2a: Clefable|Stored Power|p1a: Grimmsnarl
|-resisted|p1a: Grimmsnarl
|-damage|p1a: Grimmsnarl|44/100
|
|-heal|p2a: Clefable|63/100 par|[from] item: Leftovers
|upkeep
|turn|16
|
|t:|1779826555
|switch|p2a: Landorus|Landorus-Therian, M|100/100
|-ability|p2a: Landorus|Intimidate|boost
|-unboost|p1a: Grimmsnarl|atk|1
|move|p1a: Grimmsnarl|Spirit Break|p2a: Landorus
|-damage|p2a: Landorus|78/100
|-unboost|p2a: Landorus|spa|1
|-damage|p1a: Grimmsnarl|28/100|[from] item: Rocky Helmet|[of] p2a: Landorus
|
|upkeep
|turn|17
|
|t:|1779826573
|switch|p1a: Wonder of U|Araquanid, F, shiny|100/100
|move|p2a: Landorus|Stealth Rock|p1a: Wonder of U
|-sidestart|p1: 308lobo|move: Stealth Rock
|
|upkeep
|turn|18
|
|t:|1779826580
|move|p2a: Landorus|Stone Edge|p1a: Wonder of U
|-supereffective|p1a: Wonder of U
|-damage|p1a: Wonder of U|17/100
|move|p1a: Wonder of U|Liquidation|p2a: Landorus
|-supereffective|p2a: Landorus
|-damage|p2a: Landorus|0 fnt
|-damage|p1a: Wonder of U|1/100|[from] item: Rocky Helmet|[of] p2a: Landorus
|faint|p2a: Landorus
|
|-heal|p1a: Wonder of U|7/100|[from] item: Leftovers
|upkeep
|
|t:|1779826589
|switch|p2a: Torkoal|Torkoal, F|100/100
|-weather|SunnyDay|[from] ability: Drought|[of] p2a: Torkoal
|-item|p2a: Torkoal|Air Balloon
|turn|19
|
|t:|1779826596
|move|p1a: Wonder of U|Liquidation|p2a: Torkoal
|-supereffective|p2a: Torkoal
|-damage|p2a: Torkoal|58/100
|-unboost|p2a: Torkoal|def|1
|-enditem|p2a: Torkoal|Air Balloon
|move|p2a: Torkoal|Rapid Spin|p1a: Wonder of U
|-damage|p1a: Wonder of U|0 fnt
|-boost|p2a: Torkoal|spe|1
|-sideend|p2: smoke furret|Sticky Web|[from] move: Rapid Spin|[of] p2a: Torkoal
|faint|p1a: Wonder of U
|
|-weather|SunnyDay|[upkeep]
|upkeep
|
|t:|1779826614
|switch|p1a: Tentacruel|Tentacruel, M, shiny|100/100
|turn|20
|
|t:|1779826637
|switch|p2a: Venusaur|Venusaur, F|100/100
|move|p1a: Tentacruel|Surf|p2a: Venusaur
|-resisted|p2a: Venusaur
|-damage|p2a: Venusaur|90/100
|
|-weather|SunnyDay|[upkeep]
|-sideend|p1: 308lobo|move: Light Screen
|upkeep
|turn|21
|
|t:|1779826644
|move|p2a: Venusaur|Solar Beam||[still]
|-prepare|p2a: Venusaur|Solar Beam
|-anim|p2a: Venusaur|Solar Beam|p1a: Tentacruel
|-damage|p1a: Tentacruel|42/100
|move|p1a: Tentacruel|Rapid Spin|p2a: Venusaur
|-damage|p2a: Venusaur|78/100
|-boost|p1a: Tentacruel|spe|1
|-sideend|p1: 308lobo|Stealth Rock|[from] move: Rapid Spin|[of] p1a: Tentacruel
|
|-weather|SunnyDay|[upkeep]
|upkeep
|turn|22
|
|t:|1779826659
|switch|p1a: Grimmsnarl|Grimmsnarl, M, shiny, tera:Steel|28/100
|move|p2a: Venusaur|Sludge Bomb|p1a: Grimmsnarl
|-immune|p1a: Grimmsnarl
|
|-weather|SunnyDay|[upkeep]
|upkeep
|turn|23
|
|t:|1779826669
|move|p1a: Grimmsnarl|Light Screen|p1a: Grimmsnarl
|-sidestart|p1: 308lobo|move: Light Screen
|move|p2a: Venusaur|Weather Ball|p1a: Grimmsnarl
|-supereffective|p1a: Grimmsnarl
|-damage|p1a: Grimmsnarl|0 fnt
|faint|p1a: Grimmsnarl
|
|-weather|none
|upkeep
|
|t:|1779826687
|switch|p1a: Dragonite|Dragonite, M, shiny|44/100
|turn|24
|
|t:|1779826693
|move|p1a: Dragonite|Dragon Dance|p1a: Dragonite
|-boost|p1a: Dragonite|atk|1
|-boost|p1a: Dragonite|spe|1
|move|p2a: Venusaur|Sludge Bomb|p1a: Dragonite
|-damage|p1a: Dragonite|21/100
|
|upkeep
|turn|25
|
|t:|1779826700
|switch|p2a: Clefable|Clefable, M|63/100 par
|move|p1a: Dragonite|Ice Spinner|p2a: Clefable
|-damage|p2a: Clefable|42/100 par
|
|-heal|p2a: Clefable|48/100 par|[from] item: Leftovers
|upkeep
|turn|26
|
|t:|1779826709
|switch|p1a: Tentacruel|Tentacruel, M, shiny|42/100
|cant|p2a: Clefable|par
|
|-heal|p2a: Clefable|54/100 par|[from] item: Leftovers
|upkeep
|turn|27
|
|t:|1779826717
|switch|p2a: Torkoal|Torkoal, F|58/100
|-weather|SunnyDay|[from] ability: Drought|[of] p2a: Torkoal
|move|p1a: Tentacruel|Sludge Wave|p2a: Torkoal
|-damage|p2a: Torkoal|8/100
|
|-weather|SunnyDay|[upkeep]
|upkeep
|turn|28
|
|t:|1779826726
|switch|p2a: Venusaur|Venusaur, F|78/100
|move|p1a: Tentacruel|Sludge Wave|p2a: Venusaur
|-damage|p2a: Venusaur|34/100
|
|-weather|SunnyDay|[upkeep]
|upkeep
|turn|29
|
|t:|1779826732
|move|p2a: Venusaur|Solar Beam||[still]
|-prepare|p2a: Venusaur|Solar Beam
|-anim|p2a: Venusaur|Solar Beam|p1a: Tentacruel
|-damage|p1a: Tentacruel|13/100
|move|p1a: Tentacruel|Sludge Wave|p2a: Venusaur
|-damage|p2a: Venusaur|0 fnt
|faint|p2a: Venusaur
|
|-weather|SunnyDay|[upkeep]
|upkeep
|
|t:|1779826738
|switch|p2a: Gholdengo|Gholdengo|100/100
|turn|30
|
|t:|1779826743
|move|p2a: Gholdengo|Shadow Ball|p1a: Tentacruel
|-damage|p1a: Tentacruel|0 fnt
|faint|p1a: Tentacruel
|
|-weather|SunnyDay|[upkeep]
|-sideend|p1: 308lobo|move: Light Screen
|upkeep
|
|t:|1779826749
|switch|p1a: Zapdos|Zapdos|100/100
|turn|31
|
|t:|1779826753
|move|p2a: Gholdengo|Shadow Ball|p1a: Zapdos
|-damage|p1a: Zapdos|55/100
|move|p1a: Zapdos|Heat Wave|p2a: Gholdengo
|-supereffective|p2a: Gholdengo
|-damage|p2a: Gholdengo|0 fnt
|faint|p2a: Gholdengo
|
|-weather|none
|upkeep
|
|t:|1779826759
|switch|p2a: Clefable|Clefable, M|54/100 par
|turn|32
|
|t:|1779826764
|move|p1a: Zapdos|Thunderbolt|p2a: Clefable
|-damage|p2a: Clefable|15/100 par
|cant|p2a: Clefable|par
|
|-heal|p2a: Clefable|22/100 par|[from] item: Leftovers
|upkeep
|turn|33
|
|t:|1779826768
|move|p1a: Zapdos|Thunderbolt|p2a: Clefable
|-damage|p2a: Clefable|0 fnt
|faint|p2a: Clefable
|
|upkeep
|
|t:|1779826771
|switch|p2a: Torkoal|Torkoal, F|8/100
|-weather|SunnyDay|[from] ability: Drought|[of] p2a: Torkoal
|turn|34
|c|☆308lobo|2 ez
|
|t:|1779826778
|move|p1a: Zapdos|Thunderbolt|p2a: Torkoal
|-damage|p2a: Torkoal|0 fnt
|faint|p2a: Torkoal
|
|win|308lobo
|raw|308lobo's rating: 1023 &rarr; <strong>1059</strong><br />(+36 for winning)
|raw|smoke furret's rating: 1019 &rarr; <strong>1006</strong><br />(-13 for losing)
|c|☆smoke furret|lol
|l|☆smoke furret
|player|p2|
