|j|☆SimonStork
|j|☆cachowcapow
|t:|1779885511
|gametype|singles
|player|p1|SimonStork|266|1525
|player|p2|cachowcapow|101|1518
|gen|9
|tier|[Gen 9] OU
|rated|
|rule|HP Percentage Mod: HP is shown in percentages
|rule|Endless Battle Clause: Forcing endless battles is banned
|rule|Species Clause: Limit one of each Pokémon
|rule|OHKO Clause: OHKO moves are banned
|rule|Evasion Items Clause: Evasion items are banned
|rule|Evasion Moves Clause: Evasion moves are banned
|rule|Evasion Abilities Clause: Evasion abilities are banned
|rule|Sleep Moves Clause: Sleep-inducing moves are banned
|clearpoke
|poke|p1|Weezing-Galar, M|
|poke|p1|Alomomola, M|
|poke|p1|Iron Treads|
|poke|p1|Blissey, F|
|poke|p1|Zamazenta-*|
|poke|p1|Lokix, F|
|poke|p2|Alomomola, F|
|poke|p2|Gardevoir, M|
|poke|p2|Scizor, F|
|poke|p2|Slither Wing|
|poke|p2|Mew|
|poke|p2|Ogerpon, F|
|teampreview
|inactive|Battle timer is ON: inactive players will automatically lose when time's up. (requested by SimonStork)
|
|t:|1779885525
|teamsize|p1|6
|teamsize|p2|6
|start
|switch|p1a: Lokix|Lokix, F|100/100
|switch|p2a: Slither Wing|Slither Wing|100/100
|turn|1
|
|t:|1779885536
|switch|p1a: Alomomola|Alomomola, M|100/100
|move|p2a: Slither Wing|U-turn|p1a: Alomomola
|-damage|p1a: Alomomola|83/100
|-damage|p2a: Slither Wing|84/100|[from] item: Rocky Helmet|[of] p1a: Alomomola
|
|t:|1779885555
|-end|p2a: Slither Wing|Protosynthesis|[silent]
|switch|p2a: Gardevoir|Gardevoir, M, shiny|100/100|[from] U-turn
|-ability|p2a: Gardevoir|Regenerator|Trace|[from] ability: Trace|[of] p1a: Alomomola
|
|upkeep
|turn|2
|
|t:|1779885562
|switch|p1a: Blissey|Blissey, F|100/100
|move|p2a: Gardevoir|Psyshock|p1a: Blissey
|-damage|p1a: Blissey|25/100
|
|-heal|p1a: Blissey|32/100|[from] item: Leftovers
|upkeep
|turn|3
|
|t:|1779885572
|switch|p2a: Slither Wing|Slither Wing|84/100
|switch|p1a: Lokix|Lokix, F|100/100
|
|upkeep
|turn|4
|
|t:|1779885579
|switch|p1a: Alomomola|Alomomola, M|100/100
|move|p2a: Slither Wing|U-turn|p1a: Alomomola
|-damage|p1a: Alomomola|83/100
|-damage|p2a: Slither Wing|67/100|[from] item: Rocky Helmet|[of] p1a: Alomomola
|
|t:|1779885582
|-end|p2a: Slither Wing|Protosynthesis|[silent]
|switch|p2a: Gardevoir|Gardevoir, M, shiny|100/100|[from] U-turn
|-ability|p2a: Gardevoir|Regenerator|Trace|[from] ability: Trace|[of] p1a: Alomomola
|
|upkeep
|turn|5
|
|t:|1779885590
|switch|p1a: Iron Treads|Iron Treads|100/100
|move|p2a: Gardevoir|Moonblast|p1a: Iron Treads
|-resisted|p1a: Iron Treads
|-damage|p1a: Iron Treads|54/100
|
|-heal|p1a: Iron Treads|60/100|[from] item: Leftovers
|upkeep
|turn|6
|
|t:|1779885604
|switch|p2a: Slither Wing|Slither Wing|67/100
|move|p1a: Iron Treads|Iron Head|p2a: Slither Wing
|-damage|p2a: Slither Wing|41/100
|-damage|p1a: Iron Treads|43/100|[from] item: Rocky Helmet|[of] p2a: Slither Wing
|
|-heal|p1a: Iron Treads|49/100|[from] item: Leftovers
|upkeep
|turn|7
|
|t:|1779885622
|-end|p1a: Iron Treads|Quark Drive|[silent]
|switch|p1a: Alomomola|Alomomola, M|100/100
|move|p2a: Slither Wing|U-turn|p1a: Alomomola
|-damage|p1a: Alomomola|82/100
|-damage|p2a: Slither Wing|24/100|[from] item: Rocky Helmet|[of] p1a: Alomomola
|
|t:|1779885629
|-end|p2a: Slither Wing|Protosynthesis|[silent]
|switch|p2a: Gardevoir|Gardevoir, M, shiny|100/100|[from] U-turn
|-ability|p2a: Gardevoir|Regenerator|Trace|[from] ability: Trace|[of] p1a: Alomomola
|
|upkeep
|turn|8
|
|t:|1779885636
|move|p1a: Alomomola|Protect|p1a: Alomomola
|-singleturn|p1a: Alomomola|Protect
|move|p2a: Gardevoir|Moonblast|p1a: Alomomola
|-activate|p1a: Alomomola|move: Protect
|
|upkeep
|turn|9
|
|t:|1779885642
|switch|p1a: Blissey|Blissey, F|32/100
|move|p2a: Gardevoir|Moonblast|p1a: Blissey
|-damage|p1a: Blissey|9/100
|
|-heal|p1a: Blissey|15/100|[from] item: Leftovers
|upkeep
|turn|10
|
|t:|1779885670
|switch|p1a: Iron Treads|Iron Treads|49/100
|move|p2a: Gardevoir|Moonblast|p1a: Iron Treads
|-resisted|p1a: Iron Treads
|-damage|p1a: Iron Treads|6/100
|
|-heal|p1a: Iron Treads|12/100|[from] item: Leftovers
|upkeep
|turn|11
|
|t:|1779885678
|move|p1a: Iron Treads|Earthquake|p2a: Gardevoir
|-damage|p2a: Gardevoir|31/100
|move|p2a: Gardevoir|Moonblast|p1a: Iron Treads
|-resisted|p1a: Iron Treads
|-damage|p1a: Iron Treads|0 fnt
|faint|p1a: Iron Treads
|-end|p1a: Iron Treads|Quark Drive|[silent]
|
|upkeep
|
|t:|1779885685
|switch|p1a: Lokix|Lokix, F|100/100
|turn|12
|
|t:|1779885691
|switch|p2a: Slither Wing|Slither Wing|24/100
|move|p1a: Lokix|U-turn|p2a: Slither Wing
|-resisted|p2a: Slither Wing
|-damage|p2a: Slither Wing|0 fnt
|-damage|p1a: Lokix|84/100|[from] item: Rocky Helmet|[of] p2a: Slither Wing
|faint|p2a: Slither Wing
|-end|p2a: Slither Wing|Protosynthesis|[silent]
|
|t:|1779885698
|switch|p1a: Blissey|Blissey, F|15/100|[from] U-turn
|
|-heal|p1a: Blissey|21/100|[from] item: Leftovers
|upkeep
|
|t:|1779885714
|switch|p2a: Alomomola|Alomomola, F|100/100
|turn|13
|
|t:|1779885720
|move|p2a: Alomomola|Flip Turn|p1a: Blissey
|-damage|p1a: Blissey|0 fnt
|faint|p1a: Blissey
|
|t:|1779885728
|switch|p2a: Scizor|Scizor, F|100/100|[from] Flip Turn
|
|upkeep
|
|t:|1779885732
|switch|p1a: Alomomola|Alomomola, M|100/100
|turn|14
|
|t:|1779885738
|move|p2a: Scizor|Knock Off|p1a: Alomomola
|-damage|p1a: Alomomola|84/100
|-damage|p2a: Scizor|84/100|[from] item: Rocky Helmet|[of] p1a: Alomomola
|-enditem|p1a: Alomomola|Rocky Helmet|[from] move: Knock Off|[of] p2a: Scizor
|move|p1a: Alomomola|Flip Turn|p2a: Scizor
|-damage|p2a: Scizor|68/100
|
|t:|1779885746
|switch|p1a: Weezing|Weezing-Galar, M|100/100|[from] Flip Turn
|-ability|p1a: Weezing|Neutralizing Gas
|
|upkeep
|turn|15
|
|t:|1779885761
|switch|p2a: Gardevoir|Gardevoir, M, shiny|64/100
|move|p1a: Weezing|Will-O-Wisp|p2a: Gardevoir
|-status|p2a: Gardevoir|brn
|
|-damage|p2a: Gardevoir|58/100 brn|[from] brn
|upkeep
|turn|16
|
|t:|1779885782
|switch|p2a: Scizor|Scizor, F|68/100
|-end|p1a: Weezing|ability: Neutralizing Gas
|switch|p1a: Alomomola|Alomomola, M|100/100
|
|upkeep
|turn|17
|
|t:|1779885789
|switch|p2a: Gardevoir|Gardevoir, M, shiny|58/100 brn
|-ability|p2a: Gardevoir|Regenerator|Trace|[from] ability: Trace|[of] p1a: Alomomola
|move|p1a: Alomomola|Flip Turn|p2a: Gardevoir
|-damage|p2a: Gardevoir|28/100 brn
|
|t:|1779885797
|switch|p1a: Lokix|Lokix, F|84/100|[from] Flip Turn
|
|-damage|p2a: Gardevoir|21/100 brn|[from] brn
|upkeep
|turn|18
|
|t:|1779885802
|switch|p2a: Alomomola|Alomomola, F|100/100
|move|p1a: Lokix|First Impression|p2a: Alomomola
|-damage|p2a: Alomomola|48/100
|
|upkeep
|turn|19
|
|t:|1779885811
|switch|p1a: Weezing|Weezing-Galar, M|100/100
|-ability|p1a: Weezing|Neutralizing Gas
|move|p2a: Alomomola|Flip Turn|p1a: Weezing
|-damage|p1a: Weezing|77/100
|
|t:|1779885822
|switch|p2a: Mew|Mew, shiny|100/100|[from] Flip Turn
|
|-heal|p1a: Weezing|83/100|[from] item: Leftovers
|upkeep
|turn|20
|
|t:|1779885830
|move|p2a: Mew|Agility|p2a: Mew
|-boost|p2a: Mew|spe|2
|move|p1a: Weezing|Toxic|p2a: Mew
|-status|p2a: Mew|tox
|
|-heal|p1a: Weezing|89/100|[from] item: Leftovers
|-damage|p2a: Mew|94/100 tox|[from] psn
|upkeep
|turn|21
|
|t:|1779885843
|-end|p1a: Weezing|ability: Neutralizing Gas
|switch|p1a: Lokix|Lokix, F|84/100
|move|p2a: Mew|Calm Mind|p2a: Mew
|-boost|p2a: Mew|spa|1
|-boost|p2a: Mew|spd|1
|
|-damage|p2a: Mew|82/100 tox|[from] psn
|upkeep
|turn|22
|
|t:|1779885860
|-terastallize|p2a: Mew|Fairy
|move|p1a: Lokix|First Impression|p2a: Mew
|-resisted|p2a: Mew
|-damage|p2a: Mew|42/100 tox
|move|p2a: Mew|Draining Kiss|p1a: Lokix
|-supereffective|p1a: Lokix
|-damage|p1a: Lokix|0 fnt
|-heal|p2a: Mew|86/100 tox|[from] drain|[of] p1a: Lokix
|faint|p1a: Lokix
|
|-damage|p2a: Mew|67/100 tox|[from] psn
|upkeep
|
|t:|1779885874
|switch|p1a: Zamazenta|Zamazenta|100/100
|-ability|p1a: Zamazenta|Dauntless Shield|boost
|-boost|p1a: Zamazenta|def|1
|turn|23
|
|t:|1779885886
|-terastallize|p1a: Zamazenta|Steel
|move|p2a: Mew|Stored Power|p1a: Zamazenta
|-resisted|p1a: Zamazenta
|-damage|p1a: Zamazenta|76/100
|move|p1a: Zamazenta|Heavy Slam|p2a: Mew
|-supereffective|p2a: Mew
|-damage|p2a: Mew|0 fnt
|faint|p2a: Mew
|
|upkeep
|
|t:|1779885895
|switch|p2a: Alomomola|Alomomola, F|48/100
|turn|24
|
|t:|1779885899
|move|p1a: Zamazenta|Heavy Slam|p2a: Alomomola
|-resisted|p2a: Alomomola
|-damage|p2a: Alomomola|10/100
|move|p2a: Alomomola|Flip Turn|p1a: Zamazenta
|-damage|p1a: Zamazenta|54/100
|
|t:|1779885910
|switch|p2a: Scizor|Scizor, F|68/100|[from] Flip Turn
|
|upkeep
|turn|25
|
|t:|1779885916
|switch|p1a: Weezing|Weezing-Galar, M|89/100
|-ability|p1a: Weezing|Neutralizing Gas
|move|p2a: Scizor|Swords Dance|p2a: Scizor
|-boost|p2a: Scizor|atk|2
|
|-heal|p1a: Weezing|95/100|[from] item: Leftovers
|upkeep
|turn|26
|
|t:|1779885925
|switch|p2a: Gardevoir|Gardevoir, M, shiny|55/100 brn
|move|p1a: Weezing|Will-O-Wisp|p2a: Gardevoir
|-fail|p2a: Gardevoir|brn
|
|-heal|p1a: Weezing|100/100|[from] item: Leftovers
|-damage|p2a: Gardevoir|49/100 brn|[from] brn
|upkeep
|turn|27
|
|t:|1779885935
|-end|p1a: Weezing|ability: Neutralizing Gas
|switch|p1a: Alomomola|Alomomola, M|100/100
|-ability|p2a: Gardevoir|Regenerator|Trace|[from] ability: Trace|[of] p1a: Alomomola
|move|p2a: Gardevoir|Moonblast|p1a: Alomomola
|-damage|p1a: Alomomola|33/100
|
|-damage|p2a: Gardevoir|42/100 brn|[from] brn
|upkeep
|turn|28
|
|t:|1779885946
|switch|p1a: Weezing|Weezing-Galar, M|100/100
|-ability|p1a: Weezing|Neutralizing Gas
|move|p2a: Gardevoir|Moonblast|p1a: Weezing
|-resisted|p1a: Weezing
|-damage|p1a: Weezing|48/100
|
|-heal|p1a: Weezing|54/100|[from] item: Leftovers
|-damage|p2a: Gardevoir|36/100 brn|[from] brn
|upkeep
|turn|29
|
|t:|1779885958
|move|p2a: Gardevoir|Moonblast|p1a: Weezing
|-resisted|p1a: Weezing
|-damage|p1a: Weezing|0 fnt
|faint|p1a: Weezing
|-end|p1a: Weezing|ability: Neutralizing Gas
|
|-damage|p2a: Gardevoir|30/100 brn|[from] brn
|upkeep
|
|t:|1779885964
|switch|p1a: Zamazenta|Zamazenta, tera:Steel|54/100
|turn|30
|
|t:|1779885987
|switch|p2a: Scizor|Scizor, F|68/100
|move|p1a: Zamazenta|Close Combat|p2a: Scizor
|-damage|p2a: Scizor|0 fnt
|-unboost|p1a: Zamazenta|def|1
|-unboost|p1a: Zamazenta|spd|1
|faint|p2a: Scizor
|
|upkeep
|
|t:|1779885991
|switch|p2a: Gardevoir|Gardevoir, M, shiny|63/100 brn
|-ability|p2a: Gardevoir|Dauntless Shield|Trace|[from] ability: Trace|[of] p1a: Zamazenta
|-ability|p2a: Gardevoir|Dauntless Shield|boost
|-boost|p2a: Gardevoir|def|1
|turn|31
|
|t:|1779886001
|move|p1a: Zamazenta|Close Combat|p2a: Gardevoir
|-resisted|p2a: Gardevoir
|-damage|p2a: Gardevoir|36/100 brn
|-unboost|p1a: Zamazenta|def|1
|-unboost|p1a: Zamazenta|spd|1
|move|p2a: Gardevoir|Moonblast|p1a: Zamazenta
|-resisted|p1a: Zamazenta
|-crit|p1a: Zamazenta
|-damage|p1a: Zamazenta|0 fnt
|faint|p1a: Zamazenta
|
|-damage|p2a: Gardevoir|30/100 brn|[from] brn
|upkeep
|
|t:|1779886011
|switch|p1a: Alomomola|Alomomola, M|67/100
|turn|32
|
|t:|1779886018
|move|p2a: Gardevoir|Moonblast|p1a: Alomomola
|-damage|p1a: Alomomola|1/100
|move|p1a: Alomomola|Flip Turn|p2a: Gardevoir
|-damage|p2a: Gardevoir|12/100 brn
|
|-damage|p2a: Gardevoir|6/100 brn|[from] brn
|upkeep
|turn|33
|
|t:|1779886025
|move|p2a: Gardevoir|Moonblast|p1a: Alomomola
|-crit|p1a: Alomomola
|-damage|p1a: Alomomola|0 fnt
|faint|p1a: Alomomola
|
|win|cachowcapow
|raw|SimonStork's rating: 1525 &rarr; <strong>1506</strong><br />(-19 for losing)
|raw|cachowcapow's rating: 1541 &rarr; <strong>1560</strong><br />(+19 for winning)
|l|☆SimonStork
|player|p1|
|l|☆cachowcapow
|player|p2|
