|j|☆JoaoGrandius
|j|☆dntedmon
|t:|1779971404
|gametype|singles
|player|p1|JoaoGrandius|gentleman-gen4|1102
|player|p2|dntedmon|steven|1072
|gen|9
|tier|[Gen 9] OU
|rated|
|rule|HP Percentage Mod: HP is shown in percentages
|rule|Endless Battle Clause: Forcing endless battles is banned
|rule|Species Clause: Limit one of each Pokémon
|rule|OHKO Clause: OHKO moves are banned
|rule|Evasion Items Clause: Evasion items are banned
|rule|Evasion Moves Clause: Evasion moves are banned
|rule|Evasion Abilities Clause: Evasion abilities are banned
|rule|Sleep Moves Clause: Sleep-inducing moves are banned
|clearpoke
|poke|p1|Metagross|
|poke|p1|Swampert, F|
|poke|p1|Darkrai|
|poke|p1|Gengar, M|
|poke|p1|Haxorus, M|
|poke|p1|Great Tusk|
|poke|p2|Gallade, M|
|poke|p2|Swampert, F|
|poke|p2|Salamence, M|
|poke|p2|Breloom, M|
|poke|p2|Flygon, F|
|poke|p2|Dusclops, M|
|teampreview
|inactive|Battle timer is ON: inactive players will automatically lose when time's up. (requested by dntedmon)
|
|t:|1779971408
|teamsize|p1|6
|teamsize|p2|6
|start
|switch|p1a: Swampert|Swampert, F|100/100
|switch|p2a: Dusclops|Dusclops, M, shiny|100/100
|-ability|p2a: Dusclops|Pressure
|turn|1
|c|☆dntedmon|Ayyy shoutout to the goat of hoenn
|
|t:|1779971426
|move|p1a: Swampert|Stealth Rock|p2a: Dusclops
|-sidestart|p2: dntedmon|move: Stealth Rock
|move|p2a: Dusclops|Poltergeist|p1a: Swampert
|-activate|p1a: Swampert|move: Poltergeist|Leftovers
|-damage|p1a: Swampert|79/100
|
|-heal|p1a: Swampert|85/100|[from] item: Leftovers
|upkeep
|turn|2
|
|t:|1779971435
|switch|p2a: Broloom|Breloom, M, shiny|100/100
|-damage|p2a: Broloom|94/100|[from] Stealth Rock
|move|p1a: Swampert|Flip Turn|p2a: Broloom
|-resisted|p2a: Broloom
|-damage|p2a: Broloom|78/100
|
|t:|1779971445
|switch|p1a: Great Tusk|Great Tusk|100/100|[from] Flip Turn
|
|upkeep
|turn|3
|
|t:|1779971454
|move|p2a: Broloom|Bullet Seed|p1a: Great Tusk
|-supereffective|p1a: Great Tusk
|-damage|p1a: Great Tusk|70/100
|-supereffective|p1a: Great Tusk
|-damage|p1a: Great Tusk|39/100
|-hitcount|p1a: Great Tusk|2
|move|p1a: Great Tusk|Knock Off|p2a: Broloom
|-resisted|p2a: Broloom
|-damage|p2a: Broloom|55/100
|-enditem|p2a: Broloom|Choice Band|[from] move: Knock Off|[of] p1a: Great Tusk
|
|upkeep
|turn|4
|
|t:|1779971465
|-end|p1a: Great Tusk|Protosynthesis|[silent]
|switch|p1a: Metagross|Metagross|100/100
|move|p2a: Broloom|Bullet Seed|p1a: Metagross
|-resisted|p1a: Metagross
|-damage|p1a: Metagross|92/100
|-resisted|p1a: Metagross
|-damage|p1a: Metagross|85/100
|-resisted|p1a: Metagross
|-damage|p1a: Metagross|77/100
|-resisted|p1a: Metagross
|-damage|p1a: Metagross|69/100
|-hitcount|p1a: Metagross|4
|
|upkeep
|turn|5
|
|t:|1779971477
|switch|p2a: Flygon|Flygon, F|100/100
|-damage|p2a: Flygon|95/100|[from] Stealth Rock
|move|p1a: Metagross|Ice Punch|p2a: Flygon
|-supereffective|p2a: Flygon
|-damage|p2a: Flygon|0 fnt
|faint|p2a: Flygon
|
|upkeep
|
|t:|1779971484
|switch|p2a: Ajolote|Swampert, F, shiny|100/100
|-damage|p2a: Ajolote|94/100|[from] Stealth Rock
|turn|6
|
|t:|1779971497
|move|p2a: Ajolote|Earthquake|p1a: Metagross
|-supereffective|p1a: Metagross
|-damage|p1a: Metagross|0 fnt
|faint|p1a: Metagross
|
|upkeep
|
|t:|1779971502
|switch|p1a: Great Tusk|Great Tusk|39/100
|turn|7
|
|t:|1779971507
|move|p1a: Great Tusk|Knock Off|p2a: Ajolote
|-damage|p2a: Ajolote|64/100
|-enditem|p2a: Ajolote|Choice Band|[from] move: Knock Off|[of] p1a: Great Tusk
|move|p2a: Ajolote|Earthquake|p1a: Great Tusk
|-damage|p1a: Great Tusk|16/100
|
|upkeep
|turn|8
|
|t:|1779971518
|move|p1a: Great Tusk|Close Combat|p2a: Ajolote
|-damage|p2a: Ajolote|12/100
|-unboost|p1a: Great Tusk|def|1
|-unboost|p1a: Great Tusk|spd|1
|move|p2a: Ajolote|Ice Punch|p1a: Great Tusk
|-supereffective|p1a: Great Tusk
|-damage|p1a: Great Tusk|0 fnt
|faint|p1a: Great Tusk
|-end|p1a: Great Tusk|Protosynthesis|[silent]
|
|upkeep
|
|t:|1779971526
|switch|p1a: Darkrai|Darkrai|100/100
|turn|9
|
|t:|1779971543
|move|p1a: Darkrai|Dark Pulse|p2a: Ajolote
|-damage|p2a: Ajolote|0 fnt
|faint|p2a: Ajolote
|
|upkeep
|
|t:|1779971546
|switch|p2a: Broloom|Breloom, M, shiny|55/100
|-damage|p2a: Broloom|49/100|[from] Stealth Rock
|turn|10
|l|☆JoaoGrandius
|inactive|JoaoGrandius disconnected and has a minute to reconnect!
|player|p1|
|c|☆dntedmon|Bruh
|inactive|JoaoGrandius has 30 seconds to reconnect!
|inactive|JoaoGrandius has 20 seconds to reconnect!
|inactive|JoaoGrandius has 15 seconds to reconnect!
|inactive|JoaoGrandius has 10 seconds to reconnect!
|inactive|JoaoGrandius has 5 seconds to reconnect!
|-message|JoaoGrandius lost due to inactivity.
|
|win|dntedmon
|raw|JoaoGrandius's rating: 1102 &rarr; <strong>1075</strong><br />(-27 for losing)
|raw|dntedmon's rating: 1072 &rarr; <strong>1104</strong><br />(+32 for winning)
|l|☆dntedmon
|player|p2|
