|j|☆4axes
|j|☆haitianprinc3
|t:|1779806502
|gametype|singles
|player|p1|4axes|workerice|1615
|player|p2|haitianprinc3|marlon|1633
|gen|9
|tier|[Gen 9] OU
|rated|
|rule|HP Percentage Mod: HP is shown in percentages
|rule|Endless Battle Clause: Forcing endless battles is banned
|rule|Species Clause: Limit one of each Pokémon
|rule|OHKO Clause: OHKO moves are banned
|rule|Evasion Items Clause: Evasion items are banned
|rule|Evasion Moves Clause: Evasion moves are banned
|rule|Evasion Abilities Clause: Evasion abilities are banned
|rule|Sleep Moves Clause: Sleep-inducing moves are banned
|clearpoke
|poke|p1|Raging Bolt|
|poke|p1|Alomomola, F|
|poke|p1|Primarina, M|
|poke|p1|Zamazenta-*|
|poke|p1|Landorus-Therian, M|
|poke|p1|Dragonite, F|
|poke|p2|Dragonite, F|
|poke|p2|Dragapult, M|
|poke|p2|Salamence, F|
|poke|p2|Kyurem|
|poke|p2|Garchomp, M|
|poke|p2|Walking Wake|
|teampreview
|inactive|Battle timer is ON: inactive players will automatically lose when time's up. (requested by haitianprinc3)
|inactive|4axes also wants the timer to be on.
|
|t:|1779806514
|teamsize|p1|6
|teamsize|p2|6
|start
|switch|p1a: Primarina|Primarina, M|100/100
|switch|p2a: Kyurem|Kyurem|100/100
|-ability|p2a: Kyurem|Pressure
|turn|1
|
|t:|1779806521
|move|p2a: Kyurem|Freeze-Dry|p1a: Primarina
|-supereffective|p1a: Primarina
|-damage|p1a: Primarina|33/100
|move|p1a: Primarina|Moonblast|p2a: Kyurem
|-supereffective|p2a: Kyurem
|-damage|p2a: Kyurem|7/100
|
|upkeep
|turn|2
|
|t:|1779806530
|switch|p1a: Zamazenta|Zamazenta|100/100
|-ability|p1a: Zamazenta|Dauntless Shield|boost
|-boost|p1a: Zamazenta|def|1
|move|p2a: Kyurem|Freeze-Dry|p1a: Zamazenta
|-damage|p1a: Zamazenta|48/100
|
|-heal|p1a: Zamazenta|54/100|[from] item: Leftovers
|upkeep
|turn|3
|
|t:|1779806539
|move|p1a: Zamazenta|Crunch|p2a: Kyurem
|-damage|p2a: Kyurem|0 fnt
|faint|p2a: Kyurem
|
|-heal|p1a: Zamazenta|60/100|[from] item: Leftovers
|upkeep
|
|t:|1779806551
|switch|p2a: Garchomp|Garchomp, M|100/100
|turn|4
|
|t:|1779806557
|move|p1a: Zamazenta|Ice Fang|p2a: Garchomp
|-supereffective|p2a: Garchomp
|-damage|p2a: Garchomp|43/100
|-damage|p1a: Zamazenta|48/100|[from] ability: Rough Skin|[of] p2a: Garchomp
|-damage|p1a: Zamazenta|31/100|[from] item: Rocky Helmet|[of] p2a: Garchomp
|move|p2a: Garchomp|Stealth Rock|p1a: Zamazenta
|-sidestart|p1: 4axes|move: Stealth Rock
|
|-heal|p1a: Zamazenta|37/100|[from] item: Leftovers
|upkeep
|turn|5
|j| bingbong441
|j| SUBMACHINEGOTH
|inactive|haitianprinc3 has 120 seconds left.
|
|t:|1779806590
|move|p1a: Zamazenta|Ice Fang|p2a: Garchomp
|-supereffective|p2a: Garchomp
|-damage|p2a: Garchomp|0 fnt
|-damage|p1a: Zamazenta|25/100|[from] ability: Rough Skin|[of] p2a: Garchomp
|-damage|p1a: Zamazenta|8/100|[from] item: Rocky Helmet|[of] p2a: Garchomp
|faint|p2a: Garchomp
|
|-heal|p1a: Zamazenta|14/100|[from] item: Leftovers
|upkeep
|inactive|haitianprinc3 has 120 seconds left.
|
|t:|1779806598
|switch|p2a: Walking Wake|Walking Wake|100/100
|turn|6
|
|t:|1779806605
|switch|p1a: Alomomola|Alomomola, F|100/100
|move|p2a: Walking Wake|Hydro Steam|p1a: Alomomola
|-resisted|p1a: Alomomola
|-damage|p1a: Alomomola|67/100
|
|upkeep
|turn|7
|j| yuureisuisei
|
|t:|1779806615
|move|p2a: Walking Wake|Hydro Steam|p1a: Alomomola
|-resisted|p1a: Alomomola
|-damage|p1a: Alomomola|29/100
|move|p1a: Alomomola|Wish|p1a: Alomomola
|
|upkeep
|turn|8
|l| SUBMACHINEGOTH
|
|t:|1779806624
|-end|p2a: Walking Wake|Protosynthesis|[silent]
|switch|p2a: Salamence|Salamence, F|100/100
|move|p1a: Alomomola|Protect||[still]
|-fail|p1a: Alomomola
|
|-heal|p1a: Alomomola|79/100|[from] move: Wish|[wisher] Alomomola
|upkeep
|turn|9
|
|t:|1779806630
|move|p2a: Salamence|Dragon Dance|p2a: Salamence
|-boost|p2a: Salamence|atk|1
|-boost|p2a: Salamence|spe|1
|move|p1a: Alomomola|Wish|p1a: Alomomola
|
|upkeep
|turn|10
|l| yuureisuisei
|
|t:|1779806634
|move|p2a: Salamence|Dragon Dance|p2a: Salamence
|-boost|p2a: Salamence|atk|1
|-boost|p2a: Salamence|spe|1
|move|p1a: Alomomola|Flip Turn|p2a: Salamence
|-resisted|p2a: Salamence
|-damage|p2a: Salamence|91/100
|
|t:|1779806640
|switch|p1a: Primarina|Primarina, M|33/100|[from] Flip Turn
|-damage|p1a: Primarina|20/100|[from] Stealth Rock
|
|-heal|p1a: Primarina|100/100|[from] move: Wish|[wisher] Alomomola
|upkeep
|turn|11
|
|t:|1779806647
|switch|p1a: Landorus|Landorus-Therian, M|100/100
|-damage|p1a: Landorus|88/100|[from] Stealth Rock
|-ability|p1a: Landorus|Intimidate|boost
|-unboost|p2a: Salamence|atk|1
|-terastallize|p2a: Salamence|Steel
|move|p2a: Salamence|Dual Wingbeat|p1a: Landorus
|-damage|p1a: Landorus|54/100
|-damage|p2a: Salamence|74/100|[from] item: Rocky Helmet|[of] p1a: Landorus
|-damage|p1a: Landorus|23/100
|-damage|p2a: Salamence|58/100|[from] item: Rocky Helmet|[of] p1a: Landorus
|-hitcount|p1a: Landorus|2
|
|upkeep
|turn|12
|j| Darck-Meralice
|
|t:|1779806659
|switch|p1a: Zamazenta|Zamazenta|14/100
|-damage|p1a: Zamazenta|8/100|[from] Stealth Rock
|move|p2a: Salamence|Dual Wingbeat|p1a: Zamazenta
|-supereffective|p1a: Zamazenta
|-damage|p1a: Zamazenta|0 fnt
|faint|p1a: Zamazenta
|-ability|p2a: Salamence|Moxie|boost
|-boost|p2a: Salamence|atk|1
|-hitcount|p1: Zamazenta|1
|
|upkeep
|
|t:|1779806664
|switch|p1a: Landorus|Landorus-Therian, M|23/100
|-damage|p1a: Landorus|11/100|[from] Stealth Rock
|-ability|p1a: Landorus|Intimidate|boost
|-unboost|p2a: Salamence|atk|1
|turn|13
|
|t:|1779806668
|move|p2a: Salamence|Dual Wingbeat|p1a: Landorus|[miss]
|-miss|p2a: Salamence|p1a: Landorus
|move|p1a: Landorus|Earth Power|p2a: Salamence
|-supereffective|p2a: Salamence
|-damage|p2a: Salamence|0 fnt
|faint|p2a: Salamence
|
|upkeep
|
|t:|1779806673
|switch|p2a: Walking Wake|Walking Wake|100/100
|turn|14
|
|t:|1779806680
|switch|p1a: Primarina|Primarina, M|100/100
|-damage|p1a: Primarina|88/100|[from] Stealth Rock
|move|p2a: Walking Wake|Hydro Steam|p1a: Primarina
|-resisted|p1a: Primarina
|-damage|p1a: Primarina|68/100
|
|upkeep
|turn|15
|
|t:|1779806690
|move|p2a: Walking Wake|Hydro Steam|p1a: Primarina
|-resisted|p1a: Primarina
|-damage|p1a: Primarina|51/100
|move|p1a: Primarina|Moonblast|p2a: Walking Wake
|-supereffective|p2a: Walking Wake
|-damage|p2a: Walking Wake|0 fnt
|faint|p2a: Walking Wake
|-end|p2a: Walking Wake|Protosynthesis|[silent]
|
|upkeep
|
|t:|1779806696
|switch|p2a: Dragapult|Dragapult, M|100/100
|turn|16
|
|t:|1779806701
|move|p2a: Dragapult|Phantom Force||[still]
|-prepare|p2a: Dragapult|Phantom Force
|move|p1a: Primarina|Moonblast|p2a: Dragapult|[miss]
|-miss|p1a: Primarina|p2a: Dragapult
|
|upkeep
|turn|17
|
|t:|1779806717
|switch|p1a: Alomomola|Alomomola, F|100/100
|move|p2a: Dragapult|Phantom Force|p1a: Alomomola|[from] lockedmove
|-damage|p1a: Alomomola|65/100
|
|upkeep
|turn|18
|
|t:|1779806722
|move|p2a: Dragapult|Phantom Force||[still]
|-prepare|p2a: Dragapult|Phantom Force
|move|p1a: Alomomola|Wish|p1a: Alomomola
|
|upkeep
|turn|19
|
|t:|1779806727
|move|p2a: Dragapult|Phantom Force|p1a: Alomomola|[from] lockedmove
|-damage|p1a: Alomomola|30/100
|move|p1a: Alomomola|Flip Turn|p2a: Dragapult
|-resisted|p2a: Dragapult
|-damage|p2a: Dragapult|90/100
|
|t:|1779806732
|switch|p1a: Primarina|Primarina, M|51/100|[from] Flip Turn
|-damage|p1a: Primarina|39/100|[from] Stealth Rock
|
|-heal|p1a: Primarina|100/100|[from] move: Wish|[wisher] Alomomola
|upkeep
|turn|20
|
|t:|1779806738
|switch|p1a: Alomomola|Alomomola, F|63/100
|move|p2a: Dragapult|Phantom Force||[still]
|-prepare|p2a: Dragapult|Phantom Force
|
|upkeep
|turn|21
|
|t:|1779806744
|move|p2a: Dragapult|Phantom Force|p1a: Alomomola|[from] lockedmove
|-damage|p1a: Alomomola|30/100
|move|p1a: Alomomola|Wish|p1a: Alomomola
|
|upkeep
|turn|22
|
|t:|1779806748
|move|p1a: Alomomola|Protect|p1a: Alomomola
|-singleturn|p1a: Alomomola|Protect
|move|p2a: Dragapult|Phantom Force||[still]
|-prepare|p2a: Dragapult|Phantom Force
|
|-heal|p1a: Alomomola|80/100|[from] move: Wish|[wisher] Alomomola
|upkeep
|turn|23
|
|t:|1779806755
|move|p2a: Dragapult|Phantom Force|p1a: Alomomola|[from] lockedmove
|-damage|p1a: Alomomola|43/100
|move|p1a: Alomomola|Wish|p1a: Alomomola
|
|upkeep
|turn|24
|
|t:|1779806758
|switch|p2a: Dragonite|Dragonite, F|100/100
|move|p1a: Alomomola|Scald|p2a: Dragonite
|-resisted|p2a: Dragonite
|-damage|p2a: Dragonite|97/100
|
|-heal|p1a: Alomomola|93/100|[from] move: Wish|[wisher] Alomomola
|upkeep
|turn|25
|
|t:|1779806768
|move|p2a: Dragonite|Extreme Speed|p1a: Alomomola
|-damage|p1a: Alomomola|77/100
|move|p1a: Alomomola|Flip Turn|p2a: Dragonite
|-resisted|p2a: Dragonite
|-damage|p2a: Dragonite|89/100
|
|t:|1779806771
|switch|p1a: Primarina|Primarina, M|100/100|[from] Flip Turn
|-damage|p1a: Primarina|88/100|[from] Stealth Rock
|
|upkeep
|turn|26
|-message|haitianprinc3 forfeited.
|
|win|4axes
|raw|4axes's rating: 1615 &rarr; <strong>1636</strong><br />(+21 for winning)
|raw|haitianprinc3's rating: 1633 &rarr; <strong>1612</strong><br />(-21 for losing)
|l|☆haitianprinc3
|player|p2|
|l|☆4axes
|player|p1|
|l| Darck-Meralice
