|j|☆claudechamp
|j|☆Lukas21
|t:|1779807842
|gametype|singles
|player|p1|claudechamp|265|1325
|player|p2|Lukas21|1|1267
|gen|9
|tier|[Gen 9] OU
|rated|
|rule|HP Percentage Mod: HP is shown in percentages
|rule|Endless Battle Clause: Forcing endless battles is banned
|rule|Species Clause: Limit one of each Pokémon
|rule|OHKO Clause: OHKO moves are banned
|rule|Evasion Items Clause: Evasion items are banned
|rule|Evasion Moves Clause: Evasion moves are banned
|rule|Evasion Abilities Clause: Evasion abilities are banned
|rule|Sleep Moves Clause: Sleep-inducing moves are banned
|clearpoke
|poke|p1|Gliscor, M|
|poke|p1|Ogerpon, F|
|poke|p1|Walking Wake|
|poke|p1|Blissey, F|
|poke|p1|Corviknight, M|
|poke|p1|Pecharunt|
|poke|p2|Scyther, F|
|poke|p2|Incineroar, F|
|poke|p2|Eelektross, F|
|poke|p2|Glimmora, M|
|poke|p2|Registeel|
|poke|p2|Hydrapple, F|
|teampreview
|c|☆claudechamp|hf
|inactive|Battle timer is ON: inactive players will automatically lose when time's up. (requested by claudechamp)
|
|t:|1779807850
|teamsize|p1|6
|teamsize|p2|6
|start
|switch|p1a: Gliscor|Gliscor, M|100/100
|switch|p2a: Glimmora|Glimmora, M|100/100
|-item|p2a: Glimmora|Air Balloon
|turn|1
|
|t:|1779807866
|move|p1a: Gliscor|Spikes|p2a: Glimmora
|-sidestart|p2: Lukas21|Spikes
|move|p2a: Glimmora|Power Gem|p1a: Gliscor
|-damage|p1a: Gliscor|65/100
|
|-status|p1a: Gliscor|tox|[from] item: Toxic Orb
|upkeep
|turn|2
|
|t:|1779807876
|switch|p1a: Blissey|Blissey, F|100/100
|move|p2a: Glimmora|Power Gem|p1a: Blissey
|-damage|p1a: Blissey|90/100
|
|upkeep
|turn|3
|
|t:|1779807880
|move|p2a: Glimmora|Mortal Spin|p1a: Blissey
|-damage|p1a: Blissey|83/100
|-status|p1a: Blissey|psn
|-sideend|p2: Lukas21|Spikes|[from] move: Mortal Spin|[of] p2a: Glimmora
|move|p1a: Blissey|Seismic Toss|p2a: Glimmora
|-damage|p2a: Glimmora|68/100
|-activate|p2a: Glimmora|ability: Toxic Debris
|-sidestart|p1: claudechamp|move: Toxic Spikes
|-enditem|p2a: Glimmora|Air Balloon
|
|-damage|p1a: Blissey|71/100 psn|[from] psn
|upkeep
|turn|4
|
|t:|1779807894
|move|p2a: Glimmora|Sludge Wave|p1a: Blissey
|-damage|p1a: Blissey|58/100 psn
|move|p1a: Blissey|Stealth Rock|p2a: Glimmora
|-sidestart|p2: Lukas21|move: Stealth Rock
|
|-damage|p1a: Blissey|46/100 psn|[from] psn
|upkeep
|turn|5
|
|t:|1779807907
|move|p2a: Glimmora|Mortal Spin|p1a: Blissey
|-damage|p1a: Blissey|40/100 psn
|-sideend|p2: Lukas21|Stealth Rock|[from] move: Mortal Spin|[of] p2a: Glimmora
|move|p1a: Blissey|Seismic Toss|p2a: Glimmora
|-damage|p2a: Glimmora|36/100
|-activate|p2a: Glimmora|ability: Toxic Debris
|-sidestart|p1: claudechamp|move: Toxic Spikes
|
|-damage|p1a: Blissey|27/100 psn|[from] psn
|upkeep
|turn|6
|
|t:|1779807925
|switch|p2a: Registeel|Registeel|100/100
|move|p1a: Blissey|Soft-Boiled|p1a: Blissey
|-heal|p1a: Blissey|77/100 psn
|
|-damage|p1a: Blissey|65/100 psn|[from] psn
|upkeep
|turn|7
|
|t:|1779807933
|move|p1a: Blissey|Stealth Rock|p2a: Registeel
|-sidestart|p2: Lukas21|move: Stealth Rock
|move|p2a: Registeel|Curse|p2a: Registeel
|-unboost|p2a: Registeel|spe|1
|-boost|p2a: Registeel|atk|1
|-boost|p2a: Registeel|def|1
|
|-damage|p1a: Blissey|52/100 psn|[from] psn
|upkeep
|turn|8
|
|t:|1779807940
|move|p1a: Blissey|Seismic Toss|p2a: Registeel
|-damage|p2a: Registeel|73/100
|move|p2a: Registeel|Curse|p2a: Registeel
|-unboost|p2a: Registeel|spe|1
|-boost|p2a: Registeel|atk|1
|-boost|p2a: Registeel|def|1
|
|-heal|p2a: Registeel|79/100|[from] item: Leftovers
|-damage|p1a: Blissey|40/100 psn|[from] psn
|upkeep
|turn|9
|
|t:|1779807951
|-curestatus|p1a: Blissey|psn|[from] ability: Natural Cure|[silent]
|switch|p1a: Gliscor|Gliscor, M|65/100 tox
|move|p2a: Registeel|Body Press|p1a: Gliscor
|-resisted|p1a: Gliscor
|-damage|p1a: Gliscor|44/100 tox
|
|-heal|p2a: Registeel|85/100|[from] item: Leftovers
|-heal|p1a: Gliscor|57/100 tox|[from] ability: Poison Heal
|upkeep
|turn|10
|
|t:|1779807961
|move|p1a: Gliscor|Earthquake|p2a: Registeel
|-supereffective|p2a: Registeel
|-damage|p2a: Registeel|63/100
|move|p2a: Registeel|Iron Head|p1a: Gliscor
|-damage|p1a: Gliscor|15/100 tox
|
|-heal|p2a: Registeel|69/100|[from] item: Leftovers
|-heal|p1a: Gliscor|27/100 tox|[from] ability: Poison Heal
|upkeep
|turn|11
|
|t:|1779807969
|move|p1a: Gliscor|Earthquake|p2a: Registeel
|-supereffective|p2a: Registeel
|-damage|p2a: Registeel|46/100
|move|p2a: Registeel|Curse|p2a: Registeel
|-unboost|p2a: Registeel|spe|1
|-boost|p2a: Registeel|atk|1
|-boost|p2a: Registeel|def|1
|
|-heal|p2a: Registeel|52/100|[from] item: Leftovers
|-heal|p1a: Gliscor|40/100 tox|[from] ability: Poison Heal
|upkeep
|turn|12
|
|t:|1779807982
|move|p1a: Gliscor|Earthquake|p2a: Registeel
|-supereffective|p2a: Registeel
|-damage|p2a: Registeel|35/100
|move|p2a: Registeel|Body Press|p1a: Gliscor
|-resisted|p1a: Gliscor
|-damage|p1a: Gliscor|16/100 tox
|
|-heal|p2a: Registeel|41/100|[from] item: Leftovers
|-heal|p1a: Gliscor|28/100 tox|[from] ability: Poison Heal
|upkeep
|turn|13
|
|t:|1779807990
|move|p1a: Gliscor|Earthquake|p2a: Registeel
|-supereffective|p2a: Registeel
|-crit|p2a: Registeel
|-damage|p2a: Registeel|0 fnt
|faint|p2a: Registeel
|
|-heal|p1a: Gliscor|41/100 tox|[from] ability: Poison Heal
|upkeep
|
|t:|1779807998
|switch|p2a: Eelektross|Eelektross, F|100/100
|-damage|p2a: Eelektross|88/100|[from] Stealth Rock
|turn|14
|
|t:|1779808001
|move|p1a: Gliscor|Spikes|p2a: Eelektross
|-sidestart|p2: Lukas21|Spikes
|move|p2a: Eelektross|Giga Drain|p1a: Gliscor
|-damage|p1a: Gliscor|23/100 tox
|-heal|p2a: Eelektross|99/100|[from] drain|[of] p1a: Gliscor
|
|-heal|p1a: Gliscor|35/100 tox|[from] ability: Poison Heal
|upkeep
|turn|15
|
|t:|1779808009
|switch|p1a: Ogerpon|Ogerpon, F|100/100
|move|p2a: Eelektross|Flamethrower|p1a: Ogerpon
|-supereffective|p1a: Ogerpon
|-damage|p1a: Ogerpon|33/100
|
|upkeep
|turn|16
|
|t:|1779808021
|move|p1a: Ogerpon|U-turn|p2a: Eelektross
|-damage|p2a: Eelektross|75/100
|
|t:|1779808027
|switch|p1a: Blissey|Blissey, F|40/100|[from] U-turn
|move|p2a: Eelektross|Flash Cannon|p1a: Blissey
|-damage|p1a: Blissey|32/100
|
|upkeep
|turn|17
|
|t:|1779808037
|move|p1a: Blissey|Seismic Toss|p2a: Eelektross
|-damage|p2a: Eelektross|43/100
|move|p2a: Eelektross|Discharge|p1a: Blissey
|-damage|p1a: Blissey|21/100
|-status|p1a: Blissey|par
|
|upkeep
|turn|18
|
|t:|1779808044
|move|p2a: Eelektross|Giga Drain|p1a: Blissey
|-damage|p1a: Blissey|14/100 par
|-heal|p2a: Eelektross|50/100|[from] drain|[of] p1a: Blissey
|move|p1a: Blissey|Soft-Boiled|p1a: Blissey
|-heal|p1a: Blissey|64/100 par
|
|upkeep
|turn|19
|
|t:|1779808055
|switch|p2a: Incineroar|Incineroar, F|100/100
|-ability|p2a: Incineroar|Intimidate|boost
|-unboost|p1a: Blissey|atk|1
|move|p1a: Blissey|Seismic Toss|p2a: Incineroar
|-damage|p2a: Incineroar|73/100
|
|upkeep
|turn|20
|
|t:|1779808062
|-curestatus|p1a: Blissey|par|[from] ability: Natural Cure|[silent]
|switch|p1a: Walking Wake|Walking Wake|100/100
|move|p2a: Incineroar|Darkest Lariat|p1a: Walking Wake
|-damage|p1a: Walking Wake|60/100
|
|upkeep
|turn|21
|
|t:|1779808072
|move|p1a: Walking Wake|Surf|p2a: Incineroar
|-supereffective|p2a: Incineroar
|-damage|p2a: Incineroar|0 fnt
|faint|p2a: Incineroar
|
|upkeep
|
|t:|1779808078
|switch|p2a: Hydrapple|Hydrapple, F|100/100
|-damage|p2a: Hydrapple|88/100|[from] Stealth Rock
|-damage|p2a: Hydrapple|76/100|[from] Spikes
|turn|22
|
|t:|1779808085
|-terastallize|p2a: Hydrapple|Ground
|move|p1a: Walking Wake|Draco Meteor|p2a: Hydrapple
|-damage|p2a: Hydrapple|22/100
|-unboost|p1a: Walking Wake|spa|2
|move|p2a: Hydrapple|Giga Drain|p1a: Walking Wake
|-damage|p1a: Walking Wake|12/100
|-heal|p2a: Hydrapple|45/100|[from] drain|[of] p1a: Walking Wake
|-damage|p2a: Hydrapple|35/100|[from] item: Life Orb
|
|upkeep
|turn|23
|
|t:|1779808095
|-end|p1a: Walking Wake|Protosynthesis|[silent]
|switch|p1a: Ogerpon|Ogerpon, F|33/100
|move|p2a: Hydrapple|Recover|p2a: Hydrapple
|-heal|p2a: Hydrapple|85/100
|
|upkeep
|turn|24
|
|t:|1779808108
|-terastallize|p1a: Ogerpon|Grass
|detailschange|p1a: Ogerpon|Ogerpon-Teal-Tera, F, tera:Grass
|-ability|p1a: Ogerpon|Embody Aspect (Teal)|boost
|-boost|p1a: Ogerpon|spe|1
|move|p1a: Ogerpon|Ivy Cudgel|p2a: Hydrapple
|-supereffective|p2a: Hydrapple
|-crit|p2a: Hydrapple
|-damage|p2a: Hydrapple|0 fnt
|faint|p2a: Hydrapple
|
|upkeep
|-message|Lukas21 forfeited.
|
|win|claudechamp
|raw|claudechamp's rating: 1306 &rarr; <strong>1324</strong><br />(+18 for winning)
|raw|Lukas21's rating: 1267 &rarr; <strong>1245</strong><br />(-22 for losing)
|c|☆claudechamp|gg
|l|☆Lukas21
|player|p2|
|l|☆claudechamp
|player|p1|
