|j|☆toukcalb
|j|☆Darkgreenie
|t:|1779859784
|gametype|singles
|player|p1|toukcalb|101|1388
|player|p2|Darkgreenie|cynthia-masters4|1472
|gen|9
|tier|[Gen 9] OU
|rated|
|rule|HP Percentage Mod: HP is shown in percentages
|rule|Endless Battle Clause: Forcing endless battles is banned
|rule|Species Clause: Limit one of each Pokémon
|rule|OHKO Clause: OHKO moves are banned
|rule|Evasion Items Clause: Evasion items are banned
|rule|Evasion Moves Clause: Evasion moves are banned
|rule|Evasion Abilities Clause: Evasion abilities are banned
|rule|Sleep Moves Clause: Sleep-inducing moves are banned
|clearpoke
|poke|p1|Dondozo, F|
|poke|p1|Raging Bolt|
|poke|p1|Ting-Lu|
|poke|p1|Hatterene, F|
|poke|p1|Corviknight, F|
|poke|p1|Cinderace, M|
|poke|p2|Hawlucha, F|
|poke|p2|Samurott-Hisui, F|
|poke|p2|Rillaboom, F|
|poke|p2|Gholdengo|
|poke|p2|Kyurem|
|poke|p2|Landorus-Therian, M|
|teampreview
|inactive|Battle timer is ON: inactive players will automatically lose when time's up. (requested by Darkgreenie)
|inactive|Darkgreenie has 120 seconds left.
|
|t:|1779859827
|teamsize|p1|6
|teamsize|p2|6
|start
|switch|p1a: Cinderace|Cinderace, M|100/100
|switch|p2a: Samurott|Samurott-Hisui, F|100/100
|turn|1
|
|t:|1779859838
|switch|p2a: Landorus|Landorus-Therian, M|100/100
|-ability|p2a: Landorus|Intimidate|boost
|-unboost|p1a: Cinderace|atk|1
|move|p1a: Cinderace|U-turn|p2a: Landorus
|-start|p1a: Cinderace|typechange|Bug|[from] ability: Libero
|-resisted|p2a: Landorus
|-damage|p2a: Landorus|84/100
|-damage|p1a: Cinderace|84/100|[from] item: Rocky Helmet|[of] p2a: Landorus
|
|t:|1779859851
|switch|p1a: Dondozo|Dondozo, F|100/100|[from] U-turn
|
|upkeep
|turn|2
|
|t:|1779859864
|move|p2a: Landorus|Earth Power|p1a: Dondozo
|-damage|p1a: Dondozo|79/100
|move|p1a: Dondozo|Liquidation|p2a: Landorus
|-supereffective|p2a: Landorus
|-crit|p2a: Landorus
|-damage|p2a: Landorus|0 fnt
|-damage|p1a: Dondozo|62/100|[from] item: Rocky Helmet|[of] p2a: Landorus
|faint|p2a: Landorus
|
|-heal|p1a: Dondozo|69/100|[from] item: Leftovers
|upkeep
|
|t:|1779859873
|switch|p2a: Kyurem|Kyurem|100/100
|-ability|p2a: Kyurem|Pressure
|turn|3
|
|t:|1779859886
|switch|p1a: Ting-Lu|Ting-Lu|100/100
|-ability|p1a: Ting-Lu|Vessel of Ruin
|move|p2a: Kyurem|Freeze-Dry|p1a: Ting-Lu
|-supereffective|p1a: Ting-Lu
|-damage|p1a: Ting-Lu|69/100
|
|-heal|p1a: Ting-Lu|75/100|[from] item: Leftovers
|upkeep
|turn|4
|
|t:|1779859896
|switch|p2a: Samurott|Samurott-Hisui, F|100/100
|move|p1a: Ting-Lu|Payback|p2a: Samurott
|-resisted|p2a: Samurott
|-damage|p2a: Samurott|90/100
|
|-heal|p1a: Ting-Lu|81/100|[from] item: Leftovers
|upkeep
|turn|5
|
|t:|1779859908
|switch|p1a: Corviknight|Corviknight, F, shiny|100/100
|-ability|p1a: Corviknight|Pressure
|move|p2a: Samurott|Ceaseless Edge|p1a: Corviknight
|-damage|p1a: Corviknight|73/100
|-damage|p2a: Samurott|74/100|[from] item: Rocky Helmet|[of] p1a: Corviknight
|-sidestart|p1: toukcalb|Spikes
|
|upkeep
|turn|6
|
|t:|1779859926
|move|p2a: Samurott|Knock Off|p1a: Corviknight
|-damage|p1a: Corviknight|46/100
|-damage|p2a: Samurott|57/100|[from] item: Rocky Helmet|[of] p1a: Corviknight
|-enditem|p1a: Corviknight|Rocky Helmet|[from] move: Knock Off|[of] p2a: Samurott
|move|p1a: Corviknight|Defog|p2a: Samurott
|-unboost|p2a: Samurott|evasion|1
|-sideend|p1: toukcalb|Spikes|[from] move: Defog|[of] p1a: Corviknight
|
|upkeep
|turn|7
|
|t:|1779859929
|move|p2a: Samurott|Ceaseless Edge|p1a: Corviknight|[miss]
|-miss|p2a: Samurott|p1a: Corviknight
|move|p1a: Corviknight|Body Press|p2a: Samurott
|-supereffective|p2a: Samurott
|-damage|p2a: Samurott|0 fnt
|faint|p2a: Samurott
|
|upkeep
|
|t:|1779859934
|switch|p2a: Kyurem|Kyurem|100/100
|-ability|p2a: Kyurem|Pressure
|turn|8
|
|t:|1779859944
|switch|p1a: Hatterene|Hatterene, F|100/100
|move|p2a: Kyurem|Ice Beam|p1a: Hatterene
|-damage|p1a: Hatterene|52/100
|
|-heal|p1a: Hatterene|58/100|[from] item: Leftovers
|upkeep
|turn|9
|
|t:|1779859958
|switch|p2a: Gholdengo|Gholdengo|100/100
|move|p1a: Hatterene|Draining Kiss|p2a: Gholdengo
|-resisted|p2a: Gholdengo
|-damage|p2a: Gholdengo|87/100
|-heal|p1a: Hatterene|68/100|[from] drain|[of] p2a: Gholdengo
|
|-heal|p1a: Hatterene|74/100|[from] item: Leftovers
|upkeep
|turn|10
|
|t:|1779859987
|switch|p1a: Ting-Lu|Ting-Lu|81/100
|-ability|p1a: Ting-Lu|Vessel of Ruin
|move|p2a: Gholdengo|Shadow Ball|p1a: Ting-Lu
|-resisted|p1a: Ting-Lu
|-damage|p1a: Ting-Lu|73/100
|
|-heal|p1a: Ting-Lu|79/100|[from] item: Leftovers
|upkeep
|turn|11
|
|t:|1779859997
|switch|p2a: Kyurem|Kyurem|100/100
|-ability|p2a: Kyurem|Pressure
|move|p1a: Ting-Lu|Payback|p2a: Kyurem
|-damage|p2a: Kyurem|84/100
|
|-heal|p1a: Ting-Lu|85/100|[from] item: Leftovers
|upkeep
|turn|12
|inactive|toukcalb has 120 seconds left.
|
|t:|1779860015
|move|p2a: Kyurem|Ice Beam|p1a: Ting-Lu
|-supereffective|p1a: Ting-Lu
|-damage|p1a: Ting-Lu|48/100
|move|p1a: Ting-Lu|Earthquake|p2a: Kyurem
|-damage|p2a: Kyurem|47/100
|
|-heal|p1a: Ting-Lu|54/100|[from] item: Leftovers
|upkeep
|turn|13
|inactive|toukcalb has 120 seconds left.
|
|t:|1779860027
|move|p2a: Kyurem|Focus Blast|p1a: Ting-Lu
|-supereffective|p1a: Ting-Lu
|-damage|p1a: Ting-Lu|18/100
|move|p1a: Ting-Lu|Earthquake|p2a: Kyurem
|-damage|p2a: Kyurem|8/100
|
|-heal|p1a: Ting-Lu|24/100|[from] item: Leftovers
|upkeep
|turn|14
|
|t:|1779860030
|move|p2a: Kyurem|Ice Beam|p1a: Ting-Lu
|-supereffective|p1a: Ting-Lu
|-damage|p1a: Ting-Lu|0 fnt
|faint|p1a: Ting-Lu
|
|upkeep
|
|t:|1779860033
|switch|p1a: Cinderace|Cinderace, M|84/100
|turn|15
|
|t:|1779860042
|move|p1a: Cinderace|Pyro Ball|p2a: Kyurem
|-damage|p2a: Kyurem|0 fnt
|faint|p2a: Kyurem
|
|upkeep
|
|t:|1779860044
|switch|p2a: Rillaboom|Rillaboom, F|100/100
|-fieldstart|move: Grassy Terrain|[from] ability: Grassy Surge|[of] p2a: Rillaboom
|turn|16
|
|t:|1779860051
|-terastallize|p2a: Rillaboom|Fire
|move|p1a: Cinderace|Pyro Ball|p2a: Rillaboom
|-resisted|p2a: Rillaboom
|-damage|p2a: Rillaboom|60/100
|move|p2a: Rillaboom|Swords Dance|p2a: Rillaboom
|-boost|p2a: Rillaboom|atk|2
|
|-heal|p1a: Cinderace|90/100|[from] Grassy Terrain
|-heal|p2a: Rillaboom|66/100|[from] Grassy Terrain
|upkeep
|turn|17
|
|t:|1779860062
|switch|p1a: Corviknight|Corviknight, F, shiny|46/100
|-ability|p1a: Corviknight|Pressure
|move|p2a: Rillaboom|Knock Off|p1a: Corviknight
|-damage|p1a: Corviknight|14/100
|
|-heal|p2a: Rillaboom|72/100|[from] Grassy Terrain
|upkeep
|turn|18
|
|t:|1779860069
|move|p2a: Rillaboom|Grassy Glide|p1a: Corviknight
|-resisted|p1a: Corviknight
|-damage|p1a: Corviknight|0 fnt
|faint|p1a: Corviknight
|
|-heal|p2a: Rillaboom|78/100|[from] Grassy Terrain
|upkeep
|
|t:|1779860076
|switch|p1a: Hatterene|Hatterene, F|74/100
|turn|19
|
|t:|1779860079
|switch|p1a: Raging Bolt|Raging Bolt|100/100
|move|p2a: Rillaboom|Wood Hammer|p1a: Raging Bolt
|-resisted|p1a: Raging Bolt
|-damage|p1a: Raging Bolt|48/100
|-damage|p2a: Rillaboom|57/100|[from] Recoil
|
|-heal|p2a: Rillaboom|63/100|[from] Grassy Terrain
|-heal|p1a: Raging Bolt|54/100|[from] Grassy Terrain
|-heal|p1a: Raging Bolt|60/100|[from] item: Leftovers
|upkeep
|turn|20
|
|t:|1779860093
|switch|p2a: Gholdengo|Gholdengo|87/100
|move|p1a: Raging Bolt|Protect||[still]
|-fail|p1a: Raging Bolt
|
|-heal|p2a: Gholdengo|93/100|[from] Grassy Terrain
|-heal|p1a: Raging Bolt|66/100|[from] Grassy Terrain
|-heal|p1a: Raging Bolt|73/100|[from] item: Leftovers
|-fieldend|move: Grassy Terrain
|upkeep
|turn|21
|
|t:|1779860101
|-end|p1a: Raging Bolt|Protosynthesis|[silent]
|switch|p1a: Dondozo|Dondozo, F|69/100
|move|p2a: Gholdengo|Trick|p1a: Dondozo
|-activate|p2a: Gholdengo|move: Trick|[of] p1a: Dondozo
|-item|p1a: Dondozo|Choice Scarf|[from] move: Trick
|-item|p2a: Gholdengo|Leftovers|[from] move: Trick
|
|-heal|p2a: Gholdengo|99/100|[from] item: Leftovers
|upkeep
|turn|22
|
|t:|1779860111
|move|p2a: Gholdengo|Shadow Ball|p1a: Dondozo
|-damage|p1a: Dondozo|42/100
|move|p1a: Dondozo|Liquidation|p2a: Gholdengo
|-damage|p2a: Gholdengo|67/100
|
|-heal|p2a: Gholdengo|73/100|[from] item: Leftovers
|upkeep
|turn|23
|
|t:|1779860117
|move|p2a: Gholdengo|Recover|p2a: Gholdengo
|-heal|p2a: Gholdengo|100/100
|move|p1a: Dondozo|Liquidation|p2a: Gholdengo
|-damage|p2a: Gholdengo|70/100
|
|-heal|p2a: Gholdengo|76/100|[from] item: Leftovers
|upkeep
|turn|24
|
|t:|1779860131
|move|p2a: Gholdengo|Shadow Ball|p1a: Dondozo
|-damage|p1a: Dondozo|16/100
|move|p1a: Dondozo|Liquidation|p2a: Gholdengo
|-damage|p2a: Gholdengo|42/100
|
|-heal|p2a: Gholdengo|48/100|[from] item: Leftovers
|upkeep
|turn|25
|
|t:|1779860137
|switch|p1a: Cinderace|Cinderace, M|90/100
|move|p2a: Gholdengo|Recover|p2a: Gholdengo
|-heal|p2a: Gholdengo|99/100
|
|-heal|p2a: Gholdengo|100/100|[from] item: Leftovers
|upkeep
|turn|26
|
|t:|1779860150
|move|p1a: Cinderace|Pyro Ball|p2a: Gholdengo
|-supereffective|p2a: Gholdengo
|-damage|p2a: Gholdengo|0 fnt
|faint|p2a: Gholdengo
|
|upkeep
|
|t:|1779860153
|switch|p2a: Rillaboom|Rillaboom, F, tera:Fire|63/100
|-fieldstart|move: Grassy Terrain|[from] ability: Grassy Surge|[of] p2a: Rillaboom
|turn|27
|
|t:|1779860160
|switch|p1a: Dondozo|Dondozo, F|16/100
|move|p2a: Rillaboom|Swords Dance|p2a: Rillaboom
|-boost|p2a: Rillaboom|atk|2
|
|-heal|p2a: Rillaboom|69/100|[from] Grassy Terrain
|-heal|p1a: Dondozo|22/100|[from] Grassy Terrain
|upkeep
|turn|28
|
|t:|1779860165
|move|p2a: Rillaboom|Grassy Glide|p1a: Dondozo
|-supereffective|p1a: Dondozo
|-damage|p1a: Dondozo|0 fnt
|faint|p1a: Dondozo
|
|-heal|p2a: Rillaboom|76/100|[from] Grassy Terrain
|upkeep
|
|t:|1779860168
|switch|p1a: Raging Bolt|Raging Bolt|73/100
|turn|29
|
|t:|1779860181
|move|p1a: Raging Bolt|Protect|p1a: Raging Bolt
|-singleturn|p1a: Raging Bolt|Protect
|move|p2a: Rillaboom|Wood Hammer|p1a: Raging Bolt
|-activate|p1a: Raging Bolt|move: Protect
|
|-heal|p2a: Rillaboom|82/100|[from] Grassy Terrain
|-heal|p1a: Raging Bolt|79/100|[from] Grassy Terrain
|-heal|p1a: Raging Bolt|85/100|[from] item: Leftovers
|upkeep
|turn|30
|
|t:|1779860190
|move|p2a: Rillaboom|Wood Hammer|p1a: Raging Bolt
|-resisted|p1a: Raging Bolt
|-damage|p1a: Raging Bolt|30/100
|-damage|p2a: Rillaboom|60/100|[from] Recoil
|move|p1a: Raging Bolt|Dragon Pulse|p2a: Rillaboom
|-damage|p2a: Rillaboom|12/100
|
|-heal|p2a: Rillaboom|18/100|[from] Grassy Terrain
|-heal|p1a: Raging Bolt|37/100|[from] Grassy Terrain
|-heal|p1a: Raging Bolt|43/100|[from] item: Leftovers
|upkeep
|turn|31
|
|t:|1779860194
|switch|p2a: Hawlucha|Hawlucha, F|100/100
|-enditem|p2a: Hawlucha|Grassy Seed
|-boost|p2a: Hawlucha|def|1|[from] item: Grassy Seed
|move|p1a: Raging Bolt|Thunderclap||[still]
|-fail|p1a: Raging Bolt
|
|-heal|p1a: Raging Bolt|49/100|[from] Grassy Terrain
|-heal|p1a: Raging Bolt|55/100|[from] item: Leftovers
|-fieldend|move: Grassy Terrain
|upkeep
|turn|32
|
|t:|1779860200
|move|p2a: Hawlucha|Acrobatics|p1a: Raging Bolt
|-resisted|p1a: Raging Bolt
|-damage|p1a: Raging Bolt|39/100
|move|p1a: Raging Bolt|Dragon Pulse|p2a: Hawlucha
|-damage|p2a: Hawlucha|38/100
|
|-heal|p1a: Raging Bolt|45/100|[from] item: Leftovers
|upkeep
|turn|33
|
|t:|1779860204
|move|p1a: Raging Bolt|Thunderclap||[still]
|-fail|p1a: Raging Bolt
|move|p2a: Hawlucha|Swords Dance|p2a: Hawlucha
|-boost|p2a: Hawlucha|atk|2
|
|-heal|p1a: Raging Bolt|51/100|[from] item: Leftovers
|upkeep
|turn|34
|
|t:|1779860206
|move|p2a: Hawlucha|Low Kick|p1a: Raging Bolt
|-damage|p1a: Raging Bolt|0 fnt
|faint|p1a: Raging Bolt
|-end|p1a: Raging Bolt|Protosynthesis|[silent]
|
|upkeep
|
|t:|1779860208
|switch|p1a: Hatterene|Hatterene, F|74/100
|turn|35
|
|t:|1779860210
|move|p2a: Hawlucha|Acrobatics|p1a: Hatterene
|-damage|p1a: Hatterene|0 fnt
|faint|p1a: Hatterene
|
|upkeep
|
|t:|1779860213
|switch|p1a: Cinderace|Cinderace, M|90/100
|turn|36
|
|t:|1779860215
|move|p2a: Hawlucha|Acrobatics|p1a: Cinderace
|-damage|p1a: Cinderace|0 fnt
|faint|p1a: Cinderace
|
|win|Darkgreenie
|raw|toukcalb's rating: 1388 &rarr; <strong>1373</strong><br />(-15 for losing)
|raw|Darkgreenie's rating: 1472 &rarr; <strong>1487</strong><br />(+15 for winning)
|l|☆toukcalb
|player|p1|
|l|☆Darkgreenie
|player|p2|
