|j|☆Jeaph
|j|☆Frogadd55
|t:|1779893013
|gametype|singles
|player|p1|Jeaph|beauty-gen4dp|1311
|player|p2|Frogadd55|cress|1271
|gen|9
|tier|[Gen 9] OU
|rated|
|rule|HP Percentage Mod: HP is shown in percentages
|rule|Endless Battle Clause: Forcing endless battles is banned
|rule|Species Clause: Limit one of each Pokémon
|rule|OHKO Clause: OHKO moves are banned
|rule|Evasion Items Clause: Evasion items are banned
|rule|Evasion Moves Clause: Evasion moves are banned
|rule|Evasion Abilities Clause: Evasion abilities are banned
|rule|Sleep Moves Clause: Sleep-inducing moves are banned
|clearpoke
|poke|p1|Drifblim, M|
|poke|p1|Iron Treads|
|poke|p1|Amoonguss, M|
|poke|p1|Blaziken, M|
|poke|p1|Espeon, F|
|poke|p1|Alomomola, F|
|poke|p2|Smeargle, M|
|poke|p2|Gholdengo|
|poke|p2|Deoxys-Speed|
|poke|p2|Zamazenta-*|
|poke|p2|Samurott-Hisui, M|
|poke|p2|Toxtricity, M|
|teampreview
|
|t:|1779893026
|teamsize|p1|6
|teamsize|p2|6
|start
|switch|p1a: Rowland|Iron Treads|100/100
|switch|p2a: Samurott|Samurott-Hisui, M|100/100
|-enditem|p1a: Rowland|Booster Energy
|-activate|p1a: Rowland|ability: Quark Drive|[fromitem]
|-start|p1a: Rowland|quarkdrivespe
|turn|1
|
|t:|1779893037
|move|p1a: Rowland|Earthquake|p2a: Samurott
|-damage|p2a: Samurott|47/100
|move|p2a: Samurott|Ceaseless Edge|p1a: Rowland|[miss]
|-miss|p2a: Samurott|p1a: Rowland
|
|upkeep
|turn|2
|
|t:|1779893043
|move|p1a: Rowland|Earthquake|p2a: Samurott
|-damage|p2a: Samurott|0 fnt
|faint|p2a: Samurott
|
|upkeep
|
|t:|1779893048
|switch|p2a: Zamazenta|Zamazenta|100/100
|-ability|p2a: Zamazenta|Dauntless Shield|boost
|-boost|p2a: Zamazenta|def|1
|turn|3
|
|t:|1779893063
|-end|p1a: Rowland|Quark Drive|[silent]
|switch|p1a: Hornella|Alomomola, F|100/100
|move|p2a: Zamazenta|Iron Defense|p2a: Zamazenta
|-boost|p2a: Zamazenta|def|2
|
|upkeep
|turn|4
|
|t:|1779893075
|move|p2a: Zamazenta|Iron Defense|p2a: Zamazenta
|-boost|p2a: Zamazenta|def|2
|move|p1a: Hornella|Flip Turn|p2a: Zamazenta
|-damage|p2a: Zamazenta|96/100
|
|t:|1779893080
|switch|p1a: Wileed|Drifblim, M, shiny|100/100|[from] Flip Turn
|
|-heal|p2a: Zamazenta|100/100|[from] item: Leftovers
|upkeep
|turn|5
|
|t:|1779893086
|move|p1a: Wileed|Will-O-Wisp|p2a: Zamazenta
|-status|p2a: Zamazenta|brn
|move|p2a: Zamazenta|Roar|p1a: Wileed
|drag|p1a: Alvin|Espeon, F|100/100
|
|-damage|p2a: Zamazenta|94/100 brn|[from] brn
|upkeep
|turn|6
|
|t:|1779893095
|move|p1a: Alvin|Protect|p1a: Alvin
|-singleturn|p1a: Alvin|Protect
|move|p2a: Zamazenta|Body Press|p1a: Alvin
|-activate|p1a: Alvin|move: Protect
|
|-heal|p2a: Zamazenta|100/100 brn|[from] item: Leftovers
|-damage|p2a: Zamazenta|94/100 brn|[from] brn
|upkeep
|turn|7
|
|t:|1779893101
|switch|p1a: Wileed|Drifblim, M, shiny|100/100
|move|p2a: Zamazenta|Body Press|p1a: Wileed
|-immune|p1a: Wileed
|
|-heal|p2a: Zamazenta|100/100 brn|[from] item: Leftovers
|-damage|p2a: Zamazenta|94/100 brn|[from] brn
|upkeep
|turn|8
|
|t:|1779893111
|move|p2a: Zamazenta|Heavy Slam|p1a: Wileed
|-damage|p1a: Wileed|76/100
|move|p1a: Wileed|Hex|p2a: Zamazenta
|-damage|p2a: Zamazenta|52/100 brn
|
|-heal|p2a: Zamazenta|58/100 brn|[from] item: Leftovers
|-damage|p2a: Zamazenta|52/100 brn|[from] brn
|upkeep
|turn|9
|-message|Frogadd55 forfeited.
|
|win|Jeaph
|raw|Jeaph's rating: 1311 &rarr; <strong>1329</strong><br />(+18 for winning)
|raw|Frogadd55's rating: 1271 &rarr; <strong>1249</strong><br />(-22 for losing)
|l|☆Frogadd55
|player|p2|
|l|☆Jeaph
|player|p1|
