|j|☆rasb
|j|☆PowPowP0WER
|t:|1779816743
|gametype|singles
|player|p1|rasb|169|1463
|player|p2|PowPowP0WER|pokemonbreederf-gen4|1487
|gen|9
|tier|[Gen 9] OU
|rated|
|rule|HP Percentage Mod: HP is shown in percentages
|rule|Endless Battle Clause: Forcing endless battles is banned
|rule|Species Clause: Limit one of each Pokémon
|rule|OHKO Clause: OHKO moves are banned
|rule|Evasion Items Clause: Evasion items are banned
|rule|Evasion Moves Clause: Evasion moves are banned
|rule|Evasion Abilities Clause: Evasion abilities are banned
|rule|Sleep Moves Clause: Sleep-inducing moves are banned
|clearpoke
|poke|p1|Ceruledge, F|
|poke|p1|Raging Bolt|
|poke|p1|Ogerpon-Wellspring, F|
|poke|p1|Darkrai|
|poke|p1|Great Tusk|
|poke|p1|Gholdengo|
|poke|p2|Rillaboom, M|
|poke|p2|Incineroar, F|
|poke|p2|Hawlucha, M|
|poke|p2|Iron Hands|
|poke|p2|Hoopa-Unbound|
|poke|p2|Quaquaval, F|
|teampreview
|inactive|Battle timer is ON: inactive players will automatically lose when time's up. (requested by rasb)
|
|t:|1779816769
|teamsize|p1|6
|teamsize|p2|6
|start
|switch|p1a: Ceruledge|Ceruledge, F|100/100
|switch|p2a: Rillaboom|Rillaboom, M|100/100
|-fieldstart|move: Grassy Terrain|[from] ability: Grassy Surge|[of] p2a: Rillaboom
|turn|1
|
|t:|1779816773
|switch|p2a: Incineroar|Incineroar, F|100/100
|-ability|p2a: Incineroar|Intimidate|boost
|-unboost|p1a: Ceruledge|atk|1
|move|p1a: Ceruledge|Swords Dance|p1a: Ceruledge
|-boost|p1a: Ceruledge|atk|2
|
|upkeep
|turn|2
|
|t:|1779816777
|move|p1a: Ceruledge|Swords Dance|p1a: Ceruledge
|-boost|p1a: Ceruledge|atk|2
|move|p2a: Incineroar|Parting Shot|p1a: Ceruledge
|-unboost|p1a: Ceruledge|atk|1
|-unboost|p1a: Ceruledge|spa|1
|
|t:|1779816780
|switch|p2a: Iron Hands|Iron Hands|100/100|[from] Parting Shot
|-enditem|p2a: Iron Hands|Booster Energy
|-activate|p2a: Iron Hands|ability: Quark Drive|[fromitem]
|-start|p2a: Iron Hands|quarkdriveatk
|
|upkeep
|turn|3
|
|t:|1779816790
|switch|p1a: Great Tusk|Great Tusk|100/100
|move|p2a: Iron Hands|Supercell Slam|p1a: Great Tusk
|-immune|p1a: Great Tusk
|-damage|p2a: Iron Hands|51/100|[from] supercellslam
|
|-heal|p2a: Iron Hands|57/100|[from] Grassy Terrain
|upkeep
|turn|4
|
|t:|1779816795
|move|p1a: Great Tusk|Stealth Rock|p2a: Iron Hands
|-sidestart|p2: PowPowP0WER|move: Stealth Rock
|move|p2a: Iron Hands|Ice Punch|p1a: Great Tusk
|-supereffective|p1a: Great Tusk
|-damage|p1a: Great Tusk|59/100
|-damage|p2a: Iron Hands|40/100|[from] item: Rocky Helmet|[of] p1a: Great Tusk
|
|-heal|p1a: Great Tusk|65/100|[from] Grassy Terrain
|-heal|p2a: Iron Hands|46/100|[from] Grassy Terrain
|upkeep
|turn|5
|
|t:|1779816799
|move|p1a: Great Tusk|Headlong Rush|p2a: Iron Hands
|-supereffective|p2a: Iron Hands
|-damage|p2a: Iron Hands|0 fnt
|-unboost|p1a: Great Tusk|def|1
|-unboost|p1a: Great Tusk|spd|1
|faint|p2a: Iron Hands
|-end|p2a: Iron Hands|Quark Drive|[silent]
|
|-heal|p1a: Great Tusk|71/100|[from] Grassy Terrain
|-fieldend|move: Grassy Terrain
|upkeep
|
|t:|1779816801
|switch|p2a: Incineroar|Incineroar, F|100/100
|-damage|p2a: Incineroar|76/100|[from] Stealth Rock
|-ability|p2a: Incineroar|Intimidate|boost
|-unboost|p1a: Great Tusk|atk|1
|turn|6
|
|t:|1779816806
|move|p1a: Great Tusk|Headlong Rush|p2a: Incineroar
|-supereffective|p2a: Incineroar
|-damage|p2a: Incineroar|19/100
|-unboost|p1a: Great Tusk|def|1
|-unboost|p1a: Great Tusk|spd|1
|move|p2a: Incineroar|Knock Off|p1a: Great Tusk
|-resisted|p1a: Great Tusk
|-damage|p1a: Great Tusk|49/100
|-damage|p2a: Incineroar|2/100|[from] item: Rocky Helmet|[of] p1a: Great Tusk
|-enditem|p1a: Great Tusk|Rocky Helmet|[from] move: Knock Off|[of] p2a: Incineroar
|
|-heal|p2a: Incineroar|8/100|[from] item: Leftovers
|upkeep
|turn|7
|
|t:|1779816810
|move|p1a: Great Tusk|Headlong Rush|p2a: Incineroar
|-supereffective|p2a: Incineroar
|-damage|p2a: Incineroar|0 fnt
|-unboost|p1a: Great Tusk|def|1
|-unboost|p1a: Great Tusk|spd|1
|faint|p2a: Incineroar
|
|upkeep
|
|t:|1779816812
|switch|p2a: Quaquaval|Quaquaval, F|100/100
|turn|8
|
|t:|1779816818
|-end|p1a: Great Tusk|Protosynthesis|[silent]
|switch|p1a: Ogerpon|Ogerpon-Wellspring, F|100/100
|move|p2a: Quaquaval|Rapid Spin|p1a: Ogerpon
|-damage|p1a: Ogerpon|78/100
|-boost|p2a: Quaquaval|spe|1
|-sideend|p2: PowPowP0WER|Stealth Rock|[from] move: Rapid Spin|[of] p2a: Quaquaval
|
|upkeep
|turn|9
|
|t:|1779816823
|move|p2a: Quaquaval|U-turn|p1a: Ogerpon
|-supereffective|p1a: Ogerpon
|-damage|p1a: Ogerpon|19/100
|
|t:|1779816824
|switch|p2a: Rillaboom|Rillaboom, M|100/100|[from] U-turn
|-fieldstart|move: Grassy Terrain|[from] ability: Grassy Surge|[of] p2a: Rillaboom
|move|p1a: Ogerpon|Power Whip|p2a: Rillaboom|[miss]
|-miss|p1a: Ogerpon|p2a: Rillaboom
|
|-heal|p1a: Ogerpon|25/100|[from] Grassy Terrain
|upkeep
|turn|10
|
|t:|1779816847
|switch|p1a: Great Tusk|Great Tusk|49/100
|move|p2a: Rillaboom|Grassy Glide|p1a: Great Tusk
|-supereffective|p1a: Great Tusk
|-damage|p1a: Great Tusk|0 fnt
|faint|p1a: Great Tusk
|-end|p1a: Great Tusk|Protosynthesis|[silent]
|
|upkeep
|
|t:|1779816850
|switch|p1a: Ceruledge|Ceruledge, F|100/100
|turn|11
|
|t:|1779816853
|move|p2a: Rillaboom|Grassy Glide|p1a: Ceruledge
|-resisted|p1a: Ceruledge
|-damage|p1a: Ceruledge|57/100
|-ability|p1a: Ceruledge|Weak Armor|boost
|-unboost|p1a: Ceruledge|def|1
|-boost|p1a: Ceruledge|spe|2
|move|p1a: Ceruledge|Bitter Blade|p2a: Rillaboom
|-supereffective|p2a: Rillaboom
|-damage|p2a: Rillaboom|0 fnt
|-heal|p1a: Ceruledge|100/100|[from] drain|[of] p2a: Rillaboom
|faint|p2a: Rillaboom
|
|upkeep
|
|t:|1779816857
|switch|p2a: Hawlucha|Hawlucha, M|100/100
|-enditem|p2a: Hawlucha|Grassy Seed
|-boost|p2a: Hawlucha|def|1|[from] item: Grassy Seed
|turn|12
|
|t:|1779816866
|-terastallize|p1a: Ceruledge|Steel
|move|p2a: Hawlucha|Acrobatics|p1a: Ceruledge
|-resisted|p1a: Ceruledge
|-damage|p1a: Ceruledge|49/100
|-ability|p1a: Ceruledge|Weak Armor|boost
|-unboost|p1a: Ceruledge|def|1
|-boost|p1a: Ceruledge|spe|2
|move|p1a: Ceruledge|Swords Dance|p1a: Ceruledge
|-boost|p1a: Ceruledge|atk|2
|
|-heal|p1a: Ceruledge|55/100|[from] Grassy Terrain
|upkeep
|turn|13
|
|t:|1779816874
|move|p1a: Ceruledge|Bitter Blade|p2a: Hawlucha
|-damage|p2a: Hawlucha|14/100
|-heal|p1a: Ceruledge|100/100|[from] drain|[of] p2a: Hawlucha
|move|p2a: Hawlucha|Close Combat|p1a: Ceruledge
|-supereffective|p1a: Ceruledge
|-damage|p1a: Ceruledge|0 fnt
|-unboost|p2a: Hawlucha|def|1
|-unboost|p2a: Hawlucha|spd|1
|faint|p1a: Ceruledge
|
|-fieldend|move: Grassy Terrain
|upkeep
|
|t:|1779816881
|switch|p1a: Darkrai|Darkrai|100/100
|turn|14
|
|t:|1779816884
|switch|p1a: Gholdengo|Gholdengo|100/100
|-item|p1a: Gholdengo|Air Balloon
|move|p2a: Hawlucha|Close Combat|p1a: Gholdengo
|-immune|p1a: Gholdengo
|
|upkeep
|turn|15
|
|t:|1779816888
|move|p2a: Hawlucha|Acrobatics|p1a: Gholdengo
|-resisted|p1a: Gholdengo
|-damage|p1a: Gholdengo|73/100
|-enditem|p1a: Gholdengo|Air Balloon
|move|p1a: Gholdengo|Shadow Ball|p2a: Hawlucha
|-damage|p2a: Hawlucha|0 fnt
|faint|p2a: Hawlucha
|
|upkeep
|
|t:|1779816890
|switch|p2a: Quaquaval|Quaquaval, F|100/100
|turn|16
|
|t:|1779816894
|move|p2a: Quaquaval|U-turn|p1a: Gholdengo
|-resisted|p1a: Gholdengo
|-damage|p1a: Gholdengo|67/100
|
|t:|1779816896
|switch|p2a: Hoopa|Hoopa-Unbound|100/100|[from] U-turn
|move|p1a: Gholdengo|Thunder Wave|p2a: Hoopa
|-status|p2a: Hoopa|par
|
|upkeep
|turn|17
|
|t:|1779816904
|switch|p1a: Raging Bolt|Raging Bolt|100/100
|move|p2a: Hoopa|Dark Pulse|p1a: Raging Bolt
|-damage|p1a: Raging Bolt|63/100
|
|-heal|p1a: Raging Bolt|69/100|[from] item: Leftovers
|upkeep
|turn|18
|
|t:|1779816907
|move|p1a: Raging Bolt|Thunderbolt|p2a: Hoopa
|-damage|p2a: Hoopa|75/100 par
|move|p2a: Hoopa|Dark Pulse|p1a: Raging Bolt
|-damage|p1a: Raging Bolt|30/100
|
|-heal|p1a: Raging Bolt|37/100|[from] item: Leftovers
|upkeep
|turn|19
|
|t:|1779816909
|move|p1a: Raging Bolt|Thunderbolt|p2a: Hoopa
|-damage|p2a: Hoopa|53/100 par
|move|p2a: Hoopa|Dark Pulse|p1a: Raging Bolt
|-damage|p1a: Raging Bolt|0 fnt
|faint|p1a: Raging Bolt
|-end|p1a: Raging Bolt|Protosynthesis|[silent]
|
|upkeep
|
|t:|1779816912
|switch|p1a: Ogerpon|Ogerpon-Wellspring, F|25/100
|turn|20
|
|t:|1779816915
|move|p1a: Ogerpon|Ivy Cudgel|p2a: Hoopa|[anim] Ivy Cudgel Water
|-damage|p2a: Hoopa|0 fnt
|faint|p2a: Hoopa
|
|upkeep
|
|t:|1779816917
|switch|p2a: Quaquaval|Quaquaval, F|100/100
|turn|21
|
|t:|1779816920
|-terastallize|p2a: Quaquaval|Steel
|move|p1a: Ogerpon|Power Whip|p2a: Quaquaval
|-resisted|p2a: Quaquaval
|-damage|p2a: Quaquaval|53/100
|move|p2a: Quaquaval|Rapid Spin|p1a: Ogerpon
|-damage|p1a: Ogerpon|2/100
|-boost|p2a: Quaquaval|spe|1
|
|upkeep
|turn|22
|
|t:|1779816926
|move|p2a: Quaquaval|Rapid Spin|p1a: Ogerpon
|-damage|p1a: Ogerpon|0 fnt
|-boost|p2a: Quaquaval|spe|1
|faint|p1a: Ogerpon
|-ability|p2a: Quaquaval|Moxie|boost
|-boost|p2a: Quaquaval|atk|1
|
|upkeep
|
|t:|1779816933
|switch|p1a: Gholdengo|Gholdengo|67/100
|turn|23
|
|t:|1779816938
|move|p2a: Quaquaval|Aqua Step|p1a: Gholdengo
|-damage|p1a: Gholdengo|0 fnt
|-boost|p2a: Quaquaval|spe|1
|faint|p1a: Gholdengo
|-ability|p2a: Quaquaval|Moxie|boost
|-boost|p2a: Quaquaval|atk|1
|
|upkeep
|
|t:|1779816942
|switch|p1a: Darkrai|Darkrai|100/100
|turn|24
|
|t:|1779816948
|move|p2a: Quaquaval|U-turn|p1a: Darkrai
|-supereffective|p1a: Darkrai
|-damage|p1a: Darkrai|0 fnt
|faint|p1a: Darkrai
|
|win|PowPowP0WER
|raw|rasb's rating: 1463 &rarr; <strong>1444</strong><br />(-19 for losing)
|raw|PowPowP0WER's rating: 1487 &rarr; <strong>1506</strong><br />(+19 for winning)
|l|☆rasb
|player|p1|
|l|☆PowPowP0WER
|player|p2|
