|j|☆argadini
|j|☆blah0blah1blah2
|t:|1779890610
|gametype|singles
|player|p1|argadini|scott|1419
|player|p2|blah0blah1blah2|266|1396
|gen|9
|tier|[Gen 9] OU
|rated|
|rule|HP Percentage Mod: HP is shown in percentages
|rule|Endless Battle Clause: Forcing endless battles is banned
|rule|Species Clause: Limit one of each Pokémon
|rule|OHKO Clause: OHKO moves are banned
|rule|Evasion Items Clause: Evasion items are banned
|rule|Evasion Moves Clause: Evasion moves are banned
|rule|Evasion Abilities Clause: Evasion abilities are banned
|rule|Sleep Moves Clause: Sleep-inducing moves are banned
|clearpoke
|poke|p1|Zapdos|
|poke|p1|Iron Treads|
|poke|p1|Samurott-Hisui, F|
|poke|p1|Ceruledge, M|
|poke|p1|Gholdengo|
|poke|p1|Kingambit, M|
|poke|p2|Regidrago|
|poke|p2|Regieleki|
|poke|p2|Iron Treads|
|poke|p2|Primarina, M|
|poke|p2|Azelf|
|poke|p2|Skarmory, F|
|teampreview
|inactive|Battle timer is ON: inactive players will automatically lose when time's up. (requested by blah0blah1blah2)
|
|t:|1779890615
|teamsize|p1|6
|teamsize|p2|6
|start
|switch|p1a: Samurott|Samurott-Hisui, F|100/100
|switch|p2a: Skarmory|Skarmory, F|100/100
|turn|1
|
|t:|1779890619
|move|p1a: Samurott|Knock Off|p2a: Skarmory
|-damage|p2a: Skarmory|76/100
|-damage|p1a: Samurott|84/100|[from] item: Rocky Helmet|[of] p2a: Skarmory
|-enditem|p2a: Skarmory|Rocky Helmet|[from] move: Knock Off|[of] p1a: Samurott
|move|p2a: Skarmory|Spikes|p1a: Samurott
|-sidestart|p1: argadini|Spikes
|
|upkeep
|turn|2
|
|t:|1779890629
|move|p1a: Samurott|Ceaseless Edge|p2a: Skarmory
|-damage|p2a: Skarmory|50/100
|-sidestart|p2: blah0blah1blah2|Spikes
|move|p2a: Skarmory|Spikes|p1a: Samurott
|-sidestart|p1: argadini|Spikes
|
|upkeep
|turn|3
|
|t:|1779890639
|move|p1a: Samurott|Ceaseless Edge|p2a: Skarmory
|-damage|p2a: Skarmory|26/100
|-sidestart|p2: blah0blah1blah2|Spikes
|move|p2a: Skarmory|Roost|p2a: Skarmory
|-heal|p2a: Skarmory|76/100
|-singleturn|p2a: Skarmory|move: Roost
|
|upkeep
|turn|4
|
|t:|1779890644
|move|p1a: Samurott|Ceaseless Edge|p2a: Skarmory
|-damage|p2a: Skarmory|50/100
|-sidestart|p2: blah0blah1blah2|Spikes
|move|p2a: Skarmory|Body Press|p1a: Samurott
|-supereffective|p1a: Samurott
|-damage|p1a: Samurott|20/100
|
|upkeep
|turn|5
|
|t:|1779890653
|move|p1a: Samurott|Razor Shell|p2a: Skarmory
|-damage|p2a: Skarmory|23/100
|move|p2a: Skarmory|Spikes|p1a: Samurott
|-sidestart|p1: argadini|Spikes
|
|upkeep
|turn|6
|
|t:|1779890670
|switch|p2a: Azelf|Azelf|100/100
|move|p1a: Samurott|Razor Shell|p2a: Azelf
|-damage|p2a: Azelf|31/100
|-unboost|p2a: Azelf|def|1
|
|upkeep
|turn|7
|
|t:|1779890679
|move|p2a: Azelf|U-turn|p1a: Samurott
|-supereffective|p1a: Samurott
|-damage|p1a: Samurott|0 fnt
|faint|p1a: Samurott
|
|t:|1779890692
|switch|p2a: Iron Treads|Iron Treads|100/100|[from] U-turn
|-damage|p2a: Iron Treads|76/100|[from] Spikes
|
|upkeep
|
|t:|1779890694
|switch|p1a: Ceruledge|Ceruledge, M|100/100
|turn|8
|
|t:|1779890705
|-terastallize|p1a: Ceruledge|Fairy
|move|p2a: Iron Treads|Knock Off|p1a: Ceruledge
|-resisted|p1a: Ceruledge
|-damage|p1a: Ceruledge|87/100
|-ability|p1a: Ceruledge|Weak Armor|boost
|-unboost|p1a: Ceruledge|def|1
|-boost|p1a: Ceruledge|spe|2
|-enditem|p1a: Ceruledge|Heavy-Duty Boots|[from] move: Knock Off|[of] p2a: Iron Treads
|-enditem|p2a: Iron Treads|Mirror Herb
|-boost|p2a: Iron Treads|spe|2|[from] item: Mirror Herb
|move|p1a: Ceruledge|Bitter Blade|p2a: Iron Treads
|-supereffective|p2a: Iron Treads
|-damage|p2a: Iron Treads|0 fnt
|-heal|p1a: Ceruledge|100/100|[from] drain|[of] p2a: Iron Treads
|faint|p2a: Iron Treads
|-end|p2a: Iron Treads|Quark Drive|[silent]
|
|upkeep
|
|t:|1779890727
|switch|p2a: Primarina|Primarina, M|100/100
|-damage|p2a: Primarina|75/100|[from] Spikes
|turn|9
|
|t:|1779890732
|move|p1a: Ceruledge|Poltergeist|p2a: Primarina|[miss]
|-miss|p1a: Ceruledge|p2a: Primarina
|move|p2a: Primarina|Moonblast|p1a: Ceruledge
|-damage|p1a: Ceruledge|49/100
|
|upkeep
|turn|10
|
|t:|1779890739
|move|p1a: Ceruledge|Poltergeist|p2a: Primarina
|-activate|p2a: Primarina|move: Poltergeist|Assault Vest
|-damage|p2a: Primarina|4/100
|move|p2a: Primarina|Moonblast|p1a: Ceruledge
|-damage|p1a: Ceruledge|0 fnt
|faint|p1a: Ceruledge
|
|upkeep
|
|t:|1779890744
|switch|p1a: Iron Treads|Iron Treads|100/100
|-damage|p1a: Iron Treads|76/100|[from] Spikes
|turn|11
|
|t:|1779890752
|switch|p2a: Azelf|Azelf|31/100
|move|p1a: Iron Treads|Rapid Spin|p2a: Azelf
|-damage|p2a: Azelf|8/100
|-boost|p1a: Iron Treads|spe|1
|-sideend|p1: argadini|Spikes|[from] move: Rapid Spin|[of] p1a: Iron Treads
|
|-heal|p1a: Iron Treads|82/100|[from] item: Leftovers
|upkeep
|turn|12
|
|t:|1779890761
|move|p1a: Iron Treads|Stealth Rock|p2a: Azelf
|-sidestart|p2: blah0blah1blah2|move: Stealth Rock
|move|p2a: Azelf|Trick|p1a: Iron Treads
|-activate|p2a: Azelf|move: Trick|[of] p1a: Iron Treads
|-item|p1a: Iron Treads|Ring Target|[from] move: Trick
|-item|p2a: Azelf|Leftovers|[from] move: Trick
|
|-heal|p2a: Azelf|14/100|[from] item: Leftovers
|upkeep
|turn|13
|
|t:|1779890767
|move|p1a: Iron Treads|Knock Off|p2a: Azelf
|-supereffective|p2a: Azelf
|-damage|p2a: Azelf|0 fnt
|-enditem|p2a: Azelf|Leftovers|[from] move: Knock Off|[of] p1a: Iron Treads
|faint|p2a: Azelf
|
|upkeep
|
|t:|1779890776
|switch|p2a: Regieleki|Regieleki|100/100
|-damage|p2a: Regieleki|76/100|[from] Spikes
|-damage|p2a: Regieleki|63/100|[from] Stealth Rock
|turn|14
|
|t:|1779890785
|-terastallize|p2a: Regieleki|Electric
|move|p2a: Regieleki|Thunderbolt|p1a: Iron Treads
|-damage|p1a: Iron Treads|0 fnt
|faint|p1a: Iron Treads
|-end|p1a: Iron Treads|Quark Drive|[silent]
|-damage|p2a: Regieleki|53/100|[from] item: Life Orb
|
|upkeep
|
|t:|1779890788
|switch|p1a: Kingambit|Kingambit, M|100/100
|-activate|p1a: Kingambit|ability: Supreme Overlord
|-start|p1a: Kingambit|fallen3|[silent]
|turn|15
|
|t:|1779890791
|switch|p2a: Primarina|Primarina, M|4/100
|-damage|p2a: Primarina|0 fnt|[from] Spikes
|faint|p2a: Primarina
|move|p1a: Kingambit|Sucker Punch|p2: Primarina|[notarget]
|-fail|p1a: Kingambit
|
|upkeep
|
|t:|1779890795
|switch|p2a: Skarmory|Skarmory, F|23/100
|-damage|p2a: Skarmory|11/100|[from] Stealth Rock
|turn|16
|
|t:|1779890800
|move|p1a: Kingambit|Low Kick|p2a: Skarmory
|-damage|p2a: Skarmory|0 fnt
|faint|p2a: Skarmory
|
|upkeep
|
|t:|1779890804
|switch|p2a: Regidrago|Regidrago|100/100
|-damage|p2a: Regidrago|76/100|[from] Spikes
|-damage|p2a: Regidrago|63/100|[from] Stealth Rock
|turn|17
|
|t:|1779890812
|move|p2a: Regidrago|Draco Meteor|p1a: Kingambit
|-resisted|p1a: Kingambit
|-damage|p1a: Kingambit|51/100
|-unboost|p2a: Regidrago|spa|2
|move|p1a: Kingambit|Iron Head|p2a: Regidrago
|-damage|p2a: Regidrago|1/100
|
|-heal|p1a: Kingambit|57/100|[from] item: Leftovers
|upkeep
|turn|18
|
|t:|1779890817
|move|p1a: Kingambit|Sucker Punch|p2a: Regidrago
|-damage|p2a: Regidrago|0 fnt
|faint|p2a: Regidrago
|
|-heal|p1a: Kingambit|63/100|[from] item: Leftovers
|upkeep
|-message|blah0blah1blah2 forfeited.
|
|win|argadini
|raw|argadini's rating: 1419 &rarr; <strong>1438</strong><br />(+19 for winning)
|raw|blah0blah1blah2's rating: 1396 &rarr; <strong>1377</strong><br />(-19 for losing)
|l|☆blah0blah1blah2
|player|p2|
|l|☆argadini
|player|p1|
