|j|☆My14thDamAccount
|j|☆sp1tf1r3
|t:|1779812696
|gametype|singles
|player|p1|My14thDamAccount|101|1232
|player|p2|sp1tf1r3|102|1240
|gen|9
|tier|[Gen 9] OU
|rated|
|rule|HP Percentage Mod: HP is shown in percentages
|rule|Endless Battle Clause: Forcing endless battles is banned
|rule|Species Clause: Limit one of each Pokémon
|rule|OHKO Clause: OHKO moves are banned
|rule|Evasion Items Clause: Evasion items are banned
|rule|Evasion Moves Clause: Evasion moves are banned
|rule|Evasion Abilities Clause: Evasion abilities are banned
|rule|Sleep Moves Clause: Sleep-inducing moves are banned
|clearpoke
|poke|p1|Pelipper, M|
|poke|p1|Illumise, F|
|poke|p1|Quaquaval, M|
|poke|p1|Metagross|
|poke|p1|Oricorio-Pom-Pom, M|
|poke|p1|Crawdaunt, M|
|poke|p2|Rillaboom, M|
|poke|p2|Thundurus-Therian, M|
|poke|p2|Garganacl, M|
|poke|p2|Mandibuzz, F|
|poke|p2|Hawlucha, M|
|poke|p2|Lokix, F|
|teampreview
|inactive|Battle timer is ON: inactive players will automatically lose when time's up. (requested by My14thDamAccount)
|inactive|sp1tf1r3 also wants the timer to be on.
|
|t:|1779812714
|teamsize|p1|6
|teamsize|p2|6
|start
|switch|p1a: DaFawk|Illumise, F, shiny|100/100
|switch|p2a: Garganacl|Garganacl, M|100/100
|turn|1
|
|t:|1779812731
|move|p1a: DaFawk|Tailwind|p1a: DaFawk
|-sidestart|p1: My14thDamAccount|move: Tailwind
|move|p2a: Garganacl|Salt Cure|p1a: DaFawk
|-supereffective|p1a: DaFawk
|-damage|p1a: DaFawk|66/100
|-start|p1a: DaFawk|Salt Cure
|
|-damage|p1a: DaFawk|53/100|[from] Salt Cure
|upkeep
|turn|2
|
|t:|1779812740
|switch|p1a: Big Gulp|Pelipper, M, shiny|100/100
|-weather|RainDance|[from] ability: Drizzle|[of] p1a: Big Gulp
|move|p2a: Garganacl|Stealth Rock|p1a: Big Gulp
|-sidestart|p1: My14thDamAccount|move: Stealth Rock
|
|-weather|RainDance|[upkeep]
|upkeep
|turn|3
|
|t:|1779812747
|move|p1a: Big Gulp|Weather Ball|p2a: Garganacl
|-supereffective|p2a: Garganacl
|-damage|p2a: Garganacl|14/100
|move|p2a: Garganacl|Salt Cure|p1a: Big Gulp
|-supereffective|p1a: Big Gulp
|-crit|p1a: Big Gulp
|-damage|p1a: Big Gulp|47/100
|-start|p1a: Big Gulp|Salt Cure
|
|-weather|RainDance|[upkeep]
|-heal|p2a: Garganacl|20/100|[from] item: Leftovers
|-damage|p1a: Big Gulp|22/100|[from] Salt Cure
|upkeep
|turn|4
|
|t:|1779812759
|move|p2a: Garganacl|Protect|p2a: Garganacl
|-singleturn|p2a: Garganacl|Protect
|move|p1a: Big Gulp|Weather Ball|p2a: Garganacl
|-activate|p2a: Garganacl|move: Protect
|
|-weather|RainDance|[upkeep]
|-heal|p2a: Garganacl|26/100|[from] item: Leftovers
|-damage|p1a: Big Gulp|0 fnt|[from] Salt Cure
|faint|p1a: Big Gulp
|-sideend|p1: My14thDamAccount|move: Tailwind
|upkeep
|
|t:|1779812762
|switch|p1a: Homoerotic Steps|Quaquaval, M, shiny|100/100
|turn|5
|
|t:|1779812785
|-terastallize|p1a: Homoerotic Steps|Water
|move|p1a: Homoerotic Steps|Aqua Step|p2a: Garganacl
|-supereffective|p2a: Garganacl
|-damage|p2a: Garganacl|0 fnt
|-boost|p1a: Homoerotic Steps|spe|1
|faint|p2a: Garganacl
|-ability|p1a: Homoerotic Steps|Moxie|boost
|-boost|p1a: Homoerotic Steps|atk|1
|
|-weather|RainDance|[upkeep]
|upkeep
|inactive|sp1tf1r3 has 120 seconds left.
|
|t:|1779812804
|switch|p2a: Rillaboom|Rillaboom, M|100/100
|-fieldstart|move: Grassy Terrain|[from] ability: Grassy Surge|[of] p2a: Rillaboom
|turn|6
|
|t:|1779812808
|move|p2a: Rillaboom|Grassy Glide|p1a: Homoerotic Steps
|-supereffective|p1a: Homoerotic Steps
|-damage|p1a: Homoerotic Steps|0 fnt
|faint|p1a: Homoerotic Steps
|
|-weather|none
|upkeep
|
|t:|1779812818
|switch|p1a: Deadly Bomber|Metagross, shiny|100/100
|-damage|p1a: Deadly Bomber|95/100|[from] Stealth Rock
|turn|7
|
|t:|1779812825
|switch|p2a: Mandibuzz|Mandibuzz, F|100/100
|move|p1a: Deadly Bomber|Agility|p1a: Deadly Bomber
|-boost|p1a: Deadly Bomber|spe|2
|
|-heal|p1a: Deadly Bomber|100/100|[from] Grassy Terrain
|upkeep
|turn|8
|
|t:|1779812837
|move|p1a: Deadly Bomber|Bullet Punch|p2a: Mandibuzz
|-damage|p2a: Mandibuzz|88/100
|move|p2a: Mandibuzz|Foul Play|p1a: Deadly Bomber
|-supereffective|p1a: Deadly Bomber
|-damage|p1a: Deadly Bomber|0 fnt
|faint|p1a: Deadly Bomber
|
|upkeep
|-message|My14thDamAccount forfeited.
|
|win|sp1tf1r3
|raw|My14thDamAccount's rating: 1232 &rarr; <strong>1208</strong><br />(-24 for losing)
|raw|sp1tf1r3's rating: 1240 &rarr; <strong>1264</strong><br />(+24 for winning)
|l|☆My14thDamAccount
|player|p1|
|l|☆sp1tf1r3
|player|p2|
