|j|☆MadeInHeaven25
|j|☆weiee
|t:|1779860696
|gametype|singles
|player|p1|MadeInHeaven25|ghetsis-gen5bw|1491
|player|p2|weiee|169|1426
|gen|9
|tier|[Gen 9] OU
|rated|
|rule|HP Percentage Mod: HP is shown in percentages
|rule|Endless Battle Clause: Forcing endless battles is banned
|rule|Species Clause: Limit one of each Pokémon
|rule|OHKO Clause: OHKO moves are banned
|rule|Evasion Items Clause: Evasion items are banned
|rule|Evasion Moves Clause: Evasion moves are banned
|rule|Evasion Abilities Clause: Evasion abilities are banned
|rule|Sleep Moves Clause: Sleep-inducing moves are banned
|clearpoke
|poke|p1|Rillaboom, M|
|poke|p1|Hawlucha, M|
|poke|p1|Heatran, F|
|poke|p1|Great Tusk|
|poke|p1|Darkrai|
|poke|p1|Primarina, F|
|poke|p2|Salamence, F|
|poke|p2|Glimmora, F|
|poke|p2|Iron Valiant|
|poke|p2|Ogerpon-Wellspring, F|
|poke|p2|Scizor, M|
|poke|p2|Raging Bolt|
|teampreview
|inactive|Battle timer is ON: inactive players will automatically lose when time's up. (requested by MadeInHeaven25)
|
|t:|1779860716
|teamsize|p1|6
|teamsize|p2|6
|start
|switch|p1a: Primarina|Primarina, F|100/100
|switch|p2a: Ogerpon|Ogerpon-Wellspring, F|100/100
|turn|1
|
|t:|1779860727
|switch|p1a: Rillaboom|Rillaboom, M|100/100
|-fieldstart|move: Grassy Terrain|[from] ability: Grassy Surge|[of] p1a: Rillaboom
|move|p2a: Ogerpon|Swords Dance|p2a: Ogerpon
|-boost|p2a: Ogerpon|atk|2
|
|upkeep
|turn|2
|
|t:|1779860734
|switch|p2a: Glimmora|Glimmora, F|100/100
|move|p1a: Rillaboom|U-turn|p2a: Glimmora
|-resisted|p2a: Glimmora
|-damage|p2a: Glimmora|79/100
|-activate|p2a: Glimmora|ability: Toxic Debris
|-sidestart|p1: MadeInHeaven25|move: Toxic Spikes
|
|t:|1779860750
|switch|p1a: Primarina|Primarina, F|100/100|[from] U-turn
|-status|p1a: Primarina|psn
|
|-heal|p2a: Glimmora|85/100|[from] Grassy Terrain
|-damage|p1a: Primarina|88/100 psn|[from] psn
|upkeep
|turn|3
|
|t:|1779860760
|move|p2a: Glimmora|Stealth Rock|p1a: Primarina
|-sidestart|p1: MadeInHeaven25|move: Stealth Rock
|move|p1a: Primarina|Surf|p2a: Glimmora
|-supereffective|p2a: Glimmora
|-damage|p2a: Glimmora|0 fnt
|faint|p2a: Glimmora
|
|-heal|p1a: Primarina|94/100 psn|[from] Grassy Terrain
|-damage|p1a: Primarina|82/100 psn|[from] psn
|upkeep
|
|t:|1779860765
|switch|p2a: Raging Bolt|Raging Bolt|100/100
|turn|4
|
|t:|1779860767
|move|p1a: Primarina|Moonblast|p2a: Raging Bolt
|-supereffective|p2a: Raging Bolt
|-damage|p2a: Raging Bolt|42/100
|move|p2a: Raging Bolt|Draco Meteor|p1a: Primarina
|-immune|p1a: Primarina
|
|-heal|p1a: Primarina|88/100 psn|[from] Grassy Terrain
|-heal|p2a: Raging Bolt|48/100|[from] Grassy Terrain
|-damage|p1a: Primarina|76/100 psn|[from] psn
|upkeep
|turn|5
|
|t:|1779860772
|move|p1a: Primarina|Moonblast|p2a: Raging Bolt
|-supereffective|p2a: Raging Bolt
|-damage|p2a: Raging Bolt|0 fnt
|faint|p2a: Raging Bolt
|-end|p2a: Raging Bolt|Protosynthesis|[silent]
|
|-heal|p1a: Primarina|82/100 psn|[from] Grassy Terrain
|-damage|p1a: Primarina|69/100 psn|[from] psn
|-fieldend|move: Grassy Terrain
|upkeep
|
|t:|1779860777
|switch|p2a: Scizor|Scizor, M|100/100
|turn|6
|
|t:|1779860780
|move|p1a: Primarina|Flip Turn|p2a: Scizor
|-damage|p2a: Scizor|87/100
|
|t:|1779860782
|switch|p1a: Heatran|Heatran, F|100/100|[from] Flip Turn
|-damage|p1a: Heatran|88/100|[from] Stealth Rock
|move|p2a: Scizor|U-turn|p1a: Heatran
|-resisted|p1a: Heatran
|-damage|p1a: Heatran|75/100
|
|t:|1779860785
|switch|p2a: Salamence|Salamence, F|100/100|[from] U-turn
|
|-heal|p1a: Heatran|81/100|[from] item: Leftovers
|upkeep
|turn|7
|
|t:|1779860787
|switch|p1a: Great Tusk|Great Tusk|100/100
|-status|p1a: Great Tusk|psn
|-damage|p1a: Great Tusk|98/100 psn|[from] Stealth Rock
|move|p2a: Salamence|Substitute|p2a: Salamence
|-start|p2a: Salamence|Substitute
|-damage|p2a: Salamence|76/100
|
|-heal|p2a: Salamence|82/100|[from] item: Leftovers
|-damage|p1a: Great Tusk|85/100 psn|[from] psn
|upkeep
|turn|8
|
|t:|1779860795
|move|p1a: Great Tusk|Ice Spinner|p2a: Salamence
|-supereffective|p2a: Salamence
|-end|p2a: Salamence|Substitute
|move|p2a: Salamence|Dragon Dance|p2a: Salamence
|-boost|p2a: Salamence|atk|1
|-boost|p2a: Salamence|spe|1
|
|-heal|p2a: Salamence|88/100|[from] item: Leftovers
|-damage|p1a: Great Tusk|73/100 psn|[from] psn
|upkeep
|turn|9
|
|t:|1779860804
|-terastallize|p2a: Salamence|Flying
|move|p2a: Salamence|Dual Wingbeat|p1a: Great Tusk
|-supereffective|p1a: Great Tusk
|-damage|p1a: Great Tusk|15/100 psn
|-damage|p2a: Salamence|71/100|[from] item: Rocky Helmet|[of] p1a: Great Tusk
|-supereffective|p1a: Great Tusk
|-damage|p1a: Great Tusk|0 fnt
|-damage|p2a: Salamence|55/100|[from] item: Rocky Helmet|[of] p1a: Great Tusk
|faint|p1a: Great Tusk
|-end|p1a: Great Tusk|Protosynthesis|[silent]
|-ability|p2a: Salamence|Moxie|boost
|-boost|p2a: Salamence|atk|1
|-hitcount|p1: Great Tusk|2
|
|-heal|p2a: Salamence|61/100|[from] item: Leftovers
|upkeep
|
|t:|1779860812
|switch|p1a: Darkrai|Darkrai|100/100
|-status|p1a: Darkrai|psn
|-damage|p1a: Darkrai|88/100 psn|[from] Stealth Rock
|turn|10
|
|t:|1779860818
|switch|p2a: Scizor|Scizor, M|87/100
|move|p1a: Darkrai|Ice Beam|p2a: Scizor
|-resisted|p2a: Scizor
|-damage|p2a: Scizor|66/100
|
|-heal|p1a: Darkrai|94/100 psn|[from] item: Leftovers
|-damage|p1a: Darkrai|82/100 psn|[from] psn
|upkeep
|turn|11
|
|t:|1779860826
|switch|p1a: Primarina|Primarina, F|69/100 psn
|-damage|p1a: Primarina|57/100 psn|[from] Stealth Rock
|move|p2a: Scizor|Close Combat|p1a: Primarina
|-resisted|p1a: Primarina
|-damage|p1a: Primarina|8/100 psn
|-unboost|p2a: Scizor|def|1
|-unboost|p2a: Scizor|spd|1
|
|-damage|p1a: Primarina|0 fnt|[from] psn
|faint|p1a: Primarina
|upkeep
|
|t:|1779860831
|switch|p1a: Darkrai|Darkrai|82/100 psn
|-damage|p1a: Darkrai|69/100 psn|[from] Stealth Rock
|turn|12
|
|t:|1779860835
|switch|p2a: Ogerpon|Ogerpon-Wellspring, F|100/100
|move|p1a: Darkrai|Dark Pulse|p2a: Ogerpon
|-damage|p2a: Ogerpon|54/100
|
|-heal|p1a: Darkrai|75/100 psn|[from] item: Leftovers
|-damage|p1a: Darkrai|63/100 psn|[from] psn
|upkeep
|turn|13
|
|t:|1779860841
|move|p1a: Darkrai|Sludge Bomb|p2a: Ogerpon
|-supereffective|p2a: Ogerpon
|-damage|p2a: Ogerpon|0 fnt
|faint|p2a: Ogerpon
|
|-heal|p1a: Darkrai|69/100 psn|[from] item: Leftovers
|-damage|p1a: Darkrai|56/100 psn|[from] psn
|upkeep
|
|t:|1779860850
|switch|p2a: Scizor|Scizor, M|66/100
|turn|14
|
|t:|1779860852
|move|p1a: Darkrai|Dark Pulse|p2a: Scizor
|-damage|p2a: Scizor|15/100
|move|p2a: Scizor|U-turn|p1a: Darkrai
|-supereffective|p1a: Darkrai
|-damage|p1a: Darkrai|0 fnt
|faint|p1a: Darkrai
|
|t:|1779860862
|switch|p2a: Salamence|Salamence, F, tera:Flying|61/100|[from] U-turn
|
|-heal|p2a: Salamence|67/100|[from] item: Leftovers
|upkeep
|
|t:|1779860866
|switch|p1a: Heatran|Heatran, F|81/100
|-damage|p1a: Heatran|68/100|[from] Stealth Rock
|turn|15
|
|t:|1779860871
|move|p2a: Salamence|Substitute|p2a: Salamence
|-start|p2a: Salamence|Substitute
|-damage|p2a: Salamence|42/100
|move|p1a: Heatran|Magma Storm|p2a: Salamence|[miss]
|-miss|p1a: Heatran|p2a: Salamence
|
|-heal|p2a: Salamence|49/100|[from] item: Leftovers
|-heal|p1a: Heatran|75/100|[from] item: Leftovers
|upkeep
|turn|16
|
|t:|1779860874
|move|p2a: Salamence|Dragon Dance|p2a: Salamence
|-boost|p2a: Salamence|atk|1
|-boost|p2a: Salamence|spe|1
|move|p1a: Heatran|Magma Storm|p2a: Salamence|[miss]
|-miss|p1a: Heatran|p2a: Salamence
|
|-heal|p2a: Salamence|55/100|[from] item: Leftovers
|-heal|p1a: Heatran|81/100|[from] item: Leftovers
|upkeep
|turn|17
|
|t:|1779860880
|move|p2a: Salamence|Earthquake|p1a: Heatran
|-supereffective|p1a: Heatran
|-damage|p1a: Heatran|0 fnt
|faint|p1a: Heatran
|-ability|p2a: Salamence|Moxie|boost
|-boost|p2a: Salamence|atk|1
|
|-heal|p2a: Salamence|61/100|[from] item: Leftovers
|upkeep
|
|t:|1779860885
|switch|p1a: Rillaboom|Rillaboom, M|100/100
|-status|p1a: Rillaboom|psn
|-damage|p1a: Rillaboom|88/100 psn|[from] Stealth Rock
|-fieldstart|move: Grassy Terrain|[from] ability: Grassy Surge|[of] p1a: Rillaboom
|turn|18
|
|t:|1779860892
|move|p1a: Rillaboom|Grassy Glide|p2a: Salamence
|-resisted|p2a: Salamence
|-end|p2a: Salamence|Substitute
|move|p2a: Salamence|Dual Wingbeat|p1a: Rillaboom
|-supereffective|p1a: Rillaboom
|-damage|p1a: Rillaboom|0 fnt
|faint|p1a: Rillaboom
|-ability|p2a: Salamence|Moxie|boost
|-boost|p2a: Salamence|atk|1
|-hitcount|p1: Rillaboom|1
|
|-heal|p2a: Salamence|67/100|[from] item: Leftovers
|upkeep
|
|t:|1779860897
|switch|p1a: Hawlucha|Hawlucha, M|100/100
|-damage|p1a: Hawlucha|88/100|[from] Stealth Rock
|-enditem|p1a: Hawlucha|Grassy Seed
|-boost|p1a: Hawlucha|def|1|[from] item: Grassy Seed
|turn|19
|
|t:|1779860901
|-terastallize|p1a: Hawlucha|Steel
|move|p1a: Hawlucha|Swords Dance|p1a: Hawlucha
|-boost|p1a: Hawlucha|atk|2
|move|p2a: Salamence|Dual Wingbeat|p1a: Hawlucha
|-resisted|p1a: Hawlucha
|-damage|p1a: Hawlucha|55/100
|-resisted|p1a: Hawlucha
|-damage|p1a: Hawlucha|22/100
|-hitcount|p1a: Hawlucha|2
|
|-heal|p1a: Hawlucha|28/100|[from] Grassy Terrain
|-heal|p2a: Salamence|73/100|[from] item: Leftovers
|upkeep
|turn|20
|
|t:|1779860909
|move|p1a: Hawlucha|Acrobatics|p2a: Salamence
|-damage|p2a: Salamence|0 fnt
|faint|p2a: Salamence
|
|-heal|p1a: Hawlucha|34/100|[from] Grassy Terrain
|upkeep
|
|t:|1779860912
|switch|p2a: Iron Valiant|Iron Valiant|100/100
|-enditem|p2a: Iron Valiant|Booster Energy
|-activate|p2a: Iron Valiant|ability: Quark Drive|[fromitem]
|-start|p2a: Iron Valiant|quarkdrivespe
|turn|21
|
|t:|1779860914
|move|p2a: Iron Valiant|Vacuum Wave|p1a: Hawlucha
|-supereffective|p1a: Hawlucha
|-damage|p1a: Hawlucha|0 fnt
|faint|p1a: Hawlucha
|
|win|weiee
|raw|MadeInHeaven25's rating: 1491 &rarr; <strong>1467</strong><br />(-24 for losing)
|raw|weiee's rating: 1426 &rarr; <strong>1450</strong><br />(+24 for winning)
|l|☆MadeInHeaven25
|player|p1|
|l|☆weiee
|player|p2|
