|j|☆Minnesotaaa
|j|☆le soleil dance
|t:|1779888027
|gametype|singles
|player|p1|Minnesotaaa|blue|1456
|player|p2|le soleil dance|iris-gen5bw2|1419
|gen|9
|tier|[Gen 9] OU
|rated|
|rule|HP Percentage Mod: HP is shown in percentages
|rule|Endless Battle Clause: Forcing endless battles is banned
|rule|Species Clause: Limit one of each Pokémon
|rule|OHKO Clause: OHKO moves are banned
|rule|Evasion Items Clause: Evasion items are banned
|rule|Evasion Moves Clause: Evasion moves are banned
|rule|Evasion Abilities Clause: Evasion abilities are banned
|rule|Sleep Moves Clause: Sleep-inducing moves are banned
|clearpoke
|poke|p1|Ribombee, F|
|poke|p1|Kingambit, M|
|poke|p1|Empoleon, F|
|poke|p1|Serperior, M|
|poke|p1|Milotic, F|
|poke|p1|Cinderace, F|
|poke|p2|Cinderace, M|
|poke|p2|Zapdos|
|poke|p2|Gholdengo|
|poke|p2|Dragonite, F|
|poke|p2|Dondozo, F|
|poke|p2|Enamorus, F|
|teampreview
|inactive|Battle timer is ON: inactive players will automatically lose when time's up. (requested by le soleil dance)
|
|t:|1779888057
|teamsize|p1|6
|teamsize|p2|6
|start
|switch|p1a: Ribombee|Ribombee, F|100/100
|switch|p2a: Zapdos|Zapdos|100/100
|turn|1
|
|t:|1779888071
|move|p1a: Ribombee|Sticky Web|p2a: Zapdos
|-sidestart|p2: le soleil dance|move: Sticky Web
|move|p2a: Zapdos|Hurricane|p1a: Ribombee
|-supereffective|p1a: Ribombee
|-enditem|p1a: Ribombee|Focus Sash
|-damage|p1a: Ribombee|1/100
|
|upkeep
|turn|2
|
|t:|1779888082
|move|p1a: Ribombee|Moonblast|p2a: Zapdos
|-damage|p2a: Zapdos|60/100
|move|p2a: Zapdos|U-turn|p1a: Ribombee
|-resisted|p1a: Ribombee
|-damage|p1a: Ribombee|0 fnt
|faint|p1a: Ribombee
|
|t:|1779888087
|switch|p2a: Cinderace|Cinderace, M|100/100|[from] U-turn
|
|upkeep
|
|t:|1779888100
|switch|p1a: Milotic|Milotic, F|100/100
|turn|3
|
|t:|1779888120
|move|p2a: Cinderace|U-turn|p1a: Milotic
|-start|p2a: Cinderace|typechange|Bug|[from] ability: Libero
|-damage|p1a: Milotic|69/100
|
|t:|1779888125
|switch|p2a: Zapdos|Zapdos|60/100|[from] U-turn
|move|p1a: Milotic|Scald|p2a: Zapdos
|-damage|p2a: Zapdos|33/100
|
|-heal|p1a: Milotic|75/100|[from] item: Leftovers
|upkeep
|turn|4
|
|t:|1779888133
|switch|p1a: Cinderace|Cinderace, F|100/100
|move|p2a: Zapdos|Roost|p2a: Zapdos
|-heal|p2a: Zapdos|83/100
|-singleturn|p2a: Zapdos|move: Roost
|
|upkeep
|turn|5
|
|t:|1779888140
|move|p1a: Cinderace|Court Change|p1a: Cinderace
|-start|p1a: Cinderace|typechange|Normal|[from] ability: Libero
|-swapsideconditions
|-activate|p1a: Cinderace|move: Court Change
|move|p2a: Zapdos|Volt Switch|p1a: Cinderace
|-damage|p1a: Cinderace|60/100
|
|t:|1779888146
|switch|p2a: Cinderace|Cinderace, M|100/100|[from] Volt Switch
|
|upkeep
|turn|6
|
|t:|1779888160
|move|p2a: Cinderace|Court Change|p2a: Cinderace
|-start|p2a: Cinderace|typechange|Normal|[from] ability: Libero
|-swapsideconditions
|-activate|p2a: Cinderace|move: Court Change
|move|p1a: Cinderace|High Jump Kick|p2a: Cinderace
|-supereffective|p2a: Cinderace
|-damage|p2a: Cinderace|0 fnt
|faint|p2a: Cinderace
|
|upkeep
|
|t:|1779888171
|switch|p2a: Dragonite|Dragonite, F|100/100
|turn|7
|
|t:|1779888178
|move|p1a: Cinderace|Court Change|p1a: Cinderace
|-swapsideconditions
|-activate|p1a: Cinderace|move: Court Change
|move|p2a: Dragonite|Dragon Dance|p2a: Dragonite
|-boost|p2a: Dragonite|atk|1
|-boost|p2a: Dragonite|spe|1
|
|upkeep
|turn|8
|
|t:|1779888187
|move|p2a: Dragonite|Dragon Dance|p2a: Dragonite
|-boost|p2a: Dragonite|atk|1
|-boost|p2a: Dragonite|spe|1
|move|p1a: Cinderace|Pyro Ball|p2a: Dragonite
|-resisted|p2a: Dragonite
|-damage|p2a: Dragonite|89/100
|
|upkeep
|turn|9
|
|t:|1779888201
|move|p2a: Dragonite|Earthquake|p1a: Cinderace
|-damage|p1a: Cinderace|0 fnt
|faint|p1a: Cinderace
|
|upkeep
|
|t:|1779888217
|switch|p1a: Kingambit|Kingambit, M|100/100
|-activate|p1a: Kingambit|move: Sticky Web
|-unboost|p1a: Kingambit|spe|1
|-ability|p1a: Kingambit|Defiant|boost
|-boost|p1a: Kingambit|atk|2
|turn|10
|
|t:|1779888224
|-terastallize|p1a: Kingambit|Ghost
|move|p2a: Dragonite|Earthquake|p1a: Kingambit
|-damage|p1a: Kingambit|39/100
|move|p1a: Kingambit|Kowtow Cleave|p2a: Dragonite
|-damage|p2a: Dragonite|0 fnt
|faint|p2a: Dragonite
|
|upkeep
|
|t:|1779888238
|switch|p2a: Dondozo|Dondozo, F|100/100
|turn|11
|
|t:|1779888248
|switch|p1a: Serperior|Serperior, M|100/100
|-activate|p1a: Serperior|move: Sticky Web
|-boost|p1a: Serperior|spe|1
|move|p2a: Dondozo|Wave Crash|p1a: Serperior
|-resisted|p1a: Serperior
|-damage|p1a: Serperior|76/100
|-damage|p2a: Dondozo|95/100|[from] Recoil
|
|-heal|p1a: Serperior|82/100|[from] item: Leftovers
|upkeep
|turn|12
|
|t:|1779888256
|switch|p2a: Zapdos|Zapdos|83/100
|move|p1a: Serperior|Leech Seed|p2a: Zapdos
|-start|p2a: Zapdos|move: Leech Seed
|
|-heal|p1a: Serperior|88/100|[from] item: Leftovers
|-damage|p2a: Zapdos|70/100|[from] Leech Seed|[of] p1a: Serperior
|-heal|p1a: Serperior|100/100|[silent]
|upkeep
|turn|13
|
|t:|1779888269
|move|p1a: Serperior|Substitute|p1a: Serperior
|-start|p1a: Serperior|Substitute
|-damage|p1a: Serperior|76/100
|move|p2a: Zapdos|U-turn|p1a: Serperior
|-supereffective|p1a: Serperior
|-activate|p1a: Serperior|move: Substitute|[damage]
|
|t:|1779888275
|switch|p2a: Gholdengo|Gholdengo|100/100|[from] U-turn
|
|-heal|p1a: Serperior|82/100|[from] item: Leftovers
|upkeep
|turn|14
|
|t:|1779888285
|move|p2a: Gholdengo|Shadow Ball|p1a: Serperior
|-end|p1a: Serperior|Substitute
|move|p1a: Serperior|Glare|p2a: Gholdengo
|-immune|p2a: Gholdengo|[from] ability: Good as Gold
|
|-heal|p1a: Serperior|88/100|[from] item: Leftovers
|upkeep
|turn|15
|
|t:|1779888302
|switch|p1a: Milotic|Milotic, F|75/100
|-activate|p1a: Milotic|move: Sticky Web
|-unboost|p1a: Milotic|spe|1
|-ability|p1a: Milotic|Competitive|boost
|-boost|p1a: Milotic|spa|2
|move|p2a: Gholdengo|Shadow Ball|p1a: Milotic
|-damage|p1a: Milotic|43/100
|
|-heal|p1a: Milotic|49/100|[from] item: Leftovers
|upkeep
|turn|16
|
|t:|1779888312
|move|p1a: Milotic|Protect|p1a: Milotic
|-singleturn|p1a: Milotic|Protect
|move|p2a: Gholdengo|Shadow Ball|p1a: Milotic
|-activate|p1a: Milotic|move: Protect
|
|-heal|p1a: Milotic|55/100|[from] item: Leftovers
|upkeep
|turn|17
|
|t:|1779888322
|move|p2a: Gholdengo|Shadow Ball|p1a: Milotic
|-damage|p1a: Milotic|24/100
|-unboost|p1a: Milotic|spd|1
|-ability|p1a: Milotic|Competitive|boost
|-boost|p1a: Milotic|spa|2
|move|p1a: Milotic|Recover|p1a: Milotic
|-heal|p1a: Milotic|75/100
|
|-heal|p1a: Milotic|81/100|[from] item: Leftovers
|upkeep
|turn|18
|inactive|le soleil dance has 120 seconds left.
|
|t:|1779888357
|move|p2a: Gholdengo|Shadow Ball|p1a: Milotic
|-damage|p1a: Milotic|33/100
|move|p1a: Milotic|Scald|p2a: Gholdengo
|-crit|p2a: Gholdengo
|-damage|p2a: Gholdengo|0 fnt
|faint|p2a: Gholdengo
|
|-heal|p1a: Milotic|39/100|[from] item: Leftovers
|upkeep
|inactive|le soleil dance has 120 seconds left.
|
|t:|1779888362
|switch|p2a: Zapdos|Zapdos|70/100
|turn|19
|
|t:|1779888373
|move|p1a: Milotic|Protect|p1a: Milotic
|-singleturn|p1a: Milotic|Protect
|move|p2a: Zapdos|Volt Switch|p1a: Milotic
|-activate|p1a: Milotic|move: Protect
|
|-heal|p1a: Milotic|45/100|[from] item: Leftovers
|upkeep
|turn|20
|
|t:|1779888380
|move|p2a: Zapdos|Volt Switch|p1a: Milotic
|-supereffective|p1a: Milotic
|-damage|p1a: Milotic|0 fnt
|faint|p1a: Milotic
|
|t:|1779888384
|switch|p2a: Enamorus|Enamorus, F|100/100|[from] Volt Switch
|
|upkeep
|
|t:|1779888392
|switch|p1a: Empoleon|Empoleon, F|100/100
|-activate|p1a: Empoleon|move: Sticky Web
|-unboost|p1a: Empoleon|spe|1
|-ability|p1a: Empoleon|Competitive|boost
|-boost|p1a: Empoleon|spa|2
|turn|21
|
|t:|1779888418
|-terastallize|p2a: Enamorus|Ground
|move|p2a: Enamorus|Earth Power|p1a: Empoleon
|-supereffective|p1a: Empoleon
|-damage|p1a: Empoleon|13/100
|-unboost|p1a: Empoleon|spd|1
|-ability|p1a: Empoleon|Competitive|boost
|-boost|p1a: Empoleon|spa|2
|move|p1a: Empoleon|Flash Cannon|p2a: Enamorus
|-damage|p2a: Enamorus|0 fnt
|faint|p2a: Enamorus
|
|-heal|p1a: Empoleon|19/100|[from] item: Leftovers
|upkeep
|inactive|le soleil dance has 120 seconds left.
|
|t:|1779888428
|switch|p2a: Zapdos|Zapdos|70/100
|turn|22
|
|t:|1779888439
|move|p1a: Empoleon|Vacuum Wave|p2a: Zapdos
|-resisted|p2a: Zapdos
|-damage|p2a: Zapdos|51/100
|move|p2a: Zapdos|Hurricane|p1a: Empoleon
|-resisted|p1a: Empoleon
|-crit|p1a: Empoleon
|-damage|p1a: Empoleon|0 fnt
|faint|p1a: Empoleon
|
|upkeep
|
|t:|1779888449
|switch|p1a: Kingambit|Kingambit, M, tera:Ghost|39/100
|-activate|p1a: Kingambit|move: Sticky Web
|-unboost|p1a: Kingambit|spe|1
|-ability|p1a: Kingambit|Defiant|boost
|-boost|p1a: Kingambit|atk|2
|turn|23
|
|t:|1779888458
|switch|p2a: Dondozo|Dondozo, F|95/100
|move|p1a: Kingambit|Kowtow Cleave|p2a: Dondozo
|-damage|p2a: Dondozo|58/100
|
|upkeep
|turn|24
|
|t:|1779888469
|switch|p1a: Serperior|Serperior, M|88/100
|-activate|p1a: Serperior|move: Sticky Web
|-boost|p1a: Serperior|spe|1
|move|p2a: Dondozo|Avalanche|p1a: Serperior
|-supereffective|p1a: Serperior
|-damage|p1a: Serperior|55/100
|
|-heal|p1a: Serperior|61/100|[from] item: Leftovers
|upkeep
|turn|25
|
|t:|1779888483
|switch|p2a: Zapdos|Zapdos|51/100
|move|p1a: Serperior|Leech Seed|p2a: Zapdos
|-start|p2a: Zapdos|move: Leech Seed
|
|-heal|p1a: Serperior|67/100|[from] item: Leftovers
|-damage|p2a: Zapdos|39/100|[from] Leech Seed|[of] p1a: Serperior
|-heal|p1a: Serperior|80/100|[silent]
|upkeep
|turn|26
|
|t:|1779888492
|move|p1a: Serperior|Substitute|p1a: Serperior
|-start|p1a: Serperior|Substitute
|-damage|p1a: Serperior|56/100
|move|p2a: Zapdos|Hurricane|p1a: Serperior
|-supereffective|p1a: Serperior
|-end|p1a: Serperior|Substitute
|
|-heal|p1a: Serperior|62/100|[from] item: Leftovers
|-damage|p2a: Zapdos|27/100|[from] Leech Seed|[of] p1a: Serperior
|-heal|p1a: Serperior|75/100|[silent]
|upkeep
|turn|27
|
|t:|1779888499
|move|p1a: Serperior|Substitute|p1a: Serperior
|-start|p1a: Serperior|Substitute
|-damage|p1a: Serperior|50/100
|move|p2a: Zapdos|Roost|p2a: Zapdos
|-heal|p2a: Zapdos|77/100
|-singleturn|p2a: Zapdos|move: Roost
|
|-heal|p1a: Serperior|56/100|[from] item: Leftovers
|-damage|p2a: Zapdos|64/100|[from] Leech Seed|[of] p1a: Serperior
|-heal|p1a: Serperior|70/100|[silent]
|upkeep
|turn|28
|
|t:|1779888509
|move|p1a: Serperior|Leaf Storm|p2a: Zapdos
|-resisted|p2a: Zapdos
|-crit|p2a: Zapdos
|-damage|p2a: Zapdos|38/100
|-boost|p1a: Serperior|spa|2
|move|p2a: Zapdos|U-turn|p1a: Serperior
|-supereffective|p1a: Serperior
|-activate|p1a: Serperior|move: Substitute|[damage]
|
|t:|1779888513
|switch|p2a: Dondozo|Dondozo, F|58/100|[from] U-turn
|
|-heal|p1a: Serperior|76/100|[from] item: Leftovers
|upkeep
|turn|29
|
|t:|1779888519
|move|p1a: Serperior|Leaf Storm|p2a: Dondozo
|-supereffective|p2a: Dondozo
|-damage|p2a: Dondozo|8/100
|-boost|p1a: Serperior|spa|2
|move|p2a: Dondozo|Avalanche|p1a: Serperior
|-supereffective|p1a: Serperior
|-end|p1a: Serperior|Substitute
|
|-heal|p1a: Serperior|82/100|[from] item: Leftovers
|upkeep
|turn|30
|
|t:|1779888523
|move|p1a: Serperior|Substitute|p1a: Serperior
|-start|p1a: Serperior|Substitute
|-damage|p1a: Serperior|57/100
|move|p2a: Dondozo|Avalanche|p1a: Serperior
|-supereffective|p1a: Serperior
|-end|p1a: Serperior|Substitute
|
|-heal|p1a: Serperior|63/100|[from] item: Leftovers
|upkeep
|turn|31
|
|t:|1779888529
|move|p1a: Serperior|Leaf Storm|p2a: Dondozo
|-supereffective|p2a: Dondozo
|-damage|p2a: Dondozo|0 fnt
|-boost|p1a: Serperior|spa|2
|faint|p2a: Dondozo
|
|-heal|p1a: Serperior|70/100|[from] item: Leftovers
|upkeep
|
|t:|1779888531
|switch|p2a: Zapdos|Zapdos|38/100
|turn|32
|
|t:|1779888533
|move|p1a: Serperior|Leaf Storm|p2a: Zapdos
|-resisted|p2a: Zapdos
|-damage|p2a: Zapdos|0 fnt
|faint|p2a: Zapdos
|
|win|Minnesotaaa
|raw|Minnesotaaa's rating: 1456 &rarr; <strong>1474</strong><br />(+18 for winning)
|raw|le soleil dance's rating: 1419 &rarr; <strong>1401</strong><br />(-18 for losing)
|l|☆Minnesotaaa
|player|p1|
|l|☆le soleil dance
|player|p2|
