|j|☆Maxxxxilla
|j|☆dickman49
|t:|1779897683
|gametype|singles
|player|p1|Maxxxxilla|alder|1344
|player|p2|dickman49|supernerd|1346
|gen|9
|tier|[Gen 9] OU
|rated|
|rule|HP Percentage Mod: HP is shown in percentages
|rule|Endless Battle Clause: Forcing endless battles is banned
|rule|Species Clause: Limit one of each Pokémon
|rule|OHKO Clause: OHKO moves are banned
|rule|Evasion Items Clause: Evasion items are banned
|rule|Evasion Moves Clause: Evasion moves are banned
|rule|Evasion Abilities Clause: Evasion abilities are banned
|rule|Sleep Moves Clause: Sleep-inducing moves are banned
|clearpoke
|poke|p1|Latias, F|
|poke|p1|Dragonite, F|
|poke|p1|Polteageist|
|poke|p1|Ceruledge, M|
|poke|p1|Iron Valiant|
|poke|p1|Blaziken, F|
|poke|p2|Iron Thorns|
|poke|p2|Great Tusk|
|poke|p2|Dragapult, M|
|poke|p2|Tyranitar, M|
|poke|p2|Gliscor, F|
|poke|p2|Jirachi|
|teampreview
|inactive|Battle timer is ON: inactive players will automatically lose when time's up. (requested by Maxxxxilla)
|
|t:|1779897703
|teamsize|p1|6
|teamsize|p2|6
|start
|switch|p1a: Blaziken|Blaziken, F|100/100
|switch|p2a: Tyranocif|Tyranitar, M|100/100
|-weather|Sandstorm|[from] ability: Sand Stream|[of] p2a: Tyranocif
|turn|1
|
|t:|1779897708
|switch|p2a: Gliscor|Gliscor, F|100/100
|move|p1a: Blaziken|Close Combat|p2a: Gliscor
|-resisted|p2a: Gliscor
|-crit|p2a: Gliscor
|-damage|p2a: Gliscor|74/100
|-unboost|p1a: Blaziken|def|1
|-unboost|p1a: Blaziken|spd|1
|
|-weather|Sandstorm|[upkeep]
|-damage|p1a: Blaziken|95/100|[from] Sandstorm
|-heal|p1a: Blaziken|100/100|[from] item: Leftovers
|-ability|p1a: Blaziken|Speed Boost|boost
|-boost|p1a: Blaziken|spe|1
|-status|p2a: Gliscor|tox|[from] item: Toxic Orb
|upkeep
|turn|2
|
|t:|1779897719
|move|p1a: Blaziken|Protect|p1a: Blaziken
|-singleturn|p1a: Blaziken|Protect
|move|p2a: Gliscor|Toxic|p1a: Blaziken
|-activate|p1a: Blaziken|move: Protect
|
|-weather|Sandstorm|[upkeep]
|-damage|p1a: Blaziken|95/100|[from] Sandstorm
|-heal|p1a: Blaziken|100/100|[from] item: Leftovers
|-heal|p2a: Gliscor|87/100 tox|[from] ability: Poison Heal
|-ability|p1a: Blaziken|Speed Boost|boost
|-boost|p1a: Blaziken|spe|1
|upkeep
|turn|3
|
|t:|1779897743
|switch|p1a: Dragonite|Dragonite, F|100/100
|move|p2a: Gliscor|Earthquake|p1a: Dragonite
|-immune|p1a: Dragonite
|
|-weather|Sandstorm|[upkeep]
|-damage|p1a: Dragonite|94/100|[from] Sandstorm
|-heal|p2a: Gliscor|99/100 tox|[from] ability: Poison Heal
|upkeep
|turn|4
|
|t:|1779897757
|move|p1a: Dragonite|Dragon Dance|p1a: Dragonite
|-boost|p1a: Dragonite|atk|1
|-boost|p1a: Dragonite|spe|1
|move|p2a: Gliscor|Toxic|p1a: Dragonite
|-status|p1a: Dragonite|tox
|-enditem|p1a: Dragonite|Lum Berry|[eat]
|-curestatus|p1a: Dragonite|tox|[msg]
|
|-weather|Sandstorm|[upkeep]
|-damage|p1a: Dragonite|88/100|[from] Sandstorm
|-heal|p2a: Gliscor|100/100 tox|[from] ability: Poison Heal
|upkeep
|turn|5
|
|t:|1779897767
|move|p2a: Gliscor|Protect|p2a: Gliscor
|-singleturn|p2a: Gliscor|Protect
|move|p1a: Dragonite|Dragon Claw|p2a: Gliscor
|-activate|p2a: Gliscor|move: Protect
|
|-weather|none
|upkeep
|turn|6
|
|t:|1779897776
|move|p1a: Dragonite|Dragon Claw|p2a: Gliscor
|-crit|p2a: Gliscor
|-damage|p2a: Gliscor|43/100 tox
|move|p2a: Gliscor|Toxic|p1a: Dragonite
|-status|p1a: Dragonite|tox
|
|-damage|p1a: Dragonite|82/100 tox|[from] psn
|-heal|p2a: Gliscor|55/100 tox|[from] ability: Poison Heal
|upkeep
|turn|7
|
|t:|1779897792
|switch|p1a: Ceruledge|Ceruledge, M|100/100
|move|p2a: Gliscor|U-turn|p1a: Ceruledge
|-resisted|p1a: Ceruledge
|-damage|p1a: Ceruledge|95/100
|-ability|p1a: Ceruledge|Weak Armor|boost
|-unboost|p1a: Ceruledge|def|1
|-boost|p1a: Ceruledge|spe|2
|
|t:|1779897797
|switch|p2a: Tyranocif|Tyranitar, M|100/100|[from] U-turn
|-weather|Sandstorm|[from] ability: Sand Stream|[of] p2a: Tyranocif
|
|-weather|Sandstorm|[upkeep]
|-damage|p1a: Ceruledge|88/100|[from] Sandstorm
|upkeep
|turn|8
|
|t:|1779897803
|move|p1a: Ceruledge|Close Combat|p2a: Tyranocif
|-supereffective|p2a: Tyranocif
|-damage|p2a: Tyranocif|0 fnt
|-unboost|p1a: Ceruledge|def|1
|-unboost|p1a: Ceruledge|spd|1
|faint|p2a: Tyranocif
|
|-weather|Sandstorm|[upkeep]
|-damage|p1a: Ceruledge|82/100|[from] Sandstorm
|upkeep
|
|t:|1779897810
|switch|p2a: Great Tusk|Great Tusk|100/100
|turn|9
|
|t:|1779897821
|move|p1a: Ceruledge|Bitter Blade|p2a: Great Tusk
|-damage|p2a: Great Tusk|73/100
|-heal|p1a: Ceruledge|100/100|[from] drain|[of] p2a: Great Tusk
|move|p2a: Great Tusk|Ice Spinner|p1a: Ceruledge
|-resisted|p1a: Ceruledge
|-damage|p1a: Ceruledge|67/100
|-ability|p1a: Ceruledge|Weak Armor|boost
|-unboost|p1a: Ceruledge|def|1
|-boost|p1a: Ceruledge|spe|2
|
|-weather|Sandstorm|[upkeep]
|-damage|p1a: Ceruledge|61/100|[from] Sandstorm
|upkeep
|turn|10
|
|t:|1779897841
|switch|p1a: Blaziken|Blaziken, F|100/100
|move|p2a: Great Tusk|Ice Spinner|p1a: Blaziken
|-resisted|p1a: Blaziken
|-damage|p1a: Blaziken|83/100
|
|-weather|Sandstorm|[upkeep]
|-damage|p1a: Blaziken|77/100|[from] Sandstorm
|-heal|p1a: Blaziken|83/100|[from] item: Leftovers
|upkeep
|turn|11
|
|t:|1779897848
|move|p1a: Blaziken|Protect|p1a: Blaziken
|-singleturn|p1a: Blaziken|Protect
|move|p2a: Great Tusk|Headlong Rush|p1a: Blaziken
|-activate|p1a: Blaziken|move: Protect
|
|-weather|none
|-heal|p1a: Blaziken|89/100|[from] item: Leftovers
|-ability|p1a: Blaziken|Speed Boost|boost
|-boost|p1a: Blaziken|spe|1
|upkeep
|turn|12
|
|t:|1779897853
|-end|p2a: Great Tusk|Protosynthesis|[silent]
|switch|p2a: Gliscor|Gliscor, F|55/100 tox
|-terastallize|p1a: Blaziken|Flying
|move|p1a: Blaziken|Swords Dance|p1a: Blaziken
|-boost|p1a: Blaziken|atk|2
|
|-heal|p1a: Blaziken|95/100|[from] item: Leftovers
|-heal|p2a: Gliscor|68/100 tox|[from] ability: Poison Heal
|-ability|p1a: Blaziken|Speed Boost|boost
|-boost|p1a: Blaziken|spe|1
|upkeep
|turn|13
|
|t:|1779897860
|move|p2a: Gliscor|Protect|p2a: Gliscor
|-singleturn|p2a: Gliscor|Protect
|move|p1a: Blaziken|Flare Blitz|p2a: Gliscor
|-activate|p2a: Gliscor|move: Protect
|
|-heal|p1a: Blaziken|100/100|[from] item: Leftovers
|-heal|p2a: Gliscor|80/100 tox|[from] ability: Poison Heal
|-ability|p1a: Blaziken|Speed Boost|boost
|-boost|p1a: Blaziken|spe|1
|upkeep
|turn|14
|
|t:|1779897865
|move|p1a: Blaziken|Flare Blitz|p2a: Gliscor
|-damage|p2a: Gliscor|11/100 tox
|-damage|p1a: Blaziken|74/100|[from] Recoil
|move|p2a: Gliscor|Toxic|p1a: Blaziken|[miss]
|-miss|p2a: Gliscor|p1a: Blaziken
|
|-heal|p1a: Blaziken|80/100|[from] item: Leftovers
|-heal|p2a: Gliscor|24/100 tox|[from] ability: Poison Heal
|-ability|p1a: Blaziken|Speed Boost|boost
|-boost|p1a: Blaziken|spe|1
|upkeep
|turn|15
|
|t:|1779897872
|move|p1a: Blaziken|Swords Dance|p1a: Blaziken
|-boost|p1a: Blaziken|atk|2
|move|p2a: Gliscor|Toxic|p1a: Blaziken
|-status|p1a: Blaziken|tox
|
|-heal|p1a: Blaziken|86/100 tox|[from] item: Leftovers
|-damage|p1a: Blaziken|80/100 tox|[from] psn
|-heal|p2a: Gliscor|36/100 tox|[from] ability: Poison Heal
|-ability|p1a: Blaziken|Speed Boost|boost
|-boost|p1a: Blaziken|spe|1
|upkeep
|turn|16
|
|t:|1779897875
|move|p2a: Gliscor|Protect|p2a: Gliscor
|-singleturn|p2a: Gliscor|Protect
|move|p1a: Blaziken|Flare Blitz|p2a: Gliscor
|-activate|p2a: Gliscor|move: Protect
|
|-heal|p1a: Blaziken|86/100 tox|[from] item: Leftovers
|-damage|p1a: Blaziken|74/100 tox|[from] psn
|-heal|p2a: Gliscor|49/100 tox|[from] ability: Poison Heal
|-ability|p1a: Blaziken|Speed Boost|boost
|-boost|p1a: Blaziken|spe|1
|upkeep
|turn|17
|
|t:|1779897883
|move|p2a: Gliscor|Protect||[still]
|-fail|p2a: Gliscor
|move|p1a: Blaziken|Flare Blitz|p2a: Gliscor
|-damage|p2a: Gliscor|0 fnt
|faint|p2a: Gliscor
|-damage|p1a: Blaziken|55/100 tox|[from] Recoil
|
|-heal|p1a: Blaziken|61/100 tox|[from] item: Leftovers
|-damage|p1a: Blaziken|43/100 tox|[from] psn
|upkeep
|
|t:|1779897895
|switch|p2a: Jirachi|Jirachi|100/100
|turn|18
|
|t:|1779897900
|move|p1a: Blaziken|Close Combat|p2a: Jirachi
|-damage|p2a: Jirachi|0 fnt
|-unboost|p1a: Blaziken|def|1
|-unboost|p1a: Blaziken|spd|1
|faint|p2a: Jirachi
|
|-heal|p1a: Blaziken|49/100 tox|[from] item: Leftovers
|-damage|p1a: Blaziken|25/100 tox|[from] psn
|upkeep
|
|t:|1779897910
|switch|p2a: Great Tusk|Great Tusk|73/100
|turn|19
|
|t:|1779897919
|move|p1a: Blaziken|Close Combat|p2a: Great Tusk
|-damage|p2a: Great Tusk|0 fnt
|-unboost|p1a: Blaziken|def|1
|-unboost|p1a: Blaziken|spd|1
|faint|p2a: Great Tusk
|-end|p2a: Great Tusk|Protosynthesis|[silent]
|
|-heal|p1a: Blaziken|31/100 tox|[from] item: Leftovers
|-damage|p1a: Blaziken|1/100 tox|[from] psn
|upkeep
|
|t:|1779897923
|switch|p2a: He pulten on it|Dragapult, M|100/100
|turn|20
|
|t:|1779897927
|move|p1a: Blaziken|Flare Blitz|p2a: He pulten on it
|-resisted|p2a: He pulten on it
|-damage|p2a: He pulten on it|0 fnt
|faint|p2a: He pulten on it
|-damage|p1a: Blaziken|0 fnt|[from] Recoil
|faint|p1a: Blaziken
|
|upkeep
|
|t:|1779897936
|switch|p2a: Iron Thorns|Iron Thorns|100/100
|switch|p1a: Iron Valiant|Iron Valiant|100/100
|-enditem|p1a: Iron Valiant|Booster Energy
|-activate|p1a: Iron Valiant|ability: Quark Drive|[fromitem]
|-start|p1a: Iron Valiant|quarkdrivespe
|-enditem|p2a: Iron Thorns|Booster Energy
|-activate|p2a: Iron Thorns|ability: Quark Drive|[fromitem]
|-start|p2a: Iron Thorns|quarkdriveatk
|turn|21
|
|t:|1779897945
|-terastallize|p2a: Iron Thorns|Water
|move|p1a: Iron Valiant|Aura Sphere|p2a: Iron Thorns
|-damage|p2a: Iron Thorns|59/100
|move|p2a: Iron Thorns|Low Kick|p1a: Iron Valiant
|-resisted|p1a: Iron Valiant
|-damage|p1a: Iron Valiant|80/100
|
|upkeep
|turn|22
|-message|dickman49 forfeited.
|
|win|Maxxxxilla
|raw|Maxxxxilla's rating: 1344 &rarr; <strong>1364</strong><br />(+20 for winning)
|raw|dickman49's rating: 1346 &rarr; <strong>1326</strong><br />(-20 for losing)
|l|☆dickman49
|player|p2|
|l|☆Maxxxxilla
|player|p1|
