|j|☆lgchargers
|j|☆claudechamp
|t:|1779890380
|gametype|singles
|player|p1|lgchargers|linebacker|1265
|player|p2|claudechamp|169|1264
|gen|9
|tier|[Gen 9] OU
|rated|
|rule|HP Percentage Mod: HP is shown in percentages
|rule|Endless Battle Clause: Forcing endless battles is banned
|rule|Species Clause: Limit one of each Pokémon
|rule|OHKO Clause: OHKO moves are banned
|rule|Evasion Items Clause: Evasion items are banned
|rule|Evasion Moves Clause: Evasion moves are banned
|rule|Evasion Abilities Clause: Evasion abilities are banned
|rule|Sleep Moves Clause: Sleep-inducing moves are banned
|clearpoke
|poke|p1|Dragapult, F|
|poke|p1|Kingambit, M|
|poke|p1|Glimmora, M|
|poke|p1|Zamazenta-*|
|poke|p1|Primarina, F|
|poke|p1|Regieleki|
|poke|p2|Corviknight, F|
|poke|p2|Ting-Lu|
|poke|p2|Kyurem|
|poke|p2|Dondozo, F|
|poke|p2|Slowking-Galar, M|
|poke|p2|Cinderace, F|
|teampreview
|c|☆claudechamp|hf
|inactive|Battle timer is ON: inactive players will automatically lose when time's up. (requested by claudechamp)
|inactive|lgchargers also wants the timer to be on.
|c|☆lgchargers|glhf
|
|t:|1779890388
|teamsize|p1|6
|teamsize|p2|6
|start
|switch|p1a: Dragapult|Dragapult, F|100/100
|switch|p2a: Cinderace|Cinderace, F|100/100
|turn|1
|
|t:|1779890397
|switch|p2a: Kyurem|Kyurem|100/100
|-ability|p2a: Kyurem|Pressure
|move|p1a: Dragapult|Dragon Darts|p2a: Kyurem
|-supereffective|p2a: Kyurem
|-damage|p2a: Kyurem|55/100
|-anim|p1a: Dragapult|Dragon Darts|p2a: Kyurem
|-supereffective|p2a: Kyurem
|-damage|p2a: Kyurem|13/100
|
|-heal|p2a: Kyurem|20/100|[from] item: Leftovers
|upkeep
|turn|2
|
|t:|1779890407
|switch|p2a: Ting-Lu|Ting-Lu|100/100
|-ability|p2a: Ting-Lu|Vessel of Ruin
|move|p1a: Dragapult|Dragon Darts|p2a: Ting-Lu
|-damage|p2a: Ting-Lu|86/100
|-anim|p1a: Dragapult|Dragon Darts|p2a: Ting-Lu
|-damage|p2a: Ting-Lu|72/100
|
|-heal|p2a: Ting-Lu|78/100|[from] item: Leftovers
|upkeep
|turn|3
|
|t:|1779890418
|move|p1a: Dragapult|U-turn|p2a: Ting-Lu
|-supereffective|p2a: Ting-Lu
|-damage|p2a: Ting-Lu|54/100
|
|t:|1779890422
|switch|p1a: Primarina|Primarina, F|100/100|[from] U-turn
|move|p2a: Ting-Lu|Earthquake|p1a: Primarina
|-damage|p1a: Primarina|47/100
|
|-heal|p1a: Primarina|52/100|[from] item: Leftovers
|-heal|p2a: Ting-Lu|60/100|[from] item: Leftovers
|upkeep
|turn|4
|
|t:|1779890430
|-terastallize|p2a: Ting-Lu|Water
|move|p1a: Primarina|Draining Kiss|p2a: Ting-Lu
|-damage|p2a: Ting-Lu|48/100
|-heal|p1a: Primarina|67/100|[from] drain|[of] p2a: Ting-Lu
|move|p2a: Ting-Lu|Earthquake|p1a: Primarina
|-damage|p1a: Primarina|17/100
|
|-heal|p1a: Primarina|23/100|[from] item: Leftovers
|-heal|p2a: Ting-Lu|54/100|[from] item: Leftovers
|upkeep
|turn|5
|
|t:|1779890439
|switch|p1a: Regieleki|Regieleki|100/100
|-item|p1a: Regieleki|Air Balloon
|move|p2a: Ting-Lu|Earthquake|p1a: Regieleki
|-immune|p1a: Regieleki
|
|-heal|p2a: Ting-Lu|61/100|[from] item: Leftovers
|upkeep
|turn|6
|
|t:|1779890447
|switch|p2a: Kyurem|Kyurem|20/100
|-ability|p2a: Kyurem|Pressure
|move|p1a: Regieleki|Thunderbolt|p2a: Kyurem
|-resisted|p2a: Kyurem
|-damage|p2a: Kyurem|0 fnt
|faint|p2a: Kyurem
|
|upkeep
|
|t:|1779890450
|switch|p2a: Ting-Lu|Ting-Lu, tera:Water|61/100
|-ability|p2a: Ting-Lu|Vessel of Ruin
|turn|7
|
|t:|1779890457
|move|p1a: Regieleki|Thunderbolt|p2a: Ting-Lu
|-supereffective|p2a: Ting-Lu
|-damage|p2a: Ting-Lu|12/100
|move|p2a: Ting-Lu|Payback|p1a: Regieleki
|-damage|p1a: Regieleki|25/100
|-enditem|p1a: Regieleki|Air Balloon
|
|-heal|p2a: Ting-Lu|18/100|[from] item: Leftovers
|upkeep
|turn|8
|
|t:|1779890465
|switch|p2a: Slowking|Slowking-Galar, M|100/100
|move|p1a: Regieleki|Thunderbolt|p2a: Slowking
|-damage|p2a: Slowking|58/100
|
|upkeep
|turn|9
|
|t:|1779890471
|move|p1a: Regieleki|Volt Switch|p2a: Slowking
|-damage|p2a: Slowking|23/100
|
|t:|1779890477
|switch|p1a: Dragapult|Dragapult, F|100/100|[from] Volt Switch
|move|p2a: Slowking|Ice Beam|p1a: Dragapult
|-supereffective|p1a: Dragapult
|-damage|p1a: Dragapult|37/100
|
|upkeep
|turn|10
|
|t:|1779890501
|switch|p2a: Corviknight|Corviknight, F|100/100
|-ability|p2a: Corviknight|Pressure
|move|p1a: Dragapult|Dragon Darts|p2a: Corviknight
|-resisted|p2a: Corviknight
|-damage|p2a: Corviknight|93/100
|-anim|p1a: Dragapult|Dragon Darts|p2a: Corviknight
|-resisted|p2a: Corviknight
|-damage|p2a: Corviknight|86/100
|
|upkeep
|turn|11
|
|t:|1779890511
|move|p1a: Dragapult|U-turn|p2a: Corviknight
|-resisted|p2a: Corviknight
|-damage|p2a: Corviknight|83/100
|-damage|p1a: Dragapult|20/100|[from] item: Rocky Helmet|[of] p2a: Corviknight
|
|t:|1779890516
|switch|p1a: Regieleki|Regieleki|25/100|[from] U-turn
|move|p2a: Corviknight|Brave Bird|p1a: Regieleki
|-resisted|p1a: Regieleki
|-damage|p1a: Regieleki|0 fnt
|faint|p1a: Regieleki
|-damage|p2a: Corviknight|77/100|[from] Recoil
|
|upkeep
|
|t:|1779890524
|switch|p1a: Primarina|Primarina, F|23/100
|turn|12
|
|t:|1779890533
|move|p2a: Corviknight|Brave Bird|p1a: Primarina
|-damage|p1a: Primarina|0 fnt
|faint|p1a: Primarina
|-damage|p2a: Corviknight|71/100|[from] Recoil
|
|upkeep
|
|t:|1779890539
|switch|p1a: Glimmora|Glimmora, M|100/100
|-item|p1a: Glimmora|Air Balloon
|turn|13
|
|t:|1779890550
|move|p1a: Glimmora|Power Gem|p2a: Corviknight
|-damage|p2a: Corviknight|33/100
|move|p2a: Corviknight|Roost|p2a: Corviknight
|-heal|p2a: Corviknight|83/100
|-singleturn|p2a: Corviknight|move: Roost
|
|upkeep
|turn|14
|
|t:|1779890558
|switch|p2a: Dondozo|Dondozo, F|100/100
|move|p1a: Glimmora|Stealth Rock|p2a: Dondozo
|-sidestart|p2: claudechamp|move: Stealth Rock
|
|upkeep
|turn|15
|
|t:|1779890568
|switch|p1a: Zamazenta|Zamazenta|100/100
|-ability|p1a: Zamazenta|Dauntless Shield|boost
|-boost|p1a: Zamazenta|def|1
|move|p2a: Dondozo|Waterfall|p1a: Zamazenta
|-damage|p1a: Zamazenta|82/100
|
|-heal|p1a: Zamazenta|88/100|[from] item: Leftovers
|upkeep
|turn|16
|
|t:|1779890576
|move|p1a: Zamazenta|Iron Defense|p1a: Zamazenta
|-boost|p1a: Zamazenta|def|2
|move|p2a: Dondozo|Curse|p2a: Dondozo
|-unboost|p2a: Dondozo|spe|1
|-boost|p2a: Dondozo|atk|1
|-boost|p2a: Dondozo|def|1
|
|-heal|p1a: Zamazenta|94/100|[from] item: Leftovers
|upkeep
|turn|17
|
|t:|1779890584
|move|p1a: Zamazenta|Body Press|p2a: Dondozo
|-damage|p2a: Dondozo|85/100
|move|p2a: Dondozo|Waterfall|p1a: Zamazenta
|-damage|p1a: Zamazenta|64/100
|
|-heal|p1a: Zamazenta|70/100|[from] item: Leftovers
|-heal|p2a: Dondozo|91/100|[from] item: Leftovers
|upkeep
|turn|18
|
|t:|1779890597
|move|p1a: Zamazenta|Body Press|p2a: Dondozo
|-damage|p2a: Dondozo|72/100
|move|p2a: Dondozo|Waterfall|p1a: Zamazenta
|-damage|p1a: Zamazenta|40/100
|
|-heal|p1a: Zamazenta|47/100|[from] item: Leftovers
|-heal|p2a: Dondozo|79/100|[from] item: Leftovers
|upkeep
|turn|19
|
|t:|1779890609
|move|p1a: Zamazenta|Iron Defense|p1a: Zamazenta
|-boost|p1a: Zamazenta|def|2
|move|p2a: Dondozo|Waterfall|p1a: Zamazenta
|-damage|p1a: Zamazenta|20/100
|
|-heal|p1a: Zamazenta|27/100|[from] item: Leftovers
|-heal|p2a: Dondozo|85/100|[from] item: Leftovers
|upkeep
|turn|20
|
|t:|1779890620
|move|p1a: Zamazenta|Body Press|p2a: Dondozo
|-damage|p2a: Dondozo|67/100
|move|p2a: Dondozo|Waterfall|p1a: Zamazenta
|-damage|p1a: Zamazenta|0 fnt
|faint|p1a: Zamazenta
|
|-heal|p2a: Dondozo|73/100|[from] item: Leftovers
|upkeep
|
|t:|1779890628
|switch|p1a: Glimmora|Glimmora, M|100/100
|-item|p1a: Glimmora|Air Balloon
|turn|21
|
|t:|1779890640
|move|p1a: Glimmora|Sludge Bomb|p2a: Dondozo
|-crit|p2a: Dondozo
|-damage|p2a: Dondozo|27/100
|move|p2a: Dondozo|Waterfall|p1a: Glimmora
|-supereffective|p1a: Glimmora
|-damage|p1a: Glimmora|15/100
|-activate|p1a: Glimmora|ability: Toxic Debris
|-sidestart|p2: claudechamp|move: Toxic Spikes
|-enditem|p1a: Glimmora|Air Balloon
|
|-heal|p2a: Dondozo|33/100|[from] item: Leftovers
|upkeep
|turn|22
|
|t:|1779890650
|move|p1a: Glimmora|Sludge Bomb|p2a: Dondozo
|-damage|p2a: Dondozo|2/100
|-status|p2a: Dondozo|psn
|move|p2a: Dondozo|Rest|p2a: Dondozo
|-status|p2a: Dondozo|slp|[from] move: Rest
|-heal|p2a: Dondozo|100/100 slp|[silent]
|
|upkeep
|turn|23
|
|t:|1779890658
|move|p1a: Glimmora|Sludge Bomb|p2a: Dondozo
|-damage|p2a: Dondozo|72/100 slp
|cant|p2a: Dondozo|slp
|
|-heal|p2a: Dondozo|78/100 slp|[from] item: Leftovers
|upkeep
|turn|24
|
|t:|1779890672
|move|p1a: Glimmora|Sludge Bomb|p2a: Dondozo
|-damage|p2a: Dondozo|47/100 slp
|cant|p2a: Dondozo|slp
|
|-heal|p2a: Dondozo|54/100 slp|[from] item: Leftovers
|upkeep
|turn|25
|
|t:|1779890684
|move|p1a: Glimmora|Sludge Bomb|p2a: Dondozo
|-damage|p2a: Dondozo|24/100 slp
|-curestatus|p2a: Dondozo|slp|[msg]
|move|p2a: Dondozo|Waterfall|p1a: Glimmora
|-supereffective|p1a: Glimmora
|-damage|p1a: Glimmora|0 fnt
|-activate|p1a: Glimmora|ability: Toxic Debris
|-sidestart|p2: claudechamp|move: Toxic Spikes
|faint|p1a: Glimmora
|
|-heal|p2a: Dondozo|30/100|[from] item: Leftovers
|upkeep
|
|t:|1779890695
|switch|p1a: Dragapult|Dragapult, F|20/100
|turn|26
|
|t:|1779890707
|move|p1a: Dragapult|Dragon Darts|p2a: Dondozo
|-damage|p2a: Dondozo|19/100
|-anim|p1a: Dragapult|Dragon Darts|p2a: Dondozo
|-damage|p2a: Dondozo|9/100
|move|p2a: Dondozo|Waterfall|p1a: Dragapult
|-resisted|p1a: Dragapult
|-damage|p1a: Dragapult|0 fnt
|faint|p1a: Dragapult
|
|-heal|p2a: Dondozo|15/100|[from] item: Leftovers
|upkeep
|
|t:|1779890717
|switch|p1a: Kingambit|Kingambit, M|100/100
|-activate|p1a: Kingambit|ability: Supreme Overlord
|-start|p1a: Kingambit|fallen5|[silent]
|turn|27
|
|t:|1779890726
|move|p1a: Kingambit|Swords Dance|p1a: Kingambit
|-boost|p1a: Kingambit|atk|2
|move|p2a: Dondozo|Curse|p2a: Dondozo
|-unboost|p2a: Dondozo|spe|1
|-boost|p2a: Dondozo|atk|1
|-boost|p2a: Dondozo|def|1
|
|-heal|p2a: Dondozo|22/100|[from] item: Leftovers
|upkeep
|turn|28
|
|t:|1779890737
|move|p1a: Kingambit|Kowtow Cleave|p2a: Dondozo
|-damage|p2a: Dondozo|1/100
|move|p2a: Dondozo|Body Press|p1a: Kingambit
|-supereffective|p1a: Kingambit
|-damage|p1a: Kingambit|0 fnt
|faint|p1a: Kingambit
|-end|p1a: Kingambit|fallen5|[silent]
|
|win|claudechamp
|raw|lgchargers's rating: 1265 &rarr; <strong>1243</strong><br />(-22 for losing)
|raw|claudechamp's rating: 1311 &rarr; <strong>1328</strong><br />(+17 for winning)
|l|☆lgchargers
|player|p1|
|c|☆claudechamp|gg
