|j|☆xxxduqi
|j|☆angel engine
|t:|1779859284
|gametype|singles
|player|p1|xxxduqi|miku-flying|1475
|player|p2|angel engine|170|1505
|gen|9
|tier|[Gen 9] OU
|rated|
|rule|HP Percentage Mod: HP is shown in percentages
|rule|Endless Battle Clause: Forcing endless battles is banned
|rule|Species Clause: Limit one of each Pokémon
|rule|OHKO Clause: OHKO moves are banned
|rule|Evasion Items Clause: Evasion items are banned
|rule|Evasion Moves Clause: Evasion moves are banned
|rule|Evasion Abilities Clause: Evasion abilities are banned
|rule|Sleep Moves Clause: Sleep-inducing moves are banned
|clearpoke
|poke|p1|Zapdos-Galar|
|poke|p1|Blissey, F|
|poke|p1|Darkrai|
|poke|p1|Gliscor, F|
|poke|p1|Skarmory, M|
|poke|p1|Pecharunt|
|poke|p2|Tyranitar, M|
|poke|p2|Excadrill, M|
|poke|p2|Kingambit, M|
|poke|p2|Garchomp, M|
|poke|p2|Pecharunt|
|poke|p2|Rotom-Wash|
|teampreview
|inactive|Battle timer is ON: inactive players will automatically lose when time's up. (requested by xxxduqi)
|inactive|angel engine also wants the timer to be on.
|
|t:|1779859303
|teamsize|p1|6
|teamsize|p2|6
|start
|switch|p1a: Zapdos|Zapdos-Galar|100/100
|switch|p2a: Tyranitar|Tyranitar, M|100/100
|-weather|Sandstorm|[from] ability: Sand Stream|[of] p2a: Tyranitar
|turn|1
|
|t:|1779859307
|switch|p2a: Pecharunt|Pecharunt|100/100
|-item|p2a: Pecharunt|Air Balloon
|move|p1a: Zapdos|U-turn|p2a: Pecharunt
|-resisted|p2a: Pecharunt
|-damage|p2a: Pecharunt|97/100
|-enditem|p2a: Pecharunt|Air Balloon
|
|t:|1779859316
|switch|p1a: Skarmory|Skarmory, M|100/100|[from] U-turn
|
|-weather|Sandstorm|[upkeep]
|-damage|p2a: Pecharunt|90/100|[from] Sandstorm
|upkeep
|turn|2
|
|t:|1779859323
|move|p2a: Pecharunt|Parting Shot|p1a: Skarmory
|-unboost|p1a: Skarmory|atk|1
|-unboost|p1a: Skarmory|spa|1
|
|t:|1779859344
|switch|p2a: Tyranitar|Tyranitar, M|100/100|[from] Parting Shot
|move|p1a: Skarmory|Spikes|p2a: Tyranitar
|-sidestart|p2: angel engine|Spikes
|
|-weather|Sandstorm|[upkeep]
|upkeep
|turn|3
|
|t:|1779859348
|move|p1a: Skarmory|Body Press|p2a: Tyranitar
|-supereffective|p2a: Tyranitar
|-damage|p2a: Tyranitar|0 fnt
|faint|p2a: Tyranitar
|
|-weather|Sandstorm|[upkeep]
|upkeep
|
|t:|1779859356
|switch|p2a: Garchomp|Garchomp, M|100/100
|-damage|p2a: Garchomp|88/100|[from] Spikes
|turn|4
|
|t:|1779859360
|switch|p1a: Gliscor|Gliscor, F|100/100
|move|p2a: Garchomp|Swords Dance|p2a: Garchomp
|-boost|p2a: Garchomp|atk|2
|
|-weather|Sandstorm|[upkeep]
|-status|p1a: Gliscor|tox|[from] item: Toxic Orb
|upkeep
|turn|5
|
|t:|1779859364
|move|p2a: Garchomp|Scale Shot|p1a: Gliscor
|-damage|p1a: Gliscor|81/100 tox
|-damage|p1a: Gliscor|61/100 tox
|-damage|p1a: Gliscor|39/100 tox
|-damage|p1a: Gliscor|18/100 tox
|-damage|p1a: Gliscor|0 fnt
|faint|p1a: Gliscor
|-hitcount|p1: Gliscor|5
|-unboost|p2a: Garchomp|def|1
|-boost|p2a: Garchomp|spe|1
|
|-weather|Sandstorm|[upkeep]
|upkeep
|
|t:|1779859372
|switch|p1a: Skarmory|Skarmory, M|100/100
|turn|6
|
|t:|1779859379
|-terastallize|p2a: Garchomp|Fire
|move|p2a: Garchomp|Fire Fang|p1a: Skarmory
|-supereffective|p1a: Skarmory
|-damage|p1a: Skarmory|17/100
|-damage|p2a: Garchomp|72/100|[from] item: Rocky Helmet|[of] p1a: Skarmory
|move|p1a: Skarmory|Whirlwind|p2a: Garchomp
|drag|p2a: Pecharunt|Pecharunt|90/100
|-damage|p2a: Pecharunt|78/100|[from] Spikes
|
|-weather|Sandstorm|[upkeep]
|-damage|p2a: Pecharunt|72/100|[from] Sandstorm
|upkeep
|turn|7
|
|t:|1779859385
|switch|p1a: Blissey|Blissey, F|100/100
|move|p2a: Pecharunt|Parting Shot|p1a: Blissey
|-unboost|p1a: Blissey|atk|1
|-unboost|p1a: Blissey|spa|1
|
|t:|1779859388
|switch|p2a: Kingambit|Kingambit, M|100/100|[from] Parting Shot
|-damage|p2a: Kingambit|88/100|[from] Spikes
|-activate|p2a: Kingambit|ability: Supreme Overlord
|-start|p2a: Kingambit|fallen1|[silent]
|
|-weather|Sandstorm|[upkeep]
|-damage|p1a: Blissey|94/100|[from] Sandstorm
|upkeep
|turn|8
|
|t:|1779859393
|switch|p1a: Zapdos|Zapdos-Galar|100/100
|move|p2a: Kingambit|Iron Head|p1a: Zapdos
|-damage|p1a: Zapdos|42/100
|
|-weather|none
|upkeep
|turn|9
|
|t:|1779859399
|-end|p2a: Kingambit|fallen1|[silent]
|switch|p2a: Pecharunt|Pecharunt|72/100
|-damage|p2a: Pecharunt|60/100|[from] Spikes
|move|p1a: Zapdos|U-turn|p2a: Pecharunt
|-resisted|p2a: Pecharunt
|-damage|p2a: Pecharunt|55/100
|
|t:|1779859403
|switch|p1a: Darkrai|Darkrai|100/100|[from] U-turn
|
|upkeep
|turn|10
|
|t:|1779859425
|move|p1a: Darkrai|Dark Pulse|p2a: Pecharunt
|-supereffective|p2a: Pecharunt
|-damage|p2a: Pecharunt|0 fnt
|faint|p2a: Pecharunt
|
|upkeep
|
|t:|1779859430
|switch|p2a: Kingambit|Kingambit, M|88/100
|-damage|p2a: Kingambit|76/100|[from] Spikes
|-activate|p2a: Kingambit|ability: Supreme Overlord
|-start|p2a: Kingambit|fallen2|[silent]
|turn|11
|
|t:|1779859433
|move|p1a: Darkrai|Will-O-Wisp|p2a: Kingambit
|-status|p2a: Kingambit|brn
|move|p2a: Kingambit|Swords Dance|p2a: Kingambit
|-boost|p2a: Kingambit|atk|2
|
|-damage|p2a: Kingambit|70/100 brn|[from] brn
|upkeep
|turn|12
|
|t:|1779859439
|switch|p1a: Skarmory|Skarmory, M|17/100
|move|p2a: Kingambit|Swords Dance|p2a: Kingambit
|-boost|p2a: Kingambit|atk|2
|
|-damage|p2a: Kingambit|64/100 brn|[from] brn
|upkeep
|turn|13
|
|t:|1779859444
|move|p1a: Skarmory|Roost|p1a: Skarmory
|-heal|p1a: Skarmory|67/100
|-singleturn|p1a: Skarmory|move: Roost
|move|p2a: Kingambit|Kowtow Cleave|p1a: Skarmory
|-damage|p1a: Skarmory|0 fnt
|-damage|p2a: Kingambit|47/100 brn|[from] item: Rocky Helmet|[of] p1a: Skarmory
|faint|p1a: Skarmory
|
|-damage|p2a: Kingambit|41/100 brn|[from] brn
|upkeep
|
|t:|1779859449
|switch|p1a: Zapdos|Zapdos-Galar|42/100
|turn|14
|
|t:|1779859451
|move|p2a: Kingambit|Sucker Punch|p1a: Zapdos
|-resisted|p1a: Zapdos
|-damage|p1a: Zapdos|0 fnt
|faint|p1a: Zapdos
|
|-damage|p2a: Kingambit|35/100 brn|[from] brn
|upkeep
|
|t:|1779859460
|switch|p1a: Darkrai|Darkrai|100/100
|turn|15
|
|t:|1779859464
|move|p2a: Kingambit|Sucker Punch|p1a: Darkrai
|-resisted|p1a: Darkrai
|-damage|p1a: Darkrai|44/100
|move|p1a: Darkrai|Dark Pulse|p2a: Kingambit
|-resisted|p2a: Kingambit
|-damage|p2a: Kingambit|12/100 brn
|
|-damage|p2a: Kingambit|6/100 brn|[from] brn
|upkeep
|turn|16
|
|t:|1779859469
|switch|p1a: Pecharunt|Pecharunt|100/100
|-item|p1a: Pecharunt|Air Balloon
|move|p2a: Kingambit|Kowtow Cleave|p1a: Pecharunt
|-supereffective|p1a: Pecharunt
|-damage|p1a: Pecharunt|0 fnt
|-enditem|p1a: Pecharunt|Air Balloon
|faint|p1a: Pecharunt
|
|-damage|p2a: Kingambit|0 fnt|[from] brn
|faint|p2a: Kingambit
|-end|p2a: Kingambit|fallen2|[silent]
|upkeep
|
|t:|1779859478
|switch|p1a: Darkrai|Darkrai|44/100
|switch|p2a: Excadrill|Excadrill, M|100/100
|-damage|p2a: Excadrill|88/100|[from] Spikes
|turn|17
|
|t:|1779859481
|move|p1a: Darkrai|Will-O-Wisp|p2a: Excadrill|[miss]
|-miss|p1a: Darkrai|p2a: Excadrill
|move|p2a: Excadrill|Rapid Spin|p1a: Darkrai
|-damage|p1a: Darkrai|10/100
|-boost|p2a: Excadrill|spe|1
|-sideend|p2: angel engine|Spikes|[from] move: Rapid Spin|[of] p2a: Excadrill
|-damage|p2a: Excadrill|78/100|[from] item: Life Orb
|
|upkeep
|turn|18
|-message|xxxduqi forfeited.
|
|win|angel engine
|raw|xxxduqi's rating: 1475 &rarr; <strong>1457</strong><br />(-18 for losing)
|raw|angel engine's rating: 1505 &rarr; <strong>1523</strong><br />(+18 for winning)
|l|☆xxxduqi
|player|p1|
|l|☆angel engine
|player|p2|
