|badge|p2|bronze|gen9ubers|100-9
|uhtml|medal-msg|<div class="broadcast-blue">Curious what those medals under the avatar are? PS now has Ladder Seasons! For more information, check out the <a href="https://www.smogon.com/forums/threads/3740067/">thread on Smogon.</a></div>
|j|☆AKGD
|j|☆itztrip
|t:|1779906244
|gametype|singles
|player|p1|AKGD|miku-flying|1519
|player|p2|itztrip|proton|1561
|gen|9
|tier|[Gen 9] OU
|rated|
|rule|HP Percentage Mod: HP is shown in percentages
|rule|Endless Battle Clause: Forcing endless battles is banned
|rule|Species Clause: Limit one of each Pokémon
|rule|OHKO Clause: OHKO moves are banned
|rule|Evasion Items Clause: Evasion items are banned
|rule|Evasion Moves Clause: Evasion moves are banned
|rule|Evasion Abilities Clause: Evasion abilities are banned
|rule|Sleep Moves Clause: Sleep-inducing moves are banned
|clearpoke
|poke|p1|Iron Moth|
|poke|p1|Ogerpon-Wellspring, F|
|poke|p1|Raging Bolt|
|poke|p1|Great Tusk|
|poke|p1|Darkrai|
|poke|p1|Deoxys-Speed|
|poke|p2|Dragonite, M|
|poke|p2|Great Tusk|
|poke|p2|Deoxys-Speed|
|poke|p2|Gholdengo|
|poke|p2|Zamazenta-*|
|poke|p2|Iron Valiant|
|teampreview
|inactive|Battle timer is ON: inactive players will automatically lose when time's up. (requested by itztrip)
|inactive|AKGD also wants the timer to be on.
|
|t:|1779906249
|teamsize|p1|6
|teamsize|p2|6
|start
|switch|p1a: Deoxys|Deoxys-Speed|100/100
|switch|p2a: Deoxys|Deoxys-Speed|100/100
|-ability|p2a: Deoxys|Pressure
|-ability|p1a: Deoxys|Pressure
|turn|1
|
|t:|1779906261
|move|p1a: Deoxys|Taunt|p2a: Deoxys
|-start|p2a: Deoxys|move: Taunt
|cant|p2a: Deoxys|move: Taunt|Taunt
|
|upkeep
|turn|2
|
|t:|1779906267
|switch|p2a: Gholdengo|Gholdengo|100/100
|move|p1a: Deoxys|Light Screen|p1a: Deoxys
|-sidestart|p1: AKGD|move: Light Screen
|
|upkeep
|turn|3
|j| Lowladderubersnoob
|
|t:|1779906282
|move|p1a: Deoxys|Icy Wind|p2a: Gholdengo
|-resisted|p2a: Gholdengo
|-damage|p2a: Gholdengo|94/100
|-unboost|p2a: Gholdengo|spe|1
|move|p2a: Gholdengo|Shadow Ball|p1a: Deoxys
|-supereffective|p1a: Deoxys
|-damage|p1a: Deoxys|50/100
|-unboost|p1a: Deoxys|spd|1
|
|upkeep
|turn|4
|
|t:|1779906291
|move|p1a: Deoxys|Reflect|p1a: Deoxys
|-sidestart|p1: AKGD|Reflect
|move|p2a: Gholdengo|Shadow Ball|p1a: Deoxys
|-supereffective|p1a: Deoxys
|-damage|p1a: Deoxys|0 fnt
|faint|p1a: Deoxys
|
|upkeep
|
|t:|1779906302
|switch|p1a: Darkrai|Darkrai|100/100
|turn|5
|
|t:|1779906310
|switch|p2a: Deoxys|Deoxys-Speed|100/100
|-ability|p2a: Deoxys|Pressure
|move|p1a: Darkrai|Nasty Plot|p1a: Darkrai
|-boost|p1a: Darkrai|spa|2
|
|upkeep
|turn|6
|l| Lowladderubersnoob
|
|t:|1779906320
|move|p2a: Deoxys|Stealth Rock|p1a: Darkrai
|-sidestart|p1: AKGD|move: Stealth Rock
|move|p1a: Darkrai|Dark Pulse|p2a: Deoxys
|-supereffective|p2a: Deoxys
|-enditem|p2a: Deoxys|Focus Sash
|-damage|p2a: Deoxys|1/100
|
|upkeep
|turn|7
|
|t:|1779906328
|move|p2a: Deoxys|Spikes|p1a: Darkrai
|-sidestart|p1: AKGD|Spikes
|move|p1a: Darkrai|Dark Pulse|p2a: Deoxys
|-supereffective|p2a: Deoxys
|-damage|p2a: Deoxys|0 fnt
|faint|p2a: Deoxys
|
|upkeep
|
|t:|1779906331
|switch|p2a: Iron Valiant|Iron Valiant|100/100
|-enditem|p2a: Iron Valiant|Booster Energy
|-activate|p2a: Iron Valiant|ability: Quark Drive|[fromitem]
|-start|p2a: Iron Valiant|quarkdrivespe
|turn|8
|
|t:|1779906350
|-terastallize|p1a: Darkrai|Poison
|move|p2a: Iron Valiant|Destiny Bond|p2a: Iron Valiant
|-singlemove|p2a: Iron Valiant|Destiny Bond
|move|p1a: Darkrai|Ice Beam|p2a: Iron Valiant
|-damage|p2a: Iron Valiant|0 fnt
|faint|p2a: Iron Valiant
|-activate|p2a: Iron Valiant|move: Destiny Bond
|-end|p2a: Iron Valiant|Quark Drive|[silent]
|faint|p1a: Darkrai
|
|upkeep
|
|t:|1779906364
|switch|p1a: Iron Moth|Iron Moth|100/100
|switch|p2a: Zamazenta|Zamazenta|100/100
|-ability|p2a: Zamazenta|Dauntless Shield|boost
|-boost|p2a: Zamazenta|def|1
|-damage|p1a: Iron Moth|76/100|[from] Stealth Rock
|-damage|p1a: Iron Moth|63/100|[from] Spikes
|-enditem|p1a: Iron Moth|Booster Energy
|-activate|p1a: Iron Moth|ability: Quark Drive|[fromitem]
|-start|p1a: Iron Moth|quarkdrivespe
|turn|9
|
|t:|1779906379
|switch|p2a: Dragonite|Dragonite, M|100/100
|move|p1a: Iron Moth|Fiery Dance|p2a: Dragonite
|-resisted|p2a: Dragonite
|-damage|p2a: Dragonite|90/100
|
|-sideend|p1: AKGD|move: Light Screen
|upkeep
|turn|10
|
|t:|1779906386
|move|p1a: Iron Moth|Dazzling Gleam|p2a: Dragonite
|-supereffective|p2a: Dragonite
|-damage|p2a: Dragonite|33/100
|move|p2a: Dragonite|Outrage|p1a: Iron Moth
|-damage|p1a: Iron Moth|0 fnt
|faint|p1a: Iron Moth
|-end|p1a: Iron Moth|Quark Drive|[silent]
|-damage|p2a: Dragonite|23/100|[from] item: Life Orb
|
|upkeep
|
|t:|1779906398
|switch|p1a: Dragonship|Great Tusk|100/100
|-damage|p1a: Dragonship|97/100|[from] Stealth Rock
|-damage|p1a: Dragonship|85/100|[from] Spikes
|-enditem|p1a: Dragonship|Booster Energy
|-activate|p1a: Dragonship|ability: Protosynthesis|[fromitem]
|-start|p1a: Dragonship|protosynthesisspe
|turn|11
|
|t:|1779906427
|move|p1a: Dragonship|Bulk Up|p1a: Dragonship
|-boost|p1a: Dragonship|atk|1
|-boost|p1a: Dragonship|def|1
|move|p2a: Dragonite|Outrage|p1a: Dragonship|[from] lockedmove
|-damage|p1a: Dragonship|67/100
|-damage|p2a: Dragonite|13/100|[from] item: Life Orb
|
|-sideend|p1: AKGD|Reflect
|upkeep
|turn|12
|
|t:|1779906440
|move|p1a: Dragonship|Rapid Spin|p2a: Dragonite
|-damage|p2a: Dragonite|0 fnt
|-boost|p1a: Dragonship|spe|1
|-sideend|p1: AKGD|Spikes|[from] move: Rapid Spin|[of] p1a: Dragonship
|-sideend|p1: AKGD|Stealth Rock|[from] move: Rapid Spin|[of] p1a: Dragonship
|faint|p2a: Dragonite
|
|upkeep
|inactive|itztrip has 120 seconds left.
|inactive|itztrip has 90 seconds left.
|
|t:|1779906499
|switch|p2a: Gholdengo|Gholdengo|94/100
|turn|13
|
|t:|1779906513
|-terastallize|p2a: Gholdengo|Fairy
|move|p1a: Dragonship|Headlong Rush|p2a: Gholdengo
|-damage|p2a: Gholdengo|33/100
|-unboost|p1a: Dragonship|def|1
|-unboost|p1a: Dragonship|spd|1
|move|p2a: Gholdengo|Make It Rain|p1a: Dragonship
|-damage|p1a: Dragonship|0 fnt
|-unboost|p2a: Gholdengo|spa|1
|faint|p1a: Dragonship
|-end|p1a: Dragonship|Protosynthesis|[silent]
|
|upkeep
|
|t:|1779906530
|switch|p1a: Ogerpon|Ogerpon-Wellspring, F|100/100
|turn|14
|
|t:|1779906540
|move|p1a: Ogerpon|Swords Dance|p1a: Ogerpon
|-boost|p1a: Ogerpon|atk|2
|move|p2a: Gholdengo|Shadow Ball|p1a: Ogerpon
|-damage|p1a: Ogerpon|68/100
|
|upkeep
|turn|15
|
|t:|1779906546
|move|p1a: Ogerpon|Trailblaze|p2a: Gholdengo
|-damage|p2a: Gholdengo|0 fnt
|-boost|p1a: Ogerpon|spe|1
|faint|p2a: Gholdengo
|
|upkeep
|
|t:|1779906548
|switch|p2a: Zamazenta|Zamazenta|100/100
|turn|16
|
|t:|1779906554
|move|p1a: Ogerpon|Ivy Cudgel|p2a: Zamazenta|[anim] Ivy Cudgel Water
|-damage|p2a: Zamazenta|0 fnt
|faint|p2a: Zamazenta
|
|upkeep
|-message|itztrip forfeited.
|
|win|AKGD
|raw|AKGD's rating: 1519 &rarr; <strong>1541</strong><br />(+22 for winning)
|raw|itztrip's rating: 1561 &rarr; <strong>1539</strong><br />(-22 for losing)
|l|☆itztrip
|player|p2|
|c|☆AKGD|gg
