|j|‽vdvsdvvvv
|j|☆passtimeatwork1994
|t:|1779942288
|gametype|singles
|player|p1|vdvsdvvvv|265|1056
|player|p2|passtimeatwork1994|102|1133
|gen|9
|tier|[Gen 9] OU
|rated|
|rule|HP Percentage Mod: HP is shown in percentages
|rule|Endless Battle Clause: Forcing endless battles is banned
|rule|Species Clause: Limit one of each Pokémon
|rule|OHKO Clause: OHKO moves are banned
|rule|Evasion Items Clause: Evasion items are banned
|rule|Evasion Moves Clause: Evasion moves are banned
|rule|Evasion Abilities Clause: Evasion abilities are banned
|rule|Sleep Moves Clause: Sleep-inducing moves are banned
|clearpoke
|poke|p1|Hatterene, F|
|poke|p1|Pelipper, F|
|poke|p1|Kingambit, M|
|poke|p1|Iron Treads|
|poke|p1|Zapdos|
|poke|p1|Iron Moth|
|poke|p2|Hydrapple, M|
|poke|p2|Alomomola, M|
|poke|p2|Regice|
|poke|p2|Slowking-Galar, F|
|poke|p2|Great Tusk|
|poke|p2|Arcanine-Hisui, M|
|teampreview
|
|t:|1779942310
|teamsize|p1|6
|teamsize|p2|6
|start
|switch|p1a: Kingambit|Kingambit, M|100/100
|switch|p2a: Arcanine|Arcanine-Hisui, M|100/100
|turn|1
|
|t:|1779942317
|move|p1a: Kingambit|Sucker Punch|p2a: Arcanine
|-damage|p2a: Arcanine|24/100
|move|p2a: Arcanine|Close Combat|p1a: Kingambit
|-supereffective|p1a: Kingambit
|-damage|p1a: Kingambit|0 fnt
|-unboost|p2a: Arcanine|def|1
|-unboost|p2a: Arcanine|spd|1
|faint|p1a: Kingambit
|-end|p1a: Kingambit|fallenundefined|[silent]
|
|upkeep
|
|t:|1779942322
|switch|p1a: Iron Moth|Iron Moth|100/100
|-enditem|p1a: Iron Moth|Booster Energy
|-activate|p1a: Iron Moth|ability: Quark Drive|[fromitem]
|-start|p1a: Iron Moth|quarkdrivespa
|turn|2
|
|t:|1779942331
|switch|p2a: Slowking|Slowking-Galar, F|100/100
|move|p1a: Iron Moth|Fiery Dance|p2a: Slowking
|-damage|p2a: Slowking|65/100
|-boost|p1a: Iron Moth|spa|1
|
|upkeep
|turn|3
|
|t:|1779942343
|-terastallize|p1a: Iron Moth|Water
|move|p1a: Iron Moth|Fiery Dance|p2a: Slowking
|-damage|p2a: Slowking|12/100
|move|p2a: Slowking|Future Sight|p1a: Iron Moth
|-start|p2a: Slowking|move: Future Sight
|
|upkeep
|turn|4
|
|t:|1779942354
|switch|p2a: Alomomola|Alomomola, M|100/100
|move|p1a: Iron Moth|Fiery Dance|p2a: Alomomola
|-resisted|p2a: Alomomola
|-damage|p2a: Alomomola|50/100
|
|-heal|p2a: Alomomola|56/100|[from] item: Leftovers
|upkeep
|turn|5
|
|t:|1779942363
|move|p1a: Iron Moth|Sludge Wave|p2a: Alomomola
|-damage|p2a: Alomomola|0 fnt
|faint|p2a: Alomomola
|
|-end|p1a: Iron Moth|move: Future Sight
|-damage|p1a: Iron Moth|55/100
|upkeep
|
|t:|1779942369
|switch|p2a: Regice|Regice|100/100
|turn|6
|
|t:|1779942375
|move|p1a: Iron Moth|Fiery Dance|p2a: Regice
|-supereffective|p2a: Regice
|-crit|p2a: Regice
|-damage|p2a: Regice|0 fnt
|faint|p2a: Regice
|
|upkeep
|-message|passtimeatwork1994 forfeited.
|
|win|vdvsdvvvv
|raw|vdvsdvvvv's rating: 1056 &rarr; <strong>1094</strong><br />(+38 for winning)
|raw|passtimeatwork1994's rating: 1133 &rarr; <strong>1103</strong><br />(-30 for losing)
|l|☆passtimeatwork1994
|player|p2|
|l|‽vdvsdvvvv
|player|p1|
