|j|☆lolkingston
|j|☆sicns
|t:|1779948892
|gametype|singles
|player|p1|lolkingston|102|1507
|player|p2|sicns|cynthia-gen4|1465
|gen|9
|tier|[Gen 9] OU
|rated|
|rule|HP Percentage Mod: HP is shown in percentages
|rule|Endless Battle Clause: Forcing endless battles is banned
|rule|Species Clause: Limit one of each Pokémon
|rule|OHKO Clause: OHKO moves are banned
|rule|Evasion Items Clause: Evasion items are banned
|rule|Evasion Moves Clause: Evasion moves are banned
|rule|Evasion Abilities Clause: Evasion abilities are banned
|rule|Sleep Moves Clause: Sleep-inducing moves are banned
|clearpoke
|poke|p1|Regieleki|
|poke|p1|Raging Bolt|
|poke|p1|Overqwil, M|
|poke|p1|Greninja-*, M|
|poke|p1|Pelipper, M|
|poke|p1|Iron Treads|
|poke|p2|Samurott-Hisui, M|
|poke|p2|Zapdos|
|poke|p2|Iron Treads|
|poke|p2|Ceruledge, M|
|poke|p2|Gholdengo|
|poke|p2|Kingambit, M|
|teampreview
|
|t:|1779948897
|teamsize|p1|6
|teamsize|p2|6
|start
|switch|p1a: Regieleki|Regieleki, shiny|100/100
|switch|p2a: Iron Treads|Iron Treads|100/100
|turn|1
|
|t:|1779948904
|switch|p1a: Pelipper|Pelipper, M, shiny|100/100
|-weather|RainDance|[from] ability: Drizzle|[of] p1a: Pelipper
|move|p2a: Iron Treads|Knock Off|p1a: Pelipper
|-damage|p1a: Pelipper|62/100
|-enditem|p1a: Pelipper|Damp Rock|[from] move: Knock Off|[of] p2a: Iron Treads
|
|-weather|RainDance|[upkeep]
|upkeep
|turn|2
|
|t:|1779948913
|-end|p2a: Iron Treads|Quark Drive|[silent]
|switch|p2a: Samurott|Samurott-Hisui, M|100/100
|move|p1a: Pelipper|Weather Ball|p2a: Samurott
|-resisted|p2a: Samurott
|-damage|p2a: Samurott|74/100
|
|-weather|RainDance|[upkeep]
|upkeep
|turn|3
|
|t:|1779948927
|switch|p1a: Raging Bolt|Raging Bolt|100/100
|-enditem|p1a: Raging Bolt|Booster Energy
|-activate|p1a: Raging Bolt|ability: Protosynthesis|[fromitem]
|-start|p1a: Raging Bolt|protosynthesisspa
|move|p2a: Samurott|Ceaseless Edge|p1a: Raging Bolt
|-damage|p1a: Raging Bolt|68/100
|-sidestart|p1: lolkingston|Spikes
|
|-weather|RainDance|[upkeep]
|upkeep
|turn|4
|
|t:|1779948955
|move|p2a: Samurott|Ceaseless Edge|p1a: Raging Bolt
|-damage|p1a: Raging Bolt|36/100
|-sidestart|p1: lolkingston|Spikes
|move|p1a: Raging Bolt|Dragon Pulse|p2a: Samurott
|-damage|p2a: Samurott|29/100
|
|-weather|RainDance|[upkeep]
|upkeep
|turn|5
|
|t:|1779948966
|move|p1a: Raging Bolt|Thunderclap|p2a: Samurott
|-supereffective|p2a: Samurott
|-damage|p2a: Samurott|0 fnt
|faint|p2a: Samurott
|
|-weather|RainDance|[upkeep]
|upkeep
|inactive|Battle timer is ON: inactive players will automatically lose when time's up. (requested by lolkingston)
|
|t:|1779948983
|switch|p2a: Kingambit|Kingambit, M|100/100
|-activate|p2a: Kingambit|ability: Supreme Overlord
|-start|p2a: Kingambit|fallen1|[silent]
|turn|6
|
|t:|1779948995
|-end|p1a: Raging Bolt|Protosynthesis|[silent]
|switch|p1a: Iron Treads|Iron Treads, shiny|100/100
|-damage|p1a: Iron Treads|84/100|[from] Spikes
|-enditem|p1a: Iron Treads|Booster Energy
|-activate|p1a: Iron Treads|ability: Quark Drive|[fromitem]
|-start|p1a: Iron Treads|quarkdrivespe
|move|p2a: Kingambit|Swords Dance|p2a: Kingambit
|-boost|p2a: Kingambit|atk|2
|
|-weather|RainDance|[upkeep]
|upkeep
|turn|7
|
|t:|1779949004
|-terastallize|p2a: Kingambit|Fighting
|move|p1a: Iron Treads|Earth Power|p2a: Kingambit
|-damage|p2a: Kingambit|63/100
|move|p2a: Kingambit|Low Kick|p1a: Iron Treads
|-supereffective|p1a: Iron Treads
|-damage|p1a: Iron Treads|0 fnt
|faint|p1a: Iron Treads
|-end|p1a: Iron Treads|Quark Drive|[silent]
|
|-weather|RainDance|[upkeep]
|-heal|p2a: Kingambit|69/100|[from] item: Leftovers
|upkeep
|
|t:|1779949008
|switch|p1a: Overqwil|Overqwil, M, shiny|100/100
|-damage|p1a: Overqwil|84/100|[from] Spikes
|turn|8
|
|t:|1779949027
|move|p1a: Overqwil|Liquidation|p2a: Kingambit
|-damage|p2a: Kingambit|20/100
|-damage|p1a: Overqwil|74/100|[from] item: Life Orb
|move|p2a: Kingambit|Iron Head|p1a: Overqwil
|-damage|p1a: Overqwil|0 fnt
|faint|p1a: Overqwil
|
|-weather|none
|-heal|p2a: Kingambit|27/100|[from] item: Leftovers
|upkeep
|
|t:|1779949033
|switch|p1a: Pelipper|Pelipper, M, shiny|62/100
|-weather|RainDance|[from] ability: Drizzle|[of] p1a: Pelipper
|turn|9
|
|t:|1779949040
|move|p2a: Kingambit|Sucker Punch|p1a: Pelipper
|-damage|p1a: Pelipper|0 fnt
|faint|p1a: Pelipper
|
|-weather|RainDance|[upkeep]
|-heal|p2a: Kingambit|33/100|[from] item: Leftovers
|upkeep
|
|t:|1779949043
|switch|p1a: Greninja|Greninja, M|100/100
|-damage|p1a: Greninja|84/100|[from] Spikes
|turn|10
|
|t:|1779949063
|-end|p2a: Kingambit|fallen1|[silent]
|switch|p2a: Zapdos|Zapdos|100/100
|move|p1a: Greninja|Water Shuriken|p2a: Zapdos
|-damage|p2a: Zapdos|85/100
|-damage|p2a: Zapdos|71/100
|-hitcount|p2a: Zapdos|2
|-damage|p1a: Greninja|74/100|[from] item: Life Orb
|
|-weather|RainDance|[upkeep]
|upkeep
|turn|11
|
|t:|1779949092
|move|p1a: Greninja|Surf|p2a: Zapdos
|-damage|p2a: Zapdos|0 fnt
|faint|p2a: Zapdos
|-ability|p1a: Greninja|Battle Bond|boost
|-boost|p1a: Greninja|atk|1
|-boost|p1a: Greninja|spa|1
|-boost|p1a: Greninja|spe|1
|-activate|p1a: Greninja|ability: Battle Bond
|-damage|p1a: Greninja|64/100|[from] item: Life Orb
|
|-weather|RainDance|[upkeep]
|upkeep
|
|t:|1779949101
|switch|p2a: Ceruledge|Ceruledge, M|100/100
|turn|12
|
|t:|1779949105
|move|p1a: Greninja|Water Shuriken|p2a: Ceruledge
|-supereffective|p2a: Ceruledge
|-damage|p2a: Ceruledge|57/100
|-supereffective|p2a: Ceruledge
|-damage|p2a: Ceruledge|15/100
|-supereffective|p2a: Ceruledge
|-damage|p2a: Ceruledge|0 fnt
|faint|p2a: Ceruledge
|-hitcount|p2: Ceruledge|3
|-damage|p1a: Greninja|55/100|[from] item: Life Orb
|
|-weather|RainDance|[upkeep]
|upkeep
|
|t:|1779949115
|switch|p2a: Gholdengo|Gholdengo|100/100
|-item|p2a: Gholdengo|Air Balloon
|turn|13
|
|t:|1779949122
|move|p1a: Greninja|Dark Pulse|p2a: Gholdengo
|-supereffective|p2a: Gholdengo
|-damage|p2a: Gholdengo|0 fnt
|-enditem|p2a: Gholdengo|Air Balloon
|faint|p2a: Gholdengo
|-damage|p1a: Greninja|45/100|[from] item: Life Orb
|
|-weather|none
|upkeep
|
|t:|1779949136
|switch|p2a: Kingambit|Kingambit, M, tera:Fighting|33/100
|-activate|p2a: Kingambit|ability: Supreme Overlord
|-start|p2a: Kingambit|fallen4|[silent]
|turn|14
|
|t:|1779949141
|move|p1a: Greninja|Water Shuriken|p2a: Kingambit
|-damage|p2a: Kingambit|16/100
|-crit|p2a: Kingambit
|-damage|p2a: Kingambit|0 fnt
|faint|p2a: Kingambit
|-end|p2a: Kingambit|fallen4|[silent]
|-hitcount|p2: Kingambit|2
|-damage|p1a: Greninja|35/100|[from] item: Life Orb
|
|upkeep
|-message|sicns forfeited.
|
|win|lolkingston
|raw|lolkingston's rating: 1507 &rarr; <strong>1525</strong><br />(+18 for winning)
|raw|sicns's rating: 1465 &rarr; <strong>1447</strong><br />(-18 for losing)
|l|☆sicns
|player|p2|
|l|☆lolkingston
|player|p1|
