|j|☆karothis
|j|☆Panic_Attack420
|t:|1779874654
|gametype|singles
|player|p1|karothis|101|1343
|player|p2|Panic_Attack420|roxie|1367
|gen|9
|tier|[Gen 9] OU
|rated|
|rule|HP Percentage Mod: HP is shown in percentages
|rule|Endless Battle Clause: Forcing endless battles is banned
|rule|Species Clause: Limit one of each Pokémon
|rule|OHKO Clause: OHKO moves are banned
|rule|Evasion Items Clause: Evasion items are banned
|rule|Evasion Moves Clause: Evasion moves are banned
|rule|Evasion Abilities Clause: Evasion abilities are banned
|rule|Sleep Moves Clause: Sleep-inducing moves are banned
|clearpoke
|poke|p1|Quagsire, M|
|poke|p1|Toxapex, M|
|poke|p1|Blissey, F|
|poke|p1|Corviknight, F|
|poke|p1|Clefable, F|
|poke|p1|Hydrapple, M|
|poke|p2|Gholdengo|
|poke|p2|Glimmora, F|
|poke|p2|Iron Treads|
|poke|p2|Meowscarada, M|
|poke|p2|Walking Wake|
|poke|p2|Ceruledge, M|
|teampreview
|inactive|Battle timer is ON: inactive players will automatically lose when time's up. (requested by Panic_Attack420)
|c|☆Panic_Attack420|gl
|
|t:|1779874674
|teamsize|p1|6
|teamsize|p2|6
|start
|switch|p1a: Hydrapple|Hydrapple, M|100/100
|switch|p2a: A Landmine|Glimmora, F|100/100
|turn|1
|
|t:|1779874689
|-terastallize|p1a: Hydrapple|Steel
|move|p2a: A Landmine|Stealth Rock|p1a: Hydrapple
|-sidestart|p1: karothis|move: Stealth Rock
|move|p1a: Hydrapple|Earth Power|p2a: A Landmine
|-supereffective|p2a: A Landmine
|-enditem|p2a: A Landmine|Focus Sash
|-damage|p2a: A Landmine|1/100
|
|upkeep
|turn|2
|
|t:|1779874696
|move|p2a: A Landmine|Spikes|p1a: Hydrapple
|-sidestart|p1: karothis|Spikes
|move|p1a: Hydrapple|Earth Power|p2a: A Landmine
|-supereffective|p2a: A Landmine
|-damage|p2a: A Landmine|0 fnt
|faint|p2a: A Landmine
|
|upkeep
|
|t:|1779874710
|switch|p2a: Jurassic Bark|Walking Wake|100/100
|-enditem|p2a: Jurassic Bark|Booster Energy
|-activate|p2a: Jurassic Bark|ability: Protosynthesis|[fromitem]
|-start|p2a: Jurassic Bark|protosynthesisspe
|turn|3
|
|t:|1779874717
|switch|p1a: Corviknight|Corviknight, F|100/100
|move|p2a: Jurassic Bark|Scald|p1a: Corviknight
|-damage|p1a: Corviknight|62/100
|
|upkeep
|turn|4
|
|t:|1779874724
|move|p2a: Jurassic Bark|Scald|p1a: Corviknight
|-damage|p1a: Corviknight|28/100
|move|p1a: Corviknight|Roost|p1a: Corviknight
|-heal|p1a: Corviknight|78/100
|-singleturn|p1a: Corviknight|move: Roost
|
|upkeep
|turn|5
|
|t:|1779874729
|move|p2a: Jurassic Bark|Scald|p1a: Corviknight
|-damage|p1a: Corviknight|38/100
|move|p1a: Corviknight|Defog|p2a: Jurassic Bark
|-unboost|p2a: Jurassic Bark|evasion|1
|-sideend|p1: karothis|Spikes|[from] move: Defog|[of] p1a: Corviknight
|-sideend|p1: karothis|Stealth Rock|[from] move: Defog|[of] p1a: Corviknight
|
|upkeep
|turn|6
|
|t:|1779874735
|switch|p1a: Toxapex|Toxapex, M|100/100
|move|p2a: Jurassic Bark|Scald|p1a: Toxapex
|-resisted|p1a: Toxapex
|-damage|p1a: Toxapex|84/100
|
|-heal|p1a: Toxapex|91/100|[from] item: Black Sludge
|upkeep
|turn|7
|
|t:|1779874739
|-end|p2a: Jurassic Bark|Protosynthesis|[silent]
|switch|p2a: Birmingham|Gholdengo|100/100
|move|p1a: Toxapex|Toxic|p2a: Birmingham
|-immune|p2a: Birmingham|[from] ability: Good as Gold
|
|-heal|p1a: Toxapex|97/100|[from] item: Black Sludge
|upkeep
|turn|8
|
|t:|1779874749
|switch|p1a: Hydrapple|Hydrapple, M, tera:Steel|100/100
|move|p2a: Birmingham|Trick|p1a: Hydrapple
|-activate|p2a: Birmingham|move: Trick|[of] p1a: Hydrapple
|-item|p1a: Hydrapple|Choice Scarf|[from] move: Trick
|-item|p2a: Birmingham|Choice Specs|[from] move: Trick
|
|upkeep
|turn|9
|
|t:|1779874760
|move|p2a: Birmingham|Thunderbolt|p1a: Hydrapple
|-damage|p1a: Hydrapple|51/100
|-status|p1a: Hydrapple|par
|move|p1a: Hydrapple|Earth Power|p2a: Birmingham
|-supereffective|p2a: Birmingham
|-damage|p2a: Birmingham|30/100
|
|upkeep
|turn|10
|
|t:|1779874766
|move|p2a: Birmingham|Thunderbolt|p1a: Hydrapple
|-damage|p1a: Hydrapple|1/100 par
|move|p1a: Hydrapple|Earth Power|p2a: Birmingham
|-supereffective|p2a: Birmingham
|-damage|p2a: Birmingham|0 fnt
|faint|p2a: Birmingham
|
|upkeep
|
|t:|1779874771
|switch|p2a: A Literal Shelf|Ceruledge, M|100/100
|turn|11
|
|t:|1779874779
|switch|p1a: Quagsire|Quagsire, M|100/100
|move|p2a: A Literal Shelf|Swords Dance|p2a: A Literal Shelf
|-boost|p2a: A Literal Shelf|atk|2
|
|upkeep
|turn|12
|
|t:|1779874790
|-terastallize|p2a: A Literal Shelf|Fighting
|move|p2a: A Literal Shelf|Close Combat|p1a: Quagsire
|-damage|p1a: Quagsire|56/100
|-unboost|p2a: A Literal Shelf|def|1
|-unboost|p2a: A Literal Shelf|spd|1
|move|p1a: Quagsire|Earthquake|p2a: A Literal Shelf
|-damage|p2a: A Literal Shelf|56/100
|-ability|p2a: A Literal Shelf|Weak Armor|boost
|-unboost|p2a: A Literal Shelf|def|1
|-boost|p2a: A Literal Shelf|spe|2
|
|upkeep
|turn|13
|
|t:|1779874815
|move|p2a: A Literal Shelf|Close Combat|p1a: Quagsire
|-damage|p1a: Quagsire|10/100
|-unboost|p2a: A Literal Shelf|def|1
|-unboost|p2a: A Literal Shelf|spd|1
|move|p1a: Quagsire|Recover|p1a: Quagsire
|-heal|p1a: Quagsire|60/100
|
|upkeep
|turn|14
|
|t:|1779874823
|move|p2a: A Literal Shelf|Close Combat|p1a: Quagsire
|-damage|p1a: Quagsire|12/100
|-unboost|p2a: A Literal Shelf|def|1
|-unboost|p2a: A Literal Shelf|spd|1
|move|p1a: Quagsire|Recover|p1a: Quagsire
|-heal|p1a: Quagsire|62/100
|
|upkeep
|turn|15
|
|t:|1779874828
|move|p2a: A Literal Shelf|Close Combat|p1a: Quagsire
|-damage|p1a: Quagsire|11/100
|-unboost|p2a: A Literal Shelf|def|1
|-unboost|p2a: A Literal Shelf|spd|1
|move|p1a: Quagsire|Recover|p1a: Quagsire
|-heal|p1a: Quagsire|61/100
|
|upkeep
|turn|16
|
|t:|1779874831
|move|p2a: A Literal Shelf|Close Combat|p1a: Quagsire
|-damage|p1a: Quagsire|16/100
|-unboost|p2a: A Literal Shelf|def|1
|-unboost|p2a: A Literal Shelf|spd|1
|move|p1a: Quagsire|Recover|p1a: Quagsire
|-heal|p1a: Quagsire|66/100
|
|upkeep
|turn|17
|
|t:|1779874833
|move|p2a: A Literal Shelf|Close Combat|p1a: Quagsire
|-damage|p1a: Quagsire|21/100
|-unboost|p2a: A Literal Shelf|spd|1
|move|p1a: Quagsire|Recover|p1a: Quagsire
|-heal|p1a: Quagsire|71/100
|
|upkeep
|turn|18
|
|t:|1779874840
|move|p2a: A Literal Shelf|Shadow Sneak|p1a: Quagsire
|-damage|p1a: Quagsire|54/100
|move|p1a: Quagsire|Recover|p1a: Quagsire
|-heal|p1a: Quagsire|100/100
|
|upkeep
|turn|19
|
|t:|1779874852
|move|p2a: A Literal Shelf|Bitter Blade|p1a: Quagsire
|-resisted|p1a: Quagsire
|-damage|p1a: Quagsire|82/100
|-heal|p2a: A Literal Shelf|68/100|[from] drain|[of] p1a: Quagsire
|move|p1a: Quagsire|Toxic|p2a: A Literal Shelf
|-status|p2a: A Literal Shelf|tox
|
|-damage|p2a: A Literal Shelf|62/100 tox|[from] psn
|upkeep
|turn|20
|
|t:|1779874870
|move|p2a: A Literal Shelf|Close Combat|p1a: Quagsire
|-damage|p1a: Quagsire|34/100
|move|p1a: Quagsire|Recover|p1a: Quagsire
|-heal|p1a: Quagsire|84/100
|
|-damage|p2a: A Literal Shelf|50/100 tox|[from] psn
|upkeep
|turn|21
|
|t:|1779874880
|switch|p2a: JCB Tractor|Iron Treads|100/100
|move|p1a: Quagsire|Recover|p1a: Quagsire
|-heal|p1a: Quagsire|100/100
|
|upkeep
|turn|22
|
|t:|1779874888
|move|p2a: JCB Tractor|Knock Off|p1a: Quagsire
|-crit|p1a: Quagsire
|-damage|p1a: Quagsire|65/100
|-enditem|p1a: Quagsire|Rindo Berry|[from] move: Knock Off|[of] p2a: JCB Tractor
|move|p1a: Quagsire|Earthquake|p2a: JCB Tractor
|-supereffective|p2a: JCB Tractor
|-damage|p2a: JCB Tractor|49/100
|
|upkeep
|turn|23
|
|t:|1779874899
|move|p2a: JCB Tractor|Earthquake|p1a: Quagsire
|-damage|p1a: Quagsire|31/100
|move|p1a: Quagsire|Earthquake|p2a: JCB Tractor
|-supereffective|p2a: JCB Tractor
|-damage|p2a: JCB Tractor|0 fnt
|faint|p2a: JCB Tractor
|-end|p2a: JCB Tractor|Quark Drive|[silent]
|
|upkeep
|
|t:|1779874911
|switch|p2a: A Literal Shelf|Ceruledge, M, tera:Fighting|50/100 tox
|turn|24
|
|t:|1779874920
|switch|p1a: Clefable|Clefable, F|100/100
|move|p2a: A Literal Shelf|Close Combat|p1a: Clefable
|-resisted|p1a: Clefable
|-damage|p1a: Clefable|71/100
|-unboost|p2a: A Literal Shelf|def|1
|-unboost|p2a: A Literal Shelf|spd|1
|
|-heal|p1a: Clefable|77/100|[from] item: Leftovers
|-damage|p2a: A Literal Shelf|43/100 tox|[from] psn
|upkeep
|turn|25
|
|t:|1779874927
|switch|p1a: Toxapex|Toxapex, M|100/100
|move|p2a: A Literal Shelf|Bitter Blade|p1a: Toxapex
|-resisted|p1a: Toxapex
|-damage|p1a: Toxapex|85/100
|-heal|p2a: A Literal Shelf|52/100 tox|[from] drain|[of] p1a: Toxapex
|
|-heal|p1a: Toxapex|91/100|[from] item: Black Sludge
|-damage|p2a: A Literal Shelf|39/100 tox|[from] psn
|upkeep
|turn|26
|
|t:|1779874938
|move|p2a: A Literal Shelf|Swords Dance|p2a: A Literal Shelf
|-boost|p2a: A Literal Shelf|atk|2
|move|p1a: Toxapex|Toxic|p2a: A Literal Shelf
|-fail|p2a: A Literal Shelf|tox
|
|-heal|p1a: Toxapex|97/100|[from] item: Black Sludge
|-damage|p2a: A Literal Shelf|21/100 tox|[from] psn
|upkeep
|turn|27
|
|t:|1779874946
|move|p2a: A Literal Shelf|Bitter Blade|p1a: Toxapex
|-resisted|p1a: Toxapex
|-damage|p1a: Toxapex|69/100
|-heal|p2a: A Literal Shelf|36/100 tox|[from] drain|[of] p1a: Toxapex
|move|p1a: Toxapex|Recover|p1a: Toxapex
|-heal|p1a: Toxapex|100/100
|
|-damage|p2a: A Literal Shelf|11/100 tox|[from] psn
|upkeep
|turn|28
|
|t:|1779874952
|move|p2a: A Literal Shelf|Bitter Blade|p1a: Toxapex
|-resisted|p1a: Toxapex
|-damage|p1a: Toxapex|69/100
|-heal|p2a: A Literal Shelf|28/100 tox|[from] drain|[of] p1a: Toxapex
|move|p1a: Toxapex|Recover|p1a: Toxapex
|-heal|p1a: Toxapex|100/100
|
|-damage|p2a: A Literal Shelf|0 fnt|[from] psn
|faint|p2a: A Literal Shelf
|upkeep
|
|t:|1779874969
|switch|p2a: Gato of Doom|Meowscarada, M|100/100
|turn|29
|
|t:|1779874982
|move|p2a: Gato of Doom|Knock Off|p1a: Toxapex
|-start|p2a: Gato of Doom|typechange|Dark|[from] ability: Protean
|-damage|p1a: Toxapex|52/100
|-enditem|p1a: Toxapex|Black Sludge|[from] move: Knock Off|[of] p2a: Gato of Doom
|move|p1a: Toxapex|Toxic|p2a: Gato of Doom
|-status|p2a: Gato of Doom|tox
|
|-damage|p2a: Gato of Doom|94/100 tox|[from] psn
|upkeep
|turn|30
|
|t:|1779874995
|switch|p2a: Jurassic Bark|Walking Wake|100/100
|switch|p1a: Quagsire|Quagsire, M|31/100
|
|upkeep
|turn|31
|
|t:|1779875002
|move|p2a: Jurassic Bark|Scald|p1a: Quagsire
|-damage|p1a: Quagsire|0 fnt
|faint|p1a: Quagsire
|
|upkeep
|
|t:|1779875004
|switch|p1a: Toxapex|Toxapex, M|85/100
|turn|32
|
|t:|1779875008
|move|p2a: Jurassic Bark|Draco Meteor|p1a: Toxapex
|-crit|p1a: Toxapex
|-damage|p1a: Toxapex|12/100
|-unboost|p2a: Jurassic Bark|spa|2
|move|p1a: Toxapex|Toxic|p2a: Jurassic Bark
|-status|p2a: Jurassic Bark|tox
|
|-damage|p2a: Jurassic Bark|94/100 tox|[from] psn
|upkeep
|turn|33
|
|t:|1779875013
|switch|p1a: Blissey|Blissey, F|100/100
|move|p2a: Jurassic Bark|Draco Meteor|p1a: Blissey|[miss]
|-miss|p2a: Jurassic Bark|p1a: Blissey
|
|-damage|p2a: Jurassic Bark|82/100 tox|[from] psn
|upkeep
|turn|34
|
|t:|1779875022
|move|p2a: Jurassic Bark|Flip Turn|p1a: Blissey
|-damage|p1a: Blissey|85/100
|-enditem|p1a: Blissey|Red Card|[of] p2a: Jurassic Bark
|-end|p2a: Jurassic Bark|Protosynthesis|[silent]
|drag|p2a: Gato of Doom|Meowscarada, M|94/100 tox
|move|p1a: Blissey|Heal Bell|p1a: Blissey
|-activate|p1a: Blissey|move: Heal Bell
|-curestatus|p1: Hydrapple|par|[msg]
|
|-damage|p2a: Gato of Doom|88/100 tox|[from] psn
|upkeep
|turn|35
|
|t:|1779875037
|switch|p1a: Corviknight|Corviknight, F|38/100
|move|p2a: Gato of Doom|Knock Off|p1a: Corviknight
|-start|p2a: Gato of Doom|typechange|Dark|[from] ability: Protean
|-damage|p1a: Corviknight|0 fnt
|-enditem|p1a: Corviknight|Heavy-Duty Boots|[from] move: Knock Off|[of] p2a: Gato of Doom
|faint|p1a: Corviknight
|
|-damage|p2a: Gato of Doom|76/100 tox|[from] psn
|upkeep
|
|t:|1779875038
|switch|p1a: Hydrapple|Hydrapple, M, tera:Steel|35/100
|turn|36
|
|t:|1779875044
|switch|p1a: Toxapex|Toxapex, M|45/100
|move|p2a: Gato of Doom|Knock Off|p1a: Toxapex
|-damage|p1a: Toxapex|16/100
|
|-damage|p2a: Gato of Doom|57/100 tox|[from] psn
|upkeep
|turn|37
|
|t:|1779875053
|switch|p1a: Clefable|Clefable, F|77/100
|move|p2a: Gato of Doom|Knock Off|p1a: Clefable
|-resisted|p1a: Clefable
|-damage|p1a: Clefable|42/100
|-enditem|p1a: Clefable|Leftovers|[from] move: Knock Off|[of] p2a: Gato of Doom
|
|-damage|p2a: Gato of Doom|33/100 tox|[from] psn
|upkeep
|turn|38
|
|t:|1779875058
|switch|p2a: Jurassic Bark|Walking Wake|82/100 tox
|move|p1a: Clefable|Moonlight|p1a: Clefable
|-heal|p1a: Clefable|92/100
|
|-damage|p2a: Jurassic Bark|76/100 tox|[from] psn
|upkeep
|turn|39
|
|t:|1779875063
|move|p2a: Jurassic Bark|Scald|p1a: Clefable
|-damage|p1a: Clefable|58/100
|move|p1a: Clefable|Calm Mind|p1a: Clefable
|-boost|p1a: Clefable|spa|1
|-boost|p1a: Clefable|spd|1
|
|-damage|p2a: Jurassic Bark|64/100 tox|[from] psn
|upkeep
|turn|40
|
|t:|1779875076
|move|p2a: Jurassic Bark|Scald|p1a: Clefable
|-damage|p1a: Clefable|36/100
|-status|p1a: Clefable|brn
|move|p1a: Clefable|Moonlight|p1a: Clefable
|-heal|p1a: Clefable|86/100 brn
|
|-damage|p2a: Jurassic Bark|45/100 tox|[from] psn
|-damage|p1a: Clefable|79/100 brn|[from] brn
|upkeep
|turn|41
|
|t:|1779875087
|move|p2a: Jurassic Bark|Flip Turn|p1a: Clefable
|-damage|p1a: Clefable|64/100 brn
|
|t:|1779875090
|-end|p2a: Jurassic Bark|Protosynthesis|[silent]
|switch|p2a: Gato of Doom|Meowscarada, M|33/100 tox|[from] Flip Turn
|move|p1a: Clefable|Moonlight|p1a: Clefable
|-heal|p1a: Clefable|100/100 brn
|
|-damage|p2a: Gato of Doom|27/100 tox|[from] psn
|-damage|p1a: Clefable|94/100 brn|[from] brn
|upkeep
|turn|42
|
|t:|1779875110
|move|p2a: Gato of Doom|Flower Trick|p1a: Clefable
|-start|p2a: Gato of Doom|typechange|Grass|[from] ability: Protean
|-crit|p1a: Clefable
|-damage|p1a: Clefable|18/100 brn
|move|p1a: Clefable|Moonblast|p2a: Gato of Doom
|-damage|p2a: Gato of Doom|0 fnt
|faint|p2a: Gato of Doom
|
|-damage|p1a: Clefable|12/100 brn|[from] brn
|upkeep
|
|t:|1779875117
|switch|p2a: Jurassic Bark|Walking Wake|45/100 tox
|turn|43
|
|t:|1779875121
|switch|p1a: Toxapex|Toxapex, M|50/100
|move|p2a: Jurassic Bark|Scald|p1a: Toxapex
|-resisted|p1a: Toxapex
|-damage|p1a: Toxapex|35/100
|
|-damage|p2a: Jurassic Bark|39/100 tox|[from] psn
|upkeep
|turn|44
|
|t:|1779875124
|move|p2a: Jurassic Bark|Draco Meteor|p1a: Toxapex
|-damage|p1a: Toxapex|0 fnt
|-unboost|p2a: Jurassic Bark|spa|2
|faint|p1a: Toxapex
|
|-damage|p2a: Jurassic Bark|27/100 tox|[from] psn
|upkeep
|
|t:|1779875129
|switch|p1a: Blissey|Blissey, F|85/100
|turn|45
|
|t:|1779875132
|move|p2a: Jurassic Bark|Flip Turn|p1a: Blissey
|-damage|p1a: Blissey|70/100
|move|p1a: Blissey|Seismic Toss|p2a: Jurassic Bark
|-damage|p2a: Jurassic Bark|0 fnt
|faint|p2a: Jurassic Bark
|-end|p2a: Jurassic Bark|Protosynthesis|[silent]
|
|win|karothis
|raw|karothis's rating: 1343 &rarr; <strong>1364</strong><br />(+21 for winning)
|raw|Panic_Attack420's rating: 1367 &rarr; <strong>1346</strong><br />(-21 for losing)
|l|☆karothis
|player|p1|
|l|☆Panic_Attack420
|player|p2|
