|j|☆newgaem
|j|☆Alisyem
|t:|1779855346
|gametype|singles
|player|p1|newgaem|blue|1413
|player|p2|Alisyem|palmer|1469
|gen|9
|tier|[Gen 9] OU
|rated|
|rule|HP Percentage Mod: HP is shown in percentages
|rule|Endless Battle Clause: Forcing endless battles is banned
|rule|Species Clause: Limit one of each Pokémon
|rule|OHKO Clause: OHKO moves are banned
|rule|Evasion Items Clause: Evasion items are banned
|rule|Evasion Moves Clause: Evasion moves are banned
|rule|Evasion Abilities Clause: Evasion abilities are banned
|rule|Sleep Moves Clause: Sleep-inducing moves are banned
|clearpoke
|poke|p1|Armarouge, F|
|poke|p1|Kingambit, F|
|poke|p1|Iron Valiant|
|poke|p1|Ceruledge, F|
|poke|p1|Mimikyu, M|
|poke|p1|Cyclizar, M|
|poke|p2|Cinderace, F|
|poke|p2|Raging Bolt|
|poke|p2|Great Tusk|
|poke|p2|Ninetales, M|
|poke|p2|Ceruledge, F|
|poke|p2|Deoxys-Speed|
|teampreview
|inactive|Battle timer is ON: inactive players will automatically lose when time's up. (requested by newgaem)
|
|t:|1779855359
|teamsize|p1|6
|teamsize|p2|6
|start
|switch|p1a: Leviathan|Mimikyu, M|100/100
|switch|p2a: Deoxys|Deoxys-Speed|100/100
|-ability|p2a: Deoxys|Pressure
|turn|1
|
|t:|1779855366
|move|p2a: Deoxys|Stealth Rock|p1a: Leviathan
|-sidestart|p1: newgaem|move: Stealth Rock
|move|p1a: Leviathan|Curse|p2a: Deoxys
|-start|p2a: Deoxys|Curse|[of] p1a: Leviathan
|-damage|p1a: Leviathan|50/100
|
|-heal|p1a: Leviathan|57/100|[from] item: Leftovers
|-damage|p2a: Deoxys|76/100|[from] Curse
|upkeep
|turn|2
|
|t:|1779855382
|switch|p1a: Harpuia|Cyclizar, M|100/100
|move|p2a: Deoxys|Knock Off|p1a: Harpuia
|-damage|p1a: Harpuia|58/100
|-enditem|p1a: Harpuia|Heavy-Duty Boots|[from] move: Knock Off|[of] p2a: Deoxys
|
|-damage|p2a: Deoxys|51/100|[from] Curse
|upkeep
|turn|3
|
|t:|1779855391
|move|p2a: Deoxys|Psycho Boost|p1a: Harpuia
|-damage|p1a: Harpuia|0 fnt
|-unboost|p2a: Deoxys|spa|2
|faint|p1a: Harpuia
|-enditem|p2a: Deoxys|Eject Pack
|
|t:|1779855405
|switch|p2a: Great Tusk|Great Tusk|100/100
|
|upkeep
|
|t:|1779855416
|switch|p1a: Fefnir|Armarouge, F, shiny|100/100
|-damage|p1a: Fefnir|76/100|[from] Stealth Rock
|turn|4
|
|t:|1779855428
|-end|p2a: Great Tusk|Protosynthesis|[silent]
|switch|p2a: Deoxys|Deoxys-Speed|51/100
|-ability|p2a: Deoxys|Pressure
|move|p1a: Fefnir|Endure||[still]
|-fail|p1a: Fefnir
|
|upkeep
|turn|5
|
|t:|1779855435
|move|p1a: Fefnir|Endure|p1a: Fefnir
|-singleturn|p1a: Fefnir|move: Endure
|move|p2a: Deoxys|Knock Off|p1a: Fefnir
|-supereffective|p1a: Fefnir
|-damage|p1a: Fefnir|21/100
|-ability|p1a: Fefnir|Weak Armor|boost
|-unboost|p1a: Fefnir|def|1
|-boost|p1a: Fefnir|spe|2
|-enditem|p1a: Fefnir|Focus Sash|[from] move: Knock Off|[of] p2a: Deoxys
|
|upkeep
|turn|6
|
|t:|1779855446
|move|p1a: Fefnir|Armor Cannon|p2a: Deoxys
|-damage|p2a: Deoxys|0 fnt
|-unboost|p1a: Fefnir|def|1
|-unboost|p1a: Fefnir|spd|1
|faint|p2a: Deoxys
|
|upkeep
|
|t:|1779855449
|switch|p2a: Ceruledge|Ceruledge, F|100/100
|turn|7
|
|t:|1779855458
|move|p2a: Ceruledge|Shadow Sneak|p1a: Fefnir
|-supereffective|p1a: Fefnir
|-damage|p1a: Fefnir|0 fnt
|faint|p1a: Fefnir
|-damage|p2a: Ceruledge|91/100|[from] item: Life Orb
|
|upkeep
|
|t:|1779855470
|switch|p1a: Zero|Ceruledge, F, shiny|100/100
|-damage|p1a: Zero|76/100|[from] Stealth Rock
|turn|8
|
|t:|1779855476
|move|p1a: Zero|Shadow Sneak|p2a: Ceruledge
|-supereffective|p2a: Ceruledge
|-damage|p2a: Ceruledge|7/100
|-ability|p2a: Ceruledge|Weak Armor|boost
|-unboost|p2a: Ceruledge|def|1
|-boost|p2a: Ceruledge|spe|2
|-damage|p1a: Zero|66/100|[from] item: Life Orb
|move|p2a: Ceruledge|Shadow Sneak|p1a: Zero
|-supereffective|p1a: Zero
|-damage|p1a: Zero|0 fnt
|faint|p1a: Zero
|-damage|p2a: Ceruledge|0 fnt|[from] item: Life Orb
|faint|p2a: Ceruledge
|
|upkeep
|
|t:|1779855487
|switch|p1a: Leviathan|Mimikyu, M|57/100
|switch|p2a: Cinderace|Cinderace, F|100/100
|-damage|p1a: Leviathan|44/100|[from] Stealth Rock
|turn|9
|
|t:|1779855494
|move|p2a: Cinderace|U-turn|p1a: Leviathan
|-activate|p1a: Leviathan|ability: Disguise
|-damage|p1a: Leviathan|44/100
|detailschange|p1a: Leviathan|Mimikyu-Busted, M
|-damage|p1a: Leviathan|32/100|[from] pokemon: Mimikyu-Busted
|
|t:|1779855500
|switch|p2a: Ninetales|Ninetales, M|100/100|[from] U-turn
|-weather|SunnyDay|[from] ability: Drought|[of] p2a: Ninetales
|move|p1a: Leviathan|Pain Split|p2a: Ninetales
|-sethp|p2a: Ninetales|64/100|[from] move: Pain Split|[silent]
|-sethp|p1a: Leviathan|72/100|[from] move: Pain Split
|
|-weather|SunnyDay|[upkeep]
|-heal|p1a: Leviathan|78/100|[from] item: Leftovers
|upkeep
|turn|10
|
|t:|1779855515
|move|p2a: Ninetales|Encore|p1a: Leviathan
|-start|p1a: Leviathan|Encore
|move|p1a: Leviathan|Pain Split|p2a: Ninetales
|-sethp|p2a: Ninetales|67/100|[from] move: Pain Split|[silent]
|-sethp|p1a: Leviathan|75/100|[from] move: Pain Split
|
|-weather|SunnyDay|[upkeep]
|-heal|p1a: Leviathan|81/100|[from] item: Leftovers
|upkeep
|turn|11
|
|t:|1779855524
|move|p2a: Ninetales|Will-O-Wisp|p1a: Leviathan|[miss]
|-miss|p2a: Ninetales|p1a: Leviathan
|move|p1a: Leviathan|Pain Split|p2a: Ninetales
|-sethp|p2a: Ninetales|70/100|[from] move: Pain Split|[silent]
|-sethp|p1a: Leviathan|78/100|[from] move: Pain Split
|
|-weather|SunnyDay|[upkeep]
|-heal|p1a: Leviathan|84/100|[from] item: Leftovers
|upkeep
|turn|12
|
|t:|1779855533
|move|p2a: Ninetales|Weather Ball|p1a: Leviathan
|-crit|p1a: Leviathan
|-damage|p1a: Leviathan|13/100
|move|p1a: Leviathan|Pain Split|p2a: Ninetales
|-sethp|p2a: Ninetales|40/100|[from] move: Pain Split|[silent]
|-sethp|p1a: Leviathan|45/100|[from] move: Pain Split
|
|-weather|SunnyDay|[upkeep]
|-heal|p1a: Leviathan|51/100|[from] item: Leftovers
|-end|p1a: Leviathan|Encore
|upkeep
|turn|13
|
|t:|1779855543
|switch|p1a: Omega|Iron Valiant|100/100
|-damage|p1a: Omega|94/100|[from] Stealth Rock
|-enditem|p1a: Omega|Booster Energy
|-activate|p1a: Omega|ability: Quark Drive|[fromitem]
|-start|p1a: Omega|quarkdrivespe
|move|p2a: Ninetales|Weather Ball|p1a: Omega
|-damage|p1a: Omega|24/100
|
|-weather|SunnyDay|[upkeep]
|upkeep
|turn|14
|
|t:|1779855554
|switch|p2a: Raging Bolt|Raging Bolt|100/100
|-activate|p2a: Raging Bolt|ability: Protosynthesis
|-start|p2a: Raging Bolt|protosynthesisspa
|move|p1a: Omega|Close Combat|p2a: Raging Bolt
|-damage|p2a: Raging Bolt|37/100
|-unboost|p1a: Omega|def|1
|-unboost|p1a: Omega|spd|1
|
|-weather|SunnyDay|[upkeep]
|upkeep
|turn|15
|
|t:|1779855563
|move|p2a: Raging Bolt|Thunderclap||[still]
|-fail|p2a: Raging Bolt
|move|p1a: Omega|Destiny Bond|p1a: Omega
|-singlemove|p1a: Omega|Destiny Bond
|
|-weather|SunnyDay|[upkeep]
|upkeep
|turn|16
|
|t:|1779855570
|move|p2a: Raging Bolt|Thunderclap|p1a: Omega
|-damage|p1a: Omega|0 fnt
|faint|p1a: Omega
|-activate|p1a: Omega|move: Destiny Bond
|-end|p1a: Omega|Quark Drive|[silent]
|faint|p2a: Raging Bolt
|-end|p2a: Raging Bolt|Protosynthesis|[silent]
|
|-weather|none
|upkeep
|
|t:|1779855578
|switch|p1a: Leviathan|Mimikyu-Busted, M|51/100
|switch|p2a: Ninetales|Ninetales, M|40/100
|-weather|SunnyDay|[from] ability: Drought|[of] p2a: Ninetales
|-damage|p1a: Leviathan|39/100|[from] Stealth Rock
|turn|17
|
|t:|1779855595
|move|p2a: Ninetales|Weather Ball|p1a: Leviathan
|-damage|p1a: Leviathan|0 fnt
|faint|p1a: Leviathan
|
|-weather|SunnyDay|[upkeep]
|upkeep
|
|t:|1779855601
|switch|p1a: Bishamonten|Kingambit, F|100/100
|-damage|p1a: Bishamonten|94/100|[from] Stealth Rock
|-activate|p1a: Bishamonten|ability: Supreme Overlord
|-start|p1a: Bishamonten|fallen5|[silent]
|turn|18
|
|t:|1779855626
|-terastallize|p1a: Bishamonten|Flying
|move|p2a: Ninetales|Will-O-Wisp|p1a: Bishamonten
|-status|p1a: Bishamonten|brn
|move|p1a: Bishamonten|Kowtow Cleave|p2a: Ninetales
|-damage|p2a: Ninetales|0 fnt
|faint|p2a: Ninetales
|
|-weather|SunnyDay|[upkeep]
|-heal|p1a: Bishamonten|100/100 brn|[from] item: Leftovers
|-damage|p1a: Bishamonten|94/100 brn|[from] brn
|upkeep
|
|t:|1779855635
|switch|p2a: Cinderace|Cinderace, F|100/100
|turn|19
|
|t:|1779855642
|-terastallize|p2a: Cinderace|Fire
|move|p1a: Bishamonten|Sucker Punch|p2a: Cinderace
|-damage|p2a: Cinderace|57/100
|move|p2a: Cinderace|Pyro Ball|p1a: Bishamonten|[miss]
|-miss|p2a: Cinderace|p1a: Bishamonten
|
|-weather|SunnyDay|[upkeep]
|-heal|p1a: Bishamonten|100/100 brn|[from] item: Leftovers
|-damage|p1a: Bishamonten|94/100 brn|[from] brn
|upkeep
|turn|20
|
|t:|1779855651
|move|p1a: Bishamonten|Sucker Punch|p2a: Cinderace
|-damage|p2a: Cinderace|12/100
|move|p2a: Cinderace|Pyro Ball|p1a: Bishamonten|[miss]
|-miss|p2a: Cinderace|p1a: Bishamonten
|
|-weather|SunnyDay|[upkeep]
|-heal|p1a: Bishamonten|100/100 brn|[from] item: Leftovers
|-damage|p1a: Bishamonten|94/100 brn|[from] brn
|upkeep
|turn|21
|
|t:|1779855660
|switch|p2a: Great Tusk|Great Tusk|100/100
|-activate|p2a: Great Tusk|ability: Protosynthesis
|-start|p2a: Great Tusk|protosynthesisspe
|move|p1a: Bishamonten|Kowtow Cleave|p2a: Great Tusk
|-resisted|p2a: Great Tusk
|-damage|p2a: Great Tusk|88/100
|
|-weather|SunnyDay|[upkeep]
|-heal|p1a: Bishamonten|100/100 brn|[from] item: Leftovers
|-damage|p1a: Bishamonten|94/100 brn|[from] brn
|upkeep
|turn|22
|
|t:|1779855670
|move|p2a: Great Tusk|Ice Spinner|p1a: Bishamonten
|-supereffective|p1a: Bishamonten
|-damage|p1a: Bishamonten|61/100 brn
|move|p1a: Bishamonten|Iron Head|p2a: Great Tusk
|-damage|p2a: Great Tusk|66/100
|
|-weather|SunnyDay|[upkeep]
|-heal|p1a: Bishamonten|67/100 brn|[from] item: Leftovers
|-damage|p1a: Bishamonten|61/100 brn|[from] brn
|upkeep
|turn|23
|
|t:|1779855679
|move|p2a: Great Tusk|Ice Spinner|p1a: Bishamonten
|-supereffective|p1a: Bishamonten
|-damage|p1a: Bishamonten|27/100 brn
|move|p1a: Bishamonten|Swords Dance|p1a: Bishamonten
|-boost|p1a: Bishamonten|atk|2
|
|-weather|SunnyDay|[upkeep]
|-heal|p1a: Bishamonten|33/100 brn|[from] item: Leftovers
|-damage|p1a: Bishamonten|27/100 brn|[from] brn
|upkeep
|turn|24
|
|t:|1779855688
|move|p2a: Great Tusk|Ice Spinner|p1a: Bishamonten
|-supereffective|p1a: Bishamonten
|-damage|p1a: Bishamonten|0 fnt
|faint|p1a: Bishamonten
|-end|p1a: Bishamonten|fallen5|[silent]
|
|win|Alisyem
|raw|newgaem's rating: 1413 &rarr; <strong>1396</strong><br />(-17 for losing)
|raw|Alisyem's rating: 1469 &rarr; <strong>1486</strong><br />(+17 for winning)
|l|☆newgaem
|player|p1|
|l|☆Alisyem
|player|p2|
