|j|☆Mr Tpen
|j|☆unamedturd
|t:|1779901347
|gametype|singles
|player|p1|Mr Tpen|2|1562
|player|p2|unamedturd|169|1618
|gen|9
|tier|[Gen 9] OU
|rated|
|rule|HP Percentage Mod: HP is shown in percentages
|rule|Endless Battle Clause: Forcing endless battles is banned
|rule|Species Clause: Limit one of each Pokémon
|rule|OHKO Clause: OHKO moves are banned
|rule|Evasion Items Clause: Evasion items are banned
|rule|Evasion Moves Clause: Evasion moves are banned
|rule|Evasion Abilities Clause: Evasion abilities are banned
|rule|Sleep Moves Clause: Sleep-inducing moves are banned
|clearpoke
|poke|p1|Dragapult, F|
|poke|p1|Gliscor, F|
|poke|p1|Ogerpon-Wellspring, F|
|poke|p1|Iron Crown|
|poke|p1|Ting-Lu|
|poke|p1|Kingambit, F|
|poke|p2|Zamazenta-*|
|poke|p2|Sinistcha-Masterpiece|
|poke|p2|Great Tusk|
|poke|p2|Kingambit, M|
|poke|p2|Gholdengo|
|poke|p2|Mamoswine, F|
|teampreview
|inactive|Battle timer is ON: inactive players will automatically lose when time's up. (requested by Mr Tpen)
|
|t:|1779901356
|teamsize|p1|6
|teamsize|p2|6
|start
|switch|p1a: Ogerpon|Ogerpon-Wellspring, F|100/100
|switch|p2a: Mamoswine|Mamoswine, F|100/100
|turn|1
|
|t:|1779901374
|move|p2a: Mamoswine|Icicle Crash|p1a: Ogerpon
|-damage|p1a: Ogerpon|40/100
|move|p1a: Ogerpon|Ivy Cudgel|p2a: Mamoswine|[anim] Ivy Cudgel Water
|-supereffective|p2a: Mamoswine
|-damage|p2a: Mamoswine|0 fnt
|faint|p2a: Mamoswine
|
|upkeep
|
|t:|1779901386
|switch|p2a: Gholdengo|Gholdengo|100/100
|turn|2
|
|t:|1779901391
|switch|p1a: Ting-Lu|Ting-Lu|100/100
|-ability|p1a: Ting-Lu|Vessel of Ruin
|move|p2a: Gholdengo|Trick|p1a: Ting-Lu
|-activate|p2a: Gholdengo|move: Trick|[of] p1a: Ting-Lu
|-item|p1a: Ting-Lu|Choice Scarf|[from] move: Trick
|-item|p2a: Gholdengo|Rocky Helmet|[from] move: Trick
|
|upkeep
|turn|3
|
|t:|1779901407
|switch|p2a: Zamazenta|Zamazenta|100/100
|-ability|p2a: Zamazenta|Dauntless Shield|boost
|-boost|p2a: Zamazenta|def|1
|move|p1a: Ting-Lu|Ruination|p2a: Zamazenta
|-damage|p2a: Zamazenta|51/100
|
|-heal|p2a: Zamazenta|57/100|[from] item: Leftovers
|upkeep
|turn|4
|
|t:|1779901424
|switch|p1a: Gliscor|Gliscor, F|100/100
|move|p2a: Zamazenta|Crunch|p1a: Gliscor
|-damage|p1a: Gliscor|85/100
|
|-heal|p2a: Zamazenta|63/100|[from] item: Leftovers
|-status|p1a: Gliscor|tox|[from] item: Toxic Orb
|upkeep
|turn|5
|
|t:|1779901434
|move|p2a: Zamazenta|Substitute|p2a: Zamazenta
|-start|p2a: Zamazenta|Substitute
|-damage|p2a: Zamazenta|38/100
|move|p1a: Gliscor|Toxic||[still]
|-fail|p1a: Gliscor
|
|-heal|p2a: Zamazenta|44/100|[from] item: Leftovers
|-heal|p1a: Gliscor|97/100 tox|[from] ability: Poison Heal
|upkeep
|turn|6
|
|t:|1779901445
|switch|p1a: Dragapult|Dragapult, F|100/100
|move|p2a: Zamazenta|Iron Defense|p2a: Zamazenta
|-boost|p2a: Zamazenta|def|2
|
|-heal|p2a: Zamazenta|50/100|[from] item: Leftovers
|upkeep
|turn|7
|
|t:|1779901456
|switch|p2a: Kingambit|Kingambit, M|100/100
|-activate|p2a: Kingambit|ability: Supreme Overlord
|-start|p2a: Kingambit|fallen1|[silent]
|move|p1a: Dragapult|Will-O-Wisp|p2a: Kingambit
|-status|p2a: Kingambit|brn
|
|-damage|p2a: Kingambit|94/100 brn|[from] brn
|upkeep
|turn|8
|
|t:|1779901467
|switch|p1a: Gliscor|Gliscor, F|97/100 tox
|move|p2a: Kingambit|Swords Dance|p2a: Kingambit
|-boost|p2a: Kingambit|atk|2
|
|-heal|p2a: Kingambit|100/100 brn|[from] item: Leftovers
|-heal|p1a: Gliscor|100/100 tox|[from] ability: Poison Heal
|-damage|p2a: Kingambit|94/100 brn|[from] brn
|upkeep
|turn|9
|
|t:|1779901479
|move|p1a: Gliscor|Toxic Spikes|p2a: Kingambit
|-sidestart|p2: unamedturd|move: Toxic Spikes
|move|p2a: Kingambit|Iron Head|p1a: Gliscor
|-damage|p1a: Gliscor|59/100 tox
|
|-heal|p2a: Kingambit|100/100 brn|[from] item: Leftovers
|-heal|p1a: Gliscor|72/100 tox|[from] ability: Poison Heal
|-damage|p2a: Kingambit|94/100 brn|[from] brn
|upkeep
|turn|10
|j| Lowladderubersnoob
|
|t:|1779901488
|move|p1a: Gliscor|Earthquake|p2a: Kingambit
|-supereffective|p2a: Kingambit
|-damage|p2a: Kingambit|39/100 brn
|move|p2a: Kingambit|Swords Dance|p2a: Kingambit
|-boost|p2a: Kingambit|atk|2
|
|-heal|p2a: Kingambit|45/100 brn|[from] item: Leftovers
|-heal|p1a: Gliscor|84/100 tox|[from] ability: Poison Heal
|-damage|p2a: Kingambit|39/100 brn|[from] brn
|upkeep
|turn|11
|
|t:|1779901499
|move|p2a: Kingambit|Sucker Punch|p1a: Gliscor
|-damage|p1a: Gliscor|34/100 tox
|move|p1a: Gliscor|Earthquake|p2a: Kingambit
|-supereffective|p2a: Kingambit
|-damage|p2a: Kingambit|0 fnt
|faint|p2a: Kingambit
|-end|p2a: Kingambit|fallen1|[silent]
|
|-heal|p1a: Gliscor|47/100 tox|[from] ability: Poison Heal
|upkeep
|
|t:|1779901509
|switch|p2a: Great Tusk|Great Tusk|100/100
|-status|p2a: Great Tusk|psn
|-enditem|p2a: Great Tusk|Booster Energy
|-activate|p2a: Great Tusk|ability: Protosynthesis|[fromitem]
|-start|p2a: Great Tusk|protosynthesisspe
|turn|12
|
|t:|1779901515
|move|p1a: Gliscor|Protect|p1a: Gliscor
|-singleturn|p1a: Gliscor|Protect
|move|p2a: Great Tusk|Bulk Up|p2a: Great Tusk
|-boost|p2a: Great Tusk|atk|1
|-boost|p2a: Great Tusk|def|1
|
|-damage|p2a: Great Tusk|88/100 psn|[from] psn
|-heal|p1a: Gliscor|59/100 tox|[from] ability: Poison Heal
|upkeep
|turn|13
|
|t:|1779901528
|switch|p1a: Ting-Lu|Ting-Lu|100/100
|-ability|p1a: Ting-Lu|Vessel of Ruin
|move|p2a: Great Tusk|Bulk Up|p2a: Great Tusk
|-boost|p2a: Great Tusk|atk|1
|-boost|p2a: Great Tusk|def|1
|
|-damage|p2a: Great Tusk|76/100 psn|[from] psn
|upkeep
|turn|14
|
|t:|1779901538
|move|p2a: Great Tusk|Ice Spinner|p1a: Ting-Lu
|-supereffective|p1a: Ting-Lu
|-damage|p1a: Ting-Lu|44/100
|move|p1a: Ting-Lu|Ruination|p2a: Great Tusk
|-damage|p2a: Great Tusk|38/100 psn
|
|-damage|p2a: Great Tusk|26/100 psn|[from] psn
|upkeep
|turn|15
|
|t:|1779901547
|move|p2a: Great Tusk|Ice Spinner|p1a: Ting-Lu
|-supereffective|p1a: Ting-Lu
|-damage|p1a: Ting-Lu|0 fnt
|faint|p1a: Ting-Lu
|
|-damage|p2a: Great Tusk|13/100 psn|[from] psn
|upkeep
|
|t:|1779901551
|switch|p1a: Gliscor|Gliscor, F|59/100 tox
|turn|16
|
|t:|1779901558
|move|p1a: Gliscor|Protect|p1a: Gliscor
|-singleturn|p1a: Gliscor|Protect
|move|p2a: Great Tusk|Ice Spinner|p1a: Gliscor
|-activate|p1a: Gliscor|move: Protect
|
|-damage|p2a: Great Tusk|1/100 psn|[from] psn
|-heal|p1a: Gliscor|72/100 tox|[from] ability: Poison Heal
|upkeep
|turn|17
|
|t:|1779901567
|switch|p1a: Iron Crown|Iron Crown|100/100
|-enditem|p1a: Iron Crown|Booster Energy
|-activate|p1a: Iron Crown|ability: Quark Drive|[fromitem]
|-start|p1a: Iron Crown|quarkdrivespe
|move|p2a: Great Tusk|Headlong Rush|p1a: Iron Crown
|-supereffective|p1a: Iron Crown
|-damage|p1a: Iron Crown|0 fnt
|-unboost|p2a: Great Tusk|def|1
|-unboost|p2a: Great Tusk|spd|1
|faint|p1a: Iron Crown
|-end|p1a: Iron Crown|Quark Drive|[silent]
|
|-damage|p2a: Great Tusk|0 fnt|[from] psn
|faint|p2a: Great Tusk
|-end|p2a: Great Tusk|Protosynthesis|[silent]
|upkeep
|c| Lowladderubersnoob|Nice read
|inactive|unamedturd has 120 seconds left.
|
|t:|1779901617
|switch|p1a: Ogerpon|Ogerpon-Wellspring, F|40/100
|switch|p2a: Gholdengo|Gholdengo|100/100
|turn|18
|
|t:|1779901622
|move|p1a: Ogerpon|Knock Off|p2a: Gholdengo
|-supereffective|p2a: Gholdengo
|-damage|p2a: Gholdengo|24/100
|-damage|p1a: Ogerpon|23/100|[from] item: Rocky Helmet|[of] p2a: Gholdengo
|-enditem|p2a: Gholdengo|Rocky Helmet|[from] move: Knock Off|[of] p1a: Ogerpon
|move|p2a: Gholdengo|Shadow Ball|p1a: Ogerpon
|-damage|p1a: Ogerpon|0 fnt
|faint|p1a: Ogerpon
|
|upkeep
|
|t:|1779901627
|switch|p1a: Dragapult|Dragapult, F|100/100
|turn|19
|
|t:|1779901634
|move|p1a: Dragapult|Hex|p2a: Gholdengo
|-supereffective|p2a: Gholdengo
|-damage|p2a: Gholdengo|0 fnt
|faint|p2a: Gholdengo
|
|upkeep
|
|t:|1779901648
|switch|p2a: Sinistcha|Sinistcha-Masterpiece|100/100
|-status|p2a: Sinistcha|psn
|turn|20
|
|t:|1779901656
|-terastallize|p2a: Sinistcha|Steel
|move|p1a: Dragapult|U-turn|p2a: Sinistcha
|-resisted|p2a: Sinistcha
|-damage|p2a: Sinistcha|94/100 psn
|
|t:|1779901658
|switch|p1a: Gliscor|Gliscor, F|72/100 tox|[from] U-turn
|move|p2a: Sinistcha|Shadow Ball|p1a: Gliscor
|-damage|p1a: Gliscor|42/100 tox
|-unboost|p1a: Gliscor|spd|1
|
|-heal|p2a: Sinistcha|99/100 psn|[from] item: Leftovers
|-heal|p1a: Gliscor|55/100 tox|[from] ability: Poison Heal
|-damage|p2a: Sinistcha|87/100 psn|[from] psn
|upkeep
|turn|21
|inactive|unamedturd has 120 seconds left.
|
|t:|1779901672
|move|p1a: Gliscor|Protect|p1a: Gliscor
|-singleturn|p1a: Gliscor|Protect
|move|p2a: Sinistcha|Calm Mind|p2a: Sinistcha
|-boost|p2a: Sinistcha|spa|1
|-boost|p2a: Sinistcha|spd|1
|
|-heal|p2a: Sinistcha|93/100 psn|[from] item: Leftovers
|-heal|p1a: Gliscor|67/100 tox|[from] ability: Poison Heal
|-damage|p2a: Sinistcha|81/100 psn|[from] psn
|upkeep
|turn|22
|inactive|unamedturd has 120 seconds left.
|
|t:|1779901686
|move|p1a: Gliscor|Earthquake|p2a: Sinistcha
|-supereffective|p2a: Sinistcha
|-damage|p2a: Sinistcha|35/100 psn
|move|p2a: Sinistcha|Strength Sap|p1a: Gliscor
|-unboost|p1a: Gliscor|atk|1
|-heal|p2a: Sinistcha|100/100 psn
|
|-heal|p1a: Gliscor|80/100 tox|[from] ability: Poison Heal
|-damage|p2a: Sinistcha|88/100 psn|[from] psn
|upkeep
|turn|23
|inactive|unamedturd has 120 seconds left.
|
|t:|1779901699
|move|p1a: Gliscor|Earthquake|p2a: Sinistcha
|-supereffective|p2a: Sinistcha
|-damage|p2a: Sinistcha|56/100 psn
|move|p2a: Sinistcha|Calm Mind|p2a: Sinistcha
|-boost|p2a: Sinistcha|spa|1
|-boost|p2a: Sinistcha|spd|1
|
|-heal|p2a: Sinistcha|62/100 psn|[from] item: Leftovers
|-heal|p1a: Gliscor|92/100 tox|[from] ability: Poison Heal
|-damage|p2a: Sinistcha|50/100 psn|[from] psn
|upkeep
|turn|24
|inactive|unamedturd has 120 seconds left.
|
|t:|1779901711
|move|p1a: Gliscor|Earthquake|p2a: Sinistcha
|-supereffective|p2a: Sinistcha
|-damage|p2a: Sinistcha|20/100 psn
|move|p2a: Sinistcha|Strength Sap|p1a: Gliscor
|-unboost|p1a: Gliscor|atk|1
|-heal|p2a: Sinistcha|64/100 psn
|
|-heal|p2a: Sinistcha|70/100 psn|[from] item: Leftovers
|-heal|p1a: Gliscor|100/100 tox|[from] ability: Poison Heal
|-damage|p2a: Sinistcha|57/100 psn|[from] psn
|upkeep
|turn|25
|inactive|unamedturd has 120 seconds left.
|
|t:|1779901723
|move|p1a: Gliscor|Earthquake|p2a: Sinistcha
|-supereffective|p2a: Sinistcha
|-damage|p2a: Sinistcha|36/100 psn
|move|p2a: Sinistcha|Matcha Gotcha|p1a: Gliscor
|-damage|p1a: Gliscor|8/100 tox
|-heal|p2a: Sinistcha|83/100 psn|[from] drain|[of] p1a: Gliscor
|
|-heal|p2a: Sinistcha|89/100 psn|[from] item: Leftovers
|-heal|p1a: Gliscor|20/100 tox|[from] ability: Poison Heal
|-damage|p2a: Sinistcha|77/100 psn|[from] psn
|upkeep
|turn|26
|inactive|unamedturd has 120 seconds left.
|
|t:|1779901739
|move|p1a: Gliscor|Earthquake|p2a: Sinistcha
|-supereffective|p2a: Sinistcha
|-damage|p2a: Sinistcha|53/100 psn
|move|p2a: Sinistcha|Matcha Gotcha|p1a: Gliscor
|-damage|p1a: Gliscor|0 fnt
|-heal|p2a: Sinistcha|63/100 psn|[from] drain|[of] p1a: Gliscor
|faint|p1a: Gliscor
|
|-heal|p2a: Sinistcha|69/100 psn|[from] item: Leftovers
|-damage|p2a: Sinistcha|56/100 psn|[from] psn
|upkeep
|
|t:|1779901742
|switch|p1a: Kingambit|Kingambit, F|100/100
|-activate|p1a: Kingambit|ability: Supreme Overlord
|-start|p1a: Kingambit|fallen4|[silent]
|-item|p1a: Kingambit|Air Balloon
|turn|27
|inactive|unamedturd has 120 seconds left.
|
|t:|1779901756
|move|p1a: Kingambit|Swords Dance|p1a: Kingambit
|-boost|p1a: Kingambit|atk|2
|move|p2a: Sinistcha|Matcha Gotcha|p1a: Kingambit
|-resisted|p1a: Kingambit
|-damage|p1a: Kingambit|65/100
|-heal|p2a: Sinistcha|74/100 psn|[from] drain|[of] p1a: Kingambit
|-status|p1a: Kingambit|brn
|-enditem|p1a: Kingambit|Air Balloon
|
|-heal|p2a: Sinistcha|80/100 psn|[from] item: Leftovers
|-damage|p2a: Sinistcha|67/100 psn|[from] psn
|-damage|p1a: Kingambit|59/100 brn|[from] brn
|upkeep
|turn|28
|inactive|unamedturd has 120 seconds left.
|
|t:|1779901770
|move|p1a: Kingambit|Kowtow Cleave|p2a: Sinistcha
|-damage|p2a: Sinistcha|22/100 psn
|move|p2a: Sinistcha|Matcha Gotcha|p1a: Kingambit
|-resisted|p1a: Kingambit
|-damage|p1a: Kingambit|22/100 brn
|-heal|p2a: Sinistcha|41/100 psn|[from] drain|[of] p1a: Kingambit
|
|-heal|p2a: Sinistcha|47/100 psn|[from] item: Leftovers
|-damage|p2a: Sinistcha|34/100 psn|[from] psn
|-damage|p1a: Kingambit|15/100 brn|[from] brn
|upkeep
|turn|29
|inactive|unamedturd has 120 seconds left.
|
|t:|1779901783
|move|p1a: Kingambit|Kowtow Cleave|p2a: Sinistcha
|-crit|p2a: Sinistcha
|-damage|p2a: Sinistcha|0 fnt
|faint|p2a: Sinistcha
|
|-damage|p1a: Kingambit|9/100 brn|[from] brn
|upkeep
|-message|unamedturd forfeited.
|
|win|Mr Tpen
|raw|Mr Tpen's rating: 1562 &rarr; <strong>1585</strong><br />(+23 for winning)
|raw|unamedturd's rating: 1618 &rarr; <strong>1595</strong><br />(-23 for losing)
|l|☆unamedturd
|player|p2|
|l|☆Mr Tpen
|player|p1|
