|j|☆volcaronaisboss
|j|☆Mr Tpen
|t:|1779902176
|gametype|singles
|player|p1|volcaronaisboss|burglar-gen3|1566
|player|p2|Mr Tpen|2|1549
|gen|9
|tier|[Gen 9] OU
|rated|
|rule|HP Percentage Mod: HP is shown in percentages
|rule|Endless Battle Clause: Forcing endless battles is banned
|rule|Species Clause: Limit one of each Pokémon
|rule|OHKO Clause: OHKO moves are banned
|rule|Evasion Items Clause: Evasion items are banned
|rule|Evasion Moves Clause: Evasion moves are banned
|rule|Evasion Abilities Clause: Evasion abilities are banned
|rule|Sleep Moves Clause: Sleep-inducing moves are banned
|clearpoke
|poke|p1|Comfey, M|
|poke|p1|Whimsicott, F|
|poke|p1|Iron Moth|
|poke|p1|Walking Wake|
|poke|p1|Great Tusk|
|poke|p1|Ninetales, M|
|poke|p2|Dragapult, F|
|poke|p2|Gliscor, F|
|poke|p2|Ogerpon-Wellspring, F|
|poke|p2|Iron Crown|
|poke|p2|Ting-Lu|
|poke|p2|Kingambit, M|
|teampreview
|inactive|Battle timer is ON: inactive players will automatically lose when time's up. (requested by volcaronaisboss)
|
|t:|1779902187
|teamsize|p1|6
|teamsize|p2|6
|start
|switch|p1a: Walking Wake|Walking Wake|100/100
|switch|p2a: Gliscor|Gliscor, F|100/100
|turn|1
|
|t:|1779902194
|move|p2a: Gliscor|Protect|p2a: Gliscor
|-singleturn|p2a: Gliscor|Protect
|move|p1a: Walking Wake|Knock Off|p2a: Gliscor
|-activate|p2a: Gliscor|move: Protect
|
|-status|p2a: Gliscor|tox|[from] item: Toxic Orb
|upkeep
|turn|2
|
|t:|1779902205
|move|p1a: Walking Wake|Hydro Steam|p2a: Gliscor
|-supereffective|p2a: Gliscor
|-damage|p2a: Gliscor|35/100 tox
|move|p2a: Gliscor|Toxic|p1a: Walking Wake
|-status|p1a: Walking Wake|tox
|
|-damage|p1a: Walking Wake|94/100 tox|[from] psn
|-heal|p2a: Gliscor|48/100 tox|[from] ability: Poison Heal
|upkeep
|turn|3
|
|t:|1779902209
|-end|p1a: Walking Wake|Protosynthesis|[silent]
|switch|p1a: Ninetales|Ninetales, M|100/100
|-weather|SunnyDay|[from] ability: Drought|[of] p1a: Ninetales
|move|p2a: Gliscor|Protect||[still]
|-fail|p2a: Gliscor
|
|-weather|SunnyDay|[upkeep]
|-heal|p2a: Gliscor|60/100 tox|[from] ability: Poison Heal
|upkeep
|turn|4
|
|t:|1779902216
|switch|p1a: Walking Wake|Walking Wake|94/100 tox
|-activate|p1a: Walking Wake|ability: Protosynthesis
|-start|p1a: Walking Wake|protosynthesisspe
|move|p2a: Gliscor|Protect||[still]
|-fail|p2a: Gliscor
|
|-weather|SunnyDay|[upkeep]
|-damage|p1a: Walking Wake|88/100 tox|[from] psn
|-heal|p2a: Gliscor|73/100 tox|[from] ability: Poison Heal
|upkeep
|turn|5
|
|t:|1779902221
|move|p2a: Gliscor|Protect|p2a: Gliscor
|-singleturn|p2a: Gliscor|Protect
|move|p1a: Walking Wake|Flip Turn|p2a: Gliscor
|-activate|p2a: Gliscor|move: Protect
|
|-weather|SunnyDay|[upkeep]
|-damage|p1a: Walking Wake|76/100 tox|[from] psn
|-heal|p2a: Gliscor|85/100 tox|[from] ability: Poison Heal
|upkeep
|turn|6
|
|t:|1779902228
|switch|p2a: Ogerpon|Ogerpon-Wellspring, F|100/100
|move|p1a: Walking Wake|Draco Meteor|p2a: Ogerpon
|-damage|p2a: Ogerpon|31/100
|-unboost|p1a: Walking Wake|spa|2
|
|-weather|SunnyDay|[upkeep]
|-damage|p1a: Walking Wake|58/100 tox|[from] psn
|upkeep
|turn|7
|
|t:|1779902234
|-end|p1a: Walking Wake|Protosynthesis|[silent]
|switch|p1a: Whimsicott|Whimsicott, F|100/100
|move|p2a: Ogerpon|U-turn|p1a: Whimsicott
|-damage|p1a: Whimsicott|68/100
|
|t:|1779902237
|switch|p2a: Iron Crown|Iron Crown|100/100|[from] U-turn
|-enditem|p2a: Iron Crown|Booster Energy
|-activate|p2a: Iron Crown|ability: Quark Drive|[fromitem]
|-start|p2a: Iron Crown|quarkdrivespe
|
|-weather|SunnyDay|[upkeep]
|upkeep
|turn|8
|
|t:|1779902243
|switch|p1a: Great Tusk|Great Tusk|100/100
|-activate|p1a: Great Tusk|ability: Protosynthesis
|-start|p1a: Great Tusk|protosynthesisspe
|move|p2a: Iron Crown|Calm Mind|p2a: Iron Crown
|-boost|p2a: Iron Crown|spa|1
|-boost|p2a: Iron Crown|spd|1
|
|-weather|SunnyDay|[upkeep]
|upkeep
|turn|9
|
|t:|1779902248
|move|p2a: Iron Crown|Psychic|p1a: Great Tusk
|-supereffective|p1a: Great Tusk
|-damage|p1a: Great Tusk|0 fnt
|faint|p1a: Great Tusk
|-end|p1a: Great Tusk|Protosynthesis|[silent]
|
|-weather|SunnyDay|[upkeep]
|upkeep
|
|t:|1779902256
|switch|p1a: Iron Moth|Iron Moth|100/100
|-enditem|p1a: Iron Moth|Booster Energy
|-activate|p1a: Iron Moth|ability: Quark Drive|[fromitem]
|-start|p1a: Iron Moth|quarkdrivespa
|turn|10
|
|t:|1779902267
|-terastallize|p1a: Iron Moth|Fire
|move|p2a: Iron Crown|Psychic|p1a: Iron Moth
|-damage|p1a: Iron Moth|31/100
|move|p1a: Iron Moth|Fiery Dance|p2a: Iron Crown
|-supereffective|p2a: Iron Crown
|-damage|p2a: Iron Crown|0 fnt
|faint|p2a: Iron Crown
|-end|p2a: Iron Crown|Quark Drive|[silent]
|
|-weather|none
|upkeep
|
|t:|1779902271
|switch|p2a: Ogerpon|Ogerpon-Wellspring, F|31/100
|turn|11
|
|t:|1779902274
|move|p1a: Iron Moth|Fiery Dance|p2a: Ogerpon
|-damage|p2a: Ogerpon|0 fnt
|-boost|p1a: Iron Moth|spa|1
|faint|p2a: Ogerpon
|
|upkeep
|
|t:|1779902276
|switch|p2a: Dragapult|Dragapult, F|100/100
|turn|12
|
|t:|1779902280
|move|p2a: Dragapult|Dragon Darts|p1a: Iron Moth
|-damage|p1a: Iron Moth|0 fnt
|faint|p1a: Iron Moth
|-end|p1a: Iron Moth|Quark Drive|[silent]
|
|upkeep
|
|t:|1779902282
|switch|p1a: Ninetales|Ninetales, M|100/100
|-weather|SunnyDay|[from] ability: Drought|[of] p1a: Ninetales
|turn|13
|
|t:|1779902286
|switch|p1a: Whimsicott|Whimsicott, F|68/100
|move|p2a: Dragapult|U-turn|p1a: Whimsicott
|-damage|p1a: Whimsicott|43/100
|
|t:|1779902290
|switch|p2a: Kingambit|Kingambit, M|100/100|[from] U-turn
|-activate|p2a: Kingambit|ability: Supreme Overlord
|-start|p2a: Kingambit|fallen2|[silent]
|-item|p2a: Kingambit|Air Balloon
|
|-weather|SunnyDay|[upkeep]
|upkeep
|turn|14
|
|t:|1779902296
|move|p1a: Whimsicott|Moonblast|p2a: Kingambit
|-damage|p2a: Kingambit|44/100
|-enditem|p2a: Kingambit|Air Balloon
|-damage|p1a: Whimsicott|33/100|[from] item: Life Orb
|move|p2a: Kingambit|Kowtow Cleave|p1a: Whimsicott
|-resisted|p1a: Whimsicott
|-damage|p1a: Whimsicott|0 fnt
|faint|p1a: Whimsicott
|
|-weather|SunnyDay|[upkeep]
|upkeep
|
|t:|1779902303
|switch|p1a: Comfey|Comfey, M|100/100
|turn|15
|
|t:|1779902310
|switch|p1a: Walking Wake|Walking Wake|58/100 tox
|-activate|p1a: Walking Wake|ability: Protosynthesis
|-start|p1a: Walking Wake|protosynthesisspe
|-end|p2a: Kingambit|fallen2|[silent]
|switch|p2a: Gliscor|Gliscor, F|85/100 tox
|
|-weather|SunnyDay|[upkeep]
|-damage|p1a: Walking Wake|52/100 tox|[from] psn
|-heal|p2a: Gliscor|98/100 tox|[from] ability: Poison Heal
|upkeep
|turn|16
|
|t:|1779902314
|move|p2a: Gliscor|Protect|p2a: Gliscor
|-singleturn|p2a: Gliscor|Protect
|move|p1a: Walking Wake|Hydro Steam|p2a: Gliscor
|-activate|p2a: Gliscor|move: Protect
|
|-weather|SunnyDay|[upkeep]
|-damage|p1a: Walking Wake|40/100 tox|[from] psn
|-heal|p2a: Gliscor|100/100 tox|[from] ability: Poison Heal
|upkeep
|turn|17
|
|t:|1779902317
|-terastallize|p2a: Gliscor|Fairy
|move|p1a: Walking Wake|Hydro Steam|p2a: Gliscor
|-damage|p2a: Gliscor|51/100 tox
|move|p2a: Gliscor|Toxic Spikes|p1a: Walking Wake
|-sidestart|p1: volcaronaisboss|move: Toxic Spikes
|
|-weather|SunnyDay|[upkeep]
|-damage|p1a: Walking Wake|22/100 tox|[from] psn
|-heal|p2a: Gliscor|63/100 tox|[from] ability: Poison Heal
|upkeep
|turn|18
|
|t:|1779902325
|move|p1a: Walking Wake|Hydro Steam|p2a: Gliscor
|-damage|p2a: Gliscor|14/100 tox
|move|p2a: Gliscor|Toxic Spikes|p1a: Walking Wake
|-sidestart|p1: volcaronaisboss|move: Toxic Spikes
|
|-weather|SunnyDay|[upkeep]
|-damage|p1a: Walking Wake|0 fnt|[from] psn
|faint|p1a: Walking Wake
|-end|p1a: Walking Wake|Protosynthesis|[silent]
|-heal|p2a: Gliscor|26/100 tox|[from] ability: Poison Heal
|upkeep
|
|t:|1779902330
|switch|p1a: Comfey|Comfey, M|100/100
|-status|p1a: Comfey|tox
|turn|19
|
|t:|1779902333
|move|p2a: Gliscor|Earthquake|p1a: Comfey
|-damage|p1a: Comfey|57/100 tox
|move|p1a: Comfey|Growth|p1a: Comfey
|-boost|p1a: Comfey|atk|2
|-boost|p1a: Comfey|spa|2
|
|-weather|SunnyDay|[upkeep]
|-heal|p2a: Gliscor|39/100 tox|[from] ability: Poison Heal
|-damage|p1a: Comfey|51/100 tox|[from] psn
|upkeep
|turn|20
|
|t:|1779902337
|move|p2a: Gliscor|Protect|p2a: Gliscor
|-singleturn|p2a: Gliscor|Protect
|move|p1a: Comfey|Growth|p1a: Comfey
|-boost|p1a: Comfey|atk|2
|-boost|p1a: Comfey|spa|2
|
|-weather|none
|-heal|p2a: Gliscor|51/100 tox|[from] ability: Poison Heal
|-damage|p1a: Comfey|39/100 tox|[from] psn
|upkeep
|turn|21
|
|t:|1779902343
|switch|p2a: Kingambit|Kingambit, M|44/100
|-activate|p2a: Kingambit|ability: Supreme Overlord
|-start|p2a: Kingambit|fallen2|[silent]
|move|p1a: Comfey|Draining Kiss|p2a: Kingambit
|-damage|p2a: Kingambit|0 fnt
|-heal|p1a: Comfey|75/100 tox|[from] drain|[of] p2a: Kingambit
|faint|p2a: Kingambit
|-end|p2a: Kingambit|fallen2|[silent]
|-damage|p1a: Comfey|65/100 tox|[from] item: Life Orb
|
|-damage|p1a: Comfey|47/100 tox|[from] psn
|upkeep
|
|t:|1779902345
|switch|p2a: Gliscor|Gliscor, F, tera:Fairy|51/100 tox
|turn|22
|
|t:|1779902350
|move|p1a: Comfey|Synthesis|p1a: Comfey
|-heal|p1a: Comfey|97/100 tox
|move|p2a: Gliscor|Earthquake|p1a: Comfey
|-damage|p1a: Comfey|57/100 tox
|
|-heal|p2a: Gliscor|64/100 tox|[from] ability: Poison Heal
|-damage|p1a: Comfey|32/100 tox|[from] psn
|upkeep
|turn|23
|
|t:|1779902357
|move|p1a: Comfey|Synthesis|p1a: Comfey
|-heal|p1a: Comfey|82/100 tox
|move|p2a: Gliscor|Earthquake|p1a: Comfey
|-damage|p1a: Comfey|44/100 tox
|
|-heal|p2a: Gliscor|76/100 tox|[from] ability: Poison Heal
|-damage|p1a: Comfey|13/100 tox|[from] psn
|upkeep
|turn|24
|c|☆volcaronaisboss|aight
|
|t:|1779902362
|move|p2a: Gliscor|Protect|p2a: Gliscor
|-singleturn|p2a: Gliscor|Protect
|move|p1a: Comfey|Draining Kiss|p2a: Gliscor
|-activate|p2a: Gliscor|move: Protect
|
|-heal|p2a: Gliscor|89/100 tox|[from] ability: Poison Heal
|-damage|p1a: Comfey|0 fnt|[from] psn
|faint|p1a: Comfey
|upkeep
|
|t:|1779902364
|switch|p1a: Ninetales|Ninetales, M|100/100
|-status|p1a: Ninetales|tox
|-weather|SunnyDay|[from] ability: Drought|[of] p1a: Ninetales
|turn|25
|
|t:|1779902368
|switch|p2a: Ting-Lu|Ting-Lu|100/100
|-ability|p2a: Ting-Lu|Vessel of Ruin
|move|p1a: Ninetales|Weather Ball|p2a: Ting-Lu
|-damage|p2a: Ting-Lu|76/100
|
|-weather|SunnyDay|[upkeep]
|-damage|p1a: Ninetales|94/100 tox|[from] psn
|upkeep
|turn|26
|c|☆volcaronaisboss|gg
|
|t:|1779902374
|move|p1a: Ninetales|Healing Wish||[still]
|-fail|p1a: Ninetales
|move|p2a: Ting-Lu|Taunt|p1a: Ninetales
|-start|p1a: Ninetales|move: Taunt
|
|-weather|SunnyDay|[upkeep]
|-damage|p1a: Ninetales|82/100 tox|[from] psn
|upkeep
|turn|27
|-message|volcaronaisboss forfeited.
|
|win|Mr Tpen
|raw|volcaronaisboss's rating: 1566 &rarr; <strong>1545</strong><br />(-21 for losing)
|raw|Mr Tpen's rating: 1549 &rarr; <strong>1570</strong><br />(+21 for winning)
|l|☆volcaronaisboss
|player|p1|
|l|☆Mr Tpen
|player|p2|
