|j|☆Billygunter
|j|☆clanger1231
|t:|1779841711
|gametype|singles
|player|p1|Billygunter|169|1638
|player|p2|clanger1231|baker|1557
|gen|9
|tier|[Gen 9] OU
|rated|
|rule|HP Percentage Mod: HP is shown in percentages
|rule|Endless Battle Clause: Forcing endless battles is banned
|rule|Species Clause: Limit one of each Pokémon
|rule|OHKO Clause: OHKO moves are banned
|rule|Evasion Items Clause: Evasion items are banned
|rule|Evasion Moves Clause: Evasion moves are banned
|rule|Evasion Abilities Clause: Evasion abilities are banned
|rule|Sleep Moves Clause: Sleep-inducing moves are banned
|clearpoke
|poke|p1|Landorus-Therian, M|
|poke|p1|Ceruledge, M|
|poke|p1|Raging Bolt|
|poke|p1|Hatterene, F|
|poke|p1|Cobalion|
|poke|p1|Primarina, M|
|poke|p2|Kingambit, F|
|poke|p2|Kommo-o, F|
|poke|p2|Iron Valiant|
|poke|p2|Kyurem|
|poke|p2|Iron Treads|
|poke|p2|Iron Crown|
|teampreview
|
|t:|1779841718
|teamsize|p1|6
|teamsize|p2|6
|start
|switch|p1a: Ceruledge|Ceruledge, M|100/100
|switch|p2a: Iron Treads|Iron Treads|100/100
|-enditem|p2a: Iron Treads|Booster Energy
|-activate|p2a: Iron Treads|ability: Quark Drive|[fromitem]
|-start|p2a: Iron Treads|quarkdrivespe
|turn|1
|
|t:|1779841728
|-terastallize|p1a: Ceruledge|Ghost
|move|p2a: Iron Treads|Stealth Rock|p1a: Ceruledge
|-sidestart|p1: Billygunter|move: Stealth Rock
|move|p1a: Ceruledge|Bitter Blade|p2a: Iron Treads
|-supereffective|p2a: Iron Treads
|-crit|p2a: Iron Treads
|-damage|p2a: Iron Treads|0 fnt
|faint|p2a: Iron Treads
|-end|p2a: Iron Treads|Quark Drive|[silent]
|-damage|p1a: Ceruledge|90/100|[from] item: Life Orb
|
|upkeep
|
|t:|1779841734
|switch|p2a: Kyurem|Kyurem|100/100
|-ability|p2a: Kyurem|Pressure
|turn|2
|
|t:|1779841745
|switch|p1a: Cobalion|Cobalion|100/100
|-damage|p1a: Cobalion|98/100|[from] Stealth Rock
|move|p2a: Kyurem|Scale Shot|p1a: Cobalion
|-resisted|p1a: Cobalion
|-damage|p1a: Cobalion|93/100
|-resisted|p1a: Cobalion
|-damage|p1a: Cobalion|89/100
|-resisted|p1a: Cobalion
|-damage|p1a: Cobalion|85/100
|-resisted|p1a: Cobalion
|-crit|p1a: Cobalion
|-damage|p1a: Cobalion|78/100
|-hitcount|p1a: Cobalion|4
|-unboost|p2a: Kyurem|def|1
|-boost|p2a: Kyurem|spe|1
|
|upkeep
|turn|3
|
|t:|1779841760
|move|p2a: Kyurem|Earth Power|p1a: Cobalion
|-supereffective|p1a: Cobalion
|-crit|p1a: Cobalion
|-damage|p1a: Cobalion|0 fnt
|faint|p1a: Cobalion
|
|upkeep
|
|t:|1779841765
|switch|p1a: Primarina|Primarina, M|100/100
|-damage|p1a: Primarina|88/100|[from] Stealth Rock
|turn|4
|
|t:|1779841770
|switch|p2a: Iron Crown|Iron Crown|100/100
|-enditem|p2a: Iron Crown|Booster Energy
|-activate|p2a: Iron Crown|ability: Quark Drive|[fromitem]
|-start|p2a: Iron Crown|quarkdrivespe
|move|p1a: Primarina|Surf|p2a: Iron Crown
|-damage|p2a: Iron Crown|51/100
|
|upkeep
|turn|5
|
|t:|1779841779
|move|p2a: Iron Crown|Tachyon Cutter|p1a: Primarina
|-damage|p1a: Primarina|75/100
|-damage|p1a: Primarina|60/100
|-hitcount|p1a: Primarina|2
|move|p1a: Primarina|Surf|p2a: Iron Crown
|-damage|p2a: Iron Crown|3/100
|
|upkeep
|turn|6
|
|t:|1779841787
|move|p2a: Iron Crown|Tachyon Cutter|p1a: Primarina
|-damage|p1a: Primarina|49/100
|-crit|p1a: Primarina
|-damage|p1a: Primarina|30/100
|-hitcount|p1a: Primarina|2
|move|p1a: Primarina|Surf|p2a: Iron Crown
|-damage|p2a: Iron Crown|0 fnt
|faint|p2a: Iron Crown
|-end|p2a: Iron Crown|Quark Drive|[silent]
|
|upkeep
|
|t:|1779841797
|switch|p2a: Kyurem|Kyurem|100/100
|-ability|p2a: Kyurem|Pressure
|turn|7
|
|t:|1779841802
|move|p2a: Kyurem|Icicle Spear|p1a: Primarina
|-resisted|p1a: Primarina
|-damage|p1a: Primarina|22/100
|-resisted|p1a: Primarina
|-damage|p1a: Primarina|15/100
|-resisted|p1a: Primarina
|-damage|p1a: Primarina|7/100
|-resisted|p1a: Primarina
|-damage|p1a: Primarina|0 fnt
|faint|p1a: Primarina
|-hitcount|p1: Primarina|4
|
|upkeep
|
|t:|1779841821
|switch|p1a: Hatterene|Hatterene, F|100/100
|-damage|p1a: Hatterene|88/100|[from] Stealth Rock
|turn|8
|
|t:|1779841827
|move|p2a: Kyurem|Icicle Spear|p1a: Hatterene
|-damage|p1a: Hatterene|77/100
|-damage|p1a: Hatterene|67/100
|-damage|p1a: Hatterene|56/100
|-damage|p1a: Hatterene|45/100
|-damage|p1a: Hatterene|34/100
|-hitcount|p1a: Hatterene|5
|move|p1a: Hatterene|Draining Kiss|p2a: Kyurem
|-supereffective|p2a: Kyurem
|-damage|p2a: Kyurem|52/100
|-heal|p1a: Hatterene|78/100|[from] drain|[of] p2a: Kyurem
|
|upkeep
|turn|9
|
|t:|1779841840
|move|p2a: Kyurem|Icicle Spear|p1a: Hatterene
|-damage|p1a: Hatterene|67/100
|-damage|p1a: Hatterene|56/100
|-crit|p1a: Hatterene
|-damage|p1a: Hatterene|40/100
|-damage|p1a: Hatterene|29/100
|-hitcount|p1a: Hatterene|4
|move|p1a: Hatterene|Draining Kiss|p2a: Kyurem
|-supereffective|p2a: Kyurem
|-damage|p2a: Kyurem|1/100
|-heal|p1a: Hatterene|76/100|[from] drain|[of] p2a: Kyurem
|
|upkeep
|turn|10
|
|t:|1779841869
|move|p2a: Kyurem|Icicle Spear|p1a: Hatterene
|-damage|p1a: Hatterene|64/100
|-damage|p1a: Hatterene|54/100
|-damage|p1a: Hatterene|42/100
|-damage|p1a: Hatterene|31/100
|-damage|p1a: Hatterene|19/100
|-hitcount|p1a: Hatterene|5
|move|p1a: Hatterene|Draining Kiss|p2a: Kyurem
|-supereffective|p2a: Kyurem
|-damage|p2a: Kyurem|0 fnt
|-heal|p1a: Hatterene|20/100|[from] drain|[of] p2a: Kyurem
|faint|p2a: Kyurem
|
|upkeep
|
|t:|1779841871
|switch|p2a: Iron Valiant|Iron Valiant|100/100
|-enditem|p2a: Iron Valiant|Booster Energy
|-activate|p2a: Iron Valiant|ability: Quark Drive|[fromitem]
|-start|p2a: Iron Valiant|quarkdrivespe
|turn|11
|
|t:|1779841886
|move|p2a: Iron Valiant|Moonblast|p1a: Hatterene
|-damage|p1a: Hatterene|0 fnt
|faint|p1a: Hatterene
|
|upkeep
|
|t:|1779841891
|switch|p1a: Ceruledge|Ceruledge, M, tera:Ghost|90/100
|-damage|p1a: Ceruledge|78/100|[from] Stealth Rock
|turn|12
|
|t:|1779841896
|-terastallize|p2a: Iron Valiant|Ghost
|move|p2a: Iron Valiant|Shadow Ball|p1a: Ceruledge
|-supereffective|p1a: Ceruledge
|-damage|p1a: Ceruledge|0 fnt
|faint|p1a: Ceruledge
|
|upkeep
|
|t:|1779841903
|switch|p1a: Raging Bolt|Raging Bolt|100/100
|-damage|p1a: Raging Bolt|88/100|[from] Stealth Rock
|turn|13
|
|t:|1779841909
|move|p2a: Iron Valiant|Calm Mind|p2a: Iron Valiant
|-boost|p2a: Iron Valiant|spa|1
|-boost|p2a: Iron Valiant|spd|1
|move|p1a: Raging Bolt|Thunderbolt|p2a: Iron Valiant
|-damage|p2a: Iron Valiant|13/100
|
|upkeep
|turn|14
|
|t:|1779841916
|move|p2a: Iron Valiant|Moonblast|p1a: Raging Bolt
|-supereffective|p1a: Raging Bolt
|-damage|p1a: Raging Bolt|0 fnt
|faint|p1a: Raging Bolt
|-end|p1a: Raging Bolt|Protosynthesis|[silent]
|
|upkeep
|-message|Billygunter forfeited.
|
|win|clanger1231
|raw|Billygunter's rating: 1638 &rarr; <strong>1613</strong><br />(-25 for losing)
|raw|clanger1231's rating: 1558 &rarr; <strong>1583</strong><br />(+25 for winning)
|l|☆Billygunter
|player|p1|
