|j|☆mishamisha69
|j|☆claudechamp
|t:|1779852133
|gametype|singles
|player|p1|mishamisha69|veteran|1131
|player|p2|claudechamp|169|1198
|gen|9
|tier|[Gen 9] OU
|rated|
|rule|HP Percentage Mod: HP is shown in percentages
|rule|Endless Battle Clause: Forcing endless battles is banned
|rule|Species Clause: Limit one of each Pokémon
|rule|OHKO Clause: OHKO moves are banned
|rule|Evasion Items Clause: Evasion items are banned
|rule|Evasion Moves Clause: Evasion moves are banned
|rule|Evasion Abilities Clause: Evasion abilities are banned
|rule|Sleep Moves Clause: Sleep-inducing moves are banned
|clearpoke
|poke|p1|Milotic, F|
|poke|p1|Masquerain, M|
|poke|p1|Blaziken, F|
|poke|p1|Salamence, M|
|poke|p1|Dusclops, F|
|poke|p1|Cacturne, F|
|poke|p2|Gliscor, M|
|poke|p2|Gholdengo|
|poke|p2|Zamazenta-*|
|poke|p2|Blissey, F|
|poke|p2|Skarmory, F|
|poke|p2|Pecharunt|
|teampreview
|inactive|Battle timer is ON: inactive players will automatically lose when time's up. (requested by mishamisha69)
|c|☆claudechamp|hf
|
|t:|1779852138
|teamsize|p1|6
|teamsize|p2|6
|start
|switch|p1a: Masquerain|Masquerain, M|100/100
|switch|p2a: Skarmory|Skarmory, F|100/100
|-ability|p1a: Masquerain|Intimidate|boost
|-unboost|p2a: Skarmory|atk|1
|turn|1
|inactive|claudechamp also wants the timer to be on.
|
|t:|1779852146
|move|p1a: Masquerain|Sticky Web|p2a: Skarmory
|-sidestart|p2: claudechamp|move: Sticky Web
|move|p2a: Skarmory|Spikes|p1a: Masquerain
|-sidestart|p1: mishamisha69|Spikes
|
|upkeep
|turn|2
|
|t:|1779852154
|move|p1a: Masquerain|Quiver Dance|p1a: Masquerain
|-boost|p1a: Masquerain|spa|1
|-boost|p1a: Masquerain|spd|1
|-boost|p1a: Masquerain|spe|1
|move|p2a: Skarmory|Spikes|p1a: Masquerain
|-sidestart|p1: mishamisha69|Spikes
|
|upkeep
|turn|3
|
|t:|1779852156
|move|p1a: Masquerain|Quiver Dance|p1a: Masquerain
|-boost|p1a: Masquerain|spa|1
|-boost|p1a: Masquerain|spd|1
|-boost|p1a: Masquerain|spe|1
|move|p2a: Skarmory|Whirlwind|p1a: Masquerain
|drag|p1a: Dusclops|Dusclops, F|100/100
|-damage|p1a: Dusclops|84/100|[from] Spikes
|-ability|p1a: Dusclops|Pressure
|
|upkeep
|turn|4
|
|t:|1779852164
|switch|p2a: Pecharunt|Pecharunt|100/100
|move|p1a: Dusclops|Will-O-Wisp|p2a: Pecharunt|[miss]
|-miss|p1a: Dusclops|p2a: Pecharunt
|
|upkeep
|turn|5
|
|t:|1779852171
|-terastallize|p1a: Dusclops|Steel
|move|p2a: Pecharunt|Toxic|p1a: Dusclops
|-immune|p1a: Dusclops
|move|p1a: Dusclops|Will-O-Wisp|p2a: Pecharunt
|-status|p2a: Pecharunt|brn
|
|-damage|p2a: Pecharunt|94/100 brn|[from] brn
|upkeep
|turn|6
|
|t:|1779852181
|move|p2a: Pecharunt|Parting Shot|p1a: Dusclops
|-unboost|p1a: Dusclops|atk|1
|-unboost|p1a: Dusclops|spa|1
|
|t:|1779852187
|switch|p2a: Blissey|Blissey, F|100/100|[from] Parting Shot
|move|p1a: Dusclops|Hex|p2a: Blissey
|-immune|p2a: Blissey
|
|upkeep
|turn|7
|
|t:|1779852194
|switch|p1a: Masquerain|Masquerain, M|100/100
|-ability|p1a: Masquerain|Intimidate|boost
|-unboost|p2a: Blissey|atk|1
|move|p2a: Blissey|Stealth Rock|p1a: Masquerain
|-sidestart|p1: mishamisha69|move: Stealth Rock
|
|upkeep
|turn|8
|
|t:|1779852202
|switch|p1a: Blaziken|Blaziken, F|100/100
|-damage|p1a: Blaziken|84/100|[from] Spikes
|-damage|p1a: Blaziken|72/100|[from] Stealth Rock
|switch|p2a: Skarmory|Skarmory, F|100/100
|
|upkeep
|turn|9
|
|t:|1779852211
|move|p1a: Blaziken|Flare Blitz|p2a: Skarmory
|-supereffective|p2a: Skarmory
|-ability|p2a: Skarmory|Sturdy
|-damage|p2a: Skarmory|1/100
|-damage|p1a: Blaziken|35/100|[from] Recoil
|-damage|p1a: Blaziken|25/100|[from] item: Life Orb
|move|p2a: Skarmory|Whirlwind|p1a: Blaziken
|drag|p1a: Milotic|Milotic, F, shiny|100/100
|-damage|p1a: Milotic|84/100|[from] Spikes
|-damage|p1a: Milotic|72/100|[from] Stealth Rock
|
|-status|p1a: Milotic|brn|[from] item: Flame Orb
|upkeep
|turn|10
|
|t:|1779852224
|move|p2a: Skarmory|Roost|p2a: Skarmory
|-heal|p2a: Skarmory|51/100
|-singleturn|p2a: Skarmory|move: Roost
|move|p1a: Milotic|Ice Beam|p2a: Skarmory
|-resisted|p2a: Skarmory
|-damage|p2a: Skarmory|36/100
|
|-damage|p1a: Milotic|65/100 brn|[from] brn
|upkeep
|turn|11
|
|t:|1779852236
|move|p2a: Skarmory|Roost|p2a: Skarmory
|-heal|p2a: Skarmory|86/100
|-singleturn|p2a: Skarmory|move: Roost
|move|p1a: Milotic|Scald|p2a: Skarmory
|-damage|p2a: Skarmory|50/100
|
|-damage|p1a: Milotic|59/100 brn|[from] brn
|upkeep
|turn|12
|
|t:|1779852244
|switch|p2a: Blissey|Blissey, F|100/100
|move|p1a: Milotic|Scald|p2a: Blissey
|-damage|p2a: Blissey|92/100
|-status|p2a: Blissey|brn
|
|-damage|p1a: Milotic|53/100 brn|[from] brn
|-damage|p2a: Blissey|86/100 brn|[from] brn
|upkeep
|turn|13
|
|t:|1779852249
|move|p1a: Milotic|Recover|p1a: Milotic
|-heal|p1a: Milotic|100/100 brn
|move|p2a: Blissey|Soft-Boiled|p2a: Blissey
|-heal|p2a: Blissey|100/100 brn
|
|-damage|p1a: Milotic|94/100 brn|[from] brn
|-damage|p2a: Blissey|94/100 brn|[from] brn
|upkeep
|turn|14
|
|t:|1779852258
|switch|p1a: Cacturne|Cacturne, F|100/100
|-damage|p1a: Cacturne|84/100|[from] Spikes
|-damage|p1a: Cacturne|72/100|[from] Stealth Rock
|move|p2a: Blissey|Calm Mind|p2a: Blissey
|-boost|p2a: Blissey|spa|1
|-boost|p2a: Blissey|spd|1
|
|-damage|p2a: Blissey|88/100 brn|[from] brn
|upkeep
|turn|15
|
|t:|1779852265
|-curestatus|p2a: Blissey|brn|[from] ability: Natural Cure|[silent]
|switch|p2a: Zamazenta|Zamazenta|100/100
|-ability|p2a: Zamazenta|Dauntless Shield|boost
|-boost|p2a: Zamazenta|def|1
|move|p1a: Cacturne|Bullet Seed|p2a: Zamazenta
|-damage|p2a: Zamazenta|91/100
|-damage|p2a: Zamazenta|82/100
|-damage|p2a: Zamazenta|73/100
|-damage|p2a: Zamazenta|64/100
|-hitcount|p2a: Zamazenta|4
|
|upkeep
|turn|16
|
|t:|1779852279
|move|p2a: Zamazenta|Close Combat|p1a: Cacturne
|-supereffective|p1a: Cacturne
|-damage|p1a: Cacturne|0 fnt
|-unboost|p2a: Zamazenta|def|1
|-unboost|p2a: Zamazenta|spd|1
|faint|p1a: Cacturne
|
|upkeep
|
|t:|1779852283
|switch|p1a: Masquerain|Masquerain, M|100/100
|-damage|p1a: Masquerain|51/100|[from] Stealth Rock
|-ability|p1a: Masquerain|Intimidate|boost
|-unboost|p2a: Zamazenta|atk|1
|turn|17
|
|t:|1779852291
|move|p2a: Zamazenta|Ice Fang|p1a: Masquerain
|-supereffective|p1a: Masquerain
|-damage|p1a: Masquerain|2/100
|-status|p1a: Masquerain|frz
|cant|p1a: Masquerain|frz
|
|upkeep
|turn|18
|
|t:|1779852296
|move|p2a: Zamazenta|Close Combat|p1a: Masquerain
|-resisted|p1a: Masquerain
|-damage|p1a: Masquerain|0 fnt
|-unboost|p2a: Zamazenta|def|1
|-unboost|p2a: Zamazenta|spd|1
|faint|p1a: Masquerain
|
|upkeep
|
|t:|1779852300
|switch|p1a: Salamence|Salamence, M|100/100
|-damage|p1a: Salamence|76/100|[from] Stealth Rock
|-ability|p1a: Salamence|Intimidate|boost
|-unboost|p2a: Zamazenta|atk|1
|turn|19
|
|t:|1779852312
|switch|p2a: Blissey|Blissey, F|88/100
|move|p1a: Salamence|Draco Meteor|p2a: Blissey
|-damage|p2a: Blissey|71/100
|-unboost|p1a: Salamence|spa|2
|
|upkeep
|turn|20
|-message|mishamisha69 forfeited.
|
|win|claudechamp
|raw|mishamisha69's rating: 1131 &rarr; <strong>1111</strong><br />(-20 for losing)
|raw|claudechamp's rating: 1198 &rarr; <strong>1218</strong><br />(+20 for winning)
|l|☆mishamisha69
|player|p1|
|c|☆claudechamp|gg
