|j|☆Rellobedatnin
|j|☆alksdjguzb
|t:|1779869444
|gametype|singles
|player|p1|Rellobedatnin|169|1185
|player|p2|alksdjguzb|266|1158
|gen|9
|tier|[Gen 9] OU
|rated|
|rule|HP Percentage Mod: HP is shown in percentages
|rule|Endless Battle Clause: Forcing endless battles is banned
|rule|Species Clause: Limit one of each Pokémon
|rule|OHKO Clause: OHKO moves are banned
|rule|Evasion Items Clause: Evasion items are banned
|rule|Evasion Moves Clause: Evasion moves are banned
|rule|Evasion Abilities Clause: Evasion abilities are banned
|rule|Sleep Moves Clause: Sleep-inducing moves are banned
|clearpoke
|poke|p1|Meloetta|
|poke|p1|Primarina, M|
|poke|p1|Krookodile, F|
|poke|p1|Iron Moth|
|poke|p1|Metagross|
|poke|p1|Quagsire, F|
|poke|p2|Wo-Chien|
|poke|p2|Cinderace, F|
|poke|p2|Metagross|
|poke|p2|Kyurem|
|poke|p2|Primarina, M|
|poke|p2|Terrakion|
|teampreview
|
|t:|1779869463
|teamsize|p1|6
|teamsize|p2|6
|start
|switch|p1a: Primarina|Primarina, M|100/100
|switch|p2a: Primarina|Primarina, M|100/100
|turn|1
|inactive|Battle timer is ON: inactive players will automatically lose when time's up. (requested by alksdjguzb)
|
|t:|1779869471
|move|p2a: Primarina|Moonblast|p1a: Primarina
|-damage|p1a: Primarina|30/100
|move|p1a: Primarina|Light Screen|p1a: Primarina
|-sidestart|p1: Rellobedatnin|move: Light Screen
|
|upkeep
|turn|2
|
|t:|1779869478
|switch|p2a: Metagross|Metagross|100/100
|move|p1a: Primarina|Calm Mind|p1a: Primarina
|-boost|p1a: Primarina|spa|1
|-boost|p1a: Primarina|spd|1
|
|upkeep
|turn|3
|
|t:|1779869490
|switch|p1a: Quagsire|Quagsire, F, shiny|100/100
|move|p2a: Metagross|Heavy Slam|p1a: Quagsire
|-resisted|p1a: Quagsire
|-damage|p1a: Quagsire|75/100
|
|-heal|p1a: Quagsire|81/100|[from] item: Leftovers
|upkeep
|turn|4
|
|t:|1779869496
|move|p2a: Metagross|Knock Off|p1a: Quagsire
|-damage|p1a: Quagsire|53/100
|-enditem|p1a: Quagsire|Leftovers|[from] move: Knock Off|[of] p2a: Metagross
|move|p1a: Quagsire|Stockpile|p1a: Quagsire
|-start|p1a: Quagsire|stockpile1
|-boost|p1a: Quagsire|def|1
|-boost|p1a: Quagsire|spd|1
|
|upkeep
|turn|5
|
|t:|1779869510
|switch|p2a: Wo-Chien|Wo-Chien|100/100
|-ability|p2a: Wo-Chien|Tablets of Ruin
|move|p1a: Quagsire|Whirlpool|p2a: Wo-Chien
|-resisted|p2a: Wo-Chien
|-crit|p2a: Wo-Chien
|-damage|p2a: Wo-Chien|97/100
|-activate|p2a: Wo-Chien|move: Whirlpool|[of] p1a: Quagsire
|
|-heal|p2a: Wo-Chien|100/100|[from] item: Leftovers
|-damage|p2a: Wo-Chien|88/100|[from] move: Whirlpool|[partiallytrapped]
|-sideend|p1: Rellobedatnin|move: Light Screen
|upkeep
|turn|6
|
|t:|1779869517
|-terastallize|p1a: Quagsire|Poison
|move|p2a: Wo-Chien|Substitute|p2a: Wo-Chien
|-start|p2a: Wo-Chien|Substitute
|-end|p2a: Wo-Chien|Whirlpool|[partiallytrapped]|[silent]
|-damage|p2a: Wo-Chien|63/100
|move|p1a: Quagsire|Stockpile|p1a: Quagsire
|-start|p1a: Quagsire|stockpile2
|-boost|p1a: Quagsire|def|1
|-boost|p1a: Quagsire|spd|1
|
|-heal|p2a: Wo-Chien|69/100|[from] item: Leftovers
|upkeep
|turn|7
|
|t:|1779869524
|move|p2a: Wo-Chien|Leech Seed|p1a: Quagsire|[miss]
|-miss|p2a: Wo-Chien|p1a: Quagsire
|move|p1a: Quagsire|Whirlpool|p2a: Wo-Chien
|-resisted|p2a: Wo-Chien
|-activate|p2a: Wo-Chien|move: Substitute|[damage]
|
|-heal|p2a: Wo-Chien|76/100|[from] item: Leftovers
|upkeep
|turn|8
|
|t:|1779869530
|move|p2a: Wo-Chien|Leech Seed|p1a: Quagsire
|-start|p1a: Quagsire|move: Leech Seed
|move|p1a: Quagsire|Whirlpool|p2a: Wo-Chien
|-resisted|p2a: Wo-Chien
|-activate|p2a: Wo-Chien|move: Substitute|[damage]
|
|-heal|p2a: Wo-Chien|82/100|[from] item: Leftovers
|-damage|p1a: Quagsire|41/100|[from] Leech Seed|[of] p2a: Wo-Chien
|-heal|p2a: Wo-Chien|95/100|[silent]
|upkeep
|turn|9
|inactive|alksdjguzb has 120 seconds left.
|
|t:|1779869563
|switch|p2a: Primarina|Primarina, M|100/100
|move|p1a: Quagsire|Swallow|p1a: Quagsire
|-heal|p1a: Quagsire|91/100
|-unboost|p1a: Quagsire|def|2
|-unboost|p1a: Quagsire|spd|2
|-end|p1a: Quagsire|Stockpile
|
|-damage|p1a: Quagsire|78/100|[from] Leech Seed|[of] p2a: Primarina
|upkeep
|turn|10
|inactive|alksdjguzb has 120 seconds left.
|
|t:|1779869574
|move|p2a: Primarina|Hydro Pump|p1a: Quagsire
|-crit|p1a: Quagsire
|-damage|p1a: Quagsire|0 fnt
|faint|p1a: Quagsire
|
|upkeep
|
|t:|1779869581
|switch|p1a: Meloetta|Meloetta|100/100
|turn|11
|
|t:|1779869589
|move|p1a: Meloetta|Relic Song|p2a: Primarina
|-damage|p2a: Primarina|65/100
|-status|p2a: Primarina|slp|[from] move: Relic Song
|-formechange|p1a: Meloetta|Meloetta-Pirouette|[msg]
|cant|p2a: Primarina|slp
|
|upkeep
|turn|12
|
|t:|1779869604
|switch|p2a: Metagross|Metagross|100/100
|move|p1a: Meloetta|Relic Song|p2a: Metagross
|-resisted|p2a: Metagross
|-damage|p2a: Metagross|89/100
|-formechange|p1a: Meloetta|Meloetta|[msg]
|
|upkeep
|turn|13
|
|t:|1779869614
|move|p1a: Meloetta|Relic Song|p2a: Metagross
|-resisted|p2a: Metagross
|-damage|p2a: Metagross|74/100
|-formechange|p1a: Meloetta|Meloetta-Pirouette|[msg]
|move|p2a: Metagross|Stealth Rock|p1a: Meloetta
|-sidestart|p1: Rellobedatnin|move: Stealth Rock
|
|upkeep
|turn|14
|
|t:|1779869623
|move|p1a: Meloetta|Shadow Claw|p2a: Metagross
|-supereffective|p2a: Metagross
|-damage|p2a: Metagross|34/100
|move|p2a: Metagross|Heavy Slam|p1a: Meloetta
|-damage|p1a: Meloetta|16/100
|
|upkeep
|turn|15
|
|t:|1779869641
|move|p1a: Meloetta|Shadow Claw|p2a: Metagross
|-supereffective|p2a: Metagross
|-damage|p2a: Metagross|0 fnt
|faint|p2a: Metagross
|
|upkeep
|inactive|alksdjguzb has 120 seconds left.
|
|t:|1779869663
|switch|p2a: Cinderace|Cinderace, F|100/100
|turn|16
|
|t:|1779869668
|move|p1a: Meloetta|Relic Song|p2a: Cinderace
|-damage|p2a: Cinderace|63/100
|-status|p2a: Cinderace|slp|[from] move: Relic Song
|-formechange|p1a: Meloetta|Meloetta|[msg]
|cant|p2a: Cinderace|slp
|
|upkeep
|turn|17
|inactive|alksdjguzb has 120 seconds left.
|
|t:|1779869687
|-curestatus|p2a: Cinderace|slp|[msg]
|move|p2a: Cinderace|U-turn|p1a: Meloetta
|-start|p2a: Cinderace|typechange|Bug|[from] ability: Libero
|-supereffective|p1a: Meloetta
|-damage|p1a: Meloetta|0 fnt
|faint|p1a: Meloetta
|inactive|alksdjguzb has 120 seconds left.
|
|t:|1779869704
|switch|p2a: Terrakion|Terrakion|100/100|[from] U-turn
|
|upkeep
|
|t:|1779869709
|switch|p1a: Metagross|Metagross|100/100
|-damage|p1a: Metagross|95/100|[from] Stealth Rock
|turn|18
|inactive|alksdjguzb has 120 seconds left.
|
|t:|1779869715
|switch|p2a: Wo-Chien|Wo-Chien|95/100
|-ability|p2a: Wo-Chien|Tablets of Ruin
|move|p1a: Metagross|Meteor Mash|p2a: Wo-Chien
|-damage|p2a: Wo-Chien|63/100
|
|-heal|p2a: Wo-Chien|69/100|[from] item: Leftovers
|upkeep
|turn|19
|
|t:|1779869720
|switch|p1a: Primarina|Primarina, M|30/100
|-damage|p1a: Primarina|18/100|[from] Stealth Rock
|move|p2a: Wo-Chien|Protect||[still]
|-fail|p2a: Wo-Chien
|
|-heal|p2a: Wo-Chien|75/100|[from] item: Leftovers
|upkeep
|turn|20
|
|t:|1779869733
|switch|p2a: Cinderace|Cinderace, F|63/100
|move|p1a: Primarina|Draining Kiss|p2a: Cinderace
|-resisted|p2a: Cinderace
|-damage|p2a: Cinderace|43/100
|-heal|p1a: Primarina|30/100|[from] drain|[of] p2a: Cinderace
|
|upkeep
|turn|21
|
|t:|1779869739
|move|p2a: Cinderace|Pyro Ball|p1a: Primarina
|-resisted|p1a: Primarina
|-damage|p1a: Primarina|0 fnt
|faint|p1a: Primarina
|
|upkeep
|
|t:|1779869743
|switch|p1a: Krookodile|Krookodile, F|100/100
|-damage|p1a: Krookodile|94/100|[from] Stealth Rock
|turn|22
|
|t:|1779869753
|move|p2a: Cinderace|U-turn|p1a: Krookodile
|-start|p2a: Cinderace|typechange|Bug|[from] ability: Libero
|-supereffective|p1a: Krookodile
|-damage|p1a: Krookodile|15/100
|
|t:|1779869762
|switch|p2a: Primarina|Primarina, M|65/100 slp|[from] U-turn
|move|p1a: Krookodile|Gunk Shot|p2a: Primarina
|-supereffective|p2a: Primarina
|-damage|p2a: Primarina|0 fnt
|faint|p2a: Primarina
|-ability|p1a: Krookodile|Moxie|boost
|-boost|p1a: Krookodile|atk|1
|
|upkeep
|
|t:|1779869771
|switch|p2a: Kyurem|Kyurem|100/100
|-ability|p2a: Kyurem|Pressure
|turn|23
|
|t:|1779869775
|move|p2a: Kyurem|Earth Power|p1a: Krookodile
|-damage|p1a: Krookodile|0 fnt
|faint|p1a: Krookodile
|
|upkeep
|
|t:|1779869778
|switch|p1a: Metagross|Metagross|95/100
|-damage|p1a: Metagross|89/100|[from] Stealth Rock
|turn|24
|
|t:|1779869789
|switch|p2a: Cinderace|Cinderace, F|43/100
|move|p1a: Metagross|Agility|p1a: Metagross
|-boost|p1a: Metagross|spe|2
|
|upkeep
|turn|25
|
|t:|1779869794
|move|p1a: Metagross|Earthquake|p2a: Cinderace
|-supereffective|p2a: Cinderace
|-damage|p2a: Cinderace|0 fnt
|faint|p2a: Cinderace
|
|upkeep
|
|t:|1779869797
|switch|p2a: Wo-Chien|Wo-Chien|75/100
|-ability|p2a: Wo-Chien|Tablets of Ruin
|turn|26
|
|t:|1779869800
|move|p2a: Wo-Chien|Protect|p2a: Wo-Chien
|-singleturn|p2a: Wo-Chien|Protect
|move|p1a: Metagross|Meteor Mash|p2a: Wo-Chien
|-activate|p2a: Wo-Chien|move: Protect
|
|-heal|p2a: Wo-Chien|81/100|[from] item: Leftovers
|upkeep
|turn|27
|
|t:|1779869805
|move|p1a: Metagross|Meteor Mash|p2a: Wo-Chien
|-damage|p2a: Wo-Chien|44/100
|move|p2a: Wo-Chien|Leech Seed|p1a: Metagross
|-start|p1a: Metagross|move: Leech Seed
|
|-heal|p2a: Wo-Chien|50/100|[from] item: Leftovers
|-damage|p1a: Metagross|76/100|[from] Leech Seed|[of] p2a: Wo-Chien
|-heal|p2a: Wo-Chien|60/100|[silent]
|upkeep
|turn|28
|
|t:|1779869811
|switch|p1a: Iron Moth|Iron Moth|100/100
|-damage|p1a: Iron Moth|76/100|[from] Stealth Rock
|-enditem|p1a: Iron Moth|Booster Energy
|-activate|p1a: Iron Moth|ability: Quark Drive|[fromitem]
|-start|p1a: Iron Moth|quarkdrivespe
|move|p2a: Wo-Chien|Protect||[still]
|-fail|p2a: Wo-Chien
|
|-heal|p2a: Wo-Chien|66/100|[from] item: Leftovers
|upkeep
|turn|29
|
|t:|1779869819
|move|p2a: Wo-Chien|Protect|p2a: Wo-Chien
|-singleturn|p2a: Wo-Chien|Protect
|move|p1a: Iron Moth|Bug Buzz|p2a: Wo-Chien
|-activate|p2a: Wo-Chien|move: Protect
|
|-heal|p2a: Wo-Chien|72/100|[from] item: Leftovers
|upkeep
|turn|30
|
|t:|1779869826
|switch|p2a: Terrakion|Terrakion|100/100
|move|p1a: Iron Moth|Fiery Dance|p2a: Terrakion
|-resisted|p2a: Terrakion
|-damage|p2a: Terrakion|86/100
|
|upkeep
|turn|31
|
|t:|1779869833
|move|p1a: Iron Moth|Energy Ball|p2a: Terrakion
|-supereffective|p2a: Terrakion
|-damage|p2a: Terrakion|40/100
|move|p2a: Terrakion|Earthquake|p1a: Iron Moth
|-supereffective|p1a: Iron Moth
|-damage|p1a: Iron Moth|0 fnt
|faint|p1a: Iron Moth
|-end|p1a: Iron Moth|Quark Drive|[silent]
|
|upkeep
|
|t:|1779869839
|switch|p1a: Metagross|Metagross|76/100
|-damage|p1a: Metagross|70/100|[from] Stealth Rock
|turn|32
|
|t:|1779869845
|move|p2a: Terrakion|Close Combat|p1a: Metagross
|-damage|p1a: Metagross|19/100
|-unboost|p2a: Terrakion|def|1
|-unboost|p2a: Terrakion|spd|1
|move|p1a: Metagross|Meteor Mash|p2a: Terrakion
|-supereffective|p2a: Terrakion
|-damage|p2a: Terrakion|0 fnt
|faint|p2a: Terrakion
|
|upkeep
|
|t:|1779869850
|switch|p2a: Wo-Chien|Wo-Chien|72/100
|-ability|p2a: Wo-Chien|Tablets of Ruin
|turn|33
|
|t:|1779869852
|move|p1a: Metagross|Meteor Mash|p2a: Wo-Chien
|-damage|p2a: Wo-Chien|35/100
|move|p2a: Wo-Chien|Foul Play|p1a: Metagross
|-supereffective|p1a: Metagross
|-damage|p1a: Metagross|0 fnt
|faint|p1a: Metagross
|
|win|alksdjguzb
|raw|Rellobedatnin's rating: 1185 &rarr; <strong>1158</strong><br />(-27 for losing)
|raw|alksdjguzb's rating: 1158 &rarr; <strong>1185</strong><br />(+27 for winning)
|l|☆Rellobedatnin
|player|p1|
|l|☆alksdjguzb
|player|p2|
