|j|☆glimpseman
|j|☆bsmcreeper
|t:|1779943684
|gametype|singles
|player|p1|glimpseman|#wcor2025canada|1538
|player|p2|bsmcreeper|2|1546
|gen|9
|tier|[Gen 9] OU
|rated|
|rule|HP Percentage Mod: HP is shown in percentages
|rule|Endless Battle Clause: Forcing endless battles is banned
|rule|Species Clause: Limit one of each Pokémon
|rule|OHKO Clause: OHKO moves are banned
|rule|Evasion Items Clause: Evasion items are banned
|rule|Evasion Moves Clause: Evasion moves are banned
|rule|Evasion Abilities Clause: Evasion abilities are banned
|rule|Sleep Moves Clause: Sleep-inducing moves are banned
|clearpoke
|poke|p1|Toxtricity, F|
|poke|p1|Gholdengo|
|poke|p1|Ting-Lu|
|poke|p1|Glimmora, F|
|poke|p1|Iron Valiant|
|poke|p1|Rillaboom, F|
|poke|p2|Zamazenta-*|
|poke|p2|Ceruledge, F|
|poke|p2|Corviknight, F|
|poke|p2|Slowking-Galar, F|
|poke|p2|Raging Bolt|
|poke|p2|Meowscarada, F|
|teampreview
|inactive|Battle timer is ON: inactive players will automatically lose when time's up. (requested by glimpseman)
|inactive|glimpseman has 120 seconds left.
|
|t:|1779943727
|teamsize|p1|6
|teamsize|p2|6
|start
|switch|p1a: Glimmora|Glimmora, F|100/100
|switch|p2a: Meowscarada|Meowscarada, F|100/100
|turn|1
|
|t:|1779943738
|move|p2a: Meowscarada|U-turn|p1a: Glimmora
|-start|p2a: Meowscarada|typechange|Bug|[from] ability: Protean
|-resisted|p1a: Glimmora
|-damage|p1a: Glimmora|85/100
|-damage|p2a: Meowscarada|91/100|[from] item: Life Orb
|
|t:|1779943740
|switch|p2a: Slowking|Slowking-Galar, F|100/100|[from] U-turn
|move|p1a: Glimmora|Stealth Rock|p2a: Slowking
|-sidestart|p2: bsmcreeper|move: Stealth Rock
|
|upkeep
|turn|2
|
|t:|1779943749
|move|p1a: Glimmora|Toxic|p2a: Slowking
|-status|p2a: Slowking|tox
|move|p2a: Slowking|Psychic Noise|p1a: Glimmora
|-supereffective|p1a: Glimmora
|-damage|p1a: Glimmora|22/100
|-start|p1a: Glimmora|move: Heal Block
|
|-damage|p2a: Slowking|94/100 tox|[from] psn
|upkeep
|turn|3
|
|t:|1779943759
|switch|p1a: Ting-Lu|Ting-Lu|100/100
|-ability|p1a: Ting-Lu|Vessel of Ruin
|move|p2a: Slowking|Psychic Noise|p1a: Ting-Lu
|-immune|p1a: Ting-Lu
|
|-damage|p2a: Slowking|82/100 tox|[from] psn
|upkeep
|turn|4
|
|t:|1779943766
|switch|p2a: Corviknight|Corviknight, F|100/100
|-damage|p2a: Corviknight|88/100|[from] Stealth Rock
|-ability|p2a: Corviknight|Pressure
|move|p1a: Ting-Lu|Spikes|p2a: Corviknight
|-sidestart|p2: bsmcreeper|Spikes
|
|upkeep
|turn|5
|
|t:|1779943772
|switch|p1a: Gholdengo|Gholdengo|100/100
|move|p2a: Corviknight|Defog|p1a: Gholdengo
|-immune|p1a: Gholdengo|[from] ability: Good as Gold
|
|upkeep
|turn|6
|
|t:|1779943782
|switch|p2a: Slowking|Slowking-Galar, F|100/100 tox
|move|p1a: Gholdengo|Shadow Ball|p2a: Slowking
|-supereffective|p2a: Slowking
|-damage|p2a: Slowking|53/100 tox
|
|-damage|p2a: Slowking|47/100 tox|[from] psn
|upkeep
|turn|7
|
|t:|1779943788
|switch|p2a: Meowscarada|Meowscarada, F|91/100
|-damage|p2a: Meowscarada|78/100|[from] Stealth Rock
|-damage|p2a: Meowscarada|66/100|[from] Spikes
|move|p1a: Gholdengo|Shadow Ball|p2a: Meowscarada
|-resisted|p2a: Meowscarada
|-damage|p2a: Meowscarada|39/100
|-unboost|p2a: Meowscarada|spd|1
|
|upkeep
|turn|8
|
|t:|1779943794
|switch|p1a: Glimmora|Glimmora, F|22/100
|move|p2a: Meowscarada|Knock Off|p1a: Glimmora
|-start|p2a: Meowscarada|typechange|Dark|[from] ability: Protean
|-damage|p1a: Glimmora|0 fnt
|-enditem|p1a: Glimmora|Heavy-Duty Boots|[from] move: Knock Off|[of] p2a: Meowscarada
|faint|p1a: Glimmora
|-damage|p2a: Meowscarada|30/100|[from] item: Life Orb
|
|upkeep
|
|t:|1779943797
|switch|p1a: Rillaboom|Rillaboom, F|100/100
|-fieldstart|move: Grassy Terrain|[from] ability: Grassy Surge|[of] p1a: Rillaboom
|turn|9
|
|t:|1779943800
|switch|p2a: Corviknight|Corviknight, F|88/100
|-damage|p2a: Corviknight|76/100|[from] Stealth Rock
|-ability|p2a: Corviknight|Pressure
|move|p1a: Rillaboom|Grassy Glide|p2a: Corviknight
|-resisted|p2a: Corviknight
|-damage|p2a: Corviknight|72/100
|-damage|p1a: Rillaboom|84/100|[from] item: Rocky Helmet|[of] p2a: Corviknight
|
|-heal|p1a: Rillaboom|90/100|[from] Grassy Terrain
|upkeep
|turn|10
|
|t:|1779943805
|switch|p1a: Gholdengo|Gholdengo|100/100
|-enditem|p1a: Gholdengo|Grassy Seed
|-boost|p1a: Gholdengo|def|1|[from] item: Grassy Seed
|move|p2a: Corviknight|U-turn|p1a: Gholdengo
|-resisted|p1a: Gholdengo
|-damage|p1a: Gholdengo|98/100
|
|t:|1779943816
|switch|p2a: Ceruledge|Ceruledge, F|100/100|[from] U-turn
|-damage|p2a: Ceruledge|75/100|[from] Stealth Rock
|-damage|p2a: Ceruledge|63/100|[from] Spikes
|
|-heal|p2a: Ceruledge|69/100|[from] Grassy Terrain
|-heal|p1a: Gholdengo|100/100|[from] Grassy Terrain
|upkeep
|turn|11
|
|t:|1779943821
|-terastallize|p2a: Ceruledge|Fairy
|move|p2a: Ceruledge|Bitter Blade|p1a: Gholdengo
|-supereffective|p1a: Gholdengo
|-damage|p1a: Gholdengo|36/100
|-heal|p2a: Ceruledge|100/100|[from] drain|[of] p1a: Gholdengo
|move|p1a: Gholdengo|Shadow Ball|p2a: Ceruledge
|-damage|p2a: Ceruledge|66/100
|
|-heal|p2a: Ceruledge|72/100|[from] Grassy Terrain
|-heal|p1a: Gholdengo|43/100|[from] Grassy Terrain
|upkeep
|turn|12
|
|t:|1779943829
|-terastallize|p1a: Gholdengo|Poison
|move|p2a: Ceruledge|Bitter Blade|p1a: Gholdengo
|-damage|p1a: Gholdengo|14/100
|-heal|p2a: Ceruledge|88/100|[from] drain|[of] p1a: Gholdengo
|move|p1a: Gholdengo|Recover|p1a: Gholdengo
|-heal|p1a: Gholdengo|64/100
|
|-heal|p2a: Ceruledge|94/100|[from] Grassy Terrain
|-heal|p1a: Gholdengo|70/100|[from] Grassy Terrain
|upkeep
|turn|13
|
|t:|1779943837
|move|p2a: Ceruledge|Swords Dance|p2a: Ceruledge
|-boost|p2a: Ceruledge|atk|2
|move|p1a: Gholdengo|Make It Rain|p2a: Ceruledge
|-supereffective|p2a: Ceruledge
|-damage|p2a: Ceruledge|0 fnt
|-unboost|p1a: Gholdengo|spa|1
|faint|p2a: Ceruledge
|
|-heal|p1a: Gholdengo|76/100|[from] Grassy Terrain
|-fieldend|move: Grassy Terrain
|upkeep
|
|t:|1779943843
|switch|p2a: Raging Bolt|Raging Bolt|100/100
|-damage|p2a: Raging Bolt|88/100|[from] Stealth Rock
|-damage|p2a: Raging Bolt|76/100|[from] Spikes
|-enditem|p2a: Raging Bolt|Booster Energy
|-activate|p2a: Raging Bolt|ability: Protosynthesis|[fromitem]
|-start|p2a: Raging Bolt|protosynthesisspa
|turn|14
|
|t:|1779943851
|switch|p1a: Ting-Lu|Ting-Lu|100/100
|-ability|p1a: Ting-Lu|Vessel of Ruin
|move|p2a: Raging Bolt|Calm Mind|p2a: Raging Bolt
|-boost|p2a: Raging Bolt|spa|1
|-boost|p2a: Raging Bolt|spd|1
|
|upkeep
|turn|15
|
|t:|1779943854
|move|p2a: Raging Bolt|Calm Mind|p2a: Raging Bolt
|-boost|p2a: Raging Bolt|spa|1
|-boost|p2a: Raging Bolt|spd|1
|move|p1a: Ting-Lu|Stomping Tantrum|p2a: Raging Bolt
|-supereffective|p2a: Raging Bolt
|-damage|p2a: Raging Bolt|9/100
|
|upkeep
|turn|16
|
|t:|1779943858
|switch|p1a: Iron Valiant|Iron Valiant|100/100
|-enditem|p1a: Iron Valiant|Booster Energy
|-activate|p1a: Iron Valiant|ability: Quark Drive|[fromitem]
|-start|p1a: Iron Valiant|quarkdrivespe
|move|p2a: Raging Bolt|Dragon Pulse|p1a: Iron Valiant
|-immune|p1a: Iron Valiant
|
|upkeep
|turn|17
|
|t:|1779943864
|move|p2a: Raging Bolt|Thunderclap||[still]
|-fail|p2a: Raging Bolt
|move|p1a: Iron Valiant|Destiny Bond|p1a: Iron Valiant
|-singlemove|p1a: Iron Valiant|Destiny Bond
|
|upkeep
|turn|18
|-message|bsmcreeper forfeited.
|
|win|glimpseman
|raw|glimpseman's rating: 1538 &rarr; <strong>1558</strong><br />(+20 for winning)
|raw|bsmcreeper's rating: 1546 &rarr; <strong>1526</strong><br />(-20 for losing)
|l|☆bsmcreeper
|player|p2|
|l|☆glimpseman
|player|p1|
