|j|☆TumitirangEngineer
|j|☆infopro play392
|t:|1779963560
|gametype|singles
|player|p1|TumitirangEngineer|pokemaniac|1154
|player|p2|infopro play392|gambler|1190
|gen|9
|tier|[Gen 9] OU
|rated|
|rule|HP Percentage Mod: HP is shown in percentages
|rule|Endless Battle Clause: Forcing endless battles is banned
|rule|Species Clause: Limit one of each Pokémon
|rule|OHKO Clause: OHKO moves are banned
|rule|Evasion Items Clause: Evasion items are banned
|rule|Evasion Moves Clause: Evasion moves are banned
|rule|Evasion Abilities Clause: Evasion abilities are banned
|rule|Sleep Moves Clause: Sleep-inducing moves are banned
|clearpoke
|poke|p1|Pawmot, M|
|poke|p1|Ogerpon-Wellspring, F|
|poke|p1|Dragonite, F|
|poke|p1|Pecharunt|
|poke|p1|Ambipom, F|
|poke|p1|Blaziken, F|
|poke|p2|Garchomp, M|
|poke|p2|Zapdos|
|poke|p2|Infernape, M|
|poke|p2|Pecharunt|
|poke|p2|Great Tusk|
|poke|p2|Ogerpon-Wellspring, F|
|teampreview
|inactive|Battle timer is ON: inactive players will automatically lose when time's up. (requested by infopro play392)
|
|t:|1779963578
|teamsize|p1|6
|teamsize|p2|6
|start
|switch|p1a: Child Predator|Ambipom, F|100/100
|switch|p2a: Garchomp|Garchomp, M, shiny|100/100
|turn|1
|
|t:|1779963584
|move|p1a: Child Predator|Triple Axel|p2a: Garchomp
|-supereffective|p2a: Garchomp
|-damage|p2a: Garchomp|73/100
|-damage|p1a: Child Predator|88/100|[from] ability: Rough Skin|[of] p2a: Garchomp
|-damage|p1a: Child Predator|72/100|[from] item: Rocky Helmet|[of] p2a: Garchomp
|-supereffective|p2a: Garchomp
|-damage|p2a: Garchomp|9/100
|-damage|p1a: Child Predator|59/100|[from] ability: Rough Skin|[of] p2a: Garchomp
|-damage|p1a: Child Predator|43/100|[from] item: Rocky Helmet|[of] p2a: Garchomp
|-supereffective|p2a: Garchomp
|-damage|p2a: Garchomp|0 fnt
|-damage|p1a: Child Predator|30/100|[from] ability: Rough Skin|[of] p2a: Garchomp
|-damage|p1a: Child Predator|14/100|[from] item: Rocky Helmet|[of] p2a: Garchomp
|faint|p2a: Garchomp
|-hitcount|p2: Garchomp|3
|
|upkeep
|
|t:|1779963598
|switch|p2a: Infernape|Infernape, M, shiny|100/100
|turn|2
|
|t:|1779963609
|switch|p1a: Mansangas|Pecharunt|100/100
|move|p2a: Infernape|U-turn|p1a: Mansangas
|-resisted|p1a: Mansangas
|-damage|p1a: Mansangas|97/100
|
|t:|1779963620
|switch|p2a: Pecharunt|Pecharunt|100/100|[from] U-turn
|-item|p2a: Pecharunt|Air Balloon
|
|upkeep
|turn|3
|
|t:|1779963626
|move|p2a: Pecharunt|Shadow Ball|p1a: Mansangas
|-supereffective|p1a: Mansangas
|-damage|p1a: Mansangas|43/100
|move|p1a: Mansangas|Foul Play|p2a: Pecharunt
|-supereffective|p2a: Pecharunt
|-damage|p2a: Pecharunt|83/100
|-enditem|p2a: Pecharunt|Air Balloon
|
|upkeep
|turn|4
|
|t:|1779963636
|switch|p1a: Child Predator|Ambipom, F|14/100
|move|p2a: Pecharunt|Shadow Ball|p1a: Child Predator
|-immune|p1a: Child Predator
|
|upkeep
|turn|5
|
|t:|1779963641
|move|p1a: Child Predator|Knock Off|p2a: Pecharunt
|-supereffective|p2a: Pecharunt
|-damage|p2a: Pecharunt|60/100
|move|p2a: Pecharunt|Recover|p2a: Pecharunt
|-heal|p2a: Pecharunt|100/100
|
|upkeep
|turn|6
|
|t:|1779963655
|switch|p1a: Mansangas|Pecharunt|43/100
|move|p2a: Pecharunt|Malignant Chain|p1a: Mansangas
|-resisted|p1a: Mansangas
|-damage|p1a: Mansangas|35/100
|
|upkeep
|turn|7
|
|t:|1779963662
|switch|p1a: Child Predator|Ambipom, F|14/100
|move|p2a: Pecharunt|Parting Shot|p1a: Child Predator
|-unboost|p1a: Child Predator|atk|1
|-unboost|p1a: Child Predator|spa|1
|
|t:|1779963670
|switch|p2a: Zapdos|Zapdos, shiny|100/100|[from] Parting Shot
|
|upkeep
|turn|8
|
|t:|1779963677
|move|p1a: Child Predator|Fake Out|p2a: Zapdos
|-damage|p2a: Zapdos|83/100
|cant|p2a: Zapdos|flinch
|
|-heal|p2a: Zapdos|89/100|[from] item: Leftovers
|upkeep
|turn|9
|
|t:|1779963682
|move|p1a: Child Predator|Knock Off|p2a: Zapdos
|-damage|p2a: Zapdos|69/100
|-enditem|p2a: Zapdos|Leftovers|[from] move: Knock Off|[of] p1a: Child Predator
|move|p2a: Zapdos|Volt Switch|p1a: Child Predator
|-damage|p1a: Child Predator|0 fnt
|faint|p1a: Child Predator
|
|t:|1779963693
|switch|p2a: Great Tusk|Great Tusk, shiny|100/100|[from] Volt Switch
|
|upkeep
|
|t:|1779963697
|switch|p1a: NlGGA|Ogerpon-Wellspring, F|100/100
|turn|10
|
|t:|1779963702
|-end|p2a: Great Tusk|Protosynthesis|[silent]
|switch|p2a: Pecharunt|Pecharunt|100/100
|move|p1a: NlGGA|Power Whip|p2a: Pecharunt
|-resisted|p2a: Pecharunt
|-damage|p2a: Pecharunt|81/100
|
|upkeep
|turn|11
|
|t:|1779963712
|-terastallize|p1a: NlGGA|Water
|detailschange|p1a: NlGGA|Ogerpon-Wellspring-Tera, F, tera:Water
|-ability|p1a: NlGGA|Embody Aspect (Wellspring)|boost
|-boost|p1a: NlGGA|spd|1
|move|p1a: NlGGA|Swords Dance|p1a: NlGGA
|-boost|p1a: NlGGA|atk|2
|move|p2a: Pecharunt|Malignant Chain|p1a: NlGGA
|-damage|p1a: NlGGA|75/100
|
|upkeep
|turn|12
|
|t:|1779963723
|move|p1a: NlGGA|Ivy Cudgel|p2a: Pecharunt|[anim] Ivy Cudgel Water
|-crit|p2a: Pecharunt
|-damage|p2a: Pecharunt|0 fnt
|faint|p2a: Pecharunt
|
|upkeep
|
|t:|1779963737
|switch|p2a: Ogerpon|Ogerpon-Wellspring, F|100/100
|turn|13
|
|t:|1779963741
|move|p1a: NlGGA|Power Whip|p2a: Ogerpon
|-damage|p2a: Ogerpon|0 fnt
|faint|p2a: Ogerpon
|
|upkeep
|
|t:|1779963745
|switch|p2a: Infernape|Infernape, M, shiny|100/100
|turn|14
|
|t:|1779963750
|move|p2a: Infernape|Mach Punch|p1a: NlGGA
|-damage|p1a: NlGGA|33/100
|move|p1a: NlGGA|Ivy Cudgel|p2a: Infernape|[anim] Ivy Cudgel Water
|-supereffective|p2a: Infernape
|-damage|p2a: Infernape|0 fnt
|faint|p2a: Infernape
|
|upkeep
|
|t:|1779963755
|switch|p2a: Zapdos|Zapdos, shiny|69/100
|turn|15
|
|t:|1779963758
|move|p1a: NlGGA|Ivy Cudgel|p2a: Zapdos|[anim] Ivy Cudgel Water
|-damage|p2a: Zapdos|0 fnt
|faint|p2a: Zapdos
|
|upkeep
|
|t:|1779963760
|switch|p2a: Great Tusk|Great Tusk, shiny|100/100
|turn|16
|
|t:|1779963763
|move|p1a: NlGGA|Ivy Cudgel|p2a: Great Tusk|[anim] Ivy Cudgel Water
|-supereffective|p2a: Great Tusk
|-damage|p2a: Great Tusk|0 fnt
|faint|p2a: Great Tusk
|-end|p2a: Great Tusk|Protosynthesis|[silent]
|
|win|TumitirangEngineer
|raw|TumitirangEngineer's rating: 1154 &rarr; <strong>1182</strong><br />(+28 for winning)
|raw|infopro play392's rating: 1190 &rarr; <strong>1162</strong><br />(-28 for losing)
|l|☆TumitirangEngineer
|player|p1|
|l|☆infopro play392
|player|p2|
