|j|☆Quagsires gf
|j|☆infopro play392
|t:|1779806493
|gametype|singles
|player|p1|Quagsires gf|2|1104
|player|p2|infopro play392|gambler|1107
|gen|9
|tier|[Gen 9] OU
|rated|
|rule|HP Percentage Mod: HP is shown in percentages
|rule|Endless Battle Clause: Forcing endless battles is banned
|rule|Species Clause: Limit one of each Pokémon
|rule|OHKO Clause: OHKO moves are banned
|rule|Evasion Items Clause: Evasion items are banned
|rule|Evasion Moves Clause: Evasion moves are banned
|rule|Evasion Abilities Clause: Evasion abilities are banned
|rule|Sleep Moves Clause: Sleep-inducing moves are banned
|clearpoke
|poke|p1|Scream Tail|
|poke|p1|Infernape, F|
|poke|p1|Lilligant-Hisui, F|
|poke|p1|Pawmot, M|
|poke|p1|Rabsca, M|
|poke|p1|Banette, M|
|poke|p2|Ting-Lu|
|poke|p2|Zapdos|
|poke|p2|Infernape, F|
|poke|p2|Slowking-Galar, M|
|poke|p2|Great Tusk|
|poke|p2|Ogerpon-Wellspring, F|
|teampreview
|inactive|Battle timer is ON: inactive players will automatically lose when time's up. (requested by infopro play392)
|inactive|Quagsires gf also wants the timer to be on.
|
|t:|1779806506
|teamsize|p1|6
|teamsize|p2|6
|start
|switch|p1a: Lilligant|Lilligant-Hisui, F|100/100
|switch|p2a: Zapdos|Zapdos, shiny|100/100
|turn|1
|
|t:|1779806512
|move|p1a: Lilligant|Axe Kick|p2a: Zapdos
|-resisted|p2a: Zapdos
|-damage|p2a: Zapdos|56/100
|move|p2a: Zapdos|Hurricane|p1a: Lilligant
|-supereffective|p1a: Lilligant
|-damage|p1a: Lilligant|0 fnt
|faint|p1a: Lilligant
|
|-heal|p2a: Zapdos|62/100|[from] item: Leftovers
|upkeep
|
|t:|1779806523
|switch|p1a: Infernape|Infernape, F|100/100
|turn|2
|
|t:|1779806527
|move|p1a: Infernape|Metronome|p1a: Infernape
|move|p1a: Infernape|Fire Blast|p2a: Zapdos|[from] move: Metronome
|-damage|p2a: Zapdos|23/100
|move|p2a: Zapdos|Hurricane|p1a: Infernape|[miss]
|-miss|p2a: Zapdos|p1a: Infernape
|
|-heal|p2a: Zapdos|29/100|[from] item: Leftovers
|upkeep
|turn|3
|
|t:|1779806537
|switch|p2a: Slowking|Slowking-Galar, M|100/100
|move|p1a: Infernape|Metronome|p1a: Infernape
|move|p1a: Infernape|Facade|p2a: Slowking|[from] move: Metronome
|-damage|p2a: Slowking|77/100
|
|upkeep
|turn|4
|
|t:|1779806549
|move|p1a: Infernape|Substitute|p1a: Infernape
|-start|p1a: Infernape|Substitute
|-damage|p1a: Infernape|76/100
|move|p2a: Slowking|Future Sight|p1a: Infernape
|-start|p2a: Slowking|move: Future Sight
|
|upkeep
|turn|5
|
|t:|1779806554
|move|p1a: Infernape|Focus Energy|p1a: Infernape
|-start|p1a: Infernape|move: Focus Energy
|move|p2a: Slowking|Sludge Bomb|p1a: Infernape
|-end|p1a: Infernape|Substitute
|
|upkeep
|turn|6
|
|t:|1779806563
|move|p1a: Infernape|Substitute|p1a: Infernape
|-start|p1a: Infernape|Substitute
|-damage|p1a: Infernape|51/100
|-prepare|p2a: Slowking|Chilly Reception|[premajor]
|move|p2a: Slowking|Chilly Reception|p2a: Slowking
|-weather|Snowscape
|
|t:|1779806569
|switch|p2a: Ting-Lu|Ting-Lu|100/100|[from] Chilly Reception
|-ability|p2a: Ting-Lu|Vessel of Ruin
|
|-weather|Snowscape|[upkeep]
|-end|p1a: Infernape|move: Future Sight
|-supereffective|p1a: Infernape
|-end|p1a: Infernape|Substitute
|upkeep
|turn|7
|
|t:|1779806580
|move|p1a: Infernape|Substitute|p1a: Infernape
|-start|p1a: Infernape|Substitute
|-damage|p1a: Infernape|26/100
|move|p2a: Ting-Lu|Earthquake|p1a: Infernape
|-supereffective|p1a: Infernape
|-end|p1a: Infernape|Substitute
|
|-weather|Snowscape|[upkeep]
|upkeep
|turn|8
|
|t:|1779806585
|move|p1a: Infernape|Metronome|p1a: Infernape
|move|p1a: Infernape|Vise Grip|p2a: Ting-Lu|[from] move: Metronome
|-crit|p2a: Ting-Lu
|-damage|p2a: Ting-Lu|89/100
|move|p2a: Ting-Lu|Earthquake|p1a: Infernape
|-supereffective|p1a: Infernape
|-damage|p1a: Infernape|0 fnt
|faint|p1a: Infernape
|
|-weather|Snowscape|[upkeep]
|-heal|p2a: Ting-Lu|95/100|[from] item: Leftovers
|upkeep
|
|t:|1779806591
|switch|p1a: Rabsca|Rabsca, M, shiny|100/100
|turn|9
|
|t:|1779806599
|move|p2a: Ting-Lu|Stealth Rock|p1a: Rabsca
|-sidestart|p1: Quagsires gf|move: Stealth Rock
|move|p1a: Rabsca|Revival Blessing|p1a: Rabsca
|-enditem|p1a: Rabsca|Leppa Berry|[eat]
|-activate|p1a: Rabsca|item: Leppa Berry|Revival Blessing|[consumed]
|
|t:|1779806602
|-heal|p1: Lilligant|50/100|[from] move: Revival Blessing
|
|-weather|Snowscape|[upkeep]
|-heal|p2a: Ting-Lu|100/100|[from] item: Leftovers
|upkeep
|turn|10
|
|t:|1779806621
|move|p2a: Ting-Lu|Ruination|p1a: Rabsca
|-damage|p1a: Rabsca|50/100
|move|p1a: Rabsca|Revival Blessing|p1a: Rabsca
|
|t:|1779806626
|-heal|p1: Infernape|50/100|[from] move: Revival Blessing
|
|-weather|none
|upkeep
|turn|11
|
|t:|1779806631
|move|p2a: Ting-Lu|Earthquake|p1a: Rabsca
|-resisted|p1a: Rabsca
|-damage|p1a: Rabsca|27/100
|move|p1a: Rabsca|Rest|p1a: Rabsca
|-status|p1a: Rabsca|slp|[from] move: Rest
|-heal|p1a: Rabsca|100/100 slp|[silent]
|
|upkeep
|turn|12
|
|t:|1779806637
|switch|p2a: Infernape|Infernape, F, shiny|100/100
|switch|p1a: Lilligant|Lilligant-Hisui, F|50/100
|-damage|p1a: Lilligant|44/100|[from] Stealth Rock
|
|upkeep
|turn|13
|
|t:|1779806647
|move|p2a: Infernape|Swords Dance|p2a: Infernape
|-boost|p2a: Infernape|atk|2
|move|p1a: Lilligant|Defog|p2a: Infernape
|-unboost|p2a: Infernape|evasion|1
|-sideend|p1: Quagsires gf|Stealth Rock|[from] move: Defog|[of] p1a: Lilligant
|
|upkeep
|turn|14
|
|t:|1779806653
|move|p2a: Infernape|Acrobatics|p1a: Lilligant
|-supereffective|p1a: Lilligant
|-damage|p1a: Lilligant|0 fnt
|faint|p1a: Lilligant
|
|upkeep
|
|t:|1779806658
|switch|p1a: Banette|Banette, M, shiny|100/100
|turn|15
|
|t:|1779806670
|-terastallize|p2a: Infernape|Fire
|move|p2a: Infernape|Raging Fury|p1a: Banette
|-damage|p1a: Banette|0 fnt
|faint|p1a: Banette
|
|upkeep
|
|t:|1779806676
|switch|p1a: Rabsca|Rabsca, M, shiny|100/100 slp
|turn|16
|
|t:|1779806679
|-terastallize|p1a: Rabsca|Water
|move|p2a: Infernape|Raging Fury|p1a: Rabsca|[from] lockedmove
|-resisted|p1a: Rabsca
|-damage|p1a: Rabsca|27/100 slp
|cant|p1a: Rabsca|slp
|move|p1a: Rabsca|Sleep Talk|p1a: Rabsca
|move|p1a: Rabsca|Revival Blessing|p1a: Rabsca|[from] move: Sleep Talk
|
|t:|1779806689
|-heal|p1: Banette|50/100|[from] move: Revival Blessing
|
|upkeep
|turn|17
|
|t:|1779806697
|move|p2a: Infernape|Raging Fury|p1a: Rabsca|[from] lockedmove
|-resisted|p1a: Rabsca
|-damage|p1a: Rabsca|0 fnt
|faint|p1a: Rabsca
|-start|p2a: Infernape|confusion|[fatigue]
|-enditem|p2a: Infernape|Lum Berry|[eat]
|-end|p2a: Infernape|confusion
|
|upkeep
|
|t:|1779806702
|switch|p1a: Scream Tail|Scream Tail, shiny|100/100
|-enditem|p1a: Scream Tail|Booster Energy
|-activate|p1a: Scream Tail|ability: Protosynthesis|[fromitem]
|-start|p1a: Scream Tail|protosynthesisdef
|turn|18
|
|t:|1779806708
|move|p2a: Infernape|Raging Fury|p1a: Scream Tail
|-damage|p1a: Scream Tail|25/100
|move|p1a: Scream Tail|Psychic Fangs|p2a: Infernape
|-damage|p2a: Infernape|53/100
|
|upkeep
|turn|19
|
|t:|1779806714
|move|p2a: Infernape|Raging Fury|p1a: Scream Tail|[from] lockedmove
|-damage|p1a: Scream Tail|0 fnt
|faint|p1a: Scream Tail
|-end|p1a: Scream Tail|Protosynthesis|[silent]
|
|upkeep
|
|t:|1779806719
|switch|p1a: Banette|Banette, M, shiny|50/100
|turn|20
|
|t:|1779806723
|move|p1a: Banette|Sucker Punch|p2a: Infernape
|-damage|p2a: Infernape|14/100
|move|p2a: Infernape|Raging Fury|p1a: Banette|[from] lockedmove
|-damage|p1a: Banette|0 fnt
|faint|p1a: Banette
|-start|p2a: Infernape|confusion|[fatigue]
|
|upkeep
|
|t:|1779806726
|switch|p1a: Pawmot|Pawmot, M, shiny|100/100
|turn|21
|
|t:|1779806733
|-activate|p2a: Infernape|confusion
|-damage|p2a: Infernape|0 fnt|[from] confusion
|faint|p2a: Infernape
|move|p1a: Pawmot|Revival Blessing|p1a: Pawmot
|-enditem|p1a: Pawmot|Leppa Berry|[eat]
|-activate|p1a: Pawmot|item: Leppa Berry|Revival Blessing|[consumed]
|
|t:|1779806739
|-heal|p1: Rabsca|50/100|[from] move: Revival Blessing
|
|upkeep
|
|t:|1779806745
|switch|p2a: Great Tusk|Great Tusk, shiny|100/100
|turn|22
|
|t:|1779806748
|move|p1a: Pawmot|Revival Blessing|p1a: Pawmot
|
|t:|1779806751
|-heal|p1: Lilligant|50/100|[from] move: Revival Blessing
|move|p2a: Great Tusk|Headlong Rush|p1a: Pawmot
|-supereffective|p1a: Pawmot
|-damage|p1a: Pawmot|0 fnt
|-unboost|p2a: Great Tusk|def|1
|-unboost|p2a: Great Tusk|spd|1
|faint|p1a: Pawmot
|
|upkeep
|
|t:|1779806757
|switch|p1a: Lilligant|Lilligant-Hisui, F|50/100
|turn|23
|
|t:|1779806763
|-end|p2a: Great Tusk|Protosynthesis|[silent]
|switch|p2a: Zapdos|Zapdos, shiny|29/100
|move|p1a: Lilligant|Axe Kick|p2a: Zapdos|[miss]
|-miss|p1a: Lilligant|p2a: Zapdos
|-damage|p1a: Lilligant|0 fnt|[from] highjumpkick
|faint|p1a: Lilligant
|
|-heal|p2a: Zapdos|35/100|[from] item: Leftovers
|upkeep
|
|t:|1779806768
|switch|p1a: Rabsca|Rabsca, M, shiny|50/100
|turn|24
|
|t:|1779806772
|move|p2a: Zapdos|Hurricane|p1a: Rabsca
|-supereffective|p1a: Rabsca
|-damage|p1a: Rabsca|0 fnt
|faint|p1a: Rabsca
|
|-heal|p2a: Zapdos|41/100|[from] item: Leftovers
|upkeep
|
|t:|1779806775
|switch|p1a: Infernape|Infernape, F|50/100
|turn|25
|
|t:|1779806777
|move|p1a: Infernape|Metronome|p1a: Infernape
|move|p1a: Infernape|Flame Charge|p2a: Zapdos|[from] move: Metronome
|-damage|p2a: Zapdos|19/100
|-boost|p1a: Infernape|spe|1
|-status|p1a: Infernape|par|[from] ability: Static|[of] p2a: Zapdos
|move|p2a: Zapdos|Thunderbolt|p1a: Infernape
|-damage|p1a: Infernape|0 fnt
|faint|p1a: Infernape
|
|win|infopro play392
|raw|Quagsires gf's rating: 1104 &rarr; <strong>1079</strong><br />(-25 for losing)
|raw|infopro play392's rating: 1107 &rarr; <strong>1132</strong><br />(+25 for winning)
