|j|☆ihymyly
|j|☆Billygunter
|t:|1779863495
|gametype|singles
|player|p1|ihymyly|101|1522
|player|p2|Billygunter|101|1602
|gen|9
|tier|[Gen 9] OU
|rated|
|rule|HP Percentage Mod: HP is shown in percentages
|rule|Endless Battle Clause: Forcing endless battles is banned
|rule|Species Clause: Limit one of each Pokémon
|rule|OHKO Clause: OHKO moves are banned
|rule|Evasion Items Clause: Evasion items are banned
|rule|Evasion Moves Clause: Evasion moves are banned
|rule|Evasion Abilities Clause: Evasion abilities are banned
|rule|Sleep Moves Clause: Sleep-inducing moves are banned
|clearpoke
|poke|p1|Darkrai|
|poke|p1|Great Tusk|
|poke|p1|Dragapult, F|
|poke|p1|Slowking-Galar, F|
|poke|p1|Skarmory, F|
|poke|p1|Ogerpon-Wellspring, F|
|poke|p2|Landorus-Therian, M|
|poke|p2|Ceruledge, M|
|poke|p2|Raging Bolt|
|poke|p2|Hatterene, F|
|poke|p2|Cobalion|
|poke|p2|Primarina, M|
|teampreview
|
|t:|1779863506
|teamsize|p1|6
|teamsize|p2|6
|start
|switch|p1a: Ogerpon|Ogerpon-Wellspring, F|100/100
|switch|p2a: Landorus|Landorus-Therian, M|100/100
|-ability|p2a: Landorus|Intimidate|boost
|-unboost|p1a: Ogerpon|atk|1
|turn|1
|
|t:|1779863521
|move|p2a: Landorus|U-turn|p1a: Ogerpon
|-supereffective|p1a: Ogerpon
|-damage|p1a: Ogerpon|31/100
|
|t:|1779863526
|switch|p2a: Raging Bolt|Raging Bolt|100/100|[from] U-turn
|move|p1a: Ogerpon|Ivy Cudgel|p2a: Raging Bolt|[anim] Ivy Cudgel Water
|-resisted|p2a: Raging Bolt
|-crit|p2a: Raging Bolt
|-damage|p2a: Raging Bolt|62/100
|
|upkeep
|turn|2
|
|t:|1779863539
|switch|p1a: Slowking|Slowking-Galar, F|100/100
|move|p2a: Raging Bolt|Draco Meteor|p1a: Slowking|[miss]
|-miss|p2a: Raging Bolt|p1a: Slowking
|
|upkeep
|turn|3
|
|t:|1779863546
|move|p2a: Raging Bolt|Draco Meteor|p1a: Slowking
|-damage|p1a: Slowking|28/100
|-unboost|p2a: Raging Bolt|spa|2
|-prepare|p1a: Slowking|Chilly Reception|[premajor]
|move|p1a: Slowking|Chilly Reception|p1a: Slowking
|-weather|Snowscape
|
|t:|1779863561
|switch|p1a: Darkrai|Darkrai, shiny|100/100|[from] Chilly Reception
|
|-weather|Snowscape|[upkeep]
|upkeep
|turn|4
|
|t:|1779863571
|switch|p1a: Dragapult|Dragapult, F|100/100
|-end|p2a: Raging Bolt|Protosynthesis|[silent]
|switch|p2a: Primarina|Primarina, M|100/100
|
|-weather|Snowscape|[upkeep]
|upkeep
|turn|5
|
|t:|1779863589
|move|p1a: Dragapult|U-turn|p2a: Primarina
|-resisted|p2a: Primarina
|-damage|p2a: Primarina|89/100
|
|t:|1779863603
|switch|p1a: Slowking|Slowking-Galar, F|61/100|[from] U-turn
|move|p2a: Primarina|Flip Turn|p1a: Slowking
|-damage|p1a: Slowking|45/100
|
|t:|1779863609
|switch|p2a: Ceruledge|Ceruledge, M|100/100|[from] Flip Turn
|
|-weather|Snowscape|[upkeep]
|upkeep
|turn|6
|
|t:|1779863618
|switch|p1a: Goy Destroy|Great Tusk|100/100
|move|p2a: Ceruledge|Swords Dance|p2a: Ceruledge
|-boost|p2a: Ceruledge|atk|2
|
|-weather|Snowscape|[upkeep]
|upkeep
|turn|7
|
|t:|1779863631
|-terastallize|p2a: Ceruledge|Ghost
|move|p1a: Goy Destroy|Stealth Rock|p2a: Ceruledge
|-sidestart|p2: Billygunter|move: Stealth Rock
|move|p2a: Ceruledge|Swords Dance|p2a: Ceruledge
|-boost|p2a: Ceruledge|atk|2
|
|-weather|none
|upkeep
|turn|8
|
|t:|1779863640
|-end|p1a: Goy Destroy|Protosynthesis|[silent]
|switch|p1a: Skarmory|Skarmory, F|100/100
|move|p2a: Ceruledge|Bitter Blade|p1a: Skarmory
|-supereffective|p1a: Skarmory
|-ability|p1a: Skarmory|Sturdy
|-damage|p1a: Skarmory|1/100
|-damage|p2a: Ceruledge|84/100|[from] item: Rocky Helmet|[of] p1a: Skarmory
|-damage|p2a: Ceruledge|74/100|[from] item: Life Orb
|
|upkeep
|turn|9
|
|t:|1779863654
|move|p2a: Ceruledge|Bitter Blade|p1a: Skarmory
|-supereffective|p1a: Skarmory
|-damage|p1a: Skarmory|0 fnt
|-heal|p2a: Ceruledge|74/100|[from] drain|[of] p1a: Skarmory
|-damage|p2a: Ceruledge|58/100|[from] item: Rocky Helmet|[of] p1a: Skarmory
|faint|p1a: Skarmory
|-damage|p2a: Ceruledge|48/100|[from] item: Life Orb
|
|upkeep
|
|t:|1779863664
|switch|p1a: Darkrai|Darkrai, shiny|100/100
|turn|10
|
|t:|1779863668
|move|p2a: Ceruledge|Shadow Sneak|p1a: Darkrai
|-resisted|p1a: Darkrai
|-damage|p1a: Darkrai|32/100
|-damage|p2a: Ceruledge|38/100|[from] item: Life Orb
|move|p1a: Darkrai|Dark Pulse|p2a: Ceruledge
|-supereffective|p2a: Ceruledge
|-damage|p2a: Ceruledge|0 fnt
|faint|p2a: Ceruledge
|
|-heal|p1a: Darkrai|39/100|[from] item: Leftovers
|upkeep
|l|☆Billygunter
|player|p2|
|inactive|Battle timer is ON: inactive players will automatically lose when time's up. (requested by ihymyly)
|j| SubstituteProtect0
|inactive|Billygunter has 30 seconds to reconnect!
|inactive|Billygunter has 20 seconds to reconnect!
|inactive|Billygunter has 15 seconds to reconnect!
|inactive|Billygunter has 10 seconds to reconnect!
|inactive|Billygunter has 5 seconds to reconnect!
|-message|Billygunter lost due to inactivity.
|
|win|ihymyly
|raw|ihymyly's rating: 1522 &rarr; <strong>1547</strong><br />(+25 for winning)
|raw|Billygunter's rating: 1602 &rarr; <strong>1577</strong><br />(-25 for losing)
