|j|☆tacticalAneurysm
|j|☆bleach98
|t:|1779823526
|gametype|singles
|player|p1|tacticalAneurysm|rosa|1088
|player|p2|bleach98|169|1090
|gen|9
|tier|[Gen 9] OU
|rated|
|rule|HP Percentage Mod: HP is shown in percentages
|rule|Endless Battle Clause: Forcing endless battles is banned
|rule|Species Clause: Limit one of each Pokémon
|rule|OHKO Clause: OHKO moves are banned
|rule|Evasion Items Clause: Evasion items are banned
|rule|Evasion Moves Clause: Evasion moves are banned
|rule|Evasion Abilities Clause: Evasion abilities are banned
|rule|Sleep Moves Clause: Sleep-inducing moves are banned
|clearpoke
|poke|p1|Darkrai|
|poke|p1|Garchomp, F|
|poke|p1|Alomomola, M|
|poke|p1|Corviknight, M|
|poke|p1|Weezing-Galar, F|
|poke|p1|Ogerpon, F|
|poke|p2|Overqwil, M|
|poke|p2|Hitmontop, M|
|poke|p2|Wyrdeer, M|
|poke|p2|Gyarados, M|
|poke|p2|Scrafty, F|
|poke|p2|Salamence, F|
|teampreview
|
|t:|1779823550
|teamsize|p1|6
|teamsize|p2|6
|start
|switch|p1a: Corviknight|Corviknight, M|100/100
|switch|p2a: Wyrdeer|Wyrdeer, M|100/100
|-ability|p2a: Wyrdeer|Intimidate|boost
|-unboost|p1a: Corviknight|atk|1
|-ability|p1a: Corviknight|Pressure
|turn|1
|
|t:|1779823565
|switch|p2a: Hitmontop|Hitmontop, M|100/100
|-ability|p2a: Hitmontop|Intimidate|boost
|-unboost|p1a: Corviknight|atk|1
|move|p1a: Corviknight|U-turn|p2a: Hitmontop
|-resisted|p2a: Hitmontop
|-damage|p2a: Hitmontop|96/100
|inactive|Battle timer is ON: inactive players will automatically lose when time's up. (requested by bleach98)
|inactive|tacticalAneurysm has 120 seconds left.
|
|t:|1779823675
|switch|p1a: Weezing|Weezing-Galar, F|100/100|[from] U-turn
|-ability|p1a: Weezing|Neutralizing Gas
|
|-heal|p2a: Hitmontop|100/100|[from] item: Leftovers
|upkeep
|turn|2
|
|t:|1779823686
|move|p2a: Hitmontop|Bulk Up|p2a: Hitmontop
|-boost|p2a: Hitmontop|atk|1
|-boost|p2a: Hitmontop|def|1
|move|p1a: Weezing|Will-O-Wisp|p2a: Hitmontop
|-status|p2a: Hitmontop|brn
|
|-damage|p2a: Hitmontop|94/100 brn|[from] brn
|upkeep
|turn|3
|
|t:|1779823704
|move|p2a: Hitmontop|Bulk Up|p2a: Hitmontop
|-boost|p2a: Hitmontop|atk|1
|-boost|p2a: Hitmontop|def|1
|move|p1a: Weezing|Sludge Bomb|p2a: Hitmontop
|-damage|p2a: Hitmontop|66/100 brn
|
|-heal|p2a: Hitmontop|72/100 brn|[from] item: Leftovers
|-damage|p2a: Hitmontop|66/100 brn|[from] brn
|upkeep
|turn|4
|
|t:|1779823712
|move|p2a: Hitmontop|Rapid Spin|p1a: Weezing
|-damage|p1a: Weezing|90/100
|-boost|p2a: Hitmontop|spe|1
|move|p1a: Weezing|Sludge Bomb|p2a: Hitmontop
|-damage|p2a: Hitmontop|37/100 brn
|
|-heal|p2a: Hitmontop|43/100 brn|[from] item: Leftovers
|-heal|p1a: Weezing|96/100|[from] item: Leftovers
|-damage|p2a: Hitmontop|37/100 brn|[from] brn
|upkeep
|turn|5
|inactive|tacticalAneurysm has 120 seconds left.
|
|t:|1779823762
|move|p2a: Hitmontop|Close Combat|p1a: Weezing
|-resisted|p1a: Weezing
|-damage|p1a: Weezing|88/100
|-unboost|p2a: Hitmontop|def|1
|-unboost|p2a: Hitmontop|spd|1
|move|p1a: Weezing|Sludge Bomb|p2a: Hitmontop
|-damage|p2a: Hitmontop|0 fnt
|faint|p2a: Hitmontop
|
|-heal|p1a: Weezing|94/100|[from] item: Leftovers
|upkeep
|
|t:|1779823772
|switch|p2a: Wyrdeer|Wyrdeer, M|100/100
|turn|6
|
|t:|1779823800
|move|p2a: Wyrdeer|Psychic|p1a: Weezing
|-supereffective|p1a: Weezing
|-damage|p1a: Weezing|0 fnt
|faint|p1a: Weezing
|-end|p1a: Weezing|ability: Neutralizing Gas
|
|upkeep
|
|t:|1779823807
|switch|p1a: Darkrai|Darkrai|100/100
|turn|7
|
|t:|1779823812
|switch|p2a: Overqwil|Overqwil, M|100/100
|-ability|p2a: Overqwil|Intimidate|boost
|-unboost|p1a: Darkrai|atk|1
|move|p1a: Darkrai|Dark Pulse|p2a: Overqwil
|-resisted|p2a: Overqwil
|-damage|p2a: Overqwil|53/100
|
|upkeep
|turn|8
|inactive|tacticalAneurysm has 90 seconds left.
|
|t:|1779823842
|switch|p1a: Corviknight|Corviknight, M|100/100
|-ability|p1a: Corviknight|Pressure
|move|p2a: Overqwil|Poison Jab|p1a: Corviknight
|-immune|p1a: Corviknight
|
|upkeep
|turn|9
|
|t:|1779823850
|move|p2a: Overqwil|Liquidation|p1a: Corviknight
|-damage|p1a: Corviknight|79/100
|move|p1a: Corviknight|U-turn|p2a: Overqwil
|-damage|p2a: Overqwil|36/100
|inactive|tacticalAneurysm has 90 seconds left.
|
|t:|1779823861
|switch|p1a: Garchomp|Garchomp, F|100/100|[from] U-turn
|
|upkeep
|turn|10
|
|t:|1779823866
|move|p2a: Overqwil|Crunch|p1a: Garchomp
|-damage|p1a: Garchomp|78/100
|-unboost|p1a: Garchomp|def|1
|-damage|p2a: Overqwil|24/100|[from] ability: Rough Skin|[of] p1a: Garchomp
|-damage|p2a: Overqwil|7/100|[from] item: Rocky Helmet|[of] p1a: Garchomp
|move|p1a: Garchomp|Stealth Rock|p2a: Overqwil
|-sidestart|p2: bleach98|move: Stealth Rock
|
|upkeep
|turn|11
|
|t:|1779823875
|move|p2a: Overqwil|Crunch|p1a: Garchomp
|-damage|p1a: Garchomp|43/100
|-damage|p2a: Overqwil|0 fnt|[from] ability: Rough Skin|[of] p1a: Garchomp
|faint|p2a: Overqwil
|move|p1a: Garchomp|Spikes|p2: Overqwil
|-sidestart|p2: bleach98|Spikes
|
|upkeep
|
|t:|1779823888
|switch|p2a: Salamence|Salamence, F|100/100
|-damage|p2a: Salamence|76/100|[from] Stealth Rock
|-ability|p2a: Salamence|Intimidate|boost
|-unboost|p1a: Garchomp|atk|1
|turn|12
|inactive|tacticalAneurysm has 120 seconds left.
|
|t:|1779823899
|switch|p1a: Corviknight|Corviknight, M|79/100
|-ability|p1a: Corviknight|Pressure
|move|p2a: Salamence|Dragon Pulse|p1a: Corviknight
|-resisted|p1a: Corviknight
|-damage|p1a: Corviknight|65/100
|
|-heal|p1a: Corviknight|71/100|[from] item: Leftovers
|upkeep
|turn|13
|inactive|tacticalAneurysm has 120 seconds left.
|
|t:|1779823909
|move|p2a: Salamence|Flamethrower|p1a: Corviknight
|-supereffective|p1a: Corviknight
|-damage|p1a: Corviknight|34/100
|move|p1a: Corviknight|U-turn|p2a: Salamence
|-resisted|p2a: Salamence
|-damage|p2a: Salamence|66/100
|inactive|tacticalAneurysm has 120 seconds left.
|
|t:|1779823917
|switch|p1a: Darkrai|Darkrai|100/100|[from] U-turn
|
|upkeep
|turn|14
|
|t:|1779823925
|switch|p2a: Gyarados|Gyarados, M|100/100
|-damage|p2a: Gyarados|76/100|[from] Stealth Rock
|-ability|p2a: Gyarados|Intimidate|boost
|-unboost|p1a: Darkrai|atk|1
|-terastallize|p1a: Darkrai|Dark
|move|p1a: Darkrai|Dark Pulse|p2a: Gyarados
|-damage|p2a: Gyarados|19/100
|
|-heal|p2a: Gyarados|25/100|[from] item: Leftovers
|upkeep
|turn|15
|
|t:|1779823935
|move|p2a: Gyarados|Protect|p2a: Gyarados
|-singleturn|p2a: Gyarados|Protect
|move|p1a: Darkrai|Dark Pulse|p2a: Gyarados
|-activate|p2a: Gyarados|move: Protect
|
|-heal|p2a: Gyarados|31/100|[from] item: Leftovers
|upkeep
|turn|16
|
|t:|1779823942
|move|p1a: Darkrai|Dark Pulse|p2a: Gyarados
|-damage|p2a: Gyarados|0 fnt
|faint|p2a: Gyarados
|
|upkeep
|
|t:|1779823951
|switch|p2a: Scrafty|Scrafty, F|100/100
|-damage|p2a: Scrafty|95/100|[from] Stealth Rock
|-damage|p2a: Scrafty|82/100|[from] Spikes
|-ability|p2a: Scrafty|Intimidate|boost
|-unboost|p1a: Darkrai|atk|1
|turn|17
|
|t:|1779823958
|switch|p1a: Alomomola|Alomomola, M|100/100
|move|p2a: Scrafty|Dragon Dance|p2a: Scrafty
|-boost|p2a: Scrafty|atk|1
|-boost|p2a: Scrafty|spe|1
|
|-heal|p2a: Scrafty|88/100|[from] item: Leftovers
|upkeep
|turn|18
|
|t:|1779823965
|move|p2a: Scrafty|Dragon Dance|p2a: Scrafty
|-boost|p2a: Scrafty|atk|1
|-boost|p2a: Scrafty|spe|1
|move|p1a: Alomomola|Flip Turn|p2a: Scrafty
|-damage|p2a: Scrafty|70/100
|
|t:|1779823977
|switch|p1a: Ogerpon|Ogerpon, F|100/100|[from] Flip Turn
|
|-heal|p2a: Scrafty|76/100|[from] item: Leftovers
|upkeep
|turn|19
|
|t:|1779823983
|move|p2a: Scrafty|Knock Off|p1a: Ogerpon
|-damage|p1a: Ogerpon|0 fnt
|-enditem|p1a: Ogerpon|Scope Lens|[from] move: Knock Off|[of] p2a: Scrafty
|faint|p1a: Ogerpon
|
|-heal|p2a: Scrafty|82/100|[from] item: Leftovers
|upkeep
|
|t:|1779823988
|switch|p1a: Garchomp|Garchomp, F|43/100
|turn|20
|
|t:|1779823992
|move|p2a: Scrafty|Ice Punch|p1a: Garchomp
|-supereffective|p1a: Garchomp
|-damage|p1a: Garchomp|0 fnt
|-damage|p2a: Scrafty|70/100|[from] ability: Rough Skin|[of] p1a: Garchomp
|-damage|p2a: Scrafty|53/100|[from] item: Rocky Helmet|[of] p1a: Garchomp
|faint|p1a: Garchomp
|
|-heal|p2a: Scrafty|59/100|[from] item: Leftovers
|upkeep
|
|t:|1779824005
|switch|p1a: Alomomola|Alomomola, M|100/100
|turn|21
|
|t:|1779824009
|move|p2a: Scrafty|Knock Off|p1a: Alomomola
|-damage|p1a: Alomomola|32/100
|-enditem|p1a: Alomomola|Assault Vest|[from] move: Knock Off|[of] p2a: Scrafty
|move|p1a: Alomomola|Flip Turn|p2a: Scrafty
|-damage|p2a: Scrafty|40/100
|
|t:|1779824016
|switch|p1a: Corviknight|Corviknight, M|34/100|[from] Flip Turn
|-ability|p1a: Corviknight|Pressure
|
|-heal|p2a: Scrafty|46/100|[from] item: Leftovers
|-heal|p1a: Corviknight|40/100|[from] item: Leftovers
|upkeep
|turn|22
|
|t:|1779824023
|move|p2a: Scrafty|Drain Punch|p1a: Corviknight
|-damage|p1a: Corviknight|0 fnt
|-heal|p2a: Scrafty|75/100|[from] drain|[of] p1a: Corviknight
|faint|p1a: Corviknight
|
|-heal|p2a: Scrafty|81/100|[from] item: Leftovers
|upkeep
|-message|tacticalAneurysm forfeited.
|
|win|bleach98
|raw|tacticalAneurysm's rating: 1088 &rarr; <strong>1065</strong><br />(-23 for losing)
|raw|bleach98's rating: 1090 &rarr; <strong>1116</strong><br />(+26 for winning)
|l|☆tacticalAneurysm
|player|p1|
|l|☆bleach98
|player|p2|
