|j|☆lunalalala333
|j|☆claudechamp
|t:|1779839991
|gametype|singles
|player|p1|lunalalala333|beauty-gen4dp|1115
|player|p2|claudechamp|265|1149
|gen|9
|tier|[Gen 9] OU
|rated|
|rule|HP Percentage Mod: HP is shown in percentages
|rule|Endless Battle Clause: Forcing endless battles is banned
|rule|Species Clause: Limit one of each Pokémon
|rule|OHKO Clause: OHKO moves are banned
|rule|Evasion Items Clause: Evasion items are banned
|rule|Evasion Moves Clause: Evasion moves are banned
|rule|Evasion Abilities Clause: Evasion abilities are banned
|rule|Sleep Moves Clause: Sleep-inducing moves are banned
|clearpoke
|poke|p1|Barraskewda, M|
|poke|p1|Pelipper, F|
|poke|p1|Dragapult, M|
|poke|p1|Greninja-*, M|
|poke|p1|Meowscarada, M|
|poke|p1|Thundurus-Therian, M|
|poke|p2|Gliscor, M|
|poke|p2|Ogerpon, F|
|poke|p2|Walking Wake|
|poke|p2|Blissey, F|
|poke|p2|Corviknight, F|
|poke|p2|Pecharunt|
|teampreview
|inactive|Battle timer is ON: inactive players will automatically lose when time's up. (requested by lunalalala333)
|c|☆claudechamp|hf
|
|t:|1779839995
|teamsize|p1|6
|teamsize|p2|6
|start
|switch|p1a: Pelipper|Pelipper, F|100/100
|switch|p2a: Gliscor|Gliscor, M|100/100
|-weather|RainDance|[from] ability: Drizzle|[of] p1a: Pelipper
|turn|1
|inactive|claudechamp also wants the timer to be on.
|j| seedsalt
|l| seedsalt
|
|t:|1779840012
|move|p2a: Gliscor|Spikes|p1a: Pelipper
|-sidestart|p1: lunalalala333|Spikes
|move|p1a: Pelipper|Tailwind|p1a: Pelipper
|-sidestart|p1: lunalalala333|move: Tailwind
|
|-weather|RainDance|[upkeep]
|-status|p2a: Gliscor|tox|[from] item: Toxic Orb
|upkeep
|turn|2
|
|t:|1779840017
|move|p1a: Pelipper|U-turn|p2a: Gliscor
|-resisted|p2a: Gliscor
|-damage|p2a: Gliscor|97/100 tox
|
|t:|1779840022
|switch|p1a: Greninja|Greninja, M|100/100|[from] U-turn
|-damage|p1a: Greninja|88/100|[from] Spikes
|move|p2a: Gliscor|Spikes|p1a: Greninja
|-sidestart|p1: lunalalala333|Spikes
|
|-weather|RainDance|[upkeep]
|-heal|p2a: Gliscor|100/100 tox|[from] ability: Poison Heal
|upkeep
|turn|3
|
|t:|1779840043
|move|p1a: Greninja|Water Shuriken|p2a: Gliscor
|-start|p1a: Greninja|typechange|Water|[from] ability: Protean
|-supereffective|p2a: Gliscor
|-damage|p2a: Gliscor|72/100 tox
|-supereffective|p2a: Gliscor
|-damage|p2a: Gliscor|42/100 tox
|-supereffective|p2a: Gliscor
|-damage|p2a: Gliscor|13/100 tox
|-hitcount|p2a: Gliscor|3
|move|p2a: Gliscor|Toxic|p1a: Greninja
|-status|p1a: Greninja|tox
|
|-weather|RainDance|[upkeep]
|-damage|p1a: Greninja|82/100 tox|[from] psn
|-heal|p2a: Gliscor|25/100 tox|[from] ability: Poison Heal
|upkeep
|turn|4
|
|t:|1779840056
|switch|p2a: Blissey|Blissey, F|100/100
|move|p1a: Greninja|Water Shuriken|p2a: Blissey
|-damage|p2a: Blissey|95/100
|-damage|p2a: Blissey|90/100
|-damage|p2a: Blissey|84/100
|-hitcount|p2a: Blissey|3
|
|-weather|RainDance|[upkeep]
|-damage|p1a: Greninja|70/100 tox|[from] psn
|-sideend|p1: lunalalala333|move: Tailwind
|upkeep
|turn|5
|
|t:|1779840070
|switch|p1a: Barraskewda|Barraskewda, M|100/100
|-damage|p1a: Barraskewda|84/100|[from] Spikes
|move|p2a: Blissey|Stealth Rock|p1a: Barraskewda
|-sidestart|p1: lunalalala333|move: Stealth Rock
|
|-weather|RainDance|[upkeep]
|upkeep
|turn|6
|
|t:|1779840081
|-terastallize|p1a: Barraskewda|Water
|move|p1a: Barraskewda|Liquidation|p2a: Blissey
|-damage|p2a: Blissey|0 fnt
|faint|p2a: Blissey
|
|-weather|RainDance|[upkeep]
|upkeep
|
|t:|1779840091
|switch|p2a: Ogerpon|Ogerpon, F|100/100
|turn|7
|
|t:|1779840103
|switch|p1a: Dragapult|Dragapult, M|100/100
|-damage|p1a: Dragapult|84/100|[from] Spikes
|-damage|p1a: Dragapult|72/100|[from] Stealth Rock
|move|p2a: Ogerpon|Ivy Cudgel|p1a: Dragapult
|-resisted|p1a: Dragapult
|-damage|p1a: Dragapult|37/100
|
|-weather|RainDance|[upkeep]
|upkeep
|turn|8
|
|t:|1779840110
|move|p1a: Dragapult|Will-O-Wisp|p2a: Ogerpon
|-status|p2a: Ogerpon|brn
|move|p2a: Ogerpon|Knock Off|p1a: Dragapult
|-supereffective|p1a: Dragapult
|-crit|p1a: Dragapult
|-damage|p1a: Dragapult|0 fnt
|-enditem|p1a: Dragapult|Life Orb|[from] move: Knock Off|[of] p2a: Ogerpon
|faint|p1a: Dragapult
|
|-weather|none
|-damage|p2a: Ogerpon|95/100 brn|[from] brn
|upkeep
|
|t:|1779840117
|switch|p1a: Pelipper|Pelipper, F|100/100
|-damage|p1a: Pelipper|75/100|[from] Stealth Rock
|-weather|RainDance|[from] ability: Drizzle|[of] p1a: Pelipper
|turn|9
|
|t:|1779840124
|switch|p2a: Gliscor|Gliscor, M|25/100 tox
|move|p1a: Pelipper|Tailwind|p1a: Pelipper
|-sidestart|p1: lunalalala333|move: Tailwind
|
|-weather|RainDance|[upkeep]
|-heal|p2a: Gliscor|38/100 tox|[from] ability: Poison Heal
|upkeep
|turn|10
|
|t:|1779840131
|move|p1a: Pelipper|Hurricane|p2a: Gliscor
|-damage|p2a: Gliscor|9/100 tox
|move|p2a: Gliscor|Toxic|p1a: Pelipper
|-status|p1a: Pelipper|tox
|
|-weather|RainDance|[upkeep]
|-damage|p1a: Pelipper|69/100 tox|[from] psn
|-heal|p2a: Gliscor|21/100 tox|[from] ability: Poison Heal
|upkeep
|turn|11
|
|t:|1779840144
|switch|p1a: Greninja|Greninja, M|70/100 tox
|-damage|p1a: Greninja|54/100 tox|[from] Spikes
|-damage|p1a: Greninja|42/100 tox|[from] Stealth Rock
|switch|p2a: Walking Wake|Walking Wake|100/100
|
|-weather|RainDance|[upkeep]
|-damage|p1a: Greninja|36/100 tox|[from] psn
|upkeep
|turn|12
|
|t:|1779840157
|move|p1a: Greninja|Dark Pulse|p2a: Walking Wake
|-start|p1a: Greninja|typechange|Dark|[from] ability: Protean
|-damage|p2a: Walking Wake|28/100
|move|p2a: Walking Wake|Surf|p1a: Greninja
|-damage|p1a: Greninja|0 fnt
|faint|p1a: Greninja
|
|-weather|RainDance|[upkeep]
|-sideend|p1: lunalalala333|move: Tailwind
|upkeep
|
|t:|1779840164
|switch|p1a: Barraskewda|Barraskewda, M, tera:Water|84/100
|-damage|p1a: Barraskewda|68/100|[from] Spikes
|-damage|p1a: Barraskewda|56/100|[from] Stealth Rock
|turn|13
|
|t:|1779840174
|move|p1a: Barraskewda|Liquidation|p2a: Walking Wake
|-resisted|p2a: Walking Wake
|-damage|p2a: Walking Wake|0 fnt
|faint|p2a: Walking Wake
|-end|p2a: Walking Wake|Protosynthesis|[silent]
|
|-weather|RainDance|[upkeep]
|upkeep
|
|t:|1779840179
|switch|p2a: Pecharunt|Pecharunt|100/100
|turn|14
|
|t:|1779840186
|switch|p1a: Pelipper|Pelipper, F|69/100 tox
|-damage|p1a: Pelipper|44/100 tox|[from] Stealth Rock
|move|p2a: Pecharunt|Foul Play|p1a: Pelipper
|-damage|p1a: Pelipper|31/100 tox
|
|-weather|RainDance|[upkeep]
|-damage|p1a: Pelipper|25/100 tox|[from] psn
|upkeep
|turn|15
|
|t:|1779840198
|move|p2a: Pecharunt|Malignant Chain|p1a: Pelipper
|-damage|p1a: Pelipper|0 fnt
|faint|p1a: Pelipper
|
|-weather|RainDance|[upkeep]
|upkeep
|
|t:|1779840211
|switch|p1a: Thundurus|Thundurus-Therian, M|100/100
|-damage|p1a: Thundurus|76/100|[from] Stealth Rock
|turn|16
|
|t:|1779840229
|move|p1a: Thundurus|Weather Ball|p2a: Pecharunt
|-crit|p2a: Pecharunt
|-damage|p2a: Pecharunt|5/100
|move|p2a: Pecharunt|Malignant Chain|p1a: Thundurus
|-damage|p1a: Thundurus|35/100
|-status|p1a: Thundurus|tox
|-start|p1a: Thundurus|confusion|[from] ability: Poison Puppeteer|[of] p2a: Pecharunt
|
|-weather|none
|-damage|p1a: Thundurus|29/100 tox|[from] psn
|upkeep
|turn|17
|
|t:|1779840246
|-activate|p1a: Thundurus|confusion
|move|p1a: Thundurus|Rain Dance|p1a: Thundurus
|-weather|RainDance
|move|p2a: Pecharunt|Recover|p2a: Pecharunt
|-heal|p2a: Pecharunt|55/100
|
|-weather|RainDance|[upkeep]
|-damage|p1a: Thundurus|17/100 tox|[from] psn
|upkeep
|turn|18
|
|t:|1779840255
|switch|p2a: Ogerpon|Ogerpon, F|95/100 brn
|-activate|p1a: Thundurus|confusion
|move|p1a: Thundurus|Thunder|p2a: Ogerpon
|-resisted|p2a: Ogerpon
|-damage|p2a: Ogerpon|57/100 brn
|
|-weather|RainDance|[upkeep]
|-damage|p1a: Thundurus|0 fnt|[from] psn
|faint|p1a: Thundurus
|-damage|p2a: Ogerpon|51/100 brn|[from] brn
|upkeep
|
|t:|1779840267
|switch|p1a: Barraskewda|Barraskewda, M, tera:Water|56/100
|-damage|p1a: Barraskewda|39/100|[from] Spikes
|-damage|p1a: Barraskewda|27/100|[from] Stealth Rock
|turn|19
|
|t:|1779840272
|move|p1a: Barraskewda|Liquidation|p2a: Ogerpon
|-resisted|p2a: Ogerpon
|-crit|p2a: Ogerpon
|-damage|p2a: Ogerpon|0 fnt
|faint|p2a: Ogerpon
|
|-weather|RainDance|[upkeep]
|upkeep
|
|t:|1779840278
|switch|p2a: Corviknight|Corviknight, F|100/100
|-ability|p2a: Corviknight|Pressure
|turn|20
|
|t:|1779840281
|-terastallize|p2a: Corviknight|Ghost
|move|p1a: Barraskewda|Liquidation|p2a: Corviknight
|-damage|p2a: Corviknight|14/100
|move|p2a: Corviknight|Body Press|p1a: Barraskewda
|-damage|p1a: Barraskewda|0 fnt
|faint|p1a: Barraskewda
|
|-weather|RainDance|[upkeep]
|upkeep
|
|t:|1779840285
|switch|p1a: Meowscarada|Meowscarada, M|100/100
|-damage|p1a: Meowscarada|84/100|[from] Spikes
|-damage|p1a: Meowscarada|72/100|[from] Stealth Rock
|turn|21
|
|t:|1779840296
|move|p1a: Meowscarada|Triple Axel|p2a: Corviknight
|-start|p1a: Meowscarada|typechange|Ice|[from] ability: Protean
|-damage|p2a: Corviknight|7/100
|-damage|p2a: Corviknight|0 fnt
|faint|p2a: Corviknight
|-hitcount|p2: Corviknight|2
|
|-weather|none
|upkeep
|
|t:|1779840306
|switch|p2a: Pecharunt|Pecharunt|55/100
|turn|22
|
|t:|1779840315
|move|p1a: Meowscarada|Triple Axel|p2a: Pecharunt
|-damage|p2a: Pecharunt|50/100
|-damage|p2a: Pecharunt|41/100
|-damage|p2a: Pecharunt|26/100
|-hitcount|p2a: Pecharunt|3
|move|p2a: Pecharunt|Malignant Chain|p1a: Meowscarada
|-damage|p1a: Meowscarada|25/100
|-status|p1a: Meowscarada|tox
|-start|p1a: Meowscarada|confusion|[from] ability: Poison Puppeteer|[of] p2a: Pecharunt
|
|-damage|p1a: Meowscarada|19/100 tox|[from] psn
|upkeep
|turn|23
|
|t:|1779840324
|-activate|p1a: Meowscarada|confusion
|move|p1a: Meowscarada|Triple Axel|p2a: Pecharunt
|-damage|p2a: Pecharunt|21/100
|-damage|p2a: Pecharunt|11/100
|-damage|p2a: Pecharunt|0 fnt
|faint|p2a: Pecharunt
|-hitcount|p2: Pecharunt|3
|
|-damage|p1a: Meowscarada|7/100 tox|[from] psn
|upkeep
|
|t:|1779840335
|switch|p2a: Gliscor|Gliscor, M|21/100 tox
|turn|24
|
|t:|1779840345
|move|p2a: Gliscor|Protect|p2a: Gliscor
|-singleturn|p2a: Gliscor|Protect
|-activate|p1a: Meowscarada|confusion
|move|p1a: Meowscarada|Triple Axel|p2a: Gliscor
|-activate|p2a: Gliscor|move: Protect
|
|-damage|p1a: Meowscarada|0 fnt|[from] psn
|faint|p1a: Meowscarada
|
|win|claudechamp
|raw|lunalalala333's rating: 1115 &rarr; <strong>1094</strong><br />(-21 for losing)
|raw|claudechamp's rating: 1176 &rarr; <strong>1197</strong><br />(+21 for winning)
|c|☆claudechamp|gg
|c|☆lunalalala333|Gg
