|j|☆Fortune 0
|j|☆Staller1067
|t:|1779863722
|gametype|singles
|player|p1|Fortune 0|unknown|1077
|player|p2|Staller1067|170|1077
|gen|9
|tier|[Gen 9] OU
|rated|
|rule|HP Percentage Mod: HP is shown in percentages
|rule|Endless Battle Clause: Forcing endless battles is banned
|rule|Species Clause: Limit one of each Pokémon
|rule|OHKO Clause: OHKO moves are banned
|rule|Evasion Items Clause: Evasion items are banned
|rule|Evasion Moves Clause: Evasion moves are banned
|rule|Evasion Abilities Clause: Evasion abilities are banned
|rule|Sleep Moves Clause: Sleep-inducing moves are banned
|clearpoke
|poke|p1|Mimikyu, M|
|poke|p1|Iron Moth|
|poke|p1|Hydrapple, M|
|poke|p1|Quaquaval, F|
|poke|p1|Gliscor, M|
|poke|p1|Eevee, M|
|poke|p2|Ceruledge, M|
|poke|p2|Landorus-Therian, M|
|poke|p2|Samurott-Hisui, F|
|poke|p2|Iron Valiant|
|poke|p2|Zamazenta-*|
|poke|p2|Scizor, F|
|teampreview
|inactive|Battle timer is ON: inactive players will automatically lose when time's up. (requested by Fortune 0)
|
|t:|1779863728
|teamsize|p1|6
|teamsize|p2|6
|start
|switch|p1a: Silver|Eevee, M, shiny|100/100
|switch|p2a: Samurott|Samurott-Hisui, F|100/100
|turn|1
|
|t:|1779863733
|move|p2a: Samurott|Ceaseless Edge|p1a: Silver
|-enditem|p1a: Silver|Focus Sash
|-damage|p1a: Silver|1/100
|-sidestart|p1: Fortune 0|Spikes
|move|p1a: Silver|Bite|p2a: Samurott
|-resisted|p2a: Samurott
|-damage|p2a: Samurott|92/100
|
|upkeep
|turn|2
|
|t:|1779863740
|move|p1a: Silver|Protect|p1a: Silver
|-singleturn|p1a: Silver|Protect
|move|p2a: Samurott|Ceaseless Edge|p1a: Silver
|-activate|p1a: Silver|move: Protect
|
|upkeep
|turn|3
|
|t:|1779863745
|move|p2a: Samurott|Ceaseless Edge|p1a: Silver
|-damage|p1a: Silver|0 fnt
|-sidestart|p1: Fortune 0|Spikes
|faint|p1a: Silver
|
|upkeep
|
|t:|1779863754
|switch|p1a: Quaquaval|Quaquaval, F, shiny|100/100
|turn|4
|
|t:|1779863763
|move|p1a: Quaquaval|Bulk Up|p1a: Quaquaval
|-boost|p1a: Quaquaval|atk|1
|-boost|p1a: Quaquaval|def|1
|move|p2a: Samurott|Knock Off|p1a: Quaquaval
|-resisted|p1a: Quaquaval
|-damage|p1a: Quaquaval|81/100
|-enditem|p1a: Quaquaval|Heavy-Duty Boots|[from] move: Knock Off|[of] p2a: Samurott
|
|upkeep
|turn|5
|
|t:|1779863777
|switch|p2a: Landorus|Landorus-Therian, M|100/100
|-ability|p2a: Landorus|Intimidate|boost
|-unboost|p1a: Quaquaval|atk|1
|move|p1a: Quaquaval|Rapid Spin|p2a: Landorus
|-damage|p2a: Landorus|88/100
|-boost|p1a: Quaquaval|spe|1
|-damage|p1a: Quaquaval|65/100|[from] item: Rocky Helmet|[of] p2a: Landorus
|-sideend|p1: Fortune 0|Spikes|[from] move: Rapid Spin|[of] p1a: Quaquaval
|
|upkeep
|turn|6
|
|t:|1779863790
|switch|p2a: Zamazenta|Zamazenta|100/100
|-ability|p2a: Zamazenta|Dauntless Shield|boost
|-boost|p2a: Zamazenta|def|1
|move|p1a: Quaquaval|Aqua Step|p2a: Zamazenta
|-damage|p2a: Zamazenta|83/100
|-boost|p1a: Quaquaval|spe|1
|
|-heal|p2a: Zamazenta|90/100|[from] item: Leftovers
|upkeep
|turn|7
|
|t:|1779863797
|move|p1a: Quaquaval|Bulk Up|p1a: Quaquaval
|-boost|p1a: Quaquaval|atk|1
|-boost|p1a: Quaquaval|def|1
|move|p2a: Zamazenta|Iron Defense|p2a: Zamazenta
|-boost|p2a: Zamazenta|def|2
|
|-heal|p2a: Zamazenta|96/100|[from] item: Leftovers
|upkeep
|turn|8
|
|t:|1779863802
|move|p1a: Quaquaval|Bulk Up|p1a: Quaquaval
|-boost|p1a: Quaquaval|atk|1
|-boost|p1a: Quaquaval|def|1
|move|p2a: Zamazenta|Iron Defense|p2a: Zamazenta
|-boost|p2a: Zamazenta|def|2
|
|-heal|p2a: Zamazenta|100/100|[from] item: Leftovers
|upkeep
|turn|9
|
|t:|1779863807
|move|p1a: Quaquaval|Bulk Up|p1a: Quaquaval
|-boost|p1a: Quaquaval|atk|1
|-boost|p1a: Quaquaval|def|1
|move|p2a: Zamazenta|Roar|p1a: Quaquaval
|drag|p1a: Mika|Mimikyu, M, shiny|100/100
|
|upkeep
|turn|10
|c|☆Fortune 0|Oh your playing that gimick
|c|☆Fortune 0|Yeah never mind
|c|☆Fortune 0|I thought this was gonna be fun
|inactive|Fortune 0 has 120 seconds left.
|-message|Fortune 0 forfeited.
|
|win|Staller1067
|raw|Fortune 0's rating: 1077 &rarr; <strong>1055</strong><br />(-22 for losing)
|raw|Staller1067's rating: 1077 &rarr; <strong>1105</strong><br />(+28 for winning)
|l|☆Staller1067
|player|p2|
|l|☆Fortune 0
|player|p1|
|j|☆Fortune 0
|player|p1|Fortune 0|unknown|
|l|☆Fortune 0
|player|p1|
