|j|☆SparkyBoomBoomBoiY
|j|☆Hades97216
|t:|1779849105
|gametype|singles
|player|p1|SparkyBoomBoomBoiY|marlon|1106
|player|p2|Hades97216|101|1102
|gen|9
|tier|[Gen 9] OU
|rated|
|rule|HP Percentage Mod: HP is shown in percentages
|rule|Endless Battle Clause: Forcing endless battles is banned
|rule|Species Clause: Limit one of each Pokémon
|rule|OHKO Clause: OHKO moves are banned
|rule|Evasion Items Clause: Evasion items are banned
|rule|Evasion Moves Clause: Evasion moves are banned
|rule|Evasion Abilities Clause: Evasion abilities are banned
|rule|Sleep Moves Clause: Sleep-inducing moves are banned
|clearpoke
|poke|p1|Araquanid, M|
|poke|p1|Ursaluna, F|
|poke|p1|Persian-Alola, F|
|poke|p1|Gholdengo|
|poke|p1|Clefable, M|
|poke|p1|Latias, F|
|poke|p2|Iron Moth|
|poke|p2|Ceruledge, F|
|poke|p2|Iron Valiant|
|poke|p2|Iron Hands|
|poke|p2|Zapdos|
|poke|p2|Iron Boulder|
|teampreview
|
|t:|1779849124
|teamsize|p1|6
|teamsize|p2|6
|start
|switch|p1a: BugsAlot|Araquanid, M|100/100
|switch|p2a: Zapdos|Zapdos|100/100
|turn|1
|
|t:|1779849132
|move|p2a: Zapdos|Electric Terrain|p2a: Zapdos
|-fieldstart|move: Electric Terrain
|move|p1a: BugsAlot|Sticky Web|p2a: Zapdos
|-sidestart|p2: Hades97216|move: Sticky Web
|
|upkeep
|turn|2
|
|t:|1779849144
|switch|p1a: Big-Mama|Ursaluna, F, shiny|100/100
|move|p2a: Zapdos|Thunderbolt|p1a: Big-Mama
|-immune|p1a: Big-Mama
|
|upkeep
|turn|3
|
|t:|1779849156
|move|p2a: Zapdos|Hurricane|p1a: Big-Mama
|-damage|p1a: Big-Mama|60/100
|move|p1a: Big-Mama|Roar|p2a: Zapdos
|drag|p2a: Iron Hands|Iron Hands|100/100
|-activate|p2a: Iron Hands|move: Sticky Web
|-unboost|p2a: Iron Hands|spe|1
|-activate|p2a: Iron Hands|ability: Quark Drive
|-start|p2a: Iron Hands|quarkdriveatk
|
|-heal|p1a: Big-Mama|67/100|[from] item: Leftovers
|upkeep
|turn|4
|
|t:|1779849179
|-terastallize|p1a: Big-Mama|Ghost
|move|p2a: Iron Hands|Fake Out|p1a: Big-Mama
|-immune|p1a: Big-Mama
|move|p1a: Big-Mama|Body Slam|p2a: Iron Hands
|-damage|p2a: Iron Hands|72/100
|
|-heal|p1a: Big-Mama|73/100|[from] item: Leftovers
|upkeep
|turn|5
|
|t:|1779849200
|move|p1a: Big-Mama|Body Slam|p2a: Iron Hands
|-damage|p2a: Iron Hands|45/100
|move|p2a: Iron Hands|Thunder Punch|p1a: Big-Mama
|-damage|p1a: Big-Mama|19/100
|
|-heal|p1a: Big-Mama|25/100|[from] item: Leftovers
|upkeep
|turn|6
|
|t:|1779849210
|move|p1a: Big-Mama|Earthquake|p2a: Iron Hands
|-supereffective|p2a: Iron Hands
|-damage|p2a: Iron Hands|0 fnt
|faint|p2a: Iron Hands
|-end|p2a: Iron Hands|Quark Drive|[silent]
|
|-heal|p1a: Big-Mama|32/100|[from] item: Leftovers
|upkeep
|
|t:|1779849216
|switch|p2a: Ceruledge|Ceruledge, F|100/100
|-activate|p2a: Ceruledge|move: Sticky Web
|-unboost|p2a: Ceruledge|spe|1
|turn|7
|
|t:|1779849227
|move|p2a: Ceruledge|Shadow Sneak|p1a: Big-Mama
|-supereffective|p1a: Big-Mama
|-damage|p1a: Big-Mama|1/100
|move|p1a: Big-Mama|Earthquake|p2a: Ceruledge
|-supereffective|p2a: Ceruledge
|-enditem|p2a: Ceruledge|Focus Sash
|-damage|p2a: Ceruledge|1/100
|-ability|p2a: Ceruledge|Weak Armor|boost
|-unboost|p2a: Ceruledge|def|1
|-boost|p2a: Ceruledge|spe|2
|
|-heal|p1a: Big-Mama|7/100|[from] item: Leftovers
|upkeep
|turn|8
|
|t:|1779849245
|move|p2a: Ceruledge|Bitter Blade|p1a: Big-Mama
|-damage|p1a: Big-Mama|0 fnt
|-heal|p2a: Ceruledge|6/100|[from] drain|[of] p1a: Big-Mama
|faint|p1a: Big-Mama
|
|-fieldend|move: Electric Terrain
|upkeep
|
|t:|1779849263
|switch|p1a: Melon-Head|Persian-Alola, F, shiny|100/100
|turn|9
|
|t:|1779849279
|-terastallize|p2a: Ceruledge|Normal
|move|p2a: Ceruledge|Bitter Blade|p1a: Melon-Head
|-damage|p1a: Melon-Head|62/100
|-heal|p2a: Ceruledge|24/100|[from] drain|[of] p1a: Melon-Head
|-damage|p2a: Ceruledge|7/100|[from] item: Rocky Helmet|[of] p1a: Melon-Head
|move|p1a: Melon-Head|Taunt|p2a: Ceruledge
|-start|p2a: Ceruledge|move: Taunt
|
|upkeep
|turn|10
|
|t:|1779849293
|move|p1a: Melon-Head|Fake Out||[still]
|-hint|Fake Out only works on your first turn out.
|-fail|p1a: Melon-Head
|move|p2a: Ceruledge|Bitter Blade|p1a: Melon-Head
|-damage|p1a: Melon-Head|22/100
|-heal|p2a: Ceruledge|27/100|[from] drain|[of] p1a: Melon-Head
|-damage|p2a: Ceruledge|10/100|[from] item: Rocky Helmet|[of] p1a: Melon-Head
|
|upkeep
|turn|11
|
|t:|1779849302
|move|p2a: Ceruledge|Bitter Blade|p1a: Melon-Head
|-damage|p1a: Melon-Head|0 fnt
|-heal|p2a: Ceruledge|20/100|[from] drain|[of] p1a: Melon-Head
|-damage|p2a: Ceruledge|4/100|[from] item: Rocky Helmet|[of] p1a: Melon-Head
|faint|p1a: Melon-Head
|
|upkeep
|
|t:|1779849324
|switch|p1a: Latinas!|Latias, F|100/100
|turn|12
|
|t:|1779849332
|move|p2a: Ceruledge|Shadow Sneak|p1a: Latinas!
|-supereffective|p1a: Latinas!
|-damage|p1a: Latinas!|46/100
|move|p1a: Latinas!|Mist Ball|p2a: Ceruledge
|-damage|p2a: Ceruledge|0 fnt
|faint|p2a: Ceruledge
|
|upkeep
|
|t:|1779849342
|switch|p2a: Zapdos|Zapdos|100/100
|turn|13
|
|t:|1779849348
|move|p1a: Latinas!|Draco Meteor|p2a: Zapdos
|-damage|p2a: Zapdos|41/100
|-unboost|p1a: Latinas!|spa|2
|move|p2a: Zapdos|Electric Terrain|p2a: Zapdos
|-fieldstart|move: Electric Terrain
|
|upkeep
|turn|14
|
|t:|1779849358
|move|p1a: Latinas!|Tailwind|p1a: Latinas!
|-sidestart|p1: SparkyBoomBoomBoiY|move: Tailwind
|move|p2a: Zapdos|Roost|p2a: Zapdos
|-heal|p2a: Zapdos|91/100
|-singleturn|p2a: Zapdos|move: Roost
|
|upkeep
|turn|15
|
|t:|1779849366
|switch|p1a: One-Trick|Gholdengo|100/100
|move|p2a: Zapdos|Hurricane|p1a: One-Trick
|-resisted|p1a: One-Trick
|-damage|p1a: One-Trick|73/100
|
|upkeep
|turn|16
|
|t:|1779849382
|move|p1a: One-Trick|Trick|p2a: Zapdos
|-activate|p1a: One-Trick|move: Trick|[of] p2a: Zapdos
|-item|p2a: Zapdos|Toxic Orb|[from] move: Trick
|-item|p1a: One-Trick|Terrain Extender|[from] move: Trick
|move|p2a: Zapdos|Roost|p2a: Zapdos
|-heal|p2a: Zapdos|100/100
|-singleturn|p2a: Zapdos|move: Roost
|
|-status|p2a: Zapdos|tox|[from] item: Toxic Orb
|upkeep
|turn|17
|
|t:|1779849395
|move|p1a: One-Trick|Protect|p1a: One-Trick
|-singleturn|p1a: One-Trick|Protect
|move|p2a: Zapdos|Thunderbolt|p1a: One-Trick
|-activate|p1a: One-Trick|move: Protect
|
|-damage|p2a: Zapdos|94/100 tox|[from] psn
|-sideend|p1: SparkyBoomBoomBoiY|move: Tailwind
|upkeep
|turn|18
|
|t:|1779849411
|move|p1a: One-Trick|Shadow Ball|p2a: Zapdos
|-damage|p2a: Zapdos|58/100 tox
|-unboost|p2a: Zapdos|spd|1
|move|p2a: Zapdos|Thunderbolt|p1a: One-Trick
|-damage|p1a: One-Trick|23/100
|
|-damage|p2a: Zapdos|46/100 tox|[from] psn
|upkeep
|turn|19
|
|t:|1779849445
|switch|p2a: Iron Valiant|Iron Valiant|100/100
|-activate|p2a: Iron Valiant|move: Sticky Web
|-unboost|p2a: Iron Valiant|spe|1
|-activate|p2a: Iron Valiant|ability: Quark Drive
|-start|p2a: Iron Valiant|quarkdrivespa
|move|p1a: One-Trick|Shadow Ball|p2a: Iron Valiant
|-damage|p2a: Iron Valiant|52/100
|
|upkeep
|turn|20
|
|t:|1779849457
|move|p1a: One-Trick|Make It Rain|p2a: Iron Valiant
|-supereffective|p2a: Iron Valiant
|-damage|p2a: Iron Valiant|0 fnt
|-unboost|p1a: One-Trick|spa|1
|faint|p2a: Iron Valiant
|-end|p2a: Iron Valiant|Quark Drive|[silent]
|
|-fieldend|move: Electric Terrain
|upkeep
|
|t:|1779849467
|switch|p2a: Zapdos|Zapdos|46/100 tox
|turn|21
|
|t:|1779849478
|switch|p1a: Your-Fav|Clefable, M|100/100
|move|p2a: Zapdos|Electric Terrain|p2a: Zapdos
|-fieldstart|move: Electric Terrain
|
|-damage|p2a: Zapdos|40/100 tox|[from] psn
|upkeep
|turn|22
|
|t:|1779849515
|move|p2a: Zapdos|Thunderbolt|p1a: Your-Fav
|-damage|p1a: Your-Fav|65/100
|move|p1a: Your-Fav|Cosmic Power|p1a: Your-Fav
|-boost|p1a: Your-Fav|def|1
|-boost|p1a: Your-Fav|spd|1
|
|-heal|p1a: Your-Fav|71/100|[from] item: Leftovers
|-damage|p2a: Zapdos|27/100 tox|[from] psn
|upkeep
|turn|23
|
|t:|1779849526
|move|p2a: Zapdos|Hurricane|p1a: Your-Fav
|-damage|p1a: Your-Fav|40/100
|move|p1a: Your-Fav|Cosmic Power|p1a: Your-Fav
|-boost|p1a: Your-Fav|def|1
|-boost|p1a: Your-Fav|spd|1
|
|-heal|p1a: Your-Fav|46/100|[from] item: Leftovers
|-damage|p2a: Zapdos|9/100 tox|[from] psn
|upkeep
|turn|24
|
|t:|1779849552
|move|p2a: Zapdos|Roost|p2a: Zapdos
|-heal|p2a: Zapdos|59/100 tox
|-singleturn|p2a: Zapdos|move: Roost
|move|p1a: Your-Fav|Moonlight|p1a: Your-Fav
|-heal|p1a: Your-Fav|96/100
|
|-heal|p1a: Your-Fav|100/100|[from] item: Leftovers
|-damage|p2a: Zapdos|34/100 tox|[from] psn
|upkeep
|turn|25
|
|t:|1779849577
|switch|p2a: Iron Moth|Iron Moth|100/100
|-item|p2a: Iron Moth|Air Balloon
|-activate|p2a: Iron Moth|ability: Quark Drive
|-start|p2a: Iron Moth|quarkdrivespa
|move|p1a: Your-Fav|Cosmic Power|p1a: Your-Fav
|-boost|p1a: Your-Fav|def|1
|-boost|p1a: Your-Fav|spd|1
|
|-fieldend|move: Electric Terrain
|-end|p2a: Iron Moth|Quark Drive
|upkeep
|turn|26
|
|t:|1779849593
|move|p2a: Iron Moth|Sludge Wave|p1a: Your-Fav
|-supereffective|p1a: Your-Fav
|-damage|p1a: Your-Fav|63/100
|move|p1a: Your-Fav|Cosmic Power|p1a: Your-Fav
|-boost|p1a: Your-Fav|def|1
|-boost|p1a: Your-Fav|spd|1
|
|-heal|p1a: Your-Fav|69/100|[from] item: Leftovers
|upkeep
|turn|27
|-message|Hades97216 forfeited.
|
|win|SparkyBoomBoomBoiY
|raw|SparkyBoomBoomBoiY's rating: 1106 &rarr; <strong>1131</strong><br />(+25 for winning)
|raw|Hades97216's rating: 1102 &rarr; <strong>1077</strong><br />(-25 for losing)
|l|☆Hades97216
|player|p2|
|l|☆SparkyBoomBoomBoiY
|player|p1|
|j|☆SparkyBoomBoomBoiY
|player|p1|SparkyBoomBoomBoiY|marlon|
