|j|☆Rk Earth 9000
|j|☆showdowngodz
|t:|1779804078
|gametype|singles
|player|p1|Rk Earth 9000|volkner|1178
|player|p2|showdowngodz|n-masters|1131
|gen|9
|tier|[Gen 9] OU
|rated|
|rule|HP Percentage Mod: HP is shown in percentages
|rule|Endless Battle Clause: Forcing endless battles is banned
|rule|Species Clause: Limit one of each Pokémon
|rule|OHKO Clause: OHKO moves are banned
|rule|Evasion Items Clause: Evasion items are banned
|rule|Evasion Moves Clause: Evasion moves are banned
|rule|Evasion Abilities Clause: Evasion abilities are banned
|rule|Sleep Moves Clause: Sleep-inducing moves are banned
|clearpoke
|poke|p1|Moltres|
|poke|p1|Araquanid, M|
|poke|p1|Slowbro, F|
|poke|p1|Jirachi|
|poke|p1|Kleavor, F|
|poke|p1|Tentacruel, M|
|poke|p2|Hatterene, F|
|poke|p2|Great Tusk|
|poke|p2|Tornadus-Therian, M|
|poke|p2|Kyurem|
|poke|p2|Slowking-Galar, F|
|poke|p2|Kingambit, M|
|teampreview
|c|☆showdowngodz|glhf
|inactive|Battle timer is ON: inactive players will automatically lose when time's up. (requested by showdowngodz)
|
|t:|1779804102
|teamsize|p1|6
|teamsize|p2|6
|start
|switch|p1a: Tentacruel|Tentacruel, M, shiny|100/100
|switch|p2a: Tornadus|Tornadus-Therian, M|100/100
|turn|1
|
|t:|1779804118
|move|p2a: Tornadus|Knock Off|p1a: Tentacruel
|-damage|p1a: Tentacruel|78/100
|-damage|p2a: Tornadus|84/100|[from] item: Rocky Helmet|[of] p1a: Tentacruel
|-enditem|p1a: Tentacruel|Rocky Helmet|[from] move: Knock Off|[of] p2a: Tornadus
|move|p1a: Tentacruel|Toxic|p2a: Tornadus
|-status|p2a: Tornadus|tox
|
|-damage|p2a: Tornadus|78/100 tox|[from] psn
|upkeep
|turn|2
|
|t:|1779804131
|move|p2a: Tornadus|U-turn|p1a: Tentacruel
|-resisted|p1a: Tentacruel
|-damage|p1a: Tentacruel|71/100
|
|t:|1779804135
|switch|p2a: Slowking|Slowking-Galar, F|100/100|[from] U-turn
|move|p1a: Tentacruel|Toxic Spikes|p2a: Slowking
|-sidestart|p2: showdowngodz|move: Toxic Spikes
|
|upkeep
|turn|3
|
|t:|1779804151
|move|p1a: Tentacruel|Toxic Spikes|p2a: Slowking
|-sidestart|p2: showdowngodz|move: Toxic Spikes
|move|p2a: Slowking|Future Sight|p1a: Tentacruel
|-start|p2a: Slowking|move: Future Sight
|
|upkeep
|turn|4
|
|t:|1779804161
|switch|p1a: Jirachi|Jirachi|100/100
|-prepare|p2a: Slowking|Chilly Reception|[premajor]
|move|p2a: Slowking|Chilly Reception|p2a: Slowking
|-weather|Snowscape
|
|t:|1779804167
|switch|p2a: Tornadus|Tornadus-Therian, M|100/100 tox|[from] Chilly Reception
|
|-weather|Snowscape|[upkeep]
|-damage|p2a: Tornadus|94/100 tox|[from] psn
|upkeep
|turn|5
|
|t:|1779804174
|move|p2a: Tornadus|Knock Off|p1a: Jirachi
|-supereffective|p1a: Jirachi
|-damage|p1a: Jirachi|63/100
|-enditem|p1a: Jirachi|Weakness Policy
|-boost|p1a: Jirachi|atk|2|[from] item: Weakness Policy
|-boost|p1a: Jirachi|spa|2|[from] item: Weakness Policy
|move|p1a: Jirachi|Thunder Punch|p2a: Tornadus
|-supereffective|p2a: Tornadus
|-damage|p2a: Tornadus|0 fnt
|faint|p2a: Tornadus
|
|-weather|Snowscape|[upkeep]
|-end|p1a: Jirachi|move: Future Sight
|-resisted|p1a: Jirachi
|-damage|p1a: Jirachi|53/100
|upkeep
|
|t:|1779804189
|switch|p2a: Slowking|Slowking-Galar, F|100/100
|-sideend|p2: showdowngodz|move: Toxic Spikes|[of] p2a: Slowking
|turn|6
|
|t:|1779804197
|move|p1a: Jirachi|Iron Head|p2a: Slowking
|-damage|p2a: Slowking|24/100
|-prepare|p2a: Slowking|Chilly Reception|[premajor]
|cant|p2a: Slowking|flinch
|
|-weather|Snowscape|[upkeep]
|-heal|p2a: Slowking|30/100|[from] item: Black Sludge
|upkeep
|turn|7
|inactive|showdowngodz has 120 seconds left.
|
|t:|1779804228
|switch|p2a: Great Tusk|Great Tusk|100/100
|move|p1a: Jirachi|Zen Headbutt|p2a: Great Tusk
|-supereffective|p2a: Great Tusk
|-damage|p2a: Great Tusk|0 fnt
|-damage|p1a: Jirachi|37/100|[from] item: Rocky Helmet|[of] p2a: Great Tusk
|faint|p2a: Great Tusk
|-end|p2a: Great Tusk|Protosynthesis|[silent]
|
|-weather|Snowscape|[upkeep]
|upkeep
|inactive|showdowngodz has 120 seconds left.
|
|t:|1779804235
|switch|p2a: Kingambit|Kingambit, M|100/100
|-activate|p2a: Kingambit|ability: Supreme Overlord
|-start|p2a: Kingambit|fallen2|[silent]
|turn|8
|
|t:|1779804243
|-terastallize|p1a: Jirachi|Steel
|move|p2a: Kingambit|Sucker Punch|p1a: Jirachi
|-damage|p1a: Jirachi|0 fnt
|faint|p1a: Jirachi
|
|-weather|none
|upkeep
|
|t:|1779804251
|switch|p1a: Moltres|Moltres, shiny|100/100
|turn|9
|inactive|showdowngodz has 120 seconds left.
|
|t:|1779804292
|-terastallize|p2a: Kingambit|Ghost
|move|p1a: Moltres|Flamethrower|p2a: Kingambit
|-damage|p2a: Kingambit|43/100
|move|p2a: Kingambit|Swords Dance|p2a: Kingambit
|-boost|p2a: Kingambit|atk|2
|
|-heal|p2a: Kingambit|49/100|[from] item: Leftovers
|upkeep
|turn|10
|
|t:|1779804302
|move|p2a: Kingambit|Sucker Punch|p1a: Moltres
|-damage|p1a: Moltres|15/100
|move|p1a: Moltres|Flamethrower|p2a: Kingambit
|-damage|p2a: Kingambit|0 fnt
|faint|p2a: Kingambit
|-end|p2a: Kingambit|fallen2|[silent]
|
|upkeep
|
|t:|1779804309
|switch|p2a: Slowking|Slowking-Galar, F|64/100
|turn|11
|
|t:|1779804316
|move|p1a: Moltres|Flamethrower|p2a: Slowking
|-damage|p2a: Slowking|31/100
|move|p2a: Slowking|Sludge Bomb|p1a: Moltres
|-damage|p1a: Moltres|0 fnt
|faint|p1a: Moltres
|
|-heal|p2a: Slowking|37/100|[from] item: Black Sludge
|upkeep
|
|t:|1779804325
|switch|p1a: Kleavor|Kleavor, F|100/100
|turn|12
|
|t:|1779804335
|move|p1a: Kleavor|Stone Axe|p2a: Slowking
|-damage|p2a: Slowking|0 fnt
|-sidestart|p2: showdowngodz|move: Stealth Rock
|faint|p2a: Slowking
|
|upkeep
|
|t:|1779804339
|switch|p2a: Kyurem|Kyurem|100/100
|-damage|p2a: Kyurem|76/100|[from] Stealth Rock
|-ability|p2a: Kyurem|Pressure
|turn|13
|inactive|showdowngodz has 120 seconds left.
|
|t:|1779804370
|move|p1a: Kleavor|Stone Axe|p2a: Kyurem|[miss]
|-miss|p1a: Kleavor|p2a: Kyurem
|move|p2a: Kyurem|Dragon Dance|p2a: Kyurem
|-boost|p2a: Kyurem|atk|1
|-boost|p2a: Kyurem|spe|1
|
|upkeep
|turn|14
|
|t:|1779804386
|move|p2a: Kyurem|Icicle Spear|p1a: Kleavor
|-damage|p1a: Kleavor|79/100
|-damage|p1a: Kleavor|59/100
|-damage|p1a: Kleavor|37/100
|-damage|p1a: Kleavor|14/100
|-damage|p1a: Kleavor|0 fnt
|faint|p1a: Kleavor
|-hitcount|p1: Kleavor|5
|
|upkeep
|
|t:|1779804397
|switch|p1a: Slowbro|Slowbro, F, shiny|100/100
|turn|15
|
|t:|1779804401
|move|p2a: Kyurem|Freeze-Dry|p1a: Slowbro
|-supereffective|p1a: Slowbro
|-damage|p1a: Slowbro|36/100
|move|p1a: Slowbro|Focus Blast|p2a: Kyurem|[miss]
|-miss|p1a: Slowbro|p2a: Kyurem
|
|upkeep
|turn|16
|
|t:|1779804408
|move|p2a: Kyurem|Freeze-Dry|p1a: Slowbro
|-supereffective|p1a: Slowbro
|-damage|p1a: Slowbro|0 fnt
|faint|p1a: Slowbro
|
|upkeep
|
|t:|1779804415
|switch|p1a: Tentacruel|Tentacruel, M, shiny|71/100
|turn|17
|
|t:|1779804431
|move|p2a: Kyurem|Freeze-Dry|p1a: Tentacruel
|-supereffective|p1a: Tentacruel
|-damage|p1a: Tentacruel|17/100
|move|p1a: Tentacruel|Toxic|p2a: Kyurem
|-status|p2a: Kyurem|tox
|
|-damage|p2a: Kyurem|70/100 tox|[from] psn
|upkeep
|turn|18
|
|t:|1779804442
|move|p2a: Kyurem|Freeze-Dry|p1a: Tentacruel
|-supereffective|p1a: Tentacruel
|-damage|p1a: Tentacruel|0 fnt
|faint|p1a: Tentacruel
|
|-damage|p2a: Kyurem|57/100 tox|[from] psn
|upkeep
|
|t:|1779804449
|switch|p1a: Araquanid|Araquanid, M, shiny|100/100
|turn|19
|
|t:|1779804472
|move|p2a: Kyurem|Freeze-Dry|p1a: Araquanid
|-supereffective|p1a: Araquanid
|-damage|p1a: Araquanid|39/100
|move|p1a: Araquanid|Leech Life|p2a: Kyurem
|-damage|p2a: Kyurem|12/100 tox
|-heal|p1a: Araquanid|71/100|[from] drain|[of] p2a: Kyurem
|
|-damage|p2a: Kyurem|0 fnt|[from] psn
|faint|p2a: Kyurem
|upkeep
|
|t:|1779804480
|switch|p2a: Hatterene|Hatterene, F|100/100
|-damage|p2a: Hatterene|88/100|[from] Stealth Rock
|turn|20
|
|t:|1779804487
|move|p1a: Araquanid|Leech Life|p2a: Hatterene
|-damage|p2a: Hatterene|52/100
|-heal|p1a: Araquanid|92/100|[from] drain|[of] p2a: Hatterene
|move|p2a: Hatterene|Psychic Noise|p1a: Araquanid
|-damage|p1a: Araquanid|61/100
|-start|p1a: Araquanid|move: Heal Block
|
|-heal|p2a: Hatterene|58/100|[from] item: Leftovers
|upkeep
|turn|21
|
|t:|1779804500
|-activate|p1a: Araquanid|move: Struggle
|move|p1a: Araquanid|Struggle|p2a: Hatterene
|-damage|p2a: Hatterene|43/100
|-damage|p1a: Araquanid|36/100|[from] recoil
|move|p2a: Hatterene|Nuzzle|p1a: Araquanid
|-supereffective|p1a: Araquanid
|-damage|p1a: Araquanid|26/100
|-status|p1a: Araquanid|par
|
|-heal|p2a: Hatterene|49/100|[from] item: Leftovers
|-end|p1a: Araquanid|move: Heal Block
|upkeep
|turn|22
|
|t:|1779804512
|move|p2a: Hatterene|Psychic Noise|p1a: Araquanid
|-damage|p1a: Araquanid|0 fnt
|faint|p1a: Araquanid
|
|win|showdowngodz
|raw|Rk Earth 9000's rating: 1178 &rarr; <strong>1150</strong><br />(-28 for losing)
|raw|showdowngodz's rating: 1131 &rarr; <strong>1159</strong><br />(+28 for winning)
|c|☆showdowngodz|ggs
|c|☆Rk Earth 9000|Gg
|l|☆Rk Earth 9000
|player|p1|
|c|☆showdowngodz|I got kinda lucky with the missing
|l|☆showdowngodz
|player|p2|
