|j|☆zahonidas
|j|☆tummy girl
|t:|1779860890
|gametype|singles
|player|p1|zahonidas|bruno|1325
|player|p2|tummy girl|pokemonrangerf|1316
|gen|9
|tier|[Gen 9] OU
|rated|
|rule|HP Percentage Mod: HP is shown in percentages
|rule|Endless Battle Clause: Forcing endless battles is banned
|rule|Species Clause: Limit one of each Pokémon
|rule|OHKO Clause: OHKO moves are banned
|rule|Evasion Items Clause: Evasion items are banned
|rule|Evasion Moves Clause: Evasion moves are banned
|rule|Evasion Abilities Clause: Evasion abilities are banned
|rule|Sleep Moves Clause: Sleep-inducing moves are banned
|clearpoke
|poke|p1|Iron Moth|
|poke|p1|Scream Tail|
|poke|p1|Kingambit, M|
|poke|p1|Kleavor, F|
|poke|p1|Toxapex, M|
|poke|p1|Dragapult, M|
|poke|p2|Garganacl, M|
|poke|p2|Darkrai|
|poke|p2|Great Tusk|
|poke|p2|Hatterene, F|
|poke|p2|Tornadus-Therian, M|
|poke|p2|Dragonite, M|
|teampreview
|inactive|Battle timer is ON: inactive players will automatically lose when time's up. (requested by zahonidas)
|
|t:|1779860908
|teamsize|p1|6
|teamsize|p2|6
|start
|switch|p1a: Kleavor|Kleavor, F|100/100
|switch|p2a: Garganacl|Garganacl, M|100/100
|turn|1
|
|t:|1779860922
|move|p1a: Kleavor|Stone Axe|p2a: Garganacl
|-damage|p2a: Garganacl|62/100
|-sidestart|p2: tummy girl|move: Stealth Rock
|move|p2a: Garganacl|Salt Cure|p1a: Kleavor
|-supereffective|p1a: Kleavor
|-damage|p1a: Kleavor|68/100
|-start|p1a: Kleavor|Salt Cure
|
|-heal|p2a: Garganacl|68/100|[from] item: Leftovers
|-damage|p1a: Kleavor|55/100|[from] Salt Cure
|upkeep
|turn|2
|
|t:|1779860948
|switch|p1a: Dragapult|Dragapult, M|100/100
|move|p2a: Garganacl|Recover|p2a: Garganacl
|-heal|p2a: Garganacl|100/100
|
|upkeep
|turn|3
|
|t:|1779860955
|move|p1a: Dragapult|Dragon Darts|p2a: Garganacl
|-damage|p2a: Garganacl|75/100
|-anim|p1a: Dragapult|Dragon Darts|p2a: Garganacl
|-damage|p2a: Garganacl|49/100
|move|p2a: Garganacl|Salt Cure|p1a: Dragapult
|-damage|p1a: Dragapult|82/100
|-start|p1a: Dragapult|Salt Cure
|
|-heal|p2a: Garganacl|55/100|[from] item: Leftovers
|-damage|p1a: Dragapult|69/100|[from] Salt Cure
|upkeep
|turn|4
|
|t:|1779860982
|switch|p1a: Iron Moth|Iron Moth, shiny|100/100
|-enditem|p1a: Iron Moth|Booster Energy
|-activate|p1a: Iron Moth|ability: Quark Drive|[fromitem]
|-start|p1a: Iron Moth|quarkdrivespe
|move|p2a: Garganacl|Recover|p2a: Garganacl
|-heal|p2a: Garganacl|100/100
|
|upkeep
|turn|5
|inactive|zahonidas has 120 seconds left.
|
|t:|1779861015
|-terastallize|p1a: Iron Moth|Grass
|move|p1a: Iron Moth|Fiery Dance|p2a: Garganacl
|-resisted|p2a: Garganacl
|-damage|p2a: Garganacl|88/100
|-boost|p1a: Iron Moth|spa|1
|move|p2a: Garganacl|Salt Cure|p1a: Iron Moth
|-damage|p1a: Iron Moth|75/100
|-start|p1a: Iron Moth|Salt Cure
|
|-heal|p2a: Garganacl|94/100|[from] item: Leftovers
|-damage|p1a: Iron Moth|63/100|[from] Salt Cure
|upkeep
|turn|6
|
|t:|1779861032
|switch|p2a: Tornadus|Tornadus-Therian, M|100/100
|-damage|p2a: Tornadus|76/100|[from] Stealth Rock
|move|p1a: Iron Moth|Energy Ball|p2a: Tornadus
|-resisted|p2a: Tornadus
|-damage|p2a: Tornadus|53/100
|
|-damage|p1a: Iron Moth|51/100|[from] Salt Cure
|upkeep
|turn|7
|
|t:|1779861038
|move|p1a: Iron Moth|Fiery Dance|p2a: Tornadus
|-damage|p2a: Tornadus|11/100
|-boost|p1a: Iron Moth|spa|1
|move|p2a: Tornadus|Bleakwind Storm|p1a: Iron Moth|[miss]
|-miss|p2a: Tornadus|p1a: Iron Moth
|
|-damage|p1a: Iron Moth|39/100|[from] Salt Cure
|upkeep
|turn|8
|
|t:|1779861053
|switch|p2a: Dragonite|Dragonite, M|100/100
|-damage|p2a: Dragonite|76/100|[from] Stealth Rock
|move|p1a: Iron Moth|Fiery Dance|p2a: Dragonite
|-resisted|p2a: Dragonite
|-damage|p2a: Dragonite|40/100
|
|-damage|p1a: Iron Moth|26/100|[from] Salt Cure
|upkeep
|turn|9
|
|t:|1779861066
|-end|p1a: Iron Moth|Quark Drive|[silent]
|switch|p1a: Toxapex|Toxapex, M|100/100
|move|p2a: Dragonite|Extreme Speed|p1a: Toxapex
|-damage|p1a: Toxapex|75/100
|-damage|p2a: Dragonite|23/100|[from] item: Rocky Helmet|[of] p1a: Toxapex
|
|upkeep
|turn|10
|
|t:|1779861073
|move|p2a: Dragonite|Roost|p2a: Dragonite
|-heal|p2a: Dragonite|73/100
|-singleturn|p2a: Dragonite|move: Roost
|move|p1a: Toxapex|Toxic Spikes|p2a: Dragonite
|-sidestart|p2: tummy girl|move: Toxic Spikes
|
|upkeep
|turn|11
|
|t:|1779861085
|switch|p1a: Iron Moth|Iron Moth, shiny, tera:Grass|26/100
|move|p2a: Dragonite|Dragon Dance|p2a: Dragonite
|-boost|p2a: Dragonite|atk|1
|-boost|p2a: Dragonite|spe|1
|
|upkeep
|turn|12
|
|t:|1779861100
|-end|p1a: Iron Moth|Quark Drive|[silent]
|switch|p1a: Toxapex|Toxapex, M|100/100
|move|p2a: Dragonite|Extreme Speed|p1a: Toxapex
|-damage|p1a: Toxapex|65/100
|-damage|p2a: Dragonite|56/100|[from] item: Rocky Helmet|[of] p1a: Toxapex
|
|upkeep
|turn|13
|
|t:|1779861105
|move|p2a: Dragonite|Dragon Dance|p2a: Dragonite
|-boost|p2a: Dragonite|atk|1
|-boost|p2a: Dragonite|spe|1
|move|p1a: Toxapex|Haze|p1a: Toxapex
|-clearallboost
|
|upkeep
|turn|14
|
|t:|1779861109
|move|p2a: Dragonite|Earthquake|p1a: Toxapex
|-supereffective|p1a: Toxapex
|-damage|p1a: Toxapex|10/100
|move|p1a: Toxapex|Toxic Spikes|p2a: Dragonite
|-sidestart|p2: tummy girl|move: Toxic Spikes
|
|upkeep
|turn|15
|
|t:|1779861117
|switch|p1a: Iron Moth|Iron Moth, shiny, tera:Grass|26/100
|move|p2a: Dragonite|Dragon Dance|p2a: Dragonite
|-boost|p2a: Dragonite|atk|1
|-boost|p2a: Dragonite|spe|1
|
|upkeep
|turn|16
|
|t:|1779861123
|move|p2a: Dragonite|Extreme Speed|p1a: Iron Moth
|-damage|p1a: Iron Moth|0 fnt
|faint|p1a: Iron Moth
|-end|p1a: Iron Moth|Quark Drive|[silent]
|
|upkeep
|
|t:|1779861125
|switch|p1a: Toxapex|Toxapex, M|43/100
|turn|17
|
|t:|1779861130
|move|p2a: Dragonite|Earthquake|p1a: Toxapex
|-supereffective|p1a: Toxapex
|-damage|p1a: Toxapex|0 fnt
|faint|p1a: Toxapex
|
|upkeep
|
|t:|1779861132
|switch|p1a: Dragapult|Dragapult, M|69/100
|turn|18
|
|t:|1779861142
|move|p1a: Dragapult|Dragon Darts|p2a: Dragonite
|-supereffective|p2a: Dragonite
|-damage|p2a: Dragonite|0 fnt
|faint|p2a: Dragonite
|
|upkeep
|
|t:|1779861144
|switch|p2a: Garganacl|Garganacl, M|94/100
|-damage|p2a: Garganacl|82/100|[from] Stealth Rock
|turn|19
|
|t:|1779861147
|move|p1a: Dragapult|Dragon Darts|p2a: Garganacl
|-damage|p2a: Garganacl|55/100
|-anim|p1a: Dragapult|Dragon Darts|p2a: Garganacl
|-damage|p2a: Garganacl|28/100
|move|p2a: Garganacl|Stealth Rock|p1a: Dragapult
|-sidestart|p1: zahonidas|move: Stealth Rock
|
|-heal|p2a: Garganacl|34/100|[from] item: Leftovers
|upkeep
|turn|20
|
|t:|1779861151
|move|p2a: Garganacl|Protect|p2a: Garganacl
|-singleturn|p2a: Garganacl|Protect
|move|p1a: Dragapult|Dragon Darts|p2a: Garganacl
|-activate|p2a: Garganacl|move: Protect
|
|-heal|p2a: Garganacl|40/100|[from] item: Leftovers
|upkeep
|turn|21
|
|t:|1779861157
|switch|p2a: Hatterene|Hatterene, F|100/100
|-damage|p2a: Hatterene|88/100|[from] Stealth Rock
|-status|p2a: Hatterene|tox
|move|p1a: Dragapult|Dragon Darts|p2a: Hatterene
|-immune|p2a: Hatterene
|
|-damage|p2a: Hatterene|82/100 tox|[from] psn
|upkeep
|turn|22
|
|t:|1779861170
|switch|p1a: Scream Tail|Scream Tail|100/100
|-damage|p1a: Scream Tail|88/100|[from] Stealth Rock
|-enditem|p1a: Scream Tail|Booster Energy
|-activate|p1a: Scream Tail|ability: Protosynthesis|[fromitem]
|-start|p1a: Scream Tail|protosynthesisspe
|move|p2a: Hatterene|Nuzzle|p1a: Scream Tail
|-damage|p1a: Scream Tail|84/100
|-status|p1a: Scream Tail|par
|
|-damage|p2a: Hatterene|70/100 tox|[from] psn
|upkeep
|turn|23
|
|t:|1779861182
|move|p1a: Scream Tail|Calm Mind|p1a: Scream Tail
|-boost|p1a: Scream Tail|spa|1
|-boost|p1a: Scream Tail|spd|1
|move|p2a: Hatterene|Future Sight|p1a: Scream Tail
|-start|p2a: Hatterene|move: Future Sight
|
|-damage|p2a: Hatterene|52/100 tox|[from] psn
|upkeep
|turn|24
|
|t:|1779861189
|cant|p1a: Scream Tail|par
|move|p2a: Hatterene|Dazzling Gleam|p1a: Scream Tail
|-damage|p1a: Scream Tail|65/100 par
|
|-damage|p2a: Hatterene|28/100 tox|[from] psn
|upkeep
|turn|25
|
|t:|1779861192
|move|p1a: Scream Tail|Calm Mind|p1a: Scream Tail
|-boost|p1a: Scream Tail|spa|1
|-boost|p1a: Scream Tail|spd|1
|move|p2a: Hatterene|Pain Split|p1a: Scream Tail
|-sethp|p1a: Scream Tail|44/100 par|[from] move: Pain Split|[silent]
|-sethp|p2a: Hatterene|52/100 tox|[from] move: Pain Split
|
|-end|p1a: Scream Tail|move: Future Sight
|-resisted|p1a: Scream Tail
|-damage|p1a: Scream Tail|33/100 par
|-damage|p2a: Hatterene|22/100 tox|[from] psn
|upkeep
|turn|26
|
|t:|1779861203
|switch|p2a: Great Tusk|Great Tusk|100/100
|-damage|p2a: Great Tusk|98/100|[from] Stealth Rock
|-status|p2a: Great Tusk|tox
|-enditem|p2a: Great Tusk|Booster Energy
|-activate|p2a: Great Tusk|ability: Protosynthesis|[fromitem]
|-start|p2a: Great Tusk|protosynthesisatk
|move|p1a: Scream Tail|Dazzling Gleam|p2a: Great Tusk
|-supereffective|p2a: Great Tusk
|-damage|p2a: Great Tusk|0 fnt
|faint|p2a: Great Tusk
|-end|p2a: Great Tusk|Protosynthesis|[silent]
|
|upkeep
|
|t:|1779861218
|switch|p2a: Tornadus|Tornadus-Therian, M|44/100
|-damage|p2a: Tornadus|19/100|[from] Stealth Rock
|turn|27
|
|t:|1779861222
|move|p2a: Tornadus|U-turn|p1a: Scream Tail
|-damage|p1a: Scream Tail|19/100 par
|
|t:|1779861225
|switch|p2a: Hatterene|Hatterene, F|22/100 tox|[from] U-turn
|-damage|p2a: Hatterene|9/100 tox|[from] Stealth Rock
|move|p1a: Scream Tail|Boomburst|p2a: Hatterene
|-damage|p2a: Hatterene|0 fnt
|faint|p2a: Hatterene
|
|upkeep
|
|t:|1779861247
|switch|p2a: Darkrai|Darkrai|100/100
|-damage|p2a: Darkrai|88/100|[from] Stealth Rock
|-status|p2a: Darkrai|tox
|turn|28
|
|t:|1779861254
|move|p2a: Darkrai|Sludge Bomb|p1a: Scream Tail
|-supereffective|p1a: Scream Tail
|-damage|p1a: Scream Tail|0 fnt
|faint|p1a: Scream Tail
|-end|p1a: Scream Tail|Protosynthesis|[silent]
|
|-damage|p2a: Darkrai|82/100 tox|[from] psn
|upkeep
|
|t:|1779861261
|switch|p1a: Kleavor|Kleavor, F|55/100
|-damage|p1a: Kleavor|30/100|[from] Stealth Rock
|turn|29
|
|t:|1779861265
|switch|p2a: Garganacl|Garganacl, M|40/100
|-damage|p2a: Garganacl|28/100|[from] Stealth Rock
|move|p1a: Kleavor|X-Scissor|p2a: Garganacl
|-damage|p2a: Garganacl|0 fnt
|faint|p2a: Garganacl
|
|upkeep
|inactive|tummy girl has 120 seconds left.
|
|t:|1779861303
|switch|p2a: Darkrai|Darkrai|82/100 tox
|-damage|p2a: Darkrai|70/100 tox|[from] Stealth Rock
|turn|30
|
|t:|1779861322
|-terastallize|p2a: Darkrai|Poison
|move|p2a: Darkrai|Dark Pulse|p1a: Kleavor
|-damage|p1a: Kleavor|0 fnt
|faint|p1a: Kleavor
|
|-damage|p2a: Darkrai|63/100 tox|[from] psn
|upkeep
|
|t:|1779861333
|switch|p1a: Kingambit|Kingambit, M|100/100
|-damage|p1a: Kingambit|94/100|[from] Stealth Rock
|-activate|p1a: Kingambit|ability: Supreme Overlord
|-start|p1a: Kingambit|fallen4|[silent]
|turn|31
|
|t:|1779861339
|move|p1a: Kingambit|Sucker Punch|p2a: Darkrai
|-damage|p2a: Darkrai|0 fnt
|faint|p2a: Darkrai
|
|upkeep
|
|t:|1779861341
|switch|p2a: Tornadus|Tornadus-Therian, M|52/100
|-damage|p2a: Tornadus|27/100|[from] Stealth Rock
|turn|32
|
|t:|1779861345
|move|p2a: Tornadus|Heat Wave|p1a: Kingambit
|-supereffective|p1a: Kingambit
|-damage|p1a: Kingambit|49/100
|move|p1a: Kingambit|Kowtow Cleave|p2a: Tornadus
|-damage|p2a: Tornadus|0 fnt
|faint|p2a: Tornadus
|
|win|zahonidas
|raw|zahonidas's rating: 1325 &rarr; <strong>1344</strong><br />(+19 for winning)
|raw|tummy girl's rating: 1316 &rarr; <strong>1297</strong><br />(-19 for losing)
|l|☆zahonidas
|player|p1|
|l|☆tummy girl
|player|p2|
