|j|☆claudechamp
|j|☆BiscoitoXDBr
|t:|1779895548
|gametype|singles
|player|p1|claudechamp|169|1312
|player|p2|BiscoitoXDBr|clown|1274
|gen|9
|tier|[Gen 9] OU
|rated|
|rule|HP Percentage Mod: HP is shown in percentages
|rule|Endless Battle Clause: Forcing endless battles is banned
|rule|Species Clause: Limit one of each Pokémon
|rule|OHKO Clause: OHKO moves are banned
|rule|Evasion Items Clause: Evasion items are banned
|rule|Evasion Moves Clause: Evasion moves are banned
|rule|Evasion Abilities Clause: Evasion abilities are banned
|rule|Sleep Moves Clause: Sleep-inducing moves are banned
|clearpoke
|poke|p1|Corviknight, F|
|poke|p1|Ting-Lu|
|poke|p1|Kyurem|
|poke|p1|Dondozo, F|
|poke|p1|Slowking-Galar, M|
|poke|p1|Cinderace, M|
|poke|p2|Meowscarada, F|
|poke|p2|Gholdengo|
|poke|p2|Zapdos|
|poke|p2|Clodsire, M|
|poke|p2|Ogerpon-Wellspring, F|
|poke|p2|Great Tusk|
|teampreview
|inactive|Battle timer is ON: inactive players will automatically lose when time's up. (requested by BiscoitoXDBr)
|c|☆claudechamp|hf
|inactive|claudechamp also wants the timer to be on.
|
|t:|1779895577
|teamsize|p1|6
|teamsize|p2|6
|start
|switch|p1a: Cinderace|Cinderace, M|100/100
|switch|p2a: Meowscarada|Meowscarada, F, shiny|100/100
|turn|1
|
|t:|1779895583
|-terastallize|p2a: Meowscarada|Dark
|move|p2a: Meowscarada|Knock Off|p1a: Cinderace
|-damage|p1a: Cinderace|0 fnt
|-enditem|p1a: Cinderace|Heavy-Duty Boots|[from] move: Knock Off|[of] p2a: Meowscarada
|faint|p1a: Cinderace
|
|upkeep
|
|t:|1779895586
|switch|p1a: Ting-Lu|Ting-Lu|100/100
|-ability|p1a: Ting-Lu|Vessel of Ruin
|turn|2
|
|t:|1779895595
|switch|p2a: Clodsire|Clodsire, M|100/100
|move|p1a: Ting-Lu|Earthquake|p2a: Clodsire
|-supereffective|p2a: Clodsire
|-damage|p2a: Clodsire|23/100
|
|-heal|p2a: Clodsire|29/100|[from] item: Leftovers
|upkeep
|turn|3
|
|t:|1779895603
|switch|p2a: Meowscarada|Meowscarada, F, shiny, tera:Dark|100/100
|move|p1a: Ting-Lu|Earthquake|p2a: Meowscarada
|-damage|p2a: Meowscarada|42/100
|
|upkeep
|turn|4
|
|t:|1779895609
|move|p2a: Meowscarada|U-turn|p1a: Ting-Lu
|-supereffective|p1a: Ting-Lu
|-damage|p1a: Ting-Lu|68/100
|inactive|BiscoitoXDBr has 120 seconds left.
|inactive|BiscoitoXDBr has 90 seconds left.
|
|t:|1779895699
|switch|p2a: Gholdengo|Gholdengo|100/100|[from] U-turn
|-item|p2a: Gholdengo|Air Balloon
|move|p1a: Ting-Lu|Earthquake|p2a: Gholdengo
|-immune|p2a: Gholdengo
|
|-heal|p1a: Ting-Lu|74/100|[from] item: Leftovers
|upkeep
|turn|5
|
|t:|1779895709
|move|p2a: Gholdengo|Nasty Plot|p2a: Gholdengo
|-boost|p2a: Gholdengo|spa|2
|move|p1a: Ting-Lu|Payback|p2a: Gholdengo
|-supereffective|p2a: Gholdengo
|-damage|p2a: Gholdengo|10/100
|-enditem|p2a: Gholdengo|Air Balloon
|
|-heal|p1a: Ting-Lu|80/100|[from] item: Leftovers
|upkeep
|turn|6
|
|t:|1779895713
|move|p2a: Gholdengo|Make It Rain|p1a: Ting-Lu
|-crit|p1a: Ting-Lu
|-damage|p1a: Ting-Lu|5/100
|-unboost|p2a: Gholdengo|spa|1
|move|p1a: Ting-Lu|Earthquake|p2a: Gholdengo
|-supereffective|p2a: Gholdengo
|-damage|p2a: Gholdengo|0 fnt
|faint|p2a: Gholdengo
|
|-heal|p1a: Ting-Lu|11/100|[from] item: Leftovers
|upkeep
|
|t:|1779895723
|switch|p2a: Meowscarada|Meowscarada, F, shiny, tera:Dark|42/100
|turn|7
|
|t:|1779895725
|switch|p1a: Corviknight|Corviknight, F|100/100
|-ability|p1a: Corviknight|Pressure
|move|p2a: Meowscarada|U-turn|p1a: Corviknight
|-resisted|p1a: Corviknight
|-damage|p1a: Corviknight|96/100
|-damage|p2a: Meowscarada|25/100|[from] item: Rocky Helmet|[of] p1a: Corviknight
|inactive|BiscoitoXDBr has 90 seconds left.
|
|t:|1779895734
|switch|p2a: Zapdos|Zapdos, shiny|100/100|[from] U-turn
|
|upkeep
|turn|8
|
|t:|1779895743
|move|p2a: Zapdos|Hurricane|p1a: Corviknight
|-resisted|p1a: Corviknight
|-damage|p1a: Corviknight|74/100
|move|p1a: Corviknight|Brave Bird|p2a: Zapdos
|-resisted|p2a: Zapdos
|-damage|p2a: Zapdos|87/100
|-damage|p1a: Corviknight|69/100|[from] Recoil
|
|upkeep
|turn|9
|
|t:|1779895746
|move|p2a: Zapdos|Thunder Wave|p1a: Corviknight
|-status|p1a: Corviknight|par
|cant|p1a: Corviknight|par
|
|upkeep
|turn|10
|
|t:|1779895751
|move|p2a: Zapdos|Volt Switch|p1a: Corviknight
|-supereffective|p1a: Corviknight
|-damage|p1a: Corviknight|12/100 par
|
|t:|1779895761
|switch|p2a: Clodsire|Clodsire, M|29/100|[from] Volt Switch
|cant|p1a: Corviknight|par
|
|-heal|p2a: Clodsire|35/100|[from] item: Leftovers
|upkeep
|turn|11
|
|t:|1779895768
|move|p1a: Corviknight|Roost|p1a: Corviknight
|-heal|p1a: Corviknight|62/100 par
|-singleturn|p1a: Corviknight|move: Roost
|move|p2a: Clodsire|Recover|p2a: Clodsire
|-heal|p2a: Clodsire|85/100
|
|-heal|p2a: Clodsire|92/100|[from] item: Leftovers
|upkeep
|turn|12
|
|t:|1779895771
|cant|p1a: Corviknight|par
|move|p2a: Clodsire|Stealth Rock|p1a: Corviknight
|-sidestart|p1: claudechamp|move: Stealth Rock
|
|-heal|p2a: Clodsire|98/100|[from] item: Leftovers
|upkeep
|turn|13
|
|t:|1779895774
|switch|p2a: Zapdos|Zapdos, shiny|87/100
|move|p1a: Corviknight|Defog|p2a: Zapdos
|-unboost|p2a: Zapdos|evasion|1
|-sideend|p1: claudechamp|Stealth Rock|[from] move: Defog|[of] p1a: Corviknight
|
|upkeep
|turn|14
|
|t:|1779895778
|move|p2a: Zapdos|Volt Switch|p1a: Corviknight
|-supereffective|p1a: Corviknight
|-damage|p1a: Corviknight|4/100 par
|
|t:|1779895782
|switch|p2a: Clodsire|Clodsire, M|98/100|[from] Volt Switch
|move|p1a: Corviknight|Roost|p1a: Corviknight
|-heal|p1a: Corviknight|54/100 par
|-singleturn|p1a: Corviknight|move: Roost
|
|-heal|p2a: Clodsire|100/100|[from] item: Leftovers
|upkeep
|turn|15
|
|t:|1779895786
|move|p1a: Corviknight|Roost|p1a: Corviknight
|-heal|p1a: Corviknight|100/100 par
|-singleturn|p1a: Corviknight|move: Roost
|move|p2a: Clodsire|Stealth Rock|p1a: Corviknight
|-sidestart|p1: claudechamp|move: Stealth Rock
|
|upkeep
|turn|16
|
|t:|1779895789
|switch|p2a: Zapdos|Zapdos, shiny|87/100
|move|p1a: Corviknight|Defog|p2a: Zapdos
|-unboost|p2a: Zapdos|evasion|1
|-sideend|p1: claudechamp|Stealth Rock|[from] move: Defog|[of] p1a: Corviknight
|
|upkeep
|turn|17
|
|t:|1779895792
|move|p2a: Zapdos|Volt Switch|p1a: Corviknight
|-supereffective|p1a: Corviknight
|-damage|p1a: Corviknight|46/100 par
|
|t:|1779895796
|switch|p2a: Clodsire|Clodsire, M|100/100|[from] Volt Switch
|move|p1a: Corviknight|U-turn|p2a: Clodsire
|-resisted|p2a: Clodsire
|-damage|p2a: Clodsire|93/100
|
|t:|1779895800
|switch|p1a: Ting-Lu|Ting-Lu|11/100|[from] U-turn
|-ability|p1a: Ting-Lu|Vessel of Ruin
|
|-heal|p1a: Ting-Lu|17/100|[from] item: Leftovers
|-heal|p2a: Clodsire|99/100|[from] item: Leftovers
|upkeep
|turn|18
|
|t:|1779895804
|move|p1a: Ting-Lu|Earthquake|p2a: Clodsire
|-supereffective|p2a: Clodsire
|-damage|p2a: Clodsire|17/100
|move|p2a: Clodsire|Earthquake|p1a: Ting-Lu
|-damage|p1a: Ting-Lu|4/100
|
|-heal|p1a: Ting-Lu|10/100|[from] item: Leftovers
|-heal|p2a: Clodsire|24/100|[from] item: Leftovers
|upkeep
|turn|19
|
|t:|1779895810
|switch|p2a: Zapdos|Zapdos, shiny|87/100
|move|p1a: Ting-Lu|Rest|p1a: Ting-Lu
|-status|p1a: Ting-Lu|slp|[from] move: Rest
|-heal|p1a: Ting-Lu|100/100 slp|[silent]
|
|upkeep
|turn|20
|
|t:|1779895814
|switch|p2a: Clodsire|Clodsire, M|24/100
|cant|p1a: Ting-Lu|slp
|move|p1a: Ting-Lu|Sleep Talk|p1a: Ting-Lu
|move|p1a: Ting-Lu|Rest||[from] move: Sleep Talk|[still]
|-fail|p1a: Ting-Lu
|
|-heal|p2a: Clodsire|30/100|[from] item: Leftovers
|upkeep
|turn|21
|
|t:|1779895820
|switch|p2a: Meowscarada|Meowscarada, F, shiny, tera:Dark|25/100
|cant|p1a: Ting-Lu|slp
|
|upkeep
|turn|22
|
|t:|1779895832
|move|p2a: Meowscarada|Flower Trick|p1a: Ting-Lu
|-supereffective|p1a: Ting-Lu
|-crit|p1a: Ting-Lu
|-damage|p1a: Ting-Lu|28/100 slp
|-curestatus|p1a: Ting-Lu|slp|[msg]
|move|p1a: Ting-Lu|Payback|p2a: Meowscarada
|-resisted|p2a: Meowscarada
|-damage|p2a: Meowscarada|0 fnt
|faint|p2a: Meowscarada
|
|-heal|p1a: Ting-Lu|34/100|[from] item: Leftovers
|upkeep
|
|t:|1779895845
|switch|p2a: Great Tusk|Great Tusk|100/100
|turn|23
|
|t:|1779895853
|switch|p1a: Kyurem|Kyurem|100/100
|-ability|p1a: Kyurem|Pressure
|move|p2a: Great Tusk|Bulk Up|p2a: Great Tusk
|-boost|p2a: Great Tusk|atk|1
|-boost|p2a: Great Tusk|def|1
|
|upkeep
|turn|24
|
|t:|1779895858
|move|p1a: Kyurem|Freeze-Dry|p2a: Great Tusk
|-supereffective|p2a: Great Tusk
|-damage|p2a: Great Tusk|2/100
|move|p2a: Great Tusk|Close Combat|p1a: Kyurem
|-supereffective|p1a: Kyurem
|-damage|p1a: Kyurem|0 fnt
|-unboost|p2a: Great Tusk|def|1
|-unboost|p2a: Great Tusk|spd|1
|faint|p1a: Kyurem
|
|-heal|p2a: Great Tusk|8/100|[from] item: Leftovers
|upkeep
|
|t:|1779895863
|switch|p1a: Dondozo|Dondozo, F|100/100
|turn|25
|
|t:|1779895868
|-end|p2a: Great Tusk|Protosynthesis|[silent]
|switch|p2a: Clodsire|Clodsire, M|30/100
|move|p1a: Dondozo|Body Press|p2a: Clodsire
|-resisted|p2a: Clodsire
|-damage|p2a: Clodsire|18/100
|
|-heal|p2a: Clodsire|24/100|[from] item: Leftovers
|upkeep
|turn|26
|
|t:|1779895873
|move|p1a: Dondozo|Waterfall|p2a: Clodsire
|-heal|p2a: Clodsire|49/100|[from] ability: Water Absorb|[of] p1a: Dondozo
|move|p2a: Clodsire|Recover|p2a: Clodsire
|-heal|p2a: Clodsire|99/100
|
|-heal|p2a: Clodsire|100/100|[from] item: Leftovers
|upkeep
|turn|27
|
|t:|1779895878
|switch|p1a: Corviknight|Corviknight, F|46/100 par
|-ability|p1a: Corviknight|Pressure
|move|p2a: Clodsire|Toxic||[still]
|-fail|p2a: Clodsire
|
|upkeep
|turn|28
|
|t:|1779895883
|move|p1a: Corviknight|Roost|p1a: Corviknight
|-heal|p1a: Corviknight|96/100 par
|-singleturn|p1a: Corviknight|move: Roost
|move|p2a: Clodsire|Stealth Rock|p1a: Corviknight
|-sidestart|p1: claudechamp|move: Stealth Rock
|
|upkeep
|turn|29
|
|t:|1779895898
|switch|p2a: Zapdos|Zapdos, shiny|87/100
|cant|p1a: Corviknight|par
|
|upkeep
|turn|30
|
|t:|1779895903
|switch|p1a: Ting-Lu|Ting-Lu|34/100
|-damage|p1a: Ting-Lu|28/100|[from] Stealth Rock
|-ability|p1a: Ting-Lu|Vessel of Ruin
|move|p2a: Zapdos|Volt Switch|p1a: Ting-Lu
|-immune|p1a: Ting-Lu
|
|-heal|p1a: Ting-Lu|34/100|[from] item: Leftovers
|upkeep
|turn|31
|
|t:|1779895908
|move|p2a: Zapdos|Hurricane|p1a: Ting-Lu
|-damage|p1a: Ting-Lu|15/100
|move|p1a: Ting-Lu|Rest|p1a: Ting-Lu
|-status|p1a: Ting-Lu|slp|[from] move: Rest
|-heal|p1a: Ting-Lu|100/100 slp|[silent]
|
|upkeep
|turn|32
|
|t:|1779895914
|switch|p2a: Ogerpon|Ogerpon-Wellspring, F|100/100
|cant|p1a: Ting-Lu|slp
|move|p1a: Ting-Lu|Sleep Talk|p1a: Ting-Lu
|move|p1a: Ting-Lu|Rest||[from] move: Sleep Talk|[still]
|-fail|p1a: Ting-Lu
|
|upkeep
|turn|33
|
|t:|1779895919
|switch|p1a: Corviknight|Corviknight, F|96/100 par
|-damage|p1a: Corviknight|84/100 par|[from] Stealth Rock
|-ability|p1a: Corviknight|Pressure
|move|p2a: Ogerpon|Swords Dance|p2a: Ogerpon
|-boost|p2a: Ogerpon|atk|2
|
|upkeep
|turn|34
|
|t:|1779895928
|move|p2a: Ogerpon|Ivy Cudgel|p1a: Corviknight|[anim] Ivy Cudgel Water
|-crit|p1a: Corviknight
|-damage|p1a: Corviknight|0 fnt
|faint|p1a: Corviknight
|
|upkeep
|
|t:|1779895935
|switch|p1a: Slowking|Slowking-Galar, M|100/100
|-damage|p1a: Slowking|88/100|[from] Stealth Rock
|turn|35
|
|t:|1779895943
|move|p2a: Ogerpon|Ivy Cudgel|p1a: Slowking|[anim] Ivy Cudgel Water
|-damage|p1a: Slowking|0 fnt
|faint|p1a: Slowking
|
|upkeep
|
|t:|1779895950
|switch|p1a: Dondozo|Dondozo, F|100/100
|-damage|p1a: Dondozo|88/100|[from] Stealth Rock
|turn|36
|
|t:|1779895958
|-terastallize|p1a: Dondozo|Dark
|move|p2a: Ogerpon|Horn Leech|p1a: Dondozo
|-damage|p1a: Dondozo|62/100
|move|p1a: Dondozo|Curse|p1a: Dondozo
|-unboost|p1a: Dondozo|spe|1
|-boost|p1a: Dondozo|atk|1
|-boost|p1a: Dondozo|def|1
|
|-heal|p1a: Dondozo|68/100|[from] item: Leftovers
|upkeep
|turn|37
|
|t:|1779895965
|switch|p2a: Clodsire|Clodsire, M|100/100
|move|p1a: Dondozo|Body Press|p2a: Clodsire
|-resisted|p2a: Clodsire
|-damage|p2a: Clodsire|83/100
|
|-heal|p2a: Clodsire|89/100|[from] item: Leftovers
|-heal|p1a: Dondozo|75/100|[from] item: Leftovers
|upkeep
|turn|38
|
|t:|1779895971
|move|p2a: Clodsire|Toxic|p1a: Dondozo
|-status|p1a: Dondozo|tox
|move|p1a: Dondozo|Curse|p1a: Dondozo
|-unboost|p1a: Dondozo|spe|1
|-boost|p1a: Dondozo|atk|1
|-boost|p1a: Dondozo|def|1
|
|-heal|p2a: Clodsire|95/100|[from] item: Leftovers
|-heal|p1a: Dondozo|81/100 tox|[from] item: Leftovers
|-damage|p1a: Dondozo|75/100 tox|[from] psn
|upkeep
|turn|39
|
|t:|1779895984
|switch|p2a: Zapdos|Zapdos, shiny|87/100
|move|p1a: Dondozo|Rest|p1a: Dondozo
|-status|p1a: Dondozo|slp|[from] move: Rest
|-heal|p1a: Dondozo|100/100 slp|[silent]
|
|upkeep
|turn|40
|
|t:|1779895990
|move|p2a: Zapdos|Hurricane|p1a: Dondozo
|-damage|p1a: Dondozo|72/100 slp
|cant|p1a: Dondozo|slp
|
|-heal|p1a: Dondozo|79/100 slp|[from] item: Leftovers
|upkeep
|turn|41
|
|t:|1779896000
|move|p2a: Zapdos|Hurricane|p1a: Dondozo|[miss]
|-miss|p2a: Zapdos|p1a: Dondozo
|cant|p1a: Dondozo|slp
|
|-heal|p1a: Dondozo|85/100 slp|[from] item: Leftovers
|upkeep
|turn|42
|
|t:|1779896005
|move|p2a: Zapdos|Hurricane|p1a: Dondozo|[miss]
|-miss|p2a: Zapdos|p1a: Dondozo
|-curestatus|p1a: Dondozo|slp|[msg]
|move|p1a: Dondozo|Curse|p1a: Dondozo
|-unboost|p1a: Dondozo|spe|1
|-boost|p1a: Dondozo|atk|1
|-boost|p1a: Dondozo|def|1
|
|-heal|p1a: Dondozo|91/100|[from] item: Leftovers
|upkeep
|turn|43
|
|t:|1779896010
|move|p2a: Zapdos|Thunder Wave|p1a: Dondozo
|-status|p1a: Dondozo|par
|move|p1a: Dondozo|Body Press|p2a: Zapdos
|-resisted|p2a: Zapdos
|-damage|p2a: Zapdos|70/100
|
|-heal|p1a: Dondozo|97/100 par|[from] item: Leftovers
|upkeep
|turn|44
|
|t:|1779896020
|move|p2a: Zapdos|Hurricane|p1a: Dondozo
|-damage|p1a: Dondozo|68/100 par
|cant|p1a: Dondozo|par
|
|-heal|p1a: Dondozo|74/100 par|[from] item: Leftovers
|upkeep
|turn|45
|
|t:|1779896026
|move|p2a: Zapdos|Hurricane|p1a: Dondozo
|-damage|p1a: Dondozo|42/100 par
|move|p1a: Dondozo|Waterfall|p2a: Zapdos
|-damage|p2a: Zapdos|19/100
|
|-heal|p1a: Dondozo|48/100 par|[from] item: Leftovers
|upkeep
|turn|46
|
|t:|1779896031
|move|p2a: Zapdos|Volt Switch|p1a: Dondozo
|-damage|p1a: Dondozo|31/100 par
|
|t:|1779896035
|switch|p2a: Clodsire|Clodsire, M|95/100|[from] Volt Switch
|move|p1a: Dondozo|Rest|p1a: Dondozo
|-status|p1a: Dondozo|slp|[from] move: Rest
|-heal|p1a: Dondozo|100/100 slp|[silent]
|
|-heal|p2a: Clodsire|100/100|[from] item: Leftovers
|upkeep
|turn|47
|
|t:|1779896043
|switch|p2a: Ogerpon|Ogerpon-Wellspring, F|100/100
|cant|p1a: Dondozo|slp
|
|upkeep
|turn|48
|
|t:|1779896051
|move|p2a: Ogerpon|Play Rough|p1a: Dondozo
|-supereffective|p1a: Dondozo
|-damage|p1a: Dondozo|83/100 slp
|cant|p1a: Dondozo|slp
|
|-heal|p1a: Dondozo|89/100 slp|[from] item: Leftovers
|upkeep
|turn|49
|
|t:|1779896058
|switch|p2a: Great Tusk|Great Tusk|8/100
|-curestatus|p1a: Dondozo|slp|[msg]
|move|p1a: Dondozo|Body Press|p2a: Great Tusk
|-damage|p2a: Great Tusk|0 fnt
|faint|p2a: Great Tusk
|-end|p2a: Great Tusk|Protosynthesis|[silent]
|
|-heal|p1a: Dondozo|95/100|[from] item: Leftovers
|upkeep
|
|t:|1779896064
|switch|p2a: Clodsire|Clodsire, M|100/100
|turn|50
|
|t:|1779896069
|move|p2a: Clodsire|Toxic|p1a: Dondozo
|-status|p1a: Dondozo|tox
|move|p1a: Dondozo|Body Press|p2a: Clodsire
|-resisted|p2a: Clodsire
|-damage|p2a: Clodsire|73/100
|
|-heal|p2a: Clodsire|79/100|[from] item: Leftovers
|-heal|p1a: Dondozo|100/100 tox|[from] item: Leftovers
|-damage|p1a: Dondozo|94/100 tox|[from] psn
|upkeep
|turn|51
|
|t:|1779896083
|move|p2a: Clodsire|Earthquake|p1a: Dondozo
|-damage|p1a: Dondozo|88/100 tox
|move|p1a: Dondozo|Rest|p1a: Dondozo
|-status|p1a: Dondozo|slp|[from] move: Rest
|-heal|p1a: Dondozo|100/100 slp|[silent]
|
|-heal|p2a: Clodsire|85/100|[from] item: Leftovers
|upkeep
|turn|52
|
|t:|1779896088
|switch|p2a: Zapdos|Zapdos, shiny|19/100
|cant|p1a: Dondozo|slp
|
|upkeep
|turn|53
|
|t:|1779896093
|move|p2a: Zapdos|Roost|p2a: Zapdos
|-heal|p2a: Zapdos|69/100
|-singleturn|p2a: Zapdos|move: Roost
|cant|p1a: Dondozo|slp
|
|upkeep
|turn|54
|
|t:|1779896098
|move|p2a: Zapdos|Volt Switch|p1a: Dondozo
|-damage|p1a: Dondozo|80/100 slp
|
|t:|1779896101
|switch|p2a: Clodsire|Clodsire, M|85/100|[from] Volt Switch
|-curestatus|p1a: Dondozo|slp|[msg]
|move|p1a: Dondozo|Curse|p1a: Dondozo
|-unboost|p1a: Dondozo|spe|1
|-boost|p1a: Dondozo|atk|1
|-boost|p1a: Dondozo|def|1
|
|-heal|p2a: Clodsire|91/100|[from] item: Leftovers
|-heal|p1a: Dondozo|86/100|[from] item: Leftovers
|upkeep
|turn|55
|
|t:|1779896110
|move|p2a: Clodsire|Toxic|p1a: Dondozo
|-status|p1a: Dondozo|tox
|move|p1a: Dondozo|Body Press|p2a: Clodsire
|-resisted|p2a: Clodsire
|-damage|p2a: Clodsire|55/100
|
|-heal|p2a: Clodsire|61/100|[from] item: Leftovers
|-heal|p1a: Dondozo|93/100 tox|[from] item: Leftovers
|-damage|p1a: Dondozo|86/100 tox|[from] psn
|upkeep
|turn|56
|
|t:|1779896127
|move|p2a: Clodsire|Recover|p2a: Clodsire
|-heal|p2a: Clodsire|100/100
|move|p1a: Dondozo|Rest|p1a: Dondozo
|-status|p1a: Dondozo|slp|[from] move: Rest
|-heal|p1a: Dondozo|100/100 slp|[silent]
|
|upkeep
|turn|57
|
|t:|1779896132
|switch|p2a: Zapdos|Zapdos, shiny|69/100
|cant|p1a: Dondozo|slp
|
|upkeep
|turn|58
|
|t:|1779896137
|move|p2a: Zapdos|Hurricane|p1a: Dondozo
|-damage|p1a: Dondozo|73/100 slp
|-start|p1a: Dondozo|confusion
|cant|p1a: Dondozo|slp
|
|-heal|p1a: Dondozo|79/100 slp|[from] item: Leftovers
|upkeep
|turn|59
|
|t:|1779896144
|move|p2a: Zapdos|Volt Switch|p1a: Dondozo
|-damage|p1a: Dondozo|61/100 slp
|
|t:|1779896152
|switch|p2a: Clodsire|Clodsire, M|100/100|[from] Volt Switch
|-curestatus|p1a: Dondozo|slp|[msg]
|-activate|p1a: Dondozo|confusion
|move|p1a: Dondozo|Body Press|p2a: Clodsire
|-resisted|p2a: Clodsire
|-damage|p2a: Clodsire|66/100
|
|-heal|p2a: Clodsire|73/100|[from] item: Leftovers
|-heal|p1a: Dondozo|67/100|[from] item: Leftovers
|upkeep
|turn|60
|
|t:|1779896159
|move|p2a: Clodsire|Toxic|p1a: Dondozo
|-status|p1a: Dondozo|tox
|-activate|p1a: Dondozo|confusion
|move|p1a: Dondozo|Rest|p1a: Dondozo
|-status|p1a: Dondozo|slp|[from] move: Rest
|-heal|p1a: Dondozo|100/100 slp|[silent]
|
|-heal|p2a: Clodsire|79/100|[from] item: Leftovers
|upkeep
|turn|61
|
|t:|1779896166
|switch|p2a: Zapdos|Zapdos, shiny|69/100
|cant|p1a: Dondozo|slp
|
|upkeep
|turn|62
|
|t:|1779896171
|move|p2a: Zapdos|Hurricane|p1a: Dondozo
|-damage|p1a: Dondozo|70/100 slp
|cant|p1a: Dondozo|slp
|
|-heal|p1a: Dondozo|77/100 slp|[from] item: Leftovers
|upkeep
|turn|63
|
|t:|1779896177
|move|p2a: Zapdos|Volt Switch|p1a: Dondozo
|-damage|p1a: Dondozo|58/100 slp
|
|t:|1779896180
|switch|p2a: Clodsire|Clodsire, M|79/100|[from] Volt Switch
|-curestatus|p1a: Dondozo|slp|[msg]
|-activate|p1a: Dondozo|confusion
|move|p1a: Dondozo|Rest|p1a: Dondozo
|-status|p1a: Dondozo|slp|[from] move: Rest
|-heal|p1a: Dondozo|100/100 slp|[silent]
|
|-heal|p2a: Clodsire|85/100|[from] item: Leftovers
|upkeep
|turn|64
|
|t:|1779896189
|switch|p2a: Zapdos|Zapdos, shiny|69/100
|cant|p1a: Dondozo|slp
|
|upkeep
|turn|65
|
|t:|1779896206
|move|p2a: Zapdos|Hurricane|p1a: Dondozo
|-damage|p1a: Dondozo|69/100 slp
|cant|p1a: Dondozo|slp
|
|-heal|p1a: Dondozo|75/100 slp|[from] item: Leftovers
|upkeep
|turn|66
|
|t:|1779896212
|move|p2a: Zapdos|Volt Switch|p1a: Dondozo
|-damage|p1a: Dondozo|57/100 slp
|
|t:|1779896215
|switch|p2a: Clodsire|Clodsire, M|85/100|[from] Volt Switch
|-curestatus|p1a: Dondozo|slp|[msg]
|-activate|p1a: Dondozo|confusion
|move|p1a: Dondozo|Rest|p1a: Dondozo
|-status|p1a: Dondozo|slp|[from] move: Rest
|-heal|p1a: Dondozo|100/100 slp|[silent]
|
|-heal|p2a: Clodsire|91/100|[from] item: Leftovers
|upkeep
|turn|67
|
|t:|1779896224
|switch|p2a: Zapdos|Zapdos, shiny|69/100
|cant|p1a: Dondozo|slp
|
|upkeep
|turn|68
|
|t:|1779896229
|move|p2a: Zapdos|Hurricane|p1a: Dondozo
|-damage|p1a: Dondozo|69/100 slp
|cant|p1a: Dondozo|slp
|
|-heal|p1a: Dondozo|75/100 slp|[from] item: Leftovers
|upkeep
|turn|69
|
|t:|1779896235
|move|p2a: Zapdos|Volt Switch|p1a: Dondozo
|-damage|p1a: Dondozo|56/100 slp
|
|t:|1779896238
|switch|p2a: Clodsire|Clodsire, M|91/100|[from] Volt Switch
|-curestatus|p1a: Dondozo|slp|[msg]
|-end|p1a: Dondozo|confusion
|move|p1a: Dondozo|Rest|p1a: Dondozo
|-status|p1a: Dondozo|slp|[from] move: Rest
|-heal|p1a: Dondozo|100/100 slp|[silent]
|
|-heal|p2a: Clodsire|98/100|[from] item: Leftovers
|upkeep
|turn|70
|
|t:|1779896248
|switch|p2a: Zapdos|Zapdos, shiny|69/100
|cant|p1a: Dondozo|slp
|
|upkeep
|turn|71
|
|t:|1779896253
|move|p2a: Zapdos|Hurricane|p1a: Dondozo|[miss]
|-miss|p2a: Zapdos|p1a: Dondozo
|cant|p1a: Dondozo|slp
|
|upkeep
|turn|72
|
|t:|1779896258
|switch|p1a: Ting-Lu|Ting-Lu|100/100 slp
|-damage|p1a: Ting-Lu|94/100 slp|[from] Stealth Rock
|-ability|p1a: Ting-Lu|Vessel of Ruin
|move|p2a: Zapdos|Volt Switch|p1a: Ting-Lu
|-immune|p1a: Ting-Lu
|
|-heal|p1a: Ting-Lu|100/100 slp|[from] item: Leftovers
|upkeep
|turn|73
|
|t:|1779896263
|switch|p2a: Ogerpon|Ogerpon-Wellspring, F|100/100
|cant|p1a: Ting-Lu|slp
|move|p1a: Ting-Lu|Sleep Talk|p1a: Ting-Lu
|move|p1a: Ting-Lu|Payback|p2a: Ogerpon|[from] move: Sleep Talk
|-damage|p2a: Ogerpon|75/100
|
|upkeep
|turn|74
|
|t:|1779896277
|move|p2a: Ogerpon|Swords Dance|p2a: Ogerpon
|-boost|p2a: Ogerpon|atk|2
|-curestatus|p1a: Ting-Lu|slp|[msg]
|move|p1a: Ting-Lu|Payback|p2a: Ogerpon
|-damage|p2a: Ogerpon|25/100
|
|upkeep
|turn|75
|
|t:|1779896285
|move|p2a: Ogerpon|Horn Leech|p1a: Ting-Lu
|-supereffective|p1a: Ting-Lu
|-damage|p1a: Ting-Lu|0 fnt
|-heal|p2a: Ogerpon|100/100|[from] drain|[of] p1a: Ting-Lu
|faint|p1a: Ting-Lu
|
|upkeep
|
|t:|1779896292
|switch|p1a: Dondozo|Dondozo, F, tera:Dark|100/100 slp
|-damage|p1a: Dondozo|88/100 slp|[from] Stealth Rock
|turn|76
|
|t:|1779896299
|move|p2a: Ogerpon|Play Rough|p1a: Dondozo
|-supereffective|p1a: Dondozo
|-damage|p1a: Dondozo|44/100 slp
|-curestatus|p1a: Dondozo|slp|[msg]
|move|p1a: Dondozo|Body Press|p2a: Ogerpon
|-damage|p2a: Ogerpon|74/100
|
|-heal|p1a: Dondozo|50/100|[from] item: Leftovers
|upkeep
|turn|77
|
|t:|1779896308
|move|p2a: Ogerpon|Play Rough|p1a: Dondozo
|-supereffective|p1a: Dondozo
|-damage|p1a: Dondozo|6/100
|move|p1a: Dondozo|Body Press|p2a: Ogerpon
|-damage|p2a: Ogerpon|46/100
|
|-heal|p1a: Dondozo|12/100|[from] item: Leftovers
|upkeep
|turn|78
|
|t:|1779896312
|move|p2a: Ogerpon|Ivy Cudgel|p1a: Dondozo|[anim] Ivy Cudgel Water
|-damage|p1a: Dondozo|0 fnt
|faint|p1a: Dondozo
|
|win|BiscoitoXDBr
|raw|claudechamp's rating: 1312 &rarr; <strong>1290</strong><br />(-22 for losing)
|raw|BiscoitoXDBr's rating: 1274 &rarr; <strong>1302</strong><br />(+28 for winning)
|c|☆claudechamp|gg
