|j|☆GELADO_567
|j|☆Gooseyj
|t:|1779815456
|gametype|singles
|player|p1|GELADO_567|101|1262
|player|p2|Gooseyj|iris-gen5bw2|1332
|gen|9
|tier|[Gen 9] OU
|rated|
|rule|HP Percentage Mod: HP is shown in percentages
|rule|Endless Battle Clause: Forcing endless battles is banned
|rule|Species Clause: Limit one of each Pokémon
|rule|OHKO Clause: OHKO moves are banned
|rule|Evasion Items Clause: Evasion items are banned
|rule|Evasion Moves Clause: Evasion moves are banned
|rule|Evasion Abilities Clause: Evasion abilities are banned
|rule|Sleep Moves Clause: Sleep-inducing moves are banned
|clearpoke
|poke|p1|Kingambit, F|
|poke|p1|Kommo-o, F|
|poke|p1|Iron Valiant|
|poke|p1|Kyurem|
|poke|p1|Iron Treads|
|poke|p1|Iron Crown|
|poke|p2|Kyurem|
|poke|p2|Ogerpon-Wellspring, F|
|poke|p2|Sinistcha|
|poke|p2|Hoopa-Unbound|
|poke|p2|Landorus-Therian, M|
|poke|p2|Weezing-Galar, F|
|teampreview
|inactive|Battle timer is ON: inactive players will automatically lose when time's up. (requested by Gooseyj)
|
|t:|1779815465
|teamsize|p1|6
|teamsize|p2|6
|start
|switch|p1a: Iron Treads|Iron Treads|100/100
|switch|p2a: Kyurem|Kyurem|100/100
|-ability|p2a: Kyurem|Pressure
|-enditem|p1a: Iron Treads|Booster Energy
|-activate|p1a: Iron Treads|ability: Quark Drive|[fromitem]
|-start|p1a: Iron Treads|quarkdrivespe
|turn|1
|
|t:|1779815484
|move|p1a: Iron Treads|Stealth Rock|p2a: Kyurem
|-sidestart|p2: Gooseyj|move: Stealth Rock
|move|p2a: Kyurem|Ice Beam|p1a: Iron Treads
|-damage|p1a: Iron Treads|20/100
|
|upkeep
|turn|2
|
|t:|1779815510
|switch|p2a: Landorus|Landorus-Therian, M|100/100
|-damage|p2a: Landorus|88/100|[from] Stealth Rock
|-ability|p2a: Landorus|Intimidate|boost
|-unboost|p1a: Iron Treads|atk|1
|move|p1a: Iron Treads|Endeavor|p2a: Landorus
|-damage|p2a: Landorus|24/100
|
|upkeep
|turn|3
|
|t:|1779815522
|switch|p2a: Sinistcha|Sinistcha|100/100
|move|p1a: Iron Treads|Rapid Spin|p2a: Sinistcha
|-immune|p2a: Sinistcha
|
|upkeep
|turn|4
|
|t:|1779815534
|move|p1a: Iron Treads|Earthquake|p2a: Sinistcha
|-resisted|p2a: Sinistcha
|-damage|p2a: Sinistcha|92/100
|move|p2a: Sinistcha|Shadow Ball|p1a: Iron Treads
|-damage|p1a: Iron Treads|0 fnt
|faint|p1a: Iron Treads
|-end|p1a: Iron Treads|Quark Drive|[silent]
|
|upkeep
|
|t:|1779815547
|switch|p1a: Kyurem|Kyurem|100/100
|-ability|p1a: Kyurem|Pressure
|turn|5
|
|t:|1779815552
|switch|p2a: Hoopa|Hoopa-Unbound|100/100
|-damage|p2a: Hoopa|88/100|[from] Stealth Rock
|move|p1a: Kyurem|Dragon Dance|p1a: Kyurem
|-boost|p1a: Kyurem|atk|1
|-boost|p1a: Kyurem|spe|1
|
|upkeep
|turn|6
|
|t:|1779815571
|switch|p2a: Weezing|Weezing-Galar, F|100/100
|-ability|p2a: Weezing|Neutralizing Gas
|-damage|p2a: Weezing|88/100|[from] Stealth Rock
|move|p1a: Kyurem|Scale Shot|p2a: Weezing
|-immune|p2a: Weezing
|
|-heal|p2a: Weezing|94/100|[from] item: Leftovers
|upkeep
|turn|7
|
|t:|1779815582
|move|p1a: Kyurem|Earth Power|p2a: Weezing
|-supereffective|p2a: Weezing
|-damage|p2a: Weezing|19/100
|move|p2a: Weezing|Will-O-Wisp|p1a: Kyurem
|-status|p1a: Kyurem|brn
|
|-heal|p2a: Weezing|25/100|[from] item: Leftovers
|-damage|p1a: Kyurem|94/100 brn|[from] brn
|upkeep
|turn|8
|
|t:|1779815606
|move|p1a: Kyurem|Icicle Spear|p2a: Weezing
|-damage|p2a: Weezing|18/100
|-damage|p2a: Weezing|12/100
|-damage|p2a: Weezing|6/100
|-damage|p2a: Weezing|0 fnt
|faint|p2a: Weezing
|-end|p2a: Weezing|ability: Neutralizing Gas
|-ability|p1a: Kyurem|Pressure
|-hitcount|p2: Weezing|4
|
|-damage|p1a: Kyurem|88/100 brn|[from] brn
|upkeep
|inactive|Gooseyj has 120 seconds left.
|
|t:|1779815623
|switch|p2a: Hoopa|Hoopa-Unbound|88/100
|-damage|p2a: Hoopa|76/100|[from] Stealth Rock
|turn|9
|
|t:|1779815632
|move|p1a: Kyurem|Earth Power|p2a: Hoopa
|-damage|p2a: Hoopa|62/100
|move|p2a: Hoopa|Drain Punch|p1a: Kyurem
|-supereffective|p1a: Kyurem
|-damage|p1a: Kyurem|42/100 brn
|-heal|p2a: Hoopa|87/100|[from] drain|[of] p1a: Kyurem
|
|-damage|p1a: Kyurem|36/100 brn|[from] brn
|upkeep
|turn|10
|
|t:|1779815643
|move|p1a: Kyurem|Icicle Spear|p2a: Hoopa
|-damage|p2a: Hoopa|76/100
|-damage|p2a: Hoopa|65/100
|-damage|p2a: Hoopa|55/100
|-damage|p2a: Hoopa|44/100
|-damage|p2a: Hoopa|33/100
|-hitcount|p2a: Hoopa|5
|move|p2a: Hoopa|Drain Punch|p1a: Kyurem
|-supereffective|p1a: Kyurem
|-damage|p1a: Kyurem|0 fnt
|-heal|p2a: Hoopa|52/100|[from] drain|[of] p1a: Kyurem
|faint|p1a: Kyurem
|
|upkeep
|
|t:|1779815663
|switch|p1a: Kommo-o|Kommo-o, F|100/100
|turn|11
|
|t:|1779815667
|move|p1a: Kommo-o|Clangorous Soul|p1a: Kommo-o
|-boost|p1a: Kommo-o|atk|1
|-boost|p1a: Kommo-o|def|1
|-boost|p1a: Kommo-o|spa|1
|-boost|p1a: Kommo-o|spd|1
|-boost|p1a: Kommo-o|spe|1
|-damage|p1a: Kommo-o|68/100
|move|p2a: Hoopa|Psychic Noise|p1a: Kommo-o
|-immune|p1a: Kommo-o|[from] ability: Soundproof
|
|-heal|p1a: Kommo-o|74/100|[from] item: Leftovers
|upkeep
|turn|12
|inactive|Gooseyj has 120 seconds left.
|
|t:|1779815702
|move|p1a: Kommo-o|Shadow Claw|p2a: Hoopa
|-damage|p2a: Hoopa|22/100
|move|p2a: Hoopa|Knock Off|p1a: Kommo-o
|-resisted|p1a: Kommo-o
|-damage|p1a: Kommo-o|60/100
|-enditem|p1a: Kommo-o|Leftovers|[from] move: Knock Off|[of] p2a: Hoopa
|
|upkeep
|turn|13
|inactive|Gooseyj has 120 seconds left.
|
|t:|1779815732
|switch|p2a: Landorus|Landorus-Therian, M|24/100
|-damage|p2a: Landorus|12/100|[from] Stealth Rock
|-ability|p2a: Landorus|Intimidate|boost
|-unboost|p1a: Kommo-o|atk|1
|move|p1a: Kommo-o|Drain Punch|p2a: Landorus
|-resisted|p2a: Landorus
|-damage|p2a: Landorus|0 fnt
|-heal|p1a: Kommo-o|65/100|[from] drain|[of] p2a: Landorus
|faint|p2a: Landorus
|
|upkeep
|
|t:|1779815737
|switch|p2a: Sinistcha|Sinistcha|92/100
|turn|14
|
|t:|1779815753
|move|p1a: Kommo-o|Clangorous Soul|p1a: Kommo-o
|-boost|p1a: Kommo-o|atk|1
|-boost|p1a: Kommo-o|def|1
|-boost|p1a: Kommo-o|spa|1
|-boost|p1a: Kommo-o|spd|1
|-boost|p1a: Kommo-o|spe|1
|-damage|p1a: Kommo-o|32/100
|move|p2a: Sinistcha|Strength Sap|p1a: Kommo-o
|-unboost|p1a: Kommo-o|atk|1
|-heal|p2a: Sinistcha|100/100
|
|upkeep
|turn|15
|
|t:|1779815767
|move|p1a: Kommo-o|Shadow Claw|p2a: Sinistcha
|-supereffective|p2a: Sinistcha
|-damage|p2a: Sinistcha|75/100
|move|p2a: Sinistcha|Shadow Ball|p1a: Kommo-o
|-damage|p1a: Kommo-o|18/100
|
|upkeep
|turn|16
|
|t:|1779815778
|move|p1a: Kommo-o|Clangorous Soul||[still]
|-fail|p1a: Kommo-o
|move|p2a: Sinistcha|Shadow Ball|p1a: Kommo-o
|-crit|p1a: Kommo-o
|-damage|p1a: Kommo-o|0 fnt
|faint|p1a: Kommo-o
|
|upkeep
|
|t:|1779815787
|switch|p1a: Kingambit|Kingambit, F|100/100
|-activate|p1a: Kingambit|ability: Supreme Overlord
|-start|p1a: Kingambit|fallen3|[silent]
|turn|17
|
|t:|1779815799
|-terastallize|p2a: Sinistcha|Poison
|move|p1a: Kingambit|Sucker Punch||[still]
|-fail|p1a: Kingambit
|move|p2a: Sinistcha|Strength Sap|p1a: Kingambit
|-unboost|p1a: Kingambit|atk|1
|-heal|p2a: Sinistcha|100/100
|
|upkeep
|turn|18
|
|t:|1779815810
|-end|p1a: Kingambit|fallen3|[silent]
|switch|p1a: Iron Valiant|Iron Valiant|100/100
|-enditem|p1a: Iron Valiant|Booster Energy
|-activate|p1a: Iron Valiant|ability: Quark Drive|[fromitem]
|-start|p1a: Iron Valiant|quarkdrivespe
|switch|p2a: Hoopa|Hoopa-Unbound|22/100
|-damage|p2a: Hoopa|9/100|[from] Stealth Rock
|
|upkeep
|turn|19
|
|t:|1779815821
|move|p1a: Iron Valiant|Calm Mind|p1a: Iron Valiant
|-boost|p1a: Iron Valiant|spa|1
|-boost|p1a: Iron Valiant|spd|1
|move|p2a: Hoopa|Psychic Noise|p1a: Iron Valiant
|-supereffective|p1a: Iron Valiant
|-damage|p1a: Iron Valiant|0 fnt
|faint|p1a: Iron Valiant
|-end|p1a: Iron Valiant|Quark Drive|[silent]
|
|upkeep
|
|t:|1779815833
|switch|p1a: Kingambit|Kingambit, F|100/100
|-activate|p1a: Kingambit|ability: Supreme Overlord
|-start|p1a: Kingambit|fallen4|[silent]
|turn|20
|
|t:|1779815838
|move|p1a: Kingambit|Swords Dance|p1a: Kingambit
|-boost|p1a: Kingambit|atk|2
|move|p2a: Hoopa|Drain Punch|p1a: Kingambit
|-supereffective|p1a: Kingambit
|-damage|p1a: Kingambit|13/100
|-heal|p2a: Hoopa|50/100|[from] drain|[of] p1a: Kingambit
|
|-heal|p1a: Kingambit|19/100|[from] item: Leftovers
|upkeep
|turn|21
|
|t:|1779815850
|move|p1a: Kingambit|Sucker Punch|p2a: Hoopa
|-damage|p2a: Hoopa|0 fnt
|faint|p2a: Hoopa
|
|-heal|p1a: Kingambit|25/100|[from] item: Leftovers
|upkeep
|
|t:|1779815873
|switch|p2a: Sinistcha|Sinistcha, tera:Poison|100/100
|turn|22
|
|t:|1779815881
|move|p1a: Kingambit|Iron Head|p2a: Sinistcha
|-damage|p2a: Sinistcha|9/100
|cant|p2a: Sinistcha|flinch
|
|-heal|p1a: Kingambit|31/100|[from] item: Leftovers
|upkeep
|turn|23
|
|t:|1779815890
|move|p1a: Kingambit|Iron Head|p2a: Sinistcha
|-damage|p2a: Sinistcha|0 fnt
|faint|p2a: Sinistcha
|
|-heal|p1a: Kingambit|37/100|[from] item: Leftovers
|upkeep
|
|t:|1779815898
|switch|p2a: Kyurem|Kyurem|100/100
|-damage|p2a: Kyurem|76/100|[from] Stealth Rock
|-ability|p2a: Kyurem|Pressure
|turn|24
|
|t:|1779815904
|move|p1a: Kingambit|Sucker Punch|p2a: Kyurem
|-damage|p2a: Kyurem|0 fnt
|faint|p2a: Kyurem
|
|-heal|p1a: Kingambit|43/100|[from] item: Leftovers
|upkeep
|-message|Gooseyj forfeited.
|
|win|GELADO_567
|raw|GELADO_567's rating: 1262 &rarr; <strong>1292</strong><br />(+30 for winning)
|raw|Gooseyj's rating: 1332 &rarr; <strong>1308</strong><br />(-24 for losing)
|l|☆Gooseyj
|player|p2|
