|j|☆greatteams123
|j|☆frin2607
|t:|1779846488
|gametype|singles
|player|p1|greatteams123|lucas|1378
|player|p2|frin2607|2|1401
|gen|9
|tier|[Gen 9] OU
|rated|
|rule|HP Percentage Mod: HP is shown in percentages
|rule|Endless Battle Clause: Forcing endless battles is banned
|rule|Species Clause: Limit one of each Pokémon
|rule|OHKO Clause: OHKO moves are banned
|rule|Evasion Items Clause: Evasion items are banned
|rule|Evasion Moves Clause: Evasion moves are banned
|rule|Evasion Abilities Clause: Evasion abilities are banned
|rule|Sleep Moves Clause: Sleep-inducing moves are banned
|clearpoke
|poke|p1|Ditto|
|poke|p1|Corviknight, F|
|poke|p1|Blissey, F|
|poke|p1|Gliscor, M|
|poke|p1|Amoonguss, M|
|poke|p1|Orthworm, M|
|poke|p2|Blaziken, M|
|poke|p2|Deoxys-Speed|
|poke|p2|Kingambit, F|
|poke|p2|Gholdengo|
|poke|p2|Glimmora, M|
|poke|p2|Samurott-Hisui, F|
|teampreview
|inactive|Battle timer is ON: inactive players will automatically lose when time's up. (requested by frin2607)
|
|t:|1779846502
|teamsize|p1|6
|teamsize|p2|6
|start
|switch|p1a: Gliscor|Gliscor, M|100/100
|switch|p2a: Glimmora|Glimmora, M|100/100
|turn|1
|
|t:|1779846506
|move|p2a: Glimmora|Stealth Rock|p1a: Gliscor
|-sidestart|p1: greatteams123|move: Stealth Rock
|move|p1a: Gliscor|Spikes|p2a: Glimmora
|-sidestart|p2: frin2607|Spikes
|
|-status|p1a: Gliscor|tox|[from] item: Toxic Orb
|upkeep
|turn|2
|
|t:|1779846512
|move|p2a: Glimmora|Mortal Spin|p1a: Gliscor
|-resisted|p1a: Gliscor
|-damage|p1a: Gliscor|98/100 tox
|-sideend|p2: frin2607|Spikes|[from] move: Mortal Spin|[of] p2a: Glimmora
|move|p1a: Gliscor|Spikes|p2a: Glimmora
|-sidestart|p2: frin2607|Spikes
|
|-heal|p1a: Gliscor|100/100 tox|[from] ability: Poison Heal
|upkeep
|turn|3
|
|t:|1779846517
|move|p2a: Glimmora|Mortal Spin|p1a: Gliscor
|-resisted|p1a: Gliscor
|-damage|p1a: Gliscor|98/100 tox
|-sideend|p2: frin2607|Spikes|[from] move: Mortal Spin|[of] p2a: Glimmora
|move|p1a: Gliscor|Spikes|p2a: Glimmora
|-sidestart|p2: frin2607|Spikes
|
|-heal|p1a: Gliscor|100/100 tox|[from] ability: Poison Heal
|upkeep
|turn|4
|
|t:|1779846522
|move|p2a: Glimmora|Power Gem|p1a: Gliscor
|-damage|p1a: Gliscor|62/100 tox
|move|p1a: Gliscor|Spikes|p2a: Glimmora
|-sidestart|p2: frin2607|Spikes
|
|-heal|p1a: Gliscor|74/100 tox|[from] ability: Poison Heal
|upkeep
|turn|5
|
|t:|1779846526
|move|p1a: Gliscor|Protect|p1a: Gliscor
|-singleturn|p1a: Gliscor|Protect
|move|p2a: Glimmora|Mortal Spin|p1a: Gliscor
|-activate|p1a: Gliscor|move: Protect
|
|-heal|p1a: Gliscor|87/100 tox|[from] ability: Poison Heal
|upkeep
|turn|6
|
|t:|1779846529
|switch|p1a: Orthworm|Orthworm, M|100/100
|-damage|p1a: Orthworm|94/100|[from] Stealth Rock
|move|p2a: Glimmora|Mortal Spin|p1a: Orthworm
|-immune|p1a: Orthworm
|
|-heal|p1a: Orthworm|100/100|[from] item: Leftovers
|upkeep
|turn|7
|
|t:|1779846535
|move|p2a: Glimmora|Earth Power|p1a: Orthworm
|-immune|p1a: Orthworm|[from] ability: Earth Eater
|move|p1a: Orthworm|Body Press|p2a: Glimmora
|-damage|p2a: Glimmora|65/100
|-activate|p2a: Glimmora|ability: Toxic Debris
|-sidestart|p1: greatteams123|move: Toxic Spikes
|
|upkeep
|turn|8
|
|t:|1779846541
|move|p2a: Glimmora|Power Gem|p1a: Orthworm
|-resisted|p1a: Orthworm
|-damage|p1a: Orthworm|78/100
|move|p1a: Orthworm|Body Press|p2a: Glimmora
|-damage|p2a: Glimmora|29/100
|-activate|p2a: Glimmora|ability: Toxic Debris
|-sidestart|p1: greatteams123|move: Toxic Spikes
|
|-heal|p1a: Orthworm|84/100|[from] item: Leftovers
|upkeep
|turn|9
|
|t:|1779846557
|switch|p1a: Amoonguss|Amoonguss, M|100/100
|-damage|p1a: Amoonguss|88/100|[from] Stealth Rock
|-sideend|p1: greatteams123|move: Toxic Spikes|[of] p1a: Amoonguss
|move|p2a: Glimmora|Power Gem|p1a: Amoonguss
|-damage|p1a: Amoonguss|50/100
|
|-heal|p1a: Amoonguss|56/100|[from] item: Leftovers
|upkeep
|turn|10
|
|t:|1779846563
|switch|p1a: Orthworm|Orthworm, M|84/100
|-damage|p1a: Orthworm|78/100|[from] Stealth Rock
|move|p2a: Glimmora|Mortal Spin|p1a: Orthworm
|-immune|p1a: Orthworm
|
|-heal|p1a: Orthworm|84/100|[from] item: Leftovers
|upkeep
|turn|11
|
|t:|1779846568
|move|p2a: Glimmora|Power Gem|p1a: Orthworm
|-resisted|p1a: Orthworm
|-damage|p1a: Orthworm|62/100
|move|p1a: Orthworm|Body Press|p2a: Glimmora
|-damage|p2a: Glimmora|0 fnt
|-activate|p2a: Glimmora|ability: Toxic Debris
|-sidestart|p1: greatteams123|move: Toxic Spikes
|faint|p2a: Glimmora
|
|-heal|p1a: Orthworm|68/100|[from] item: Leftovers
|upkeep
|
|t:|1779846578
|switch|p2a: Deoxys|Deoxys-Speed|100/100
|-damage|p2a: Deoxys|84/100|[from] Spikes
|-ability|p2a: Deoxys|Pressure
|turn|12
|
|t:|1779846584
|switch|p1a: Amoonguss|Amoonguss, M|90/100
|-damage|p1a: Amoonguss|77/100|[from] Stealth Rock
|-sideend|p1: greatteams123|move: Toxic Spikes|[of] p1a: Amoonguss
|move|p2a: Deoxys|Reflect|p2a: Deoxys
|-sidestart|p2: frin2607|Reflect
|
|-heal|p1a: Amoonguss|83/100|[from] item: Leftovers
|upkeep
|turn|13
|
|t:|1779846595
|switch|p1a: Gliscor|Gliscor, M|87/100 tox
|-damage|p1a: Gliscor|74/100 tox|[from] Stealth Rock
|move|p2a: Deoxys|Taunt|p1a: Gliscor
|-start|p1a: Gliscor|move: Taunt
|
|-heal|p1a: Gliscor|87/100 tox|[from] ability: Poison Heal
|upkeep
|turn|14
|
|t:|1779846601
|move|p2a: Deoxys|Light Screen|p2a: Deoxys
|-sidestart|p2: frin2607|move: Light Screen
|move|p1a: Gliscor|Knock Off|p2a: Deoxys
|-supereffective|p2a: Deoxys
|-damage|p2a: Deoxys|57/100
|-enditem|p2a: Deoxys|Light Clay|[from] move: Knock Off|[of] p1a: Gliscor
|
|-heal|p1a: Gliscor|99/100 tox|[from] ability: Poison Heal
|upkeep
|turn|15
|
|t:|1779846607
|move|p2a: Deoxys|Psychic Noise|p1a: Gliscor
|-damage|p1a: Gliscor|77/100 tox
|-start|p1a: Gliscor|move: Heal Block
|move|p1a: Gliscor|Knock Off|p2a: Deoxys
|-supereffective|p2a: Deoxys
|-damage|p2a: Deoxys|38/100
|
|-end|p1a: Gliscor|move: Taunt
|upkeep
|turn|16
|
|t:|1779846617
|move|p2a: Deoxys|Taunt|p1a: Gliscor
|-start|p1a: Gliscor|move: Taunt
|move|p1a: Gliscor|Knock Off|p2a: Deoxys
|-supereffective|p2a: Deoxys
|-damage|p2a: Deoxys|19/100
|
|-end|p1a: Gliscor|move: Heal Block
|upkeep
|turn|17
|
|t:|1779846624
|move|p2a: Deoxys|Psychic Noise|p1a: Gliscor
|-damage|p1a: Gliscor|54/100 tox
|-start|p1a: Gliscor|move: Heal Block
|move|p1a: Gliscor|Knock Off|p2a: Deoxys
|-supereffective|p2a: Deoxys
|-damage|p2a: Deoxys|0 fnt
|faint|p2a: Deoxys
|
|upkeep
|inactive|frin2607 has 120 seconds left.
|
|t:|1779846674
|switch|p2a: Blaziken|Blaziken, M|100/100
|-damage|p2a: Blaziken|84/100|[from] Spikes
|turn|18
|
|t:|1779846677
|move|p2a: Blaziken|Protect|p2a: Blaziken
|-singleturn|p2a: Blaziken|Protect
|move|p1a: Gliscor|Knock Off|p2a: Blaziken
|-activate|p2a: Blaziken|move: Protect
|
|-end|p1a: Gliscor|move: Taunt
|-end|p1a: Gliscor|move: Heal Block
|-ability|p2a: Blaziken|Speed Boost|boost
|-boost|p2a: Blaziken|spe|1
|upkeep
|turn|19
|inactive|frin2607 has 120 seconds left.
|
|t:|1779846696
|move|p2a: Blaziken|Flare Blitz|p1a: Gliscor
|-damage|p1a: Gliscor|0 fnt
|faint|p1a: Gliscor
|-damage|p2a: Blaziken|63/100|[from] Recoil
|-damage|p2a: Blaziken|53/100|[from] item: Life Orb
|
|-sideend|p2: frin2607|Reflect
|-ability|p2a: Blaziken|Speed Boost|boost
|-boost|p2a: Blaziken|spe|1
|upkeep
|
|t:|1779846705
|switch|p1a: Ditto|Ditto|100/100
|-damage|p1a: Ditto|88/100|[from] Stealth Rock
|-transform|p1a: Ditto|p2a: Blaziken|[from] ability: Imposter
|turn|20
|inactive|frin2607 has 120 seconds left.
|
|t:|1779846724
|-terastallize|p2a: Blaziken|Ghost
|move|p1a: Ditto|Close Combat|p2a: Blaziken
|-immune|p2a: Blaziken
|move|p2a: Blaziken|Close Combat|p1a: Ditto
|-damage|p1a: Ditto|0 fnt
|-unboost|p2a: Blaziken|def|1
|-unboost|p2a: Blaziken|spd|1
|faint|p1a: Ditto
|-damage|p2a: Blaziken|43/100|[from] item: Life Orb
|
|-ability|p2a: Blaziken|Speed Boost|boost
|-boost|p2a: Blaziken|spe|1
|upkeep
|c|☆greatteams123|why ghost type?
|c|☆greatteams123|you prevent yourself from breaking dondozo with that
|inactive|greatteams123 has 120 seconds left.
|
|t:|1779846753
|switch|p1a: Amoonguss|Amoonguss, M|100/100
|-damage|p1a: Amoonguss|88/100|[from] Stealth Rock
|turn|21
|c|☆frin2607|thats true
|c|☆frin2607|i didnt think about that
|inactive|greatteams123 has 120 seconds left.
|inactive|frin2607 has 120 seconds left.
|c|☆greatteams123|cuz normally the terra is fighting type
|inactive|greatteams123 has 90 seconds left.
|c|☆frin2607|oh yeah dondozo completely wall my team
|inactive|frin2607 has 90 seconds left.
|c|☆greatteams123|i cant understand why it could be ghost type
|c|☆greatteams123|it is to block close combat from tusk?
|inactive|greatteams123 has 60 seconds left.
|c|☆frin2607|i put it to block extreme speed
|inactive|greatteams123 has 30 seconds left.
|
|t:|1779846857
|move|p2a: Blaziken|Flare Blitz|p1a: Amoonguss
|-supereffective|p1a: Amoonguss
|-damage|p1a: Amoonguss|0 fnt
|faint|p1a: Amoonguss
|-damage|p2a: Blaziken|2/100|[from] Recoil
|-damage|p2a: Blaziken|0 fnt|[from] item: Life Orb
|faint|p2a: Blaziken
|
|-sideend|p2: frin2607|move: Light Screen
|upkeep
|inactive|greatteams123 has 30 seconds left this turn.
|c|☆frin2607|im sure i would be fine with a more defensive tera
|inactive|greatteams123 has 20 seconds left.
|
|t:|1779846873
|switch|p2a: Samurott|Samurott-Hisui, F|100/100
|switch|p1a: Corviknight|Corviknight, F|100/100
|-damage|p2a: Samurott|84/100|[from] Spikes
|-damage|p1a: Corviknight|88/100|[from] Stealth Rock
|-ability|p1a: Corviknight|Pressure
|turn|22
|inactive|greatteams123 has 30 seconds left this turn.
|
|t:|1779846882
|move|p2a: Samurott|Ceaseless Edge|p1a: Corviknight
|-damage|p1a: Corviknight|62/100
|-sidestart|p1: greatteams123|Spikes
|move|p1a: Corviknight|Defog|p2a: Samurott
|-unboost|p2a: Samurott|evasion|1
|-sideend|p2: frin2607|Spikes|[from] move: Defog|[of] p1a: Corviknight
|-sideend|p1: greatteams123|Spikes|[from] move: Defog|[of] p1a: Corviknight
|-sideend|p1: greatteams123|Stealth Rock|[from] move: Defog|[of] p1a: Corviknight
|
|-heal|p1a: Corviknight|68/100|[from] item: Leftovers
|upkeep
|turn|23
|inactive|greatteams123 has 30 seconds left.
|inactive|frin2607 has 90 seconds left.
|c|☆greatteams123|i always thought blaziken was meant to wallbreak
|c|☆frin2607|i forgot about defog
|c|☆frin2607|yeah
|c|☆frin2607|a sword dance and life orb should be enough
|
|t:|1779846913
|move|p2a: Samurott|Ceaseless Edge|p1a: Corviknight
|-damage|p1a: Corviknight|43/100
|-sidestart|p1: greatteams123|Spikes
|move|p1a: Corviknight|Roost|p1a: Corviknight
|-heal|p1a: Corviknight|93/100
|-singleturn|p1a: Corviknight|move: Roost
|
|-heal|p1a: Corviknight|99/100|[from] item: Leftovers
|upkeep
|turn|24
|
|t:|1779846919
|switch|p2a: Gholdengo|Gholdengo|100/100
|-item|p2a: Gholdengo|Air Balloon
|move|p1a: Corviknight|Brave Bird|p2a: Gholdengo
|-resisted|p2a: Gholdengo
|-damage|p2a: Gholdengo|81/100
|-enditem|p2a: Gholdengo|Air Balloon
|-damage|p1a: Corviknight|94/100|[from] Recoil
|
|-heal|p1a: Corviknight|99/100|[from] item: Leftovers
|upkeep
|turn|25
|
|t:|1779846929
|switch|p1a: Blissey|Blissey, F|100/100
|-damage|p1a: Blissey|88/100|[from] Spikes
|move|p2a: Gholdengo|Nasty Plot|p2a: Gholdengo
|-boost|p2a: Gholdengo|spa|2
|
|-heal|p1a: Blissey|94/100|[from] item: Leftovers
|upkeep
|turn|26
|
|t:|1779846936
|switch|p2a: Samurott|Samurott-Hisui, F|84/100
|move|p1a: Blissey|Calm Mind|p1a: Blissey
|-boost|p1a: Blissey|spa|1
|-boost|p1a: Blissey|spd|1
|
|-heal|p1a: Blissey|99/100|[from] item: Leftovers
|upkeep
|turn|27
|
|t:|1779846940
|switch|p1a: Corviknight|Corviknight, F|99/100
|-ability|p1a: Corviknight|Pressure
|move|p2a: Samurott|Ceaseless Edge|p1a: Corviknight
|-damage|p1a: Corviknight|74/100
|-sidestart|p1: greatteams123|Spikes
|
|-heal|p1a: Corviknight|80/100|[from] item: Leftovers
|upkeep
|turn|28
|
|t:|1779846949
|move|p2a: Samurott|Knock Off|p1a: Corviknight
|-damage|p1a: Corviknight|54/100
|-enditem|p1a: Corviknight|Leftovers|[from] move: Knock Off|[of] p2a: Samurott
|move|p1a: Corviknight|Defog|p2a: Samurott
|-unboost|p2a: Samurott|evasion|1
|-sideend|p1: greatteams123|Spikes|[from] move: Defog|[of] p1a: Corviknight
|
|upkeep
|turn|29
|
|t:|1779846958
|move|p2a: Samurott|Razor Shell|p1a: Corviknight
|-damage|p1a: Corviknight|24/100
|move|p1a: Corviknight|Roost|p1a: Corviknight
|-heal|p1a: Corviknight|74/100
|-singleturn|p1a: Corviknight|move: Roost
|
|upkeep
|turn|30
|
|t:|1779846962
|move|p2a: Samurott|Razor Shell|p1a: Corviknight|[miss]
|-miss|p2a: Samurott|p1a: Corviknight
|move|p1a: Corviknight|Brave Bird|p2a: Samurott
|-damage|p2a: Samurott|45/100
|-damage|p1a: Corviknight|61/100|[from] Recoil
|
|upkeep
|turn|31
|
|t:|1779846965
|move|p2a: Samurott|Razor Shell|p1a: Corviknight
|-damage|p1a: Corviknight|31/100
|move|p1a: Corviknight|Roost|p1a: Corviknight
|-heal|p1a: Corviknight|81/100
|-singleturn|p1a: Corviknight|move: Roost
|
|upkeep
|turn|32
|
|t:|1779846969
|move|p2a: Samurott|Razor Shell|p1a: Corviknight
|-damage|p1a: Corviknight|50/100
|-unboost|p1a: Corviknight|def|1
|move|p1a: Corviknight|Brave Bird|p2a: Samurott
|-damage|p2a: Samurott|8/100
|-damage|p1a: Corviknight|39/100|[from] Recoil
|
|upkeep
|turn|33
|inactive|greatteams123 has 120 seconds left.
|
|t:|1779846977
|switch|p1a: Orthworm|Orthworm, M|68/100
|move|p2a: Samurott|Ceaseless Edge|p1a: Orthworm
|-damage|p1a: Orthworm|39/100
|-sidestart|p1: greatteams123|Spikes
|
|-heal|p1a: Orthworm|45/100|[from] item: Leftovers
|upkeep
|turn|34
|
|t:|1779846984
|switch|p2a: Gholdengo|Gholdengo|81/100
|move|p1a: Orthworm|Body Press|p2a: Gholdengo
|-immune|p2a: Gholdengo
|
|-heal|p1a: Orthworm|51/100|[from] item: Leftovers
|upkeep
|turn|35
|
|t:|1779846990
|switch|p1a: Blissey|Blissey, F|99/100
|-damage|p1a: Blissey|88/100|[from] Spikes
|move|p2a: Gholdengo|Nasty Plot|p2a: Gholdengo
|-boost|p2a: Gholdengo|spa|2
|
|-heal|p1a: Blissey|94/100|[from] item: Leftovers
|upkeep
|turn|36
|
|t:|1779846995
|switch|p2a: Samurott|Samurott-Hisui, F|8/100
|move|p1a: Blissey|Shadow Ball|p2a: Samurott
|-resisted|p2a: Samurott
|-damage|p2a: Samurott|3/100
|
|-heal|p1a: Blissey|99/100|[from] item: Leftovers
|upkeep
|turn|37
|
|t:|1779847002
|move|p2a: Samurott|Razor Shell|p1a: Blissey
|-damage|p1a: Blissey|45/100
|move|p1a: Blissey|Seismic Toss|p2a: Samurott
|-damage|p2a: Samurott|0 fnt
|faint|p2a: Samurott
|
|-heal|p1a: Blissey|51/100|[from] item: Leftovers
|upkeep
|
|t:|1779847011
|switch|p2a: Kingambit|Kingambit, F|100/100
|-activate|p2a: Kingambit|ability: Supreme Overlord
|-start|p2a: Kingambit|fallen4|[silent]
|turn|38
|
|t:|1779847015
|switch|p1a: Corviknight|Corviknight, F|39/100
|-ability|p1a: Corviknight|Pressure
|move|p2a: Kingambit|Kowtow Cleave|p1a: Corviknight
|-crit|p1a: Corviknight
|-damage|p1a: Corviknight|0 fnt
|faint|p1a: Corviknight
|
|upkeep
|
|t:|1779847017
|switch|p1a: Orthworm|Orthworm, M|51/100
|-damage|p1a: Orthworm|39/100|[from] Spikes
|turn|39
|
|t:|1779847023
|-end|p2a: Kingambit|fallen4|[silent]
|switch|p2a: Gholdengo|Gholdengo|81/100
|move|p1a: Orthworm|Body Press|p2a: Gholdengo
|-immune|p2a: Gholdengo
|
|-heal|p1a: Orthworm|45/100|[from] item: Leftovers
|upkeep
|turn|40
|
|t:|1779847028
|switch|p1a: Blissey|Blissey, F|51/100
|-damage|p1a: Blissey|39/100|[from] Spikes
|move|p2a: Gholdengo|Make It Rain|p1a: Blissey
|-damage|p1a: Blissey|21/100
|-unboost|p2a: Gholdengo|spa|1
|
|-heal|p1a: Blissey|27/100|[from] item: Leftovers
|upkeep
|turn|41
|
|t:|1779847038
|switch|p2a: Kingambit|Kingambit, F|100/100
|-activate|p2a: Kingambit|ability: Supreme Overlord
|-start|p2a: Kingambit|fallen4|[silent]
|move|p1a: Blissey|Soft-Boiled|p1a: Blissey
|-heal|p1a: Blissey|77/100
|
|-heal|p1a: Blissey|83/100|[from] item: Leftovers
|upkeep
|turn|42
|
|t:|1779847045
|move|p2a: Kingambit|Kowtow Cleave|p1a: Blissey
|-damage|p1a: Blissey|9/100
|move|p1a: Blissey|Seismic Toss|p2a: Kingambit
|-damage|p2a: Kingambit|75/100
|
|-heal|p2a: Kingambit|81/100|[from] item: Leftovers
|-heal|p1a: Blissey|15/100|[from] item: Leftovers
|upkeep
|turn|43
|inactive|greatteams123 has 120 seconds left.
|
|t:|1779847091
|move|p2a: Kingambit|Kowtow Cleave|p1a: Blissey
|-damage|p1a: Blissey|0 fnt
|faint|p1a: Blissey
|
|-heal|p2a: Kingambit|87/100|[from] item: Leftovers
|upkeep
|
|t:|1779847093
|switch|p1a: Orthworm|Orthworm, M|45/100
|-damage|p1a: Orthworm|33/100|[from] Spikes
|turn|44
|
|t:|1779847096
|-end|p2a: Kingambit|fallen4|[silent]
|switch|p2a: Gholdengo|Gholdengo|81/100
|move|p1a: Orthworm|Body Press|p2a: Gholdengo
|-immune|p2a: Gholdengo
|
|-heal|p1a: Orthworm|39/100|[from] item: Leftovers
|upkeep
|turn|45
|
|t:|1779847100
|move|p2a: Gholdengo|Shadow Ball|p1a: Orthworm
|-damage|p1a: Orthworm|0 fnt
|faint|p1a: Orthworm
|
|win|frin2607
|raw|greatteams123's rating: 1378 &rarr; <strong>1359</strong><br />(-19 for losing)
|raw|frin2607's rating: 1401 &rarr; <strong>1420</strong><br />(+19 for winning)
|c|☆frin2607|gg
|c|☆greatteams123|orthworm is useless when there isnt kyurem
|c|☆greatteams123|or dragonite
|c|☆frin2607|ok ive checked dondozo walls blaziken regardless of tera
|c|☆frin2607|true
|c|☆greatteams123|dondozo is forced to terra is blaziken terra fightings
|c|☆greatteams123|and i think terra fighting blaziken ohkos alomomola
|c|☆frin2607|its a 2 ohko with tera fight cc to dondozo
|c|☆frin2607|and dondozo one shots blaziken with wave crash
|c|☆frin2607|definitely shouldnt bring blaziken to ou but fuck it
|c|☆greatteams123|blaziken can force dondozo to terra
|c|☆greatteams123|allowing another physical attacker to sweep i guess?
|c|☆frin2607|tera fight blaziken 2hko alomomola
|c|☆greatteams123|ohko after sd
|c|☆frin2607|wow this guy sucks
|c|☆frin2607|yeah that ohko
|c|☆greatteams123|orthworm is only good against glimmora
|c|☆greatteams123|that's it
|c|☆greatteams123|but blaziken destroyed my team so
|c|☆frin2607|true
|c|☆frin2607|it completely wall glimmora
|c|☆greatteams123|yeah
|c|☆frin2607|oh my god i just realized
|c|☆greatteams123|unless glimmora is meteor beam
|c|☆frin2607|i put psychic noise on deoxys s
|c|☆frin2607|instead of psycho boost
|c|☆greatteams123|i realized that too
|c|☆frin2607|no wonder i deal no damage
|c|☆frin2607|ok im gonna go now
|l|☆frin2607
|player|p2|
