|j|☆zukarusuke
|j|☆adow
|t:|1779912826
|gametype|singles
|player|p1|zukarusuke|unknown|1220
|player|p2|adow|265|1199
|gen|9
|tier|[Gen 9] OU
|rated|
|rule|HP Percentage Mod: HP is shown in percentages
|rule|Endless Battle Clause: Forcing endless battles is banned
|rule|Species Clause: Limit one of each Pokémon
|rule|OHKO Clause: OHKO moves are banned
|rule|Evasion Items Clause: Evasion items are banned
|rule|Evasion Moves Clause: Evasion moves are banned
|rule|Evasion Abilities Clause: Evasion abilities are banned
|rule|Sleep Moves Clause: Sleep-inducing moves are banned
|clearpoke
|poke|p1|Lokix, F|
|poke|p1|Iron Crown|
|poke|p1|Gliscor, F|
|poke|p1|Garganacl, M|
|poke|p1|Pecharunt|
|poke|p1|Cinderace, F|
|poke|p2|Jolteon, M|
|poke|p2|Ninetales-Alola, F|
|poke|p2|Skeledirge, M|
|poke|p2|Toucannon, M|
|poke|p2|Umbreon, M|
|poke|p2|Donphan, F|
|teampreview
|inactive|Battle timer is ON: inactive players will automatically lose when time's up. (requested by zukarusuke)
|
|t:|1779912840
|teamsize|p1|6
|teamsize|p2|6
|start
|switch|p1a: Iron Crown|Iron Crown|100/100
|switch|p2a: Toucannon|Toucannon, M|100/100
|turn|1
|
|t:|1779912845
|switch|p2a: Donphan|Donphan, F|100/100
|move|p1a: Iron Crown|Tachyon Cutter|p2a: Donphan
|-damage|p2a: Donphan|47/100
|-damage|p2a: Donphan|0 fnt
|faint|p2a: Donphan
|-hitcount|p2: Donphan|2
|
|upkeep
|
|t:|1779912855
|switch|p2a: Jolteon|Jolteon, M|100/100
|turn|2
|
|t:|1779912861
|-end|p1a: Iron Crown|Quark Drive|[silent]
|switch|p1a: Gliscor|Gliscor, F|100/100
|move|p2a: Jolteon|Shadow Ball|p1a: Gliscor
|-damage|p1a: Gliscor|48/100
|
|-status|p1a: Gliscor|tox|[from] item: Toxic Orb
|upkeep
|turn|3
|
|t:|1779912877
|switch|p2a: Ninetales|Ninetales-Alola, F|100/100
|-weather|Snowscape|[from] ability: Snow Warning|[of] p2a: Ninetales
|move|p1a: Gliscor|Protect||[still]
|-fail|p1a: Gliscor
|
|-weather|Snowscape|[upkeep]
|-heal|p1a: Gliscor|60/100 tox|[from] ability: Poison Heal
|upkeep
|turn|4
|
|t:|1779912880
|switch|p1a: Iron Crown|Iron Crown|100/100
|move|p2a: Ninetales|Aurora Veil|p2a: Ninetales
|-sidestart|p2: adow|move: Aurora Veil
|
|-weather|Snowscape|[upkeep]
|upkeep
|turn|5
|
|t:|1779912886
|switch|p2a: Skeledirge|Skeledirge, M|100/100
|move|p1a: Iron Crown|Psyshock|p2a: Skeledirge
|-damage|p2a: Skeledirge|82/100
|
|-weather|Snowscape|[upkeep]
|upkeep
|turn|6
|
|t:|1779912893
|-end|p1a: Iron Crown|Quark Drive|[silent]
|switch|p1a: Gliscor|Gliscor, F|60/100 tox
|move|p2a: Skeledirge|Torch Song|p1a: Gliscor
|-damage|p1a: Gliscor|22/100 tox
|-boost|p2a: Skeledirge|spa|1
|
|-weather|Snowscape|[upkeep]
|-heal|p1a: Gliscor|34/100 tox|[from] ability: Poison Heal
|upkeep
|turn|7
|
|t:|1779912898
|move|p1a: Gliscor|Earthquake|p2a: Skeledirge
|-supereffective|p2a: Skeledirge
|-damage|p2a: Skeledirge|55/100
|move|p2a: Skeledirge|Torch Song|p1a: Gliscor
|-damage|p1a: Gliscor|0 fnt
|-boost|p2a: Skeledirge|spa|1
|faint|p1a: Gliscor
|
|-weather|none
|upkeep
|
|t:|1779912913
|switch|p1a: Garganacl|Garganacl, M|100/100
|turn|8
|
|t:|1779912922
|switch|p2a: Jolteon|Jolteon, M|100/100
|move|p1a: Garganacl|Salt Cure|p2a: Jolteon
|-damage|p2a: Jolteon|87/100
|-start|p2a: Jolteon|Salt Cure
|
|-damage|p2a: Jolteon|75/100|[from] Salt Cure
|upkeep
|turn|9
|
|t:|1779912929
|move|p1a: Garganacl|Protect|p1a: Garganacl
|-singleturn|p1a: Garganacl|Protect
|move|p2a: Jolteon|Volt Switch|p1a: Garganacl
|-activate|p1a: Garganacl|move: Protect
|
|-damage|p2a: Jolteon|62/100|[from] Salt Cure
|upkeep
|turn|10
|
|t:|1779912935
|move|p2a: Jolteon|Volt Switch|p1a: Garganacl
|-damage|p1a: Garganacl|67/100
|
|t:|1779912938
|switch|p2a: Umbreon|Umbreon, M|100/100|[from] Volt Switch
|move|p1a: Garganacl|Stealth Rock|p2a: Umbreon
|-sidestart|p2: adow|move: Stealth Rock
|
|-heal|p1a: Garganacl|73/100|[from] item: Leftovers
|upkeep
|turn|11
|
|t:|1779912950
|move|p2a: Umbreon|Curse|p2a: Umbreon
|-unboost|p2a: Umbreon|spe|1
|-boost|p2a: Umbreon|atk|1
|-boost|p2a: Umbreon|def|1
|move|p1a: Garganacl|Salt Cure|p2a: Umbreon
|-damage|p2a: Umbreon|97/100
|-start|p2a: Umbreon|Salt Cure
|
|-heal|p2a: Umbreon|100/100|[from] item: Leftovers
|-heal|p1a: Garganacl|79/100|[from] item: Leftovers
|-damage|p2a: Umbreon|88/100|[from] Salt Cure
|-sideend|p2: adow|move: Aurora Veil
|upkeep
|turn|12
|
|t:|1779912963
|switch|p1a: Iron Crown|Iron Crown|100/100
|move|p2a: Umbreon|Curse|p2a: Umbreon
|-unboost|p2a: Umbreon|spe|1
|-boost|p2a: Umbreon|atk|1
|-boost|p2a: Umbreon|def|1
|
|-heal|p2a: Umbreon|94/100|[from] item: Leftovers
|-damage|p2a: Umbreon|82/100|[from] Salt Cure
|upkeep
|turn|13
|
|t:|1779912971
|move|p1a: Iron Crown|Focus Blast|p2a: Umbreon
|-supereffective|p2a: Umbreon
|-crit|p2a: Umbreon
|-damage|p2a: Umbreon|0 fnt
|faint|p2a: Umbreon
|
|upkeep
|
|t:|1779912979
|switch|p2a: Skeledirge|Skeledirge, M|55/100
|turn|14
|
|t:|1779912985
|-end|p1a: Iron Crown|Quark Drive|[silent]
|switch|p1a: Garganacl|Garganacl, M|79/100
|move|p2a: Skeledirge|Shadow Ball|p1a: Garganacl
|-damage|p1a: Garganacl|70/100
|
|-heal|p1a: Garganacl|76/100|[from] item: Leftovers
|upkeep
|turn|15
|
|t:|1779912993
|move|p2a: Skeledirge|Torch Song|p1a: Garganacl
|-resisted|p1a: Garganacl
|-damage|p1a: Garganacl|66/100
|-boost|p2a: Skeledirge|spa|1
|move|p1a: Garganacl|Salt Cure|p2a: Skeledirge
|-supereffective|p2a: Skeledirge
|-damage|p2a: Skeledirge|37/100
|-start|p2a: Skeledirge|Salt Cure
|
|-heal|p1a: Garganacl|73/100|[from] item: Leftovers
|-damage|p2a: Skeledirge|25/100|[from] Salt Cure
|upkeep
|turn|16
|
|t:|1779912998
|move|p2a: Skeledirge|Slack Off|p2a: Skeledirge
|-heal|p2a: Skeledirge|75/100
|move|p1a: Garganacl|Recover|p1a: Garganacl
|-heal|p1a: Garganacl|100/100
|
|-damage|p2a: Skeledirge|62/100|[from] Salt Cure
|upkeep
|turn|17
|
|t:|1779913001
|move|p2a: Skeledirge|Slack Off|p2a: Skeledirge
|-heal|p2a: Skeledirge|100/100
|move|p1a: Garganacl|Salt Cure|p2a: Skeledirge
|-supereffective|p2a: Skeledirge
|-damage|p2a: Skeledirge|82/100
|
|-damage|p2a: Skeledirge|69/100|[from] Salt Cure
|upkeep
|turn|18
|
|t:|1779913008
|move|p2a: Skeledirge|Torch Song|p1a: Garganacl
|-resisted|p1a: Garganacl
|-damage|p1a: Garganacl|84/100
|-boost|p2a: Skeledirge|spa|1
|move|p1a: Garganacl|Salt Cure|p2a: Skeledirge
|-supereffective|p2a: Skeledirge
|-damage|p2a: Skeledirge|51/100
|
|-heal|p1a: Garganacl|90/100|[from] item: Leftovers
|-damage|p2a: Skeledirge|39/100|[from] Salt Cure
|upkeep
|turn|19
|
|t:|1779913014
|switch|p1a: Lokix|Lokix, F|100/100
|move|p2a: Skeledirge|Slack Off|p2a: Skeledirge
|-heal|p2a: Skeledirge|89/100
|
|-damage|p2a: Skeledirge|76/100|[from] Salt Cure
|upkeep
|turn|20
|
|t:|1779913029
|move|p1a: Lokix|Knock Off|p2a: Skeledirge
|-supereffective|p2a: Skeledirge
|-damage|p2a: Skeledirge|15/100
|-enditem|p2a: Skeledirge|Heavy-Duty Boots|[from] move: Knock Off|[of] p1a: Lokix
|move|p2a: Skeledirge|Will-O-Wisp|p1a: Lokix
|-status|p1a: Lokix|brn
|
|-damage|p1a: Lokix|94/100 brn|[from] brn
|-damage|p2a: Skeledirge|3/100|[from] Salt Cure
|upkeep
|turn|21
|
|t:|1779913037
|move|p1a: Lokix|Knock Off|p2a: Skeledirge
|-supereffective|p2a: Skeledirge
|-crit|p2a: Skeledirge
|-damage|p2a: Skeledirge|0 fnt
|faint|p2a: Skeledirge
|
|-damage|p1a: Lokix|88/100 brn|[from] brn
|upkeep
|
|t:|1779913046
|switch|p2a: Ninetales|Ninetales-Alola, F|100/100
|-damage|p2a: Ninetales|76/100|[from] Stealth Rock
|-weather|Snowscape|[from] ability: Snow Warning|[of] p2a: Ninetales
|turn|22
|
|t:|1779913049
|move|p1a: Lokix|U-turn|p2a: Ninetales
|-resisted|p2a: Ninetales
|-damage|p2a: Ninetales|60/100
|
|t:|1779913051
|switch|p1a: Iron Crown|Iron Crown|100/100|[from] U-turn
|move|p2a: Ninetales|Aurora Veil|p2a: Ninetales
|-sidestart|p2: adow|move: Aurora Veil
|
|-weather|Snowscape|[upkeep]
|upkeep
|turn|23
|
|t:|1779913060
|-end|p1a: Iron Crown|Quark Drive|[silent]
|switch|p1a: Lokix|Lokix, F|88/100 brn
|move|p2a: Ninetales|Freeze-Dry|p1a: Lokix
|-damage|p1a: Lokix|50/100 brn
|
|-weather|Snowscape|[upkeep]
|-damage|p1a: Lokix|44/100 brn|[from] brn
|upkeep
|turn|24
|
|t:|1779913067
|move|p1a: Lokix|Knock Off|p2a: Ninetales
|-resisted|p2a: Ninetales
|-damage|p2a: Ninetales|50/100
|-enditem|p2a: Ninetales|Light Clay|[from] move: Knock Off|[of] p1a: Lokix
|move|p2a: Ninetales|Freeze-Dry|p1a: Lokix
|-damage|p1a: Lokix|4/100 brn
|
|-weather|Snowscape|[upkeep]
|-damage|p1a: Lokix|0 fnt|[from] brn
|faint|p1a: Lokix
|upkeep
|
|t:|1779913083
|switch|p1a: Cinderace|Cinderace, F|100/100
|turn|25
|
|t:|1779913091
|move|p1a: Cinderace|Court Change|p1a: Cinderace
|-start|p1a: Cinderace|typechange|Normal|[from] ability: Libero
|-swapsideconditions
|-activate|p1a: Cinderace|move: Court Change
|move|p2a: Ninetales|Pain Split|p1a: Cinderace
|-sethp|p1a: Cinderace|79/100|[from] move: Pain Split|[silent]
|-sethp|p2a: Ninetales|68/100|[from] move: Pain Split
|
|-weather|Snowscape|[upkeep]
|upkeep
|turn|26
|
|t:|1779913098
|move|p1a: Cinderace|Pyro Ball|p2a: Ninetales|[miss]
|-miss|p1a: Cinderace|p2a: Ninetales
|move|p2a: Ninetales|Aurora Veil|p2a: Ninetales
|-sidestart|p2: adow|move: Aurora Veil
|
|-weather|none
|upkeep
|turn|27
|
|t:|1779913103
|move|p1a: Cinderace|Pyro Ball|p2a: Ninetales
|-supereffective|p2a: Ninetales
|-damage|p2a: Ninetales|22/100
|move|p2a: Ninetales|Freeze-Dry|p1a: Cinderace
|-damage|p1a: Cinderace|65/100
|
|upkeep
|turn|28
|
|t:|1779913108
|switch|p1a: Iron Crown|Iron Crown|100/100
|-damage|p1a: Iron Crown|94/100|[from] Stealth Rock
|move|p2a: Ninetales|Pain Split|p1a: Iron Crown
|-sethp|p1a: Iron Crown|59/100|[from] move: Pain Split|[silent]
|-sethp|p2a: Ninetales|54/100|[from] move: Pain Split
|
|upkeep
|turn|29
|
|t:|1779913118
|-end|p1a: Iron Crown|Quark Drive|[silent]
|switch|p1a: Cinderace|Cinderace, F|65/100
|move|p2a: Ninetales|Freeze-Dry|p1a: Cinderace
|-resisted|p1a: Cinderace
|-damage|p1a: Cinderace|58/100
|
|-sideend|p1: zukarusuke|move: Aurora Veil
|upkeep
|turn|30
|
|t:|1779913124
|switch|p2a: Jolteon|Jolteon, M|62/100
|move|p1a: Cinderace|Pyro Ball|p2a: Jolteon
|-damage|p2a: Jolteon|4/100
|
|-sideend|p2: adow|move: Aurora Veil
|upkeep
|turn|31
|
|t:|1779913139
|switch|p1a: Garganacl|Garganacl, M|90/100
|-damage|p1a: Garganacl|78/100|[from] Stealth Rock
|move|p2a: Jolteon|Volt Switch|p1a: Garganacl
|-damage|p1a: Garganacl|47/100
|
|t:|1779913147
|switch|p2a: Ninetales|Ninetales-Alola, F|54/100|[from] Volt Switch
|-weather|Snowscape|[from] ability: Snow Warning|[of] p2a: Ninetales
|
|-weather|Snowscape|[upkeep]
|-heal|p1a: Garganacl|53/100|[from] item: Leftovers
|upkeep
|turn|32
|
|t:|1779913151
|move|p2a: Ninetales|Aurora Veil|p2a: Ninetales
|-sidestart|p2: adow|move: Aurora Veil
|move|p1a: Garganacl|Salt Cure|p2a: Ninetales
|-supereffective|p2a: Ninetales
|-damage|p2a: Ninetales|43/100
|-start|p2a: Ninetales|Salt Cure
|
|-weather|Snowscape|[upkeep]
|-heal|p1a: Garganacl|59/100|[from] item: Leftovers
|-damage|p2a: Ninetales|31/100|[from] Salt Cure
|upkeep
|turn|33
|
|t:|1779913161
|move|p2a: Ninetales|Pain Split|p1a: Garganacl
|-sethp|p1a: Garganacl|43/100|[from] move: Pain Split|[silent]
|-sethp|p2a: Ninetales|49/100|[from] move: Pain Split
|move|p1a: Garganacl|Recover|p1a: Garganacl
|-heal|p1a: Garganacl|93/100
|
|-weather|Snowscape|[upkeep]
|-heal|p1a: Garganacl|99/100|[from] item: Leftovers
|-damage|p2a: Ninetales|37/100|[from] Salt Cure
|upkeep
|turn|34
|
|t:|1779913173
|switch|p1a: Cinderace|Cinderace, F|58/100
|move|p2a: Ninetales|Freeze-Dry|p1a: Cinderace
|-resisted|p1a: Cinderace
|-damage|p1a: Cinderace|42/100
|
|-weather|Snowscape|[upkeep]
|-damage|p2a: Ninetales|25/100|[from] Salt Cure
|upkeep
|turn|35
|
|t:|1779913180
|move|p1a: Cinderace|Court Change|p1a: Cinderace
|-start|p1a: Cinderace|typechange|Normal|[from] ability: Libero
|-swapsideconditions
|-activate|p1a: Cinderace|move: Court Change
|move|p2a: Ninetales|Aurora Veil|p2a: Ninetales
|-sidestart|p2: adow|move: Aurora Veil
|
|-weather|none
|-damage|p2a: Ninetales|12/100|[from] Salt Cure
|upkeep
|turn|36
|
|t:|1779913186
|move|p1a: Cinderace|Pyro Ball|p2a: Ninetales
|-supereffective|p2a: Ninetales
|-damage|p2a: Ninetales|0 fnt
|faint|p2a: Ninetales
|
|-sideend|p1: zukarusuke|move: Aurora Veil
|upkeep
|
|t:|1779913190
|switch|p2a: Jolteon|Jolteon, M|4/100
|-damage|p2a: Jolteon|0 fnt|[from] Stealth Rock
|faint|p2a: Jolteon
|
|t:|1779913192
|switch|p2a: Toucannon|Toucannon, M|100/100
|-damage|p2a: Toucannon|75/100|[from] Stealth Rock
|turn|37
|
|t:|1779913205
|move|p1a: Cinderace|Court Change|p1a: Cinderace
|-swapsideconditions
|-activate|p1a: Cinderace|move: Court Change
|move|p2a: Toucannon|Swords Dance|p2a: Toucannon
|-boost|p2a: Toucannon|atk|2
|
|upkeep
|turn|38
|
|t:|1779913215
|-singleturn|p2a: Toucannon|move: Beak Blast
|move|p1a: Cinderace|Will-O-Wisp|p2a: Toucannon
|-status|p2a: Toucannon|brn
|move|p2a: Toucannon|Beak Blast|p1a: Cinderace
|-damage|p1a: Cinderace|11/100
|
|-damage|p2a: Toucannon|69/100 brn|[from] brn
|upkeep
|turn|39
|
|t:|1779913221
|move|p1a: Cinderace|Pyro Ball|p2a: Toucannon
|-damage|p2a: Toucannon|35/100 brn
|move|p2a: Toucannon|Roost|p2a: Toucannon
|-heal|p2a: Toucannon|85/100 brn
|-singleturn|p2a: Toucannon|move: Roost
|
|-damage|p2a: Toucannon|79/100 brn|[from] brn
|-sideend|p1: zukarusuke|move: Aurora Veil
|upkeep
|turn|40
|
|t:|1779913227
|move|p1a: Cinderace|Pyro Ball|p2a: Toucannon
|-damage|p2a: Toucannon|44/100 brn
|move|p2a: Toucannon|Swords Dance|p2a: Toucannon
|-boost|p2a: Toucannon|atk|2
|
|-damage|p2a: Toucannon|38/100 brn|[from] brn
|upkeep
|turn|41
|
|t:|1779913230
|move|p1a: Cinderace|Pyro Ball|p2a: Toucannon
|-damage|p2a: Toucannon|7/100 brn
|move|p2a: Toucannon|Roost|p2a: Toucannon
|-heal|p2a: Toucannon|57/100 brn
|-singleturn|p2a: Toucannon|move: Roost
|
|-damage|p2a: Toucannon|51/100 brn|[from] brn
|upkeep
|turn|42
|
|t:|1779913238
|move|p1a: Cinderace|Pyro Ball|p2a: Toucannon
|-damage|p2a: Toucannon|19/100 brn
|move|p2a: Toucannon|Roost|p2a: Toucannon
|-heal|p2a: Toucannon|69/100 brn
|-singleturn|p2a: Toucannon|move: Roost
|
|-damage|p2a: Toucannon|63/100 brn|[from] brn
|upkeep
|turn|43
|
|t:|1779913245
|move|p1a: Cinderace|Court Change|p1a: Cinderace
|-swapsideconditions
|-activate|p1a: Cinderace|move: Court Change
|move|p2a: Toucannon|Roost|p2a: Toucannon
|-heal|p2a: Toucannon|100/100 brn
|-singleturn|p2a: Toucannon|move: Roost
|
|-damage|p2a: Toucannon|94/100 brn|[from] brn
|upkeep
|turn|44
|
|t:|1779913249
|-singleturn|p2a: Toucannon|move: Beak Blast
|move|p1a: Cinderace|U-turn|p2a: Toucannon
|-resisted|p2a: Toucannon
|-damage|p2a: Toucannon|84/100 brn
|-status|p1a: Cinderace|brn
|-damage|p1a: Cinderace|0 fnt|[from] item: Rocky Helmet|[of] p2a: Toucannon
|faint|p1a: Cinderace
|move|p2a: Toucannon|Beak Blast|p1: Cinderace|[notarget]
|-fail|p2a: Toucannon
|
|-damage|p2a: Toucannon|78/100 brn|[from] brn
|upkeep
|
|t:|1779913257
|switch|p1a: Iron Crown|Iron Crown|59/100
|turn|45
|
|t:|1779913265
|-terastallize|p1a: Iron Crown|Steel
|-terastallize|p2a: Toucannon|Normal
|-singleturn|p2a: Toucannon|move: Beak Blast
|move|p1a: Iron Crown|Tachyon Cutter|p2a: Toucannon
|-damage|p2a: Toucannon|13/100 brn
|-damage|p2a: Toucannon|0 fnt
|faint|p2a: Toucannon
|-hitcount|p2: Toucannon|2
|
|win|zukarusuke
|raw|zukarusuke's rating: 1220 &rarr; <strong>1243</strong><br />(+23 for winning)
|raw|adow's rating: 1199 &rarr; <strong>1176</strong><br />(-23 for losing)
|l|☆adow
|player|p2|
|l|☆zukarusuke
|player|p1|
