|j|☆magikarp soup
|j|☆NagaraFan
|t:|1779879024
|gametype|singles
|player|p1|magikarp soup|medium|1633
|player|p2|NagaraFan|acetrainerf|1649
|gen|9
|tier|[Gen 9] OU
|rated|
|rule|HP Percentage Mod: HP is shown in percentages
|rule|Endless Battle Clause: Forcing endless battles is banned
|rule|Species Clause: Limit one of each Pokémon
|rule|OHKO Clause: OHKO moves are banned
|rule|Evasion Items Clause: Evasion items are banned
|rule|Evasion Moves Clause: Evasion moves are banned
|rule|Evasion Abilities Clause: Evasion abilities are banned
|rule|Sleep Moves Clause: Sleep-inducing moves are banned
|clearpoke
|poke|p1|Cramorant, M|
|poke|p1|Ceruledge, M|
|poke|p1|Kyurem|
|poke|p1|Moltres-Galar|
|poke|p1|Kingambit, F|
|poke|p1|Okidogi, M|
|poke|p2|Ninetales, F|
|poke|p2|Walking Wake|
|poke|p2|Raging Bolt|
|poke|p2|Great Tusk|
|poke|p2|Cresselia, F|
|poke|p2|Heatran, F|
|teampreview
|
|t:|1779879060
|teamsize|p1|6
|teamsize|p2|6
|start
|switch|p1a: Moltres|Moltres-Galar|100/100
|switch|p2a: Heatran|Heatran, F|100/100
|-item|p2a: Heatran|Air Balloon
|turn|1
|
|t:|1779879096
|switch|p2a: Ninetales|Ninetales, F|100/100
|-weather|SunnyDay|[from] ability: Drought|[of] p2a: Ninetales
|move|p1a: Moltres|Nasty Plot|p1a: Moltres
|-boost|p1a: Moltres|spa|2
|
|-weather|SunnyDay|[upkeep]
|upkeep
|turn|2
|
|t:|1779879100
|move|p2a: Ninetales|Encore|p1a: Moltres
|-start|p1a: Moltres|Encore
|move|p1a: Moltres|Nasty Plot|p1a: Moltres
|-boost|p1a: Moltres|spa|2
|
|-weather|SunnyDay|[upkeep]
|upkeep
|turn|3
|
|t:|1779879110
|switch|p2a: Raging Bolt|Raging Bolt|100/100
|-activate|p2a: Raging Bolt|ability: Protosynthesis
|-start|p2a: Raging Bolt|protosynthesisspa
|switch|p1a: Ceruledge|Ceruledge, M|100/100
|
|-weather|SunnyDay|[upkeep]
|upkeep
|turn|4
|j| yuureisuisei
|
|t:|1779879122
|move|p1a: Ceruledge|Swords Dance|p1a: Ceruledge
|-boost|p1a: Ceruledge|atk|2
|move|p2a: Raging Bolt|Dragon Pulse|p1a: Ceruledge
|-enditem|p1a: Ceruledge|Focus Sash
|-damage|p1a: Ceruledge|1/100
|-damage|p2a: Raging Bolt|91/100|[from] item: Life Orb
|
|-weather|SunnyDay|[upkeep]
|upkeep
|turn|5
|
|t:|1779879141
|move|p2a: Raging Bolt|Thunderclap||[still]
|-fail|p2a: Raging Bolt
|move|p1a: Ceruledge|Destiny Bond|p1a: Ceruledge
|-singlemove|p1a: Ceruledge|Destiny Bond
|
|-weather|SunnyDay|[upkeep]
|upkeep
|turn|6
|
|t:|1779879160
|-end|p2a: Raging Bolt|Protosynthesis|[silent]
|switch|p2a: Great Tusk|Great Tusk|100/100
|-activate|p2a: Great Tusk|ability: Protosynthesis
|-start|p2a: Great Tusk|protosynthesisspe
|move|p1a: Ceruledge|Poltergeist|p2a: Great Tusk|[miss]
|-miss|p1a: Ceruledge|p2a: Great Tusk
|
|-weather|SunnyDay|[upkeep]
|upkeep
|turn|7
|
|t:|1779879175
|move|p2a: Great Tusk|Ice Spinner|p1a: Ceruledge
|-resisted|p1a: Ceruledge
|-damage|p1a: Ceruledge|0 fnt
|faint|p1a: Ceruledge
|
|-weather|SunnyDay|[upkeep]
|upkeep
|
|t:|1779879180
|switch|p1a: Moltres|Moltres-Galar|100/100
|turn|8
|
|t:|1779879217
|-end|p2a: Great Tusk|Protosynthesis|[silent]
|switch|p2a: Heatran|Heatran, F|100/100
|-item|p2a: Heatran|Air Balloon
|move|p1a: Moltres|Nasty Plot|p1a: Moltres
|-boost|p1a: Moltres|spa|2
|
|-weather|none
|upkeep
|turn|9
|
|t:|1779879247
|move|p1a: Moltres|Taunt|p2a: Heatran
|-start|p2a: Heatran|move: Taunt
|move|p2a: Heatran|Magma Storm|p1a: Moltres
|-damage|p1a: Moltres|61/100
|-activate|p1a: Moltres|move: Magma Storm|[of] p2a: Heatran
|
|-damage|p1a: Moltres|49/100|[from] move: Magma Storm|[partiallytrapped]
|upkeep
|turn|10
|
|t:|1779879290
|move|p1a: Moltres|Fiery Wrath|p2a: Heatran
|-damage|p2a: Heatran|27/100
|-enditem|p2a: Heatran|Air Balloon
|move|p2a: Heatran|Magma Storm|p1a: Moltres
|-damage|p1a: Moltres|10/100
|-enditem|p1a: Moltres|Salac Berry|[eat]
|-boost|p1a: Moltres|spe|1|[from] item: Salac Berry
|
|-damage|p1a: Moltres|0 fnt|[from] move: Magma Storm|[partiallytrapped]
|faint|p1a: Moltres
|upkeep
|
|t:|1779879301
|switch|p1a: Kyurem|Kyurem|100/100
|-ability|p1a: Kyurem|Pressure
|turn|11
|
|t:|1779879310
|move|p1a: Kyurem|Dragon Dance|p1a: Kyurem
|-boost|p1a: Kyurem|atk|1
|-boost|p1a: Kyurem|spe|1
|move|p2a: Heatran|Earth Power|p1a: Kyurem
|-damage|p1a: Kyurem|67/100
|-unboost|p1a: Kyurem|spd|1
|
|-end|p2a: Heatran|move: Taunt
|upkeep
|turn|12
|
|t:|1779879378
|move|p1a: Kyurem|Earth Power|p2a: Heatran
|-supereffective|p2a: Heatran
|-damage|p2a: Heatran|0 fnt
|faint|p2a: Heatran
|
|upkeep
|
|t:|1779879430
|switch|p2a: Ninetales|Ninetales, F|100/100
|-weather|SunnyDay|[from] ability: Drought|[of] p2a: Ninetales
|turn|13
|
|t:|1779879438
|move|p1a: Kyurem|Scale Shot|p2a: Ninetales
|-damage|p2a: Ninetales|70/100
|-damage|p2a: Ninetales|40/100
|-damage|p2a: Ninetales|8/100
|-damage|p2a: Ninetales|0 fnt
|faint|p2a: Ninetales
|-hitcount|p2: Ninetales|4
|-unboost|p1a: Kyurem|def|1
|-boost|p1a: Kyurem|spe|1
|
|-weather|SunnyDay|[upkeep]
|upkeep
|
|t:|1779879447
|switch|p2a: Raging Bolt|Raging Bolt|91/100
|-activate|p2a: Raging Bolt|ability: Protosynthesis
|-start|p2a: Raging Bolt|protosynthesisspa
|turn|14
|
|t:|1779879459
|-terastallize|p2a: Raging Bolt|Fairy
|move|p1a: Kyurem|Icicle Spear|p2a: Raging Bolt
|-damage|p2a: Raging Bolt|74/100
|-damage|p2a: Raging Bolt|58/100
|-damage|p2a: Raging Bolt|39/100
|-damage|p2a: Raging Bolt|23/100
|-crit|p2a: Raging Bolt
|-damage|p2a: Raging Bolt|0 fnt
|faint|p2a: Raging Bolt
|-end|p2a: Raging Bolt|Protosynthesis|[silent]
|-hitcount|p2: Raging Bolt|5
|
|-weather|SunnyDay|[upkeep]
|upkeep
|-message|NagaraFan forfeited.
|
|win|magikarp soup
|raw|magikarp soup's rating: 1633 &rarr; <strong>1654</strong><br />(+21 for winning)
|raw|NagaraFan's rating: 1649 &rarr; <strong>1628</strong><br />(-21 for losing)
|l|☆NagaraFan
|player|p2|
|l| yuureisuisei
|l|☆magikarp soup
|player|p1|
