|j|☆XanderMans
|j|☆vulpix bot
|t:|1779967676
|gametype|singles
|player|p1|XanderMans|hilda|1515
|player|p2|vulpix bot|parasollady|1599
|gen|9
|tier|[Gen 9] OU
|rated|
|rule|HP Percentage Mod: HP is shown in percentages
|rule|Endless Battle Clause: Forcing endless battles is banned
|rule|Species Clause: Limit one of each Pokémon
|rule|OHKO Clause: OHKO moves are banned
|rule|Evasion Items Clause: Evasion items are banned
|rule|Evasion Moves Clause: Evasion moves are banned
|rule|Evasion Abilities Clause: Evasion abilities are banned
|rule|Sleep Moves Clause: Sleep-inducing moves are banned
|clearpoke
|poke|p1|Weezing-Galar, M|
|poke|p1|Ogerpon, F|
|poke|p1|Skarmory, M|
|poke|p1|Alomomola, M|
|poke|p1|Clodsire, M|
|poke|p1|Hydreigon, M|
|poke|p2|Dondozo, F|
|poke|p2|Blissey, F|
|poke|p2|Gliscor, M|
|poke|p2|Toxapex, M|
|poke|p2|Mandibuzz, F|
|poke|p2|Talonflame, M|
|teampreview
|inactive|Battle timer is ON: inactive players will automatically lose when time's up. (requested by vulpix bot)
|inactive|XanderMans also wants the timer to be on.
|
|t:|1779967686
|teamsize|p1|6
|teamsize|p2|6
|start
|switch|p1a: Ogerpon|Ogerpon, F|100/100
|switch|p2a: Talonflame|Talonflame, M|100/100
|turn|1
|
|t:|1779967692
|-terastallize|p1a: Ogerpon|Grass
|detailschange|p1a: Ogerpon|Ogerpon-Teal-Tera, F, tera:Grass
|-ability|p1a: Ogerpon|Embody Aspect (Teal)|boost
|-boost|p1a: Ogerpon|spe|1
|move|p1a: Ogerpon|Rock Tomb|p2a: Talonflame
|-supereffective|p2a: Talonflame
|-damage|p2a: Talonflame|0 fnt
|faint|p2a: Talonflame
|
|upkeep
|
|t:|1779967698
|switch|p2a: Toxapex|Toxapex, M|100/100
|turn|2
|
|t:|1779967704
|switch|p1a: Alomomola|Alomomola, M, shiny|100/100
|move|p2a: Toxapex|Toxic Spikes|p1a: Alomomola
|-sidestart|p1: XanderMans|move: Toxic Spikes
|
|upkeep
|turn|3
|
|t:|1779967711
|switch|p2a: Gliscor|Gliscor, M|100/100
|move|p1a: Alomomola|Flip Turn|p2a: Gliscor
|-supereffective|p2a: Gliscor
|-damage|p2a: Gliscor|74/100
|j| lord shiddenfards
|
|t:|1779967720
|switch|p1a: Hydreigon|Hydreigon, M, shiny|100/100|[from] Flip Turn
|
|-status|p2a: Gliscor|tox|[from] item: Toxic Orb
|upkeep
|turn|4
|
|t:|1779967727
|move|p2a: Gliscor|Protect|p2a: Gliscor
|-singleturn|p2a: Gliscor|Protect
|move|p1a: Hydreigon|Draco Meteor|p2a: Gliscor
|-activate|p2a: Gliscor|move: Protect
|
|-heal|p2a: Gliscor|87/100 tox|[from] ability: Poison Heal
|upkeep
|turn|5
|
|t:|1779967733
|switch|p2a: Toxapex|Toxapex, M|100/100
|move|p1a: Hydreigon|Draco Meteor|p2a: Toxapex
|-damage|p2a: Toxapex|31/100
|-unboost|p1a: Hydreigon|spa|2
|
|-heal|p2a: Toxapex|38/100|[from] item: Black Sludge
|upkeep
|turn|6
|
|t:|1779967738
|switch|p2a: Gliscor|Gliscor, M|87/100 tox
|move|p1a: Hydreigon|Draco Meteor|p2a: Gliscor|[miss]
|-miss|p1a: Hydreigon|p2a: Gliscor
|
|-heal|p2a: Gliscor|99/100 tox|[from] ability: Poison Heal
|upkeep
|turn|7
|
|t:|1779967745
|switch|p1a: Weezing|Weezing-Galar, M, shiny|100/100
|-ability|p1a: Weezing|Neutralizing Gas
|-sideend|p1: XanderMans|move: Toxic Spikes|[of] p1a: Weezing
|move|p2a: Gliscor|Spikes|p1a: Weezing
|-sidestart|p1: XanderMans|Spikes
|
|-damage|p2a: Gliscor|87/100 tox|[from] psn
|upkeep
|turn|8
|
|t:|1779967756
|-end|p1a: Weezing|ability: Neutralizing Gas
|switch|p1a: Hydreigon|Hydreigon, M, shiny|100/100
|move|p2a: Gliscor|Knock Off|p1a: Hydreigon
|-resisted|p1a: Hydreigon
|-damage|p1a: Hydreigon|87/100
|-enditem|p1a: Hydreigon|Choice Specs|[from] move: Knock Off|[of] p2a: Gliscor
|
|-heal|p2a: Gliscor|99/100 tox|[from] ability: Poison Heal
|upkeep
|turn|9
|
|t:|1779967768
|switch|p2a: Toxapex|Toxapex, M|71/100
|move|p1a: Hydreigon|Draco Meteor|p2a: Toxapex
|-crit|p2a: Toxapex
|-damage|p2a: Toxapex|1/100
|-unboost|p1a: Hydreigon|spa|2
|
|-heal|p2a: Toxapex|8/100|[from] item: Black Sludge
|upkeep
|turn|10
|inactive|vulpix bot has 120 seconds left.
|
|t:|1779967812
|switch|p2a: Gliscor|Gliscor, M|99/100 tox
|move|p1a: Hydreigon|Dark Pulse|p2a: Gliscor
|-damage|p2a: Gliscor|84/100 tox
|
|-heal|p2a: Gliscor|96/100 tox|[from] ability: Poison Heal
|upkeep
|turn|11
|
|t:|1779967821
|switch|p1a: Weezing|Weezing-Galar, M, shiny|100/100
|-ability|p1a: Weezing|Neutralizing Gas
|move|p2a: Gliscor|Spikes|p1a: Weezing
|-sidestart|p1: XanderMans|Spikes
|
|-damage|p2a: Gliscor|84/100 tox|[from] psn
|upkeep
|turn|12
|
|t:|1779967824
|move|p2a: Gliscor|Knock Off|p1a: Weezing
|-resisted|p1a: Weezing
|-damage|p1a: Weezing|93/100
|-enditem|p1a: Weezing|Heavy-Duty Boots|[from] move: Knock Off|[of] p2a: Gliscor
|move|p1a: Weezing|Defog|p2a: Gliscor
|-unboost|p2a: Gliscor|evasion|1
|-sideend|p1: XanderMans|Spikes|[from] move: Defog|[of] p1a: Weezing
|
|-damage|p2a: Gliscor|65/100 tox|[from] psn
|upkeep
|turn|13
|
|t:|1779967833
|switch|p2a: Toxapex|Toxapex, M|41/100
|-end|p1a: Weezing|ability: Neutralizing Gas
|switch|p1a: Hydreigon|Hydreigon, M, shiny|87/100
|
|-heal|p2a: Toxapex|47/100|[from] item: Black Sludge
|upkeep
|turn|14
|
|t:|1779967838
|switch|p2a: Blissey|Blissey, F|100/100
|move|p1a: Hydreigon|Draco Meteor|p2a: Blissey
|-damage|p2a: Blissey|79/100
|-unboost|p1a: Hydreigon|spa|2
|
|-heal|p2a: Blissey|86/100|[from] item: Leftovers
|upkeep
|turn|15
|
|t:|1779967847
|switch|p1a: Skarmory|Skarmory, M, shiny|100/100
|move|p2a: Blissey|Stealth Rock|p1a: Skarmory
|-sidestart|p1: XanderMans|move: Stealth Rock
|
|-heal|p2a: Blissey|92/100|[from] item: Leftovers
|upkeep
|turn|16
|
|t:|1779967852
|switch|p2a: Gliscor|Gliscor, M|65/100 tox
|move|p1a: Skarmory|Taunt|p2a: Gliscor
|-start|p2a: Gliscor|move: Taunt
|
|-heal|p2a: Gliscor|77/100 tox|[from] ability: Poison Heal
|upkeep
|turn|17
|
|t:|1779967858
|switch|p1a: Weezing|Weezing-Galar, M, shiny|93/100
|-ability|p1a: Weezing|Neutralizing Gas
|-damage|p1a: Weezing|81/100|[from] Stealth Rock
|move|p2a: Gliscor|Knock Off|p1a: Weezing
|-resisted|p1a: Weezing
|-damage|p1a: Weezing|76/100
|
|-damage|p2a: Gliscor|65/100 tox|[from] psn
|upkeep
|turn|18
|
|t:|1779967861
|move|p2a: Gliscor|Earthquake|p1a: Weezing
|-supereffective|p1a: Weezing
|-damage|p1a: Weezing|35/100
|move|p1a: Weezing|Defog|p2a: Gliscor
|-unboost|p2a: Gliscor|evasion|1
|-sideend|p1: XanderMans|Stealth Rock|[from] move: Defog|[of] p1a: Weezing
|
|-damage|p2a: Gliscor|46/100 tox|[from] psn
|-end|p2a: Gliscor|move: Taunt
|upkeep
|turn|19
|
|t:|1779967871
|-end|p1a: Weezing|ability: Neutralizing Gas
|switch|p1a: Hydreigon|Hydreigon, M, shiny|87/100
|move|p2a: Gliscor|Earthquake|p1a: Hydreigon
|-immune|p1a: Hydreigon|[from] ability: Levitate
|
|-heal|p2a: Gliscor|59/100 tox|[from] ability: Poison Heal
|upkeep
|turn|20
|
|t:|1779967876
|switch|p2a: Toxapex|Toxapex, M|80/100
|move|p1a: Hydreigon|Earth Power|p2a: Toxapex
|-supereffective|p2a: Toxapex
|-damage|p2a: Toxapex|41/100
|
|-heal|p2a: Toxapex|47/100|[from] item: Black Sludge
|upkeep
|turn|21
|
|t:|1779967882
|switch|p1a: Ogerpon|Ogerpon-Teal-Tera, F, tera:Grass|100/100
|-ability|p1a: Ogerpon|Embody Aspect (Teal)|boost
|-boost|p1a: Ogerpon|spe|1
|switch|p2a: Blissey|Blissey, F|92/100
|
|-heal|p2a: Blissey|98/100|[from] item: Leftovers
|upkeep
|turn|22
|
|t:|1779967889
|switch|p2a: Mandibuzz|Mandibuzz, F|100/100
|move|p1a: Ogerpon|Ivy Cudgel|p2a: Mandibuzz
|-resisted|p2a: Mandibuzz
|-damage|p2a: Mandibuzz|68/100
|
|upkeep
|turn|23
|
|t:|1779967906
|switch|p1a: Clodsire|Clodsire, M, shiny|100/100
|move|p2a: Mandibuzz|Knock Off|p1a: Clodsire
|-damage|p1a: Clodsire|75/100
|-enditem|p1a: Clodsire|Covert Cloak|[from] move: Knock Off|[of] p2a: Mandibuzz
|
|upkeep
|turn|24
|
|t:|1779967917
|switch|p2a: Gliscor|Gliscor, M|59/100 tox
|move|p1a: Clodsire|Earthquake|p2a: Gliscor
|-immune|p2a: Gliscor
|
|-heal|p2a: Gliscor|71/100 tox|[from] ability: Poison Heal
|upkeep
|turn|25
|
|t:|1779967928
|switch|p1a: Skarmory|Skarmory, M, shiny|100/100
|move|p2a: Gliscor|Earthquake|p1a: Skarmory
|-immune|p1a: Skarmory
|
|-heal|p2a: Gliscor|84/100 tox|[from] ability: Poison Heal
|upkeep
|turn|26
|
|t:|1779967937
|switch|p1a: Ogerpon|Ogerpon-Teal-Tera, F, tera:Grass|100/100
|-ability|p1a: Ogerpon|Embody Aspect (Teal)|boost
|-boost|p1a: Ogerpon|spe|1
|move|p2a: Gliscor|Spikes|p1a: Ogerpon
|-sidestart|p1: XanderMans|Spikes
|
|-heal|p2a: Gliscor|96/100 tox|[from] ability: Poison Heal
|upkeep
|turn|27
|
|t:|1779967943
|switch|p2a: Mandibuzz|Mandibuzz, F|68/100
|move|p1a: Ogerpon|Ivy Cudgel|p2a: Mandibuzz
|-resisted|p2a: Mandibuzz
|-damage|p2a: Mandibuzz|35/100
|
|upkeep
|turn|28
|
|t:|1779967954
|move|p1a: Ogerpon|Ivy Cudgel|p2a: Mandibuzz
|-resisted|p2a: Mandibuzz
|-damage|p2a: Mandibuzz|0 fnt
|faint|p2a: Mandibuzz
|
|upkeep
|-message|vulpix bot forfeited.
|
|win|XanderMans
|raw|XanderMans's rating: 1515 &rarr; <strong>1540</strong><br />(+25 for winning)
|raw|vulpix bot's rating: 1599 &rarr; <strong>1574</strong><br />(-25 for losing)
|l|☆vulpix bot
|player|p2|
|l|☆XanderMans
|player|p1|
|l| lord shiddenfards
