|j|☆Princearena
|j|☆munot
|t:|1779958165
|gametype|singles
|player|p1|Princearena|265|1082
|player|p2|munot|lucas|1112
|gen|9
|tier|[Gen 9] OU
|rated|
|rule|HP Percentage Mod: HP is shown in percentages
|rule|Endless Battle Clause: Forcing endless battles is banned
|rule|Species Clause: Limit one of each Pokémon
|rule|OHKO Clause: OHKO moves are banned
|rule|Evasion Items Clause: Evasion items are banned
|rule|Evasion Moves Clause: Evasion moves are banned
|rule|Evasion Abilities Clause: Evasion abilities are banned
|rule|Sleep Moves Clause: Sleep-inducing moves are banned
|clearpoke
|poke|p1|Rhyperior, F|
|poke|p1|Tentacruel, F|
|poke|p1|Garchomp, M|
|poke|p1|Infernape, F|
|poke|p1|Leafeon, F|
|poke|p1|Staraptor, M|
|poke|p2|Serperior, F|
|poke|p2|Gliscor, M|
|poke|p2|Garganacl, M|
|poke|p2|Azumarill, M|
|poke|p2|Cloyster, M|
|poke|p2|Corviknight, M|
|teampreview
|inactive|Battle timer is ON: inactive players will automatically lose when time's up. (requested by munot)
|
|t:|1779958169
|teamsize|p1|6
|teamsize|p2|6
|start
|switch|p1a: Rhyperior|Rhyperior, F|100/100
|switch|p2a: Cloyster|Cloyster, M, shiny|100/100
|turn|1
|
|t:|1779958185
|move|p2a: Cloyster|Shell Smash|p2a: Cloyster
|-unboost|p2a: Cloyster|def|1
|-unboost|p2a: Cloyster|spd|1
|-boost|p2a: Cloyster|atk|2
|-boost|p2a: Cloyster|spa|2
|-boost|p2a: Cloyster|spe|2
|move|p1a: Rhyperior|Rock Wrecker|p2a: Cloyster
|-supereffective|p2a: Cloyster
|-crit|p2a: Cloyster
|-enditem|p2a: Cloyster|Focus Sash
|-damage|p2a: Cloyster|1/100
|-mustrecharge|p1a: Rhyperior
|
|upkeep
|turn|2
|
|t:|1779958199
|move|p2a: Cloyster|Icicle Spear|p1a: Rhyperior
|-supereffective|p1a: Rhyperior
|-damage|p1a: Rhyperior|77/100
|-supereffective|p1a: Rhyperior
|-damage|p1a: Rhyperior|56/100
|-supereffective|p1a: Rhyperior
|-damage|p1a: Rhyperior|34/100
|-supereffective|p1a: Rhyperior
|-damage|p1a: Rhyperior|14/100
|-supereffective|p1a: Rhyperior
|-damage|p1a: Rhyperior|0 fnt
|faint|p1a: Rhyperior
|-hitcount|p1: Rhyperior|5
|
|upkeep
|
|t:|1779958213
|switch|p1a: Tentacruel|Tentacruel, F|100/100
|turn|3
|
|t:|1779958220
|move|p2a: Cloyster|Drill Run|p1a: Tentacruel
|-supereffective|p1a: Tentacruel
|-damage|p1a: Tentacruel|0 fnt
|faint|p1a: Tentacruel
|
|upkeep
|
|t:|1779958226
|switch|p1a: Garchomp|Garchomp, M|100/100
|turn|4
|
|t:|1779958234
|move|p2a: Cloyster|Icicle Spear|p1a: Garchomp
|-supereffective|p1a: Garchomp
|-damage|p1a: Garchomp|10/100
|-enditem|p1a: Garchomp|Salac Berry|[eat]
|-boost|p1a: Garchomp|spe|1|[from] item: Salac Berry
|-supereffective|p1a: Garchomp
|-damage|p1a: Garchomp|0 fnt
|faint|p1a: Garchomp
|-hitcount|p1: Garchomp|2
|
|upkeep
|
|t:|1779958242
|switch|p1a: Staraptor|Staraptor, M|100/100
|-ability|p1a: Staraptor|Intimidate|boost
|-unboost|p2a: Cloyster|atk|1
|turn|5
|
|t:|1779958247
|move|p2a: Cloyster|Icicle Spear|p1a: Staraptor
|-supereffective|p1a: Staraptor
|-damage|p1a: Staraptor|50/100
|-supereffective|p1a: Staraptor
|-damage|p1a: Staraptor|0 fnt
|faint|p1a: Staraptor
|-hitcount|p1: Staraptor|2
|
|upkeep
|
|t:|1779958254
|switch|p1a: Infernape|Infernape, F|100/100
|turn|6
|
|t:|1779958258
|move|p2a: Cloyster|Drill Run|p1a: Infernape
|-supereffective|p1a: Infernape
|-enditem|p1a: Infernape|Focus Sash
|-damage|p1a: Infernape|1/100
|move|p1a: Infernape|Aura Sphere|p2a: Cloyster
|-supereffective|p2a: Cloyster
|-damage|p2a: Cloyster|0 fnt
|faint|p2a: Cloyster
|
|upkeep
|
|t:|1779958270
|switch|p2a: Azumarill|Azumarill, M, shiny|100/100
|turn|7
|
|t:|1779958273
|switch|p1a: Leafeon|Leafeon, F|100/100
|move|p2a: Azumarill|Aqua Jet|p1a: Leafeon
|-resisted|p1a: Leafeon
|-damage|p1a: Leafeon|92/100
|
|-heal|p1a: Leafeon|98/100|[from] item: Leftovers
|upkeep
|turn|8
|
|t:|1779958281
|-terastallize|p2a: Azumarill|Steel
|move|p1a: Leafeon|Leech Seed|p2a: Azumarill|[miss]
|-miss|p1a: Leafeon|p2a: Azumarill
|move|p2a: Azumarill|Belly Drum|p2a: Azumarill
|-damage|p2a: Azumarill|50/100
|-setboost|p2a: Azumarill|atk|6|[from] move: Belly Drum
|-enditem|p2a: Azumarill|Sitrus Berry|[eat]
|-heal|p2a: Azumarill|75/100|[from] item: Sitrus Berry
|
|-heal|p1a: Leafeon|100/100|[from] item: Leftovers
|upkeep
|turn|9
|
|t:|1779958292
|move|p1a: Leafeon|Leech Seed|p2a: Azumarill
|-start|p2a: Azumarill|move: Leech Seed
|move|p2a: Azumarill|Knock Off|p1a: Leafeon
|-damage|p1a: Leafeon|3/100
|-enditem|p1a: Leafeon|Leftovers|[from] move: Knock Off|[of] p2a: Azumarill
|
|-damage|p2a: Azumarill|63/100|[from] Leech Seed|[of] p1a: Leafeon
|-heal|p1a: Leafeon|16/100|[silent]
|upkeep
|turn|10
|
|t:|1779958300
|move|p1a: Leafeon|Protect|p1a: Leafeon
|-singleturn|p1a: Leafeon|Protect
|move|p2a: Azumarill|Liquidation|p1a: Leafeon
|-activate|p1a: Leafeon|move: Protect
|
|-damage|p2a: Azumarill|51/100|[from] Leech Seed|[of] p1a: Leafeon
|-heal|p1a: Leafeon|28/100|[silent]
|upkeep
|turn|11
|
|t:|1779958311
|move|p1a: Leafeon|Synthesis|p1a: Leafeon
|-heal|p1a: Leafeon|78/100
|move|p2a: Azumarill|Knock Off|p1a: Leafeon
|-damage|p1a: Leafeon|6/100
|
|-damage|p2a: Azumarill|39/100|[from] Leech Seed|[of] p1a: Leafeon
|-heal|p1a: Leafeon|18/100|[silent]
|upkeep
|turn|12
|
|t:|1779958318
|move|p1a: Leafeon|Protect|p1a: Leafeon
|-singleturn|p1a: Leafeon|Protect
|move|p2a: Azumarill|Aqua Jet|p1a: Leafeon
|-activate|p1a: Leafeon|move: Protect
|
|-damage|p2a: Azumarill|26/100|[from] Leech Seed|[of] p1a: Leafeon
|-heal|p1a: Leafeon|31/100|[silent]
|upkeep
|turn|13
|
|t:|1779958327
|move|p2a: Azumarill|Aqua Jet|p1a: Leafeon
|-resisted|p1a: Leafeon
|-damage|p1a: Leafeon|1/100
|move|p1a: Leafeon|Synthesis|p1a: Leafeon
|-heal|p1a: Leafeon|51/100
|
|-damage|p2a: Azumarill|14/100|[from] Leech Seed|[of] p1a: Leafeon
|-heal|p1a: Leafeon|64/100|[silent]
|upkeep
|turn|14
|
|t:|1779958335
|move|p1a: Leafeon|Protect|p1a: Leafeon
|-singleturn|p1a: Leafeon|Protect
|move|p2a: Azumarill|Knock Off|p1a: Leafeon
|-activate|p1a: Leafeon|move: Protect
|
|-damage|p2a: Azumarill|2/100|[from] Leech Seed|[of] p1a: Leafeon
|-heal|p1a: Leafeon|76/100|[silent]
|upkeep
|turn|15
|
|t:|1779958342
|move|p1a: Leafeon|Knock Off|p2a: Azumarill
|-crit|p2a: Azumarill
|-damage|p2a: Azumarill|0 fnt
|faint|p2a: Azumarill
|
|upkeep
|inactive|munot has 120 seconds left.
|inactive|munot has 90 seconds left.
|inactive|munot has 60 seconds left.
|inactive|munot has 30 seconds left.
|inactive|munot has 20 seconds left.
|inactive|munot has 15 seconds left.
|inactive|munot has 10 seconds left.
|inactive|munot has 5 seconds left.
|-message|munot lost due to inactivity.
|
|win|Princearena
|raw|Princearena's rating: 1082 &rarr; <strong>1112</strong><br />(+30 for winning)
|raw|munot's rating: 1112 &rarr; <strong>1085</strong><br />(-27 for losing)
