|j|☆peeeeeeecu
|j|☆yello_w022
|t:|1779812019
|gametype|singles
|player|p1|peeeeeeecu|266|1201
|player|p2|yello_w022|swimmerf|1174
|gen|9
|tier|[Gen 9] OU
|rated|
|rule|HP Percentage Mod: HP is shown in percentages
|rule|Endless Battle Clause: Forcing endless battles is banned
|rule|Species Clause: Limit one of each Pokémon
|rule|OHKO Clause: OHKO moves are banned
|rule|Evasion Items Clause: Evasion items are banned
|rule|Evasion Moves Clause: Evasion moves are banned
|rule|Evasion Abilities Clause: Evasion abilities are banned
|rule|Sleep Moves Clause: Sleep-inducing moves are banned
|clearpoke
|poke|p1|Glimmora, F|
|poke|p1|Garganacl, M|
|poke|p1|Gholdengo|
|poke|p1|Corviknight, F|
|poke|p1|Lokix, F|
|poke|p1|Great Tusk|
|poke|p2|Delphox, F|
|poke|p2|Dragapult, M|
|poke|p2|Corviknight, M|
|poke|p2|Garchomp, M|
|poke|p2|Meowscarada, F|
|poke|p2|Scizor, M|
|teampreview
|
|t:|1779812023
|teamsize|p1|6
|teamsize|p2|6
|start
|switch|p1a: Glimmora|Glimmora, F, shiny|100/100
|switch|p2a: Meowscarada|Meowscarada, F|100/100
|turn|1
|
|t:|1779812031
|move|p2a: Meowscarada|Flower Trick|p1a: Glimmora
|-start|p2a: Meowscarada|typechange|Grass|[from] ability: Protean
|-crit|p1a: Glimmora
|-damage|p1a: Glimmora|40/100
|-activate|p1a: Glimmora|ability: Toxic Debris
|-sidestart|p2: yello_w022|move: Toxic Spikes
|move|p1a: Glimmora|Stealth Rock|p2a: Meowscarada
|-sidestart|p2: yello_w022|move: Stealth Rock
|
|upkeep
|turn|2
|
|t:|1779812045
|move|p2a: Meowscarada|Foul Play|p1a: Glimmora
|-damage|p1a: Glimmora|26/100
|-activate|p1a: Glimmora|ability: Toxic Debris
|-sidestart|p2: yello_w022|move: Toxic Spikes
|move|p1a: Glimmora|Mortal Spin|p2a: Meowscarada
|-supereffective|p2a: Meowscarada
|-damage|p2a: Meowscarada|81/100
|-status|p2a: Meowscarada|psn
|
|-damage|p2a: Meowscarada|69/100 psn|[from] psn
|upkeep
|turn|3
|
|t:|1779812059
|move|p2a: Meowscarada|Flower Trick|p1a: Glimmora
|-crit|p1a: Glimmora
|-damage|p1a: Glimmora|0 fnt
|faint|p1a: Glimmora
|
|-damage|p2a: Meowscarada|57/100 psn|[from] psn
|upkeep
|
|t:|1779812067
|switch|p1a: Corviknight|Corviknight, F, shiny|100/100
|turn|4
|j| Amphi n enjoyer
|
|t:|1779812108
|move|p2a: Meowscarada|Foul Play|p1a: Corviknight
|-damage|p1a: Corviknight|90/100
|-damage|p2a: Meowscarada|40/100 psn|[from] item: Rocky Helmet|[of] p1a: Corviknight
|move|p1a: Corviknight|U-turn|p2a: Meowscarada
|-supereffective|p2a: Meowscarada
|-damage|p2a: Meowscarada|0 fnt
|faint|p2a: Meowscarada
|
|t:|1779812116
|switch|p1a: Great Tusk|Great Tusk, shiny|100/100|[from] U-turn
|
|upkeep
|
|t:|1779812126
|switch|p2a: Garchomp|Garchomp, M|100/100
|-status|p2a: Garchomp|tox
|-damage|p2a: Garchomp|94/100 tox|[from] Stealth Rock
|turn|5
|
|t:|1779812139
|-terastallize|p2a: Garchomp|Steel
|move|p2a: Garchomp|Iron Head|p1a: Great Tusk
|-damage|p1a: Great Tusk|66/100
|move|p1a: Great Tusk|Ice Spinner|p2a: Garchomp
|-resisted|p2a: Garchomp
|-damage|p2a: Garchomp|82/100 tox
|-damage|p1a: Great Tusk|53/100|[from] ability: Rough Skin|[of] p2a: Garchomp
|
|-damage|p2a: Garchomp|76/100 tox|[from] psn
|upkeep
|turn|6
|
|t:|1779812162
|move|p2a: Garchomp|Iron Head|p1a: Great Tusk
|-damage|p1a: Great Tusk|19/100
|move|p1a: Great Tusk|Earthquake|p2a: Garchomp
|-supereffective|p2a: Garchomp
|-damage|p2a: Garchomp|0 fnt
|faint|p2a: Garchomp
|
|upkeep
|
|t:|1779812170
|switch|p2a: Scizor|Scizor, M|100/100
|-damage|p2a: Scizor|88/100|[from] Stealth Rock
|turn|7
|
|t:|1779812175
|-end|p1a: Great Tusk|Protosynthesis|[silent]
|switch|p1a: Corviknight|Corviknight, F, shiny|90/100
|move|p2a: Scizor|Bullet Punch|p1a: Corviknight
|-resisted|p1a: Corviknight
|-damage|p1a: Corviknight|75/100
|-damage|p2a: Scizor|72/100|[from] item: Rocky Helmet|[of] p1a: Corviknight
|-damage|p2a: Scizor|62/100|[from] item: Life Orb
|
|upkeep
|turn|8
|
|t:|1779812187
|move|p2a: Scizor|Swords Dance|p2a: Scizor
|-boost|p2a: Scizor|atk|2
|move|p1a: Corviknight|Brave Bird|p2a: Scizor
|-damage|p2a: Scizor|24/100
|-damage|p1a: Corviknight|65/100|[from] Recoil
|
|upkeep
|turn|9
|
|t:|1779812197
|move|p2a: Scizor|Bullet Punch|p1a: Corviknight
|-resisted|p1a: Corviknight
|-damage|p1a: Corviknight|39/100
|-damage|p2a: Scizor|8/100|[from] item: Rocky Helmet|[of] p1a: Corviknight
|-damage|p2a: Scizor|0 fnt|[from] item: Life Orb
|faint|p2a: Scizor
|move|p1a: Corviknight|Taunt|p2: Scizor|[notarget]
|-fail|p1a: Corviknight
|
|upkeep
|
|t:|1779812206
|switch|p2a: Delphox|Delphox, F|100/100
|-status|p2a: Delphox|tox
|-damage|p2a: Delphox|75/100 tox|[from] Stealth Rock
|turn|10
|
|t:|1779812213
|move|p2a: Delphox|Flamethrower|p1a: Corviknight
|-supereffective|p1a: Corviknight
|-damage|p1a: Corviknight|0 fnt
|faint|p1a: Corviknight
|
|-damage|p2a: Delphox|69/100 tox|[from] psn
|upkeep
|
|t:|1779812219
|switch|p1a: Lokix|Lokix, F, shiny|100/100
|turn|11
|
|t:|1779812223
|move|p1a: Lokix|First Impression|p2a: Delphox
|-damage|p2a: Delphox|0 fnt
|faint|p2a: Delphox
|
|upkeep
|
|t:|1779812228
|switch|p2a: Dragapult|Dragapult, M|100/100
|-status|p2a: Dragapult|tox
|-damage|p2a: Dragapult|88/100 tox|[from] Stealth Rock
|turn|12
|
|t:|1779812238
|switch|p1a: Garganacl|Garganacl, M, shiny|100/100
|move|p2a: Dragapult|U-turn|p1a: Garganacl
|-damage|p1a: Garganacl|84/100
|-damage|p2a: Dragapult|78/100 tox|[from] item: Life Orb
|
|t:|1779812245
|switch|p2a: Corviknight|Corviknight, M|100/100|[from] U-turn
|-damage|p2a: Corviknight|88/100|[from] Stealth Rock
|
|-heal|p1a: Garganacl|90/100|[from] item: Leftovers
|upkeep
|turn|13
|
|t:|1779812252
|move|p2a: Corviknight|Body Press|p1a: Garganacl
|-supereffective|p1a: Garganacl
|-damage|p1a: Garganacl|67/100
|move|p1a: Garganacl|Salt Cure|p2a: Corviknight
|-damage|p2a: Corviknight|79/100
|-start|p2a: Corviknight|Salt Cure
|
|-heal|p1a: Garganacl|73/100|[from] item: Leftovers
|-damage|p2a: Corviknight|54/100|[from] Salt Cure
|upkeep
|turn|14
|
|t:|1779812262
|move|p1a: Garganacl|Protect|p1a: Garganacl
|-singleturn|p1a: Garganacl|Protect
|move|p2a: Corviknight|Iron Defense|p2a: Corviknight
|-boost|p2a: Corviknight|def|2
|
|-heal|p1a: Garganacl|79/100|[from] item: Leftovers
|-damage|p2a: Corviknight|29/100|[from] Salt Cure
|upkeep
|turn|15
|
|t:|1779812270
|move|p2a: Corviknight|Roost|p2a: Corviknight
|-heal|p2a: Corviknight|79/100
|-singleturn|p2a: Corviknight|move: Roost
|move|p1a: Garganacl|Recover|p1a: Garganacl
|-heal|p1a: Garganacl|100/100
|
|-damage|p2a: Corviknight|54/100|[from] Salt Cure
|upkeep
|turn|16
|
|t:|1779812279
|move|p2a: Corviknight|Body Press|p1a: Garganacl
|-supereffective|p1a: Garganacl
|-damage|p1a: Garganacl|56/100
|move|p1a: Garganacl|Salt Cure|p2a: Corviknight
|-damage|p2a: Corviknight|48/100
|
|-heal|p1a: Garganacl|63/100|[from] item: Leftovers
|-damage|p2a: Corviknight|23/100|[from] Salt Cure
|upkeep
|turn|17
|
|t:|1779812287
|move|p1a: Garganacl|Protect|p1a: Garganacl
|-singleturn|p1a: Garganacl|Protect
|move|p2a: Corviknight|Body Press|p1a: Garganacl
|-activate|p1a: Garganacl|move: Protect
|
|-heal|p1a: Garganacl|69/100|[from] item: Leftovers
|-damage|p2a: Corviknight|0 fnt|[from] Salt Cure
|faint|p2a: Corviknight
|upkeep
|
|t:|1779812296
|switch|p2a: Dragapult|Dragapult, M|78/100 tox
|-damage|p2a: Dragapult|66/100 tox|[from] Stealth Rock
|turn|18
|
|t:|1779812303
|move|p2a: Dragapult|Dragon Darts|p1a: Garganacl
|-damage|p1a: Garganacl|50/100
|-anim|p2a: Dragapult|Dragon Darts|p1a: Garganacl
|-damage|p1a: Garganacl|32/100
|-damage|p2a: Dragapult|56/100 tox|[from] item: Life Orb
|move|p1a: Garganacl|Salt Cure|p2a: Dragapult
|-damage|p2a: Dragapult|36/100 tox
|-start|p2a: Dragapult|Salt Cure
|
|-heal|p1a: Garganacl|38/100|[from] item: Leftovers
|-damage|p2a: Dragapult|30/100 tox|[from] psn
|-damage|p2a: Dragapult|18/100 tox|[from] Salt Cure
|upkeep
|turn|19
|-message|yello_w022 forfeited.
|
|win|peeeeeeecu
|raw|peeeeeeecu's rating: 1201 &rarr; <strong>1224</strong><br />(+23 for winning)
|raw|yello_w022's rating: 1174 &rarr; <strong>1151</strong><br />(-23 for losing)
|l|☆yello_w022
|player|p2|
|c|☆peeeeeeecu|gg
|c|☆peeeeeeecu|hey other user
|c|☆peeeeeeecu|what were ur thoughts on that
|l|☆peeeeeeecu
|player|p1|
