|j|☆Ecrypsel
|j|☆claudechamp
|t:|1779810566
|gametype|singles
|player|p1|Ecrypsel|lady|1240
|player|p2|claudechamp|265|1230
|gen|9
|tier|[Gen 9] OU
|rated|
|rule|HP Percentage Mod: HP is shown in percentages
|rule|Endless Battle Clause: Forcing endless battles is banned
|rule|Species Clause: Limit one of each Pokémon
|rule|OHKO Clause: OHKO moves are banned
|rule|Evasion Items Clause: Evasion items are banned
|rule|Evasion Moves Clause: Evasion moves are banned
|rule|Evasion Abilities Clause: Evasion abilities are banned
|rule|Sleep Moves Clause: Sleep-inducing moves are banned
|clearpoke
|poke|p1|Great Tusk|
|poke|p1|Kingambit, M|
|poke|p1|Dragapult, F|
|poke|p1|Iron Valiant|
|poke|p1|Gholdengo|
|poke|p1|Dragonite, M|
|poke|p2|Corviknight, F|
|poke|p2|Ting-Lu|
|poke|p2|Kyurem|
|poke|p2|Dondozo, M|
|poke|p2|Slowking-Galar, F|
|poke|p2|Cinderace, M|
|teampreview
|inactive|Battle timer is ON: inactive players will automatically lose when time's up. (requested by Ecrypsel)
|c|☆claudechamp|hf
|
|t:|1779810581
|teamsize|p1|6
|teamsize|p2|6
|start
|switch|p1a: Great Tusk|Great Tusk, shiny|100/100
|switch|p2a: Cinderace|Cinderace, M|100/100
|turn|1
|inactive|claudechamp also wants the timer to be on.
|inactive|Ecrypsel has 120 seconds left.
|
|t:|1779810615
|move|p2a: Cinderace|Will-O-Wisp|p1a: Great Tusk
|-status|p1a: Great Tusk|brn
|move|p1a: Great Tusk|Earthquake|p2a: Cinderace
|-supereffective|p2a: Cinderace
|-damage|p2a: Cinderace|48/100
|
|-damage|p1a: Great Tusk|94/100 brn|[from] brn
|upkeep
|turn|2
|inactive|Ecrypsel has 120 seconds left.
|inactive|Ecrypsel has 90 seconds left.
|
|t:|1779810685
|switch|p2a: Kyurem|Kyurem|100/100
|-ability|p2a: Kyurem|Pressure
|-end|p1a: Great Tusk|Protosynthesis|[silent]
|switch|p1a: Dragapult|Dragapult, F, shiny|100/100
|
|upkeep
|turn|3
|inactive|Ecrypsel has 60 seconds left.
|
|t:|1779810709
|switch|p1a: Gholdengo|Gholdengo, shiny|100/100
|-item|p1a: Gholdengo|Air Balloon
|move|p2a: Kyurem|Freeze-Dry|p1a: Gholdengo
|-resisted|p1a: Gholdengo
|-damage|p1a: Gholdengo|79/100
|-enditem|p1a: Gholdengo|Air Balloon
|
|upkeep
|turn|4
|inactive|Ecrypsel has 60 seconds left.
|
|t:|1779810734
|move|p2a: Kyurem|Earth Power|p1a: Gholdengo
|-supereffective|p1a: Gholdengo
|-damage|p1a: Gholdengo|11/100
|move|p1a: Gholdengo|Nasty Plot|p1a: Gholdengo
|-boost|p1a: Gholdengo|spa|2
|
|upkeep
|turn|5
|
|t:|1779810744
|-terastallize|p1a: Gholdengo|Flying
|move|p2a: Kyurem|Freeze-Dry|p1a: Gholdengo
|-supereffective|p1a: Gholdengo
|-damage|p1a: Gholdengo|0 fnt
|faint|p1a: Gholdengo
|
|upkeep
|
|t:|1779810756
|switch|p1a: Iron Valiant|Iron Valiant, shiny|100/100
|-enditem|p1a: Iron Valiant|Booster Energy
|-activate|p1a: Iron Valiant|ability: Quark Drive|[fromitem]
|-start|p1a: Iron Valiant|quarkdrivespe
|turn|6
|
|t:|1779810760
|switch|p2a: Slowking|Slowking-Galar, F|100/100
|move|p1a: Iron Valiant|Moonblast|p2a: Slowking
|-resisted|p2a: Slowking
|-damage|p2a: Slowking|82/100
|
|upkeep
|turn|7
|inactive|Ecrypsel has 60 seconds left.
|
|t:|1779810777
|move|p1a: Iron Valiant|Thunderbolt|p2a: Slowking
|-damage|p2a: Slowking|59/100
|move|p2a: Slowking|Sludge Bomb|p1a: Iron Valiant
|-supereffective|p1a: Iron Valiant
|-damage|p1a: Iron Valiant|0 fnt
|faint|p1a: Iron Valiant
|-end|p1a: Iron Valiant|Quark Drive|[silent]
|
|upkeep
|
|t:|1779810782
|switch|p1a: Great Tusk|Great Tusk, shiny|94/100 brn
|turn|8
|
|t:|1779810790
|switch|p2a: Kyurem|Kyurem|100/100
|-ability|p2a: Kyurem|Pressure
|move|p1a: Great Tusk|Knock Off|p2a: Kyurem
|-damage|p2a: Kyurem|87/100
|-enditem|p2a: Kyurem|Leftovers|[from] move: Knock Off|[of] p1a: Great Tusk
|
|-heal|p1a: Great Tusk|100/100 brn|[from] item: Leftovers
|-damage|p1a: Great Tusk|94/100 brn|[from] brn
|upkeep
|turn|9
|inactive|Ecrypsel has 60 seconds left.
|inactive|Ecrypsel has 30 seconds left.
|
|t:|1779810832
|move|p2a: Kyurem|Freeze-Dry|p1a: Great Tusk
|-supereffective|p1a: Great Tusk
|-damage|p1a: Great Tusk|7/100 brn
|move|p1a: Great Tusk|Stealth Rock|p2a: Kyurem
|-sidestart|p2: claudechamp|move: Stealth Rock
|
|-heal|p1a: Great Tusk|13/100 brn|[from] item: Leftovers
|-damage|p1a: Great Tusk|7/100 brn|[from] brn
|upkeep
|turn|10
|
|t:|1779810845
|move|p2a: Kyurem|Freeze-Dry|p1a: Great Tusk
|-supereffective|p1a: Great Tusk
|-damage|p1a: Great Tusk|0 fnt
|faint|p1a: Great Tusk
|-end|p1a: Great Tusk|Protosynthesis|[silent]
|
|upkeep
|
|t:|1779810855
|switch|p1a: Dragonite|Dragonite, M, shiny|100/100
|turn|11
|
|t:|1779810867
|-terastallize|p2a: Kyurem|Ground
|move|p2a: Kyurem|Earth Power|p1a: Dragonite
|-immune|p1a: Dragonite
|move|p1a: Dragonite|Dragon Dance|p1a: Dragonite
|-boost|p1a: Dragonite|atk|1
|-boost|p1a: Dragonite|spe|1
|
|upkeep
|turn|12
|
|t:|1779810877
|move|p1a: Dragonite|Ice Spinner|p2a: Kyurem
|-supereffective|p2a: Kyurem
|-damage|p2a: Kyurem|0 fnt
|faint|p2a: Kyurem
|
|upkeep
|
|t:|1779810882
|switch|p2a: Slowking|Slowking-Galar, F|92/100
|-damage|p2a: Slowking|80/100|[from] Stealth Rock
|turn|13
|
|t:|1779810893
|move|p1a: Dragonite|Earthquake|p2a: Slowking
|-supereffective|p2a: Slowking
|-enditem|p2a: Slowking|Shuca Berry|[eat]
|-enditem|p2a: Slowking|Shuca Berry|[weaken]
|-damage|p2a: Slowking|37/100
|move|p2a: Slowking|Ice Beam|p1a: Dragonite
|-supereffective|p1a: Dragonite
|-damage|p1a: Dragonite|50/100
|
|upkeep
|turn|14
|
|t:|1779810903
|move|p1a: Dragonite|Earthquake|p2a: Slowking
|-supereffective|p2a: Slowking
|-damage|p2a: Slowking|0 fnt
|faint|p2a: Slowking
|
|upkeep
|
|t:|1779810906
|switch|p2a: Corviknight|Corviknight, F|100/100
|-damage|p2a: Corviknight|88/100|[from] Stealth Rock
|-ability|p2a: Corviknight|Pressure
|turn|15
|
|t:|1779810915
|move|p1a: Dragonite|Ice Spinner|p2a: Corviknight
|-damage|p2a: Corviknight|59/100
|-damage|p1a: Dragonite|34/100|[from] item: Rocky Helmet|[of] p2a: Corviknight
|move|p2a: Corviknight|Brave Bird|p1a: Dragonite
|-damage|p1a: Dragonite|0 fnt
|faint|p1a: Dragonite
|-damage|p2a: Corviknight|50/100|[from] Recoil
|
|upkeep
|
|t:|1779810918
|switch|p1a: Dragapult|Dragapult, F, shiny|100/100
|turn|16
|
|t:|1779810927
|move|p1a: Dragapult|Flamethrower|p2a: Corviknight
|-supereffective|p2a: Corviknight
|-damage|p2a: Corviknight|0 fnt
|faint|p2a: Corviknight
|
|upkeep
|
|t:|1779810936
|switch|p2a: Ting-Lu|Ting-Lu|100/100
|-damage|p2a: Ting-Lu|94/100|[from] Stealth Rock
|-ability|p2a: Ting-Lu|Vessel of Ruin
|turn|17
|
|t:|1779810944
|move|p1a: Dragapult|Flamethrower|p2a: Ting-Lu
|-damage|p2a: Ting-Lu|77/100
|move|p2a: Ting-Lu|Earthquake|p1a: Dragapult
|-damage|p1a: Dragapult|53/100
|
|-heal|p2a: Ting-Lu|83/100|[from] item: Leftovers
|upkeep
|turn|18
|
|t:|1779810950
|move|p1a: Dragapult|Flamethrower|p2a: Ting-Lu
|-damage|p2a: Ting-Lu|67/100
|move|p2a: Ting-Lu|Payback|p1a: Dragapult
|-supereffective|p1a: Dragapult
|-damage|p1a: Dragapult|0 fnt
|faint|p1a: Dragapult
|
|-heal|p2a: Ting-Lu|74/100|[from] item: Leftovers
|upkeep
|
|t:|1779810952
|switch|p1a: Kingambit|Kingambit, M, shiny|100/100
|-activate|p1a: Kingambit|ability: Supreme Overlord
|-start|p1a: Kingambit|fallen5|[silent]
|turn|19
|
|t:|1779810956
|move|p1a: Kingambit|Iron Head|p2a: Ting-Lu
|-damage|p2a: Ting-Lu|36/100
|move|p2a: Ting-Lu|Payback|p1a: Kingambit
|-resisted|p1a: Kingambit
|-damage|p1a: Kingambit|86/100
|
|-heal|p2a: Ting-Lu|42/100|[from] item: Leftovers
|upkeep
|turn|20
|
|t:|1779810971
|switch|p2a: Cinderace|Cinderace, M|48/100
|move|p1a: Kingambit|Iron Head|p2a: Cinderace
|-resisted|p2a: Cinderace
|-damage|p2a: Cinderace|7/100
|
|upkeep
|turn|21
|
|t:|1779810982
|move|p1a: Kingambit|Sucker Punch|p2a: Cinderace
|-damage|p2a: Cinderace|0 fnt
|faint|p2a: Cinderace
|
|upkeep
|
|t:|1779810990
|switch|p2a: Dondozo|Dondozo, M|100/100
|-damage|p2a: Dondozo|88/100|[from] Stealth Rock
|turn|22
|
|t:|1779810998
|move|p1a: Kingambit|Swords Dance|p1a: Kingambit
|-boost|p1a: Kingambit|atk|2
|move|p2a: Dondozo|Body Press|p1a: Kingambit
|-supereffective|p1a: Kingambit
|-damage|p1a: Kingambit|18/100
|
|-heal|p2a: Dondozo|94/100|[from] item: Leftovers
|upkeep
|turn|23
|
|t:|1779811010
|move|p1a: Kingambit|Kowtow Cleave|p2a: Dondozo
|-damage|p2a: Dondozo|44/100
|move|p2a: Dondozo|Waterfall|p1a: Kingambit
|-crit|p1a: Kingambit
|-damage|p1a: Kingambit|0 fnt
|faint|p1a: Kingambit
|-end|p1a: Kingambit|fallen5|[silent]
|
|win|claudechamp
|raw|Ecrypsel's rating: 1240 &rarr; <strong>1212</strong><br />(-28 for losing)
|raw|claudechamp's rating: 1201 &rarr; <strong>1229</strong><br />(+28 for winning)
|l|☆Ecrypsel
|player|p1|
|c|☆claudechamp|gg
