|j|☆acad_aver
|j|☆mastersannin
|t:|1779805436
|gametype|singles
|player|p1|acad_aver|n|1534
|player|p2|mastersannin|101|1585
|gen|9
|tier|[Gen 9] OU
|rated|
|rule|HP Percentage Mod: HP is shown in percentages
|rule|Endless Battle Clause: Forcing endless battles is banned
|rule|Species Clause: Limit one of each Pokémon
|rule|OHKO Clause: OHKO moves are banned
|rule|Evasion Items Clause: Evasion items are banned
|rule|Evasion Moves Clause: Evasion moves are banned
|rule|Evasion Abilities Clause: Evasion abilities are banned
|rule|Sleep Moves Clause: Sleep-inducing moves are banned
|clearpoke
|poke|p1|Cinderace, M|
|poke|p1|Slowking-Galar, M|
|poke|p1|Ursaluna, M|
|poke|p1|Conkeldurr, M|
|poke|p1|Heracross, M|
|poke|p1|Kingambit, M|
|poke|p2|Samurott-Hisui, M|
|poke|p2|Zapdos|
|poke|p2|Iron Treads|
|poke|p2|Ceruledge, M|
|poke|p2|Gholdengo|
|poke|p2|Kingambit, M|
|teampreview
|inactive|Battle timer is ON: inactive players will automatically lose when time's up. (requested by mastersannin)
|
|t:|1779805447
|teamsize|p1|6
|teamsize|p2|6
|start
|switch|p1a: Conkeldurr|Conkeldurr, M|100/100
|switch|p2a: Samurott|Samurott-Hisui, M|100/100
|turn|1
|
|t:|1779805451
|switch|p2a: Zapdos|Zapdos|100/100
|move|p1a: Conkeldurr|Drain Punch|p2a: Zapdos
|-resisted|p2a: Zapdos
|-damage|p2a: Zapdos|85/100
|
|upkeep
|turn|2
|
|t:|1779805454
|switch|p1a: Slowking|Slowking-Galar, M|100/100
|move|p2a: Zapdos|Hurricane|p1a: Slowking|[miss]
|-miss|p2a: Zapdos|p1a: Slowking
|
|upkeep
|turn|3
|
|t:|1779805458
|move|p2a: Zapdos|Thunder Wave|p1a: Slowking
|-status|p1a: Slowking|par
|move|p1a: Slowking|Toxic Spikes|p2a: Zapdos
|-sidestart|p2: mastersannin|move: Toxic Spikes
|
|upkeep
|turn|4
|
|t:|1779805461
|move|p2a: Zapdos|Volt Switch|p1a: Slowking
|-damage|p1a: Slowking|78/100 par
|
|t:|1779805464
|switch|p2a: Iron Treads|Iron Treads|100/100|[from] Volt Switch
|move|p1a: Slowking|Toxic Spikes|p2a: Iron Treads
|-sidestart|p2: mastersannin|move: Toxic Spikes
|
|upkeep
|turn|5
|
|t:|1779805471
|move|p2a: Iron Treads|Knock Off|p1a: Slowking
|-supereffective|p1a: Slowking
|-damage|p1a: Slowking|37/100 par
|-enditem|p1a: Slowking|Shuca Berry|[from] move: Knock Off|[of] p2a: Iron Treads
|-prepare|p1a: Slowking|Chilly Reception|[premajor]
|move|p1a: Slowking|Chilly Reception|p1a: Slowking
|-weather|Snowscape
|
|t:|1779805473
|switch|p1a: Cinderace|Cinderace, M|100/100|[from] Chilly Reception
|
|-weather|Snowscape|[upkeep]
|upkeep
|turn|6
|
|t:|1779805480
|-terastallize|p1a: Cinderace|Ghost
|move|p1a: Cinderace|Will-O-Wisp|p2a: Iron Treads
|-status|p2a: Iron Treads|brn
|move|p2a: Iron Treads|Rapid Spin|p1a: Cinderace
|-immune|p1a: Cinderace
|
|-weather|Snowscape|[upkeep]
|-damage|p2a: Iron Treads|94/100 brn|[from] brn
|upkeep
|turn|7
|
|t:|1779805487
|move|p1a: Cinderace|Court Change|p1a: Cinderace
|-swapsideconditions
|-activate|p1a: Cinderace|move: Court Change
|move|p2a: Iron Treads|Stealth Rock|p1a: Cinderace
|-sidestart|p1: acad_aver|move: Stealth Rock
|
|-weather|Snowscape|[upkeep]
|-heal|p2a: Iron Treads|100/100 brn|[from] item: Leftovers
|-damage|p2a: Iron Treads|94/100 brn|[from] brn
|upkeep
|turn|8
|
|t:|1779805499
|-end|p2a: Iron Treads|Quark Drive|[silent]
|switch|p2a: Ceruledge|Ceruledge, M|100/100
|move|p1a: Cinderace|Pyro Ball|p2a: Ceruledge
|-resisted|p2a: Ceruledge
|-damage|p2a: Ceruledge|68/100
|-ability|p2a: Ceruledge|Weak Armor|boost
|-unboost|p2a: Ceruledge|def|1
|-boost|p2a: Ceruledge|spe|2
|
|-weather|Snowscape|[upkeep]
|upkeep
|turn|9
|
|t:|1779805513
|switch|p1a: Ursaluna|Ursaluna, M|100/100
|-status|p1a: Ursaluna|tox
|-damage|p1a: Ursaluna|94/100 tox|[from] Stealth Rock
|move|p2a: Ceruledge|Swords Dance|p2a: Ceruledge
|-boost|p2a: Ceruledge|atk|2
|
|-weather|none
|-damage|p1a: Ursaluna|88/100 tox|[from] psn
|upkeep
|turn|10
|
|t:|1779805525
|move|p2a: Ceruledge|Bitter Blade|p1a: Ursaluna
|-damage|p1a: Ursaluna|8/100 tox
|-heal|p2a: Ceruledge|100/100|[from] drain|[of] p1a: Ursaluna
|move|p1a: Ursaluna|Headlong Rush|p2a: Ceruledge
|-supereffective|p2a: Ceruledge
|-damage|p2a: Ceruledge|0 fnt
|-unboost|p1a: Ursaluna|def|1
|-unboost|p1a: Ursaluna|spd|1
|faint|p2a: Ceruledge
|
|-damage|p1a: Ursaluna|0 fnt|[from] psn
|faint|p1a: Ursaluna
|upkeep
|
|t:|1779805538
|switch|p1a: Heracross|Heracross, M|100/100
|switch|p2a: Samurott|Samurott-Hisui, M|100/100
|-status|p1a: Heracross|tox
|-damage|p1a: Heracross|88/100 tox|[from] Stealth Rock
|turn|11
|
|t:|1779805553
|-terastallize|p2a: Samurott|Poison
|move|p1a: Heracross|Facade|p2a: Samurott
|-damage|p2a: Samurott|20/100
|move|p2a: Samurott|Razor Shell|p1a: Heracross
|-damage|p1a: Heracross|23/100 tox
|-unboost|p1a: Heracross|def|1
|
|-damage|p1a: Heracross|17/100 tox|[from] psn
|upkeep
|turn|12
|
|t:|1779805559
|move|p2a: Samurott|Sucker Punch|p1a: Heracross
|-resisted|p1a: Heracross
|-damage|p1a: Heracross|0 fnt
|faint|p1a: Heracross
|
|upkeep
|
|t:|1779805565
|switch|p1a: Conkeldurr|Conkeldurr, M|100/100
|-status|p1a: Conkeldurr|tox
|-damage|p1a: Conkeldurr|94/100 tox|[from] Stealth Rock
|turn|13
|
|t:|1779805570
|move|p2a: Samurott|Ceaseless Edge|p1a: Conkeldurr
|-resisted|p1a: Conkeldurr
|-crit|p1a: Conkeldurr
|-damage|p1a: Conkeldurr|67/100 tox
|-sidestart|p1: acad_aver|Spikes
|move|p1a: Conkeldurr|Earthquake|p2a: Samurott
|-supereffective|p2a: Samurott
|-damage|p2a: Samurott|0 fnt
|faint|p2a: Samurott
|
|-damage|p1a: Conkeldurr|61/100 tox|[from] psn
|upkeep
|
|t:|1779805580
|switch|p2a: Zapdos|Zapdos|85/100
|turn|14
|
|t:|1779805585
|switch|p1a: Slowking|Slowking-Galar, M|70/100 par
|-sideend|p1: acad_aver|move: Toxic Spikes|[of] p1a: Slowking
|-damage|p1a: Slowking|58/100 par|[from] Stealth Rock
|-damage|p1a: Slowking|45/100 par|[from] Spikes
|move|p2a: Zapdos|Hurricane|p1a: Slowking
|-damage|p1a: Slowking|6/100 par
|-start|p1a: Slowking|confusion
|
|upkeep
|turn|15
|
|t:|1779805596
|move|p2a: Zapdos|Volt Switch|p1a: Slowking
|-damage|p1a: Slowking|0 fnt
|faint|p1a: Slowking
|
|t:|1779805602
|switch|p2a: Iron Treads|Iron Treads|94/100 brn|[from] Volt Switch
|
|-heal|p2a: Iron Treads|100/100 brn|[from] item: Leftovers
|-damage|p2a: Iron Treads|94/100 brn|[from] brn
|upkeep
|
|t:|1779805603
|switch|p1a: Cinderace|Cinderace, M, tera:Ghost|100/100
|turn|16
|
|t:|1779805606
|move|p1a: Cinderace|Court Change|p1a: Cinderace
|-swapsideconditions
|-activate|p1a: Cinderace|move: Court Change
|move|p2a: Iron Treads|Knock Off|p1a: Cinderace
|-supereffective|p1a: Cinderace
|-damage|p1a: Cinderace|54/100
|-enditem|p1a: Cinderace|Heavy-Duty Boots|[from] move: Knock Off|[of] p2a: Iron Treads
|
|-heal|p2a: Iron Treads|100/100 brn|[from] item: Leftovers
|-damage|p2a: Iron Treads|94/100 brn|[from] brn
|upkeep
|turn|17
|
|t:|1779805618
|move|p1a: Cinderace|Pyro Ball|p2a: Iron Treads
|-supereffective|p2a: Iron Treads
|-damage|p2a: Iron Treads|0 fnt
|faint|p2a: Iron Treads
|-end|p2a: Iron Treads|Quark Drive|[silent]
|
|upkeep
|
|t:|1779805622
|switch|p2a: Zapdos|Zapdos|85/100
|turn|18
|
|t:|1779805627
|move|p1a: Cinderace|Pyro Ball|p2a: Zapdos
|-damage|p2a: Zapdos|44/100
|-status|p2a: Zapdos|brn
|move|p2a: Zapdos|Hurricane|p1a: Cinderace|[miss]
|-miss|p2a: Zapdos|p1a: Cinderace
|
|-damage|p2a: Zapdos|38/100 brn|[from] brn
|upkeep
|turn|19
|
|t:|1779805633
|move|p1a: Cinderace|Pyro Ball|p2a: Zapdos
|-damage|p2a: Zapdos|0 fnt
|faint|p2a: Zapdos
|
|upkeep
|
|t:|1779805636
|switch|p2a: Gholdengo|Gholdengo|100/100
|-damage|p2a: Gholdengo|94/100|[from] Stealth Rock
|-item|p2a: Gholdengo|Air Balloon
|turn|20
|
|t:|1779805638
|move|p1a: Cinderace|Pyro Ball|p2a: Gholdengo
|-supereffective|p2a: Gholdengo
|-damage|p2a: Gholdengo|11/100
|-enditem|p2a: Gholdengo|Air Balloon
|move|p2a: Gholdengo|Thunder Wave|p1a: Cinderace
|-status|p1a: Cinderace|par
|
|upkeep
|turn|21
|
|t:|1779805642
|move|p2a: Gholdengo|Hex|p1a: Cinderace
|-supereffective|p1a: Cinderace
|-damage|p1a: Cinderace|0 fnt
|faint|p1a: Cinderace
|
|upkeep
|
|t:|1779805648
|switch|p1a: Kingambit|Kingambit, M|100/100
|-activate|p1a: Kingambit|ability: Supreme Overlord
|-start|p1a: Kingambit|fallen4|[silent]
|-item|p1a: Kingambit|Air Balloon
|turn|22
|
|t:|1779805652
|move|p2a: Gholdengo|Focus Blast|p1a: Kingambit
|-supereffective|p1a: Kingambit
|-damage|p1a: Kingambit|0 fnt
|-enditem|p1a: Kingambit|Air Balloon
|faint|p1a: Kingambit
|-end|p1a: Kingambit|fallen4|[silent]
|
|upkeep
|
|t:|1779805655
|switch|p1a: Conkeldurr|Conkeldurr, M|61/100 tox
|turn|23
|
|t:|1779805657
|move|p2a: Gholdengo|Hex|p1a: Conkeldurr
|-damage|p1a: Conkeldurr|15/100 tox
|move|p1a: Conkeldurr|Earthquake|p2a: Gholdengo
|-supereffective|p2a: Gholdengo
|-damage|p2a: Gholdengo|0 fnt
|faint|p2a: Gholdengo
|
|-damage|p1a: Conkeldurr|9/100 tox|[from] psn
|upkeep
|
|t:|1779805662
|switch|p2a: Kingambit|Kingambit, M|100/100
|-damage|p2a: Kingambit|94/100|[from] Stealth Rock
|-damage|p2a: Kingambit|82/100|[from] Spikes
|-activate|p2a: Kingambit|ability: Supreme Overlord
|-start|p2a: Kingambit|fallen5|[silent]
|turn|24
|
|t:|1779805665
|move|p2a: Kingambit|Sucker Punch|p1a: Conkeldurr
|-resisted|p1a: Conkeldurr
|-damage|p1a: Conkeldurr|0 fnt
|faint|p1a: Conkeldurr
|
|win|mastersannin
|raw|acad_aver's rating: 1534 &rarr; <strong>1517</strong><br />(-17 for losing)
|raw|mastersannin's rating: 1585 &rarr; <strong>1602</strong><br />(+17 for winning)
|l|☆acad_aver
|player|p1|
|l|☆mastersannin
|player|p2|
