|j|‽aaagislash
|j|☆magikarp soup
|t:|1779877611
|gametype|singles
|player|p1|aaagislash|266|1610
|player|p2|magikarp soup|medium|1611
|gen|9
|tier|[Gen 9] OU
|rated|
|rule|HP Percentage Mod: HP is shown in percentages
|rule|Endless Battle Clause: Forcing endless battles is banned
|rule|Species Clause: Limit one of each Pokémon
|rule|OHKO Clause: OHKO moves are banned
|rule|Evasion Items Clause: Evasion items are banned
|rule|Evasion Moves Clause: Evasion moves are banned
|rule|Evasion Abilities Clause: Evasion abilities are banned
|rule|Sleep Moves Clause: Sleep-inducing moves are banned
|clearpoke
|poke|p1|Yanmega, M|
|poke|p1|Moltres|
|poke|p1|Great Tusk|
|poke|p1|Primarina, M|
|poke|p1|Landorus-Therian, M|
|poke|p1|Meowscarada, F|
|poke|p2|Cramorant, F|
|poke|p2|Ceruledge, F|
|poke|p2|Kyurem|
|poke|p2|Moltres-Galar|
|poke|p2|Kingambit, F|
|poke|p2|Okidogi, M|
|teampreview
|
|t:|1779877619
|teamsize|p1|6
|teamsize|p2|6
|start
|switch|p1a: Meowscarada|Meowscarada, F|100/100
|switch|p2a: Cramorant|Cramorant, F|100/100
|turn|1
|
|t:|1779877626
|move|p1a: Meowscarada|Power Gem|p2a: Cramorant
|-start|p1a: Meowscarada|typechange|Rock|[from] ability: Protean
|-supereffective|p2a: Cramorant
|-damage|p2a: Cramorant|28/100
|move|p2a: Cramorant|Tailwind|p2a: Cramorant
|-sidestart|p2: magikarp soup|move: Tailwind
|
|upkeep
|turn|2
|
|t:|1779877647
|switch|p1a: Primarina|Primarina, M|100/100
|move|p2a: Cramorant|Surf|p1a: Primarina
|-formechange|p2a: Cramorant|Cramorant-Gorging|
|-resisted|p1a: Primarina
|-damage|p1a: Primarina|89/100
|
|upkeep
|turn|3
|
|t:|1779877666
|move|p2a: Cramorant|Hurricane|p1a: Primarina
|-damage|p1a: Primarina|61/100
|-start|p1a: Primarina|confusion
|-activate|p1a: Primarina|confusion
|move|p1a: Primarina|Moonblast|p2a: Cramorant
|-damage|p2a: Cramorant|0 fnt
|-damage|p1a: Primarina|36/100|[from] ability: Gulp Missile|[of] p2a: Cramorant
|-status|p1a: Primarina|par
|-formechange|p2a: Cramorant|Cramorant|
|faint|p2a: Cramorant
|
|upkeep
|
|t:|1779877686
|switch|p2a: Moltres|Moltres-Galar|100/100
|turn|4
|
|t:|1779877696
|move|p2a: Moltres|Nasty Plot|p2a: Moltres
|-boost|p2a: Moltres|spa|2
|-activate|p1a: Primarina|confusion
|move|p1a: Primarina|Moonblast|p2a: Moltres
|-supereffective|p2a: Moltres
|-damage|p2a: Moltres|0 fnt
|faint|p2a: Moltres
|
|-sideend|p2: magikarp soup|move: Tailwind
|upkeep
|
|t:|1779877721
|switch|p2a: Ceruledge|Ceruledge, F|100/100
|turn|5
|
|t:|1779877725
|move|p2a: Ceruledge|Poltergeist|p1a: Primarina
|-activate|p1a: Primarina|move: Poltergeist|Choice Specs
|-damage|p1a: Primarina|0 fnt
|faint|p1a: Primarina
|
|upkeep
|
|t:|1779877729
|switch|p1a: Meowscarada|Meowscarada, F|100/100
|turn|6
|
|t:|1779877739
|move|p1a: Meowscarada|Shadow Ball|p2a: Ceruledge
|-start|p1a: Meowscarada|typechange|Ghost|[from] ability: Protean
|-supereffective|p2a: Ceruledge
|-damage|p2a: Ceruledge|32/100
|move|p2a: Ceruledge|Swords Dance|p2a: Ceruledge
|-boost|p2a: Ceruledge|atk|2
|
|upkeep
|turn|7
|
|t:|1779877751
|switch|p1a: Landorus|Landorus-Therian, M|100/100
|-ability|p1a: Landorus|Intimidate|boost
|-unboost|p2a: Ceruledge|atk|1
|switch|p2a: Kingambit|Kingambit, F|100/100
|-activate|p2a: Kingambit|ability: Supreme Overlord
|-start|p2a: Kingambit|fallen2|[silent]
|
|upkeep
|turn|8
|
|t:|1779877763
|-end|p2a: Kingambit|fallen2|[silent]
|switch|p2a: Ceruledge|Ceruledge, F|32/100
|move|p1a: Landorus|Fling|p2a: Ceruledge
|-supereffective|p2a: Ceruledge
|-damage|p2a: Ceruledge|3/100
|-status|p2a: Ceruledge|par
|-ability|p2a: Ceruledge|Weak Armor|boost
|-unboost|p2a: Ceruledge|def|1
|-boost|p2a: Ceruledge|spe|2
|-enditem|p1a: Landorus|Light Ball|[from] move: Fling
|
|upkeep
|turn|9
|
|t:|1779877768
|move|p1a: Landorus|Stealth Rock|p2a: Ceruledge
|-sidestart|p2: magikarp soup|move: Stealth Rock
|move|p2a: Ceruledge|Destiny Bond|p2a: Ceruledge
|-singlemove|p2a: Ceruledge|Destiny Bond
|
|upkeep
|turn|10
|
|t:|1779877787
|move|p1a: Landorus|Earthquake|p2a: Ceruledge
|-supereffective|p2a: Ceruledge
|-damage|p2a: Ceruledge|0 fnt
|faint|p2a: Ceruledge
|-activate|p2a: Ceruledge|move: Destiny Bond
|faint|p1a: Landorus
|
|upkeep
|
|t:|1779877806
|switch|p1a: Great Tusk|Great Tusk|100/100
|switch|p2a: Kyurem|Kyurem|100/100
|-damage|p2a: Kyurem|76/100|[from] Stealth Rock
|-ability|p2a: Kyurem|Pressure
|-enditem|p1a: Great Tusk|Booster Energy
|-activate|p1a: Great Tusk|ability: Protosynthesis|[fromitem]
|-start|p1a: Great Tusk|protosynthesisatk
|turn|11
|
|t:|1779877823
|-terastallize|p1a: Great Tusk|Dark
|move|p2a: Kyurem|Icicle Spear|p1a: Great Tusk
|-damage|p1a: Great Tusk|91/100
|-damage|p1a: Great Tusk|81/100
|-damage|p1a: Great Tusk|71/100
|-damage|p1a: Great Tusk|62/100
|-damage|p1a: Great Tusk|53/100
|-hitcount|p1a: Great Tusk|5
|move|p1a: Great Tusk|Close Combat|p2a: Kyurem
|-supereffective|p2a: Kyurem
|-damage|p2a: Kyurem|0 fnt
|-unboost|p1a: Great Tusk|def|1
|-unboost|p1a: Great Tusk|spd|1
|faint|p2a: Kyurem
|
|upkeep
|
|t:|1779877832
|switch|p2a: Okidogi|Okidogi, M|100/100
|-damage|p2a: Okidogi|94/100|[from] Stealth Rock
|turn|12
|
|t:|1779877840
|-terastallize|p2a: Okidogi|Dark
|move|p1a: Great Tusk|Knock Off|p2a: Okidogi
|-resisted|p2a: Okidogi
|-damage|p2a: Okidogi|69/100
|-enditem|p2a: Okidogi|Leftovers|[from] move: Knock Off|[of] p1a: Great Tusk
|move|p2a: Okidogi|Drain Punch|p1a: Great Tusk
|-supereffective|p1a: Great Tusk
|-damage|p1a: Great Tusk|0 fnt
|-heal|p2a: Okidogi|94/100|[from] drain|[of] p1a: Great Tusk
|faint|p1a: Great Tusk
|-end|p1a: Great Tusk|Protosynthesis|[silent]
|
|upkeep
|
|t:|1779877862
|switch|p1a: Moltres|Moltres|100/100
|turn|13
|
|t:|1779877876
|move|p1a: Moltres|Flamethrower|p2a: Okidogi
|-damage|p2a: Okidogi|36/100
|-damage|p1a: Moltres|91/100|[from] item: Life Orb
|move|p2a: Okidogi|Gunk Shot|p1a: Moltres
|-damage|p1a: Moltres|5/100
|
|upkeep
|turn|14
|
|t:|1779877883
|move|p1a: Moltres|Flamethrower|p2a: Okidogi
|-damage|p2a: Okidogi|0 fnt
|faint|p2a: Okidogi
|-damage|p1a: Moltres|0 fnt|[from] item: Life Orb
|faint|p1a: Moltres
|
|upkeep
|
|t:|1779877886
|switch|p1a: Meowscarada|Meowscarada, F|100/100
|switch|p2a: Kingambit|Kingambit, F|100/100
|-damage|p2a: Kingambit|94/100|[from] Stealth Rock
|-activate|p2a: Kingambit|ability: Supreme Overlord
|-start|p2a: Kingambit|fallen5|[silent]
|turn|15
|
|t:|1779877889
|move|p1a: Meowscarada|Aura Sphere|p2a: Kingambit
|-start|p1a: Meowscarada|typechange|Fighting|[from] ability: Protean
|-supereffective|p2a: Kingambit
|-damage|p2a: Kingambit|0 fnt
|faint|p2a: Kingambit
|-end|p2a: Kingambit|fallen5|[silent]
|
|win|aaagislash
|raw|aaagislash's rating: 1610 &rarr; <strong>1630</strong><br />(+20 for winning)
|raw|magikarp soup's rating: 1611 &rarr; <strong>1591</strong><br />(-20 for losing)
|l|☆magikarp soup
|player|p2|
|l|‽aaagislash
|player|p1|
