|j|☆Jazzuthy
|j|☆x_Anabolic_x
|t:|1779887265
|gametype|singles
|player|p1|Jazzuthy|veteran-gen4|1273
|player|p2|x_Anabolic_x|ltsurge|1223
|gen|9
|tier|[Gen 9] OU
|rated|
|rule|HP Percentage Mod: HP is shown in percentages
|rule|Endless Battle Clause: Forcing endless battles is banned
|rule|Species Clause: Limit one of each Pokémon
|rule|OHKO Clause: OHKO moves are banned
|rule|Evasion Items Clause: Evasion items are banned
|rule|Evasion Moves Clause: Evasion moves are banned
|rule|Evasion Abilities Clause: Evasion abilities are banned
|rule|Sleep Moves Clause: Sleep-inducing moves are banned
|clearpoke
|poke|p1|Salazzle, F|
|poke|p1|Goodra-Hisui, F|
|poke|p1|Cinccino, M|
|poke|p1|Dondozo, F|
|poke|p1|Comfey, M|
|poke|p1|Froslass, F|
|poke|p2|Tyranitar, M|
|poke|p2|Weezing-Galar, M|
|poke|p2|Cinderace, M|
|poke|p2|Gliscor, M|
|poke|p2|Rotom-Wash|
|poke|p2|Sinistcha|
|teampreview
|
|t:|1779887301
|teamsize|p1|6
|teamsize|p2|6
|start
|switch|p1a: Froslass|Froslass, F|100/100
|switch|p2a: Rotom|Rotom-Wash|100/100
|turn|1
|
|t:|1779887310
|move|p1a: Froslass|Taunt|p2a: Rotom
|-start|p2a: Rotom|move: Taunt
|cant|p2a: Rotom|move: Taunt|Thunder Wave
|
|upkeep
|turn|2
|
|t:|1779887316
|move|p1a: Froslass|Poltergeist|p2a: Rotom
|-activate|p2a: Rotom|move: Poltergeist|Choice Specs
|-damage|p2a: Rotom|65/100
|move|p2a: Rotom|Volt Switch|p1a: Froslass
|-damage|p1a: Froslass|42/100
|
|t:|1779887323
|switch|p2a: Cinderace|Cinderace, M|100/100|[from] Volt Switch
|
|upkeep
|turn|3
|
|t:|1779887340
|switch|p1a: Dondozo|Dondozo, F|100/100
|move|p2a: Cinderace|Pyro Ball|p1a: Dondozo|[miss]
|-miss|p2a: Cinderace|p1a: Dondozo
|
|upkeep
|turn|4
|
|t:|1779887346
|move|p2a: Cinderace|U-turn|p1a: Dondozo
|-start|p2a: Cinderace|typechange|Bug|[from] ability: Libero
|-damage|p1a: Dondozo|87/100
|
|t:|1779887351
|switch|p2a: Rotom|Rotom-Wash|65/100|[from] U-turn
|move|p1a: Dondozo|Waterfall|p2a: Rotom
|-resisted|p2a: Rotom
|-damage|p2a: Rotom|54/100
|
|-heal|p1a: Dondozo|93/100|[from] item: Leftovers
|upkeep
|turn|5
|
|t:|1779887366
|switch|p1a: Goodra|Goodra-Hisui, F|100/100
|move|p2a: Rotom|Trick|p1a: Goodra
|-activate|p2a: Rotom|move: Trick|[of] p1a: Goodra
|-item|p1a: Goodra|Choice Specs|[from] move: Trick
|-item|p2a: Rotom|Assault Vest|[from] move: Trick
|
|upkeep
|turn|6
|
|t:|1779887375
|move|p2a: Rotom|Volt Switch|p1a: Goodra
|-resisted|p1a: Goodra
|-damage|p1a: Goodra|92/100
|
|t:|1779887397
|switch|p2a: Tyranitar|Tyranitar, M|100/100|[from] Volt Switch
|-weather|Sandstorm|[from] ability: Sand Stream|[of] p2a: Tyranitar
|move|p1a: Goodra|Dragon Tail|p2a: Tyranitar
|-damage|p2a: Tyranitar|85/100
|drag|p2a: Cinderace|Cinderace, M|100/100
|
|-weather|Sandstorm|[upkeep]
|-damage|p2a: Cinderace|95/100|[from] Sandstorm
|upkeep
|turn|7
|
|t:|1779887434
|move|p2a: Cinderace|Pyro Ball|p1a: Goodra
|-damage|p1a: Goodra|42/100
|move|p1a: Goodra|Dragon Tail|p2a: Cinderace
|-damage|p2a: Cinderace|68/100
|drag|p2a: Gliscor|Gliscor, M|100/100
|
|-weather|Sandstorm|[upkeep]
|-status|p2a: Gliscor|tox|[from] item: Toxic Orb
|upkeep
|turn|8
|
|t:|1779887458
|switch|p1a: Dondozo|Dondozo, F|93/100
|move|p2a: Gliscor|Earthquake|p1a: Dondozo
|-damage|p1a: Dondozo|78/100
|
|-weather|Sandstorm|[upkeep]
|-damage|p1a: Dondozo|72/100|[from] Sandstorm
|-heal|p1a: Dondozo|78/100|[from] item: Leftovers
|upkeep
|turn|9
|
|t:|1779887466
|move|p2a: Gliscor|Toxic|p1a: Dondozo
|-status|p1a: Dondozo|tox
|move|p1a: Dondozo|Waterfall|p2a: Gliscor
|-supereffective|p2a: Gliscor
|-damage|p2a: Gliscor|70/100 tox
|
|-weather|Sandstorm|[upkeep]
|-damage|p1a: Dondozo|72/100 tox|[from] Sandstorm
|-heal|p1a: Dondozo|78/100 tox|[from] item: Leftovers
|-heal|p2a: Gliscor|82/100 tox|[from] ability: Poison Heal
|-damage|p1a: Dondozo|72/100 tox|[from] psn
|upkeep
|turn|10
|
|t:|1779887482
|switch|p2a: Sinistcha|Sinistcha|100/100
|move|p1a: Dondozo|Waterfall|p2a: Sinistcha
|-resisted|p2a: Sinistcha
|-damage|p2a: Sinistcha|89/100
|
|-weather|none
|-heal|p2a: Sinistcha|95/100|[from] item: Leftovers
|-heal|p1a: Dondozo|78/100 tox|[from] item: Leftovers
|-damage|p1a: Dondozo|66/100 tox|[from] psn
|upkeep
|turn|11
|inactive|Battle timer is ON: inactive players will automatically lose when time's up. (requested by Jazzuthy)
|inactive|x_Anabolic_x has 120 seconds left.
|
|t:|1779887616
|switch|p1a: Goodra|Goodra-Hisui, F|42/100
|move|p2a: Sinistcha|Matcha Gotcha|p1a: Goodra
|-ability|p1a: Goodra|Sap Sipper|boost
|-boost|p1a: Goodra|atk|1
|
|-heal|p2a: Sinistcha|100/100|[from] item: Leftovers
|upkeep
|turn|12
|
|t:|1779887645
|switch|p2a: Gliscor|Gliscor, M|82/100 tox
|move|p1a: Goodra|Ice Beam|p2a: Gliscor
|-supereffective|p2a: Gliscor
|-damage|p2a: Gliscor|0 fnt
|faint|p2a: Gliscor
|
|upkeep
|c|☆Jazzuthy|very predictable
|inactive|x_Anabolic_x has 120 seconds left.
|
|t:|1779887655
|switch|p2a: Tyranitar|Tyranitar, M|85/100
|-weather|Sandstorm|[from] ability: Sand Stream|[of] p2a: Tyranitar
|turn|13
|inactive|x_Anabolic_x has 120 seconds left.
|
|t:|1779887665
|move|p2a: Tyranitar|Low Kick|p1a: Goodra
|-supereffective|p1a: Goodra
|-damage|p1a: Goodra|0 fnt
|faint|p1a: Goodra
|
|-weather|Sandstorm|[upkeep]
|upkeep
|
|t:|1779887670
|switch|p1a: Dondozo|Dondozo, F|66/100 tox
|turn|14
|
|t:|1779887673
|move|p2a: Tyranitar|Knock Off|p1a: Dondozo
|-damage|p1a: Dondozo|39/100 tox
|-enditem|p1a: Dondozo|Leftovers|[from] move: Knock Off|[of] p2a: Tyranitar
|move|p1a: Dondozo|Waterfall|p2a: Tyranitar
|-supereffective|p2a: Tyranitar
|-damage|p2a: Tyranitar|42/100
|
|-weather|Sandstorm|[upkeep]
|-damage|p1a: Dondozo|33/100 tox|[from] Sandstorm
|-damage|p1a: Dondozo|27/100 tox|[from] psn
|upkeep
|turn|15
|
|t:|1779887690
|move|p2a: Tyranitar|Low Kick|p1a: Dondozo
|-damage|p1a: Dondozo|5/100 tox
|move|p1a: Dondozo|Rest|p1a: Dondozo
|-status|p1a: Dondozo|slp|[from] move: Rest
|-heal|p1a: Dondozo|100/100 slp|[silent]
|
|-weather|Sandstorm|[upkeep]
|-damage|p1a: Dondozo|94/100 slp|[from] Sandstorm
|upkeep
|turn|16
|
|t:|1779887711
|switch|p2a: Rotom|Rotom-Wash|54/100
|cant|p1a: Dondozo|slp
|move|p1a: Dondozo|Sleep Talk|p1a: Dondozo
|move|p1a: Dondozo|Waterfall|p2a: Rotom|[from] move: Sleep Talk
|-resisted|p2a: Rotom
|-damage|p2a: Rotom|45/100
|
|-weather|Sandstorm|[upkeep]
|-damage|p2a: Rotom|38/100|[from] Sandstorm
|-damage|p1a: Dondozo|88/100 slp|[from] Sandstorm
|upkeep
|turn|17
|c|☆x_Anabolic_x|:( sorry I'm a noob
|
|t:|1779887723
|move|p2a: Rotom|Volt Switch|p1a: Dondozo
|-supereffective|p1a: Dondozo
|-damage|p1a: Dondozo|38/100 slp
|
|t:|1779887728
|switch|p2a: Weezing|Weezing-Galar, M|100/100|[from] Volt Switch
|cant|p1a: Dondozo|slp
|move|p1a: Dondozo|Sleep Talk|p1a: Dondozo
|move|p1a: Dondozo|Waterfall|p2a: Weezing|[from] move: Sleep Talk
|-damage|p2a: Weezing|83/100
|
|-weather|none
|-heal|p2a: Weezing|89/100|[from] item: Leftovers
|upkeep
|turn|18
|
|t:|1779887741
|move|p2a: Weezing|Strange Steam|p1a: Dondozo
|-damage|p1a: Dondozo|14/100 slp
|-curestatus|p1a: Dondozo|slp|[msg]
|move|p1a: Dondozo|Waterfall|p2a: Weezing
|-damage|p2a: Weezing|73/100
|
|-heal|p2a: Weezing|79/100|[from] item: Leftovers
|upkeep
|turn|19
|
|t:|1779887751
|switch|p1a: Salazzle|Salazzle, F|100/100
|move|p2a: Weezing|Strange Steam|p1a: Salazzle
|-resisted|p1a: Salazzle
|-damage|p1a: Salazzle|90/100
|
|-heal|p1a: Salazzle|96/100|[from] item: Leftovers
|-heal|p2a: Weezing|85/100|[from] item: Leftovers
|upkeep
|turn|20
|
|t:|1779887762
|switch|p2a: Rotom|Rotom-Wash|38/100
|move|p1a: Salazzle|Encore||[still]
|-fail|p1a: Salazzle
|
|-heal|p1a: Salazzle|100/100|[from] item: Leftovers
|upkeep
|turn|21
|
|t:|1779887770
|move|p1a: Salazzle|Substitute|p1a: Salazzle
|-start|p1a: Salazzle|Substitute
|-damage|p1a: Salazzle|76/100
|move|p2a: Rotom|Volt Switch|p1a: Salazzle
|-end|p1a: Salazzle|Substitute
|
|t:|1779887778
|switch|p2a: Cinderace|Cinderace, M|68/100|[from] Volt Switch
|
|-heal|p1a: Salazzle|82/100|[from] item: Leftovers
|upkeep
|turn|22
|
|t:|1779887799
|move|p2a: Cinderace|U-turn|p1a: Salazzle
|-start|p2a: Cinderace|typechange|Bug|[from] ability: Libero
|-resisted|p1a: Salazzle
|-damage|p1a: Salazzle|68/100
|
|t:|1779887805
|switch|p2a: Tyranitar|Tyranitar, M|42/100|[from] U-turn
|-weather|Sandstorm|[from] ability: Sand Stream|[of] p2a: Tyranitar
|move|p1a: Salazzle|Toxic|p2a: Tyranitar
|-status|p2a: Tyranitar|tox
|
|-weather|Sandstorm|[upkeep]
|-damage|p1a: Salazzle|62/100|[from] Sandstorm
|-heal|p1a: Salazzle|68/100|[from] item: Leftovers
|-damage|p2a: Tyranitar|36/100 tox|[from] psn
|upkeep
|turn|23
|
|t:|1779887816
|move|p1a: Salazzle|Substitute|p1a: Salazzle
|-start|p1a: Salazzle|Substitute
|-damage|p1a: Salazzle|43/100
|move|p2a: Tyranitar|Earthquake|p1a: Salazzle
|-supereffective|p1a: Salazzle
|-end|p1a: Salazzle|Substitute
|
|-weather|Sandstorm|[upkeep]
|-damage|p1a: Salazzle|37/100|[from] Sandstorm
|-heal|p1a: Salazzle|43/100|[from] item: Leftovers
|-damage|p2a: Tyranitar|24/100 tox|[from] psn
|upkeep
|turn|24
|
|t:|1779887830
|move|p1a: Salazzle|Disable|p2a: Tyranitar
|-start|p2a: Tyranitar|Disable|Earthquake
|cant|p2a: Tyranitar|Disable|Earthquake
|
|-weather|Sandstorm|[upkeep]
|-damage|p1a: Salazzle|37/100|[from] Sandstorm
|-heal|p1a: Salazzle|43/100|[from] item: Leftovers
|-damage|p2a: Tyranitar|5/100 tox|[from] psn
|upkeep
|turn|25
|inactive|x_Anabolic_x has 120 seconds left.
|
|t:|1779887881
|move|p1a: Salazzle|Encore|p2a: Tyranitar
|-start|p2a: Tyranitar|Encore
|cant|p2a: Tyranitar|Disable|Earthquake
|
|-weather|Sandstorm|[upkeep]
|-damage|p1a: Salazzle|37/100|[from] Sandstorm
|-heal|p1a: Salazzle|43/100|[from] item: Leftovers
|-damage|p2a: Tyranitar|0 fnt|[from] psn
|faint|p2a: Tyranitar
|upkeep
|
|t:|1779887889
|switch|p2a: Cinderace|Cinderace, M|68/100
|turn|26
|
|t:|1779887896
|move|p2a: Cinderace|Pyro Ball|p1a: Salazzle
|-resisted|p1a: Salazzle
|-damage|p1a: Salazzle|2/100
|move|p1a: Salazzle|Toxic|p2a: Cinderace
|-status|p2a: Cinderace|tox
|
|-weather|none
|-heal|p1a: Salazzle|8/100|[from] item: Leftovers
|-damage|p2a: Cinderace|62/100 tox|[from] psn
|upkeep
|turn|27
|
|t:|1779887921
|switch|p2a: Rotom|Rotom-Wash|38/100
|switch|p1a: Dondozo|Dondozo, F|14/100
|
|upkeep
|turn|28
|
|t:|1779887929
|-terastallize|p1a: Dondozo|Ground
|move|p2a: Rotom|Volt Switch|p1a: Dondozo
|-immune|p1a: Dondozo
|move|p1a: Dondozo|Rest|p1a: Dondozo
|-status|p1a: Dondozo|slp|[from] move: Rest
|-heal|p1a: Dondozo|100/100 slp|[silent]
|
|upkeep
|turn|29
|
|t:|1779887938
|move|p2a: Rotom|Hydro Pump|p1a: Dondozo|[miss]
|-miss|p2a: Rotom|p1a: Dondozo
|cant|p1a: Dondozo|slp
|move|p1a: Dondozo|Sleep Talk|p1a: Dondozo
|move|p1a: Dondozo|Waterfall|p2a: Rotom|[from] move: Sleep Talk
|-resisted|p2a: Rotom
|-damage|p2a: Rotom|28/100
|
|upkeep
|turn|30
|
|t:|1779887946
|move|p2a: Rotom|Hydro Pump|p1a: Dondozo
|-supereffective|p1a: Dondozo
|-damage|p1a: Dondozo|23/100 slp
|cant|p1a: Dondozo|slp
|move|p1a: Dondozo|Sleep Talk|p1a: Dondozo
|move|p1a: Dondozo|Rest||[from] move: Sleep Talk|[still]
|-fail|p1a: Dondozo
|
|upkeep
|turn|31
|inactive|x_Anabolic_x has 120 seconds left.
|
|t:|1779887962
|switch|p2a: Sinistcha|Sinistcha|100/100
|-curestatus|p1a: Dondozo|slp|[msg]
|move|p1a: Dondozo|Rest|p1a: Dondozo
|-status|p1a: Dondozo|slp|[from] move: Rest
|-heal|p1a: Dondozo|100/100 slp|[silent]
|
|upkeep
|turn|32
|
|t:|1779887971
|switch|p1a: Froslass|Froslass, F|42/100
|move|p2a: Sinistcha|Calm Mind|p2a: Sinistcha
|-boost|p2a: Sinistcha|spa|1
|-boost|p2a: Sinistcha|spd|1
|
|upkeep
|turn|33
|inactive|x_Anabolic_x has 120 seconds left.
|
|t:|1779887985
|-terastallize|p2a: Sinistcha|Fairy
|move|p1a: Froslass|Poltergeist|p2a: Sinistcha
|-activate|p2a: Sinistcha|move: Poltergeist|Leftovers
|-damage|p2a: Sinistcha|61/100
|move|p2a: Sinistcha|Calm Mind|p2a: Sinistcha
|-boost|p2a: Sinistcha|spa|1
|-boost|p2a: Sinistcha|spd|1
|
|-heal|p2a: Sinistcha|68/100|[from] item: Leftovers
|upkeep
|turn|34
|inactive|x_Anabolic_x has 120 seconds left.
|
|t:|1779888001
|move|p1a: Froslass|Destiny Bond|p1a: Froslass
|-singlemove|p1a: Froslass|Destiny Bond
|move|p2a: Sinistcha|Shadow Ball|p1a: Froslass
|-supereffective|p1a: Froslass
|-damage|p1a: Froslass|0 fnt
|-start|p2a: Sinistcha|Disable|Shadow Ball|[from] ability: Cursed Body|[of] p1a: Froslass
|faint|p1a: Froslass
|-activate|p1a: Froslass|move: Destiny Bond
|faint|p2a: Sinistcha
|
|upkeep
|l|☆x_Anabolic_x
|inactive|x_Anabolic_x disconnected and has a minute to reconnect!
|player|p2|
|
|t:|1779888030
|switch|p1a: Dondozo|Dondozo, F, tera:Ground|100/100 slp
|switch|p2a: Cinderace|Cinderace, M|62/100 tox
|turn|35
|inactive|x_Anabolic_x has 30 seconds to reconnect!
|inactive|x_Anabolic_x has 20 seconds to reconnect!
|inactive|x_Anabolic_x has 15 seconds to reconnect!
|inactive|x_Anabolic_x has 10 seconds to reconnect!
|inactive|x_Anabolic_x has 5 seconds to reconnect!
|-message|x_Anabolic_x lost due to inactivity.
|
|win|Jazzuthy
|raw|Jazzuthy's rating: 1273 &rarr; <strong>1294</strong><br />(+21 for winning)
|raw|x_Anabolic_x's rating: 1223 &rarr; <strong>1202</strong><br />(-21 for losing)
|l|☆Jazzuthy
|player|p1|
