|j|☆roddyj
|j|☆sadaasdfasdasd
|t:|1779812469
|gametype|singles
|player|p1|roddyj|ethan|1562
|player|p2|sadaasdfasdasd|102|1647
|gen|9
|tier|[Gen 9] OU
|rated|
|rule|HP Percentage Mod: HP is shown in percentages
|rule|Endless Battle Clause: Forcing endless battles is banned
|rule|Species Clause: Limit one of each Pokémon
|rule|OHKO Clause: OHKO moves are banned
|rule|Evasion Items Clause: Evasion items are banned
|rule|Evasion Moves Clause: Evasion moves are banned
|rule|Evasion Abilities Clause: Evasion abilities are banned
|rule|Sleep Moves Clause: Sleep-inducing moves are banned
|clearpoke
|poke|p1|Mamoswine, M|
|poke|p1|Kingambit, M|
|poke|p1|Serperior, M|
|poke|p1|Gyarados, F|
|poke|p1|Weezing-Galar, M|
|poke|p1|Milotic, F|
|poke|p2|Serperior, F|
|poke|p2|Skeledirge, M|
|poke|p2|Ting-Lu|
|poke|p2|Gholdengo|
|poke|p2|Rotom-Wash|
|poke|p2|Weavile, F|
|teampreview
|inactive|Battle timer is ON: inactive players will automatically lose when time's up. (requested by sadaasdfasdasd)
|
|t:|1779812505
|teamsize|p1|6
|teamsize|p2|6
|start
|switch|p1a: Serperior|Serperior, M, shiny|100/100
|switch|p2a: Weavile|Weavile, F|100/100
|turn|1
|
|t:|1779812512
|-terastallize|p1a: Serperior|Water
|move|p2a: Weavile|Knock Off|p1a: Serperior
|-damage|p1a: Serperior|49/100
|-enditem|p1a: Serperior|Leftovers|[from] move: Knock Off|[of] p2a: Weavile
|move|p1a: Serperior|Glare|p2a: Weavile
|-status|p2a: Weavile|par
|
|upkeep
|turn|2
|
|t:|1779812518
|move|p1a: Serperior|Leech Seed|p2a: Weavile
|-start|p2a: Weavile|move: Leech Seed
|cant|p2a: Weavile|par
|
|-damage|p2a: Weavile|88/100 par|[from] Leech Seed|[of] p1a: Serperior
|-heal|p1a: Serperior|59/100|[silent]
|upkeep
|turn|3
|
|t:|1779812524
|move|p1a: Serperior|Substitute|p1a: Serperior
|-start|p1a: Serperior|Substitute
|-damage|p1a: Serperior|34/100
|cant|p2a: Weavile|par
|
|-damage|p2a: Weavile|76/100 par|[from] Leech Seed|[of] p1a: Serperior
|-heal|p1a: Serperior|44/100|[silent]
|upkeep
|turn|4
|
|t:|1779812529
|switch|p2a: Serperior|Serperior, F, shiny|100/100
|move|p1a: Serperior|Leaf Storm|p2a: Serperior
|-resisted|p2a: Serperior
|-damage|p2a: Serperior|82/100
|-boost|p1a: Serperior|spa|2
|
|-heal|p2a: Serperior|88/100|[from] item: Leftovers
|upkeep
|turn|5
|
|t:|1779812533
|move|p1a: Serperior|Glare|p2a: Serperior
|-status|p2a: Serperior|par
|move|p2a: Serperior|Substitute|p2a: Serperior
|-start|p2a: Serperior|Substitute
|-damage|p2a: Serperior|63/100 par
|
|-heal|p2a: Serperior|70/100 par|[from] item: Leftovers
|upkeep
|turn|6
|
|t:|1779812539
|move|p1a: Serperior|Leaf Storm|p2a: Serperior
|-resisted|p2a: Serperior
|-end|p2a: Serperior|Substitute
|-boost|p1a: Serperior|spa|2
|move|p2a: Serperior|Leaf Storm|p1a: Serperior
|-supereffective|p1a: Serperior
|-end|p1a: Serperior|Substitute
|-boost|p2a: Serperior|spa|2
|
|-heal|p2a: Serperior|76/100 par|[from] item: Leftovers
|upkeep
|turn|7
|
|t:|1779812545
|move|p1a: Serperior|Leaf Storm|p2a: Serperior
|-resisted|p2a: Serperior
|-damage|p2a: Serperior|16/100 par
|-boost|p1a: Serperior|spa|2
|move|p2a: Serperior|Leaf Storm|p1a: Serperior
|-supereffective|p1a: Serperior
|-damage|p1a: Serperior|0 fnt
|-boost|p2a: Serperior|spa|2
|faint|p1a: Serperior
|
|-heal|p2a: Serperior|22/100 par|[from] item: Leftovers
|upkeep
|
|t:|1779812556
|switch|p1a: Mamoswine|Mamoswine, M, shiny|100/100
|turn|8
|
|t:|1779812558
|move|p1a: Mamoswine|Icicle Crash|p2a: Serperior
|-supereffective|p2a: Serperior
|-damage|p2a: Serperior|0 fnt
|faint|p2a: Serperior
|
|upkeep
|
|t:|1779812562
|switch|p2a: slow cycle|Rotom-Wash|100/100
|turn|9
|
|t:|1779812567
|switch|p1a: Milotic|Milotic, F, shiny|100/100
|move|p2a: slow cycle|Will-O-Wisp|p1a: Milotic
|-status|p1a: Milotic|brn
|
|-damage|p1a: Milotic|94/100 brn|[from] brn
|upkeep
|turn|10
|
|t:|1779812571
|move|p2a: slow cycle|Volt Switch|p1a: Milotic
|-supereffective|p1a: Milotic
|-damage|p1a: Milotic|68/100 brn
|
|t:|1779812574
|switch|p2a: Weavile|Weavile, F|76/100 par|[from] Volt Switch
|move|p1a: Milotic|Flip Turn|p2a: Weavile
|-damage|p2a: Weavile|65/100 par
|
|t:|1779812581
|switch|p1a: Mamoswine|Mamoswine, M, shiny|100/100|[from] Flip Turn
|
|upkeep
|turn|11
|
|t:|1779812585
|switch|p2a: slow cycle|Rotom-Wash|100/100
|move|p1a: Mamoswine|Stealth Rock|p2a: slow cycle
|-sidestart|p2: sadaasdfasdasd|move: Stealth Rock
|
|upkeep
|turn|12
|
|t:|1779812590
|switch|p1a: Milotic|Milotic, F, shiny|68/100 brn
|move|p2a: slow cycle|Volt Switch|p1a: Milotic
|-supereffective|p1a: Milotic
|-damage|p1a: Milotic|45/100 brn
|
|t:|1779812594
|switch|p2a: Ting-Lu|Ting-Lu|100/100|[from] Volt Switch
|-damage|p2a: Ting-Lu|94/100|[from] Stealth Rock
|-ability|p2a: Ting-Lu|Vessel of Ruin
|
|-heal|p2a: Ting-Lu|100/100|[from] item: Leftovers
|-damage|p1a: Milotic|38/100 brn|[from] brn
|upkeep
|turn|13
|
|t:|1779812597
|move|p1a: Milotic|Surf|p2a: Ting-Lu
|-supereffective|p2a: Ting-Lu
|-damage|p2a: Ting-Lu|65/100
|move|p2a: Ting-Lu|Stealth Rock|p1a: Milotic
|-sidestart|p1: roddyj|move: Stealth Rock
|
|-heal|p2a: Ting-Lu|72/100|[from] item: Leftovers
|-damage|p1a: Milotic|32/100 brn|[from] brn
|upkeep
|turn|14
|
|t:|1779812600
|move|p1a: Milotic|Surf|p2a: Ting-Lu
|-supereffective|p2a: Ting-Lu
|-damage|p2a: Ting-Lu|39/100
|move|p2a: Ting-Lu|Spikes|p1a: Milotic
|-sidestart|p1: roddyj|Spikes
|
|-heal|p2a: Ting-Lu|45/100|[from] item: Leftovers
|-damage|p1a: Milotic|26/100 brn|[from] brn
|upkeep
|turn|15
|
|t:|1779812604
|move|p1a: Milotic|Surf|p2a: Ting-Lu
|-supereffective|p2a: Ting-Lu
|-damage|p2a: Ting-Lu|6/100
|move|p2a: Ting-Lu|Earthquake|p1a: Milotic
|-damage|p1a: Milotic|0 fnt
|faint|p1a: Milotic
|
|-heal|p2a: Ting-Lu|12/100|[from] item: Leftovers
|upkeep
|
|t:|1779812608
|switch|p1a: Weezing|Weezing-Galar, M, shiny|100/100
|-damage|p1a: Weezing|88/100|[from] Stealth Rock
|turn|16
|
|t:|1779812610
|move|p1a: Weezing|Strange Steam|p2a: Ting-Lu
|-supereffective|p2a: Ting-Lu
|-damage|p2a: Ting-Lu|0 fnt
|faint|p2a: Ting-Lu
|
|-heal|p1a: Weezing|94/100|[from] item: Leftovers
|upkeep
|
|t:|1779812612
|switch|p2a: Amascut's Promise|Gholdengo|100/100
|-damage|p2a: Amascut's Promise|94/100|[from] Stealth Rock
|turn|17
|
|t:|1779812620
|switch|p1a: Mamoswine|Mamoswine, M, shiny|100/100
|-damage|p1a: Mamoswine|88/100|[from] Stealth Rock
|-damage|p1a: Mamoswine|76/100|[from] Spikes
|move|p2a: Amascut's Promise|Make It Rain|p1a: Mamoswine
|-supereffective|p1a: Mamoswine
|-damage|p1a: Mamoswine|0 fnt
|-unboost|p2a: Amascut's Promise|spa|1
|faint|p1a: Mamoswine
|
|upkeep
|
|t:|1779812628
|switch|p1a: Gyarados|Gyarados, F, shiny|100/100
|-damage|p1a: Gyarados|76/100|[from] Stealth Rock
|turn|18
|
|t:|1779812630
|switch|p2a: slow cycle|Rotom-Wash|100/100
|-damage|p2a: slow cycle|88/100|[from] Stealth Rock
|move|p1a: Gyarados|Dragon Dance|p1a: Gyarados
|-boost|p1a: Gyarados|atk|1
|-boost|p1a: Gyarados|spe|1
|
|-heal|p1a: Gyarados|82/100|[from] item: Leftovers
|upkeep
|turn|19
|
|t:|1779812639
|switch|p1a: Weezing|Weezing-Galar, M, shiny|94/100
|-damage|p1a: Weezing|82/100|[from] Stealth Rock
|move|p2a: slow cycle|Volt Switch|p1a: Weezing
|-damage|p1a: Weezing|44/100
|
|t:|1779812645
|switch|p2a: Amascut's Promise|Gholdengo|94/100|[from] Volt Switch
|-damage|p2a: Amascut's Promise|88/100|[from] Stealth Rock
|
|-heal|p1a: Weezing|50/100|[from] item: Leftovers
|upkeep
|turn|20
|
|t:|1779812647
|move|p2a: Amascut's Promise|Make It Rain|p1a: Weezing
|-supereffective|p1a: Weezing
|-damage|p1a: Weezing|0 fnt
|-unboost|p2a: Amascut's Promise|spa|1
|faint|p1a: Weezing
|
|upkeep
|
|t:|1779812649
|switch|p1a: Kingambit|Kingambit, M, shiny|100/100
|-damage|p1a: Kingambit|94/100|[from] Stealth Rock
|-damage|p1a: Kingambit|82/100|[from] Spikes
|-activate|p1a: Kingambit|ability: Supreme Overlord
|-start|p1a: Kingambit|fallen4|[silent]
|turn|21
|
|t:|1779812651
|switch|p2a: Weavile|Weavile, F|65/100 par
|move|p1a: Kingambit|Kowtow Cleave|p2a: Weavile
|-resisted|p2a: Weavile
|-damage|p2a: Weavile|3/100 par
|
|upkeep
|turn|22
|
|t:|1779812654
|move|p1a: Kingambit|Kowtow Cleave|p2a: Weavile
|-resisted|p2a: Weavile
|-damage|p2a: Weavile|0 fnt
|faint|p2a: Weavile
|
|upkeep
|
|t:|1779812656
|switch|p2a: slow cycle|Rotom-Wash|88/100
|-damage|p2a: slow cycle|75/100|[from] Stealth Rock
|turn|23
|
|t:|1779812661
|move|p2a: slow cycle|Will-O-Wisp|p1a: Kingambit
|-status|p1a: Kingambit|brn
|move|p1a: Kingambit|Kowtow Cleave|p2a: slow cycle
|-damage|p2a: slow cycle|44/100
|-damage|p1a: Kingambit|66/100 brn|[from] item: Rocky Helmet|[of] p2a: slow cycle
|
|-damage|p1a: Kingambit|59/100 brn|[from] brn
|upkeep
|turn|24
|
|t:|1779812665
|move|p2a: slow cycle|Hydro Pump|p1a: Kingambit|[miss]
|-miss|p2a: slow cycle|p1a: Kingambit
|move|p1a: Kingambit|Kowtow Cleave|p2a: slow cycle
|-damage|p2a: slow cycle|14/100
|-damage|p1a: Kingambit|43/100 brn|[from] item: Rocky Helmet|[of] p2a: slow cycle
|
|-damage|p1a: Kingambit|37/100 brn|[from] brn
|upkeep
|turn|25
|
|t:|1779812670
|move|p1a: Kingambit|Sucker Punch||[still]
|-fail|p1a: Kingambit
|move|p2a: slow cycle|Pain Split|p1a: Kingambit
|-sethp|p1a: Kingambit|25/100 brn|[from] move: Pain Split|[silent]
|-sethp|p2a: slow cycle|27/100|[from] move: Pain Split
|
|-damage|p1a: Kingambit|18/100 brn|[from] brn
|upkeep
|turn|26
|
|t:|1779812676
|move|p1a: Kingambit|Sucker Punch|p2a: slow cycle
|-damage|p2a: slow cycle|2/100
|-damage|p1a: Kingambit|2/100 brn|[from] item: Rocky Helmet|[of] p2a: slow cycle
|move|p2a: slow cycle|Volt Switch|p1a: Kingambit
|-damage|p1a: Kingambit|0 fnt
|faint|p1a: Kingambit
|-end|p1a: Kingambit|fallen4|[silent]
|
|t:|1779812678
|switch|p2a: Skeledirge|Skeledirge, M|100/100|[from] Volt Switch
|
|upkeep
|
|t:|1779812681
|switch|p1a: Gyarados|Gyarados, F, shiny|82/100
|-damage|p1a: Gyarados|57/100|[from] Stealth Rock
|turn|27
|
|t:|1779812683
|-terastallize|p2a: Skeledirge|Water
|move|p1a: Gyarados|Dragon Dance|p1a: Gyarados
|-boost|p1a: Gyarados|atk|1
|-boost|p1a: Gyarados|spe|1
|move|p2a: Skeledirge|Will-O-Wisp|p1a: Gyarados
|-status|p1a: Gyarados|brn
|
|-heal|p1a: Gyarados|63/100 brn|[from] item: Leftovers
|-damage|p1a: Gyarados|57/100 brn|[from] brn
|upkeep
|turn|28
|-message|roddyj forfeited.
|
|win|sadaasdfasdasd
|raw|roddyj's rating: 1562 &rarr; <strong>1547</strong><br />(-15 for losing)
|raw|sadaasdfasdasd's rating: 1647 &rarr; <strong>1662</strong><br />(+15 for winning)
|l|☆roddyj
|player|p1|
|l|☆sadaasdfasdasd
|player|p2|
