|j|☆claudechamp
|j|☆Somnia XP
|t:|1779850289
|gametype|singles
|player|p1|claudechamp|169|1215
|player|p2|Somnia XP|unknownf|1258
|gen|9
|tier|[Gen 9] OU
|rated|
|rule|HP Percentage Mod: HP is shown in percentages
|rule|Endless Battle Clause: Forcing endless battles is banned
|rule|Species Clause: Limit one of each Pokémon
|rule|OHKO Clause: OHKO moves are banned
|rule|Evasion Items Clause: Evasion items are banned
|rule|Evasion Moves Clause: Evasion moves are banned
|rule|Evasion Abilities Clause: Evasion abilities are banned
|rule|Sleep Moves Clause: Sleep-inducing moves are banned
|clearpoke
|poke|p1|Gliscor, F|
|poke|p1|Gholdengo|
|poke|p1|Zamazenta-*|
|poke|p1|Blissey, F|
|poke|p1|Skarmory, F|
|poke|p1|Pecharunt|
|poke|p2|Hydreigon, F|
|poke|p2|Tinkaton, F|
|poke|p2|Zamazenta-*|
|poke|p2|Pecharunt|
|poke|p2|Slowking-Galar, F|
|poke|p2|Ogerpon, F|
|teampreview
|c|☆claudechamp|hf
|inactive|Battle timer is ON: inactive players will automatically lose when time's up. (requested by claudechamp)
|
|t:|1779850297
|teamsize|p1|6
|teamsize|p2|6
|start
|switch|p1a: Skarmory|Skarmory, F|100/100
|switch|p2a: Tinkaton|Tinkaton, F|100/100
|-item|p2a: Tinkaton|Air Balloon
|turn|1
|
|t:|1779850304
|move|p2a: Tinkaton|Stealth Rock|p1a: Skarmory
|-sidestart|p1: claudechamp|move: Stealth Rock
|move|p1a: Skarmory|Spikes|p2a: Tinkaton
|-sidestart|p2: Somnia XP|Spikes
|
|upkeep
|turn|2
|
|t:|1779850321
|switch|p2a: Zamazenta|Zamazenta|100/100
|-damage|p2a: Zamazenta|88/100|[from] Spikes
|-ability|p2a: Zamazenta|Dauntless Shield|boost
|-boost|p2a: Zamazenta|def|1
|move|p1a: Skarmory|Spikes|p2a: Zamazenta
|-sidestart|p2: Somnia XP|Spikes
|
|-heal|p2a: Zamazenta|94/100|[from] item: Leftovers
|upkeep
|turn|3
|
|t:|1779850324
|move|p2a: Zamazenta|Substitute|p2a: Zamazenta
|-start|p2a: Zamazenta|Substitute
|-damage|p2a: Zamazenta|69/100
|move|p1a: Skarmory|Spikes|p2a: Zamazenta
|-sidestart|p2: Somnia XP|Spikes
|
|-heal|p2a: Zamazenta|75/100|[from] item: Leftovers
|upkeep
|turn|4
|
|t:|1779850330
|-terastallize|p1a: Skarmory|Dragon
|move|p2a: Zamazenta|Iron Defense|p2a: Zamazenta
|-boost|p2a: Zamazenta|def|2
|move|p1a: Skarmory|Whirlwind|p2a: Zamazenta
|drag|p2a: Pecharunt|Pecharunt|100/100
|
|upkeep
|turn|5
|
|t:|1779850334
|switch|p1a: Gliscor|Gliscor, F|100/100
|-damage|p1a: Gliscor|88/100|[from] Stealth Rock
|move|p2a: Pecharunt|Malignant Chain|p1a: Gliscor
|-resisted|p1a: Gliscor
|-damage|p1a: Gliscor|74/100
|
|-status|p1a: Gliscor|tox|[from] item: Toxic Orb
|upkeep
|turn|6
|
|t:|1779850340
|move|p1a: Gliscor|Knock Off|p2a: Pecharunt
|-supereffective|p2a: Pecharunt
|-damage|p2a: Pecharunt|79/100
|-enditem|p2a: Pecharunt|Heavy-Duty Boots|[from] move: Knock Off|[of] p1a: Gliscor
|move|p2a: Pecharunt|Parting Shot|p1a: Gliscor
|-unboost|p1a: Gliscor|atk|1
|-unboost|p1a: Gliscor|spa|1
|
|t:|1779850347
|switch|p2a: Hydreigon|Hydreigon, F|100/100|[from] Parting Shot
|
|-heal|p1a: Gliscor|87/100 tox|[from] ability: Poison Heal
|upkeep
|turn|7
|
|t:|1779850361
|switch|p2a: Tinkaton|Tinkaton, F|100/100
|-item|p2a: Tinkaton|Air Balloon
|move|p1a: Gliscor|Knock Off|p2a: Tinkaton
|-resisted|p2a: Tinkaton
|-damage|p2a: Tinkaton|93/100
|-enditem|p2a: Tinkaton|Air Balloon
|-enditem|p1a: Gliscor|Toxic Orb|[silent]|[from] ability: Pickpocket|[of] p1a: Gliscor
|-item|p2a: Tinkaton|Toxic Orb|[from] ability: Pickpocket|[of] p1a: Gliscor
|
|-heal|p1a: Gliscor|99/100 tox|[from] ability: Poison Heal
|upkeep
|turn|8
|-message|Somnia XP forfeited.
|
|win|claudechamp
|raw|claudechamp's rating: 1215 &rarr; <strong>1243</strong><br />(+28 for winning)
|raw|Somnia XP's rating: 1258 &rarr; <strong>1230</strong><br />(-28 for losing)
|l|☆Somnia XP
|player|p2|
|c|☆claudechamp|gg
