|j|☆redsnow0
|j|☆celestial nolonolo
|t:|1779958481
|gametype|singles
|player|p1|redsnow0|266|1469
|player|p2|celestial nolonolo|ghetsis-gen5bw|1494
|gen|9
|tier|[Gen 9] OU
|rated|
|rule|HP Percentage Mod: HP is shown in percentages
|rule|Endless Battle Clause: Forcing endless battles is banned
|rule|Species Clause: Limit one of each Pokémon
|rule|OHKO Clause: OHKO moves are banned
|rule|Evasion Items Clause: Evasion items are banned
|rule|Evasion Moves Clause: Evasion moves are banned
|rule|Evasion Abilities Clause: Evasion abilities are banned
|rule|Sleep Moves Clause: Sleep-inducing moves are banned
|clearpoke
|poke|p1|Okidogi, M|
|poke|p1|Cinderace, M|
|poke|p1|Zapdos|
|poke|p1|Hydrapple, F|
|poke|p1|Ogerpon-Wellspring, F|
|poke|p1|Iron Valiant|
|poke|p2|Gliscor, M|
|poke|p2|Gholdengo|
|poke|p2|Dragonite, M|
|poke|p2|Ting-Lu|
|poke|p2|Darkrai|
|poke|p2|Zamazenta-*|
|teampreview
|
|t:|1779958519
|teamsize|p1|6
|teamsize|p2|6
|start
|switch|p1a: Cinderace|Cinderace, M|100/100
|switch|p2a: Ting-Lu|Ting-Lu|100/100
|-ability|p2a: Ting-Lu|Vessel of Ruin
|turn|1
|
|t:|1779958524
|move|p1a: Cinderace|U-turn|p2a: Ting-Lu
|-start|p1a: Cinderace|typechange|Bug|[from] ability: Libero
|-supereffective|p2a: Ting-Lu
|-damage|p2a: Ting-Lu|71/100
|
|t:|1779958533
|switch|p1a: Hydrapple|Hydrapple, F|100/100|[from] U-turn
|move|p2a: Ting-Lu|Stealth Rock|p1a: Hydrapple
|-sidestart|p1: redsnow0|move: Stealth Rock
|
|-heal|p2a: Ting-Lu|77/100|[from] item: Leftovers
|upkeep
|turn|2
|
|t:|1779958539
|switch|p2a: Gholdengo|Gholdengo|100/100
|move|p1a: Hydrapple|Nasty Plot|p1a: Hydrapple
|-boost|p1a: Hydrapple|spa|2
|
|upkeep
|turn|3
|
|t:|1779958548
|move|p2a: Gholdengo|Trick|p1a: Hydrapple
|-activate|p2a: Gholdengo|move: Trick|[of] p1a: Hydrapple
|-item|p1a: Hydrapple|Choice Scarf|[from] move: Trick
|-item|p2a: Gholdengo|Heavy-Duty Boots|[from] move: Trick
|move|p1a: Hydrapple|Earth Power|p2a: Gholdengo
|-supereffective|p2a: Gholdengo
|-damage|p2a: Gholdengo|0 fnt
|faint|p2a: Gholdengo
|
|upkeep
|
|t:|1779958559
|switch|p2a: Gliscor|Gliscor, M|100/100
|turn|4
|
|t:|1779958564
|switch|p1a: Zapdos|Zapdos|100/100
|move|p2a: Gliscor|Toxic|p1a: Zapdos
|-status|p1a: Zapdos|tox
|
|-damage|p1a: Zapdos|94/100 tox|[from] psn
|-status|p2a: Gliscor|tox|[from] item: Toxic Orb
|upkeep
|turn|5
|
|t:|1779958570
|move|p1a: Zapdos|Hurricane|p2a: Gliscor
|-crit|p2a: Gliscor
|-damage|p2a: Gliscor|15/100 tox
|move|p2a: Gliscor|Spikes|p1a: Zapdos
|-sidestart|p1: redsnow0|Spikes
|
|-damage|p1a: Zapdos|82/100 tox|[from] psn
|-heal|p2a: Gliscor|28/100 tox|[from] ability: Poison Heal
|upkeep
|turn|6
|
|t:|1779958576
|move|p2a: Gliscor|Protect|p2a: Gliscor
|-singleturn|p2a: Gliscor|Protect
|move|p1a: Zapdos|Hurricane|p2a: Gliscor
|-activate|p2a: Gliscor|move: Protect
|
|-damage|p1a: Zapdos|64/100 tox|[from] psn
|-heal|p2a: Gliscor|40/100 tox|[from] ability: Poison Heal
|upkeep
|turn|7
|
|t:|1779958580
|switch|p2a: Ting-Lu|Ting-Lu|77/100
|-ability|p2a: Ting-Lu|Vessel of Ruin
|move|p1a: Zapdos|Hurricane|p2a: Ting-Lu
|-crit|p2a: Ting-Lu
|-damage|p2a: Ting-Lu|47/100
|-start|p2a: Ting-Lu|confusion
|
|-heal|p2a: Ting-Lu|53/100|[from] item: Leftovers
|-damage|p1a: Zapdos|40/100 tox|[from] psn
|upkeep
|turn|8
|
|t:|1779958597
|switch|p1a: Hydrapple|Hydrapple, F|100/100
|-damage|p1a: Hydrapple|88/100|[from] Stealth Rock
|-damage|p1a: Hydrapple|75/100|[from] Spikes
|-activate|p2a: Ting-Lu|confusion
|-damage|p2a: Ting-Lu|48/100|[from] confusion
|
|-heal|p2a: Ting-Lu|54/100|[from] item: Leftovers
|upkeep
|turn|9
|
|t:|1779958609
|switch|p2a: Zamazenta|Zamazenta|100/100
|-ability|p2a: Zamazenta|Dauntless Shield|boost
|-boost|p2a: Zamazenta|def|1
|move|p1a: Hydrapple|Draco Meteor|p2a: Zamazenta
|-damage|p2a: Zamazenta|41/100
|-unboost|p1a: Hydrapple|spa|2
|
|upkeep
|turn|10
|
|t:|1779958620
|move|p2a: Zamazenta|Ice Fang|p1a: Hydrapple
|-supereffective|p1a: Hydrapple
|-damage|p1a: Hydrapple|10/100
|cant|p1a: Hydrapple|flinch
|
|upkeep
|turn|11
|
|t:|1779958625
|move|p2a: Zamazenta|Crunch|p1a: Hydrapple
|-damage|p1a: Hydrapple|0 fnt
|faint|p1a: Hydrapple
|
|upkeep
|
|t:|1779958640
|switch|p1a: Cinderace|Cinderace, M|100/100
|turn|12
|
|t:|1779958645
|move|p2a: Zamazenta|Close Combat|p1a: Cinderace
|-damage|p1a: Cinderace|31/100
|-unboost|p2a: Zamazenta|def|1
|-unboost|p2a: Zamazenta|spd|1
|move|p1a: Cinderace|Court Change|p1a: Cinderace
|-start|p1a: Cinderace|typechange|Normal|[from] ability: Libero
|-swapsideconditions
|-activate|p1a: Cinderace|move: Court Change
|
|upkeep
|turn|13
|
|t:|1779958656
|switch|p1a: Zapdos|Zapdos|40/100 tox
|move|p2a: Zamazenta|Close Combat|p1a: Zapdos
|-resisted|p1a: Zapdos
|-damage|p1a: Zapdos|19/100 tox
|-unboost|p2a: Zamazenta|def|1
|-unboost|p2a: Zamazenta|spd|1
|
|-damage|p1a: Zapdos|13/100 tox|[from] psn
|upkeep
|turn|14
|
|t:|1779958666
|move|p2a: Zamazenta|Crunch|p1a: Zapdos
|-crit|p1a: Zapdos
|-damage|p1a: Zapdos|0 fnt
|faint|p1a: Zapdos
|
|upkeep
|
|t:|1779958698
|switch|p1a: Okidogi|Okidogi, M|100/100
|turn|15
|
|t:|1779958705
|switch|p2a: Gliscor|Gliscor, M|40/100 tox
|-damage|p2a: Gliscor|28/100 tox|[from] Stealth Rock
|move|p1a: Okidogi|Drain Punch|p2a: Gliscor
|-resisted|p2a: Gliscor
|-damage|p2a: Gliscor|14/100 tox
|
|-heal|p2a: Gliscor|26/100 tox|[from] ability: Poison Heal
|upkeep
|turn|16
|
|t:|1779958723
|switch|p1a: Cinderace|Cinderace, M|31/100
|move|p2a: Gliscor|Spikes|p1a: Cinderace
|-sidestart|p1: redsnow0|Spikes
|
|-heal|p2a: Gliscor|39/100 tox|[from] ability: Poison Heal
|upkeep
|turn|17
|
|t:|1779958729
|move|p2a: Gliscor|Protect|p2a: Gliscor
|-singleturn|p2a: Gliscor|Protect
|move|p1a: Cinderace|Pyro Ball|p2a: Gliscor
|-activate|p2a: Gliscor|move: Protect
|
|-heal|p2a: Gliscor|51/100 tox|[from] ability: Poison Heal
|upkeep
|turn|18
|
|t:|1779958745
|move|p1a: Cinderace|Pyro Ball|p2a: Gliscor
|-damage|p2a: Gliscor|22/100 tox
|move|p2a: Gliscor|Spikes|p1a: Cinderace
|-sidestart|p1: redsnow0|Spikes
|
|-heal|p2a: Gliscor|35/100 tox|[from] ability: Poison Heal
|upkeep
|turn|19
|
|t:|1779958752
|switch|p1a: Ogerpon|Ogerpon-Wellspring, F|100/100
|-damage|p1a: Ogerpon|84/100|[from] Spikes
|move|p2a: Gliscor|Protect||[still]
|-fail|p2a: Gliscor
|
|-heal|p2a: Gliscor|47/100 tox|[from] ability: Poison Heal
|upkeep
|turn|20
|
|t:|1779958760
|move|p1a: Ogerpon|Ivy Cudgel|p2a: Gliscor|[anim] Ivy Cudgel Water
|-supereffective|p2a: Gliscor
|-damage|p2a: Gliscor|0 fnt
|faint|p2a: Gliscor
|
|upkeep
|
|t:|1779958771
|switch|p2a: Darkrai|Darkrai|100/100
|turn|21
|
|t:|1779958779
|move|p2a: Darkrai|Will-O-Wisp|p1a: Ogerpon
|-status|p1a: Ogerpon|brn
|move|p1a: Ogerpon|Horn Leech|p2a: Darkrai
|-damage|p2a: Darkrai|71/100
|-heal|p1a: Ogerpon|98/100 brn|[from] drain|[of] p2a: Darkrai
|
|-damage|p1a: Ogerpon|92/100 brn|[from] brn
|upkeep
|turn|22
|j| ParticlezZ
|
|t:|1779958796
|move|p2a: Darkrai|Dark Pulse|p1a: Ogerpon
|-damage|p1a: Ogerpon|37/100 brn
|cant|p1a: Ogerpon|flinch
|
|-damage|p1a: Ogerpon|31/100 brn|[from] brn
|upkeep
|turn|23
|
|t:|1779958805
|move|p2a: Darkrai|Dark Pulse|p1a: Ogerpon
|-damage|p1a: Ogerpon|0 fnt
|faint|p1a: Ogerpon
|
|upkeep
|
|t:|1779958829
|switch|p1a: Okidogi|Okidogi, M|100/100
|-damage|p1a: Okidogi|84/100|[from] Spikes
|turn|24
|
|t:|1779958839
|move|p2a: Darkrai|Will-O-Wisp|p1a: Okidogi
|-status|p1a: Okidogi|brn
|move|p1a: Okidogi|Gunk Shot|p2a: Darkrai
|-damage|p2a: Darkrai|30/100
|
|-damage|p1a: Okidogi|78/100 brn|[from] brn
|upkeep
|turn|25
|
|t:|1779958845
|switch|p2a: Zamazenta|Zamazenta|41/100
|move|p1a: Okidogi|Drain Punch|p2a: Zamazenta
|-damage|p2a: Zamazenta|20/100
|-heal|p1a: Okidogi|87/100 brn|[from] drain|[of] p2a: Zamazenta
|
|-damage|p1a: Okidogi|81/100 brn|[from] brn
|upkeep
|turn|26
|
|t:|1779958854
|move|p2a: Zamazenta|Ice Fang|p1a: Okidogi
|-damage|p1a: Okidogi|63/100 brn
|move|p1a: Okidogi|Knock Off|p2a: Zamazenta
|-resisted|p2a: Zamazenta
|-damage|p2a: Zamazenta|12/100
|-status|p2a: Zamazenta|tox|[from] ability: Toxic Chain|[of] p1a: Okidogi
|-enditem|p2a: Zamazenta|Heavy-Duty Boots|[from] move: Knock Off|[of] p1a: Okidogi
|
|-damage|p2a: Zamazenta|6/100 tox|[from] psn
|-damage|p1a: Okidogi|57/100 brn|[from] brn
|upkeep
|turn|27
|
|t:|1779958862
|move|p2a: Zamazenta|Close Combat|p1a: Okidogi
|-resisted|p1a: Okidogi
|-damage|p1a: Okidogi|31/100 brn
|-unboost|p2a: Zamazenta|def|1
|-unboost|p2a: Zamazenta|spd|1
|move|p1a: Okidogi|Drain Punch|p2a: Zamazenta
|-damage|p2a: Zamazenta|0 fnt
|-heal|p1a: Okidogi|33/100 brn|[from] drain|[of] p2a: Zamazenta
|faint|p2a: Zamazenta
|
|-damage|p1a: Okidogi|27/100 brn|[from] brn
|upkeep
|
|t:|1779958866
|switch|p2a: Dragonite|Dragonite, M|100/100
|turn|28
|
|t:|1779958869
|move|p2a: Dragonite|Dragon Dance|p2a: Dragonite
|-boost|p2a: Dragonite|atk|1
|-boost|p2a: Dragonite|spe|1
|move|p1a: Okidogi|Knock Off|p2a: Dragonite
|-damage|p2a: Dragonite|91/100
|-enditem|p2a: Dragonite|Heavy-Duty Boots|[from] move: Knock Off|[of] p1a: Okidogi
|
|-damage|p1a: Okidogi|21/100 brn|[from] brn
|upkeep
|turn|29
|
|t:|1779958876
|move|p2a: Dragonite|Dragon Dance|p2a: Dragonite
|-boost|p2a: Dragonite|atk|1
|-boost|p2a: Dragonite|spe|1
|move|p1a: Okidogi|Gunk Shot|p2a: Dragonite
|-damage|p2a: Dragonite|59/100
|-status|p2a: Dragonite|psn
|
|-damage|p2a: Dragonite|47/100 psn|[from] psn
|-damage|p1a: Okidogi|15/100 brn|[from] brn
|upkeep
|turn|30
|
|t:|1779958891
|move|p2a: Dragonite|Roost|p2a: Dragonite
|-heal|p2a: Dragonite|97/100 psn
|-singleturn|p2a: Dragonite|move: Roost
|move|p1a: Okidogi|Gunk Shot|p2a: Dragonite|[miss]
|-miss|p1a: Okidogi|p2a: Dragonite
|
|-damage|p2a: Dragonite|84/100 psn|[from] psn
|-damage|p1a: Okidogi|9/100 brn|[from] brn
|upkeep
|turn|31
|
|t:|1779958908
|move|p2a: Dragonite|Dragon Dance|p2a: Dragonite
|-boost|p2a: Dragonite|atk|1
|-boost|p2a: Dragonite|spe|1
|move|p1a: Okidogi|Gunk Shot|p2a: Dragonite
|-damage|p2a: Dragonite|49/100 psn
|
|-damage|p2a: Dragonite|37/100 psn|[from] psn
|-damage|p1a: Okidogi|3/100 brn|[from] brn
|upkeep
|turn|32
|
|t:|1779958921
|move|p2a: Dragonite|Roost|p2a: Dragonite
|-heal|p2a: Dragonite|87/100 psn
|-singleturn|p2a: Dragonite|move: Roost
|move|p1a: Okidogi|Drain Punch|p2a: Dragonite
|-damage|p2a: Dragonite|67/100 psn
|-heal|p1a: Okidogi|13/100 brn|[from] drain|[of] p2a: Dragonite
|
|-damage|p2a: Dragonite|54/100 psn|[from] psn
|-damage|p1a: Okidogi|7/100 brn|[from] brn
|upkeep
|turn|33
|
|t:|1779958931
|move|p2a: Dragonite|Roost|p2a: Dragonite
|-heal|p2a: Dragonite|100/100 psn
|-singleturn|p2a: Dragonite|move: Roost
|move|p1a: Okidogi|Drain Punch|p2a: Dragonite
|-damage|p2a: Dragonite|91/100 psn
|-heal|p1a: Okidogi|12/100 brn|[from] drain|[of] p2a: Dragonite
|
|-damage|p2a: Dragonite|78/100 psn|[from] psn
|-damage|p1a: Okidogi|6/100 brn|[from] brn
|upkeep
|turn|34
|
|t:|1779958940
|move|p2a: Dragonite|Dragon Dance|p2a: Dragonite
|-boost|p2a: Dragonite|atk|1
|-boost|p2a: Dragonite|spe|1
|move|p1a: Okidogi|Gunk Shot|p2a: Dragonite
|-damage|p2a: Dragonite|44/100 psn
|
|-damage|p2a: Dragonite|31/100 psn|[from] psn
|-damage|p1a: Okidogi|0 fnt|[from] brn
|faint|p1a: Okidogi
|upkeep
|
|t:|1779958950
|switch|p1a: Iron Valiant|Iron Valiant|100/100
|-damage|p1a: Iron Valiant|84/100|[from] Spikes
|turn|35
|
|t:|1779958953
|move|p1a: Iron Valiant|Vacuum Wave|p2a: Dragonite
|-resisted|p2a: Dragonite
|-damage|p2a: Dragonite|22/100 psn
|move|p2a: Dragonite|Earthquake|p1a: Iron Valiant
|-damage|p1a: Iron Valiant|0 fnt
|faint|p1a: Iron Valiant
|-end|p1a: Iron Valiant|Quark Drive|[silent]
|
|-damage|p2a: Dragonite|10/100 psn|[from] psn
|upkeep
|
|t:|1779958958
|switch|p1a: Cinderace|Cinderace, M|31/100
|turn|36
|
|t:|1779958961
|move|p1a: Cinderace|Sucker Punch||[still]
|-fail|p1a: Cinderace
|move|p2a: Dragonite|Roost|p2a: Dragonite
|-heal|p2a: Dragonite|60/100 psn
|-singleturn|p2a: Dragonite|move: Roost
|
|-damage|p2a: Dragonite|48/100 psn|[from] psn
|upkeep
|turn|37
|-message|redsnow0 forfeited.
|
|win|celestial nolonolo
|raw|redsnow0's rating: 1469 &rarr; <strong>1450</strong><br />(-19 for losing)
|raw|celestial nolonolo's rating: 1494 &rarr; <strong>1513</strong><br />(+19 for winning)
|l|☆redsnow0
|player|p1|
|l|☆celestial nolonolo
|player|p2|
|l| ParticlezZ
