|j|☆Computerzz
|j|☆morriganqrow
|t:|1779857038
|gametype|singles
|player|p1|Computerzz|will|1398
|player|p2|morriganqrow|miku-fairy|1304
|gen|9
|tier|[Gen 9] OU
|rated|
|rule|HP Percentage Mod: HP is shown in percentages
|rule|Endless Battle Clause: Forcing endless battles is banned
|rule|Species Clause: Limit one of each Pokémon
|rule|OHKO Clause: OHKO moves are banned
|rule|Evasion Items Clause: Evasion items are banned
|rule|Evasion Moves Clause: Evasion moves are banned
|rule|Evasion Abilities Clause: Evasion abilities are banned
|rule|Sleep Moves Clause: Sleep-inducing moves are banned
|clearpoke
|poke|p1|Weavile, M|
|poke|p1|Hatterene, F|
|poke|p1|Primarina, M|
|poke|p1|Moltres|
|poke|p1|Gholdengo|
|poke|p1|Great Tusk|
|poke|p2|Tornadus, M|
|poke|p2|Toxtricity, M|
|poke|p2|Iron Valiant|
|poke|p2|Arcanine-Hisui, M|
|poke|p2|Brambleghast, M|
|poke|p2|Hydreigon, M|
|teampreview
|inactive|Battle timer is ON: inactive players will automatically lose when time's up. (requested by morriganqrow)
|
|t:|1779857071
|teamsize|p1|6
|teamsize|p2|6
|start
|switch|p1a: Oof|Weavile, M|100/100
|switch|p2a: Xaldin|Tornadus, M, shiny|100/100
|turn|1
|
|t:|1779857080
|move|p2a: Xaldin|Tailwind|p2a: Xaldin
|-sidestart|p2: morriganqrow|move: Tailwind
|move|p1a: Oof|Triple Axel|p2a: Xaldin
|-supereffective|p2a: Xaldin
|-damage|p2a: Xaldin|52/100
|-hitcount|p2a: Xaldin|1
|-enditem|p2a: Xaldin|Eject Button
|
|t:|1779857103
|switch|p2a: Zexion|Brambleghast, M, shiny|100/100
|-ability|p2a: Zexion|Wind Rider|boost
|-boost|p2a: Zexion|atk|1
|
|upkeep
|turn|2
|
|t:|1779857125
|switch|p1a: Moltres|Moltres|100/100
|move|p2a: Zexion|Poltergeist|p1a: Moltres
|-activate|p1a: Moltres|move: Poltergeist|Heavy-Duty Boots
|-damage|p1a: Moltres|29/100
|-damage|p2a: Zexion|91/100|[from] item: Life Orb
|
|upkeep
|turn|3
|
|t:|1779857134
|switch|p1a: Great Bust|Great Tusk, shiny|100/100
|move|p2a: Zexion|Poltergeist|p1a: Great Bust
|-activate|p1a: Great Bust|move: Poltergeist|Heavy-Duty Boots
|-damage|p1a: Great Bust|45/100
|-damage|p2a: Zexion|81/100|[from] item: Life Orb
|
|upkeep
|turn|4
|
|t:|1779857146
|-end|p1a: Great Bust|Protosynthesis|[silent]
|switch|p1a: Oof|Weavile, M|100/100
|move|p2a: Zexion|Power Whip|p1a: Oof
|-damage|p1a: Oof|0 fnt
|faint|p1a: Oof
|-damage|p2a: Zexion|71/100|[from] item: Life Orb
|
|-sideend|p2: morriganqrow|move: Tailwind
|upkeep
|
|t:|1779857151
|switch|p1a: Gholdengo|Gholdengo|100/100
|turn|5
|
|t:|1779857161
|-terastallize|p2a: Zexion|Ghost
|move|p2a: Zexion|Shadow Sneak|p1a: Gholdengo
|-supereffective|p1a: Gholdengo
|-damage|p1a: Gholdengo|0 fnt
|faint|p1a: Gholdengo
|-damage|p2a: Zexion|61/100|[from] item: Life Orb
|
|upkeep
|-message|Computerzz forfeited.
|
|win|morriganqrow
|raw|Computerzz's rating: 1398 &rarr; <strong>1373</strong><br />(-25 for losing)
|raw|morriganqrow's rating: 1304 &rarr; <strong>1329</strong><br />(+25 for winning)
|l|☆Computerzz
|player|p1|
|l|☆morriganqrow
|player|p2|
