|j|☆x_anabolic_x
|j|☆acediawa
|t:|1779869649
|gametype|singles
|player|p1|x_anabolic_x|ltsurge|1287
|player|p2|acediawa|backersf|1347
|gen|9
|tier|[Gen 9] OU
|rated|
|rule|HP Percentage Mod: HP is shown in percentages
|rule|Endless Battle Clause: Forcing endless battles is banned
|rule|Species Clause: Limit one of each Pokémon
|rule|OHKO Clause: OHKO moves are banned
|rule|Evasion Items Clause: Evasion items are banned
|rule|Evasion Moves Clause: Evasion moves are banned
|rule|Evasion Abilities Clause: Evasion abilities are banned
|rule|Sleep Moves Clause: Sleep-inducing moves are banned
|clearpoke
|poke|p1|Hatterene, F|
|poke|p1|Porygon2|
|poke|p1|Torkoal, M|
|poke|p1|Ursaluna, M|
|poke|p1|Cresselia, F|
|poke|p1|Crawdaunt, M|
|poke|p2|Kyurem|
|poke|p2|Corviknight, M|
|poke|p2|Ting-Lu|
|poke|p2|Dondozo, M|
|poke|p2|Slowking-Galar, M|
|poke|p2|Cinderace, M|
|teampreview
|inactive|Battle timer is ON: inactive players will automatically lose when time's up. (requested by acediawa)
|inactive|x_anabolic_x also wants the timer to be on.
|
|t:|1779869669
|teamsize|p1|6
|teamsize|p2|6
|start
|switch|p1a: Cresselia|Cresselia, F|100/100
|switch|p2a: Slowking|Slowking-Galar, M|100/100
|turn|1
|
|t:|1779869695
|move|p2a: Slowking|Toxic|p1a: Cresselia
|-status|p1a: Cresselia|tox
|move|p1a: Cresselia|Trick Room|p1a: Cresselia
|-fieldstart|move: Trick Room|[of] p1a: Cresselia
|
|-damage|p1a: Cresselia|94/100 tox|[from] psn
|upkeep
|turn|2
|
|t:|1779869703
|switch|p1a: Ursaluna|Ursaluna, M|100/100
|-prepare|p2a: Slowking|Chilly Reception|[premajor]
|move|p2a: Slowking|Chilly Reception|p2a: Slowking
|-weather|Snowscape
|
|t:|1779869708
|switch|p2a: Dondozo|Dondozo, M|100/100|[from] Chilly Reception
|
|-weather|Snowscape|[upkeep]
|-status|p1a: Ursaluna|brn|[from] item: Flame Orb
|upkeep
|turn|3
|
|t:|1779869718
|move|p2a: Dondozo|Curse|p2a: Dondozo
|-unboost|p2a: Dondozo|spe|1
|-boost|p2a: Dondozo|atk|1
|-boost|p2a: Dondozo|def|1
|move|p1a: Ursaluna|Facade|p2a: Dondozo
|-damage|p2a: Dondozo|62/100
|
|-weather|Snowscape|[upkeep]
|-heal|p2a: Dondozo|68/100|[from] item: Leftovers
|-damage|p1a: Ursaluna|94/100 brn|[from] brn
|upkeep
|turn|4
|
|t:|1779869729
|switch|p1a: Hatterene|Hatterene, F|100/100
|move|p2a: Dondozo|Curse|p2a: Dondozo
|-unboost|p2a: Dondozo|spe|1
|-boost|p2a: Dondozo|atk|1
|-boost|p2a: Dondozo|def|1
|
|-weather|Snowscape|[upkeep]
|-heal|p2a: Dondozo|75/100|[from] item: Leftovers
|upkeep
|turn|5
|
|t:|1779869740
|switch|p2a: Slowking|Slowking-Galar, M|100/100
|move|p1a: Hatterene|Psychic|p2a: Slowking
|-damage|p2a: Slowking|69/100
|
|-weather|Snowscape|[upkeep]
|-fieldend|move: Trick Room
|upkeep
|turn|6
|
|t:|1779869751
|switch|p1a: Ursaluna|Ursaluna, M|94/100 brn
|move|p2a: Slowking|Sludge Bomb|p1a: Ursaluna
|-resisted|p1a: Ursaluna
|-damage|p1a: Ursaluna|80/100 brn
|
|-weather|none
|-damage|p1a: Ursaluna|74/100 brn|[from] brn
|upkeep
|turn|7
|
|t:|1779869772
|switch|p2a: Corviknight|Corviknight, M|100/100
|-ability|p2a: Corviknight|Pressure
|move|p1a: Ursaluna|Facade|p2a: Corviknight
|-resisted|p2a: Corviknight
|-damage|p2a: Corviknight|61/100
|-damage|p1a: Ursaluna|58/100 brn|[from] item: Rocky Helmet|[of] p2a: Corviknight
|
|-damage|p1a: Ursaluna|51/100 brn|[from] brn
|upkeep
|turn|8
|
|t:|1779869786
|move|p2a: Corviknight|Roost|p2a: Corviknight
|-heal|p2a: Corviknight|100/100
|-singleturn|p2a: Corviknight|move: Roost
|move|p1a: Ursaluna|Fire Punch|p2a: Corviknight
|-supereffective|p2a: Corviknight
|-damage|p2a: Corviknight|44/100
|-damage|p1a: Ursaluna|35/100 brn|[from] item: Rocky Helmet|[of] p2a: Corviknight
|
|-damage|p1a: Ursaluna|29/100 brn|[from] brn
|upkeep
|turn|9
|
|t:|1779869803
|switch|p1a: Hatterene|Hatterene, F|100/100
|move|p2a: Corviknight|Roost|p2a: Corviknight
|-heal|p2a: Corviknight|94/100
|-singleturn|p2a: Corviknight|move: Roost
|
|upkeep
|turn|10
|
|t:|1779869809
|move|p2a: Corviknight|U-turn|p1a: Hatterene
|-damage|p1a: Hatterene|85/100
|
|t:|1779869811
|switch|p2a: Slowking|Slowking-Galar, M|100/100|[from] U-turn
|move|p1a: Hatterene|Trick Room|p1a: Hatterene
|-fieldstart|move: Trick Room|[of] p1a: Hatterene
|
|upkeep
|turn|11
|
|t:|1779869820
|switch|p1a: Ursaluna|Ursaluna, M|29/100 brn
|move|p2a: Slowking|Sludge Bomb|p1a: Ursaluna
|-resisted|p1a: Ursaluna
|-damage|p1a: Ursaluna|13/100 brn
|
|-damage|p1a: Ursaluna|7/100 brn|[from] brn
|upkeep
|turn|12
|
|t:|1779869831
|-prepare|p2a: Slowking|Chilly Reception|[premajor]
|move|p2a: Slowking|Chilly Reception|p2a: Slowking
|-weather|Snowscape
|
|t:|1779869833
|switch|p2a: Corviknight|Corviknight, M|94/100|[from] Chilly Reception
|-ability|p2a: Corviknight|Pressure
|move|p1a: Ursaluna|Facade|p2a: Corviknight
|-resisted|p2a: Corviknight
|-damage|p2a: Corviknight|53/100
|-damage|p1a: Ursaluna|0 fnt|[from] item: Rocky Helmet|[of] p2a: Corviknight
|faint|p1a: Ursaluna
|
|-weather|Snowscape|[upkeep]
|upkeep
|
|t:|1779869847
|switch|p1a: Crawdaunt|Crawdaunt, M|100/100
|turn|13
|
|t:|1779869855
|move|p1a: Crawdaunt|Knock Off|p2a: Corviknight
|-damage|p2a: Corviknight|0 fnt
|-damage|p1a: Crawdaunt|84/100|[from] item: Rocky Helmet|[of] p2a: Corviknight
|-enditem|p2a: Corviknight|Rocky Helmet|[from] move: Knock Off|[of] p1a: Crawdaunt
|faint|p2a: Corviknight
|-damage|p1a: Crawdaunt|74/100|[from] item: Life Orb
|
|-weather|Snowscape|[upkeep]
|upkeep
|
|t:|1779869866
|switch|p2a: Dondozo|Dondozo, M|75/100
|turn|14
|
|t:|1779869871
|move|p1a: Crawdaunt|Knock Off|p2a: Dondozo
|-damage|p2a: Dondozo|34/100
|-enditem|p2a: Dondozo|Leftovers|[from] move: Knock Off|[of] p1a: Crawdaunt
|-damage|p1a: Crawdaunt|64/100|[from] item: Life Orb
|move|p2a: Dondozo|Curse|p2a: Dondozo
|-unboost|p2a: Dondozo|spe|1
|-boost|p2a: Dondozo|atk|1
|-boost|p2a: Dondozo|def|1
|
|-weather|Snowscape|[upkeep]
|-fieldend|move: Trick Room
|upkeep
|turn|15
|
|t:|1779869881
|move|p1a: Crawdaunt|Swords Dance|p1a: Crawdaunt
|-boost|p1a: Crawdaunt|atk|2
|move|p2a: Dondozo|Rest|p2a: Dondozo
|-status|p2a: Dondozo|slp|[from] move: Rest
|-heal|p2a: Dondozo|100/100 slp|[silent]
|
|-weather|Snowscape|[upkeep]
|upkeep
|turn|16
|
|t:|1779869889
|switch|p1a: Porygon2|Porygon2|100/100
|-ability|p1a: Porygon2|Download|boost
|-boost|p1a: Porygon2|spa|1
|cant|p2a: Dondozo|slp
|
|-weather|none
|upkeep
|turn|17
|
|t:|1779869900
|move|p1a: Porygon2|Tri Attack|p2a: Dondozo
|-damage|p2a: Dondozo|61/100 slp
|cant|p2a: Dondozo|slp
|
|upkeep
|turn|18
|
|t:|1779869905
|move|p1a: Porygon2|Tri Attack|p2a: Dondozo
|-damage|p2a: Dondozo|25/100 slp
|-curestatus|p2a: Dondozo|slp|[msg]
|move|p2a: Dondozo|Body Press|p1a: Porygon2
|-supereffective|p1a: Porygon2
|-damage|p1a: Porygon2|41/100
|
|upkeep
|turn|19
|
|t:|1779869915
|switch|p2a: Ting-Lu|Ting-Lu|100/100
|-ability|p2a: Ting-Lu|Vessel of Ruin
|move|p1a: Porygon2|Tri Attack|p2a: Ting-Lu
|-damage|p2a: Ting-Lu|77/100
|
|-heal|p2a: Ting-Lu|83/100|[from] item: Leftovers
|upkeep
|turn|20
|
|t:|1779869924
|switch|p1a: Cresselia|Cresselia, F|94/100 tox
|move|p2a: Ting-Lu|Payback|p1a: Cresselia
|-supereffective|p1a: Cresselia
|-damage|p1a: Cresselia|68/100 tox
|
|-heal|p1a: Cresselia|74/100 tox|[from] item: Leftovers
|-heal|p2a: Ting-Lu|89/100|[from] item: Leftovers
|-damage|p1a: Cresselia|68/100 tox|[from] psn
|upkeep
|turn|21
|
|t:|1779869939
|move|p1a: Cresselia|Moonblast|p2a: Ting-Lu
|-supereffective|p2a: Ting-Lu
|-damage|p2a: Ting-Lu|75/100
|move|p2a: Ting-Lu|Payback|p1a: Cresselia
|-supereffective|p1a: Cresselia
|-damage|p1a: Cresselia|14/100 tox
|
|-heal|p1a: Cresselia|20/100 tox|[from] item: Leftovers
|-heal|p2a: Ting-Lu|81/100|[from] item: Leftovers
|-damage|p1a: Cresselia|8/100 tox|[from] psn
|upkeep
|turn|22
|
|t:|1779869948
|switch|p2a: Kyurem|Kyurem|100/100
|-ability|p2a: Kyurem|Pressure
|move|p1a: Cresselia|Trick Room|p1a: Cresselia
|-fieldstart|move: Trick Room|[of] p1a: Cresselia
|
|-heal|p1a: Cresselia|14/100 tox|[from] item: Leftovers
|-damage|p1a: Cresselia|0 fnt|[from] psn
|faint|p1a: Cresselia
|upkeep
|
|t:|1779869957
|switch|p1a: Torkoal|Torkoal, M|100/100
|-weather|SunnyDay|[from] ability: Drought|[of] p1a: Torkoal
|turn|23
|
|t:|1779869963
|-terastallize|p1a: Torkoal|Fire
|move|p2a: Kyurem|Protect|p2a: Kyurem
|-singleturn|p2a: Kyurem|Protect
|move|p1a: Torkoal|Eruption|p2a: Kyurem
|-activate|p2a: Kyurem|move: Protect
|
|-weather|SunnyDay|[upkeep]
|upkeep
|turn|24
|
|t:|1779869979
|switch|p2a: Ting-Lu|Ting-Lu|81/100
|-ability|p2a: Ting-Lu|Vessel of Ruin
|move|p1a: Torkoal|Eruption|p2a: Ting-Lu
|-damage|p2a: Ting-Lu|0 fnt
|faint|p2a: Ting-Lu
|
|-weather|SunnyDay|[upkeep]
|upkeep
|
|t:|1779869997
|switch|p2a: Slowking|Slowking-Galar, M|100/100
|turn|25
|
|t:|1779870007
|move|p2a: Slowking|Sludge Bomb|p1a: Torkoal
|-crit|p1a: Torkoal
|-damage|p1a: Torkoal|31/100
|move|p1a: Torkoal|Eruption|p2a: Slowking
|-crit|p2a: Slowking
|-damage|p2a: Slowking|43/100
|
|-weather|SunnyDay|[upkeep]
|upkeep
|turn|26
|
|t:|1779870017
|switch|p1a: Hatterene|Hatterene, F|85/100
|move|p2a: Slowking|Sludge Bomb|p1a: Hatterene
|-supereffective|p1a: Hatterene
|-damage|p1a: Hatterene|17/100
|
|-weather|SunnyDay|[upkeep]
|-fieldend|move: Trick Room
|upkeep
|turn|27
|
|t:|1779870024
|move|p2a: Slowking|Sludge Bomb|p1a: Hatterene
|-supereffective|p1a: Hatterene
|-damage|p1a: Hatterene|0 fnt
|faint|p1a: Hatterene
|
|-weather|none
|upkeep
|
|t:|1779870030
|switch|p1a: Crawdaunt|Crawdaunt, M|64/100
|turn|28
|
|t:|1779870044
|switch|p2a: Dondozo|Dondozo, M|25/100
|move|p1a: Crawdaunt|Knock Off|p2a: Dondozo
|-damage|p2a: Dondozo|0 fnt
|faint|p2a: Dondozo
|-damage|p1a: Crawdaunt|54/100|[from] item: Life Orb
|
|upkeep
|
|t:|1779870047
|switch|p2a: Kyurem|Kyurem|100/100
|-ability|p2a: Kyurem|Pressure
|turn|29
|
|t:|1779870062
|move|p2a: Kyurem|Substitute|p2a: Kyurem
|-start|p2a: Kyurem|Substitute
|-damage|p2a: Kyurem|75/100
|move|p1a: Crawdaunt|Swords Dance|p1a: Crawdaunt
|-boost|p1a: Crawdaunt|atk|2
|
|-heal|p2a: Kyurem|82/100|[from] item: Leftovers
|upkeep
|turn|30
|
|t:|1779870076
|move|p2a: Kyurem|Protect|p2a: Kyurem
|-singleturn|p2a: Kyurem|Protect
|move|p1a: Crawdaunt|Aqua Jet|p2a: Kyurem
|-activate|p2a: Kyurem|move: Protect
|
|-heal|p2a: Kyurem|88/100|[from] item: Leftovers
|upkeep
|turn|31
|
|t:|1779870084
|move|p1a: Crawdaunt|Aqua Jet|p2a: Kyurem
|-resisted|p2a: Kyurem
|-end|p2a: Kyurem|Substitute
|-damage|p1a: Crawdaunt|44/100|[from] item: Life Orb
|move|p2a: Kyurem|Freeze-Dry|p1a: Crawdaunt
|-supereffective|p1a: Crawdaunt
|-damage|p1a: Crawdaunt|0 fnt
|faint|p1a: Crawdaunt
|
|-heal|p2a: Kyurem|94/100|[from] item: Leftovers
|upkeep
|
|t:|1779870094
|switch|p1a: Porygon2|Porygon2|41/100
|-ability|p1a: Porygon2|Download|boost
|-boost|p1a: Porygon2|spa|1
|turn|32
|
|t:|1779870100
|move|p2a: Kyurem|Protect|p2a: Kyurem
|-singleturn|p2a: Kyurem|Protect
|move|p1a: Porygon2|Trick Room|p1a: Porygon2
|-fieldstart|move: Trick Room|[of] p1a: Porygon2
|
|-heal|p2a: Kyurem|99/100|[from] item: Leftovers
|upkeep
|turn|33
|
|t:|1779870114
|move|p1a: Porygon2|Tri Attack|p2a: Kyurem
|-damage|p2a: Kyurem|45/100
|move|p2a: Kyurem|Freeze-Dry|p1a: Porygon2
|-damage|p1a: Porygon2|20/100
|
|-heal|p2a: Kyurem|51/100|[from] item: Leftovers
|upkeep
|turn|34
|
|t:|1779870121
|move|p2a: Kyurem|Protect|p2a: Kyurem
|-singleturn|p2a: Kyurem|Protect
|move|p1a: Porygon2|Recover|p1a: Porygon2
|-heal|p1a: Porygon2|70/100
|
|-heal|p2a: Kyurem|57/100|[from] item: Leftovers
|upkeep
|turn|35
|
|t:|1779870129
|switch|p2a: Slowking|Slowking-Galar, M|76/100
|move|p1a: Porygon2|Tri Attack|p2a: Slowking
|-damage|p2a: Slowking|44/100
|
|upkeep
|turn|36
|
|t:|1779870136
|move|p2a: Slowking|Toxic|p1a: Porygon2
|-status|p1a: Porygon2|tox
|move|p1a: Porygon2|Shadow Ball|p2a: Slowking
|-supereffective|p2a: Slowking
|-damage|p2a: Slowking|0 fnt
|faint|p2a: Slowking
|
|-damage|p1a: Porygon2|64/100 tox|[from] psn
|-fieldend|move: Trick Room
|upkeep
|
|t:|1779870139
|switch|p2a: Kyurem|Kyurem|57/100
|-ability|p2a: Kyurem|Pressure
|turn|37
|
|t:|1779870147
|move|p2a: Kyurem|Substitute|p2a: Kyurem
|-start|p2a: Kyurem|Substitute
|-damage|p2a: Kyurem|32/100
|move|p1a: Porygon2|Trick Room|p1a: Porygon2
|-fieldstart|move: Trick Room|[of] p1a: Porygon2
|
|-heal|p2a: Kyurem|38/100|[from] item: Leftovers
|-damage|p1a: Porygon2|52/100 tox|[from] psn
|upkeep
|turn|38
|
|t:|1779870154
|move|p2a: Kyurem|Protect|p2a: Kyurem
|-singleturn|p2a: Kyurem|Protect
|move|p1a: Porygon2|Tri Attack|p2a: Kyurem
|-activate|p2a: Kyurem|move: Protect
|
|-heal|p2a: Kyurem|44/100|[from] item: Leftovers
|-damage|p1a: Porygon2|33/100 tox|[from] psn
|upkeep
|turn|39
|
|t:|1779870162
|move|p1a: Porygon2|Tri Attack|p2a: Kyurem
|-end|p2a: Kyurem|Substitute
|move|p2a: Kyurem|Freeze-Dry|p1a: Porygon2
|-damage|p1a: Porygon2|10/100 tox
|
|-heal|p2a: Kyurem|50/100|[from] item: Leftovers
|-damage|p1a: Porygon2|0 fnt|[from] psn
|faint|p1a: Porygon2
|upkeep
|
|t:|1779870171
|switch|p1a: Torkoal|Torkoal, M, tera:Fire|31/100
|-weather|SunnyDay|[from] ability: Drought|[of] p1a: Torkoal
|turn|40
|
|t:|1779870175
|move|p2a: Kyurem|Protect|p2a: Kyurem
|-singleturn|p2a: Kyurem|Protect
|move|p1a: Torkoal|Heat Wave|p2a: Kyurem
|-activate|p2a: Kyurem|move: Protect
|
|-weather|SunnyDay|[upkeep]
|-heal|p2a: Kyurem|57/100|[from] item: Leftovers
|upkeep
|turn|41
|
|t:|1779870181
|move|p1a: Torkoal|Heat Wave|p2a: Kyurem
|-damage|p2a: Kyurem|0 fnt
|faint|p2a: Kyurem
|
|-weather|SunnyDay|[upkeep]
|-fieldend|move: Trick Room
|upkeep
|
|t:|1779870184
|switch|p2a: Cinderace|Cinderace, M|100/100
|turn|42
|
|t:|1779870189
|move|p2a: Cinderace|Pyro Ball|p1a: Torkoal
|-resisted|p1a: Torkoal
|-damage|p1a: Torkoal|4/100
|move|p1a: Torkoal|Heat Wave|p2a: Cinderace
|-resisted|p2a: Cinderace
|-damage|p2a: Cinderace|21/100
|
|-weather|SunnyDay|[upkeep]
|upkeep
|turn|43
|
|t:|1779870201
|move|p2a: Cinderace|U-turn|p1a: Torkoal
|-resisted|p1a: Torkoal
|-damage|p1a: Torkoal|0 fnt
|faint|p1a: Torkoal
|
|win|acediawa
|raw|x_anabolic_x's rating: 1287 &rarr; <strong>1266</strong><br />(-21 for losing)
|raw|acediawa's rating: 1347 &rarr; <strong>1364</strong><br />(+17 for winning)
|l|☆x_anabolic_x
|player|p1|
|l|☆acediawa
|player|p2|
