|j|☆MeioPotato
|j|‽President Warfo
|t:|1779901622
|gametype|singles
|player|p1|MeioPotato|rosa|1583
|player|p2|President Warfo|giovanni-gen1rb|1535
|gen|9
|tier|[Gen 9] OU
|rated|
|rule|HP Percentage Mod: HP is shown in percentages
|rule|Endless Battle Clause: Forcing endless battles is banned
|rule|Species Clause: Limit one of each Pokémon
|rule|OHKO Clause: OHKO moves are banned
|rule|Evasion Items Clause: Evasion items are banned
|rule|Evasion Moves Clause: Evasion moves are banned
|rule|Evasion Abilities Clause: Evasion abilities are banned
|rule|Sleep Moves Clause: Sleep-inducing moves are banned
|clearpoke
|poke|p1|Latias, F|
|poke|p1|Iron Moth|
|poke|p1|Polteageist|
|poke|p1|Ogerpon-Wellspring, F|
|poke|p1|Kingambit, M|
|poke|p1|Zamazenta-*|
|poke|p2|Torkoal, F|
|poke|p2|Scovillain, M|
|poke|p2|Walking Wake|
|poke|p2|Hatterene, F|
|poke|p2|Great Tusk|
|poke|p2|Ceruledge, M|
|teampreview
|inactive|Battle timer is ON: inactive players will automatically lose when time's up. (requested by MeioPotato)
|inactive|President Warfo also wants the timer to be on.
|
|t:|1779901626
|teamsize|p1|6
|teamsize|p2|6
|start
|switch|p1a: Clearsight|Latias, F|100/100
|switch|p2a: Torkoal|Torkoal, F|100/100
|-weather|SunnyDay|[from] ability: Drought|[of] p2a: Torkoal
|turn|1
|
|t:|1779901634
|switch|p2a: Hatterene|Hatterene, F, shiny|100/100
|move|p1a: Clearsight|Agility|p1a: Clearsight
|-boost|p1a: Clearsight|spe|2
|
|-weather|SunnyDay|[upkeep]
|upkeep
|turn|2
|
|t:|1779901638
|move|p1a: Clearsight|Calm Mind|p1a: Clearsight
|-boost|p1a: Clearsight|spa|1
|-boost|p1a: Clearsight|spd|1
|move|p2a: Hatterene|Draining Kiss|p1a: Clearsight
|-supereffective|p1a: Clearsight
|-damage|p1a: Clearsight|72/100
|-enditem|p1a: Clearsight|Weakness Policy
|-boost|p1a: Clearsight|atk|2|[from] item: Weakness Policy
|-boost|p1a: Clearsight|spa|2|[from] item: Weakness Policy
|
|-weather|SunnyDay|[upkeep]
|upkeep
|turn|3
|
|t:|1779901641
|move|p1a: Clearsight|Calm Mind|p1a: Clearsight
|-boost|p1a: Clearsight|spa|1
|-boost|p1a: Clearsight|spd|1
|move|p2a: Hatterene|Mystical Fire|p1a: Clearsight
|-resisted|p1a: Clearsight
|-damage|p1a: Clearsight|64/100
|-unboost|p1a: Clearsight|spa|1
|
|-weather|SunnyDay|[upkeep]
|upkeep
|turn|4
|
|t:|1779901644
|move|p1a: Clearsight|Calm Mind|p1a: Clearsight
|-boost|p1a: Clearsight|spa|1
|-boost|p1a: Clearsight|spd|1
|move|p2a: Hatterene|Draining Kiss|p1a: Clearsight
|-supereffective|p1a: Clearsight
|-damage|p1a: Clearsight|48/100
|
|-weather|SunnyDay|[upkeep]
|upkeep
|turn|5
|
|t:|1779901647
|move|p1a: Clearsight|Stored Power|p2a: Hatterene
|-resisted|p2a: Hatterene
|-damage|p2a: Hatterene|0 fnt
|faint|p2a: Hatterene
|
|-weather|SunnyDay|[upkeep]
|upkeep
|
|t:|1779901650
|switch|p2a: Ceruledge|Ceruledge, M|100/100
|turn|6
|
|t:|1779901651
|-terastallize|p1a: Clearsight|Fairy
|move|p2a: Ceruledge|Shadow Sneak|p1a: Clearsight
|-damage|p1a: Clearsight|28/100
|move|p1a: Clearsight|Draining Kiss|p2a: Ceruledge
|-resisted|p2a: Ceruledge
|-damage|p2a: Ceruledge|60/100
|-heal|p1a: Clearsight|57/100|[from] drain|[of] p2a: Ceruledge
|
|-weather|SunnyDay|[upkeep]
|upkeep
|turn|7
|
|t:|1779901677
|move|p1a: Clearsight|Stored Power|p2a: Ceruledge
|-damage|p2a: Ceruledge|0 fnt
|faint|p2a: Ceruledge
|
|-weather|SunnyDay|[upkeep]
|upkeep
|
|t:|1779901684
|switch|p2a: Scovillain|Scovillain, M|100/100
|turn|8
|
|t:|1779901692
|move|p1a: Clearsight|Stored Power|p2a: Scovillain
|-damage|p2a: Scovillain|0 fnt
|faint|p2a: Scovillain
|
|-weather|none
|upkeep
|inactive|President Warfo has 120 seconds left.
|
|t:|1779901727
|switch|p2a: Torkoal|Torkoal, F|100/100
|-weather|SunnyDay|[from] ability: Drought|[of] p2a: Torkoal
|turn|9
|inactive|President Warfo has 120 seconds left.
|inactive|President Warfo has 90 seconds left.
|
|t:|1779901771
|move|p1a: Clearsight|Stored Power|p2a: Torkoal
|-damage|p2a: Torkoal|0 fnt
|faint|p2a: Torkoal
|
|-weather|SunnyDay|[upkeep]
|upkeep
|
|t:|1779901775
|switch|p2a: Great Tusk|Great Tusk, shiny|100/100
|-activate|p2a: Great Tusk|ability: Protosynthesis
|-start|p2a: Great Tusk|protosynthesisatk
|turn|10
|inactive|President Warfo has 90 seconds left.
|inactive|President Warfo has 60 seconds left.
|
|t:|1779901828
|-terastallize|p2a: Great Tusk|Steel
|move|p1a: Clearsight|Draining Kiss|p2a: Great Tusk
|-resisted|p2a: Great Tusk
|-damage|p2a: Great Tusk|44/100
|-heal|p1a: Clearsight|100/100|[from] drain|[of] p2a: Great Tusk
|-damage|p1a: Clearsight|84/100|[from] item: Rocky Helmet|[of] p2a: Great Tusk
|move|p2a: Great Tusk|Headlong Rush|p1a: Clearsight
|-immune|p1a: Clearsight|[from] ability: Levitate
|
|-weather|SunnyDay|[upkeep]
|upkeep
|turn|11
|inactive|President Warfo has 60 seconds left.
|inactive|President Warfo has 30 seconds left.
|inactive|President Warfo has 20 seconds left.
|inactive|President Warfo has 15 seconds left.
|
|t:|1779901879
|move|p1a: Clearsight|Draining Kiss|p2a: Great Tusk
|-resisted|p2a: Great Tusk
|-damage|p2a: Great Tusk|0 fnt
|-heal|p1a: Clearsight|100/100|[from] drain|[of] p2a: Great Tusk
|-damage|p1a: Clearsight|84/100|[from] item: Rocky Helmet|[of] p2a: Great Tusk
|faint|p2a: Great Tusk
|-end|p2a: Great Tusk|Protosynthesis|[silent]
|
|-weather|SunnyDay|[upkeep]
|upkeep
|inactive|President Warfo has 20 seconds left this turn.
|
|t:|1779901881
|switch|p2a: Walking Wake|Walking Wake|100/100
|-activate|p2a: Walking Wake|ability: Protosynthesis
|-start|p2a: Walking Wake|protosynthesisspa
|turn|12
|inactive|President Warfo has 30 seconds left this turn.
|inactive|President Warfo has 20 seconds left.
|inactive|President Warfo has 15 seconds left.
|inactive|President Warfo has 10 seconds left.
|inactive|President Warfo has 5 seconds left.
|-message|President Warfo lost due to inactivity.
|
|win|MeioPotato
|raw|MeioPotato's rating: 1583 &rarr; <strong>1600</strong><br />(+17 for winning)
|raw|President Warfo's rating: 1535 &rarr; <strong>1518</strong><br />(-17 for losing)
|l|☆MeioPotato
|player|p1|
