|j|☆a19a19
|j|☆draconotmeteor
|t:|1779880161
|gametype|singles
|player|p1|a19a19|red|1399
|player|p2|draconotmeteor|shauntal|1312
|gen|9
|tier|[Gen 9] OU
|rated|
|rule|HP Percentage Mod: HP is shown in percentages
|rule|Endless Battle Clause: Forcing endless battles is banned
|rule|Species Clause: Limit one of each Pokémon
|rule|OHKO Clause: OHKO moves are banned
|rule|Evasion Items Clause: Evasion items are banned
|rule|Evasion Moves Clause: Evasion moves are banned
|rule|Evasion Abilities Clause: Evasion abilities are banned
|rule|Sleep Moves Clause: Sleep-inducing moves are banned
|clearpoke
|poke|p1|Kyurem|
|poke|p1|Great Tusk|
|poke|p1|Entei|
|poke|p1|Ting-Lu|
|poke|p1|Tornadus-Therian, M|
|poke|p1|Dragapult, F|
|poke|p2|Gliscor, M|
|poke|p2|Pecharunt|
|poke|p2|Ting-Lu|
|poke|p2|Ogerpon, F|
|poke|p2|Tinkaton, F|
|poke|p2|Infernape, F|
|teampreview
|
|t:|1779880169
|teamsize|p1|6
|teamsize|p2|6
|start
|switch|p1a: Kyurem|Kyurem|100/100
|switch|p2a: Tinkaton|Tinkaton, F|100/100
|-ability|p1a: Kyurem|Pressure
|-ability|p2a: Tinkaton|Mold Breaker
|turn|1
|
|t:|1779880179
|move|p1a: Kyurem|Earth Power|p2a: Tinkaton
|-supereffective|p2a: Tinkaton
|-damage|p2a: Tinkaton|49/100
|-unboost|p2a: Tinkaton|spd|1
|move|p2a: Tinkaton|Knock Off|p1a: Kyurem
|-damage|p1a: Kyurem|82/100
|-enditem|p1a: Kyurem|Never-Melt Ice|[from] move: Knock Off|[of] p2a: Tinkaton
|
|upkeep
|turn|2
|
|t:|1779880189
|switch|p2a: Ting-Lu|Ting-Lu|100/100
|-ability|p2a: Ting-Lu|Vessel of Ruin
|move|p1a: Kyurem|Earth Power|p2a: Ting-Lu
|-damage|p2a: Ting-Lu|89/100
|
|-heal|p2a: Ting-Lu|95/100|[from] item: Leftovers
|upkeep
|turn|3
|
|t:|1779880199
|move|p1a: Kyurem|Dragon Dance|p1a: Kyurem
|-boost|p1a: Kyurem|atk|1
|-boost|p1a: Kyurem|spe|1
|move|p2a: Ting-Lu|Spikes|p1a: Kyurem
|-sidestart|p1: a19a19|Spikes
|
|-heal|p2a: Ting-Lu|100/100|[from] item: Leftovers
|upkeep
|turn|4
|
|t:|1779880208
|move|p1a: Kyurem|Icicle Spear|p2a: Ting-Lu
|-supereffective|p2a: Ting-Lu
|-damage|p2a: Ting-Lu|83/100
|-supereffective|p2a: Ting-Lu
|-damage|p2a: Ting-Lu|64/100
|-supereffective|p2a: Ting-Lu
|-damage|p2a: Ting-Lu|47/100
|-supereffective|p2a: Ting-Lu
|-damage|p2a: Ting-Lu|29/100
|-supereffective|p2a: Ting-Lu
|-damage|p2a: Ting-Lu|10/100
|-hitcount|p2a: Ting-Lu|5
|move|p2a: Ting-Lu|Whirlwind|p1a: Kyurem
|drag|p1a: Great Tusk|Great Tusk|100/100
|-damage|p1a: Great Tusk|88/100|[from] Spikes
|-enditem|p1a: Great Tusk|Booster Energy
|-activate|p1a: Great Tusk|ability: Protosynthesis|[fromitem]
|-start|p1a: Great Tusk|protosynthesisatk
|
|-heal|p2a: Ting-Lu|16/100|[from] item: Leftovers
|upkeep
|turn|5
|
|t:|1779880227
|switch|p2a: Pecharunt|Pecharunt|100/100
|move|p1a: Great Tusk|Knock Off|p2a: Pecharunt
|-supereffective|p2a: Pecharunt
|-damage|p2a: Pecharunt|54/100
|-enditem|p2a: Pecharunt|Heavy-Duty Boots|[from] move: Knock Off|[of] p1a: Great Tusk
|
|upkeep
|turn|6
|
|t:|1779880235
|move|p1a: Great Tusk|Headlong Rush|p2a: Pecharunt
|-supereffective|p2a: Pecharunt
|-damage|p2a: Pecharunt|0 fnt
|-unboost|p1a: Great Tusk|def|1
|-unboost|p1a: Great Tusk|spd|1
|faint|p2a: Pecharunt
|
|upkeep
|
|t:|1779880238
|switch|p2a: Infernape|Infernape, F|100/100
|turn|7
|
|t:|1779880247
|-end|p1a: Great Tusk|Protosynthesis|[silent]
|switch|p1a: Entei|Entei|100/100
|move|p2a: Infernape|Overheat|p1a: Entei
|-resisted|p1a: Entei
|-damage|p1a: Entei|67/100
|-unboost|p2a: Infernape|spa|2
|
|upkeep
|turn|8
|
|t:|1779880256
|move|p2a: Infernape|Knock Off|p1a: Entei
|-damage|p1a: Entei|47/100
|-enditem|p1a: Entei|Heavy-Duty Boots|[from] move: Knock Off|[of] p2a: Infernape
|move|p1a: Entei|Sacred Fire|p2a: Infernape
|-resisted|p2a: Infernape
|-damage|p2a: Infernape|61/100
|
|upkeep
|turn|9
|
|t:|1779880264
|switch|p2a: Gliscor|Gliscor, M|100/100
|move|p1a: Entei|Stomping Tantrum|p2a: Gliscor
|-immune|p2a: Gliscor
|
|-status|p2a: Gliscor|tox|[from] item: Toxic Orb
|upkeep
|turn|10
|
|t:|1779880274
|switch|p1a: Tornadus|Tornadus-Therian, M|100/100
|move|p2a: Gliscor|Knock Off|p1a: Tornadus
|-damage|p1a: Tornadus|80/100
|-enditem|p1a: Tornadus|Heavy-Duty Boots|[from] move: Knock Off|[of] p2a: Gliscor
|
|upkeep
|turn|11
|
|t:|1779880282
|switch|p2a: Tinkaton|Tinkaton, F|49/100
|-ability|p2a: Tinkaton|Mold Breaker
|move|p1a: Tornadus|Taunt|p2a: Tinkaton
|-start|p2a: Tinkaton|move: Taunt
|
|upkeep
|turn|12
|-message|draconotmeteor forfeited.
|
|win|a19a19
|raw|a19a19's rating: 1399 &rarr; <strong>1414</strong><br />(+15 for winning)
|raw|draconotmeteor's rating: 1312 &rarr; <strong>1297</strong><br />(-15 for losing)
|l|☆draconotmeteor
|player|p2|
|l|☆a19a19
|player|p1|
