|j|☆CAP ahaha
|j|☆allstartalon
|t:|1779855713
|gametype|singles
|player|p1|CAP ahaha|169|1158
|player|p2|allstartalon|pokemonranger-gen4|1206
|gen|9
|tier|[Gen 9] OU
|rated|
|rule|HP Percentage Mod: HP is shown in percentages
|rule|Endless Battle Clause: Forcing endless battles is banned
|rule|Species Clause: Limit one of each Pokémon
|rule|OHKO Clause: OHKO moves are banned
|rule|Evasion Items Clause: Evasion items are banned
|rule|Evasion Moves Clause: Evasion moves are banned
|rule|Evasion Abilities Clause: Evasion abilities are banned
|rule|Sleep Moves Clause: Sleep-inducing moves are banned
|clearpoke
|poke|p1|Gholdengo|
|poke|p1|Blaziken, M|
|poke|p1|Dondozo, F|
|poke|p1|Ursaluna, M|
|poke|p1|Rillaboom, F|
|poke|p1|Moltres-Galar|
|poke|p2|Regidrago|
|poke|p2|Goodra-Hisui, M|
|poke|p2|Haxorus, F|
|poke|p2|Latios, M|
|poke|p2|Cyclizar, M|
|poke|p2|Dragonite, M|
|teampreview
|inactive|Battle timer is ON: inactive players will automatically lose when time's up. (requested by CAP ahaha)
|
|t:|1779855720
|teamsize|p1|6
|teamsize|p2|6
|start
|switch|p1a: Blaziken|Blaziken, M|100/100
|switch|p2a: Latios|Latios, M, shiny|100/100
|turn|1
|
|t:|1779855723
|-terastallize|p1a: Blaziken|Dark
|move|p2a: Latios|Luster Purge|p1a: Blaziken
|-immune|p1a: Blaziken
|move|p1a: Blaziken|Knock Off|p2a: Latios
|-supereffective|p2a: Latios
|-damage|p2a: Latios|0 fnt
|-enditem|p2a: Latios|Soul Dew|[from] move: Knock Off|[of] p1a: Blaziken
|faint|p2a: Latios
|-damage|p1a: Blaziken|91/100|[from] item: Life Orb
|
|-ability|p1a: Blaziken|Speed Boost|boost
|-boost|p1a: Blaziken|spe|1
|upkeep
|
|t:|1779855728
|switch|p2a: Haxorus|Haxorus, F, shiny|100/100
|-ability|p2a: Haxorus|Mold Breaker
|turn|2
|
|t:|1779855735
|move|p2a: Haxorus|First Impression|p1a: Blaziken
|-supereffective|p1a: Blaziken
|-damage|p1a: Blaziken|0 fnt
|faint|p1a: Blaziken
|
|upkeep
|
|t:|1779855753
|switch|p1a: Ursaluna|Ursaluna, M|100/100
|turn|3
|
|t:|1779855761
|move|p2a: Haxorus|Close Combat|p1a: Ursaluna
|-supereffective|p1a: Ursaluna
|-damage|p1a: Ursaluna|30/100
|-unboost|p2a: Haxorus|def|1
|-unboost|p2a: Haxorus|spd|1
|move|p1a: Ursaluna|Bulk Up|p1a: Ursaluna
|-boost|p1a: Ursaluna|atk|1
|-boost|p1a: Ursaluna|def|1
|
|-status|p1a: Ursaluna|brn|[from] item: Flame Orb
|upkeep
|turn|4
|
|t:|1779855766
|move|p2a: Haxorus|Scale Shot|p1a: Ursaluna
|-damage|p1a: Ursaluna|22/100 brn
|-damage|p1a: Ursaluna|14/100 brn
|-damage|p1a: Ursaluna|6/100 brn
|-damage|p1a: Ursaluna|0 fnt
|faint|p1a: Ursaluna
|-hitcount|p1: Ursaluna|4
|-unboost|p2a: Haxorus|def|1
|-boost|p2a: Haxorus|spe|1
|
|upkeep
|
|t:|1779855778
|switch|p1a: Dondozo|Dondozo, F|100/100
|turn|5
|
|t:|1779855789
|switch|p2a: Goodra|Goodra-Hisui, M, shiny|100/100
|move|p1a: Dondozo|Wave Crash|p2a: Goodra
|-resisted|p2a: Goodra
|-damage|p2a: Goodra|81/100
|-damage|p1a: Dondozo|97/100|[from] Recoil
|
|upkeep
|turn|6
|
|t:|1779855795
|move|p2a: Goodra|Draco Meteor|p1a: Dondozo
|-damage|p1a: Dondozo|35/100
|-unboost|p2a: Goodra|spa|2
|move|p1a: Dondozo|Curse|p1a: Dondozo
|-unboost|p1a: Dondozo|spe|1
|-boost|p1a: Dondozo|atk|1
|-boost|p1a: Dondozo|def|1
|
|upkeep
|turn|7
|
|t:|1779855806
|move|p2a: Goodra|Draco Meteor|p1a: Dondozo
|-damage|p1a: Dondozo|0 fnt
|-unboost|p2a: Goodra|spa|2
|faint|p1a: Dondozo
|
|upkeep
|
|t:|1779855811
|switch|p1a: Gholdengo|Gholdengo|100/100
|turn|8
|
|t:|1779855825
|switch|p2a: Cyclizar|Cyclizar, M, shiny|100/100
|move|p1a: Gholdengo|Shadow Ball|p2a: Cyclizar
|-immune|p2a: Cyclizar
|
|upkeep
|turn|9
|
|t:|1779855831
|switch|p1a: Moltres|Moltres-Galar|100/100
|move|p2a: Cyclizar|Iron Head|p1a: Moltres
|-damage|p1a: Moltres|71/100
|
|-heal|p1a: Moltres|77/100|[from] item: Leftovers
|upkeep
|turn|10
|
|t:|1779855836
|move|p2a: Cyclizar|Double-Edge|p1a: Moltres
|-damage|p1a: Moltres|9/100
|-damage|p2a: Cyclizar|75/100|[from] Recoil
|-ability|p1a: Moltres|Berserk|boost
|-boost|p1a: Moltres|spa|1
|move|p1a: Moltres|Fiery Wrath|p2a: Cyclizar
|-damage|p2a: Cyclizar|0 fnt
|faint|p2a: Cyclizar
|
|-heal|p1a: Moltres|15/100|[from] item: Leftovers
|upkeep
|
|t:|1779855842
|switch|p2a: Dragonite|Dragonite, M, shiny|100/100
|turn|11
|
|t:|1779855847
|move|p2a: Dragonite|Earthquake|p1a: Moltres
|-immune|p1a: Moltres
|move|p1a: Moltres|Fiery Wrath|p2a: Dragonite
|-damage|p2a: Dragonite|69/100
|
|-heal|p1a: Moltres|22/100|[from] item: Leftovers
|upkeep
|turn|12
|
|t:|1779855856
|switch|p2a: Goodra|Goodra-Hisui, M, shiny|81/100
|move|p1a: Moltres|Fiery Wrath|p2a: Goodra
|-damage|p2a: Goodra|48/100
|
|-heal|p1a: Moltres|28/100|[from] item: Leftovers
|upkeep
|turn|13
|
|t:|1779855860
|move|p1a: Moltres|Fiery Wrath|p2a: Goodra
|-damage|p2a: Goodra|16/100
|move|p2a: Goodra|Flash Cannon|p1a: Moltres
|-damage|p1a: Moltres|0 fnt
|faint|p1a: Moltres
|
|upkeep
|
|t:|1779855870
|switch|p1a: Gholdengo|Gholdengo|100/100
|turn|14
|
|t:|1779855878
|move|p1a: Gholdengo|Dazzling Gleam|p2a: Goodra
|-damage|p2a: Goodra|1/100
|move|p2a: Goodra|Flamethrower|p1a: Gholdengo
|-supereffective|p1a: Gholdengo
|-damage|p1a: Gholdengo|31/100
|
|upkeep
|turn|15
|-message|CAP ahaha forfeited.
|
|win|allstartalon
|raw|CAP ahaha's rating: 1158 &rarr; <strong>1136</strong><br />(-22 for losing)
|raw|allstartalon's rating: 1206 &rarr; <strong>1228</strong><br />(+22 for winning)
|l|☆CAP ahaha
|player|p1|
|l|☆allstartalon
|player|p2|
