|j|☆fghjk99
|j|☆sdkid
|t:|1779815557
|gametype|singles
|player|p1|fghjk99|gambler|1407
|player|p2|sdkid|burglar|1373
|gen|9
|tier|[Gen 9] OU
|rated|
|rule|HP Percentage Mod: HP is shown in percentages
|rule|Endless Battle Clause: Forcing endless battles is banned
|rule|Species Clause: Limit one of each Pokémon
|rule|OHKO Clause: OHKO moves are banned
|rule|Evasion Items Clause: Evasion items are banned
|rule|Evasion Moves Clause: Evasion moves are banned
|rule|Evasion Abilities Clause: Evasion abilities are banned
|rule|Sleep Moves Clause: Sleep-inducing moves are banned
|clearpoke
|poke|p1|Dragapult, M|
|poke|p1|Hydrapple, M|
|poke|p1|Kingambit, M|
|poke|p1|Weavile, F|
|poke|p1|Weezing-Galar, M|
|poke|p1|Heatran, M|
|poke|p2|Great Tusk|
|poke|p2|Hatterene, F|
|poke|p2|Dragonite, F|
|poke|p2|Kyurem|
|poke|p2|Kingambit, F|
|poke|p2|Darkrai|
|teampreview
|inactive|Battle timer is ON: inactive players will automatically lose when time's up. (requested by sdkid)
|
|t:|1779815573
|teamsize|p1|6
|teamsize|p2|6
|start
|switch|p1a: Weavile|Weavile, F|100/100
|switch|p2a: Darkrai|Darkrai|100/100
|-ability|p1a: Weavile|Pressure
|turn|1
|
|t:|1779815579
|switch|p1a: Eats|Hydrapple, M, shiny|100/100
|move|p2a: Darkrai|Will-O-Wisp|p1a: Eats
|-status|p1a: Eats|brn
|
|-damage|p1a: Eats|94/100 brn|[from] brn
|upkeep
|turn|2
|
|t:|1779815590
|switch|p2a: Hatterene|Hatterene, F|100/100
|-item|p2a: Hatterene|Air Balloon
|switch|p1a: Heatran|Heatran, M|100/100
|
|upkeep
|turn|3
|
|t:|1779815598
|move|p1a: Heatran|Magma Storm|p2a: Hatterene
|-damage|p2a: Hatterene|41/100
|-activate|p2a: Hatterene|move: Magma Storm|[of] p1a: Heatran
|-enditem|p2a: Hatterene|Air Balloon
|move|p2a: Hatterene|Nuzzle|p1a: Heatran
|-damage|p1a: Heatran|96/100
|-status|p1a: Heatran|par
|
|-damage|p2a: Hatterene|29/100|[from] move: Magma Storm|[partiallytrapped]
|upkeep
|turn|4
|
|t:|1779815603
|move|p1a: Heatran|Magma Storm|p2a: Hatterene
|-damage|p2a: Hatterene|0 fnt
|faint|p2a: Hatterene
|
|upkeep
|
|t:|1779815608
|switch|p2a: Great Tusk|Great Tusk|100/100
|turn|5
|
|t:|1779815613
|switch|p1a: Weezing|Weezing-Galar, M|100/100
|move|p2a: Great Tusk|Stealth Rock|p1a: Weezing
|-sidestart|p1: fghjk99|move: Stealth Rock
|
|upkeep
|turn|6
|
|t:|1779815631
|-end|p2a: Great Tusk|Protosynthesis|[silent]
|switch|p2a: Kingambit|Kingambit, F|100/100
|-activate|p2a: Kingambit|ability: Supreme Overlord
|-start|p2a: Kingambit|fallen1|[silent]
|move|p1a: Weezing|Strange Steam|p2a: Kingambit
|-damage|p2a: Kingambit|72/100
|
|-heal|p2a: Kingambit|79/100|[from] item: Leftovers
|upkeep
|turn|7
|
|t:|1779815649
|-end|p2a: Kingambit|fallen1|[silent]
|switch|p2a: Darkrai|Darkrai|100/100
|move|p1a: Weezing|Defog|p2a: Darkrai
|-unboost|p2a: Darkrai|evasion|1
|-sideend|p1: fghjk99|Stealth Rock|[from] move: Defog|[of] p1a: Weezing
|
|upkeep
|turn|8
|
|t:|1779815656
|switch|p1a: Eats|Hydrapple, M, shiny|100/100 brn
|move|p2a: Darkrai|Trick|p1a: Eats
|-activate|p2a: Darkrai|move: Trick|[of] p1a: Eats
|-item|p1a: Eats|Choice Scarf|[from] move: Trick
|-item|p2a: Darkrai|Assault Vest|[from] move: Trick
|
|-damage|p1a: Eats|94/100 brn|[from] brn
|upkeep
|turn|9
|
|t:|1779815666
|-terastallize|p1a: Eats|Steel
|move|p2a: Darkrai|Sludge Bomb|p1a: Eats
|-immune|p1a: Eats
|move|p1a: Eats|Fickle Beam|p2a: Darkrai
|-damage|p2a: Darkrai|63/100
|
|-damage|p1a: Eats|88/100 brn|[from] brn
|upkeep
|turn|10
|
|t:|1779815672
|switch|p2a: Kingambit|Kingambit, F|79/100
|-activate|p2a: Kingambit|ability: Supreme Overlord
|-start|p2a: Kingambit|fallen1|[silent]
|move|p1a: Eats|Fickle Beam|p2a: Kingambit
|-resisted|p2a: Kingambit
|-damage|p2a: Kingambit|59/100
|
|-heal|p2a: Kingambit|65/100|[from] item: Leftovers
|-damage|p1a: Eats|82/100 brn|[from] brn
|upkeep
|turn|11
|
|t:|1779815678
|switch|p1a: Weezing|Weezing-Galar, M|100/100
|move|p2a: Kingambit|Swords Dance|p2a: Kingambit
|-boost|p2a: Kingambit|atk|2
|
|-heal|p2a: Kingambit|71/100|[from] item: Leftovers
|upkeep
|turn|12
|
|t:|1779815682
|move|p2a: Kingambit|Iron Head|p1a: Weezing
|-supereffective|p1a: Weezing
|-damage|p1a: Weezing|0 fnt
|faint|p1a: Weezing
|
|-heal|p2a: Kingambit|77/100|[from] item: Leftovers
|upkeep
|
|t:|1779815684
|switch|p1a: Dragapult|Dragapult, M|100/100
|turn|13
|
|t:|1779815689
|move|p1a: Dragapult|Will-O-Wisp|p2a: Kingambit
|-status|p2a: Kingambit|brn
|move|p2a: Kingambit|Kowtow Cleave|p1a: Dragapult
|-supereffective|p1a: Dragapult
|-damage|p1a: Dragapult|0 fnt
|faint|p1a: Dragapult
|
|-heal|p2a: Kingambit|83/100 brn|[from] item: Leftovers
|-damage|p2a: Kingambit|77/100 brn|[from] brn
|upkeep
|
|t:|1779815699
|switch|p1a: Weavile|Weavile, F|100/100
|-ability|p1a: Weavile|Pressure
|turn|14
|
|t:|1779815701
|move|p1a: Weavile|Low Kick|p2a: Kingambit
|-supereffective|p2a: Kingambit
|-damage|p2a: Kingambit|0 fnt
|faint|p2a: Kingambit
|-end|p2a: Kingambit|fallen1|[silent]
|
|upkeep
|
|t:|1779815708
|switch|p2a: Great Tusk|Great Tusk|100/100
|turn|15
|
|t:|1779815712
|switch|p1a: Eats|Hydrapple, M, shiny, tera:Steel|100/100 brn
|move|p2a: Great Tusk|Headlong Rush|p1a: Eats
|-supereffective|p1a: Eats
|-damage|p1a: Eats|0 fnt
|-unboost|p2a: Great Tusk|def|1
|-unboost|p2a: Great Tusk|spd|1
|faint|p1a: Eats
|
|upkeep
|
|t:|1779815721
|switch|p1a: Weavile|Weavile, F|100/100
|-ability|p1a: Weavile|Pressure
|turn|16
|
|t:|1779815728
|-end|p2a: Great Tusk|Protosynthesis|[silent]
|switch|p2a: Darkrai|Darkrai|63/100
|move|p1a: Weavile|Triple Axel|p2a: Darkrai
|-damage|p2a: Darkrai|44/100
|-damage|p2a: Darkrai|8/100
|-damage|p2a: Darkrai|0 fnt
|faint|p2a: Darkrai
|-hitcount|p2: Darkrai|3
|
|upkeep
|
|t:|1779815732
|switch|p2a: Kyurem|Kyurem|100/100
|-ability|p2a: Kyurem|Pressure
|turn|17
|
|t:|1779815736
|move|p1a: Weavile|Triple Axel|p2a: Kyurem
|-damage|p2a: Kyurem|88/100
|-damage|p2a: Kyurem|64/100
|-damage|p2a: Kyurem|28/100
|-hitcount|p2a: Kyurem|3
|move|p2a: Kyurem|Body Press|p1a: Weavile
|-supereffective|p1a: Weavile
|-damage|p1a: Weavile|0 fnt
|faint|p1a: Weavile
|
|upkeep
|
|t:|1779815746
|switch|p1a: Heatran|Heatran, M|96/100 par
|turn|18
|
|t:|1779815749
|move|p2a: Kyurem|Earth Power|p1a: Heatran
|-supereffective|p1a: Heatran
|-damage|p1a: Heatran|0 fnt
|faint|p1a: Heatran
|
|upkeep
|
|t:|1779815752
|switch|p1a: Kingambit|Kingambit, M, shiny|100/100
|-activate|p1a: Kingambit|ability: Supreme Overlord
|-start|p1a: Kingambit|fallen5|[silent]
|-item|p1a: Kingambit|Air Balloon
|turn|19
|
|t:|1779815756
|move|p1a: Kingambit|Sucker Punch|p2a: Kyurem
|-damage|p2a: Kyurem|0 fnt
|faint|p2a: Kyurem
|
|upkeep
|
|t:|1779815763
|switch|p2a: Dragonite|Dragonite, F|100/100
|turn|20
|
|t:|1779815768
|move|p2a: Dragonite|Encore|p1a: Kingambit
|-start|p1a: Kingambit|Encore
|move|p1a: Kingambit|Sucker Punch||[still]
|-fail|p1a: Kingambit
|
|upkeep
|turn|21
|-message|fghjk99 forfeited.
|
|win|sdkid
|raw|fghjk99's rating: 1407 &rarr; <strong>1385</strong><br />(-22 for losing)
|raw|sdkid's rating: 1373 &rarr; <strong>1395</strong><br />(+22 for winning)
|l|☆fghjk99
|player|p1|
