|j|☆QuincyPKM
|j|☆ohqg
|t:|1779855091
|gametype|singles
|player|p1|QuincyPKM|giovanni|1310
|player|p2|ohqg|elesa-gen5bw2|1327
|gen|9
|tier|[Gen 9] OU
|rated|
|rule|HP Percentage Mod: HP is shown in percentages
|rule|Endless Battle Clause: Forcing endless battles is banned
|rule|Species Clause: Limit one of each Pokémon
|rule|OHKO Clause: OHKO moves are banned
|rule|Evasion Items Clause: Evasion items are banned
|rule|Evasion Moves Clause: Evasion moves are banned
|rule|Evasion Abilities Clause: Evasion abilities are banned
|rule|Sleep Moves Clause: Sleep-inducing moves are banned
|clearpoke
|poke|p1|Volcanion|
|poke|p1|Rillaboom, F|
|poke|p1|Slowking-Galar, F|
|poke|p1|Scizor, M|
|poke|p1|Raging Bolt|
|poke|p1|Great Tusk|
|poke|p2|Ting-Lu|
|poke|p2|Gholdengo|
|poke|p2|Great Tusk|
|poke|p2|Ditto|
|poke|p2|Samurott-Hisui, M|
|poke|p2|Toxapex, F|
|teampreview
|inactive|Battle timer is ON: inactive players will automatically lose when time's up. (requested by QuincyPKM)
|inactive|ohqg also wants the timer to be on.
|
|t:|1779855099
|teamsize|p1|6
|teamsize|p2|6
|start
|switch|p1a: Rillaboom|Rillaboom, F|100/100
|switch|p2a: 操坏星|Toxapex, F|100/100
|-fieldstart|move: Grassy Terrain|[from] ability: Grassy Surge|[of] p1a: Rillaboom
|turn|1
|
|t:|1779855108
|move|p1a: Rillaboom|Knock Off|p2a: 操坏星
|-damage|p2a: 操坏星|76/100
|-enditem|p2a: 操坏星|Leftovers|[from] move: Knock Off|[of] p1a: Rillaboom
|move|p2a: 操坏星|Infestation|p1a: Rillaboom
|-supereffective|p1a: Rillaboom
|-damage|p1a: Rillaboom|96/100
|-activate|p1a: Rillaboom|move: Infestation|[of] p2a: 操坏星
|
|-heal|p1a: Rillaboom|100/100|[from] Grassy Terrain
|-heal|p2a: 操坏星|82/100|[from] Grassy Terrain
|-damage|p1a: Rillaboom|88/100|[from] move: Infestation|[partiallytrapped]
|upkeep
|turn|2
|
|t:|1779855114
|move|p2a: 操坏星|Baneful Bunker|p2a: 操坏星
|-singleturn|p2a: 操坏星|move: Protect
|move|p1a: Rillaboom|U-turn|p2a: 操坏星
|-activate|p2a: 操坏星|move: Protect
|-status|p1a: Rillaboom|psn
|
|-heal|p1a: Rillaboom|94/100 psn|[from] Grassy Terrain
|-heal|p2a: 操坏星|88/100|[from] Grassy Terrain
|-damage|p1a: Rillaboom|82/100 psn|[from] psn
|-damage|p1a: Rillaboom|70/100 psn|[from] move: Infestation|[partiallytrapped]
|upkeep
|turn|3
|
|t:|1779855126
|move|p1a: Rillaboom|U-turn|p2a: 操坏星
|-resisted|p2a: 操坏星
|-damage|p2a: 操坏星|80/100
|
|t:|1779855139
|switch|p1a: Scizor|Scizor, M|100/100|[from] U-turn
|move|p2a: 操坏星|Toxic Spikes|p1a: Scizor
|-sidestart|p1: QuincyPKM|move: Toxic Spikes
|
|-heal|p2a: 操坏星|86/100|[from] Grassy Terrain
|upkeep
|turn|4
|
|t:|1779855148
|move|p1a: Scizor|Trailblaze|p2a: 操坏星
|-damage|p2a: 操坏星|40/100
|-boost|p1a: Scizor|spe|1
|move|p2a: 操坏星|Infestation|p1a: Scizor
|-resisted|p1a: Scizor
|-damage|p1a: Scizor|98/100
|-activate|p1a: Scizor|move: Infestation|[of] p2a: 操坏星
|
|-heal|p1a: Scizor|100/100|[from] Grassy Terrain
|-heal|p2a: 操坏星|46/100|[from] Grassy Terrain
|-damage|p1a: Scizor|88/100|[from] move: Infestation|[partiallytrapped]
|upkeep
|turn|5
|
|t:|1779855173
|switch|p2a: 该鹿🦌管了|Ting-Lu|100/100
|-ability|p2a: 该鹿🦌管了|Vessel of Ruin
|move|p1a: Scizor|Trailblaze|p2a: 该鹿🦌管了
|-supereffective|p2a: 该鹿🦌管了
|-damage|p2a: 该鹿🦌管了|43/100
|-boost|p1a: Scizor|spe|1
|
|-heal|p1a: Scizor|94/100|[from] Grassy Terrain
|-heal|p2a: 该鹿🦌管了|50/100|[from] Grassy Terrain
|-heal|p2a: 该鹿🦌管了|56/100|[from] item: Leftovers
|-end|p1a: Scizor|Infestation|[partiallytrapped]|[silent]
|-fieldend|move: Grassy Terrain
|upkeep
|turn|6
|
|t:|1779855198
|switch|p2a: 百遍干|Ditto|100/100
|-transform|p2a: 百遍干|p1a: Scizor|[from] ability: Imposter
|move|p1a: Scizor|Trailblaze|p2a: 百遍干
|-resisted|p2a: 百遍干
|-damage|p2a: 百遍干|88/100
|-boost|p1a: Scizor|spe|1
|
|upkeep
|turn|7
|inactive|QuincyPKM has 120 seconds left.
|
|t:|1779855215
|switch|p1a: Slowking|Slowking-Galar, F|100/100
|-sideend|p1: QuincyPKM|move: Toxic Spikes|[of] p1a: Slowking
|move|p2a: 百遍干|U-turn|p1a: Slowking
|-damage|p1a: Slowking|55/100
|
|t:|1779855223
|switch|p2a: 双膏丸进化|Samurott-Hisui, M|100/100|[from] U-turn
|
|upkeep
|turn|8
|
|t:|1779855236
|switch|p1a: Great Tusk|Great Tusk|100/100
|move|p2a: 双膏丸进化|Ceaseless Edge|p1a: Great Tusk
|-resisted|p1a: Great Tusk
|-damage|p1a: Great Tusk|90/100
|-sidestart|p1: QuincyPKM|Spikes
|
|upkeep
|turn|9
|
|t:|1779855249
|switch|p2a: 雄痿崖|Great Tusk|100/100
|move|p1a: Great Tusk|Stealth Rock|p2a: 雄痿崖
|-sidestart|p2: ohqg|move: Stealth Rock
|
|upkeep
|turn|10
|inactive|QuincyPKM has 120 seconds left.
|
|t:|1779855274
|-end|p1a: Great Tusk|Protosynthesis|[silent]
|switch|p1a: Rillaboom|Rillaboom, F|70/100 psn
|-damage|p1a: Rillaboom|57/100 psn|[from] Spikes
|-fieldstart|move: Grassy Terrain|[from] ability: Grassy Surge|[of] p1a: Rillaboom
|move|p2a: 雄痿崖|Rapid Spin|p1a: Rillaboom
|-damage|p1a: Rillaboom|44/100 psn
|-boost|p2a: 雄痿崖|spe|1
|-sideend|p2: ohqg|Stealth Rock|[from] move: Rapid Spin|[of] p2a: 雄痿崖
|
|-heal|p1a: Rillaboom|50/100 psn|[from] Grassy Terrain
|-damage|p1a: Rillaboom|37/100 psn|[from] psn
|upkeep
|turn|11
|inactive|QuincyPKM has 120 seconds left.
|
|t:|1779855287
|-end|p2a: 雄痿崖|Protosynthesis|[silent]
|switch|p2a: 操坏星|Toxapex, F|79/100
|move|p1a: Rillaboom|Grassy Glide|p2a: 操坏星
|-damage|p2a: 操坏星|54/100
|
|-heal|p1a: Rillaboom|44/100 psn|[from] Grassy Terrain
|-heal|p2a: 操坏星|60/100|[from] Grassy Terrain
|-damage|p1a: Rillaboom|31/100 psn|[from] psn
|upkeep
|turn|12
|
|t:|1779855295
|move|p1a: Rillaboom|U-turn|p2a: 操坏星
|-resisted|p2a: 操坏星
|-damage|p2a: 操坏星|53/100
|
|t:|1779855298
|switch|p1a: Scizor|Scizor, M|94/100|[from] U-turn
|-damage|p1a: Scizor|82/100|[from] Spikes
|move|p2a: 操坏星|Infestation|p1a: Scizor
|-resisted|p1a: Scizor
|-damage|p1a: Scizor|80/100
|-activate|p1a: Scizor|move: Infestation|[of] p2a: 操坏星
|
|-heal|p1a: Scizor|87/100|[from] Grassy Terrain
|-heal|p2a: 操坏星|59/100|[from] Grassy Terrain
|-damage|p1a: Scizor|74/100|[from] move: Infestation|[partiallytrapped]
|upkeep
|turn|13
|
|t:|1779855310
|move|p2a: 操坏星|Baneful Bunker|p2a: 操坏星
|-singleturn|p2a: 操坏星|move: Protect
|move|p1a: Scizor|Trailblaze|p2a: 操坏星
|-activate|p2a: 操坏星|move: Protect
|
|-heal|p1a: Scizor|80/100|[from] Grassy Terrain
|-heal|p2a: 操坏星|65/100|[from] Grassy Terrain
|-damage|p1a: Scizor|68/100|[from] move: Infestation|[partiallytrapped]
|upkeep
|turn|14
|
|t:|1779855322
|switch|p2a: 掏精潮|Gholdengo, shiny|100/100
|move|p1a: Scizor|Trailblaze|p2a: 掏精潮
|-resisted|p2a: 掏精潮
|-damage|p2a: 掏精潮|78/100
|-boost|p1a: Scizor|spe|1
|
|-heal|p2a: 掏精潮|84/100|[from] Grassy Terrain
|-heal|p1a: Scizor|74/100|[from] Grassy Terrain
|-end|p1a: Scizor|Infestation|[partiallytrapped]|[silent]
|-fieldend|move: Grassy Terrain
|upkeep
|turn|15
|
|t:|1779855334
|switch|p1a: Slowking|Slowking-Galar, F|89/100
|move|p2a: 掏精潮|Trick|p1a: Slowking
|-activate|p2a: 掏精潮|move: Trick|[of] p1a: Slowking
|-item|p1a: Slowking|Choice Scarf|[from] move: Trick
|-item|p2a: 掏精潮|Heavy-Duty Boots|[from] move: Trick
|
|upkeep
|turn|16
|
|t:|1779855342
|move|p2a: 掏精潮|Thunder Wave|p1a: Slowking
|-status|p1a: Slowking|par
|-prepare|p1a: Slowking|Chilly Reception|[premajor]
|cant|p1a: Slowking|par
|
|upkeep
|turn|17
|
|t:|1779855349
|move|p2a: 掏精潮|Shadow Ball|p1a: Slowking
|-supereffective|p1a: Slowking
|-damage|p1a: Slowking|47/100 par
|-prepare|p1a: Slowking|Chilly Reception|[premajor]
|cant|p1a: Slowking|par
|
|upkeep
|turn|18
|
|t:|1779855356
|move|p2a: 掏精潮|Shadow Ball|p1a: Slowking
|-supereffective|p1a: Slowking
|-damage|p1a: Slowking|5/100 par
|-prepare|p1a: Slowking|Chilly Reception|[premajor]
|move|p1a: Slowking|Chilly Reception|p1a: Slowking
|-weather|Snowscape
|
|t:|1779855375
|switch|p1a: Great Tusk|Great Tusk|90/100|[from] Chilly Reception
|
|-weather|Snowscape|[upkeep]
|upkeep
|turn|19
|
|t:|1779855387
|-terastallize|p2a: 掏精潮|Flying
|move|p1a: Great Tusk|Headlong Rush|p2a: 掏精潮
|-immune|p2a: 掏精潮
|move|p2a: 掏精潮|Shadow Ball|p1a: Great Tusk
|-damage|p1a: Great Tusk|47/100
|
|-weather|Snowscape|[upkeep]
|upkeep
|turn|20
|
|t:|1779855403
|move|p1a: Great Tusk|Rapid Spin|p2a: 掏精潮
|-damage|p2a: 掏精潮|73/100
|-boost|p1a: Great Tusk|spe|1
|-sideend|p1: QuincyPKM|Spikes|[from] move: Rapid Spin|[of] p1a: Great Tusk
|move|p2a: 掏精潮|Shadow Ball|p1a: Great Tusk
|-damage|p1a: Great Tusk|0 fnt
|faint|p1a: Great Tusk
|-end|p1a: Great Tusk|Protosynthesis|[silent]
|
|-weather|Snowscape|[upkeep]
|upkeep
|
|t:|1779855415
|switch|p1a: Raging Bolt|Raging Bolt|100/100
|turn|21
|
|t:|1779855423
|switch|p2a: 雄痿崖|Great Tusk|100/100
|move|p1a: Raging Bolt|Weather Ball|p2a: 雄痿崖
|-supereffective|p2a: 雄痿崖
|-crit|p2a: 雄痿崖
|-damage|p2a: 雄痿崖|0 fnt
|faint|p2a: 雄痿崖
|-end|p2a: 雄痿崖|Protosynthesis|[silent]
|
|-weather|Snowscape|[upkeep]
|upkeep
|
|t:|1779855440
|switch|p2a: 该鹿🦌管了|Ting-Lu|56/100
|-ability|p2a: 该鹿🦌管了|Vessel of Ruin
|turn|22
|
|t:|1779855449
|-end|p1a: Raging Bolt|Protosynthesis|[silent]
|switch|p1a: Rillaboom|Rillaboom, F|31/100 psn
|-fieldstart|move: Grassy Terrain|[from] ability: Grassy Surge|[of] p1a: Rillaboom
|move|p2a: 该鹿🦌管了|Earthquake|p1a: Rillaboom
|-resisted|p1a: Rillaboom
|-damage|p1a: Rillaboom|22/100 psn
|
|-weather|none
|-heal|p1a: Rillaboom|28/100 psn|[from] Grassy Terrain
|-heal|p2a: 该鹿🦌管了|62/100|[from] Grassy Terrain
|-heal|p2a: 该鹿🦌管了|68/100|[from] item: Leftovers
|-damage|p1a: Rillaboom|16/100 psn|[from] psn
|upkeep
|turn|23
|inactive|QuincyPKM has 120 seconds left.
|
|t:|1779855489
|move|p1a: Rillaboom|U-turn|p2a: 该鹿🦌管了
|-supereffective|p2a: 该鹿🦌管了
|-damage|p2a: 该鹿🦌管了|43/100
|
|t:|1779855497
|switch|p1a: Volcanion|Volcanion|100/100|[from] U-turn
|move|p2a: 该鹿🦌管了|Stealth Rock|p1a: Volcanion
|-sidestart|p1: QuincyPKM|move: Stealth Rock
|
|-heal|p2a: 该鹿🦌管了|50/100|[from] Grassy Terrain
|-heal|p2a: 该鹿🦌管了|56/100|[from] item: Leftovers
|upkeep
|turn|24
|inactive|QuincyPKM has 120 seconds left.
|j| Kakimori
|
|t:|1779855509
|switch|p2a: 操坏星|Toxapex, F|99/100
|move|p1a: Volcanion|Sludge Bomb|p2a: 操坏星
|-resisted|p2a: 操坏星
|-damage|p2a: 操坏星|81/100
|
|-heal|p2a: 操坏星|88/100|[from] Grassy Terrain
|upkeep
|turn|25
|inactive|QuincyPKM has 120 seconds left.
|
|t:|1779855518
|switch|p1a: Scizor|Scizor, M|74/100
|-damage|p1a: Scizor|62/100|[from] Stealth Rock
|move|p2a: 操坏星|Infestation|p1a: Scizor
|-resisted|p1a: Scizor
|-damage|p1a: Scizor|60/100
|-activate|p1a: Scizor|move: Infestation|[of] p2a: 操坏星
|
|-heal|p1a: Scizor|66/100|[from] Grassy Terrain
|-heal|p2a: 操坏星|94/100|[from] Grassy Terrain
|-damage|p1a: Scizor|54/100|[from] move: Infestation|[partiallytrapped]
|upkeep
|turn|26
|inactive|QuincyPKM has 120 seconds left.
|c|☆ohqg|bro
|inactive|QuincyPKM has 90 seconds left.
|
|t:|1779855567
|move|p2a: 操坏星|Baneful Bunker|p2a: 操坏星
|-singleturn|p2a: 操坏星|move: Protect
|move|p1a: Scizor|U-turn|p2a: 操坏星
|-activate|p2a: 操坏星|move: Protect
|
|-heal|p1a: Scizor|60/100|[from] Grassy Terrain
|-heal|p2a: 操坏星|99/100|[from] Grassy Terrain
|-damage|p1a: Scizor|48/100|[from] move: Infestation|[partiallytrapped]
|-fieldend|move: Grassy Terrain
|upkeep
|turn|27
|
|t:|1779855577
|move|p1a: Scizor|U-turn|p2a: 操坏星
|-resisted|p2a: 操坏星
|-damage|p2a: 操坏星|77/100
|
|t:|1779855584
|switch|p1a: Raging Bolt|Raging Bolt|100/100|[from] U-turn
|-damage|p1a: Raging Bolt|88/100|[from] Stealth Rock
|move|p2a: 操坏星|Toxic Spikes|p1a: Raging Bolt
|-sidestart|p1: QuincyPKM|move: Toxic Spikes
|
|upkeep
|turn|28
|
|t:|1779855596
|move|p2a: 操坏星|Baneful Bunker|p2a: 操坏星
|-singleturn|p2a: 操坏星|move: Protect
|move|p1a: Raging Bolt|Draco Meteor|p2a: 操坏星
|-activate|p2a: 操坏星|move: Protect
|
|upkeep
|turn|29
|
|t:|1779855609
|move|p1a: Raging Bolt|Draco Meteor|p2a: 操坏星|[miss]
|-miss|p1a: Raging Bolt|p2a: 操坏星
|move|p2a: 操坏星|Toxic|p1a: Raging Bolt
|-status|p1a: Raging Bolt|tox
|
|-damage|p1a: Raging Bolt|82/100 tox|[from] psn
|upkeep
|turn|30
|
|t:|1779855613
|move|p2a: 操坏星|Baneful Bunker|p2a: 操坏星
|-singleturn|p2a: 操坏星|move: Protect
|move|p1a: Raging Bolt|Draco Meteor|p2a: 操坏星
|-activate|p2a: 操坏星|move: Protect
|
|-damage|p1a: Raging Bolt|70/100 tox|[from] psn
|upkeep
|turn|31
|
|t:|1779855621
|switch|p2a: 该鹿🦌管了|Ting-Lu|56/100
|-ability|p2a: 该鹿🦌管了|Vessel of Ruin
|move|p1a: Raging Bolt|Draco Meteor|p2a: 该鹿🦌管了
|-damage|p2a: 该鹿🦌管了|6/100
|-unboost|p1a: Raging Bolt|spa|2
|
|-heal|p2a: 该鹿🦌管了|12/100|[from] item: Leftovers
|-damage|p1a: Raging Bolt|51/100 tox|[from] psn
|upkeep
|turn|32
|
|t:|1779855629
|switch|p2a: 操坏星|Toxapex, F|100/100
|move|p1a: Raging Bolt|Draco Meteor|p2a: 操坏星
|-damage|p2a: 操坏星|58/100
|-unboost|p1a: Raging Bolt|spa|2
|
|-damage|p1a: Raging Bolt|26/100 tox|[from] psn
|upkeep
|turn|33
|
|t:|1779855639
|-end|p1a: Raging Bolt|Protosynthesis|[silent]
|switch|p1a: Rillaboom|Rillaboom, F|16/100 psn
|-damage|p1a: Rillaboom|3/100 psn|[from] Stealth Rock
|-fieldstart|move: Grassy Terrain|[from] ability: Grassy Surge|[of] p1a: Rillaboom
|move|p2a: 操坏星|Infestation|p1a: Rillaboom
|-supereffective|p1a: Rillaboom
|-damage|p1a: Rillaboom|0 fnt
|faint|p1a: Rillaboom
|
|-heal|p2a: 操坏星|64/100|[from] Grassy Terrain
|upkeep
|c| Kakimori|I respect the baneful bunker, not enough people use it
|
|t:|1779855650
|switch|p1a: Slowking|Slowking-Galar, F|38/100 par
|-damage|p1a: Slowking|26/100 par|[from] Stealth Rock
|-sideend|p1: QuincyPKM|move: Toxic Spikes|[of] p1a: Slowking
|turn|34
|
|t:|1779855660
|move|p2a: 操坏星|Toxic Spikes|p1a: Slowking
|-sidestart|p1: QuincyPKM|move: Toxic Spikes
|move|p1a: Slowking|Future Sight|p2a: 操坏星
|-start|p1a: Slowking|move: Future Sight
|
|-heal|p2a: 操坏星|70/100|[from] Grassy Terrain
|-heal|p1a: Slowking|32/100 par|[from] Grassy Terrain
|upkeep
|turn|35
|
|t:|1779855683
|switch|p1a: Scizor|Scizor, M|48/100
|-damage|p1a: Scizor|36/100|[from] Stealth Rock
|move|p2a: 操坏星|Infestation|p1a: Scizor
|-resisted|p1a: Scizor
|-damage|p1a: Scizor|34/100
|-activate|p1a: Scizor|move: Infestation|[of] p2a: 操坏星
|
|-heal|p1a: Scizor|40/100|[from] Grassy Terrain
|-heal|p2a: 操坏星|76/100|[from] Grassy Terrain
|-damage|p1a: Scizor|28/100|[from] move: Infestation|[partiallytrapped]
|upkeep
|turn|36
|
|t:|1779855698
|switch|p2a: 该鹿🦌管了|Ting-Lu|12/100
|-ability|p2a: 该鹿🦌管了|Vessel of Ruin
|move|p1a: Scizor|Trailblaze|p2a: 该鹿🦌管了
|-supereffective|p2a: 该鹿🦌管了
|-damage|p2a: 该鹿🦌管了|0 fnt
|-boost|p1a: Scizor|spe|1
|faint|p2a: 该鹿🦌管了
|
|-hint|Future Sight did not hit because the target is fainted.
|-heal|p1a: Scizor|34/100|[from] Grassy Terrain
|-end|p1a: Scizor|Infestation|[partiallytrapped]|[silent]
|upkeep
|
|t:|1779855706
|switch|p2a: 百遍干|Ditto|88/100
|-transform|p2a: 百遍干|p1a: Scizor|[from] ability: Imposter
|turn|37
|
|t:|1779855711
|move|p2a: 百遍干|Close Combat|p1a: Scizor
|-damage|p1a: Scizor|0 fnt
|-unboost|p2a: 百遍干|def|1
|-unboost|p2a: 百遍干|spd|1
|faint|p1a: Scizor
|
|-heal|p2a: 百遍干|94/100|[from] Grassy Terrain
|-fieldend|move: Grassy Terrain
|upkeep
|
|t:|1779855724
|switch|p1a: Slowking|Slowking-Galar, F|65/100 par
|-damage|p1a: Slowking|53/100 par|[from] Stealth Rock
|-sideend|p1: QuincyPKM|move: Toxic Spikes|[of] p1a: Slowking
|turn|38
|
|t:|1779855733
|switch|p2a: 双膏丸进化|Samurott-Hisui, M|100/100
|cant|p1a: Slowking|par
|
|upkeep
|turn|39
|
|t:|1779855741
|move|p2a: 双膏丸进化|Ceaseless Edge|p1a: Slowking
|-supereffective|p1a: Slowking
|-crit|p1a: Slowking
|-damage|p1a: Slowking|0 fnt
|-sidestart|p1: QuincyPKM|Spikes
|faint|p1a: Slowking
|
|upkeep
|
|t:|1779855743
|switch|p1a: Volcanion|Volcanion|100/100
|-damage|p1a: Volcanion|75/100|[from] Stealth Rock
|-damage|p1a: Volcanion|63/100|[from] Spikes
|turn|40
|
|t:|1779855758
|switch|p2a: 操坏星|Toxapex, F|100/100
|move|p1a: Volcanion|Earth Power|p2a: 操坏星
|-supereffective|p2a: 操坏星
|-damage|p2a: 操坏星|27/100
|
|upkeep
|turn|41
|
|t:|1779855765
|move|p2a: 操坏星|Baneful Bunker|p2a: 操坏星
|-singleturn|p2a: 操坏星|move: Protect
|move|p1a: Volcanion|Earth Power|p2a: 操坏星
|-activate|p2a: 操坏星|move: Protect
|
|upkeep
|turn|42
|
|t:|1779855771
|switch|p2a: 掏精潮|Gholdengo, shiny, tera:Flying|73/100
|move|p1a: Volcanion|Earth Power|p2a: 掏精潮
|-immune|p2a: 掏精潮
|
|upkeep
|turn|43
|
|t:|1779855777
|switch|p1a: Raging Bolt|Raging Bolt|26/100 tox
|-damage|p1a: Raging Bolt|14/100 tox|[from] Stealth Rock
|-damage|p1a: Raging Bolt|2/100 tox|[from] Spikes
|move|p2a: 掏精潮|Shadow Ball|p1a: Raging Bolt
|-damage|p1a: Raging Bolt|0 fnt
|faint|p1a: Raging Bolt
|-end|p1a: Raging Bolt|Protosynthesis|[silent]
|
|upkeep
|
|t:|1779855783
|switch|p1a: Volcanion|Volcanion|63/100
|-damage|p1a: Volcanion|38/100|[from] Stealth Rock
|-damage|p1a: Volcanion|25/100|[from] Spikes
|turn|44
|
|t:|1779855793
|-terastallize|p1a: Volcanion|Fire
|move|p2a: 掏精潮|Shadow Ball|p1a: Volcanion
|-damage|p1a: Volcanion|0 fnt
|faint|p1a: Volcanion
|
|win|ohqg
|raw|QuincyPKM's rating: 1310 &rarr; <strong>1291</strong><br />(-19 for losing)
|raw|ohqg's rating: 1327 &rarr; <strong>1346</strong><br />(+19 for winning)
|l|☆QuincyPKM
|player|p1|
|l|☆ohqg
|player|p2|
|l| Kakimori
