|j|☆Rafisse
|j|☆Chudass
|t:|1779966258
|gametype|singles
|player|p1|Rafisse|2|1060
|player|p2|Chudass|170|1000
|gen|9
|tier|[Gen 9] OU
|rated|
|rule|HP Percentage Mod: HP is shown in percentages
|rule|Endless Battle Clause: Forcing endless battles is banned
|rule|Species Clause: Limit one of each Pokémon
|rule|OHKO Clause: OHKO moves are banned
|rule|Evasion Items Clause: Evasion items are banned
|rule|Evasion Moves Clause: Evasion moves are banned
|rule|Evasion Abilities Clause: Evasion abilities are banned
|rule|Sleep Moves Clause: Sleep-inducing moves are banned
|clearpoke
|poke|p1|Great Tusk|
|poke|p1|Dragapult, F|
|poke|p1|Kingambit, M|
|poke|p1|Primarina, F|
|poke|p1|Rillaboom, M|
|poke|p1|Heatran, M|
|poke|p2|Hydrapple, M|
|poke|p2|Gliscor, M|
|poke|p2|Slowking-Galar, M|
|poke|p2|Cinderace, M|
|poke|p2|Kingambit, M|
|poke|p2|Iron Valiant|
|teampreview
|inactive|Battle timer is ON: inactive players will automatically lose when time's up. (requested by Rafisse)
|
|t:|1779966278
|teamsize|p1|6
|teamsize|p2|6
|start
|switch|p1a: Great Tusk|Great Tusk|100/100
|switch|p2a: Gliscor|Gliscor, M, shiny|100/100
|turn|1
|
|t:|1779966286
|move|p2a: Gliscor|Protect|p2a: Gliscor
|-singleturn|p2a: Gliscor|Protect
|move|p1a: Great Tusk|Knock Off|p2a: Gliscor
|-activate|p2a: Gliscor|move: Protect
|
|-status|p2a: Gliscor|tox|[from] item: Toxic Orb
|upkeep
|turn|2
|
|t:|1779966295
|move|p2a: Gliscor|Facade|p1a: Great Tusk
|-damage|p1a: Great Tusk|82/100
|move|p1a: Great Tusk|Stealth Rock|p2a: Gliscor
|-sidestart|p2: Chudass|move: Stealth Rock
|
|-heal|p1a: Great Tusk|88/100|[from] item: Leftovers
|upkeep
|turn|3
|
|t:|1779966306
|switch|p2a: Hydrapple|Hydrapple, M, shiny|100/100
|-damage|p2a: Hydrapple|88/100|[from] Stealth Rock
|move|p1a: Great Tusk|Rapid Spin|p2a: Hydrapple
|-damage|p2a: Hydrapple|78/100
|-boost|p1a: Great Tusk|spe|1
|
|-heal|p1a: Great Tusk|95/100|[from] item: Leftovers
|upkeep
|turn|4
|
|t:|1779966320
|move|p1a: Great Tusk|Knock Off|p2a: Hydrapple
|-damage|p2a: Hydrapple|56/100
|-enditem|p2a: Hydrapple|Life Orb|[from] move: Knock Off|[of] p1a: Great Tusk
|move|p2a: Hydrapple|Giga Drain|p1a: Great Tusk
|-supereffective|p1a: Great Tusk
|-damage|p1a: Great Tusk|0 fnt
|-heal|p2a: Hydrapple|100/100|[from] drain|[of] p1a: Great Tusk
|faint|p1a: Great Tusk
|-end|p1a: Great Tusk|Protosynthesis|[silent]
|
|upkeep
|
|t:|1779966332
|switch|p1a: Heatran|Heatran, M|100/100
|turn|5
|
|t:|1779966341
|switch|p2a: Slowking|Slowking-Galar, M, shiny|100/100
|-damage|p2a: Slowking|88/100|[from] Stealth Rock
|move|p1a: Heatran|Magma Storm|p2a: Slowking
|-damage|p2a: Slowking|63/100
|-activate|p2a: Slowking|move: Magma Storm|[of] p1a: Heatran
|
|-damage|p2a: Slowking|50/100|[from] move: Magma Storm|[partiallytrapped]
|upkeep
|turn|6
|
|t:|1779966362
|move|p1a: Heatran|Earth Power|p2a: Slowking
|-supereffective|p2a: Slowking
|-damage|p2a: Slowking|22/100
|move|p2a: Slowking|Whirlpool|p1a: Heatran
|-supereffective|p1a: Heatran
|-damage|p1a: Heatran|89/100
|-activate|p1a: Heatran|move: Whirlpool|[of] p2a: Slowking
|
|-heal|p1a: Heatran|95/100|[from] item: Leftovers
|-damage|p1a: Heatran|82/100|[from] move: Whirlpool|[partiallytrapped]
|-damage|p2a: Slowking|10/100|[from] move: Magma Storm|[partiallytrapped]
|upkeep
|turn|7
|
|t:|1779966378
|move|p1a: Heatran|Protect|p1a: Heatran
|-singleturn|p1a: Heatran|Protect
|move|p2a: Slowking|Psychic Noise|p1a: Heatran
|-activate|p1a: Heatran|move: Protect
|
|-heal|p1a: Heatran|89/100|[from] item: Leftovers
|-damage|p1a: Heatran|76/100|[from] move: Whirlpool|[partiallytrapped]
|-damage|p2a: Slowking|0 fnt|[from] move: Magma Storm|[partiallytrapped]
|faint|p2a: Slowking
|upkeep
|
|t:|1779966390
|switch|p2a: Hydrapple|Hydrapple, M, shiny|100/100
|-damage|p2a: Hydrapple|88/100|[from] Stealth Rock
|turn|8
|
|t:|1779966402
|switch|p1a: Dragapult|Dragapult, F|100/100
|move|p2a: Hydrapple|Earth Power|p1a: Dragapult
|-damage|p1a: Dragapult|55/100
|-unboost|p1a: Dragapult|spd|1
|
|upkeep
|turn|9
|
|t:|1779966413
|move|p1a: Dragapult|Draco Meteor|p2a: Hydrapple
|-supereffective|p2a: Hydrapple
|-damage|p2a: Hydrapple|0 fnt
|-unboost|p1a: Dragapult|spa|2
|faint|p2a: Hydrapple
|
|upkeep
|
|t:|1779966420
|switch|p2a: Kingambit|Kingambit, M, shiny|100/100
|-damage|p2a: Kingambit|94/100|[from] Stealth Rock
|-activate|p2a: Kingambit|ability: Supreme Overlord
|-start|p2a: Kingambit|fallen2|[silent]
|-item|p2a: Kingambit|Air Balloon
|turn|10
|
|t:|1779966433
|switch|p1a: Heatran|Heatran, M|76/100
|move|p2a: Kingambit|Swords Dance|p2a: Kingambit
|-boost|p2a: Kingambit|atk|2
|
|-heal|p1a: Heatran|82/100|[from] item: Leftovers
|upkeep
|turn|11
|
|t:|1779966443
|move|p2a: Kingambit|Low Kick|p1a: Heatran
|-supereffective|p1a: Heatran
|-damage|p1a: Heatran|0 fnt
|faint|p1a: Heatran
|
|upkeep
|
|t:|1779966456
|switch|p1a: Dragapult|Dragapult, F|55/100
|turn|12
|
|t:|1779966460
|move|p2a: Kingambit|Sucker Punch|p1a: Dragapult
|-supereffective|p1a: Dragapult
|-damage|p1a: Dragapult|0 fnt
|faint|p1a: Dragapult
|
|upkeep
|
|t:|1779966467
|switch|p1a: Rillaboom|Rillaboom, M|100/100
|-fieldstart|move: Grassy Terrain|[from] ability: Grassy Surge|[of] p1a: Rillaboom
|turn|13
|
|t:|1779966475
|move|p1a: Rillaboom|U-turn|p2a: Kingambit
|-damage|p2a: Kingambit|59/100
|-enditem|p2a: Kingambit|Air Balloon
|
|t:|1779966480
|switch|p1a: Primarina|Primarina, F|100/100|[from] U-turn
|move|p2a: Kingambit|Iron Head|p1a: Primarina
|-damage|p1a: Primarina|0 fnt
|faint|p1a: Primarina
|
|-heal|p2a: Kingambit|65/100|[from] Grassy Terrain
|upkeep
|
|t:|1779966493
|switch|p1a: Kingambit|Kingambit, M|100/100
|-activate|p1a: Kingambit|ability: Supreme Overlord
|-start|p1a: Kingambit|fallen4|[silent]
|turn|14
|
|t:|1779966497
|move|p1a: Kingambit|Sucker Punch|p2a: Kingambit
|-resisted|p2a: Kingambit
|-damage|p2a: Kingambit|37/100
|move|p2a: Kingambit|Low Kick|p1a: Kingambit
|-supereffective|p1a: Kingambit
|-damage|p1a: Kingambit|0 fnt
|faint|p1a: Kingambit
|-end|p1a: Kingambit|fallen4|[silent]
|
|-heal|p2a: Kingambit|43/100|[from] Grassy Terrain
|upkeep
|-message|Rafisse forfeited.
|
|win|Chudass
|raw|Rafisse's rating: 1060 &rarr; <strong>1038</strong><br />(-22 for losing)
|raw|Chudass's rating: 1000 &rarr; <strong>1047</strong><br />(+47 for winning)
|l|☆Rafisse
|player|p1|
