|j|☆prepare 4 die
|j|☆Jet Pilot Skyla
|t:|1779866565
|gametype|singles
|player|p1|prepare 4 die|wallace|1444
|player|p2|Jet Pilot Skyla|skyla|1495
|gen|9
|tier|[Gen 9] OU
|rated|
|rule|HP Percentage Mod: HP is shown in percentages
|rule|Endless Battle Clause: Forcing endless battles is banned
|rule|Species Clause: Limit one of each Pokémon
|rule|OHKO Clause: OHKO moves are banned
|rule|Evasion Items Clause: Evasion items are banned
|rule|Evasion Moves Clause: Evasion moves are banned
|rule|Evasion Abilities Clause: Evasion abilities are banned
|rule|Sleep Moves Clause: Sleep-inducing moves are banned
|clearpoke
|poke|p1|Barraskewda, F|
|poke|p1|Kyurem|
|poke|p1|Pecharunt|
|poke|p1|Great Tusk|
|poke|p1|Moltres|
|poke|p1|Kingambit, M|
|poke|p2|Porygon-Z|
|poke|p2|Lokix, M|
|poke|p2|Cinderace, M|
|poke|p2|Great Tusk|
|poke|p2|Slowking-Galar, M|
|poke|p2|Alomomola, M|
|teampreview
|inactive|Battle timer is ON: inactive players will automatically lose when time's up. (requested by Jet Pilot Skyla)
|
|t:|1779866592
|teamsize|p1|6
|teamsize|p2|6
|start
|switch|p1a: Pecharunt|Pecharunt|100/100
|switch|p2a: Shoop da Woop|Porygon-Z|100/100
|-ability|p2a: Shoop da Woop|Download|boost
|-boost|p2a: Shoop da Woop|spa|1
|turn|1
|
|t:|1779866598
|move|p2a: Shoop da Woop|Shadow Ball|p1a: Pecharunt
|-supereffective|p1a: Pecharunt
|-damage|p1a: Pecharunt|0 fnt
|faint|p1a: Pecharunt
|
|upkeep
|
|t:|1779866607
|switch|p1a: Kyurem|Kyurem|100/100
|-ability|p1a: Kyurem|Pressure
|turn|2
|
|t:|1779866612
|move|p1a: Kyurem|Dragon Dance|p1a: Kyurem
|-boost|p1a: Kyurem|atk|1
|-boost|p1a: Kyurem|spe|1
|move|p2a: Shoop da Woop|Shadow Ball|p1a: Kyurem
|-damage|p1a: Kyurem|42/100
|
|upkeep
|turn|3
|
|t:|1779866616
|switch|p2a: da Fish|Alomomola, M|100/100
|move|p1a: Kyurem|Icicle Spear|p2a: da Fish
|-resisted|p2a: da Fish
|-damage|p2a: da Fish|94/100
|-resisted|p2a: da Fish
|-damage|p2a: da Fish|87/100
|-hitcount|p2a: da Fish|2
|-enditem|p2a: da Fish|Eject Button
|
|t:|1779866620
|switch|p2a: Blep|Lokix, M|100/100
|
|upkeep
|turn|4
|
|t:|1779866627
|switch|p1a: Moltres|Moltres|100/100
|move|p2a: Blep|First Impression|p1a: Moltres
|-resisted|p1a: Moltres
|-damage|p1a: Moltres|77/100
|-status|p2a: Blep|brn|[from] ability: Flame Body|[of] p1a: Moltres
|
|-damage|p2a: Blep|94/100 brn|[from] brn
|upkeep
|turn|5
|
|t:|1779866631
|switch|p2a: da Fish|Alomomola, M|100/100
|move|p1a: Moltres|U-turn|p2a: da Fish
|-damage|p2a: da Fish|92/100
|
|t:|1779866639
|switch|p1a: Kyurem|Kyurem|42/100|[from] U-turn
|-ability|p1a: Kyurem|Pressure
|
|upkeep
|turn|6
|
|t:|1779866642
|move|p1a: Kyurem|Freeze-Dry|p2a: da Fish
|-supereffective|p2a: da Fish
|-damage|p2a: da Fish|18/100
|move|p2a: da Fish|Flip Turn|p1a: Kyurem
|-resisted|p1a: Kyurem
|-damage|p1a: Kyurem|34/100
|
|t:|1779866647
|switch|p2a: Red Card Apologist|Cinderace, M|100/100|[from] Flip Turn
|
|upkeep
|turn|7
|
|t:|1779866657
|switch|p1a: Moltres|Moltres|77/100
|move|p2a: Red Card Apologist|Pyro Ball|p1a: Moltres
|-resisted|p1a: Moltres
|-damage|p1a: Moltres|57/100
|
|upkeep
|turn|8
|
|t:|1779866668
|switch|p2a: Brain Damage|Slowking-Galar, M|100/100
|move|p1a: Moltres|U-turn|p2a: Brain Damage
|-damage|p2a: Brain Damage|89/100
|
|t:|1779866682
|switch|p1a: Kyurem|Kyurem|34/100|[from] U-turn
|-ability|p1a: Kyurem|Pressure
|
|upkeep
|turn|9
|
|t:|1779866687
|move|p1a: Kyurem|Icicle Spear|p2a: Brain Damage
|-damage|p2a: Brain Damage|78/100
|-damage|p2a: Brain Damage|66/100
|-damage|p2a: Brain Damage|56/100
|-damage|p2a: Brain Damage|46/100
|-damage|p2a: Brain Damage|36/100
|-hitcount|p2a: Brain Damage|5
|move|p2a: Brain Damage|Sludge Bomb|p1a: Kyurem
|-damage|p1a: Kyurem|3/100
|
|upkeep
|turn|10
|
|t:|1779866701
|switch|p2a: Red Card Apologist|Cinderace, M|100/100
|move|p1a: Kyurem|Dragon Dance|p1a: Kyurem
|-boost|p1a: Kyurem|atk|1
|-boost|p1a: Kyurem|spe|1
|
|upkeep
|turn|11
|
|t:|1779866706
|move|p2a: Red Card Apologist|Sucker Punch|p1a: Kyurem
|-start|p2a: Red Card Apologist|typechange|Dark|[from] ability: Libero
|-damage|p1a: Kyurem|0 fnt
|faint|p1a: Kyurem
|
|upkeep
|
|t:|1779866717
|switch|p1a: Great Tusk|Great Tusk|100/100
|turn|12
|
|t:|1779866720
|-end|p1a: Great Tusk|Protosynthesis|[silent]
|switch|p1a: Moltres|Moltres|57/100
|move|p2a: Red Card Apologist|U-turn|p1a: Moltres
|-resisted|p1a: Moltres
|-damage|p1a: Moltres|53/100
|
|t:|1779866725
|switch|p2a: da Fish|Alomomola, M|51/100|[from] U-turn
|
|upkeep
|turn|13
|
|t:|1779866730
|move|p1a: Moltres|U-turn|p2a: da Fish
|-damage|p2a: da Fish|42/100
|
|t:|1779866732
|switch|p1a: Great Tusk|Great Tusk|100/100|[from] U-turn
|move|p2a: da Fish|Flip Turn|p1a: Great Tusk
|-supereffective|p1a: Great Tusk
|-damage|p1a: Great Tusk|78/100
|
|t:|1779866736
|switch|p2a: Shoop da Woop|Porygon-Z|100/100|[from] Flip Turn
|-ability|p2a: Shoop da Woop|Download|boost
|-boost|p2a: Shoop da Woop|spa|1
|
|upkeep
|turn|14
|
|t:|1779866743
|move|p2a: Shoop da Woop|Tri Attack|p1a: Great Tusk
|-damage|p1a: Great Tusk|0 fnt
|faint|p1a: Great Tusk
|-end|p1a: Great Tusk|Protosynthesis|[silent]
|
|upkeep
|
|t:|1779866751
|switch|p1a: Kingambit|Kingambit, M|100/100
|-activate|p1a: Kingambit|ability: Supreme Overlord
|-start|p1a: Kingambit|fallen3|[silent]
|turn|15
|
|t:|1779866756
|-end|p1a: Kingambit|fallen3|[silent]
|switch|p1a: Barraskewda|Barraskewda, F|100/100
|move|p2a: Shoop da Woop|Tri Attack|p1a: Barraskewda
|-damage|p1a: Barraskewda|0 fnt
|faint|p1a: Barraskewda
|
|upkeep
|-message|prepare 4 die forfeited.
|
|win|Jet Pilot Skyla
|raw|prepare 4 die's rating: 1444 &rarr; <strong>1427</strong><br />(-17 for losing)
|raw|Jet Pilot Skyla's rating: 1495 &rarr; <strong>1512</strong><br />(+17 for winning)
|l|☆prepare 4 die
|player|p1|
|l|☆Jet Pilot Skyla
|player|p2|
