|j|☆npctypebeat
|j|☆RinRinOwO
|t:|1779937843
|gametype|singles
|player|p1|npctypebeat|102|1086
|player|p2|RinRinOwO|iris|1101
|gen|9
|tier|[Gen 9] OU
|rated|
|rule|HP Percentage Mod: HP is shown in percentages
|rule|Endless Battle Clause: Forcing endless battles is banned
|rule|Species Clause: Limit one of each Pokémon
|rule|OHKO Clause: OHKO moves are banned
|rule|Evasion Items Clause: Evasion items are banned
|rule|Evasion Moves Clause: Evasion moves are banned
|rule|Evasion Abilities Clause: Evasion abilities are banned
|rule|Sleep Moves Clause: Sleep-inducing moves are banned
|clearpoke
|poke|p1|Corviknight, F|
|poke|p1|Ting-Lu|
|poke|p1|Kyurem|
|poke|p1|Dondozo, F|
|poke|p1|Slowking-Galar, F|
|poke|p1|Cinderace, M|
|poke|p2|Gholdengo|
|poke|p2|Iron Treads|
|poke|p2|Moltres|
|poke|p2|Zamazenta-*|
|poke|p2|Samurott-Hisui, M|
|poke|p2|Garganacl, M|
|teampreview
|c|☆npctypebeat|hf
|
|t:|1779937849
|teamsize|p1|6
|teamsize|p2|6
|start
|switch|p1a: Cinderace|Cinderace, M|100/100
|switch|p2a: Pidgie|Garganacl, M|100/100
|turn|1
|inactive|Battle timer is ON: inactive players will automatically lose when time's up. (requested by npctypebeat)
|
|t:|1779937855
|move|p1a: Cinderace|Pyro Ball|p2a: Pidgie
|-resisted|p2a: Pidgie
|-damage|p2a: Pidgie|83/100
|move|p2a: Pidgie|Salt Cure|p1a: Cinderace
|-supereffective|p1a: Cinderace
|-damage|p1a: Cinderace|67/100
|-start|p1a: Cinderace|Salt Cure
|
|-heal|p2a: Pidgie|90/100|[from] item: Leftovers
|-damage|p1a: Cinderace|55/100|[from] Salt Cure
|upkeep
|turn|2
|
|t:|1779937863
|move|p1a: Cinderace|U-turn|p2a: Pidgie
|-damage|p2a: Pidgie|77/100
|
|t:|1779937871
|switch|p1a: Slowking|Slowking-Galar, F|100/100|[from] U-turn
|move|p2a: Pidgie|Salt Cure|p1a: Slowking
|-damage|p1a: Slowking|91/100
|-start|p1a: Slowking|Salt Cure
|
|-heal|p2a: Pidgie|83/100|[from] item: Leftovers
|-damage|p1a: Slowking|79/100|[from] Salt Cure
|upkeep
|turn|3
|
|t:|1779937882
|switch|p2a: Oshawot|Iron Treads|100/100
|-prepare|p1a: Slowking|Chilly Reception|[premajor]
|move|p1a: Slowking|Chilly Reception|p1a: Slowking
|-weather|Snowscape
|
|t:|1779937883
|switch|p1a: Ting-Lu|Ting-Lu|100/100|[from] Chilly Reception
|-ability|p1a: Ting-Lu|Vessel of Ruin
|
|-weather|Snowscape|[upkeep]
|upkeep
|turn|4
|
|t:|1779937893
|-end|p2a: Oshawot|Quark Drive|[silent]
|switch|p2a: Trampa|Samurott-Hisui, M, shiny|100/100
|move|p1a: Ting-Lu|Earthquake|p2a: Trampa
|-crit|p2a: Trampa
|-damage|p2a: Trampa|30/100
|
|-weather|Snowscape|[upkeep]
|upkeep
|turn|5
|
|t:|1779937900
|move|p2a: Trampa|Razor Shell|p1a: Ting-Lu
|-supereffective|p1a: Ting-Lu
|-damage|p1a: Ting-Lu|46/100
|-unboost|p1a: Ting-Lu|def|1
|move|p1a: Ting-Lu|Earthquake|p2a: Trampa
|-damage|p2a: Trampa|0 fnt
|faint|p2a: Trampa
|
|-weather|Snowscape|[upkeep]
|-heal|p1a: Ting-Lu|52/100|[from] item: Leftovers
|upkeep
|
|t:|1779937909
|switch|p2a: Pidgie|Garganacl, M|83/100
|turn|6
|
|t:|1779937920
|-terastallize|p2a: Pidgie|Water
|move|p1a: Ting-Lu|Earthquake|p2a: Pidgie
|-damage|p2a: Pidgie|58/100
|move|p2a: Pidgie|Ice Punch|p1a: Ting-Lu
|-supereffective|p1a: Ting-Lu
|-damage|p1a: Ting-Lu|23/100
|
|-weather|Snowscape|[upkeep]
|-heal|p1a: Ting-Lu|30/100|[from] item: Leftovers
|-heal|p2a: Pidgie|64/100|[from] item: Leftovers
|upkeep
|turn|7
|
|t:|1779937928
|move|p1a: Ting-Lu|Rest|p1a: Ting-Lu
|-status|p1a: Ting-Lu|slp|[from] move: Rest
|-heal|p1a: Ting-Lu|100/100 slp|[silent]
|move|p2a: Pidgie|Ice Punch|p1a: Ting-Lu
|-supereffective|p1a: Ting-Lu
|-damage|p1a: Ting-Lu|73/100 slp
|
|-weather|none
|-heal|p1a: Ting-Lu|79/100 slp|[from] item: Leftovers
|-heal|p2a: Pidgie|70/100|[from] item: Leftovers
|upkeep
|turn|8
|
|t:|1779937937
|switch|p1a: Slowking|Slowking-Galar, F|100/100
|move|p2a: Pidgie|Recover|p2a: Pidgie
|-heal|p2a: Pidgie|100/100
|
|upkeep
|turn|9
|
|t:|1779937946
|move|p2a: Pidgie|Curse|p2a: Pidgie
|-unboost|p2a: Pidgie|spe|1
|-boost|p2a: Pidgie|atk|1
|-boost|p2a: Pidgie|def|1
|move|p1a: Slowking|Future Sight|p2a: Pidgie
|-start|p1a: Slowking|move: Future Sight
|
|upkeep
|turn|10
|
|t:|1779937955
|switch|p1a: Ting-Lu|Ting-Lu|79/100 slp
|-ability|p1a: Ting-Lu|Vessel of Ruin
|move|p2a: Pidgie|Ice Punch|p1a: Ting-Lu
|-supereffective|p1a: Ting-Lu
|-damage|p1a: Ting-Lu|49/100 slp
|
|-heal|p1a: Ting-Lu|55/100 slp|[from] item: Leftovers
|upkeep
|turn|11
|
|t:|1779937961
|cant|p1a: Ting-Lu|slp
|move|p2a: Pidgie|Ice Punch|p1a: Ting-Lu
|-supereffective|p1a: Ting-Lu
|-damage|p1a: Ting-Lu|27/100 slp
|
|-end|p2a: Pidgie|move: Future Sight
|-damage|p2a: Pidgie|76/100
|-heal|p1a: Ting-Lu|34/100 slp|[from] item: Leftovers
|-heal|p2a: Pidgie|83/100|[from] item: Leftovers
|upkeep
|turn|12
|
|t:|1779937975
|cant|p1a: Ting-Lu|slp
|move|p2a: Pidgie|Ice Punch|p1a: Ting-Lu
|-supereffective|p1a: Ting-Lu
|-damage|p1a: Ting-Lu|3/100 slp
|
|-heal|p1a: Ting-Lu|9/100 slp|[from] item: Leftovers
|-heal|p2a: Pidgie|89/100|[from] item: Leftovers
|upkeep
|turn|13
|
|t:|1779937989
|switch|p1a: Dondozo|Dondozo, F|100/100
|move|p2a: Pidgie|Ice Punch|p1a: Dondozo
|-resisted|p1a: Dondozo
|-damage|p1a: Dondozo|96/100
|
|-heal|p1a: Dondozo|100/100|[from] item: Leftovers
|-heal|p2a: Pidgie|95/100|[from] item: Leftovers
|upkeep
|turn|14
|
|t:|1779938008
|switch|p2a: Pickachu|Gholdengo|100/100
|-item|p2a: Pickachu|Air Balloon
|move|p1a: Dondozo|Waterfall|p2a: Pickachu
|-damage|p2a: Pickachu|70/100
|-enditem|p2a: Pickachu|Air Balloon
|
|upkeep
|turn|15
|
|t:|1779938015
|move|p2a: Pickachu|Thunderbolt|p1a: Dondozo
|-supereffective|p1a: Dondozo
|-damage|p1a: Dondozo|56/100
|move|p1a: Dondozo|Waterfall|p2a: Pickachu
|-damage|p2a: Pickachu|42/100
|
|-heal|p1a: Dondozo|63/100|[from] item: Leftovers
|upkeep
|turn|16
|
|t:|1779938023
|move|p2a: Pickachu|Recover|p2a: Pickachu
|-heal|p2a: Pickachu|92/100
|move|p1a: Dondozo|Waterfall|p2a: Pickachu
|-damage|p2a: Pickachu|62/100
|
|-heal|p1a: Dondozo|69/100|[from] item: Leftovers
|upkeep
|turn|17
|
|t:|1779938031
|switch|p1a: Cinderace|Cinderace, M|55/100
|move|p2a: Pickachu|Thunderbolt|p1a: Cinderace
|-damage|p1a: Cinderace|15/100
|-status|p1a: Cinderace|par
|
|upkeep
|turn|18
|
|t:|1779938039
|switch|p2a: Pidgie|Garganacl, M, tera:Water|95/100
|move|p1a: Cinderace|Pyro Ball|p2a: Pidgie
|-resisted|p2a: Pidgie
|-damage|p2a: Pidgie|71/100
|
|-heal|p2a: Pidgie|77/100|[from] item: Leftovers
|upkeep
|turn|19
|
|t:|1779938049
|move|p1a: Cinderace|U-turn|p2a: Pidgie
|-damage|p2a: Pidgie|65/100
|
|t:|1779938058
|switch|p1a: Slowking|Slowking-Galar, F|100/100|[from] U-turn
|move|p2a: Pidgie|Salt Cure|p1a: Slowking
|-damage|p1a: Slowking|90/100
|-start|p1a: Slowking|Salt Cure
|
|-heal|p2a: Pidgie|71/100|[from] item: Leftovers
|-damage|p1a: Slowking|78/100|[from] Salt Cure
|upkeep
|turn|20
|
|t:|1779938068
|move|p2a: Pidgie|Recover|p2a: Pidgie
|-heal|p2a: Pidgie|100/100
|move|p1a: Slowking|Future Sight|p2a: Pidgie
|-start|p1a: Slowking|move: Future Sight
|
|-damage|p1a: Slowking|65/100|[from] Salt Cure
|upkeep
|turn|21
|
|t:|1779938076
|switch|p1a: Kyurem|Kyurem|100/100
|-ability|p1a: Kyurem|Pressure
|move|p2a: Pidgie|Curse|p2a: Pidgie
|-unboost|p2a: Pidgie|spe|1
|-boost|p2a: Pidgie|atk|1
|-boost|p2a: Pidgie|def|1
|
|upkeep
|turn|22
|
|t:|1779938080
|move|p1a: Kyurem|Earth Power|p2a: Pidgie
|-damage|p2a: Pidgie|80/100
|move|p2a: Pidgie|Salt Cure|p1a: Kyurem
|-supereffective|p1a: Kyurem
|-damage|p1a: Kyurem|60/100
|-start|p1a: Kyurem|Salt Cure
|
|-end|p2a: Pidgie|move: Future Sight
|-crit|p2a: Pidgie
|-damage|p2a: Pidgie|34/100
|-heal|p1a: Kyurem|66/100|[from] item: Leftovers
|-heal|p2a: Pidgie|41/100|[from] item: Leftovers
|-damage|p1a: Kyurem|54/100|[from] Salt Cure
|upkeep
|turn|23
|
|t:|1779938090
|move|p1a: Kyurem|Earth Power|p2a: Pidgie
|-damage|p2a: Pidgie|21/100
|move|p2a: Pidgie|Recover|p2a: Pidgie
|-heal|p2a: Pidgie|71/100
|
|-heal|p1a: Kyurem|60/100|[from] item: Leftovers
|-heal|p2a: Pidgie|77/100|[from] item: Leftovers
|-damage|p1a: Kyurem|48/100|[from] Salt Cure
|upkeep
|turn|24
|
|t:|1779938097
|move|p1a: Kyurem|Earth Power|p2a: Pidgie
|-damage|p2a: Pidgie|56/100
|move|p2a: Pidgie|Recover|p2a: Pidgie
|-heal|p2a: Pidgie|100/100
|
|-heal|p1a: Kyurem|54/100|[from] item: Leftovers
|-damage|p1a: Kyurem|41/100|[from] Salt Cure
|upkeep
|turn|25
|
|t:|1779938107
|move|p1a: Kyurem|Earth Power|p2a: Pidgie
|-damage|p2a: Pidgie|81/100
|move|p2a: Pidgie|Salt Cure|p1a: Kyurem
|-supereffective|p1a: Kyurem
|-damage|p1a: Kyurem|4/100
|
|-heal|p1a: Kyurem|10/100|[from] item: Leftovers
|-heal|p2a: Pidgie|87/100|[from] item: Leftovers
|-damage|p1a: Kyurem|0 fnt|[from] Salt Cure
|faint|p1a: Kyurem
|upkeep
|
|t:|1779938118
|switch|p1a: Ting-Lu|Ting-Lu|9/100 slp
|-ability|p1a: Ting-Lu|Vessel of Ruin
|turn|26
|
|t:|1779938127
|switch|p1a: Dondozo|Dondozo, F|69/100
|move|p2a: Pidgie|Ice Punch|p1a: Dondozo
|-resisted|p1a: Dondozo
|-damage|p1a: Dondozo|64/100
|
|-heal|p1a: Dondozo|70/100|[from] item: Leftovers
|-heal|p2a: Pidgie|93/100|[from] item: Leftovers
|upkeep
|turn|27
|
|t:|1779938136
|switch|p2a: Pickachu|Gholdengo|62/100
|move|p1a: Dondozo|Waterfall|p2a: Pickachu
|-damage|p2a: Pickachu|33/100
|
|-heal|p1a: Dondozo|76/100|[from] item: Leftovers
|upkeep
|turn|28
|
|t:|1779938142
|move|p2a: Pickachu|Recover|p2a: Pickachu
|-heal|p2a: Pickachu|83/100
|move|p1a: Dondozo|Waterfall|p2a: Pickachu
|-damage|p2a: Pickachu|55/100
|
|-heal|p1a: Dondozo|82/100|[from] item: Leftovers
|upkeep
|turn|29
|
|t:|1779938150
|move|p2a: Pickachu|Thunderbolt|p1a: Dondozo
|-supereffective|p1a: Dondozo
|-damage|p1a: Dondozo|36/100
|move|p1a: Dondozo|Waterfall|p2a: Pickachu
|-damage|p2a: Pickachu|25/100
|
|-heal|p1a: Dondozo|42/100|[from] item: Leftovers
|upkeep
|turn|30
|
|t:|1779938162
|move|p2a: Pickachu|Thunderbolt|p1a: Dondozo
|-supereffective|p1a: Dondozo
|-damage|p1a: Dondozo|0 fnt
|faint|p1a: Dondozo
|
|upkeep
|
|t:|1779938174
|switch|p1a: Corviknight|Corviknight, F|100/100
|-ability|p1a: Corviknight|Pressure
|turn|31
|
|t:|1779938184
|move|p2a: Pickachu|Thunderbolt|p1a: Corviknight
|-supereffective|p1a: Corviknight
|-damage|p1a: Corviknight|38/100
|move|p1a: Corviknight|U-turn|p2a: Pickachu
|-resisted|p2a: Pickachu
|-damage|p2a: Pickachu|21/100
|
|t:|1779938197
|switch|p1a: Slowking|Slowking-Galar, F|99/100|[from] U-turn
|
|upkeep
|turn|32
|
|t:|1779938205
|switch|p2a: Oshawot|Iron Treads|100/100
|move|p1a: Slowking|Ice Beam|p2a: Oshawot
|-damage|p2a: Oshawot|76/100
|
|upkeep
|turn|33
|
|t:|1779938213
|move|p2a: Oshawot|Earthquake|p1a: Slowking
|-supereffective|p1a: Slowking
|-enditem|p1a: Slowking|Shuca Berry|[eat]
|-enditem|p1a: Slowking|Shuca Berry|[weaken]
|-damage|p1a: Slowking|68/100
|move|p1a: Slowking|Ice Beam|p2a: Oshawot
|-damage|p2a: Oshawot|48/100
|
|upkeep
|turn|34
|
|t:|1779938224
|switch|p1a: Corviknight|Corviknight, F|38/100
|-ability|p1a: Corviknight|Pressure
|move|p2a: Oshawot|Earthquake|p1a: Corviknight
|-immune|p1a: Corviknight
|
|upkeep
|turn|35
|
|t:|1779938233
|move|p2a: Oshawot|Stealth Rock|p1a: Corviknight
|-sidestart|p1: npctypebeat|move: Stealth Rock
|move|p1a: Corviknight|Brave Bird|p2a: Oshawot
|-resisted|p2a: Oshawot
|-damage|p2a: Oshawot|32/100
|-damage|p1a: Corviknight|34/100|[from] Recoil
|
|upkeep
|turn|36
|
|t:|1779938243
|move|p2a: Oshawot|Knock Off|p1a: Corviknight
|-damage|p1a: Corviknight|17/100
|-damage|p2a: Oshawot|16/100|[from] item: Rocky Helmet|[of] p1a: Corviknight
|-enditem|p1a: Corviknight|Rocky Helmet|[from] move: Knock Off|[of] p2a: Oshawot
|move|p1a: Corviknight|Roost|p1a: Corviknight
|-heal|p1a: Corviknight|67/100
|-singleturn|p1a: Corviknight|move: Roost
|
|upkeep
|turn|37
|
|t:|1779938254
|-end|p2a: Oshawot|Quark Drive|[silent]
|switch|p2a: Pidgie|Garganacl, M, tera:Water|93/100
|move|p1a: Corviknight|Brave Bird|p2a: Pidgie
|-crit|p2a: Pidgie
|-damage|p2a: Pidgie|55/100
|-damage|p1a: Corviknight|54/100|[from] Recoil
|
|-heal|p2a: Pidgie|61/100|[from] item: Leftovers
|upkeep
|turn|38
|
|t:|1779938266
|move|p1a: Corviknight|Roost|p1a: Corviknight
|-heal|p1a: Corviknight|100/100
|-singleturn|p1a: Corviknight|move: Roost
|move|p2a: Pidgie|Recover|p2a: Pidgie
|-heal|p2a: Pidgie|100/100
|
|upkeep
|turn|39
|
|t:|1779938280
|move|p1a: Corviknight|U-turn|p2a: Pidgie
|-damage|p2a: Pidgie|91/100
|
|t:|1779938294
|switch|p1a: Cinderace|Cinderace, M|15/100 par|[from] U-turn
|move|p2a: Pidgie|Salt Cure|p1a: Cinderace
|-supereffective|p1a: Cinderace
|-damage|p1a: Cinderace|0 fnt
|faint|p1a: Cinderace
|
|-heal|p2a: Pidgie|97/100|[from] item: Leftovers
|upkeep
|
|t:|1779938307
|switch|p1a: Ting-Lu|Ting-Lu|9/100 slp
|-damage|p1a: Ting-Lu|3/100 slp|[from] Stealth Rock
|-ability|p1a: Ting-Lu|Vessel of Ruin
|turn|40
|
|t:|1779938321
|-curestatus|p1a: Ting-Lu|slp|[msg]
|move|p1a: Ting-Lu|Rest|p1a: Ting-Lu
|-status|p1a: Ting-Lu|slp|[from] move: Rest
|-heal|p1a: Ting-Lu|100/100 slp|[silent]
|move|p2a: Pidgie|Ice Punch|p1a: Ting-Lu
|-supereffective|p1a: Ting-Lu
|-damage|p1a: Ting-Lu|82/100 slp
|
|-heal|p1a: Ting-Lu|88/100 slp|[from] item: Leftovers
|-heal|p2a: Pidgie|100/100|[from] item: Leftovers
|upkeep
|turn|41
|
|t:|1779938337
|switch|p1a: Slowking|Slowking-Galar, F|100/100
|-damage|p1a: Slowking|88/100|[from] Stealth Rock
|move|p2a: Pidgie|Salt Cure|p1a: Slowking
|-damage|p1a: Slowking|77/100
|-start|p1a: Slowking|Salt Cure
|
|-damage|p1a: Slowking|65/100|[from] Salt Cure
|upkeep
|turn|42
|inactive|npctypebeat has 120 seconds left.
|
|t:|1779938355
|move|p2a: Pidgie|Salt Cure|p1a: Slowking
|-damage|p1a: Slowking|55/100
|-prepare|p1a: Slowking|Chilly Reception|[premajor]
|move|p1a: Slowking|Chilly Reception|p1a: Slowking
|-weather|Snowscape
|inactive|npctypebeat has 120 seconds left.
|
|t:|1779938373
|switch|p1a: Ting-Lu|Ting-Lu|88/100 slp|[from] Chilly Reception
|-damage|p1a: Ting-Lu|82/100 slp|[from] Stealth Rock
|-ability|p1a: Ting-Lu|Vessel of Ruin
|
|-weather|Snowscape|[upkeep]
|-heal|p1a: Ting-Lu|88/100 slp|[from] item: Leftovers
|upkeep
|turn|43
|
|t:|1779938391
|cant|p1a: Ting-Lu|slp
|move|p2a: Pidgie|Ice Punch|p1a: Ting-Lu
|-supereffective|p1a: Ting-Lu
|-damage|p1a: Ting-Lu|70/100 slp
|
|-weather|Snowscape|[upkeep]
|-heal|p1a: Ting-Lu|76/100 slp|[from] item: Leftovers
|upkeep
|turn|44
|
|t:|1779938412
|switch|p2a: Celebie|Zamazenta, shiny|100/100
|-ability|p2a: Celebie|Dauntless Shield|boost
|-boost|p2a: Celebie|def|1
|cant|p1a: Ting-Lu|slp
|
|-weather|Snowscape|[upkeep]
|-heal|p1a: Ting-Lu|82/100 slp|[from] item: Leftovers
|upkeep
|turn|45
|inactive|npctypebeat has 90 seconds left.
|
|t:|1779938432
|move|p2a: Celebie|Close Combat|p1a: Ting-Lu
|-supereffective|p1a: Ting-Lu
|-damage|p1a: Ting-Lu|9/100 slp
|-unboost|p2a: Celebie|def|1
|-unboost|p2a: Celebie|spd|1
|-curestatus|p1a: Ting-Lu|slp|[msg]
|move|p1a: Ting-Lu|Payback|p2a: Celebie
|-resisted|p2a: Celebie
|-damage|p2a: Celebie|82/100
|
|-weather|Snowscape|[upkeep]
|-heal|p1a: Ting-Lu|16/100|[from] item: Leftovers
|upkeep
|turn|46
|inactive|npctypebeat has 90 seconds left.
|
|t:|1779938453
|switch|p1a: Corviknight|Corviknight, F|100/100
|-damage|p1a: Corviknight|88/100|[from] Stealth Rock
|-ability|p1a: Corviknight|Pressure
|move|p2a: Celebie|Crunch|p1a: Corviknight
|-damage|p1a: Corviknight|71/100
|-unboost|p1a: Corviknight|def|1
|
|-weather|none
|upkeep
|turn|47
|
|t:|1779938474
|switch|p2a: Iron Bondle|Moltres, shiny|100/100
|move|p1a: Corviknight|Brave Bird|p2a: Iron Bondle
|-damage|p2a: Iron Bondle|75/100
|-status|p1a: Corviknight|brn|[from] ability: Flame Body|[of] p2a: Iron Bondle
|-damage|p1a: Corviknight|63/100 brn|[from] Recoil
|
|-damage|p1a: Corviknight|57/100 brn|[from] brn
|upkeep
|turn|48
|
|t:|1779938493
|move|p2a: Iron Bondle|Flamethrower|p1a: Corviknight
|-supereffective|p1a: Corviknight
|-damage|p1a: Corviknight|0 fnt
|faint|p1a: Corviknight
|
|upkeep
|inactive|npctypebeat has 60 seconds left.
|
|t:|1779938509
|switch|p1a: Slowking|Slowking-Galar, F|88/100
|-damage|p1a: Slowking|76/100|[from] Stealth Rock
|turn|49
|inactive|npctypebeat has 60 seconds left.
|
|t:|1779938522
|switch|p2a: Pidgie|Garganacl, M, tera:Water|100/100
|-prepare|p1a: Slowking|Chilly Reception|[premajor]
|move|p1a: Slowking|Chilly Reception|p1a: Slowking
|-weather|Snowscape
|
|t:|1779938535
|switch|p1a: Ting-Lu|Ting-Lu|16/100|[from] Chilly Reception
|-damage|p1a: Ting-Lu|9/100|[from] Stealth Rock
|-ability|p1a: Ting-Lu|Vessel of Ruin
|
|-weather|Snowscape|[upkeep]
|-heal|p1a: Ting-Lu|16/100|[from] item: Leftovers
|upkeep
|turn|50
|
|t:|1779938540
|move|p1a: Ting-Lu|Rest|p1a: Ting-Lu
|-status|p1a: Ting-Lu|slp|[from] move: Rest
|-heal|p1a: Ting-Lu|100/100 slp|[silent]
|move|p2a: Pidgie|Ice Punch|p1a: Ting-Lu
|-supereffective|p1a: Ting-Lu
|-damage|p1a: Ting-Lu|83/100 slp
|
|-weather|Snowscape|[upkeep]
|-heal|p1a: Ting-Lu|89/100 slp|[from] item: Leftovers
|upkeep
|turn|51
|inactive|npctypebeat has 60 seconds left.
|
|t:|1779938546
|cant|p1a: Ting-Lu|slp
|move|p2a: Pidgie|Salt Cure|p1a: Ting-Lu
|-resisted|p1a: Ting-Lu
|-crit|p1a: Ting-Lu
|-damage|p1a: Ting-Lu|84/100 slp
|-start|p1a: Ting-Lu|Salt Cure
|
|-weather|Snowscape|[upkeep]
|-heal|p1a: Ting-Lu|90/100 slp|[from] item: Leftovers
|-damage|p1a: Ting-Lu|77/100 slp|[from] Salt Cure
|upkeep
|turn|52
|inactive|npctypebeat has 60 seconds left.
|
|t:|1779938562
|cant|p1a: Ting-Lu|slp
|move|p2a: Pidgie|Salt Cure|p1a: Ting-Lu
|-resisted|p1a: Ting-Lu
|-damage|p1a: Ting-Lu|73/100 slp
|
|-weather|Snowscape|[upkeep]
|-heal|p1a: Ting-Lu|80/100 slp|[from] item: Leftovers
|-damage|p1a: Ting-Lu|67/100 slp|[from] Salt Cure
|upkeep
|turn|53
|inactive|npctypebeat has 60 seconds left.
|
|t:|1779938578
|switch|p2a: Celebie|Zamazenta, shiny|82/100
|-curestatus|p1a: Ting-Lu|slp|[msg]
|move|p1a: Ting-Lu|Earthquake|p2a: Celebie
|-damage|p2a: Celebie|44/100
|
|-weather|none
|-heal|p1a: Ting-Lu|73/100|[from] item: Leftovers
|-damage|p1a: Ting-Lu|61/100|[from] Salt Cure
|upkeep
|turn|54
|
|t:|1779938592
|switch|p1a: Slowking|Slowking-Galar, F|100/100
|-damage|p1a: Slowking|88/100|[from] Stealth Rock
|move|p2a: Celebie|Close Combat|p1a: Slowking
|-resisted|p1a: Slowking
|-damage|p1a: Slowking|77/100
|-unboost|p2a: Celebie|def|1
|-unboost|p2a: Celebie|spd|1
|
|upkeep
|turn|55
|
|t:|1779938599
|switch|p2a: Pidgie|Garganacl, M, tera:Water|100/100
|move|p1a: Slowking|Sludge Bomb|p2a: Pidgie
|-crit|p2a: Pidgie
|-damage|p2a: Pidgie|65/100
|
|-heal|p2a: Pidgie|71/100|[from] item: Leftovers
|upkeep
|turn|56
|
|t:|1779938605
|switch|p2a: Oshawot|Iron Treads|16/100
|-prepare|p1a: Slowking|Chilly Reception|[premajor]
|move|p1a: Slowking|Chilly Reception|p1a: Slowking
|-weather|Snowscape
|inactive|npctypebeat has 60 seconds left.
|
|t:|1779938619
|switch|p1a: Ting-Lu|Ting-Lu|61/100|[from] Chilly Reception
|-damage|p1a: Ting-Lu|55/100|[from] Stealth Rock
|-ability|p1a: Ting-Lu|Vessel of Ruin
|
|-weather|Snowscape|[upkeep]
|-heal|p1a: Ting-Lu|61/100|[from] item: Leftovers
|upkeep
|turn|57
|inactive|npctypebeat has 60 seconds left.
|
|t:|1779938632
|-end|p2a: Oshawot|Quark Drive|[silent]
|switch|p2a: Pidgie|Garganacl, M, tera:Water|71/100
|move|p1a: Ting-Lu|Earthquake|p2a: Pidgie
|-damage|p2a: Pidgie|47/100
|
|-weather|Snowscape|[upkeep]
|-heal|p1a: Ting-Lu|67/100|[from] item: Leftovers
|-heal|p2a: Pidgie|53/100|[from] item: Leftovers
|upkeep
|turn|58
|c|☆RinRinOwO|istg
|inactive|npctypebeat has 60 seconds left.
|
|t:|1779938648
|move|p1a: Ting-Lu|Earthquake|p2a: Pidgie
|-damage|p2a: Pidgie|26/100
|move|p2a: Pidgie|Recover|p2a: Pidgie
|-heal|p2a: Pidgie|76/100
|
|-weather|Snowscape|[upkeep]
|-heal|p1a: Ting-Lu|73/100|[from] item: Leftovers
|-heal|p2a: Pidgie|82/100|[from] item: Leftovers
|upkeep
|turn|59
|inactive|npctypebeat has 60 seconds left.
|
|t:|1779938663
|move|p1a: Ting-Lu|Earthquake|p2a: Pidgie
|-damage|p2a: Pidgie|58/100
|move|p2a: Pidgie|Ice Punch|p1a: Ting-Lu
|-supereffective|p1a: Ting-Lu
|-damage|p1a: Ting-Lu|54/100
|
|-weather|Snowscape|[upkeep]
|-heal|p1a: Ting-Lu|60/100|[from] item: Leftovers
|-heal|p2a: Pidgie|64/100|[from] item: Leftovers
|upkeep
|turn|60
|
|t:|1779938679
|move|p1a: Ting-Lu|Earthquake|p2a: Pidgie
|-damage|p2a: Pidgie|40/100
|move|p2a: Pidgie|Recover|p2a: Pidgie
|-heal|p2a: Pidgie|90/100
|
|-weather|none
|-heal|p1a: Ting-Lu|66/100|[from] item: Leftovers
|-heal|p2a: Pidgie|97/100|[from] item: Leftovers
|upkeep
|turn|61
|
|t:|1779938686
|move|p1a: Ting-Lu|Rest|p1a: Ting-Lu
|-status|p1a: Ting-Lu|slp|[from] move: Rest
|-heal|p1a: Ting-Lu|100/100 slp|[silent]
|move|p2a: Pidgie|Salt Cure|p1a: Ting-Lu
|-resisted|p1a: Ting-Lu
|-crit|p1a: Ting-Lu
|-damage|p1a: Ting-Lu|95/100 slp
|-start|p1a: Ting-Lu|Salt Cure
|
|-heal|p1a: Ting-Lu|100/100 slp|[from] item: Leftovers
|-heal|p2a: Pidgie|100/100|[from] item: Leftovers
|-damage|p1a: Ting-Lu|88/100 slp|[from] Salt Cure
|upkeep
|turn|62
|
|t:|1779938692
|switch|p1a: Slowking|Slowking-Galar, F|100/100
|-damage|p1a: Slowking|88/100|[from] Stealth Rock
|move|p2a: Pidgie|Salt Cure|p1a: Slowking
|-damage|p1a: Slowking|77/100
|-start|p1a: Slowking|Salt Cure
|
|-damage|p1a: Slowking|65/100|[from] Salt Cure
|upkeep
|turn|63
|inactive|npctypebeat has 60 seconds left.
|
|t:|1779938698
|move|p2a: Pidgie|Salt Cure|p1a: Slowking
|-damage|p1a: Slowking|55/100
|move|p1a: Slowking|Future Sight|p2a: Pidgie
|-start|p1a: Slowking|move: Future Sight
|
|-damage|p1a: Slowking|42/100|[from] Salt Cure
|upkeep
|turn|64
|inactive|npctypebeat has 60 seconds left.
|
|t:|1779938711
|switch|p1a: Ting-Lu|Ting-Lu|88/100 slp
|-damage|p1a: Ting-Lu|82/100 slp|[from] Stealth Rock
|-ability|p1a: Ting-Lu|Vessel of Ruin
|move|p2a: Pidgie|Salt Cure|p1a: Ting-Lu
|-resisted|p1a: Ting-Lu
|-damage|p1a: Ting-Lu|78/100 slp
|-start|p1a: Ting-Lu|Salt Cure
|
|-heal|p1a: Ting-Lu|84/100 slp|[from] item: Leftovers
|-damage|p1a: Ting-Lu|72/100 slp|[from] Salt Cure
|upkeep
|turn|65
|inactive|npctypebeat has 60 seconds left.
|
|t:|1779938726
|switch|p2a: Oshawot|Iron Treads|16/100
|cant|p1a: Ting-Lu|slp
|
|-end|p2a: Oshawot|move: Future Sight
|-resisted|p2a: Oshawot
|-damage|p2a: Oshawot|0 fnt
|faint|p2a: Oshawot
|-end|p2a: Oshawot|Quark Drive|[silent]
|-heal|p1a: Ting-Lu|78/100 slp|[from] item: Leftovers
|-damage|p1a: Ting-Lu|66/100 slp|[from] Salt Cure
|upkeep
|
|t:|1779938733
|switch|p2a: Celebie|Zamazenta, shiny|44/100
|turn|66
|
|t:|1779938746
|move|p2a: Celebie|Ice Fang|p1a: Ting-Lu
|-supereffective|p1a: Ting-Lu
|-damage|p1a: Ting-Lu|38/100 slp
|cant|p1a: Ting-Lu|slp
|move|p1a: Ting-Lu|Sleep Talk|p1a: Ting-Lu
|move|p1a: Ting-Lu|Rest||[from] move: Sleep Talk|[still]
|-fail|p1a: Ting-Lu
|
|-heal|p1a: Ting-Lu|44/100 slp|[from] item: Leftovers
|-damage|p1a: Ting-Lu|31/100 slp|[from] Salt Cure
|upkeep
|turn|67
|inactive|npctypebeat has 60 seconds left.
|
|t:|1779938762
|switch|p1a: Slowking|Slowking-Galar, F|76/100
|-damage|p1a: Slowking|63/100|[from] Stealth Rock
|move|p2a: Celebie|Ice Fang|p1a: Slowking
|-damage|p1a: Slowking|48/100
|
|upkeep
|turn|68
|inactive|npctypebeat has 60 seconds left.
|
|t:|1779938776
|switch|p1a: Ting-Lu|Ting-Lu|31/100 slp
|-damage|p1a: Ting-Lu|25/100 slp|[from] Stealth Rock
|-ability|p1a: Ting-Lu|Vessel of Ruin
|move|p2a: Celebie|Crunch|p1a: Ting-Lu
|-resisted|p1a: Ting-Lu
|-damage|p1a: Ting-Lu|19/100 slp
|
|-heal|p1a: Ting-Lu|25/100 slp|[from] item: Leftovers
|upkeep
|turn|69
|inactive|npctypebeat has 60 seconds left.
|
|t:|1779938789
|switch|p1a: Slowking|Slowking-Galar, F|82/100
|-damage|p1a: Slowking|69/100|[from] Stealth Rock
|move|p2a: Celebie|Close Combat|p1a: Slowking
|-resisted|p1a: Slowking
|-damage|p1a: Slowking|58/100
|-unboost|p2a: Celebie|def|1
|-unboost|p2a: Celebie|spd|1
|
|upkeep
|turn|70
|inactive|npctypebeat has 60 seconds left.
|
|t:|1779938805
|move|p2a: Celebie|Crunch|p1a: Slowking
|-supereffective|p1a: Slowking
|-damage|p1a: Slowking|15/100
|move|p1a: Slowking|Ice Beam|p2a: Celebie
|-damage|p2a: Celebie|13/100
|
|upkeep
|turn|71
|inactive|npctypebeat has 60 seconds left.
|
|t:|1779938818
|move|p2a: Celebie|Crunch|p1a: Slowking
|-supereffective|p1a: Slowking
|-damage|p1a: Slowking|0 fnt
|faint|p1a: Slowking
|
|upkeep
|inactive|npctypebeat has 60 seconds left.
|
|t:|1779938825
|switch|p1a: Ting-Lu|Ting-Lu|25/100 slp
|-damage|p1a: Ting-Lu|19/100 slp|[from] Stealth Rock
|-ability|p1a: Ting-Lu|Vessel of Ruin
|turn|72
|
|t:|1779938832
|move|p2a: Celebie|Close Combat|p1a: Ting-Lu
|-supereffective|p1a: Ting-Lu
|-damage|p1a: Ting-Lu|0 fnt
|-unboost|p2a: Celebie|def|1
|-unboost|p2a: Celebie|spd|1
|faint|p1a: Ting-Lu
|
|win|RinRinOwO
|raw|npctypebeat's rating: 1087 &rarr; <strong>1065</strong><br />(-22 for losing)
|raw|RinRinOwO's rating: 1101 &rarr; <strong>1125</strong><br />(+24 for winning)
|c|☆npctypebeat|gg
|c|☆RinRinOwO|ggs
|c|☆RinRinOwO|holy stall bro
|l|☆npctypebeat
|player|p1|
