|j|☆switchblade0719
|j|☆Roliix
|t:|1779847421
|gametype|singles
|player|p1|switchblade0719|265|1077
|player|p2|Roliix|170|1100
|gen|9
|tier|[Gen 9] OU
|rated|
|rule|HP Percentage Mod: HP is shown in percentages
|rule|Endless Battle Clause: Forcing endless battles is banned
|rule|Species Clause: Limit one of each Pokémon
|rule|OHKO Clause: OHKO moves are banned
|rule|Evasion Items Clause: Evasion items are banned
|rule|Evasion Moves Clause: Evasion moves are banned
|rule|Evasion Abilities Clause: Evasion abilities are banned
|rule|Sleep Moves Clause: Sleep-inducing moves are banned
|clearpoke
|poke|p1|Iron Moth|
|poke|p1|Dragonite, M|
|poke|p1|Dragapult, F|
|poke|p1|Iron Treads|
|poke|p1|Primarina, F|
|poke|p1|Zamazenta-*|
|poke|p2|Sandaconda, F|
|poke|p2|Morpeko, F|
|poke|p2|Empoleon, F|
|poke|p2|Jolteon, M|
|poke|p2|Noivern, F|
|poke|p2|Munkidori, M|
|teampreview
|inactive|Battle timer is ON: inactive players will automatically lose when time's up. (requested by Roliix)
|inactive|switchblade0719 also wants the timer to be on.
|
|t:|1779847431
|teamsize|p1|6
|teamsize|p2|6
|start
|switch|p1a: Iron Treads|Iron Treads|100/100
|switch|p2a: Sandaconda|Sandaconda, F|100/100
|-enditem|p1a: Iron Treads|Booster Energy
|-activate|p1a: Iron Treads|ability: Quark Drive|[fromitem]
|-start|p1a: Iron Treads|quarkdriveatk
|turn|1
|
|t:|1779847439
|move|p1a: Iron Treads|Knock Off|p2a: Sandaconda
|-damage|p2a: Sandaconda|68/100
|-enditem|p2a: Sandaconda|Leftovers|[from] move: Knock Off|[of] p1a: Iron Treads
|move|p2a: Sandaconda|Glare|p1a: Iron Treads
|-status|p1a: Iron Treads|par
|
|upkeep
|turn|2
|
|t:|1779847449
|move|p2a: Sandaconda|Earthquake|p1a: Iron Treads
|-supereffective|p1a: Iron Treads
|-damage|p1a: Iron Treads|5/100 par
|cant|p1a: Iron Treads|par
|
|upkeep
|turn|3
|
|t:|1779847455
|move|p2a: Sandaconda|Earthquake|p1a: Iron Treads
|-supereffective|p1a: Iron Treads
|-damage|p1a: Iron Treads|0 fnt
|faint|p1a: Iron Treads
|-end|p1a: Iron Treads|Quark Drive|[silent]
|
|upkeep
|
|t:|1779847460
|switch|p1a: Primarina|Primarina, F|100/100
|turn|4
|
|t:|1779847471
|switch|p2a: Empoleon|Empoleon, F|100/100
|move|p1a: Primarina|Calm Mind|p1a: Primarina
|-boost|p1a: Primarina|spa|1
|-boost|p1a: Primarina|spd|1
|
|upkeep
|turn|5
|
|t:|1779847477
|move|p2a: Empoleon|Stealth Rock|p1a: Primarina
|-sidestart|p1: switchblade0719|move: Stealth Rock
|move|p1a: Primarina|Calm Mind|p1a: Primarina
|-boost|p1a: Primarina|spa|1
|-boost|p1a: Primarina|spd|1
|
|upkeep
|turn|6
|
|t:|1779847487
|move|p1a: Primarina|Moonblast|p2a: Empoleon
|-resisted|p2a: Empoleon
|-damage|p2a: Empoleon|64/100
|-unboost|p2a: Empoleon|spa|1
|-ability|p2a: Empoleon|Competitive|boost
|-boost|p2a: Empoleon|spa|2
|move|p2a: Empoleon|Flash Cannon|p1a: Primarina
|-damage|p1a: Primarina|83/100
|
|upkeep
|turn|7
|
|t:|1779847495
|move|p1a: Primarina|Moonblast|p2a: Empoleon
|-resisted|p2a: Empoleon
|-crit|p2a: Empoleon
|-damage|p2a: Empoleon|7/100
|move|p2a: Empoleon|Flash Cannon|p1a: Primarina
|-damage|p1a: Primarina|65/100
|
|upkeep
|turn|8
|
|t:|1779847504
|move|p2a: Empoleon|Roost|p2a: Empoleon
|-heal|p2a: Empoleon|57/100
|-singleturn|p2a: Empoleon|move: Roost
|move|p1a: Primarina|Moonblast|p2a: Empoleon
|-resisted|p2a: Empoleon
|-damage|p2a: Empoleon|22/100
|
|upkeep
|turn|9
|
|t:|1779847511
|move|p1a: Primarina|Moonblast|p2a: Empoleon
|-resisted|p2a: Empoleon
|-damage|p2a: Empoleon|0 fnt
|faint|p2a: Empoleon
|
|upkeep
|
|t:|1779847529
|switch|p2a: Munkidori|Munkidori, M|100/100
|turn|10
|
|t:|1779847539
|move|p2a: Munkidori|Sludge Wave|p1a: Primarina
|-supereffective|p1a: Primarina
|-damage|p1a: Primarina|5/100
|move|p1a: Primarina|Surf|p2a: Munkidori
|-damage|p2a: Munkidori|0 fnt
|faint|p2a: Munkidori
|
|upkeep
|
|t:|1779847548
|switch|p2a: Morpeko|Morpeko, F|100/100
|turn|11
|
|t:|1779847564
|move|p2a: Morpeko|Aura Wheel|p1a: Primarina
|-supereffective|p1a: Primarina
|-damage|p1a: Primarina|0 fnt
|-boost|p2a: Morpeko|spe|1
|faint|p1a: Primarina
|-damage|p2a: Morpeko|91/100|[from] item: Life Orb
|
|-formechange|p2a: Morpeko|Morpeko-Hangry||[from] ability: Hunger Switch
|upkeep
|
|t:|1779847574
|switch|p1a: Iron Moth|Iron Moth|100/100
|-damage|p1a: Iron Moth|76/100|[from] Stealth Rock
|-enditem|p1a: Iron Moth|Booster Energy
|-activate|p1a: Iron Moth|ability: Quark Drive|[fromitem]
|-start|p1a: Iron Moth|quarkdrivespa
|turn|12
|
|t:|1779847593
|move|p2a: Morpeko|Dark Pulse|p1a: Iron Moth
|-damage|p1a: Iron Moth|48/100
|-damage|p2a: Morpeko|81/100|[from] item: Life Orb
|move|p1a: Iron Moth|Sludge Wave|p2a: Morpeko
|-damage|p2a: Morpeko|0 fnt
|faint|p2a: Morpeko
|
|upkeep
|
|t:|1779847600
|switch|p2a: Sandaconda|Sandaconda, F|68/100
|turn|13
|
|t:|1779847610
|move|p1a: Iron Moth|Toxic Spikes|p2a: Sandaconda
|-sidestart|p2: Roliix|move: Toxic Spikes
|move|p2a: Sandaconda|Glare|p1a: Iron Moth
|-status|p1a: Iron Moth|par
|
|upkeep
|turn|14
|
|t:|1779847616
|move|p2a: Sandaconda|Earthquake|p1a: Iron Moth
|-supereffective|p1a: Iron Moth
|-damage|p1a: Iron Moth|0 fnt
|faint|p1a: Iron Moth
|-end|p1a: Iron Moth|Quark Drive|[silent]
|
|upkeep
|
|t:|1779847622
|switch|p1a: Zamazenta|Zamazenta|100/100
|-damage|p1a: Zamazenta|94/100|[from] Stealth Rock
|-ability|p1a: Zamazenta|Dauntless Shield|boost
|-boost|p1a: Zamazenta|def|1
|turn|15
|
|t:|1779847630
|move|p1a: Zamazenta|Close Combat|p2a: Sandaconda
|-damage|p2a: Sandaconda|11/100
|-unboost|p1a: Zamazenta|def|1
|-unboost|p1a: Zamazenta|spd|1
|move|p2a: Sandaconda|Glare|p1a: Zamazenta
|-status|p1a: Zamazenta|par
|
|upkeep
|turn|16
|
|t:|1779847639
|move|p2a: Sandaconda|Rest|p2a: Sandaconda
|-status|p2a: Sandaconda|slp|[from] move: Rest
|-heal|p2a: Sandaconda|100/100 slp|[silent]
|move|p1a: Zamazenta|Brick Break|p2a: Sandaconda
|-damage|p2a: Sandaconda|68/100 slp
|
|upkeep
|turn|17
|
|t:|1779847647
|switch|p1a: Dragapult|Dragapult, F|100/100
|-damage|p1a: Dragapult|88/100|[from] Stealth Rock
|cant|p2a: Sandaconda|slp
|
|-activate|p2a: Sandaconda|ability: Shed Skin
|-curestatus|p2a: Sandaconda|slp|[msg]
|upkeep
|turn|18
|
|t:|1779847658
|move|p1a: Dragapult|Draco Meteor|p2a: Sandaconda
|-damage|p2a: Sandaconda|0 fnt
|-unboost|p1a: Dragapult|spa|2
|faint|p2a: Sandaconda
|
|upkeep
|
|t:|1779847665
|switch|p2a: Noivern|Noivern, F|100/100
|turn|19
|
|t:|1779847676
|switch|p1a: Zamazenta|Zamazenta|94/100 par
|-damage|p1a: Zamazenta|88/100 par|[from] Stealth Rock
|move|p2a: Noivern|Flamethrower|p1a: Zamazenta
|-damage|p1a: Zamazenta|75/100 par
|
|upkeep
|turn|20
|
|t:|1779847688
|move|p2a: Noivern|Hurricane|p1a: Zamazenta
|-supereffective|p1a: Zamazenta
|-damage|p1a: Zamazenta|16/100 par
|-start|p1a: Zamazenta|confusion
|-activate|p1a: Zamazenta|confusion
|-damage|p1a: Zamazenta|5/100 par|[from] confusion
|
|upkeep
|turn|21
|
|t:|1779847697
|move|p2a: Noivern|Flamethrower|p1a: Zamazenta
|-damage|p1a: Zamazenta|0 fnt
|faint|p1a: Zamazenta
|
|upkeep
|
|t:|1779847702
|switch|p1a: Dragapult|Dragapult, F|88/100
|-damage|p1a: Dragapult|76/100|[from] Stealth Rock
|turn|22
|
|t:|1779847710
|-terastallize|p2a: Noivern|Flying
|move|p1a: Dragapult|Draco Meteor|p2a: Noivern
|-damage|p2a: Noivern|10/100
|-unboost|p1a: Dragapult|spa|2
|move|p2a: Noivern|Draco Meteor|p1a: Dragapult
|-supereffective|p1a: Dragapult
|-damage|p1a: Dragapult|0 fnt
|-unboost|p2a: Noivern|spa|2
|faint|p1a: Dragapult
|
|upkeep
|
|t:|1779847720
|switch|p1a: Dragonite|Dragonite, M|100/100
|-damage|p1a: Dragonite|76/100|[from] Stealth Rock
|turn|23
|
|t:|1779847727
|-terastallize|p1a: Dragonite|Normal
|move|p2a: Noivern|Draco Meteor|p1a: Dragonite
|-damage|p1a: Dragonite|44/100
|-unboost|p2a: Noivern|spa|2
|move|p1a: Dragonite|Dragon Dance|p1a: Dragonite
|-boost|p1a: Dragonite|atk|1
|-boost|p1a: Dragonite|spe|1
|
|-heal|p1a: Dragonite|50/100|[from] item: Leftovers
|upkeep
|turn|24
|
|t:|1779847740
|move|p1a: Dragonite|Dragon Dance|p1a: Dragonite
|-boost|p1a: Dragonite|atk|1
|-boost|p1a: Dragonite|spe|1
|move|p2a: Noivern|Flamethrower|p1a: Dragonite
|-damage|p1a: Dragonite|40/100
|
|-heal|p1a: Dragonite|46/100|[from] item: Leftovers
|upkeep
|turn|25
|
|t:|1779847748
|move|p1a: Dragonite|Extreme Speed|p2a: Noivern
|-damage|p2a: Noivern|0 fnt
|faint|p2a: Noivern
|
|-heal|p1a: Dragonite|52/100|[from] item: Leftovers
|upkeep
|
|t:|1779847750
|switch|p2a: Jolteon|Jolteon, M|100/100
|-status|p2a: Jolteon|psn
|turn|26
|
|t:|1779847757
|move|p1a: Dragonite|Earthquake|p2a: Jolteon
|-supereffective|p2a: Jolteon
|-damage|p2a: Jolteon|0 fnt
|faint|p2a: Jolteon
|
|win|switchblade0719
|raw|switchblade0719's rating: 1077 &rarr; <strong>1107</strong><br />(+30 for winning)
|raw|Roliix's rating: 1100 &rarr; <strong>1073</strong><br />(-27 for losing)
|l|☆Roliix
|player|p2|
|l|☆switchblade0719
|player|p1|
