|j|☆pokecutieismyname
|j|☆hat_fm
|t:|1779932113
|gametype|singles
|player|p1|pokecutieismyname|scientistf|1367
|player|p2|hat_fm|pilot|1437
|gen|9
|tier|[Gen 9] OU
|rated|
|rule|HP Percentage Mod: HP is shown in percentages
|rule|Endless Battle Clause: Forcing endless battles is banned
|rule|Species Clause: Limit one of each Pokémon
|rule|OHKO Clause: OHKO moves are banned
|rule|Evasion Items Clause: Evasion items are banned
|rule|Evasion Moves Clause: Evasion moves are banned
|rule|Evasion Abilities Clause: Evasion abilities are banned
|rule|Sleep Moves Clause: Sleep-inducing moves are banned
|clearpoke
|poke|p1|Houndoom, M|
|poke|p1|Samurott-Hisui, F|
|poke|p1|Ceruledge, M|
|poke|p1|Tornadus-Therian, M|
|poke|p1|Darkrai|
|poke|p1|Glimmora, F|
|poke|p2|Zamazenta-*|
|poke|p2|Ceruledge, F|
|poke|p2|Scizor, M|
|poke|p2|Donphan, M|
|poke|p2|Lycanroc-Dusk, F|
|poke|p2|Florges, F|
|teampreview
|j| mechepon
|
|t:|1779932120
|teamsize|p1|6
|teamsize|p2|6
|start
|switch|p1a: Scooby Doom|Houndoom, M|100/100
|switch|p2a: Donphan|Donphan, M|100/100
|turn|1
|l| mechepon
|
|t:|1779932128
|move|p1a: Scooby Doom|Taunt|p2a: Donphan
|-start|p2a: Donphan|move: Taunt
|cant|p2a: Donphan|move: Taunt|Stealth Rock
|
|upkeep
|turn|2
|
|t:|1779932136
|move|p2a: Donphan|Earthquake|p1a: Scooby Doom
|-supereffective|p1a: Scooby Doom
|-enditem|p1a: Scooby Doom|Focus Sash
|-damage|p1a: Scooby Doom|1/100
|move|p1a: Scooby Doom|Counter|p2a: Donphan
|-ability|p2a: Donphan|Sturdy
|-damage|p2a: Donphan|1/100
|-damage|p1a: Scooby Doom|0 fnt|[from] item: Rocky Helmet|[of] p2a: Donphan
|faint|p1a: Scooby Doom
|
|upkeep
|
|t:|1779932154
|switch|p1a: Willawaw|Tornadus-Therian, M|100/100
|turn|3
|
|t:|1779932159
|move|p1a: Willawaw|U-turn|p2a: Donphan
|-damage|p2a: Donphan|0 fnt
|-damage|p1a: Willawaw|84/100|[from] item: Rocky Helmet|[of] p2a: Donphan
|faint|p2a: Donphan
|
|t:|1779932166
|switch|p1a: Dick Van Spyke|Samurott-Hisui, F|100/100|[from] U-turn
|
|upkeep
|
|t:|1779932170
|switch|p2a: Zamazenta|Zamazenta|100/100
|-ability|p2a: Zamazenta|Dauntless Shield|boost
|-boost|p2a: Zamazenta|def|1
|turn|4
|
|t:|1779932178
|move|p1a: Dick Van Spyke|Flip Turn|p2a: Zamazenta
|-damage|p2a: Zamazenta|87/100
|
|t:|1779932181
|switch|p1a: Willawaw|Tornadus-Therian, M|100/100|[from] Flip Turn
|move|p2a: Zamazenta|Crunch|p1a: Willawaw
|-damage|p1a: Willawaw|71/100
|
|-heal|p2a: Zamazenta|93/100|[from] item: Leftovers
|upkeep
|turn|5
|
|t:|1779932195
|switch|p2a: Lycanroc|Lycanroc-Dusk, F|100/100
|move|p1a: Willawaw|Bleakwind Storm|p2a: Lycanroc
|-resisted|p2a: Lycanroc
|-damage|p2a: Lycanroc|61/100
|
|upkeep
|turn|6
|
|t:|1779932210
|switch|p1a: Glim Flam|Glimmora, F|100/100
|move|p2a: Lycanroc|Stone Edge|p1a: Glim Flam|[miss]
|-miss|p2a: Lycanroc|p1a: Glim Flam
|
|upkeep
|turn|7
|
|t:|1779932221
|move|p2a: Lycanroc|Zen Headbutt|p1a: Glim Flam
|-supereffective|p1a: Glim Flam
|-damage|p1a: Glim Flam|0 fnt
|-activate|p1a: Glim Flam|ability: Toxic Debris
|-sidestart|p2: hat_fm|move: Toxic Spikes
|faint|p1a: Glim Flam
|-damage|p2a: Lycanroc|51/100|[from] item: Life Orb
|
|upkeep
|
|t:|1779932230
|switch|p1a: Dick Van Spyke|Samurott-Hisui, F|100/100
|turn|8
|
|t:|1779932236
|move|p2a: Lycanroc|Accelerock|p1a: Dick Van Spyke
|-damage|p1a: Dick Van Spyke|52/100
|-damage|p2a: Lycanroc|41/100|[from] item: Life Orb
|move|p1a: Dick Van Spyke|Flip Turn|p2a: Lycanroc
|-supereffective|p2a: Lycanroc
|-damage|p2a: Lycanroc|0 fnt
|faint|p2a: Lycanroc
|
|t:|1779932246
|switch|p1a: Ghost Clown|Darkrai|100/100|[from] Flip Turn
|
|upkeep
|
|t:|1779932255
|switch|p2a: Scizor|Scizor, M|100/100
|turn|9
|
|t:|1779932260
|switch|p1a: Space Kook|Ceruledge, M|100/100
|move|p2a: Scizor|U-turn|p1a: Space Kook
|-resisted|p1a: Space Kook
|-damage|p1a: Space Kook|84/100
|-ability|p1a: Space Kook|Weak Armor|boost
|-unboost|p1a: Space Kook|def|1
|-boost|p1a: Space Kook|spe|2
|-damage|p2a: Scizor|91/100|[from] item: Life Orb
|
|t:|1779932264
|switch|p2a: Zamazenta|Zamazenta|93/100|[from] U-turn
|-status|p2a: Zamazenta|psn
|
|-heal|p2a: Zamazenta|99/100 psn|[from] item: Leftovers
|-damage|p2a: Zamazenta|87/100 psn|[from] psn
|upkeep
|turn|10
|
|t:|1779932280
|switch|p1a: Willawaw|Tornadus-Therian, M|100/100
|move|p2a: Zamazenta|Iron Defense|p2a: Zamazenta
|-boost|p2a: Zamazenta|def|2
|
|-heal|p2a: Zamazenta|93/100 psn|[from] item: Leftovers
|-damage|p2a: Zamazenta|81/100 psn|[from] psn
|upkeep
|turn|11
|
|t:|1779932297
|move|p2a: Zamazenta|Body Press|p1a: Willawaw
|-resisted|p1a: Willawaw
|-damage|p1a: Willawaw|55/100
|move|p1a: Willawaw|Nasty Plot|p1a: Willawaw
|-boost|p1a: Willawaw|spa|2
|
|-heal|p2a: Zamazenta|87/100 psn|[from] item: Leftovers
|-damage|p2a: Zamazenta|75/100 psn|[from] psn
|upkeep
|turn|12
|
|t:|1779932310
|move|p2a: Zamazenta|Body Press|p1a: Willawaw
|-resisted|p1a: Willawaw
|-damage|p1a: Willawaw|10/100
|move|p1a: Willawaw|Heat Wave|p2a: Zamazenta
|-damage|p2a: Zamazenta|25/100 psn
|
|-heal|p2a: Zamazenta|31/100 psn|[from] item: Leftovers
|-damage|p2a: Zamazenta|18/100 psn|[from] psn
|upkeep
|turn|13
|
|t:|1779932322
|switch|p1a: Space Kook|Ceruledge, M|84/100
|move|p2a: Zamazenta|Body Press|p1a: Space Kook
|-immune|p1a: Space Kook
|
|-heal|p2a: Zamazenta|25/100 psn|[from] item: Leftovers
|-damage|p2a: Zamazenta|12/100 psn|[from] psn
|upkeep
|turn|14
|
|t:|1779932332
|move|p1a: Space Kook|Shadow Sneak|p2a: Zamazenta
|-damage|p2a: Zamazenta|1/100 psn
|-damage|p1a: Space Kook|74/100|[from] item: Life Orb
|move|p2a: Zamazenta|Crunch|p1a: Space Kook
|-supereffective|p1a: Space Kook
|-damage|p1a: Space Kook|24/100
|-ability|p1a: Space Kook|Weak Armor|boost
|-unboost|p1a: Space Kook|def|1
|-boost|p1a: Space Kook|spe|2
|
|-heal|p2a: Zamazenta|8/100 psn|[from] item: Leftovers
|-damage|p2a: Zamazenta|0 fnt|[from] psn
|faint|p2a: Zamazenta
|upkeep
|
|t:|1779932347
|switch|p2a: Scizor|Scizor, M|91/100
|turn|15
|
|t:|1779932353
|move|p2a: Scizor|Bullet Punch|p1a: Space Kook
|-resisted|p1a: Space Kook
|-damage|p1a: Space Kook|0 fnt
|faint|p1a: Space Kook
|-damage|p2a: Scizor|81/100|[from] item: Life Orb
|
|upkeep
|
|t:|1779932360
|switch|p1a: Ghost Clown|Darkrai|100/100
|turn|16
|
|t:|1779932366
|move|p1a: Ghost Clown|Focus Blast|p2a: Scizor
|-damage|p2a: Scizor|27/100
|move|p2a: Scizor|U-turn|p1a: Ghost Clown
|-supereffective|p1a: Ghost Clown
|-damage|p1a: Ghost Clown|0 fnt
|faint|p1a: Ghost Clown
|-damage|p2a: Scizor|17/100|[from] item: Life Orb
|
|t:|1779932374
|switch|p2a: Florges|Florges, F|100/100|[from] U-turn
|-status|p2a: Florges|psn
|
|-damage|p2a: Florges|88/100 psn|[from] psn
|upkeep
|
|t:|1779932381
|switch|p1a: Dick Van Spyke|Samurott-Hisui, F|52/100
|turn|17
|
|t:|1779932386
|-terastallize|p2a: Florges|Grass
|move|p1a: Dick Van Spyke|Razor Shell|p2a: Florges
|-resisted|p2a: Florges
|-crit|p2a: Florges
|-damage|p2a: Florges|41/100 psn
|move|p2a: Florges|Giga Drain|p1a: Dick Van Spyke
|-supereffective|p1a: Dick Van Spyke
|-damage|p1a: Dick Van Spyke|0 fnt
|-heal|p2a: Florges|66/100 psn|[from] drain|[of] p1a: Dick Van Spyke
|faint|p1a: Dick Van Spyke
|
|-heal|p2a: Florges|72/100 psn|[from] item: Leftovers
|-damage|p2a: Florges|59/100 psn|[from] psn
|upkeep
|
|t:|1779932401
|switch|p1a: Willawaw|Tornadus-Therian, M|43/100
|turn|18
|
|t:|1779932405
|move|p1a: Willawaw|Nasty Plot|p1a: Willawaw
|-boost|p1a: Willawaw|spa|2
|move|p2a: Florges|Moonblast|p1a: Willawaw
|-damage|p1a: Willawaw|0 fnt
|faint|p1a: Willawaw
|
|win|hat_fm
|raw|pokecutieismyname's rating: 1367 &rarr; <strong>1351</strong><br />(-16 for losing)
|raw|hat_fm's rating: 1437 &rarr; <strong>1453</strong><br />(+16 for winning)
|l|☆pokecutieismyname
|player|p1|
|l|☆hat_fm
|player|p2|
