|j|☆ReverseImpactFrame
|j|☆Yespoleon
|t:|1779900075
|gametype|singles
|player|p1|ReverseImpactFrame|1|1460
|player|p2|Yespoleon|brock|1510
|gen|9
|tier|[Gen 9] OU
|rated|
|rule|HP Percentage Mod: HP is shown in percentages
|rule|Endless Battle Clause: Forcing endless battles is banned
|rule|Species Clause: Limit one of each Pokémon
|rule|OHKO Clause: OHKO moves are banned
|rule|Evasion Items Clause: Evasion items are banned
|rule|Evasion Moves Clause: Evasion moves are banned
|rule|Evasion Abilities Clause: Evasion abilities are banned
|rule|Sleep Moves Clause: Sleep-inducing moves are banned
|clearpoke
|poke|p1|Great Tusk|
|poke|p1|Torkoal, F|
|poke|p1|Raging Bolt|
|poke|p1|Scream Tail|
|poke|p1|Walking Wake|
|poke|p1|Gholdengo|
|poke|p2|Torkoal, M|
|poke|p2|Slither Wing|
|poke|p2|Hatterene, F|
|poke|p2|Walking Wake|
|poke|p2|Great Tusk|
|poke|p2|Raging Bolt|
|teampreview
|inactive|Battle timer is ON: inactive players will automatically lose when time's up. (requested by Yespoleon)
|inactive|Yespoleon has 120 seconds left.
|
|t:|1779900116
|teamsize|p1|6
|teamsize|p2|6
|start
|switch|p1a: Torkoal|Torkoal, F|100/100
|switch|p2a: Walking Wake|Walking Wake|100/100
|-weather|SunnyDay|[from] ability: Drought|[of] p1a: Torkoal
|-activate|p2a: Walking Wake|ability: Protosynthesis
|-start|p2a: Walking Wake|protosynthesisspe
|turn|1
|
|t:|1779900126
|move|p2a: Walking Wake|Draco Meteor|p1a: Torkoal
|-damage|p1a: Torkoal|0 fnt
|-unboost|p2a: Walking Wake|spa|2
|faint|p1a: Torkoal
|
|-weather|SunnyDay|[upkeep]
|upkeep
|
|t:|1779900149
|switch|p1a: Great Tusk|Great Tusk|100/100
|-activate|p1a: Great Tusk|ability: Protosynthesis
|-start|p1a: Great Tusk|protosynthesisspe
|turn|2
|
|t:|1779900156
|-end|p2a: Walking Wake|Protosynthesis|[silent]
|switch|p2a: Slither Wing|Slither Wing, shiny|100/100
|-activate|p2a: Slither Wing|ability: Protosynthesis
|-start|p2a: Slither Wing|protosynthesisatk
|move|p1a: Great Tusk|Earthquake|p2a: Slither Wing
|-resisted|p2a: Slither Wing
|-damage|p2a: Slither Wing|75/100
|
|-weather|SunnyDay|[upkeep]
|upkeep
|turn|3
|
|t:|1779900161
|-end|p1a: Great Tusk|Protosynthesis|[silent]
|switch|p1a: Scream Tail|Scream Tail|100/100
|-activate|p1a: Scream Tail|ability: Protosynthesis
|-start|p1a: Scream Tail|protosynthesisspe
|move|p2a: Slither Wing|Will-O-Wisp|p1a: Scream Tail
|-status|p1a: Scream Tail|brn
|
|-weather|SunnyDay|[upkeep]
|-damage|p1a: Scream Tail|94/100 brn|[from] brn
|upkeep
|turn|4
|
|t:|1779900169
|-end|p2a: Slither Wing|Protosynthesis|[silent]
|switch|p2a: Hatterene|Hatterene, F, shiny|100/100
|move|p1a: Scream Tail|Wish|p1a: Scream Tail
|
|-weather|SunnyDay|[upkeep]
|-heal|p1a: Scream Tail|100/100 brn|[from] item: Leftovers
|-damage|p1a: Scream Tail|94/100 brn|[from] brn
|upkeep
|turn|5
|
|t:|1779900182
|-end|p1a: Scream Tail|Protosynthesis|[silent]
|switch|p1a: Gholdengo|Gholdengo|100/100
|move|p2a: Hatterene|Mystical Fire|p1a: Gholdengo
|-supereffective|p1a: Gholdengo
|-damage|p1a: Gholdengo|42/100
|
|-weather|SunnyDay|[upkeep]
|-heal|p1a: Gholdengo|99/100|[from] move: Wish|[wisher] Scream Tail
|upkeep
|turn|6
|
|t:|1779900197
|move|p1a: Gholdengo|Make It Rain|p2a: Hatterene
|-supereffective|p2a: Hatterene
|-damage|p2a: Hatterene|47/100
|-unboost|p1a: Gholdengo|spa|1
|move|p2a: Hatterene|Nuzzle|p1a: Gholdengo
|-damage|p1a: Gholdengo|96/100
|
|-weather|SunnyDay|[upkeep]
|upkeep
|turn|7
|
|t:|1779900211
|switch|p1a: Scream Tail|Scream Tail|94/100 brn
|-activate|p1a: Scream Tail|ability: Protosynthesis
|-start|p1a: Scream Tail|protosynthesisspe
|move|p2a: Hatterene|Mystical Fire|p1a: Scream Tail
|-damage|p1a: Scream Tail|70/100 brn
|-unboost|p1a: Scream Tail|spa|1
|
|-weather|SunnyDay|[upkeep]
|-heal|p1a: Scream Tail|77/100 brn|[from] item: Leftovers
|-damage|p1a: Scream Tail|70/100 brn|[from] brn
|upkeep
|turn|8
|
|t:|1779900218
|move|p1a: Scream Tail|Wish|p1a: Scream Tail
|move|p2a: Hatterene|Mystical Fire|p1a: Scream Tail
|-crit|p1a: Scream Tail
|-damage|p1a: Scream Tail|36/100 brn
|-unboost|p1a: Scream Tail|spa|1
|
|-weather|none
|-end|p1a: Scream Tail|Protosynthesis
|-heal|p1a: Scream Tail|42/100 brn|[from] item: Leftovers
|-damage|p1a: Scream Tail|36/100 brn|[from] brn
|upkeep
|turn|9
|
|t:|1779900225
|move|p1a: Scream Tail|Psychic Noise|p2a: Hatterene
|-resisted|p2a: Hatterene
|-damage|p2a: Hatterene|45/100
|-start|p2a: Hatterene|move: Heal Block
|move|p2a: Hatterene|Psychic Noise|p1a: Scream Tail
|-resisted|p1a: Scream Tail
|-damage|p1a: Scream Tail|25/100 brn
|-start|p1a: Scream Tail|move: Heal Block
|
|-damage|p1a: Scream Tail|18/100 brn|[from] brn
|upkeep
|turn|10
|
|t:|1779900242
|move|p1a: Scream Tail|Protect|p1a: Scream Tail
|-singleturn|p1a: Scream Tail|Protect
|move|p2a: Hatterene|Mystical Fire|p1a: Scream Tail
|-activate|p1a: Scream Tail|move: Protect
|
|-damage|p1a: Scream Tail|12/100 brn|[from] brn
|-end|p1a: Scream Tail|move: Heal Block
|-end|p2a: Hatterene|move: Heal Block
|upkeep
|turn|11
|
|t:|1779900250
|move|p1a: Scream Tail|Wish|p1a: Scream Tail
|move|p2a: Hatterene|Psychic Noise|p1a: Scream Tail
|-resisted|p1a: Scream Tail
|-damage|p1a: Scream Tail|1/100 brn
|-start|p1a: Scream Tail|move: Heal Block
|
|-damage|p1a: Scream Tail|0 fnt|[from] brn
|faint|p1a: Scream Tail
|-end|p1a: Scream Tail|Protosynthesis|[silent]
|upkeep
|
|t:|1779900264
|switch|p1a: Gholdengo|Gholdengo|96/100
|turn|12
|
|t:|1779900279
|move|p1a: Gholdengo|Nasty Plot|p1a: Gholdengo
|-boost|p1a: Gholdengo|spa|2
|move|p2a: Hatterene|Mystical Fire|p1a: Gholdengo
|-supereffective|p1a: Gholdengo
|-damage|p1a: Gholdengo|54/100
|
|-heal|p1a: Gholdengo|100/100|[from] move: Wish|[wisher] Scream Tail
|upkeep
|turn|13
|
|t:|1779900289
|move|p1a: Gholdengo|Shadow Ball|p2a: Hatterene
|-supereffective|p2a: Hatterene
|-damage|p2a: Hatterene|0 fnt
|faint|p2a: Hatterene
|
|upkeep
|
|t:|1779900301
|switch|p2a: Walking Wake|Walking Wake|100/100
|turn|14
|
|t:|1779900310
|move|p2a: Walking Wake|Flamethrower|p1a: Gholdengo
|-supereffective|p1a: Gholdengo
|-crit|p1a: Gholdengo
|-damage|p1a: Gholdengo|0 fnt
|faint|p1a: Gholdengo
|
|upkeep
|
|t:|1779900317
|switch|p1a: Walking Wake|Walking Wake|100/100
|turn|15
|
|t:|1779900327
|-end|p2a: Walking Wake|Protosynthesis|[silent]
|switch|p2a: Torkoal|Torkoal, M, shiny|100/100
|-weather|SunnyDay|[from] ability: Drought|[of] p2a: Torkoal
|-activate|p1a: Walking Wake|ability: Protosynthesis
|-start|p1a: Walking Wake|protosynthesisspa
|move|p1a: Walking Wake|Flip Turn|p2a: Torkoal
|-supereffective|p2a: Torkoal
|-damage|p2a: Torkoal|89/100
|
|t:|1779900341
|-end|p1a: Walking Wake|Protosynthesis|[silent]
|switch|p1a: Great Tusk|Great Tusk|100/100|[from] Flip Turn
|-activate|p1a: Great Tusk|ability: Protosynthesis
|-start|p1a: Great Tusk|protosynthesisspe
|
|-weather|SunnyDay|[upkeep]
|upkeep
|turn|16
|
|t:|1779900351
|switch|p2a: Slither Wing|Slither Wing, shiny|75/100
|-activate|p2a: Slither Wing|ability: Protosynthesis
|-start|p2a: Slither Wing|protosynthesisatk
|move|p1a: Great Tusk|Earthquake|p2a: Slither Wing
|-resisted|p2a: Slither Wing
|-damage|p2a: Slither Wing|48/100
|
|-weather|SunnyDay|[upkeep]
|upkeep
|turn|17
|
|t:|1779900356
|-end|p1a: Great Tusk|Protosynthesis|[silent]
|switch|p1a: Raging Bolt|Raging Bolt|100/100
|-activate|p1a: Raging Bolt|ability: Protosynthesis
|-start|p1a: Raging Bolt|protosynthesisspa
|move|p2a: Slither Wing|Morning Sun|p2a: Slither Wing
|-heal|p2a: Slither Wing|100/100
|
|-weather|SunnyDay|[upkeep]
|upkeep
|turn|18
|
|t:|1779900382
|move|p1a: Raging Bolt|Weather Ball|p2a: Slither Wing
|-supereffective|p2a: Slither Wing
|-damage|p2a: Slither Wing|0 fnt
|faint|p2a: Slither Wing
|-end|p2a: Slither Wing|Protosynthesis|[silent]
|
|-weather|SunnyDay|[upkeep]
|upkeep
|
|t:|1779900385
|switch|p2a: Great Tusk|Great Tusk, shiny|100/100
|-activate|p2a: Great Tusk|ability: Protosynthesis
|-start|p2a: Great Tusk|protosynthesisatk
|turn|19
|inactive|ReverseImpactFrame has 120 seconds left.
|
|t:|1779900434
|-terastallize|p1a: Raging Bolt|Flying
|move|p2a: Great Tusk|Headlong Rush|p1a: Raging Bolt
|-immune|p1a: Raging Bolt
|move|p1a: Raging Bolt|Draco Meteor|p2a: Great Tusk|[miss]
|-miss|p1a: Raging Bolt|p2a: Great Tusk
|
|-weather|SunnyDay|[upkeep]
|upkeep
|turn|20
|
|t:|1779900455
|move|p2a: Great Tusk|Ice Spinner|p1a: Raging Bolt
|-supereffective|p1a: Raging Bolt
|-damage|p1a: Raging Bolt|43/100
|move|p1a: Raging Bolt|Draco Meteor|p2a: Great Tusk
|-damage|p2a: Great Tusk|20/100
|-unboost|p1a: Raging Bolt|spa|2
|
|-weather|SunnyDay|[upkeep]
|upkeep
|turn|21
|inactive|ReverseImpactFrame has 90 seconds left.
|c|☆Yespoleon|run cb bolt
|c|☆Yespoleon|trust me bro
|
|t:|1779900489
|-end|p1a: Raging Bolt|Protosynthesis|[silent]
|switch|p1a: Walking Wake|Walking Wake|100/100
|-activate|p1a: Walking Wake|ability: Protosynthesis
|-start|p1a: Walking Wake|protosynthesisspa
|move|p2a: Great Tusk|Ice Spinner|p1a: Walking Wake
|-damage|p1a: Walking Wake|63/100
|
|-weather|SunnyDay|[upkeep]
|upkeep
|turn|22
|
|t:|1779900500
|move|p2a: Great Tusk|Headlong Rush|p1a: Walking Wake
|-damage|p1a: Walking Wake|0 fnt
|-unboost|p2a: Great Tusk|def|1
|-unboost|p2a: Great Tusk|spd|1
|faint|p1a: Walking Wake
|-end|p1a: Walking Wake|Protosynthesis|[silent]
|
|-weather|none
|-end|p2a: Great Tusk|Protosynthesis
|upkeep
|
|t:|1779900509
|switch|p1a: Great Tusk|Great Tusk|100/100
|turn|23
|
|t:|1779900519
|move|p2a: Great Tusk|Headlong Rush|p1a: Great Tusk
|-damage|p1a: Great Tusk|62/100
|-unboost|p2a: Great Tusk|def|1
|-unboost|p2a: Great Tusk|spd|1
|move|p1a: Great Tusk|Earthquake|p2a: Great Tusk
|-damage|p2a: Great Tusk|0 fnt
|faint|p2a: Great Tusk
|-end|p2a: Great Tusk|Protosynthesis|[silent]
|
|upkeep
|
|t:|1779900523
|switch|p2a: Walking Wake|Walking Wake|100/100
|turn|24
|
|t:|1779900526
|move|p2a: Walking Wake|Hydro Steam|p1a: Great Tusk
|-supereffective|p1a: Great Tusk
|-damage|p1a: Great Tusk|0 fnt
|faint|p1a: Great Tusk
|-end|p1a: Great Tusk|Protosynthesis|[silent]
|
|upkeep
|
|t:|1779900529
|switch|p1a: Raging Bolt|Raging Bolt, tera:Flying|43/100
|turn|25
|
|t:|1779900538
|move|p2a: Walking Wake|Hydro Steam|p1a: Raging Bolt
|-crit|p1a: Raging Bolt
|-damage|p1a: Raging Bolt|0 fnt
|faint|p1a: Raging Bolt
|-end|p1a: Raging Bolt|Protosynthesis|[silent]
|
|win|Yespoleon
|raw|ReverseImpactFrame's rating: 1460 &rarr; <strong>1443</strong><br />(-17 for losing)
|raw|Yespoleon's rating: 1510 &rarr; <strong>1527</strong><br />(+17 for winning)
|l|☆ReverseImpactFrame
|player|p1|
|l|☆Yespoleon
|player|p2|
