|j|☆claudechamp
|j|☆Senpai_4884
|t:|1779834815
|gametype|singles
|player|p1|claudechamp|265|1251
|player|p2|Senpai_4884|1|1263
|gen|9
|tier|[Gen 9] OU
|rated|
|rule|HP Percentage Mod: HP is shown in percentages
|rule|Endless Battle Clause: Forcing endless battles is banned
|rule|Species Clause: Limit one of each Pokémon
|rule|OHKO Clause: OHKO moves are banned
|rule|Evasion Items Clause: Evasion items are banned
|rule|Evasion Moves Clause: Evasion moves are banned
|rule|Evasion Abilities Clause: Evasion abilities are banned
|rule|Sleep Moves Clause: Sleep-inducing moves are banned
|clearpoke
|poke|p1|Corviknight, M|
|poke|p1|Ting-Lu|
|poke|p1|Kyurem|
|poke|p1|Dondozo, M|
|poke|p1|Slowking-Galar, M|
|poke|p1|Cinderace, M|
|poke|p2|Walking Wake|
|poke|p2|Salamence, F|
|poke|p2|Cinderace, M|
|poke|p2|Ninetales, M|
|poke|p2|Conkeldurr, M|
|poke|p2|Comfey, F|
|teampreview
|c|☆claudechamp|hf
|inactive|Battle timer is ON: inactive players will automatically lose when time's up. (requested by claudechamp)
|
|t:|1779834819
|teamsize|p1|6
|teamsize|p2|6
|start
|switch|p1a: Cinderace|Cinderace, M|100/100
|switch|p2a: Ninetales|Ninetales, M|100/100
|-weather|SunnyDay|[from] ability: Drought|[of] p2a: Ninetales
|turn|1
|
|t:|1779834824
|move|p1a: Cinderace|Pyro Ball|p2a: Ninetales
|-resisted|p2a: Ninetales
|-damage|p2a: Ninetales|48/100
|move|p2a: Ninetales|Scorching Sands|p1a: Cinderace
|-supereffective|p1a: Cinderace
|-damage|p1a: Cinderace|53/100
|
|-weather|SunnyDay|[upkeep]
|upkeep
|turn|2
|
|t:|1779834831
|switch|p2a: Walking Wake|Walking Wake|100/100
|-activate|p2a: Walking Wake|ability: Protosynthesis
|-start|p2a: Walking Wake|protosynthesisspa
|move|p1a: Cinderace|U-turn|p2a: Walking Wake
|-damage|p2a: Walking Wake|80/100
|
|t:|1779834833
|switch|p1a: Kyurem|Kyurem|100/100|[from] U-turn
|-ability|p1a: Kyurem|Pressure
|
|-weather|SunnyDay|[upkeep]
|upkeep
|turn|3
|
|t:|1779834841
|move|p2a: Walking Wake|Dragon Pulse|p1a: Kyurem
|-supereffective|p1a: Kyurem
|-damage|p1a: Kyurem|0 fnt
|faint|p1a: Kyurem
|
|-weather|SunnyDay|[upkeep]
|upkeep
|
|t:|1779834849
|switch|p1a: Ting-Lu|Ting-Lu|100/100
|-ability|p1a: Ting-Lu|Vessel of Ruin
|turn|4
|
|t:|1779834855
|move|p2a: Walking Wake|Hydro Steam|p1a: Ting-Lu
|-supereffective|p1a: Ting-Lu
|-crit|p1a: Ting-Lu
|-damage|p1a: Ting-Lu|9/100
|move|p1a: Ting-Lu|Earthquake|p2a: Walking Wake
|-damage|p2a: Walking Wake|42/100
|
|-weather|SunnyDay|[upkeep]
|-heal|p1a: Ting-Lu|16/100|[from] item: Leftovers
|upkeep
|turn|5
|
|t:|1779834869
|switch|p1a: Dondozo|Dondozo, M|100/100
|move|p2a: Walking Wake|Hydro Steam|p1a: Dondozo
|-resisted|p1a: Dondozo
|-damage|p1a: Dondozo|76/100
|
|-weather|SunnyDay|[upkeep]
|-heal|p1a: Dondozo|82/100|[from] item: Leftovers
|upkeep
|turn|6
|inactive|Senpai_4884 has 120 seconds left.
|
|t:|1779834902
|-end|p2a: Walking Wake|Protosynthesis|[silent]
|switch|p2a: Cinderace|Cinderace, M|100/100
|move|p1a: Dondozo|Body Press|p2a: Cinderace
|-damage|p2a: Cinderace|72/100
|
|-weather|SunnyDay|[upkeep]
|-heal|p1a: Dondozo|88/100|[from] item: Leftovers
|upkeep
|turn|7
|
|t:|1779834908
|move|p2a: Cinderace|High Jump Kick|p1a: Dondozo
|-start|p2a: Cinderace|typechange|Fighting|[from] ability: Libero
|-damage|p1a: Dondozo|49/100
|move|p1a: Dondozo|Curse|p1a: Dondozo
|-unboost|p1a: Dondozo|spe|1
|-boost|p1a: Dondozo|atk|1
|-boost|p1a: Dondozo|def|1
|
|-weather|SunnyDay|[upkeep]
|-heal|p1a: Dondozo|55/100|[from] item: Leftovers
|upkeep
|turn|8
|
|t:|1779834914
|move|p2a: Cinderace|High Jump Kick|p1a: Dondozo|[miss]
|-miss|p2a: Cinderace|p1a: Dondozo
|-damage|p2a: Cinderace|22/100|[from] highjumpkick
|move|p1a: Dondozo|Body Press|p2a: Cinderace
|-damage|p2a: Cinderace|0 fnt
|faint|p2a: Cinderace
|
|-weather|none
|-heal|p1a: Dondozo|62/100|[from] item: Leftovers
|upkeep
|
|t:|1779834920
|switch|p2a: Ninetales|Ninetales, M|48/100
|-weather|SunnyDay|[from] ability: Drought|[of] p2a: Ninetales
|turn|9
|
|t:|1779834924
|move|p2a: Ninetales|Solar Beam||[still]
|-prepare|p2a: Ninetales|Solar Beam
|-anim|p2a: Ninetales|Solar Beam|p1a: Dondozo
|-supereffective|p1a: Dondozo
|-damage|p1a: Dondozo|21/100
|move|p1a: Dondozo|Body Press|p2a: Ninetales
|-damage|p2a: Ninetales|1/100
|
|-weather|SunnyDay|[upkeep]
|-heal|p1a: Dondozo|27/100|[from] item: Leftovers
|upkeep
|turn|10
|
|t:|1779834933
|move|p2a: Ninetales|Solar Beam||[still]
|-prepare|p2a: Ninetales|Solar Beam
|-anim|p2a: Ninetales|Solar Beam|p1a: Dondozo
|-supereffective|p1a: Dondozo
|-damage|p1a: Dondozo|0 fnt
|faint|p1a: Dondozo
|
|-weather|SunnyDay|[upkeep]
|upkeep
|
|t:|1779834936
|switch|p1a: Slowking|Slowking-Galar, M|100/100
|turn|11
|
|t:|1779834942
|move|p2a: Ninetales|Heat Wave|p1a: Slowking
|-damage|p1a: Slowking|52/100
|-status|p1a: Slowking|brn
|-prepare|p1a: Slowking|Chilly Reception|[premajor]
|move|p1a: Slowking|Chilly Reception|p1a: Slowking
|-weather|Snowscape
|
|t:|1779834945
|switch|p1a: Ting-Lu|Ting-Lu|16/100|[from] Chilly Reception
|-ability|p1a: Ting-Lu|Vessel of Ruin
|
|-weather|Snowscape|[upkeep]
|-heal|p1a: Ting-Lu|22/100|[from] item: Leftovers
|upkeep
|turn|12
|
|t:|1779834955
|switch|p2a: Salamence|Salamence, F|100/100
|move|p1a: Ting-Lu|Rest|p1a: Ting-Lu
|-status|p1a: Ting-Lu|slp|[from] move: Rest
|-heal|p1a: Ting-Lu|100/100 slp|[silent]
|
|-weather|Snowscape|[upkeep]
|upkeep
|turn|13
|
|t:|1779834962
|move|p2a: Salamence|Dragon Dance|p2a: Salamence
|-boost|p2a: Salamence|atk|1
|-boost|p2a: Salamence|spe|1
|cant|p1a: Ting-Lu|slp
|move|p1a: Ting-Lu|Sleep Talk|p1a: Ting-Lu
|move|p1a: Ting-Lu|Rest||[from] move: Sleep Talk|[still]
|-fail|p1a: Ting-Lu
|
|-weather|Snowscape|[upkeep]
|upkeep
|turn|14
|
|t:|1779834970
|switch|p1a: Slowking|Slowking-Galar, M|86/100 brn
|move|p2a: Salamence|Dragon Dance|p2a: Salamence
|-boost|p2a: Salamence|atk|1
|-boost|p2a: Salamence|spe|1
|
|-weather|Snowscape|[upkeep]
|-damage|p1a: Slowking|79/100 brn|[from] brn
|upkeep
|turn|15
|
|t:|1779834979
|move|p2a: Salamence|Earthquake|p1a: Slowking
|-supereffective|p1a: Slowking
|-enditem|p1a: Slowking|Shuca Berry|[eat]
|-enditem|p1a: Slowking|Shuca Berry|[weaken]
|-damage|p1a: Slowking|14/100 brn
|move|p1a: Slowking|Future Sight|p2a: Salamence
|-start|p1a: Slowking|move: Future Sight
|
|-weather|none
|-damage|p1a: Slowking|8/100 brn|[from] brn
|upkeep
|turn|16
|
|t:|1779834991
|switch|p1a: Corviknight|Corviknight, M|100/100
|-ability|p1a: Corviknight|Pressure
|move|p2a: Salamence|Dragon Claw|p1a: Corviknight
|-resisted|p1a: Corviknight
|-damage|p1a: Corviknight|73/100
|-damage|p2a: Salamence|84/100|[from] item: Rocky Helmet|[of] p1a: Corviknight
|
|upkeep
|turn|17
|
|t:|1779835019
|switch|p2a: Conkeldurr|Conkeldurr, M|100/100
|move|p1a: Corviknight|Brave Bird|p2a: Conkeldurr
|-supereffective|p2a: Conkeldurr
|-damage|p2a: Conkeldurr|22/100
|-damage|p1a: Corviknight|51/100|[from] Recoil
|
|-end|p2a: Conkeldurr|move: Future Sight
|-supereffective|p2a: Conkeldurr
|-damage|p2a: Conkeldurr|0 fnt
|faint|p2a: Conkeldurr
|upkeep
|
|t:|1779835027
|switch|p2a: Ninetales|Ninetales, M|1/100
|-weather|SunnyDay|[from] ability: Drought|[of] p2a: Ninetales
|turn|18
|
|t:|1779835033
|switch|p1a: Ting-Lu|Ting-Lu|100/100 slp
|-ability|p1a: Ting-Lu|Vessel of Ruin
|move|p2a: Ninetales|Heat Wave|p1a: Ting-Lu
|-damage|p1a: Ting-Lu|77/100 slp
|
|-weather|SunnyDay|[upkeep]
|-heal|p1a: Ting-Lu|83/100 slp|[from] item: Leftovers
|upkeep
|turn|19
|
|t:|1779835041
|move|p2a: Ninetales|Solar Beam||[still]
|-prepare|p2a: Ninetales|Solar Beam
|-anim|p2a: Ninetales|Solar Beam|p1a: Ting-Lu
|-supereffective|p1a: Ting-Lu
|-damage|p1a: Ting-Lu|57/100 slp
|cant|p1a: Ting-Lu|slp
|move|p1a: Ting-Lu|Sleep Talk|p1a: Ting-Lu
|move|p1a: Ting-Lu|Rest||[from] move: Sleep Talk|[still]
|-fail|p1a: Ting-Lu
|
|-weather|SunnyDay|[upkeep]
|-heal|p1a: Ting-Lu|63/100 slp|[from] item: Leftovers
|upkeep
|turn|20
|
|t:|1779835049
|move|p2a: Ninetales|Solar Beam||[still]
|-prepare|p2a: Ninetales|Solar Beam
|-anim|p2a: Ninetales|Solar Beam|p1a: Ting-Lu
|-supereffective|p1a: Ting-Lu
|-damage|p1a: Ting-Lu|36/100 slp
|-curestatus|p1a: Ting-Lu|slp|[msg]
|move|p1a: Ting-Lu|Payback|p2a: Ninetales
|-damage|p2a: Ninetales|0 fnt
|faint|p2a: Ninetales
|
|-weather|SunnyDay|[upkeep]
|-heal|p1a: Ting-Lu|43/100|[from] item: Leftovers
|upkeep
|
|t:|1779835057
|switch|p2a: Walking Wake|Walking Wake|42/100
|-activate|p2a: Walking Wake|ability: Protosynthesis
|-start|p2a: Walking Wake|protosynthesisspa
|turn|21
|
|t:|1779835066
|-terastallize|p1a: Ting-Lu|Water
|move|p2a: Walking Wake|Hydro Steam|p1a: Ting-Lu
|-resisted|p1a: Ting-Lu
|-damage|p1a: Ting-Lu|25/100
|move|p1a: Ting-Lu|Payback|p2a: Walking Wake
|-damage|p2a: Walking Wake|0 fnt
|faint|p2a: Walking Wake
|-end|p2a: Walking Wake|Protosynthesis|[silent]
|
|-weather|SunnyDay|[upkeep]
|-heal|p1a: Ting-Lu|31/100|[from] item: Leftovers
|upkeep
|
|t:|1779835085
|switch|p2a: Comfey|Comfey, F|100/100
|turn|22
|
|t:|1779835095
|switch|p1a: Corviknight|Corviknight, M|51/100
|-ability|p1a: Corviknight|Pressure
|move|p2a: Comfey|Calm Mind|p2a: Comfey
|-boost|p2a: Comfey|spa|1
|-boost|p2a: Comfey|spd|1
|
|-weather|SunnyDay|[upkeep]
|upkeep
|turn|23
|
|t:|1779835099
|move|p2a: Comfey|Leech Seed|p1a: Corviknight
|-start|p1a: Corviknight|move: Leech Seed
|move|p1a: Corviknight|Brave Bird|p2a: Comfey
|-damage|p2a: Comfey|60/100
|-damage|p1a: Corviknight|42/100|[from] Recoil
|
|-weather|SunnyDay|[upkeep]
|-heal|p2a: Comfey|66/100|[from] item: Leftovers
|-damage|p1a: Corviknight|30/100|[from] Leech Seed|[of] p2a: Comfey
|-heal|p2a: Comfey|86/100|[silent]
|upkeep
|turn|24
|
|t:|1779835110
|move|p2a: Comfey|Calm Mind|p2a: Comfey
|-boost|p2a: Comfey|spa|1
|-boost|p2a: Comfey|spd|1
|move|p1a: Corviknight|U-turn|p2a: Comfey
|-resisted|p2a: Comfey
|-damage|p2a: Comfey|77/100
|
|t:|1779835120
|switch|p1a: Cinderace|Cinderace, M|53/100|[from] U-turn
|
|-weather|SunnyDay|[upkeep]
|-heal|p2a: Comfey|83/100|[from] item: Leftovers
|upkeep
|turn|25
|
|t:|1779835129
|move|p2a: Comfey|Draining Kiss|p1a: Cinderace
|-resisted|p1a: Cinderace
|-damage|p1a: Cinderace|27/100
|-heal|p2a: Comfey|100/100|[from] drain|[of] p1a: Cinderace
|move|p1a: Cinderace|Pyro Ball|p2a: Comfey
|-damage|p2a: Comfey|0 fnt
|faint|p2a: Comfey
|
|-weather|none
|upkeep
|
|t:|1779835136
|switch|p2a: Salamence|Salamence, F|84/100
|turn|26
|
|t:|1779835140
|move|p1a: Cinderace|Pyro Ball|p2a: Salamence|[miss]
|-miss|p1a: Cinderace|p2a: Salamence
|move|p2a: Salamence|Dragon Dance|p2a: Salamence
|-boost|p2a: Salamence|atk|1
|-boost|p2a: Salamence|spe|1
|
|upkeep
|turn|27
|
|t:|1779835151
|switch|p1a: Corviknight|Corviknight, M|30/100
|-ability|p1a: Corviknight|Pressure
|move|p2a: Salamence|Dragon Claw|p1a: Corviknight
|-resisted|p1a: Corviknight
|-damage|p1a: Corviknight|12/100
|-damage|p2a: Salamence|67/100|[from] item: Rocky Helmet|[of] p1a: Corviknight
|
|upkeep
|turn|28
|
|t:|1779835160
|move|p2a: Salamence|Dragon Claw|p1a: Corviknight
|-resisted|p1a: Corviknight
|-damage|p1a: Corviknight|0 fnt
|-damage|p2a: Salamence|51/100|[from] item: Rocky Helmet|[of] p1a: Corviknight
|faint|p1a: Corviknight
|-ability|p2a: Salamence|Moxie|boost
|-boost|p2a: Salamence|atk|1
|
|upkeep
|
|t:|1779835170
|switch|p1a: Slowking|Slowking-Galar, M|42/100 brn
|turn|29
|
|t:|1779835181
|move|p2a: Salamence|Earthquake|p1a: Slowking
|-supereffective|p1a: Slowking
|-crit|p1a: Slowking
|-damage|p1a: Slowking|0 fnt
|faint|p1a: Slowking
|-ability|p2a: Salamence|Moxie|boost
|-boost|p2a: Salamence|atk|1
|
|upkeep
|
|t:|1779835192
|switch|p1a: Cinderace|Cinderace, M|27/100
|turn|30
|
|t:|1779835203
|move|p2a: Salamence|Earthquake|p1a: Cinderace
|-supereffective|p1a: Cinderace
|-damage|p1a: Cinderace|0 fnt
|faint|p1a: Cinderace
|-ability|p2a: Salamence|Moxie|boost
|-boost|p2a: Salamence|atk|1
|
|upkeep
|
|t:|1779835213
|switch|p1a: Ting-Lu|Ting-Lu, tera:Water|31/100
|-ability|p1a: Ting-Lu|Vessel of Ruin
|turn|31
|
|t:|1779835223
|move|p2a: Salamence|Dragon Claw|p1a: Ting-Lu
|-damage|p1a: Ting-Lu|0 fnt
|faint|p1a: Ting-Lu
|
|win|Senpai_4884
|raw|claudechamp's rating: 1302 &rarr; <strong>1280</strong><br />(-22 for losing)
|raw|Senpai_4884's rating: 1263 &rarr; <strong>1291</strong><br />(+28 for winning)
|l|☆Senpai_4884
|player|p2|
|c|☆claudechamp|gg
