|j|☆juiicychiller
|j|☆Gunkip
|t:|1779950007
|gametype|singles
|player|p1|juiicychiller|clerk|1637
|player|p2|Gunkip|misty|1653
|gen|9
|tier|[Gen 9] OU
|rated|
|rule|HP Percentage Mod: HP is shown in percentages
|rule|Endless Battle Clause: Forcing endless battles is banned
|rule|Species Clause: Limit one of each Pokémon
|rule|OHKO Clause: OHKO moves are banned
|rule|Evasion Items Clause: Evasion items are banned
|rule|Evasion Moves Clause: Evasion moves are banned
|rule|Evasion Abilities Clause: Evasion abilities are banned
|rule|Sleep Moves Clause: Sleep-inducing moves are banned
|clearpoke
|poke|p1|Great Tusk|
|poke|p1|Hatterene, F|
|poke|p1|Dragonite, M|
|poke|p1|Kyurem|
|poke|p1|Kingambit, M|
|poke|p1|Darkrai|
|poke|p2|Samurott-Hisui, F|
|poke|p2|Dragonite, F|
|poke|p2|Kingambit, M|
|poke|p2|Iron Moth|
|poke|p2|Iron Valiant|
|poke|p2|Moltres-Galar|
|teampreview
|inactive|Battle timer is ON: inactive players will automatically lose when time's up. (requested by Gunkip)
|
|t:|1779950029
|teamsize|p1|6
|teamsize|p2|6
|start
|switch|p1a: Kyurem|Kyurem|100/100
|switch|p2a: 90% accurate|Samurott-Hisui, F|100/100
|-ability|p1a: Kyurem|Pressure
|turn|1
|
|t:|1779950035
|move|p2a: 90% accurate|Ceaseless Edge|p1a: Kyurem
|-damage|p1a: Kyurem|61/100
|-sidestart|p1: juiicychiller|Spikes
|move|p1a: Kyurem|Freeze-Dry|p2a: 90% accurate
|-supereffective|p2a: 90% accurate
|-enditem|p2a: 90% accurate|Focus Sash
|-damage|p2a: 90% accurate|1/100
|
|upkeep
|turn|2
|
|t:|1779950047
|switch|p1a: Great Tusk|Great Tusk|100/100
|-damage|p1a: Great Tusk|88/100|[from] Spikes
|move|p2a: 90% accurate|Knock Off|p1a: Great Tusk
|-resisted|p1a: Great Tusk
|-damage|p1a: Great Tusk|70/100
|-damage|p2a: 90% accurate|0 fnt|[from] item: Rocky Helmet|[of] p1a: Great Tusk
|faint|p2a: 90% accurate
|
|upkeep
|
|t:|1779950053
|switch|p2a: fight the power|Iron Valiant|100/100
|-enditem|p2a: fight the power|Booster Energy
|-activate|p2a: fight the power|ability: Quark Drive|[fromitem]
|-start|p2a: fight the power|quarkdrivespe
|turn|3
|
|t:|1779950058
|-end|p1a: Great Tusk|Protosynthesis|[silent]
|switch|p1a: Hatterene|Hatterene, F|100/100
|-item|p1a: Hatterene|Air Balloon
|move|p2a: fight the power|Moonblast|p1a: Hatterene
|-damage|p1a: Hatterene|52/100
|-unboost|p1a: Hatterene|spa|1
|-enditem|p1a: Hatterene|Air Balloon
|
|upkeep
|turn|4
|
|t:|1779950076
|-end|p2a: fight the power|Quark Drive|[silent]
|switch|p2a: tony soprano|Kingambit, M|100/100
|-activate|p2a: tony soprano|ability: Supreme Overlord
|-start|p2a: tony soprano|fallen1|[silent]
|-item|p2a: tony soprano|Air Balloon
|move|p1a: Hatterene|Draining Kiss|p2a: tony soprano
|-damage|p2a: tony soprano|83/100
|-heal|p1a: Hatterene|66/100|[from] drain|[of] p2a: tony soprano
|-enditem|p2a: tony soprano|Air Balloon
|
|upkeep
|turn|5
|
|t:|1779950088
|switch|p1a: Great Tusk|Great Tusk|70/100
|-damage|p1a: Great Tusk|57/100|[from] Spikes
|move|p2a: tony soprano|Iron Head|p1a: Great Tusk
|-damage|p1a: Great Tusk|19/100
|-damage|p2a: tony soprano|67/100|[from] item: Rocky Helmet|[of] p1a: Great Tusk
|
|upkeep
|turn|6
|j| rextestear
|
|t:|1779950098
|-end|p2a: tony soprano|fallen1|[silent]
|switch|p2a: bird is the word|Moltres-Galar|100/100
|move|p1a: Great Tusk|Rapid Spin|p2a: bird is the word
|-damage|p2a: bird is the word|79/100
|-boost|p1a: Great Tusk|spe|1
|-sideend|p1: juiicychiller|Spikes|[from] move: Rapid Spin|[of] p1a: Great Tusk
|
|upkeep
|turn|7
|l| rextestear
|
|t:|1779950105
|-end|p1a: Great Tusk|Protosynthesis|[silent]
|switch|p1a: Kyurem|Kyurem|61/100
|-ability|p1a: Kyurem|Pressure
|move|p2a: bird is the word|Agility|p2a: bird is the word
|-boost|p2a: bird is the word|spe|2
|
|upkeep
|turn|8
|
|t:|1779950109
|move|p2a: bird is the word|Fiery Wrath|p1a: Kyurem
|-damage|p1a: Kyurem|36/100
|move|p1a: Kyurem|Ice Beam|p2a: bird is the word
|-supereffective|p2a: bird is the word
|-crit|p2a: bird is the word
|-damage|p2a: bird is the word|0 fnt
|faint|p2a: bird is the word
|
|upkeep
|j| rextestear
|
|t:|1779950122
|switch|p2a: fight the power|Iron Valiant|100/100
|turn|9
|
|t:|1779950137
|switch|p1a: Great Tusk|Great Tusk|19/100
|move|p2a: fight the power|Moonblast|p1a: Great Tusk
|-supereffective|p1a: Great Tusk
|-damage|p1a: Great Tusk|0 fnt
|faint|p1a: Great Tusk
|-end|p1a: Great Tusk|Protosynthesis|[silent]
|
|upkeep
|
|t:|1779950140
|switch|p1a: Hatterene|Hatterene, F|66/100
|turn|10
|l| rextestear
|
|t:|1779950148
|-end|p2a: fight the power|Quark Drive|[silent]
|switch|p2a: tony soprano|Kingambit, M|67/100
|-activate|p2a: tony soprano|ability: Supreme Overlord
|-start|p2a: tony soprano|fallen2|[silent]
|move|p1a: Hatterene|Draining Kiss|p2a: tony soprano
|-damage|p2a: tony soprano|41/100
|-heal|p1a: Hatterene|87/100|[from] drain|[of] p2a: tony soprano
|
|upkeep
|turn|11
|
|t:|1779950157
|switch|p1a: Kingambit|Kingambit, M|100/100
|-activate|p1a: Kingambit|ability: Supreme Overlord
|-start|p1a: Kingambit|fallen1|[silent]
|move|p2a: tony soprano|Iron Head|p1a: Kingambit
|-resisted|p1a: Kingambit
|-damage|p1a: Kingambit|77/100
|
|-heal|p1a: Kingambit|84/100|[from] item: Leftovers
|upkeep
|turn|12
|
|t:|1779950162
|move|p2a: tony soprano|Low Kick|p1a: Kingambit
|-supereffective|p1a: Kingambit
|-damage|p1a: Kingambit|0 fnt
|faint|p1a: Kingambit
|-end|p1a: Kingambit|fallen1|[silent]
|
|upkeep
|
|t:|1779950169
|switch|p1a: Dragonite|Dragonite, M|100/100
|turn|13
|
|t:|1779950176
|move|p1a: Dragonite|Encore|p2a: tony soprano
|-start|p2a: tony soprano|Encore
|move|p2a: tony soprano|Low Kick|p1a: Dragonite
|-resisted|p1a: Dragonite
|-damage|p1a: Dragonite|86/100
|
|upkeep
|turn|14
|
|t:|1779950179
|-end|p2a: tony soprano|fallen2|[silent]
|switch|p2a: feels the aura|Dragonite, F|100/100
|move|p1a: Dragonite|Dragon Dance|p1a: Dragonite
|-boost|p1a: Dragonite|atk|1
|-boost|p1a: Dragonite|spe|1
|
|upkeep
|turn|15
|
|t:|1779950185
|move|p1a: Dragonite|Scale Shot|p2a: feels the aura
|-supereffective|p2a: feels the aura
|-crit|p2a: feels the aura
|-damage|p2a: feels the aura|66/100
|-supereffective|p2a: feels the aura
|-damage|p2a: feels the aura|14/100
|-supereffective|p2a: feels the aura
|-damage|p2a: feels the aura|0 fnt
|faint|p2a: feels the aura
|-hitcount|p2: feels the aura|3
|-unboost|p1a: Dragonite|def|1
|-boost|p1a: Dragonite|spe|1
|
|upkeep
|
|t:|1779950199
|switch|p2a: fight the power|Iron Valiant|100/100
|turn|16
|
|t:|1779950214
|-terastallize|p1a: Dragonite|Fire
|move|p1a: Dragonite|Fire Punch|p2a: fight the power
|-damage|p2a: fight the power|12/100
|move|p2a: fight the power|Moonblast|p1a: Dragonite
|-resisted|p1a: Dragonite
|-damage|p1a: Dragonite|64/100
|
|upkeep
|turn|17
|
|t:|1779950222
|move|p1a: Dragonite|Fire Punch|p2a: fight the power
|-damage|p2a: fight the power|0 fnt
|faint|p2a: fight the power
|-end|p2a: fight the power|Quark Drive|[silent]
|
|upkeep
|
|t:|1779950227
|switch|p2a: definitely|Iron Moth|100/100
|-enditem|p2a: definitely|Booster Energy
|-activate|p2a: definitely|ability: Quark Drive|[fromitem]
|-start|p2a: definitely|quarkdrivespe
|turn|18
|
|t:|1779950237
|-terastallize|p2a: definitely|Fairy
|move|p2a: definitely|Sludge Wave|p1a: Dragonite
|-damage|p1a: Dragonite|17/100
|-status|p1a: Dragonite|psn
|move|p1a: Dragonite|Scale Shot|p2a: definitely
|-immune|p2a: definitely
|
|-damage|p1a: Dragonite|4/100 psn|[from] psn
|upkeep
|turn|19
|
|t:|1779950245
|move|p2a: definitely|Fiery Dance|p1a: Dragonite
|-resisted|p1a: Dragonite
|-damage|p1a: Dragonite|0 fnt
|-boost|p2a: definitely|spa|1
|faint|p1a: Dragonite
|
|upkeep
|
|t:|1779950272
|switch|p1a: Darkrai|Darkrai|100/100
|turn|20
|
|t:|1779950277
|move|p1a: Darkrai|Sludge Bomb|p2a: definitely
|-supereffective|p2a: definitely
|-damage|p2a: definitely|29/100
|-status|p2a: definitely|psn
|move|p2a: definitely|Dazzling Gleam|p1a: Darkrai
|-supereffective|p1a: Darkrai
|-damage|p1a: Darkrai|0 fnt
|faint|p1a: Darkrai
|
|-damage|p2a: definitely|16/100 psn|[from] psn
|upkeep
|
|t:|1779950286
|switch|p1a: Kyurem|Kyurem|36/100
|-ability|p1a: Kyurem|Pressure
|turn|21
|
|t:|1779950291
|switch|p1a: Hatterene|Hatterene, F|87/100
|move|p2a: definitely|Dazzling Gleam|p1a: Hatterene
|-damage|p1a: Hatterene|19/100
|
|-damage|p2a: definitely|4/100 psn|[from] psn
|upkeep
|turn|22
|
|t:|1779950297
|move|p2a: definitely|Fiery Dance|p1a: Hatterene
|-damage|p1a: Hatterene|0 fnt
|-boost|p2a: definitely|spa|1
|faint|p1a: Hatterene
|
|-damage|p2a: definitely|0 fnt|[from] psn
|faint|p2a: definitely
|-end|p2a: definitely|Quark Drive|[silent]
|upkeep
|
|t:|1779950300
|switch|p2a: tony soprano|Kingambit, M|41/100
|switch|p1a: Kyurem|Kyurem|36/100
|-ability|p1a: Kyurem|Pressure
|-activate|p2a: tony soprano|ability: Supreme Overlord
|-start|p2a: tony soprano|fallen5|[silent]
|turn|23
|
|t:|1779950303
|move|p2a: tony soprano|Sucker Punch|p1a: Kyurem
|-damage|p1a: Kyurem|0 fnt
|faint|p1a: Kyurem
|
|win|Gunkip
|raw|juiicychiller's rating: 1637 &rarr; <strong>1618</strong><br />(-19 for losing)
|raw|Gunkip's rating: 1653 &rarr; <strong>1672</strong><br />(+19 for winning)
|l|☆juiicychiller
|player|p1|
|l|☆Gunkip
|player|p2|
|j| frinzo
