|j|☆AKGD
|j|☆Exiowf
|t:|1779845498
|gametype|singles
|player|p1|AKGD|swimmerf|1484
|player|p2|Exiowf|265|1505
|gen|9
|tier|[Gen 9] OU
|rated|
|rule|HP Percentage Mod: HP is shown in percentages
|rule|Endless Battle Clause: Forcing endless battles is banned
|rule|Species Clause: Limit one of each Pokémon
|rule|OHKO Clause: OHKO moves are banned
|rule|Evasion Items Clause: Evasion items are banned
|rule|Evasion Moves Clause: Evasion moves are banned
|rule|Evasion Abilities Clause: Evasion abilities are banned
|rule|Sleep Moves Clause: Sleep-inducing moves are banned
|clearpoke
|poke|p1|Iron Moth|
|poke|p1|Ogerpon-Wellspring, F|
|poke|p1|Raging Bolt|
|poke|p1|Great Tusk|
|poke|p1|Darkrai|
|poke|p1|Deoxys-Speed|
|poke|p2|Slowking-Galar, F|
|poke|p2|Great Tusk|
|poke|p2|Corviknight, F|
|poke|p2|Dragapult, M|
|poke|p2|Kingambit, F|
|poke|p2|Iron Boulder|
|teampreview
|inactive|Battle timer is ON: inactive players will automatically lose when time's up. (requested by AKGD)
|
|t:|1779845506
|teamsize|p1|6
|teamsize|p2|6
|start
|switch|p1a: Deoxys|Deoxys-Speed|100/100
|switch|p2a: Dragapult|Dragapult, M|100/100
|-ability|p1a: Deoxys|Pressure
|turn|1
|
|t:|1779845516
|move|p1a: Deoxys|Light Screen|p1a: Deoxys
|-sidestart|p1: AKGD|move: Light Screen
|move|p2a: Dragapult|U-turn|p1a: Deoxys
|-supereffective|p1a: Deoxys
|-damage|p1a: Deoxys|58/100
|
|t:|1779845540
|switch|p2a: Kingambit|Kingambit, F|100/100|[from] U-turn
|
|upkeep
|turn|2
|
|t:|1779845547
|move|p1a: Deoxys|Taunt|p2a: Kingambit
|-start|p2a: Kingambit|move: Taunt
|move|p2a: Kingambit|Kowtow Cleave|p1a: Deoxys
|-supereffective|p1a: Deoxys
|-damage|p1a: Deoxys|0 fnt
|faint|p1a: Deoxys
|
|upkeep
|
|t:|1779845562
|switch|p1a: Iron Moth|Iron Moth|100/100
|-enditem|p1a: Iron Moth|Booster Energy
|-activate|p1a: Iron Moth|ability: Quark Drive|[fromitem]
|-start|p1a: Iron Moth|quarkdrivespe
|turn|3
|
|t:|1779845568
|-end|p2a: Kingambit|fallenundefined|[silent]
|switch|p2a: Slowking|Slowking-Galar, F|100/100
|move|p1a: Iron Moth|Fiery Dance|p2a: Slowking
|-damage|p2a: Slowking|77/100
|-boost|p1a: Iron Moth|spa|1
|
|upkeep
|turn|4
|
|t:|1779845579
|move|p1a: Iron Moth|Fiery Dance|p2a: Slowking
|-damage|p2a: Slowking|38/100
|move|p2a: Slowking|Future Sight|p1a: Iron Moth
|-start|p2a: Slowking|move: Future Sight
|
|upkeep
|turn|5
|
|t:|1779845592
|move|p1a: Iron Moth|Fiery Dance|p2a: Slowking
|-damage|p2a: Slowking|1/100
|-prepare|p2a: Slowking|Chilly Reception|[premajor]
|move|p2a: Slowking|Chilly Reception|p2a: Slowking
|-weather|Snowscape
|
|t:|1779845599
|switch|p2a: Iron Boulder|Iron Boulder|100/100|[from] Chilly Reception
|
|-weather|Snowscape|[upkeep]
|upkeep
|turn|6
|
|t:|1779845615
|-terastallize|p1a: Iron Moth|Grass
|move|p1a: Iron Moth|Energy Ball|p2a: Iron Boulder
|-supereffective|p2a: Iron Boulder
|-damage|p2a: Iron Boulder|0 fnt
|faint|p2a: Iron Boulder
|-end|p2a: Iron Boulder|Quark Drive|[silent]
|
|-weather|Snowscape|[upkeep]
|-end|p1a: Iron Moth|move: Future Sight
|-damage|p1a: Iron Moth|78/100
|upkeep
|
|t:|1779845643
|switch|p2a: Slowking|Slowking-Galar, F|34/100
|turn|7
|inactive|Exiowf has 120 seconds left.
|
|t:|1779845670
|switch|p2a: Dragapult|Dragapult, M|100/100
|move|p1a: Iron Moth|Fiery Dance|p2a: Dragapult
|-resisted|p2a: Dragapult
|-damage|p2a: Dragapult|59/100
|
|-weather|Snowscape|[upkeep]
|upkeep
|turn|8
|
|t:|1779845678
|move|p1a: Iron Moth|Dazzling Gleam|p2a: Dragapult
|-supereffective|p2a: Dragapult
|-damage|p2a: Dragapult|0 fnt
|faint|p2a: Dragapult
|
|-weather|Snowscape|[upkeep]
|-sideend|p1: AKGD|move: Light Screen
|upkeep
|
|t:|1779845685
|switch|p2a: Slowking|Slowking-Galar, F|67/100
|turn|9
|
|t:|1779845690
|move|p1a: Iron Moth|Fiery Dance|p2a: Slowking
|-damage|p2a: Slowking|34/100
|-boost|p1a: Iron Moth|spa|1
|move|p2a: Slowking|Sludge Bomb|p1a: Iron Moth
|-supereffective|p1a: Iron Moth
|-damage|p1a: Iron Moth|16/100
|-status|p1a: Iron Moth|psn
|
|-weather|none
|-damage|p1a: Iron Moth|3/100 psn|[from] psn
|upkeep
|turn|10
|inactive|Exiowf has 120 seconds left.
|
|t:|1779845708
|-terastallize|p2a: Slowking|Water
|move|p1a: Iron Moth|Fiery Dance|p2a: Slowking
|-resisted|p2a: Slowking
|-damage|p2a: Slowking|8/100
|-boost|p1a: Iron Moth|spa|1
|-prepare|p2a: Slowking|Chilly Reception|[premajor]
|move|p2a: Slowking|Chilly Reception|p2a: Slowking
|-weather|Snowscape
|inactive|Exiowf has 120 seconds left.
|
|t:|1779845720
|switch|p2a: Corviknight|Corviknight, F|100/100|[from] Chilly Reception
|-ability|p2a: Corviknight|Pressure
|
|-weather|Snowscape|[upkeep]
|-damage|p1a: Iron Moth|0 fnt|[from] psn
|faint|p1a: Iron Moth
|-end|p1a: Iron Moth|Quark Drive|[silent]
|upkeep
|
|t:|1779845735
|switch|p1a: Darkrai|Darkrai|100/100
|turn|11
|inactive|Exiowf has 120 seconds left.
|
|t:|1779845746
|move|p1a: Darkrai|Nasty Plot|p1a: Darkrai
|-boost|p1a: Darkrai|spa|2
|move|p2a: Corviknight|Body Press|p1a: Darkrai
|-supereffective|p1a: Darkrai
|-damage|p1a: Darkrai|31/100
|
|-weather|Snowscape|[upkeep]
|upkeep
|turn|12
|
|t:|1779845754
|move|p1a: Darkrai|Dark Pulse|p2a: Corviknight
|-damage|p2a: Corviknight|15/100
|move|p2a: Corviknight|U-turn|p1a: Darkrai
|-supereffective|p1a: Darkrai
|-damage|p1a: Darkrai|0 fnt
|faint|p1a: Darkrai
|
|t:|1779845762
|switch|p2a: Slowking|Slowking-Galar, F, tera:Water|41/100|[from] U-turn
|
|-weather|Snowscape|[upkeep]
|upkeep
|
|t:|1779845773
|switch|p1a: Ogerpon|Ogerpon-Wellspring, F|100/100
|turn|13
|
|t:|1779845779
|switch|p2a: Corviknight|Corviknight, F|15/100
|-ability|p2a: Corviknight|Pressure
|move|p1a: Ogerpon|Trailblaze|p2a: Corviknight
|-resisted|p2a: Corviknight
|-crit|p2a: Corviknight
|-damage|p2a: Corviknight|9/100
|-boost|p1a: Ogerpon|spe|1
|-damage|p1a: Ogerpon|84/100|[from] item: Rocky Helmet|[of] p2a: Corviknight
|
|-weather|Snowscape|[upkeep]
|upkeep
|turn|14
|
|t:|1779845793
|move|p1a: Ogerpon|Ivy Cudgel|p2a: Corviknight|[anim] Ivy Cudgel Water
|-damage|p2a: Corviknight|0 fnt
|faint|p2a: Corviknight
|
|-weather|none
|upkeep
|
|t:|1779845799
|switch|p2a: Slowking|Slowking-Galar, F, tera:Water|74/100
|turn|15
|
|t:|1779845813
|move|p1a: Ogerpon|Trailblaze|p2a: Slowking
|-supereffective|p2a: Slowking
|-damage|p2a: Slowking|17/100
|-boost|p1a: Ogerpon|spe|1
|move|p2a: Slowking|Sludge Bomb|p1a: Ogerpon
|-supereffective|p1a: Ogerpon
|-damage|p1a: Ogerpon|1/100
|
|upkeep
|turn|16
|
|t:|1779845826
|move|p1a: Ogerpon|Ivy Cudgel|p2a: Slowking|[anim] Ivy Cudgel Water
|-resisted|p2a: Slowking
|-damage|p2a: Slowking|0 fnt
|faint|p2a: Slowking
|
|upkeep
|
|t:|1779845832
|switch|p2a: Kingambit|Kingambit, F|100/100
|-activate|p2a: Kingambit|ability: Supreme Overlord
|-start|p2a: Kingambit|fallen4|[silent]
|turn|17
|
|t:|1779845849
|move|p2a: Kingambit|Sucker Punch|p1a: Ogerpon
|-damage|p1a: Ogerpon|0 fnt
|faint|p1a: Ogerpon
|
|upkeep
|
|t:|1779845855
|switch|p1a: Dragonship|Great Tusk|100/100
|-enditem|p1a: Dragonship|Booster Energy
|-activate|p1a: Dragonship|ability: Protosynthesis|[fromitem]
|-start|p1a: Dragonship|protosynthesisspe
|turn|18
|
|t:|1779845862
|-end|p2a: Kingambit|fallen4|[silent]
|switch|p2a: Great Tusk|Great Tusk|100/100
|move|p1a: Dragonship|Bulk Up|p1a: Dragonship
|-boost|p1a: Dragonship|atk|1
|-boost|p1a: Dragonship|def|1
|
|upkeep
|turn|19
|
|t:|1779845868
|move|p1a: Dragonship|Bulk Up|p1a: Dragonship
|-boost|p1a: Dragonship|atk|1
|-boost|p1a: Dragonship|def|1
|move|p2a: Great Tusk|Rapid Spin|p1a: Dragonship
|-crit|p1a: Dragonship
|-damage|p1a: Dragonship|85/100
|-boost|p2a: Great Tusk|spe|1
|
|upkeep
|turn|20
|
|t:|1779845876
|move|p1a: Dragonship|Ice Spinner|p2a: Great Tusk
|-supereffective|p2a: Great Tusk
|-damage|p2a: Great Tusk|34/100
|move|p2a: Great Tusk|Stealth Rock|p1a: Dragonship
|-sidestart|p1: AKGD|move: Stealth Rock
|
|upkeep
|turn|21
|
|t:|1779845883
|move|p1a: Dragonship|Ice Spinner|p2a: Great Tusk
|-supereffective|p2a: Great Tusk
|-damage|p2a: Great Tusk|0 fnt
|faint|p2a: Great Tusk
|-end|p2a: Great Tusk|Protosynthesis|[silent]
|
|upkeep
|
|t:|1779845887
|switch|p2a: Kingambit|Kingambit, F|100/100
|-activate|p2a: Kingambit|ability: Supreme Overlord
|-start|p2a: Kingambit|fallen5|[silent]
|turn|22
|
|t:|1779845894
|move|p1a: Dragonship|Headlong Rush|p2a: Kingambit
|-supereffective|p2a: Kingambit
|-damage|p2a: Kingambit|0 fnt
|-unboost|p1a: Dragonship|def|1
|-unboost|p1a: Dragonship|spd|1
|faint|p2a: Kingambit
|-end|p2a: Kingambit|fallen5|[silent]
|
|win|AKGD
|raw|AKGD's rating: 1484 &rarr; <strong>1505</strong><br />(+21 for winning)
|raw|Exiowf's rating: 1505 &rarr; <strong>1484</strong><br />(-21 for losing)
|c|☆Exiowf|gg\
|c|☆AKGD|Gg
|l|☆Exiowf
|player|p2|
