|j|☆waha8
|j|☆claudechamp
|t:|1779872236
|gametype|singles
|player|p1|waha8|169|1354
|player|p2|claudechamp|169|1293
|gen|9
|tier|[Gen 9] OU
|rated|
|rule|HP Percentage Mod: HP is shown in percentages
|rule|Endless Battle Clause: Forcing endless battles is banned
|rule|Species Clause: Limit one of each Pokémon
|rule|OHKO Clause: OHKO moves are banned
|rule|Evasion Items Clause: Evasion items are banned
|rule|Evasion Moves Clause: Evasion moves are banned
|rule|Evasion Abilities Clause: Evasion abilities are banned
|rule|Sleep Moves Clause: Sleep-inducing moves are banned
|clearpoke
|poke|p1|Toxtricity, M|
|poke|p1|Indeedee, M|
|poke|p1|Hitmonlee, M|
|poke|p1|Samurott-Hisui, M|
|poke|p1|Komala, F|
|poke|p1|Empoleon, F|
|poke|p2|Corviknight, F|
|poke|p2|Ting-Lu|
|poke|p2|Kyurem|
|poke|p2|Dondozo, M|
|poke|p2|Slowking-Galar, M|
|poke|p2|Cinderace, M|
|teampreview
|c|☆claudechamp|hf
|inactive|Battle timer is ON: inactive players will automatically lose when time's up. (requested by claudechamp)
|
|t:|1779872255
|teamsize|p1|6
|teamsize|p2|6
|start
|switch|p1a: Sam|Samurott-Hisui, M|100/100
|switch|p2a: Cinderace|Cinderace, M|100/100
|turn|1
|
|t:|1779872267
|move|p1a: Sam|Sucker Punch|p2a: Cinderace
|-damage|p2a: Cinderace|61/100
|move|p2a: Cinderace|Pyro Ball|p1a: Sam
|-resisted|p1a: Sam
|-damage|p1a: Sam|67/100
|
|upkeep
|turn|2
|
|t:|1779872272
|move|p2a: Cinderace|Pyro Ball|p1a: Sam
|-resisted|p1a: Sam
|-damage|p1a: Sam|38/100
|move|p1a: Sam|Ceaseless Edge|p2a: Cinderace
|-damage|p2a: Cinderace|2/100
|-sidestart|p2: claudechamp|Spikes
|
|upkeep
|turn|3
|
|t:|1779872278
|move|p2a: Cinderace|Court Change|p2a: Cinderace
|-swapsideconditions
|-activate|p2a: Cinderace|move: Court Change
|move|p1a: Sam|Ceaseless Edge|p2a: Cinderace
|-damage|p2a: Cinderace|0 fnt
|-sidestart|p2: claudechamp|Spikes
|faint|p2a: Cinderace
|
|upkeep
|
|t:|1779872280
|switch|p2a: Kyurem|Kyurem|100/100
|-damage|p2a: Kyurem|88/100|[from] Spikes
|-ability|p2a: Kyurem|Pressure
|turn|4
|
|t:|1779872288
|move|p2a: Kyurem|Earth Power|p1a: Sam
|-damage|p1a: Sam|0 fnt
|faint|p1a: Sam
|
|-heal|p2a: Kyurem|94/100|[from] item: Leftovers
|upkeep
|
|t:|1779872294
|switch|p1a: DeeDee|Indeedee, M|100/100
|-damage|p1a: DeeDee|88/100|[from] Spikes
|-fieldstart|move: Psychic Terrain|[from] ability: Psychic Surge|[of] p1a: DeeDee
|turn|5
|
|t:|1779872299
|move|p2a: Kyurem|Earth Power|p1a: DeeDee
|-damage|p1a: DeeDee|45/100
|move|p1a: DeeDee|Expanding Force|p2a: Kyurem
|-damage|p2a: Kyurem|25/100
|
|-heal|p2a: Kyurem|31/100|[from] item: Leftovers
|upkeep
|turn|6
|
|t:|1779872313
|move|p1a: DeeDee|Dazzling Gleam|p2a: Kyurem
|-supereffective|p2a: Kyurem
|-damage|p2a: Kyurem|0 fnt
|faint|p2a: Kyurem
|
|upkeep
|
|t:|1779872316
|switch|p2a: Ting-Lu|Ting-Lu|100/100
|-damage|p2a: Ting-Lu|88/100|[from] Spikes
|-ability|p2a: Ting-Lu|Vessel of Ruin
|turn|7
|
|t:|1779872328
|move|p1a: DeeDee|Dazzling Gleam|p2a: Ting-Lu
|-supereffective|p2a: Ting-Lu
|-damage|p2a: Ting-Lu|68/100
|move|p2a: Ting-Lu|Earthquake|p1a: DeeDee
|-damage|p1a: DeeDee|0 fnt
|faint|p1a: DeeDee
|
|-heal|p2a: Ting-Lu|74/100|[from] item: Leftovers
|upkeep
|
|t:|1779872336
|switch|p1a: Lvl_Up|Empoleon, F|100/100
|-damage|p1a: Lvl_Up|88/100|[from] Spikes
|turn|8
|
|t:|1779872341
|move|p1a: Lvl_Up|Surf|p2a: Ting-Lu
|-supereffective|p2a: Ting-Lu
|-damage|p2a: Ting-Lu|37/100
|move|p2a: Ting-Lu|Earthquake|p1a: Lvl_Up
|-supereffective|p1a: Lvl_Up
|-damage|p1a: Lvl_Up|13/100
|
|-heal|p1a: Lvl_Up|19/100|[from] item: Leftovers
|-heal|p2a: Ting-Lu|43/100|[from] item: Leftovers
|upkeep
|turn|9
|
|t:|1779872365
|move|p1a: Lvl_Up|Surf|p2a: Ting-Lu
|-supereffective|p2a: Ting-Lu
|-damage|p2a: Ting-Lu|6/100
|move|p2a: Ting-Lu|Payback|p1a: Lvl_Up
|-crit|p1a: Lvl_Up
|-damage|p1a: Lvl_Up|0 fnt
|faint|p1a: Lvl_Up
|
|-heal|p2a: Ting-Lu|12/100|[from] item: Leftovers
|upkeep
|
|t:|1779872373
|switch|p1a: Komala Harris|Komala, F|100/100
|-damage|p1a: Komala Harris|88/100|[from] Spikes
|-ability|p1a: Komala Harris|Comatose
|turn|10
|
|t:|1779872379
|move|p1a: Komala Harris|Rapid Spin|p2a: Ting-Lu
|-damage|p2a: Ting-Lu|0 fnt
|-boost|p1a: Komala Harris|spe|1
|-sideend|p1: waha8|Spikes|[from] move: Rapid Spin|[of] p1a: Komala Harris
|faint|p2a: Ting-Lu
|
|upkeep
|
|t:|1779872384
|switch|p2a: Corviknight|Corviknight, F|100/100
|-ability|p2a: Corviknight|Pressure
|turn|11
|
|t:|1779872390
|move|p1a: Komala Harris|Knock Off|p2a: Corviknight
|-damage|p2a: Corviknight|87/100
|-damage|p1a: Komala Harris|72/100|[from] item: Rocky Helmet|[of] p2a: Corviknight
|-enditem|p2a: Corviknight|Rocky Helmet|[from] move: Knock Off|[of] p1a: Komala Harris
|move|p2a: Corviknight|Brave Bird|p1a: Komala Harris
|-damage|p1a: Komala Harris|38/100
|-damage|p2a: Corviknight|77/100|[from] Recoil
|
|upkeep
|turn|12
|
|t:|1779872398
|move|p1a: Komala Harris|Body Slam|p2a: Corviknight
|-resisted|p2a: Corviknight
|-damage|p2a: Corviknight|67/100
|-status|p2a: Corviknight|par
|cant|p2a: Corviknight|par
|
|-fieldend|move: Psychic Terrain
|upkeep
|turn|13
|
|t:|1779872405
|move|p1a: Komala Harris|U-turn|p2a: Corviknight
|-resisted|p2a: Corviknight
|-damage|p2a: Corviknight|64/100 par
|
|t:|1779872408
|switch|p1a: Fuu|Toxtricity, M|100/100|[from] U-turn
|move|p2a: Corviknight|Brave Bird|p1a: Fuu
|-resisted|p1a: Fuu
|-damage|p1a: Fuu|70/100
|-damage|p2a: Corviknight|57/100 par|[from] Recoil
|
|upkeep
|turn|14
|
|t:|1779872423
|move|p1a: Fuu|Overdrive|p2a: Corviknight
|-supereffective|p2a: Corviknight
|-damage|p2a: Corviknight|0 fnt
|faint|p2a: Corviknight
|-enditem|p1a: Fuu|Throat Spray
|-boost|p1a: Fuu|spa|1|[from] item: Throat Spray
|
|upkeep
|
|t:|1779872427
|switch|p2a: Dondozo|Dondozo, M|100/100
|-damage|p2a: Dondozo|88/100|[from] Spikes
|turn|15
|
|t:|1779872435
|-terastallize|p1a: Fuu|Normal
|-terastallize|p2a: Dondozo|Dark
|move|p1a: Fuu|Boomburst|p2a: Dondozo
|-damage|p2a: Dondozo|31/100
|move|p2a: Dondozo|Waterfall|p1a: Fuu
|-damage|p1a: Fuu|23/100
|
|-heal|p2a: Dondozo|37/100|[from] item: Leftovers
|upkeep
|turn|16
|
|t:|1779872444
|switch|p2a: Slowking|Slowking-Galar, M|100/100
|-damage|p2a: Slowking|88/100|[from] Spikes
|move|p1a: Fuu|Boomburst|p2a: Slowking
|-damage|p2a: Slowking|0 fnt
|faint|p2a: Slowking
|
|upkeep
|
|t:|1779872447
|switch|p2a: Dondozo|Dondozo, M, tera:Dark|37/100
|-damage|p2a: Dondozo|25/100|[from] Spikes
|turn|17
|
|t:|1779872453
|move|p1a: Fuu|Boomburst|p2a: Dondozo
|-damage|p2a: Dondozo|0 fnt
|faint|p2a: Dondozo
|
|win|waha8
|raw|waha8's rating: 1354 &rarr; <strong>1368</strong><br />(+14 for winning)
|raw|claudechamp's rating: 1240 &rarr; <strong>1223</strong><br />(-17 for losing)
|c|☆claudechamp|gg
|c|☆waha8|gtg
|l|☆waha8
|player|p1|
|l|☆claudechamp
|player|p2|
