|j|☆LaportaPotty
|j|☆ihymyly
|t:|1779860875
|gametype|singles
|player|p1|LaportaPotty|1|1435
|player|p2|ihymyly|101|1542
|gen|9
|tier|[Gen 9] OU
|rated|
|rule|HP Percentage Mod: HP is shown in percentages
|rule|Endless Battle Clause: Forcing endless battles is banned
|rule|Species Clause: Limit one of each Pokémon
|rule|OHKO Clause: OHKO moves are banned
|rule|Evasion Items Clause: Evasion items are banned
|rule|Evasion Moves Clause: Evasion moves are banned
|rule|Evasion Abilities Clause: Evasion abilities are banned
|rule|Sleep Moves Clause: Sleep-inducing moves are banned
|clearpoke
|poke|p1|Clefable, M|
|poke|p1|Glimmora, M|
|poke|p1|Kyurem|
|poke|p1|Wo-Chien|
|poke|p1|Gholdengo|
|poke|p1|Iron Treads|
|poke|p2|Darkrai|
|poke|p2|Great Tusk|
|poke|p2|Dragapult, F|
|poke|p2|Slowking-Galar, M|
|poke|p2|Skarmory, F|
|poke|p2|Ogerpon-Wellspring, F|
|teampreview
|
|t:|1779860886
|teamsize|p1|6
|teamsize|p2|6
|start
|switch|p1a: Glimmora|Glimmora, M|100/100
|switch|p2a: Ogerpon|Ogerpon-Wellspring, F|100/100
|turn|1
|
|t:|1779860893
|move|p2a: Ogerpon|Ivy Cudgel|p1a: Glimmora|[anim] Ivy Cudgel Water
|-supereffective|p1a: Glimmora
|-damage|p1a: Glimmora|11/100
|-activate|p1a: Glimmora|ability: Toxic Debris
|-sidestart|p2: ihymyly|move: Toxic Spikes
|move|p1a: Glimmora|Mortal Spin|p2a: Ogerpon
|-supereffective|p2a: Ogerpon
|-damage|p2a: Ogerpon|82/100
|-status|p2a: Ogerpon|psn
|
|-heal|p1a: Glimmora|18/100|[from] item: Leftovers
|-damage|p2a: Ogerpon|70/100 psn|[from] psn
|upkeep
|turn|2
|
|t:|1779860902
|switch|p1a: Wo-Chien|Wo-Chien|100/100
|-ability|p1a: Wo-Chien|Tablets of Ruin
|move|p2a: Ogerpon|Knock Off|p1a: Wo-Chien
|-resisted|p1a: Wo-Chien
|-damage|p1a: Wo-Chien|88/100
|-enditem|p1a: Wo-Chien|Leftovers|[from] move: Knock Off|[of] p2a: Ogerpon
|
|-damage|p2a: Ogerpon|58/100 psn|[from] psn
|upkeep
|turn|3
|
|t:|1779860912
|switch|p2a: Slowking|Slowking-Galar, M|100/100
|-sideend|p2: ihymyly|move: Toxic Spikes|[of] p2a: Slowking
|switch|p1a: Glimmora|Glimmora, M|18/100
|
|-heal|p1a: Glimmora|24/100|[from] item: Leftovers
|upkeep
|turn|4
|
|t:|1779860919
|move|p1a: Glimmora|Stealth Rock|p2a: Slowking
|-sidestart|p2: ihymyly|move: Stealth Rock
|move|p2a: Slowking|Psychic Noise|p1a: Glimmora
|-supereffective|p1a: Glimmora
|-damage|p1a: Glimmora|0 fnt
|faint|p1a: Glimmora
|
|upkeep
|
|t:|1779860926
|switch|p1a: Wo-Chien|Wo-Chien|88/100
|-ability|p1a: Wo-Chien|Tablets of Ruin
|turn|5
|
|t:|1779860933
|move|p1a: Wo-Chien|Substitute|p1a: Wo-Chien
|-start|p1a: Wo-Chien|Substitute
|-damage|p1a: Wo-Chien|64/100
|move|p2a: Slowking|Sludge Bomb|p1a: Wo-Chien
|-supereffective|p1a: Wo-Chien
|-end|p1a: Wo-Chien|Substitute
|
|upkeep
|turn|6
|
|t:|1779860939
|switch|p1a: Gholdengo|Gholdengo|100/100
|-item|p1a: Gholdengo|Air Balloon
|move|p2a: Slowking|Sludge Bomb|p1a: Gholdengo
|-immune|p1a: Gholdengo
|
|upkeep
|turn|7
|
|t:|1779860945
|move|p1a: Gholdengo|Nasty Plot|p1a: Gholdengo
|-boost|p1a: Gholdengo|spa|2
|-prepare|p2a: Slowking|Chilly Reception|[premajor]
|move|p2a: Slowking|Chilly Reception|p2a: Slowking
|-weather|Snowscape
|
|t:|1779860951
|switch|p2a: Ogerpon|Ogerpon-Wellspring, F|58/100 psn|[from] Chilly Reception
|-damage|p2a: Ogerpon|45/100 psn|[from] Stealth Rock
|
|-weather|Snowscape|[upkeep]
|-damage|p2a: Ogerpon|33/100 psn|[from] psn
|upkeep
|turn|8
|
|t:|1779860961
|move|p2a: Ogerpon|Ivy Cudgel|p1a: Gholdengo|[anim] Ivy Cudgel Water
|-damage|p1a: Gholdengo|62/100
|-enditem|p1a: Gholdengo|Air Balloon
|move|p1a: Gholdengo|Recover|p1a: Gholdengo
|-heal|p1a: Gholdengo|100/100
|
|-weather|Snowscape|[upkeep]
|-damage|p2a: Ogerpon|21/100 psn|[from] psn
|upkeep
|turn|9
|
|t:|1779860970
|move|p2a: Ogerpon|Ivy Cudgel|p1a: Gholdengo|[anim] Ivy Cudgel Water
|-crit|p1a: Gholdengo
|-damage|p1a: Gholdengo|41/100
|move|p1a: Gholdengo|Recover|p1a: Gholdengo
|-heal|p1a: Gholdengo|91/100
|
|-weather|Snowscape|[upkeep]
|-damage|p2a: Ogerpon|9/100 psn|[from] psn
|upkeep
|turn|10
|
|t:|1779860977
|move|p2a: Ogerpon|Ivy Cudgel|p1a: Gholdengo|[anim] Ivy Cudgel Water
|-damage|p1a: Gholdengo|49/100
|move|p1a: Gholdengo|Recover|p1a: Gholdengo
|-heal|p1a: Gholdengo|99/100
|
|-weather|Snowscape|[upkeep]
|-damage|p2a: Ogerpon|0 fnt|[from] psn
|faint|p2a: Ogerpon
|upkeep
|
|t:|1779860983
|switch|p2a: Goy Destroy|Great Tusk|100/100
|turn|11
|
|t:|1779860988
|move|p2a: Goy Destroy|Headlong Rush|p1a: Gholdengo
|-supereffective|p1a: Gholdengo
|-damage|p1a: Gholdengo|14/100
|-unboost|p2a: Goy Destroy|def|1
|-unboost|p2a: Goy Destroy|spd|1
|move|p1a: Gholdengo|Make It Rain|p2a: Goy Destroy
|-damage|p2a: Goy Destroy|0 fnt
|-unboost|p1a: Gholdengo|spa|1
|faint|p2a: Goy Destroy
|-end|p2a: Goy Destroy|Protosynthesis|[silent]
|
|-weather|none
|upkeep
|
|t:|1779861001
|switch|p2a: Darkrai|Darkrai, shiny|100/100
|-damage|p2a: Darkrai|88/100|[from] Stealth Rock
|turn|12
|
|t:|1779861007
|move|p2a: Darkrai|Dark Pulse|p1a: Gholdengo
|-supereffective|p1a: Gholdengo
|-damage|p1a: Gholdengo|0 fnt
|faint|p1a: Gholdengo
|
|-heal|p2a: Darkrai|94/100|[from] item: Leftovers
|upkeep
|
|t:|1779861011
|switch|p1a: Wo-Chien|Wo-Chien|64/100
|-ability|p1a: Wo-Chien|Tablets of Ruin
|turn|13
|
|t:|1779861014
|move|p2a: Darkrai|Nasty Plot|p2a: Darkrai
|-boost|p2a: Darkrai|spa|2
|move|p1a: Wo-Chien|Leech Seed|p2a: Darkrai
|-start|p2a: Darkrai|move: Leech Seed
|
|-heal|p2a: Darkrai|100/100|[from] item: Leftovers
|-damage|p2a: Darkrai|88/100|[from] Leech Seed|[of] p1a: Wo-Chien
|-heal|p1a: Wo-Chien|74/100|[silent]
|upkeep
|turn|14
|
|t:|1779861021
|move|p2a: Darkrai|Ice Beam|p1a: Wo-Chien
|-supereffective|p1a: Wo-Chien
|-damage|p1a: Wo-Chien|16/100
|-status|p1a: Wo-Chien|frz
|-curestatus|p1a: Wo-Chien|frz|[msg]
|move|p1a: Wo-Chien|Knock Off|p2a: Darkrai
|-resisted|p2a: Darkrai
|-damage|p2a: Darkrai|71/100
|-enditem|p2a: Darkrai|Leftovers|[from] move: Knock Off|[of] p1a: Wo-Chien
|
|-damage|p2a: Darkrai|59/100|[from] Leech Seed|[of] p1a: Wo-Chien
|-heal|p1a: Wo-Chien|27/100|[silent]
|upkeep
|turn|15
|
|t:|1779861031
|move|p1a: Wo-Chien|Protect|p1a: Wo-Chien
|-singleturn|p1a: Wo-Chien|Protect
|move|p2a: Darkrai|Ice Beam|p1a: Wo-Chien
|-activate|p1a: Wo-Chien|move: Protect
|
|-damage|p2a: Darkrai|46/100|[from] Leech Seed|[of] p1a: Wo-Chien
|-heal|p1a: Wo-Chien|37/100|[silent]
|upkeep
|turn|16
|
|t:|1779861041
|switch|p1a: Iron Treads|Iron Treads|100/100
|-enditem|p1a: Iron Treads|Booster Energy
|-activate|p1a: Iron Treads|ability: Quark Drive|[fromitem]
|-start|p1a: Iron Treads|quarkdrivespe
|move|p2a: Darkrai|Ice Beam|p1a: Iron Treads
|-damage|p1a: Iron Treads|28/100
|
|-damage|p2a: Darkrai|34/100|[from] Leech Seed|[of] p1a: Iron Treads
|-heal|p1a: Iron Treads|38/100|[silent]
|upkeep
|turn|17
|
|t:|1779861051
|switch|p2a: Skarmory|Skarmory, F|100/100
|-damage|p2a: Skarmory|88/100|[from] Stealth Rock
|move|p1a: Iron Treads|Body Press|p2a: Skarmory
|-damage|p2a: Skarmory|74/100
|-damage|p1a: Iron Treads|22/100|[from] item: Rocky Helmet|[of] p2a: Skarmory
|
|upkeep
|turn|18
|
|t:|1779861057
|move|p1a: Iron Treads|Iron Defense|p1a: Iron Treads
|-boost|p1a: Iron Treads|def|2
|move|p2a: Skarmory|Spikes|p1a: Iron Treads
|-sidestart|p1: LaportaPotty|Spikes
|
|upkeep
|turn|19
|
|t:|1779861066
|move|p1a: Iron Treads|Iron Defense|p1a: Iron Treads
|-boost|p1a: Iron Treads|def|2
|move|p2a: Skarmory|Roost|p2a: Skarmory
|-heal|p2a: Skarmory|100/100
|-singleturn|p2a: Skarmory|move: Roost
|
|upkeep
|turn|20
|
|t:|1779861077
|move|p1a: Iron Treads|Iron Defense|p1a: Iron Treads
|-boost|p1a: Iron Treads|def|2
|move|p2a: Skarmory|Whirlwind|p1a: Iron Treads
|-end|p1a: Iron Treads|Quark Drive|[silent]
|drag|p1a: Kyurem|Kyurem|100/100
|-damage|p1a: Kyurem|88/100|[from] Spikes
|-ability|p1a: Kyurem|Pressure
|
|-heal|p1a: Kyurem|94/100|[from] item: Leftovers
|upkeep
|turn|21
|
|t:|1779861085
|move|p1a: Kyurem|Freeze-Dry|p2a: Skarmory
|-damage|p2a: Skarmory|53/100
|move|p2a: Skarmory|Whirlwind|p1a: Kyurem
|drag|p1a: Iron Treads|Iron Treads|22/100
|-damage|p1a: Iron Treads|9/100|[from] Spikes
|
|upkeep
|turn|22
|
|t:|1779861093
|move|p1a: Iron Treads|Knock Off|p2a: Skarmory
|-damage|p2a: Skarmory|36/100
|-damage|p1a: Iron Treads|0 fnt|[from] item: Rocky Helmet|[of] p2a: Skarmory
|faint|p1a: Iron Treads
|-end|p1a: Iron Treads|Quark Drive|[silent]
|move|p2a: Skarmory|Roost|p2a: Skarmory
|-heal|p2a: Skarmory|86/100
|-singleturn|p2a: Skarmory|move: Roost
|
|upkeep
|
|t:|1779861100
|switch|p1a: Wo-Chien|Wo-Chien|37/100
|-damage|p1a: Wo-Chien|24/100|[from] Spikes
|-ability|p1a: Wo-Chien|Tablets of Ruin
|turn|23
|
|t:|1779861107
|move|p2a: Skarmory|Brave Bird|p1a: Wo-Chien
|-supereffective|p1a: Wo-Chien
|-damage|p1a: Wo-Chien|0 fnt
|faint|p1a: Wo-Chien
|-damage|p2a: Skarmory|78/100|[from] Recoil
|
|upkeep
|
|t:|1779861111
|switch|p1a: Kyurem|Kyurem|94/100
|-damage|p1a: Kyurem|82/100|[from] Spikes
|-ability|p1a: Kyurem|Pressure
|turn|24
|
|t:|1779861117
|move|p1a: Kyurem|Freeze-Dry|p2a: Skarmory
|-damage|p2a: Skarmory|33/100
|move|p2a: Skarmory|Whirlwind|p1a: Kyurem
|drag|p1a: Clefable|Clefable, M|100/100
|
|upkeep
|turn|25
|
|t:|1779861126
|move|p2a: Skarmory|Spikes|p1a: Clefable
|-sidestart|p1: LaportaPotty|Spikes
|move|p1a: Clefable|Calm Mind|p1a: Clefable
|-boost|p1a: Clefable|spa|1
|-boost|p1a: Clefable|spd|1
|
|upkeep
|turn|26
|
|t:|1779861131
|move|p1a: Clefable|Moonblast|p2a: Skarmory
|-resisted|p2a: Skarmory
|-crit|p2a: Skarmory
|-damage|p2a: Skarmory|0 fnt
|faint|p2a: Skarmory
|
|upkeep
|
|t:|1779861136
|switch|p2a: Slowking|Slowking-Galar, M|100/100
|turn|27
|
|t:|1779861141
|move|p1a: Clefable|Knock Off|p2a: Slowking
|-supereffective|p2a: Slowking
|-damage|p2a: Slowking|67/100
|-enditem|p2a: Slowking|Heavy-Duty Boots|[from] move: Knock Off|[of] p1a: Clefable
|move|p2a: Slowking|Thunder Wave|p1a: Clefable
|-status|p1a: Clefable|par
|
|upkeep
|turn|28
|
|t:|1779861159
|move|p1a: Clefable|Calm Mind|p1a: Clefable
|-boost|p1a: Clefable|spa|1
|-boost|p1a: Clefable|spd|1
|move|p2a: Slowking|Psychic Noise|p1a: Clefable
|-damage|p1a: Clefable|87/100 par
|-start|p1a: Clefable|move: Heal Block
|
|upkeep
|turn|29
|
|t:|1779861168
|move|p1a: Clefable|Knock Off|p2a: Slowking
|-supereffective|p2a: Slowking
|-damage|p2a: Slowking|44/100
|move|p2a: Slowking|Sludge Bomb|p1a: Clefable
|-supereffective|p1a: Clefable
|-damage|p1a: Clefable|56/100 par
|
|-end|p1a: Clefable|move: Heal Block
|upkeep
|turn|30
|
|t:|1779861177
|cant|p1a: Clefable|par
|-prepare|p2a: Slowking|Chilly Reception|[premajor]
|move|p2a: Slowking|Chilly Reception|p2a: Slowking
|-weather|Snowscape
|
|t:|1779861180
|switch|p2a: Darkrai|Darkrai, shiny|34/100|[from] Chilly Reception
|-damage|p2a: Darkrai|21/100|[from] Stealth Rock
|
|-weather|Snowscape|[upkeep]
|-heal|p1a: Clefable|62/100 par|[from] item: Leftovers
|upkeep
|turn|31
|
|t:|1779861186
|switch|p2a: Slowking|Slowking-Galar, M|77/100
|-damage|p2a: Slowking|65/100|[from] Stealth Rock
|move|p1a: Clefable|Moonblast|p2a: Slowking
|-resisted|p2a: Slowking
|-damage|p2a: Slowking|46/100
|
|-weather|Snowscape|[upkeep]
|-heal|p1a: Clefable|68/100 par|[from] item: Leftovers
|upkeep
|turn|32
|
|t:|1779861193
|cant|p1a: Clefable|par
|move|p2a: Slowking|Sludge Bomb|p1a: Clefable
|-supereffective|p1a: Clefable
|-damage|p1a: Clefable|35/100 par
|
|-weather|Snowscape|[upkeep]
|-heal|p1a: Clefable|41/100 par|[from] item: Leftovers
|upkeep
|turn|33
|
|t:|1779861197
|move|p1a: Clefable|Moonlight|p1a: Clefable
|-heal|p1a: Clefable|65/100 par
|move|p2a: Slowking|Psychic Noise|p1a: Clefable
|-damage|p1a: Clefable|52/100 par
|-start|p1a: Clefable|move: Heal Block
|
|-weather|Snowscape|[upkeep]
|upkeep
|turn|34
|
|t:|1779861204
|cant|p1a: Clefable|par
|move|p2a: Slowking|Sludge Bomb|p1a: Clefable
|-supereffective|p1a: Clefable
|-damage|p1a: Clefable|18/100 par
|
|-weather|none
|-end|p1a: Clefable|move: Heal Block
|upkeep
|turn|35
|
|t:|1779861208
|move|p1a: Clefable|Moonblast|p2a: Slowking
|-resisted|p2a: Slowking
|-damage|p2a: Slowking|27/100
|move|p2a: Slowking|Sludge Bomb|p1a: Clefable
|-supereffective|p1a: Clefable
|-damage|p1a: Clefable|0 fnt
|faint|p1a: Clefable
|
|upkeep
|
|t:|1779861213
|switch|p1a: Kyurem|Kyurem|82/100
|-damage|p1a: Kyurem|65/100|[from] Spikes
|-ability|p1a: Kyurem|Pressure
|turn|36
|
|t:|1779861222
|move|p1a: Kyurem|Substitute|p1a: Kyurem
|-start|p1a: Kyurem|Substitute
|-damage|p1a: Kyurem|40/100
|move|p2a: Slowking|Thunder Wave||[still]
|-fail|p2a: Slowking
|
|-heal|p1a: Kyurem|47/100|[from] item: Leftovers
|upkeep
|turn|37
|
|t:|1779861234
|move|p1a: Kyurem|Earth Power|p2a: Slowking
|-supereffective|p2a: Slowking
|-crit|p2a: Slowking
|-damage|p2a: Slowking|0 fnt
|faint|p2a: Slowking
|
|-heal|p1a: Kyurem|53/100|[from] item: Leftovers
|upkeep
|
|t:|1779861238
|switch|p2a: Dragapult|Dragapult, F|100/100
|turn|38
|
|t:|1779861246
|-terastallize|p2a: Dragapult|Ghost
|-terastallize|p1a: Kyurem|Fairy
|move|p2a: Dragapult|Hex|p1a: Kyurem
|-damage|p1a: Kyurem|16/100
|move|p1a: Kyurem|Freeze-Dry|p2a: Dragapult
|-damage|p2a: Dragapult|44/100
|
|-heal|p1a: Kyurem|22/100|[from] item: Leftovers
|upkeep
|turn|39
|
|t:|1779861255
|move|p1a: Kyurem|Protect|p1a: Kyurem
|-singleturn|p1a: Kyurem|Protect
|move|p2a: Dragapult|Hex|p1a: Kyurem
|-activate|p1a: Kyurem|move: Protect
|
|-heal|p1a: Kyurem|28/100|[from] item: Leftovers
|upkeep
|turn|40
|
|t:|1779861262
|move|p1a: Kyurem|Protect||[still]
|-fail|p1a: Kyurem
|move|p2a: Dragapult|Hex|p1a: Kyurem
|-damage|p1a: Kyurem|0 fnt
|faint|p1a: Kyurem
|
|win|ihymyly
|raw|LaportaPotty's rating: 1435 &rarr; <strong>1421</strong><br />(-14 for losing)
|raw|ihymyly's rating: 1542 &rarr; <strong>1556</strong><br />(+14 for winning)
|l|☆LaportaPotty
|player|p1|
|l|☆ihymyly
|player|p2|
