|j|☆Pelogrulla72
|j|☆CherryzardX
|t:|1779807039
|gametype|singles
|player|p1|Pelogrulla72|erika|1216
|player|p2|CherryzardX|1|1242
|gen|9
|tier|[Gen 9] OU
|rated|
|rule|HP Percentage Mod: HP is shown in percentages
|rule|Endless Battle Clause: Forcing endless battles is banned
|rule|Species Clause: Limit one of each Pokémon
|rule|OHKO Clause: OHKO moves are banned
|rule|Evasion Items Clause: Evasion items are banned
|rule|Evasion Moves Clause: Evasion moves are banned
|rule|Evasion Abilities Clause: Evasion abilities are banned
|rule|Sleep Moves Clause: Sleep-inducing moves are banned
|clearpoke
|poke|p1|Ninetales-Alola, F|
|poke|p1|Clawitzer, M|
|poke|p1|Cetitan, F|
|poke|p1|Gallade, M|
|poke|p1|Slowking-Galar, M|
|poke|p1|Cinderace, M|
|poke|p2|Kyurem|
|poke|p2|Samurott-Hisui, M|
|poke|p2|Corviknight, F|
|poke|p2|Hatterene, F|
|poke|p2|Garganacl, M|
|poke|p2|Rotom-Heat|
|teampreview
|inactive|Battle timer is ON: inactive players will automatically lose when time's up. (requested by CherryzardX)
|
|t:|1779807046
|teamsize|p1|6
|teamsize|p2|6
|start
|switch|p1a: Goldito|Slowking-Galar, M|100/100
|switch|p2a: Garganacl|Garganacl, M|100/100
|turn|1
|
|t:|1779807051
|move|p2a: Garganacl|Stealth Rock|p1a: Goldito
|-sidestart|p1: Pelogrulla72|move: Stealth Rock
|move|p1a: Goldito|Future Sight|p2a: Garganacl
|-start|p1a: Goldito|move: Future Sight
|
|upkeep
|turn|2
|
|t:|1779807057
|move|p2a: Garganacl|Earthquake|p1a: Goldito
|-supereffective|p1a: Goldito
|-damage|p1a: Goldito|61/100
|-prepare|p1a: Goldito|Chilly Reception|[premajor]
|move|p1a: Goldito|Chilly Reception|p1a: Goldito
|-weather|Snowscape
|
|t:|1779807063
|switch|p1a: Hol Horse|Clawitzer, M, shiny|100/100|[from] Chilly Reception
|-damage|p1a: Hol Horse|88/100|[from] Stealth Rock
|
|-weather|Snowscape|[upkeep]
|upkeep
|turn|3
|
|t:|1779807069
|switch|p2a: Samurott|Samurott-Hisui, M|100/100
|move|p1a: Hol Horse|Water Pulse|p2a: Samurott
|-resisted|p2a: Samurott
|-damage|p2a: Samurott|88/100
|
|-weather|Snowscape|[upkeep]
|-end|p2a: Samurott|move: Future Sight
|-immune|p2a: Samurott
|upkeep
|turn|4
|
|t:|1779807077
|move|p2a: Samurott|Ceaseless Edge|p1a: Hol Horse
|-damage|p1a: Hol Horse|48/100
|-sidestart|p1: Pelogrulla72|Spikes
|move|p1a: Hol Horse|Dragon Pulse|p2a: Samurott
|-damage|p2a: Samurott|62/100
|
|-weather|Snowscape|[upkeep]
|upkeep
|turn|5
|
|t:|1779807090
|switch|p1a: Nieves|Cetitan, F, shiny|100/100
|move|p2a: Samurott|Aqua Cutter|p1a: Nieves
|-damage|p1a: Nieves|78/100
|
|-weather|Snowscape|[upkeep]
|upkeep
|turn|6
|
|t:|1779807097
|move|p1a: Nieves|Play Rough|p2a: Samurott
|-supereffective|p2a: Samurott
|-damage|p2a: Samurott|0 fnt
|faint|p2a: Samurott
|
|-weather|none
|upkeep
|
|t:|1779807102
|switch|p2a: Rotom|Rotom-Heat|100/100
|turn|7
|
|t:|1779807105
|switch|p1a: Pau Palacín|Cinderace, M, shiny|100/100
|move|p2a: Rotom|Volt Switch|p1a: Pau Palacín
|-damage|p1a: Pau Palacín|64/100
|
|t:|1779807113
|switch|p2a: Kyurem|Kyurem|100/100|[from] Volt Switch
|-ability|p2a: Kyurem|Pressure
|
|upkeep
|turn|8
|
|t:|1779807117
|move|p1a: Pau Palacín|Court Change|p1a: Pau Palacín
|-start|p1a: Pau Palacín|typechange|Normal|[from] ability: Libero
|-swapsideconditions
|-activate|p1a: Pau Palacín|move: Court Change
|move|p2a: Kyurem|Substitute|p2a: Kyurem
|-start|p2a: Kyurem|Substitute
|-damage|p2a: Kyurem|75/100
|
|-heal|p2a: Kyurem|82/100|[from] item: Leftovers
|upkeep
|turn|9
|
|t:|1779807124
|move|p1a: Pau Palacín|Pyro Ball|p2a: Kyurem
|-end|p2a: Kyurem|Substitute
|move|p2a: Kyurem|Freeze-Dry|p1a: Pau Palacín
|-damage|p1a: Pau Palacín|10/100
|-status|p1a: Pau Palacín|frz
|
|-heal|p2a: Kyurem|88/100|[from] item: Leftovers
|upkeep
|turn|10
|
|t:|1779807135
|switch|p1a: Goldito|Slowking-Galar, M|94/100
|move|p2a: Kyurem|Substitute|p2a: Kyurem
|-start|p2a: Kyurem|Substitute
|-damage|p2a: Kyurem|63/100
|
|-heal|p2a: Kyurem|69/100|[from] item: Leftovers
|-heal|p1a: Goldito|99/100|[from] item: Black Sludge
|upkeep
|turn|11
|
|t:|1779807141
|move|p2a: Kyurem|Earth Power|p1a: Goldito
|-supereffective|p1a: Goldito
|-damage|p1a: Goldito|52/100
|move|p1a: Goldito|Future Sight|p2a: Kyurem
|-start|p1a: Goldito|move: Future Sight
|
|-heal|p2a: Kyurem|75/100|[from] item: Leftovers
|-heal|p1a: Goldito|58/100|[from] item: Black Sludge
|upkeep
|turn|12
|
|t:|1779807152
|move|p2a: Kyurem|Earth Power|p1a: Goldito
|-supereffective|p1a: Goldito
|-damage|p1a: Goldito|6/100
|-prepare|p1a: Goldito|Chilly Reception|[premajor]
|move|p1a: Goldito|Chilly Reception|p1a: Goldito
|-weather|Snowscape
|
|t:|1779807158
|switch|p1a: Nieves|Cetitan, F, shiny|78/100|[from] Chilly Reception
|
|-weather|Snowscape|[upkeep]
|-heal|p2a: Kyurem|81/100|[from] item: Leftovers
|upkeep
|turn|13
|
|t:|1779807165
|move|p1a: Nieves|Play Rough|p2a: Kyurem
|-supereffective|p2a: Kyurem
|-end|p2a: Kyurem|Substitute
|move|p2a: Kyurem|Flash Cannon|p1a: Nieves
|-supereffective|p1a: Nieves
|-damage|p1a: Nieves|27/100
|
|-weather|Snowscape|[upkeep]
|-end|p2a: Kyurem|move: Future Sight
|-damage|p2a: Kyurem|26/100
|-heal|p2a: Kyurem|32/100|[from] item: Leftovers
|upkeep
|turn|14
|
|t:|1779807176
|switch|p2a: Corviknight|Corviknight, F|100/100
|-damage|p2a: Corviknight|88/100|[from] Stealth Rock
|-ability|p2a: Corviknight|Pressure
|move|p1a: Nieves|Play Rough|p2a: Corviknight
|-resisted|p2a: Corviknight
|-damage|p2a: Corviknight|80/100
|
|-weather|Snowscape|[upkeep]
|upkeep
|turn|15
|
|t:|1779807187
|switch|p1a: Pau Palacín|Cinderace, M, shiny|10/100 frz
|move|p2a: Corviknight|Defog|p1a: Pau Palacín
|-unboost|p1a: Pau Palacín|evasion|1
|-sideend|p2: CherryzardX|Spikes|[from] move: Defog|[of] p2a: Corviknight
|-sideend|p2: CherryzardX|Stealth Rock|[from] move: Defog|[of] p2a: Corviknight
|
|-weather|Snowscape|[upkeep]
|upkeep
|turn|16
|
|t:|1779807192
|switch|p2a: Garganacl|Garganacl, M|100/100
|-curestatus|p1a: Pau Palacín|frz|[from] move: Pyro Ball
|move|p1a: Pau Palacín|Pyro Ball|p2a: Garganacl
|-resisted|p2a: Garganacl
|-damage|p2a: Garganacl|89/100
|
|-weather|none
|upkeep
|turn|17
|
|t:|1779807202
|switch|p1a: Hol Horse|Clawitzer, M, shiny|48/100
|move|p2a: Garganacl|Salt Cure|p1a: Hol Horse
|-damage|p1a: Hol Horse|32/100
|-start|p1a: Hol Horse|Salt Cure
|
|-damage|p1a: Hol Horse|7/100|[from] Salt Cure
|upkeep
|turn|18
|
|t:|1779807211
|move|p1a: Hol Horse|Water Pulse|p2a: Garganacl
|-supereffective|p2a: Garganacl
|-damage|p2a: Garganacl|5/100
|move|p2a: Garganacl|Recover|p2a: Garganacl
|-heal|p2a: Garganacl|55/100
|
|-damage|p1a: Hol Horse|0 fnt|[from] Salt Cure
|faint|p1a: Hol Horse
|upkeep
|
|t:|1779807219
|switch|p1a: Selena|Ninetales-Alola, F, shiny|100/100
|-weather|Snowscape|[from] ability: Snow Warning|[of] p1a: Selena
|turn|19
|
|t:|1779807227
|move|p1a: Selena|Chilling Water|p2a: Garganacl
|-supereffective|p2a: Garganacl
|-damage|p2a: Garganacl|33/100
|-unboost|p2a: Garganacl|atk|1
|move|p2a: Garganacl|Salt Cure|p1a: Selena
|-supereffective|p1a: Selena
|-crit|p1a: Selena
|-damage|p1a: Selena|65/100
|-start|p1a: Selena|Salt Cure
|
|-weather|Snowscape|[upkeep]
|-damage|p1a: Selena|53/100|[from] Salt Cure
|upkeep
|turn|20
|
|t:|1779807237
|move|p1a: Selena|Chilling Water|p2a: Garganacl
|-supereffective|p2a: Garganacl
|-crit|p2a: Garganacl
|-damage|p2a: Garganacl|0 fnt
|faint|p2a: Garganacl
|
|-weather|Snowscape|[upkeep]
|-damage|p1a: Selena|41/100|[from] Salt Cure
|upkeep
|
|t:|1779807245
|switch|p2a: Rotom|Rotom-Heat|100/100
|turn|21
|
|t:|1779807251
|switch|p1a: Pau Palacín|Cinderace, M, shiny|10/100
|move|p2a: Rotom|Overheat|p1a: Pau Palacín|[miss]
|-miss|p2a: Rotom|p1a: Pau Palacín
|
|-weather|Snowscape|[upkeep]
|upkeep
|turn|22
|
|t:|1779807257
|move|p1a: Pau Palacín|Pyro Ball|p2a: Rotom
|-resisted|p2a: Rotom
|-damage|p2a: Rotom|71/100
|move|p2a: Rotom|Volt Switch|p1a: Pau Palacín
|-damage|p1a: Pau Palacín|0 fnt
|faint|p1a: Pau Palacín
|
|t:|1779807260
|switch|p2a: Hatterene|Hatterene, F|100/100|[from] Volt Switch
|
|-weather|Snowscape|[upkeep]
|upkeep
|
|t:|1779807277
|switch|p1a: Goldito|Slowking-Galar, M|39/100
|turn|23
|
|t:|1779807282
|move|p1a: Goldito|Sludge Bomb|p2a: Hatterene
|-supereffective|p2a: Hatterene
|-damage|p2a: Hatterene|16/100
|move|p2a: Hatterene|Psychic|p1a: Goldito
|-damage|p1a: Goldito|0 fnt
|faint|p1a: Goldito
|
|-weather|Snowscape|[upkeep]
|upkeep
|
|t:|1779807291
|switch|p1a: Nieves|Cetitan, F, shiny|27/100
|turn|24
|
|t:|1779807304
|switch|p2a: Corviknight|Corviknight, F|80/100
|-ability|p2a: Corviknight|Pressure
|move|p1a: Nieves|Icicle Crash|p2a: Corviknight
|-damage|p2a: Corviknight|54/100
|
|-weather|Snowscape|[upkeep]
|upkeep
|turn|25
|
|t:|1779807321
|switch|p1a: My Daddy|Gallade, M, shiny|100/100
|move|p2a: Corviknight|Roost|p2a: Corviknight
|-heal|p2a: Corviknight|100/100
|-singleturn|p2a: Corviknight|move: Roost
|
|-weather|Snowscape|[upkeep]
|upkeep
|turn|26
|
|t:|1779807333
|-terastallize|p1a: My Daddy|Steel
|move|p1a: My Daddy|Agility|p1a: My Daddy
|-boost|p1a: My Daddy|spe|2
|move|p2a: Corviknight|U-turn|p1a: My Daddy
|-resisted|p1a: My Daddy
|-damage|p1a: My Daddy|91/100
|
|t:|1779807339
|switch|p2a: Rotom|Rotom-Heat|71/100|[from] U-turn
|
|-weather|none
|upkeep
|turn|27
|
|t:|1779807343
|move|p1a: My Daddy|Sacred Sword|p2a: Rotom
|-damage|p2a: Rotom|0 fnt
|faint|p2a: Rotom
|-damage|p1a: My Daddy|81/100|[from] item: Life Orb
|
|upkeep
|
|t:|1779807346
|switch|p2a: Corviknight|Corviknight, F|100/100
|-ability|p2a: Corviknight|Pressure
|turn|28
|
|t:|1779807353
|move|p1a: My Daddy|Sacred Sword|p2a: Corviknight
|-crit|p2a: Corviknight
|-damage|p2a: Corviknight|21/100
|-damage|p1a: My Daddy|71/100|[from] item: Life Orb
|move|p2a: Corviknight|Body Press|p1a: My Daddy
|-supereffective|p1a: My Daddy
|-damage|p1a: My Daddy|0 fnt
|faint|p1a: My Daddy
|
|upkeep
|
|t:|1779807361
|switch|p1a: Selena|Ninetales-Alola, F, shiny|41/100
|-weather|Snowscape|[from] ability: Snow Warning|[of] p1a: Selena
|turn|29
|
|t:|1779807369
|move|p1a: Selena|Aurora Veil|p1a: Selena
|-sidestart|p1: Pelogrulla72|move: Aurora Veil
|move|p2a: Corviknight|Roost|p2a: Corviknight
|-heal|p2a: Corviknight|71/100
|-singleturn|p2a: Corviknight|move: Roost
|
|-weather|Snowscape|[upkeep]
|upkeep
|turn|30
|
|t:|1779807375
|move|p1a: Selena|Chilling Water|p2a: Corviknight
|-crit|p2a: Corviknight
|-damage|p2a: Corviknight|53/100
|move|p2a: Corviknight|Roost|p2a: Corviknight
|-heal|p2a: Corviknight|100/100
|-singleturn|p2a: Corviknight|move: Roost
|
|-weather|Snowscape|[upkeep]
|upkeep
|turn|31
|
|t:|1779807379
|move|p1a: Selena|Freeze-Dry|p2a: Corviknight
|-damage|p2a: Corviknight|77/100
|move|p2a: Corviknight|U-turn|p1a: Selena
|-resisted|p1a: Selena
|-damage|p1a: Selena|37/100
|
|t:|1779807382
|switch|p2a: Hatterene|Hatterene, F|16/100|[from] U-turn
|
|-weather|Snowscape|[upkeep]
|upkeep
|turn|32
|
|t:|1779807385
|move|p1a: Selena|Moonblast|p2a: Hatterene
|-damage|p2a: Hatterene|0 fnt
|faint|p2a: Hatterene
|
|-weather|Snowscape|[upkeep]
|upkeep
|
|t:|1779807390
|switch|p2a: Kyurem|Kyurem|32/100
|-ability|p2a: Kyurem|Pressure
|turn|33
|
|t:|1779807394
|-terastallize|p2a: Kyurem|Steel
|move|p2a: Kyurem|Flash Cannon|p1a: Selena
|-supereffective|p1a: Selena
|-damage|p1a: Selena|0 fnt
|faint|p1a: Selena
|
|-weather|Snowscape|[upkeep]
|-heal|p2a: Kyurem|38/100|[from] item: Leftovers
|-sideend|p1: Pelogrulla72|move: Aurora Veil
|upkeep
|
|t:|1779807397
|switch|p1a: Nieves|Cetitan, F, shiny|27/100
|turn|34
|
|t:|1779807401
|move|p1a: Nieves|Earthquake|p2a: Kyurem
|-supereffective|p2a: Kyurem
|-damage|p2a: Kyurem|0 fnt
|faint|p2a: Kyurem
|
|-weather|Snowscape|[upkeep]
|upkeep
|
|t:|1779807404
|switch|p2a: Corviknight|Corviknight, F|77/100
|-ability|p2a: Corviknight|Pressure
|turn|35
|
|t:|1779807409
|move|p1a: Nieves|Liquidation|p2a: Corviknight
|-damage|p2a: Corviknight|62/100
|move|p2a: Corviknight|Body Press|p1a: Nieves
|-supereffective|p1a: Nieves
|-damage|p1a: Nieves|0 fnt
|faint|p1a: Nieves
|
|win|CherryzardX
|raw|Pelogrulla72's rating: 1216 &rarr; <strong>1193</strong><br />(-23 for losing)
|raw|CherryzardX's rating: 1242 &rarr; <strong>1265</strong><br />(+23 for winning)
|c|☆CherryzardX|Gg
|c|☆Pelogrulla72|gg
|l|☆Pelogrulla72
|player|p1|
|l|☆CherryzardX
|player|p2|
