|j|☆lordweirdo17
|j|☆diagt14
|t:|1779859373
|gametype|singles
|player|p1|lordweirdo17|fisherman-gen4|1280
|player|p2|diagt14|veteran|1345
|gen|9
|tier|[Gen 9] OU
|rated|
|rule|HP Percentage Mod: HP is shown in percentages
|rule|Endless Battle Clause: Forcing endless battles is banned
|rule|Species Clause: Limit one of each Pokémon
|rule|OHKO Clause: OHKO moves are banned
|rule|Evasion Items Clause: Evasion items are banned
|rule|Evasion Moves Clause: Evasion moves are banned
|rule|Evasion Abilities Clause: Evasion abilities are banned
|rule|Sleep Moves Clause: Sleep-inducing moves are banned
|clearpoke
|poke|p1|Comfey, M|
|poke|p1|Whimsicott, M|
|poke|p1|Iron Moth|
|poke|p1|Walking Wake|
|poke|p1|Great Tusk|
|poke|p1|Ninetales, M|
|poke|p2|Pelipper, M|
|poke|p2|Barraskewda, F|
|poke|p2|Great Tusk|
|poke|p2|Walking Wake|
|poke|p2|Hatterene, F|
|poke|p2|Overqwil, M|
|teampreview
|inactive|Battle timer is ON: inactive players will automatically lose when time's up. (requested by lordweirdo17)
|
|t:|1779859385
|teamsize|p1|6
|teamsize|p2|6
|start
|switch|p1a: Walking Wake|Walking Wake|100/100
|switch|p2a: Pelipper|Pelipper, M|100/100
|-weather|RainDance|[from] ability: Drizzle|[of] p2a: Pelipper
|turn|1
|
|t:|1779859409
|switch|p2a: Hatterene|Hatterene, F|100/100
|move|p1a: Walking Wake|Knock Off|p2a: Hatterene
|-damage|p2a: Hatterene|85/100
|-damage|p1a: Walking Wake|84/100|[from] item: Rocky Helmet|[of] p2a: Hatterene
|-enditem|p2a: Hatterene|Rocky Helmet|[from] move: Knock Off|[of] p1a: Walking Wake
|
|-weather|RainDance|[upkeep]
|upkeep
|turn|2
|
|t:|1779859423
|move|p1a: Walking Wake|Flip Turn|p2a: Hatterene
|-damage|p2a: Hatterene|63/100
|
|t:|1779859428
|-end|p1a: Walking Wake|Protosynthesis|[silent]
|switch|p1a: Ninetales|Ninetales, M|100/100|[from] Flip Turn
|-weather|SunnyDay|[from] ability: Drought|[of] p1a: Ninetales
|move|p2a: Hatterene|Draining Kiss|p1a: Ninetales
|-resisted|p1a: Ninetales
|-damage|p1a: Ninetales|89/100
|-heal|p2a: Hatterene|73/100|[from] drain|[of] p1a: Ninetales
|
|-weather|SunnyDay|[upkeep]
|upkeep
|turn|3
|
|t:|1779859447
|switch|p1a: Iron Moth|Iron Moth|100/100
|-enditem|p1a: Iron Moth|Booster Energy
|-activate|p1a: Iron Moth|ability: Quark Drive|[fromitem]
|-start|p1a: Iron Moth|quarkdrivespe
|move|p2a: Hatterene|Nuzzle|p1a: Iron Moth
|-damage|p1a: Iron Moth|95/100
|-status|p1a: Iron Moth|par
|
|-weather|SunnyDay|[upkeep]
|upkeep
|turn|4
|
|t:|1779859457
|move|p1a: Iron Moth|Solar Beam||[still]
|-prepare|p1a: Iron Moth|Solar Beam
|-anim|p1a: Iron Moth|Solar Beam|p2a: Hatterene
|-damage|p2a: Hatterene|32/100
|move|p2a: Hatterene|Psychic Noise|p1a: Iron Moth
|-supereffective|p1a: Iron Moth
|-damage|p1a: Iron Moth|33/100 par
|-start|p1a: Iron Moth|move: Heal Block
|
|-weather|SunnyDay|[upkeep]
|upkeep
|turn|5
|
|t:|1779859469
|switch|p2a: Pelipper|Pelipper, M|100/100
|-weather|RainDance|[from] ability: Drizzle|[of] p2a: Pelipper
|move|p1a: Iron Moth|Sludge Wave|p2a: Pelipper
|-damage|p2a: Pelipper|34/100
|
|-weather|RainDance|[upkeep]
|-end|p1a: Iron Moth|move: Heal Block
|upkeep
|turn|6
|
|t:|1779859482
|-end|p1a: Iron Moth|Quark Drive|[silent]
|switch|p1a: Walking Wake|Walking Wake|84/100
|move|p2a: Pelipper|Hurricane|p1a: Walking Wake
|-damage|p1a: Walking Wake|58/100
|
|-weather|RainDance|[upkeep]
|upkeep
|turn|7
|
|t:|1779859489
|switch|p2a: Hatterene|Hatterene, F|32/100
|move|p1a: Walking Wake|Hydro Steam|p2a: Hatterene
|-damage|p2a: Hatterene|0 fnt
|faint|p2a: Hatterene
|
|-weather|RainDance|[upkeep]
|upkeep
|
|t:|1779859496
|switch|p2a: Overqwil|Overqwil, M|100/100
|turn|8
|
|t:|1779859509
|-end|p1a: Walking Wake|Protosynthesis|[silent]
|switch|p1a: Iron Moth|Iron Moth|33/100 par
|move|p2a: Overqwil|Crunch|p1a: Iron Moth
|-damage|p1a: Iron Moth|0 fnt
|faint|p1a: Iron Moth
|-end|p1a: Iron Moth|Quark Drive|[silent]
|-damage|p2a: Overqwil|91/100|[from] item: Life Orb
|
|-weather|RainDance|[upkeep]
|upkeep
|
|t:|1779859518
|switch|p1a: Ninetales|Ninetales, M|89/100
|-weather|SunnyDay|[from] ability: Drought|[of] p1a: Ninetales
|turn|9
|
|t:|1779859524
|switch|p1a: Whimsicott|Whimsicott, M|100/100
|move|p2a: Overqwil|Liquidation|p1a: Whimsicott
|-resisted|p1a: Whimsicott
|-crit|p1a: Whimsicott
|-damage|p1a: Whimsicott|83/100
|-unboost|p1a: Whimsicott|def|1
|-damage|p2a: Overqwil|81/100|[from] item: Life Orb
|
|-weather|SunnyDay|[upkeep]
|upkeep
|turn|10
|
|t:|1779859539
|switch|p2a: Pelipper|Pelipper, M|34/100
|-weather|RainDance|[from] ability: Drizzle|[of] p2a: Pelipper
|-terastallize|p1a: Whimsicott|Ghost
|move|p1a: Whimsicott|Growth|p1a: Whimsicott
|-boost|p1a: Whimsicott|atk|1
|-boost|p1a: Whimsicott|spa|1
|
|-weather|RainDance|[upkeep]
|upkeep
|turn|11
|
|t:|1779859550
|move|p1a: Whimsicott|Moonblast|p2a: Pelipper
|-damage|p2a: Pelipper|0 fnt
|faint|p2a: Pelipper
|-damage|p1a: Whimsicott|74/100|[from] item: Life Orb
|
|-weather|RainDance|[upkeep]
|upkeep
|
|t:|1779859556
|switch|p2a: Overqwil|Overqwil, M|81/100
|turn|12
|
|t:|1779859563
|switch|p1a: Walking Wake|Walking Wake|58/100
|move|p2a: Overqwil|Swords Dance|p2a: Overqwil
|-boost|p2a: Overqwil|atk|2
|
|-weather|RainDance|[upkeep]
|upkeep
|turn|13
|
|t:|1779859571
|move|p2a: Overqwil|Crunch|p1a: Walking Wake
|-crit|p1a: Walking Wake
|-damage|p1a: Walking Wake|0 fnt
|faint|p1a: Walking Wake
|-end|p1a: Walking Wake|Protosynthesis|[silent]
|-damage|p2a: Overqwil|71/100|[from] item: Life Orb
|
|-weather|RainDance|[upkeep]
|upkeep
|
|t:|1779859578
|switch|p1a: Ninetales|Ninetales, M|89/100
|-weather|SunnyDay|[from] ability: Drought|[of] p1a: Ninetales
|turn|14
|
|t:|1779859589
|move|p1a: Ninetales|Will-O-Wisp|p2a: Overqwil
|-status|p2a: Overqwil|brn
|move|p2a: Overqwil|Liquidation|p1a: Ninetales
|-supereffective|p1a: Ninetales
|-damage|p1a: Ninetales|45/100
|-unboost|p1a: Ninetales|def|1
|-damage|p2a: Overqwil|61/100 brn|[from] item: Life Orb
|
|-weather|SunnyDay|[upkeep]
|-damage|p2a: Overqwil|55/100 brn|[from] brn
|upkeep
|turn|15
|
|t:|1779859602
|move|p1a: Ninetales|Healing Wish|p1a: Ninetales
|faint|p1a: Ninetales
|move|p2a: Overqwil|Crunch|p1: Ninetales|[notarget]
|-fail|p2a: Overqwil
|
|-weather|SunnyDay|[upkeep]
|-damage|p2a: Overqwil|48/100 brn|[from] brn
|upkeep
|
|t:|1779859611
|switch|p1a: Comfey|Comfey, M|100/100
|turn|16
|
|t:|1779859618
|move|p2a: Overqwil|Gunk Shot|p1a: Comfey
|-supereffective|p1a: Comfey
|-damage|p1a: Comfey|0 fnt
|faint|p1a: Comfey
|-damage|p2a: Overqwil|38/100 brn|[from] item: Life Orb
|
|-weather|SunnyDay|[upkeep]
|-damage|p2a: Overqwil|32/100 brn|[from] brn
|upkeep
|
|t:|1779859626
|switch|p1a: Whimsicott|Whimsicott, M, tera:Ghost|74/100
|-heal|p1a: Whimsicott|100/100|[from] move: Healing Wish
|turn|17
|
|t:|1779859631
|move|p1a: Whimsicott|Growth|p1a: Whimsicott
|-boost|p1a: Whimsicott|atk|2
|-boost|p1a: Whimsicott|spa|2
|move|p2a: Overqwil|Crunch|p1a: Whimsicott
|-supereffective|p1a: Whimsicott
|-damage|p1a: Whimsicott|0 fnt
|faint|p1a: Whimsicott
|-damage|p2a: Overqwil|22/100 brn|[from] item: Life Orb
|
|-weather|SunnyDay|[upkeep]
|-damage|p2a: Overqwil|16/100 brn|[from] brn
|upkeep
|-message|lordweirdo17 forfeited.
|
|win|diagt14
|raw|lordweirdo17's rating: 1280 &rarr; <strong>1260</strong><br />(-20 for losing)
|raw|diagt14's rating: 1345 &rarr; <strong>1361</strong><br />(+16 for winning)
|l|☆lordweirdo17
|player|p1|
