|j|‽OreoTomato
|j|☆Linkinfernodouglas
|t:|1779891094
|gametype|singles
|player|p1|OreoTomato|101|1331
|player|p2|Linkinfernodouglas|1|1338
|gen|9
|tier|[Gen 9] OU
|rated|
|rule|HP Percentage Mod: HP is shown in percentages
|rule|Endless Battle Clause: Forcing endless battles is banned
|rule|Species Clause: Limit one of each Pokémon
|rule|OHKO Clause: OHKO moves are banned
|rule|Evasion Items Clause: Evasion items are banned
|rule|Evasion Moves Clause: Evasion moves are banned
|rule|Evasion Abilities Clause: Evasion abilities are banned
|rule|Sleep Moves Clause: Sleep-inducing moves are banned
|clearpoke
|poke|p1|Pelipper, M|
|poke|p1|Iron Treads|
|poke|p1|Barraskewda, F|
|poke|p1|Kingdra, M|
|poke|p1|Iron Valiant|
|poke|p1|Goodra-Hisui, M|
|poke|p2|Regieleki|
|poke|p2|Ting-Lu|
|poke|p2|Kyurem|
|poke|p2|Kingambit, F|
|poke|p2|Garganacl, F|
|poke|p2|Moltres|
|teampreview
|inactive|Battle timer is ON: inactive players will automatically lose when time's up. (requested by OreoTomato)
|
|t:|1779891110
|teamsize|p1|6
|teamsize|p2|6
|start
|switch|p1a: Pelipper|Pelipper, M|100/100
|switch|p2a: Ting-Lu|Ting-Lu|100/100
|-weather|RainDance|[from] ability: Drizzle|[of] p1a: Pelipper
|-ability|p2a: Ting-Lu|Vessel of Ruin
|turn|1
|
|t:|1779891127
|move|p1a: Pelipper|U-turn|p2a: Ting-Lu
|-supereffective|p2a: Ting-Lu
|-damage|p2a: Ting-Lu|92/100
|-enditem|p2a: Ting-Lu|Weakness Policy
|-boost|p2a: Ting-Lu|atk|2|[from] item: Weakness Policy
|-boost|p2a: Ting-Lu|spa|2|[from] item: Weakness Policy
|
|t:|1779891139
|switch|p1a: Iron Valiant|Iron Valiant|100/100|[from] U-turn
|-enditem|p1a: Iron Valiant|Booster Energy
|-activate|p1a: Iron Valiant|ability: Quark Drive|[fromitem]
|-start|p1a: Iron Valiant|quarkdrivespe
|move|p2a: Ting-Lu|Stealth Rock|p1a: Iron Valiant
|-sidestart|p1: OreoTomato|move: Stealth Rock
|
|-weather|RainDance|[upkeep]
|upkeep
|turn|2
|
|t:|1779891158
|move|p1a: Iron Valiant|Encore|p2a: Ting-Lu
|-start|p2a: Ting-Lu|Encore
|move|p2a: Ting-Lu|Stealth Rock||[still]
|-fail|p2a: Ting-Lu
|
|-weather|RainDance|[upkeep]
|upkeep
|turn|3
|
|t:|1779891171
|switch|p2a: Moltres|Moltres|100/100
|move|p1a: Iron Valiant|Moonblast|p2a: Moltres
|-resisted|p2a: Moltres
|-damage|p2a: Moltres|82/100
|
|-weather|RainDance|[upkeep]
|upkeep
|turn|4
|inactive|OreoTomato has 120 seconds left.
|
|t:|1779891216
|-end|p1a: Iron Valiant|Quark Drive|[silent]
|switch|p1a: Goodra|Goodra-Hisui, M|100/100
|-damage|p1a: Goodra|94/100|[from] Stealth Rock
|move|p2a: Moltres|Flamethrower|p1a: Goodra
|-damage|p1a: Goodra|88/100
|
|-weather|RainDance|[upkeep]
|upkeep
|turn|5
|
|t:|1779891228
|move|p2a: Moltres|U-turn|p1a: Goodra
|-resisted|p1a: Goodra
|-damage|p1a: Goodra|81/100
|
|t:|1779891234
|switch|p2a: Ting-Lu|Ting-Lu|92/100|[from] U-turn
|-ability|p2a: Ting-Lu|Vessel of Ruin
|move|p1a: Goodra|Knock Off|p2a: Ting-Lu
|-resisted|p2a: Ting-Lu
|-damage|p2a: Ting-Lu|88/100
|
|-weather|RainDance|[upkeep]
|upkeep
|turn|6
|inactive|OreoTomato has 120 seconds left.
|
|t:|1779891246
|switch|p1a: Iron Valiant|Iron Valiant|100/100
|-damage|p1a: Iron Valiant|94/100|[from] Stealth Rock
|move|p2a: Ting-Lu|Earthquake|p1a: Iron Valiant
|-damage|p1a: Iron Valiant|31/100
|
|-weather|RainDance|[upkeep]
|upkeep
|turn|7
|inactive|OreoTomato has 120 seconds left.
|
|t:|1779891271
|switch|p2a: Moltres|Moltres|82/100
|move|p1a: Iron Valiant|Close Combat|p2a: Moltres
|-resisted|p2a: Moltres
|-damage|p2a: Moltres|60/100
|-unboost|p1a: Iron Valiant|def|1
|-unboost|p1a: Iron Valiant|spd|1
|
|-weather|RainDance|[upkeep]
|upkeep
|turn|8
|
|t:|1779891279
|move|p1a: Iron Valiant|Knock Off|p2a: Moltres
|-damage|p2a: Moltres|38/100
|-enditem|p2a: Moltres|Heavy-Duty Boots|[from] move: Knock Off|[of] p1a: Iron Valiant
|move|p2a: Moltres|Roost|p2a: Moltres
|-heal|p2a: Moltres|88/100
|-singleturn|p2a: Moltres|move: Roost
|
|-weather|none
|upkeep
|turn|9
|
|t:|1779891286
|-end|p1a: Iron Valiant|Quark Drive|[silent]
|switch|p1a: Pelipper|Pelipper, M|100/100
|-damage|p1a: Pelipper|75/100|[from] Stealth Rock
|-weather|RainDance|[from] ability: Drizzle|[of] p1a: Pelipper
|move|p2a: Moltres|Flamethrower|p1a: Pelipper
|-resisted|p1a: Pelipper
|-damage|p1a: Pelipper|63/100
|
|-weather|RainDance|[upkeep]
|upkeep
|turn|10
|
|t:|1779891296
|move|p2a: Moltres|U-turn|p1a: Pelipper
|-resisted|p1a: Pelipper
|-damage|p1a: Pelipper|58/100
|
|t:|1779891316
|switch|p2a: Kyurem|Kyurem|100/100|[from] U-turn
|-ability|p2a: Kyurem|Pressure
|move|p1a: Pelipper|Surf|p2a: Kyurem
|-resisted|p2a: Kyurem
|-damage|p2a: Kyurem|80/100
|
|-weather|RainDance|[upkeep]
|upkeep
|turn|11
|
|t:|1779891325
|switch|p1a: Goodra|Goodra-Hisui, M|81/100
|-damage|p1a: Goodra|75/100|[from] Stealth Rock
|move|p2a: Kyurem|Freeze-Dry|p1a: Goodra
|-damage|p1a: Goodra|62/100
|
|-weather|RainDance|[upkeep]
|upkeep
|turn|12
|
|t:|1779891339
|switch|p2a: Garganacl|Garganacl, F|100/100
|switch|p1a: Iron Valiant|Iron Valiant|31/100
|-damage|p1a: Iron Valiant|24/100|[from] Stealth Rock
|
|-weather|RainDance|[upkeep]
|upkeep
|turn|13
|inactive|Linkinfernodouglas has 120 seconds left.
|
|t:|1779891367
|switch|p2a: Moltres|Moltres|88/100
|move|p1a: Iron Valiant|Close Combat|p2a: Moltres
|-resisted|p2a: Moltres
|-damage|p2a: Moltres|65/100
|-unboost|p1a: Iron Valiant|def|1
|-unboost|p1a: Iron Valiant|spd|1
|-status|p1a: Iron Valiant|brn|[from] ability: Flame Body|[of] p2a: Moltres
|
|-weather|RainDance|[upkeep]
|-damage|p1a: Iron Valiant|18/100 brn|[from] brn
|upkeep
|turn|14
|inactive|Linkinfernodouglas has 120 seconds left.
|
|t:|1779891381
|move|p1a: Iron Valiant|Close Combat|p2a: Moltres
|-resisted|p2a: Moltres
|-damage|p2a: Moltres|54/100
|-unboost|p1a: Iron Valiant|def|1
|-unboost|p1a: Iron Valiant|spd|1
|move|p2a: Moltres|Roost|p2a: Moltres
|-heal|p2a: Moltres|100/100
|-singleturn|p2a: Moltres|move: Roost
|
|-weather|RainDance|[upkeep]
|-damage|p1a: Iron Valiant|12/100 brn|[from] brn
|upkeep
|turn|15
|inactive|Linkinfernodouglas has 120 seconds left.
|
|t:|1779891395
|move|p1a: Iron Valiant|Encore|p2a: Moltres
|-start|p2a: Moltres|Encore
|move|p2a: Moltres|Roost||[still]
|-fail|p2a: Moltres|heal
|
|-weather|RainDance|[upkeep]
|-damage|p1a: Iron Valiant|6/100 brn|[from] brn
|upkeep
|turn|16
|inactive|Linkinfernodouglas has 120 seconds left.
|
|t:|1779891432
|switch|p2a: Ting-Lu|Ting-Lu|88/100
|-ability|p2a: Ting-Lu|Vessel of Ruin
|move|p1a: Iron Valiant|Close Combat|p2a: Ting-Lu
|-supereffective|p2a: Ting-Lu
|-damage|p2a: Ting-Lu|57/100
|-unboost|p1a: Iron Valiant|def|1
|-unboost|p1a: Iron Valiant|spd|1
|
|-weather|none
|-damage|p1a: Iron Valiant|0 fnt|[from] brn
|faint|p1a: Iron Valiant
|-end|p1a: Iron Valiant|Quark Drive|[silent]
|upkeep
|
|t:|1779891444
|switch|p1a: Pelipper|Pelipper, M|58/100
|-damage|p1a: Pelipper|33/100|[from] Stealth Rock
|-weather|RainDance|[from] ability: Drizzle|[of] p1a: Pelipper
|turn|17
|
|t:|1779891455
|switch|p2a: Kyurem|Kyurem|80/100
|-ability|p2a: Kyurem|Pressure
|move|p1a: Pelipper|U-turn|p2a: Kyurem
|-damage|p2a: Kyurem|71/100
|
|t:|1779891468
|switch|p1a: Kingdra|Kingdra, M|100/100|[from] U-turn
|-damage|p1a: Kingdra|88/100|[from] Stealth Rock
|
|-weather|RainDance|[upkeep]
|upkeep
|turn|18
|
|t:|1779891478
|switch|p2a: Garganacl|Garganacl, F|100/100
|move|p1a: Kingdra|Dragon Pulse|p2a: Garganacl
|-damage|p2a: Garganacl|65/100
|
|-weather|RainDance|[upkeep]
|upkeep
|turn|19
|
|t:|1779891495
|switch|p1a: Goodra|Goodra-Hisui, M|62/100
|-damage|p1a: Goodra|56/100|[from] Stealth Rock
|move|p2a: Garganacl|Salt Cure|p1a: Goodra
|-resisted|p1a: Goodra
|-damage|p1a: Goodra|49/100
|-start|p1a: Goodra|Salt Cure
|
|-weather|RainDance|[upkeep]
|-damage|p1a: Goodra|24/100|[from] Salt Cure
|upkeep
|turn|20
|inactive|Linkinfernodouglas has 120 seconds left.
|
|t:|1779891514
|move|p1a: Goodra|Knock Off|p2a: Garganacl
|-damage|p2a: Garganacl|51/100
|-enditem|p2a: Garganacl|Heavy-Duty Boots|[from] move: Knock Off|[of] p1a: Goodra
|move|p2a: Garganacl|Recover|p2a: Garganacl
|-heal|p2a: Garganacl|100/100
|
|-weather|RainDance|[upkeep]
|-damage|p1a: Goodra|0 fnt|[from] Salt Cure
|faint|p1a: Goodra
|upkeep
|
|t:|1779891533
|switch|p1a: Barraskewda|Barraskewda, F|100/100
|-damage|p1a: Barraskewda|88/100|[from] Stealth Rock
|turn|21
|inactive|Linkinfernodouglas has 120 seconds left.
|
|t:|1779891547
|switch|p2a: Ting-Lu|Ting-Lu|57/100
|-ability|p2a: Ting-Lu|Vessel of Ruin
|-terastallize|p1a: Barraskewda|Water
|move|p1a: Barraskewda|Flip Turn|p2a: Ting-Lu
|-supereffective|p2a: Ting-Lu
|-damage|p2a: Ting-Lu|0 fnt
|faint|p2a: Ting-Lu
|
|t:|1779891555
|switch|p1a: Iron Treads|Iron Treads|100/100|[from] Flip Turn
|-damage|p1a: Iron Treads|97/100|[from] Stealth Rock
|-enditem|p1a: Iron Treads|Booster Energy
|-activate|p1a: Iron Treads|ability: Quark Drive|[fromitem]
|-start|p1a: Iron Treads|quarkdrivespe
|
|-weather|RainDance|[upkeep]
|upkeep
|inactive|Linkinfernodouglas has 120 seconds left.
|
|t:|1779891565
|switch|p2a: Moltres|Moltres|100/100
|turn|22
|
|t:|1779891573
|move|p1a: Iron Treads|Stealth Rock|p2a: Moltres
|-sidestart|p2: Linkinfernodouglas|move: Stealth Rock
|move|p2a: Moltres|Flamethrower|p1a: Iron Treads
|-supereffective|p1a: Iron Treads
|-damage|p1a: Iron Treads|54/100
|-status|p1a: Iron Treads|brn
|
|-weather|RainDance|[upkeep]
|-damage|p1a: Iron Treads|47/100 brn|[from] brn
|upkeep
|turn|23
|
|t:|1779891585
|move|p1a: Iron Treads|Rapid Spin|p2a: Moltres
|-damage|p2a: Moltres|96/100
|-boost|p1a: Iron Treads|spe|1
|-sideend|p1: OreoTomato|Stealth Rock|[from] move: Rapid Spin|[of] p1a: Iron Treads
|move|p2a: Moltres|Flamethrower|p1a: Iron Treads
|-supereffective|p1a: Iron Treads
|-damage|p1a: Iron Treads|5/100 brn
|
|-weather|RainDance|[upkeep]
|-damage|p1a: Iron Treads|0 fnt|[from] brn
|faint|p1a: Iron Treads
|-end|p1a: Iron Treads|Quark Drive|[silent]
|upkeep
|
|t:|1779891596
|switch|p1a: Kingdra|Kingdra, M|88/100
|turn|24
|
|t:|1779891607
|-terastallize|p2a: Moltres|Grass
|move|p1a: Kingdra|Draco Meteor|p2a: Moltres|[miss]
|-miss|p1a: Kingdra|p2a: Moltres
|move|p2a: Moltres|U-turn|p1a: Kingdra
|-damage|p1a: Kingdra|72/100
|inactive|Linkinfernodouglas has 120 seconds left.
|
|t:|1779891641
|switch|p2a: Garganacl|Garganacl, F|100/100|[from] U-turn
|-damage|p2a: Garganacl|88/100|[from] Stealth Rock
|
|-weather|none
|upkeep
|turn|25
|
|t:|1779891664
|switch|p1a: Pelipper|Pelipper, M|33/100
|-weather|RainDance|[from] ability: Drizzle|[of] p1a: Pelipper
|move|p2a: Garganacl|Salt Cure|p1a: Pelipper
|-supereffective|p1a: Pelipper
|-damage|p1a: Pelipper|12/100
|-start|p1a: Pelipper|Salt Cure
|
|-weather|RainDance|[upkeep]
|-damage|p1a: Pelipper|0 fnt|[from] Salt Cure
|faint|p1a: Pelipper
|upkeep
|
|t:|1779891676
|switch|p1a: Barraskewda|Barraskewda, F, tera:Water|88/100
|turn|26
|inactive|Linkinfernodouglas has 120 seconds left.
|
|t:|1779891684
|switch|p2a: Moltres|Moltres, tera:Grass|96/100
|-damage|p2a: Moltres|84/100|[from] Stealth Rock
|move|p1a: Barraskewda|Close Combat|p2a: Moltres
|-damage|p2a: Moltres|37/100
|-unboost|p1a: Barraskewda|def|1
|-unboost|p1a: Barraskewda|spd|1
|-status|p1a: Barraskewda|brn|[from] ability: Flame Body|[of] p2a: Moltres
|
|-weather|RainDance|[upkeep]
|-damage|p1a: Barraskewda|82/100 brn|[from] brn
|upkeep
|turn|27
|inactive|Linkinfernodouglas has 120 seconds left.
|
|t:|1779891705
|move|p1a: Barraskewda|Close Combat|p2a: Moltres
|-damage|p2a: Moltres|15/100
|-unboost|p1a: Barraskewda|def|1
|-unboost|p1a: Barraskewda|spd|1
|move|p2a: Moltres|Roost|p2a: Moltres
|-heal|p2a: Moltres|65/100
|
|-weather|RainDance|[upkeep]
|-damage|p1a: Barraskewda|76/100 brn|[from] brn
|upkeep
|turn|28
|
|t:|1779891712
|switch|p1a: Kingdra|Kingdra, M|72/100
|move|p2a: Moltres|Roost|p2a: Moltres
|-heal|p2a: Moltres|100/100
|
|-weather|RainDance|[upkeep]
|upkeep
|turn|29
|inactive|Linkinfernodouglas has 120 seconds left.
|
|t:|1779891721
|switch|p2a: Garganacl|Garganacl, F|88/100
|-damage|p2a: Garganacl|76/100|[from] Stealth Rock
|move|p1a: Kingdra|Hurricane|p2a: Garganacl
|-resisted|p2a: Garganacl
|-damage|p2a: Garganacl|60/100
|
|-weather|RainDance|[upkeep]
|upkeep
|turn|30
|
|t:|1779891729
|switch|p1a: Barraskewda|Barraskewda, F, tera:Water|76/100 brn
|move|p2a: Garganacl|Salt Cure|p1a: Barraskewda
|-damage|p1a: Barraskewda|50/100 brn
|-start|p1a: Barraskewda|Salt Cure
|
|-weather|RainDance|[upkeep]
|-damage|p1a: Barraskewda|43/100 brn|[from] brn
|-damage|p1a: Barraskewda|19/100 brn|[from] Salt Cure
|upkeep
|turn|31
|inactive|Linkinfernodouglas has 120 seconds left.
|
|t:|1779891765
|switch|p2a: Regieleki|Regieleki|100/100
|move|p1a: Barraskewda|Flip Turn|p2a: Regieleki
|-damage|p2a: Regieleki|0 fnt
|faint|p2a: Regieleki
|
|t:|1779891780
|switch|p1a: Kingdra|Kingdra, M|72/100|[from] Flip Turn
|
|-weather|RainDance|[upkeep]
|upkeep
|
|t:|1779891789
|switch|p2a: Kingambit|Kingambit, F|100/100
|-activate|p2a: Kingambit|ability: Supreme Overlord
|-start|p2a: Kingambit|fallen2|[silent]
|turn|32
|
|t:|1779891796
|move|p2a: Kingambit|Sucker Punch|p1a: Kingdra
|-damage|p1a: Kingdra|8/100
|move|p1a: Kingdra|Weather Ball|p2a: Kingambit
|-damage|p2a: Kingambit|5/100
|
|-weather|none
|upkeep
|turn|33
|inactive|Linkinfernodouglas has 120 seconds left.
|
|t:|1779891810
|move|p1a: Kingdra|Weather Ball|p2a: Kingambit
|-resisted|p2a: Kingambit
|-damage|p2a: Kingambit|0 fnt
|faint|p2a: Kingambit
|-end|p2a: Kingambit|fallen2|[silent]
|
|upkeep
|
|t:|1779891818
|switch|p2a: Kyurem|Kyurem|71/100
|-ability|p2a: Kyurem|Pressure
|turn|34
|
|t:|1779891821
|switch|p1a: Barraskewda|Barraskewda, F, tera:Water|19/100 brn
|move|p2a: Kyurem|Freeze-Dry|p1a: Barraskewda
|-supereffective|p1a: Barraskewda
|-damage|p1a: Barraskewda|0 fnt
|faint|p1a: Barraskewda
|
|upkeep
|
|t:|1779891826
|switch|p1a: Kingdra|Kingdra, M|8/100
|turn|35
|
|t:|1779891829
|move|p2a: Kyurem|Freeze-Dry|p1a: Kingdra
|-supereffective|p1a: Kingdra
|-damage|p1a: Kingdra|0 fnt
|faint|p1a: Kingdra
|
|win|Linkinfernodouglas
|raw|OreoTomato's rating: 1331 &rarr; <strong>1311</strong><br />(-20 for losing)
|raw|Linkinfernodouglas's rating: 1338 &rarr; <strong>1358</strong><br />(+20 for winning)
|l|‽OreoTomato
|player|p1|
|c|☆Linkinfernodouglas|gg
