|j|☆mythiixx
|j|☆funnygames(1997)
|t:|1779804175
|gametype|singles
|player|p1|mythiixx|1|1630
|player|p2|funnygames(1997)|cameraman|1780
|gen|9
|tier|[Gen 9] OU
|rated|
|rule|HP Percentage Mod: HP is shown in percentages
|rule|Endless Battle Clause: Forcing endless battles is banned
|rule|Species Clause: Limit one of each Pokémon
|rule|OHKO Clause: OHKO moves are banned
|rule|Evasion Items Clause: Evasion items are banned
|rule|Evasion Moves Clause: Evasion moves are banned
|rule|Evasion Abilities Clause: Evasion abilities are banned
|rule|Sleep Moves Clause: Sleep-inducing moves are banned
|clearpoke
|poke|p1|Meowscarada, M|
|poke|p1|Gholdengo|
|poke|p1|Slowking-Galar, F|
|poke|p1|Cinderace, F|
|poke|p1|Garganacl, F|
|poke|p1|Zamazenta-*|
|poke|p2|Ting-Lu|
|poke|p2|Hatterene, F|
|poke|p2|Great Tusk|
|poke|p2|Ceruledge, M|
|poke|p2|Dragonite, F|
|poke|p2|Kyurem|
|teampreview
|inactive|Battle timer is ON: inactive players will automatically lose when time's up. (requested by mythiixx)
|
|t:|1779804201
|teamsize|p1|6
|teamsize|p2|6
|start
|switch|p1a: Meowscarada|Meowscarada, M, shiny|100/100
|switch|p2a: Kyurem|Kyurem|100/100
|-ability|p2a: Kyurem|Pressure
|turn|1
|j| 0RickMountStrong
|
|t:|1779804211
|switch|p1a: Garganacl|Garganacl, F|100/100
|move|p2a: Kyurem|Draco Meteor|p1a: Garganacl|[miss]
|-miss|p2a: Kyurem|p1a: Garganacl
|
|upkeep
|turn|2
|
|t:|1779804227
|switch|p2a: Ting-Lu|Ting-Lu|100/100
|-ability|p2a: Ting-Lu|Vessel of Ruin
|move|p1a: Garganacl|Salt Cure|p2a: Ting-Lu
|-resisted|p2a: Ting-Lu
|-damage|p2a: Ting-Lu|97/100
|-start|p2a: Ting-Lu|Salt Cure
|
|-heal|p2a: Ting-Lu|100/100|[from] item: Leftovers
|-damage|p2a: Ting-Lu|88/100|[from] Salt Cure
|upkeep
|turn|3
|
|t:|1779804242
|move|p2a: Ting-Lu|Stealth Rock|p1a: Garganacl
|-sidestart|p1: mythiixx|move: Stealth Rock
|move|p1a: Garganacl|Salt Cure|p2a: Ting-Lu
|-resisted|p2a: Ting-Lu
|-damage|p2a: Ting-Lu|85/100
|
|-heal|p2a: Ting-Lu|91/100|[from] item: Leftovers
|-damage|p2a: Ting-Lu|79/100|[from] Salt Cure
|upkeep
|turn|4
|
|t:|1779804268
|move|p2a: Ting-Lu|Ruination|p1a: Garganacl
|-damage|p1a: Garganacl|50/100
|move|p1a: Garganacl|Salt Cure|p2a: Ting-Lu
|-resisted|p2a: Ting-Lu
|-damage|p2a: Ting-Lu|75/100
|
|-heal|p2a: Ting-Lu|81/100|[from] item: Leftovers
|-heal|p1a: Garganacl|57/100|[from] item: Leftovers
|-damage|p2a: Ting-Lu|69/100|[from] Salt Cure
|upkeep
|turn|5
|
|t:|1779804273
|switch|p2a: Dragonite|Dragonite, F|100/100
|move|p1a: Garganacl|Protect||[still]
|-fail|p1a: Garganacl
|
|-heal|p1a: Garganacl|63/100|[from] item: Leftovers
|upkeep
|turn|6
|
|t:|1779804277
|move|p2a: Dragonite|Encore|p1a: Garganacl
|-start|p1a: Garganacl|Encore
|move|p1a: Garganacl|Protect||[still]
|-fail|p1a: Garganacl
|
|-heal|p1a: Garganacl|69/100|[from] item: Leftovers
|upkeep
|turn|7
|
|t:|1779804281
|switch|p1a: Cinderace|Cinderace, F|100/100
|move|p2a: Dragonite|Dragon Dance|p2a: Dragonite
|-boost|p2a: Dragonite|atk|1
|-boost|p2a: Dragonite|spe|1
|
|upkeep
|turn|8
|
|t:|1779804294
|switch|p1a: Zamazenta|Zamazenta|100/100
|-damage|p1a: Zamazenta|94/100|[from] Stealth Rock
|-ability|p1a: Zamazenta|Dauntless Shield|boost
|-boost|p1a: Zamazenta|def|1
|move|p2a: Dragonite|Scale Shot|p1a: Zamazenta
|-crit|p1a: Zamazenta
|-damage|p1a: Zamazenta|69/100
|-damage|p1a: Zamazenta|58/100
|-damage|p1a: Zamazenta|48/100
|-damage|p1a: Zamazenta|38/100
|-damage|p1a: Zamazenta|27/100
|-hitcount|p1a: Zamazenta|5
|-unboost|p2a: Dragonite|def|1
|-boost|p2a: Dragonite|spe|1
|
|-heal|p1a: Zamazenta|33/100|[from] item: Leftovers
|upkeep
|turn|9
|
|t:|1779804319
|-terastallize|p1a: Zamazenta|Steel
|move|p2a: Dragonite|Scale Shot|p1a: Zamazenta
|-resisted|p1a: Zamazenta
|-damage|p1a: Zamazenta|28/100
|-resisted|p1a: Zamazenta
|-damage|p1a: Zamazenta|23/100
|-resisted|p1a: Zamazenta
|-damage|p1a: Zamazenta|17/100
|-resisted|p1a: Zamazenta
|-damage|p1a: Zamazenta|12/100
|-resisted|p1a: Zamazenta
|-damage|p1a: Zamazenta|6/100
|-hitcount|p1a: Zamazenta|5
|-unboost|p2a: Dragonite|def|1
|-boost|p2a: Dragonite|spe|1
|move|p1a: Zamazenta|Iron Defense|p1a: Zamazenta
|-boost|p1a: Zamazenta|def|2
|
|-heal|p1a: Zamazenta|13/100|[from] item: Leftovers
|upkeep
|turn|10
|
|t:|1779804331
|move|p2a: Dragonite|Encore|p1a: Zamazenta
|-start|p1a: Zamazenta|Encore
|move|p1a: Zamazenta|Iron Defense|p1a: Zamazenta
|-boost|p1a: Zamazenta|def|2
|
|-heal|p1a: Zamazenta|19/100|[from] item: Leftovers
|upkeep
|turn|11
|
|t:|1779804344
|switch|p1a: Garganacl|Garganacl, F|69/100
|-damage|p1a: Garganacl|57/100|[from] Stealth Rock
|move|p2a: Dragonite|Dragon Dance|p2a: Dragonite
|-boost|p2a: Dragonite|atk|1
|-boost|p2a: Dragonite|spe|1
|
|-heal|p1a: Garganacl|63/100|[from] item: Leftovers
|upkeep
|turn|12
|
|t:|1779804351
|move|p2a: Dragonite|Scale Shot|p1a: Garganacl
|-damage|p1a: Garganacl|43/100
|-damage|p1a: Garganacl|22/100
|-damage|p1a: Garganacl|5/100
|-damage|p1a: Garganacl|0 fnt
|faint|p1a: Garganacl
|-hitcount|p1: Garganacl|4
|-unboost|p2a: Dragonite|def|1
|-boost|p2a: Dragonite|spe|1
|
|upkeep
|
|t:|1779804358
|switch|p1a: Gholdengo|Gholdengo|100/100
|-damage|p1a: Gholdengo|94/100|[from] Stealth Rock
|-item|p1a: Gholdengo|Air Balloon
|turn|13
|
|t:|1779804363
|move|p2a: Dragonite|Fire Punch|p1a: Gholdengo
|-supereffective|p1a: Gholdengo
|-damage|p1a: Gholdengo|17/100
|-enditem|p1a: Gholdengo|Air Balloon
|move|p1a: Gholdengo|Thunder Wave|p2a: Dragonite
|-status|p2a: Dragonite|par
|
|upkeep
|turn|14
|
|t:|1779804369
|move|p2a: Dragonite|Fire Punch|p1a: Gholdengo
|-supereffective|p1a: Gholdengo
|-damage|p1a: Gholdengo|0 fnt
|faint|p1a: Gholdengo
|
|upkeep
|
|t:|1779804374
|switch|p1a: Meowscarada|Meowscarada, M, shiny|100/100
|-damage|p1a: Meowscarada|88/100|[from] Stealth Rock
|turn|15
|
|t:|1779804381
|move|p2a: Dragonite|Fire Punch|p1a: Meowscarada
|-supereffective|p1a: Meowscarada
|-damage|p1a: Meowscarada|0 fnt
|faint|p1a: Meowscarada
|
|upkeep
|-message|mythiixx forfeited.
|
|win|funnygames(1997)
|raw|mythiixx's rating: 1630 &rarr; <strong>1618</strong><br />(-12 for losing)
|raw|funnygames(1997)'s rating: 1780 &rarr; <strong>1792</strong><br />(+12 for winning)
|l|☆mythiixx
|player|p1|
|l|☆funnygames(1997)
|player|p2|
|l| 0RickMountStrong
