|j|☆GeniusGamingLegend
|j|☆wassou21
|t:|1779908308
|gametype|singles
|player|p1|GeniusGamingLegend|harlequin|1434
|player|p2|wassou21|red|1391
|gen|9
|tier|[Gen 9] OU
|rated|
|rule|HP Percentage Mod: HP is shown in percentages
|rule|Endless Battle Clause: Forcing endless battles is banned
|rule|Species Clause: Limit one of each Pokémon
|rule|OHKO Clause: OHKO moves are banned
|rule|Evasion Items Clause: Evasion items are banned
|rule|Evasion Moves Clause: Evasion moves are banned
|rule|Evasion Abilities Clause: Evasion abilities are banned
|rule|Sleep Moves Clause: Sleep-inducing moves are banned
|clearpoke
|poke|p1|Zamazenta-*|
|poke|p1|Slowking-Galar, F|
|poke|p1|Dragonite, F|
|poke|p1|Enamorus, F|
|poke|p1|Cinderace, F|
|poke|p1|Zapdos|
|poke|p2|Araquanid, M|
|poke|p2|Cinderace, F|
|poke|p2|Serperior, M|
|poke|p2|Comfey, F|
|poke|p2|Dragapult, M|
|poke|p2|Bisharp, M|
|teampreview
|inactive|Battle timer is ON: inactive players will automatically lose when time's up. (requested by GeniusGamingLegend)
|
|t:|1779908319
|teamsize|p1|6
|teamsize|p2|6
|start
|switch|p1a: Dragonite|Dragonite, F|100/100
|switch|p2a: Araquanid|Araquanid, M|100/100
|turn|1
|
|t:|1779908327
|move|p1a: Dragonite|Dragon Dance|p1a: Dragonite
|-boost|p1a: Dragonite|atk|1
|-boost|p1a: Dragonite|spe|1
|move|p2a: Araquanid|Surf|p1a: Dragonite
|-resisted|p1a: Dragonite
|-damage|p1a: Dragonite|86/100
|
|upkeep
|turn|2
|
|t:|1779908337
|switch|p2a: Comfey|Comfey, F|100/100
|move|p1a: Dragonite|Scale Shot|p2a: Comfey
|-immune|p2a: Comfey
|
|upkeep
|turn|3
|
|t:|1779908351
|-terastallize|p1a: Dragonite|Fire
|move|p1a: Dragonite|Fire Punch|p2a: Comfey
|-damage|p2a: Comfey|16/100
|move|p2a: Comfey|Leech Seed|p1a: Dragonite
|-start|p1a: Dragonite|move: Leech Seed
|
|-heal|p2a: Comfey|22/100|[from] item: Leftovers
|-damage|p1a: Dragonite|74/100|[from] Leech Seed|[of] p2a: Comfey
|-heal|p2a: Comfey|35/100|[silent]
|upkeep
|turn|4
|
|t:|1779908362
|switch|p2a: Araquanid|Araquanid, M|100/100
|move|p1a: Dragonite|Fire Punch|p2a: Araquanid
|-damage|p2a: Araquanid|66/100
|
|-damage|p1a: Dragonite|61/100|[from] Leech Seed|[of] p2a: Araquanid
|-heal|p2a: Araquanid|78/100|[silent]
|upkeep
|turn|5
|
|t:|1779908368
|move|p1a: Dragonite|Scale Shot|p2a: Araquanid
|-damage|p2a: Araquanid|55/100
|-damage|p2a: Araquanid|33/100
|-damage|p2a: Araquanid|10/100
|-damage|p2a: Araquanid|0 fnt
|faint|p2a: Araquanid
|-hitcount|p2: Araquanid|4
|-unboost|p1a: Dragonite|def|1
|-boost|p1a: Dragonite|spe|1
|
|upkeep
|
|t:|1779908374
|switch|p2a: Comfey|Comfey, F|35/100
|turn|6
|
|t:|1779908382
|-terastallize|p2a: Comfey|Water
|move|p2a: Comfey|Draining Kiss|p1a: Dragonite
|-resisted|p1a: Dragonite
|-damage|p1a: Dragonite|51/100
|-heal|p2a: Comfey|44/100|[from] drain|[of] p1a: Dragonite
|move|p1a: Dragonite|Fire Punch|p2a: Comfey
|-resisted|p2a: Comfey
|-crit|p2a: Comfey
|-damage|p2a: Comfey|0 fnt
|faint|p2a: Comfey
|
|upkeep
|
|t:|1779908388
|switch|p2a: Dragapult|Dragapult, M|100/100
|turn|7
|
|t:|1779908393
|move|p1a: Dragonite|Scale Shot|p2a: Dragapult
|-supereffective|p2a: Dragapult
|-damage|p2a: Dragapult|44/100
|-supereffective|p2a: Dragapult
|-damage|p2a: Dragapult|0 fnt
|faint|p2a: Dragapult
|-hitcount|p2: Dragapult|2
|-unboost|p1a: Dragonite|def|1
|-boost|p1a: Dragonite|spe|1
|
|upkeep
|
|t:|1779908396
|switch|p2a: Bisharp|Bisharp, M|100/100
|turn|8
|
|t:|1779908401
|switch|p1a: Zamazenta|Zamazenta|100/100
|-ability|p1a: Zamazenta|Dauntless Shield|boost
|-boost|p1a: Zamazenta|def|1
|move|p2a: Bisharp|Swords Dance|p2a: Bisharp
|-boost|p2a: Bisharp|atk|2
|
|upkeep
|turn|9
|
|t:|1779908407
|move|p1a: Zamazenta|Close Combat|p2a: Bisharp
|-supereffective|p2a: Bisharp
|-damage|p2a: Bisharp|0 fnt
|-unboost|p1a: Zamazenta|def|1
|-unboost|p1a: Zamazenta|spd|1
|faint|p2a: Bisharp
|
|upkeep
|
|t:|1779908411
|switch|p2a: Serperior|Serperior, M|100/100
|turn|10
|
|t:|1779908414
|move|p1a: Zamazenta|Close Combat|p2a: Serperior
|-damage|p2a: Serperior|0 fnt
|-unboost|p1a: Zamazenta|def|1
|-unboost|p1a: Zamazenta|spd|1
|faint|p2a: Serperior
|
|upkeep
|
|t:|1779908418
|switch|p2a: Cinderace|Cinderace, F|100/100
|turn|11
|-message|wassou21 forfeited.
|
|win|GeniusGamingLegend
|raw|GeniusGamingLegend's rating: 1434 &rarr; <strong>1452</strong><br />(+18 for winning)
|raw|wassou21's rating: 1391 &rarr; <strong>1373</strong><br />(-18 for losing)
|l|☆wassou21
|player|p2|
|l|☆GeniusGamingLegend
|player|p1|
