|j|☆poemu sannn
|j|☆1q23eawfwf
|t:|1779863547
|gametype|singles
|player|p1|poemu sannn|youngcouple-gen4dp|1184
|player|p2|1q23eawfwf|2|1153
|gen|9
|tier|[Gen 9] OU
|rated|
|rule|HP Percentage Mod: HP is shown in percentages
|rule|Endless Battle Clause: Forcing endless battles is banned
|rule|Species Clause: Limit one of each Pokémon
|rule|OHKO Clause: OHKO moves are banned
|rule|Evasion Items Clause: Evasion items are banned
|rule|Evasion Moves Clause: Evasion moves are banned
|rule|Evasion Abilities Clause: Evasion abilities are banned
|rule|Sleep Moves Clause: Sleep-inducing moves are banned
|clearpoke
|poke|p1|Regieleki|
|poke|p1|Hatterene, F|
|poke|p1|Metagross|
|poke|p1|Golem, M|
|poke|p1|Volcanion|
|poke|p1|Enamorus, F|
|poke|p2|Weezing-Galar, M|
|poke|p2|Ogerpon, F|
|poke|p2|Skarmory, M|
|poke|p2|Alomomola, M|
|poke|p2|Clodsire, M|
|poke|p2|Hydreigon, M|
|teampreview
|inactive|Battle timer is ON: inactive players will automatically lose when time's up. (requested by 1q23eawfwf)
|
|t:|1779863563
|teamsize|p1|6
|teamsize|p2|6
|start
|switch|p1a: Hatterene|Hatterene, F|100/100
|switch|p2a: Hydreigon|Hydreigon, M|100/100
|turn|1
|
|t:|1779863573
|-terastallize|p2a: Hydreigon|Steel
|move|p2a: Hydreigon|Flash Cannon|p1a: Hatterene
|-supereffective|p1a: Hatterene
|-damage|p1a: Hatterene|0 fnt
|faint|p1a: Hatterene
|
|upkeep
|
|t:|1779863579
|switch|p1a: Volcanion|Volcanion|100/100
|turn|2
|
|t:|1779863596
|switch|p2a: Alomomola|Alomomola, M|100/100
|move|p1a: Volcanion|Flamethrower|p2a: Alomomola
|-resisted|p2a: Alomomola
|-damage|p2a: Alomomola|86/100
|-damage|p1a: Volcanion|91/100|[from] item: Life Orb
|
|upkeep
|turn|3
|
|t:|1779863611
|switch|p2a: Hydreigon|Hydreigon, M, tera:Steel|100/100
|move|p1a: Volcanion|Will-O-Wisp|p2a: Hydreigon|[miss]
|-miss|p1a: Volcanion|p2a: Hydreigon
|
|upkeep
|turn|4
|
|t:|1779863627
|switch|p2a: Alomomola|Alomomola, M|100/100
|switch|p1a: Metagross|Metagross|100/100
|
|upkeep
|turn|5
|
|t:|1779863636
|move|p1a: Metagross|Knock Off|p2a: Alomomola
|-damage|p2a: Alomomola|58/100
|-enditem|p2a: Alomomola|Assault Vest|[from] move: Knock Off|[of] p1a: Metagross
|move|p2a: Alomomola|Flip Turn|p1a: Metagross
|-damage|p1a: Metagross|86/100
|inactive|1q23eawfwf has 120 seconds left.
|
|t:|1779863670
|switch|p2a: Clodsire|Clodsire, M|100/100|[from] Flip Turn
|
|upkeep
|turn|6
|
|t:|1779863678
|switch|p1a: Golem|Golem, M|100/100
|switch|p2a: Alomomola|Alomomola, M|91/100
|
|upkeep
|turn|7
|
|t:|1779863687
|move|p1a: Golem|Explosion|p2a: Alomomola
|-crit|p2a: Alomomola
|-damage|p2a: Alomomola|0 fnt
|faint|p1a: Golem
|faint|p2a: Alomomola
|
|upkeep
|inactive|1q23eawfwf has 120 seconds left.
|
|t:|1779863699
|switch|p1a: Volcanion|Volcanion|91/100
|switch|p2a: Ogerpon|Ogerpon, F|100/100
|turn|8
|
|t:|1779863705
|move|p2a: Ogerpon|U-turn|p1a: Volcanion
|-resisted|p1a: Volcanion
|-damage|p1a: Volcanion|72/100
|
|t:|1779863707
|switch|p2a: Clodsire|Clodsire, M|100/100|[from] U-turn
|move|p1a: Volcanion|Will-O-Wisp|p2a: Clodsire
|-status|p2a: Clodsire|brn
|
|-damage|p2a: Clodsire|94/100 brn|[from] brn
|upkeep
|turn|9
|
|t:|1779863717
|move|p1a: Volcanion|Steam Eruption|p2a: Clodsire
|-supereffective|p2a: Clodsire
|-damage|p2a: Clodsire|15/100 brn
|-damage|p1a: Volcanion|62/100|[from] item: Life Orb
|move|p2a: Clodsire|Toxic|p1a: Volcanion
|-status|p1a: Volcanion|tox
|
|-damage|p1a: Volcanion|56/100 tox|[from] psn
|-damage|p2a: Clodsire|9/100 brn|[from] brn
|upkeep
|turn|10
|
|t:|1779863733
|move|p1a: Volcanion|Flamethrower|p2a: Clodsire
|-damage|p2a: Clodsire|0 fnt
|faint|p2a: Clodsire
|-damage|p1a: Volcanion|46/100 tox|[from] item: Life Orb
|
|-damage|p1a: Volcanion|34/100 tox|[from] psn
|upkeep
|inactive|1q23eawfwf has 120 seconds left.
|
|t:|1779863755
|switch|p2a: Hydreigon|Hydreigon, M, tera:Steel|100/100
|turn|11
|
|t:|1779863762
|move|p2a: Hydreigon|Dark Pulse|p1a: Volcanion
|-damage|p1a: Volcanion|0 fnt
|faint|p1a: Volcanion
|
|upkeep
|
|t:|1779863768
|switch|p1a: Enamorus|Enamorus, F|100/100
|turn|12
|
|t:|1779863785
|switch|p2a: Skarmory|Skarmory, M|100/100
|-terastallize|p1a: Enamorus|Fairy
|move|p1a: Enamorus|Moonblast|p2a: Skarmory
|-resisted|p2a: Skarmory
|-crit|p2a: Skarmory
|-ability|p2a: Skarmory|Sturdy
|-damage|p2a: Skarmory|1/100
|
|upkeep
|turn|13
|
|t:|1779863794
|move|p1a: Enamorus|Moonblast|p2a: Skarmory
|-resisted|p2a: Skarmory
|-damage|p2a: Skarmory|0 fnt
|faint|p2a: Skarmory
|
|upkeep
|inactive|1q23eawfwf has 120 seconds left.
|
|t:|1779863819
|switch|p2a: Weezing|Weezing-Galar, M|100/100
|-ability|p2a: Weezing|Neutralizing Gas
|turn|14
|
|t:|1779863824
|switch|p1a: Metagross|Metagross|86/100
|move|p2a: Weezing|Will-O-Wisp|p1a: Metagross|[miss]
|-miss|p2a: Weezing|p1a: Metagross
|
|upkeep
|turn|15
|
|t:|1779863830
|-end|p2a: Weezing|ability: Neutralizing Gas
|switch|p2a: Hydreigon|Hydreigon, M, tera:Steel|100/100
|move|p1a: Metagross|Earthquake|p2a: Hydreigon
|-immune|p2a: Hydreigon|[from] ability: Levitate
|
|upkeep
|turn|16
|
|t:|1779863842
|move|p2a: Hydreigon|Dark Pulse|p1a: Metagross
|-supereffective|p1a: Metagross
|-damage|p1a: Metagross|0 fnt
|faint|p1a: Metagross
|
|upkeep
|
|t:|1779863845
|switch|p1a: Regieleki|Regieleki|100/100
|turn|17
|
|t:|1779863851
|move|p1a: Regieleki|Thunderbolt|p2a: Hydreigon
|-damage|p2a: Hydreigon|29/100
|-damage|p1a: Regieleki|91/100|[from] item: Life Orb
|move|p2a: Hydreigon|Dark Pulse|p1a: Regieleki
|-damage|p1a: Regieleki|0 fnt
|faint|p1a: Regieleki
|
|upkeep
|
|t:|1779863855
|switch|p1a: Enamorus|Enamorus, F, tera:Fairy|100/100
|turn|18
|
|t:|1779863859
|move|p1a: Enamorus|Moonblast|p2a: Hydreigon
|-resisted|p2a: Hydreigon
|-damage|p2a: Hydreigon|0 fnt
|faint|p2a: Hydreigon
|
|upkeep
|
|t:|1779863866
|switch|p2a: Weezing|Weezing-Galar, M|100/100
|-ability|p2a: Weezing|Neutralizing Gas
|turn|19
|
|t:|1779863869
|move|p1a: Enamorus|Moonblast|p2a: Weezing
|-resisted|p2a: Weezing
|-damage|p2a: Weezing|27/100
|move|p2a: Weezing|Sludge Bomb|p1a: Enamorus
|-supereffective|p1a: Enamorus
|-damage|p1a: Enamorus|26/100
|
|upkeep
|turn|20
|
|t:|1779863875
|move|p1a: Enamorus|Moonblast|p2a: Weezing
|-resisted|p2a: Weezing
|-damage|p2a: Weezing|0 fnt
|faint|p2a: Weezing
|-end|p2a: Weezing|ability: Neutralizing Gas
|
|upkeep
|-message|poemu sannn forfeited.
|
|win|1q23eawfwf
|raw|poemu sannn's rating: 1184 &rarr; <strong>1159</strong><br />(-25 for losing)
|raw|1q23eawfwf's rating: 1178 &rarr; <strong>1203</strong><br />(+25 for winning)
|l|☆poemu sannn
|player|p1|
|l|☆1q23eawfwf
|player|p2|
