|j|☆oOvO)b
|j|☆BananIsac
|t:|1779962409
|gametype|singles
|player|p1|oOvO)b|policeman-gen4|1076
|player|p2|BananIsac|caitlin|1137
|gen|9
|tier|[Gen 9] OU
|rated|
|rule|HP Percentage Mod: HP is shown in percentages
|rule|Endless Battle Clause: Forcing endless battles is banned
|rule|Species Clause: Limit one of each Pokémon
|rule|OHKO Clause: OHKO moves are banned
|rule|Evasion Items Clause: Evasion items are banned
|rule|Evasion Moves Clause: Evasion moves are banned
|rule|Evasion Abilities Clause: Evasion abilities are banned
|rule|Sleep Moves Clause: Sleep-inducing moves are banned
|clearpoke
|poke|p1|Glaceon, M|
|poke|p1|Zoroark-Hisui, M|
|poke|p1|Blaziken, M|
|poke|p1|Umbreon, M|
|poke|p1|Goodra-Hisui, M|
|poke|p1|Avalugg-Hisui, M|
|poke|p2|Meowscarada, F|
|poke|p2|Great Tusk|
|poke|p2|Glimmora, M|
|poke|p2|Salamence, F|
|poke|p2|Iron Valiant|
|poke|p2|Tornadus-Therian, M|
|teampreview
|j| diego2611
|inactive|Battle timer is ON: inactive players will automatically lose when time's up. (requested by BananIsac)
|
|t:|1779962418
|teamsize|p1|6
|teamsize|p2|6
|start
|switch|p1a: Glaceon|Glaceon, M|100/100
|switch|p2a: Great Tusk|Great Tusk|100/100
|turn|1
|
|t:|1779962427
|move|p1a: Glaceon|Freeze-Dry|p2a: Great Tusk
|-supereffective|p2a: Great Tusk
|-damage|p2a: Great Tusk|11/100
|move|p2a: Great Tusk|Stealth Rock|p1a: Glaceon
|-sidestart|p1: oOvO)b|move: Stealth Rock
|
|upkeep
|turn|2
|
|t:|1779962435
|-end|p2a: Great Tusk|Protosynthesis|[silent]
|switch|p2a: Glimmora|Glimmora, M|100/100
|move|p1a: Glaceon|Freeze-Dry|p2a: Glimmora
|-damage|p2a: Glimmora|46/100
|-enditem|p2a: Glimmora|Red Card|[of] p1a: Glaceon
|drag|p1a: Avalugg|Avalugg-Hisui, M|100/100
|-damage|p1a: Avalugg|76/100|[from] Stealth Rock
|
|upkeep
|turn|3
|
|t:|1779962454
|move|p2a: Glimmora|Power Gem|p1a: Avalugg
|-supereffective|p1a: Avalugg
|-damage|p1a: Avalugg|0 fnt
|faint|p1a: Avalugg
|
|upkeep
|
|t:|1779962461
|switch|p1a: Glaceon|Glaceon, M|100/100
|-damage|p1a: Glaceon|76/100|[from] Stealth Rock
|turn|4
|
|t:|1779962475
|move|p1a: Glaceon|Water Pulse|p2a: Glimmora
|-supereffective|p2a: Glimmora
|-damage|p2a: Glimmora|0 fnt
|faint|p2a: Glimmora
|
|upkeep
|
|t:|1779962487
|switch|p2a: Meowscarada|Meowscarada, F|100/100
|turn|5
|
|t:|1779962499
|switch|p1a: Umbreon|Umbreon, M|100/100
|-damage|p1a: Umbreon|88/100|[from] Stealth Rock
|move|p2a: Meowscarada|Knock Off|p1a: Umbreon
|-start|p2a: Meowscarada|typechange|Dark|[from] ability: Protean
|-resisted|p1a: Umbreon
|-damage|p1a: Umbreon|67/100
|-enditem|p1a: Umbreon|Choice Specs|[from] move: Knock Off|[of] p2a: Meowscarada
|
|upkeep
|turn|6
|
|t:|1779962518
|switch|p2a: Tornadus|Tornadus-Therian, M|100/100
|move|p1a: Umbreon|Alluring Voice|p2a: Tornadus
|-damage|p2a: Tornadus|88/100
|
|upkeep
|turn|7
|
|t:|1779962534
|move|p2a: Tornadus|Heat Wave|p1a: Umbreon
|-damage|p1a: Umbreon|50/100
|move|p1a: Umbreon|Dark Pulse|p2a: Tornadus
|-damage|p2a: Tornadus|70/100
|
|upkeep
|turn|8
|l| diego2611
|
|t:|1779962542
|move|p2a: Tornadus|U-turn|p1a: Umbreon
|-supereffective|p1a: Umbreon
|-damage|p1a: Umbreon|25/100
|
|t:|1779962545
|switch|p2a: Iron Valiant|Iron Valiant|100/100|[from] U-turn
|move|p1a: Umbreon|Dark Pulse|p2a: Iron Valiant
|-resisted|p2a: Iron Valiant
|-damage|p2a: Iron Valiant|88/100
|
|upkeep
|turn|9
|
|t:|1779962559
|move|p2a: Iron Valiant|Moonblast|p1a: Umbreon
|-supereffective|p1a: Umbreon
|-damage|p1a: Umbreon|0 fnt
|faint|p1a: Umbreon
|
|upkeep
|
|t:|1779962569
|switch|p1a: Goodra|Goodra-Hisui, M|100/100
|-damage|p1a: Goodra|88/100|[from] Stealth Rock
|turn|10
|
|t:|1779962583
|-end|p2a: Iron Valiant|Quark Drive|[silent]
|switch|p2a: Tornadus|Tornadus-Therian, M|100/100
|move|p1a: Goodra|Psychic|p2a: Tornadus
|-damage|p2a: Tornadus|73/100
|-damage|p1a: Goodra|78/100|[from] item: Life Orb
|
|upkeep
|turn|11
|
|t:|1779962600
|move|p2a: Tornadus|Knock Off|p1a: Goodra
|-supereffective|p1a: Goodra
|-crit|p1a: Goodra
|-damage|p1a: Goodra|0 fnt
|replace|p1a: Zoroark|Zoroark-Hisui, M
|-end|p1a: Zoroark|Illusion
|-enditem|p1a: Zoroark|Life Orb|[from] move: Knock Off|[of] p2a: Tornadus
|faint|p1a: Zoroark
|
|upkeep
|
|t:|1779962606
|switch|p1a: Glaceon|Glaceon, M|76/100
|-damage|p1a: Glaceon|51/100|[from] Stealth Rock
|turn|12
|
|t:|1779962614
|switch|p2a: Great Tusk|Great Tusk|11/100
|move|p1a: Glaceon|Freeze-Dry|p2a: Great Tusk
|-supereffective|p2a: Great Tusk
|-damage|p2a: Great Tusk|0 fnt
|faint|p2a: Great Tusk
|-end|p2a: Great Tusk|Protosynthesis|[silent]
|
|upkeep
|
|t:|1779962621
|switch|p2a: Iron Valiant|Iron Valiant|88/100
|turn|13
|
|t:|1779962627
|switch|p1a: Goodra|Goodra-Hisui, M|100/100
|-damage|p1a: Goodra|94/100|[from] Stealth Rock
|move|p2a: Iron Valiant|Vacuum Wave|p1a: Goodra
|-supereffective|p1a: Goodra
|-damage|p1a: Goodra|69/100
|
|upkeep
|turn|14
|
|t:|1779962641
|-end|p2a: Iron Valiant|Quark Drive|[silent]
|switch|p2a: Tornadus|Tornadus-Therian, M|100/100
|move|p1a: Goodra|Draco Meteor|p2a: Tornadus
|-damage|p2a: Tornadus|61/100
|-unboost|p1a: Goodra|spa|2
|
|upkeep
|turn|15
|
|t:|1779962654
|switch|p1a: Blaziken|Blaziken, M|100/100
|-damage|p1a: Blaziken|88/100|[from] Stealth Rock
|move|p2a: Tornadus|Knock Off|p1a: Blaziken
|-resisted|p1a: Blaziken
|-damage|p1a: Blaziken|75/100
|-enditem|p1a: Blaziken|Focus Sash|[from] move: Knock Off|[of] p2a: Tornadus
|
|upkeep
|turn|16
|
|t:|1779962665
|move|p1a: Blaziken|Detect|p1a: Blaziken
|-singleturn|p1a: Blaziken|Protect
|move|p2a: Tornadus|Bleakwind Storm|p1a: Blaziken
|-activate|p1a: Blaziken|move: Protect
|
|-ability|p1a: Blaziken|Speed Boost|boost
|-boost|p1a: Blaziken|spe|1
|upkeep
|turn|17
|
|t:|1779962675
|move|p2a: Tornadus|Bleakwind Storm|p1a: Blaziken
|-supereffective|p1a: Blaziken
|-damage|p1a: Blaziken|0 fnt
|faint|p1a: Blaziken
|
|upkeep
|
|t:|1779962680
|switch|p1a: Glaceon|Glaceon, M|51/100
|-damage|p1a: Glaceon|26/100|[from] Stealth Rock
|turn|18
|
|t:|1779962690
|move|p1a: Glaceon|Alluring Voice|p2a: Tornadus
|-damage|p2a: Tornadus|41/100
|move|p2a: Tornadus|Knock Off|p1a: Glaceon
|-damage|p1a: Glaceon|0 fnt
|-enditem|p1a: Glaceon|Choice Scarf|[from] move: Knock Off|[of] p2a: Tornadus
|faint|p1a: Glaceon
|
|upkeep
|
|t:|1779962697
|switch|p1a: Goodra|Goodra-Hisui, M|69/100
|-damage|p1a: Goodra|63/100|[from] Stealth Rock
|turn|19
|
|t:|1779962704
|move|p2a: Tornadus|Knock Off|p1a: Goodra
|-damage|p1a: Goodra|44/100
|-ability|p1a: Goodra|Gooey
|-unboost|p2a: Tornadus|spe|1
|-enditem|p1a: Goodra|Assault Vest|[from] move: Knock Off|[of] p2a: Tornadus
|move|p1a: Goodra|Ice Beam|p2a: Tornadus
|-supereffective|p2a: Tornadus
|-damage|p2a: Tornadus|2/100
|
|upkeep
|turn|20
|
|t:|1779962724
|move|p2a: Tornadus|Heat Wave|p1a: Goodra
|-damage|p1a: Goodra|29/100
|move|p1a: Goodra|Ice Beam|p2a: Tornadus
|-supereffective|p2a: Tornadus
|-damage|p2a: Tornadus|0 fnt
|faint|p2a: Tornadus
|
|upkeep
|
|t:|1779962731
|switch|p2a: Iron Valiant|Iron Valiant|88/100
|turn|21
|
|t:|1779962742
|move|p2a: Iron Valiant|Aura Sphere|p1a: Goodra
|-supereffective|p1a: Goodra
|-damage|p1a: Goodra|0 fnt
|faint|p1a: Goodra
|
|win|BananIsac
|raw|oOvO)b's rating: 1076 &rarr; <strong>1058</strong><br />(-18 for losing)
|raw|BananIsac's rating: 1137 &rarr; <strong>1158</strong><br />(+21 for winning)
|l|☆BananIsac
|player|p2|
|l|☆oOvO)b
|player|p1|
