|j|☆HugsSC
|j|☆Chroma_StarKidz
|t:|1779915535
|gametype|singles
|player|p1|HugsSC|alder|1204
|player|p2|Chroma_StarKidz|doctor|1162
|gen|9
|tier|[Gen 9] OU
|rated|
|rule|HP Percentage Mod: HP is shown in percentages
|rule|Endless Battle Clause: Forcing endless battles is banned
|rule|Species Clause: Limit one of each Pokémon
|rule|OHKO Clause: OHKO moves are banned
|rule|Evasion Items Clause: Evasion items are banned
|rule|Evasion Moves Clause: Evasion moves are banned
|rule|Evasion Abilities Clause: Evasion abilities are banned
|rule|Sleep Moves Clause: Sleep-inducing moves are banned
|clearpoke
|poke|p1|Wo-Chien|
|poke|p1|Landorus-Therian, M|
|poke|p1|Heatran, M|
|poke|p1|Alomomola, F|
|poke|p1|Mimikyu, M|
|poke|p1|Corviknight, M|
|poke|p2|Alomomola, F|
|poke|p2|Gliscor, M|
|poke|p2|Lokix, F|
|poke|p2|Weezing, M|
|poke|p2|Iron Valiant|
|poke|p2|Serperior, F|
|teampreview
|inactive|Battle timer is ON: inactive players will automatically lose when time's up. (requested by HugsSC)
|
|t:|1779915542
|teamsize|p1|6
|teamsize|p2|6
|start
|switch|p1a: Yung Slug|Wo-Chien|100/100
|switch|p2a: Alomomola|Alomomola, F, shiny|100/100
|-ability|p1a: Yung Slug|Tablets of Ruin
|turn|1
|
|t:|1779915554
|move|p2a: Alomomola|Play Rough|p1a: Yung Slug
|-supereffective|p1a: Yung Slug
|-damage|p1a: Yung Slug|69/100
|move|p1a: Yung Slug|Knock Off|p2a: Alomomola
|-damage|p2a: Alomomola|74/100
|-enditem|p2a: Alomomola|Leftovers|[from] move: Knock Off|[of] p1a: Yung Slug
|
|-heal|p1a: Yung Slug|76/100|[from] item: Leftovers
|upkeep
|turn|2
|
|t:|1779915564
|move|p2a: Alomomola|Play Rough|p1a: Yung Slug
|-supereffective|p1a: Yung Slug
|-damage|p1a: Yung Slug|48/100
|move|p1a: Yung Slug|Leech Seed|p2a: Alomomola
|-start|p2a: Alomomola|move: Leech Seed
|
|-heal|p1a: Yung Slug|55/100|[from] item: Leftovers
|-damage|p2a: Alomomola|62/100|[from] Leech Seed|[of] p1a: Yung Slug
|-heal|p1a: Yung Slug|70/100|[silent]
|upkeep
|turn|3
|
|t:|1779915570
|move|p1a: Yung Slug|Protect|p1a: Yung Slug
|-singleturn|p1a: Yung Slug|Protect
|move|p2a: Alomomola|Flip Turn|p1a: Yung Slug
|-activate|p1a: Yung Slug|move: Protect
|
|-heal|p1a: Yung Slug|76/100|[from] item: Leftovers
|-damage|p2a: Alomomola|50/100|[from] Leech Seed|[of] p1a: Yung Slug
|-heal|p1a: Yung Slug|92/100|[silent]
|upkeep
|turn|4
|
|t:|1779915591
|move|p2a: Alomomola|Flip Turn|p1a: Yung Slug
|-resisted|p1a: Yung Slug
|-damage|p1a: Yung Slug|84/100
|
|t:|1779915600
|switch|p2a: Gliscor|Gliscor, M, shiny|100/100|[from] Flip Turn
|move|p1a: Yung Slug|Knock Off|p2a: Gliscor
|-damage|p2a: Gliscor|74/100
|-enditem|p2a: Gliscor|Toxic Orb|[from] move: Knock Off|[of] p1a: Yung Slug
|
|-heal|p1a: Yung Slug|90/100|[from] item: Leftovers
|upkeep
|turn|5
|
|t:|1779915608
|move|p2a: Gliscor|Lunge|p1a: Yung Slug
|-supereffective|p1a: Yung Slug
|-damage|p1a: Yung Slug|29/100
|-unboost|p1a: Yung Slug|atk|1
|move|p1a: Yung Slug|Mean Look|p2a: Gliscor
|-activate|p2a: Gliscor|trapped
|
|-heal|p1a: Yung Slug|36/100|[from] item: Leftovers
|upkeep
|turn|6
|
|t:|1779915625
|switch|p1a: Larry Bird|Landorus-Therian, M|100/100
|-ability|p1a: Larry Bird|Intimidate|boost
|-unboost|p2a: Gliscor|atk|1
|move|p2a: Gliscor|Lunge|p1a: Larry Bird
|-resisted|p1a: Larry Bird
|-damage|p1a: Larry Bird|92/100
|-unboost|p1a: Larry Bird|atk|1
|-damage|p2a: Gliscor|58/100|[from] item: Rocky Helmet|[of] p1a: Larry Bird
|
|upkeep
|turn|7
|
|t:|1779915641
|move|p1a: Larry Bird|U-turn|p2a: Gliscor
|-resisted|p2a: Gliscor
|-damage|p2a: Gliscor|49/100
|
|t:|1779915647
|switch|p1a: Alowowowa|Alomomola, F|100/100|[from] U-turn
|move|p2a: Gliscor|Knock Off|p1a: Alowowowa
|-damage|p1a: Alowowowa|91/100
|-enditem|p1a: Alowowowa|Heavy-Duty Boots|[from] move: Knock Off|[of] p2a: Gliscor
|
|upkeep
|turn|8
|
|t:|1779915658
|switch|p2a: Alomomola|Alomomola, F, shiny|83/100
|move|p1a: Alowowowa|Flip Turn|p2a: Alomomola
|-resisted|p2a: Alomomola
|-damage|p2a: Alomomola|76/100
|
|t:|1779915663
|switch|p1a: Yung Slug|Wo-Chien|36/100|[from] Flip Turn
|-ability|p1a: Yung Slug|Tablets of Ruin
|
|-heal|p1a: Yung Slug|42/100|[from] item: Leftovers
|upkeep
|turn|9
|
|t:|1779915671
|move|p1a: Yung Slug|Protect|p1a: Yung Slug
|-singleturn|p1a: Yung Slug|Protect
|move|p2a: Alomomola|Play Rough|p1a: Yung Slug
|-activate|p1a: Yung Slug|move: Protect
|
|-heal|p1a: Yung Slug|48/100|[from] item: Leftovers
|upkeep
|turn|10
|
|t:|1779915677
|move|p2a: Alomomola|Play Rough|p1a: Yung Slug
|-supereffective|p1a: Yung Slug
|-damage|p1a: Yung Slug|19/100
|move|p1a: Yung Slug|Leech Seed|p2a: Alomomola
|-start|p2a: Alomomola|move: Leech Seed
|
|-heal|p1a: Yung Slug|26/100|[from] item: Leftovers
|-damage|p2a: Alomomola|64/100|[from] Leech Seed|[of] p1a: Yung Slug
|-heal|p1a: Yung Slug|41/100|[silent]
|upkeep
|turn|11
|
|t:|1779915694
|switch|p2a: Gliscor|Gliscor, M, shiny|49/100
|move|p1a: Yung Slug|Mean Look|p2a: Gliscor
|-activate|p2a: Gliscor|trapped
|
|-heal|p1a: Yung Slug|47/100|[from] item: Leftovers
|upkeep
|turn|12
|
|t:|1779915702
|move|p1a: Yung Slug|Protect|p1a: Yung Slug
|-singleturn|p1a: Yung Slug|Protect
|move|p2a: Gliscor|Lunge|p1a: Yung Slug
|-activate|p1a: Yung Slug|move: Protect
|
|-heal|p1a: Yung Slug|53/100|[from] item: Leftovers
|upkeep
|turn|13
|
|t:|1779915722
|-terastallize|p1a: Yung Slug|Poison
|move|p2a: Gliscor|Lunge|p1a: Yung Slug
|-resisted|p1a: Yung Slug
|-damage|p1a: Yung Slug|46/100
|-unboost|p1a: Yung Slug|atk|1
|move|p1a: Yung Slug|Leech Seed|p2a: Gliscor
|-start|p2a: Gliscor|move: Leech Seed
|
|-heal|p1a: Yung Slug|52/100|[from] item: Leftovers
|-damage|p2a: Gliscor|37/100|[from] Leech Seed|[of] p1a: Yung Slug
|-heal|p1a: Yung Slug|62/100|[silent]
|upkeep
|turn|14
|
|t:|1779915732
|move|p1a: Yung Slug|Protect|p1a: Yung Slug
|-singleturn|p1a: Yung Slug|Protect
|move|p2a: Gliscor|Earthquake|p1a: Yung Slug
|-activate|p1a: Yung Slug|move: Protect
|
|-heal|p1a: Yung Slug|68/100|[from] item: Leftovers
|-damage|p2a: Gliscor|24/100|[from] Leech Seed|[of] p1a: Yung Slug
|-heal|p1a: Yung Slug|78/100|[silent]
|upkeep
|turn|15
|
|t:|1779915741
|switch|p1a: Larry Bird|Landorus-Therian, M|92/100
|-ability|p1a: Larry Bird|Intimidate|boost
|-unboost|p2a: Gliscor|atk|1
|move|p2a: Gliscor|Earthquake|p1a: Larry Bird
|-immune|p1a: Larry Bird
|
|-damage|p2a: Gliscor|12/100|[from] Leech Seed|[of] p1a: Larry Bird
|-heal|p1a: Larry Bird|100/100|[silent]
|upkeep
|turn|16
|
|t:|1779915753
|move|p1a: Larry Bird|Stone Edge|p2a: Gliscor
|-damage|p2a: Gliscor|0 fnt
|faint|p2a: Gliscor
|
|upkeep
|
|t:|1779915762
|switch|p2a: Alomomola|Alomomola, F, shiny|97/100
|turn|17
|
|t:|1779915769
|move|p1a: Larry Bird|U-turn|p2a: Alomomola
|-damage|p2a: Alomomola|75/100
|
|t:|1779915778
|switch|p1a: B-2 Bomber|Corviknight, M|100/100|[from] U-turn
|-ability|p1a: B-2 Bomber|Pressure
|move|p2a: Alomomola|Liquidation|p1a: B-2 Bomber
|-damage|p1a: B-2 Bomber|78/100
|
|upkeep
|turn|18
|
|t:|1779915791
|move|p2a: Alomomola|Liquidation|p1a: B-2 Bomber
|-damage|p1a: B-2 Bomber|57/100
|-unboost|p1a: B-2 Bomber|def|1
|move|p1a: B-2 Bomber|Roost|p1a: B-2 Bomber
|-heal|p1a: B-2 Bomber|100/100
|-singleturn|p1a: B-2 Bomber|move: Roost
|
|upkeep
|turn|19
|
|t:|1779915810
|switch|p1a: Alowowowa|Alomomola, F|100/100
|move|p2a: Alomomola|Liquidation|p1a: Alowowowa
|-resisted|p1a: Alowowowa
|-damage|p1a: Alowowowa|93/100
|
|upkeep
|turn|20
|
|t:|1779915818
|switch|p2a: Serperior|Serperior, F|100/100
|move|p1a: Alowowowa|Flip Turn|p2a: Serperior
|-resisted|p2a: Serperior
|-damage|p2a: Serperior|90/100
|
|t:|1779915828
|switch|p1a: King of Miami|Heatran, M|100/100|[from] Flip Turn
|-item|p1a: King of Miami|Air Balloon
|
|-heal|p2a: Serperior|96/100|[from] item: Leftovers
|upkeep
|turn|21
|
|t:|1779915836
|move|p2a: Serperior|Glare|p1a: King of Miami
|-status|p1a: King of Miami|par
|cant|p1a: King of Miami|par
|
|-heal|p2a: Serperior|100/100|[from] item: Leftovers
|upkeep
|turn|22
|
|t:|1779915853
|switch|p2a: Alomomola|Alomomola, F, shiny|100/100
|move|p1a: King of Miami|Overheat|p2a: Alomomola|[miss]
|-miss|p1a: King of Miami|p2a: Alomomola
|
|upkeep
|turn|23
|c|☆HugsSC|uh huh
|c|☆HugsSC|yep
|
|t:|1779915865
|switch|p1a: Alowowowa|Alomomola, F|100/100
|move|p2a: Alomomola|Liquidation|p1a: Alowowowa
|-resisted|p1a: Alowowowa
|-damage|p1a: Alowowowa|93/100
|
|upkeep
|turn|24
|
|t:|1779915872
|move|p2a: Alomomola|Play Rough|p1a: Alowowowa|[miss]
|-miss|p2a: Alomomola|p1a: Alowowowa
|move|p1a: Alowowowa|Wish|p1a: Alowowowa
|
|upkeep
|turn|25
|
|t:|1779915875
|move|p2a: Alomomola|Play Rough|p1a: Alowowowa|[miss]
|-miss|p2a: Alomomola|p1a: Alowowowa
|move|p1a: Alowowowa|Flip Turn|p2a: Alomomola
|-resisted|p2a: Alomomola
|-damage|p2a: Alomomola|93/100
|
|t:|1779915881
|switch|p1a: Yung Slug|Wo-Chien, tera:Poison|78/100|[from] Flip Turn
|-ability|p1a: Yung Slug|Tablets of Ruin
|
|-heal|p1a: Yung Slug|100/100|[from] move: Wish|[wisher] Alowowowa
|upkeep
|turn|26
|
|t:|1779915889
|move|p2a: Alomomola|Zen Headbutt|p1a: Yung Slug
|-supereffective|p1a: Yung Slug
|-damage|p1a: Yung Slug|76/100
|move|p1a: Yung Slug|Knock Off|p2a: Alomomola
|-damage|p2a: Alomomola|74/100
|
|-heal|p1a: Yung Slug|82/100|[from] item: Leftovers
|upkeep
|turn|27
|
|t:|1779915894
|move|p1a: Yung Slug|Protect|p1a: Yung Slug
|-singleturn|p1a: Yung Slug|Protect
|move|p2a: Alomomola|Zen Headbutt|p1a: Yung Slug
|-activate|p1a: Yung Slug|move: Protect
|
|-heal|p1a: Yung Slug|88/100|[from] item: Leftovers
|upkeep
|turn|28
|
|t:|1779915906
|switch|p2a: Weezing|Weezing, M|100/100
|move|p1a: Yung Slug|Knock Off|p2a: Weezing
|-damage|p2a: Weezing|70/100
|-enditem|p2a: Weezing|Heavy-Duty Boots|[from] move: Knock Off|[of] p1a: Yung Slug
|
|-heal|p1a: Yung Slug|94/100|[from] item: Leftovers
|upkeep
|turn|29
|
|t:|1779915916
|move|p1a: Yung Slug|Leech Seed|p2a: Weezing
|-start|p2a: Weezing|move: Leech Seed
|move|p2a: Weezing|Thunderbolt|p1a: Yung Slug
|-damage|p1a: Yung Slug|82/100
|
|-heal|p1a: Yung Slug|88/100|[from] item: Leftovers
|-damage|p2a: Weezing|58/100|[from] Leech Seed|[of] p1a: Yung Slug
|-heal|p1a: Yung Slug|96/100|[silent]
|upkeep
|turn|30
|
|t:|1779915920
|move|p1a: Yung Slug|Mean Look|p2a: Weezing
|-activate|p2a: Weezing|trapped
|move|p2a: Weezing|Flamethrower|p1a: Yung Slug
|-damage|p1a: Yung Slug|81/100
|
|-heal|p1a: Yung Slug|87/100|[from] item: Leftovers
|-damage|p2a: Weezing|46/100|[from] Leech Seed|[of] p1a: Yung Slug
|-heal|p1a: Yung Slug|96/100|[silent]
|upkeep
|turn|31
|
|t:|1779915930
|move|p1a: Yung Slug|Protect|p1a: Yung Slug
|-singleturn|p1a: Yung Slug|Protect
|move|p2a: Weezing|Thunderbolt|p1a: Yung Slug
|-activate|p1a: Yung Slug|move: Protect
|
|-heal|p1a: Yung Slug|100/100|[from] item: Leftovers
|-damage|p2a: Weezing|34/100|[from] Leech Seed|[of] p1a: Yung Slug
|upkeep
|turn|32
|-message|Chroma_StarKidz forfeited.
|
|win|HugsSC
|raw|HugsSC's rating: 1204 &rarr; <strong>1226</strong><br />(+22 for winning)
|raw|Chroma_StarKidz's rating: 1162 &rarr; <strong>1140</strong><br />(-22 for losing)
|l|☆Chroma_StarKidz
|player|p2|
|l|☆HugsSC
|player|p1|
