|j|☆phanxflame
|j|☆deperrrman
|t:|1779807604
|gametype|singles
|player|p1|phanxflame|169|1131
|player|p2|deperrrman|clown|1078
|gen|9
|tier|[Gen 9] OU
|rated|
|rule|HP Percentage Mod: HP is shown in percentages
|rule|Endless Battle Clause: Forcing endless battles is banned
|rule|Species Clause: Limit one of each Pokémon
|rule|OHKO Clause: OHKO moves are banned
|rule|Evasion Items Clause: Evasion items are banned
|rule|Evasion Moves Clause: Evasion moves are banned
|rule|Evasion Abilities Clause: Evasion abilities are banned
|rule|Sleep Moves Clause: Sleep-inducing moves are banned
|clearpoke
|poke|p1|Gengar, M|
|poke|p1|Cinderace, M|
|poke|p1|Krookodile, M|
|poke|p1|Pelipper, M|
|poke|p1|Hatterene, F|
|poke|p1|Rampardos, M|
|poke|p2|Hitmonchan, M|
|poke|p2|Hitmonlee, M|
|poke|p2|Hitmontop, M|
|poke|p2|Infernape, F|
|poke|p2|Conkeldurr, F|
|poke|p2|Falinks|
|teampreview
|inactive|Battle timer is ON: inactive players will automatically lose when time's up. (requested by deperrrman)
|
|t:|1779807615
|teamsize|p1|6
|teamsize|p2|6
|start
|switch|p1a: Pelipper|Pelipper, M|100/100
|switch|p2a: Conkeldurr|Conkeldurr, F|100/100
|-weather|RainDance|[from] ability: Drizzle|[of] p1a: Pelipper
|turn|1
|
|t:|1779807622
|move|p1a: Pelipper|Hurricane|p2a: Conkeldurr
|-supereffective|p2a: Conkeldurr
|-damage|p2a: Conkeldurr|0 fnt
|faint|p2a: Conkeldurr
|
|-weather|RainDance|[upkeep]
|upkeep
|
|t:|1779807629
|switch|p2a: Infernape|Infernape, F|100/100
|turn|2
|
|t:|1779807634
|switch|p1a: Krookodile|Krookodile, M|100/100
|-ability|p1a: Krookodile|Intimidate|boost
|-unboost|p2a: Infernape|atk|1
|move|p2a: Infernape|Thunder Punch|p1a: Krookodile
|-immune|p1a: Krookodile
|
|-weather|RainDance|[upkeep]
|upkeep
|turn|3
|
|t:|1779807646
|move|p2a: Infernape|Drain Punch|p1a: Krookodile
|-supereffective|p1a: Krookodile
|-damage|p1a: Krookodile|19/100
|move|p1a: Krookodile|Earthquake|p2a: Infernape
|-supereffective|p2a: Infernape
|-damage|p2a: Infernape|0 fnt
|faint|p2a: Infernape
|
|-weather|RainDance|[upkeep]
|upkeep
|
|t:|1779807654
|switch|p2a: Hitmonchan|Hitmonchan, M|100/100
|turn|4
|
|t:|1779807662
|move|p1a: Krookodile|Earthquake|p2a: Hitmonchan
|-damage|p2a: Hitmonchan|33/100
|move|p2a: Hitmonchan|Bulk Up|p2a: Hitmonchan
|-boost|p2a: Hitmonchan|atk|1
|-boost|p2a: Hitmonchan|def|1
|
|-weather|RainDance|[upkeep]
|upkeep
|turn|5
|
|t:|1779807669
|move|p2a: Hitmonchan|Bullet Punch|p1a: Krookodile
|-damage|p1a: Krookodile|0 fnt
|faint|p1a: Krookodile
|
|-weather|none
|upkeep
|
|t:|1779807676
|switch|p1a: Gengar|Gengar, M|100/100
|turn|6
|
|t:|1779807680
|move|p2a: Hitmonchan|Bullet Punch|p1a: Gengar
|-damage|p1a: Gengar|67/100
|move|p1a: Gengar|Shadow Ball|p2a: Hitmonchan
|-damage|p2a: Hitmonchan|0 fnt
|faint|p2a: Hitmonchan
|
|upkeep
|
|t:|1779807690
|switch|p2a: Hitmonlee|Hitmonlee, M|100/100
|turn|7
|
|t:|1779807694
|move|p1a: Gengar|Shadow Ball|p2a: Hitmonlee
|-damage|p2a: Hitmonlee|53/100
|move|p2a: Hitmonlee|Earthquake|p1a: Gengar
|-supereffective|p1a: Gengar
|-damage|p1a: Gengar|0 fnt
|faint|p1a: Gengar
|
|upkeep
|
|t:|1779807700
|switch|p1a: Pelipper|Pelipper, M|100/100
|-weather|RainDance|[from] ability: Drizzle|[of] p1a: Pelipper
|turn|8
|
|t:|1779807713
|switch|p1a: Hatterene|Hatterene, F|100/100
|move|p2a: Hitmonlee|Endure||[still]
|-fail|p2a: Hitmonlee
|
|-weather|RainDance|[upkeep]
|upkeep
|turn|9
|
|t:|1779807720
|move|p2a: Hitmonlee|Stone Edge|p1a: Hatterene
|-damage|p1a: Hatterene|62/100
|move|p1a: Hatterene|Trick Room|p1a: Hatterene
|-fieldstart|move: Trick Room|[of] p1a: Hatterene
|
|-weather|RainDance|[upkeep]
|upkeep
|turn|10
|
|t:|1779807730
|move|p1a: Hatterene|Future Sight|p2a: Hitmonlee
|-start|p1a: Hatterene|move: Future Sight
|move|p2a: Hitmonlee|Stone Edge|p1a: Hatterene|[miss]
|-miss|p2a: Hitmonlee|p1a: Hatterene
|
|-weather|RainDance|[upkeep]
|upkeep
|turn|11
|
|t:|1779807737
|move|p1a: Hatterene|Nuzzle|p2a: Hitmonlee
|-damage|p2a: Hitmonlee|44/100
|-status|p2a: Hitmonlee|par
|cant|p2a: Hitmonlee|par
|
|-weather|RainDance|[upkeep]
|upkeep
|turn|12
|
|t:|1779807748
|move|p1a: Hatterene|Healing Wish|p1a: Hatterene
|faint|p1a: Hatterene
|cant|p2a: Hitmonlee|par
|
|-weather|none
|-end|p2a: Hitmonlee|move: Future Sight
|-supereffective|p2a: Hitmonlee
|-damage|p2a: Hitmonlee|0 fnt
|faint|p2a: Hitmonlee
|upkeep
|
|t:|1779807762
|switch|p1a: Pelipper|Pelipper, M|100/100
|switch|p2a: Falinks|Falinks|100/100
|-weather|RainDance|[from] ability: Drizzle|[of] p1a: Pelipper
|turn|13
|
|t:|1779807769
|-terastallize|p2a: Falinks|Steel
|move|p1a: Pelipper|Hurricane|p2a: Falinks
|-resisted|p2a: Falinks
|-damage|p2a: Falinks|44/100
|-start|p2a: Falinks|confusion
|-activate|p2a: Falinks|confusion
|move|p2a: Falinks|No Retreat|p2a: Falinks
|-boost|p2a: Falinks|atk|1
|-boost|p2a: Falinks|def|1
|-boost|p2a: Falinks|spa|1
|-boost|p2a: Falinks|spd|1
|-boost|p2a: Falinks|spe|1
|-start|p2a: Falinks|move: No Retreat
|
|-weather|RainDance|[upkeep]
|-heal|p2a: Falinks|50/100|[from] item: Leftovers
|-fieldend|move: Trick Room
|upkeep
|turn|14
|
|t:|1779807789
|switch|p1a: Rampardos|Rampardos, M|100/100
|-activate|p2a: Falinks|confusion
|-damage|p2a: Falinks|36/100|[from] confusion
|
|-weather|RainDance|[upkeep]
|-heal|p2a: Falinks|42/100|[from] item: Leftovers
|upkeep
|turn|15
|
|t:|1779807796
|-activate|p2a: Falinks|confusion
|move|p2a: Falinks|Iron Head|p1a: Rampardos
|-supereffective|p1a: Rampardos
|-damage|p1a: Rampardos|0 fnt
|faint|p1a: Rampardos
|
|-weather|RainDance|[upkeep]
|-heal|p2a: Falinks|48/100|[from] item: Leftovers
|upkeep
|
|t:|1779807800
|switch|p1a: Cinderace|Cinderace, M|100/100
|turn|16
|
|t:|1779807805
|-activate|p2a: Falinks|confusion
|move|p2a: Falinks|Rock Slide|p1a: Cinderace
|-supereffective|p1a: Cinderace
|-damage|p1a: Cinderace|26/100
|move|p1a: Cinderace|High Jump Kick|p2a: Falinks
|-start|p1a: Cinderace|typechange|Fighting|[from] ability: Libero
|-supereffective|p2a: Falinks
|-damage|p2a: Falinks|0 fnt
|faint|p2a: Falinks
|
|-weather|RainDance|[upkeep]
|upkeep
|
|t:|1779807816
|switch|p2a: Hitmontop|Hitmontop, M|100/100
|turn|17
|
|t:|1779807826
|move|p2a: Hitmontop|Fake Out|p1a: Cinderace
|-damage|p1a: Cinderace|5/100
|cant|p1a: Cinderace|flinch
|
|-weather|none
|upkeep
|turn|18
|
|t:|1779807832
|move|p2a: Hitmontop|Bullet Punch|p1a: Cinderace
|-damage|p1a: Cinderace|0 fnt
|faint|p1a: Cinderace
|
|upkeep
|
|t:|1779807834
|switch|p1a: Pelipper|Pelipper, M|100/100
|-weather|RainDance|[from] ability: Drizzle|[of] p1a: Pelipper
|turn|19
|
|t:|1779807841
|-terastallize|p1a: Pelipper|Dragon
|move|p2a: Hitmontop|Aerial Ace|p1a: Pelipper
|-damage|p1a: Pelipper|76/100
|move|p1a: Pelipper|Hurricane|p2a: Hitmontop
|-supereffective|p2a: Hitmontop
|-damage|p2a: Hitmontop|0 fnt
|faint|p2a: Hitmontop
|
|win|phanxflame
|raw|phanxflame's rating: 1131 &rarr; <strong>1152</strong><br />(+21 for winning)
|raw|deperrrman's rating: 1078 &rarr; <strong>1060</strong><br />(-18 for losing)
|l|☆phanxflame
|player|p1|
|l|☆deperrrman
|player|p2|
