|j|☆AKGD
|j|☆sword over shield
|t:|1779909174
|gametype|singles
|player|p1|AKGD|miku-flying|1492
|player|p2|sword over shield|265|1580
|gen|9
|tier|[Gen 9] OU
|rated|
|rule|HP Percentage Mod: HP is shown in percentages
|rule|Endless Battle Clause: Forcing endless battles is banned
|rule|Species Clause: Limit one of each Pokémon
|rule|OHKO Clause: OHKO moves are banned
|rule|Evasion Items Clause: Evasion items are banned
|rule|Evasion Moves Clause: Evasion moves are banned
|rule|Evasion Abilities Clause: Evasion abilities are banned
|rule|Sleep Moves Clause: Sleep-inducing moves are banned
|clearpoke
|poke|p1|Iron Moth|
|poke|p1|Ogerpon-Wellspring, F|
|poke|p1|Raging Bolt|
|poke|p1|Great Tusk|
|poke|p1|Darkrai|
|poke|p1|Deoxys-Speed|
|poke|p2|Iron Moth|
|poke|p2|Gliscor, F|
|poke|p2|Hatterene, F|
|poke|p2|Raging Bolt|
|poke|p2|Zamazenta-*|
|poke|p2|Ceruledge, F|
|teampreview
|inactive|Battle timer is ON: inactive players will automatically lose when time's up. (requested by AKGD)
|inactive|sword over shield has 120 seconds left.
|c|☆AKGD|Sword is good
|inactive|sword over shield has 90 seconds left.
|
|t:|1779909241
|teamsize|p1|6
|teamsize|p2|6
|start
|switch|p1a: Deoxys|Deoxys-Speed|100/100
|switch|p2a: Zamazenta|Zamazenta|100/100
|-ability|p1a: Deoxys|Pressure
|-ability|p2a: Zamazenta|Dauntless Shield|boost
|-boost|p2a: Zamazenta|def|1
|turn|1
|
|t:|1779909255
|switch|p2a: Hatterene|Hatterene, F|100/100
|move|p1a: Deoxys|Reflect|p1a: Deoxys
|-sidestart|p1: AKGD|Reflect
|
|upkeep
|turn|2
|
|t:|1779909264
|move|p1a: Deoxys|Light Screen|p1a: Deoxys
|-sidestart|p1: AKGD|move: Light Screen
|move|p2a: Hatterene|Calm Mind|p2a: Hatterene
|-boost|p2a: Hatterene|spa|1
|-boost|p2a: Hatterene|spd|1
|
|upkeep
|turn|3
|
|t:|1779909269
|switch|p1a: Iron Moth|Iron Moth|100/100
|-enditem|p1a: Iron Moth|Booster Energy
|-activate|p1a: Iron Moth|ability: Quark Drive|[fromitem]
|-start|p1a: Iron Moth|quarkdrivespe
|move|p2a: Hatterene|Calm Mind|p2a: Hatterene
|-boost|p2a: Hatterene|spa|1
|-boost|p2a: Hatterene|spd|1
|
|upkeep
|turn|4
|
|t:|1779909295
|move|p1a: Iron Moth|Sludge Wave|p2a: Hatterene
|-supereffective|p2a: Hatterene
|-damage|p2a: Hatterene|55/100
|move|p2a: Hatterene|Stored Power|p1a: Iron Moth
|-supereffective|p1a: Iron Moth
|-damage|p1a: Iron Moth|20/100
|
|-heal|p2a: Hatterene|61/100|[from] item: Leftovers
|upkeep
|turn|5
|
|t:|1779909308
|switch|p2a: Iron Moth|Iron Moth|100/100
|-enditem|p2a: Iron Moth|Booster Energy
|-activate|p2a: Iron Moth|ability: Quark Drive|[fromitem]
|-start|p2a: Iron Moth|quarkdrivespe
|move|p1a: Iron Moth|Sludge Wave|p2a: Iron Moth
|-resisted|p2a: Iron Moth
|-damage|p2a: Iron Moth|79/100
|
|upkeep
|turn|6
|
|t:|1779909318
|move|p1a: Iron Moth|Fiery Dance|p2a: Iron Moth
|-resisted|p2a: Iron Moth
|-damage|p2a: Iron Moth|61/100
|move|p2a: Iron Moth|Fiery Dance|p1a: Iron Moth
|-resisted|p1a: Iron Moth
|-damage|p1a: Iron Moth|10/100
|-boost|p2a: Iron Moth|spa|1
|
|upkeep
|turn|7
|
|t:|1779909326
|move|p2a: Iron Moth|Fiery Dance|p1a: Iron Moth
|-resisted|p1a: Iron Moth
|-damage|p1a: Iron Moth|0 fnt
|faint|p1a: Iron Moth
|-end|p1a: Iron Moth|Quark Drive|[silent]
|
|upkeep
|
|t:|1779909342
|switch|p1a: Darkrai|Darkrai|100/100
|turn|8
|
|t:|1779909350
|move|p2a: Iron Moth|Sludge Wave|p1a: Darkrai
|-damage|p1a: Darkrai|50/100
|move|p1a: Darkrai|Dark Pulse|p2a: Iron Moth
|-damage|p2a: Iron Moth|20/100
|
|-sideend|p1: AKGD|Reflect
|upkeep
|turn|9
|
|t:|1779909358
|-terastallize|p1a: Darkrai|Poison
|move|p2a: Iron Moth|Sludge Wave|p1a: Darkrai
|-resisted|p1a: Darkrai
|-damage|p1a: Darkrai|26/100
|move|p1a: Darkrai|Dark Pulse|p2a: Iron Moth
|-damage|p2a: Iron Moth|0 fnt
|faint|p2a: Iron Moth
|-end|p2a: Iron Moth|Quark Drive|[silent]
|
|-sideend|p1: AKGD|move: Light Screen
|upkeep
|
|t:|1779909370
|switch|p2a: Ceruledge|Ceruledge, F|100/100
|turn|10
|
|t:|1779909379
|move|p1a: Darkrai|Dark Pulse|p2a: Ceruledge
|-supereffective|p2a: Ceruledge
|-damage|p2a: Ceruledge|34/100
|move|p2a: Ceruledge|Bulk Up|p2a: Ceruledge
|-boost|p2a: Ceruledge|atk|1
|-boost|p2a: Ceruledge|def|1
|
|upkeep
|turn|11
|
|t:|1779909386
|move|p2a: Ceruledge|Shadow Sneak|p1a: Darkrai
|-damage|p1a: Darkrai|0 fnt
|faint|p1a: Darkrai
|
|upkeep
|
|t:|1779909391
|switch|p1a: Dragonship|Great Tusk|100/100
|-enditem|p1a: Dragonship|Booster Energy
|-activate|p1a: Dragonship|ability: Protosynthesis|[fromitem]
|-start|p1a: Dragonship|protosynthesisspe
|turn|12
|
|t:|1779909399
|-terastallize|p2a: Ceruledge|Bug
|move|p1a: Dragonship|Bulk Up|p1a: Dragonship
|-boost|p1a: Dragonship|atk|1
|-boost|p1a: Dragonship|def|1
|move|p2a: Ceruledge|Bitter Blade|p1a: Dragonship
|-damage|p1a: Dragonship|78/100
|-heal|p2a: Ceruledge|48/100|[from] drain|[of] p1a: Dragonship
|
|upkeep
|turn|13
|
|t:|1779909411
|move|p1a: Dragonship|Bulk Up|p1a: Dragonship
|-boost|p1a: Dragonship|atk|1
|-boost|p1a: Dragonship|def|1
|move|p2a: Ceruledge|Taunt|p1a: Dragonship
|-start|p1a: Dragonship|move: Taunt
|
|upkeep
|turn|14
|
|t:|1779909426
|move|p1a: Dragonship|Ice Spinner|p2a: Ceruledge
|-damage|p2a: Ceruledge|14/100
|move|p2a: Ceruledge|Bitter Blade|p1a: Dragonship
|-damage|p1a: Dragonship|59/100
|-heal|p2a: Ceruledge|26/100|[from] drain|[of] p1a: Dragonship
|
|upkeep
|turn|15
|-message|sword over shield forfeited.
|
|win|AKGD
|raw|AKGD's rating: 1492 &rarr; <strong>1517</strong><br />(+25 for winning)
|raw|sword over shield's rating: 1580 &rarr; <strong>1555</strong><br />(-25 for losing)
|l|☆sword over shield
|player|p2|
|c|☆AKGD|gg
