|j|☆kuraiyagare
|j|☆Sheel_Valia
|t:|1779843484
|gametype|singles
|player|p1|kuraiyagare|pokemonranger-gen4|1439
|player|p2|Sheel_Valia|266|1508
|gen|9
|tier|[Gen 9] OU
|rated|
|rule|HP Percentage Mod: HP is shown in percentages
|rule|Endless Battle Clause: Forcing endless battles is banned
|rule|Species Clause: Limit one of each Pokémon
|rule|OHKO Clause: OHKO moves are banned
|rule|Evasion Items Clause: Evasion items are banned
|rule|Evasion Moves Clause: Evasion moves are banned
|rule|Evasion Abilities Clause: Evasion abilities are banned
|rule|Sleep Moves Clause: Sleep-inducing moves are banned
|clearpoke
|poke|p1|Breloom, M|
|poke|p1|Gardevoir, F|
|poke|p1|Talonflame, F|
|poke|p1|Magnezone|
|poke|p1|Drifblim, F|
|poke|p1|Zangoose, F|
|poke|p2|Rotom-Wash|
|poke|p2|Toxapex, M|
|poke|p2|Ting-Lu|
|poke|p2|Dragapult, M|
|poke|p2|Hatterene, F|
|poke|p2|Kingambit, F|
|teampreview
|inactive|Battle timer is ON: inactive players will automatically lose when time's up. (requested by Sheel_Valia)
|inactive|kuraiyagare has 120 seconds left.
|
|t:|1779843522
|teamsize|p1|6
|teamsize|p2|6
|start
|switch|p1a: Drastenie|Breloom, M|100/100
|switch|p2a: Rotom|Rotom-Wash, shiny|100/100
|turn|1
|
|t:|1779843534
|switch|p2a: Toxapex|Toxapex, M, shiny|100/100
|move|p1a: Drastenie|Bullet Seed|p2a: Toxapex
|-crit|p2a: Toxapex
|-damage|p2a: Toxapex|81/100
|-damage|p2a: Toxapex|67/100
|-damage|p2a: Toxapex|54/100
|-hitcount|p2a: Toxapex|3
|
|upkeep
|turn|2
|
|t:|1779843555
|move|p1a: Drastenie|Bulldoze|p2a: Toxapex
|-supereffective|p2a: Toxapex
|-damage|p2a: Toxapex|15/100
|-unboost|p2a: Toxapex|spe|1
|move|p2a: Toxapex|Toxic|p1a: Drastenie
|-status|p1a: Drastenie|tox
|
|-damage|p1a: Drastenie|94/100 tox|[from] psn
|upkeep
|turn|3
|
|t:|1779843562
|switch|p2a: Kingambit|Kingambit, F|100/100
|move|p1a: Drastenie|Bullet Seed|p2a: Kingambit
|-resisted|p2a: Kingambit
|-damage|p2a: Kingambit|93/100
|-resisted|p2a: Kingambit
|-damage|p2a: Kingambit|85/100
|-hitcount|p2a: Kingambit|2
|
|-damage|p1a: Drastenie|82/100 tox|[from] psn
|upkeep
|turn|4
|
|t:|1779843574
|-end|p2a: Kingambit|fallenundefined|[silent]
|switch|p2a: Toxapex|Toxapex, M, shiny|48/100
|move|p1a: Drastenie|Bulldoze|p2a: Toxapex
|-supereffective|p2a: Toxapex
|-damage|p2a: Toxapex|8/100
|-unboost|p2a: Toxapex|spe|1
|
|-damage|p1a: Drastenie|64/100 tox|[from] psn
|upkeep
|turn|5
|
|t:|1779843580
|switch|p2a: Ting-Lu|Ting-Lu|100/100
|-ability|p2a: Ting-Lu|Vessel of Ruin
|move|p1a: Drastenie|Bullet Seed|p2a: Ting-Lu
|-supereffective|p2a: Ting-Lu
|-damage|p2a: Ting-Lu|75/100
|-supereffective|p2a: Ting-Lu
|-damage|p2a: Ting-Lu|51/100
|-supereffective|p2a: Ting-Lu
|-damage|p2a: Ting-Lu|27/100
|-hitcount|p2a: Ting-Lu|3
|
|-heal|p2a: Ting-Lu|33/100|[from] item: Leftovers
|-damage|p1a: Drastenie|39/100 tox|[from] psn
|upkeep
|turn|6
|
|t:|1779843589
|switch|p2a: Kingambit|Kingambit, F|85/100
|move|p1a: Drastenie|Bulldoze|p2a: Kingambit
|-supereffective|p2a: Kingambit
|-damage|p2a: Kingambit|38/100
|-unboost|p2a: Kingambit|spe|1
|
|-damage|p1a: Drastenie|9/100 tox|[from] psn
|upkeep
|turn|7
|
|t:|1779843595
|move|p1a: Drastenie|Mach Punch|p2a: Kingambit
|-supereffective|p2a: Kingambit
|-damage|p2a: Kingambit|0 fnt
|faint|p2a: Kingambit
|-end|p2a: Kingambit|fallenundefined|[silent]
|
|-damage|p1a: Drastenie|0 fnt|[from] psn
|faint|p1a: Drastenie
|upkeep
|
|t:|1779843599
|switch|p1a: Gardenia|Gardevoir, F|100/100
|switch|p2a: Toxapex|Toxapex, M, shiny|42/100
|-ability|p1a: Gardenia|Regenerator|Trace|[from] ability: Trace|[of] p2a: Toxapex
|turn|8
|
|t:|1779843605
|switch|p2a: Rotom|Rotom-Wash, shiny|100/100
|move|p1a: Gardenia|Moonblast|p2a: Rotom
|-damage|p2a: Rotom|27/100
|
|upkeep
|turn|9
|
|t:|1779843609
|move|p2a: Rotom|Trick|p1a: Gardenia
|-activate|p2a: Rotom|move: Trick|[of] p1a: Gardenia
|-item|p1a: Gardenia|Choice Scarf|[from] move: Trick
|-item|p2a: Rotom|Focus Sash|[from] move: Trick
|move|p1a: Gardenia|Moonblast|p2a: Rotom
|-damage|p2a: Rotom|0 fnt
|faint|p2a: Rotom
|
|upkeep
|
|t:|1779843615
|switch|p2a: Hatterene|Hatterene, F|100/100
|turn|10
|
|t:|1779843641
|move|p1a: Gardenia|Moonblast|p2a: Hatterene
|-damage|p2a: Hatterene|45/100
|move|p2a: Hatterene|Trick Room|p2a: Hatterene
|-fieldstart|move: Trick Room|[of] p2a: Hatterene
|
|upkeep
|turn|11
|
|t:|1779843648
|switch|p1a: hax = skill|Magnezone|100/100
|move|p2a: Hatterene|Dazzling Gleam|p1a: hax = skill
|-resisted|p1a: hax = skill
|-damage|p1a: hax = skill|70/100
|-damage|p2a: Hatterene|35/100|[from] item: Life Orb
|
|upkeep
|turn|12
|
|t:|1779843651
|move|p2a: Hatterene|Mystical Fire|p1a: hax = skill
|-supereffective|p1a: hax = skill
|-damage|p1a: hax = skill|0 fnt
|faint|p1a: hax = skill
|-damage|p2a: Hatterene|25/100|[from] item: Life Orb
|
|upkeep
|
|t:|1779843665
|switch|p1a: Zangoose|Zangoose, F|100/100
|turn|13
|
|t:|1779843669
|move|p2a: Hatterene|Psyshock|p1a: Zangoose
|-enditem|p1a: Zangoose|Focus Sash
|-damage|p1a: Zangoose|1/100
|-damage|p2a: Hatterene|15/100|[from] item: Life Orb
|move|p1a: Zangoose|Knock Off|p2a: Hatterene
|-damage|p2a: Hatterene|0 fnt
|-enditem|p2a: Hatterene|Life Orb|[from] move: Knock Off|[of] p1a: Zangoose
|faint|p2a: Hatterene
|
|upkeep
|
|t:|1779843676
|switch|p2a: Ting-Lu|Ting-Lu|33/100
|-ability|p2a: Ting-Lu|Vessel of Ruin
|turn|14
|
|t:|1779843682
|move|p2a: Ting-Lu|Throat Chop|p1a: Zangoose
|-damage|p1a: Zangoose|0 fnt
|faint|p1a: Zangoose
|
|-heal|p2a: Ting-Lu|39/100|[from] item: Leftovers
|-fieldend|move: Trick Room
|upkeep
|
|t:|1779843684
|switch|p1a: Gardenia|Gardevoir, F|100/100
|-ability|p1a: Gardenia|Vessel of Ruin|Trace|[from] ability: Trace|[of] p2a: Ting-Lu
|-ability|p1a: Gardenia|Vessel of Ruin
|turn|15
|
|t:|1779843688
|switch|p2a: Toxapex|Toxapex, M, shiny|75/100
|move|p1a: Gardenia|Moonblast|p2a: Toxapex
|-resisted|p2a: Toxapex
|-damage|p2a: Toxapex|52/100
|
|upkeep
|turn|16
|
|t:|1779843693
|switch|p2a: Ting-Lu|Ting-Lu|39/100
|-ability|p2a: Ting-Lu|Vessel of Ruin
|move|p1a: Gardenia|Moonblast|p2a: Ting-Lu
|-supereffective|p2a: Ting-Lu
|-damage|p2a: Ting-Lu|0 fnt
|faint|p2a: Ting-Lu
|
|upkeep
|
|t:|1779843698
|switch|p2a: Toxapex|Toxapex, M, shiny|86/100
|turn|17
|j| samurajen
|
|t:|1779843712
|switch|p1a: Vatra|Talonflame, F|100/100
|move|p2a: Toxapex|Toxic|p1a: Vatra
|-status|p1a: Vatra|tox
|
|-damage|p1a: Vatra|94/100 tox|[from] psn
|upkeep
|turn|18
|
|t:|1779843715
|move|p1a: Vatra|Will-O-Wisp|p2a: Toxapex
|-status|p2a: Toxapex|brn
|move|p2a: Toxapex|Surf|p1a: Vatra
|-supereffective|p1a: Vatra
|-damage|p1a: Vatra|33/100 tox
|
|-damage|p1a: Vatra|21/100 tox|[from] psn
|-damage|p2a: Toxapex|80/100 brn|[from] brn
|upkeep
|turn|19
|
|t:|1779843718
|move|p1a: Vatra|Brave Bird|p2a: Toxapex
|-damage|p2a: Toxapex|51/100 brn
|-damage|p1a: Vatra|5/100 tox|[from] item: Rocky Helmet|[of] p2a: Toxapex
|-damage|p1a: Vatra|0 fnt|[from] Recoil
|faint|p1a: Vatra
|move|p2a: Toxapex|Recover|p2a: Toxapex
|-heal|p2a: Toxapex|100/100 brn
|
|-damage|p2a: Toxapex|95/100 brn|[from] brn
|upkeep
|
|t:|1779843720
|switch|p1a: Gardenia|Gardevoir, F|100/100
|-ability|p1a: Gardenia|Regenerator|Trace|[from] ability: Trace|[of] p2a: Toxapex
|turn|20
|
|t:|1779843726
|-terastallize|p2a: Toxapex|Grass
|move|p1a: Gardenia|Psyshock|p2a: Toxapex
|-damage|p2a: Toxapex|68/100 brn
|move|p2a: Toxapex|Toxic|p1a: Gardenia
|-status|p1a: Gardenia|tox
|
|-damage|p1a: Gardenia|94/100 tox|[from] psn
|-damage|p2a: Toxapex|62/100 brn|[from] brn
|upkeep
|turn|21
|
|t:|1779843730
|move|p1a: Gardenia|Psyshock|p2a: Toxapex
|-damage|p2a: Toxapex|33/100 brn
|move|p2a: Toxapex|Recover|p2a: Toxapex
|-heal|p2a: Toxapex|83/100 brn
|
|-damage|p1a: Gardenia|82/100 tox|[from] psn
|-damage|p2a: Toxapex|77/100 brn|[from] brn
|upkeep
|turn|22
|
|t:|1779843737
|move|p1a: Gardenia|Psyshock|p2a: Toxapex
|-damage|p2a: Toxapex|50/100 brn
|move|p2a: Toxapex|Recover|p2a: Toxapex
|-heal|p2a: Toxapex|99/100 brn
|
|-damage|p1a: Gardenia|64/100 tox|[from] psn
|-damage|p2a: Toxapex|94/100 brn|[from] brn
|upkeep
|turn|23
|
|t:|1779843740
|switch|p1a: drifflim|Drifblim, F|100/100
|move|p2a: Toxapex|Surf|p1a: drifflim
|-damage|p1a: drifflim|78/100
|
|-damage|p2a: Toxapex|88/100 brn|[from] brn
|upkeep
|turn|24
|
|t:|1779843743
|switch|p1a: Gardenia|Gardevoir, F|97/100 tox
|-ability|p1a: Gardenia|Regenerator|Trace|[from] ability: Trace|[of] p2a: Toxapex
|move|p2a: Toxapex|Toxic|p1a: Gardenia
|-fail|p1a: Gardenia|tox
|
|-damage|p1a: Gardenia|91/100 tox|[from] psn
|-damage|p2a: Toxapex|82/100 brn|[from] brn
|upkeep
|turn|25
|
|t:|1779843752
|move|p1a: Gardenia|Moonblast|p2a: Toxapex
|-damage|p2a: Toxapex|40/100 brn
|move|p2a: Toxapex|Recover|p2a: Toxapex
|-heal|p2a: Toxapex|91/100 brn
|
|-damage|p1a: Gardenia|78/100 tox|[from] psn
|-damage|p2a: Toxapex|85/100 brn|[from] brn
|upkeep
|turn|26
|
|t:|1779843756
|move|p1a: Gardenia|Moonblast|p2a: Toxapex
|-damage|p2a: Toxapex|42/100 brn
|-unboost|p2a: Toxapex|spa|1
|move|p2a: Toxapex|Recover|p2a: Toxapex
|-heal|p2a: Toxapex|92/100 brn
|
|-damage|p1a: Gardenia|60/100 tox|[from] psn
|-damage|p2a: Toxapex|86/100 brn|[from] brn
|upkeep
|turn|27
|
|t:|1779843760
|switch|p1a: drifflim|Drifblim, F|78/100
|move|p2a: Toxapex|Recover|p2a: Toxapex
|-heal|p2a: Toxapex|100/100 brn
|
|-damage|p2a: Toxapex|95/100 brn|[from] brn
|upkeep
|turn|28
|
|t:|1779843764
|switch|p1a: Gardenia|Gardevoir, F|93/100 tox
|-ability|p1a: Gardenia|Regenerator|Trace|[from] ability: Trace|[of] p2a: Toxapex
|switch|p2a: Dragapult|Dragapult, M, shiny|100/100
|
|-damage|p1a: Gardenia|87/100 tox|[from] psn
|upkeep
|turn|29
|
|t:|1779843777
|switch|p2a: Toxapex|Toxapex, M, shiny, tera:Grass|100/100 brn
|move|p1a: Gardenia|Moonblast|p2a: Toxapex
|-damage|p2a: Toxapex|60/100 brn
|
|-damage|p1a: Gardenia|75/100 tox|[from] psn
|-damage|p2a: Toxapex|54/100 brn|[from] brn
|upkeep
|turn|30
|
|t:|1779843784
|move|p1a: Gardenia|Moonblast|p2a: Toxapex
|-damage|p2a: Toxapex|6/100 brn
|-unboost|p2a: Toxapex|spa|1
|move|p2a: Toxapex|Recover|p2a: Toxapex
|-heal|p2a: Toxapex|57/100 brn
|
|-damage|p1a: Gardenia|56/100 tox|[from] psn
|-damage|p2a: Toxapex|51/100 brn|[from] brn
|upkeep
|turn|31
|
|t:|1779843789
|switch|p1a: drifflim|Drifblim, F|78/100
|move|p2a: Toxapex|Recover|p2a: Toxapex
|-heal|p2a: Toxapex|100/100 brn
|
|-damage|p2a: Toxapex|95/100 brn|[from] brn
|upkeep
|turn|32
|
|t:|1779843797
|switch|p1a: Gardenia|Gardevoir, F|90/100 tox
|-ability|p1a: Gardenia|Regenerator|Trace|[from] ability: Trace|[of] p2a: Toxapex
|move|p2a: Toxapex|Surf|p1a: Gardenia
|-damage|p1a: Gardenia|75/100 tox
|
|-damage|p1a: Gardenia|68/100 tox|[from] psn
|-damage|p2a: Toxapex|89/100 brn|[from] brn
|upkeep
|turn|33
|
|t:|1779843800
|move|p1a: Gardenia|Moonblast|p2a: Toxapex
|-damage|p2a: Toxapex|42/100 brn
|-unboost|p2a: Toxapex|spa|1
|move|p2a: Toxapex|Surf|p1a: Gardenia
|-damage|p1a: Gardenia|57/100 tox
|
|-damage|p1a: Gardenia|45/100 tox|[from] psn
|-damage|p2a: Toxapex|36/100 brn|[from] brn
|upkeep
|turn|34
|
|t:|1779843806
|move|p1a: Gardenia|Moonblast|p2a: Toxapex
|-damage|p2a: Toxapex|0 fnt
|faint|p2a: Toxapex
|
|-damage|p1a: Gardenia|26/100 tox|[from] psn
|upkeep
|
|t:|1779843809
|switch|p2a: Dragapult|Dragapult, M, shiny|100/100
|turn|35
|
|t:|1779843812
|move|p1a: Gardenia|Moonblast|p2a: Dragapult
|-supereffective|p2a: Dragapult
|-damage|p2a: Dragapult|0 fnt
|faint|p2a: Dragapult
|
|win|kuraiyagare
|raw|kuraiyagare's rating: 1439 &rarr; <strong>1463</strong><br />(+24 for winning)
|raw|Sheel_Valia's rating: 1508 &rarr; <strong>1484</strong><br />(-24 for losing)
|l|☆Sheel_Valia
|player|p2|
|l|☆kuraiyagare
|player|p1|
|l| samurajen
