|j|☆claudechamp
|j|☆i heart clowns
|t:|1779897282
|gametype|singles
|player|p1|claudechamp|169|1298
|player|p2|i heart clowns|olivia|1272
|gen|9
|tier|[Gen 9] OU
|rated|
|rule|HP Percentage Mod: HP is shown in percentages
|rule|Endless Battle Clause: Forcing endless battles is banned
|rule|Species Clause: Limit one of each Pokémon
|rule|OHKO Clause: OHKO moves are banned
|rule|Evasion Items Clause: Evasion items are banned
|rule|Evasion Moves Clause: Evasion moves are banned
|rule|Evasion Abilities Clause: Evasion abilities are banned
|rule|Sleep Moves Clause: Sleep-inducing moves are banned
|clearpoke
|poke|p1|Gliscor, M|
|poke|p1|Ogerpon, F|
|poke|p1|Walking Wake|
|poke|p1|Blissey, F|
|poke|p1|Corviknight, F|
|poke|p1|Pecharunt|
|poke|p2|Corviknight, F|
|poke|p2|Slowking-Galar, M|
|poke|p2|Ogerpon, F|
|poke|p2|Great Tusk|
|poke|p2|Scizor, M|
|poke|p2|Walking Wake|
|teampreview
|c|☆claudechamp|hf
|
|t:|1779897286
|teamsize|p1|6
|teamsize|p2|6
|start
|switch|p1a: Gliscor|Gliscor, M|100/100
|switch|p2a: Scizor|Scizor, M|100/100
|turn|1
|inactive|Battle timer is ON: inactive players will automatically lose when time's up. (requested by claudechamp)
|
|t:|1779897291
|move|p1a: Gliscor|Spikes|p2a: Scizor
|-sidestart|p2: i heart clowns|Spikes
|move|p2a: Scizor|Knock Off|p1a: Gliscor
|-damage|p1a: Gliscor|70/100
|-enditem|p1a: Gliscor|Toxic Orb|[from] move: Knock Off|[of] p2a: Scizor
|
|upkeep
|turn|2
|c|☆i heart clowns|u2
|
|t:|1779897300
|move|p1a: Gliscor|Earthquake|p2a: Scizor
|-damage|p2a: Scizor|67/100
|move|p2a: Scizor|Swords Dance|p2a: Scizor
|-boost|p2a: Scizor|atk|2
|
|upkeep
|turn|3
|
|t:|1779897307
|move|p2a: Scizor|Bullet Punch|p1a: Gliscor
|-damage|p1a: Gliscor|21/100
|move|p1a: Gliscor|Earthquake|p2a: Scizor
|-damage|p2a: Scizor|34/100
|
|upkeep
|turn|4
|
|t:|1779897311
|move|p2a: Scizor|Bullet Punch|p1a: Gliscor
|-crit|p1a: Gliscor
|-damage|p1a: Gliscor|0 fnt
|faint|p1a: Gliscor
|
|upkeep
|
|t:|1779897313
|switch|p1a: Walking Wake|Walking Wake|100/100
|turn|5
|
|t:|1779897331
|move|p2a: Scizor|Bullet Punch|p1a: Walking Wake
|-resisted|p1a: Walking Wake
|-damage|p1a: Walking Wake|61/100
|move|p1a: Walking Wake|Surf|p2a: Scizor
|-crit|p2a: Scizor
|-damage|p2a: Scizor|0 fnt
|faint|p2a: Scizor
|
|upkeep
|
|t:|1779897334
|switch|p2a: Slowking|Slowking-Galar, M|100/100
|-damage|p2a: Slowking|88/100|[from] Spikes
|turn|6
|
|t:|1779897336
|move|p1a: Walking Wake|Surf|p2a: Slowking
|-damage|p2a: Slowking|62/100
|move|p2a: Slowking|Future Sight|p1a: Walking Wake
|-start|p2a: Slowking|move: Future Sight
|
|-heal|p2a: Slowking|68/100|[from] item: Black Sludge
|upkeep
|turn|7
|
|t:|1779897342
|move|p1a: Walking Wake|Knock Off|p2a: Slowking
|-supereffective|p2a: Slowking
|-damage|p2a: Slowking|31/100
|-enditem|p2a: Slowking|Black Sludge|[from] move: Knock Off|[of] p1a: Walking Wake
|move|p2a: Slowking|Trick|p1a: Walking Wake
|-activate|p2a: Slowking|move: Trick|[of] p1a: Walking Wake
|-enditem|p1a: Walking Wake|Heavy-Duty Boots|[silent]|[from] move: Trick
|-item|p2a: Slowking|Heavy-Duty Boots|[from] move: Trick
|
|upkeep
|turn|8
|
|t:|1779897359
|-end|p1a: Walking Wake|Protosynthesis|[silent]
|switch|p1a: Blissey|Blissey, F|100/100
|switch|p2a: Walking Wake|Walking Wake|100/100
|-damage|p2a: Walking Wake|88/100|[from] Spikes
|
|-end|p1a: Blissey|move: Future Sight
|-damage|p1a: Blissey|86/100
|upkeep
|turn|9
|
|t:|1779897361
|move|p2a: Walking Wake|Flip Turn|p1a: Blissey
|-damage|p1a: Blissey|71/100
|
|t:|1779897364
|-end|p2a: Walking Wake|Protosynthesis|[silent]
|switch|p2a: Great Tusk|Great Tusk|100/100|[from] Flip Turn
|-damage|p2a: Great Tusk|88/100|[from] Spikes
|move|p1a: Blissey|Stealth Rock|p2a: Great Tusk
|-sidestart|p2: i heart clowns|move: Stealth Rock
|
|-heal|p2a: Great Tusk|94/100|[from] item: Leftovers
|upkeep
|turn|10
|
|t:|1779897371
|switch|p1a: Pecharunt|Pecharunt|100/100
|move|p2a: Great Tusk|Knock Off|p1a: Pecharunt
|-supereffective|p1a: Pecharunt
|-crit|p1a: Pecharunt
|-damage|p1a: Pecharunt|60/100
|-enditem|p1a: Pecharunt|Heavy-Duty Boots|[from] move: Knock Off|[of] p2a: Great Tusk
|
|-heal|p2a: Great Tusk|100/100|[from] item: Leftovers
|upkeep
|turn|11
|
|t:|1779897380
|-end|p2a: Great Tusk|Protosynthesis|[silent]
|switch|p2a: Slowking|Slowking-Galar, M|64/100
|move|p1a: Pecharunt|Recover|p1a: Pecharunt
|-heal|p1a: Pecharunt|100/100
|
|upkeep
|turn|12
|
|t:|1779897388
|move|p1a: Pecharunt|Foul Play|p2a: Slowking
|-supereffective|p2a: Slowking
|-damage|p2a: Slowking|37/100
|move|p2a: Slowking|Future Sight|p1a: Pecharunt
|-start|p2a: Slowking|move: Future Sight
|
|upkeep
|turn|13
|
|t:|1779897411
|move|p1a: Pecharunt|Malignant Chain|p2a: Slowking
|-resisted|p2a: Slowking
|-damage|p2a: Slowking|28/100
|move|p2a: Slowking|Slack Off|p2a: Slowking
|-heal|p2a: Slowking|78/100
|
|upkeep
|turn|14
|
|t:|1779897419
|move|p1a: Pecharunt|Parting Shot|p2a: Slowking
|-unboost|p2a: Slowking|atk|1
|-unboost|p2a: Slowking|spa|1
|
|t:|1779897422
|switch|p1a: Walking Wake|Walking Wake|61/100|[from] Parting Shot
|-prepare|p2a: Slowking|Chilly Reception|[premajor]
|move|p2a: Slowking|Chilly Reception|p2a: Slowking
|-weather|Snowscape
|
|t:|1779897430
|switch|p2a: Corviknight|Corviknight, F|100/100|[from] Chilly Reception
|-ability|p2a: Corviknight|Pressure
|
|-weather|Snowscape|[upkeep]
|-end|p1a: Walking Wake|move: Future Sight
|-damage|p1a: Walking Wake|8/100
|upkeep
|turn|15
|
|t:|1779897435
|move|p1a: Walking Wake|Surf|p2a: Corviknight
|-damage|p2a: Corviknight|57/100
|move|p2a: Corviknight|Defog|p1a: Walking Wake
|-unboost|p1a: Walking Wake|evasion|1
|-sideend|p2: i heart clowns|Spikes|[from] move: Defog|[of] p2a: Corviknight
|-sideend|p2: i heart clowns|Stealth Rock|[from] move: Defog|[of] p2a: Corviknight
|
|-weather|Snowscape|[upkeep]
|upkeep
|turn|16
|
|t:|1779897438
|switch|p2a: Slowking|Slowking-Galar, M|100/100
|move|p1a: Walking Wake|Surf|p2a: Slowking
|-damage|p2a: Slowking|75/100
|
|-weather|Snowscape|[upkeep]
|upkeep
|turn|17
|
|t:|1779897442
|-end|p1a: Walking Wake|Protosynthesis|[silent]
|switch|p1a: Blissey|Blissey, F|71/100
|move|p2a: Slowking|Future Sight|p1a: Blissey
|-start|p2a: Slowking|move: Future Sight
|
|-weather|Snowscape|[upkeep]
|upkeep
|turn|18
|
|t:|1779897446
|move|p1a: Blissey|Stealth Rock|p2a: Slowking
|-sidestart|p2: i heart clowns|move: Stealth Rock
|-prepare|p2a: Slowking|Chilly Reception|[premajor]
|move|p2a: Slowking|Chilly Reception|p2a: Slowking
|
|t:|1779897457
|switch|p2a: Great Tusk|Great Tusk|100/100|[from] Chilly Reception
|-damage|p2a: Great Tusk|98/100|[from] Stealth Rock
|
|-weather|none
|-heal|p2a: Great Tusk|100/100|[from] item: Leftovers
|upkeep
|turn|19
|
|t:|1779897463
|move|p2a: Great Tusk|Stealth Rock|p1a: Blissey
|-sidestart|p1: claudechamp|move: Stealth Rock
|move|p1a: Blissey|Soft-Boiled|p1a: Blissey
|-heal|p1a: Blissey|100/100
|
|-end|p1a: Blissey|move: Future Sight
|-damage|p1a: Blissey|86/100
|upkeep
|turn|20
|
|t:|1779897481
|switch|p1a: Pecharunt|Pecharunt|100/100
|-damage|p1a: Pecharunt|88/100|[from] Stealth Rock
|move|p2a: Great Tusk|Body Press|p1a: Pecharunt
|-immune|p1a: Pecharunt
|
|upkeep
|turn|21
|
|t:|1779897485
|-end|p2a: Great Tusk|Protosynthesis|[silent]
|switch|p2a: Slowking|Slowking-Galar, M|100/100
|move|p1a: Pecharunt|Parting Shot|p2a: Slowking
|-unboost|p2a: Slowking|atk|1
|-unboost|p2a: Slowking|spa|1
|
|t:|1779897490
|switch|p1a: Blissey|Blissey, F|86/100|[from] Parting Shot
|
|upkeep
|turn|22
|
|t:|1779897495
|move|p1a: Blissey|Soft-Boiled|p1a: Blissey
|-heal|p1a: Blissey|100/100
|-prepare|p2a: Slowking|Chilly Reception|[premajor]
|move|p2a: Slowking|Chilly Reception|p2a: Slowking
|-weather|Snowscape
|
|t:|1779897499
|switch|p2a: Ogerpon|Ogerpon, F|100/100|[from] Chilly Reception
|-damage|p2a: Ogerpon|88/100|[from] Stealth Rock
|
|-weather|Snowscape|[upkeep]
|upkeep
|turn|23
|
|t:|1779897511
|move|p2a: Ogerpon|U-turn|p1a: Blissey
|-damage|p1a: Blissey|62/100
|
|t:|1779897514
|switch|p2a: Great Tusk|Great Tusk|100/100|[from] U-turn
|-damage|p2a: Great Tusk|98/100|[from] Stealth Rock
|move|p1a: Blissey|Seismic Toss|p2a: Great Tusk
|-damage|p2a: Great Tusk|74/100
|
|-weather|Snowscape|[upkeep]
|-heal|p2a: Great Tusk|81/100|[from] item: Leftovers
|upkeep
|turn|24
|
|t:|1779897521
|switch|p1a: Pecharunt|Pecharunt|88/100
|-damage|p1a: Pecharunt|76/100|[from] Stealth Rock
|move|p2a: Great Tusk|Knock Off|p1a: Pecharunt
|-supereffective|p1a: Pecharunt
|-damage|p1a: Pecharunt|59/100
|
|-weather|Snowscape|[upkeep]
|-heal|p2a: Great Tusk|87/100|[from] item: Leftovers
|upkeep
|turn|25
|
|t:|1779897528
|-end|p2a: Great Tusk|Protosynthesis|[silent]
|switch|p2a: Slowking|Slowking-Galar, M|100/100
|move|p1a: Pecharunt|Recover|p1a: Pecharunt
|-heal|p1a: Pecharunt|100/100
|
|-weather|Snowscape|[upkeep]
|upkeep
|turn|26
|
|t:|1779897532
|move|p1a: Pecharunt|Foul Play|p2a: Slowking
|-supereffective|p2a: Slowking
|-damage|p2a: Slowking|72/100
|move|p2a: Slowking|Future Sight|p1a: Pecharunt
|-start|p2a: Slowking|move: Future Sight
|
|-weather|none
|upkeep
|turn|27
|
|t:|1779897539
|move|p1a: Pecharunt|Parting Shot|p2a: Slowking
|-unboost|p2a: Slowking|atk|1
|-unboost|p2a: Slowking|spa|1
|
|t:|1779897545
|switch|p1a: Blissey|Blissey, F|62/100|[from] Parting Shot
|-prepare|p2a: Slowking|Chilly Reception|[premajor]
|move|p2a: Slowking|Chilly Reception|p2a: Slowking
|-weather|Snowscape
|
|t:|1779897552
|switch|p2a: Great Tusk|Great Tusk|87/100|[from] Chilly Reception
|-damage|p2a: Great Tusk|84/100|[from] Stealth Rock
|
|-weather|Snowscape|[upkeep]
|-heal|p2a: Great Tusk|90/100|[from] item: Leftovers
|upkeep
|turn|28
|
|t:|1779897557
|switch|p1a: Corviknight|Corviknight, F|100/100
|-ability|p1a: Corviknight|Pressure
|move|p2a: Great Tusk|Knock Off|p1a: Corviknight
|-damage|p1a: Corviknight|82/100
|-enditem|p1a: Corviknight|Heavy-Duty Boots|[from] move: Knock Off|[of] p2a: Great Tusk
|
|-weather|Snowscape|[upkeep]
|-end|p1a: Corviknight|move: Future Sight
|-resisted|p1a: Corviknight
|-damage|p1a: Corviknight|59/100
|-heal|p2a: Great Tusk|96/100|[from] item: Leftovers
|upkeep
|turn|29
|
|t:|1779897570
|move|p2a: Great Tusk|Rapid Spin|p1a: Corviknight
|-resisted|p1a: Corviknight
|-damage|p1a: Corviknight|55/100
|-boost|p2a: Great Tusk|spe|1
|-sideend|p2: i heart clowns|Stealth Rock|[from] move: Rapid Spin|[of] p2a: Great Tusk
|move|p1a: Corviknight|Roost|p1a: Corviknight
|-heal|p1a: Corviknight|100/100
|-singleturn|p1a: Corviknight|move: Roost
|
|-weather|Snowscape|[upkeep]
|-heal|p2a: Great Tusk|100/100|[from] item: Leftovers
|upkeep
|turn|30
|
|t:|1779897577
|-end|p2a: Great Tusk|Protosynthesis|[silent]
|switch|p2a: Corviknight|Corviknight, F|57/100
|-ability|p2a: Corviknight|Pressure
|move|p1a: Corviknight|Thief|p2a: Corviknight
|-damage|p2a: Corviknight|50/100
|-enditem|p2a: Corviknight|Heavy-Duty Boots|[silent]|[from] move: Thief|[of] p1a: Corviknight
|-item|p1a: Corviknight|Heavy-Duty Boots|[from] move: Thief|[of] p2a: Corviknight
|
|-weather|Snowscape|[upkeep]
|upkeep
|turn|31
|
|t:|1779897584
|switch|p1a: Blissey|Blissey, F|62/100
|move|p2a: Corviknight|Roost|p2a: Corviknight
|-heal|p2a: Corviknight|99/100
|-singleturn|p2a: Corviknight|move: Roost
|
|-weather|none
|upkeep
|turn|32
|
|t:|1779897593
|move|p2a: Corviknight|Body Press|p1a: Blissey
|-supereffective|p1a: Blissey
|-crit|p1a: Blissey
|-damage|p1a: Blissey|0 fnt
|faint|p1a: Blissey
|
|upkeep
|
|t:|1779897601
|switch|p1a: Pecharunt|Pecharunt|100/100
|-damage|p1a: Pecharunt|88/100|[from] Stealth Rock
|turn|33
|
|t:|1779897612
|move|p1a: Pecharunt|Recover|p1a: Pecharunt
|-heal|p1a: Pecharunt|100/100
|move|p2a: Corviknight|U-turn|p1a: Pecharunt
|-resisted|p1a: Pecharunt
|-damage|p1a: Pecharunt|99/100
|
|t:|1779897618
|switch|p2a: Slowking|Slowking-Galar, M|100/100|[from] U-turn
|
|upkeep
|turn|34
|
|t:|1779897626
|move|p1a: Pecharunt|Foul Play|p2a: Slowking
|-supereffective|p2a: Slowking
|-damage|p2a: Slowking|72/100
|move|p2a: Slowking|Future Sight|p1a: Pecharunt
|-start|p2a: Slowking|move: Future Sight
|
|upkeep
|turn|35
|
|t:|1779897635
|move|p1a: Pecharunt|Foul Play|p2a: Slowking
|-supereffective|p2a: Slowking
|-damage|p2a: Slowking|45/100
|-prepare|p2a: Slowking|Chilly Reception|[premajor]
|move|p2a: Slowking|Chilly Reception|p2a: Slowking
|-weather|Snowscape
|
|t:|1779897643
|switch|p2a: Walking Wake|Walking Wake|88/100|[from] Chilly Reception
|
|-weather|Snowscape|[upkeep]
|upkeep
|turn|36
|
|t:|1779897650
|-terastallize|p1a: Pecharunt|Dark
|move|p2a: Walking Wake|Flamethrower|p1a: Pecharunt
|-damage|p1a: Pecharunt|67/100
|move|p1a: Pecharunt|Foul Play|p2a: Walking Wake
|-damage|p2a: Walking Wake|62/100
|
|-weather|Snowscape|[upkeep]
|-end|p1a: Pecharunt|move: Future Sight
|-immune|p1a: Pecharunt
|upkeep
|turn|37
|
|t:|1779897657
|move|p2a: Walking Wake|Draco Meteor|p1a: Pecharunt|[miss]
|-miss|p2a: Walking Wake|p1a: Pecharunt
|move|p1a: Pecharunt|Recover|p1a: Pecharunt
|-heal|p1a: Pecharunt|100/100
|
|-weather|Snowscape|[upkeep]
|upkeep
|turn|38
|
|t:|1779897665
|move|p2a: Walking Wake|Flip Turn|p1a: Pecharunt
|-damage|p1a: Pecharunt|93/100
|
|t:|1779897672
|-end|p2a: Walking Wake|Protosynthesis|[silent]
|switch|p2a: Slowking|Slowking-Galar, M|78/100|[from] Flip Turn
|move|p1a: Pecharunt|Malignant Chain|p2a: Slowking
|-resisted|p2a: Slowking
|-damage|p2a: Slowking|70/100
|
|-weather|Snowscape|[upkeep]
|upkeep
|turn|39
|
|t:|1779897680
|move|p1a: Pecharunt|Foul Play|p2a: Slowking
|-supereffective|p2a: Slowking
|-damage|p2a: Slowking|28/100
|move|p2a: Slowking|Slack Off|p2a: Slowking
|-heal|p2a: Slowking|78/100
|
|-weather|none
|upkeep
|turn|40
|
|t:|1779897685
|move|p1a: Pecharunt|Foul Play|p2a: Slowking
|-supereffective|p2a: Slowking
|-damage|p2a: Slowking|38/100
|move|p2a: Slowking|Future Sight|p1a: Pecharunt
|-start|p2a: Slowking|move: Future Sight
|
|upkeep
|turn|41
|
|t:|1779897689
|switch|p2a: Corviknight|Corviknight, F|99/100
|-ability|p2a: Corviknight|Pressure
|move|p1a: Pecharunt|Foul Play|p2a: Corviknight
|-crit|p2a: Corviknight
|-damage|p2a: Corviknight|72/100
|
|upkeep
|turn|42
|
|t:|1779897699
|move|p1a: Pecharunt|Recover|p1a: Pecharunt
|-heal|p1a: Pecharunt|100/100
|move|p2a: Corviknight|U-turn|p1a: Pecharunt
|-supereffective|p1a: Pecharunt
|-damage|p1a: Pecharunt|88/100
|
|t:|1779897701
|switch|p2a: Great Tusk|Great Tusk|100/100|[from] U-turn
|
|-end|p1a: Pecharunt|move: Future Sight
|-immune|p1a: Pecharunt
|upkeep
|turn|43
|
|t:|1779897708
|move|p1a: Pecharunt|Malignant Chain|p2a: Great Tusk
|-resisted|p2a: Great Tusk
|-damage|p2a: Great Tusk|81/100
|-status|p2a: Great Tusk|tox
|-start|p2a: Great Tusk|confusion|[from] ability: Poison Puppeteer|[of] p1a: Pecharunt
|-activate|p2a: Great Tusk|confusion
|move|p2a: Great Tusk|Body Press|p1a: Pecharunt
|-supereffective|p1a: Pecharunt
|-damage|p1a: Pecharunt|45/100
|
|-heal|p2a: Great Tusk|87/100 tox|[from] item: Leftovers
|-damage|p2a: Great Tusk|81/100 tox|[from] psn
|upkeep
|turn|44
|
|t:|1779897717
|-end|p2a: Great Tusk|Protosynthesis|[silent]
|switch|p2a: Ogerpon|Ogerpon, F|88/100
|move|p1a: Pecharunt|Recover|p1a: Pecharunt
|-heal|p1a: Pecharunt|95/100
|
|upkeep
|turn|45
|
|t:|1779897727
|move|p2a: Ogerpon|U-turn|p1a: Pecharunt
|-supereffective|p1a: Pecharunt
|-damage|p1a: Pecharunt|62/100
|
|t:|1779897730
|switch|p2a: Corviknight|Corviknight, F|72/100|[from] U-turn
|-ability|p2a: Corviknight|Pressure
|move|p1a: Pecharunt|Foul Play|p2a: Corviknight
|-damage|p2a: Corviknight|55/100
|
|upkeep
|turn|46
|
|t:|1779897735
|move|p1a: Pecharunt|Recover|p1a: Pecharunt
|-heal|p1a: Pecharunt|100/100
|move|p2a: Corviknight|Roost|p2a: Corviknight
|-heal|p2a: Corviknight|100/100
|-singleturn|p2a: Corviknight|move: Roost
|
|upkeep
|turn|47
|
|t:|1779897749
|move|p1a: Pecharunt|Foul Play|p2a: Corviknight
|-damage|p2a: Corviknight|84/100
|move|p2a: Corviknight|Body Press|p1a: Pecharunt
|-supereffective|p1a: Pecharunt
|-crit|p1a: Pecharunt
|-damage|p1a: Pecharunt|62/100
|
|upkeep
|turn|48
|
|t:|1779897760
|move|p1a: Pecharunt|Recover|p1a: Pecharunt
|-heal|p1a: Pecharunt|100/100
|move|p2a: Corviknight|Body Press|p1a: Pecharunt
|-supereffective|p1a: Pecharunt
|-damage|p1a: Pecharunt|77/100
|
|upkeep
|turn|49
|
|t:|1779897770
|move|p1a: Pecharunt|Parting Shot|p2a: Corviknight
|-unboost|p2a: Corviknight|atk|1
|-unboost|p2a: Corviknight|spa|1
|
|t:|1779897782
|switch|p1a: Corviknight|Corviknight, F|100/100|[from] Parting Shot
|-ability|p1a: Corviknight|Pressure
|move|p2a: Corviknight|Body Press|p1a: Corviknight
|-damage|p1a: Corviknight|84/100
|
|upkeep
|turn|50
|
|t:|1779897793
|move|p1a: Corviknight|Roost|p1a: Corviknight
|-heal|p1a: Corviknight|100/100
|-singleturn|p1a: Corviknight|move: Roost
|move|p2a: Corviknight|U-turn|p1a: Corviknight
|-resisted|p1a: Corviknight
|-damage|p1a: Corviknight|97/100
|
|t:|1779897803
|switch|p2a: Walking Wake|Walking Wake|62/100|[from] U-turn
|
|upkeep
|turn|51
|
|t:|1779897812
|move|p2a: Walking Wake|Flamethrower|p1a: Corviknight
|-supereffective|p1a: Corviknight
|-damage|p1a: Corviknight|38/100
|move|p1a: Corviknight|U-turn|p2a: Walking Wake
|-damage|p2a: Walking Wake|47/100
|
|t:|1779897825
|switch|p1a: Ogerpon|Ogerpon, F|100/100|[from] U-turn
|
|upkeep
|turn|52
|
|t:|1779897835
|-end|p2a: Walking Wake|Protosynthesis|[silent]
|switch|p2a: Corviknight|Corviknight, F|84/100
|-ability|p2a: Corviknight|Pressure
|move|p1a: Ogerpon|Ivy Cudgel|p2a: Corviknight
|-resisted|p2a: Corviknight
|-damage|p2a: Corviknight|77/100
|
|upkeep
|turn|53
|
|t:|1779897842
|move|p1a: Ogerpon|U-turn|p2a: Corviknight
|-resisted|p2a: Corviknight
|-damage|p2a: Corviknight|74/100
|
|t:|1779897853
|switch|p1a: Corviknight|Corviknight, F|38/100|[from] U-turn
|-ability|p1a: Corviknight|Pressure
|move|p2a: Corviknight|U-turn|p1a: Corviknight
|-resisted|p1a: Corviknight
|-damage|p1a: Corviknight|36/100
|
|t:|1779897857
|switch|p2a: Walking Wake|Walking Wake|47/100|[from] U-turn
|
|upkeep
|turn|54
|
|t:|1779897868
|move|p2a: Walking Wake|Flamethrower|p1a: Corviknight
|-supereffective|p1a: Corviknight
|-damage|p1a: Corviknight|0 fnt
|faint|p1a: Corviknight
|
|upkeep
|
|t:|1779897881
|switch|p1a: Ogerpon|Ogerpon, F|100/100
|turn|55
|
|t:|1779897883
|-end|p2a: Walking Wake|Protosynthesis|[silent]
|switch|p2a: Corviknight|Corviknight, F|74/100
|-ability|p2a: Corviknight|Pressure
|move|p1a: Ogerpon|Ivy Cudgel|p2a: Corviknight
|-resisted|p2a: Corviknight
|-damage|p2a: Corviknight|67/100
|
|upkeep
|turn|56
|
|t:|1779897895
|move|p1a: Ogerpon|U-turn|p2a: Corviknight
|-resisted|p2a: Corviknight
|-damage|p2a: Corviknight|63/100
|
|t:|1779897906
|switch|p1a: Pecharunt|Pecharunt, tera:Dark|77/100|[from] U-turn
|-damage|p1a: Pecharunt|64/100|[from] Stealth Rock
|move|p2a: Corviknight|U-turn|p1a: Pecharunt
|-supereffective|p1a: Pecharunt
|-damage|p1a: Pecharunt|52/100
|
|t:|1779897914
|switch|p2a: Ogerpon|Ogerpon, F|88/100|[from] U-turn
|
|upkeep
|turn|57
|
|t:|1779897925
|move|p2a: Ogerpon|U-turn|p1a: Pecharunt
|-supereffective|p1a: Pecharunt
|-damage|p1a: Pecharunt|20/100
|
|t:|1779897928
|switch|p2a: Slowking|Slowking-Galar, M|71/100|[from] U-turn
|move|p1a: Pecharunt|Foul Play|p2a: Slowking
|-supereffective|p2a: Slowking
|-damage|p2a: Slowking|34/100
|
|upkeep
|turn|58
|
|t:|1779897943
|move|p1a: Pecharunt|Foul Play|p2a: Slowking
|-supereffective|p2a: Slowking
|-damage|p2a: Slowking|0 fnt
|faint|p2a: Slowking
|
|upkeep
|
|t:|1779897945
|switch|p2a: Ogerpon|Ogerpon, F|88/100
|turn|59
|
|t:|1779897957
|move|p2a: Ogerpon|Ivy Cudgel|p1a: Pecharunt
|-damage|p1a: Pecharunt|0 fnt
|faint|p1a: Pecharunt
|
|upkeep
|
|t:|1779897968
|switch|p1a: Ogerpon|Ogerpon, F|100/100
|turn|60
|
|t:|1779897973
|switch|p2a: Corviknight|Corviknight, F|63/100
|-ability|p2a: Corviknight|Pressure
|move|p1a: Ogerpon|Knock Off|p2a: Corviknight
|-damage|p2a: Corviknight|49/100
|
|upkeep
|turn|61
|c|☆i heart clowns|gg
|
|t:|1779897981
|move|p1a: Ogerpon|Ivy Cudgel|p2a: Corviknight
|-resisted|p2a: Corviknight
|-damage|p2a: Corviknight|42/100
|move|p2a: Corviknight|Roost|p2a: Corviknight
|-heal|p2a: Corviknight|92/100
|-singleturn|p2a: Corviknight|move: Roost
|
|upkeep
|turn|62
|
|t:|1779897988
|move|p1a: Ogerpon|Encore|p2a: Corviknight
|-start|p2a: Corviknight|Encore
|move|p2a: Corviknight|Roost|p2a: Corviknight
|-heal|p2a: Corviknight|100/100
|-singleturn|p2a: Corviknight|move: Roost
|
|upkeep
|turn|63
|
|t:|1779898004
|switch|p2a: Great Tusk|Great Tusk|81/100 tox
|move|p1a: Ogerpon|Ivy Cudgel|p2a: Great Tusk
|-supereffective|p2a: Great Tusk
|-damage|p2a: Great Tusk|32/100 tox
|
|-heal|p2a: Great Tusk|38/100 tox|[from] item: Leftovers
|-damage|p2a: Great Tusk|32/100 tox|[from] psn
|upkeep
|turn|64
|
|t:|1779898006
|move|p1a: Ogerpon|Ivy Cudgel|p2a: Great Tusk
|-supereffective|p2a: Great Tusk
|-damage|p2a: Great Tusk|0 fnt
|faint|p2a: Great Tusk
|-end|p2a: Great Tusk|Protosynthesis|[silent]
|
|upkeep
|
|t:|1779898008
|switch|p2a: Corviknight|Corviknight, F|100/100
|-ability|p2a: Corviknight|Pressure
|turn|65
|
|t:|1779898014
|move|p1a: Ogerpon|U-turn|p2a: Corviknight
|-resisted|p2a: Corviknight
|-damage|p2a: Corviknight|97/100
|
|t:|1779898020
|switch|p1a: Walking Wake|Walking Wake|8/100|[from] U-turn
|-damage|p1a: Walking Wake|0 fnt|[from] Stealth Rock
|faint|p1a: Walking Wake
|-end|p1a: Walking Wake|Protosynthesis|[silent]
|move|p2a: Corviknight|U-turn|p1: Walking Wake|[notarget]
|-fail|p2a: Corviknight
|
|upkeep
|
|t:|1779898025
|switch|p1a: Ogerpon|Ogerpon, F|100/100
|turn|66
|
|t:|1779898037
|move|p1a: Ogerpon|Ivy Cudgel|p2a: Corviknight
|-resisted|p2a: Corviknight
|-damage|p2a: Corviknight|90/100
|move|p2a: Corviknight|Body Press|p1a: Ogerpon
|-damage|p1a: Ogerpon|64/100
|
|upkeep
|turn|67
|
|t:|1779898050
|move|p1a: Ogerpon|Ivy Cudgel|p2a: Corviknight
|-resisted|p2a: Corviknight
|-damage|p2a: Corviknight|83/100
|move|p2a: Corviknight|Body Press|p1a: Ogerpon
|-damage|p1a: Ogerpon|27/100
|
|upkeep
|turn|68
|
|t:|1779898060
|move|p1a: Ogerpon|Encore|p2a: Corviknight
|-start|p2a: Corviknight|Encore
|move|p2a: Corviknight|Body Press|p1a: Ogerpon
|-damage|p1a: Ogerpon|0 fnt
|faint|p1a: Ogerpon
|
|win|i heart clowns
|raw|claudechamp's rating: 1269 &rarr; <strong>1246</strong><br />(-23 for losing)
|raw|i heart clowns's rating: 1298 &rarr; <strong>1321</strong><br />(+23 for winning)
|c|☆claudechamp|gg
|l|☆i heart clowns
|player|p2|
