|j|☆PepeNike
|j|☆angel engine
|t:|1779859523
|gametype|singles
|player|p1|PepeNike|266|1464
|player|p2|angel engine|170|1523
|gen|9
|tier|[Gen 9] OU
|rated|
|rule|HP Percentage Mod: HP is shown in percentages
|rule|Endless Battle Clause: Forcing endless battles is banned
|rule|Species Clause: Limit one of each Pokémon
|rule|OHKO Clause: OHKO moves are banned
|rule|Evasion Items Clause: Evasion items are banned
|rule|Evasion Moves Clause: Evasion moves are banned
|rule|Evasion Abilities Clause: Evasion abilities are banned
|rule|Sleep Moves Clause: Sleep-inducing moves are banned
|clearpoke
|poke|p1|Garchomp, F|
|poke|p1|Gholdengo|
|poke|p1|Kyurem|
|poke|p1|Weavile, M|
|poke|p1|Slowking-Galar, F|
|poke|p1|Landorus-Therian, M|
|poke|p2|Tyranitar, F|
|poke|p2|Excadrill, F|
|poke|p2|Kingambit, F|
|poke|p2|Garchomp, M|
|poke|p2|Pecharunt|
|poke|p2|Rotom-Wash|
|teampreview
|inactive|Battle timer is ON: inactive players will automatically lose when time's up. (requested by PepeNike)
|inactive|angel engine also wants the timer to be on.
|j| leona misa
|inactive|PepeNike has 120 seconds left.
|l| leona misa
|
|t:|1779859562
|teamsize|p1|6
|teamsize|p2|6
|start
|switch|p1a: Garchomp|Garchomp, F|100/100
|switch|p2a: Tyranitar|Tyranitar, F|100/100
|-weather|Sandstorm|[from] ability: Sand Stream|[of] p2a: Tyranitar
|turn|1
|
|t:|1779859568
|move|p1a: Garchomp|Stealth Rock|p2a: Tyranitar
|-sidestart|p2: angel engine|move: Stealth Rock
|move|p2a: Tyranitar|Ice Beam|p1a: Garchomp
|-supereffective|p1a: Garchomp
|-damage|p1a: Garchomp|24/100
|
|-weather|Sandstorm|[upkeep]
|upkeep
|turn|2
|inactive|PepeNike has 120 seconds left.
|
|t:|1779859603
|switch|p2a: Rotom|Rotom-Wash|100/100
|-damage|p2a: Rotom|88/100|[from] Stealth Rock
|move|p1a: Garchomp|Spikes|p2a: Rotom
|-sidestart|p2: angel engine|Spikes
|
|-weather|Sandstorm|[upkeep]
|-damage|p2a: Rotom|82/100|[from] Sandstorm
|-heal|p2a: Rotom|88/100|[from] item: Leftovers
|upkeep
|turn|3
|inactive|PepeNike has 120 seconds left.
|inactive|PepeNike has 90 seconds left.
|inactive|PepeNike has 60 seconds left.
|inactive|PepeNike has 30 seconds left.
|inactive|PepeNike has 20 seconds left.
|inactive|PepeNike has 15 seconds left.
|inactive|PepeNike has 10 seconds left.
|inactive|PepeNike has 5 seconds left.
|
|t:|1779859732
|move|p2a: Rotom|Hydro Pump|p1a: Garchomp
|-damage|p1a: Garchomp|0 fnt
|faint|p1a: Garchomp
|
|-weather|Sandstorm|[upkeep]
|-damage|p2a: Rotom|82/100|[from] Sandstorm
|-heal|p2a: Rotom|88/100|[from] item: Leftovers
|upkeep
|inactive|PepeNike has 10 seconds left this turn.
|
|t:|1779859736
|switch|p1a: Slowking|Slowking-Galar, F|100/100
|turn|4
|inactive|PepeNike has 20 seconds left this turn.
|
|t:|1779859746
|move|p2a: Rotom|Volt Switch|p1a: Slowking
|-damage|p1a: Slowking|85/100
|
|t:|1779859748
|switch|p2a: Excadrill|Excadrill, F|100/100|[from] Volt Switch
|-damage|p2a: Excadrill|97/100|[from] Stealth Rock
|-damage|p2a: Excadrill|85/100|[from] Spikes
|-prepare|p1a: Slowking|Chilly Reception|[premajor]
|move|p1a: Slowking|Chilly Reception|p1a: Slowking
|-weather|Snowscape
|inactive|PepeNike has 30 seconds left this turn.
|
|t:|1779859755
|switch|p1a: Landorus|Landorus-Therian, M|100/100|[from] Chilly Reception
|-ability|p1a: Landorus|Intimidate|boost
|-unboost|p2a: Excadrill|atk|1
|
|-weather|Snowscape|[upkeep]
|upkeep
|turn|5
|
|t:|1779859765
|move|p1a: Landorus|U-turn|p2a: Excadrill
|-resisted|p2a: Excadrill
|-damage|p2a: Excadrill|66/100
|inactive|PepeNike has 30 seconds left.
|
|t:|1779859777
|switch|p1a: Gholdengo|Gholdengo|100/100|[from] U-turn
|-item|p1a: Gholdengo|Air Balloon
|move|p2a: Excadrill|Rapid Spin|p1a: Gholdengo
|-immune|p1a: Gholdengo
|
|-weather|Snowscape|[upkeep]
|upkeep
|turn|6
|
|t:|1779859785
|switch|p1a: Landorus|Landorus-Therian, M|100/100
|-ability|p1a: Landorus|Intimidate|boost
|-unboost|p2a: Excadrill|atk|1
|move|p2a: Excadrill|Rock Slide|p1a: Landorus
|-damage|p1a: Landorus|78/100
|-damage|p2a: Excadrill|56/100|[from] item: Life Orb
|
|-weather|Snowscape|[upkeep]
|upkeep
|turn|7
|
|t:|1779859793
|switch|p2a: Rotom|Rotom-Wash|88/100
|-damage|p2a: Rotom|75/100|[from] Stealth Rock
|move|p1a: Landorus|U-turn|p2a: Rotom
|-damage|p2a: Rotom|52/100
|
|t:|1779859797
|switch|p1a: Kyurem|Kyurem|100/100|[from] U-turn
|-ability|p1a: Kyurem|Pressure
|
|-weather|Snowscape|[upkeep]
|-heal|p2a: Rotom|58/100|[from] item: Leftovers
|upkeep
|turn|8
|
|t:|1779859815
|switch|p2a: Tyranitar|Tyranitar, F|100/100
|-damage|p2a: Tyranitar|88/100|[from] Stealth Rock
|-damage|p2a: Tyranitar|76/100|[from] Spikes
|-weather|Sandstorm|[from] ability: Sand Stream|[of] p2a: Tyranitar
|move|p1a: Kyurem|Freeze-Dry|p2a: Tyranitar
|-damage|p2a: Tyranitar|61/100
|
|-weather|Sandstorm|[upkeep]
|-damage|p1a: Kyurem|94/100|[from] Sandstorm
|upkeep
|turn|9
|inactive|PepeNike has 60 seconds left.
|
|t:|1779859845
|switch|p1a: Landorus|Landorus-Therian, M|78/100
|-ability|p1a: Landorus|Intimidate|boost
|-unboost|p2a: Tyranitar|atk|1
|move|p2a: Tyranitar|Stealth Rock|p1a: Landorus
|-sidestart|p1: PepeNike|move: Stealth Rock
|
|-weather|Sandstorm|[upkeep]
|upkeep
|turn|10
|
|t:|1779859853
|move|p1a: Landorus|U-turn|p2a: Tyranitar
|-supereffective|p2a: Tyranitar
|-damage|p2a: Tyranitar|15/100
|
|t:|1779859862
|switch|p1a: Weavile|Weavile, M|100/100|[from] U-turn
|move|p2a: Tyranitar|Knock Off|p1a: Weavile
|-resisted|p1a: Weavile
|-damage|p1a: Weavile|75/100
|-enditem|p1a: Weavile|Heavy-Duty Boots|[from] move: Knock Off|[of] p2a: Tyranitar
|-enditem|p2a: Tyranitar|Smooth Rock|[silent]|[from] ability: Pickpocket|[of] p2a: Tyranitar
|-item|p1a: Weavile|Smooth Rock|[from] ability: Pickpocket|[of] p2a: Tyranitar
|
|-weather|Sandstorm|[upkeep]
|-damage|p1a: Weavile|69/100|[from] Sandstorm
|upkeep
|turn|11
|
|t:|1779859866
|move|p1a: Weavile|Swords Dance|p1a: Weavile
|-boost|p1a: Weavile|atk|2
|move|p2a: Tyranitar|Thunder Wave|p1a: Weavile
|-status|p1a: Weavile|par
|
|-weather|Sandstorm|[upkeep]
|-damage|p1a: Weavile|63/100 par|[from] Sandstorm
|upkeep
|turn|12
|
|t:|1779859872
|move|p1a: Weavile|Swords Dance|p1a: Weavile
|-boost|p1a: Weavile|atk|2
|move|p2a: Tyranitar|Ice Beam|p1a: Weavile
|-resisted|p1a: Weavile
|-damage|p1a: Weavile|49/100 par
|
|-weather|Sandstorm|[upkeep]
|-damage|p1a: Weavile|43/100 par|[from] Sandstorm
|upkeep
|turn|13
|
|t:|1779859879
|move|p1a: Weavile|Swords Dance|p1a: Weavile
|-boost|p1a: Weavile|atk|2
|move|p2a: Tyranitar|Ice Beam|p1a: Weavile
|-resisted|p1a: Weavile
|-damage|p1a: Weavile|30/100 par
|
|-weather|Sandstorm|[upkeep]
|-damage|p1a: Weavile|24/100 par|[from] Sandstorm
|upkeep
|turn|14
|
|t:|1779859886
|move|p1a: Weavile|Ice Shard|p2a: Tyranitar
|-damage|p2a: Tyranitar|0 fnt
|faint|p2a: Tyranitar
|
|-weather|Sandstorm|[upkeep]
|-damage|p1a: Weavile|18/100 par|[from] Sandstorm
|upkeep
|
|t:|1779859903
|switch|p2a: Rotom|Rotom-Wash|58/100
|-damage|p2a: Rotom|46/100|[from] Stealth Rock
|turn|15
|
|t:|1779859921
|move|p1a: Weavile|Ice Shard|p2a: Rotom
|-resisted|p2a: Rotom
|-damage|p2a: Rotom|13/100
|move|p2a: Rotom|Volt Switch|p1a: Weavile
|-crit|p1a: Weavile
|-damage|p1a: Weavile|0 fnt
|faint|p1a: Weavile
|
|t:|1779859926
|switch|p2a: Excadrill|Excadrill, F|56/100|[from] Volt Switch
|-damage|p2a: Excadrill|53/100|[from] Stealth Rock
|-damage|p2a: Excadrill|41/100|[from] Spikes
|
|-weather|none
|upkeep
|
|t:|1779859933
|switch|p1a: Landorus|Landorus-Therian, M|78/100
|-damage|p1a: Landorus|65/100|[from] Stealth Rock
|-ability|p1a: Landorus|Intimidate|boost
|-unboost|p2a: Excadrill|atk|1
|turn|16
|
|t:|1779859940
|move|p1a: Landorus|Earthquake|p2a: Excadrill
|-supereffective|p2a: Excadrill
|-damage|p2a: Excadrill|0 fnt
|faint|p2a: Excadrill
|
|upkeep
|
|t:|1779859946
|switch|p2a: Garchomp|Garchomp, M|100/100
|-damage|p2a: Garchomp|94/100|[from] Stealth Rock
|-damage|p2a: Garchomp|82/100|[from] Spikes
|turn|17
|inactive|PepeNike has 90 seconds left.
|
|t:|1779859956
|move|p1a: Landorus|Earthquake|p2a: Garchomp
|-damage|p2a: Garchomp|16/100
|move|p2a: Garchomp|Swords Dance|p2a: Garchomp
|-boost|p2a: Garchomp|atk|2
|
|upkeep
|turn|18
|
|t:|1779859961
|move|p1a: Landorus|Earthquake|p2a: Garchomp
|-damage|p2a: Garchomp|0 fnt
|faint|p2a: Garchomp
|
|upkeep
|
|t:|1779859964
|switch|p2a: Pecharunt|Pecharunt|100/100
|-damage|p2a: Pecharunt|88/100|[from] Stealth Rock
|-item|p2a: Pecharunt|Air Balloon
|turn|19
|
|t:|1779859972
|switch|p1a: Slowking|Slowking-Galar, F|100/100
|move|p2a: Pecharunt|Parting Shot|p1a: Slowking
|-unboost|p1a: Slowking|atk|1
|-unboost|p1a: Slowking|spa|1
|
|t:|1779859975
|switch|p2a: Kingambit|Kingambit, F|100/100|[from] Parting Shot
|-damage|p2a: Kingambit|94/100|[from] Stealth Rock
|-damage|p2a: Kingambit|82/100|[from] Spikes
|-activate|p2a: Kingambit|ability: Supreme Overlord
|-start|p2a: Kingambit|fallen3|[silent]
|
|upkeep
|turn|20
|inactive|PepeNike has 120 seconds left.
|
|t:|1779859981
|move|p2a: Kingambit|Swords Dance|p2a: Kingambit
|-boost|p2a: Kingambit|atk|2
|-prepare|p1a: Slowking|Chilly Reception|[premajor]
|move|p1a: Slowking|Chilly Reception|p1a: Slowking
|-weather|Snowscape
|
|t:|1779859985
|switch|p1a: Landorus|Landorus-Therian, M|65/100|[from] Chilly Reception
|-damage|p1a: Landorus|53/100|[from] Stealth Rock
|-ability|p1a: Landorus|Intimidate|boost
|-unboost|p2a: Kingambit|atk|1
|
|-weather|Snowscape|[upkeep]
|upkeep
|turn|21
|
|t:|1779860002
|switch|p1a: Gholdengo|Gholdengo|100/100
|-damage|p1a: Gholdengo|94/100|[from] Stealth Rock
|-item|p1a: Gholdengo|Air Balloon
|-terastallize|p2a: Kingambit|Dark
|move|p2a: Kingambit|Kowtow Cleave|p1a: Gholdengo
|-supereffective|p1a: Gholdengo
|-damage|p1a: Gholdengo|0 fnt
|-enditem|p1a: Gholdengo|Air Balloon
|faint|p1a: Gholdengo
|
|-weather|Snowscape|[upkeep]
|upkeep
|
|t:|1779860012
|switch|p1a: Landorus|Landorus-Therian, M|53/100
|-damage|p1a: Landorus|41/100|[from] Stealth Rock
|-ability|p1a: Landorus|Intimidate|boost
|-unboost|p2a: Kingambit|atk|1
|turn|22
|
|t:|1779860022
|switch|p1a: Kyurem|Kyurem|94/100
|-ability|p1a: Kyurem|Pressure
|move|p2a: Kingambit|Sucker Punch||[still]
|-fail|p2a: Kingambit
|
|-weather|Snowscape|[upkeep]
|upkeep
|turn|23
|
|t:|1779860030
|move|p2a: Kingambit|Sucker Punch|p1a: Kyurem
|-damage|p1a: Kyurem|39/100
|move|p1a: Kyurem|Draco Meteor|p2a: Kingambit
|-damage|p2a: Kingambit|6/100
|-unboost|p1a: Kyurem|spa|2
|
|-weather|Snowscape|[upkeep]
|upkeep
|turn|24
|
|t:|1779860045
|switch|p1a: Landorus|Landorus-Therian, M|41/100
|-damage|p1a: Landorus|29/100|[from] Stealth Rock
|-ability|p1a: Landorus|Intimidate|boost
|-unboost|p2a: Kingambit|atk|1
|move|p2a: Kingambit|Kowtow Cleave|p1a: Landorus
|-damage|p1a: Landorus|0 fnt
|faint|p1a: Landorus
|
|-weather|none
|upkeep
|
|t:|1779860059
|switch|p1a: Kyurem|Kyurem|39/100
|-ability|p1a: Kyurem|Pressure
|turn|25
|
|t:|1779860064
|switch|p1a: Slowking|Slowking-Galar, F|100/100
|move|p2a: Kingambit|Sucker Punch||[still]
|-fail|p2a: Kingambit
|
|upkeep
|turn|26
|
|t:|1779860075
|-terastallize|p1a: Slowking|Water
|move|p2a: Kingambit|Kowtow Cleave|p1a: Slowking
|-damage|p1a: Slowking|31/100
|move|p1a: Slowking|Sludge Bomb|p2a: Kingambit
|-damage|p2a: Kingambit|0 fnt
|faint|p2a: Kingambit
|-end|p2a: Kingambit|fallen3|[silent]
|
|upkeep
|
|t:|1779860083
|switch|p2a: Rotom|Rotom-Wash|13/100
|-damage|p2a: Rotom|1/100|[from] Stealth Rock
|turn|27
|
|t:|1779860089
|switch|p1a: Kyurem|Kyurem|39/100
|-ability|p1a: Kyurem|Pressure
|move|p2a: Rotom|Volt Switch|p1a: Kyurem
|-resisted|p1a: Kyurem
|-damage|p1a: Kyurem|27/100
|
|t:|1779860092
|switch|p2a: Pecharunt|Pecharunt|88/100|[from] Volt Switch
|-damage|p2a: Pecharunt|76/100|[from] Stealth Rock
|-item|p2a: Pecharunt|Air Balloon
|
|upkeep
|turn|28
|
|t:|1779860098
|switch|p2a: Rotom|Rotom-Wash|1/100
|-damage|p2a: Rotom|0 fnt|[from] Stealth Rock
|faint|p2a: Rotom
|move|p1a: Kyurem|Draco Meteor|p2: Rotom|[notarget]
|-fail|p1a: Kyurem
|
|upkeep
|
|t:|1779860101
|switch|p2a: Pecharunt|Pecharunt|76/100
|-damage|p2a: Pecharunt|63/100|[from] Stealth Rock
|-item|p2a: Pecharunt|Air Balloon
|turn|29
|
|t:|1779860103
|move|p1a: Kyurem|Draco Meteor|p2a: Pecharunt
|-damage|p2a: Pecharunt|0 fnt
|-unboost|p1a: Kyurem|spa|2
|-enditem|p2a: Pecharunt|Air Balloon
|faint|p2a: Pecharunt
|
|win|PepeNike
|raw|PepeNike's rating: 1464 &rarr; <strong>1487</strong><br />(+23 for winning)
|raw|angel engine's rating: 1523 &rarr; <strong>1500</strong><br />(-23 for losing)
|l|☆PepeNike
|player|p1|
|l|☆angel engine
|player|p2|
