|j|☆davespekkie
|j|☆Soyyo1223
|t:|1779886688
|gametype|singles
|player|p1|davespekkie|102|1187
|player|p2|Soyyo1223|palmer|1237
|gen|9
|tier|[Gen 9] OU
|rated|
|rule|HP Percentage Mod: HP is shown in percentages
|rule|Endless Battle Clause: Forcing endless battles is banned
|rule|Species Clause: Limit one of each Pokémon
|rule|OHKO Clause: OHKO moves are banned
|rule|Evasion Items Clause: Evasion items are banned
|rule|Evasion Moves Clause: Evasion moves are banned
|rule|Evasion Abilities Clause: Evasion abilities are banned
|rule|Sleep Moves Clause: Sleep-inducing moves are banned
|clearpoke
|poke|p1|Rotom-Wash|
|poke|p1|Iron Valiant|
|poke|p1|Landorus-Therian, M|
|poke|p1|Copperajah, M|
|poke|p1|Polteageist|
|poke|p1|Mandibuzz, F|
|poke|p2|Garganacl, M|
|poke|p2|Grimmsnarl, M|
|poke|p2|Gyarados, F|
|poke|p2|Iron Moth|
|poke|p2|Jirachi|
|poke|p2|Serperior, M|
|teampreview
|inactive|Battle timer is ON: inactive players will automatically lose when time's up. (requested by davespekkie)
|
|t:|1779886705
|teamsize|p1|6
|teamsize|p2|6
|start
|switch|p1a: Landorus|Landorus-Therian, M|100/100
|switch|p2a: Iron Moth|Iron Moth|100/100
|-ability|p1a: Landorus|Intimidate|boost
|-unboost|p2a: Iron Moth|atk|1
|turn|1
|
|t:|1779886717
|-end|p2a: Iron Moth|Quark Drive|[silent]
|switch|p2a: Gyarados|Gyarados, F|100/100
|-ability|p2a: Gyarados|Intimidate|boost
|-unboost|p1a: Landorus|atk|1
|move|p1a: Landorus|Earthquake|p2a: Gyarados
|-immune|p2a: Gyarados
|
|upkeep
|turn|2
|
|t:|1779886727
|switch|p1a: Rotom|Rotom-Wash|100/100
|move|p2a: Gyarados|Dragon Dance|p2a: Gyarados
|-boost|p2a: Gyarados|atk|1
|-boost|p2a: Gyarados|spe|1
|
|upkeep
|turn|3
|
|t:|1779886733
|switch|p2a: Serperior|Serperior, M|100/100
|move|p1a: Rotom|Volt Switch|p2a: Serperior
|-resisted|p2a: Serperior
|-crit|p2a: Serperior
|-damage|p2a: Serperior|77/100
|
|t:|1779886739
|switch|p1a: Copperajah|Copperajah, M|100/100|[from] Volt Switch
|
|-heal|p2a: Serperior|83/100|[from] item: Leftovers
|upkeep
|turn|4
|
|t:|1779886745
|move|p2a: Serperior|Leaf Storm|p1a: Copperajah
|-resisted|p1a: Copperajah
|-damage|p1a: Copperajah|84/100
|-boost|p2a: Serperior|spa|2
|move|p1a: Copperajah|Heat Crash|p2a: Serperior
|-supereffective|p2a: Serperior
|-crit|p2a: Serperior
|-damage|p2a: Serperior|0 fnt
|faint|p2a: Serperior
|
|upkeep
|
|t:|1779886758
|switch|p2a: Gyarados|Gyarados, F|100/100
|-ability|p2a: Gyarados|Intimidate|boost
|-unboost|p1a: Copperajah|atk|1
|turn|5
|
|t:|1779886762
|switch|p1a: Rotom|Rotom-Wash|100/100
|move|p2a: Gyarados|Dragon Dance|p2a: Gyarados
|-boost|p2a: Gyarados|atk|1
|-boost|p2a: Gyarados|spe|1
|
|upkeep
|turn|6
|
|t:|1779886768
|-terastallize|p2a: Gyarados|Ground
|move|p2a: Gyarados|Waterfall|p1a: Rotom
|-resisted|p1a: Rotom
|-damage|p1a: Rotom|73/100
|move|p1a: Rotom|Volt Switch|p2a: Gyarados
|-immune|p2a: Gyarados
|
|-heal|p1a: Rotom|79/100|[from] item: Leftovers
|upkeep
|turn|7
|
|t:|1779886777
|move|p2a: Gyarados|Waterfall|p1a: Rotom
|-resisted|p1a: Rotom
|-damage|p1a: Rotom|55/100
|cant|p1a: Rotom|flinch
|
|-heal|p1a: Rotom|61/100|[from] item: Leftovers
|upkeep
|turn|8
|
|t:|1779886783
|move|p2a: Gyarados|Waterfall|p1a: Rotom
|-resisted|p1a: Rotom
|-damage|p1a: Rotom|36/100
|move|p1a: Rotom|Will-O-Wisp|p2a: Gyarados
|-status|p2a: Gyarados|brn
|
|-heal|p1a: Rotom|43/100|[from] item: Leftovers
|-damage|p2a: Gyarados|94/100 brn|[from] brn
|upkeep
|turn|9
|-message|Soyyo1223 forfeited.
|
|win|davespekkie
|raw|davespekkie's rating: 1187 &rarr; <strong>1216</strong><br />(+29 for winning)
|raw|Soyyo1223's rating: 1237 &rarr; <strong>1208</strong><br />(-29 for losing)
|l|☆Soyyo1223
|player|p2|
|l|☆davespekkie
|player|p1|
