|j|☆jonnythocolin
|j|☆spindle pit
|t:|1779932981
|gametype|singles
|player|p1|jonnythocolin|li|1292
|player|p2|spindle pit|ethan|1247
|gen|9
|tier|[Gen 9] OU
|rated|
|rule|HP Percentage Mod: HP is shown in percentages
|rule|Endless Battle Clause: Forcing endless battles is banned
|rule|Species Clause: Limit one of each Pokémon
|rule|OHKO Clause: OHKO moves are banned
|rule|Evasion Items Clause: Evasion items are banned
|rule|Evasion Moves Clause: Evasion moves are banned
|rule|Evasion Abilities Clause: Evasion abilities are banned
|rule|Sleep Moves Clause: Sleep-inducing moves are banned
|clearpoke
|poke|p1|Clodsire, M|
|poke|p1|Skeledirge, F|
|poke|p1|Corviknight, M|
|poke|p1|Meowscarada, F|
|poke|p1|Latios, M|
|poke|p1|Iron Valiant|
|poke|p2|Minior-Green|
|poke|p2|Scizor, F|
|poke|p2|Dragapult, F|
|poke|p2|Great Tusk|
|poke|p2|Darkrai|
|poke|p2|Weezing-Galar, F|
|teampreview
|inactive|Battle timer is ON: inactive players will automatically lose when time's up. (requested by spindle pit)
|
|t:|1779932999
|teamsize|p1|6
|teamsize|p2|6
|start
|switch|p1a: Ì'll Díâbõlö|Latios, M|100/100
|switch|p2a: Mancarhookdoorhand|Dragapult, F|100/100
|turn|1
|
|t:|1779933006
|move|p1a: Ì'll Díâbõlö|Draco Meteor|p2a: Mancarhookdoorhand
|-supereffective|p2a: Mancarhookdoorhand
|-damage|p2a: Mancarhookdoorhand|0 fnt
|-unboost|p1a: Ì'll Díâbõlö|spa|2
|faint|p2a: Mancarhookdoorhand
|
|upkeep
|
|t:|1779933015
|switch|p2a: Mizer|Scizor, F|100/100
|turn|2
|
|t:|1779933018
|switch|p1a: Edgar|Corviknight, M, shiny|100/100
|move|p2a: Mizer|U-turn|p1a: Edgar
|-resisted|p1a: Edgar
|-damage|p1a: Edgar|94/100
|-damage|p2a: Mizer|84/100|[from] item: Rocky Helmet|[of] p1a: Edgar
|
|t:|1779933023
|switch|p2a: Ronhed|Weezing-Galar, F|100/100|[from] U-turn
|-ability|p2a: Ronhed|Neutralizing Gas
|
|upkeep
|turn|3
|
|t:|1779933030
|switch|p1a: Ì'll Díâbõlö|Latios, M|100/100
|move|p2a: Ronhed|Overheat|p1a: Ì'll Díâbõlö|[miss]
|-miss|p2a: Ronhed|p1a: Ì'll Díâbõlö
|
|upkeep
|turn|4
|
|t:|1779933037
|-end|p2a: Ronhed|ability: Neutralizing Gas
|switch|p2a: Housie|Darkrai|100/100
|move|p1a: Ì'll Díâbõlö|Trick|p2a: Housie
|-activate|p1a: Ì'll Díâbõlö|move: Trick|[of] p2a: Housie
|-item|p2a: Housie|Choice Scarf|[from] move: Trick
|-item|p1a: Ì'll Díâbõlö|Choice Specs|[from] move: Trick
|
|upkeep
|turn|5
|
|t:|1779933046
|switch|p1a: Mojoncito|Clodsire, M|100/100
|move|p2a: Housie|Dark Pulse|p1a: Mojoncito
|-damage|p1a: Mojoncito|76/100
|
|-heal|p1a: Mojoncito|82/100|[from] item: Leftovers
|upkeep
|turn|6
|
|t:|1779933055
|switch|p2a: Silo|Minior-Green|100/100
|-formechange|p2a: Silo|Minior-Meteor||[from] ability: Shields Down
|move|p1a: Mojoncito|Stealth Rock|p2a: Silo
|-sidestart|p2: spindle pit|move: Stealth Rock
|
|-heal|p1a: Mojoncito|88/100|[from] item: Leftovers
|upkeep
|turn|7
|
|t:|1779933064
|switch|p1a: Cenorina|Skeledirge, F|100/100
|move|p2a: Silo|Shell Smash|p2a: Silo
|-unboost|p2a: Silo|def|1
|-unboost|p2a: Silo|spd|1
|-boost|p2a: Silo|atk|2
|-boost|p2a: Silo|spa|2
|-boost|p2a: Silo|spe|2
|
|upkeep
|turn|8
|
|t:|1779933077
|move|p2a: Silo|Rock Slide|p1a: Cenorina
|-supereffective|p1a: Cenorina
|-damage|p1a: Cenorina|68/100
|cant|p1a: Cenorina|flinch
|
|upkeep
|turn|9
|
|t:|1779933085
|switch|p2a: Tuscany|Great Tusk|100/100
|-damage|p2a: Tuscany|98/100|[from] Stealth Rock
|-enditem|p2a: Tuscany|Booster Energy
|-activate|p2a: Tuscany|ability: Protosynthesis|[fromitem]
|-start|p2a: Tuscany|protosynthesisatk
|-terastallize|p1a: Cenorina|Fairy
|move|p1a: Cenorina|Slack Off|p1a: Cenorina
|-heal|p1a: Cenorina|100/100
|
|upkeep
|turn|10
|
|t:|1779933096
|move|p2a: Tuscany|Rapid Spin|p1a: Cenorina
|-damage|p1a: Cenorina|87/100
|-boost|p2a: Tuscany|spe|1
|-sideend|p2: spindle pit|Stealth Rock|[from] move: Rapid Spin|[of] p2a: Tuscany
|move|p1a: Cenorina|Will-O-Wisp|p2a: Tuscany
|-status|p2a: Tuscany|brn
|
|-damage|p2a: Tuscany|91/100 brn|[from] brn
|upkeep
|turn|11
|
|t:|1779933106
|-end|p2a: Tuscany|Protosynthesis|[silent]
|switch|p2a: Mizer|Scizor, F|84/100
|move|p1a: Cenorina|Torch Song|p2a: Mizer
|-supereffective|p2a: Mizer
|-damage|p2a: Mizer|0 fnt
|-boost|p1a: Cenorina|spa|1
|faint|p2a: Mizer
|
|upkeep
|
|t:|1779933111
|switch|p2a: Housie|Darkrai|100/100
|turn|12
|
|t:|1779933118
|switch|p1a: Mojoncito|Clodsire, M|88/100
|move|p2a: Housie|Trick|p1a: Mojoncito
|-activate|p2a: Housie|move: Trick|[of] p1a: Mojoncito
|-item|p1a: Mojoncito|Choice Scarf|[from] move: Trick
|-item|p2a: Housie|Leftovers|[from] move: Trick
|
|upkeep
|turn|13
|
|t:|1779933128
|move|p2a: Housie|Ice Beam|p1a: Mojoncito
|-supereffective|p1a: Mojoncito
|-crit|p1a: Mojoncito
|-damage|p1a: Mojoncito|34/100
|-status|p1a: Mojoncito|frz
|cant|p1a: Mojoncito|frz
|
|upkeep
|turn|14
|
|t:|1779933136
|move|p2a: Housie|Ice Beam|p1a: Mojoncito
|-supereffective|p1a: Mojoncito
|-damage|p1a: Mojoncito|0 fnt
|faint|p1a: Mojoncito
|
|upkeep
|
|t:|1779933142
|switch|p1a: Elma Tajotos|Iron Valiant|100/100
|-enditem|p1a: Elma Tajotos|Booster Energy
|-activate|p1a: Elma Tajotos|ability: Quark Drive|[fromitem]
|-start|p1a: Elma Tajotos|quarkdrivespe
|turn|15
|
|t:|1779933150
|-terastallize|p2a: Housie|Poison
|move|p1a: Elma Tajotos|Calm Mind|p1a: Elma Tajotos
|-boost|p1a: Elma Tajotos|spa|1
|-boost|p1a: Elma Tajotos|spd|1
|move|p2a: Housie|Sludge Bomb|p1a: Elma Tajotos
|-supereffective|p1a: Elma Tajotos
|-damage|p1a: Elma Tajotos|0 fnt
|faint|p1a: Elma Tajotos
|-end|p1a: Elma Tajotos|Quark Drive|[silent]
|
|upkeep
|-message|jonnythocolin forfeited.
|
|win|spindle pit
|raw|jonnythocolin's rating: 1292 &rarr; <strong>1264</strong><br />(-28 for losing)
|raw|spindle pit's rating: 1247 &rarr; <strong>1275</strong><br />(+28 for winning)
|l|☆jonnythocolin
|player|p1|
|l|☆spindle pit
|player|p2|
