|j|☆claudechamp
|j|☆Xywe18
|t:|1779870989
|gametype|singles
|player|p1|claudechamp|169|1336
|player|p2|Xywe18|waitress-gen4|1359
|gen|9
|tier|[Gen 9] OU
|rated|
|rule|HP Percentage Mod: HP is shown in percentages
|rule|Endless Battle Clause: Forcing endless battles is banned
|rule|Species Clause: Limit one of each Pokémon
|rule|OHKO Clause: OHKO moves are banned
|rule|Evasion Items Clause: Evasion items are banned
|rule|Evasion Moves Clause: Evasion moves are banned
|rule|Evasion Abilities Clause: Evasion abilities are banned
|rule|Sleep Moves Clause: Sleep-inducing moves are banned
|clearpoke
|poke|p1|Gliscor, F|
|poke|p1|Ogerpon, F|
|poke|p1|Walking Wake|
|poke|p1|Blissey, F|
|poke|p1|Corviknight, F|
|poke|p1|Pecharunt|
|poke|p2|Iron Treads|
|poke|p2|Rotom-Wash|
|poke|p2|Gholdengo|
|poke|p2|Zamazenta-*|
|poke|p2|Darkrai|
|poke|p2|Dragapult, F|
|teampreview
|inactive|Battle timer is ON: inactive players will automatically lose when time's up. (requested by Xywe18)
|c|☆claudechamp|hf
|
|t:|1779870994
|teamsize|p1|6
|teamsize|p2|6
|start
|switch|p1a: Gliscor|Gliscor, F|100/100
|switch|p2a: Rotom|Rotom-Wash|100/100
|turn|1
|inactive|claudechamp also wants the timer to be on.
|
|t:|1779871005
|move|p1a: Gliscor|Spikes|p2a: Rotom
|-sidestart|p2: Xywe18|Spikes
|move|p2a: Rotom|Will-O-Wisp|p1a: Gliscor
|-status|p1a: Gliscor|brn
|
|-damage|p1a: Gliscor|94/100 brn|[from] brn
|upkeep
|turn|2
|
|t:|1779871014
|move|p1a: Gliscor|Spikes|p2a: Rotom
|-sidestart|p2: Xywe18|Spikes
|move|p2a: Rotom|Hydro Pump|p1a: Gliscor
|-supereffective|p1a: Gliscor
|-damage|p1a: Gliscor|21/100 brn
|
|-damage|p1a: Gliscor|15/100 brn|[from] brn
|upkeep
|turn|3
|
|t:|1779871025
|move|p1a: Gliscor|Toxic|p2a: Rotom
|-status|p2a: Rotom|tox
|move|p2a: Rotom|Will-O-Wisp|p1a: Gliscor
|-fail|p1a: Gliscor|brn
|
|-damage|p2a: Rotom|95/100 tox|[from] psn
|-damage|p1a: Gliscor|8/100 brn|[from] brn
|upkeep
|turn|4
|
|t:|1779871033
|switch|p2a: Iron Treads|Iron Treads|100/100
|-item|p2a: Iron Treads|Air Balloon
|move|p1a: Gliscor|Spikes|p2a: Iron Treads
|-sidestart|p2: Xywe18|Spikes
|
|-damage|p1a: Gliscor|2/100 brn|[from] brn
|upkeep
|turn|5
|
|t:|1779871042
|switch|p1a: Pecharunt|Pecharunt|100/100
|move|p2a: Iron Treads|Rapid Spin|p1a: Pecharunt
|-immune|p1a: Pecharunt
|
|upkeep
|turn|6
|
|t:|1779871046
|move|p2a: Iron Treads|Volt Switch|p1a: Pecharunt
|-crit|p1a: Pecharunt
|-damage|p1a: Pecharunt|84/100
|
|t:|1779871052
|-end|p2a: Iron Treads|Quark Drive|[silent]
|switch|p2a: Rotom|Rotom-Wash|95/100 tox|[from] Volt Switch
|move|p1a: Pecharunt|Foul Play|p2a: Rotom
|-damage|p2a: Rotom|83/100 tox
|
|-heal|p2a: Rotom|89/100 tox|[from] item: Leftovers
|-damage|p2a: Rotom|83/100 tox|[from] psn
|upkeep
|turn|7
|
|t:|1779871062
|move|p1a: Pecharunt|Malignant Chain|p2a: Rotom
|-damage|p2a: Rotom|58/100 tox
|move|p2a: Rotom|Will-O-Wisp|p1a: Pecharunt
|-status|p1a: Pecharunt|brn
|
|-heal|p2a: Rotom|64/100 tox|[from] item: Leftovers
|-damage|p2a: Rotom|52/100 tox|[from] psn
|-damage|p1a: Pecharunt|78/100 brn|[from] brn
|upkeep
|turn|8
|
|t:|1779871070
|move|p1a: Pecharunt|Parting Shot|p2a: Rotom
|-unboost|p2a: Rotom|atk|1
|-unboost|p2a: Rotom|spa|1
|
|t:|1779871075
|switch|p1a: Walking Wake|Walking Wake|100/100|[from] Parting Shot
|move|p2a: Rotom|Pain Split|p1a: Walking Wake
|-sethp|p1a: Walking Wake|73/100|[from] move: Pain Split|[silent]
|-sethp|p2a: Rotom|82/100 tox|[from] move: Pain Split
|
|-heal|p2a: Rotom|88/100 tox|[from] item: Leftovers
|-damage|p2a: Rotom|70/100 tox|[from] psn
|upkeep
|turn|9
|
|t:|1779871082
|move|p1a: Walking Wake|Draco Meteor|p2a: Rotom
|-damage|p2a: Rotom|18/100 tox
|-unboost|p1a: Walking Wake|spa|2
|move|p2a: Rotom|Volt Switch|p1a: Walking Wake
|-damage|p1a: Walking Wake|54/100
|
|t:|1779871096
|switch|p2a: Gholdengo|Gholdengo|100/100|[from] Volt Switch
|-damage|p2a: Gholdengo|76/100|[from] Spikes
|
|upkeep
|turn|10
|
|t:|1779871107
|switch|p2a: Iron Treads|Iron Treads|100/100
|-item|p2a: Iron Treads|Air Balloon
|move|p1a: Walking Wake|Surf|p2a: Iron Treads
|-supereffective|p2a: Iron Treads
|-damage|p2a: Iron Treads|52/100
|-enditem|p2a: Iron Treads|Air Balloon
|
|upkeep
|turn|11
|
|t:|1779871114
|move|p1a: Walking Wake|Surf|p2a: Iron Treads
|-supereffective|p2a: Iron Treads
|-damage|p2a: Iron Treads|3/100
|move|p2a: Iron Treads|Knock Off|p1a: Walking Wake
|-damage|p1a: Walking Wake|27/100
|-enditem|p1a: Walking Wake|Heavy-Duty Boots|[from] move: Knock Off|[of] p2a: Iron Treads
|
|upkeep
|turn|12
|
|t:|1779871123
|move|p1a: Walking Wake|Knock Off|p2a: Iron Treads
|-damage|p2a: Iron Treads|0 fnt
|faint|p2a: Iron Treads
|-end|p2a: Iron Treads|Quark Drive|[silent]
|
|upkeep
|
|t:|1779871131
|switch|p2a: Gholdengo|Gholdengo|76/100
|-damage|p2a: Gholdengo|51/100|[from] Spikes
|turn|13
|
|t:|1779871135
|move|p1a: Walking Wake|Knock Off|p2a: Gholdengo
|-supereffective|p2a: Gholdengo
|-damage|p2a: Gholdengo|19/100
|-enditem|p2a: Gholdengo|Covert Cloak|[from] move: Knock Off|[of] p1a: Walking Wake
|move|p2a: Gholdengo|Recover|p2a: Gholdengo
|-heal|p2a: Gholdengo|69/100
|
|upkeep
|turn|14
|
|t:|1779871138
|-end|p1a: Walking Wake|Protosynthesis|[silent]
|switch|p1a: Blissey|Blissey, F|100/100
|move|p2a: Gholdengo|Recover|p2a: Gholdengo
|-heal|p2a: Gholdengo|100/100
|
|upkeep
|turn|15
|
|t:|1779871145
|move|p2a: Gholdengo|Nasty Plot|p2a: Gholdengo
|-boost|p2a: Gholdengo|spa|2
|move|p1a: Blissey|Stealth Rock|p2a: Gholdengo
|-sidestart|p2: Xywe18|move: Stealth Rock
|
|upkeep
|turn|16
|
|t:|1779871150
|switch|p1a: Corviknight|Corviknight, F|100/100
|-ability|p1a: Corviknight|Pressure
|move|p2a: Gholdengo|Nasty Plot|p2a: Gholdengo
|-boost|p2a: Gholdengo|spa|2
|
|upkeep
|turn|17
|
|t:|1779871157
|switch|p1a: Blissey|Blissey, F|100/100
|move|p2a: Gholdengo|Shadow Ball|p1a: Blissey
|-immune|p1a: Blissey
|
|upkeep
|turn|18
|
|t:|1779871164
|move|p2a: Gholdengo|Nasty Plot|p2a: Gholdengo
|-boost|p2a: Gholdengo|spa|2
|move|p1a: Blissey|Calm Mind|p1a: Blissey
|-boost|p1a: Blissey|spa|1
|-boost|p1a: Blissey|spd|1
|
|upkeep
|turn|19
|
|t:|1779871171
|move|p2a: Gholdengo|Make It Rain|p1a: Blissey
|-damage|p1a: Blissey|55/100
|-unboost|p2a: Gholdengo|spa|1
|move|p1a: Blissey|Calm Mind|p1a: Blissey
|-boost|p1a: Blissey|spa|1
|-boost|p1a: Blissey|spd|1
|
|upkeep
|turn|20
|
|t:|1779871179
|switch|p1a: Ogerpon|Ogerpon, F|100/100
|move|p2a: Gholdengo|Make It Rain|p1a: Ogerpon
|-damage|p1a: Ogerpon|0 fnt
|-unboost|p2a: Gholdengo|spa|1
|faint|p1a: Ogerpon
|
|upkeep
|
|t:|1779871184
|switch|p1a: Blissey|Blissey, F|55/100
|turn|21
|
|t:|1779871190
|switch|p1a: Gliscor|Gliscor, F|2/100 brn
|move|p2a: Gholdengo|Nasty Plot|p2a: Gholdengo
|-boost|p2a: Gholdengo|spa|2
|
|-damage|p1a: Gliscor|0 fnt|[from] brn
|faint|p1a: Gliscor
|upkeep
|
|t:|1779871198
|switch|p1a: Blissey|Blissey, F|55/100
|turn|22
|
|t:|1779871208
|switch|p1a: Corviknight|Corviknight, F|100/100
|-ability|p1a: Corviknight|Pressure
|move|p2a: Gholdengo|Make It Rain|p1a: Corviknight
|-resisted|p1a: Corviknight
|-crit|p1a: Corviknight
|-damage|p1a: Corviknight|0 fnt
|-unboost|p2a: Gholdengo|spa|1
|faint|p1a: Corviknight
|
|upkeep
|
|t:|1779871215
|switch|p1a: Blissey|Blissey, F|55/100
|turn|23
|
|t:|1779871223
|switch|p1a: Walking Wake|Walking Wake|27/100
|move|p2a: Gholdengo|Make It Rain|p1a: Walking Wake
|-resisted|p1a: Walking Wake
|-damage|p1a: Walking Wake|0 fnt
|-unboost|p2a: Gholdengo|spa|1
|faint|p1a: Walking Wake
|-end|p1a: Walking Wake|Protosynthesis|[silent]
|
|upkeep
|
|t:|1779871230
|switch|p1a: Blissey|Blissey, F|55/100
|turn|24
|
|t:|1779871239
|-terastallize|p1a: Blissey|Dark
|move|p2a: Gholdengo|Nasty Plot|p2a: Gholdengo
|-boost|p2a: Gholdengo|spa|2
|move|p1a: Blissey|Soft-Boiled|p1a: Blissey
|-heal|p1a: Blissey|100/100
|
|upkeep
|turn|25
|
|t:|1779871252
|switch|p1a: Pecharunt|Pecharunt|78/100 brn
|move|p2a: Gholdengo|Shadow Ball|p1a: Pecharunt
|-supereffective|p1a: Pecharunt
|-damage|p1a: Pecharunt|0 fnt
|faint|p1a: Pecharunt
|
|upkeep
|
|t:|1779871260
|switch|p1a: Blissey|Blissey, F, tera:Dark|100/100
|turn|26
|
|t:|1779871269
|move|p2a: Gholdengo|Make It Rain|p1a: Blissey
|-damage|p1a: Blissey|26/100
|-unboost|p2a: Gholdengo|spa|1
|move|p1a: Blissey|Soft-Boiled|p1a: Blissey
|-heal|p1a: Blissey|76/100
|
|upkeep
|turn|27
|
|t:|1779871278
|move|p2a: Gholdengo|Make It Rain|p1a: Blissey
|-damage|p1a: Blissey|8/100
|-unboost|p2a: Gholdengo|spa|1
|move|p1a: Blissey|Soft-Boiled|p1a: Blissey
|-heal|p1a: Blissey|58/100
|
|upkeep
|turn|28
|
|t:|1779871289
|move|p2a: Gholdengo|Make It Rain|p1a: Blissey
|-damage|p1a: Blissey|0 fnt
|-unboost|p2a: Gholdengo|spa|1
|faint|p1a: Blissey
|
|win|Xywe18
|raw|claudechamp's rating: 1313 &rarr; <strong>1296</strong><br />(-17 for losing)
|raw|Xywe18's rating: 1359 &rarr; <strong>1376</strong><br />(+17 for winning)
|c|☆claudechamp|gg
|c|☆Xywe18|Gg
