|j|☆veronyl
|j|☆WiiShopMusic
|t:|1779904487
|gametype|singles
|player|p1|veronyl|palmer|1381
|player|p2|WiiShopMusic|102|1333
|gen|9
|tier|[Gen 9] OU
|rated|
|rule|HP Percentage Mod: HP is shown in percentages
|rule|Endless Battle Clause: Forcing endless battles is banned
|rule|Species Clause: Limit one of each Pokémon
|rule|OHKO Clause: OHKO moves are banned
|rule|Evasion Items Clause: Evasion items are banned
|rule|Evasion Moves Clause: Evasion moves are banned
|rule|Evasion Abilities Clause: Evasion abilities are banned
|rule|Sleep Moves Clause: Sleep-inducing moves are banned
|clearpoke
|poke|p1|Glaceon, F|
|poke|p1|Ninetales-Alola, F|
|poke|p1|Basculegion-F, F|
|poke|p1|Ogerpon-Wellspring, F|
|poke|p1|Iron Treads|
|poke|p1|Weavile, F|
|poke|p2|Ninetales-Alola, F|
|poke|p2|Sandslash-Alola, M|
|poke|p2|Cetitan, M|
|poke|p2|Toxapex, M|
|poke|p2|Pawmot, M|
|poke|p2|Beartic, M|
|teampreview
|c|☆WiiShopMusic|cool team :)
|inactive|Battle timer is ON: inactive players will automatically lose when time's up. (requested by veronyl)
|
|t:|1779904511
|teamsize|p1|6
|teamsize|p2|6
|start
|switch|p1a: Iron Treads|Iron Treads|100/100
|switch|p2a: Ninetales|Ninetales-Alola, F|100/100
|-weather|Snowscape|[from] ability: Snow Warning|[of] p2a: Ninetales
|-enditem|p1a: Iron Treads|Booster Energy
|-activate|p1a: Iron Treads|ability: Quark Drive|[fromitem]
|-start|p1a: Iron Treads|quarkdriveatk
|turn|1
|
|t:|1779904517
|switch|p2a: Sandslash|Sandslash-Alola, M|100/100
|move|p1a: Iron Treads|Heavy Slam|p2a: Sandslash
|-damage|p2a: Sandslash|59/100
|
|-weather|Snowscape|[upkeep]
|upkeep
|turn|2
|
|t:|1779904523
|-end|p1a: Iron Treads|Quark Drive|[silent]
|switch|p1a: Basculegion|Basculegion-F, F|100/100
|move|p2a: Sandslash|Earthquake|p1a: Basculegion
|-damage|p1a: Basculegion|51/100
|-damage|p2a: Sandslash|49/100|[from] item: Life Orb
|
|-weather|Snowscape|[upkeep]
|upkeep
|turn|3
|
|t:|1779904529
|move|p2a: Sandslash|Earthquake|p1a: Basculegion
|-damage|p1a: Basculegion|2/100
|-damage|p2a: Sandslash|39/100|[from] item: Life Orb
|move|p1a: Basculegion|Shadow Ball|p2a: Sandslash
|-damage|p2a: Sandslash|0 fnt
|faint|p2a: Sandslash
|
|-weather|Snowscape|[upkeep]
|upkeep
|
|t:|1779904542
|switch|p2a: Beartic|Beartic, M|100/100
|turn|4
|
|t:|1779904549
|move|p1a: Basculegion|Shadow Ball|p2a: Beartic
|-damage|p2a: Beartic|41/100
|move|p2a: Beartic|Icicle Spear|p1a: Basculegion
|-resisted|p1a: Basculegion
|-damage|p1a: Basculegion|0 fnt
|faint|p1a: Basculegion
|-hitcount|p1: Basculegion|1
|
|-weather|Snowscape|[upkeep]
|upkeep
|
|t:|1779904553
|switch|p1a: Weavile|Weavile, F|100/100
|-ability|p1a: Weavile|Pressure
|turn|5
|
|t:|1779904568
|move|p2a: Beartic|Close Combat|p1a: Weavile
|-supereffective|p1a: Weavile
|-damage|p1a: Weavile|0 fnt
|-unboost|p2a: Beartic|def|1
|-unboost|p2a: Beartic|spd|1
|faint|p1a: Weavile
|
|-weather|Snowscape|[upkeep]
|upkeep
|
|t:|1779904572
|switch|p1a: Ninetales|Ninetales-Alola, F|100/100
|turn|6
|
|t:|1779904578
|move|p2a: Beartic|Close Combat|p1a: Ninetales
|-damage|p1a: Ninetales|62/100
|-unboost|p2a: Beartic|def|1
|-unboost|p2a: Beartic|spd|1
|move|p1a: Ninetales|Aurora Veil|p1a: Ninetales
|-sidestart|p1: veronyl|move: Aurora Veil
|
|-weather|Snowscape|[upkeep]
|upkeep
|turn|7
|
|t:|1779904590
|move|p2a: Beartic|Close Combat|p1a: Ninetales
|-damage|p1a: Ninetales|44/100
|-unboost|p2a: Beartic|def|1
|-unboost|p2a: Beartic|spd|1
|move|p1a: Ninetales|Encore|p2a: Beartic
|-start|p2a: Beartic|Encore
|
|-weather|Snowscape|[upkeep]
|upkeep
|turn|8
|
|t:|1779904594
|switch|p1a: Glaceon|Glaceon, F|100/100
|move|p2a: Beartic|Close Combat|p1a: Glaceon
|-supereffective|p1a: Glaceon
|-damage|p1a: Glaceon|71/100
|-unboost|p2a: Beartic|def|1
|-unboost|p2a: Beartic|spd|1
|
|-weather|none
|upkeep
|turn|9
|
|t:|1779904603
|switch|p2a: Ninetales|Ninetales-Alola, F|100/100
|-weather|Snowscape|[from] ability: Snow Warning|[of] p2a: Ninetales
|move|p1a: Glaceon|Shadow Ball|p2a: Ninetales
|-damage|p2a: Ninetales|42/100
|
|-weather|Snowscape|[upkeep]
|-heal|p1a: Glaceon|77/100|[from] ability: Ice Body
|upkeep
|turn|10
|
|t:|1779904609
|move|p2a: Ninetales|Aurora Veil|p2a: Ninetales
|-sidestart|p2: WiiShopMusic|move: Aurora Veil
|move|p1a: Glaceon|Shadow Ball|p2a: Ninetales
|-damage|p2a: Ninetales|13/100
|
|-weather|Snowscape|[upkeep]
|-heal|p1a: Glaceon|83/100|[from] ability: Ice Body
|upkeep
|turn|11
|
|t:|1779904615
|move|p2a: Ninetales|Encore|p1a: Glaceon
|-start|p1a: Glaceon|Encore
|move|p1a: Glaceon|Shadow Ball|p2a: Ninetales
|-damage|p2a: Ninetales|0 fnt
|faint|p2a: Ninetales
|
|-weather|Snowscape|[upkeep]
|-heal|p1a: Glaceon|89/100|[from] ability: Ice Body
|upkeep
|
|t:|1779904620
|switch|p2a: Pawmot|Pawmot, M|100/100
|turn|12
|
|t:|1779904631
|move|p2a: Pawmot|Revival Blessing|p2a: Pawmot
|-enditem|p2a: Pawmot|Leppa Berry|[eat]
|-activate|p2a: Pawmot|item: Leppa Berry|Revival Blessing|[consumed]
|
|t:|1779904633
|-heal|p2: Sandslash|50/100|[from] move: Revival Blessing
|move|p1a: Glaceon|Shadow Ball|p2a: Pawmot
|-damage|p2a: Pawmot|67/100
|
|-weather|Snowscape|[upkeep]
|-heal|p1a: Glaceon|95/100|[from] ability: Ice Body
|upkeep
|turn|13
|
|t:|1779904637
|move|p2a: Pawmot|Brick Break|p1a: Glaceon
|-sideend|p1: veronyl|move: Aurora Veil
|-supereffective|p1a: Glaceon
|-damage|p1a: Glaceon|60/100
|move|p1a: Glaceon|Shadow Ball|p2a: Pawmot
|-damage|p2a: Pawmot|30/100
|
|-weather|Snowscape|[upkeep]
|-heal|p1a: Glaceon|66/100|[from] ability: Ice Body
|-end|p1a: Glaceon|Encore
|upkeep
|turn|14
|
|t:|1779904642
|move|p2a: Pawmot|Revival Blessing|p2a: Pawmot
|
|t:|1779904644
|-heal|p2: Ninetales|50/100|[from] move: Revival Blessing
|move|p1a: Glaceon|Shadow Ball|p2a: Pawmot
|-damage|p2a: Pawmot|0 fnt
|faint|p2a: Pawmot
|
|-weather|Snowscape|[upkeep]
|-heal|p1a: Glaceon|72/100|[from] ability: Ice Body
|-sideend|p2: WiiShopMusic|move: Aurora Veil
|upkeep
|
|t:|1779904649
|switch|p2a: Beartic|Beartic, M|41/100
|turn|15
|
|t:|1779904654
|-terastallize|p2a: Beartic|Fighting
|move|p2a: Beartic|Close Combat|p1a: Glaceon
|-supereffective|p1a: Glaceon
|-damage|p1a: Glaceon|0 fnt
|-unboost|p2a: Beartic|def|1
|-unboost|p2a: Beartic|spd|1
|faint|p1a: Glaceon
|
|-weather|Snowscape|[upkeep]
|upkeep
|
|t:|1779904659
|switch|p1a: Ninetales|Ninetales-Alola, F|44/100
|turn|16
|
|t:|1779904661
|move|p2a: Beartic|Close Combat|p1a: Ninetales
|-damage|p1a: Ninetales|0 fnt
|-unboost|p2a: Beartic|def|1
|-unboost|p2a: Beartic|spd|1
|faint|p1a: Ninetales
|
|-weather|none
|upkeep
|
|t:|1779904665
|switch|p1a: Ogerpon|Ogerpon-Wellspring, F|100/100
|turn|17
|
|t:|1779904673
|switch|p2a: Ninetales|Ninetales-Alola, F|50/100
|-weather|Snowscape|[from] ability: Snow Warning|[of] p2a: Ninetales
|move|p1a: Ogerpon|Swords Dance|p1a: Ogerpon
|-boost|p1a: Ogerpon|atk|2
|
|-weather|Snowscape|[upkeep]
|upkeep
|turn|18
|
|t:|1779904678
|move|p1a: Ogerpon|Ivy Cudgel|p2a: Ninetales|[anim] Ivy Cudgel Water
|-damage|p2a: Ninetales|0 fnt
|faint|p2a: Ninetales
|
|-weather|Snowscape|[upkeep]
|upkeep
|
|t:|1779904686
|switch|p2a: Sandslash|Sandslash-Alola, M|50/100
|turn|19
|
|t:|1779904690
|move|p2a: Sandslash|Ice Spinner|p1a: Ogerpon
|-damage|p1a: Ogerpon|36/100
|-damage|p2a: Sandslash|40/100|[from] item: Life Orb
|move|p1a: Ogerpon|Ivy Cudgel|p2a: Sandslash|[anim] Ivy Cudgel Water
|-damage|p2a: Sandslash|0 fnt
|faint|p2a: Sandslash
|
|-weather|Snowscape|[upkeep]
|upkeep
|
|t:|1779904694
|switch|p2a: Beartic|Beartic, M, tera:Fighting|41/100
|turn|20
|inactive|veronyl has 120 seconds left.
|inactive|veronyl has 90 seconds left.
|
|t:|1779904783
|move|p2a: Beartic|Close Combat|p1a: Ogerpon
|-damage|p1a: Ogerpon|0 fnt
|-unboost|p2a: Beartic|def|1
|-unboost|p2a: Beartic|spd|1
|faint|p1a: Ogerpon
|
|-weather|Snowscape|[upkeep]
|upkeep
|
|t:|1779904784
|switch|p1a: Iron Treads|Iron Treads|100/100
|turn|21
|
|t:|1779904790
|-terastallize|p1a: Iron Treads|Ground
|move|p2a: Beartic|Earthquake|p1a: Iron Treads
|-damage|p1a: Iron Treads|64/100
|move|p1a: Iron Treads|Earthquake|p2a: Beartic
|-damage|p2a: Beartic|0 fnt
|faint|p2a: Beartic
|
|-weather|Snowscape|[upkeep]
|upkeep
|
|t:|1779904793
|switch|p2a: Cetitan|Cetitan, M|100/100
|turn|22
|
|t:|1779904797
|move|p2a: Cetitan|Ice Spinner|p1a: Iron Treads
|-supereffective|p1a: Iron Treads
|-damage|p1a: Iron Treads|0 fnt
|faint|p1a: Iron Treads
|-end|p1a: Iron Treads|Quark Drive|[silent]
|
|win|WiiShopMusic
|raw|veronyl's rating: 1381 &rarr; <strong>1358</strong><br />(-23 for losing)
|raw|WiiShopMusic's rating: 1333 &rarr; <strong>1356</strong><br />(+23 for winning)
|l|☆WiiShopMusic
|player|p2|
|l|☆veronyl
|player|p1|
