|j|☆bird_198
|j|☆lar9o
|t:|1779961345
|gametype|singles
|player|p1|bird_198|pokemaniac|1074
|player|p2|lar9o|169|1070
|gen|9
|tier|[Gen 9] OU
|rated|
|rule|HP Percentage Mod: HP is shown in percentages
|rule|Endless Battle Clause: Forcing endless battles is banned
|rule|Species Clause: Limit one of each Pokémon
|rule|OHKO Clause: OHKO moves are banned
|rule|Evasion Items Clause: Evasion items are banned
|rule|Evasion Moves Clause: Evasion moves are banned
|rule|Evasion Abilities Clause: Evasion abilities are banned
|rule|Sleep Moves Clause: Sleep-inducing moves are banned
|clearpoke
|poke|p1|Cramorant, M|
|poke|p1|Shaymin|
|poke|p1|Pawmot, M|
|poke|p1|Flapple, M|
|poke|p1|Kingambit, F|
|poke|p1|Toedscruel, F|
|poke|p2|Gurdurr, F|
|poke|p2|Corviknight, M|
|poke|p2|Garganacl, F|
|poke|p2|Milotic, F|
|poke|p2|Skiploom, F|
|poke|p2|Primeape, M|
|teampreview
|
|t:|1779961351
|teamsize|p1|6
|teamsize|p2|6
|start
|switch|p1a: Toedscruel|Toedscruel, F|100/100
|switch|p2a: Garganacl|Garganacl, F|100/100
|turn|1
|
|t:|1779961360
|switch|p2a: Corviknight|Corviknight, M|100/100
|-ability|p2a: Corviknight|Unnerve
|move|p1a: Toedscruel|Knock Off|p2a: Corviknight
|-damage|p2a: Corviknight|93/100
|-damage|p1a: Toedscruel|84/100|[from] item: Rocky Helmet|[of] p2a: Corviknight
|-enditem|p2a: Corviknight|Rocky Helmet|[from] move: Knock Off|[of] p1a: Toedscruel
|
|upkeep
|turn|2
|
|t:|1779961375
|switch|p1a: Shaymin|Shaymin|100/100
|move|p2a: Corviknight|Bulk Up|p2a: Corviknight
|-boost|p2a: Corviknight|atk|1
|-boost|p2a: Corviknight|def|1
|
|upkeep
|turn|3
|
|t:|1779961384
|move|p1a: Shaymin|Leech Seed|p2a: Corviknight|[miss]
|-miss|p1a: Shaymin|p2a: Corviknight
|move|p2a: Corviknight|Brave Bird|p1a: Shaymin
|-supereffective|p1a: Shaymin
|-damage|p1a: Shaymin|9/100
|-damage|p2a: Corviknight|63/100|[from] Recoil
|
|-heal|p1a: Shaymin|16/100|[from] item: Leftovers
|upkeep
|turn|4
|
|t:|1779961395
|move|p1a: Shaymin|Leech Seed|p2a: Corviknight
|-start|p2a: Corviknight|move: Leech Seed
|move|p2a: Corviknight|Iron Head|p1a: Shaymin
|-damage|p1a: Shaymin|0 fnt
|faint|p1a: Shaymin
|
|upkeep
|
|t:|1779961402
|switch|p1a: Cramorant|Cramorant, M|100/100
|turn|5
|
|t:|1779961407
|move|p1a: Cramorant|Surf|p2a: Corviknight
|-formechange|p1a: Cramorant|Cramorant-Gulping|
|-damage|p2a: Corviknight|35/100
|move|p2a: Corviknight|Roost|p2a: Corviknight
|-heal|p2a: Corviknight|85/100
|-singleturn|p2a: Corviknight|move: Roost
|
|-damage|p2a: Corviknight|73/100|[from] Leech Seed|[of] p1a: Cramorant
|upkeep
|turn|6
|
|t:|1779961423
|move|p1a: Cramorant|Surf|p2a: Corviknight
|-damage|p2a: Corviknight|44/100
|move|p2a: Corviknight|Iron Head|p1a: Cramorant
|-resisted|p1a: Cramorant
|-damage|p1a: Cramorant|66/100
|-damage|p2a: Corviknight|28/100|[from] item: Rocky Helmet|[of] p1a: Cramorant
|-damage|p2a: Corviknight|3/100|[from] ability: Gulp Missile|[of] p1a: Cramorant
|-unboost|p2a: Corviknight|def|1
|-formechange|p1a: Cramorant|Cramorant|
|
|-damage|p2a: Corviknight|0 fnt|[from] Leech Seed|[of] p1a: Cramorant
|-heal|p1a: Cramorant|69/100|[silent]
|faint|p2a: Corviknight
|upkeep
|
|t:|1779961439
|switch|p2a: Milotic|Milotic, F|100/100
|turn|7
|
|t:|1779961449
|switch|p1a: Toedscruel|Toedscruel, F|84/100
|move|p2a: Milotic|Ice Beam|p1a: Toedscruel
|-supereffective|p1a: Toedscruel
|-damage|p1a: Toedscruel|0 fnt
|faint|p1a: Toedscruel
|
|upkeep
|
|t:|1779961455
|switch|p1a: Flapple|Flapple, M, shiny|100/100
|turn|8
|
|t:|1779961461
|move|p1a: Flapple|Grav Apple|p2a: Milotic
|-supereffective|p2a: Milotic
|-damage|p2a: Milotic|0 fnt
|faint|p2a: Milotic
|
|upkeep
|
|t:|1779961475
|switch|p2a: Primeape|Primeape, M|100/100
|turn|9
|
|t:|1779961485
|switch|p1a: Cramorant|Cramorant, M|69/100
|move|p2a: Primeape|Bulk Up|p2a: Primeape
|-boost|p2a: Primeape|atk|1
|-boost|p2a: Primeape|def|1
|
|upkeep
|turn|10
|
|t:|1779961494
|move|p1a: Cramorant|Surf|p2a: Primeape
|-formechange|p1a: Cramorant|Cramorant-Gulping|
|-damage|p2a: Primeape|56/100
|move|p2a: Primeape|Poison Jab|p1a: Cramorant
|-damage|p1a: Cramorant|0 fnt
|-damage|p2a: Primeape|40/100|[from] item: Rocky Helmet|[of] p1a: Cramorant
|-damage|p2a: Primeape|15/100|[from] ability: Gulp Missile|[of] p1a: Cramorant
|-unboost|p2a: Primeape|def|1
|-formechange|p1a: Cramorant|Cramorant|
|faint|p1a: Cramorant
|-damage|p2a: Primeape|5/100|[from] item: Life Orb
|
|upkeep
|
|t:|1779961506
|switch|p1a: Peak-Chu|Pawmot, M|100/100
|turn|11
|
|t:|1779961514
|move|p1a: Peak-Chu|Mach Punch|p2a: Primeape
|-damage|p2a: Primeape|0 fnt
|faint|p2a: Primeape
|
|upkeep
|
|t:|1779961522
|switch|p2a: Skiploom|Skiploom, F|100/100
|turn|12
|
|t:|1779961528
|move|p1a: Peak-Chu|Revival Blessing|p1a: Peak-Chu
|-enditem|p1a: Peak-Chu|Leppa Berry|[eat]
|-activate|p1a: Peak-Chu|item: Leppa Berry|Revival Blessing|[consumed]
|
|t:|1779961532
|-heal|p1: Cramorant|50/100|[from] move: Revival Blessing
|move|p2a: Skiploom|Leech Seed|p1a: Peak-Chu|[miss]
|-miss|p2a: Skiploom|p1a: Peak-Chu
|
|upkeep
|turn|13
|
|t:|1779961539
|move|p1a: Peak-Chu|Revival Blessing|p1a: Peak-Chu
|
|t:|1779961542
|-heal|p1: Shaymin|50/100|[from] move: Revival Blessing
|move|p2a: Skiploom|Leech Seed|p1a: Peak-Chu
|-start|p1a: Peak-Chu|move: Leech Seed
|
|-damage|p1a: Peak-Chu|88/100|[from] Leech Seed|[of] p2a: Skiploom
|upkeep
|turn|14
|
|t:|1779961551
|move|p1a: Peak-Chu|Double Shock|p2a: Skiploom
|-damage|p2a: Skiploom|18/100
|-start|p1a: Peak-Chu|typechange|???/Fighting|[from] move: Double Shock
|move|p2a: Skiploom|Giga Drain|p1a: Peak-Chu
|-damage|p1a: Peak-Chu|64/100
|-heal|p2a: Skiploom|29/100|[from] drain|[of] p1a: Peak-Chu
|
|-damage|p1a: Peak-Chu|52/100|[from] Leech Seed|[of] p2a: Skiploom
|-heal|p2a: Skiploom|40/100|[silent]
|upkeep
|turn|15
|
|t:|1779961564
|move|p1a: Peak-Chu|Nuzzle|p2a: Skiploom
|-damage|p2a: Skiploom|30/100
|-status|p2a: Skiploom|par
|cant|p2a: Skiploom|par
|
|-damage|p1a: Peak-Chu|39/100|[from] Leech Seed|[of] p2a: Skiploom
|-heal|p2a: Skiploom|42/100 par|[silent]
|upkeep
|turn|16
|
|t:|1779961573
|switch|p1a: Shaymin|Shaymin|50/100
|move|p2a: Skiploom|Giga Drain|p1a: Shaymin
|-resisted|p1a: Shaymin
|-damage|p1a: Shaymin|44/100
|-heal|p2a: Skiploom|46/100 par|[from] drain|[of] p1a: Shaymin
|
|-heal|p1a: Shaymin|50/100|[from] item: Leftovers
|upkeep
|turn|17
|
|t:|1779961585
|move|p1a: Shaymin|Seed Flare|p2a: Skiploom
|-resisted|p2a: Skiploom
|-damage|p2a: Skiploom|33/100 par
|-unboost|p2a: Skiploom|spd|2
|move|p2a: Skiploom|U-turn|p1a: Shaymin
|-supereffective|p1a: Shaymin
|-damage|p1a: Shaymin|35/100
|
|t:|1779961593
|switch|p2a: Gurdurr|Gurdurr, F|100/100|[from] U-turn
|
|-heal|p1a: Shaymin|41/100|[from] item: Leftovers
|upkeep
|turn|18
|
|t:|1779961605
|move|p1a: Shaymin|Leech Seed|p2a: Gurdurr
|-start|p2a: Gurdurr|move: Leech Seed
|move|p2a: Gurdurr|Bulk Up|p2a: Gurdurr
|-boost|p2a: Gurdurr|atk|1
|-boost|p2a: Gurdurr|def|1
|
|-heal|p1a: Shaymin|48/100|[from] item: Leftovers
|-damage|p2a: Gurdurr|88/100|[from] Leech Seed|[of] p1a: Shaymin
|-heal|p1a: Shaymin|59/100|[silent]
|upkeep
|turn|19
|
|t:|1779961616
|move|p1a: Shaymin|Protect|p1a: Shaymin
|-singleturn|p1a: Shaymin|Protect
|move|p2a: Gurdurr|Poison Jab|p1a: Shaymin
|-activate|p1a: Shaymin|move: Protect
|
|-heal|p1a: Shaymin|65/100|[from] item: Leftovers
|-damage|p2a: Gurdurr|76/100|[from] Leech Seed|[of] p1a: Shaymin
|-heal|p1a: Shaymin|76/100|[silent]
|upkeep
|turn|20
|
|t:|1779961628
|move|p1a: Shaymin|Seed Flare|p2a: Gurdurr
|-damage|p2a: Gurdurr|0 fnt
|faint|p2a: Gurdurr
|
|-heal|p1a: Shaymin|83/100|[from] item: Leftovers
|upkeep
|
|t:|1779961635
|switch|p2a: Garganacl|Garganacl, F|100/100
|turn|21
|
|t:|1779961640
|move|p1a: Shaymin|Leech Seed|p2a: Garganacl|[miss]
|-miss|p1a: Shaymin|p2a: Garganacl
|move|p2a: Garganacl|Thunder Punch|p1a: Shaymin
|-resisted|p1a: Shaymin
|-damage|p1a: Shaymin|73/100
|
|-heal|p1a: Shaymin|79/100|[from] item: Leftovers
|upkeep
|turn|22
|inactive|Battle timer is ON: inactive players will automatically lose when time's up. (requested by bird_198)
|l|☆lar9o
|inactive|lar9o disconnected and has a minute to reconnect!
|player|p2|
|inactive|lar9o has 30 seconds to reconnect!
|inactive|lar9o has 20 seconds to reconnect!
|inactive|lar9o has 15 seconds to reconnect!
|inactive|lar9o has 10 seconds to reconnect!
|inactive|lar9o has 5 seconds to reconnect!
|-message|lar9o lost due to inactivity.
|
|win|bird_198
|raw|bird_198's rating: 1074 &rarr; <strong>1103</strong><br />(+29 for winning)
|raw|lar9o's rating: 1070 &rarr; <strong>1050</strong><br />(-20 for losing)
|l|☆bird_198
|player|p1|
