|j|☆Unset~Blurry
|j|☆pikmin_men200
|t:|1779814273
|gametype|singles
|player|p1|Unset~Blurry|101|1263
|player|p2|pikmin_men200|101|1201
|gen|9
|tier|[Gen 9] OU
|rated|
|rule|HP Percentage Mod: HP is shown in percentages
|rule|Endless Battle Clause: Forcing endless battles is banned
|rule|Species Clause: Limit one of each Pokémon
|rule|OHKO Clause: OHKO moves are banned
|rule|Evasion Items Clause: Evasion items are banned
|rule|Evasion Moves Clause: Evasion moves are banned
|rule|Evasion Abilities Clause: Evasion abilities are banned
|rule|Sleep Moves Clause: Sleep-inducing moves are banned
|clearpoke
|poke|p1|Samurott-Hisui, M|
|poke|p1|Iron Valiant|
|poke|p1|Alomomola, M|
|poke|p1|Iron Treads|
|poke|p1|Zapdos|
|poke|p1|Gholdengo|
|poke|p2|Gliscor, M|
|poke|p2|Chandelure, M|
|poke|p2|Infernape, M|
|poke|p2|Greninja-*, M|
|poke|p2|Minior-Violet|
|poke|p2|Goodra-Hisui, F|
|teampreview
|
|t:|1779814282
|teamsize|p1|6
|teamsize|p2|6
|start
|switch|p1a: Samurott|Samurott-Hisui, M|100/100
|switch|p2a: Goodra|Goodra-Hisui, F|100/100
|turn|1
|
|t:|1779814286
|move|p1a: Samurott|Ceaseless Edge|p2a: Goodra
|-damage|p2a: Goodra|72/100
|-ability|p2a: Goodra|Gooey
|-unboost|p1a: Samurott|spe|1
|-sidestart|p2: pikmin_men200|Spikes
|move|p2a: Goodra|Acid Armor|p2a: Goodra
|-boost|p2a: Goodra|def|2
|
|-heal|p2a: Goodra|79/100|[from] item: Leftovers
|upkeep
|turn|2
|
|t:|1779814294
|switch|p1a: Gholdengo|Gholdengo|100/100
|-item|p1a: Gholdengo|Air Balloon
|move|p2a: Goodra|Body Press|p1a: Gholdengo
|-immune|p1a: Gholdengo
|
|-heal|p2a: Goodra|85/100|[from] item: Leftovers
|upkeep
|turn|3
|
|t:|1779814299
|move|p1a: Gholdengo|Thunder Wave|p2a: Goodra
|-status|p2a: Goodra|par
|move|p2a: Goodra|Draco Meteor|p1a: Gholdengo
|-resisted|p1a: Gholdengo
|-damage|p1a: Gholdengo|78/100
|-unboost|p2a: Goodra|spa|2
|-enditem|p1a: Gholdengo|Air Balloon
|
|-heal|p2a: Goodra|91/100 par|[from] item: Leftovers
|upkeep
|turn|4
|
|t:|1779814308
|move|p1a: Gholdengo|Hex|p2a: Goodra
|-damage|p2a: Goodra|54/100 par
|move|p2a: Goodra|Thunderbolt|p1a: Gholdengo
|-damage|p1a: Gholdengo|66/100
|
|-heal|p2a: Goodra|60/100 par|[from] item: Leftovers
|upkeep
|turn|5
|
|t:|1779814312
|switch|p1a: Zapdos|Zapdos|100/100
|move|p2a: Goodra|Thunderbolt|p1a: Zapdos
|-damage|p1a: Zapdos|88/100
|
|-heal|p2a: Goodra|66/100 par|[from] item: Leftovers
|upkeep
|turn|6
|
|t:|1779814319
|move|p1a: Zapdos|Hurricane|p2a: Goodra
|-resisted|p2a: Goodra
|-damage|p2a: Goodra|51/100 par
|move|p2a: Goodra|Body Press|p1a: Zapdos
|-resisted|p1a: Zapdos
|-damage|p1a: Zapdos|69/100
|
|-heal|p2a: Goodra|57/100 par|[from] item: Leftovers
|upkeep
|turn|7
|
|t:|1779814324
|move|p1a: Zapdos|Hurricane|p2a: Goodra
|-resisted|p2a: Goodra
|-damage|p2a: Goodra|43/100 par
|move|p2a: Goodra|Body Press|p1a: Zapdos
|-resisted|p1a: Zapdos
|-damage|p1a: Zapdos|49/100
|
|-heal|p2a: Goodra|49/100 par|[from] item: Leftovers
|upkeep
|turn|8
|
|t:|1779814327
|move|p1a: Zapdos|Roost|p1a: Zapdos
|-heal|p1a: Zapdos|99/100
|-singleturn|p1a: Zapdos|move: Roost
|move|p2a: Goodra|Body Press|p1a: Zapdos
|-damage|p1a: Zapdos|65/100
|
|-heal|p2a: Goodra|55/100 par|[from] item: Leftovers
|upkeep
|turn|9
|
|t:|1779814330
|move|p1a: Zapdos|Volt Switch|p2a: Goodra
|-resisted|p2a: Goodra
|-damage|p2a: Goodra|45/100 par
|
|t:|1779814338
|switch|p1a: Gholdengo|Gholdengo|66/100|[from] Volt Switch
|move|p2a: Goodra|Body Press|p1a: Gholdengo
|-immune|p1a: Gholdengo
|
|-heal|p2a: Goodra|51/100 par|[from] item: Leftovers
|upkeep
|turn|10
|
|t:|1779814345
|switch|p2a: Gliscor|Gliscor, M|100/100
|move|p1a: Gholdengo|Hex|p2a: Gliscor
|-damage|p2a: Gliscor|63/100
|
|-status|p2a: Gliscor|tox|[from] item: Toxic Orb
|upkeep
|turn|11
|
|t:|1779814360
|move|p2a: Gliscor|Agility|p2a: Gliscor
|-boost|p2a: Gliscor|spe|2
|move|p1a: Gholdengo|Hex|p2a: Gliscor
|-damage|p2a: Gliscor|0 fnt
|faint|p2a: Gliscor
|
|upkeep
|
|t:|1779814367
|switch|p2a: Minior|Minior-Violet, shiny|100/100
|-formechange|p2a: Minior|Minior-Meteor||[from] ability: Shields Down
|turn|12
|
|t:|1779814371
|move|p2a: Minior|Earthquake|p1a: Gholdengo
|-supereffective|p1a: Gholdengo
|-damage|p1a: Gholdengo|36/100
|move|p1a: Gholdengo|Thunder Wave|p2a: Minior
|-immune|p2a: Minior|[from] ability: Shields Down
|
|upkeep
|turn|13
|
|t:|1779814381
|move|p2a: Minior|Earthquake|p1a: Gholdengo
|-supereffective|p1a: Gholdengo
|-damage|p1a: Gholdengo|8/100
|move|p1a: Gholdengo|Recover|p1a: Gholdengo
|-heal|p1a: Gholdengo|58/100
|
|upkeep
|turn|14
|
|t:|1779814387
|move|p2a: Minior|Shell Smash|p2a: Minior
|-unboost|p2a: Minior|def|1
|-unboost|p2a: Minior|spd|1
|-boost|p2a: Minior|atk|2
|-boost|p2a: Minior|spa|2
|-boost|p2a: Minior|spe|2
|-enditem|p2a: Minior|White Herb
|-clearnegativeboost|p2a: Minior|[silent]
|move|p1a: Gholdengo|Thunder Wave|p2a: Minior
|-immune|p2a: Minior|[from] ability: Shields Down
|
|upkeep
|turn|15
|
|t:|1779814399
|switch|p1a: Zapdos|Zapdos|65/100
|move|p2a: Minior|Earthquake|p1a: Zapdos
|-immune|p1a: Zapdos
|
|upkeep
|turn|16
|
|t:|1779814403
|switch|p1a: Alomomola|Alomomola, M|100/100
|move|p2a: Minior|Stone Edge|p1a: Alomomola
|-crit|p1a: Alomomola
|-damage|p1a: Alomomola|52/100
|
|upkeep
|turn|17
|
|t:|1779814408
|move|p2a: Minior|Acrobatics|p1a: Alomomola
|-crit|p1a: Alomomola
|-damage|p1a: Alomomola|0 fnt
|faint|p1a: Alomomola
|
|upkeep
|
|t:|1779814416
|switch|p1a: Samurott|Samurott-Hisui, M|100/100
|turn|18
|
|t:|1779814425
|move|p2a: Minior|Acrobatics|p1a: Samurott
|-crit|p1a: Samurott
|-enditem|p1a: Samurott|Focus Sash
|-damage|p1a: Samurott|1/100
|move|p1a: Samurott|Razor Shell|p2a: Minior
|-supereffective|p2a: Minior
|-damage|p2a: Minior|0 fnt
|faint|p2a: Minior
|
|upkeep
|
|t:|1779814433
|switch|p2a: Greninja|Greninja, M|100/100
|-damage|p2a: Greninja|88/100|[from] Spikes
|turn|19
|
|t:|1779814438
|move|p2a: Greninja|Ice Beam|p1a: Samurott
|-resisted|p1a: Samurott
|-damage|p1a: Samurott|0 fnt
|faint|p1a: Samurott
|-ability|p2a: Greninja|Battle Bond|boost
|-boost|p2a: Greninja|atk|1
|-boost|p2a: Greninja|spa|1
|-boost|p2a: Greninja|spe|1
|-activate|p2a: Greninja|ability: Battle Bond
|
|upkeep
|
|t:|1779814445
|switch|p1a: Zapdos|Zapdos|65/100
|turn|20
|
|t:|1779814449
|-terastallize|p1a: Zapdos|Steel
|move|p2a: Greninja|Ice Beam|p1a: Zapdos
|-resisted|p1a: Zapdos
|-damage|p1a: Zapdos|34/100
|move|p1a: Zapdos|Thunder Wave|p2a: Greninja
|-status|p2a: Greninja|par
|
|upkeep
|turn|21
|
|t:|1779814456
|move|p2a: Greninja|Ice Beam|p1a: Zapdos
|-resisted|p1a: Zapdos
|-damage|p1a: Zapdos|5/100
|move|p1a: Zapdos|Volt Switch|p2a: Greninja
|-supereffective|p2a: Greninja
|-damage|p2a: Greninja|0 fnt
|faint|p2a: Greninja
|
|t:|1779814464
|switch|p1a: Iron Valiant|Iron Valiant|100/100|[from] Volt Switch
|-enditem|p1a: Iron Valiant|Booster Energy
|-activate|p1a: Iron Valiant|ability: Quark Drive|[fromitem]
|-start|p1a: Iron Valiant|quarkdrivespe
|
|upkeep
|
|t:|1779814471
|switch|p2a: Infernape|Infernape, M|100/100
|-damage|p2a: Infernape|88/100|[from] Spikes
|turn|22
|
|t:|1779814478
|move|p1a: Iron Valiant|Moonblast|p2a: Infernape
|-damage|p2a: Infernape|15/100
|move|p2a: Infernape|Flare Blitz|p1a: Iron Valiant
|-damage|p1a: Iron Valiant|0 fnt
|faint|p1a: Iron Valiant
|-end|p1a: Iron Valiant|Quark Drive|[silent]
|-damage|p2a: Infernape|0 fnt|[from] Recoil
|faint|p2a: Infernape
|
|upkeep
|
|t:|1779814487
|switch|p1a: Iron Treads|Iron Treads|100/100
|switch|p2a: Chandelure|Chandelure, M, shiny|100/100
|-damage|p2a: Chandelure|88/100|[from] Spikes
|turn|23
|
|t:|1779814492
|move|p2a: Chandelure|Flamethrower|p1a: Iron Treads
|-supereffective|p1a: Iron Treads
|-damage|p1a: Iron Treads|0 fnt
|faint|p1a: Iron Treads
|-end|p1a: Iron Treads|Quark Drive|[silent]
|
|upkeep
|
|t:|1779814496
|switch|p1a: Zapdos|Zapdos, tera:Steel|5/100
|turn|24
|
|t:|1779814501
|move|p2a: Chandelure|Flamethrower|p1a: Zapdos
|-supereffective|p1a: Zapdos
|-damage|p1a: Zapdos|0 fnt
|faint|p1a: Zapdos
|
|upkeep
|
|t:|1779814507
|switch|p1a: Gholdengo|Gholdengo|58/100
|turn|25
|
|t:|1779814511
|move|p2a: Chandelure|Flamethrower|p1a: Gholdengo
|-supereffective|p1a: Gholdengo
|-damage|p1a: Gholdengo|0 fnt
|faint|p1a: Gholdengo
|
|win|pikmin_men200
|raw|Unset~Blurry's rating: 1263 &rarr; <strong>1234</strong><br />(-29 for losing)
|raw|pikmin_men200's rating: 1201 &rarr; <strong>1230</strong><br />(+29 for winning)
|l|☆Unset~Blurry
|player|p1|
|l|☆pikmin_men200
|player|p2|
