|j|☆blazingshadow46
|j|☆TwinkleLittleStars
|t:|1779800441
|gametype|singles
|player|p1|blazingshadow46|byron|1471
|player|p2|TwinkleLittleStars|alec-anime|1508
|gen|9
|tier|[Gen 9] OU
|rated|
|rule|HP Percentage Mod: HP is shown in percentages
|rule|Endless Battle Clause: Forcing endless battles is banned
|rule|Species Clause: Limit one of each Pokémon
|rule|OHKO Clause: OHKO moves are banned
|rule|Evasion Items Clause: Evasion items are banned
|rule|Evasion Moves Clause: Evasion moves are banned
|rule|Evasion Abilities Clause: Evasion abilities are banned
|rule|Sleep Moves Clause: Sleep-inducing moves are banned
|clearpoke
|poke|p1|Garchomp, F|
|poke|p1|Sableye, F|
|poke|p1|Cyclizar, M|
|poke|p1|Scizor, M|
|poke|p1|Reuniclus, M|
|poke|p1|Salamence, F|
|poke|p2|Ribombee, M|
|poke|p2|Iron Valiant|
|poke|p2|Gholdengo|
|poke|p2|Iron Boulder|
|poke|p2|Ogerpon-Wellspring, F|
|poke|p2|Enamorus, F|
|teampreview
|inactive|Battle timer is ON: inactive players will automatically lose when time's up. (requested by blazingshadow46)
|
|t:|1779800449
|teamsize|p1|6
|teamsize|p2|6
|start
|switch|p1a: Cyclizar|Cyclizar, M, shiny|100/100
|switch|p2a: Ribombee|Ribombee, M|100/100
|turn|1
|
|t:|1779800452
|move|p2a: Ribombee|Moonblast|p1a: Cyclizar
|-supereffective|p1a: Cyclizar
|-damage|p1a: Cyclizar|39/100
|-unboost|p1a: Cyclizar|spa|1
|move|p1a: Cyclizar|Overheat|p2a: Ribombee
|-supereffective|p2a: Ribombee
|-damage|p2a: Ribombee|52/100
|-unboost|p1a: Cyclizar|spa|2
|
|upkeep
|turn|2
|
|t:|1779800460
|move|p2a: Ribombee|Sticky Web|p1a: Cyclizar
|-sidestart|p1: blazingshadow46|move: Sticky Web
|move|p1a: Cyclizar|Rapid Spin|p2a: Ribombee
|-damage|p2a: Ribombee|30/100
|-boost|p1a: Cyclizar|spe|1
|-sideend|p1: blazingshadow46|Sticky Web|[from] move: Rapid Spin|[of] p1a: Cyclizar
|
|upkeep
|turn|3
|
|t:|1779800464
|move|p1a: Cyclizar|Overheat|p2a: Ribombee
|-supereffective|p2a: Ribombee
|-damage|p2a: Ribombee|0 fnt
|-unboost|p1a: Cyclizar|spa|2
|faint|p2a: Ribombee
|
|upkeep
|
|t:|1779800471
|switch|p2a: Ogerpon|Ogerpon-Wellspring, F|100/100
|turn|4
|
|t:|1779800475
|move|p1a: Cyclizar|U-turn|p2a: Ogerpon
|-supereffective|p2a: Ogerpon
|-damage|p2a: Ogerpon|63/100
|
|t:|1779800477
|switch|p1a: Garchomp|Garchomp, F|100/100|[from] U-turn
|move|p2a: Ogerpon|Swords Dance|p2a: Ogerpon
|-boost|p2a: Ogerpon|atk|2
|
|upkeep
|turn|5
|
|t:|1779800481
|move|p2a: Ogerpon|Ivy Cudgel|p1a: Garchomp|[anim] Ivy Cudgel Water
|-damage|p1a: Garchomp|24/100
|move|p1a: Garchomp|Dragon Tail|p2a: Ogerpon
|-damage|p2a: Ogerpon|27/100
|drag|p2a: Iron Valiant|Iron Valiant|100/100
|
|upkeep
|turn|6
|
|t:|1779800488
|move|p2a: Iron Valiant|Moonblast|p1a: Garchomp
|-supereffective|p1a: Garchomp
|-damage|p1a: Garchomp|0 fnt
|faint|p1a: Garchomp
|-damage|p2a: Iron Valiant|91/100|[from] item: Life Orb
|
|upkeep
|
|t:|1779800497
|switch|p1a: Salamence|Salamence, F|100/100
|turn|7
|
|t:|1779800500
|-terastallize|p1a: Salamence|Steel
|move|p2a: Iron Valiant|Moonblast|p1a: Salamence
|-resisted|p1a: Salamence
|-damage|p1a: Salamence|61/100
|-unboost|p1a: Salamence|spa|1
|-damage|p2a: Iron Valiant|81/100|[from] item: Life Orb
|move|p1a: Salamence|Dragon Dance|p1a: Salamence
|-boost|p1a: Salamence|atk|1
|-boost|p1a: Salamence|spe|1
|
|upkeep
|turn|8
|
|t:|1779800511
|-end|p2a: Iron Valiant|Quark Drive|[silent]
|switch|p2a: Ogerpon|Ogerpon-Wellspring, F|27/100
|move|p1a: Salamence|Iron Head|p2a: Ogerpon
|-resisted|p2a: Ogerpon
|-damage|p2a: Ogerpon|0 fnt
|faint|p2a: Ogerpon
|-ability|p1a: Salamence|Moxie|boost
|-boost|p1a: Salamence|atk|1
|
|upkeep
|
|t:|1779800513
|switch|p2a: Gholdengo|Gholdengo|100/100
|-item|p2a: Gholdengo|Air Balloon
|turn|9
|
|t:|1779800522
|switch|p1a: Reuniclus|Reuniclus, M|100/100
|move|p2a: Gholdengo|Focus Blast|p1a: Reuniclus
|-resisted|p1a: Reuniclus
|-damage|p1a: Reuniclus|80/100
|-unboost|p1a: Reuniclus|spd|1
|
|upkeep
|turn|10
|
|t:|1779800529
|move|p2a: Gholdengo|Nasty Plot|p2a: Gholdengo
|-boost|p2a: Gholdengo|spa|2
|move|p1a: Reuniclus|Knock Off|p2a: Gholdengo
|-supereffective|p2a: Gholdengo
|-damage|p2a: Gholdengo|53/100
|-enditem|p2a: Gholdengo|Air Balloon
|
|upkeep
|turn|11
|
|t:|1779800532
|move|p2a: Gholdengo|Shadow Ball|p1a: Reuniclus
|-supereffective|p1a: Reuniclus
|-damage|p1a: Reuniclus|0 fnt
|faint|p1a: Reuniclus
|
|upkeep
|
|t:|1779800544
|switch|p1a: Cyclizar|Cyclizar, M, shiny|72/100
|turn|12
|
|t:|1779800548
|move|p1a: Cyclizar|Overheat|p2a: Gholdengo
|-supereffective|p2a: Gholdengo
|-damage|p2a: Gholdengo|0 fnt
|-unboost|p1a: Cyclizar|spa|2
|faint|p2a: Gholdengo
|
|upkeep
|
|t:|1779800554
|switch|p2a: Iron Valiant|Iron Valiant|81/100
|turn|13
|
|t:|1779800558
|move|p1a: Cyclizar|Overheat|p2a: Iron Valiant
|-damage|p2a: Iron Valiant|56/100
|-unboost|p1a: Cyclizar|spa|2
|move|p2a: Iron Valiant|Moonblast|p1a: Cyclizar
|-supereffective|p1a: Cyclizar
|-damage|p1a: Cyclizar|0 fnt
|faint|p1a: Cyclizar
|-damage|p2a: Iron Valiant|46/100|[from] item: Life Orb
|
|upkeep
|
|t:|1779800565
|switch|p1a: Salamence|Salamence, F, tera:Steel|61/100
|turn|14
|
|t:|1779800572
|move|p2a: Iron Valiant|Thunderbolt|p1a: Salamence
|-damage|p1a: Salamence|13/100
|-damage|p2a: Iron Valiant|36/100|[from] item: Life Orb
|move|p1a: Salamence|Iron Head|p2a: Iron Valiant
|-supereffective|p2a: Iron Valiant
|-damage|p2a: Iron Valiant|0 fnt
|faint|p2a: Iron Valiant
|-end|p2a: Iron Valiant|Quark Drive|[silent]
|-ability|p1a: Salamence|Moxie|boost
|-boost|p1a: Salamence|atk|1
|
|upkeep
|
|t:|1779800577
|switch|p2a: Iron Boulder|Iron Boulder|100/100
|turn|15
|
|t:|1779800579
|move|p2a: Iron Boulder|Mighty Cleave|p1a: Salamence
|-resisted|p1a: Salamence
|-damage|p1a: Salamence|0 fnt
|faint|p1a: Salamence
|
|upkeep
|
|t:|1779800582
|switch|p1a: Scizor|Scizor, M|100/100
|turn|16
|
|t:|1779800585
|move|p2a: Iron Boulder|Mighty Cleave|p1a: Scizor
|-damage|p1a: Scizor|51/100
|move|p1a: Scizor|Swords Dance|p1a: Scizor
|-boost|p1a: Scizor|atk|2
|
|-heal|p1a: Scizor|57/100|[from] item: Leftovers
|upkeep
|turn|17
|
|t:|1779800593
|-terastallize|p2a: Iron Boulder|Fighting
|move|p1a: Scizor|Bullet Punch|p2a: Iron Boulder
|-damage|p2a: Iron Boulder|17/100
|move|p2a: Iron Boulder|Close Combat|p1a: Scizor
|-damage|p1a: Scizor|0 fnt
|-unboost|p2a: Iron Boulder|def|1
|-unboost|p2a: Iron Boulder|spd|1
|faint|p1a: Scizor
|
|upkeep
|
|t:|1779800599
|switch|p1a: Sableye|Sableye, F|100/100
|turn|18
|
|t:|1779800601
|move|p1a: Sableye|Encore|p2a: Iron Boulder
|-start|p2a: Iron Boulder|Encore
|move|p2a: Iron Boulder|Close Combat|p1a: Sableye
|-immune|p1a: Sableye
|
|upkeep
|turn|19
|
|t:|1779800604
|-end|p2a: Iron Boulder|Quark Drive|[silent]
|switch|p2a: Enamorus|Enamorus, F|100/100
|move|p1a: Sableye|Will-O-Wisp|p2a: Enamorus
|-status|p2a: Enamorus|brn
|
|-damage|p2a: Enamorus|94/100 brn|[from] brn
|upkeep
|turn|20
|
|t:|1779800606
|move|p1a: Sableye|Taunt|p2a: Enamorus
|-start|p2a: Enamorus|move: Taunt
|move|p2a: Enamorus|Moonblast|p1a: Sableye
|-supereffective|p1a: Sableye
|-enditem|p1a: Sableye|Focus Sash
|-damage|p1a: Sableye|1/100
|
|-damage|p2a: Enamorus|88/100 brn|[from] brn
|upkeep
|turn|21
|
|t:|1779800612
|move|p1a: Sableye|Recover|p1a: Sableye
|-heal|p1a: Sableye|51/100
|move|p2a: Enamorus|Moonblast|p1a: Sableye
|-supereffective|p1a: Sableye
|-damage|p1a: Sableye|0 fnt
|faint|p1a: Sableye
|
|win|TwinkleLittleStars
|raw|blazingshadow46's rating: 1471 &rarr; <strong>1453</strong><br />(-18 for losing)
|raw|TwinkleLittleStars's rating: 1508 &rarr; <strong>1526</strong><br />(+18 for winning)
|l|☆TwinkleLittleStars
|player|p2|
|l|☆blazingshadow46
|player|p1|
