|j|☆takeyouout
|j|‽ClRCUS MAXIMUS
|t:|1779910274
|gametype|singles
|player|p1|takeyouout|richboy|1713
|player|p2|ClRCUS MAXIMUS|rood|1773
|gen|9
|tier|[Gen 9] OU
|rated|
|rule|HP Percentage Mod: HP is shown in percentages
|rule|Endless Battle Clause: Forcing endless battles is banned
|rule|Species Clause: Limit one of each Pokémon
|rule|OHKO Clause: OHKO moves are banned
|rule|Evasion Items Clause: Evasion items are banned
|rule|Evasion Moves Clause: Evasion moves are banned
|rule|Evasion Abilities Clause: Evasion abilities are banned
|rule|Sleep Moves Clause: Sleep-inducing moves are banned
|clearpoke
|poke|p1|Tyranitar, F|
|poke|p1|Alomomola, F|
|poke|p1|Tornadus-Therian, M|
|poke|p1|Excadrill, M|
|poke|p1|Amoonguss, F|
|poke|p1|Keldeo-Resolute|
|poke|p2|Enamorus, F|
|poke|p2|Gholdengo|
|poke|p2|Ogerpon-Cornerstone, F|
|poke|p2|Great Tusk|
|poke|p2|Manaphy|
|poke|p2|Ribombee, M|
|teampreview
|
|t:|1779910308
|teamsize|p1|6
|teamsize|p2|6
|start
|switch|p1a: Starscream|Excadrill, M|100/100
|switch|p2a: Ribombee|Ribombee, M, shiny|100/100
|turn|1
|
|t:|1779910317
|move|p2a: Ribombee|Stun Spore|p1a: Starscream|[miss]
|-miss|p2a: Ribombee|p1a: Starscream
|move|p1a: Starscream|Rapid Spin|p2a: Ribombee
|-damage|p2a: Ribombee|53/100
|-boost|p1a: Starscream|spe|1
|-damage|p1a: Starscream|91/100|[from] item: Life Orb
|
|upkeep
|turn|2
|
|t:|1779910325
|switch|p2a: Manaphy|Manaphy, shiny|100/100
|move|p1a: Starscream|Iron Head|p2a: Manaphy
|-resisted|p2a: Manaphy
|-damage|p2a: Manaphy|73/100
|-damage|p1a: Starscream|81/100|[from] item: Life Orb
|
|upkeep
|turn|3
|
|t:|1779910338
|move|p1a: Starscream|Earthquake|p2a: Manaphy
|-damage|p2a: Manaphy|5/100
|-damage|p1a: Starscream|71/100|[from] item: Life Orb
|move|p2a: Manaphy|Tail Glow|p2a: Manaphy
|-boost|p2a: Manaphy|spa|3
|
|upkeep
|turn|4
|
|t:|1779910345
|switch|p2a: Gholdengo|Gholdengo, shiny|100/100
|-item|p2a: Gholdengo|Air Balloon
|move|p1a: Starscream|Rapid Spin|p2a: Gholdengo
|-immune|p2a: Gholdengo
|
|upkeep
|turn|5
|
|t:|1779910348
|move|p1a: Starscream|Iron Head|p2a: Gholdengo
|-resisted|p2a: Gholdengo
|-damage|p2a: Gholdengo|69/100
|-enditem|p2a: Gholdengo|Air Balloon
|-damage|p1a: Starscream|61/100|[from] item: Life Orb
|move|p2a: Gholdengo|Focus Blast|p1a: Starscream
|-supereffective|p1a: Starscream
|-damage|p1a: Starscream|0 fnt
|faint|p1a: Starscream
|
|upkeep
|inactive|Battle timer is ON: inactive players will automatically lose when time's up. (requested by ClRCUS MAXIMUS)
|
|t:|1779910354
|switch|p1a: 99|Keldeo-Resolute|100/100
|turn|6
|
|t:|1779910362
|move|p1a: 99|Surf|p2a: Gholdengo
|-damage|p2a: Gholdengo|0 fnt
|faint|p2a: Gholdengo
|
|upkeep
|
|t:|1779910364
|switch|p2a: Ribombee|Ribombee, M, shiny|53/100
|turn|7
|
|t:|1779910369
|move|p2a: Ribombee|Moonblast|p1a: 99
|-supereffective|p1a: 99
|-damage|p1a: 99|10/100
|move|p1a: 99|Surf|p2a: Ribombee
|-damage|p2a: Ribombee|0 fnt
|faint|p2a: Ribombee
|
|upkeep
|
|t:|1779910379
|switch|p2a: Enamorus|Enamorus, F|100/100
|turn|8
|
|t:|1779910387
|move|p2a: Enamorus|Moonblast|p1a: 99
|-supereffective|p1a: 99
|-damage|p1a: 99|0 fnt
|faint|p1a: 99
|
|upkeep
|
|t:|1779910389
|switch|p1a: 66|Amoonguss, F|100/100
|turn|9
|
|t:|1779910398
|switch|p2a: Manaphy|Manaphy, shiny|5/100
|move|p1a: 66|Sludge Bomb|p2a: Manaphy
|-damage|p2a: Manaphy|0 fnt
|faint|p2a: Manaphy
|
|upkeep
|
|t:|1779910400
|switch|p2a: Ogerpon|Ogerpon-Cornerstone, F|100/100
|turn|10
|
|t:|1779910403
|move|p2a: Ogerpon|Swords Dance|p2a: Ogerpon
|-boost|p2a: Ogerpon|atk|2
|move|p1a: 66|Foul Play|p2a: Ogerpon
|-damage|p2a: Ogerpon|14/100
|
|upkeep
|turn|11
|
|t:|1779910411
|switch|p1a: PinkCannon|Alomomola, F, shiny|100/100
|move|p2a: Ogerpon|Ivy Cudgel|p1a: PinkCannon|[anim] Ivy Cudgel Rock
|-damage|p1a: PinkCannon|35/100
|
|upkeep
|turn|12
|
|t:|1779910413
|move|p2a: Ogerpon|Ivy Cudgel|p1a: PinkCannon|[anim] Ivy Cudgel Rock
|-damage|p1a: PinkCannon|0 fnt
|faint|p1a: PinkCannon
|
|upkeep
|
|t:|1779910416
|switch|p1a: 77|Tornadus-Therian, M|100/100
|turn|13
|
|t:|1779910419
|switch|p2a: Great Tusk|Great Tusk, shiny|100/100
|-enditem|p2a: Great Tusk|Booster Energy
|-activate|p2a: Great Tusk|ability: Protosynthesis|[fromitem]
|-start|p2a: Great Tusk|protosynthesisatk
|move|p1a: 77|Dark Pulse|p2a: Great Tusk
|-resisted|p2a: Great Tusk
|-damage|p2a: Great Tusk|75/100
|-damage|p1a: 77|90/100|[from] item: Life Orb
|
|upkeep
|turn|14
|
|t:|1779910422
|move|p1a: 77|Bleakwind Storm|p2a: Great Tusk
|-supereffective|p2a: Great Tusk
|-damage|p2a: Great Tusk|0 fnt
|faint|p2a: Great Tusk
|-end|p2a: Great Tusk|Protosynthesis|[silent]
|-damage|p1a: 77|80/100|[from] item: Life Orb
|
|upkeep
|
|t:|1779910424
|switch|p2a: Enamorus|Enamorus, F|100/100
|turn|15
|
|t:|1779910435
|switch|p2a: Ogerpon|Ogerpon-Cornerstone, F|14/100
|move|p1a: 77|Bleakwind Storm|p2a: Ogerpon|[miss]
|-miss|p1a: 77|p2a: Ogerpon
|
|upkeep
|turn|16
|
|t:|1779910439
|move|p1a: 77|Dark Pulse|p2a: Ogerpon
|-damage|p2a: Ogerpon|0 fnt
|faint|p2a: Ogerpon
|-damage|p1a: 77|70/100|[from] item: Life Orb
|
|upkeep
|-message|ClRCUS MAXIMUS forfeited.
|
|win|takeyouout
|raw|takeyouout's rating: 1713 &rarr; <strong>1736</strong><br />(+23 for winning)
|raw|ClRCUS MAXIMUS's rating: 1773 &rarr; <strong>1750</strong><br />(-23 for losing)
|l|‽ClRCUS MAXIMUS
|player|p2|
|l|☆takeyouout
|player|p1|
