|j|☆NUBS_SilvernNU
|j|☆Kaiko72
|t:|1779946790
|gametype|singles
|player|p1|NUBS_SilvernNU|170|1265
|player|p2|Kaiko72|pokekid|1395
|gen|9
|tier|[Gen 9] OU
|rated|
|rule|HP Percentage Mod: HP is shown in percentages
|rule|Endless Battle Clause: Forcing endless battles is banned
|rule|Species Clause: Limit one of each Pokémon
|rule|OHKO Clause: OHKO moves are banned
|rule|Evasion Items Clause: Evasion items are banned
|rule|Evasion Moves Clause: Evasion moves are banned
|rule|Evasion Abilities Clause: Evasion abilities are banned
|rule|Sleep Moves Clause: Sleep-inducing moves are banned
|clearpoke
|poke|p1|Arcanine-Hisui, F|
|poke|p1|Slowking-Galar, M|
|poke|p1|Raging Bolt|
|poke|p1|Pecharunt|
|poke|p1|Sinistcha-Masterpiece|
|poke|p1|Hoopa-Unbound|
|poke|p2|Hawlucha, M|
|poke|p2|Ambipom, M|
|poke|p2|Skeledirge, F|
|poke|p2|Gliscor, F|
|poke|p2|Gengar, F|
|poke|p2|Tentacruel, M|
|teampreview
|inactive|Battle timer is ON: inactive players will automatically lose when time's up. (requested by Kaiko72)
|
|t:|1779946810
|teamsize|p1|6
|teamsize|p2|6
|start
|switch|p1a: Sinistcha|Sinistcha-Masterpiece|100/100
|switch|p2a: Gengar|Gengar, F|100/100
|turn|1
|
|t:|1779946817
|-terastallize|p1a: Sinistcha|Grass
|move|p2a: Gengar|Nasty Plot|p2a: Gengar
|-boost|p2a: Gengar|spa|2
|move|p1a: Sinistcha|Calm Mind|p1a: Sinistcha
|-boost|p1a: Sinistcha|spa|1
|-boost|p1a: Sinistcha|spd|1
|
|upkeep
|turn|2
|
|t:|1779946820
|move|p2a: Gengar|Sludge Wave|p1a: Sinistcha
|-supereffective|p1a: Sinistcha
|-damage|p1a: Sinistcha|0 fnt
|faint|p1a: Sinistcha
|
|upkeep
|
|t:|1779946827
|switch|p1a: Hoopa|Hoopa-Unbound|100/100
|turn|3
|
|t:|1779946832
|move|p2a: Gengar|Sludge Wave|p1a: Hoopa
|-damage|p1a: Hoopa|51/100
|move|p1a: Hoopa|Knock Off|p2a: Gengar
|-supereffective|p2a: Gengar
|-enditem|p2a: Gengar|Focus Sash
|-damage|p2a: Gengar|1/100
|
|upkeep
|turn|4
|
|t:|1779946842
|move|p2a: Gengar|Sludge Wave|p1a: Hoopa
|-damage|p1a: Hoopa|4/100
|move|p1a: Hoopa|Knock Off|p2a: Gengar
|-supereffective|p2a: Gengar
|-damage|p2a: Gengar|0 fnt
|faint|p2a: Gengar
|
|upkeep
|
|t:|1779946849
|switch|p2a: Ambipom|Ambipom, M|100/100
|turn|5
|
|t:|1779946852
|switch|p1a: Pecharunt|Pecharunt|100/100
|move|p2a: Ambipom|U-turn|p1a: Pecharunt
|-resisted|p1a: Pecharunt
|-damage|p1a: Pecharunt|97/100
|-damage|p2a: Ambipom|91/100|[from] item: Life Orb
|
|t:|1779946859
|switch|p2a: Gliscor|Gliscor, F|100/100|[from] U-turn
|
|-status|p2a: Gliscor|tox|[from] item: Toxic Orb
|upkeep
|turn|6
|
|t:|1779946864
|move|p2a: Gliscor|Earthquake|p1a: Pecharunt
|-supereffective|p1a: Pecharunt
|-damage|p1a: Pecharunt|55/100
|move|p1a: Pecharunt|Parting Shot|p2a: Gliscor
|-unboost|p2a: Gliscor|atk|1
|-unboost|p2a: Gliscor|spa|1
|
|t:|1779946872
|switch|p1a: Slowking|Slowking-Galar, M|100/100|[from] Parting Shot
|
|upkeep
|turn|7
|
|t:|1779946880
|move|p2a: Gliscor|Swords Dance|p2a: Gliscor
|-boost|p2a: Gliscor|atk|2
|move|p1a: Slowking|Future Sight|p2a: Gliscor
|-start|p1a: Slowking|move: Future Sight
|
|upkeep
|turn|8
|
|t:|1779946903
|move|p2a: Gliscor|Earthquake|p1a: Slowking
|-supereffective|p1a: Slowking
|-damage|p1a: Slowking|0 fnt
|faint|p1a: Slowking
|
|upkeep
|
|t:|1779946916
|switch|p1a: Arcanine|Arcanine-Hisui, F|100/100
|-ability|p1a: Arcanine|Intimidate|boost
|-unboost|p2a: Gliscor|atk|1
|turn|9
|
|t:|1779946922
|move|p1a: Arcanine|Solar Beam||[still]
|-prepare|p1a: Arcanine|Solar Beam
|-enditem|p1a: Arcanine|Power Herb
|-anim|p1a: Arcanine|Solar Beam|p2a: Gliscor
|-damage|p2a: Gliscor|57/100 tox
|move|p2a: Gliscor|Earthquake|p1a: Arcanine
|-supereffective|p1a: Arcanine
|-damage|p1a: Arcanine|0 fnt
|faint|p1a: Arcanine
|
|-end|p2a: Gliscor|move: Future Sight
|-damage|p2a: Gliscor|7/100 tox
|-heal|p2a: Gliscor|19/100 tox|[from] ability: Poison Heal
|upkeep
|
|t:|1779946927
|switch|p1a: Raging Bolt|Raging Bolt|100/100
|turn|10
|
|t:|1779946931
|move|p2a: Gliscor|Protect|p2a: Gliscor
|-singleturn|p2a: Gliscor|Protect
|move|p1a: Raging Bolt|Ancient Power|p2a: Gliscor
|-activate|p2a: Gliscor|move: Protect
|
|-heal|p2a: Gliscor|32/100 tox|[from] ability: Poison Heal
|upkeep
|turn|11
|
|t:|1779946937
|switch|p2a: Tentacruel|Tentacruel, M|100/100
|move|p1a: Raging Bolt|Ancient Power|p2a: Tentacruel
|-damage|p2a: Tentacruel|84/100
|
|-heal|p2a: Tentacruel|90/100|[from] item: Leftovers
|upkeep
|turn|12
|
|t:|1779946952
|switch|p2a: Gliscor|Gliscor, F|32/100 tox
|move|p1a: Raging Bolt|Draco Meteor|p2a: Gliscor
|-damage|p2a: Gliscor|0 fnt
|-unboost|p1a: Raging Bolt|spa|2
|faint|p2a: Gliscor
|
|upkeep
|
|t:|1779946959
|switch|p2a: Skeledirge|Skeledirge, F, shiny|100/100
|turn|13
|
|t:|1779946963
|move|p1a: Raging Bolt|Ancient Power|p2a: Skeledirge
|-supereffective|p2a: Skeledirge
|-damage|p2a: Skeledirge|58/100
|-boost|p1a: Raging Bolt|atk|1
|-boost|p1a: Raging Bolt|def|1
|-boost|p1a: Raging Bolt|spa|1
|-boost|p1a: Raging Bolt|spd|1
|-boost|p1a: Raging Bolt|spe|1
|move|p2a: Skeledirge|Torch Song|p1a: Raging Bolt
|-resisted|p1a: Raging Bolt
|-damage|p1a: Raging Bolt|91/100
|-boost|p2a: Skeledirge|spa|1
|
|-heal|p2a: Skeledirge|65/100|[from] item: Leftovers
|upkeep
|turn|14
|
|t:|1779946972
|-terastallize|p2a: Skeledirge|Grass
|move|p1a: Raging Bolt|Ancient Power|p2a: Skeledirge
|-damage|p2a: Skeledirge|44/100
|move|p2a: Skeledirge|Slack Off|p2a: Skeledirge
|-heal|p2a: Skeledirge|94/100
|
|-heal|p2a: Skeledirge|100/100|[from] item: Leftovers
|upkeep
|turn|15
|
|t:|1779946979
|move|p1a: Raging Bolt|Ancient Power|p2a: Skeledirge
|-damage|p2a: Skeledirge|81/100
|move|p2a: Skeledirge|Torch Song|p1a: Raging Bolt
|-resisted|p1a: Raging Bolt
|-damage|p1a: Raging Bolt|76/100
|-boost|p2a: Skeledirge|spa|1
|
|-heal|p2a: Skeledirge|87/100|[from] item: Leftovers
|upkeep
|turn|16
|
|t:|1779946982
|move|p1a: Raging Bolt|Draco Meteor|p2a: Skeledirge
|-damage|p2a: Skeledirge|16/100
|-unboost|p1a: Raging Bolt|spa|2
|move|p2a: Skeledirge|Earth Power|p1a: Raging Bolt
|-supereffective|p1a: Raging Bolt
|-damage|p1a: Raging Bolt|17/100
|
|-heal|p2a: Skeledirge|22/100|[from] item: Leftovers
|upkeep
|turn|17
|
|t:|1779946989
|-end|p1a: Raging Bolt|Protosynthesis|[silent]
|switch|p1a: Pecharunt|Pecharunt|55/100
|move|p2a: Skeledirge|Slack Off|p2a: Skeledirge
|-heal|p2a: Skeledirge|72/100
|
|-heal|p2a: Skeledirge|78/100|[from] item: Leftovers
|upkeep
|turn|18
|
|t:|1779946992
|move|p1a: Pecharunt|Malignant Chain|p2a: Skeledirge
|-supereffective|p2a: Skeledirge
|-damage|p2a: Skeledirge|24/100
|-status|p2a: Skeledirge|tox
|-start|p2a: Skeledirge|confusion|[from] ability: Poison Puppeteer|[of] p1a: Pecharunt
|-activate|p2a: Skeledirge|confusion
|move|p2a: Skeledirge|Shadow Ball|p1a: Pecharunt
|-supereffective|p1a: Pecharunt
|-damage|p1a: Pecharunt|0 fnt
|faint|p1a: Pecharunt
|
|-heal|p2a: Skeledirge|30/100 tox|[from] item: Leftovers
|-damage|p2a: Skeledirge|24/100 tox|[from] psn
|upkeep
|
|t:|1779947002
|switch|p1a: Raging Bolt|Raging Bolt|17/100
|turn|19
|
|t:|1779947011
|move|p1a: Raging Bolt|Ancient Power|p2a: Skeledirge
|-damage|p2a: Skeledirge|2/100 tox
|-boost|p1a: Raging Bolt|atk|1
|-boost|p1a: Raging Bolt|def|1
|-boost|p1a: Raging Bolt|spa|1
|-boost|p1a: Raging Bolt|spd|1
|-boost|p1a: Raging Bolt|spe|1
|-activate|p2a: Skeledirge|confusion
|-damage|p2a: Skeledirge|0 fnt|[from] confusion
|faint|p2a: Skeledirge
|
|upkeep
|
|t:|1779947018
|switch|p2a: Ambipom|Ambipom, M|91/100
|turn|20
|c|☆NUBS_SilvernNU|I fucking hit those
|
|t:|1779947027
|move|p2a: Ambipom|Fake Out|p1a: Raging Bolt
|-damage|p1a: Raging Bolt|0 fnt
|faint|p1a: Raging Bolt
|-end|p1a: Raging Bolt|Protosynthesis|[silent]
|-damage|p2a: Ambipom|81/100|[from] item: Life Orb
|
|upkeep
|
|t:|1779947029
|switch|p1a: Hoopa|Hoopa-Unbound|4/100
|turn|21
|
|t:|1779947036
|move|p2a: Ambipom|U-turn|p1a: Hoopa
|-supereffective|p1a: Hoopa
|-damage|p1a: Hoopa|0 fnt
|faint|p1a: Hoopa
|-damage|p2a: Ambipom|71/100|[from] item: Life Orb
|
|win|Kaiko72
|raw|NUBS_SilvernNU's rating: 1265 &rarr; <strong>1249</strong><br />(-16 for losing)
|raw|Kaiko72's rating: 1395 &rarr; <strong>1408</strong><br />(+13 for winning)
|l|☆NUBS_SilvernNU
|player|p1|
|l|☆Kaiko72
|player|p2|
