|j|☆hashga123
|j|☆Rubicouss
|t:|1779859831
|gametype|singles
|player|p1|hashga123|101|1423
|player|p2|Rubicouss|gambler|1392
|gen|9
|tier|[Gen 9] OU
|rated|
|rule|HP Percentage Mod: HP is shown in percentages
|rule|Endless Battle Clause: Forcing endless battles is banned
|rule|Species Clause: Limit one of each Pokémon
|rule|OHKO Clause: OHKO moves are banned
|rule|Evasion Items Clause: Evasion items are banned
|rule|Evasion Moves Clause: Evasion moves are banned
|rule|Evasion Abilities Clause: Evasion abilities are banned
|rule|Sleep Moves Clause: Sleep-inducing moves are banned
|clearpoke
|poke|p1|Blaziken, F|
|poke|p1|Garchomp, F|
|poke|p1|Tinkaton, F|
|poke|p1|Moltres-Galar|
|poke|p1|Ogerpon-Cornerstone, F|
|poke|p1|Manaphy|
|poke|p2|Staraptor, M|
|poke|p2|Golem, F|
|poke|p2|Weezing-Galar, M|
|poke|p2|Regieleki|
|poke|p2|Talonflame, M|
|poke|p2|Kingambit, M|
|teampreview
|
|t:|1779859842
|teamsize|p1|6
|teamsize|p2|6
|start
|switch|p1a: Tinkaton|Tinkaton, F|100/100
|switch|p2a: Golem|Golem, F|100/100
|-item|p1a: Tinkaton|Air Balloon
|turn|1
|
|t:|1779859853
|move|p1a: Tinkaton|Stealth Rock|p2a: Golem
|-sidestart|p2: Rubicouss|move: Stealth Rock
|move|p2a: Golem|Stone Edge|p1a: Tinkaton
|-resisted|p1a: Tinkaton
|-damage|p1a: Tinkaton|61/100
|-enditem|p1a: Tinkaton|Air Balloon
|
|upkeep
|turn|2
|
|t:|1779859873
|move|p1a: Tinkaton|Gigaton Hammer|p2a: Golem
|-supereffective|p2a: Golem
|-ability|p2a: Golem|Sturdy
|-damage|p2a: Golem|1/100
|move|p2a: Golem|Stealth Rock|p1a: Tinkaton
|-sidestart|p1: hashga123|move: Stealth Rock
|
|upkeep
|turn|3
|-enditem|p2a: Golem|Custap Berry|[eat]
|-activate|p2a: Golem|item: Custap Berry|[consumed]
|
|t:|1779859881
|move|p2a: Golem|Earthquake|p1a: Tinkaton
|-supereffective|p1a: Tinkaton
|-crit|p1a: Tinkaton
|-damage|p1a: Tinkaton|0 fnt
|faint|p1a: Tinkaton
|
|upkeep
|
|t:|1779859892
|switch|p1a: Manaphy|Manaphy|100/100
|-damage|p1a: Manaphy|88/100|[from] Stealth Rock
|turn|4
|
|t:|1779859897
|move|p1a: Manaphy|Tail Glow|p1a: Manaphy
|-boost|p1a: Manaphy|spa|3
|move|p2a: Golem|Explosion|p1a: Manaphy
|-crit|p1a: Manaphy
|-damage|p1a: Manaphy|0 fnt
|faint|p2a: Golem
|faint|p1a: Manaphy
|
|upkeep
|
|t:|1779859905
|switch|p1a: Garchomp|Garchomp, F|100/100
|switch|p2a: Talonflame|Talonflame, M|100/100
|-damage|p1a: Garchomp|94/100|[from] Stealth Rock
|turn|5
|
|t:|1779859911
|move|p2a: Talonflame|Defog|p1a: Garchomp
|-unboost|p1a: Garchomp|evasion|1
|-sideend|p1: hashga123|Stealth Rock|[from] move: Defog|[of] p2a: Talonflame
|-sideend|p2: Rubicouss|Stealth Rock|[from] move: Defog|[of] p2a: Talonflame
|move|p1a: Garchomp|Swords Dance|p1a: Garchomp
|-boost|p1a: Garchomp|atk|2
|
|upkeep
|turn|6
|
|t:|1779859943
|move|p2a: Talonflame|Brave Bird|p1a: Garchomp
|-damage|p1a: Garchomp|45/100
|-damage|p2a: Talonflame|88/100|[from] ability: Rough Skin|[of] p1a: Garchomp
|-damage|p2a: Talonflame|69/100|[from] Recoil
|move|p1a: Garchomp|Scale Shot|p2a: Talonflame
|-damage|p2a: Talonflame|26/100
|-damage|p2a: Talonflame|0 fnt
|faint|p2a: Talonflame
|-hitcount|p2: Talonflame|2
|-unboost|p1a: Garchomp|def|1
|-boost|p1a: Garchomp|spe|1
|
|upkeep
|
|t:|1779859954
|switch|p2a: Kingambit|Kingambit, M|100/100
|-activate|p2a: Kingambit|ability: Supreme Overlord
|-start|p2a: Kingambit|fallen2|[silent]
|turn|7
|
|t:|1779859959
|move|p2a: Kingambit|Sucker Punch|p1a: Garchomp
|-damage|p1a: Garchomp|0 fnt
|-damage|p2a: Kingambit|88/100|[from] ability: Rough Skin|[of] p1a: Garchomp
|faint|p1a: Garchomp
|
|-heal|p2a: Kingambit|94/100|[from] item: Leftovers
|upkeep
|
|t:|1779859967
|switch|p1a: Blaziken|Blaziken, F|100/100
|turn|8
|
|t:|1779859975
|-end|p2a: Kingambit|fallen2|[silent]
|switch|p2a: Weezing|Weezing-Galar, M|100/100
|-fieldstart|move: Misty Terrain|[from] ability: Misty Surge|[of] p2a: Weezing
|move|p1a: Blaziken|Focus Energy|p1a: Blaziken
|-start|p1a: Blaziken|move: Focus Energy
|
|-ability|p1a: Blaziken|Speed Boost|boost
|-boost|p1a: Blaziken|spe|1
|upkeep
|turn|9
|
|t:|1779859988
|move|p1a: Blaziken|Overheat|p2a: Weezing
|-crit|p2a: Weezing
|-damage|p2a: Weezing|0 fnt
|-unboost|p1a: Blaziken|spa|2
|faint|p2a: Weezing
|
|-ability|p1a: Blaziken|Speed Boost|boost
|-boost|p1a: Blaziken|spe|1
|upkeep
|
|t:|1779859993
|switch|p2a: Staraptor|Staraptor, M|100/100
|-ability|p2a: Staraptor|Intimidate|boost
|-unboost|p1a: Blaziken|atk|1
|turn|10
|
|t:|1779859998
|move|p1a: Blaziken|Overheat|p2a: Staraptor
|-crit|p2a: Staraptor
|-damage|p2a: Staraptor|0 fnt
|-unboost|p1a: Blaziken|spa|2
|faint|p2a: Staraptor
|
|-ability|p1a: Blaziken|Speed Boost|boost
|-boost|p1a: Blaziken|spe|1
|upkeep
|
|t:|1779860003
|switch|p2a: Regieleki|Regieleki|100/100
|turn|11
|
|t:|1779860008
|move|p1a: Blaziken|Overheat|p2a: Regieleki
|-crit|p2a: Regieleki
|-damage|p2a: Regieleki|0 fnt
|-unboost|p1a: Blaziken|spa|2
|faint|p2a: Regieleki
|
|-ability|p1a: Blaziken|Speed Boost|boost
|-boost|p1a: Blaziken|spe|1
|upkeep
|
|t:|1779860011
|switch|p2a: Kingambit|Kingambit, M|94/100
|-activate|p2a: Kingambit|ability: Supreme Overlord
|-start|p2a: Kingambit|fallen5|[silent]
|turn|12
|
|t:|1779860019
|-terastallize|p2a: Kingambit|Ghost
|move|p1a: Blaziken|Upper Hand||[still]
|-fail|p1a: Blaziken
|move|p2a: Kingambit|Iron Head|p1a: Blaziken
|-resisted|p1a: Blaziken
|-damage|p1a: Blaziken|41/100
|
|-heal|p2a: Kingambit|100/100|[from] item: Leftovers
|-fieldend|Misty Terrain
|-ability|p1a: Blaziken|Speed Boost|boost
|-boost|p1a: Blaziken|spe|1
|upkeep
|turn|13
|
|t:|1779860030
|move|p2a: Kingambit|Sucker Punch|p1a: Blaziken
|-resisted|p1a: Blaziken
|-crit|p1a: Blaziken
|-damage|p1a: Blaziken|0 fnt
|faint|p1a: Blaziken
|
|upkeep
|
|t:|1779860036
|switch|p1a: Moltres|Moltres-Galar|100/100
|turn|14
|
|t:|1779860039
|move|p1a: Moltres|Fiery Wrath|p2a: Kingambit
|-supereffective|p2a: Kingambit
|-damage|p2a: Kingambit|20/100
|move|p2a: Kingambit|Iron Head|p1a: Moltres
|-crit|p1a: Moltres
|-damage|p1a: Moltres|0 fnt
|faint|p1a: Moltres
|
|-heal|p2a: Kingambit|26/100|[from] item: Leftovers
|upkeep
|
|t:|1779860050
|switch|p1a: Ogerpon|Ogerpon-Cornerstone, F|100/100
|turn|15
|
|t:|1779860057
|move|p2a: Kingambit|Sucker Punch|p1a: Ogerpon
|-damage|p1a: Ogerpon|25/100
|move|p1a: Ogerpon|Ivy Cudgel|p2a: Kingambit|[anim] Ivy Cudgel Rock
|-damage|p2a: Kingambit|0 fnt
|faint|p2a: Kingambit
|-end|p2a: Kingambit|fallen5|[silent]
|
|win|hashga123
|raw|hashga123's rating: 1423 &rarr; <strong>1441</strong><br />(+18 for winning)
|raw|Rubicouss's rating: 1392 &rarr; <strong>1374</strong><br />(-18 for losing)
|l|☆Rubicouss
|player|p2|
|l|☆hashga123
|player|p1|
