|j|☆JotaroTheGreat
|j|☆Team10thPlanett
|t:|1779801362
|gametype|singles
|player|p1|JotaroTheGreat|101|1625
|player|p2|Team10thPlanett|veteran|1639
|gen|9
|tier|[Gen 9] OU
|rated|
|rule|HP Percentage Mod: HP is shown in percentages
|rule|Endless Battle Clause: Forcing endless battles is banned
|rule|Species Clause: Limit one of each Pokémon
|rule|OHKO Clause: OHKO moves are banned
|rule|Evasion Items Clause: Evasion items are banned
|rule|Evasion Moves Clause: Evasion moves are banned
|rule|Evasion Abilities Clause: Evasion abilities are banned
|rule|Sleep Moves Clause: Sleep-inducing moves are banned
|clearpoke
|poke|p1|Great Tusk|
|poke|p1|Ting-Lu|
|poke|p1|Ogerpon-Wellspring, F|
|poke|p1|Ceruledge, M|
|poke|p1|Kyurem|
|poke|p1|Iron Valiant|
|poke|p2|Zamazenta-*|
|poke|p2|Dragonite, M|
|poke|p2|Araquanid, M|
|poke|p2|Iron Treads|
|poke|p2|Raikou|
|poke|p2|Glimmora, M|
|teampreview
|inactive|Battle timer is ON: inactive players will automatically lose when time's up. (requested by JotaroTheGreat)
|
|t:|1779801386
|teamsize|p1|6
|teamsize|p2|6
|start
|switch|p1a: Kyurem|Kyurem|100/100
|switch|p2a: Johnny Tsunami 🌊|Araquanid, M|100/100
|-ability|p1a: Kyurem|Pressure
|turn|1
|
|t:|1779801394
|move|p1a: Kyurem|Freeze-Dry|p2a: Johnny Tsunami 🌊
|-supereffective|p2a: Johnny Tsunami 🌊
|-damage|p2a: Johnny Tsunami 🌊|9/100
|move|p2a: Johnny Tsunami 🌊|Sticky Web|p1a: Kyurem
|-sidestart|p1: JotaroTheGreat|move: Sticky Web
|
|upkeep
|turn|2
|-enditem|p2a: Johnny Tsunami 🌊|Custap Berry|[eat]
|-activate|p2a: Johnny Tsunami 🌊|item: Custap Berry|[consumed]
|
|t:|1779801410
|move|p2a: Johnny Tsunami 🌊|Endeavor|p1a: Kyurem
|-damage|p1a: Kyurem|8/100
|move|p1a: Kyurem|Freeze-Dry|p2a: Johnny Tsunami 🌊
|-supereffective|p2a: Johnny Tsunami 🌊
|-damage|p2a: Johnny Tsunami 🌊|0 fnt
|faint|p2a: Johnny Tsunami 🌊
|
|upkeep
|c|☆JotaroTheGreat|Just by 9 points
|c|☆JotaroTheGreat|AND I GOT ENDEVOR
|c|☆JotaroTheGreat|IM ENDING IT ALL
|
|t:|1779801423
|switch|p2a: Iron Treads|Iron Treads|100/100
|-enditem|p2a: Iron Treads|Booster Energy
|-activate|p2a: Iron Treads|ability: Quark Drive|[fromitem]
|-start|p2a: Iron Treads|quarkdrivespe
|turn|3
|
|t:|1779801437
|move|p2a: Iron Treads|Knock Off|p1a: Kyurem
|-damage|p1a: Kyurem|0 fnt
|-enditem|p1a: Kyurem|Choice Specs|[from] move: Knock Off|[of] p2a: Iron Treads
|faint|p1a: Kyurem
|
|upkeep
|
|t:|1779801440
|switch|p1a: Great Tusk|Great Tusk|100/100
|-activate|p1a: Great Tusk|move: Sticky Web
|-unboost|p1a: Great Tusk|spe|1
|-enditem|p1a: Great Tusk|Booster Energy
|-activate|p1a: Great Tusk|ability: Protosynthesis|[fromitem]
|-start|p1a: Great Tusk|protosynthesisatk
|turn|4
|
|t:|1779801456
|-terastallize|p2a: Iron Treads|Ghost
|move|p2a: Iron Treads|Earthquake|p1a: Great Tusk
|-damage|p1a: Great Tusk|66/100
|move|p1a: Great Tusk|Rapid Spin|p2a: Iron Treads
|-immune|p2a: Iron Treads
|
|upkeep
|turn|5
|
|t:|1779801467
|move|p2a: Iron Treads|Earthquake|p1a: Great Tusk
|-damage|p1a: Great Tusk|30/100
|move|p1a: Great Tusk|Knock Off|p2a: Iron Treads
|-supereffective|p2a: Iron Treads
|-damage|p2a: Iron Treads|39/100
|
|upkeep
|turn|6
|
|t:|1779801476
|move|p2a: Iron Treads|Earthquake|p1a: Great Tusk
|-damage|p1a: Great Tusk|0 fnt
|faint|p1a: Great Tusk
|-end|p1a: Great Tusk|Protosynthesis|[silent]
|
|upkeep
|
|t:|1779801479
|switch|p1a: Ceruledge|Ceruledge, M|100/100
|-activate|p1a: Ceruledge|move: Sticky Web
|-unboost|p1a: Ceruledge|spe|1
|turn|7
|
|t:|1779801495
|-end|p2a: Iron Treads|Quark Drive|[silent]
|switch|p2a: Glimmora|Glimmora, M|100/100
|move|p1a: Ceruledge|Swords Dance|p1a: Ceruledge
|-boost|p1a: Ceruledge|atk|2
|
|upkeep
|turn|8
|
|t:|1779801508
|move|p1a: Ceruledge|Shadow Sneak|p2a: Glimmora
|-damage|p2a: Glimmora|49/100
|-activate|p2a: Glimmora|ability: Toxic Debris
|-sidestart|p1: JotaroTheGreat|move: Toxic Spikes
|move|p2a: Glimmora|Power Gem|p1a: Ceruledge
|-supereffective|p1a: Ceruledge
|-damage|p1a: Ceruledge|6/100
|
|upkeep
|turn|9
|
|t:|1779801517
|move|p1a: Ceruledge|Shadow Sneak|p2a: Glimmora
|-damage|p2a: Glimmora|0 fnt
|-activate|p2a: Glimmora|ability: Toxic Debris
|-sidestart|p1: JotaroTheGreat|move: Toxic Spikes
|faint|p2a: Glimmora
|
|upkeep
|inactive|Team10thPlanett has 120 seconds left.
|
|t:|1779801548
|switch|p2a: Diego ⚡️|Raikou|100/100
|-ability|p2a: Diego ⚡️|Pressure
|turn|10
|inactive|Team10thPlanett has 120 seconds left.
|
|t:|1779801556
|move|p1a: Ceruledge|Shadow Sneak|p2a: Diego ⚡️
|-damage|p2a: Diego ⚡️|39/100
|move|p2a: Diego ⚡️|Scald|p1a: Ceruledge
|-supereffective|p1a: Ceruledge
|-damage|p1a: Ceruledge|0 fnt
|faint|p1a: Ceruledge
|
|upkeep
|
|t:|1779801564
|switch|p1a: Iron Valiant|Iron Valiant|100/100
|-activate|p1a: Iron Valiant|move: Sticky Web
|-unboost|p1a: Iron Valiant|spe|1
|-status|p1a: Iron Valiant|tox
|-enditem|p1a: Iron Valiant|Booster Energy
|-activate|p1a: Iron Valiant|ability: Quark Drive|[fromitem]
|-start|p1a: Iron Valiant|quarkdrivespa
|turn|11
|j| 0RickMountStrong
|c| 0RickMountStrong|vacum ?
|j| TestAccountNo.123
|-message|JotaroTheGreat forfeited.
|
|win|Team10thPlanett
|raw|JotaroTheGreat's rating: 1625 &rarr; <strong>1606</strong><br />(-19 for losing)
|raw|Team10thPlanett's rating: 1639 &rarr; <strong>1658</strong><br />(+19 for winning)
|l|☆JotaroTheGreat
|player|p1|
|c|☆Team10thPlanett|gg
|l| 0RickMountStrong
