|j|☆claudechamp
|j|☆buyijklkm
|t:|1779851210
|gametype|singles
|player|p1|claudechamp|169|1214
|player|p2|buyijklkm|101|1208
|gen|9
|tier|[Gen 9] OU
|rated|
|rule|HP Percentage Mod: HP is shown in percentages
|rule|Endless Battle Clause: Forcing endless battles is banned
|rule|Species Clause: Limit one of each Pokémon
|rule|OHKO Clause: OHKO moves are banned
|rule|Evasion Items Clause: Evasion items are banned
|rule|Evasion Moves Clause: Evasion moves are banned
|rule|Evasion Abilities Clause: Evasion abilities are banned
|rule|Sleep Moves Clause: Sleep-inducing moves are banned
|clearpoke
|poke|p1|Corviknight, F|
|poke|p1|Ting-Lu|
|poke|p1|Kyurem|
|poke|p1|Dondozo, F|
|poke|p1|Slowking-Galar, M|
|poke|p1|Cinderace, F|
|poke|p2|Feraligatr, M|
|poke|p2|Araquanid, M|
|poke|p2|Gholdengo|
|poke|p2|Ceruledge, M|
|poke|p2|Raging Bolt|
|poke|p2|Kyurem|
|teampreview
|inactive|Battle timer is ON: inactive players will automatically lose when time's up. (requested by buyijklkm)
|c|☆claudechamp|hf
|inactive|claudechamp also wants the timer to be on.
|
|t:|1779851238
|teamsize|p1|6
|teamsize|p2|6
|start
|switch|p1a: Cinderace|Cinderace, F|100/100
|switch|p2a: Freshwater|Feraligatr, M|100/100
|turn|1
|
|t:|1779851251
|move|p1a: Cinderace|Pyro Ball|p2a: Freshwater
|-resisted|p2a: Freshwater
|-damage|p2a: Freshwater|73/100
|move|p2a: Freshwater|Liquidation|p1a: Cinderace
|-supereffective|p1a: Cinderace
|-damage|p1a: Cinderace|0 fnt
|faint|p1a: Cinderace
|
|upkeep
|
|t:|1779851256
|switch|p1a: Kyurem|Kyurem|100/100
|-ability|p1a: Kyurem|Pressure
|turn|2
|
|t:|1779851270
|move|p1a: Kyurem|Freeze-Dry|p2a: Freshwater
|-supereffective|p2a: Freshwater
|-damage|p2a: Freshwater|0 fnt
|faint|p2a: Freshwater
|
|upkeep
|
|t:|1779851291
|switch|p2a: Shimo|Kyurem|100/100
|-ability|p2a: Shimo|Pressure
|turn|3
|
|t:|1779851299
|move|p1a: Kyurem|Protect|p1a: Kyurem
|-singleturn|p1a: Kyurem|Protect
|move|p2a: Shimo|Dragon Dance|p2a: Shimo
|-boost|p2a: Shimo|atk|1
|-boost|p2a: Shimo|spe|1
|
|upkeep
|turn|4
|
|t:|1779851317
|switch|p1a: Dondozo|Dondozo, F|100/100
|move|p2a: Shimo|Scale Shot|p1a: Dondozo
|-damage|p1a: Dondozo|93/100
|-damage|p1a: Dondozo|85/100
|-damage|p1a: Dondozo|77/100
|-damage|p1a: Dondozo|68/100
|-hitcount|p1a: Dondozo|4
|-unboost|p2a: Shimo|def|1
|-boost|p2a: Shimo|spe|1
|
|-heal|p1a: Dondozo|74/100|[from] item: Leftovers
|upkeep
|turn|5
|
|t:|1779851328
|switch|p2a: Zeus|Raging Bolt|100/100
|-enditem|p2a: Zeus|Booster Energy
|-activate|p2a: Zeus|ability: Protosynthesis|[fromitem]
|-start|p2a: Zeus|protosynthesisspa
|move|p1a: Dondozo|Body Press|p2a: Zeus
|-damage|p2a: Zeus|81/100
|
|-heal|p1a: Dondozo|81/100|[from] item: Leftovers
|upkeep
|turn|6
|
|t:|1779851336
|switch|p1a: Ting-Lu|Ting-Lu|100/100
|-ability|p1a: Ting-Lu|Vessel of Ruin
|move|p2a: Zeus|Draco Meteor|p1a: Ting-Lu
|-damage|p1a: Ting-Lu|61/100
|-unboost|p2a: Zeus|spa|2
|
|-heal|p1a: Ting-Lu|67/100|[from] item: Leftovers
|upkeep
|turn|7
|
|t:|1779851341
|-end|p2a: Zeus|Protosynthesis|[silent]
|switch|p2a: Goldylocks|Gholdengo|100/100
|-item|p2a: Goldylocks|Air Balloon
|move|p1a: Ting-Lu|Earthquake|p2a: Goldylocks
|-immune|p2a: Goldylocks
|
|-heal|p1a: Ting-Lu|73/100|[from] item: Leftovers
|upkeep
|turn|8
|
|t:|1779851356
|move|p2a: Goldylocks|Nasty Plot|p2a: Goldylocks
|-boost|p2a: Goldylocks|spa|2
|move|p1a: Ting-Lu|Payback|p2a: Goldylocks
|-supereffective|p2a: Goldylocks
|-crit|p2a: Goldylocks
|-damage|p2a: Goldylocks|0 fnt
|-enditem|p2a: Goldylocks|Air Balloon
|faint|p2a: Goldylocks
|
|-heal|p1a: Ting-Lu|79/100|[from] item: Leftovers
|upkeep
|
|t:|1779851362
|switch|p2a: Dewdrop|Araquanid, M|100/100
|turn|9
|
|t:|1779851370
|move|p1a: Ting-Lu|Earthquake|p2a: Dewdrop
|-resisted|p2a: Dewdrop
|-damage|p2a: Dewdrop|81/100
|move|p2a: Dewdrop|Sticky Web|p1a: Ting-Lu
|-sidestart|p1: claudechamp|move: Sticky Web
|
|-heal|p1a: Ting-Lu|86/100|[from] item: Leftovers
|upkeep
|turn|10
|
|t:|1779851390
|switch|p2a: Shimo|Kyurem|100/100
|-ability|p2a: Shimo|Pressure
|move|p1a: Ting-Lu|Earthquake|p2a: Shimo
|-damage|p2a: Shimo|65/100
|
|-heal|p1a: Ting-Lu|92/100|[from] item: Leftovers
|upkeep
|turn|11
|
|t:|1779851401
|-terastallize|p1a: Ting-Lu|Water
|move|p2a: Shimo|Dragon Dance|p2a: Shimo
|-boost|p2a: Shimo|atk|1
|-boost|p2a: Shimo|spe|1
|move|p1a: Ting-Lu|Earthquake|p2a: Shimo
|-damage|p2a: Shimo|31/100
|
|-heal|p1a: Ting-Lu|98/100|[from] item: Leftovers
|upkeep
|turn|12
|
|t:|1779851417
|move|p2a: Shimo|Scale Shot|p1a: Ting-Lu
|-damage|p1a: Ting-Lu|88/100
|-crit|p1a: Ting-Lu
|-damage|p1a: Ting-Lu|73/100
|-damage|p1a: Ting-Lu|62/100
|-damage|p1a: Ting-Lu|51/100
|-damage|p1a: Ting-Lu|40/100
|-hitcount|p1a: Ting-Lu|5
|-unboost|p2a: Shimo|def|1
|-boost|p2a: Shimo|spe|1
|move|p1a: Ting-Lu|Payback|p2a: Shimo
|-damage|p2a: Shimo|0 fnt
|faint|p2a: Shimo
|
|-heal|p1a: Ting-Lu|46/100|[from] item: Leftovers
|upkeep
|
|t:|1779851428
|switch|p2a: Hellblade|Ceruledge, M|100/100
|turn|13
|
|t:|1779851431
|move|p2a: Hellblade|Swords Dance|p2a: Hellblade
|-boost|p2a: Hellblade|atk|2
|move|p1a: Ting-Lu|Earthquake|p2a: Hellblade
|-supereffective|p2a: Hellblade
|-damage|p2a: Hellblade|4/100
|-ability|p2a: Hellblade|Weak Armor|boost
|-unboost|p2a: Hellblade|def|1
|-boost|p2a: Hellblade|spe|2
|
|-heal|p1a: Ting-Lu|52/100|[from] item: Leftovers
|upkeep
|turn|14
|
|t:|1779851439
|move|p2a: Hellblade|Close Combat|p1a: Ting-Lu
|-damage|p1a: Ting-Lu|7/100
|-unboost|p2a: Hellblade|def|1
|-unboost|p2a: Hellblade|spd|1
|move|p1a: Ting-Lu|Earthquake|p2a: Hellblade
|-supereffective|p2a: Hellblade
|-damage|p2a: Hellblade|0 fnt
|faint|p2a: Hellblade
|
|-heal|p1a: Ting-Lu|13/100|[from] item: Leftovers
|upkeep
|c|☆buyijklkm|NO SHOT
|
|t:|1779851451
|switch|p2a: Zeus|Raging Bolt|81/100
|turn|15
|
|t:|1779851468
|-terastallize|p2a: Zeus|Fairy
|move|p2a: Zeus|Calm Mind|p2a: Zeus
|-boost|p2a: Zeus|spa|1
|-boost|p2a: Zeus|spd|1
|move|p1a: Ting-Lu|Rest|p1a: Ting-Lu
|-status|p1a: Ting-Lu|slp|[from] move: Rest
|-heal|p1a: Ting-Lu|100/100 slp|[silent]
|
|upkeep
|turn|16
|
|t:|1779851476
|move|p2a: Zeus|Calm Mind|p2a: Zeus
|-boost|p2a: Zeus|spa|1
|-boost|p2a: Zeus|spd|1
|cant|p1a: Ting-Lu|slp
|
|upkeep
|turn|17
|
|t:|1779851490
|move|p2a: Zeus|Thunderbolt|p1a: Ting-Lu
|-supereffective|p1a: Ting-Lu
|-damage|p1a: Ting-Lu|11/100 slp
|cant|p1a: Ting-Lu|slp
|
|-heal|p1a: Ting-Lu|18/100 slp|[from] item: Leftovers
|upkeep
|turn|18
|
|t:|1779851505
|switch|p1a: Slowking|Slowking-Galar, M|100/100
|-activate|p1a: Slowking|move: Sticky Web
|-unboost|p1a: Slowking|spe|1
|move|p2a: Zeus|Thunderbolt|p1a: Slowking
|-damage|p1a: Slowking|15/100
|
|upkeep
|turn|19
|
|t:|1779851523
|move|p2a: Zeus|Thunderbolt|p1a: Slowking
|-damage|p1a: Slowking|0 fnt
|faint|p1a: Slowking
|
|upkeep
|
|t:|1779851530
|switch|p1a: Kyurem|Kyurem|100/100
|-activate|p1a: Kyurem|move: Sticky Web
|-unboost|p1a: Kyurem|spe|1
|-ability|p1a: Kyurem|Pressure
|turn|20
|
|t:|1779851540
|move|p2a: Zeus|Draco Meteor|p1a: Kyurem
|-supereffective|p1a: Kyurem
|-damage|p1a: Kyurem|0 fnt
|-unboost|p2a: Zeus|spa|2
|faint|p1a: Kyurem
|
|upkeep
|
|t:|1779851554
|switch|p1a: Dondozo|Dondozo, F|81/100
|-activate|p1a: Dondozo|move: Sticky Web
|-unboost|p1a: Dondozo|spe|1
|turn|21
|inactive|claudechamp has 120 seconds left.
|
|t:|1779851570
|move|p2a: Zeus|Calm Mind|p2a: Zeus
|-boost|p2a: Zeus|spa|1
|-boost|p2a: Zeus|spd|1
|move|p1a: Dondozo|Waterfall|p2a: Zeus
|-damage|p2a: Zeus|54/100
|
|-heal|p1a: Dondozo|87/100|[from] item: Leftovers
|upkeep
|turn|22
|inactive|claudechamp has 120 seconds left.
|
|t:|1779851581
|move|p2a: Zeus|Thunderbolt|p1a: Dondozo
|-supereffective|p1a: Dondozo
|-damage|p1a: Dondozo|21/100
|move|p1a: Dondozo|Waterfall|p2a: Zeus
|-damage|p2a: Zeus|30/100
|
|-heal|p1a: Dondozo|27/100|[from] item: Leftovers
|upkeep
|turn|23
|
|t:|1779851589
|switch|p1a: Corviknight|Corviknight, F|100/100
|-ability|p1a: Corviknight|Pressure
|move|p2a: Zeus|Thunderbolt|p1a: Corviknight
|-supereffective|p1a: Corviknight
|-damage|p1a: Corviknight|0 fnt
|faint|p1a: Corviknight
|
|upkeep
|inactive|claudechamp has 120 seconds left.
|
|t:|1779851601
|switch|p1a: Dondozo|Dondozo, F|27/100
|-activate|p1a: Dondozo|move: Sticky Web
|-unboost|p1a: Dondozo|spe|1
|turn|24
|inactive|claudechamp has 120 seconds left.
|
|t:|1779851612
|switch|p1a: Ting-Lu|Ting-Lu, tera:Water|18/100 slp
|-activate|p1a: Ting-Lu|move: Sticky Web
|-unboost|p1a: Ting-Lu|spe|1
|-ability|p1a: Ting-Lu|Vessel of Ruin
|move|p2a: Zeus|Thunderbolt|p1a: Ting-Lu
|-supereffective|p1a: Ting-Lu
|-damage|p1a: Ting-Lu|0 fnt
|faint|p1a: Ting-Lu
|
|upkeep
|inactive|claudechamp has 120 seconds left.
|
|t:|1779851623
|switch|p1a: Dondozo|Dondozo, F|27/100
|-activate|p1a: Dondozo|move: Sticky Web
|-unboost|p1a: Dondozo|spe|1
|turn|25
|inactive|claudechamp has 120 seconds left.
|
|t:|1779851634
|move|p2a: Zeus|Thunderbolt|p1a: Dondozo
|-supereffective|p1a: Dondozo
|-damage|p1a: Dondozo|0 fnt
|faint|p1a: Dondozo
|
|win|buyijklkm
|raw|claudechamp's rating: 1194 &rarr; <strong>1170</strong><br />(-24 for losing)
|raw|buyijklkm's rating: 1208 &rarr; <strong>1232</strong><br />(+24 for winning)
|c|☆buyijklkm|Gg
|l|☆buyijklkm
|player|p2|
|c|☆claudechamp|gg
