|j|☆drknoc4
|j|☆estoespokemonpapa
|t:|1779887516
|gametype|singles
|player|p1|drknoc4|roxie|1057
|player|p2|estoespokemonpapa|ghetsis-gen5bw|1112
|gen|9
|tier|[Gen 9] OU
|rated|
|rule|HP Percentage Mod: HP is shown in percentages
|rule|Endless Battle Clause: Forcing endless battles is banned
|rule|Species Clause: Limit one of each Pokémon
|rule|OHKO Clause: OHKO moves are banned
|rule|Evasion Items Clause: Evasion items are banned
|rule|Evasion Moves Clause: Evasion moves are banned
|rule|Evasion Abilities Clause: Evasion abilities are banned
|rule|Sleep Moves Clause: Sleep-inducing moves are banned
|clearpoke
|poke|p1|Meloetta|
|poke|p1|Espeon, M|
|poke|p1|Sylveon, F|
|poke|p1|Hoopa|
|poke|p1|Avalugg, M|
|poke|p1|Decidueye, M|
|poke|p2|Dondozo, F|
|poke|p2|Blissey, F|
|poke|p2|Gliscor, F|
|poke|p2|Garganacl, F|
|poke|p2|Corviknight, M|
|poke|p2|Gholdengo|
|teampreview
|
|t:|1779887528
|teamsize|p1|6
|teamsize|p2|6
|start
|switch|p1a: Meloetta|Meloetta|100/100
|switch|p2a: Gliscor|Gliscor, F|100/100
|turn|1
|
|t:|1779887536
|move|p1a: Meloetta|Relic Song|p2a: Gliscor
|-damage|p2a: Gliscor|59/100
|-formechange|p1a: Meloetta|Meloetta-Pirouette|[msg]
|-damage|p1a: Meloetta|91/100|[from] item: Life Orb
|move|p2a: Gliscor|Spikes|p1a: Meloetta
|-sidestart|p1: drknoc4|Spikes
|
|-status|p2a: Gliscor|tox|[from] item: Toxic Orb
|upkeep
|turn|2
|
|t:|1779887548
|move|p1a: Meloetta|Metronome|p1a: Meloetta
|move|p1a: Meloetta|Torment|p2a: Gliscor|[from] move: Metronome
|-start|p2a: Gliscor|Torment
|move|p2a: Gliscor|Toxic|p1a: Meloetta
|-status|p1a: Meloetta|tox
|
|-damage|p1a: Meloetta|84/100 tox|[from] psn
|-heal|p2a: Gliscor|72/100 tox|[from] ability: Poison Heal
|upkeep
|turn|3
|
|t:|1779887557
|move|p2a: Gliscor|Protect|p2a: Gliscor
|-singleturn|p2a: Gliscor|Protect
|move|p1a: Meloetta|Metronome|p1a: Meloetta
|move|p1a: Meloetta|Teeter Dance|p2a: Gliscor|[from] move: Metronome
|-activate|p2a: Gliscor|move: Protect
|
|-damage|p1a: Meloetta|72/100 tox|[from] psn
|-heal|p2a: Gliscor|84/100 tox|[from] ability: Poison Heal
|upkeep
|turn|4
|
|t:|1779887568
|move|p1a: Meloetta|Metronome|p1a: Meloetta
|move|p1a: Meloetta|Spin Out|p2a: Gliscor|[from] move: Metronome
|-damage|p2a: Gliscor|53/100 tox
|-unboost|p1a: Meloetta|spe|2
|-damage|p1a: Meloetta|62/100 tox|[from] item: Life Orb
|move|p2a: Gliscor|Spikes|p1a: Meloetta
|-sidestart|p1: drknoc4|Spikes
|
|-heal|p2a: Gliscor|65/100 tox|[from] ability: Poison Heal
|-damage|p1a: Meloetta|44/100 tox|[from] psn
|upkeep
|turn|5
|
|t:|1779887578
|move|p2a: Gliscor|Protect|p2a: Gliscor
|-singleturn|p2a: Gliscor|Protect
|move|p1a: Meloetta|Metronome|p1a: Meloetta
|move|p1a: Meloetta|Mud-Slap|p2a: Gliscor|[from] move: Metronome
|-activate|p2a: Gliscor|move: Protect
|
|-heal|p2a: Gliscor|78/100 tox|[from] ability: Poison Heal
|-damage|p1a: Meloetta|19/100 tox|[from] psn
|upkeep
|turn|6
|
|t:|1779887591
|move|p2a: Gliscor|Spikes|p1a: Meloetta
|-sidestart|p1: drknoc4|Spikes
|move|p1a: Meloetta|Metronome|p1a: Meloetta
|move|p1a: Meloetta|Icy Wind|p2a: Gliscor|[from] move: Metronome
|-supereffective|p2a: Gliscor
|-damage|p2a: Gliscor|8/100 tox
|-unboost|p2a: Gliscor|spe|1
|-damage|p1a: Meloetta|9/100 tox|[from] item: Life Orb
|
|-damage|p1a: Meloetta|0 fnt|[from] psn
|faint|p1a: Meloetta
|-heal|p2a: Gliscor|21/100 tox|[from] ability: Poison Heal
|upkeep
|
|t:|1779887601
|switch|p1a: Espeon|Espeon, M|100/100
|-damage|p1a: Espeon|76/100|[from] Spikes
|turn|7
|
|t:|1779887609
|move|p2a: Gliscor|Protect|p2a: Gliscor
|-singleturn|p2a: Gliscor|Protect
|move|p1a: Espeon|Psychic|p2a: Gliscor
|-activate|p2a: Gliscor|move: Protect
|
|-heal|p1a: Espeon|82/100|[from] item: Leftovers
|-heal|p2a: Gliscor|33/100 tox|[from] ability: Poison Heal
|upkeep
|turn|8
|
|t:|1779887617
|move|p1a: Espeon|Psychic|p2a: Gliscor
|-damage|p2a: Gliscor|0 fnt
|faint|p2a: Gliscor
|
|-heal|p1a: Espeon|88/100|[from] item: Leftovers
|upkeep
|
|t:|1779887624
|switch|p2a: Blissey|Blissey, F|100/100
|turn|9
|
|t:|1779887632
|switch|p1a: Avalugg|Avalugg, M|100/100
|-damage|p1a: Avalugg|76/100|[from] Spikes
|move|p2a: Blissey|Thunder Wave|p1a: Avalugg
|-status|p1a: Avalugg|par
|
|upkeep
|turn|10
|
|t:|1779887639
|move|p2a: Blissey|Seismic Toss|p1a: Avalugg
|-damage|p1a: Avalugg|50/100 par
|cant|p1a: Avalugg|par
|
|upkeep
|turn|11
|
|t:|1779887645
|move|p2a: Blissey|Seismic Toss|p1a: Avalugg
|-damage|p1a: Avalugg|25/100 par
|move|p1a: Avalugg|Gyro Ball|p2a: Blissey
|-damage|p2a: Blissey|60/100
|
|upkeep
|turn|12
|
|t:|1779887650
|move|p2a: Blissey|Seismic Toss|p1a: Avalugg
|-damage|p1a: Avalugg|0 fnt
|faint|p1a: Avalugg
|
|upkeep
|
|t:|1779887654
|switch|p1a: Decidueye|Decidueye, M|100/100
|-damage|p1a: Decidueye|76/100|[from] Spikes
|turn|13
|
|t:|1779887660
|move|p1a: Decidueye|Swords Dance|p1a: Decidueye
|-boost|p1a: Decidueye|atk|2
|move|p2a: Blissey|Thunder Wave|p1a: Decidueye
|-status|p1a: Decidueye|par
|
|-heal|p1a: Decidueye|82/100 par|[from] item: Leftovers
|upkeep
|turn|14
|
|t:|1779887675
|switch|p2a: Corviknight|Corviknight, M|100/100
|-ability|p2a: Corviknight|Pressure
|move|p1a: Decidueye|Sucker Punch||[still]
|-fail|p1a: Decidueye
|
|-heal|p1a: Decidueye|88/100 par|[from] item: Leftovers
|upkeep
|turn|15
|
|t:|1779887685
|move|p2a: Corviknight|U-turn|p1a: Decidueye
|-damage|p1a: Decidueye|70/100 par
|
|t:|1779887697
|switch|p2a: Gholdengo|Gholdengo|100/100|[from] U-turn
|-item|p2a: Gholdengo|Air Balloon
|move|p1a: Decidueye|Spirit Shackle|p2a: Gholdengo
|-supereffective|p2a: Gholdengo
|-damage|p2a: Gholdengo|0 fnt
|-enditem|p2a: Gholdengo|Air Balloon
|faint|p2a: Gholdengo
|
|-heal|p1a: Decidueye|76/100 par|[from] item: Leftovers
|upkeep
|
|t:|1779887704
|switch|p2a: Corviknight|Corviknight, M|100/100
|-ability|p2a: Corviknight|Pressure
|turn|16
|
|t:|1779887709
|move|p2a: Corviknight|U-turn|p1a: Decidueye
|-damage|p1a: Decidueye|60/100 par
|
|t:|1779887715
|switch|p2a: Garganacl|Garganacl, F|100/100|[from] U-turn
|move|p1a: Decidueye|Spirit Shackle|p2a: Garganacl
|-damage|p2a: Garganacl|75/100
|-activate|p2a: Garganacl|trapped
|
|-heal|p2a: Garganacl|81/100|[from] item: Leftovers
|-heal|p1a: Decidueye|66/100 par|[from] item: Leftovers
|upkeep
|turn|17
|
|t:|1779887722
|move|p2a: Garganacl|Iron Defense|p2a: Garganacl
|-boost|p2a: Garganacl|def|2
|move|p1a: Decidueye|Leaf Blade|p2a: Garganacl
|-supereffective|p2a: Garganacl
|-damage|p2a: Garganacl|15/100
|
|-heal|p2a: Garganacl|22/100|[from] item: Leftovers
|-heal|p1a: Decidueye|72/100 par|[from] item: Leftovers
|upkeep
|turn|18
|
|t:|1779887732
|move|p2a: Garganacl|Recover|p2a: Garganacl
|-heal|p2a: Garganacl|72/100
|move|p1a: Decidueye|Leaf Blade|p2a: Garganacl
|-supereffective|p2a: Garganacl
|-damage|p2a: Garganacl|7/100
|
|-heal|p2a: Garganacl|13/100|[from] item: Leftovers
|-heal|p1a: Decidueye|78/100 par|[from] item: Leftovers
|upkeep
|turn|19
|
|t:|1779887750
|-terastallize|p2a: Garganacl|Water
|move|p2a: Garganacl|Recover|p2a: Garganacl
|-heal|p2a: Garganacl|63/100
|move|p1a: Decidueye|Leaf Blade|p2a: Garganacl
|-supereffective|p2a: Garganacl
|-damage|p2a: Garganacl|0 fnt
|faint|p2a: Garganacl
|
|-heal|p1a: Decidueye|85/100 par|[from] item: Leftovers
|upkeep
|-message|estoespokemonpapa forfeited.
|
|win|drknoc4
|raw|drknoc4's rating: 1057 &rarr; <strong>1093</strong><br />(+36 for winning)
|raw|estoespokemonpapa's rating: 1112 &rarr; <strong>1083</strong><br />(-29 for losing)
|l|☆estoespokemonpapa
|player|p2|
|l|☆drknoc4
|player|p1|
