|j|☆kopv18
|j|☆evil teto
|t:|1779900851
|gametype|singles
|player|p1|kopv18|bugcatcher-gen4dp|1533
|player|p2|evil teto|backersf|1525
|gen|9
|tier|[Gen 9] OU
|rated|
|rule|HP Percentage Mod: HP is shown in percentages
|rule|Endless Battle Clause: Forcing endless battles is banned
|rule|Species Clause: Limit one of each Pokémon
|rule|OHKO Clause: OHKO moves are banned
|rule|Evasion Items Clause: Evasion items are banned
|rule|Evasion Moves Clause: Evasion moves are banned
|rule|Evasion Abilities Clause: Evasion abilities are banned
|rule|Sleep Moves Clause: Sleep-inducing moves are banned
|clearpoke
|poke|p1|Hatterene, F|
|poke|p1|Rabsca, M|
|poke|p1|Walking Wake|
|poke|p1|Torkoal, M|
|poke|p1|Tornadus-Therian, M|
|poke|p1|Great Tusk|
|poke|p2|Sandy Shocks|
|poke|p2|Raging Bolt|
|poke|p2|Corviknight, F|
|poke|p2|Ogerpon-Wellspring, F|
|poke|p2|Iron Moth|
|poke|p2|Slither Wing|
|teampreview
|
|t:|1779900858
|teamsize|p1|6
|teamsize|p2|6
|start
|switch|p1a: Torkoal|Torkoal, M|100/100
|switch|p2a: the plot is lost|Sandy Shocks|100/100
|-weather|SunnyDay|[from] ability: Drought|[of] p1a: Torkoal
|-activate|p2a: the plot is lost|ability: Protosynthesis
|-start|p2a: the plot is lost|protosynthesisspe
|turn|1
|j| Monkey D MinMin
|
|t:|1779900880
|switch|p1a: Tornadus|Tornadus-Therian, M|100/100
|move|p2a: the plot is lost|Volt Switch|p1a: Tornadus
|-supereffective|p1a: Tornadus
|-damage|p1a: Tornadus|54/100
|
|t:|1779900889
|-end|p2a: the plot is lost|Protosynthesis|[silent]
|switch|p2a: planet waves|Raging Bolt|100/100|[from] Volt Switch
|-activate|p2a: planet waves|ability: Protosynthesis
|-start|p2a: planet waves|protosynthesisspa
|
|-weather|SunnyDay|[upkeep]
|upkeep
|turn|2
|
|t:|1779900893
|move|p1a: Tornadus|U-turn|p2a: planet waves
|-damage|p2a: planet waves|86/100
|
|t:|1779900895
|switch|p1a: Hatterene|Hatterene, F|100/100|[from] U-turn
|move|p2a: planet waves|Draco Meteor|p1a: Hatterene
|-immune|p1a: Hatterene
|
|-weather|SunnyDay|[upkeep]
|upkeep
|turn|3
|
|t:|1779900907
|-end|p2a: planet waves|Protosynthesis|[silent]
|switch|p2a: the plot is lost|Sandy Shocks|100/100
|-activate|p2a: the plot is lost|ability: Protosynthesis
|-start|p2a: the plot is lost|protosynthesisspe
|move|p1a: Hatterene|Trick Room|p1a: Hatterene
|-fieldstart|move: Trick Room|[of] p1a: Hatterene
|
|-weather|SunnyDay|[upkeep]
|upkeep
|turn|4
|
|t:|1779900917
|switch|p1a: Rabsca|Rabsca, M|100/100
|move|p2a: the plot is lost|Earth Power|p1a: Rabsca
|-resisted|p1a: Rabsca
|-damage|p1a: Rabsca|81/100
|
|-weather|SunnyDay|[upkeep]
|upkeep
|turn|5
|
|t:|1779900925
|move|p1a: Rabsca|Bug Buzz|p2a: the plot is lost
|-damage|p2a: the plot is lost|43/100
|-enditem|p1a: Rabsca|Throat Spray
|-boost|p1a: Rabsca|spa|1|[from] item: Throat Spray
|move|p2a: the plot is lost|Stealth Rock|p1a: Rabsca
|-sidestart|p1: kopv18|move: Stealth Rock
|
|-weather|SunnyDay|[upkeep]
|upkeep
|turn|6
|
|t:|1779900933
|-end|p2a: the plot is lost|Protosynthesis|[silent]
|switch|p2a: problematic media|Corviknight, F|100/100
|-ability|p2a: problematic media|Pressure
|move|p1a: Rabsca|Psyshock|p2a: problematic media
|-resisted|p2a: problematic media
|-damage|p2a: problematic media|82/100
|
|-weather|SunnyDay|[upkeep]
|upkeep
|turn|7
|
|t:|1779900939
|move|p1a: Rabsca|Weather Ball|p2a: problematic media
|-supereffective|p2a: problematic media
|-damage|p2a: problematic media|0 fnt
|faint|p2a: problematic media
|
|-weather|SunnyDay|[upkeep]
|-fieldend|move: Trick Room
|upkeep
|
|t:|1779900946
|switch|p2a: generative AI slop|Iron Moth|100/100
|-enditem|p2a: generative AI slop|Booster Energy
|-activate|p2a: generative AI slop|ability: Quark Drive|[fromitem]
|-start|p2a: generative AI slop|quarkdrivespe
|turn|8
|
|t:|1779900952
|move|p2a: generative AI slop|Fiery Dance|p1a: Rabsca
|-supereffective|p1a: Rabsca
|-damage|p1a: Rabsca|0 fnt
|faint|p1a: Rabsca
|
|-weather|none
|upkeep
|
|t:|1779900981
|switch|p1a: Walking Wake|Walking Wake|100/100
|-damage|p1a: Walking Wake|88/100|[from] Stealth Rock
|turn|9
|
|t:|1779900988
|move|p2a: generative AI slop|Dazzling Gleam|p1a: Walking Wake
|-supereffective|p1a: Walking Wake
|-damage|p1a: Walking Wake|20/100
|move|p1a: Walking Wake|Hydro Steam|p2a: generative AI slop
|-supereffective|p2a: generative AI slop
|-damage|p2a: generative AI slop|0 fnt
|faint|p2a: generative AI slop
|-end|p2a: generative AI slop|Quark Drive|[silent]
|
|upkeep
|
|t:|1779900995
|switch|p2a: wokerpon|Ogerpon-Wellspring, F|100/100
|turn|10
|
|t:|1779901000
|-end|p1a: Walking Wake|Protosynthesis|[silent]
|switch|p1a: Torkoal|Torkoal, M|100/100
|-damage|p1a: Torkoal|76/100|[from] Stealth Rock
|-weather|SunnyDay|[from] ability: Drought|[of] p1a: Torkoal
|move|p2a: wokerpon|Play Rough|p1a: Torkoal
|-resisted|p1a: Torkoal
|-damage|p1a: Torkoal|63/100
|
|-weather|SunnyDay|[upkeep]
|upkeep
|turn|11
|
|t:|1779901008
|switch|p2a: planet waves|Raging Bolt|86/100
|-activate|p2a: planet waves|ability: Protosynthesis
|-start|p2a: planet waves|protosynthesisspa
|switch|p1a: Great Tusk|Great Tusk|100/100
|-damage|p1a: Great Tusk|98/100|[from] Stealth Rock
|-activate|p1a: Great Tusk|ability: Protosynthesis
|-start|p1a: Great Tusk|protosynthesisspe
|
|-weather|SunnyDay|[upkeep]
|-heal|p1a: Great Tusk|100/100|[from] item: Leftovers
|upkeep
|turn|12
|
|t:|1779901015
|-terastallize|p2a: planet waves|Fairy
|move|p1a: Great Tusk|Rapid Spin|p2a: planet waves
|-damage|p2a: planet waves|72/100
|-boost|p1a: Great Tusk|spe|1
|-sideend|p1: kopv18|Stealth Rock|[from] move: Rapid Spin|[of] p1a: Great Tusk
|move|p2a: planet waves|Draco Meteor|p1a: Great Tusk
|-damage|p1a: Great Tusk|0 fnt
|-unboost|p2a: planet waves|spa|2
|faint|p1a: Great Tusk
|-end|p1a: Great Tusk|Protosynthesis|[silent]
|
|-weather|SunnyDay|[upkeep]
|upkeep
|j| Lowladderubersnoob
|
|t:|1779901040
|switch|p1a: Hatterene|Hatterene, F|100/100
|turn|13
|
|t:|1779901049
|-end|p2a: planet waves|Protosynthesis|[silent]
|switch|p2a: knockout fujiki|Slither Wing|100/100
|-activate|p2a: knockout fujiki|ability: Protosynthesis
|-start|p2a: knockout fujiki|protosynthesisatk
|move|p1a: Hatterene|Psychic Noise|p2a: knockout fujiki
|-supereffective|p2a: knockout fujiki
|-damage|p2a: knockout fujiki|36/100
|-start|p2a: knockout fujiki|move: Heal Block
|
|-weather|SunnyDay|[upkeep]
|upkeep
|turn|14
|
|t:|1779901057
|move|p2a: knockout fujiki|U-turn|p1a: Hatterene
|-damage|p1a: Hatterene|58/100
|
|t:|1779901065
|-end|p2a: knockout fujiki|Protosynthesis|[silent]
|switch|p2a: the plot is lost|Sandy Shocks|43/100|[from] U-turn
|-activate|p2a: the plot is lost|ability: Protosynthesis
|-start|p2a: the plot is lost|protosynthesisspe
|move|p1a: Hatterene|Draining Kiss|p2a: the plot is lost
|-damage|p2a: the plot is lost|13/100
|-heal|p1a: Hatterene|80/100|[from] drain|[of] p2a: the plot is lost
|
|-weather|SunnyDay|[upkeep]
|-heal|p1a: Hatterene|86/100|[from] item: Leftovers
|upkeep
|turn|15
|
|t:|1779901074
|move|p2a: the plot is lost|Volt Switch|p1a: Hatterene
|-damage|p1a: Hatterene|52/100
|
|t:|1779901079
|-end|p2a: the plot is lost|Protosynthesis|[silent]
|switch|p2a: planet waves|Raging Bolt, tera:Fairy|72/100|[from] Volt Switch
|-activate|p2a: planet waves|ability: Protosynthesis
|-start|p2a: planet waves|protosynthesisspa
|move|p1a: Hatterene|Draining Kiss|p2a: planet waves
|-damage|p2a: planet waves|49/100
|-heal|p1a: Hatterene|73/100|[from] drain|[of] p2a: planet waves
|
|-weather|SunnyDay|[upkeep]
|-heal|p1a: Hatterene|79/100|[from] item: Leftovers
|upkeep
|turn|16
|
|t:|1779901087
|move|p2a: planet waves|Thunderbolt|p1a: Hatterene
|-damage|p1a: Hatterene|0 fnt
|faint|p1a: Hatterene
|
|-weather|SunnyDay|[upkeep]
|upkeep
|
|t:|1779901090
|switch|p1a: Walking Wake|Walking Wake|20/100
|-activate|p1a: Walking Wake|ability: Protosynthesis
|-start|p1a: Walking Wake|protosynthesisspe
|turn|17
|
|t:|1779901101
|-end|p2a: planet waves|Protosynthesis|[silent]
|switch|p2a: the plot is lost|Sandy Shocks|13/100
|-activate|p2a: the plot is lost|ability: Protosynthesis
|-start|p2a: the plot is lost|protosynthesisspe
|move|p1a: Walking Wake|Flamethrower|p2a: the plot is lost
|-damage|p2a: the plot is lost|0 fnt
|faint|p2a: the plot is lost
|-end|p2a: the plot is lost|Protosynthesis|[silent]
|
|-weather|none
|-end|p1a: Walking Wake|Protosynthesis
|upkeep
|
|t:|1779901118
|switch|p2a: knockout fujiki|Slither Wing|36/100
|turn|18
|
|t:|1779901121
|move|p1a: Walking Wake|Flamethrower|p2a: knockout fujiki
|-supereffective|p2a: knockout fujiki
|-damage|p2a: knockout fujiki|0 fnt
|faint|p2a: knockout fujiki
|-end|p2a: knockout fujiki|Protosynthesis|[silent]
|
|upkeep
|
|t:|1779901124
|switch|p2a: wokerpon|Ogerpon-Wellspring, F|100/100
|turn|19
|
|t:|1779901151
|move|p2a: wokerpon|Swords Dance|p2a: wokerpon
|-boost|p2a: wokerpon|atk|2
|move|p1a: Walking Wake|Flamethrower|p2a: wokerpon
|-damage|p2a: wokerpon|47/100
|
|upkeep
|turn|20
|
|t:|1779901165
|-end|p1a: Walking Wake|Protosynthesis|[silent]
|switch|p1a: Torkoal|Torkoal, M|63/100
|-weather|SunnyDay|[from] ability: Drought|[of] p1a: Torkoal
|move|p2a: wokerpon|Ivy Cudgel|p1a: Torkoal|[anim] Ivy Cudgel Water
|-supereffective|p1a: Torkoal
|-damage|p1a: Torkoal|0 fnt
|faint|p1a: Torkoal
|
|-weather|SunnyDay|[upkeep]
|upkeep
|
|t:|1779901184
|switch|p1a: Walking Wake|Walking Wake|20/100
|-activate|p1a: Walking Wake|ability: Protosynthesis
|-start|p1a: Walking Wake|protosynthesisspe
|turn|21
|
|t:|1779901187
|move|p1a: Walking Wake|Flamethrower|p2a: wokerpon
|-damage|p2a: wokerpon|0 fnt
|faint|p2a: wokerpon
|
|-weather|SunnyDay|[upkeep]
|upkeep
|
|t:|1779901190
|switch|p2a: planet waves|Raging Bolt, tera:Fairy|49/100
|-activate|p2a: planet waves|ability: Protosynthesis
|-start|p2a: planet waves|protosynthesisspa
|turn|22
|
|t:|1779901194
|-end|p1a: Walking Wake|Protosynthesis|[silent]
|switch|p1a: Tornadus|Tornadus-Therian, M|87/100
|move|p2a: planet waves|Thunderclap||[still]
|-fail|p2a: planet waves
|
|-weather|SunnyDay|[upkeep]
|upkeep
|turn|23
|
|t:|1779901199
|switch|p1a: Walking Wake|Walking Wake|20/100
|-activate|p1a: Walking Wake|ability: Protosynthesis
|-start|p1a: Walking Wake|protosynthesisspe
|move|p2a: planet waves|Thunderclap||[still]
|-fail|p2a: planet waves
|
|-weather|SunnyDay|[upkeep]
|upkeep
|turn|24
|
|t:|1779901200
|-end|p1a: Walking Wake|Protosynthesis|[silent]
|switch|p1a: Tornadus|Tornadus-Therian, M|100/100
|move|p2a: planet waves|Thunderclap||[still]
|-fail|p2a: planet waves
|
|-weather|SunnyDay|[upkeep]
|upkeep
|turn|25
|
|t:|1779901202
|switch|p1a: Walking Wake|Walking Wake|20/100
|-activate|p1a: Walking Wake|ability: Protosynthesis
|-start|p1a: Walking Wake|protosynthesisspe
|move|p2a: planet waves|Thunderclap||[still]
|-fail|p2a: planet waves
|
|-weather|SunnyDay|[upkeep]
|upkeep
|turn|26
|
|t:|1779901205
|-end|p1a: Walking Wake|Protosynthesis|[silent]
|switch|p1a: Tornadus|Tornadus-Therian, M|100/100
|move|p2a: planet waves|Thunderclap||[still]
|-fail|p2a: planet waves
|
|-weather|SunnyDay|[upkeep]
|upkeep
|turn|27
|-message|evil teto forfeited.
|
|win|kopv18
|raw|kopv18's rating: 1533 &rarr; <strong>1553</strong><br />(+20 for winning)
|raw|evil teto's rating: 1525 &rarr; <strong>1505</strong><br />(-20 for losing)
|l|☆evil teto
|player|p2|
|l|☆kopv18
|player|p1|
|l| Lowladderubersnoob
