|j|☆DON family
|j|☆jcrw7
|t:|1779922853
|gametype|singles
|player|p1|DON family|pokemonranger|1082
|player|p2|jcrw7|2|1099
|gen|9
|tier|[Gen 9] OU
|rated|
|rule|HP Percentage Mod: HP is shown in percentages
|rule|Endless Battle Clause: Forcing endless battles is banned
|rule|Species Clause: Limit one of each Pokémon
|rule|OHKO Clause: OHKO moves are banned
|rule|Evasion Items Clause: Evasion items are banned
|rule|Evasion Moves Clause: Evasion moves are banned
|rule|Evasion Abilities Clause: Evasion abilities are banned
|rule|Sleep Moves Clause: Sleep-inducing moves are banned
|clearpoke
|poke|p1|Pawniard, F|
|poke|p1|Bisharp, F|
|poke|p1|Kingambit, M|
|poke|p1|Pecharunt|
|poke|p1|Latias, F|
|poke|p1|Gholdengo|
|poke|p2|Gholdengo|
|poke|p2|Charizard, F|
|poke|p2|Azumarill, M|
|poke|p2|Garganacl, F|
|poke|p2|Dragonite, M|
|poke|p2|Great Tusk|
|teampreview
|
|t:|1779922883
|teamsize|p1|6
|teamsize|p2|6
|start
|switch|p1a: Pawniard|Pawniard, F|100/100
|switch|p2a: Gholdengo|Gholdengo|100/100
|turn|1
|
|t:|1779922896
|move|p2a: Gholdengo|Make It Rain|p1a: Pawniard
|-resisted|p1a: Pawniard
|-enditem|p1a: Pawniard|Focus Sash
|-damage|p1a: Pawniard|1/100
|-unboost|p2a: Gholdengo|spa|1
|-damage|p2a: Gholdengo|91/100|[from] item: Life Orb
|move|p1a: Pawniard|Stealth Rock|p2a: Gholdengo
|-sidestart|p2: jcrw7|move: Stealth Rock
|
|upkeep
|turn|2
|
|t:|1779922908
|move|p1a: Pawniard|Sucker Punch|p2a: Gholdengo
|-supereffective|p2a: Gholdengo
|-damage|p2a: Gholdengo|29/100
|move|p2a: Gholdengo|Low Kick|p1a: Pawniard
|-supereffective|p1a: Pawniard
|-damage|p1a: Pawniard|0 fnt
|faint|p1a: Pawniard
|-damage|p2a: Gholdengo|19/100|[from] item: Life Orb
|
|upkeep
|
|t:|1779922912
|switch|p1a: Latias|Latias, F|100/100
|turn|3
|
|t:|1779922933
|move|p1a: Latias|Agility|p1a: Latias
|-boost|p1a: Latias|spe|2
|move|p2a: Gholdengo|Make It Rain|p1a: Latias
|-damage|p1a: Latias|54/100
|-unboost|p2a: Gholdengo|spa|1
|-damage|p2a: Gholdengo|10/100|[from] item: Life Orb
|
|upkeep
|turn|4
|
|t:|1779922943
|move|p1a: Latias|Calm Mind|p1a: Latias
|-boost|p1a: Latias|spa|1
|-boost|p1a: Latias|spd|1
|move|p2a: Gholdengo|Poltergeist|p1a: Latias
|-activate|p1a: Latias|move: Poltergeist|Weakness Policy
|-supereffective|p1a: Latias
|-damage|p1a: Latias|2/100
|-enditem|p1a: Latias|Weakness Policy
|-boost|p1a: Latias|atk|2|[from] item: Weakness Policy
|-boost|p1a: Latias|spa|2|[from] item: Weakness Policy
|-damage|p2a: Gholdengo|0 fnt|[from] item: Life Orb
|faint|p2a: Gholdengo
|
|upkeep
|
|t:|1779922957
|switch|p2a: Ancient ele|Great Tusk, shiny|100/100
|-damage|p2a: Ancient ele|98/100|[from] Stealth Rock
|-enditem|p2a: Ancient ele|Booster Energy
|-activate|p2a: Ancient ele|ability: Protosynthesis|[fromitem]
|-start|p2a: Ancient ele|protosynthesisdef
|turn|5
|
|t:|1779922970
|-terastallize|p1a: Latias|Fairy
|move|p1a: Latias|Draining Kiss|p2a: Ancient ele
|-supereffective|p2a: Ancient ele
|-damage|p2a: Ancient ele|0 fnt
|-heal|p1a: Latias|89/100|[from] drain|[of] p2a: Ancient ele
|faint|p2a: Ancient ele
|-end|p2a: Ancient ele|Protosynthesis|[silent]
|
|upkeep
|
|t:|1779922978
|switch|p2a: Kitty Pool|Azumarill, M, shiny|100/100
|-damage|p2a: Kitty Pool|88/100|[from] Stealth Rock
|turn|6
|
|t:|1779922990
|move|p1a: Latias|Stored Power|p2a: Kitty Pool
|-damage|p2a: Kitty Pool|0 fnt
|faint|p2a: Kitty Pool
|
|upkeep
|
|t:|1779922995
|switch|p2a: Salt Gun|Garganacl, F|100/100
|-damage|p2a: Salt Gun|88/100|[from] Stealth Rock
|turn|7
|
|t:|1779923002
|move|p1a: Latias|Stored Power|p2a: Salt Gun
|-damage|p2a: Salt Gun|0 fnt
|faint|p2a: Salt Gun
|
|upkeep
|
|t:|1779923007
|switch|p2a: False|Charizard, F, shiny|100/100
|-damage|p2a: False|50/100|[from] Stealth Rock
|turn|8
|
|t:|1779923013
|move|p1a: Latias|Stored Power|p2a: False
|-damage|p2a: False|0 fnt
|faint|p2a: False
|
|upkeep
|
|t:|1779923019
|switch|p2a: Dragon flame|Dragonite, M, shiny|100/100
|-damage|p2a: Dragon flame|76/100|[from] Stealth Rock
|turn|9
|
|t:|1779923025
|move|p1a: Latias|Stored Power|p2a: Dragon flame
|-damage|p2a: Dragon flame|0 fnt
|faint|p2a: Dragon flame
|
|win|DON family
|raw|DON family's rating: 1082 &rarr; <strong>1111</strong><br />(+29 for winning)
|raw|jcrw7's rating: 1099 &rarr; <strong>1073</strong><br />(-26 for losing)
|l|☆jcrw7
|player|p2|
|l|☆DON family
|player|p1|
