|j|☆npctypebeat
|j|☆yunubetter
|t:|1779935018
|gametype|singles
|player|p1|npctypebeat|102|1149
|player|p2|yunubetter|liza|1194
|gen|9
|tier|[Gen 9] OU
|rated|
|rule|HP Percentage Mod: HP is shown in percentages
|rule|Endless Battle Clause: Forcing endless battles is banned
|rule|Species Clause: Limit one of each Pokémon
|rule|OHKO Clause: OHKO moves are banned
|rule|Evasion Items Clause: Evasion items are banned
|rule|Evasion Moves Clause: Evasion moves are banned
|rule|Evasion Abilities Clause: Evasion abilities are banned
|rule|Sleep Moves Clause: Sleep-inducing moves are banned
|clearpoke
|poke|p1|Gliscor, F|
|poke|p1|Gholdengo|
|poke|p1|Zamazenta-*|
|poke|p1|Blissey, F|
|poke|p1|Skarmory, M|
|poke|p1|Pecharunt|
|poke|p2|Deoxys-Speed|
|poke|p2|Indeedee, M|
|poke|p2|Maushold-Four|
|poke|p2|Polteageist|
|poke|p2|Blaziken, F|
|poke|p2|Weezing-Galar, F|
|teampreview
|c|☆npctypebeat|hf
|
|t:|1779935034
|teamsize|p1|6
|teamsize|p2|6
|start
|switch|p1a: Skarmory|Skarmory, M|100/100
|switch|p2a: Indeedee|Indeedee, M|100/100
|-fieldstart|move: Psychic Terrain|[from] ability: Psychic Surge|[of] p2a: Indeedee
|turn|1
|inactive|Battle timer is ON: inactive players will automatically lose when time's up. (requested by npctypebeat)
|
|t:|1779935063
|move|p2a: Indeedee|Expanding Force|p1a: Skarmory
|-resisted|p1a: Skarmory
|-damage|p1a: Skarmory|55/100
|move|p1a: Skarmory|Spikes|p2a: Indeedee
|-sidestart|p2: yunubetter|Spikes
|
|upkeep
|turn|2
|inactive|yunubetter has 120 seconds left.
|inactive|yunubetter has 90 seconds left.
|
|t:|1779935133
|switch|p1a: Blissey|Blissey, F|100/100
|move|p2a: Indeedee|Expanding Force|p1a: Blissey
|-damage|p1a: Blissey|81/100
|
|upkeep
|turn|3
|
|t:|1779935136
|switch|p2a: Maushold|Maushold-Four|100/100
|-damage|p2a: Maushold|88/100|[from] Spikes
|move|p1a: Blissey|Stealth Rock|p2a: Maushold
|-sidestart|p2: yunubetter|move: Stealth Rock
|
|upkeep
|turn|4
|
|t:|1779935141
|switch|p1a: Zamazenta|Zamazenta|100/100
|-ability|p1a: Zamazenta|Dauntless Shield|boost
|-boost|p1a: Zamazenta|def|1
|move|p2a: Maushold|Tidy Up|p2a: Maushold
|-sideend|p2: yunubetter|Spikes
|-sideend|p2: yunubetter|Stealth Rock
|-activate|p2a: Maushold|move: Tidy Up
|-boost|p2a: Maushold|atk|1
|-boost|p2a: Maushold|spe|1
|
|upkeep
|turn|5
|
|t:|1779935152
|switch|p2a: Weezing|Weezing-Galar, F|100/100
|-ability|p2a: Weezing|Neutralizing Gas
|move|p1a: Zamazenta|Heavy Slam|p2a: Weezing
|-supereffective|p2a: Weezing
|-crit|p2a: Weezing
|-damage|p2a: Weezing|0 fnt
|-damage|p1a: Zamazenta|84/100|[from] item: Rocky Helmet|[of] p2a: Weezing
|faint|p2a: Weezing
|-end|p2a: Weezing|ability: Neutralizing Gas
|
|upkeep
|
|t:|1779935157
|switch|p2a: Deoxys|Deoxys-Speed|100/100
|-ability|p2a: Deoxys|Pressure
|turn|6
|
|t:|1779935159
|move|p2a: Deoxys|Expanding Force|p1a: Zamazenta
|-supereffective|p1a: Zamazenta
|-damage|p1a: Zamazenta|0 fnt
|faint|p1a: Zamazenta
|
|upkeep
|
|t:|1779935163
|switch|p1a: Blissey|Blissey, F|81/100
|turn|7
|
|t:|1779935175
|switch|p2a: Polteageist|Polteageist|100/100
|move|p1a: Blissey|Calm Mind|p1a: Blissey
|-boost|p1a: Blissey|spa|1
|-boost|p1a: Blissey|spd|1
|
|upkeep
|turn|8
|
|t:|1779935179
|move|p2a: Polteageist|Shell Smash|p2a: Polteageist
|-unboost|p2a: Polteageist|def|1
|-unboost|p2a: Polteageist|spd|1
|-boost|p2a: Polteageist|atk|2
|-boost|p2a: Polteageist|spa|2
|-boost|p2a: Polteageist|spe|2
|move|p1a: Blissey|Stealth Rock|p2a: Polteageist
|-sidestart|p2: yunubetter|move: Stealth Rock
|
|-fieldend|move: Psychic Terrain
|upkeep
|turn|9
|
|t:|1779935188
|move|p2a: Polteageist|Shell Smash|p2a: Polteageist
|-unboost|p2a: Polteageist|def|1
|-unboost|p2a: Polteageist|spd|1
|-boost|p2a: Polteageist|atk|2
|-boost|p2a: Polteageist|spa|2
|-boost|p2a: Polteageist|spe|2
|move|p1a: Blissey|Shadow Ball|p2a: Polteageist
|-supereffective|p2a: Polteageist
|-enditem|p2a: Polteageist|Focus Sash
|-damage|p2a: Polteageist|1/100
|
|upkeep
|turn|10
|
|t:|1779935210
|move|p2a: Polteageist|Stored Power|p1a: Blissey
|-damage|p1a: Blissey|14/100
|move|p1a: Blissey|Shadow Ball|p2a: Polteageist
|-supereffective|p2a: Polteageist
|-damage|p2a: Polteageist|0 fnt
|faint|p2a: Polteageist
|
|upkeep
|
|t:|1779935218
|switch|p2a: Maushold|Maushold-Four|88/100
|-damage|p2a: Maushold|76/100|[from] Stealth Rock
|turn|11
|
|t:|1779935224
|move|p2a: Maushold|Population Bomb|p1a: Blissey
|-damage|p1a: Blissey|3/100
|-damage|p1a: Blissey|0 fnt
|faint|p1a: Blissey
|-hitcount|p1: Blissey|2
|
|upkeep
|
|t:|1779935238
|switch|p1a: Skarmory|Skarmory, M|55/100
|turn|12
|
|t:|1779935252
|move|p2a: Maushold|Tidy Up|p2a: Maushold
|-sideend|p2: yunubetter|Stealth Rock
|-activate|p2a: Maushold|move: Tidy Up
|-boost|p2a: Maushold|atk|1
|-boost|p2a: Maushold|spe|1
|move|p1a: Skarmory|Body Press|p2a: Maushold
|-supereffective|p2a: Maushold
|-damage|p2a: Maushold|0 fnt
|faint|p2a: Maushold
|
|upkeep
|
|t:|1779935255
|switch|p2a: Indeedee|Indeedee, M|100/100
|-fieldstart|move: Psychic Terrain|[from] ability: Psychic Surge|[of] p2a: Indeedee
|turn|13
|
|t:|1779935264
|switch|p1a: Gholdengo|Gholdengo|100/100
|move|p2a: Indeedee|Expanding Force|p1a: Gholdengo
|-resisted|p1a: Gholdengo
|-damage|p1a: Gholdengo|65/100
|
|upkeep
|turn|14
|
|t:|1779935282
|move|p2a: Indeedee|Expanding Force|p1a: Gholdengo
|-resisted|p1a: Gholdengo
|-damage|p1a: Gholdengo|29/100
|move|p1a: Gholdengo|Nasty Plot|p1a: Gholdengo
|-boost|p1a: Gholdengo|spa|2
|
|upkeep
|turn|15
|
|t:|1779935300
|move|p2a: Indeedee|Expanding Force|p1a: Gholdengo
|-resisted|p1a: Gholdengo
|-damage|p1a: Gholdengo|0 fnt
|faint|p1a: Gholdengo
|
|upkeep
|inactive|npctypebeat has 120 seconds left.
|
|t:|1779935320
|switch|p1a: Gliscor|Gliscor, F|100/100
|turn|16
|inactive|npctypebeat has 120 seconds left.
|
|t:|1779935340
|move|p2a: Indeedee|Expanding Force|p1a: Gliscor
|-damage|p1a: Gliscor|36/100
|move|p1a: Gliscor|Earthquake|p2a: Indeedee
|-damage|p2a: Indeedee|34/100
|
|-status|p1a: Gliscor|tox|[from] item: Toxic Orb
|upkeep
|turn|17
|
|t:|1779935365
|move|p1a: Gliscor|Protect|p1a: Gliscor
|-singleturn|p1a: Gliscor|Protect
|move|p2a: Indeedee|Expanding Force|p1a: Gliscor
|-activate|p1a: Gliscor|move: Protect
|
|-heal|p1a: Gliscor|49/100 tox|[from] ability: Poison Heal
|upkeep
|turn|18
|inactive|npctypebeat has 90 seconds left.
|
|t:|1779935389
|switch|p1a: Skarmory|Skarmory, M|55/100
|move|p2a: Indeedee|Expanding Force|p1a: Skarmory
|-resisted|p1a: Skarmory
|-damage|p1a: Skarmory|6/100
|
|upkeep
|turn|19
|inactive|npctypebeat has 90 seconds left.
|
|t:|1779935411
|move|p2a: Indeedee|Expanding Force|p1a: Skarmory
|-resisted|p1a: Skarmory
|-damage|p1a: Skarmory|0 fnt
|faint|p1a: Skarmory
|
|upkeep
|
|t:|1779935431
|switch|p1a: Gliscor|Gliscor, F|49/100 tox
|turn|20
|
|t:|1779935450
|switch|p2a: Deoxys|Deoxys-Speed|100/100
|-ability|p2a: Deoxys|Pressure
|move|p1a: Gliscor|Protect||[still]
|-fail|p1a: Gliscor
|
|-heal|p1a: Gliscor|61/100 tox|[from] ability: Poison Heal
|-fieldend|move: Psychic Terrain
|upkeep
|turn|21
|
|t:|1779935456
|switch|p2a: Indeedee|Indeedee, M|34/100
|-fieldstart|move: Psychic Terrain|[from] ability: Psychic Surge|[of] p2a: Indeedee
|move|p1a: Gliscor|Earthquake|p2a: Indeedee
|-damage|p2a: Indeedee|0 fnt
|faint|p2a: Indeedee
|
|-heal|p1a: Gliscor|74/100 tox|[from] ability: Poison Heal
|upkeep
|
|t:|1779935458
|switch|p2a: Deoxys|Deoxys-Speed|100/100
|-ability|p2a: Deoxys|Pressure
|turn|22
|
|t:|1779935467
|move|p1a: Gliscor|Protect|p1a: Gliscor
|-singleturn|p1a: Gliscor|Protect
|move|p2a: Deoxys|Expanding Force|p1a: Gliscor
|-activate|p1a: Gliscor|move: Protect
|
|-heal|p1a: Gliscor|86/100 tox|[from] ability: Poison Heal
|upkeep
|turn|23
|inactive|yunubetter has 120 seconds left.
|
|t:|1779935508
|move|p2a: Deoxys|Expanding Force|p1a: Gliscor
|-damage|p1a: Gliscor|0 fnt
|faint|p1a: Gliscor
|
|upkeep
|
|t:|1779935512
|switch|p1a: Pecharunt|Pecharunt|100/100
|turn|24
|
|t:|1779935514
|move|p2a: Deoxys|Expanding Force|p1a: Pecharunt
|-supereffective|p1a: Pecharunt
|-damage|p1a: Pecharunt|0 fnt
|faint|p1a: Pecharunt
|
|win|yunubetter
|raw|npctypebeat's rating: 1103 &rarr; <strong>1084</strong><br />(-19 for losing)
|raw|yunubetter's rating: 1194 &rarr; <strong>1213</strong><br />(+19 for winning)
|c|☆npctypebeat|gg
|l|☆yunubetter
|player|p2|
