|j|☆MousesYeah
|j|‽squid3011
|t:|1779857229
|gametype|singles
|player|p1|MousesYeah|lass-gen4dp|1044
|player|p2|squid3011|benga|1105
|gen|9
|tier|[Gen 9] OU
|rated|
|rule|HP Percentage Mod: HP is shown in percentages
|rule|Endless Battle Clause: Forcing endless battles is banned
|rule|Species Clause: Limit one of each Pokémon
|rule|OHKO Clause: OHKO moves are banned
|rule|Evasion Items Clause: Evasion items are banned
|rule|Evasion Moves Clause: Evasion moves are banned
|rule|Evasion Abilities Clause: Evasion abilities are banned
|rule|Sleep Moves Clause: Sleep-inducing moves are banned
|clearpoke
|poke|p1|Landorus-Therian, M|
|poke|p1|Weavile, F|
|poke|p1|Fezandipiti, M|
|poke|p1|Slowking-Galar, M|
|poke|p1|Blaziken, M|
|poke|p1|Thundurus-Therian, M|
|poke|p2|Charizard, M|
|poke|p2|Walking Wake|
|poke|p2|Landorus-Therian, M|
|poke|p2|Corviknight, M|
|poke|p2|Torkoal, M|
|poke|p2|Ceruledge, M|
|teampreview
|
|t:|1779857247
|teamsize|p1|6
|teamsize|p2|6
|start
|switch|p1a: Landorus|Landorus-Therian, M|100/100
|switch|p2a: Torkoal|Torkoal, M, shiny|100/100
|-ability|p1a: Landorus|Intimidate|boost
|-unboost|p2a: Torkoal|atk|1
|-weather|SunnyDay|[from] ability: Drought|[of] p2a: Torkoal
|-enditem|p2a: Torkoal|Eject Pack
|inactive|Battle timer is ON: inactive players will automatically lose when time's up. (requested by squid3011)
|
|t:|1779857262
|switch|p2a: Charizard|Charizard, M, shiny|100/100
|turn|1
|
|t:|1779857271
|move|p2a: Charizard|Weather Ball|p1a: Landorus
|-damage|p1a: Landorus|0 fnt
|faint|p1a: Landorus
|
|-weather|SunnyDay|[upkeep]
|-damage|p2a: Charizard|88/100|[from] ability: Solar Power|[of] p2a: Charizard
|upkeep
|
|t:|1779857284
|switch|p1a: Thundurus|Thundurus-Therian, M|100/100
|turn|2
|
|t:|1779857288
|-terastallize|p2a: Charizard|Ground
|move|p1a: Thundurus|Thunderbolt|p2a: Charizard
|-immune|p2a: Charizard
|move|p2a: Charizard|Weather Ball|p1a: Thundurus
|-damage|p1a: Thundurus|0 fnt
|faint|p1a: Thundurus
|
|-weather|SunnyDay|[upkeep]
|-damage|p2a: Charizard|76/100|[from] ability: Solar Power|[of] p2a: Charizard
|upkeep
|
|t:|1779857300
|switch|p1a: Weavile|Weavile, F|100/100
|-ability|p1a: Weavile|Pressure
|turn|3
|
|t:|1779857306
|move|p1a: Weavile|Ice Shard|p2a: Charizard
|-supereffective|p2a: Charizard
|-damage|p2a: Charizard|13/100
|move|p2a: Charizard|Weather Ball|p1a: Weavile
|-supereffective|p1a: Weavile
|-damage|p1a: Weavile|0 fnt
|faint|p1a: Weavile
|
|-weather|SunnyDay|[upkeep]
|-damage|p2a: Charizard|0 fnt|[from] ability: Solar Power|[of] p2a: Charizard
|faint|p2a: Charizard
|upkeep
|
|t:|1779857320
|switch|p1a: Fezandipiti|Fezandipiti, M|100/100
|switch|p2a: Landorus|Landorus-Therian, M|100/100
|-ability|p2a: Landorus|Intimidate|boost
|-unboost|p1a: Fezandipiti|atk|1
|turn|4
|
|t:|1779857335
|move|p1a: Fezandipiti|Play Rough|p2a: Landorus|[miss]
|-miss|p1a: Fezandipiti|p2a: Landorus
|move|p2a: Landorus|Earthquake|p1a: Fezandipiti
|-supereffective|p1a: Fezandipiti
|-damage|p1a: Fezandipiti|0 fnt
|faint|p1a: Fezandipiti
|
|-weather|SunnyDay|[upkeep]
|upkeep
|
|t:|1779857345
|switch|p1a: Blaziken|Blaziken, M|100/100
|turn|5
|inactive|squid3011 has 120 seconds left.
|
|t:|1779857376
|move|p1a: Blaziken|Protect|p1a: Blaziken
|-singleturn|p1a: Blaziken|Protect
|move|p2a: Landorus|Earthquake|p1a: Blaziken
|-activate|p1a: Blaziken|move: Protect
|
|-weather|none
|-ability|p1a: Blaziken|Speed Boost|boost
|-boost|p1a: Blaziken|spe|1
|upkeep
|turn|6
|
|t:|1779857387
|-terastallize|p1a: Blaziken|Fighting
|move|p1a: Blaziken|Stone Edge|p2a: Landorus
|-damage|p2a: Landorus|65/100
|move|p2a: Landorus|Earthquake|p1a: Blaziken
|-damage|p1a: Blaziken|4/100
|
|-ability|p1a: Blaziken|Speed Boost|boost
|-boost|p1a: Blaziken|spe|1
|upkeep
|turn|7
|
|t:|1779857398
|move|p1a: Blaziken|Stone Edge|p2a: Landorus
|-damage|p2a: Landorus|28/100
|move|p2a: Landorus|U-turn|p1a: Blaziken
|-resisted|p1a: Blaziken
|-damage|p1a: Blaziken|0 fnt
|faint|p1a: Blaziken
|
|t:|1779857402
|switch|p2a: Torkoal|Torkoal, M, shiny|100/100|[from] U-turn
|-weather|SunnyDay|[from] ability: Drought|[of] p2a: Torkoal
|
|-weather|SunnyDay|[upkeep]
|upkeep
|
|t:|1779857411
|switch|p1a: Slowking|Slowking-Galar, M|100/100
|turn|8
|
|t:|1779857422
|switch|p2a: Walking Wake|Walking Wake|100/100
|-activate|p2a: Walking Wake|ability: Protosynthesis
|-start|p2a: Walking Wake|protosynthesisspe
|move|p1a: Slowking|Toxic|p2a: Walking Wake
|-status|p2a: Walking Wake|tox
|
|-weather|SunnyDay|[upkeep]
|-damage|p2a: Walking Wake|94/100 tox|[from] psn
|upkeep
|turn|9
|
|t:|1779857432
|move|p1a: Slowking|Protect|p1a: Slowking
|-singleturn|p1a: Slowking|Protect
|move|p2a: Walking Wake|Hydro Steam|p1a: Slowking
|-activate|p1a: Slowking|move: Protect
|
|-weather|SunnyDay|[upkeep]
|-damage|p2a: Walking Wake|82/100 tox|[from] psn
|upkeep
|turn|10
|
|t:|1779857441
|move|p2a: Walking Wake|Hydro Steam|p1a: Slowking
|-damage|p1a: Slowking|44/100
|move|p1a: Slowking|Future Sight|p2a: Walking Wake
|-start|p1a: Slowking|move: Future Sight
|
|-weather|SunnyDay|[upkeep]
|-heal|p1a: Slowking|50/100|[from] item: Leftovers
|-damage|p2a: Walking Wake|64/100 tox|[from] psn
|upkeep
|turn|11
|
|t:|1779857450
|move|p1a: Slowking|Protect|p1a: Slowking
|-singleturn|p1a: Slowking|Protect
|move|p2a: Walking Wake|Hydro Steam|p1a: Slowking
|-activate|p1a: Slowking|move: Protect
|
|-weather|none
|-end|p2a: Walking Wake|Protosynthesis
|-heal|p1a: Slowking|56/100|[from] item: Leftovers
|-damage|p2a: Walking Wake|39/100 tox|[from] psn
|upkeep
|turn|12
|
|t:|1779857460
|move|p1a: Slowking|Protect|p1a: Slowking
|-singleturn|p1a: Slowking|Protect
|move|p2a: Walking Wake|Hydro Steam|p1a: Slowking
|-activate|p1a: Slowking|move: Protect
|
|-end|p2a: Walking Wake|move: Future Sight
|-damage|p2a: Walking Wake|0 fnt
|faint|p2a: Walking Wake
|-end|p2a: Walking Wake|Protosynthesis|[silent]
|-heal|p1a: Slowking|62/100|[from] item: Leftovers
|upkeep
|
|t:|1779857476
|switch|p2a: Landorus|Landorus-Therian, M|28/100
|-ability|p2a: Landorus|Intimidate|boost
|-unboost|p1a: Slowking|atk|1
|turn|13
|
|t:|1779857481
|move|p1a: Slowking|Protect||[still]
|-fail|p1a: Slowking
|move|p2a: Landorus|Earthquake|p1a: Slowking
|-supereffective|p1a: Slowking
|-damage|p1a: Slowking|0 fnt
|faint|p1a: Slowking
|
|win|squid3011
|raw|MousesYeah's rating: 1044 &rarr; <strong>1030</strong><br />(-14 for losing)
|raw|squid3011's rating: 1105 &rarr; <strong>1126</strong><br />(+21 for winning)
