|j|☆claudechamp
|j|☆The Blind Side
|t:|1779819385
|gametype|singles
|player|p1|claudechamp|265|1235
|player|p2|The Blind Side|lance|1265
|gen|9
|tier|[Gen 9] OU
|rated|
|rule|HP Percentage Mod: HP is shown in percentages
|rule|Endless Battle Clause: Forcing endless battles is banned
|rule|Species Clause: Limit one of each Pokémon
|rule|OHKO Clause: OHKO moves are banned
|rule|Evasion Items Clause: Evasion items are banned
|rule|Evasion Moves Clause: Evasion moves are banned
|rule|Evasion Abilities Clause: Evasion abilities are banned
|rule|Sleep Moves Clause: Sleep-inducing moves are banned
|clearpoke
|poke|p1|Corviknight, F|
|poke|p1|Ting-Lu|
|poke|p1|Kyurem|
|poke|p1|Dondozo, M|
|poke|p1|Slowking-Galar, F|
|poke|p1|Cinderace, F|
|poke|p2|Hydrapple, M|
|poke|p2|Tyranitar, F|
|poke|p2|Moltres|
|poke|p2|Zamazenta-*|
|poke|p2|Slowking-Galar, F|
|poke|p2|Excadrill, F|
|teampreview
|c|☆claudechamp|hf
|inactive|Battle timer is ON: inactive players will automatically lose when time's up. (requested by claudechamp)
|
|t:|1779819420
|teamsize|p1|6
|teamsize|p2|6
|start
|switch|p1a: Cinderace|Cinderace, F|100/100
|switch|p2a: Kitty|Zamazenta|100/100
|-ability|p2a: Kitty|Dauntless Shield|boost
|-boost|p2a: Kitty|def|1
|turn|1
|l|☆The Blind Side
|inactive|The Blind Side disconnected and has a minute to reconnect!
|player|p2|
|
|t:|1779819433
|switch|p1a: Kyurem|Kyurem|100/100
|-ability|p1a: Kyurem|Pressure
|move|p2a: Kitty|Body Press|p1a: Kyurem
|-supereffective|p1a: Kyurem
|-damage|p1a: Kyurem|0 fnt
|faint|p1a: Kyurem
|
|upkeep
|j|☆The Blind Side
|inactive|The Blind Side reconnected.
|player|p2|The Blind Side|lance|
|
|t:|1779819446
|switch|p1a: Slowking|Slowking-Galar, F|100/100
|turn|2
|
|t:|1779819458
|switch|p2a: Fork|Excadrill, F|100/100
|-item|p2a: Fork|Air Balloon
|move|p1a: Slowking|Ice Beam|p2a: Fork
|-crit|p2a: Fork
|-damage|p2a: Fork|59/100
|-enditem|p2a: Fork|Air Balloon
|
|upkeep
|turn|3
|inactive|The Blind Side has 120 seconds left.
|
|t:|1779819490
|move|p2a: Fork|Earthquake|p1a: Slowking
|-supereffective|p1a: Slowking
|-enditem|p1a: Slowking|Shuca Berry|[eat]
|-enditem|p1a: Slowking|Shuca Berry|[weaken]
|-damage|p1a: Slowking|61/100
|move|p1a: Slowking|Ice Beam|p2a: Fork
|-damage|p2a: Fork|31/100
|-status|p2a: Fork|frz
|
|upkeep
|turn|4
|inactive|The Blind Side has 120 seconds left.
|
|t:|1779819508
|switch|p1a: Dondozo|Dondozo, M|100/100
|cant|p2a: Fork|frz
|
|upkeep
|turn|5
|inactive|The Blind Side has 120 seconds left.
|inactive|The Blind Side has 90 seconds left.
|
|t:|1779819561
|switch|p2a: Hydra|Hydrapple, M|100/100
|move|p1a: Dondozo|Curse|p1a: Dondozo
|-unboost|p1a: Dondozo|spe|1
|-boost|p1a: Dondozo|atk|1
|-boost|p1a: Dondozo|def|1
|
|upkeep
|turn|6
|
|t:|1779819568
|move|p2a: Hydra|Giga Drain|p1a: Dondozo
|-supereffective|p1a: Dondozo
|-damage|p1a: Dondozo|61/100
|move|p1a: Dondozo|Waterfall|p2a: Hydra
|-resisted|p2a: Hydra
|-damage|p2a: Hydra|94/100
|
|-heal|p1a: Dondozo|67/100|[from] item: Leftovers
|upkeep
|turn|7
|inactive|The Blind Side has 90 seconds left.
|
|t:|1779819578
|switch|p1a: Slowking|Slowking-Galar, F|94/100
|move|p2a: Hydra|Nasty Plot|p2a: Hydra
|-boost|p2a: Hydra|spa|2
|
|upkeep
|turn|8
|
|t:|1779819584
|move|p2a: Hydra|Earth Power|p1a: Slowking
|-supereffective|p1a: Slowking
|-damage|p1a: Slowking|7/100
|move|p1a: Slowking|Future Sight|p2a: Hydra
|-start|p1a: Slowking|move: Future Sight
|
|upkeep
|turn|9
|
|t:|1779819594
|switch|p1a: Corviknight|Corviknight, F|100/100
|-ability|p1a: Corviknight|Pressure
|move|p2a: Hydra|Giga Drain|p1a: Corviknight
|-resisted|p1a: Corviknight
|-damage|p1a: Corviknight|84/100
|-heal|p2a: Hydra|100/100|[from] drain|[of] p1a: Corviknight
|
|upkeep
|turn|10
|
|t:|1779819607
|switch|p2a: Phoenix|Moltres|100/100
|move|p1a: Corviknight|Brave Bird|p2a: Phoenix
|-damage|p2a: Phoenix|74/100
|-damage|p1a: Corviknight|76/100|[from] Recoil
|
|-end|p2a: Phoenix|move: Future Sight
|-damage|p2a: Phoenix|25/100
|upkeep
|turn|11
|
|t:|1779819619
|move|p2a: Phoenix|Flamethrower|p1a: Corviknight
|-supereffective|p1a: Corviknight
|-damage|p1a: Corviknight|6/100
|-status|p1a: Corviknight|brn
|move|p1a: Corviknight|Roost|p1a: Corviknight
|-heal|p1a: Corviknight|56/100 brn
|-singleturn|p1a: Corviknight|move: Roost
|
|-damage|p1a: Corviknight|50/100 brn|[from] brn
|upkeep
|turn|12
|
|t:|1779819629
|switch|p1a: Dondozo|Dondozo, M|67/100
|move|p2a: Phoenix|Roost|p2a: Phoenix
|-heal|p2a: Phoenix|75/100
|-singleturn|p2a: Phoenix|move: Roost
|
|-heal|p1a: Dondozo|73/100|[from] item: Leftovers
|upkeep
|turn|13
|
|t:|1779819636
|move|p2a: Phoenix|U-turn|p1a: Dondozo
|-damage|p1a: Dondozo|65/100
|
|t:|1779819640
|switch|p2a: Hydra|Hydrapple, M|100/100|[from] U-turn
|move|p1a: Dondozo|Waterfall|p2a: Hydra
|-resisted|p2a: Hydra
|-damage|p2a: Hydra|96/100
|
|-heal|p1a: Dondozo|71/100|[from] item: Leftovers
|upkeep
|turn|14
|inactive|The Blind Side has 120 seconds left.
|
|t:|1779819650
|move|p2a: Hydra|Fickle Beam|p1a: Dondozo
|-damage|p1a: Dondozo|49/100
|move|p1a: Dondozo|Waterfall|p2a: Hydra
|-resisted|p2a: Hydra
|-damage|p2a: Hydra|92/100
|
|-heal|p1a: Dondozo|56/100|[from] item: Leftovers
|upkeep
|turn|15
|inactive|The Blind Side has 120 seconds left.
|
|t:|1779819662
|move|p2a: Hydra|Giga Drain|p1a: Dondozo
|-supereffective|p1a: Dondozo
|-damage|p1a: Dondozo|12/100
|-heal|p2a: Hydra|100/100|[from] drain|[of] p1a: Dondozo
|move|p1a: Dondozo|Rest|p1a: Dondozo
|-status|p1a: Dondozo|slp|[from] move: Rest
|-heal|p1a: Dondozo|100/100 slp|[silent]
|
|upkeep
|turn|16
|
|t:|1779819670
|switch|p1a: Slowking|Slowking-Galar, F|40/100
|move|p2a: Hydra|Nasty Plot|p2a: Hydra
|-boost|p2a: Hydra|spa|2
|
|upkeep
|turn|17
|
|t:|1779819681
|switch|p1a: Corviknight|Corviknight, F|50/100 brn
|-ability|p1a: Corviknight|Pressure
|move|p2a: Hydra|Earth Power|p1a: Corviknight
|-immune|p1a: Corviknight
|
|-damage|p1a: Corviknight|44/100 brn|[from] brn
|upkeep
|turn|18
|
|t:|1779819700
|switch|p2a: Phoenix|Moltres|75/100
|move|p1a: Corviknight|Brave Bird|p2a: Phoenix
|-damage|p2a: Phoenix|63/100
|-damage|p1a: Corviknight|40/100 brn|[from] Recoil
|
|-damage|p1a: Corviknight|34/100 brn|[from] brn
|upkeep
|turn|19
|
|t:|1779819712
|move|p2a: Phoenix|U-turn|p1a: Corviknight
|-resisted|p1a: Corviknight
|-damage|p1a: Corviknight|32/100 brn
|-damage|p2a: Phoenix|47/100|[from] item: Rocky Helmet|[of] p1a: Corviknight
|inactive|The Blind Side has 120 seconds left.
|
|t:|1779819722
|switch|p2a: Green Giant|Tyranitar, F|100/100|[from] U-turn
|-weather|Sandstorm|[from] ability: Sand Stream|[of] p2a: Green Giant
|move|p1a: Corviknight|Roost|p1a: Corviknight
|-heal|p1a: Corviknight|82/100 brn
|-singleturn|p1a: Corviknight|move: Roost
|
|-weather|Sandstorm|[upkeep]
|-damage|p1a: Corviknight|76/100 brn|[from] brn
|upkeep
|turn|20
|inactive|The Blind Side has 120 seconds left.
|
|t:|1779819739
|switch|p2a: Phoenix|Moltres|47/100
|move|p1a: Corviknight|U-turn|p2a: Phoenix
|-resisted|p2a: Phoenix
|-damage|p2a: Phoenix|45/100
|
|t:|1779819747
|switch|p1a: Ting-Lu|Ting-Lu|100/100|[from] U-turn
|-ability|p1a: Ting-Lu|Vessel of Ruin
|
|-weather|Sandstorm|[upkeep]
|-damage|p2a: Phoenix|39/100|[from] Sandstorm
|upkeep
|turn|21
|inactive|The Blind Side has 120 seconds left.
|
|t:|1779819759
|switch|p1a: Slowking|Slowking-Galar, F|74/100
|move|p2a: Phoenix|U-turn|p1a: Slowking
|-damage|p1a: Slowking|62/100
|inactive|The Blind Side has 120 seconds left.
|
|t:|1779819782
|switch|p2a: Green Giant|Tyranitar, F|100/100|[from] U-turn
|
|-weather|Sandstorm|[upkeep]
|-damage|p1a: Slowking|56/100|[from] Sandstorm
|upkeep
|turn|22
|
|t:|1779819793
|switch|p1a: Ting-Lu|Ting-Lu|100/100
|-ability|p1a: Ting-Lu|Vessel of Ruin
|move|p2a: Green Giant|Knock Off|p1a: Ting-Lu
|-resisted|p1a: Ting-Lu
|-damage|p1a: Ting-Lu|89/100
|-enditem|p1a: Ting-Lu|Leftovers|[from] move: Knock Off|[of] p2a: Green Giant
|
|-weather|Sandstorm|[upkeep]
|upkeep
|turn|23
|
|t:|1779819811
|move|p2a: Green Giant|Ice Beam|p1a: Ting-Lu
|-supereffective|p1a: Ting-Lu
|-damage|p1a: Ting-Lu|71/100
|move|p1a: Ting-Lu|Earthquake|p2a: Green Giant
|-supereffective|p2a: Green Giant
|-damage|p2a: Green Giant|42/100
|
|-weather|Sandstorm|[upkeep]
|upkeep
|turn|24
|
|t:|1779819819
|switch|p2a: Hydra|Hydrapple, M|100/100
|move|p1a: Ting-Lu|Earthquake|p2a: Hydra
|-resisted|p2a: Hydra
|-damage|p2a: Hydra|89/100
|
|-weather|Sandstorm|[upkeep]
|-damage|p2a: Hydra|83/100|[from] Sandstorm
|upkeep
|turn|25
|
|t:|1779819833
|switch|p1a: Slowking|Slowking-Galar, F|90/100
|move|p2a: Hydra|Giga Drain|p1a: Slowking
|-resisted|p1a: Slowking
|-damage|p1a: Slowking|77/100
|-heal|p2a: Hydra|89/100|[from] drain|[of] p1a: Slowking
|
|-weather|Sandstorm|[upkeep]
|-damage|p2a: Hydra|83/100|[from] Sandstorm
|-damage|p1a: Slowking|71/100|[from] Sandstorm
|upkeep
|turn|26
|inactive|The Blind Side has 90 seconds left.
|
|t:|1779819859
|move|p2a: Hydra|Earth Power|p1a: Slowking
|-supereffective|p1a: Slowking
|-damage|p1a: Slowking|27/100
|move|p1a: Slowking|Sludge Bomb|p2a: Hydra
|-supereffective|p2a: Hydra
|-damage|p2a: Hydra|19/100
|
|-weather|none
|upkeep
|turn|27
|inactive|The Blind Side has 90 seconds left.
|
|t:|1779819874
|switch|p1a: Corviknight|Corviknight, F|76/100 brn
|-ability|p1a: Corviknight|Pressure
|move|p2a: Hydra|Fickle Beam|p1a: Corviknight
|-resisted|p1a: Corviknight
|-damage|p1a: Corviknight|60/100 brn
|
|-damage|p1a: Corviknight|54/100 brn|[from] brn
|upkeep
|turn|28
|inactive|The Blind Side has 90 seconds left.
|
|t:|1779819885
|switch|p2a: Phoenix|Moltres|39/100
|move|p1a: Corviknight|Roost|p1a: Corviknight
|-heal|p1a: Corviknight|100/100 brn
|-singleturn|p1a: Corviknight|move: Roost
|
|-damage|p1a: Corviknight|94/100 brn|[from] brn
|upkeep
|turn|29
|inactive|The Blind Side has 90 seconds left.
|
|t:|1779819899
|switch|p1a: Slowking|Slowking-Galar, F|60/100
|move|p2a: Phoenix|Roost|p2a: Phoenix
|-heal|p2a: Phoenix|90/100
|-singleturn|p2a: Phoenix|move: Roost
|
|upkeep
|turn|30
|inactive|The Blind Side has 90 seconds left.
|
|t:|1779819913
|move|p2a: Phoenix|Flamethrower|p1a: Slowking
|-damage|p1a: Slowking|30/100
|move|p1a: Slowking|Sludge Bomb|p2a: Phoenix
|-damage|p2a: Phoenix|58/100
|-status|p2a: Phoenix|psn
|
|-damage|p2a: Phoenix|46/100 psn|[from] psn
|upkeep
|turn|31
|inactive|The Blind Side has 90 seconds left.
|
|t:|1779819923
|switch|p1a: Ting-Lu|Ting-Lu|71/100
|-ability|p1a: Ting-Lu|Vessel of Ruin
|move|p2a: Phoenix|U-turn|p1a: Ting-Lu
|-supereffective|p1a: Ting-Lu
|-damage|p1a: Ting-Lu|56/100
|inactive|The Blind Side has 90 seconds left.
|
|t:|1779819930
|switch|p2a: Kitty|Zamazenta|100/100|[from] U-turn
|
|upkeep
|turn|32
|
|t:|1779819941
|switch|p1a: Slowking|Slowking-Galar, F|63/100
|move|p2a: Kitty|Crunch|p1a: Slowking
|-supereffective|p1a: Slowking
|-damage|p1a: Slowking|33/100
|-unboost|p1a: Slowking|def|1
|
|upkeep
|turn|33
|
|t:|1779819956
|switch|p1a: Corviknight|Corviknight, F|94/100 brn
|-ability|p1a: Corviknight|Pressure
|move|p2a: Kitty|Crunch|p1a: Corviknight
|-damage|p1a: Corviknight|81/100 brn
|-unboost|p1a: Corviknight|def|1
|-damage|p2a: Kitty|84/100|[from] item: Rocky Helmet|[of] p1a: Corviknight
|
|-heal|p2a: Kitty|90/100|[from] item: Leftovers
|-damage|p1a: Corviknight|75/100 brn|[from] brn
|upkeep
|turn|34
|
|t:|1779819973
|move|p2a: Kitty|Iron Defense|p2a: Kitty
|-boost|p2a: Kitty|def|2
|move|p1a: Corviknight|U-turn|p2a: Kitty
|-resisted|p2a: Kitty
|-damage|p2a: Kitty|89/100
|
|t:|1779819989
|switch|p1a: Slowking|Slowking-Galar, F|67/100|[from] U-turn
|
|-heal|p2a: Kitty|95/100|[from] item: Leftovers
|upkeep
|turn|35
|inactive|claudechamp has 120 seconds left.
|inactive|The Blind Side has 90 seconds left.
|
|t:|1779820014
|move|p2a: Kitty|Body Press|p1a: Slowking
|-resisted|p1a: Slowking
|-damage|p1a: Slowking|54/100
|move|p1a: Slowking|Sludge Bomb|p2a: Kitty
|-damage|p2a: Kitty|65/100
|
|-heal|p2a: Kitty|71/100|[from] item: Leftovers
|upkeep
|turn|36
|inactive|claudechamp has 120 seconds left.
|
|t:|1779820035
|move|p2a: Kitty|Crunch|p1a: Slowking
|-supereffective|p1a: Slowking
|-damage|p1a: Slowking|23/100
|-unboost|p1a: Slowking|def|1
|move|p1a: Slowking|Sludge Bomb|p2a: Kitty
|-damage|p2a: Kitty|40/100
|-status|p2a: Kitty|psn
|
|-heal|p2a: Kitty|47/100 psn|[from] item: Leftovers
|-damage|p2a: Kitty|34/100 psn|[from] psn
|upkeep
|turn|37
|inactive|The Blind Side has 90 seconds left.
|
|t:|1779820055
|switch|p1a: Corviknight|Corviknight, F|75/100 brn
|-ability|p1a: Corviknight|Pressure
|move|p2a: Kitty|Body Press|p1a: Corviknight
|-damage|p1a: Corviknight|28/100 brn
|-damage|p2a: Kitty|18/100 psn|[from] item: Rocky Helmet|[of] p1a: Corviknight
|
|-heal|p2a: Kitty|24/100 psn|[from] item: Leftovers
|-damage|p2a: Kitty|12/100 psn|[from] psn
|-damage|p1a: Corviknight|22/100 brn|[from] brn
|upkeep
|turn|38
|inactive|The Blind Side has 90 seconds left.
|
|t:|1779820067
|move|p2a: Kitty|Body Press|p1a: Corviknight
|-damage|p1a: Corviknight|0 fnt
|-damage|p2a: Kitty|0 fnt|[from] item: Rocky Helmet|[of] p1a: Corviknight
|faint|p1a: Corviknight
|faint|p2a: Kitty
|
|upkeep
|inactive|The Blind Side has 90 seconds left.
|inactive|claudechamp has 90 seconds left.
|
|t:|1779820094
|switch|p2a: Hydra|Hydrapple, M|52/100
|switch|p1a: Slowking|Slowking-Galar, F|57/100
|turn|39
|inactive|claudechamp has 90 seconds left.
|
|t:|1779820119
|switch|p2a: Fork|Excadrill, F|31/100 frz
|-prepare|p1a: Slowking|Chilly Reception|[premajor]
|move|p1a: Slowking|Chilly Reception|p1a: Slowking
|-weather|Snowscape
|
|t:|1779820132
|switch|p1a: Cinderace|Cinderace, F|100/100|[from] Chilly Reception
|
|-weather|Snowscape|[upkeep]
|upkeep
|turn|40
|
|t:|1779820149
|move|p1a: Cinderace|Pyro Ball|p2a: Fork
|-supereffective|p2a: Fork
|-damage|p2a: Fork|0 fnt
|faint|p2a: Fork
|
|-weather|Snowscape|[upkeep]
|upkeep
|inactive|The Blind Side has 60 seconds left.
|
|t:|1779820176
|switch|p2a: Hydra|Hydrapple, M|86/100
|turn|41
|
|t:|1779820190
|move|p1a: Cinderace|U-turn|p2a: Hydra
|-supereffective|p2a: Hydra
|-damage|p2a: Hydra|64/100
|
|t:|1779820213
|switch|p1a: Slowking|Slowking-Galar, F|90/100|[from] U-turn
|move|p2a: Hydra|Earth Power|p1a: Slowking
|-supereffective|p1a: Slowking
|-damage|p1a: Slowking|47/100
|
|-weather|Snowscape|[upkeep]
|upkeep
|turn|42
|inactive|claudechamp has 60 seconds left.
|inactive|The Blind Side has 60 seconds left.
|
|t:|1779820242
|switch|p2a: Fatty|Slowking-Galar, F|100/100
|move|p1a: Slowking|Sludge Bomb|p2a: Fatty
|-resisted|p2a: Fatty
|-damage|p2a: Fatty|92/100
|
|-weather|Snowscape|[upkeep]
|upkeep
|turn|43
|inactive|claudechamp has 60 seconds left.
|
|t:|1779820263
|move|p2a: Fatty|Ice Beam|p1a: Slowking
|-damage|p1a: Slowking|30/100
|-prepare|p1a: Slowking|Chilly Reception|[premajor]
|move|p1a: Slowking|Chilly Reception|p1a: Slowking
|inactive|claudechamp has 60 seconds left.
|
|t:|1779820272
|switch|p1a: Cinderace|Cinderace, F|100/100|[from] Chilly Reception
|
|-weather|none
|upkeep
|turn|44
|inactive|claudechamp has 60 seconds left.
|inactive|The Blind Side has 30 seconds left.
|inactive|The Blind Side has 20 seconds left.
|
|t:|1779820307
|move|p1a: Cinderace|Pyro Ball|p2a: Fatty
|-damage|p2a: Fatty|58/100
|move|p2a: Fatty|Sludge Bomb|p1a: Cinderace
|-damage|p1a: Cinderace|62/100
|-status|p1a: Cinderace|psn
|
|-damage|p1a: Cinderace|50/100 psn|[from] psn
|upkeep
|turn|45
|inactive|The Blind Side has 30 seconds left this turn.
|inactive|claudechamp has 60 seconds left.
|
|t:|1779820322
|move|p1a: Cinderace|U-turn|p2a: Fatty
|-damage|p2a: Fatty|43/100
|
|t:|1779820338
|switch|p1a: Slowking|Slowking-Galar, F|63/100|[from] U-turn
|move|p2a: Fatty|Sludge Bomb|p1a: Slowking
|-resisted|p1a: Slowking
|-damage|p1a: Slowking|50/100
|
|upkeep
|turn|46
|inactive|The Blind Side has 30 seconds left.
|
|t:|1779820351
|move|p2a: Fatty|Psyshock|p1a: Slowking
|-damage|p1a: Slowking|28/100
|move|p1a: Slowking|Ice Beam|p2a: Fatty
|-damage|p2a: Fatty|32/100
|
|upkeep
|turn|47
|
|t:|1779820358
|switch|p1a: Ting-Lu|Ting-Lu|56/100
|-ability|p1a: Ting-Lu|Vessel of Ruin
|move|p2a: Fatty|Psyshock|p1a: Ting-Lu
|-immune|p1a: Ting-Lu
|
|upkeep
|turn|48
|
|t:|1779820376
|switch|p1a: Slowking|Slowking-Galar, F|61/100
|switch|p2a: Hydra|Hydrapple, M|98/100
|
|upkeep
|turn|49
|
|t:|1779820387
|switch|p2a: Fatty|Slowking-Galar, F|65/100
|move|p1a: Slowking|Ice Beam|p2a: Fatty
|-damage|p2a: Fatty|52/100
|
|upkeep
|turn|50
|
|t:|1779820400
|move|p2a: Fatty|Psyshock|p1a: Slowking
|-damage|p1a: Slowking|40/100
|move|p1a: Slowking|Future Sight|p2a: Fatty
|-start|p1a: Slowking|move: Future Sight
|
|upkeep
|turn|51
|
|t:|1779820407
|move|p2a: Fatty|Psyshock|p1a: Slowking
|-damage|p1a: Slowking|18/100
|-prepare|p1a: Slowking|Chilly Reception|[premajor]
|move|p1a: Slowking|Chilly Reception|p1a: Slowking
|-weather|Snowscape
|
|t:|1779820414
|switch|p1a: Ting-Lu|Ting-Lu|56/100|[from] Chilly Reception
|-ability|p1a: Ting-Lu|Vessel of Ruin
|
|-weather|Snowscape|[upkeep]
|upkeep
|turn|52
|inactive|claudechamp has 60 seconds left.
|inactive|The Blind Side has 60 seconds left.
|
|t:|1779820442
|switch|p2a: Hydra|Hydrapple, M|100/100
|move|p1a: Ting-Lu|Rest|p1a: Ting-Lu
|-status|p1a: Ting-Lu|slp|[from] move: Rest
|-heal|p1a: Ting-Lu|100/100 slp|[silent]
|
|-weather|Snowscape|[upkeep]
|-end|p2a: Hydra|move: Future Sight
|-damage|p2a: Hydra|67/100
|upkeep
|turn|53
|inactive|claudechamp has 60 seconds left.
|
|t:|1779820462
|switch|p1a: Slowking|Slowking-Galar, F|51/100
|move|p2a: Hydra|Nasty Plot|p2a: Hydra
|-boost|p2a: Hydra|spa|2
|
|-weather|Snowscape|[upkeep]
|upkeep
|turn|54
|inactive|claudechamp has 60 seconds left.
|inactive|The Blind Side has 30 seconds left.
|
|t:|1779820482
|switch|p2a: Fatty|Slowking-Galar, F|85/100
|move|p1a: Slowking|Future Sight|p2a: Fatty
|-start|p1a: Slowking|move: Future Sight
|
|-weather|Snowscape|[upkeep]
|upkeep
|turn|55
|inactive|The Blind Side has 30 seconds left.
|
|t:|1779820506
|move|p2a: Fatty|Psyshock|p1a: Slowking
|-damage|p1a: Slowking|29/100
|-prepare|p1a: Slowking|Chilly Reception|[premajor]
|move|p1a: Slowking|Chilly Reception|p1a: Slowking
|
|t:|1779820508
|switch|p1a: Cinderace|Cinderace, F|50/100 psn|[from] Chilly Reception
|
|-weather|none
|-damage|p1a: Cinderace|37/100 psn|[from] psn
|upkeep
|turn|56
|inactive|The Blind Side has 30 seconds left.
|
|t:|1779820524
|move|p1a: Cinderace|U-turn|p2a: Fatty
|-damage|p2a: Fatty|71/100
|inactive|claudechamp has 60 seconds left.
|
|t:|1779820537
|switch|p1a: Slowking|Slowking-Galar, F|62/100|[from] U-turn
|move|p2a: Fatty|Sludge Bomb|p1a: Slowking
|-resisted|p1a: Slowking
|-damage|p1a: Slowking|49/100
|
|-end|p2a: Fatty|move: Future Sight
|-damage|p2a: Fatty|46/100
|upkeep
|turn|57
|inactive|claudechamp has 60 seconds left.
|inactive|The Blind Side has 30 seconds left.
|
|t:|1779820554
|move|p2a: Fatty|Psyshock|p1a: Slowking
|-damage|p1a: Slowking|29/100
|-prepare|p1a: Slowking|Chilly Reception|[premajor]
|move|p1a: Slowking|Chilly Reception|p1a: Slowking
|-weather|Snowscape
|
|t:|1779820564
|switch|p1a: Cinderace|Cinderace, F|37/100 psn|[from] Chilly Reception
|
|-weather|Snowscape|[upkeep]
|-damage|p1a: Cinderace|25/100 psn|[from] psn
|upkeep
|turn|58
|
|t:|1779820584
|switch|p2a: Phoenix|Moltres|46/100 psn
|move|p1a: Cinderace|U-turn|p2a: Phoenix
|-resisted|p2a: Phoenix
|-damage|p2a: Phoenix|43/100 psn
|
|t:|1779820597
|switch|p1a: Slowking|Slowking-Galar, F|62/100|[from] U-turn
|
|-weather|Snowscape|[upkeep]
|-damage|p2a: Phoenix|31/100 psn|[from] psn
|upkeep
|turn|59
|
|t:|1779820605
|move|p2a: Phoenix|Roost|p2a: Phoenix
|-heal|p2a: Phoenix|81/100 psn
|-singleturn|p2a: Phoenix|move: Roost
|-prepare|p1a: Slowking|Chilly Reception|[premajor]
|move|p1a: Slowking|Chilly Reception|p1a: Slowking
|
|t:|1779820607
|switch|p1a: Ting-Lu|Ting-Lu|100/100 slp|[from] Chilly Reception
|-ability|p1a: Ting-Lu|Vessel of Ruin
|
|-weather|Snowscape|[upkeep]
|-damage|p2a: Phoenix|68/100 psn|[from] psn
|upkeep
|turn|60
|
|t:|1779820633
|switch|p1a: Slowking|Slowking-Galar, F|95/100
|move|p2a: Phoenix|Flamethrower|p1a: Slowking
|-damage|p1a: Slowking|65/100
|
|-weather|Snowscape|[upkeep]
|-damage|p2a: Phoenix|56/100 psn|[from] psn
|upkeep
|turn|61
|
|t:|1779820645
|move|p2a: Phoenix|Flamethrower|p1a: Slowking
|-damage|p1a: Slowking|33/100
|move|p1a: Slowking|Sludge Bomb|p2a: Phoenix
|-damage|p2a: Phoenix|19/100 psn
|
|-weather|none
|-damage|p2a: Phoenix|7/100 psn|[from] psn
|upkeep
|turn|62
|
|t:|1779820659
|move|p2a: Phoenix|Roost|p2a: Phoenix
|-heal|p2a: Phoenix|57/100 psn
|-singleturn|p2a: Phoenix|move: Roost
|-prepare|p1a: Slowking|Chilly Reception|[premajor]
|move|p1a: Slowking|Chilly Reception|p1a: Slowking
|-weather|Snowscape
|inactive|claudechamp has 60 seconds left.
|
|t:|1779820671
|switch|p1a: Ting-Lu|Ting-Lu|100/100 slp|[from] Chilly Reception
|-ability|p1a: Ting-Lu|Vessel of Ruin
|
|-weather|Snowscape|[upkeep]
|-damage|p2a: Phoenix|45/100 psn|[from] psn
|upkeep
|turn|63
|inactive|claudechamp has 60 seconds left.
|
|t:|1779820689
|move|p2a: Phoenix|Flamethrower|p1a: Ting-Lu
|-damage|p1a: Ting-Lu|86/100 slp
|cant|p1a: Ting-Lu|slp
|move|p1a: Ting-Lu|Sleep Talk|p1a: Ting-Lu
|move|p1a: Ting-Lu|Rest||[from] move: Sleep Talk|[still]
|-fail|p1a: Ting-Lu
|
|-weather|Snowscape|[upkeep]
|-damage|p2a: Phoenix|32/100 psn|[from] psn
|upkeep
|turn|64
|inactive|claudechamp has 60 seconds left.
|
|t:|1779820707
|switch|p1a: Slowking|Slowking-Galar, F|66/100
|move|p2a: Phoenix|U-turn|p1a: Slowking
|-damage|p1a: Slowking|57/100
|
|t:|1779820715
|switch|p2a: Fatty|Slowking-Galar, F|79/100|[from] U-turn
|
|-weather|Snowscape|[upkeep]
|upkeep
|turn|65
|inactive|claudechamp has 60 seconds left.
|
|t:|1779820737
|move|p2a: Fatty|Ice Beam|p1a: Slowking
|-damage|p1a: Slowking|39/100
|move|p1a: Slowking|Future Sight|p2a: Fatty
|-start|p1a: Slowking|move: Future Sight
|
|-weather|Snowscape|[upkeep]
|upkeep
|turn|66
|inactive|claudechamp has 60 seconds left.
|
|t:|1779820749
|switch|p1a: Ting-Lu|Ting-Lu|86/100 slp
|-ability|p1a: Ting-Lu|Vessel of Ruin
|move|p2a: Fatty|Ice Beam|p1a: Ting-Lu
|-supereffective|p1a: Ting-Lu
|-damage|p1a: Ting-Lu|66/100 slp
|
|-weather|none
|upkeep
|turn|67
|inactive|claudechamp has 60 seconds left.
|
|t:|1779820762
|cant|p1a: Ting-Lu|slp
|move|p1a: Ting-Lu|Sleep Talk|p1a: Ting-Lu
|move|p1a: Ting-Lu|Rest||[from] move: Sleep Talk|[still]
|-fail|p1a: Ting-Lu
|move|p2a: Fatty|Ice Beam|p1a: Ting-Lu
|-supereffective|p1a: Ting-Lu
|-damage|p1a: Ting-Lu|48/100 slp
|
|-end|p2a: Fatty|move: Future Sight
|-damage|p2a: Fatty|60/100
|upkeep
|turn|68
|inactive|claudechamp has 60 seconds left.
|
|t:|1779820779
|switch|p1a: Slowking|Slowking-Galar, F|72/100
|switch|p2a: Hydra|Hydrapple, M|99/100
|
|upkeep
|turn|69
|
|t:|1779820793
|switch|p2a: Fatty|Slowking-Galar, F|94/100
|move|p1a: Slowking|Sludge Bomb|p2a: Fatty
|-resisted|p2a: Fatty
|-damage|p2a: Fatty|85/100
|
|upkeep
|turn|70
|
|t:|1779820805
|move|p2a: Fatty|Ice Beam|p1a: Slowking
|-damage|p1a: Slowking|55/100
|move|p1a: Slowking|Future Sight|p2a: Fatty
|-start|p1a: Slowking|move: Future Sight
|
|upkeep
|turn|71
|
|t:|1779820810
|switch|p1a: Ting-Lu|Ting-Lu|48/100 slp
|-ability|p1a: Ting-Lu|Vessel of Ruin
|move|p2a: Fatty|Ice Beam|p1a: Ting-Lu
|-supereffective|p1a: Ting-Lu
|-damage|p1a: Ting-Lu|29/100 slp
|
|upkeep
|turn|72
|
|t:|1779820818
|-curestatus|p1a: Ting-Lu|slp|[msg]
|move|p1a: Ting-Lu|Rest|p1a: Ting-Lu
|-status|p1a: Ting-Lu|slp|[from] move: Rest
|-heal|p1a: Ting-Lu|100/100 slp|[silent]
|move|p2a: Fatty|Ice Beam|p1a: Ting-Lu
|-supereffective|p1a: Ting-Lu
|-damage|p1a: Ting-Lu|83/100 slp
|
|-end|p2a: Fatty|move: Future Sight
|-damage|p2a: Fatty|67/100
|upkeep
|turn|73
|
|t:|1779820829
|switch|p1a: Slowking|Slowking-Galar, F|88/100
|switch|p2a: Hydra|Hydrapple, M|100/100
|
|upkeep
|turn|74
|
|t:|1779820837
|move|p2a: Hydra|Earth Power|p1a: Slowking
|-supereffective|p1a: Slowking
|-damage|p1a: Slowking|47/100
|move|p1a: Slowking|Sludge Bomb|p2a: Hydra
|-supereffective|p2a: Hydra
|-damage|p2a: Hydra|26/100
|
|upkeep
|turn|75
|
|t:|1779820847
|switch|p2a: Fatty|Slowking-Galar, F|99/100
|-prepare|p1a: Slowking|Chilly Reception|[premajor]
|move|p1a: Slowking|Chilly Reception|p1a: Slowking
|-weather|Snowscape
|
|t:|1779820855
|switch|p1a: Cinderace|Cinderace, F|25/100 psn|[from] Chilly Reception
|
|-weather|Snowscape|[upkeep]
|-damage|p1a: Cinderace|13/100 psn|[from] psn
|upkeep
|turn|76
|inactive|claudechamp has 90 seconds left.
|
|t:|1779820865
|move|p1a: Cinderace|U-turn|p2a: Fatty
|-damage|p2a: Fatty|85/100
|inactive|claudechamp has 90 seconds left.
|
|t:|1779820874
|switch|p1a: Slowking|Slowking-Galar, F|80/100|[from] U-turn
|move|p2a: Fatty|Ice Beam|p1a: Slowking
|-damage|p1a: Slowking|63/100
|
|-weather|Snowscape|[upkeep]
|upkeep
|turn|77
|
|t:|1779820880
|move|p2a: Fatty|Ice Beam|p1a: Slowking
|-damage|p1a: Slowking|46/100
|move|p1a: Slowking|Future Sight|p2a: Fatty
|-start|p1a: Slowking|move: Future Sight
|
|-weather|Snowscape|[upkeep]
|upkeep
|turn|78
|
|t:|1779820894
|move|p2a: Fatty|Ice Beam|p1a: Slowking
|-damage|p1a: Slowking|29/100
|-prepare|p1a: Slowking|Chilly Reception|[premajor]
|move|p1a: Slowking|Chilly Reception|p1a: Slowking
|
|t:|1779820900
|switch|p1a: Ting-Lu|Ting-Lu|83/100 slp|[from] Chilly Reception
|-ability|p1a: Ting-Lu|Vessel of Ruin
|
|-weather|Snowscape|[upkeep]
|upkeep
|turn|79
|
|t:|1779820907
|cant|p1a: Ting-Lu|slp
|move|p1a: Ting-Lu|Sleep Talk|p1a: Ting-Lu
|move|p1a: Ting-Lu|Earthquake|p2a: Fatty|[from] move: Sleep Talk
|-supereffective|p2a: Fatty
|-damage|p2a: Fatty|32/100
|move|p2a: Fatty|Ice Beam|p1a: Ting-Lu
|-supereffective|p1a: Ting-Lu
|-damage|p1a: Ting-Lu|65/100 slp
|
|-weather|none
|-end|p2a: Fatty|move: Future Sight
|-damage|p2a: Fatty|13/100
|upkeep
|turn|80
|
|t:|1779820924
|switch|p1a: Slowking|Slowking-Galar, F|62/100
|switch|p2a: Phoenix|Moltres|32/100 psn
|
|-damage|p2a: Phoenix|20/100 psn|[from] psn
|upkeep
|turn|81
|
|t:|1779820932
|move|p2a: Phoenix|Roost|p2a: Phoenix
|-heal|p2a: Phoenix|70/100 psn
|-singleturn|p2a: Phoenix|move: Roost
|-prepare|p1a: Slowking|Chilly Reception|[premajor]
|move|p1a: Slowking|Chilly Reception|p1a: Slowking
|-weather|Snowscape
|
|t:|1779820937
|switch|p1a: Ting-Lu|Ting-Lu|65/100 slp|[from] Chilly Reception
|-ability|p1a: Ting-Lu|Vessel of Ruin
|
|-weather|Snowscape|[upkeep]
|-damage|p2a: Phoenix|58/100 psn|[from] psn
|upkeep
|turn|82
|
|t:|1779820945
|move|p2a: Phoenix|Flamethrower|p1a: Ting-Lu
|-damage|p1a: Ting-Lu|49/100 slp
|cant|p1a: Ting-Lu|slp
|move|p1a: Ting-Lu|Sleep Talk|p1a: Ting-Lu
|move|p1a: Ting-Lu|Rest||[from] move: Sleep Talk|[still]
|-fail|p1a: Ting-Lu
|
|-weather|Snowscape|[upkeep]
|-damage|p2a: Phoenix|46/100 psn|[from] psn
|upkeep
|turn|83
|inactive|claudechamp has 120 seconds left.
|inactive|The Blind Side has 120 seconds left.
|
|t:|1779820956
|move|p2a: Phoenix|Flamethrower|p1a: Ting-Lu
|-damage|p1a: Ting-Lu|34/100 slp
|-curestatus|p1a: Ting-Lu|slp|[msg]
|move|p1a: Ting-Lu|Rest|p1a: Ting-Lu
|-status|p1a: Ting-Lu|slp|[from] move: Rest
|-heal|p1a: Ting-Lu|100/100 slp|[silent]
|
|-weather|Snowscape|[upkeep]
|-damage|p2a: Phoenix|33/100 psn|[from] psn
|upkeep
|turn|84
|inactive|claudechamp has 120 seconds left.
|inactive|The Blind Side has 120 seconds left.
|
|t:|1779820967
|switch|p1a: Slowking|Slowking-Galar, F|95/100
|move|p2a: Phoenix|Flamethrower|p1a: Slowking
|-damage|p1a: Slowking|67/100
|
|-weather|Snowscape|[upkeep]
|-damage|p2a: Phoenix|21/100 psn|[from] psn
|upkeep
|turn|85
|inactive|claudechamp has 120 seconds left.
|
|t:|1779820977
|move|p2a: Phoenix|Roost|p2a: Phoenix
|-heal|p2a: Phoenix|71/100 psn
|-singleturn|p2a: Phoenix|move: Roost
|move|p1a: Slowking|Sludge Bomb|p2a: Phoenix
|-damage|p2a: Phoenix|36/100 psn
|
|-weather|none
|-damage|p2a: Phoenix|23/100 psn|[from] psn
|upkeep
|turn|86
|
|t:|1779820989
|move|p2a: Phoenix|U-turn|p1a: Slowking
|-damage|p1a: Slowking|57/100
|inactive|The Blind Side has 120 seconds left.
|
|t:|1779821000
|switch|p2a: Fatty|Slowking-Galar, F|46/100|[from] U-turn
|move|p1a: Slowking|Sludge Bomb|p2a: Fatty
|-resisted|p2a: Fatty
|-damage|p2a: Fatty|37/100
|
|upkeep
|turn|87
|
|t:|1779821007
|move|p2a: Fatty|Ice Beam|p1a: Slowking
|-damage|p1a: Slowking|38/100
|move|p1a: Slowking|Ice Beam|p2a: Fatty
|-damage|p2a: Fatty|24/100
|
|upkeep
|turn|88
|
|t:|1779821013
|move|p2a: Fatty|Ice Beam|p1a: Slowking
|-damage|p1a: Slowking|19/100
|-status|p1a: Slowking|frz
|cant|p1a: Slowking|frz
|
|upkeep
|turn|89
|
|t:|1779821022
|move|p2a: Fatty|Ice Beam|p1a: Slowking
|-damage|p1a: Slowking|0 fnt
|faint|p1a: Slowking
|
|upkeep
|
|t:|1779821032
|switch|p1a: Ting-Lu|Ting-Lu|100/100 slp
|-ability|p1a: Ting-Lu|Vessel of Ruin
|turn|90
|
|t:|1779821040
|switch|p2a: Hydra|Hydrapple, M|60/100
|cant|p1a: Ting-Lu|slp
|move|p1a: Ting-Lu|Sleep Talk|p1a: Ting-Lu
|move|p1a: Ting-Lu|Earthquake|p2a: Hydra|[from] move: Sleep Talk
|-resisted|p2a: Hydra
|-damage|p2a: Hydra|48/100
|
|upkeep
|turn|91
|
|t:|1779821048
|switch|p1a: Dondozo|Dondozo, M|100/100 slp
|move|p2a: Hydra|Giga Drain|p1a: Dondozo
|-supereffective|p1a: Dondozo
|-damage|p1a: Dondozo|56/100 slp
|-heal|p2a: Hydra|76/100|[from] drain|[of] p1a: Dondozo
|
|-heal|p1a: Dondozo|62/100 slp|[from] item: Leftovers
|upkeep
|turn|92
|
|t:|1779821059
|-terastallize|p1a: Dondozo|Dark
|move|p2a: Hydra|Nasty Plot|p2a: Hydra
|-boost|p2a: Hydra|spa|2
|cant|p1a: Dondozo|slp
|
|-heal|p1a: Dondozo|68/100 slp|[from] item: Leftovers
|upkeep
|turn|93
|
|t:|1779821069
|move|p2a: Hydra|Giga Drain|p1a: Dondozo
|-damage|p1a: Dondozo|47/100 slp
|-heal|p2a: Hydra|89/100|[from] drain|[of] p1a: Dondozo
|cant|p1a: Dondozo|slp
|
|-heal|p1a: Dondozo|53/100 slp|[from] item: Leftovers
|upkeep
|turn|94
|
|t:|1779821082
|move|p2a: Hydra|Fickle Beam|p1a: Dondozo
|-damage|p1a: Dondozo|32/100 slp
|-curestatus|p1a: Dondozo|slp|[msg]
|move|p1a: Dondozo|Waterfall|p2a: Hydra
|-resisted|p2a: Hydra
|-damage|p2a: Hydra|85/100
|
|-heal|p1a: Dondozo|38/100|[from] item: Leftovers
|upkeep
|turn|95
|
|t:|1779821092
|move|p2a: Hydra|Nasty Plot|p2a: Hydra
|-boost|p2a: Hydra|spa|2
|move|p1a: Dondozo|Waterfall|p2a: Hydra
|-resisted|p2a: Hydra
|-damage|p2a: Hydra|81/100
|
|-heal|p1a: Dondozo|44/100|[from] item: Leftovers
|upkeep
|turn|96
|
|t:|1779821106
|move|p2a: Hydra|Nasty Plot|p2a: Hydra
|-boost|p2a: Hydra|spa|2
|move|p1a: Dondozo|Body Press|p2a: Hydra
|-damage|p2a: Hydra|68/100
|
|-heal|p1a: Dondozo|50/100|[from] item: Leftovers
|upkeep
|turn|97
|
|t:|1779821120
|move|p2a: Hydra|Giga Drain|p1a: Dondozo
|-damage|p1a: Dondozo|31/100
|-heal|p2a: Hydra|81/100|[from] drain|[of] p1a: Dondozo
|move|p1a: Dondozo|Body Press|p2a: Hydra
|-damage|p2a: Hydra|67/100
|
|-heal|p1a: Dondozo|37/100|[from] item: Leftovers
|upkeep
|turn|98
|
|t:|1779821137
|move|p2a: Hydra|Giga Drain|p1a: Dondozo
|-damage|p1a: Dondozo|16/100
|-heal|p2a: Hydra|80/100|[from] drain|[of] p1a: Dondozo
|move|p1a: Dondozo|Body Press|p2a: Hydra
|-damage|p2a: Hydra|68/100
|
|-heal|p1a: Dondozo|22/100|[from] item: Leftovers
|upkeep
|turn|99
|
|t:|1779821151
|move|p2a: Hydra|Fickle Beam|p1a: Dondozo|[anim] Fickle Beam All Out
|-activate|p2a: Hydra|move: Fickle Beam
|-damage|p1a: Dondozo|0 fnt
|faint|p1a: Dondozo
|
|upkeep
|
|t:|1779821159
|switch|p1a: Ting-Lu|Ting-Lu|100/100 slp
|-ability|p1a: Ting-Lu|Vessel of Ruin
|turn|100
|
|t:|1779821179
|move|p2a: Hydra|Giga Drain|p1a: Ting-Lu
|-supereffective|p1a: Ting-Lu
|-damage|p1a: Ting-Lu|0 fnt
|-heal|p2a: Hydra|100/100|[from] drain|[of] p1a: Ting-Lu
|faint|p1a: Ting-Lu
|
|upkeep
|
|t:|1779821189
|switch|p1a: Cinderace|Cinderace, F|13/100 psn
|turn|101
|inactive|claudechamp has 120 seconds left.
|
|t:|1779821202
|move|p1a: Cinderace|U-turn|p2a: Hydra
|-supereffective|p2a: Hydra
|-damage|p2a: Hydra|77/100
|move|p2a: Hydra|Earth Power|p1a: Cinderace
|-supereffective|p1a: Cinderace
|-damage|p1a: Cinderace|0 fnt
|faint|p1a: Cinderace
|
|win|The Blind Side
|raw|claudechamp's rating: 1155 &rarr; <strong>1138</strong><br />(-17 for losing)
|raw|The Blind Side's rating: 1265 &rarr; <strong>1282</strong><br />(+17 for winning)
|c|☆claudechamp|gg
|c|☆The Blind Side|gg
|l|☆The Blind Side
|player|p2|
