|j|☆qinuolishu
|j|☆lafrappedu13
|t:|1779963235
|gametype|singles
|player|p1|qinuolishu|acetrainerf-gen6xy|1374
|player|p2|lafrappedu13|ethan|1425
|gen|9
|tier|[Gen 9] OU
|rated|
|rule|HP Percentage Mod: HP is shown in percentages
|rule|Endless Battle Clause: Forcing endless battles is banned
|rule|Species Clause: Limit one of each Pokémon
|rule|OHKO Clause: OHKO moves are banned
|rule|Evasion Items Clause: Evasion items are banned
|rule|Evasion Moves Clause: Evasion moves are banned
|rule|Evasion Abilities Clause: Evasion abilities are banned
|rule|Sleep Moves Clause: Sleep-inducing moves are banned
|clearpoke
|poke|p1|Sceptile, M|
|poke|p1|Ogerpon-Wellspring, F|
|poke|p1|Salamence, M|
|poke|p1|Iron Crown|
|poke|p1|Great Tusk|
|poke|p1|Garganacl, F|
|poke|p2|Great Tusk|
|poke|p2|Dragonite, F|
|poke|p2|Ogerpon-Wellspring, F|
|poke|p2|Iron Moth|
|poke|p2|Iron Valiant|
|poke|p2|Kingambit, M|
|teampreview
|inactive|Battle timer is ON: inactive players will automatically lose when time's up. (requested by lafrappedu13)
|
|t:|1779963252
|teamsize|p1|6
|teamsize|p2|6
|start
|switch|p1a: Sceptile|Sceptile, M, shiny|100/100
|switch|p2a: Scarlett|Ogerpon-Wellspring, F|100/100
|turn|1
|
|t:|1779963274
|move|p1a: Sceptile|Leaf Storm|p2a: Scarlett
|-damage|p2a: Scarlett|37/100
|-unboost|p1a: Sceptile|spa|2
|move|p2a: Scarlett|U-turn|p1a: Sceptile
|-supereffective|p1a: Sceptile
|-enditem|p1a: Sceptile|Focus Sash
|-damage|p1a: Sceptile|1/100
|inactive|lafrappedu13 has 120 seconds left.
|
|t:|1779963290
|switch|p2a: Maya l'Abeille|Iron Moth, shiny|100/100|[from] U-turn
|
|upkeep
|turn|2
|
|t:|1779963295
|move|p1a: Sceptile|Endeavor|p2a: Maya l'Abeille
|-damage|p2a: Maya l'Abeille|1/100
|move|p2a: Maya l'Abeille|Fiery Dance|p1a: Sceptile
|-supereffective|p1a: Sceptile
|-damage|p1a: Sceptile|0 fnt
|faint|p1a: Sceptile
|
|upkeep
|
|t:|1779963313
|switch|p1a: Garganacl|Garganacl, F|100/100
|turn|3
|
|t:|1779963317
|-end|p2a: Maya l'Abeille|Quark Drive|[silent]
|switch|p2a: Jean-Marie Bigard|Great Tusk|100/100
|move|p1a: Garganacl|Salt Cure|p2a: Jean-Marie Bigard
|-resisted|p2a: Jean-Marie Bigard
|-damage|p2a: Jean-Marie Bigard|98/100
|-start|p2a: Jean-Marie Bigard|Salt Cure
|
|-damage|p2a: Jean-Marie Bigard|86/100|[from] Salt Cure
|upkeep
|turn|4
|
|t:|1779963325
|switch|p1a: Salamence|Salamence, M|100/100
|move|p2a: Jean-Marie Bigard|Stealth Rock|p1a: Salamence
|-sidestart|p1: qinuolishu|move: Stealth Rock
|
|-damage|p2a: Jean-Marie Bigard|73/100|[from] Salt Cure
|upkeep
|turn|5
|
|t:|1779963332
|-terastallize|p1a: Salamence|Fire
|move|p1a: Salamence|Dragon Dance|p1a: Salamence
|-boost|p1a: Salamence|atk|1
|-boost|p1a: Salamence|spe|1
|move|p2a: Jean-Marie Bigard|Ice Spinner|p1a: Salamence
|-resisted|p1a: Salamence
|-damage|p1a: Salamence|83/100
|
|-heal|p1a: Salamence|89/100|[from] item: Leftovers
|-damage|p2a: Jean-Marie Bigard|61/100|[from] Salt Cure
|upkeep
|turn|6
|
|t:|1779963347
|-terastallize|p2a: Jean-Marie Bigard|Fire
|move|p1a: Salamence|Dual Wingbeat|p2a: Jean-Marie Bigard
|-damage|p2a: Jean-Marie Bigard|36/100
|-damage|p1a: Salamence|73/100|[from] item: Rocky Helmet|[of] p2a: Jean-Marie Bigard
|-damage|p2a: Jean-Marie Bigard|11/100
|-damage|p1a: Salamence|56/100|[from] item: Rocky Helmet|[of] p2a: Jean-Marie Bigard
|-hitcount|p2a: Jean-Marie Bigard|2
|move|p2a: Jean-Marie Bigard|Headlong Rush|p1a: Salamence
|-supereffective|p1a: Salamence
|-damage|p1a: Salamence|0 fnt
|-unboost|p2a: Jean-Marie Bigard|def|1
|-unboost|p2a: Jean-Marie Bigard|spd|1
|faint|p1a: Salamence
|
|-damage|p2a: Jean-Marie Bigard|0 fnt|[from] Salt Cure
|faint|p2a: Jean-Marie Bigard
|-end|p2a: Jean-Marie Bigard|Protosynthesis|[silent]
|upkeep
|
|t:|1779963365
|switch|p1a: Garganacl|Garganacl, F|100/100
|switch|p2a: Maya l'Abeille|Iron Moth, shiny|1/100
|-damage|p1a: Garganacl|88/100|[from] Stealth Rock
|turn|7
|
|t:|1779963371
|move|p2a: Maya l'Abeille|Energy Ball|p1a: Garganacl
|-supereffective|p1a: Garganacl
|-damage|p1a: Garganacl|28/100
|-unboost|p1a: Garganacl|spd|1
|move|p1a: Garganacl|Stealth Rock|p2a: Maya l'Abeille
|-sidestart|p2: lafrappedu13|move: Stealth Rock
|
|-heal|p1a: Garganacl|34/100|[from] item: Leftovers
|upkeep
|turn|8
|
|t:|1779963378
|move|p2a: Maya l'Abeille|Energy Ball|p1a: Garganacl
|-supereffective|p1a: Garganacl
|-damage|p1a: Garganacl|0 fnt
|faint|p1a: Garganacl
|
|upkeep
|
|t:|1779963394
|switch|p1a: Iron Crown|Iron Crown|100/100
|-damage|p1a: Iron Crown|94/100|[from] Stealth Rock
|-enditem|p1a: Iron Crown|Booster Energy
|-activate|p1a: Iron Crown|ability: Quark Drive|[fromitem]
|-start|p1a: Iron Crown|quarkdrivespe
|turn|9
|
|t:|1779963402
|move|p2a: Maya l'Abeille|Energy Ball|p1a: Iron Crown
|-resisted|p1a: Iron Crown
|-damage|p1a: Iron Crown|79/100
|move|p1a: Iron Crown|Psychic|p2a: Maya l'Abeille
|-supereffective|p2a: Maya l'Abeille
|-damage|p2a: Maya l'Abeille|0 fnt
|faint|p2a: Maya l'Abeille
|-end|p2a: Maya l'Abeille|Quark Drive|[silent]
|
|upkeep
|
|t:|1779963420
|switch|p2a: Joséphine Ange-G.|Dragonite, F|100/100
|turn|10
|
|t:|1779963425
|move|p1a: Iron Crown|Tachyon Cutter|p2a: Joséphine Ange-G.
|-damage|p2a: Joséphine Ange-G.|88/100
|-damage|p2a: Joséphine Ange-G.|65/100
|-hitcount|p2a: Joséphine Ange-G.|2
|move|p2a: Joséphine Ange-G.|Earthquake|p1a: Iron Crown
|-supereffective|p1a: Iron Crown
|-damage|p1a: Iron Crown|8/100
|
|upkeep
|turn|11
|
|t:|1779963433
|move|p2a: Joséphine Ange-G.|Extreme Speed|p1a: Iron Crown
|-resisted|p1a: Iron Crown
|-damage|p1a: Iron Crown|0 fnt
|faint|p1a: Iron Crown
|-end|p1a: Iron Crown|Quark Drive|[silent]
|
|upkeep
|
|t:|1779963437
|switch|p1a: Great Tusk|Great Tusk|100/100
|-damage|p1a: Great Tusk|98/100|[from] Stealth Rock
|turn|12
|
|t:|1779963441
|move|p1a: Great Tusk|Rapid Spin|p2a: Joséphine Ange-G.
|-damage|p2a: Joséphine Ange-G.|46/100
|-boost|p1a: Great Tusk|spe|1
|-sideend|p1: qinuolishu|Stealth Rock|[from] move: Rapid Spin|[of] p1a: Great Tusk
|move|p2a: Joséphine Ange-G.|Ice Spinner|p1a: Great Tusk
|-supereffective|p1a: Great Tusk
|-damage|p1a: Great Tusk|53/100
|-damage|p2a: Joséphine Ange-G.|30/100|[from] item: Rocky Helmet|[of] p1a: Great Tusk
|
|upkeep
|turn|13
|
|t:|1779963451
|move|p2a: Joséphine Ange-G.|Extreme Speed|p1a: Great Tusk
|-damage|p1a: Great Tusk|33/100
|-damage|p2a: Joséphine Ange-G.|13/100|[from] item: Rocky Helmet|[of] p1a: Great Tusk
|move|p1a: Great Tusk|Ice Spinner|p2a: Joséphine Ange-G.
|-supereffective|p2a: Joséphine Ange-G.
|-damage|p2a: Joséphine Ange-G.|0 fnt
|faint|p2a: Joséphine Ange-G.
|
|upkeep
|
|t:|1779963459
|switch|p2a: Gallame|Iron Valiant, shiny|100/100
|-damage|p2a: Gallame|94/100|[from] Stealth Rock
|-enditem|p2a: Gallame|Booster Energy
|-activate|p2a: Gallame|ability: Quark Drive|[fromitem]
|-start|p2a: Gallame|quarkdrivespe
|turn|14
|c|☆lafrappedu13|gg
|
|t:|1779963464
|-end|p1a: Great Tusk|Protosynthesis|[silent]
|switch|p1a: Ogerpon|Ogerpon-Wellspring, F|100/100
|move|p2a: Gallame|Moonblast|p1a: Ogerpon
|-damage|p1a: Ogerpon|49/100
|
|upkeep
|turn|15
|-message|qinuolishu forfeited.
|
|win|lafrappedu13
|raw|qinuolishu's rating: 1374 &rarr; <strong>1357</strong><br />(-17 for losing)
|raw|lafrappedu13's rating: 1425 &rarr; <strong>1442</strong><br />(+17 for winning)
|l|☆qinuolishu
|player|p1|
