|j|☆nwalesu
|j|☆goodgoodcush
|t:|1779872037
|gametype|singles
|player|p1|nwalesu|pokemaniac|1489
|player|p2|goodgoodcush|265|1548
|gen|9
|tier|[Gen 9] OU
|rated|
|rule|HP Percentage Mod: HP is shown in percentages
|rule|Endless Battle Clause: Forcing endless battles is banned
|rule|Species Clause: Limit one of each Pokémon
|rule|OHKO Clause: OHKO moves are banned
|rule|Evasion Items Clause: Evasion items are banned
|rule|Evasion Moves Clause: Evasion moves are banned
|rule|Evasion Abilities Clause: Evasion abilities are banned
|rule|Sleep Moves Clause: Sleep-inducing moves are banned
|clearpoke
|poke|p1|Dragapult, F|
|poke|p1|Rotom-Heat|
|poke|p1|Clodsire, M|
|poke|p1|Mandibuzz, F|
|poke|p1|Dragonite, M|
|poke|p1|Iron Valiant|
|poke|p2|Dragonite, M|
|poke|p2|Zamazenta-*|
|poke|p2|Glimmora, F|
|poke|p2|Gholdengo|
|poke|p2|Iron Valiant|
|poke|p2|Ogerpon-Wellspring, F|
|teampreview
|inactive|Battle timer is ON: inactive players will automatically lose when time's up. (requested by nwalesu)
|
|t:|1779872055
|teamsize|p1|6
|teamsize|p2|6
|start
|switch|p1a: Drippy|Dragapult, F|100/100
|switch|p2a: Glimmora|Glimmora, F|100/100
|turn|1
|
|t:|1779872059
|switch|p1a: Clodsire|Clodsire, M|100/100
|move|p2a: Glimmora|Mortal Spin|p1a: Clodsire
|-resisted|p1a: Clodsire
|-damage|p1a: Clodsire|99/100
|
|-heal|p1a: Clodsire|100/100|[from] item: Leftovers
|upkeep
|turn|2
|
|t:|1779872065
|switch|p2a: Gholdengo|Gholdengo|100/100
|-item|p2a: Gholdengo|Air Balloon
|move|p1a: Clodsire|Earthquake|p2a: Gholdengo
|-immune|p2a: Gholdengo
|
|upkeep
|turn|3
|
|t:|1779872071
|switch|p1a: Mandibuzz|Mandibuzz, F|100/100
|move|p2a: Gholdengo|Thunder Wave|p1a: Mandibuzz
|-status|p1a: Mandibuzz|par
|
|upkeep
|turn|4
|
|t:|1779872081
|switch|p2a: Ogerpon|Ogerpon-Wellspring, F|100/100
|move|p1a: Mandibuzz|U-turn|p2a: Ogerpon
|-supereffective|p2a: Ogerpon
|-damage|p2a: Ogerpon|73/100
|
|t:|1779872091
|switch|p1a: Drippy|Dragapult, F|100/100|[from] U-turn
|
|upkeep
|turn|5
|
|t:|1779872094
|move|p1a: Drippy|Will-O-Wisp|p2a: Ogerpon
|-status|p2a: Ogerpon|brn
|move|p2a: Ogerpon|Knock Off|p1a: Drippy
|-supereffective|p1a: Drippy
|-damage|p1a: Drippy|42/100
|-enditem|p1a: Drippy|Heavy-Duty Boots|[from] move: Knock Off|[of] p2a: Ogerpon
|
|-damage|p2a: Ogerpon|67/100 brn|[from] brn
|upkeep
|turn|6
|
|t:|1779872102
|switch|p1a: Clodsire|Clodsire, M|100/100
|move|p2a: Ogerpon|Play Rough|p1a: Clodsire
|-resisted|p1a: Clodsire
|-damage|p1a: Clodsire|91/100
|
|-heal|p1a: Clodsire|97/100|[from] item: Leftovers
|-damage|p2a: Ogerpon|61/100 brn|[from] brn
|upkeep
|turn|7
|
|t:|1779872109
|move|p2a: Ogerpon|Knock Off|p1a: Clodsire
|-damage|p1a: Clodsire|77/100
|-enditem|p1a: Clodsire|Leftovers|[from] move: Knock Off|[of] p2a: Ogerpon
|move|p1a: Clodsire|Stealth Rock|p2a: Ogerpon
|-sidestart|p2: goodgoodcush|move: Stealth Rock
|
|-damage|p2a: Ogerpon|55/100 brn|[from] brn
|upkeep
|turn|8
|
|t:|1779872119
|move|p2a: Ogerpon|Power Whip|p1a: Clodsire
|-damage|p1a: Clodsire|36/100
|move|p1a: Clodsire|Earthquake|p2a: Ogerpon
|-resisted|p2a: Ogerpon
|-damage|p2a: Ogerpon|38/100 brn
|
|-damage|p2a: Ogerpon|32/100 brn|[from] brn
|upkeep
|turn|9
|
|t:|1779872128
|switch|p2a: Iron Valiant|Iron Valiant|100/100
|-damage|p2a: Iron Valiant|94/100|[from] Stealth Rock
|-enditem|p2a: Iron Valiant|Booster Energy
|-activate|p2a: Iron Valiant|ability: Quark Drive|[fromitem]
|-start|p2a: Iron Valiant|quarkdrivespe
|switch|p1a: Cookie maker|Rotom-Heat|100/100
|
|upkeep
|turn|10
|
|t:|1779872140
|move|p2a: Iron Valiant|Destiny Bond|p2a: Iron Valiant
|-singlemove|p2a: Iron Valiant|Destiny Bond
|move|p1a: Cookie maker|Overheat|p2a: Iron Valiant
|-damage|p2a: Iron Valiant|0 fnt
|-unboost|p1a: Cookie maker|spa|2
|faint|p2a: Iron Valiant
|-activate|p2a: Iron Valiant|move: Destiny Bond
|-end|p2a: Iron Valiant|Quark Drive|[silent]
|faint|p1a: Cookie maker
|
|upkeep
|j| Xman13777
|inactive|goodgoodcush has 120 seconds left.
|
|t:|1779872173
|switch|p2a: Glimmora|Glimmora, F|100/100
|switch|p1a: Clodsire|Clodsire, M|36/100
|-damage|p2a: Glimmora|88/100|[from] Stealth Rock
|turn|11
|inactive|goodgoodcush has 120 seconds left.
|
|t:|1779872181
|move|p2a: Glimmora|Stealth Rock|p1a: Clodsire
|-sidestart|p1: nwalesu|move: Stealth Rock
|move|p1a: Clodsire|Recover|p1a: Clodsire
|-heal|p1a: Clodsire|86/100
|
|upkeep
|turn|12
|
|t:|1779872186
|switch|p2a: Gholdengo|Gholdengo|100/100
|-damage|p2a: Gholdengo|94/100|[from] Stealth Rock
|-item|p2a: Gholdengo|Air Balloon
|move|p1a: Clodsire|Earthquake|p2a: Gholdengo
|-immune|p2a: Gholdengo
|
|upkeep
|turn|13
|
|t:|1779872192
|switch|p1a: Mandibuzz|Mandibuzz, F|100/100 par
|move|p2a: Gholdengo|Hex|p1a: Mandibuzz
|-resisted|p1a: Mandibuzz
|-damage|p1a: Mandibuzz|76/100 par
|
|upkeep
|turn|14
|
|t:|1779872198
|switch|p2a: Glimmora|Glimmora, F|88/100
|-damage|p2a: Glimmora|76/100|[from] Stealth Rock
|move|p1a: Mandibuzz|Foul Play|p2a: Glimmora
|-damage|p2a: Glimmora|58/100
|-activate|p2a: Glimmora|ability: Toxic Debris
|-sidestart|p1: nwalesu|move: Toxic Spikes
|-enditem|p2a: Glimmora|Red Card|[of] p1a: Mandibuzz
|drag|p1a: Iron Valiant|Iron Valiant|100/100
|-damage|p1a: Iron Valiant|94/100|[from] Stealth Rock
|-status|p1a: Iron Valiant|psn
|-enditem|p1a: Iron Valiant|Booster Energy
|-activate|p1a: Iron Valiant|ability: Quark Drive|[fromitem]
|-start|p1a: Iron Valiant|quarkdrivespe
|
|-damage|p1a: Iron Valiant|82/100 psn|[from] psn
|upkeep
|turn|15
|
|t:|1779872211
|move|p1a: Iron Valiant|Close Combat|p2a: Glimmora
|-damage|p2a: Glimmora|8/100
|-unboost|p1a: Iron Valiant|def|1
|-unboost|p1a: Iron Valiant|spd|1
|-activate|p2a: Glimmora|ability: Toxic Debris
|-sidestart|p1: nwalesu|move: Toxic Spikes
|move|p2a: Glimmora|Mortal Spin|p1a: Iron Valiant
|-supereffective|p1a: Iron Valiant
|-damage|p1a: Iron Valiant|57/100 psn
|-sideend|p2: goodgoodcush|Stealth Rock|[from] move: Mortal Spin|[of] p2a: Glimmora
|
|-damage|p1a: Iron Valiant|44/100 psn|[from] psn
|upkeep
|turn|16
|j| BandedAI
|inactive|goodgoodcush has 120 seconds left.
|
|t:|1779872242
|move|p1a: Iron Valiant|Shadow Ball|p2a: Glimmora
|-damage|p2a: Glimmora|0 fnt
|faint|p2a: Glimmora
|
|-damage|p1a: Iron Valiant|32/100 psn|[from] psn
|upkeep
|inactive|goodgoodcush has 120 seconds left.
|
|t:|1779872252
|switch|p2a: Dragonite|Dragonite, M|100/100
|turn|17
|
|t:|1779872263
|-end|p1a: Iron Valiant|Quark Drive|[silent]
|switch|p1a: Mandibuzz|Mandibuzz, F|76/100 par
|move|p2a: Dragonite|Extreme Speed|p1a: Mandibuzz
|-crit|p1a: Mandibuzz
|-damage|p1a: Mandibuzz|47/100 par
|
|upkeep
|turn|18
|
|t:|1779872276
|move|p2a: Dragonite|Dragon Dance|p2a: Dragonite
|-boost|p2a: Dragonite|atk|1
|-boost|p2a: Dragonite|spe|1
|cant|p1a: Mandibuzz|par
|
|upkeep
|turn|19
|
|t:|1779872279
|move|p2a: Dragonite|Ice Spinner|p1a: Mandibuzz
|-supereffective|p1a: Mandibuzz
|-damage|p1a: Mandibuzz|0 fnt
|faint|p1a: Mandibuzz
|
|upkeep
|
|t:|1779872284
|switch|p1a: Drippy|Dragapult, F|42/100
|-damage|p1a: Drippy|30/100|[from] Stealth Rock
|-status|p1a: Drippy|tox
|turn|20
|
|t:|1779872289
|switch|p2a: Gholdengo|Gholdengo|94/100
|-item|p2a: Gholdengo|Air Balloon
|move|p1a: Drippy|Will-O-Wisp|p2a: Gholdengo
|-immune|p2a: Gholdengo|[from] ability: Good as Gold
|
|-damage|p1a: Drippy|24/100 tox|[from] psn
|upkeep
|turn|21
|
|t:|1779872296
|switch|p2a: Ogerpon|Ogerpon-Wellspring, F|32/100 brn
|move|p1a: Drippy|U-turn|p2a: Ogerpon
|-supereffective|p2a: Ogerpon
|-crit|p2a: Ogerpon
|-damage|p2a: Ogerpon|0 fnt
|faint|p2a: Ogerpon
|
|t:|1779872307
|switch|p1a: Iron Valiant|Iron Valiant|32/100 psn|[from] U-turn
|-damage|p1a: Iron Valiant|26/100 psn|[from] Stealth Rock
|
|-damage|p1a: Iron Valiant|13/100 psn|[from] psn
|upkeep
|
|t:|1779872323
|switch|p2a: Dragonite|Dragonite, M|100/100
|turn|22
|
|t:|1779872326
|move|p2a: Dragonite|Extreme Speed|p1a: Iron Valiant
|-damage|p1a: Iron Valiant|0 fnt
|faint|p1a: Iron Valiant
|-end|p1a: Iron Valiant|Quark Drive|[silent]
|
|upkeep
|
|t:|1779872327
|switch|p1a: Drippy|Dragapult, F|24/100 tox
|-damage|p1a: Drippy|12/100 tox|[from] Stealth Rock
|turn|23
|
|t:|1779872348
|move|p1a: Drippy|Dragon Darts|p2a: Dragonite
|-supereffective|p2a: Dragonite
|-damage|p2a: Dragonite|72/100
|-anim|p1a: Drippy|Dragon Darts|p2a: Dragonite
|-supereffective|p2a: Dragonite
|-damage|p2a: Dragonite|20/100
|move|p2a: Dragonite|Earthquake|p1a: Drippy
|-crit|p1a: Drippy
|-damage|p1a: Drippy|0 fnt
|faint|p1a: Drippy
|
|upkeep
|
|t:|1779872355
|switch|p1a: Dragonite|Dragonite, M|100/100
|turn|24
|
|t:|1779872368
|switch|p2a: Gholdengo|Gholdengo|94/100
|-item|p2a: Gholdengo|Air Balloon
|move|p1a: Dragonite|Extreme Speed|p2a: Gholdengo
|-immune|p2a: Gholdengo
|
|upkeep
|turn|25
|
|t:|1779872374
|move|p1a: Dragonite|Dragon Dance|p1a: Dragonite
|-boost|p1a: Dragonite|atk|1
|-boost|p1a: Dragonite|spe|1
|move|p2a: Gholdengo|Make It Rain|p1a: Dragonite
|-damage|p1a: Dragonite|73/100
|-unboost|p2a: Gholdengo|spa|1
|
|upkeep
|turn|26
|
|t:|1779872390
|move|p1a: Dragonite|Dragon Dance|p1a: Dragonite
|-boost|p1a: Dragonite|atk|1
|-boost|p1a: Dragonite|spe|1
|move|p2a: Gholdengo|Thunder Wave|p1a: Dragonite
|-status|p1a: Dragonite|par
|
|upkeep
|turn|27
|
|t:|1779872394
|switch|p2a: Zamazenta|Zamazenta|100/100
|-ability|p2a: Zamazenta|Dauntless Shield|boost
|-boost|p2a: Zamazenta|def|1
|move|p1a: Dragonite|Fire Punch|p2a: Zamazenta
|-damage|p2a: Zamazenta|73/100
|
|-heal|p2a: Zamazenta|79/100|[from] item: Leftovers
|upkeep
|turn|28
|
|t:|1779872404
|cant|p1a: Dragonite|par
|move|p2a: Zamazenta|Roar|p1a: Dragonite
|drag|p1a: Clodsire|Clodsire, M|86/100
|-damage|p1a: Clodsire|80/100|[from] Stealth Rock
|-sideend|p1: nwalesu|move: Toxic Spikes|[of] p1a: Clodsire
|
|-heal|p2a: Zamazenta|85/100|[from] item: Leftovers
|upkeep
|turn|29
|
|t:|1779872416
|switch|p2a: Gholdengo|Gholdengo|94/100
|-item|p2a: Gholdengo|Air Balloon
|switch|p1a: Dragonite|Dragonite, M|73/100 par
|
|upkeep
|turn|30
|
|t:|1779872425
|move|p2a: Gholdengo|Hex|p1a: Dragonite
|-damage|p1a: Dragonite|11/100 par
|move|p1a: Dragonite|Fire Punch|p2a: Gholdengo
|-supereffective|p2a: Gholdengo
|-damage|p2a: Gholdengo|50/100
|-enditem|p2a: Gholdengo|Air Balloon
|
|upkeep
|turn|31
|-message|nwalesu forfeited.
|
|win|goodgoodcush
|raw|nwalesu's rating: 1489 &rarr; <strong>1472</strong><br />(-17 for losing)
|raw|goodgoodcush's rating: 1548 &rarr; <strong>1565</strong><br />(+17 for winning)
|l|☆nwalesu
|player|p1|
|l|☆goodgoodcush
|player|p2|
