|j|☆Ti Hee
|j|☆garrettd79
|t:|1779919691
|gametype|singles
|player|p1|Ti Hee|twins-gen4dp|1100
|player|p2|garrettd79|steven|1140
|gen|9
|tier|[Gen 9] OU
|rated|
|rule|HP Percentage Mod: HP is shown in percentages
|rule|Endless Battle Clause: Forcing endless battles is banned
|rule|Species Clause: Limit one of each Pokémon
|rule|OHKO Clause: OHKO moves are banned
|rule|Evasion Items Clause: Evasion items are banned
|rule|Evasion Moves Clause: Evasion moves are banned
|rule|Evasion Abilities Clause: Evasion abilities are banned
|rule|Sleep Moves Clause: Sleep-inducing moves are banned
|clearpoke
|poke|p1|Manaphy|
|poke|p1|Alcremie-Caramel-Swirl, F|
|poke|p1|Diancie|
|poke|p1|Lilligant, F|
|poke|p1|Hoopa-Unbound|
|poke|p1|Weavile, M|
|poke|p2|Yanmega, F|
|poke|p2|Darkrai|
|poke|p2|Rillaboom, F|
|poke|p2|Hatterene, F|
|poke|p2|Pelipper, M|
|poke|p2|Landorus-Therian, M|
|teampreview
|inactive|Battle timer is ON: inactive players will automatically lose when time's up. (requested by garrettd79)
|
|t:|1779919698
|teamsize|p1|6
|teamsize|p2|6
|start
|switch|p1a: Girlie Pop|Hoopa-Unbound|100/100
|switch|p2a: sixmillyzyn|Yanmega, F|100/100
|turn|1
|
|t:|1779919706
|move|p2a: sixmillyzyn|Detect|p2a: sixmillyzyn
|-singleturn|p2a: sixmillyzyn|Protect
|move|p1a: Girlie Pop|Fire Punch|p2a: sixmillyzyn
|-activate|p2a: sixmillyzyn|move: Protect
|
|-ability|p2a: sixmillyzyn|Speed Boost|boost
|-boost|p2a: sixmillyzyn|spe|1
|upkeep
|turn|2
|
|t:|1779919719
|move|p2a: sixmillyzyn|Air Slash|p1a: Girlie Pop
|-damage|p1a: Girlie Pop|67/100
|move|p1a: Girlie Pop|Fire Punch|p2a: sixmillyzyn
|-supereffective|p2a: sixmillyzyn
|-damage|p2a: sixmillyzyn|33/100
|-item|p1a: Girlie Pop|Heavy-Duty Boots|[from] ability: Magician|[of] p2a: sixmillyzyn
|
|-ability|p2a: sixmillyzyn|Speed Boost|boost
|-boost|p2a: sixmillyzyn|spe|1
|upkeep
|turn|3
|
|t:|1779919734
|switch|p1a: Mina|Manaphy, shiny|100/100
|move|p2a: sixmillyzyn|U-turn|p1a: Mina
|-damage|p1a: Mina|87/100
|
|t:|1779919741
|switch|p2a: Rillaboom|Rillaboom, F|100/100|[from] U-turn
|-fieldstart|move: Grassy Terrain|[from] ability: Grassy Surge|[of] p2a: Rillaboom
|
|-heal|p1a: Mina|94/100|[from] Grassy Terrain
|upkeep
|turn|4
|
|t:|1779919750
|move|p2a: Rillaboom|Grassy Glide|p1a: Mina
|-supereffective|p1a: Mina
|-damage|p1a: Mina|32/100
|move|p1a: Mina|U-turn|p2a: Rillaboom
|-supereffective|p2a: Rillaboom
|-damage|p2a: Rillaboom|62/100
|
|t:|1779919761
|switch|p1a: Girlie Pop|Hoopa-Unbound|67/100|[from] U-turn
|
|-heal|p2a: Rillaboom|68/100|[from] Grassy Terrain
|-heal|p1a: Girlie Pop|73/100|[from] Grassy Terrain
|upkeep
|turn|5
|
|t:|1779919768
|move|p2a: Rillaboom|U-turn|p1a: Girlie Pop
|-supereffective|p1a: Girlie Pop
|-damage|p1a: Girlie Pop|0 fnt
|faint|p1a: Girlie Pop
|
|t:|1779919777
|switch|p2a: Pelipper|Pelipper, M|100/100|[from] U-turn
|-weather|RainDance|[from] ability: Drizzle|[of] p2a: Pelipper
|
|-weather|RainDance|[upkeep]
|upkeep
|
|t:|1779919783
|switch|p1a: Sunny|Lilligant, F|100/100
|turn|6
|
|t:|1779919793
|move|p1a: Sunny|Stun Spore|p2a: Pelipper|[miss]
|-miss|p1a: Sunny|p2a: Pelipper
|move|p2a: Pelipper|Hurricane|p1a: Sunny
|-supereffective|p1a: Sunny
|-damage|p1a: Sunny|0 fnt
|faint|p1a: Sunny
|
|-weather|RainDance|[upkeep]
|upkeep
|
|t:|1779919805
|switch|p1a: Mina|Manaphy, shiny|32/100
|turn|7
|
|t:|1779919811
|move|p1a: Mina|Waterfall|p2a: Pelipper
|-resisted|p2a: Pelipper
|-damage|p2a: Pelipper|77/100
|move|p2a: Pelipper|Hurricane|p1a: Mina
|-damage|p1a: Mina|0 fnt
|faint|p1a: Mina
|
|-weather|RainDance|[upkeep]
|-fieldend|move: Grassy Terrain
|upkeep
|
|t:|1779919822
|switch|p1a: Clarabelle|Alcremie-Caramel-Swirl, F|100/100
|turn|8
|
|t:|1779919829
|move|p2a: Pelipper|Weather Ball|p1a: Clarabelle
|-damage|p1a: Clarabelle|38/100
|move|p1a: Clarabelle|Giga Drain|p2a: Pelipper
|-damage|p2a: Pelipper|46/100
|-heal|p1a: Clarabelle|52/100|[from] drain|[of] p2a: Pelipper
|
|-weather|RainDance|[upkeep]
|upkeep
|turn|9
|
|t:|1779919839
|move|p2a: Pelipper|Hurricane|p1a: Clarabelle
|-damage|p1a: Clarabelle|7/100
|-start|p1a: Clarabelle|confusion
|-activate|p1a: Clarabelle|confusion
|move|p1a: Clarabelle|Giga Drain|p2a: Pelipper
|-damage|p2a: Pelipper|16/100
|-heal|p1a: Clarabelle|22/100|[from] drain|[of] p2a: Pelipper
|
|-weather|RainDance|[upkeep]
|upkeep
|turn|10
|
|t:|1779919850
|move|p2a: Pelipper|Ice Beam|p1a: Clarabelle
|-damage|p1a: Clarabelle|0 fnt
|faint|p1a: Clarabelle
|
|-weather|RainDance|[upkeep]
|upkeep
|
|t:|1779919856
|switch|p1a: Weavile|Weavile, M|100/100
|-ability|p1a: Weavile|Pressure
|turn|11
|
|t:|1779919864
|move|p1a: Weavile|Fake Out|p2a: Pelipper
|-damage|p2a: Pelipper|2/100
|cant|p2a: Pelipper|flinch
|
|-weather|RainDance|[upkeep]
|upkeep
|turn|12
|
|t:|1779919871
|move|p1a: Weavile|Poison Jab|p2a: Pelipper
|-damage|p2a: Pelipper|0 fnt
|faint|p2a: Pelipper
|
|-weather|none
|upkeep
|
|t:|1779919883
|switch|p2a: Landorus|Landorus-Therian, M|100/100
|-ability|p2a: Landorus|Intimidate|boost
|-unboost|p1a: Weavile|atk|1
|turn|13
|
|t:|1779919893
|move|p2a: Landorus|Focus Blast|p1a: Weavile
|-supereffective|p1a: Weavile
|-damage|p1a: Weavile|0 fnt
|faint|p1a: Weavile
|
|upkeep
|
|t:|1779919899
|switch|p1a: Diancie|Diancie|100/100
|turn|14
|
|t:|1779919905
|move|p2a: Landorus|Focus Blast|p1a: Diancie
|-damage|p1a: Diancie|73/100
|move|p1a: Diancie|Draining Kiss|p2a: Landorus
|-damage|p2a: Landorus|76/100
|-heal|p1a: Diancie|93/100|[from] drain|[of] p2a: Landorus
|
|upkeep
|turn|15
|
|t:|1779919915
|move|p2a: Landorus|Earth Power|p1a: Diancie
|-supereffective|p1a: Diancie
|-damage|p1a: Diancie|33/100
|move|p1a: Diancie|Diamond Storm|p2a: Landorus
|-damage|p2a: Landorus|36/100
|
|upkeep
|turn|16
|
|t:|1779919922
|move|p2a: Landorus|Earth Power|p1a: Diancie
|-supereffective|p1a: Diancie
|-damage|p1a: Diancie|0 fnt
|faint|p1a: Diancie
|
|win|garrettd79
|raw|Ti Hee's rating: 1100 &rarr; <strong>1078</strong><br />(-22 for losing)
|raw|garrettd79's rating: 1140 &rarr; <strong>1162</strong><br />(+22 for winning)
|l|☆garrettd79
|player|p2|
|l|☆Ti Hee
|player|p1|
