|j|☆disconnectduewifi
|j|☆Chechesantos77
|t:|1779880986
|gametype|singles
|player|p1|disconnectduewifi|lucas|1167
|player|p2|Chechesantos77|170|1101
|gen|9
|tier|[Gen 9] OU
|rated|
|rule|HP Percentage Mod: HP is shown in percentages
|rule|Endless Battle Clause: Forcing endless battles is banned
|rule|Species Clause: Limit one of each Pokémon
|rule|OHKO Clause: OHKO moves are banned
|rule|Evasion Items Clause: Evasion items are banned
|rule|Evasion Moves Clause: Evasion moves are banned
|rule|Evasion Abilities Clause: Evasion abilities are banned
|rule|Sleep Moves Clause: Sleep-inducing moves are banned
|clearpoke
|poke|p1|Slowking-Galar, F|
|poke|p1|Great Tusk|
|poke|p1|Kyurem|
|poke|p1|Kingambit, M|
|poke|p1|Cinderace, M|
|poke|p1|Zapdos|
|poke|p2|Dragonite, M|
|poke|p2|Hydreigon, F|
|poke|p2|Tentacruel, F|
|poke|p2|Sableye, F|
|poke|p2|Dusclops, M|
|poke|p2|Umbreon, F|
|teampreview
|
|t:|1779881008
|teamsize|p1|6
|teamsize|p2|6
|start
|switch|p1a: Kyurem|Kyurem|100/100
|switch|p2a: Sableye|Sableye, F|100/100
|-ability|p1a: Kyurem|Pressure
|turn|1
|
|t:|1779881062
|switch|p1a: Slowking|Slowking-Galar, F|100/100
|move|p2a: Sableye|Knock Off|p1a: Slowking
|-supereffective|p1a: Slowking
|-enditem|p1a: Slowking|Colbur Berry|[eat]
|-enditem|p1a: Slowking|Colbur Berry|[weaken]
|-damage|p1a: Slowking|76/100
|
|upkeep
|turn|2
|
|t:|1779881082
|switch|p2a: Tentacruel|Tentacruel, F|100/100
|move|p1a: Slowking|Sludge Bomb|p2a: Tentacruel
|-resisted|p2a: Tentacruel
|-damage|p2a: Tentacruel|87/100
|
|-heal|p2a: Tentacruel|93/100|[from] item: Leftovers
|upkeep
|turn|3
|
|t:|1779881095
|switch|p2a: Hydreigon|Hydreigon, F|100/100
|move|p1a: Slowking|Future Sight|p2a: Hydreigon
|-start|p1a: Slowking|move: Future Sight
|
|upkeep
|turn|4
|
|t:|1779881101
|move|p2a: Hydreigon|Dark Pulse|p1a: Slowking
|-supereffective|p1a: Slowking
|-damage|p1a: Slowking|24/100
|move|p1a: Slowking|Thunder Wave|p2a: Hydreigon
|-status|p2a: Hydreigon|par
|
|upkeep
|turn|5
|
|t:|1779881113
|switch|p1a: Great Tusk|Great Tusk|100/100
|cant|p2a: Hydreigon|par
|
|-end|p2a: Hydreigon|move: Future Sight
|-immune|p2a: Hydreigon
|upkeep
|turn|6
|
|t:|1779881123
|switch|p2a: Sableye|Sableye, F|100/100
|move|p1a: Great Tusk|Ice Spinner|p2a: Sableye
|-damage|p2a: Sableye|62/100
|
|-heal|p2a: Sableye|69/100|[from] item: Leftovers
|upkeep
|turn|7
|
|t:|1779881136
|move|p2a: Sableye|Will-O-Wisp|p1a: Great Tusk
|-status|p1a: Great Tusk|brn
|move|p1a: Great Tusk|Headlong Rush|p2a: Sableye
|-damage|p2a: Sableye|30/100
|-unboost|p1a: Great Tusk|def|1
|-unboost|p1a: Great Tusk|spd|1
|
|-heal|p2a: Sableye|37/100|[from] item: Leftovers
|-damage|p1a: Great Tusk|94/100 brn|[from] brn
|upkeep
|turn|8
|
|t:|1779881148
|move|p2a: Sableye|Recover|p2a: Sableye
|-heal|p2a: Sableye|87/100
|move|p1a: Great Tusk|Headlong Rush|p2a: Sableye
|-damage|p2a: Sableye|47/100
|-unboost|p1a: Great Tusk|def|1
|-unboost|p1a: Great Tusk|spd|1
|
|-heal|p1a: Great Tusk|100/100 brn|[from] item: Leftovers
|-heal|p2a: Sableye|53/100|[from] item: Leftovers
|-damage|p1a: Great Tusk|94/100 brn|[from] brn
|upkeep
|turn|9
|
|t:|1779881164
|-end|p1a: Great Tusk|Protosynthesis|[silent]
|switch|p1a: Cinderace|Cinderace, M|100/100
|move|p2a: Sableye|Knock Off|p1a: Cinderace
|-damage|p1a: Cinderace|67/100
|-enditem|p1a: Cinderace|Heavy-Duty Boots|[from] move: Knock Off|[of] p2a: Sableye
|
|-heal|p2a: Sableye|60/100|[from] item: Leftovers
|upkeep
|turn|10
|
|t:|1779881177
|switch|p2a: Umbreon|Umbreon, F|100/100
|move|p1a: Cinderace|U-turn|p2a: Umbreon
|-supereffective|p2a: Umbreon
|-damage|p2a: Umbreon|73/100
|
|t:|1779881185
|switch|p1a: Great Tusk|Great Tusk|94/100 brn|[from] U-turn
|
|-heal|p1a: Great Tusk|100/100 brn|[from] item: Leftovers
|-heal|p2a: Umbreon|79/100|[from] item: Leftovers
|-damage|p1a: Great Tusk|94/100 brn|[from] brn
|upkeep
|turn|11
|
|t:|1779881201
|move|p1a: Great Tusk|Headlong Rush|p2a: Umbreon
|-damage|p2a: Umbreon|57/100
|-unboost|p1a: Great Tusk|def|1
|-unboost|p1a: Great Tusk|spd|1
|move|p2a: Umbreon|Wish|p2a: Umbreon
|
|-heal|p1a: Great Tusk|100/100 brn|[from] item: Leftovers
|-heal|p2a: Umbreon|63/100|[from] item: Leftovers
|-damage|p1a: Great Tusk|94/100 brn|[from] brn
|upkeep
|turn|12
|
|t:|1779881211
|switch|p2a: Sableye|Sableye, F|60/100
|move|p1a: Great Tusk|Close Combat|p2a: Sableye
|-immune|p2a: Sableye
|
|-heal|p2a: Sableye|100/100|[from] move: Wish|[wisher] Umbreon
|-heal|p1a: Great Tusk|100/100 brn|[from] item: Leftovers
|-damage|p1a: Great Tusk|94/100 brn|[from] brn
|upkeep
|turn|13
|
|t:|1779881224
|move|p1a: Great Tusk|Headlong Rush|p2a: Sableye
|-damage|p2a: Sableye|58/100
|-unboost|p1a: Great Tusk|def|1
|-unboost|p1a: Great Tusk|spd|1
|move|p2a: Sableye|Knock Off|p1a: Great Tusk
|-resisted|p1a: Great Tusk
|-damage|p1a: Great Tusk|75/100 brn
|-enditem|p1a: Great Tusk|Leftovers|[from] move: Knock Off|[of] p2a: Sableye
|
|-heal|p2a: Sableye|64/100|[from] item: Leftovers
|-damage|p1a: Great Tusk|69/100 brn|[from] brn
|upkeep
|turn|14
|
|t:|1779881237
|move|p2a: Sableye|Encore|p1a: Great Tusk
|-start|p1a: Great Tusk|Encore
|move|p1a: Great Tusk|Headlong Rush|p2a: Sableye
|-damage|p2a: Sableye|21/100
|-unboost|p1a: Great Tusk|def|1
|-unboost|p1a: Great Tusk|spd|1
|
|-heal|p2a: Sableye|27/100|[from] item: Leftovers
|-damage|p1a: Great Tusk|63/100 brn|[from] brn
|upkeep
|turn|15
|
|t:|1779881254
|switch|p2a: Dragonite|Dragonite, M|100/100
|move|p1a: Great Tusk|Headlong Rush|p2a: Dragonite
|-immune|p2a: Dragonite
|
|-damage|p1a: Great Tusk|56/100 brn|[from] brn
|upkeep
|turn|16
|
|t:|1779881266
|-end|p1a: Great Tusk|Protosynthesis|[silent]
|switch|p1a: Zapdos|Zapdos|100/100
|move|p2a: Dragonite|Dragon Dance|p2a: Dragonite
|-boost|p2a: Dragonite|atk|1
|-boost|p2a: Dragonite|spe|1
|
|upkeep
|turn|17
|
|t:|1779881279
|move|p2a: Dragonite|Ice Spinner|p1a: Zapdos
|-supereffective|p1a: Zapdos
|-damage|p1a: Zapdos|45/100
|move|p1a: Zapdos|Thunder Wave|p2a: Dragonite
|-status|p2a: Dragonite|par
|
|upkeep
|turn|18
|
|t:|1779881295
|move|p1a: Zapdos|Volt Switch|p2a: Dragonite
|-damage|p2a: Dragonite|84/100 par
|
|t:|1779881299
|switch|p1a: Kyurem|Kyurem|100/100|[from] Volt Switch
|-ability|p1a: Kyurem|Pressure
|move|p2a: Dragonite|Ice Spinner|p1a: Kyurem
|-damage|p1a: Kyurem|61/100
|
|upkeep
|turn|19
|
|t:|1779881319
|switch|p2a: Umbreon|Umbreon, F|63/100
|move|p1a: Kyurem|Freeze-Dry|p2a: Umbreon
|-damage|p2a: Umbreon|27/100
|
|-heal|p2a: Umbreon|33/100|[from] item: Leftovers
|upkeep
|turn|20
|
|t:|1779881328
|move|p2a: Umbreon|Protect|p2a: Umbreon
|-singleturn|p2a: Umbreon|Protect
|move|p1a: Kyurem|Freeze-Dry|p2a: Umbreon
|-activate|p2a: Umbreon|move: Protect
|
|-heal|p2a: Umbreon|39/100|[from] item: Leftovers
|upkeep
|turn|21
|
|t:|1779881344
|switch|p1a: Great Tusk|Great Tusk|56/100 brn
|switch|p2a: Dusclops|Dusclops, M|100/100
|-ability|p2a: Dusclops|Pressure
|
|-damage|p1a: Great Tusk|50/100 brn|[from] brn
|upkeep
|turn|22
|
|t:|1779881355
|move|p1a: Great Tusk|Headlong Rush|p2a: Dusclops
|-damage|p2a: Dusclops|86/100
|-unboost|p1a: Great Tusk|def|1
|-unboost|p1a: Great Tusk|spd|1
|move|p2a: Dusclops|Calm Mind|p2a: Dusclops
|-boost|p2a: Dusclops|spa|1
|-boost|p2a: Dusclops|spd|1
|
|-damage|p1a: Great Tusk|44/100 brn|[from] brn
|upkeep
|turn|23
|
|t:|1779881399
|-end|p1a: Great Tusk|Protosynthesis|[silent]
|switch|p1a: Cinderace|Cinderace, M|67/100
|move|p2a: Dusclops|Calm Mind|p2a: Dusclops
|-boost|p2a: Dusclops|spa|1
|-boost|p2a: Dusclops|spd|1
|
|upkeep
|turn|24
|
|t:|1779881410
|move|p1a: Cinderace|Pyro Ball|p2a: Dusclops
|-damage|p2a: Dusclops|61/100
|move|p2a: Dusclops|Calm Mind|p2a: Dusclops
|-boost|p2a: Dusclops|spa|1
|-boost|p2a: Dusclops|spd|1
|
|upkeep
|turn|25
|
|t:|1779881416
|move|p1a: Cinderace|U-turn|p2a: Dusclops
|-resisted|p2a: Dusclops
|-damage|p2a: Dusclops|56/100
|
|t:|1779881427
|switch|p1a: Great Tusk|Great Tusk|44/100 brn|[from] U-turn
|move|p2a: Dusclops|Calm Mind|p2a: Dusclops
|-boost|p2a: Dusclops|spa|1
|-boost|p2a: Dusclops|spd|1
|
|-damage|p1a: Great Tusk|38/100 brn|[from] brn
|upkeep
|turn|26
|
|t:|1779881437
|move|p1a: Great Tusk|Ice Spinner|p2a: Dusclops
|-damage|p2a: Dusclops|49/100
|move|p2a: Dusclops|Rest|p2a: Dusclops
|-status|p2a: Dusclops|slp|[from] move: Rest
|-heal|p2a: Dusclops|100/100 slp|[silent]
|
|-damage|p1a: Great Tusk|31/100 brn|[from] brn
|upkeep
|turn|27
|
|t:|1779881447
|move|p1a: Great Tusk|Ice Spinner|p2a: Dusclops
|-damage|p2a: Dusclops|93/100 slp
|cant|p2a: Dusclops|slp
|move|p2a: Dusclops|Sleep Talk|p2a: Dusclops
|move|p2a: Dusclops|Ice Beam|p1a: Great Tusk|[from] move: Sleep Talk
|-supereffective|p1a: Great Tusk
|-damage|p1a: Great Tusk|0 fnt
|faint|p1a: Great Tusk
|-end|p1a: Great Tusk|Protosynthesis|[silent]
|
|upkeep
|
|t:|1779881460
|switch|p1a: Kingambit|Kingambit, M|100/100
|-activate|p1a: Kingambit|ability: Supreme Overlord
|-start|p1a: Kingambit|fallen1|[silent]
|turn|28
|
|t:|1779881470
|switch|p2a: Hydreigon|Hydreigon, F|100/100 par
|move|p1a: Kingambit|Iron Head|p2a: Hydreigon
|-damage|p2a: Hydreigon|38/100 par
|
|upkeep
|turn|29
|
|t:|1779881492
|-terastallize|p2a: Hydreigon|Fire
|move|p2a: Hydreigon|Flamethrower|p1a: Kingambit
|-supereffective|p1a: Kingambit
|-damage|p1a: Kingambit|5/100
|move|p1a: Kingambit|Low Kick|p2a: Hydreigon
|-damage|p2a: Hydreigon|0 fnt
|faint|p2a: Hydreigon
|
|-heal|p1a: Kingambit|11/100|[from] item: Leftovers
|upkeep
|
|t:|1779881505
|switch|p2a: Dragonite|Dragonite, M|84/100 par
|turn|30
|
|t:|1779881547
|-end|p1a: Kingambit|fallen1|[silent]
|switch|p1a: Kyurem|Kyurem|61/100
|-ability|p1a: Kyurem|Pressure
|cant|p2a: Dragonite|par
|
|upkeep
|turn|31
|
|t:|1779881561
|switch|p2a: Dusclops|Dusclops, M|93/100 slp
|-ability|p2a: Dusclops|Pressure
|move|p1a: Kyurem|Ice Beam|p2a: Dusclops
|-damage|p2a: Dusclops|48/100 slp
|
|upkeep
|turn|32
|
|t:|1779881571
|move|p1a: Kyurem|Ice Beam|p2a: Dusclops
|-damage|p2a: Dusclops|6/100 slp
|cant|p2a: Dusclops|slp
|move|p2a: Dusclops|Sleep Talk|p2a: Dusclops
|move|p2a: Dusclops|Ice Beam|p1a: Kyurem|[from] move: Sleep Talk
|-damage|p1a: Kyurem|48/100
|
|upkeep
|turn|33
|
|t:|1779881582
|move|p1a: Kyurem|Ice Beam|p2a: Dusclops
|-damage|p2a: Dusclops|0 fnt
|faint|p2a: Dusclops
|
|upkeep
|
|t:|1779881588
|switch|p2a: Umbreon|Umbreon, F|39/100
|turn|34
|
|t:|1779881592
|move|p2a: Umbreon|Protect|p2a: Umbreon
|-singleturn|p2a: Umbreon|Protect
|move|p1a: Kyurem|Ice Beam|p2a: Umbreon
|-activate|p2a: Umbreon|move: Protect
|
|-heal|p2a: Umbreon|45/100|[from] item: Leftovers
|upkeep
|turn|35
|
|t:|1779881604
|move|p1a: Kyurem|Ice Beam|p2a: Umbreon
|-damage|p2a: Umbreon|0 fnt
|faint|p2a: Umbreon
|
|upkeep
|
|t:|1779881610
|switch|p2a: Tentacruel|Tentacruel, F|93/100
|turn|36
|
|t:|1779881617
|switch|p1a: Slowking|Slowking-Galar, F|57/100
|move|p2a: Tentacruel|Toxic|p1a: Slowking
|-immune|p1a: Slowking
|
|-heal|p2a: Tentacruel|99/100|[from] item: Leftovers
|upkeep
|turn|37
|
|t:|1779881627
|move|p2a: Tentacruel|Rapid Spin|p1a: Slowking
|-damage|p1a: Slowking|49/100
|-boost|p2a: Tentacruel|spe|1
|move|p1a: Slowking|Thunder Wave|p2a: Tentacruel|[miss]
|-miss|p1a: Slowking|p2a: Tentacruel
|
|-heal|p2a: Tentacruel|100/100|[from] item: Leftovers
|upkeep
|turn|38
|
|t:|1779881637
|move|p2a: Tentacruel|Rapid Spin|p1a: Slowking
|-damage|p1a: Slowking|42/100
|-boost|p2a: Tentacruel|spe|1
|move|p1a: Slowking|Thunder Wave|p2a: Tentacruel
|-status|p2a: Tentacruel|par
|
|upkeep
|turn|39
|
|t:|1779881645
|cant|p2a: Tentacruel|par
|move|p1a: Slowking|Future Sight|p2a: Tentacruel
|-start|p1a: Slowking|move: Future Sight
|
|upkeep
|turn|40
|
|t:|1779881652
|cant|p2a: Tentacruel|par
|-prepare|p1a: Slowking|Chilly Reception|[premajor]
|move|p1a: Slowking|Chilly Reception|p1a: Slowking
|-weather|Snowscape
|
|t:|1779881657
|switch|p1a: Zapdos|Zapdos|45/100|[from] Chilly Reception
|
|-weather|Snowscape|[upkeep]
|upkeep
|turn|41
|
|t:|1779881684
|move|p2a: Tentacruel|Weather Ball|p1a: Zapdos
|-supereffective|p1a: Zapdos
|-damage|p1a: Zapdos|8/100
|move|p1a: Zapdos|Volt Switch|p2a: Tentacruel
|-supereffective|p2a: Tentacruel
|-damage|p2a: Tentacruel|55/100 par
|
|t:|1779881702
|switch|p1a: Kyurem|Kyurem|48/100|[from] Volt Switch
|-ability|p1a: Kyurem|Pressure
|
|-weather|Snowscape|[upkeep]
|-end|p2a: Tentacruel|move: Future Sight
|-supereffective|p2a: Tentacruel
|-damage|p2a: Tentacruel|0 fnt
|faint|p2a: Tentacruel
|upkeep
|
|t:|1779881712
|switch|p2a: Sableye|Sableye, F|27/100
|turn|42
|-message|Chechesantos77 forfeited.
|
|win|disconnectduewifi
|raw|disconnectduewifi's rating: 1167 &rarr; <strong>1189</strong><br />(+22 for winning)
|raw|Chechesantos77's rating: 1130 &rarr; <strong>1108</strong><br />(-22 for losing)
|l|☆Chechesantos77
|player|p2|
