|j|☆claudechamp
|j|☆ck2024
|t:|1779858507
|gametype|singles
|player|p1|claudechamp|169|1294
|player|p2|ck2024|clemont|1293
|gen|9
|tier|[Gen 9] OU
|rated|
|rule|HP Percentage Mod: HP is shown in percentages
|rule|Endless Battle Clause: Forcing endless battles is banned
|rule|Species Clause: Limit one of each Pokémon
|rule|OHKO Clause: OHKO moves are banned
|rule|Evasion Items Clause: Evasion items are banned
|rule|Evasion Moves Clause: Evasion moves are banned
|rule|Evasion Abilities Clause: Evasion abilities are banned
|rule|Sleep Moves Clause: Sleep-inducing moves are banned
|clearpoke
|poke|p1|Corviknight, M|
|poke|p1|Ting-Lu|
|poke|p1|Kyurem|
|poke|p1|Dondozo, F|
|poke|p1|Slowking-Galar, M|
|poke|p1|Cinderace, F|
|poke|p2|Iron Moth|
|poke|p2|Gliscor, F|
|poke|p2|Hatterene, F|
|poke|p2|Ogerpon-Wellspring, F|
|poke|p2|Raging Bolt|
|poke|p2|Zamazenta-*|
|teampreview
|c|☆claudechamp|hf
|inactive|Battle timer is ON: inactive players will automatically lose when time's up. (requested by claudechamp)
|
|t:|1779858514
|teamsize|p1|6
|teamsize|p2|6
|start
|switch|p1a: Cinderace|Cinderace, F|100/100
|switch|p2a: Zamazenta|Zamazenta|100/100
|-ability|p2a: Zamazenta|Dauntless Shield|boost
|-boost|p2a: Zamazenta|def|1
|turn|1
|
|t:|1779858519
|switch|p1a: Kyurem|Kyurem|100/100
|-ability|p1a: Kyurem|Pressure
|move|p2a: Zamazenta|Reflect|p2a: Zamazenta
|-sidestart|p2: ck2024|Reflect
|
|upkeep
|turn|2
|
|t:|1779858524
|move|p2a: Zamazenta|Light Screen|p2a: Zamazenta
|-sidestart|p2: ck2024|move: Light Screen
|move|p1a: Kyurem|Freeze-Dry|p2a: Zamazenta
|-damage|p2a: Zamazenta|87/100
|
|upkeep
|turn|3
|
|t:|1779858529
|move|p2a: Zamazenta|Body Press|p1a: Kyurem
|-supereffective|p1a: Kyurem
|-damage|p1a: Kyurem|19/100
|move|p1a: Kyurem|Freeze-Dry|p2a: Zamazenta
|-damage|p2a: Zamazenta|71/100
|
|-heal|p1a: Kyurem|25/100|[from] item: Leftovers
|upkeep
|turn|4
|
|t:|1779858535
|switch|p1a: Slowking|Slowking-Galar, M|100/100
|move|p2a: Zamazenta|Body Press|p1a: Slowking
|-resisted|p1a: Slowking
|-damage|p1a: Slowking|92/100
|
|upkeep
|turn|5
|
|t:|1779858554
|switch|p2a: Ogerpon|Ogerpon-Wellspring, F|100/100
|move|p1a: Slowking|Future Sight|p2a: Ogerpon
|-start|p1a: Slowking|move: Future Sight
|
|upkeep
|turn|6
|
|t:|1779858565
|move|p2a: Ogerpon|Encore|p1a: Slowking
|-start|p1a: Slowking|Encore
|move|p1a: Slowking|Future Sight||[still]
|-fail|p1a: Slowking
|
|upkeep
|turn|7
|
|t:|1779858570
|move|p2a: Ogerpon|Swords Dance|p2a: Ogerpon
|-boost|p2a: Ogerpon|atk|2
|move|p1a: Slowking|Future Sight||[still]
|-fail|p1a: Slowking
|
|-end|p2a: Ogerpon|move: Future Sight
|-damage|p2a: Ogerpon|75/100
|upkeep
|turn|8
|
|t:|1779858580
|move|p2a: Ogerpon|Trailblaze|p1a: Slowking
|-resisted|p1a: Slowking
|-crit|p1a: Slowking
|-damage|p1a: Slowking|62/100
|-boost|p2a: Ogerpon|spe|1
|move|p1a: Slowking|Future Sight|p2a: Ogerpon
|-start|p1a: Slowking|move: Future Sight
|
|-end|p1a: Slowking|Encore
|-sideend|p2: ck2024|Reflect
|upkeep
|turn|9
|
|t:|1779858589
|move|p2a: Ogerpon|Ivy Cudgel|p1a: Slowking|[anim] Ivy Cudgel Water
|-damage|p1a: Slowking|0 fnt
|faint|p1a: Slowking
|
|-sideend|p2: ck2024|move: Light Screen
|upkeep
|
|t:|1779858595
|switch|p1a: Corviknight|Corviknight, M|100/100
|-ability|p1a: Corviknight|Pressure
|turn|10
|
|t:|1779858603
|-terastallize|p1a: Corviknight|Dragon
|move|p2a: Ogerpon|Ivy Cudgel|p1a: Corviknight|[anim] Ivy Cudgel Water
|-resisted|p1a: Corviknight
|-damage|p1a: Corviknight|65/100
|move|p1a: Corviknight|Brave Bird|p2a: Ogerpon
|-supereffective|p2a: Ogerpon
|-damage|p2a: Ogerpon|0 fnt
|faint|p2a: Ogerpon
|-damage|p1a: Corviknight|47/100|[from] Recoil
|
|-hint|Future Sight did not hit because the target is fainted.
|upkeep
|
|t:|1779858620
|switch|p2a: Zamazenta|Zamazenta|71/100
|turn|11
|
|t:|1779858625
|move|p2a: Zamazenta|Reflect|p2a: Zamazenta
|-sidestart|p2: ck2024|Reflect
|move|p1a: Corviknight|Roost|p1a: Corviknight
|-heal|p1a: Corviknight|97/100
|
|upkeep
|turn|12
|
|t:|1779858629
|move|p2a: Zamazenta|Light Screen|p2a: Zamazenta
|-sidestart|p2: ck2024|move: Light Screen
|move|p1a: Corviknight|U-turn|p2a: Zamazenta
|-resisted|p2a: Zamazenta
|-damage|p2a: Zamazenta|69/100
|
|t:|1779858633
|switch|p1a: Cinderace|Cinderace, F|100/100|[from] U-turn
|
|upkeep
|turn|13
|
|t:|1779858637
|switch|p1a: Corviknight|Corviknight, M, tera:Dragon|97/100
|-ability|p1a: Corviknight|Pressure
|move|p2a: Zamazenta|Body Press|p1a: Corviknight
|-damage|p1a: Corviknight|76/100
|-damage|p2a: Zamazenta|52/100|[from] item: Rocky Helmet|[of] p1a: Corviknight
|
|upkeep
|turn|14
|
|t:|1779858647
|switch|p2a: Hatterene|Hatterene, F|100/100
|move|p1a: Corviknight|Roost|p1a: Corviknight
|-heal|p1a: Corviknight|100/100
|
|upkeep
|turn|15
|
|t:|1779858653
|move|p1a: Corviknight|Brave Bird|p2a: Hatterene
|-damage|p2a: Hatterene|84/100
|-damage|p1a: Corviknight|96/100|[from] Recoil
|move|p2a: Hatterene|Nuzzle|p1a: Corviknight
|-resisted|p1a: Corviknight
|-damage|p1a: Corviknight|95/100
|-status|p1a: Corviknight|par
|-damage|p2a: Hatterene|68/100|[from] item: Rocky Helmet|[of] p1a: Corviknight
|
|-heal|p2a: Hatterene|74/100|[from] item: Leftovers
|upkeep
|turn|16
|
|t:|1779858660
|move|p2a: Hatterene|Draining Kiss|p1a: Corviknight
|-supereffective|p1a: Corviknight
|-damage|p1a: Corviknight|53/100 par
|-heal|p2a: Hatterene|100/100|[from] drain|[of] p1a: Corviknight
|-damage|p2a: Hatterene|84/100|[from] item: Rocky Helmet|[of] p1a: Corviknight
|cant|p1a: Corviknight|par
|
|-heal|p2a: Hatterene|90/100|[from] item: Leftovers
|upkeep
|turn|17
|
|t:|1779858674
|switch|p1a: Ting-Lu|Ting-Lu|100/100
|-ability|p1a: Ting-Lu|Vessel of Ruin
|move|p2a: Hatterene|Calm Mind|p2a: Hatterene
|-boost|p2a: Hatterene|spa|1
|-boost|p2a: Hatterene|spd|1
|
|-heal|p2a: Hatterene|96/100|[from] item: Leftovers
|upkeep
|turn|18
|
|t:|1779858680
|move|p1a: Ting-Lu|Earthquake|p2a: Hatterene
|-damage|p2a: Hatterene|81/100
|move|p2a: Hatterene|Draining Kiss|p1a: Ting-Lu
|-supereffective|p1a: Ting-Lu
|-damage|p1a: Ting-Lu|74/100
|-heal|p2a: Hatterene|100/100|[from] drain|[of] p1a: Ting-Lu
|
|-heal|p1a: Ting-Lu|80/100|[from] item: Leftovers
|-sideend|p2: ck2024|Reflect
|upkeep
|turn|19
|
|t:|1779858690
|move|p1a: Ting-Lu|Earthquake|p2a: Hatterene
|-damage|p2a: Hatterene|70/100
|move|p2a: Hatterene|Calm Mind|p2a: Hatterene
|-boost|p2a: Hatterene|spa|1
|-boost|p2a: Hatterene|spd|1
|
|-heal|p1a: Ting-Lu|86/100|[from] item: Leftovers
|-heal|p2a: Hatterene|76/100|[from] item: Leftovers
|-sideend|p2: ck2024|move: Light Screen
|upkeep
|turn|20
|
|t:|1779858694
|switch|p1a: Dondozo|Dondozo, F|100/100
|move|p2a: Hatterene|Draining Kiss|p1a: Dondozo
|-damage|p1a: Dondozo|86/100
|-heal|p2a: Hatterene|93/100|[from] drain|[of] p1a: Dondozo
|
|-heal|p1a: Dondozo|92/100|[from] item: Leftovers
|-heal|p2a: Hatterene|99/100|[from] item: Leftovers
|upkeep
|turn|21
|
|t:|1779858700
|move|p1a: Dondozo|Waterfall|p2a: Hatterene
|-damage|p2a: Hatterene|76/100
|move|p2a: Hatterene|Nuzzle|p1a: Dondozo
|-supereffective|p1a: Dondozo
|-damage|p1a: Dondozo|87/100
|-status|p1a: Dondozo|par
|
|-heal|p2a: Hatterene|82/100|[from] item: Leftovers
|-heal|p1a: Dondozo|93/100 par|[from] item: Leftovers
|upkeep
|turn|22
|
|t:|1779858710
|move|p2a: Hatterene|Draining Kiss|p1a: Dondozo
|-damage|p1a: Dondozo|79/100 par
|-heal|p2a: Hatterene|99/100|[from] drain|[of] p1a: Dondozo
|move|p1a: Dondozo|Waterfall|p2a: Hatterene
|-damage|p2a: Hatterene|75/100
|
|-heal|p2a: Hatterene|81/100|[from] item: Leftovers
|-heal|p1a: Dondozo|86/100 par|[from] item: Leftovers
|upkeep
|turn|23
|
|t:|1779858718
|switch|p2a: Raging Bolt|Raging Bolt|100/100
|-enditem|p2a: Raging Bolt|Booster Energy
|-activate|p2a: Raging Bolt|ability: Protosynthesis|[fromitem]
|-start|p2a: Raging Bolt|protosynthesisspa
|move|p1a: Dondozo|Waterfall|p2a: Raging Bolt
|-resisted|p2a: Raging Bolt
|-damage|p2a: Raging Bolt|87/100
|
|-heal|p1a: Dondozo|92/100 par|[from] item: Leftovers
|upkeep
|turn|24
|
|t:|1779858728
|switch|p1a: Ting-Lu|Ting-Lu|86/100
|-ability|p1a: Ting-Lu|Vessel of Ruin
|move|p2a: Raging Bolt|Calm Mind|p2a: Raging Bolt
|-boost|p2a: Raging Bolt|spa|1
|-boost|p2a: Raging Bolt|spd|1
|
|-heal|p1a: Ting-Lu|92/100|[from] item: Leftovers
|upkeep
|turn|25
|
|t:|1779858740
|move|p2a: Raging Bolt|Dragon Pulse|p1a: Ting-Lu
|-damage|p1a: Ting-Lu|48/100
|move|p1a: Ting-Lu|Earthquake|p2a: Raging Bolt
|-supereffective|p2a: Raging Bolt
|-damage|p2a: Raging Bolt|18/100
|
|-heal|p1a: Ting-Lu|54/100|[from] item: Leftovers
|upkeep
|turn|26
|
|t:|1779858752
|-end|p2a: Raging Bolt|Protosynthesis|[silent]
|switch|p2a: Gliscor|Gliscor, F|100/100
|move|p1a: Ting-Lu|Earthquake|p2a: Gliscor
|-immune|p2a: Gliscor
|
|-heal|p1a: Ting-Lu|60/100|[from] item: Leftovers
|-status|p2a: Gliscor|tox|[from] item: Toxic Orb
|upkeep
|turn|27
|
|t:|1779858762
|switch|p1a: Corviknight|Corviknight, M, tera:Dragon|53/100 par
|-ability|p1a: Corviknight|Pressure
|move|p2a: Gliscor|Earthquake|p1a: Corviknight
|-damage|p1a: Corviknight|27/100 par
|
|upkeep
|turn|28
|
|t:|1779858777
|move|p2a: Gliscor|Earthquake|p1a: Corviknight
|-crit|p1a: Corviknight
|-damage|p1a: Corviknight|0 fnt
|faint|p1a: Corviknight
|
|upkeep
|
|t:|1779858782
|switch|p1a: Kyurem|Kyurem|25/100
|-ability|p1a: Kyurem|Pressure
|turn|29
|
|t:|1779858796
|switch|p2a: Zamazenta|Zamazenta|52/100
|move|p1a: Kyurem|Freeze-Dry|p2a: Zamazenta
|-damage|p2a: Zamazenta|22/100
|
|-heal|p1a: Kyurem|31/100|[from] item: Leftovers
|upkeep
|turn|30
|
|t:|1779858807
|switch|p1a: Dondozo|Dondozo, F|92/100 par
|move|p2a: Zamazenta|Light Screen|p2a: Zamazenta
|-sidestart|p2: ck2024|move: Light Screen
|
|-heal|p1a: Dondozo|98/100 par|[from] item: Leftovers
|upkeep
|turn|31
|
|t:|1779858823
|move|p2a: Zamazenta|Reflect|p2a: Zamazenta
|-sidestart|p2: ck2024|Reflect
|move|p1a: Dondozo|Waterfall|p2a: Zamazenta
|-damage|p2a: Zamazenta|12/100
|
|-heal|p1a: Dondozo|100/100 par|[from] item: Leftovers
|upkeep
|turn|32
|
|t:|1779858836
|switch|p2a: Raging Bolt|Raging Bolt|18/100
|cant|p1a: Dondozo|par
|
|upkeep
|turn|33
|
|t:|1779858854
|move|p2a: Raging Bolt|Dragon Pulse|p1a: Dondozo
|-damage|p1a: Dondozo|67/100 par
|cant|p1a: Dondozo|par
|
|-heal|p1a: Dondozo|73/100 par|[from] item: Leftovers
|upkeep
|turn|34
|
|t:|1779858862
|move|p2a: Raging Bolt|Thunderbolt|p1a: Dondozo
|-supereffective|p1a: Dondozo
|-damage|p1a: Dondozo|3/100 par
|move|p1a: Dondozo|Body Press|p2a: Raging Bolt
|-damage|p2a: Raging Bolt|7/100
|
|-heal|p1a: Dondozo|10/100 par|[from] item: Leftovers
|upkeep
|turn|35
|
|t:|1779858870
|switch|p1a: Ting-Lu|Ting-Lu|60/100
|-ability|p1a: Ting-Lu|Vessel of Ruin
|move|p2a: Raging Bolt|Dragon Pulse|p1a: Ting-Lu
|-damage|p1a: Ting-Lu|40/100
|
|-heal|p1a: Ting-Lu|47/100|[from] item: Leftovers
|upkeep
|turn|36
|
|t:|1779858883
|move|p2a: Raging Bolt|Dragon Pulse|p1a: Ting-Lu
|-damage|p1a: Ting-Lu|27/100
|move|p1a: Ting-Lu|Rest|p1a: Ting-Lu
|-status|p1a: Ting-Lu|slp|[from] move: Rest
|-heal|p1a: Ting-Lu|100/100 slp|[silent]
|
|upkeep
|turn|37
|
|t:|1779858897
|move|p2a: Raging Bolt|Calm Mind|p2a: Raging Bolt
|-boost|p2a: Raging Bolt|spa|1
|-boost|p2a: Raging Bolt|spd|1
|cant|p1a: Ting-Lu|slp
|
|-sideend|p2: ck2024|move: Light Screen
|upkeep
|turn|38
|
|t:|1779858904
|move|p2a: Raging Bolt|Calm Mind|p2a: Raging Bolt
|-boost|p2a: Raging Bolt|spa|1
|-boost|p2a: Raging Bolt|spd|1
|cant|p1a: Ting-Lu|slp
|
|-sideend|p2: ck2024|Reflect
|upkeep
|turn|39
|
|t:|1779858912
|move|p2a: Raging Bolt|Dragon Pulse|p1a: Ting-Lu
|-damage|p1a: Ting-Lu|61/100 slp
|-curestatus|p1a: Ting-Lu|slp|[msg]
|move|p1a: Ting-Lu|Earthquake|p2a: Raging Bolt
|-supereffective|p2a: Raging Bolt
|-damage|p2a: Raging Bolt|0 fnt
|faint|p2a: Raging Bolt
|-end|p2a: Raging Bolt|Protosynthesis|[silent]
|
|-heal|p1a: Ting-Lu|68/100|[from] item: Leftovers
|upkeep
|
|t:|1779858931
|switch|p2a: Gliscor|Gliscor, F|100/100 tox
|turn|40
|
|t:|1779858941
|switch|p1a: Kyurem|Kyurem|31/100
|-ability|p1a: Kyurem|Pressure
|move|p2a: Gliscor|Agility|p2a: Gliscor
|-boost|p2a: Gliscor|spe|2
|
|-heal|p1a: Kyurem|37/100|[from] item: Leftovers
|upkeep
|turn|41
|
|t:|1779858957
|-terastallize|p2a: Gliscor|Normal
|move|p2a: Gliscor|Facade|p1a: Kyurem
|-crit|p1a: Kyurem
|-damage|p1a: Kyurem|0 fnt
|faint|p1a: Kyurem
|
|upkeep
|
|t:|1779858970
|switch|p1a: Ting-Lu|Ting-Lu|68/100
|-ability|p1a: Ting-Lu|Vessel of Ruin
|turn|42
|
|t:|1779858985
|move|p2a: Gliscor|Swords Dance|p2a: Gliscor
|-boost|p2a: Gliscor|atk|2
|move|p1a: Ting-Lu|Earthquake|p2a: Gliscor
|-damage|p2a: Gliscor|71/100 tox
|
|-heal|p1a: Ting-Lu|74/100|[from] item: Leftovers
|-heal|p2a: Gliscor|84/100 tox|[from] ability: Poison Heal
|upkeep
|turn|43
|
|t:|1779858993
|switch|p1a: Cinderace|Cinderace, F|100/100
|move|p2a: Gliscor|Facade|p1a: Cinderace
|-damage|p1a: Cinderace|0 fnt
|faint|p1a: Cinderace
|
|-heal|p2a: Gliscor|96/100 tox|[from] ability: Poison Heal
|upkeep
|
|t:|1779859000
|switch|p1a: Ting-Lu|Ting-Lu|74/100
|-ability|p1a: Ting-Lu|Vessel of Ruin
|turn|44
|
|t:|1779859007
|move|p2a: Gliscor|Facade|p1a: Ting-Lu
|-damage|p1a: Ting-Lu|4/100
|move|p1a: Ting-Lu|Earthquake|p2a: Gliscor
|-damage|p2a: Gliscor|65/100 tox
|
|-heal|p1a: Ting-Lu|10/100|[from] item: Leftovers
|-heal|p2a: Gliscor|77/100 tox|[from] ability: Poison Heal
|upkeep
|turn|45
|
|t:|1779859023
|switch|p1a: Dondozo|Dondozo, F|10/100 par
|move|p2a: Gliscor|Facade|p1a: Dondozo
|-damage|p1a: Dondozo|0 fnt
|faint|p1a: Dondozo
|
|-heal|p2a: Gliscor|89/100 tox|[from] ability: Poison Heal
|upkeep
|c|☆ck2024|So easy
|
|t:|1779859035
|switch|p1a: Ting-Lu|Ting-Lu|10/100
|-ability|p1a: Ting-Lu|Vessel of Ruin
|turn|46
|
|t:|1779859045
|move|p2a: Gliscor|Facade|p1a: Ting-Lu
|-damage|p1a: Ting-Lu|0 fnt
|faint|p1a: Ting-Lu
|
|win|ck2024
|raw|claudechamp's rating: 1335 &rarr; <strong>1313</strong><br />(-22 for losing)
|raw|ck2024's rating: 1293 &rarr; <strong>1321</strong><br />(+28 for winning)
|c|☆claudechamp|gg
|l|☆ck2024
|player|p2|
