|badge|p2|bronze|gen9ubers|100-9
|uhtml|medal-msg|<div class="broadcast-blue">Curious what those medals under the avatar are? PS now has Ladder Seasons! For more information, check out the <a href="https://www.smogon.com/forums/threads/3740067/">thread on Smogon.</a></div>
|j|☆bobrumba
|j|☆alexander90281
|t:|1779917765
|gametype|singles
|player|p1|bobrumba|cynthia-gen4|1697
|player|p2|alexander90281|tateandliza-gen3|1724
|gen|9
|tier|[Gen 9] OU
|rated|
|rule|HP Percentage Mod: HP is shown in percentages
|rule|Endless Battle Clause: Forcing endless battles is banned
|rule|Species Clause: Limit one of each Pokémon
|rule|OHKO Clause: OHKO moves are banned
|rule|Evasion Items Clause: Evasion items are banned
|rule|Evasion Moves Clause: Evasion moves are banned
|rule|Evasion Abilities Clause: Evasion abilities are banned
|rule|Sleep Moves Clause: Sleep-inducing moves are banned
|clearpoke
|poke|p1|Dondozo, F|
|poke|p1|Blissey, F|
|poke|p1|Corviknight, M|
|poke|p1|Weezing-Galar, M|
|poke|p1|Gliscor, F|
|poke|p1|Toxapex, F|
|poke|p2|Mimikyu, F|
|poke|p2|Hatterene, F|
|poke|p2|Ursaluna, F|
|poke|p2|Raging Bolt|
|poke|p2|Kingambit, F|
|poke|p2|Breloom, M|
|teampreview
|
|t:|1779917776
|teamsize|p1|6
|teamsize|p2|6
|start
|switch|p1a: Gliscor|Gliscor, F|100/100
|switch|p2a: Hatterene|Hatterene, F|100/100
|turn|1
|inactive|Battle timer is ON: inactive players will automatically lose when time's up. (requested by bobrumba)
|
|t:|1779917779
|move|p1a: Gliscor|Knock Off|p2a: Hatterene
|-damage|p2a: Hatterene|78/100
|-enditem|p2a: Hatterene|Focus Sash|[from] move: Knock Off|[of] p1a: Gliscor
|move|p2a: Hatterene|Psychic Noise|p1a: Gliscor
|-damage|p1a: Gliscor|64/100
|-start|p1a: Gliscor|move: Heal Block
|
|-status|p1a: Gliscor|tox|[from] item: Toxic Orb
|upkeep
|turn|2
|
|t:|1779917793
|move|p1a: Gliscor|Earthquake|p2a: Hatterene
|-damage|p2a: Hatterene|39/100
|move|p2a: Hatterene|Trick Room|p2a: Hatterene
|-fieldstart|move: Trick Room|[of] p2a: Hatterene
|
|-end|p1a: Gliscor|move: Heal Block
|upkeep
|turn|3
|
|t:|1779917801
|move|p2a: Hatterene|Psychic Noise|p1a: Gliscor
|-damage|p1a: Gliscor|29/100 tox
|-start|p1a: Gliscor|move: Heal Block
|move|p1a: Gliscor|Earthquake|p2a: Hatterene
|-crit|p2a: Hatterene
|-damage|p2a: Hatterene|0 fnt
|faint|p2a: Hatterene
|
|upkeep
|
|t:|1779917807
|switch|p2a: Breloom|Breloom, M|100/100
|turn|4
|
|t:|1779917815
|switch|p1a: Corviknight|Corviknight, M|100/100
|-ability|p1a: Corviknight|Pressure
|move|p2a: Breloom|Swords Dance|p2a: Breloom
|-boost|p2a: Breloom|atk|2
|
|upkeep
|turn|5
|
|t:|1779917823
|move|p1a: Corviknight|Iron Defense|p1a: Corviknight
|-boost|p1a: Corviknight|def|2
|move|p2a: Breloom|Thunder Punch|p1a: Corviknight
|-supereffective|p1a: Corviknight
|-damage|p1a: Corviknight|63/100
|
|-heal|p1a: Corviknight|69/100|[from] item: Leftovers
|upkeep
|turn|6
|
|t:|1779917839
|switch|p2a: Mimikyu|Mimikyu, F|100/100
|move|p1a: Corviknight|Body Press|p2a: Mimikyu
|-immune|p2a: Mimikyu
|
|-heal|p1a: Corviknight|75/100|[from] item: Leftovers
|-fieldend|move: Trick Room
|upkeep
|turn|7
|
|t:|1779917845
|switch|p1a: Gliscor|Gliscor, F|29/100 tox
|move|p2a: Mimikyu|Curse|p1a: Gliscor
|-start|p1a: Gliscor|Curse|[of] p2a: Mimikyu
|-damage|p2a: Mimikyu|50/100
|
|-heal|p1a: Gliscor|41/100 tox|[from] ability: Poison Heal
|-damage|p1a: Gliscor|16/100 tox|[from] Curse
|upkeep
|turn|8
|
|t:|1779917855
|switch|p1a: Toxapex|Toxapex, F|100/100
|move|p2a: Mimikyu|Play Rough|p1a: Toxapex
|-resisted|p1a: Toxapex
|-damage|p1a: Toxapex|90/100
|
|-heal|p1a: Toxapex|96/100|[from] item: Black Sludge
|upkeep
|turn|9
|j| rizz of reko
|
|t:|1779917862
|switch|p2a: Breloom|Breloom, M|100/100
|move|p1a: Toxapex|Toxic|p2a: Breloom
|-status|p2a: Breloom|tox
|
|-heal|p1a: Toxapex|100/100|[from] item: Black Sludge
|-damage|p2a: Breloom|94/100 tox|[from] psn
|upkeep
|turn|10
|
|t:|1779917866
|switch|p1a: Corviknight|Corviknight, M|75/100
|-ability|p1a: Corviknight|Pressure
|move|p2a: Breloom|Swords Dance|p2a: Breloom
|-boost|p2a: Breloom|atk|2
|
|-heal|p1a: Corviknight|82/100|[from] item: Leftovers
|-damage|p2a: Breloom|82/100 tox|[from] psn
|upkeep
|turn|11
|
|t:|1779917872
|switch|p1a: Gliscor|Gliscor, F|16/100 tox
|move|p2a: Breloom|Thunder Punch|p1a: Gliscor
|-immune|p1a: Gliscor
|
|-heal|p1a: Gliscor|29/100 tox|[from] ability: Poison Heal
|-damage|p2a: Breloom|63/100 tox|[from] psn
|upkeep
|turn|12
|
|t:|1779917879
|move|p1a: Gliscor|Protect|p1a: Gliscor
|-singleturn|p1a: Gliscor|Protect
|move|p2a: Breloom|Bullet Seed|p1a: Gliscor
|-activate|p1a: Gliscor|move: Protect
|
|-heal|p1a: Gliscor|41/100 tox|[from] ability: Poison Heal
|-damage|p2a: Breloom|39/100 tox|[from] psn
|upkeep
|turn|13
|
|t:|1779917894
|switch|p1a: Dondozo|Dondozo, F|100/100
|move|p2a: Breloom|Bullet Seed|p1a: Dondozo
|-supereffective|p1a: Dondozo
|-damage|p1a: Dondozo|80/100
|-supereffective|p1a: Dondozo
|-damage|p1a: Dondozo|61/100
|-supereffective|p1a: Dondozo
|-damage|p1a: Dondozo|42/100
|-supereffective|p1a: Dondozo
|-damage|p1a: Dondozo|22/100
|-supereffective|p1a: Dondozo
|-damage|p1a: Dondozo|3/100
|-hitcount|p1a: Dondozo|5
|
|-heal|p1a: Dondozo|9/100|[from] item: Leftovers
|-damage|p2a: Breloom|8/100 tox|[from] psn
|upkeep
|turn|14
|
|t:|1779917903
|move|p2a: Breloom|Bullet Seed|p1a: Dondozo
|-supereffective|p1a: Dondozo
|-damage|p1a: Dondozo|0 fnt
|faint|p1a: Dondozo
|-hitcount|p1: Dondozo|1
|
|-damage|p2a: Breloom|0 fnt|[from] psn
|faint|p2a: Breloom
|upkeep
|
|t:|1779917908
|switch|p2a: Mimikyu|Mimikyu, F|50/100
|switch|p1a: Gliscor|Gliscor, F|41/100 tox
|turn|15
|
|t:|1779917921
|move|p1a: Gliscor|Spikes|p2a: Mimikyu
|-sidestart|p2: alexander90281|Spikes
|move|p2a: Mimikyu|Trick Room|p2a: Mimikyu
|-fieldstart|move: Trick Room|[of] p2a: Mimikyu
|
|-heal|p1a: Gliscor|54/100 tox|[from] ability: Poison Heal
|upkeep
|turn|16
|
|t:|1779917928
|move|p1a: Gliscor|Protect|p1a: Gliscor
|-singleturn|p1a: Gliscor|Protect
|move|p2a: Mimikyu|Curse|p1a: Gliscor
|-start|p1a: Gliscor|Curse|[of] p2a: Mimikyu
|-damage|p2a: Mimikyu|0 fnt
|faint|p2a: Mimikyu
|
|-heal|p1a: Gliscor|66/100 tox|[from] ability: Poison Heal
|-damage|p1a: Gliscor|41/100 tox|[from] Curse
|upkeep
|
|t:|1779917931
|switch|p2a: Ursaluna|Ursaluna, F|100/100
|-damage|p2a: Ursaluna|88/100|[from] Spikes
|turn|17
|
|t:|1779917935
|switch|p1a: Weezing|Weezing-Galar, M|100/100
|-ability|p1a: Weezing|Neutralizing Gas
|move|p2a: Ursaluna|Facade|p1a: Weezing
|-damage|p1a: Weezing|72/100
|
|-status|p2a: Ursaluna|brn|[from] item: Flame Orb
|upkeep
|turn|18
|
|t:|1779917947
|-end|p1a: Weezing|ability: Neutralizing Gas
|switch|p1a: Corviknight|Corviknight, M|82/100
|-ability|p1a: Corviknight|Pressure
|move|p2a: Ursaluna|Facade|p1a: Corviknight
|-resisted|p1a: Corviknight
|-damage|p1a: Corviknight|43/100
|
|-heal|p1a: Corviknight|49/100|[from] item: Leftovers
|-damage|p2a: Ursaluna|82/100 brn|[from] brn
|upkeep
|turn|19
|
|t:|1779917958
|move|p2a: Ursaluna|Fire Punch|p1a: Corviknight
|-supereffective|p1a: Corviknight
|-crit|p1a: Corviknight
|-damage|p1a: Corviknight|0 fnt
|faint|p1a: Corviknight
|
|-damage|p2a: Ursaluna|76/100 brn|[from] brn
|-fieldend|move: Trick Room
|upkeep
|
|t:|1779917964
|switch|p1a: Weezing|Weezing-Galar, M|72/100
|-ability|p1a: Weezing|Neutralizing Gas
|turn|20
|
|t:|1779917973
|move|p1a: Weezing|Toxic Spikes|p2a: Ursaluna
|-sidestart|p2: alexander90281|move: Toxic Spikes
|move|p2a: Ursaluna|Facade|p1a: Weezing
|-damage|p1a: Weezing|14/100
|
|-damage|p2a: Ursaluna|69/100 brn|[from] brn
|upkeep
|turn|21
|
|t:|1779917987
|-terastallize|p1a: Weezing|Ghost
|move|p1a: Weezing|Pain Split|p2a: Ursaluna
|-sethp|p2a: Ursaluna|41/100 brn|[from] move: Pain Split|[silent]
|-sethp|p1a: Weezing|49/100|[from] move: Pain Split
|move|p2a: Ursaluna|Earthquake|p1a: Weezing
|-damage|p1a: Weezing|30/100
|
|-damage|p2a: Ursaluna|34/100 brn|[from] brn
|upkeep
|turn|22
|
|t:|1779918000
|move|p1a: Weezing|Toxic Spikes|p2a: Ursaluna
|-sidestart|p2: alexander90281|move: Toxic Spikes
|move|p2a: Ursaluna|Earthquake|p1a: Weezing
|-damage|p1a: Weezing|11/100
|
|-damage|p2a: Ursaluna|28/100 brn|[from] brn
|upkeep
|turn|23
|
|t:|1779918004
|move|p1a: Weezing|Pain Split|p2a: Ursaluna
|-sethp|p2a: Ursaluna|19/100 brn|[from] move: Pain Split|[silent]
|-sethp|p1a: Weezing|22/100|[from] move: Pain Split
|move|p2a: Ursaluna|Fire Punch|p1a: Weezing
|-damage|p1a: Weezing|12/100
|
|-damage|p2a: Ursaluna|12/100 brn|[from] brn
|upkeep
|turn|24
|
|t:|1779918015
|-end|p1a: Weezing|ability: Neutralizing Gas
|switch|p1a: Toxapex|Toxapex, F|100/100
|move|p2a: Ursaluna|Earthquake|p1a: Toxapex
|-supereffective|p1a: Toxapex
|-damage|p1a: Toxapex|0 fnt
|faint|p1a: Toxapex
|
|-damage|p2a: Ursaluna|6/100 brn|[from] brn
|upkeep
|
|t:|1779918020
|switch|p1a: Gliscor|Gliscor, F|41/100 tox
|turn|25
|
|t:|1779918026
|move|p1a: Gliscor|Knock Off|p2a: Ursaluna
|-damage|p2a: Ursaluna|0 fnt
|-enditem|p2a: Ursaluna|Flame Orb|[from] move: Knock Off|[of] p1a: Gliscor
|faint|p2a: Ursaluna
|
|-heal|p1a: Gliscor|54/100 tox|[from] ability: Poison Heal
|upkeep
|
|t:|1779918033
|switch|p2a: Kingambit|Kingambit, F|100/100
|-damage|p2a: Kingambit|88/100|[from] Spikes
|-activate|p2a: Kingambit|ability: Supreme Overlord
|-start|p2a: Kingambit|fallen4|[silent]
|turn|26
|
|t:|1779918039
|move|p1a: Gliscor|Knock Off|p2a: Kingambit
|-resisted|p2a: Kingambit
|-damage|p2a: Kingambit|81/100
|-enditem|p2a: Kingambit|Black Glasses|[from] move: Knock Off|[of] p1a: Gliscor
|move|p2a: Kingambit|Swords Dance|p2a: Kingambit
|-boost|p2a: Kingambit|atk|2
|
|-heal|p1a: Gliscor|66/100 tox|[from] ability: Poison Heal
|upkeep
|turn|27
|
|t:|1779918048
|move|p1a: Gliscor|Earthquake|p2a: Kingambit
|-supereffective|p2a: Kingambit
|-damage|p2a: Kingambit|32/100
|move|p2a: Kingambit|Kowtow Cleave|p1a: Gliscor
|-damage|p1a: Gliscor|0 fnt
|faint|p1a: Gliscor
|
|upkeep
|
|t:|1779918056
|switch|p1a: Weezing|Weezing-Galar, M, tera:Ghost|12/100
|-ability|p1a: Weezing|Neutralizing Gas
|turn|28
|
|t:|1779918060
|move|p2a: Kingambit|Sucker Punch||[still]
|-fail|p2a: Kingambit
|move|p1a: Weezing|Will-O-Wisp|p2a: Kingambit
|-status|p2a: Kingambit|brn
|
|-damage|p2a: Kingambit|25/100 brn|[from] brn
|upkeep
|turn|29
|
|t:|1779918069
|move|p1a: Weezing|Pain Split|p2a: Kingambit
|-sethp|p2a: Kingambit|18/100 brn|[from] move: Pain Split|[silent]
|-sethp|p1a: Weezing|21/100|[from] move: Pain Split
|move|p2a: Kingambit|Kowtow Cleave|p1a: Weezing
|-supereffective|p1a: Weezing
|-crit|p1a: Weezing
|-damage|p1a: Weezing|0 fnt
|faint|p1a: Weezing
|-end|p1a: Weezing|ability: Neutralizing Gas
|-activate|p2a: Kingambit|ability: Supreme Overlord
|-start|p2a: Kingambit|fallen4|[silent]
|
|-damage|p2a: Kingambit|12/100 brn|[from] brn
|upkeep
|
|t:|1779918075
|switch|p1a: Blissey|Blissey, F|100/100
|turn|30
|
|t:|1779918084
|move|p1a: Blissey|Seismic Toss|p2a: Kingambit
|-damage|p2a: Kingambit|0 fnt
|faint|p2a: Kingambit
|-end|p2a: Kingambit|fallen4|[silent]
|
|upkeep
|
|t:|1779918085
|switch|p2a: Raging Bolt|Raging Bolt|100/100
|-damage|p2a: Raging Bolt|88/100|[from] Spikes
|-status|p2a: Raging Bolt|tox
|-enditem|p2a: Raging Bolt|Booster Energy
|-activate|p2a: Raging Bolt|ability: Protosynthesis|[fromitem]
|-start|p2a: Raging Bolt|protosynthesisspa
|turn|31
|c|☆bobrumba|dude i just cooked you so bad
|c|☆bobrumba|that was awesome
|c|☆bobrumba|gg
|
|t:|1779918104
|-terastallize|p2a: Raging Bolt|Flying
|move|p2a: Raging Bolt|Calm Mind|p2a: Raging Bolt
|-boost|p2a: Raging Bolt|spa|1
|-boost|p2a: Raging Bolt|spd|1
|move|p1a: Blissey|Calm Mind|p1a: Blissey
|-boost|p1a: Blissey|spa|1
|-boost|p1a: Blissey|spd|1
|
|-damage|p2a: Raging Bolt|82/100 tox|[from] psn
|upkeep
|turn|32
|
|t:|1779918119
|move|p2a: Raging Bolt|Thunderbolt|p1a: Blissey
|-damage|p1a: Blissey|78/100
|move|p1a: Blissey|Calm Mind|p1a: Blissey
|-boost|p1a: Blissey|spa|1
|-boost|p1a: Blissey|spd|1
|
|-heal|p1a: Blissey|84/100|[from] item: Leftovers
|-damage|p2a: Raging Bolt|70/100 tox|[from] psn
|upkeep
|turn|33
|
|t:|1779918127
|move|p2a: Raging Bolt|Thunderbolt|p1a: Blissey
|-damage|p1a: Blissey|69/100
|move|p1a: Blissey|Seismic Toss|p2a: Raging Bolt
|-damage|p2a: Raging Bolt|48/100 tox
|
|-heal|p1a: Blissey|76/100|[from] item: Leftovers
|-damage|p2a: Raging Bolt|29/100 tox|[from] psn
|upkeep
|turn|34
|
|t:|1779918134
|move|p2a: Raging Bolt|Thunderbolt|p1a: Blissey
|-damage|p1a: Blissey|59/100
|move|p1a: Blissey|Seismic Toss|p2a: Raging Bolt
|-damage|p2a: Raging Bolt|7/100 tox
|
|-heal|p1a: Blissey|65/100|[from] item: Leftovers
|-damage|p2a: Raging Bolt|0 fnt|[from] psn
|faint|p2a: Raging Bolt
|-end|p2a: Raging Bolt|Protosynthesis|[silent]
|
|win|bobrumba
|raw|bobrumba's rating: 1697 &rarr; <strong>1719</strong><br />(+22 for winning)
|raw|alexander90281's rating: 1724 &rarr; <strong>1702</strong><br />(-22 for losing)
|l|☆alexander90281
|player|p2|
|l| rizz of reko
