|j|☆Kolo22
|j|☆MageStation
|t:|1779822736
|gametype|singles
|player|p1|Kolo22|265|1236
|player|p2|MageStation|170|1182
|gen|9
|tier|[Gen 9] OU
|rated|
|rule|HP Percentage Mod: HP is shown in percentages
|rule|Endless Battle Clause: Forcing endless battles is banned
|rule|Species Clause: Limit one of each Pokémon
|rule|OHKO Clause: OHKO moves are banned
|rule|Evasion Items Clause: Evasion items are banned
|rule|Evasion Moves Clause: Evasion moves are banned
|rule|Evasion Abilities Clause: Evasion abilities are banned
|rule|Sleep Moves Clause: Sleep-inducing moves are banned
|clearpoke
|poke|p1|Heatran, F|
|poke|p1|Clodsire, F|
|poke|p1|Pecharunt|
|poke|p1|Chesnaught, F|
|poke|p1|Greninja-*, F|
|poke|p1|Slowking, M|
|poke|p2|Corviknight, F|
|poke|p2|Dragapult, M|
|poke|p2|Lycanroc, M|
|poke|p2|Rillaboom, F|
|poke|p2|Hatterene, F|
|poke|p2|Toxtricity, M|
|teampreview
|inactive|Battle timer is ON: inactive players will automatically lose when time's up. (requested by Kolo22)
|
|t:|1779822761
|teamsize|p1|6
|teamsize|p2|6
|start
|switch|p1a: Heatran|Heatran, F|100/100
|switch|p2a: Blake|Dragapult, M|100/100
|-item|p1a: Heatran|Air Balloon
|turn|1
|
|t:|1779822772
|move|p2a: Blake|U-turn|p1a: Heatran
|-resisted|p1a: Heatran
|-damage|p1a: Heatran|95/100
|-enditem|p1a: Heatran|Air Balloon
|-damage|p2a: Blake|91/100|[from] item: Life Orb
|
|t:|1779822774
|switch|p2a: Gerardo|Lycanroc, M, shiny|100/100|[from] U-turn
|move|p1a: Heatran|Magma Storm|p2a: Gerardo
|-resisted|p2a: Gerardo
|-damage|p2a: Gerardo|49/100
|-activate|p2a: Gerardo|move: Magma Storm|[of] p1a: Heatran
|
|-damage|p2a: Gerardo|37/100|[from] move: Magma Storm|[partiallytrapped]
|upkeep
|turn|2
|
|t:|1779822788
|switch|p1a: Chesnaught|Chesnaught, F|100/100
|move|p2a: Gerardo|Endeavor|p1a: Chesnaught
|-damage|p1a: Chesnaught|28/100
|-damage|p2a: Gerardo|20/100|[from] item: Rocky Helmet|[of] p1a: Chesnaught
|
|-end|p2a: Gerardo|Magma Storm|[partiallytrapped]|[silent]
|upkeep
|turn|3
|
|t:|1779822796
|switch|p2a: Violet|Corviknight, F|100/100
|move|p1a: Chesnaught|Synthesis|p1a: Chesnaught
|-heal|p1a: Chesnaught|78/100
|
|upkeep
|turn|4
|
|t:|1779822801
|move|p2a: Violet|Body Press|p1a: Chesnaught
|-damage|p1a: Chesnaught|64/100
|-damage|p2a: Violet|84/100|[from] item: Rocky Helmet|[of] p1a: Chesnaught
|move|p1a: Chesnaught|Knock Off|p2a: Violet
|-damage|p2a: Violet|71/100
|-damage|p1a: Chesnaught|47/100|[from] item: Rocky Helmet|[of] p2a: Violet
|-enditem|p2a: Violet|Rocky Helmet|[from] move: Knock Off|[of] p1a: Chesnaught
|
|upkeep
|turn|5
|-message|MageStation forfeited.
|
|win|Kolo22
|raw|Kolo22's rating: 1236 &rarr; <strong>1257</strong><br />(+21 for winning)
|raw|MageStation's rating: 1182 &rarr; <strong>1161</strong><br />(-21 for losing)
|l|☆MageStation
|player|p2|
|l|☆Kolo22
|player|p1|
