|j|☆Gengarissocute
|j|☆hgjgfjyg
|t:|1779948469
|gametype|singles
|player|p1|Gengarissocute|102|1341
|player|p2|hgjgfjyg|collector|1360
|gen|9
|tier|[Gen 9] OU
|rated|
|rule|HP Percentage Mod: HP is shown in percentages
|rule|Endless Battle Clause: Forcing endless battles is banned
|rule|Species Clause: Limit one of each Pokémon
|rule|OHKO Clause: OHKO moves are banned
|rule|Evasion Items Clause: Evasion items are banned
|rule|Evasion Moves Clause: Evasion moves are banned
|rule|Evasion Abilities Clause: Evasion abilities are banned
|rule|Sleep Moves Clause: Sleep-inducing moves are banned
|clearpoke
|poke|p1|Regidrago|
|poke|p1|Maushold-Four|
|poke|p1|Iron Valiant|
|poke|p1|Metagross|
|poke|p1|Polteageist-Antique|
|poke|p1|Ogerpon-Wellspring, F|
|poke|p2|Pelipper, M|
|poke|p2|Samurott-Hisui, M|
|poke|p2|Iron Treads|
|poke|p2|Barraskewda, M|
|poke|p2|Porygon-Z|
|poke|p2|Toxicroak, F|
|teampreview
|inactive|Battle timer is ON: inactive players will automatically lose when time's up. (requested by hgjgfjyg)
|
|t:|1779948483
|teamsize|p1|6
|teamsize|p2|6
|start
|switch|p1a: Regidrago|Regidrago|100/100
|switch|p2a: Bey blade|Iron Treads|100/100
|turn|1
|
|t:|1779948504
|switch|p1a: Iron Valiant|Iron Valiant|100/100
|-enditem|p1a: Iron Valiant|Booster Energy
|-activate|p1a: Iron Valiant|ability: Quark Drive|[fromitem]
|-start|p1a: Iron Valiant|quarkdrivespe
|move|p2a: Bey blade|Earth Power|p1a: Iron Valiant
|-damage|p1a: Iron Valiant|40/100
|
|upkeep
|turn|2
|
|t:|1779948519
|move|p1a: Iron Valiant|Close Combat|p2a: Bey blade
|-supereffective|p2a: Bey blade
|-damage|p2a: Bey blade|0 fnt
|-unboost|p1a: Iron Valiant|def|1
|-unboost|p1a: Iron Valiant|spd|1
|faint|p2a: Bey blade
|-end|p2a: Bey blade|Quark Drive|[silent]
|
|upkeep
|
|t:|1779948526
|switch|p2a: Barraskewda|Barraskewda, M|100/100
|turn|3
|
|t:|1779948531
|move|p1a: Iron Valiant|Close Combat|p2a: Barraskewda
|-damage|p2a: Barraskewda|0 fnt
|-unboost|p1a: Iron Valiant|def|1
|-unboost|p1a: Iron Valiant|spd|1
|faint|p2a: Barraskewda
|
|upkeep
|
|t:|1779948536
|switch|p2a: Pelipper|Pelipper, M|100/100
|-weather|RainDance|[from] ability: Drizzle|[of] p2a: Pelipper
|turn|4
|
|t:|1779948541
|move|p1a: Iron Valiant|Destiny Bond|p1a: Iron Valiant
|-singlemove|p1a: Iron Valiant|Destiny Bond
|move|p2a: Pelipper|Hurricane|p1a: Iron Valiant
|-supereffective|p1a: Iron Valiant
|-damage|p1a: Iron Valiant|0 fnt
|faint|p1a: Iron Valiant
|-activate|p1a: Iron Valiant|move: Destiny Bond
|-end|p1a: Iron Valiant|Quark Drive|[silent]
|faint|p2a: Pelipper
|
|-weather|RainDance|[upkeep]
|upkeep
|
|t:|1779948553
|switch|p1a: Regidrago|Regidrago|100/100
|switch|p2a: Spike factory|Samurott-Hisui, M|100/100
|turn|5
|
|t:|1779948556
|move|p2a: Spike factory|Ceaseless Edge|p1a: Regidrago
|-damage|p1a: Regidrago|55/100
|-sidestart|p1: Gengarissocute|Spikes
|move|p1a: Regidrago|Dragon Energy|p2a: Spike factory
|-damage|p2a: Spike factory|15/100
|
|-weather|RainDance|[upkeep]
|upkeep
|turn|6
|
|t:|1779948562
|move|p2a: Spike factory|Ceaseless Edge|p1a: Regidrago
|-damage|p1a: Regidrago|9/100
|-sidestart|p1: Gengarissocute|Spikes
|move|p1a: Regidrago|Dragon Energy|p2a: Spike factory
|-damage|p2a: Spike factory|4/100
|
|-weather|RainDance|[upkeep]
|upkeep
|turn|7
|
|t:|1779948566
|move|p2a: Spike factory|Ceaseless Edge|p1a: Regidrago
|-damage|p1a: Regidrago|0 fnt
|-sidestart|p1: Gengarissocute|Spikes
|faint|p1a: Regidrago
|
|-weather|RainDance|[upkeep]
|upkeep
|
|t:|1779948572
|switch|p1a: Maushold|Maushold-Four|100/100
|-damage|p1a: Maushold|76/100|[from] Spikes
|turn|8
|
|t:|1779948585
|move|p2a: Spike factory|Ceaseless Edge|p1a: Maushold
|-damage|p1a: Maushold|8/100
|move|p1a: Maushold|Tidy Up|p1a: Maushold
|-sideend|p1: Gengarissocute|Spikes
|-activate|p1a: Maushold|move: Tidy Up
|-boost|p1a: Maushold|atk|1
|-boost|p1a: Maushold|spe|1
|
|-weather|RainDance|[upkeep]
|upkeep
|turn|9
|
|t:|1779948589
|move|p1a: Maushold|Bite|p2a: Spike factory
|-resisted|p2a: Spike factory
|-damage|p2a: Spike factory|0 fnt
|faint|p2a: Spike factory
|
|-weather|RainDance|[upkeep]
|upkeep
|
|t:|1779948591
|switch|p2a: Nuclear bomb|Porygon-Z|100/100
|-ability|p2a: Nuclear bomb|Download|boost
|-boost|p2a: Nuclear bomb|atk|1
|turn|10
|
|t:|1779948597
|-terastallize|p2a: Nuclear bomb|Ghost
|move|p1a: Maushold|Population Bomb|p2a: Nuclear bomb
|-immune|p2a: Nuclear bomb
|move|p2a: Nuclear bomb|Tri Attack|p1a: Maushold
|-damage|p1a: Maushold|0 fnt
|faint|p1a: Maushold
|-damage|p2a: Nuclear bomb|91/100|[from] item: Life Orb
|
|-weather|RainDance|[upkeep]
|upkeep
|
|t:|1779948604
|switch|p1a: Polteageist|Polteageist-Antique|100/100
|turn|11
|
|t:|1779948619
|move|p2a: Nuclear bomb|Shadow Ball|p1a: Polteageist
|-supereffective|p1a: Polteageist
|-enditem|p1a: Polteageist|Focus Sash
|-damage|p1a: Polteageist|1/100
|-damage|p2a: Nuclear bomb|81/100|[from] item: Life Orb
|move|p1a: Polteageist|Shell Smash|p1a: Polteageist
|-unboost|p1a: Polteageist|def|1
|-unboost|p1a: Polteageist|spd|1
|-boost|p1a: Polteageist|atk|2
|-boost|p1a: Polteageist|spa|2
|-boost|p1a: Polteageist|spe|2
|
|-weather|none
|upkeep
|turn|12
|
|t:|1779948626
|move|p1a: Polteageist|Shadow Ball|p2a: Nuclear bomb
|-supereffective|p2a: Nuclear bomb
|-damage|p2a: Nuclear bomb|0 fnt
|faint|p2a: Nuclear bomb
|
|upkeep
|
|t:|1779948628
|switch|p2a: Toxicroak|Toxicroak, F|100/100
|turn|13
|
|t:|1779948630
|move|p1a: Polteageist|Stored Power|p2a: Toxicroak
|-supereffective|p2a: Toxicroak
|-damage|p2a: Toxicroak|0 fnt
|faint|p2a: Toxicroak
|
|win|Gengarissocute
|raw|Gengarissocute's rating: 1341 &rarr; <strong>1362</strong><br />(+21 for winning)
|raw|hgjgfjyg's rating: 1360 &rarr; <strong>1339</strong><br />(-21 for losing)
|l|☆Gengarissocute
|player|p1|
|l|☆hgjgfjyg
|player|p2|
