|j|☆tecerdo
|j|☆blabab
|t:|1779972250
|gametype|singles
|player|p1|tecerdo|gentleman-gen4dp|1576
|player|p2|blabab|miku-ground|1592
|gen|9
|tier|[Gen 9] OU
|rated|
|rule|HP Percentage Mod: HP is shown in percentages
|rule|Endless Battle Clause: Forcing endless battles is banned
|rule|Species Clause: Limit one of each Pokémon
|rule|OHKO Clause: OHKO moves are banned
|rule|Evasion Items Clause: Evasion items are banned
|rule|Evasion Moves Clause: Evasion moves are banned
|rule|Evasion Abilities Clause: Evasion abilities are banned
|rule|Sleep Moves Clause: Sleep-inducing moves are banned
|clearpoke
|poke|p1|Pelipper, M|
|poke|p1|Beartic, F|
|poke|p1|Barraskewda, F|
|poke|p1|Bellibolt, F|
|poke|p1|Toxicroak, M|
|poke|p1|Iron Treads|
|poke|p2|Kingambit, M|
|poke|p2|Hatterene, F|
|poke|p2|Ogerpon, F|
|poke|p2|Keldeo-Resolute|
|poke|p2|Mamoswine, F|
|poke|p2|Iron Thorns|
|teampreview
|inactive|Battle timer is ON: inactive players will automatically lose when time's up. (requested by blabab)
|
|t:|1779972261
|teamsize|p1|6
|teamsize|p2|6
|start
|switch|p1a: Pelipper|Pelipper, M|100/100
|switch|p2a: Mamoswine|Mamoswine, F|100/100
|-weather|RainDance|[from] ability: Drizzle|[of] p1a: Pelipper
|turn|1
|
|t:|1779972263
|move|p2a: Mamoswine|Stealth Rock|p1a: Pelipper
|-sidestart|p1: tecerdo|move: Stealth Rock
|move|p1a: Pelipper|Weather Ball|p2a: Mamoswine
|-supereffective|p2a: Mamoswine
|-damage|p2a: Mamoswine|0 fnt
|faint|p2a: Mamoswine
|
|-weather|RainDance|[upkeep]
|upkeep
|
|t:|1779972267
|switch|p2a: Keldeo|Keldeo-Resolute|100/100
|turn|2
|
|t:|1779972277
|switch|p1a: Bellibolt|Bellibolt, F|100/100
|-damage|p1a: Bellibolt|88/100|[from] Stealth Rock
|move|p2a: Keldeo|Hydro Pump|p1a: Bellibolt
|-damage|p1a: Bellibolt|20/100
|-start|p1a: Bellibolt|Charge|Hydro Pump|[from] ability: Electromorphosis
|
|-weather|RainDance|[upkeep]
|upkeep
|turn|3
|
|t:|1779972281
|move|p2a: Keldeo|Hydro Pump|p1a: Bellibolt|[miss]
|-miss|p2a: Keldeo|p1a: Bellibolt
|move|p1a: Bellibolt|Parabolic Charge|p2a: Keldeo
|-supereffective|p2a: Keldeo
|-damage|p2a: Keldeo|0 fnt
|-heal|p1a: Bellibolt|64/100|[from] drain|[of] p2a: Keldeo
|faint|p2a: Keldeo
|-end|p1a: Bellibolt|Charge|[silent]
|
|-weather|RainDance|[upkeep]
|upkeep
|
|t:|1779972289
|switch|p2a: Ogerpon|Ogerpon, F|100/100
|turn|4
|
|t:|1779972295
|switch|p1a: Toxicroak|Toxicroak, M|100/100
|-damage|p1a: Toxicroak|94/100|[from] Stealth Rock
|move|p2a: Ogerpon|Ivy Cudgel|p1a: Toxicroak
|-resisted|p1a: Toxicroak
|-damage|p1a: Toxicroak|59/100
|
|-weather|RainDance|[upkeep]
|-heal|p1a: Toxicroak|71/100|[from] ability: Dry Skin
|upkeep
|turn|5
|
|t:|1779972304
|switch|p2a: Hatterene|Hatterene, F|100/100
|move|p1a: Toxicroak|Gunk Shot|p2a: Hatterene|[miss]
|-miss|p1a: Toxicroak|p2a: Hatterene
|
|-weather|RainDance|[upkeep]
|-heal|p1a: Toxicroak|84/100|[from] ability: Dry Skin
|upkeep
|turn|6
|
|t:|1779972310
|switch|p1a: Iron Treads|Iron Treads|100/100
|move|p2a: Hatterene|Psychic Noise|p1a: Iron Treads
|-resisted|p1a: Iron Treads
|-damage|p1a: Iron Treads|83/100
|-start|p1a: Iron Treads|move: Heal Block
|
|-weather|RainDance|[upkeep]
|upkeep
|turn|7
|
|t:|1779972317
|move|p1a: Iron Treads|Rapid Spin|p2a: Hatterene
|-damage|p2a: Hatterene|90/100
|-boost|p1a: Iron Treads|spe|1
|-damage|p1a: Iron Treads|66/100|[from] item: Rocky Helmet|[of] p2a: Hatterene
|-sideend|p1: tecerdo|Stealth Rock|[from] move: Rapid Spin|[of] p1a: Iron Treads
|move|p2a: Hatterene|Mystical Fire|p1a: Iron Treads
|-supereffective|p1a: Iron Treads
|-damage|p1a: Iron Treads|41/100
|-unboost|p1a: Iron Treads|spa|1
|
|-weather|RainDance|[upkeep]
|-end|p1a: Iron Treads|move: Heal Block
|upkeep
|turn|8
|
|t:|1779972321
|move|p1a: Iron Treads|Earthquake|p2a: Hatterene
|-damage|p2a: Hatterene|58/100
|move|p2a: Hatterene|Mystical Fire|p1a: Iron Treads
|-supereffective|p1a: Iron Treads
|-damage|p1a: Iron Treads|20/100
|-unboost|p1a: Iron Treads|spa|1
|
|-weather|none
|upkeep
|turn|9
|
|t:|1779972326
|move|p1a: Iron Treads|Earthquake|p2a: Hatterene
|-crit|p2a: Hatterene
|-damage|p2a: Hatterene|11/100
|move|p2a: Hatterene|Mystical Fire|p1a: Iron Treads
|-supereffective|p1a: Iron Treads
|-crit|p1a: Iron Treads
|-damage|p1a: Iron Treads|0 fnt
|faint|p1a: Iron Treads
|-end|p1a: Iron Treads|Quark Drive|[silent]
|
|upkeep
|
|t:|1779972331
|switch|p1a: Barraskewda|Barraskewda, F|100/100
|turn|10
|
|t:|1779972333
|move|p1a: Barraskewda|Flip Turn|p2a: Hatterene
|-damage|p2a: Hatterene|0 fnt
|-damage|p1a: Barraskewda|84/100|[from] item: Rocky Helmet|[of] p2a: Hatterene
|faint|p2a: Hatterene
|
|t:|1779972336
|switch|p1a: Pelipper|Pelipper, M|100/100|[from] Flip Turn
|-weather|RainDance|[from] ability: Drizzle|[of] p1a: Pelipper
|
|-weather|RainDance|[upkeep]
|upkeep
|
|t:|1779972348
|switch|p2a: Iron Thorns|Iron Thorns|100/100
|turn|11
|
|t:|1779972354
|move|p2a: Iron Thorns|Rock Blast|p1a: Pelipper
|-supereffective|p1a: Pelipper
|-damage|p1a: Pelipper|76/100
|-supereffective|p1a: Pelipper
|-damage|p1a: Pelipper|53/100
|-supereffective|p1a: Pelipper
|-crit|p1a: Pelipper
|-damage|p1a: Pelipper|18/100
|-supereffective|p1a: Pelipper
|-damage|p1a: Pelipper|0 fnt
|faint|p1a: Pelipper
|-hitcount|p1: Pelipper|4
|
|-weather|RainDance|[upkeep]
|upkeep
|
|t:|1779972357
|switch|p1a: Beartic|Beartic, F|100/100
|turn|12
|
|t:|1779972374
|-terastallize|p2a: Iron Thorns|Bug
|move|p1a: Beartic|Earthquake|p2a: Iron Thorns
|-resisted|p2a: Iron Thorns
|-damage|p2a: Iron Thorns|84/100
|move|p2a: Iron Thorns|Rock Blast|p1a: Beartic
|-supereffective|p1a: Beartic
|-damage|p1a: Beartic|64/100
|-supereffective|p1a: Beartic
|-damage|p1a: Beartic|23/100
|-supereffective|p1a: Beartic
|-damage|p1a: Beartic|0 fnt
|faint|p1a: Beartic
|-hitcount|p1: Beartic|3
|
|-weather|RainDance|[upkeep]
|upkeep
|
|t:|1779972379
|switch|p1a: Barraskewda|Barraskewda, F|84/100
|turn|13
|
|t:|1779972393
|-end|p2a: Iron Thorns|Quark Drive|[silent]
|switch|p2a: Ogerpon|Ogerpon, F|100/100
|-terastallize|p1a: Barraskewda|Water
|move|p1a: Barraskewda|Liquidation|p2a: Ogerpon
|-resisted|p2a: Ogerpon
|-damage|p2a: Ogerpon|9/100
|
|-weather|RainDance|[upkeep]
|upkeep
|turn|14
|
|t:|1779972396
|move|p1a: Barraskewda|Liquidation|p2a: Ogerpon
|-resisted|p2a: Ogerpon
|-damage|p2a: Ogerpon|0 fnt
|faint|p2a: Ogerpon
|
|-weather|RainDance|[upkeep]
|upkeep
|
|t:|1779972398
|switch|p2a: Kingambit|Kingambit, M|100/100
|-activate|p2a: Kingambit|ability: Supreme Overlord
|-start|p2a: Kingambit|fallen4|[silent]
|turn|15
|
|t:|1779972403
|switch|p1a: Toxicroak|Toxicroak, M|84/100
|move|p2a: Kingambit|Low Kick|p1a: Toxicroak
|-resisted|p1a: Toxicroak
|-crit|p1a: Toxicroak
|-damage|p1a: Toxicroak|62/100
|-damage|p2a: Kingambit|84/100|[from] item: Rocky Helmet|[of] p1a: Toxicroak
|
|-weather|RainDance|[upkeep]
|-heal|p1a: Toxicroak|74/100|[from] ability: Dry Skin
|-heal|p2a: Kingambit|90/100|[from] item: Leftovers
|upkeep
|turn|16
|
|t:|1779972412
|move|p1a: Toxicroak|Drain Punch|p2a: Kingambit
|-supereffective|p2a: Kingambit
|-damage|p2a: Kingambit|0 fnt
|-heal|p1a: Toxicroak|100/100|[from] drain|[of] p2a: Kingambit
|faint|p2a: Kingambit
|-end|p2a: Kingambit|fallen4|[silent]
|
|-weather|RainDance|[upkeep]
|upkeep
|
|t:|1779972414
|switch|p2a: Iron Thorns|Iron Thorns, tera:Bug|84/100
|turn|17
|
|t:|1779972417
|move|p2a: Iron Thorns|Dragon Dance|p2a: Iron Thorns
|-boost|p2a: Iron Thorns|atk|1
|-boost|p2a: Iron Thorns|spe|1
|move|p1a: Toxicroak|Toxic|p2a: Iron Thorns
|-status|p2a: Iron Thorns|tox
|
|-weather|none
|-damage|p2a: Iron Thorns|78/100 tox|[from] psn
|upkeep
|turn|18
|
|t:|1779972421
|move|p2a: Iron Thorns|Earthquake|p1a: Toxicroak
|-supereffective|p1a: Toxicroak
|-damage|p1a: Toxicroak|0 fnt
|faint|p1a: Toxicroak
|
|-damage|p2a: Iron Thorns|66/100 tox|[from] psn
|upkeep
|
|t:|1779972424
|switch|p1a: Bellibolt|Bellibolt, F|64/100
|turn|19
|
|t:|1779972427
|move|p2a: Iron Thorns|Earthquake|p1a: Bellibolt
|-supereffective|p1a: Bellibolt
|-damage|p1a: Bellibolt|0 fnt
|faint|p1a: Bellibolt
|
|-damage|p2a: Iron Thorns|48/100 tox|[from] psn
|upkeep
|
|t:|1779972430
|switch|p1a: Barraskewda|Barraskewda, F, tera:Water|84/100
|turn|20
|
|t:|1779972433
|move|p1a: Barraskewda|Aqua Jet|p2a: Iron Thorns
|-damage|p2a: Iron Thorns|6/100 tox
|move|p2a: Iron Thorns|Earthquake|p1a: Barraskewda
|-damage|p1a: Barraskewda|0 fnt
|faint|p1a: Barraskewda
|
|win|blabab
|raw|tecerdo's rating: 1576 &rarr; <strong>1557</strong><br />(-19 for losing)
|raw|blabab's rating: 1592 &rarr; <strong>1611</strong><br />(+19 for winning)
|l|☆blabab
|player|p2|
|l|☆tecerdo
|player|p1|
