|j|☆Cakdink
|j|☆LeRaptorX2
|t:|1779871838
|gametype|singles
|player|p1|Cakdink|acetrainer-gen4|1139
|player|p2|LeRaptorX2|pokemaniac|1103
|gen|9
|tier|[Gen 9] OU
|rated|
|rule|HP Percentage Mod: HP is shown in percentages
|rule|Endless Battle Clause: Forcing endless battles is banned
|rule|Species Clause: Limit one of each Pokémon
|rule|OHKO Clause: OHKO moves are banned
|rule|Evasion Items Clause: Evasion items are banned
|rule|Evasion Moves Clause: Evasion moves are banned
|rule|Evasion Abilities Clause: Evasion abilities are banned
|rule|Sleep Moves Clause: Sleep-inducing moves are banned
|clearpoke
|poke|p1|Comfey, F|
|poke|p1|Gastrodon-East, F|
|poke|p1|Goodra-Hisui, F|
|poke|p1|Houndoom, M|
|poke|p1|Thundurus-Therian, M|
|poke|p1|Brambleghast, M|
|poke|p2|Pelipper, M|
|poke|p2|Inteleon, F|
|poke|p2|Barraskewda, M|
|poke|p2|Zapdos|
|poke|p2|Great Tusk|
|poke|p2|Kingambit, M|
|teampreview
|inactive|Battle timer is ON: inactive players will automatically lose when time's up. (requested by Cakdink)
|
|t:|1779871843
|teamsize|p1|6
|teamsize|p2|6
|start
|switch|p1a: Thundurus|Thundurus-Therian, M|100/100
|switch|p2a: Donald Duck|Pelipper, M|100/100
|-weather|RainDance|[from] ability: Drizzle|[of] p2a: Donald Duck
|turn|1
|c|☆LeRaptorX2|hello
|
|t:|1779871858
|switch|p2a: Dumbo|Great Tusk|100/100
|move|p1a: Thundurus|Psychic|p2a: Dumbo
|-supereffective|p2a: Dumbo
|-damage|p2a: Dumbo|15/100
|
|-weather|RainDance|[upkeep]
|upkeep
|turn|2
|
|t:|1779871870
|move|p1a: Thundurus|Psychic|p2a: Dumbo
|-supereffective|p2a: Dumbo
|-damage|p2a: Dumbo|0 fnt
|faint|p2a: Dumbo
|-end|p2a: Dumbo|Protosynthesis|[silent]
|
|-weather|RainDance|[upkeep]
|upkeep
|
|t:|1779871884
|switch|p2a: Zippy Zappy|Zapdos|100/100
|turn|3
|
|t:|1779871894
|move|p1a: Thundurus|Dark Pulse|p2a: Zippy Zappy
|-damage|p2a: Zippy Zappy|72/100
|move|p2a: Zippy Zappy|Thunder|p1a: Thundurus
|-immune|p1a: Thundurus|[from] ability: Volt Absorb
|
|-weather|RainDance|[upkeep]
|upkeep
|turn|4
|
|t:|1779871915
|switch|p2a: Gotham Chess|Kingambit, M|100/100
|-activate|p2a: Gotham Chess|ability: Supreme Overlord
|-start|p2a: Gotham Chess|fallen1|[silent]
|move|p1a: Thundurus|Volt Switch|p2a: Gotham Chess
|-damage|p2a: Gotham Chess|51/100
|
|t:|1779871923
|switch|p1a: Gastrodon|Gastrodon-East, F|100/100|[from] Volt Switch
|
|-weather|RainDance|[upkeep]
|upkeep
|turn|5
|
|t:|1779871931
|move|p2a: Gotham Chess|Kowtow Cleave|p1a: Gastrodon
|-damage|p1a: Gastrodon|48/100
|-damage|p2a: Gotham Chess|35/100|[from] item: Rocky Helmet|[of] p1a: Gastrodon
|move|p1a: Gastrodon|Stealth Rock|p2a: Gotham Chess
|-sidestart|p2: LeRaptorX2|move: Stealth Rock
|
|-weather|RainDance|[upkeep]
|upkeep
|turn|6
|inactive|Cakdink has 120 seconds left.
|inactive|Cakdink has 90 seconds left.
|
|t:|1779871999
|move|p2a: Gotham Chess|Kowtow Cleave|p1a: Gastrodon
|-damage|p1a: Gastrodon|0 fnt
|-damage|p2a: Gotham Chess|18/100|[from] item: Rocky Helmet|[of] p1a: Gastrodon
|faint|p1a: Gastrodon
|
|-weather|RainDance|[upkeep]
|upkeep
|
|t:|1779872013
|switch|p1a: Thundurus|Thundurus-Therian, M|100/100
|turn|7
|
|t:|1779872020
|move|p1a: Thundurus|Volt Switch|p2a: Gotham Chess
|-damage|p2a: Gotham Chess|0 fnt
|faint|p2a: Gotham Chess
|-end|p2a: Gotham Chess|fallen1|[silent]
|inactive|Cakdink has 90 seconds left.
|
|t:|1779872028
|switch|p1a: Goodra|Goodra-Hisui, F|100/100|[from] Volt Switch
|
|-weather|RainDance|[upkeep]
|upkeep
|
|t:|1779872037
|switch|p2a: Holy underbite|Barraskewda, M|100/100
|-damage|p2a: Holy underbite|88/100|[from] Stealth Rock
|turn|8
|
|t:|1779872046
|move|p2a: Holy underbite|Close Combat|p1a: Goodra
|-supereffective|p1a: Goodra
|-damage|p1a: Goodra|0 fnt
|-unboost|p2a: Holy underbite|def|1
|-unboost|p2a: Holy underbite|spd|1
|faint|p1a: Goodra
|
|-weather|none
|upkeep
|
|t:|1779872052
|switch|p1a: Thundurus|Thundurus-Therian, M|100/100
|turn|9
|
|t:|1779872060
|switch|p2a: Donald Duck|Pelipper, M|100/100
|-damage|p2a: Donald Duck|76/100|[from] Stealth Rock
|-weather|RainDance|[from] ability: Drizzle|[of] p2a: Donald Duck
|move|p1a: Thundurus|Volt Switch|p2a: Donald Duck
|-supereffective|p2a: Donald Duck
|-damage|p2a: Donald Duck|0 fnt
|faint|p2a: Donald Duck
|
|t:|1779872074
|switch|p1a: Houndoom|Houndoom, M|100/100|[from] Volt Switch
|
|-weather|RainDance|[upkeep]
|upkeep
|
|t:|1779872079
|switch|p2a: Fish n Chips|Inteleon, F|100/100
|-damage|p2a: Fish n Chips|88/100|[from] Stealth Rock
|turn|10
|
|t:|1779872087
|switch|p1a: Comfey|Comfey, F|100/100
|move|p2a: Fish n Chips|Hydro Pump|p1a: Comfey
|-damage|p1a: Comfey|6/100
|
|-weather|RainDance|[upkeep]
|-heal|p1a: Comfey|13/100|[from] item: Leftovers
|upkeep
|turn|11
|
|t:|1779872096
|move|p1a: Comfey|Draining Kiss|p2a: Fish n Chips
|-damage|p2a: Fish n Chips|60/100
|-heal|p1a: Comfey|32/100|[from] drain|[of] p2a: Fish n Chips
|move|p2a: Fish n Chips|Hydro Pump|p1a: Comfey
|-damage|p1a: Comfey|0 fnt
|faint|p1a: Comfey
|
|-weather|RainDance|[upkeep]
|upkeep
|
|t:|1779872100
|switch|p1a: Brambleghast|Brambleghast, M|100/100
|turn|12
|
|t:|1779872106
|switch|p2a: Zippy Zappy|Zapdos|72/100
|move|p1a: Brambleghast|Rapid Spin|p2a: Zippy Zappy
|-damage|p2a: Zippy Zappy|60/100
|-boost|p1a: Brambleghast|spe|1
|-status|p1a: Brambleghast|par|[from] ability: Static|[of] p2a: Zippy Zappy
|
|-weather|RainDance|[upkeep]
|upkeep
|turn|13
|
|t:|1779872117
|move|p2a: Zippy Zappy|Hurricane|p1a: Brambleghast
|-ability|p1a: Brambleghast|Wind Rider|boost
|-boost|p1a: Brambleghast|atk|1
|move|p1a: Brambleghast|Poltergeist|p2a: Zippy Zappy
|-activate|p2a: Zippy Zappy|move: Poltergeist|Heavy-Duty Boots
|-damage|p2a: Zippy Zappy|0 fnt
|faint|p2a: Zippy Zappy
|
|-weather|RainDance|[upkeep]
|upkeep
|
|t:|1779872128
|switch|p2a: Holy underbite|Barraskewda, M|88/100
|-damage|p2a: Holy underbite|76/100|[from] Stealth Rock
|turn|14
|
|t:|1779872134
|move|p2a: Holy underbite|Psychic Fangs|p1a: Brambleghast
|-damage|p1a: Brambleghast|29/100 par
|cant|p1a: Brambleghast|par
|
|-weather|RainDance|[upkeep]
|upkeep
|turn|15
|
|t:|1779872140
|move|p2a: Holy underbite|Psychic Fangs|p1a: Brambleghast
|-damage|p1a: Brambleghast|0 fnt
|faint|p1a: Brambleghast
|
|-weather|RainDance|[upkeep]
|upkeep
|
|t:|1779872147
|switch|p1a: Houndoom|Houndoom, M|100/100
|turn|16
|
|t:|1779872151
|switch|p2a: Fish n Chips|Inteleon, F|60/100
|-damage|p2a: Fish n Chips|48/100|[from] Stealth Rock
|move|p1a: Houndoom|Destiny Bond|p1a: Houndoom
|-singlemove|p1a: Houndoom|Destiny Bond
|
|-weather|none
|upkeep
|turn|17
|
|t:|1779872161
|move|p2a: Fish n Chips|Hydro Pump|p1a: Houndoom
|-supereffective|p1a: Houndoom
|-crit|p1a: Houndoom
|-damage|p1a: Houndoom|0 fnt
|faint|p1a: Houndoom
|-activate|p1a: Houndoom|move: Destiny Bond
|faint|p2a: Fish n Chips
|
|upkeep
|
|t:|1779872169
|switch|p2a: Holy underbite|Barraskewda, M|76/100
|switch|p1a: Thundurus|Thundurus-Therian, M|100/100
|-damage|p2a: Holy underbite|64/100|[from] Stealth Rock
|turn|18
|
|t:|1779872178
|move|p2a: Holy underbite|Psychic Fangs|p1a: Thundurus
|-damage|p1a: Thundurus|36/100
|move|p1a: Thundurus|Volt Switch|p2a: Holy underbite
|-supereffective|p2a: Holy underbite
|-damage|p2a: Holy underbite|0 fnt
|faint|p2a: Holy underbite
|
|win|Cakdink
|raw|Cakdink's rating: 1139 &rarr; <strong>1161</strong><br />(+22 for winning)
|raw|LeRaptorX2's rating: 1103 &rarr; <strong>1081</strong><br />(-22 for losing)
|c|☆LeRaptorX2|gg
|l|☆LeRaptorX2
|player|p2|
|l|☆Cakdink
|player|p1|
