|j|☆th3r3d33m3r
|j|☆a19a19
|t:|1779814240
|gametype|singles
|player|p1|th3r3d33m3r|lady|1359
|player|p2|a19a19|red|1367
|gen|9
|tier|[Gen 9] OU
|rated|
|rule|HP Percentage Mod: HP is shown in percentages
|rule|Endless Battle Clause: Forcing endless battles is banned
|rule|Species Clause: Limit one of each Pokémon
|rule|OHKO Clause: OHKO moves are banned
|rule|Evasion Items Clause: Evasion items are banned
|rule|Evasion Moves Clause: Evasion moves are banned
|rule|Evasion Abilities Clause: Evasion abilities are banned
|rule|Sleep Moves Clause: Sleep-inducing moves are banned
|clearpoke
|poke|p1|Ninetales-Alola, F|
|poke|p1|Hatterene, F|
|poke|p1|Glimmora, F|
|poke|p1|Iron Moth|
|poke|p1|Ceruledge, F|
|poke|p1|Zamazenta-*|
|poke|p2|Kyurem|
|poke|p2|Great Tusk|
|poke|p2|Entei|
|poke|p2|Ting-Lu|
|poke|p2|Tornadus-Therian, M|
|poke|p2|Dragapult, F|
|teampreview
|
|t:|1779814251
|teamsize|p1|6
|teamsize|p2|6
|start
|switch|p1a: Ninetales|Ninetales-Alola, F|100/100
|switch|p2a: Entei|Entei|100/100
|-weather|Snowscape|[from] ability: Snow Warning|[of] p1a: Ninetales
|turn|1
|
|t:|1779814258
|switch|p1a: Glimmora|Glimmora, F|100/100
|-item|p1a: Glimmora|Air Balloon
|move|p2a: Entei|Sacred Fire|p1a: Glimmora
|-resisted|p1a: Glimmora
|-damage|p1a: Glimmora|67/100
|-status|p1a: Glimmora|brn
|-activate|p1a: Glimmora|ability: Toxic Debris
|-sidestart|p2: a19a19|move: Toxic Spikes
|-enditem|p1a: Glimmora|Air Balloon
|
|-weather|Snowscape|[upkeep]
|-damage|p1a: Glimmora|60/100 brn|[from] brn
|upkeep
|turn|2
|
|t:|1779814273
|move|p2a: Entei|Stomping Tantrum|p1a: Glimmora
|-supereffective|p1a: Glimmora
|-damage|p1a: Glimmora|0 fnt
|-activate|p1a: Glimmora|ability: Toxic Debris
|-sidestart|p2: a19a19|move: Toxic Spikes
|faint|p1a: Glimmora
|
|-weather|Snowscape|[upkeep]
|upkeep
|
|t:|1779814276
|switch|p1a: Ceruledge|Ceruledge, F|100/100
|turn|3
|
|t:|1779814287
|move|p2a: Entei|Trailblaze|p1a: Ceruledge
|-resisted|p1a: Ceruledge
|-damage|p1a: Ceruledge|88/100
|-boost|p2a: Entei|spe|1
|-ability|p1a: Ceruledge|Weak Armor|boost
|-unboost|p1a: Ceruledge|def|1
|-boost|p1a: Ceruledge|spe|2
|move|p1a: Ceruledge|Swords Dance|p1a: Ceruledge
|-boost|p1a: Ceruledge|atk|2
|
|-weather|Snowscape|[upkeep]
|upkeep
|turn|4
|
|t:|1779814298
|move|p1a: Ceruledge|Bitter Blade|p2a: Entei
|-resisted|p2a: Entei
|-damage|p2a: Entei|46/100
|-heal|p1a: Ceruledge|100/100|[from] drain|[of] p2a: Entei
|move|p2a: Entei|Stomping Tantrum|p1a: Ceruledge
|-supereffective|p1a: Ceruledge
|-enditem|p1a: Ceruledge|Focus Sash
|-damage|p1a: Ceruledge|1/100
|-ability|p1a: Ceruledge|Weak Armor|boost
|-unboost|p1a: Ceruledge|def|1
|-boost|p1a: Ceruledge|spe|2
|
|-weather|Snowscape|[upkeep]
|upkeep
|turn|5
|
|t:|1779814313
|move|p1a: Ceruledge|Bitter Blade|p2a: Entei
|-resisted|p2a: Entei
|-damage|p2a: Entei|0 fnt
|-heal|p1a: Ceruledge|30/100|[from] drain|[of] p2a: Entei
|faint|p2a: Entei
|
|-weather|none
|upkeep
|
|t:|1779814340
|switch|p2a: Great Tusk|Great Tusk|100/100
|-status|p2a: Great Tusk|tox
|-enditem|p2a: Great Tusk|Booster Energy
|-activate|p2a: Great Tusk|ability: Protosynthesis|[fromitem]
|-start|p2a: Great Tusk|protosynthesisatk
|turn|6
|
|t:|1779814352
|move|p1a: Ceruledge|Poltergeist||[still]
|-fail|p1a: Ceruledge
|move|p2a: Great Tusk|Headlong Rush|p1a: Ceruledge
|-supereffective|p1a: Ceruledge
|-damage|p1a: Ceruledge|0 fnt
|-unboost|p2a: Great Tusk|def|1
|-unboost|p2a: Great Tusk|spd|1
|faint|p1a: Ceruledge
|
|-damage|p2a: Great Tusk|94/100 tox|[from] psn
|upkeep
|-message|th3r3d33m3r forfeited.
|
|win|a19a19
|raw|th3r3d33m3r's rating: 1359 &rarr; <strong>1339</strong><br />(-20 for losing)
|raw|a19a19's rating: 1367 &rarr; <strong>1387</strong><br />(+20 for winning)
|l|☆th3r3d33m3r
|player|p1|
|l|☆a19a19
|player|p2|
