|j|☆a2533540231
|j|☆davespekkie
|t:|1779966593
|gametype|singles
|player|p1|a2533540231|1|1225
|player|p2|davespekkie|265|1211
|gen|9
|tier|[Gen 9] OU
|rated|
|rule|HP Percentage Mod: HP is shown in percentages
|rule|Endless Battle Clause: Forcing endless battles is banned
|rule|Species Clause: Limit one of each Pokémon
|rule|OHKO Clause: OHKO moves are banned
|rule|Evasion Items Clause: Evasion items are banned
|rule|Evasion Moves Clause: Evasion moves are banned
|rule|Evasion Abilities Clause: Evasion abilities are banned
|rule|Sleep Moves Clause: Sleep-inducing moves are banned
|clearpoke
|poke|p1|Alomomola, M|
|poke|p1|Zapdos|
|poke|p1|Ogerpon-Wellspring, F|
|poke|p1|Landorus-Therian, M|
|poke|p1|Weezing-Galar, M|
|poke|p1|Kyurem|
|poke|p2|Rotom-Wash|
|poke|p2|Iron Valiant|
|poke|p2|Landorus-Therian, M|
|poke|p2|Copperajah, M|
|poke|p2|Polteageist|
|poke|p2|Blissey, F|
|teampreview
|
|t:|1779966604
|teamsize|p1|6
|teamsize|p2|6
|start
|switch|p1a: Kyurem|Kyurem|100/100
|switch|p2a: Rotom|Rotom-Wash|100/100
|-ability|p1a: Kyurem|Pressure
|turn|1
|inactive|Battle timer is ON: inactive players will automatically lose when time's up. (requested by a2533540231)
|inactive|davespekkie also wants the timer to be on.
|
|t:|1779966618
|switch|p2a: Copperajah|Copperajah, M|100/100
|move|p1a: Kyurem|Freeze-Dry|p2a: Copperajah
|-resisted|p2a: Copperajah
|-damage|p2a: Copperajah|71/100
|
|upkeep
|turn|2
|
|t:|1779966627
|switch|p1a: Landorus|Landorus-Therian, M|100/100
|-ability|p1a: Landorus|Intimidate|boost
|-unboost|p2a: Copperajah|atk|1
|move|p2a: Copperajah|Iron Head|p1a: Landorus
|-damage|p1a: Landorus|43/100
|
|upkeep
|turn|3
|
|t:|1779966637
|switch|p2a: Rotom|Rotom-Wash|100/100
|move|p1a: Landorus|U-turn|p2a: Rotom
|-damage|p2a: Rotom|80/100
|
|t:|1779966641
|switch|p1a: Kyurem|Kyurem|100/100|[from] U-turn
|-ability|p1a: Kyurem|Pressure
|
|-heal|p2a: Rotom|86/100|[from] item: Leftovers
|upkeep
|turn|4
|
|t:|1779966647
|switch|p2a: Copperajah|Copperajah, M|71/100
|move|p1a: Kyurem|Draco Meteor|p2a: Copperajah
|-resisted|p2a: Copperajah
|-damage|p2a: Copperajah|20/100
|-unboost|p1a: Kyurem|spa|2
|
|upkeep
|turn|5
|
|t:|1779966657
|move|p1a: Kyurem|Draco Meteor|p2a: Copperajah
|-resisted|p2a: Copperajah
|-damage|p2a: Copperajah|0 fnt
|-unboost|p1a: Kyurem|spa|2
|faint|p2a: Copperajah
|
|upkeep
|
|t:|1779966666
|switch|p2a: Iron Valiant|Iron Valiant, shiny|100/100
|-enditem|p2a: Iron Valiant|Booster Energy
|-activate|p2a: Iron Valiant|ability: Quark Drive|[fromitem]
|-start|p2a: Iron Valiant|quarkdrivespe
|turn|6
|
|t:|1779966676
|switch|p1a: Alomomola|Alomomola, M, shiny|100/100
|move|p2a: Iron Valiant|Calm Mind|p2a: Iron Valiant
|-boost|p2a: Iron Valiant|spa|1
|-boost|p2a: Iron Valiant|spd|1
|
|upkeep
|turn|7
|
|t:|1779966693
|-terastallize|p2a: Iron Valiant|Steel
|move|p2a: Iron Valiant|Calm Mind|p2a: Iron Valiant
|-boost|p2a: Iron Valiant|spa|1
|-boost|p2a: Iron Valiant|spd|1
|move|p1a: Alomomola|Flip Turn|p2a: Iron Valiant
|-damage|p2a: Iron Valiant|78/100
|
|t:|1779966704
|switch|p1a: Landorus|Landorus-Therian, M|43/100|[from] Flip Turn
|-ability|p1a: Landorus|Intimidate|boost
|-unboost|p2a: Iron Valiant|atk|1
|
|upkeep
|turn|8
|
|t:|1779966709
|move|p2a: Iron Valiant|Moonblast|p1a: Landorus
|-damage|p1a: Landorus|0 fnt
|faint|p1a: Landorus
|
|upkeep
|
|t:|1779966729
|switch|p1a: Alomomola|Alomomola, M, shiny|100/100
|turn|9
|
|t:|1779966734
|move|p2a: Iron Valiant|Moonblast|p1a: Alomomola
|-damage|p1a: Alomomola|35/100
|-unboost|p1a: Alomomola|spa|1
|move|p1a: Alomomola|Mirror Coat|p2a: Iron Valiant
|-damage|p2a: Iron Valiant|0 fnt
|faint|p2a: Iron Valiant
|-end|p2a: Iron Valiant|Quark Drive|[silent]
|
|upkeep
|
|t:|1779966753
|switch|p2a: Polteageist|Polteageist|100/100
|turn|10
|
|t:|1779966773
|move|p2a: Polteageist|Shell Smash|p2a: Polteageist
|-unboost|p2a: Polteageist|def|1
|-unboost|p2a: Polteageist|spd|1
|-boost|p2a: Polteageist|atk|2
|-boost|p2a: Polteageist|spa|2
|-boost|p2a: Polteageist|spe|2
|-enditem|p2a: Polteageist|White Herb
|-clearnegativeboost|p2a: Polteageist|[silent]
|move|p1a: Alomomola|Flip Turn|p2a: Polteageist
|-damage|p2a: Polteageist|72/100
|
|t:|1779966787
|switch|p1a: Weezing|Weezing-Galar, M|100/100|[from] Flip Turn
|-ability|p1a: Weezing|Neutralizing Gas
|
|upkeep
|turn|11
|
|t:|1779966797
|move|p2a: Polteageist|Stored Power|p1a: Weezing
|-supereffective|p1a: Weezing
|-damage|p1a: Weezing|0 fnt
|faint|p1a: Weezing
|-end|p1a: Weezing|ability: Neutralizing Gas
|
|upkeep
|
|t:|1779966810
|switch|p1a: Kyurem|Kyurem|100/100
|-ability|p1a: Kyurem|Pressure
|turn|12
|
|t:|1779966815
|move|p2a: Polteageist|Stored Power|p1a: Kyurem
|-damage|p1a: Kyurem|8/100
|move|p1a: Kyurem|Freeze-Dry|p2a: Polteageist
|-crit|p2a: Polteageist
|-damage|p2a: Polteageist|0 fnt
|faint|p2a: Polteageist
|
|upkeep
|
|t:|1779966832
|switch|p2a: Blissey|Blissey, F|100/100
|turn|13
|
|t:|1779966840
|switch|p1a: Alomomola|Alomomola, M, shiny|68/100
|move|p2a: Blissey|Seismic Toss|p1a: Alomomola
|-damage|p1a: Alomomola|49/100
|
|upkeep
|turn|14
|
|t:|1779966851
|move|p2a: Blissey|Seismic Toss|p1a: Alomomola
|-damage|p1a: Alomomola|31/100
|move|p1a: Alomomola|Wish|p1a: Alomomola
|
|upkeep
|turn|15
|
|t:|1779966856
|move|p2a: Blissey|Seismic Toss|p1a: Alomomola
|-damage|p1a: Alomomola|12/100
|move|p1a: Alomomola|Flip Turn|p2a: Blissey
|-damage|p2a: Blissey|85/100
|
|t:|1779966859
|switch|p1a: Kyurem|Kyurem|8/100|[from] Flip Turn
|-ability|p1a: Kyurem|Pressure
|
|-heal|p1a: Kyurem|76/100|[from] move: Wish|[wisher] Alomomola
|upkeep
|turn|16
|
|t:|1779966868
|switch|p1a: Zapdos|Zapdos|100/100
|move|p2a: Blissey|Seismic Toss|p1a: Zapdos
|-damage|p1a: Zapdos|74/100
|-damage|p2a: Blissey|69/100|[from] item: Rocky Helmet|[of] p1a: Zapdos
|-status|p2a: Blissey|par|[from] ability: Static|[of] p1a: Zapdos
|
|upkeep
|turn|17
|
|t:|1779966878
|-curestatus|p2a: Blissey|par|[from] ability: Natural Cure|[silent]
|switch|p2a: Landorus|Landorus-Therian, M|100/100
|-ability|p2a: Landorus|Intimidate|boost
|-unboost|p1a: Zapdos|atk|1
|move|p1a: Zapdos|Volt Switch|p2a: Landorus
|-immune|p2a: Landorus
|
|upkeep
|turn|18
|
|t:|1779966887
|move|p1a: Zapdos|Tailwind|p1a: Zapdos
|-sidestart|p1: a2533540231|move: Tailwind
|move|p2a: Landorus|Stone Edge|p1a: Zapdos
|-supereffective|p1a: Zapdos
|-crit|p1a: Zapdos
|-damage|p1a: Zapdos|10/100
|
|upkeep
|turn|19
|
|t:|1779966895
|switch|p1a: Alomomola|Alomomola, M, shiny|45/100
|move|p2a: Landorus|U-turn|p1a: Alomomola
|-crit|p1a: Alomomola
|-damage|p1a: Alomomola|18/100
|
|t:|1779966901
|switch|p2a: Blissey|Blissey, F|69/100|[from] U-turn
|
|upkeep
|turn|20
|
|t:|1779966906
|switch|p1a: Ogerpon|Ogerpon-Wellspring, F|100/100
|move|p2a: Blissey|Seismic Toss|p1a: Ogerpon
|-damage|p1a: Ogerpon|67/100
|
|upkeep
|turn|21
|
|t:|1779966913
|switch|p2a: Landorus|Landorus-Therian, M|100/100
|-ability|p2a: Landorus|Intimidate|boost
|-unboost|p1a: Ogerpon|atk|1
|move|p1a: Ogerpon|Swords Dance|p1a: Ogerpon
|-boost|p1a: Ogerpon|atk|2
|
|-sideend|p1: a2533540231|move: Tailwind
|upkeep
|turn|22
|
|t:|1779966923
|move|p1a: Ogerpon|Ivy Cudgel|p2a: Landorus|[anim] Ivy Cudgel Water
|-supereffective|p2a: Landorus
|-damage|p2a: Landorus|0 fnt
|faint|p2a: Landorus
|
|upkeep
|
|t:|1779966927
|switch|p2a: Rotom|Rotom-Wash|86/100
|turn|23
|
|t:|1779966935
|move|p1a: Ogerpon|Horn Leech|p2a: Rotom
|-supereffective|p2a: Rotom
|-damage|p2a: Rotom|0 fnt
|-heal|p1a: Ogerpon|100/100|[from] drain|[of] p2a: Rotom
|faint|p2a: Rotom
|
|upkeep
|-message|davespekkie forfeited.
|
|win|a2533540231
|raw|a2533540231's rating: 1225 &rarr; <strong>1249</strong><br />(+24 for winning)
|raw|davespekkie's rating: 1211 &rarr; <strong>1187</strong><br />(-24 for losing)
|l|☆davespekkie
|player|p2|
|l|☆a2533540231
|player|p1|
