|j|☆ArmpitLickerr
|j|☆Nooderu
|t:|1779861075
|gametype|singles
|player|p1|ArmpitLickerr|102|1300
|player|p2|Nooderu|guitarist|1255
|gen|9
|tier|[Gen 9] OU
|rated|
|rule|HP Percentage Mod: HP is shown in percentages
|rule|Endless Battle Clause: Forcing endless battles is banned
|rule|Species Clause: Limit one of each Pokémon
|rule|OHKO Clause: OHKO moves are banned
|rule|Evasion Items Clause: Evasion items are banned
|rule|Evasion Moves Clause: Evasion moves are banned
|rule|Evasion Abilities Clause: Evasion abilities are banned
|rule|Sleep Moves Clause: Sleep-inducing moves are banned
|clearpoke
|poke|p1|Garganacl, M|
|poke|p1|Quaquaval, F|
|poke|p1|Dragapult, F|
|poke|p1|Pecharunt|
|poke|p1|Maushold-Four|
|poke|p1|Alomomola, M|
|poke|p2|Great Tusk|
|poke|p2|Walking Wake|
|poke|p2|Lilligant-Hisui, F|
|poke|p2|Grimmsnarl, M|
|poke|p2|Torkoal, M|
|poke|p2|Exeggutor, F|
|teampreview
|inactive|Battle timer is ON: inactive players will automatically lose when time's up. (requested by ArmpitLickerr)
|
|t:|1779861084
|teamsize|p1|6
|teamsize|p2|6
|start
|switch|p1a: Maushold|Maushold-Four|100/100
|switch|p2a: Grimmsnarl|Grimmsnarl, M|100/100
|turn|1
|
|t:|1779861102
|move|p2a: Grimmsnarl|Reflect|p2a: Grimmsnarl
|-sidestart|p2: Nooderu|Reflect
|move|p1a: Maushold|Tidy Up|p1a: Maushold
|-boost|p1a: Maushold|atk|1
|-boost|p1a: Maushold|spe|1
|
|upkeep
|turn|2
|
|t:|1779861115
|move|p2a: Grimmsnarl|Parting Shot|p1a: Maushold
|-unboost|p1a: Maushold|atk|1
|-unboost|p1a: Maushold|spa|1
|
|t:|1779861122
|switch|p2a: Torkoal|Torkoal, M|100/100|[from] Parting Shot
|-weather|SunnyDay|[from] ability: Drought|[of] p2a: Torkoal
|move|p1a: Maushold|Population Bomb|p2a: Torkoal
|-damage|p2a: Torkoal|97/100
|-damage|p2a: Torkoal|94/100
|-damage|p2a: Torkoal|91/100
|-damage|p2a: Torkoal|88/100
|-damage|p2a: Torkoal|85/100
|-damage|p2a: Torkoal|82/100
|-damage|p2a: Torkoal|78/100
|-damage|p2a: Torkoal|75/100
|-damage|p2a: Torkoal|71/100
|-damage|p2a: Torkoal|68/100
|-hitcount|p2a: Torkoal|10
|
|-weather|SunnyDay|[upkeep]
|upkeep
|turn|3
|
|t:|1779861150
|move|p1a: Maushold|Tidy Up|p1a: Maushold
|-boost|p1a: Maushold|atk|1
|-boost|p1a: Maushold|spe|1
|move|p2a: Torkoal|Stealth Rock|p1a: Maushold
|-sidestart|p1: ArmpitLickerr|move: Stealth Rock
|
|-weather|SunnyDay|[upkeep]
|upkeep
|turn|4
|
|t:|1779861163
|move|p1a: Maushold|Encore|p2a: Torkoal
|-start|p2a: Torkoal|Encore
|move|p2a: Torkoal|Stealth Rock||[still]
|-fail|p2a: Torkoal
|
|-weather|SunnyDay|[upkeep]
|upkeep
|turn|5
|inactive|Nooderu has 120 seconds left.
|
|t:|1779861182
|switch|p2a: Great Tusk|Great Tusk|100/100
|-activate|p2a: Great Tusk|ability: Protosynthesis
|-start|p2a: Great Tusk|protosynthesisatk
|move|p1a: Maushold|Tidy Up|p1a: Maushold
|-sideend|p1: ArmpitLickerr|Stealth Rock
|-activate|p1a: Maushold|move: Tidy Up
|-boost|p1a: Maushold|atk|1
|-boost|p1a: Maushold|spe|1
|
|-weather|SunnyDay|[upkeep]
|upkeep
|turn|6
|inactive|Nooderu has 120 seconds left.
|
|t:|1779861196
|move|p1a: Maushold|Population Bomb|p2a: Great Tusk
|-damage|p2a: Great Tusk|94/100
|-damage|p2a: Great Tusk|87/100
|-damage|p2a: Great Tusk|80/100
|-damage|p2a: Great Tusk|74/100
|-damage|p2a: Great Tusk|67/100
|-crit|p2a: Great Tusk
|-damage|p2a: Great Tusk|47/100
|-damage|p2a: Great Tusk|40/100
|-damage|p2a: Great Tusk|33/100
|-damage|p2a: Great Tusk|27/100
|-damage|p2a: Great Tusk|21/100
|-hitcount|p2a: Great Tusk|10
|move|p2a: Great Tusk|Close Combat|p1a: Maushold
|-supereffective|p1a: Maushold
|-damage|p1a: Maushold|0 fnt
|-unboost|p2a: Great Tusk|def|1
|-unboost|p2a: Great Tusk|spd|1
|faint|p1a: Maushold
|
|-weather|SunnyDay|[upkeep]
|upkeep
|
|t:|1779861217
|switch|p1a: Quaquaval|Quaquaval, F|100/100
|turn|7
|inactive|Nooderu has 120 seconds left.
|
|t:|1779861244
|-end|p2a: Great Tusk|Protosynthesis|[silent]
|switch|p2a: Exeggutor|Exeggutor, F|100/100
|move|p1a: Quaquaval|Aqua Step|p2a: Exeggutor
|-resisted|p2a: Exeggutor
|-damage|p2a: Exeggutor|95/100
|-boost|p1a: Quaquaval|spe|1
|
|-weather|SunnyDay|[upkeep]
|upkeep
|turn|8
|
|t:|1779861262
|move|p1a: Quaquaval|Knock Off|p2a: Exeggutor
|-supereffective|p2a: Exeggutor
|-damage|p2a: Exeggutor|57/100
|-enditem|p2a: Exeggutor|Life Orb|[from] move: Knock Off|[of] p1a: Quaquaval
|move|p2a: Exeggutor|Solar Beam||[still]
|-prepare|p2a: Exeggutor|Solar Beam
|-anim|p2a: Exeggutor|Solar Beam|p1a: Quaquaval
|-supereffective|p1a: Quaquaval
|-damage|p1a: Quaquaval|0 fnt
|faint|p1a: Quaquaval
|
|-weather|SunnyDay|[upkeep]
|-sideend|p2: Nooderu|Reflect
|upkeep
|
|t:|1779861274
|switch|p1a: Pecharunt|Pecharunt|100/100
|turn|9
|
|t:|1779861285
|move|p2a: Exeggutor|Psyshock|p1a: Pecharunt
|-supereffective|p1a: Pecharunt
|-damage|p1a: Pecharunt|43/100
|move|p1a: Pecharunt|Malignant Chain|p2a: Exeggutor
|-supereffective|p2a: Exeggutor
|-damage|p2a: Exeggutor|0 fnt
|faint|p2a: Exeggutor
|
|-weather|none
|-heal|p1a: Pecharunt|49/100|[from] item: Leftovers
|upkeep
|
|t:|1779861298
|switch|p2a: Grimmsnarl|Grimmsnarl, M|100/100
|turn|10
|
|t:|1779861309
|move|p2a: Grimmsnarl|Light Screen|p2a: Grimmsnarl
|-sidestart|p2: Nooderu|move: Light Screen
|move|p1a: Pecharunt|Nasty Plot|p1a: Pecharunt
|-boost|p1a: Pecharunt|spa|2
|
|-heal|p1a: Pecharunt|55/100|[from] item: Leftovers
|upkeep
|turn|11
|
|t:|1779861321
|move|p2a: Grimmsnarl|Parting Shot|p1a: Pecharunt
|-unboost|p1a: Pecharunt|atk|1
|-unboost|p1a: Pecharunt|spa|1
|
|t:|1779861326
|switch|p2a: Torkoal|Torkoal, M|68/100|[from] Parting Shot
|-weather|SunnyDay|[from] ability: Drought|[of] p2a: Torkoal
|move|p1a: Pecharunt|Nasty Plot|p1a: Pecharunt
|-boost|p1a: Pecharunt|spa|2
|
|-weather|SunnyDay|[upkeep]
|-heal|p1a: Pecharunt|61/100|[from] item: Leftovers
|upkeep
|turn|12
|
|t:|1779861342
|move|p1a: Pecharunt|Malignant Chain|p2a: Torkoal
|-damage|p2a: Torkoal|0 fnt
|faint|p2a: Torkoal
|
|-weather|SunnyDay|[upkeep]
|-heal|p1a: Pecharunt|67/100|[from] item: Leftovers
|upkeep
|
|t:|1779861362
|switch|p2a: Lilligant|Lilligant-Hisui, F|100/100
|turn|13
|
|t:|1779861367
|move|p2a: Lilligant|Solar Blade||[still]
|-prepare|p2a: Lilligant|Solar Blade
|-anim|p2a: Lilligant|Solar Blade|p1a: Pecharunt
|-resisted|p1a: Pecharunt
|-damage|p1a: Pecharunt|42/100
|move|p1a: Pecharunt|Malignant Chain|p2a: Lilligant
|-supereffective|p2a: Lilligant
|-crit|p2a: Lilligant
|-damage|p2a: Lilligant|0 fnt
|faint|p2a: Lilligant
|
|-weather|SunnyDay|[upkeep]
|-heal|p1a: Pecharunt|48/100|[from] item: Leftovers
|upkeep
|
|t:|1779861385
|switch|p2a: Walking Wake|Walking Wake|100/100
|-activate|p2a: Walking Wake|ability: Protosynthesis
|-start|p2a: Walking Wake|protosynthesisspe
|turn|14
|
|t:|1779861390
|move|p2a: Walking Wake|Draco Meteor|p1a: Pecharunt
|-damage|p1a: Pecharunt|0 fnt
|-unboost|p2a: Walking Wake|spa|2
|faint|p1a: Pecharunt
|
|-weather|SunnyDay|[upkeep]
|upkeep
|
|t:|1779861397
|switch|p1a: Alomomola|Alomomola, M|100/100
|turn|15
|
|t:|1779861401
|-end|p2a: Walking Wake|Protosynthesis|[silent]
|switch|p2a: Grimmsnarl|Grimmsnarl, M|100/100
|move|p1a: Alomomola|Mirror Coat||[still]
|-fail|p1a: Alomomola
|
|-weather|SunnyDay|[upkeep]
|upkeep
|turn|16
|inactive|Nooderu has 120 seconds left.
|
|t:|1779861415
|move|p2a: Grimmsnarl|Parting Shot|p1a: Alomomola
|-unboost|p1a: Alomomola|atk|1
|-unboost|p1a: Alomomola|spa|1
|
|t:|1779861419
|switch|p2a: Great Tusk|Great Tusk|21/100|[from] Parting Shot
|-activate|p2a: Great Tusk|ability: Protosynthesis
|-start|p2a: Great Tusk|protosynthesisatk
|move|p1a: Alomomola|Wish|p1a: Alomomola
|
|-weather|SunnyDay|[upkeep]
|upkeep
|turn|17
|inactive|Nooderu has 120 seconds left.
|
|t:|1779861432
|-terastallize|p2a: Great Tusk|Electric
|move|p2a: Great Tusk|Supercell Slam|p1a: Alomomola
|-supereffective|p1a: Alomomola
|-damage|p1a: Alomomola|17/100
|-damage|p2a: Great Tusk|4/100|[from] item: Rocky Helmet|[of] p1a: Alomomola
|move|p1a: Alomomola|Flip Turn|p2a: Great Tusk
|-damage|p2a: Great Tusk|1/100
|
|t:|1779861444
|switch|p1a: Garganacl|Garganacl, M|100/100|[from] Flip Turn
|
|-weather|SunnyDay|[upkeep]
|-sideend|p2: Nooderu|move: Light Screen
|upkeep
|turn|18
|
|t:|1779861463
|switch|p1a: Alomomola|Alomomola, M|50/100
|move|p2a: Great Tusk|Close Combat|p1a: Alomomola
|-damage|p1a: Alomomola|1/100
|-unboost|p2a: Great Tusk|def|1
|-unboost|p2a: Great Tusk|spd|1
|-damage|p2a: Great Tusk|0 fnt|[from] item: Rocky Helmet|[of] p1a: Alomomola
|faint|p2a: Great Tusk
|-end|p2a: Great Tusk|Protosynthesis|[silent]
|
|-weather|none
|upkeep
|inactive|Nooderu has 120 seconds left.
|
|t:|1779861475
|switch|p2a: Grimmsnarl|Grimmsnarl, M|100/100
|turn|19
|
|t:|1779861483
|move|p2a: Grimmsnarl|Sucker Punch||[still]
|-fail|p2a: Grimmsnarl
|move|p1a: Alomomola|Wish|p1a: Alomomola
|
|upkeep
|turn|20
|-message|Nooderu forfeited.
|
|win|ArmpitLickerr
|raw|ArmpitLickerr's rating: 1300 &rarr; <strong>1322</strong><br />(+22 for winning)
|raw|Nooderu's rating: 1255 &rarr; <strong>1233</strong><br />(-22 for losing)
|l|☆Nooderu
|player|p2|
|l|☆ArmpitLickerr
|player|p1|
