|j|☆BaxleyTheBomb
|j|☆Wildkoter
|t:|1779814466
|gametype|singles
|player|p1|BaxleyTheBomb|janitor|1226
|player|p2|Wildkoter|swimmer|1268
|gen|9
|tier|[Gen 9] OU
|rated|
|rule|HP Percentage Mod: HP is shown in percentages
|rule|Endless Battle Clause: Forcing endless battles is banned
|rule|Species Clause: Limit one of each Pokémon
|rule|OHKO Clause: OHKO moves are banned
|rule|Evasion Items Clause: Evasion items are banned
|rule|Evasion Moves Clause: Evasion moves are banned
|rule|Evasion Abilities Clause: Evasion abilities are banned
|rule|Sleep Moves Clause: Sleep-inducing moves are banned
|clearpoke
|poke|p1|Milotic, M|
|poke|p1|Sceptile, M|
|poke|p1|Dusclops, M|
|poke|p1|Seviper, M|
|poke|p1|Deoxys-Speed|
|poke|p1|Salamence, M|
|poke|p2|Samurott-Hisui, M|
|poke|p2|Dragapult, F|
|poke|p2|Iron Moth|
|poke|p2|Zapdos|
|poke|p2|Great Tusk|
|poke|p2|Iron Crown|
|teampreview
|
|t:|1779814472
|teamsize|p1|6
|teamsize|p2|6
|start
|switch|p1a: Sceptile|Sceptile, M, shiny|100/100
|switch|p2a: Samurott|Samurott-Hisui, M|100/100
|turn|1
|
|t:|1779814483
|switch|p2a: Iron Moth|Iron Moth|100/100
|-enditem|p2a: Iron Moth|Booster Energy
|-activate|p2a: Iron Moth|ability: Quark Drive|[fromitem]
|-start|p2a: Iron Moth|quarkdrivespe
|move|p1a: Sceptile|Roar|p2a: Iron Moth
|-enditem|p1a: Sceptile|Throat Spray
|-boost|p1a: Sceptile|spa|1|[from] item: Throat Spray
|-end|p2a: Iron Moth|Quark Drive|[silent]
|drag|p2a: Dragapult|Dragapult, F|100/100
|
|upkeep
|turn|2
|
|t:|1779814503
|move|p1a: Sceptile|Dragon Pulse|p2a: Dragapult
|-supereffective|p2a: Dragapult
|-damage|p2a: Dragapult|0 fnt
|faint|p2a: Dragapult
|
|upkeep
|
|t:|1779814509
|switch|p2a: Iron Moth|Iron Moth|100/100
|turn|3
|
|t:|1779814514
|move|p1a: Sceptile|Dragon Pulse|p2a: Iron Moth
|-damage|p2a: Iron Moth|60/100
|move|p2a: Iron Moth|Fiery Dance|p1a: Sceptile
|-supereffective|p1a: Sceptile
|-damage|p1a: Sceptile|0 fnt
|-boost|p2a: Iron Moth|spa|1
|faint|p1a: Sceptile
|
|upkeep
|
|t:|1779814528
|switch|p1a: Seviper|Seviper, M, shiny|100/100
|turn|4
|
|t:|1779814534
|move|p2a: Iron Moth|Fiery Dance|p1a: Seviper
|-damage|p1a: Seviper|40/100
|move|p1a: Seviper|Earthquake|p2a: Iron Moth
|-supereffective|p2a: Iron Moth
|-crit|p2a: Iron Moth
|-damage|p2a: Iron Moth|0 fnt
|faint|p2a: Iron Moth
|-end|p2a: Iron Moth|Quark Drive|[silent]
|
|upkeep
|
|t:|1779814551
|switch|p2a: Great Tusk|Great Tusk|100/100
|-enditem|p2a: Great Tusk|Booster Energy
|-activate|p2a: Great Tusk|ability: Protosynthesis|[fromitem]
|-start|p2a: Great Tusk|protosynthesisatk
|turn|5
|
|t:|1779814559
|-terastallize|p1a: Seviper|Flying
|move|p2a: Great Tusk|Ice Spinner|p1a: Seviper
|-supereffective|p1a: Seviper
|-damage|p1a: Seviper|0 fnt
|faint|p1a: Seviper
|
|upkeep
|
|t:|1779814568
|switch|p1a: Dusclops|Dusclops, M, shiny|100/100
|-ability|p1a: Dusclops|Pressure
|turn|6
|
|t:|1779814585
|-end|p2a: Great Tusk|Protosynthesis|[silent]
|switch|p2a: Samurott|Samurott-Hisui, M|100/100
|move|p1a: Dusclops|Will-O-Wisp|p2a: Samurott
|-status|p2a: Samurott|brn
|
|-damage|p2a: Samurott|94/100 brn|[from] brn
|upkeep
|turn|7
|
|t:|1779814599
|move|p1a: Dusclops|Protect|p1a: Dusclops
|-singleturn|p1a: Dusclops|Protect
|move|p2a: Samurott|Ceaseless Edge|p1a: Dusclops
|-activate|p1a: Dusclops|move: Protect
|
|-damage|p2a: Samurott|88/100 brn|[from] brn
|upkeep
|turn|8
|
|t:|1779814610
|move|p2a: Samurott|Ceaseless Edge|p1a: Dusclops
|-supereffective|p1a: Dusclops
|-damage|p1a: Dusclops|70/100
|-sidestart|p1: BaxleyTheBomb|Spikes
|move|p1a: Dusclops|Night Shade|p2a: Samurott
|-damage|p2a: Samurott|57/100 brn
|
|-damage|p2a: Samurott|51/100 brn|[from] brn
|upkeep
|turn|9
|
|t:|1779814619
|move|p2a: Samurott|Ceaseless Edge|p1a: Dusclops
|-supereffective|p1a: Dusclops
|-damage|p1a: Dusclops|40/100
|-sidestart|p1: BaxleyTheBomb|Spikes
|move|p1a: Dusclops|Night Shade|p2a: Samurott
|-damage|p2a: Samurott|20/100 brn
|
|-damage|p2a: Samurott|13/100 brn|[from] brn
|upkeep
|turn|10
|
|t:|1779814629
|move|p1a: Dusclops|Protect|p1a: Dusclops
|-singleturn|p1a: Dusclops|Protect
|move|p2a: Samurott|Ceaseless Edge|p1a: Dusclops
|-activate|p1a: Dusclops|move: Protect
|
|-damage|p2a: Samurott|7/100 brn|[from] brn
|upkeep
|turn|11
|
|t:|1779814640
|move|p2a: Samurott|Ceaseless Edge|p1a: Dusclops
|-supereffective|p1a: Dusclops
|-damage|p1a: Dusclops|10/100
|-sidestart|p1: BaxleyTheBomb|Spikes
|move|p1a: Dusclops|Night Shade|p2a: Samurott
|-damage|p2a: Samurott|0 fnt
|faint|p2a: Samurott
|
|upkeep
|
|t:|1779814662
|switch|p2a: Great Tusk|Great Tusk|100/100
|turn|12
|
|t:|1779814668
|move|p2a: Great Tusk|Ice Spinner|p1a: Dusclops
|-damage|p1a: Dusclops|0 fnt
|faint|p1a: Dusclops
|
|upkeep
|
|t:|1779814673
|switch|p1a: Milotic|Milotic, M, shiny|100/100
|-damage|p1a: Milotic|76/100|[from] Spikes
|turn|13
|
|t:|1779814688
|-end|p2a: Great Tusk|Protosynthesis|[silent]
|switch|p2a: Zapdos|Zapdos|100/100
|move|p1a: Milotic|Scald|p2a: Zapdos
|-damage|p2a: Zapdos|61/100
|
|-heal|p1a: Milotic|82/100|[from] item: Leftovers
|upkeep
|turn|14
|
|t:|1779814698
|move|p2a: Zapdos|Discharge|p1a: Milotic
|-supereffective|p1a: Milotic
|-damage|p1a: Milotic|36/100
|-status|p1a: Milotic|par
|move|p1a: Milotic|Scald|p2a: Zapdos
|-damage|p2a: Zapdos|23/100
|
|-heal|p1a: Milotic|42/100 par|[from] item: Leftovers
|upkeep
|turn|15
|
|t:|1779814710
|move|p2a: Zapdos|Discharge|p1a: Milotic
|-supereffective|p1a: Milotic
|-damage|p1a: Milotic|0 fnt
|faint|p1a: Milotic
|
|upkeep
|
|t:|1779814716
|switch|p1a: Deoxys|Deoxys-Speed, shiny|100/100
|-damage|p1a: Deoxys|76/100|[from] Spikes
|-ability|p1a: Deoxys|Pressure
|turn|16
|
|t:|1779814726
|move|p1a: Deoxys|Ice Punch|p2a: Zapdos
|-supereffective|p2a: Zapdos
|-damage|p2a: Zapdos|0 fnt
|-status|p1a: Deoxys|par|[from] ability: Static|[of] p2a: Zapdos
|faint|p2a: Zapdos
|
|upkeep
|
|t:|1779814733
|switch|p2a: Great Tusk|Great Tusk|100/100
|turn|17
|
|t:|1779814746
|-terastallize|p2a: Great Tusk|Steel
|move|p2a: Great Tusk|Headlong Rush|p1a: Deoxys
|-damage|p1a: Deoxys|0 fnt
|-unboost|p2a: Great Tusk|def|1
|-unboost|p2a: Great Tusk|spd|1
|faint|p1a: Deoxys
|
|upkeep
|
|t:|1779814754
|switch|p1a: Salamence|Salamence, M, shiny|100/100
|turn|18
|
|t:|1779814760
|move|p2a: Great Tusk|Ice Spinner|p1a: Salamence
|-supereffective|p1a: Salamence
|-damage|p1a: Salamence|0 fnt
|faint|p1a: Salamence
|
|win|Wildkoter
|raw|BaxleyTheBomb's rating: 1226 &rarr; <strong>1204</strong><br />(-22 for losing)
|raw|Wildkoter's rating: 1268 &rarr; <strong>1290</strong><br />(+22 for winning)
|l|☆BaxleyTheBomb
|player|p1|
|l|☆Wildkoter
|player|p2|
