|j|☆Veeriscared
|j|☆zappyzaap
|t:|1779960766
|gametype|singles
|player|p1|Veeriscared|266|1147
|player|p2|zappyzaap|nate|1125
|gen|9
|tier|[Gen 9] OU
|rated|
|rule|HP Percentage Mod: HP is shown in percentages
|rule|Endless Battle Clause: Forcing endless battles is banned
|rule|Species Clause: Limit one of each Pokémon
|rule|OHKO Clause: OHKO moves are banned
|rule|Evasion Items Clause: Evasion items are banned
|rule|Evasion Moves Clause: Evasion moves are banned
|rule|Evasion Abilities Clause: Evasion abilities are banned
|rule|Sleep Moves Clause: Sleep-inducing moves are banned
|clearpoke
|poke|p1|Forretress, M|
|poke|p1|Dragapult, M|
|poke|p1|Hitmonlee, M|
|poke|p1|Mamoswine, M|
|poke|p1|Noivern, F|
|poke|p1|Scizor, F|
|poke|p2|Grimmsnarl, M|
|poke|p2|Great Tusk|
|poke|p2|Slowking-Galar, M|
|poke|p2|Kingambit, M|
|poke|p2|Ogerpon-Wellspring, F|
|poke|p2|Gliscor, M|
|teampreview
|inactive|Battle timer is ON: inactive players will automatically lose when time's up. (requested by Veeriscared)
|
|t:|1779960778
|teamsize|p1|6
|teamsize|p2|6
|start
|switch|p1a: Scizor|Scizor, F|100/100
|switch|p2a: Grimmsnarl|Grimmsnarl, M, shiny|100/100
|turn|1
|
|t:|1779960784
|move|p1a: Scizor|Bullet Punch|p2a: Grimmsnarl
|-supereffective|p2a: Grimmsnarl
|-damage|p2a: Grimmsnarl|36/100
|move|p2a: Grimmsnarl|Trick|p1a: Scizor
|-activate|p2a: Grimmsnarl|move: Trick|[of] p1a: Scizor
|-item|p1a: Scizor|Toxic Orb|[from] move: Trick
|-item|p2a: Grimmsnarl|Heavy-Duty Boots|[from] move: Trick
|
|upkeep
|turn|2
|
|t:|1779960795
|move|p1a: Scizor|Bullet Punch|p2a: Grimmsnarl
|-supereffective|p2a: Grimmsnarl
|-damage|p2a: Grimmsnarl|0 fnt
|faint|p2a: Grimmsnarl
|
|upkeep
|
|t:|1779960806
|switch|p2a: Gliscor|Gliscor, M, shiny|100/100
|turn|3
|
|t:|1779960810
|move|p2a: Gliscor|Knock Off|p1a: Scizor
|-damage|p1a: Scizor|74/100
|-enditem|p1a: Scizor|Toxic Orb|[from] move: Knock Off|[of] p2a: Gliscor
|move|p1a: Scizor|Swords Dance|p1a: Scizor
|-boost|p1a: Scizor|atk|2
|
|-status|p2a: Gliscor|tox|[from] item: Toxic Orb
|upkeep
|turn|4
|
|t:|1779960815
|move|p2a: Gliscor|Earthquake|p1a: Scizor
|-damage|p1a: Scizor|32/100
|move|p1a: Scizor|Swords Dance|p1a: Scizor
|-boost|p1a: Scizor|atk|2
|
|upkeep
|turn|5
|
|t:|1779960820
|move|p1a: Scizor|Bullet Punch|p2a: Gliscor
|-damage|p2a: Gliscor|5/100 tox
|move|p2a: Gliscor|Earthquake|p1a: Scizor
|-damage|p1a: Scizor|0 fnt
|faint|p1a: Scizor
|
|-heal|p2a: Gliscor|17/100 tox|[from] ability: Poison Heal
|upkeep
|
|t:|1779960828
|switch|p1a: Dragapult|Dragapult, M, shiny|100/100
|turn|6
|
|t:|1779960831
|move|p2a: Gliscor|Protect|p2a: Gliscor
|-singleturn|p2a: Gliscor|Protect
|move|p1a: Dragapult|Flamethrower|p2a: Gliscor
|-activate|p2a: Gliscor|move: Protect
|
|-heal|p2a: Gliscor|30/100 tox|[from] ability: Poison Heal
|upkeep
|turn|7
|
|t:|1779960850
|switch|p2a: Ogerpon|Ogerpon-Wellspring, F|100/100
|move|p1a: Dragapult|Flamethrower|p2a: Ogerpon
|-damage|p2a: Ogerpon|53/100
|
|upkeep
|turn|8
|
|t:|1779960857
|switch|p1a: Noivern|Noivern, F|100/100
|-item|p2a: Ogerpon|Wellspring Mask|[from] ability: Frisk|[of] p1a: Noivern
|move|p2a: Ogerpon|Knock Off|p1a: Noivern
|-damage|p1a: Noivern|52/100
|-enditem|p1a: Noivern|Eject Button|[from] move: Knock Off|[of] p2a: Ogerpon
|
|upkeep
|turn|9
|
|t:|1779960871
|switch|p2a: Slowking|Slowking-Galar, M, shiny|100/100
|move|p1a: Noivern|Boomburst|p2a: Slowking
|-damage|p2a: Slowking|59/100
|
|upkeep
|turn|10
|
|t:|1779960882
|move|p1a: Noivern|Boomburst|p2a: Slowking
|-damage|p2a: Slowking|23/100
|move|p2a: Slowking|Ice Beam|p1a: Noivern
|-supereffective|p1a: Noivern
|-damage|p1a: Noivern|0 fnt
|faint|p1a: Noivern
|-damage|p2a: Slowking|13/100|[from] item: Life Orb
|
|upkeep
|
|t:|1779960889
|switch|p1a: Mamoswine|Mamoswine, M|100/100
|turn|11
|
|t:|1779960896
|move|p1a: Mamoswine|Ice Shard|p2a: Slowking
|-damage|p2a: Slowking|0 fnt
|faint|p2a: Slowking
|-damage|p1a: Mamoswine|91/100|[from] item: Life Orb
|
|upkeep
|
|t:|1779960904
|switch|p2a: Kingambit|Kingambit, M, shiny|100/100
|-activate|p2a: Kingambit|ability: Supreme Overlord
|-start|p2a: Kingambit|fallen2|[silent]
|turn|12
|
|t:|1779960910
|-terastallize|p1a: Mamoswine|Water
|-terastallize|p2a: Kingambit|Flying
|move|p1a: Mamoswine|Earthquake|p2a: Kingambit
|-immune|p2a: Kingambit
|move|p2a: Kingambit|Swords Dance|p2a: Kingambit
|-boost|p2a: Kingambit|atk|2
|
|upkeep
|turn|13
|
|t:|1779960920
|move|p1a: Mamoswine|Ice Shard|p2a: Kingambit
|-supereffective|p2a: Kingambit
|-damage|p2a: Kingambit|48/100
|-damage|p1a: Mamoswine|81/100|[from] item: Life Orb
|move|p2a: Kingambit|Kowtow Cleave|p1a: Mamoswine
|-crit|p1a: Mamoswine
|-damage|p1a: Mamoswine|0 fnt
|faint|p1a: Mamoswine
|
|upkeep
|
|t:|1779960925
|switch|p1a: Forretress|Forretress, M|100/100
|turn|14
|
|t:|1779960936
|move|p2a: Kingambit|Low Kick|p1a: Forretress
|-damage|p1a: Forretress|53/100
|-enditem|p1a: Forretress|Red Card|[of] p2a: Kingambit
|-end|p2a: Kingambit|fallen2|[silent]
|drag|p2a: Gliscor|Gliscor, M, shiny|30/100 tox
|move|p1a: Forretress|Stealth Rock|p2a: Gliscor
|-sidestart|p2: zappyzaap|move: Stealth Rock
|
|-heal|p2a: Gliscor|42/100 tox|[from] ability: Poison Heal
|upkeep
|turn|15
|
|t:|1779960946
|move|p2a: Gliscor|Protect|p2a: Gliscor
|-singleturn|p2a: Gliscor|Protect
|move|p1a: Forretress|Spikes|p2a: Gliscor
|-sidestart|p2: zappyzaap|Spikes
|
|-heal|p2a: Gliscor|55/100 tox|[from] ability: Poison Heal
|upkeep
|turn|16
|
|t:|1779960951
|move|p2a: Gliscor|Earthquake|p1a: Forretress
|-damage|p1a: Forretress|28/100
|move|p1a: Forretress|Spikes|p2a: Gliscor
|-sidestart|p2: zappyzaap|Spikes
|
|-heal|p2a: Gliscor|67/100 tox|[from] ability: Poison Heal
|upkeep
|turn|17
|
|t:|1779960957
|move|p2a: Gliscor|Knock Off|p1a: Forretress
|-damage|p1a: Forretress|18/100
|move|p1a: Forretress|Gyro Ball|p2a: Gliscor
|-damage|p2a: Gliscor|44/100 tox
|
|-heal|p2a: Gliscor|56/100 tox|[from] ability: Poison Heal
|upkeep
|turn|18
|
|t:|1779960963
|move|p2a: Gliscor|Earthquake|p1a: Forretress
|-damage|p1a: Forretress|0 fnt
|faint|p1a: Forretress
|
|-heal|p2a: Gliscor|69/100 tox|[from] ability: Poison Heal
|upkeep
|
|t:|1779960973
|switch|p1a: Dragapult|Dragapult, M, shiny|100/100
|turn|19
|
|t:|1779960977
|move|p1a: Dragapult|Dragon Pulse|p2a: Gliscor
|-damage|p2a: Gliscor|0 fnt
|faint|p2a: Gliscor
|
|upkeep
|
|t:|1779960982
|switch|p2a: Great Tusk|Great Tusk|100/100
|-damage|p2a: Great Tusk|98/100|[from] Stealth Rock
|-damage|p2a: Great Tusk|81/100|[from] Spikes
|turn|20
|
|t:|1779960989
|move|p1a: Dragapult|Dragon Pulse|p2a: Great Tusk
|-damage|p2a: Great Tusk|6/100
|move|p2a: Great Tusk|Ice Spinner|p1a: Dragapult
|-supereffective|p1a: Dragapult
|-damage|p1a: Dragapult|42/100
|
|-heal|p2a: Great Tusk|12/100|[from] item: Leftovers
|upkeep
|turn|21
|
|t:|1779961002
|move|p1a: Dragapult|Dragon Pulse|p2a: Great Tusk
|-damage|p2a: Great Tusk|0 fnt
|faint|p2a: Great Tusk
|-end|p2a: Great Tusk|Protosynthesis|[silent]
|
|upkeep
|
|t:|1779961010
|switch|p2a: Kingambit|Kingambit, M, shiny, tera:Flying|48/100
|-damage|p2a: Kingambit|23/100|[from] Stealth Rock
|-activate|p2a: Kingambit|ability: Supreme Overlord
|-start|p2a: Kingambit|fallen4|[silent]
|turn|22
|
|t:|1779961015
|move|p2a: Kingambit|Sucker Punch|p1a: Dragapult
|-supereffective|p1a: Dragapult
|-damage|p1a: Dragapult|0 fnt
|faint|p1a: Dragapult
|
|upkeep
|
|t:|1779961018
|switch|p1a: Hitmonlee|Hitmonlee, M|100/100
|turn|23
|
|t:|1779961026
|move|p1a: Hitmonlee|Knock Off|p2a: Kingambit
|-damage|p2a: Kingambit|0 fnt
|-enditem|p2a: Kingambit|Black Glasses|[from] move: Knock Off|[of] p1a: Hitmonlee
|faint|p2a: Kingambit
|-end|p2a: Kingambit|fallen4|[silent]
|
|upkeep
|
|t:|1779961030
|switch|p2a: Ogerpon|Ogerpon-Wellspring, F|53/100
|-damage|p2a: Ogerpon|40/100|[from] Stealth Rock
|-damage|p2a: Ogerpon|24/100|[from] Spikes
|turn|24
|
|t:|1779961035
|move|p1a: Hitmonlee|Endure|p1a: Hitmonlee
|-singleturn|p1a: Hitmonlee|move: Endure
|move|p2a: Ogerpon|Horn Leech|p1a: Hitmonlee
|-damage|p1a: Hitmonlee|5/100
|-heal|p2a: Ogerpon|62/100|[from] drain|[of] p1a: Hitmonlee
|-enditem|p1a: Hitmonlee|Liechi Berry|[eat]
|-boost|p1a: Hitmonlee|atk|1|[from] item: Liechi Berry
|
|upkeep
|turn|25
|
|t:|1779961045
|move|p1a: Hitmonlee|Reversal|p2a: Ogerpon
|-damage|p2a: Ogerpon|0 fnt
|faint|p2a: Ogerpon
|
|win|Veeriscared
|raw|Veeriscared's rating: 1147 &rarr; <strong>1170</strong><br />(+23 for winning)
|raw|zappyzaap's rating: 1125 &rarr; <strong>1102</strong><br />(-23 for losing)
|c|☆zappyzaap|Gg
|l|☆Veeriscared
|player|p1|
|l|☆zappyzaap
|player|p2|
