|j|☆Quagsires gf
|j|☆zuz lemw
|t:|1779802992
|gametype|singles
|player|p1|Quagsires gf|2|1059
|player|p2|zuz lemw|iris|1054
|gen|9
|tier|[Gen 9] OU
|rated|
|rule|HP Percentage Mod: HP is shown in percentages
|rule|Endless Battle Clause: Forcing endless battles is banned
|rule|Species Clause: Limit one of each Pokémon
|rule|OHKO Clause: OHKO moves are banned
|rule|Evasion Items Clause: Evasion items are banned
|rule|Evasion Moves Clause: Evasion moves are banned
|rule|Evasion Abilities Clause: Evasion abilities are banned
|rule|Sleep Moves Clause: Sleep-inducing moves are banned
|clearpoke
|poke|p1|Scream Tail|
|poke|p1|Inteleon, F|
|poke|p1|Infernape, M|
|poke|p1|Lilligant-Hisui, F|
|poke|p1|Pawmot, F|
|poke|p1|Rabsca, F|
|poke|p2|Mimikyu, F|
|poke|p2|Primarina, M|
|poke|p2|Diancie|
|poke|p2|Tinkaton, F|
|poke|p2|Sylveon, M|
|poke|p2|Hatterene, F|
|teampreview
|inactive|Battle timer is ON: inactive players will automatically lose when time's up. (requested by Quagsires gf)
|
|t:|1779803003
|teamsize|p1|6
|teamsize|p2|6
|start
|switch|p1a: Infernape|Infernape, M|100/100
|switch|p2a: Witchy|Hatterene, F|100/100
|turn|1
|
|t:|1779803008
|move|p1a: Infernape|Substitute|p1a: Infernape
|-start|p1a: Infernape|Substitute
|-damage|p1a: Infernape|76/100
|move|p2a: Witchy|Trick Room|p2a: Witchy
|-fieldstart|move: Trick Room|[of] p2a: Witchy
|
|upkeep
|turn|2
|
|t:|1779803014
|switch|p2a: Saiko|Sylveon, M|100/100
|move|p1a: Infernape|Focus Energy|p1a: Infernape
|-start|p1a: Infernape|move: Focus Energy
|
|upkeep
|turn|3
|
|t:|1779803020
|move|p2a: Saiko|Hyper Voice|p1a: Infernape
|-damage|p1a: Infernape|11/100
|move|p1a: Infernape|Metronome|p1a: Infernape
|move|p1a: Infernape|Leech Life|p2a: Saiko|[from] move: Metronome
|-resisted|p2a: Saiko
|-crit|p2a: Saiko
|-damage|p2a: Saiko|84/100
|-heal|p1a: Infernape|21/100|[from] drain|[of] p2a: Saiko
|
|-heal|p2a: Saiko|90/100|[from] item: Leftovers
|upkeep
|turn|4
|
|t:|1779803031
|switch|p1a: Scream Tail|Scream Tail, shiny|100/100
|-enditem|p1a: Scream Tail|Booster Energy
|-activate|p1a: Scream Tail|ability: Protosynthesis|[fromitem]
|-start|p1a: Scream Tail|protosynthesisspd
|move|p2a: Saiko|Hyper Voice|p1a: Scream Tail
|-damage|p1a: Scream Tail|75/100
|
|-heal|p2a: Saiko|96/100|[from] item: Leftovers
|upkeep
|turn|5
|
|t:|1779803043
|move|p2a: Saiko|Shadow Ball|p1a: Scream Tail
|-supereffective|p1a: Scream Tail
|-damage|p1a: Scream Tail|49/100
|move|p1a: Scream Tail|Ice Fang|p2a: Saiko|[miss]
|-miss|p1a: Scream Tail|p2a: Saiko
|
|-heal|p2a: Saiko|100/100|[from] item: Leftovers
|-fieldend|move: Trick Room
|upkeep
|turn|6
|
|t:|1779803050
|move|p1a: Scream Tail|Ice Fang|p2a: Saiko
|-damage|p2a: Saiko|86/100
|-status|p2a: Saiko|frz
|-curestatus|p2a: Saiko|frz|[msg]
|move|p2a: Saiko|Shadow Ball|p1a: Scream Tail
|-supereffective|p1a: Scream Tail
|-damage|p1a: Scream Tail|22/100
|
|-heal|p2a: Saiko|92/100|[from] item: Leftovers
|upkeep
|turn|7
|
|t:|1779803056
|move|p1a: Scream Tail|Ice Fang|p2a: Saiko
|-damage|p2a: Saiko|76/100
|move|p2a: Saiko|Shadow Ball|p1a: Scream Tail
|-supereffective|p1a: Scream Tail
|-damage|p1a: Scream Tail|0 fnt
|faint|p1a: Scream Tail
|-end|p1a: Scream Tail|Protosynthesis|[silent]
|
|-heal|p2a: Saiko|83/100|[from] item: Leftovers
|upkeep
|
|t:|1779803063
|switch|p1a: Infernape|Infernape, M|21/100
|turn|8
|
|t:|1779803067
|move|p1a: Infernape|Metronome|p1a: Infernape
|move|p1a: Infernape|Poison Fang|p2a: Saiko|[from] move: Metronome
|-supereffective|p2a: Saiko
|-damage|p2a: Saiko|50/100
|move|p2a: Saiko|Hyper Voice|p1a: Infernape
|-damage|p1a: Infernape|0 fnt
|faint|p1a: Infernape
|
|-heal|p2a: Saiko|57/100|[from] item: Leftovers
|upkeep
|
|t:|1779803073
|switch|p1a: Rabsca|Rabsca, F, shiny|100/100
|turn|9
|
|t:|1779803080
|move|p2a: Saiko|Shadow Ball|p1a: Rabsca
|-supereffective|p1a: Rabsca
|-damage|p1a: Rabsca|69/100
|-unboost|p1a: Rabsca|spd|1
|move|p1a: Rabsca|Revival Blessing|p1a: Rabsca
|-enditem|p1a: Rabsca|Leppa Berry|[eat]
|-activate|p1a: Rabsca|item: Leppa Berry|Revival Blessing|[consumed]
|
|t:|1779803087
|-heal|p1: Infernape|50/100|[from] move: Revival Blessing
|
|-heal|p2a: Saiko|63/100|[from] item: Leftovers
|upkeep
|turn|10
|
|t:|1779803092
|move|p2a: Saiko|Shadow Ball|p1a: Rabsca
|-supereffective|p1a: Rabsca
|-damage|p1a: Rabsca|21/100
|move|p1a: Rabsca|Revival Blessing|p1a: Rabsca
|
|t:|1779803102
|-heal|p1: Scream Tail|50/100|[from] move: Revival Blessing
|
|-heal|p2a: Saiko|69/100|[from] item: Leftovers
|upkeep
|turn|11
|
|t:|1779803107
|move|p2a: Saiko|Shadow Ball|p1a: Rabsca
|-supereffective|p1a: Rabsca
|-damage|p1a: Rabsca|0 fnt
|faint|p1a: Rabsca
|
|-heal|p2a: Saiko|75/100|[from] item: Leftovers
|upkeep
|
|t:|1779803113
|switch|p1a: Inteleon|Inteleon, F|100/100
|turn|12
|
|t:|1779803117
|switch|p2a: Witchy|Hatterene, F|100/100
|move|p1a: Inteleon|Snipe Shot|p2a: Witchy
|-crit|p2a: Witchy
|-damage|p2a: Witchy|10/100
|
|-heal|p2a: Witchy|16/100|[from] item: Leftovers
|upkeep
|turn|13
|
|t:|1779803123
|move|p2a: Witchy|Protect|p2a: Witchy
|-singleturn|p2a: Witchy|Protect
|move|p1a: Inteleon|Snipe Shot|p2a: Witchy
|-activate|p2a: Witchy|move: Protect
|
|-heal|p2a: Witchy|22/100|[from] item: Leftovers
|upkeep
|turn|14
|
|t:|1779803131
|move|p1a: Inteleon|Snipe Shot|p2a: Witchy
|-damage|p2a: Witchy|0 fnt
|faint|p2a: Witchy
|
|upkeep
|
|t:|1779803136
|switch|p2a: Leoawa|Primarina, M|100/100
|turn|15
|
|t:|1779803145
|move|p1a: Inteleon|Air Cutter|p2a: Leoawa
|-crit|p2a: Leoawa
|-damage|p2a: Leoawa|60/100
|move|p2a: Leoawa|Draining Kiss|p1a: Inteleon
|-damage|p1a: Inteleon|56/100
|-heal|p2a: Leoawa|86/100|[from] drain|[of] p1a: Inteleon
|
|-heal|p2a: Leoawa|92/100|[from] item: Leftovers
|upkeep
|turn|16
|
|t:|1779803151
|switch|p1a: Infernape|Infernape, M|50/100
|move|p2a: Leoawa|Draining Kiss|p1a: Infernape
|-damage|p1a: Infernape|8/100
|-heal|p2a: Leoawa|100/100|[from] drain|[of] p1a: Infernape
|
|upkeep
|turn|17
|
|t:|1779803155
|move|p1a: Infernape|Metronome|p1a: Infernape
|move|p1a: Infernape|Swift|p2a: Leoawa|[from] move: Metronome
|-damage|p2a: Leoawa|89/100
|move|p2a: Leoawa|Draining Kiss|p1a: Infernape
|-activate|p1a: Infernape|item: Focus Band
|-damage|p1a: Infernape|1/100
|-heal|p2a: Leoawa|94/100|[from] drain|[of] p1a: Infernape
|
|-heal|p2a: Leoawa|99/100|[from] item: Leftovers
|upkeep
|turn|18
|
|t:|1779803163
|move|p1a: Infernape|Metronome|p1a: Infernape
|move|p1a: Infernape|Poison Powder|p2a: Leoawa|[from] move: Metronome
|-status|p2a: Leoawa|psn
|move|p2a: Leoawa|Draining Kiss|p1a: Infernape
|-damage|p1a: Infernape|0 fnt
|-heal|p2a: Leoawa|99/100 psn|[from] drain|[of] p1a: Infernape
|faint|p1a: Infernape
|
|-heal|p2a: Leoawa|100/100 psn|[from] item: Leftovers
|-damage|p2a: Leoawa|88/100 psn|[from] psn
|upkeep
|
|t:|1779803173
|switch|p1a: Pawmot|Pawmot, F, shiny|100/100
|turn|19
|
|t:|1779803178
|switch|p2a: Dyan|Diancie|100/100
|move|p1a: Pawmot|Double Shock|p2a: Dyan
|-damage|p2a: Dyan|59/100
|-start|p1a: Pawmot|typechange|???/Fighting|[from] move: Double Shock
|
|-heal|p2a: Dyan|65/100|[from] item: Leftovers
|upkeep
|turn|20
|
|t:|1779803188
|-terastallize|p2a: Dyan|Ghost
|move|p1a: Pawmot|Revival Blessing|p1a: Pawmot
|-enditem|p1a: Pawmot|Leppa Berry|[eat]
|-activate|p1a: Pawmot|item: Leppa Berry|Revival Blessing|[consumed]
|
|t:|1779803192
|-heal|p1: Rabsca|50/100|[from] move: Revival Blessing
|move|p2a: Dyan|Play Rough|p1a: Pawmot
|-supereffective|p1a: Pawmot
|-damage|p1a: Pawmot|0 fnt
|faint|p1a: Pawmot
|
|-heal|p2a: Dyan|71/100|[from] item: Leftovers
|upkeep
|
|t:|1779803201
|switch|p1a: Scream Tail|Scream Tail, shiny|50/100
|turn|21
|
|t:|1779803205
|move|p1a: Scream Tail|Crunch|p2a: Dyan
|-supereffective|p2a: Dyan
|-crit|p2a: Dyan
|-damage|p2a: Dyan|30/100
|move|p2a: Dyan|Diamond Storm|p1a: Scream Tail
|-damage|p1a: Scream Tail|16/100
|-boost|p2a: Dyan|def|2
|
|-heal|p2a: Dyan|37/100|[from] item: Leftovers
|upkeep
|turn|22
|
|t:|1779803213
|move|p1a: Scream Tail|Crunch|p2a: Dyan
|-supereffective|p2a: Dyan
|-damage|p2a: Dyan|23/100
|move|p2a: Dyan|Diamond Storm|p1a: Scream Tail
|-damage|p1a: Scream Tail|0 fnt
|-boost|p2a: Dyan|def|2
|faint|p1a: Scream Tail
|-end|p1a: Scream Tail|Protosynthesis|[silent]
|
|-heal|p2a: Dyan|29/100|[from] item: Leftovers
|upkeep
|
|t:|1779803219
|switch|p1a: Inteleon|Inteleon, F|56/100
|turn|23
|
|t:|1779803224
|move|p1a: Inteleon|Snipe Shot|p2a: Dyan
|-damage|p2a: Dyan|0 fnt
|faint|p2a: Dyan
|
|upkeep
|
|t:|1779803227
|switch|p2a: Leoawa|Primarina, M|88/100 psn
|turn|24
|
|t:|1779803232
|move|p1a: Inteleon|Air Cutter|p2a: Leoawa
|-crit|p2a: Leoawa
|-damage|p2a: Leoawa|50/100 psn
|move|p2a: Leoawa|Draining Kiss|p1a: Inteleon
|-damage|p1a: Inteleon|12/100
|-heal|p2a: Leoawa|75/100 psn|[from] drain|[of] p1a: Inteleon
|
|-heal|p2a: Leoawa|81/100 psn|[from] item: Leftovers
|-damage|p2a: Leoawa|69/100 psn|[from] psn
|upkeep
|turn|25
|
|t:|1779803237
|move|p1a: Inteleon|Snipe Shot|p2a: Leoawa
|-resisted|p2a: Leoawa
|-damage|p2a: Leoawa|53/100 psn
|move|p2a: Leoawa|Draining Kiss|p1a: Inteleon
|-damage|p1a: Inteleon|0 fnt
|-heal|p2a: Leoawa|59/100 psn|[from] drain|[of] p1a: Inteleon
|faint|p1a: Inteleon
|
|-heal|p2a: Leoawa|65/100 psn|[from] item: Leftovers
|-damage|p2a: Leoawa|53/100 psn|[from] psn
|upkeep
|
|t:|1779803240
|switch|p1a: Rabsca|Rabsca, F, shiny|50/100
|turn|26
|
|t:|1779803247
|move|p2a: Leoawa|Hyper Voice|p1a: Rabsca
|-damage|p1a: Rabsca|20/100
|move|p1a: Rabsca|Rest|p1a: Rabsca
|-status|p1a: Rabsca|slp|[from] move: Rest
|-heal|p1a: Rabsca|100/100 slp|[silent]
|
|-heal|p2a: Leoawa|59/100 psn|[from] item: Leftovers
|-damage|p2a: Leoawa|46/100 psn|[from] psn
|upkeep
|turn|27
|
|t:|1779803255
|move|p2a: Leoawa|Hyper Voice|p1a: Rabsca
|-damage|p1a: Rabsca|68/100 slp
|cant|p1a: Rabsca|slp
|move|p1a: Rabsca|Sleep Talk|p1a: Rabsca
|move|p1a: Rabsca|Future Sight|p2a: Leoawa|[from] move: Sleep Talk
|-start|p1a: Rabsca|move: Future Sight
|
|-heal|p2a: Leoawa|53/100 psn|[from] item: Leftovers
|-damage|p2a: Leoawa|40/100 psn|[from] psn
|upkeep
|turn|28
|
|t:|1779803263
|move|p2a: Leoawa|Hyper Voice|p1a: Rabsca
|-damage|p1a: Rabsca|34/100 slp
|cant|p1a: Rabsca|slp
|move|p1a: Rabsca|Sleep Talk|p1a: Rabsca
|move|p1a: Rabsca|Rest||[from] move: Sleep Talk|[still]
|-fail|p1a: Rabsca
|
|-heal|p2a: Leoawa|46/100 psn|[from] item: Leftovers
|-damage|p2a: Leoawa|34/100 psn|[from] psn
|upkeep
|turn|29
|
|t:|1779803275
|-terastallize|p1a: Rabsca|Water
|move|p2a: Leoawa|Hyper Voice|p1a: Rabsca
|-resisted|p1a: Rabsca
|-damage|p1a: Rabsca|19/100 slp
|-curestatus|p1a: Rabsca|slp|[msg]
|move|p1a: Rabsca|Rest|p1a: Rabsca
|-status|p1a: Rabsca|slp|[from] move: Rest
|-heal|p1a: Rabsca|100/100 slp|[silent]
|
|-end|p2a: Leoawa|move: Future Sight
|-damage|p2a: Leoawa|0 fnt
|faint|p2a: Leoawa
|upkeep
|
|t:|1779803289
|switch|p2a: Saiko|Sylveon, M|75/100
|turn|30
|
|t:|1779803292
|move|p2a: Saiko|Hyper Voice|p1a: Rabsca
|-crit|p1a: Rabsca
|-damage|p1a: Rabsca|50/100 slp
|cant|p1a: Rabsca|slp
|move|p1a: Rabsca|Sleep Talk|p1a: Rabsca
|move|p1a: Rabsca|Revival Blessing|p1a: Rabsca|[from] move: Sleep Talk
|
|t:|1779803301
|-heal|p1: Pawmot|50/100|[from] move: Revival Blessing
|
|-heal|p2a: Saiko|81/100|[from] item: Leftovers
|upkeep
|turn|31
|
|t:|1779803306
|move|p2a: Saiko|Hyper Voice|p1a: Rabsca
|-damage|p1a: Rabsca|19/100 slp
|cant|p1a: Rabsca|slp
|move|p1a: Rabsca|Sleep Talk|p1a: Rabsca
|move|p1a: Rabsca|Rest||[from] move: Sleep Talk|[still]
|-fail|p1a: Rabsca
|
|-heal|p2a: Saiko|87/100|[from] item: Leftovers
|upkeep
|turn|32
|
|t:|1779803315
|switch|p1a: Lilligant|Lilligant-Hisui, F|100/100
|move|p2a: Saiko|Hyper Voice|p1a: Lilligant
|-supereffective|p1a: Lilligant
|-damage|p1a: Lilligant|0 fnt
|faint|p1a: Lilligant
|
|-heal|p2a: Saiko|93/100|[from] item: Leftovers
|upkeep
|
|t:|1779803317
|switch|p1a: Pawmot|Pawmot, F, shiny|50/100
|turn|33
|
|t:|1779803325
|move|p1a: Pawmot|Nuzzle|p2a: Saiko
|-damage|p2a: Saiko|83/100
|-status|p2a: Saiko|par
|cant|p2a: Saiko|par
|
|-heal|p2a: Saiko|89/100 par|[from] item: Leftovers
|upkeep
|turn|34
|
|t:|1779803334
|move|p1a: Pawmot|Revival Blessing|p1a: Pawmot
|
|t:|1779803337
|-heal|p1: Scream Tail|50/100|[from] move: Revival Blessing
|move|p2a: Saiko|Hyper Voice|p1a: Pawmot
|-supereffective|p1a: Pawmot
|-damage|p1a: Pawmot|0 fnt
|faint|p1a: Pawmot
|
|-heal|p2a: Saiko|95/100 par|[from] item: Leftovers
|upkeep
|
|t:|1779803343
|switch|p1a: Rabsca|Rabsca, F, shiny, tera:Water|19/100 slp
|turn|35
|
|t:|1779803346
|-curestatus|p1a: Rabsca|slp|[msg]
|move|p1a: Rabsca|Rest|p1a: Rabsca
|-status|p1a: Rabsca|slp|[from] move: Rest
|-heal|p1a: Rabsca|100/100 slp|[silent]
|move|p2a: Saiko|Hyper Voice|p1a: Rabsca
|-damage|p1a: Rabsca|70/100 slp
|
|-heal|p2a: Saiko|100/100 par|[from] item: Leftovers
|upkeep
|turn|36
|
|t:|1779803351
|cant|p1a: Rabsca|slp
|move|p1a: Rabsca|Sleep Talk|p1a: Rabsca
|move|p1a: Rabsca|Revival Blessing|p1a: Rabsca|[from] move: Sleep Talk
|
|t:|1779803359
|-heal|p1: Lilligant|50/100|[from] move: Revival Blessing
|cant|p2a: Saiko|par
|
|upkeep
|turn|37
|
|t:|1779803363
|cant|p1a: Rabsca|slp
|move|p1a: Rabsca|Sleep Talk|p1a: Rabsca
|move|p1a: Rabsca|Revival Blessing|p1a: Rabsca|[from] move: Sleep Talk
|
|t:|1779803369
|-heal|p1: Inteleon|50/100|[from] move: Revival Blessing
|move|p2a: Saiko|Hyper Voice|p1a: Rabsca
|-damage|p1a: Rabsca|38/100 slp
|
|upkeep
|turn|38
|
|t:|1779803374
|-curestatus|p1a: Rabsca|slp|[msg]
|move|p1a: Rabsca|Rest|p1a: Rabsca
|-status|p1a: Rabsca|slp|[from] move: Rest
|-heal|p1a: Rabsca|100/100 slp|[silent]
|move|p2a: Saiko|Hyper Voice|p1a: Rabsca
|-damage|p1a: Rabsca|67/100 slp
|
|upkeep
|turn|39
|
|t:|1779803378
|cant|p1a: Rabsca|slp
|move|p1a: Rabsca|Sleep Talk|p1a: Rabsca
|move|p1a: Rabsca|Rest||[from] move: Sleep Talk|[still]
|-fail|p1a: Rabsca
|move|p2a: Saiko|Hyper Voice|p1a: Rabsca
|-damage|p1a: Rabsca|34/100 slp
|
|upkeep
|turn|40
|
|t:|1779803383
|cant|p1a: Rabsca|slp
|move|p1a: Rabsca|Sleep Talk|p1a: Rabsca
|move|p1a: Rabsca|Future Sight|p2a: Saiko|[from] move: Sleep Talk
|-start|p1a: Rabsca|move: Future Sight
|move|p2a: Saiko|Hyper Voice|p1a: Rabsca
|-damage|p1a: Rabsca|3/100 slp
|
|upkeep
|turn|41
|
|t:|1779803390
|-curestatus|p1a: Rabsca|slp|[msg]
|move|p1a: Rabsca|Rest|p1a: Rabsca
|-status|p1a: Rabsca|slp|[from] move: Rest
|-heal|p1a: Rabsca|100/100 slp|[silent]
|move|p2a: Saiko|Hyper Voice|p1a: Rabsca
|-damage|p1a: Rabsca|70/100 slp
|
|upkeep
|turn|42
|
|t:|1779803393
|switch|p2a: She got a hammer|Tinkaton, F, shiny|100/100
|cant|p1a: Rabsca|slp
|move|p1a: Rabsca|Sleep Talk|p1a: Rabsca
|move|p1a: Rabsca|Rest||[from] move: Sleep Talk|[still]
|-fail|p1a: Rabsca
|
|-end|p2a: She got a hammer|move: Future Sight
|-resisted|p2a: She got a hammer
|-damage|p2a: She got a hammer|75/100
|-heal|p2a: She got a hammer|81/100|[from] item: Leftovers
|upkeep
|turn|43
|
|t:|1779803402
|switch|p2a: Saiko|Sylveon, M|100/100 par
|cant|p1a: Rabsca|slp
|move|p1a: Rabsca|Sleep Talk|p1a: Rabsca
|move|p1a: Rabsca|Revival Blessing|p1a: Rabsca|[from] move: Sleep Talk
|
|t:|1779803411
|-heal|p1: Pawmot|50/100|[from] move: Revival Blessing
|
|upkeep
|turn|44
|
|t:|1779803421
|-curestatus|p1a: Rabsca|slp|[msg]
|move|p1a: Rabsca|Rest|p1a: Rabsca
|-status|p1a: Rabsca|slp|[from] move: Rest
|-heal|p1a: Rabsca|100/100 slp|[silent]
|cant|p2a: Saiko|par
|
|upkeep
|turn|45
|
|t:|1779803426
|cant|p1a: Rabsca|slp
|move|p1a: Rabsca|Sleep Talk|p1a: Rabsca
|move|p1a: Rabsca|Revival Blessing|p1a: Rabsca|[from] move: Sleep Talk
|
|t:|1779803431
|-heal|p1: Infernape|50/100|[from] move: Revival Blessing
|move|p2a: Saiko|Hyper Voice|p1a: Rabsca
|-damage|p1a: Rabsca|71/100 slp
|
|upkeep
|turn|46
|
|t:|1779803452
|switch|p1a: Inteleon|Inteleon, F|50/100
|cant|p2a: Saiko|par
|
|upkeep
|turn|47
|
|t:|1779803456
|move|p1a: Inteleon|Snipe Shot|p2a: Saiko
|-damage|p2a: Saiko|67/100 par
|move|p2a: Saiko|Hyper Voice|p1a: Inteleon
|-damage|p1a: Inteleon|0 fnt
|faint|p1a: Inteleon
|
|-heal|p2a: Saiko|73/100 par|[from] item: Leftovers
|upkeep
|
|t:|1779803461
|switch|p1a: Rabsca|Rabsca, F, shiny, tera:Water|71/100 slp
|turn|48
|
|t:|1779803464
|cant|p1a: Rabsca|slp
|move|p1a: Rabsca|Sleep Talk|p1a: Rabsca
|move|p1a: Rabsca|Revival Blessing|p1a: Rabsca|[from] move: Sleep Talk
|
|t:|1779803468
|-heal|p1: Inteleon|50/100|[from] move: Revival Blessing
|move|p2a: Saiko|Hyper Voice|p1a: Rabsca
|-damage|p1a: Rabsca|42/100 slp
|
|-heal|p2a: Saiko|79/100 par|[from] item: Leftovers
|upkeep
|turn|49
|
|t:|1779803475
|-curestatus|p1a: Rabsca|slp|[msg]
|move|p1a: Rabsca|Rest|p1a: Rabsca
|-status|p1a: Rabsca|slp|[from] move: Rest
|-heal|p1a: Rabsca|100/100 slp|[silent]
|move|p2a: Saiko|Alluring Voice|p1a: Rabsca
|-damage|p1a: Rabsca|78/100 slp
|
|-heal|p2a: Saiko|85/100 par|[from] item: Leftovers
|upkeep
|turn|50
|
|t:|1779803482
|switch|p1a: Infernape|Infernape, M|50/100
|move|p2a: Saiko|Alluring Voice|p1a: Infernape
|-damage|p1a: Infernape|0 fnt
|faint|p1a: Infernape
|
|-heal|p2a: Saiko|91/100 par|[from] item: Leftovers
|upkeep
|
|t:|1779803487
|switch|p1a: Pawmot|Pawmot, F, shiny|50/100
|turn|51
|
|t:|1779803490
|move|p1a: Pawmot|Double Shock|p2a: Saiko
|-damage|p2a: Saiko|40/100 par
|-start|p1a: Pawmot|typechange|???/Fighting|[from] move: Double Shock
|move|p2a: Saiko|Alluring Voice|p1a: Pawmot
|-supereffective|p1a: Pawmot
|-crit|p1a: Pawmot
|-damage|p1a: Pawmot|0 fnt
|faint|p1a: Pawmot
|
|-heal|p2a: Saiko|46/100 par|[from] item: Leftovers
|upkeep
|
|t:|1779803496
|switch|p1a: Rabsca|Rabsca, F, shiny, tera:Water|78/100 slp
|turn|52
|
|t:|1779803499
|cant|p1a: Rabsca|slp
|move|p1a: Rabsca|Sleep Talk|p1a: Rabsca
|move|p1a: Rabsca|Future Sight|p2a: Saiko|[from] move: Sleep Talk
|-start|p1a: Rabsca|move: Future Sight
|move|p2a: Saiko|Alluring Voice|p1a: Rabsca
|-damage|p1a: Rabsca|54/100 slp
|
|-heal|p2a: Saiko|52/100 par|[from] item: Leftovers
|upkeep
|turn|53
|
|t:|1779803512
|cant|p1a: Rabsca|slp
|move|p1a: Rabsca|Sleep Talk|p1a: Rabsca
|move|p1a: Rabsca|Revival Blessing|p1a: Rabsca|[from] move: Sleep Talk
|
|t:|1779803518
|-heal|p1: Pawmot|50/100|[from] move: Revival Blessing
|cant|p2a: Saiko|par
|
|-heal|p2a: Saiko|58/100 par|[from] item: Leftovers
|upkeep
|turn|54
|
|t:|1779803528
|switch|p1a: Lilligant|Lilligant-Hisui, F|50/100
|switch|p2a: She got a hammer|Tinkaton, F, shiny|81/100
|
|-end|p2a: She got a hammer|move: Future Sight
|-resisted|p2a: She got a hammer
|-damage|p2a: She got a hammer|57/100
|-heal|p2a: She got a hammer|64/100|[from] item: Leftovers
|upkeep
|turn|55
|
|t:|1779803536
|move|p1a: Lilligant|Axe Kick|p2a: She got a hammer
|-damage|p2a: She got a hammer|0 fnt
|faint|p2a: She got a hammer
|
|upkeep
|
|t:|1779803539
|switch|p2a: Saiko|Sylveon, M|58/100 par
|turn|56
|
|t:|1779803543
|move|p1a: Lilligant|Axe Kick|p2a: Saiko
|-resisted|p2a: Saiko
|-damage|p2a: Saiko|20/100 par
|-start|p2a: Saiko|confusion
|-activate|p2a: Saiko|confusion
|-damage|p2a: Saiko|15/100 par|[from] confusion
|
|-heal|p2a: Saiko|21/100 par|[from] item: Leftovers
|upkeep
|turn|57
|
|t:|1779803549
|move|p1a: Lilligant|Axe Kick|p2a: Saiko
|-resisted|p2a: Saiko
|-damage|p2a: Saiko|0 fnt
|faint|p2a: Saiko
|
|upkeep
|
|t:|1779803553
|switch|p2a: Yashimi|Mimikyu, F, shiny|100/100
|turn|58
|
|t:|1779803555
|move|p1a: Lilligant|Metronome|p1a: Lilligant
|move|p1a: Lilligant|Bitter Malice|p2a: Yashimi|[from] move: Metronome
|-activate|p2a: Yashimi|ability: Disguise
|-damage|p2a: Yashimi|100/100
|-unboost|p2a: Yashimi|atk|1
|detailschange|p2a: Yashimi|Mimikyu-Busted, F, shiny
|-damage|p2a: Yashimi|88/100|[from] pokemon: Mimikyu-Busted
|move|p2a: Yashimi|Swords Dance|p2a: Yashimi
|-boost|p2a: Yashimi|atk|2
|
|upkeep
|turn|59
|
|t:|1779803567
|move|p1a: Lilligant|Metronome|p1a: Lilligant
|move|p1a: Lilligant|Crush Grip|p2a: Yashimi|[from] move: Metronome
|-immune|p2a: Yashimi
|move|p2a: Yashimi|Swords Dance|p2a: Yashimi
|-boost|p2a: Yashimi|atk|2
|
|upkeep
|turn|60
|
|t:|1779803576
|move|p1a: Lilligant|Metronome|p1a: Lilligant
|move|p1a: Lilligant|Dragon Rush|p2a: Yashimi|[from] move: Metronome
|-immune|p2a: Yashimi
|move|p2a: Yashimi|Leech Life|p1a: Lilligant
|-damage|p1a: Lilligant|0 fnt
|-heal|p2a: Yashimi|100/100|[from] drain|[of] p1a: Lilligant
|faint|p1a: Lilligant
|
|upkeep
|
|t:|1779803585
|switch|p1a: Scream Tail|Scream Tail, shiny|50/100
|turn|61
|
|t:|1779803593
|move|p2a: Yashimi|Leech Life|p1a: Scream Tail
|-damage|p1a: Scream Tail|13/100
|move|p1a: Scream Tail|Crunch|p2a: Yashimi
|-damage|p2a: Yashimi|75/100
|
|upkeep
|turn|62
|
|t:|1779803603
|move|p2a: Yashimi|Swords Dance|p2a: Yashimi
|-boost|p2a: Yashimi|atk|2
|move|p1a: Scream Tail|Ice Fang|p2a: Yashimi
|-damage|p2a: Yashimi|53/100
|
|upkeep
|turn|63
|
|t:|1779803610
|move|p2a: Yashimi|Leech Life|p1a: Scream Tail
|-damage|p1a: Scream Tail|0 fnt
|-heal|p2a: Yashimi|62/100|[from] drain|[of] p1a: Scream Tail
|faint|p1a: Scream Tail
|-end|p1a: Scream Tail|Protosynthesis|[silent]
|
|upkeep
|
|t:|1779803612
|switch|p1a: Pawmot|Pawmot, F, shiny|50/100
|turn|64
|
|t:|1779803619
|move|p1a: Pawmot|Nuzzle|p2a: Yashimi
|-damage|p2a: Yashimi|47/100
|-status|p2a: Yashimi|par
|move|p2a: Yashimi|Drain Punch|p1a: Pawmot
|-damage|p1a: Pawmot|0 fnt
|-heal|p2a: Yashimi|72/100 par|[from] drain|[of] p1a: Pawmot
|faint|p1a: Pawmot
|
|upkeep
|
|t:|1779803628
|switch|p1a: Inteleon|Inteleon, F|50/100
|turn|65
|
|t:|1779803640
|move|p1a: Inteleon|Snipe Shot|p2a: Yashimi
|-crit|p2a: Yashimi
|-damage|p2a: Yashimi|0 fnt
|faint|p2a: Yashimi
|
|win|Quagsires gf
|raw|Quagsires gf's rating: 1059 &rarr; <strong>1090</strong><br />(+31 for winning)
|raw|zuz lemw's rating: 1054 &rarr; <strong>1036</strong><br />(-18 for losing)
|l|☆zuz lemw
|player|p2|
