|j|☆Aidster
|j|☆surprised head
|t:|1779894865
|gametype|singles
|player|p1|Aidster|boarder|1619
|player|p2|surprised head|169|1663
|gen|9
|tier|[Gen 9] OU
|rated|
|rule|HP Percentage Mod: HP is shown in percentages
|rule|Endless Battle Clause: Forcing endless battles is banned
|rule|Species Clause: Limit one of each Pokémon
|rule|OHKO Clause: OHKO moves are banned
|rule|Evasion Items Clause: Evasion items are banned
|rule|Evasion Moves Clause: Evasion moves are banned
|rule|Evasion Abilities Clause: Evasion abilities are banned
|rule|Sleep Moves Clause: Sleep-inducing moves are banned
|clearpoke
|poke|p1|Glimmora, F|
|poke|p1|Raging Bolt|
|poke|p1|Zamazenta-*|
|poke|p1|Gliscor, F|
|poke|p1|Darkrai|
|poke|p1|Gholdengo|
|poke|p2|Ting-Lu|
|poke|p2|Pecharunt|
|poke|p2|Gholdengo|
|poke|p2|Ogerpon-Wellspring, F|
|poke|p2|Great Tusk|
|poke|p2|Dragonite, F|
|teampreview
|inactive|Battle timer is ON: inactive players will automatically lose when time's up. (requested by surprised head)
|
|t:|1779894889
|teamsize|p1|6
|teamsize|p2|6
|start
|switch|p1a: Darkrai|Darkrai|100/100
|switch|p2a: Great Tusk|Great Tusk|100/100
|turn|1
|
|t:|1779894894
|-end|p2a: Great Tusk|Protosynthesis|[silent]
|switch|p2a: Ting-Lu|Ting-Lu|100/100
|-ability|p2a: Ting-Lu|Vessel of Ruin
|move|p1a: Darkrai|Ice Beam|p2a: Ting-Lu
|-supereffective|p2a: Ting-Lu
|-damage|p2a: Ting-Lu|74/100
|
|-heal|p2a: Ting-Lu|80/100|[from] item: Leftovers
|upkeep
|turn|2
|
|t:|1779894897
|move|p1a: Darkrai|Nasty Plot|p1a: Darkrai
|-boost|p1a: Darkrai|spa|2
|move|p2a: Ting-Lu|Earthquake|p1a: Darkrai
|-damage|p1a: Darkrai|53/100
|
|-heal|p1a: Darkrai|59/100|[from] item: Leftovers
|-heal|p2a: Ting-Lu|86/100|[from] item: Leftovers
|upkeep
|turn|3
|
|t:|1779894903
|switch|p2a: Gholdengo|Gholdengo|100/100
|move|p1a: Darkrai|Ice Beam|p2a: Gholdengo
|-resisted|p2a: Gholdengo
|-damage|p2a: Gholdengo|66/100
|
|-heal|p1a: Darkrai|65/100|[from] item: Leftovers
|upkeep
|turn|4
|
|t:|1779894911
|switch|p1a: Gholdengo|Gholdengo|100/100
|move|p2a: Gholdengo|Make It Rain|p1a: Gholdengo
|-resisted|p1a: Gholdengo
|-damage|p1a: Gholdengo|63/100
|-unboost|p2a: Gholdengo|spa|1
|
|upkeep
|turn|5
|
|t:|1779894916
|switch|p2a: Ogerpon|Ogerpon-Wellspring, F|100/100
|move|p1a: Gholdengo|Make It Rain|p2a: Ogerpon
|-resisted|p2a: Ogerpon
|-damage|p2a: Ogerpon|53/100
|-unboost|p1a: Gholdengo|spa|1
|
|upkeep
|turn|6
|
|t:|1779894937
|switch|p1a: Zamazenta|Zamazenta|100/100
|-ability|p1a: Zamazenta|Dauntless Shield|boost
|-boost|p1a: Zamazenta|def|1
|move|p2a: Ogerpon|Spikes|p1a: Zamazenta
|-sidestart|p1: Aidster|Spikes
|
|upkeep
|turn|7
|
|t:|1779894942
|switch|p2a: Pecharunt|Pecharunt|100/100
|move|p1a: Zamazenta|Reflect|p1a: Zamazenta
|-sidestart|p1: Aidster|Reflect
|
|upkeep
|turn|8
|
|t:|1779894950
|move|p1a: Zamazenta|Light Screen|p1a: Zamazenta
|-sidestart|p1: Aidster|move: Light Screen
|move|p2a: Pecharunt|Nasty Plot|p2a: Pecharunt
|-boost|p2a: Pecharunt|spa|2
|
|upkeep
|turn|9
|
|t:|1779894959
|move|p2a: Pecharunt|Nasty Plot|p2a: Pecharunt
|-boost|p2a: Pecharunt|spa|2
|move|p1a: Zamazenta|Roar|p2a: Pecharunt
|drag|p2a: Gholdengo|Gholdengo|66/100
|
|upkeep
|turn|10
|
|t:|1779894966
|switch|p1a: Gliscor|Gliscor, F|100/100
|move|p2a: Gholdengo|Trick|p1a: Gliscor
|-activate|p2a: Gholdengo|move: Trick|[of] p1a: Gliscor
|-item|p1a: Gliscor|Choice Scarf|[from] move: Trick
|-item|p2a: Gholdengo|Toxic Orb|[from] move: Trick
|
|upkeep
|turn|11
|
|t:|1779894972
|switch|p2a: Great Tusk|Great Tusk|100/100
|move|p1a: Gliscor|Agility|p1a: Gliscor
|-boost|p1a: Gliscor|spe|2
|
|upkeep
|turn|12
|
|t:|1779894982
|switch|p1a: Glimmora|Glimmora, F|100/100
|-item|p1a: Glimmora|Air Balloon
|move|p2a: Great Tusk|Headlong Rush|p1a: Glimmora
|-immune|p1a: Glimmora
|
|upkeep
|turn|13
|
|t:|1779894992
|move|p2a: Great Tusk|Knock Off|p1a: Glimmora
|-damage|p1a: Glimmora|80/100
|-activate|p1a: Glimmora|ability: Toxic Debris
|-sidestart|p2: surprised head|move: Toxic Spikes
|-enditem|p1a: Glimmora|Air Balloon
|move|p1a: Glimmora|Earth Power|p2a: Great Tusk
|-damage|p2a: Great Tusk|56/100
|
|upkeep
|turn|14
|
|t:|1779894999
|move|p2a: Great Tusk|Headlong Rush|p1a: Glimmora
|-supereffective|p1a: Glimmora
|-damage|p1a: Glimmora|0 fnt
|-unboost|p2a: Great Tusk|def|1
|-unboost|p2a: Great Tusk|spd|1
|-activate|p1a: Glimmora|ability: Toxic Debris
|-sidestart|p2: surprised head|move: Toxic Spikes
|faint|p1a: Glimmora
|
|-sideend|p1: Aidster|Reflect
|upkeep
|
|t:|1779895010
|switch|p1a: Darkrai|Darkrai|65/100
|-damage|p1a: Darkrai|53/100|[from] Spikes
|turn|15
|
|t:|1779895019
|-end|p2a: Great Tusk|Protosynthesis|[silent]
|switch|p2a: Ting-Lu|Ting-Lu|86/100
|-status|p2a: Ting-Lu|tox
|-ability|p2a: Ting-Lu|Vessel of Ruin
|move|p1a: Darkrai|Nasty Plot|p1a: Darkrai
|-boost|p1a: Darkrai|spa|2
|
|-heal|p1a: Darkrai|59/100|[from] item: Leftovers
|-heal|p2a: Ting-Lu|92/100 tox|[from] item: Leftovers
|-damage|p2a: Ting-Lu|86/100 tox|[from] psn
|-sideend|p1: Aidster|move: Light Screen
|upkeep
|turn|16
|
|t:|1779895026
|move|p1a: Darkrai|Ice Beam|p2a: Ting-Lu
|-supereffective|p2a: Ting-Lu
|-damage|p2a: Ting-Lu|31/100 tox
|move|p2a: Ting-Lu|Earthquake|p1a: Darkrai
|-damage|p1a: Darkrai|8/100
|
|-heal|p1a: Darkrai|14/100|[from] item: Leftovers
|-heal|p2a: Ting-Lu|37/100 tox|[from] item: Leftovers
|-damage|p2a: Ting-Lu|25/100 tox|[from] psn
|upkeep
|turn|17
|
|t:|1779895039
|move|p1a: Darkrai|Ice Beam|p2a: Ting-Lu
|-supereffective|p2a: Ting-Lu
|-damage|p2a: Ting-Lu|0 fnt
|faint|p2a: Ting-Lu
|
|-heal|p1a: Darkrai|20/100|[from] item: Leftovers
|upkeep
|
|t:|1779895041
|switch|p2a: Dragonite|Dragonite, F|100/100
|turn|18
|
|t:|1779895051
|-terastallize|p2a: Dragonite|Normal
|move|p2a: Dragonite|Extreme Speed|p1a: Darkrai
|-damage|p1a: Darkrai|0 fnt
|faint|p1a: Darkrai
|
|upkeep
|
|t:|1779895057
|switch|p1a: Zamazenta|Zamazenta|100/100
|-damage|p1a: Zamazenta|88/100|[from] Spikes
|turn|19
|
|t:|1779895061
|switch|p2a: Pecharunt|Pecharunt|100/100
|-sideend|p2: surprised head|move: Toxic Spikes|[of] p2a: Pecharunt
|move|p1a: Zamazenta|Light Screen|p1a: Zamazenta
|-sidestart|p1: Aidster|move: Light Screen
|
|upkeep
|turn|20
|
|t:|1779895064
|switch|p1a: Gholdengo|Gholdengo|63/100
|-damage|p1a: Gholdengo|51/100|[from] Spikes
|move|p2a: Pecharunt|Malignant Chain|p1a: Gholdengo
|-immune|p1a: Gholdengo
|
|upkeep
|turn|21
|
|t:|1779895075
|move|p2a: Pecharunt|Shadow Ball|p1a: Gholdengo
|-supereffective|p1a: Gholdengo
|-crit|p1a: Gholdengo
|-damage|p1a: Gholdengo|0 fnt
|faint|p1a: Gholdengo
|
|upkeep
|c|☆surprised head|mb
|c|☆Aidster|all good
|c|☆Aidster|im not playing the best right now anyways
|inactive|Aidster has 120 seconds left.
|
|t:|1779895107
|switch|p1a: Raging Bolt|Raging Bolt|100/100
|-damage|p1a: Raging Bolt|88/100|[from] Spikes
|-enditem|p1a: Raging Bolt|Booster Energy
|-activate|p1a: Raging Bolt|ability: Protosynthesis|[fromitem]
|-start|p1a: Raging Bolt|protosynthesisspa
|turn|22
|
|t:|1779895112
|move|p2a: Pecharunt|Malignant Chain|p1a: Raging Bolt
|-damage|p1a: Raging Bolt|68/100
|-status|p1a: Raging Bolt|tox
|-start|p1a: Raging Bolt|confusion|[from] ability: Poison Puppeteer|[of] p2a: Pecharunt
|-activate|p1a: Raging Bolt|confusion
|-damage|p1a: Raging Bolt|62/100 tox|[from] confusion
|
|-damage|p1a: Raging Bolt|56/100 tox|[from] psn
|upkeep
|turn|23
|
|t:|1779895114
|move|p2a: Pecharunt|Nasty Plot|p2a: Pecharunt
|-boost|p2a: Pecharunt|spa|2
|-activate|p1a: Raging Bolt|confusion
|-damage|p1a: Raging Bolt|51/100 tox|[from] confusion
|
|-damage|p1a: Raging Bolt|39/100 tox|[from] psn
|upkeep
|turn|24
|
|t:|1779895118
|move|p2a: Pecharunt|Malignant Chain|p1a: Raging Bolt
|-damage|p1a: Raging Bolt|0 fnt
|faint|p1a: Raging Bolt
|-end|p1a: Raging Bolt|Protosynthesis|[silent]
|
|upkeep
|c|☆Aidster|gg wp
|c|☆surprised head|uh
|-message|Aidster forfeited.
|
|win|surprised head
|raw|Aidster's rating: 1619 &rarr; <strong>1602</strong><br />(-17 for losing)
|raw|surprised head's rating: 1663 &rarr; <strong>1680</strong><br />(+17 for winning)
|l|☆Aidster
|player|p1|
|l|☆surprised head
|player|p2|
