|j|☆PieCubed^3
|j|☆Davy12345
|t:|1779945342
|gametype|singles
|player|p1|PieCubed^3|hilda-wonderlauncher|1458
|player|p2|Davy12345|drayden|1492
|gen|9
|tier|[Gen 9] OU
|rated|
|rule|HP Percentage Mod: HP is shown in percentages
|rule|Endless Battle Clause: Forcing endless battles is banned
|rule|Species Clause: Limit one of each Pokémon
|rule|OHKO Clause: OHKO moves are banned
|rule|Evasion Items Clause: Evasion items are banned
|rule|Evasion Moves Clause: Evasion moves are banned
|rule|Evasion Abilities Clause: Evasion abilities are banned
|rule|Sleep Moves Clause: Sleep-inducing moves are banned
|clearpoke
|poke|p1|Araquanid, F|
|poke|p1|Gholdengo|
|poke|p1|Kingambit, F|
|poke|p1|Raging Bolt|
|poke|p1|Keldeo-Resolute|
|poke|p1|Hoopa-Unbound|
|poke|p2|Great Tusk|
|poke|p2|Kyurem|
|poke|p2|Pecharunt|
|poke|p2|Tornadus-Therian, M|
|poke|p2|Tyranitar, M|
|poke|p2|Heatran, M|
|teampreview
|l|☆Davy12345
|player|p2|
|inactive|Battle timer is ON: inactive players will automatically lose when time's up. (requested by PieCubed^3)
|j|☆Davy12345
|inactive|Davy12345 reconnected and has 150 seconds left.
|player|p2|Davy12345|drayden|
|inactive|Davy12345 also wants the timer to be on.
|
|t:|1779945363
|teamsize|p1|6
|teamsize|p2|6
|start
|switch|p1a: QUIL|Araquanid, F|100/100
|switch|p2a: Tyranitar|Tyranitar, M|100/100
|-weather|Sandstorm|[from] ability: Sand Stream|[of] p2a: Tyranitar
|turn|1
|
|t:|1779945372
|move|p2a: Tyranitar|Stone Edge|p1a: QUIL
|-supereffective|p1a: QUIL
|-damage|p1a: QUIL|0 fnt
|faint|p1a: QUIL
|
|-weather|Sandstorm|[upkeep]
|upkeep
|c|☆PieCubed^3|idk why but i thought it wouldnt ohko
|
|t:|1779945381
|switch|p1a: Keldeo|Keldeo-Resolute|100/100
|turn|2
|
|t:|1779945385
|switch|p2a: Tornadus|Tornadus-Therian, M|100/100
|move|p1a: Keldeo|Secret Sword|p2a: Tornadus
|-resisted|p2a: Tornadus
|-damage|p2a: Tornadus|63/100
|-damage|p1a: Keldeo|91/100|[from] item: Life Orb
|
|-weather|Sandstorm|[upkeep]
|-damage|p2a: Tornadus|57/100|[from] Sandstorm
|-damage|p1a: Keldeo|84/100|[from] Sandstorm
|upkeep
|turn|3
|
|t:|1779945389
|switch|p1a: Raging Bolt|Raging Bolt|100/100
|-enditem|p1a: Raging Bolt|Booster Energy
|-activate|p1a: Raging Bolt|ability: Protosynthesis|[fromitem]
|-start|p1a: Raging Bolt|protosynthesisspa
|move|p2a: Tornadus|U-turn|p1a: Raging Bolt
|-damage|p1a: Raging Bolt|86/100
|
|t:|1779945401
|switch|p2a: Great Tusk|Great Tusk|100/100|[from] U-turn
|
|-weather|Sandstorm|[upkeep]
|-damage|p1a: Raging Bolt|80/100|[from] Sandstorm
|upkeep
|turn|4
|
|t:|1779945418
|-end|p1a: Raging Bolt|Protosynthesis|[silent]
|switch|p1a: Gholdengo|Gholdengo|100/100
|-item|p1a: Gholdengo|Air Balloon
|move|p2a: Great Tusk|Headlong Rush|p1a: Gholdengo
|-immune|p1a: Gholdengo
|
|-weather|Sandstorm|[upkeep]
|upkeep
|turn|5
|
|t:|1779945426
|-end|p2a: Great Tusk|Protosynthesis|[silent]
|switch|p2a: Tornadus|Tornadus-Therian, M|90/100
|move|p1a: Gholdengo|Shadow Ball|p2a: Tornadus
|-damage|p2a: Tornadus|64/100
|
|-weather|none
|upkeep
|turn|6
|
|t:|1779945435
|move|p2a: Tornadus|U-turn|p1a: Gholdengo
|-resisted|p1a: Gholdengo
|-damage|p1a: Gholdengo|96/100
|-enditem|p1a: Gholdengo|Air Balloon
|
|t:|1779945438
|switch|p2a: Gitrog|Heatran, M|100/100|[from] U-turn
|move|p1a: Gholdengo|Shadow Ball|p2a: Gitrog
|-damage|p2a: Gitrog|73/100
|
|-heal|p2a: Gitrog|79/100|[from] item: Leftovers
|upkeep
|turn|7
|
|t:|1779945446
|switch|p1a: Hoopa|Hoopa-Unbound|100/100
|move|p2a: Gitrog|Stealth Rock|p1a: Hoopa
|-sidestart|p1: PieCubed^3|move: Stealth Rock
|
|-heal|p2a: Gitrog|85/100|[from] item: Leftovers
|upkeep
|turn|8
|
|t:|1779945454
|move|p1a: Hoopa|Nasty Plot|p1a: Hoopa
|-boost|p1a: Hoopa|spa|2
|move|p2a: Gitrog|Magma Storm|p1a: Hoopa
|-damage|p1a: Hoopa|63/100
|-activate|p1a: Hoopa|move: Magma Storm|[of] p2a: Gitrog
|
|-heal|p2a: Gitrog|92/100|[from] item: Leftovers
|-damage|p1a: Hoopa|50/100|[from] move: Magma Storm|[partiallytrapped]
|upkeep
|turn|9
|
|t:|1779945466
|-terastallize|p2a: Gitrog|Ghost
|move|p1a: Hoopa|Focus Blast|p2a: Gitrog
|-immune|p2a: Gitrog
|move|p2a: Gitrog|Magma Storm|p1a: Hoopa
|-damage|p1a: Hoopa|9/100
|
|-heal|p2a: Gitrog|98/100|[from] item: Leftovers
|-damage|p1a: Hoopa|0 fnt|[from] move: Magma Storm|[partiallytrapped]
|faint|p1a: Hoopa
|upkeep
|
|t:|1779945486
|switch|p1a: Raging Bolt|Raging Bolt|80/100
|-damage|p1a: Raging Bolt|67/100|[from] Stealth Rock
|turn|10
|
|t:|1779945495
|move|p1a: Raging Bolt|Calm Mind|p1a: Raging Bolt
|-boost|p1a: Raging Bolt|spa|1
|-boost|p1a: Raging Bolt|spd|1
|move|p2a: Gitrog|Earth Power|p1a: Raging Bolt
|-supereffective|p1a: Raging Bolt
|-damage|p1a: Raging Bolt|36/100
|
|-heal|p2a: Gitrog|100/100|[from] item: Leftovers
|upkeep
|turn|11
|
|t:|1779945500
|move|p1a: Raging Bolt|Thunderbolt|p2a: Gitrog
|-damage|p2a: Gitrog|53/100
|move|p2a: Gitrog|Earth Power|p1a: Raging Bolt
|-supereffective|p1a: Raging Bolt
|-damage|p1a: Raging Bolt|4/100
|
|-heal|p2a: Gitrog|60/100|[from] item: Leftovers
|upkeep
|turn|12
|
|t:|1779945507
|move|p1a: Raging Bolt|Thunderbolt|p2a: Gitrog
|-crit|p2a: Gitrog
|-damage|p2a: Gitrog|0 fnt
|faint|p2a: Gitrog
|
|upkeep
|
|t:|1779945510
|switch|p2a: Great Tusk|Great Tusk|100/100
|turn|13
|
|t:|1779945526
|-end|p1a: Raging Bolt|Protosynthesis|[silent]
|switch|p1a: Keldeo|Keldeo-Resolute|84/100
|-damage|p1a: Keldeo|78/100|[from] Stealth Rock
|move|p2a: Great Tusk|Headlong Rush|p1a: Keldeo
|-damage|p1a: Keldeo|10/100
|-unboost|p2a: Great Tusk|def|1
|-unboost|p2a: Great Tusk|spd|1
|
|upkeep
|turn|14
|
|t:|1779945535
|-end|p2a: Great Tusk|Protosynthesis|[silent]
|switch|p2a: Tornadus|Tornadus-Therian, M|97/100
|move|p1a: Keldeo|Surf|p2a: Tornadus
|-crit|p2a: Tornadus
|-damage|p2a: Tornadus|35/100
|-damage|p1a: Keldeo|0 fnt|[from] item: Life Orb
|faint|p1a: Keldeo
|
|upkeep
|
|t:|1779945543
|switch|p1a: Gholdengo|Gholdengo|96/100
|-damage|p1a: Gholdengo|90/100|[from] Stealth Rock
|turn|15
|
|t:|1779945548
|move|p2a: Tornadus|Heat Wave|p1a: Gholdengo
|-supereffective|p1a: Gholdengo
|-crit|p1a: Gholdengo
|-damage|p1a: Gholdengo|14/100
|move|p1a: Gholdengo|Make It Rain|p2a: Tornadus
|-damage|p2a: Tornadus|0 fnt
|-unboost|p1a: Gholdengo|spa|1
|faint|p2a: Tornadus
|
|upkeep
|
|t:|1779945557
|switch|p2a: Kyurem|Kyurem|100/100
|-ability|p2a: Kyurem|Pressure
|turn|16
|
|t:|1779945563
|move|p2a: Kyurem|Earth Power|p1a: Gholdengo
|-supereffective|p1a: Gholdengo
|-damage|p1a: Gholdengo|0 fnt
|faint|p1a: Gholdengo
|
|upkeep
|
|t:|1779945566
|switch|p1a: Raging Bolt|Raging Bolt|4/100
|-damage|p1a: Raging Bolt|0 fnt|[from] Stealth Rock
|faint|p1a: Raging Bolt
|-end|p1a: Raging Bolt|Protosynthesis|[silent]
|
|t:|1779945567
|switch|p1a: Kingambit|Kingambit, F|100/100
|-damage|p1a: Kingambit|94/100|[from] Stealth Rock
|-activate|p1a: Kingambit|ability: Supreme Overlord
|-start|p1a: Kingambit|fallen5|[silent]
|-item|p1a: Kingambit|Air Balloon
|turn|17
|
|t:|1779945575
|move|p2a: Kyurem|Ice Beam|p1a: Kingambit
|-resisted|p1a: Kingambit
|-damage|p1a: Kingambit|66/100
|-enditem|p1a: Kingambit|Air Balloon
|move|p1a: Kingambit|Swords Dance|p1a: Kingambit
|-boost|p1a: Kingambit|atk|2
|
|upkeep
|turn|18
|
|t:|1779945585
|move|p2a: Kyurem|Earth Power|p1a: Kingambit
|-supereffective|p1a: Kingambit
|-damage|p1a: Kingambit|0 fnt
|faint|p1a: Kingambit
|-end|p1a: Kingambit|fallen5|[silent]
|
|win|Davy12345
|raw|PieCubed^3's rating: 1458 &rarr; <strong>1440</strong><br />(-18 for losing)
|raw|Davy12345's rating: 1492 &rarr; <strong>1510</strong><br />(+18 for winning)
|l|☆PieCubed^3
|player|p1|
|l|☆Davy12345
|player|p2|
