|j|☆SgtBrick14
|j|☆G-recike
|t:|1779847966
|gametype|singles
|player|p1|SgtBrick14|pokemonranger|1404
|player|p2|G-recike|colress|1398
|gen|9
|tier|[Gen 9] OU
|rated|
|rule|HP Percentage Mod: HP is shown in percentages
|rule|Endless Battle Clause: Forcing endless battles is banned
|rule|Species Clause: Limit one of each Pokémon
|rule|OHKO Clause: OHKO moves are banned
|rule|Evasion Items Clause: Evasion items are banned
|rule|Evasion Moves Clause: Evasion moves are banned
|rule|Evasion Abilities Clause: Evasion abilities are banned
|rule|Sleep Moves Clause: Sleep-inducing moves are banned
|clearpoke
|poke|p1|Great Tusk|
|poke|p1|Polteageist|
|poke|p1|Dragapult, M|
|poke|p1|Ceruledge, F|
|poke|p1|Kleavor, M|
|poke|p1|Gengar, F|
|poke|p2|Leavanny, F|
|poke|p2|Dragapult, M|
|poke|p2|Cinderace, F|
|poke|p2|Torkoal, F|
|poke|p2|Walking Wake|
|poke|p2|Kingambit, F|
|teampreview
|
|t:|1779847974
|teamsize|p1|6
|teamsize|p2|6
|start
|switch|p1a: Kleavor|Kleavor, M|100/100
|switch|p2a: Cinderace|Cinderace, F|100/100
|turn|1
|
|t:|1779847979
|switch|p2a: Fornalha|Torkoal, F|100/100
|-weather|SunnyDay|[from] ability: Drought|[of] p2a: Fornalha
|move|p1a: Kleavor|Stone Axe|p2a: Fornalha
|-supereffective|p2a: Fornalha
|-damage|p2a: Fornalha|39/100
|-sidestart|p2: G-recike|move: Stealth Rock
|
|-weather|SunnyDay|[upkeep]
|upkeep
|turn|2
|
|t:|1779847986
|switch|p2a: Walking Wake|Walking Wake|100/100
|-damage|p2a: Walking Wake|88/100|[from] Stealth Rock
|-activate|p2a: Walking Wake|ability: Protosynthesis
|-start|p2a: Walking Wake|protosynthesisspe
|move|p1a: Kleavor|Stone Axe|p2a: Walking Wake
|-damage|p2a: Walking Wake|30/100
|
|-weather|SunnyDay|[upkeep]
|upkeep
|turn|3
|
|t:|1779848004
|switch|p1a: Dragapult|Dragapult, M|100/100
|move|p2a: Walking Wake|Hydro Steam|p1a: Dragapult
|-resisted|p1a: Dragapult
|-damage|p1a: Dragapult|59/100
|
|-weather|SunnyDay|[upkeep]
|upkeep
|turn|4
|
|t:|1779848008
|move|p1a: Dragapult|Sucker Punch|p2a: Walking Wake
|-damage|p2a: Walking Wake|1/100
|move|p2a: Walking Wake|Draco Meteor|p1a: Dragapult
|-supereffective|p1a: Dragapult
|-damage|p1a: Dragapult|0 fnt
|-unboost|p2a: Walking Wake|spa|2
|faint|p1a: Dragapult
|-enditem|p2a: Walking Wake|Eject Pack
|
|t:|1779848014
|-end|p2a: Walking Wake|Protosynthesis|[silent]
|switch|p2a: Cinderace|Cinderace, F|100/100
|
|-weather|SunnyDay|[upkeep]
|upkeep
|
|t:|1779848016
|switch|p1a: Kleavor|Kleavor, M|100/100
|turn|5
|
|t:|1779848020
|move|p1a: Kleavor|Stone Axe|p2a: Cinderace
|-supereffective|p2a: Cinderace
|-damage|p2a: Cinderace|0 fnt
|faint|p2a: Cinderace
|
|-weather|SunnyDay|[upkeep]
|upkeep
|
|t:|1779848024
|switch|p2a: Leavanny|Leavanny, F|100/100
|-damage|p2a: Leavanny|76/100|[from] Stealth Rock
|turn|6
|
|t:|1779848035
|move|p2a: Leavanny|Leaf Storm|p1a: Kleavor
|-damage|p1a: Kleavor|33/100
|-unboost|p2a: Leavanny|spa|2
|-enditem|p2a: Leavanny|Eject Pack
|
|t:|1779848039
|switch|p2a: Kingambit|Kingambit, F|100/100
|-damage|p2a: Kingambit|94/100|[from] Stealth Rock
|-activate|p2a: Kingambit|ability: Supreme Overlord
|-start|p2a: Kingambit|fallen1|[silent]
|move|p1a: Kleavor|Stone Axe|p2a: Kingambit
|-resisted|p2a: Kingambit
|-damage|p2a: Kingambit|72/100
|
|-weather|SunnyDay|[upkeep]
|upkeep
|turn|7
|
|t:|1779848042
|move|p1a: Kleavor|Stone Axe|p2a: Kingambit
|-resisted|p2a: Kingambit
|-damage|p2a: Kingambit|53/100
|move|p2a: Kingambit|Swords Dance|p2a: Kingambit
|-boost|p2a: Kingambit|atk|2
|
|-weather|SunnyDay|[upkeep]
|upkeep
|turn|8
|
|t:|1779848045
|move|p1a: Kleavor|Stone Axe|p2a: Kingambit
|-resisted|p2a: Kingambit
|-damage|p2a: Kingambit|34/100
|move|p2a: Kingambit|Swords Dance|p2a: Kingambit
|-boost|p2a: Kingambit|atk|2
|
|-weather|none
|upkeep
|turn|9
|
|t:|1779848061
|switch|p1a: Great Tusk|Great Tusk|100/100
|move|p2a: Kingambit|Sucker Punch||[still]
|-fail|p2a: Kingambit
|
|upkeep
|turn|10
|
|t:|1779848066
|-terastallize|p2a: Kingambit|Ghost
|move|p1a: Great Tusk|Earthquake|p2a: Kingambit
|-damage|p2a: Kingambit|0 fnt
|faint|p2a: Kingambit
|-end|p2a: Kingambit|fallen1|[silent]
|
|upkeep
|-message|G-recike forfeited.
|
|win|SgtBrick14
|raw|SgtBrick14's rating: 1404 &rarr; <strong>1424</strong><br />(+20 for winning)
|raw|G-recike's rating: 1398 &rarr; <strong>1378</strong><br />(-20 for losing)
|l|☆G-recike
|player|p2|
|l|☆SgtBrick14
|player|p1|
