|j|☆A05236
|j|☆Abyssal Bot
|t:|1779822492
|gametype|singles
|player|p1|A05236|265|
|player|p2|Abyssal Bot|supernerd|
|teamsize|p1|6
|teamsize|p2|6
|gen|9
|tier|[Gen 9] OU
|rule|Species Clause: Limit one of each Pokémon
|rule|OHKO Clause: OHKO moves are banned
|rule|Evasion Items Clause: Evasion items are banned
|rule|Evasion Moves Clause: Evasion moves are banned
|rule|Endless Battle Clause: Forcing endless battles is banned
|rule|HP Percentage Mod: HP is shown in percentages
|rule|Sleep Moves Clause: Sleep-inducing moves are banned
|clearpoke
|poke|p1|Greninja-*, F|
|poke|p1|Kilowattrel, M|
|poke|p1|Pelipper, M|
|poke|p1|Iron Treads|
|poke|p1|Pincurchin, F|
|poke|p1|Iron Valiant|
|poke|p2|Ribombee, M|
|poke|p2|Glimmora, F|
|poke|p2|Manaphy|
|poke|p2|Zamazenta-*|
|poke|p2|Gholdengo|
|poke|p2|Roaring Moon|
|teampreview
|c|☆Abyssal Bot|**WARNING**: Expect much hax.
|inactive|Battle timer is ON: inactive players will automatically lose when time's up. (requested by Abyssal Bot)
|j|*Turbo Bottttt
|
|t:|1779822495
|start
|switch|p1a: Greninja|Greninja, F|100/100
|switch|p2a: Manaphy|Manaphy|100/100
|turn|1
|
|t:|1779822502
|switch|p2a: Roaring Moon|Roaring Moon|100/100
|-enditem|p2a: Roaring Moon|Booster Energy
|-activate|p2a: Roaring Moon|ability: Protosynthesis|[fromitem]
|-start|p2a: Roaring Moon|protosynthesisatk
|move|p1a: Greninja|U-turn||[still]
|-start|p1a: Greninja|typechange|Bug|[from] ability: Protean
|-anim|p1a: Greninja|U-turn|p2a: Roaring Moon
|-supereffective|p2a: Roaring Moon
|-damage|p2a: Roaring Moon|0
|faint|p2a: Roaring Moon
|-end|p2a: Roaring Moon|Protosynthesis|[silent]
|
|t:|1779822506
|switch|p1a: Pincurchin|Pincurchin, F|100/100|[from] U-turn
|-fieldstart|move: Electric Terrain|[from] ability: Electric Surge|[of] p1a: Pincurchin
|
|upkeep
|
|t:|1779822506
|switch|p2a: Glimmora|Glimmora, F|100/100
|turn|2
|
|t:|1779822512
|move|p2a: Glimmora|Meteor Beam||[still]
|-prepare|p2a: Glimmora|Meteor Beam
|-boost|p2a: Glimmora|spa|1
|-enditem|p2a: Glimmora|Power Herb
|-anim|p2a: Glimmora|Meteor Beam|p1a: Pincurchin
|-damage|p1a: Pincurchin|0
|faint|p1a: Pincurchin
|
|upkeep
|
|t:|1779822516
|switch|p1a: Greninja|Greninja, F|100/100
|turn|3
|
|t:|1779822517
|move|p1a: Greninja|Waterfall||[still]
|-start|p1a: Greninja|typechange|Water|[from] ability: Protean
|-anim|p1a: Greninja|Waterfall|p2a: Glimmora
|-supereffective|p2a: Glimmora
|-damage|p2a: Glimmora|0
|-activate|p2a: Glimmora|ability: Toxic Debris
|-sidestart|p1: A05236|move: Toxic Spikes
|faint|p2a: Glimmora
|
|upkeep
|
|t:|1779822518
|switch|p2a: Ribombee|Ribombee, M|100/100
|turn|4
|
|t:|1779822521
|move|p1a: Greninja|Waterfall|p2a: Ribombee
|-damage|p2a: Ribombee|23/100
|move|p2a: Ribombee|Moonblast|p1a: Greninja
|-damage|p1a: Greninja|39/100
|
|upkeep
|turn|5
|
|t:|1779822524
|move|p1a: Greninja|Waterfall|p2a: Ribombee
|-damage|p2a: Ribombee|0
|faint|p2a: Ribombee
|
|upkeep
|
|t:|1779822524
|switch|p2a: Zamazenta|Zamazenta|100/100
|-ability|p2a: Zamazenta|Dauntless Shield|boost
|-boost|p2a: Zamazenta|def|1
|turn|6
|
|t:|1779822526
|move|p2a: Zamazenta|Body Press|p1a: Greninja
|-damage|p1a: Greninja|0
|faint|p1a: Greninja
|
|upkeep
|
|t:|1779822533
|switch|p1a: Pelipper|Pelipper, M|100/100
|-weather|Rain Dance|[from] ability: Drizzle|[of] p1a: Pelipper
|turn|7
|
|t:|1779822534
|move|p2a: Zamazenta|Stone Edge|p1a: Pelipper|[miss]
|-miss|p2a: Zamazenta|p1a: Pelipper
|move|p1a: Pelipper|Hurricane|p2a: Zamazenta
|-supereffective|p2a: Zamazenta
|-damage|p2a: Zamazenta|33/100
|
|-weather|Rain Dance|[upkeep]
|upkeep
|turn|8
|c|☆Abyssal Bot|Uh Zamazenta, you're as blind as Deino...
|
|t:|1779822536
|move|p2a: Zamazenta|Stone Edge|p1a: Pelipper
|-supereffective|p1a: Pelipper
|-damage|p1a: Pelipper|56/100
|move|p1a: Pelipper|Hurricane|p2a: Zamazenta
|-supereffective|p2a: Zamazenta
|-damage|p2a: Zamazenta|0
|faint|p2a: Zamazenta
|
|-weather|Rain Dance|[upkeep]
|-fieldend|move: Electric Terrain
|upkeep
|
|t:|1779822536
|switch|p2a: Manaphy|Manaphy|100/100
|turn|9
|
|t:|1779822540
|move|p2a: Manaphy|Surf|p1a: Pelipper
|-resisted|p1a: Pelipper
|-damage|p1a: Pelipper|12/100
|move|p1a: Pelipper|U-turn|p2a: Manaphy
|-damage|p2a: Manaphy|92/100
|
|t:|1779822542
|switch|p1a: Kilowattrel|Kilowattrel, M|100/100|[from] U-turn
|
|-weather|Rain Dance|[upkeep]
|-heal|p2a: Manaphy|99/100|[from] item: Leftovers
|upkeep
|turn|10
|
|t:|1779822544
|move|p1a: Kilowattrel|Thunder|p2a: Manaphy
|-supereffective|p2a: Manaphy
|-damage|p2a: Manaphy|0
|faint|p2a: Manaphy
|-damage|p1a: Kilowattrel|91/100|[from] item: Life Orb
|
|-weather|Rain Dance|[upkeep]
|upkeep
|
|t:|1779822544
|switch|p2a: Gholdengo|Gholdengo|100/100
|-item|p2a: Gholdengo|Air Balloon
|turn|11
|
|t:|1779822548
|move|p1a: Kilowattrel|Substitute|p1a: Kilowattrel
|-start|p1a: Kilowattrel|Substitute
|-damage|p1a: Kilowattrel|66/100
|move|p2a: Gholdengo|Hex|p1a: Kilowattrel
|-end|p1a: Kilowattrel|Substitute
|
|-weather|Rain Dance|[upkeep]
|upkeep
|turn|12
|
|t:|1779822550
|move|p1a: Kilowattrel|Substitute|p1a: Kilowattrel
|-start|p1a: Kilowattrel|Substitute
|-damage|p1a: Kilowattrel|41/100
|move|p2a: Gholdengo|Make It Rain|p1a: Kilowattrel
|-resisted|p1a: Kilowattrel
|-end|p1a: Kilowattrel|Substitute
|-unboost|p2a: Gholdengo|spa|1
|
|-weather|Rain Dance|[upkeep]
|upkeep
|turn|13
|
|t:|1779822552
|move|p1a: Kilowattrel|Thunder|p2a: Gholdengo
|-damage|p2a: Gholdengo|37/100
|-enditem|p2a: Gholdengo|Air Balloon
|-damage|p1a: Kilowattrel|31/100|[from] item: Life Orb
|move|p2a: Gholdengo|Hex|p1a: Kilowattrel
|-damage|p1a: Kilowattrel|0
|faint|p1a: Kilowattrel
|
|-weather|Rain Dance|[upkeep]
|upkeep
|
|t:|1779822556
|switch|p1a: Iron Treads|Iron Treads|100/100
|turn|14
|
|t:|1779822558
|move|p1a: Iron Treads|Supercell Slam|p2a: Gholdengo
|-damage|p2a: Gholdengo|0
|faint|p2a: Gholdengo
|-damage|p1a: Iron Treads|91/100|[from] item: Life Orb
|
|win|A05236
|c|☆Abyssal Bot|This loss doesn't matter, because I'm just a bot.
|l|☆Abyssal Bot
|player|p2|
|l|*Turbo Bottttt
