|j|☆tssfanatic
|j|☆FlexTheDork
|t:|1779885133
|gametype|singles
|player|p1|tssfanatic|169|1117
|player|p2|FlexTheDork|169|1232
|gen|9
|tier|[Gen 9] OU
|rated|
|rule|HP Percentage Mod: HP is shown in percentages
|rule|Endless Battle Clause: Forcing endless battles is banned
|rule|Species Clause: Limit one of each Pokémon
|rule|OHKO Clause: OHKO moves are banned
|rule|Evasion Items Clause: Evasion items are banned
|rule|Evasion Moves Clause: Evasion moves are banned
|rule|Evasion Abilities Clause: Evasion abilities are banned
|rule|Sleep Moves Clause: Sleep-inducing moves are banned
|clearpoke
|poke|p1|Kleavor, F|
|poke|p1|Samurott-Hisui, M|
|poke|p1|Scizor, F|
|poke|p1|Glimmora, F|
|poke|p1|Dragapult, M|
|poke|p1|Salazzle, F|
|poke|p2|Iron Moth|
|poke|p2|Gliscor, F|
|poke|p2|Hatterene, F|
|poke|p2|Ogerpon-Wellspring, F|
|poke|p2|Raging Bolt|
|poke|p2|Zamazenta-*|
|teampreview
|inactive|Battle timer is ON: inactive players will automatically lose when time's up. (requested by FlexTheDork)
|inactive|tssfanatic also wants the timer to be on.
|
|t:|1779885156
|teamsize|p1|6
|teamsize|p2|6
|start
|switch|p1a: Kleavor|Kleavor, F|100/100
|switch|p2a: Zamazenta|Zamazenta|100/100
|-ability|p2a: Zamazenta|Dauntless Shield|boost
|-boost|p2a: Zamazenta|def|1
|turn|1
|
|t:|1779885177
|move|p1a: Kleavor|Stone Axe|p2a: Zamazenta
|-resisted|p2a: Zamazenta
|-damage|p2a: Zamazenta|87/100
|-sidestart|p2: FlexTheDork|move: Stealth Rock
|move|p2a: Zamazenta|Reflect|p2a: Zamazenta
|-sidestart|p2: FlexTheDork|Reflect
|
|upkeep
|turn|2
|
|t:|1779885192
|switch|p1a: Dragapult|Dragapult, M|100/100
|move|p2a: Zamazenta|Light Screen|p2a: Zamazenta
|-sidestart|p2: FlexTheDork|move: Light Screen
|
|upkeep
|turn|3
|
|t:|1779885203
|move|p1a: Dragapult|Phantom Force||[still]
|-prepare|p1a: Dragapult|Phantom Force
|move|p2a: Zamazenta|Ice Fang|p1a: Dragapult|[miss]
|-miss|p2a: Zamazenta|p1a: Dragapult
|
|upkeep
|turn|4
|
|t:|1779885215
|move|p1a: Dragapult|Phantom Force|p2a: Zamazenta|[from] lockedmove
|-damage|p2a: Zamazenta|51/100
|move|p2a: Zamazenta|Ice Fang|p1a: Dragapult
|-supereffective|p1a: Dragapult
|-damage|p1a: Dragapult|47/100
|
|upkeep
|turn|5
|
|t:|1779885230
|switch|p1a: Scizor|Scizor, F|100/100
|switch|p2a: Gliscor|Gliscor, F|100/100
|-damage|p2a: Gliscor|88/100|[from] Stealth Rock
|
|-status|p2a: Gliscor|tox|[from] item: Toxic Orb
|upkeep
|turn|6
|inactive|tssfanatic has 120 seconds left.
|
|t:|1779885251
|-terastallize|p1a: Scizor|Water
|move|p1a: Scizor|Bullet Punch|p2a: Gliscor
|-damage|p2a: Gliscor|66/100 tox
|move|p2a: Gliscor|Swords Dance|p2a: Gliscor
|-boost|p2a: Gliscor|atk|2
|
|-heal|p2a: Gliscor|78/100 tox|[from] ability: Poison Heal
|upkeep
|turn|7
|inactive|tssfanatic has 120 seconds left.
|
|t:|1779885275
|move|p1a: Scizor|Bullet Punch|p2a: Gliscor
|-damage|p2a: Gliscor|55/100 tox
|move|p2a: Gliscor|Facade|p1a: Scizor
|-damage|p1a: Scizor|15/100
|
|-heal|p2a: Gliscor|67/100 tox|[from] ability: Poison Heal
|upkeep
|turn|8
|
|t:|1779885284
|move|p1a: Scizor|Bullet Punch|p2a: Gliscor
|-damage|p2a: Gliscor|45/100 tox
|move|p2a: Gliscor|Agility|p2a: Gliscor
|-boost|p2a: Gliscor|spe|2
|
|-heal|p2a: Gliscor|58/100 tox|[from] ability: Poison Heal
|-sideend|p2: FlexTheDork|Reflect
|upkeep
|turn|9
|inactive|tssfanatic has 120 seconds left.
|
|t:|1779885295
|move|p1a: Scizor|Bullet Punch|p2a: Gliscor
|-damage|p2a: Gliscor|12/100 tox
|move|p2a: Gliscor|Earthquake|p1a: Scizor
|-damage|p1a: Scizor|0 fnt
|faint|p1a: Scizor
|
|-heal|p2a: Gliscor|24/100 tox|[from] ability: Poison Heal
|-sideend|p2: FlexTheDork|move: Light Screen
|upkeep
|
|t:|1779885310
|switch|p1a: Glimmora|Glimmora, F|100/100
|turn|10
|
|t:|1779885315
|move|p2a: Gliscor|Earthquake|p1a: Glimmora
|-supereffective|p1a: Glimmora
|-damage|p1a: Glimmora|0 fnt
|-activate|p1a: Glimmora|ability: Toxic Debris
|-sidestart|p2: FlexTheDork|move: Toxic Spikes
|faint|p1a: Glimmora
|
|-heal|p2a: Gliscor|36/100 tox|[from] ability: Poison Heal
|upkeep
|
|t:|1779885325
|switch|p1a: Samurott|Samurott-Hisui, M|100/100
|turn|11
|
|t:|1779885341
|-terastallize|p2a: Gliscor|Normal
|move|p1a: Samurott|Aqua Jet|p2a: Gliscor
|-damage|p2a: Gliscor|20/100 tox
|move|p2a: Gliscor|Facade|p1a: Samurott
|-damage|p1a: Samurott|0 fnt
|faint|p1a: Samurott
|
|-heal|p2a: Gliscor|32/100 tox|[from] ability: Poison Heal
|upkeep
|inactive|tssfanatic has 120 seconds left.
|
|t:|1779885363
|switch|p1a: Salazzle|Salazzle, F|100/100
|turn|12
|
|t:|1779885372
|move|p2a: Gliscor|Earthquake|p1a: Salazzle
|-supereffective|p1a: Salazzle
|-damage|p1a: Salazzle|0 fnt
|faint|p1a: Salazzle
|
|-heal|p2a: Gliscor|44/100 tox|[from] ability: Poison Heal
|upkeep
|-message|tssfanatic forfeited.
|
|win|FlexTheDork
|raw|tssfanatic's rating: 1117 &rarr; <strong>1100</strong><br />(-17 for losing)
|raw|FlexTheDork's rating: 1232 &rarr; <strong>1249</strong><br />(+17 for winning)
|l|☆tssfanatic
|player|p1|
