|j|☆fregene97
|j|☆KnuckleTesting
|t:|1779910487
|gametype|singles
|player|p1|fregene97|169|1441
|player|p2|KnuckleTesting|170|1479
|gen|9
|tier|[Gen 9] OU
|rated|
|rule|HP Percentage Mod: HP is shown in percentages
|rule|Endless Battle Clause: Forcing endless battles is banned
|rule|Species Clause: Limit one of each Pokémon
|rule|OHKO Clause: OHKO moves are banned
|rule|Evasion Items Clause: Evasion items are banned
|rule|Evasion Moves Clause: Evasion moves are banned
|rule|Evasion Abilities Clause: Evasion abilities are banned
|rule|Sleep Moves Clause: Sleep-inducing moves are banned
|clearpoke
|poke|p1|Serperior, M|
|poke|p1|Conkeldurr, M|
|poke|p1|Gholdengo|
|poke|p1|Dragonite, F|
|poke|p1|Iron Moth|
|poke|p1|Greninja-*, M|
|poke|p2|Kingambit, M|
|poke|p2|Kommo-o, M|
|poke|p2|Iron Valiant|
|poke|p2|Kyurem|
|poke|p2|Iron Treads|
|poke|p2|Iron Crown|
|teampreview
|inactive|Battle timer is ON: inactive players will automatically lose when time's up. (requested by KnuckleTesting)
|
|t:|1779910502
|teamsize|p1|6
|teamsize|p2|6
|start
|switch|p1a: Serperior|Serperior, M|100/100
|switch|p2a: Kyurem|Kyurem|100/100
|-ability|p2a: Kyurem|Pressure
|turn|1
|
|t:|1779910513
|-terastallize|p1a: Serperior|Fire
|move|p1a: Serperior|Glare|p2a: Kyurem
|-status|p2a: Kyurem|par
|move|p2a: Kyurem|Icicle Spear|p1a: Serperior
|-resisted|p1a: Serperior
|-damage|p1a: Serperior|93/100
|-resisted|p1a: Serperior
|-damage|p1a: Serperior|85/100
|-resisted|p1a: Serperior
|-damage|p1a: Serperior|76/100
|-resisted|p1a: Serperior
|-damage|p1a: Serperior|69/100
|-resisted|p1a: Serperior
|-damage|p1a: Serperior|61/100
|-hitcount|p1a: Serperior|5
|
|-heal|p1a: Serperior|68/100|[from] item: Leftovers
|upkeep
|turn|2
|
|t:|1779910518
|move|p1a: Serperior|Leaf Storm|p2a: Kyurem|[miss]
|-miss|p1a: Serperior|p2a: Kyurem
|move|p2a: Kyurem|Earth Power|p1a: Serperior
|-supereffective|p1a: Serperior
|-damage|p1a: Serperior|4/100
|
|-heal|p1a: Serperior|10/100|[from] item: Leftovers
|upkeep
|turn|3
|
|t:|1779910526
|move|p1a: Serperior|Leaf Storm|p2a: Kyurem
|-resisted|p2a: Kyurem
|-damage|p2a: Kyurem|74/100 par
|-boost|p1a: Serperior|spa|2
|move|p2a: Kyurem|Icicle Spear|p1a: Serperior
|-resisted|p1a: Serperior
|-damage|p1a: Serperior|3/100
|-resisted|p1a: Serperior
|-damage|p1a: Serperior|0 fnt
|faint|p1a: Serperior
|-hitcount|p1: Serperior|2
|
|upkeep
|
|t:|1779910530
|switch|p1a: Conkeldurr|Conkeldurr, M|100/100
|turn|4
|
|t:|1779910539
|move|p2a: Kyurem|Earth Power|p1a: Conkeldurr
|-damage|p1a: Conkeldurr|76/100
|move|p1a: Conkeldurr|Bulk Up|p1a: Conkeldurr
|-boost|p1a: Conkeldurr|atk|1
|-boost|p1a: Conkeldurr|def|1
|
|-heal|p1a: Conkeldurr|82/100|[from] item: Leftovers
|upkeep
|turn|5
|
|t:|1779910544
|switch|p2a: Iron Valiant|Iron Valiant|100/100
|-enditem|p2a: Iron Valiant|Booster Energy
|-activate|p2a: Iron Valiant|ability: Quark Drive|[fromitem]
|-start|p2a: Iron Valiant|quarkdrivespe
|move|p1a: Conkeldurr|Bulk Up|p1a: Conkeldurr
|-boost|p1a: Conkeldurr|atk|1
|-boost|p1a: Conkeldurr|def|1
|
|-heal|p1a: Conkeldurr|88/100|[from] item: Leftovers
|upkeep
|turn|6
|
|t:|1779910548
|move|p2a: Iron Valiant|Moonblast|p1a: Conkeldurr
|-supereffective|p1a: Conkeldurr
|-damage|p1a: Conkeldurr|8/100
|move|p1a: Conkeldurr|Drain Punch|p2a: Iron Valiant
|-resisted|p2a: Iron Valiant
|-damage|p2a: Iron Valiant|48/100
|-heal|p1a: Conkeldurr|26/100|[from] drain|[of] p2a: Iron Valiant
|
|-heal|p1a: Conkeldurr|32/100|[from] item: Leftovers
|upkeep
|turn|7
|
|t:|1779910557
|move|p1a: Conkeldurr|Mach Punch|p2a: Iron Valiant
|-resisted|p2a: Iron Valiant
|-damage|p2a: Iron Valiant|24/100
|move|p2a: Iron Valiant|Moonblast|p1a: Conkeldurr
|-supereffective|p1a: Conkeldurr
|-damage|p1a: Conkeldurr|0 fnt
|faint|p1a: Conkeldurr
|
|upkeep
|
|t:|1779910561
|switch|p1a: Iron Moth|Iron Moth|100/100
|-enditem|p1a: Iron Moth|Booster Energy
|-activate|p1a: Iron Moth|ability: Quark Drive|[fromitem]
|-start|p1a: Iron Moth|quarkdrivespe
|turn|8
|
|t:|1779910565
|move|p2a: Iron Valiant|Shadow Ball|p1a: Iron Moth
|-damage|p1a: Iron Moth|71/100
|move|p1a: Iron Moth|Fiery Dance|p2a: Iron Valiant
|-damage|p2a: Iron Valiant|0 fnt
|-boost|p1a: Iron Moth|spa|1
|faint|p2a: Iron Valiant
|-end|p2a: Iron Valiant|Quark Drive|[silent]
|
|upkeep
|
|t:|1779910571
|switch|p2a: Kingambit|Kingambit, M|100/100
|-activate|p2a: Kingambit|ability: Supreme Overlord
|-start|p2a: Kingambit|fallen1|[silent]
|turn|9
|
|t:|1779910573
|move|p2a: Kingambit|Sucker Punch||[still]
|-fail|p2a: Kingambit
|move|p1a: Iron Moth|Substitute|p1a: Iron Moth
|-start|p1a: Iron Moth|Substitute
|-damage|p1a: Iron Moth|46/100
|
|upkeep
|turn|10
|
|t:|1779910576
|move|p2a: Kingambit|Sucker Punch|p1a: Iron Moth
|-end|p1a: Iron Moth|Substitute
|move|p1a: Iron Moth|Fiery Dance|p2a: Kingambit
|-supereffective|p2a: Kingambit
|-damage|p2a: Kingambit|0 fnt
|-boost|p1a: Iron Moth|spa|1
|faint|p2a: Kingambit
|-end|p2a: Kingambit|fallen1|[silent]
|
|upkeep
|
|t:|1779910578
|switch|p2a: Kommo-o|Kommo-o, M|100/100
|turn|11
|
|t:|1779910583
|move|p1a: Iron Moth|Dazzling Gleam|p2a: Kommo-o
|-supereffective|p2a: Kommo-o
|-damage|p2a: Kommo-o|0 fnt
|faint|p2a: Kommo-o
|
|upkeep
|
|t:|1779910585
|switch|p2a: Kyurem|Kyurem|74/100 par
|-ability|p2a: Kyurem|Pressure
|turn|12
|-message|KnuckleTesting forfeited.
|
|win|fregene97
|raw|fregene97's rating: 1441 &rarr; <strong>1463</strong><br />(+22 for winning)
|raw|KnuckleTesting's rating: 1479 &rarr; <strong>1457</strong><br />(-22 for losing)
|l|☆KnuckleTesting
|player|p2|
|l|☆fregene97
|player|p1|
