|j|☆ThauanX
|j|☆DropAFreezeDry
|t:|1779923775
|gametype|singles
|player|p1|ThauanX|bede|1553
|player|p2|DropAFreezeDry|candice|1486
|gen|9
|tier|[Gen 9] OU
|rated|
|rule|HP Percentage Mod: HP is shown in percentages
|rule|Endless Battle Clause: Forcing endless battles is banned
|rule|Species Clause: Limit one of each Pokémon
|rule|OHKO Clause: OHKO moves are banned
|rule|Evasion Items Clause: Evasion items are banned
|rule|Evasion Moves Clause: Evasion moves are banned
|rule|Evasion Abilities Clause: Evasion abilities are banned
|rule|Sleep Moves Clause: Sleep-inducing moves are banned
|clearpoke
|poke|p1|Iron Treads|
|poke|p1|Iron Valiant|
|poke|p1|Raging Bolt|
|poke|p1|Deoxys-Speed|
|poke|p1|Dragonite, F|
|poke|p1|Ogerpon-Wellspring, F|
|poke|p2|Glaceon, F|
|poke|p2|Ninetales-Alola, F|
|poke|p2|Basculegion-F, F|
|poke|p2|Ogerpon-Wellspring, F|
|poke|p2|Iron Treads|
|poke|p2|Weavile, F|
|teampreview
|inactive|Battle timer is ON: inactive players will automatically lose when time's up. (requested by DropAFreezeDry)
|
|t:|1779923796
|teamsize|p1|6
|teamsize|p2|6
|start
|switch|p1a: Kafka|Deoxys-Speed, shiny|100/100
|switch|p2a: Basculegion|Basculegion-F, F|100/100
|-ability|p1a: Kafka|Pressure
|turn|1
|
|t:|1779923805
|move|p1a: Kafka|Psycho Boost|p2a: Basculegion
|-damage|p2a: Basculegion|27/100
|-unboost|p1a: Kafka|spa|2
|move|p2a: Basculegion|Shadow Ball|p1a: Kafka
|-supereffective|p1a: Kafka
|-damage|p1a: Kafka|0 fnt
|faint|p1a: Kafka
|
|upkeep
|
|t:|1779923825
|switch|p1a: Blade|Dragonite, F|100/100
|turn|2
|
|t:|1779923828
|move|p2a: Basculegion|Shadow Ball|p1a: Blade
|-damage|p1a: Blade|77/100
|move|p1a: Blade|Dragon Dance|p1a: Blade
|-boost|p1a: Blade|atk|1
|-boost|p1a: Blade|spe|1
|
|upkeep
|turn|3
|
|t:|1779923835
|switch|p2a: Ninetales|Ninetales-Alola, F|100/100
|-weather|Snowscape|[from] ability: Snow Warning|[of] p2a: Ninetales
|move|p1a: Blade|Scale Shot|p2a: Ninetales
|-immune|p2a: Ninetales
|
|-weather|Snowscape|[upkeep]
|upkeep
|turn|4
|
|t:|1779923840
|-terastallize|p1a: Blade|Fire
|move|p1a: Blade|Fire Punch|p2a: Ninetales
|-supereffective|p2a: Ninetales
|-damage|p2a: Ninetales|0 fnt
|faint|p2a: Ninetales
|
|-weather|Snowscape|[upkeep]
|upkeep
|
|t:|1779923847
|switch|p2a: Basculegion|Basculegion-F, F|27/100
|turn|5
|
|t:|1779923852
|move|p2a: Basculegion|Surf|p1a: Blade
|-supereffective|p1a: Blade
|-damage|p1a: Blade|0 fnt
|faint|p1a: Blade
|
|-weather|Snowscape|[upkeep]
|upkeep
|
|t:|1779923861
|switch|p1a: Firefly|Ogerpon-Wellspring, F|100/100
|turn|6
|
|t:|1779923869
|switch|p2a: Glaceon|Glaceon, F|100/100
|move|p1a: Firefly|Power Whip|p2a: Glaceon
|-damage|p2a: Glaceon|53/100
|
|-weather|Snowscape|[upkeep]
|-heal|p2a: Glaceon|59/100|[from] ability: Ice Body
|upkeep
|turn|7
|
|t:|1779923877
|move|p1a: Firefly|U-turn|p2a: Glaceon
|-damage|p2a: Glaceon|41/100
|
|t:|1779923881
|switch|p1a: Elio|Iron Treads, shiny|100/100|[from] U-turn
|-enditem|p1a: Elio|Booster Energy
|-activate|p1a: Elio|ability: Quark Drive|[fromitem]
|-start|p1a: Elio|quarkdrivespe
|move|p2a: Glaceon|Freeze-Dry|p1a: Elio
|-damage|p1a: Elio|18/100
|
|-weather|none
|upkeep
|turn|8
|
|t:|1779923887
|move|p1a: Elio|Stealth Rock|p2a: Glaceon
|-sidestart|p2: DropAFreezeDry|move: Stealth Rock
|move|p2a: Glaceon|Freeze-Dry|p1a: Elio
|-damage|p1a: Elio|0 fnt
|faint|p1a: Elio
|-end|p1a: Elio|Quark Drive|[silent]
|
|upkeep
|
|t:|1779923895
|switch|p1a: SilverWolf|Iron Valiant, shiny|100/100
|-enditem|p1a: SilverWolf|Booster Energy
|-activate|p1a: SilverWolf|ability: Quark Drive|[fromitem]
|-start|p1a: SilverWolf|quarkdrivespe
|turn|9
|
|t:|1779923910
|move|p1a: SilverWolf|Calm Mind|p1a: SilverWolf
|-boost|p1a: SilverWolf|spa|1
|-boost|p1a: SilverWolf|spd|1
|move|p2a: Glaceon|Freeze-Dry|p1a: SilverWolf
|-damage|p1a: SilverWolf|22/100
|
|upkeep
|turn|10
|
|t:|1779923915
|move|p1a: SilverWolf|Moonblast|p2a: Glaceon
|-damage|p2a: Glaceon|0 fnt
|faint|p2a: Glaceon
|
|upkeep
|
|t:|1779923927
|switch|p2a: Weavile|Weavile, F|100/100
|-ability|p2a: Weavile|Pressure
|turn|11
|
|t:|1779923935
|-terastallize|p2a: Weavile|Ice
|move|p2a: Weavile|Ice Shard|p1a: SilverWolf
|-damage|p1a: SilverWolf|0 fnt
|faint|p1a: SilverWolf
|-end|p1a: SilverWolf|Quark Drive|[silent]
|
|upkeep
|
|t:|1779923955
|switch|p1a: Firefly|Ogerpon-Wellspring, F|100/100
|turn|12
|
|t:|1779923960
|move|p2a: Weavile|Triple Axel|p1a: Firefly
|-damage|p1a: Firefly|85/100
|-damage|p1a: Firefly|51/100
|-damage|p1a: Firefly|2/100
|-hitcount|p1a: Firefly|3
|move|p1a: Firefly|Power Whip|p2a: Weavile
|-damage|p2a: Weavile|0 fnt
|faint|p2a: Weavile
|
|upkeep
|
|t:|1779923968
|switch|p2a: Basculegion|Basculegion-F, F|27/100
|-damage|p2a: Basculegion|15/100|[from] Stealth Rock
|turn|13
|
|t:|1779923974
|switch|p1a: Trailblazer|Raging Bolt|100/100
|-enditem|p1a: Trailblazer|Booster Energy
|-activate|p1a: Trailblazer|ability: Protosynthesis|[fromitem]
|-start|p1a: Trailblazer|protosynthesisspa
|move|p2a: Basculegion|Shadow Ball|p1a: Trailblazer
|-damage|p1a: Trailblazer|62/100
|
|upkeep
|turn|14
|
|t:|1779923982
|move|p2a: Basculegion|Shadow Ball|p1a: Trailblazer
|-damage|p1a: Trailblazer|21/100
|move|p1a: Trailblazer|Dragon Pulse|p2a: Basculegion
|-damage|p2a: Basculegion|0 fnt
|faint|p2a: Basculegion
|
|upkeep
|
|t:|1779923986
|switch|p2a: Iron Treads|Iron Treads|100/100
|-damage|p2a: Iron Treads|97/100|[from] Stealth Rock
|-enditem|p2a: Iron Treads|Booster Energy
|-activate|p2a: Iron Treads|ability: Quark Drive|[fromitem]
|-start|p2a: Iron Treads|quarkdriveatk
|turn|15
|
|t:|1779923995
|move|p2a: Iron Treads|Rapid Spin|p1a: Trailblazer
|-damage|p1a: Trailblazer|1/100
|-boost|p2a: Iron Treads|spe|1
|-sideend|p2: DropAFreezeDry|Stealth Rock|[from] move: Rapid Spin|[of] p2a: Iron Treads
|move|p1a: Trailblazer|Dragon Pulse|p2a: Iron Treads
|-resisted|p2a: Iron Treads
|-damage|p2a: Iron Treads|54/100
|
|upkeep
|turn|16
|
|t:|1779924001
|move|p2a: Iron Treads|Rapid Spin|p1a: Trailblazer
|-damage|p1a: Trailblazer|0 fnt
|-boost|p2a: Iron Treads|spe|1
|faint|p1a: Trailblazer
|-end|p1a: Trailblazer|Protosynthesis|[silent]
|
|upkeep
|-message|ThauanX forfeited.
|
|win|DropAFreezeDry
|raw|ThauanX's rating: 1553 &rarr; <strong>1529</strong><br />(-24 for losing)
|raw|DropAFreezeDry's rating: 1486 &rarr; <strong>1510</strong><br />(+24 for winning)
|l|☆ThauanX
|player|p1|
