|j|☆Nickthenickthenick
|j|☆Ballerr
|t:|1779969770
|gametype|singles
|player|p1|Nickthenickthenick|2|1434
|player|p2|Ballerr|miku-ground|1485
|gen|9
|tier|[Gen 9] OU
|rated|
|rule|HP Percentage Mod: HP is shown in percentages
|rule|Endless Battle Clause: Forcing endless battles is banned
|rule|Species Clause: Limit one of each Pokémon
|rule|OHKO Clause: OHKO moves are banned
|rule|Evasion Items Clause: Evasion items are banned
|rule|Evasion Moves Clause: Evasion moves are banned
|rule|Evasion Abilities Clause: Evasion abilities are banned
|rule|Sleep Moves Clause: Sleep-inducing moves are banned
|clearpoke
|poke|p1|Raikou|
|poke|p1|Entei|
|poke|p1|Suicune|
|poke|p1|Tyranitar, M|
|poke|p1|Porygon2|
|poke|p1|Hatterene, F|
|poke|p2|Dragonite, F|
|poke|p2|Kingambit, M|
|poke|p2|Ting-Lu|
|poke|p2|Ceruledge, F|
|poke|p2|Iron Valiant|
|poke|p2|Primarina, F|
|teampreview
|inactive|Battle timer is ON: inactive players will automatically lose when time's up. (requested by Nickthenickthenick)
|
|t:|1779969792
|teamsize|p1|6
|teamsize|p2|6
|start
|switch|p1a: Raikou|Raikou|100/100
|switch|p2a: Ting|Ting-Lu|100/100
|-ability|p1a: Raikou|Pressure
|-ability|p2a: Ting|Vessel of Ruin
|turn|1
|
|t:|1779969799
|switch|p1a: Hatterene|Hatterene, F|100/100
|move|p2a: Ting|Stealth Rock|p1a: Hatterene
|move|p1a: Hatterene|Stealth Rock|p2a: Ting|[from] ability: Magic Bounce
|-sidestart|p2: Ballerr|move: Stealth Rock
|
|upkeep
|turn|2
|
|t:|1779969803
|move|p2a: Ting|Ruination|p1a: Hatterene
|-damage|p1a: Hatterene|51/100
|move|p1a: Hatterene|Draining Kiss|p2a: Ting
|-supereffective|p2a: Ting
|-damage|p2a: Ting|72/100
|-heal|p1a: Hatterene|85/100|[from] drain|[of] p2a: Ting
|-enditem|p2a: Ting|Red Card|[of] p1a: Hatterene
|drag|p1a: Suicune|Suicune|100/100
|-ability|p1a: Suicune|Pressure
|
|upkeep
|turn|3
|
|t:|1779969811
|switch|p1a: Hatterene|Hatterene, F|85/100
|move|p2a: Ting|Ruination|p1a: Hatterene
|-damage|p1a: Hatterene|43/100
|
|upkeep
|turn|4
|
|t:|1779969817
|switch|p2a: Ceruledge|Ceruledge, F|100/100
|-damage|p2a: Ceruledge|76/100|[from] Stealth Rock
|move|p1a: Hatterene|Pain Split|p2a: Ceruledge
|-sethp|p2a: Ceruledge|61/100|[from] move: Pain Split|[silent]
|-sethp|p1a: Hatterene|56/100|[from] move: Pain Split
|
|upkeep
|turn|5
|
|t:|1779969833
|switch|p1a: Raikou|Raikou|100/100
|-ability|p1a: Raikou|Pressure
|move|p2a: Ceruledge|Swords Dance|p2a: Ceruledge
|-boost|p2a: Ceruledge|atk|2
|
|upkeep
|turn|6
|
|t:|1779969856
|move|p2a: Ceruledge|Shadow Sneak|p1a: Raikou
|-damage|p1a: Raikou|34/100
|-damage|p2a: Ceruledge|51/100|[from] item: Life Orb
|move|p1a: Raikou|Scald|p2a: Ceruledge
|-supereffective|p2a: Ceruledge
|-damage|p2a: Ceruledge|0 fnt
|faint|p2a: Ceruledge
|
|-heal|p1a: Raikou|40/100|[from] item: Leftovers
|upkeep
|inactive|Ballerr has 120 seconds left.
|
|t:|1779969872
|switch|p2a: Iron Valiant|Iron Valiant|100/100
|-damage|p2a: Iron Valiant|94/100|[from] Stealth Rock
|-enditem|p2a: Iron Valiant|Booster Energy
|-activate|p2a: Iron Valiant|ability: Quark Drive|[fromitem]
|-start|p2a: Iron Valiant|quarkdrivespe
|turn|7
|
|t:|1779969879
|switch|p1a: Tyranitar|Tyranitar, M|100/100
|-weather|Sandstorm|[from] ability: Sand Stream|[of] p1a: Tyranitar
|move|p2a: Iron Valiant|Moonblast|p1a: Tyranitar
|-supereffective|p1a: Tyranitar
|-damage|p1a: Tyranitar|60/100
|
|-weather|Sandstorm|[upkeep]
|-damage|p2a: Iron Valiant|88/100|[from] Sandstorm
|-heal|p1a: Tyranitar|67/100|[from] item: Leftovers
|upkeep
|turn|8
|
|t:|1779969887
|move|p2a: Iron Valiant|Moonblast|p1a: Tyranitar
|-supereffective|p1a: Tyranitar
|-damage|p1a: Tyranitar|26/100
|move|p1a: Tyranitar|Stone Edge|p2a: Iron Valiant|[miss]
|-miss|p1a: Tyranitar|p2a: Iron Valiant
|
|-weather|Sandstorm|[upkeep]
|-damage|p2a: Iron Valiant|82/100|[from] Sandstorm
|-heal|p1a: Tyranitar|33/100|[from] item: Leftovers
|upkeep
|turn|9
|
|t:|1779969905
|move|p2a: Iron Valiant|Moonblast|p1a: Tyranitar
|-supereffective|p1a: Tyranitar
|-damage|p1a: Tyranitar|0 fnt
|faint|p1a: Tyranitar
|
|-weather|Sandstorm|[upkeep]
|-damage|p2a: Iron Valiant|76/100|[from] Sandstorm
|upkeep
|
|t:|1779969907
|switch|p1a: Suicune|Suicune|100/100
|-ability|p1a: Suicune|Pressure
|turn|10
|
|t:|1779969911
|move|p2a: Iron Valiant|Taunt|p1a: Suicune
|-start|p1a: Suicune|move: Taunt
|cant|p1a: Suicune|move: Taunt|Calm Mind
|
|-weather|Sandstorm|[upkeep]
|-damage|p2a: Iron Valiant|69/100|[from] Sandstorm
|-damage|p1a: Suicune|94/100|[from] Sandstorm
|-heal|p1a: Suicune|100/100|[from] item: Leftovers
|upkeep
|turn|11
|
|t:|1779969915
|move|p2a: Iron Valiant|Calm Mind|p2a: Iron Valiant
|-boost|p2a: Iron Valiant|spa|1
|-boost|p2a: Iron Valiant|spd|1
|move|p1a: Suicune|Scald|p2a: Iron Valiant
|-damage|p2a: Iron Valiant|40/100
|
|-weather|none
|upkeep
|turn|12
|
|t:|1779969921
|move|p2a: Iron Valiant|Moonblast|p1a: Suicune
|-damage|p1a: Suicune|59/100
|move|p1a: Suicune|Scald|p2a: Iron Valiant
|-damage|p2a: Iron Valiant|10/100
|
|-heal|p1a: Suicune|66/100|[from] item: Leftovers
|-end|p1a: Suicune|move: Taunt
|upkeep
|turn|13
|
|t:|1779969928
|move|p2a: Iron Valiant|Moonblast|p1a: Suicune
|-damage|p1a: Suicune|25/100
|move|p1a: Suicune|Scald|p2a: Iron Valiant
|-damage|p2a: Iron Valiant|0 fnt
|faint|p2a: Iron Valiant
|-end|p2a: Iron Valiant|Quark Drive|[silent]
|
|-heal|p1a: Suicune|31/100|[from] item: Leftovers
|upkeep
|
|t:|1779969947
|switch|p2a: C.C|Primarina, F|100/100
|-damage|p2a: C.C|88/100|[from] Stealth Rock
|turn|14
|
|t:|1779969966
|move|p1a: Suicune|Calm Mind|p1a: Suicune
|-boost|p1a: Suicune|spa|1
|-boost|p1a: Suicune|spd|1
|move|p2a: C.C|Moonblast|p1a: Suicune
|-damage|p1a: Suicune|12/100
|
|-heal|p1a: Suicune|18/100|[from] item: Leftovers
|upkeep
|turn|15
|-message|Ballerr forfeited.
|
|win|Nickthenickthenick
|raw|Nickthenickthenick's rating: 1418 &rarr; <strong>1442</strong><br />(+24 for winning)
|raw|Ballerr's rating: 1485 &rarr; <strong>1461</strong><br />(-24 for losing)
|l|☆Ballerr
|player|p2|
|l|☆Nickthenickthenick
|player|p1|
