|j|☆claudechamp
|j|☆MrsDelacerna
|t:|1779874260
|gametype|singles
|player|p1|claudechamp|169|1250
|player|p2|MrsDelacerna|lucas|1243
|gen|9
|tier|[Gen 9] OU
|rated|
|rule|HP Percentage Mod: HP is shown in percentages
|rule|Endless Battle Clause: Forcing endless battles is banned
|rule|Species Clause: Limit one of each Pokémon
|rule|OHKO Clause: OHKO moves are banned
|rule|Evasion Items Clause: Evasion items are banned
|rule|Evasion Moves Clause: Evasion moves are banned
|rule|Evasion Abilities Clause: Evasion abilities are banned
|rule|Sleep Moves Clause: Sleep-inducing moves are banned
|clearpoke
|poke|p1|Gliscor, M|
|poke|p1|Gholdengo|
|poke|p1|Zamazenta-*|
|poke|p1|Blissey, F|
|poke|p1|Skarmory, F|
|poke|p1|Pecharunt|
|poke|p2|Kommo-o, M|
|poke|p2|Grimmsnarl, M|
|poke|p2|Gholdengo|
|poke|p2|Scizor, F|
|poke|p2|Dragapult, M|
|poke|p2|Kingambit, M|
|teampreview
|c|☆claudechamp|hf
|inactive|Battle timer is ON: inactive players will automatically lose when time's up. (requested by MrsDelacerna)
|inactive|claudechamp also wants the timer to be on.
|inactive|MrsDelacerna has 120 seconds left.
|
|t:|1779874293
|teamsize|p1|6
|teamsize|p2|6
|start
|switch|p1a: Skarmory|Skarmory, F|100/100
|switch|p2a: Grimmsnarl|Grimmsnarl, M|100/100
|turn|1
|
|t:|1779874299
|move|p2a: Grimmsnarl|Taunt|p1a: Skarmory
|-start|p1a: Skarmory|move: Taunt
|cant|p1a: Skarmory|move: Taunt|Spikes
|
|upkeep
|turn|2
|
|t:|1779874306
|switch|p1a: Gliscor|Gliscor, M|100/100
|move|p2a: Grimmsnarl|Reflect|p2a: Grimmsnarl
|-sidestart|p2: MrsDelacerna|Reflect
|
|-status|p1a: Gliscor|tox|[from] item: Toxic Orb
|upkeep
|turn|3
|
|t:|1779874313
|switch|p1a: Blissey|Blissey, F|100/100
|move|p2a: Grimmsnarl|Taunt|p1a: Blissey
|-start|p1a: Blissey|move: Taunt
|
|upkeep
|turn|4
|
|t:|1779874319
|move|p2a: Grimmsnarl|Light Screen|p2a: Grimmsnarl
|-sidestart|p2: MrsDelacerna|move: Light Screen
|move|p1a: Blissey|Shadow Ball|p2a: Grimmsnarl
|-resisted|p2a: Grimmsnarl
|-damage|p2a: Grimmsnarl|97/100
|
|upkeep
|turn|5
|
|t:|1779874327
|move|p2a: Grimmsnarl|Parting Shot|p1a: Blissey
|-unboost|p1a: Blissey|atk|1
|-unboost|p1a: Blissey|spa|1
|
|t:|1779874330
|switch|p2a: Scizor|Scizor, F|100/100|[from] Parting Shot
|move|p1a: Blissey|Shadow Ball|p2a: Scizor
|-damage|p2a: Scizor|93/100
|
|-end|p1a: Blissey|move: Taunt
|upkeep
|turn|6
|
|t:|1779874341
|move|p2a: Scizor|U-turn|p1a: Blissey
|-damage|p1a: Blissey|47/100
|-damage|p2a: Scizor|83/100|[from] item: Life Orb
|
|t:|1779874352
|switch|p2a: Kingambit|Kingambit, M|100/100|[from] U-turn
|move|p1a: Blissey|Stealth Rock|p2a: Kingambit
|-sidestart|p2: MrsDelacerna|move: Stealth Rock
|
|upkeep
|turn|7
|
|t:|1779874364
|move|p1a: Blissey|Soft-Boiled|p1a: Blissey
|-heal|p1a: Blissey|97/100
|move|p2a: Kingambit|Kowtow Cleave|p1a: Blissey
|-damage|p1a: Blissey|46/100
|
|upkeep
|turn|8
|
|t:|1779874372
|switch|p1a: Zamazenta|Zamazenta|100/100
|-ability|p1a: Zamazenta|Dauntless Shield|boost
|-boost|p1a: Zamazenta|def|1
|move|p2a: Kingambit|Low Kick|p1a: Zamazenta
|-damage|p1a: Zamazenta|69/100
|
|upkeep
|turn|9
|
|t:|1779874401
|-end|p2a: Kingambit|fallenundefined|[silent]
|switch|p2a: Dragapult|Dragapult, M|100/100
|-damage|p2a: Dragapult|88/100|[from] Stealth Rock
|move|p1a: Zamazenta|Close Combat|p2a: Dragapult
|-immune|p2a: Dragapult
|
|-sideend|p2: MrsDelacerna|Reflect
|upkeep
|turn|10
|
|t:|1779874410
|move|p2a: Dragapult|Shadow Ball|p1a: Zamazenta
|-damage|p1a: Zamazenta|32/100
|move|p1a: Zamazenta|Crunch|p2a: Dragapult
|-supereffective|p2a: Dragapult
|-damage|p2a: Dragapult|15/100
|
|upkeep
|turn|11
|
|t:|1779874418
|switch|p1a: Gliscor|Gliscor, M|100/100 tox
|move|p2a: Dragapult|Shadow Ball|p1a: Gliscor
|-damage|p1a: Gliscor|59/100 tox
|
|-heal|p1a: Gliscor|72/100 tox|[from] ability: Poison Heal
|-sideend|p2: MrsDelacerna|move: Light Screen
|upkeep
|turn|12
|
|t:|1779874432
|move|p1a: Gliscor|Protect|p1a: Gliscor
|-singleturn|p1a: Gliscor|Protect
|move|p2a: Dragapult|U-turn|p1a: Gliscor
|-activate|p1a: Gliscor|move: Protect
|
|-heal|p1a: Gliscor|84/100 tox|[from] ability: Poison Heal
|upkeep
|turn|13
|
|t:|1779874443
|move|p2a: Dragapult|U-turn|p1a: Gliscor
|-resisted|p1a: Gliscor
|-damage|p1a: Gliscor|77/100 tox
|
|t:|1779874448
|switch|p2a: Grimmsnarl|Grimmsnarl, M|97/100|[from] U-turn
|-damage|p2a: Grimmsnarl|85/100|[from] Stealth Rock
|move|p1a: Gliscor|Swords Dance|p1a: Gliscor
|-boost|p1a: Gliscor|atk|2
|
|-heal|p1a: Gliscor|90/100 tox|[from] ability: Poison Heal
|upkeep
|turn|14
|
|t:|1779874459
|move|p2a: Grimmsnarl|Taunt|p1a: Gliscor
|-start|p1a: Gliscor|move: Taunt
|move|p1a: Gliscor|Earthquake|p2a: Grimmsnarl
|-damage|p2a: Grimmsnarl|24/100
|
|-heal|p1a: Gliscor|100/100 tox|[from] ability: Poison Heal
|upkeep
|turn|15
|
|t:|1779874468
|move|p2a: Grimmsnarl|Reflect|p2a: Grimmsnarl
|-sidestart|p2: MrsDelacerna|Reflect
|move|p1a: Gliscor|Earthquake|p2a: Grimmsnarl
|-damage|p2a: Grimmsnarl|0 fnt
|faint|p2a: Grimmsnarl
|
|upkeep
|
|t:|1779874476
|switch|p2a: Gholdengo|Gholdengo|100/100
|-damage|p2a: Gholdengo|94/100|[from] Stealth Rock
|-item|p2a: Gholdengo|Air Balloon
|turn|16
|
|t:|1779874486
|move|p2a: Gholdengo|Nasty Plot|p2a: Gholdengo
|-boost|p2a: Gholdengo|spa|2
|move|p1a: Gliscor|Knock Off|p2a: Gholdengo
|-supereffective|p2a: Gholdengo
|-damage|p2a: Gholdengo|48/100
|-enditem|p2a: Gholdengo|Air Balloon
|
|-end|p1a: Gliscor|move: Taunt
|upkeep
|turn|17
|
|t:|1779874497
|-terastallize|p2a: Gholdengo|Flying
|move|p2a: Gholdengo|Make It Rain|p1a: Gliscor
|-damage|p1a: Gliscor|0 fnt
|-unboost|p2a: Gholdengo|spa|1
|faint|p1a: Gliscor
|
|upkeep
|
|t:|1779874507
|switch|p1a: Blissey|Blissey, F|46/100
|turn|18
|
|t:|1779874519
|move|p2a: Gholdengo|Nasty Plot|p2a: Gholdengo
|-boost|p2a: Gholdengo|spa|2
|move|p1a: Blissey|Shadow Ball|p2a: Gholdengo
|-damage|p2a: Gholdengo|32/100
|
|upkeep
|turn|19
|
|t:|1779874528
|switch|p1a: Zamazenta|Zamazenta|32/100
|move|p2a: Gholdengo|Make It Rain|p1a: Zamazenta
|-damage|p1a: Zamazenta|0 fnt
|-unboost|p2a: Gholdengo|spa|1
|faint|p1a: Zamazenta
|
|upkeep
|
|t:|1779874542
|switch|p1a: Blissey|Blissey, F|46/100
|turn|20
|
|t:|1779874554
|move|p2a: Gholdengo|Make It Rain|p1a: Blissey
|-damage|p1a: Blissey|6/100
|-unboost|p2a: Gholdengo|spa|1
|move|p1a: Blissey|Shadow Ball|p2a: Gholdengo
|-damage|p2a: Gholdengo|15/100
|
|upkeep
|turn|21
|
|t:|1779874568
|move|p2a: Gholdengo|Make It Rain|p1a: Blissey
|-damage|p1a: Blissey|0 fnt
|-unboost|p2a: Gholdengo|spa|1
|faint|p1a: Blissey
|
|upkeep
|
|t:|1779874586
|switch|p1a: Gholdengo|Gholdengo|100/100
|turn|22
|
|t:|1779874597
|switch|p2a: Kommo-o|Kommo-o, M|100/100
|-damage|p2a: Kommo-o|94/100|[from] Stealth Rock
|move|p1a: Gholdengo|Hex|p2a: Kommo-o
|-damage|p2a: Kommo-o|65/100
|
|-sideend|p2: MrsDelacerna|Reflect
|upkeep
|turn|23
|
|t:|1779874615
|move|p2a: Kommo-o|Flamethrower|p1a: Gholdengo
|-supereffective|p1a: Gholdengo
|-damage|p1a: Gholdengo|46/100
|move|p1a: Gholdengo|Nasty Plot|p1a: Gholdengo
|-boost|p1a: Gholdengo|spa|2
|
|upkeep
|turn|24
|
|t:|1779874630
|-terastallize|p1a: Gholdengo|Fairy
|move|p2a: Kommo-o|Flamethrower|p1a: Gholdengo
|-damage|p1a: Gholdengo|22/100
|move|p1a: Gholdengo|Recover|p1a: Gholdengo
|-heal|p1a: Gholdengo|72/100
|
|upkeep
|turn|25
|
|t:|1779874645
|move|p2a: Kommo-o|Flash Cannon|p1a: Gholdengo
|-supereffective|p1a: Gholdengo
|-damage|p1a: Gholdengo|30/100
|move|p1a: Gholdengo|Recover|p1a: Gholdengo
|-heal|p1a: Gholdengo|80/100
|
|upkeep
|turn|26
|inactive|claudechamp has 120 seconds left.
|
|t:|1779874660
|move|p2a: Kommo-o|Flash Cannon|p1a: Gholdengo
|-supereffective|p1a: Gholdengo
|-damage|p1a: Gholdengo|33/100
|move|p1a: Gholdengo|Thunder Wave|p2a: Kommo-o
|-status|p2a: Kommo-o|par
|
|upkeep
|turn|27
|inactive|claudechamp has 120 seconds left.
|
|t:|1779874672
|move|p1a: Gholdengo|Recover|p1a: Gholdengo
|-heal|p1a: Gholdengo|83/100
|move|p2a: Kommo-o|Flash Cannon|p1a: Gholdengo
|-supereffective|p1a: Gholdengo
|-damage|p1a: Gholdengo|34/100
|
|upkeep
|turn|28
|inactive|claudechamp has 120 seconds left.
|
|t:|1779874692
|switch|p2a: Scizor|Scizor, F|83/100
|-damage|p2a: Scizor|70/100|[from] Stealth Rock
|move|p1a: Gholdengo|Recover|p1a: Gholdengo
|-heal|p1a: Gholdengo|84/100
|
|upkeep
|turn|29
|inactive|claudechamp has 120 seconds left.
|
|t:|1779874707
|switch|p1a: Skarmory|Skarmory, F|100/100
|move|p2a: Scizor|Bullet Punch|p1a: Skarmory
|-resisted|p1a: Skarmory
|-damage|p1a: Skarmory|86/100
|-damage|p2a: Scizor|60/100|[from] item: Life Orb
|
|upkeep
|turn|30
|
|t:|1779874725
|switch|p2a: Kommo-o|Kommo-o, M|65/100 par
|-damage|p2a: Kommo-o|59/100 par|[from] Stealth Rock
|move|p1a: Skarmory|Spikes|p2a: Kommo-o
|-sidestart|p2: MrsDelacerna|Spikes
|
|upkeep
|turn|31
|
|t:|1779874741
|switch|p1a: Gholdengo|Gholdengo, tera:Fairy|84/100
|cant|p2a: Kommo-o|par
|
|upkeep
|turn|32
|
|t:|1779874758
|move|p1a: Gholdengo|Hex|p2a: Kommo-o
|-damage|p2a: Kommo-o|0 fnt
|faint|p2a: Kommo-o
|
|upkeep
|
|t:|1779874772
|switch|p2a: Scizor|Scizor, F|60/100
|-damage|p2a: Scizor|48/100|[from] Stealth Rock
|-damage|p2a: Scizor|35/100|[from] Spikes
|turn|33
|
|t:|1779874783
|switch|p1a: Skarmory|Skarmory, F|86/100
|move|p2a: Scizor|U-turn|p1a: Skarmory
|-resisted|p1a: Skarmory
|-damage|p1a: Skarmory|78/100
|-damage|p2a: Scizor|25/100|[from] item: Life Orb
|
|t:|1779874795
|switch|p2a: Gholdengo|Gholdengo, tera:Flying|15/100|[from] U-turn
|-damage|p2a: Gholdengo|0 fnt|[from] Stealth Rock
|faint|p2a: Gholdengo
|
|upkeep
|
|t:|1779874809
|switch|p2a: Kingambit|Kingambit, M|100/100
|-damage|p2a: Kingambit|94/100|[from] Stealth Rock
|-damage|p2a: Kingambit|82/100|[from] Spikes
|-activate|p2a: Kingambit|ability: Supreme Overlord
|-start|p2a: Kingambit|fallen3|[silent]
|turn|34
|
|t:|1779874821
|move|p1a: Skarmory|Body Press|p2a: Kingambit
|-supereffective|p2a: Kingambit
|-damage|p2a: Kingambit|0 fnt
|faint|p2a: Kingambit
|-end|p2a: Kingambit|fallen3|[silent]
|
|upkeep
|
|t:|1779874830
|switch|p2a: Dragapult|Dragapult, M|15/100
|-damage|p2a: Dragapult|3/100|[from] Stealth Rock
|-damage|p2a: Dragapult|0 fnt|[from] Spikes
|faint|p2a: Dragapult
|-message|MrsDelacerna forfeited.
|
|win|claudechamp
|raw|claudechamp's rating: 1271 &rarr; <strong>1294</strong><br />(+23 for winning)
|raw|MrsDelacerna's rating: 1243 &rarr; <strong>1220</strong><br />(-23 for losing)
|l|☆MrsDelacerna
|player|p2|
|c|☆claudechamp|gg
