|j|☆tokyolean
|j|☆henchmenhuggins
|t:|1779908841
|gametype|singles
|player|p1|tokyolean|102|1322
|player|p2|henchmenhuggins|rainbowrocketgruntf|1326
|gen|9
|tier|[Gen 9] OU
|rated|
|rule|HP Percentage Mod: HP is shown in percentages
|rule|Endless Battle Clause: Forcing endless battles is banned
|rule|Species Clause: Limit one of each Pokémon
|rule|OHKO Clause: OHKO moves are banned
|rule|Evasion Items Clause: Evasion items are banned
|rule|Evasion Moves Clause: Evasion moves are banned
|rule|Evasion Abilities Clause: Evasion abilities are banned
|rule|Sleep Moves Clause: Sleep-inducing moves are banned
|clearpoke
|poke|p1|Dragonite, F|
|poke|p1|Great Tusk|
|poke|p1|Torkoal, F|
|poke|p1|Glimmora, F|
|poke|p1|Clefable, M|
|poke|p1|Walking Wake|
|poke|p2|Jumpluff, M|
|poke|p2|Gholdengo|
|poke|p2|Toxapex, F|
|poke|p2|Entei|
|poke|p2|Dragonite, M|
|poke|p2|Slowking-Galar, F|
|teampreview
|inactive|Battle timer is ON: inactive players will automatically lose when time's up. (requested by tokyolean)
|
|t:|1779908859
|teamsize|p1|6
|teamsize|p2|6
|start
|switch|p1a: Dragonite|Dragonite, F|100/100
|switch|p2a: Entei|Entei|100/100
|turn|1
|l|☆tokyolean
|inactive|tokyolean disconnected and has a minute to reconnect!
|player|p1|
|j|☆tokyolean
|inactive|tokyolean reconnected and has 145 seconds left.
|player|p1|tokyolean|102|
|
|t:|1779908881
|switch|p2a: Toxapex|Toxapex, F|100/100
|move|p1a: Dragonite|Thunder Wave|p2a: Toxapex
|-status|p2a: Toxapex|par
|
|upkeep
|turn|2
|
|t:|1779908892
|move|p1a: Dragonite|Earthquake|p2a: Toxapex
|-supereffective|p2a: Toxapex
|-damage|p2a: Toxapex|59/100 par
|cant|p2a: Toxapex|par
|
|upkeep
|turn|3
|
|t:|1779908905
|switch|p2a: Jumpluff|Jumpluff, M, shiny|100/100
|move|p1a: Dragonite|Earthquake|p2a: Jumpluff
|-immune|p2a: Jumpluff
|
|upkeep
|turn|4
|
|t:|1779908913
|move|p2a: Jumpluff|Encore|p1a: Dragonite
|-start|p1a: Dragonite|Encore
|move|p1a: Dragonite|Earthquake|p2a: Jumpluff
|-immune|p2a: Jumpluff
|
|upkeep
|turn|5
|
|t:|1779908926
|switch|p1a: Torkoal|Torkoal, F|100/100
|-weather|SunnyDay|[from] ability: Drought|[of] p1a: Torkoal
|move|p2a: Jumpluff|U-turn|p1a: Torkoal
|-resisted|p1a: Torkoal
|-damage|p1a: Torkoal|97/100
|
|t:|1779908937
|switch|p2a: Entei|Entei|100/100|[from] U-turn
|
|-weather|SunnyDay|[upkeep]
|upkeep
|turn|6
|
|t:|1779908947
|switch|p1a: Walking Wake|Walking Wake|100/100
|-activate|p1a: Walking Wake|ability: Protosynthesis
|-start|p1a: Walking Wake|protosynthesisspa
|move|p2a: Entei|Calm Mind|p2a: Entei
|-boost|p2a: Entei|spa|1
|-boost|p2a: Entei|spd|1
|
|-weather|SunnyDay|[upkeep]
|upkeep
|turn|7
|
|t:|1779908967
|-terastallize|p2a: Entei|Flying
|move|p1a: Walking Wake|Hydro Steam|p2a: Entei
|-damage|p2a: Entei|41/100
|move|p2a: Entei|Calm Mind|p2a: Entei
|-boost|p2a: Entei|spa|1
|-boost|p2a: Entei|spd|1
|
|-weather|SunnyDay|[upkeep]
|upkeep
|turn|8
|
|t:|1779908984
|move|p1a: Walking Wake|Hydro Steam|p2a: Entei
|-damage|p2a: Entei|0 fnt
|faint|p2a: Entei
|
|-weather|SunnyDay|[upkeep]
|upkeep
|
|t:|1779908988
|switch|p2a: Slowking|Slowking-Galar, F|100/100
|turn|9
|
|t:|1779908994
|move|p1a: Walking Wake|Hydro Steam|p2a: Slowking
|-damage|p2a: Slowking|68/100
|move|p2a: Slowking|Sludge Bomb|p1a: Walking Wake
|-damage|p1a: Walking Wake|62/100
|
|-weather|SunnyDay|[upkeep]
|-heal|p1a: Walking Wake|69/100|[from] item: Leftovers
|upkeep
|turn|10
|
|t:|1779909000
|move|p1a: Walking Wake|Draco Meteor|p2a: Slowking
|-damage|p2a: Slowking|33/100
|-unboost|p1a: Walking Wake|spa|2
|move|p2a: Slowking|Sludge Bomb|p1a: Walking Wake
|-damage|p1a: Walking Wake|31/100
|-status|p1a: Walking Wake|psn
|
|-weather|SunnyDay|[upkeep]
|-heal|p1a: Walking Wake|37/100 psn|[from] item: Leftovers
|-damage|p1a: Walking Wake|25/100 psn|[from] psn
|upkeep
|turn|11
|
|t:|1779909011
|-end|p1a: Walking Wake|Protosynthesis|[silent]
|switch|p1a: Dragonite|Dragonite, F|100/100
|switch|p2a: Toxapex|Toxapex, F|92/100 par
|
|-weather|SunnyDay|[upkeep]
|upkeep
|turn|12
|
|t:|1779909020
|move|p1a: Dragonite|Earthquake|p2a: Toxapex
|-supereffective|p2a: Toxapex
|-damage|p2a: Toxapex|51/100 par
|move|p2a: Toxapex|Toxic Spikes|p1a: Dragonite
|-sidestart|p1: tokyolean|move: Toxic Spikes
|
|-weather|none
|upkeep
|turn|13
|
|t:|1779909029
|move|p1a: Dragonite|Earthquake|p2a: Toxapex
|-supereffective|p2a: Toxapex
|-damage|p2a: Toxapex|13/100 par
|cant|p2a: Toxapex|par
|
|upkeep
|turn|14
|
|t:|1779909034
|switch|p2a: Jumpluff|Jumpluff, M, shiny|100/100
|move|p1a: Dragonite|Thunder Wave|p2a: Jumpluff
|-status|p2a: Jumpluff|par
|
|upkeep
|turn|15
|
|t:|1779909040
|switch|p1a: Glimmora|Glimmora, F|100/100
|-item|p1a: Glimmora|Air Balloon
|cant|p2a: Jumpluff|par
|
|upkeep
|turn|16
|c|☆henchmenhuggins|nice hax
|
|t:|1779909051
|switch|p2a: Slowking|Slowking-Galar, F|66/100
|move|p1a: Glimmora|Stealth Rock|p2a: Slowking
|-sidestart|p2: henchmenhuggins|move: Stealth Rock
|
|upkeep
|turn|17
|
|t:|1779909063
|switch|p2a: Gholdengo|Gholdengo|100/100
|-damage|p2a: Gholdengo|94/100|[from] Stealth Rock
|move|p1a: Glimmora|Spikes|p2a: Gholdengo
|-sidestart|p2: henchmenhuggins|Spikes
|
|-heal|p2a: Gholdengo|100/100|[from] item: Leftovers
|upkeep
|turn|18
|-message|henchmenhuggins forfeited.
|
|win|tokyolean
|raw|tokyolean's rating: 1322 &rarr; <strong>1342</strong><br />(+20 for winning)
|raw|henchmenhuggins's rating: 1326 &rarr; <strong>1306</strong><br />(-20 for losing)
|l|☆henchmenhuggins
|player|p2|
|l|☆tokyolean
|player|p1|
