|j|☆91m
|j|☆Anirudhyuichi
|t:|1779807724
|gametype|singles
|player|p1|91m|dawn|1091
|player|p2|Anirudhyuichi|steven|1078
|gen|9
|tier|[Gen 9] OU
|rated|
|rule|HP Percentage Mod: HP is shown in percentages
|rule|Endless Battle Clause: Forcing endless battles is banned
|rule|Species Clause: Limit one of each Pokémon
|rule|OHKO Clause: OHKO moves are banned
|rule|Evasion Items Clause: Evasion items are banned
|rule|Evasion Moves Clause: Evasion moves are banned
|rule|Evasion Abilities Clause: Evasion abilities are banned
|rule|Sleep Moves Clause: Sleep-inducing moves are banned
|clearpoke
|poke|p1|Scizor, F|
|poke|p1|Gholdengo|
|poke|p1|Greninja-*, M|
|poke|p1|Ceruledge, F|
|poke|p1|Skeledirge, M|
|poke|p1|Hydreigon, M|
|poke|p2|Great Tusk|
|poke|p2|Dragapult, M|
|poke|p2|Heatran, F|
|poke|p2|Samurott-Hisui, M|
|poke|p2|Zapdos|
|poke|p2|Iron Valiant|
|teampreview
|
|t:|1779807730
|teamsize|p1|6
|teamsize|p2|6
|start
|switch|p1a: Scizor|Scizor, F, shiny|100/100
|switch|p2a: Great Tusk|Great Tusk|100/100
|turn|1
|
|t:|1779807740
|-terastallize|p2a: Great Tusk|Ground
|move|p2a: Great Tusk|Earthquake|p1a: Scizor
|-damage|p1a: Scizor|36/100
|move|p1a: Scizor|Rain Dance|p1a: Scizor
|-weather|RainDance
|
|-weather|RainDance|[upkeep]
|upkeep
|turn|2
|
|t:|1779807752
|switch|p1a: Gholdengo|Gholdengo|100/100
|-item|p1a: Gholdengo|Air Balloon
|move|p2a: Great Tusk|Earthquake|p1a: Gholdengo
|-immune|p1a: Gholdengo
|
|-weather|RainDance|[upkeep]
|upkeep
|turn|3
|
|t:|1779807760
|-end|p2a: Great Tusk|Protosynthesis|[silent]
|switch|p2a: Heatran|Heatran, F|100/100
|move|p1a: Gholdengo|Shadow Ball|p2a: Heatran
|-damage|p2a: Heatran|69/100
|
|-weather|RainDance|[upkeep]
|upkeep
|turn|4
|
|t:|1779807766
|move|p2a: Heatran|Fire Blast|p1a: Gholdengo
|-supereffective|p1a: Gholdengo
|-damage|p1a: Gholdengo|57/100
|-enditem|p1a: Gholdengo|Air Balloon
|move|p1a: Gholdengo|Nasty Plot|p1a: Gholdengo
|-boost|p1a: Gholdengo|spa|2
|
|-weather|RainDance|[upkeep]
|upkeep
|turn|5
|
|t:|1779807770
|move|p2a: Heatran|Fire Blast|p1a: Gholdengo
|-supereffective|p1a: Gholdengo
|-damage|p1a: Gholdengo|13/100
|move|p1a: Gholdengo|Shadow Ball|p2a: Heatran
|-damage|p2a: Heatran|6/100
|
|-weather|none
|upkeep
|turn|6
|
|t:|1779807778
|move|p2a: Heatran|Fire Blast|p1a: Gholdengo
|-supereffective|p1a: Gholdengo
|-damage|p1a: Gholdengo|0 fnt
|faint|p1a: Gholdengo
|
|upkeep
|
|t:|1779807780
|switch|p1a: Scizor|Scizor, F, shiny|36/100
|turn|7
|
|t:|1779807784
|move|p2a: Heatran|Fire Blast|p1a: Scizor
|-supereffective|p1a: Scizor
|-damage|p1a: Scizor|0 fnt
|faint|p1a: Scizor
|
|upkeep
|
|t:|1779807788
|switch|p1a: Greninja|Greninja, M|100/100
|turn|8
|
|t:|1779807791
|move|p1a: Greninja|Quick Attack|p2a: Heatran
|-resisted|p2a: Heatran
|-damage|p2a: Heatran|2/100
|move|p2a: Heatran|Body Press|p1a: Greninja
|-supereffective|p1a: Greninja
|-damage|p1a: Greninja|64/100
|-damage|p2a: Heatran|0 fnt|[from] item: Rocky Helmet|[of] p1a: Greninja
|faint|p2a: Heatran
|
|upkeep
|
|t:|1779807799
|switch|p2a: Samurott|Samurott-Hisui, M|100/100
|turn|9
|
|t:|1779807806
|move|p2a: Samurott|Sacred Sword|p1a: Greninja
|-supereffective|p1a: Greninja
|-damage|p1a: Greninja|11/100
|-damage|p2a: Samurott|84/100|[from] item: Rocky Helmet|[of] p1a: Greninja
|move|p1a: Greninja|Counter|p2a: Samurott
|-damage|p2a: Samurott|0 fnt
|faint|p2a: Samurott
|-ability|p1a: Greninja|Battle Bond|boost
|-boost|p1a: Greninja|atk|1
|-boost|p1a: Greninja|spa|1
|-boost|p1a: Greninja|spe|1
|-activate|p1a: Greninja|ability: Battle Bond
|
|upkeep
|
|t:|1779807814
|switch|p2a: Iron Valiant|Iron Valiant|100/100
|turn|10
|
|t:|1779807821
|move|p1a: Greninja|Quick Attack|p2a: Iron Valiant
|-damage|p2a: Iron Valiant|89/100
|move|p2a: Iron Valiant|Dazzling Gleam|p1a: Greninja
|-supereffective|p1a: Greninja
|-damage|p1a: Greninja|0 fnt
|faint|p1a: Greninja
|
|upkeep
|
|t:|1779807833
|switch|p1a: Ceruledge|Ceruledge, F|100/100
|turn|11
|
|t:|1779807844
|-end|p2a: Iron Valiant|Quark Drive|[silent]
|switch|p2a: Great Tusk|Great Tusk, tera:Ground|100/100
|-activate|p1a: Ceruledge|move: Struggle
|move|p1a: Ceruledge|Struggle|p2a: Great Tusk
|-damage|p2a: Great Tusk|92/100
|-damage|p1a: Ceruledge|75/100|[from] recoil
|
|-heal|p2a: Great Tusk|98/100|[from] item: Leftovers
|upkeep
|turn|12
|
|t:|1779807852
|move|p2a: Great Tusk|Earthquake|p1a: Ceruledge
|-supereffective|p1a: Ceruledge
|-damage|p1a: Ceruledge|0 fnt
|faint|p1a: Ceruledge
|
|-heal|p2a: Great Tusk|100/100|[from] item: Leftovers
|upkeep
|
|t:|1779807855
|switch|p1a: Hydreigon|Hydreigon, M, shiny|100/100
|turn|13
|
|t:|1779807859
|move|p2a: Great Tusk|Ice Spinner|p1a: Hydreigon
|-supereffective|p1a: Hydreigon
|-damage|p1a: Hydreigon|54/100
|move|p1a: Hydreigon|Ice Fang|p2a: Great Tusk
|-supereffective|p2a: Great Tusk
|-damage|p2a: Great Tusk|66/100
|-damage|p1a: Hydreigon|44/100|[from] item: Life Orb
|
|-heal|p2a: Great Tusk|72/100|[from] item: Leftovers
|upkeep
|turn|14
|
|t:|1779807865
|-terastallize|p1a: Hydreigon|Dark
|move|p2a: Great Tusk|Ice Spinner|p1a: Hydreigon
|-damage|p1a: Hydreigon|22/100
|move|p1a: Hydreigon|Earthquake|p2a: Great Tusk
|-damage|p2a: Great Tusk|46/100
|-damage|p1a: Hydreigon|13/100|[from] item: Life Orb
|
|-heal|p2a: Great Tusk|52/100|[from] item: Leftovers
|upkeep
|turn|15
|
|t:|1779807870
|move|p2a: Great Tusk|Close Combat|p1a: Hydreigon
|-supereffective|p1a: Hydreigon
|-damage|p1a: Hydreigon|0 fnt
|-unboost|p2a: Great Tusk|def|1
|-unboost|p2a: Great Tusk|spd|1
|faint|p1a: Hydreigon
|
|-heal|p2a: Great Tusk|58/100|[from] item: Leftovers
|upkeep
|
|t:|1779807873
|switch|p1a: Skeledirge|Skeledirge, M|100/100
|turn|16
|
|t:|1779807882
|move|p1a: Skeledirge|Flare Blitz|p2a: Great Tusk
|-damage|p2a: Great Tusk|24/100
|-damage|p1a: Skeledirge|88/100|[from] Recoil
|move|p2a: Great Tusk|Earthquake|p1a: Skeledirge
|-supereffective|p1a: Skeledirge
|-damage|p1a: Skeledirge|0 fnt
|faint|p1a: Skeledirge
|
|win|Anirudhyuichi
|raw|91m's rating: 1091 &rarr; <strong>1066</strong><br />(-25 for losing)
|raw|Anirudhyuichi's rating: 1078 &rarr; <strong>1107</strong><br />(+29 for winning)
