|j|☆Uncle Dre
|j|☆shuay7
|t:|1779863221
|gametype|singles
|player|p1|Uncle Dre|red|1281
|player|p2|shuay7|265|1326
|gen|9
|tier|[Gen 9] OU
|rated|
|rule|HP Percentage Mod: HP is shown in percentages
|rule|Endless Battle Clause: Forcing endless battles is banned
|rule|Species Clause: Limit one of each Pokémon
|rule|OHKO Clause: OHKO moves are banned
|rule|Evasion Items Clause: Evasion items are banned
|rule|Evasion Moves Clause: Evasion moves are banned
|rule|Evasion Abilities Clause: Evasion abilities are banned
|rule|Sleep Moves Clause: Sleep-inducing moves are banned
|clearpoke
|poke|p1|Great Tusk|
|poke|p1|Ribombee, F|
|poke|p1|Ceruledge, F|
|poke|p1|Gholdengo|
|poke|p1|Dragonite, M|
|poke|p1|Darkrai|
|poke|p2|Hatterene, F|
|poke|p2|Cresselia, F|
|poke|p2|Ursaluna, F|
|poke|p2|Iron Hands|
|poke|p2|Hoopa-Unbound|
|poke|p2|Porygon2|
|teampreview
|inactive|Battle timer is ON: inactive players will automatically lose when time's up. (requested by shuay7)
|
|t:|1779863241
|teamsize|p1|6
|teamsize|p2|6
|start
|switch|p1a: Ribombee|Ribombee, F|100/100
|switch|p2a: Hatterene|Hatterene, F|100/100
|turn|1
|
|t:|1779863259
|move|p1a: Ribombee|Moonblast|p2a: Hatterene
|-damage|p2a: Hatterene|62/100
|move|p2a: Hatterene|Trick Room|p2a: Hatterene
|-fieldstart|move: Trick Room|[of] p2a: Hatterene
|
|upkeep
|turn|2
|
|t:|1779863268
|move|p2a: Hatterene|Psychic Noise|p1a: Ribombee
|-damage|p1a: Ribombee|21/100
|move|p1a: Ribombee|Moonblast|p2a: Hatterene
|-damage|p2a: Hatterene|18/100
|
|upkeep
|turn|3
|
|t:|1779863279
|switch|p1a: Darkrai|Darkrai|100/100
|move|p2a: Hatterene|Psychic Noise|p1a: Darkrai
|-immune|p1a: Darkrai
|
|upkeep
|turn|4
|
|t:|1779863299
|move|p2a: Hatterene|Misty Explosion|p1a: Darkrai
|-supereffective|p1a: Darkrai
|-damage|p1a: Darkrai|0 fnt
|faint|p2a: Hatterene
|faint|p1a: Darkrai
|
|upkeep
|
|t:|1779863315
|switch|p2a: Porygon2|Porygon2|100/100
|switch|p1a: Ceruledge|Ceruledge, F|100/100
|-ability|p2a: Porygon2|Weak Armor|Trace|[from] ability: Trace|[of] p1a: Ceruledge
|turn|5
|
|t:|1779863325
|move|p2a: Porygon2|Shadow Ball|p1a: Ceruledge
|-supereffective|p1a: Ceruledge
|-damage|p1a: Ceruledge|59/100
|move|p1a: Ceruledge|Swords Dance|p1a: Ceruledge
|-boost|p1a: Ceruledge|atk|2
|
|-fieldend|move: Trick Room
|upkeep
|turn|6
|
|t:|1779863334
|move|p1a: Ceruledge|Bitter Blade|p2a: Porygon2
|-damage|p2a: Porygon2|45/100
|-heal|p1a: Ceruledge|94/100|[from] drain|[of] p2a: Porygon2
|-ability|p2a: Porygon2|Weak Armor|boost
|-unboost|p2a: Porygon2|def|1
|-boost|p2a: Porygon2|spe|2
|-damage|p1a: Ceruledge|84/100|[from] item: Life Orb
|move|p2a: Porygon2|Trick Room|p2a: Porygon2
|-fieldstart|move: Trick Room|[of] p2a: Porygon2
|
|upkeep
|turn|7
|
|t:|1779863348
|switch|p2a: Ursaluna|Ursaluna, F|100/100
|move|p1a: Ceruledge|Bitter Blade|p2a: Ursaluna
|-damage|p2a: Ursaluna|13/100
|-heal|p1a: Ceruledge|100/100|[from] drain|[of] p2a: Ursaluna
|-damage|p1a: Ceruledge|91/100|[from] item: Life Orb
|
|-status|p2a: Ursaluna|brn|[from] item: Flame Orb
|upkeep
|turn|8
|
|t:|1779863364
|switch|p1a: Dragonite|Dragonite, M|100/100
|move|p2a: Ursaluna|Facade|p1a: Dragonite
|-crit|p1a: Dragonite
|-damage|p1a: Dragonite|0 fnt
|faint|p1a: Dragonite
|
|-damage|p2a: Ursaluna|7/100 brn|[from] brn
|upkeep
|
|t:|1779863377
|switch|p1a: Gholdengo|Gholdengo|100/100
|-item|p1a: Gholdengo|Air Balloon
|turn|9
|
|t:|1779863382
|move|p2a: Ursaluna|Fire Punch|p1a: Gholdengo
|-supereffective|p1a: Gholdengo
|-damage|p1a: Gholdengo|0 fnt
|-enditem|p1a: Gholdengo|Air Balloon
|faint|p1a: Gholdengo
|
|-damage|p2a: Ursaluna|1/100 brn|[from] brn
|upkeep
|
|t:|1779863391
|switch|p1a: Ribombee|Ribombee, F|21/100
|turn|10
|
|t:|1779863409
|switch|p2a: Porygon2|Porygon2|45/100
|-ability|p2a: Porygon2|Shield Dust|Trace|[from] ability: Trace|[of] p1a: Ribombee
|move|p1a: Ribombee|Moonblast|p2a: Porygon2
|-damage|p2a: Porygon2|21/100
|
|-fieldend|move: Trick Room
|upkeep
|turn|11
|-message|Uncle Dre forfeited.
|
|win|shuay7
|raw|Uncle Dre's rating: 1281 &rarr; <strong>1259</strong><br />(-22 for losing)
|raw|shuay7's rating: 1326 &rarr; <strong>1343</strong><br />(+17 for winning)
|l|☆Uncle Dre
|player|p1|
|l|☆shuay7
|player|p2|
