|j|☆subbasser
|j|☆thy3rdeye
|t:|1779878461
|gametype|singles
|player|p1|subbasser|266|1083
|player|p2|thy3rdeye|boarder|1093
|gen|9
|tier|[Gen 9] OU
|rated|
|rule|HP Percentage Mod: HP is shown in percentages
|rule|Endless Battle Clause: Forcing endless battles is banned
|rule|Species Clause: Limit one of each Pokémon
|rule|OHKO Clause: OHKO moves are banned
|rule|Evasion Items Clause: Evasion items are banned
|rule|Evasion Moves Clause: Evasion moves are banned
|rule|Evasion Abilities Clause: Evasion abilities are banned
|rule|Sleep Moves Clause: Sleep-inducing moves are banned
|clearpoke
|poke|p1|Toedscruel, M|
|poke|p1|Registeel|
|poke|p1|Rhyperior, M|
|poke|p1|Magnezone|
|poke|p1|Kingambit, F|
|poke|p1|Dachsbun, F|
|poke|p2|Dragonite, M|
|poke|p2|Tyranitar, M|
|poke|p2|Garchomp, F|
|poke|p2|Blissey, F|
|poke|p2|Skarmory, M|
|poke|p2|Heatran, F|
|teampreview
|
|t:|1779878471
|teamsize|p1|6
|teamsize|p2|6
|start
|switch|p1a: Judoon|Rhyperior, M|100/100
|switch|p2a: Blissey|Blissey, F|100/100
|turn|1
|inactive|Battle timer is ON: inactive players will automatically lose when time's up. (requested by subbasser)
|
|t:|1779878478
|move|p2a: Blissey|Thunder Wave|p1a: Judoon
|-immune|p1a: Judoon
|move|p1a: Judoon|Earthquake|p2a: Blissey
|-damage|p2a: Blissey|51/100
|
|-heal|p2a: Blissey|57/100|[from] item: Leftovers
|upkeep
|turn|2
|c|☆subbasser|lol
|
|t:|1779878486
|move|p2a: Blissey|Seismic Toss|p1a: Judoon
|-damage|p1a: Judoon|77/100
|move|p1a: Judoon|Stealth Rock|p2a: Blissey
|-sidestart|p2: thy3rdeye|move: Stealth Rock
|
|-heal|p2a: Blissey|63/100|[from] item: Leftovers
|-heal|p1a: Judoon|84/100|[from] item: Leftovers
|upkeep
|turn|3
|
|t:|1779878493
|move|p2a: Blissey|Stealth Rock|p1a: Judoon
|-sidestart|p1: subbasser|move: Stealth Rock
|move|p1a: Judoon|Avalanche|p2a: Blissey
|-damage|p2a: Blissey|41/100
|
|-heal|p2a: Blissey|47/100|[from] item: Leftovers
|-heal|p1a: Judoon|90/100|[from] item: Leftovers
|upkeep
|turn|4
|
|t:|1779878500
|move|p2a: Blissey|Soft-Boiled|p2a: Blissey
|-heal|p2a: Blissey|97/100
|move|p1a: Judoon|Avalanche|p2a: Blissey
|-damage|p2a: Blissey|75/100
|
|-heal|p2a: Blissey|81/100|[from] item: Leftovers
|-heal|p1a: Judoon|96/100|[from] item: Leftovers
|upkeep
|turn|5
|
|t:|1779878509
|move|p2a: Blissey|Seismic Toss|p1a: Judoon
|-damage|p1a: Judoon|73/100
|move|p1a: Judoon|Avalanche|p2a: Blissey
|-damage|p2a: Blissey|38/100
|
|-heal|p2a: Blissey|44/100|[from] item: Leftovers
|-heal|p1a: Judoon|79/100|[from] item: Leftovers
|upkeep
|turn|6
|
|t:|1779878537
|move|p2a: Blissey|Soft-Boiled|p2a: Blissey
|-heal|p2a: Blissey|94/100
|move|p1a: Judoon|Earthquake|p2a: Blissey
|-damage|p2a: Blissey|39/100
|
|-heal|p2a: Blissey|45/100|[from] item: Leftovers
|-heal|p1a: Judoon|86/100|[from] item: Leftovers
|upkeep
|turn|7
|
|t:|1779878555
|switch|p2a: Garchomp|Garchomp, F|100/100
|-damage|p2a: Garchomp|94/100|[from] Stealth Rock
|move|p1a: Judoon|Dragon Tail|p2a: Garchomp
|-supereffective|p2a: Garchomp
|-crit|p2a: Garchomp
|-damage|p2a: Garchomp|34/100
|-damage|p1a: Judoon|73/100|[from] ability: Rough Skin|[of] p2a: Garchomp
|-damage|p1a: Judoon|56/100|[from] item: Rocky Helmet|[of] p2a: Garchomp
|drag|p2a: Skarmory|Skarmory, M|100/100
|-damage|p2a: Skarmory|88/100|[from] Stealth Rock
|
|-heal|p2a: Skarmory|94/100|[from] item: Leftovers
|-heal|p1a: Judoon|63/100|[from] item: Leftovers
|upkeep
|turn|8
|inactive|subbasser has 120 seconds left.
|
|t:|1779878601
|move|p2a: Skarmory|Spikes|p1a: Judoon
|-sidestart|p1: subbasser|Spikes
|move|p1a: Judoon|Dragon Tail|p2a: Skarmory
|-resisted|p2a: Skarmory
|-crit|p2a: Skarmory
|-damage|p2a: Skarmory|82/100
|drag|p2a: Blissey|Blissey, F|45/100
|-damage|p2a: Blissey|33/100|[from] Stealth Rock
|
|-heal|p2a: Blissey|39/100|[from] item: Leftovers
|-heal|p1a: Judoon|69/100|[from] item: Leftovers
|upkeep
|turn|9
|
|t:|1779878612
|move|p2a: Blissey|Soft-Boiled|p2a: Blissey
|-heal|p2a: Blissey|89/100
|move|p1a: Judoon|Dragon Tail|p2a: Blissey
|-damage|p2a: Blissey|66/100
|drag|p2a: Garchomp|Garchomp, F|34/100
|-damage|p2a: Garchomp|28/100|[from] Stealth Rock
|
|-heal|p1a: Judoon|75/100|[from] item: Leftovers
|upkeep
|turn|10
|inactive|subbasser has 90 seconds left.
|
|t:|1779878645
|move|p2a: Garchomp|Earthquake|p1a: Judoon
|-supereffective|p1a: Judoon
|-damage|p1a: Judoon|31/100
|move|p1a: Judoon|Dragon Tail|p2a: Garchomp
|-supereffective|p2a: Garchomp
|-damage|p2a: Garchomp|0 fnt
|-damage|p1a: Judoon|18/100|[from] ability: Rough Skin|[of] p2a: Garchomp
|-damage|p1a: Judoon|2/100|[from] item: Rocky Helmet|[of] p2a: Garchomp
|faint|p2a: Garchomp
|
|-heal|p1a: Judoon|8/100|[from] item: Leftovers
|upkeep
|
|t:|1779878656
|switch|p2a: Tyranitar|Tyranitar, M|100/100
|-damage|p2a: Tyranitar|88/100|[from] Stealth Rock
|-weather|Sandstorm|[from] ability: Sand Stream|[of] p2a: Tyranitar
|turn|11
|
|t:|1779878666
|move|p2a: Tyranitar|Stealth Rock||[still]
|-fail|p2a: Tyranitar
|move|p1a: Judoon|Earthquake|p2a: Tyranitar
|-supereffective|p2a: Tyranitar
|-damage|p2a: Tyranitar|0 fnt
|faint|p2a: Tyranitar
|
|-weather|Sandstorm|[upkeep]
|-heal|p1a: Judoon|14/100|[from] item: Leftovers
|upkeep
|
|t:|1779878675
|switch|p2a: Dragonite|Dragonite, M|100/100
|turn|12
|
|t:|1779878679
|move|p2a: Dragonite|Earthquake|p1a: Judoon
|-supereffective|p1a: Judoon
|-damage|p1a: Judoon|0 fnt
|faint|p1a: Judoon
|
|-weather|Sandstorm|[upkeep]
|-damage|p2a: Dragonite|94/100|[from] Sandstorm
|upkeep
|
|t:|1779878684
|switch|p1a: K-9|Dachsbun, F, shiny|100/100
|turn|13
|
|t:|1779878691
|switch|p2a: Blissey|Blissey, F|66/100
|-damage|p2a: Blissey|54/100|[from] Stealth Rock
|move|p1a: K-9|Roar|p2a: Blissey
|drag|p2a: Skarmory|Skarmory, M|82/100
|-damage|p2a: Skarmory|70/100|[from] Stealth Rock
|
|-weather|Sandstorm|[upkeep]
|-damage|p1a: K-9|95/100|[from] Sandstorm
|-heal|p2a: Skarmory|76/100|[from] item: Leftovers
|upkeep
|turn|14
|
|t:|1779878702
|move|p1a: K-9|Copycat||[still]
|-fail|p1a: K-9
|move|p2a: Skarmory|Taunt|p1a: K-9
|-start|p1a: K-9|move: Taunt
|
|-weather|Sandstorm|[upkeep]
|-damage|p1a: K-9|89/100|[from] Sandstorm
|-heal|p2a: Skarmory|82/100|[from] item: Leftovers
|upkeep
|turn|15
|
|t:|1779878712
|switch|p1a: Dalek|Magnezone, shiny|100/100
|-damage|p1a: Dalek|94/100|[from] Stealth Rock
|-damage|p1a: Dalek|82/100|[from] Spikes
|move|p2a: Skarmory|Brave Bird|p1a: Dalek
|-resisted|p1a: Dalek
|-damage|p1a: Dalek|74/100
|-damage|p2a: Skarmory|79/100|[from] Recoil
|
|-weather|none
|-heal|p2a: Skarmory|85/100|[from] item: Leftovers
|upkeep
|turn|16
|
|t:|1779878725
|switch|p2a: Blissey|Blissey, F|54/100
|-damage|p2a: Blissey|42/100|[from] Stealth Rock
|move|p1a: Dalek|Discharge|p2a: Blissey
|-damage|p2a: Blissey|25/100
|
|-heal|p2a: Blissey|31/100|[from] item: Leftovers
|upkeep
|turn|17
|
|t:|1779878733
|move|p1a: Dalek|Body Press|p2a: Blissey
|-supereffective|p2a: Blissey
|-damage|p2a: Blissey|0 fnt
|faint|p2a: Blissey
|
|upkeep
|
|t:|1779878737
|switch|p2a: Heatran|Heatran, F|100/100
|-damage|p2a: Heatran|88/100|[from] Stealth Rock
|turn|18
|
|t:|1779878749
|move|p2a: Heatran|Magma Storm|p1a: Dalek
|-supereffective|p1a: Dalek
|-damage|p1a: Dalek|7/100
|-activate|p1a: Dalek|move: Magma Storm|[of] p2a: Heatran
|move|p1a: Dalek|Discharge|p2a: Heatran
|-damage|p2a: Heatran|62/100
|
|-heal|p2a: Heatran|68/100|[from] item: Leftovers
|-damage|p1a: Dalek|0 fnt|[from] move: Magma Storm|[partiallytrapped]
|faint|p1a: Dalek
|upkeep
|
|t:|1779878753
|switch|p1a: K-9|Dachsbun, F, shiny|89/100
|turn|19
|
|t:|1779878766
|move|p2a: Heatran|Protect|p2a: Heatran
|-singleturn|p2a: Heatran|Protect
|move|p1a: K-9|Body Press|p2a: Heatran
|-activate|p2a: Heatran|move: Protect
|
|-heal|p2a: Heatran|75/100|[from] item: Leftovers
|upkeep
|turn|20
|
|t:|1779878775
|move|p1a: K-9|Body Press|p2a: Heatran
|-supereffective|p2a: Heatran
|-damage|p2a: Heatran|30/100
|move|p2a: Heatran|Magma Storm|p1a: K-9
|-ability|p1a: K-9|Well-Baked Body|boost
|-boost|p1a: K-9|def|2
|
|-heal|p2a: Heatran|36/100|[from] item: Leftovers
|upkeep
|turn|21
|
|t:|1779878784
|move|p2a: Heatran|Protect|p2a: Heatran
|-singleturn|p2a: Heatran|Protect
|move|p1a: K-9|Body Press|p2a: Heatran
|-activate|p2a: Heatran|move: Protect
|
|-heal|p2a: Heatran|42/100|[from] item: Leftovers
|upkeep
|turn|22
|
|t:|1779878811
|-terastallize|p2a: Heatran|Fire
|move|p1a: K-9|Body Press|p2a: Heatran
|-damage|p2a: Heatran|0 fnt
|faint|p2a: Heatran
|
|upkeep
|
|t:|1779878817
|switch|p2a: Dragonite|Dragonite, M|94/100
|turn|23
|
|t:|1779878823
|move|p2a: Dragonite|Dragon Dance|p2a: Dragonite
|-boost|p2a: Dragonite|atk|1
|-boost|p2a: Dragonite|spe|1
|move|p1a: K-9|Roar|p2a: Dragonite
|drag|p2a: Skarmory|Skarmory, M|85/100
|-damage|p2a: Skarmory|73/100|[from] Stealth Rock
|
|-heal|p2a: Skarmory|79/100|[from] item: Leftovers
|upkeep
|turn|24
|
|t:|1779878847
|move|p1a: K-9|Body Press|p2a: Skarmory
|-damage|p2a: Skarmory|41/100
|move|p2a: Skarmory|Brave Bird|p1a: K-9
|-damage|p1a: K-9|77/100
|-damage|p2a: Skarmory|37/100|[from] Recoil
|
|-heal|p2a: Skarmory|43/100|[from] item: Leftovers
|upkeep
|turn|25
|
|t:|1779878855
|move|p1a: K-9|Wish|p1a: K-9
|move|p2a: Skarmory|Roost|p2a: Skarmory
|-heal|p2a: Skarmory|93/100
|-singleturn|p2a: Skarmory|move: Roost
|
|-heal|p2a: Skarmory|99/100|[from] item: Leftovers
|upkeep
|turn|26
|
|t:|1779878863
|move|p1a: K-9|Body Press|p2a: Skarmory
|-damage|p2a: Skarmory|62/100
|move|p2a: Skarmory|Taunt|p1a: K-9
|-start|p1a: K-9|move: Taunt
|
|-heal|p1a: K-9|100/100|[from] move: Wish|[wisher] K-9
|-heal|p2a: Skarmory|68/100|[from] item: Leftovers
|upkeep
|turn|27
|
|t:|1779878872
|move|p1a: K-9|Body Press|p2a: Skarmory
|-damage|p2a: Skarmory|30/100
|move|p2a: Skarmory|Roost|p2a: Skarmory
|-heal|p2a: Skarmory|80/100
|-singleturn|p2a: Skarmory|move: Roost
|
|-heal|p2a: Skarmory|86/100|[from] item: Leftovers
|upkeep
|turn|28
|
|t:|1779878881
|move|p1a: K-9|Body Press|p2a: Skarmory
|-damage|p2a: Skarmory|47/100
|move|p2a: Skarmory|Spikes|p1a: K-9
|-sidestart|p1: subbasser|Spikes
|
|-heal|p2a: Skarmory|53/100|[from] item: Leftovers
|upkeep
|turn|29
|
|t:|1779878888
|switch|p2a: Dragonite|Dragonite, M|94/100
|move|p1a: K-9|Body Press|p2a: Dragonite
|-resisted|p2a: Dragonite
|-damage|p2a: Dragonite|64/100
|
|-end|p1a: K-9|move: Taunt
|upkeep
|turn|30
|
|t:|1779878895
|move|p2a: Dragonite|Extreme Speed|p1a: K-9
|-damage|p1a: K-9|90/100
|move|p1a: K-9|Roar|p2a: Dragonite
|drag|p2a: Skarmory|Skarmory, M|53/100
|-damage|p2a: Skarmory|41/100|[from] Stealth Rock
|
|-heal|p2a: Skarmory|47/100|[from] item: Leftovers
|upkeep
|turn|31
|
|t:|1779878904
|switch|p1a: Sontaran|Kingambit, F, shiny|100/100
|-damage|p1a: Sontaran|94/100|[from] Stealth Rock
|-damage|p1a: Sontaran|78/100|[from] Spikes
|-activate|p1a: Sontaran|ability: Supreme Overlord
|-start|p1a: Sontaran|fallen2|[silent]
|switch|p2a: Dragonite|Dragonite, M|64/100
|
|upkeep
|turn|32
|
|t:|1779878914
|-terastallize|p1a: Sontaran|Dark
|move|p2a: Dragonite|Earthquake|p1a: Sontaran
|-crit|p1a: Sontaran
|-damage|p1a: Sontaran|36/100
|move|p1a: Sontaran|Swords Dance|p1a: Sontaran
|-boost|p1a: Sontaran|atk|2
|
|upkeep
|turn|33
|
|t:|1779878922
|move|p1a: Sontaran|Sucker Punch|p2a: Dragonite
|-damage|p2a: Dragonite|0 fnt
|faint|p2a: Dragonite
|
|upkeep
|
|t:|1779878926
|switch|p2a: Skarmory|Skarmory, M|47/100
|-damage|p2a: Skarmory|34/100|[from] Stealth Rock
|turn|34
|
|t:|1779878930
|move|p1a: Sontaran|Kowtow Cleave|p2a: Skarmory
|-damage|p2a: Skarmory|0 fnt
|faint|p2a: Skarmory
|
|win|subbasser
|raw|subbasser's rating: 1083 &rarr; <strong>1111</strong><br />(+28 for winning)
|raw|thy3rdeye's rating: 1093 &rarr; <strong>1068</strong><br />(-25 for losing)
|l|☆subbasser
|player|p1|
|l|☆thy3rdeye
|player|p2|
