|j|☆Munch144447
|j|☆24iomxx
|t:|1779971091
|gametype|singles
|player|p1|Munch144447|102|1157
|player|p2|24iomxx|hilbert-masters|1187
|gen|9
|tier|[Gen 9] OU
|rated|
|rule|HP Percentage Mod: HP is shown in percentages
|rule|Endless Battle Clause: Forcing endless battles is banned
|rule|Species Clause: Limit one of each Pokémon
|rule|OHKO Clause: OHKO moves are banned
|rule|Evasion Items Clause: Evasion items are banned
|rule|Evasion Moves Clause: Evasion moves are banned
|rule|Evasion Abilities Clause: Evasion abilities are banned
|rule|Sleep Moves Clause: Sleep-inducing moves are banned
|clearpoke
|poke|p1|Infernape, M|
|poke|p1|Slaking, F|
|poke|p1|Swampert, M|
|poke|p1|Altaria, F|
|poke|p1|Amoonguss, M|
|poke|p1|Sudowoodo, M|
|poke|p2|Hydreigon, F|
|poke|p2|Excadrill, F|
|poke|p2|Galvantula, M|
|poke|p2|Chandelure, F|
|poke|p2|Amoonguss, M|
|poke|p2|Braviary, M|
|teampreview
|inactive|Battle timer is ON: inactive players will automatically lose when time's up. (requested by 24iomxx)
|
|t:|1779971120
|teamsize|p1|6
|teamsize|p2|6
|start
|switch|p1a: Swampert|Swampert, M|100/100
|switch|p2a: Galvantula|Galvantula, M|100/100
|turn|1
|
|t:|1779971125
|move|p2a: Galvantula|Sticky Web|p1a: Swampert
|-sidestart|p1: Munch144447|move: Sticky Web
|move|p1a: Swampert|Flip Turn|p2a: Galvantula
|-damage|p2a: Galvantula|39/100
|
|t:|1779971136
|switch|p1a: Sudowoodo|Sudowoodo, M|100/100|[from] Flip Turn
|-activate|p1a: Sudowoodo|move: Sticky Web
|-unboost|p1a: Sudowoodo|spe|1
|
|upkeep
|turn|2
|
|t:|1779971141
|move|p1a: Sudowoodo|Sucker Punch|p2a: Galvantula
|-damage|p2a: Galvantula|0 fnt
|faint|p2a: Galvantula
|-damage|p1a: Sudowoodo|91/100|[from] item: Life Orb
|
|upkeep
|
|t:|1779971144
|switch|p2a: Excadrill|Excadrill, F|100/100
|-ability|p2a: Excadrill|Mold Breaker
|-item|p2a: Excadrill|Air Balloon
|turn|3
|
|t:|1779971149
|move|p2a: Excadrill|Iron Head|p1a: Sudowoodo
|-supereffective|p1a: Sudowoodo
|-damage|p1a: Sudowoodo|17/100
|move|p1a: Sudowoodo|Stealth Rock|p2a: Excadrill
|-sidestart|p2: 24iomxx|move: Stealth Rock
|
|upkeep
|turn|4
|
|t:|1779971155
|move|p1a: Sudowoodo|Sucker Punch|p2a: Excadrill
|-damage|p2a: Excadrill|61/100
|-enditem|p2a: Excadrill|Air Balloon
|-damage|p1a: Sudowoodo|7/100|[from] item: Life Orb
|move|p2a: Excadrill|Rapid Spin|p1a: Sudowoodo
|-resisted|p1a: Sudowoodo
|-damage|p1a: Sudowoodo|0 fnt
|-boost|p2a: Excadrill|spe|1
|-sideend|p2: 24iomxx|Stealth Rock|[from] move: Rapid Spin|[of] p2a: Excadrill
|faint|p1a: Sudowoodo
|
|upkeep
|
|t:|1779971173
|switch|p1a: Amoonguss|Amoonguss, M|100/100
|-activate|p1a: Amoonguss|move: Sticky Web
|-unboost|p1a: Amoonguss|spe|1
|turn|5
|
|t:|1779971176
|move|p2a: Excadrill|Swords Dance|p2a: Excadrill
|-boost|p2a: Excadrill|atk|2
|move|p1a: Amoonguss|Giga Drain|p2a: Excadrill
|-damage|p2a: Excadrill|32/100
|
|upkeep
|turn|6
|
|t:|1779971181
|move|p2a: Excadrill|Earthquake|p1a: Amoonguss
|-damage|p1a: Amoonguss|23/100
|move|p1a: Amoonguss|Giga Drain|p2a: Excadrill
|-damage|p2a: Excadrill|4/100
|-heal|p1a: Amoonguss|35/100|[from] drain|[of] p2a: Excadrill
|
|-heal|p1a: Amoonguss|41/100|[from] item: Leftovers
|upkeep
|turn|7
|
|t:|1779971186
|move|p2a: Excadrill|Earthquake|p1a: Amoonguss
|-damage|p1a: Amoonguss|0 fnt
|faint|p1a: Amoonguss
|
|upkeep
|
|t:|1779971188
|switch|p1a: Altaria|Altaria, F|100/100
|-ability|p1a: Altaria|Cloud Nine
|turn|8
|
|t:|1779971192
|move|p2a: Excadrill|Iron Head|p1a: Altaria
|-damage|p1a: Altaria|0 fnt
|faint|p1a: Altaria
|
|upkeep
|-message|Munch144447 forfeited.
|
|win|24iomxx
|raw|Munch144447's rating: 1157 &rarr; <strong>1134</strong><br />(-23 for losing)
|raw|24iomxx's rating: 1187 &rarr; <strong>1210</strong><br />(+23 for winning)
|l|☆Munch144447
|player|p1|
|l|☆24iomxx
|player|p2|
