|j|☆OujAxy
|j|☆LL8888
|t:|1779953034
|gametype|singles
|player|p1|OujAxy|hooligans|1406
|player|p2|LL8888|266|1432
|gen|9
|tier|[Gen 9] OU
|rated|
|rule|HP Percentage Mod: HP is shown in percentages
|rule|Endless Battle Clause: Forcing endless battles is banned
|rule|Species Clause: Limit one of each Pokémon
|rule|OHKO Clause: OHKO moves are banned
|rule|Evasion Items Clause: Evasion items are banned
|rule|Evasion Moves Clause: Evasion moves are banned
|rule|Evasion Abilities Clause: Evasion abilities are banned
|rule|Sleep Moves Clause: Sleep-inducing moves are banned
|clearpoke
|poke|p1|Charizard, M|
|poke|p1|Pelipper, M|
|poke|p1|Barraskewda, M|
|poke|p1|Iron Treads|
|poke|p1|Pecharunt|
|poke|p1|Inteleon, F|
|poke|p2|Scizor, F|
|poke|p2|Zapdos|
|poke|p2|Alomomola, M|
|poke|p2|Corviknight, F|
|poke|p2|Charizard, F|
|poke|p2|Dragapult, F|
|teampreview
|inactive|Battle timer is ON: inactive players will automatically lose when time's up. (requested by OujAxy)
|inactive|LL8888 also wants the timer to be on.
|inactive|LL8888 has 120 seconds left.
|
|t:|1779953066
|teamsize|p1|6
|teamsize|p2|6
|start
|switch|p1a: Pelipper|Pelipper, M|100/100
|switch|p2a: Alomomola|Alomomola, M|100/100
|-weather|RainDance|[from] ability: Drizzle|[of] p1a: Pelipper
|turn|1
|
|t:|1779953074
|move|p2a: Alomomola|Flip Turn|p1a: Pelipper
|-resisted|p1a: Pelipper
|-crit|p1a: Pelipper
|-damage|p1a: Pelipper|87/100
|
|t:|1779953079
|switch|p2a: Zapdos|Zapdos|100/100|[from] Flip Turn
|move|p1a: Pelipper|U-turn|p2a: Zapdos
|-resisted|p2a: Zapdos
|-damage|p2a: Zapdos|97/100
|-damage|p1a: Pelipper|70/100|[from] item: Rocky Helmet|[of] p2a: Zapdos
|inactive|OujAxy has 120 seconds left.
|
|t:|1779953114
|switch|p1a: Inteleon|Inteleon, F|100/100|[from] U-turn
|
|-weather|RainDance|[upkeep]
|upkeep
|turn|2
|
|t:|1779953122
|switch|p2a: Alomomola|Alomomola, M|100/100
|-terastallize|p1a: Inteleon|Water
|move|p1a: Inteleon|Snipe Shot|p2a: Alomomola
|-resisted|p2a: Alomomola
|-damage|p2a: Alomomola|72/100
|
|-weather|RainDance|[upkeep]
|upkeep
|turn|3
|
|t:|1779953132
|move|p1a: Inteleon|Snipe Shot|p2a: Alomomola
|-resisted|p2a: Alomomola
|-damage|p2a: Alomomola|45/100
|move|p2a: Alomomola|Flip Turn|p1a: Inteleon
|-resisted|p1a: Inteleon
|-damage|p1a: Inteleon|79/100
|
|t:|1779953140
|switch|p2a: Dragapult|Dragapult, F|100/100|[from] Flip Turn
|
|-weather|RainDance|[upkeep]
|upkeep
|turn|4
|
|t:|1779953152
|switch|p1a: Iron Treads|Iron Treads|100/100
|-terastallize|p2a: Dragapult|Dragon
|move|p2a: Dragapult|Dragon Darts|p1a: Iron Treads
|-resisted|p1a: Iron Treads
|-damage|p1a: Iron Treads|78/100
|-anim|p2a: Dragapult|Dragon Darts|p1a: Iron Treads
|-resisted|p1a: Iron Treads
|-damage|p1a: Iron Treads|55/100
|
|-weather|RainDance|[upkeep]
|upkeep
|turn|5
|
|t:|1779953169
|switch|p2a: Corviknight|Corviknight, F, shiny|100/100
|move|p1a: Iron Treads|Stealth Rock|p2a: Corviknight
|-sidestart|p2: LL8888|move: Stealth Rock
|
|-weather|RainDance|[upkeep]
|upkeep
|turn|6
|
|t:|1779953179
|-end|p1a: Iron Treads|Quark Drive|[silent]
|switch|p1a: Inteleon|Inteleon, F, tera:Water|79/100
|move|p2a: Corviknight|Defog|p1a: Inteleon
|-unboost|p1a: Inteleon|evasion|1
|-sideend|p2: LL8888|Stealth Rock|[from] move: Defog|[of] p2a: Corviknight
|
|-weather|RainDance|[upkeep]
|upkeep
|turn|7
|
|t:|1779953189
|switch|p2a: Alomomola|Alomomola, M|78/100
|move|p1a: Inteleon|Hydro Pump|p2a: Alomomola
|-resisted|p2a: Alomomola
|-damage|p2a: Alomomola|34/100
|
|-weather|RainDance|[upkeep]
|upkeep
|turn|8
|
|t:|1779953207
|move|p1a: Inteleon|Hydro Pump|p2a: Alomomola
|-resisted|p2a: Alomomola
|-damage|p2a: Alomomola|0 fnt
|faint|p2a: Alomomola
|
|-weather|none
|upkeep
|
|t:|1779953216
|switch|p2a: Dragapult|Dragapult, F, tera:Dragon|100/100
|turn|9
|
|t:|1779953223
|switch|p1a: Pecharunt|Pecharunt|100/100
|move|p2a: Dragapult|Phantom Force||[still]
|-prepare|p2a: Dragapult|Phantom Force
|
|upkeep
|turn|10
|
|t:|1779953232
|move|p2a: Dragapult|Phantom Force|p1a: Pecharunt|[from] lockedmove
|-supereffective|p1a: Pecharunt
|-damage|p1a: Pecharunt|23/100
|move|p1a: Pecharunt|Poltergeist|p2a: Dragapult
|-activate|p2a: Dragapult|move: Poltergeist|Choice Band
|-damage|p2a: Dragapult|59/100
|
|upkeep
|turn|11
|
|t:|1779953244
|move|p2a: Dragapult|Phantom Force||[still]
|-prepare|p2a: Dragapult|Phantom Force
|move|p1a: Pecharunt|Recover|p1a: Pecharunt
|-heal|p1a: Pecharunt|73/100
|
|upkeep
|turn|12
|
|t:|1779953249
|move|p2a: Dragapult|Phantom Force|p1a: Pecharunt|[from] lockedmove
|-supereffective|p1a: Pecharunt
|-crit|p1a: Pecharunt
|-damage|p1a: Pecharunt|0 fnt
|faint|p1a: Pecharunt
|
|upkeep
|
|t:|1779953267
|switch|p1a: Pelipper|Pelipper, M|70/100
|-weather|RainDance|[from] ability: Drizzle|[of] p1a: Pelipper
|turn|13
|
|t:|1779953287
|switch|p2a: Zapdos|Zapdos|97/100
|move|p1a: Pelipper|Roost|p1a: Pelipper
|-heal|p1a: Pelipper|100/100
|-singleturn|p1a: Pelipper|move: Roost
|
|-weather|RainDance|[upkeep]
|upkeep
|turn|14
|
|t:|1779953298
|switch|p1a: Iron Treads|Iron Treads|55/100
|move|p2a: Zapdos|Hurricane|p1a: Iron Treads
|-resisted|p1a: Iron Treads
|-damage|p1a: Iron Treads|21/100
|
|-weather|RainDance|[upkeep]
|upkeep
|turn|15
|
|t:|1779953312
|move|p1a: Iron Treads|Stealth Rock|p2a: Zapdos
|-sidestart|p2: LL8888|move: Stealth Rock
|move|p2a: Zapdos|Hurricane|p1a: Iron Treads
|-resisted|p1a: Iron Treads
|-damage|p1a: Iron Treads|0 fnt
|faint|p1a: Iron Treads
|-end|p1a: Iron Treads|Quark Drive|[silent]
|
|-weather|RainDance|[upkeep]
|upkeep
|
|t:|1779953315
|switch|p1a: Inteleon|Inteleon, F, tera:Water|79/100
|turn|16
|
|t:|1779953333
|move|p1a: Inteleon|Snipe Shot|p2a: Zapdos
|-damage|p2a: Zapdos|0 fnt
|faint|p2a: Zapdos
|
|-weather|RainDance|[upkeep]
|upkeep
|
|t:|1779953340
|switch|p2a: Dragapult|Dragapult, F, tera:Dragon|59/100
|-damage|p2a: Dragapult|46/100|[from] Stealth Rock
|turn|17
|
|t:|1779953366
|move|p2a: Dragapult|Dragon Darts|p1a: Inteleon
|-damage|p1a: Inteleon|0 fnt
|faint|p1a: Inteleon
|
|-weather|RainDance|[upkeep]
|upkeep
|
|t:|1779953368
|switch|p1a: Barraskewda|Barraskewda, M|100/100
|turn|18
|
|t:|1779953380
|switch|p2a: Scizor|Scizor, F|100/100
|-damage|p2a: Scizor|88/100|[from] Stealth Rock
|move|p1a: Barraskewda|Liquidation|p2a: Scizor
|-damage|p2a: Scizor|0 fnt
|faint|p2a: Scizor
|-damage|p1a: Barraskewda|91/100|[from] item: Life Orb
|
|-weather|RainDance|[upkeep]
|upkeep
|
|t:|1779953391
|switch|p2a: Corviknight|Corviknight, F, shiny|100/100
|-damage|p2a: Corviknight|88/100|[from] Stealth Rock
|turn|19
|
|t:|1779953397
|switch|p1a: Charizard|Charizard, M|100/100
|move|p2a: Corviknight|Defog|p1a: Charizard
|-unboost|p1a: Charizard|evasion|1
|-sideend|p2: LL8888|Stealth Rock|[from] move: Defog|[of] p2a: Corviknight
|
|-weather|RainDance|[upkeep]
|upkeep
|turn|20
|
|t:|1779953406
|move|p1a: Charizard|Hurricane|p2a: Corviknight
|-resisted|p2a: Corviknight
|-damage|p2a: Corviknight|54/100
|move|p2a: Corviknight|U-turn|p1a: Charizard
|-resisted|p1a: Charizard
|-damage|p1a: Charizard|95/100
|
|t:|1779953413
|switch|p2a: Dragapult|Dragapult, F, tera:Dragon|46/100|[from] U-turn
|
|-weather|none
|upkeep
|turn|21
|
|t:|1779953420
|move|p2a: Dragapult|Dragon Darts|p1a: Charizard
|-damage|p1a: Charizard|23/100
|-anim|p2a: Dragapult|Dragon Darts|p1a: Charizard
|-damage|p1a: Charizard|0 fnt
|faint|p1a: Charizard
|
|upkeep
|
|t:|1779953425
|switch|p1a: Pelipper|Pelipper, M|100/100
|-weather|RainDance|[from] ability: Drizzle|[of] p1a: Pelipper
|turn|22
|
|t:|1779953430
|move|p2a: Dragapult|Dragon Darts|p1a: Pelipper
|-damage|p1a: Pelipper|61/100
|-anim|p2a: Dragapult|Dragon Darts|p1a: Pelipper
|-damage|p1a: Pelipper|24/100
|move|p1a: Pelipper|Hurricane|p2a: Dragapult
|-damage|p2a: Dragapult|0 fnt
|faint|p2a: Dragapult
|
|-weather|RainDance|[upkeep]
|upkeep
|
|t:|1779953444
|switch|p2a: Corviknight|Corviknight, F, shiny|54/100
|turn|23
|
|t:|1779953451
|move|p2a: Corviknight|Roost|p2a: Corviknight
|-heal|p2a: Corviknight|100/100
|-singleturn|p2a: Corviknight|move: Roost
|move|p1a: Pelipper|Weather Ball|p2a: Corviknight
|-damage|p2a: Corviknight|51/100
|
|-weather|RainDance|[upkeep]
|upkeep
|turn|24
|
|t:|1779953462
|move|p2a: Corviknight|Roost|p2a: Corviknight
|-heal|p2a: Corviknight|100/100
|-singleturn|p2a: Corviknight|move: Roost
|move|p1a: Pelipper|Roost|p1a: Pelipper
|-heal|p1a: Pelipper|74/100
|-singleturn|p1a: Pelipper|move: Roost
|
|-weather|RainDance|[upkeep]
|upkeep
|turn|25
|
|t:|1779953475
|move|p2a: Corviknight|Defog|p1a: Pelipper
|-unboost|p1a: Pelipper|evasion|1
|move|p1a: Pelipper|Roost|p1a: Pelipper
|-heal|p1a: Pelipper|100/100
|-singleturn|p1a: Pelipper|move: Roost
|
|-weather|RainDance|[upkeep]
|upkeep
|turn|26
|
|t:|1779953502
|move|p2a: Corviknight|Body Press|p1a: Pelipper
|-resisted|p1a: Pelipper
|-crit|p1a: Pelipper
|-damage|p1a: Pelipper|86/100
|move|p1a: Pelipper|Weather Ball|p2a: Corviknight
|-damage|p2a: Corviknight|55/100
|
|-weather|RainDance|[upkeep]
|upkeep
|turn|27
|
|t:|1779953511
|move|p2a: Corviknight|Roost|p2a: Corviknight
|-heal|p2a: Corviknight|100/100
|-singleturn|p2a: Corviknight|move: Roost
|move|p1a: Pelipper|Weather Ball|p2a: Corviknight
|-damage|p2a: Corviknight|49/100
|
|-weather|RainDance|[upkeep]
|upkeep
|turn|28
|
|t:|1779953521
|move|p2a: Corviknight|Roost|p2a: Corviknight
|-heal|p2a: Corviknight|99/100
|-singleturn|p2a: Corviknight|move: Roost
|move|p1a: Pelipper|Weather Ball|p2a: Corviknight
|-damage|p2a: Corviknight|52/100
|
|-weather|RainDance|[upkeep]
|upkeep
|turn|29
|
|t:|1779953531
|move|p2a: Corviknight|Roost|p2a: Corviknight
|-heal|p2a: Corviknight|100/100
|-singleturn|p2a: Corviknight|move: Roost
|move|p1a: Pelipper|U-turn|p2a: Corviknight
|-resisted|p2a: Corviknight
|-damage|p2a: Corviknight|98/100
|-damage|p1a: Pelipper|69/100|[from] item: Rocky Helmet|[of] p2a: Corviknight
|
|t:|1779953534
|switch|p1a: Barraskewda|Barraskewda, M|91/100|[from] U-turn
|
|-weather|none
|upkeep
|turn|30
|
|t:|1779953552
|switch|p1a: Pelipper|Pelipper, M|69/100
|-weather|RainDance|[from] ability: Drizzle|[of] p1a: Pelipper
|move|p2a: Corviknight|U-turn|p1a: Pelipper
|-resisted|p1a: Pelipper
|-damage|p1a: Pelipper|63/100
|
|t:|1779953561
|switch|p2a: Charizard|Charizard, F|100/100|[from] U-turn
|
|-weather|RainDance|[upkeep]
|upkeep
|turn|31
|
|t:|1779953573
|move|p2a: Charizard|Rock Tomb|p1a: Pelipper
|-supereffective|p1a: Pelipper
|-damage|p1a: Pelipper|44/100
|-unboost|p1a: Pelipper|spe|1
|move|p1a: Pelipper|Weather Ball|p2a: Charizard
|-supereffective|p2a: Charizard
|-enditem|p2a: Charizard|Focus Sash
|-damage|p2a: Charizard|1/100
|
|-weather|RainDance|[upkeep]
|upkeep
|turn|32
|
|t:|1779953585
|move|p2a: Charizard|Overheat|p1a: Pelipper
|-resisted|p1a: Pelipper
|-damage|p1a: Pelipper|13/100
|-unboost|p2a: Charizard|spa|2
|move|p1a: Pelipper|Roost|p1a: Pelipper
|-heal|p1a: Pelipper|63/100
|-singleturn|p1a: Pelipper|move: Roost
|
|-weather|RainDance|[upkeep]
|upkeep
|turn|33
|-message|LL8888 forfeited.
|
|win|OujAxy
|raw|OujAxy's rating: 1427 &rarr; <strong>1447</strong><br />(+20 for winning)
|raw|LL8888's rating: 1432 &rarr; <strong>1412</strong><br />(-20 for losing)
|l|☆LL8888
|player|p2|
