|j|☆itsjustrps
|j|☆ja hoi
|t:|1779819009
|gametype|singles
|player|p1|itsjustrps|1|1642
|player|p2|ja hoi|170|1570
|gen|9
|tier|[Gen 9] OU
|rated|
|rule|HP Percentage Mod: HP is shown in percentages
|rule|Endless Battle Clause: Forcing endless battles is banned
|rule|Species Clause: Limit one of each Pokémon
|rule|OHKO Clause: OHKO moves are banned
|rule|Evasion Items Clause: Evasion items are banned
|rule|Evasion Moves Clause: Evasion moves are banned
|rule|Evasion Abilities Clause: Evasion abilities are banned
|rule|Sleep Moves Clause: Sleep-inducing moves are banned
|clearpoke
|poke|p1|Clodsire, F|
|poke|p1|Dondozo, F|
|poke|p1|Garganacl, M|
|poke|p1|Kyurem|
|poke|p1|Corviknight, M|
|poke|p1|Tornadus-Therian, M|
|poke|p2|Quaquaval, F|
|poke|p2|Zamazenta-*|
|poke|p2|Dragapult, M|
|poke|p2|Garganacl, M|
|poke|p2|Grimmsnarl, M|
|poke|p2|Iron Moth|
|teampreview
|inactive|Battle timer is ON: inactive players will automatically lose when time's up. (requested by itsjustrps)
|
|t:|1779819032
|teamsize|p1|6
|teamsize|p2|6
|start
|switch|p1a: Tornadus|Tornadus-Therian, M|100/100
|switch|p2a: Grimmsnarl|Grimmsnarl, M|100/100
|turn|1
|
|t:|1779819043
|move|p2a: Grimmsnarl|Reflect|p2a: Grimmsnarl
|-sidestart|p2: ja hoi|Reflect
|move|p1a: Tornadus|Taunt|p2a: Grimmsnarl
|-start|p2a: Grimmsnarl|move: Taunt
|
|upkeep
|turn|2
|
|t:|1779819049
|switch|p2a: Garganacl|Garganacl, M|100/100
|move|p1a: Tornadus|Knock Off|p2a: Garganacl
|-damage|p2a: Garganacl|92/100
|-enditem|p2a: Garganacl|Leftovers|[from] move: Knock Off|[of] p1a: Tornadus
|
|upkeep
|turn|3
|
|t:|1779819056
|move|p1a: Tornadus|Taunt|p2a: Garganacl
|-start|p2a: Garganacl|move: Taunt
|move|p2a: Garganacl|Salt Cure|p1a: Tornadus
|-supereffective|p1a: Tornadus
|-damage|p1a: Tornadus|67/100
|-start|p1a: Tornadus|Salt Cure
|
|-damage|p1a: Tornadus|55/100|[from] Salt Cure
|upkeep
|turn|4
|
|t:|1779819064
|move|p1a: Tornadus|U-turn|p2a: Garganacl
|-damage|p2a: Garganacl|86/100
|
|t:|1779819070
|switch|p1a: Corviknight|Corviknight, M|100/100|[from] U-turn
|-ability|p1a: Corviknight|Pressure
|move|p2a: Garganacl|Salt Cure|p1a: Corviknight
|-damage|p1a: Corviknight|88/100
|
|upkeep
|turn|5
|
|t:|1779819090
|move|p1a: Corviknight|U-turn|p2a: Garganacl
|-damage|p2a: Garganacl|80/100
|
|t:|1779819093
|switch|p1a: Tornadus|Tornadus-Therian, M|88/100|[from] U-turn
|move|p2a: Garganacl|Salt Cure|p1a: Tornadus
|-supereffective|p1a: Tornadus
|-damage|p1a: Tornadus|59/100
|-start|p1a: Tornadus|Salt Cure
|
|-damage|p1a: Tornadus|47/100|[from] Salt Cure
|-end|p2a: Garganacl|move: Taunt
|upkeep
|turn|6
|inactive|ja hoi has 120 seconds left.
|
|t:|1779819124
|move|p1a: Tornadus|U-turn|p2a: Garganacl
|-damage|p2a: Garganacl|75/100
|
|t:|1779819142
|switch|p1a: Corviknight|Corviknight, M|88/100|[from] U-turn
|-ability|p1a: Corviknight|Pressure
|move|p2a: Garganacl|Salt Cure|p1a: Corviknight
|-damage|p1a: Corviknight|75/100
|
|upkeep
|turn|7
|inactive|ja hoi has 120 seconds left.
|
|t:|1779819159
|move|p1a: Corviknight|Brave Bird|p2a: Garganacl
|-resisted|p2a: Garganacl
|-damage|p2a: Garganacl|68/100
|-damage|p1a: Corviknight|73/100|[from] Recoil
|move|p2a: Garganacl|Iron Defense|p2a: Garganacl
|-boost|p2a: Garganacl|def|2
|
|upkeep
|turn|8
|inactive|ja hoi has 120 seconds left.
|
|t:|1779819180
|move|p1a: Corviknight|U-turn|p2a: Garganacl
|-damage|p2a: Garganacl|66/100
|
|t:|1779819186
|switch|p1a: Clodsire|Clodsire, F|100/100|[from] U-turn
|move|p2a: Garganacl|Salt Cure|p1a: Clodsire
|-resisted|p1a: Clodsire
|-damage|p1a: Clodsire|93/100
|-start|p1a: Clodsire|Salt Cure
|
|-damage|p1a: Clodsire|80/100|[from] Salt Cure
|-sideend|p2: ja hoi|Reflect
|upkeep
|turn|9
|
|t:|1779819194
|move|p2a: Garganacl|Body Press|p1a: Clodsire
|-resisted|p1a: Clodsire
|-damage|p1a: Clodsire|67/100
|move|p1a: Clodsire|Stealth Rock|p2a: Garganacl
|-sidestart|p2: ja hoi|move: Stealth Rock
|
|-damage|p1a: Clodsire|55/100|[from] Salt Cure
|upkeep
|turn|10
|
|t:|1779819201
|move|p2a: Garganacl|Iron Defense|p2a: Garganacl
|-boost|p2a: Garganacl|def|2
|move|p1a: Clodsire|Recover|p1a: Clodsire
|-heal|p1a: Clodsire|100/100
|
|-damage|p1a: Clodsire|88/100|[from] Salt Cure
|upkeep
|turn|11
|
|t:|1779819219
|switch|p1a: Tornadus|Tornadus-Therian, M|80/100
|move|p2a: Garganacl|Body Press|p1a: Tornadus
|-resisted|p1a: Tornadus
|-damage|p1a: Tornadus|44/100
|
|upkeep
|turn|12
|
|t:|1779819226
|move|p1a: Tornadus|U-turn|p2a: Garganacl
|-damage|p2a: Garganacl|62/100
|
|t:|1779819227
|switch|p1a: Clodsire|Clodsire, F|88/100|[from] U-turn
|move|p2a: Garganacl|Salt Cure|p1a: Clodsire
|-resisted|p1a: Clodsire
|-damage|p1a: Clodsire|81/100
|-start|p1a: Clodsire|Salt Cure
|
|-damage|p1a: Clodsire|68/100|[from] Salt Cure
|upkeep
|turn|13
|
|t:|1779819236
|move|p2a: Garganacl|Body Press|p1a: Clodsire
|-resisted|p1a: Clodsire
|-damage|p1a: Clodsire|55/100
|move|p1a: Clodsire|Earthquake|p2a: Garganacl
|-supereffective|p2a: Garganacl
|-damage|p2a: Garganacl|24/100
|
|-damage|p1a: Clodsire|42/100|[from] Salt Cure
|upkeep
|turn|14
|
|t:|1779819245
|move|p2a: Garganacl|Recover|p2a: Garganacl
|-heal|p2a: Garganacl|74/100
|move|p1a: Clodsire|Recover|p1a: Clodsire
|-heal|p1a: Clodsire|92/100
|
|-damage|p1a: Clodsire|80/100|[from] Salt Cure
|upkeep
|turn|15
|
|t:|1779819253
|switch|p2a: Grimmsnarl|Grimmsnarl, M|100/100
|-damage|p2a: Grimmsnarl|88/100|[from] Stealth Rock
|move|p1a: Clodsire|Earthquake|p2a: Grimmsnarl
|-damage|p2a: Grimmsnarl|52/100
|
|-damage|p1a: Clodsire|67/100|[from] Salt Cure
|upkeep
|turn|16
|
|t:|1779819261
|switch|p1a: Corviknight|Corviknight, M|73/100
|-ability|p1a: Corviknight|Pressure
|move|p2a: Grimmsnarl|Taunt|p1a: Corviknight
|-start|p1a: Corviknight|move: Taunt
|
|upkeep
|turn|17
|
|t:|1779819268
|move|p2a: Grimmsnarl|Reflect|p2a: Grimmsnarl
|-sidestart|p2: ja hoi|Reflect
|move|p1a: Corviknight|U-turn|p2a: Grimmsnarl
|-damage|p2a: Grimmsnarl|43/100
|
|t:|1779819273
|switch|p1a: Tornadus|Tornadus-Therian, M|77/100|[from] U-turn
|
|upkeep
|turn|18
|
|t:|1779819278
|move|p2a: Grimmsnarl|Light Screen|p2a: Grimmsnarl
|-sidestart|p2: ja hoi|move: Light Screen
|move|p1a: Tornadus|Knock Off|p2a: Grimmsnarl
|-resisted|p2a: Grimmsnarl
|-damage|p2a: Grimmsnarl|40/100
|-enditem|p2a: Grimmsnarl|Light Clay|[from] move: Knock Off|[of] p1a: Tornadus
|
|upkeep
|turn|19
|
|t:|1779819284
|move|p2a: Grimmsnarl|Parting Shot|p1a: Tornadus
|-unboost|p1a: Tornadus|atk|1
|-unboost|p1a: Tornadus|spa|1
|
|t:|1779819289
|switch|p2a: Garganacl|Garganacl, M|74/100|[from] Parting Shot
|-damage|p2a: Garganacl|62/100|[from] Stealth Rock
|move|p1a: Tornadus|Taunt|p2a: Garganacl
|-start|p2a: Garganacl|move: Taunt
|
|upkeep
|turn|20
|
|t:|1779819299
|move|p1a: Tornadus|U-turn|p2a: Garganacl
|-damage|p2a: Garganacl|58/100
|
|t:|1779819301
|switch|p1a: Corviknight|Corviknight, M|73/100|[from] U-turn
|-ability|p1a: Corviknight|Pressure
|move|p2a: Garganacl|Salt Cure|p1a: Corviknight
|-damage|p1a: Corviknight|61/100
|
|upkeep
|turn|21
|
|t:|1779819320
|move|p1a: Corviknight|Defog|p2a: Garganacl
|-unboost|p2a: Garganacl|evasion|1
|-sideend|p2: ja hoi|Reflect
|-sideend|p2: ja hoi|move: Light Screen
|-sideend|p2: ja hoi|Stealth Rock|[from] move: Defog|[of] p1a: Corviknight
|move|p2a: Garganacl|Body Press|p1a: Corviknight
|-damage|p1a: Corviknight|43/100
|
|-end|p2a: Garganacl|move: Taunt
|upkeep
|turn|22
|
|t:|1779819329
|move|p1a: Corviknight|Roost|p1a: Corviknight
|-heal|p1a: Corviknight|93/100
|-singleturn|p1a: Corviknight|move: Roost
|move|p2a: Garganacl|Iron Defense|p2a: Garganacl
|-boost|p2a: Garganacl|def|2
|
|upkeep
|turn|23
|
|t:|1779819337
|move|p1a: Corviknight|U-turn|p2a: Garganacl
|-damage|p2a: Garganacl|53/100
|
|t:|1779819339
|switch|p1a: Tornadus|Tornadus-Therian, M|100/100|[from] U-turn
|move|p2a: Garganacl|Salt Cure|p1a: Tornadus
|-supereffective|p1a: Tornadus
|-damage|p1a: Tornadus|69/100
|-start|p1a: Tornadus|Salt Cure
|
|-damage|p1a: Tornadus|57/100|[from] Salt Cure
|upkeep
|turn|24
|
|t:|1779819348
|move|p1a: Tornadus|U-turn|p2a: Garganacl
|-damage|p2a: Garganacl|47/100
|
|t:|1779819351
|switch|p1a: Clodsire|Clodsire, F|67/100|[from] U-turn
|move|p2a: Garganacl|Body Press|p1a: Clodsire
|-resisted|p1a: Clodsire
|-damage|p1a: Clodsire|54/100
|
|upkeep
|turn|25
|
|t:|1779819363
|move|p2a: Garganacl|Salt Cure|p1a: Clodsire
|-resisted|p1a: Clodsire
|-damage|p1a: Clodsire|47/100
|-start|p1a: Clodsire|Salt Cure
|move|p1a: Clodsire|Recover|p1a: Clodsire
|-heal|p1a: Clodsire|97/100
|
|-damage|p1a: Clodsire|84/100|[from] Salt Cure
|upkeep
|turn|26
|
|t:|1779819382
|move|p2a: Garganacl|Salt Cure|p1a: Clodsire
|-resisted|p1a: Clodsire
|-damage|p1a: Clodsire|76/100
|move|p1a: Clodsire|Earthquake|p2a: Garganacl
|-supereffective|p2a: Garganacl
|-damage|p2a: Garganacl|8/100
|
|-damage|p1a: Clodsire|63/100|[from] Salt Cure
|upkeep
|turn|27
|
|t:|1779819401
|switch|p1a: Tornadus|Tornadus-Therian, M|90/100
|move|p2a: Garganacl|Salt Cure|p1a: Tornadus
|-supereffective|p1a: Tornadus
|-damage|p1a: Tornadus|56/100
|-start|p1a: Tornadus|Salt Cure
|
|-damage|p1a: Tornadus|44/100|[from] Salt Cure
|upkeep
|turn|28
|
|t:|1779819409
|move|p1a: Tornadus|Knock Off|p2a: Garganacl
|-damage|p2a: Garganacl|2/100
|move|p2a: Garganacl|Salt Cure|p1a: Tornadus
|-supereffective|p1a: Tornadus
|-damage|p1a: Tornadus|10/100
|
|-damage|p1a: Tornadus|0 fnt|[from] Salt Cure
|faint|p1a: Tornadus
|upkeep
|
|t:|1779819413
|switch|p1a: Corviknight|Corviknight, M|93/100
|-ability|p1a: Corviknight|Pressure
|turn|29
|
|t:|1779819421
|move|p1a: Corviknight|U-turn|p2a: Garganacl
|-damage|p2a: Garganacl|0 fnt
|faint|p2a: Garganacl
|
|t:|1779819425
|switch|p1a: Kyurem|Kyurem|100/100|[from] U-turn
|-ability|p1a: Kyurem|Pressure
|
|upkeep
|
|t:|1779819431
|switch|p2a: Zamazenta|Zamazenta|100/100
|-ability|p2a: Zamazenta|Dauntless Shield|boost
|-boost|p2a: Zamazenta|def|1
|turn|30
|
|t:|1779819437
|move|p1a: Kyurem|Protect|p1a: Kyurem
|-singleturn|p1a: Kyurem|Protect
|move|p2a: Zamazenta|Iron Defense|p2a: Zamazenta
|-boost|p2a: Zamazenta|def|2
|
|upkeep
|turn|31
|
|t:|1779819442
|switch|p1a: Dondozo|Dondozo, F|100/100
|move|p2a: Zamazenta|Body Press|p1a: Dondozo
|-damage|p1a: Dondozo|88/100
|
|-heal|p1a: Dondozo|94/100|[from] item: Leftovers
|upkeep
|turn|32
|
|t:|1779819450
|switch|p2a: Iron Moth|Iron Moth|100/100
|-enditem|p2a: Iron Moth|Booster Energy
|-activate|p2a: Iron Moth|ability: Quark Drive|[fromitem]
|-start|p2a: Iron Moth|quarkdrivespa
|move|p1a: Dondozo|Waterfall|p2a: Iron Moth
|-supereffective|p2a: Iron Moth
|-damage|p2a: Iron Moth|13/100
|
|-heal|p1a: Dondozo|99/100|[from] item: Leftovers
|upkeep
|turn|33
|
|t:|1779819458
|switch|p1a: Clodsire|Clodsire, F|63/100
|move|p2a: Iron Moth|Energy Ball|p1a: Clodsire
|-damage|p1a: Clodsire|37/100
|
|upkeep
|turn|34
|
|t:|1779819466
|-terastallize|p2a: Iron Moth|Fire
|move|p2a: Iron Moth|Fiery Dance|p1a: Clodsire
|-damage|p1a: Clodsire|0 fnt
|-boost|p2a: Iron Moth|spa|1
|faint|p1a: Clodsire
|
|upkeep
|inactive|itsjustrps has 120 seconds left.
|
|t:|1779819505
|switch|p1a: Dondozo|Dondozo, F|99/100
|turn|35
|
|t:|1779819514
|-terastallize|p1a: Dondozo|Fairy
|move|p2a: Iron Moth|Sludge Wave|p1a: Dondozo
|-supereffective|p1a: Dondozo
|-damage|p1a: Dondozo|0 fnt
|faint|p1a: Dondozo
|
|upkeep
|c|☆ja hoi|jesus
|c|☆ja hoi|what a call
|inactive|itsjustrps has 120 seconds left.
|
|t:|1779819526
|switch|p1a: Kyurem|Kyurem|100/100
|-ability|p1a: Kyurem|Pressure
|turn|36
|
|t:|1779819530
|move|p2a: Iron Moth|Fiery Dance|p1a: Kyurem
|-damage|p1a: Kyurem|0 fnt
|-boost|p2a: Iron Moth|spa|1
|faint|p1a: Kyurem
|
|upkeep
|c|☆ja hoi|gg
|-message|itsjustrps forfeited.
|
|win|ja hoi
|raw|itsjustrps's rating: 1642 &rarr; <strong>1618</strong><br />(-24 for losing)
|raw|ja hoi's rating: 1570 &rarr; <strong>1594</strong><br />(+24 for winning)
|l|☆ja hoi
|player|p2|
