|j|☆hat_fm
|j|☆Archerdadon
|t:|1779846915
|gametype|singles
|player|p1|hat_fm|pilot|1256
|player|p2|Archerdadon|marshal|1307
|gen|9
|tier|[Gen 9] OU
|rated|
|rule|HP Percentage Mod: HP is shown in percentages
|rule|Endless Battle Clause: Forcing endless battles is banned
|rule|Species Clause: Limit one of each Pokémon
|rule|OHKO Clause: OHKO moves are banned
|rule|Evasion Items Clause: Evasion items are banned
|rule|Evasion Moves Clause: Evasion moves are banned
|rule|Evasion Abilities Clause: Evasion abilities are banned
|rule|Sleep Moves Clause: Sleep-inducing moves are banned
|clearpoke
|poke|p1|Zamazenta-*|
|poke|p1|Ceruledge, F|
|poke|p1|Scizor, M|
|poke|p1|Donphan, F|
|poke|p1|Lycanroc-Dusk, F|
|poke|p1|Florges, F|
|poke|p2|Dondozo, M|
|poke|p2|Great Tusk|
|poke|p2|Ting-Lu|
|poke|p2|Glimmora, F|
|poke|p2|Scizor, M|
|poke|p2|Weezing-Galar, M|
|teampreview
|
|t:|1779846922
|teamsize|p1|6
|teamsize|p2|6
|start
|switch|p1a: Donphan|Donphan, F|100/100
|switch|p2a: Glimmora|Glimmora, F|100/100
|turn|1
|
|t:|1779846943
|move|p2a: Glimmora|Sludge Wave|p1a: Donphan
|-resisted|p1a: Donphan
|-damage|p1a: Donphan|65/100
|move|p1a: Donphan|Rapid Spin|p2a: Glimmora
|-resisted|p2a: Glimmora
|-damage|p2a: Glimmora|92/100
|-boost|p1a: Donphan|spe|1
|-activate|p2a: Glimmora|ability: Toxic Debris
|-sidestart|p1: hat_fm|move: Toxic Spikes
|-sideend|p1: hat_fm|Toxic Spikes|[from] move: Rapid Spin|[of] p1a: Donphan
|
|upkeep
|turn|2
|
|t:|1779846960
|switch|p2a: Great Tusk|Great Tusk|100/100
|move|p1a: Donphan|Stealth Rock|p2a: Great Tusk
|-sidestart|p2: Archerdadon|move: Stealth Rock
|
|upkeep
|turn|3
|
|t:|1779846970
|move|p2a: Great Tusk|Ice Spinner|p1a: Donphan
|-supereffective|p1a: Donphan
|-damage|p1a: Donphan|38/100
|-damage|p2a: Great Tusk|84/100|[from] item: Rocky Helmet|[of] p1a: Donphan
|move|p1a: Donphan|Earthquake|p2a: Great Tusk
|-damage|p2a: Great Tusk|65/100
|
|upkeep
|turn|4
|
|t:|1779846978
|move|p2a: Great Tusk|Rapid Spin|p1a: Donphan
|-damage|p1a: Donphan|29/100
|-boost|p2a: Great Tusk|spe|1
|-damage|p2a: Great Tusk|48/100|[from] item: Rocky Helmet|[of] p1a: Donphan
|-sideend|p2: Archerdadon|Stealth Rock|[from] move: Rapid Spin|[of] p2a: Great Tusk
|move|p1a: Donphan|Earthquake|p2a: Great Tusk
|-damage|p2a: Great Tusk|27/100
|
|upkeep
|turn|5
|
|t:|1779846984
|move|p2a: Great Tusk|Ice Spinner|p1a: Donphan
|-supereffective|p1a: Donphan
|-damage|p1a: Donphan|1/100
|-damage|p2a: Great Tusk|10/100|[from] item: Rocky Helmet|[of] p1a: Donphan
|move|p1a: Donphan|Stealth Rock|p2a: Great Tusk
|-sidestart|p2: Archerdadon|move: Stealth Rock
|
|upkeep
|turn|6
|
|t:|1779846994
|move|p2a: Great Tusk|Rapid Spin|p1a: Donphan
|-damage|p1a: Donphan|0 fnt
|-boost|p2a: Great Tusk|spe|1
|-damage|p2a: Great Tusk|0 fnt|[from] item: Rocky Helmet|[of] p1a: Donphan
|faint|p1a: Donphan
|faint|p2a: Great Tusk
|-end|p2a: Great Tusk|Protosynthesis|[silent]
|
|upkeep
|inactive|Battle timer is ON: inactive players will automatically lose when time's up. (requested by Archerdadon)
|
|t:|1779847047
|switch|p2a: Glimmora|Glimmora, F|92/100
|switch|p1a: Florges|Florges, F|100/100
|-damage|p2a: Glimmora|80/100|[from] Stealth Rock
|turn|7
|
|t:|1779847055
|switch|p1a: Scizor|Scizor, M|100/100
|move|p2a: Glimmora|Sludge Wave|p1a: Scizor
|-immune|p1a: Scizor
|
|upkeep
|turn|8
|
|t:|1779847062
|move|p2a: Glimmora|Power Gem|p1a: Scizor
|-damage|p1a: Scizor|47/100
|move|p1a: Scizor|Swords Dance|p1a: Scizor
|-boost|p1a: Scizor|atk|2
|
|upkeep
|turn|9
|
|t:|1779847077
|move|p1a: Scizor|Bullet Punch|p2a: Glimmora
|-supereffective|p2a: Glimmora
|-damage|p2a: Glimmora|0 fnt
|-activate|p2a: Glimmora|ability: Toxic Debris
|-sidestart|p1: hat_fm|move: Toxic Spikes
|faint|p2a: Glimmora
|-damage|p1a: Scizor|38/100|[from] item: Life Orb
|
|upkeep
|
|t:|1779847085
|switch|p2a: Dondozo|Dondozo, M|100/100
|-damage|p2a: Dondozo|88/100|[from] Stealth Rock
|turn|10
|
|t:|1779847089
|move|p1a: Scizor|Knock Off|p2a: Dondozo
|-damage|p2a: Dondozo|65/100
|-enditem|p2a: Dondozo|Leftovers|[from] move: Knock Off|[of] p1a: Scizor
|-damage|p1a: Scizor|28/100|[from] item: Life Orb
|move|p2a: Dondozo|Waterfall|p1a: Scizor
|-damage|p1a: Scizor|2/100
|
|upkeep
|turn|11
|
|t:|1779847101
|move|p1a: Scizor|Bullet Punch|p2a: Dondozo
|-resisted|p2a: Dondozo
|-damage|p2a: Dondozo|54/100
|-damage|p1a: Scizor|0 fnt|[from] item: Life Orb
|faint|p1a: Scizor
|move|p2a: Dondozo|Waterfall|p1: Scizor|[notarget]
|-fail|p2a: Dondozo
|
|upkeep
|
|t:|1779847113
|switch|p1a: Florges|Florges, F|100/100
|-status|p1a: Florges|psn
|turn|12
|
|t:|1779847132
|switch|p2a: Scizor|Scizor, M|100/100
|-damage|p2a: Scizor|88/100|[from] Stealth Rock
|move|p1a: Florges|Moonblast|p2a: Scizor
|-resisted|p2a: Scizor
|-damage|p2a: Scizor|58/100
|
|-damage|p1a: Florges|88/100 psn|[from] psn
|upkeep
|turn|13
|inactive|hat_fm has 120 seconds left.
|
|t:|1779847163
|switch|p1a: Ceruledge|Ceruledge, F|100/100
|-status|p1a: Ceruledge|psn
|move|p2a: Scizor|Knock Off|p1a: Ceruledge
|-supereffective|p1a: Ceruledge
|-enditem|p1a: Ceruledge|Focus Sash
|-damage|p1a: Ceruledge|1/100 psn
|-ability|p1a: Ceruledge|Weak Armor|boost
|-unboost|p1a: Ceruledge|def|1
|-boost|p1a: Ceruledge|spe|2
|
|-damage|p1a: Ceruledge|0 fnt|[from] psn
|faint|p1a: Ceruledge
|upkeep
|
|t:|1779847171
|switch|p1a: Lycanroc|Lycanroc-Dusk, F|100/100
|-status|p1a: Lycanroc|psn
|turn|14
|
|t:|1779847184
|switch|p2a: Dondozo|Dondozo, M|54/100
|-damage|p2a: Dondozo|42/100|[from] Stealth Rock
|move|p1a: Lycanroc|Accelerock|p2a: Dondozo
|-damage|p2a: Dondozo|27/100
|-damage|p1a: Lycanroc|91/100 psn|[from] item: Life Orb
|
|-damage|p1a: Lycanroc|78/100 psn|[from] psn
|upkeep
|turn|15
|inactive|hat_fm has 120 seconds left.
|
|t:|1779847202
|-terastallize|p1a: Lycanroc|Psychic
|move|p1a: Lycanroc|Zen Headbutt|p2a: Dondozo
|-damage|p2a: Dondozo|0 fnt
|faint|p2a: Dondozo
|-damage|p1a: Lycanroc|68/100 psn|[from] item: Life Orb
|
|-damage|p1a: Lycanroc|56/100 psn|[from] psn
|upkeep
|
|t:|1779847216
|switch|p2a: Scizor|Scizor, M|58/100
|-damage|p2a: Scizor|45/100|[from] Stealth Rock
|turn|16
|
|t:|1779847221
|move|p1a: Lycanroc|Accelerock|p2a: Scizor
|-damage|p2a: Scizor|11/100
|-damage|p1a: Lycanroc|46/100 psn|[from] item: Life Orb
|move|p2a: Scizor|Bullet Punch|p1a: Lycanroc
|-damage|p1a: Lycanroc|0 fnt
|faint|p1a: Lycanroc
|
|upkeep
|
|t:|1779847227
|switch|p1a: Zamazenta|Zamazenta|100/100
|-status|p1a: Zamazenta|psn
|-ability|p1a: Zamazenta|Dauntless Shield|boost
|-boost|p1a: Zamazenta|def|1
|turn|17
|
|t:|1779847242
|switch|p2a: Weezing|Weezing-Galar, M|100/100
|-ability|p2a: Weezing|Neutralizing Gas
|-damage|p2a: Weezing|88/100|[from] Stealth Rock
|move|p1a: Zamazenta|Body Press|p2a: Weezing
|-resisted|p2a: Weezing
|-damage|p2a: Weezing|78/100
|
|-heal|p2a: Weezing|84/100|[from] item: Leftovers
|-damage|p1a: Zamazenta|88/100 psn|[from] psn
|upkeep
|turn|18
|
|t:|1779847251
|move|p2a: Weezing|Strange Steam|p1a: Zamazenta
|-supereffective|p1a: Zamazenta
|-damage|p1a: Zamazenta|46/100 psn
|move|p1a: Zamazenta|Roar|p2a: Weezing
|-end|p2a: Weezing|ability: Neutralizing Gas
|drag|p2a: Ting-Lu|Ting-Lu|100/100
|-damage|p2a: Ting-Lu|94/100|[from] Stealth Rock
|-ability|p2a: Ting-Lu|Vessel of Ruin
|
|-heal|p1a: Zamazenta|52/100 psn|[from] item: Leftovers
|-heal|p2a: Ting-Lu|100/100|[from] item: Leftovers
|-damage|p1a: Zamazenta|39/100 psn|[from] psn
|upkeep
|turn|19
|
|t:|1779847267
|switch|p2a: Weezing|Weezing-Galar, M|84/100
|-ability|p2a: Weezing|Neutralizing Gas
|-damage|p2a: Weezing|72/100|[from] Stealth Rock
|move|p1a: Zamazenta|Body Press|p2a: Weezing
|-resisted|p2a: Weezing
|-damage|p2a: Weezing|61/100
|
|-heal|p1a: Zamazenta|46/100 psn|[from] item: Leftovers
|-heal|p2a: Weezing|67/100|[from] item: Leftovers
|-damage|p1a: Zamazenta|33/100 psn|[from] psn
|upkeep
|turn|20
|
|t:|1779847279
|move|p1a: Zamazenta|Body Press|p2a: Weezing
|-resisted|p2a: Weezing
|-damage|p2a: Weezing|56/100
|move|p2a: Weezing|Strange Steam|p1a: Zamazenta|[miss]
|-miss|p2a: Weezing|p1a: Zamazenta
|
|-heal|p1a: Zamazenta|39/100 psn|[from] item: Leftovers
|-heal|p2a: Weezing|62/100|[from] item: Leftovers
|-damage|p1a: Zamazenta|27/100 psn|[from] psn
|upkeep
|turn|21
|
|t:|1779847284
|move|p1a: Zamazenta|Body Press|p2a: Weezing
|-resisted|p2a: Weezing
|-damage|p2a: Weezing|50/100
|move|p2a: Weezing|Strange Steam|p1a: Zamazenta
|-supereffective|p1a: Zamazenta
|-damage|p1a: Zamazenta|0 fnt
|faint|p1a: Zamazenta
|
|-heal|p2a: Weezing|56/100|[from] item: Leftovers
|upkeep
|
|t:|1779847290
|switch|p1a: Florges|Florges, F|88/100 psn
|turn|22
|
|t:|1779847294
|move|p1a: Florges|Calm Mind|p1a: Florges
|-boost|p1a: Florges|spa|1
|-boost|p1a: Florges|spd|1
|move|p2a: Weezing|Sludge Bomb|p1a: Florges
|-supereffective|p1a: Florges
|-damage|p1a: Florges|64/100 psn
|
|-heal|p1a: Florges|70/100 psn|[from] item: Leftovers
|-heal|p2a: Weezing|62/100|[from] item: Leftovers
|-damage|p1a: Florges|57/100 psn|[from] psn
|upkeep
|turn|23
|
|t:|1779847301
|move|p1a: Florges|Calm Mind|p1a: Florges
|-boost|p1a: Florges|spa|1
|-boost|p1a: Florges|spd|1
|move|p2a: Weezing|Sludge Bomb|p1a: Florges
|-supereffective|p1a: Florges
|-damage|p1a: Florges|37/100 psn
|
|-heal|p1a: Florges|43/100 psn|[from] item: Leftovers
|-heal|p2a: Weezing|68/100|[from] item: Leftovers
|-damage|p1a: Florges|31/100 psn|[from] psn
|upkeep
|turn|24
|
|t:|1779847307
|move|p1a: Florges|Giga Drain|p2a: Weezing
|-resisted|p2a: Weezing
|-damage|p2a: Weezing|43/100
|-heal|p1a: Florges|44/100 psn|[from] drain|[of] p2a: Weezing
|move|p2a: Weezing|Sludge Bomb|p1a: Florges
|-supereffective|p1a: Florges
|-damage|p1a: Florges|27/100 psn
|
|-heal|p1a: Florges|33/100 psn|[from] item: Leftovers
|-heal|p2a: Weezing|49/100|[from] item: Leftovers
|-damage|p1a: Florges|21/100 psn|[from] psn
|upkeep
|turn|25
|
|t:|1779847316
|move|p1a: Florges|Psychic Noise|p2a: Weezing
|-supereffective|p2a: Weezing
|-damage|p2a: Weezing|0 fnt
|faint|p2a: Weezing
|-end|p2a: Weezing|ability: Neutralizing Gas
|
|-heal|p1a: Florges|27/100 psn|[from] item: Leftovers
|-damage|p1a: Florges|14/100 psn|[from] psn
|upkeep
|
|t:|1779847321
|switch|p2a: Scizor|Scizor, M|11/100
|-damage|p2a: Scizor|0 fnt|[from] Stealth Rock
|faint|p2a: Scizor
|
|t:|1779847323
|switch|p2a: Ting-Lu|Ting-Lu|100/100
|-damage|p2a: Ting-Lu|94/100|[from] Stealth Rock
|-ability|p2a: Ting-Lu|Vessel of Ruin
|turn|26
|
|t:|1779847334
|-terastallize|p2a: Ting-Lu|Ghost
|move|p1a: Florges|Giga Drain|p2a: Ting-Lu
|-damage|p2a: Ting-Lu|72/100
|-heal|p1a: Florges|32/100 psn|[from] drain|[of] p2a: Ting-Lu
|move|p2a: Ting-Lu|Earthquake|p1a: Florges
|-damage|p1a: Florges|0 fnt
|faint|p1a: Florges
|
|win|Archerdadon
|raw|hat_fm's rating: 1256 &rarr; <strong>1235</strong><br />(-21 for losing)
|raw|Archerdadon's rating: 1307 &rarr; <strong>1324</strong><br />(+17 for winning)
|l|☆Archerdadon
|player|p2|
|l|☆hat_fm
|player|p1|
