|j|☆ArmpitLickerr
|j|☆andjelicpwnsu
|t:|1779861909
|gametype|singles
|player|p1|ArmpitLickerr|102|1305
|player|p2|andjelicpwnsu|wallace|1347
|gen|9
|tier|[Gen 9] OU
|rated|
|rule|HP Percentage Mod: HP is shown in percentages
|rule|Endless Battle Clause: Forcing endless battles is banned
|rule|Species Clause: Limit one of each Pokémon
|rule|OHKO Clause: OHKO moves are banned
|rule|Evasion Items Clause: Evasion items are banned
|rule|Evasion Moves Clause: Evasion moves are banned
|rule|Evasion Abilities Clause: Evasion abilities are banned
|rule|Sleep Moves Clause: Sleep-inducing moves are banned
|clearpoke
|poke|p1|Garganacl, M|
|poke|p1|Quaquaval, M|
|poke|p1|Dragapult, M|
|poke|p1|Pecharunt|
|poke|p1|Maushold-Four|
|poke|p1|Alomomola, F|
|poke|p2|Hatterene, F|
|poke|p2|Iron Moth|
|poke|p2|Gliscor, F|
|poke|p2|Ogerpon-Wellspring, F|
|poke|p2|Pecharunt|
|poke|p2|Moltres-Galar|
|teampreview
|inactive|Battle timer is ON: inactive players will automatically lose when time's up. (requested by andjelicpwnsu)
|
|t:|1779861921
|teamsize|p1|6
|teamsize|p2|6
|start
|switch|p1a: Maushold|Maushold-Four|100/100
|switch|p2a: Pecharunt|Pecharunt|100/100
|turn|1
|
|t:|1779861927
|move|p1a: Maushold|Tidy Up|p1a: Maushold
|-boost|p1a: Maushold|atk|1
|-boost|p1a: Maushold|spe|1
|move|p2a: Pecharunt|Malignant Chain|p1a: Maushold
|-damage|p1a: Maushold|54/100
|
|upkeep
|turn|2
|
|t:|1779861935
|move|p1a: Maushold|Bite|p2a: Pecharunt
|-supereffective|p2a: Pecharunt
|-damage|p2a: Pecharunt|67/100
|move|p2a: Pecharunt|Malignant Chain|p1a: Maushold
|-damage|p1a: Maushold|7/100
|
|upkeep
|turn|3
|
|t:|1779861947
|move|p1a: Maushold|Bite|p2a: Pecharunt
|-supereffective|p2a: Pecharunt
|-crit|p2a: Pecharunt
|-damage|p2a: Pecharunt|18/100
|cant|p2a: Pecharunt|flinch
|
|upkeep
|turn|4
|
|t:|1779861953
|switch|p2a: Gliscor|Gliscor, F|100/100
|move|p1a: Maushold|Bite|p2a: Gliscor
|-damage|p2a: Gliscor|77/100
|
|-status|p2a: Gliscor|tox|[from] item: Toxic Orb
|upkeep
|turn|5
|
|t:|1779861962
|move|p1a: Maushold|Population Bomb|p2a: Gliscor
|-damage|p2a: Gliscor|64/100 tox
|-damage|p2a: Gliscor|51/100 tox
|-crit|p2a: Gliscor
|-damage|p2a: Gliscor|32/100 tox
|-damage|p2a: Gliscor|20/100 tox
|-damage|p2a: Gliscor|7/100 tox
|-damage|p2a: Gliscor|0 fnt
|faint|p2a: Gliscor
|-hitcount|p2: Gliscor|6
|
|upkeep
|
|t:|1779861977
|switch|p2a: Iron Moth|Iron Moth, shiny|100/100
|-enditem|p2a: Iron Moth|Booster Energy
|-activate|p2a: Iron Moth|ability: Quark Drive|[fromitem]
|-start|p2a: Iron Moth|quarkdrivespe
|turn|6
|
|t:|1779861984
|-end|p2a: Iron Moth|Quark Drive|[silent]
|switch|p2a: Pecharunt|Pecharunt|18/100
|move|p1a: Maushold|Population Bomb|p2a: Pecharunt
|-immune|p2a: Pecharunt
|
|upkeep
|turn|7
|
|t:|1779861990
|move|p1a: Maushold|Bite|p2a: Pecharunt
|-supereffective|p2a: Pecharunt
|-damage|p2a: Pecharunt|0 fnt
|faint|p2a: Pecharunt
|
|upkeep
|
|t:|1779861993
|switch|p2a: Ogerpon|Ogerpon-Wellspring, F|100/100
|turn|8
|
|t:|1779861999
|move|p1a: Maushold|Population Bomb|p2a: Ogerpon
|-damage|p2a: Ogerpon|78/100
|-damage|p2a: Ogerpon|57/100
|-damage|p2a: Ogerpon|36/100
|-damage|p2a: Ogerpon|16/100
|-damage|p2a: Ogerpon|0 fnt
|faint|p2a: Ogerpon
|-hitcount|p2: Ogerpon|5
|
|upkeep
|-message|andjelicpwnsu forfeited.
|
|win|ArmpitLickerr
|raw|ArmpitLickerr's rating: 1305 &rarr; <strong>1327</strong><br />(+22 for winning)
|raw|andjelicpwnsu's rating: 1347 &rarr; <strong>1325</strong><br />(-22 for losing)
|l|☆ArmpitLickerr
|player|p1|
|l|☆andjelicpwnsu
|player|p2|
