|j|☆clovercif
|j|☆OOdiado
|t:|1779816213
|gametype|singles
|player|p1|clovercif|lass-gen4dp|1093
|player|p2|OOdiado|blue|1073
|gen|9
|tier|[Gen 9] OU
|rated|
|rule|HP Percentage Mod: HP is shown in percentages
|rule|Endless Battle Clause: Forcing endless battles is banned
|rule|Species Clause: Limit one of each Pokémon
|rule|OHKO Clause: OHKO moves are banned
|rule|Evasion Items Clause: Evasion items are banned
|rule|Evasion Moves Clause: Evasion moves are banned
|rule|Evasion Abilities Clause: Evasion abilities are banned
|rule|Sleep Moves Clause: Sleep-inducing moves are banned
|clearpoke
|poke|p1|Moltres|
|poke|p1|Garchomp, F|
|poke|p1|Weavile, F|
|poke|p1|Dragapult, F|
|poke|p1|Primarina, F|
|poke|p1|Ogerpon, F|
|poke|p2|Virizion|
|poke|p2|Delphox, F|
|poke|p2|Gholdengo|
|poke|p2|Araquanid, F|
|poke|p2|Toxtricity-Low-Key, M|
|poke|p2|Kingambit, M|
|teampreview
|
|t:|1779816234
|teamsize|p1|6
|teamsize|p2|6
|start
|switch|p1a: 抓撓的蜥蜴|Garchomp, F|100/100
|switch|p2a: Kingambit|Kingambit, M|100/100
|turn|1
|
|t:|1779816262
|move|p1a: 抓撓的蜥蜴|Stealth Rock|p2a: Kingambit
|-sidestart|p2: OOdiado|move: Stealth Rock
|move|p2a: Kingambit|Swords Dance|p2a: Kingambit
|-boost|p2a: Kingambit|atk|2
|
|upkeep
|turn|2
|
|t:|1779816279
|move|p2a: Kingambit|Swords Dance|p2a: Kingambit
|-boost|p2a: Kingambit|atk|2
|move|p1a: 抓撓的蜥蜴|Dragon Tail|p2a: Kingambit
|-resisted|p2a: Kingambit
|-damage|p2a: Kingambit|91/100
|-end|p2a: Kingambit|fallenundefined|[silent]
|drag|p2a: Delphox|Delphox, F, shiny|100/100
|-damage|p2a: Delphox|75/100|[from] Stealth Rock
|
|upkeep
|turn|3
|
|t:|1779816292
|move|p2a: Delphox|Dazzling Gleam|p1a: 抓撓的蜥蜴
|-supereffective|p1a: 抓撓的蜥蜴
|-damage|p1a: 抓撓的蜥蜴|49/100
|move|p1a: 抓撓的蜥蜴|Spikes|p2a: Delphox
|-sidestart|p2: OOdiado|Spikes
|
|upkeep
|turn|4
|
|t:|1779816301
|switch|p1a: 著火的鳥|Moltres|100/100
|move|p2a: Delphox|Dazzling Gleam|p1a: 著火的鳥
|-resisted|p1a: 著火的鳥
|-damage|p1a: 著火的鳥|87/100
|
|upkeep
|turn|5
|
|t:|1779816344
|move|p2a: Delphox|Nasty Plot|p2a: Delphox
|-boost|p2a: Delphox|spa|2
|move|p1a: 著火的鳥|Air Slash|p2a: Delphox
|-damage|p2a: Delphox|37/100
|
|upkeep
|turn|6
|
|t:|1779816392
|move|p2a: Delphox|Psychic|p1a: 著火的鳥
|-damage|p1a: 著火的鳥|5/100
|move|p1a: 著火的鳥|Roar|p2a: Delphox
|drag|p2a: Gholdengo|Gholdengo|100/100
|-damage|p2a: Gholdengo|94/100|[from] Stealth Rock
|-damage|p2a: Gholdengo|82/100|[from] Spikes
|
|upkeep
|turn|7
|
|t:|1779816433
|switch|p1a: 抓撓的蜥蜴|Garchomp, F|49/100
|move|p2a: Gholdengo|Shadow Ball|p1a: 抓撓的蜥蜴
|-damage|p1a: 抓撓的蜥蜴|1/100
|-unboost|p1a: 抓撓的蜥蜴|spd|1
|-damage|p2a: Gholdengo|72/100|[from] item: Life Orb
|
|upkeep
|turn|8
|
|t:|1779816463
|switch|p1a: 酷葉女人|Ogerpon, F|100/100
|move|p2a: Gholdengo|Shadow Ball|p1a: 酷葉女人
|-damage|p1a: 酷葉女人|37/100
|-damage|p2a: Gholdengo|62/100|[from] item: Life Orb
|
|upkeep
|turn|9
|
|t:|1779816517
|-terastallize|p1a: 酷葉女人|Grass
|detailschange|p1a: 酷葉女人|Ogerpon-Teal-Tera, F, tera:Grass
|-ability|p1a: 酷葉女人|Embody Aspect (Teal)|boost
|-boost|p1a: 酷葉女人|spe|1
|move|p1a: 酷葉女人|Knock Off|p2a: Gholdengo
|-supereffective|p2a: Gholdengo
|-damage|p2a: Gholdengo|0 fnt
|-enditem|p2a: Gholdengo|Life Orb|[from] move: Knock Off|[of] p1a: 酷葉女人
|faint|p2a: Gholdengo
|
|upkeep
|
|t:|1779816554
|switch|p2a: Delphox|Delphox, F, shiny|37/100
|-damage|p2a: Delphox|12/100|[from] Stealth Rock
|-damage|p2a: Delphox|0 fnt|[from] Spikes
|faint|p2a: Delphox
|
|t:|1779816568
|switch|p2a: Toxtricity|Toxtricity-Low-Key, M|100/100
|-damage|p2a: Toxtricity|88/100|[from] Stealth Rock
|-damage|p2a: Toxtricity|76/100|[from] Spikes
|turn|10
|
|t:|1779816599
|switch|p1a: 三角形|Dragapult, F|100/100
|move|p2a: Toxtricity|Sludge Bomb|p1a: 三角形
|-resisted|p1a: 三角形
|-damage|p1a: 三角形|66/100
|-status|p1a: 三角形|psn
|
|-damage|p1a: 三角形|54/100 psn|[from] psn
|upkeep
|turn|11
|
|t:|1779816652
|switch|p2a: Kingambit|Kingambit, M|91/100
|-damage|p2a: Kingambit|85/100|[from] Stealth Rock
|-damage|p2a: Kingambit|72/100|[from] Spikes
|-activate|p2a: Kingambit|ability: Supreme Overlord
|-start|p2a: Kingambit|fallen2|[silent]
|move|p1a: 三角形|Draco Meteor|p2a: Kingambit
|-resisted|p2a: Kingambit
|-damage|p2a: Kingambit|43/100
|-unboost|p1a: 三角形|spa|2
|
|-damage|p1a: 三角形|42/100 psn|[from] psn
|upkeep
|turn|12
|inactive|Battle timer is ON: inactive players will automatically lose when time's up. (requested by clovercif)
|
|t:|1779816739
|move|p2a: Kingambit|Sucker Punch|p1a: 三角形
|-supereffective|p1a: 三角形
|-damage|p1a: 三角形|0 fnt
|faint|p1a: 三角形
|
|upkeep
|
|t:|1779816744
|switch|p1a: 著火的鳥|Moltres|5/100
|turn|13
|
|t:|1779816757
|move|p2a: Kingambit|Sucker Punch||[still]
|-fail|p2a: Kingambit
|move|p1a: 著火的鳥|Roar|p2a: Kingambit
|-end|p2a: Kingambit|fallen2|[silent]
|drag|p2a: Toxtricity|Toxtricity-Low-Key, M|76/100
|-damage|p2a: Toxtricity|64/100|[from] Stealth Rock
|-damage|p2a: Toxtricity|51/100|[from] Spikes
|
|upkeep
|turn|14
|
|t:|1779816783
|switch|p1a: 有趣的快速囓齒動物|Weavile, F|100/100
|move|p2a: Toxtricity|Sludge Bomb|p1a: 有趣的快速囓齒動物
|-damage|p1a: 有趣的快速囓齒動物|35/100
|-status|p1a: 有趣的快速囓齒動物|psn
|
|-damage|p1a: 有趣的快速囓齒動物|23/100 psn|[from] psn
|upkeep
|turn|15
|inactive|OOdiado has 120 seconds left.
|
|t:|1779816811
|move|p1a: 有趣的快速囓齒動物|Triple Axel|p2a: Toxtricity
|-damage|p2a: Toxtricity|35/100
|-damage|p2a: Toxtricity|2/100
|-damage|p2a: Toxtricity|0 fnt
|faint|p2a: Toxtricity
|-hitcount|p2: Toxtricity|3
|
|-damage|p1a: 有趣的快速囓齒動物|10/100 psn|[from] psn
|upkeep
|inactive|OOdiado has 90 seconds left.
|
|t:|1779816837
|switch|p2a: Virizion|Virizion|100/100
|-damage|p2a: Virizion|94/100|[from] Stealth Rock
|-damage|p2a: Virizion|82/100|[from] Spikes
|turn|16
|inactive|OOdiado has 90 seconds left.
|
|t:|1779816875
|-terastallize|p2a: Virizion|Steel
|move|p1a: 有趣的快速囓齒動物|Triple Axel|p2a: Virizion
|-resisted|p2a: Virizion
|-damage|p2a: Virizion|75/100
|-resisted|p2a: Virizion
|-damage|p2a: Virizion|62/100
|-resisted|p2a: Virizion
|-damage|p2a: Virizion|39/100
|-hitcount|p2a: Virizion|3
|move|p2a: Virizion|Sacred Sword|p1a: 有趣的快速囓齒動物
|-supereffective|p1a: 有趣的快速囓齒動物
|-damage|p1a: 有趣的快速囓齒動物|0 fnt
|faint|p1a: 有趣的快速囓齒動物
|
|upkeep
|inactive|clovercif has 120 seconds left.
|
|t:|1779816891
|switch|p1a: 酷葉女人|Ogerpon-Teal-Tera, F, tera:Grass|37/100
|-ability|p1a: 酷葉女人|Embody Aspect (Teal)|boost
|-boost|p1a: 酷葉女人|spe|1
|turn|17
|
|t:|1779816904
|move|p1a: 酷葉女人|Knock Off|p2a: Virizion
|-damage|p2a: Virizion|0 fnt
|-enditem|p2a: Virizion|Lum Berry|[from] move: Knock Off|[of] p1a: 酷葉女人
|faint|p2a: Virizion
|
|upkeep
|inactive|OOdiado has 60 seconds left.
|
|t:|1779816928
|switch|p2a: Calveca|Araquanid, F, shiny|100/100
|-damage|p2a: Calveca|75/100|[from] Stealth Rock
|-damage|p2a: Calveca|63/100|[from] Spikes
|turn|18
|inactive|OOdiado has 60 seconds left.
|
|t:|1779816949
|move|p1a: 酷葉女人|Ivy Cudgel|p2a: Calveca
|-damage|p2a: Calveca|0 fnt
|faint|p2a: Calveca
|
|upkeep
|
|t:|1779816958
|switch|p2a: Kingambit|Kingambit, M|43/100
|-damage|p2a: Kingambit|37/100|[from] Stealth Rock
|-damage|p2a: Kingambit|25/100|[from] Spikes
|-activate|p2a: Kingambit|ability: Supreme Overlord
|-start|p2a: Kingambit|fallen5|[silent]
|turn|19
|inactive|OOdiado has 30 seconds left.
|inactive|OOdiado has 20 seconds left.
|
|t:|1779817000
|move|p2a: Kingambit|Sucker Punch||[still]
|-fail|p2a: Kingambit
|move|p1a: 酷葉女人|Taunt|p2a: Kingambit
|-start|p2a: Kingambit|move: Taunt
|
|upkeep
|turn|20
|inactive|OOdiado has 30 seconds left this turn.
|inactive|OOdiado has 20 seconds left.
|inactive|OOdiado has 15 seconds left.
|inactive|OOdiado has 10 seconds left.
|
|t:|1779817023
|move|p2a: Kingambit|Sucker Punch|p1a: 酷葉女人
|-damage|p1a: 酷葉女人|0 fnt
|faint|p1a: 酷葉女人
|detailschange|p1: 酷葉女人|Ogerpon, F|[silent]
|
|upkeep
|
|t:|1779817030
|switch|p1a: 抓撓的蜥蜴|Garchomp, F|1/100
|turn|21
|inactive|OOdiado has 25 seconds left this turn.
|inactive|OOdiado has 20 seconds left.
|
|t:|1779817037
|move|p2a: Kingambit|Sucker Punch||[still]
|-fail|p2a: Kingambit
|move|p1a: 抓撓的蜥蜴|Spikes|p2a: Kingambit
|-sidestart|p2: OOdiado|Spikes
|
|upkeep
|turn|22
|inactive|OOdiado has 30 seconds left this turn.
|
|t:|1779817052
|move|p2a: Kingambit|Iron Head|p1a: 抓撓的蜥蜴
|-damage|p1a: 抓撓的蜥蜴|0 fnt
|-damage|p2a: Kingambit|12/100|[from] ability: Rough Skin|[of] p1a: 抓撓的蜥蜴
|-damage|p2a: Kingambit|0 fnt|[from] item: Rocky Helmet|[of] p1a: 抓撓的蜥蜴
|faint|p1a: 抓撓的蜥蜴
|faint|p2a: Kingambit
|-end|p2a: Kingambit|fallen5|[silent]
|
|win|clovercif
|raw|clovercif's rating: 1093 &rarr; <strong>1118</strong><br />(+25 for winning)
|raw|OOdiado's rating: 1073 &rarr; <strong>1053</strong><br />(-20 for losing)
|l|☆OOdiado
|player|p2|
|l|☆clovercif
|player|p1|
