|j|☆bluntsmoker3000
|j|☆AnonymousJon
|t:|1779888524
|gametype|singles
|player|p1|bluntsmoker3000|bugcatcher-gen4dp|1624
|player|p2|AnonymousJon|workerice|1596
|gen|9
|tier|[Gen 9] OU
|rated|
|rule|HP Percentage Mod: HP is shown in percentages
|rule|Endless Battle Clause: Forcing endless battles is banned
|rule|Species Clause: Limit one of each Pokémon
|rule|OHKO Clause: OHKO moves are banned
|rule|Evasion Items Clause: Evasion items are banned
|rule|Evasion Moves Clause: Evasion moves are banned
|rule|Evasion Abilities Clause: Evasion abilities are banned
|rule|Sleep Moves Clause: Sleep-inducing moves are banned
|clearpoke
|poke|p1|Ting-Lu|
|poke|p1|Scizor, F|
|poke|p1|Tornadus-Therian, M|
|poke|p1|Raging Bolt|
|poke|p1|Alomomola, M|
|poke|p1|Hatterene, F|
|poke|p2|Great Tusk|
|poke|p2|Ogerpon-Cornerstone, F|
|poke|p2|Rillaboom, F|
|poke|p2|Tyranitar, M|
|poke|p2|Corviknight, M|
|poke|p2|Dragapult, F|
|teampreview
|inactive|Battle timer is ON: inactive players will automatically lose when time's up. (requested by bluntsmoker3000)
|inactive|AnonymousJon also wants the timer to be on.
|
|t:|1779888533
|teamsize|p1|6
|teamsize|p2|6
|start
|switch|p1a: Hatterene|Hatterene, F|100/100
|switch|p2a: Tyranitar|Tyranitar, M|100/100
|-weather|Sandstorm|[from] ability: Sand Stream|[of] p2a: Tyranitar
|turn|1
|
|t:|1779888537
|move|p2a: Tyranitar|Knock Off|p1a: Hatterene
|-damage|p1a: Hatterene|62/100
|-damage|p2a: Tyranitar|84/100|[from] item: Rocky Helmet|[of] p1a: Hatterene
|-enditem|p1a: Hatterene|Rocky Helmet|[from] move: Knock Off|[of] p2a: Tyranitar
|move|p1a: Hatterene|Nuzzle|p2a: Tyranitar
|-damage|p2a: Tyranitar|81/100
|-status|p2a: Tyranitar|par
|
|-weather|Sandstorm|[upkeep]
|-damage|p1a: Hatterene|56/100|[from] Sandstorm
|-heal|p2a: Tyranitar|87/100 par|[from] item: Leftovers
|upkeep
|turn|2
|
|t:|1779888545
|move|p1a: Hatterene|Pain Split|p2a: Tyranitar
|-sethp|p2a: Tyranitar|66/100 par|[from] move: Pain Split|[silent]
|-sethp|p1a: Hatterene|83/100|[from] move: Pain Split
|move|p2a: Tyranitar|Stone Edge|p1a: Hatterene
|-crit|p1a: Hatterene
|-damage|p1a: Hatterene|31/100
|
|-weather|Sandstorm|[upkeep]
|-damage|p1a: Hatterene|25/100|[from] Sandstorm
|-heal|p2a: Tyranitar|72/100 par|[from] item: Leftovers
|upkeep
|turn|3
|
|t:|1779888553
|switch|p1a: Alomomola|Alomomola, M|100/100
|move|p2a: Tyranitar|Stone Edge|p1a: Alomomola
|-crit|p1a: Alomomola
|-damage|p1a: Alomomola|67/100
|
|-weather|Sandstorm|[upkeep]
|-damage|p1a: Alomomola|61/100|[from] Sandstorm
|-heal|p2a: Tyranitar|78/100 par|[from] item: Leftovers
|upkeep
|turn|4
|
|t:|1779888564
|move|p1a: Alomomola|Flip Turn|p2a: Tyranitar
|-supereffective|p2a: Tyranitar
|-damage|p2a: Tyranitar|51/100 par
|
|t:|1779888567
|switch|p1a: Scizor|Scizor, F|100/100|[from] Flip Turn
|move|p2a: Tyranitar|Knock Off|p1a: Scizor
|-damage|p1a: Scizor|57/100
|-enditem|p1a: Scizor|Heavy-Duty Boots|[from] move: Knock Off|[of] p2a: Tyranitar
|
|-weather|Sandstorm|[upkeep]
|-heal|p2a: Tyranitar|58/100 par|[from] item: Leftovers
|upkeep
|turn|5
|
|t:|1779888570
|switch|p2a: Corviknight|Corviknight, M|100/100
|-ability|p2a: Corviknight|Pressure
|move|p1a: Scizor|U-turn|p2a: Corviknight
|-resisted|p2a: Corviknight
|-damage|p2a: Corviknight|95/100
|-damage|p1a: Scizor|41/100|[from] item: Rocky Helmet|[of] p2a: Corviknight
|
|t:|1779888581
|switch|p1a: Raging Bolt|Raging Bolt|100/100|[from] U-turn
|-enditem|p1a: Raging Bolt|Booster Energy
|-activate|p1a: Raging Bolt|ability: Protosynthesis|[fromitem]
|-start|p1a: Raging Bolt|protosynthesisspa
|
|-weather|none
|upkeep
|turn|6
|
|t:|1779888584
|switch|p2a: Tyranitar|Tyranitar, M|58/100 par
|-weather|Sandstorm|[from] ability: Sand Stream|[of] p2a: Tyranitar
|move|p1a: Raging Bolt|Dragon Pulse|p2a: Tyranitar
|-damage|p2a: Tyranitar|30/100 par
|
|-weather|Sandstorm|[upkeep]
|-damage|p1a: Raging Bolt|94/100|[from] Sandstorm
|-heal|p2a: Tyranitar|36/100 par|[from] item: Leftovers
|upkeep
|turn|7
|
|t:|1779888593
|move|p1a: Raging Bolt|Thunderbolt|p2a: Tyranitar
|-damage|p2a: Tyranitar|6/100 par
|cant|p2a: Tyranitar|par
|
|-weather|Sandstorm|[upkeep]
|-damage|p1a: Raging Bolt|88/100|[from] Sandstorm
|-heal|p2a: Tyranitar|12/100 par|[from] item: Leftovers
|upkeep
|turn|8
|
|t:|1779888598
|switch|p2a: Great Tusk|Great Tusk|100/100
|move|p1a: Raging Bolt|Dragon Pulse|p2a: Great Tusk
|-damage|p2a: Great Tusk|60/100
|
|-weather|Sandstorm|[upkeep]
|-damage|p1a: Raging Bolt|82/100|[from] Sandstorm
|upkeep
|turn|9
|
|t:|1779888602
|-end|p1a: Raging Bolt|Protosynthesis|[silent]
|switch|p1a: Alomomola|Alomomola, M|95/100
|-end|p2a: Great Tusk|Protosynthesis|[silent]
|switch|p2a: Dragapult|Dragapult, F|100/100
|
|-weather|Sandstorm|[upkeep]
|-damage|p2a: Dragapult|94/100|[from] Sandstorm
|-damage|p1a: Alomomola|88/100|[from] Sandstorm
|-heal|p2a: Dragapult|100/100|[from] item: Leftovers
|upkeep
|turn|10
|
|t:|1779888604
|move|p1a: Alomomola|Protect|p1a: Alomomola
|-singleturn|p1a: Alomomola|Protect
|move|p2a: Dragapult|Substitute|p2a: Dragapult
|-start|p2a: Dragapult|Substitute
|-damage|p2a: Dragapult|76/100
|
|-weather|none
|-heal|p2a: Dragapult|82/100|[from] item: Leftovers
|upkeep
|turn|11
|
|t:|1779888606
|switch|p1a: Ting-Lu|Ting-Lu|100/100
|-ability|p1a: Ting-Lu|Vessel of Ruin
|move|p2a: Dragapult|Will-O-Wisp|p1a: Ting-Lu
|-status|p1a: Ting-Lu|brn
|
|-heal|p2a: Dragapult|88/100|[from] item: Leftovers
|-damage|p1a: Ting-Lu|94/100 brn|[from] brn
|upkeep
|turn|12
|
|t:|1779888609
|move|p2a: Dragapult|Dragon Darts|p1a: Ting-Lu
|-damage|p1a: Ting-Lu|84/100 brn
|-anim|p2a: Dragapult|Dragon Darts|p1a: Ting-Lu
|-damage|p1a: Ting-Lu|72/100 brn
|move|p1a: Ting-Lu|Whirlwind|p2a: Dragapult
|drag|p2a: Ogerpon|Ogerpon-Cornerstone, F|100/100
|
|-heal|p1a: Ting-Lu|78/100 brn|[from] item: Leftovers
|-damage|p1a: Ting-Lu|72/100 brn|[from] brn
|upkeep
|turn|13
|
|t:|1779888615
|switch|p1a: Hatterene|Hatterene, F|25/100
|move|p2a: Ogerpon|Swords Dance|p2a: Ogerpon
|-boost|p2a: Ogerpon|atk|2
|
|upkeep
|turn|14
|
|t:|1779888618
|move|p2a: Ogerpon|Ivy Cudgel|p1a: Hatterene|[anim] Ivy Cudgel Rock
|-damage|p1a: Hatterene|0 fnt
|faint|p1a: Hatterene
|
|upkeep
|
|t:|1779888621
|switch|p1a: Scizor|Scizor, F|41/100
|turn|15
|
|t:|1779888625
|-terastallize|p2a: Ogerpon|Rock
|detailschange|p2a: Ogerpon|Ogerpon-Cornerstone-Tera, F, tera:Rock
|-ability|p2a: Ogerpon|Embody Aspect (Cornerstone)|boost
|-boost|p2a: Ogerpon|def|1
|move|p1a: Scizor|Bullet Punch|p2a: Ogerpon
|-supereffective|p2a: Ogerpon
|-damage|p2a: Ogerpon|37/100
|move|p2a: Ogerpon|Ivy Cudgel|p1a: Scizor|[anim] Ivy Cudgel Rock
|-damage|p1a: Scizor|0 fnt
|faint|p1a: Scizor
|
|upkeep
|
|t:|1779888627
|switch|p1a: Tornadus|Tornadus-Therian, M|100/100
|turn|16
|
|t:|1779888630
|move|p1a: Tornadus|Grass Knot|p2a: Ogerpon
|-supereffective|p2a: Ogerpon
|-damage|p2a: Ogerpon|0 fnt
|faint|p2a: Ogerpon
|detailschange|p2: Ogerpon|Ogerpon-Cornerstone, F|[silent]
|-damage|p1a: Tornadus|91/100|[from] item: Life Orb
|
|upkeep
|
|t:|1779888643
|switch|p2a: Corviknight|Corviknight, M|95/100
|-ability|p2a: Corviknight|Pressure
|turn|17
|
|t:|1779888645
|move|p1a: Tornadus|Heat Wave|p2a: Corviknight
|-supereffective|p2a: Corviknight
|-damage|p2a: Corviknight|19/100
|-damage|p1a: Tornadus|81/100|[from] item: Life Orb
|move|p2a: Corviknight|Brave Bird|p1a: Tornadus
|-damage|p1a: Tornadus|28/100
|-damage|p2a: Corviknight|6/100|[from] Recoil
|
|upkeep
|turn|18
|
|t:|1779888653
|move|p1a: Tornadus|Heat Wave|p2a: Corviknight
|-supereffective|p2a: Corviknight
|-damage|p2a: Corviknight|0 fnt
|faint|p2a: Corviknight
|-damage|p1a: Tornadus|18/100|[from] item: Life Orb
|
|upkeep
|
|t:|1779888655
|switch|p2a: Dragapult|Dragapult, F|88/100
|turn|19
|
|t:|1779888657
|switch|p1a: Ting-Lu|Ting-Lu|72/100 brn
|-ability|p1a: Ting-Lu|Vessel of Ruin
|move|p2a: Dragapult|Dragon Darts|p1a: Ting-Lu
|-damage|p1a: Ting-Lu|61/100 brn
|-anim|p2a: Dragapult|Dragon Darts|p1a: Ting-Lu
|-damage|p1a: Ting-Lu|50/100 brn
|
|-heal|p2a: Dragapult|94/100|[from] item: Leftovers
|-heal|p1a: Ting-Lu|56/100 brn|[from] item: Leftovers
|-damage|p1a: Ting-Lu|50/100 brn|[from] brn
|upkeep
|turn|20
|
|t:|1779888662
|move|p2a: Dragapult|Dragon Darts|p1a: Ting-Lu
|-damage|p1a: Ting-Lu|40/100 brn
|-anim|p2a: Dragapult|Dragon Darts|p1a: Ting-Lu
|-damage|p1a: Ting-Lu|28/100 brn
|move|p1a: Ting-Lu|Stealth Rock|p2a: Dragapult
|-sidestart|p2: AnonymousJon|move: Stealth Rock
|
|-heal|p2a: Dragapult|100/100|[from] item: Leftovers
|-heal|p1a: Ting-Lu|35/100 brn|[from] item: Leftovers
|-damage|p1a: Ting-Lu|28/100 brn|[from] brn
|upkeep
|turn|21
|
|t:|1779888667
|switch|p1a: Alomomola|Alomomola, M|100/100
|move|p2a: Dragapult|Dragon Darts|p1a: Alomomola
|-damage|p1a: Alomomola|89/100
|-anim|p2a: Dragapult|Dragon Darts|p1a: Alomomola
|-damage|p1a: Alomomola|79/100
|
|upkeep
|turn|22
|
|t:|1779888669
|move|p2a: Dragapult|Substitute|p2a: Dragapult
|-start|p2a: Dragapult|Substitute
|-damage|p2a: Dragapult|76/100
|move|p1a: Alomomola|Wish|p1a: Alomomola
|
|-heal|p2a: Dragapult|82/100|[from] item: Leftovers
|upkeep
|turn|23
|
|t:|1779888673
|move|p2a: Dragapult|Will-O-Wisp|p1a: Alomomola
|-status|p1a: Alomomola|brn
|move|p1a: Alomomola|Flip Turn|p2a: Dragapult
|-resisted|p2a: Dragapult
|-crit|p2a: Dragapult
|-activate|p2a: Dragapult|move: Substitute|[damage]
|
|t:|1779888675
|switch|p1a: Ting-Lu|Ting-Lu|28/100 brn|[from] Flip Turn
|-ability|p1a: Ting-Lu|Vessel of Ruin
|
|-heal|p1a: Ting-Lu|80/100 brn|[from] move: Wish|[wisher] Alomomola
|-heal|p2a: Dragapult|88/100|[from] item: Leftovers
|-heal|p1a: Ting-Lu|86/100 brn|[from] item: Leftovers
|-damage|p1a: Ting-Lu|80/100 brn|[from] brn
|upkeep
|turn|24
|
|t:|1779888678
|move|p2a: Dragapult|Dragon Darts|p1a: Ting-Lu
|-damage|p1a: Ting-Lu|68/100 brn
|-anim|p2a: Dragapult|Dragon Darts|p1a: Ting-Lu
|-damage|p1a: Ting-Lu|58/100 brn
|move|p1a: Ting-Lu|Whirlwind|p2a: Dragapult
|drag|p2a: Great Tusk|Great Tusk|60/100
|-damage|p2a: Great Tusk|57/100|[from] Stealth Rock
|
|-heal|p1a: Ting-Lu|64/100 brn|[from] item: Leftovers
|-damage|p1a: Ting-Lu|58/100 brn|[from] brn
|upkeep
|turn|25
|
|t:|1779888682
|switch|p1a: Alomomola|Alomomola, M|100/100 brn
|move|p2a: Great Tusk|Rapid Spin|p1a: Alomomola
|-damage|p1a: Alomomola|92/100 brn
|-boost|p2a: Great Tusk|spe|1
|-sideend|p2: AnonymousJon|Stealth Rock|[from] move: Rapid Spin|[of] p2a: Great Tusk
|
|-damage|p1a: Alomomola|86/100 brn|[from] brn
|upkeep
|turn|26
|
|t:|1779888685
|-end|p2a: Great Tusk|Protosynthesis|[silent]
|switch|p2a: Rillaboom|Rillaboom, F|100/100
|-fieldstart|move: Grassy Terrain|[from] ability: Grassy Surge|[of] p2a: Rillaboom
|move|p1a: Alomomola|Flip Turn|p2a: Rillaboom
|-resisted|p2a: Rillaboom
|-damage|p2a: Rillaboom|96/100
|
|t:|1779888687
|switch|p1a: Tornadus|Tornadus-Therian, M|51/100|[from] Flip Turn
|
|-heal|p2a: Rillaboom|100/100|[from] Grassy Terrain
|upkeep
|turn|27
|
|t:|1779888690
|switch|p2a: Tyranitar|Tyranitar, M|12/100 par
|-weather|Sandstorm|[from] ability: Sand Stream|[of] p2a: Tyranitar
|move|p1a: Tornadus|Bleakwind Storm|p2a: Tyranitar
|-resisted|p2a: Tyranitar
|-damage|p2a: Tyranitar|0 fnt
|faint|p2a: Tyranitar
|-damage|p1a: Tornadus|41/100|[from] item: Life Orb
|
|-weather|Sandstorm|[upkeep]
|-damage|p1a: Tornadus|35/100|[from] Sandstorm
|upkeep
|
|t:|1779888692
|switch|p2a: Dragapult|Dragapult, F|88/100
|turn|28
|
|t:|1779888697
|switch|p1a: Ting-Lu|Ting-Lu|58/100 brn
|-ability|p1a: Ting-Lu|Vessel of Ruin
|move|p2a: Dragapult|Dragon Darts|p1a: Ting-Lu
|-damage|p1a: Ting-Lu|46/100 brn
|-anim|p2a: Dragapult|Dragon Darts|p1a: Ting-Lu
|-damage|p1a: Ting-Lu|34/100 brn
|
|-weather|Sandstorm|[upkeep]
|-damage|p2a: Dragapult|82/100|[from] Sandstorm
|-heal|p2a: Dragapult|88/100|[from] Grassy Terrain
|-heal|p2a: Dragapult|94/100|[from] item: Leftovers
|-heal|p1a: Ting-Lu|40/100 brn|[from] Grassy Terrain
|-heal|p1a: Ting-Lu|46/100 brn|[from] item: Leftovers
|-damage|p1a: Ting-Lu|40/100 brn|[from] brn
|upkeep
|turn|29
|
|t:|1779888704
|move|p2a: Dragapult|Hex|p1a: Ting-Lu
|-resisted|p1a: Ting-Lu
|-damage|p1a: Ting-Lu|29/100 brn
|move|p1a: Ting-Lu|Ruination|p2a: Dragapult
|-damage|p2a: Dragapult|48/100
|
|-weather|Sandstorm|[upkeep]
|-damage|p2a: Dragapult|41/100|[from] Sandstorm
|-heal|p2a: Dragapult|48/100|[from] Grassy Terrain
|-heal|p2a: Dragapult|54/100|[from] item: Leftovers
|-heal|p1a: Ting-Lu|35/100 brn|[from] Grassy Terrain
|-heal|p1a: Ting-Lu|42/100 brn|[from] item: Leftovers
|-damage|p1a: Ting-Lu|35/100 brn|[from] brn
|upkeep
|turn|30
|
|t:|1779888712
|move|p2a: Dragapult|Dragon Darts|p1a: Ting-Lu
|-damage|p1a: Ting-Lu|25/100 brn
|-anim|p2a: Dragapult|Dragon Darts|p1a: Ting-Lu
|-damage|p1a: Ting-Lu|14/100 brn
|move|p1a: Ting-Lu|Ruination|p2a: Dragapult
|-damage|p2a: Dragapult|27/100
|
|-weather|Sandstorm|[upkeep]
|-damage|p2a: Dragapult|21/100|[from] Sandstorm
|-heal|p2a: Dragapult|27/100|[from] Grassy Terrain
|-heal|p2a: Dragapult|34/100|[from] item: Leftovers
|-heal|p1a: Ting-Lu|20/100 brn|[from] Grassy Terrain
|-heal|p1a: Ting-Lu|26/100 brn|[from] item: Leftovers
|-damage|p1a: Ting-Lu|20/100 brn|[from] brn
|-fieldend|move: Grassy Terrain
|upkeep
|turn|31
|
|t:|1779888721
|move|p2a: Dragapult|Hex|p1a: Ting-Lu
|-resisted|p1a: Ting-Lu
|-damage|p1a: Ting-Lu|9/100 brn
|move|p1a: Ting-Lu|Earthquake|p2a: Dragapult
|-damage|p2a: Dragapult|6/100
|
|-weather|none
|-heal|p2a: Dragapult|12/100|[from] item: Leftovers
|-heal|p1a: Ting-Lu|15/100 brn|[from] item: Leftovers
|-damage|p1a: Ting-Lu|9/100 brn|[from] brn
|upkeep
|turn|32
|
|t:|1779888723
|switch|p1a: Alomomola|Alomomola, M|100/100 brn
|move|p2a: Dragapult|Hex|p1a: Alomomola
|-damage|p1a: Alomomola|35/100 brn
|
|-heal|p2a: Dragapult|18/100|[from] item: Leftovers
|-damage|p1a: Alomomola|28/100 brn|[from] brn
|upkeep
|turn|33
|
|t:|1779888730
|switch|p1a: Ting-Lu|Ting-Lu|9/100 brn
|-ability|p1a: Ting-Lu|Vessel of Ruin
|move|p2a: Dragapult|Hex|p1a: Ting-Lu
|-resisted|p1a: Ting-Lu
|-damage|p1a: Ting-Lu|0 fnt
|faint|p1a: Ting-Lu
|
|-heal|p2a: Dragapult|24/100|[from] item: Leftovers
|upkeep
|
|t:|1779888732
|switch|p1a: Raging Bolt|Raging Bolt|82/100
|turn|34
|
|t:|1779888734
|switch|p2a: Great Tusk|Great Tusk|57/100
|-terastallize|p1a: Raging Bolt|Fairy
|move|p1a: Raging Bolt|Dragon Pulse|p2a: Great Tusk
|-damage|p2a: Great Tusk|25/100
|
|upkeep
|turn|35
|
|t:|1779888746
|-end|p1a: Raging Bolt|Protosynthesis|[silent]
|switch|p1a: Alomomola|Alomomola, M|62/100 brn
|-end|p2a: Great Tusk|Protosynthesis|[silent]
|switch|p2a: Rillaboom|Rillaboom, F|100/100
|-fieldstart|move: Grassy Terrain|[from] ability: Grassy Surge|[of] p2a: Rillaboom
|
|-heal|p1a: Alomomola|68/100 brn|[from] Grassy Terrain
|-damage|p1a: Alomomola|62/100 brn|[from] brn
|upkeep
|turn|36
|
|t:|1779888751
|switch|p1a: Tornadus|Tornadus-Therian, M|68/100
|move|p2a: Rillaboom|Wood Hammer|p1a: Tornadus
|-resisted|p1a: Tornadus
|-damage|p1a: Tornadus|0 fnt
|faint|p1a: Tornadus
|-damage|p2a: Rillaboom|81/100|[from] Recoil
|
|-heal|p2a: Rillaboom|87/100|[from] Grassy Terrain
|upkeep
|
|t:|1779888755
|switch|p1a: Raging Bolt|Raging Bolt, tera:Fairy|82/100
|turn|37
|
|t:|1779888757
|move|p2a: Rillaboom|Wood Hammer|p1a: Raging Bolt
|-damage|p1a: Raging Bolt|0 fnt
|faint|p1a: Raging Bolt
|-end|p1a: Raging Bolt|Protosynthesis|[silent]
|-damage|p2a: Rillaboom|56/100|[from] Recoil
|
|-heal|p2a: Rillaboom|62/100|[from] Grassy Terrain
|upkeep
|-message|bluntsmoker3000 forfeited.
|
|win|AnonymousJon
|raw|bluntsmoker3000's rating: 1624 &rarr; <strong>1602</strong><br />(-22 for losing)
|raw|AnonymousJon's rating: 1596 &rarr; <strong>1618</strong><br />(+22 for winning)
|l|☆bluntsmoker3000
|player|p1|
|l|☆AnonymousJon
|player|p2|
