|j|☆zhh240724
|j|☆garganaclfan1738
|t:|1779861088
|gametype|singles
|player|p1|zhh240724|iris-gen5bw2|1267
|player|p2|garganaclfan1738|lady-gen4|1316
|gen|9
|tier|[Gen 9] OU
|rated|
|rule|HP Percentage Mod: HP is shown in percentages
|rule|Endless Battle Clause: Forcing endless battles is banned
|rule|Species Clause: Limit one of each Pokémon
|rule|OHKO Clause: OHKO moves are banned
|rule|Evasion Items Clause: Evasion items are banned
|rule|Evasion Moves Clause: Evasion moves are banned
|rule|Evasion Abilities Clause: Evasion abilities are banned
|rule|Sleep Moves Clause: Sleep-inducing moves are banned
|clearpoke
|poke|p1|Dondozo, M|
|poke|p1|Cramorant, F|
|poke|p1|Iron Crown|
|poke|p1|Quaquaval, F|
|poke|p1|Dragonite, M|
|poke|p1|Indeedee, M|
|poke|p2|Darkrai|
|poke|p2|Garchomp, M|
|poke|p2|Alomomola, M|
|poke|p2|Corviknight, M|
|poke|p2|Weezing-Galar, M|
|poke|p2|Ogerpon, F|
|teampreview
|
|t:|1779861101
|teamsize|p1|6
|teamsize|p2|6
|start
|switch|p1a: Cramorant|Cramorant, F, shiny|100/100
|switch|p2a: Darkrai|Darkrai|100/100
|turn|1
|
|t:|1779861106
|switch|p2a: Alomomola|Alomomola, M|100/100
|move|p1a: Cramorant|Surf|p2a: Alomomola
|-formechange|p1a: Cramorant|Cramorant-Gulping|
|-resisted|p2a: Alomomola
|-damage|p2a: Alomomola|91/100
|
|upkeep
|turn|2
|
|t:|1779861114
|move|p1a: Cramorant|Surf|p2a: Alomomola
|-resisted|p2a: Alomomola
|-damage|p2a: Alomomola|83/100
|move|p2a: Alomomola|Flip Turn|p1a: Cramorant
|-resisted|p1a: Cramorant
|-damage|p1a: Cramorant|85/100
|-damage|p2a: Alomomola|58/100|[from] ability: Gulp Missile|[of] p1a: Cramorant
|-unboost|p2a: Alomomola|def|1
|-formechange|p1a: Cramorant|Cramorant|
|
|t:|1779861132
|switch|p2a: Ogerpon|Ogerpon, F|100/100|[from] Flip Turn
|
|upkeep
|turn|3
|
|t:|1779861144
|switch|p1a: Dragonite|Dragonite, M, shiny|100/100
|move|p2a: Ogerpon|Ivy Cudgel|p1a: Dragonite
|-resisted|p1a: Dragonite
|-crit|p1a: Dragonite
|-damage|p1a: Dragonite|90/100
|
|upkeep
|turn|4
|
|t:|1779861153
|move|p2a: Ogerpon|Swords Dance|p2a: Ogerpon
|-boost|p2a: Ogerpon|atk|2
|move|p1a: Dragonite|Dragon Dance|p1a: Dragonite
|-boost|p1a: Dragonite|atk|1
|-boost|p1a: Dragonite|spe|1
|
|upkeep
|turn|5
|
|t:|1779861161
|-terastallize|p2a: Ogerpon|Grass
|detailschange|p2a: Ogerpon|Ogerpon-Teal-Tera, F, tera:Grass
|-ability|p2a: Ogerpon|Embody Aspect (Teal)|boost
|-boost|p2a: Ogerpon|spe|1
|move|p2a: Ogerpon|Encore|p1a: Dragonite
|-start|p1a: Dragonite|Encore
|move|p1a: Dragonite|Dragon Dance|p1a: Dragonite
|-boost|p1a: Dragonite|atk|1
|-boost|p1a: Dragonite|spe|1
|
|upkeep
|turn|6
|
|t:|1779861171
|switch|p1a: Dondozo|Dondozo, M, shiny|100/100
|move|p2a: Ogerpon|Swords Dance|p2a: Ogerpon
|-boost|p2a: Ogerpon|atk|2
|
|upkeep
|turn|7
|
|t:|1779861176
|move|p2a: Ogerpon|Ivy Cudgel|p1a: Dondozo
|-supereffective|p1a: Dondozo
|-crit|p1a: Dondozo
|-damage|p1a: Dondozo|11/100
|move|p1a: Dondozo|Curse|p1a: Dondozo
|-unboost|p1a: Dondozo|spe|1
|-boost|p1a: Dondozo|atk|1
|-boost|p1a: Dondozo|def|1
|
|upkeep
|turn|8
|
|t:|1779861183
|move|p2a: Ogerpon|Ivy Cudgel|p1a: Dondozo
|-supereffective|p1a: Dondozo
|-damage|p1a: Dondozo|0 fnt
|faint|p1a: Dondozo
|
|upkeep
|
|t:|1779861195
|switch|p1a: Indeedee|Indeedee, M|100/100
|-fieldstart|move: Psychic Terrain|[from] ability: Psychic Surge|[of] p1a: Indeedee
|turn|9
|
|t:|1779861200
|move|p2a: Ogerpon|Ivy Cudgel|p1a: Indeedee
|-damage|p1a: Indeedee|0 fnt
|faint|p1a: Indeedee
|
|upkeep
|-message|zhh240724 forfeited.
|
|win|garganaclfan1738
|raw|zhh240724's rating: 1267 &rarr; <strong>1246</strong><br />(-21 for losing)
|raw|garganaclfan1738's rating: 1316 &rarr; <strong>1333</strong><br />(+17 for winning)
|l|☆zhh240724
|player|p1|
|l|☆garganaclfan1738
|player|p2|
