|j|☆Bearboeloe
|j|☆esotilin6967
|t:|1779900434
|gametype|singles
|player|p1|Bearboeloe|1|1267
|player|p2|esotilin6967|flannery|1223
|gen|9
|tier|[Gen 9] OU
|rated|
|rule|HP Percentage Mod: HP is shown in percentages
|rule|Endless Battle Clause: Forcing endless battles is banned
|rule|Species Clause: Limit one of each Pokémon
|rule|OHKO Clause: OHKO moves are banned
|rule|Evasion Items Clause: Evasion items are banned
|rule|Evasion Moves Clause: Evasion moves are banned
|rule|Evasion Abilities Clause: Evasion abilities are banned
|rule|Sleep Moves Clause: Sleep-inducing moves are banned
|clearpoke
|poke|p1|Clodsire, F|
|poke|p1|Dondozo, F|
|poke|p1|Gliscor, F|
|poke|p1|Alomomola, F|
|poke|p1|Corviknight, F|
|poke|p1|Blissey, F|
|poke|p2|Gengar, F|
|poke|p2|Avalugg, F|
|poke|p2|Clodsire, F|
|poke|p2|Dragonite, M|
|poke|p2|Kingambit, M|
|poke|p2|Rotom-Heat|
|teampreview
|
|t:|1779900444
|teamsize|p1|6
|teamsize|p2|6
|start
|switch|p1a: Gliscor|Gliscor, F|100/100
|switch|p2a: show|Rotom-Heat|100/100
|turn|1
|
|t:|1779900453
|move|p1a: Gliscor|Protect|p1a: Gliscor
|-singleturn|p1a: Gliscor|Protect
|move|p2a: show|Will-O-Wisp|p1a: Gliscor
|-activate|p1a: Gliscor|move: Protect
|
|-status|p1a: Gliscor|tox|[from] item: Toxic Orb
|upkeep
|turn|2
|
|t:|1779900465
|switch|p2a: i´m invincible|Avalugg, F|100/100
|switch|p1a: Blissey|Blissey, F|100/100
|
|upkeep
|turn|3
|
|t:|1779900472
|switch|p1a: Alomomola|Alomomola, F, shiny|100/100
|move|p2a: i´m invincible|Earthquake|p1a: Alomomola
|-damage|p1a: Alomomola|87/100
|
|upkeep
|turn|4
|
|t:|1779900477
|switch|p2a: 0|Clodsire, F|100/100
|move|p1a: Alomomola|Scald|p2a: 0
|-immune|p2a: 0|[from] ability: Water Absorb
|
|upkeep
|turn|5
|
|t:|1779900489
|switch|p1a: Gliscor|Gliscor, F|100/100 tox
|switch|p2a: show|Rotom-Heat|100/100
|
|upkeep
|turn|6
|
|t:|1779900496
|switch|p2a: i´m invincible|Avalugg, F|100/100
|switch|p1a: Blissey|Blissey, F|100/100
|
|upkeep
|turn|7
|
|t:|1779900502
|switch|p1a: Alomomola|Alomomola, F, shiny|100/100
|move|p2a: i´m invincible|Earthquake|p1a: Alomomola
|-damage|p1a: Alomomola|87/100
|
|upkeep
|turn|8
|
|t:|1779900519
|move|p1a: Alomomola|Flip Turn|p2a: i´m invincible
|-damage|p2a: i´m invincible|93/100
|
|t:|1779900522
|switch|p1a: Dondozo|Dondozo, F|100/100|[from] Flip Turn
|move|p2a: i´m invincible|Avalanche|p1a: Dondozo
|-resisted|p1a: Dondozo
|-crit|p1a: Dondozo
|-damage|p1a: Dondozo|92/100
|
|upkeep
|turn|9
|
|t:|1779900527
|switch|p2a: 0|Clodsire, F|100/100
|move|p1a: Dondozo|Body Press|p2a: 0
|-resisted|p2a: 0
|-damage|p2a: 0|85/100
|
|-heal|p2a: 0|91/100|[from] item: Black Sludge
|upkeep
|turn|10
|
|t:|1779900535
|switch|p2a: show|Rotom-Heat|100/100
|switch|p1a: Gliscor|Gliscor, F|100/100 tox
|
|upkeep
|turn|11
|
|t:|1779900542
|move|p2a: show|Trick|p1a: Gliscor
|-activate|p2a: show|move: Trick|[of] p1a: Gliscor
|-item|p1a: Gliscor|Choice Scarf|[from] move: Trick
|-item|p2a: show|Toxic Orb|[from] move: Trick
|move|p1a: Gliscor|Stealth Rock|p2a: show
|-sidestart|p2: esotilin6967|move: Stealth Rock
|
|-status|p2a: show|tox|[from] item: Toxic Orb
|upkeep
|turn|12
|
|t:|1779900554
|switch|p1a: Blissey|Blissey, F|100/100
|move|p2a: show|Volt Switch|p1a: Blissey
|-damage|p1a: Blissey|92/100
|
|t:|1779900557
|switch|p2a: i´m invincible|Avalugg, F|93/100|[from] Volt Switch
|
|-heal|p1a: Blissey|98/100|[from] item: Leftovers
|upkeep
|turn|13
|
|t:|1779900566
|switch|p1a: Dondozo|Dondozo, F|92/100
|move|p2a: i´m invincible|Rapid Spin|p1a: Dondozo
|-damage|p1a: Dondozo|86/100
|-boost|p2a: i´m invincible|spe|1
|-sideend|p2: esotilin6967|Stealth Rock|[from] move: Rapid Spin|[of] p2a: i´m invincible
|
|upkeep
|turn|14
|
|t:|1779900569
|switch|p2a: 0|Clodsire, F|91/100
|move|p1a: Dondozo|Body Press|p2a: 0
|-resisted|p2a: 0
|-damage|p2a: 0|75/100
|
|-heal|p2a: 0|81/100|[from] item: Black Sludge
|upkeep
|turn|15
|
|t:|1779900575
|switch|p1a: Gliscor|Gliscor, F|100/100 tox
|move|p2a: 0|Stealth Rock|p1a: Gliscor
|-sidestart|p1: Bearboeloe|move: Stealth Rock
|
|-heal|p2a: 0|88/100|[from] item: Black Sludge
|upkeep
|turn|16
|
|t:|1779900584
|switch|p2a: i´m invincible|Avalugg, F|93/100
|move|p1a: Gliscor|Knock Off|p2a: i´m invincible
|-damage|p2a: i´m invincible|84/100
|-enditem|p2a: i´m invincible|Heavy-Duty Boots|[from] move: Knock Off|[of] p1a: Gliscor
|
|upkeep
|turn|17
|
|t:|1779900593
|switch|p1a: Alomomola|Alomomola, F, shiny|100/100
|switch|p2a: show|Rotom-Heat|100/100 tox
|
|-damage|p2a: show|94/100 tox|[from] psn
|upkeep
|turn|18
|
|t:|1779900599
|move|p1a: Alomomola|Protect|p1a: Alomomola
|-singleturn|p1a: Alomomola|Protect
|move|p2a: show|Trick|p1a: Alomomola
|-activate|p1a: Alomomola|move: Protect
|
|-damage|p2a: show|82/100 tox|[from] psn
|upkeep
|turn|19
|
|t:|1779900603
|switch|p1a: Gliscor|Gliscor, F|100/100 tox
|-damage|p1a: Gliscor|88/100 tox|[from] Stealth Rock
|move|p2a: show|Volt Switch|p1a: Gliscor
|-immune|p1a: Gliscor
|
|-heal|p1a: Gliscor|100/100 tox|[from] ability: Poison Heal
|-damage|p2a: show|63/100 tox|[from] psn
|upkeep
|turn|20
|
|t:|1779900613
|switch|p2a: i´m invincible|Avalugg, F|84/100
|move|p1a: Gliscor|Stealth Rock|p2a: i´m invincible
|-sidestart|p2: esotilin6967|move: Stealth Rock
|
|upkeep
|turn|21
|
|t:|1779900620
|switch|p1a: Alomomola|Alomomola, F, shiny|100/100
|move|p2a: i´m invincible|Rapid Spin|p1a: Alomomola
|-damage|p1a: Alomomola|94/100
|-boost|p2a: i´m invincible|spe|1
|-sideend|p2: esotilin6967|Stealth Rock|[from] move: Rapid Spin|[of] p2a: i´m invincible
|
|upkeep
|turn|22
|
|t:|1779900628
|switch|p2a: 0|Clodsire, F|88/100
|move|p1a: Alomomola|Flip Turn|p2a: 0
|-heal|p2a: 0|100/100|[from] ability: Water Absorb|[of] p1a: Alomomola
|
|upkeep
|turn|23
|
|t:|1779900636
|switch|p1a: Gliscor|Gliscor, F|100/100 tox
|-damage|p1a: Gliscor|88/100 tox|[from] Stealth Rock
|switch|p2a: magic|Gengar, F|100/100
|
|-heal|p1a: Gliscor|100/100 tox|[from] ability: Poison Heal
|upkeep
|turn|24
|
|t:|1779900643
|switch|p2a: i´m invincible|Avalugg, F|84/100
|switch|p1a: Clodsire|Clodsire, F|100/100
|
|upkeep
|turn|25
|
|t:|1779900647
|switch|p1a: Alomomola|Alomomola, F, shiny|100/100
|move|p2a: i´m invincible|Earthquake|p1a: Alomomola
|-damage|p1a: Alomomola|87/100
|
|upkeep
|turn|26
|
|t:|1779900654
|switch|p2a: 0|Clodsire, F|100/100
|move|p1a: Alomomola|Flip Turn|p2a: 0
|-immune|p2a: 0|[from] ability: Water Absorb
|
|upkeep
|turn|27
|
|t:|1779900659
|switch|p1a: Gliscor|Gliscor, F|100/100 tox
|-damage|p1a: Gliscor|88/100 tox|[from] Stealth Rock
|move|p2a: 0|Toxic|p1a: Gliscor
|-fail|p1a: Gliscor|tox
|
|-heal|p1a: Gliscor|100/100 tox|[from] ability: Poison Heal
|upkeep
|turn|28
|
|t:|1779900667
|switch|p2a: i´m invincible|Avalugg, F|84/100
|move|p1a: Gliscor|Toxic|p2a: i´m invincible
|-status|p2a: i´m invincible|tox
|
|-damage|p2a: i´m invincible|78/100 tox|[from] psn
|upkeep
|turn|29
|
|t:|1779900675
|switch|p1a: Alomomola|Alomomola, F, shiny|100/100
|switch|p2a: show|Rotom-Heat|63/100 tox
|
|-damage|p2a: show|57/100 tox|[from] psn
|upkeep
|turn|30
|
|t:|1779900682
|switch|p2a: 0|Clodsire, F|100/100
|move|p1a: Alomomola|Protect||[still]
|-fail|p1a: Alomomola
|
|upkeep
|turn|31
|
|t:|1779900688
|switch|p1a: Gliscor|Gliscor, F|100/100 tox
|-damage|p1a: Gliscor|88/100 tox|[from] Stealth Rock
|switch|p2a: magic|Gengar, F|100/100
|
|-heal|p1a: Gliscor|100/100 tox|[from] ability: Poison Heal
|upkeep
|turn|32
|
|t:|1779900696
|switch|p1a: Clodsire|Clodsire, F|100/100
|move|p2a: magic|Icy Wind|p1a: Clodsire
|-supereffective|p1a: Clodsire
|-damage|p1a: Clodsire|79/100
|-unboost|p1a: Clodsire|spe|1
|
|upkeep
|turn|33
|
|t:|1779900703
|switch|p2a: odo|Kingambit, M|100/100
|-item|p2a: odo|Air Balloon
|move|p1a: Clodsire|Earthquake|p2a: odo
|-immune|p2a: odo
|
|upkeep
|turn|34
|
|t:|1779900710
|-end|p2a: odo|fallenundefined|[silent]
|switch|p2a: show|Rotom-Heat|57/100 tox
|switch|p1a: Gliscor|Gliscor, F|100/100 tox
|-damage|p1a: Gliscor|88/100 tox|[from] Stealth Rock
|
|-heal|p1a: Gliscor|100/100 tox|[from] ability: Poison Heal
|-damage|p2a: show|51/100 tox|[from] psn
|upkeep
|turn|35
|
|t:|1779900722
|switch|p2a: i´m invincible|Avalugg, F|78/100 tox
|move|p1a: Gliscor|Stealth Rock|p2a: i´m invincible
|-sidestart|p2: esotilin6967|move: Stealth Rock
|
|-damage|p2a: i´m invincible|72/100 tox|[from] psn
|upkeep
|turn|36
|
|t:|1779900726
|switch|p1a: Alomomola|Alomomola, F, shiny|100/100
|move|p2a: i´m invincible|Rapid Spin|p1a: Alomomola
|-damage|p1a: Alomomola|93/100
|-boost|p2a: i´m invincible|spe|1
|-sideend|p2: esotilin6967|Stealth Rock|[from] move: Rapid Spin|[of] p2a: i´m invincible
|
|-damage|p2a: i´m invincible|60/100 tox|[from] psn
|upkeep
|turn|37
|
|t:|1779900735
|switch|p2a: 0|Clodsire, F|100/100
|move|p1a: Alomomola|Protect||[still]
|-fail|p1a: Alomomola
|
|upkeep
|turn|38
|
|t:|1779900741
|switch|p1a: Gliscor|Gliscor, F|100/100 tox
|-damage|p1a: Gliscor|88/100 tox|[from] Stealth Rock
|switch|p2a: magic|Gengar, F|100/100
|
|-heal|p1a: Gliscor|100/100 tox|[from] ability: Poison Heal
|upkeep
|turn|39
|
|t:|1779900750
|switch|p2a: odo|Kingambit, M|100/100
|-item|p2a: odo|Air Balloon
|switch|p1a: Clodsire|Clodsire, F|79/100
|
|upkeep
|turn|40
|
|t:|1779900756
|switch|p1a: Alomomola|Alomomola, F, shiny|100/100
|move|p2a: odo|Kowtow Cleave|p1a: Alomomola
|-damage|p1a: Alomomola|73/100
|
|upkeep
|turn|41
|
|t:|1779900760
|-end|p2a: odo|fallenundefined|[silent]
|switch|p2a: 0|Clodsire, F|100/100
|move|p1a: Alomomola|Flip Turn|p2a: 0
|-immune|p2a: 0|[from] ability: Water Absorb
|
|upkeep
|turn|42
|
|t:|1779900768
|switch|p1a: Gliscor|Gliscor, F|100/100 tox
|-damage|p1a: Gliscor|88/100 tox|[from] Stealth Rock
|switch|p2a: magic|Gengar, F|100/100
|
|-heal|p1a: Gliscor|100/100 tox|[from] ability: Poison Heal
|upkeep
|turn|43
|
|t:|1779900776
|switch|p1a: Clodsire|Clodsire, F|79/100
|move|p2a: magic|Icy Wind|p1a: Clodsire
|-supereffective|p1a: Clodsire
|-damage|p1a: Clodsire|57/100
|-unboost|p1a: Clodsire|spe|1
|
|upkeep
|turn|44
|
|t:|1779900781
|switch|p2a: odo|Kingambit, M|100/100
|-item|p2a: odo|Air Balloon
|move|p1a: Clodsire|Recover|p1a: Clodsire
|-heal|p1a: Clodsire|100/100
|
|upkeep
|turn|45
|
|t:|1779900785
|switch|p1a: Alomomola|Alomomola, F, shiny|100/100
|move|p2a: odo|Kowtow Cleave|p1a: Alomomola
|-damage|p1a: Alomomola|72/100
|
|upkeep
|turn|46
|
|t:|1779900793
|-end|p2a: odo|fallenundefined|[silent]
|switch|p2a: 0|Clodsire, F|100/100
|move|p1a: Alomomola|Flip Turn|p2a: 0
|-immune|p2a: 0|[from] ability: Water Absorb
|
|upkeep
|turn|47
|
|t:|1779900799
|switch|p1a: Gliscor|Gliscor, F|100/100 tox
|-damage|p1a: Gliscor|88/100 tox|[from] Stealth Rock
|switch|p2a: magic|Gengar, F|100/100
|
|-heal|p1a: Gliscor|100/100 tox|[from] ability: Poison Heal
|upkeep
|turn|48
|
|t:|1779900811
|switch|p1a: Clodsire|Clodsire, F|100/100
|move|p2a: magic|Icy Wind|p1a: Clodsire
|-supereffective|p1a: Clodsire
|-damage|p1a: Clodsire|77/100
|-unboost|p1a: Clodsire|spe|1
|
|upkeep
|turn|49
|
|t:|1779900820
|switch|p2a: i´m invincible|Avalugg, F|60/100 tox
|move|p1a: Clodsire|Earthquake|p2a: i´m invincible
|-damage|p2a: i´m invincible|49/100 tox
|
|-damage|p2a: i´m invincible|43/100 tox|[from] psn
|upkeep
|turn|50
|
|t:|1779900827
|switch|p1a: Alomomola|Alomomola, F, shiny|100/100
|move|p2a: i´m invincible|Recover|p2a: i´m invincible
|-heal|p2a: i´m invincible|93/100 tox
|
|-damage|p2a: i´m invincible|80/100 tox|[from] psn
|upkeep
|turn|51
|
|t:|1779900839
|switch|p1a: Dondozo|Dondozo, F|86/100
|switch|p2a: 0|Clodsire, F|100/100
|
|upkeep
|turn|52
|
|t:|1779900846
|switch|p1a: Corviknight|Corviknight, F, shiny|100/100
|-damage|p1a: Corviknight|88/100|[from] Stealth Rock
|-ability|p1a: Corviknight|Pressure
|move|p2a: 0|Toxic|p1a: Corviknight
|-immune|p1a: Corviknight
|
|-heal|p1a: Corviknight|94/100|[from] item: Leftovers
|upkeep
|turn|53
|
|t:|1779900855
|switch|p2a: show|Rotom-Heat|51/100 tox
|move|p1a: Corviknight|Defog|p2a: show
|-unboost|p2a: show|evasion|1
|-sideend|p1: Bearboeloe|Stealth Rock|[from] move: Defog|[of] p1a: Corviknight
|
|-heal|p1a: Corviknight|100/100|[from] item: Leftovers
|-damage|p2a: show|44/100 tox|[from] psn
|upkeep
|turn|54
|
|t:|1779900874
|switch|p1a: Gliscor|Gliscor, F|100/100 tox
|move|p2a: show|Trick|p1a: Gliscor
|-activate|p2a: show|move: Trick|[of] p1a: Gliscor
|-item|p1a: Gliscor|Toxic Orb|[from] move: Trick
|-item|p2a: show|Choice Scarf|[from] move: Trick
|
|-damage|p2a: show|32/100 tox|[from] psn
|upkeep
|turn|55
|
|t:|1779900881
|move|p1a: Gliscor|Protect|p1a: Gliscor
|-singleturn|p1a: Gliscor|Protect
|move|p2a: show|Trick|p1a: Gliscor
|-activate|p1a: Gliscor|move: Protect
|
|-damage|p2a: show|13/100 tox|[from] psn
|upkeep
|turn|56
|
|t:|1779900891
|switch|p1a: Clodsire|Clodsire, F|77/100
|move|p2a: show|Trick|p1a: Clodsire
|-activate|p2a: show|move: Trick|[of] p1a: Clodsire
|-item|p1a: Clodsire|Choice Scarf|[from] move: Trick
|-item|p2a: show|Heavy-Duty Boots|[from] move: Trick
|
|-damage|p2a: show|0 fnt|[from] psn
|faint|p2a: show
|upkeep
|
|t:|1779900897
|switch|p2a: odo|Kingambit, M|100/100
|-activate|p2a: odo|ability: Supreme Overlord
|-start|p2a: odo|fallen1|[silent]
|-item|p2a: odo|Air Balloon
|turn|57
|
|t:|1779900907
|switch|p1a: Alomomola|Alomomola, F, shiny|100/100
|move|p2a: odo|Swords Dance|p2a: odo
|-boost|p2a: odo|atk|2
|
|upkeep
|turn|58
|
|t:|1779900915
|switch|p1a: Dondozo|Dondozo, F|86/100
|move|p2a: odo|Kowtow Cleave|p1a: Dondozo
|-damage|p1a: Dondozo|62/100
|
|upkeep
|turn|59
|
|t:|1779900918
|-end|p2a: odo|fallen1|[silent]
|switch|p2a: 0|Clodsire, F|100/100
|move|p1a: Dondozo|Curse|p1a: Dondozo
|-unboost|p1a: Dondozo|spe|1
|-boost|p1a: Dondozo|atk|1
|-boost|p1a: Dondozo|def|1
|
|upkeep
|turn|60
|
|t:|1779900924
|switch|p1a: Gliscor|Gliscor, F|100/100 tox
|move|p2a: 0|Stealth Rock|p1a: Gliscor
|-sidestart|p1: Bearboeloe|move: Stealth Rock
|
|upkeep
|turn|61
|
|t:|1779900937
|switch|p2a: i´m invincible|Avalugg, F|80/100 tox
|move|p1a: Gliscor|Stealth Rock|p2a: i´m invincible
|-sidestart|p2: esotilin6967|move: Stealth Rock
|
|-damage|p2a: i´m invincible|74/100 tox|[from] psn
|upkeep
|turn|62
|
|t:|1779900943
|move|p1a: Gliscor|Protect|p1a: Gliscor
|-singleturn|p1a: Gliscor|Protect
|move|p2a: i´m invincible|Rapid Spin|p1a: Gliscor
|-activate|p1a: Gliscor|move: Protect
|
|-damage|p2a: i´m invincible|62/100 tox|[from] psn
|upkeep
|turn|63
|
|t:|1779900948
|switch|p1a: Alomomola|Alomomola, F, shiny|100/100
|move|p2a: i´m invincible|Rapid Spin|p1a: Alomomola
|-damage|p1a: Alomomola|93/100
|-boost|p2a: i´m invincible|spe|1
|-sideend|p2: esotilin6967|Stealth Rock|[from] move: Rapid Spin|[of] p2a: i´m invincible
|
|-damage|p2a: i´m invincible|44/100 tox|[from] psn
|upkeep
|turn|64
|
|t:|1779900957
|switch|p2a: 0|Clodsire, F|100/100
|move|p1a: Alomomola|Scald|p2a: 0
|-immune|p2a: 0|[from] ability: Water Absorb
|
|upkeep
|turn|65
|
|t:|1779900964
|switch|p1a: Gliscor|Gliscor, F|100/100 tox
|-damage|p1a: Gliscor|88/100 tox|[from] Stealth Rock
|switch|p2a: magic|Gengar, F|100/100
|
|-heal|p1a: Gliscor|100/100 tox|[from] ability: Poison Heal
|upkeep
|turn|66
|
|t:|1779900974
|switch|p1a: Blissey|Blissey, F|98/100
|-damage|p1a: Blissey|86/100|[from] Stealth Rock
|move|p2a: magic|Icy Wind|p1a: Blissey
|-damage|p1a: Blissey|80/100
|-unboost|p1a: Blissey|spe|1
|
|-heal|p1a: Blissey|87/100|[from] item: Leftovers
|upkeep
|turn|67
|
|t:|1779900983
|move|p2a: magic|Focus Blast|p1a: Blissey|[miss]
|-miss|p2a: magic|p1a: Blissey
|move|p1a: Blissey|Seismic Toss|p2a: magic
|-immune|p2a: magic
|
|-heal|p1a: Blissey|93/100|[from] item: Leftovers
|upkeep
|turn|68
|
|t:|1779901003
|move|p2a: magic|Icy Wind|p1a: Blissey
|-damage|p1a: Blissey|87/100
|-unboost|p1a: Blissey|spe|1
|move|p1a: Blissey|Seismic Toss|p2a: magic
|-immune|p2a: magic
|
|-heal|p1a: Blissey|93/100|[from] item: Leftovers
|upkeep
|turn|69
|
|t:|1779901013
|switch|p1a: Corviknight|Corviknight, F, shiny|100/100
|-damage|p1a: Corviknight|88/100|[from] Stealth Rock
|-ability|p1a: Corviknight|Pressure
|move|p2a: magic|Focus Blast|p1a: Corviknight
|-damage|p1a: Corviknight|60/100
|-unboost|p1a: Corviknight|spd|1
|
|-heal|p1a: Corviknight|66/100|[from] item: Leftovers
|upkeep
|turn|70
|
|t:|1779901024
|move|p2a: magic|Shadow Ball|p1a: Corviknight
|-damage|p1a: Corviknight|25/100
|move|p1a: Corviknight|Roost|p1a: Corviknight
|-heal|p1a: Corviknight|75/100
|-singleturn|p1a: Corviknight|move: Roost
|
|-heal|p1a: Corviknight|81/100|[from] item: Leftovers
|upkeep
|turn|71
|
|t:|1779901033
|switch|p1a: Clodsire|Clodsire, F|77/100
|-damage|p1a: Clodsire|71/100|[from] Stealth Rock
|move|p2a: magic|Shadow Ball|p1a: Clodsire
|-damage|p1a: Clodsire|46/100
|
|upkeep
|turn|72
|
|t:|1779901048
|move|p2a: magic|Shadow Ball|p1a: Clodsire
|-damage|p1a: Clodsire|21/100
|move|p1a: Clodsire|Recover|p1a: Clodsire
|-heal|p1a: Clodsire|71/100
|
|upkeep
|turn|73
|
|t:|1779901070
|switch|p1a: Alomomola|Alomomola, F, shiny|100/100
|move|p2a: magic|Shadow Ball|p1a: Alomomola
|-damage|p1a: Alomomola|51/100
|
|upkeep
|turn|74
|
|t:|1779901076
|move|p2a: magic|Shadow Ball|p1a: Alomomola
|-damage|p1a: Alomomola|0 fnt
|faint|p1a: Alomomola
|
|upkeep
|-message|Bearboeloe forfeited.
|
|win|esotilin6967
|raw|Bearboeloe's rating: 1267 &rarr; <strong>1239</strong><br />(-28 for losing)
|raw|esotilin6967's rating: 1223 &rarr; <strong>1251</strong><br />(+28 for winning)
|l|☆Bearboeloe
|player|p1|
