|j|☆shshshxh
|j|☆Nexuscoro
|t:|1779945159
|gametype|singles
|player|p1|shshshxh|170|1088
|player|p2|Nexuscoro|li|1136
|gen|9
|tier|[Gen 9] OU
|rated|
|rule|HP Percentage Mod: HP is shown in percentages
|rule|Endless Battle Clause: Forcing endless battles is banned
|rule|Species Clause: Limit one of each Pokémon
|rule|OHKO Clause: OHKO moves are banned
|rule|Evasion Items Clause: Evasion items are banned
|rule|Evasion Moves Clause: Evasion moves are banned
|rule|Evasion Abilities Clause: Evasion abilities are banned
|rule|Sleep Moves Clause: Sleep-inducing moves are banned
|clearpoke
|poke|p1|Garchomp, F|
|poke|p1|Kingambit, F|
|poke|p1|Pelipper, F|
|poke|p1|Basculegion, M|
|poke|p1|Incineroar, F|
|poke|p1|Landorus-Therian, M|
|poke|p2|Hatterene, F|
|poke|p2|Cinderace, F|
|poke|p2|Uxie|
|poke|p2|Ursaluna, F|
|poke|p2|Regidrago|
|poke|p2|Gholdengo|
|teampreview
|
|t:|1779945178
|teamsize|p1|6
|teamsize|p2|6
|start
|switch|p1a: Landorus|Landorus-Therian, M|100/100
|switch|p2a: An IQ Too High?|Uxie|100/100
|-ability|p1a: Landorus|Intimidate|boost
|-unboost|p2a: An IQ Too High?|atk|1
|turn|1
|
|t:|1779945183
|switch|p2a: Perky|Hatterene, F|100/100
|move|p1a: Landorus|Stealth Rock|p2a: Perky
|move|p2a: Perky|Stealth Rock|p1a: Landorus|[from] ability: Magic Bounce
|-sidestart|p1: shshshxh|move: Stealth Rock
|
|upkeep
|turn|2
|inactive|Battle timer is ON: inactive players will automatically lose when time's up. (requested by Nexuscoro)
|
|t:|1779945202
|move|p1a: Landorus|U-turn|p2a: Perky
|-damage|p2a: Perky|83/100
|
|t:|1779945213
|switch|p1a: Kingambit|Kingambit, F|100/100|[from] U-turn
|-damage|p1a: Kingambit|94/100|[from] Stealth Rock
|move|p2a: Perky|Trick Room|p2a: Perky
|-fieldstart|move: Trick Room|[of] p2a: Perky
|
|upkeep
|turn|3
|
|t:|1779945230
|switch|p2a: Princess|Ursaluna, F|100/100
|move|p1a: Kingambit|Low Kick|p2a: Princess
|-supereffective|p2a: Princess
|-damage|p2a: Princess|32/100
|
|-status|p2a: Princess|brn|[from] item: Flame Orb
|upkeep
|turn|4
|
|t:|1779945247
|move|p1a: Kingambit|Sucker Punch|p2a: Princess
|-damage|p2a: Princess|3/100 brn
|move|p2a: Princess|Headlong Rush|p1a: Kingambit
|-supereffective|p1a: Kingambit
|-damage|p1a: Kingambit|0 fnt
|-unboost|p2a: Princess|def|1
|-unboost|p2a: Princess|spd|1
|faint|p1a: Kingambit
|
|-damage|p2a: Princess|0 fnt|[from] brn
|faint|p2a: Princess
|upkeep
|
|t:|1779945255
|switch|p2a: REGIDRA(GOAT)|Regidrago|100/100
|switch|p1a: Incineroar|Incineroar, F|100/100
|-damage|p1a: Incineroar|76/100|[from] Stealth Rock
|-ability|p1a: Incineroar|Intimidate|boost
|-unboost|p2a: REGIDRA(GOAT)|atk|1
|turn|5
|
|t:|1779945261
|move|p1a: Incineroar|Fake Out|p2a: REGIDRA(GOAT)
|-crit|p2a: REGIDRA(GOAT)
|-damage|p2a: REGIDRA(GOAT)|85/100
|cant|p2a: REGIDRA(GOAT)|flinch
|
|upkeep
|turn|6
|
|t:|1779945269
|move|p2a: REGIDRA(GOAT)|Draco Meteor|p1a: Incineroar
|-damage|p1a: Incineroar|0 fnt
|-unboost|p2a: REGIDRA(GOAT)|spa|2
|faint|p1a: Incineroar
|
|-fieldend|move: Trick Room
|upkeep
|
|t:|1779945275
|switch|p1a: Garchomp|Garchomp, F|100/100
|-damage|p1a: Garchomp|94/100|[from] Stealth Rock
|turn|7
|
|t:|1779945283
|move|p1a: Garchomp|Dragon Claw|p2a: REGIDRA(GOAT)
|-supereffective|p2a: REGIDRA(GOAT)
|-damage|p2a: REGIDRA(GOAT)|8/100
|move|p2a: REGIDRA(GOAT)|Draco Meteor|p1a: Garchomp
|-supereffective|p1a: Garchomp
|-damage|p1a: Garchomp|0 fnt
|-unboost|p2a: REGIDRA(GOAT)|spa|2
|faint|p1a: Garchomp
|
|upkeep
|
|t:|1779945290
|switch|p1a: Pelipper|Pelipper, F|100/100
|-damage|p1a: Pelipper|76/100|[from] Stealth Rock
|-weather|RainDance|[from] ability: Drizzle|[of] p1a: Pelipper
|turn|8
|
|t:|1779945295
|switch|p2a: An IQ Too High?|Uxie|100/100
|move|p1a: Pelipper|U-turn|p2a: An IQ Too High?
|-supereffective|p2a: An IQ Too High?
|-damage|p2a: An IQ Too High?|88/100
|
|t:|1779945303
|switch|p1a: Basculegion|Basculegion, M|100/100|[from] U-turn
|-damage|p1a: Basculegion|88/100|[from] Stealth Rock
|
|-weather|RainDance|[upkeep]
|upkeep
|turn|9
|
|t:|1779945307
|move|p1a: Basculegion|Wave Crash|p2a: An IQ Too High?
|-damage|p2a: An IQ Too High?|2/100
|-damage|p1a: Basculegion|62/100|[from] Recoil
|move|p2a: An IQ Too High?|Trick Room|p2a: An IQ Too High?
|-fieldstart|move: Trick Room|[of] p2a: An IQ Too High?
|
|-weather|RainDance|[upkeep]
|upkeep
|turn|10
|
|t:|1779945310
|move|p2a: An IQ Too High?|Memento|p1a: Basculegion
|-unboost|p1a: Basculegion|atk|2
|-unboost|p1a: Basculegion|spa|2
|faint|p2a: An IQ Too High?
|move|p1a: Basculegion|Wave Crash|p2: An IQ Too High?|[notarget]
|-fail|p1a: Basculegion
|
|-weather|RainDance|[upkeep]
|upkeep
|
|t:|1779945317
|switch|p2a: Netanyahu|Gholdengo, shiny|100/100
|turn|11
|
|t:|1779945323
|switch|p1a: Landorus|Landorus-Therian, M|100/100
|-damage|p1a: Landorus|88/100|[from] Stealth Rock
|-ability|p1a: Landorus|Intimidate|boost
|-unboost|p2a: Netanyahu|atk|1
|move|p2a: Netanyahu|Shadow Ball|p1a: Landorus
|-damage|p1a: Landorus|25/100
|
|-weather|RainDance|[upkeep]
|-heal|p1a: Landorus|31/100|[from] item: Leftovers
|upkeep
|turn|12
|
|t:|1779945326
|move|p2a: Netanyahu|Shadow Ball|p1a: Landorus
|-damage|p1a: Landorus|0 fnt
|faint|p1a: Landorus
|
|-weather|none
|upkeep
|
|t:|1779945332
|switch|p1a: Pelipper|Pelipper, F|76/100
|-damage|p1a: Pelipper|51/100|[from] Stealth Rock
|-weather|RainDance|[from] ability: Drizzle|[of] p1a: Pelipper
|turn|13
|
|t:|1779945353
|switch|p2a: Perky|Hatterene, F|83/100
|move|p1a: Pelipper|Hurricane|p2a: Perky
|-damage|p2a: Perky|36/100
|-start|p2a: Perky|confusion
|
|-weather|RainDance|[upkeep]
|-fieldend|move: Trick Room
|upkeep
|turn|14
|
|t:|1779945361
|move|p1a: Pelipper|Hurricane|p2a: Perky
|-damage|p2a: Perky|0 fnt
|faint|p2a: Perky
|
|-weather|RainDance|[upkeep]
|upkeep
|
|t:|1779945366
|switch|p2a: Netanyahu|Gholdengo, shiny|100/100
|turn|15
|
|t:|1779945377
|move|p1a: Pelipper|Hurricane|p2a: Netanyahu
|-resisted|p2a: Netanyahu
|-damage|p2a: Netanyahu|76/100
|move|p2a: Netanyahu|Shadow Ball|p1a: Pelipper
|-damage|p1a: Pelipper|0 fnt
|faint|p1a: Pelipper
|
|-weather|RainDance|[upkeep]
|upkeep
|
|t:|1779945380
|switch|p1a: Basculegion|Basculegion, M|62/100
|-damage|p1a: Basculegion|49/100|[from] Stealth Rock
|turn|16
|
|t:|1779945390
|-terastallize|p2a: Netanyahu|Water
|move|p1a: Basculegion|Wave Crash|p2a: Netanyahu
|-resisted|p2a: Netanyahu
|-damage|p2a: Netanyahu|17/100
|-damage|p1a: Basculegion|30/100|[from] Recoil
|move|p2a: Netanyahu|Shadow Ball|p1a: Basculegion
|-supereffective|p1a: Basculegion
|-damage|p1a: Basculegion|0 fnt
|faint|p1a: Basculegion
|
|win|Nexuscoro
|raw|shshshxh's rating: 1110 &rarr; <strong>1087</strong><br />(-23 for losing)
|raw|Nexuscoro's rating: 1136 &rarr; <strong>1159</strong><br />(+23 for winning)
|l|☆Nexuscoro
|player|p2|
