|j|☆gcvf
|j|☆sargentomichoo
|t:|1779872790
|gametype|singles
|player|p1|gcvf|265|1108
|player|p2|sargentomichoo|170|1154
|gen|9
|tier|[Gen 9] OU
|rated|
|rule|HP Percentage Mod: HP is shown in percentages
|rule|Endless Battle Clause: Forcing endless battles is banned
|rule|Species Clause: Limit one of each Pokémon
|rule|OHKO Clause: OHKO moves are banned
|rule|Evasion Items Clause: Evasion items are banned
|rule|Evasion Moves Clause: Evasion moves are banned
|rule|Evasion Abilities Clause: Evasion abilities are banned
|rule|Sleep Moves Clause: Sleep-inducing moves are banned
|clearpoke
|poke|p1|Scizor, M|
|poke|p1|Dragapult, F|
|poke|p1|Ting-Lu|
|poke|p1|Dragonite, F|
|poke|p1|Primarina, F|
|poke|p1|Kingambit, M|
|poke|p2|Gardevoir, M|
|poke|p2|Masquerain, F|
|poke|p2|Scizor, M|
|poke|p2|Slowbro, F|
|poke|p2|Typhlosion, F|
|poke|p2|Stantler, M|
|teampreview
|
|t:|1779872801
|teamsize|p1|6
|teamsize|p2|6
|start
|switch|p1a: Ting-Lu|Ting-Lu|100/100
|switch|p2a: Slowbro|Slowbro, F|100/100
|-ability|p1a: Ting-Lu|Vessel of Ruin
|turn|1
|inactive|Battle timer is ON: inactive players will automatically lose when time's up. (requested by sargentomichoo)
|
|t:|1779872810
|move|p1a: Ting-Lu|Spikes|p2a: Slowbro
|-sidestart|p2: sargentomichoo|Spikes
|move|p2a: Slowbro|Scald|p1a: Ting-Lu
|-supereffective|p1a: Ting-Lu
|-damage|p1a: Ting-Lu|62/100
|
|-heal|p1a: Ting-Lu|68/100|[from] item: Leftovers
|upkeep
|turn|2
|
|t:|1779872819
|move|p1a: Ting-Lu|Spikes|p2a: Slowbro
|-sidestart|p2: sargentomichoo|Spikes
|move|p2a: Slowbro|Scald|p1a: Ting-Lu
|-supereffective|p1a: Ting-Lu
|-damage|p1a: Ting-Lu|28/100
|
|-heal|p1a: Ting-Lu|34/100|[from] item: Leftovers
|upkeep
|turn|3
|
|t:|1779872827
|move|p2a: Slowbro|Scald|p1a: Ting-Lu
|-supereffective|p1a: Ting-Lu
|-damage|p1a: Ting-Lu|0 fnt
|faint|p1a: Ting-Lu
|
|upkeep
|
|t:|1779872848
|switch|p1a: Kingambit|Kingambit, M|100/100
|-activate|p1a: Kingambit|ability: Supreme Overlord
|-start|p1a: Kingambit|fallen1|[silent]
|turn|4
|
|t:|1779872857
|-terastallize|p2a: Slowbro|Fire
|move|p1a: Kingambit|Swords Dance|p1a: Kingambit
|-boost|p1a: Kingambit|atk|2
|move|p2a: Slowbro|Flamethrower|p1a: Kingambit
|-supereffective|p1a: Kingambit
|-damage|p1a: Kingambit|25/100
|
|upkeep
|turn|5
|
|t:|1779872867
|-terastallize|p1a: Kingambit|Dark
|move|p1a: Kingambit|Sucker Punch|p2a: Slowbro
|-damage|p2a: Slowbro|8/100
|move|p2a: Slowbro|Flamethrower|p1a: Kingambit
|-damage|p1a: Kingambit|0 fnt
|faint|p1a: Kingambit
|-end|p1a: Kingambit|fallen1|[silent]
|
|upkeep
|
|t:|1779872876
|switch|p1a: Primarina|Primarina, F|100/100
|turn|6
|
|t:|1779872881
|move|p1a: Primarina|Flip Turn|p2a: Slowbro
|-supereffective|p2a: Slowbro
|-damage|p2a: Slowbro|0 fnt
|faint|p2a: Slowbro
|
|t:|1779872890
|switch|p1a: Dragonite|Dragonite, F|100/100|[from] Flip Turn
|
|upkeep
|
|t:|1779872895
|switch|p2a: Masquerain|Masquerain, F|100/100
|-ability|p2a: Masquerain|Intimidate|boost
|-unboost|p1a: Dragonite|atk|1
|turn|7
|
|t:|1779872900
|move|p1a: Dragonite|Dragon Dance|p1a: Dragonite
|-boost|p1a: Dragonite|atk|1
|-boost|p1a: Dragonite|spe|1
|move|p2a: Masquerain|Air Slash|p1a: Dragonite
|-damage|p1a: Dragonite|82/100
|
|upkeep
|turn|8
|
|t:|1779872906
|move|p1a: Dragonite|Dragon Dance|p1a: Dragonite
|-boost|p1a: Dragonite|atk|1
|-boost|p1a: Dragonite|spe|1
|move|p2a: Masquerain|Whirlwind|p1a: Dragonite
|drag|p1a: Dragapult|Dragapult, F|100/100
|
|upkeep
|turn|9
|
|t:|1779872916
|move|p1a: Dragapult|Flamethrower|p2a: Masquerain
|-supereffective|p2a: Masquerain
|-enditem|p2a: Masquerain|Focus Sash
|-damage|p2a: Masquerain|1/100
|move|p2a: Masquerain|Air Slash|p1a: Dragapult
|-damage|p1a: Dragapult|48/100
|
|upkeep
|turn|10
|
|t:|1779872924
|move|p1a: Dragapult|Flamethrower|p2a: Masquerain
|-supereffective|p2a: Masquerain
|-damage|p2a: Masquerain|0 fnt
|faint|p2a: Masquerain
|
|upkeep
|
|t:|1779872933
|switch|p2a: Typhlosion|Typhlosion, F|100/100
|-damage|p2a: Typhlosion|84/100|[from] Spikes
|turn|11
|
|t:|1779872937
|switch|p1a: Primarina|Primarina, F|100/100
|move|p2a: Typhlosion|Shadow Ball|p1a: Primarina
|-damage|p1a: Primarina|86/100
|
|upkeep
|turn|12
|
|t:|1779872949
|move|p2a: Typhlosion|Shadow Ball|p1a: Primarina
|-damage|p1a: Primarina|71/100
|-unboost|p1a: Primarina|spd|1
|move|p1a: Primarina|Flip Turn|p2a: Typhlosion
|-supereffective|p2a: Typhlosion
|-damage|p2a: Typhlosion|44/100
|
|t:|1779872957
|switch|p1a: Dragonite|Dragonite, F|82/100|[from] Flip Turn
|
|upkeep
|turn|13
|
|t:|1779872964
|switch|p2a: Gardevoir|Gardevoir, M|100/100
|-damage|p2a: Gardevoir|84/100|[from] Spikes
|-ability|p2a: Gardevoir|Multiscale|Trace|[from] ability: Trace|[of] p1a: Dragonite
|move|p1a: Dragonite|Dragon Dance|p1a: Dragonite
|-boost|p1a: Dragonite|atk|1
|-boost|p1a: Dragonite|spe|1
|
|upkeep
|turn|14
|
|t:|1779872988
|switch|p1a: Scizor|Scizor, M|100/100
|move|p2a: Gardevoir|Moonblast|p1a: Scizor
|-resisted|p1a: Scizor
|-damage|p1a: Scizor|63/100
|-unboost|p1a: Scizor|spa|1
|
|upkeep
|turn|15
|
|t:|1779872997
|switch|p2a: Typhlosion|Typhlosion, F|44/100
|-damage|p2a: Typhlosion|27/100|[from] Spikes
|move|p1a: Scizor|Knock Off|p2a: Typhlosion
|-damage|p2a: Typhlosion|0 fnt
|-enditem|p2a: Typhlosion|Choice Scarf|[from] move: Knock Off|[of] p1a: Scizor
|faint|p2a: Typhlosion
|
|upkeep
|
|t:|1779873006
|switch|p2a: Scizor|Scizor, M|100/100
|-damage|p2a: Scizor|84/100|[from] Spikes
|turn|16
|
|t:|1779873014
|switch|p1a: Dragonite|Dragonite, F|82/100
|move|p2a: Scizor|Swords Dance|p2a: Scizor
|-boost|p2a: Scizor|atk|2
|
|upkeep
|turn|17
|
|t:|1779873021
|move|p2a: Scizor|Bullet Punch|p1a: Dragonite
|-damage|p1a: Dragonite|20/100
|move|p1a: Dragonite|Encore|p2a: Scizor
|-start|p2a: Scizor|Encore
|
|upkeep
|turn|18
|
|t:|1779873028
|move|p2a: Scizor|Bullet Punch|p1a: Dragonite
|-damage|p1a: Dragonite|0 fnt
|faint|p1a: Dragonite
|
|upkeep
|
|t:|1779873035
|switch|p1a: Scizor|Scizor, M|63/100
|turn|19
|
|t:|1779873043
|move|p2a: Scizor|Bullet Punch|p1a: Scizor
|-resisted|p1a: Scizor
|-damage|p1a: Scizor|31/100
|move|p1a: Scizor|Knock Off|p2a: Scizor
|-damage|p2a: Scizor|46/100
|-enditem|p2a: Scizor|Chesto Berry|[from] move: Knock Off|[of] p1a: Scizor
|
|upkeep
|turn|20
|
|t:|1779873052
|move|p2a: Scizor|Bullet Punch|p1a: Scizor
|-resisted|p1a: Scizor
|-damage|p1a: Scizor|0 fnt
|faint|p1a: Scizor
|
|-end|p2a: Scizor|Encore
|upkeep
|
|t:|1779873058
|switch|p1a: Primarina|Primarina, F|71/100
|turn|21
|
|t:|1779873064
|move|p2a: Scizor|Bullet Punch|p1a: Primarina
|-damage|p1a: Primarina|5/100
|move|p1a: Primarina|Psychic Noise|p2a: Scizor
|-resisted|p2a: Scizor
|-damage|p2a: Scizor|32/100
|-start|p2a: Scizor|move: Heal Block
|
|upkeep
|turn|22
|
|t:|1779873072
|move|p2a: Scizor|Bullet Punch|p1a: Primarina
|-damage|p1a: Primarina|0 fnt
|faint|p1a: Primarina
|
|-end|p2a: Scizor|move: Heal Block
|upkeep
|-message|gcvf forfeited.
|
|win|sargentomichoo
|raw|gcvf's rating: 1108 &rarr; <strong>1086</strong><br />(-22 for losing)
|raw|sargentomichoo's rating: 1154 &rarr; <strong>1176</strong><br />(+22 for winning)
|l|☆gcvf
|player|p1|
|l|☆sargentomichoo
|player|p2|
|j|☆gcvf
|player|p1|gcvf|265|
|l|☆gcvf
|player|p1|
