|j|☆LL8888
|j|☆tecerdo
|t:|1779951695
|gametype|singles
|player|p1|LL8888|266|1421
|player|p2|tecerdo|gentleman-gen4dp|1486
|gen|9
|tier|[Gen 9] OU
|rated|
|rule|HP Percentage Mod: HP is shown in percentages
|rule|Endless Battle Clause: Forcing endless battles is banned
|rule|Species Clause: Limit one of each Pokémon
|rule|OHKO Clause: OHKO moves are banned
|rule|Evasion Items Clause: Evasion items are banned
|rule|Evasion Moves Clause: Evasion moves are banned
|rule|Evasion Abilities Clause: Evasion abilities are banned
|rule|Sleep Moves Clause: Sleep-inducing moves are banned
|clearpoke
|poke|p1|Scizor, M|
|poke|p1|Zapdos|
|poke|p1|Alomomola, F|
|poke|p1|Corviknight, F|
|poke|p1|Charizard, F|
|poke|p1|Dragapult, M|
|poke|p2|Pelipper, M|
|poke|p2|Beartic, M|
|poke|p2|Barraskewda, M|
|poke|p2|Bellibolt, M|
|poke|p2|Toxicroak, F|
|poke|p2|Iron Treads|
|teampreview
|inactive|Battle timer is ON: inactive players will automatically lose when time's up. (requested by LL8888)
|inactive|LL8888 has 120 seconds left.
|
|t:|1779951735
|teamsize|p1|6
|teamsize|p2|6
|start
|switch|p1a: Charizard|Charizard, F|100/100
|switch|p2a: Iron Treads|Iron Treads|100/100
|turn|1
|
|t:|1779951750
|-end|p2a: Iron Treads|Quark Drive|[silent]
|switch|p2a: Pelipper|Pelipper, M|100/100
|-weather|RainDance|[from] ability: Drizzle|[of] p2a: Pelipper
|move|p1a: Charizard|Overheat|p2a: Pelipper
|-resisted|p2a: Pelipper
|-damage|p2a: Pelipper|79/100
|-unboost|p1a: Charizard|spa|2
|
|-weather|RainDance|[upkeep]
|upkeep
|turn|2
|
|t:|1779951763
|switch|p1a: Zapdos|Zapdos|100/100
|move|p2a: Pelipper|U-turn|p1a: Zapdos
|-resisted|p1a: Zapdos
|-damage|p1a: Zapdos|98/100
|-damage|p2a: Pelipper|62/100|[from] item: Rocky Helmet|[of] p1a: Zapdos
|
|t:|1779951768
|switch|p2a: Beartic|Beartic, M|100/100|[from] U-turn
|
|-weather|RainDance|[upkeep]
|upkeep
|turn|3
|
|t:|1779951778
|switch|p1a: Corviknight|Corviknight, F, shiny|100/100
|move|p2a: Beartic|Icicle Spear|p1a: Corviknight
|-crit|p1a: Corviknight
|-damage|p1a: Corviknight|89/100
|-damage|p1a: Corviknight|80/100
|-damage|p1a: Corviknight|72/100
|-crit|p1a: Corviknight
|-damage|p1a: Corviknight|60/100
|-hitcount|p1a: Corviknight|4
|
|-weather|RainDance|[upkeep]
|upkeep
|turn|4
|
|t:|1779951790
|switch|p2a: Bellibolt|Bellibolt, M|100/100
|move|p1a: Corviknight|Roost|p1a: Corviknight
|-heal|p1a: Corviknight|100/100
|-singleturn|p1a: Corviknight|move: Roost
|
|-weather|RainDance|[upkeep]
|upkeep
|turn|5
|
|t:|1779951806
|switch|p1a: Zapdos|Zapdos|98/100
|move|p2a: Bellibolt|Volt Switch|p1a: Zapdos
|-damage|p1a: Zapdos|64/100
|
|t:|1779951813
|switch|p2a: Beartic|Beartic, M|100/100|[from] Volt Switch
|
|-weather|RainDance|[upkeep]
|upkeep
|turn|6
|
|t:|1779951819
|switch|p1a: Scizor|Scizor, M|100/100
|move|p2a: Beartic|Icicle Spear|p1a: Scizor
|-resisted|p1a: Scizor
|-damage|p1a: Scizor|94/100
|-resisted|p1a: Scizor
|-damage|p1a: Scizor|87/100
|-resisted|p1a: Scizor
|-damage|p1a: Scizor|81/100
|-resisted|p1a: Scizor
|-damage|p1a: Scizor|75/100
|-resisted|p1a: Scizor
|-damage|p1a: Scizor|68/100
|-hitcount|p1a: Scizor|5
|
|-weather|RainDance|[upkeep]
|upkeep
|turn|7
|
|t:|1779951838
|switch|p2a: Toxicroak|Toxicroak, F|100/100
|move|p1a: Scizor|Close Combat|p2a: Toxicroak
|-resisted|p2a: Toxicroak
|-damage|p2a: Toxicroak|69/100
|-unboost|p1a: Scizor|def|1
|-unboost|p1a: Scizor|spd|1
|-damage|p1a: Scizor|51/100|[from] item: Rocky Helmet|[of] p2a: Toxicroak
|
|-weather|RainDance|[upkeep]
|-heal|p2a: Toxicroak|81/100|[from] ability: Dry Skin
|upkeep
|turn|8
|inactive|LL8888 has 120 seconds left.
|
|t:|1779951863
|switch|p1a: Zapdos|Zapdos|64/100
|move|p2a: Toxicroak|Knock Off|p1a: Zapdos
|-damage|p1a: Zapdos|48/100
|-damage|p2a: Toxicroak|64/100|[from] item: Rocky Helmet|[of] p1a: Zapdos
|-enditem|p1a: Zapdos|Rocky Helmet|[from] move: Knock Off|[of] p2a: Toxicroak
|
|-weather|none
|upkeep
|turn|9
|inactive|LL8888 has 120 seconds left.
|
|t:|1779951874
|switch|p2a: Iron Treads|Iron Treads|100/100
|move|p1a: Zapdos|Roost|p1a: Zapdos
|-heal|p1a: Zapdos|98/100
|-singleturn|p1a: Zapdos|move: Roost
|
|upkeep
|turn|10
|
|t:|1779951882
|switch|p1a: Charizard|Charizard, F|100/100
|move|p2a: Iron Treads|Stealth Rock|p1a: Charizard
|-sidestart|p1: LL8888|move: Stealth Rock
|
|upkeep
|turn|11
|
|t:|1779951889
|-end|p2a: Iron Treads|Quark Drive|[silent]
|switch|p2a: Pelipper|Pelipper, M|62/100
|-weather|RainDance|[from] ability: Drizzle|[of] p2a: Pelipper
|move|p1a: Charizard|Rock Tomb|p2a: Pelipper|[miss]
|-miss|p1a: Charizard|p2a: Pelipper
|
|-weather|RainDance|[upkeep]
|upkeep
|turn|12
|
|t:|1779951901
|switch|p1a: Zapdos|Zapdos|98/100
|-damage|p1a: Zapdos|73/100|[from] Stealth Rock
|move|p2a: Pelipper|Roost|p2a: Pelipper
|-heal|p2a: Pelipper|100/100
|-singleturn|p2a: Pelipper|move: Roost
|
|-weather|RainDance|[upkeep]
|upkeep
|turn|13
|
|t:|1779951917
|switch|p2a: Bellibolt|Bellibolt, M|100/100
|move|p1a: Zapdos|Hurricane|p2a: Bellibolt
|-resisted|p2a: Bellibolt
|-damage|p2a: Bellibolt|88/100
|-start|p2a: Bellibolt|Charge|Hurricane|[from] ability: Electromorphosis
|
|-weather|RainDance|[upkeep]
|upkeep
|turn|14
|
|t:|1779951927
|move|p1a: Zapdos|Light Screen|p1a: Zapdos
|-sidestart|p1: LL8888|move: Light Screen
|move|p2a: Bellibolt|Thunder|p1a: Zapdos
|-damage|p1a: Zapdos|25/100
|-end|p2a: Bellibolt|Charge|[silent]
|
|-weather|RainDance|[upkeep]
|upkeep
|turn|15
|
|t:|1779951936
|move|p1a: Zapdos|Roost|p1a: Zapdos
|-heal|p1a: Zapdos|75/100
|-singleturn|p1a: Zapdos|move: Roost
|move|p2a: Bellibolt|Volt Switch|p1a: Zapdos
|-resisted|p1a: Zapdos
|-damage|p1a: Zapdos|68/100
|
|t:|1779951938
|switch|p2a: Beartic|Beartic, M|100/100|[from] Volt Switch
|
|-weather|RainDance|[upkeep]
|upkeep
|turn|16
|
|t:|1779951948
|switch|p1a: Corviknight|Corviknight, F, shiny|100/100
|-damage|p1a: Corviknight|88/100|[from] Stealth Rock
|move|p2a: Beartic|Icicle Spear|p1a: Corviknight
|-damage|p1a: Corviknight|79/100
|-damage|p1a: Corviknight|72/100
|-damage|p1a: Corviknight|64/100
|-damage|p1a: Corviknight|56/100
|-hitcount|p1a: Corviknight|4
|
|-weather|RainDance|[upkeep]
|upkeep
|turn|17
|
|t:|1779951966
|switch|p2a: Bellibolt|Bellibolt, M|88/100
|move|p1a: Corviknight|Defog|p2a: Bellibolt
|-unboost|p2a: Bellibolt|evasion|1
|-sideend|p1: LL8888|Stealth Rock|[from] move: Defog|[of] p1a: Corviknight
|
|-weather|RainDance|[upkeep]
|upkeep
|turn|18
|
|t:|1779951984
|switch|p1a: Zapdos|Zapdos|68/100
|move|p2a: Bellibolt|Volt Switch|p1a: Zapdos
|-damage|p1a: Zapdos|50/100
|
|t:|1779951990
|switch|p2a: Beartic|Beartic, M|100/100|[from] Volt Switch
|
|-weather|none
|-sideend|p1: LL8888|move: Light Screen
|upkeep
|turn|19
|
|t:|1779952008
|switch|p1a: Scizor|Scizor, M|51/100
|move|p2a: Beartic|Icicle Spear|p1a: Scizor
|-resisted|p1a: Scizor
|-damage|p1a: Scizor|45/100
|-resisted|p1a: Scizor
|-damage|p1a: Scizor|39/100
|-resisted|p1a: Scizor
|-damage|p1a: Scizor|32/100
|-resisted|p1a: Scizor
|-damage|p1a: Scizor|26/100
|-resisted|p1a: Scizor
|-damage|p1a: Scizor|19/100
|-hitcount|p1a: Scizor|5
|
|upkeep
|turn|20
|inactive|LL8888 has 120 seconds left.
|
|t:|1779952023
|switch|p2a: Toxicroak|Toxicroak, F|64/100
|move|p1a: Scizor|U-turn|p2a: Toxicroak
|-resisted|p2a: Toxicroak
|-damage|p2a: Toxicroak|50/100
|-damage|p1a: Scizor|3/100|[from] item: Rocky Helmet|[of] p2a: Toxicroak
|inactive|LL8888 has 120 seconds left.
|
|t:|1779952037
|switch|p1a: Dragapult|Dragapult, M|100/100|[from] U-turn
|
|upkeep
|turn|21
|inactive|LL8888 has 120 seconds left.
|
|t:|1779952043
|switch|p2a: Iron Treads|Iron Treads|100/100
|-terastallize|p1a: Dragapult|Dragon
|move|p1a: Dragapult|Dragon Darts|p2a: Iron Treads
|-resisted|p2a: Iron Treads
|-damage|p2a: Iron Treads|77/100
|-anim|p1a: Dragapult|Dragon Darts|p2a: Iron Treads
|-resisted|p2a: Iron Treads
|-damage|p2a: Iron Treads|55/100
|
|upkeep
|turn|22
|inactive|LL8888 has 120 seconds left.
|
|t:|1779952058
|switch|p1a: Zapdos|Zapdos|50/100
|move|p2a: Iron Treads|Stealth Rock|p1a: Zapdos
|-sidestart|p1: LL8888|move: Stealth Rock
|
|upkeep
|turn|23
|inactive|LL8888 has 120 seconds left.
|
|t:|1779952071
|-end|p2a: Iron Treads|Quark Drive|[silent]
|switch|p2a: Bellibolt|Bellibolt, M|88/100
|move|p1a: Zapdos|Roost|p1a: Zapdos
|-heal|p1a: Zapdos|99/100
|-singleturn|p1a: Zapdos|move: Roost
|
|upkeep
|turn|24
|
|t:|1779952079
|move|p1a: Zapdos|Light Screen|p1a: Zapdos
|-sidestart|p1: LL8888|move: Light Screen
|move|p2a: Bellibolt|Volt Switch|p1a: Zapdos
|-damage|p1a: Zapdos|84/100
|
|t:|1779952082
|switch|p2a: Pelipper|Pelipper, M|100/100|[from] Volt Switch
|-weather|RainDance|[from] ability: Drizzle|[of] p2a: Pelipper
|
|-weather|RainDance|[upkeep]
|upkeep
|turn|25
|inactive|LL8888 has 120 seconds left.
|
|t:|1779952114
|switch|p1a: Dragapult|Dragapult, M, tera:Dragon|100/100
|-damage|p1a: Dragapult|88/100|[from] Stealth Rock
|switch|p2a: Bellibolt|Bellibolt, M|88/100
|
|-weather|RainDance|[upkeep]
|upkeep
|turn|26
|
|t:|1779952125
|switch|p2a: Iron Treads|Iron Treads|55/100
|move|p1a: Dragapult|Dragon Darts|p2a: Iron Treads
|-resisted|p2a: Iron Treads
|-damage|p2a: Iron Treads|34/100
|-anim|p1a: Dragapult|Dragon Darts|p2a: Iron Treads
|-resisted|p2a: Iron Treads
|-damage|p2a: Iron Treads|12/100
|
|-weather|RainDance|[upkeep]
|upkeep
|turn|27
|
|t:|1779952135
|move|p1a: Dragapult|Dragon Darts|p2a: Iron Treads
|-resisted|p2a: Iron Treads
|-damage|p2a: Iron Treads|0 fnt
|faint|p2a: Iron Treads
|-end|p2a: Iron Treads|Quark Drive|[silent]
|
|-weather|RainDance|[upkeep]
|upkeep
|
|t:|1779952139
|switch|p2a: Beartic|Beartic, M|100/100
|turn|28
|inactive|LL8888 has 120 seconds left.
|
|t:|1779952153
|switch|p1a: Alomomola|Alomomola, F|100/100
|-damage|p1a: Alomomola|88/100|[from] Stealth Rock
|move|p2a: Beartic|Icicle Spear|p1a: Alomomola
|-resisted|p1a: Alomomola
|-damage|p1a: Alomomola|83/100
|-resisted|p1a: Alomomola
|-damage|p1a: Alomomola|77/100
|-resisted|p1a: Alomomola
|-damage|p1a: Alomomola|72/100
|-resisted|p1a: Alomomola
|-damage|p1a: Alomomola|68/100
|-hitcount|p1a: Alomomola|4
|
|-weather|RainDance|[upkeep]
|-sideend|p1: LL8888|move: Light Screen
|upkeep
|turn|29
|inactive|LL8888 has 120 seconds left.
|
|t:|1779952173
|switch|p2a: Toxicroak|Toxicroak, F|50/100
|switch|p1a: Corviknight|Corviknight, F, shiny|56/100
|-damage|p1a: Corviknight|44/100|[from] Stealth Rock
|
|-weather|RainDance|[upkeep]
|-heal|p2a: Toxicroak|63/100|[from] ability: Dry Skin
|upkeep
|turn|30
|
|t:|1779952187
|move|p2a: Toxicroak|Knock Off|p1a: Corviknight
|-damage|p1a: Corviknight|30/100
|-damage|p2a: Toxicroak|46/100|[from] item: Rocky Helmet|[of] p1a: Corviknight
|-enditem|p1a: Corviknight|Rocky Helmet|[from] move: Knock Off|[of] p2a: Toxicroak
|move|p1a: Corviknight|Roost|p1a: Corviknight
|-heal|p1a: Corviknight|80/100
|-singleturn|p1a: Corviknight|move: Roost
|
|-weather|RainDance|[upkeep]
|-heal|p2a: Toxicroak|58/100|[from] ability: Dry Skin
|upkeep
|turn|31
|
|t:|1779952200
|move|p2a: Toxicroak|Drain Punch|p1a: Corviknight
|-damage|p1a: Corviknight|64/100
|-heal|p2a: Toxicroak|68/100|[from] drain|[of] p1a: Corviknight
|move|p1a: Corviknight|Defog|p2a: Toxicroak
|-unboost|p2a: Toxicroak|evasion|1
|-sideend|p1: LL8888|Stealth Rock|[from] move: Defog|[of] p1a: Corviknight
|
|-weather|none
|upkeep
|turn|32
|
|t:|1779952210
|switch|p2a: Pelipper|Pelipper, M|100/100
|-weather|RainDance|[from] ability: Drizzle|[of] p2a: Pelipper
|move|p1a: Corviknight|Roost|p1a: Corviknight
|-heal|p1a: Corviknight|100/100
|-singleturn|p1a: Corviknight|move: Roost
|
|-weather|RainDance|[upkeep]
|upkeep
|turn|33
|
|t:|1779952240
|switch|p1a: Zapdos|Zapdos|84/100
|move|p2a: Pelipper|U-turn|p1a: Zapdos
|-resisted|p1a: Zapdos
|-damage|p1a: Zapdos|81/100
|-status|p2a: Pelipper|par|[from] ability: Static|[of] p1a: Zapdos
|
|t:|1779952245
|switch|p2a: Beartic|Beartic, M|100/100|[from] U-turn
|
|-weather|RainDance|[upkeep]
|upkeep
|turn|34
|
|t:|1779952264
|switch|p1a: Corviknight|Corviknight, F, shiny|100/100
|move|p2a: Beartic|Icicle Spear|p1a: Corviknight
|-damage|p1a: Corviknight|92/100
|-damage|p1a: Corviknight|84/100
|-damage|p1a: Corviknight|76/100
|-damage|p1a: Corviknight|68/100
|-hitcount|p1a: Corviknight|4
|
|-weather|RainDance|[upkeep]
|upkeep
|turn|35
|inactive|LL8888 has 90 seconds left.
|
|t:|1779952282
|switch|p2a: Bellibolt|Bellibolt, M|88/100
|move|p1a: Corviknight|Roost|p1a: Corviknight
|-heal|p1a: Corviknight|100/100
|-singleturn|p1a: Corviknight|move: Roost
|
|-weather|RainDance|[upkeep]
|upkeep
|turn|36
|inactive|LL8888 has 90 seconds left.
|
|t:|1779952297
|switch|p1a: Zapdos|Zapdos|81/100
|move|p2a: Bellibolt|Volt Switch|p1a: Zapdos
|-damage|p1a: Zapdos|46/100
|
|t:|1779952309
|switch|p2a: Beartic|Beartic, M|100/100|[from] Volt Switch
|
|-weather|RainDance|[upkeep]
|upkeep
|turn|37
|
|t:|1779952316
|switch|p2a: Bellibolt|Bellibolt, M|88/100
|move|p1a: Zapdos|Volt Switch|p2a: Bellibolt
|-resisted|p2a: Bellibolt
|-damage|p2a: Bellibolt|80/100
|-start|p2a: Bellibolt|Charge|Volt Switch|[from] ability: Electromorphosis
|inactive|LL8888 has 90 seconds left.
|
|t:|1779952348
|switch|p1a: Scizor|Scizor, M|3/100|[from] Volt Switch
|
|-weather|RainDance|[upkeep]
|upkeep
|turn|38
|
|t:|1779952354
|switch|p2a: Toxicroak|Toxicroak, F|68/100
|move|p1a: Scizor|Close Combat|p2a: Toxicroak
|-resisted|p2a: Toxicroak
|-damage|p2a: Toxicroak|34/100
|-unboost|p1a: Scizor|def|1
|-unboost|p1a: Scizor|spd|1
|-damage|p1a: Scizor|0 fnt|[from] item: Rocky Helmet|[of] p2a: Toxicroak
|faint|p1a: Scizor
|
|-weather|RainDance|[upkeep]
|-heal|p2a: Toxicroak|47/100|[from] ability: Dry Skin
|upkeep
|
|t:|1779952368
|switch|p1a: Dragapult|Dragapult, M, tera:Dragon|88/100
|turn|39
|
|t:|1779952372
|move|p1a: Dragapult|Dragon Darts|p2a: Toxicroak
|-damage|p2a: Toxicroak|2/100
|-anim|p1a: Dragapult|Dragon Darts|p2a: Toxicroak
|-damage|p2a: Toxicroak|0 fnt
|faint|p2a: Toxicroak
|
|-weather|none
|upkeep
|
|t:|1779952377
|switch|p2a: Pelipper|Pelipper, M|100/100 par
|-weather|RainDance|[from] ability: Drizzle|[of] p2a: Pelipper
|turn|40
|
|t:|1779952383
|move|p1a: Dragapult|Dragon Darts|p2a: Pelipper
|-damage|p2a: Pelipper|61/100 par
|-anim|p1a: Dragapult|Dragon Darts|p2a: Pelipper
|-damage|p2a: Pelipper|22/100 par
|cant|p2a: Pelipper|par
|
|-weather|RainDance|[upkeep]
|upkeep
|turn|41
|
|t:|1779952392
|switch|p2a: Barraskewda|Barraskewda, M|100/100
|move|p1a: Dragapult|Dragon Darts|p2a: Barraskewda
|-damage|p2a: Barraskewda|6/100
|-anim|p1a: Dragapult|Dragon Darts|p2a: Barraskewda
|-damage|p2a: Barraskewda|0 fnt
|faint|p2a: Barraskewda
|
|-weather|RainDance|[upkeep]
|upkeep
|
|t:|1779952407
|switch|p2a: Beartic|Beartic, M|100/100
|turn|42
|
|t:|1779952417
|switch|p1a: Alomomola|Alomomola, F|100/100
|move|p2a: Beartic|Icicle Spear|p1a: Alomomola
|-resisted|p1a: Alomomola
|-damage|p1a: Alomomola|95/100
|-resisted|p1a: Alomomola
|-damage|p1a: Alomomola|90/100
|-resisted|p1a: Alomomola
|-damage|p1a: Alomomola|85/100
|-resisted|p1a: Alomomola
|-crit|p1a: Alomomola
|-damage|p1a: Alomomola|77/100
|-resisted|p1a: Alomomola
|-crit|p1a: Alomomola
|-damage|p1a: Alomomola|70/100
|-hitcount|p1a: Alomomola|5
|
|-weather|RainDance|[upkeep]
|upkeep
|turn|43
|-message|tecerdo forfeited.
|
|win|LL8888
|raw|LL8888's rating: 1421 &rarr; <strong>1445</strong><br />(+24 for winning)
|raw|tecerdo's rating: 1486 &rarr; <strong>1462</strong><br />(-24 for losing)
|l|☆tecerdo
|player|p2|
|l|☆LL8888
|player|p1|
