|j|☆Firestsr321
|j|☆lgchargers
|t:|1779802298
|gametype|singles
|player|p1|Firestsr321|bellelba|1196
|player|p2|lgchargers|linebacker|1222
|gen|9
|tier|[Gen 9] OU
|rated|
|rule|HP Percentage Mod: HP is shown in percentages
|rule|Endless Battle Clause: Forcing endless battles is banned
|rule|Species Clause: Limit one of each Pokémon
|rule|OHKO Clause: OHKO moves are banned
|rule|Evasion Items Clause: Evasion items are banned
|rule|Evasion Moves Clause: Evasion moves are banned
|rule|Evasion Abilities Clause: Evasion abilities are banned
|rule|Sleep Moves Clause: Sleep-inducing moves are banned
|clearpoke
|poke|p1|Sudowoodo, L1, F|
|poke|p1|Carbink, L1|
|poke|p1|Glimmora, F|
|poke|p1|Zamazenta-*|
|poke|p1|Maushold-Four|
|poke|p1|Dondozo, F|
|poke|p2|Dragapult, F|
|poke|p2|Kingambit, F|
|poke|p2|Glimmora, M|
|poke|p2|Zamazenta-*|
|poke|p2|Primarina, F|
|poke|p2|Regieleki|
|teampreview
|inactive|Battle timer is ON: inactive players will automatically lose when time's up. (requested by lgchargers)
|
|t:|1779802304
|teamsize|p1|6
|teamsize|p2|6
|start
|switch|p1a: Sudowoodo|Sudowoodo, L1, F|100/100
|switch|p2a: Dragapult|Dragapult, F|100/100
|turn|1
|
|t:|1779802312
|switch|p1a: Dondozo|Dondozo, F, shiny|100/100
|move|p2a: Dragapult|Dragon Darts|p1a: Dondozo
|-damage|p1a: Dondozo|90/100
|-anim|p2a: Dragapult|Dragon Darts|p1a: Dondozo
|-damage|p1a: Dondozo|80/100
|
|-heal|p1a: Dondozo|86/100|[from] item: Leftovers
|upkeep
|turn|2
|
|t:|1779802321
|move|p2a: Dragapult|Will-O-Wisp|p1a: Dondozo
|-status|p1a: Dondozo|brn
|move|p1a: Dondozo|Curse|p1a: Dondozo
|-unboost|p1a: Dondozo|spe|1
|-boost|p1a: Dondozo|atk|1
|-boost|p1a: Dondozo|def|1
|
|-heal|p1a: Dondozo|92/100 brn|[from] item: Leftovers
|-damage|p1a: Dondozo|86/100 brn|[from] brn
|upkeep
|turn|3
|
|t:|1779802331
|switch|p2a: Regieleki|Regieleki|100/100
|-item|p2a: Regieleki|Air Balloon
|move|p1a: Dondozo|Curse|p1a: Dondozo
|-unboost|p1a: Dondozo|spe|1
|-boost|p1a: Dondozo|atk|1
|-boost|p1a: Dondozo|def|1
|
|-heal|p1a: Dondozo|92/100 brn|[from] item: Leftovers
|-damage|p1a: Dondozo|86/100 brn|[from] brn
|upkeep
|turn|4
|
|t:|1779802341
|move|p2a: Regieleki|Thunderbolt|p1a: Dondozo
|-supereffective|p1a: Dondozo
|-damage|p1a: Dondozo|0 fnt
|faint|p1a: Dondozo
|
|upkeep
|
|t:|1779802345
|switch|p1a: Sudowoodo|Sudowoodo, L1, F|100/100
|turn|5
|
|t:|1779802348
|move|p2a: Regieleki|Thunderbolt|p1a: Sudowoodo
|-ability|p1a: Sudowoodo|Sturdy
|-damage|p1a: Sudowoodo|9/100
|move|p1a: Sudowoodo|Endeavor|p2a: Regieleki
|-damage|p2a: Regieleki|1/100
|-enditem|p2a: Regieleki|Air Balloon
|-heal|p1a: Sudowoodo|100/100|[from] item: Shell Bell|[of] p2a: Regieleki
|
|upkeep
|turn|6
|
|t:|1779802361
|move|p1a: Sudowoodo|Sucker Punch||[still]
|-fail|p1a: Sudowoodo
|move|p2a: Regieleki|Thunder Wave|p1a: Sudowoodo
|-status|p1a: Sudowoodo|par
|
|upkeep
|turn|7
|
|t:|1779802371
|switch|p2a: Dragapult|Dragapult, F|100/100
|move|p1a: Sudowoodo|Sucker Punch||[still]
|-fail|p1a: Sudowoodo
|
|upkeep
|turn|8
|
|t:|1779802376
|switch|p1a: Glimmora|Glimmora, F|100/100
|move|p2a: Dragapult|Dragon Darts|p1a: Glimmora
|-damage|p1a: Glimmora|69/100
|-activate|p1a: Glimmora|ability: Toxic Debris
|-sidestart|p2: lgchargers|move: Toxic Spikes
|-anim|p2a: Dragapult|Dragon Darts|p1a: Glimmora
|-damage|p1a: Glimmora|40/100
|-activate|p1a: Glimmora|ability: Toxic Debris
|-sidestart|p2: lgchargers|move: Toxic Spikes
|
|upkeep
|turn|9
|
|t:|1779802387
|move|p2a: Dragapult|Dragon Darts|p1a: Glimmora
|-crit|p1a: Glimmora
|-damage|p1a: Glimmora|0 fnt
|faint|p1a: Glimmora
|
|upkeep
|
|t:|1779802392
|switch|p1a: Maushold|Maushold-Four|100/100
|turn|10
|
|t:|1779802396
|move|p2a: Dragapult|Dragon Darts|p1a: Maushold
|-damage|p1a: Maushold|62/100
|-anim|p2a: Dragapult|Dragon Darts|p1a: Maushold
|-damage|p1a: Maushold|20/100
|move|p1a: Maushold|Bite|p2a: Dragapult
|-supereffective|p2a: Dragapult
|-crit|p2a: Dragapult
|-damage|p2a: Dragapult|12/100
|
|upkeep
|turn|11
|
|t:|1779802404
|move|p2a: Dragapult|Dragon Darts|p1a: Maushold
|-damage|p1a: Maushold|0 fnt
|faint|p1a: Maushold
|
|upkeep
|
|t:|1779802405
|switch|p1a: Zamazenta|Zamazenta|100/100
|-ability|p1a: Zamazenta|Dauntless Shield|boost
|-boost|p1a: Zamazenta|def|1
|turn|12
|
|t:|1779802414
|move|p2a: Dragapult|Will-O-Wisp|p1a: Zamazenta
|-status|p1a: Zamazenta|brn
|move|p1a: Zamazenta|Substitute|p1a: Zamazenta
|-start|p1a: Zamazenta|Substitute
|-damage|p1a: Zamazenta|75/100 brn
|
|-heal|p1a: Zamazenta|82/100 brn|[from] item: Leftovers
|-damage|p1a: Zamazenta|75/100 brn|[from] brn
|upkeep
|turn|13
|
|t:|1779802422
|switch|p2a: Primarina|Primarina, F|100/100
|-status|p2a: Primarina|tox
|move|p1a: Zamazenta|Iron Defense|p1a: Zamazenta
|-boost|p1a: Zamazenta|def|2
|
|-heal|p1a: Zamazenta|82/100 brn|[from] item: Leftovers
|-damage|p2a: Primarina|95/100 tox|[from] psn
|-damage|p1a: Zamazenta|75/100 brn|[from] brn
|upkeep
|turn|14
|
|t:|1779802431
|-terastallize|p1a: Zamazenta|Steel
|move|p1a: Zamazenta|Iron Defense|p1a: Zamazenta
|-boost|p1a: Zamazenta|def|2
|move|p2a: Primarina|Hyper Voice|p1a: Zamazenta
|-damage|p1a: Zamazenta|38/100 brn
|
|-heal|p1a: Zamazenta|44/100 brn|[from] item: Leftovers
|-heal|p2a: Primarina|100/100 tox|[from] item: Leftovers
|-damage|p2a: Primarina|89/100 tox|[from] psn
|-damage|p1a: Zamazenta|38/100 brn|[from] brn
|upkeep
|turn|15
|
|t:|1779802442
|move|p1a: Zamazenta|Body Press|p2a: Primarina
|-resisted|p2a: Primarina
|-damage|p2a: Primarina|45/100 tox
|move|p2a: Primarina|Hyper Voice|p1a: Zamazenta
|-damage|p1a: Zamazenta|2/100 brn
|
|-heal|p1a: Zamazenta|8/100 brn|[from] item: Leftovers
|-heal|p2a: Primarina|50/100 tox|[from] item: Leftovers
|-damage|p2a: Primarina|33/100 tox|[from] psn
|-damage|p1a: Zamazenta|2/100 brn|[from] brn
|upkeep
|turn|16
|
|t:|1779802452
|move|p1a: Zamazenta|Body Press|p2a: Primarina
|-resisted|p2a: Primarina
|-damage|p2a: Primarina|0 fnt
|faint|p2a: Primarina
|
|-heal|p1a: Zamazenta|8/100 brn|[from] item: Leftovers
|-damage|p1a: Zamazenta|2/100 brn|[from] brn
|upkeep
|
|t:|1779802469
|switch|p2a: Kingambit|Kingambit, F|100/100
|-activate|p2a: Kingambit|ability: Supreme Overlord
|-start|p2a: Kingambit|fallen1|[silent]
|turn|17
|
|t:|1779802474
|move|p1a: Zamazenta|Body Press|p2a: Kingambit
|-supereffective|p2a: Kingambit
|-damage|p2a: Kingambit|0 fnt
|faint|p2a: Kingambit
|-end|p2a: Kingambit|fallen1|[silent]
|
|-heal|p1a: Zamazenta|8/100 brn|[from] item: Leftovers
|-damage|p1a: Zamazenta|2/100 brn|[from] brn
|upkeep
|
|t:|1779802483
|switch|p2a: Zamazenta|Zamazenta|100/100
|-status|p2a: Zamazenta|tox
|-ability|p2a: Zamazenta|Dauntless Shield|boost
|-boost|p2a: Zamazenta|def|1
|turn|18
|
|t:|1779802493
|move|p1a: Zamazenta|Body Press|p2a: Zamazenta
|-damage|p2a: Zamazenta|71/100 tox
|move|p2a: Zamazenta|Body Press|p1a: Zamazenta
|-supereffective|p1a: Zamazenta
|-activate|p1a: Zamazenta|move: Substitute|[damage]
|
|-heal|p1a: Zamazenta|8/100 brn|[from] item: Leftovers
|-heal|p2a: Zamazenta|77/100 tox|[from] item: Leftovers
|-damage|p2a: Zamazenta|71/100 tox|[from] psn
|-damage|p1a: Zamazenta|2/100 brn|[from] brn
|upkeep
|turn|19
|
|t:|1779802503
|move|p2a: Zamazenta|Body Press|p1a: Zamazenta
|-supereffective|p1a: Zamazenta
|-end|p1a: Zamazenta|Substitute
|move|p1a: Zamazenta|Body Press|p2a: Zamazenta
|-damage|p2a: Zamazenta|43/100 tox
|
|-heal|p2a: Zamazenta|49/100 tox|[from] item: Leftovers
|-heal|p1a: Zamazenta|8/100 brn|[from] item: Leftovers
|-damage|p2a: Zamazenta|37/100 tox|[from] psn
|-damage|p1a: Zamazenta|2/100 brn|[from] brn
|upkeep
|turn|20
|
|t:|1779802513
|move|p2a: Zamazenta|Body Press|p1a: Zamazenta
|-supereffective|p1a: Zamazenta
|-crit|p1a: Zamazenta
|-damage|p1a: Zamazenta|0 fnt
|faint|p1a: Zamazenta
|
|-heal|p2a: Zamazenta|43/100 tox|[from] item: Leftovers
|-damage|p2a: Zamazenta|25/100 tox|[from] psn
|upkeep
|
|t:|1779802527
|switch|p1a: Sudowoodo|Sudowoodo, L1, F|100/100 par
|turn|21
|
|t:|1779802530
|move|p2a: Zamazenta|Body Press|p1a: Sudowoodo
|-supereffective|p1a: Sudowoodo
|-ability|p1a: Sudowoodo|Sturdy
|-damage|p1a: Sudowoodo|9/100 par
|move|p1a: Sudowoodo|Endeavor|p2a: Zamazenta
|-damage|p2a: Zamazenta|1/100 tox
|-heal|p1a: Sudowoodo|84/100 par|[from] item: Shell Bell|[of] p2a: Zamazenta
|
|-heal|p2a: Zamazenta|7/100 tox|[from] item: Leftovers
|-damage|p2a: Zamazenta|0 fnt|[from] psn
|faint|p2a: Zamazenta
|upkeep
|
|t:|1779802552
|switch|p2a: Glimmora|Glimmora, M|100/100
|-item|p2a: Glimmora|Air Balloon
|turn|22
|
|t:|1779802578
|move|p2a: Glimmora|Sludge Bomb|p1a: Sudowoodo
|-resisted|p1a: Sudowoodo
|-damage|p1a: Sudowoodo|0 fnt
|faint|p1a: Sudowoodo
|
|upkeep
|
|t:|1779802581
|switch|p1a: Carbink|Carbink, L1|100/100
|turn|23
|
|t:|1779802588
|move|p2a: Glimmora|Sludge Bomb|p1a: Carbink
|-ability|p1a: Carbink|Sturdy
|-damage|p1a: Carbink|9/100
|move|p1a: Carbink|Endeavor|p2a: Glimmora
|-damage|p2a: Glimmora|1/100
|-activate|p2a: Glimmora|ability: Toxic Debris
|-sidestart|p1: Firestsr321|move: Toxic Spikes
|-enditem|p2a: Glimmora|Air Balloon
|-heal|p1a: Carbink|100/100|[from] item: Shell Bell|[of] p2a: Glimmora
|
|upkeep
|turn|24
|-message|Firestsr321 forfeited.
|
|win|lgchargers
|raw|Firestsr321's rating: 1196 &rarr; <strong>1173</strong><br />(-23 for losing)
|raw|lgchargers's rating: 1222 &rarr; <strong>1245</strong><br />(+23 for winning)
|l|☆Firestsr321
|player|p1|
|l|☆lgchargers
|player|p2|
