|j|☆Kakimori
|j|☆armando estasilla
|t:|1779813367
|gametype|singles
|player|p1|Kakimori|266|1333
|player|p2|armando estasilla|backpacker|1323
|gen|9
|tier|[Gen 9] OU
|rated|
|rule|HP Percentage Mod: HP is shown in percentages
|rule|Endless Battle Clause: Forcing endless battles is banned
|rule|Species Clause: Limit one of each Pokémon
|rule|OHKO Clause: OHKO moves are banned
|rule|Evasion Items Clause: Evasion items are banned
|rule|Evasion Moves Clause: Evasion moves are banned
|rule|Evasion Abilities Clause: Evasion abilities are banned
|rule|Sleep Moves Clause: Sleep-inducing moves are banned
|clearpoke
|poke|p1|Mandibuzz, F|
|poke|p1|Skeledirge, F|
|poke|p1|Gliscor, M|
|poke|p1|Pecharunt|
|poke|p1|Gengar, M|
|poke|p1|Sinistcha|
|poke|p2|Staraptor, M|
|poke|p2|Ceruledge, F|
|poke|p2|Iron Crown|
|poke|p2|Alomomola, M|
|poke|p2|Mamoswine, M|
|poke|p2|Rabsca, M|
|teampreview
|inactive|Battle timer is ON: inactive players will automatically lose when time's up. (requested by armando estasilla)
|j| infopro play392
|
|t:|1779813384
|teamsize|p1|6
|teamsize|p2|6
|start
|switch|p1a: Gengar|Gengar, M|100/100
|switch|p2a: Staraptor|Staraptor, M, shiny|100/100
|turn|1
|
|t:|1779813398
|move|p2a: Staraptor|Brave Bird|p1a: Gengar
|-damage|p1a: Gengar|0 fnt
|faint|p1a: Gengar
|-damage|p2a: Staraptor|73/100|[from] Recoil
|
|upkeep
|
|t:|1779813418
|switch|p1a: Skeledirge|Skeledirge, F|100/100
|turn|2
|
|t:|1779813422
|move|p2a: Staraptor|Brave Bird|p1a: Skeledirge
|-damage|p1a: Skeledirge|48/100
|-damage|p2a: Staraptor|50/100|[from] Recoil
|move|p1a: Skeledirge|Torch Song|p2a: Staraptor
|-damage|p2a: Staraptor|0 fnt
|-boost|p1a: Skeledirge|spa|1
|faint|p2a: Staraptor
|
|-heal|p1a: Skeledirge|54/100|[from] item: Leftovers
|upkeep
|
|t:|1779813428
|switch|p2a: Mamoswine|Mamoswine, M|100/100
|turn|3
|
|t:|1779813443
|-terastallize|p1a: Skeledirge|Fairy
|move|p2a: Mamoswine|Earthquake|p1a: Skeledirge
|-damage|p1a: Skeledirge|17/100
|move|p1a: Skeledirge|Will-O-Wisp|p2a: Mamoswine
|-status|p2a: Mamoswine|brn
|
|-heal|p1a: Skeledirge|23/100|[from] item: Leftovers
|-damage|p2a: Mamoswine|94/100 brn|[from] brn
|upkeep
|turn|4
|
|t:|1779813452
|move|p2a: Mamoswine|Earthquake|p1a: Skeledirge
|-damage|p1a: Skeledirge|5/100
|move|p1a: Skeledirge|Slack Off|p1a: Skeledirge
|-heal|p1a: Skeledirge|55/100
|
|-heal|p1a: Skeledirge|62/100|[from] item: Leftovers
|-damage|p2a: Mamoswine|88/100 brn|[from] brn
|upkeep
|turn|5
|
|t:|1779813464
|move|p2a: Mamoswine|Endure|p2a: Mamoswine
|-singleturn|p2a: Mamoswine|move: Endure
|move|p1a: Skeledirge|Torch Song|p2a: Mamoswine
|-supereffective|p2a: Mamoswine
|-activate|p2a: Mamoswine|move: Endure
|-damage|p2a: Mamoswine|1/100 brn
|-boost|p1a: Skeledirge|spa|1
|
|-heal|p1a: Skeledirge|68/100|[from] item: Leftovers
|-damage|p2a: Mamoswine|0 fnt|[from] brn
|faint|p2a: Mamoswine
|upkeep
|
|t:|1779813473
|switch|p2a: Iron Crown|Iron Crown|100/100
|turn|6
|
|t:|1779813489
|switch|p1a: Mandibuzz|Mandibuzz, F|100/100
|move|p2a: Iron Crown|Tachyon Cutter|p1a: Mandibuzz
|-damage|p1a: Mandibuzz|79/100
|-damage|p1a: Mandibuzz|59/100
|-hitcount|p1a: Mandibuzz|2
|
|upkeep
|turn|7
|
|t:|1779813498
|move|p2a: Iron Crown|Volt Switch|p1a: Mandibuzz
|-supereffective|p1a: Mandibuzz
|-damage|p1a: Mandibuzz|18/100
|
|t:|1779813500
|-end|p2a: Iron Crown|Quark Drive|[silent]
|switch|p2a: Rabsca|Rabsca, M|100/100|[from] Volt Switch
|move|p1a: Mandibuzz|Foul Play|p2a: Rabsca
|-supereffective|p2a: Rabsca
|-damage|p2a: Rabsca|78/100
|
|upkeep
|turn|8
|
|t:|1779813508
|move|p1a: Mandibuzz|Toxic|p2a: Rabsca
|-status|p2a: Rabsca|tox
|-activate|p2a: Rabsca|ability: Synchronize
|-status|p1a: Mandibuzz|tox
|move|p2a: Rabsca|Revival Blessing|p2a: Rabsca
|
|t:|1779813511
|-heal|p2: Staraptor|50/100|[from] move: Revival Blessing
|
|-damage|p1a: Mandibuzz|12/100 tox|[from] psn
|-damage|p2a: Rabsca|72/100 tox|[from] psn
|upkeep
|turn|9
|
|t:|1779813537
|switch|p1a: Pecharunt|Pecharunt|100/100
|move|p2a: Rabsca|Recover|p2a: Rabsca
|-heal|p2a: Rabsca|100/100 tox
|
|-damage|p2a: Rabsca|88/100 tox|[from] psn
|upkeep
|turn|10
|
|t:|1779813546
|move|p1a: Pecharunt|Nasty Plot|p1a: Pecharunt
|-boost|p1a: Pecharunt|spa|2
|move|p2a: Rabsca|Psychic Noise|p1a: Pecharunt
|-supereffective|p1a: Pecharunt
|-damage|p1a: Pecharunt|39/100
|-start|p1a: Pecharunt|move: Heal Block
|
|-damage|p2a: Rabsca|69/100 tox|[from] psn
|upkeep
|turn|11
|
|t:|1779813562
|move|p1a: Pecharunt|Shadow Ball|p2a: Rabsca
|-supereffective|p2a: Rabsca
|-damage|p2a: Rabsca|0 fnt
|faint|p2a: Rabsca
|
|-end|p1a: Pecharunt|move: Heal Block
|upkeep
|
|t:|1779813565
|switch|p2a: Iron Crown|Iron Crown|100/100
|turn|12
|
|t:|1779813574
|move|p2a: Iron Crown|Psychic Noise|p1a: Pecharunt
|-supereffective|p1a: Pecharunt
|-damage|p1a: Pecharunt|0 fnt
|faint|p1a: Pecharunt
|
|upkeep
|
|t:|1779813586
|switch|p1a: Gliscor|Gliscor, M|100/100
|turn|13
|
|t:|1779813599
|move|p2a: Iron Crown|Psychic Noise|p1a: Gliscor
|-damage|p1a: Gliscor|68/100
|-start|p1a: Gliscor|move: Heal Block
|move|p1a: Gliscor|Knock Off|p2a: Iron Crown
|-supereffective|p2a: Iron Crown
|-damage|p2a: Iron Crown|56/100
|-enditem|p2a: Iron Crown|Assault Vest|[from] move: Knock Off|[of] p1a: Gliscor
|
|-status|p1a: Gliscor|tox|[from] item: Toxic Orb
|upkeep
|turn|14
|
|t:|1779813616
|-end|p2a: Iron Crown|Quark Drive|[silent]
|switch|p2a: Alomomola|Alomomola, M|100/100
|move|p1a: Gliscor|Protect||[still]
|-fail|p1a: Gliscor
|
|-end|p1a: Gliscor|move: Heal Block
|upkeep
|turn|15
|
|t:|1779813624
|move|p1a: Gliscor|Toxic|p2a: Alomomola
|-status|p2a: Alomomola|tox
|move|p2a: Alomomola|Flip Turn|p1a: Gliscor
|-supereffective|p1a: Gliscor
|-damage|p1a: Gliscor|39/100 tox
|
|t:|1779813626
|switch|p2a: Staraptor|Staraptor, M, shiny|50/100|[from] Flip Turn
|
|-heal|p1a: Gliscor|51/100 tox|[from] ability: Poison Heal
|upkeep
|turn|16
|
|t:|1779813634
|move|p1a: Gliscor|Protect|p1a: Gliscor
|-singleturn|p1a: Gliscor|Protect
|move|p2a: Staraptor|Brave Bird|p1a: Gliscor
|-activate|p1a: Gliscor|move: Protect
|
|-heal|p1a: Gliscor|64/100 tox|[from] ability: Poison Heal
|upkeep
|turn|17
|l| infopro play392
|
|t:|1779813644
|-terastallize|p2a: Staraptor|Flying
|move|p2a: Staraptor|Brave Bird|p1a: Gliscor
|-damage|p1a: Gliscor|0 fnt
|faint|p1a: Gliscor
|-damage|p2a: Staraptor|27/100|[from] Recoil
|
|upkeep
|
|t:|1779813658
|switch|p1a: Mandibuzz|Mandibuzz, F|12/100 tox
|turn|18
|
|t:|1779813662
|move|p2a: Staraptor|Brave Bird|p1a: Mandibuzz
|-damage|p1a: Mandibuzz|0 fnt
|-damage|p2a: Staraptor|10/100|[from] item: Rocky Helmet|[of] p1a: Mandibuzz
|faint|p1a: Mandibuzz
|-damage|p2a: Staraptor|5/100|[from] Recoil
|
|upkeep
|
|t:|1779813672
|switch|p1a: Skeledirge|Skeledirge, F, tera:Fairy|68/100
|turn|19
|
|t:|1779813676
|move|p2a: Staraptor|Brave Bird|p1a: Skeledirge
|-damage|p1a: Skeledirge|0 fnt
|faint|p1a: Skeledirge
|-damage|p2a: Staraptor|0 fnt|[from] Recoil
|faint|p2a: Staraptor
|
|upkeep
|
|t:|1779813683
|switch|p2a: Iron Crown|Iron Crown|56/100
|switch|p1a: Sinistcha|Sinistcha|100/100
|turn|20
|
|t:|1779813694
|move|p2a: Iron Crown|Future Sight|p1a: Sinistcha
|-start|p2a: Iron Crown|move: Future Sight
|move|p1a: Sinistcha|Calm Mind|p1a: Sinistcha
|-boost|p1a: Sinistcha|spa|1
|-boost|p1a: Sinistcha|spd|1
|
|upkeep
|turn|21
|
|t:|1779813705
|move|p2a: Iron Crown|Psychic Noise|p1a: Sinistcha
|-damage|p1a: Sinistcha|70/100
|-start|p1a: Sinistcha|move: Heal Block
|move|p1a: Sinistcha|Shadow Ball|p2a: Iron Crown
|-supereffective|p2a: Iron Crown
|-damage|p2a: Iron Crown|0 fnt
|faint|p2a: Iron Crown
|-end|p2a: Iron Crown|Quark Drive|[silent]
|
|upkeep
|
|t:|1779813711
|switch|p2a: Ceruledge|Ceruledge, F|100/100
|turn|22
|
|t:|1779813719
|move|p2a: Ceruledge|Bitter Blade|p1a: Sinistcha
|-supereffective|p1a: Sinistcha
|-damage|p1a: Sinistcha|36/100
|move|p1a: Sinistcha|Shadow Ball|p2a: Ceruledge
|-supereffective|p2a: Ceruledge
|-damage|p2a: Ceruledge|0 fnt
|faint|p2a: Ceruledge
|
|-end|p1a: Sinistcha|move: Future Sight
|-damage|p1a: Sinistcha|0 fnt
|faint|p1a: Sinistcha
|
|win|armando estasilla
|raw|Kakimori's rating: 1333 &rarr; <strong>1312</strong><br />(-21 for losing)
|raw|armando estasilla's rating: 1323 &rarr; <strong>1344</strong><br />(+21 for winning)
|l|☆armando estasilla
|player|p2|
|c|☆Kakimori|wp
