|j|☆rimori9
|j|☆lowser
|t:|1779923571
|gametype|singles
|player|p1|rimori9|red|1051
|player|p2|lowser|1|1086
|gen|9
|tier|[Gen 9] OU
|rated|
|rule|HP Percentage Mod: HP is shown in percentages
|rule|Endless Battle Clause: Forcing endless battles is banned
|rule|Species Clause: Limit one of each Pokémon
|rule|OHKO Clause: OHKO moves are banned
|rule|Evasion Items Clause: Evasion items are banned
|rule|Evasion Moves Clause: Evasion moves are banned
|rule|Evasion Abilities Clause: Evasion abilities are banned
|rule|Sleep Moves Clause: Sleep-inducing moves are banned
|clearpoke
|poke|p1|Gliscor, F|
|poke|p1|Slowking-Galar, M|
|poke|p1|Gholdengo|
|poke|p1|Great Tusk|
|poke|p1|Rotom-Wash|
|poke|p1|Kingambit, F|
|poke|p2|Corviknight, F|
|poke|p2|Walking Wake|
|poke|p2|Mimikyu, F|
|poke|p2|Gliscor, M|
|poke|p2|Samurott-Hisui, F|
|poke|p2|Ceruledge, M|
|teampreview
|
|t:|1779923587
|teamsize|p1|6
|teamsize|p2|6
|start
|switch|p1a: Slowking|Slowking-Galar, M|100/100
|switch|p2a: Gliscor|Gliscor, M|100/100
|turn|1
|
|t:|1779923594
|move|p2a: Gliscor|Stealth Rock|p1a: Slowking
|-sidestart|p1: rimori9|move: Stealth Rock
|move|p1a: Slowking|Ice Beam|p2a: Gliscor
|-supereffective|p2a: Gliscor
|-damage|p2a: Gliscor|19/100
|
|-status|p2a: Gliscor|tox|[from] item: Toxic Orb
|upkeep
|turn|2
|
|t:|1779923604
|move|p2a: Gliscor|Protect|p2a: Gliscor
|-singleturn|p2a: Gliscor|Protect
|move|p1a: Slowking|Ice Beam|p2a: Gliscor
|-activate|p2a: Gliscor|move: Protect
|
|-heal|p2a: Gliscor|32/100 tox|[from] ability: Poison Heal
|upkeep
|turn|3
|
|t:|1779923613
|switch|p2a: Corviknight|Corviknight, F|100/100
|-ability|p2a: Corviknight|Pressure
|move|p1a: Slowking|Ice Beam|p2a: Corviknight
|-damage|p2a: Corviknight|79/100
|
|upkeep
|turn|4
|
|t:|1779923622
|move|p2a: Corviknight|Tailwind|p2a: Corviknight
|-sidestart|p2: lowser|move: Tailwind
|move|p1a: Slowking|Flamethrower|p2a: Corviknight
|-supereffective|p2a: Corviknight
|-damage|p2a: Corviknight|33/100
|
|upkeep
|turn|5
|
|t:|1779923628
|move|p2a: Corviknight|U-turn|p1a: Slowking
|-damage|p1a: Slowking|84/100
|
|t:|1779923632
|switch|p2a: Samurott|Samurott-Hisui, F|100/100|[from] U-turn
|move|p1a: Slowking|Flamethrower|p2a: Samurott
|-resisted|p2a: Samurott
|-damage|p2a: Samurott|92/100
|-status|p2a: Samurott|brn
|
|-damage|p2a: Samurott|86/100 brn|[from] brn
|upkeep
|turn|6
|
|t:|1779923654
|switch|p1a: Rotom|Rotom-Wash|100/100
|-damage|p1a: Rotom|88/100|[from] Stealth Rock
|move|p2a: Samurott|Ceaseless Edge|p1a: Rotom
|-damage|p1a: Rotom|72/100
|-damage|p2a: Samurott|70/100 brn|[from] item: Rocky Helmet|[of] p1a: Rotom
|-sidestart|p1: rimori9|Spikes
|
|-damage|p2a: Samurott|63/100 brn|[from] brn
|upkeep
|turn|7
|
|t:|1779923665
|move|p2a: Samurott|Knock Off|p1a: Rotom
|-damage|p1a: Rotom|56/100
|-damage|p2a: Samurott|47/100 brn|[from] item: Rocky Helmet|[of] p1a: Rotom
|-enditem|p1a: Rotom|Rocky Helmet|[from] move: Knock Off|[of] p2a: Samurott
|move|p1a: Rotom|Discharge|p2a: Samurott
|-supereffective|p2a: Samurott
|-damage|p2a: Samurott|5/100 brn
|
|-damage|p2a: Samurott|0 fnt|[from] brn
|faint|p2a: Samurott
|-sideend|p2: lowser|move: Tailwind
|upkeep
|
|t:|1779923678
|switch|p2a: Corviknight|Corviknight, F|33/100
|-ability|p2a: Corviknight|Pressure
|turn|8
|
|t:|1779923682
|move|p1a: Rotom|Discharge|p2a: Corviknight
|-supereffective|p2a: Corviknight
|-damage|p2a: Corviknight|0 fnt
|faint|p2a: Corviknight
|
|upkeep
|
|t:|1779923700
|switch|p2a: Walking Wake|Walking Wake|100/100
|turn|9
|
|t:|1779923712
|switch|p1a: Slowking|Slowking-Galar, M|100/100
|move|p2a: Walking Wake|Draco Meteor|p1a: Slowking
|-damage|p1a: Slowking|40/100
|-unboost|p2a: Walking Wake|spa|2
|
|upkeep
|turn|10
|
|t:|1779923721
|-end|p2a: Walking Wake|Protosynthesis|[silent]
|switch|p2a: Gliscor|Gliscor, M|32/100 tox
|move|p1a: Slowking|Ice Beam|p2a: Gliscor
|-supereffective|p2a: Gliscor
|-damage|p2a: Gliscor|0 fnt
|faint|p2a: Gliscor
|
|upkeep
|
|t:|1779923731
|switch|p2a: Mimikyu|Mimikyu, F|100/100
|turn|11
|
|t:|1779923740
|move|p2a: Mimikyu|Swords Dance|p2a: Mimikyu
|-boost|p2a: Mimikyu|atk|2
|move|p1a: Slowking|Sludge Bomb|p2a: Mimikyu
|-activate|p2a: Mimikyu|ability: Disguise
|-damage|p2a: Mimikyu|100/100
|detailschange|p2a: Mimikyu|Mimikyu-Busted, F
|-damage|p2a: Mimikyu|88/100|[from] pokemon: Mimikyu-Busted
|
|upkeep
|turn|12
|
|t:|1779923750
|move|p2a: Mimikyu|Shadow Sneak|p1a: Slowking
|-supereffective|p1a: Slowking
|-damage|p1a: Slowking|0 fnt
|faint|p1a: Slowking
|-damage|p2a: Mimikyu|78/100|[from] item: Life Orb
|
|upkeep
|
|t:|1779923756
|switch|p1a: Gholdengo|Gholdengo|100/100
|-damage|p1a: Gholdengo|94/100|[from] Stealth Rock
|-item|p1a: Gholdengo|Air Balloon
|turn|13
|
|t:|1779923768
|switch|p2a: Walking Wake|Walking Wake|100/100
|move|p1a: Gholdengo|Make It Rain|p2a: Walking Wake
|-resisted|p2a: Walking Wake
|-damage|p2a: Walking Wake|63/100
|-unboost|p1a: Gholdengo|spa|1
|
|upkeep
|turn|14
|
|t:|1779923786
|move|p2a: Walking Wake|Flamethrower|p1a: Gholdengo
|-supereffective|p1a: Gholdengo
|-damage|p1a: Gholdengo|0 fnt
|-enditem|p1a: Gholdengo|Air Balloon
|faint|p1a: Gholdengo
|
|upkeep
|inactive|Battle timer is ON: inactive players will automatically lose when time's up. (requested by lowser)
|
|t:|1779923794
|switch|p1a: Great Tusk|Great Tusk|100/100
|-damage|p1a: Great Tusk|98/100|[from] Stealth Rock
|-damage|p1a: Great Tusk|85/100|[from] Spikes
|turn|15
|
|t:|1779923807
|-end|p2a: Walking Wake|Protosynthesis|[silent]
|switch|p2a: Mimikyu|Mimikyu-Busted, F|78/100
|move|p1a: Great Tusk|Rapid Spin|p2a: Mimikyu
|-immune|p2a: Mimikyu
|
|-heal|p1a: Great Tusk|91/100|[from] item: Leftovers
|upkeep
|turn|16
|
|t:|1779923821
|move|p2a: Mimikyu|Swords Dance|p2a: Mimikyu
|-boost|p2a: Mimikyu|atk|2
|move|p1a: Great Tusk|Knock Off|p2a: Mimikyu
|-damage|p2a: Mimikyu|18/100
|-enditem|p2a: Mimikyu|Life Orb|[from] move: Knock Off|[of] p1a: Great Tusk
|
|-heal|p1a: Great Tusk|98/100|[from] item: Leftovers
|upkeep
|turn|17
|
|t:|1779923830
|move|p2a: Mimikyu|Play Rough|p1a: Great Tusk
|-supereffective|p1a: Great Tusk
|-damage|p1a: Great Tusk|0 fnt
|faint|p1a: Great Tusk
|-end|p1a: Great Tusk|Protosynthesis|[silent]
|
|upkeep
|
|t:|1779923836
|switch|p1a: Gliscor|Gliscor, F, shiny|100/100
|-damage|p1a: Gliscor|88/100|[from] Stealth Rock
|turn|18
|
|t:|1779923848
|move|p1a: Gliscor|Protect|p1a: Gliscor
|-singleturn|p1a: Gliscor|Protect
|move|p2a: Mimikyu|Shadow Claw|p1a: Gliscor
|-activate|p1a: Gliscor|move: Protect
|
|-status|p1a: Gliscor|tox|[from] item: Toxic Orb
|upkeep
|turn|19
|
|t:|1779923857
|move|p2a: Mimikyu|Shadow Claw|p1a: Gliscor
|-damage|p1a: Gliscor|54/100 tox
|move|p1a: Gliscor|Earthquake|p2a: Mimikyu
|-damage|p2a: Mimikyu|0 fnt
|faint|p2a: Mimikyu
|
|-heal|p1a: Gliscor|66/100 tox|[from] ability: Poison Heal
|upkeep
|
|t:|1779923867
|switch|p2a: Walking Wake|Walking Wake|63/100
|turn|20
|
|t:|1779923874
|-terastallize|p1a: Gliscor|Water
|move|p2a: Walking Wake|Draco Meteor|p1a: Gliscor
|-damage|p1a: Gliscor|0 fnt
|-unboost|p2a: Walking Wake|spa|2
|faint|p1a: Gliscor
|
|upkeep
|
|t:|1779923885
|switch|p1a: Kingambit|Kingambit, F, shiny|100/100
|-damage|p1a: Kingambit|94/100|[from] Stealth Rock
|-damage|p1a: Kingambit|82/100|[from] Spikes
|-activate|p1a: Kingambit|ability: Supreme Overlord
|-start|p1a: Kingambit|fallen4|[silent]
|turn|21
|
|t:|1779923897
|move|p1a: Kingambit|Sucker Punch|p2a: Walking Wake
|-damage|p2a: Walking Wake|0 fnt
|faint|p2a: Walking Wake
|-end|p2a: Walking Wake|Protosynthesis|[silent]
|
|upkeep
|
|t:|1779923901
|switch|p2a: Ceruledge|Ceruledge, M|100/100
|turn|22
|
|t:|1779923914
|-end|p1a: Kingambit|fallen4|[silent]
|switch|p1a: Rotom|Rotom-Wash|56/100
|-damage|p1a: Rotom|44/100|[from] Stealth Rock
|move|p2a: Ceruledge|Bulk Up|p2a: Ceruledge
|-boost|p2a: Ceruledge|atk|1
|-boost|p2a: Ceruledge|def|1
|
|upkeep
|turn|23
|
|t:|1779923929
|move|p2a: Ceruledge|Shadow Sneak|p1a: Rotom
|-damage|p1a: Rotom|23/100
|move|p1a: Rotom|Hydro Pump|p2a: Ceruledge|[miss]
|-miss|p1a: Rotom|p2a: Ceruledge
|
|upkeep
|turn|24
|
|t:|1779923940
|move|p2a: Ceruledge|Bitter Blade|p1a: Rotom
|-resisted|p1a: Rotom
|-damage|p1a: Rotom|0 fnt
|faint|p1a: Rotom
|
|upkeep
|
|t:|1779923945
|switch|p1a: Kingambit|Kingambit, F, shiny|82/100
|-damage|p1a: Kingambit|76/100|[from] Stealth Rock
|-damage|p1a: Kingambit|63/100|[from] Spikes
|-activate|p1a: Kingambit|ability: Supreme Overlord
|-start|p1a: Kingambit|fallen5|[silent]
|turn|25
|
|t:|1779923955
|move|p2a: Ceruledge|Bitter Blade|p1a: Kingambit
|-supereffective|p1a: Kingambit
|-damage|p1a: Kingambit|0 fnt
|faint|p1a: Kingambit
|-end|p1a: Kingambit|fallen5|[silent]
|
|win|lowser
|raw|rimori9's rating: 1051 &rarr; <strong>1035</strong><br />(-16 for losing)
|raw|lowser's rating: 1086 &rarr; <strong>1110</strong><br />(+24 for winning)
