|j|☆livelylopunny
|j|☆sunttt1
|t:|1779955158
|gametype|singles
|player|p1|livelylopunny|clair|1297
|player|p2|sunttt1|1|1233
|gen|9
|tier|[Gen 9] OU
|rated|
|rule|HP Percentage Mod: HP is shown in percentages
|rule|Endless Battle Clause: Forcing endless battles is banned
|rule|Species Clause: Limit one of each Pokémon
|rule|OHKO Clause: OHKO moves are banned
|rule|Evasion Items Clause: Evasion items are banned
|rule|Evasion Moves Clause: Evasion moves are banned
|rule|Evasion Abilities Clause: Evasion abilities are banned
|rule|Sleep Moves Clause: Sleep-inducing moves are banned
|clearpoke
|poke|p1|Dudunsparce-*, M|
|poke|p1|Ogerpon-Wellspring, F|
|poke|p1|Grimmsnarl, M|
|poke|p1|Serperior, M|
|poke|p1|Great Tusk|
|poke|p1|Tinkaton, F|
|poke|p2|Ninetales, F|
|poke|p2|Slither Wing|
|poke|p2|Great Tusk|
|poke|p2|Walking Wake|
|poke|p2|Lilligant-Hisui, F|
|poke|p2|Heatran, F|
|teampreview
|inactive|Battle timer is ON: inactive players will automatically lose when time's up. (requested by livelylopunny)
|
|t:|1779955175
|teamsize|p1|6
|teamsize|p2|6
|start
|switch|p1a: Serperior|Serperior, M|100/100
|switch|p2a: Walking Wake|Walking Wake|100/100
|turn|1
|
|t:|1779955185
|-end|p2a: Walking Wake|Protosynthesis|[silent]
|switch|p2a: Heatran|Heatran, F|100/100
|move|p1a: Serperior|Glare|p2a: Heatran
|-status|p2a: Heatran|par
|
|upkeep
|turn|2
|
|t:|1779955191
|move|p1a: Serperior|Knock Off|p2a: Heatran
|-damage|p2a: Heatran|91/100 par
|cant|p2a: Heatran|par
|
|upkeep
|turn|3
|c|☆livelylopunny|do you not have an item????
|
|t:|1779955212
|move|p1a: Serperior|Leech Seed|p2a: Heatran
|-start|p2a: Heatran|move: Leech Seed
|move|p2a: Heatran|Stealth Rock|p1a: Serperior
|-sidestart|p1: livelylopunny|move: Stealth Rock
|
|-damage|p2a: Heatran|79/100 par|[from] Leech Seed|[of] p1a: Serperior
|upkeep
|turn|4
|
|t:|1779955219
|switch|p1a: Grimmsnarl|Grimmsnarl, M|100/100
|-damage|p1a: Grimmsnarl|88/100|[from] Stealth Rock
|move|p2a: Heatran|Overheat|p1a: Grimmsnarl
|-damage|p1a: Grimmsnarl|45/100
|-unboost|p2a: Heatran|spa|2
|
|-damage|p2a: Heatran|66/100 par|[from] Leech Seed|[of] p1a: Grimmsnarl
|-heal|p1a: Grimmsnarl|57/100|[silent]
|upkeep
|turn|5
|
|t:|1779955228
|move|p1a: Grimmsnarl|Light Screen|p1a: Grimmsnarl
|-sidestart|p1: livelylopunny|move: Light Screen
|move|p2a: Heatran|Taunt|p1a: Grimmsnarl
|-start|p1a: Grimmsnarl|move: Taunt
|
|-damage|p2a: Heatran|54/100 par|[from] Leech Seed|[of] p1a: Grimmsnarl
|-heal|p1a: Grimmsnarl|69/100|[silent]
|upkeep
|turn|6
|
|t:|1779955234
|switch|p1a: Dudunsparce|Dudunsparce, M|100/100
|-damage|p1a: Dudunsparce|88/100|[from] Stealth Rock
|switch|p2a: Slither Wing|Slither Wing|100/100
|
|-heal|p1a: Dudunsparce|94/100|[from] item: Leftovers
|upkeep
|turn|7
|
|t:|1779955241
|switch|p1a: Grimmsnarl|Grimmsnarl, M|69/100
|-damage|p1a: Grimmsnarl|57/100|[from] Stealth Rock
|-end|p2a: Slither Wing|Protosynthesis|[silent]
|switch|p2a: Heatran|Heatran, F|54/100 par
|
|upkeep
|turn|8
|
|t:|1779955252
|switch|p2a: Ninetales|Ninetales, F|100/100
|-weather|SunnyDay|[from] ability: Drought|[of] p2a: Ninetales
|move|p1a: Grimmsnarl|Reflect|p1a: Grimmsnarl
|-sidestart|p1: livelylopunny|Reflect
|
|-weather|SunnyDay|[upkeep]
|upkeep
|turn|9
|
|t:|1779955266
|switch|p2a: Slither Wing|Slither Wing|100/100
|-activate|p2a: Slither Wing|ability: Protosynthesis
|-start|p2a: Slither Wing|protosynthesisdef
|move|p1a: Grimmsnarl|Thunder Wave|p2a: Slither Wing
|-status|p2a: Slither Wing|par
|
|-weather|SunnyDay|[upkeep]
|upkeep
|turn|10
|
|t:|1779955275
|move|p1a: Grimmsnarl|Parting Shot|p2a: Slither Wing
|-unboost|p2a: Slither Wing|atk|1
|-unboost|p2a: Slither Wing|spa|1
|
|t:|1779955290
|switch|p1a: Dudunsparce|Dudunsparce, M|94/100|[from] Parting Shot
|-damage|p1a: Dudunsparce|82/100|[from] Stealth Rock
|cant|p2a: Slither Wing|par
|
|-weather|SunnyDay|[upkeep]
|-heal|p1a: Dudunsparce|88/100|[from] item: Leftovers
|upkeep
|turn|11
|
|t:|1779955297
|-end|p2a: Slither Wing|Protosynthesis|[silent]
|switch|p2a: Heatran|Heatran, F|54/100 par
|move|p1a: Dudunsparce|Calm Mind|p1a: Dudunsparce
|-boost|p1a: Dudunsparce|spa|1
|-boost|p1a: Dudunsparce|spd|1
|
|-weather|SunnyDay|[upkeep]
|-heal|p1a: Dudunsparce|94/100|[from] item: Leftovers
|upkeep
|turn|12
|
|t:|1779955302
|move|p1a: Dudunsparce|Earth Power|p2a: Heatran
|-supereffective|p2a: Heatran
|-damage|p2a: Heatran|0 fnt
|faint|p2a: Heatran
|
|-weather|SunnyDay|[upkeep]
|-heal|p1a: Dudunsparce|100/100|[from] item: Leftovers
|-sideend|p1: livelylopunny|move: Light Screen
|upkeep
|
|t:|1779955311
|switch|p2a: Walking Wake|Walking Wake|100/100
|-activate|p2a: Walking Wake|ability: Protosynthesis
|-start|p2a: Walking Wake|protosynthesisspa
|turn|13
|
|t:|1779955315
|move|p2a: Walking Wake|Draco Meteor|p1a: Dudunsparce
|-damage|p1a: Dudunsparce|0 fnt
|-unboost|p2a: Walking Wake|spa|2
|faint|p1a: Dudunsparce
|
|-weather|SunnyDay|[upkeep]
|upkeep
|
|t:|1779955328
|switch|p1a: Serperior|Serperior, M|100/100
|-damage|p1a: Serperior|88/100|[from] Stealth Rock
|turn|14
|
|t:|1779955335
|-end|p2a: Walking Wake|Protosynthesis|[silent]
|switch|p2a: Slither Wing|Slither Wing|100/100 par
|-activate|p2a: Slither Wing|ability: Protosynthesis
|-start|p2a: Slither Wing|protosynthesisdef
|move|p1a: Serperior|Leech Seed|p2a: Slither Wing
|-start|p2a: Slither Wing|move: Leech Seed
|
|-weather|SunnyDay|[upkeep]
|-heal|p1a: Serperior|94/100|[from] item: Leftovers
|-damage|p2a: Slither Wing|88/100 par|[from] Leech Seed|[of] p1a: Serperior
|-heal|p1a: Serperior|100/100|[silent]
|upkeep
|turn|15
|
|t:|1779955339
|move|p1a: Serperior|Knock Off|p2a: Slither Wing
|-resisted|p2a: Slither Wing
|-damage|p2a: Slither Wing|84/100 par
|-damage|p1a: Serperior|84/100|[from] item: Rocky Helmet|[of] p2a: Slither Wing
|-enditem|p2a: Slither Wing|Rocky Helmet|[from] move: Knock Off|[of] p1a: Serperior
|move|p2a: Slither Wing|U-turn|p1a: Serperior
|-supereffective|p1a: Serperior
|-damage|p1a: Serperior|52/100
|
|t:|1779955350
|-end|p2a: Slither Wing|Protosynthesis|[silent]
|switch|p2a: Lilligant|Lilligant-Hisui, F|100/100|[from] U-turn
|
|-weather|none
|-heal|p1a: Serperior|58/100|[from] item: Leftovers
|-sideend|p1: livelylopunny|Reflect
|upkeep
|turn|16
|
|t:|1779955355
|switch|p2a: Ninetales|Ninetales, F|100/100
|-weather|SunnyDay|[from] ability: Drought|[of] p2a: Ninetales
|move|p1a: Serperior|Glare|p2a: Ninetales
|-status|p2a: Ninetales|par
|
|-weather|SunnyDay|[upkeep]
|-heal|p1a: Serperior|64/100|[from] item: Leftovers
|upkeep
|turn|17
|
|t:|1779955360
|move|p1a: Serperior|Leaf Storm|p2a: Ninetales
|-resisted|p2a: Ninetales
|-damage|p2a: Ninetales|70/100 par
|-boost|p1a: Serperior|spa|2
|cant|p2a: Ninetales|par
|
|-weather|SunnyDay|[upkeep]
|-heal|p1a: Serperior|70/100|[from] item: Leftovers
|upkeep
|turn|18
|
|t:|1779955367
|switch|p2a: Slither Wing|Slither Wing|84/100 par
|-activate|p2a: Slither Wing|ability: Protosynthesis
|-start|p2a: Slither Wing|protosynthesisdef
|move|p1a: Serperior|Leaf Storm|p2a: Slither Wing
|-resisted|p2a: Slither Wing
|-damage|p2a: Slither Wing|42/100 par
|-boost|p1a: Serperior|spa|2
|
|-weather|SunnyDay|[upkeep]
|-heal|p1a: Serperior|76/100|[from] item: Leftovers
|upkeep
|turn|19
|
|t:|1779955375
|-terastallize|p1a: Serperior|Steel
|move|p1a: Serperior|Leaf Storm|p2a: Slither Wing
|-resisted|p2a: Slither Wing
|-damage|p2a: Slither Wing|0 fnt
|-boost|p1a: Serperior|spa|2
|faint|p2a: Slither Wing
|-end|p2a: Slither Wing|Protosynthesis|[silent]
|
|-weather|SunnyDay|[upkeep]
|-heal|p1a: Serperior|83/100|[from] item: Leftovers
|upkeep
|
|t:|1779955381
|switch|p2a: Lilligant|Lilligant-Hisui, F|100/100
|turn|20
|
|t:|1779955387
|move|p2a: Lilligant|Close Combat|p1a: Serperior
|-supereffective|p1a: Serperior
|-damage|p1a: Serperior|0 fnt
|-unboost|p2a: Lilligant|def|1
|-unboost|p2a: Lilligant|spd|1
|faint|p1a: Serperior
|
|-weather|SunnyDay|[upkeep]
|upkeep
|
|t:|1779955391
|switch|p1a: Grimmsnarl|Grimmsnarl, M|57/100
|-damage|p1a: Grimmsnarl|44/100|[from] Stealth Rock
|turn|21
|
|t:|1779955408
|move|p1a: Grimmsnarl|Parting Shot|p2a: Lilligant
|-unboost|p2a: Lilligant|atk|1
|-unboost|p2a: Lilligant|spa|1
|
|t:|1779955415
|switch|p1a: Tinkaton|Tinkaton, F|100/100|[from] Parting Shot
|-damage|p1a: Tinkaton|94/100|[from] Stealth Rock
|-ability|p1a: Tinkaton|Mold Breaker
|-item|p1a: Tinkaton|Air Balloon
|move|p2a: Lilligant|Solar Blade||[still]
|-prepare|p2a: Lilligant|Solar Blade
|-anim|p2a: Lilligant|Solar Blade|p1a: Tinkaton
|-resisted|p1a: Tinkaton
|-damage|p1a: Tinkaton|67/100
|-enditem|p1a: Tinkaton|Air Balloon
|
|-weather|SunnyDay|[upkeep]
|upkeep
|turn|22
|
|t:|1779955428
|switch|p2a: Great Tusk|Great Tusk|100/100
|-activate|p2a: Great Tusk|ability: Protosynthesis
|-start|p2a: Great Tusk|protosynthesisspe
|move|p1a: Tinkaton|Thunder Wave|p2a: Great Tusk
|-immune|p2a: Great Tusk
|
|-weather|SunnyDay|[upkeep]
|upkeep
|turn|23
|
|t:|1779955432
|move|p2a: Great Tusk|Headlong Rush|p1a: Tinkaton
|-supereffective|p1a: Tinkaton
|-damage|p1a: Tinkaton|0 fnt
|-unboost|p2a: Great Tusk|def|1
|-unboost|p2a: Great Tusk|spd|1
|faint|p1a: Tinkaton
|
|-weather|none
|-end|p2a: Great Tusk|Protosynthesis
|upkeep
|
|t:|1779955435
|switch|p1a: Ogerpon|Ogerpon-Wellspring, F|100/100
|-damage|p1a: Ogerpon|88/100|[from] Stealth Rock
|turn|24
|
|t:|1779955439
|-end|p2a: Great Tusk|Protosynthesis|[silent]
|switch|p2a: Ninetales|Ninetales, F|70/100 par
|-weather|SunnyDay|[from] ability: Drought|[of] p2a: Ninetales
|move|p1a: Ogerpon|Swords Dance|p1a: Ogerpon
|-boost|p1a: Ogerpon|atk|2
|
|-weather|SunnyDay|[upkeep]
|upkeep
|turn|25
|
|t:|1779955444
|move|p1a: Ogerpon|Ivy Cudgel|p2a: Ninetales|[anim] Ivy Cudgel Water
|-supereffective|p2a: Ninetales
|-damage|p2a: Ninetales|0 fnt
|faint|p2a: Ninetales
|
|-weather|SunnyDay|[upkeep]
|upkeep
|
|t:|1779955448
|switch|p2a: Lilligant|Lilligant-Hisui, F|100/100
|turn|26
|
|t:|1779955452
|-terastallize|p2a: Lilligant|Grass
|move|p2a: Lilligant|Solar Blade||[still]
|-prepare|p2a: Lilligant|Solar Blade
|-anim|p2a: Lilligant|Solar Blade|p1a: Ogerpon
|-crit|p1a: Ogerpon
|-damage|p1a: Ogerpon|0 fnt
|faint|p1a: Ogerpon
|
|-weather|SunnyDay|[upkeep]
|upkeep
|
|t:|1779955457
|switch|p1a: Grimmsnarl|Grimmsnarl, M|44/100
|-damage|p1a: Grimmsnarl|32/100|[from] Stealth Rock
|turn|27
|
|t:|1779955464
|switch|p2a: Great Tusk|Great Tusk|100/100
|-activate|p2a: Great Tusk|ability: Protosynthesis
|-start|p2a: Great Tusk|protosynthesisspe
|move|p1a: Grimmsnarl|Parting Shot|p2a: Great Tusk
|-unboost|p2a: Great Tusk|atk|1
|-unboost|p2a: Great Tusk|spa|1
|
|t:|1779955467
|switch|p1a: Great Tusk|Great Tusk|100/100|[from] Parting Shot
|-activate|p1a: Great Tusk|ability: Protosynthesis
|-start|p1a: Great Tusk|protosynthesisatk
|
|-weather|SunnyDay|[upkeep]
|upkeep
|turn|28
|
|t:|1779955474
|-end|p2a: Great Tusk|Protosynthesis|[silent]
|switch|p2a: Lilligant|Lilligant-Hisui, F, tera:Grass|100/100
|move|p1a: Great Tusk|Rapid Spin|p2a: Lilligant
|-damage|p2a: Lilligant|64/100
|-boost|p1a: Great Tusk|spe|1
|-sideend|p1: livelylopunny|Stealth Rock|[from] move: Rapid Spin|[of] p1a: Great Tusk
|
|-weather|SunnyDay|[upkeep]
|upkeep
|turn|29
|
|t:|1779955483
|move|p2a: Lilligant|Solar Blade||[still]
|-prepare|p2a: Lilligant|Solar Blade
|-anim|p2a: Lilligant|Solar Blade|p1a: Great Tusk
|-supereffective|p1a: Great Tusk
|-damage|p1a: Great Tusk|0 fnt
|faint|p1a: Great Tusk
|-end|p1a: Great Tusk|Protosynthesis|[silent]
|
|-weather|SunnyDay|[upkeep]
|upkeep
|
|t:|1779955488
|switch|p1a: Grimmsnarl|Grimmsnarl, M|32/100
|turn|30
|
|t:|1779955491
|move|p1a: Grimmsnarl|Thunder Wave|p2a: Lilligant|[miss]
|-miss|p1a: Grimmsnarl|p2a: Lilligant
|move|p2a: Lilligant|Solar Blade||[still]
|-prepare|p2a: Lilligant|Solar Blade
|-anim|p2a: Lilligant|Solar Blade|p1a: Grimmsnarl
|-damage|p1a: Grimmsnarl|0 fnt
|faint|p1a: Grimmsnarl
|
|win|sunttt1
|raw|livelylopunny's rating: 1297 &rarr; <strong>1267</strong><br />(-30 for losing)
|raw|sunttt1's rating: 1233 &rarr; <strong>1263</strong><br />(+30 for winning)
|l|☆sunttt1
|player|p2|
|l|☆livelylopunny
|player|p1|
