|j|☆Shadowstorm100
|j|☆Nickthenickthenick
|t:|1779958307
|gametype|singles
|player|p1|Shadowstorm100|170|1297
|player|p2|Nickthenickthenick|2|1408
|gen|9
|tier|[Gen 9] OU
|rated|
|rule|HP Percentage Mod: HP is shown in percentages
|rule|Endless Battle Clause: Forcing endless battles is banned
|rule|Species Clause: Limit one of each Pokémon
|rule|OHKO Clause: OHKO moves are banned
|rule|Evasion Items Clause: Evasion items are banned
|rule|Evasion Moves Clause: Evasion moves are banned
|rule|Evasion Abilities Clause: Evasion abilities are banned
|rule|Sleep Moves Clause: Sleep-inducing moves are banned
|clearpoke
|poke|p1|Ceruledge, F|
|poke|p1|Zapdos|
|poke|p1|Deoxys-Speed|
|poke|p1|Dragapult, M|
|poke|p1|Samurott-Hisui, M|
|poke|p1|Dragonite, F|
|poke|p2|Raikou|
|poke|p2|Entei|
|poke|p2|Suicune|
|poke|p2|Tyranitar, M|
|poke|p2|Porygon2|
|poke|p2|Hatterene, F|
|teampreview
|inactive|Battle timer is ON: inactive players will automatically lose when time's up. (requested by Nickthenickthenick)
|c|☆Shadowstorm100|The dog team
|
|t:|1779958331
|teamsize|p1|6
|teamsize|p2|6
|start
|switch|p1a: Samurott|Samurott-Hisui, M|100/100
|switch|p2a: Raikou|Raikou|100/100
|-ability|p2a: Raikou|Pressure
|turn|1
|inactive|Nickthenickthenick has 120 seconds left.
|
|t:|1779958372
|move|p2a: Raikou|Discharge|p1a: Samurott
|-supereffective|p1a: Samurott
|-enditem|p1a: Samurott|Focus Sash
|-damage|p1a: Samurott|1/100
|move|p1a: Samurott|Ceaseless Edge|p2a: Raikou
|-damage|p2a: Raikou|46/100
|-sidestart|p2: Nickthenickthenick|Spikes
|
|-heal|p2a: Raikou|52/100|[from] item: Leftovers
|upkeep
|turn|2
|
|t:|1779958379
|move|p1a: Samurott|Aqua Jet|p2a: Raikou
|-damage|p2a: Raikou|26/100
|move|p2a: Raikou|Discharge|p1a: Samurott
|-supereffective|p1a: Samurott
|-damage|p1a: Samurott|0 fnt
|faint|p1a: Samurott
|
|-heal|p2a: Raikou|32/100|[from] item: Leftovers
|upkeep
|
|t:|1779958383
|switch|p1a: Deoxys|Deoxys-Speed|100/100
|-ability|p1a: Deoxys|Pressure
|turn|3
|inactive|Nickthenickthenick has 120 seconds left.
|inactive|Nickthenickthenick has 90 seconds left.
|
|t:|1779958443
|switch|p2a: Tyranitar|Tyranitar, M|100/100
|-damage|p2a: Tyranitar|88/100|[from] Spikes
|-weather|Sandstorm|[from] ability: Sand Stream|[of] p2a: Tyranitar
|move|p1a: Deoxys|Knock Off|p2a: Tyranitar
|-resisted|p2a: Tyranitar
|-crit|p2a: Tyranitar
|-damage|p2a: Tyranitar|73/100
|-enditem|p2a: Tyranitar|Leftovers|[from] move: Knock Off|[of] p1a: Deoxys
|
|-weather|Sandstorm|[upkeep]
|-damage|p1a: Deoxys|94/100|[from] Sandstorm
|upkeep
|turn|4
|
|t:|1779958449
|move|p1a: Deoxys|Superpower|p2a: Tyranitar
|-supereffective|p2a: Tyranitar
|-damage|p2a: Tyranitar|0 fnt
|-unboost|p1a: Deoxys|atk|1
|-unboost|p1a: Deoxys|def|1
|faint|p2a: Tyranitar
|-enditem|p1a: Deoxys|Eject Pack
|
|t:|1779958458
|switch|p1a: Zapdos|Zapdos|100/100
|
|-weather|Sandstorm|[upkeep]
|-damage|p1a: Zapdos|94/100|[from] Sandstorm
|upkeep
|c|☆Nickthenickthenick|mm im stupid
|inactive|Nickthenickthenick has 90 seconds left.
|
|t:|1779958464
|switch|p2a: Porygon2|Porygon2|100/100
|-damage|p2a: Porygon2|88/100|[from] Spikes
|-ability|p2a: Porygon2|Static|Trace|[from] ability: Trace|[of] p1a: Zapdos
|turn|5
|
|t:|1779958469
|move|p1a: Zapdos|Thunder Wave|p2a: Porygon2|[miss]
|-miss|p1a: Zapdos|p2a: Porygon2
|move|p2a: Porygon2|Ice Beam|p1a: Zapdos
|-supereffective|p1a: Zapdos
|-damage|p1a: Zapdos|53/100
|-status|p1a: Zapdos|frz
|
|-weather|Sandstorm|[upkeep]
|-damage|p1a: Zapdos|47/100 frz|[from] Sandstorm
|-damage|p2a: Porygon2|82/100|[from] Sandstorm
|upkeep
|turn|6
|
|t:|1779958477
|switch|p2a: Suicune|Suicune|100/100
|-damage|p2a: Suicune|88/100|[from] Spikes
|-ability|p2a: Suicune|Pressure
|cant|p1a: Zapdos|frz
|
|-weather|Sandstorm|[upkeep]
|-damage|p1a: Zapdos|41/100 frz|[from] Sandstorm
|-damage|p2a: Suicune|82/100|[from] Sandstorm
|-heal|p2a: Suicune|88/100|[from] item: Leftovers
|upkeep
|turn|7
|
|t:|1779958483
|-curestatus|p1a: Zapdos|frz|[msg]
|move|p1a: Zapdos|Volt Switch|p2a: Suicune
|-supereffective|p2a: Suicune
|-damage|p2a: Suicune|53/100
|
|t:|1779958486
|switch|p1a: Dragonite|Dragonite, F|100/100|[from] Volt Switch
|move|p2a: Suicune|Calm Mind|p2a: Suicune
|-boost|p2a: Suicune|spa|1
|-boost|p2a: Suicune|spd|1
|
|-weather|none
|-heal|p2a: Suicune|60/100|[from] item: Leftovers
|upkeep
|turn|8
|c|☆Nickthenickthenick|ofc
|
|t:|1779958493
|-terastallize|p1a: Dragonite|Normal
|move|p1a: Dragonite|Extreme Speed|p2a: Suicune
|-crit|p2a: Suicune
|-damage|p2a: Suicune|0 fnt
|faint|p2a: Suicune
|-damage|p1a: Dragonite|91/100|[from] item: Life Orb
|
|upkeep
|c|☆Nickthenickthenick|ofc
|
|t:|1779958501
|switch|p2a: Entei|Entei|100/100
|-ability|p2a: Entei|Pressure
|turn|9
|
|t:|1779958505
|move|p1a: Dragonite|Extreme Speed|p2a: Entei
|-damage|p2a: Entei|63/100
|-damage|p1a: Dragonite|81/100|[from] item: Life Orb
|move|p2a: Entei|Sacred Fire|p1a: Dragonite
|-damage|p1a: Dragonite|38/100
|
|upkeep
|turn|10
|inactive|Nickthenickthenick has 120 seconds left.
|inactive|Nickthenickthenick has 90 seconds left.
|
|t:|1779958576
|move|p1a: Dragonite|Extreme Speed|p2a: Entei
|-damage|p2a: Entei|25/100
|-damage|p1a: Dragonite|28/100|[from] item: Life Orb
|move|p2a: Entei|Sacred Fire|p1a: Dragonite
|-crit|p1a: Dragonite
|-damage|p1a: Dragonite|0 fnt
|faint|p1a: Dragonite
|
|upkeep
|
|t:|1779958579
|switch|p1a: Deoxys|Deoxys-Speed|94/100
|-ability|p1a: Deoxys|Pressure
|turn|11
|
|t:|1779958585
|move|p2a: Entei|Extreme Speed|p1a: Deoxys
|-damage|p1a: Deoxys|60/100
|move|p1a: Deoxys|Psycho Boost|p2a: Entei
|-damage|p2a: Entei|0 fnt
|-unboost|p1a: Deoxys|spa|2
|faint|p2a: Entei
|
|upkeep
|
|t:|1779958600
|switch|p2a: Hatterene|Hatterene, F|100/100
|-damage|p2a: Hatterene|88/100|[from] Spikes
|turn|12
|
|t:|1779958608
|move|p1a: Deoxys|Knock Off|p2a: Hatterene
|-damage|p2a: Hatterene|66/100
|-damage|p1a: Deoxys|44/100|[from] item: Rocky Helmet|[of] p2a: Hatterene
|-enditem|p2a: Hatterene|Rocky Helmet|[from] move: Knock Off|[of] p1a: Deoxys
|move|p2a: Hatterene|Draining Kiss|p1a: Deoxys
|-damage|p1a: Deoxys|5/100
|-heal|p2a: Hatterene|88/100|[from] drain|[of] p1a: Deoxys
|
|upkeep
|turn|13
|
|t:|1779958619
|move|p1a: Deoxys|Superpower|p2a: Hatterene
|-resisted|p2a: Hatterene
|-damage|p2a: Hatterene|81/100
|-unboost|p1a: Deoxys|atk|1
|-unboost|p1a: Deoxys|def|1
|move|p2a: Hatterene|Psychic Noise|p1a: Deoxys
|-resisted|p1a: Deoxys
|-damage|p1a: Deoxys|0 fnt
|faint|p1a: Deoxys
|
|upkeep
|
|t:|1779958623
|switch|p1a: Ceruledge|Ceruledge, F|100/100
|turn|14
|
|t:|1779958635
|move|p1a: Ceruledge|Swords Dance|p1a: Ceruledge
|-boost|p1a: Ceruledge|atk|2
|move|p2a: Hatterene|Nuzzle|p1a: Ceruledge
|-damage|p1a: Ceruledge|95/100
|-status|p1a: Ceruledge|par
|
|upkeep
|turn|15
|
|t:|1779958639
|move|p1a: Ceruledge|Shadow Sneak|p2a: Hatterene
|-supereffective|p2a: Hatterene
|-damage|p2a: Hatterene|19/100
|move|p2a: Hatterene|Psychic Noise|p1a: Ceruledge
|-damage|p1a: Ceruledge|54/100 par
|-start|p1a: Ceruledge|move: Heal Block
|
|upkeep
|turn|16
|inactive|Nickthenickthenick has 120 seconds left.
|
|t:|1779958648
|switch|p2a: Porygon2|Porygon2|82/100
|-damage|p2a: Porygon2|70/100|[from] Spikes
|-ability|p2a: Porygon2|Flash Fire|Trace|[from] ability: Trace|[of] p1a: Ceruledge
|move|p1a: Ceruledge|Shadow Sneak|p2a: Porygon2
|-immune|p2a: Porygon2
|
|-end|p1a: Ceruledge|move: Heal Block
|upkeep
|turn|17
|
|t:|1779958651
|move|p2a: Porygon2|Foul Play|p1a: Ceruledge
|-supereffective|p1a: Ceruledge
|-damage|p1a: Ceruledge|0 fnt
|faint|p1a: Ceruledge
|
|upkeep
|
|t:|1779958654
|switch|p1a: Dragapult|Dragapult, M|100/100
|turn|18
|
|t:|1779958659
|move|p1a: Dragapult|Flamethrower|p2a: Porygon2
|-start|p2a: Porygon2|ability: Flash Fire
|move|p2a: Porygon2|Recover|p2a: Porygon2
|-heal|p2a: Porygon2|100/100
|
|upkeep
|turn|19
|
|t:|1779958665
|switch|p1a: Zapdos|Zapdos|41/100
|move|p2a: Porygon2|Ice Beam|p1a: Zapdos
|-supereffective|p1a: Zapdos
|-damage|p1a: Zapdos|1/100
|
|upkeep
|turn|20
|
|t:|1779958670
|move|p1a: Zapdos|Roost|p1a: Zapdos
|-heal|p1a: Zapdos|51/100
|-singleturn|p1a: Zapdos|move: Roost
|move|p2a: Porygon2|Ice Beam|p1a: Zapdos
|-damage|p1a: Zapdos|32/100
|
|upkeep
|turn|21
|
|t:|1779958673
|move|p1a: Zapdos|Roost|p1a: Zapdos
|-heal|p1a: Zapdos|82/100
|-singleturn|p1a: Zapdos|move: Roost
|move|p2a: Porygon2|Ice Beam|p1a: Zapdos
|-damage|p1a: Zapdos|59/100
|
|upkeep
|turn|22
|
|t:|1779958675
|move|p1a: Zapdos|Roost|p1a: Zapdos
|-heal|p1a: Zapdos|100/100
|-singleturn|p1a: Zapdos|move: Roost
|move|p2a: Porygon2|Ice Beam|p1a: Zapdos
|-damage|p1a: Zapdos|80/100
|
|upkeep
|turn|23
|
|t:|1779958677
|move|p1a: Zapdos|Thunder Wave|p2a: Porygon2
|-status|p2a: Porygon2|par
|cant|p2a: Porygon2|par
|
|upkeep
|turn|24
|
|t:|1779958680
|move|p1a: Zapdos|Hurricane|p2a: Porygon2|[miss]
|-miss|p1a: Zapdos|p2a: Porygon2
|move|p2a: Porygon2|Ice Beam|p1a: Zapdos
|-supereffective|p1a: Zapdos
|-damage|p1a: Zapdos|34/100
|
|upkeep
|turn|25
|
|t:|1779958685
|move|p1a: Zapdos|Roost|p1a: Zapdos
|-heal|p1a: Zapdos|84/100
|-singleturn|p1a: Zapdos|move: Roost
|move|p2a: Porygon2|Ice Beam|p1a: Zapdos
|-damage|p1a: Zapdos|63/100
|
|upkeep
|turn|26
|
|t:|1779958691
|move|p1a: Zapdos|Roost|p1a: Zapdos
|-heal|p1a: Zapdos|100/100
|-singleturn|p1a: Zapdos|move: Roost
|move|p2a: Porygon2|Ice Beam|p1a: Zapdos
|-damage|p1a: Zapdos|80/100
|
|upkeep
|turn|27
|
|t:|1779958698
|move|p1a: Zapdos|Hurricane|p2a: Porygon2
|-damage|p2a: Porygon2|72/100 par
|-start|p2a: Porygon2|confusion
|-activate|p2a: Porygon2|confusion
|-damage|p2a: Porygon2|68/100 par|[from] confusion
|
|upkeep
|turn|28
|
|t:|1779958704
|move|p1a: Zapdos|Hurricane|p2a: Porygon2|[miss]
|-miss|p1a: Zapdos|p2a: Porygon2
|-activate|p2a: Porygon2|confusion
|cant|p2a: Porygon2|par
|
|upkeep
|turn|29
|
|t:|1779958708
|move|p1a: Zapdos|Hurricane|p2a: Porygon2
|-damage|p2a: Porygon2|38/100 par
|-end|p2a: Porygon2|confusion
|move|p2a: Porygon2|Ice Beam|p1a: Zapdos
|-supereffective|p1a: Zapdos
|-damage|p1a: Zapdos|41/100
|
|upkeep
|turn|30
|
|t:|1779958711
|move|p1a: Zapdos|Roost|p1a: Zapdos
|-heal|p1a: Zapdos|91/100
|-singleturn|p1a: Zapdos|move: Roost
|move|p2a: Porygon2|Recover|p2a: Porygon2
|-heal|p2a: Porygon2|88/100 par
|
|upkeep
|turn|31
|
|t:|1779958718
|move|p1a: Zapdos|Hurricane|p2a: Porygon2
|-damage|p2a: Porygon2|61/100 par
|move|p2a: Porygon2|Ice Beam|p1a: Zapdos
|-supereffective|p1a: Zapdos
|-crit|p1a: Zapdos
|-damage|p1a: Zapdos|24/100
|
|upkeep
|turn|32
|
|t:|1779958725
|move|p1a: Zapdos|Roost|p1a: Zapdos
|-heal|p1a: Zapdos|74/100
|-singleturn|p1a: Zapdos|move: Roost
|cant|p2a: Porygon2|par
|
|upkeep
|turn|33
|
|t:|1779958729
|move|p1a: Zapdos|Hurricane|p2a: Porygon2
|-damage|p2a: Porygon2|33/100 par
|move|p2a: Porygon2|Recover|p2a: Porygon2
|-heal|p2a: Porygon2|83/100 par
|
|upkeep
|turn|34
|
|t:|1779958732
|move|p1a: Zapdos|Hurricane|p2a: Porygon2
|-damage|p2a: Porygon2|53/100 par
|-start|p2a: Porygon2|confusion
|-activate|p2a: Porygon2|confusion
|cant|p2a: Porygon2|par
|
|upkeep
|turn|35
|
|t:|1779958735
|move|p1a: Zapdos|Hurricane|p2a: Porygon2|[miss]
|-miss|p1a: Zapdos|p2a: Porygon2
|-end|p2a: Porygon2|confusion
|cant|p2a: Porygon2|par
|
|upkeep
|turn|36
|
|t:|1779958740
|move|p1a: Zapdos|Hurricane|p2a: Porygon2
|-damage|p2a: Porygon2|22/100 par
|-start|p2a: Porygon2|confusion
|-activate|p2a: Porygon2|confusion
|move|p2a: Porygon2|Recover|p2a: Porygon2
|-heal|p2a: Porygon2|72/100 par
|
|upkeep
|turn|37
|
|t:|1779958746
|move|p1a: Zapdos|Hurricane|p2a: Porygon2
|-damage|p2a: Porygon2|43/100 par
|-end|p2a: Porygon2|confusion
|move|p2a: Porygon2|Ice Beam|p1a: Zapdos
|-supereffective|p1a: Zapdos
|-damage|p1a: Zapdos|35/100
|
|upkeep
|turn|38
|
|t:|1779958752
|move|p1a: Zapdos|Roost|p1a: Zapdos
|-heal|p1a: Zapdos|86/100
|-singleturn|p1a: Zapdos|move: Roost
|cant|p2a: Porygon2|par
|
|upkeep
|turn|39
|
|t:|1779958755
|move|p1a: Zapdos|Hurricane|p2a: Porygon2
|-damage|p2a: Porygon2|16/100 par
|move|p2a: Porygon2|Recover|p2a: Porygon2
|-heal|p2a: Porygon2|66/100 par
|
|upkeep
|turn|40
|
|t:|1779958759
|move|p1a: Zapdos|Hurricane|p2a: Porygon2
|-damage|p2a: Porygon2|35/100 par
|move|p2a: Porygon2|Recover|p2a: Porygon2
|-heal|p2a: Porygon2|85/100 par
|
|upkeep
|turn|41
|
|t:|1779958762
|move|p1a: Zapdos|Hurricane|p2a: Porygon2
|-damage|p2a: Porygon2|56/100 par
|move|p2a: Porygon2|Ice Beam|p1a: Zapdos
|-supereffective|p1a: Zapdos
|-damage|p1a: Zapdos|45/100
|
|upkeep
|turn|42
|
|t:|1779958764
|move|p1a: Zapdos|Hurricane|p2a: Porygon2
|-damage|p2a: Porygon2|26/100 par
|move|p2a: Porygon2|Ice Beam|p1a: Zapdos
|-supereffective|p1a: Zapdos
|-damage|p1a: Zapdos|5/100
|-status|p1a: Zapdos|frz
|
|upkeep
|turn|43
|
|t:|1779958767
|cant|p1a: Zapdos|frz
|move|p2a: Porygon2|Recover|p2a: Porygon2
|-heal|p2a: Porygon2|76/100 par
|
|upkeep
|turn|44
|
|t:|1779958770
|cant|p1a: Zapdos|frz
|move|p2a: Porygon2|Recover|p2a: Porygon2
|-heal|p2a: Porygon2|100/100 par
|
|upkeep
|turn|45
|
|t:|1779958773
|cant|p1a: Zapdos|frz
|cant|p2a: Porygon2|par
|
|upkeep
|turn|46
|
|t:|1779958775
|-curestatus|p1a: Zapdos|frz|[msg]
|move|p1a: Zapdos|Hurricane|p2a: Porygon2
|-damage|p2a: Porygon2|69/100 par
|cant|p2a: Porygon2|par
|
|upkeep
|turn|47
|
|t:|1779958780
|move|p1a: Zapdos|Hurricane|p2a: Porygon2|[miss]
|-miss|p1a: Zapdos|p2a: Porygon2
|move|p2a: Porygon2|Foul Play|p1a: Zapdos
|-damage|p1a: Zapdos|0 fnt
|faint|p1a: Zapdos
|
|upkeep
|
|t:|1779958782
|switch|p1a: Dragapult|Dragapult, M|100/100
|turn|48
|
|t:|1779958788
|move|p1a: Dragapult|Flamethrower|p2a: Porygon2
|-immune|p2a: Porygon2|[from] ability: Flash Fire
|move|p2a: Porygon2|Ice Beam|p1a: Dragapult
|-supereffective|p1a: Dragapult
|-damage|p1a: Dragapult|39/100
|
|upkeep
|turn|49
|-message|Shadowstorm100 forfeited.
|
|win|Nickthenickthenick
|raw|Shadowstorm100's rating: 1297 &rarr; <strong>1280</strong><br />(-17 for losing)
|raw|Nickthenickthenick's rating: 1408 &rarr; <strong>1422</strong><br />(+14 for winning)
|l|☆Shadowstorm100
|player|p1|
|c|☆Nickthenickthenick|lol why
