|j|☆KupiKun
|j|☆piplupipo
|t:|1779884473
|gametype|singles
|player|p1|KupiKun|265|1109
|player|p2|piplupipo|psychicf-gen4|1060
|gen|9
|tier|[Gen 9] OU
|rated|
|rule|HP Percentage Mod: HP is shown in percentages
|rule|Endless Battle Clause: Forcing endless battles is banned
|rule|Species Clause: Limit one of each Pokémon
|rule|OHKO Clause: OHKO moves are banned
|rule|Evasion Items Clause: Evasion items are banned
|rule|Evasion Moves Clause: Evasion moves are banned
|rule|Evasion Abilities Clause: Evasion abilities are banned
|rule|Sleep Moves Clause: Sleep-inducing moves are banned
|clearpoke
|poke|p1|Florges-Yellow, F|
|poke|p1|Klefki, M|
|poke|p1|Cryogonal|
|poke|p1|Mienshao, F|
|poke|p1|Victreebel, F|
|poke|p1|Chandelure, M|
|poke|p2|Glimmora, M|
|poke|p2|Hitmonlee, M|
|poke|p2|Eiscue, M|
|poke|p2|Polteageist|
|poke|p2|Klawf, M|
|poke|p2|Veluza, M|
|teampreview
|
|t:|1779884479
|teamsize|p1|6
|teamsize|p2|6
|start
|switch|p1a: Pink Panther|Mienshao, F, shiny|100/100
|switch|p2a: Glimmora|Glimmora, M|100/100
|turn|1
|c|☆piplupipo|pink pantheress carrement
|
|t:|1779884494
|move|p1a: Pink Panther|Taunt|p2a: Glimmora
|-start|p2a: Glimmora|move: Taunt
|move|p2a: Glimmora|Mortal Spin|p1a: Pink Panther
|-damage|p1a: Pink Panther|89/100
|-status|p1a: Pink Panther|psn
|
|-damage|p1a: Pink Panther|77/100 psn|[from] psn
|upkeep
|turn|2
|
|t:|1779884506
|switch|p1a: Pot of Greed|Victreebel, F, shiny|100/100
|switch|p2a: Polteageist|Polteageist|100/100
|
|upkeep
|turn|3
|
|t:|1779884512
|move|p2a: Polteageist|Shell Smash|p2a: Polteageist
|-unboost|p2a: Polteageist|def|1
|-unboost|p2a: Polteageist|spd|1
|-boost|p2a: Polteageist|atk|2
|-boost|p2a: Polteageist|spa|2
|-boost|p2a: Polteageist|spe|2
|move|p1a: Pot of Greed|Toxic|p2a: Polteageist
|-status|p2a: Polteageist|tox
|
|-damage|p2a: Polteageist|94/100 tox|[from] psn
|upkeep
|turn|4
|
|t:|1779884532
|move|p2a: Polteageist|Stored Power|p1a: Pot of Greed
|-supereffective|p1a: Pot of Greed
|-damage|p1a: Pot of Greed|0 fnt
|faint|p1a: Pot of Greed
|
|-damage|p2a: Polteageist|82/100 tox|[from] psn
|upkeep
|
|t:|1779884542
|switch|p1a: Ren|Cryogonal|100/100
|turn|5
|
|t:|1779884551
|move|p2a: Polteageist|Stored Power|p1a: Ren
|-damage|p1a: Ren|41/100
|move|p1a: Ren|Ice Beam|p2a: Polteageist
|-damage|p2a: Polteageist|17/100 tox
|
|-damage|p2a: Polteageist|0 fnt|[from] psn
|faint|p2a: Polteageist
|upkeep
|
|t:|1779884557
|switch|p2a: Glimmora|Glimmora, M|100/100
|turn|6
|
|t:|1779884562
|move|p1a: Ren|Ice Beam|p2a: Glimmora
|-damage|p2a: Glimmora|41/100
|move|p2a: Glimmora|Stealth Rock|p1a: Ren
|-sidestart|p1: KupiKun|move: Stealth Rock
|
|upkeep
|turn|7
|
|t:|1779884578
|move|p1a: Ren|Ice Beam|p2a: Glimmora
|-damage|p2a: Glimmora|0 fnt
|faint|p2a: Glimmora
|
|upkeep
|
|t:|1779884590
|switch|p2a: Klawf|Klawf, M|100/100
|turn|8
|
|t:|1779884598
|move|p1a: Ren|Rapid Spin|p2a: Klawf
|-resisted|p2a: Klawf
|-damage|p2a: Klawf|97/100
|-boost|p1a: Ren|spe|1
|-sideend|p1: KupiKun|Stealth Rock|[from] move: Rapid Spin|[of] p1a: Ren
|move|p2a: Klawf|Stone Edge|p1a: Ren
|-supereffective|p1a: Ren
|-damage|p1a: Ren|0 fnt
|faint|p1a: Ren
|
|upkeep
|
|t:|1779884609
|switch|p1a: Pink Panther|Mienshao, F, shiny|100/100 psn
|turn|9
|
|t:|1779884615
|move|p2a: Klawf|Endure|p2a: Klawf
|-singleturn|p2a: Klawf|move: Endure
|move|p1a: Pink Panther|Close Combat|p2a: Klawf
|-supereffective|p2a: Klawf
|-activate|p2a: Klawf|move: Endure
|-damage|p2a: Klawf|1/100
|-unboost|p1a: Pink Panther|def|1
|-unboost|p1a: Pink Panther|spd|1
|-enditem|p2a: Klawf|Weakness Policy
|-boost|p2a: Klawf|atk|2|[from] item: Weakness Policy
|-boost|p2a: Klawf|spa|2|[from] item: Weakness Policy
|-ability|p2a: Klawf|Anger Shell|boost
|-boost|p2a: Klawf|atk|1
|-boost|p2a: Klawf|spa|1
|-boost|p2a: Klawf|spe|1
|-unboost|p2a: Klawf|def|1
|-unboost|p2a: Klawf|spd|1
|
|-damage|p1a: Pink Panther|88/100 psn|[from] psn
|upkeep
|turn|10
|
|t:|1779884630
|move|p1a: Pink Panther|Vacuum Wave|p2a: Klawf
|-supereffective|p2a: Klawf
|-damage|p2a: Klawf|0 fnt
|faint|p2a: Klawf
|
|-damage|p1a: Pink Panther|76/100 psn|[from] psn
|upkeep
|
|t:|1779884633
|switch|p2a: Eiscue|Eiscue, M|100/100
|turn|11
|
|t:|1779884649
|move|p1a: Pink Panther|U-turn|p2a: Eiscue
|-activate|p2a: Eiscue|ability: Ice Face
|-damage|p2a: Eiscue|100/100
|detailschange|p2a: Eiscue|Eiscue-Noice, M
|
|t:|1779884657
|switch|p1a: Keyblade|Klefki, M, shiny|100/100|[from] U-turn
|move|p2a: Eiscue|Belly Drum|p2a: Eiscue
|-damage|p2a: Eiscue|50/100
|-setboost|p2a: Eiscue|atk|6|[from] move: Belly Drum
|
|upkeep
|turn|12
|
|t:|1779884669
|move|p2a: Eiscue|Substitute|p2a: Eiscue
|-start|p2a: Eiscue|Substitute
|-damage|p2a: Eiscue|25/100
|-enditem|p2a: Eiscue|Salac Berry|[eat]
|-boost|p2a: Eiscue|spe|1|[from] item: Salac Berry
|move|p1a: Keyblade|Trick Room|p1a: Keyblade
|-fieldstart|move: Trick Room|[of] p1a: Keyblade
|
|upkeep
|turn|13
|
|t:|1779884686
|switch|p1a: Pink Panther|Mienshao, F, shiny|100/100 psn
|move|p2a: Eiscue|Reversal|p1a: Pink Panther
|-damage|p1a: Pink Panther|0 fnt
|faint|p1a: Pink Panther
|
|upkeep
|
|t:|1779884692
|switch|p1a: Black Death|Chandelure, M, shiny|100/100
|turn|14
|
|t:|1779884700
|move|p1a: Black Death|Shadow Ball|p2a: Eiscue
|-end|p2a: Eiscue|Substitute
|move|p2a: Eiscue|Ice Spinner|p1a: Black Death
|-resisted|p1a: Black Death
|-damage|p1a: Black Death|38/100
|
|upkeep
|turn|15
|
|t:|1779884706
|move|p1a: Black Death|Shadow Ball|p2a: Eiscue
|-damage|p2a: Eiscue|0 fnt
|faint|p2a: Eiscue
|
|upkeep
|
|t:|1779884709
|switch|p2a: Hitmonlee|Hitmonlee, M|100/100
|turn|16
|
|t:|1779884717
|move|p1a: Black Death|Shadow Ball|p2a: Hitmonlee
|-damage|p2a: Hitmonlee|27/100
|-unboost|p2a: Hitmonlee|spd|1
|move|p2a: Hitmonlee|Earthquake|p1a: Black Death
|-supereffective|p1a: Black Death
|-damage|p1a: Black Death|0 fnt
|faint|p1a: Black Death
|
|-fieldend|move: Trick Room
|upkeep
|
|t:|1779884728
|switch|p1a: Sectonia|Florges-Yellow, F, shiny|100/100
|turn|17
|
|t:|1779884734
|move|p2a: Hitmonlee|Endure|p2a: Hitmonlee
|-singleturn|p2a: Hitmonlee|move: Endure
|move|p1a: Sectonia|Moonblast|p2a: Hitmonlee
|-supereffective|p2a: Hitmonlee
|-activate|p2a: Hitmonlee|move: Endure
|-damage|p2a: Hitmonlee|1/100
|-enditem|p2a: Hitmonlee|Liechi Berry|[eat]
|-boost|p2a: Hitmonlee|atk|1|[from] item: Liechi Berry
|
|upkeep
|turn|18
|
|t:|1779884743
|move|p2a: Hitmonlee|Reversal|p1a: Sectonia
|-resisted|p1a: Sectonia
|-damage|p1a: Sectonia|5/100
|-enditem|p1a: Sectonia|Sitrus Berry|[eat]
|-heal|p1a: Sectonia|30/100|[from] item: Sitrus Berry
|move|p1a: Sectonia|Moonblast|p2a: Hitmonlee
|-supereffective|p2a: Hitmonlee
|-damage|p2a: Hitmonlee|0 fnt
|faint|p2a: Hitmonlee
|
|upkeep
|
|t:|1779884746
|switch|p2a: Veluza|Veluza, M|100/100
|turn|19
|c|☆KupiKun|scary
|
|t:|1779884757
|move|p2a: Veluza|Aqua Cutter|p1a: Sectonia
|-damage|p1a: Sectonia|0 fnt
|faint|p1a: Sectonia
|
|upkeep
|
|t:|1779884762
|switch|p1a: Keyblade|Klefki, M, shiny|100/100
|turn|20
|c|☆piplupipo|scared
|
|t:|1779884772
|move|p2a: Veluza|Aqua Cutter|p1a: Keyblade
|-damage|p1a: Keyblade|46/100
|-enditem|p1a: Keyblade|Sitrus Berry|[eat]
|-heal|p1a: Keyblade|71/100|[from] item: Sitrus Berry
|move|p1a: Keyblade|Trick Room|p1a: Keyblade
|-fieldstart|move: Trick Room|[of] p1a: Keyblade
|
|upkeep
|turn|21
|c|☆piplupipo|does he even have an attacking mvoe ?
|c|☆KupiKun|yup
|
|t:|1779884788
|-terastallize|p1a: Keyblade|Steel
|move|p1a: Keyblade|Steel Beam|p2a: Veluza
|-resisted|p2a: Veluza
|-crit|p2a: Veluza
|-damage|p2a: Veluza|35/100
|-damage|p1a: Keyblade|21/100|[from] steelbeam
|-enditem|p2a: Veluza|Sitrus Berry|[eat]
|-heal|p2a: Veluza|60/100|[from] item: Sitrus Berry
|move|p2a: Veluza|Aqua Cutter|p1a: Keyblade
|-crit|p1a: Keyblade
|-damage|p1a: Keyblade|0 fnt
|faint|p1a: Keyblade
|
|win|piplupipo
|raw|KupiKun's rating: 1109 &rarr; <strong>1080</strong><br />(-29 for losing)
|raw|piplupipo's rating: 1060 &rarr; <strong>1095</strong><br />(+35 for winning)
|c|☆KupiKun|gg
|l|☆piplupipo
|player|p2|
|l|☆KupiKun
|player|p1|
