|j|☆Senatorlokix
|j|☆BRAVEBULGE
|t:|1779821192
|gametype|singles
|player|p1|Senatorlokix|169|1269
|player|p2|BRAVEBULGE|102|1280
|gen|9
|tier|[Gen 9] OU
|rated|
|rule|HP Percentage Mod: HP is shown in percentages
|rule|Endless Battle Clause: Forcing endless battles is banned
|rule|Species Clause: Limit one of each Pokémon
|rule|OHKO Clause: OHKO moves are banned
|rule|Evasion Items Clause: Evasion items are banned
|rule|Evasion Moves Clause: Evasion moves are banned
|rule|Evasion Abilities Clause: Evasion abilities are banned
|rule|Sleep Moves Clause: Sleep-inducing moves are banned
|clearpoke
|poke|p1|Bruxish, F|
|poke|p1|Glimmora, F|
|poke|p1|Gholdengo|
|poke|p1|Iron Valiant|
|poke|p1|Corviknight, M|
|poke|p1|Ting-Lu|
|poke|p2|Weezing-Galar, F|
|poke|p2|Alomomola, F|
|poke|p2|Iron Treads|
|poke|p2|Tornadus-Therian, M|
|poke|p2|Zamazenta-*|
|poke|p2|Lokix, F|
|teampreview
|inactive|Battle timer is ON: inactive players will automatically lose when time's up. (requested by BRAVEBULGE)
|
|t:|1779821211
|teamsize|p1|6
|teamsize|p2|6
|start
|switch|p1a: Burger King|Bruxish, F, shiny|100/100
|switch|p2a: Iron Treads|Iron Treads|100/100
|turn|1
|
|t:|1779821222
|move|p2a: Iron Treads|Stealth Rock|p1a: Burger King
|-sidestart|p1: Senatorlokix|move: Stealth Rock
|move|p1a: Burger King|Psychic Fangs|p2a: Iron Treads
|-resisted|p2a: Iron Treads
|-damage|p2a: Iron Treads|68/100
|
|-heal|p2a: Iron Treads|74/100|[from] item: Leftovers
|upkeep
|turn|2
|
|t:|1779821245
|-end|p2a: Iron Treads|Quark Drive|[silent]
|switch|p2a: Alomomola|Alomomola, F|100/100
|switch|p1a: Ultron|Glimmora, F|100/100
|-damage|p1a: Ultron|88/100|[from] Stealth Rock
|
|upkeep
|turn|3
|
|t:|1779821257
|move|p1a: Ultron|Mortal Spin|p2a: Alomomola
|-damage|p2a: Alomomola|96/100
|-status|p2a: Alomomola|psn
|-damage|p1a: Ultron|72/100|[from] item: Rocky Helmet|[of] p2a: Alomomola
|-sideend|p1: Senatorlokix|Stealth Rock|[from] move: Mortal Spin|[of] p1a: Ultron
|move|p2a: Alomomola|Flip Turn|p1a: Ultron
|-supereffective|p1a: Ultron
|-damage|p1a: Ultron|34/100
|-activate|p1a: Ultron|ability: Toxic Debris
|-sidestart|p2: BRAVEBULGE|move: Toxic Spikes
|
|t:|1779821266
|switch|p2a: Iron Treads|Iron Treads|74/100|[from] Flip Turn
|
|-heal|p2a: Iron Treads|80/100|[from] item: Leftovers
|upkeep
|turn|4
|
|t:|1779821281
|move|p2a: Iron Treads|Earthquake|p1a: Ultron
|-supereffective|p1a: Ultron
|-damage|p1a: Ultron|0 fnt
|-activate|p1a: Ultron|ability: Toxic Debris
|-sidestart|p2: BRAVEBULGE|move: Toxic Spikes
|faint|p1a: Ultron
|
|-heal|p2a: Iron Treads|86/100|[from] item: Leftovers
|upkeep
|
|t:|1779821295
|switch|p1a: Burger King|Bruxish, F, shiny|100/100
|turn|5
|
|t:|1779821304
|move|p2a: Iron Treads|Rapid Spin|p1a: Burger King
|-damage|p1a: Burger King|79/100
|-boost|p2a: Iron Treads|spe|1
|-sideend|p2: BRAVEBULGE|Toxic Spikes|[from] move: Rapid Spin|[of] p2a: Iron Treads
|move|p1a: Burger King|Wave Crash|p2a: Iron Treads
|-supereffective|p2a: Iron Treads
|-damage|p2a: Iron Treads|0 fnt
|faint|p2a: Iron Treads
|-end|p2a: Iron Treads|Quark Drive|[silent]
|-damage|p1a: Burger King|42/100|[from] Recoil
|
|upkeep
|
|t:|1779821310
|switch|p2a: Lokix|Lokix, F|100/100
|turn|6
|c|☆Senatorlokix|Hey
|c|☆Senatorlokix|!dt Dazzling
|c|☆Senatorlokix|/raw <ul class="utilichart"><li class="result"><span class="col namecol"><a href="https://dex.pokemonshowdown.com/abilities/dazzling">Dazzling</a></span> <span class="col abilitydesccol">This Pokemon and its allies are protected from opposing priority moves.</span> </li><li style="clear:both"></li></ul>
|c|☆Senatorlokix|/raw <font size="1"><font color="#686868">Gen:</font> 7&nbsp;|&ThickSpace;&#10003; Ignored by Mold Breaker</font>

|c|☆Senatorlokix|Dont try it man
|
|t:|1779821349
|switch|p1a: Lamborghini|Corviknight, M|100/100
|-ability|p1a: Lamborghini|Pressure
|move|p2a: Lokix|Leech Life|p1a: Lamborghini
|-resisted|p1a: Lamborghini
|-damage|p1a: Lamborghini|78/100
|
|-heal|p1a: Lamborghini|85/100|[from] item: Leftovers
|upkeep
|turn|7
|inactive|Senatorlokix has 120 seconds left.
|
|t:|1779821375
|switch|p2a: Weezing|Weezing-Galar, F|100/100
|-ability|p2a: Weezing|Neutralizing Gas
|move|p1a: Lamborghini|Agility|p1a: Lamborghini
|-boost|p1a: Lamborghini|spe|2
|
|-heal|p1a: Lamborghini|91/100|[from] item: Leftovers
|upkeep
|turn|8
|inactive|Senatorlokix has 120 seconds left.
|
|t:|1779821387
|switch|p1a: Chickpea|Gholdengo|100/100
|move|p2a: Weezing|Will-O-Wisp|p1a: Chickpea
|-status|p1a: Chickpea|brn
|
|-damage|p1a: Chickpea|94/100 brn|[from] brn
|upkeep
|turn|9
|inactive|Senatorlokix has 120 seconds left.
|
|t:|1779821395
|-end|p2a: Weezing|ability: Neutralizing Gas
|switch|p2a: Alomomola|Alomomola, F|100/100 psn
|move|p1a: Chickpea|Nasty Plot|p1a: Chickpea
|-boost|p1a: Chickpea|spa|2
|
|-heal|p1a: Chickpea|100/100 brn|[from] item: Leftovers
|-damage|p2a: Alomomola|88/100 psn|[from] psn
|-damage|p1a: Chickpea|94/100 brn|[from] brn
|upkeep
|turn|10
|
|t:|1779821398
|move|p1a: Chickpea|Nasty Plot|p1a: Chickpea
|-boost|p1a: Chickpea|spa|2
|move|p2a: Alomomola|Flip Turn|p1a: Chickpea
|-damage|p1a: Chickpea|83/100 brn
|
|t:|1779821408
|switch|p2a: Zamazenta|Zamazenta|100/100|[from] Flip Turn
|-ability|p2a: Zamazenta|Dauntless Shield|boost
|-boost|p2a: Zamazenta|def|1
|
|-heal|p1a: Chickpea|89/100 brn|[from] item: Leftovers
|-damage|p1a: Chickpea|83/100 brn|[from] brn
|upkeep
|turn|11
|
|t:|1779821421
|move|p2a: Zamazenta|Crunch|p1a: Chickpea
|-supereffective|p1a: Chickpea
|-damage|p1a: Chickpea|29/100 brn
|move|p1a: Chickpea|Recover|p1a: Chickpea
|-heal|p1a: Chickpea|79/100 brn
|
|-heal|p1a: Chickpea|85/100 brn|[from] item: Leftovers
|-damage|p1a: Chickpea|79/100 brn|[from] brn
|upkeep
|turn|12
|
|t:|1779821438
|-terastallize|p1a: Chickpea|Fairy
|move|p2a: Zamazenta|Crunch|p1a: Chickpea
|-resisted|p1a: Chickpea
|-damage|p1a: Chickpea|66/100 brn
|move|p1a: Chickpea|Make It Rain|p2a: Zamazenta
|-damage|p2a: Zamazenta|0 fnt
|-unboost|p1a: Chickpea|spa|1
|faint|p2a: Zamazenta
|
|-heal|p1a: Chickpea|72/100 brn|[from] item: Leftovers
|-damage|p1a: Chickpea|66/100 brn|[from] brn
|upkeep
|
|t:|1779821443
|switch|p2a: Lokix|Lokix, F|100/100
|turn|13
|
|t:|1779821458
|switch|p1a: Sardine|Iron Valiant|100/100
|-enditem|p1a: Sardine|Booster Energy
|-activate|p1a: Sardine|ability: Quark Drive|[fromitem]
|-start|p1a: Sardine|quarkdrivespe
|-terastallize|p2a: Lokix|Bug
|move|p2a: Lokix|First Impression|p1a: Sardine
|-resisted|p1a: Sardine
|-damage|p1a: Sardine|44/100
|
|upkeep
|turn|14
|
|t:|1779821470
|switch|p2a: Tornadus|Tornadus-Therian, M|100/100
|move|p1a: Sardine|Calm Mind|p1a: Sardine
|-boost|p1a: Sardine|spa|1
|-boost|p1a: Sardine|spd|1
|
|upkeep
|turn|15
|
|t:|1779821478
|move|p1a: Sardine|Psyshock|p2a: Tornadus
|-damage|p2a: Tornadus|55/100
|move|p2a: Tornadus|Bleakwind Storm|p1a: Sardine|[miss]
|-miss|p2a: Tornadus|p1a: Sardine
|
|upkeep
|turn|16
|
|t:|1779821483
|move|p1a: Sardine|Moonblast|p2a: Tornadus
|-damage|p2a: Tornadus|3/100
|move|p2a: Tornadus|Bleakwind Storm|p1a: Sardine
|-supereffective|p1a: Sardine
|-damage|p1a: Sardine|0 fnt
|faint|p1a: Sardine
|-end|p1a: Sardine|Quark Drive|[silent]
|
|upkeep
|
|t:|1779821498
|switch|p1a: Mr. Fantastic|Ting-Lu|100/100
|-ability|p1a: Mr. Fantastic|Vessel of Ruin
|turn|17
|
|t:|1779821502
|move|p2a: Tornadus|U-turn|p1a: Mr. Fantastic
|-supereffective|p1a: Mr. Fantastic
|-damage|p1a: Mr. Fantastic|84/100
|-enditem|p1a: Mr. Fantastic|Weakness Policy
|-boost|p1a: Mr. Fantastic|atk|2|[from] item: Weakness Policy
|-boost|p1a: Mr. Fantastic|spa|2|[from] item: Weakness Policy
|
|t:|1779821507
|switch|p2a: Weezing|Weezing-Galar, F|100/100|[from] U-turn
|-ability|p2a: Weezing|Neutralizing Gas
|move|p1a: Mr. Fantastic|Payback|p2a: Weezing
|-resisted|p2a: Weezing
|-damage|p2a: Weezing|84/100
|
|-heal|p2a: Weezing|90/100|[from] item: Leftovers
|upkeep
|turn|18
|
|t:|1779821517
|move|p2a: Weezing|Will-O-Wisp|p1a: Mr. Fantastic
|-status|p1a: Mr. Fantastic|brn
|move|p1a: Mr. Fantastic|Rest|p1a: Mr. Fantastic
|-status|p1a: Mr. Fantastic|slp|[from] move: Rest
|-heal|p1a: Mr. Fantastic|100/100 slp|[silent]
|
|-heal|p2a: Weezing|96/100|[from] item: Leftovers
|upkeep
|turn|19
|
|t:|1779821523
|-end|p2a: Weezing|ability: Neutralizing Gas
|-ability|p1a: Mr. Fantastic|Vessel of Ruin
|switch|p2a: Tornadus|Tornadus-Therian, M|36/100
|cant|p1a: Mr. Fantastic|slp
|move|p1a: Mr. Fantastic|Sleep Talk|p1a: Mr. Fantastic
|move|p1a: Mr. Fantastic|Rest||[from] move: Sleep Talk|[still]
|-fail|p1a: Mr. Fantastic
|
|upkeep
|turn|20
|
|t:|1779821533
|move|p2a: Tornadus|U-turn|p1a: Mr. Fantastic
|-supereffective|p1a: Mr. Fantastic
|-damage|p1a: Mr. Fantastic|84/100 slp
|
|t:|1779821537
|switch|p2a: Lokix|Lokix, F, tera:Bug|100/100|[from] U-turn
|cant|p1a: Mr. Fantastic|slp
|move|p1a: Mr. Fantastic|Sleep Talk|p1a: Mr. Fantastic
|move|p1a: Mr. Fantastic|Rest||[from] move: Sleep Talk|[still]
|-fail|p1a: Mr. Fantastic
|
|upkeep
|turn|21
|c|☆Senatorlokix|Lucky
|
|t:|1779821548
|move|p2a: Lokix|First Impression|p1a: Mr. Fantastic
|-supereffective|p1a: Mr. Fantastic
|-damage|p1a: Mr. Fantastic|0 fnt
|faint|p1a: Mr. Fantastic
|
|upkeep
|
|t:|1779821552
|switch|p1a: Lamborghini|Corviknight, M|91/100
|-ability|p1a: Lamborghini|Pressure
|turn|22
|
|t:|1779821560
|switch|p2a: Tornadus|Tornadus-Therian, M|69/100
|move|p1a: Lamborghini|Bulk Up|p1a: Lamborghini
|-boost|p1a: Lamborghini|atk|1
|-boost|p1a: Lamborghini|def|1
|
|-heal|p1a: Lamborghini|97/100|[from] item: Leftovers
|upkeep
|turn|23
|
|t:|1779821566
|move|p2a: Tornadus|Heat Wave|p1a: Lamborghini
|-supereffective|p1a: Lamborghini
|-damage|p1a: Lamborghini|67/100
|move|p1a: Lamborghini|Agility|p1a: Lamborghini
|-boost|p1a: Lamborghini|spe|2
|
|-heal|p1a: Lamborghini|73/100|[from] item: Leftovers
|upkeep
|turn|24
|
|t:|1779821572
|move|p2a: Tornadus|Heat Wave|p1a: Lamborghini
|-supereffective|p1a: Lamborghini
|-damage|p1a: Lamborghini|41/100
|move|p1a: Lamborghini|Agility|p1a: Lamborghini
|-boost|p1a: Lamborghini|spe|2
|
|-heal|p1a: Lamborghini|48/100|[from] item: Leftovers
|upkeep
|turn|25
|
|t:|1779821576
|move|p1a: Lamborghini|Roost|p1a: Lamborghini
|-heal|p1a: Lamborghini|98/100
|-singleturn|p1a: Lamborghini|move: Roost
|move|p2a: Tornadus|Heat Wave|p1a: Lamborghini
|-supereffective|p1a: Lamborghini
|-damage|p1a: Lamborghini|68/100
|
|-heal|p1a: Lamborghini|74/100|[from] item: Leftovers
|upkeep
|turn|26
|
|t:|1779821580
|switch|p2a: Weezing|Weezing-Galar, F|96/100
|-ability|p2a: Weezing|Neutralizing Gas
|move|p1a: Lamborghini|Bulk Up|p1a: Lamborghini
|-boost|p1a: Lamborghini|atk|1
|-boost|p1a: Lamborghini|def|1
|
|-heal|p1a: Lamborghini|80/100|[from] item: Leftovers
|-heal|p2a: Weezing|100/100|[from] item: Leftovers
|upkeep
|turn|27
|
|t:|1779821586
|move|p1a: Lamborghini|Bulk Up|p1a: Lamborghini
|-boost|p1a: Lamborghini|atk|1
|-boost|p1a: Lamborghini|def|1
|move|p2a: Weezing|Will-O-Wisp|p1a: Lamborghini
|-status|p1a: Lamborghini|brn
|
|-heal|p1a: Lamborghini|86/100 brn|[from] item: Leftovers
|-damage|p1a: Lamborghini|80/100 brn|[from] brn
|upkeep
|turn|28
|
|t:|1779821603
|-end|p2a: Weezing|ability: Neutralizing Gas
|-ability|p1a: Lamborghini|Pressure
|switch|p2a: Alomomola|Alomomola, F|100/100 psn
|move|p1a: Lamborghini|Bulk Up|p1a: Lamborghini
|-boost|p1a: Lamborghini|atk|1
|-boost|p1a: Lamborghini|def|1
|
|-heal|p1a: Lamborghini|86/100 brn|[from] item: Leftovers
|-damage|p2a: Alomomola|88/100 psn|[from] psn
|-damage|p1a: Lamborghini|80/100 brn|[from] brn
|upkeep
|turn|29
|
|t:|1779821619
|move|p1a: Lamborghini|Bulk Up|p1a: Lamborghini
|-boost|p1a: Lamborghini|atk|1
|-boost|p1a: Lamborghini|def|1
|move|p2a: Alomomola|Wish|p2a: Alomomola
|
|-heal|p1a: Lamborghini|86/100 brn|[from] item: Leftovers
|-damage|p2a: Alomomola|76/100 psn|[from] psn
|-damage|p1a: Lamborghini|80/100 brn|[from] brn
|upkeep
|turn|30
|
|t:|1779821631
|move|p1a: Lamborghini|Bulk Up|p1a: Lamborghini
|-boost|p1a: Lamborghini|atk|1
|-boost|p1a: Lamborghini|def|1
|move|p2a: Alomomola|Tickle|p1a: Lamborghini
|-unboost|p1a: Lamborghini|atk|1
|-unboost|p1a: Lamborghini|def|1
|
|-heal|p2a: Alomomola|100/100 psn|[from] move: Wish|[wisher] Alomomola
|-heal|p1a: Lamborghini|86/100 brn|[from] item: Leftovers
|-damage|p2a: Alomomola|88/100 psn|[from] psn
|-damage|p1a: Lamborghini|80/100 brn|[from] brn
|upkeep
|turn|31
|
|t:|1779821638
|move|p1a: Lamborghini|Agility|p1a: Lamborghini
|-boost|p1a: Lamborghini|spe|2
|move|p2a: Alomomola|Tickle|p1a: Lamborghini
|-unboost|p1a: Lamborghini|atk|1
|-unboost|p1a: Lamborghini|def|1
|
|-heal|p1a: Lamborghini|86/100 brn|[from] item: Leftovers
|-damage|p2a: Alomomola|76/100 psn|[from] psn
|-damage|p1a: Lamborghini|80/100 brn|[from] brn
|upkeep
|turn|32
|
|t:|1779821642
|move|p1a: Lamborghini|Bulk Up|p1a: Lamborghini
|-boost|p1a: Lamborghini|atk|1
|-boost|p1a: Lamborghini|def|1
|move|p2a: Alomomola|Tickle|p1a: Lamborghini
|-unboost|p1a: Lamborghini|atk|1
|-unboost|p1a: Lamborghini|def|1
|
|-heal|p1a: Lamborghini|86/100 brn|[from] item: Leftovers
|-damage|p2a: Alomomola|63/100 psn|[from] psn
|-damage|p1a: Lamborghini|80/100 brn|[from] brn
|upkeep
|turn|33
|-message|BRAVEBULGE forfeited.
|
|win|Senatorlokix
|raw|Senatorlokix's rating: 1269 &rarr; <strong>1295</strong><br />(+26 for winning)
|raw|BRAVEBULGE's rating: 1280 &rarr; <strong>1254</strong><br />(-26 for losing)
|l|☆BRAVEBULGE
|player|p2|
