|j|‽BaxleyTheBomb
|j|☆Pkaiser33
|t:|1779877582
|gametype|singles
|player|p1|BaxleyTheBomb|janitor|1175
|player|p2|Pkaiser33|101|1170
|gen|9
|tier|[Gen 9] OU
|rated|
|rule|HP Percentage Mod: HP is shown in percentages
|rule|Endless Battle Clause: Forcing endless battles is banned
|rule|Species Clause: Limit one of each Pokémon
|rule|OHKO Clause: OHKO moves are banned
|rule|Evasion Items Clause: Evasion items are banned
|rule|Evasion Moves Clause: Evasion moves are banned
|rule|Evasion Abilities Clause: Evasion abilities are banned
|rule|Sleep Moves Clause: Sleep-inducing moves are banned
|clearpoke
|poke|p1|Zapdos|
|poke|p1|Clefable, M|
|poke|p1|Gyarados, F|
|poke|p1|Charizard, F|
|poke|p1|Rhydon, M|
|poke|p1|Mew|
|poke|p2|Dragapult, F|
|poke|p2|Darkrai|
|poke|p2|Cinderace, F|
|poke|p2|Zamazenta-*|
|poke|p2|Kyurem|
|poke|p2|Landorus-Therian, M|
|teampreview
|inactive|Battle timer is ON: inactive players will automatically lose when time's up. (requested by Pkaiser33)
|
|t:|1779877586
|teamsize|p1|6
|teamsize|p2|6
|start
|switch|p1a: Zapdos|Zapdos|100/100
|switch|p2a: Zamazenta|Zamazenta|100/100
|-ability|p2a: Zamazenta|Dauntless Shield|boost
|-boost|p2a: Zamazenta|def|1
|turn|1
|
|t:|1779877594
|move|p2a: Zamazenta|Light Screen|p2a: Zamazenta
|-sidestart|p2: Pkaiser33|move: Light Screen
|move|p1a: Zapdos|Agility|p1a: Zapdos
|-boost|p1a: Zapdos|spe|2
|
|upkeep
|turn|2
|
|t:|1779877600
|move|p1a: Zapdos|Hurricane|p2a: Zamazenta
|-supereffective|p2a: Zamazenta
|-damage|p2a: Zamazenta|33/100
|-damage|p1a: Zapdos|91/100|[from] item: Life Orb
|move|p2a: Zamazenta|Ice Fang|p1a: Zapdos
|-supereffective|p1a: Zapdos
|-damage|p1a: Zapdos|54/100
|-status|p1a: Zapdos|frz
|-status|p2a: Zamazenta|par|[from] ability: Static|[of] p1a: Zapdos
|
|upkeep
|turn|3
|
|t:|1779877611
|switch|p2a: Kyurem|Kyurem|100/100
|-ability|p2a: Kyurem|Pressure
|cant|p1a: Zapdos|frz
|
|upkeep
|turn|4
|
|t:|1779877619
|cant|p1a: Zapdos|frz
|move|p2a: Kyurem|Dragon Dance|p2a: Kyurem
|-boost|p2a: Kyurem|atk|1
|-boost|p2a: Kyurem|spe|1
|
|upkeep
|turn|5
|
|t:|1779877625
|cant|p1a: Zapdos|frz
|move|p2a: Kyurem|Dragon Dance|p2a: Kyurem
|-boost|p2a: Kyurem|atk|1
|-boost|p2a: Kyurem|spe|1
|
|upkeep
|turn|6
|
|t:|1779877631
|move|p2a: Kyurem|Dragon Dance|p2a: Kyurem
|-boost|p2a: Kyurem|atk|1
|-boost|p2a: Kyurem|spe|1
|cant|p1a: Zapdos|frz
|
|upkeep
|turn|7
|
|t:|1779877637
|move|p2a: Kyurem|Freeze-Dry|p1a: Zapdos
|-supereffective|p1a: Zapdos
|-damage|p1a: Zapdos|0 fnt
|faint|p1a: Zapdos
|
|upkeep
|
|t:|1779877645
|switch|p1a: Clefable|Clefable, M|100/100
|turn|8
|
|t:|1779877649
|move|p2a: Kyurem|Freeze-Dry|p1a: Clefable
|-damage|p1a: Clefable|65/100
|move|p1a: Clefable|Alluring Voice|p2a: Kyurem
|-supereffective|p2a: Kyurem
|-damage|p2a: Kyurem|53/100
|
|-sideend|p2: Pkaiser33|move: Light Screen
|upkeep
|turn|9
|
|t:|1779877658
|move|p2a: Kyurem|Freeze-Dry|p1a: Clefable
|-damage|p1a: Clefable|32/100
|move|p1a: Clefable|Alluring Voice|p2a: Kyurem
|-supereffective|p2a: Kyurem
|-crit|p2a: Kyurem
|-damage|p2a: Kyurem|0 fnt
|faint|p2a: Kyurem
|
|upkeep
|
|t:|1779877664
|switch|p2a: Landorus|Landorus-Therian, M|100/100
|-ability|p2a: Landorus|Intimidate|boost
|-unboost|p1a: Clefable|atk|1
|turn|10
|
|t:|1779877670
|switch|p1a: Gyarados|Gyarados, F, shiny|100/100
|-ability|p1a: Gyarados|Intimidate|boost
|-unboost|p2a: Landorus|atk|1
|move|p2a: Landorus|Brick Break|p1a: Gyarados
|-resisted|p1a: Gyarados
|-damage|p1a: Gyarados|89/100
|
|upkeep
|turn|11
|
|t:|1779877683
|move|p2a: Landorus|U-turn|p1a: Gyarados
|-resisted|p1a: Gyarados
|-damage|p1a: Gyarados|78/100
|
|t:|1779877686
|switch|p2a: Zamazenta|Zamazenta|33/100 par|[from] U-turn
|move|p1a: Gyarados|Aqua Tail|p2a: Zamazenta
|-damage|p2a: Zamazenta|0 fnt
|faint|p2a: Zamazenta
|
|upkeep
|
|t:|1779877694
|switch|p2a: Darkrai|Darkrai, shiny|100/100
|turn|12
|
|t:|1779877697
|move|p2a: Darkrai|Ice Beam|p1a: Gyarados
|-damage|p1a: Gyarados|38/100
|-damage|p2a: Darkrai|91/100|[from] item: Life Orb
|move|p1a: Gyarados|Aqua Tail|p2a: Darkrai
|-damage|p2a: Darkrai|0 fnt
|faint|p2a: Darkrai
|
|upkeep
|
|t:|1779877705
|switch|p2a: Dragapult|Dragapult, F, shiny|100/100
|turn|13
|
|t:|1779877709
|switch|p1a: Clefable|Clefable, M|32/100
|move|p2a: Dragapult|Shadow Ball|p1a: Clefable
|-damage|p1a: Clefable|0 fnt
|faint|p1a: Clefable
|-damage|p2a: Dragapult|91/100|[from] item: Life Orb
|
|upkeep
|
|t:|1779877718
|switch|p1a: Mew|Mew, shiny|100/100
|turn|14
|
|t:|1779877731
|switch|p1a: Gyarados|Gyarados, F, shiny|38/100
|-ability|p1a: Gyarados|Intimidate|boost
|-unboost|p2a: Dragapult|atk|1
|move|p2a: Dragapult|Shadow Ball|p1a: Gyarados
|-damage|p1a: Gyarados|0 fnt
|faint|p1a: Gyarados
|-damage|p2a: Dragapult|81/100|[from] item: Life Orb
|
|upkeep
|
|t:|1779877742
|switch|p1a: Rhydon|Rhydon, M|100/100
|turn|15
|
|t:|1779877747
|-terastallize|p1a: Rhydon|Ground
|move|p2a: Dragapult|Draco Meteor|p1a: Rhydon
|-damage|p1a: Rhydon|38/100
|-unboost|p2a: Dragapult|spa|2
|-damage|p2a: Dragapult|71/100|[from] item: Life Orb
|move|p1a: Rhydon|Earthquake|p2a: Dragapult
|-damage|p2a: Dragapult|0 fnt
|faint|p2a: Dragapult
|
|upkeep
|
|t:|1779877759
|switch|p2a: Landorus|Landorus-Therian, M|100/100
|-ability|p2a: Landorus|Intimidate|boost
|-unboost|p1a: Rhydon|atk|1
|turn|16
|
|t:|1779877764
|move|p2a: Landorus|Bulk Up|p2a: Landorus
|-boost|p2a: Landorus|atk|1
|-boost|p2a: Landorus|def|1
|move|p1a: Rhydon|Stone Edge|p2a: Landorus|[miss]
|-miss|p1a: Rhydon|p2a: Landorus
|
|upkeep
|turn|17
|
|t:|1779877772
|move|p2a: Landorus|Brick Break|p1a: Rhydon
|-damage|p1a: Rhydon|15/100
|move|p1a: Rhydon|Stone Edge|p2a: Landorus
|-damage|p2a: Landorus|69/100
|
|upkeep
|turn|18
|
|t:|1779877778
|move|p2a: Landorus|Brick Break|p1a: Rhydon
|-damage|p1a: Rhydon|0 fnt
|faint|p1a: Rhydon
|
|upkeep
|
|t:|1779877783
|switch|p1a: Mew|Mew, shiny|100/100
|turn|19
|
|t:|1779877788
|move|p1a: Mew|Hydro Pump|p2a: Landorus
|-supereffective|p2a: Landorus
|-damage|p2a: Landorus|0 fnt
|faint|p2a: Landorus
|
|upkeep
|
|t:|1779877791
|switch|p2a: Cinderace|Cinderace, F|100/100
|turn|20
|
|t:|1779877799
|move|p2a: Cinderace|Sucker Punch|p1a: Mew
|-start|p2a: Cinderace|typechange|Dark|[from] ability: Libero
|-supereffective|p1a: Mew
|-damage|p1a: Mew|30/100
|move|p1a: Mew|Hydro Pump|p2a: Cinderace
|-damage|p2a: Cinderace|47/100
|
|upkeep
|turn|21
|
|t:|1779877807
|move|p1a: Mew|Hydro Pump|p2a: Cinderace
|-damage|p2a: Cinderace|0 fnt
|faint|p2a: Cinderace
|
|win|BaxleyTheBomb
|raw|BaxleyTheBomb's rating: 1175 &rarr; <strong>1200</strong><br />(+25 for winning)
|raw|Pkaiser33's rating: 1170 &rarr; <strong>1145</strong><br />(-25 for losing)
|l|☆Pkaiser33
|player|p2|
|l|‽BaxleyTheBomb
|player|p1|
