|j|☆partypluto
|j|☆Aizor81
|t:|1779806988
|gametype|singles
|player|p1|partypluto|2|1077
|player|p2|Aizor81|pokemonbreeder|1068
|gen|9
|tier|[Gen 9] OU
|rated|
|rule|HP Percentage Mod: HP is shown in percentages
|rule|Endless Battle Clause: Forcing endless battles is banned
|rule|Species Clause: Limit one of each Pokémon
|rule|OHKO Clause: OHKO moves are banned
|rule|Evasion Items Clause: Evasion items are banned
|rule|Evasion Moves Clause: Evasion moves are banned
|rule|Evasion Abilities Clause: Evasion abilities are banned
|rule|Sleep Moves Clause: Sleep-inducing moves are banned
|clearpoke
|poke|p1|Ninetales, F|
|poke|p1|Blaziken, M|
|poke|p1|Walking Wake|
|poke|p1|Whimsicott, F|
|poke|p1|Great Tusk|
|poke|p1|Gholdengo|
|poke|p2|Sunflora, M|
|poke|p2|Torkoal, M|
|poke|p2|Hariyama, M|
|poke|p2|Lapras, F|
|poke|p2|Corviknight, M|
|poke|p2|Heatran, M|
|teampreview
|
|t:|1779807028
|teamsize|p1|6
|teamsize|p2|6
|start
|switch|p1a: Dubya|Walking Wake|100/100
|switch|p2a: Cargol treu banya|Lapras, F|100/100
|turn|1
|
|t:|1779807040
|move|p1a: Dubya|Flip Turn|p2a: Cargol treu banya
|-immune|p2a: Cargol treu banya|[from] ability: Water Absorb
|move|p2a: Cargol treu banya|Ice Beam|p1a: Dubya
|-damage|p1a: Dubya|50/100
|
|upkeep
|turn|2
|
|t:|1779807051
|-end|p1a: Dubya|Protosynthesis|[silent]
|switch|p1a: borutodad|Ninetales, F|100/100
|-weather|SunnyDay|[from] ability: Drought|[of] p1a: borutodad
|move|p2a: Cargol treu banya|Ice Beam|p1a: borutodad
|-resisted|p1a: borutodad
|-damage|p1a: borutodad|64/100
|
|-weather|SunnyDay|[upkeep]
|upkeep
|turn|3
|
|t:|1779807078
|switch|p2a: 45 graditos|Heatran, M|100/100
|move|p1a: borutodad|Will-O-Wisp|p2a: 45 graditos
|-start|p2a: 45 graditos|ability: Flash Fire
|
|-weather|SunnyDay|[upkeep]
|upkeep
|turn|4
|
|t:|1779807083
|move|p1a: borutodad|Scorching Sands|p2a: 45 graditos
|-supereffective|p2a: 45 graditos
|-damage|p2a: 45 graditos|47/100
|move|p2a: 45 graditos|Earth Power|p1a: borutodad
|-supereffective|p1a: borutodad
|-damage|p1a: borutodad|0 fnt
|faint|p1a: borutodad
|
|-weather|SunnyDay|[upkeep]
|upkeep
|
|t:|1779807102
|switch|p1a: kenshiro|Blaziken, M|100/100
|turn|5
|
|t:|1779807110
|-terastallize|p2a: 45 graditos|Grass
|move|p1a: kenshiro|Protect|p1a: kenshiro
|-singleturn|p1a: kenshiro|Protect
|move|p2a: 45 graditos|Earth Power|p1a: kenshiro
|-activate|p1a: kenshiro|move: Protect
|
|-weather|SunnyDay|[upkeep]
|-ability|p1a: kenshiro|Speed Boost|boost
|-boost|p1a: kenshiro|spe|1
|upkeep
|turn|6
|
|t:|1779807121
|move|p1a: kenshiro|Close Combat|p2a: 45 graditos
|-damage|p2a: 45 graditos|0 fnt
|-unboost|p1a: kenshiro|def|1
|-unboost|p1a: kenshiro|spd|1
|faint|p2a: 45 graditos
|
|-weather|SunnyDay|[upkeep]
|-ability|p1a: kenshiro|Speed Boost|boost
|-boost|p1a: kenshiro|spe|1
|upkeep
|
|t:|1779807126
|switch|p2a: Cargol treu banya|Lapras, F|100/100
|turn|7
|
|t:|1779807135
|move|p1a: kenshiro|Close Combat|p2a: Cargol treu banya
|-supereffective|p2a: Cargol treu banya
|-damage|p2a: Cargol treu banya|0 fnt
|-unboost|p1a: kenshiro|def|1
|-unboost|p1a: kenshiro|spd|1
|faint|p2a: Cargol treu banya
|
|-weather|SunnyDay|[upkeep]
|-ability|p1a: kenshiro|Speed Boost|boost
|-boost|p1a: kenshiro|spe|1
|upkeep
|
|t:|1779807141
|switch|p2a: Cegarro|Torkoal, M|100/100
|turn|8
|
|t:|1779807148
|move|p1a: kenshiro|Swords Dance|p1a: kenshiro
|-boost|p1a: kenshiro|atk|2
|move|p2a: Cegarro|Earth Power|p1a: kenshiro
|-supereffective|p1a: kenshiro
|-damage|p1a: kenshiro|0 fnt
|faint|p1a: kenshiro
|
|-weather|SunnyDay|[upkeep]
|upkeep
|
|t:|1779807193
|switch|p1a: Dubya|Walking Wake|50/100
|-activate|p1a: Dubya|ability: Protosynthesis
|-start|p1a: Dubya|protosynthesisspa
|turn|9
|
|t:|1779807203
|switch|p2a: GoatFlora|Sunflora, M, shiny|100/100
|move|p1a: Dubya|Hydro Steam|p2a: GoatFlora
|-resisted|p2a: GoatFlora
|-damage|p2a: GoatFlora|52/100
|
|-weather|none
|-end|p1a: Dubya|Protosynthesis
|upkeep
|turn|10
|
|t:|1779807207
|move|p1a: Dubya|Flamethrower|p2a: GoatFlora
|-supereffective|p2a: GoatFlora
|-damage|p2a: GoatFlora|0 fnt
|faint|p2a: GoatFlora
|
|upkeep
|
|t:|1779807211
|switch|p2a: Cegarro|Torkoal, M|100/100
|-weather|SunnyDay|[from] ability: Drought|[of] p2a: Cegarro
|-activate|p1a: Dubya|ability: Protosynthesis
|-start|p1a: Dubya|protosynthesisspa
|turn|11
|
|t:|1779807214
|move|p1a: Dubya|Hydro Steam|p2a: Cegarro
|-supereffective|p2a: Cegarro
|-damage|p2a: Cegarro|0 fnt
|faint|p2a: Cegarro
|
|-weather|SunnyDay|[upkeep]
|upkeep
|
|t:|1779807222
|switch|p2a: Chocala|Hariyama, M|100/100
|turn|12
|
|t:|1779807227
|move|p1a: Dubya|Hydro Steam|p2a: Chocala
|-damage|p2a: Chocala|14/100
|move|p2a: Chocala|Headlong Rush|p1a: Dubya
|-damage|p1a: Dubya|10/100
|-unboost|p2a: Chocala|def|1
|-unboost|p2a: Chocala|spd|1
|
|-weather|SunnyDay|[upkeep]
|-status|p2a: Chocala|brn|[from] item: Flame Orb
|upkeep
|turn|13
|
|t:|1779807234
|move|p1a: Dubya|Hydro Steam|p2a: Chocala
|-damage|p2a: Chocala|0 fnt
|faint|p2a: Chocala
|
|-weather|SunnyDay|[upkeep]
|upkeep
|
|t:|1779807236
|switch|p2a: Calimero|Corviknight, M, shiny|100/100
|-ability|p2a: Calimero|Pressure
|turn|14
|
|t:|1779807240
|move|p1a: Dubya|Flamethrower|p2a: Calimero
|-supereffective|p2a: Calimero
|-damage|p2a: Calimero|0 fnt
|faint|p2a: Calimero
|
|win|partypluto
|raw|partypluto's rating: 1077 &rarr; <strong>1105</strong><br />(+28 for winning)
|raw|Aizor81's rating: 1068 &rarr; <strong>1048</strong><br />(-20 for losing)
|l|☆Aizor81
|player|p2|
