|j|☆info_cntrl
|j|☆yigf
|t:|1779863590
|gametype|singles
|player|p1|info_cntrl|hugh|1144
|player|p2|yigf|tuber|1227
|gen|9
|tier|[Gen 9] OU
|rated|
|rule|HP Percentage Mod: HP is shown in percentages
|rule|Endless Battle Clause: Forcing endless battles is banned
|rule|Species Clause: Limit one of each Pokémon
|rule|OHKO Clause: OHKO moves are banned
|rule|Evasion Items Clause: Evasion items are banned
|rule|Evasion Moves Clause: Evasion moves are banned
|rule|Evasion Abilities Clause: Evasion abilities are banned
|rule|Sleep Moves Clause: Sleep-inducing moves are banned
|clearpoke
|poke|p1|Gliscor, F|
|poke|p1|Thundurus, M|
|poke|p1|Hatterene, F|
|poke|p1|Kommo-o, M|
|poke|p1|Toxapex, M|
|poke|p1|Ambipom, F|
|poke|p2|Dragonite, F|
|poke|p2|Incineroar, F|
|poke|p2|Great Tusk|
|poke|p2|Iron Boulder|
|poke|p2|Blastoise, M|
|poke|p2|Hatterene, F|
|teampreview
|inactive|Battle timer is ON: inactive players will automatically lose when time's up. (requested by yigf)
|
|t:|1779863610
|teamsize|p1|6
|teamsize|p2|6
|start
|switch|p1a: Charlie Kwerk|Ambipom, F|100/100
|switch|p2a: Hatterene|Hatterene, F, shiny|100/100
|turn|1
|
|t:|1779863618
|move|p1a: Charlie Kwerk|Fake Out|p2a: Hatterene
|-damage|p2a: Hatterene|70/100
|cant|p2a: Hatterene|flinch
|
|-heal|p2a: Hatterene|76/100|[from] item: Leftovers
|upkeep
|turn|2
|
|t:|1779863626
|move|p1a: Charlie Kwerk|Triple Axel|p2a: Hatterene
|-damage|p2a: Hatterene|66/100
|-damage|p2a: Hatterene|47/100
|-damage|p2a: Hatterene|15/100
|-hitcount|p2a: Hatterene|3
|move|p2a: Hatterene|Psychic|p1a: Charlie Kwerk
|-damage|p1a: Charlie Kwerk|30/100
|
|-heal|p2a: Hatterene|21/100|[from] item: Leftovers
|upkeep
|turn|3
|
|t:|1779863641
|move|p1a: Charlie Kwerk|Covet|p2a: Hatterene
|-damage|p2a: Hatterene|0 fnt
|faint|p2a: Hatterene
|
|upkeep
|
|t:|1779863649
|switch|p2a: Iron Boulder|Iron Boulder|100/100
|-enditem|p2a: Iron Boulder|Booster Energy
|-activate|p2a: Iron Boulder|ability: Quark Drive|[fromitem]
|-start|p2a: Iron Boulder|quarkdrivespe
|turn|4
|
|t:|1779863664
|switch|p1a: Settle|Gliscor, F|100/100
|move|p2a: Iron Boulder|Sacred Sword|p1a: Settle
|-resisted|p1a: Settle
|-damage|p1a: Settle|87/100
|
|-status|p1a: Settle|tox|[from] item: Toxic Orb
|upkeep
|turn|5
|
|t:|1779863677
|move|p2a: Iron Boulder|Mighty Cleave|p1a: Settle
|-damage|p1a: Settle|48/100 tox
|move|p1a: Settle|Earthquake|p2a: Iron Boulder
|-supereffective|p2a: Iron Boulder
|-damage|p2a: Iron Boulder|5/100
|
|-heal|p1a: Settle|61/100 tox|[from] ability: Poison Heal
|upkeep
|turn|6
|
|t:|1779863688
|move|p1a: Settle|Protect|p1a: Settle
|-singleturn|p1a: Settle|Protect
|move|p2a: Iron Boulder|Psycho Cut|p1a: Settle
|-activate|p1a: Settle|move: Protect
|
|-heal|p1a: Settle|73/100 tox|[from] ability: Poison Heal
|upkeep
|turn|7
|
|t:|1779863702
|move|p2a: Iron Boulder|Psycho Cut|p1a: Settle
|-damage|p1a: Settle|44/100 tox
|move|p1a: Settle|Earthquake|p2a: Iron Boulder
|-supereffective|p2a: Iron Boulder
|-crit|p2a: Iron Boulder
|-damage|p2a: Iron Boulder|0 fnt
|faint|p2a: Iron Boulder
|-end|p2a: Iron Boulder|Quark Drive|[silent]
|
|-heal|p1a: Settle|56/100 tox|[from] ability: Poison Heal
|upkeep
|
|t:|1779863714
|switch|p2a: Blastoise|Blastoise, M|100/100
|turn|8
|
|t:|1779863719
|switch|p1a: Your Ex|Toxapex, M|100/100
|move|p2a: Blastoise|Shell Smash|p2a: Blastoise
|-unboost|p2a: Blastoise|def|1
|-unboost|p2a: Blastoise|spd|1
|-boost|p2a: Blastoise|atk|2
|-boost|p2a: Blastoise|spa|2
|-boost|p2a: Blastoise|spe|2
|-enditem|p2a: Blastoise|White Herb
|-clearnegativeboost|p2a: Blastoise|[silent]
|
|upkeep
|turn|9
|
|t:|1779863733
|move|p2a: Blastoise|Water Spout|p1a: Your Ex
|-resisted|p1a: Your Ex
|-damage|p1a: Your Ex|57/100
|move|p1a: Your Ex|Haze|p1a: Your Ex
|-clearallboost
|
|-heal|p1a: Your Ex|64/100|[from] item: Black Sludge
|upkeep
|turn|10
|
|t:|1779863743
|move|p2a: Blastoise|Hydro Pump|p1a: Your Ex
|-resisted|p1a: Your Ex
|-damage|p1a: Your Ex|47/100
|move|p1a: Your Ex|Toxic|p2a: Blastoise
|-status|p2a: Blastoise|tox
|
|-heal|p1a: Your Ex|53/100|[from] item: Black Sludge
|-damage|p2a: Blastoise|94/100 tox|[from] psn
|upkeep
|turn|11
|
|t:|1779863760
|move|p1a: Your Ex|Baneful Bunker|p1a: Your Ex
|-singleturn|p1a: Your Ex|move: Protect
|move|p2a: Blastoise|Shell Smash|p2a: Blastoise
|-unboost|p2a: Blastoise|def|1
|-unboost|p2a: Blastoise|spd|1
|-boost|p2a: Blastoise|atk|2
|-boost|p2a: Blastoise|spa|2
|-boost|p2a: Blastoise|spe|2
|
|-heal|p1a: Your Ex|59/100|[from] item: Black Sludge
|-damage|p2a: Blastoise|82/100 tox|[from] psn
|upkeep
|turn|12
|
|t:|1779863777
|move|p2a: Blastoise|Water Spout|p1a: Your Ex
|-resisted|p1a: Your Ex
|-damage|p1a: Your Ex|20/100
|move|p1a: Your Ex|Haze|p1a: Your Ex
|-clearallboost
|
|-heal|p1a: Your Ex|26/100|[from] item: Black Sludge
|-damage|p2a: Blastoise|63/100 tox|[from] psn
|upkeep
|turn|13
|
|t:|1779863789
|move|p2a: Blastoise|Hydro Pump|p1a: Your Ex|[miss]
|-miss|p2a: Blastoise|p1a: Your Ex
|move|p1a: Your Ex|Haze|p1a: Your Ex
|-clearallboost
|
|-heal|p1a: Your Ex|32/100|[from] item: Black Sludge
|-damage|p2a: Blastoise|39/100 tox|[from] psn
|upkeep
|turn|14
|
|t:|1779863798
|move|p2a: Blastoise|Hydro Pump|p1a: Your Ex
|-resisted|p1a: Your Ex
|-damage|p1a: Your Ex|16/100
|move|p1a: Your Ex|Haze|p1a: Your Ex
|-clearallboost
|
|-heal|p1a: Your Ex|23/100|[from] item: Black Sludge
|-damage|p2a: Blastoise|8/100 tox|[from] psn
|upkeep
|turn|15
|
|t:|1779863812
|move|p1a: Your Ex|Baneful Bunker|p1a: Your Ex
|-singleturn|p1a: Your Ex|move: Protect
|move|p2a: Blastoise|Aura Sphere|p1a: Your Ex
|-activate|p1a: Your Ex|move: Protect
|
|-heal|p1a: Your Ex|29/100|[from] item: Black Sludge
|-damage|p2a: Blastoise|0 fnt|[from] psn
|faint|p2a: Blastoise
|upkeep
|
|t:|1779863831
|switch|p2a: Incineroar|Incineroar, F, shiny|100/100
|-ability|p2a: Incineroar|Intimidate|boost
|-unboost|p1a: Your Ex|atk|1
|turn|16
|
|t:|1779863847
|switch|p1a: Settle|Gliscor, F|56/100 tox
|move|p2a: Incineroar|Fake Out|p1a: Settle
|-damage|p1a: Settle|46/100 tox
|
|-heal|p1a: Settle|58/100 tox|[from] ability: Poison Heal
|upkeep
|turn|17
|
|t:|1779863859
|move|p1a: Settle|Earthquake|p2a: Incineroar
|-supereffective|p2a: Incineroar
|-damage|p2a: Incineroar|15/100
|move|p2a: Incineroar|Knock Off|p1a: Settle
|-damage|p1a: Settle|19/100 tox
|-enditem|p1a: Settle|Toxic Orb|[from] move: Knock Off|[of] p2a: Incineroar
|
|-heal|p1a: Settle|31/100 tox|[from] ability: Poison Heal
|upkeep
|turn|18
|
|t:|1779863871
|move|p1a: Settle|Protect|p1a: Settle
|-singleturn|p1a: Settle|Protect
|move|p2a: Incineroar|Parting Shot|p1a: Settle
|-activate|p1a: Settle|move: Protect
|
|-heal|p1a: Settle|43/100 tox|[from] ability: Poison Heal
|upkeep
|turn|19
|
|t:|1779863879
|switch|p1a: Adieu|Hatterene, F|100/100
|move|p2a: Incineroar|Flare Blitz|p1a: Adieu
|-damage|p1a: Adieu|39/100
|-damage|p2a: Incineroar|0 fnt|[from] Recoil
|faint|p2a: Incineroar
|
|upkeep
|
|t:|1779863891
|switch|p2a: Dragonite|Dragonite, F|100/100
|turn|20
|
|t:|1779863904
|-terastallize|p2a: Dragonite|Normal
|move|p2a: Dragonite|Dragon Dance|p2a: Dragonite
|-boost|p2a: Dragonite|atk|1
|-boost|p2a: Dragonite|spe|1
|move|p1a: Adieu|Reflect|p1a: Adieu
|-sidestart|p1: info_cntrl|Reflect
|
|upkeep
|turn|21
|
|t:|1779863914
|move|p2a: Dragonite|Extreme Speed|p1a: Adieu
|-damage|p1a: Adieu|4/100
|move|p1a: Adieu|Pain Split|p2a: Dragonite
|-sethp|p2a: Dragonite|52/100|[from] move: Pain Split|[silent]
|-sethp|p1a: Adieu|55/100|[from] move: Pain Split
|
|upkeep
|turn|22
|
|t:|1779863924
|move|p2a: Dragonite|Extreme Speed|p1a: Adieu
|-damage|p1a: Adieu|19/100
|move|p1a: Adieu|Pain Split|p2a: Dragonite
|-sethp|p2a: Dragonite|35/100|[from] move: Pain Split|[silent]
|-sethp|p1a: Adieu|37/100|[from] move: Pain Split
|
|upkeep
|turn|23
|-message|yigf forfeited.
|
|win|info_cntrl
|raw|info_cntrl's rating: 1144 &rarr; <strong>1175</strong><br />(+31 for winning)
|raw|yigf's rating: 1227 &rarr; <strong>1196</strong><br />(-31 for losing)
|l|☆yigf
|player|p2|
|l|☆info_cntrl
|player|p1|
