|j|☆Asilii_
|j|☆ahgkapemtkffk
|t:|1779965185
|gametype|singles
|player|p1|Asilii_|ethan-gen2|1151
|player|p2|ahgkapemtkffk|101|1105
|gen|9
|tier|[Gen 9] OU
|rated|
|rule|HP Percentage Mod: HP is shown in percentages
|rule|Endless Battle Clause: Forcing endless battles is banned
|rule|Species Clause: Limit one of each Pokémon
|rule|OHKO Clause: OHKO moves are banned
|rule|Evasion Items Clause: Evasion items are banned
|rule|Evasion Moves Clause: Evasion moves are banned
|rule|Evasion Abilities Clause: Evasion abilities are banned
|rule|Sleep Moves Clause: Sleep-inducing moves are banned
|clearpoke
|poke|p1|Ninetales, F|
|poke|p1|Raging Bolt|
|poke|p1|Iron Moth|
|poke|p1|Walking Wake|
|poke|p1|Great Tusk|
|poke|p1|Clodsire, M|
|poke|p2|Hydrapple, F|
|poke|p2|Golem-Alola, F|
|poke|p2|Slither Wing|
|poke|p2|Iron Thorns|
|poke|p2|Dragonite, F|
|poke|p2|Great Tusk|
|teampreview
|inactive|Battle timer is ON: inactive players will automatically lose when time's up. (requested by Asilii_)
|
|t:|1779965196
|teamsize|p1|6
|teamsize|p2|6
|start
|switch|p1a: Ninetales|Ninetales, F, shiny|100/100
|switch|p2a: Iron Thorns|Iron Thorns|100/100
|-weather|SunnyDay|[from] ability: Drought|[of] p1a: Ninetales
|turn|1
|
|t:|1779965214
|switch|p1a: King Sweeper|Walking Wake|100/100
|-activate|p1a: King Sweeper|ability: Protosynthesis
|-start|p1a: King Sweeper|protosynthesisspa
|move|p2a: Iron Thorns|Dragon Dance|p2a: Iron Thorns
|-boost|p2a: Iron Thorns|atk|1
|-boost|p2a: Iron Thorns|spe|1
|
|-weather|SunnyDay|[upkeep]
|upkeep
|turn|2
|
|t:|1779965234
|move|p2a: Iron Thorns|Rock Blast|p1a: King Sweeper|[miss]
|-miss|p2a: Iron Thorns|p1a: King Sweeper
|move|p1a: King Sweeper|Agility|p1a: King Sweeper
|-boost|p1a: King Sweeper|spe|2
|
|-weather|SunnyDay|[upkeep]
|upkeep
|turn|3
|
|t:|1779965244
|move|p1a: King Sweeper|Hydro Steam|p2a: Iron Thorns
|-supereffective|p2a: Iron Thorns
|-damage|p2a: Iron Thorns|0 fnt
|faint|p2a: Iron Thorns
|-end|p2a: Iron Thorns|Quark Drive|[silent]
|-damage|p1a: King Sweeper|91/100|[from] item: Life Orb
|
|-weather|SunnyDay|[upkeep]
|upkeep
|
|t:|1779965268
|switch|p2a: Dragonite|Dragonite, F|100/100
|turn|4
|
|t:|1779965274
|move|p1a: King Sweeper|Dragon Pulse|p2a: Dragonite
|-supereffective|p2a: Dragonite
|-damage|p2a: Dragonite|16/100
|-damage|p1a: King Sweeper|81/100|[from] item: Life Orb
|move|p2a: Dragonite|Scale Shot|p1a: King Sweeper
|-supereffective|p1a: King Sweeper
|-damage|p1a: King Sweeper|51/100
|-supereffective|p1a: King Sweeper
|-damage|p1a: King Sweeper|16/100
|-supereffective|p1a: King Sweeper
|-damage|p1a: King Sweeper|0 fnt
|faint|p1a: King Sweeper
|-end|p1a: King Sweeper|Protosynthesis|[silent]
|-hitcount|p1: King Sweeper|3
|-unboost|p2a: Dragonite|def|1
|-boost|p2a: Dragonite|spe|1
|
|-weather|SunnyDay|[upkeep]
|upkeep
|
|t:|1779965288
|switch|p1a: Raging Bolt|Raging Bolt|100/100
|-activate|p1a: Raging Bolt|ability: Protosynthesis
|-start|p1a: Raging Bolt|protosynthesisspa
|turn|5
|
|t:|1779965296
|move|p2a: Dragonite|Extreme Speed|p1a: Raging Bolt
|-damage|p1a: Raging Bolt|62/100
|move|p1a: Raging Bolt|Thunderclap||[still]
|-fail|p1a: Raging Bolt
|
|-weather|SunnyDay|[upkeep]
|upkeep
|turn|6
|
|t:|1779965302
|move|p2a: Dragonite|Extreme Speed|p1a: Raging Bolt
|-crit|p1a: Raging Bolt
|-damage|p1a: Raging Bolt|11/100
|move|p1a: Raging Bolt|Thunderbolt|p2a: Dragonite
|-damage|p2a: Dragonite|0 fnt
|faint|p2a: Dragonite
|-damage|p1a: Raging Bolt|1/100|[from] item: Life Orb
|
|-weather|SunnyDay|[upkeep]
|upkeep
|
|t:|1779965311
|switch|p2a: Great Tusk|Great Tusk|100/100
|-activate|p2a: Great Tusk|ability: Protosynthesis
|-start|p2a: Great Tusk|protosynthesisatk
|turn|7
|
|t:|1779965324
|move|p2a: Great Tusk|Bulk Up|p2a: Great Tusk
|-boost|p2a: Great Tusk|atk|1
|-boost|p2a: Great Tusk|def|1
|move|p1a: Raging Bolt|Dragon Pulse|p2a: Great Tusk
|-damage|p2a: Great Tusk|0 fnt
|faint|p2a: Great Tusk
|-end|p2a: Great Tusk|Protosynthesis|[silent]
|-damage|p1a: Raging Bolt|0 fnt|[from] item: Life Orb
|faint|p1a: Raging Bolt
|-end|p1a: Raging Bolt|Protosynthesis|[silent]
|
|-weather|SunnyDay|[upkeep]
|upkeep
|
|t:|1779965340
|switch|p2a: Hydrapple|Hydrapple, F|100/100
|switch|p1a: the wall|Clodsire, M, shiny|100/100
|turn|8
|
|t:|1779965347
|move|p2a: Hydrapple|Earth Power|p1a: the wall
|-supereffective|p1a: the wall
|-damage|p1a: the wall|68/100
|move|p1a: the wall|Toxic|p2a: Hydrapple
|-status|p2a: Hydrapple|tox
|
|-weather|none
|-heal|p1a: the wall|74/100|[from] item: Black Sludge
|-damage|p2a: Hydrapple|94/100 tox|[from] psn
|upkeep
|turn|9
|
|t:|1779965364
|move|p2a: Hydrapple|Fickle Beam|p1a: the wall
|-damage|p1a: the wall|51/100
|move|p1a: the wall|Spikes|p2a: Hydrapple
|-sidestart|p2: ahgkapemtkffk|Spikes
|
|-heal|p1a: the wall|57/100|[from] item: Black Sludge
|-damage|p2a: Hydrapple|82/100 tox|[from] psn
|upkeep
|turn|10
|
|t:|1779965373
|move|p2a: Hydrapple|Fickle Beam|p1a: the wall
|-damage|p1a: the wall|33/100
|move|p1a: the wall|Recover|p1a: the wall
|-heal|p1a: the wall|83/100
|
|-heal|p1a: the wall|90/100|[from] item: Black Sludge
|-damage|p2a: Hydrapple|63/100 tox|[from] psn
|upkeep
|turn|11
|
|t:|1779965383
|move|p2a: Hydrapple|Fickle Beam|p1a: the wall|[anim] Fickle Beam All Out
|-activate|p2a: Hydrapple|move: Fickle Beam
|-damage|p1a: the wall|44/100
|move|p1a: the wall|Spikes|p2a: Hydrapple
|-sidestart|p2: ahgkapemtkffk|Spikes
|
|-heal|p1a: the wall|51/100|[from] item: Black Sludge
|-damage|p2a: Hydrapple|38/100 tox|[from] psn
|upkeep
|turn|12
|
|t:|1779965392
|switch|p2a: Slither Wing|Slither Wing|100/100
|-damage|p2a: Slither Wing|84/100|[from] Spikes
|move|p1a: the wall|Recover|p1a: the wall
|-heal|p1a: the wall|100/100
|
|upkeep
|turn|13
|
|t:|1779965400
|move|p2a: Slither Wing|Earthquake|p1a: the wall
|-supereffective|p1a: the wall
|-damage|p1a: the wall|0 fnt
|faint|p1a: the wall
|
|upkeep
|
|t:|1779965405
|switch|p1a: Ninetales|Ninetales, F, shiny|100/100
|-weather|SunnyDay|[from] ability: Drought|[of] p1a: Ninetales
|-activate|p2a: Slither Wing|ability: Protosynthesis
|-start|p2a: Slither Wing|protosynthesisatk
|turn|14
|
|t:|1779965411
|move|p1a: Ninetales|Overheat|p2a: Slither Wing
|-supereffective|p2a: Slither Wing
|-damage|p2a: Slither Wing|0 fnt
|-unboost|p1a: Ninetales|spa|2
|faint|p2a: Slither Wing
|-end|p2a: Slither Wing|Protosynthesis|[silent]
|
|-weather|SunnyDay|[upkeep]
|upkeep
|
|t:|1779965418
|switch|p2a: Golem|Golem-Alola, F|100/100
|-damage|p2a: Golem|84/100|[from] Spikes
|turn|15
|
|t:|1779965425
|move|p1a: Ninetales|Will-O-Wisp|p2a: Golem
|-status|p2a: Golem|brn
|move|p2a: Golem|Rock Blast|p1a: Ninetales
|-supereffective|p1a: Ninetales
|-damage|p1a: Ninetales|76/100
|-supereffective|p1a: Ninetales
|-damage|p1a: Ninetales|54/100
|-supereffective|p1a: Ninetales
|-damage|p1a: Ninetales|31/100
|-supereffective|p1a: Ninetales
|-damage|p1a: Ninetales|9/100
|-supereffective|p1a: Ninetales
|-damage|p1a: Ninetales|0 fnt
|faint|p1a: Ninetales
|-hitcount|p1: Ninetales|5
|-damage|p2a: Golem|74/100 brn|[from] item: Life Orb
|
|-weather|SunnyDay|[upkeep]
|-damage|p2a: Golem|68/100 brn|[from] brn
|upkeep
|
|t:|1779965446
|switch|p1a: Iron Moth|Iron Moth|100/100
|-enditem|p1a: Iron Moth|Booster Energy
|-activate|p1a: Iron Moth|ability: Quark Drive|[fromitem]
|-start|p1a: Iron Moth|quarkdrivespe
|turn|16
|
|t:|1779965458
|-terastallize|p1a: Iron Moth|Grass
|move|p1a: Iron Moth|Energy Ball|p2a: Golem
|-supereffective|p2a: Golem
|-damage|p2a: Golem|0 fnt
|faint|p2a: Golem
|
|-weather|SunnyDay|[upkeep]
|upkeep
|
|t:|1779965464
|switch|p2a: Hydrapple|Hydrapple, F|71/100 tox
|-damage|p2a: Hydrapple|55/100 tox|[from] Spikes
|turn|17
|
|t:|1779965470
|move|p1a: Iron Moth|Fiery Dance|p2a: Hydrapple
|-damage|p2a: Hydrapple|14/100 tox
|-boost|p1a: Iron Moth|spa|1
|move|p2a: Hydrapple|Fickle Beam|p1a: Iron Moth
|-damage|p1a: Iron Moth|59/100
|
|-weather|SunnyDay|[upkeep]
|-damage|p2a: Hydrapple|8/100 tox|[from] psn
|upkeep
|turn|18
|
|t:|1779965480
|move|p1a: Iron Moth|Fiery Dance|p2a: Hydrapple
|-damage|p2a: Hydrapple|0 fnt
|faint|p2a: Hydrapple
|
|win|Asilii_
|raw|Asilii_'s rating: 1151 &rarr; <strong>1173</strong><br />(+22 for winning)
|raw|ahgkapemtkffk's rating: 1105 &rarr; <strong>1083</strong><br />(-22 for losing)
|l|☆ahgkapemtkffk
|player|p2|
