|j|☆ikthoizzykil
|j|☆a19a19
|t:|1779880296
|gametype|singles
|player|p1|ikthoizzykil|pokemaniac-gen3rs|1384
|player|p2|a19a19|red|1414
|gen|9
|tier|[Gen 9] OU
|rated|
|rule|HP Percentage Mod: HP is shown in percentages
|rule|Endless Battle Clause: Forcing endless battles is banned
|rule|Species Clause: Limit one of each Pokémon
|rule|OHKO Clause: OHKO moves are banned
|rule|Evasion Items Clause: Evasion items are banned
|rule|Evasion Moves Clause: Evasion moves are banned
|rule|Evasion Abilities Clause: Evasion abilities are banned
|rule|Sleep Moves Clause: Sleep-inducing moves are banned
|clearpoke
|poke|p1|Braviary, M|
|poke|p1|Great Tusk|
|poke|p1|Rillaboom, F|
|poke|p1|Primarina, M|
|poke|p1|Kingambit, F|
|poke|p1|Raging Bolt|
|poke|p2|Kyurem|
|poke|p2|Great Tusk|
|poke|p2|Entei|
|poke|p2|Ting-Lu|
|poke|p2|Tornadus-Therian, M|
|poke|p2|Dragapult, M|
|teampreview
|inactive|Battle timer is ON: inactive players will automatically lose when time's up. (requested by ikthoizzykil)
|
|t:|1779880314
|teamsize|p1|6
|teamsize|p2|6
|start
|switch|p1a: Rillaboom|Rillaboom, F|100/100
|switch|p2a: Tornadus|Tornadus-Therian, M|100/100
|-fieldstart|move: Grassy Terrain|[from] ability: Grassy Surge|[of] p1a: Rillaboom
|turn|1
|
|t:|1779880322
|switch|p1a: Braviary|Braviary, M|100/100
|move|p2a: Tornadus|U-turn|p1a: Braviary
|-resisted|p1a: Braviary
|-damage|p1a: Braviary|93/100
|
|t:|1779880328
|switch|p2a: Kyurem|Kyurem|100/100|[from] U-turn
|-ability|p2a: Kyurem|Pressure
|
|upkeep
|turn|2
|
|t:|1779880334
|switch|p1a: Kingambit|Kingambit, F|100/100
|move|p2a: Kyurem|Freeze-Dry|p1a: Kingambit
|-resisted|p1a: Kingambit
|-damage|p1a: Kingambit|81/100
|
|-heal|p1a: Kingambit|88/100|[from] Grassy Terrain
|upkeep
|turn|3
|
|t:|1779880344
|switch|p2a: Entei|Entei|100/100
|move|p1a: Kingambit|Iron Head|p2a: Entei
|-resisted|p2a: Entei
|-damage|p2a: Entei|74/100
|
|-heal|p2a: Entei|80/100|[from] Grassy Terrain
|-heal|p1a: Kingambit|94/100|[from] Grassy Terrain
|upkeep
|turn|4
|
|t:|1779880353
|-end|p1a: Kingambit|fallenundefined|[silent]
|switch|p1a: Primarina|Primarina, M|100/100
|move|p2a: Entei|Sacred Fire|p1a: Primarina
|-resisted|p1a: Primarina
|-damage|p1a: Primarina|76/100
|-status|p1a: Primarina|brn
|
|-heal|p2a: Entei|86/100|[from] Grassy Terrain
|-heal|p1a: Primarina|82/100 brn|[from] Grassy Terrain
|-heal|p1a: Primarina|88/100 brn|[from] item: Leftovers
|-damage|p1a: Primarina|82/100 brn|[from] brn
|upkeep
|turn|5
|
|t:|1779880369
|switch|p2a: Tornadus|Tornadus-Therian, M|100/100
|move|p1a: Primarina|Substitute|p1a: Primarina
|-start|p1a: Primarina|Substitute
|-damage|p1a: Primarina|57/100 brn
|
|-heal|p1a: Primarina|63/100 brn|[from] Grassy Terrain
|-heal|p1a: Primarina|69/100 brn|[from] item: Leftovers
|-damage|p1a: Primarina|63/100 brn|[from] brn
|-fieldend|move: Grassy Terrain
|upkeep
|turn|6
|
|t:|1779880381
|move|p2a: Tornadus|Taunt|p1a: Primarina
|-start|p1a: Primarina|move: Taunt
|cant|p1a: Primarina|move: Taunt|Calm Mind
|
|-heal|p1a: Primarina|69/100 brn|[from] item: Leftovers
|-damage|p1a: Primarina|63/100 brn|[from] brn
|upkeep
|turn|7
|
|t:|1779880389
|move|p2a: Tornadus|Bleakwind Storm|p1a: Primarina
|-end|p1a: Primarina|Substitute
|move|p1a: Primarina|Draining Kiss|p2a: Tornadus
|-damage|p2a: Tornadus|82/100
|-heal|p1a: Primarina|77/100 brn|[from] drain|[of] p2a: Tornadus
|
|-heal|p1a: Primarina|83/100 brn|[from] item: Leftovers
|-damage|p1a: Primarina|77/100 brn|[from] brn
|upkeep
|turn|8
|
|t:|1779880400
|move|p2a: Tornadus|Knock Off|p1a: Primarina
|-resisted|p1a: Primarina
|-damage|p1a: Primarina|67/100 brn
|-enditem|p1a: Primarina|Leftovers|[from] move: Knock Off|[of] p2a: Tornadus
|move|p1a: Primarina|Draining Kiss|p2a: Tornadus
|-damage|p2a: Tornadus|64/100
|-heal|p1a: Primarina|81/100 brn|[from] drain|[of] p2a: Tornadus
|
|-damage|p1a: Primarina|75/100 brn|[from] brn
|-end|p1a: Primarina|move: Taunt
|upkeep
|turn|9
|
|t:|1779880412
|move|p2a: Tornadus|Bleakwind Storm|p1a: Primarina
|-damage|p1a: Primarina|43/100 brn
|move|p1a: Primarina|Draining Kiss|p2a: Tornadus
|-damage|p2a: Tornadus|48/100
|-heal|p1a: Primarina|55/100 brn|[from] drain|[of] p2a: Tornadus
|
|-damage|p1a: Primarina|49/100 brn|[from] brn
|upkeep
|turn|10
|
|t:|1779880429
|move|p2a: Tornadus|Bleakwind Storm|p1a: Primarina
|-damage|p1a: Primarina|20/100 brn
|move|p1a: Primarina|Draining Kiss|p2a: Tornadus
|-damage|p2a: Tornadus|31/100
|-heal|p1a: Primarina|32/100 brn|[from] drain|[of] p2a: Tornadus
|
|-damage|p1a: Primarina|26/100 brn|[from] brn
|upkeep
|turn|11
|
|t:|1779880439
|switch|p2a: Entei|Entei|86/100
|move|p1a: Primarina|Psychic Noise|p2a: Entei
|-supereffective|p2a: Entei
|-damage|p2a: Entei|13/100
|-start|p2a: Entei|move: Heal Block
|
|-damage|p1a: Primarina|20/100 brn|[from] brn
|upkeep
|turn|12
|
|t:|1779880455
|move|p2a: Entei|Sacred Fire|p1a: Primarina
|-resisted|p1a: Primarina
|-damage|p1a: Primarina|0 fnt
|faint|p1a: Primarina
|
|-end|p2a: Entei|move: Heal Block
|upkeep
|
|t:|1779880464
|switch|p1a: Rillaboom|Rillaboom, F|100/100
|-fieldstart|move: Grassy Terrain|[from] ability: Grassy Surge|[of] p1a: Rillaboom
|turn|13
|
|t:|1779880475
|switch|p2a: Tornadus|Tornadus-Therian, M|64/100
|move|p1a: Rillaboom|Grassy Glide|p2a: Tornadus
|-resisted|p2a: Tornadus
|-damage|p2a: Tornadus|31/100
|
|upkeep
|turn|14
|
|t:|1779880485
|switch|p1a: Kingambit|Kingambit, F|94/100
|-activate|p1a: Kingambit|ability: Supreme Overlord
|-start|p1a: Kingambit|fallen1|[silent]
|move|p2a: Tornadus|U-turn|p1a: Kingambit
|-damage|p1a: Kingambit|84/100
|
|t:|1779880492
|switch|p2a: Entei|Entei|13/100|[from] U-turn
|
|-heal|p2a: Entei|19/100|[from] Grassy Terrain
|-heal|p1a: Kingambit|90/100|[from] Grassy Terrain
|upkeep
|turn|15
|
|t:|1779880504
|move|p1a: Kingambit|Sucker Punch|p2a: Entei
|-damage|p2a: Entei|0 fnt
|faint|p2a: Entei
|
|-heal|p1a: Kingambit|96/100|[from] Grassy Terrain
|upkeep
|
|t:|1779880516
|switch|p2a: Great Tusk|Great Tusk|100/100
|-enditem|p2a: Great Tusk|Booster Energy
|-activate|p2a: Great Tusk|ability: Protosynthesis|[fromitem]
|-start|p2a: Great Tusk|protosynthesisatk
|turn|16
|
|t:|1779880528
|-end|p1a: Kingambit|fallen1|[silent]
|switch|p1a: Braviary|Braviary, M|93/100
|move|p2a: Great Tusk|Ice Spinner|p1a: Braviary
|-supereffective|p1a: Braviary
|-damage|p1a: Braviary|9/100
|-fieldend|move: Grassy Terrain
|
|upkeep
|turn|17
|
|t:|1779880536
|move|p2a: Great Tusk|Rapid Spin|p1a: Braviary
|-damage|p1a: Braviary|0 fnt
|-boost|p2a: Great Tusk|spe|1
|faint|p1a: Braviary
|
|upkeep
|
|t:|1779880540
|switch|p1a: Rillaboom|Rillaboom, F|100/100
|-fieldstart|move: Grassy Terrain|[from] ability: Grassy Surge|[of] p1a: Rillaboom
|turn|18
|
|t:|1779880546
|-terastallize|p2a: Great Tusk|Dark
|-terastallize|p1a: Rillaboom|Grass
|move|p1a: Rillaboom|Grassy Glide|p2a: Great Tusk
|-crit|p2a: Great Tusk
|-damage|p2a: Great Tusk|19/100
|move|p2a: Great Tusk|Ice Spinner|p1a: Rillaboom
|-supereffective|p1a: Rillaboom
|-damage|p1a: Rillaboom|23/100
|-fieldend|move: Grassy Terrain
|
|upkeep
|turn|19
|
|t:|1779880561
|switch|p1a: Great Tusk|Great Tusk|100/100
|move|p2a: Great Tusk|Ice Spinner|p1a: Great Tusk
|-supereffective|p1a: Great Tusk
|-damage|p1a: Great Tusk|46/100
|
|upkeep
|turn|20
|
|t:|1779880568
|move|p2a: Great Tusk|Ice Spinner|p1a: Great Tusk
|-supereffective|p1a: Great Tusk
|-damage|p1a: Great Tusk|0 fnt
|faint|p1a: Great Tusk
|-end|p1a: Great Tusk|Protosynthesis|[silent]
|
|upkeep
|
|t:|1779880572
|switch|p1a: Rillaboom|Rillaboom, F, tera:Grass|23/100
|-fieldstart|move: Grassy Terrain|[from] ability: Grassy Surge|[of] p1a: Rillaboom
|turn|21
|
|t:|1779880577
|-end|p2a: Great Tusk|Protosynthesis|[silent]
|switch|p2a: Tornadus|Tornadus-Therian, M|65/100
|move|p1a: Rillaboom|Grassy Glide|p2a: Tornadus
|-resisted|p2a: Tornadus
|-damage|p2a: Tornadus|25/100
|
|-heal|p1a: Rillaboom|29/100|[from] Grassy Terrain
|upkeep
|turn|22
|
|t:|1779880587
|move|p1a: Rillaboom|Grassy Glide|p2a: Tornadus
|-resisted|p2a: Tornadus
|-damage|p2a: Tornadus|0 fnt
|faint|p2a: Tornadus
|
|-heal|p1a: Rillaboom|35/100|[from] Grassy Terrain
|upkeep
|
|t:|1779880595
|switch|p2a: Dragapult|Dragapult, M|100/100
|turn|23
|
|t:|1779880605
|move|p1a: Rillaboom|Grassy Glide|p2a: Dragapult
|-resisted|p2a: Dragapult
|-damage|p2a: Dragapult|43/100
|move|p2a: Dragapult|U-turn|p1a: Rillaboom
|-supereffective|p1a: Rillaboom
|-damage|p1a: Rillaboom|1/100
|l|☆a19a19
|inactive|a19a19 disconnected and has a minute to reconnect!
|player|p2|
|inactive|a19a19 has 30 seconds to reconnect!
|inactive|a19a19 has 20 seconds to reconnect!
|inactive|a19a19 has 15 seconds to reconnect!
|inactive|a19a19 has 10 seconds to reconnect!
|inactive|a19a19 has 5 seconds to reconnect!
|-message|a19a19 lost due to inactivity.
|
|win|ikthoizzykil
|raw|ikthoizzykil's rating: 1384 &rarr; <strong>1406</strong><br />(+22 for winning)
|raw|a19a19's rating: 1414 &rarr; <strong>1392</strong><br />(-22 for losing)
