|j|☆Praise The Salt
|j|☆OUZQ Crocodile
|t:|1779888890
|gametype|singles
|player|p1|Praise The Salt|170|1549
|player|p2|OUZQ Crocodile|170|1491
|gen|9
|tier|[Gen 9] OU
|rated|
|rule|HP Percentage Mod: HP is shown in percentages
|rule|Endless Battle Clause: Forcing endless battles is banned
|rule|Species Clause: Limit one of each Pokémon
|rule|OHKO Clause: OHKO moves are banned
|rule|Evasion Items Clause: Evasion items are banned
|rule|Evasion Moves Clause: Evasion moves are banned
|rule|Evasion Abilities Clause: Evasion abilities are banned
|rule|Sleep Moves Clause: Sleep-inducing moves are banned
|clearpoke
|poke|p1|Cinderace, M|
|poke|p1|Iron Valiant|
|poke|p1|Kingambit, F|
|poke|p1|Landorus-Therian, M|
|poke|p1|Ogerpon-Wellspring, F|
|poke|p1|Raging Bolt|
|poke|p2|Pelipper, L99, F|
|poke|p2|Pecharunt|
|poke|p2|Keldeo|
|poke|p2|Iron Treads|
|poke|p2|Barraskewda, M|
|poke|p2|Raging Bolt|
|teampreview
|inactive|Battle timer is ON: inactive players will automatically lose when time's up. (requested by OUZQ Crocodile)
|inactive|Praise The Salt also wants the timer to be on.
|inactive|Praise The Salt has 120 seconds left.
|inactive|Praise The Salt has 90 seconds left.
|
|t:|1779888957
|teamsize|p1|6
|teamsize|p2|6
|start
|switch|p1a: Ogerpon|Ogerpon-Wellspring, F|100/100
|switch|p2a: Pelipper|Pelipper, L99, F|100/100
|-weather|RainDance|[from] ability: Drizzle|[of] p2a: Pelipper
|turn|1
|
|t:|1779888962
|switch|p2a: Pecharunt|Pecharunt|100/100
|move|p1a: Ogerpon|Knock Off|p2a: Pecharunt
|-supereffective|p2a: Pecharunt
|-damage|p2a: Pecharunt|63/100
|-enditem|p2a: Pecharunt|Utility Umbrella|[from] move: Knock Off|[of] p1a: Ogerpon
|
|-weather|RainDance|[upkeep]
|upkeep
|turn|2
|
|t:|1779888976
|move|p1a: Ogerpon|Ivy Cudgel|p2a: Pecharunt|[anim] Ivy Cudgel Water
|-damage|p2a: Pecharunt|22/100
|move|p2a: Pecharunt|Recover|p2a: Pecharunt
|-heal|p2a: Pecharunt|72/100
|
|-weather|RainDance|[upkeep]
|upkeep
|turn|3
|
|t:|1779888981
|move|p1a: Ogerpon|Encore|p2a: Pecharunt
|-start|p2a: Pecharunt|Encore
|move|p2a: Pecharunt|Recover|p2a: Pecharunt
|-heal|p2a: Pecharunt|100/100
|
|-weather|RainDance|[upkeep]
|upkeep
|turn|4
|
|t:|1779888984
|switch|p2a: Raging Bolt|Raging Bolt|100/100
|-enditem|p2a: Raging Bolt|Booster Energy
|-activate|p2a: Raging Bolt|ability: Protosynthesis|[fromitem]
|-start|p2a: Raging Bolt|protosynthesisspa
|move|p1a: Ogerpon|Knock Off|p2a: Raging Bolt
|-damage|p2a: Raging Bolt|77/100
|
|-weather|RainDance|[upkeep]
|upkeep
|turn|5
|
|t:|1779888993
|move|p1a: Ogerpon|Ivy Cudgel|p2a: Raging Bolt|[anim] Ivy Cudgel Water
|-resisted|p2a: Raging Bolt
|-damage|p2a: Raging Bolt|37/100
|move|p2a: Raging Bolt|Dragon Pulse|p1a: Ogerpon
|-damage|p1a: Ogerpon|17/100
|
|-weather|RainDance|[upkeep]
|upkeep
|turn|6
|
|t:|1779889007
|switch|p1a: Iron Valiant|Iron Valiant|100/100
|-enditem|p1a: Iron Valiant|Booster Energy
|-activate|p1a: Iron Valiant|ability: Quark Drive|[fromitem]
|-start|p1a: Iron Valiant|quarkdrivespe
|move|p2a: Raging Bolt|Thunderclap||[still]
|-fail|p2a: Raging Bolt
|
|-weather|RainDance|[upkeep]
|upkeep
|turn|7
|
|t:|1779889014
|-end|p2a: Raging Bolt|Protosynthesis|[silent]
|switch|p2a: Pecharunt|Pecharunt|100/100
|move|p1a: Iron Valiant|Encore||[still]
|-fail|p1a: Iron Valiant
|
|-weather|RainDance|[upkeep]
|upkeep
|turn|8
|
|t:|1779889020
|switch|p2a: Iron Treads|Iron Treads|100/100
|move|p1a: Iron Valiant|Shadow Ball|p2a: Iron Treads
|-damage|p2a: Iron Treads|70/100
|
|-weather|none
|-heal|p2a: Iron Treads|77/100|[from] item: Leftovers
|upkeep
|turn|9
|
|t:|1779889025
|-end|p2a: Iron Treads|Quark Drive|[silent]
|switch|p2a: Pelipper|Pelipper, L99, F|100/100
|-weather|RainDance|[from] ability: Drizzle|[of] p2a: Pelipper
|move|p1a: Iron Valiant|Calm Mind|p1a: Iron Valiant
|-boost|p1a: Iron Valiant|spa|1
|-boost|p1a: Iron Valiant|spd|1
|
|-weather|RainDance|[upkeep]
|upkeep
|turn|10
|
|t:|1779889031
|move|p1a: Iron Valiant|Moonblast|p2a: Pelipper
|-damage|p2a: Pelipper|29/100
|move|p2a: Pelipper|U-turn|p1a: Iron Valiant
|-resisted|p1a: Iron Valiant
|-damage|p1a: Iron Valiant|98/100
|
|t:|1779889035
|switch|p2a: Barraskewda|Barraskewda, M|100/100|[from] U-turn
|
|-weather|RainDance|[upkeep]
|upkeep
|turn|11
|
|t:|1779889040
|-end|p1a: Iron Valiant|Quark Drive|[silent]
|switch|p1a: Ogerpon|Ogerpon-Wellspring, F|17/100
|-terastallize|p2a: Barraskewda|Water
|move|p2a: Barraskewda|Flip Turn|p1a: Ogerpon
|-heal|p1a: Ogerpon|42/100|[from] ability: Water Absorb|[of] p2a: Barraskewda
|
|-weather|RainDance|[upkeep]
|upkeep
|turn|12
|
|t:|1779889046
|switch|p2a: Pecharunt|Pecharunt|100/100
|move|p1a: Ogerpon|Power Whip|p2a: Pecharunt
|-resisted|p2a: Pecharunt
|-damage|p2a: Pecharunt|84/100
|
|-weather|RainDance|[upkeep]
|upkeep
|turn|13
|
|t:|1779889058
|switch|p1a: Iron Valiant|Iron Valiant|98/100
|move|p2a: Pecharunt|Parting Shot|p1a: Iron Valiant
|-unboost|p1a: Iron Valiant|atk|1
|-unboost|p1a: Iron Valiant|spa|1
|
|t:|1779889061
|switch|p2a: Barraskewda|Barraskewda, M, tera:Water|100/100|[from] Parting Shot
|
|-weather|RainDance|[upkeep]
|upkeep
|turn|14
|
|t:|1779889071
|move|p2a: Barraskewda|Poison Jab|p1a: Iron Valiant
|-supereffective|p1a: Iron Valiant
|-damage|p1a: Iron Valiant|0 fnt
|faint|p1a: Iron Valiant
|-end|p1a: Iron Valiant|Quark Drive|[silent]
|
|-weather|RainDance|[upkeep]
|upkeep
|
|t:|1779889077
|switch|p1a: Landorus|Landorus-Therian, M|100/100
|-ability|p1a: Landorus|Intimidate|boost
|-unboost|p2a: Barraskewda|atk|1
|turn|15
|
|t:|1779889082
|switch|p2a: Keldeo|Keldeo|100/100
|move|p1a: Landorus|U-turn|p2a: Keldeo
|-resisted|p2a: Keldeo
|-damage|p2a: Keldeo|86/100
|
|t:|1779889108
|switch|p1a: Ogerpon|Ogerpon-Wellspring, F|42/100|[from] U-turn
|
|-weather|RainDance|[upkeep]
|upkeep
|turn|16
|
|t:|1779889118
|switch|p2a: Pecharunt|Pecharunt|84/100
|move|p1a: Ogerpon|Ivy Cudgel|p2a: Pecharunt|[anim] Ivy Cudgel Water
|-damage|p2a: Pecharunt|44/100
|
|-weather|none
|upkeep
|turn|17
|
|t:|1779889124
|move|p1a: Ogerpon|Ivy Cudgel|p2a: Pecharunt|[anim] Ivy Cudgel Water
|-damage|p2a: Pecharunt|15/100
|move|p2a: Pecharunt|Recover|p2a: Pecharunt
|-heal|p2a: Pecharunt|65/100
|
|upkeep
|turn|18
|
|t:|1779889128
|switch|p2a: Barraskewda|Barraskewda, M, tera:Water|100/100
|move|p1a: Ogerpon|Knock Off|p2a: Barraskewda
|-damage|p2a: Barraskewda|30/100
|-enditem|p2a: Barraskewda|Choice Band|[from] move: Knock Off|[of] p1a: Ogerpon
|
|upkeep
|turn|19
|
|t:|1779889133
|switch|p1a: Landorus|Landorus-Therian, M|100/100
|-ability|p1a: Landorus|Intimidate|boost
|-unboost|p2a: Barraskewda|atk|1
|move|p2a: Barraskewda|Flip Turn|p1a: Landorus
|-supereffective|p1a: Landorus
|-damage|p1a: Landorus|35/100
|
|t:|1779889136
|switch|p2a: Keldeo|Keldeo|86/100|[from] Flip Turn
|
|upkeep
|turn|20
|
|t:|1779889144
|move|p1a: Landorus|Earthquake|p2a: Keldeo
|-damage|p2a: Keldeo|21/100
|move|p2a: Keldeo|Hydro Pump|p1a: Landorus
|-supereffective|p1a: Landorus
|-damage|p1a: Landorus|0 fnt
|faint|p1a: Landorus
|
|upkeep
|
|t:|1779889148
|switch|p1a: Ogerpon|Ogerpon-Wellspring, F|42/100
|turn|21
|
|t:|1779889153
|switch|p2a: Pecharunt|Pecharunt|65/100
|move|p1a: Ogerpon|Ivy Cudgel|p2a: Pecharunt|[anim] Ivy Cudgel Water
|-crit|p2a: Pecharunt
|-damage|p2a: Pecharunt|25/100
|
|upkeep
|turn|22
|
|t:|1779889158
|move|p1a: Ogerpon|Ivy Cudgel|p2a: Pecharunt|[anim] Ivy Cudgel Water
|-crit|p2a: Pecharunt
|-damage|p2a: Pecharunt|0 fnt
|faint|p2a: Pecharunt
|
|upkeep
|
|t:|1779889166
|switch|p2a: Barraskewda|Barraskewda, M, tera:Water|30/100
|turn|23
|
|t:|1779889186
|switch|p1a: Cinderace|Cinderace, M|100/100
|move|p2a: Barraskewda|Close Combat|p1a: Cinderace
|-damage|p1a: Cinderace|42/100
|-unboost|p2a: Barraskewda|def|1
|-unboost|p2a: Barraskewda|spd|1
|
|upkeep
|turn|24
|
|t:|1779889204
|switch|p2a: Pelipper|Pelipper, L99, F|29/100
|-weather|RainDance|[from] ability: Drizzle|[of] p2a: Pelipper
|move|p1a: Cinderace|Sucker Punch||[still]
|-fail|p1a: Cinderace
|
|-weather|RainDance|[upkeep]
|upkeep
|turn|25
|
|t:|1779889214
|move|p1a: Cinderace|U-turn|p2a: Pelipper
|-start|p1a: Cinderace|typechange|Bug|[from] ability: Libero
|-resisted|p2a: Pelipper
|-damage|p2a: Pelipper|12/100
|
|t:|1779889217
|switch|p1a: Ogerpon|Ogerpon-Wellspring, F|42/100|[from] U-turn
|move|p2a: Pelipper|U-turn|p1a: Ogerpon
|-supereffective|p1a: Ogerpon
|-damage|p1a: Ogerpon|20/100
|
|t:|1779889222
|switch|p2a: Barraskewda|Barraskewda, M, tera:Water|30/100|[from] U-turn
|
|-weather|RainDance|[upkeep]
|upkeep
|turn|26
|
|t:|1779889239
|move|p2a: Barraskewda|Close Combat|p1a: Ogerpon
|-damage|p1a: Ogerpon|0 fnt
|-unboost|p2a: Barraskewda|def|1
|-unboost|p2a: Barraskewda|spd|1
|faint|p1a: Ogerpon
|
|-weather|RainDance|[upkeep]
|upkeep
|
|t:|1779889246
|switch|p1a: Cinderace|Cinderace, M|42/100
|turn|27
|
|t:|1779889262
|switch|p2a: Pelipper|Pelipper, L99, F|12/100
|move|p1a: Cinderace|Sucker Punch||[still]
|-fail|p1a: Cinderace
|
|-weather|RainDance|[upkeep]
|upkeep
|turn|28
|
|t:|1779889274
|move|p1a: Cinderace|U-turn|p2a: Pelipper
|-start|p1a: Cinderace|typechange|Bug|[from] ability: Libero
|-resisted|p2a: Pelipper
|-damage|p2a: Pelipper|0 fnt
|faint|p2a: Pelipper
|
|t:|1779889280
|switch|p1a: Kingambit|Kingambit, F|100/100|[from] U-turn
|-activate|p1a: Kingambit|ability: Supreme Overlord
|-start|p1a: Kingambit|fallen3|[silent]
|-item|p1a: Kingambit|Air Balloon
|
|-weather|RainDance|[upkeep]
|upkeep
|
|t:|1779889288
|switch|p2a: Keldeo|Keldeo|21/100
|turn|29
|inactive|Praise The Salt has 120 seconds left.
|
|t:|1779889323
|-end|p1a: Kingambit|fallen3|[silent]
|switch|p1a: Cinderace|Cinderace, M|42/100
|move|p2a: Keldeo|Vacuum Wave|p1a: Cinderace
|-damage|p1a: Cinderace|0 fnt
|faint|p1a: Cinderace
|
|-weather|RainDance|[upkeep]
|upkeep
|
|t:|1779889332
|switch|p1a: Kingambit|Kingambit, F|100/100
|-activate|p1a: Kingambit|ability: Supreme Overlord
|-start|p1a: Kingambit|fallen4|[silent]
|-item|p1a: Kingambit|Air Balloon
|turn|30
|
|t:|1779889343
|-terastallize|p1a: Kingambit|Fighting
|move|p2a: Keldeo|Vacuum Wave|p1a: Kingambit
|-damage|p1a: Kingambit|68/100
|-enditem|p1a: Kingambit|Air Balloon
|move|p1a: Kingambit|Sucker Punch||[still]
|-fail|p1a: Kingambit
|
|-weather|RainDance|[upkeep]
|upkeep
|turn|31
|
|t:|1779889350
|move|p2a: Keldeo|Vacuum Wave|p1a: Kingambit
|-damage|p1a: Kingambit|30/100
|move|p1a: Kingambit|Iron Head|p2a: Keldeo
|-resisted|p2a: Keldeo
|-damage|p2a: Keldeo|0 fnt
|faint|p2a: Keldeo
|
|-weather|none
|upkeep
|
|t:|1779889352
|switch|p2a: Raging Bolt|Raging Bolt|37/100
|turn|32
|
|t:|1779889358
|-end|p1a: Kingambit|fallen4|[silent]
|switch|p1a: Raging Bolt|Raging Bolt|100/100
|-enditem|p1a: Raging Bolt|Booster Energy
|-activate|p1a: Raging Bolt|ability: Protosynthesis|[fromitem]
|-start|p1a: Raging Bolt|protosynthesisspa
|move|p2a: Raging Bolt|Thunderclap||[still]
|-fail|p2a: Raging Bolt
|
|upkeep
|turn|33
|
|t:|1779889361
|-end|p2a: Raging Bolt|Protosynthesis|[silent]
|switch|p2a: Barraskewda|Barraskewda, M, tera:Water|30/100
|move|p1a: Raging Bolt|Dragon Pulse|p2a: Barraskewda
|-damage|p2a: Barraskewda|0 fnt
|faint|p2a: Barraskewda
|
|upkeep
|
|t:|1779889363
|switch|p2a: Iron Treads|Iron Treads|77/100
|turn|34
|
|t:|1779889369
|move|p2a: Iron Treads|Earthquake|p1a: Raging Bolt
|-supereffective|p1a: Raging Bolt
|-crit|p1a: Raging Bolt
|-damage|p1a: Raging Bolt|0 fnt
|faint|p1a: Raging Bolt
|-end|p1a: Raging Bolt|Protosynthesis|[silent]
|
|-heal|p2a: Iron Treads|83/100|[from] item: Leftovers
|upkeep
|
|t:|1779889371
|switch|p1a: Kingambit|Kingambit, F, tera:Fighting|30/100
|-activate|p1a: Kingambit|ability: Supreme Overlord
|-start|p1a: Kingambit|fallen5|[silent]
|turn|35
|
|t:|1779889376
|move|p2a: Iron Treads|Earthquake|p1a: Kingambit
|-damage|p1a: Kingambit|0 fnt
|faint|p1a: Kingambit
|-end|p1a: Kingambit|fallen5|[silent]
|
|win|OUZQ Crocodile
|raw|Praise The Salt's rating: 1549 &rarr; <strong>1526</strong><br />(-23 for losing)
|raw|OUZQ Crocodile's rating: 1491 &rarr; <strong>1514</strong><br />(+23 for winning)
|l|☆Praise The Salt
|player|p1|
|l|☆OUZQ Crocodile
|player|p2|
