|j|☆Titanosaurus
|j|☆oMentuszin
|t:|1779821367
|gametype|singles
|player|p1|Titanosaurus|byron|1481
|player|p2|oMentuszin|pokemaniac|1465
|gen|9
|tier|[Gen 9] OU
|rated|
|rule|HP Percentage Mod: HP is shown in percentages
|rule|Endless Battle Clause: Forcing endless battles is banned
|rule|Species Clause: Limit one of each Pokémon
|rule|OHKO Clause: OHKO moves are banned
|rule|Evasion Items Clause: Evasion items are banned
|rule|Evasion Moves Clause: Evasion moves are banned
|rule|Evasion Abilities Clause: Evasion abilities are banned
|rule|Sleep Moves Clause: Sleep-inducing moves are banned
|clearpoke
|poke|p1|Politoed, F|
|poke|p1|Zapdos|
|poke|p1|Clodsire, M|
|poke|p1|Corviknight, F|
|poke|p1|Barraskewda, M|
|poke|p1|Kingambit, M|
|poke|p2|Araquanid, F|
|poke|p2|Raging Bolt|
|poke|p2|Iron Moth|
|poke|p2|Great Tusk|
|poke|p2|Gholdengo|
|poke|p2|Kingambit, M|
|teampreview
|inactive|Battle timer is ON: inactive players will automatically lose when time's up. (requested by oMentuszin)
|
|t:|1779821387
|teamsize|p1|6
|teamsize|p2|6
|start
|switch|p1a: Politoed|Politoed, F|100/100
|switch|p2a: Araquanid|Araquanid, F|100/100
|-weather|RainDance|[from] ability: Drizzle|[of] p1a: Politoed
|turn|1
|
|t:|1779821390
|switch|p1a: Zapdos|Zapdos|100/100
|move|p2a: Araquanid|Sticky Web|p1a: Zapdos
|-sidestart|p1: Titanosaurus|move: Sticky Web
|
|-weather|RainDance|[upkeep]
|upkeep
|turn|2
|
|t:|1779821396
|switch|p2a: Raging Bolt|Raging Bolt|100/100
|-enditem|p2a: Raging Bolt|Booster Energy
|-activate|p2a: Raging Bolt|ability: Protosynthesis|[fromitem]
|-start|p2a: Raging Bolt|protosynthesisspa
|move|p1a: Zapdos|Hurricane|p2a: Raging Bolt
|-resisted|p2a: Raging Bolt
|-damage|p2a: Raging Bolt|71/100
|
|-weather|RainDance|[upkeep]
|upkeep
|turn|3
|
|t:|1779821402
|switch|p1a: Clodsire|Clodsire, M|100/100
|-activate|p1a: Clodsire|move: Sticky Web
|-unboost|p1a: Clodsire|spe|1
|move|p2a: Raging Bolt|Calm Mind|p2a: Raging Bolt
|-boost|p2a: Raging Bolt|spa|1
|-boost|p2a: Raging Bolt|spd|1
|
|-weather|RainDance|[upkeep]
|upkeep
|turn|4
|
|t:|1779821413
|-end|p2a: Raging Bolt|Protosynthesis|[silent]
|switch|p2a: Gholdengo|Gholdengo|100/100
|-item|p2a: Gholdengo|Air Balloon
|move|p1a: Clodsire|Toxic|p2a: Gholdengo
|-immune|p2a: Gholdengo|[from] ability: Good as Gold
|
|-weather|RainDance|[upkeep]
|upkeep
|turn|5
|
|t:|1779821420
|switch|p1a: Zapdos|Zapdos|100/100
|move|p2a: Gholdengo|Psyshock|p1a: Zapdos
|-damage|p1a: Zapdos|69/100
|
|-weather|RainDance|[upkeep]
|upkeep
|turn|6
|
|t:|1779821428
|move|p1a: Zapdos|Hurricane|p2a: Gholdengo
|-resisted|p2a: Gholdengo
|-damage|p2a: Gholdengo|66/100
|-enditem|p2a: Gholdengo|Air Balloon
|move|p2a: Gholdengo|Shadow Ball|p1a: Zapdos
|-crit|p1a: Zapdos
|-damage|p1a: Zapdos|0 fnt
|faint|p1a: Zapdos
|
|-weather|RainDance|[upkeep]
|upkeep
|
|t:|1779821436
|switch|p1a: Barraskewda|Barraskewda, M|100/100
|-activate|p1a: Barraskewda|move: Sticky Web
|-unboost|p1a: Barraskewda|spe|1
|turn|7
|
|t:|1779821444
|switch|p2a: Raging Bolt|Raging Bolt|71/100
|move|p1a: Barraskewda|Flip Turn|p2a: Raging Bolt
|-resisted|p2a: Raging Bolt
|-damage|p2a: Raging Bolt|35/100
|
|t:|1779821448
|switch|p1a: Clodsire|Clodsire, M|100/100|[from] Flip Turn
|-activate|p1a: Clodsire|move: Sticky Web
|-unboost|p1a: Clodsire|spe|1
|
|-weather|RainDance|[upkeep]
|upkeep
|turn|8
|
|t:|1779821455
|move|p2a: Raging Bolt|Dragon Pulse|p1a: Clodsire
|-damage|p1a: Clodsire|71/100
|move|p1a: Clodsire|Earthquake|p2a: Raging Bolt
|-supereffective|p2a: Raging Bolt
|-damage|p2a: Raging Bolt|0 fnt
|faint|p2a: Raging Bolt
|-end|p2a: Raging Bolt|Protosynthesis|[silent]
|
|-weather|none
|-heal|p1a: Clodsire|78/100|[from] item: Leftovers
|upkeep
|
|t:|1779821467
|switch|p2a: Great Tusk|Great Tusk|100/100
|-enditem|p2a: Great Tusk|Booster Energy
|-activate|p2a: Great Tusk|ability: Protosynthesis|[fromitem]
|-start|p2a: Great Tusk|protosynthesisatk
|turn|9
|
|t:|1779821470
|switch|p1a: Corviknight|Corviknight, F|100/100
|move|p2a: Great Tusk|Headlong Rush|p1a: Corviknight
|-immune|p1a: Corviknight
|
|upkeep
|turn|10
|
|t:|1779821475
|-end|p2a: Great Tusk|Protosynthesis|[silent]
|switch|p2a: Gholdengo|Gholdengo|66/100
|move|p1a: Corviknight|Defog|p2a: Gholdengo
|-immune|p2a: Gholdengo|[from] ability: Good as Gold
|
|upkeep
|turn|11
|
|t:|1779821481
|switch|p1a: Kingambit|Kingambit, M|100/100
|-activate|p1a: Kingambit|move: Sticky Web
|-unboost|p1a: Kingambit|spe|1
|-activate|p1a: Kingambit|ability: Supreme Overlord
|-start|p1a: Kingambit|fallen1|[silent]
|move|p2a: Gholdengo|Nasty Plot|p2a: Gholdengo
|-boost|p2a: Gholdengo|spa|2
|
|upkeep
|turn|12
|
|t:|1779821488
|-terastallize|p2a: Gholdengo|Fairy
|move|p2a: Gholdengo|Dazzling Gleam|p1a: Kingambit
|-damage|p1a: Kingambit|20/100
|move|p1a: Kingambit|Kowtow Cleave|p2a: Gholdengo
|-resisted|p2a: Gholdengo
|-damage|p2a: Gholdengo|35/100
|
|-heal|p1a: Kingambit|26/100|[from] item: Leftovers
|upkeep
|turn|13
|
|t:|1779821495
|move|p1a: Kingambit|Sucker Punch|p2a: Gholdengo
|-resisted|p2a: Gholdengo
|-damage|p2a: Gholdengo|10/100
|move|p2a: Gholdengo|Dazzling Gleam|p1a: Kingambit
|-damage|p1a: Kingambit|0 fnt
|faint|p1a: Kingambit
|-end|p1a: Kingambit|fallen1|[silent]
|
|upkeep
|
|t:|1779821500
|switch|p1a: Politoed|Politoed, F|100/100
|-activate|p1a: Politoed|move: Sticky Web
|-unboost|p1a: Politoed|spe|1
|-weather|RainDance|[from] ability: Drizzle|[of] p1a: Politoed
|turn|14
|
|t:|1779821505
|move|p2a: Gholdengo|Dazzling Gleam|p1a: Politoed
|-damage|p1a: Politoed|50/100
|move|p1a: Politoed|Surf|p2a: Gholdengo
|-damage|p2a: Gholdengo|0 fnt
|faint|p2a: Gholdengo
|
|-weather|RainDance|[upkeep]
|upkeep
|
|t:|1779821513
|switch|p2a: Iron Moth|Iron Moth|100/100
|-enditem|p2a: Iron Moth|Booster Energy
|-activate|p2a: Iron Moth|ability: Quark Drive|[fromitem]
|-start|p2a: Iron Moth|quarkdrivespa
|turn|15
|
|t:|1779821517
|switch|p1a: Clodsire|Clodsire, M|78/100
|-activate|p1a: Clodsire|move: Sticky Web
|-unboost|p1a: Clodsire|spe|1
|move|p2a: Iron Moth|Sludge Wave|p1a: Clodsire
|-resisted|p1a: Clodsire
|-damage|p1a: Clodsire|69/100
|
|-weather|RainDance|[upkeep]
|-heal|p1a: Clodsire|75/100|[from] item: Leftovers
|upkeep
|turn|16
|
|t:|1779821532
|-end|p2a: Iron Moth|Quark Drive|[silent]
|switch|p2a: Kingambit|Kingambit, M|100/100
|-activate|p2a: Kingambit|ability: Supreme Overlord
|-start|p2a: Kingambit|fallen2|[silent]
|-item|p2a: Kingambit|Air Balloon
|move|p1a: Clodsire|Earthquake|p2a: Kingambit
|-immune|p2a: Kingambit
|
|-weather|RainDance|[upkeep]
|-heal|p1a: Clodsire|82/100|[from] item: Leftovers
|upkeep
|turn|17
|
|t:|1779821537
|switch|p1a: Corviknight|Corviknight, F|100/100
|move|p2a: Kingambit|Swords Dance|p2a: Kingambit
|-boost|p2a: Kingambit|atk|2
|
|-weather|RainDance|[upkeep]
|upkeep
|turn|18
|
|t:|1779821543
|move|p2a: Kingambit|Kowtow Cleave|p1a: Corviknight
|-damage|p1a: Corviknight|29/100
|-damage|p2a: Kingambit|84/100|[from] item: Rocky Helmet|[of] p1a: Corviknight
|move|p1a: Corviknight|Body Press|p2a: Kingambit
|-supereffective|p2a: Kingambit
|-damage|p2a: Kingambit|0 fnt
|-enditem|p2a: Kingambit|Air Balloon
|faint|p2a: Kingambit
|-end|p2a: Kingambit|fallen2|[silent]
|
|-weather|RainDance|[upkeep]
|upkeep
|
|t:|1779821569
|switch|p2a: Great Tusk|Great Tusk|100/100
|turn|19
|
|t:|1779821571
|move|p2a: Great Tusk|Head Smash|p1a: Corviknight|[miss]
|-miss|p2a: Great Tusk|p1a: Corviknight
|move|p1a: Corviknight|Defog|p2a: Great Tusk
|-unboost|p2a: Great Tusk|evasion|1
|-sideend|p1: Titanosaurus|Sticky Web|[from] move: Defog|[of] p1a: Corviknight
|
|-weather|RainDance|[upkeep]
|upkeep
|turn|20
|
|t:|1779821581
|move|p2a: Great Tusk|Head Smash|p1a: Corviknight|[miss]
|-miss|p2a: Great Tusk|p1a: Corviknight
|move|p1a: Corviknight|Body Press|p2a: Great Tusk
|-damage|p2a: Great Tusk|82/100
|
|-weather|RainDance|[upkeep]
|upkeep
|turn|21
|
|t:|1779821590
|move|p2a: Great Tusk|Head Smash|p1a: Corviknight
|-damage|p1a: Corviknight|0 fnt
|-damage|p2a: Great Tusk|66/100|[from] item: Rocky Helmet|[of] p1a: Corviknight
|faint|p1a: Corviknight
|-damage|p2a: Great Tusk|50/100|[from] Recoil
|
|-weather|none
|upkeep
|
|t:|1779821595
|switch|p1a: Barraskewda|Barraskewda, M|100/100
|turn|22
|
|t:|1779821604
|-end|p2a: Great Tusk|Protosynthesis|[silent]
|switch|p2a: Araquanid|Araquanid, F|100/100
|move|p1a: Barraskewda|Flip Turn|p2a: Araquanid
|-resisted|p2a: Araquanid
|-damage|p2a: Araquanid|79/100
|
|t:|1779821608
|switch|p1a: Clodsire|Clodsire, M|82/100|[from] Flip Turn
|
|-heal|p1a: Clodsire|88/100|[from] item: Leftovers
|upkeep
|turn|23
|
|t:|1779821613
|move|p2a: Araquanid|Liquidation|p1a: Clodsire
|-heal|p1a: Clodsire|100/100|[from] ability: Water Absorb|[of] p2a: Araquanid
|move|p1a: Clodsire|Toxic|p2a: Araquanid
|-status|p2a: Araquanid|tox
|
|-damage|p2a: Araquanid|72/100 tox|[from] psn
|upkeep
|turn|24
|
|t:|1779821620
|move|p2a: Araquanid|Sticky Web|p1a: Clodsire
|-sidestart|p1: Titanosaurus|move: Sticky Web
|move|p1a: Clodsire|Rain Dance|p1a: Clodsire
|-weather|RainDance
|
|-weather|RainDance|[upkeep]
|-damage|p2a: Araquanid|60/100 tox|[from] psn
|upkeep
|turn|25
|
|t:|1779821626
|move|p2a: Araquanid|Lunge|p1a: Clodsire
|-resisted|p1a: Clodsire
|-damage|p1a: Clodsire|90/100
|-unboost|p1a: Clodsire|atk|1
|move|p1a: Clodsire|Earthquake|p2a: Araquanid
|-resisted|p2a: Araquanid
|-damage|p2a: Araquanid|52/100 tox
|
|-weather|RainDance|[upkeep]
|-heal|p1a: Clodsire|96/100|[from] item: Leftovers
|-damage|p2a: Araquanid|34/100 tox|[from] psn
|upkeep
|turn|26
|
|t:|1779821635
|move|p2a: Araquanid|Lunge|p1a: Clodsire
|-resisted|p1a: Clodsire
|-damage|p1a: Clodsire|85/100
|-unboost|p1a: Clodsire|atk|1
|move|p1a: Clodsire|Earthquake|p2a: Araquanid
|-resisted|p2a: Araquanid
|-damage|p2a: Araquanid|27/100 tox
|
|-weather|RainDance|[upkeep]
|-heal|p1a: Clodsire|91/100|[from] item: Leftovers
|-damage|p2a: Araquanid|3/100 tox|[from] psn
|upkeep
|turn|27
|-enditem|p2a: Araquanid|Custap Berry|[eat]
|-activate|p2a: Araquanid|item: Custap Berry|[consumed]
|
|t:|1779821641
|move|p2a: Araquanid|Lunge|p1a: Clodsire
|-resisted|p1a: Clodsire
|-damage|p1a: Clodsire|81/100
|-unboost|p1a: Clodsire|atk|1
|move|p1a: Clodsire|Earthquake|p2a: Araquanid
|-resisted|p2a: Araquanid
|-damage|p2a: Araquanid|0 fnt
|faint|p2a: Araquanid
|
|-weather|RainDance|[upkeep]
|-heal|p1a: Clodsire|87/100|[from] item: Leftovers
|upkeep
|
|t:|1779821655
|switch|p2a: Great Tusk|Great Tusk|50/100
|turn|28
|j| cry2trickroom
|inactive|oMentuszin has 120 seconds left.
|
|t:|1779821686
|move|p2a: Great Tusk|Rapid Spin|p1a: Clodsire
|-damage|p1a: Clodsire|67/100
|-boost|p2a: Great Tusk|spe|1
|move|p1a: Clodsire|Toxic|p2a: Great Tusk
|-status|p2a: Great Tusk|tox
|
|-weather|none
|-heal|p1a: Clodsire|74/100|[from] item: Leftovers
|-damage|p2a: Great Tusk|44/100 tox|[from] psn
|upkeep
|turn|29
|
|t:|1779821701
|move|p2a: Great Tusk|Rapid Spin|p1a: Clodsire
|-damage|p1a: Clodsire|54/100
|-boost|p2a: Great Tusk|spe|1
|move|p1a: Clodsire|Earthquake|p2a: Great Tusk
|-damage|p2a: Great Tusk|37/100 tox
|
|-heal|p1a: Clodsire|60/100|[from] item: Leftovers
|-damage|p2a: Great Tusk|24/100 tox|[from] psn
|upkeep
|turn|30
|
|t:|1779821709
|switch|p1a: Politoed|Politoed, F|50/100
|-activate|p1a: Politoed|move: Sticky Web
|-unboost|p1a: Politoed|spe|1
|-weather|RainDance|[from] ability: Drizzle|[of] p1a: Politoed
|move|p2a: Great Tusk|Headlong Rush|p1a: Politoed
|-damage|p1a: Politoed|0 fnt
|-unboost|p2a: Great Tusk|def|1
|-unboost|p2a: Great Tusk|spd|1
|faint|p1a: Politoed
|
|-weather|RainDance|[upkeep]
|-damage|p2a: Great Tusk|6/100 tox|[from] psn
|upkeep
|
|t:|1779821721
|switch|p1a: Clodsire|Clodsire, M|60/100
|-activate|p1a: Clodsire|move: Sticky Web
|-unboost|p1a: Clodsire|spe|1
|turn|31
|
|t:|1779821725
|move|p2a: Great Tusk|Headlong Rush|p1a: Clodsire
|-supereffective|p1a: Clodsire
|-damage|p1a: Clodsire|0 fnt
|-unboost|p2a: Great Tusk|def|1
|-unboost|p2a: Great Tusk|spd|1
|faint|p1a: Clodsire
|
|-weather|RainDance|[upkeep]
|-damage|p2a: Great Tusk|0 fnt|[from] psn
|faint|p2a: Great Tusk
|-end|p2a: Great Tusk|Protosynthesis|[silent]
|upkeep
|
|t:|1779821730
|switch|p2a: Iron Moth|Iron Moth|100/100
|switch|p1a: Barraskewda|Barraskewda, M|100/100
|-activate|p1a: Barraskewda|move: Sticky Web
|-unboost|p1a: Barraskewda|spe|1
|turn|32
|
|t:|1779821736
|-terastallize|p1a: Barraskewda|Water
|move|p1a: Barraskewda|Liquidation|p2a: Iron Moth
|-supereffective|p2a: Iron Moth
|-damage|p2a: Iron Moth|0 fnt
|faint|p2a: Iron Moth
|-end|p2a: Iron Moth|Quark Drive|[silent]
|
|win|Titanosaurus
|raw|Titanosaurus's rating: 1481 &rarr; <strong>1500</strong><br />(+19 for winning)
|raw|oMentuszin's rating: 1465 &rarr; <strong>1446</strong><br />(-19 for losing)
|l|☆oMentuszin
|player|p2|
|l|☆Titanosaurus
|player|p1|
