|j|☆randomefre
|j|☆Ehyehog
|t:|1779844501
|gametype|singles
|player|p1|randomefre|dawn|1094
|player|p2|Ehyehog|unknown|1051
|gen|9
|tier|[Gen 9] OU
|rated|
|rule|HP Percentage Mod: HP is shown in percentages
|rule|Endless Battle Clause: Forcing endless battles is banned
|rule|Species Clause: Limit one of each Pokémon
|rule|OHKO Clause: OHKO moves are banned
|rule|Evasion Items Clause: Evasion items are banned
|rule|Evasion Moves Clause: Evasion moves are banned
|rule|Evasion Abilities Clause: Evasion abilities are banned
|rule|Sleep Moves Clause: Sleep-inducing moves are banned
|clearpoke
|poke|p1|Polteageist-Antique|
|poke|p1|Heatran, M|
|poke|p1|Sinistcha-Masterpiece|
|poke|p1|Skeledirge, F|
|poke|p1|Meowscarada, M|
|poke|p1|Cinderace, M|
|poke|p2|Goodra, M|
|poke|p2|Glimmora, M|
|poke|p2|Garganacl, M|
|poke|p2|Rotom-Wash|
|poke|p2|Gholdengo|
|poke|p2|Gliscor, M|
|teampreview
|inactive|Battle timer is ON: inactive players will automatically lose when time's up. (requested by Ehyehog)
|inactive|randomefre also wants the timer to be on.
|l|☆Ehyehog
|inactive|Ehyehog disconnected and has a minute to reconnect!
|player|p2|
|j|☆Ehyehog
|inactive|Ehyehog reconnected and has 120 seconds left.
|player|p2|Ehyehog|unknown|
|
|t:|1779844534
|teamsize|p1|6
|teamsize|p2|6
|start
|switch|p1a: Meowscarada|Meowscarada, M|100/100
|switch|p2a: Young jimmy|Rotom-Wash, shiny|100/100
|turn|1
|
|t:|1779844546
|-terastallize|p2a: Young jimmy|Grass
|move|p2a: Young jimmy|Trick|p1a: Meowscarada
|-activate|p2a: Young jimmy|move: Trick|[of] p1a: Meowscarada
|-item|p1a: Meowscarada|Choice Scarf|[from] move: Trick
|-item|p2a: Young jimmy|Choice Band|[from] move: Trick
|move|p1a: Meowscarada|Flower Trick|p2a: Young jimmy
|-start|p1a: Meowscarada|typechange|Grass|[from] ability: Protean
|-resisted|p2a: Young jimmy
|-crit|p2a: Young jimmy
|-damage|p2a: Young jimmy|75/100
|
|upkeep
|turn|2
|
|t:|1779844560
|switch|p1a: Cinderace|Cinderace, M|100/100
|move|p2a: Young jimmy|Thunder Wave|p1a: Cinderace
|-status|p1a: Cinderace|par
|
|upkeep
|turn|3
|
|t:|1779844569
|switch|p2a: Tuff Gong|Gholdengo, shiny|100/100
|move|p1a: Cinderace|Pyro Ball|p2a: Tuff Gong
|-supereffective|p2a: Tuff Gong
|-damage|p2a: Tuff Gong|0 fnt
|faint|p2a: Tuff Gong
|
|upkeep
|
|t:|1779844576
|switch|p2a: Alucard|Gliscor, M, shiny|100/100
|turn|4
|
|t:|1779844587
|move|p2a: Alucard|Stealth Rock|p1a: Cinderace
|-sidestart|p1: randomefre|move: Stealth Rock
|move|p1a: Cinderace|Pyro Ball|p2a: Alucard
|-damage|p2a: Alucard|53/100
|-status|p2a: Alucard|brn
|
|-damage|p2a: Alucard|47/100 brn|[from] brn
|upkeep
|turn|5
|
|t:|1779844596
|move|p2a: Alucard|Protect|p2a: Alucard
|-singleturn|p2a: Alucard|Protect
|move|p1a: Cinderace|Court Change|p1a: Cinderace
|-start|p1a: Cinderace|typechange|Normal|[from] ability: Libero
|-swapsideconditions
|-activate|p1a: Cinderace|move: Court Change
|
|-damage|p2a: Alucard|40/100 brn|[from] brn
|upkeep
|turn|6
|
|t:|1779844605
|move|p2a: Alucard|Substitute|p2a: Alucard
|-start|p2a: Alucard|Substitute
|-damage|p2a: Alucard|15/100 brn
|cant|p1a: Cinderace|par
|
|-damage|p2a: Alucard|9/100 brn|[from] brn
|upkeep
|turn|7
|
|t:|1779844613
|move|p2a: Alucard|Protect|p2a: Alucard
|-singleturn|p2a: Alucard|Protect
|move|p1a: Cinderace|Pyro Ball|p2a: Alucard
|-activate|p2a: Alucard|move: Protect
|
|-damage|p2a: Alucard|3/100 brn|[from] brn
|upkeep
|turn|8
|
|t:|1779844625
|move|p2a: Alucard|Stealth Rock|p1a: Cinderace
|-sidestart|p1: randomefre|move: Stealth Rock
|move|p1a: Cinderace|U-turn|p2a: Alucard
|-resisted|p2a: Alucard
|-activate|p2a: Alucard|move: Substitute|[damage]
|
|t:|1779844634
|switch|p1a: Polteageist|Polteageist-Antique|100/100|[from] U-turn
|-damage|p1a: Polteageist|88/100|[from] Stealth Rock
|
|-damage|p2a: Alucard|0 fnt|[from] brn
|faint|p2a: Alucard
|upkeep
|
|t:|1779844637
|switch|p2a: NBA youngball|Glimmora, M, shiny|100/100
|-damage|p2a: NBA youngball|88/100|[from] Stealth Rock
|turn|9
|
|t:|1779844647
|move|p1a: Polteageist|Shell Smash|p1a: Polteageist
|-unboost|p1a: Polteageist|def|1
|-unboost|p1a: Polteageist|spd|1
|-boost|p1a: Polteageist|atk|2
|-boost|p1a: Polteageist|spa|2
|-boost|p1a: Polteageist|spe|2
|-enditem|p1a: Polteageist|White Herb
|-clearnegativeboost|p1a: Polteageist|[silent]
|move|p2a: NBA youngball|Toxic|p1a: Polteageist
|-status|p1a: Polteageist|tox
|
|-heal|p2a: NBA youngball|94/100|[from] item: Leftovers
|-damage|p1a: Polteageist|82/100 tox|[from] psn
|upkeep
|turn|10
|
|t:|1779844662
|move|p1a: Polteageist|Stored Power|p2a: NBA youngball
|-supereffective|p2a: NBA youngball
|-damage|p2a: NBA youngball|0 fnt
|faint|p2a: NBA youngball
|
|-damage|p1a: Polteageist|70/100 tox|[from] psn
|upkeep
|
|t:|1779844666
|switch|p2a: Squidward house|Garganacl, M, shiny|100/100
|-damage|p2a: Squidward house|88/100|[from] Stealth Rock
|turn|11
|
|t:|1779844672
|move|p1a: Polteageist|Stored Power|p2a: Squidward house
|-damage|p2a: Squidward house|0 fnt
|faint|p2a: Squidward house
|
|-damage|p1a: Polteageist|51/100 tox|[from] psn
|upkeep
|
|t:|1779844674
|switch|p2a: Guwop|Goodra, M, shiny|100/100
|-damage|p2a: Guwop|88/100|[from] Stealth Rock
|turn|12
|
|t:|1779844682
|move|p1a: Polteageist|Stored Power|p2a: Guwop
|-damage|p2a: Guwop|25/100
|move|p2a: Guwop|Rain Dance|p2a: Guwop
|-weather|RainDance
|
|-weather|RainDance|[upkeep]
|-damage|p1a: Polteageist|27/100 tox|[from] psn
|upkeep
|turn|13
|
|t:|1779844690
|move|p1a: Polteageist|Stored Power|p2a: Guwop
|-damage|p2a: Guwop|0 fnt
|faint|p2a: Guwop
|
|-weather|RainDance|[upkeep]
|-damage|p1a: Polteageist|0 fnt|[from] psn
|faint|p1a: Polteageist
|upkeep
|l|☆Ehyehog
|inactive|Ehyehog disconnected and has a minute to reconnect!
|player|p2|
|
|t:|1779844702
|switch|p1a: Skeledirge|Skeledirge, F|100/100
|switch|p2a: Young jimmy|Rotom-Wash, shiny, tera:Grass|75/100
|-damage|p2a: Young jimmy|62/100|[from] Stealth Rock
|-damage|p1a: Skeledirge|75/100|[from] Stealth Rock
|turn|14
|inactive|Ehyehog has 30 seconds to reconnect!
|inactive|Ehyehog has 20 seconds to reconnect!
|inactive|Ehyehog has 15 seconds to reconnect!
|inactive|Ehyehog has 10 seconds to reconnect!
|inactive|Ehyehog has 5 seconds to reconnect!
|-message|Ehyehog lost due to inactivity.
|
|win|randomefre
|raw|randomefre's rating: 1094 &rarr; <strong>1117</strong><br />(+23 for winning)
|raw|Ehyehog's rating: 1051 &rarr; <strong>1036</strong><br />(-15 for losing)
