|j|☆Pog Dawg
|j|☆Davdozz_
|t:|1779806996
|gametype|singles
|player|p1|Pog Dawg|169|1155
|player|p2|Davdozz_|veteran|1151
|gen|9
|tier|[Gen 9] OU
|rated|
|rule|HP Percentage Mod: HP is shown in percentages
|rule|Endless Battle Clause: Forcing endless battles is banned
|rule|Species Clause: Limit one of each Pokémon
|rule|OHKO Clause: OHKO moves are banned
|rule|Evasion Items Clause: Evasion items are banned
|rule|Evasion Moves Clause: Evasion moves are banned
|rule|Evasion Abilities Clause: Evasion abilities are banned
|rule|Sleep Moves Clause: Sleep-inducing moves are banned
|clearpoke
|poke|p1|Gliscor, F|
|poke|p1|Blastoise, F|
|poke|p1|Arcanine-Hisui, M|
|poke|p1|Hatterene, F|
|poke|p1|Sceptile, F|
|poke|p1|Rotom-Wash|
|poke|p2|Cinderace, M|
|poke|p2|Darkrai|
|poke|p2|Great Tusk|
|poke|p2|Kingambit, M|
|poke|p2|Raging Bolt|
|poke|p2|Thundurus-Therian, M|
|teampreview
|
|t:|1779807005
|teamsize|p1|6
|teamsize|p2|6
|start
|switch|p1a: Sceptile|Sceptile, F|100/100
|switch|p2a: Cinderace|Cinderace, M, shiny|100/100
|turn|1
|
|t:|1779807016
|move|p2a: Cinderace|Bulk Up|p2a: Cinderace
|-start|p2a: Cinderace|typechange|Fighting|[from] ability: Libero
|-boost|p2a: Cinderace|atk|1
|-boost|p2a: Cinderace|def|1
|move|p1a: Sceptile|Swords Dance|p1a: Sceptile
|-boost|p1a: Sceptile|atk|2
|
|upkeep
|turn|2
|
|t:|1779807031
|move|p2a: Cinderace|Gunk Shot|p1a: Sceptile|[miss]
|-miss|p2a: Cinderace|p1a: Sceptile
|move|p1a: Sceptile|Acrobatics|p2a: Cinderace
|-supereffective|p2a: Cinderace
|-damage|p2a: Cinderace|42/100
|
|upkeep
|turn|3
|
|t:|1779807040
|move|p2a: Cinderace|Gunk Shot|p1a: Sceptile
|-supereffective|p1a: Sceptile
|-enditem|p1a: Sceptile|Focus Sash
|-damage|p1a: Sceptile|1/100
|move|p1a: Sceptile|Swords Dance|p1a: Sceptile
|-boost|p1a: Sceptile|atk|2
|
|upkeep
|turn|4
|
|t:|1779807050
|move|p1a: Sceptile|Acrobatics|p2a: Cinderace
|-supereffective|p2a: Cinderace
|-damage|p2a: Cinderace|0 fnt
|faint|p2a: Cinderace
|
|upkeep
|
|t:|1779807055
|switch|p2a: Raging Bolt|Raging Bolt|100/100
|-enditem|p2a: Raging Bolt|Booster Energy
|-activate|p2a: Raging Bolt|ability: Protosynthesis|[fromitem]
|-start|p2a: Raging Bolt|protosynthesisspa
|turn|5
|
|t:|1779807065
|move|p2a: Raging Bolt|Thunderclap|p1a: Sceptile
|-resisted|p1a: Sceptile
|-damage|p1a: Sceptile|0 fnt
|faint|p1a: Sceptile
|
|upkeep
|
|t:|1779807074
|switch|p1a: Gliscor|Gliscor, F|100/100
|turn|6
|
|t:|1779807080
|-terastallize|p2a: Raging Bolt|Fairy
|move|p1a: Gliscor|Toxic|p2a: Raging Bolt
|-status|p2a: Raging Bolt|tox
|move|p2a: Raging Bolt|Calm Mind|p2a: Raging Bolt
|-boost|p2a: Raging Bolt|spa|1
|-boost|p2a: Raging Bolt|spd|1
|
|-damage|p2a: Raging Bolt|94/100 tox|[from] psn
|-status|p1a: Gliscor|tox|[from] item: Toxic Orb
|upkeep
|turn|7
|
|t:|1779807091
|move|p1a: Gliscor|Substitute|p1a: Gliscor
|-start|p1a: Gliscor|Substitute
|-damage|p1a: Gliscor|76/100 tox
|move|p2a: Raging Bolt|Draco Meteor|p1a: Gliscor
|-end|p1a: Gliscor|Substitute
|-unboost|p2a: Raging Bolt|spa|2
|
|-heal|p1a: Gliscor|88/100 tox|[from] ability: Poison Heal
|-damage|p2a: Raging Bolt|82/100 tox|[from] psn
|upkeep
|turn|8
|
|t:|1779807105
|move|p1a: Gliscor|Sand Tomb|p2a: Raging Bolt
|-damage|p2a: Raging Bolt|73/100 tox
|-activate|p2a: Raging Bolt|move: Sand Tomb|[of] p1a: Gliscor
|move|p2a: Raging Bolt|Draco Meteor|p1a: Gliscor
|-damage|p1a: Gliscor|7/100 tox
|-unboost|p2a: Raging Bolt|spa|2
|
|-heal|p1a: Gliscor|19/100 tox|[from] ability: Poison Heal
|-damage|p2a: Raging Bolt|54/100 tox|[from] psn
|-damage|p2a: Raging Bolt|42/100 tox|[from] move: Sand Tomb|[partiallytrapped]
|upkeep
|turn|9
|
|t:|1779807118
|move|p1a: Gliscor|Protect|p1a: Gliscor
|-singleturn|p1a: Gliscor|Protect
|move|p2a: Raging Bolt|Draco Meteor|p1a: Gliscor
|-activate|p1a: Gliscor|move: Protect
|
|-heal|p1a: Gliscor|32/100 tox|[from] ability: Poison Heal
|-damage|p2a: Raging Bolt|17/100 tox|[from] psn
|-damage|p2a: Raging Bolt|5/100 tox|[from] move: Sand Tomb|[partiallytrapped]
|upkeep
|turn|10
|
|t:|1779807129
|move|p1a: Gliscor|Substitute|p1a: Gliscor
|-start|p1a: Gliscor|Substitute
|-damage|p1a: Gliscor|7/100 tox
|move|p2a: Raging Bolt|Draco Meteor|p1a: Gliscor
|-end|p1a: Gliscor|Substitute
|-unboost|p2a: Raging Bolt|spa|2
|
|-heal|p1a: Gliscor|19/100 tox|[from] ability: Poison Heal
|-damage|p2a: Raging Bolt|0 fnt|[from] psn
|faint|p2a: Raging Bolt
|-end|p2a: Raging Bolt|Protosynthesis|[silent]
|upkeep
|
|t:|1779807142
|switch|p2a: Thundurus|Thundurus-Therian, M, shiny|100/100
|turn|11
|
|t:|1779807147
|move|p1a: Gliscor|Protect|p1a: Gliscor
|-singleturn|p1a: Gliscor|Protect
|move|p2a: Thundurus|Dark Pulse|p1a: Gliscor
|-activate|p1a: Gliscor|move: Protect
|
|-heal|p1a: Gliscor|32/100 tox|[from] ability: Poison Heal
|upkeep
|turn|12
|
|t:|1779807164
|switch|p1a: Blastoise|Blastoise, F|100/100
|move|p2a: Thundurus|Dark Pulse|p1a: Blastoise
|-damage|p1a: Blastoise|67/100
|
|upkeep
|turn|13
|
|t:|1779807173
|move|p1a: Blastoise|Ice Beam|p2a: Thundurus
|-supereffective|p2a: Thundurus
|-damage|p2a: Thundurus|27/100
|move|p2a: Thundurus|Nasty Plot|p2a: Thundurus
|-boost|p2a: Thundurus|spa|2
|
|upkeep
|turn|14
|
|t:|1779807181
|move|p1a: Blastoise|Ice Beam|p2a: Thundurus
|-supereffective|p2a: Thundurus
|-damage|p2a: Thundurus|0 fnt
|faint|p2a: Thundurus
|
|upkeep
|
|t:|1779807186
|switch|p2a: Darkrai|Darkrai, shiny|100/100
|turn|15
|
|t:|1779807191
|move|p1a: Blastoise|Ice Beam|p2a: Darkrai
|-damage|p2a: Darkrai|66/100
|move|p2a: Darkrai|Focus Blast|p1a: Blastoise
|-damage|p1a: Blastoise|0 fnt
|faint|p1a: Blastoise
|-damage|p2a: Darkrai|56/100|[from] item: Life Orb
|
|upkeep
|
|t:|1779807206
|switch|p1a: Gliscor|Gliscor, F|32/100 tox
|turn|16
|
|t:|1779807213
|move|p1a: Gliscor|Protect|p1a: Gliscor
|-singleturn|p1a: Gliscor|Protect
|move|p2a: Darkrai|Ice Beam|p1a: Gliscor
|-activate|p1a: Gliscor|move: Protect
|
|-heal|p1a: Gliscor|44/100 tox|[from] ability: Poison Heal
|upkeep
|turn|17
|
|t:|1779807223
|switch|p1a: Rotom|Rotom-Wash|100/100
|move|p2a: Darkrai|Ice Beam|p1a: Rotom
|-resisted|p1a: Rotom
|-damage|p1a: Rotom|71/100
|-damage|p2a: Darkrai|46/100|[from] item: Life Orb
|
|upkeep
|turn|18
|
|t:|1779807235
|move|p2a: Darkrai|Focus Blast|p1a: Rotom
|-damage|p1a: Rotom|2/100
|-damage|p2a: Darkrai|36/100|[from] item: Life Orb
|move|p1a: Rotom|Discharge|p2a: Darkrai
|-damage|p2a: Darkrai|0 fnt
|faint|p2a: Darkrai
|
|upkeep
|
|t:|1779807244
|switch|p2a: Great Tusk|Great Tusk, shiny|100/100
|-enditem|p2a: Great Tusk|Booster Energy
|-activate|p2a: Great Tusk|ability: Protosynthesis|[fromitem]
|-start|p2a: Great Tusk|protosynthesisdef
|turn|19
|
|t:|1779807255
|switch|p1a: Gliscor|Gliscor, F|44/100 tox
|move|p2a: Great Tusk|Rapid Spin|p1a: Gliscor
|-damage|p1a: Gliscor|34/100 tox
|-boost|p2a: Great Tusk|spe|1
|
|-heal|p1a: Gliscor|47/100 tox|[from] ability: Poison Heal
|upkeep
|turn|20
|
|t:|1779807271
|move|p2a: Great Tusk|Stealth Rock|p1a: Gliscor
|-sidestart|p1: Pog Dawg|move: Stealth Rock
|move|p1a: Gliscor|Toxic|p2a: Great Tusk
|-status|p2a: Great Tusk|tox
|
|-damage|p2a: Great Tusk|94/100 tox|[from] psn
|-heal|p1a: Gliscor|59/100 tox|[from] ability: Poison Heal
|upkeep
|turn|21
|
|t:|1779807282
|move|p2a: Great Tusk|Rapid Spin|p1a: Gliscor
|-damage|p1a: Gliscor|50/100 tox
|-boost|p2a: Great Tusk|spe|1
|move|p1a: Gliscor|Substitute|p1a: Gliscor
|-start|p1a: Gliscor|Substitute
|-damage|p1a: Gliscor|25/100 tox
|
|-damage|p2a: Great Tusk|82/100 tox|[from] psn
|-heal|p1a: Gliscor|38/100 tox|[from] ability: Poison Heal
|upkeep
|turn|22
|
|t:|1779807294
|move|p2a: Great Tusk|Rapid Spin|p1a: Gliscor
|-activate|p1a: Gliscor|move: Substitute|[damage]
|-boost|p2a: Great Tusk|spe|1
|move|p1a: Gliscor|Sand Tomb|p2a: Great Tusk
|-damage|p2a: Great Tusk|75/100 tox
|-activate|p2a: Great Tusk|move: Sand Tomb|[of] p1a: Gliscor
|
|-damage|p2a: Great Tusk|57/100 tox|[from] psn
|-heal|p1a: Gliscor|50/100 tox|[from] ability: Poison Heal
|-damage|p2a: Great Tusk|44/100 tox|[from] move: Sand Tomb|[partiallytrapped]
|upkeep
|turn|23
|
|t:|1779807306
|move|p1a: Gliscor|Protect|p1a: Gliscor
|-singleturn|p1a: Gliscor|Protect
|move|p2a: Great Tusk|Rapid Spin|p1a: Gliscor
|-activate|p1a: Gliscor|move: Protect
|
|-damage|p2a: Great Tusk|19/100 tox|[from] psn
|-heal|p1a: Gliscor|62/100 tox|[from] ability: Poison Heal
|-damage|p2a: Great Tusk|7/100 tox|[from] move: Sand Tomb|[partiallytrapped]
|upkeep
|turn|24
|
|t:|1779807318
|move|p2a: Great Tusk|Rapid Spin|p1a: Gliscor
|-activate|p1a: Gliscor|move: Substitute|[damage]
|-end|p2a: Great Tusk|Sand Tomb|[partiallytrapped]
|-boost|p2a: Great Tusk|spe|1
|move|p1a: Gliscor|Toxic|p2a: Great Tusk
|-fail|p2a: Great Tusk|tox
|
|-damage|p2a: Great Tusk|0 fnt|[from] psn
|faint|p2a: Great Tusk
|-end|p2a: Great Tusk|Protosynthesis|[silent]
|-heal|p1a: Gliscor|75/100 tox|[from] ability: Poison Heal
|upkeep
|
|t:|1779807328
|switch|p2a: Kingambit|Kingambit, M, shiny|100/100
|-activate|p2a: Kingambit|ability: Supreme Overlord
|-start|p2a: Kingambit|fallen5|[silent]
|turn|25
|
|t:|1779807333
|move|p1a: Gliscor|Sand Tomb|p2a: Kingambit
|-supereffective|p2a: Kingambit
|-damage|p2a: Kingambit|83/100
|-activate|p2a: Kingambit|move: Sand Tomb|[of] p1a: Gliscor
|move|p2a: Kingambit|Swords Dance|p2a: Kingambit
|-boost|p2a: Kingambit|atk|2
|
|-heal|p1a: Gliscor|87/100 tox|[from] ability: Poison Heal
|-damage|p2a: Kingambit|70/100|[from] move: Sand Tomb|[partiallytrapped]
|upkeep
|turn|26
|
|t:|1779807345
|move|p1a: Gliscor|Protect|p1a: Gliscor
|-singleturn|p1a: Gliscor|Protect
|move|p2a: Kingambit|Iron Head|p1a: Gliscor
|-activate|p1a: Gliscor|move: Protect
|
|-heal|p1a: Gliscor|99/100 tox|[from] ability: Poison Heal
|-damage|p2a: Kingambit|58/100|[from] move: Sand Tomb|[partiallytrapped]
|upkeep
|turn|27
|
|t:|1779807357
|move|p1a: Gliscor|Substitute|p1a: Gliscor
|-fail|p1a: Gliscor|move: Substitute
|move|p2a: Kingambit|Iron Head|p1a: Gliscor
|-end|p1a: Gliscor|Substitute
|
|-heal|p1a: Gliscor|100/100 tox|[from] ability: Poison Heal
|-damage|p2a: Kingambit|45/100|[from] move: Sand Tomb|[partiallytrapped]
|upkeep
|turn|28
|
|t:|1779807366
|move|p1a: Gliscor|Protect|p1a: Gliscor
|-singleturn|p1a: Gliscor|Protect
|move|p2a: Kingambit|Kowtow Cleave|p1a: Gliscor
|-activate|p1a: Gliscor|move: Protect
|
|-damage|p2a: Kingambit|33/100|[from] move: Sand Tomb|[partiallytrapped]
|upkeep
|turn|29
|
|t:|1779807375
|move|p1a: Gliscor|Substitute|p1a: Gliscor
|-start|p1a: Gliscor|Substitute
|-damage|p1a: Gliscor|76/100 tox
|move|p2a: Kingambit|Kowtow Cleave|p1a: Gliscor
|-end|p1a: Gliscor|Substitute
|
|-heal|p1a: Gliscor|88/100 tox|[from] ability: Poison Heal
|-damage|p2a: Kingambit|20/100|[from] move: Sand Tomb|[partiallytrapped]
|upkeep
|turn|30
|
|t:|1779807385
|move|p1a: Gliscor|Protect|p1a: Gliscor
|-singleturn|p1a: Gliscor|Protect
|move|p2a: Kingambit|Kowtow Cleave|p1a: Gliscor
|-activate|p1a: Gliscor|move: Protect
|
|-heal|p1a: Gliscor|100/100 tox|[from] ability: Poison Heal
|-end|p2a: Kingambit|Sand Tomb|[partiallytrapped]
|upkeep
|turn|31
|-message|Davdozz_ forfeited.
|
|win|Pog Dawg
|raw|Pog Dawg's rating: 1155 &rarr; <strong>1180</strong><br />(+25 for winning)
|raw|Davdozz_'s rating: 1151 &rarr; <strong>1126</strong><br />(-25 for losing)
|l|☆Davdozz_
|player|p2|
|l|☆Pog Dawg
|player|p1|
