|j|☆KungFuCutman1
|j|☆sunshinepromise
|t:|1779923651
|gametype|singles
|player|p1|KungFuCutman1|ethan|1481
|player|p2|sunshinepromise|2|1500
|gen|9
|tier|[Gen 9] OU
|rated|
|rule|HP Percentage Mod: HP is shown in percentages
|rule|Endless Battle Clause: Forcing endless battles is banned
|rule|Species Clause: Limit one of each Pokémon
|rule|OHKO Clause: OHKO moves are banned
|rule|Evasion Items Clause: Evasion items are banned
|rule|Evasion Moves Clause: Evasion moves are banned
|rule|Evasion Abilities Clause: Evasion abilities are banned
|rule|Sleep Moves Clause: Sleep-inducing moves are banned
|clearpoke
|poke|p1|Sinistcha|
|poke|p1|Gliscor, M|
|poke|p1|Iron Treads|
|poke|p1|Ogerpon-Wellspring, F|
|poke|p1|Tornadus-Therian, M|
|poke|p1|Kingambit, F|
|poke|p2|Pincurchin, F|
|poke|p2|Iron Hands|
|poke|p2|Rotom-Wash|
|poke|p2|Gholdengo|
|poke|p2|Hatterene, F|
|poke|p2|Iron Valiant|
|teampreview
|inactive|Battle timer is ON: inactive players will automatically lose when time's up. (requested by KungFuCutman1)
|
|t:|1779923657
|teamsize|p1|6
|teamsize|p2|6
|start
|switch|p1a: Gliscor|Gliscor, M|100/100
|switch|p2a: Pincurchin|Pincurchin, F|100/100
|-fieldstart|move: Electric Terrain|[from] ability: Electric Surge|[of] p2a: Pincurchin
|turn|1
|
|t:|1779923664
|switch|p2a: Hatterene|Hatterene, F|100/100
|move|p1a: Gliscor|Spikes|p2a: Hatterene
|-sidestart|p2: sunshinepromise|Spikes
|
|-status|p1a: Gliscor|tox|[from] item: Toxic Orb
|upkeep
|turn|2
|c|☆sunshinepromise|how
|c|☆sunshinepromise|are u a hackerrr
|c|☆KungFuCutman1|did you forget to put on magic bounce?
|inactive|sunshinepromise has 120 seconds left.
|c|☆sunshinepromise|uhhhhh
|c|☆sunshinepromise|no
|inactive|sunshinepromise has 90 seconds left.
|
|t:|1779923729
|switch|p2a: Rotom|Rotom-Wash|100/100
|move|p1a: Gliscor|Spikes|p2a: Rotom
|-sidestart|p2: sunshinepromise|Spikes
|
|upkeep
|turn|3
|
|t:|1779923733
|move|p1a: Gliscor|Spikes|p2a: Rotom
|-sidestart|p2: sunshinepromise|Spikes
|move|p2a: Rotom|Reflect|p2a: Rotom
|-sidestart|p2: sunshinepromise|Reflect
|
|upkeep
|turn|4
|
|t:|1779923735
|move|p1a: Gliscor|Toxic|p2a: Rotom
|-status|p2a: Rotom|tox
|move|p2a: Rotom|Light Screen|p2a: Rotom
|-sidestart|p2: sunshinepromise|move: Light Screen
|
|-damage|p2a: Rotom|94/100 tox|[from] psn
|upkeep
|turn|5
|
|t:|1779923744
|switch|p1a: Sinistcha|Sinistcha|100/100
|switch|p2a: Gholdengo|Gholdengo|100/100
|-damage|p2a: Gholdengo|76/100|[from] Spikes
|-enditem|p2a: Gholdengo|Electric Seed
|-boost|p2a: Gholdengo|def|1|[from] item: Electric Seed
|
|upkeep
|turn|6
|inactive|sunshinepromise has 120 seconds left.
|
|t:|1779923751
|move|p2a: Gholdengo|Nasty Plot|p2a: Gholdengo
|-boost|p2a: Gholdengo|spa|2
|move|p1a: Sinistcha|Shadow Ball|p2a: Gholdengo
|-supereffective|p2a: Gholdengo
|-damage|p2a: Gholdengo|40/100
|
|upkeep
|turn|7
|
|t:|1779923756
|switch|p1a: Kingambit|Kingambit, F|100/100
|move|p2a: Gholdengo|Shadow Ball|p1a: Kingambit
|-resisted|p1a: Kingambit
|-damage|p1a: Kingambit|57/100
|-unboost|p1a: Kingambit|spd|1
|
|-heal|p1a: Kingambit|63/100|[from] item: Leftovers
|upkeep
|turn|8
|
|t:|1779923761
|-terastallize|p2a: Gholdengo|Fairy
|move|p2a: Gholdengo|Dazzling Gleam|p1a: Kingambit
|-damage|p1a: Kingambit|0 fnt
|faint|p1a: Kingambit
|-end|p1a: Kingambit|fallenundefined|[silent]
|
|-fieldend|move: Electric Terrain
|upkeep
|
|t:|1779923767
|switch|p1a: Ogerpon|Ogerpon-Wellspring, F|100/100
|turn|9
|
|t:|1779923770
|move|p1a: Ogerpon|Ivy Cudgel|p2a: Gholdengo|[anim] Ivy Cudgel Water
|-damage|p2a: Gholdengo|18/100
|move|p2a: Gholdengo|Shadow Ball|p1a: Ogerpon
|-damage|p1a: Ogerpon|0 fnt
|faint|p1a: Ogerpon
|
|upkeep
|
|t:|1779923777
|switch|p1a: Tornadus|Tornadus-Therian, M|100/100
|turn|10
|
|t:|1779923781
|move|p1a: Tornadus|Bleakwind Storm|p2a: Gholdengo
|-damage|p2a: Gholdengo|0 fnt
|faint|p2a: Gholdengo
|
|-sideend|p2: sunshinepromise|Reflect
|upkeep
|
|t:|1779923784
|switch|p2a: Rotom|Rotom-Wash|94/100 tox
|turn|11
|
|t:|1779923786
|move|p1a: Tornadus|U-turn|p2a: Rotom
|-damage|p2a: Rotom|81/100 tox
|
|t:|1779923789
|switch|p1a: Sinistcha|Sinistcha|100/100|[from] U-turn
|move|p2a: Rotom|Reflect|p2a: Rotom
|-sidestart|p2: sunshinepromise|Reflect
|
|-damage|p2a: Rotom|75/100 tox|[from] psn
|-sideend|p2: sunshinepromise|move: Light Screen
|upkeep
|turn|12
|
|t:|1779923791
|move|p2a: Rotom|Light Screen|p2a: Rotom
|-sidestart|p2: sunshinepromise|move: Light Screen
|move|p1a: Sinistcha|Calm Mind|p1a: Sinistcha
|-boost|p1a: Sinistcha|spa|1
|-boost|p1a: Sinistcha|spd|1
|
|-damage|p2a: Rotom|63/100 tox|[from] psn
|upkeep
|turn|13
|
|t:|1779923794
|move|p2a: Rotom|Volt Switch|p1a: Sinistcha
|-resisted|p1a: Sinistcha
|-damage|p1a: Sinistcha|90/100
|
|t:|1779923796
|switch|p2a: Hatterene|Hatterene, F|100/100|[from] Volt Switch
|-damage|p2a: Hatterene|76/100|[from] Spikes
|move|p1a: Sinistcha|Calm Mind|p1a: Sinistcha
|-boost|p1a: Sinistcha|spa|1
|-boost|p1a: Sinistcha|spd|1
|
|-heal|p1a: Sinistcha|96/100|[from] item: Leftovers
|upkeep
|turn|14
|
|t:|1779923798
|move|p1a: Sinistcha|Shadow Ball|p2a: Hatterene
|-supereffective|p2a: Hatterene
|-damage|p2a: Hatterene|0 fnt
|faint|p2a: Hatterene
|
|-heal|p1a: Sinistcha|100/100|[from] item: Leftovers
|upkeep
|
|t:|1779923804
|switch|p2a: Pincurchin|Pincurchin, F|100/100
|-damage|p2a: Pincurchin|76/100|[from] Spikes
|-fieldstart|move: Electric Terrain|[from] ability: Electric Surge|[of] p2a: Pincurchin
|turn|15
|
|t:|1779923807
|move|p1a: Sinistcha|Matcha Gotcha|p2a: Pincurchin
|-damage|p2a: Pincurchin|22/100
|move|p2a: Pincurchin|Memento|p1a: Sinistcha
|-unboost|p1a: Sinistcha|atk|2
|-unboost|p1a: Sinistcha|spa|2
|faint|p2a: Pincurchin
|
|upkeep
|
|t:|1779923816
|switch|p2a: Iron Valiant|Iron Valiant|100/100
|-damage|p2a: Iron Valiant|76/100|[from] Spikes
|-activate|p2a: Iron Valiant|ability: Quark Drive
|-start|p2a: Iron Valiant|quarkdrivespe
|turn|16
|
|t:|1779923823
|move|p2a: Iron Valiant|Substitute|p2a: Iron Valiant
|-start|p2a: Iron Valiant|Substitute
|-damage|p2a: Iron Valiant|51/100
|move|p1a: Sinistcha|Matcha Gotcha|p2a: Iron Valiant
|-end|p2a: Iron Valiant|Substitute
|
|-heal|p2a: Iron Valiant|57/100|[from] item: Leftovers
|upkeep
|turn|17
|
|t:|1779923829
|move|p2a: Iron Valiant|Calm Mind|p2a: Iron Valiant
|-boost|p2a: Iron Valiant|spa|1
|-boost|p2a: Iron Valiant|spd|1
|move|p1a: Sinistcha|Matcha Gotcha|p2a: Iron Valiant
|-damage|p2a: Iron Valiant|37/100
|
|-heal|p2a: Iron Valiant|43/100|[from] item: Leftovers
|upkeep
|turn|18
|
|t:|1779923831
|move|p2a: Iron Valiant|Calm Mind|p2a: Iron Valiant
|-boost|p2a: Iron Valiant|spa|1
|-boost|p2a: Iron Valiant|spd|1
|move|p1a: Sinistcha|Shadow Ball|p2a: Iron Valiant
|-damage|p2a: Iron Valiant|28/100
|-unboost|p2a: Iron Valiant|spd|1
|
|-heal|p2a: Iron Valiant|34/100|[from] item: Leftovers
|-sideend|p2: sunshinepromise|Reflect
|upkeep
|turn|19
|
|t:|1779923838
|move|p2a: Iron Valiant|Calm Mind|p2a: Iron Valiant
|-boost|p2a: Iron Valiant|spa|1
|-boost|p2a: Iron Valiant|spd|1
|move|p1a: Sinistcha|Shadow Ball|p2a: Iron Valiant
|-damage|p2a: Iron Valiant|20/100
|-unboost|p2a: Iron Valiant|spd|1
|
|-heal|p2a: Iron Valiant|26/100|[from] item: Leftovers
|-sideend|p2: sunshinepromise|move: Light Screen
|upkeep
|turn|20
|
|t:|1779923841
|move|p2a: Iron Valiant|Moonblast|p1a: Sinistcha
|-damage|p1a: Sinistcha|37/100
|move|p1a: Sinistcha|Shadow Ball|p2a: Iron Valiant
|-damage|p2a: Iron Valiant|0 fnt
|faint|p2a: Iron Valiant
|-end|p2a: Iron Valiant|Quark Drive|[silent]
|
|-heal|p1a: Sinistcha|43/100|[from] item: Leftovers
|upkeep
|
|t:|1779923849
|switch|p2a: Iron Hands|Iron Hands|100/100
|-damage|p2a: Iron Hands|75/100|[from] Spikes
|-activate|p2a: Iron Hands|ability: Quark Drive
|-start|p2a: Iron Hands|quarkdriveatk
|turn|21
|
|t:|1779923851
|move|p1a: Sinistcha|Strength Sap|p2a: Iron Hands
|-unboost|p2a: Iron Hands|atk|1
|-heal|p1a: Sinistcha|100/100
|move|p2a: Iron Hands|Ice Punch|p1a: Sinistcha
|-supereffective|p1a: Sinistcha
|-damage|p1a: Sinistcha|67/100
|
|-heal|p1a: Sinistcha|73/100|[from] item: Leftovers
|upkeep
|turn|22
|
|t:|1779923858
|move|p1a: Sinistcha|Matcha Gotcha|p2a: Iron Hands
|-damage|p2a: Iron Hands|48/100
|-heal|p1a: Sinistcha|94/100|[from] drain|[of] p2a: Iron Hands
|move|p2a: Iron Hands|Swords Dance|p2a: Iron Hands
|-boost|p2a: Iron Hands|atk|2
|
|-heal|p1a: Sinistcha|99/100|[from] item: Leftovers
|-fieldend|move: Electric Terrain
|-end|p2a: Iron Hands|Quark Drive
|upkeep
|turn|23
|
|t:|1779923864
|move|p1a: Sinistcha|Strength Sap|p2a: Iron Hands
|-unboost|p2a: Iron Hands|atk|1
|-heal|p1a: Sinistcha|100/100
|move|p2a: Iron Hands|Swords Dance|p2a: Iron Hands
|-boost|p2a: Iron Hands|atk|2
|
|upkeep
|turn|24
|
|t:|1779923869
|-terastallize|p1a: Sinistcha|Ghost
|move|p1a: Sinistcha|Shadow Ball|p2a: Iron Hands
|-damage|p2a: Iron Hands|7/100
|move|p2a: Iron Hands|Swords Dance|p2a: Iron Hands
|-boost|p2a: Iron Hands|atk|2
|
|upkeep
|turn|25
|
|t:|1779923873
|move|p1a: Sinistcha|Shadow Ball|p2a: Iron Hands
|-crit|p2a: Iron Hands
|-damage|p2a: Iron Hands|0 fnt
|faint|p2a: Iron Hands
|-end|p2a: Iron Hands|Quark Drive|[silent]
|
|upkeep
|c|☆sunshinepromise|haxed
|-message|sunshinepromise forfeited.
|
|win|KungFuCutman1
|raw|KungFuCutman1's rating: 1481 &rarr; <strong>1502</strong><br />(+21 for winning)
|raw|sunshinepromise's rating: 1500 &rarr; <strong>1479</strong><br />(-21 for losing)
|l|☆sunshinepromise
|player|p2|
|l|☆KungFuCutman1
|player|p1|
