|j|☆shang954
|j|☆Fortune 0
|t:|1779871834
|gametype|singles
|player|p1|shang954|unknown|1153
|player|p2|Fortune 0|unknown|1140
|gen|9
|tier|[Gen 9] OU
|rated|
|rule|HP Percentage Mod: HP is shown in percentages
|rule|Endless Battle Clause: Forcing endless battles is banned
|rule|Species Clause: Limit one of each Pokémon
|rule|OHKO Clause: OHKO moves are banned
|rule|Evasion Items Clause: Evasion items are banned
|rule|Evasion Moves Clause: Evasion moves are banned
|rule|Evasion Abilities Clause: Evasion abilities are banned
|rule|Sleep Moves Clause: Sleep-inducing moves are banned
|clearpoke
|poke|p1|Tyranitar, F|
|poke|p1|Excadrill, F|
|poke|p1|Amoonguss, M|
|poke|p1|Garchomp, M|
|poke|p1|Gardevoir, F|
|poke|p1|Scizor, F|
|poke|p2|Mimikyu, M|
|poke|p2|Iron Moth|
|poke|p2|Quaquaval, F|
|poke|p2|Gliscor, M|
|poke|p2|Eevee, M|
|poke|p2|Dragapult, F|
|teampreview
|inactive|Battle timer is ON: inactive players will automatically lose when time's up. (requested by Fortune 0)
|c|☆Fortune 0|Is this like, a sand team?
|
|t:|1779871855
|teamsize|p1|6
|teamsize|p2|6
|start
|switch|p1a: Tyranitar|Tyranitar, F, shiny|100/100
|switch|p2a: Silver|Eevee, M, shiny|100/100
|-weather|Sandstorm|[from] ability: Sand Stream|[of] p1a: Tyranitar
|turn|1
|c|☆shang954|yes
|c|☆Fortune 0|Gotcha
|
|t:|1779871876
|move|p2a: Silver|Protect|p2a: Silver
|-singleturn|p2a: Silver|Protect
|move|p1a: Tyranitar|Dark Pulse|p2a: Silver
|-activate|p2a: Silver|move: Protect
|
|-weather|Sandstorm|[upkeep]
|-damage|p2a: Silver|95/100|[from] Sandstorm
|upkeep
|turn|2
|
|t:|1779871886
|move|p1a: Tyranitar|Dark Pulse|p2a: Silver
|-damage|p2a: Silver|31/100
|move|p2a: Silver|Last Resort|p1a: Tyranitar
|-resisted|p1a: Tyranitar
|-damage|p1a: Tyranitar|71/100
|
|-weather|Sandstorm|[upkeep]
|-damage|p2a: Silver|25/100|[from] Sandstorm
|upkeep
|turn|3
|
|t:|1779871894
|move|p1a: Tyranitar|Dark Pulse|p2a: Silver
|-damage|p2a: Silver|0 fnt
|faint|p2a: Silver
|
|-weather|Sandstorm|[upkeep]
|upkeep
|
|t:|1779871901
|switch|p2a: Gliscor|Gliscor, M, shiny|100/100
|turn|4
|
|t:|1779871906
|move|p2a: Gliscor|Earthquake|p1a: Tyranitar
|-supereffective|p1a: Tyranitar
|-damage|p1a: Tyranitar|0 fnt
|faint|p1a: Tyranitar
|
|-weather|Sandstorm|[upkeep]
|-status|p2a: Gliscor|tox|[from] item: Toxic Orb
|upkeep
|
|t:|1779871922
|switch|p1a: Garchomp|Garchomp, M|100/100
|turn|5
|
|t:|1779871928
|move|p1a: Garchomp|Stealth Rock|p2a: Gliscor
|-sidestart|p2: Fortune 0|move: Stealth Rock
|move|p2a: Gliscor|Fling|p1a: Garchomp
|-damage|p1a: Garchomp|91/100
|-status|p1a: Garchomp|tox
|-enditem|p2a: Gliscor|Toxic Orb|[from] move: Fling
|
|-weather|none
|-damage|p1a: Garchomp|85/100 tox|[from] psn
|upkeep
|turn|6
|
|t:|1779871944
|switch|p1a: Amoonguss|Amoonguss, M|100/100
|move|p2a: Gliscor|Acrobatics|p1a: Amoonguss
|-supereffective|p1a: Amoonguss
|-damage|p1a: Amoonguss|32/100
|-damage|p2a: Gliscor|84/100 tox|[from] item: Rocky Helmet|[of] p1a: Amoonguss
|
|-heal|p2a: Gliscor|96/100 tox|[from] ability: Poison Heal
|upkeep
|turn|7
|
|t:|1779871973
|switch|p1a: Garchomp|Garchomp, M|85/100 tox
|move|p2a: Gliscor|Acrobatics|p1a: Garchomp
|-damage|p1a: Garchomp|40/100 tox
|-damage|p2a: Gliscor|84/100 tox|[from] ability: Rough Skin|[of] p1a: Garchomp
|
|-damage|p1a: Garchomp|34/100 tox|[from] psn
|-heal|p2a: Gliscor|96/100 tox|[from] ability: Poison Heal
|upkeep
|turn|8
|
|t:|1779871988
|move|p1a: Garchomp|Draco Meteor|p2a: Gliscor
|-damage|p2a: Gliscor|26/100 tox
|-unboost|p1a: Garchomp|spa|2
|move|p2a: Gliscor|Facade|p1a: Garchomp
|-damage|p1a: Garchomp|0 fnt
|-damage|p2a: Gliscor|14/100 tox|[from] ability: Rough Skin|[of] p1a: Garchomp
|faint|p1a: Garchomp
|
|-heal|p2a: Gliscor|26/100 tox|[from] ability: Poison Heal
|upkeep
|inactive|shang954 has 120 seconds left.
|
|t:|1779872004
|switch|p1a: Scizor|Scizor, F|100/100
|turn|9
|c|☆Fortune 0|Im gonna be honest, i did not think gliscor would cary this hard
|
|t:|1779872027
|move|p1a: Scizor|Bullet Punch|p2a: Gliscor
|-damage|p2a: Gliscor|0 fnt
|faint|p2a: Gliscor
|
|upkeep
|
|t:|1779872036
|switch|p2a: Lampshade|Iron Moth, shiny|100/100
|-damage|p2a: Lampshade|75/100|[from] Stealth Rock
|-enditem|p2a: Lampshade|Booster Energy
|-activate|p2a: Lampshade|ability: Quark Drive|[fromitem]
|-start|p2a: Lampshade|quarkdrivespe
|turn|10
|
|t:|1779872049
|switch|p1a: Excadrill|Excadrill, F|100/100
|move|p2a: Lampshade|Fiery Dance|p1a: Excadrill
|-supereffective|p1a: Excadrill
|-enditem|p1a: Excadrill|Focus Sash
|-damage|p1a: Excadrill|1/100
|-boost|p2a: Lampshade|spa|1
|
|upkeep
|turn|11
|
|t:|1779872061
|move|p2a: Lampshade|Fiery Dance|p1a: Excadrill
|-supereffective|p1a: Excadrill
|-damage|p1a: Excadrill|0 fnt
|faint|p1a: Excadrill
|
|upkeep
|inactive|shang954 has 120 seconds left.
|
|t:|1779872087
|switch|p1a: Gardevoir|Gardevoir, F|100/100
|turn|12
|
|t:|1779872100
|switch|p1a: Scizor|Scizor, F|100/100
|move|p2a: Lampshade|Sludge Wave|p1a: Scizor
|-immune|p1a: Scizor
|
|upkeep
|turn|13
|c|☆Fortune 0|Oh good bait
|
|t:|1779872113
|-terastallize|p1a: Scizor|Water
|move|p2a: Lampshade|Fiery Dance|p1a: Scizor
|-resisted|p1a: Scizor
|-damage|p1a: Scizor|63/100
|-boost|p2a: Lampshade|spa|1
|move|p1a: Scizor|Close Combat|p2a: Lampshade
|-resisted|p2a: Lampshade
|-damage|p2a: Lampshade|26/100
|-unboost|p1a: Scizor|def|1
|-unboost|p1a: Scizor|spd|1
|
|upkeep
|turn|14
|
|t:|1779872128
|switch|p1a: Amoonguss|Amoonguss, M|65/100
|move|p2a: Lampshade|Sludge Wave|p1a: Amoonguss
|-damage|p1a: Amoonguss|0 fnt
|faint|p1a: Amoonguss
|
|upkeep
|
|t:|1779872134
|switch|p1a: Scizor|Scizor, F, tera:Water|63/100
|turn|15
|c|☆Fortune 0|Oh its focus band
|
|t:|1779872147
|move|p1a: Scizor|Bullet Punch|p2a: Lampshade
|-resisted|p2a: Lampshade
|-damage|p2a: Lampshade|0 fnt
|faint|p2a: Lampshade
|-end|p2a: Lampshade|Quark Drive|[silent]
|
|upkeep
|
|t:|1779872154
|switch|p2a: Quaquaval|Quaquaval, F, shiny|100/100
|turn|16
|
|t:|1779872161
|move|p1a: Scizor|Bullet Punch|p2a: Quaquaval
|-resisted|p2a: Quaquaval
|-damage|p2a: Quaquaval|68/100
|move|p2a: Quaquaval|Rapid Spin|p1a: Scizor
|-damage|p1a: Scizor|49/100
|-boost|p2a: Quaquaval|spe|1
|-sideend|p2: Fortune 0|Stealth Rock|[from] move: Rapid Spin|[of] p2a: Quaquaval
|
|upkeep
|turn|17
|c|☆Fortune 0|Or whatever its called
|
|t:|1779872176
|move|p1a: Scizor|Bullet Punch|p2a: Quaquaval
|-resisted|p2a: Quaquaval
|-damage|p2a: Quaquaval|32/100
|move|p2a: Quaquaval|Brick Break|p1a: Scizor
|-damage|p1a: Scizor|19/100
|
|upkeep
|turn|18
|
|t:|1779872183
|move|p1a: Scizor|Bullet Punch|p2a: Quaquaval
|-resisted|p2a: Quaquaval
|-damage|p2a: Quaquaval|0 fnt
|faint|p2a: Quaquaval
|
|upkeep
|
|t:|1779872185
|switch|p2a: Mika|Mimikyu, M, shiny|100/100
|turn|19
|
|t:|1779872190
|switch|p1a: Gardevoir|Gardevoir, F|100/100
|move|p2a: Mika|Shadow Claw|p1a: Gardevoir
|-supereffective|p1a: Gardevoir
|-damage|p1a: Gardevoir|0 fnt
|faint|p1a: Gardevoir
|
|upkeep
|
|t:|1779872196
|switch|p1a: Scizor|Scizor, F, tera:Water|19/100
|turn|20
|
|t:|1779872203
|move|p2a: Mika|Shadow Sneak|p1a: Scizor
|-damage|p1a: Scizor|0 fnt
|faint|p1a: Scizor
|
|win|Fortune 0
|raw|shang954's rating: 1153 &rarr; <strong>1127</strong><br />(-26 for losing)
|raw|Fortune 0's rating: 1140 &rarr; <strong>1166</strong><br />(+26 for winning)
|c|☆Fortune 0|Gg
|c|☆shang954|good for you
|l|☆shang954
|player|p1|
|l|☆Fortune 0
|player|p2|
