|j|☆Avv2121
|j|☆benjaala+
|t:|1779817705
|gametype|singles
|player|p1|Avv2121|janine|1324
|player|p2|benjaala+|sabrina|1305
|gen|9
|tier|[Gen 9] OU
|rated|
|rule|HP Percentage Mod: HP is shown in percentages
|rule|Endless Battle Clause: Forcing endless battles is banned
|rule|Species Clause: Limit one of each Pokémon
|rule|OHKO Clause: OHKO moves are banned
|rule|Evasion Items Clause: Evasion items are banned
|rule|Evasion Moves Clause: Evasion moves are banned
|rule|Evasion Abilities Clause: Evasion abilities are banned
|rule|Sleep Moves Clause: Sleep-inducing moves are banned
|clearpoke
|poke|p1|Garganacl, F|
|poke|p1|Dragapult, M|
|poke|p1|Kingambit, F|
|poke|p1|Iron Moth|
|poke|p1|Corviknight, F|
|poke|p1|Meowscarada, F|
|poke|p2|Ursaluna, F|
|poke|p2|Goodra, M|
|poke|p2|Corviknight, M|
|poke|p2|Raging Bolt|
|poke|p2|Iron Valiant|
|poke|p2|Ogerpon-Wellspring, F|
|teampreview
|inactive|Battle timer is ON: inactive players will automatically lose when time's up. (requested by Avv2121)
|
|t:|1779817711
|teamsize|p1|6
|teamsize|p2|6
|start
|switch|p1a: Meowscarada|Meowscarada, F|100/100
|switch|p2a: Corviknight|Corviknight, M|100/100
|-ability|p2a: Corviknight|Pressure
|turn|1
|
|t:|1779817717
|move|p1a: Meowscarada|Trick|p2a: Corviknight
|-start|p1a: Meowscarada|typechange|Psychic|[from] ability: Protean
|-activate|p1a: Meowscarada|move: Trick|[of] p2a: Corviknight
|-item|p2a: Corviknight|Choice Scarf|[from] move: Trick
|-item|p1a: Meowscarada|Rocky Helmet|[from] move: Trick
|move|p2a: Corviknight|U-turn|p1a: Meowscarada
|-supereffective|p1a: Meowscarada
|-damage|p1a: Meowscarada|57/100
|-damage|p2a: Corviknight|84/100|[from] item: Rocky Helmet|[of] p1a: Meowscarada
|
|t:|1779817737
|switch|p2a: Raging Bolt|Raging Bolt|100/100|[from] U-turn
|
|upkeep
|turn|2
|
|t:|1779817744
|move|p1a: Meowscarada|U-turn|p2a: Raging Bolt
|-damage|p2a: Raging Bolt|83/100
|
|t:|1779817747
|switch|p1a: Corviknight|Corviknight, F|100/100|[from] U-turn
|move|p2a: Raging Bolt|Calm Mind|p2a: Raging Bolt
|-boost|p2a: Raging Bolt|spa|1
|-boost|p2a: Raging Bolt|spd|1
|
|-heal|p2a: Raging Bolt|89/100|[from] item: Leftovers
|upkeep
|turn|3
|
|t:|1779817760
|move|p2a: Raging Bolt|Thunderbolt|p1a: Corviknight
|-supereffective|p1a: Corviknight
|-damage|p1a: Corviknight|0 fnt
|faint|p1a: Corviknight
|
|-heal|p2a: Raging Bolt|95/100|[from] item: Leftovers
|upkeep
|
|t:|1779817764
|switch|p1a: Dragapult|Dragapult, M|100/100
|turn|4
|
|t:|1779817769
|-terastallize|p2a: Raging Bolt|Fairy
|move|p1a: Dragapult|Shadow Ball|p2a: Raging Bolt
|-damage|p2a: Raging Bolt|76/100
|move|p2a: Raging Bolt|Dragon Pulse|p1a: Dragapult
|-supereffective|p1a: Dragapult
|-damage|p1a: Dragapult|0 fnt
|faint|p1a: Dragapult
|
|-heal|p2a: Raging Bolt|83/100|[from] item: Leftovers
|upkeep
|
|t:|1779817776
|switch|p1a: Kingambit|Kingambit, F|100/100
|-activate|p1a: Kingambit|ability: Supreme Overlord
|-start|p1a: Kingambit|fallen2|[silent]
|turn|5
|
|t:|1779817784
|-end|p2a: Raging Bolt|Protosynthesis|[silent]
|switch|p2a: Corviknight|Corviknight, M|84/100
|-ability|p2a: Corviknight|Pressure
|move|p1a: Kingambit|Iron Head|p2a: Corviknight
|-resisted|p2a: Corviknight
|-damage|p2a: Corviknight|67/100
|
|upkeep
|turn|6
|
|t:|1779817810
|move|p2a: Corviknight|U-turn|p1a: Kingambit
|-damage|p1a: Kingambit|88/100
|c|☆Avv2121|O
|
|t:|1779817816
|switch|p2a: Iron Valiant|Iron Valiant|100/100|[from] U-turn
|-enditem|p2a: Iron Valiant|Booster Energy
|-activate|p2a: Iron Valiant|ability: Quark Drive|[fromitem]
|-start|p2a: Iron Valiant|quarkdrivespe
|move|p1a: Kingambit|Swords Dance|p1a: Kingambit
|-boost|p1a: Kingambit|atk|2
|
|upkeep
|turn|7
|inactive|benjaala+ has 120 seconds left.
|
|t:|1779817838
|move|p2a: Iron Valiant|Aura Sphere|p1a: Kingambit
|-supereffective|p1a: Kingambit
|-damage|p1a: Kingambit|0 fnt
|faint|p1a: Kingambit
|-end|p1a: Kingambit|fallen2|[silent]
|
|upkeep
|
|t:|1779817844
|switch|p1a: Garganacl|Garganacl, F|100/100
|turn|8
|
|t:|1779817854
|-terastallize|p1a: Garganacl|Ghost
|move|p2a: Iron Valiant|Aura Sphere|p1a: Garganacl
|-immune|p1a: Garganacl
|move|p1a: Garganacl|Salt Cure|p2a: Iron Valiant
|-resisted|p2a: Iron Valiant
|-damage|p2a: Iron Valiant|91/100
|-start|p2a: Iron Valiant|Salt Cure
|
|-damage|p2a: Iron Valiant|79/100|[from] Salt Cure
|upkeep
|turn|9
|
|t:|1779817860
|move|p2a: Iron Valiant|Calm Mind|p2a: Iron Valiant
|-boost|p2a: Iron Valiant|spa|1
|-boost|p2a: Iron Valiant|spd|1
|move|p1a: Garganacl|Salt Cure|p2a: Iron Valiant
|-resisted|p2a: Iron Valiant
|-damage|p2a: Iron Valiant|70/100
|
|-damage|p2a: Iron Valiant|58/100|[from] Salt Cure
|upkeep
|turn|10
|
|t:|1779817864
|move|p2a: Iron Valiant|Shadow Ball|p1a: Garganacl
|-supereffective|p1a: Garganacl
|-damage|p1a: Garganacl|71/100
|move|p1a: Garganacl|Salt Cure|p2a: Iron Valiant
|-resisted|p2a: Iron Valiant
|-damage|p2a: Iron Valiant|49/100
|
|-heal|p1a: Garganacl|77/100|[from] item: Leftovers
|-damage|p2a: Iron Valiant|37/100|[from] Salt Cure
|upkeep
|turn|11
|
|t:|1779817868
|move|p2a: Iron Valiant|Calm Mind|p2a: Iron Valiant
|-boost|p2a: Iron Valiant|spa|1
|-boost|p2a: Iron Valiant|spd|1
|move|p1a: Garganacl|Recover|p1a: Garganacl
|-heal|p1a: Garganacl|100/100
|
|-damage|p2a: Iron Valiant|24/100|[from] Salt Cure
|upkeep
|turn|12
|
|t:|1779817872
|move|p1a: Garganacl|Protect|p1a: Garganacl
|-singleturn|p1a: Garganacl|Protect
|move|p2a: Iron Valiant|Shadow Ball|p1a: Garganacl
|-activate|p1a: Garganacl|move: Protect
|
|-damage|p2a: Iron Valiant|12/100|[from] Salt Cure
|upkeep
|turn|13
|
|t:|1779817875
|move|p2a: Iron Valiant|Shadow Ball|p1a: Garganacl
|-supereffective|p1a: Garganacl
|-damage|p1a: Garganacl|55/100
|move|p1a: Garganacl|Recover|p1a: Garganacl
|-heal|p1a: Garganacl|100/100
|
|-damage|p2a: Iron Valiant|0 fnt|[from] Salt Cure
|faint|p2a: Iron Valiant
|-end|p2a: Iron Valiant|Quark Drive|[silent]
|upkeep
|
|t:|1779817887
|switch|p2a: Raging Bolt|Raging Bolt, tera:Fairy|83/100
|turn|14
|
|t:|1779817895
|move|p2a: Raging Bolt|Calm Mind|p2a: Raging Bolt
|-boost|p2a: Raging Bolt|spa|1
|-boost|p2a: Raging Bolt|spd|1
|move|p1a: Garganacl|Salt Cure|p2a: Raging Bolt
|-damage|p2a: Raging Bolt|71/100
|-start|p2a: Raging Bolt|Salt Cure
|
|-heal|p2a: Raging Bolt|77/100|[from] item: Leftovers
|-damage|p2a: Raging Bolt|65/100|[from] Salt Cure
|upkeep
|turn|15
|
|t:|1779817899
|move|p2a: Raging Bolt|Calm Mind|p2a: Raging Bolt
|-boost|p2a: Raging Bolt|spa|1
|-boost|p2a: Raging Bolt|spd|1
|move|p1a: Garganacl|Salt Cure|p2a: Raging Bolt
|-damage|p2a: Raging Bolt|53/100
|
|-heal|p2a: Raging Bolt|59/100|[from] item: Leftovers
|-damage|p2a: Raging Bolt|46/100|[from] Salt Cure
|upkeep
|turn|16
|
|t:|1779817902
|move|p1a: Garganacl|Protect|p1a: Garganacl
|-singleturn|p1a: Garganacl|Protect
|move|p2a: Raging Bolt|Thunderbolt|p1a: Garganacl
|-activate|p1a: Garganacl|move: Protect
|
|-heal|p2a: Raging Bolt|53/100|[from] item: Leftovers
|-damage|p2a: Raging Bolt|40/100|[from] Salt Cure
|upkeep
|turn|17
|
|t:|1779817907
|move|p2a: Raging Bolt|Thunderbolt|p1a: Garganacl
|-damage|p1a: Garganacl|23/100
|move|p1a: Garganacl|Recover|p1a: Garganacl
|-heal|p1a: Garganacl|73/100
|
|-heal|p2a: Raging Bolt|46/100|[from] item: Leftovers
|-heal|p1a: Garganacl|79/100|[from] item: Leftovers
|-damage|p2a: Raging Bolt|34/100|[from] Salt Cure
|upkeep
|turn|18
|
|t:|1779817912
|move|p1a: Garganacl|Protect|p1a: Garganacl
|-singleturn|p1a: Garganacl|Protect
|move|p2a: Raging Bolt|Calm Mind|p2a: Raging Bolt
|-boost|p2a: Raging Bolt|spa|1
|-boost|p2a: Raging Bolt|spd|1
|
|-heal|p2a: Raging Bolt|40/100|[from] item: Leftovers
|-heal|p1a: Garganacl|85/100|[from] item: Leftovers
|-damage|p2a: Raging Bolt|28/100|[from] Salt Cure
|upkeep
|turn|19
|
|t:|1779817917
|move|p1a: Garganacl|Protect||[still]
|-fail|p1a: Garganacl
|move|p2a: Raging Bolt|Thunderbolt|p1a: Garganacl
|-damage|p1a: Garganacl|0 fnt
|faint|p1a: Garganacl
|
|-heal|p2a: Raging Bolt|34/100|[from] item: Leftovers
|-damage|p2a: Raging Bolt|22/100|[from] Salt Cure
|upkeep
|
|t:|1779817924
|switch|p1a: Meowscarada|Meowscarada, F|57/100
|turn|20
|
|t:|1779817927
|move|p2a: Raging Bolt|Thunderclap||[still]
|-fail|p2a: Raging Bolt
|move|p1a: Meowscarada|Trick|p2a: Raging Bolt
|-start|p1a: Meowscarada|typechange|Psychic|[from] ability: Protean
|-activate|p1a: Meowscarada|move: Trick|[of] p2a: Raging Bolt
|-item|p2a: Raging Bolt|Rocky Helmet|[from] move: Trick
|-item|p1a: Meowscarada|Leftovers|[from] move: Trick
|
|-heal|p1a: Meowscarada|63/100|[from] item: Leftovers
|-damage|p2a: Raging Bolt|9/100|[from] Salt Cure
|upkeep
|turn|21
|
|t:|1779817937
|move|p1a: Meowscarada|Flower Trick|p2a: Raging Bolt
|-crit|p2a: Raging Bolt
|-damage|p2a: Raging Bolt|0 fnt
|faint|p2a: Raging Bolt
|-end|p2a: Raging Bolt|Protosynthesis|[silent]
|
|-heal|p1a: Meowscarada|69/100|[from] item: Leftovers
|upkeep
|
|t:|1779817955
|switch|p2a: Corviknight|Corviknight, M|67/100
|-ability|p2a: Corviknight|Pressure
|turn|22
|
|t:|1779817965
|move|p1a: Meowscarada|Low Kick|p2a: Corviknight
|-damage|p2a: Corviknight|52/100
|move|p2a: Corviknight|U-turn|p1a: Meowscarada
|-supereffective|p1a: Meowscarada
|-damage|p1a: Meowscarada|21/100
|
|t:|1779817978
|switch|p2a: Goodra|Goodra, M|100/100|[from] U-turn
|
|-heal|p1a: Meowscarada|27/100|[from] item: Leftovers
|upkeep
|turn|23
|
|t:|1779817988
|move|p1a: Meowscarada|Low Kick|p2a: Goodra
|-damage|p2a: Goodra|62/100
|move|p2a: Goodra|Dragon Pulse|p1a: Meowscarada
|-damage|p1a: Meowscarada|0 fnt
|faint|p1a: Meowscarada
|
|upkeep
|
|t:|1779817991
|switch|p1a: Iron Moth|Iron Moth|100/100
|-enditem|p1a: Iron Moth|Booster Energy
|-activate|p1a: Iron Moth|ability: Quark Drive|[fromitem]
|-start|p1a: Iron Moth|quarkdrivespe
|turn|24
|
|t:|1779818003
|move|p1a: Iron Moth|Dazzling Gleam|p2a: Goodra
|-supereffective|p2a: Goodra
|-damage|p2a: Goodra|41/100
|move|p2a: Goodra|Dragon Pulse|p1a: Iron Moth
|-damage|p1a: Iron Moth|62/100
|
|upkeep
|turn|25
|
|t:|1779818009
|move|p1a: Iron Moth|Sludge Wave|p2a: Goodra
|-damage|p2a: Goodra|22/100
|move|p2a: Goodra|Dragon Pulse|p1a: Iron Moth
|-damage|p1a: Iron Moth|24/100
|
|upkeep
|turn|26
|
|t:|1779818019
|move|p1a: Iron Moth|Dazzling Gleam|p2a: Goodra
|-supereffective|p2a: Goodra
|-crit|p2a: Goodra
|-damage|p2a: Goodra|0 fnt
|faint|p2a: Goodra
|
|upkeep
|
|t:|1779818024
|switch|p2a: Ursaluna|Ursaluna, F|100/100
|turn|27
|
|t:|1779818029
|move|p1a: Iron Moth|Fiery Dance|p2a: Ursaluna
|-damage|p2a: Ursaluna|64/100
|move|p2a: Ursaluna|Facade|p1a: Iron Moth
|-damage|p1a: Iron Moth|0 fnt
|faint|p1a: Iron Moth
|-end|p1a: Iron Moth|Quark Drive|[silent]
|
|win|benjaala+
|raw|Avv2121's rating: 1324 &rarr; <strong>1303</strong><br />(-21 for losing)
|raw|benjaala+'s rating: 1305 &rarr; <strong>1326</strong><br />(+21 for winning)
|l|☆Avv2121
|player|p1|
|l|☆benjaala+
|player|p2|
