|j|☆sigmundtuff41
|j|‽Moxieproelite222
|t:|1779853919
|gametype|singles
|player|p1|sigmundtuff41|roxie|1162
|player|p2|Moxieproelite222|265|1157
|gen|9
|tier|[Gen 9] OU
|rated|
|rule|HP Percentage Mod: HP is shown in percentages
|rule|Endless Battle Clause: Forcing endless battles is banned
|rule|Species Clause: Limit one of each Pokémon
|rule|OHKO Clause: OHKO moves are banned
|rule|Evasion Items Clause: Evasion items are banned
|rule|Evasion Moves Clause: Evasion moves are banned
|rule|Evasion Abilities Clause: Evasion abilities are banned
|rule|Sleep Moves Clause: Sleep-inducing moves are banned
|clearpoke
|poke|p1|Raging Bolt|
|poke|p1|Glimmora, F|
|poke|p1|Blaziken, M|
|poke|p1|Cresselia, F|
|poke|p1|Manaphy|
|poke|p1|Ting-Lu|
|poke|p2|Hawlucha, M|
|poke|p2|Ceruledge, M|
|poke|p2|Armarouge, M|
|poke|p2|Glimmora, M|
|poke|p2|Enamorus, F|
|poke|p2|Revavroom, M|
|teampreview
|
|t:|1779853933
|teamsize|p1|6
|teamsize|p2|6
|start
|switch|p1a: Cresselia|Cresselia, F, shiny|100/100
|switch|p2a: Revavroom|Revavroom, M|100/100
|turn|1
|
|t:|1779853971
|move|p2a: Revavroom|Shift Gear|p2a: Revavroom
|-boost|p2a: Revavroom|spe|2
|-boost|p2a: Revavroom|atk|1
|move|p1a: Cresselia|Reflect|p1a: Cresselia
|-sidestart|p1: sigmundtuff41|Reflect
|
|upkeep
|turn|2
|
|t:|1779853980
|move|p2a: Revavroom|Shift Gear|p2a: Revavroom
|-boost|p2a: Revavroom|spe|2
|-boost|p2a: Revavroom|atk|1
|move|p1a: Cresselia|Trick Room|p1a: Cresselia
|-fieldstart|move: Trick Room|[of] p1a: Cresselia
|
|upkeep
|turn|3
|
|t:|1779853991
|move|p1a: Cresselia|Psychic|p2a: Revavroom
|-damage|p2a: Revavroom|46/100
|-unboost|p2a: Revavroom|spd|1
|move|p2a: Revavroom|Lash Out|p1a: Cresselia
|-supereffective|p1a: Cresselia
|-damage|p1a: Cresselia|23/100
|
|-heal|p1a: Cresselia|29/100|[from] item: Leftovers
|-heal|p2a: Revavroom|52/100|[from] item: Black Sludge
|upkeep
|turn|4
|
|t:|1779854006
|-terastallize|p2a: Revavroom|Steel
|move|p1a: Cresselia|Psychic|p2a: Revavroom
|-resisted|p2a: Revavroom
|-damage|p2a: Revavroom|14/100
|move|p2a: Revavroom|Lash Out|p1a: Cresselia
|-supereffective|p1a: Cresselia
|-damage|p1a: Cresselia|0 fnt
|faint|p1a: Cresselia
|
|-damage|p2a: Revavroom|1/100|[from] item: Black Sludge
|upkeep
|
|t:|1779854018
|switch|p1a: Ting-Lu|Ting-Lu, shiny|100/100
|-ability|p1a: Ting-Lu|Vessel of Ruin
|turn|5
|
|t:|1779854023
|switch|p1a: Glimmora|Glimmora, F|100/100
|move|p2a: Revavroom|Poison Jab|p1a: Glimmora
|-resisted|p1a: Glimmora
|-damage|p1a: Glimmora|90/100
|-damage|p2a: Revavroom|0 fnt|[from] item: Rocky Helmet|[of] p1a: Glimmora
|-activate|p1a: Glimmora|ability: Toxic Debris
|-sidestart|p2: Moxieproelite222|move: Toxic Spikes
|faint|p2a: Revavroom
|
|-sideend|p1: sigmundtuff41|Reflect
|upkeep
|
|t:|1779854036
|switch|p2a: Glimmora|Glimmora, M|100/100
|-sideend|p2: Moxieproelite222|move: Toxic Spikes|[of] p2a: Glimmora
|turn|6
|
|t:|1779854042
|move|p2a: Glimmora|Spiky Shield|p2a: Glimmora
|-singleturn|p2a: Glimmora|move: Protect
|move|p1a: Glimmora|Earth Power|p2a: Glimmora
|-activate|p2a: Glimmora|move: Protect
|
|-fieldend|move: Trick Room
|upkeep
|turn|7
|
|t:|1779854051
|switch|p2a: Enamorus|Enamorus, F|100/100
|move|p1a: Glimmora|Spiky Shield||[still]
|-fail|p1a: Glimmora
|
|upkeep
|turn|8
|
|t:|1779854057
|move|p2a: Enamorus|Superpower|p1a: Glimmora
|-damage|p1a: Glimmora|60/100
|-boost|p2a: Enamorus|atk|1
|-boost|p2a: Enamorus|def|1
|-damage|p2a: Enamorus|84/100|[from] item: Rocky Helmet|[of] p1a: Glimmora
|-activate|p1a: Glimmora|ability: Toxic Debris
|-sidestart|p2: Moxieproelite222|move: Toxic Spikes
|move|p1a: Glimmora|Stealth Rock|p2a: Enamorus
|-sidestart|p2: Moxieproelite222|move: Stealth Rock
|
|-heal|p2a: Enamorus|90/100|[from] item: Leftovers
|upkeep
|turn|9
|
|t:|1779854076
|move|p2a: Enamorus|Superpower|p1a: Glimmora
|-damage|p1a: Glimmora|19/100
|-boost|p2a: Enamorus|atk|1
|-boost|p2a: Enamorus|def|1
|-damage|p2a: Enamorus|74/100|[from] item: Rocky Helmet|[of] p1a: Glimmora
|-activate|p1a: Glimmora|ability: Toxic Debris
|-sidestart|p2: Moxieproelite222|move: Toxic Spikes
|move|p1a: Glimmora|Sludge Bomb|p2a: Enamorus
|-supereffective|p2a: Enamorus
|-damage|p2a: Enamorus|0 fnt
|faint|p2a: Enamorus
|
|upkeep
|
|t:|1779854089
|switch|p2a: Glimmora|Glimmora, M|100/100
|-sideend|p2: Moxieproelite222|move: Toxic Spikes|[of] p2a: Glimmora
|-damage|p2a: Glimmora|88/100|[from] Stealth Rock
|turn|10
|
|t:|1779854097
|move|p1a: Glimmora|Spiky Shield|p1a: Glimmora
|-singleturn|p1a: Glimmora|move: Protect
|move|p2a: Glimmora|Mortal Spin|p1a: Glimmora
|-activate|p1a: Glimmora|move: Protect
|-damage|p2a: Glimmora|76/100|[from] Spiky Shield|[of] p1a: Glimmora
|
|-heal|p2a: Glimmora|82/100|[from] item: Black Sludge
|upkeep
|turn|11
|
|t:|1779854108
|move|p1a: Glimmora|Earth Power|p2a: Glimmora
|-supereffective|p2a: Glimmora
|-damage|p2a: Glimmora|0 fnt
|faint|p2a: Glimmora
|
|upkeep
|
|t:|1779854116
|switch|p2a: Armarouge|Armarouge, M|100/100
|-damage|p2a: Armarouge|76/100|[from] Stealth Rock
|turn|12
|
|t:|1779854122
|move|p1a: Glimmora|Spiky Shield|p1a: Glimmora
|-singleturn|p1a: Glimmora|move: Protect
|move|p2a: Armarouge|Energy Ball|p1a: Glimmora
|-activate|p1a: Glimmora|move: Protect
|
|-heal|p2a: Armarouge|82/100|[from] item: Leftovers
|upkeep
|turn|13
|
|t:|1779854133
|move|p2a: Armarouge|Energy Ball|p1a: Glimmora
|-damage|p1a: Glimmora|0 fnt
|faint|p1a: Glimmora
|
|-heal|p2a: Armarouge|88/100|[from] item: Leftovers
|upkeep
|
|t:|1779854139
|switch|p1a: Raging Bolt|Raging Bolt|100/100
|-enditem|p1a: Raging Bolt|Booster Energy
|-activate|p1a: Raging Bolt|ability: Protosynthesis|[fromitem]
|-start|p1a: Raging Bolt|protosynthesisspa
|turn|14
|
|t:|1779854145
|move|p2a: Armarouge|Calm Mind|p2a: Armarouge
|-boost|p2a: Armarouge|spa|1
|-boost|p2a: Armarouge|spd|1
|move|p1a: Raging Bolt|Calm Mind|p1a: Raging Bolt
|-boost|p1a: Raging Bolt|spa|1
|-boost|p1a: Raging Bolt|spd|1
|
|-heal|p2a: Armarouge|94/100|[from] item: Leftovers
|upkeep
|turn|15
|
|t:|1779854169
|move|p2a: Armarouge|Calm Mind|p2a: Armarouge
|-boost|p2a: Armarouge|spa|1
|-boost|p2a: Armarouge|spd|1
|move|p1a: Raging Bolt|Calm Mind|p1a: Raging Bolt
|-boost|p1a: Raging Bolt|spa|1
|-boost|p1a: Raging Bolt|spd|1
|
|-heal|p2a: Armarouge|99/100|[from] item: Leftovers
|upkeep
|turn|16
|
|t:|1779854179
|-end|p1a: Raging Bolt|Protosynthesis|[silent]
|switch|p1a: Blaziken|Blaziken, M|100/100
|move|p2a: Armarouge|Calm Mind|p2a: Armarouge
|-boost|p2a: Armarouge|spa|1
|-boost|p2a: Armarouge|spd|1
|
|-heal|p2a: Armarouge|100/100|[from] item: Leftovers
|upkeep
|turn|17
|
|t:|1779854188
|move|p1a: Blaziken|Shadow Claw|p2a: Armarouge
|-supereffective|p2a: Armarouge
|-damage|p2a: Armarouge|46/100
|move|p2a: Armarouge|Flame Charge|p1a: Blaziken
|-resisted|p1a: Blaziken
|-damage|p1a: Blaziken|91/100
|-boost|p2a: Armarouge|spe|1
|
|-heal|p2a: Armarouge|52/100|[from] item: Leftovers
|-ability|p1a: Blaziken|Speed Boost|boost
|-boost|p1a: Blaziken|spe|1
|upkeep
|turn|18
|
|t:|1779854201
|move|p1a: Blaziken|Shadow Claw|p2a: Armarouge
|-supereffective|p2a: Armarouge
|-damage|p2a: Armarouge|4/100
|move|p2a: Armarouge|Stored Power|p1a: Blaziken
|-supereffective|p1a: Blaziken
|-damage|p1a: Blaziken|0 fnt
|faint|p1a: Blaziken
|
|-heal|p2a: Armarouge|10/100|[from] item: Leftovers
|upkeep
|
|t:|1779854210
|switch|p1a: Ting-Lu|Ting-Lu, shiny|100/100
|-ability|p1a: Ting-Lu|Vessel of Ruin
|turn|19
|
|t:|1779854226
|move|p2a: Armarouge|Energy Ball|p1a: Ting-Lu
|-supereffective|p1a: Ting-Lu
|-damage|p1a: Ting-Lu|26/100
|-enditem|p1a: Ting-Lu|Sitrus Berry|[eat]
|-heal|p1a: Ting-Lu|51/100|[from] item: Sitrus Berry
|move|p1a: Ting-Lu|Throat Chop|p2a: Armarouge
|-supereffective|p2a: Armarouge
|-damage|p2a: Armarouge|0 fnt
|faint|p2a: Armarouge
|
|upkeep
|
|t:|1779854238
|switch|p2a: Ceruledge|Ceruledge, M|100/100
|-damage|p2a: Ceruledge|76/100|[from] Stealth Rock
|turn|20
|
|t:|1779854255
|-terastallize|p1a: Ting-Lu|Dark
|move|p2a: Ceruledge|Endure|p2a: Ceruledge
|-singleturn|p2a: Ceruledge|move: Endure
|move|p1a: Ting-Lu|Ruination|p2a: Ceruledge
|-damage|p2a: Ceruledge|38/100
|
|upkeep
|turn|21
|
|t:|1779854265
|move|p2a: Ceruledge|Swords Dance|p2a: Ceruledge
|-boost|p2a: Ceruledge|atk|2
|move|p1a: Ting-Lu|Throat Chop|p2a: Ceruledge
|-supereffective|p2a: Ceruledge
|-damage|p2a: Ceruledge|0 fnt
|faint|p2a: Ceruledge
|
|upkeep
|
|t:|1779854277
|switch|p2a: Hawlucha|Hawlucha, M, shiny|100/100
|-damage|p2a: Hawlucha|88/100|[from] Stealth Rock
|turn|22
|
|t:|1779854284
|move|p2a: Hawlucha|Swords Dance|p2a: Hawlucha
|-boost|p2a: Hawlucha|atk|2
|move|p1a: Ting-Lu|Ruination|p2a: Hawlucha
|-damage|p2a: Hawlucha|44/100
|-enditem|p2a: Hawlucha|Sitrus Berry|[eat]
|-heal|p2a: Hawlucha|69/100|[from] item: Sitrus Berry
|
|upkeep
|turn|23
|
|t:|1779854293
|move|p2a: Hawlucha|Drain Punch|p1a: Ting-Lu
|-supereffective|p1a: Ting-Lu
|-damage|p1a: Ting-Lu|0 fnt
|-heal|p2a: Hawlucha|100/100|[from] drain|[of] p1a: Ting-Lu
|faint|p1a: Ting-Lu
|
|upkeep
|
|t:|1779854309
|switch|p1a: Manaphy|Manaphy|100/100
|turn|24
|
|t:|1779854315
|move|p2a: Hawlucha|Thunder Punch|p1a: Manaphy
|-supereffective|p1a: Manaphy
|-damage|p1a: Manaphy|5/100
|move|p1a: Manaphy|Tail Glow|p1a: Manaphy
|-boost|p1a: Manaphy|spa|3
|
|upkeep
|turn|25
|
|t:|1779854326
|move|p2a: Hawlucha|Thunder Punch|p1a: Manaphy
|-supereffective|p1a: Manaphy
|-damage|p1a: Manaphy|0 fnt
|faint|p1a: Manaphy
|
|upkeep
|
|t:|1779854330
|switch|p1a: Raging Bolt|Raging Bolt|100/100
|turn|26
|
|t:|1779854338
|move|p1a: Raging Bolt|Thunderclap||[still]
|-fail|p1a: Raging Bolt
|move|p2a: Hawlucha|Swords Dance|p2a: Hawlucha
|-boost|p2a: Hawlucha|atk|2
|
|upkeep
|turn|27
|
|t:|1779854346
|move|p1a: Raging Bolt|Thunderclap|p2a: Hawlucha
|-supereffective|p2a: Hawlucha
|-damage|p2a: Hawlucha|0 fnt
|faint|p2a: Hawlucha
|
|win|sigmundtuff41
|raw|sigmundtuff41's rating: 1162 &rarr; <strong>1187</strong><br />(+25 for winning)
|raw|Moxieproelite222's rating: 1157 &rarr; <strong>1132</strong><br />(-25 for losing)
|l|‽Moxieproelite222
|player|p2|
