|j|☆RedemptiveSketch
|j|☆goodnightnite
|t:|1779881870
|gametype|singles
|player|p1|RedemptiveSketch|boarder-gen2|1763
|player|p2|goodnightnite|miku-water|1713
|gen|9
|tier|[Gen 9] OU
|rated|
|rule|HP Percentage Mod: HP is shown in percentages
|rule|Endless Battle Clause: Forcing endless battles is banned
|rule|Species Clause: Limit one of each Pokémon
|rule|OHKO Clause: OHKO moves are banned
|rule|Evasion Items Clause: Evasion items are banned
|rule|Evasion Moves Clause: Evasion moves are banned
|rule|Evasion Abilities Clause: Evasion abilities are banned
|rule|Sleep Moves Clause: Sleep-inducing moves are banned
|clearpoke
|poke|p1|Raging Bolt|
|poke|p1|Samurott-Hisui, F|
|poke|p1|Gholdengo|
|poke|p1|Great Tusk|
|poke|p1|Moltres|
|poke|p1|Ogerpon, F|
|poke|p2|Primarina, M|
|poke|p2|Zamazenta-*|
|poke|p2|Gholdengo|
|poke|p2|Rillaboom, M|
|poke|p2|Glimmora, M|
|poke|p2|Hydreigon, M|
|teampreview
|inactive|Battle timer is ON: inactive players will automatically lose when time's up. (requested by RedemptiveSketch)
|inactive|goodnightnite also wants the timer to be on.
|j| hattybatty304
|inactive|goodnightnite has 120 seconds left.
|
|t:|1779881909
|teamsize|p1|6
|teamsize|p2|6
|start
|switch|p1a: Ogerpon|Ogerpon, F|100/100
|switch|p2a: Celestine|Primarina, M, shiny|100/100
|turn|1
|
|t:|1779881914
|switch|p2a: Bullet|Glimmora, M, shiny|100/100
|move|p1a: Ogerpon|Knock Off|p2a: Bullet
|-damage|p2a: Bullet|76/100
|-activate|p2a: Bullet|ability: Toxic Debris
|-sidestart|p1: RedemptiveSketch|move: Toxic Spikes
|-enditem|p2a: Bullet|Red Card|[from] move: Knock Off|[of] p1a: Ogerpon
|
|upkeep
|turn|2
|inactive|RedemptiveSketch has 120 seconds left.
|
|t:|1779881950
|switch|p1a: Great Tusk|Great Tusk|100/100
|move|p2a: Bullet|Stealth Rock|p1a: Great Tusk
|-sidestart|p1: RedemptiveSketch|move: Stealth Rock
|
|upkeep
|turn|3
|inactive|RedemptiveSketch has 120 seconds left.
|
|t:|1779881957
|switch|p2a: Hybrid|Hydreigon, M, shiny|100/100
|move|p1a: Great Tusk|Ice Spinner|p2a: Hybrid
|-supereffective|p2a: Hybrid
|-damage|p2a: Hybrid|39/100
|
|upkeep
|turn|4
|
|t:|1779881962
|move|p2a: Hybrid|Draco Meteor|p1a: Great Tusk
|-damage|p1a: Great Tusk|0 fnt
|-unboost|p2a: Hybrid|spa|2
|faint|p1a: Great Tusk
|-end|p1a: Great Tusk|Protosynthesis|[silent]
|
|upkeep
|inactive|RedemptiveSketch has 120 seconds left.
|
|t:|1779881975
|switch|p1a: Ogerpon|Ogerpon, F|100/100
|turn|5
|
|t:|1779881980
|switch|p2a: Bullet|Glimmora, M, shiny|76/100
|move|p1a: Ogerpon|Ivy Cudgel|p2a: Bullet
|-damage|p2a: Bullet|43/100
|-activate|p2a: Bullet|ability: Toxic Debris
|-sidestart|p1: RedemptiveSketch|move: Toxic Spikes
|
|upkeep
|turn|6
|
|t:|1779881987
|-terastallize|p1a: Ogerpon|Grass
|detailschange|p1a: Ogerpon|Ogerpon-Teal-Tera, F, tera:Grass
|-ability|p1a: Ogerpon|Embody Aspect (Teal)|boost
|-boost|p1a: Ogerpon|spe|1
|move|p1a: Ogerpon|Ivy Cudgel|p2a: Bullet
|-damage|p2a: Bullet|0 fnt
|faint|p2a: Bullet
|
|upkeep
|
|t:|1779881992
|switch|p2a: Kong|Rillaboom, M, shiny|100/100
|-fieldstart|move: Grassy Terrain|[from] ability: Grassy Surge|[of] p2a: Kong
|turn|7
|
|t:|1779881998
|move|p1a: Ogerpon|Ivy Cudgel|p2a: Kong
|-resisted|p2a: Kong
|-damage|p2a: Kong|54/100
|move|p2a: Kong|Knock Off|p1a: Ogerpon
|-damage|p1a: Ogerpon|41/100
|-enditem|p1a: Ogerpon|Heavy-Duty Boots|[from] move: Knock Off|[of] p2a: Kong
|-damage|p2a: Kong|44/100|[from] item: Life Orb
|
|-heal|p1a: Ogerpon|47/100|[from] Grassy Terrain
|-heal|p2a: Kong|50/100|[from] Grassy Terrain
|upkeep
|turn|8
|
|t:|1779882007
|switch|p2a: Spirit Rush|Gholdengo, shiny|100/100
|-enditem|p2a: Spirit Rush|Grassy Seed
|-boost|p2a: Spirit Rush|def|1|[from] item: Grassy Seed
|move|p1a: Ogerpon|Ivy Cudgel|p2a: Spirit Rush
|-resisted|p2a: Spirit Rush
|-damage|p2a: Spirit Rush|74/100
|
|-heal|p1a: Ogerpon|53/100|[from] Grassy Terrain
|-heal|p2a: Spirit Rush|80/100|[from] Grassy Terrain
|upkeep
|turn|9
|
|t:|1779882017
|move|p1a: Ogerpon|Swords Dance|p1a: Ogerpon
|-boost|p1a: Ogerpon|atk|2
|move|p2a: Spirit Rush|Make It Rain|p1a: Ogerpon
|-damage|p1a: Ogerpon|0 fnt
|-unboost|p2a: Spirit Rush|spa|1
|faint|p1a: Ogerpon
|detailschange|p1: Ogerpon|Ogerpon, F|[silent]
|
|-heal|p2a: Spirit Rush|86/100|[from] Grassy Terrain
|upkeep
|j| deadbyflinch
|
|t:|1779882026
|switch|p1a: Samurott|Samurott-Hisui, F|100/100
|-status|p1a: Samurott|tox
|-damage|p1a: Samurott|88/100 tox|[from] Stealth Rock
|turn|10
|
|t:|1779882031
|switch|p2a: Celestine|Primarina, M, shiny|100/100
|move|p1a: Samurott|Ceaseless Edge|p2a: Celestine
|-resisted|p2a: Celestine
|-damage|p2a: Celestine|76/100
|-sidestart|p2: goodnightnite|Spikes
|
|-heal|p1a: Samurott|94/100 tox|[from] Grassy Terrain
|-heal|p2a: Celestine|82/100|[from] Grassy Terrain
|-damage|p1a: Samurott|88/100 tox|[from] psn
|upkeep
|turn|11
|
|t:|1779882035
|move|p1a: Samurott|Ceaseless Edge|p2a: Celestine
|-resisted|p2a: Celestine
|-damage|p2a: Celestine|56/100
|-sidestart|p2: goodnightnite|Spikes
|move|p2a: Celestine|Moonblast|p1a: Samurott
|-supereffective|p1a: Samurott
|-damage|p1a: Samurott|13/100 tox
|
|-heal|p1a: Samurott|19/100 tox|[from] Grassy Terrain
|-heal|p2a: Celestine|62/100|[from] Grassy Terrain
|-damage|p1a: Samurott|7/100 tox|[from] psn
|-fieldend|move: Grassy Terrain
|upkeep
|turn|12
|l| deadbyflinch
|
|t:|1779882041
|move|p1a: Samurott|Ceaseless Edge|p2a: Celestine
|-resisted|p2a: Celestine
|-damage|p2a: Celestine|35/100
|-sidestart|p2: goodnightnite|Spikes
|move|p2a: Celestine|Flip Turn|p1a: Samurott
|-resisted|p1a: Samurott
|-damage|p1a: Samurott|0 fnt
|faint|p1a: Samurott
|
|t:|1779882046
|switch|p2a: Hybrid|Hydreigon, M, shiny|39/100|[from] Flip Turn
|
|upkeep
|
|t:|1779882050
|switch|p1a: Gholdengo|Gholdengo|100/100
|-damage|p1a: Gholdengo|94/100|[from] Stealth Rock
|turn|13
|
|t:|1779882060
|-terastallize|p2a: Hybrid|Steel
|move|p1a: Gholdengo|Make It Rain|p2a: Hybrid
|-resisted|p2a: Hybrid
|-damage|p2a: Hybrid|5/100
|-unboost|p1a: Gholdengo|spa|1
|move|p2a: Hybrid|Dark Pulse|p1a: Gholdengo
|-supereffective|p1a: Gholdengo
|-damage|p1a: Gholdengo|0 fnt
|faint|p1a: Gholdengo
|
|upkeep
|
|t:|1779882066
|switch|p1a: Moltres|Moltres|100/100
|turn|14
|
|t:|1779882069
|move|p2a: Hybrid|Dark Pulse|p1a: Moltres
|-damage|p1a: Moltres|46/100
|cant|p1a: Moltres|flinch
|
|upkeep
|turn|15
|
|t:|1779882076
|switch|p1a: Raging Bolt|Raging Bolt|100/100
|-status|p1a: Raging Bolt|tox
|-damage|p1a: Raging Bolt|88/100 tox|[from] Stealth Rock
|move|p2a: Hybrid|Dark Pulse|p1a: Raging Bolt
|-damage|p1a: Raging Bolt|37/100 tox
|
|-heal|p1a: Raging Bolt|44/100 tox|[from] item: Leftovers
|-damage|p1a: Raging Bolt|37/100 tox|[from] psn
|upkeep
|turn|16
|
|t:|1779882086
|switch|p2a: Celestine|Primarina, M, shiny|35/100
|-damage|p2a: Celestine|10/100|[from] Spikes
|move|p1a: Raging Bolt|Thunderbolt|p2a: Celestine
|-supereffective|p2a: Celestine
|-damage|p2a: Celestine|0 fnt
|faint|p2a: Celestine
|
|-heal|p1a: Raging Bolt|44/100 tox|[from] item: Leftovers
|-damage|p1a: Raging Bolt|31/100 tox|[from] psn
|upkeep
|
|t:|1779882095
|switch|p2a: Trojan|Zamazenta, shiny|100/100
|-damage|p2a: Trojan|76/100|[from] Spikes
|-ability|p2a: Trojan|Dauntless Shield|boost
|-boost|p2a: Trojan|def|1
|turn|17
|
|t:|1779882099
|move|p2a: Trojan|Substitute|p2a: Trojan
|-start|p2a: Trojan|Substitute
|-damage|p2a: Trojan|51/100
|move|p1a: Raging Bolt|Dragon Pulse|p2a: Trojan
|-end|p2a: Trojan|Substitute
|
|-heal|p2a: Trojan|57/100|[from] item: Leftovers
|-heal|p1a: Raging Bolt|37/100 tox|[from] item: Leftovers
|-damage|p1a: Raging Bolt|19/100 tox|[from] psn
|upkeep
|turn|18
|
|t:|1779882106
|move|p2a: Trojan|Substitute|p2a: Trojan
|-start|p2a: Trojan|Substitute
|-damage|p2a: Trojan|32/100
|move|p1a: Raging Bolt|Thunderbolt|p2a: Trojan
|-end|p2a: Trojan|Substitute
|
|-heal|p2a: Trojan|38/100|[from] item: Leftovers
|-heal|p1a: Raging Bolt|25/100 tox|[from] item: Leftovers
|-damage|p1a: Raging Bolt|0 fnt|[from] psn
|faint|p1a: Raging Bolt
|-end|p1a: Raging Bolt|Protosynthesis|[silent]
|upkeep
|
|t:|1779882110
|switch|p1a: Moltres|Moltres|46/100
|turn|19
|
|t:|1779882114
|move|p2a: Trojan|Iron Defense|p2a: Trojan
|-boost|p2a: Trojan|def|2
|move|p1a: Moltres|Roost|p1a: Moltres
|-heal|p1a: Moltres|96/100
|-singleturn|p1a: Moltres|move: Roost
|
|-heal|p2a: Trojan|45/100|[from] item: Leftovers
|upkeep
|turn|20
|
|t:|1779882119
|move|p2a: Trojan|Substitute|p2a: Trojan
|-start|p2a: Trojan|Substitute
|-damage|p2a: Trojan|20/100
|move|p1a: Moltres|Flamethrower|p2a: Trojan
|-end|p2a: Trojan|Substitute
|
|-heal|p2a: Trojan|26/100|[from] item: Leftovers
|upkeep
|turn|21
|
|t:|1779882123
|move|p2a: Trojan|Body Press|p1a: Moltres
|-resisted|p1a: Moltres
|-damage|p1a: Moltres|66/100
|move|p1a: Moltres|Flamethrower|p2a: Trojan
|-damage|p2a: Trojan|0 fnt
|faint|p2a: Trojan
|
|upkeep
|
|t:|1779882127
|switch|p2a: Hybrid|Hydreigon, M, shiny, tera:Steel|5/100
|turn|22
|
|t:|1779882130
|move|p2a: Hybrid|Draco Meteor|p1a: Moltres
|-damage|p1a: Moltres|0 fnt
|-unboost|p2a: Hybrid|spa|2
|faint|p1a: Moltres
|
|win|goodnightnite
|raw|RedemptiveSketch's rating: 1763 &rarr; <strong>1740</strong><br />(-23 for losing)
|raw|goodnightnite's rating: 1713 &rarr; <strong>1736</strong><br />(+23 for winning)
|l|☆RedemptiveSketch
|player|p1|
|l| hattybatty304
