|j|☆Oddsin
|j|☆unimii
|t:|1779904209
|gametype|singles
|player|p1|Oddsin|gambler|1231
|player|p2|unimii|roxie|1127
|gen|9
|tier|[Gen 9] OU
|rated|
|rule|HP Percentage Mod: HP is shown in percentages
|rule|Endless Battle Clause: Forcing endless battles is banned
|rule|Species Clause: Limit one of each Pokémon
|rule|OHKO Clause: OHKO moves are banned
|rule|Evasion Items Clause: Evasion items are banned
|rule|Evasion Moves Clause: Evasion moves are banned
|rule|Evasion Abilities Clause: Evasion abilities are banned
|rule|Sleep Moves Clause: Sleep-inducing moves are banned
|clearpoke
|poke|p1|Pelipper, F|
|poke|p1|Dragapult, F|
|poke|p1|Zoroark-Hisui, M|
|poke|p1|Dondozo, M|
|poke|p1|Blastoise, F|
|poke|p1|Jolteon, F|
|poke|p2|Gholdengo|
|poke|p2|Garganacl, F|
|poke|p2|Polteageist|
|poke|p2|Maushold-Four|
|poke|p2|Ogerpon-Wellspring, F|
|poke|p2|Sylveon, M|
|teampreview
|inactive|Battle timer is ON: inactive players will automatically lose when time's up. (requested by unimii)
|
|t:|1779904218
|teamsize|p1|6
|teamsize|p2|6
|start
|switch|p1a: Pelipper|Pelipper, F|100/100
|switch|p2a: Sazon|Garganacl, F|100/100
|-weather|RainDance|[from] ability: Drizzle|[of] p1a: Pelipper
|turn|1
|
|t:|1779904226
|-terastallize|p2a: Sazon|Water
|move|p1a: Pelipper|U-turn|p2a: Sazon
|-damage|p2a: Sazon|95/100
|
|t:|1779904234
|switch|p1a: Jolteon|Jolteon, F|100/100|[from] U-turn
|move|p2a: Sazon|Iron Defense|p2a: Sazon
|-boost|p2a: Sazon|def|2
|
|-weather|RainDance|[upkeep]
|-heal|p2a: Sazon|100/100|[from] item: Leftovers
|-status|p1a: Jolteon|brn|[from] item: Flame Orb
|upkeep
|turn|2
|
|t:|1779904245
|move|p1a: Jolteon|Calm Mind|p1a: Jolteon
|-boost|p1a: Jolteon|spa|1
|-boost|p1a: Jolteon|spd|1
|move|p2a: Sazon|Salt Cure|p1a: Jolteon
|-damage|p1a: Jolteon|79/100 brn
|-start|p1a: Jolteon|Salt Cure
|
|-weather|RainDance|[upkeep]
|-damage|p1a: Jolteon|73/100 brn|[from] brn
|-damage|p1a: Jolteon|60/100 brn|[from] Salt Cure
|upkeep
|turn|3
|
|t:|1779904254
|move|p1a: Jolteon|Thunder|p2a: Sazon
|-supereffective|p2a: Sazon
|-damage|p2a: Sazon|0 fnt
|faint|p2a: Sazon
|
|-weather|RainDance|[upkeep]
|-damage|p1a: Jolteon|54/100 brn|[from] brn
|-damage|p1a: Jolteon|42/100 brn|[from] Salt Cure
|upkeep
|
|t:|1779904261
|switch|p2a: Biribinha|Polteageist, shiny|100/100
|turn|4
|
|t:|1779904266
|move|p1a: Jolteon|Volt Switch|p2a: Biribinha
|-damage|p2a: Biribinha|34/100
|
|t:|1779904274
|switch|p1a: Dragapult|Dragapult, F|100/100|[from] Volt Switch
|move|p2a: Biribinha|Shell Smash|p2a: Biribinha
|-unboost|p2a: Biribinha|def|1
|-unboost|p2a: Biribinha|spd|1
|-boost|p2a: Biribinha|atk|2
|-boost|p2a: Biribinha|spa|2
|-boost|p2a: Biribinha|spe|2
|
|-weather|RainDance|[upkeep]
|upkeep
|turn|5
|
|t:|1779904283
|move|p2a: Biribinha|Sucker Punch|p1a: Dragapult
|-supereffective|p1a: Dragapult
|-damage|p1a: Dragapult|2/100
|replace|p1a: Zoroark|Zoroark-Hisui, M
|-end|p1a: Zoroark|Illusion
|move|p1a: Zoroark|Shadow Ball|p2a: Biribinha
|-supereffective|p2a: Biribinha
|-damage|p2a: Biribinha|0 fnt
|faint|p2a: Biribinha
|
|-weather|RainDance|[upkeep]
|upkeep
|
|t:|1779904292
|switch|p2a: Mith|Sylveon, M, shiny|100/100
|turn|6
|
|t:|1779904296
|move|p1a: Zoroark|Hyper Voice|p2a: Mith
|-damage|p2a: Mith|63/100
|move|p2a: Mith|Hyper Voice|p1a: Zoroark
|-damage|p1a: Zoroark|0 fnt
|faint|p1a: Zoroark
|
|-weather|RainDance|[upkeep]
|-heal|p2a: Mith|69/100|[from] item: Leftovers
|upkeep
|
|t:|1779904307
|switch|p1a: Blastoise|Blastoise, F|100/100
|turn|7
|
|t:|1779904310
|move|p1a: Blastoise|Liquidation|p2a: Mith
|-damage|p2a: Mith|36/100
|move|p2a: Mith|Light Screen|p2a: Mith
|-sidestart|p2: unimii|move: Light Screen
|
|-weather|RainDance|[upkeep]
|-heal|p2a: Mith|42/100|[from] item: Leftovers
|upkeep
|turn|8
|
|t:|1779904316
|move|p1a: Blastoise|Liquidation|p2a: Mith
|-damage|p2a: Mith|11/100
|move|p2a: Mith|Wish|p2a: Mith
|
|-weather|none
|-heal|p2a: Mith|18/100|[from] item: Leftovers
|upkeep
|turn|9
|
|t:|1779904322
|switch|p1a: Pelipper|Pelipper, F|100/100
|-weather|RainDance|[from] ability: Drizzle|[of] p1a: Pelipper
|move|p2a: Mith|Protect||[still]
|-fail|p2a: Mith
|
|-weather|RainDance|[upkeep]
|-heal|p2a: Mith|68/100|[from] move: Wish|[wisher] Mith
|-heal|p2a: Mith|74/100|[from] item: Leftovers
|upkeep
|turn|10
|
|t:|1779904329
|move|p1a: Pelipper|U-turn|p2a: Mith
|-resisted|p2a: Mith
|-damage|p2a: Mith|70/100
|
|t:|1779904330
|switch|p1a: Jolteon|Jolteon, F|42/100 brn|[from] U-turn
|move|p2a: Mith|Wish|p2a: Mith
|
|-weather|RainDance|[upkeep]
|-heal|p2a: Mith|76/100|[from] item: Leftovers
|-damage|p1a: Jolteon|36/100 brn|[from] brn
|upkeep
|turn|11
|
|t:|1779904336
|move|p1a: Jolteon|Calm Mind|p1a: Jolteon
|-boost|p1a: Jolteon|spa|1
|-boost|p1a: Jolteon|spd|1
|move|p2a: Mith|Hyper Voice|p1a: Jolteon
|-damage|p1a: Jolteon|5/100 brn
|
|-weather|RainDance|[upkeep]
|-heal|p2a: Mith|100/100|[from] move: Wish|[wisher] Mith
|-damage|p1a: Jolteon|0 fnt|[from] brn
|faint|p1a: Jolteon
|-sideend|p2: unimii|move: Light Screen
|upkeep
|
|t:|1779904342
|switch|p1a: Dondozo|Dondozo, M|100/100
|turn|12
|
|t:|1779904350
|move|p2a: Mith|Hyper Voice|p1a: Dondozo
|-damage|p1a: Dondozo|63/100
|move|p1a: Dondozo|Curse|p1a: Dondozo
|-unboost|p1a: Dondozo|spe|1
|-boost|p1a: Dondozo|atk|1
|-boost|p1a: Dondozo|def|1
|
|-weather|RainDance|[upkeep]
|upkeep
|turn|13
|
|t:|1779904357
|move|p2a: Mith|Hyper Voice|p1a: Dondozo
|-damage|p1a: Dondozo|21/100
|move|p1a: Dondozo|Wave Crash|p2a: Mith
|-damage|p2a: Mith|9/100
|-damage|p1a: Dondozo|0 fnt|[from] Recoil
|faint|p1a: Dondozo
|
|-weather|RainDance|[upkeep]
|-heal|p2a: Mith|15/100|[from] item: Leftovers
|upkeep
|
|t:|1779904360
|switch|p1a: Dragapult|Dragapult, F|100/100
|turn|14
|
|t:|1779904367
|move|p1a: Dragapult|U-turn|p2a: Mith
|-resisted|p2a: Mith
|-damage|p2a: Mith|2/100
|
|t:|1779904370
|switch|p1a: Pelipper|Pelipper, F|100/100|[from] U-turn
|move|p2a: Mith|Wish|p2a: Mith
|
|-weather|RainDance|[upkeep]
|-heal|p2a: Mith|8/100|[from] item: Leftovers
|upkeep
|turn|15
|
|t:|1779904380
|move|p2a: Mith|Protect|p2a: Mith
|-singleturn|p2a: Mith|Protect
|move|p1a: Pelipper|Tailwind|p1a: Pelipper
|-sidestart|p1: Oddsin|move: Tailwind
|
|-weather|RainDance|[upkeep]
|-heal|p2a: Mith|58/100|[from] move: Wish|[wisher] Mith
|-heal|p2a: Mith|64/100|[from] item: Leftovers
|upkeep
|turn|16
|
|t:|1779904386
|move|p1a: Pelipper|Hydro Pump|p2a: Mith
|-damage|p2a: Mith|9/100
|move|p2a: Mith|Hyper Voice|p1a: Pelipper
|-damage|p1a: Pelipper|43/100
|
|-weather|none
|-heal|p2a: Mith|15/100|[from] item: Leftovers
|upkeep
|turn|17
|
|t:|1779904398
|move|p2a: Mith|Protect|p2a: Mith
|-singleturn|p2a: Mith|Protect
|move|p1a: Pelipper|Hydro Pump|p2a: Mith
|-activate|p2a: Mith|move: Protect
|
|-heal|p2a: Mith|21/100|[from] item: Leftovers
|upkeep
|turn|18
|
|t:|1779904405
|move|p1a: Pelipper|Hydro Pump|p2a: Mith|[miss]
|-miss|p1a: Pelipper|p2a: Mith
|move|p2a: Mith|Wish|p2a: Mith
|
|-heal|p2a: Mith|27/100|[from] item: Leftovers
|-sideend|p1: Oddsin|move: Tailwind
|upkeep
|turn|19
|
|t:|1779904410
|switch|p1a: Blastoise|Blastoise, F|100/100
|move|p2a: Mith|Protect||[still]
|-fail|p2a: Mith
|
|-heal|p2a: Mith|77/100|[from] move: Wish|[wisher] Mith
|-heal|p2a: Mith|83/100|[from] item: Leftovers
|upkeep
|turn|20
|
|t:|1779904417
|switch|p1a: Pelipper|Pelipper, F|43/100
|-weather|RainDance|[from] ability: Drizzle|[of] p1a: Pelipper
|move|p2a: Mith|Hyper Voice|p1a: Pelipper
|-damage|p1a: Pelipper|0 fnt
|faint|p1a: Pelipper
|
|-weather|RainDance|[upkeep]
|-heal|p2a: Mith|90/100|[from] item: Leftovers
|upkeep
|
|t:|1779904425
|switch|p1a: Blastoise|Blastoise, F|100/100
|turn|21
|-message|Oddsin forfeited.
|
|win|unimii
|raw|Oddsin's rating: 1231 &rarr; <strong>1199</strong><br />(-32 for losing)
|raw|unimii's rating: 1127 &rarr; <strong>1159</strong><br />(+32 for winning)
|l|☆Oddsin
|player|p1|
