|j|☆Omari P
|j|☆AmygdalanResponse
|t:|1779940373
|gametype|singles
|player|p1|Omari P|pokemonrangerf|1475
|player|p2|AmygdalanResponse|marshal|1505
|gen|9
|tier|[Gen 9] OU
|rated|
|rule|HP Percentage Mod: HP is shown in percentages
|rule|Endless Battle Clause: Forcing endless battles is banned
|rule|Species Clause: Limit one of each Pokémon
|rule|OHKO Clause: OHKO moves are banned
|rule|Evasion Items Clause: Evasion items are banned
|rule|Evasion Moves Clause: Evasion moves are banned
|rule|Evasion Abilities Clause: Evasion abilities are banned
|rule|Sleep Moves Clause: Sleep-inducing moves are banned
|clearpoke
|poke|p1|Volcanion|
|poke|p1|Torkoal, M|
|poke|p1|Slither Wing|
|poke|p1|Rillaboom, F|
|poke|p1|Ceruledge, M|
|poke|p1|Venusaur, F|
|poke|p2|Ribombee, F|
|poke|p2|Manaphy|
|poke|p2|Ceruledge, M|
|poke|p2|Great Tusk|
|poke|p2|Ogerpon-Cornerstone, F|
|poke|p2|Enamorus, F|
|teampreview
|c|☆AmygdalanResponse|gl hf
|inactive|Battle timer is ON: inactive players will automatically lose when time's up. (requested by AmygdalanResponse)
|
|t:|1779940460
|teamsize|p1|6
|teamsize|p2|6
|start
|switch|p1a: Torkoal|Torkoal, M, shiny|100/100
|switch|p2a: Ribombee|Ribombee, F|100/100
|-weather|SunnyDay|[from] ability: Drought|[of] p1a: Torkoal
|turn|1
|
|t:|1779940490
|move|p2a: Ribombee|Stun Spore|p1a: Torkoal|[miss]
|-miss|p2a: Ribombee|p1a: Torkoal
|move|p1a: Torkoal|Fire Blast|p2a: Ribombee
|-supereffective|p2a: Ribombee
|-enditem|p2a: Ribombee|Focus Sash
|-damage|p2a: Ribombee|1/100
|
|-weather|SunnyDay|[upkeep]
|upkeep
|turn|2
|inactive|Omari P has 120 seconds left.
|
|t:|1779940537
|-terastallize|p2a: Ribombee|Ghost
|move|p2a: Ribombee|Sticky Web|p1a: Torkoal
|-sidestart|p1: Omari P|move: Sticky Web
|move|p1a: Torkoal|Rapid Spin|p2a: Ribombee
|-immune|p2a: Ribombee
|
|-weather|SunnyDay|[upkeep]
|upkeep
|turn|3
|c|☆Omari P|honestly
|c|☆Omari P|thats not a great move
|c|☆AmygdalanResponse|I may regret it
|inactive|AmygdalanResponse has 120 seconds left.
|
|t:|1779940567
|move|p2a: Ribombee|Moonblast|p1a: Torkoal
|-resisted|p1a: Torkoal
|-damage|p1a: Torkoal|75/100
|-unboost|p1a: Torkoal|spa|1
|move|p1a: Torkoal|Stealth Rock|p2a: Ribombee
|-sidestart|p2: AmygdalanResponse|move: Stealth Rock
|
|-weather|SunnyDay|[upkeep]
|upkeep
|turn|4
|inactive|AmygdalanResponse has 120 seconds left.
|
|t:|1779940575
|move|p2a: Ribombee|Moonblast|p1a: Torkoal
|-resisted|p1a: Torkoal
|-damage|p1a: Torkoal|46/100
|-unboost|p1a: Torkoal|spa|1
|move|p1a: Torkoal|Earth Power|p2a: Ribombee
|-damage|p2a: Ribombee|0 fnt
|faint|p2a: Ribombee
|
|-weather|SunnyDay|[upkeep]
|upkeep
|
|t:|1779940580
|switch|p2a: Great Tusk|Great Tusk|100/100
|-activate|p2a: Great Tusk|ability: Protosynthesis
|-start|p2a: Great Tusk|protosynthesisatk
|turn|5
|
|t:|1779940583
|switch|p1a: Ceruledge|Ceruledge, M|100/100
|-activate|p1a: Ceruledge|move: Sticky Web
|-unboost|p1a: Ceruledge|spe|1
|move|p2a: Great Tusk|Headlong Rush|p1a: Ceruledge
|-supereffective|p1a: Ceruledge
|-damage|p1a: Ceruledge|0 fnt
|-unboost|p2a: Great Tusk|def|1
|-unboost|p2a: Great Tusk|spd|1
|faint|p1a: Ceruledge
|
|-weather|SunnyDay|[upkeep]
|upkeep
|
|t:|1779940585
|switch|p1a: Venusaur|Venusaur, F|100/100
|-activate|p1a: Venusaur|move: Sticky Web
|-unboost|p1a: Venusaur|spe|1
|turn|6
|
|t:|1779940599
|-end|p2a: Great Tusk|Protosynthesis|[silent]
|switch|p2a: Manaphy|Manaphy|100/100
|-damage|p2a: Manaphy|88/100|[from] Stealth Rock
|move|p1a: Venusaur|Solar Beam||[still]
|-prepare|p1a: Venusaur|Solar Beam
|-anim|p1a: Venusaur|Solar Beam|p2a: Manaphy
|-supereffective|p2a: Manaphy
|-damage|p2a: Manaphy|0 fnt
|faint|p2a: Manaphy
|-damage|p1a: Venusaur|91/100|[from] item: Life Orb
|
|-weather|SunnyDay|[upkeep]
|upkeep
|
|t:|1779940607
|switch|p2a: Ceruledge|Ceruledge, M|100/100
|-damage|p2a: Ceruledge|76/100|[from] Stealth Rock
|-item|p2a: Ceruledge|Air Balloon
|turn|7
|
|t:|1779940610
|move|p1a: Venusaur|Solar Beam||[still]
|-prepare|p1a: Venusaur|Solar Beam
|-anim|p1a: Venusaur|Solar Beam|p2a: Ceruledge
|-resisted|p2a: Ceruledge
|-damage|p2a: Ceruledge|37/100
|-enditem|p2a: Ceruledge|Air Balloon
|-damage|p1a: Venusaur|81/100|[from] item: Life Orb
|move|p2a: Ceruledge|Bitter Blade|p1a: Venusaur
|-supereffective|p1a: Venusaur
|-damage|p1a: Venusaur|0 fnt
|-heal|p2a: Ceruledge|79/100|[from] drain|[of] p1a: Venusaur
|faint|p1a: Venusaur
|
|-weather|SunnyDay|[upkeep]
|upkeep
|
|t:|1779940613
|switch|p1a: Volcanion|Volcanion|100/100
|-activate|p1a: Volcanion|move: Sticky Web
|-unboost|p1a: Volcanion|spe|1
|turn|8
|
|t:|1779940619
|move|p2a: Ceruledge|Poltergeist|p1a: Volcanion
|-activate|p1a: Volcanion|move: Poltergeist|Choice Specs
|-damage|p1a: Volcanion|46/100
|move|p1a: Volcanion|Earth Power|p2a: Ceruledge
|-supereffective|p2a: Ceruledge
|-damage|p2a: Ceruledge|0 fnt
|faint|p2a: Ceruledge
|
|-weather|none
|upkeep
|
|t:|1779940626
|switch|p2a: Great Tusk|Great Tusk|100/100
|turn|9
|
|t:|1779940637
|switch|p1a: Torkoal|Torkoal, M, shiny|46/100
|-activate|p1a: Torkoal|move: Sticky Web
|-unboost|p1a: Torkoal|spe|1
|-weather|SunnyDay|[from] ability: Drought|[of] p1a: Torkoal
|-activate|p2a: Great Tusk|ability: Protosynthesis
|-start|p2a: Great Tusk|protosynthesisatk
|move|p2a: Great Tusk|Rapid Spin|p1a: Torkoal
|-damage|p1a: Torkoal|31/100
|-boost|p2a: Great Tusk|spe|1
|-sideend|p2: AmygdalanResponse|Stealth Rock|[from] move: Rapid Spin|[of] p2a: Great Tusk
|
|-weather|SunnyDay|[upkeep]
|upkeep
|turn|10
|
|t:|1779940652
|move|p2a: Great Tusk|Headlong Rush|p1a: Torkoal
|-supereffective|p1a: Torkoal
|-damage|p1a: Torkoal|0 fnt
|-unboost|p2a: Great Tusk|def|1
|-unboost|p2a: Great Tusk|spd|1
|faint|p1a: Torkoal
|
|-weather|SunnyDay|[upkeep]
|upkeep
|
|t:|1779940654
|switch|p1a: Rillaboom|Rillaboom, F|100/100
|-activate|p1a: Rillaboom|move: Sticky Web
|-unboost|p1a: Rillaboom|spe|1
|-fieldstart|move: Grassy Terrain|[from] ability: Grassy Surge|[of] p1a: Rillaboom
|turn|11
|
|t:|1779940666
|move|p1a: Rillaboom|Grassy Glide|p2a: Great Tusk
|-supereffective|p2a: Great Tusk
|-damage|p2a: Great Tusk|0 fnt
|faint|p2a: Great Tusk
|-end|p2a: Great Tusk|Protosynthesis|[silent]
|-damage|p1a: Rillaboom|91/100|[from] item: Life Orb
|
|-weather|SunnyDay|[upkeep]
|-heal|p1a: Rillaboom|97/100|[from] Grassy Terrain
|upkeep
|
|t:|1779940671
|switch|p2a: Enamorus|Enamorus, F|100/100
|turn|12
|
|t:|1779940676
|switch|p1a: Volcanion|Volcanion|46/100
|-activate|p1a: Volcanion|move: Sticky Web
|-unboost|p1a: Volcanion|spe|1
|move|p2a: Enamorus|Moonblast|p1a: Volcanion
|-resisted|p1a: Volcanion
|-damage|p1a: Volcanion|0 fnt
|faint|p1a: Volcanion
|
|-weather|SunnyDay|[upkeep]
|upkeep
|
|t:|1779940679
|switch|p1a: Rillaboom|Rillaboom, F|97/100
|-activate|p1a: Rillaboom|move: Sticky Web
|-unboost|p1a: Rillaboom|spe|1
|turn|13
|
|t:|1779940684
|-terastallize|p1a: Rillaboom|Grass
|move|p2a: Enamorus|Moonblast|p1a: Rillaboom
|-damage|p1a: Rillaboom|3/100
|-unboost|p1a: Rillaboom|spa|1
|move|p1a: Rillaboom|Solar Blade||[still]
|-prepare|p1a: Rillaboom|Solar Blade
|-anim|p1a: Rillaboom|Solar Blade|p2a: Enamorus
|-resisted|p2a: Enamorus
|-damage|p2a: Enamorus|0 fnt
|faint|p2a: Enamorus
|-damage|p1a: Rillaboom|0 fnt|[from] item: Life Orb
|faint|p1a: Rillaboom
|
|-weather|SunnyDay|[upkeep]
|upkeep
|
|t:|1779940688
|switch|p2a: Ogerpon|Ogerpon-Cornerstone, F|100/100
|switch|p1a: Slither Wing|Slither Wing|100/100
|-activate|p1a: Slither Wing|move: Sticky Web
|-unboost|p1a: Slither Wing|spe|1
|-activate|p1a: Slither Wing|ability: Protosynthesis
|-start|p1a: Slither Wing|protosynthesisatk
|turn|14
|
|t:|1779940696
|move|p1a: Slither Wing|First Impression|p2a: Ogerpon
|-supereffective|p2a: Ogerpon
|-ability|p2a: Ogerpon|Sturdy
|-damage|p2a: Ogerpon|1/100
|move|p2a: Ogerpon|Ivy Cudgel|p1a: Slither Wing|[anim] Ivy Cudgel Rock
|-damage|p1a: Slither Wing|36/100
|
|-weather|SunnyDay|[upkeep]
|-heal|p2a: Ogerpon|7/100|[from] Grassy Terrain
|-heal|p1a: Slither Wing|42/100|[from] Grassy Terrain
|upkeep
|turn|15
|
|t:|1779940699
|move|p2a: Ogerpon|Ivy Cudgel|p1a: Slither Wing|[anim] Ivy Cudgel Rock
|-damage|p1a: Slither Wing|0 fnt
|faint|p1a: Slither Wing
|-end|p1a: Slither Wing|Protosynthesis|[silent]
|
|win|AmygdalanResponse
|raw|Omari P's rating: 1475 &rarr; <strong>1456</strong><br />(-19 for losing)
|raw|AmygdalanResponse's rating: 1489 &rarr; <strong>1508</strong><br />(+19 for winning)
|c|☆Omari P|gg
|l|☆Omari P
|player|p1|
