|j|☆321Godspeed
|j|☆fghjk99
|t:|1779855558
|gametype|singles
|player|p1|321Godspeed|266|1294
|player|p2|fghjk99|gambler|1308
|gen|9
|tier|[Gen 9] OU
|rated|
|rule|HP Percentage Mod: HP is shown in percentages
|rule|Endless Battle Clause: Forcing endless battles is banned
|rule|Species Clause: Limit one of each Pokémon
|rule|OHKO Clause: OHKO moves are banned
|rule|Evasion Items Clause: Evasion items are banned
|rule|Evasion Moves Clause: Evasion moves are banned
|rule|Evasion Abilities Clause: Evasion abilities are banned
|rule|Sleep Moves Clause: Sleep-inducing moves are banned
|clearpoke
|poke|p1|Iron Moth|
|poke|p1|Gliscor, F|
|poke|p1|Hatterene, F|
|poke|p1|Ogerpon-Wellspring, F|
|poke|p1|Raging Bolt|
|poke|p1|Zamazenta-*|
|poke|p2|Dragapult, F|
|poke|p2|Hydrapple, F|
|poke|p2|Samurott-Hisui, F|
|poke|p2|Zamazenta-*|
|poke|p2|Weezing-Galar, M|
|poke|p2|Heatran, M|
|teampreview
|inactive|Battle timer is ON: inactive players will automatically lose when time's up. (requested by fghjk99)
|
|t:|1779855572
|teamsize|p1|6
|teamsize|p2|6
|start
|switch|p1a: Zamazenta|Zamazenta|100/100
|switch|p2a: Dragapult|Dragapult, F|100/100
|-ability|p1a: Zamazenta|Dauntless Shield|boost
|-boost|p1a: Zamazenta|def|1
|turn|1
|
|t:|1779855578
|move|p2a: Dragapult|Will-O-Wisp|p1a: Zamazenta
|-status|p1a: Zamazenta|brn
|move|p1a: Zamazenta|Light Screen|p1a: Zamazenta
|-sidestart|p1: 321Godspeed|move: Light Screen
|
|-damage|p1a: Zamazenta|94/100 brn|[from] brn
|upkeep
|turn|2
|
|t:|1779855588
|move|p2a: Dragapult|Hex|p1a: Zamazenta
|-damage|p1a: Zamazenta|50/100 brn
|move|p1a: Zamazenta|Reflect|p1a: Zamazenta
|-sidestart|p1: 321Godspeed|Reflect
|
|-damage|p1a: Zamazenta|44/100 brn|[from] brn
|upkeep
|turn|3
|
|t:|1779855606
|switch|p1a: Hatterene|Hatterene, F|100/100
|move|p2a: Dragapult|U-turn|p1a: Hatterene
|-damage|p1a: Hatterene|83/100
|
|t:|1779855614
|switch|p2a: Heatran|Heatran, M|100/100|[from] U-turn
|-item|p2a: Heatran|Air Balloon
|
|-heal|p1a: Hatterene|89/100|[from] item: Leftovers
|upkeep
|turn|4
|
|t:|1779855634
|switch|p1a: Gliscor|Gliscor, F|100/100
|move|p2a: Heatran|Magma Storm|p1a: Gliscor|[miss]
|-miss|p2a: Heatran|p1a: Gliscor
|
|-status|p1a: Gliscor|tox|[from] item: Toxic Orb
|upkeep
|turn|5
|
|t:|1779855641
|move|p1a: Gliscor|Swords Dance|p1a: Gliscor
|-boost|p1a: Gliscor|atk|2
|move|p2a: Heatran|Stealth Rock|p1a: Gliscor
|-sidestart|p1: 321Godspeed|move: Stealth Rock
|
|upkeep
|turn|6
|
|t:|1779855647
|move|p1a: Gliscor|Agility|p1a: Gliscor
|-boost|p1a: Gliscor|spe|2
|move|p2a: Heatran|Magma Storm|p1a: Gliscor
|-damage|p1a: Gliscor|74/100 tox
|-activate|p1a: Gliscor|move: Magma Storm|[of] p2a: Heatran
|
|-heal|p1a: Gliscor|87/100 tox|[from] ability: Poison Heal
|-damage|p1a: Gliscor|74/100 tox|[from] move: Magma Storm|[partiallytrapped]
|upkeep
|turn|7
|
|t:|1779855658
|move|p1a: Gliscor|Swords Dance|p1a: Gliscor
|-boost|p1a: Gliscor|atk|2
|move|p2a: Heatran|Flash Cannon|p1a: Gliscor
|-damage|p1a: Gliscor|51/100 tox
|
|-heal|p1a: Gliscor|64/100 tox|[from] ability: Poison Heal
|-damage|p1a: Gliscor|51/100 tox|[from] move: Magma Storm|[partiallytrapped]
|upkeep
|turn|8
|
|t:|1779855678
|-terastallize|p1a: Gliscor|Normal
|move|p1a: Gliscor|Facade|p2a: Heatran
|-resisted|p2a: Heatran
|-damage|p2a: Heatran|21/100
|-enditem|p2a: Heatran|Air Balloon
|move|p2a: Heatran|Flash Cannon|p1a: Gliscor
|-damage|p1a: Gliscor|28/100 tox
|
|-heal|p1a: Gliscor|40/100 tox|[from] ability: Poison Heal
|-damage|p1a: Gliscor|28/100 tox|[from] move: Magma Storm|[partiallytrapped]
|-sideend|p1: 321Godspeed|move: Light Screen
|upkeep
|turn|9
|
|t:|1779855698
|switch|p2a: Dragapult|Dragapult, F|100/100
|move|p1a: Gliscor|Earthquake|p2a: Dragapult
|-damage|p2a: Dragapult|0 fnt
|faint|p2a: Dragapult
|
|-heal|p1a: Gliscor|40/100 tox|[from] ability: Poison Heal
|-end|p1a: Gliscor|Magma Storm|[partiallytrapped]|[silent]
|-sideend|p1: 321Godspeed|Reflect
|upkeep
|inactive|fghjk99 has 120 seconds left.
|
|t:|1779855719
|switch|p2a: Eats|Hydrapple, F, shiny|100/100
|turn|10
|inactive|fghjk99 has 120 seconds left.
|
|t:|1779855727
|move|p1a: Gliscor|Facade|p2a: Eats
|-damage|p2a: Eats|0 fnt
|faint|p2a: Eats
|
|-heal|p1a: Gliscor|52/100 tox|[from] ability: Poison Heal
|upkeep
|
|t:|1779855731
|switch|p2a: Samurott|Samurott-Hisui, F|100/100
|turn|11
|
|t:|1779855736
|move|p1a: Gliscor|Facade|p2a: Samurott
|-damage|p2a: Samurott|0 fnt
|faint|p2a: Samurott
|
|-heal|p1a: Gliscor|65/100 tox|[from] ability: Poison Heal
|upkeep
|
|t:|1779855740
|switch|p2a: Zamazenta|Zamazenta|100/100
|-ability|p2a: Zamazenta|Dauntless Shield|boost
|-boost|p2a: Zamazenta|def|1
|turn|12
|
|t:|1779855743
|move|p1a: Gliscor|Facade|p2a: Zamazenta
|-damage|p2a: Zamazenta|15/100
|move|p2a: Zamazenta|Roar|p1a: Gliscor
|drag|p1a: Raging Bolt|Raging Bolt|100/100
|-damage|p1a: Raging Bolt|88/100|[from] Stealth Rock
|-enditem|p1a: Raging Bolt|Booster Energy
|-activate|p1a: Raging Bolt|ability: Protosynthesis|[fromitem]
|-start|p1a: Raging Bolt|protosynthesisspa
|
|-heal|p2a: Zamazenta|21/100|[from] item: Leftovers
|upkeep
|turn|13
|
|t:|1779855753
|switch|p2a: Heatran|Heatran, M|21/100
|move|p1a: Raging Bolt|Calm Mind|p1a: Raging Bolt
|-boost|p1a: Raging Bolt|spa|1
|-boost|p1a: Raging Bolt|spd|1
|
|upkeep
|turn|14
|
|t:|1779855758
|move|p1a: Raging Bolt|Thunderclap|p2a: Heatran
|-damage|p2a: Heatran|0 fnt
|faint|p2a: Heatran
|
|upkeep
|-message|fghjk99 forfeited.
|
|win|321Godspeed
|raw|321Godspeed's rating: 1294 &rarr; <strong>1320</strong><br />(+26 for winning)
|raw|fghjk99's rating: 1308 &rarr; <strong>1287</strong><br />(-21 for losing)
|l|☆fghjk99
|player|p2|
|l|☆321Godspeed
|player|p1|
