|j|☆chrovalis
|j|☆toxickingIamurgod
|t:|1779805797
|gametype|singles
|player|p1|chrovalis|ethan|1128
|player|p2|toxickingIamurgod|170|1092
|gen|9
|tier|[Gen 9] OU
|rated|
|rule|HP Percentage Mod: HP is shown in percentages
|rule|Endless Battle Clause: Forcing endless battles is banned
|rule|Species Clause: Limit one of each Pokémon
|rule|OHKO Clause: OHKO moves are banned
|rule|Evasion Items Clause: Evasion items are banned
|rule|Evasion Moves Clause: Evasion moves are banned
|rule|Evasion Abilities Clause: Evasion abilities are banned
|rule|Sleep Moves Clause: Sleep-inducing moves are banned
|clearpoke
|poke|p1|Arcanine, M|
|poke|p1|Decidueye, M|
|poke|p1|Rotom-Wash|
|poke|p1|Umbreon, M|
|poke|p1|Corviknight, F|
|poke|p1|Garchomp, F|
|poke|p2|Swampert, F|
|poke|p2|Weezing-Galar, M|
|poke|p2|Glaceon, M|
|poke|p2|Incineroar, F|
|poke|p2|Infernape, F|
|poke|p2|Glimmora, M|
|teampreview
|inactive|Battle timer is ON: inactive players will automatically lose when time's up. (requested by chrovalis)
|
|t:|1779805801
|teamsize|p1|6
|teamsize|p2|6
|start
|switch|p1a: Garchomp|Garchomp, F|100/100
|switch|p2a: Glimmora|Glimmora, M|100/100
|turn|1
|
|t:|1779805809
|switch|p2a: Weezing|Weezing-Galar, M|100/100
|move|p1a: Garchomp|Swords Dance|p1a: Garchomp
|-boost|p1a: Garchomp|atk|2
|
|upkeep
|turn|2
|
|t:|1779805815
|move|p1a: Garchomp|Earthquake|p2a: Weezing
|-immune|p2a: Weezing|[from] ability: Levitate
|move|p2a: Weezing|Dazzling Gleam|p1a: Garchomp
|-supereffective|p1a: Garchomp
|-damage|p1a: Garchomp|29/100
|
|upkeep
|turn|3
|
|t:|1779805827
|switch|p1a: Corviknight|Corviknight, F|100/100
|move|p2a: Weezing|Dazzling Gleam|p1a: Corviknight
|-resisted|p1a: Corviknight
|-damage|p1a: Corviknight|87/100
|
|upkeep
|turn|4
|
|t:|1779805838
|move|p2a: Weezing|Will-O-Wisp|p1a: Corviknight
|-status|p1a: Corviknight|brn
|move|p1a: Corviknight|Brave Bird|p2a: Weezing
|-damage|p2a: Weezing|85/100
|-damage|p1a: Corviknight|83/100 brn|[from] Recoil
|
|-damage|p1a: Corviknight|77/100 brn|[from] brn
|upkeep
|turn|5
|
|t:|1779805849
|move|p2a: Weezing|Dazzling Gleam|p1a: Corviknight
|-resisted|p1a: Corviknight
|-damage|p1a: Corviknight|65/100 brn
|move|p1a: Corviknight|Iron Defense|p1a: Corviknight
|-boost|p1a: Corviknight|def|2
|
|-damage|p1a: Corviknight|59/100 brn|[from] brn
|upkeep
|turn|6
|
|t:|1779805863
|switch|p2a: Incineroar|Incineroar, F|100/100
|-ability|p2a: Incineroar|Intimidate|boost
|-ability|p1a: Corviknight|Mirror Armor
|-unboost|p2a: Incineroar|atk|1
|move|p1a: Corviknight|Roost|p1a: Corviknight
|-heal|p1a: Corviknight|100/100 brn
|-singleturn|p1a: Corviknight|move: Roost
|
|-damage|p1a: Corviknight|94/100 brn|[from] brn
|upkeep
|turn|7
|
|t:|1779805878
|-terastallize|p2a: Incineroar|Fire
|move|p2a: Incineroar|Nasty Plot|p2a: Incineroar
|-boost|p2a: Incineroar|spa|2
|move|p1a: Corviknight|Iron Defense|p1a: Corviknight
|-boost|p1a: Corviknight|def|2
|
|-damage|p1a: Corviknight|88/100 brn|[from] brn
|upkeep
|turn|8
|
|t:|1779805889
|-terastallize|p1a: Corviknight|Flying
|move|p2a: Incineroar|Flamethrower|p1a: Corviknight
|-damage|p1a: Corviknight|17/100 brn
|move|p1a: Corviknight|Brave Bird|p2a: Incineroar
|-damage|p2a: Incineroar|78/100
|-damage|p1a: Corviknight|11/100 brn|[from] Recoil
|
|-heal|p2a: Incineroar|84/100|[from] item: Leftovers
|-damage|p1a: Corviknight|5/100 brn|[from] brn
|upkeep
|turn|9
|
|t:|1779805901
|move|p2a: Incineroar|Flamethrower|p1a: Corviknight
|-damage|p1a: Corviknight|0 fnt
|faint|p1a: Corviknight
|
|-heal|p2a: Incineroar|90/100|[from] item: Leftovers
|upkeep
|
|t:|1779805907
|switch|p1a: Rotom|Rotom-Wash, shiny|100/100
|turn|10
|
|t:|1779805914
|switch|p2a: Swampert|Swampert, F|100/100
|move|p1a: Rotom|Hydro Pump|p2a: Swampert
|-damage|p2a: Swampert|63/100
|
|upkeep
|turn|11
|
|t:|1779805926
|move|p1a: Rotom|Will-O-Wisp|p2a: Swampert
|-status|p2a: Swampert|brn
|move|p2a: Swampert|Stealth Rock|p1a: Rotom
|-sidestart|p1: chrovalis|move: Stealth Rock
|
|-damage|p2a: Swampert|57/100 brn|[from] brn
|upkeep
|turn|12
|
|t:|1779805937
|switch|p2a: Glimmora|Glimmora, M|100/100
|move|p1a: Rotom|Hydro Pump|p2a: Glimmora
|-supereffective|p2a: Glimmora
|-damage|p2a: Glimmora|22/100
|
|upkeep
|turn|13
|
|t:|1779805946
|switch|p2a: Glaceon|Glaceon, M|100/100
|move|p1a: Rotom|Volt Switch|p2a: Glaceon
|-damage|p2a: Glaceon|72/100
|
|t:|1779805954
|switch|p1a: Arcanine|Arcanine, M|100/100|[from] Volt Switch
|-ability|p1a: Arcanine|Intimidate|boost
|-unboost|p2a: Glaceon|atk|1
|
|upkeep
|turn|14
|
|t:|1779805961
|switch|p2a: Swampert|Swampert, F|57/100 brn
|move|p1a: Arcanine|Curse|p1a: Arcanine
|-unboost|p1a: Arcanine|spe|1
|-boost|p1a: Arcanine|atk|1
|-boost|p1a: Arcanine|def|1
|
|-damage|p2a: Swampert|51/100 brn|[from] brn
|upkeep
|turn|15
|
|t:|1779805972
|move|p2a: Swampert|Surf|p1a: Arcanine
|-supereffective|p1a: Arcanine
|-damage|p1a: Arcanine|12/100
|-damage|p2a: Swampert|41/100 brn|[from] item: Life Orb
|move|p1a: Arcanine|Curse|p1a: Arcanine
|-unboost|p1a: Arcanine|spe|1
|-boost|p1a: Arcanine|atk|1
|-boost|p1a: Arcanine|def|1
|
|-damage|p2a: Swampert|35/100 brn|[from] brn
|upkeep
|turn|16
|
|t:|1779805984
|move|p1a: Arcanine|Extreme Speed|p2a: Swampert
|-damage|p2a: Swampert|0 fnt
|faint|p2a: Swampert
|
|upkeep
|
|t:|1779805992
|switch|p2a: Infernape|Infernape, F|100/100
|turn|17
|
|t:|1779805996
|move|p2a: Infernape|Fake Out|p1a: Arcanine
|-damage|p1a: Arcanine|6/100
|cant|p1a: Arcanine|flinch
|
|upkeep
|turn|18
|
|t:|1779806002
|move|p1a: Arcanine|Extreme Speed|p2a: Infernape
|-damage|p2a: Infernape|26/100
|move|p2a: Infernape|Close Combat|p1a: Arcanine
|-damage|p1a: Arcanine|0 fnt
|-unboost|p2a: Infernape|def|1
|-unboost|p2a: Infernape|spd|1
|faint|p1a: Arcanine
|
|-heal|p2a: Infernape|32/100|[from] item: Leftovers
|upkeep
|
|t:|1779806009
|switch|p1a: Decidueye|Decidueye, M, shiny|100/100
|-damage|p1a: Decidueye|88/100|[from] Stealth Rock
|turn|19
|
|t:|1779806017
|move|p1a: Decidueye|Shadow Sneak|p2a: Infernape
|-damage|p2a: Infernape|0 fnt
|faint|p2a: Infernape
|
|upkeep
|
|t:|1779806027
|switch|p2a: Glaceon|Glaceon, M|72/100
|turn|20
|
|t:|1779806044
|switch|p1a: Rotom|Rotom-Wash, shiny|100/100
|-damage|p1a: Rotom|88/100|[from] Stealth Rock
|move|p2a: Glaceon|Freeze-Dry|p1a: Rotom
|-supereffective|p1a: Rotom
|-damage|p1a: Rotom|18/100
|
|-heal|p1a: Rotom|25/100|[from] item: Leftovers
|upkeep
|turn|21
|
|t:|1779806056
|move|p1a: Rotom|Volt Switch|p2a: Glaceon
|-damage|p2a: Glaceon|43/100
|
|t:|1779806059
|switch|p1a: Umbreon|Umbreon, M|100/100|[from] Volt Switch
|-damage|p1a: Umbreon|88/100|[from] Stealth Rock
|move|p2a: Glaceon|Freeze-Dry|p1a: Umbreon
|-damage|p1a: Umbreon|71/100
|
|-heal|p1a: Umbreon|77/100|[from] item: Leftovers
|upkeep
|turn|22
|
|t:|1779806070
|switch|p2a: Weezing|Weezing-Galar, M|85/100
|move|p1a: Umbreon|Wish|p1a: Umbreon
|
|-heal|p1a: Umbreon|83/100|[from] item: Leftovers
|upkeep
|turn|23
|
|t:|1779806077
|move|p2a: Weezing|Dazzling Gleam|p1a: Umbreon
|-supereffective|p1a: Umbreon
|-damage|p1a: Umbreon|50/100
|move|p1a: Umbreon|Snarl|p2a: Weezing
|-resisted|p2a: Weezing
|-damage|p2a: Weezing|76/100
|-unboost|p2a: Weezing|spa|1
|
|-heal|p1a: Umbreon|99/100|[from] move: Wish|[wisher] Umbreon
|-heal|p1a: Umbreon|100/100|[from] item: Leftovers
|upkeep
|turn|24
|
|t:|1779806089
|move|p2a: Weezing|Will-O-Wisp|p1a: Umbreon
|-status|p1a: Umbreon|brn
|move|p1a: Umbreon|Snarl|p2a: Weezing
|-resisted|p2a: Weezing
|-damage|p2a: Weezing|68/100
|-unboost|p2a: Weezing|spa|1
|
|-damage|p1a: Umbreon|94/100 brn|[from] brn
|upkeep
|turn|25
|
|t:|1779806102
|move|p2a: Weezing|Dazzling Gleam|p1a: Umbreon
|-supereffective|p1a: Umbreon
|-damage|p1a: Umbreon|77/100 brn
|move|p1a: Umbreon|Snarl|p2a: Weezing
|-resisted|p2a: Weezing
|-damage|p2a: Weezing|58/100
|-unboost|p2a: Weezing|spa|1
|
|-heal|p1a: Umbreon|83/100 brn|[from] item: Leftovers
|-damage|p1a: Umbreon|77/100 brn|[from] brn
|upkeep
|turn|26
|
|t:|1779806113
|move|p2a: Weezing|Dazzling Gleam|p1a: Umbreon
|-supereffective|p1a: Umbreon
|-damage|p1a: Umbreon|65/100 brn
|move|p1a: Umbreon|Foul Play|p2a: Weezing
|-resisted|p2a: Weezing
|-damage|p2a: Weezing|52/100
|
|-heal|p1a: Umbreon|71/100 brn|[from] item: Leftovers
|-damage|p1a: Umbreon|65/100 brn|[from] brn
|upkeep
|turn|27
|
|t:|1779806124
|move|p2a: Weezing|Dazzling Gleam|p1a: Umbreon
|-supereffective|p1a: Umbreon
|-damage|p1a: Umbreon|51/100 brn
|move|p1a: Umbreon|Wish|p1a: Umbreon
|
|-heal|p1a: Umbreon|57/100 brn|[from] item: Leftovers
|-damage|p1a: Umbreon|51/100 brn|[from] brn
|upkeep
|turn|28
|
|t:|1779806133
|move|p2a: Weezing|Dazzling Gleam|p1a: Umbreon
|-supereffective|p1a: Umbreon
|-damage|p1a: Umbreon|39/100 brn
|move|p1a: Umbreon|Snarl|p2a: Weezing
|-resisted|p2a: Weezing
|-damage|p2a: Weezing|42/100
|-unboost|p2a: Weezing|spa|1
|
|-heal|p1a: Umbreon|89/100 brn|[from] move: Wish|[wisher] Umbreon
|-heal|p1a: Umbreon|95/100 brn|[from] item: Leftovers
|-damage|p1a: Umbreon|89/100 brn|[from] brn
|upkeep
|turn|29
|
|t:|1779806146
|move|p2a: Weezing|Pain Split|p1a: Umbreon
|-sethp|p1a: Umbreon|60/100 brn|[from] move: Pain Split|[silent]
|-sethp|p2a: Weezing|81/100|[from] move: Pain Split
|move|p1a: Umbreon|Snarl|p2a: Weezing|[miss]
|-miss|p1a: Umbreon|p2a: Weezing
|
|-heal|p1a: Umbreon|66/100 brn|[from] item: Leftovers
|-damage|p1a: Umbreon|60/100 brn|[from] brn
|upkeep
|turn|30
|
|t:|1779806157
|switch|p2a: Incineroar|Incineroar, F, tera:Fire|90/100
|-ability|p2a: Incineroar|Intimidate|boost
|-fail|p1a: Umbreon|unboost|Attack|[from] ability: Inner Focus|[of] p1a: Umbreon
|move|p1a: Umbreon|Wish|p1a: Umbreon
|
|-heal|p2a: Incineroar|96/100|[from] item: Leftovers
|-heal|p1a: Umbreon|66/100 brn|[from] item: Leftovers
|-damage|p1a: Umbreon|60/100 brn|[from] brn
|upkeep
|turn|31
|
|t:|1779806167
|move|p1a: Umbreon|Protect|p1a: Umbreon
|-singleturn|p1a: Umbreon|Protect
|move|p2a: Incineroar|Parting Shot|p1a: Umbreon
|-activate|p1a: Umbreon|move: Protect
|
|-heal|p1a: Umbreon|100/100 brn|[from] move: Wish|[wisher] Umbreon
|-heal|p2a: Incineroar|100/100|[from] item: Leftovers
|-damage|p1a: Umbreon|94/100 brn|[from] brn
|upkeep
|turn|32
|
|t:|1779806181
|move|p2a: Incineroar|Nasty Plot|p2a: Incineroar
|-boost|p2a: Incineroar|spa|2
|move|p1a: Umbreon|Foul Play|p2a: Incineroar
|-damage|p2a: Incineroar|82/100
|
|-heal|p2a: Incineroar|88/100|[from] item: Leftovers
|-heal|p1a: Umbreon|100/100 brn|[from] item: Leftovers
|-damage|p1a: Umbreon|94/100 brn|[from] brn
|upkeep
|turn|33
|
|t:|1779806191
|move|p2a: Incineroar|Nasty Plot|p2a: Incineroar
|-boost|p2a: Incineroar|spa|2
|move|p1a: Umbreon|Snarl|p2a: Incineroar
|-damage|p2a: Incineroar|76/100
|-unboost|p2a: Incineroar|spa|1
|
|-heal|p2a: Incineroar|82/100|[from] item: Leftovers
|-heal|p1a: Umbreon|100/100 brn|[from] item: Leftovers
|-damage|p1a: Umbreon|94/100 brn|[from] brn
|upkeep
|turn|34
|
|t:|1779806210
|switch|p1a: Garchomp|Garchomp, F|29/100
|-damage|p1a: Garchomp|23/100|[from] Stealth Rock
|move|p2a: Incineroar|Flamethrower|p1a: Garchomp
|-resisted|p1a: Garchomp
|-damage|p1a: Garchomp|0 fnt
|faint|p1a: Garchomp
|
|-heal|p2a: Incineroar|88/100|[from] item: Leftovers
|upkeep
|
|t:|1779806213
|switch|p1a: Rotom|Rotom-Wash, shiny|25/100
|-damage|p1a: Rotom|12/100|[from] Stealth Rock
|turn|35
|
|t:|1779806224
|move|p1a: Rotom|Hydro Pump|p2a: Incineroar
|-supereffective|p2a: Incineroar
|-crit|p2a: Incineroar
|-damage|p2a: Incineroar|0 fnt
|faint|p2a: Incineroar
|
|-heal|p1a: Rotom|18/100|[from] item: Leftovers
|upkeep
|
|t:|1779806233
|switch|p2a: Weezing|Weezing-Galar, M|81/100
|turn|36
|
|t:|1779806237
|move|p1a: Rotom|Pain Split|p2a: Weezing
|-sethp|p2a: Weezing|50/100|[from] move: Pain Split|[silent]
|-sethp|p1a: Rotom|48/100|[from] move: Pain Split
|move|p2a: Weezing|Dazzling Gleam|p1a: Rotom
|-damage|p1a: Rotom|20/100
|
|-heal|p1a: Rotom|26/100|[from] item: Leftovers
|upkeep
|turn|37
|
|t:|1779806246
|switch|p2a: Glimmora|Glimmora, M|22/100
|move|p1a: Rotom|Volt Switch|p2a: Glimmora
|-damage|p2a: Glimmora|0 fnt
|faint|p2a: Glimmora
|
|t:|1779806254
|switch|p1a: Decidueye|Decidueye, M, shiny|88/100|[from] Volt Switch
|-damage|p1a: Decidueye|76/100|[from] Stealth Rock
|
|upkeep
|
|t:|1779806260
|switch|p2a: Weezing|Weezing-Galar, M|50/100
|turn|38
|
|t:|1779806275
|move|p1a: Decidueye|Spirit Shackle|p2a: Weezing
|-damage|p2a: Weezing|2/100
|-activate|p2a: Weezing|trapped
|move|p2a: Weezing|Will-O-Wisp|p1a: Decidueye|[miss]
|-miss|p2a: Weezing|p1a: Decidueye
|
|upkeep
|turn|39
|
|t:|1779806283
|move|p1a: Decidueye|Shadow Sneak|p2a: Weezing
|-damage|p2a: Weezing|0 fnt
|faint|p2a: Weezing
|
|upkeep
|inactive|toxickingIamurgod has 120 seconds left.
|inactive|toxickingIamurgod has 90 seconds left.
|
|t:|1779806352
|switch|p2a: Glaceon|Glaceon, M|43/100
|turn|40
|
|t:|1779806356
|move|p1a: Decidueye|Shadow Sneak|p2a: Glaceon
|-damage|p2a: Glaceon|19/100
|move|p2a: Glaceon|Freeze-Dry|p1a: Decidueye
|-supereffective|p1a: Decidueye
|-damage|p1a: Decidueye|2/100
|
|upkeep
|turn|41
|
|t:|1779806363
|move|p2a: Glaceon|Protect|p2a: Glaceon
|-singleturn|p2a: Glaceon|Protect
|move|p1a: Decidueye|Shadow Sneak|p2a: Glaceon
|-activate|p2a: Glaceon|move: Protect
|
|upkeep
|turn|42
|
|t:|1779806369
|move|p1a: Decidueye|Spirit Shackle|p2a: Glaceon
|-damage|p2a: Glaceon|0 fnt
|faint|p2a: Glaceon
|
|win|chrovalis
|raw|chrovalis's rating: 1128 &rarr; <strong>1150</strong><br />(+22 for winning)
|raw|toxickingIamurgod's rating: 1092 &rarr; <strong>1071</strong><br />(-21 for losing)
|l|☆chrovalis
|player|p1|
|l|☆toxickingIamurgod
|player|p2|
