|j|☆manabi.portoviejo
|j|☆kooopooolooo
|t:|1779890083
|gametype|singles
|player|p1|manabi.portoviejo|101|1671
|player|p2|kooopooolooo|169|1629
|gen|9
|tier|[Gen 9] OU
|rated|
|rule|HP Percentage Mod: HP is shown in percentages
|rule|Endless Battle Clause: Forcing endless battles is banned
|rule|Species Clause: Limit one of each Pokémon
|rule|OHKO Clause: OHKO moves are banned
|rule|Evasion Items Clause: Evasion items are banned
|rule|Evasion Moves Clause: Evasion moves are banned
|rule|Evasion Abilities Clause: Evasion abilities are banned
|rule|Sleep Moves Clause: Sleep-inducing moves are banned
|clearpoke
|poke|p1|Indeedee-F, F|
|poke|p1|Hoopa-Unbound|
|poke|p1|Hawlucha, M|
|poke|p1|Iron Crown|
|poke|p1|Hatterene, F|
|poke|p1|Cloyster, M|
|poke|p2|Pecharunt|
|poke|p2|Excadrill, M|
|poke|p2|Ogerpon-Wellspring, F|
|poke|p2|Tyranitar, M|
|poke|p2|Moltres|
|poke|p2|Rillaboom, F|
|teampreview
|inactive|Battle timer is ON: inactive players will automatically lose when time's up. (requested by manabi.portoviejo)
|c|☆kooopooolooo|SchieBe
|
|t:|1779890124
|teamsize|p1|6
|teamsize|p2|6
|start
|switch|p1a: Indeedee|Indeedee-F, F|100/100
|switch|p2a: Ogerpon|Ogerpon-Wellspring, F|100/100
|-fieldstart|move: Psychic Terrain|[from] ability: Psychic Surge|[of] p1a: Indeedee
|turn|1
|
|t:|1779890151
|switch|p1a: Hatterene|Hatterene, F|100/100
|move|p2a: Ogerpon|U-turn|p1a: Hatterene
|-damage|p1a: Hatterene|80/100
|-enditem|p1a: Hatterene|Eject Button
|
|t:|1779890157
|switch|p1a: Iron Crown|Iron Crown|100/100
|-enditem|p1a: Iron Crown|Booster Energy
|-activate|p1a: Iron Crown|ability: Quark Drive|[fromitem]
|-start|p1a: Iron Crown|quarkdrivespa
|
|upkeep
|turn|2
|
|t:|1779890161
|switch|p2a: Lebron|Tyranitar, M|100/100
|-weather|Sandstorm|[from] ability: Sand Stream|[of] p2a: Lebron
|move|p1a: Iron Crown|Agility|p1a: Iron Crown
|-boost|p1a: Iron Crown|spe|2
|
|-weather|Sandstorm|[upkeep]
|upkeep
|turn|3
|
|t:|1779890172
|move|p1a: Iron Crown|Focus Blast|p2a: Lebron|[miss]
|-miss|p1a: Iron Crown|p2a: Lebron
|move|p2a: Lebron|Knock Off|p1a: Iron Crown
|-supereffective|p1a: Iron Crown
|-damage|p1a: Iron Crown|33/100
|
|-weather|Sandstorm|[upkeep]
|upkeep
|turn|4
|
|t:|1779890180
|switch|p2a: Moltres|Moltres|100/100
|move|p1a: Iron Crown|Tachyon Cutter|p2a: Moltres
|-resisted|p2a: Moltres
|-damage|p2a: Moltres|84/100
|-resisted|p2a: Moltres
|-damage|p2a: Moltres|66/100
|-hitcount|p2a: Moltres|2
|
|-weather|Sandstorm|[upkeep]
|-damage|p2a: Moltres|60/100|[from] Sandstorm
|upkeep
|turn|5
|
|t:|1779890189
|switch|p2a: Excadrill|Excadrill, M|100/100
|move|p1a: Iron Crown|Expanding Force|p2a: Excadrill
|-resisted|p2a: Excadrill
|-damage|p2a: Excadrill|38/100
|
|-weather|Sandstorm|[upkeep]
|-heal|p2a: Excadrill|44/100|[from] item: Leftovers
|upkeep
|turn|6
|
|t:|1779890203
|move|p2a: Excadrill|High Horsepower|p1a: Iron Crown
|-supereffective|p1a: Iron Crown
|-damage|p1a: Iron Crown|0 fnt
|faint|p1a: Iron Crown
|-end|p1a: Iron Crown|Quark Drive|[silent]
|
|-weather|none
|-heal|p2a: Excadrill|50/100|[from] item: Leftovers
|upkeep
|
|t:|1779890216
|switch|p1a: Hawlucha|Hawlucha, M|100/100
|-enditem|p1a: Hawlucha|Psychic Seed
|-boost|p1a: Hawlucha|spd|1|[from] item: Psychic Seed
|turn|7
|
|t:|1779890221
|switch|p2a: Moltres|Moltres|60/100
|move|p1a: Hawlucha|Swords Dance|p1a: Hawlucha
|-boost|p1a: Hawlucha|atk|2
|
|upkeep
|turn|8
|
|t:|1779890228
|move|p1a: Hawlucha|Taunt|p2a: Moltres
|-start|p2a: Moltres|move: Taunt
|cant|p2a: Moltres|move: Taunt|Will-O-Wisp
|
|-fieldend|move: Psychic Terrain
|upkeep
|turn|9
|
|t:|1779890233
|move|p1a: Hawlucha|Swords Dance|p1a: Hawlucha
|-boost|p1a: Hawlucha|atk|2
|move|p2a: Moltres|Flamethrower|p1a: Hawlucha
|-damage|p1a: Hawlucha|63/100
|
|upkeep
|turn|10
|
|t:|1779890238
|move|p1a: Hawlucha|Acrobatics|p2a: Moltres
|-damage|p2a: Moltres|0 fnt
|faint|p2a: Moltres
|
|upkeep
|
|t:|1779890243
|switch|p2a: Pecharunt|Pecharunt|100/100
|turn|11
|
|t:|1779890247
|move|p1a: Hawlucha|Acrobatics|p2a: Pecharunt
|-damage|p2a: Pecharunt|32/100
|move|p2a: Pecharunt|Shadow Ball|p1a: Hawlucha
|-damage|p1a: Hawlucha|41/100
|
|upkeep
|turn|12
|
|t:|1779890253
|move|p1a: Hawlucha|Acrobatics|p2a: Pecharunt
|-crit|p2a: Pecharunt
|-damage|p2a: Pecharunt|0 fnt
|faint|p2a: Pecharunt
|
|upkeep
|
|t:|1779890255
|switch|p2a: Rillaboom|Rillaboom, F|100/100
|-fieldstart|move: Grassy Terrain|[from] ability: Grassy Surge|[of] p2a: Rillaboom
|turn|13
|
|t:|1779890259
|-terastallize|p2a: Rillaboom|Grass
|move|p2a: Rillaboom|Grassy Glide|p1a: Hawlucha
|-resisted|p1a: Hawlucha
|-damage|p1a: Hawlucha|10/100
|move|p1a: Hawlucha|Drain Punch|p2a: Rillaboom
|-damage|p2a: Rillaboom|0 fnt
|-heal|p1a: Hawlucha|57/100|[from] drain|[of] p2a: Rillaboom
|faint|p2a: Rillaboom
|
|upkeep
|-message|kooopooolooo forfeited.
|
|win|manabi.portoviejo
|raw|manabi.portoviejo's rating: 1671 &rarr; <strong>1689</strong><br />(+18 for winning)
|raw|kooopooolooo's rating: 1629 &rarr; <strong>1611</strong><br />(-18 for losing)
|l|☆kooopooolooo
|player|p2|
