|j|☆complxtelyfakeac
|j|☆Jazzuthy
|t:|1779844449
|gametype|singles
|player|p1|complxtelyfakeac|swimmerf-gen4|1262
|player|p2|Jazzuthy|veteran-gen4|1287
|gen|9
|tier|[Gen 9] OU
|rated|
|rule|HP Percentage Mod: HP is shown in percentages
|rule|Endless Battle Clause: Forcing endless battles is banned
|rule|Species Clause: Limit one of each Pokémon
|rule|OHKO Clause: OHKO moves are banned
|rule|Evasion Items Clause: Evasion items are banned
|rule|Evasion Moves Clause: Evasion moves are banned
|rule|Evasion Abilities Clause: Evasion abilities are banned
|rule|Sleep Moves Clause: Sleep-inducing moves are banned
|clearpoke
|poke|p1|Ogerpon, F|
|poke|p1|Ceruledge, F|
|poke|p1|Corviknight, M|
|poke|p1|Rotom-Wash|
|poke|p1|Garchomp, F|
|poke|p1|Hatterene, F|
|poke|p2|Froslass, F|
|poke|p2|Comfey, M|
|poke|p2|Goodra-Hisui, M|
|poke|p2|Salazzle, F|
|poke|p2|Cinccino, M|
|poke|p2|Dondozo, F|
|teampreview
|inactive|Battle timer is ON: inactive players will automatically lose when time's up. (requested by complxtelyfakeac)
|
|t:|1779844472
|teamsize|p1|6
|teamsize|p2|6
|start
|switch|p1a: Corviknight|Corviknight, M|100/100
|switch|p2a: Froslass|Froslass, F|100/100
|turn|1
|
|t:|1779844484
|switch|p1a: Rotom|Rotom-Wash, shiny|100/100
|move|p2a: Froslass|Taunt|p1a: Rotom
|-start|p1a: Rotom|move: Taunt
|
|upkeep
|turn|2
|
|t:|1779844493
|move|p2a: Froslass|Poltergeist|p1a: Rotom
|-activate|p1a: Rotom|move: Poltergeist|Leftovers
|-damage|p1a: Rotom|63/100
|move|p1a: Rotom|Hydro Pump|p2a: Froslass
|-damage|p2a: Froslass|29/100
|
|-heal|p1a: Rotom|69/100|[from] item: Leftovers
|upkeep
|turn|3
|
|t:|1779844502
|move|p2a: Froslass|Destiny Bond|p2a: Froslass
|-singlemove|p2a: Froslass|Destiny Bond
|move|p1a: Rotom|Volt Switch|p2a: Froslass
|-damage|p2a: Froslass|0 fnt
|faint|p2a: Froslass
|-activate|p2a: Froslass|move: Destiny Bond
|faint|p1a: Rotom
|
|upkeep
|
|t:|1779844518
|switch|p2a: Goodra|Goodra-Hisui, M|100/100
|switch|p1a: Hatterene|Hatterene, F|100/100
|turn|4
|
|t:|1779844524
|move|p2a: Goodra|Flash Cannon|p1a: Hatterene
|-supereffective|p1a: Hatterene
|-damage|p1a: Hatterene|38/100
|-unboost|p1a: Hatterene|spd|1
|move|p1a: Hatterene|Nuzzle|p2a: Goodra
|-resisted|p2a: Goodra
|-damage|p2a: Goodra|99/100
|-status|p2a: Goodra|par
|
|upkeep
|turn|5
|
|t:|1779844532
|switch|p1a: Ceruledge|Ceruledge, F|100/100
|move|p2a: Goodra|Flash Cannon|p1a: Ceruledge
|-resisted|p1a: Ceruledge
|-damage|p1a: Ceruledge|76/100
|
|upkeep
|turn|6
|
|t:|1779844545
|switch|p2a: Dondozo|Dondozo, F|100/100
|move|p1a: Ceruledge|Swords Dance|p1a: Ceruledge
|-boost|p1a: Ceruledge|atk|2
|
|upkeep
|turn|7
|
|t:|1779844550
|move|p1a: Ceruledge|Poltergeist|p2a: Dondozo
|-activate|p2a: Dondozo|move: Poltergeist|Leftovers
|-damage|p2a: Dondozo|66/100
|-damage|p1a: Ceruledge|66/100|[from] item: Life Orb
|move|p2a: Dondozo|Waterfall|p1a: Ceruledge
|-supereffective|p1a: Ceruledge
|-damage|p1a: Ceruledge|0 fnt
|faint|p1a: Ceruledge
|
|-heal|p2a: Dondozo|72/100|[from] item: Leftovers
|upkeep
|
|t:|1779844553
|switch|p1a: Ogerpon|Ogerpon, F|100/100
|turn|8
|
|t:|1779844563
|switch|p2a: Goodra|Goodra-Hisui, M|99/100 par
|move|p1a: Ogerpon|Stomping Tantrum|p2a: Goodra
|-supereffective|p2a: Goodra
|-damage|p2a: Goodra|32/100 par
|
|upkeep
|turn|9
|
|t:|1779844575
|switch|p2a: Comfey|Comfey, M|100/100
|move|p1a: Ogerpon|Stomping Tantrum|p2a: Comfey
|-damage|p2a: Comfey|57/100
|
|upkeep
|turn|10
|c|☆Jazzuthy|!data stomping tantrum
|c|☆Jazzuthy|/raw <ul class="utilichart"><li class="result"><span class="col movenamecol"><a href="https://dex.pokemonshowdown.com/moves/stompingtantrum">Stomping Tantrum</a></span> <span class="col typecol"><img src="//play.pokemonshowdown.com/sprites/types/Ground.png" alt="Ground" width="32" height="14"><img src="//play.pokemonshowdown.com/sprites/categories/Physical.png" alt="Physical" width="32" height="14"></span> <span class="col labelcol"><em>Power</em><br>75</span> <span class="col widelabelcol"><em>Accuracy</em><br>100%</span> <span class="col pplabelcol"><em>PP</em><br>16</span> <span class="col movedesccol">Power doubles if the user's last move failed.</span> </li><li style="clear:both"></li></ul>

|
|t:|1779844596
|move|p2a: Comfey|Draining Kiss|p1a: Ogerpon
|-damage|p1a: Ogerpon|66/100
|-heal|p2a: Comfey|83/100|[from] drain|[of] p1a: Ogerpon
|-damage|p2a: Comfey|73/100|[from] item: Life Orb
|move|p1a: Ogerpon|Stomping Tantrum|p2a: Comfey
|-damage|p2a: Comfey|26/100
|
|upkeep
|turn|11
|
|t:|1779844611
|switch|p1a: Corviknight|Corviknight, M|100/100
|move|p2a: Comfey|Draining Kiss|p1a: Corviknight
|-resisted|p1a: Corviknight
|-damage|p1a: Corviknight|90/100
|-heal|p2a: Comfey|36/100|[from] drain|[of] p1a: Corviknight
|-damage|p2a: Comfey|19/100|[from] item: Rocky Helmet|[of] p1a: Corviknight
|-damage|p2a: Comfey|9/100|[from] item: Life Orb
|
|upkeep
|turn|12
|
|t:|1779844620
|move|p2a: Comfey|Synthesis|p2a: Comfey
|-heal|p2a: Comfey|59/100
|move|p1a: Corviknight|Iron Defense|p1a: Corviknight
|-boost|p1a: Corviknight|def|2
|
|upkeep
|turn|13
|
|t:|1779844629
|switch|p2a: Salazzle|Salazzle, F|100/100
|switch|p1a: Ogerpon|Ogerpon, F|66/100
|
|upkeep
|turn|14
|
|t:|1779844636
|-terastallize|p2a: Salazzle|Flying
|-terastallize|p1a: Ogerpon|Grass
|detailschange|p1a: Ogerpon|Ogerpon-Teal-Tera, F, tera:Grass
|-ability|p1a: Ogerpon|Embody Aspect (Teal)|boost
|-boost|p1a: Ogerpon|spe|1
|move|p1a: Ogerpon|Stomping Tantrum|p2a: Salazzle
|-immune|p2a: Salazzle
|move|p2a: Salazzle|Toxic|p1a: Ogerpon
|-status|p1a: Ogerpon|tox
|
|-damage|p1a: Ogerpon|60/100 tox|[from] psn
|upkeep
|turn|15
|-message|complxtelyfakeac forfeited.
|
|win|Jazzuthy
|raw|complxtelyfakeac's rating: 1262 &rarr; <strong>1239</strong><br />(-23 for losing)
|raw|Jazzuthy's rating: 1287 &rarr; <strong>1310</strong><br />(+23 for winning)
|l|☆complxtelyfakeac
|player|p1|
|l|☆Jazzuthy
|player|p2|
