|j|☆wknh
|j|☆inertia pk
|t:|1779840211
|gametype|singles
|player|p1|wknh|cynthia-gen4|1100
|player|p2|inertia pk|iono-masters2|1158
|gen|9
|tier|[Gen 9] OU
|rated|
|rule|HP Percentage Mod: HP is shown in percentages
|rule|Endless Battle Clause: Forcing endless battles is banned
|rule|Species Clause: Limit one of each Pokémon
|rule|OHKO Clause: OHKO moves are banned
|rule|Evasion Items Clause: Evasion items are banned
|rule|Evasion Moves Clause: Evasion moves are banned
|rule|Evasion Abilities Clause: Evasion abilities are banned
|rule|Sleep Moves Clause: Sleep-inducing moves are banned
|clearpoke
|poke|p1|Hatterene, F|
|poke|p1|Great Tusk|
|poke|p1|Tornadus-Therian, M|
|poke|p1|Kyurem|
|poke|p1|Slowking-Galar, M|
|poke|p1|Kingambit, M|
|poke|p2|Blissey, F|
|poke|p2|Toxapex, M|
|poke|p2|Clodsire, M|
|poke|p2|Gliscor, M|
|poke|p2|Ting-Lu|
|poke|p2|Mandibuzz, F|
|teampreview
|inactive|Battle timer is ON: inactive players will automatically lose when time's up. (requested by wknh)
|c|☆inertia pk|gglhf
|
|t:|1779840231
|teamsize|p1|6
|teamsize|p2|6
|start
|switch|p1a: Kyurem|Kyurem|100/100
|switch|p2a: Mandibuzz|Mandibuzz, F, shiny|100/100
|-ability|p1a: Kyurem|Pressure
|turn|1
|
|t:|1779840239
|move|p1a: Kyurem|Ice Beam|p2a: Mandibuzz
|-supereffective|p2a: Mandibuzz
|-damage|p2a: Mandibuzz|0 fnt
|faint|p2a: Mandibuzz
|
|upkeep
|
|t:|1779840244
|switch|p2a: Blissey|Blissey, F, shiny|100/100
|turn|2
|
|t:|1779840247
|switch|p1a: Great Tusk|Great Tusk|100/100
|move|p2a: Blissey|Fire Blast|p1a: Great Tusk
|-damage|p1a: Great Tusk|54/100
|
|-heal|p1a: Great Tusk|60/100|[from] item: Leftovers
|upkeep
|turn|3
|
|t:|1779840254
|move|p1a: Great Tusk|Stealth Rock|p2a: Blissey
|-sidestart|p2: inertia pk|move: Stealth Rock
|move|p2a: Blissey|Psychic|p1a: Great Tusk
|-supereffective|p1a: Great Tusk
|-damage|p1a: Great Tusk|0 fnt
|faint|p1a: Great Tusk
|-end|p1a: Great Tusk|Protosynthesis|[silent]
|
|upkeep
|
|t:|1779840259
|switch|p1a: Tornadus|Tornadus-Therian, M|100/100
|turn|4
|
|t:|1779840268
|move|p1a: Tornadus|Knock Off|p2a: Blissey
|-damage|p2a: Blissey|58/100
|-enditem|p2a: Blissey|Wide Lens|[from] move: Knock Off|[of] p1a: Tornadus
|move|p2a: Blissey|Thunder|p1a: Tornadus
|-supereffective|p1a: Tornadus
|-damage|p1a: Tornadus|60/100
|
|upkeep
|turn|5
|
|t:|1779840283
|move|p1a: Tornadus|Knock Off|p2a: Blissey
|-damage|p2a: Blissey|29/100
|move|p2a: Blissey|Blizzard|p1a: Tornadus
|-supereffective|p1a: Tornadus
|-damage|p1a: Tornadus|24/100
|
|upkeep
|turn|6
|
|t:|1779840311
|switch|p2a: Ting-Lu|Ting-Lu, shiny|100/100
|-damage|p2a: Ting-Lu|94/100|[from] Stealth Rock
|-ability|p2a: Ting-Lu|Vessel of Ruin
|move|p1a: Tornadus|U-turn|p2a: Ting-Lu
|-supereffective|p2a: Ting-Lu
|-damage|p2a: Ting-Lu|79/100
|
|t:|1779840315
|switch|p1a: Kyurem|Kyurem|100/100|[from] U-turn
|-ability|p1a: Kyurem|Pressure
|
|-heal|p2a: Ting-Lu|85/100|[from] item: Leftovers
|upkeep
|turn|7
|
|t:|1779840332
|-terastallize|p1a: Kyurem|Ice
|move|p1a: Kyurem|Freeze-Dry|p2a: Ting-Lu
|-supereffective|p2a: Ting-Lu
|-damage|p2a: Ting-Lu|3/100
|move|p2a: Ting-Lu|Stone Edge|p1a: Kyurem
|-supereffective|p1a: Kyurem
|-crit|p1a: Kyurem
|-damage|p1a: Kyurem|0 fnt
|faint|p1a: Kyurem
|
|-heal|p2a: Ting-Lu|9/100|[from] item: Leftovers
|upkeep
|
|t:|1779840345
|switch|p1a: Tornadus|Tornadus-Therian, M|57/100
|turn|8
|c|☆inertia pk|lol
|
|t:|1779840349
|move|p1a: Tornadus|Knock Off|p2a: Ting-Lu
|-resisted|p2a: Ting-Lu
|-damage|p2a: Ting-Lu|4/100
|-enditem|p2a: Ting-Lu|Leftovers|[from] move: Knock Off|[of] p1a: Tornadus
|move|p2a: Ting-Lu|Stone Edge|p1a: Tornadus
|-supereffective|p1a: Tornadus
|-damage|p1a: Tornadus|0 fnt
|faint|p1a: Tornadus
|
|upkeep
|-message|wknh forfeited.
|
|win|inertia pk
|raw|wknh's rating: 1100 &rarr; <strong>1079</strong><br />(-21 for losing)
|raw|inertia pk's rating: 1158 &rarr; <strong>1179</strong><br />(+21 for winning)
|l|☆wknh
|player|p1|
|c|☆inertia pk|lolll
