|j|☆Skotus
|j|☆prakshep
|t:|1779866927
|gametype|singles
|player|p1|Skotus|palmer|1450
|player|p2|prakshep|nate|1455
|gen|9
|tier|[Gen 9] OU
|rated|
|rule|HP Percentage Mod: HP is shown in percentages
|rule|Endless Battle Clause: Forcing endless battles is banned
|rule|Species Clause: Limit one of each Pokémon
|rule|OHKO Clause: OHKO moves are banned
|rule|Evasion Items Clause: Evasion items are banned
|rule|Evasion Moves Clause: Evasion moves are banned
|rule|Evasion Abilities Clause: Evasion abilities are banned
|rule|Sleep Moves Clause: Sleep-inducing moves are banned
|clearpoke
|poke|p1|Mandibuzz, F|
|poke|p1|Cloyster, M|
|poke|p1|Polteageist-Antique|
|poke|p1|Blastoise, M|
|poke|p1|Torterra, M|
|poke|p1|Minior|
|poke|p2|Cinderace, F|
|poke|p2|Polteageist-Antique|
|poke|p2|Walking Wake|
|poke|p2|Zamazenta-*|
|poke|p2|Maushold-Four|
|poke|p2|Glimmora, M|
|teampreview
|
|t:|1779866933
|teamsize|p1|6
|teamsize|p2|6
|start
|switch|p1a: Torterra|Torterra, M|100/100
|switch|p2a: Cinderace|Cinderace, F, shiny|100/100
|turn|1
|inactive|Battle timer is ON: inactive players will automatically lose when time's up. (requested by prakshep)
|
|t:|1779866949
|switch|p1a: Mandibuzz|Mandibuzz, F|100/100
|move|p2a: Cinderace|Pyro Ball|p1a: Mandibuzz
|-damage|p1a: Mandibuzz|68/100
|
|upkeep
|turn|2
|
|t:|1779866955
|move|p2a: Cinderace|High Jump Kick|p1a: Mandibuzz
|-start|p2a: Cinderace|typechange|Fighting|[from] ability: Libero
|-damage|p1a: Mandibuzz|35/100
|move|p1a: Mandibuzz|Foul Play|p2a: Cinderace
|-resisted|p2a: Cinderace
|-damage|p2a: Cinderace|66/100
|
|upkeep
|turn|3
|
|t:|1779866962
|move|p2a: Cinderace|Pyro Ball|p1a: Mandibuzz
|-damage|p1a: Mandibuzz|14/100
|move|p1a: Mandibuzz|Roost|p1a: Mandibuzz
|-heal|p1a: Mandibuzz|64/100
|-singleturn|p1a: Mandibuzz|move: Roost
|
|upkeep
|turn|4
|
|t:|1779866968
|move|p2a: Cinderace|High Jump Kick|p1a: Mandibuzz
|-damage|p1a: Mandibuzz|26/100
|move|p1a: Mandibuzz|Roost|p1a: Mandibuzz
|-heal|p1a: Mandibuzz|76/100
|-singleturn|p1a: Mandibuzz|move: Roost
|
|upkeep
|turn|5
|
|t:|1779866973
|switch|p2a: Glimmora|Glimmora, M, shiny|100/100
|move|p1a: Mandibuzz|Roost|p1a: Mandibuzz
|-heal|p1a: Mandibuzz|100/100
|-singleturn|p1a: Mandibuzz|move: Roost
|
|upkeep
|turn|6
|
|t:|1779866980
|switch|p1a: Blastoise|Blastoise, M|100/100
|move|p2a: Glimmora|Rock Polish|p2a: Glimmora
|-boost|p2a: Glimmora|spe|2
|
|upkeep
|turn|7
|
|t:|1779866990
|move|p2a: Glimmora|Meteor Beam||[still]
|-prepare|p2a: Glimmora|Meteor Beam
|-boost|p2a: Glimmora|spa|1
|-enditem|p2a: Glimmora|Power Herb
|-anim|p2a: Glimmora|Meteor Beam|p1a: Blastoise
|-enditem|p1a: Blastoise|Focus Sash
|-damage|p1a: Blastoise|1/100
|move|p1a: Blastoise|Surf|p2a: Glimmora
|-supereffective|p2a: Glimmora
|-damage|p2a: Glimmora|0 fnt
|faint|p2a: Glimmora
|
|upkeep
|
|t:|1779866997
|switch|p2a: Cinderace|Cinderace, F, shiny|66/100
|turn|8
|
|t:|1779867001
|move|p2a: Cinderace|Pyro Ball|p1a: Blastoise
|-resisted|p1a: Blastoise
|-damage|p1a: Blastoise|0 fnt
|faint|p1a: Blastoise
|
|upkeep
|
|t:|1779867005
|switch|p1a: Minior|Minior|100/100
|-formechange|p1a: Minior|Minior-Meteor||[from] ability: Shields Down
|turn|9
|
|t:|1779867013
|move|p2a: Cinderace|High Jump Kick|p1a: Minior
|-start|p2a: Cinderace|typechange|Fighting|[from] ability: Libero
|-damage|p1a: Minior|14/100
|move|p1a: Minior|Shell Smash|p1a: Minior
|-unboost|p1a: Minior|def|1
|-unboost|p1a: Minior|spd|1
|-boost|p1a: Minior|atk|2
|-boost|p1a: Minior|spa|2
|-boost|p1a: Minior|spe|2
|-enditem|p1a: Minior|White Herb
|-clearnegativeboost|p1a: Minior|[silent]
|
|-formechange|p1a: Minior|Minior||[from] ability: Shields Down
|upkeep
|turn|10
|
|t:|1779867018
|move|p2a: Cinderace|Sucker Punch|p1a: Minior
|-damage|p1a: Minior|0 fnt
|faint|p1a: Minior
|
|upkeep
|
|t:|1779867023
|switch|p1a: Mandibuzz|Mandibuzz, F|100/100
|turn|11
|inactive|prakshep has 120 seconds left.
|
|t:|1779867069
|move|p2a: Cinderace|High Jump Kick|p1a: Mandibuzz
|-crit|p1a: Mandibuzz
|-damage|p1a: Mandibuzz|44/100
|move|p1a: Mandibuzz|Toxic|p2a: Cinderace
|-status|p2a: Cinderace|tox
|
|-damage|p2a: Cinderace|60/100 tox|[from] psn
|upkeep
|turn|12
|
|t:|1779867073
|switch|p2a: Walking Wake|Walking Wake|100/100
|-enditem|p2a: Walking Wake|Booster Energy
|-activate|p2a: Walking Wake|ability: Protosynthesis|[fromitem]
|-start|p2a: Walking Wake|protosynthesisspa
|move|p1a: Mandibuzz|Roost|p1a: Mandibuzz
|-heal|p1a: Mandibuzz|94/100
|-singleturn|p1a: Mandibuzz|move: Roost
|
|upkeep
|turn|13
|
|t:|1779867078
|move|p2a: Walking Wake|Draco Meteor|p1a: Mandibuzz
|-damage|p1a: Mandibuzz|26/100
|-unboost|p2a: Walking Wake|spa|2
|move|p1a: Mandibuzz|Toxic|p2a: Walking Wake
|-status|p2a: Walking Wake|tox
|
|-damage|p2a: Walking Wake|94/100 tox|[from] psn
|upkeep
|turn|14
|
|t:|1779867083
|-end|p2a: Walking Wake|Protosynthesis|[silent]
|switch|p2a: Cinderace|Cinderace, F, shiny|60/100 tox
|move|p1a: Mandibuzz|Roost|p1a: Mandibuzz
|-heal|p1a: Mandibuzz|76/100
|-singleturn|p1a: Mandibuzz|move: Roost
|
|-damage|p2a: Cinderace|54/100 tox|[from] psn
|upkeep
|turn|15
|
|t:|1779867086
|move|p2a: Cinderace|High Jump Kick|p1a: Mandibuzz
|-start|p2a: Cinderace|typechange|Fighting|[from] ability: Libero
|-damage|p1a: Mandibuzz|39/100
|move|p1a: Mandibuzz|Foul Play|p2a: Cinderace
|-resisted|p2a: Cinderace
|-damage|p2a: Cinderace|23/100 tox
|
|-damage|p2a: Cinderace|11/100 tox|[from] psn
|upkeep
|turn|16
|
|t:|1779867090
|move|p2a: Cinderace|High Jump Kick|p1a: Mandibuzz
|-damage|p1a: Mandibuzz|3/100
|move|p1a: Mandibuzz|Roost|p1a: Mandibuzz
|-heal|p1a: Mandibuzz|53/100
|-singleturn|p1a: Mandibuzz|move: Roost
|
|-damage|p2a: Cinderace|0 fnt|[from] psn
|faint|p2a: Cinderace
|upkeep
|
|t:|1779867099
|switch|p2a: Maushold|Maushold-Four, shiny|100/100
|turn|17
|
|t:|1779867103
|move|p2a: Maushold|Tidy Up|p2a: Maushold
|-boost|p2a: Maushold|atk|1
|-boost|p2a: Maushold|spe|1
|move|p1a: Mandibuzz|Foul Play|p2a: Maushold
|-damage|p2a: Maushold|26/100
|
|upkeep
|turn|18
|
|t:|1779867106
|move|p2a: Maushold|Population Bomb|p1a: Mandibuzz
|-damage|p1a: Mandibuzz|43/100
|-damage|p1a: Mandibuzz|34/100
|-damage|p1a: Mandibuzz|24/100
|-damage|p1a: Mandibuzz|15/100
|-damage|p1a: Mandibuzz|5/100
|-damage|p1a: Mandibuzz|0 fnt
|faint|p1a: Mandibuzz
|-hitcount|p1: Mandibuzz|6
|
|upkeep
|
|t:|1779867109
|switch|p1a: Cloyster|Cloyster, M|100/100
|turn|19
|
|t:|1779867111
|-terastallize|p1a: Cloyster|Ghost
|move|p2a: Maushold|Population Bomb|p1a: Cloyster
|-immune|p1a: Cloyster
|move|p1a: Cloyster|Shell Smash|p1a: Cloyster
|-unboost|p1a: Cloyster|def|1
|-unboost|p1a: Cloyster|spd|1
|-boost|p1a: Cloyster|atk|2
|-boost|p1a: Cloyster|spa|2
|-boost|p1a: Cloyster|spe|2
|
|upkeep
|turn|20
|
|t:|1779867116
|move|p1a: Cloyster|Ice Shard|p2a: Maushold
|-damage|p2a: Maushold|0 fnt
|faint|p2a: Maushold
|
|upkeep
|
|t:|1779867120
|switch|p2a: Walking Wake|Walking Wake|94/100 tox
|turn|21
|
|t:|1779867123
|move|p1a: Cloyster|Icicle Spear|p2a: Walking Wake
|-damage|p2a: Walking Wake|69/100 tox
|-damage|p2a: Walking Wake|45/100 tox
|-damage|p2a: Walking Wake|22/100 tox
|-damage|p2a: Walking Wake|0 fnt
|faint|p2a: Walking Wake
|-end|p2a: Walking Wake|Protosynthesis|[silent]
|-hitcount|p2: Walking Wake|4
|
|upkeep
|
|t:|1779867126
|switch|p2a: Zamazenta|Zamazenta, shiny|100/100
|-ability|p2a: Zamazenta|Dauntless Shield|boost
|-boost|p2a: Zamazenta|def|1
|turn|22
|
|t:|1779867131
|-terastallize|p2a: Zamazenta|Steel
|move|p1a: Cloyster|Icicle Spear|p2a: Zamazenta
|-resisted|p2a: Zamazenta
|-damage|p2a: Zamazenta|95/100
|-resisted|p2a: Zamazenta
|-damage|p2a: Zamazenta|89/100
|-resisted|p2a: Zamazenta
|-damage|p2a: Zamazenta|84/100
|-resisted|p2a: Zamazenta
|-damage|p2a: Zamazenta|77/100
|-resisted|p2a: Zamazenta
|-damage|p2a: Zamazenta|72/100
|-hitcount|p2a: Zamazenta|5
|move|p2a: Zamazenta|Heavy Slam|p1a: Cloyster
|-damage|p1a: Cloyster|78/100
|
|-heal|p2a: Zamazenta|78/100|[from] item: Leftovers
|upkeep
|turn|23
|
|t:|1779867145
|switch|p1a: Torterra|Torterra, M|100/100
|move|p2a: Zamazenta|Crunch|p1a: Torterra
|-damage|p1a: Torterra|78/100
|
|-heal|p2a: Zamazenta|84/100|[from] item: Leftovers
|upkeep
|turn|24
|
|t:|1779867151
|move|p2a: Zamazenta|Iron Defense|p2a: Zamazenta
|-boost|p2a: Zamazenta|def|2
|move|p1a: Torterra|Shell Smash|p1a: Torterra
|-unboost|p1a: Torterra|def|1
|-unboost|p1a: Torterra|spd|1
|-boost|p1a: Torterra|atk|2
|-boost|p1a: Torterra|spa|2
|-boost|p1a: Torterra|spe|2
|
|-heal|p2a: Zamazenta|90/100|[from] item: Leftovers
|upkeep
|turn|25
|
|t:|1779867155
|move|p1a: Torterra|Headlong Rush|p2a: Zamazenta
|-supereffective|p2a: Zamazenta
|-damage|p2a: Zamazenta|22/100
|-unboost|p1a: Torterra|def|1
|-unboost|p1a: Torterra|spd|1
|move|p2a: Zamazenta|Iron Defense|p2a: Zamazenta
|-boost|p2a: Zamazenta|def|2
|
|-heal|p2a: Zamazenta|28/100|[from] item: Leftovers
|upkeep
|turn|26
|
|t:|1779867159
|move|p1a: Torterra|Headlong Rush|p2a: Zamazenta
|-supereffective|p2a: Zamazenta
|-damage|p2a: Zamazenta|0 fnt
|-unboost|p1a: Torterra|def|1
|-unboost|p1a: Torterra|spd|1
|faint|p2a: Zamazenta
|
|upkeep
|
|t:|1779867160
|switch|p2a: Polteageist|Polteageist-Antique|100/100
|turn|27
|
|t:|1779867162
|move|p1a: Torterra|Bullet Seed|p2a: Polteageist
|-damage|p2a: Polteageist|54/100
|-ability|p2a: Polteageist|Weak Armor|boost
|-unboost|p2a: Polteageist|def|1
|-boost|p2a: Polteageist|spe|2
|-damage|p2a: Polteageist|0 fnt
|faint|p2a: Polteageist
|-hitcount|p2: Polteageist|2
|
|win|Skotus
|raw|Skotus's rating: 1450 &rarr; <strong>1470</strong><br />(+20 for winning)
|raw|prakshep's rating: 1455 &rarr; <strong>1435</strong><br />(-20 for losing)
|l|☆prakshep
|player|p2|
|l|☆Skotus
|player|p1|
