|j|☆claudechamp
|j|☆ssjDoggo
|t:|1779811482
|gametype|singles
|player|p1|claudechamp|265|1277
|player|p2|ssjDoggo|giovanni|1236
|gen|9
|tier|[Gen 9] OU
|rated|
|rule|HP Percentage Mod: HP is shown in percentages
|rule|Endless Battle Clause: Forcing endless battles is banned
|rule|Species Clause: Limit one of each Pokémon
|rule|OHKO Clause: OHKO moves are banned
|rule|Evasion Items Clause: Evasion items are banned
|rule|Evasion Moves Clause: Evasion moves are banned
|rule|Evasion Abilities Clause: Evasion abilities are banned
|rule|Sleep Moves Clause: Sleep-inducing moves are banned
|clearpoke
|poke|p1|Gliscor, M|
|poke|p1|Ogerpon, F|
|poke|p1|Walking Wake|
|poke|p1|Blissey, F|
|poke|p1|Corviknight, F|
|poke|p1|Pecharunt|
|poke|p2|Great Tusk|
|poke|p2|Enamorus, F|
|poke|p2|Kingambit, M|
|poke|p2|Ogerpon-Wellspring, F|
|poke|p2|Ceruledge, M|
|poke|p2|Zapdos|
|teampreview
|inactive|Battle timer is ON: inactive players will automatically lose when time's up. (requested by ssjDoggo)
|c|☆claudechamp|hf
|inactive|claudechamp also wants the timer to be on.
|
|t:|1779811495
|teamsize|p1|6
|teamsize|p2|6
|start
|switch|p1a: Gliscor|Gliscor, M|100/100
|switch|p2a: The stand user|Enamorus, F|100/100
|turn|1
|
|t:|1779811501
|move|p2a: The stand user|Tailwind|p2a: The stand user
|-sidestart|p2: ssjDoggo|move: Tailwind
|move|p1a: Gliscor|Toxic|p2a: The stand user
|-status|p2a: The stand user|tox
|
|-damage|p2a: The stand user|94/100 tox|[from] psn
|-status|p1a: Gliscor|tox|[from] item: Toxic Orb
|upkeep
|turn|2
|
|t:|1779811507
|move|p2a: The stand user|Moonblast|p1a: Gliscor
|-damage|p1a: Gliscor|59/100 tox
|move|p1a: Gliscor|Spikes|p2a: The stand user
|-sidestart|p2: ssjDoggo|Spikes
|
|-damage|p2a: The stand user|82/100 tox|[from] psn
|-heal|p1a: Gliscor|71/100 tox|[from] ability: Poison Heal
|upkeep
|turn|3
|
|t:|1779811512
|move|p2a: The stand user|Moonblast|p1a: Gliscor
|-damage|p1a: Gliscor|25/100 tox
|-unboost|p1a: Gliscor|spa|1
|move|p1a: Gliscor|Spikes|p2a: The stand user
|-sidestart|p2: ssjDoggo|Spikes
|
|-damage|p2a: The stand user|63/100 tox|[from] psn
|-heal|p1a: Gliscor|37/100 tox|[from] ability: Poison Heal
|upkeep
|turn|4
|
|t:|1779811521
|switch|p1a: Pecharunt|Pecharunt|100/100
|move|p2a: The stand user|Moonblast|p1a: Pecharunt
|-resisted|p1a: Pecharunt
|-damage|p1a: Pecharunt|76/100
|-unboost|p1a: Pecharunt|spa|1
|
|-damage|p2a: The stand user|38/100 tox|[from] psn
|-sideend|p2: ssjDoggo|move: Tailwind
|upkeep
|turn|5
|
|t:|1779811526
|move|p2a: The stand user|Earth Power|p1a: Pecharunt
|-supereffective|p1a: Pecharunt
|-damage|p1a: Pecharunt|9/100
|move|p1a: Pecharunt|Malignant Chain|p2a: The stand user
|-supereffective|p2a: The stand user
|-crit|p2a: The stand user
|-damage|p2a: The stand user|0 fnt
|faint|p2a: The stand user
|
|upkeep
|
|t:|1779811530
|switch|p2a: Great TANK|Great Tusk, shiny|100/100
|-damage|p2a: Great TANK|84/100|[from] Spikes
|turn|6
|
|t:|1779811534
|move|p1a: Pecharunt|Recover|p1a: Pecharunt
|-heal|p1a: Pecharunt|59/100
|move|p2a: Great TANK|Ice Spinner|p1a: Pecharunt
|-damage|p1a: Pecharunt|44/100
|
|upkeep
|turn|7
|
|t:|1779811541
|move|p1a: Pecharunt|Recover|p1a: Pecharunt
|-heal|p1a: Pecharunt|94/100
|move|p2a: Great TANK|Earthquake|p1a: Pecharunt
|-supereffective|p1a: Pecharunt
|-damage|p1a: Pecharunt|47/100
|
|upkeep
|turn|8
|
|t:|1779811547
|move|p1a: Pecharunt|Parting Shot|p2a: Great TANK
|-unboost|p2a: Great TANK|atk|1
|-unboost|p2a: Great TANK|spa|1
|
|t:|1779811549
|switch|p1a: Walking Wake|Walking Wake|100/100|[from] Parting Shot
|move|p2a: Great TANK|Earthquake|p1a: Walking Wake
|-damage|p1a: Walking Wake|65/100
|
|upkeep
|turn|9
|
|t:|1779811552
|move|p1a: Walking Wake|Surf|p2a: Great TANK
|-supereffective|p2a: Great TANK
|-damage|p2a: Great TANK|1/100
|move|p2a: Great TANK|Rapid Spin|p1a: Walking Wake
|-crit|p1a: Walking Wake
|-damage|p1a: Walking Wake|36/100
|-boost|p2a: Great TANK|spe|1
|-sideend|p2: ssjDoggo|Spikes|[from] move: Rapid Spin|[of] p2a: Great TANK
|
|upkeep
|turn|10
|c|☆ssjDoggo|we tank those
|
|t:|1779811568
|move|p1a: Walking Wake|Surf|p2a: Great TANK
|-supereffective|p2a: Great TANK
|-damage|p2a: Great TANK|0 fnt
|faint|p2a: Great TANK
|-end|p2a: Great TANK|Protosynthesis|[silent]
|
|upkeep
|
|t:|1779811578
|switch|p2a: Shrek-ette|Ogerpon-Wellspring, F|100/100
|turn|11
|
|t:|1779811587
|move|p2a: Shrek-ette|Knock Off|p1a: Walking Wake
|-damage|p1a: Walking Wake|0 fnt
|-enditem|p1a: Walking Wake|Heavy-Duty Boots|[from] move: Knock Off|[of] p2a: Shrek-ette
|faint|p1a: Walking Wake
|-end|p1a: Walking Wake|Protosynthesis|[silent]
|
|upkeep
|
|t:|1779811589
|switch|p1a: Pecharunt|Pecharunt|47/100
|turn|12
|
|t:|1779811594
|move|p2a: Shrek-ette|Knock Off|p1a: Pecharunt
|-supereffective|p1a: Pecharunt
|-damage|p1a: Pecharunt|8/100
|-enditem|p1a: Pecharunt|Heavy-Duty Boots|[from] move: Knock Off|[of] p2a: Shrek-ette
|move|p1a: Pecharunt|Recover|p1a: Pecharunt
|-heal|p1a: Pecharunt|58/100
|
|upkeep
|turn|13
|
|t:|1779811607
|-terastallize|p2a: Shrek-ette|Water
|detailschange|p2a: Shrek-ette|Ogerpon-Wellspring-Tera, F, tera:Water
|-ability|p2a: Shrek-ette|Embody Aspect (Wellspring)|boost
|-boost|p2a: Shrek-ette|spd|1
|move|p2a: Shrek-ette|Ivy Cudgel|p1a: Pecharunt|[anim] Ivy Cudgel Water
|-damage|p1a: Pecharunt|22/100
|move|p1a: Pecharunt|Recover|p1a: Pecharunt
|-heal|p1a: Pecharunt|72/100
|
|upkeep
|turn|14
|
|t:|1779811616
|switch|p2a: The Stand|Ceruledge, M|100/100
|move|p1a: Pecharunt|Recover|p1a: Pecharunt
|-heal|p1a: Pecharunt|100/100
|
|upkeep
|turn|15
|
|t:|1779811620
|move|p2a: The Stand|Swords Dance|p2a: The Stand
|-boost|p2a: The Stand|atk|2
|move|p1a: Pecharunt|Foul Play|p2a: The Stand
|-supereffective|p2a: The Stand
|-enditem|p2a: The Stand|Focus Sash
|-damage|p2a: The Stand|1/100
|-ability|p2a: The Stand|Weak Armor|boost
|-unboost|p2a: The Stand|def|1
|-boost|p2a: The Stand|spe|2
|
|upkeep
|turn|16
|
|t:|1779811631
|move|p2a: The Stand|Bitter Blade|p1a: Pecharunt
|-damage|p1a: Pecharunt|56/100
|-heal|p2a: The Stand|30/100|[from] drain|[of] p1a: Pecharunt
|move|p1a: Pecharunt|Foul Play|p2a: The Stand
|-supereffective|p2a: The Stand
|-damage|p2a: The Stand|0 fnt
|faint|p2a: The Stand
|
|upkeep
|
|t:|1779811638
|switch|p2a: Zapdos|Zapdos, shiny|100/100
|turn|17
|
|t:|1779811642
|move|p2a: Zapdos|Heat Wave|p1a: Pecharunt
|-damage|p1a: Pecharunt|20/100
|move|p1a: Pecharunt|Recover|p1a: Pecharunt
|-heal|p1a: Pecharunt|70/100
|
|upkeep
|turn|18
|
|t:|1779811650
|move|p2a: Zapdos|Discharge|p1a: Pecharunt
|-damage|p1a: Pecharunt|27/100
|move|p1a: Pecharunt|Malignant Chain|p2a: Zapdos
|-damage|p2a: Zapdos|70/100
|
|upkeep
|turn|19
|
|t:|1779811658
|switch|p1a: Blissey|Blissey, F|100/100
|move|p2a: Zapdos|Discharge|p1a: Blissey
|-crit|p1a: Blissey
|-damage|p1a: Blissey|79/100
|
|upkeep
|turn|20
|
|t:|1779811670
|move|p2a: Zapdos|U-turn|p1a: Blissey
|-damage|p1a: Blissey|65/100
|
|t:|1779811674
|switch|p2a: Shrek-ette|Ogerpon-Wellspring-Tera, F, tera:Water|100/100|[from] U-turn
|-ability|p2a: Shrek-ette|Embody Aspect (Wellspring)|boost
|-boost|p2a: Shrek-ette|spd|1
|move|p1a: Blissey|Stealth Rock|p2a: Shrek-ette
|-sidestart|p2: ssjDoggo|move: Stealth Rock
|
|upkeep
|turn|21
|
|t:|1779811680
|switch|p1a: Ogerpon|Ogerpon, F|100/100
|move|p2a: Shrek-ette|Ivy Cudgel|p1a: Ogerpon|[anim] Ivy Cudgel Water
|-resisted|p1a: Ogerpon
|-damage|p1a: Ogerpon|53/100
|
|upkeep
|turn|22
|
|t:|1779811692
|move|p1a: Ogerpon|Ivy Cudgel|p2a: Shrek-ette
|-supereffective|p2a: Shrek-ette
|-damage|p2a: Shrek-ette|0 fnt
|faint|p2a: Shrek-ette
|detailschange|p2: Shrek-ette|Ogerpon-Wellspring, F|[silent]
|
|upkeep
|
|t:|1779811696
|switch|p2a: Zapdos|Zapdos, shiny|70/100
|turn|23
|
|t:|1779811703
|switch|p1a: Blissey|Blissey, F|65/100
|move|p2a: Zapdos|Heat Wave|p1a: Blissey
|-damage|p1a: Blissey|54/100
|
|upkeep
|turn|24
|
|t:|1779811711
|move|p2a: Zapdos|Discharge|p1a: Blissey
|-damage|p1a: Blissey|40/100
|-status|p1a: Blissey|par
|cant|p1a: Blissey|par
|
|upkeep
|turn|25
|
|t:|1779811721
|move|p2a: Zapdos|Discharge|p1a: Blissey
|-damage|p1a: Blissey|26/100 par
|move|p1a: Blissey|Soft-Boiled|p1a: Blissey
|-heal|p1a: Blissey|76/100 par
|
|upkeep
|turn|26
|
|t:|1779811732
|move|p2a: Zapdos|U-turn|p1a: Blissey
|-damage|p1a: Blissey|62/100 par
|
|t:|1779811735
|switch|p2a: The King|Kingambit, M, shiny|100/100|[from] U-turn
|-damage|p2a: The King|94/100|[from] Stealth Rock
|-activate|p2a: The King|ability: Supreme Overlord
|-start|p2a: The King|fallen4|[silent]
|move|p1a: Blissey|Calm Mind|p1a: Blissey
|-boost|p1a: Blissey|spa|1
|-boost|p1a: Blissey|spd|1
|
|upkeep
|turn|27
|
|t:|1779811742
|move|p2a: The King|Iron Head|p1a: Blissey
|-damage|p1a: Blissey|0 fnt
|faint|p1a: Blissey
|
|upkeep
|
|t:|1779811752
|switch|p1a: Pecharunt|Pecharunt|27/100
|turn|28
|
|t:|1779811764
|move|p1a: Pecharunt|Recover|p1a: Pecharunt
|-heal|p1a: Pecharunt|77/100
|move|p2a: The King|Kowtow Cleave|p1a: Pecharunt
|-supereffective|p1a: Pecharunt
|-damage|p1a: Pecharunt|20/100
|
|upkeep
|turn|29
|
|t:|1779811776
|move|p1a: Pecharunt|Parting Shot|p2a: The King
|-unboost|p2a: The King|atk|1
|-unboost|p2a: The King|spa|1
|
|t:|1779811789
|switch|p1a: Corviknight|Corviknight, F|100/100|[from] Parting Shot
|-ability|p1a: Corviknight|Pressure
|move|p2a: The King|Kowtow Cleave|p1a: Corviknight
|-damage|p1a: Corviknight|72/100
|
|upkeep
|turn|30
|
|t:|1779811797
|-end|p2a: The King|fallen4|[silent]
|switch|p2a: Zapdos|Zapdos, shiny|70/100
|move|p1a: Corviknight|U-turn|p2a: Zapdos
|-resisted|p2a: Zapdos
|-damage|p2a: Zapdos|64/100
|-status|p1a: Corviknight|par|[from] ability: Static|[of] p2a: Zapdos
|
|t:|1779811803
|switch|p1a: Gliscor|Gliscor, M|37/100 tox|[from] U-turn
|
|-heal|p1a: Gliscor|50/100 tox|[from] ability: Poison Heal
|upkeep
|turn|31
|
|t:|1779811811
|move|p1a: Gliscor|Protect|p1a: Gliscor
|-singleturn|p1a: Gliscor|Protect
|move|p2a: Zapdos|Heat Wave|p1a: Gliscor
|-activate|p1a: Gliscor|move: Protect
|
|-heal|p1a: Gliscor|62/100 tox|[from] ability: Poison Heal
|upkeep
|turn|32
|
|t:|1779811818
|move|p2a: Zapdos|Heat Wave|p1a: Gliscor
|-damage|p1a: Gliscor|30/100 tox
|move|p1a: Gliscor|Toxic|p2a: Zapdos
|-status|p2a: Zapdos|tox
|
|-damage|p2a: Zapdos|57/100 tox|[from] psn
|-heal|p1a: Gliscor|43/100 tox|[from] ability: Poison Heal
|upkeep
|turn|33
|
|t:|1779811839
|move|p1a: Gliscor|Protect|p1a: Gliscor
|-singleturn|p1a: Gliscor|Protect
|move|p2a: Zapdos|Heat Wave|p1a: Gliscor
|-activate|p1a: Gliscor|move: Protect
|
|-damage|p2a: Zapdos|45/100 tox|[from] psn
|-heal|p1a: Gliscor|55/100 tox|[from] ability: Poison Heal
|upkeep
|turn|34
|c|☆ssjDoggo|is this fun?
|inactive|ssjDoggo has 120 seconds left.
|
|t:|1779811862
|move|p2a: Zapdos|U-turn|p1a: Gliscor
|-resisted|p1a: Gliscor
|-damage|p1a: Gliscor|50/100 tox
|
|t:|1779811865
|switch|p2a: The King|Kingambit, M, shiny|94/100|[from] U-turn
|-damage|p2a: The King|88/100|[from] Stealth Rock
|-activate|p2a: The King|ability: Supreme Overlord
|-start|p2a: The King|fallen4|[silent]
|move|p1a: Gliscor|Spikes|p2a: The King
|-sidestart|p2: ssjDoggo|Spikes
|
|-heal|p1a: Gliscor|63/100 tox|[from] ability: Poison Heal
|upkeep
|turn|35
|inactive|ssjDoggo has 120 seconds left.
|
|t:|1779811894
|move|p1a: Gliscor|Protect|p1a: Gliscor
|-singleturn|p1a: Gliscor|Protect
|move|p2a: The King|Kowtow Cleave|p1a: Gliscor
|-activate|p1a: Gliscor|move: Protect
|
|-heal|p1a: Gliscor|75/100 tox|[from] ability: Poison Heal
|upkeep
|turn|36
|
|t:|1779811902
|switch|p1a: Ogerpon|Ogerpon, F|53/100
|move|p2a: The King|Kowtow Cleave|p1a: Ogerpon
|-damage|p1a: Ogerpon|0 fnt
|faint|p1a: Ogerpon
|
|upkeep
|
|t:|1779811914
|switch|p1a: Gliscor|Gliscor, M|75/100 tox
|turn|37
|
|t:|1779811926
|move|p1a: Gliscor|Protect|p1a: Gliscor
|-singleturn|p1a: Gliscor|Protect
|move|p2a: The King|Kowtow Cleave|p1a: Gliscor
|-activate|p1a: Gliscor|move: Protect
|
|-heal|p1a: Gliscor|88/100 tox|[from] ability: Poison Heal
|upkeep
|turn|38
|
|t:|1779811941
|-terastallize|p1a: Gliscor|Ghost
|move|p1a: Gliscor|Spikes|p2a: The King
|-sidestart|p2: ssjDoggo|Spikes
|move|p2a: The King|Kowtow Cleave|p1a: Gliscor
|-supereffective|p1a: Gliscor
|-damage|p1a: Gliscor|0 fnt
|faint|p1a: Gliscor
|
|upkeep
|c|☆ssjDoggo|why?
|
|t:|1779811955
|switch|p1a: Corviknight|Corviknight, F|72/100 par
|-ability|p1a: Corviknight|Pressure
|turn|39
|
|t:|1779811966
|-end|p2a: The King|fallen4|[silent]
|switch|p2a: Zapdos|Zapdos, shiny|45/100 tox
|move|p1a: Corviknight|Roost|p1a: Corviknight
|-heal|p1a: Corviknight|100/100 par
|-singleturn|p1a: Corviknight|move: Roost
|
|-damage|p2a: Zapdos|39/100 tox|[from] psn
|upkeep
|turn|40
|
|t:|1779811974
|move|p2a: Zapdos|Discharge|p1a: Corviknight
|-supereffective|p1a: Corviknight
|-damage|p1a: Corviknight|8/100 par
|move|p1a: Corviknight|U-turn|p2a: Zapdos
|-resisted|p2a: Zapdos
|-damage|p2a: Zapdos|32/100 tox
|
|t:|1779811983
|switch|p1a: Pecharunt|Pecharunt|20/100|[from] U-turn
|
|-damage|p2a: Zapdos|20/100 tox|[from] psn
|upkeep
|turn|41
|
|t:|1779811992
|move|p2a: Zapdos|Discharge|p1a: Pecharunt
|-damage|p1a: Pecharunt|0 fnt
|faint|p1a: Pecharunt
|
|-damage|p2a: Zapdos|2/100 tox|[from] psn
|upkeep
|c|☆ssjDoggo|gg
|
|t:|1779811999
|switch|p1a: Corviknight|Corviknight, F|8/100 par
|-ability|p1a: Corviknight|Pressure
|turn|42
|
|t:|1779812005
|move|p2a: Zapdos|Discharge|p1a: Corviknight
|-supereffective|p1a: Corviknight
|-damage|p1a: Corviknight|0 fnt
|faint|p1a: Corviknight
|
|win|ssjDoggo
|raw|claudechamp's rating: 1309 &rarr; <strong>1285</strong><br />(-24 for losing)
|raw|ssjDoggo's rating: 1236 &rarr; <strong>1266</strong><br />(+30 for winning)
|c|☆claudechamp|gg
|l|☆ssjDoggo
|player|p2|
