|j|☆beentheredonepat
|j|☆pc hulkster
|t:|1779875475
|gametype|singles
|player|p1|beentheredonepat|spark-casual|1328
|player|p2|pc hulkster|wattson|1337
|gen|9
|tier|[Gen 9] OU
|rated|
|rule|HP Percentage Mod: HP is shown in percentages
|rule|Endless Battle Clause: Forcing endless battles is banned
|rule|Species Clause: Limit one of each Pokémon
|rule|OHKO Clause: OHKO moves are banned
|rule|Evasion Items Clause: Evasion items are banned
|rule|Evasion Moves Clause: Evasion moves are banned
|rule|Evasion Abilities Clause: Evasion abilities are banned
|rule|Sleep Moves Clause: Sleep-inducing moves are banned
|clearpoke
|poke|p1|Typhlosion, M|
|poke|p1|Ninetales, F|
|poke|p1|Torkoal, M|
|poke|p1|Shiftry, M|
|poke|p1|Hatterene, F|
|poke|p1|Blissey, F|
|poke|p2|Raging Bolt|
|poke|p2|Torkoal, F|
|poke|p2|Walking Wake|
|poke|p2|Pelipper, M|
|poke|p2|Venusaur, M|
|poke|p2|Skeledirge, M|
|teampreview
|inactive|Battle timer is ON: inactive players will automatically lose when time's up. (requested by pc hulkster)
|inactive|beentheredonepat also wants the timer to be on.
|
|t:|1779875493
|teamsize|p1|6
|teamsize|p2|6
|start
|switch|p1a: Hatterene|Hatterene, F|100/100
|switch|p2a: Walking Wake|Walking Wake|100/100
|turn|1
|
|t:|1779875501
|move|p2a: Walking Wake|Flip Turn|p1a: Hatterene
|-damage|p1a: Hatterene|86/100
|
|t:|1779875504
|-end|p2a: Walking Wake|Protosynthesis|[silent]
|switch|p2a: Venusaur|Venusaur, M|100/100|[from] Flip Turn
|move|p1a: Hatterene|Dazzling Gleam|p2a: Venusaur
|-resisted|p2a: Venusaur
|-damage|p2a: Venusaur|81/100
|
|-heal|p1a: Hatterene|92/100|[from] item: Leftovers
|upkeep
|turn|2
|
|t:|1779875512
|switch|p1a: Blissey|Blissey, F|100/100
|move|p2a: Venusaur|Sludge Bomb|p1a: Blissey
|-damage|p1a: Blissey|88/100
|-status|p1a: Blissey|psn
|
|-damage|p1a: Blissey|75/100 psn|[from] psn
|upkeep
|turn|3
|
|t:|1779875525
|switch|p2a: Raging Bolt|Raging Bolt|100/100
|move|p1a: Blissey|Trick|p2a: Raging Bolt
|-activate|p1a: Blissey|move: Trick|[of] p2a: Raging Bolt
|-item|p2a: Raging Bolt|Lagging Tail|[from] move: Trick
|-item|p1a: Blissey|Choice Specs|[from] move: Trick
|
|-damage|p1a: Blissey|63/100 psn|[from] psn
|upkeep
|turn|4
|
|t:|1779875534
|move|p1a: Blissey|Stealth Rock|p2a: Raging Bolt
|-sidestart|p2: pc hulkster|move: Stealth Rock
|move|p2a: Raging Bolt|Volt Switch|p1a: Blissey
|-damage|p1a: Blissey|51/100 psn
|
|t:|1779875541
|-end|p2a: Raging Bolt|Protosynthesis|[silent]
|switch|p2a: Torkoal|Torkoal, F, shiny|100/100|[from] Volt Switch
|-damage|p2a: Torkoal|75/100|[from] Stealth Rock
|-weather|SunnyDay|[from] ability: Drought|[of] p2a: Torkoal
|
|-weather|SunnyDay|[upkeep]
|-damage|p1a: Blissey|38/100 psn|[from] psn
|upkeep
|turn|5
|
|t:|1779875554
|-curestatus|p1a: Blissey|psn|[from] ability: Natural Cure|[silent]
|switch|p1a: Hatterene|Hatterene, F|92/100
|move|p2a: Torkoal|Rapid Spin|p1a: Hatterene
|-damage|p1a: Hatterene|85/100
|-boost|p2a: Torkoal|spe|1
|-sideend|p2: pc hulkster|Stealth Rock|[from] move: Rapid Spin|[of] p2a: Torkoal
|
|-weather|SunnyDay|[upkeep]
|-heal|p1a: Hatterene|91/100|[from] item: Leftovers
|upkeep
|turn|6
|
|t:|1779875562
|switch|p2a: Venusaur|Venusaur, M|81/100
|move|p1a: Hatterene|Psyshock|p2a: Venusaur
|-supereffective|p2a: Venusaur
|-damage|p2a: Venusaur|0 fnt
|faint|p2a: Venusaur
|
|-weather|SunnyDay|[upkeep]
|-heal|p1a: Hatterene|97/100|[from] item: Leftovers
|upkeep
|
|t:|1779875568
|switch|p2a: Raging Bolt|Raging Bolt|100/100
|-activate|p2a: Raging Bolt|ability: Protosynthesis
|-start|p2a: Raging Bolt|protosynthesisspa
|turn|7
|
|t:|1779875575
|move|p1a: Hatterene|Dazzling Gleam|p2a: Raging Bolt
|-supereffective|p2a: Raging Bolt
|-damage|p2a: Raging Bolt|24/100
|move|p2a: Raging Bolt|Volt Switch|p1a: Hatterene
|-damage|p1a: Hatterene|47/100
|
|t:|1779875581
|-end|p2a: Raging Bolt|Protosynthesis|[silent]
|switch|p2a: Walking Wake|Walking Wake|100/100|[from] Volt Switch
|-activate|p2a: Walking Wake|ability: Protosynthesis
|-start|p2a: Walking Wake|protosynthesisspa
|
|-weather|SunnyDay|[upkeep]
|-heal|p1a: Hatterene|53/100|[from] item: Leftovers
|upkeep
|turn|8
|
|t:|1779875586
|move|p2a: Walking Wake|Hydro Steam|p1a: Hatterene
|-damage|p1a: Hatterene|0 fnt
|faint|p1a: Hatterene
|
|-weather|SunnyDay|[upkeep]
|upkeep
|
|t:|1779875589
|switch|p1a: Blissey|Blissey, F|38/100
|turn|9
|
|t:|1779875594
|-end|p2a: Walking Wake|Protosynthesis|[silent]
|switch|p2a: Torkoal|Torkoal, F, shiny|75/100
|move|p1a: Blissey|Soft-Boiled|p1a: Blissey
|-heal|p1a: Blissey|88/100
|
|-weather|SunnyDay|[upkeep]
|upkeep
|turn|10
|
|t:|1779875603
|switch|p1a: Torkoal|Torkoal, M|100/100
|move|p2a: Torkoal|Stealth Rock|p1a: Torkoal
|-sidestart|p1: beentheredonepat|move: Stealth Rock
|
|-weather|SunnyDay|[upkeep]
|upkeep
|turn|11
|
|t:|1779875608
|switch|p2a: Skeledirge|Skeledirge, M|100/100
|move|p1a: Torkoal|Rapid Spin|p2a: Skeledirge
|-immune|p2a: Skeledirge
|
|-weather|none
|upkeep
|turn|12
|
|t:|1779875612
|move|p2a: Skeledirge|Torch Song|p1a: Torkoal
|-resisted|p1a: Torkoal
|-damage|p1a: Torkoal|77/100
|-boost|p2a: Skeledirge|spa|1
|move|p1a: Torkoal|Stealth Rock|p2a: Skeledirge
|-sidestart|p2: pc hulkster|move: Stealth Rock
|
|upkeep
|turn|13
|
|t:|1779875619
|move|p2a: Skeledirge|Torch Song|p1a: Torkoal
|-resisted|p1a: Torkoal
|-damage|p1a: Torkoal|37/100
|-boost|p2a: Skeledirge|spa|1
|move|p1a: Torkoal|Earthquake|p2a: Skeledirge
|-supereffective|p2a: Skeledirge
|-damage|p2a: Skeledirge|62/100
|
|upkeep
|turn|14
|
|t:|1779875632
|switch|p1a: Typhlosion|Typhlosion, M|100/100
|-damage|p1a: Typhlosion|76/100|[from] Stealth Rock
|move|p2a: Skeledirge|Torch Song|p1a: Typhlosion
|-start|p1a: Typhlosion|ability: Flash Fire
|
|upkeep
|turn|15
|
|t:|1779875655
|switch|p2a: Pelipper|Pelipper, M|100/100
|-damage|p2a: Pelipper|76/100|[from] Stealth Rock
|-weather|RainDance|[from] ability: Drizzle|[of] p2a: Pelipper
|-terastallize|p1a: Typhlosion|Fire
|move|p1a: Typhlosion|Eruption|p2a: Pelipper
|-resisted|p2a: Pelipper
|-damage|p2a: Pelipper|23/100
|
|-weather|RainDance|[upkeep]
|upkeep
|turn|16
|
|t:|1779875664
|switch|p2a: Walking Wake|Walking Wake|100/100
|-damage|p2a: Walking Wake|88/100|[from] Stealth Rock
|move|p1a: Typhlosion|Eruption|p2a: Walking Wake
|-resisted|p2a: Walking Wake
|-damage|p2a: Walking Wake|71/100
|
|-weather|RainDance|[upkeep]
|upkeep
|turn|17
|
|t:|1779875678
|-end|p1a: Typhlosion|ability: Flash Fire|[silent]
|switch|p1a: Blissey|Blissey, F|88/100
|-damage|p1a: Blissey|76/100|[from] Stealth Rock
|move|p2a: Walking Wake|Hydro Steam|p1a: Blissey
|-damage|p1a: Blissey|58/100
|
|-weather|RainDance|[upkeep]
|upkeep
|turn|18
|
|t:|1779875688
|-end|p2a: Walking Wake|Protosynthesis|[silent]
|switch|p2a: Torkoal|Torkoal, F, shiny|75/100
|-damage|p2a: Torkoal|50/100|[from] Stealth Rock
|-weather|SunnyDay|[from] ability: Drought|[of] p2a: Torkoal
|move|p1a: Blissey|Seismic Toss|p2a: Torkoal
|-damage|p2a: Torkoal|21/100
|
|-weather|SunnyDay|[upkeep]
|upkeep
|turn|19
|
|t:|1779875700
|move|p1a: Blissey|Seismic Toss|p2a: Torkoal
|-damage|p2a: Torkoal|0 fnt
|faint|p2a: Torkoal
|
|-weather|SunnyDay|[upkeep]
|upkeep
|
|t:|1779875704
|switch|p2a: Skeledirge|Skeledirge, M|62/100
|turn|20
|
|t:|1779875713
|switch|p1a: Torkoal|Torkoal, M|37/100
|-damage|p1a: Torkoal|12/100|[from] Stealth Rock
|move|p2a: Skeledirge|Slack Off|p2a: Skeledirge
|-heal|p2a: Skeledirge|100/100
|
|-weather|SunnyDay|[upkeep]
|upkeep
|turn|21
|
|t:|1779875719
|move|p2a: Skeledirge|Torch Song|p1a: Torkoal
|-resisted|p1a: Torkoal
|-damage|p1a: Torkoal|0 fnt
|-boost|p2a: Skeledirge|spa|1
|faint|p1a: Torkoal
|
|-weather|SunnyDay|[upkeep]
|upkeep
|
|t:|1779875726
|switch|p1a: Shiftry|Shiftry, M|100/100
|-damage|p1a: Shiftry|88/100|[from] Stealth Rock
|turn|22
|
|t:|1779875742
|-terastallize|p2a: Skeledirge|Fairy
|move|p1a: Shiftry|Knock Off|p2a: Skeledirge
|-resisted|p2a: Skeledirge
|-damage|p2a: Skeledirge|84/100
|-enditem|p2a: Skeledirge|Heavy-Duty Boots|[from] move: Knock Off|[of] p1a: Shiftry
|move|p2a: Skeledirge|Torch Song|p1a: Shiftry
|-supereffective|p1a: Shiftry
|-damage|p1a: Shiftry|0 fnt
|-boost|p2a: Skeledirge|spa|1
|faint|p1a: Shiftry
|
|-weather|SunnyDay|[upkeep]
|upkeep
|
|t:|1779875754
|switch|p1a: Ninetales|Ninetales, F|100/100
|-damage|p1a: Ninetales|76/100|[from] Stealth Rock
|turn|23
|
|t:|1779875784
|move|p1a: Ninetales|Overheat|p2a: Skeledirge
|-damage|p2a: Skeledirge|27/100
|-unboost|p1a: Ninetales|spa|2
|-enditem|p1a: Ninetales|Eject Pack
|c|☆pc hulkster|nice
|
|t:|1779875794
|switch|p1a: Blissey|Blissey, F|58/100
|-damage|p1a: Blissey|46/100|[from] Stealth Rock
|move|p2a: Skeledirge|Hex|p1a: Blissey
|-immune|p1a: Blissey
|
|-weather|SunnyDay|[upkeep]
|upkeep
|turn|24
|
|t:|1779875799
|switch|p1a: Typhlosion|Typhlosion, M, tera:Fire|76/100
|-damage|p1a: Typhlosion|51/100|[from] Stealth Rock
|move|p2a: Skeledirge|Torch Song|p1a: Typhlosion
|-start|p1a: Typhlosion|ability: Flash Fire
|
|-weather|SunnyDay|[upkeep]
|upkeep
|turn|25
|
|t:|1779875805
|switch|p2a: Pelipper|Pelipper, M|23/100
|-damage|p2a: Pelipper|0 fnt|[from] Stealth Rock
|faint|p2a: Pelipper
|move|p1a: Typhlosion|Flamethrower|p2: Pelipper|[notarget]
|-fail|p1a: Typhlosion
|
|-weather|none
|upkeep
|
|t:|1779875812
|switch|p2a: Walking Wake|Walking Wake|71/100
|-damage|p2a: Walking Wake|59/100|[from] Stealth Rock
|turn|26
|
|t:|1779875818
|-end|p1a: Typhlosion|ability: Flash Fire|[silent]
|switch|p1a: Blissey|Blissey, F|46/100
|-damage|p1a: Blissey|33/100|[from] Stealth Rock
|move|p2a: Walking Wake|Hydro Steam|p1a: Blissey
|-damage|p1a: Blissey|20/100
|
|upkeep
|turn|27
|
|t:|1779875822
|move|p2a: Walking Wake|Hydro Steam|p1a: Blissey
|-damage|p1a: Blissey|8/100
|move|p1a: Blissey|Soft-Boiled|p1a: Blissey
|-heal|p1a: Blissey|58/100
|
|upkeep
|turn|28
|
|t:|1779875826
|-end|p2a: Walking Wake|Protosynthesis|[silent]
|switch|p2a: Skeledirge|Skeledirge, M, tera:Fairy|27/100
|-damage|p2a: Skeledirge|15/100|[from] Stealth Rock
|move|p1a: Blissey|Soft-Boiled|p1a: Blissey
|-heal|p1a: Blissey|100/100
|
|upkeep
|turn|29
|
|t:|1779875829
|switch|p1a: Typhlosion|Typhlosion, M, tera:Fire|51/100
|-damage|p1a: Typhlosion|26/100|[from] Stealth Rock
|move|p2a: Skeledirge|Slack Off|p2a: Skeledirge
|-heal|p2a: Skeledirge|65/100
|
|upkeep
|turn|30
|
|t:|1779875835
|move|p1a: Typhlosion|Flamethrower|p2a: Skeledirge
|-damage|p2a: Skeledirge|12/100
|move|p2a: Skeledirge|Slack Off|p2a: Skeledirge
|-heal|p2a: Skeledirge|62/100
|
|upkeep
|turn|31
|
|t:|1779875839
|switch|p1a: Ninetales|Ninetales, F|76/100
|-damage|p1a: Ninetales|51/100|[from] Stealth Rock
|-weather|SunnyDay|[from] ability: Drought|[of] p1a: Ninetales
|switch|p2a: Walking Wake|Walking Wake|59/100
|-damage|p2a: Walking Wake|46/100|[from] Stealth Rock
|-activate|p2a: Walking Wake|ability: Protosynthesis
|-start|p2a: Walking Wake|protosynthesisspa
|
|-weather|SunnyDay|[upkeep]
|upkeep
|turn|32
|
|t:|1779875850
|switch|p1a: Blissey|Blissey, F|100/100
|-damage|p1a: Blissey|88/100|[from] Stealth Rock
|move|p2a: Walking Wake|Hydro Steam|p1a: Blissey
|-damage|p1a: Blissey|64/100
|
|-weather|SunnyDay|[upkeep]
|upkeep
|turn|33
|
|t:|1779875859
|-end|p2a: Walking Wake|Protosynthesis|[silent]
|switch|p2a: Skeledirge|Skeledirge, M, tera:Fairy|62/100
|-damage|p2a: Skeledirge|50/100|[from] Stealth Rock
|move|p1a: Blissey|Trick|p2a: Skeledirge
|-activate|p1a: Blissey|move: Trick|[of] p2a: Skeledirge
|-item|p2a: Skeledirge|Choice Specs|[from] move: Trick
|-enditem|p1a: Blissey|Choice Specs|[silent]|[from] move: Trick
|
|-weather|SunnyDay|[upkeep]
|upkeep
|turn|34
|
|t:|1779875868
|move|p2a: Skeledirge|Torch Song|p1a: Blissey
|-damage|p1a: Blissey|36/100
|-boost|p2a: Skeledirge|spa|1
|move|p1a: Blissey|Soft-Boiled|p1a: Blissey
|-heal|p1a: Blissey|86/100
|
|-weather|SunnyDay|[upkeep]
|upkeep
|turn|35
|
|t:|1779875872
|switch|p1a: Typhlosion|Typhlosion, M, tera:Fire|26/100
|-damage|p1a: Typhlosion|1/100|[from] Stealth Rock
|move|p2a: Skeledirge|Torch Song|p1a: Typhlosion
|-start|p1a: Typhlosion|ability: Flash Fire
|
|-weather|none
|upkeep
|turn|36
|
|t:|1779875879
|move|p1a: Typhlosion|Flamethrower|p2a: Skeledirge
|-damage|p2a: Skeledirge|0 fnt
|faint|p2a: Skeledirge
|
|upkeep
|
|t:|1779875883
|switch|p2a: Walking Wake|Walking Wake|46/100
|-damage|p2a: Walking Wake|34/100|[from] Stealth Rock
|turn|37
|
|t:|1779875887
|move|p2a: Walking Wake|Flip Turn|p1a: Typhlosion
|-supereffective|p1a: Typhlosion
|-damage|p1a: Typhlosion|0 fnt
|faint|p1a: Typhlosion
|
|t:|1779875890
|-end|p2a: Walking Wake|Protosynthesis|[silent]
|switch|p2a: Raging Bolt|Raging Bolt|24/100|[from] Flip Turn
|-damage|p2a: Raging Bolt|11/100|[from] Stealth Rock
|
|upkeep
|
|t:|1779875896
|switch|p1a: Blissey|Blissey, F|86/100
|-damage|p1a: Blissey|74/100|[from] Stealth Rock
|turn|38
|
|t:|1779875900
|move|p1a: Blissey|Seismic Toss|p2a: Raging Bolt
|-damage|p2a: Raging Bolt|0 fnt
|faint|p2a: Raging Bolt
|-end|p2a: Raging Bolt|Protosynthesis|[silent]
|
|upkeep
|
|t:|1779875903
|switch|p2a: Walking Wake|Walking Wake|34/100
|-damage|p2a: Walking Wake|22/100|[from] Stealth Rock
|turn|39
|c|☆pc hulkster|gg
|
|t:|1779875907
|move|p2a: Walking Wake|Flip Turn|p1a: Blissey
|-damage|p1a: Blissey|43/100
|move|p1a: Blissey|Seismic Toss|p2a: Walking Wake
|-damage|p2a: Walking Wake|0 fnt
|faint|p2a: Walking Wake
|-end|p2a: Walking Wake|Protosynthesis|[silent]
|
|win|beentheredonepat
|raw|beentheredonepat's rating: 1328 &rarr; <strong>1349</strong><br />(+21 for winning)
|raw|pc hulkster's rating: 1337 &rarr; <strong>1316</strong><br />(-21 for losing)
|l|☆pc hulkster
|player|p2|
