|j|☆Devrai
|j|☆Ryaanng
|t:|1779941827
|gametype|singles
|player|p1|Devrai|zinnia|1345
|player|p2|Ryaanng|265|1341
|gen|9
|tier|[Gen 9] OU
|rated|
|rule|HP Percentage Mod: HP is shown in percentages
|rule|Endless Battle Clause: Forcing endless battles is banned
|rule|Species Clause: Limit one of each Pokémon
|rule|OHKO Clause: OHKO moves are banned
|rule|Evasion Items Clause: Evasion items are banned
|rule|Evasion Moves Clause: Evasion moves are banned
|rule|Evasion Abilities Clause: Evasion abilities are banned
|rule|Sleep Moves Clause: Sleep-inducing moves are banned
|clearpoke
|poke|p1|Braviary-Hisui, M|
|poke|p1|Skeledirge, F|
|poke|p1|Iron Treads|
|poke|p1|Ninetales-Alola, F|
|poke|p1|Okidogi, M|
|poke|p1|Darkrai|
|poke|p2|Clodsire, F|
|poke|p2|Toxapex, F|
|poke|p2|Corviknight, F|
|poke|p2|Dondozo, M|
|poke|p2|Clefable, F|
|poke|p2|Gliscor, M|
|teampreview
|
|t:|1779941836
|teamsize|p1|6
|teamsize|p2|6
|start
|switch|p1a: Eun|Ninetales-Alola, F, shiny|100/100
|switch|p2a: love this for you|Clefable, F|100/100
|-weather|Snowscape|[from] ability: Snow Warning|[of] p1a: Eun
|turn|1
|
|t:|1779941842
|move|p1a: Eun|Aurora Veil|p1a: Eun
|-sidestart|p1: Devrai|move: Aurora Veil
|move|p2a: love this for you|Stealth Rock|p1a: Eun
|-sidestart|p1: Devrai|move: Stealth Rock
|
|-weather|Snowscape|[upkeep]
|upkeep
|turn|2
|
|t:|1779941849
|switch|p1a: Dogecoin|Okidogi, M|100/100
|-damage|p1a: Dogecoin|94/100|[from] Stealth Rock
|move|p2a: love this for you|Knock Off|p1a: Dogecoin
|-resisted|p1a: Dogecoin
|-damage|p1a: Dogecoin|92/100
|-enditem|p1a: Dogecoin|Leftovers|[from] move: Knock Off|[of] p2a: love this for you
|
|-weather|Snowscape|[upkeep]
|upkeep
|turn|3
|inactive|Battle timer is ON: inactive players will automatically lose when time's up. (requested by Devrai)
|
|t:|1779941885
|switch|p2a: per my last turn|Corviknight, F|100/100
|-ability|p2a: per my last turn|Pressure
|move|p1a: Dogecoin|Knock Off|p2a: per my last turn
|-damage|p2a: per my last turn|74/100
|-enditem|p2a: per my last turn|Leftovers|[from] move: Knock Off|[of] p1a: Dogecoin
|
|-weather|Snowscape|[upkeep]
|upkeep
|turn|4
|
|t:|1779941899
|switch|p1a: King Gator|Skeledirge, F, shiny|100/100
|-damage|p1a: King Gator|75/100|[from] Stealth Rock
|move|p2a: per my last turn|Roost|p2a: per my last turn
|-heal|p2a: per my last turn|100/100
|-singleturn|p2a: per my last turn|move: Roost
|
|-weather|Snowscape|[upkeep]
|-heal|p1a: King Gator|82/100|[from] item: Leftovers
|upkeep
|turn|5
|
|t:|1779941916
|switch|p2a: nothing new there|Gliscor, M|100/100
|move|p1a: King Gator|Will-O-Wisp|p2a: nothing new there
|-status|p2a: nothing new there|brn
|
|-weather|none
|-heal|p1a: King Gator|88/100|[from] item: Leftovers
|-damage|p2a: nothing new there|94/100 brn|[from] brn
|upkeep
|turn|6
|
|t:|1779941926
|move|p2a: nothing new there|Substitute|p2a: nothing new there
|-start|p2a: nothing new there|Substitute
|-damage|p2a: nothing new there|69/100 brn
|move|p1a: King Gator|Torch Song|p2a: nothing new there
|-damage|p2a: nothing new there|26/100 brn
|-boost|p1a: King Gator|spa|1
|
|-heal|p1a: King Gator|94/100|[from] item: Leftovers
|-damage|p2a: nothing new there|20/100 brn|[from] brn
|upkeep
|turn|7
|
|t:|1779941933
|move|p2a: nothing new there|Knock Off|p1a: King Gator
|-supereffective|p1a: King Gator
|-damage|p1a: King Gator|85/100
|-enditem|p1a: King Gator|Leftovers|[from] move: Knock Off|[of] p2a: nothing new there
|move|p1a: King Gator|Torch Song|p2a: nothing new there
|-crit|p2a: nothing new there
|-damage|p2a: nothing new there|0 fnt
|-boost|p1a: King Gator|spa|1
|faint|p2a: nothing new there
|
|upkeep
|
|t:|1779941949
|switch|p2a: did you calc that?|Clodsire, F|100/100
|turn|8
|
|t:|1779941955
|move|p1a: King Gator|Will-O-Wisp|p2a: did you calc that?
|-status|p2a: did you calc that?|brn
|move|p2a: did you calc that?|Spikes|p1a: King Gator
|-sidestart|p1: Devrai|Spikes
|
|-damage|p2a: did you calc that?|94/100 brn|[from] brn
|-sideend|p1: Devrai|move: Aurora Veil
|upkeep
|turn|9
|
|t:|1779941966
|move|p1a: King Gator|Hex|p2a: did you calc that?
|-damage|p2a: did you calc that?|69/100 brn
|move|p2a: did you calc that?|Spikes|p1a: King Gator
|-sidestart|p1: Devrai|Spikes
|
|-damage|p2a: did you calc that?|62/100 brn|[from] brn
|upkeep
|turn|10
|
|t:|1779941971
|switch|p1a: Treadmill|Iron Treads, shiny|100/100
|move|p2a: did you calc that?|Spikes|p1a: Treadmill
|-sidestart|p1: Devrai|Spikes
|
|-damage|p2a: did you calc that?|56/100 brn|[from] brn
|upkeep
|turn|11
|
|t:|1779941977
|move|p1a: Treadmill|Stealth Rock|p2a: did you calc that?
|-sidestart|p2: Ryaanng|move: Stealth Rock
|move|p2a: did you calc that?|Recover|p2a: did you calc that?
|-heal|p2a: did you calc that?|100/100 brn
|
|-damage|p2a: did you calc that?|94/100 brn|[from] brn
|upkeep
|turn|12
|
|t:|1779941981
|move|p1a: Treadmill|Earthquake|p2a: did you calc that?
|-supereffective|p2a: did you calc that?
|-damage|p2a: did you calc that?|0 fnt
|faint|p2a: did you calc that?
|
|upkeep
|
|t:|1779942003
|switch|p2a: keep trying|Dondozo, M|100/100
|-damage|p2a: keep trying|88/100|[from] Stealth Rock
|turn|13
|l|☆Devrai
|inactive|Devrai disconnected and has a minute to reconnect!
|player|p1|
|j|☆Devrai
|inactive|Devrai reconnected and has 145 seconds left.
|player|p1|Devrai|zinnia|
|
|t:|1779942011
|move|p1a: Treadmill|Rapid Spin|p2a: keep trying
|-damage|p2a: keep trying|82/100
|-boost|p1a: Treadmill|spe|1
|-sideend|p1: Devrai|Spikes|[from] move: Rapid Spin|[of] p1a: Treadmill
|-sideend|p1: Devrai|Stealth Rock|[from] move: Rapid Spin|[of] p1a: Treadmill
|move|p2a: keep trying|Curse|p2a: keep trying
|-unboost|p2a: keep trying|spe|1
|-boost|p2a: keep trying|atk|1
|-boost|p2a: keep trying|def|1
|
|-heal|p2a: keep trying|88/100|[from] item: Leftovers
|upkeep
|turn|14
|
|t:|1779942017
|move|p1a: Treadmill|Knock Off|p2a: keep trying
|-damage|p2a: keep trying|80/100
|-enditem|p2a: keep trying|Leftovers|[from] move: Knock Off|[of] p1a: Treadmill
|move|p2a: keep trying|Curse|p2a: keep trying
|-unboost|p2a: keep trying|spe|1
|-boost|p2a: keep trying|atk|1
|-boost|p2a: keep trying|def|1
|
|upkeep
|turn|15
|
|t:|1779942025
|-end|p1a: Treadmill|Quark Drive|[silent]
|switch|p1a: King Gator|Skeledirge, F, shiny|85/100
|move|p2a: keep trying|Curse|p2a: keep trying
|-unboost|p2a: keep trying|spe|1
|-boost|p2a: keep trying|atk|1
|-boost|p2a: keep trying|def|1
|
|upkeep
|turn|16
|
|t:|1779942044
|move|p1a: King Gator|Will-O-Wisp|p2a: keep trying
|-status|p2a: keep trying|brn
|move|p2a: keep trying|Rest|p2a: keep trying
|-status|p2a: keep trying|slp|[from] move: Rest
|-heal|p2a: keep trying|100/100 slp|[silent]
|
|upkeep
|turn|17
|
|t:|1779942047
|move|p1a: King Gator|Hex|p2a: keep trying
|-damage|p2a: keep trying|53/100 slp
|cant|p2a: keep trying|slp
|move|p2a: keep trying|Sleep Talk|p2a: keep trying
|move|p2a: keep trying|Crunch|p1a: King Gator|[from] move: Sleep Talk
|-supereffective|p1a: King Gator
|-damage|p1a: King Gator|51/100
|
|upkeep
|turn|18
|
|t:|1779942065
|-terastallize|p2a: keep trying|Dark
|move|p1a: King Gator|Hex|p2a: keep trying
|-resisted|p2a: keep trying
|-damage|p2a: keep trying|28/100 slp
|cant|p2a: keep trying|slp
|move|p2a: keep trying|Sleep Talk|p2a: keep trying
|move|p2a: keep trying|Rest||[from] move: Sleep Talk|[still]
|-fail|p2a: keep trying
|
|upkeep
|turn|19
|
|t:|1779942075
|move|p1a: King Gator|Hex|p2a: keep trying
|-resisted|p2a: keep trying
|-damage|p2a: keep trying|4/100 slp
|-curestatus|p2a: keep trying|slp|[msg]
|move|p2a: keep trying|Rest|p2a: keep trying
|-status|p2a: keep trying|slp|[from] move: Rest
|-heal|p2a: keep trying|100/100 slp|[silent]
|
|upkeep
|turn|20
|l|☆Devrai
|inactive|Devrai disconnected and has a minute to reconnect!
|player|p1|
|j|☆Devrai
|inactive|Devrai reconnected and has 145 seconds left.
|player|p1|Devrai|zinnia|
|
|t:|1779942091
|switch|p1a: Eun|Ninetales-Alola, F, shiny|100/100
|-weather|Snowscape|[from] ability: Snow Warning|[of] p1a: Eun
|cant|p2a: keep trying|slp
|move|p2a: keep trying|Sleep Talk|p2a: keep trying
|move|p2a: keep trying|Curse|p2a: keep trying|[from] move: Sleep Talk
|-unboost|p2a: keep trying|spe|1
|-boost|p2a: keep trying|atk|1
|-boost|p2a: keep trying|def|1
|
|-weather|Snowscape|[upkeep]
|upkeep
|turn|21
|
|t:|1779942101
|move|p1a: Eun|Moonblast|p2a: keep trying
|-supereffective|p2a: keep trying
|-damage|p2a: keep trying|35/100 slp
|cant|p2a: keep trying|slp
|move|p2a: keep trying|Sleep Talk|p2a: keep trying
|move|p2a: keep trying|Crunch|p1a: Eun|[from] move: Sleep Talk
|-resisted|p1a: Eun
|-damage|p1a: Eun|59/100
|
|-weather|Snowscape|[upkeep]
|upkeep
|turn|22
|
|t:|1779942111
|switch|p2a: take your time|Toxapex, F|100/100
|-damage|p2a: take your time|88/100|[from] Stealth Rock
|move|p1a: Eun|Moonblast|p2a: take your time
|-resisted|p2a: take your time
|-damage|p2a: take your time|72/100
|
|-weather|Snowscape|[upkeep]
|-heal|p2a: take your time|78/100|[from] item: Leftovers
|upkeep
|turn|23
|
|t:|1779942119
|move|p1a: Eun|Freeze-Dry|p2a: take your time
|-supereffective|p2a: take your time
|-damage|p2a: take your time|30/100
|move|p2a: take your time|Infestation|p1a: Eun
|-resisted|p1a: Eun
|-damage|p1a: Eun|57/100
|-activate|p1a: Eun|move: Infestation|[of] p2a: take your time
|
|-weather|Snowscape|[upkeep]
|-heal|p2a: take your time|37/100|[from] item: Leftovers
|-damage|p1a: Eun|45/100|[from] move: Infestation|[partiallytrapped]
|upkeep
|turn|24
|c|☆Devrai|:3
|
|t:|1779942131
|switch|p2a: love this for you|Clefable, F|100/100
|move|p1a: Eun|Freeze-Dry|p2a: love this for you
|-damage|p2a: love this for you|75/100
|
|-weather|none
|-end|p1a: Eun|Infestation|[partiallytrapped]|[silent]
|upkeep
|turn|25
|
|t:|1779942138
|switch|p1a: Shinigami|Darkrai, shiny|100/100
|move|p2a: love this for you|Stealth Rock|p1a: Shinigami
|-sidestart|p1: Devrai|move: Stealth Rock
|
|upkeep
|turn|26
|
|t:|1779942141
|move|p1a: Shinigami|Sludge Bomb|p2a: love this for you
|-supereffective|p2a: love this for you
|-damage|p2a: love this for you|23/100
|move|p2a: love this for you|Moonblast|p1a: Shinigami
|-supereffective|p1a: Shinigami
|-damage|p1a: Shinigami|37/100
|
|-heal|p1a: Shinigami|43/100|[from] item: Leftovers
|upkeep
|turn|27
|
|t:|1779942157
|move|p1a: Shinigami|Nasty Plot|p1a: Shinigami
|-boost|p1a: Shinigami|spa|2
|move|p2a: love this for you|Moonlight|p2a: love this for you
|-heal|p2a: love this for you|73/100
|
|-heal|p1a: Shinigami|49/100|[from] item: Leftovers
|upkeep
|turn|28
|
|t:|1779942169
|switch|p2a: per my last turn|Corviknight, F|100/100
|-damage|p2a: per my last turn|88/100|[from] Stealth Rock
|-ability|p2a: per my last turn|Pressure
|-terastallize|p1a: Shinigami|Poison
|move|p1a: Shinigami|Sludge Bomb|p2a: per my last turn
|-immune|p2a: per my last turn
|
|-heal|p1a: Shinigami|55/100|[from] item: Leftovers
|upkeep
|turn|29
|
|t:|1779942174
|move|p2a: per my last turn|Protect|p2a: per my last turn
|-singleturn|p2a: per my last turn|Protect
|move|p1a: Shinigami|Dark Pulse|p2a: per my last turn
|-activate|p2a: per my last turn|move: Protect
|
|-heal|p1a: Shinigami|62/100|[from] item: Leftovers
|upkeep
|turn|30
|
|t:|1779942181
|move|p1a: Shinigami|Dark Pulse|p2a: per my last turn
|-damage|p2a: per my last turn|36/100
|move|p2a: per my last turn|Brave Bird|p1a: Shinigami
|-damage|p1a: Shinigami|22/100
|-damage|p2a: per my last turn|25/100|[from] Recoil
|
|-heal|p1a: Shinigami|28/100|[from] item: Leftovers
|upkeep
|turn|31
|
|t:|1779942201
|move|p2a: per my last turn|Protect|p2a: per my last turn
|-singleturn|p2a: per my last turn|Protect
|move|p1a: Shinigami|Dark Pulse|p2a: per my last turn
|-activate|p2a: per my last turn|move: Protect
|
|-heal|p1a: Shinigami|34/100|[from] item: Leftovers
|upkeep
|turn|32
|
|t:|1779942212
|move|p1a: Shinigami|Dark Pulse|p2a: per my last turn
|-damage|p2a: per my last turn|0 fnt
|faint|p2a: per my last turn
|
|-heal|p1a: Shinigami|40/100|[from] item: Leftovers
|upkeep
|
|t:|1779942214
|switch|p2a: take your time|Toxapex, F|70/100
|-damage|p2a: take your time|57/100|[from] Stealth Rock
|turn|33
|
|t:|1779942218
|move|p1a: Shinigami|Dark Pulse|p2a: take your time
|-damage|p2a: take your time|2/100
|move|p2a: take your time|Recover|p2a: take your time
|-heal|p2a: take your time|52/100
|
|-heal|p1a: Shinigami|46/100|[from] item: Leftovers
|-heal|p2a: take your time|58/100|[from] item: Leftovers
|upkeep
|turn|34
|
|t:|1779942228
|move|p1a: Shinigami|Nasty Plot|p1a: Shinigami
|-boost|p1a: Shinigami|spa|2
|move|p2a: take your time|Recover|p2a: take your time
|-heal|p2a: take your time|100/100
|
|-heal|p1a: Shinigami|53/100|[from] item: Leftovers
|upkeep
|turn|35
|l|☆Devrai
|inactive|Devrai disconnected and has a minute to reconnect!
|player|p1|
|j|☆Devrai
|inactive|Devrai reconnected and has 145 seconds left.
|player|p1|Devrai|zinnia|
|
|t:|1779942236
|move|p2a: take your time|Baneful Bunker|p2a: take your time
|-singleturn|p2a: take your time|move: Protect
|move|p1a: Shinigami|Dark Pulse|p2a: take your time
|-activate|p2a: take your time|move: Protect
|
|-heal|p1a: Shinigami|59/100|[from] item: Leftovers
|upkeep
|turn|36
|
|t:|1779942250
|switch|p2a: love this for you|Clefable, F|73/100
|move|p1a: Shinigami|Dark Pulse|p2a: love this for you
|-resisted|p2a: love this for you
|-damage|p2a: love this for you|21/100
|
|-heal|p1a: Shinigami|65/100|[from] item: Leftovers
|upkeep
|turn|37
|-message|Ryaanng forfeited.
|
|win|Devrai
|raw|Devrai's rating: 1345 &rarr; <strong>1365</strong><br />(+20 for winning)
|raw|Ryaanng's rating: 1341 &rarr; <strong>1321</strong><br />(-20 for losing)
|l|☆Ryaanng
|player|p2|
|c|☆Devrai|Lmao
|l|☆Devrai
|player|p1|
