|j|☆glimpseman
|j|☆201187abc
|t:|1779854538
|gametype|singles
|player|p1|glimpseman|#wcor2025canada|1477
|player|p2|201187abc|2|1520
|gen|9
|tier|[Gen 9] OU
|rated|
|rule|HP Percentage Mod: HP is shown in percentages
|rule|Endless Battle Clause: Forcing endless battles is banned
|rule|Species Clause: Limit one of each Pokémon
|rule|OHKO Clause: OHKO moves are banned
|rule|Evasion Items Clause: Evasion items are banned
|rule|Evasion Moves Clause: Evasion moves are banned
|rule|Evasion Abilities Clause: Evasion abilities are banned
|rule|Sleep Moves Clause: Sleep-inducing moves are banned
|clearpoke
|poke|p1|Gliscor, M|
|poke|p1|Heatran, M|
|poke|p1|Weezing-Galar, M|
|poke|p1|Zamazenta-*|
|poke|p1|Ogerpon, F|
|poke|p1|Samurott-Hisui, M|
|poke|p2|Alomomola, F|
|poke|p2|Dragapult, F|
|poke|p2|Lokix, M|
|poke|p2|Great Tusk|
|poke|p2|Enamorus, F|
|poke|p2|Iron Crown|
|teampreview
|inactive|Battle timer is ON: inactive players will automatically lose when time's up. (requested by glimpseman)
|inactive|201187abc has 120 seconds left.
|
|t:|1779854573
|teamsize|p1|6
|teamsize|p2|6
|start
|switch|p1a: Weezing|Weezing-Galar, M|100/100
|switch|p2a: Dragapult|Dragapult, F|100/100
|-ability|p1a: Weezing|Neutralizing Gas
|turn|1
|
|t:|1779854580
|move|p2a: Dragapult|U-turn|p1a: Weezing
|-resisted|p1a: Weezing
|-damage|p1a: Weezing|95/100
|
|t:|1779854589
|switch|p2a: Iron Crown|Iron Crown|100/100|[from] U-turn
|move|p1a: Weezing|Will-O-Wisp|p2a: Iron Crown|[miss]
|-miss|p1a: Weezing|p2a: Iron Crown
|
|upkeep
|turn|2
|
|t:|1779854605
|-end|p1a: Weezing|ability: Neutralizing Gas
|switch|p1a: Samurott|Samurott-Hisui, M|100/100
|move|p2a: Iron Crown|Volt Switch|p1a: Samurott
|-supereffective|p1a: Samurott
|-damage|p1a: Samurott|62/100
|inactive|201187abc has 120 seconds left.
|
|t:|1779854628
|-end|p2a: Iron Crown|Quark Drive|[silent]
|switch|p2a: Dragapult|Dragapult, F|100/100|[from] Volt Switch
|
|upkeep
|turn|3
|
|t:|1779854640
|move|p1a: Samurott|Sucker Punch|p2a: Dragapult
|-supereffective|p2a: Dragapult
|-damage|p2a: Dragapult|28/100
|move|p2a: Dragapult|U-turn|p1a: Samurott
|-supereffective|p1a: Samurott
|-damage|p1a: Samurott|0 fnt
|faint|p1a: Samurott
|inactive|201187abc has 120 seconds left.
|
|t:|1779854671
|switch|p2a: Enamorus|Enamorus, F|100/100|[from] U-turn
|
|upkeep
|
|t:|1779854676
|switch|p1a: Weezing|Weezing-Galar, M|95/100
|-ability|p1a: Weezing|Neutralizing Gas
|turn|4
|
|t:|1779854686
|-end|p1a: Weezing|ability: Neutralizing Gas
|switch|p1a: Heatran|Heatran, M|100/100
|-item|p1a: Heatran|Air Balloon
|move|p2a: Enamorus|Earth Power|p1a: Heatran
|-immune|p1a: Heatran
|
|upkeep
|turn|5
|
|t:|1779854712
|switch|p2a: Alomomola|Alomomola, F|100/100
|move|p1a: Heatran|Stealth Rock|p2a: Alomomola
|-sidestart|p2: 201187abc|move: Stealth Rock
|
|upkeep
|turn|6
|inactive|201187abc has 120 seconds left.
|
|t:|1779854717
|switch|p1a: Ogerpon|Ogerpon, F|100/100
|move|p2a: Alomomola|Flip Turn|p1a: Ogerpon
|-resisted|p1a: Ogerpon
|-damage|p1a: Ogerpon|90/100
|inactive|201187abc has 120 seconds left.
|
|t:|1779854739
|switch|p2a: Lokix|Lokix, M|100/100|[from] Flip Turn
|-damage|p2a: Lokix|76/100|[from] Stealth Rock
|
|upkeep
|turn|7
|
|t:|1779854755
|switch|p1a: Weezing|Weezing-Galar, M|95/100
|-ability|p1a: Weezing|Neutralizing Gas
|move|p2a: Lokix|Knock Off|p1a: Weezing
|-resisted|p1a: Weezing
|-damage|p1a: Weezing|72/100
|-enditem|p1a: Weezing|Heavy-Duty Boots|[from] move: Knock Off|[of] p2a: Lokix
|
|upkeep
|turn|8
|
|t:|1779854771
|switch|p2a: Iron Crown|Iron Crown|100/100
|-damage|p2a: Iron Crown|94/100|[from] Stealth Rock
|move|p1a: Weezing|Will-O-Wisp|p2a: Iron Crown
|-status|p2a: Iron Crown|brn
|
|-damage|p2a: Iron Crown|88/100 brn|[from] brn
|upkeep
|turn|9
|
|t:|1779854784
|move|p2a: Iron Crown|Tachyon Cutter|p1a: Weezing
|-supereffective|p1a: Weezing
|-damage|p1a: Weezing|0 fnt
|faint|p1a: Weezing
|-end|p1a: Weezing|ability: Neutralizing Gas
|-hitcount|p1: Weezing|1
|
|-damage|p2a: Iron Crown|82/100 brn|[from] brn
|upkeep
|
|t:|1779854786
|switch|p1a: Gliscor|Gliscor, M|100/100
|turn|10
|
|t:|1779854804
|-end|p2a: Iron Crown|Quark Drive|[silent]
|switch|p2a: Great Tusk|Great Tusk|100/100
|move|p1a: Gliscor|Earthquake|p2a: Great Tusk
|-damage|p2a: Great Tusk|81/100
|
|-status|p1a: Gliscor|tox|[from] item: Toxic Orb
|upkeep
|turn|11
|
|t:|1779854814
|move|p2a: Great Tusk|Rapid Spin|p1a: Gliscor
|-damage|p1a: Gliscor|88/100 tox
|-boost|p2a: Great Tusk|spe|1
|-sideend|p2: 201187abc|Stealth Rock|[from] move: Rapid Spin|[of] p2a: Great Tusk
|move|p1a: Gliscor|Toxic|p2a: Great Tusk
|-status|p2a: Great Tusk|tox
|
|-damage|p2a: Great Tusk|75/100 tox|[from] psn
|-heal|p1a: Gliscor|100/100 tox|[from] ability: Poison Heal
|upkeep
|turn|12
|
|t:|1779854821
|move|p1a: Gliscor|Protect|p1a: Gliscor
|-singleturn|p1a: Gliscor|Protect
|move|p2a: Great Tusk|Stealth Rock|p1a: Gliscor
|-sidestart|p1: glimpseman|move: Stealth Rock
|
|-damage|p2a: Great Tusk|62/100 tox|[from] psn
|upkeep
|turn|13
|inactive|201187abc has 120 seconds left.
|
|t:|1779854837
|-end|p2a: Great Tusk|Protosynthesis|[silent]
|switch|p2a: Alomomola|Alomomola, F|100/100
|move|p1a: Gliscor|U-turn|p2a: Alomomola
|-damage|p2a: Alomomola|88/100
|
|t:|1779854848
|switch|p1a: Ogerpon|Ogerpon, F|90/100|[from] U-turn
|-damage|p1a: Ogerpon|77/100|[from] Stealth Rock
|
|upkeep
|turn|14
|inactive|201187abc has 120 seconds left.
|
|t:|1779854879
|switch|p2a: Iron Crown|Iron Crown|82/100 brn
|move|p1a: Ogerpon|Knock Off|p2a: Iron Crown
|-supereffective|p2a: Iron Crown
|-damage|p2a: Iron Crown|0 fnt
|-enditem|p2a: Iron Crown|Choice Specs|[from] move: Knock Off|[of] p1a: Ogerpon
|faint|p2a: Iron Crown
|-end|p2a: Iron Crown|Quark Drive|[silent]
|
|upkeep
|
|t:|1779854883
|switch|p2a: Lokix|Lokix, M|76/100
|turn|15
|
|t:|1779854904
|switch|p1a: Gliscor|Gliscor, M|100/100 tox
|-damage|p1a: Gliscor|88/100 tox|[from] Stealth Rock
|move|p2a: Lokix|First Impression|p1a: Gliscor
|-resisted|p1a: Gliscor
|-damage|p1a: Gliscor|36/100 tox
|
|-heal|p1a: Gliscor|49/100 tox|[from] ability: Poison Heal
|upkeep
|turn|16
|
|t:|1779854919
|switch|p2a: Enamorus|Enamorus, F|100/100
|move|p1a: Gliscor|Toxic|p2a: Enamorus
|-status|p2a: Enamorus|tox
|
|-damage|p2a: Enamorus|94/100 tox|[from] psn
|-heal|p1a: Gliscor|61/100 tox|[from] ability: Poison Heal
|upkeep
|turn|17
|
|t:|1779854932
|move|p1a: Gliscor|Protect|p1a: Gliscor
|-singleturn|p1a: Gliscor|Protect
|move|p2a: Enamorus|Moonblast|p1a: Gliscor
|-activate|p1a: Gliscor|move: Protect
|
|-damage|p2a: Enamorus|82/100 tox|[from] psn
|-heal|p1a: Gliscor|74/100 tox|[from] ability: Poison Heal
|upkeep
|turn|18
|
|t:|1779854937
|switch|p2a: Alomomola|Alomomola, F|100/100
|switch|p1a: Heatran|Heatran, M|100/100
|-damage|p1a: Heatran|88/100|[from] Stealth Rock
|-item|p1a: Heatran|Air Balloon
|
|upkeep
|turn|19
|
|t:|1779854944
|move|p1a: Heatran|Stealth Rock|p2a: Alomomola
|-sidestart|p2: 201187abc|move: Stealth Rock
|move|p2a: Alomomola|Flip Turn|p1a: Heatran
|-supereffective|p1a: Heatran
|-damage|p1a: Heatran|54/100
|-enditem|p1a: Heatran|Air Balloon
|inactive|201187abc has 120 seconds left.
|
|t:|1779854958
|switch|p2a: Great Tusk|Great Tusk|62/100 tox|[from] Flip Turn
|
|-damage|p2a: Great Tusk|56/100 tox|[from] psn
|upkeep
|turn|20
|
|t:|1779854973
|switch|p1a: Zamazenta|Zamazenta|100/100
|-damage|p1a: Zamazenta|94/100|[from] Stealth Rock
|-ability|p1a: Zamazenta|Dauntless Shield|boost
|-boost|p1a: Zamazenta|def|1
|move|p2a: Great Tusk|Rapid Spin|p1a: Zamazenta
|-damage|p1a: Zamazenta|87/100
|-boost|p2a: Great Tusk|spe|1
|-sideend|p2: 201187abc|Stealth Rock|[from] move: Rapid Spin|[of] p2a: Great Tusk
|
|-heal|p1a: Zamazenta|93/100|[from] item: Leftovers
|-damage|p2a: Great Tusk|44/100 tox|[from] psn
|upkeep
|turn|21
|
|t:|1779854982
|-end|p2a: Great Tusk|Protosynthesis|[silent]
|switch|p2a: Alomomola|Alomomola, F|100/100
|move|p1a: Zamazenta|Substitute|p1a: Zamazenta
|-start|p1a: Zamazenta|Substitute
|-damage|p1a: Zamazenta|68/100
|
|-heal|p1a: Zamazenta|74/100|[from] item: Leftovers
|upkeep
|turn|22
|
|t:|1779854992
|move|p1a: Zamazenta|Iron Defense|p1a: Zamazenta
|-boost|p1a: Zamazenta|def|2
|move|p2a: Alomomola|Scald|p1a: Zamazenta
|-activate|p1a: Zamazenta|move: Substitute|[damage]
|
|-heal|p1a: Zamazenta|81/100|[from] item: Leftovers
|upkeep
|turn|23
|
|t:|1779854995
|move|p1a: Zamazenta|Body Press|p2a: Alomomola
|-damage|p2a: Alomomola|40/100
|move|p2a: Alomomola|Scald|p1a: Zamazenta
|-activate|p1a: Zamazenta|move: Substitute|[damage]
|
|-heal|p1a: Zamazenta|87/100|[from] item: Leftovers
|upkeep
|turn|24
|
|t:|1779855002
|switch|p2a: Dragapult|Dragapult, F|28/100
|move|p1a: Zamazenta|Crunch|p2a: Dragapult
|-supereffective|p2a: Dragapult
|-damage|p2a: Dragapult|0 fnt
|faint|p2a: Dragapult
|
|-heal|p1a: Zamazenta|93/100|[from] item: Leftovers
|upkeep
|
|t:|1779855015
|switch|p2a: Lokix|Lokix, M|76/100
|turn|25
|
|t:|1779855028
|-terastallize|p2a: Lokix|Bug
|move|p1a: Zamazenta|Body Press|p2a: Lokix
|-resisted|p2a: Lokix
|-damage|p2a: Lokix|20/100
|move|p2a: Lokix|U-turn|p1a: Zamazenta
|-resisted|p1a: Zamazenta
|-crit|p1a: Zamazenta
|-end|p1a: Zamazenta|Substitute
|
|t:|1779855033
|switch|p2a: Enamorus|Enamorus, F|82/100 tox|[from] U-turn
|
|-heal|p1a: Zamazenta|99/100|[from] item: Leftovers
|-damage|p2a: Enamorus|76/100 tox|[from] psn
|upkeep
|turn|26
|
|t:|1779855050
|switch|p1a: Heatran|Heatran, M|54/100
|-damage|p1a: Heatran|42/100|[from] Stealth Rock
|move|p2a: Enamorus|Moonblast|p1a: Heatran
|-resisted|p1a: Heatran
|-damage|p1a: Heatran|28/100
|
|-damage|p2a: Enamorus|63/100 tox|[from] psn
|upkeep
|turn|27
|
|t:|1779855060
|switch|p2a: Alomomola|Alomomola, F|73/100
|switch|p1a: Zamazenta|Zamazenta|99/100
|-damage|p1a: Zamazenta|93/100|[from] Stealth Rock
|
|-heal|p1a: Zamazenta|99/100|[from] item: Leftovers
|upkeep
|turn|28
|
|t:|1779855067
|switch|p2a: Lokix|Lokix, M, tera:Bug|20/100
|move|p1a: Zamazenta|Substitute|p1a: Zamazenta
|-start|p1a: Zamazenta|Substitute
|-damage|p1a: Zamazenta|74/100
|
|-heal|p1a: Zamazenta|81/100|[from] item: Leftovers
|upkeep
|turn|29
|
|t:|1779855084
|move|p2a: Lokix|First Impression|p1a: Zamazenta
|-resisted|p1a: Zamazenta
|-end|p1a: Zamazenta|Substitute
|move|p1a: Zamazenta|Body Press|p2a: Lokix
|-resisted|p2a: Lokix
|-damage|p2a: Lokix|0 fnt
|faint|p2a: Lokix
|
|-heal|p1a: Zamazenta|87/100|[from] item: Leftovers
|upkeep
|
|t:|1779855087
|switch|p2a: Enamorus|Enamorus, F|63/100 tox
|turn|30
|
|t:|1779855104
|switch|p1a: Heatran|Heatran, M|28/100
|-damage|p1a: Heatran|15/100|[from] Stealth Rock
|move|p2a: Enamorus|Moonblast|p1a: Heatran
|-resisted|p1a: Heatran
|-damage|p1a: Heatran|1/100
|-unboost|p1a: Heatran|spa|1
|
|-damage|p2a: Enamorus|57/100 tox|[from] psn
|upkeep
|turn|31
|
|t:|1779855111
|move|p2a: Enamorus|Moonblast|p1a: Heatran
|-resisted|p1a: Heatran
|-damage|p1a: Heatran|0 fnt
|faint|p1a: Heatran
|
|-damage|p2a: Enamorus|44/100 tox|[from] psn
|upkeep
|
|t:|1779855119
|switch|p1a: Ogerpon|Ogerpon, F|77/100
|-damage|p1a: Ogerpon|65/100|[from] Stealth Rock
|turn|32
|
|t:|1779855131
|-terastallize|p1a: Ogerpon|Grass
|detailschange|p1a: Ogerpon|Ogerpon-Teal-Tera, F, tera:Grass
|-ability|p1a: Ogerpon|Embody Aspect (Teal)|boost
|-boost|p1a: Ogerpon|spe|1
|move|p1a: Ogerpon|Ivy Cudgel|p2a: Enamorus
|-resisted|p2a: Enamorus
|-crit|p2a: Enamorus
|-damage|p2a: Enamorus|0 fnt
|faint|p2a: Enamorus
|
|upkeep
|
|t:|1779855136
|switch|p2a: Great Tusk|Great Tusk|44/100 tox
|turn|33
|inactive|glimpseman has 120 seconds left.
|
|t:|1779855184
|move|p1a: Ogerpon|Ivy Cudgel|p2a: Great Tusk
|-supereffective|p2a: Great Tusk
|-damage|p2a: Great Tusk|0 fnt
|faint|p2a: Great Tusk
|-end|p2a: Great Tusk|Protosynthesis|[silent]
|
|upkeep
|
|t:|1779855188
|switch|p2a: Alomomola|Alomomola, F|100/100
|turn|34
|
|t:|1779855192
|move|p1a: Ogerpon|Ivy Cudgel|p2a: Alomomola
|-supereffective|p2a: Alomomola
|-crit|p2a: Alomomola
|-damage|p2a: Alomomola|0 fnt
|faint|p2a: Alomomola
|
|win|glimpseman
|raw|glimpseman's rating: 1501 &rarr; <strong>1522</strong><br />(+21 for winning)
|raw|201187abc's rating: 1520 &rarr; <strong>1499</strong><br />(-21 for losing)
|l|☆201187abc
|player|p2|
|l|☆glimpseman
|player|p1|
|j|☆glimpseman
|player|p1|glimpseman|#wcor2025canada|
|l|☆glimpseman
|player|p1|
