|j|☆oblizzy
|j|☆Noamm
|t:|1779894923
|gametype|singles
|player|p1|oblizzy|skierf|1623
|player|p2|Noamm|gambler|1704
|gen|9
|tier|[Gen 9] OU
|rated|
|rule|HP Percentage Mod: HP is shown in percentages
|rule|Endless Battle Clause: Forcing endless battles is banned
|rule|Species Clause: Limit one of each Pokémon
|rule|OHKO Clause: OHKO moves are banned
|rule|Evasion Items Clause: Evasion items are banned
|rule|Evasion Moves Clause: Evasion moves are banned
|rule|Evasion Abilities Clause: Evasion abilities are banned
|rule|Sleep Moves Clause: Sleep-inducing moves are banned
|clearpoke
|poke|p1|Pelipper, F|
|poke|p1|Rillaboom, M|
|poke|p1|Iron Treads|
|poke|p1|Ogerpon-Wellspring, F|
|poke|p1|Manaphy|
|poke|p1|Raging Bolt|
|poke|p2|Lokix, F|
|poke|p2|Iron Valiant|
|poke|p2|Alomomola, M|
|poke|p2|Mandibuzz, F|
|poke|p2|Great Tusk|
|poke|p2|Gholdengo|
|teampreview
|inactive|Battle timer is ON: inactive players will automatically lose when time's up. (requested by Noamm)
|
|t:|1779894937
|teamsize|p1|6
|teamsize|p2|6
|start
|switch|p1a: Pelipper|Pelipper, F|100/100
|switch|p2a: G3-X|Iron Valiant, shiny|100/100
|-weather|RainDance|[from] ability: Drizzle|[of] p1a: Pelipper
|turn|1
|
|t:|1779894946
|switch|p1a: Iron Treads|Iron Treads|100/100
|-enditem|p1a: Iron Treads|Booster Energy
|-activate|p1a: Iron Treads|ability: Quark Drive|[fromitem]
|-start|p1a: Iron Treads|quarkdrivespe
|move|p2a: G3-X|Moonblast|p1a: Iron Treads
|-resisted|p1a: Iron Treads
|-damage|p1a: Iron Treads|47/100
|
|-weather|RainDance|[upkeep]
|upkeep
|turn|2
|
|t:|1779894955
|-end|p2a: G3-X|Quark Drive|[silent]
|switch|p2a: Gills Exceed|Great Tusk|100/100
|move|p1a: Iron Treads|Iron Head|p2a: Gills Exceed
|-damage|p2a: Gills Exceed|74/100
|
|-weather|RainDance|[upkeep]
|upkeep
|turn|3
|
|t:|1779894961
|-end|p1a: Iron Treads|Quark Drive|[silent]
|switch|p1a: Pelipper|Pelipper, F|100/100
|move|p2a: Gills Exceed|Rapid Spin|p1a: Pelipper
|-damage|p1a: Pelipper|87/100
|-boost|p2a: Gills Exceed|spe|1
|
|-weather|RainDance|[upkeep]
|upkeep
|turn|4
|
|t:|1779894968
|-end|p2a: Gills Exceed|Protosynthesis|[silent]
|switch|p2a: Tetsuya Sawaki|Alomomola, M|100/100
|move|p1a: Pelipper|Knock Off|p2a: Tetsuya Sawaki
|-damage|p2a: Tetsuya Sawaki|92/100
|-enditem|p2a: Tetsuya Sawaki|Assault Vest|[from] move: Knock Off|[of] p1a: Pelipper
|
|-weather|RainDance|[upkeep]
|upkeep
|turn|5
|
|t:|1779894976
|move|p2a: Tetsuya Sawaki|Play Rough|p1a: Pelipper
|-damage|p1a: Pelipper|74/100
|move|p1a: Pelipper|U-turn|p2a: Tetsuya Sawaki
|-damage|p2a: Tetsuya Sawaki|86/100
|
|t:|1779894986
|switch|p1a: Rillaboom|Rillaboom, M|100/100|[from] U-turn
|-fieldstart|move: Grassy Terrain|[from] ability: Grassy Surge|[of] p1a: Rillaboom
|
|-weather|RainDance|[upkeep]
|-heal|p2a: Tetsuya Sawaki|92/100|[from] Grassy Terrain
|upkeep
|turn|6
|
|t:|1779894996
|switch|p2a: Overlord|Mandibuzz, F|100/100
|move|p1a: Rillaboom|Knock Off|p2a: Overlord
|-resisted|p2a: Overlord
|-damage|p2a: Overlord|91/100
|-enditem|p2a: Overlord|Heavy-Duty Boots|[from] move: Knock Off|[of] p1a: Rillaboom
|
|-weather|RainDance|[upkeep]
|upkeep
|turn|7
|
|t:|1779895003
|move|p1a: Rillaboom|U-turn|p2a: Overlord
|-damage|p2a: Overlord|75/100
|
|t:|1779895006
|switch|p1a: Raging Bolt|Raging Bolt|100/100|[from] U-turn
|-enditem|p1a: Raging Bolt|Grassy Seed
|-boost|p1a: Raging Bolt|def|1|[from] item: Grassy Seed
|move|p2a: Overlord|U-turn|p1a: Raging Bolt
|-damage|p1a: Raging Bolt|94/100
|
|t:|1779895011
|switch|p2a: G3-X|Iron Valiant, shiny|100/100|[from] U-turn
|
|-weather|RainDance|[upkeep]
|-heal|p1a: Raging Bolt|99/100|[from] Grassy Terrain
|upkeep
|turn|8
|
|t:|1779895019
|move|p1a: Raging Bolt|Thunderclap|p2a: G3-X
|-damage|p2a: G3-X|30/100
|move|p2a: G3-X|Moonblast|p1a: Raging Bolt
|-supereffective|p1a: Raging Bolt
|-damage|p1a: Raging Bolt|0 fnt
|faint|p1a: Raging Bolt
|-end|p1a: Raging Bolt|Protosynthesis|[silent]
|
|-weather|none
|-heal|p2a: G3-X|36/100|[from] Grassy Terrain
|upkeep
|
|t:|1779895030
|switch|p1a: Rillaboom|Rillaboom, M|100/100
|turn|9
|
|t:|1779895038
|move|p1a: Rillaboom|Grassy Glide|p2a: G3-X
|-damage|p2a: G3-X|0 fnt
|faint|p2a: G3-X
|-end|p2a: G3-X|Quark Drive|[silent]
|
|upkeep
|
|t:|1779895039
|switch|p2a: Shining Agito|Lokix, F, shiny|100/100
|turn|10
|
|t:|1779895047
|switch|p1a: Pelipper|Pelipper, F|74/100
|-weather|RainDance|[from] ability: Drizzle|[of] p1a: Pelipper
|-terastallize|p2a: Shining Agito|Bug
|move|p2a: Shining Agito|U-turn|p1a: Pelipper
|-resisted|p1a: Pelipper
|-damage|p1a: Pelipper|24/100
|
|t:|1779895050
|switch|p2a: MACHINE TORNADER|Gholdengo|100/100|[from] U-turn
|
|-weather|RainDance|[upkeep]
|upkeep
|turn|11
|
|t:|1779895058
|move|p2a: MACHINE TORNADER|Shadow Ball|p1a: Pelipper
|-damage|p1a: Pelipper|0 fnt
|faint|p1a: Pelipper
|
|-weather|RainDance|[upkeep]
|upkeep
|
|t:|1779895064
|switch|p1a: Ogerpon|Ogerpon-Wellspring, F|100/100
|turn|12
|
|t:|1779895072
|switch|p2a: Gills Exceed|Great Tusk|74/100
|move|p1a: Ogerpon|Swords Dance|p1a: Ogerpon
|-boost|p1a: Ogerpon|atk|2
|
|-weather|RainDance|[upkeep]
|-heal|p2a: Gills Exceed|80/100|[from] Grassy Terrain
|-fieldend|move: Grassy Terrain
|upkeep
|turn|13
|
|t:|1779895078
|move|p1a: Ogerpon|Ivy Cudgel|p2a: Gills Exceed|[anim] Ivy Cudgel Water
|-supereffective|p2a: Gills Exceed
|-damage|p2a: Gills Exceed|0 fnt
|faint|p2a: Gills Exceed
|-end|p2a: Gills Exceed|Protosynthesis|[silent]
|
|-weather|RainDance|[upkeep]
|upkeep
|
|t:|1779895081
|switch|p2a: Shining Agito|Lokix, F, shiny, tera:Bug|100/100
|turn|14
|
|t:|1779895086
|switch|p1a: Iron Treads|Iron Treads|47/100
|move|p2a: Shining Agito|U-turn|p1a: Iron Treads
|-resisted|p1a: Iron Treads
|-damage|p1a: Iron Treads|0 fnt
|faint|p1a: Iron Treads
|-end|p1a: Iron Treads|Quark Drive|[silent]
|
|t:|1779895091
|switch|p2a: Overlord|Mandibuzz, F|75/100|[from] U-turn
|
|-weather|RainDance|[upkeep]
|upkeep
|
|t:|1779895095
|switch|p1a: Rillaboom|Rillaboom, M|100/100
|-fieldstart|move: Grassy Terrain|[from] ability: Grassy Surge|[of] p1a: Rillaboom
|turn|15
|
|t:|1779895108
|move|p1a: Rillaboom|Grassy Glide|p2a: Overlord
|-resisted|p2a: Overlord
|-damage|p2a: Overlord|63/100
|move|p2a: Overlord|Roost|p2a: Overlord
|-heal|p2a: Overlord|100/100
|-singleturn|p2a: Overlord|move: Roost
|
|-weather|RainDance|[upkeep]
|upkeep
|turn|16
|
|t:|1779895113
|move|p1a: Rillaboom|Drain Punch|p2a: Overlord
|-damage|p2a: Overlord|84/100
|move|p2a: Overlord|U-turn|p1a: Rillaboom
|-supereffective|p1a: Rillaboom
|-damage|p1a: Rillaboom|78/100
|
|t:|1779895116
|switch|p2a: Shining Agito|Lokix, F, shiny, tera:Bug|100/100|[from] U-turn
|
|-weather|RainDance|[upkeep]
|-heal|p1a: Rillaboom|84/100|[from] Grassy Terrain
|upkeep
|turn|17
|
|t:|1779895119
|move|p2a: Shining Agito|U-turn|p1a: Rillaboom
|-supereffective|p1a: Rillaboom
|-damage|p1a: Rillaboom|0 fnt
|faint|p1a: Rillaboom
|
|t:|1779895121
|switch|p2a: Overlord|Mandibuzz, F|84/100|[from] U-turn
|
|-weather|none
|upkeep
|
|t:|1779895127
|switch|p1a: Manaphy|Manaphy|100/100
|-enditem|p1a: Manaphy|Grassy Seed
|-boost|p1a: Manaphy|def|1|[from] item: Grassy Seed
|turn|18
|
|t:|1779895131
|move|p1a: Manaphy|Take Heart|p1a: Manaphy
|-boost|p1a: Manaphy|spa|1
|-boost|p1a: Manaphy|spd|1
|move|p2a: Overlord|U-turn|p1a: Manaphy
|-damage|p1a: Manaphy|96/100
|
|t:|1779895135
|switch|p2a: MACHINE TORNADER|Gholdengo|100/100|[from] U-turn
|
|-heal|p1a: Manaphy|100/100|[from] Grassy Terrain
|upkeep
|turn|19
|
|t:|1779895140
|move|p2a: MACHINE TORNADER|Trick|p1a: Manaphy
|-activate|p2a: MACHINE TORNADER|move: Trick|[of] p1a: Manaphy
|-item|p1a: Manaphy|Choice Scarf|[from] move: Trick
|-enditem|p2a: MACHINE TORNADER|Choice Scarf|[silent]|[from] move: Trick
|move|p1a: Manaphy|Surf|p2a: MACHINE TORNADER
|-damage|p2a: MACHINE TORNADER|43/100
|
|-heal|p2a: MACHINE TORNADER|49/100|[from] Grassy Terrain
|upkeep
|turn|20
|
|t:|1779895149
|switch|p2a: Tetsuya Sawaki|Alomomola, M|100/100
|move|p1a: Manaphy|Surf|p2a: Tetsuya Sawaki
|-resisted|p2a: Tetsuya Sawaki
|-damage|p2a: Tetsuya Sawaki|80/100
|
|-heal|p2a: Tetsuya Sawaki|86/100|[from] Grassy Terrain
|upkeep
|turn|21
|
|t:|1779895153
|switch|p1a: Ogerpon|Ogerpon-Wellspring, F|100/100
|move|p2a: Tetsuya Sawaki|Mirror Coat||[still]
|-fail|p2a: Tetsuya Sawaki
|
|-heal|p2a: Tetsuya Sawaki|93/100|[from] Grassy Terrain
|upkeep
|turn|22
|
|t:|1779895163
|switch|p2a: MACHINE TORNADER|Gholdengo|49/100
|move|p1a: Ogerpon|Grassy Glide|p2a: MACHINE TORNADER
|-resisted|p2a: MACHINE TORNADER
|-damage|p2a: MACHINE TORNADER|27/100
|
|-heal|p2a: MACHINE TORNADER|33/100|[from] Grassy Terrain
|-fieldend|move: Grassy Terrain
|upkeep
|turn|23
|
|t:|1779895172
|move|p1a: Ogerpon|Ivy Cudgel|p2a: MACHINE TORNADER|[anim] Ivy Cudgel Water
|-damage|p2a: MACHINE TORNADER|0 fnt
|faint|p2a: MACHINE TORNADER
|
|upkeep
|
|t:|1779895175
|switch|p2a: Shining Agito|Lokix, F, shiny, tera:Bug|100/100
|turn|24
|j| himejijou
|
|t:|1779895190
|switch|p1a: Manaphy|Manaphy|100/100
|move|p2a: Shining Agito|First Impression|p1a: Manaphy
|-damage|p1a: Manaphy|42/100
|
|upkeep
|turn|25
|
|t:|1779895197
|switch|p1a: Ogerpon|Ogerpon-Wellspring, F|100/100
|switch|p2a: Overlord|Mandibuzz, F|84/100
|
|upkeep
|turn|26
|-message|oblizzy forfeited.
|
|win|Noamm
|raw|oblizzy's rating: 1623 &rarr; <strong>1608</strong><br />(-15 for losing)
|raw|Noamm's rating: 1704 &rarr; <strong>1719</strong><br />(+15 for winning)
|l| himejijou
|l|☆oblizzy
|player|p1|
|l|☆Noamm
|player|p2|
