|j|☆YoSoyDelBronx
|j|☆fidel_k06
|t:|1779807187
|gametype|singles
|player|p1|YoSoyDelBronx|noland|1320
|player|p2|fidel_k06|steven|1256
|gen|9
|tier|[Gen 9] OU
|rated|
|rule|HP Percentage Mod: HP is shown in percentages
|rule|Endless Battle Clause: Forcing endless battles is banned
|rule|Species Clause: Limit one of each Pokémon
|rule|OHKO Clause: OHKO moves are banned
|rule|Evasion Items Clause: Evasion items are banned
|rule|Evasion Moves Clause: Evasion moves are banned
|rule|Evasion Abilities Clause: Evasion abilities are banned
|rule|Sleep Moves Clause: Sleep-inducing moves are banned
|clearpoke
|poke|p1|Ninetales, F|
|poke|p1|Blaziken, M|
|poke|p1|Walking Wake|
|poke|p1|Whimsicott, M|
|poke|p1|Great Tusk|
|poke|p1|Iron Moth|
|poke|p2|Hawlucha, F|
|poke|p2|Rillaboom, F|
|poke|p2|Great Tusk|
|poke|p2|Milotic, F|
|poke|p2|Ogerpon-Wellspring, F|
|poke|p2|Cinderace, M|
|teampreview
|inactive|Battle timer is ON: inactive players will automatically lose when time's up. (requested by fidel_k06)
|
|t:|1779807213
|teamsize|p1|6
|teamsize|p2|6
|start
|switch|p1a: kenshiro|Blaziken, M|100/100
|switch|p2a: Great Tusk|Great Tusk|100/100
|turn|1
|
|t:|1779807218
|move|p1a: kenshiro|Swords Dance|p1a: kenshiro
|-boost|p1a: kenshiro|atk|2
|move|p2a: Great Tusk|Knock Off|p1a: kenshiro
|-resisted|p1a: kenshiro
|-damage|p1a: kenshiro|79/100
|-enditem|p1a: kenshiro|Leftovers|[from] move: Knock Off|[of] p2a: Great Tusk
|
|-ability|p1a: kenshiro|Speed Boost|boost
|-boost|p1a: kenshiro|spe|1
|upkeep
|turn|2
|
|t:|1779807226
|move|p1a: kenshiro|Flare Blitz|p2a: Great Tusk
|-damage|p2a: Great Tusk|40/100
|-damage|p1a: kenshiro|50/100|[from] Recoil
|move|p2a: Great Tusk|Headlong Rush|p1a: kenshiro
|-supereffective|p1a: kenshiro
|-damage|p1a: kenshiro|0 fnt
|-unboost|p2a: Great Tusk|def|1
|-unboost|p2a: Great Tusk|spd|1
|faint|p1a: kenshiro
|
|-heal|p2a: Great Tusk|46/100|[from] item: Leftovers
|upkeep
|
|t:|1779807238
|switch|p1a: borutodad|Ninetales, F|100/100
|-weather|SunnyDay|[from] ability: Drought|[of] p1a: borutodad
|-activate|p2a: Great Tusk|ability: Protosynthesis
|-start|p2a: Great Tusk|protosynthesisatk
|turn|3
|
|t:|1779807245
|switch|p1a: Treevis Scott|Whimsicott, M|100/100
|move|p2a: Great Tusk|Knock Off|p1a: Treevis Scott
|-resisted|p1a: Treevis Scott
|-damage|p1a: Treevis Scott|76/100
|-enditem|p1a: Treevis Scott|Life Orb|[from] move: Knock Off|[of] p2a: Great Tusk
|
|-weather|SunnyDay|[upkeep]
|-heal|p2a: Great Tusk|52/100|[from] item: Leftovers
|upkeep
|turn|4
|
|t:|1779807258
|-end|p2a: Great Tusk|Protosynthesis|[silent]
|switch|p2a: Rillaboom|Rillaboom, F|100/100
|-fieldstart|move: Grassy Terrain|[from] ability: Grassy Surge|[of] p2a: Rillaboom
|move|p1a: Treevis Scott|Growth|p1a: Treevis Scott
|-boost|p1a: Treevis Scott|atk|2
|-boost|p1a: Treevis Scott|spa|2
|
|-weather|SunnyDay|[upkeep]
|-heal|p1a: Treevis Scott|82/100|[from] Grassy Terrain
|upkeep
|turn|5
|
|t:|1779807265
|move|p1a: Treevis Scott|Moonblast|p2a: Rillaboom
|-damage|p2a: Rillaboom|6/100
|-unboost|p2a: Rillaboom|spa|1
|move|p2a: Rillaboom|U-turn|p1a: Treevis Scott
|-damage|p1a: Treevis Scott|49/100
|
|t:|1779807277
|switch|p2a: Milotic|Milotic, F, shiny|100/100|[from] U-turn
|
|-weather|SunnyDay|[upkeep]
|-heal|p1a: Treevis Scott|56/100|[from] Grassy Terrain
|upkeep
|turn|6
|
|t:|1779807280
|move|p1a: Treevis Scott|Giga Drain|p2a: Milotic
|-supereffective|p2a: Milotic
|-damage|p2a: Milotic|0 fnt
|-heal|p1a: Treevis Scott|100/100|[from] drain|[of] p2a: Milotic
|faint|p2a: Milotic
|
|-weather|SunnyDay|[upkeep]
|upkeep
|
|t:|1779807285
|switch|p2a: Cinderace|Cinderace, M|100/100
|turn|7
|
|t:|1779807293
|-terastallize|p1a: Treevis Scott|Ghost
|move|p1a: Treevis Scott|Shadow Ball|p2a: Cinderace
|-damage|p2a: Cinderace|2/100
|move|p2a: Cinderace|Pyro Ball|p1a: Treevis Scott
|-crit|p1a: Treevis Scott
|-damage|p1a: Treevis Scott|0 fnt
|faint|p1a: Treevis Scott
|
|-weather|SunnyDay|[upkeep]
|-heal|p2a: Cinderace|8/100|[from] Grassy Terrain
|upkeep
|
|t:|1779807303
|switch|p1a: Dubya|Walking Wake|100/100
|-activate|p1a: Dubya|ability: Protosynthesis
|-start|p1a: Dubya|protosynthesisspe
|turn|8
|
|t:|1779807320
|switch|p2a: Great Tusk|Great Tusk|52/100
|-activate|p2a: Great Tusk|ability: Protosynthesis
|-start|p2a: Great Tusk|protosynthesisdef
|move|p1a: Dubya|Flip Turn|p2a: Great Tusk
|-supereffective|p2a: Great Tusk
|-damage|p2a: Great Tusk|47/100
|
|t:|1779807324
|-end|p1a: Dubya|Protosynthesis|[silent]
|switch|p1a: Kokushibo|Iron Moth|100/100|[from] Flip Turn
|-enditem|p1a: Kokushibo|Booster Energy
|-activate|p1a: Kokushibo|ability: Quark Drive|[fromitem]
|-start|p1a: Kokushibo|quarkdrivespe
|
|-weather|SunnyDay|[upkeep]
|-heal|p2a: Great Tusk|53/100|[from] Grassy Terrain
|-heal|p2a: Great Tusk|59/100|[from] item: Leftovers
|upkeep
|turn|9
|
|t:|1779807329
|move|p1a: Kokushibo|Solar Beam||[still]
|-prepare|p1a: Kokushibo|Solar Beam
|-anim|p1a: Kokushibo|Solar Beam|p2a: Great Tusk
|-supereffective|p2a: Great Tusk
|-damage|p2a: Great Tusk|0 fnt
|faint|p2a: Great Tusk
|-end|p2a: Great Tusk|Protosynthesis|[silent]
|
|-weather|SunnyDay|[upkeep]
|upkeep
|
|t:|1779807336
|switch|p2a: Ogerpon|Ogerpon-Wellspring, F|100/100
|turn|10
|
|t:|1779807342
|-terastallize|p2a: Ogerpon|Water
|detailschange|p2a: Ogerpon|Ogerpon-Wellspring-Tera, F, tera:Water
|-ability|p2a: Ogerpon|Embody Aspect (Wellspring)|boost
|-boost|p2a: Ogerpon|spd|1
|move|p1a: Kokushibo|Sludge Wave|p2a: Ogerpon
|-damage|p2a: Ogerpon|64/100
|move|p2a: Ogerpon|Ivy Cudgel|p1a: Kokushibo|[anim] Ivy Cudgel Water
|-supereffective|p1a: Kokushibo
|-crit|p1a: Kokushibo
|-damage|p1a: Kokushibo|0 fnt
|faint|p1a: Kokushibo
|-end|p1a: Kokushibo|Quark Drive|[silent]
|
|-weather|none
|-heal|p2a: Ogerpon|70/100|[from] Grassy Terrain
|upkeep
|
|t:|1779807348
|switch|p1a: borutodad|Ninetales, F|100/100
|-weather|SunnyDay|[from] ability: Drought|[of] p1a: borutodad
|turn|11
|
|t:|1779807356
|switch|p1a: Dubya|Walking Wake|100/100
|-activate|p1a: Dubya|ability: Protosynthesis
|-start|p1a: Dubya|protosynthesisspe
|move|p2a: Ogerpon|Ivy Cudgel|p1a: Dubya|[anim] Ivy Cudgel Water
|-resisted|p1a: Dubya
|-damage|p1a: Dubya|91/100
|
|-weather|SunnyDay|[upkeep]
|-heal|p1a: Dubya|97/100|[from] Grassy Terrain
|-heal|p2a: Ogerpon|76/100|[from] Grassy Terrain
|-fieldend|move: Grassy Terrain
|upkeep
|turn|12
|
|t:|1779807363
|move|p1a: Dubya|Draco Meteor|p2a: Ogerpon
|-damage|p2a: Ogerpon|31/100
|-unboost|p1a: Dubya|spa|2
|move|p2a: Ogerpon|Power Whip|p1a: Dubya
|-damage|p1a: Dubya|28/100
|
|-weather|SunnyDay|[upkeep]
|upkeep
|turn|13
|
|t:|1779807368
|move|p1a: Dubya|Knock Off|p2a: Ogerpon
|-damage|p2a: Ogerpon|17/100
|move|p2a: Ogerpon|Power Whip|p1a: Dubya
|-damage|p1a: Dubya|0 fnt
|faint|p1a: Dubya
|-end|p1a: Dubya|Protosynthesis|[silent]
|
|-weather|SunnyDay|[upkeep]
|upkeep
|
|t:|1779807371
|switch|p1a: Address Me|Great Tusk|100/100
|-activate|p1a: Address Me|ability: Protosynthesis
|-start|p1a: Address Me|protosynthesisspe
|turn|14
|
|t:|1779807380
|move|p1a: Address Me|Rapid Spin|p2a: Ogerpon
|-damage|p2a: Ogerpon|0 fnt
|-boost|p1a: Address Me|spe|1
|faint|p2a: Ogerpon
|detailschange|p2: Ogerpon|Ogerpon-Wellspring, F|[silent]
|
|-weather|SunnyDay|[upkeep]
|upkeep
|
|t:|1779807389
|switch|p2a: Rillaboom|Rillaboom, F|6/100
|-fieldstart|move: Grassy Terrain|[from] ability: Grassy Surge|[of] p2a: Rillaboom
|turn|15
|
|t:|1779807392
|move|p2a: Rillaboom|Grassy Glide|p1a: Address Me
|-supereffective|p1a: Address Me
|-damage|p1a: Address Me|48/100
|-damage|p2a: Rillaboom|0 fnt|[from] item: Rocky Helmet|[of] p1a: Address Me
|faint|p2a: Rillaboom
|move|p1a: Address Me|Ice Spinner|p2: Rillaboom|[notarget]
|-fail|p1a: Address Me
|
|-weather|SunnyDay|[upkeep]
|-heal|p1a: Address Me|54/100|[from] Grassy Terrain
|upkeep
|
|t:|1779807397
|switch|p2a: Cinderace|Cinderace, M|8/100
|turn|16
|
|t:|1779807399
|move|p1a: Address Me|Rapid Spin|p2a: Cinderace
|-damage|p2a: Cinderace|0 fnt
|-boost|p1a: Address Me|spe|1
|faint|p2a: Cinderace
|
|-weather|SunnyDay|[upkeep]
|-heal|p1a: Address Me|60/100|[from] Grassy Terrain
|upkeep
|
|t:|1779807404
|switch|p2a: Hawlucha|Hawlucha, F|100/100
|-enditem|p2a: Hawlucha|Grassy Seed
|-boost|p2a: Hawlucha|def|1|[from] item: Grassy Seed
|turn|17
|
|t:|1779807407
|move|p1a: Address Me|Ice Spinner|p2a: Hawlucha
|-supereffective|p2a: Hawlucha
|-damage|p2a: Hawlucha|56/100
|-fieldend|move: Grassy Terrain
|move|p2a: Hawlucha|Acrobatics|p1a: Address Me
|-supereffective|p1a: Address Me
|-damage|p1a: Address Me|0 fnt
|-damage|p2a: Hawlucha|39/100|[from] item: Rocky Helmet|[of] p1a: Address Me
|faint|p1a: Address Me
|-end|p1a: Address Me|Protosynthesis|[silent]
|
|-weather|SunnyDay|[upkeep]
|upkeep
|
|t:|1779807409
|switch|p1a: borutodad|Ninetales, F|100/100
|turn|18
|
|t:|1779807413
|move|p2a: Hawlucha|Drain Punch|p1a: borutodad
|-crit|p1a: borutodad
|-damage|p1a: borutodad|30/100
|-heal|p2a: Hawlucha|71/100|[from] drain|[of] p1a: borutodad
|move|p1a: borutodad|Overheat|p2a: Hawlucha
|-damage|p2a: Hawlucha|0 fnt
|-unboost|p1a: borutodad|spa|2
|faint|p2a: Hawlucha
|
|win|YoSoyDelBronx
|raw|YoSoyDelBronx's rating: 1320 &rarr; <strong>1336</strong><br />(+16 for winning)
|raw|fidel_k06's rating: 1256 &rarr; <strong>1236</strong><br />(-20 for losing)
