|j|☆safroabr
|j|☆spookely
|t:|1779801049
|gametype|singles
|player|p1|safroabr|schoolkid-gen4|1133
|player|p2|spookely|miku-ghost|1140
|gen|9
|tier|[Gen 9] OU
|rated|
|rule|HP Percentage Mod: HP is shown in percentages
|rule|Endless Battle Clause: Forcing endless battles is banned
|rule|Species Clause: Limit one of each Pokémon
|rule|OHKO Clause: OHKO moves are banned
|rule|Evasion Items Clause: Evasion items are banned
|rule|Evasion Moves Clause: Evasion moves are banned
|rule|Evasion Abilities Clause: Evasion abilities are banned
|rule|Sleep Moves Clause: Sleep-inducing moves are banned
|clearpoke
|poke|p1|Chansey, F|
|poke|p1|Toxtricity-Low-Key, F|
|poke|p1|Honchkrow, M|
|poke|p1|Quagsire, F|
|poke|p1|Yanmega, M|
|poke|p1|Cinccino, M|
|poke|p2|Hawlucha, F|
|poke|p2|Samurott-Hisui, F|
|poke|p2|Rillaboom, F|
|poke|p2|Gholdengo|
|poke|p2|Kyurem|
|poke|p2|Landorus-Therian, M|
|teampreview
|inactive|Battle timer is ON: inactive players will automatically lose when time's up. (requested by spookely)
|
|t:|1779801052
|teamsize|p1|6
|teamsize|p2|6
|start
|switch|p1a: Fatass pink ball|Chansey, F|100/100
|switch|p2a: Samurott|Samurott-Hisui, F|100/100
|turn|1
|
|t:|1779801058
|switch|p1a: Moron :3|Quagsire, F|100/100
|move|p2a: Samurott|Ceaseless Edge|p1a: Moron :3
|-damage|p1a: Moron :3|72/100
|-sidestart|p1: safroabr|Spikes
|
|-heal|p1a: Moron :3|78/100|[from] item: Leftovers
|upkeep
|turn|2
|
|t:|1779801061
|move|p2a: Samurott|Ceaseless Edge|p1a: Moron :3
|-damage|p1a: Moron :3|49/100
|-sidestart|p1: safroabr|Spikes
|move|p1a: Moron :3|Toxic|p2a: Samurott
|-status|p2a: Samurott|tox
|
|-heal|p1a: Moron :3|55/100|[from] item: Leftovers
|-damage|p2a: Samurott|94/100 tox|[from] psn
|upkeep
|turn|3
|
|t:|1779801065
|move|p2a: Samurott|Ceaseless Edge|p1a: Moron :3
|-damage|p1a: Moron :3|27/100
|-sidestart|p1: safroabr|Spikes
|move|p1a: Moron :3|Recover|p1a: Moron :3
|-heal|p1a: Moron :3|77/100
|
|-heal|p1a: Moron :3|83/100|[from] item: Leftovers
|-damage|p2a: Samurott|82/100 tox|[from] psn
|upkeep
|turn|4
|
|t:|1779801072
|move|p2a: Samurott|Flip Turn|p1a: Moron :3
|-damage|p1a: Moron :3|64/100
|
|t:|1779801075
|switch|p2a: Rillaboom|Rillaboom, F|100/100|[from] Flip Turn
|-fieldstart|move: Grassy Terrain|[from] ability: Grassy Surge|[of] p2a: Rillaboom
|move|p1a: Moron :3|Earthquake|p2a: Rillaboom
|-resisted|p2a: Rillaboom
|-damage|p2a: Rillaboom|92/100
|
|-heal|p2a: Rillaboom|99/100|[from] Grassy Terrain
|-heal|p1a: Moron :3|70/100|[from] Grassy Terrain
|-heal|p1a: Moron :3|76/100|[from] item: Leftovers
|upkeep
|turn|5
|
|t:|1779801082
|switch|p1a: Asteroid desteoyer|Yanmega, M|100/100
|move|p2a: Rillaboom|Swords Dance|p2a: Rillaboom
|-boost|p2a: Rillaboom|atk|2
|
|-heal|p2a: Rillaboom|100/100|[from] Grassy Terrain
|upkeep
|turn|6
|
|t:|1779801090
|-terastallize|p2a: Rillaboom|Fire
|move|p1a: Asteroid desteoyer|Protect|p1a: Asteroid desteoyer
|-singleturn|p1a: Asteroid desteoyer|Protect
|move|p2a: Rillaboom|Knock Off|p1a: Asteroid desteoyer
|-activate|p1a: Asteroid desteoyer|move: Protect
|
|-ability|p1a: Asteroid desteoyer|Speed Boost|boost
|-boost|p1a: Asteroid desteoyer|spe|1
|upkeep
|turn|7
|
|t:|1779801101
|move|p1a: Asteroid desteoyer|Bug Buzz|p2a: Rillaboom
|-resisted|p2a: Rillaboom
|-damage|p2a: Rillaboom|70/100
|-enditem|p1a: Asteroid desteoyer|Throat Spray
|-boost|p1a: Asteroid desteoyer|spa|1|[from] item: Throat Spray
|move|p2a: Rillaboom|Knock Off|p1a: Asteroid desteoyer
|-damage|p1a: Asteroid desteoyer|39/100
|
|-heal|p2a: Rillaboom|77/100|[from] Grassy Terrain
|-ability|p1a: Asteroid desteoyer|Speed Boost|boost
|-boost|p1a: Asteroid desteoyer|spe|1
|upkeep
|turn|8
|
|t:|1779801110
|move|p2a: Rillaboom|Grassy Glide|p1a: Asteroid desteoyer
|-resisted|p1a: Asteroid desteoyer
|-damage|p1a: Asteroid desteoyer|13/100
|move|p1a: Asteroid desteoyer|Air Slash|p2a: Rillaboom
|-damage|p2a: Rillaboom|0 fnt
|faint|p2a: Rillaboom
|
|-fieldend|move: Grassy Terrain
|-ability|p1a: Asteroid desteoyer|Speed Boost|boost
|-boost|p1a: Asteroid desteoyer|spe|1
|upkeep
|
|t:|1779801116
|switch|p2a: Samurott|Samurott-Hisui, F|82/100 tox
|turn|9
|
|t:|1779801119
|move|p2a: Samurott|Sucker Punch|p1a: Asteroid desteoyer
|-damage|p1a: Asteroid desteoyer|0 fnt
|faint|p1a: Asteroid desteoyer
|
|-damage|p2a: Samurott|76/100 tox|[from] psn
|upkeep
|
|t:|1779801128
|switch|p1a: Moron :3|Quagsire, F|76/100
|-damage|p1a: Moron :3|52/100|[from] Spikes
|turn|10
|
|t:|1779801130
|move|p2a: Samurott|Flip Turn|p1a: Moron :3
|-damage|p1a: Moron :3|35/100
|
|t:|1779801134
|switch|p2a: Hawlucha|Hawlucha, F|100/100|[from] Flip Turn
|move|p1a: Moron :3|Recover|p1a: Moron :3
|-heal|p1a: Moron :3|85/100
|
|-heal|p1a: Moron :3|91/100|[from] item: Leftovers
|upkeep
|turn|11
|
|t:|1779801140
|move|p2a: Hawlucha|Low Kick|p1a: Moron :3
|-damage|p1a: Moron :3|66/100
|move|p1a: Moron :3|Toxic|p2a: Hawlucha
|-status|p2a: Hawlucha|tox
|
|-heal|p1a: Moron :3|72/100|[from] item: Leftovers
|-damage|p2a: Hawlucha|94/100 tox|[from] psn
|upkeep
|turn|12
|
|t:|1779801145
|move|p2a: Hawlucha|Low Kick|p1a: Moron :3
|-damage|p1a: Moron :3|47/100
|move|p1a: Moron :3|Recover|p1a: Moron :3
|-heal|p1a: Moron :3|97/100
|
|-heal|p1a: Moron :3|100/100|[from] item: Leftovers
|-damage|p2a: Hawlucha|82/100 tox|[from] psn
|upkeep
|turn|13
|
|t:|1779801148
|switch|p2a: Samurott|Samurott-Hisui, F|76/100 tox
|move|p1a: Moron :3|Liquidation|p2a: Samurott
|-resisted|p2a: Samurott
|-damage|p2a: Samurott|61/100 tox
|
|-damage|p2a: Samurott|55/100 tox|[from] psn
|upkeep
|turn|14
|
|t:|1779801153
|move|p2a: Samurott|Flip Turn|p1a: Moron :3
|-damage|p1a: Moron :3|83/100
|
|t:|1779801155
|switch|p2a: Kyurem|Kyurem, shiny|100/100|[from] Flip Turn
|-ability|p2a: Kyurem|Pressure
|move|p1a: Moron :3|Toxic|p2a: Kyurem
|-status|p2a: Kyurem|tox
|
|-heal|p1a: Moron :3|89/100|[from] item: Leftovers
|-damage|p2a: Kyurem|94/100 tox|[from] psn
|upkeep
|turn|15
|
|t:|1779801162
|switch|p1a: Fatass pink ball|Chansey, F|100/100
|-damage|p1a: Fatass pink ball|76/100|[from] Spikes
|move|p2a: Kyurem|Freeze-Dry|p1a: Fatass pink ball
|-damage|p1a: Fatass pink ball|65/100
|
|-damage|p2a: Kyurem|82/100 tox|[from] psn
|upkeep
|turn|16
|
|t:|1779801170
|switch|p2a: Samurott|Samurott-Hisui, F|55/100 tox
|move|p1a: Fatass pink ball|Thunder Wave||[still]
|-fail|p1a: Fatass pink ball
|
|-damage|p2a: Samurott|49/100 tox|[from] psn
|upkeep
|turn|17
|
|t:|1779801178
|switch|p1a: Moron :3|Quagsire, F|89/100
|-damage|p1a: Moron :3|64/100|[from] Spikes
|move|p2a: Samurott|Knock Off|p1a: Moron :3
|-damage|p1a: Moron :3|38/100
|-enditem|p1a: Moron :3|Leftovers|[from] move: Knock Off|[of] p2a: Samurott
|
|-damage|p2a: Samurott|37/100 tox|[from] psn
|upkeep
|turn|18
|
|t:|1779801184
|move|p2a: Samurott|Flip Turn|p1a: Moron :3
|-damage|p1a: Moron :3|20/100
|
|t:|1779801187
|switch|p2a: Kyurem|Kyurem, shiny|82/100 tox|[from] Flip Turn
|-ability|p2a: Kyurem|Pressure
|move|p1a: Moron :3|Recover|p1a: Moron :3
|-heal|p1a: Moron :3|70/100
|
|-damage|p2a: Kyurem|76/100 tox|[from] psn
|upkeep
|turn|19
|
|t:|1779801195
|switch|p2a: Samurott|Samurott-Hisui, F|37/100 tox
|-terastallize|p1a: Moron :3|Steel
|move|p1a: Moron :3|Recover|p1a: Moron :3
|-heal|p1a: Moron :3|100/100
|
|-damage|p2a: Samurott|31/100 tox|[from] psn
|upkeep
|turn|20
|
|t:|1779801201
|move|p2a: Samurott|Flip Turn|p1a: Moron :3
|-damage|p1a: Moron :3|84/100
|
|t:|1779801204
|switch|p2a: Landorus|Landorus-Therian, M|100/100|[from] Flip Turn
|-ability|p2a: Landorus|Intimidate|boost
|-unboost|p1a: Moron :3|atk|1
|move|p1a: Moron :3|Earthquake|p2a: Landorus
|-immune|p2a: Landorus
|
|upkeep
|turn|21
|
|t:|1779801209
|switch|p1a: Honchkrow|Honchkrow, M|100/100
|move|p2a: Landorus|Stealth Rock|p1a: Honchkrow
|-sidestart|p1: safroabr|move: Stealth Rock
|
|upkeep
|turn|22
|
|t:|1779801212
|move|p2a: Landorus|U-turn|p1a: Honchkrow
|-damage|p1a: Honchkrow|67/100
|
|t:|1779801214
|switch|p2a: Samurott|Samurott-Hisui, F|31/100 tox|[from] U-turn
|move|p1a: Honchkrow|Taunt|p2a: Samurott
|-start|p2a: Samurott|move: Taunt
|
|-damage|p2a: Samurott|25/100 tox|[from] psn
|upkeep
|turn|23
|
|t:|1779801220
|move|p1a: Honchkrow|U-turn|p2a: Samurott
|-supereffective|p2a: Samurott
|-damage|p2a: Samurott|0 fnt
|faint|p2a: Samurott
|-ability|p1a: Honchkrow|Moxie|boost
|-boost|p1a: Honchkrow|atk|1
|-damage|p1a: Honchkrow|57/100|[from] item: Life Orb
|
|t:|1779801226
|switch|p1a: Chinchillo|Cinccino, M, shiny|100/100|[from] U-turn
|-damage|p1a: Chinchillo|76/100|[from] Spikes
|-damage|p1a: Chinchillo|63/100|[from] Stealth Rock
|
|upkeep
|
|t:|1779801235
|switch|p2a: Gholdengo|Gholdengo, shiny|100/100
|turn|24
|
|t:|1779801244
|switch|p1a: Moron :3|Quagsire, F, tera:Steel|84/100
|-damage|p1a: Moron :3|59/100|[from] Spikes
|-damage|p1a: Moron :3|53/100|[from] Stealth Rock
|move|p2a: Gholdengo|Make It Rain|p1a: Moron :3
|-resisted|p1a: Moron :3
|-damage|p1a: Moron :3|15/100
|-unboost|p2a: Gholdengo|spa|1
|
|upkeep
|turn|25
|
|t:|1779801252
|move|p2a: Gholdengo|Make It Rain|p1a: Moron :3
|-resisted|p1a: Moron :3
|-damage|p1a: Moron :3|0 fnt
|-unboost|p2a: Gholdengo|spa|1
|faint|p1a: Moron :3
|
|upkeep
|
|t:|1779801258
|switch|p1a: Honchkrow|Honchkrow, M|57/100
|-damage|p1a: Honchkrow|32/100|[from] Stealth Rock
|turn|26
|
|t:|1779801262
|switch|p2a: Landorus|Landorus-Therian, M|100/100
|-ability|p2a: Landorus|Intimidate|boost
|-unboost|p1a: Honchkrow|atk|1
|move|p1a: Honchkrow|Sucker Punch||[still]
|-fail|p1a: Honchkrow
|
|upkeep
|turn|27
|
|t:|1779801267
|move|p2a: Landorus|U-turn|p1a: Honchkrow
|-damage|p1a: Honchkrow|0 fnt
|faint|p1a: Honchkrow
|
|t:|1779801271
|switch|p2a: Hawlucha|Hawlucha, F|82/100 tox|[from] U-turn
|
|-damage|p2a: Hawlucha|76/100 tox|[from] psn
|upkeep
|
|t:|1779801279
|switch|p1a: Lowkey|Toxtricity-Low-Key, F|100/100
|-damage|p1a: Lowkey|75/100|[from] Spikes
|-damage|p1a: Lowkey|63/100|[from] Stealth Rock
|turn|28
|
|t:|1779801282
|move|p2a: Hawlucha|Low Kick|p1a: Lowkey
|-resisted|p1a: Lowkey
|-damage|p1a: Lowkey|43/100
|move|p1a: Lowkey|Overdrive|p2a: Hawlucha
|-supereffective|p2a: Hawlucha
|-damage|p2a: Hawlucha|0 fnt
|faint|p2a: Hawlucha
|-enditem|p1a: Lowkey|Throat Spray
|-boost|p1a: Lowkey|spa|1|[from] item: Throat Spray
|
|upkeep
|
|t:|1779801288
|switch|p2a: Landorus|Landorus-Therian, M|100/100
|-ability|p2a: Landorus|Intimidate|boost
|-unboost|p1a: Lowkey|atk|1
|turn|29
|
|t:|1779801291
|move|p2a: Landorus|Earth Power|p1a: Lowkey
|-supereffective|p1a: Lowkey
|-damage|p1a: Lowkey|0 fnt
|faint|p1a: Lowkey
|
|upkeep
|
|t:|1779801296
|switch|p1a: Chinchillo|Cinccino, M, shiny|63/100
|-damage|p1a: Chinchillo|39/100|[from] Spikes
|-damage|p1a: Chinchillo|26/100|[from] Stealth Rock
|turn|30
|
|t:|1779801301
|switch|p2a: Gholdengo|Gholdengo, shiny|100/100
|move|p1a: Chinchillo|Triple Axel|p2a: Gholdengo
|-resisted|p2a: Gholdengo
|-damage|p2a: Gholdengo|96/100
|-resisted|p2a: Gholdengo
|-damage|p2a: Gholdengo|89/100
|-resisted|p2a: Gholdengo
|-damage|p2a: Gholdengo|77/100
|-hitcount|p2a: Gholdengo|3
|-damage|p1a: Chinchillo|16/100|[from] item: Life Orb
|
|upkeep
|turn|31
|c|☆safroabr|Gg
|-message|safroabr forfeited.
|
|win|spookely
|raw|safroabr's rating: 1133 &rarr; <strong>1109</strong><br />(-24 for losing)
|raw|spookely's rating: 1140 &rarr; <strong>1164</strong><br />(+24 for winning)
|c|☆spookely|gg
|l|☆safroabr
|player|p1|
|l|☆spookely
|player|p2|
