|j|☆KachoFugetsu
|j|☆chandan 1300
|inactive|Battle timer is ON: inactive players will automatically lose when time's up.
|t:|1779879964
|gametype|singles
|player|p1|KachoFugetsu|dawn-masters2|
|player|p2|chandan 1300|blackbelt-gen4dp|
|gen|9
|tier|[Gen 9] OU
|rated|Tournament battle
|rule|HP Percentage Mod: HP is shown in percentages
|rule|Endless Battle Clause: Forcing endless battles is banned
|rule|Species Clause: Limit one of each Pokémon
|rule|OHKO Clause: OHKO moves are banned
|rule|Evasion Items Clause: Evasion items are banned
|rule|Evasion Moves Clause: Evasion moves are banned
|rule|Evasion Abilities Clause: Evasion abilities are banned
|rule|Sleep Moves Clause: Sleep-inducing moves are banned
|raw|<div class="infobox"><details class="readmore" open><summary><strong>1 custom rule:</strong></summary> stabmons move legality</details></div>
|clearpoke
|poke|p1|Dragonite, M|
|poke|p1|Indeedee, M|
|poke|p1|Iron Valiant|
|poke|p1|Iron Treads|
|poke|p1|Pecharunt|
|poke|p1|Darkrai|
|poke|p2|Rillaboom, F|
|poke|p2|Tyranitar, F|
|poke|p2|Toxapex, L99, F|
|poke|p2|Magnezone|
|poke|p2|Tornadus-Therian, M|
|poke|p2|Gliscor, M|
|teampreview
|j|*Lady Monita 
|inactive|chandan 1300 also wants the timer to be on.
|c|☆KachoFugetsu|hf
|
|t:|1779879968
|teamsize|p1|6
|teamsize|p2|6
|start
|switch|p1a: Pecharunt|Pecharunt|100/100
|switch|p2a: Tornadus|Tornadus-Therian, M|100/100
|turn|1
|
|t:|1779879978
|move|p2a: Tornadus|Knock Off|p1a: Pecharunt
|-supereffective|p1a: Pecharunt
|-damage|p1a: Pecharunt|76/100
|-enditem|p1a: Pecharunt|Maranga Berry|[from] move: Knock Off|[of] p2a: Tornadus
|move|p1a: Pecharunt|Malignant Chain|p2a: Tornadus
|-damage|p2a: Tornadus|59/100
|-status|p2a: Tornadus|tox
|-start|p2a: Tornadus|confusion|[from] ability: Poison Puppeteer|[of] p1a: Pecharunt
|
|-damage|p2a: Tornadus|53/100 tox|[from] psn
|upkeep
|turn|2
|
|t:|1779879997
|switch|p1a: Iron Valiant|Iron Valiant|100/100
|-enditem|p1a: Iron Valiant|Booster Energy
|-activate|p1a: Iron Valiant|ability: Quark Drive|[fromitem]
|-start|p1a: Iron Valiant|quarkdrivespe
|-activate|p2a: Tornadus|confusion
|-damage|p2a: Tornadus|42/100 tox|[from] confusion
|
|-damage|p2a: Tornadus|30/100 tox|[from] psn
|upkeep
|turn|3
|
|t:|1779880003
|switch|p2a: Magnezone|Magnezone|100/100
|move|p1a: Iron Valiant|Swords Dance|p1a: Iron Valiant
|-boost|p1a: Iron Valiant|atk|2
|
|upkeep
|turn|4
|
|t:|1779880009
|move|p1a: Iron Valiant|Close Combat|p2a: Magnezone
|-supereffective|p2a: Magnezone
|-enditem|p2a: Magnezone|Chople Berry|[eat]
|-enditem|p2a: Magnezone|Chople Berry|[weaken]
|-damage|p2a: Magnezone|9/100
|-unboost|p1a: Iron Valiant|def|1
|-unboost|p1a: Iron Valiant|spd|1
|move|p2a: Magnezone|Nuzzle|p1a: Iron Valiant
|-damage|p1a: Iron Valiant|91/100
|-status|p1a: Iron Valiant|par
|
|upkeep
|turn|5
|
|t:|1779880013
|cant|p1a: Iron Valiant|par
|move|p2a: Magnezone|Electro Drift|p1a: Iron Valiant
|-damage|p1a: Iron Valiant|0 fnt
|faint|p1a: Iron Valiant
|-end|p1a: Iron Valiant|Quark Drive|[silent]
|
|upkeep
|
|t:|1779880016
|switch|p1a: Dragonite|Dragonite, M|100/100
|turn|6
|
|t:|1779880020
|-terastallize|p1a: Dragonite|Fairy
|move|p1a: Dragonite|Dragon Dance|p1a: Dragonite
|-boost|p1a: Dragonite|atk|1
|-boost|p1a: Dragonite|spe|1
|move|p2a: Magnezone|Nuzzle|p1a: Dragonite
|-damage|p1a: Dragonite|98/100
|-status|p1a: Dragonite|par
|
|upkeep
|turn|7
|
|t:|1779880025
|move|p2a: Magnezone|Electro Drift|p1a: Dragonite
|-damage|p1a: Dragonite|49/100 par
|move|p1a: Dragonite|Scale Shot|p2a: Magnezone
|-resisted|p2a: Magnezone
|-damage|p2a: Magnezone|0 fnt
|faint|p2a: Magnezone
|-hitcount|p2: Magnezone|1
|-unboost|p1a: Dragonite|def|1
|-boost|p1a: Dragonite|spe|1
|
|upkeep
|
|t:|1779880032
|switch|p2a: Tyranitar|Tyranitar, F|100/100
|-weather|Sandstorm|[from] ability: Sand Stream|[of] p2a: Tyranitar
|turn|8
|
|t:|1779880036
|cant|p1a: Dragonite|par
|move|p2a: Tyranitar|Stone Axe|p1a: Dragonite
|-damage|p1a: Dragonite|3/100 par
|-sidestart|p1: KachoFugetsu|move: Stealth Rock
|
|-weather|Sandstorm|[upkeep]
|-damage|p1a: Dragonite|0 fnt|[from] Sandstorm
|faint|p1a: Dragonite
|upkeep
|
|t:|1779880042
|switch|p1a: Iron Treads|Iron Treads|100/100
|-damage|p1a: Iron Treads|97/100|[from] Stealth Rock
|-enditem|p1a: Iron Treads|Booster Energy
|-activate|p1a: Iron Treads|ability: Quark Drive|[fromitem]
|-start|p1a: Iron Treads|quarkdrivespe
|turn|9
|
|t:|1779880047
|switch|p2a: Gliscor|Gliscor, M|100/100
|move|p1a: Iron Treads|Rapid Spin|p2a: Gliscor
|-damage|p2a: Gliscor|88/100
|-boost|p1a: Iron Treads|spe|1
|-sideend|p1: KachoFugetsu|Stealth Rock|[from] move: Rapid Spin|[of] p1a: Iron Treads
|
|-weather|Sandstorm|[upkeep]
|-status|p2a: Gliscor|tox|[from] item: Toxic Orb
|upkeep
|turn|10
|
|t:|1779880053
|move|p1a: Iron Treads|Stealth Rock|p2a: Gliscor
|-sidestart|p2: chandan 1300|move: Stealth Rock
|move|p2a: Gliscor|Earthquake|p1a: Iron Treads
|-supereffective|p1a: Iron Treads
|-damage|p1a: Iron Treads|35/100
|
|-weather|Sandstorm|[upkeep]
|-heal|p2a: Gliscor|99/100 tox|[from] ability: Poison Heal
|upkeep
|turn|11
|
|t:|1779880061
|move|p1a: Iron Treads|Heavy Slam|p2a: Gliscor
|-damage|p2a: Gliscor|56/100 tox
|move|p2a: Gliscor|Swords Dance|p2a: Gliscor
|-boost|p2a: Gliscor|atk|2
|
|-weather|Sandstorm|[upkeep]
|-heal|p2a: Gliscor|69/100 tox|[from] ability: Poison Heal
|upkeep
|turn|12
|
|t:|1779880066
|move|p1a: Iron Treads|Heavy Slam|p2a: Gliscor
|-damage|p2a: Gliscor|25/100 tox
|move|p2a: Gliscor|Shore Up|p2a: Gliscor
|-heal|p2a: Gliscor|92/100 tox
|
|-weather|none
|-heal|p2a: Gliscor|100/100 tox|[from] ability: Poison Heal
|upkeep
|turn|13
|
|t:|1779880072
|move|p1a: Iron Treads|Heavy Slam|p2a: Gliscor
|-damage|p2a: Gliscor|52/100 tox
|move|p2a: Gliscor|Earthquake|p1a: Iron Treads
|-supereffective|p1a: Iron Treads
|-damage|p1a: Iron Treads|0 fnt
|faint|p1a: Iron Treads
|-end|p1a: Iron Treads|Quark Drive|[silent]
|
|-heal|p2a: Gliscor|64/100 tox|[from] ability: Poison Heal
|upkeep
|
|t:|1779880076
|switch|p1a: Darkrai|Darkrai, shiny|100/100
|turn|14
|
|t:|1779880080
|move|p1a: Darkrai|Ice Beam|p2a: Gliscor
|-supereffective|p2a: Gliscor
|-damage|p2a: Gliscor|0 fnt
|faint|p2a: Gliscor
|
|upkeep
|
|t:|1779880089
|switch|p2a: Rillaboom|Rillaboom, F|100/100
|-damage|p2a: Rillaboom|88/100|[from] Stealth Rock
|-fieldstart|move: Grassy Terrain|[from] ability: Grassy Surge|[of] p2a: Rillaboom
|turn|15
|
|t:|1779880098
|move|p2a: Rillaboom|Protect|p2a: Rillaboom
|-singleturn|p2a: Rillaboom|Protect
|move|p1a: Darkrai|Nasty Plot|p1a: Darkrai
|-boost|p1a: Darkrai|spa|2
|
|-heal|p2a: Rillaboom|94/100|[from] Grassy Terrain
|-heal|p2a: Rillaboom|99/100|[from] item: Leftovers
|upkeep
|turn|16
|
|t:|1779880105
|-terastallize|p2a: Rillaboom|Grass
|move|p1a: Darkrai|Ice Beam|p2a: Rillaboom
|-supereffective|p2a: Rillaboom
|-damage|p2a: Rillaboom|0 fnt
|faint|p2a: Rillaboom
|
|upkeep
|
|t:|1779880109
|switch|p2a: Toxapex|Toxapex, L99, F|100/100
|-damage|p2a: Toxapex|88/100|[from] Stealth Rock
|turn|17
|
|t:|1779880114
|move|p1a: Darkrai|Dark Pulse|p2a: Toxapex
|-damage|p2a: Toxapex|37/100
|move|p2a: Toxapex|Haze|p2a: Toxapex
|-clearallboost
|
|-heal|p2a: Toxapex|43/100|[from] Grassy Terrain
|-heal|p2a: Toxapex|49/100|[from] item: Black Sludge
|upkeep
|turn|18
|j|^Vortex-invisible
|
|t:|1779880120
|switch|p2a: Tyranitar|Tyranitar, F|100/100
|-damage|p2a: Tyranitar|88/100|[from] Stealth Rock
|-weather|Sandstorm|[from] ability: Sand Stream|[of] p2a: Tyranitar
|move|p1a: Darkrai|Nasty Plot|p1a: Darkrai
|-boost|p1a: Darkrai|spa|2
|
|-weather|Sandstorm|[upkeep]
|-damage|p1a: Darkrai|94/100|[from] Sandstorm
|-heal|p1a: Darkrai|100/100|[from] Grassy Terrain
|-heal|p2a: Tyranitar|94/100|[from] Grassy Terrain
|-heal|p2a: Tyranitar|100/100|[from] item: Leftovers
|upkeep
|turn|19
|
|t:|1779880124
|move|p1a: Darkrai|Ice Beam|p2a: Tyranitar
|-damage|p2a: Tyranitar|74/100
|-status|p2a: Tyranitar|frz
|cant|p2a: Tyranitar|frz
|
|-weather|Sandstorm|[upkeep]
|-damage|p1a: Darkrai|94/100|[from] Sandstorm
|-heal|p1a: Darkrai|100/100|[from] Grassy Terrain
|-heal|p2a: Tyranitar|80/100 frz|[from] Grassy Terrain
|-heal|p2a: Tyranitar|86/100 frz|[from] item: Leftovers
|-fieldend|move: Grassy Terrain
|upkeep
|turn|20
|
|t:|1779880129
|move|p1a: Darkrai|Nasty Plot|p1a: Darkrai
|-boost|p1a: Darkrai|spa|2
|cant|p2a: Tyranitar|frz
|
|-weather|Sandstorm|[upkeep]
|-damage|p1a: Darkrai|94/100|[from] Sandstorm
|-heal|p2a: Tyranitar|92/100 frz|[from] item: Leftovers
|upkeep
|turn|21
|c|^Vortex-invisible|I thought y'all was gonna abuse the crap outta this
|c|☆KachoFugetsu|mb
|c|☆KachoFugetsu|i did with dragonite
|c|☆KachoFugetsu|thats why both my other opps forfeited lol
|
|t:|1779880144
|move|p1a: Darkrai|Ice Beam|p2a: Tyranitar
|-damage|p2a: Tyranitar|50/100 frz
|-curestatus|p2a: Tyranitar|frz|[msg]
|move|p2a: Tyranitar|Stone Axe|p1a: Darkrai
|-damage|p1a: Darkrai|57/100
|-sidestart|p1: KachoFugetsu|move: Stealth Rock
|-enditem|p1a: Darkrai|Red Card|[of] p2a: Tyranitar
|drag|p2a: Toxapex|Toxapex, L99, F|83/100
|-damage|p2a: Toxapex|70/100|[from] Stealth Rock
|
|-weather|Sandstorm|[upkeep]
|-damage|p1a: Darkrai|51/100|[from] Sandstorm
|-damage|p2a: Toxapex|64/100|[from] Sandstorm
|-heal|p2a: Toxapex|70/100|[from] item: Black Sludge
|upkeep
|turn|22
|
|t:|1779880151
|move|p1a: Darkrai|Dark Pulse|p2a: Toxapex
|-damage|p2a: Toxapex|0 fnt
|faint|p2a: Toxapex
|
|-weather|none
|upkeep
|
|t:|1779880153
|switch|p2a: Tornadus|Tornadus-Therian, M|63/100 tox
|turn|23
|
|t:|1779880156
|move|p1a: Darkrai|Ice Beam|p2a: Tornadus
|-supereffective|p2a: Tornadus
|-damage|p2a: Tornadus|0 fnt
|faint|p2a: Tornadus
|
|upkeep
|-message|chandan 1300 forfeited.
|
|win|KachoFugetsu
|n|☆KachoFugetsu|kachofugetsu
|n|☆chandan 1300|chandan1300
|n|*Lady Monita |ladymonita
|n| Vortex-invisible|vortexinvisible
