|j|‽aaagislash
|j|☆Aguila74
|t:|1779847927
|gametype|singles
|player|p1|aaagislash|266|1638
|player|p2|Aguila74|ethan|1661
|gen|9
|tier|[Gen 9] OU
|rated|
|rule|HP Percentage Mod: HP is shown in percentages
|rule|Endless Battle Clause: Forcing endless battles is banned
|rule|Species Clause: Limit one of each Pokémon
|rule|OHKO Clause: OHKO moves are banned
|rule|Evasion Items Clause: Evasion items are banned
|rule|Evasion Moves Clause: Evasion moves are banned
|rule|Evasion Abilities Clause: Evasion abilities are banned
|rule|Sleep Moves Clause: Sleep-inducing moves are banned
|clearpoke
|poke|p1|Scizor, F|
|poke|p1|Goodra-Hisui, M|
|poke|p1|Alomomola, M|
|poke|p1|Mesprit|
|poke|p1|Landorus-Therian, M|
|poke|p1|Tornadus-Therian, M|
|poke|p2|Dragapult, F|
|poke|p2|Iron Moth|
|poke|p2|Meowscarada, F|
|poke|p2|Iron Treads|
|poke|p2|Primarina, M|
|poke|p2|Conkeldurr, M|
|teampreview
|
|t:|1779847939
|teamsize|p1|6
|teamsize|p2|6
|start
|switch|p1a: Mesprit|Mesprit|100/100
|switch|p2a: Conkeldurr|Conkeldurr, M|100/100
|turn|1
|
|t:|1779847944
|move|p1a: Mesprit|Psychic Noise|p2a: Conkeldurr
|-supereffective|p2a: Conkeldurr
|-damage|p2a: Conkeldurr|59/100
|-start|p2a: Conkeldurr|move: Heal Block
|move|p2a: Conkeldurr|Knock Off|p1a: Mesprit
|-supereffective|p1a: Mesprit
|-damage|p1a: Mesprit|53/100
|-enditem|p1a: Mesprit|Heavy-Duty Boots|[from] move: Knock Off|[of] p2a: Conkeldurr
|
|upkeep
|turn|2
|j| woshiml
|
|t:|1779847954
|switch|p2a: Meowscarada|Meowscarada, F|100/100
|move|p1a: Mesprit|Psychic Noise|p2a: Meowscarada
|-immune|p2a: Meowscarada
|
|upkeep
|turn|3
|
|t:|1779847959
|move|p2a: Meowscarada|U-turn|p1a: Mesprit
|-start|p2a: Meowscarada|typechange|Bug|[from] ability: Protean
|-supereffective|p1a: Mesprit
|-damage|p1a: Mesprit|0 fnt
|faint|p1a: Mesprit
|-damage|p2a: Meowscarada|91/100|[from] item: Life Orb
|
|t:|1779847967
|switch|p2a: Iron Treads|Iron Treads|100/100|[from] U-turn
|
|upkeep
|
|t:|1779847977
|switch|p1a: Tornadus|Tornadus-Therian, M|100/100
|turn|4
|
|t:|1779847982
|-end|p2a: Iron Treads|Quark Drive|[silent]
|switch|p2a: Primarina|Primarina, M|100/100
|move|p1a: Tornadus|Nasty Plot|p1a: Tornadus
|-boost|p1a: Tornadus|spa|2
|
|upkeep
|turn|5
|
|t:|1779847985
|move|p1a: Tornadus|Bleakwind Storm|p2a: Primarina
|-damage|p2a: Primarina|44/100
|move|p2a: Primarina|Calm Mind|p2a: Primarina
|-boost|p2a: Primarina|spa|1
|-boost|p2a: Primarina|spd|1
|
|-heal|p2a: Primarina|50/100|[from] item: Leftovers
|upkeep
|turn|6
|
|t:|1779847992
|move|p1a: Tornadus|Nasty Plot|p1a: Tornadus
|-boost|p1a: Tornadus|spa|2
|move|p2a: Primarina|Draining Kiss|p1a: Tornadus
|-damage|p1a: Tornadus|65/100
|-heal|p2a: Primarina|77/100|[from] drain|[of] p1a: Tornadus
|
|-heal|p2a: Primarina|83/100|[from] item: Leftovers
|upkeep
|turn|7
|
|t:|1779848000
|move|p1a: Tornadus|Bleakwind Storm|p2a: Primarina
|-damage|p2a: Primarina|25/100
|move|p2a: Primarina|Psychic Noise|p1a: Tornadus
|-damage|p1a: Tornadus|19/100
|-start|p1a: Tornadus|move: Heal Block
|
|-heal|p2a: Primarina|31/100|[from] item: Leftovers
|upkeep
|turn|8
|l|‽aaagislash
|player|p1|
|j|‽aaagislash
|player|p1|aaagislash|266|
|n|‽aaagislash|aaagislash
|inactive|Battle timer is ON: inactive players will automatically lose when time's up. (requested by Aguila74)
|
|t:|1779848058
|move|p1a: Tornadus|Bleakwind Storm|p2a: Primarina
|-damage|p2a: Primarina|0 fnt
|faint|p2a: Primarina
|
|-end|p1a: Tornadus|move: Heal Block
|upkeep
|
|t:|1779848062
|switch|p2a: Meowscarada|Meowscarada, F|91/100
|turn|9
|
|t:|1779848065
|switch|p1a: Goodra|Goodra-Hisui, M|100/100
|move|p2a: Meowscarada|Knock Off|p1a: Goodra
|-start|p2a: Meowscarada|typechange|Dark|[from] ability: Protean
|-damage|p1a: Goodra|56/100
|-enditem|p1a: Goodra|Heavy-Duty Boots|[from] move: Knock Off|[of] p2a: Meowscarada
|-damage|p2a: Meowscarada|81/100|[from] item: Life Orb
|
|upkeep
|turn|10
|
|t:|1779848074
|move|p2a: Meowscarada|U-turn|p1a: Goodra
|-resisted|p1a: Goodra
|-crit|p1a: Goodra
|-damage|p1a: Goodra|40/100
|-damage|p2a: Meowscarada|71/100|[from] item: Life Orb
|
|t:|1779848078
|switch|p2a: Iron Treads|Iron Treads|100/100|[from] U-turn
|move|p1a: Goodra|Surf|p2a: Iron Treads
|-supereffective|p2a: Iron Treads
|-damage|p2a: Iron Treads|18/100
|
|-heal|p2a: Iron Treads|24/100|[from] item: Leftovers
|upkeep
|turn|11
|
|t:|1779848082
|switch|p1a: Alomomola|Alomomola, M|100/100
|move|p2a: Iron Treads|Stealth Rock|p1a: Alomomola
|-sidestart|p1: aaagislash|move: Stealth Rock
|
|-heal|p2a: Iron Treads|31/100|[from] item: Leftovers
|upkeep
|turn|12
|
|t:|1779848085
|-end|p2a: Iron Treads|Quark Drive|[silent]
|switch|p2a: Conkeldurr|Conkeldurr, M|59/100
|move|p1a: Alomomola|Wish|p1a: Alomomola
|
|upkeep
|turn|13
|
|t:|1779848092
|move|p1a: Alomomola|Flip Turn|p2a: Conkeldurr
|-damage|p2a: Conkeldurr|44/100
|
|t:|1779848094
|switch|p1a: Tornadus|Tornadus-Therian, M|52/100|[from] Flip Turn
|move|p2a: Conkeldurr|Knock Off|p1a: Tornadus
|-damage|p1a: Tornadus|14/100
|-enditem|p1a: Tornadus|Heavy-Duty Boots|[from] move: Knock Off|[of] p2a: Conkeldurr
|
|-heal|p1a: Tornadus|88/100|[from] move: Wish|[wisher] Alomomola
|upkeep
|turn|14
|
|t:|1779848101
|move|p1a: Tornadus|Bleakwind Storm|p2a: Conkeldurr|[miss]
|-miss|p1a: Tornadus|p2a: Conkeldurr
|move|p2a: Conkeldurr|Ice Punch|p1a: Tornadus
|-supereffective|p1a: Tornadus
|-damage|p1a: Tornadus|27/100
|-status|p1a: Tornadus|frz
|
|upkeep
|turn|15
|
|t:|1779848106
|cant|p1a: Tornadus|frz
|move|p2a: Conkeldurr|Drain Punch|p1a: Tornadus
|-resisted|p1a: Tornadus
|-damage|p1a: Tornadus|2/100 frz
|-heal|p2a: Conkeldurr|55/100|[from] drain|[of] p1a: Tornadus
|
|upkeep
|turn|16
|
|t:|1779848109
|move|p2a: Conkeldurr|Mach Punch|p1a: Tornadus
|-resisted|p1a: Tornadus
|-crit|p1a: Tornadus
|-damage|p1a: Tornadus|0 fnt
|faint|p1a: Tornadus
|
|upkeep
|
|t:|1779848118
|switch|p1a: Landorus|Landorus-Therian, M|100/100
|-damage|p1a: Landorus|88/100|[from] Stealth Rock
|-ability|p1a: Landorus|Intimidate|boost
|-unboost|p2a: Conkeldurr|atk|1
|turn|17
|
|t:|1779848132
|-terastallize|p1a: Landorus|Dragon
|move|p1a: Landorus|Outrage|p2a: Conkeldurr
|-damage|p2a: Conkeldurr|0 fnt
|faint|p2a: Conkeldurr
|
|upkeep
|
|t:|1779848137
|switch|p2a: Iron Treads|Iron Treads|31/100
|turn|18
|
|t:|1779848139
|move|p1a: Landorus|Outrage|p2a: Iron Treads|[from] lockedmove
|-resisted|p2a: Iron Treads
|-damage|p2a: Iron Treads|0 fnt
|faint|p2a: Iron Treads
|-end|p2a: Iron Treads|Quark Drive|[silent]
|-start|p1a: Landorus|confusion|[fatigue]
|
|upkeep
|
|t:|1779848145
|switch|p2a: Iron Moth|Iron Moth|100/100
|-enditem|p2a: Iron Moth|Booster Energy
|-activate|p2a: Iron Moth|ability: Quark Drive|[fromitem]
|-start|p2a: Iron Moth|quarkdrivespe
|turn|19
|
|t:|1779848153
|move|p2a: Iron Moth|Fiery Dance|p1a: Landorus
|-resisted|p1a: Landorus
|-damage|p1a: Landorus|62/100
|-activate|p1a: Landorus|confusion
|-damage|p1a: Landorus|46/100|[from] confusion
|
|upkeep
|turn|20
|
|t:|1779848159
|switch|p1a: Alomomola|Alomomola, M|100/100
|move|p2a: Iron Moth|Dazzling Gleam|p1a: Alomomola
|-damage|p1a: Alomomola|80/100
|
|upkeep
|turn|21
|
|t:|1779848170
|move|p2a: Iron Moth|Energy Ball|p1a: Alomomola
|-supereffective|p1a: Alomomola
|-crit|p1a: Alomomola
|-damage|p1a: Alomomola|16/100
|move|p1a: Alomomola|Wish|p1a: Alomomola
|
|upkeep
|turn|22
|
|t:|1779848175
|switch|p1a: Goodra|Goodra-Hisui, M|40/100
|-damage|p1a: Goodra|33/100|[from] Stealth Rock
|move|p2a: Iron Moth|Energy Ball|p1a: Goodra
|-ability|p1a: Goodra|Sap Sipper|boost
|-boost|p1a: Goodra|atk|1
|
|-heal|p1a: Goodra|100/100|[from] move: Wish|[wisher] Alomomola
|upkeep
|turn|23
|
|t:|1779848185
|-end|p2a: Iron Moth|Quark Drive|[silent]
|switch|p2a: Meowscarada|Meowscarada, F|71/100
|move|p1a: Goodra|Surf|p2a: Meowscarada
|-resisted|p2a: Meowscarada
|-damage|p2a: Meowscarada|50/100
|
|upkeep
|turn|24
|
|t:|1779848188
|move|p2a: Meowscarada|Triple Axel|p1a: Goodra
|-start|p2a: Meowscarada|typechange|Ice|[from] ability: Protean
|-damage|p1a: Goodra|91/100
|-damage|p1a: Goodra|69/100
|-damage|p1a: Goodra|42/100
|-hitcount|p1a: Goodra|3
|-damage|p2a: Meowscarada|40/100|[from] item: Life Orb
|move|p1a: Goodra|Flamethrower|p2a: Meowscarada
|-supereffective|p2a: Meowscarada
|-damage|p2a: Meowscarada|0 fnt
|faint|p2a: Meowscarada
|
|upkeep
|
|t:|1779848195
|switch|p2a: Dragapult|Dragapult, F|100/100
|turn|25
|
|t:|1779848199
|switch|p1a: Scizor|Scizor, F|100/100
|move|p2a: Dragapult|Dragon Darts|p1a: Scizor
|-resisted|p1a: Scizor
|-damage|p1a: Scizor|84/100
|-anim|p2a: Dragapult|Dragon Darts|p1a: Scizor
|-resisted|p1a: Scizor
|-damage|p1a: Scizor|64/100
|-damage|p2a: Dragapult|91/100|[from] item: Life Orb
|
|upkeep
|turn|26
|
|t:|1779848207
|switch|p2a: Iron Moth|Iron Moth|100/100
|move|p1a: Scizor|U-turn|p2a: Iron Moth
|-resisted|p2a: Iron Moth
|-damage|p2a: Iron Moth|86/100
|
|t:|1779848210
|switch|p1a: Landorus|Landorus-Therian, M, tera:Dragon|46/100|[from] U-turn
|-damage|p1a: Landorus|34/100|[from] Stealth Rock
|-ability|p1a: Landorus|Intimidate|boost
|-unboost|p2a: Iron Moth|atk|1
|
|upkeep
|turn|27
|
|t:|1779848217
|-terastallize|p2a: Iron Moth|Grass
|move|p1a: Landorus|Outrage|p2a: Iron Moth
|-damage|p2a: Iron Moth|0 fnt
|faint|p2a: Iron Moth
|-end|p2a: Iron Moth|Quark Drive|[silent]
|
|upkeep
|
|t:|1779848221
|switch|p2a: Dragapult|Dragapult, F|91/100
|turn|28
|
|t:|1779848223
|move|p2a: Dragapult|Sucker Punch|p1a: Landorus
|-damage|p1a: Landorus|0 fnt
|faint|p1a: Landorus
|-damage|p2a: Dragapult|81/100|[from] item: Life Orb
|
|upkeep
|
|t:|1779848227
|switch|p1a: Scizor|Scizor, F|64/100
|turn|29
|
|t:|1779848231
|move|p2a: Dragapult|Phantom Force||[still]
|-prepare|p2a: Dragapult|Phantom Force
|move|p1a: Scizor|Knock Off|p2a: Dragapult|[miss]
|-miss|p1a: Scizor|p2a: Dragapult
|
|upkeep
|turn|30
|
|t:|1779848239
|switch|p1a: Goodra|Goodra-Hisui, M|42/100
|-damage|p1a: Goodra|36/100|[from] Stealth Rock
|move|p2a: Dragapult|Phantom Force|p1a: Goodra|[from] lockedmove
|-damage|p1a: Goodra|0 fnt
|faint|p1a: Goodra
|-damage|p2a: Dragapult|71/100|[from] item: Life Orb
|
|upkeep
|
|t:|1779848242
|switch|p1a: Scizor|Scizor, F|64/100
|turn|31
|
|t:|1779848244
|move|p1a: Scizor|Bullet Punch|p2a: Dragapult
|-damage|p2a: Dragapult|26/100
|move|p2a: Dragapult|Phantom Force||[still]
|-prepare|p2a: Dragapult|Phantom Force
|
|upkeep
|turn|32
|
|t:|1779848249
|switch|p1a: Alomomola|Alomomola, M|50/100
|move|p2a: Dragapult|Phantom Force|p1a: Alomomola|[from] lockedmove
|-damage|p1a: Alomomola|0 fnt
|faint|p1a: Alomomola
|-damage|p2a: Dragapult|17/100|[from] item: Life Orb
|
|upkeep
|
|t:|1779848251
|switch|p1a: Scizor|Scizor, F|64/100
|turn|33
|
|t:|1779848253
|move|p2a: Dragapult|Sucker Punch|p1a: Scizor
|-damage|p1a: Scizor|30/100
|-damage|p2a: Dragapult|7/100|[from] item: Life Orb
|move|p1a: Scizor|Bullet Punch|p2a: Dragapult
|-damage|p2a: Dragapult|0 fnt
|faint|p2a: Dragapult
|
|win|aaagislash
|raw|aaagislash's rating: 1638 &rarr; <strong>1659</strong><br />(+21 for winning)
|raw|Aguila74's rating: 1661 &rarr; <strong>1640</strong><br />(-21 for losing)
|l|☆Aguila74
|player|p2|
|l| woshiml
