|j|☆vidiva
|j|☆isaac_gam3r
|t:|1779881328
|gametype|singles
|player|p1|vidiva|elesa-masters|1703
|player|p2|isaac_gam3r|acetrainer-gen4dp|1778
|gen|9
|tier|[Gen 9] OU
|rated|
|rule|HP Percentage Mod: HP is shown in percentages
|rule|Endless Battle Clause: Forcing endless battles is banned
|rule|Species Clause: Limit one of each Pokémon
|rule|OHKO Clause: OHKO moves are banned
|rule|Evasion Items Clause: Evasion items are banned
|rule|Evasion Moves Clause: Evasion moves are banned
|rule|Evasion Abilities Clause: Evasion abilities are banned
|rule|Sleep Moves Clause: Sleep-inducing moves are banned
|clearpoke
|poke|p1|Dragonite, M|
|poke|p1|Samurott-Hisui, M|
|poke|p1|Clefable, M|
|poke|p1|Gliscor, F|
|poke|p1|Gholdengo|
|poke|p1|Zamazenta-*|
|poke|p2|Primarina, F|
|poke|p2|Raging Bolt|
|poke|p2|Heatran, M|
|poke|p2|Weezing-Galar, M|
|poke|p2|Garchomp, M|
|poke|p2|Weavile, F|
|teampreview
|inactive|Battle timer is ON: inactive players will automatically lose when time's up. (requested by vidiva)
|inactive|vidiva has 120 seconds left.
|
|t:|1779881364
|teamsize|p1|6
|teamsize|p2|6
|start
|switch|p1a: Gholdengo|Gholdengo|100/100
|switch|p2a: Primarina|Primarina, F, shiny|100/100
|turn|1
|
|t:|1779881371
|move|p1a: Gholdengo|Trick|p2a: Primarina
|-activate|p1a: Gholdengo|move: Trick|[of] p2a: Primarina
|-item|p2a: Primarina|Choice Scarf|[from] move: Trick
|-item|p1a: Gholdengo|Leftovers|[from] move: Trick
|move|p2a: Primarina|Sparkling Aria|p1a: Gholdengo
|-damage|p1a: Gholdengo|36/100
|
|-heal|p1a: Gholdengo|42/100|[from] item: Leftovers
|upkeep
|turn|2
|
|t:|1779881377
|switch|p1a: Samurott|Samurott-Hisui, M|100/100
|move|p2a: Primarina|Sparkling Aria|p1a: Samurott
|-resisted|p1a: Samurott
|-damage|p1a: Samurott|82/100
|
|upkeep
|turn|3
|
|t:|1779881388
|switch|p2a: Weezing|Weezing-Galar, M, shiny|100/100
|move|p1a: Samurott|Knock Off|p2a: Weezing
|-resisted|p2a: Weezing
|-damage|p2a: Weezing|85/100
|-enditem|p2a: Weezing|Black Sludge|[from] move: Knock Off|[of] p1a: Samurott
|
|upkeep
|turn|4
|j| yuureisuisei
|j| hattybatty304
|
|t:|1779881411
|switch|p1a: Gholdengo|Gholdengo|42/100
|move|p2a: Weezing|Strange Steam|p1a: Gholdengo
|-resisted|p1a: Gholdengo
|-damage|p1a: Gholdengo|27/100
|
|-heal|p1a: Gholdengo|34/100|[from] item: Leftovers
|upkeep
|turn|5
|
|t:|1779881418
|switch|p2a: Weavile|Weavile, F|100/100
|-ability|p2a: Weavile|Pressure
|move|p1a: Gholdengo|Recover|p1a: Gholdengo
|-heal|p1a: Gholdengo|84/100
|
|-heal|p1a: Gholdengo|90/100|[from] item: Leftovers
|upkeep
|turn|6
|j| nesnot
|
|t:|1779881425
|switch|p1a: Clefable|Clefable, M|100/100
|move|p2a: Weavile|Knock Off|p1a: Clefable
|-resisted|p1a: Clefable
|-damage|p1a: Clefable|83/100
|-damage|p2a: Weavile|84/100|[from] item: Rocky Helmet|[of] p1a: Clefable
|-enditem|p1a: Clefable|Rocky Helmet|[from] move: Knock Off|[of] p2a: Weavile
|
|upkeep
|turn|7
|
|t:|1779881429
|switch|p2a: Heatran|Heatran, M|100/100
|move|p1a: Clefable|Stealth Rock|p2a: Heatran
|-sidestart|p2: isaac_gam3r|move: Stealth Rock
|
|upkeep
|turn|8
|
|t:|1779881439
|switch|p1a: Samurott|Samurott-Hisui, M|82/100
|move|p2a: Heatran|Flash Cannon|p1a: Samurott
|-resisted|p1a: Samurott
|-damage|p1a: Samurott|64/100
|
|upkeep
|turn|9
|
|t:|1779881446
|switch|p2a: Weezing|Weezing-Galar, M, shiny|85/100
|-damage|p2a: Weezing|73/100|[from] Stealth Rock
|move|p1a: Samurott|Aqua Cutter|p2a: Weezing
|-damage|p2a: Weezing|39/100
|
|upkeep
|turn|10
|
|t:|1779881461
|switch|p2a: Primarina|Primarina, F, shiny|100/100
|-damage|p2a: Primarina|88/100|[from] Stealth Rock
|move|p1a: Samurott|Aqua Cutter|p2a: Primarina
|-resisted|p2a: Primarina
|-damage|p2a: Primarina|61/100
|
|upkeep
|turn|11
|
|t:|1779881470
|move|p2a: Primarina|Draining Kiss|p1a: Samurott
|-supereffective|p1a: Samurott
|-damage|p1a: Samurott|18/100
|-heal|p2a: Primarina|97/100|[from] drain|[of] p1a: Samurott
|move|p1a: Samurott|Ceaseless Edge|p2a: Primarina
|-resisted|p2a: Primarina
|-damage|p2a: Primarina|72/100
|-sidestart|p2: isaac_gam3r|Spikes
|
|upkeep
|turn|12
|
|t:|1779881473
|switch|p1a: Gholdengo|Gholdengo|90/100
|move|p2a: Primarina|Draining Kiss|p1a: Gholdengo
|-resisted|p1a: Gholdengo
|-damage|p1a: Gholdengo|74/100
|-heal|p2a: Primarina|83/100|[from] drain|[of] p1a: Gholdengo
|
|-heal|p1a: Gholdengo|80/100|[from] item: Leftovers
|upkeep
|turn|13
|
|t:|1779881477
|switch|p2a: Heatran|Heatran, M|100/100
|-damage|p2a: Heatran|88/100|[from] Stealth Rock
|-damage|p2a: Heatran|76/100|[from] Spikes
|move|p1a: Gholdengo|Shadow Ball|p2a: Heatran
|-damage|p2a: Heatran|52/100
|
|-heal|p1a: Gholdengo|86/100|[from] item: Leftovers
|upkeep
|turn|14
|
|t:|1779881486
|switch|p1a: Gliscor|Gliscor, F|100/100
|move|p2a: Heatran|Lava Plume|p1a: Gliscor
|-damage|p1a: Gliscor|63/100
|
|-status|p1a: Gliscor|tox|[from] item: Toxic Orb
|upkeep
|turn|15
|
|t:|1779881495
|switch|p2a: Weezing|Weezing-Galar, M, shiny|39/100
|-damage|p2a: Weezing|27/100|[from] Stealth Rock
|move|p1a: Gliscor|Protect||[still]
|-fail|p1a: Gliscor
|
|-heal|p1a: Gliscor|75/100 tox|[from] ability: Poison Heal
|upkeep
|turn|16
|
|t:|1779881504
|move|p1a: Gliscor|Swords Dance|p1a: Gliscor
|-boost|p1a: Gliscor|atk|2
|move|p2a: Weezing|Defog|p1a: Gliscor
|-unboost|p1a: Gliscor|evasion|1
|-sideend|p2: isaac_gam3r|Spikes|[from] move: Defog|[of] p2a: Weezing
|-sideend|p2: isaac_gam3r|Stealth Rock|[from] move: Defog|[of] p2a: Weezing
|
|-heal|p1a: Gliscor|88/100 tox|[from] ability: Poison Heal
|upkeep
|turn|17
|
|t:|1779881507
|move|p1a: Gliscor|Facade|p2a: Weezing
|-damage|p2a: Weezing|0 fnt
|faint|p2a: Weezing
|
|-heal|p1a: Gliscor|100/100 tox|[from] ability: Poison Heal
|upkeep
|
|t:|1779881510
|switch|p2a: Primarina|Primarina, F, shiny|83/100
|turn|18
|
|t:|1779881530
|-terastallize|p1a: Gliscor|Normal
|move|p1a: Gliscor|Facade|p2a: Primarina
|-damage|p2a: Primarina|0 fnt
|faint|p2a: Primarina
|
|upkeep
|
|t:|1779881542
|switch|p2a: Garchomp|Garchomp, M|100/100
|turn|19
|
|t:|1779881548
|-terastallize|p2a: Garchomp|Dragon
|move|p2a: Garchomp|Outrage|p1a: Gliscor
|-damage|p1a: Gliscor|33/100 tox
|move|p1a: Gliscor|Facade|p2a: Garchomp
|-damage|p2a: Garchomp|2/100
|-damage|p1a: Gliscor|20/100 tox|[from] ability: Rough Skin|[of] p2a: Garchomp
|
|-heal|p1a: Gliscor|33/100 tox|[from] ability: Poison Heal
|upkeep
|turn|20
|
|t:|1779881553
|move|p1a: Gliscor|Protect|p1a: Gliscor
|-singleturn|p1a: Gliscor|Protect
|move|p2a: Garchomp|Outrage|p1a: Gliscor|[from] lockedmove
|-activate|p1a: Gliscor|move: Protect
|
|-heal|p1a: Gliscor|45/100 tox|[from] ability: Poison Heal
|upkeep
|turn|21
|
|t:|1779881557
|switch|p1a: Clefable|Clefable, M|83/100
|move|p2a: Garchomp|Outrage|p1a: Clefable
|-immune|p1a: Clefable
|
|upkeep
|turn|22
|
|t:|1779881560
|switch|p2a: Heatran|Heatran, M|52/100
|move|p1a: Clefable|Stealth Rock|p2a: Heatran
|-sidestart|p2: isaac_gam3r|move: Stealth Rock
|
|upkeep
|turn|23
|
|t:|1779881567
|switch|p1a: Samurott|Samurott-Hisui, M|18/100
|move|p2a: Heatran|Flash Cannon|p1a: Samurott
|-resisted|p1a: Samurott
|-damage|p1a: Samurott|3/100
|-unboost|p1a: Samurott|spd|1
|
|upkeep
|turn|24
|
|t:|1779881572
|move|p1a: Samurott|Aqua Cutter|p2a: Heatran
|-supereffective|p2a: Heatran
|-damage|p2a: Heatran|0 fnt
|faint|p2a: Heatran
|
|upkeep
|
|t:|1779881575
|switch|p2a: Weavile|Weavile, F|84/100
|-damage|p2a: Weavile|59/100|[from] Stealth Rock
|-ability|p2a: Weavile|Pressure
|turn|25
|l| nesnot
|
|t:|1779881578
|move|p2a: Weavile|Ice Shard|p1a: Samurott
|-resisted|p1a: Samurott
|-damage|p1a: Samurott|0 fnt
|faint|p1a: Samurott
|
|upkeep
|
|t:|1779881583
|switch|p1a: Zamazenta|Zamazenta|100/100
|-ability|p1a: Zamazenta|Dauntless Shield|boost
|-boost|p1a: Zamazenta|def|1
|turn|26
|j| nesnot
|l| nesnot
|
|t:|1779881585
|switch|p2a: Raging Bolt|Raging Bolt|100/100
|-damage|p2a: Raging Bolt|88/100|[from] Stealth Rock
|move|p1a: Zamazenta|Iron Defense|p1a: Zamazenta
|-boost|p1a: Zamazenta|def|2
|
|-heal|p2a: Raging Bolt|94/100|[from] item: Leftovers
|upkeep
|turn|27
|
|t:|1779881588
|move|p1a: Zamazenta|Body Press|p2a: Raging Bolt
|-damage|p2a: Raging Bolt|24/100
|move|p2a: Raging Bolt|Calm Mind|p2a: Raging Bolt
|-boost|p2a: Raging Bolt|spa|1
|-boost|p2a: Raging Bolt|spd|1
|
|-heal|p2a: Raging Bolt|30/100|[from] item: Leftovers
|upkeep
|turn|28
|
|t:|1779881590
|move|p2a: Raging Bolt|Thunderclap|p1a: Zamazenta
|-damage|p1a: Zamazenta|37/100
|move|p1a: Zamazenta|Body Press|p2a: Raging Bolt
|-damage|p2a: Raging Bolt|0 fnt
|faint|p2a: Raging Bolt
|-end|p2a: Raging Bolt|Protosynthesis|[silent]
|
|-heal|p1a: Zamazenta|44/100|[from] item: Leftovers
|upkeep
|
|t:|1779881592
|switch|p2a: Garchomp|Garchomp, M, tera:Dragon|2/100
|-damage|p2a: Garchomp|0 fnt|[from] Stealth Rock
|faint|p2a: Garchomp
|
|t:|1779881593
|switch|p2a: Weavile|Weavile, F|59/100
|-damage|p2a: Weavile|34/100|[from] Stealth Rock
|-ability|p2a: Weavile|Pressure
|turn|29
|
|t:|1779881597
|move|p1a: Zamazenta|Body Press|p2a: Weavile
|-supereffective|p2a: Weavile
|-damage|p2a: Weavile|0 fnt
|faint|p2a: Weavile
|
|win|vidiva
|raw|vidiva's rating: 1703 &rarr; <strong>1727</strong><br />(+24 for winning)
|raw|isaac_gam3r's rating: 1778 &rarr; <strong>1754</strong><br />(-24 for losing)
|l|☆isaac_gam3r
|player|p2|
|l|☆vidiva
|player|p1|
|l| yuureisuisei
|l| hattybatty304
