|j|☆ToyouDuck
|j|☆Ragged_Rag_King
|t:|1779900620
|gametype|singles
|player|p1|ToyouDuck|lass-gen4dp|1078
|player|p2|Ragged_Rag_King|fisherman-gen4|1094
|gen|9
|tier|[Gen 9] OU
|rated|
|rule|HP Percentage Mod: HP is shown in percentages
|rule|Endless Battle Clause: Forcing endless battles is banned
|rule|Species Clause: Limit one of each Pokémon
|rule|OHKO Clause: OHKO moves are banned
|rule|Evasion Items Clause: Evasion items are banned
|rule|Evasion Moves Clause: Evasion moves are banned
|rule|Evasion Abilities Clause: Evasion abilities are banned
|rule|Sleep Moves Clause: Sleep-inducing moves are banned
|clearpoke
|poke|p1|Moltres|
|poke|p1|Staraptor, M|
|poke|p1|Bruxish, M|
|poke|p1|Probopass, M|
|poke|p1|Gengar, M|
|poke|p1|Donphan, M|
|poke|p2|Orthworm, M|
|poke|p2|Chandelure, M|
|poke|p2|Zebstrika, M|
|poke|p2|Gastrodon-East, M|
|poke|p2|Pawmot, M|
|poke|p2|Clodsire, M|
|teampreview
|
|t:|1779900629
|teamsize|p1|6
|teamsize|p2|6
|start
|switch|p1a: Probopass|Probopass, M, shiny|100/100
|switch|p2a: Gastrodon|Gastrodon-East, M|100/100
|turn|1
|
|t:|1779900641
|move|p1a: Probopass|Tri Attack|p2a: Gastrodon
|-damage|p2a: Gastrodon|82/100
|move|p2a: Gastrodon|Stealth Rock|p1a: Probopass
|-sidestart|p1: ToyouDuck|move: Stealth Rock
|
|upkeep
|turn|2
|
|t:|1779900647
|move|p1a: Probopass|Tri Attack|p2a: Gastrodon
|-damage|p2a: Gastrodon|62/100
|move|p2a: Gastrodon|Earthquake|p1a: Probopass
|-supereffective|p1a: Probopass
|-damage|p1a: Probopass|13/100
|
|upkeep
|turn|3
|
|t:|1779900655
|move|p1a: Probopass|Earth Power|p2a: Gastrodon
|-damage|p2a: Gastrodon|41/100
|move|p2a: Gastrodon|Earthquake|p1a: Probopass
|-supereffective|p1a: Probopass
|-damage|p1a: Probopass|0 fnt
|faint|p1a: Probopass
|
|upkeep
|
|t:|1779900667
|switch|p1a: Gengar|Gengar, M, shiny|100/100
|-damage|p1a: Gengar|88/100|[from] Stealth Rock
|turn|4
|
|t:|1779900673
|move|p1a: Gengar|Giga Drain|p2a: Gastrodon
|-supereffective|p2a: Gastrodon
|-damage|p2a: Gastrodon|0 fnt
|-heal|p1a: Gengar|100/100|[from] drain|[of] p2a: Gastrodon
|faint|p2a: Gastrodon
|
|upkeep
|
|t:|1779900691
|switch|p2a: Zebstrika|Zebstrika, M|100/100
|turn|5
|
|t:|1779900696
|move|p2a: Zebstrika|High Horsepower|p1a: Gengar
|-supereffective|p1a: Gengar
|-damage|p1a: Gengar|11/100
|move|p1a: Gengar|Giga Drain|p2a: Zebstrika
|-ability|p2a: Zebstrika|Sap Sipper|boost
|-boost|p2a: Zebstrika|atk|1
|
|upkeep
|turn|6
|
|t:|1779900710
|switch|p1a: Donphan|Donphan, M|100/100
|-damage|p1a: Donphan|94/100|[from] Stealth Rock
|move|p2a: Zebstrika|Flame Charge|p1a: Donphan
|-damage|p1a: Donphan|78/100
|-boost|p2a: Zebstrika|spe|1
|
|upkeep
|turn|7
|
|t:|1779900721
|move|p2a: Zebstrika|Protect|p2a: Zebstrika
|-singleturn|p2a: Zebstrika|Protect
|move|p1a: Donphan|Earthquake|p2a: Zebstrika
|-activate|p2a: Zebstrika|move: Protect
|
|upkeep
|turn|8
|
|t:|1779900730
|switch|p2a: Orthworm|Orthworm, M|100/100
|move|p1a: Donphan|Earthquake|p2a: Orthworm
|-immune|p2a: Orthworm|[from] ability: Earth Eater
|
|upkeep
|turn|9
|
|t:|1779900743
|switch|p1a: Moltres|Moltres|100/100
|-damage|p1a: Moltres|50/100|[from] Stealth Rock
|move|p2a: Orthworm|Curse|p2a: Orthworm
|-unboost|p2a: Orthworm|spe|1
|-boost|p2a: Orthworm|atk|1
|-boost|p2a: Orthworm|def|1
|
|upkeep
|turn|10
|
|t:|1779900759
|move|p1a: Moltres|Ancient Power|p2a: Orthworm
|-resisted|p2a: Orthworm
|-damage|p2a: Orthworm|84/100
|move|p2a: Orthworm|Body Slam|p1a: Moltres
|-damage|p1a: Moltres|19/100
|-status|p1a: Moltres|par
|-enditem|p1a: Moltres|Salac Berry|[eat]
|-boost|p1a: Moltres|spe|1|[from] item: Salac Berry
|
|-heal|p2a: Orthworm|90/100|[from] item: Leftovers
|upkeep
|turn|11
|
|t:|1779900770
|move|p1a: Moltres|Heat Wave|p2a: Orthworm
|-supereffective|p2a: Orthworm
|-damage|p2a: Orthworm|0 fnt
|faint|p2a: Orthworm
|
|upkeep
|
|t:|1779900779
|switch|p2a: Chandelure|Chandelure, M|100/100
|turn|12
|
|t:|1779900784
|move|p2a: Chandelure|Shadow Ball|p1a: Moltres
|-damage|p1a: Moltres|0 fnt
|faint|p1a: Moltres
|
|upkeep
|
|t:|1779900790
|switch|p1a: Bruxish|Bruxish, M|100/100
|-damage|p1a: Bruxish|88/100|[from] Stealth Rock
|turn|13
|
|t:|1779900798
|-terastallize|p1a: Bruxish|Water
|move|p2a: Chandelure|Shadow Ball|p1a: Bruxish
|-damage|p1a: Bruxish|30/100
|move|p1a: Bruxish|Crunch|p2a: Chandelure
|-supereffective|p2a: Chandelure
|-damage|p2a: Chandelure|0 fnt
|faint|p2a: Chandelure
|
|upkeep
|
|t:|1779900807
|switch|p2a: Pawmot|Pawmot, M|100/100
|turn|14
|
|t:|1779900814
|move|p2a: Pawmot|Revival Blessing|p2a: Pawmot
|
|t:|1779900822
|-heal|p2: Chandelure|50/100|[from] move: Revival Blessing
|move|p1a: Bruxish|Psychic Fangs|p2a: Pawmot
|-supereffective|p2a: Pawmot
|-crit|p2a: Pawmot
|-damage|p2a: Pawmot|0 fnt
|faint|p2a: Pawmot
|
|upkeep
|
|t:|1779900830
|switch|p2a: Chandelure|Chandelure, M|50/100
|turn|15
|
|t:|1779900836
|move|p2a: Chandelure|Shadow Ball|p1a: Bruxish
|-damage|p1a: Bruxish|0 fnt
|faint|p1a: Bruxish
|
|upkeep
|
|t:|1779900845
|switch|p1a: Donphan|Donphan, M|78/100
|-damage|p1a: Donphan|72/100|[from] Stealth Rock
|turn|16
|
|t:|1779900855
|move|p2a: Chandelure|Shadow Ball|p1a: Donphan
|-damage|p1a: Donphan|34/100
|move|p1a: Donphan|Earthquake|p2a: Chandelure
|-supereffective|p2a: Chandelure
|-damage|p2a: Chandelure|0 fnt
|faint|p2a: Chandelure
|
|upkeep
|
|t:|1779900866
|switch|p2a: Zebstrika|Zebstrika, M|100/100
|turn|17
|
|t:|1779900872
|move|p2a: Zebstrika|High Horsepower|p1a: Donphan
|-damage|p1a: Donphan|15/100
|move|p1a: Donphan|Earthquake|p2a: Zebstrika
|-supereffective|p2a: Zebstrika
|-crit|p2a: Zebstrika
|-damage|p2a: Zebstrika|0 fnt
|faint|p2a: Zebstrika
|
|upkeep
|
|t:|1779900879
|switch|p2a: Clodsire|Clodsire, M|100/100
|turn|18
|
|t:|1779900883
|-terastallize|p2a: Clodsire|Dark
|move|p1a: Donphan|Earthquake|p2a: Clodsire
|-damage|p2a: Clodsire|60/100
|move|p2a: Clodsire|Earthquake|p1a: Donphan
|-damage|p1a: Donphan|0 fnt
|faint|p1a: Donphan
|
|-heal|p2a: Clodsire|66/100|[from] item: Leftovers
|upkeep
|
|t:|1779900895
|switch|p1a: Gengar|Gengar, M, shiny|11/100
|-damage|p1a: Gengar|0 fnt|[from] Stealth Rock
|faint|p1a: Gengar
|
|t:|1779900903
|switch|p1a: Staraptor|Staraptor, M, shiny|100/100
|-damage|p1a: Staraptor|76/100|[from] Stealth Rock
|turn|19
|
|t:|1779900915
|move|p1a: Staraptor|Fury Attack|p2a: Clodsire
|-damage|p2a: Clodsire|60/100
|-damage|p2a: Clodsire|54/100
|-damage|p2a: Clodsire|48/100
|-damage|p2a: Clodsire|42/100
|-hitcount|p2a: Clodsire|4
|move|p2a: Clodsire|Toxic|p1a: Staraptor
|-status|p1a: Staraptor|tox
|
|-heal|p2a: Clodsire|48/100|[from] item: Leftovers
|-damage|p1a: Staraptor|70/100 tox|[from] psn
|upkeep
|turn|20
|
|t:|1779900928
|move|p1a: Staraptor|Fury Attack|p2a: Clodsire
|-damage|p2a: Clodsire|42/100
|-damage|p2a: Clodsire|36/100
|-damage|p2a: Clodsire|30/100
|-damage|p2a: Clodsire|24/100
|-damage|p2a: Clodsire|18/100
|-hitcount|p2a: Clodsire|5
|move|p2a: Clodsire|Recover|p2a: Clodsire
|-heal|p2a: Clodsire|68/100
|
|-heal|p2a: Clodsire|74/100|[from] item: Leftovers
|-damage|p1a: Staraptor|58/100 tox|[from] psn
|upkeep
|turn|21
|
|t:|1779900960
|move|p1a: Staraptor|Double-Edge|p2a: Clodsire
|-damage|p2a: Clodsire|22/100
|-damage|p1a: Staraptor|32/100 tox|[from] Recoil
|move|p2a: Clodsire|Recover|p2a: Clodsire
|-heal|p2a: Clodsire|72/100
|
|-heal|p2a: Clodsire|78/100|[from] item: Leftovers
|-damage|p1a: Staraptor|14/100 tox|[from] psn
|upkeep
|turn|22
|
|t:|1779900970
|move|p1a: Staraptor|Giga Impact|p2a: Clodsire
|-damage|p2a: Clodsire|16/100
|-mustrecharge|p1a: Staraptor
|move|p2a: Clodsire|Recover|p2a: Clodsire
|-heal|p2a: Clodsire|66/100
|
|-heal|p2a: Clodsire|72/100|[from] item: Leftovers
|-damage|p1a: Staraptor|0 fnt|[from] psn
|faint|p1a: Staraptor
|
|win|Ragged_Rag_King
|raw|ToyouDuck's rating: 1078 &rarr; <strong>1057</strong><br />(-21 for losing)
|raw|Ragged_Rag_King's rating: 1094 &rarr; <strong>1119</strong><br />(+25 for winning)
|l|☆ToyouDuck
|player|p1|
|l|☆Ragged_Rag_King
|player|p2|
