|j|☆pepinoloko
|j|☆Humerus_Skelepun
|t:|1779915556
|gametype|singles
|player|p1|pepinoloko|byron|1518
|player|p2|Humerus_Skelepun|169|1468
|gen|9
|tier|[Gen 9] OU
|rated|
|rule|HP Percentage Mod: HP is shown in percentages
|rule|Endless Battle Clause: Forcing endless battles is banned
|rule|Species Clause: Limit one of each Pokémon
|rule|OHKO Clause: OHKO moves are banned
|rule|Evasion Items Clause: Evasion items are banned
|rule|Evasion Moves Clause: Evasion moves are banned
|rule|Evasion Abilities Clause: Evasion abilities are banned
|rule|Sleep Moves Clause: Sleep-inducing moves are banned
|clearpoke
|poke|p1|Salazzle, F|
|poke|p1|Zoroark-Hisui, F|
|poke|p1|Cinderace, F|
|poke|p1|Toxapex, M|
|poke|p1|Chesnaught, F|
|poke|p1|Grimmsnarl, M|
|poke|p2|Amoonguss, M|
|poke|p2|Toxapex, F|
|poke|p2|Corviknight, M|
|poke|p2|Dondozo, F|
|poke|p2|Blissey, F|
|poke|p2|Gliscor, F|
|teampreview
|inactive|Battle timer is ON: inactive players will automatically lose when time's up. (requested by Humerus_Skelepun)
|
|t:|1779915571
|teamsize|p1|6
|teamsize|p2|6
|start
|switch|p1a: Forgive|Salazzle, F|100/100
|switch|p2a: Toxapex|Toxapex, F|100/100
|turn|1
|
|t:|1779915577
|switch|p2a: Blissey|Blissey, F|100/100
|move|p1a: Forgive|Toxic|p2a: Blissey
|-status|p2a: Blissey|tox
|
|-damage|p2a: Blissey|94/100 tox|[from] psn
|upkeep
|turn|2
|
|t:|1779915580
|move|p1a: Forgive|Substitute|p1a: Forgive
|-start|p1a: Forgive|Substitute
|-damage|p1a: Forgive|76/100
|move|p2a: Blissey|Stealth Rock|p1a: Forgive
|-sidestart|p1: pepinoloko|move: Stealth Rock
|
|-heal|p1a: Forgive|82/100|[from] item: Leftovers
|-damage|p2a: Blissey|82/100 tox|[from] psn
|upkeep
|turn|3
|
|t:|1779915585
|-curestatus|p2a: Blissey|tox|[from] ability: Natural Cure|[silent]
|switch|p2a: Gliscor|Gliscor, F|100/100
|move|p1a: Forgive|Flamethrower|p2a: Gliscor
|-damage|p2a: Gliscor|68/100
|
|-heal|p1a: Forgive|88/100|[from] item: Leftovers
|-status|p2a: Gliscor|tox|[from] item: Toxic Orb
|upkeep
|turn|4
|
|t:|1779915592
|move|p2a: Gliscor|Protect|p2a: Gliscor
|-singleturn|p2a: Gliscor|Protect
|move|p1a: Forgive|Flamethrower|p2a: Gliscor
|-activate|p2a: Gliscor|move: Protect
|
|-heal|p1a: Forgive|94/100|[from] item: Leftovers
|-heal|p2a: Gliscor|81/100 tox|[from] ability: Poison Heal
|upkeep
|turn|5
|
|t:|1779915596
|move|p1a: Forgive|Encore|p2a: Gliscor
|-start|p2a: Gliscor|Encore
|move|p2a: Gliscor|Protect||[still]
|-fail|p2a: Gliscor
|
|-heal|p1a: Forgive|100/100|[from] item: Leftovers
|-heal|p2a: Gliscor|93/100 tox|[from] ability: Poison Heal
|upkeep
|turn|6
|
|t:|1779915600
|switch|p1a: I U-turn on U|Cinderace, F|100/100
|switch|p2a: Blissey|Blissey, F|82/100
|
|upkeep
|turn|7
|
|t:|1779915605
|switch|p2a: Toxapex|Toxapex, F|100/100
|move|p1a: I U-turn on U|Pyro Ball|p2a: Toxapex|[miss]
|-miss|p1a: I U-turn on U|p2a: Toxapex
|
|upkeep
|turn|8
|
|t:|1779915609
|move|p1a: I U-turn on U|Court Change|p1a: I U-turn on U
|-start|p1a: I U-turn on U|typechange|Normal|[from] ability: Libero
|-swapsideconditions
|-activate|p1a: I U-turn on U|move: Court Change
|move|p2a: Toxapex|Toxic|p1a: I U-turn on U
|-status|p1a: I U-turn on U|tox
|
|-damage|p1a: I U-turn on U|95/100 tox|[from] psn
|upkeep
|turn|9
|
|t:|1779915615
|move|p2a: Toxapex|Baneful Bunker|p2a: Toxapex
|-singleturn|p2a: Toxapex|move: Protect
|move|p1a: I U-turn on U|U-turn|p2a: Toxapex
|-activate|p2a: Toxapex|move: Protect
|
|-damage|p1a: I U-turn on U|83/100 tox|[from] psn
|upkeep
|turn|10
|
|t:|1779915622
|move|p1a: I U-turn on U|U-turn|p2a: Toxapex
|-resisted|p2a: Toxapex
|-damage|p2a: Toxapex|93/100
|
|t:|1779915633
|switch|p1a: Sin poisons|Toxapex, M, shiny|100/100|[from] U-turn
|move|p2a: Toxapex|Toxic|p1a: Sin poisons
|-immune|p1a: Sin poisons
|
|upkeep
|turn|11
|
|t:|1779915636
|switch|p2a: Blissey|Blissey, F|82/100
|switch|p1a: Love has a name|Grimmsnarl, M|100/100
|
|upkeep
|turn|12
|
|t:|1779915639
|move|p1a: Love has a name|Trick|p2a: Blissey
|-activate|p1a: Love has a name|move: Trick|[of] p2a: Blissey
|-item|p2a: Blissey|Choice Scarf|[from] move: Trick
|-item|p1a: Love has a name|Heavy-Duty Boots|[from] move: Trick
|move|p2a: Blissey|Stealth Rock|p1a: Love has a name
|-sidestart|p1: pepinoloko|move: Stealth Rock
|
|upkeep
|turn|13
|
|t:|1779915650
|switch|p2a: Toxapex|Toxapex, F|100/100
|switch|p1a: Chesnaught|Chesnaught, F|100/100
|-damage|p1a: Chesnaught|88/100|[from] Stealth Rock
|
|upkeep
|turn|14
|
|t:|1779915654
|switch|p1a: Sin poisons|Toxapex, M, shiny|100/100
|-damage|p1a: Sin poisons|88/100|[from] Stealth Rock
|move|p2a: Toxapex|Toxic|p1a: Sin poisons
|-immune|p1a: Sin poisons
|
|-heal|p1a: Sin poisons|94/100|[from] item: Leftovers
|upkeep
|turn|15
|l|☆pepinoloko
|inactive|pepinoloko disconnected and has a minute to reconnect!
|player|p1|
|inactive|pepinoloko has 30 seconds to reconnect!
|inactive|pepinoloko has 20 seconds to reconnect!
|inactive|pepinoloko has 15 seconds to reconnect!
|inactive|pepinoloko has 10 seconds to reconnect!
|inactive|pepinoloko has 5 seconds to reconnect!
|-message|pepinoloko lost due to inactivity.
|
|win|Humerus_Skelepun
|raw|pepinoloko's rating: 1518 &rarr; <strong>1495</strong><br />(-23 for losing)
|raw|Humerus_Skelepun's rating: 1468 &rarr; <strong>1491</strong><br />(+23 for winning)
