|j|☆zxrkawa
|j|☆Curbs
|t:|1779895761
|gametype|singles
|player|p1|zxrkawa|elesa|1547
|player|p2|Curbs|n|1599
|gen|9
|tier|[Gen 9] OU
|rated|
|rule|HP Percentage Mod: HP is shown in percentages
|rule|Endless Battle Clause: Forcing endless battles is banned
|rule|Species Clause: Limit one of each Pokémon
|rule|OHKO Clause: OHKO moves are banned
|rule|Evasion Items Clause: Evasion items are banned
|rule|Evasion Moves Clause: Evasion moves are banned
|rule|Evasion Abilities Clause: Evasion abilities are banned
|rule|Sleep Moves Clause: Sleep-inducing moves are banned
|clearpoke
|poke|p1|Meowscarada, M|
|poke|p1|Pecharunt|
|poke|p1|Enamorus, F|
|poke|p1|Iron Treads|
|poke|p1|Skarmory, F|
|poke|p1|Slowking, F|
|poke|p2|Iron Moth|
|poke|p2|Gliscor, M|
|poke|p2|Hatterene, F|
|poke|p2|Ogerpon-Wellspring, F|
|poke|p2|Raging Bolt|
|poke|p2|Zamazenta-*|
|teampreview
|inactive|Battle timer is ON: inactive players will automatically lose when time's up. (requested by Curbs)
|inactive|zxrkawa also wants the timer to be on.
|
|t:|1779895777
|teamsize|p1|6
|teamsize|p2|6
|start
|switch|p1a: Meowscarada|Meowscarada, M|100/100
|switch|p2a: Zamazenta|Zamazenta|100/100
|-ability|p2a: Zamazenta|Dauntless Shield|boost
|-boost|p2a: Zamazenta|def|1
|turn|1
|
|t:|1779895787
|switch|p1a: Pecharunt|Pecharunt|100/100
|move|p2a: Zamazenta|Light Screen|p2a: Zamazenta
|-sidestart|p2: Curbs|move: Light Screen
|
|upkeep
|turn|2
|
|t:|1779895792
|switch|p2a: Gliscor|Gliscor, M|100/100
|move|p1a: Pecharunt|Malignant Chain|p2a: Gliscor
|-resisted|p2a: Gliscor
|-damage|p2a: Gliscor|90/100
|-status|p2a: Gliscor|tox
|-start|p2a: Gliscor|confusion|[from] ability: Poison Puppeteer|[of] p1a: Pecharunt
|
|-heal|p2a: Gliscor|100/100 tox|[from] ability: Poison Heal
|upkeep
|turn|3
|
|t:|1779895803
|-activate|p2a: Gliscor|confusion
|move|p2a: Gliscor|Facade|p1a: Pecharunt
|-immune|p1a: Pecharunt
|move|p1a: Pecharunt|Parting Shot|p2a: Gliscor
|-unboost|p2a: Gliscor|atk|1
|-unboost|p2a: Gliscor|spa|1
|
|t:|1779895808
|switch|p1a: Meowscarada|Meowscarada, M|100/100|[from] Parting Shot
|
|upkeep
|turn|4
|
|t:|1779895822
|switch|p2a: Iron Moth|Iron Moth|100/100
|-enditem|p2a: Iron Moth|Booster Energy
|-activate|p2a: Iron Moth|ability: Quark Drive|[fromitem]
|-start|p2a: Iron Moth|quarkdrivespe
|move|p1a: Meowscarada|Triple Axel|p2a: Iron Moth
|-start|p1a: Meowscarada|typechange|Ice|[from] ability: Protean
|-resisted|p2a: Iron Moth
|-damage|p2a: Iron Moth|90/100
|-resisted|p2a: Iron Moth
|-damage|p2a: Iron Moth|69/100
|-hitcount|p2a: Iron Moth|2
|
|upkeep
|turn|5
|
|t:|1779895834
|switch|p1a: Slowking|Slowking, F|100/100
|move|p2a: Iron Moth|Fiery Dance|p1a: Slowking
|-resisted|p1a: Slowking
|-damage|p1a: Slowking|92/100
|
|upkeep
|turn|6
|
|t:|1779895841
|move|p2a: Iron Moth|Toxic Spikes|p1a: Slowking
|-sidestart|p1: zxrkawa|move: Toxic Spikes
|move|p1a: Slowking|Scald|p2a: Iron Moth
|-supereffective|p2a: Iron Moth
|-damage|p2a: Iron Moth|40/100
|
|upkeep
|turn|7
|
|t:|1779895846
|-end|p2a: Iron Moth|Quark Drive|[silent]
|switch|p2a: Zamazenta|Zamazenta|100/100
|move|p1a: Slowking|Scald|p2a: Zamazenta
|-damage|p2a: Zamazenta|89/100
|-status|p2a: Zamazenta|brn
|
|-damage|p2a: Zamazenta|83/100 brn|[from] brn
|upkeep
|turn|8
|
|t:|1779895850
|switch|p1a: Pecharunt|Pecharunt|100/100
|-sideend|p1: zxrkawa|move: Toxic Spikes|[of] p1a: Pecharunt
|move|p2a: Zamazenta|Reflect|p2a: Zamazenta
|-sidestart|p2: Curbs|Reflect
|
|-damage|p2a: Zamazenta|76/100 brn|[from] brn
|-sideend|p2: Curbs|move: Light Screen
|upkeep
|turn|9
|
|t:|1779895858
|move|p2a: Zamazenta|Light Screen|p2a: Zamazenta
|-sidestart|p2: Curbs|move: Light Screen
|move|p1a: Pecharunt|Parting Shot|p2a: Zamazenta
|-unboost|p2a: Zamazenta|atk|1
|-unboost|p2a: Zamazenta|spa|1
|
|t:|1779895865
|switch|p1a: Enamorus|Enamorus, F|100/100|[from] Parting Shot
|
|-damage|p2a: Zamazenta|70/100 brn|[from] brn
|upkeep
|turn|10
|
|t:|1779895874
|switch|p2a: Iron Moth|Iron Moth|40/100
|move|p1a: Enamorus|Moonblast|p2a: Iron Moth
|-resisted|p2a: Iron Moth
|-damage|p2a: Iron Moth|33/100
|
|upkeep
|turn|11
|
|t:|1779895884
|switch|p1a: Slowking|Slowking, F|100/100
|-end|p2a: Iron Moth|Quark Drive|[silent]
|switch|p2a: Ogerpon|Ogerpon-Wellspring, F|100/100
|
|upkeep
|turn|12
|
|t:|1779895887
|switch|p1a: Pecharunt|Pecharunt|100/100
|move|p2a: Ogerpon|Swords Dance|p2a: Ogerpon
|-boost|p2a: Ogerpon|atk|2
|
|upkeep
|turn|13
|
|t:|1779895896
|-terastallize|p2a: Ogerpon|Water
|detailschange|p2a: Ogerpon|Ogerpon-Wellspring-Tera, F, tera:Water
|-ability|p2a: Ogerpon|Embody Aspect (Wellspring)|boost
|-boost|p2a: Ogerpon|spd|1
|move|p2a: Ogerpon|Ivy Cudgel|p1a: Pecharunt|[anim] Ivy Cudgel Water
|-damage|p1a: Pecharunt|25/100
|move|p1a: Pecharunt|Malignant Chain|p2a: Ogerpon
|-damage|p2a: Ogerpon|89/100
|-status|p2a: Ogerpon|tox
|-start|p2a: Ogerpon|confusion|[from] ability: Poison Puppeteer|[of] p1a: Pecharunt
|
|-damage|p2a: Ogerpon|83/100 tox|[from] psn
|upkeep
|turn|14
|
|t:|1779895911
|-activate|p2a: Ogerpon|confusion
|move|p2a: Ogerpon|Ivy Cudgel|p1a: Pecharunt|[anim] Ivy Cudgel Water
|-damage|p1a: Pecharunt|0 fnt
|faint|p1a: Pecharunt
|
|-damage|p2a: Ogerpon|71/100 tox|[from] psn
|upkeep
|
|t:|1779895916
|switch|p1a: Skarmory|Skarmory, F|100/100
|turn|15
|
|t:|1779895923
|-end|p2a: Ogerpon|confusion
|move|p2a: Ogerpon|Ivy Cudgel|p1a: Skarmory|[anim] Ivy Cudgel Water
|-crit|p1a: Skarmory
|-ability|p1a: Skarmory|Sturdy
|-damage|p1a: Skarmory|1/100
|move|p1a: Skarmory|Spikes|p2a: Ogerpon
|-sidestart|p2: Curbs|Spikes
|
|-damage|p2a: Ogerpon|53/100 tox|[from] psn
|-sideend|p2: Curbs|Reflect
|upkeep
|turn|16
|
|t:|1779895933
|move|p2a: Ogerpon|Trailblaze|p1a: Skarmory
|-resisted|p1a: Skarmory
|-damage|p1a: Skarmory|0 fnt
|-boost|p2a: Ogerpon|spe|1
|faint|p1a: Skarmory
|
|-damage|p2a: Ogerpon|29/100 tox|[from] psn
|-sideend|p2: Curbs|move: Light Screen
|upkeep
|
|t:|1779895947
|switch|p1a: Iron Treads|Iron Treads|100/100
|turn|17
|
|t:|1779895952
|-end|p1a: Iron Treads|Quark Drive|[silent]
|switch|p1a: Slowking|Slowking, F|100/100
|move|p2a: Ogerpon|Trailblaze|p1a: Slowking
|-supereffective|p1a: Slowking
|-damage|p1a: Slowking|0 fnt
|-boost|p2a: Ogerpon|spe|1
|faint|p1a: Slowking
|
|-damage|p2a: Ogerpon|0 fnt|[from] psn
|faint|p2a: Ogerpon
|detailschange|p2: Ogerpon|Ogerpon-Wellspring, F|[silent]
|upkeep
|
|t:|1779895961
|switch|p2a: Zamazenta|Zamazenta|70/100 brn
|switch|p1a: Meowscarada|Meowscarada, M|100/100
|-damage|p2a: Zamazenta|58/100 brn|[from] Spikes
|turn|18
|
|t:|1779895964
|move|p2a: Zamazenta|Reflect|p2a: Zamazenta
|-sidestart|p2: Curbs|Reflect
|move|p1a: Meowscarada|Flower Trick|p2a: Zamazenta
|-start|p1a: Meowscarada|typechange|Grass|[from] ability: Protean
|-crit|p2a: Zamazenta
|-damage|p2a: Zamazenta|4/100 brn
|
|-damage|p2a: Zamazenta|0 fnt|[from] brn
|faint|p2a: Zamazenta
|upkeep
|
|t:|1779895974
|switch|p2a: Iron Moth|Iron Moth|33/100
|-damage|p2a: Iron Moth|21/100|[from] Spikes
|turn|19
|inactive|zxrkawa has 120 seconds left.
|
|t:|1779896010
|move|p1a: Meowscarada|Flower Trick|p2a: Iron Moth
|-resisted|p2a: Iron Moth
|-crit|p2a: Iron Moth
|-damage|p2a: Iron Moth|0 fnt
|faint|p2a: Iron Moth
|-end|p2a: Iron Moth|Quark Drive|[silent]
|
|upkeep
|
|t:|1779896023
|switch|p2a: Raging Bolt|Raging Bolt|100/100
|-damage|p2a: Raging Bolt|88/100|[from] Spikes
|-enditem|p2a: Raging Bolt|Booster Energy
|-activate|p2a: Raging Bolt|ability: Protosynthesis|[fromitem]
|-start|p2a: Raging Bolt|protosynthesisspa
|turn|20
|
|t:|1779896030
|switch|p1a: Iron Treads|Iron Treads|100/100
|move|p2a: Raging Bolt|Dragon Pulse|p1a: Iron Treads
|-resisted|p1a: Iron Treads
|-damage|p1a: Iron Treads|73/100
|
|-heal|p1a: Iron Treads|79/100|[from] item: Leftovers
|upkeep
|turn|21
|
|t:|1779896037
|-end|p2a: Raging Bolt|Protosynthesis|[silent]
|switch|p2a: Hatterene|Hatterene, F|100/100
|-damage|p2a: Hatterene|88/100|[from] Spikes
|move|p1a: Iron Treads|Earthquake|p2a: Hatterene
|-damage|p2a: Hatterene|73/100
|
|-heal|p1a: Iron Treads|85/100|[from] item: Leftovers
|-heal|p2a: Hatterene|79/100|[from] item: Leftovers
|upkeep
|turn|22
|
|t:|1779896050
|move|p1a: Iron Treads|Knock Off|p2a: Hatterene
|-damage|p2a: Hatterene|69/100
|-enditem|p2a: Hatterene|Leftovers|[from] move: Knock Off|[of] p1a: Iron Treads
|move|p2a: Hatterene|Mystical Fire|p1a: Iron Treads
|-supereffective|p1a: Iron Treads
|-damage|p1a: Iron Treads|48/100
|-unboost|p1a: Iron Treads|spa|1
|
|-heal|p1a: Iron Treads|54/100|[from] item: Leftovers
|upkeep
|turn|23
|inactive|zxrkawa has 120 seconds left.
|
|t:|1779896094
|move|p1a: Iron Treads|Earthquake|p2a: Hatterene
|-damage|p2a: Hatterene|53/100
|move|p2a: Hatterene|Calm Mind|p2a: Hatterene
|-boost|p2a: Hatterene|spa|1
|-boost|p2a: Hatterene|spd|1
|
|-heal|p1a: Iron Treads|60/100|[from] item: Leftovers
|upkeep
|turn|24
|
|t:|1779896104
|move|p1a: Iron Treads|Earthquake|p2a: Hatterene
|-damage|p2a: Hatterene|36/100
|move|p2a: Hatterene|Mystical Fire|p1a: Iron Treads
|-supereffective|p1a: Iron Treads
|-damage|p1a: Iron Treads|8/100
|-unboost|p1a: Iron Treads|spa|1
|
|-heal|p1a: Iron Treads|14/100|[from] item: Leftovers
|upkeep
|turn|25
|
|t:|1779896117
|move|p1a: Iron Treads|Earthquake|p2a: Hatterene
|-damage|p2a: Hatterene|19/100
|move|p2a: Hatterene|Mystical Fire|p1a: Iron Treads
|-supereffective|p1a: Iron Treads
|-damage|p1a: Iron Treads|0 fnt
|faint|p1a: Iron Treads
|-end|p1a: Iron Treads|Quark Drive|[silent]
|
|-sideend|p2: Curbs|Reflect
|upkeep
|j| nesnot
|l| nesnot
|
|t:|1779896133
|switch|p1a: Enamorus|Enamorus, F|100/100
|turn|26
|
|t:|1779896137
|move|p1a: Enamorus|Moonblast|p2a: Hatterene
|-damage|p2a: Hatterene|0 fnt
|faint|p2a: Hatterene
|
|upkeep
|
|t:|1779896139
|switch|p2a: Gliscor|Gliscor, M|100/100 tox
|turn|27
|
|t:|1779896145
|switch|p1a: Meowscarada|Meowscarada, M|100/100
|move|p2a: Gliscor|Agility|p2a: Gliscor
|-boost|p2a: Gliscor|spe|2
|
|upkeep
|turn|28
|
|t:|1779896151
|move|p2a: Gliscor|Facade|p1a: Meowscarada
|-crit|p1a: Meowscarada
|-damage|p1a: Meowscarada|5/100
|move|p1a: Meowscarada|Triple Axel|p2a: Gliscor
|-start|p1a: Meowscarada|typechange|Ice|[from] ability: Protean
|-supereffective|p2a: Gliscor
|-damage|p2a: Gliscor|49/100 tox
|-supereffective|p2a: Gliscor
|-damage|p2a: Gliscor|0 fnt
|faint|p2a: Gliscor
|-hitcount|p2: Gliscor|2
|
|upkeep
|
|t:|1779896154
|switch|p2a: Raging Bolt|Raging Bolt|88/100
|-damage|p2a: Raging Bolt|76/100|[from] Spikes
|turn|29
|
|t:|1779896165
|move|p2a: Raging Bolt|Thunderclap|p1a: Meowscarada
|-damage|p1a: Meowscarada|0 fnt
|faint|p1a: Meowscarada
|
|upkeep
|
|t:|1779896168
|switch|p1a: Enamorus|Enamorus, F|100/100
|turn|30
|
|t:|1779896171
|-terastallize|p1a: Enamorus|Fairy
|move|p2a: Raging Bolt|Thunderclap|p1a: Enamorus
|-crit|p1a: Enamorus
|-damage|p1a: Enamorus|16/100
|move|p1a: Enamorus|Moonblast|p2a: Raging Bolt
|-supereffective|p2a: Raging Bolt
|-damage|p2a: Raging Bolt|0 fnt
|faint|p2a: Raging Bolt
|-end|p2a: Raging Bolt|Protosynthesis|[silent]
|
|win|zxrkawa
|raw|zxrkawa's rating: 1547 &rarr; <strong>1570</strong><br />(+23 for winning)
|raw|Curbs's rating: 1599 &rarr; <strong>1576</strong><br />(-23 for losing)
|c|☆zxrkawa|gg
|l|☆Curbs
|player|p2|
