|j|☆Valpreon
|j|☆Z_Domen
|t:|1779972399
|gametype|singles
|player|p1|Valpreon|266|1295
|player|p2|Z_Domen|doctor|1289
|gen|9
|tier|[Gen 9] OU
|rated|
|rule|HP Percentage Mod: HP is shown in percentages
|rule|Endless Battle Clause: Forcing endless battles is banned
|rule|Species Clause: Limit one of each Pokémon
|rule|OHKO Clause: OHKO moves are banned
|rule|Evasion Items Clause: Evasion items are banned
|rule|Evasion Moves Clause: Evasion moves are banned
|rule|Evasion Abilities Clause: Evasion abilities are banned
|rule|Sleep Moves Clause: Sleep-inducing moves are banned
|clearpoke
|poke|p1|Iron Valiant|
|poke|p1|Greninja-*, M|
|poke|p1|Lucario, M|
|poke|p1|Noivern, F|
|poke|p1|Ceruledge, F|
|poke|p1|Kingambit, F|
|poke|p2|Comfey, F|
|poke|p2|Garganacl, F|
|poke|p2|Corviknight, M|
|poke|p2|Ogerpon-Wellspring, F|
|poke|p2|Great Tusk|
|poke|p2|Moltres|
|teampreview
|inactive|Battle timer is ON: inactive players will automatically lose when time's up. (requested by Z_Domen)
|
|t:|1779972415
|teamsize|p1|6
|teamsize|p2|6
|start
|switch|p1a: amterasu💜🌂|Ceruledge, F, shiny|100/100
|switch|p2a: Ogerpon|Ogerpon-Wellspring, F|100/100
|turn|1
|
|t:|1779972425
|move|p2a: Ogerpon|Ivy Cudgel|p1a: amterasu💜🌂|[anim] Ivy Cudgel Water
|-supereffective|p1a: amterasu💜🌂
|-enditem|p1a: amterasu💜🌂|Focus Sash
|-damage|p1a: amterasu💜🌂|1/100
|-ability|p1a: amterasu💜🌂|Weak Armor|boost
|-unboost|p1a: amterasu💜🌂|def|1
|-boost|p1a: amterasu💜🌂|spe|2
|move|p1a: amterasu💜🌂|Swords Dance|p1a: amterasu💜🌂
|-boost|p1a: amterasu💜🌂|atk|2
|
|upkeep
|turn|2
|
|t:|1779972435
|switch|p2a: Garganacl|Garganacl, F|100/100
|move|p1a: amterasu💜🌂|Bitter Blade|p2a: Garganacl
|-resisted|p2a: Garganacl
|-damage|p2a: Garganacl|75/100
|-heal|p1a: amterasu💜🌂|19/100|[from] drain|[of] p2a: Garganacl
|-damage|p1a: amterasu💜🌂|3/100|[from] item: Rocky Helmet|[of] p2a: Garganacl
|
|upkeep
|turn|3
|
|t:|1779972443
|move|p1a: amterasu💜🌂|Close Combat|p2a: Garganacl
|-supereffective|p2a: Garganacl
|-damage|p2a: Garganacl|0 fnt
|-unboost|p1a: amterasu💜🌂|def|1
|-unboost|p1a: amterasu💜🌂|spd|1
|-damage|p1a: amterasu💜🌂|0 fnt|[from] item: Rocky Helmet|[of] p2a: Garganacl
|faint|p2a: Garganacl
|faint|p1a: amterasu💜🌂
|
|upkeep
|
|t:|1779972452
|switch|p1a: jett|Noivern, F, shiny|100/100
|switch|p2a: Comfey|Comfey, F|100/100
|-item|p2a: Comfey|Life Orb|[from] ability: Frisk|[of] p1a: jett
|turn|4
|
|t:|1779972459
|move|p1a: jett|Air Slash|p2a: Comfey
|-damage|p2a: Comfey|62/100
|move|p2a: Comfey|Calm Mind|p2a: Comfey
|-boost|p2a: Comfey|spa|1
|-boost|p2a: Comfey|spd|1
|
|upkeep
|turn|5
|
|t:|1779972464
|move|p2a: Comfey|Draining Kiss|p1a: jett
|-supereffective|p1a: jett
|-damage|p1a: jett|3/100
|-heal|p2a: Comfey|100/100|[from] drain|[of] p1a: jett
|-damage|p2a: Comfey|91/100|[from] item: Life Orb
|move|p1a: jett|Air Slash|p2a: Comfey
|-damage|p2a: Comfey|61/100
|
|upkeep
|turn|6
|
|t:|1779972472
|move|p2a: Comfey|Draining Kiss|p1a: jett
|-supereffective|p1a: jett
|-damage|p1a: jett|0 fnt
|-heal|p2a: Comfey|63/100|[from] drain|[of] p1a: jett
|faint|p1a: jett
|-damage|p2a: Comfey|54/100|[from] item: Life Orb
|
|upkeep
|
|t:|1779972478
|switch|p1a: super sonic🌀|Greninja, M|100/100
|turn|7
|
|t:|1779972481
|-terastallize|p1a: super sonic🌀|Poison
|move|p2a: Comfey|Draining Kiss|p1a: super sonic🌀
|-resisted|p1a: super sonic🌀
|-damage|p1a: super sonic🌀|69/100
|-heal|p2a: Comfey|82/100|[from] drain|[of] p1a: super sonic🌀
|-damage|p2a: Comfey|72/100|[from] item: Life Orb
|move|p1a: super sonic🌀|Sludge Wave|p2a: Comfey
|-supereffective|p2a: Comfey
|-damage|p2a: Comfey|0 fnt
|faint|p2a: Comfey
|-ability|p1a: super sonic🌀|Battle Bond|boost
|-boost|p1a: super sonic🌀|atk|1
|-boost|p1a: super sonic🌀|spa|1
|-boost|p1a: super sonic🌀|spe|1
|-activate|p1a: super sonic🌀|ability: Battle Bond
|
|upkeep
|
|t:|1779972490
|switch|p2a: Corviknight|Corviknight, M|100/100
|-ability|p2a: Corviknight|Pressure
|turn|8
|
|t:|1779972502
|move|p1a: super sonic🌀|Dark Pulse|p2a: Corviknight
|-damage|p2a: Corviknight|42/100
|move|p2a: Corviknight|Light Screen|p2a: Corviknight
|-sidestart|p2: Z_Domen|move: Light Screen
|
|-heal|p2a: Corviknight|49/100|[from] item: Leftovers
|upkeep
|turn|9
|
|t:|1779972510
|switch|p2a: Ogerpon|Ogerpon-Wellspring, F|100/100
|move|p1a: super sonic🌀|Dark Pulse|p2a: Ogerpon
|-damage|p2a: Ogerpon|67/100
|
|upkeep
|turn|10
|
|t:|1779972521
|-terastallize|p2a: Ogerpon|Water
|detailschange|p2a: Ogerpon|Ogerpon-Wellspring-Tera, F, tera:Water
|-ability|p2a: Ogerpon|Embody Aspect (Wellspring)|boost
|-boost|p2a: Ogerpon|spd|1
|move|p1a: super sonic🌀|Sludge Wave|p2a: Ogerpon
|-damage|p2a: Ogerpon|42/100
|move|p2a: Ogerpon|Ivy Cudgel|p1a: super sonic🌀|[anim] Ivy Cudgel Water
|-crit|p1a: super sonic🌀
|-damage|p1a: super sonic🌀|0 fnt
|faint|p1a: super sonic🌀
|
|upkeep
|
|t:|1779972531
|switch|p1a: knuckles💪|Lucario, M|100/100
|turn|11
|
|t:|1779972535
|move|p2a: Ogerpon|Ivy Cudgel|p1a: knuckles💪|[anim] Ivy Cudgel Water
|-enditem|p1a: knuckles💪|Focus Sash
|-damage|p1a: knuckles💪|1/100
|move|p1a: knuckles💪|Agility|p1a: knuckles💪
|-boost|p1a: knuckles💪|spe|2
|
|upkeep
|turn|12
|
|t:|1779972540
|move|p1a: knuckles💪|Aura Sphere|p2a: Ogerpon
|-damage|p2a: Ogerpon|24/100
|move|p2a: Ogerpon|Trailblaze|p1a: knuckles💪
|-resisted|p1a: knuckles💪
|-damage|p1a: knuckles💪|0 fnt
|-boost|p2a: Ogerpon|spe|1
|faint|p1a: knuckles💪
|
|-sideend|p2: Z_Domen|move: Light Screen
|upkeep
|
|t:|1779972543
|switch|p1a: future trunks❤️📌|Iron Valiant, shiny|100/100
|-enditem|p1a: future trunks❤️📌|Booster Energy
|-activate|p1a: future trunks❤️📌|ability: Quark Drive|[fromitem]
|-start|p1a: future trunks❤️📌|quarkdrivespe
|turn|13
|
|t:|1779972548
|move|p1a: future trunks❤️📌|Thunderbolt|p2a: Ogerpon
|-supereffective|p2a: Ogerpon
|-damage|p2a: Ogerpon|0 fnt
|faint|p2a: Ogerpon
|detailschange|p2: Ogerpon|Ogerpon-Wellspring, F|[silent]
|
|upkeep
|
|t:|1779972552
|switch|p2a: Moltres|Moltres|100/100
|turn|14
|
|t:|1779972558
|move|p1a: future trunks❤️📌|Thunderbolt|p2a: Moltres
|-supereffective|p2a: Moltres
|-damage|p2a: Moltres|62/100
|move|p2a: Moltres|Hurricane|p1a: future trunks❤️📌
|-supereffective|p1a: future trunks❤️📌
|-damage|p1a: future trunks❤️📌|0 fnt
|faint|p1a: future trunks❤️📌
|-end|p1a: future trunks❤️📌|Quark Drive|[silent]
|
|upkeep
|
|t:|1779972564
|switch|p1a: Bloody😞|Kingambit, F|100/100
|-activate|p1a: Bloody😞|ability: Supreme Overlord
|-start|p1a: Bloody😞|fallen5|[silent]
|turn|15
|
|t:|1779972566
|move|p2a: Moltres|Will-O-Wisp|p1a: Bloody😞|[miss]
|-miss|p2a: Moltres|p1a: Bloody😞
|move|p1a: Bloody😞|Swords Dance|p1a: Bloody😞
|-boost|p1a: Bloody😞|atk|2
|
|upkeep
|turn|16
|
|t:|1779972570
|move|p2a: Moltres|Will-O-Wisp|p1a: Bloody😞
|-status|p1a: Bloody😞|brn
|move|p1a: Bloody😞|Swords Dance|p1a: Bloody😞
|-boost|p1a: Bloody😞|atk|2
|
|-damage|p1a: Bloody😞|94/100 brn|[from] brn
|upkeep
|turn|17
|
|t:|1779972575
|move|p2a: Moltres|Flamethrower|p1a: Bloody😞
|-supereffective|p1a: Bloody😞
|-damage|p1a: Bloody😞|19/100 brn
|-enditem|p1a: Bloody😞|Weakness Policy
|-boost|p1a: Bloody😞|atk|2|[from] item: Weakness Policy
|-boost|p1a: Bloody😞|spa|2|[from] item: Weakness Policy
|move|p1a: Bloody😞|Poison Jab|p2a: Moltres
|-damage|p2a: Moltres|0 fnt
|faint|p2a: Moltres
|
|-damage|p1a: Bloody😞|12/100 brn|[from] brn
|upkeep
|
|t:|1779972585
|switch|p2a: Great Tusk|Great Tusk|100/100
|-enditem|p2a: Great Tusk|Booster Energy
|-activate|p2a: Great Tusk|ability: Protosynthesis|[fromitem]
|-start|p2a: Great Tusk|protosynthesisatk
|turn|18
|
|t:|1779972600
|move|p1a: Bloody😞|Sucker Punch||[still]
|-fail|p1a: Bloody😞
|move|p2a: Great Tusk|Bulk Up|p2a: Great Tusk
|-boost|p2a: Great Tusk|atk|1
|-boost|p2a: Great Tusk|def|1
|
|-damage|p1a: Bloody😞|6/100 brn|[from] brn
|upkeep
|turn|19
|
|t:|1779972603
|move|p2a: Great Tusk|Headlong Rush|p1a: Bloody😞
|-supereffective|p1a: Bloody😞
|-damage|p1a: Bloody😞|0 fnt
|-unboost|p2a: Great Tusk|def|1
|-unboost|p2a: Great Tusk|spd|1
|faint|p1a: Bloody😞
|-end|p1a: Bloody😞|fallen5|[silent]
|
|win|Z_Domen
|raw|Valpreon's rating: 1295 &rarr; <strong>1270</strong><br />(-25 for losing)
|raw|Z_Domen's rating: 1289 &rarr; <strong>1314</strong><br />(+25 for winning)
|l|☆Valpreon
|player|p1|
|l|☆Z_Domen
|player|p2|
