|j|☆bedonkgadong
|j|☆gabboh
|t:|1779875915
|gametype|singles
|player|p1|bedonkgadong|266|1431
|player|p2|gabboh|102|1415
|gen|9
|tier|[Gen 9] OU
|rated|
|rule|HP Percentage Mod: HP is shown in percentages
|rule|Endless Battle Clause: Forcing endless battles is banned
|rule|Species Clause: Limit one of each Pokémon
|rule|OHKO Clause: OHKO moves are banned
|rule|Evasion Items Clause: Evasion items are banned
|rule|Evasion Moves Clause: Evasion moves are banned
|rule|Evasion Abilities Clause: Evasion abilities are banned
|rule|Sleep Moves Clause: Sleep-inducing moves are banned
|clearpoke
|poke|p1|Weezing-Galar, M|
|poke|p1|Alomomola, F|
|poke|p1|Iron Treads|
|poke|p1|Tornadus-Therian, M|
|poke|p1|Zamazenta-*|
|poke|p1|Lokix, M|
|poke|p2|Samurott-Hisui, F|
|poke|p2|Iron Valiant|
|poke|p2|Pecharunt|
|poke|p2|Darkrai|
|poke|p2|Reuniclus, F|
|poke|p2|Kingambit, F|
|teampreview
|inactive|Battle timer is ON: inactive players will automatically lose when time's up. (requested by bedonkgadong)
|inactive|gabboh has 120 seconds left.
|inactive|gabboh has 90 seconds left.
|
|t:|1779876009
|teamsize|p1|6
|teamsize|p2|6
|start
|switch|p1a: Lokix|Lokix, M|100/100
|switch|p2a: Samurott|Samurott-Hisui, F|100/100
|turn|1
|
|t:|1779876023
|move|p2a: Samurott|Razor Shell|p1a: Lokix
|-damage|p1a: Lokix|23/100
|-unboost|p1a: Lokix|def|1
|move|p1a: Lokix|U-turn|p2a: Samurott
|-supereffective|p2a: Samurott
|-enditem|p2a: Samurott|Focus Sash
|-damage|p2a: Samurott|1/100
|
|t:|1779876029
|switch|p1a: Alomomola|Alomomola, F|100/100|[from] U-turn
|
|upkeep
|turn|2
|
|t:|1779876036
|move|p1a: Alomomola|Protect|p1a: Alomomola
|-singleturn|p1a: Alomomola|Protect
|move|p2a: Samurott|Taunt|p1a: Alomomola
|-activate|p1a: Alomomola|move: Protect
|
|upkeep
|turn|3
|
|t:|1779876044
|move|p2a: Samurott|Ceaseless Edge|p1a: Alomomola
|-damage|p1a: Alomomola|76/100
|-damage|p2a: Samurott|0 fnt|[from] item: Rocky Helmet|[of] p1a: Alomomola
|faint|p2a: Samurott
|move|p1a: Alomomola|Flip Turn|p2: Samurott|[notarget]
|-fail|p1a: Alomomola
|
|upkeep
|
|t:|1779876052
|switch|p2a: Iron Valiant|Iron Valiant|100/100
|-enditem|p2a: Iron Valiant|Booster Energy
|-activate|p2a: Iron Valiant|ability: Quark Drive|[fromitem]
|-start|p2a: Iron Valiant|quarkdrivespa
|turn|4
|
|t:|1779876067
|switch|p1a: Tornadus|Tornadus-Therian, M|100/100
|move|p2a: Iron Valiant|Calm Mind|p2a: Iron Valiant
|-boost|p2a: Iron Valiant|spa|1
|-boost|p2a: Iron Valiant|spd|1
|
|upkeep
|turn|5
|
|t:|1779876077
|move|p1a: Tornadus|Bleakwind Storm|p2a: Iron Valiant
|-supereffective|p2a: Iron Valiant
|-damage|p2a: Iron Valiant|21/100
|move|p2a: Iron Valiant|Moonblast|p1a: Tornadus
|-damage|p1a: Tornadus|28/100
|
|upkeep
|turn|6
|
|t:|1779876085
|move|p1a: Tornadus|Heat Wave|p2a: Iron Valiant|[miss]
|-miss|p1a: Tornadus|p2a: Iron Valiant
|move|p2a: Iron Valiant|Moonblast|p1a: Tornadus
|-damage|p1a: Tornadus|0 fnt
|faint|p1a: Tornadus
|
|upkeep
|
|t:|1779876095
|switch|p1a: Zamazenta|Zamazenta|100/100
|-ability|p1a: Zamazenta|Dauntless Shield|boost
|-boost|p1a: Zamazenta|def|1
|turn|7
|
|t:|1779876100
|move|p2a: Iron Valiant|Vacuum Wave|p1a: Zamazenta
|-damage|p1a: Zamazenta|64/100
|move|p1a: Zamazenta|Heavy Slam|p2a: Iron Valiant
|-supereffective|p2a: Iron Valiant
|-damage|p2a: Iron Valiant|0 fnt
|faint|p2a: Iron Valiant
|-end|p2a: Iron Valiant|Quark Drive|[silent]
|
|upkeep
|
|t:|1779876111
|switch|p2a: Pecharunt|Pecharunt|100/100
|turn|8
|
|t:|1779876116
|switch|p1a: Iron Treads|Iron Treads|100/100
|move|p2a: Pecharunt|Malignant Chain|p1a: Iron Treads
|-immune|p1a: Iron Treads
|
|upkeep
|turn|9
|
|t:|1779876123
|move|p1a: Iron Treads|Earthquake|p2a: Pecharunt
|-supereffective|p2a: Pecharunt
|-enditem|p2a: Pecharunt|Shuca Berry|[eat]
|-enditem|p2a: Pecharunt|Shuca Berry|[weaken]
|-damage|p2a: Pecharunt|69/100
|move|p2a: Pecharunt|Parting Shot|p1a: Iron Treads
|-unboost|p1a: Iron Treads|atk|1
|-unboost|p1a: Iron Treads|spa|1
|
|t:|1779876130
|switch|p2a: Darkrai|Darkrai|100/100|[from] Parting Shot
|
|upkeep
|turn|10
|
|t:|1779876136
|move|p2a: Darkrai|Knock Off|p1a: Iron Treads
|-damage|p1a: Iron Treads|70/100
|-enditem|p1a: Iron Treads|Leftovers|[from] move: Knock Off|[of] p2a: Darkrai
|move|p1a: Iron Treads|Stealth Rock|p2a: Darkrai
|-sidestart|p2: gabboh|move: Stealth Rock
|
|upkeep
|turn|11
|
|t:|1779876144
|-end|p1a: Iron Treads|Quark Drive|[silent]
|switch|p1a: Alomomola|Alomomola, F|100/100
|move|p2a: Darkrai|Dark Pulse|p1a: Alomomola
|-damage|p1a: Alomomola|59/100
|
|upkeep
|turn|12
|
|t:|1779876152
|move|p1a: Alomomola|Protect|p1a: Alomomola
|-singleturn|p1a: Alomomola|Protect
|move|p2a: Darkrai|Dark Pulse|p1a: Alomomola
|-activate|p1a: Alomomola|move: Protect
|
|upkeep
|turn|13
|
|t:|1779876163
|move|p2a: Darkrai|Dark Pulse|p1a: Alomomola
|-damage|p1a: Alomomola|17/100
|move|p1a: Alomomola|Flip Turn|p2a: Darkrai
|-damage|p2a: Darkrai|79/100
|
|t:|1779876164
|switch|p1a: Lokix|Lokix, M|23/100|[from] Flip Turn
|
|upkeep
|turn|14
|
|t:|1779876172
|move|p2a: Darkrai|Sucker Punch|p1a: Lokix
|-resisted|p1a: Lokix
|-damage|p1a: Lokix|4/100
|move|p1a: Lokix|U-turn|p2a: Darkrai
|-supereffective|p2a: Darkrai
|-damage|p2a: Darkrai|0 fnt
|faint|p2a: Darkrai
|
|t:|1779876177
|switch|p1a: Alomomola|Alomomola, F|50/100|[from] U-turn
|
|upkeep
|
|t:|1779876181
|switch|p2a: Pecharunt|Pecharunt|69/100
|-damage|p2a: Pecharunt|57/100|[from] Stealth Rock
|turn|15
|
|t:|1779876188
|move|p1a: Alomomola|Protect|p1a: Alomomola
|-singleturn|p1a: Alomomola|Protect
|move|p2a: Pecharunt|Nasty Plot|p2a: Pecharunt
|-boost|p2a: Pecharunt|spa|2
|
|upkeep
|turn|16
|
|t:|1779876193
|move|p2a: Pecharunt|Shadow Ball|p1a: Alomomola
|-damage|p1a: Alomomola|0 fnt
|faint|p1a: Alomomola
|
|upkeep
|
|t:|1779876203
|switch|p1a: Zamazenta|Zamazenta|64/100
|turn|17
|
|t:|1779876207
|move|p1a: Zamazenta|Crunch|p2a: Pecharunt
|-supereffective|p2a: Pecharunt
|-damage|p2a: Pecharunt|0 fnt
|faint|p2a: Pecharunt
|
|upkeep
|
|t:|1779876211
|switch|p2a: Reuniclus|Reuniclus, F, shiny|100/100
|turn|18
|
|t:|1779876218
|switch|p1a: Iron Treads|Iron Treads|70/100
|-terastallize|p2a: Reuniclus|Fighting
|move|p2a: Reuniclus|Trick Room|p2a: Reuniclus
|-fieldstart|move: Trick Room|[of] p2a: Reuniclus
|
|upkeep
|turn|19
|
|t:|1779876225
|move|p2a: Reuniclus|Focus Blast|p1a: Iron Treads|[miss]
|-miss|p2a: Reuniclus|p1a: Iron Treads
|move|p1a: Iron Treads|Earthquake|p2a: Reuniclus
|-damage|p2a: Reuniclus|59/100
|
|upkeep
|turn|20
|
|t:|1779876235
|-end|p1a: Iron Treads|Quark Drive|[silent]
|switch|p1a: Weezing|Weezing-Galar, M|100/100
|-ability|p1a: Weezing|Neutralizing Gas
|move|p2a: Reuniclus|Recover|p2a: Reuniclus
|-heal|p2a: Reuniclus|100/100
|
|upkeep
|turn|21
|
|t:|1779876242
|move|p1a: Weezing|Protect|p1a: Weezing
|-singleturn|p1a: Weezing|Protect
|move|p2a: Reuniclus|Psychic Noise|p1a: Weezing
|-activate|p1a: Weezing|move: Protect
|
|upkeep
|turn|22
|
|t:|1779876248
|move|p2a: Reuniclus|Focus Blast|p1a: Weezing
|-resisted|p1a: Weezing
|-damage|p1a: Weezing|73/100
|-unboost|p1a: Weezing|spd|1
|-damage|p2a: Reuniclus|91/100|[from] item: Life Orb
|move|p1a: Weezing|Toxic|p2a: Reuniclus
|-status|p2a: Reuniclus|tox
|
|-heal|p1a: Weezing|79/100|[from] item: Leftovers
|-damage|p2a: Reuniclus|84/100 tox|[from] psn
|-fieldend|move: Trick Room
|upkeep
|turn|23
|
|t:|1779876277
|-end|p1a: Weezing|ability: Neutralizing Gas
|switch|p1a: Lokix|Lokix, M|4/100
|move|p2a: Reuniclus|Trick Room|p2a: Reuniclus
|-fieldstart|move: Trick Room|[of] p2a: Reuniclus
|
|upkeep
|turn|24
|
|t:|1779876283
|-terastallize|p1a: Lokix|Bug
|move|p1a: Lokix|First Impression|p2a: Reuniclus
|-resisted|p2a: Reuniclus
|-damage|p2a: Reuniclus|0 fnt
|faint|p2a: Reuniclus
|
|upkeep
|
|t:|1779876289
|switch|p2a: Kingambit|Kingambit, F|100/100
|-damage|p2a: Kingambit|94/100|[from] Stealth Rock
|-activate|p2a: Kingambit|ability: Supreme Overlord
|-start|p2a: Kingambit|fallen5|[silent]
|turn|25
|inactive|gabboh has 120 seconds left.
|
|t:|1779876320
|switch|p1a: Iron Treads|Iron Treads|70/100
|move|p2a: Kingambit|Iron Head|p1a: Iron Treads
|-resisted|p1a: Iron Treads
|-damage|p1a: Iron Treads|44/100
|
|upkeep
|turn|26
|
|t:|1779876326
|move|p2a: Kingambit|Kowtow Cleave|p1a: Iron Treads
|-damage|p1a: Iron Treads|0 fnt
|faint|p1a: Iron Treads
|-end|p1a: Iron Treads|Quark Drive|[silent]
|
|upkeep
|c|☆bedonkgadong|Gg
|
|t:|1779876332
|switch|p1a: Weezing|Weezing-Galar, M|79/100
|-ability|p1a: Weezing|Neutralizing Gas
|turn|27
|
|t:|1779876337
|move|p2a: Kingambit|Iron Head|p1a: Weezing
|-supereffective|p1a: Weezing
|-damage|p1a: Weezing|22/100
|cant|p1a: Weezing|flinch
|
|-heal|p1a: Weezing|28/100|[from] item: Leftovers
|-fieldend|move: Trick Room
|upkeep
|turn|28
|
|t:|1779876343
|move|p1a: Weezing|Protect|p1a: Weezing
|-singleturn|p1a: Weezing|Protect
|move|p2a: Kingambit|Iron Head|p1a: Weezing
|-activate|p1a: Weezing|move: Protect
|
|-heal|p1a: Weezing|34/100|[from] item: Leftovers
|upkeep
|turn|29
|
|t:|1779876350
|move|p1a: Weezing|Will-O-Wisp|p2a: Kingambit
|-status|p2a: Kingambit|brn
|move|p2a: Kingambit|Iron Head|p1a: Weezing
|-supereffective|p1a: Weezing
|-damage|p1a: Weezing|3/100
|
|-heal|p1a: Weezing|9/100|[from] item: Leftovers
|-damage|p2a: Kingambit|88/100 brn|[from] brn
|upkeep
|turn|30
|-message|gabboh forfeited.
|
|win|bedonkgadong
|raw|bedonkgadong's rating: 1431 &rarr; <strong>1450</strong><br />(+19 for winning)
|raw|gabboh's rating: 1415 &rarr; <strong>1396</strong><br />(-19 for losing)
|l|☆gabboh
|player|p2|
|l|☆bedonkgadong
|player|p1|
