|badge|p1|bronze|gen9ubers|100-9
|uhtml|medal-msg|<div class="broadcast-blue">Curious what those medals under the avatar are? PS now has Ladder Seasons! For more information, check out the <a href="https://www.smogon.com/forums/threads/3740067/">thread on Smogon.</a></div>
|j|☆alexander90281
|j|☆tauros3
|t:|1779893702
|gametype|singles
|player|p1|alexander90281|tateandliza-gen3|1688
|player|p2|tauros3|swimmer-gen4dp|1647
|gen|9
|tier|[Gen 9] OU
|rated|
|rule|HP Percentage Mod: HP is shown in percentages
|rule|Endless Battle Clause: Forcing endless battles is banned
|rule|Species Clause: Limit one of each Pokémon
|rule|OHKO Clause: OHKO moves are banned
|rule|Evasion Items Clause: Evasion items are banned
|rule|Evasion Moves Clause: Evasion moves are banned
|rule|Evasion Abilities Clause: Evasion abilities are banned
|rule|Sleep Moves Clause: Sleep-inducing moves are banned
|clearpoke
|poke|p1|Mimikyu, M|
|poke|p1|Hatterene, F|
|poke|p1|Ursaluna, F|
|poke|p1|Kyurem|
|poke|p1|Kingambit, M|
|poke|p1|Raging Bolt|
|poke|p2|Hatterene, F|
|poke|p2|Cresselia, F|
|poke|p2|Diancie|
|poke|p2|Ursaluna, F|
|poke|p2|Crawdaunt, F|
|poke|p2|Pelipper, F|
|teampreview
|inactive|Battle timer is ON: inactive players will automatically lose when time's up. (requested by tauros3)
|
|t:|1779893727
|teamsize|p1|6
|teamsize|p2|6
|start
|switch|p1a: Kyurem|Kyurem|100/100
|switch|p2a: Across The Sea|Pelipper, F|100/100
|-ability|p1a: Kyurem|Pressure
|-weather|RainDance|[from] ability: Drizzle|[of] p2a: Across The Sea
|turn|1
|
|t:|1779893731
|switch|p2a: Butterfly|Cresselia, F|100/100
|move|p1a: Kyurem|Freeze-Dry|p2a: Butterfly
|-damage|p2a: Butterfly|80/100
|
|-weather|RainDance|[upkeep]
|upkeep
|turn|2
|
|t:|1779893738
|move|p1a: Kyurem|Icicle Spear|p2a: Butterfly
|-damage|p2a: Butterfly|73/100
|-damage|p2a: Butterfly|66/100
|-damage|p2a: Butterfly|59/100
|-damage|p2a: Butterfly|53/100
|-damage|p2a: Butterfly|46/100
|-hitcount|p2a: Butterfly|5
|move|p2a: Butterfly|Trick Room|p2a: Butterfly
|-fieldstart|move: Trick Room|[of] p2a: Butterfly
|
|-weather|RainDance|[upkeep]
|upkeep
|turn|3
|
|t:|1779893747
|switch|p1a: Ursaluna|Ursaluna, F|100/100
|move|p2a: Butterfly|Lunar Dance|p2a: Butterfly
|faint|p2a: Butterfly
|
|-weather|RainDance|[upkeep]
|-status|p1a: Ursaluna|brn|[from] item: Flame Orb
|upkeep
|
|t:|1779893760
|switch|p2a: Pink Triangle|Hatterene, F|100/100
|turn|4
|
|t:|1779893764
|move|p2a: Pink Triangle|Dazzling Gleam|p1a: Ursaluna
|-damage|p1a: Ursaluna|56/100 brn
|move|p1a: Ursaluna|Facade|p2a: Pink Triangle
|-enditem|p2a: Pink Triangle|Focus Sash
|-damage|p2a: Pink Triangle|1/100
|
|-weather|RainDance|[upkeep]
|-damage|p1a: Ursaluna|50/100 brn|[from] brn
|upkeep
|turn|5
|
|t:|1779893768
|move|p2a: Pink Triangle|Dazzling Gleam|p1a: Ursaluna
|-damage|p1a: Ursaluna|5/100 brn
|move|p1a: Ursaluna|Earthquake|p2a: Pink Triangle
|-damage|p2a: Pink Triangle|0 fnt
|faint|p2a: Pink Triangle
|
|-weather|none
|-damage|p1a: Ursaluna|0 fnt|[from] brn
|faint|p1a: Ursaluna
|upkeep
|
|t:|1779893778
|switch|p2a: El Scorcho|Ursaluna, F|100/100
|switch|p1a: Mimikyu|Mimikyu, M|100/100
|turn|6
|
|t:|1779893782
|move|p2a: El Scorcho|Fire Punch|p1a: Mimikyu
|-activate|p1a: Mimikyu|ability: Disguise
|-damage|p1a: Mimikyu|100/100
|detailschange|p1a: Mimikyu|Mimikyu-Busted, M
|-damage|p1a: Mimikyu|88/100|[from] pokemon: Mimikyu-Busted
|move|p1a: Mimikyu|Curse|p2a: El Scorcho
|-start|p2a: El Scorcho|Curse|[of] p1a: Mimikyu
|-damage|p1a: Mimikyu|38/100
|
|-damage|p2a: El Scorcho|75/100|[from] Curse
|-fieldend|move: Trick Room
|-status|p2a: El Scorcho|brn|[from] item: Flame Orb
|upkeep
|turn|7
|
|t:|1779893788
|move|p1a: Mimikyu|Play Rough|p2a: El Scorcho
|-damage|p2a: El Scorcho|56/100 brn
|move|p2a: El Scorcho|Headlong Rush|p1a: Mimikyu
|-damage|p1a: Mimikyu|0 fnt
|-unboost|p2a: El Scorcho|def|1
|-unboost|p2a: El Scorcho|spd|1
|faint|p1a: Mimikyu
|
|-damage|p2a: El Scorcho|50/100 brn|[from] brn
|-damage|p2a: El Scorcho|25/100 brn|[from] Curse
|upkeep
|
|t:|1779893804
|switch|p1a: Raging Bolt|Raging Bolt|100/100
|-enditem|p1a: Raging Bolt|Booster Energy
|-activate|p1a: Raging Bolt|ability: Protosynthesis|[fromitem]
|-start|p1a: Raging Bolt|protosynthesisspa
|turn|8
|
|t:|1779893808
|switch|p2a: No Other One|Diancie|100/100
|-terastallize|p1a: Raging Bolt|Flying
|move|p1a: Raging Bolt|Calm Mind|p1a: Raging Bolt
|-boost|p1a: Raging Bolt|spa|1
|-boost|p1a: Raging Bolt|spd|1
|
|upkeep
|turn|9
|
|t:|1779893813
|-terastallize|p2a: No Other One|Ground
|move|p1a: Raging Bolt|Thunderbolt|p2a: No Other One
|-immune|p2a: No Other One
|move|p2a: No Other One|Meteor Beam||[still]
|-prepare|p2a: No Other One|Meteor Beam
|-boost|p2a: No Other One|spa|1
|-enditem|p2a: No Other One|Power Herb
|-anim|p2a: No Other One|Meteor Beam|p1a: Raging Bolt
|-supereffective|p1a: Raging Bolt
|-damage|p1a: Raging Bolt|0 fnt
|faint|p1a: Raging Bolt
|-end|p1a: Raging Bolt|Protosynthesis|[silent]
|
|upkeep
|
|t:|1779893817
|switch|p1a: Kyurem|Kyurem|100/100
|-ability|p1a: Kyurem|Pressure
|turn|10
|
|t:|1779893828
|move|p1a: Kyurem|Icicle Spear|p2a: No Other One
|-supereffective|p2a: No Other One
|-damage|p2a: No Other One|81/100
|-supereffective|p2a: No Other One
|-damage|p2a: No Other One|61/100
|-supereffective|p2a: No Other One
|-damage|p2a: No Other One|39/100
|-supereffective|p2a: No Other One
|-damage|p2a: No Other One|17/100
|-hitcount|p2a: No Other One|4
|move|p2a: No Other One|Trick Room|p2a: No Other One
|-fieldstart|move: Trick Room|[of] p2a: No Other One
|
|upkeep
|turn|11
|
|t:|1779893838
|switch|p1a: Hatterene|Hatterene, F|100/100
|move|p2a: No Other One|Moonblast|p1a: Hatterene
|-damage|p1a: Hatterene|33/100
|
|upkeep
|turn|12
|
|t:|1779893846
|move|p1a: Hatterene|Psychic Noise|p2a: No Other One
|-damage|p2a: No Other One|0 fnt
|faint|p2a: No Other One
|
|upkeep
|
|t:|1779893848
|switch|p2a: El Scorcho|Ursaluna, F|25/100 brn
|-heal|p2a: El Scorcho|100/100|[from] move: Lunar Dance
|turn|13
|
|t:|1779893855
|move|p1a: Hatterene|Psychic Noise|p2a: El Scorcho
|-damage|p2a: El Scorcho|63/100
|-start|p2a: El Scorcho|move: Heal Block
|move|p2a: El Scorcho|Facade|p1a: Hatterene
|-damage|p1a: Hatterene|0 fnt
|faint|p1a: Hatterene
|
|-status|p2a: El Scorcho|brn|[from] item: Flame Orb
|upkeep
|
|t:|1779893863
|switch|p1a: Kingambit|Kingambit, M|100/100
|-activate|p1a: Kingambit|ability: Supreme Overlord
|-start|p1a: Kingambit|fallen4|[silent]
|turn|14
|
|t:|1779893866
|switch|p2a: Across The Sea|Pelipper, F|100/100
|-weather|RainDance|[from] ability: Drizzle|[of] p2a: Across The Sea
|move|p1a: Kingambit|Kowtow Cleave|p2a: Across The Sea
|-damage|p2a: Across The Sea|5/100
|
|-weather|RainDance|[upkeep]
|-fieldend|move: Trick Room
|upkeep
|turn|15
|
|t:|1779893869
|move|p1a: Kingambit|Sucker Punch|p2a: Across The Sea
|-crit|p2a: Across The Sea
|-damage|p2a: Across The Sea|0 fnt
|faint|p2a: Across The Sea
|
|-weather|RainDance|[upkeep]
|upkeep
|
|t:|1779893875
|switch|p2a: Getchoo|Crawdaunt, F|100/100
|turn|16
|
|t:|1779893877
|move|p1a: Kingambit|Sucker Punch|p2a: Getchoo
|-resisted|p2a: Getchoo
|-damage|p2a: Getchoo|58/100
|move|p2a: Getchoo|Crabhammer|p1a: Kingambit
|-damage|p1a: Kingambit|0 fnt
|faint|p1a: Kingambit
|-end|p1a: Kingambit|fallen4|[silent]
|-damage|p2a: Getchoo|48/100|[from] item: Life Orb
|
|-weather|RainDance|[upkeep]
|upkeep
|
|t:|1779893882
|switch|p1a: Kyurem|Kyurem|100/100
|-ability|p1a: Kyurem|Pressure
|turn|17
|
|t:|1779893887
|move|p1a: Kyurem|Freeze-Dry|p2a: Getchoo
|-supereffective|p2a: Getchoo
|-damage|p2a: Getchoo|0 fnt
|faint|p2a: Getchoo
|
|-weather|RainDance|[upkeep]
|upkeep
|
|t:|1779893889
|switch|p2a: El Scorcho|Ursaluna, F|63/100 brn
|turn|18
|
|t:|1779893895
|move|p1a: Kyurem|Icicle Spear|p2a: El Scorcho
|-supereffective|p2a: El Scorcho
|-damage|p2a: El Scorcho|44/100 brn
|-supereffective|p2a: El Scorcho
|-damage|p2a: El Scorcho|27/100 brn
|-supereffective|p2a: El Scorcho
|-damage|p2a: El Scorcho|10/100 brn
|-supereffective|p2a: El Scorcho
|-damage|p2a: El Scorcho|0 fnt
|faint|p2a: El Scorcho
|-hitcount|p2: El Scorcho|4
|
|win|alexander90281
|raw|alexander90281's rating: 1688 &rarr; <strong>1706</strong><br />(+18 for winning)
|raw|tauros3's rating: 1647 &rarr; <strong>1629</strong><br />(-18 for losing)
|l|☆alexander90281
|player|p1|
|l|☆tauros3
|player|p2|
