|j|☆volcaronaisboss
|j|☆TechBuster
|t:|1779909251
|gametype|singles
|player|p1|volcaronaisboss|burglar-gen3|1569
|player|p2|TechBuster|266|1564
|gen|9
|tier|[Gen 9] OU
|rated|
|rule|HP Percentage Mod: HP is shown in percentages
|rule|Endless Battle Clause: Forcing endless battles is banned
|rule|Species Clause: Limit one of each Pokémon
|rule|OHKO Clause: OHKO moves are banned
|rule|Evasion Items Clause: Evasion items are banned
|rule|Evasion Moves Clause: Evasion moves are banned
|rule|Evasion Abilities Clause: Evasion abilities are banned
|rule|Sleep Moves Clause: Sleep-inducing moves are banned
|clearpoke
|poke|p1|Comfey, M|
|poke|p1|Whimsicott, M|
|poke|p1|Iron Moth|
|poke|p1|Walking Wake|
|poke|p1|Great Tusk|
|poke|p1|Ninetales, M|
|poke|p2|Regieleki|
|poke|p2|Slowking-Galar, M|
|poke|p2|Zapdos|
|poke|p2|Ogerpon-Wellspring, F|
|poke|p2|Kingambit, M|
|poke|p2|Garchomp, F|
|teampreview
|inactive|Battle timer is ON: inactive players will automatically lose when time's up. (requested by volcaronaisboss)
|
|t:|1779909264
|teamsize|p1|6
|teamsize|p2|6
|start
|switch|p1a: Ninetales|Ninetales, M|100/100
|switch|p2a: Slowking|Slowking-Galar, M|100/100
|-weather|SunnyDay|[from] ability: Drought|[of] p1a: Ninetales
|turn|1
|
|t:|1779909270
|switch|p1a: Great Tusk|Great Tusk|100/100
|-activate|p1a: Great Tusk|ability: Protosynthesis
|-start|p1a: Great Tusk|protosynthesisspe
|move|p2a: Slowking|Future Sight|p1a: Great Tusk
|-start|p2a: Slowking|move: Future Sight
|
|-weather|SunnyDay|[upkeep]
|upkeep
|turn|2
|
|t:|1779909275
|move|p1a: Great Tusk|Stealth Rock|p2a: Slowking
|-sidestart|p2: TechBuster|move: Stealth Rock
|-prepare|p2a: Slowking|Chilly Reception|[premajor]
|move|p2a: Slowking|Chilly Reception|p2a: Slowking
|-weather|Snowscape
|-end|p1a: Great Tusk|Protosynthesis
|
|t:|1779909279
|switch|p2a: Electrode Sr.|Regieleki|100/100|[from] Chilly Reception
|
|-weather|Snowscape|[upkeep]
|upkeep
|turn|3
|
|t:|1779909286
|-end|p1a: Great Tusk|Protosynthesis|[silent]
|switch|p1a: Ninetales|Ninetales, M|100/100
|-weather|SunnyDay|[from] ability: Drought|[of] p1a: Ninetales
|move|p2a: Electrode Sr.|Rapid Spin|p1a: Ninetales
|-damage|p1a: Ninetales|87/100
|-boost|p2a: Electrode Sr.|spe|1
|-sideend|p2: TechBuster|Stealth Rock|[from] move: Rapid Spin|[of] p2a: Electrode Sr.
|
|-weather|SunnyDay|[upkeep]
|-end|p1a: Ninetales|move: Future Sight
|-damage|p1a: Ninetales|41/100
|upkeep
|turn|4
|
|t:|1779909296
|switch|p1a: Whimsicott|Whimsicott, M|100/100
|move|p2a: Electrode Sr.|Electro Ball|p1a: Whimsicott
|-resisted|p1a: Whimsicott
|-damage|p1a: Whimsicott|76/100
|
|-weather|SunnyDay|[upkeep]
|upkeep
|turn|5
|
|t:|1779909300
|switch|p2a: Slowking|Slowking-Galar, M|100/100
|move|p1a: Whimsicott|Growth|p1a: Whimsicott
|-boost|p1a: Whimsicott|atk|2
|-boost|p1a: Whimsicott|spa|2
|
|-weather|SunnyDay|[upkeep]
|upkeep
|turn|6
|
|t:|1779909306
|-terastallize|p1a: Whimsicott|Ghost
|move|p1a: Whimsicott|Shadow Ball|p2a: Slowking
|-supereffective|p2a: Slowking
|-damage|p2a: Slowking|6/100
|-unboost|p2a: Slowking|spd|1
|-damage|p1a: Whimsicott|66/100|[from] item: Life Orb
|move|p2a: Slowking|Sludge Bomb|p1a: Whimsicott
|-resisted|p1a: Whimsicott
|-damage|p1a: Whimsicott|43/100
|-status|p1a: Whimsicott|psn
|
|-weather|SunnyDay|[upkeep]
|-damage|p1a: Whimsicott|30/100 psn|[from] psn
|upkeep
|turn|7
|
|t:|1779909323
|move|p1a: Whimsicott|Moonblast|p2a: Slowking
|-resisted|p2a: Slowking
|-damage|p2a: Slowking|0 fnt
|faint|p2a: Slowking
|-damage|p1a: Whimsicott|20/100 psn|[from] item: Life Orb
|
|-weather|SunnyDay|[upkeep]
|-damage|p1a: Whimsicott|8/100 psn|[from] psn
|upkeep
|
|t:|1779909326
|switch|p2a: Electrode Sr.|Regieleki|100/100
|turn|8
|
|t:|1779909329
|move|p1a: Whimsicott|Giga Drain|p2a: Electrode Sr.
|-damage|p2a: Electrode Sr.|0 fnt
|-heal|p1a: Whimsicott|58/100 psn|[from] drain|[of] p2a: Electrode Sr.
|faint|p2a: Electrode Sr.
|-damage|p1a: Whimsicott|48/100 psn|[from] item: Life Orb
|
|-weather|SunnyDay|[upkeep]
|-damage|p1a: Whimsicott|35/100 psn|[from] psn
|upkeep
|
|t:|1779909333
|switch|p2a: Kingambit|Kingambit, M|100/100
|-activate|p2a: Kingambit|ability: Supreme Overlord
|-start|p2a: Kingambit|fallen2|[silent]
|turn|9
|
|t:|1779909351
|move|p1a: Whimsicott|Moonblast|p2a: Kingambit
|-damage|p2a: Kingambit|6/100
|-damage|p1a: Whimsicott|25/100 psn|[from] item: Life Orb
|move|p2a: Kingambit|Swords Dance|p2a: Kingambit
|-boost|p2a: Kingambit|atk|2
|
|-weather|SunnyDay|[upkeep]
|-heal|p2a: Kingambit|12/100|[from] item: Leftovers
|-damage|p1a: Whimsicott|13/100 psn|[from] psn
|upkeep
|turn|10
|
|t:|1779909355
|move|p1a: Whimsicott|Moonblast|p2a: Kingambit
|-damage|p2a: Kingambit|0 fnt
|faint|p2a: Kingambit
|-end|p2a: Kingambit|fallen2|[silent]
|-damage|p1a: Whimsicott|3/100 psn|[from] item: Life Orb
|
|-weather|none
|-damage|p1a: Whimsicott|0 fnt|[from] psn
|faint|p1a: Whimsicott
|upkeep
|inactive|volcaronaisboss has 120 seconds left.
|
|t:|1779909393
|switch|p1a: Ninetales|Ninetales, M|41/100
|switch|p2a: Zapdos|Zapdos|100/100
|-weather|SunnyDay|[from] ability: Drought|[of] p1a: Ninetales
|turn|11
|inactive|volcaronaisboss has 120 seconds left.
|
|t:|1779909403
|switch|p1a: Iron Moth|Iron Moth|100/100
|-enditem|p1a: Iron Moth|Booster Energy
|-activate|p1a: Iron Moth|ability: Quark Drive|[fromitem]
|-start|p1a: Iron Moth|quarkdrivespa
|move|p2a: Zapdos|Hurricane|p1a: Iron Moth
|-damage|p1a: Iron Moth|42/100
|-start|p1a: Iron Moth|confusion
|
|-weather|SunnyDay|[upkeep]
|upkeep
|turn|12
|
|t:|1779909410
|switch|p2a: Garchomp|Garchomp, F|100/100
|-activate|p1a: Iron Moth|confusion
|-damage|p1a: Iron Moth|33/100|[from] confusion
|
|-weather|SunnyDay|[upkeep]
|upkeep
|turn|13
|
|t:|1779909415
|-activate|p1a: Iron Moth|confusion
|move|p1a: Iron Moth|Fiery Dance|p2a: Garchomp
|-resisted|p2a: Garchomp
|-damage|p2a: Garchomp|62/100
|-boost|p1a: Iron Moth|spa|1
|move|p2a: Garchomp|Earthquake|p1a: Iron Moth
|-supereffective|p1a: Iron Moth
|-damage|p1a: Iron Moth|0 fnt
|faint|p1a: Iron Moth
|-end|p1a: Iron Moth|Quark Drive|[silent]
|
|-weather|SunnyDay|[upkeep]
|upkeep
|
|t:|1779909420
|switch|p1a: Comfey|Comfey, M|100/100
|turn|14
|
|t:|1779909425
|-terastallize|p2a: Garchomp|Ghost
|move|p2a: Garchomp|Earthquake|p1a: Comfey
|-damage|p1a: Comfey|51/100
|move|p1a: Comfey|Growth|p1a: Comfey
|-boost|p1a: Comfey|atk|2
|-boost|p1a: Comfey|spa|2
|
|-weather|SunnyDay|[upkeep]
|upkeep
|turn|15
|
|t:|1779909440
|move|p1a: Comfey|Draining Kiss|p2a: Garchomp
|-damage|p2a: Garchomp|12/100
|-heal|p1a: Comfey|100/100|[from] drain|[of] p2a: Garchomp
|-damage|p1a: Comfey|88/100|[from] ability: Rough Skin|[of] p2a: Garchomp
|-damage|p1a: Comfey|72/100|[from] item: Rocky Helmet|[of] p2a: Garchomp
|-damage|p1a: Comfey|62/100|[from] item: Life Orb
|move|p2a: Garchomp|Earthquake|p1a: Comfey
|-damage|p1a: Comfey|9/100
|
|-weather|SunnyDay|[upkeep]
|upkeep
|turn|16
|
|t:|1779909447
|move|p1a: Comfey|Synthesis|p1a: Comfey
|-heal|p1a: Comfey|76/100
|move|p2a: Garchomp|Earthquake|p1a: Comfey
|-damage|p1a: Comfey|24/100
|
|-weather|SunnyDay|[upkeep]
|upkeep
|turn|17
|
|t:|1779909451
|move|p1a: Comfey|Synthesis|p1a: Comfey
|-heal|p1a: Comfey|91/100
|move|p2a: Garchomp|Earthquake|p1a: Comfey
|-damage|p1a: Comfey|40/100
|
|-weather|SunnyDay|[upkeep]
|upkeep
|turn|18
|
|t:|1779909455
|move|p1a: Comfey|Draining Kiss|p2a: Garchomp
|-damage|p2a: Garchomp|0 fnt
|-heal|p1a: Comfey|52/100|[from] drain|[of] p2a: Garchomp
|-damage|p1a: Comfey|40/100|[from] ability: Rough Skin|[of] p2a: Garchomp
|-damage|p1a: Comfey|23/100|[from] item: Rocky Helmet|[of] p2a: Garchomp
|faint|p2a: Garchomp
|-damage|p1a: Comfey|13/100|[from] item: Life Orb
|
|-weather|none
|upkeep
|
|t:|1779909463
|switch|p2a: Zapdos|Zapdos|100/100
|turn|19
|
|t:|1779909468
|move|p1a: Comfey|Draining Kiss|p2a: Zapdos
|-damage|p2a: Zapdos|40/100
|-heal|p1a: Comfey|61/100|[from] drain|[of] p2a: Zapdos
|-damage|p1a: Comfey|51/100|[from] item: Life Orb
|move|p2a: Zapdos|Hurricane|p1a: Comfey
|-damage|p1a: Comfey|0 fnt
|faint|p1a: Comfey
|
|upkeep
|
|t:|1779909471
|switch|p1a: Ninetales|Ninetales, M|41/100
|-weather|SunnyDay|[from] ability: Drought|[of] p1a: Ninetales
|turn|20
|
|t:|1779909478
|move|p2a: Zapdos|Hurricane|p1a: Ninetales
|-damage|p1a: Ninetales|0 fnt
|faint|p1a: Ninetales
|
|-weather|SunnyDay|[upkeep]
|upkeep
|
|t:|1779909480
|switch|p1a: Walking Wake|Walking Wake|100/100
|-activate|p1a: Walking Wake|ability: Protosynthesis
|-start|p1a: Walking Wake|protosynthesisspe
|turn|21
|
|t:|1779909486
|move|p1a: Walking Wake|Draco Meteor|p2a: Zapdos
|-damage|p2a: Zapdos|0 fnt
|-unboost|p1a: Walking Wake|spa|2
|faint|p2a: Zapdos
|
|-weather|SunnyDay|[upkeep]
|upkeep
|
|t:|1779909488
|switch|p2a: Ogerpon|Ogerpon-Wellspring, F|100/100
|turn|22
|
|t:|1779909492
|-end|p1a: Walking Wake|Protosynthesis|[silent]
|switch|p1a: Great Tusk|Great Tusk|100/100
|-activate|p1a: Great Tusk|ability: Protosynthesis
|-start|p1a: Great Tusk|protosynthesisspe
|move|p2a: Ogerpon|Play Rough|p1a: Great Tusk
|-supereffective|p1a: Great Tusk
|-damage|p1a: Great Tusk|53/100
|-damage|p2a: Ogerpon|84/100|[from] item: Rocky Helmet|[of] p1a: Great Tusk
|
|-weather|SunnyDay|[upkeep]
|upkeep
|turn|23
|
|t:|1779909500
|move|p1a: Great Tusk|Ice Spinner|p2a: Ogerpon
|-damage|p2a: Ogerpon|52/100
|move|p2a: Ogerpon|Ivy Cudgel|p1a: Great Tusk|[anim] Ivy Cudgel Water
|-supereffective|p1a: Great Tusk
|-damage|p1a: Great Tusk|14/100
|
|-weather|SunnyDay|[upkeep]
|upkeep
|turn|24
|
|t:|1779909504
|move|p1a: Great Tusk|Ice Spinner|p2a: Ogerpon
|-damage|p2a: Ogerpon|22/100
|move|p2a: Ogerpon|Ivy Cudgel|p1a: Great Tusk|[anim] Ivy Cudgel Water
|-supereffective|p1a: Great Tusk
|-crit|p1a: Great Tusk
|-damage|p1a: Great Tusk|0 fnt
|faint|p1a: Great Tusk
|-end|p1a: Great Tusk|Protosynthesis|[silent]
|
|-weather|SunnyDay|[upkeep]
|upkeep
|
|t:|1779909507
|switch|p1a: Walking Wake|Walking Wake|100/100
|-activate|p1a: Walking Wake|ability: Protosynthesis
|-start|p1a: Walking Wake|protosynthesisspe
|turn|25
|
|t:|1779909510
|move|p1a: Walking Wake|Draco Meteor|p2a: Ogerpon
|-damage|p2a: Ogerpon|0 fnt
|-unboost|p1a: Walking Wake|spa|2
|faint|p2a: Ogerpon
|
|win|volcaronaisboss
|raw|volcaronaisboss's rating: 1569 &rarr; <strong>1589</strong><br />(+20 for winning)
|raw|TechBuster's rating: 1564 &rarr; <strong>1544</strong><br />(-20 for losing)
|c|☆TechBuster|gg
|c|☆volcaronaisboss|gg
|l|☆volcaronaisboss
|player|p1|
|l|☆TechBuster
|player|p2|
