|j|☆sdgdgsadgs
|j|☆LeoXMuio
|t:|1779953314
|gametype|singles
|player|p1|sdgdgsadgs|102|1350
|player|p2|LeoXMuio|clown|1300
|gen|9
|tier|[Gen 9] OU
|rated|
|rule|HP Percentage Mod: HP is shown in percentages
|rule|Endless Battle Clause: Forcing endless battles is banned
|rule|Species Clause: Limit one of each Pokémon
|rule|OHKO Clause: OHKO moves are banned
|rule|Evasion Items Clause: Evasion items are banned
|rule|Evasion Moves Clause: Evasion moves are banned
|rule|Evasion Abilities Clause: Evasion abilities are banned
|rule|Sleep Moves Clause: Sleep-inducing moves are banned
|clearpoke
|poke|p1|Dragonite, F|
|poke|p1|Great Tusk|
|poke|p1|Deoxys-Speed|
|poke|p1|Gholdengo|
|poke|p1|Zamazenta-*|
|poke|p1|Iron Valiant|
|poke|p2|Charjabug, F|
|poke|p2|Cinderace, M|
|poke|p2|Alomomola, F|
|poke|p2|Serperior, F|
|poke|p2|Kingambit, F|
|poke|p2|Milotic, F|
|teampreview
|
|t:|1779953317
|teamsize|p1|6
|teamsize|p2|6
|start
|switch|p1a: Deoxys|Deoxys-Speed|100/100
|switch|p2a: 走不了|Charjabug, F, shiny|100/100
|-ability|p1a: Deoxys|Pressure
|turn|1
|
|t:|1779953324
|move|p1a: Deoxys|Taunt|p2a: 走不了
|-start|p2a: 走不了|move: Taunt
|move|p2a: 走不了|Lunge|p1a: Deoxys
|-supereffective|p1a: Deoxys
|-damage|p1a: Deoxys|46/100
|-unboost|p1a: Deoxys|atk|1
|
|upkeep
|turn|2
|
|t:|1779953332
|move|p1a: Deoxys|Stealth Rock|p2a: 走不了
|-sidestart|p2: LeoXMuio|move: Stealth Rock
|move|p2a: 走不了|Lunge|p1a: Deoxys
|-supereffective|p1a: Deoxys
|-damage|p1a: Deoxys|0 fnt
|faint|p1a: Deoxys
|
|upkeep
|
|t:|1779953346
|switch|p1a: Dragonite|Dragonite, F|100/100
|turn|3
|
|t:|1779953352
|move|p1a: Dragonite|Dragon Dance|p1a: Dragonite
|-boost|p1a: Dragonite|atk|1
|-boost|p1a: Dragonite|spe|1
|move|p2a: 走不了|Lunge|p1a: Dragonite
|-resisted|p1a: Dragonite
|-damage|p1a: Dragonite|94/100
|-unboost|p1a: Dragonite|atk|1
|
|-end|p2a: 走不了|move: Taunt
|upkeep
|turn|4
|
|t:|1779953362
|move|p1a: Dragonite|Dragon Dance|p1a: Dragonite
|-boost|p1a: Dragonite|atk|1
|-boost|p1a: Dragonite|spe|1
|move|p2a: 走不了|Sticky Web|p1a: Dragonite
|-sidestart|p1: sdgdgsadgs|move: Sticky Web
|
|upkeep
|turn|5
|c|☆sdgdgsadgs|what da bug doing
|
|t:|1779953370
|move|p1a: Dragonite|Fire Punch|p2a: 走不了
|-supereffective|p2a: 走不了
|-damage|p2a: 走不了|34/100
|-damage|p1a: Dragonite|84/100|[from] item: Life Orb
|move|p2a: 走不了|Volt Switch|p1a: Dragonite
|-damage|p1a: Dragonite|69/100
|
|t:|1779953379
|switch|p2a: 点不中|Cinderace, M|100/100|[from] Volt Switch
|
|upkeep
|turn|6
|
|t:|1779953385
|move|p1a: Dragonite|Outrage|p2a: 点不中
|-damage|p2a: 点不中|0 fnt
|faint|p2a: 点不中
|-damage|p1a: Dragonite|59/100|[from] item: Life Orb
|
|upkeep
|-message|LeoXMuio forfeited.
|
|win|sdgdgsadgs
|raw|sdgdgsadgs's rating: 1350 &rarr; <strong>1367</strong><br />(+17 for winning)
|raw|LeoXMuio's rating: 1300 &rarr; <strong>1279</strong><br />(-21 for losing)
|l|☆LeoXMuio
|player|p2|
|l|☆sdgdgsadgs
|player|p1|
