|j|☆kdelekto
|j|☆Ze carrot
|t:|1779962285
|gametype|singles
|player|p1|kdelekto|266|1585
|player|p2|Ze carrot|miku-flying|1522
|gen|9
|tier|[Gen 9] OU
|rated|
|rule|HP Percentage Mod: HP is shown in percentages
|rule|Endless Battle Clause: Forcing endless battles is banned
|rule|Species Clause: Limit one of each Pokémon
|rule|OHKO Clause: OHKO moves are banned
|rule|Evasion Items Clause: Evasion items are banned
|rule|Evasion Moves Clause: Evasion moves are banned
|rule|Evasion Abilities Clause: Evasion abilities are banned
|rule|Sleep Moves Clause: Sleep-inducing moves are banned
|clearpoke
|poke|p1|Corviknight, F|
|poke|p1|Ting-Lu|
|poke|p1|Quagsire, F|
|poke|p1|Gliscor, F|
|poke|p1|Toxapex, F|
|poke|p1|Dragonite, F|
|poke|p2|Pecharunt|
|poke|p2|Hawlucha, F|
|poke|p2|Rillaboom, M|
|poke|p2|Regieleki|
|poke|p2|Slowking-Galar, F|
|poke|p2|Great Tusk|
|teampreview
|inactive|Battle timer is ON: inactive players will automatically lose when time's up. (requested by Ze carrot)
|inactive|kdelekto has 120 seconds left.
|inactive|kdelekto has 90 seconds left.
|
|t:|1779962363
|teamsize|p1|6
|teamsize|p2|6
|start
|switch|p1a: Quagsire|Quagsire, F|100/100
|switch|p2a: Rillaboom|Rillaboom, M|100/100
|-fieldstart|move: Grassy Terrain|[from] ability: Grassy Surge|[of] p2a: Rillaboom
|turn|1
|
|t:|1779962371
|switch|p1a: Corviknight|Corviknight, F|100/100
|-ability|p1a: Corviknight|Pressure
|-terastallize|p2a: Rillaboom|Grass
|move|p2a: Rillaboom|Wood Hammer|p1a: Corviknight
|-resisted|p1a: Corviknight
|-damage|p1a: Corviknight|64/100
|-damage|p2a: Rillaboom|86/100|[from] Recoil
|
|-heal|p2a: Rillaboom|93/100|[from] Grassy Terrain
|-heal|p1a: Corviknight|71/100|[from] item: Leftovers
|upkeep
|turn|2
|
|t:|1779962381
|switch|p2a: Regieleki|Regieleki|100/100
|move|p1a: Corviknight|Roost|p1a: Corviknight
|-heal|p1a: Corviknight|100/100
|-singleturn|p1a: Corviknight|move: Roost
|
|upkeep
|turn|3
|
|t:|1779962385
|switch|p1a: Quagsire|Quagsire, F|100/100
|move|p2a: Regieleki|Thunder Wave|p1a: Quagsire
|-immune|p1a: Quagsire
|
|upkeep
|turn|4
|
|t:|1779962392
|switch|p2a: Pecharunt|Pecharunt|100/100
|move|p1a: Quagsire|Spikes|p2a: Pecharunt
|-sidestart|p2: Ze carrot|Spikes
|
|upkeep
|turn|5
|
|t:|1779962404
|switch|p1a: Ting-Lu|Ting-Lu|100/100
|-ability|p1a: Ting-Lu|Vessel of Ruin
|move|p2a: Pecharunt|Malignant Chain|p1a: Ting-Lu
|-resisted|p1a: Ting-Lu
|-damage|p1a: Ting-Lu|94/100
|
|-heal|p1a: Ting-Lu|100/100|[from] Grassy Terrain
|-fieldend|move: Grassy Terrain
|upkeep
|turn|6
|
|t:|1779962411
|move|p2a: Pecharunt|Parting Shot|p1a: Ting-Lu
|-unboost|p1a: Ting-Lu|atk|1
|-unboost|p1a: Ting-Lu|spa|1
|
|t:|1779962414
|switch|p2a: Rillaboom|Rillaboom, M, tera:Grass|93/100|[from] Parting Shot
|-damage|p2a: Rillaboom|80/100|[from] Spikes
|-fieldstart|move: Grassy Terrain|[from] ability: Grassy Surge|[of] p2a: Rillaboom
|move|p1a: Ting-Lu|Stealth Rock|p2a: Rillaboom
|-sidestart|p2: Ze carrot|move: Stealth Rock
|
|-heal|p2a: Rillaboom|86/100|[from] Grassy Terrain
|upkeep
|turn|7
|
|t:|1779962423
|switch|p1a: Corviknight|Corviknight, F|100/100
|-ability|p1a: Corviknight|Pressure
|move|p2a: Rillaboom|Knock Off|p1a: Corviknight
|-damage|p1a: Corviknight|59/100
|-enditem|p1a: Corviknight|Leftovers|[from] move: Knock Off|[of] p2a: Rillaboom
|
|-heal|p2a: Rillaboom|93/100|[from] Grassy Terrain
|upkeep
|turn|8
|
|t:|1779962429
|switch|p2a: Slowking|Slowking-Galar, F|100/100
|-damage|p2a: Slowking|88/100|[from] Spikes
|-damage|p2a: Slowking|76/100|[from] Stealth Rock
|move|p1a: Corviknight|Roost|p1a: Corviknight
|-heal|p1a: Corviknight|100/100
|-singleturn|p1a: Corviknight|move: Roost
|
|-heal|p2a: Slowking|82/100|[from] Grassy Terrain
|upkeep
|turn|9
|
|t:|1779962436
|switch|p1a: Ting-Lu|Ting-Lu|100/100
|-ability|p1a: Ting-Lu|Vessel of Ruin
|move|p2a: Slowking|Flamethrower|p1a: Ting-Lu
|-damage|p1a: Ting-Lu|88/100
|
|-heal|p1a: Ting-Lu|94/100|[from] Grassy Terrain
|-heal|p2a: Slowking|88/100|[from] Grassy Terrain
|upkeep
|turn|10
|
|t:|1779962443
|move|p1a: Ting-Lu|Heavy Slam|p2a: Slowking
|-damage|p2a: Slowking|57/100
|move|p2a: Slowking|Sludge Bomb|p1a: Ting-Lu
|-resisted|p1a: Ting-Lu
|-damage|p1a: Ting-Lu|86/100
|-status|p1a: Ting-Lu|psn
|
|-heal|p1a: Ting-Lu|92/100 psn|[from] Grassy Terrain
|-heal|p2a: Slowking|63/100|[from] Grassy Terrain
|-damage|p1a: Ting-Lu|79/100 psn|[from] psn
|-fieldend|move: Grassy Terrain
|upkeep
|turn|11
|
|t:|1779962448
|switch|p2a: Pecharunt|Pecharunt|100/100
|move|p1a: Ting-Lu|Earthquake|p2a: Pecharunt
|-supereffective|p2a: Pecharunt
|-crit|p2a: Pecharunt
|-damage|p2a: Pecharunt|45/100
|
|-damage|p1a: Ting-Lu|67/100 psn|[from] psn
|upkeep
|turn|12
|
|t:|1779962456
|move|p2a: Pecharunt|Recover|p2a: Pecharunt
|-heal|p2a: Pecharunt|95/100
|move|p1a: Ting-Lu|Earthquake|p2a: Pecharunt
|-supereffective|p2a: Pecharunt
|-damage|p2a: Pecharunt|58/100
|
|-damage|p1a: Ting-Lu|54/100 psn|[from] psn
|upkeep
|turn|13
|
|t:|1779962464
|switch|p2a: Great Tusk|Great Tusk|100/100
|-damage|p2a: Great Tusk|88/100|[from] Spikes
|-damage|p2a: Great Tusk|85/100|[from] Stealth Rock
|switch|p1a: Gliscor|Gliscor, F, shiny|100/100
|
|-status|p1a: Gliscor|tox|[from] item: Toxic Orb
|upkeep
|turn|14
|
|t:|1779962470
|move|p2a: Great Tusk|Ice Spinner|p1a: Gliscor
|-supereffective|p1a: Gliscor
|-damage|p1a: Gliscor|27/100 tox
|move|p1a: Gliscor|Knock Off|p2a: Great Tusk
|-resisted|p2a: Great Tusk
|-damage|p2a: Great Tusk|78/100
|-damage|p1a: Gliscor|10/100 tox|[from] item: Rocky Helmet|[of] p2a: Great Tusk
|-enditem|p2a: Great Tusk|Rocky Helmet|[from] move: Knock Off|[of] p1a: Gliscor
|
|-heal|p1a: Gliscor|23/100 tox|[from] ability: Poison Heal
|upkeep
|turn|15
|
|t:|1779962477
|move|p1a: Gliscor|Protect|p1a: Gliscor
|-singleturn|p1a: Gliscor|Protect
|move|p2a: Great Tusk|Stealth Rock|p1a: Gliscor
|-sidestart|p1: kdelekto|move: Stealth Rock
|
|-heal|p1a: Gliscor|35/100 tox|[from] ability: Poison Heal
|upkeep
|turn|16
|
|t:|1779962485
|switch|p1a: Quagsire|Quagsire, F|100/100
|move|p2a: Great Tusk|Ice Spinner|p1a: Quagsire
|-damage|p1a: Quagsire|83/100
|
|upkeep
|turn|17
|
|t:|1779962490
|move|p2a: Great Tusk|Rapid Spin|p1a: Quagsire
|-damage|p1a: Quagsire|73/100
|-boost|p2a: Great Tusk|spe|1
|-sideend|p2: Ze carrot|Spikes|[from] move: Rapid Spin|[of] p2a: Great Tusk
|-sideend|p2: Ze carrot|Stealth Rock|[from] move: Rapid Spin|[of] p2a: Great Tusk
|move|p1a: Quagsire|Toxic|p2a: Great Tusk
|-status|p2a: Great Tusk|tox
|
|-damage|p2a: Great Tusk|72/100 tox|[from] psn
|upkeep
|turn|18
|
|t:|1779962495
|move|p2a: Great Tusk|Headlong Rush|p1a: Quagsire
|-damage|p1a: Quagsire|40/100
|-unboost|p2a: Great Tusk|def|1
|-unboost|p2a: Great Tusk|spd|1
|move|p1a: Quagsire|Spikes|p2a: Great Tusk
|-sidestart|p2: Ze carrot|Spikes
|
|-damage|p2a: Great Tusk|59/100 tox|[from] psn
|upkeep
|turn|19
|
|t:|1779962498
|-end|p2a: Great Tusk|Protosynthesis|[silent]
|switch|p2a: Rillaboom|Rillaboom, M, tera:Grass|93/100
|-damage|p2a: Rillaboom|80/100|[from] Spikes
|-fieldstart|move: Grassy Terrain|[from] ability: Grassy Surge|[of] p2a: Rillaboom
|move|p1a: Quagsire|Recover|p1a: Quagsire
|-heal|p1a: Quagsire|90/100
|
|-heal|p2a: Rillaboom|86/100|[from] Grassy Terrain
|-heal|p1a: Quagsire|96/100|[from] Grassy Terrain
|upkeep
|turn|20
|
|t:|1779962502
|switch|p1a: Corviknight|Corviknight, F|100/100
|-damage|p1a: Corviknight|88/100|[from] Stealth Rock
|-ability|p1a: Corviknight|Pressure
|move|p2a: Rillaboom|Wood Hammer|p1a: Corviknight
|-resisted|p1a: Corviknight
|-damage|p1a: Corviknight|55/100
|-damage|p2a: Rillaboom|74/100|[from] Recoil
|
|-heal|p2a: Rillaboom|80/100|[from] Grassy Terrain
|upkeep
|turn|21
|
|t:|1779962509
|move|p2a: Rillaboom|Wood Hammer|p1a: Corviknight
|-resisted|p1a: Corviknight
|-damage|p1a: Corviknight|22/100
|-damage|p2a: Rillaboom|67/100|[from] Recoil
|move|p1a: Corviknight|Roost|p1a: Corviknight
|-heal|p1a: Corviknight|72/100
|-singleturn|p1a: Corviknight|move: Roost
|
|-heal|p2a: Rillaboom|73/100|[from] Grassy Terrain
|-heal|p1a: Corviknight|79/100|[from] Grassy Terrain
|upkeep
|turn|22
|
|t:|1779962515
|switch|p2a: Regieleki|Regieleki|100/100
|move|p1a: Corviknight|Roost|p1a: Corviknight
|-heal|p1a: Corviknight|100/100
|-singleturn|p1a: Corviknight|move: Roost
|
|upkeep
|turn|23
|
|t:|1779962524
|switch|p1a: Quagsire|Quagsire, F|96/100
|move|p2a: Regieleki|Rapid Spin|p1a: Quagsire
|-damage|p1a: Quagsire|89/100
|-boost|p2a: Regieleki|spe|1
|-sideend|p2: Ze carrot|Spikes|[from] move: Rapid Spin|[of] p2a: Regieleki
|
|-heal|p1a: Quagsire|95/100|[from] Grassy Terrain
|-fieldend|move: Grassy Terrain
|upkeep
|turn|24
|
|t:|1779962530
|switch|p2a: Rillaboom|Rillaboom, M, tera:Grass|73/100
|-fieldstart|move: Grassy Terrain|[from] ability: Grassy Surge|[of] p2a: Rillaboom
|move|p1a: Quagsire|Spikes|p2a: Rillaboom
|-sidestart|p2: Ze carrot|Spikes
|
|-heal|p2a: Rillaboom|79/100|[from] Grassy Terrain
|-heal|p1a: Quagsire|100/100|[from] Grassy Terrain
|upkeep
|turn|25
|
|t:|1779962535
|switch|p1a: Corviknight|Corviknight, F|100/100
|-damage|p1a: Corviknight|88/100|[from] Stealth Rock
|-ability|p1a: Corviknight|Pressure
|move|p2a: Rillaboom|U-turn|p1a: Corviknight
|-resisted|p1a: Corviknight
|-crit|p1a: Corviknight
|-damage|p1a: Corviknight|75/100
|
|t:|1779962541
|switch|p2a: Regieleki|Regieleki|100/100|[from] U-turn
|
|upkeep
|turn|26
|
|t:|1779962546
|switch|p1a: Quagsire|Quagsire, F|100/100
|move|p2a: Regieleki|Rapid Spin|p1a: Quagsire
|-damage|p1a: Quagsire|92/100
|-boost|p2a: Regieleki|spe|1
|-sideend|p2: Ze carrot|Spikes|[from] move: Rapid Spin|[of] p2a: Regieleki
|
|-heal|p1a: Quagsire|98/100|[from] Grassy Terrain
|upkeep
|turn|27
|
|t:|1779962553
|switch|p2a: Pecharunt|Pecharunt|58/100
|move|p1a: Quagsire|Toxic|p2a: Pecharunt
|-immune|p2a: Pecharunt
|
|-heal|p2a: Pecharunt|64/100|[from] Grassy Terrain
|-heal|p1a: Quagsire|100/100|[from] Grassy Terrain
|upkeep
|turn|28
|
|t:|1779962560
|switch|p1a: Ting-Lu|Ting-Lu|54/100 psn
|-ability|p1a: Ting-Lu|Vessel of Ruin
|move|p2a: Pecharunt|Parting Shot|p1a: Ting-Lu
|-unboost|p1a: Ting-Lu|atk|1
|-unboost|p1a: Ting-Lu|spa|1
|
|t:|1779962565
|switch|p2a: Great Tusk|Great Tusk|59/100 tox|[from] Parting Shot
|
|-heal|p2a: Great Tusk|65/100 tox|[from] Grassy Terrain
|-heal|p1a: Ting-Lu|61/100 psn|[from] Grassy Terrain
|-damage|p2a: Great Tusk|59/100 tox|[from] psn
|-damage|p1a: Ting-Lu|48/100 psn|[from] psn
|-fieldend|move: Grassy Terrain
|upkeep
|turn|29
|
|t:|1779962574
|switch|p1a: Corviknight|Corviknight, F|75/100
|-damage|p1a: Corviknight|63/100|[from] Stealth Rock
|-ability|p1a: Corviknight|Pressure
|move|p2a: Great Tusk|Ice Spinner|p1a: Corviknight
|-damage|p1a: Corviknight|43/100
|
|-damage|p2a: Great Tusk|47/100 tox|[from] psn
|upkeep
|turn|30
|
|t:|1779962578
|move|p2a: Great Tusk|Ice Spinner|p1a: Corviknight
|-damage|p1a: Corviknight|24/100
|move|p1a: Corviknight|Roost|p1a: Corviknight
|-heal|p1a: Corviknight|74/100
|-singleturn|p1a: Corviknight|move: Roost
|
|-damage|p2a: Great Tusk|28/100 tox|[from] psn
|upkeep
|turn|31
|
|t:|1779962585
|-end|p2a: Great Tusk|Protosynthesis|[silent]
|switch|p2a: Pecharunt|Pecharunt|64/100
|move|p1a: Corviknight|Bulk Up|p1a: Corviknight
|-boost|p1a: Corviknight|atk|1
|-boost|p1a: Corviknight|def|1
|
|upkeep
|turn|32
|
|t:|1779962590
|switch|p1a: Ting-Lu|Ting-Lu|48/100 psn
|-ability|p1a: Ting-Lu|Vessel of Ruin
|move|p2a: Pecharunt|Parting Shot|p1a: Ting-Lu
|-unboost|p1a: Ting-Lu|atk|1
|-unboost|p1a: Ting-Lu|spa|1
|
|t:|1779962594
|switch|p2a: Hawlucha|Hawlucha, F|100/100|[from] Parting Shot
|
|-damage|p1a: Ting-Lu|36/100 psn|[from] psn
|upkeep
|turn|33
|
|t:|1779962600
|switch|p1a: Quagsire|Quagsire, F|100/100
|move|p2a: Hawlucha|Close Combat|p1a: Quagsire
|-damage|p1a: Quagsire|73/100
|-unboost|p2a: Hawlucha|def|1
|-unboost|p2a: Hawlucha|spd|1
|
|upkeep
|turn|34
|
|t:|1779962605
|switch|p2a: Rillaboom|Rillaboom, M, tera:Grass|79/100
|-fieldstart|move: Grassy Terrain|[from] ability: Grassy Surge|[of] p2a: Rillaboom
|move|p1a: Quagsire|Spikes|p2a: Rillaboom
|-sidestart|p2: Ze carrot|Spikes
|
|-heal|p2a: Rillaboom|86/100|[from] Grassy Terrain
|-heal|p1a: Quagsire|79/100|[from] Grassy Terrain
|upkeep
|turn|35
|
|t:|1779962616
|switch|p1a: Dragonite|Dragonite, F|100/100
|move|p2a: Rillaboom|Wood Hammer|p1a: Dragonite
|-resisted|p1a: Dragonite
|-damage|p1a: Dragonite|82/100
|-damage|p2a: Rillaboom|79/100|[from] Recoil
|
|-heal|p2a: Rillaboom|85/100|[from] Grassy Terrain
|upkeep
|turn|36
|
|t:|1779962630
|switch|p2a: Great Tusk|Great Tusk|28/100 tox
|-damage|p2a: Great Tusk|16/100 tox|[from] Spikes
|move|p1a: Dragonite|Dragon Dance|p1a: Dragonite
|-boost|p1a: Dragonite|atk|1
|-boost|p1a: Dragonite|spe|1
|
|-heal|p2a: Great Tusk|22/100 tox|[from] Grassy Terrain
|-damage|p2a: Great Tusk|16/100 tox|[from] psn
|upkeep
|turn|37
|
|t:|1779962635
|move|p1a: Dragonite|Dragon Claw|p2a: Great Tusk
|-damage|p2a: Great Tusk|0 fnt
|faint|p2a: Great Tusk
|-end|p2a: Great Tusk|Protosynthesis|[silent]
|
|upkeep
|
|t:|1779962639
|switch|p2a: Slowking|Slowking-Galar, F|97/100
|-damage|p2a: Slowking|84/100|[from] Spikes
|turn|38
|
|t:|1779962646
|switch|p1a: Ting-Lu|Ting-Lu|36/100 psn
|-ability|p1a: Ting-Lu|Vessel of Ruin
|move|p2a: Slowking|Ice Beam|p1a: Ting-Lu
|-supereffective|p1a: Ting-Lu
|-damage|p1a: Ting-Lu|10/100 psn
|
|-heal|p1a: Ting-Lu|17/100 psn|[from] Grassy Terrain
|-heal|p2a: Slowking|90/100|[from] Grassy Terrain
|-damage|p1a: Ting-Lu|4/100 psn|[from] psn
|-fieldend|move: Grassy Terrain
|upkeep
|turn|39
|
|t:|1779962656
|move|p1a: Ting-Lu|Rest|p1a: Ting-Lu
|-status|p1a: Ting-Lu|slp|[from] move: Rest
|-heal|p1a: Ting-Lu|100/100 slp|[silent]
|move|p2a: Slowking|Ice Beam|p1a: Ting-Lu
|-supereffective|p1a: Ting-Lu
|-damage|p1a: Ting-Lu|79/100 slp
|
|upkeep
|turn|40
|
|t:|1779962659
|cant|p1a: Ting-Lu|slp
|move|p2a: Slowking|Ice Beam|p1a: Ting-Lu
|-supereffective|p1a: Ting-Lu
|-damage|p1a: Ting-Lu|54/100 slp
|
|upkeep
|turn|41
|
|t:|1779962663
|cant|p1a: Ting-Lu|slp
|move|p2a: Slowking|Ice Beam|p1a: Ting-Lu
|-supereffective|p1a: Ting-Lu
|-damage|p1a: Ting-Lu|28/100 slp
|
|upkeep
|turn|42
|
|t:|1779962667
|-curestatus|p1a: Ting-Lu|slp|[msg]
|move|p1a: Ting-Lu|Earthquake|p2a: Slowking
|-supereffective|p2a: Slowking
|-crit|p2a: Slowking
|-damage|p2a: Slowking|0 fnt
|faint|p2a: Slowking
|
|upkeep
|
|t:|1779962669
|switch|p2a: Rillaboom|Rillaboom, M, tera:Grass|85/100
|-damage|p2a: Rillaboom|73/100|[from] Spikes
|-fieldstart|move: Grassy Terrain|[from] ability: Grassy Surge|[of] p2a: Rillaboom
|turn|43
|
|t:|1779962679
|switch|p2a: Hawlucha|Hawlucha, F|100/100
|-enditem|p2a: Hawlucha|Grassy Seed
|-boost|p2a: Hawlucha|def|1|[from] item: Grassy Seed
|switch|p1a: Dragonite|Dragonite, F|82/100
|
|upkeep
|turn|44
|
|t:|1779962682
|switch|p1a: Quagsire|Quagsire, F|79/100
|move|p2a: Hawlucha|Swords Dance|p2a: Hawlucha
|-boost|p2a: Hawlucha|atk|2
|
|-heal|p1a: Quagsire|85/100|[from] Grassy Terrain
|upkeep
|turn|45
|
|t:|1779962689
|move|p2a: Hawlucha|Acrobatics|p1a: Quagsire
|-damage|p1a: Quagsire|58/100
|move|p1a: Quagsire|Toxic|p2a: Hawlucha
|-status|p2a: Hawlucha|tox
|
|-heal|p1a: Quagsire|64/100|[from] Grassy Terrain
|-damage|p2a: Hawlucha|94/100 tox|[from] psn
|upkeep
|turn|46
|
|t:|1779962692
|move|p2a: Hawlucha|Acrobatics|p1a: Quagsire
|-damage|p1a: Quagsire|38/100
|move|p1a: Quagsire|Recover|p1a: Quagsire
|-heal|p1a: Quagsire|88/100
|
|-heal|p1a: Quagsire|94/100|[from] Grassy Terrain
|-damage|p2a: Hawlucha|82/100 tox|[from] psn
|upkeep
|turn|47
|
|t:|1779962696
|switch|p2a: Rillaboom|Rillaboom, M, tera:Grass|73/100
|-damage|p2a: Rillaboom|60/100|[from] Spikes
|move|p1a: Quagsire|Spikes|p2a: Rillaboom
|-sidestart|p2: Ze carrot|Spikes
|
|-heal|p2a: Rillaboom|66/100|[from] Grassy Terrain
|-heal|p1a: Quagsire|99/100|[from] Grassy Terrain
|-fieldend|move: Grassy Terrain
|upkeep
|turn|48
|
|t:|1779962700
|switch|p1a: Dragonite|Dragonite, F|82/100
|move|p2a: Rillaboom|Wood Hammer|p1a: Dragonite
|-resisted|p1a: Dragonite
|-damage|p1a: Dragonite|47/100
|-damage|p2a: Rillaboom|54/100|[from] Recoil
|
|upkeep
|turn|49
|
|t:|1779962702
|move|p2a: Rillaboom|Wood Hammer|p1a: Dragonite
|-resisted|p1a: Dragonite
|-damage|p1a: Dragonite|17/100
|-damage|p2a: Rillaboom|43/100|[from] Recoil
|move|p1a: Dragonite|Roost|p1a: Dragonite
|-heal|p1a: Dragonite|67/100
|-singleturn|p1a: Dragonite|move: Roost
|
|upkeep
|turn|50
|
|t:|1779962704
|switch|p2a: Pecharunt|Pecharunt|64/100
|move|p1a: Dragonite|Roost|p1a: Dragonite
|-heal|p1a: Dragonite|100/100
|-singleturn|p1a: Dragonite|move: Roost
|
|upkeep
|turn|51
|
|t:|1779962728
|switch|p1a: Toxapex|Toxapex, F|100/100
|move|p2a: Pecharunt|Recover|p2a: Pecharunt
|-heal|p2a: Pecharunt|100/100
|
|upkeep
|turn|52
|
|t:|1779962733
|move|p2a: Pecharunt|Parting Shot|p1a: Toxapex
|-unboost|p1a: Toxapex|atk|1
|-unboost|p1a: Toxapex|spa|1
|
|t:|1779962735
|switch|p2a: Regieleki|Regieleki|100/100|[from] Parting Shot
|move|p1a: Toxapex|Toxic Spikes|p2a: Regieleki
|-sidestart|p2: Ze carrot|move: Toxic Spikes
|
|upkeep
|turn|53
|
|t:|1779962739
|switch|p1a: Quagsire|Quagsire, F|99/100
|move|p2a: Regieleki|Rapid Spin|p1a: Quagsire
|-damage|p1a: Quagsire|92/100
|-boost|p2a: Regieleki|spe|1
|-sideend|p2: Ze carrot|Spikes|[from] move: Rapid Spin|[of] p2a: Regieleki
|-sideend|p2: Ze carrot|Toxic Spikes|[from] move: Rapid Spin|[of] p2a: Regieleki
|
|upkeep
|turn|54
|
|t:|1779962747
|switch|p2a: Pecharunt|Pecharunt|100/100
|move|p1a: Quagsire|Spikes|p2a: Pecharunt
|-sidestart|p2: Ze carrot|Spikes
|
|upkeep
|turn|55
|
|t:|1779962751
|move|p2a: Pecharunt|Parting Shot|p1a: Quagsire
|-unboost|p1a: Quagsire|atk|1
|-unboost|p1a: Quagsire|spa|1
|
|t:|1779962754
|switch|p2a: Rillaboom|Rillaboom, M, tera:Grass|43/100|[from] Parting Shot
|-damage|p2a: Rillaboom|31/100|[from] Spikes
|-fieldstart|move: Grassy Terrain|[from] ability: Grassy Surge|[of] p2a: Rillaboom
|move|p1a: Quagsire|Toxic|p2a: Rillaboom
|-status|p2a: Rillaboom|tox
|
|-heal|p2a: Rillaboom|37/100 tox|[from] Grassy Terrain
|-heal|p1a: Quagsire|98/100|[from] Grassy Terrain
|-damage|p2a: Rillaboom|31/100 tox|[from] psn
|upkeep
|turn|56
|
|t:|1779962758
|switch|p1a: Dragonite|Dragonite, F|100/100
|move|p2a: Rillaboom|Wood Hammer|p1a: Dragonite
|-resisted|p1a: Dragonite
|-damage|p1a: Dragonite|78/100
|-damage|p2a: Rillaboom|23/100 tox|[from] Recoil
|
|-heal|p2a: Rillaboom|29/100 tox|[from] Grassy Terrain
|-damage|p2a: Rillaboom|17/100 tox|[from] psn
|upkeep
|turn|57
|
|t:|1779962765
|move|p2a: Rillaboom|Wood Hammer|p1a: Dragonite
|-resisted|p1a: Dragonite
|-damage|p1a: Dragonite|39/100
|-damage|p2a: Rillaboom|3/100 tox|[from] Recoil
|move|p1a: Dragonite|Roost|p1a: Dragonite
|-heal|p1a: Dragonite|89/100
|-singleturn|p1a: Dragonite|move: Roost
|
|-heal|p2a: Rillaboom|9/100 tox|[from] Grassy Terrain
|-heal|p1a: Dragonite|95/100|[from] Grassy Terrain
|-damage|p2a: Rillaboom|0 fnt|[from] psn
|faint|p2a: Rillaboom
|upkeep
|
|t:|1779962773
|switch|p2a: Hawlucha|Hawlucha, F|82/100 tox
|turn|58
|
|t:|1779962776
|switch|p1a: Quagsire|Quagsire, F|98/100
|move|p2a: Hawlucha|Acrobatics|p1a: Quagsire
|-damage|p1a: Quagsire|72/100
|
|-heal|p1a: Quagsire|78/100|[from] Grassy Terrain
|-damage|p2a: Hawlucha|76/100 tox|[from] psn
|upkeep
|turn|59
|
|t:|1779962782
|move|p2a: Hawlucha|Acrobatics|p1a: Quagsire
|-damage|p1a: Quagsire|50/100
|move|p1a: Quagsire|Spikes|p2a: Hawlucha
|-sidestart|p2: Ze carrot|Spikes
|
|-heal|p1a: Quagsire|56/100|[from] Grassy Terrain
|-damage|p2a: Hawlucha|64/100 tox|[from] psn
|-fieldend|move: Grassy Terrain
|upkeep
|turn|60
|-message|Ze carrot forfeited.
|
|win|kdelekto
|raw|kdelekto's rating: 1585 &rarr; <strong>1601</strong><br />(+16 for winning)
|raw|Ze carrot's rating: 1522 &rarr; <strong>1506</strong><br />(-16 for losing)
|l|☆Ze carrot
|player|p2|
|l|☆kdelekto
|player|p1|
