|j|☆phreshoatmeal
|j|☆rebaar
|t:|1779940757
|gametype|singles
|player|p1|phreshoatmeal|clerk|1519
|player|p2|rebaar|psychic-gen4|1482
|gen|9
|tier|[Gen 9] OU
|rated|
|rule|HP Percentage Mod: HP is shown in percentages
|rule|Endless Battle Clause: Forcing endless battles is banned
|rule|Species Clause: Limit one of each Pokémon
|rule|OHKO Clause: OHKO moves are banned
|rule|Evasion Items Clause: Evasion items are banned
|rule|Evasion Moves Clause: Evasion moves are banned
|rule|Evasion Abilities Clause: Evasion abilities are banned
|rule|Sleep Moves Clause: Sleep-inducing moves are banned
|clearpoke
|poke|p1|Kingambit, F|
|poke|p1|Hatterene, F|
|poke|p1|Gengar, F|
|poke|p1|Cresselia, F|
|poke|p1|Porygon2|
|poke|p1|Rabsca, M|
|poke|p2|Ogerpon-Wellspring, F|
|poke|p2|Kingambit, M|
|poke|p2|Landorus-Therian, M|
|poke|p2|Glimmora, F|
|poke|p2|Dragapult, F|
|poke|p2|Iron Valiant|
|teampreview
|
|t:|1779940775
|teamsize|p1|6
|teamsize|p2|6
|start
|switch|p1a: Gengar|Gengar, F|100/100
|switch|p2a: Landorus|Landorus-Therian, M|100/100
|-ability|p2a: Landorus|Intimidate|boost
|-unboost|p1a: Gengar|atk|1
|turn|1
|
|t:|1779940784
|move|p1a: Gengar|Destiny Bond|p1a: Gengar
|-singlemove|p1a: Gengar|Destiny Bond
|move|p2a: Landorus|Stealth Rock|p1a: Gengar
|-sidestart|p1: phreshoatmeal|move: Stealth Rock
|
|upkeep
|turn|2
|
|t:|1779940798
|move|p1a: Gengar|Encore|p2a: Landorus
|-start|p2a: Landorus|Encore
|move|p2a: Landorus|Stealth Rock||[still]
|-fail|p2a: Landorus
|
|upkeep
|turn|3
|
|t:|1779940802
|switch|p2a: Glimmora|Glimmora, F|100/100
|move|p1a: Gengar|Mean Look|p2a: Glimmora
|-activate|p2a: Glimmora|trapped
|
|upkeep
|turn|4
|
|t:|1779940808
|move|p1a: Gengar|Destiny Bond|p1a: Gengar
|-singlemove|p1a: Gengar|Destiny Bond
|move|p2a: Glimmora|Spikes|p1a: Gengar
|-sidestart|p1: phreshoatmeal|Spikes
|
|upkeep
|turn|5
|c|☆rebaar|im crine
|
|t:|1779940820
|move|p1a: Gengar|Perish Song|p1a: Gengar
|-start|p1a: Gengar|perish3|[silent]
|-start|p2a: Glimmora|perish3|[silent]
|-fieldactivate|move: Perish Song
|move|p2a: Glimmora|Spikes|p1a: Gengar
|-sidestart|p1: phreshoatmeal|Spikes
|
|-start|p1a: Gengar|perish3
|-start|p2a: Glimmora|perish3
|upkeep
|turn|6
|
|t:|1779940824
|move|p1a: Gengar|Encore|p2a: Glimmora
|-start|p2a: Glimmora|Encore
|move|p2a: Glimmora|Spikes|p1a: Gengar
|-sidestart|p1: phreshoatmeal|Spikes
|
|-start|p1a: Gengar|perish2
|-start|p2a: Glimmora|perish2
|upkeep
|turn|7
|
|t:|1779940835
|move|p1a: Gengar|Mean Look||[still]
|-fail|p1a: Gengar
|move|p2a: Glimmora|Spikes||[still]
|-fail|p2a: Glimmora
|
|-start|p1a: Gengar|perish1
|-start|p2a: Glimmora|perish1
|upkeep
|turn|8
|
|t:|1779940844
|switch|p1a: Hatterene|Hatterene, F|100/100
|-damage|p1a: Hatterene|88/100|[from] Stealth Rock
|-damage|p1a: Hatterene|63/100|[from] Spikes
|move|p2a: Glimmora|Spikes|p1a: Hatterene
|move|p1a: Hatterene|Spikes|p2a: Glimmora|[from] ability: Magic Bounce
|-sidestart|p2: rebaar|Spikes
|
|-heal|p1a: Hatterene|69/100|[from] item: Leftovers
|-end|p2a: Glimmora|Encore
|-start|p2a: Glimmora|perish0
|upkeep
|faint|p2a: Glimmora
|
|t:|1779940854
|switch|p2a: Dragapult|Dragapult, F|100/100
|-damage|p2a: Dragapult|88/100|[from] Spikes
|turn|9
|
|t:|1779940874
|move|p2a: Dragapult|U-turn|p1a: Hatterene
|-damage|p1a: Hatterene|55/100
|
|t:|1779940880
|switch|p2a: Landorus|Landorus-Therian, M|100/100|[from] U-turn
|-ability|p2a: Landorus|Intimidate|boost
|-unboost|p1a: Hatterene|atk|1
|move|p1a: Hatterene|Trick Room|p1a: Hatterene
|-fieldstart|move: Trick Room|[of] p1a: Hatterene
|
|-heal|p1a: Hatterene|61/100|[from] item: Leftovers
|upkeep
|turn|10
|
|t:|1779940894
|move|p1a: Hatterene|Psychic Noise|p2a: Landorus
|-damage|p2a: Landorus|62/100
|-start|p2a: Landorus|move: Heal Block
|move|p2a: Landorus|Earthquake|p1a: Hatterene
|-damage|p1a: Hatterene|21/100
|
|-heal|p1a: Hatterene|27/100|[from] item: Leftovers
|upkeep
|turn|11
|
|t:|1779940905
|move|p1a: Hatterene|Healing Wish|p1a: Hatterene
|faint|p1a: Hatterene
|move|p2a: Landorus|Earthquake|p1: Hatterene|[notarget]
|-fail|p2a: Landorus
|
|-end|p2a: Landorus|move: Heal Block
|upkeep
|
|t:|1779940911
|switch|p1a: Kingambit|Kingambit, F|100/100
|-damage|p1a: Kingambit|94/100|[from] Stealth Rock
|-damage|p1a: Kingambit|69/100|[from] Spikes
|-activate|p1a: Kingambit|ability: Supreme Overlord
|-start|p1a: Kingambit|fallen1|[silent]
|turn|12
|
|t:|1779940937
|switch|p2a: Kingambit|Kingambit, M|100/100
|-damage|p2a: Kingambit|88/100|[from] Spikes
|-activate|p2a: Kingambit|ability: Supreme Overlord
|-start|p2a: Kingambit|fallen1|[silent]
|move|p1a: Kingambit|Iron Head|p2a: Kingambit
|-resisted|p2a: Kingambit
|-damage|p2a: Kingambit|61/100
|
|-heal|p2a: Kingambit|67/100|[from] item: Leftovers
|upkeep
|turn|13
|
|t:|1779940940
|-end|p2a: Kingambit|fallen1|[silent]
|switch|p2a: Landorus|Landorus-Therian, M|62/100
|-ability|p2a: Landorus|Intimidate|boost
|-unboost|p1a: Kingambit|atk|1
|move|p1a: Kingambit|Iron Head|p2a: Landorus
|-damage|p2a: Landorus|10/100
|-damage|p1a: Kingambit|53/100|[from] item: Rocky Helmet|[of] p2a: Landorus
|
|-fieldend|move: Trick Room
|upkeep
|turn|14
|
|t:|1779940951
|move|p2a: Landorus|Earthquake|p1a: Kingambit
|-supereffective|p1a: Kingambit
|-damage|p1a: Kingambit|0 fnt
|faint|p1a: Kingambit
|-end|p1a: Kingambit|fallen1|[silent]
|
|upkeep
|
|t:|1779940969
|switch|p1a: Porygon2|Porygon2|100/100
|-damage|p1a: Porygon2|88/100|[from] Stealth Rock
|-damage|p1a: Porygon2|63/100|[from] Spikes
|-ability|p1a: Porygon2|Download|boost
|-boost|p1a: Porygon2|spa|1
|turn|15
|
|t:|1779940972
|move|p2a: Landorus|Taunt|p1a: Porygon2
|-start|p1a: Porygon2|move: Taunt
|cant|p1a: Porygon2|move: Taunt|Trick Room
|
|upkeep
|turn|16
|
|t:|1779940976
|move|p2a: Landorus|Earthquake|p1a: Porygon2
|-damage|p1a: Porygon2|33/100
|move|p1a: Porygon2|Tri Attack|p2a: Landorus
|-damage|p2a: Landorus|0 fnt
|faint|p2a: Landorus
|
|upkeep
|
|t:|1779940986
|switch|p2a: Ogerpon|Ogerpon-Wellspring, F|100/100
|-damage|p2a: Ogerpon|88/100|[from] Spikes
|turn|17
|
|t:|1779940988
|move|p2a: Ogerpon|Ivy Cudgel|p1a: Porygon2|[anim] Ivy Cudgel Water
|-damage|p1a: Porygon2|0 fnt
|faint|p1a: Porygon2
|
|upkeep
|
|t:|1779940993
|switch|p1a: Rabsca|Rabsca, M|100/100
|-damage|p1a: Rabsca|76/100|[from] Stealth Rock
|-damage|p1a: Rabsca|51/100|[from] Spikes
|turn|18
|
|t:|1779940996
|-terastallize|p1a: Rabsca|Dragon
|move|p2a: Ogerpon|Taunt|p1a: Rabsca
|-start|p1a: Rabsca|move: Taunt
|cant|p1a: Rabsca|move: Taunt|Speed Swap
|
|upkeep
|turn|19
|-message|phreshoatmeal forfeited.
|
|win|rebaar
|raw|phreshoatmeal's rating: 1519 &rarr; <strong>1497</strong><br />(-22 for losing)
|raw|rebaar's rating: 1482 &rarr; <strong>1504</strong><br />(+22 for winning)
|l|☆phreshoatmeal
|player|p1|
