|j|☆4axes
|j|☆Celsius44
|t:|1779807702
|gametype|singles
|player|p1|4axes|workerice|1636
|player|p2|Celsius44|steven|1619
|gen|9
|tier|[Gen 9] OU
|rated|
|rule|HP Percentage Mod: HP is shown in percentages
|rule|Endless Battle Clause: Forcing endless battles is banned
|rule|Species Clause: Limit one of each Pokémon
|rule|OHKO Clause: OHKO moves are banned
|rule|Evasion Items Clause: Evasion items are banned
|rule|Evasion Moves Clause: Evasion moves are banned
|rule|Evasion Abilities Clause: Evasion abilities are banned
|rule|Sleep Moves Clause: Sleep-inducing moves are banned
|clearpoke
|poke|p1|Zamazenta-*|
|poke|p1|Sinistcha|
|poke|p1|Gliscor, M|
|poke|p1|Corviknight, M|
|poke|p1|Kingambit, F|
|poke|p1|Iron Moth|
|poke|p2|Dragonite, F|
|poke|p2|Iron Crown|
|poke|p2|Ogerpon-Cornerstone, F|
|poke|p2|Keldeo-Resolute|
|poke|p2|Cinderace, M|
|poke|p2|Raging Bolt|
|teampreview
|inactive|Battle timer is ON: inactive players will automatically lose when time's up. (requested by 4axes)
|
|t:|1779807715
|teamsize|p1|6
|teamsize|p2|6
|start
|switch|p1a: Gliscor|Gliscor, M|100/100
|switch|p2a: Dragonite|Dragonite, F|100/100
|turn|1
|j| Nxatyy
|j| ueyr76
|
|t:|1779807740
|switch|p1a: Kingambit|Kingambit, F|100/100
|move|p2a: Dragonite|Ice Spinner|p1a: Kingambit
|-resisted|p1a: Kingambit
|-crit|p1a: Kingambit
|-damage|p1a: Kingambit|79/100
|
|-heal|p1a: Kingambit|86/100|[from] item: Leftovers
|upkeep
|turn|2
|j| Kyurem
|
|t:|1779807745
|move|p2a: Dragonite|Earthquake|p1a: Kingambit
|-supereffective|p1a: Kingambit
|-damage|p1a: Kingambit|15/100
|move|p1a: Kingambit|Stealth Rock|p2a: Dragonite
|-sidestart|p2: Celsius44|move: Stealth Rock
|
|-heal|p1a: Kingambit|21/100|[from] item: Leftovers
|upkeep
|turn|3
|l| Kyurem
|l| ueyr76
|j| Dante1310
|
|t:|1779807756
|-end|p1a: Kingambit|fallenundefined|[silent]
|switch|p1a: Zamazenta|Zamazenta|100/100
|-ability|p1a: Zamazenta|Dauntless Shield|boost
|-boost|p1a: Zamazenta|def|1
|move|p2a: Dragonite|Dragon Dance|p2a: Dragonite
|-boost|p2a: Dragonite|atk|1
|-boost|p2a: Dragonite|spe|1
|
|upkeep
|turn|4
|
|t:|1779807763
|move|p1a: Zamazenta|Ice Fang|p2a: Dragonite
|-supereffective|p2a: Dragonite
|-damage|p2a: Dragonite|57/100
|move|p2a: Dragonite|Earthquake|p1a: Zamazenta
|-damage|p1a: Zamazenta|61/100
|
|-heal|p2a: Dragonite|64/100|[from] item: Leftovers
|upkeep
|turn|5
|
|t:|1779807769
|switch|p2a: Cinderace|Cinderace, M|100/100
|move|p1a: Zamazenta|Ice Fang|p2a: Cinderace
|-resisted|p2a: Cinderace
|-damage|p2a: Cinderace|86/100
|
|upkeep
|turn|6
|
|t:|1779807776
|move|p1a: Zamazenta|Close Combat|p2a: Cinderace
|-crit|p2a: Cinderace
|-damage|p2a: Cinderace|0 fnt
|-unboost|p1a: Zamazenta|def|1
|-unboost|p1a: Zamazenta|spd|1
|faint|p2a: Cinderace
|
|upkeep
|
|t:|1779807779
|switch|p2a: Keldeo|Keldeo-Resolute|100/100
|-damage|p2a: Keldeo|94/100|[from] Stealth Rock
|turn|7
|
|t:|1779807784
|switch|p1a: Corviknight|Corviknight, M|100/100
|-ability|p1a: Corviknight|Pressure
|move|p2a: Keldeo|Flip Turn|p1a: Corviknight
|-damage|p1a: Corviknight|89/100
|
|t:|1779807794
|switch|p2a: Ogerpon|Ogerpon-Cornerstone, F|100/100|[from] Flip Turn
|-damage|p2a: Ogerpon|88/100|[from] Stealth Rock
|
|-heal|p1a: Corviknight|95/100|[from] item: Leftovers
|upkeep
|turn|8
|j| KangkongNation
|
|t:|1779807802
|switch|p1a: Sinistcha|Sinistcha|100/100
|move|p2a: Ogerpon|Knock Off|p1a: Sinistcha
|-supereffective|p1a: Sinistcha
|-damage|p1a: Sinistcha|43/100
|-enditem|p1a: Sinistcha|Heavy-Duty Boots|[from] move: Knock Off|[of] p2a: Ogerpon
|
|upkeep
|turn|9
|
|t:|1779807807
|-terastallize|p2a: Ogerpon|Rock
|detailschange|p2a: Ogerpon|Ogerpon-Cornerstone-Tera, F, tera:Rock
|-ability|p2a: Ogerpon|Embody Aspect (Cornerstone)|boost
|-boost|p2a: Ogerpon|def|1
|move|p2a: Ogerpon|Ivy Cudgel|p1a: Sinistcha|[anim] Ivy Cudgel Rock
|-damage|p1a: Sinistcha|0 fnt
|faint|p1a: Sinistcha
|
|upkeep
|
|t:|1779807811
|switch|p1a: Zamazenta|Zamazenta|61/100
|turn|10
|
|t:|1779807817
|move|p1a: Zamazenta|Close Combat|p2a: Ogerpon
|-supereffective|p2a: Ogerpon
|-damage|p2a: Ogerpon|0 fnt
|-unboost|p1a: Zamazenta|def|1
|-unboost|p1a: Zamazenta|spd|1
|faint|p2a: Ogerpon
|detailschange|p2: Ogerpon|Ogerpon-Cornerstone, F|[silent]
|
|upkeep
|j| ueyr76
|
|t:|1779807820
|switch|p2a: Keldeo|Keldeo-Resolute|94/100
|-damage|p2a: Keldeo|88/100|[from] Stealth Rock
|turn|11
|
|t:|1779807826
|switch|p1a: Corviknight|Corviknight, M|95/100
|-ability|p1a: Corviknight|Pressure
|move|p2a: Keldeo|Surf|p1a: Corviknight
|-damage|p1a: Corviknight|57/100
|
|-heal|p1a: Corviknight|63/100|[from] item: Leftovers
|upkeep
|turn|12
|
|t:|1779807831
|move|p2a: Keldeo|Surf|p1a: Corviknight
|-damage|p1a: Corviknight|28/100
|move|p1a: Corviknight|Roost|p1a: Corviknight
|-heal|p1a: Corviknight|78/100
|-singleturn|p1a: Corviknight|move: Roost
|
|-heal|p1a: Corviknight|84/100|[from] item: Leftovers
|upkeep
|turn|13
|l| KangkongNation
|
|t:|1779807842
|switch|p2a: Iron Crown|Iron Crown|100/100
|-damage|p2a: Iron Crown|94/100|[from] Stealth Rock
|move|p1a: Corviknight|Roost|p1a: Corviknight
|-heal|p1a: Corviknight|100/100
|-singleturn|p1a: Corviknight|move: Roost
|
|upkeep
|turn|14
|
|t:|1779807848
|switch|p1a: Gliscor|Gliscor, M|100/100
|move|p2a: Iron Crown|Agility|p2a: Iron Crown
|-boost|p2a: Iron Crown|spe|2
|
|-status|p1a: Gliscor|tox|[from] item: Toxic Orb
|upkeep
|turn|15
|
|t:|1779807860
|move|p2a: Iron Crown|Agility|p2a: Iron Crown
|-boost|p2a: Iron Crown|spe|2
|move|p1a: Gliscor|Earthquake|p2a: Iron Crown
|-supereffective|p2a: Iron Crown
|-damage|p2a: Iron Crown|44/100
|-enditem|p2a: Iron Crown|Weakness Policy
|-boost|p2a: Iron Crown|atk|2|[from] item: Weakness Policy
|-boost|p2a: Iron Crown|spa|2|[from] item: Weakness Policy
|
|upkeep
|turn|16
|
|t:|1779807867
|-terastallize|p1a: Gliscor|Dark
|move|p2a: Iron Crown|Stored Power|p1a: Gliscor
|-immune|p1a: Gliscor
|move|p1a: Gliscor|Earthquake|p2a: Iron Crown
|-supereffective|p2a: Iron Crown
|-damage|p2a: Iron Crown|0 fnt
|faint|p2a: Iron Crown
|-end|p2a: Iron Crown|Quark Drive|[silent]
|
|upkeep
|
|t:|1779807870
|switch|p2a: Keldeo|Keldeo-Resolute|88/100
|-damage|p2a: Keldeo|82/100|[from] Stealth Rock
|turn|17
|
|t:|1779807884
|switch|p1a: Corviknight|Corviknight, M|100/100
|-ability|p1a: Corviknight|Pressure
|move|p2a: Keldeo|Secret Sword|p1a: Corviknight
|-damage|p1a: Corviknight|57/100
|
|-heal|p1a: Corviknight|64/100|[from] item: Leftovers
|upkeep
|turn|18
|
|t:|1779807895
|switch|p2a: Raging Bolt|Raging Bolt|100/100
|-damage|p2a: Raging Bolt|88/100|[from] Stealth Rock
|-enditem|p2a: Raging Bolt|Booster Energy
|-activate|p2a: Raging Bolt|ability: Protosynthesis|[fromitem]
|-start|p2a: Raging Bolt|protosynthesisspa
|move|p1a: Corviknight|Roost|p1a: Corviknight
|-heal|p1a: Corviknight|100/100
|-singleturn|p1a: Corviknight|move: Roost
|
|upkeep
|turn|19
|
|t:|1779807898
|switch|p1a: Iron Moth|Iron Moth|100/100
|move|p2a: Raging Bolt|Calm Mind|p2a: Raging Bolt
|-boost|p2a: Raging Bolt|spa|1
|-boost|p2a: Raging Bolt|spd|1
|
|upkeep
|turn|20
|
|t:|1779807905
|move|p1a: Iron Moth|Toxic|p2a: Raging Bolt
|-status|p2a: Raging Bolt|tox
|move|p2a: Raging Bolt|Thunderbolt|p1a: Iron Moth
|-damage|p1a: Iron Moth|19/100
|
|-damage|p2a: Raging Bolt|82/100 tox|[from] psn
|upkeep
|turn|21
|l| ueyr76
|
|t:|1779807920
|move|p1a: Iron Moth|Sludge Wave|p2a: Raging Bolt
|-damage|p2a: Raging Bolt|58/100 tox
|move|p2a: Raging Bolt|Thunderbolt|p1a: Iron Moth
|-crit|p1a: Iron Moth
|-damage|p1a: Iron Moth|0 fnt
|faint|p1a: Iron Moth
|-end|p1a: Iron Moth|Quark Drive|[silent]
|
|-damage|p2a: Raging Bolt|45/100 tox|[from] psn
|upkeep
|
|t:|1779807924
|switch|p1a: Gliscor|Gliscor, M, tera:Dark|100/100 tox
|turn|22
|
|t:|1779807928
|move|p1a: Gliscor|Protect|p1a: Gliscor
|-singleturn|p1a: Gliscor|Protect
|move|p2a: Raging Bolt|Thunderclap||[still]
|-fail|p2a: Raging Bolt
|
|-damage|p2a: Raging Bolt|27/100 tox|[from] psn
|upkeep
|turn|23
|
|t:|1779807934
|move|p1a: Gliscor|Earthquake|p2a: Raging Bolt
|-supereffective|p2a: Raging Bolt
|-crit|p2a: Raging Bolt
|-damage|p2a: Raging Bolt|0 fnt
|faint|p2a: Raging Bolt
|-end|p2a: Raging Bolt|Protosynthesis|[silent]
|
|upkeep
|
|t:|1779807937
|switch|p2a: Keldeo|Keldeo-Resolute|82/100
|-damage|p2a: Keldeo|76/100|[from] Stealth Rock
|turn|24
|
|t:|1779807941
|move|p1a: Gliscor|Protect|p1a: Gliscor
|-singleturn|p1a: Gliscor|Protect
|move|p2a: Keldeo|Secret Sword|p1a: Gliscor
|-activate|p1a: Gliscor|move: Protect
|
|upkeep
|turn|25
|
|t:|1779807949
|switch|p1a: Corviknight|Corviknight, M|100/100
|-ability|p1a: Corviknight|Pressure
|move|p2a: Keldeo|Secret Sword|p1a: Corviknight
|-damage|p1a: Corviknight|64/100
|
|-heal|p1a: Corviknight|70/100|[from] item: Leftovers
|upkeep
|turn|26
|
|t:|1779807955
|move|p2a: Keldeo|Secret Sword|p1a: Corviknight
|-damage|p1a: Corviknight|31/100
|move|p1a: Corviknight|Roost|p1a: Corviknight
|-heal|p1a: Corviknight|81/100
|-singleturn|p1a: Corviknight|move: Roost
|
|-heal|p1a: Corviknight|87/100|[from] item: Leftovers
|upkeep
|turn|27
|
|t:|1779807965
|move|p2a: Keldeo|Secret Sword|p1a: Corviknight
|-damage|p1a: Corviknight|51/100
|move|p1a: Corviknight|Iron Head|p2a: Keldeo
|-resisted|p2a: Keldeo
|-damage|p2a: Keldeo|63/100
|
|-heal|p1a: Corviknight|57/100|[from] item: Leftovers
|upkeep
|turn|28
|
|t:|1779807970
|switch|p2a: Dragonite|Dragonite, F|64/100
|-damage|p2a: Dragonite|39/100|[from] Stealth Rock
|move|p1a: Corviknight|Roost|p1a: Corviknight
|-heal|p1a: Corviknight|100/100
|-singleturn|p1a: Corviknight|move: Roost
|
|-heal|p2a: Dragonite|45/100|[from] item: Leftovers
|upkeep
|turn|29
|
|t:|1779807977
|switch|p1a: Kingambit|Kingambit, F|21/100
|-activate|p1a: Kingambit|ability: Supreme Overlord
|-start|p1a: Kingambit|fallen2|[silent]
|move|p2a: Dragonite|Dragon Dance|p2a: Dragonite
|-boost|p2a: Dragonite|atk|1
|-boost|p2a: Dragonite|spe|1
|
|-heal|p2a: Dragonite|51/100|[from] item: Leftovers
|-heal|p1a: Kingambit|27/100|[from] item: Leftovers
|upkeep
|turn|30
|
|t:|1779807981
|move|p2a: Dragonite|Extreme Speed|p1a: Kingambit
|-resisted|p1a: Kingambit
|-crit|p1a: Kingambit
|-damage|p1a: Kingambit|0 fnt
|faint|p1a: Kingambit
|-end|p1a: Kingambit|fallen2|[silent]
|
|-heal|p2a: Dragonite|57/100|[from] item: Leftovers
|upkeep
|
|t:|1779807985
|switch|p1a: Zamazenta|Zamazenta|61/100
|turn|31
|
|t:|1779807988
|move|p1a: Zamazenta|Ice Fang|p2a: Dragonite
|-supereffective|p2a: Dragonite
|-damage|p2a: Dragonite|0 fnt
|faint|p2a: Dragonite
|
|upkeep
|
|t:|1779807990
|switch|p2a: Keldeo|Keldeo-Resolute|63/100
|-damage|p2a: Keldeo|57/100|[from] Stealth Rock
|turn|32
|
|t:|1779807995
|move|p2a: Keldeo|Surf|p1a: Zamazenta
|-damage|p1a: Zamazenta|17/100
|move|p1a: Zamazenta|Close Combat|p2a: Keldeo
|-damage|p2a: Keldeo|0 fnt
|-unboost|p1a: Zamazenta|def|1
|-unboost|p1a: Zamazenta|spd|1
|faint|p2a: Keldeo
|
|win|4axes
|raw|4axes's rating: 1636 &rarr; <strong>1655</strong><br />(+19 for winning)
|raw|Celsius44's rating: 1619 &rarr; <strong>1600</strong><br />(-19 for losing)
|l|☆Celsius44
|player|p2|
|l| Nxatyy
|l|☆4axes
|player|p1|
|j| ueyr76
