|j|☆lvcinda
|j|☆Pansears
|inactive|Battle timer is ON: inactive players will automatically lose when time's up.
|t:|1779831109
|gametype|singles
|player|p1|lvcinda|cynthia-anime|
|player|p2|Pansears|ethan-masters|
|gen|9
|tier|[Gen 9] OU
|rated|Tournament battle
|rule|HP Percentage Mod: HP is shown in percentages
|rule|Endless Battle Clause: Forcing endless battles is banned
|rule|Species Clause: Limit one of each Pokémon
|rule|OHKO Clause: OHKO moves are banned
|rule|Evasion Items Clause: Evasion items are banned
|rule|Evasion Moves Clause: Evasion moves are banned
|rule|Evasion Abilities Clause: Evasion abilities are banned
|rule|Sleep Moves Clause: Sleep-inducing moves are banned
|rule|Protean Palace Mod: Pokémon become the type of the move they use.
|raw|<div class="infobox"><details class="readmore" open><summary><strong>2 custom rules:</strong></summary> -wobbuffet, proteanpalacemod</details></div>
|clearpoke
|poke|p1|Masquerain, M|
|poke|p1|Quaxwell, F|
|poke|p1|Timburr, M|
|poke|p1|Magnemite|
|poke|p2|Haxorus, F|
|poke|p2|Wooper, M|
|poke|p2|Foongus, M|
|poke|p2|Corphish, F|
|teampreview
|j|*Lady Monita 
|
|t:|1779831139
|teamsize|p1|4
|teamsize|p2|4
|start
|switch|p1a: Masquerain|Masquerain, M|100/100
|switch|p2a: Wooper|Wooper, M|100/100
|-ability|p1a: Masquerain|Intimidate|boost
|-unboost|p2a: Wooper|atk|1
|turn|1
|j| FireFrostDragon
|
|t:|1779831157
|move|p1a: Masquerain|Energy Ball|p2a: Wooper
|-start|p1a: Masquerain|typechange|Grass|[from] ability: Protean
|-supereffective|p2a: Wooper
|-damage|p2a: Wooper|0 fnt
|faint|p2a: Wooper
|
|upkeep
|
|t:|1779831162
|switch|p2a: Haxorus|Haxorus, F, shiny|100/100
|-ability|p2a: Haxorus|Mold Breaker
|turn|2
|
|t:|1779831173
|switch|p1a: Quaxwell|Quaxwell, F|100/100
|move|p2a: Haxorus|First Impression|p1a: Quaxwell
|-start|p2a: Haxorus|typechange|Bug|[from] ability: Protean
|-damage|p1a: Quaxwell|40/100
|-damage|p2a: Haxorus|91/100|[from] item: Life Orb
|
|upkeep
|turn|3
|
|t:|1779831184
|move|p1a: Quaxwell|Aqua Jet|p2a: Haxorus
|-crit|p2a: Haxorus
|-damage|p2a: Haxorus|57/100
|move|p2a: Haxorus|Close Combat|p1a: Quaxwell
|-start|p2a: Haxorus|typechange|Fighting|[from] ability: Protean
|-crit|p1a: Quaxwell
|-damage|p1a: Quaxwell|0 fnt
|-unboost|p2a: Haxorus|def|1
|-unboost|p2a: Haxorus|spd|1
|faint|p1a: Quaxwell
|-damage|p2a: Haxorus|48/100|[from] item: Life Orb
|
|upkeep
|
|t:|1779831194
|switch|p1a: Magnemite|Magnemite|100/100
|turn|4
|
|t:|1779831203
|switch|p2a: Foongus|Foongus, M|100/100
|move|p1a: Magnemite|Volt Switch|p2a: Foongus
|-start|p1a: Magnemite|typechange|Electric|[from] ability: Protean
|-resisted|p2a: Foongus
|-damage|p2a: Foongus|92/100
|
|t:|1779831206
|switch|p1a: Masquerain|Masquerain, M|100/100|[from] Volt Switch
|-ability|p1a: Masquerain|Intimidate|boost
|-unboost|p2a: Foongus|atk|1
|
|upkeep
|turn|5
|
|t:|1779831216
|move|p1a: Masquerain|Air Slash|p2a: Foongus
|-start|p1a: Masquerain|typechange|Flying|[from] ability: Protean
|-supereffective|p2a: Foongus
|-damage|p2a: Foongus|46/100
|cant|p2a: Foongus|flinch
|
|upkeep
|turn|6
|
|t:|1779831223
|move|p2a: Foongus|Protect|p2a: Foongus
|-start|p2a: Foongus|typechange|Normal|[from] ability: Protean
|-singleturn|p2a: Foongus|Protect
|move|p1a: Masquerain|Air Slash|p2a: Foongus
|-activate|p2a: Foongus|move: Protect
|
|upkeep
|turn|7
|
|t:|1779831230
|move|p1a: Masquerain|Bug Buzz|p2a: Foongus
|-start|p1a: Masquerain|typechange|Bug|[from] ability: Protean
|-crit|p2a: Foongus
|-damage|p2a: Foongus|6/100
|move|p2a: Foongus|Synthesis|p2a: Foongus
|-start|p2a: Foongus|typechange|Grass|[from] ability: Protean
|-heal|p2a: Foongus|56/100
|
|upkeep
|turn|8
|
|t:|1779831244
|switch|p1a: Timburr|Timburr, M|100/100
|move|p2a: Foongus|Protect||[still]
|-fail|p2a: Foongus
|
|upkeep
|turn|9
|
|t:|1779831250
|move|p1a: Timburr|Knock Off|p2a: Foongus
|-start|p1a: Timburr|typechange|Dark|[from] ability: Protean
|-damage|p2a: Foongus|10/100
|-enditem|p2a: Foongus|Eviolite|[from] move: Knock Off|[of] p1a: Timburr
|move|p2a: Foongus|Toxic|p1a: Timburr
|-start|p2a: Foongus|typechange|Poison|[from] ability: Protean
|-status|p1a: Timburr|tox
|
|-damage|p1a: Timburr|94/100 tox|[from] psn
|upkeep
|turn|10
|
|t:|1779831255
|move|p1a: Timburr|Ice Punch|p2a: Foongus
|-start|p1a: Timburr|typechange|Ice|[from] ability: Protean
|-damage|p2a: Foongus|0 fnt
|faint|p2a: Foongus
|
|-damage|p1a: Timburr|82/100 tox|[from] psn
|upkeep
|inactive|Pansears has 120 seconds left.
|
|t:|1779831302
|switch|p2a: Haxorus|Haxorus, F, shiny|48/100
|-ability|p2a: Haxorus|Mold Breaker
|turn|11
|
|t:|1779831311
|move|p1a: Timburr|Mach Punch|p2a: Haxorus
|-start|p1a: Timburr|typechange|Fighting|[from] ability: Protean
|-damage|p2a: Haxorus|23/100
|move|p2a: Haxorus|Iron Head|p1a: Timburr
|-start|p2a: Haxorus|typechange|Steel|[from] ability: Protean
|-damage|p1a: Timburr|17/100 tox
|-damage|p2a: Haxorus|13/100|[from] item: Life Orb
|
|-damage|p1a: Timburr|0 fnt|[from] psn
|faint|p1a: Timburr
|upkeep
|
|t:|1779831322
|switch|p1a: Masquerain|Masquerain, M|100/100
|-ability|p1a: Masquerain|Intimidate|boost
|-unboost|p2a: Haxorus|atk|1
|turn|12
|
|t:|1779831330
|switch|p2a: Corphish|Corphish, F|100/100
|move|p1a: Masquerain|Surf|p2a: Corphish
|-start|p1a: Masquerain|typechange|Water|[from] ability: Protean
|-resisted|p2a: Corphish
|-damage|p2a: Corphish|33/100
|
|upkeep
|turn|13
|j| Sirwazock
|
|t:|1779831341
|-terastallize|p2a: Corphish|Water
|move|p2a: Corphish|Aqua Jet|p1a: Masquerain
|-resisted|p1a: Masquerain
|-crit|p1a: Masquerain
|-damage|p1a: Masquerain|57/100
|-damage|p2a: Corphish|23/100|[from] item: Life Orb
|move|p1a: Masquerain|Bug Buzz|p2a: Corphish
|-start|p1a: Masquerain|typechange|Bug|[from] ability: Protean
|-damage|p2a: Corphish|0 fnt
|faint|p2a: Corphish
|
|upkeep
|
|t:|1779831344
|switch|p2a: Haxorus|Haxorus, F, shiny|13/100
|-ability|p2a: Haxorus|Mold Breaker
|turn|14
|c|☆lvcinda|gg
|
|t:|1779831350
|move|p2a: Haxorus|Iron Head|p1a: Masquerain
|-start|p2a: Haxorus|typechange|Steel|[from] ability: Protean
|-damage|p1a: Masquerain|0 fnt
|faint|p1a: Masquerain
|-damage|p2a: Haxorus|3/100|[from] item: Life Orb
|
|upkeep
|
|t:|1779831352
|switch|p1a: Magnemite|Magnemite|100/100
|turn|15
|c|☆Pansears|oh is it sturdy
|c|☆Pansears|gg
|
|t:|1779831363
|move|p2a: Haxorus|Close Combat|p1a: Magnemite
|-start|p2a: Haxorus|typechange|Fighting|[from] ability: Protean
|-supereffective|p1a: Magnemite
|-damage|p1a: Magnemite|0 fnt
|-unboost|p2a: Haxorus|def|1
|-unboost|p2a: Haxorus|spd|1
|faint|p1a: Magnemite
|-damage|p2a: Haxorus|0 fnt|[from] item: Life Orb
|faint|p2a: Haxorus
|
|win|Pansears
|n|☆lvcinda|lvcinda
|n|☆Pansears|pansears
|n|*Lady Monita |ladymonita
|n| FireFrostDragon|firefrostdragon
|n| Sirwazock|sirwazock
