|j|☆siddhy2007
|j|☆Hike Mawk
|t:|1779910924
|gametype|singles
|player|p1|siddhy2007|265|1381
|player|p2|Hike Mawk|riley|1348
|gen|9
|tier|[Gen 9] OU
|rated|
|rule|HP Percentage Mod: HP is shown in percentages
|rule|Endless Battle Clause: Forcing endless battles is banned
|rule|Species Clause: Limit one of each Pokémon
|rule|OHKO Clause: OHKO moves are banned
|rule|Evasion Items Clause: Evasion items are banned
|rule|Evasion Moves Clause: Evasion moves are banned
|rule|Evasion Abilities Clause: Evasion abilities are banned
|rule|Sleep Moves Clause: Sleep-inducing moves are banned
|clearpoke
|poke|p1|Darkrai|
|poke|p1|Garchomp, M|
|poke|p1|Alomomola, M|
|poke|p1|Corviknight, F|
|poke|p1|Weezing-Galar, M|
|poke|p1|Ogerpon, F|
|poke|p2|Gliscor, M|
|poke|p2|Clefable, F|
|poke|p2|Corviknight, M|
|poke|p2|Blissey, F|
|poke|p2|Forretress, F|
|poke|p2|Garganacl, F|
|teampreview
|inactive|Battle timer is ON: inactive players will automatically lose when time's up. (requested by siddhy2007)
|
|t:|1779910949
|teamsize|p1|6
|teamsize|p2|6
|start
|switch|p1a: Darkrai|Darkrai|100/100
|switch|p2a: Rocki|Garganacl, F, shiny|100/100
|turn|1
|
|t:|1779910961
|switch|p2a: Zira|Blissey, F|100/100
|move|p1a: Darkrai|Trick|p2a: Zira
|-activate|p1a: Darkrai|move: Trick|[of] p2a: Zira
|-item|p2a: Zira|Choice Specs|[from] move: Trick
|-item|p1a: Darkrai|Expert Belt|[from] move: Trick
|
|upkeep
|turn|2
|
|t:|1779910966
|switch|p1a: Garchomp|Garchomp, M|100/100
|move|p2a: Zira|Ice Beam|p1a: Garchomp
|-supereffective|p1a: Garchomp
|-damage|p1a: Garchomp|0 fnt
|faint|p1a: Garchomp
|
|upkeep
|c|☆Hike Mawk|Thx
|
|t:|1779910981
|switch|p1a: Alomomola|Alomomola, M|100/100
|turn|3
|
|t:|1779910984
|move|p2a: Zira|Ice Beam|p1a: Alomomola
|-resisted|p1a: Alomomola
|-damage|p1a: Alomomola|91/100
|move|p1a: Alomomola|Flip Turn|p2a: Zira
|-damage|p2a: Zira|69/100
|
|t:|1779910989
|switch|p1a: Ogerpon|Ogerpon, F|100/100|[from] Flip Turn
|
|upkeep
|turn|4
|
|t:|1779910998
|switch|p1a: Alomomola|Alomomola, M|100/100
|switch|p2a: Goldenuke|Forretress, F, shiny|100/100
|
|upkeep
|turn|5
|
|t:|1779911004
|move|p1a: Alomomola|Flip Turn|p2a: Goldenuke
|-damage|p2a: Goldenuke|92/100
|
|t:|1779911007
|switch|p1a: Darkrai|Darkrai|100/100|[from] Flip Turn
|move|p2a: Goldenuke|Iron Defense|p2a: Goldenuke
|-boost|p2a: Goldenuke|def|2
|
|upkeep
|turn|6
|
|t:|1779911014
|move|p1a: Darkrai|Dark Pulse|p2a: Goldenuke
|-damage|p2a: Goldenuke|24/100
|move|p2a: Goldenuke|Body Press|p1a: Darkrai
|-supereffective|p1a: Darkrai
|-damage|p1a: Darkrai|0 fnt
|faint|p1a: Darkrai
|
|upkeep
|
|t:|1779911022
|switch|p1a: Ogerpon|Ogerpon, F|100/100
|turn|7
|
|t:|1779911028
|-terastallize|p1a: Ogerpon|Grass
|detailschange|p1a: Ogerpon|Ogerpon-Teal-Tera, F, tera:Grass
|-ability|p1a: Ogerpon|Embody Aspect (Teal)|boost
|-boost|p1a: Ogerpon|spe|1
|move|p1a: Ogerpon|Ivy Cudgel|p2a: Goldenuke
|-resisted|p2a: Goldenuke
|-crit|p2a: Goldenuke
|-damage|p2a: Goldenuke|11/100
|move|p2a: Goldenuke|Body Press|p1a: Ogerpon
|-damage|p1a: Ogerpon|12/100
|
|upkeep
|turn|8
|
|t:|1779911033
|move|p1a: Ogerpon|Ivy Cudgel|p2a: Goldenuke
|-resisted|p2a: Goldenuke
|-damage|p2a: Goldenuke|6/100
|move|p2a: Goldenuke|Body Press|p1a: Ogerpon
|-damage|p1a: Ogerpon|0 fnt
|faint|p1a: Ogerpon
|detailschange|p1: Ogerpon|Ogerpon, F|[silent]
|
|upkeep
|-message|siddhy2007 forfeited.
|
|win|Hike Mawk
|raw|siddhy2007's rating: 1381 &rarr; <strong>1359</strong><br />(-22 for losing)
|raw|Hike Mawk's rating: 1348 &rarr; <strong>1370</strong><br />(+22 for winning)
|l|☆siddhy2007
|player|p1|
|l|☆Hike Mawk
|player|p2|
|j|☆Hike Mawk
|player|p2|Hike Mawk|riley|
