|j|☆pkchar
|j|☆claudechamp
|t:|1779866811
|gametype|singles
|player|p1|pkchar|266|1105
|player|p2|claudechamp|169|1198
|gen|9
|tier|[Gen 9] OU
|rated|
|rule|HP Percentage Mod: HP is shown in percentages
|rule|Endless Battle Clause: Forcing endless battles is banned
|rule|Species Clause: Limit one of each Pokémon
|rule|OHKO Clause: OHKO moves are banned
|rule|Evasion Items Clause: Evasion items are banned
|rule|Evasion Moves Clause: Evasion moves are banned
|rule|Evasion Abilities Clause: Evasion abilities are banned
|rule|Sleep Moves Clause: Sleep-inducing moves are banned
|clearpoke
|poke|p1|Salazzle, F|
|poke|p1|Rillaboom, F|
|poke|p1|Cinderace, M|
|poke|p1|Sableye, M|
|poke|p1|Jolteon, M|
|poke|p1|Pecharunt|
|poke|p2|Gliscor, F|
|poke|p2|Ogerpon, F|
|poke|p2|Walking Wake|
|poke|p2|Blissey, F|
|poke|p2|Corviknight, F|
|poke|p2|Pecharunt|
|teampreview
|c|☆claudechamp|hf
|
|t:|1779866814
|teamsize|p1|6
|teamsize|p2|6
|start
|switch|p1a: Salazzle|Salazzle, F|100/100
|switch|p2a: Gliscor|Gliscor, F|100/100
|turn|1
|inactive|Battle timer is ON: inactive players will automatically lose when time's up. (requested by claudechamp)
|
|t:|1779866842
|move|p1a: Salazzle|Substitute|p1a: Salazzle
|-start|p1a: Salazzle|Substitute
|-damage|p1a: Salazzle|75/100
|move|p2a: Gliscor|Spikes|p1a: Salazzle
|-sidestart|p1: pkchar|Spikes
|
|-heal|p1a: Salazzle|82/100|[from] item: Black Sludge
|-status|p2a: Gliscor|tox|[from] item: Toxic Orb
|upkeep
|turn|2
|
|t:|1779866859
|move|p1a: Salazzle|Encore|p2a: Gliscor
|-start|p2a: Gliscor|Encore
|move|p2a: Gliscor|Spikes|p1a: Salazzle
|-sidestart|p1: pkchar|Spikes
|
|-heal|p1a: Salazzle|88/100|[from] item: Black Sludge
|upkeep
|turn|3
|
|t:|1779866867
|switch|p2a: Blissey|Blissey, F|100/100
|move|p1a: Salazzle|Substitute|p1a: Salazzle
|-fail|p1a: Salazzle|move: Substitute
|
|-heal|p1a: Salazzle|94/100|[from] item: Black Sludge
|upkeep
|turn|4
|
|t:|1779866877
|move|p1a: Salazzle|Toxic|p2a: Blissey
|-status|p2a: Blissey|tox
|move|p2a: Blissey|Stealth Rock|p1a: Salazzle
|-sidestart|p1: pkchar|move: Stealth Rock
|
|-heal|p1a: Salazzle|99/100|[from] item: Black Sludge
|-damage|p2a: Blissey|94/100 tox|[from] psn
|upkeep
|turn|5
|
|t:|1779866886
|-curestatus|p2a: Blissey|tox|[from] ability: Natural Cure|[silent]
|switch|p2a: Gliscor|Gliscor, F|100/100 tox
|move|p1a: Salazzle|Toxic|p2a: Gliscor
|-fail|p2a: Gliscor|tox
|
|-heal|p1a: Salazzle|100/100|[from] item: Black Sludge
|upkeep
|turn|6
|
|t:|1779866893
|move|p1a: Salazzle|Toxic|p2a: Gliscor
|-fail|p2a: Gliscor|tox
|move|p2a: Gliscor|Earthquake|p1a: Salazzle
|-supereffective|p1a: Salazzle
|-end|p1a: Salazzle|Substitute
|
|upkeep
|turn|7
|
|t:|1779866901
|move|p1a: Salazzle|Disable|p2a: Gliscor
|-start|p2a: Gliscor|Disable|Earthquake
|cant|p2a: Gliscor|Disable|Earthquake
|
|upkeep
|turn|8
|
|t:|1779866912
|move|p1a: Salazzle|Encore|p2a: Gliscor
|-start|p2a: Gliscor|Encore
|cant|p2a: Gliscor|Disable|Earthquake
|
|upkeep
|turn|9
|
|t:|1779866920
|switch|p2a: Walking Wake|Walking Wake|100/100
|move|p1a: Salazzle|Substitute|p1a: Salazzle
|-start|p1a: Salazzle|Substitute
|-damage|p1a: Salazzle|75/100
|
|-heal|p1a: Salazzle|82/100|[from] item: Black Sludge
|upkeep
|turn|10
|
|t:|1779866932
|-end|p2a: Walking Wake|Protosynthesis|[silent]
|switch|p2a: Gliscor|Gliscor, F|100/100 tox
|move|p1a: Salazzle|Toxic|p2a: Gliscor
|-fail|p2a: Gliscor|tox
|
|-heal|p1a: Salazzle|88/100|[from] item: Black Sludge
|upkeep
|turn|11
|
|t:|1779866936
|move|p1a: Salazzle|Toxic|p2a: Gliscor
|-fail|p2a: Gliscor|tox
|move|p2a: Gliscor|Earthquake|p1a: Salazzle
|-supereffective|p1a: Salazzle
|-end|p1a: Salazzle|Substitute
|
|-heal|p1a: Salazzle|94/100|[from] item: Black Sludge
|upkeep
|turn|12
|
|t:|1779866946
|move|p1a: Salazzle|Disable|p2a: Gliscor
|-start|p2a: Gliscor|Disable|Earthquake
|cant|p2a: Gliscor|Disable|Earthquake
|
|-heal|p1a: Salazzle|99/100|[from] item: Black Sludge
|upkeep
|turn|13
|
|t:|1779866954
|move|p1a: Salazzle|Encore|p2a: Gliscor
|-start|p2a: Gliscor|Encore
|cant|p2a: Gliscor|Disable|Earthquake
|
|-heal|p1a: Salazzle|100/100|[from] item: Black Sludge
|upkeep
|turn|14
|
|t:|1779866961
|move|p1a: Salazzle|Toxic|p2a: Gliscor
|-fail|p2a: Gliscor|tox
|-activate|p2a: Gliscor|move: Struggle
|move|p2a: Gliscor|Struggle|p1a: Salazzle
|-damage|p1a: Salazzle|83/100
|-damage|p2a: Gliscor|75/100 tox|[from] recoil
|
|-heal|p1a: Salazzle|89/100|[from] item: Black Sludge
|-heal|p2a: Gliscor|88/100 tox|[from] ability: Poison Heal
|upkeep
|turn|15
|
|t:|1779866976
|move|p1a: Salazzle|Toxic|p2a: Gliscor
|-fail|p2a: Gliscor|tox
|-activate|p2a: Gliscor|move: Struggle
|move|p2a: Gliscor|Struggle|p1a: Salazzle
|-damage|p1a: Salazzle|71/100
|-damage|p2a: Gliscor|63/100 tox|[from] recoil
|
|-heal|p1a: Salazzle|77/100|[from] item: Black Sludge
|-heal|p2a: Gliscor|75/100 tox|[from] ability: Poison Heal
|-end|p2a: Gliscor|Encore
|-end|p2a: Gliscor|Disable
|upkeep
|turn|16
|
|t:|1779866992
|move|p1a: Salazzle|Disable||[still]
|-fail|p1a: Salazzle
|move|p2a: Gliscor|Earthquake|p1a: Salazzle
|-supereffective|p1a: Salazzle
|-damage|p1a: Salazzle|0 fnt
|faint|p1a: Salazzle
|
|-heal|p2a: Gliscor|88/100 tox|[from] ability: Poison Heal
|upkeep
|
|t:|1779867000
|switch|p1a: Cinderace|Cinderace, M|100/100
|turn|17
|
|t:|1779867003
|switch|p2a: Pecharunt|Pecharunt|100/100
|move|p1a: Cinderace|Court Change|p1a: Cinderace
|-start|p1a: Cinderace|typechange|Normal|[from] ability: Libero
|-swapsideconditions
|-activate|p1a: Cinderace|move: Court Change
|
|upkeep
|turn|18
|
|t:|1779867010
|move|p1a: Cinderace|U-turn|p2a: Pecharunt
|-resisted|p2a: Pecharunt
|-crit|p2a: Pecharunt
|-damage|p2a: Pecharunt|97/100
|
|t:|1779867014
|switch|p1a: Pecharunt|Pecharunt|100/100|[from] U-turn
|move|p2a: Pecharunt|Malignant Chain|p1a: Pecharunt
|-resisted|p1a: Pecharunt
|-crit|p1a: Pecharunt
|-damage|p1a: Pecharunt|93/100
|
|-heal|p1a: Pecharunt|99/100|[from] item: Black Sludge
|upkeep
|turn|19
|
|t:|1779867026
|move|p2a: Pecharunt|Parting Shot|p1a: Pecharunt
|-unboost|p1a: Pecharunt|atk|1
|-unboost|p1a: Pecharunt|spa|1
|
|t:|1779867041
|switch|p2a: Corviknight|Corviknight, F|100/100|[from] Parting Shot
|-ability|p2a: Corviknight|Pressure
|move|p1a: Pecharunt|Parting Shot|p2a: Corviknight
|-unboost|p2a: Corviknight|atk|1
|-unboost|p2a: Corviknight|spa|1
|
|t:|1779867051
|switch|p1a: Jolteon|Jolteon, M|100/100|[from] Parting Shot
|
|upkeep
|turn|20
|
|t:|1779867056
|switch|p2a: Gliscor|Gliscor, F|88/100 tox
|-damage|p2a: Gliscor|75/100 tox|[from] Stealth Rock
|move|p1a: Jolteon|Copycat|p1a: Jolteon
|move|p1a: Jolteon|Parting Shot|p2a: Gliscor|[from] move: Copycat
|-unboost|p2a: Gliscor|atk|1
|-unboost|p2a: Gliscor|spa|1
|
|t:|1779867065
|switch|p1a: Sableye|Sableye, M|100/100|[from] Parting Shot
|
|-heal|p2a: Gliscor|88/100 tox|[from] ability: Poison Heal
|upkeep
|turn|21
|
|t:|1779867073
|move|p1a: Sableye|Taunt|p2a: Gliscor
|-start|p2a: Gliscor|move: Taunt
|cant|p2a: Gliscor|move: Taunt|Spikes
|
|-heal|p2a: Gliscor|99/100 tox|[from] ability: Poison Heal
|upkeep
|turn|22
|
|t:|1779867086
|switch|p2a: Blissey|Blissey, F|94/100
|move|p1a: Sableye|Foul Play|p2a: Blissey
|-damage|p2a: Blissey|91/100
|
|upkeep
|turn|23
|
|t:|1779867095
|move|p1a: Sableye|Taunt|p2a: Blissey
|-start|p2a: Blissey|move: Taunt
|cant|p2a: Blissey|move: Taunt|Stealth Rock
|
|upkeep
|turn|24
|
|t:|1779867106
|switch|p2a: Gliscor|Gliscor, F|99/100 tox
|-damage|p2a: Gliscor|88/100 tox|[from] Stealth Rock
|switch|p1a: Pecharunt|Pecharunt|99/100
|
|-heal|p1a: Pecharunt|100/100|[from] item: Black Sludge
|-heal|p2a: Gliscor|99/100 tox|[from] ability: Poison Heal
|upkeep
|turn|25
|
|t:|1779867119
|move|p2a: Gliscor|Spikes|p1a: Pecharunt
|-sidestart|p1: pkchar|Spikes
|move|p1a: Pecharunt|Hex|p2a: Gliscor
|-damage|p2a: Gliscor|65/100 tox
|
|-heal|p2a: Gliscor|78/100 tox|[from] ability: Poison Heal
|upkeep
|turn|26
|
|t:|1779867125
|move|p2a: Gliscor|Protect|p2a: Gliscor
|-singleturn|p2a: Gliscor|Protect
|move|p1a: Pecharunt|Parting Shot|p2a: Gliscor
|-activate|p2a: Gliscor|move: Protect
|
|-heal|p2a: Gliscor|90/100 tox|[from] ability: Poison Heal
|upkeep
|turn|27
|
|t:|1779867130
|move|p2a: Gliscor|Spikes|p1a: Pecharunt
|-sidestart|p1: pkchar|Spikes
|move|p1a: Pecharunt|Parting Shot|p2a: Gliscor
|-unboost|p2a: Gliscor|atk|1
|-unboost|p2a: Gliscor|spa|1
|
|t:|1779867136
|switch|p1a: Rillaboom|Rillaboom, F|100/100|[from] Parting Shot
|-damage|p1a: Rillaboom|84/100|[from] Spikes
|-fieldstart|move: Grassy Terrain|[from] ability: Grassy Surge|[of] p1a: Rillaboom
|
|-heal|p1a: Rillaboom|90/100|[from] Grassy Terrain
|-heal|p2a: Gliscor|100/100 tox|[from] ability: Poison Heal
|upkeep
|turn|28
|
|t:|1779867149
|switch|p2a: Blissey|Blissey, F|91/100
|move|p1a: Rillaboom|U-turn|p2a: Blissey
|-damage|p2a: Blissey|48/100
|
|t:|1779867160
|switch|p1a: Cinderace|Cinderace, M|100/100|[from] U-turn
|
|-heal|p2a: Blissey|54/100|[from] Grassy Terrain
|upkeep
|turn|29
|
|t:|1779867168
|move|p1a: Cinderace|Pyro Ball|p2a: Blissey
|-damage|p2a: Blissey|0 fnt
|faint|p2a: Blissey
|
|upkeep
|
|t:|1779867176
|switch|p2a: Walking Wake|Walking Wake|100/100
|turn|30
|
|t:|1779867185
|move|p1a: Cinderace|U-turn|p2a: Walking Wake
|-start|p1a: Cinderace|typechange|Bug|[from] ability: Libero
|-damage|p2a: Walking Wake|62/100
|
|t:|1779867190
|switch|p1a: Rillaboom|Rillaboom, F|90/100|[from] U-turn
|-damage|p1a: Rillaboom|74/100|[from] Spikes
|move|p2a: Walking Wake|Surf|p1a: Rillaboom
|-resisted|p1a: Rillaboom
|-damage|p1a: Rillaboom|47/100
|
|-heal|p2a: Walking Wake|68/100|[from] Grassy Terrain
|-heal|p1a: Rillaboom|53/100|[from] Grassy Terrain
|upkeep
|turn|31
|
|t:|1779867199
|move|p2a: Walking Wake|Draco Meteor|p1a: Rillaboom
|-damage|p1a: Rillaboom|0 fnt
|-unboost|p2a: Walking Wake|spa|2
|faint|p1a: Rillaboom
|
|-heal|p2a: Walking Wake|74/100|[from] Grassy Terrain
|-fieldend|move: Grassy Terrain
|upkeep
|
|t:|1779867209
|switch|p1a: Jolteon|Jolteon, M|100/100
|-damage|p1a: Jolteon|84/100|[from] Spikes
|turn|32
|
|t:|1779867221
|-end|p2a: Walking Wake|Protosynthesis|[silent]
|switch|p2a: Pecharunt|Pecharunt|97/100
|move|p1a: Jolteon|Copycat|p1a: Jolteon
|move|p1a: Jolteon|Draco Meteor|p2a: Pecharunt|[from] move: Copycat
|-damage|p2a: Pecharunt|55/100
|-unboost|p1a: Jolteon|spa|2
|
|-heal|p1a: Jolteon|90/100|[from] item: Leftovers
|upkeep
|turn|33
|
|t:|1779867231
|move|p1a: Jolteon|Substitute|p1a: Jolteon
|-start|p1a: Jolteon|Substitute
|-damage|p1a: Jolteon|65/100
|move|p2a: Pecharunt|Recover|p2a: Pecharunt
|-heal|p2a: Pecharunt|100/100
|
|-heal|p1a: Jolteon|71/100|[from] item: Leftovers
|upkeep
|turn|34
|
|t:|1779867240
|move|p1a: Jolteon|Mud-Slap|p2a: Pecharunt
|-supereffective|p2a: Pecharunt
|-damage|p2a: Pecharunt|94/100
|-unboost|p2a: Pecharunt|accuracy|1
|move|p2a: Pecharunt|Parting Shot|p1a: Jolteon|[miss]
|-miss|p2a: Pecharunt|p1a: Jolteon
|
|-heal|p1a: Jolteon|78/100|[from] item: Leftovers
|upkeep
|turn|35
|
|t:|1779867250
|move|p1a: Jolteon|Discharge|p2a: Pecharunt
|-damage|p2a: Pecharunt|74/100
|-status|p2a: Pecharunt|par
|move|p2a: Pecharunt|Parting Shot|p1a: Jolteon|[miss]
|-miss|p2a: Pecharunt|p1a: Jolteon
|
|-heal|p1a: Jolteon|84/100|[from] item: Leftovers
|upkeep
|turn|36
|
|t:|1779867258
|move|p1a: Jolteon|Mud-Slap|p2a: Pecharunt
|-supereffective|p2a: Pecharunt
|-damage|p2a: Pecharunt|67/100 par
|-unboost|p2a: Pecharunt|accuracy|1
|cant|p2a: Pecharunt|par
|
|-heal|p1a: Jolteon|90/100|[from] item: Leftovers
|upkeep
|turn|37
|
|t:|1779867272
|move|p1a: Jolteon|Copycat|p1a: Jolteon
|move|p1a: Jolteon|Mud-Slap|p2a: Pecharunt|[from] move: Copycat
|-supereffective|p2a: Pecharunt
|-damage|p2a: Pecharunt|60/100 par
|-unboost|p2a: Pecharunt|accuracy|1
|move|p2a: Pecharunt|Parting Shot|p1a: Jolteon
|-unboost|p1a: Jolteon|atk|1
|-unboost|p1a: Jolteon|spa|1
|
|t:|1779867284
|switch|p2a: Walking Wake|Walking Wake|74/100|[from] Parting Shot
|
|-heal|p1a: Jolteon|96/100|[from] item: Leftovers
|upkeep
|turn|38
|
|t:|1779867291
|move|p1a: Jolteon|Mud-Slap|p2a: Walking Wake
|-damage|p2a: Walking Wake|71/100
|-unboost|p2a: Walking Wake|accuracy|1
|move|p2a: Walking Wake|Knock Off|p1a: Jolteon|[miss]
|-miss|p2a: Walking Wake|p1a: Jolteon
|
|-heal|p1a: Jolteon|100/100|[from] item: Leftovers
|upkeep
|turn|39
|
|t:|1779867303
|move|p1a: Jolteon|Discharge|p2a: Walking Wake
|-damage|p2a: Walking Wake|54/100
|move|p2a: Walking Wake|Surf|p1a: Jolteon
|-end|p1a: Jolteon|Substitute
|
|upkeep
|turn|40
|
|t:|1779867314
|move|p1a: Jolteon|Mud-Slap|p2a: Walking Wake
|-damage|p2a: Walking Wake|52/100
|-unboost|p2a: Walking Wake|accuracy|1
|move|p2a: Walking Wake|Surf|p1a: Jolteon|[miss]
|-miss|p2a: Walking Wake|p1a: Jolteon
|
|upkeep
|turn|41
|
|t:|1779867321
|switch|p1a: Pecharunt|Pecharunt|100/100
|-damage|p1a: Pecharunt|84/100|[from] Spikes
|move|p2a: Walking Wake|Knock Off|p1a: Pecharunt
|-supereffective|p1a: Pecharunt
|-damage|p1a: Pecharunt|65/100
|-enditem|p1a: Pecharunt|Black Sludge|[from] move: Knock Off|[of] p2a: Walking Wake
|
|upkeep
|turn|42
|
|t:|1779867331
|move|p2a: Walking Wake|Draco Meteor|p1a: Pecharunt|[miss]
|-miss|p2a: Walking Wake|p1a: Pecharunt
|move|p1a: Pecharunt|Recover|p1a: Pecharunt
|-heal|p1a: Pecharunt|100/100
|
|upkeep
|turn|43
|
|t:|1779867340
|move|p2a: Walking Wake|Surf|p1a: Pecharunt
|-damage|p1a: Pecharunt|70/100
|move|p1a: Pecharunt|Parting Shot|p2a: Walking Wake
|-unboost|p2a: Walking Wake|atk|1
|-unboost|p2a: Walking Wake|spa|1
|
|t:|1779867351
|switch|p1a: Jolteon|Jolteon, M|100/100|[from] Parting Shot
|-damage|p1a: Jolteon|84/100|[from] Spikes
|
|-heal|p1a: Jolteon|90/100|[from] item: Leftovers
|upkeep
|turn|44
|
|t:|1779867360
|-end|p2a: Walking Wake|Protosynthesis|[silent]
|switch|p2a: Gliscor|Gliscor, F|100/100 tox
|-damage|p2a: Gliscor|88/100 tox|[from] Stealth Rock
|move|p1a: Jolteon|Copycat|p1a: Jolteon
|move|p1a: Jolteon|Parting Shot|p2a: Gliscor|[from] move: Copycat
|-unboost|p2a: Gliscor|atk|1
|-unboost|p2a: Gliscor|spa|1
|
|t:|1779867370
|switch|p1a: Pecharunt|Pecharunt|70/100|[from] Parting Shot
|-damage|p1a: Pecharunt|53/100|[from] Spikes
|
|-heal|p2a: Gliscor|100/100 tox|[from] ability: Poison Heal
|upkeep
|turn|45
|
|t:|1779867375
|switch|p2a: Walking Wake|Walking Wake|52/100
|move|p1a: Pecharunt|Recover|p1a: Pecharunt
|-heal|p1a: Pecharunt|100/100
|
|upkeep
|turn|46
|
|t:|1779867384
|move|p2a: Walking Wake|Surf|p1a: Pecharunt
|-damage|p1a: Pecharunt|70/100
|move|p1a: Pecharunt|Malignant Chain|p2a: Walking Wake
|-damage|p2a: Walking Wake|14/100
|
|upkeep
|turn|47
|
|t:|1779867391
|move|p2a: Walking Wake|Draco Meteor|p1a: Pecharunt
|-damage|p1a: Pecharunt|24/100
|-unboost|p2a: Walking Wake|spa|2
|move|p1a: Pecharunt|Recover|p1a: Pecharunt
|-heal|p1a: Pecharunt|74/100
|
|upkeep
|turn|48
|
|t:|1779867399
|-end|p2a: Walking Wake|Protosynthesis|[silent]
|switch|p2a: Gliscor|Gliscor, F|100/100 tox
|-damage|p2a: Gliscor|88/100 tox|[from] Stealth Rock
|move|p1a: Pecharunt|Hex|p2a: Gliscor
|-damage|p2a: Gliscor|54/100 tox
|
|-heal|p2a: Gliscor|66/100 tox|[from] ability: Poison Heal
|upkeep
|turn|49
|
|t:|1779867410
|move|p2a: Gliscor|Earthquake|p1a: Pecharunt
|-supereffective|p1a: Pecharunt
|-damage|p1a: Pecharunt|31/100
|move|p1a: Pecharunt|Parting Shot|p2a: Gliscor
|-unboost|p2a: Gliscor|atk|1
|-unboost|p2a: Gliscor|spa|1
|
|t:|1779867418
|switch|p1a: Sableye|Sableye, M|100/100|[from] Parting Shot
|-damage|p1a: Sableye|84/100|[from] Spikes
|
|-heal|p1a: Sableye|90/100|[from] item: Leftovers
|-heal|p2a: Gliscor|79/100 tox|[from] ability: Poison Heal
|upkeep
|turn|50
|
|t:|1779867423
|move|p1a: Sableye|Taunt|p2a: Gliscor
|-start|p2a: Gliscor|move: Taunt
|move|p2a: Gliscor|Earthquake|p1a: Sableye
|-damage|p1a: Sableye|62/100
|
|-heal|p1a: Sableye|68/100|[from] item: Leftovers
|-heal|p2a: Gliscor|91/100 tox|[from] ability: Poison Heal
|upkeep
|turn|51
|
|t:|1779867451
|move|p2a: Gliscor|Earthquake|p1a: Sableye
|-damage|p1a: Sableye|39/100
|move|p1a: Sableye|Metal Burst|p2a: Gliscor
|-damage|p2a: Gliscor|54/100 tox
|
|-heal|p1a: Sableye|46/100|[from] item: Leftovers
|-heal|p2a: Gliscor|67/100 tox|[from] ability: Poison Heal
|upkeep
|turn|52
|
|t:|1779867460
|move|p1a: Sableye|Recover|p1a: Sableye
|-heal|p1a: Sableye|96/100
|move|p2a: Gliscor|Earthquake|p1a: Sableye
|-damage|p1a: Sableye|69/100
|
|-heal|p1a: Sableye|75/100|[from] item: Leftovers
|-heal|p2a: Gliscor|79/100 tox|[from] ability: Poison Heal
|-end|p2a: Gliscor|move: Taunt
|upkeep
|turn|53
|
|t:|1779867466
|move|p2a: Gliscor|Toxic|p1a: Sableye
|-status|p1a: Sableye|tox
|move|p1a: Sableye|Metal Burst||[still]
|-fail|p1a: Sableye
|
|-heal|p1a: Sableye|81/100 tox|[from] item: Leftovers
|-heal|p2a: Gliscor|92/100 tox|[from] ability: Poison Heal
|-damage|p1a: Sableye|75/100 tox|[from] psn
|upkeep
|turn|54
|
|t:|1779867474
|move|p1a: Sableye|Taunt|p2a: Gliscor
|-start|p2a: Gliscor|move: Taunt
|cant|p2a: Gliscor|move: Taunt|Spikes
|
|-heal|p1a: Sableye|81/100 tox|[from] item: Leftovers
|-heal|p2a: Gliscor|100/100 tox|[from] ability: Poison Heal
|-damage|p1a: Sableye|69/100 tox|[from] psn
|upkeep
|turn|55
|l|☆pkchar
|inactive|pkchar disconnected and has a minute to reconnect!
|player|p1|
|inactive|pkchar has 30 seconds to reconnect!
|inactive|pkchar has 20 seconds to reconnect!
|inactive|pkchar has 15 seconds to reconnect!
|inactive|pkchar has 10 seconds to reconnect!
|inactive|pkchar has 5 seconds to reconnect!
|-message|pkchar lost due to inactivity.
|
|win|claudechamp
|raw|pkchar's rating: 1105 &rarr; <strong>1086</strong><br />(-19 for losing)
|raw|claudechamp's rating: 1194 &rarr; <strong>1213</strong><br />(+19 for winning)
|c|☆claudechamp|gg
