|j|☆tejadpx
|j|☆321Godspeed
|t:|1779855801
|gametype|singles
|player|p1|tejadpx|youngcouple|1316
|player|p2|321Godspeed|266|1320
|gen|9
|tier|[Gen 9] OU
|rated|
|rule|HP Percentage Mod: HP is shown in percentages
|rule|Endless Battle Clause: Forcing endless battles is banned
|rule|Species Clause: Limit one of each Pokémon
|rule|OHKO Clause: OHKO moves are banned
|rule|Evasion Items Clause: Evasion items are banned
|rule|Evasion Moves Clause: Evasion moves are banned
|rule|Evasion Abilities Clause: Evasion abilities are banned
|rule|Sleep Moves Clause: Sleep-inducing moves are banned
|clearpoke
|poke|p1|Ninetales, F|
|poke|p1|Walking Wake|
|poke|p1|Great Tusk|
|poke|p1|Raging Bolt|
|poke|p1|Cresselia, F|
|poke|p1|Iron Moth|
|poke|p2|Iron Moth|
|poke|p2|Gliscor, M|
|poke|p2|Hatterene, F|
|poke|p2|Ogerpon-Wellspring, F|
|poke|p2|Raging Bolt|
|poke|p2|Zamazenta-*|
|teampreview
|
|t:|1779855814
|teamsize|p1|6
|teamsize|p2|6
|start
|switch|p1a: Great Tusk|Great Tusk|100/100
|switch|p2a: Zamazenta|Zamazenta|100/100
|-ability|p2a: Zamazenta|Dauntless Shield|boost
|-boost|p2a: Zamazenta|def|1
|turn|1
|
|t:|1779855820
|move|p2a: Zamazenta|Reflect|p2a: Zamazenta
|-sidestart|p2: 321Godspeed|Reflect
|move|p1a: Great Tusk|Stealth Rock|p2a: Zamazenta
|-sidestart|p2: 321Godspeed|move: Stealth Rock
|
|upkeep
|turn|2
|
|t:|1779855827
|-end|p1a: Great Tusk|Protosynthesis|[silent]
|switch|p1a: Cresselia|Cresselia, F|100/100
|move|p2a: Zamazenta|Light Screen|p2a: Zamazenta
|-sidestart|p2: 321Godspeed|move: Light Screen
|
|upkeep
|turn|3
|
|t:|1779855832
|switch|p2a: Gliscor|Gliscor, M|100/100
|-damage|p2a: Gliscor|88/100|[from] Stealth Rock
|move|p1a: Cresselia|Thunder Wave|p2a: Gliscor
|-immune|p2a: Gliscor
|
|-status|p2a: Gliscor|tox|[from] item: Toxic Orb
|upkeep
|turn|4
|
|t:|1779855840
|switch|p1a: Ninetales|Ninetales, F|100/100
|-weather|SunnyDay|[from] ability: Drought|[of] p1a: Ninetales
|move|p2a: Gliscor|Swords Dance|p2a: Gliscor
|-boost|p2a: Gliscor|atk|2
|
|-weather|SunnyDay|[upkeep]
|-heal|p2a: Gliscor|100/100 tox|[from] ability: Poison Heal
|upkeep
|turn|5
|
|t:|1779855848
|switch|p1a: Cresselia|Cresselia, F|100/100
|move|p2a: Gliscor|Agility|p2a: Gliscor
|-boost|p2a: Gliscor|spe|2
|
|-weather|SunnyDay|[upkeep]
|upkeep
|turn|6
|
|t:|1779855853
|move|p2a: Gliscor|Swords Dance|p2a: Gliscor
|-boost|p2a: Gliscor|atk|2
|move|p1a: Cresselia|Ice Beam|p2a: Gliscor
|-supereffective|p2a: Gliscor
|-crit|p2a: Gliscor
|-damage|p2a: Gliscor|0 fnt
|faint|p2a: Gliscor
|
|-weather|SunnyDay|[upkeep]
|upkeep
|c|☆321Godspeed|unbelievable crit
|
|t:|1779855882
|switch|p2a: Raging Bolt|Raging Bolt|100/100
|-damage|p2a: Raging Bolt|88/100|[from] Stealth Rock
|-activate|p2a: Raging Bolt|ability: Protosynthesis
|-start|p2a: Raging Bolt|protosynthesisspa
|turn|7
|inactive|Battle timer is ON: inactive players will automatically lose when time's up. (requested by 321Godspeed)
|
|t:|1779855901
|switch|p1a: Great Tusk|Great Tusk|100/100
|-activate|p1a: Great Tusk|ability: Protosynthesis
|-start|p1a: Great Tusk|protosynthesisspe
|move|p2a: Raging Bolt|Calm Mind|p2a: Raging Bolt
|-boost|p2a: Raging Bolt|spa|1
|-boost|p2a: Raging Bolt|spd|1
|
|-weather|SunnyDay|[upkeep]
|upkeep
|turn|8
|
|t:|1779855912
|-terastallize|p2a: Raging Bolt|Ghost
|move|p1a: Great Tusk|Head Smash|p2a: Raging Bolt|[miss]
|-miss|p1a: Great Tusk|p2a: Raging Bolt
|move|p2a: Raging Bolt|Dragon Pulse|p1a: Great Tusk
|-damage|p1a: Great Tusk|0 fnt
|faint|p1a: Great Tusk
|-end|p1a: Great Tusk|Protosynthesis|[silent]
|
|-weather|SunnyDay|[upkeep]
|-sideend|p2: 321Godspeed|Reflect
|upkeep
|inactive|tejadpx has 120 seconds left.
|
|t:|1779855946
|switch|p1a: Walking Wake|Walking Wake|100/100
|-activate|p1a: Walking Wake|ability: Protosynthesis
|-start|p1a: Walking Wake|protosynthesisspa
|turn|9
|
|t:|1779855955
|-terastallize|p1a: Walking Wake|Water
|move|p2a: Raging Bolt|Thunderclap|p1a: Walking Wake
|-supereffective|p1a: Walking Wake
|-damage|p1a: Walking Wake|0 fnt
|faint|p1a: Walking Wake
|-end|p1a: Walking Wake|Protosynthesis|[silent]
|
|-weather|SunnyDay|[upkeep]
|-sideend|p2: 321Godspeed|move: Light Screen
|upkeep
|
|t:|1779855963
|switch|p1a: Raging Bolt|Raging Bolt|100/100
|-activate|p1a: Raging Bolt|ability: Protosynthesis
|-start|p1a: Raging Bolt|protosynthesisspa
|turn|10
|
|t:|1779855967
|move|p2a: Raging Bolt|Dragon Pulse|p1a: Raging Bolt
|-supereffective|p1a: Raging Bolt
|-damage|p1a: Raging Bolt|0 fnt
|faint|p1a: Raging Bolt
|-end|p1a: Raging Bolt|Protosynthesis|[silent]
|
|-weather|SunnyDay|[upkeep]
|upkeep
|
|t:|1779855971
|switch|p1a: Cresselia|Cresselia, F|100/100
|turn|11
|
|t:|1779855981
|move|p2a: Raging Bolt|Calm Mind|p2a: Raging Bolt
|-boost|p2a: Raging Bolt|spa|1
|-boost|p2a: Raging Bolt|spd|1
|move|p1a: Cresselia|Thunder Wave|p2a: Raging Bolt
|-status|p2a: Raging Bolt|par
|
|-weather|none
|-end|p2a: Raging Bolt|Protosynthesis
|upkeep
|-enditem|p2a: Raging Bolt|Booster Energy
|-activate|p2a: Raging Bolt|ability: Protosynthesis|[fromitem]
|-start|p2a: Raging Bolt|protosynthesisspa
|turn|12
|
|t:|1779855991
|switch|p1a: Ninetales|Ninetales, F|100/100
|-weather|SunnyDay|[from] ability: Drought|[of] p1a: Ninetales
|cant|p2a: Raging Bolt|par
|
|-weather|SunnyDay|[upkeep]
|upkeep
|turn|13
|
|t:|1779855995
|switch|p1a: Iron Moth|Iron Moth|100/100
|-enditem|p1a: Iron Moth|Booster Energy
|-activate|p1a: Iron Moth|ability: Quark Drive|[fromitem]
|-start|p1a: Iron Moth|quarkdrivespe
|move|p2a: Raging Bolt|Thunderbolt|p1a: Iron Moth
|-damage|p1a: Iron Moth|0 fnt
|faint|p1a: Iron Moth
|-end|p1a: Iron Moth|Quark Drive|[silent]
|
|-weather|SunnyDay|[upkeep]
|upkeep
|-message|tejadpx forfeited.
|
|win|321Godspeed
|raw|tejadpx's rating: 1316 &rarr; <strong>1296</strong><br />(-20 for losing)
|raw|321Godspeed's rating: 1320 &rarr; <strong>1340</strong><br />(+20 for winning)
|l|☆tejadpx
|player|p1|
|l|☆321Godspeed
|player|p2|
