|j|☆Melonlordmwahahaha
|j|☆Fireblaze343z
|t:|1779921260
|gametype|singles
|player|p1|Melonlordmwahahaha|101|1186
|player|p2|Fireblaze343z|volkner-masters|1174
|gen|9
|tier|[Gen 9] OU
|rated|
|rule|HP Percentage Mod: HP is shown in percentages
|rule|Endless Battle Clause: Forcing endless battles is banned
|rule|Species Clause: Limit one of each Pokémon
|rule|OHKO Clause: OHKO moves are banned
|rule|Evasion Items Clause: Evasion items are banned
|rule|Evasion Moves Clause: Evasion moves are banned
|rule|Evasion Abilities Clause: Evasion abilities are banned
|rule|Sleep Moves Clause: Sleep-inducing moves are banned
|clearpoke
|poke|p1|Raging Bolt|
|poke|p1|Slowking-Galar, F|
|poke|p1|Great Tusk|
|poke|p1|Kingambit, F|
|poke|p1|Ogerpon-Wellspring, F|
|poke|p1|Drifblim, M|
|poke|p2|Dusknoir, M|
|poke|p2|Metagross|
|poke|p2|Cinderace, M|
|poke|p2|Porygon2|
|poke|p2|Zoroark-Hisui, M|
|poke|p2|Ninetales-Alola, F|
|teampreview
|inactive|Battle timer is ON: inactive players will automatically lose when time's up. (requested by Fireblaze343z)
|
|t:|1779921284
|teamsize|p1|6
|teamsize|p2|6
|start
|switch|p1a: Great Tusk|Great Tusk|100/100
|switch|p2a: Floe|Ninetales-Alola, F, shiny|100/100
|-weather|Snowscape|[from] ability: Snow Warning|[of] p2a: Floe
|turn|1
|l|☆Melonlordmwahahaha
|inactive|Melonlordmwahahaha disconnected and has a minute to reconnect!
|player|p1|
|j|☆Melonlordmwahahaha
|inactive|Melonlordmwahahaha reconnected and has 145 seconds left.
|player|p1|Melonlordmwahahaha|101|
|
|t:|1779921307
|move|p2a: Floe|Aurora Veil|p2a: Floe
|-sidestart|p2: Fireblaze343z|move: Aurora Veil
|move|p1a: Great Tusk|Stealth Rock|p2a: Floe
|-sidestart|p2: Fireblaze343z|move: Stealth Rock
|
|-weather|Snowscape|[upkeep]
|upkeep
|turn|2
|
|t:|1779921317
|move|p2a: Floe|Encore|p1a: Great Tusk
|-start|p1a: Great Tusk|Encore
|move|p1a: Great Tusk|Stealth Rock||[still]
|-fail|p1a: Great Tusk
|
|-weather|Snowscape|[upkeep]
|upkeep
|turn|3
|
|t:|1779921325
|-end|p1a: Great Tusk|Protosynthesis|[silent]
|switch|p1a: Slowking|Slowking-Galar, F|100/100
|move|p2a: Floe|Blizzard|p1a: Slowking
|-crit|p1a: Slowking
|-damage|p1a: Slowking|63/100
|
|-weather|Snowscape|[upkeep]
|upkeep
|turn|4
|
|t:|1779921334
|move|p2a: Floe|Blizzard|p1a: Slowking
|-damage|p1a: Slowking|38/100
|move|p1a: Slowking|Sludge Bomb|p2a: Floe
|-supereffective|p2a: Floe
|-damage|p2a: Floe|67/100
|
|-weather|Snowscape|[upkeep]
|upkeep
|turn|5
|
|t:|1779921343
|move|p2a: Floe|Blizzard|p1a: Slowking
|-damage|p1a: Slowking|15/100
|move|p1a: Slowking|Future Sight|p2a: Floe
|-start|p1a: Slowking|move: Future Sight
|
|-weather|none
|upkeep
|turn|6
|
|t:|1779921351
|switch|p1a: Ogerpon|Ogerpon-Wellspring, F|100/100
|move|p2a: Floe|Blizzard|p1a: Ogerpon
|-damage|p1a: Ogerpon|69/100
|
|upkeep
|turn|7
|
|t:|1779921362
|switch|p2a: Lord Cross|Metagross, shiny|100/100
|-damage|p2a: Lord Cross|94/100|[from] Stealth Rock
|move|p1a: Ogerpon|Horn Leech|p2a: Lord Cross
|-resisted|p2a: Lord Cross
|-damage|p2a: Lord Cross|86/100
|-heal|p1a: Ogerpon|73/100|[from] drain|[of] p2a: Lord Cross
|
|-end|p2a: Lord Cross|move: Future Sight
|-resisted|p2a: Lord Cross
|-damage|p2a: Lord Cross|80/100
|-heal|p2a: Lord Cross|86/100|[from] item: Leftovers
|upkeep
|turn|8
|
|t:|1779921380
|move|p1a: Ogerpon|Ivy Cudgel|p2a: Lord Cross|[anim] Ivy Cudgel Water
|-damage|p2a: Lord Cross|66/100
|move|p2a: Lord Cross|Psychic Fangs|p1a: Ogerpon
|-damage|p1a: Ogerpon|21/100
|
|-heal|p2a: Lord Cross|72/100|[from] item: Leftovers
|-sideend|p2: Fireblaze343z|move: Aurora Veil
|upkeep
|turn|9
|
|t:|1779921389
|move|p1a: Ogerpon|U-turn|p2a: Lord Cross
|-damage|p2a: Lord Cross|52/100
|
|t:|1779921393
|switch|p1a: Drifblim|Drifblim, M|100/100|[from] U-turn
|move|p2a: Lord Cross|Psychic Fangs|p1a: Drifblim
|-damage|p1a: Drifblim|53/100
|
|-heal|p2a: Lord Cross|58/100|[from] item: Leftovers
|upkeep
|turn|10
|
|t:|1779921400
|move|p1a: Drifblim|Strength Sap|p2a: Lord Cross
|-fail|p2a: Lord Cross|unboost|[from] ability: Clear Body|[of] p2a: Lord Cross
|-heal|p1a: Drifblim|100/100
|move|p2a: Lord Cross|Psychic Fangs|p1a: Drifblim
|-damage|p1a: Drifblim|56/100
|
|-heal|p2a: Lord Cross|64/100|[from] item: Leftovers
|upkeep
|turn|11
|
|t:|1779921410
|switch|p2a: Cinderace|Cinderace, M|100/100
|move|p1a: Drifblim|Thunder Wave|p2a: Cinderace
|-status|p2a: Cinderace|par
|
|upkeep
|turn|12
|
|t:|1779921423
|move|p1a: Drifblim|Strength Sap|p2a: Cinderace
|-unboost|p2a: Cinderace|atk|1
|-heal|p1a: Drifblim|100/100
|move|p2a: Cinderace|Court Change|p2a: Cinderace
|-start|p2a: Cinderace|typechange|Normal|[from] ability: Libero
|-swapsideconditions
|-activate|p2a: Cinderace|move: Court Change
|
|upkeep
|turn|13
|
|t:|1779921438
|switch|p1a: Great Tusk|Great Tusk|100/100
|move|p2a: Cinderace|U-turn|p1a: Great Tusk
|-resisted|p1a: Great Tusk
|-damage|p1a: Great Tusk|95/100
|
|t:|1779921445
|switch|p2a: Floe|Ninetales-Alola, F, shiny|67/100|[from] U-turn
|-weather|Snowscape|[from] ability: Snow Warning|[of] p2a: Floe
|
|-weather|Snowscape|[upkeep]
|upkeep
|turn|14
|
|t:|1779921450
|move|p2a: Floe|Blizzard|p1a: Great Tusk
|-supereffective|p1a: Great Tusk
|-damage|p1a: Great Tusk|0 fnt
|faint|p1a: Great Tusk
|-end|p1a: Great Tusk|Protosynthesis|[silent]
|
|-weather|Snowscape|[upkeep]
|upkeep
|
|t:|1779921464
|switch|p1a: Kingambit|Kingambit, F|100/100
|-damage|p1a: Kingambit|94/100|[from] Stealth Rock
|-activate|p1a: Kingambit|ability: Supreme Overlord
|-start|p1a: Kingambit|fallen1|[silent]
|turn|15
|inactive|Melonlordmwahahaha has 120 seconds left.
|
|t:|1779921496
|-terastallize|p1a: Kingambit|Flying
|move|p2a: Floe|Aurora Veil|p2a: Floe
|-sidestart|p2: Fireblaze343z|move: Aurora Veil
|move|p1a: Kingambit|Iron Head|p2a: Floe
|-supereffective|p2a: Floe
|-damage|p2a: Floe|0 fnt
|faint|p2a: Floe
|
|-weather|Snowscape|[upkeep]
|upkeep
|
|t:|1779921508
|switch|p2a: Lord Cross|Metagross, shiny|64/100
|turn|16
|inactive|Melonlordmwahahaha has 120 seconds left.
|
|t:|1779921524
|move|p1a: Kingambit|Sucker Punch|p2a: Lord Cross
|-supereffective|p2a: Lord Cross
|-damage|p2a: Lord Cross|25/100
|move|p2a: Lord Cross|Psychic Fangs|p1a: Kingambit
|-damage|p1a: Kingambit|59/100
|
|-weather|Snowscape|[upkeep]
|-heal|p2a: Lord Cross|31/100|[from] item: Leftovers
|upkeep
|turn|17
|
|t:|1779921530
|move|p2a: Lord Cross|Bullet Punch|p1a: Kingambit
|-damage|p1a: Kingambit|42/100
|move|p1a: Kingambit|Kowtow Cleave|p2a: Lord Cross
|-supereffective|p2a: Lord Cross
|-damage|p2a: Lord Cross|0 fnt
|faint|p2a: Lord Cross
|
|-weather|none
|upkeep
|
|t:|1779921540
|switch|p2a: Driver|Porygon2|100/100
|turn|18
|
|t:|1779921554
|move|p2a: Driver|Shadow Ball|p1a: Kingambit
|-damage|p1a: Kingambit|0 fnt
|faint|p1a: Kingambit
|-end|p1a: Kingambit|fallen1|[silent]
|
|upkeep
|
|t:|1779921563
|switch|p1a: Raging Bolt|Raging Bolt|100/100
|-damage|p1a: Raging Bolt|88/100|[from] Stealth Rock
|-enditem|p1a: Raging Bolt|Booster Energy
|-activate|p1a: Raging Bolt|ability: Protosynthesis|[fromitem]
|-start|p1a: Raging Bolt|protosynthesisspa
|turn|19
|
|t:|1779921583
|switch|p2a: Driver|Porygon2|100/100
|move|p1a: Raging Bolt|Calm Mind|p1a: Raging Bolt
|-boost|p1a: Raging Bolt|spa|1
|-boost|p1a: Raging Bolt|spd|1
|
|upkeep
|turn|20
|
|t:|1779921595
|move|p1a: Raging Bolt|Thunderbolt|p2a: Driver
|-damage|p2a: Driver|70/100
|move|p2a: Driver|Tri Attack|p1a: Raging Bolt
|-damage|p1a: Raging Bolt|58/100
|
|upkeep
|turn|21
|c|☆Fireblaze343z|!dt raging bolt
|c|☆Fireblaze343z|/raw <div class="message"><ul class="utilichart"><li class="result"><span class="col numcol">OU</span> <span class="col iconcol"><psicon pokemon="ragingbolt"/></span> <span class="col pokemonnamecol" style="white-space:nowrap"><a href="https://dex.pokemonshowdown.com/pokemon/ragingbolt" target="_blank">Raging Bolt</a></span> <span class="col typecol"><img src="https://play.pokemonshowdown.com/sprites/types/Electric.png" alt="Electric" height="14" width="32"><img src="https://play.pokemonshowdown.com/sprites/types/Dragon.png" alt="Dragon" height="14" width="32"></span> <span style="float:left;min-height:26px"><span class="col abilitycol">Protosynthesis</span><span class="col abilitycol"></span></span><span style="float:left;min-height:26px"><span class="col statcol"><em>HP</em><br />125</span> <span class="col statcol"><em>Atk</em><br />73</span> <span class="col statcol"><em>Def</em><br />91</span> <span class="col statcol"><em>SpA</em><br />137</span> <span class="col statcol"><em>SpD</em><br />89</span> <span class="col statcol"><em>Spe</em><br />75</span> <span class="col bstcol"><em>BST<br />590</em></span> </span></li><li style="clear:both"></li></ul></div>
|c|☆Fireblaze343z|/raw <font size="1"><font color="#686868">Dex#:</font> 1021&nbsp;|&ThickSpace;<font color="#686868">Gen:</font> 9&nbsp;|&ThickSpace;<font color="#686868">Height:</font> 5.2 m&nbsp;|&ThickSpace;<font color="#686868">Weight:</font> 480 kg <em>(120 BP)</em>&nbsp;|&ThickSpace;<font color="#686868">Dex Colour:</font> Yellow&nbsp;|&ThickSpace;<font color="#686868">Egg Group(s):</font> Undiscovered&nbsp;|&ThickSpace;<font color="#686868">Does Not Evolve</font></font>

|
|t:|1779921615
|-end|p1a: Raging Bolt|Protosynthesis|[silent]
|switch|p1a: Drifblim|Drifblim, M|100/100
|move|p2a: Driver|Psyshock|p1a: Drifblim
|-damage|p1a: Drifblim|67/100
|
|upkeep
|turn|22
|
|t:|1779921630
|move|p1a: Drifblim|Thunder Wave|p2a: Driver
|-status|p2a: Driver|par
|move|p2a: Driver|Thunder Wave|p1a: Drifblim
|-status|p1a: Drifblim|par
|
|-sideend|p2: Fireblaze343z|move: Aurora Veil
|upkeep
|turn|23
|
|t:|1779921651
|cant|p1a: Drifblim|par
|move|p2a: Driver|Psyshock|p1a: Drifblim
|-damage|p1a: Drifblim|33/100 par
|
|upkeep
|turn|24
|
|t:|1779921659
|move|p1a: Drifblim|Strength Sap|p2a: Driver
|-unboost|p2a: Driver|atk|1
|-heal|p1a: Drifblim|64/100 par
|move|p2a: Driver|Psyshock|p1a: Drifblim
|-damage|p1a: Drifblim|31/100 par
|
|upkeep
|turn|25
|
|t:|1779921665
|move|p1a: Drifblim|Clear Smog|p2a: Driver
|-damage|p2a: Driver|62/100 par
|-clearboost|p2a: Driver
|move|p2a: Driver|Recover|p2a: Driver
|-heal|p2a: Driver|100/100 par
|
|upkeep
|turn|26
|
|t:|1779921675
|move|p1a: Drifblim|Strength Sap|p2a: Driver
|-unboost|p2a: Driver|atk|1
|-heal|p1a: Drifblim|62/100 par
|cant|p2a: Driver|par
|
|upkeep
|turn|27
|
|t:|1779921684
|move|p1a: Drifblim|Strength Sap|p2a: Driver
|-unboost|p2a: Driver|atk|1
|-heal|p1a: Drifblim|83/100 par
|cant|p2a: Driver|par
|
|upkeep
|turn|28
|
|t:|1779921694
|switch|p1a: Slowking|Slowking-Galar, F|48/100
|move|p2a: Driver|Psyshock|p1a: Slowking
|-damage|p1a: Slowking|16/100
|
|upkeep
|turn|29
|
|t:|1779921707
|switch|p1a: Drifblim|Drifblim, M|83/100 par
|move|p2a: Driver|Psyshock|p1a: Drifblim
|-damage|p1a: Drifblim|53/100 par
|
|upkeep
|turn|30
|
|t:|1779921716
|cant|p1a: Drifblim|par
|move|p2a: Driver|Psyshock|p1a: Drifblim
|-damage|p1a: Drifblim|19/100 par
|
|upkeep
|turn|31
|
|t:|1779921720
|move|p1a: Drifblim|Strength Sap|p2a: Driver
|-unboost|p2a: Driver|atk|1
|-heal|p1a: Drifblim|35/100 par
|move|p2a: Driver|Psyshock|p1a: Drifblim
|-damage|p1a: Drifblim|0 fnt
|faint|p1a: Drifblim
|
|upkeep
|
|t:|1779921726
|switch|p1a: Ogerpon|Ogerpon-Wellspring, F|21/100
|-damage|p1a: Ogerpon|8/100|[from] Stealth Rock
|turn|32
|
|t:|1779921733
|move|p1a: Ogerpon|Spiky Shield|p1a: Ogerpon
|-singleturn|p1a: Ogerpon|move: Protect
|move|p2a: Driver|Tri Attack|p1a: Ogerpon
|-activate|p1a: Ogerpon|move: Protect
|
|upkeep
|turn|33
|
|t:|1779921739
|move|p1a: Ogerpon|Ivy Cudgel|p2a: Driver|[anim] Ivy Cudgel Water
|-damage|p2a: Driver|63/100 par
|move|p2a: Driver|Tri Attack|p1a: Ogerpon
|-damage|p1a: Ogerpon|0 fnt
|faint|p1a: Ogerpon
|
|upkeep
|
|t:|1779921743
|switch|p1a: Slowking|Slowking-Galar, F|49/100
|turn|34
|
|t:|1779921746
|move|p1a: Slowking|Future Sight|p2a: Driver
|-start|p1a: Slowking|move: Future Sight
|move|p2a: Driver|Tri Attack|p1a: Slowking
|-damage|p1a: Slowking|10/100
|
|upkeep
|turn|35
|
|t:|1779921755
|move|p1a: Slowking|Sludge Bomb|p2a: Driver
|-damage|p2a: Driver|39/100 par
|move|p2a: Driver|Recover|p2a: Driver
|-heal|p2a: Driver|89/100 par
|
|upkeep
|turn|36
|
|t:|1779921761
|move|p1a: Slowking|Sludge Bomb|p2a: Driver
|-damage|p2a: Driver|67/100 par
|cant|p2a: Driver|par
|
|-end|p2a: Driver|move: Future Sight
|-damage|p2a: Driver|34/100 par
|upkeep
|turn|37
|
|t:|1779921767
|move|p1a: Slowking|Future Sight|p2a: Driver
|-start|p1a: Slowking|move: Future Sight
|move|p2a: Driver|Recover|p2a: Driver
|-heal|p2a: Driver|84/100 par
|
|upkeep
|turn|38
|
|t:|1779921771
|move|p1a: Slowking|Sludge Bomb|p2a: Driver
|-damage|p2a: Driver|60/100 par
|cant|p2a: Driver|par
|
|upkeep
|turn|39
|
|t:|1779921776
|move|p1a: Slowking|Sludge Bomb|p2a: Driver
|-damage|p2a: Driver|34/100 par
|move|p2a: Driver|Recover|p2a: Driver
|-heal|p2a: Driver|84/100 par
|
|-end|p2a: Driver|move: Future Sight
|-damage|p2a: Driver|50/100 par
|upkeep
|turn|40
|
|t:|1779921782
|move|p1a: Slowking|Future Sight|p2a: Driver
|-start|p1a: Slowking|move: Future Sight
|move|p2a: Driver|Recover|p2a: Driver
|-heal|p2a: Driver|100/100 par
|
|upkeep
|turn|41
|
|t:|1779921784
|move|p1a: Slowking|Sludge Bomb|p2a: Driver
|-damage|p2a: Driver|79/100 par
|move|p2a: Driver|Tri Attack|p1a: Slowking
|-damage|p1a: Slowking|0 fnt
|faint|p1a: Slowking
|
|upkeep
|
|t:|1779921789
|switch|p1a: Raging Bolt|Raging Bolt|58/100
|-damage|p1a: Raging Bolt|46/100|[from] Stealth Rock
|turn|42
|
|t:|1779921796
|move|p1a: Raging Bolt|Thunderbolt|p2a: Driver
|-damage|p2a: Driver|42/100 par
|cant|p2a: Driver|par
|
|-end|p2a: Driver|move: Future Sight
|-damage|p2a: Driver|11/100 par
|upkeep
|turn|43
|
|t:|1779921803
|move|p1a: Raging Bolt|Thunderbolt|p2a: Driver
|-damage|p2a: Driver|0 fnt
|faint|p2a: Driver
|
|upkeep
|
|t:|1779921807
|switch|p2a: Dusk|Dusknoir, M|100/100
|turn|44
|
|t:|1779921810
|move|p2a: Dusk|Shadow Ball|p1a: Raging Bolt
|-damage|p1a: Raging Bolt|0 fnt
|faint|p1a: Raging Bolt
|-end|p1a: Raging Bolt|Protosynthesis|[silent]
|
|win|Fireblaze343z
|raw|Melonlordmwahahaha's rating: 1186 &rarr; <strong>1160</strong><br />(-26 for losing)
|raw|Fireblaze343z's rating: 1174 &rarr; <strong>1200</strong><br />(+26 for winning)
|l|☆Melonlordmwahahaha
|player|p1|
|l|☆Fireblaze343z
|player|p2|
