|j|☆kaiserkahl
|j|☆exrollo
|t:|1779803302
|gametype|singles
|player|p1|kaiserkahl|170|1054
|player|p2|exrollo|burglar|1065
|gen|9
|tier|[Gen 9] OU
|rated|
|rule|HP Percentage Mod: HP is shown in percentages
|rule|Endless Battle Clause: Forcing endless battles is banned
|rule|Species Clause: Limit one of each Pokémon
|rule|OHKO Clause: OHKO moves are banned
|rule|Evasion Items Clause: Evasion items are banned
|rule|Evasion Moves Clause: Evasion moves are banned
|rule|Evasion Abilities Clause: Evasion abilities are banned
|rule|Sleep Moves Clause: Sleep-inducing moves are banned
|clearpoke
|poke|p1|Samurott-Hisui, F|
|poke|p1|Rillaboom, F|
|poke|p1|Landorus-Therian, M|
|poke|p1|Gholdengo|
|poke|p1|Weavile, F|
|poke|p1|Slowking-Galar, F|
|poke|p2|Mew|
|poke|p2|Heracross, F|
|poke|p2|Manaphy|
|poke|p2|Goodra-Hisui, F|
|poke|p2|Milotic, F|
|poke|p2|Hydreigon, F|
|teampreview
|
|t:|1779803312
|teamsize|p1|6
|teamsize|p2|6
|start
|switch|p1a: Samurott|Samurott-Hisui, F|100/100
|switch|p2a: Manaphy|Manaphy, shiny|100/100
|turn|1
|
|t:|1779803318
|move|p2a: Manaphy|Tail Glow|p2a: Manaphy
|-boost|p2a: Manaphy|spa|3
|move|p1a: Samurott|Ceaseless Edge|p2a: Manaphy
|-damage|p2a: Manaphy|67/100
|-sidestart|p2: exrollo|Spikes
|
|upkeep
|turn|2
|
|t:|1779803324
|move|p2a: Manaphy|Take Heart|p2a: Manaphy
|-boost|p2a: Manaphy|spa|1
|-boost|p2a: Manaphy|spd|1
|move|p1a: Samurott|Encore|p2a: Manaphy
|-start|p2a: Manaphy|Encore
|
|upkeep
|turn|3
|
|t:|1779803331
|move|p2a: Manaphy|Take Heart|p2a: Manaphy
|-boost|p2a: Manaphy|spa|1
|-boost|p2a: Manaphy|spd|1
|move|p1a: Samurott|Ceaseless Edge|p2a: Manaphy
|-damage|p2a: Manaphy|33/100
|-sidestart|p2: exrollo|Spikes
|
|upkeep
|turn|4
|
|t:|1779803338
|move|p2a: Manaphy|Take Heart|p2a: Manaphy
|-boost|p2a: Manaphy|spa|1
|-boost|p2a: Manaphy|spd|1
|move|p1a: Samurott|Ceaseless Edge|p2a: Manaphy
|-damage|p2a: Manaphy|0 fnt
|-sidestart|p2: exrollo|Spikes
|faint|p2a: Manaphy
|
|upkeep
|c|☆kaiserkahl|lol
|j| 22jj55
|
|t:|1779803350
|switch|p2a: Heracross|Heracross, F|100/100
|-damage|p2a: Heracross|76/100|[from] Spikes
|turn|5
|
|t:|1779803358
|move|p2a: Heracross|Close Combat|p1a: Samurott
|-supereffective|p1a: Samurott
|-damage|p1a: Samurott|0 fnt
|-unboost|p2a: Heracross|def|1
|-unboost|p2a: Heracross|spd|1
|faint|p1a: Samurott
|-ability|p2a: Heracross|Moxie|boost
|-boost|p2a: Heracross|atk|1
|
|upkeep
|l| 22jj55
|
|t:|1779803373
|switch|p1a: Gholdengo|Gholdengo|100/100
|-item|p1a: Gholdengo|Air Balloon
|turn|6
|
|t:|1779803392
|switch|p2a: Milotic|Milotic, F, shiny|100/100
|-damage|p2a: Milotic|76/100|[from] Spikes
|move|p1a: Gholdengo|Thunder Wave|p2a: Milotic|[miss]
|-miss|p1a: Gholdengo|p2a: Milotic
|
|-status|p2a: Milotic|tox|[from] item: Toxic Orb
|upkeep
|turn|7
|
|t:|1779803402
|move|p1a: Gholdengo|Hex|p2a: Milotic
|-damage|p2a: Milotic|36/100 tox
|move|p2a: Milotic|Coil|p2a: Milotic
|-boost|p2a: Milotic|atk|1
|-boost|p2a: Milotic|def|1
|-boost|p2a: Milotic|accuracy|1
|
|-damage|p2a: Milotic|30/100 tox|[from] psn
|upkeep
|turn|8
|
|t:|1779803413
|move|p1a: Gholdengo|Hex|p2a: Milotic
|-damage|p2a: Milotic|0 fnt
|faint|p2a: Milotic
|
|upkeep
|c|☆kaiserkahl|lol
|
|t:|1779803420
|switch|p2a: Heracross|Heracross, F|76/100
|-damage|p2a: Heracross|51/100|[from] Spikes
|turn|9
|
|t:|1779803432
|move|p2a: Heracross|Night Slash|p1a: Gholdengo
|-supereffective|p1a: Gholdengo
|-damage|p1a: Gholdengo|65/100
|-enditem|p1a: Gholdengo|Air Balloon
|move|p1a: Gholdengo|Thunder Wave|p2a: Heracross
|-status|p2a: Heracross|par
|
|upkeep
|turn|10
|
|t:|1779803442
|move|p1a: Gholdengo|Nasty Plot|p1a: Gholdengo
|-boost|p1a: Gholdengo|spa|2
|move|p2a: Heracross|Night Slash|p1a: Gholdengo
|-supereffective|p1a: Gholdengo
|-damage|p1a: Gholdengo|26/100
|
|upkeep
|turn|11
|
|t:|1779803452
|move|p1a: Gholdengo|Recover|p1a: Gholdengo
|-heal|p1a: Gholdengo|76/100
|move|p2a: Heracross|Night Slash|p1a: Gholdengo
|-supereffective|p1a: Gholdengo
|-damage|p1a: Gholdengo|40/100
|
|upkeep
|turn|12
|
|t:|1779803479
|move|p1a: Gholdengo|Recover|p1a: Gholdengo
|-heal|p1a: Gholdengo|90/100
|move|p2a: Heracross|Night Slash|p1a: Gholdengo
|-supereffective|p1a: Gholdengo
|-damage|p1a: Gholdengo|57/100
|
|upkeep
|turn|13
|
|t:|1779803485
|move|p1a: Gholdengo|Recover|p1a: Gholdengo
|-heal|p1a: Gholdengo|100/100
|move|p2a: Heracross|Night Slash|p1a: Gholdengo
|-supereffective|p1a: Gholdengo
|-damage|p1a: Gholdengo|65/100
|
|upkeep
|turn|14
|
|t:|1779803492
|move|p1a: Gholdengo|Recover|p1a: Gholdengo
|-heal|p1a: Gholdengo|100/100
|cant|p2a: Heracross|par
|
|upkeep
|turn|15
|
|t:|1779803496
|move|p1a: Gholdengo|Hex|p2a: Heracross
|-damage|p2a: Heracross|0 fnt
|faint|p2a: Heracross
|
|upkeep
|
|t:|1779803507
|switch|p2a: Hydreigon|Hydreigon, F|100/100
|turn|16
|
|t:|1779803516
|move|p2a: Hydreigon|Nasty Plot|p2a: Hydreigon
|-boost|p2a: Hydreigon|spa|2
|move|p1a: Gholdengo|Thunder Wave|p2a: Hydreigon
|-status|p2a: Hydreigon|par
|
|upkeep
|turn|17
|
|t:|1779803528
|-terastallize|p1a: Gholdengo|Fairy
|move|p1a: Gholdengo|Hex|p2a: Hydreigon
|-resisted|p2a: Hydreigon
|-damage|p2a: Hydreigon|48/100 par
|cant|p2a: Hydreigon|par
|
|upkeep
|turn|18
|
|t:|1779803543
|-terastallize|p2a: Hydreigon|Poison
|move|p1a: Gholdengo|Hex|p2a: Hydreigon
|-damage|p2a: Hydreigon|0 fnt
|faint|p2a: Hydreigon
|
|upkeep
|c|☆kaiserkahl|lol
|
|t:|1779803550
|switch|p2a: Goodra|Goodra-Hisui, F|100/100
|-damage|p2a: Goodra|76/100|[from] Spikes
|turn|19
|
|t:|1779803562
|move|p1a: Gholdengo|Thunder Wave|p2a: Goodra|[miss]
|-miss|p1a: Gholdengo|p2a: Goodra
|move|p2a: Goodra|Sludge Bomb|p1a: Gholdengo
|-supereffective|p1a: Gholdengo
|-damage|p1a: Gholdengo|58/100
|
|upkeep
|turn|20
|
|t:|1779803568
|move|p1a: Gholdengo|Thunder Wave|p2a: Goodra
|-status|p2a: Goodra|par
|move|p2a: Goodra|Sludge Bomb|p1a: Gholdengo
|-supereffective|p1a: Gholdengo
|-damage|p1a: Gholdengo|16/100
|
|upkeep
|turn|21
|
|t:|1779803575
|move|p1a: Gholdengo|Recover|p1a: Gholdengo
|-heal|p1a: Gholdengo|66/100
|cant|p2a: Goodra|par
|
|upkeep
|turn|22
|
|t:|1779803580
|move|p1a: Gholdengo|Hex|p2a: Goodra
|-damage|p2a: Goodra|24/100 par
|move|p2a: Goodra|Sludge Bomb|p1a: Gholdengo
|-supereffective|p1a: Gholdengo
|-damage|p1a: Gholdengo|25/100
|
|upkeep
|turn|23
|
|t:|1779803587
|move|p1a: Gholdengo|Recover|p1a: Gholdengo
|-heal|p1a: Gholdengo|76/100
|cant|p2a: Goodra|par
|
|upkeep
|turn|24
|
|t:|1779803592
|move|p1a: Gholdengo|Hex|p2a: Goodra
|-damage|p2a: Goodra|0 fnt
|faint|p2a: Goodra
|
|upkeep
|c|☆kaiserkahl|lol
|
|t:|1779803596
|switch|p2a: Mew|Mew|100/100
|-damage|p2a: Mew|76/100|[from] Spikes
|turn|25
|
|t:|1779803601
|move|p2a: Mew|Fire Blast|p1a: Gholdengo
|-damage|p1a: Gholdengo|42/100
|move|p1a: Gholdengo|Thunder Wave|p2a: Mew
|-status|p2a: Mew|par
|-activate|p2a: Mew|ability: Synchronize
|-status|p1a: Gholdengo|par
|
|upkeep
|turn|26
|
|t:|1779803613
|switch|p1a: Slowking|Slowking-Galar, F|100/100
|move|p2a: Mew|Fire Blast|p1a: Slowking
|-damage|p1a: Slowking|80/100
|
|upkeep
|turn|27
|
|t:|1779803621
|move|p2a: Mew|Hex|p1a: Slowking
|-supereffective|p1a: Slowking
|-damage|p1a: Slowking|59/100
|move|p1a: Slowking|Future Sight|p2a: Mew
|-start|p1a: Slowking|move: Future Sight
|
|upkeep
|turn|28
|
|t:|1779803626
|move|p2a: Mew|Nasty Plot|p2a: Mew
|-boost|p2a: Mew|spa|2
|-prepare|p1a: Slowking|Chilly Reception|[premajor]
|move|p1a: Slowking|Chilly Reception|p1a: Slowking
|-weather|Snowscape
|
|t:|1779803635
|switch|p1a: Landorus|Landorus-Therian, M|100/100|[from] Chilly Reception
|-ability|p1a: Landorus|Intimidate|boost
|-unboost|p2a: Mew|atk|1
|
|-weather|Snowscape|[upkeep]
|upkeep
|turn|29
|
|t:|1779803643
|move|p1a: Landorus|U-turn|p2a: Mew
|-supereffective|p2a: Mew
|-damage|p2a: Mew|37/100 par
|
|t:|1779803647
|switch|p1a: Gholdengo|Gholdengo, tera:Fairy|42/100 par|[from] U-turn
|move|p2a: Mew|Fire Blast|p1a: Gholdengo
|-damage|p1a: Gholdengo|0 fnt
|faint|p1a: Gholdengo
|
|-weather|Snowscape|[upkeep]
|-end|p2a: Mew|move: Future Sight
|-resisted|p2a: Mew
|-damage|p2a: Mew|15/100 par
|upkeep
|c|☆exrollo|lol
|
|t:|1779803657
|switch|p1a: Weavile|Weavile, F|100/100
|-ability|p1a: Weavile|Pressure
|turn|30
|l|☆kaiserkahl
|player|p1|
|j|☆kaiserkahl
|player|p1|kaiserkahl|170|
|
|t:|1779803689
|move|p1a: Weavile|Knock Off|p2a: Mew
|-supereffective|p2a: Mew
|-damage|p2a: Mew|0 fnt
|-enditem|p2a: Mew|Blunder Policy|[from] move: Knock Off|[of] p1a: Weavile
|faint|p2a: Mew
|
|win|kaiserkahl
|raw|kaiserkahl's rating: 1054 &rarr; <strong>1087</strong><br />(+33 for winning)
|raw|exrollo's rating: 1065 &rarr; <strong>1045</strong><br />(-20 for losing)
|c|☆kaiserkahl|ez
|c|☆exrollo|meta vs non meta duh
|c|☆kaiserkahl|learn the game
|c|☆exrollo|lmao
|c|☆kaiserkahl|stay on encore
|c|☆kaiserkahl|like
|c|☆kaiserkahl|meta or not meta is the same
|c|☆exrollo|lmao this is team building practice
|c|☆kaiserkahl|and
|c|☆kaiserkahl|why stay on encore
|c|☆exrollo|and so i dont care if im locked into encore
|c|☆kaiserkahl|boost spd vs attack
|c|☆kaiserkahl|yes
|c|☆exrollo|because im not climbing a ladder
|c|☆kaiserkahl|so you are dumb
|c|☆kaiserkahl|ok
|c|☆exrollo|be serious this is shwodown
|c|☆exrollo|lmao
|c|☆kaiserkahl|yes
|l|☆exrollo
|player|p2|
|c|☆kaiserkahl|but why do that
|l|☆kaiserkahl
|player|p1|
