|j|☆natty dice
|j|☆tony4939312
|t:|1779857850
|gametype|singles
|player|p1|natty dice|bugcatcher-gen4dp|1319
|player|p2|tony4939312|1|1335
|gen|9
|tier|[Gen 9] OU
|rated|
|rule|HP Percentage Mod: HP is shown in percentages
|rule|Endless Battle Clause: Forcing endless battles is banned
|rule|Species Clause: Limit one of each Pokémon
|rule|OHKO Clause: OHKO moves are banned
|rule|Evasion Items Clause: Evasion items are banned
|rule|Evasion Moves Clause: Evasion moves are banned
|rule|Evasion Abilities Clause: Evasion abilities are banned
|rule|Sleep Moves Clause: Sleep-inducing moves are banned
|clearpoke
|poke|p1|Arcanine-Hisui, M|
|poke|p1|Quaquaval, F|
|poke|p1|Gholdengo|
|poke|p1|Iron Moth|
|poke|p1|Ting-Lu|
|poke|p1|Hydrapple, F|
|poke|p2|Ogerpon-Wellspring, F|
|poke|p2|Alomomola, F|
|poke|p2|Slowking-Galar, M|
|poke|p2|Ting-Lu|
|poke|p2|Gholdengo|
|poke|p2|Weezing-Galar, F|
|teampreview
|inactive|Battle timer is ON: inactive players will automatically lose when time's up. (requested by tony4939312)
|inactive|natty dice has 120 seconds left.
|inactive|natty dice has 90 seconds left.
|inactive|natty dice has 60 seconds left.
|
|t:|1779857944
|teamsize|p1|6
|teamsize|p2|6
|start
|switch|p1a: Arcanine|Arcanine-Hisui, M, shiny|100/100
|switch|p2a: Ogerpon|Ogerpon-Wellspring, F|100/100
|turn|1
|
|t:|1779857954
|-terastallize|p1a: Arcanine|Normal
|move|p1a: Arcanine|Extreme Speed|p2a: Ogerpon
|-damage|p2a: Ogerpon|23/100
|-damage|p1a: Arcanine|91/100|[from] item: Life Orb
|move|p2a: Ogerpon|Ivy Cudgel|p1a: Arcanine|[anim] Ivy Cudgel Water
|-damage|p1a: Arcanine|18/100
|
|upkeep
|turn|2
|
|t:|1779857959
|switch|p2a: Alomomola|Alomomola, F|100/100
|move|p1a: Arcanine|Extreme Speed|p2a: Alomomola
|-damage|p2a: Alomomola|71/100
|-damage|p1a: Arcanine|1/100|[from] item: Rocky Helmet|[of] p2a: Alomomola
|-damage|p1a: Arcanine|0 fnt|[from] item: Life Orb
|faint|p1a: Arcanine
|
|upkeep
|
|t:|1779857966
|switch|p1a: Hydrapple|Hydrapple, F|100/100
|turn|3
|
|t:|1779857972
|move|p2a: Alomomola|Flip Turn|p1a: Hydrapple
|-resisted|p1a: Hydrapple
|-damage|p1a: Hydrapple|98/100
|
|t:|1779857976
|switch|p2a: Ting-Lu|Ting-Lu|100/100|[from] Flip Turn
|-ability|p2a: Ting-Lu|Vessel of Ruin
|move|p1a: Hydrapple|Nasty Plot|p1a: Hydrapple
|-boost|p1a: Hydrapple|spa|2
|
|-heal|p1a: Hydrapple|100/100|[from] item: Leftovers
|upkeep
|turn|4
|
|t:|1779857979
|move|p1a: Hydrapple|Giga Drain|p2a: Ting-Lu
|-supereffective|p2a: Ting-Lu
|-damage|p2a: Ting-Lu|9/100
|move|p2a: Ting-Lu|Whirlwind|p1a: Hydrapple
|drag|p1a: Ting-Lu|Ting-Lu|100/100
|-ability|p1a: Ting-Lu|Vessel of Ruin
|
|-heal|p2a: Ting-Lu|15/100|[from] item: Leftovers
|upkeep
|turn|5
|
|t:|1779857983
|switch|p2a: Alomomola|Alomomola, F|100/100
|move|p1a: Ting-Lu|Stealth Rock|p2a: Alomomola
|-sidestart|p2: tony4939312|move: Stealth Rock
|
|upkeep
|turn|6
|
|t:|1779857987
|switch|p1a: Hydrapple|Hydrapple, F|100/100
|move|p2a: Alomomola|Wish|p2a: Alomomola
|
|upkeep
|turn|7
|
|t:|1779857989
|move|p2a: Alomomola|Flip Turn|p1a: Hydrapple
|-resisted|p1a: Hydrapple
|-damage|p1a: Hydrapple|98/100
|
|t:|1779857994
|switch|p2a: Gholdengo|Gholdengo|100/100|[from] Flip Turn
|-damage|p2a: Gholdengo|94/100|[from] Stealth Rock
|move|p1a: Hydrapple|Nasty Plot|p1a: Hydrapple
|-boost|p1a: Hydrapple|spa|2
|
|-heal|p2a: Gholdengo|100/100|[from] move: Wish|[wisher] Alomomola
|-heal|p1a: Hydrapple|100/100|[from] item: Leftovers
|upkeep
|turn|8
|
|t:|1779857999
|move|p2a: Gholdengo|Trick|p1a: Hydrapple
|-activate|p2a: Gholdengo|move: Trick|[of] p1a: Hydrapple
|-item|p1a: Hydrapple|Choice Scarf|[from] move: Trick
|-item|p2a: Gholdengo|Leftovers|[from] move: Trick
|move|p1a: Hydrapple|Earth Power|p2a: Gholdengo
|-supereffective|p2a: Gholdengo
|-damage|p2a: Gholdengo|0 fnt
|faint|p2a: Gholdengo
|
|upkeep
|
|t:|1779858010
|switch|p2a: Slowking|Slowking-Galar, M|100/100
|turn|9
|
|t:|1779858013
|-terastallize|p2a: Slowking|Water
|move|p1a: Hydrapple|Earth Power|p2a: Slowking
|-damage|p2a: Slowking|67/100
|move|p2a: Slowking|Ice Beam|p1a: Hydrapple
|-supereffective|p1a: Hydrapple
|-damage|p1a: Hydrapple|11/100
|
|upkeep
|turn|10
|
|t:|1779858019
|switch|p1a: Gholdengo|Gholdengo|100/100
|move|p2a: Slowking|Ice Beam|p1a: Gholdengo
|-resisted|p1a: Gholdengo
|-damage|p1a: Gholdengo|88/100
|
|upkeep
|turn|11
|
|t:|1779858031
|move|p1a: Gholdengo|Thunder Wave|p2a: Slowking
|-status|p2a: Slowking|par
|-prepare|p2a: Slowking|Chilly Reception|[premajor]
|move|p2a: Slowking|Chilly Reception|p2a: Slowking
|-weather|Snowscape
|
|t:|1779858034
|switch|p2a: Alomomola|Alomomola, F|100/100|[from] Chilly Reception
|-damage|p2a: Alomomola|88/100|[from] Stealth Rock
|
|-weather|Snowscape|[upkeep]
|upkeep
|turn|12
|
|t:|1779858039
|move|p1a: Gholdengo|Nasty Plot|p1a: Gholdengo
|-boost|p1a: Gholdengo|spa|2
|move|p2a: Alomomola|Wish|p2a: Alomomola
|
|-weather|Snowscape|[upkeep]
|upkeep
|turn|13
|
|t:|1779858042
|move|p1a: Gholdengo|Shadow Ball|p2a: Alomomola
|-damage|p2a: Alomomola|0 fnt
|faint|p2a: Alomomola
|
|-weather|Snowscape|[upkeep]
|upkeep
|
|t:|1779858049
|switch|p2a: Ogerpon|Ogerpon-Wellspring, F|23/100
|-damage|p2a: Ogerpon|10/100|[from] Stealth Rock
|turn|14
|
|t:|1779858053
|move|p2a: Ogerpon|Ivy Cudgel|p1a: Gholdengo|[anim] Ivy Cudgel Water
|-damage|p1a: Gholdengo|16/100
|move|p1a: Gholdengo|Shadow Ball|p2a: Ogerpon
|-damage|p2a: Ogerpon|0 fnt
|faint|p2a: Ogerpon
|
|-weather|Snowscape|[upkeep]
|upkeep
|-message|tony4939312 forfeited.
|
|win|natty dice
|raw|natty dice's rating: 1319 &rarr; <strong>1340</strong><br />(+21 for winning)
|raw|tony4939312's rating: 1335 &rarr; <strong>1314</strong><br />(-21 for losing)
|l|☆tony4939312
|player|p2|
|l|☆natty dice
|player|p1|
