|j|☆Wonderlandsdoom
|j|☆Hisui4ever
|t:|1779821736
|gametype|singles
|player|p1|Wonderlandsdoom|policeman-gen4|1236
|player|p2|Hisui4ever|ingo|1220
|gen|9
|tier|[Gen 9] OU
|rated|
|rule|HP Percentage Mod: HP is shown in percentages
|rule|Endless Battle Clause: Forcing endless battles is banned
|rule|Species Clause: Limit one of each Pokémon
|rule|OHKO Clause: OHKO moves are banned
|rule|Evasion Items Clause: Evasion items are banned
|rule|Evasion Moves Clause: Evasion moves are banned
|rule|Evasion Abilities Clause: Evasion abilities are banned
|rule|Sleep Moves Clause: Sleep-inducing moves are banned
|clearpoke
|poke|p1|Corviknight, M|
|poke|p1|Pecharunt|
|poke|p1|Ting-Lu|
|poke|p1|Tyranitar, M|
|poke|p1|Scrafty, M|
|poke|p1|Garganacl, F|
|poke|p2|Pelipper, M|
|poke|p2|Ogerpon-Wellspring, F|
|poke|p2|Barraskewda, M|
|poke|p2|Iron Treads|
|poke|p2|Latias, F|
|poke|p2|Kingambit, F|
|teampreview
|inactive|Battle timer is ON: inactive players will automatically lose when time's up. (requested by Wonderlandsdoom)
|
|t:|1779821753
|teamsize|p1|6
|teamsize|p2|6
|start
|switch|p1a: Tyranitar|Tyranitar, M|100/100
|switch|p2a: Kass|Pelipper, M|100/100
|-weather|RainDance|[from] ability: Drizzle|[of] p2a: Kass
|-weather|Sandstorm|[from] ability: Sand Stream|[of] p1a: Tyranitar
|turn|1
|
|t:|1779821765
|switch|p2a: King Rhoam|Kingambit, F|100/100
|-item|p2a: King Rhoam|Air Balloon
|move|p1a: Tyranitar|Knock Off|p2a: King Rhoam
|-resisted|p2a: King Rhoam
|-damage|p2a: King Rhoam|79/100
|-enditem|p2a: King Rhoam|Air Balloon
|
|-weather|Sandstorm|[upkeep]
|upkeep
|turn|2
|
|t:|1779821783
|switch|p1a: Ting-Lu|Ting-Lu|100/100
|-ability|p1a: Ting-Lu|Vessel of Ruin
|move|p2a: King Rhoam|Low Kick|p1a: Ting-Lu
|-supereffective|p1a: Ting-Lu
|-damage|p1a: Ting-Lu|59/100
|
|-weather|Sandstorm|[upkeep]
|-heal|p1a: Ting-Lu|65/100|[from] item: Leftovers
|upkeep
|turn|3
|
|t:|1779821796
|-end|p2a: King Rhoam|fallenundefined|[silent]
|switch|p2a: Kass|Pelipper, M|100/100
|-weather|RainDance|[from] ability: Drizzle|[of] p2a: Kass
|move|p1a: Ting-Lu|Ruination|p2a: Kass|[miss]
|-miss|p1a: Ting-Lu|p2a: Kass
|
|-weather|RainDance|[upkeep]
|-heal|p1a: Ting-Lu|72/100|[from] item: Leftovers
|upkeep
|turn|4
|
|t:|1779821810
|switch|p1a: Tyranitar|Tyranitar, M|100/100
|-weather|Sandstorm|[from] ability: Sand Stream|[of] p1a: Tyranitar
|move|p2a: Kass|Weather Ball|p1a: Tyranitar
|-damage|p1a: Tyranitar|87/100
|
|-weather|Sandstorm|[upkeep]
|-damage|p2a: Kass|94/100|[from] Sandstorm
|-heal|p1a: Tyranitar|94/100|[from] item: Leftovers
|upkeep
|turn|5
|
|t:|1779821829
|switch|p2a: Vah Ruta|Iron Treads|100/100
|move|p1a: Tyranitar|Knock Off|p2a: Vah Ruta
|-crit|p2a: Vah Ruta
|-damage|p2a: Vah Ruta|29/100
|-enditem|p2a: Vah Ruta|Leftovers|[from] move: Knock Off|[of] p1a: Tyranitar
|
|-weather|Sandstorm|[upkeep]
|-heal|p1a: Tyranitar|99/100|[from] item: Leftovers
|upkeep
|turn|6
|
|t:|1779821840
|switch|p1a: Corviknight|Corviknight, M|100/100
|-ability|p1a: Corviknight|Pressure
|move|p2a: Vah Ruta|Stealth Rock|p1a: Corviknight
|-sidestart|p1: Wonderlandsdoom|move: Stealth Rock
|
|-weather|Sandstorm|[upkeep]
|upkeep
|turn|7
|
|t:|1779821848
|move|p2a: Vah Ruta|Ice Spinner|p1a: Corviknight
|-damage|p1a: Corviknight|86/100
|move|p1a: Corviknight|Body Press|p2a: Vah Ruta
|-supereffective|p2a: Vah Ruta
|-damage|p2a: Vah Ruta|0 fnt
|faint|p2a: Vah Ruta
|-end|p2a: Vah Ruta|Quark Drive|[silent]
|
|-weather|Sandstorm|[upkeep]
|-heal|p1a: Corviknight|92/100|[from] item: Leftovers
|upkeep
|
|t:|1779821859
|switch|p2a: Kass|Pelipper, M|94/100
|-weather|RainDance|[from] ability: Drizzle|[of] p2a: Kass
|turn|8
|
|t:|1779821863
|switch|p1a: Tyranitar|Tyranitar, M|99/100
|-damage|p1a: Tyranitar|87/100|[from] Stealth Rock
|-weather|Sandstorm|[from] ability: Sand Stream|[of] p1a: Tyranitar
|switch|p2a: Vah Medoh|Latias, F|100/100
|
|-weather|Sandstorm|[upkeep]
|-damage|p2a: Vah Medoh|95/100|[from] Sandstorm
|-heal|p1a: Tyranitar|94/100|[from] item: Leftovers
|upkeep
|turn|9
|
|t:|1779821877
|switch|p2a: King Rhoam|Kingambit, F|79/100
|-activate|p2a: King Rhoam|ability: Supreme Overlord
|-start|p2a: King Rhoam|fallen1|[silent]
|move|p1a: Tyranitar|Knock Off|p2a: King Rhoam
|-resisted|p2a: King Rhoam
|-damage|p2a: King Rhoam|65/100
|
|-weather|Sandstorm|[upkeep]
|-heal|p1a: Tyranitar|99/100|[from] item: Leftovers
|upkeep
|turn|10
|
|t:|1779821888
|switch|p1a: Scrafty|Scrafty, M|100/100
|-damage|p1a: Scrafty|95/100|[from] Stealth Rock
|-ability|p1a: Scrafty|Intimidate|boost
|-unboost|p2a: King Rhoam|atk|1
|move|p2a: King Rhoam|Low Kick|p1a: Scrafty
|-supereffective|p1a: Scrafty
|-damage|p1a: Scrafty|61/100
|
|-weather|Sandstorm|[upkeep]
|upkeep
|turn|11
|
|t:|1779821898
|-end|p2a: King Rhoam|fallen1|[silent]
|switch|p2a: Kass|Pelipper, M|94/100
|-weather|RainDance|[from] ability: Drizzle|[of] p2a: Kass
|move|p1a: Scrafty|Fake Out|p2a: Kass
|-damage|p2a: Kass|84/100
|
|-weather|RainDance|[upkeep]
|upkeep
|turn|12
|
|t:|1779821911
|switch|p2a: Calamo|Ogerpon-Wellspring, F|100/100
|move|p1a: Scrafty|Knock Off|p2a: Calamo
|-damage|p2a: Calamo|64/100
|
|-weather|RainDance|[upkeep]
|upkeep
|turn|13
|
|t:|1779821922
|switch|p1a: Corviknight|Corviknight, M|92/100
|-damage|p1a: Corviknight|80/100|[from] Stealth Rock
|-ability|p1a: Corviknight|Pressure
|move|p2a: Calamo|Swords Dance|p2a: Calamo
|-boost|p2a: Calamo|atk|2
|
|-weather|RainDance|[upkeep]
|-heal|p1a: Corviknight|86/100|[from] item: Leftovers
|upkeep
|turn|14
|
|t:|1779821933
|-terastallize|p2a: Calamo|Water
|detailschange|p2a: Calamo|Ogerpon-Wellspring-Tera, F, tera:Water
|-ability|p2a: Calamo|Embody Aspect (Wellspring)|boost
|-boost|p2a: Calamo|spd|1
|move|p2a: Calamo|Ivy Cudgel|p1a: Corviknight|[anim] Ivy Cudgel Water
|-crit|p1a: Corviknight
|-damage|p1a: Corviknight|0 fnt
|faint|p1a: Corviknight
|
|-weather|RainDance|[upkeep]
|upkeep
|
|t:|1779821943
|switch|p1a: Pecharunt|Pecharunt|100/100
|-damage|p1a: Pecharunt|88/100|[from] Stealth Rock
|turn|15
|
|t:|1779821952
|move|p1a: Pecharunt|Protect|p1a: Pecharunt
|-singleturn|p1a: Pecharunt|Protect
|move|p2a: Calamo|Ivy Cudgel|p1a: Pecharunt|[anim] Ivy Cudgel Water
|-activate|p1a: Pecharunt|move: Protect
|
|-weather|RainDance|[upkeep]
|-heal|p1a: Pecharunt|94/100|[from] item: Leftovers
|upkeep
|turn|16
|
|t:|1779821964
|move|p2a: Calamo|Ivy Cudgel|p1a: Pecharunt|[anim] Ivy Cudgel Water
|-damage|p1a: Pecharunt|0 fnt
|faint|p1a: Pecharunt
|
|-weather|RainDance|[upkeep]
|upkeep
|
|t:|1779821968
|switch|p1a: Scrafty|Scrafty, M|61/100
|-damage|p1a: Scrafty|55/100|[from] Stealth Rock
|-ability|p1a: Scrafty|Intimidate|boost
|-unboost|p2a: Calamo|atk|1
|turn|17
|
|t:|1779821973
|move|p1a: Scrafty|Fake Out|p2a: Calamo
|-damage|p2a: Calamo|48/100
|cant|p2a: Calamo|flinch
|
|-weather|RainDance|[upkeep]
|upkeep
|turn|18
|
|t:|1779821987
|move|p2a: Calamo|Horn Leech|p1a: Scrafty
|-damage|p1a: Scrafty|0 fnt
|-heal|p2a: Calamo|78/100|[from] drain|[of] p1a: Scrafty
|faint|p1a: Scrafty
|
|-weather|none
|upkeep
|
|t:|1779821991
|switch|p1a: Tyranitar|Tyranitar, M|99/100
|-damage|p1a: Tyranitar|87/100|[from] Stealth Rock
|-weather|Sandstorm|[from] ability: Sand Stream|[of] p1a: Tyranitar
|turn|19
|
|t:|1779822000
|-terastallize|p1a: Tyranitar|Steel
|move|p2a: Calamo|Ivy Cudgel|p1a: Tyranitar|[anim] Ivy Cudgel Water
|-crit|p1a: Tyranitar
|-damage|p1a: Tyranitar|0 fnt
|faint|p1a: Tyranitar
|
|-weather|Sandstorm|[upkeep]
|-damage|p2a: Calamo|72/100|[from] Sandstorm
|upkeep
|-message|Wonderlandsdoom forfeited.
|
|win|Hisui4ever
|raw|Wonderlandsdoom's rating: 1236 &rarr; <strong>1210</strong><br />(-26 for losing)
|raw|Hisui4ever's rating: 1220 &rarr; <strong>1246</strong><br />(+26 for winning)
|l|☆Wonderlandsdoom
|player|p1|
|l|☆Hisui4ever
|player|p2|
