|j|☆esta man oe
|j|☆PheonixOfRa
|t:|1779806078
|gametype|singles
|player|p1|esta man oe|preschooler|1454
|player|p2|PheonixOfRa|dawn-gen4pt|1413
|gen|9
|tier|[Gen 9] OU
|rated|
|rule|HP Percentage Mod: HP is shown in percentages
|rule|Endless Battle Clause: Forcing endless battles is banned
|rule|Species Clause: Limit one of each Pokémon
|rule|OHKO Clause: OHKO moves are banned
|rule|Evasion Items Clause: Evasion items are banned
|rule|Evasion Moves Clause: Evasion moves are banned
|rule|Evasion Abilities Clause: Evasion abilities are banned
|rule|Sleep Moves Clause: Sleep-inducing moves are banned
|clearpoke
|poke|p1|Torkoal, M|
|poke|p1|Pelipper, M|
|poke|p1|Walking Wake|
|poke|p1|Hatterene, F|
|poke|p1|Raging Bolt|
|poke|p1|Alomomola, F|
|poke|p2|Necrozma|
|poke|p2|Glimmora, F|
|poke|p2|Rotom-Wash|
|poke|p2|Gholdengo|
|poke|p2|Dragapult, F|
|poke|p2|Kingambit, M|
|teampreview
|inactive|Battle timer is ON: inactive players will automatically lose when time's up. (requested by esta man oe)
|
|t:|1779806101
|teamsize|p1|6
|teamsize|p2|6
|start
|switch|p1a: Raging Bolt|Raging Bolt|100/100
|switch|p2a: Glimmora|Glimmora, F|100/100
|turn|1
|
|t:|1779806111
|move|p1a: Raging Bolt|Volt Switch|p2a: Glimmora
|-damage|p2a: Glimmora|56/100
|
|t:|1779806134
|-end|p1a: Raging Bolt|Protosynthesis|[silent]
|switch|p1a: Hatterene|Hatterene, F, shiny|100/100|[from] Volt Switch
|move|p2a: Glimmora|Mortal Spin|p1a: Hatterene
|-supereffective|p1a: Hatterene
|-damage|p1a: Hatterene|90/100
|-status|p1a: Hatterene|psn
|-enditem|p1a: Hatterene|Eject Button
|
|t:|1779806137
|switch|p1a: Walking Wake|Walking Wake|100/100
|
|upkeep
|turn|2
|
|t:|1779806147
|switch|p2a: Rotom|Rotom-Wash|100/100
|move|p1a: Walking Wake|Hydro Steam|p2a: Rotom
|-resisted|p2a: Rotom
|-damage|p2a: Rotom|60/100
|
|upkeep
|turn|3
|
|t:|1779806161
|-end|p1a: Walking Wake|Protosynthesis|[silent]
|switch|p1a: Raging Bolt|Raging Bolt|100/100
|move|p2a: Rotom|Trick|p1a: Raging Bolt
|-activate|p2a: Rotom|move: Trick|[of] p1a: Raging Bolt
|-item|p1a: Raging Bolt|Choice Scarf|[from] move: Trick
|-item|p2a: Rotom|Choice Scarf|[from] move: Trick
|
|upkeep
|turn|4
|
|t:|1779806179
|move|p2a: Rotom|Volt Switch|p1a: Raging Bolt
|-resisted|p1a: Raging Bolt
|-damage|p1a: Raging Bolt|93/100
|
|t:|1779806183
|switch|p2a: Glimmora|Glimmora, F|56/100|[from] Volt Switch
|move|p1a: Raging Bolt|Volt Switch|p2a: Glimmora
|-damage|p2a: Glimmora|15/100
|
|t:|1779806189
|-end|p1a: Raging Bolt|Protosynthesis|[silent]
|switch|p1a: Walking Wake|Walking Wake|100/100|[from] Volt Switch
|
|upkeep
|turn|5
|
|t:|1779806194
|switch|p2a: Rotom|Rotom-Wash|60/100
|move|p1a: Walking Wake|Hydro Steam|p2a: Rotom
|-resisted|p2a: Rotom
|-damage|p2a: Rotom|16/100
|
|upkeep
|turn|6
|
|t:|1779806198
|-end|p1a: Walking Wake|Protosynthesis|[silent]
|switch|p1a: Raging Bolt|Raging Bolt|93/100
|move|p2a: Rotom|Volt Switch|p1a: Raging Bolt
|-resisted|p1a: Raging Bolt
|-damage|p1a: Raging Bolt|87/100
|
|t:|1779806202
|switch|p2a: Dragapult|Dragapult, F|100/100|[from] Volt Switch
|
|upkeep
|turn|7
|
|t:|1779806206
|-terastallize|p1a: Raging Bolt|Fairy
|move|p1a: Raging Bolt|Draco Meteor|p2a: Dragapult
|-supereffective|p2a: Dragapult
|-damage|p2a: Dragapult|0 fnt
|-unboost|p1a: Raging Bolt|spa|2
|faint|p2a: Dragapult
|
|upkeep
|
|t:|1779806224
|switch|p2a: Necrozma|Necrozma|100/100
|turn|8
|
|t:|1779806230
|-end|p1a: Raging Bolt|Protosynthesis|[silent]
|switch|p1a: Torkoal|Torkoal, M|100/100
|-weather|SunnyDay|[from] ability: Drought|[of] p1a: Torkoal
|move|p2a: Necrozma|Dragon Dance|p2a: Necrozma
|-boost|p2a: Necrozma|atk|1
|-boost|p2a: Necrozma|spe|1
|
|-weather|SunnyDay|[upkeep]
|upkeep
|turn|9
|
|t:|1779806239
|move|p2a: Necrozma|Dragon Dance|p2a: Necrozma
|-boost|p2a: Necrozma|atk|1
|-boost|p2a: Necrozma|spe|1
|move|p1a: Torkoal|Will-O-Wisp|p2a: Necrozma
|-status|p2a: Necrozma|brn
|
|-weather|SunnyDay|[upkeep]
|-damage|p2a: Necrozma|94/100 brn|[from] brn
|upkeep
|turn|10
|
|t:|1779806251
|move|p2a: Necrozma|Dragon Dance|p2a: Necrozma
|-boost|p2a: Necrozma|atk|1
|-boost|p2a: Necrozma|spe|1
|move|p1a: Torkoal|Stealth Rock|p2a: Necrozma
|-sidestart|p2: PheonixOfRa|move: Stealth Rock
|
|-weather|SunnyDay|[upkeep]
|-damage|p2a: Necrozma|88/100 brn|[from] brn
|upkeep
|turn|11
|
|t:|1779806276
|move|p2a: Necrozma|Dragon Dance|p2a: Necrozma
|-boost|p2a: Necrozma|atk|1
|-boost|p2a: Necrozma|spe|1
|move|p1a: Torkoal|Lava Plume|p2a: Necrozma
|-damage|p2a: Necrozma|56/100 brn
|-enditem|p2a: Necrozma|Red Card|[of] p1a: Torkoal
|drag|p1a: Raging Bolt|Raging Bolt, tera:Fairy|87/100
|-activate|p1a: Raging Bolt|ability: Protosynthesis
|-start|p1a: Raging Bolt|protosynthesisspa
|
|-weather|SunnyDay|[upkeep]
|-damage|p2a: Necrozma|50/100 brn|[from] brn
|upkeep
|turn|12
|
|t:|1779806284
|-end|p1a: Raging Bolt|Protosynthesis|[silent]
|switch|p1a: Pelipper|Pelipper, M|100/100
|-weather|RainDance|[from] ability: Drizzle|[of] p1a: Pelipper
|move|p2a: Necrozma|Morning Sun|p2a: Necrozma
|-heal|p2a: Necrozma|75/100 brn
|
|-weather|RainDance|[upkeep]
|-damage|p2a: Necrozma|69/100 brn|[from] brn
|upkeep
|turn|13
|
|t:|1779806296
|move|p2a: Necrozma|Dragon Dance|p2a: Necrozma
|-boost|p2a: Necrozma|atk|1
|-boost|p2a: Necrozma|spe|1
|move|p1a: Pelipper|Hurricane|p2a: Necrozma
|-damage|p2a: Necrozma|36/100 brn
|
|-weather|RainDance|[upkeep]
|-damage|p2a: Necrozma|30/100 brn|[from] brn
|upkeep
|turn|14
|
|t:|1779806305
|move|p2a: Necrozma|Morning Sun|p2a: Necrozma
|-heal|p2a: Necrozma|55/100 brn
|move|p1a: Pelipper|Hurricane|p2a: Necrozma
|-damage|p2a: Necrozma|22/100 brn
|
|-weather|RainDance|[upkeep]
|-damage|p2a: Necrozma|16/100 brn|[from] brn
|upkeep
|turn|15
|
|t:|1779806311
|move|p2a: Necrozma|Photon Geyser|p1a: Pelipper
|-damage|p1a: Pelipper|34/100
|move|p1a: Pelipper|Hurricane|p2a: Necrozma
|-damage|p2a: Necrozma|0 fnt
|faint|p2a: Necrozma
|
|-weather|RainDance|[upkeep]
|upkeep
|
|t:|1779806321
|switch|p2a: Glimmora|Glimmora, F|15/100
|-damage|p2a: Glimmora|2/100|[from] Stealth Rock
|turn|16
|
|t:|1779806327
|switch|p1a: Hatterene|Hatterene, F, shiny|90/100 psn
|move|p2a: Glimmora|Stealth Rock|p1a: Hatterene
|move|p1a: Hatterene|Stealth Rock||[from] ability: Magic Bounce|[still]
|-fail|p1a: Hatterene
|
|-weather|RainDance|[upkeep]
|-damage|p1a: Hatterene|78/100 psn|[from] psn
|upkeep
|turn|17
|
|t:|1779806336
|move|p2a: Glimmora|Power Gem|p1a: Hatterene
|-damage|p1a: Hatterene|44/100 psn
|move|p1a: Hatterene|Healing Wish|p1a: Hatterene
|faint|p1a: Hatterene
|
|-weather|RainDance|[upkeep]
|upkeep
|
|t:|1779806342
|switch|p1a: Raging Bolt|Raging Bolt, tera:Fairy|87/100
|-heal|p1a: Raging Bolt|100/100|[from] move: Healing Wish
|turn|18
|
|t:|1779806352
|move|p1a: Raging Bolt|Volt Switch|p2a: Glimmora
|-damage|p2a: Glimmora|0 fnt
|faint|p2a: Glimmora
|
|t:|1779806355
|-end|p1a: Raging Bolt|Protosynthesis|[silent]
|switch|p1a: Walking Wake|Walking Wake|100/100|[from] Volt Switch
|
|-weather|RainDance|[upkeep]
|upkeep
|
|t:|1779806380
|switch|p2a: Gholdengo|Gholdengo|100/100
|-damage|p2a: Gholdengo|94/100|[from] Stealth Rock
|-item|p2a: Gholdengo|Air Balloon
|turn|19
|
|t:|1779806386
|-end|p1a: Walking Wake|Protosynthesis|[silent]
|switch|p1a: Alomomola|Alomomola, F|100/100
|move|p2a: Gholdengo|Thunder Wave|p1a: Alomomola
|-status|p1a: Alomomola|par
|
|-weather|none
|upkeep
|turn|20
|
|t:|1779806393
|move|p2a: Gholdengo|Hex|p1a: Alomomola
|-damage|p1a: Alomomola|61/100 par
|cant|p1a: Alomomola|par
|
|upkeep
|turn|21
|
|t:|1779806397
|move|p2a: Gholdengo|Hex|p1a: Alomomola
|-damage|p1a: Alomomola|21/100 par
|move|p1a: Alomomola|Flip Turn|p2a: Gholdengo
|-damage|p2a: Gholdengo|83/100
|-enditem|p2a: Gholdengo|Air Balloon
|
|t:|1779806403
|switch|p1a: Torkoal|Torkoal, M|100/100|[from] Flip Turn
|-weather|SunnyDay|[from] ability: Drought|[of] p1a: Torkoal
|
|-weather|SunnyDay|[upkeep]
|upkeep
|turn|22
|
|t:|1779806427
|switch|p1a: Alomomola|Alomomola, F|54/100 par
|move|p2a: Gholdengo|Thunder Wave|p1a: Alomomola
|-fail|p1a: Alomomola|par
|
|-weather|SunnyDay|[upkeep]
|upkeep
|turn|23
|
|t:|1779806436
|move|p2a: Gholdengo|Hex|p1a: Alomomola
|-damage|p1a: Alomomola|10/100 par
|cant|p1a: Alomomola|par
|
|-weather|SunnyDay|[upkeep]
|upkeep
|turn|24
|
|t:|1779806445
|move|p2a: Gholdengo|Hex|p1a: Alomomola
|-damage|p1a: Alomomola|0 fnt
|faint|p1a: Alomomola
|
|-weather|SunnyDay|[upkeep]
|upkeep
|
|t:|1779806447
|switch|p1a: Walking Wake|Walking Wake|100/100
|-activate|p1a: Walking Wake|ability: Protosynthesis
|-start|p1a: Walking Wake|protosynthesisspa
|turn|25
|
|t:|1779806456
|move|p1a: Walking Wake|Flamethrower|p2a: Gholdengo
|-supereffective|p2a: Gholdengo
|-damage|p2a: Gholdengo|0 fnt
|faint|p2a: Gholdengo
|
|-weather|SunnyDay|[upkeep]
|upkeep
|
|t:|1779806466
|switch|p2a: Rotom|Rotom-Wash|16/100
|-damage|p2a: Rotom|4/100|[from] Stealth Rock
|turn|26
|
|t:|1779806486
|move|p2a: Rotom|Trick|p1a: Walking Wake
|-activate|p2a: Rotom|move: Trick|[of] p1a: Walking Wake
|-item|p1a: Walking Wake|Choice Scarf|[from] move: Trick
|-item|p2a: Rotom|Choice Specs|[from] move: Trick
|move|p1a: Walking Wake|Flamethrower|p2a: Rotom
|-resisted|p2a: Rotom
|-damage|p2a: Rotom|0 fnt
|faint|p2a: Rotom
|
|-weather|SunnyDay|[upkeep]
|upkeep
|
|t:|1779806493
|switch|p2a: Kingambit|Kingambit, M|100/100
|-damage|p2a: Kingambit|94/100|[from] Stealth Rock
|-activate|p2a: Kingambit|ability: Supreme Overlord
|-start|p2a: Kingambit|fallen5|[silent]
|turn|27
|
|t:|1779806504
|-terastallize|p2a: Kingambit|Fire
|move|p1a: Walking Wake|Flamethrower|p2a: Kingambit
|-resisted|p2a: Kingambit
|-damage|p2a: Kingambit|62/100
|move|p2a: Kingambit|Swords Dance|p2a: Kingambit
|-boost|p2a: Kingambit|atk|2
|
|-weather|SunnyDay|[upkeep]
|upkeep
|turn|28
|
|t:|1779806514
|-end|p1a: Walking Wake|Protosynthesis|[silent]
|switch|p1a: Pelipper|Pelipper, M|34/100
|-weather|RainDance|[from] ability: Drizzle|[of] p1a: Pelipper
|move|p2a: Kingambit|Sucker Punch||[still]
|-fail|p2a: Kingambit
|
|-weather|RainDance|[upkeep]
|upkeep
|turn|29
|
|t:|1779806518
|move|p2a: Kingambit|Sucker Punch|p1a: Pelipper
|-damage|p1a: Pelipper|0 fnt
|faint|p1a: Pelipper
|
|-weather|RainDance|[upkeep]
|upkeep
|
|t:|1779806521
|switch|p1a: Raging Bolt|Raging Bolt, tera:Fairy|100/100
|turn|30
|
|t:|1779806526
|move|p1a: Raging Bolt|Weather Ball|p2a: Kingambit
|-supereffective|p2a: Kingambit
|-damage|p2a: Kingambit|0 fnt
|faint|p2a: Kingambit
|-end|p2a: Kingambit|fallen5|[silent]
|
|win|esta man oe
|raw|esta man oe's rating: 1454 &rarr; <strong>1472</strong><br />(+18 for winning)
|raw|PheonixOfRa's rating: 1413 &rarr; <strong>1395</strong><br />(-18 for losing)
