|j|☆Umbra3337
|j|☆qqqqk
|t:|1779900090
|gametype|singles
|player|p1|Umbra3337|lucas|1078
|player|p2|qqqqk|blaine|1127
|gen|9
|tier|[Gen 9] OU
|rated|
|rule|HP Percentage Mod: HP is shown in percentages
|rule|Endless Battle Clause: Forcing endless battles is banned
|rule|Species Clause: Limit one of each Pokémon
|rule|OHKO Clause: OHKO moves are banned
|rule|Evasion Items Clause: Evasion items are banned
|rule|Evasion Moves Clause: Evasion moves are banned
|rule|Evasion Abilities Clause: Evasion abilities are banned
|rule|Sleep Moves Clause: Sleep-inducing moves are banned
|clearpoke
|poke|p1|Infernape, M|
|poke|p1|Gholdengo|
|poke|p1|Regieleki|
|poke|p1|Ceruledge, F|
|poke|p1|Dragapult, M|
|poke|p1|Hatterene, F|
|poke|p2|Wooper, M|
|poke|p2|Zarude-Dada|
|poke|p2|Skeledirge, F|
|poke|p2|Slowbro, M|
|poke|p2|Scizor, F|
|poke|p2|Typhlosion, F|
|teampreview
|inactive|Battle timer is ON: inactive players will automatically lose when time's up. (requested by qqqqk)
|
|t:|1779900095
|teamsize|p1|6
|teamsize|p2|6
|start
|switch|p1a: Infernape|Infernape, M|100/100
|switch|p2a: Wooper|Wooper, M, shiny|100/100
|turn|1
|
|t:|1779900104
|move|p1a: Infernape|Earthquake|p2a: Wooper
|-damage|p2a: Wooper|79/100
|move|p2a: Wooper|Counter|p1a: Infernape
|-damage|p1a: Infernape|57/100
|
|upkeep
|turn|2
|
|t:|1779900110
|move|p1a: Infernape|Close Combat|p2a: Wooper
|-damage|p2a: Wooper|39/100
|-unboost|p1a: Infernape|def|1
|-unboost|p1a: Infernape|spd|1
|move|p2a: Wooper|Stealth Rock|p1a: Infernape
|-sidestart|p1: Umbra3337|move: Stealth Rock
|
|upkeep
|turn|3
|
|t:|1779900118
|move|p1a: Infernape|Close Combat|p2a: Wooper
|-crit|p2a: Wooper
|-damage|p2a: Wooper|0 fnt
|-unboost|p1a: Infernape|def|1
|-unboost|p1a: Infernape|spd|1
|faint|p2a: Wooper
|
|upkeep
|
|t:|1779900126
|switch|p2a: Skeledirge|Skeledirge, F, shiny|100/100
|turn|4
|-activate|p2a: Skeledirge|item: Quick Claw
|
|t:|1779900133
|move|p2a: Skeledirge|Shadow Ball|p1a: Infernape
|-damage|p1a: Infernape|6/100
|move|p1a: Infernape|Earthquake|p2a: Skeledirge
|-supereffective|p2a: Skeledirge
|-damage|p2a: Skeledirge|56/100
|
|upkeep
|turn|5
|
|t:|1779900147
|switch|p1a: Gholdengo|Gholdengo|100/100
|-damage|p1a: Gholdengo|94/100|[from] Stealth Rock
|move|p2a: Skeledirge|Torch Song|p1a: Gholdengo
|-supereffective|p1a: Gholdengo
|-damage|p1a: Gholdengo|14/100
|-boost|p2a: Skeledirge|spa|1
|
|upkeep
|turn|6
|
|t:|1779900164
|move|p1a: Gholdengo|Night Shade|p2a: Skeledirge
|-damage|p2a: Skeledirge|31/100
|move|p2a: Skeledirge|Torch Song|p1a: Gholdengo
|-supereffective|p1a: Gholdengo
|-damage|p1a: Gholdengo|0 fnt
|-boost|p2a: Skeledirge|spa|1
|faint|p1a: Gholdengo
|
|upkeep
|
|t:|1779900176
|switch|p1a: Dragapult|Dragapult, M|100/100
|-damage|p1a: Dragapult|88/100|[from] Stealth Rock
|turn|7
|
|t:|1779900183
|move|p1a: Dragapult|Phantom Force||[still]
|-prepare|p1a: Dragapult|Phantom Force
|move|p2a: Skeledirge|Shadow Ball|p1a: Dragapult|[miss]
|-miss|p2a: Skeledirge|p1a: Dragapult
|
|-heal|p1a: Dragapult|94/100|[from] item: Leftovers
|upkeep
|turn|8
|
|t:|1779900191
|switch|p2a: Zarude|Zarude-Dada|100/100
|move|p1a: Dragapult|Phantom Force|p2a: Zarude|[from] lockedmove
|-resisted|p2a: Zarude
|-damage|p2a: Zarude|84/100
|
|-heal|p1a: Dragapult|99/100|[from] item: Leftovers
|-heal|p2a: Zarude|90/100|[from] item: Leftovers
|upkeep
|turn|9
|
|t:|1779900203
|move|p1a: Dragapult|Fire Blast|p2a: Zarude
|-supereffective|p2a: Zarude
|-damage|p2a: Zarude|41/100
|move|p2a: Zarude|Bulk Up|p2a: Zarude
|-boost|p2a: Zarude|atk|1
|-boost|p2a: Zarude|def|1
|
|-heal|p1a: Dragapult|100/100|[from] item: Leftovers
|-heal|p2a: Zarude|47/100|[from] item: Leftovers
|upkeep
|turn|10
|
|t:|1779900215
|switch|p2a: Typhlosion|Typhlosion, F|100/100
|move|p1a: Dragapult|Fire Blast|p2a: Typhlosion
|-start|p2a: Typhlosion|ability: Flash Fire
|
|upkeep
|turn|11
|
|t:|1779900233
|move|p2a: Typhlosion|Eruption|p1a: Dragapult
|-resisted|p1a: Dragapult
|-crit|p1a: Dragapult
|-damage|p1a: Dragapult|7/100
|move|p1a: Dragapult|Fire Blast|p2a: Typhlosion
|-immune|p2a: Typhlosion|[from] ability: Flash Fire
|
|-heal|p1a: Dragapult|13/100|[from] item: Leftovers
|upkeep
|turn|12
|
|t:|1779900246
|move|p2a: Typhlosion|Eruption|p1a: Dragapult
|-resisted|p1a: Dragapult
|-damage|p1a: Dragapult|0 fnt
|faint|p1a: Dragapult
|
|upkeep
|
|t:|1779900252
|switch|p1a: Hatterene|Hatterene, F|100/100
|-damage|p1a: Hatterene|88/100|[from] Stealth Rock
|turn|13
|
|t:|1779900262
|move|p2a: Typhlosion|Eruption|p1a: Hatterene
|-damage|p1a: Hatterene|0 fnt
|faint|p1a: Hatterene
|
|upkeep
|
|t:|1779900268
|switch|p1a: Ceruledge|Ceruledge, F|100/100
|-damage|p1a: Ceruledge|76/100|[from] Stealth Rock
|turn|14
|
|t:|1779900277
|move|p2a: Typhlosion|Eruption|p1a: Ceruledge
|-start|p1a: Ceruledge|ability: Flash Fire
|move|p1a: Ceruledge|Close Combat|p2a: Typhlosion
|-damage|p2a: Typhlosion|49/100
|-unboost|p1a: Ceruledge|def|1
|-unboost|p1a: Ceruledge|spd|1
|
|-heal|p1a: Ceruledge|82/100|[from] item: Leftovers
|upkeep
|turn|15
|
|t:|1779900288
|-end|p2a: Typhlosion|ability: Flash Fire|[silent]
|switch|p2a: Skeledirge|Skeledirge, F, shiny|31/100
|move|p1a: Ceruledge|Close Combat|p2a: Skeledirge
|-immune|p2a: Skeledirge
|
|-heal|p1a: Ceruledge|88/100|[from] item: Leftovers
|upkeep
|turn|16
|-activate|p2a: Skeledirge|item: Quick Claw
|
|t:|1779900297
|move|p2a: Skeledirge|Shadow Ball|p1a: Ceruledge
|-supereffective|p1a: Ceruledge
|-damage|p1a: Ceruledge|1/100
|move|p1a: Ceruledge|Bitter Blade|p2a: Skeledirge
|-resisted|p2a: Skeledirge
|-damage|p2a: Skeledirge|6/100
|-heal|p1a: Ceruledge|18/100|[from] drain|[of] p2a: Skeledirge
|
|-heal|p1a: Ceruledge|24/100|[from] item: Leftovers
|upkeep
|turn|17
|
|t:|1779900310
|-end|p1a: Ceruledge|ability: Flash Fire|[silent]
|switch|p1a: Regieleki|Regieleki|100/100
|-damage|p1a: Regieleki|88/100|[from] Stealth Rock
|switch|p2a: Typhlosion|Typhlosion, F|49/100
|
|upkeep
|turn|18
|
|t:|1779900319
|move|p1a: Regieleki|Extreme Speed|p2a: Typhlosion
|-damage|p2a: Typhlosion|22/100
|move|p2a: Typhlosion|Scorching Sands|p1a: Regieleki
|-supereffective|p1a: Regieleki
|-damage|p1a: Regieleki|18/100
|
|upkeep
|turn|19
|
|t:|1779900326
|move|p1a: Regieleki|Extreme Speed|p2a: Typhlosion
|-damage|p2a: Typhlosion|0 fnt
|faint|p2a: Typhlosion
|
|upkeep
|
|t:|1779900332
|switch|p2a: Scizor|Scizor, F|100/100
|turn|20
|
|t:|1779900339
|-terastallize|p2a: Scizor|Steel
|move|p2a: Scizor|Bullet Punch|p1a: Regieleki
|-resisted|p1a: Regieleki
|-damage|p1a: Regieleki|0 fnt
|faint|p1a: Regieleki
|
|upkeep
|
|t:|1779900348
|switch|p1a: Ceruledge|Ceruledge, F|24/100
|-damage|p1a: Ceruledge|0 fnt|[from] Stealth Rock
|faint|p1a: Ceruledge
|
|t:|1779900352
|switch|p1a: Infernape|Infernape, M|6/100
|-damage|p1a: Infernape|0 fnt|[from] Stealth Rock
|faint|p1a: Infernape
|
|win|qqqqk
|raw|Umbra3337's rating: 1078 &rarr; <strong>1059</strong><br />(-19 for losing)
|raw|qqqqk's rating: 1127 &rarr; <strong>1148</strong><br />(+21 for winning)
|l|☆qqqqk
|player|p2|
|l|☆Umbra3337
|player|p1|
|j|☆qqqqk
|player|p2|qqqqk|blaine|
|l|☆qqqqk
|player|p2|
