|j|☆prepare 4 die
|j|☆le soleil dance
|t:|1779864227
|gametype|singles
|player|p1|prepare 4 die|wallace|1442
|player|p2|le soleil dance|iris-gen5bw2|1376
|gen|9
|tier|[Gen 9] OU
|rated|
|rule|HP Percentage Mod: HP is shown in percentages
|rule|Endless Battle Clause: Forcing endless battles is banned
|rule|Species Clause: Limit one of each Pokémon
|rule|OHKO Clause: OHKO moves are banned
|rule|Evasion Items Clause: Evasion items are banned
|rule|Evasion Moves Clause: Evasion moves are banned
|rule|Evasion Abilities Clause: Evasion abilities are banned
|rule|Sleep Moves Clause: Sleep-inducing moves are banned
|clearpoke
|poke|p1|Azumarill, F|
|poke|p1|Garganacl, F|
|poke|p1|Weezing-Galar, F|
|poke|p1|Tornadus-Therian, M|
|poke|p1|Iron Treads|
|poke|p1|Pawmot, F|
|poke|p2|Cinderace, M|
|poke|p2|Zapdos|
|poke|p2|Gholdengo|
|poke|p2|Dragonite, M|
|poke|p2|Dondozo, F|
|poke|p2|Enamorus, F|
|teampreview
|
|t:|1779864307
|teamsize|p1|6
|teamsize|p2|6
|start
|switch|p1a: Garganacl|Garganacl, F|100/100
|switch|p2a: Cinderace|Cinderace, M|100/100
|turn|1
|
|t:|1779864316
|move|p2a: Cinderace|Low Kick|p1a: Garganacl
|-start|p2a: Cinderace|typechange|Fighting|[from] ability: Libero
|-supereffective|p1a: Garganacl
|-damage|p1a: Garganacl|25/100
|move|p1a: Garganacl|Salt Cure|p2a: Cinderace
|-resisted|p2a: Cinderace
|-damage|p2a: Cinderace|91/100
|-start|p2a: Cinderace|Salt Cure
|
|-heal|p1a: Garganacl|31/100|[from] item: Leftovers
|-damage|p2a: Cinderace|79/100|[from] Salt Cure
|upkeep
|turn|2
|
|t:|1779864327
|move|p1a: Garganacl|Protect|p1a: Garganacl
|-singleturn|p1a: Garganacl|Protect
|move|p2a: Cinderace|U-turn|p1a: Garganacl
|-activate|p1a: Garganacl|move: Protect
|
|-heal|p1a: Garganacl|37/100|[from] item: Leftovers
|-damage|p2a: Cinderace|67/100|[from] Salt Cure
|upkeep
|turn|3
|
|t:|1779864335
|move|p2a: Cinderace|U-turn|p1a: Garganacl
|-damage|p1a: Garganacl|24/100
|
|t:|1779864340
|switch|p2a: Dondozo|Dondozo, F|100/100|[from] U-turn
|move|p1a: Garganacl|Recover|p1a: Garganacl
|-heal|p1a: Garganacl|74/100
|
|-heal|p1a: Garganacl|80/100|[from] item: Leftovers
|upkeep
|turn|4
|
|t:|1779864344
|move|p1a: Garganacl|Protect|p1a: Garganacl
|-singleturn|p1a: Garganacl|Protect
|move|p2a: Dondozo|Wave Crash|p1a: Garganacl
|-activate|p1a: Garganacl|move: Protect
|
|-heal|p1a: Garganacl|86/100|[from] item: Leftovers
|upkeep
|turn|5
|
|t:|1779864354
|switch|p1a: Azumarill|Azumarill, F|100/100
|move|p2a: Dondozo|Wave Crash|p1a: Azumarill
|-resisted|p1a: Azumarill
|-damage|p1a: Azumarill|64/100
|-damage|p2a: Dondozo|92/100|[from] Recoil
|
|-heal|p1a: Azumarill|70/100|[from] item: Leftovers
|upkeep
|turn|6
|
|t:|1779864361
|switch|p2a: Zapdos|Zapdos|100/100
|move|p1a: Azumarill|Play Rough|p2a: Zapdos
|-damage|p2a: Zapdos|60/100
|
|-heal|p1a: Azumarill|76/100|[from] item: Leftovers
|upkeep
|turn|7
|
|t:|1779864369
|switch|p1a: Iron Treads|Iron Treads|100/100
|move|p2a: Zapdos|U-turn|p1a: Iron Treads
|-resisted|p1a: Iron Treads
|-damage|p1a: Iron Treads|95/100
|
|t:|1779864375
|switch|p2a: Cinderace|Cinderace, M|67/100|[from] U-turn
|
|upkeep
|turn|8
|
|t:|1779864385
|-end|p1a: Iron Treads|Quark Drive|[silent]
|switch|p1a: Weezing|Weezing-Galar, F|100/100
|-ability|p1a: Weezing|Neutralizing Gas
|move|p2a: Cinderace|Pyro Ball|p1a: Weezing
|-damage|p1a: Weezing|61/100
|
|upkeep
|turn|9
|
|t:|1779864394
|move|p2a: Cinderace|Pyro Ball|p1a: Weezing
|-damage|p1a: Weezing|26/100
|move|p1a: Weezing|Pain Split|p2a: Cinderace
|-sethp|p2a: Cinderace|48/100|[from] move: Pain Split|[silent]
|-sethp|p1a: Weezing|43/100|[from] move: Pain Split
|
|upkeep
|turn|10
|
|t:|1779864398
|move|p2a: Cinderace|Pyro Ball|p1a: Weezing
|-damage|p1a: Weezing|5/100
|move|p1a: Weezing|Sludge Bomb|p2a: Cinderace
|-damage|p2a: Cinderace|8/100
|-status|p2a: Cinderace|psn
|
|-damage|p2a: Cinderace|0 fnt|[from] psn
|faint|p2a: Cinderace
|upkeep
|
|t:|1779864407
|switch|p2a: Zapdos|Zapdos|60/100
|turn|11
|
|t:|1779864412
|move|p2a: Zapdos|Volt Switch|p1a: Weezing
|-damage|p1a: Weezing|0 fnt
|faint|p1a: Weezing
|-end|p1a: Weezing|ability: Neutralizing Gas
|
|t:|1779864422
|switch|p2a: Dondozo|Dondozo, F|92/100|[from] Volt Switch
|
|upkeep
|
|t:|1779864436
|switch|p1a: Iron Treads|Iron Treads|95/100
|turn|12
|
|t:|1779864439
|move|p1a: Iron Treads|Volt Switch|p2a: Dondozo
|-supereffective|p2a: Dondozo
|-damage|p2a: Dondozo|63/100
|-damage|p1a: Iron Treads|85/100|[from] item: Life Orb
|
|t:|1779864445
|-end|p1a: Iron Treads|Quark Drive|[silent]
|switch|p1a: Azumarill|Azumarill, F|76/100|[from] Volt Switch
|move|p2a: Dondozo|Wave Crash|p1a: Azumarill
|-resisted|p1a: Azumarill
|-damage|p1a: Azumarill|40/100
|-damage|p2a: Dondozo|55/100|[from] Recoil
|
|-heal|p1a: Azumarill|47/100|[from] item: Leftovers
|upkeep
|turn|13
|
|t:|1779864451
|move|p1a: Azumarill|Knock Off|p2a: Dondozo
|-damage|p2a: Dondozo|29/100
|-enditem|p2a: Dondozo|Assault Vest|[from] move: Knock Off|[of] p1a: Azumarill
|move|p2a: Dondozo|Zen Headbutt|p1a: Azumarill
|-damage|p1a: Azumarill|15/100
|
|-heal|p1a: Azumarill|22/100|[from] item: Leftovers
|upkeep
|turn|14
|
|t:|1779864456
|move|p1a: Azumarill|Play Rough|p2a: Dondozo
|-damage|p2a: Dondozo|0 fnt
|faint|p2a: Dondozo
|
|-heal|p1a: Azumarill|28/100|[from] item: Leftovers
|upkeep
|
|t:|1779864460
|switch|p2a: Enamorus|Enamorus, F|100/100
|turn|15
|
|t:|1779864467
|move|p2a: Enamorus|Moonblast|p1a: Azumarill
|-damage|p1a: Azumarill|0 fnt
|faint|p1a: Azumarill
|
|upkeep
|
|t:|1779864507
|switch|p1a: Garganacl|Garganacl, F|86/100
|turn|16
|inactive|Battle timer is ON: inactive players will automatically lose when time's up. (requested by prepare 4 die)
|
|t:|1779864519
|-terastallize|p2a: Enamorus|Ground
|move|p2a: Enamorus|Earth Power|p1a: Garganacl
|-supereffective|p1a: Garganacl
|-damage|p1a: Garganacl|14/100
|move|p1a: Garganacl|Salt Cure|p2a: Enamorus
|-resisted|p2a: Enamorus
|-damage|p2a: Enamorus|90/100
|-start|p2a: Enamorus|Salt Cure
|
|-heal|p2a: Enamorus|96/100|[from] item: Leftovers
|-heal|p1a: Garganacl|20/100|[from] item: Leftovers
|-damage|p2a: Enamorus|84/100|[from] Salt Cure
|upkeep
|turn|17
|
|t:|1779864526
|move|p1a: Garganacl|Protect|p1a: Garganacl
|-singleturn|p1a: Garganacl|Protect
|move|p2a: Enamorus|Calm Mind|p2a: Enamorus
|-boost|p2a: Enamorus|spa|1
|-boost|p2a: Enamorus|spd|1
|
|-heal|p2a: Enamorus|90/100|[from] item: Leftovers
|-heal|p1a: Garganacl|26/100|[from] item: Leftovers
|-damage|p2a: Enamorus|77/100|[from] Salt Cure
|upkeep
|turn|18
|
|t:|1779864530
|switch|p1a: Tornadus|Tornadus-Therian, M|100/100
|move|p2a: Enamorus|Moonblast|p1a: Tornadus
|-damage|p1a: Tornadus|51/100
|-unboost|p1a: Tornadus|spa|1
|
|-heal|p2a: Enamorus|84/100|[from] item: Leftovers
|-damage|p2a: Enamorus|71/100|[from] Salt Cure
|upkeep
|turn|19
|
|t:|1779864544
|move|p1a: Tornadus|Knock Off|p2a: Enamorus
|-damage|p2a: Enamorus|40/100
|-enditem|p2a: Enamorus|Leftovers|[from] move: Knock Off|[of] p1a: Tornadus
|move|p2a: Enamorus|Draining Kiss|p1a: Tornadus
|-damage|p1a: Tornadus|24/100
|-heal|p2a: Enamorus|65/100|[from] drain|[of] p1a: Tornadus
|
|-damage|p2a: Enamorus|52/100|[from] Salt Cure
|upkeep
|turn|20
|
|t:|1779864551
|move|p1a: Tornadus|U-turn|p2a: Enamorus
|-damage|p2a: Enamorus|28/100
|
|t:|1779864554
|switch|p1a: Garganacl|Garganacl, F|26/100|[from] U-turn
|move|p2a: Enamorus|Draining Kiss|p1a: Garganacl
|-damage|p1a: Garganacl|0 fnt
|-heal|p2a: Enamorus|55/100|[from] drain|[of] p1a: Garganacl
|faint|p1a: Garganacl
|
|-damage|p2a: Enamorus|43/100|[from] Salt Cure
|upkeep
|
|t:|1779864569
|switch|p1a: Iron Treads|Iron Treads|85/100
|turn|21
|
|t:|1779864580
|move|p1a: Iron Treads|Ice Spinner|p2a: Enamorus
|-supereffective|p2a: Enamorus
|-damage|p2a: Enamorus|0 fnt
|faint|p2a: Enamorus
|-damage|p1a: Iron Treads|75/100|[from] item: Life Orb
|
|upkeep
|
|t:|1779864584
|switch|p2a: Zapdos|Zapdos|60/100
|turn|22
|
|t:|1779864589
|move|p1a: Iron Treads|Ice Spinner|p2a: Zapdos
|-supereffective|p2a: Zapdos
|-damage|p2a: Zapdos|24/100
|-status|p1a: Iron Treads|par|[from] ability: Static|[of] p2a: Zapdos
|-damage|p1a: Iron Treads|65/100 par|[from] item: Life Orb
|move|p2a: Zapdos|Roost|p2a: Zapdos
|-heal|p2a: Zapdos|74/100
|-singleturn|p2a: Zapdos|move: Roost
|
|upkeep
|turn|23
|
|t:|1779864597
|move|p2a: Zapdos|Roost|p2a: Zapdos
|-heal|p2a: Zapdos|100/100
|-singleturn|p2a: Zapdos|move: Roost
|move|p1a: Iron Treads|Earth Power|p2a: Zapdos
|-supereffective|p2a: Zapdos
|-crit|p2a: Zapdos
|-damage|p2a: Zapdos|0 fnt
|faint|p2a: Zapdos
|-damage|p1a: Iron Treads|55/100 par|[from] item: Life Orb
|
|upkeep
|
|t:|1779864602
|switch|p2a: Dragonite|Dragonite, M|100/100
|turn|24
|
|t:|1779864611
|move|p2a: Dragonite|Dragon Dance|p2a: Dragonite
|-boost|p2a: Dragonite|atk|1
|-boost|p2a: Dragonite|spe|1
|move|p1a: Iron Treads|Ice Spinner|p2a: Dragonite
|-supereffective|p2a: Dragonite
|-damage|p2a: Dragonite|39/100
|-damage|p1a: Iron Treads|45/100 par|[from] item: Life Orb
|
|upkeep
|turn|25
|
|t:|1779864621
|-end|p1a: Iron Treads|Quark Drive|[silent]
|switch|p1a: Tornadus|Tornadus-Therian, M|57/100
|move|p2a: Dragonite|Earthquake|p1a: Tornadus
|-immune|p1a: Tornadus
|
|upkeep
|turn|26
|
|t:|1779864625
|switch|p1a: Iron Treads|Iron Treads|45/100 par
|move|p2a: Dragonite|Ice Spinner|p1a: Iron Treads
|-damage|p1a: Iron Treads|1/100 par
|
|upkeep
|turn|27
|
|t:|1779864633
|move|p2a: Dragonite|Ice Spinner|p1a: Iron Treads
|-damage|p1a: Iron Treads|0 fnt
|faint|p1a: Iron Treads
|-end|p1a: Iron Treads|Quark Drive|[silent]
|
|upkeep
|
|t:|1779864638
|switch|p1a: Tornadus|Tornadus-Therian, M|91/100
|turn|28
|
|t:|1779864650
|-terastallize|p1a: Tornadus|Steel
|move|p2a: Dragonite|Earthquake|p1a: Tornadus
|-supereffective|p1a: Tornadus
|-damage|p1a: Tornadus|0 fnt
|faint|p1a: Tornadus
|
|upkeep
|
|t:|1779864657
|switch|p1a: Pawmot|Pawmot, F|100/100
|turn|29
|
|t:|1779864662
|move|p1a: Pawmot|Mach Punch|p2a: Dragonite
|-resisted|p2a: Dragonite
|-damage|p2a: Dragonite|23/100
|-damage|p1a: Pawmot|91/100|[from] item: Life Orb
|move|p2a: Dragonite|Earthquake|p1a: Pawmot
|-supereffective|p1a: Pawmot
|-damage|p1a: Pawmot|0 fnt
|faint|p1a: Pawmot
|
|win|le soleil dance
|raw|prepare 4 die's rating: 1442 &rarr; <strong>1418</strong><br />(-24 for losing)
|raw|le soleil dance's rating: 1376 &rarr; <strong>1400</strong><br />(+24 for winning)
|l|☆prepare 4 die
|player|p1|
|l|☆le soleil dance
|player|p2|
