|j|☆ghostoftheranch
|j|☆busto2412
|t:|1779899507
|gametype|singles
|player|p1|ghostoftheranch|medium|1567
|player|p2|busto2412|hilbert|1554
|gen|9
|tier|[Gen 9] OU
|rated|
|rule|HP Percentage Mod: HP is shown in percentages
|rule|Endless Battle Clause: Forcing endless battles is banned
|rule|Species Clause: Limit one of each Pokémon
|rule|OHKO Clause: OHKO moves are banned
|rule|Evasion Items Clause: Evasion items are banned
|rule|Evasion Moves Clause: Evasion moves are banned
|rule|Evasion Abilities Clause: Evasion abilities are banned
|rule|Sleep Moves Clause: Sleep-inducing moves are banned
|clearpoke
|poke|p1|Torkoal, M|
|poke|p1|Fezandipiti, M|
|poke|p1|Great Tusk|
|poke|p1|Cinderace, F|
|poke|p1|Mandibuzz, F|
|poke|p1|Volcanion|
|poke|p2|Ursaluna, M|
|poke|p2|Dragapult, M|
|poke|p2|Zapdos|
|poke|p2|Goodra-Hisui, M|
|poke|p2|Greninja-*, M|
|poke|p2|Zamazenta-*|
|teampreview
|inactive|Battle timer is ON: inactive players will automatically lose when time's up. (requested by ghostoftheranch)
|inactive|busto2412 has 120 seconds left.
|inactive|busto2412 has 90 seconds left.
|c|☆busto2412|gl
|
|t:|1779899590
|teamsize|p1|6
|teamsize|p2|6
|start
|switch|p1a: Torkoal|Torkoal, M|100/100
|switch|p2a: Ursaluna|Ursaluna, M, shiny|100/100
|-weather|SunnyDay|[from] ability: Drought|[of] p1a: Torkoal
|turn|1
|inactive|ghostoftheranch has 120 seconds left.
|
|t:|1779899622
|switch|p1a: Mandibuzz|Mandibuzz, F|100/100
|move|p2a: Ursaluna|Headlong Rush|p1a: Mandibuzz
|-immune|p1a: Mandibuzz
|
|-weather|SunnyDay|[upkeep]
|-status|p2a: Ursaluna|brn|[from] item: Flame Orb
|upkeep
|turn|2
|c|☆ghostoftheranch|u2
|
|t:|1779899631
|move|p1a: Mandibuzz|Foul Play|p2a: Ursaluna
|-damage|p2a: Ursaluna|57/100 brn
|move|p2a: Ursaluna|Facade|p1a: Mandibuzz
|-damage|p1a: Mandibuzz|29/100
|-damage|p2a: Ursaluna|40/100 brn|[from] item: Rocky Helmet|[of] p1a: Mandibuzz
|
|-weather|SunnyDay|[upkeep]
|-damage|p2a: Ursaluna|34/100 brn|[from] brn
|upkeep
|turn|3
|
|t:|1779899661
|switch|p2a: Goodra|Goodra-Hisui, M|100/100
|move|p1a: Mandibuzz|Foul Play|p2a: Goodra
|-damage|p2a: Goodra|72/100
|-ability|p2a: Goodra|Gooey
|-unboost|p1a: Mandibuzz|spe|1
|
|-weather|SunnyDay|[upkeep]
|-heal|p2a: Goodra|78/100|[from] item: Leftovers
|upkeep
|turn|4
|j| foxi4
|
|t:|1779899670
|move|p2a: Goodra|Draco Meteor|p1a: Mandibuzz
|-damage|p1a: Mandibuzz|0 fnt
|-unboost|p2a: Goodra|spa|2
|faint|p1a: Mandibuzz
|
|-weather|SunnyDay|[upkeep]
|-heal|p2a: Goodra|84/100|[from] item: Leftovers
|upkeep
|l| foxi4
|
|t:|1779899687
|switch|p1a: Torkoal|Torkoal, M|100/100
|turn|5
|
|t:|1779899705
|switch|p2a: Ursaluna|Ursaluna, M, shiny|34/100 brn
|move|p1a: Torkoal|Stealth Rock|p2a: Ursaluna
|-sidestart|p2: busto2412|move: Stealth Rock
|
|-weather|SunnyDay|[upkeep]
|-damage|p2a: Ursaluna|27/100 brn|[from] brn
|upkeep
|turn|6
|
|t:|1779899719
|move|p2a: Ursaluna|Headlong Rush|p1a: Torkoal
|-supereffective|p1a: Torkoal
|-damage|p1a: Torkoal|0 fnt
|-unboost|p2a: Ursaluna|def|1
|-unboost|p2a: Ursaluna|spd|1
|faint|p1a: Torkoal
|
|-weather|SunnyDay|[upkeep]
|-damage|p2a: Ursaluna|21/100 brn|[from] brn
|upkeep
|
|t:|1779899736
|switch|p1a: Great Tusk|Great Tusk|100/100
|-activate|p1a: Great Tusk|ability: Protosynthesis
|-start|p1a: Great Tusk|protosynthesisatk
|turn|7
|inactive|busto2412 has 120 seconds left.
|
|t:|1779899779
|move|p1a: Great Tusk|Knock Off|p2a: Ursaluna
|-damage|p2a: Ursaluna|0 fnt
|-enditem|p2a: Ursaluna|Flame Orb|[from] move: Knock Off|[of] p1a: Great Tusk
|faint|p2a: Ursaluna
|
|-weather|SunnyDay|[upkeep]
|upkeep
|
|t:|1779899786
|switch|p2a: Greninja|Greninja, M|100/100
|-damage|p2a: Greninja|88/100|[from] Stealth Rock
|turn|8
|inactive|ghostoftheranch has 120 seconds left.
|
|t:|1779899820
|-end|p1a: Great Tusk|Protosynthesis|[silent]
|switch|p1a: Volcanion|Volcanion|100/100
|move|p2a: Greninja|Hydro Pump|p1a: Volcanion
|-immune|p1a: Volcanion|[from] ability: Water Absorb
|
|-weather|none
|upkeep
|turn|9
|inactive|ghostoftheranch has 120 seconds left.
|inactive|busto2412 has 120 seconds left.
|inactive|busto2412 has 90 seconds left.
|
|t:|1779899864
|move|p2a: Greninja|Dark Pulse|p1a: Volcanion
|-damage|p1a: Volcanion|44/100
|-damage|p2a: Greninja|78/100|[from] item: Life Orb
|move|p1a: Volcanion|Earth Power|p2a: Greninja
|-damage|p2a: Greninja|4/100
|
|upkeep
|turn|10
|inactive|ghostoftheranch has 120 seconds left.
|
|t:|1779899888
|switch|p1a: Fezandipiti|Fezandipiti, M|100/100
|move|p2a: Greninja|Dark Pulse|p1a: Fezandipiti
|-resisted|p1a: Fezandipiti
|-damage|p1a: Fezandipiti|84/100
|-damage|p2a: Greninja|0 fnt|[from] item: Life Orb
|faint|p2a: Greninja
|
|-heal|p1a: Fezandipiti|90/100|[from] item: Leftovers
|upkeep
|
|t:|1779899897
|switch|p2a: Goodra|Goodra-Hisui, M|84/100
|-damage|p2a: Goodra|78/100|[from] Stealth Rock
|turn|11
|inactive|ghostoftheranch has 120 seconds left.
|
|t:|1779899907
|switch|p1a: Volcanion|Volcanion|44/100
|move|p2a: Goodra|Ice Beam|p1a: Volcanion
|-resisted|p1a: Volcanion
|-damage|p1a: Volcanion|35/100
|
|-heal|p2a: Goodra|84/100|[from] item: Leftovers
|upkeep
|turn|12
|
|t:|1779899914
|switch|p2a: Zapdos|Zapdos, shiny|100/100
|move|p1a: Volcanion|Fire Blast|p2a: Zapdos
|-damage|p2a: Zapdos|1/100
|
|upkeep
|turn|13
|
|t:|1779899925
|switch|p1a: Great Tusk|Great Tusk|100/100
|move|p2a: Zapdos|Hurricane|p1a: Great Tusk
|-supereffective|p1a: Great Tusk
|-damage|p1a: Great Tusk|0 fnt
|faint|p1a: Great Tusk
|-end|p1a: Great Tusk|Protosynthesis|[silent]
|
|upkeep
|
|t:|1779899931
|switch|p1a: Cinderace|Cinderace, F|100/100
|turn|14
|
|t:|1779899939
|move|p1a: Cinderace|Pyro Ball|p2a: Zapdos
|-damage|p2a: Zapdos|0 fnt
|faint|p2a: Zapdos
|
|upkeep
|
|t:|1779899943
|switch|p2a: Zamazenta|Zamazenta|100/100
|-ability|p2a: Zamazenta|Dauntless Shield|boost
|-boost|p2a: Zamazenta|def|1
|turn|15
|
|t:|1779899947
|switch|p1a: Fezandipiti|Fezandipiti, M|90/100
|move|p2a: Zamazenta|Iron Head|p1a: Fezandipiti
|-supereffective|p1a: Fezandipiti
|-damage|p1a: Fezandipiti|36/100
|
|-heal|p1a: Fezandipiti|42/100|[from] item: Leftovers
|upkeep
|turn|16
|
|t:|1779899959
|-terastallize|p1a: Fezandipiti|Flying
|move|p2a: Zamazenta|Stone Edge|p1a: Fezandipiti
|-supereffective|p1a: Fezandipiti
|-damage|p1a: Fezandipiti|0 fnt
|faint|p1a: Fezandipiti
|
|upkeep
|
|t:|1779899981
|switch|p1a: Cinderace|Cinderace, F|100/100
|turn|17
|
|t:|1779899984
|move|p2a: Zamazenta|Stone Edge|p1a: Cinderace
|-supereffective|p1a: Cinderace
|-crit|p1a: Cinderace
|-damage|p1a: Cinderace|0 fnt
|faint|p1a: Cinderace
|
|upkeep
|
|t:|1779899987
|switch|p1a: Volcanion|Volcanion|35/100
|turn|18
|c|☆busto2412|gg
|
|t:|1779899991
|move|p2a: Zamazenta|Close Combat|p1a: Volcanion
|-damage|p1a: Volcanion|0 fnt
|-unboost|p2a: Zamazenta|def|1
|-unboost|p2a: Zamazenta|spd|1
|faint|p1a: Volcanion
|
|win|busto2412
|raw|ghostoftheranch's rating: 1567 &rarr; <strong>1546</strong><br />(-21 for losing)
|raw|busto2412's rating: 1554 &rarr; <strong>1575</strong><br />(+21 for winning)
|c|☆ghostoftheranch|gg
|l|☆ghostoftheranch
|player|p1|
|l|☆busto2412
|player|p2|
