|j|☆SgtBrick14
|j|☆greatteams123
|t:|1779846255
|gametype|singles
|player|p1|SgtBrick14|pokemonranger|1405
|player|p2|greatteams123|lucas|1355
|gen|9
|tier|[Gen 9] OU
|rated|
|rule|HP Percentage Mod: HP is shown in percentages
|rule|Endless Battle Clause: Forcing endless battles is banned
|rule|Species Clause: Limit one of each Pokémon
|rule|OHKO Clause: OHKO moves are banned
|rule|Evasion Items Clause: Evasion items are banned
|rule|Evasion Moves Clause: Evasion moves are banned
|rule|Evasion Abilities Clause: Evasion abilities are banned
|rule|Sleep Moves Clause: Sleep-inducing moves are banned
|clearpoke
|poke|p1|Great Tusk|
|poke|p1|Polteageist|
|poke|p1|Dragapult, F|
|poke|p1|Ceruledge, F|
|poke|p1|Kleavor, M|
|poke|p1|Gengar, F|
|poke|p2|Ditto|
|poke|p2|Corviknight, F|
|poke|p2|Blissey, F|
|poke|p2|Gliscor, M|
|poke|p2|Amoonguss, F|
|poke|p2|Orthworm, F|
|teampreview
|
|t:|1779846263
|teamsize|p1|6
|teamsize|p2|6
|start
|switch|p1a: Great Tusk|Great Tusk|100/100
|switch|p2a: Gliscor|Gliscor, M|100/100
|turn|1
|
|t:|1779846265
|move|p2a: Gliscor|Protect|p2a: Gliscor
|-singleturn|p2a: Gliscor|Protect
|move|p1a: Great Tusk|Knock Off|p2a: Gliscor
|-activate|p2a: Gliscor|move: Protect
|
|-status|p2a: Gliscor|tox|[from] item: Toxic Orb
|upkeep
|turn|2
|
|t:|1779846281
|-end|p1a: Great Tusk|Protosynthesis|[silent]
|switch|p1a: Kleavor|Kleavor, M|100/100
|-terastallize|p2a: Gliscor|Water
|move|p2a: Gliscor|Toxic|p1a: Kleavor
|-status|p1a: Kleavor|tox
|
|-damage|p1a: Kleavor|94/100 tox|[from] psn
|upkeep
|turn|3
|
|t:|1779846289
|move|p1a: Kleavor|Stone Axe|p2a: Gliscor
|-damage|p2a: Gliscor|58/100 tox
|-sidestart|p2: greatteams123|move: Stealth Rock
|move|p2a: Gliscor|Knock Off|p1a: Kleavor
|-damage|p1a: Kleavor|68/100 tox
|-enditem|p1a: Kleavor|Choice Scarf|[from] move: Knock Off|[of] p2a: Gliscor
|
|-damage|p1a: Kleavor|56/100 tox|[from] psn
|-heal|p2a: Gliscor|70/100 tox|[from] ability: Poison Heal
|upkeep
|turn|4
|
|t:|1779846295
|move|p2a: Gliscor|Protect|p2a: Gliscor
|-singleturn|p2a: Gliscor|Protect
|move|p1a: Kleavor|Stone Axe|p2a: Gliscor
|-activate|p2a: Gliscor|move: Protect
|
|-damage|p1a: Kleavor|38/100 tox|[from] psn
|-heal|p2a: Gliscor|83/100 tox|[from] ability: Poison Heal
|upkeep
|turn|5
|
|t:|1779846300
|move|p1a: Kleavor|Stone Axe|p2a: Gliscor
|-damage|p2a: Gliscor|36/100 tox
|move|p2a: Gliscor|Spikes|p1a: Kleavor
|-sidestart|p1: SgtBrick14|Spikes
|
|-damage|p1a: Kleavor|14/100 tox|[from] psn
|-heal|p2a: Gliscor|49/100 tox|[from] ability: Poison Heal
|upkeep
|turn|6
|
|t:|1779846304
|switch|p1a: Great Tusk|Great Tusk|100/100
|-damage|p1a: Great Tusk|88/100|[from] Spikes
|move|p2a: Gliscor|Protect||[still]
|-fail|p2a: Gliscor
|
|-heal|p2a: Gliscor|61/100 tox|[from] ability: Poison Heal
|upkeep
|turn|7
|
|t:|1779846306
|move|p2a: Gliscor|Protect|p2a: Gliscor
|-singleturn|p2a: Gliscor|Protect
|move|p1a: Great Tusk|Rapid Spin|p2a: Gliscor
|-activate|p2a: Gliscor|move: Protect
|
|-heal|p2a: Gliscor|74/100 tox|[from] ability: Poison Heal
|upkeep
|turn|8
|
|t:|1779846309
|move|p1a: Great Tusk|Close Combat|p2a: Gliscor
|-damage|p2a: Gliscor|22/100 tox
|-unboost|p1a: Great Tusk|def|1
|-unboost|p1a: Great Tusk|spd|1
|move|p2a: Gliscor|Toxic|p1a: Great Tusk|[miss]
|-miss|p2a: Gliscor|p1a: Great Tusk
|
|-heal|p2a: Gliscor|35/100 tox|[from] ability: Poison Heal
|upkeep
|turn|9
|
|t:|1779846311
|move|p2a: Gliscor|Protect|p2a: Gliscor
|-singleturn|p2a: Gliscor|Protect
|move|p1a: Great Tusk|Rapid Spin|p2a: Gliscor
|-activate|p2a: Gliscor|move: Protect
|
|-heal|p2a: Gliscor|47/100 tox|[from] ability: Poison Heal
|upkeep
|turn|10
|
|t:|1779846316
|switch|p2a: Corviknight|Corviknight, F|100/100
|-damage|p2a: Corviknight|88/100|[from] Stealth Rock
|-ability|p2a: Corviknight|Pressure
|move|p1a: Great Tusk|Rapid Spin|p2a: Corviknight
|-resisted|p2a: Corviknight
|-damage|p2a: Corviknight|82/100
|-boost|p1a: Great Tusk|spe|1
|-sideend|p1: SgtBrick14|Spikes|[from] move: Rapid Spin|[of] p1a: Great Tusk
|
|-heal|p2a: Corviknight|88/100|[from] item: Leftovers
|upkeep
|turn|11
|
|t:|1779846319
|-end|p1a: Great Tusk|Protosynthesis|[silent]
|switch|p1a: Polteageist|Polteageist|100/100
|move|p2a: Corviknight|Defog|p1a: Polteageist
|-unboost|p1a: Polteageist|evasion|1
|-sideend|p2: greatteams123|Stealth Rock|[from] move: Defog|[of] p2a: Corviknight
|
|-heal|p2a: Corviknight|94/100|[from] item: Leftovers
|upkeep
|turn|12
|
|t:|1779846323
|switch|p2a: Blissey|Blissey, F|100/100
|move|p1a: Polteageist|Shell Smash|p1a: Polteageist
|-unboost|p1a: Polteageist|def|1
|-unboost|p1a: Polteageist|spd|1
|-boost|p1a: Polteageist|atk|2
|-boost|p1a: Polteageist|spa|2
|-boost|p1a: Polteageist|spe|2
|
|upkeep
|turn|13
|
|t:|1779846327
|move|p1a: Polteageist|Shell Smash|p1a: Polteageist
|-unboost|p1a: Polteageist|def|1
|-unboost|p1a: Polteageist|spd|1
|-boost|p1a: Polteageist|atk|2
|-boost|p1a: Polteageist|spa|2
|-boost|p1a: Polteageist|spe|2
|move|p2a: Blissey|Shadow Ball|p1a: Polteageist
|-supereffective|p1a: Polteageist
|-damage|p1a: Polteageist|28/100
|
|upkeep
|turn|14
|
|t:|1779846329
|-terastallize|p1a: Polteageist|Psychic
|move|p1a: Polteageist|Stored Power|p2a: Blissey
|-damage|p2a: Blissey|0 fnt
|faint|p2a: Blissey
|
|upkeep
|
|t:|1779846334
|switch|p2a: Ditto|Ditto|100/100
|-transform|p2a: Ditto|p1a: Polteageist|[from] ability: Imposter
|-start|p2a: Ditto|typechange|Ghost|[silent]
|turn|15
|
|t:|1779846343
|move|p2a: Ditto|Stored Power|p1a: Polteageist
|-resisted|p1a: Polteageist
|-damage|p1a: Polteageist|0 fnt
|faint|p1a: Polteageist
|
|upkeep
|
|t:|1779846361
|switch|p1a: Dragapult|Dragapult, F|100/100
|turn|16
|
|t:|1779846367
|move|p2a: Ditto|Stored Power|p1a: Dragapult
|-enditem|p1a: Dragapult|Focus Sash
|-damage|p1a: Dragapult|1/100
|move|p1a: Dragapult|Dragon Dance|p1a: Dragapult
|-boost|p1a: Dragapult|atk|1
|-boost|p1a: Dragapult|spe|1
|
|upkeep
|turn|17
|
|t:|1779846372
|move|p1a: Dragapult|Sucker Punch|p2a: Ditto
|-supereffective|p2a: Ditto
|-damage|p2a: Ditto|0 fnt
|faint|p2a: Ditto
|
|upkeep
|
|t:|1779846381
|switch|p2a: Amoonguss|Amoonguss, F|100/100
|turn|18
|
|t:|1779846383
|move|p1a: Dragapult|Dragon Darts|p2a: Amoonguss
|-damage|p2a: Amoonguss|73/100
|-anim|p1a: Dragapult|Dragon Darts|p2a: Amoonguss
|-damage|p2a: Amoonguss|43/100
|move|p2a: Amoonguss|Foul Play|p1a: Dragapult
|-supereffective|p1a: Dragapult
|-damage|p1a: Dragapult|0 fnt
|faint|p1a: Dragapult
|
|-heal|p2a: Amoonguss|49/100|[from] item: Leftovers
|upkeep
|
|t:|1779846389
|switch|p1a: Ceruledge|Ceruledge, F|100/100
|turn|19
|
|t:|1779846391
|move|p1a: Ceruledge|Swords Dance|p1a: Ceruledge
|-boost|p1a: Ceruledge|atk|2
|move|p2a: Amoonguss|Foul Play|p1a: Ceruledge
|-supereffective|p1a: Ceruledge
|-enditem|p1a: Ceruledge|Focus Sash
|-damage|p1a: Ceruledge|1/100
|-ability|p1a: Ceruledge|Weak Armor|boost
|-unboost|p1a: Ceruledge|def|1
|-boost|p1a: Ceruledge|spe|2
|
|-heal|p2a: Amoonguss|55/100|[from] item: Leftovers
|upkeep
|turn|20
|
|t:|1779846402
|switch|p2a: Gliscor|Gliscor, M, tera:Water|47/100 tox
|move|p1a: Ceruledge|Bitter Blade|p2a: Gliscor
|-resisted|p2a: Gliscor
|-damage|p2a: Gliscor|11/100 tox
|-heal|p1a: Ceruledge|23/100|[from] drain|[of] p2a: Gliscor
|
|-heal|p2a: Gliscor|24/100 tox|[from] ability: Poison Heal
|upkeep
|turn|21
|
|t:|1779846411
|move|p1a: Ceruledge|Poltergeist|p2a: Gliscor|[miss]
|-miss|p1a: Ceruledge|p2a: Gliscor
|move|p2a: Gliscor|Knock Off|p1a: Ceruledge
|-supereffective|p1a: Ceruledge
|-damage|p1a: Ceruledge|0 fnt
|faint|p1a: Ceruledge
|
|-heal|p2a: Gliscor|36/100 tox|[from] ability: Poison Heal
|upkeep
|
|t:|1779846418
|switch|p1a: Gengar|Gengar, F|100/100
|turn|22
|
|t:|1779846420
|move|p2a: Gliscor|Protect|p2a: Gliscor
|-singleturn|p2a: Gliscor|Protect
|move|p1a: Gengar|Shadow Ball|p2a: Gliscor
|-activate|p2a: Gliscor|move: Protect
|
|-heal|p2a: Gliscor|49/100 tox|[from] ability: Poison Heal
|upkeep
|turn|23
|
|t:|1779846424
|move|p1a: Gengar|Shadow Ball|p2a: Gliscor
|-damage|p2a: Gliscor|11/100 tox
|move|p2a: Gliscor|Knock Off|p1a: Gengar
|-supereffective|p1a: Gengar
|-damage|p1a: Gengar|18/100
|-start|p2a: Gliscor|Disable|Knock Off|[from] ability: Cursed Body|[of] p1a: Gengar
|-enditem|p1a: Gengar|Focus Sash|[from] move: Knock Off|[of] p2a: Gliscor
|
|-heal|p2a: Gliscor|24/100 tox|[from] ability: Poison Heal
|upkeep
|turn|24
|
|t:|1779846427
|move|p2a: Gliscor|Protect|p2a: Gliscor
|-singleturn|p2a: Gliscor|Protect
|move|p1a: Gengar|Shadow Ball|p2a: Gliscor
|-activate|p2a: Gliscor|move: Protect
|
|-heal|p2a: Gliscor|36/100 tox|[from] ability: Poison Heal
|upkeep
|turn|25
|
|t:|1779846432
|move|p1a: Gengar|Shadow Ball|p2a: Gliscor
|-damage|p2a: Gliscor|1/100 tox
|move|p2a: Gliscor|Toxic|p1a: Gengar
|-immune|p1a: Gengar
|
|-heal|p2a: Gliscor|13/100 tox|[from] ability: Poison Heal
|upkeep
|turn|26
|
|t:|1779846434
|move|p1a: Gengar|Shadow Ball|p2a: Gliscor
|-damage|p2a: Gliscor|0 fnt
|faint|p2a: Gliscor
|
|upkeep
|
|t:|1779846439
|switch|p2a: Amoonguss|Amoonguss, F|88/100
|turn|27
|
|t:|1779846444
|move|p1a: Gengar|Destiny Bond|p1a: Gengar
|-singlemove|p1a: Gengar|Destiny Bond
|move|p2a: Amoonguss|Foul Play|p1a: Gengar
|-supereffective|p1a: Gengar
|-damage|p1a: Gengar|0 fnt
|-start|p2a: Amoonguss|Disable|Foul Play|[from] ability: Cursed Body|[of] p1a: Gengar
|faint|p1a: Gengar
|-activate|p1a: Gengar|move: Destiny Bond
|faint|p2a: Amoonguss
|
|upkeep
|
|t:|1779846450
|switch|p1a: Kleavor|Kleavor, M|14/100 tox
|switch|p2a: Corviknight|Corviknight, F|94/100
|-ability|p2a: Corviknight|Pressure
|turn|28
|
|t:|1779846453
|move|p1a: Kleavor|Stone Axe|p2a: Corviknight|[miss]
|-miss|p1a: Kleavor|p2a: Corviknight
|move|p2a: Corviknight|Brave Bird|p1a: Kleavor
|-damage|p1a: Kleavor|0 fnt
|faint|p1a: Kleavor
|-damage|p2a: Corviknight|91/100|[from] Recoil
|
|-heal|p2a: Corviknight|97/100|[from] item: Leftovers
|upkeep
|
|t:|1779846454
|switch|p1a: Great Tusk|Great Tusk|88/100
|turn|29
|
|t:|1779846455
|move|p1a: Great Tusk|Close Combat|p2a: Corviknight
|-damage|p2a: Corviknight|55/100
|-unboost|p1a: Great Tusk|def|1
|-unboost|p1a: Great Tusk|spd|1
|move|p2a: Corviknight|Brave Bird|p1a: Great Tusk
|-supereffective|p1a: Great Tusk
|-damage|p1a: Great Tusk|10/100
|-damage|p2a: Corviknight|31/100|[from] Recoil
|
|-heal|p2a: Corviknight|37/100|[from] item: Leftovers
|upkeep
|turn|30
|
|t:|1779846462
|move|p1a: Great Tusk|Close Combat|p2a: Corviknight
|-damage|p2a: Corviknight|0 fnt
|-unboost|p1a: Great Tusk|def|1
|-unboost|p1a: Great Tusk|spd|1
|faint|p2a: Corviknight
|
|upkeep
|
|t:|1779846463
|switch|p2a: Orthworm|Orthworm, F|100/100
|turn|31
|
|t:|1779846465
|move|p1a: Great Tusk|Close Combat|p2a: Orthworm
|-supereffective|p2a: Orthworm
|-damage|p2a: Orthworm|4/100
|-unboost|p1a: Great Tusk|def|1
|-unboost|p1a: Great Tusk|spd|1
|move|p2a: Orthworm|Body Press|p1a: Great Tusk
|-damage|p1a: Great Tusk|0 fnt
|faint|p1a: Great Tusk
|-end|p1a: Great Tusk|Protosynthesis|[silent]
|
|win|greatteams123
|raw|SgtBrick14's rating: 1405 &rarr; <strong>1382</strong><br />(-23 for losing)
|raw|greatteams123's rating: 1355 &rarr; <strong>1378</strong><br />(+23 for winning)
|l|☆greatteams123
|player|p2|
|l|☆SgtBrick14
|player|p1|
