|j|☆hat_fm
|j|☆claudechamp
|t:|1779895053
|gametype|singles
|player|p1|hat_fm|pilot|1333
|player|p2|claudechamp|169|1302
|gen|9
|tier|[Gen 9] OU
|rated|
|rule|HP Percentage Mod: HP is shown in percentages
|rule|Endless Battle Clause: Forcing endless battles is banned
|rule|Species Clause: Limit one of each Pokémon
|rule|OHKO Clause: OHKO moves are banned
|rule|Evasion Items Clause: Evasion items are banned
|rule|Evasion Moves Clause: Evasion moves are banned
|rule|Evasion Abilities Clause: Evasion abilities are banned
|rule|Sleep Moves Clause: Sleep-inducing moves are banned
|clearpoke
|poke|p1|Zamazenta-*|
|poke|p1|Ceruledge, F|
|poke|p1|Scizor, F|
|poke|p1|Donphan, M|
|poke|p1|Lycanroc-Dusk, F|
|poke|p1|Florges, F|
|poke|p2|Corviknight, F|
|poke|p2|Ting-Lu|
|poke|p2|Kyurem|
|poke|p2|Dondozo, F|
|poke|p2|Slowking-Galar, F|
|poke|p2|Cinderace, F|
|teampreview
|c|☆claudechamp|hf
|inactive|Battle timer is ON: inactive players will automatically lose when time's up. (requested by claudechamp)
|
|t:|1779895057
|teamsize|p1|6
|teamsize|p2|6
|start
|switch|p1a: Donphan|Donphan, M|100/100
|switch|p2a: Cinderace|Cinderace, F|100/100
|turn|1
|
|t:|1779895061
|move|p2a: Cinderace|Pyro Ball|p1a: Donphan
|-damage|p1a: Donphan|75/100
|move|p1a: Donphan|Stealth Rock|p2a: Cinderace
|-sidestart|p2: claudechamp|move: Stealth Rock
|
|upkeep
|turn|2
|
|t:|1779895063
|move|p2a: Cinderace|Court Change|p2a: Cinderace
|-swapsideconditions
|-activate|p2a: Cinderace|move: Court Change
|move|p1a: Donphan|Earthquake|p2a: Cinderace
|-supereffective|p2a: Cinderace
|-damage|p2a: Cinderace|0 fnt
|faint|p2a: Cinderace
|
|upkeep
|
|t:|1779895065
|switch|p2a: Kyurem|Kyurem|100/100
|-ability|p2a: Kyurem|Pressure
|turn|3
|
|t:|1779895076
|-terastallize|p1a: Donphan|Steel
|move|p2a: Kyurem|Freeze-Dry|p1a: Donphan
|-resisted|p1a: Donphan
|-damage|p1a: Donphan|52/100
|move|p1a: Donphan|Rapid Spin|p2a: Kyurem
|-damage|p2a: Kyurem|88/100
|-boost|p1a: Donphan|spe|1
|-sideend|p1: hat_fm|Stealth Rock|[from] move: Rapid Spin|[of] p1a: Donphan
|
|-heal|p2a: Kyurem|94/100|[from] item: Leftovers
|upkeep
|turn|4
|
|t:|1779895084
|move|p2a: Kyurem|Earth Power|p1a: Donphan
|-supereffective|p1a: Donphan
|-damage|p1a: Donphan|0 fnt
|faint|p1a: Donphan
|
|-heal|p2a: Kyurem|99/100|[from] item: Leftovers
|upkeep
|
|t:|1779895100
|switch|p1a: Florges|Florges, F|100/100
|turn|5
|
|t:|1779895107
|move|p2a: Kyurem|Earth Power|p1a: Florges
|-damage|p1a: Florges|80/100
|-unboost|p1a: Florges|spd|1
|move|p1a: Florges|Moonblast|p2a: Kyurem
|-supereffective|p2a: Kyurem
|-damage|p2a: Kyurem|3/100
|
|-heal|p2a: Kyurem|9/100|[from] item: Leftovers
|-heal|p1a: Florges|86/100|[from] item: Leftovers
|upkeep
|turn|6
|
|t:|1779895113
|switch|p2a: Slowking|Slowking-Galar, F|100/100
|move|p1a: Florges|Calm Mind|p1a: Florges
|-boost|p1a: Florges|spa|1
|-boost|p1a: Florges|spd|1
|
|-heal|p1a: Florges|92/100|[from] item: Leftovers
|upkeep
|turn|7
|
|t:|1779895125
|switch|p1a: Scizor|Scizor, F|100/100
|move|p2a: Slowking|Sludge Bomb|p1a: Scizor
|-immune|p1a: Scizor
|
|upkeep
|turn|8
|
|t:|1779895131
|switch|p2a: Dondozo|Dondozo, F|100/100
|move|p1a: Scizor|U-turn|p2a: Dondozo
|-damage|p2a: Dondozo|67/100
|-damage|p1a: Scizor|91/100|[from] item: Life Orb
|
|t:|1779895134
|switch|p1a: Florges|Florges, F|92/100|[from] U-turn
|
|-heal|p1a: Florges|98/100|[from] item: Leftovers
|-heal|p2a: Dondozo|73/100|[from] item: Leftovers
|upkeep
|turn|9
|
|t:|1779895140
|move|p1a: Florges|Giga Drain|p2a: Dondozo
|-supereffective|p2a: Dondozo
|-damage|p2a: Dondozo|38/100
|-heal|p1a: Florges|100/100|[from] drain|[of] p2a: Dondozo
|move|p2a: Dondozo|Waterfall|p1a: Florges
|-damage|p1a: Florges|65/100
|
|-heal|p1a: Florges|71/100|[from] item: Leftovers
|-heal|p2a: Dondozo|45/100|[from] item: Leftovers
|upkeep
|turn|10
|
|t:|1779895150
|move|p1a: Florges|Giga Drain|p2a: Dondozo
|-supereffective|p2a: Dondozo
|-damage|p2a: Dondozo|12/100
|-heal|p1a: Florges|95/100|[from] drain|[of] p2a: Dondozo
|move|p2a: Dondozo|Rest|p2a: Dondozo
|-status|p2a: Dondozo|slp|[from] move: Rest
|-heal|p2a: Dondozo|100/100 slp|[silent]
|
|-heal|p1a: Florges|100/100|[from] item: Leftovers
|upkeep
|turn|11
|
|t:|1779895158
|move|p1a: Florges|Calm Mind|p1a: Florges
|-boost|p1a: Florges|spa|1
|-boost|p1a: Florges|spd|1
|cant|p2a: Dondozo|slp
|
|upkeep
|turn|12
|
|t:|1779895162
|move|p1a: Florges|Giga Drain|p2a: Dondozo
|-supereffective|p2a: Dondozo
|-damage|p2a: Dondozo|67/100 slp
|cant|p2a: Dondozo|slp
|
|-heal|p2a: Dondozo|73/100 slp|[from] item: Leftovers
|upkeep
|turn|13
|
|t:|1779895169
|move|p1a: Florges|Calm Mind|p1a: Florges
|-boost|p1a: Florges|spa|1
|-boost|p1a: Florges|spd|1
|-curestatus|p2a: Dondozo|slp|[msg]
|move|p2a: Dondozo|Waterfall|p1a: Florges
|-damage|p1a: Florges|67/100
|
|-heal|p1a: Florges|73/100|[from] item: Leftovers
|-heal|p2a: Dondozo|79/100|[from] item: Leftovers
|upkeep
|turn|14
|
|t:|1779895178
|move|p1a: Florges|Giga Drain|p2a: Dondozo
|-supereffective|p2a: Dondozo
|-damage|p2a: Dondozo|47/100
|-heal|p1a: Florges|98/100|[from] drain|[of] p2a: Dondozo
|move|p2a: Dondozo|Body Press|p1a: Florges
|-resisted|p1a: Florges
|-damage|p1a: Florges|83/100
|
|-heal|p1a: Florges|90/100|[from] item: Leftovers
|-heal|p2a: Dondozo|53/100|[from] item: Leftovers
|upkeep
|turn|15
|
|t:|1779895188
|switch|p2a: Slowking|Slowking-Galar, F|100/100
|move|p1a: Florges|Moonblast|p2a: Slowking
|-resisted|p2a: Slowking
|-damage|p2a: Slowking|63/100
|-unboost|p2a: Slowking|spa|1
|
|-heal|p1a: Florges|96/100|[from] item: Leftovers
|upkeep
|turn|16
|
|t:|1779895195
|move|p1a: Florges|Psychic Noise|p2a: Slowking
|-damage|p2a: Slowking|21/100
|-start|p2a: Slowking|move: Heal Block
|move|p2a: Slowking|Future Sight|p1a: Florges
|-start|p2a: Slowking|move: Future Sight
|
|-heal|p1a: Florges|100/100|[from] item: Leftovers
|upkeep
|turn|17
|
|t:|1779895203
|switch|p2a: Corviknight|Corviknight, F|100/100
|-ability|p2a: Corviknight|Pressure
|move|p1a: Florges|Moonblast|p2a: Corviknight
|-resisted|p2a: Corviknight
|-damage|p2a: Corviknight|56/100
|
|upkeep
|turn|18
|
|t:|1779895211
|move|p1a: Florges|Moonblast|p2a: Corviknight
|-resisted|p2a: Corviknight
|-damage|p2a: Corviknight|10/100
|move|p2a: Corviknight|Brave Bird|p1a: Florges
|-damage|p1a: Florges|50/100
|-damage|p2a: Corviknight|0 fnt|[from] Recoil
|faint|p2a: Corviknight
|
|-end|p1a: Florges|move: Future Sight
|-damage|p1a: Florges|35/100
|-heal|p1a: Florges|41/100|[from] item: Leftovers
|upkeep
|
|t:|1779895222
|switch|p2a: Slowking|Slowking-Galar, F|55/100
|turn|19
|
|t:|1779895236
|switch|p1a: Scizor|Scizor, F|91/100
|move|p2a: Slowking|Sludge Bomb|p1a: Scizor
|-immune|p1a: Scizor
|
|upkeep
|turn|20
|
|t:|1779895241
|switch|p2a: Ting-Lu|Ting-Lu|100/100
|-ability|p2a: Ting-Lu|Vessel of Ruin
|move|p1a: Scizor|U-turn|p2a: Ting-Lu
|-supereffective|p2a: Ting-Lu
|-damage|p2a: Ting-Lu|41/100
|-damage|p1a: Scizor|81/100|[from] item: Life Orb
|
|t:|1779895250
|switch|p1a: Zamazenta|Zamazenta|100/100|[from] U-turn
|-ability|p1a: Zamazenta|Dauntless Shield|boost
|-boost|p1a: Zamazenta|def|1
|
|-heal|p2a: Ting-Lu|48/100|[from] item: Leftovers
|upkeep
|turn|21
|
|t:|1779895256
|move|p1a: Zamazenta|Crunch|p2a: Ting-Lu
|-resisted|p2a: Ting-Lu
|-damage|p2a: Ting-Lu|42/100
|move|p2a: Ting-Lu|Earthquake|p1a: Zamazenta
|-damage|p1a: Zamazenta|83/100
|
|-heal|p1a: Zamazenta|89/100|[from] item: Leftovers
|-heal|p2a: Ting-Lu|48/100|[from] item: Leftovers
|upkeep
|turn|22
|
|t:|1779895262
|switch|p2a: Slowking|Slowking-Galar, F|88/100
|move|p1a: Zamazenta|Body Press|p2a: Slowking
|-resisted|p2a: Slowking
|-damage|p2a: Slowking|79/100
|
|-heal|p1a: Zamazenta|95/100|[from] item: Leftovers
|upkeep
|turn|23
|
|t:|1779895270
|move|p1a: Zamazenta|Crunch|p2a: Slowking
|-supereffective|p2a: Slowking
|-damage|p2a: Slowking|46/100
|move|p2a: Slowking|Future Sight|p1a: Zamazenta
|-start|p2a: Slowking|move: Future Sight
|
|-heal|p1a: Zamazenta|100/100|[from] item: Leftovers
|upkeep
|turn|24
|
|t:|1779895279
|move|p1a: Zamazenta|Crunch|p2a: Slowking
|-supereffective|p2a: Slowking
|-damage|p2a: Slowking|14/100
|-prepare|p2a: Slowking|Chilly Reception|[premajor]
|move|p2a: Slowking|Chilly Reception|p2a: Slowking
|-weather|Snowscape
|
|t:|1779895289
|switch|p2a: Dondozo|Dondozo, F|53/100|[from] Chilly Reception
|
|-weather|Snowscape|[upkeep]
|-heal|p2a: Dondozo|60/100|[from] item: Leftovers
|upkeep
|turn|25
|
|t:|1779895302
|move|p1a: Zamazenta|Crunch|p2a: Dondozo
|-damage|p2a: Dondozo|47/100
|move|p2a: Dondozo|Curse|p2a: Dondozo
|-unboost|p2a: Dondozo|spe|1
|-boost|p2a: Dondozo|atk|1
|-boost|p2a: Dondozo|def|1
|
|-weather|Snowscape|[upkeep]
|-end|p1a: Zamazenta|move: Future Sight
|-supereffective|p1a: Zamazenta
|-damage|p1a: Zamazenta|28/100
|-heal|p1a: Zamazenta|34/100|[from] item: Leftovers
|-heal|p2a: Dondozo|53/100|[from] item: Leftovers
|upkeep
|turn|26
|
|t:|1779895310
|move|p2a: Dondozo|Waterfall|p1a: Zamazenta
|-damage|p1a: Zamazenta|6/100
|cant|p1a: Zamazenta|flinch
|
|-weather|Snowscape|[upkeep]
|-heal|p1a: Zamazenta|12/100|[from] item: Leftovers
|-heal|p2a: Dondozo|59/100|[from] item: Leftovers
|upkeep
|turn|27
|
|t:|1779895322
|move|p1a: Zamazenta|Iron Defense|p1a: Zamazenta
|-boost|p1a: Zamazenta|def|2
|move|p2a: Dondozo|Curse|p2a: Dondozo
|-unboost|p2a: Dondozo|spe|1
|-boost|p2a: Dondozo|atk|1
|-boost|p2a: Dondozo|def|1
|
|-weather|Snowscape|[upkeep]
|-heal|p1a: Zamazenta|18/100|[from] item: Leftovers
|-heal|p2a: Dondozo|66/100|[from] item: Leftovers
|upkeep
|turn|28
|
|t:|1779895328
|move|p2a: Dondozo|Waterfall|p1a: Zamazenta
|-damage|p1a: Zamazenta|0 fnt
|faint|p1a: Zamazenta
|
|-weather|none
|-heal|p2a: Dondozo|72/100|[from] item: Leftovers
|upkeep
|
|t:|1779895332
|switch|p1a: Florges|Florges, F|41/100
|turn|29
|
|t:|1779895338
|move|p1a: Florges|Giga Drain|p2a: Dondozo
|-supereffective|p2a: Dondozo
|-damage|p2a: Dondozo|38/100
|-heal|p1a: Florges|67/100|[from] drain|[of] p2a: Dondozo
|move|p2a: Dondozo|Waterfall|p1a: Florges
|-damage|p1a: Florges|0 fnt
|faint|p1a: Florges
|
|-heal|p2a: Dondozo|44/100|[from] item: Leftovers
|upkeep
|
|t:|1779895363
|switch|p1a: Lycanroc|Lycanroc-Dusk, F|100/100
|turn|30
|
|t:|1779895370
|move|p1a: Lycanroc|Zen Headbutt|p2a: Dondozo
|-damage|p2a: Dondozo|29/100
|-damage|p1a: Lycanroc|91/100|[from] item: Life Orb
|move|p2a: Dondozo|Waterfall|p1a: Lycanroc
|-supereffective|p1a: Lycanroc
|-damage|p1a: Lycanroc|0 fnt
|faint|p1a: Lycanroc
|
|-heal|p2a: Dondozo|35/100|[from] item: Leftovers
|upkeep
|-message|hat_fm forfeited.
|
|win|claudechamp
|raw|hat_fm's rating: 1333 &rarr; <strong>1310</strong><br />(-23 for losing)
|raw|claudechamp's rating: 1277 &rarr; <strong>1306</strong><br />(+29 for winning)
|c|☆claudechamp|gg
|l|☆hat_fm
|player|p1|
