|j|☆npctypebeat
|j|☆Mymojosodopeboi
|t:|1779930939
|gametype|singles
|player|p1|npctypebeat|102|1203
|player|p2|Mymojosodopeboi|brock|1209
|gen|9
|tier|[Gen 9] OU
|rated|
|rule|HP Percentage Mod: HP is shown in percentages
|rule|Endless Battle Clause: Forcing endless battles is banned
|rule|Species Clause: Limit one of each Pokémon
|rule|OHKO Clause: OHKO moves are banned
|rule|Evasion Items Clause: Evasion items are banned
|rule|Evasion Moves Clause: Evasion moves are banned
|rule|Evasion Abilities Clause: Evasion abilities are banned
|rule|Sleep Moves Clause: Sleep-inducing moves are banned
|clearpoke
|poke|p1|Corviknight, F|
|poke|p1|Ting-Lu|
|poke|p1|Kyurem|
|poke|p1|Dondozo, F|
|poke|p1|Slowking-Galar, F|
|poke|p1|Cinderace, M|
|poke|p2|Ribombee, F|
|poke|p2|Lokix, M|
|poke|p2|Great Tusk|
|poke|p2|Raging Bolt|
|poke|p2|Gholdengo|
|poke|p2|Iron Moth|
|teampreview
|c|☆npctypebeat|hf
|
|t:|1779930946
|teamsize|p1|6
|teamsize|p2|6
|start
|switch|p1a: Cinderace|Cinderace, M|100/100
|switch|p2a: Ribombee|Ribombee, F, shiny|100/100
|turn|1
|inactive|Battle timer is ON: inactive players will automatically lose when time's up. (requested by npctypebeat)
|c|☆Mymojosodopeboi|yt gl
|
|t:|1779930966
|move|p2a: Ribombee|Stun Spore|p1a: Cinderace
|-status|p1a: Cinderace|par
|cant|p1a: Cinderace|par
|
|upkeep
|turn|2
|
|t:|1779930973
|switch|p1a: Ting-Lu|Ting-Lu|100/100
|-ability|p1a: Ting-Lu|Vessel of Ruin
|-terastallize|p2a: Ribombee|Ghost
|move|p2a: Ribombee|Sticky Web|p1a: Ting-Lu
|-sidestart|p1: npctypebeat|move: Sticky Web
|
|upkeep
|turn|3
|
|t:|1779930988
|move|p2a: Ribombee|Moonblast|p1a: Ting-Lu
|-supereffective|p1a: Ting-Lu
|-damage|p1a: Ting-Lu|69/100
|move|p1a: Ting-Lu|Earthquake|p2a: Ribombee
|-damage|p2a: Ribombee|26/100
|
|-heal|p1a: Ting-Lu|75/100|[from] item: Leftovers
|upkeep
|turn|4
|inactive|Mymojosodopeboi has 120 seconds left.
|
|t:|1779931022
|switch|p2a: Great Tusk|Great Tusk, shiny|100/100
|-enditem|p2a: Great Tusk|Booster Energy
|-activate|p2a: Great Tusk|ability: Protosynthesis|[fromitem]
|-start|p2a: Great Tusk|protosynthesisatk
|move|p1a: Ting-Lu|Earthquake|p2a: Great Tusk
|-damage|p2a: Great Tusk|73/100
|
|-heal|p1a: Ting-Lu|81/100|[from] item: Leftovers
|upkeep
|turn|5
|inactive|Mymojosodopeboi has 120 seconds left.
|
|t:|1779931033
|switch|p1a: Corviknight|Corviknight, F|100/100
|-ability|p1a: Corviknight|Pressure
|move|p2a: Great Tusk|Close Combat|p1a: Corviknight
|-damage|p1a: Corviknight|55/100
|-unboost|p2a: Great Tusk|def|1
|-unboost|p2a: Great Tusk|spd|1
|-damage|p2a: Great Tusk|57/100|[from] item: Rocky Helmet|[of] p1a: Corviknight
|
|upkeep
|turn|6
|inactive|Mymojosodopeboi has 120 seconds left.
|
|t:|1779931057
|-end|p2a: Great Tusk|Protosynthesis|[silent]
|switch|p2a: Iron Moth|Iron Moth, shiny|100/100
|-enditem|p2a: Iron Moth|Booster Energy
|-activate|p2a: Iron Moth|ability: Quark Drive|[fromitem]
|-start|p2a: Iron Moth|quarkdrivespa
|move|p1a: Corviknight|Roost|p1a: Corviknight
|-heal|p1a: Corviknight|100/100
|-singleturn|p1a: Corviknight|move: Roost
|
|upkeep
|turn|7
|
|t:|1779931068
|switch|p1a: Ting-Lu|Ting-Lu|81/100
|-activate|p1a: Ting-Lu|move: Sticky Web
|-unboost|p1a: Ting-Lu|spe|1
|-ability|p1a: Ting-Lu|Vessel of Ruin
|move|p2a: Iron Moth|Fiery Dance|p1a: Ting-Lu
|-damage|p1a: Ting-Lu|58/100
|-boost|p2a: Iron Moth|spa|1
|
|-heal|p1a: Ting-Lu|65/100|[from] item: Leftovers
|upkeep
|turn|8
|
|t:|1779931079
|move|p2a: Iron Moth|Dazzling Gleam|p1a: Ting-Lu
|-supereffective|p1a: Ting-Lu
|-damage|p1a: Ting-Lu|15/100
|move|p1a: Ting-Lu|Earthquake|p2a: Iron Moth
|-supereffective|p2a: Iron Moth
|-damage|p2a: Iron Moth|0 fnt
|faint|p2a: Iron Moth
|-end|p2a: Iron Moth|Quark Drive|[silent]
|
|-heal|p1a: Ting-Lu|21/100|[from] item: Leftovers
|upkeep
|inactive|Mymojosodopeboi has 90 seconds left.
|
|t:|1779931107
|switch|p2a: Ribombee|Ribombee, F, shiny, tera:Ghost|26/100
|turn|9
|
|t:|1779931112
|move|p2a: Ribombee|Moonblast|p1a: Ting-Lu
|-supereffective|p1a: Ting-Lu
|-crit|p1a: Ting-Lu
|-damage|p1a: Ting-Lu|0 fnt
|faint|p1a: Ting-Lu
|
|upkeep
|
|t:|1779931115
|switch|p1a: Cinderace|Cinderace, M|100/100 par
|turn|10
|inactive|Mymojosodopeboi has 90 seconds left.
|
|t:|1779931146
|switch|p2a: Great Tusk|Great Tusk, shiny|57/100
|move|p1a: Cinderace|Court Change|p1a: Cinderace
|-swapsideconditions
|-activate|p1a: Cinderace|move: Court Change
|
|upkeep
|turn|11
|inactive|Mymojosodopeboi has 90 seconds left.
|
|t:|1779931153
|switch|p1a: Kyurem|Kyurem|100/100
|-ability|p1a: Kyurem|Pressure
|move|p2a: Great Tusk|Rapid Spin|p1a: Kyurem
|-damage|p1a: Kyurem|83/100
|-boost|p2a: Great Tusk|spe|1
|-sideend|p2: Mymojosodopeboi|Sticky Web|[from] move: Rapid Spin|[of] p2a: Great Tusk
|
|-heal|p1a: Kyurem|90/100|[from] item: Leftovers
|upkeep
|turn|12
|inactive|Mymojosodopeboi has 90 seconds left.
|
|t:|1779931169
|switch|p1a: Corviknight|Corviknight, F|100/100
|-ability|p1a: Corviknight|Pressure
|move|p2a: Great Tusk|Head Smash|p1a: Corviknight
|-damage|p1a: Corviknight|67/100
|-damage|p2a: Great Tusk|40/100|[from] item: Rocky Helmet|[of] p1a: Corviknight
|-damage|p2a: Great Tusk|22/100|[from] Recoil
|
|upkeep
|turn|13
|inactive|Mymojosodopeboi has 90 seconds left.
|
|t:|1779931186
|move|p2a: Great Tusk|Head Smash|p1a: Corviknight
|-damage|p1a: Corviknight|33/100
|-damage|p2a: Great Tusk|6/100|[from] item: Rocky Helmet|[of] p1a: Corviknight
|-damage|p2a: Great Tusk|0 fnt|[from] Recoil
|faint|p2a: Great Tusk
|-end|p2a: Great Tusk|Protosynthesis|[silent]
|move|p1a: Corviknight|Brave Bird|p2: Great Tusk|[notarget]
|-fail|p1a: Corviknight
|
|upkeep
|
|t:|1779931201
|switch|p2a: Gholdengo|Gholdengo, shiny|100/100
|-item|p2a: Gholdengo|Air Balloon
|turn|14
|
|t:|1779931211
|move|p2a: Gholdengo|Nasty Plot|p2a: Gholdengo
|-boost|p2a: Gholdengo|spa|2
|move|p1a: Corviknight|Roost|p1a: Corviknight
|-heal|p1a: Corviknight|83/100
|-singleturn|p1a: Corviknight|move: Roost
|
|upkeep
|turn|15
|inactive|Mymojosodopeboi has 90 seconds left.
|
|t:|1779931225
|move|p2a: Gholdengo|Shadow Ball|p1a: Corviknight
|-damage|p1a: Corviknight|7/100
|-unboost|p1a: Corviknight|spd|1
|move|p1a: Corviknight|U-turn|p2a: Gholdengo
|-resisted|p2a: Gholdengo
|-damage|p2a: Gholdengo|96/100
|-enditem|p2a: Gholdengo|Air Balloon
|
|t:|1779931240
|switch|p1a: Kyurem|Kyurem|90/100|[from] U-turn
|-ability|p1a: Kyurem|Pressure
|
|-heal|p1a: Kyurem|96/100|[from] item: Leftovers
|upkeep
|turn|16
|inactive|Mymojosodopeboi has 90 seconds left.
|
|t:|1779931279
|move|p1a: Kyurem|Earth Power|p2a: Gholdengo
|-supereffective|p2a: Gholdengo
|-damage|p2a: Gholdengo|26/100
|move|p2a: Gholdengo|Dazzling Gleam|p1a: Kyurem
|-supereffective|p1a: Kyurem
|-damage|p1a: Kyurem|0 fnt
|faint|p1a: Kyurem
|
|upkeep
|
|t:|1779931284
|switch|p1a: Dondozo|Dondozo, F|100/100
|turn|17
|inactive|Mymojosodopeboi has 60 seconds left.
|
|t:|1779931323
|move|p2a: Gholdengo|Shadow Ball|p1a: Dondozo
|-damage|p1a: Dondozo|75/100
|-unboost|p1a: Dondozo|spd|1
|move|p1a: Dondozo|Waterfall|p2a: Gholdengo
|-damage|p2a: Gholdengo|0 fnt
|faint|p2a: Gholdengo
|
|-heal|p1a: Dondozo|81/100|[from] item: Leftovers
|upkeep
|
|t:|1779931337
|switch|p2a: Ribombee|Ribombee, F, shiny, tera:Ghost|26/100
|turn|18
|
|t:|1779931343
|move|p2a: Ribombee|Stun Spore|p1a: Dondozo
|-status|p1a: Dondozo|par
|cant|p1a: Dondozo|par
|
|-heal|p1a: Dondozo|87/100 par|[from] item: Leftovers
|upkeep
|turn|19
|inactive|Mymojosodopeboi has 30 seconds left.
|
|t:|1779931376
|move|p2a: Ribombee|Sticky Web|p1a: Dondozo
|-sidestart|p1: npctypebeat|move: Sticky Web
|move|p1a: Dondozo|Waterfall|p2a: Ribombee
|-damage|p2a: Ribombee|0 fnt
|faint|p2a: Ribombee
|
|-heal|p1a: Dondozo|93/100 par|[from] item: Leftovers
|upkeep
|inactive|Mymojosodopeboi has 30 seconds left.
|
|t:|1779931383
|switch|p2a: Raging Bolt|Raging Bolt|100/100
|-enditem|p2a: Raging Bolt|Booster Energy
|-activate|p2a: Raging Bolt|ability: Protosynthesis|[fromitem]
|-start|p2a: Raging Bolt|protosynthesisspa
|turn|20
|inactive|Mymojosodopeboi has 30 seconds left.
|inactive|npctypebeat has 120 seconds left.
|
|t:|1779931418
|switch|p1a: Slowking|Slowking-Galar, F|100/100
|-activate|p1a: Slowking|move: Sticky Web
|-unboost|p1a: Slowking|spe|1
|move|p2a: Raging Bolt|Calm Mind|p2a: Raging Bolt
|-boost|p2a: Raging Bolt|spa|1
|-boost|p2a: Raging Bolt|spd|1
|
|upkeep
|turn|21
|inactive|npctypebeat has 120 seconds left.
|inactive|Mymojosodopeboi has 30 seconds left.
|
|t:|1779931443
|move|p2a: Raging Bolt|Thunderbolt|p1a: Slowking
|-damage|p1a: Slowking|15/100
|move|p1a: Slowking|Ice Beam|p2a: Raging Bolt
|-supereffective|p2a: Raging Bolt
|-damage|p2a: Raging Bolt|71/100
|
|upkeep
|turn|22
|inactive|Mymojosodopeboi has 30 seconds left.
|
|t:|1779931453
|switch|p1a: Dondozo|Dondozo, F|93/100 par
|-activate|p1a: Dondozo|move: Sticky Web
|-unboost|p1a: Dondozo|spe|1
|move|p2a: Raging Bolt|Thunderbolt|p1a: Dondozo
|-supereffective|p1a: Dondozo
|-damage|p1a: Dondozo|7/100 par
|
|-heal|p1a: Dondozo|14/100 par|[from] item: Leftovers
|upkeep
|turn|23
|inactive|Mymojosodopeboi has 30 seconds left.
|
|t:|1779931476
|move|p2a: Raging Bolt|Thunderbolt|p1a: Dondozo
|-supereffective|p1a: Dondozo
|-damage|p1a: Dondozo|0 fnt
|faint|p1a: Dondozo
|
|upkeep
|
|t:|1779931484
|switch|p1a: Slowking|Slowking-Galar, F|48/100
|-activate|p1a: Slowking|move: Sticky Web
|-unboost|p1a: Slowking|spe|1
|turn|24
|inactive|npctypebeat has 90 seconds left.
|
|t:|1779931509
|move|p2a: Raging Bolt|Thunderbolt|p1a: Slowking
|-damage|p1a: Slowking|0 fnt
|faint|p1a: Slowking
|
|upkeep
|
|t:|1779931518
|switch|p1a: Cinderace|Cinderace, M|100/100 par
|turn|25
|inactive|npctypebeat has 90 seconds left.
|
|t:|1779931538
|move|p2a: Raging Bolt|Thunderbolt|p1a: Cinderace
|-damage|p1a: Cinderace|0 fnt
|faint|p1a: Cinderace
|
|upkeep
|inactive|npctypebeat has 60 seconds left.
|
|t:|1779931562
|switch|p1a: Corviknight|Corviknight, F|7/100
|-ability|p1a: Corviknight|Pressure
|turn|26
|inactive|Mymojosodopeboi has 60 seconds left.
|inactive|npctypebeat has 60 seconds left.
|
|t:|1779931594
|move|p2a: Raging Bolt|Thunderbolt|p1a: Corviknight
|-supereffective|p1a: Corviknight
|-damage|p1a: Corviknight|0 fnt
|faint|p1a: Corviknight
|
|win|Mymojosodopeboi
|raw|npctypebeat's rating: 1203 &rarr; <strong>1178</strong><br />(-25 for losing)
|raw|Mymojosodopeboi's rating: 1209 &rarr; <strong>1234</strong><br />(+25 for winning)
|c|☆npctypebeat|gg
|l|☆Mymojosodopeboi
|player|p2|
