|j|☆iraimairdna
|j|☆claudechamp
|t:|1779817774
|gametype|singles
|player|p1|iraimairdna|pokemonranger-gen4|1091
|player|p2|claudechamp|265|1087
|gen|9
|tier|[Gen 9] OU
|rated|
|rule|HP Percentage Mod: HP is shown in percentages
|rule|Endless Battle Clause: Forcing endless battles is banned
|rule|Species Clause: Limit one of each Pokémon
|rule|OHKO Clause: OHKO moves are banned
|rule|Evasion Items Clause: Evasion items are banned
|rule|Evasion Moves Clause: Evasion moves are banned
|rule|Evasion Abilities Clause: Evasion abilities are banned
|rule|Sleep Moves Clause: Sleep-inducing moves are banned
|clearpoke
|poke|p1|Ambipom, F|
|poke|p1|Infernape, M|
|poke|p1|Electivire, F|
|poke|p1|Oranguru, F|
|poke|p1|Passimian, F|
|poke|p1|Rillaboom, M|
|poke|p2|Gliscor, F|
|poke|p2|Gholdengo|
|poke|p2|Zamazenta-*|
|poke|p2|Blissey, F|
|poke|p2|Skarmory, F|
|poke|p2|Pecharunt|
|teampreview
|inactive|Battle timer is ON: inactive players will automatically lose when time's up. (requested by iraimairdna)
|c|☆claudechamp|hf
|
|t:|1779817779
|teamsize|p1|6
|teamsize|p2|6
|start
|switch|p1a: Electivire|Electivire, F|100/100
|switch|p2a: Skarmory|Skarmory, F|100/100
|turn|1
|inactive|claudechamp also wants the timer to be on.
|
|t:|1779817789
|move|p1a: Electivire|Thunder Punch|p2a: Skarmory
|-supereffective|p2a: Skarmory
|-damage|p2a: Skarmory|46/100
|move|p2a: Skarmory|Spikes|p1a: Electivire
|-sidestart|p1: iraimairdna|Spikes
|
|upkeep
|turn|2
|
|t:|1779817794
|-terastallize|p2a: Skarmory|Dragon
|move|p1a: Electivire|Thunder Punch|p2a: Skarmory
|-resisted|p2a: Skarmory
|-damage|p2a: Skarmory|33/100
|move|p2a: Skarmory|Spikes|p1a: Electivire
|-sidestart|p1: iraimairdna|Spikes
|
|upkeep
|turn|3
|
|t:|1779817804
|move|p1a: Electivire|Thunder Wave|p2a: Skarmory
|-status|p2a: Skarmory|par
|move|p2a: Skarmory|Roost|p2a: Skarmory
|-heal|p2a: Skarmory|83/100 par
|
|upkeep
|turn|4
|
|t:|1779817822
|switch|p2a: Gliscor|Gliscor, F|100/100
|move|p1a: Electivire|Volt Switch|p2a: Gliscor
|-immune|p2a: Gliscor
|
|-status|p2a: Gliscor|tox|[from] item: Toxic Orb
|upkeep
|turn|5
|
|t:|1779817829
|move|p1a: Electivire|Fire Punch|p2a: Gliscor
|-damage|p2a: Gliscor|78/100 tox
|move|p2a: Gliscor|Earthquake|p1a: Electivire
|-supereffective|p1a: Electivire
|-damage|p1a: Electivire|0 fnt
|faint|p1a: Electivire
|
|-heal|p2a: Gliscor|91/100 tox|[from] ability: Poison Heal
|upkeep
|
|t:|1779817839
|switch|p1a: Ambipom|Ambipom, F|100/100
|-damage|p1a: Ambipom|84/100|[from] Spikes
|turn|6
|
|t:|1779817846
|-terastallize|p1a: Ambipom|Normal
|move|p1a: Ambipom|Fake Out|p2a: Gliscor
|-damage|p2a: Gliscor|51/100 tox
|-damage|p1a: Ambipom|74/100|[from] item: Life Orb
|cant|p2a: Gliscor|flinch
|
|-heal|p2a: Gliscor|64/100 tox|[from] ability: Poison Heal
|upkeep
|turn|7
|
|t:|1779817855
|switch|p2a: Zamazenta|Zamazenta|100/100
|-ability|p2a: Zamazenta|Dauntless Shield|boost
|-boost|p2a: Zamazenta|def|1
|move|p1a: Ambipom|Protect||[still]
|-fail|p1a: Ambipom
|
|upkeep
|turn|8
|
|t:|1779817862
|move|p2a: Zamazenta|Close Combat|p1a: Ambipom
|-supereffective|p1a: Ambipom
|-damage|p1a: Ambipom|0 fnt
|-unboost|p2a: Zamazenta|def|1
|-unboost|p2a: Zamazenta|spd|1
|faint|p1a: Ambipom
|
|upkeep
|inactive|iraimairdna has 120 seconds left.
|inactive|iraimairdna has 90 seconds left.
|inactive|iraimairdna has 60 seconds left.
|inactive|iraimairdna has 30 seconds left.
|inactive|iraimairdna has 20 seconds left.
|inactive|iraimairdna has 15 seconds left.
|inactive|iraimairdna has 10 seconds left.
|inactive|iraimairdna has 5 seconds left.
|-message|iraimairdna lost due to inactivity.
|
|win|claudechamp
|raw|iraimairdna's rating: 1091 &rarr; <strong>1067</strong><br />(-24 for losing)
|raw|claudechamp's rating: 1087 &rarr; <strong>1114</strong><br />(+27 for winning)
|c|☆claudechamp|gg
