|j|☆Halloworlditsme
|j|‽cruzovski
|t:|1779959059
|gametype|singles
|player|p1|Halloworlditsme|buck|1324
|player|p2|cruzovski|2|1399
|gen|9
|tier|[Gen 9] OU
|rated|
|rule|HP Percentage Mod: HP is shown in percentages
|rule|Endless Battle Clause: Forcing endless battles is banned
|rule|Species Clause: Limit one of each Pokémon
|rule|OHKO Clause: OHKO moves are banned
|rule|Evasion Items Clause: Evasion items are banned
|rule|Evasion Moves Clause: Evasion moves are banned
|rule|Evasion Abilities Clause: Evasion abilities are banned
|rule|Sleep Moves Clause: Sleep-inducing moves are banned
|clearpoke
|poke|p1|Decidueye-Hisui, F|
|poke|p1|Zapdos|
|poke|p1|Iron Boulder|
|poke|p1|Deoxys-Speed|
|poke|p1|Ogerpon-Wellspring, F|
|poke|p1|Slowking-Galar, F|
|poke|p2|Garganacl, M|
|poke|p2|Scizor, F|
|poke|p2|Zapdos|
|poke|p2|Cinderace, F|
|poke|p2|Dragapult, M|
|poke|p2|Clefable, F|
|teampreview
|inactive|Battle timer is ON: inactive players will automatically lose when time's up. (requested by Halloworlditsme)
|
|t:|1779959068
|teamsize|p1|6
|teamsize|p2|6
|start
|switch|p1a: Deoxys|Deoxys-Speed|100/100
|switch|p2a: Scizor|Scizor, F|100/100
|-ability|p1a: Deoxys|Pressure
|turn|1
|
|t:|1779959072
|move|p1a: Deoxys|Stealth Rock|p2a: Scizor
|-sidestart|p2: cruzovski|move: Stealth Rock
|move|p2a: Scizor|Dual Wingbeat|p1a: Deoxys
|-damage|p1a: Deoxys|62/100
|-damage|p1a: Deoxys|25/100
|-hitcount|p1a: Deoxys|2
|
|upkeep
|turn|2
|
|t:|1779959078
|move|p1a: Deoxys|Spikes|p2a: Scizor
|-sidestart|p2: cruzovski|Spikes
|move|p2a: Scizor|Defog|p1a: Deoxys
|-unboost|p1a: Deoxys|evasion|1
|-sideend|p2: cruzovski|Spikes|[from] move: Defog|[of] p2a: Scizor
|-sideend|p2: cruzovski|Stealth Rock|[from] move: Defog|[of] p2a: Scizor
|
|upkeep
|turn|3
|
|t:|1779959083
|switch|p1a: Zapdos|Zapdos|100/100
|move|p2a: Scizor|Bullet Punch|p1a: Zapdos
|-resisted|p1a: Zapdos
|-crit|p1a: Zapdos
|-damage|p1a: Zapdos|81/100
|
|upkeep
|turn|4
|
|t:|1779959090
|switch|p2a: Garganacl|Garganacl, M|100/100
|move|p1a: Zapdos|Heat Wave|p2a: Garganacl
|-resisted|p2a: Garganacl
|-damage|p2a: Garganacl|92/100
|
|-heal|p2a: Garganacl|98/100|[from] item: Leftovers
|upkeep
|turn|5
|
|t:|1779959102
|switch|p1a: Deoxys|Deoxys-Speed|25/100
|-ability|p1a: Deoxys|Pressure
|move|p2a: Garganacl|Curse|p2a: Garganacl
|-unboost|p2a: Garganacl|spe|1
|-boost|p2a: Garganacl|atk|1
|-boost|p2a: Garganacl|def|1
|
|-heal|p2a: Garganacl|100/100|[from] item: Leftovers
|upkeep
|turn|6
|
|t:|1779959106
|move|p1a: Deoxys|Taunt|p2a: Garganacl
|-start|p2a: Garganacl|move: Taunt
|move|p2a: Garganacl|Salt Cure|p1a: Deoxys
|-damage|p1a: Deoxys|0 fnt
|faint|p1a: Deoxys
|
|upkeep
|
|t:|1779959113
|switch|p1a: Decidueye|Decidueye-Hisui, F|100/100
|turn|7
|
|t:|1779959130
|switch|p2a: Zapdos|Zapdos|100/100
|move|p1a: Decidueye|Triple Arrows|p2a: Zapdos
|-resisted|p2a: Zapdos
|-damage|p2a: Zapdos|85/100
|-unboost|p2a: Zapdos|def|1
|
|upkeep
|turn|8
|
|t:|1779959141
|switch|p1a: Zapdos|Zapdos|81/100
|move|p2a: Zapdos|U-turn|p1a: Zapdos
|-resisted|p1a: Zapdos
|-damage|p1a: Zapdos|76/100
|inactive|cruzovski has 120 seconds left.
|inactive|cruzovski has 90 seconds left.
|inactive|cruzovski has 60 seconds left.
|inactive|cruzovski has 30 seconds left.
|inactive|cruzovski has 20 seconds left.
|inactive|cruzovski has 15 seconds left.
|inactive|cruzovski has 10 seconds left.
|
|t:|1779959279
|switch|p2a: Clefable|Clefable, F|100/100|[from] U-turn
|
|upkeep
|turn|9
|inactive|cruzovski has 20 seconds left this turn.
|inactive|cruzovski has 15 seconds left.
|
|t:|1779959292
|switch|p1a: Slowking|Slowking-Galar, F, shiny|100/100
|switch|p2a: Garganacl|Garganacl, M|100/100
|
|upkeep
|turn|10
|inactive|cruzovski has 25 seconds left this turn.
|
|t:|1779959296
|move|p2a: Garganacl|Curse|p2a: Garganacl
|-unboost|p2a: Garganacl|spe|1
|-boost|p2a: Garganacl|atk|1
|-boost|p2a: Garganacl|def|1
|move|p1a: Slowking|Psychic Noise|p2a: Garganacl
|-damage|p2a: Garganacl|82/100
|-start|p2a: Garganacl|move: Heal Block
|
|upkeep
|turn|11
|inactive|cruzovski has 30 seconds left.
|
|t:|1779959307
|move|p1a: Slowking|Psychic Noise|p2a: Garganacl
|-damage|p2a: Garganacl|63/100
|move|p2a: Garganacl|Curse|p2a: Garganacl
|-unboost|p2a: Garganacl|spe|1
|-boost|p2a: Garganacl|atk|1
|-boost|p2a: Garganacl|def|1
|
|-end|p2a: Garganacl|move: Heal Block
|upkeep
|turn|12
|inactive|cruzovski has 30 seconds left.
|
|t:|1779959315
|move|p1a: Slowking|Psychic Noise|p2a: Garganacl
|-damage|p2a: Garganacl|45/100
|-start|p2a: Garganacl|move: Heal Block
|move|p2a: Garganacl|Salt Cure|p1a: Slowking
|-damage|p1a: Slowking|77/100
|-start|p1a: Slowking|Salt Cure
|
|-damage|p1a: Slowking|65/100|[from] Salt Cure
|upkeep
|turn|13
|
|t:|1779959319
|move|p1a: Slowking|Psychic Noise|p2a: Garganacl
|-damage|p2a: Garganacl|27/100
|move|p2a: Garganacl|Avalanche|p1a: Slowking
|-damage|p1a: Slowking|23/100
|
|-damage|p1a: Slowking|11/100|[from] Salt Cure
|-end|p2a: Garganacl|move: Heal Block
|upkeep
|turn|14
|
|t:|1779959328
|switch|p1a: Zapdos|Zapdos|76/100
|move|p2a: Garganacl|Recover|p2a: Garganacl
|-heal|p2a: Garganacl|77/100
|
|-heal|p2a: Garganacl|83/100|[from] item: Leftovers
|upkeep
|turn|15
|-message|Halloworlditsme forfeited.
|
|win|cruzovski
|raw|Halloworlditsme's rating: 1324 &rarr; <strong>1308</strong><br />(-16 for losing)
|raw|cruzovski's rating: 1399 &rarr; <strong>1415</strong><br />(+16 for winning)
|l|☆Halloworlditsme
|player|p1|
|l|‽cruzovski
|player|p2|
