|badge|p1|bronze|gen9ubers|100-9
|uhtml|medal-msg|<div class="broadcast-blue">Curious what those medals under the avatar are? PS now has Ladder Seasons! For more information, check out the <a href="https://www.smogon.com/forums/threads/3740067/">thread on Smogon.</a></div>
|j|☆itztrip
|j|☆Yullei
|t:|1779887219
|gametype|singles
|player|p1|itztrip|proton|1624
|player|p2|Yullei|zinnia|1549
|gen|9
|tier|[Gen 9] OU
|rated|
|rule|HP Percentage Mod: HP is shown in percentages
|rule|Endless Battle Clause: Forcing endless battles is banned
|rule|Species Clause: Limit one of each Pokémon
|rule|OHKO Clause: OHKO moves are banned
|rule|Evasion Items Clause: Evasion items are banned
|rule|Evasion Moves Clause: Evasion moves are banned
|rule|Evasion Abilities Clause: Evasion abilities are banned
|rule|Sleep Moves Clause: Sleep-inducing moves are banned
|clearpoke
|poke|p1|Darkrai|
|poke|p1|Garchomp, M|
|poke|p1|Alomomola, M|
|poke|p1|Corviknight, F|
|poke|p1|Weezing-Galar, M|
|poke|p1|Ogerpon, F|
|poke|p2|Pelipper, M|
|poke|p2|Raging Bolt|
|poke|p2|Overqwil, M|
|poke|p2|Barraskewda, M|
|poke|p2|Iron Treads|
|poke|p2|Kingambit, M|
|teampreview
|inactive|Battle timer is ON: inactive players will automatically lose when time's up. (requested by itztrip)
|
|t:|1779887241
|teamsize|p1|6
|teamsize|p2|6
|start
|switch|p1a: Darkrai|Darkrai|100/100
|switch|p2a: man|Iron Treads|100/100
|-enditem|p2a: man|Booster Energy
|-activate|p2a: man|ability: Quark Drive|[fromitem]
|-start|p2a: man|quarkdrivespe
|turn|1
|
|t:|1779887246
|switch|p1a: Alomomola|Alomomola, M|100/100
|move|p2a: man|Stealth Rock|p1a: Alomomola
|-sidestart|p1: itztrip|move: Stealth Rock
|
|upkeep
|turn|2
|
|t:|1779887250
|-end|p2a: man|Quark Drive|[silent]
|switch|p2a: cat|Pelipper, M|100/100
|-weather|RainDance|[from] ability: Drizzle|[of] p2a: cat
|move|p1a: Alomomola|Flip Turn|p2a: cat
|-resisted|p2a: cat
|-damage|p2a: cat|91/100
|
|t:|1779887254
|switch|p1a: Darkrai|Darkrai|100/100|[from] Flip Turn
|-damage|p1a: Darkrai|88/100|[from] Stealth Rock
|
|-weather|RainDance|[upkeep]
|upkeep
|turn|3
|
|t:|1779887257
|switch|p2a: man|Iron Treads|100/100
|move|p1a: Darkrai|Dark Pulse|p2a: man
|-damage|p2a: man|13/100
|
|-weather|RainDance|[upkeep]
|upkeep
|turn|4
|
|t:|1779887266
|-end|p2a: man|Quark Drive|[silent]
|switch|p2a: woman|Kingambit, M, shiny|100/100
|move|p1a: Darkrai|Dark Pulse|p2a: woman
|-resisted|p2a: woman
|-crit|p2a: woman
|-damage|p2a: woman|56/100
|
|-weather|RainDance|[upkeep]
|-heal|p2a: woman|62/100|[from] item: Leftovers
|upkeep
|turn|5
|
|t:|1779887270
|switch|p1a: Garchomp|Garchomp, M|100/100
|-damage|p1a: Garchomp|94/100|[from] Stealth Rock
|move|p2a: woman|Swords Dance|p2a: woman
|-boost|p2a: woman|atk|2
|
|-weather|RainDance|[upkeep]
|-heal|p2a: woman|68/100|[from] item: Leftovers
|upkeep
|turn|6
|
|t:|1779887273
|-end|p2a: woman|fallenundefined|[silent]
|switch|p2a: cat|Pelipper, M|91/100
|move|p1a: Garchomp|Spikes|p2a: cat
|-sidestart|p2: Yullei|Spikes
|
|-weather|RainDance|[upkeep]
|upkeep
|turn|7
|
|t:|1779887274
|move|p1a: Garchomp|Stealth Rock|p2a: cat
|-sidestart|p2: Yullei|move: Stealth Rock
|move|p2a: cat|U-turn|p1a: Garchomp
|-damage|p1a: Garchomp|88/100
|-damage|p2a: cat|78/100|[from] ability: Rough Skin|[of] p1a: Garchomp
|-damage|p2a: cat|62/100|[from] item: Rocky Helmet|[of] p1a: Garchomp
|
|t:|1779887279
|switch|p2a: e e|Barraskewda, M|100/100|[from] U-turn
|-damage|p2a: e e|88/100|[from] Spikes
|-damage|p2a: e e|75/100|[from] Stealth Rock
|
|-weather|RainDance|[upkeep]
|upkeep
|turn|8
|
|t:|1779887282
|switch|p1a: Alomomola|Alomomola, M|100/100
|-damage|p1a: Alomomola|88/100|[from] Stealth Rock
|move|p2a: e e|Liquidation|p1a: Alomomola
|-resisted|p1a: Alomomola
|-damage|p1a: Alomomola|48/100
|
|-weather|RainDance|[upkeep]
|upkeep
|turn|9
|
|t:|1779887289
|-terastallize|p2a: e e|Water
|move|p2a: e e|Liquidation|p1a: Alomomola
|-resisted|p1a: Alomomola
|-damage|p1a: Alomomola|0 fnt
|faint|p1a: Alomomola
|
|-weather|none
|upkeep
|
|t:|1779887294
|switch|p1a: Darkrai|Darkrai|88/100
|-damage|p1a: Darkrai|76/100|[from] Stealth Rock
|turn|10
|
|t:|1779887302
|switch|p2a: woman|Kingambit, M, shiny|68/100
|-damage|p2a: woman|56/100|[from] Spikes
|-damage|p2a: woman|49/100|[from] Stealth Rock
|move|p1a: Darkrai|Dark Pulse|p2a: woman
|-resisted|p2a: woman
|-damage|p2a: woman|16/100
|
|-heal|p2a: woman|23/100|[from] item: Leftovers
|upkeep
|turn|11
|
|t:|1779887307
|move|p2a: woman|Sucker Punch|p1a: Darkrai
|-resisted|p1a: Darkrai
|-damage|p1a: Darkrai|47/100
|move|p1a: Darkrai|Dark Pulse|p2a: woman
|-resisted|p2a: woman
|-damage|p2a: woman|0 fnt
|faint|p2a: woman
|-end|p2a: woman|fallenundefined|[silent]
|
|upkeep
|
|t:|1779887308
|switch|p2a: cat|Pelipper, M|62/100
|-damage|p2a: cat|37/100|[from] Stealth Rock
|-weather|RainDance|[from] ability: Drizzle|[of] p2a: cat
|turn|12
|
|t:|1779887310
|switch|p2a: dog|Overqwil, M|100/100
|-damage|p2a: dog|88/100|[from] Spikes
|-damage|p2a: dog|76/100|[from] Stealth Rock
|move|p1a: Darkrai|Dark Pulse|p2a: dog
|-resisted|p2a: dog
|-damage|p2a: dog|27/100
|
|-weather|RainDance|[upkeep]
|upkeep
|turn|13
|
|t:|1779887314
|switch|p1a: Garchomp|Garchomp, M|88/100
|-damage|p1a: Garchomp|82/100|[from] Stealth Rock
|move|p2a: dog|Crunch|p1a: Garchomp
|-damage|p1a: Garchomp|45/100
|-damage|p2a: dog|15/100|[from] ability: Rough Skin|[of] p1a: Garchomp
|-damage|p2a: dog|0 fnt|[from] item: Rocky Helmet|[of] p1a: Garchomp
|faint|p2a: dog
|
|-weather|RainDance|[upkeep]
|upkeep
|
|t:|1779887323
|switch|p2a: e e|Barraskewda, M, tera:Water|75/100
|-damage|p2a: e e|63/100|[from] Spikes
|-damage|p2a: e e|50/100|[from] Stealth Rock
|turn|14
|
|t:|1779887325
|move|p2a: e e|Liquidation|p1a: Garchomp
|-damage|p1a: Garchomp|0 fnt
|-damage|p2a: e e|38/100|[from] ability: Rough Skin|[of] p1a: Garchomp
|-damage|p2a: e e|21/100|[from] item: Rocky Helmet|[of] p1a: Garchomp
|faint|p1a: Garchomp
|
|-weather|RainDance|[upkeep]
|upkeep
|
|t:|1779887331
|switch|p1a: Corviknight|Corviknight, F|100/100
|-ability|p1a: Corviknight|Pressure
|turn|15
|
|t:|1779887333
|move|p2a: e e|Liquidation|p1a: Corviknight
|-damage|p1a: Corviknight|0 fnt
|faint|p1a: Corviknight
|
|-weather|RainDance|[upkeep]
|upkeep
|
|t:|1779887339
|switch|p1a: Weezing|Weezing-Galar, M|100/100
|-ability|p1a: Weezing|Neutralizing Gas
|turn|16
|
|t:|1779887343
|move|p2a: e e|Liquidation|p1a: Weezing
|-damage|p1a: Weezing|10/100
|move|p1a: Weezing|Will-O-Wisp|p2a: e e|[miss]
|-miss|p1a: Weezing|p2a: e e
|
|-weather|RainDance|[upkeep]
|upkeep
|turn|17
|
|t:|1779887346
|move|p2a: e e|Liquidation|p1a: Weezing
|-damage|p1a: Weezing|0 fnt
|faint|p1a: Weezing
|-end|p1a: Weezing|ability: Neutralizing Gas
|
|-weather|RainDance|[upkeep]
|upkeep
|
|t:|1779887349
|switch|p1a: Ogerpon|Ogerpon, F|100/100
|-damage|p1a: Ogerpon|88/100|[from] Stealth Rock
|turn|18
|
|t:|1779887352
|-terastallize|p1a: Ogerpon|Grass
|detailschange|p1a: Ogerpon|Ogerpon-Teal-Tera, F, tera:Grass
|-ability|p1a: Ogerpon|Embody Aspect (Teal)|boost
|-boost|p1a: Ogerpon|spe|1
|move|p2a: e e|Liquidation|p1a: Ogerpon
|-resisted|p1a: Ogerpon
|-damage|p1a: Ogerpon|0 fnt
|faint|p1a: Ogerpon
|detailschange|p1: Ogerpon|Ogerpon, F|[silent]
|
|-weather|RainDance|[upkeep]
|upkeep
|
|t:|1779887353
|switch|p1a: Darkrai|Darkrai|47/100
|-damage|p1a: Darkrai|34/100|[from] Stealth Rock
|turn|19
|
|t:|1779887354
|move|p2a: e e|Liquidation|p1a: Darkrai
|-damage|p1a: Darkrai|0 fnt
|faint|p1a: Darkrai
|
|win|Yullei
|raw|itztrip's rating: 1624 &rarr; <strong>1600</strong><br />(-24 for losing)
|raw|Yullei's rating: 1549 &rarr; <strong>1573</strong><br />(+24 for winning)
|l|☆itztrip
|player|p1|
|l|☆Yullei
|player|p2|
