|badge|p2|bronze|gen9ru|100-9
|uhtml|medal-msg|<div class="broadcast-blue">Curious what those medals under the avatar are? PS now has Ladder Seasons! For more information, check out the <a href="https://www.smogon.com/forums/threads/3740067/">thread on Smogon.</a></div>
|j|☆acadaver
|j|☆rentschler
|t:|1779971104
|gametype|singles
|player|p1|acadaver|170|1432
|player|p2|rentschler|flint|1420
|gen|9
|tier|[Gen 9] OU
|rated|
|rule|HP Percentage Mod: HP is shown in percentages
|rule|Endless Battle Clause: Forcing endless battles is banned
|rule|Species Clause: Limit one of each Pokémon
|rule|OHKO Clause: OHKO moves are banned
|rule|Evasion Items Clause: Evasion items are banned
|rule|Evasion Moves Clause: Evasion moves are banned
|rule|Evasion Abilities Clause: Evasion abilities are banned
|rule|Sleep Moves Clause: Sleep-inducing moves are banned
|clearpoke
|poke|p1|Conkeldurr, M|
|poke|p1|Alomomola, M|
|poke|p1|Kingambit, F|
|poke|p1|Rillaboom, F|
|poke|p1|Dragapult, F|
|poke|p1|Iron Treads|
|poke|p2|Pelipper, M|
|poke|p2|Ogerpon, F|
|poke|p2|Barraskewda, M|
|poke|p2|Regieleki|
|poke|p2|Beartic, M|
|poke|p2|Dragonite, M|
|teampreview
|inactive|Battle timer is ON: inactive players will automatically lose when time's up. (requested by rentschler)
|
|t:|1779971119
|teamsize|p1|6
|teamsize|p2|6
|start
|switch|p1a: Alomomola|Alomomola, M|100/100
|switch|p2a: Pelipper|Pelipper, M|100/100
|-weather|RainDance|[from] ability: Drizzle|[of] p2a: Pelipper
|turn|1
|
|t:|1779971125
|switch|p2a: Regieleki|Regieleki|100/100
|-item|p2a: Regieleki|Air Balloon
|move|p1a: Alomomola|Protect||[still]
|-fail|p1a: Alomomola
|
|-weather|RainDance|[upkeep]
|upkeep
|turn|2
|
|t:|1779971133
|switch|p2a: Barraskewda|Barraskewda, M|100/100
|move|p1a: Alomomola|Protect||[still]
|-fail|p1a: Alomomola
|
|-weather|RainDance|[upkeep]
|upkeep
|turn|3
|
|t:|1779971142
|-terastallize|p2a: Barraskewda|Water
|move|p1a: Alomomola|Protect|p1a: Alomomola
|-singleturn|p1a: Alomomola|Protect
|move|p2a: Barraskewda|Liquidation|p1a: Alomomola
|-activate|p1a: Alomomola|move: Protect
|
|-weather|RainDance|[upkeep]
|upkeep
|turn|4
|
|t:|1779971150
|move|p2a: Barraskewda|Liquidation|p1a: Alomomola
|-resisted|p1a: Alomomola
|-damage|p1a: Alomomola|62/100
|move|p1a: Alomomola|Flip Turn|p2a: Barraskewda
|-resisted|p2a: Barraskewda
|-damage|p2a: Barraskewda|76/100
|
|t:|1779971160
|switch|p1a: King Conk|Conkeldurr, M|100/100|[from] Flip Turn
|
|-weather|RainDance|[upkeep]
|-status|p1a: King Conk|brn|[from] item: Flame Orb
|upkeep
|turn|5
|
|t:|1779971166
|switch|p2a: Pelipper|Pelipper, M|100/100
|switch|p1a: Alomomola|Alomomola, M|95/100
|
|-weather|RainDance|[upkeep]
|upkeep
|turn|6
|
|t:|1779971172
|move|p2a: Pelipper|Hurricane|p1a: Alomomola
|-damage|p1a: Alomomola|52/100
|move|p1a: Alomomola|Flip Turn|p2a: Pelipper
|-resisted|p2a: Pelipper
|-damage|p2a: Pelipper|88/100
|
|t:|1779971179
|switch|p1a: Dragapult|Dragapult, F|100/100|[from] Flip Turn
|
|-weather|RainDance|[upkeep]
|upkeep
|turn|7
|
|t:|1779971182
|move|p1a: Dragapult|Shadow Ball|p2a: Pelipper
|-damage|p2a: Pelipper|14/100
|move|p2a: Pelipper|Ice Beam|p1a: Dragapult
|-supereffective|p1a: Dragapult
|-damage|p1a: Dragapult|23/100
|
|-weather|RainDance|[upkeep]
|upkeep
|turn|8
|
|t:|1779971191
|switch|p2a: Regieleki|Regieleki|100/100
|-item|p2a: Regieleki|Air Balloon
|move|p1a: Dragapult|Shadow Ball|p2a: Regieleki
|-damage|p2a: Regieleki|4/100
|-enditem|p2a: Regieleki|Air Balloon
|
|-weather|none
|upkeep
|turn|9
|
|t:|1779971199
|switch|p1a: Iron Treads|Iron Treads|100/100
|move|p2a: Regieleki|Volt Switch|p1a: Iron Treads
|-immune|p1a: Iron Treads
|
|upkeep
|turn|10
|
|t:|1779971205
|move|p2a: Regieleki|Rain Dance|p2a: Regieleki
|-weather|RainDance
|move|p1a: Iron Treads|Stealth Rock|p2a: Regieleki
|-sidestart|p2: rentschler|move: Stealth Rock
|
|-weather|RainDance|[upkeep]
|upkeep
|turn|11
|
|t:|1779971210
|move|p2a: Regieleki|Rapid Spin|p1a: Iron Treads
|-resisted|p1a: Iron Treads
|-damage|p1a: Iron Treads|96/100
|-boost|p2a: Regieleki|spe|1
|-sideend|p2: rentschler|Stealth Rock|[from] move: Rapid Spin|[of] p2a: Regieleki
|move|p1a: Iron Treads|Stealth Rock|p2a: Regieleki
|-sidestart|p2: rentschler|move: Stealth Rock
|
|-weather|RainDance|[upkeep]
|-heal|p1a: Iron Treads|100/100|[from] item: Leftovers
|upkeep
|turn|12
|
|t:|1779971217
|move|p2a: Regieleki|Rapid Spin|p1a: Iron Treads
|-resisted|p1a: Iron Treads
|-damage|p1a: Iron Treads|96/100
|-boost|p2a: Regieleki|spe|1
|-sideend|p2: rentschler|Stealth Rock|[from] move: Rapid Spin|[of] p2a: Regieleki
|move|p1a: Iron Treads|Stealth Rock|p2a: Regieleki
|-sidestart|p2: rentschler|move: Stealth Rock
|
|-weather|RainDance|[upkeep]
|-heal|p1a: Iron Treads|100/100|[from] item: Leftovers
|upkeep
|turn|13
|
|t:|1779971226
|move|p2a: Regieleki|Rapid Spin|p1a: Iron Treads
|-resisted|p1a: Iron Treads
|-damage|p1a: Iron Treads|96/100
|-boost|p2a: Regieleki|spe|1
|-sideend|p2: rentschler|Stealth Rock|[from] move: Rapid Spin|[of] p2a: Regieleki
|move|p1a: Iron Treads|Stealth Rock|p2a: Regieleki
|-sidestart|p2: rentschler|move: Stealth Rock
|
|-weather|RainDance|[upkeep]
|-heal|p1a: Iron Treads|100/100|[from] item: Leftovers
|upkeep
|turn|14
|
|t:|1779971236
|move|p2a: Regieleki|Rapid Spin|p1a: Iron Treads
|-resisted|p1a: Iron Treads
|-damage|p1a: Iron Treads|96/100
|-boost|p2a: Regieleki|spe|1
|-sideend|p2: rentschler|Stealth Rock|[from] move: Rapid Spin|[of] p2a: Regieleki
|move|p1a: Iron Treads|Rapid Spin|p2a: Regieleki
|-damage|p2a: Regieleki|0 fnt
|-boost|p1a: Iron Treads|spe|1
|faint|p2a: Regieleki
|
|-weather|none
|-heal|p1a: Iron Treads|100/100|[from] item: Leftovers
|upkeep
|
|t:|1779971248
|switch|p2a: Pelipper|Pelipper, M|14/100
|-weather|RainDance|[from] ability: Drizzle|[of] p2a: Pelipper
|turn|15
|
|t:|1779971257
|move|p1a: Iron Treads|Stealth Rock|p2a: Pelipper
|-sidestart|p2: rentschler|move: Stealth Rock
|move|p2a: Pelipper|Weather Ball|p1a: Iron Treads
|-supereffective|p1a: Iron Treads
|-damage|p1a: Iron Treads|0 fnt
|faint|p1a: Iron Treads
|-end|p1a: Iron Treads|Quark Drive|[silent]
|
|-weather|RainDance|[upkeep]
|upkeep
|
|t:|1779971263
|switch|p1a: Dragapult|Dragapult, F|23/100
|turn|16
|
|t:|1779971266
|move|p1a: Dragapult|Shadow Ball|p2a: Pelipper
|-damage|p2a: Pelipper|0 fnt
|faint|p2a: Pelipper
|
|-weather|RainDance|[upkeep]
|upkeep
|
|t:|1779971271
|switch|p2a: Barraskewda|Barraskewda, M, tera:Water|76/100
|-damage|p2a: Barraskewda|64/100|[from] Stealth Rock
|turn|17
|
|t:|1779971275
|switch|p1a: Alomomola|Alomomola, M|85/100
|move|p2a: Barraskewda|Liquidation|p1a: Alomomola
|-resisted|p1a: Alomomola
|-damage|p1a: Alomomola|42/100
|
|-weather|RainDance|[upkeep]
|upkeep
|turn|18
|
|t:|1779971283
|move|p1a: Alomomola|Protect|p1a: Alomomola
|-singleturn|p1a: Alomomola|Protect
|move|p2a: Barraskewda|Liquidation|p1a: Alomomola
|-activate|p1a: Alomomola|move: Protect
|
|-weather|RainDance|[upkeep]
|upkeep
|turn|19
|
|t:|1779971292
|move|p2a: Barraskewda|Liquidation|p1a: Alomomola
|-resisted|p1a: Alomomola
|-damage|p1a: Alomomola|0 fnt
|faint|p1a: Alomomola
|
|-weather|RainDance|[upkeep]
|upkeep
|
|t:|1779971295
|switch|p1a: Rillaboom|Rillaboom, F|100/100
|-fieldstart|move: Grassy Terrain|[from] ability: Grassy Surge|[of] p1a: Rillaboom
|turn|20
|
|t:|1779971302
|switch|p2a: Ogerpon|Ogerpon, F|100/100
|-damage|p2a: Ogerpon|88/100|[from] Stealth Rock
|move|p1a: Rillaboom|U-turn|p2a: Ogerpon
|-supereffective|p2a: Ogerpon
|-damage|p2a: Ogerpon|0 fnt
|faint|p2a: Ogerpon
|
|t:|1779971310
|switch|p1a: King Conk|Conkeldurr, M|100/100 brn|[from] U-turn
|
|-weather|RainDance|[upkeep]
|-damage|p1a: King Conk|94/100 brn|[from] brn
|upkeep
|
|t:|1779971316
|switch|p2a: Dragonite|Dragonite, M|100/100
|-damage|p2a: Dragonite|76/100|[from] Stealth Rock
|turn|21
|
|t:|1779971321
|switch|p1a: Kingambit|Kingambit, F|100/100
|-activate|p1a: Kingambit|ability: Supreme Overlord
|-start|p1a: Kingambit|fallen2|[silent]
|move|p2a: Dragonite|Dragon Dance|p2a: Dragonite
|-boost|p2a: Dragonite|atk|1
|-boost|p2a: Dragonite|spe|1
|
|-weather|RainDance|[upkeep]
|upkeep
|turn|22
|
|t:|1779971328
|move|p2a: Dragonite|Earthquake|p1a: Kingambit
|-supereffective|p1a: Kingambit
|-damage|p1a: Kingambit|58/100
|move|p1a: Kingambit|Kowtow Cleave|p2a: Dragonite
|-damage|p2a: Dragonite|16/100
|
|-weather|none
|-heal|p1a: Kingambit|64/100|[from] Grassy Terrain
|-heal|p1a: Kingambit|70/100|[from] item: Leftovers
|upkeep
|turn|23
|
|t:|1779971337
|move|p2a: Dragonite|Dragon Dance|p2a: Dragonite
|-boost|p2a: Dragonite|atk|1
|-boost|p2a: Dragonite|spe|1
|move|p1a: Kingambit|Kowtow Cleave|p2a: Dragonite
|-damage|p2a: Dragonite|0 fnt
|faint|p2a: Dragonite
|
|-heal|p1a: Kingambit|76/100|[from] Grassy Terrain
|-heal|p1a: Kingambit|82/100|[from] item: Leftovers
|upkeep
|-message|rentschler forfeited.
|
|win|acadaver
|raw|acadaver's rating: 1432 &rarr; <strong>1451</strong><br />(+19 for winning)
|raw|rentschler's rating: 1420 &rarr; <strong>1401</strong><br />(-19 for losing)
|l|☆rentschler
|player|p2|
|l|☆acadaver
|player|p1|
