|j|☆uyiree
|j|☆info_cntrl
|t:|1779959319
|gametype|singles
|player|p1|uyiree|170|1130
|player|p2|info_cntrl|hugh|1153
|gen|9
|tier|[Gen 9] OU
|rated|
|rule|HP Percentage Mod: HP is shown in percentages
|rule|Endless Battle Clause: Forcing endless battles is banned
|rule|Species Clause: Limit one of each Pokémon
|rule|OHKO Clause: OHKO moves are banned
|rule|Evasion Items Clause: Evasion items are banned
|rule|Evasion Moves Clause: Evasion moves are banned
|rule|Evasion Abilities Clause: Evasion abilities are banned
|rule|Sleep Moves Clause: Sleep-inducing moves are banned
|clearpoke
|poke|p1|Deoxys-Speed|
|poke|p1|Skeledirge, M|
|poke|p1|Alomomola, M|
|poke|p1|Great Tusk|
|poke|p1|Corviknight, M|
|poke|p1|Ogerpon, F|
|poke|p2|Gliscor, M|
|poke|p2|Thundurus, M|
|poke|p2|Hatterene, F|
|poke|p2|Kommo-o, F|
|poke|p2|Toxapex, M|
|poke|p2|Ambipom, M|
|teampreview
|inactive|Battle timer is ON: inactive players will automatically lose when time's up. (requested by uyiree)
|
|t:|1779959327
|teamsize|p1|6
|teamsize|p2|6
|start
|switch|p1a: Great Tusk|Great Tusk, shiny|100/100
|switch|p2a: Adieu|Hatterene, F|100/100
|turn|1
|
|t:|1779959336
|-end|p1a: Great Tusk|Protosynthesis|[silent]
|switch|p1a: Corviknight|Corviknight, M, shiny|100/100
|move|p2a: Adieu|Reflect|p2a: Adieu
|-sidestart|p2: info_cntrl|Reflect
|
|upkeep
|turn|2
|
|t:|1779959342
|move|p1a: Corviknight|Brave Bird|p2a: Adieu
|-damage|p2a: Adieu|78/100
|-damage|p1a: Corviknight|94/100|[from] Recoil
|move|p2a: Adieu|Light Screen|p2a: Adieu
|-sidestart|p2: info_cntrl|move: Light Screen
|
|upkeep
|turn|3
|
|t:|1779959356
|move|p1a: Corviknight|Defog|p2a: Adieu
|move|p2a: Adieu|Defog||[from] ability: Magic Bounce|[still]
|-ability|p1a: Corviknight|Mirror Armor
|-unboost|p2a: Adieu|evasion|1
|-fail|p2a: Adieu
|move|p2a: Adieu|Draining Kiss|p1a: Corviknight
|-resisted|p1a: Corviknight
|-damage|p1a: Corviknight|83/100
|-heal|p2a: Adieu|89/100|[from] drain|[of] p1a: Corviknight
|-damage|p2a: Adieu|72/100|[from] item: Rocky Helmet|[of] p1a: Corviknight
|
|upkeep
|turn|4
|inactive|uyiree has 120 seconds left.
|
|t:|1779959390
|move|p1a: Corviknight|Brave Bird|p2a: Adieu
|-damage|p2a: Adieu|49/100
|-damage|p1a: Corviknight|77/100|[from] Recoil
|move|p2a: Adieu|Draining Kiss|p1a: Corviknight
|-resisted|p1a: Corviknight
|-damage|p1a: Corviknight|65/100
|-heal|p2a: Adieu|61/100|[from] drain|[of] p1a: Corviknight
|-damage|p2a: Adieu|44/100|[from] item: Rocky Helmet|[of] p1a: Corviknight
|
|upkeep
|turn|5
|inactive|uyiree has 120 seconds left.
|
|t:|1779959402
|move|p1a: Corviknight|Brave Bird|p2a: Adieu
|-damage|p2a: Adieu|25/100
|-damage|p1a: Corviknight|60/100|[from] Recoil
|move|p2a: Adieu|Pain Split|p1a: Corviknight
|-sethp|p1a: Corviknight|40/100|[from] move: Pain Split|[silent]
|-sethp|p2a: Adieu|50/100|[from] move: Pain Split
|
|upkeep
|turn|6
|inactive|uyiree has 120 seconds left.
|
|t:|1779959414
|move|p1a: Corviknight|Brave Bird|p2a: Adieu
|-damage|p2a: Adieu|28/100
|-damage|p1a: Corviknight|34/100|[from] Recoil
|move|p2a: Adieu|Draining Kiss|p1a: Corviknight
|-resisted|p1a: Corviknight
|-damage|p1a: Corviknight|22/100
|-heal|p2a: Adieu|39/100|[from] drain|[of] p1a: Corviknight
|-damage|p2a: Adieu|23/100|[from] item: Rocky Helmet|[of] p1a: Corviknight
|
|upkeep
|turn|7
|inactive|uyiree has 120 seconds left.
|
|t:|1779959426
|move|p1a: Corviknight|Brave Bird|p2a: Adieu
|-damage|p2a: Adieu|3/100
|-damage|p1a: Corviknight|17/100|[from] Recoil
|move|p2a: Adieu|Pain Split|p1a: Corviknight
|-sethp|p1a: Corviknight|10/100|[from] move: Pain Split|[silent]
|-sethp|p2a: Adieu|12/100|[from] move: Pain Split
|
|upkeep
|turn|8
|
|t:|1779959435
|move|p1a: Corviknight|Roost|p1a: Corviknight
|-heal|p1a: Corviknight|60/100
|-singleturn|p1a: Corviknight|move: Roost
|move|p2a: Adieu|Pain Split|p1a: Corviknight
|-sethp|p1a: Corviknight|35/100|[from] move: Pain Split|[silent]
|-sethp|p2a: Adieu|44/100|[from] move: Pain Split
|
|-sideend|p2: info_cntrl|Reflect
|upkeep
|turn|9
|
|t:|1779959445
|switch|p2a: Dante|Thundurus, M|100/100
|move|p1a: Corviknight|Brave Bird|p2a: Dante
|-resisted|p2a: Dante
|-damage|p2a: Dante|72/100
|-damage|p1a: Corviknight|28/100|[from] Recoil
|
|-sideend|p2: info_cntrl|move: Light Screen
|upkeep
|turn|10
|
|t:|1779959454
|switch|p1a: Great Tusk|Great Tusk, shiny|100/100
|move|p2a: Dante|Volt Switch|p1a: Great Tusk
|-immune|p1a: Great Tusk
|
|upkeep
|turn|11
|
|t:|1779959462
|move|p2a: Dante|Taunt|p1a: Great Tusk
|-start|p1a: Great Tusk|move: Taunt
|cant|p1a: Great Tusk|move: Taunt|Stealth Rock
|
|upkeep
|turn|12
|
|t:|1779959469
|switch|p2a: Settle|Gliscor, M|100/100
|move|p1a: Great Tusk|Ice Spinner|p2a: Settle
|-supereffective|p2a: Settle
|-crit|p2a: Settle
|-damage|p2a: Settle|0 fnt
|faint|p2a: Settle
|
|upkeep
|
|t:|1779959477
|switch|p2a: Charlie Kwerk|Ambipom, M|100/100
|turn|13
|
|t:|1779959481
|-end|p1a: Great Tusk|Protosynthesis|[silent]
|switch|p1a: Corviknight|Corviknight, M, shiny|28/100
|move|p2a: Charlie Kwerk|Triple Axel|p1a: Corviknight|[miss]
|-miss|p2a: Charlie Kwerk|p1a: Corviknight
|
|upkeep
|turn|14
|
|t:|1779959493
|switch|p2a: Florida Keys|Kommo-o, F|100/100
|move|p1a: Corviknight|Roost|p1a: Corviknight
|-heal|p1a: Corviknight|78/100
|-singleturn|p1a: Corviknight|move: Roost
|
|upkeep
|turn|15
|
|t:|1779959502
|-terastallize|p2a: Florida Keys|Steel
|move|p2a: Florida Keys|Clangorous Soul|p2a: Florida Keys
|-boost|p2a: Florida Keys|atk|1
|-boost|p2a: Florida Keys|def|1
|-boost|p2a: Florida Keys|spa|1
|-boost|p2a: Florida Keys|spd|1
|-boost|p2a: Florida Keys|spe|1
|-damage|p2a: Florida Keys|68/100
|-enditem|p2a: Florida Keys|Throat Spray
|-boost|p2a: Florida Keys|spa|1|[from] item: Throat Spray
|move|p1a: Corviknight|Brave Bird|p2a: Florida Keys
|-resisted|p2a: Florida Keys
|-damage|p2a: Florida Keys|55/100
|-damage|p1a: Corviknight|75/100|[from] Recoil
|
|upkeep
|turn|16
|
|t:|1779959517
|switch|p1a: Croc|Skeledirge, M, shiny|100/100
|move|p2a: Florida Keys|Vacuum Wave|p1a: Croc
|-immune|p1a: Croc
|
|upkeep
|turn|17
|
|t:|1779959530
|move|p2a: Florida Keys|Clanging Scales|p1a: Croc
|-damage|p1a: Croc|49/100
|-unboost|p2a: Florida Keys|def|1
|move|p1a: Croc|Torch Song|p2a: Florida Keys
|-supereffective|p2a: Florida Keys
|-damage|p2a: Florida Keys|0 fnt
|-boost|p1a: Croc|spa|1
|faint|p2a: Florida Keys
|
|upkeep
|-message|info_cntrl forfeited.
|
|win|uyiree
|raw|uyiree's rating: 1130 &rarr; <strong>1157</strong><br />(+27 for winning)
|raw|info_cntrl's rating: 1153 &rarr; <strong>1126</strong><br />(-27 for losing)
|l|☆info_cntrl
|player|p2|
|l|☆uyiree
|player|p1|
