|j|☆HugsSC
|j|☆TheDudeski
|t:|1779913621
|gametype|singles
|player|p1|HugsSC|alder|1205
|player|p2|TheDudeski|clown|1198
|gen|9
|tier|[Gen 9] OU
|rated|
|rule|HP Percentage Mod: HP is shown in percentages
|rule|Endless Battle Clause: Forcing endless battles is banned
|rule|Species Clause: Limit one of each Pokémon
|rule|OHKO Clause: OHKO moves are banned
|rule|Evasion Items Clause: Evasion items are banned
|rule|Evasion Moves Clause: Evasion moves are banned
|rule|Evasion Abilities Clause: Evasion abilities are banned
|rule|Sleep Moves Clause: Sleep-inducing moves are banned
|clearpoke
|poke|p1|Wo-Chien|
|poke|p1|Landorus-Therian, M|
|poke|p1|Heatran, F|
|poke|p1|Alomomola, F|
|poke|p1|Mimikyu, F|
|poke|p1|Corviknight, F|
|poke|p2|Basculegion, M|
|poke|p2|Hydrapple, M|
|poke|p2|Espeon, M|
|poke|p2|Garchomp, F|
|poke|p2|Lokix, M|
|poke|p2|Iron Valiant|
|teampreview
|inactive|Battle timer is ON: inactive players will automatically lose when time's up. (requested by HugsSC)
|
|t:|1779913638
|teamsize|p1|6
|teamsize|p2|6
|start
|switch|p1a: King of Miami|Heatran, F|100/100
|switch|p2a: Iron Valiant|Iron Valiant|100/100
|-item|p1a: King of Miami|Air Balloon
|-enditem|p2a: Iron Valiant|Booster Energy
|-activate|p2a: Iron Valiant|ability: Quark Drive|[fromitem]
|-start|p2a: Iron Valiant|quarkdrivespe
|turn|1
|
|t:|1779913650
|-terastallize|p1a: King of Miami|Grass
|move|p2a: Iron Valiant|Close Combat|p1a: King of Miami
|-damage|p1a: King of Miami|36/100
|-unboost|p2a: Iron Valiant|def|1
|-unboost|p2a: Iron Valiant|spd|1
|-enditem|p1a: King of Miami|Air Balloon
|move|p1a: King of Miami|Overheat|p2a: Iron Valiant
|-damage|p2a: Iron Valiant|0 fnt
|-unboost|p1a: King of Miami|spa|2
|faint|p2a: Iron Valiant
|-end|p2a: Iron Valiant|Quark Drive|[silent]
|
|upkeep
|
|t:|1779913664
|switch|p2a: Garchomp|Garchomp, F|100/100
|turn|2
|
|t:|1779913668
|move|p2a: Garchomp|Scale Shot|p1a: King of Miami
|-damage|p1a: King of Miami|23/100
|-damage|p1a: King of Miami|10/100
|-damage|p1a: King of Miami|0 fnt
|faint|p1a: King of Miami
|-hitcount|p1: King of Miami|3
|-unboost|p2a: Garchomp|def|1
|-boost|p2a: Garchomp|spe|1
|
|upkeep
|
|t:|1779913687
|switch|p1a: Wormtongue|Mimikyu, F|100/100
|turn|3
|
|t:|1779913702
|move|p2a: Garchomp|Iron Head|p1a: Wormtongue
|-activate|p1a: Wormtongue|ability: Disguise
|-damage|p1a: Wormtongue|100/100
|detailschange|p1a: Wormtongue|Mimikyu-Busted, F
|-damage|p1a: Wormtongue|88/100|[from] pokemon: Mimikyu-Busted
|-enditem|p1a: Wormtongue|Red Card|[of] p2a: Garchomp
|drag|p2a: Espeon|Espeon, M|100/100
|move|p1a: Wormtongue|Swords Dance|p1a: Wormtongue
|-boost|p1a: Wormtongue|atk|2
|
|upkeep
|turn|4
|
|t:|1779913714
|-terastallize|p2a: Espeon|Fairy
|move|p1a: Wormtongue|Shadow Sneak|p2a: Espeon
|-damage|p2a: Espeon|70/100
|move|p2a: Espeon|Psychic|p1a: Wormtongue
|-damage|p1a: Wormtongue|38/100
|
|-heal|p2a: Espeon|76/100|[from] item: Leftovers
|upkeep
|turn|5
|
|t:|1779913724
|move|p1a: Wormtongue|Shadow Claw|p2a: Espeon
|-damage|p2a: Espeon|23/100
|move|p2a: Espeon|Psychic|p1a: Wormtongue
|-damage|p1a: Wormtongue|0 fnt
|faint|p1a: Wormtongue
|
|-heal|p2a: Espeon|29/100|[from] item: Leftovers
|upkeep
|
|t:|1779913737
|switch|p1a: Larry Bird|Landorus-Therian, M|100/100
|-ability|p1a: Larry Bird|Intimidate|boost
|-unboost|p2a: Espeon|atk|1
|turn|6
|
|t:|1779913742
|switch|p2a: Basculegion|Basculegion, M|100/100
|move|p1a: Larry Bird|Earthquake|p2a: Basculegion
|-damage|p2a: Basculegion|30/100
|
|upkeep
|turn|7
|
|t:|1779913750
|switch|p1a: Alowowowa|Alomomola, F|100/100
|move|p2a: Basculegion|Wave Crash|p1a: Alowowowa
|-resisted|p1a: Alowowowa
|-damage|p1a: Alowowowa|82/100
|-damage|p2a: Basculegion|22/100|[from] Recoil
|
|upkeep
|turn|8
|
|t:|1779913760
|switch|p2a: Hydrapple|Hydrapple, M, shiny|100/100
|move|p1a: Alowowowa|Flip Turn|p2a: Hydrapple
|-resisted|p2a: Hydrapple
|-damage|p2a: Hydrapple|98/100
|
|t:|1779913769
|switch|p1a: B-2 Bomber|Corviknight, F|100/100|[from] Flip Turn
|-ability|p1a: B-2 Bomber|Pressure
|
|upkeep
|turn|9
|
|t:|1779913782
|switch|p2a: Garchomp|Garchomp, F|100/100
|move|p1a: B-2 Bomber|Brave Bird|p2a: Garchomp
|-damage|p2a: Garchomp|69/100
|-damage|p1a: B-2 Bomber|88/100|[from] ability: Rough Skin|[of] p2a: Garchomp
|-damage|p1a: B-2 Bomber|76/100|[from] Recoil
|
|upkeep
|turn|10
|
|t:|1779913801
|switch|p1a: Larry Bird|Landorus-Therian, M|100/100
|-ability|p1a: Larry Bird|Intimidate|boost
|-unboost|p2a: Garchomp|atk|1
|move|p2a: Garchomp|Rock Slide|p1a: Larry Bird|[miss]
|-miss|p2a: Garchomp|p1a: Larry Bird
|
|upkeep
|turn|11
|
|t:|1779913811
|switch|p2a: Espeon|Espeon, M, tera:Fairy|29/100
|move|p1a: Larry Bird|Earthquake|p2a: Espeon
|-damage|p2a: Espeon|0 fnt
|faint|p2a: Espeon
|
|upkeep
|
|t:|1779913820
|switch|p2a: Basculegion|Basculegion, M|22/100
|turn|12
|
|t:|1779913827
|switch|p1a: Alowowowa|Alomomola, F|100/100
|move|p2a: Basculegion|Flip Turn|p1a: Alowowowa
|-resisted|p1a: Alowowowa
|-damage|p1a: Alowowowa|90/100
|
|t:|1779913833
|switch|p2a: Hydrapple|Hydrapple, M, shiny|100/100|[from] Flip Turn
|
|upkeep
|turn|13
|
|t:|1779913841
|move|p1a: Alowowowa|Flip Turn|p2a: Hydrapple
|-resisted|p2a: Hydrapple
|-damage|p2a: Hydrapple|98/100
|
|t:|1779913847
|switch|p1a: B-2 Bomber|Corviknight, F|76/100|[from] Flip Turn
|-ability|p1a: B-2 Bomber|Pressure
|move|p2a: Hydrapple|Nasty Plot|p2a: Hydrapple
|-boost|p2a: Hydrapple|spa|2
|
|upkeep
|turn|14
|
|t:|1779913853
|move|p1a: B-2 Bomber|Brave Bird|p2a: Hydrapple
|-supereffective|p2a: Hydrapple
|-damage|p2a: Hydrapple|41/100
|-damage|p1a: B-2 Bomber|53/100|[from] Recoil
|move|p2a: Hydrapple|Leaf Storm|p1a: B-2 Bomber|[miss]
|-miss|p2a: Hydrapple|p1a: B-2 Bomber
|
|upkeep
|turn|15
|
|t:|1779913864
|switch|p2a: Garchomp|Garchomp, F|69/100
|move|p1a: B-2 Bomber|Roost|p1a: B-2 Bomber
|-heal|p1a: B-2 Bomber|100/100
|-singleturn|p1a: B-2 Bomber|move: Roost
|
|upkeep
|turn|16
|
|t:|1779913878
|move|p2a: Garchomp|Rock Slide|p1a: B-2 Bomber
|-damage|p1a: B-2 Bomber|81/100
|move|p1a: B-2 Bomber|Brave Bird|p2a: Garchomp
|-damage|p2a: Garchomp|35/100
|-damage|p1a: B-2 Bomber|69/100|[from] ability: Rough Skin|[of] p2a: Garchomp
|-damage|p1a: B-2 Bomber|56/100|[from] Recoil
|
|upkeep
|turn|17
|
|t:|1779913887
|move|p2a: Garchomp|Rock Slide|p1a: B-2 Bomber|[miss]
|-miss|p2a: Garchomp|p1a: B-2 Bomber
|move|p1a: B-2 Bomber|Roost|p1a: B-2 Bomber
|-heal|p1a: B-2 Bomber|100/100
|-singleturn|p1a: B-2 Bomber|move: Roost
|
|upkeep
|turn|18
|
|t:|1779913895
|move|p2a: Garchomp|Rock Slide|p1a: B-2 Bomber
|-damage|p1a: B-2 Bomber|82/100
|move|p1a: B-2 Bomber|Brave Bird|p2a: Garchomp
|-damage|p2a: Garchomp|1/100
|-damage|p1a: B-2 Bomber|70/100|[from] ability: Rough Skin|[of] p2a: Garchomp
|-damage|p1a: B-2 Bomber|57/100|[from] Recoil
|
|upkeep
|turn|19
|
|t:|1779913908
|move|p2a: Garchomp|Scale Shot|p1a: B-2 Bomber
|-resisted|p1a: B-2 Bomber
|-damage|p1a: B-2 Bomber|52/100
|-resisted|p1a: B-2 Bomber
|-damage|p1a: B-2 Bomber|46/100
|-resisted|p1a: B-2 Bomber
|-damage|p1a: B-2 Bomber|42/100
|-resisted|p1a: B-2 Bomber
|-damage|p1a: B-2 Bomber|37/100
|-hitcount|p1a: B-2 Bomber|4
|-unboost|p2a: Garchomp|def|1
|-boost|p2a: Garchomp|spe|1
|move|p1a: B-2 Bomber|Roost|p1a: B-2 Bomber
|-heal|p1a: B-2 Bomber|87/100
|-singleturn|p1a: B-2 Bomber|move: Roost
|
|upkeep
|turn|20
|
|t:|1779913922
|move|p2a: Garchomp|Rock Slide|p1a: B-2 Bomber
|-damage|p1a: B-2 Bomber|68/100
|move|p1a: B-2 Bomber|Body Press|p2a: Garchomp
|-damage|p2a: Garchomp|0 fnt
|-damage|p1a: B-2 Bomber|56/100|[from] ability: Rough Skin|[of] p2a: Garchomp
|faint|p2a: Garchomp
|
|upkeep
|
|t:|1779913933
|switch|p2a: Basculegion|Basculegion, M|22/100
|turn|21
|
|t:|1779913938
|switch|p1a: Alowowowa|Alomomola, F|100/100
|move|p2a: Basculegion|Wave Crash|p1a: Alowowowa
|-resisted|p1a: Alowowowa
|-damage|p1a: Alowowowa|81/100
|-damage|p2a: Basculegion|13/100|[from] Recoil
|
|upkeep
|turn|22
|
|t:|1779913946
|switch|p2a: Lokix|Lokix, M|100/100
|move|p1a: Alowowowa|Wish|p1a: Alowowowa
|
|upkeep
|turn|23
|
|t:|1779913952
|move|p2a: Lokix|First Impression|p1a: Alowowowa
|-damage|p1a: Alowowowa|53/100
|-damage|p2a: Lokix|91/100|[from] item: Life Orb
|move|p1a: Alowowowa|Flip Turn|p2a: Lokix
|-damage|p2a: Lokix|68/100
|
|t:|1779913958
|switch|p1a: B-2 Bomber|Corviknight, F|56/100|[from] Flip Turn
|-ability|p1a: B-2 Bomber|Pressure
|
|-heal|p1a: B-2 Bomber|100/100|[from] move: Wish|[wisher] Alowowowa
|upkeep
|turn|24
|
|t:|1779913967
|move|p2a: Lokix|Axe Kick|p1a: B-2 Bomber
|-crit|p1a: B-2 Bomber
|-damage|p1a: B-2 Bomber|55/100
|-damage|p2a: Lokix|58/100|[from] item: Life Orb
|move|p1a: B-2 Bomber|Brave Bird|p2a: Lokix
|-supereffective|p2a: Lokix
|-damage|p2a: Lokix|0 fnt
|faint|p2a: Lokix
|-damage|p1a: B-2 Bomber|39/100|[from] Recoil
|
|upkeep
|
|t:|1779913978
|switch|p2a: Basculegion|Basculegion, M|13/100
|turn|25
|
|t:|1779913982
|switch|p1a: Alowowowa|Alomomola, F|86/100
|move|p2a: Basculegion|Psychic Fangs|p1a: Alowowowa
|-damage|p1a: Alowowowa|73/100
|
|upkeep
|turn|26
|
|t:|1779913990
|move|p2a: Basculegion|Psychic Fangs|p1a: Alowowowa
|-damage|p1a: Alowowowa|59/100
|move|p1a: Alowowowa|Wish|p1a: Alowowowa
|
|upkeep
|turn|27
|
|t:|1779913995
|move|p2a: Basculegion|Psychic Fangs|p1a: Alowowowa
|-damage|p1a: Alowowowa|45/100
|move|p1a: Alowowowa|Flip Turn|p2a: Basculegion
|-resisted|p2a: Basculegion
|-damage|p2a: Basculegion|4/100
|
|t:|1779913997
|switch|p1a: B-2 Bomber|Corviknight, F|39/100|[from] Flip Turn
|-ability|p1a: B-2 Bomber|Pressure
|
|-heal|p1a: B-2 Bomber|100/100|[from] move: Wish|[wisher] Alowowowa
|upkeep
|turn|28
|
|t:|1779914009
|switch|p2a: Hydrapple|Hydrapple, M, shiny|74/100
|switch|p1a: Alowowowa|Alomomola, F|79/100
|
|upkeep
|turn|29
|
|t:|1779914016
|move|p1a: Alowowowa|Flip Turn|p2a: Hydrapple
|-resisted|p2a: Hydrapple
|-damage|p2a: Hydrapple|71/100
|
|t:|1779914020
|switch|p1a: B-2 Bomber|Corviknight, F|100/100|[from] Flip Turn
|-ability|p1a: B-2 Bomber|Pressure
|move|p2a: Hydrapple|Leaf Storm|p1a: B-2 Bomber
|-resisted|p1a: B-2 Bomber
|-damage|p1a: B-2 Bomber|80/100
|-unboost|p2a: Hydrapple|spa|2
|-damage|p2a: Hydrapple|61/100|[from] item: Life Orb
|
|upkeep
|turn|30
|
|t:|1779914032
|move|p1a: B-2 Bomber|Brave Bird|p2a: Hydrapple
|-supereffective|p2a: Hydrapple
|-damage|p2a: Hydrapple|0 fnt
|faint|p2a: Hydrapple
|-damage|p1a: B-2 Bomber|55/100|[from] Recoil
|
|upkeep
|-message|TheDudeski forfeited.
|
|win|HugsSC
|raw|HugsSC's rating: 1205 &rarr; <strong>1229</strong><br />(+24 for winning)
|raw|TheDudeski's rating: 1198 &rarr; <strong>1174</strong><br />(-24 for losing)
|l|☆TheDudeski
|player|p2|
