|j|☆miataylor612
|j|☆serial 01216
|t:|1779891345
|gametype|singles
|player|p1|miataylor612|lady-gen4|1553
|player|p2|serial 01216|1|1549
|gen|9
|tier|[Gen 9] OU
|rated|
|rule|HP Percentage Mod: HP is shown in percentages
|rule|Endless Battle Clause: Forcing endless battles is banned
|rule|Species Clause: Limit one of each Pokémon
|rule|OHKO Clause: OHKO moves are banned
|rule|Evasion Items Clause: Evasion items are banned
|rule|Evasion Moves Clause: Evasion moves are banned
|rule|Evasion Abilities Clause: Evasion abilities are banned
|rule|Sleep Moves Clause: Sleep-inducing moves are banned
|clearpoke
|poke|p1|Hoopa-Unbound|
|poke|p1|Clefable, F|
|poke|p1|Great Tusk|
|poke|p1|Cinderace, M|
|poke|p1|Dragonite, M|
|poke|p1|Slowking-Galar, F|
|poke|p2|Hydrapple, M|
|poke|p2|Slowking-Galar, F|
|poke|p2|Cinderace, M|
|poke|p2|Darkrai|
|poke|p2|Manaphy|
|poke|p2|Iron Boulder|
|teampreview
|inactive|Battle timer is ON: inactive players will automatically lose when time's up. (requested by miataylor612)
|
|t:|1779891367
|teamsize|p1|6
|teamsize|p2|6
|start
|switch|p1a: Clefable|Clefable, F|100/100
|switch|p2a: Manaphy|Manaphy|100/100
|turn|1
|
|t:|1779891371
|move|p2a: Manaphy|Scald|p1a: Clefable
|-damage|p1a: Clefable|72/100
|-status|p1a: Clefable|brn
|move|p1a: Clefable|Thunder Wave|p2a: Manaphy
|-status|p2a: Manaphy|par
|
|-heal|p1a: Clefable|78/100 brn|[from] item: Leftovers
|upkeep
|turn|2
|
|t:|1779891377
|switch|p1a: Hoopa|Hoopa-Unbound|100/100
|move|p2a: Manaphy|Take Heart|p2a: Manaphy
|-boost|p2a: Manaphy|spa|1
|-boost|p2a: Manaphy|spd|1
|-curestatus|p2a: Manaphy|par|[msg]
|
|upkeep
|turn|3
|
|t:|1779891384
|move|p2a: Manaphy|Scald|p1a: Hoopa
|-damage|p1a: Hoopa|77/100
|move|p1a: Hoopa|Knock Off|p2a: Manaphy
|-damage|p2a: Manaphy|50/100
|-enditem|p2a: Manaphy|Leftovers|[from] move: Knock Off|[of] p1a: Hoopa
|
|upkeep
|turn|4
|
|t:|1779891389
|move|p2a: Manaphy|Scald|p1a: Hoopa
|-damage|p1a: Hoopa|51/100
|move|p1a: Hoopa|Thunderbolt|p2a: Manaphy
|-supereffective|p2a: Manaphy
|-damage|p2a: Manaphy|0 fnt
|faint|p2a: Manaphy
|
|upkeep
|
|t:|1779891395
|switch|p2a: Cinderace|Cinderace, M|100/100
|turn|5
|
|t:|1779891403
|switch|p1a: Cinderace|Cinderace, M|100/100
|move|p2a: Cinderace|U-turn|p1a: Cinderace
|-start|p2a: Cinderace|typechange|Bug|[from] ability: Libero
|-resisted|p1a: Cinderace
|-damage|p1a: Cinderace|82/100
|
|t:|1779891412
|switch|p2a: Hydrapple|Hydrapple, M|100/100|[from] U-turn
|
|upkeep
|turn|6
|
|t:|1779891417
|switch|p1a: Slowking|Slowking-Galar, F|100/100
|move|p2a: Hydrapple|Earth Power|p1a: Slowking
|-supereffective|p1a: Slowking
|-damage|p1a: Slowking|64/100
|
|upkeep
|turn|7
|
|t:|1779891423
|move|p2a: Hydrapple|Earth Power|p1a: Slowking
|-supereffective|p1a: Slowking
|-damage|p1a: Slowking|28/100
|move|p1a: Slowking|Sludge Bomb|p2a: Hydrapple
|-supereffective|p2a: Hydrapple
|-damage|p2a: Hydrapple|47/100
|
|upkeep
|turn|8
|
|t:|1779891429
|switch|p1a: Hoopa|Hoopa-Unbound|51/100
|move|p2a: Hydrapple|Fickle Beam|p1a: Hoopa
|-damage|p1a: Hoopa|30/100
|
|upkeep
|turn|9
|
|t:|1779891439
|switch|p2a: Cinderace|Cinderace, M|100/100
|move|p1a: Hoopa|Psychic Noise|p2a: Cinderace
|-damage|p2a: Cinderace|39/100
|-start|p2a: Cinderace|move: Heal Block
|
|upkeep
|turn|10
|
|t:|1779891448
|switch|p1a: Cinderace|Cinderace, M|82/100
|move|p2a: Cinderace|U-turn|p1a: Cinderace
|-start|p2a: Cinderace|typechange|Bug|[from] ability: Libero
|-resisted|p1a: Cinderace
|-damage|p1a: Cinderace|62/100
|
|t:|1779891452
|switch|p2a: Hydrapple|Hydrapple, M|81/100|[from] U-turn
|
|upkeep
|turn|11
|
|t:|1779891458
|move|p1a: Cinderace|U-turn|p2a: Hydrapple
|-supereffective|p2a: Hydrapple
|-damage|p2a: Hydrapple|54/100
|
|t:|1779891461
|switch|p1a: Slowking|Slowking-Galar, F|62/100|[from] U-turn
|move|p2a: Hydrapple|Fickle Beam|p1a: Slowking
|-damage|p1a: Slowking|35/100
|
|upkeep
|turn|12
|
|t:|1779891466
|switch|p1a: Hoopa|Hoopa-Unbound|30/100
|move|p2a: Hydrapple|Fickle Beam|p1a: Hoopa
|-damage|p1a: Hoopa|8/100
|
|upkeep
|turn|13
|
|t:|1779891474
|move|p1a: Hoopa|Psychic Noise|p2a: Hydrapple
|-damage|p2a: Hydrapple|18/100
|-start|p2a: Hydrapple|move: Heal Block
|move|p2a: Hydrapple|Earth Power|p1a: Hoopa
|-damage|p1a: Hoopa|0 fnt
|faint|p1a: Hoopa
|
|upkeep
|
|t:|1779891477
|switch|p1a: Great Tusk|Great Tusk|100/100
|turn|14
|
|t:|1779891485
|switch|p2a: Darkrai|Darkrai|100/100
|move|p1a: Great Tusk|Ice Spinner|p2a: Darkrai
|-crit|p2a: Darkrai
|-damage|p2a: Darkrai|54/100
|
|-heal|p2a: Darkrai|60/100|[from] item: Leftovers
|upkeep
|turn|15
|
|t:|1779891490
|move|p2a: Darkrai|Ice Beam|p1a: Great Tusk
|-supereffective|p1a: Great Tusk
|-damage|p1a: Great Tusk|14/100
|move|p1a: Great Tusk|Rapid Spin|p2a: Darkrai
|-damage|p2a: Darkrai|39/100
|-boost|p1a: Great Tusk|spe|1
|
|-heal|p2a: Darkrai|45/100|[from] item: Leftovers
|upkeep
|turn|16
|
|t:|1779891497
|switch|p2a: Hydrapple|Hydrapple, M|52/100
|move|p1a: Great Tusk|Close Combat|p2a: Hydrapple
|-damage|p2a: Hydrapple|7/100
|-unboost|p1a: Great Tusk|def|1
|-unboost|p1a: Great Tusk|spd|1
|
|upkeep
|turn|17
|
|t:|1779891502
|switch|p2a: Cinderace|Cinderace, M|39/100
|move|p1a: Great Tusk|Rapid Spin|p2a: Cinderace
|-crit|p2a: Cinderace
|-damage|p2a: Cinderace|1/100
|-boost|p1a: Great Tusk|spe|1
|
|upkeep
|turn|18
|inactive|miataylor612 has 120 seconds left.
|
|t:|1779891535
|move|p2a: Cinderace|Sucker Punch|p1a: Great Tusk
|-start|p2a: Cinderace|typechange|Dark|[from] ability: Libero
|-resisted|p1a: Great Tusk
|-damage|p1a: Great Tusk|0 fnt
|faint|p1a: Great Tusk
|-end|p1a: Great Tusk|Protosynthesis|[silent]
|
|upkeep
|
|t:|1779891538
|switch|p1a: Dragonite|Dragonite, M|100/100
|turn|19
|
|t:|1779891542
|move|p2a: Cinderace|Will-O-Wisp|p1a: Dragonite
|-status|p1a: Dragonite|brn
|move|p1a: Dragonite|Dragon Dance|p1a: Dragonite
|-boost|p1a: Dragonite|atk|1
|-boost|p1a: Dragonite|spe|1
|
|-damage|p1a: Dragonite|94/100 brn|[from] brn
|upkeep
|turn|20
|
|t:|1779891549
|move|p2a: Cinderace|U-turn|p1a: Dragonite
|-resisted|p1a: Dragonite
|-damage|p1a: Dragonite|84/100 brn
|
|t:|1779891553
|switch|p2a: Hydrapple|Hydrapple, M|40/100|[from] U-turn
|move|p1a: Dragonite|Dragon Dance|p1a: Dragonite
|-boost|p1a: Dragonite|atk|1
|-boost|p1a: Dragonite|spe|1
|
|-damage|p1a: Dragonite|78/100 brn|[from] brn
|upkeep
|turn|21
|
|t:|1779891558
|switch|p2a: Cinderace|Cinderace, M|1/100
|-terastallize|p1a: Dragonite|Normal
|move|p1a: Dragonite|Dragon Dance|p1a: Dragonite
|-boost|p1a: Dragonite|atk|1
|-boost|p1a: Dragonite|spe|1
|
|-damage|p1a: Dragonite|72/100 brn|[from] brn
|upkeep
|turn|22
|
|t:|1779891565
|move|p1a: Dragonite|Roost|p1a: Dragonite
|-heal|p1a: Dragonite|100/100 brn
|move|p2a: Cinderace|U-turn|p1a: Dragonite
|-start|p2a: Cinderace|typechange|Bug|[from] ability: Libero
|-damage|p1a: Dragonite|83/100 brn
|
|t:|1779891570
|switch|p2a: Slowking|Slowking-Galar, F|100/100|[from] U-turn
|
|-damage|p1a: Dragonite|77/100 brn|[from] brn
|upkeep
|turn|23
|
|t:|1779891579
|move|p1a: Dragonite|Dragon Dance|p1a: Dragonite
|-boost|p1a: Dragonite|atk|1
|-boost|p1a: Dragonite|spe|1
|move|p2a: Slowking|Trick|p1a: Dragonite
|-activate|p2a: Slowking|move: Trick|[of] p1a: Dragonite
|-item|p1a: Dragonite|Black Sludge|[from] move: Trick
|-item|p2a: Slowking|Heavy-Duty Boots|[from] move: Trick
|
|-damage|p1a: Dragonite|64/100 brn|[from] item: Black Sludge
|-damage|p1a: Dragonite|58/100 brn|[from] brn
|upkeep
|turn|24
|
|t:|1779891588
|move|p1a: Dragonite|Earthquake|p2a: Slowking
|-supereffective|p2a: Slowking
|-damage|p2a: Slowking|0 fnt
|faint|p2a: Slowking
|
|-damage|p1a: Dragonite|46/100 brn|[from] item: Black Sludge
|-damage|p1a: Dragonite|40/100 brn|[from] brn
|upkeep
|
|t:|1779891593
|switch|p2a: Cinderace|Cinderace, M|1/100
|turn|25
|
|t:|1779891598
|move|p2a: Cinderace|Sucker Punch||[still]
|-fail|p2a: Cinderace
|move|p1a: Dragonite|Roost|p1a: Dragonite
|-heal|p1a: Dragonite|90/100 brn
|
|-damage|p1a: Dragonite|78/100 brn|[from] item: Black Sludge
|-damage|p1a: Dragonite|71/100 brn|[from] brn
|upkeep
|turn|26
|
|t:|1779891600
|move|p1a: Dragonite|Extreme Speed|p2a: Cinderace
|-damage|p2a: Cinderace|0 fnt
|faint|p2a: Cinderace
|
|-damage|p1a: Dragonite|59/100 brn|[from] item: Black Sludge
|-damage|p1a: Dragonite|53/100 brn|[from] brn
|upkeep
|
|t:|1779891605
|switch|p2a: Hydrapple|Hydrapple, M|73/100
|turn|27
|
|t:|1779891609
|move|p1a: Dragonite|Extreme Speed|p2a: Hydrapple
|-damage|p2a: Hydrapple|23/100
|move|p2a: Hydrapple|Body Press|p1a: Dragonite
|-supereffective|p1a: Dragonite
|-damage|p1a: Dragonite|8/100 brn
|
|-damage|p1a: Dragonite|0 fnt|[from] item: Black Sludge
|faint|p1a: Dragonite
|upkeep
|
|t:|1779891614
|switch|p1a: Clefable|Clefable, F|78/100 brn
|turn|28
|
|t:|1779891629
|move|p1a: Clefable|Moonblast|p2a: Hydrapple
|-supereffective|p2a: Hydrapple
|-damage|p2a: Hydrapple|0 fnt
|faint|p2a: Hydrapple
|
|-heal|p1a: Clefable|84/100 brn|[from] item: Leftovers
|upkeep
|
|t:|1779891632
|switch|p2a: Iron Boulder|Iron Boulder|100/100
|-enditem|p2a: Iron Boulder|Booster Energy
|-activate|p2a: Iron Boulder|ability: Quark Drive|[fromitem]
|-start|p2a: Iron Boulder|quarkdrivespe
|turn|29
|inactive|miataylor612 has 120 seconds left.
|
|t:|1779891671
|move|p2a: Iron Boulder|Swords Dance|p2a: Iron Boulder
|-boost|p2a: Iron Boulder|atk|2
|move|p1a: Clefable|Thunder Wave|p2a: Iron Boulder
|-status|p2a: Iron Boulder|par
|
|-heal|p1a: Clefable|90/100 brn|[from] item: Leftovers
|upkeep
|turn|30
|
|t:|1779891675
|move|p2a: Iron Boulder|Mighty Cleave|p1a: Clefable
|-damage|p1a: Clefable|20/100 brn
|move|p1a: Clefable|Moonblast|p2a: Iron Boulder
|-damage|p2a: Iron Boulder|67/100 par
|
|-heal|p1a: Clefable|26/100 brn|[from] item: Leftovers
|upkeep
|turn|31
|
|t:|1779891682
|move|p2a: Iron Boulder|Mighty Cleave|p1a: Clefable
|-damage|p1a: Clefable|0 fnt
|faint|p1a: Clefable
|
|upkeep
|
|t:|1779891684
|switch|p1a: Cinderace|Cinderace, M|62/100
|turn|32
|
|t:|1779891688
|move|p1a: Cinderace|U-turn|p2a: Iron Boulder
|-supereffective|p2a: Iron Boulder
|-damage|p2a: Iron Boulder|21/100 par
|
|t:|1779891691
|switch|p1a: Slowking|Slowking-Galar, F|68/100|[from] U-turn
|move|p2a: Iron Boulder|Mighty Cleave|p1a: Slowking
|-damage|p1a: Slowking|0 fnt
|faint|p1a: Slowking
|
|upkeep
|
|t:|1779891693
|switch|p1a: Cinderace|Cinderace, M|62/100
|turn|33
|
|t:|1779891696
|move|p1a: Cinderace|U-turn|p2a: Iron Boulder
|-supereffective|p2a: Iron Boulder
|-damage|p2a: Iron Boulder|0 fnt
|faint|p2a: Iron Boulder
|-end|p2a: Iron Boulder|Quark Drive|[silent]
|
|upkeep
|
|t:|1779891698
|switch|p2a: Darkrai|Darkrai|45/100
|turn|34
|
|t:|1779891706
|-terastallize|p2a: Darkrai|Ghost
|move|p2a: Darkrai|Dark Pulse|p1a: Cinderace
|-damage|p1a: Cinderace|16/100
|move|p1a: Cinderace|Pyro Ball|p2a: Darkrai
|-damage|p2a: Darkrai|0 fnt
|faint|p2a: Darkrai
|
|win|miataylor612
|raw|miataylor612's rating: 1553 &rarr; <strong>1573</strong><br />(+20 for winning)
|raw|serial 01216's rating: 1549 &rarr; <strong>1529</strong><br />(-20 for losing)
|l|☆serial 01216
|player|p2|
|l|☆miataylor612
|player|p1|
