|j|☆slowlyfadingaway
|j|☆Titanosaurus
|t:|1779906981
|gametype|singles
|player|p1|slowlyfadingaway|veteran|1460
|player|p2|Titanosaurus|byron|1438
|gen|9
|tier|[Gen 9] OU
|rated|
|rule|HP Percentage Mod: HP is shown in percentages
|rule|Endless Battle Clause: Forcing endless battles is banned
|rule|Species Clause: Limit one of each Pokémon
|rule|OHKO Clause: OHKO moves are banned
|rule|Evasion Items Clause: Evasion items are banned
|rule|Evasion Moves Clause: Evasion moves are banned
|rule|Evasion Abilities Clause: Evasion abilities are banned
|rule|Sleep Moves Clause: Sleep-inducing moves are banned
|clearpoke
|poke|p1|Greninja-*, M|
|poke|p1|Forretress, F|
|poke|p1|Samurott-Hisui, F|
|poke|p1|Garchomp, F|
|poke|p1|Scizor, F|
|poke|p1|Diancie|
|poke|p2|Dunsparce, M|
|poke|p2|Lokix, M|
|poke|p2|Galvantula, F|
|poke|p2|Hatterene, F|
|poke|p2|Ogerpon-Cornerstone, F|
|poke|p2|Cinderace, F|
|teampreview
|inactive|Battle timer is ON: inactive players will automatically lose when time's up. (requested by slowlyfadingaway)
|
|t:|1779906987
|teamsize|p1|6
|teamsize|p2|6
|start
|switch|p1a: Scizor|Scizor, F|100/100
|switch|p2a: Dunsparce|Dunsparce, M|100/100
|turn|1
|
|t:|1779906990
|move|p1a: Scizor|U-turn|p2a: Dunsparce
|-damage|p2a: Dunsparce|74/100
|
|t:|1779906995
|switch|p1a: Garchomp|Garchomp, F|100/100|[from] U-turn
|move|p2a: Dunsparce|Glare|p1a: Garchomp
|-status|p1a: Garchomp|par
|
|upkeep
|turn|2
|
|t:|1779907003
|cant|p1a: Garchomp|par
|move|p2a: Dunsparce|Shadow Ball|p1a: Garchomp
|-damage|p1a: Garchomp|84/100 par
|
|upkeep
|turn|3
|
|t:|1779907008
|move|p1a: Garchomp|Swords Dance|p1a: Garchomp
|-boost|p1a: Garchomp|atk|2
|move|p2a: Dunsparce|Shadow Ball|p1a: Garchomp
|-damage|p1a: Garchomp|67/100 par
|
|upkeep
|turn|4
|
|t:|1779907012
|move|p1a: Garchomp|Earthquake|p2a: Dunsparce
|-damage|p2a: Dunsparce|4/100
|move|p2a: Dunsparce|Shadow Ball|p1a: Garchomp
|-damage|p1a: Garchomp|51/100 par
|-unboost|p1a: Garchomp|spd|1
|
|upkeep
|turn|5
|
|t:|1779907018
|move|p1a: Garchomp|Scale Shot|p2a: Dunsparce
|-damage|p2a: Dunsparce|0 fnt
|faint|p2a: Dunsparce
|-hitcount|p2: Dunsparce|1
|-unboost|p1a: Garchomp|def|1
|-boost|p1a: Garchomp|spe|1
|
|upkeep
|
|t:|1779907032
|switch|p2a: Lokix|Lokix, M|100/100
|turn|6
|
|t:|1779907039
|move|p2a: Lokix|First Impression|p1a: Garchomp
|-damage|p1a: Garchomp|0 fnt
|-damage|p2a: Lokix|88/100|[from] ability: Rough Skin|[of] p1a: Garchomp
|faint|p1a: Garchomp
|
|upkeep
|
|t:|1779907044
|switch|p1a: Diancie|Diancie|100/100
|turn|7
|
|t:|1779907050
|move|p2a: Lokix|U-turn|p1a: Diancie
|-resisted|p1a: Diancie
|-crit|p1a: Diancie
|-damage|p1a: Diancie|48/100
|
|t:|1779907054
|switch|p2a: Galvantula|Galvantula, F|100/100|[from] U-turn
|move|p1a: Diancie|Rock Polish|p1a: Diancie
|-boost|p1a: Diancie|spe|2
|
|upkeep
|turn|8
|
|t:|1779907060
|move|p1a: Diancie|Moonblast|p2a: Galvantula
|-damage|p2a: Galvantula|18/100
|move|p2a: Galvantula|Thunder Wave|p1a: Diancie
|-status|p1a: Diancie|par
|
|upkeep
|turn|9
|
|t:|1779907066
|move|p2a: Galvantula|Energy Ball|p1a: Diancie
|-supereffective|p1a: Diancie
|-damage|p1a: Diancie|0 fnt
|faint|p1a: Diancie
|
|upkeep
|
|t:|1779907070
|switch|p1a: Samurott|Samurott-Hisui, F|100/100
|turn|10
|
|t:|1779907074
|switch|p2a: Hatterene|Hatterene, F|100/100
|move|p1a: Samurott|Aqua Jet|p2a: Hatterene
|-damage|p2a: Hatterene|79/100
|
|upkeep
|turn|11
|
|t:|1779907082
|move|p1a: Samurott|Ceaseless Edge|p2a: Hatterene|[miss]
|-miss|p1a: Samurott|p2a: Hatterene
|move|p2a: Hatterene|Draining Kiss|p1a: Samurott
|-supereffective|p1a: Samurott
|-enditem|p1a: Samurott|Focus Sash
|-damage|p1a: Samurott|1/100
|-heal|p2a: Hatterene|100/100|[from] drain|[of] p1a: Samurott
|
|upkeep
|turn|12
|
|t:|1779907087
|move|p1a: Samurott|Ceaseless Edge|p2a: Hatterene|[miss]
|-miss|p1a: Samurott|p2a: Hatterene
|move|p2a: Hatterene|Draining Kiss|p1a: Samurott
|-supereffective|p1a: Samurott
|-damage|p1a: Samurott|0 fnt
|faint|p1a: Samurott
|
|upkeep
|
|t:|1779907093
|switch|p1a: Scizor|Scizor, F|100/100
|turn|13
|
|t:|1779907099
|switch|p2a: Cinderace|Cinderace, F|100/100
|move|p1a: Scizor|Bullet Punch|p2a: Cinderace
|-resisted|p2a: Cinderace
|-damage|p2a: Cinderace|78/100
|
|upkeep
|turn|14
|
|t:|1779907103
|move|p2a: Cinderace|U-turn|p1a: Scizor
|-start|p2a: Cinderace|typechange|Bug|[from] ability: Libero
|-resisted|p1a: Scizor
|-damage|p1a: Scizor|81/100
|
|t:|1779907108
|switch|p2a: Galvantula|Galvantula, F|18/100|[from] U-turn
|move|p1a: Scizor|Counter|p2a: Galvantula
|-damage|p2a: Galvantula|0 fnt
|faint|p2a: Galvantula
|
|upkeep
|
|t:|1779907115
|switch|p2a: Cinderace|Cinderace, F|78/100
|turn|15
|
|t:|1779907121
|switch|p1a: Greninja|Greninja, M|100/100
|move|p2a: Cinderace|Pyro Ball|p1a: Greninja
|-resisted|p1a: Greninja
|-damage|p1a: Greninja|54/100
|
|upkeep
|turn|16
|
|t:|1779907130
|switch|p2a: Hatterene|Hatterene, F|100/100
|-terastallize|p1a: Greninja|Water
|move|p1a: Greninja|Water Shuriken|p2a: Hatterene
|-crit|p2a: Hatterene
|-damage|p2a: Hatterene|87/100
|-damage|p2a: Hatterene|77/100
|-damage|p2a: Hatterene|68/100
|-damage|p2a: Hatterene|58/100
|-hitcount|p2a: Hatterene|4
|
|upkeep
|turn|17
|
|t:|1779907142
|switch|p1a: Forretress|Forretress, F|100/100
|move|p2a: Hatterene|Giga Drain|p1a: Forretress
|-resisted|p1a: Forretress
|-damage|p1a: Forretress|84/100
|-heal|p2a: Hatterene|67/100|[from] drain|[of] p1a: Forretress
|
|upkeep
|turn|18
|
|t:|1779907147
|switch|p2a: Cinderace|Cinderace, F|78/100
|move|p1a: Forretress|Volt Switch|p2a: Cinderace
|-damage|p2a: Cinderace|62/100
|
|t:|1779907151
|switch|p1a: Greninja|Greninja, M, tera:Water|54/100|[from] Volt Switch
|
|upkeep
|turn|19
|
|t:|1779907155
|move|p1a: Greninja|Water Shuriken|p2a: Cinderace
|-supereffective|p2a: Cinderace
|-damage|p2a: Cinderace|36/100
|-supereffective|p2a: Cinderace
|-damage|p2a: Cinderace|9/100
|-supereffective|p2a: Cinderace
|-damage|p2a: Cinderace|0 fnt
|faint|p2a: Cinderace
|-ability|p1a: Greninja|Battle Bond|boost
|-boost|p1a: Greninja|atk|1
|-boost|p1a: Greninja|spa|1
|-boost|p1a: Greninja|spe|1
|-activate|p1a: Greninja|ability: Battle Bond
|-hitcount|p2: Cinderace|3
|
|upkeep
|
|t:|1779907159
|switch|p2a: Lokix|Lokix, M|88/100
|turn|20
|
|t:|1779907162
|switch|p1a: Forretress|Forretress, F|84/100
|-terastallize|p2a: Lokix|Bug
|move|p2a: Lokix|First Impression|p1a: Forretress
|-resisted|p1a: Forretress
|-damage|p1a: Forretress|49/100
|
|upkeep
|turn|21
|
|t:|1779907172
|move|p2a: Lokix|U-turn|p1a: Forretress
|-resisted|p1a: Forretress
|-damage|p1a: Forretress|21/100
|
|t:|1779907177
|switch|p2a: Hatterene|Hatterene, F|67/100|[from] U-turn
|move|p1a: Forretress|Body Press|p2a: Hatterene
|-resisted|p2a: Hatterene
|-damage|p2a: Hatterene|58/100
|
|upkeep
|turn|22
|-enditem|p1a: Forretress|Custap Berry|[eat]
|-activate|p1a: Forretress|item: Custap Berry|[consumed]
|
|t:|1779907190
|move|p1a: Forretress|Volt Switch|p2a: Hatterene
|-damage|p2a: Hatterene|47/100
|
|t:|1779907194
|switch|p1a: Greninja|Greninja, M, tera:Water|54/100|[from] Volt Switch
|move|p2a: Hatterene|Shadow Ball|p1a: Greninja
|-damage|p1a: Greninja|0 fnt
|faint|p1a: Greninja
|
|upkeep
|
|t:|1779907196
|switch|p1a: Scizor|Scizor, F|81/100
|turn|23
|
|t:|1779907200
|move|p1a: Scizor|Bullet Punch|p2a: Hatterene
|-supereffective|p2a: Hatterene
|-damage|p2a: Hatterene|0 fnt
|faint|p2a: Hatterene
|
|upkeep
|
|t:|1779907206
|switch|p2a: Ogerpon|Ogerpon-Cornerstone, F|100/100
|turn|24
|
|t:|1779907209
|move|p1a: Scizor|Bullet Punch|p2a: Ogerpon
|-supereffective|p2a: Ogerpon
|-damage|p2a: Ogerpon|17/100
|move|p2a: Ogerpon|Ivy Cudgel|p1a: Scizor|[anim] Ivy Cudgel Rock
|-damage|p1a: Scizor|0 fnt
|faint|p1a: Scizor
|
|upkeep
|
|t:|1779907213
|switch|p1a: Forretress|Forretress, F|21/100
|turn|25
|
|t:|1779907218
|move|p2a: Ogerpon|Ivy Cudgel|p1a: Forretress|[anim] Ivy Cudgel Rock
|-damage|p1a: Forretress|0 fnt
|faint|p1a: Forretress
|
|win|Titanosaurus
|raw|slowlyfadingaway's rating: 1460 &rarr; <strong>1439</strong><br />(-21 for losing)
|raw|Titanosaurus's rating: 1438 &rarr; <strong>1459</strong><br />(+21 for winning)
|l|☆slowlyfadingaway
|player|p1|
|c|☆Titanosaurus|GG
|l|☆Titanosaurus
|player|p2|
