|j|☆ditissjoerd
|j|☆omari p
|t:|1779821193
|gametype|singles
|player|p1|ditissjoerd|clown|1581
|player|p2|omari p|pokemonrangerf|1557
|gen|9
|tier|[Gen 9] OU
|rated|
|rule|HP Percentage Mod: HP is shown in percentages
|rule|Endless Battle Clause: Forcing endless battles is banned
|rule|Species Clause: Limit one of each Pokémon
|rule|OHKO Clause: OHKO moves are banned
|rule|Evasion Items Clause: Evasion items are banned
|rule|Evasion Moves Clause: Evasion moves are banned
|rule|Evasion Abilities Clause: Evasion abilities are banned
|rule|Sleep Moves Clause: Sleep-inducing moves are banned
|clearpoke
|poke|p1|Tyranitar, M|
|poke|p1|Excadrill, F|
|poke|p1|Magnezone|
|poke|p1|Moltres|
|poke|p1|Sinistcha|
|poke|p1|Lokix, M|
|poke|p2|Ceruledge, M|
|poke|p2|Torkoal, M|
|poke|p2|Rillaboom, M|
|poke|p2|Darkrai|
|poke|p2|Great Tusk|
|poke|p2|Armarouge, M|
|teampreview
|inactive|Battle timer is ON: inactive players will automatically lose when time's up. (requested by ditissjoerd)
|inactive|omari p has 120 seconds left.
|
|t:|1779821229
|teamsize|p1|6
|teamsize|p2|6
|start
|switch|p1a: Lokix|Lokix, M|100/100
|switch|p2a: Haku|Great Tusk, shiny|100/100
|turn|1
|
|t:|1779821233
|move|p2a: Haku|Close Combat|p1a: Lokix
|-damage|p1a: Lokix|7/100
|-unboost|p2a: Haku|def|1
|-unboost|p2a: Haku|spd|1
|move|p1a: Lokix|U-turn|p2a: Haku
|-resisted|p2a: Haku
|-damage|p2a: Haku|48/100
|
|t:|1779821237
|switch|p1a: Sinistcha|Sinistcha|100/100|[from] U-turn
|
|upkeep
|turn|2
|
|t:|1779821240
|-end|p2a: Haku|Protosynthesis|[silent]
|switch|p2a: Darkrai|Darkrai|100/100
|move|p1a: Sinistcha|Calm Mind|p1a: Sinistcha
|-boost|p1a: Sinistcha|spa|1
|-boost|p1a: Sinistcha|spd|1
|
|upkeep
|turn|3
|
|t:|1779821247
|switch|p1a: Tyranitar|Tyranitar, M|100/100
|-weather|Sandstorm|[from] ability: Sand Stream|[of] p1a: Tyranitar
|move|p2a: Darkrai|Nasty Plot|p2a: Darkrai
|-boost|p2a: Darkrai|spa|2
|
|-weather|Sandstorm|[upkeep]
|-damage|p2a: Darkrai|94/100|[from] Sandstorm
|upkeep
|turn|4
|
|t:|1779821257
|move|p2a: Darkrai|Focus Blast|p1a: Tyranitar
|-supereffective|p1a: Tyranitar
|-damage|p1a: Tyranitar|0 fnt
|faint|p1a: Tyranitar
|-damage|p2a: Darkrai|84/100|[from] item: Life Orb
|
|-weather|Sandstorm|[upkeep]
|-damage|p2a: Darkrai|78/100|[from] Sandstorm
|upkeep
|
|t:|1779821260
|switch|p1a: Excadrill|Excadrill, F|100/100
|-item|p1a: Excadrill|Air Balloon
|turn|5
|
|t:|1779821265
|switch|p2a: Torkoal|Torkoal, M|100/100
|-weather|SunnyDay|[from] ability: Drought|[of] p2a: Torkoal
|move|p1a: Excadrill|Earthquake|p2a: Torkoal
|-supereffective|p2a: Torkoal
|-damage|p2a: Torkoal|25/100
|
|-weather|SunnyDay|[upkeep]
|upkeep
|turn|6
|
|t:|1779821268
|move|p1a: Excadrill|Earthquake|p2a: Torkoal
|-supereffective|p2a: Torkoal
|-damage|p2a: Torkoal|0 fnt
|faint|p2a: Torkoal
|
|-weather|SunnyDay|[upkeep]
|upkeep
|
|t:|1779821271
|switch|p2a: Rillaboom|Rillaboom, M|100/100
|-fieldstart|move: Grassy Terrain|[from] ability: Grassy Surge|[of] p2a: Rillaboom
|turn|7
|
|t:|1779821276
|switch|p1a: Moltres|Moltres|100/100
|move|p2a: Rillaboom|Swords Dance|p2a: Rillaboom
|-boost|p2a: Rillaboom|atk|2
|
|-weather|SunnyDay|[upkeep]
|upkeep
|turn|8
|
|t:|1779821280
|switch|p2a: Ceruledge|Ceruledge, M|100/100
|move|p1a: Moltres|Flamethrower|p2a: Ceruledge
|-start|p2a: Ceruledge|ability: Flash Fire
|
|-weather|SunnyDay|[upkeep]
|upkeep
|turn|9
|
|t:|1779821284
|move|p1a: Moltres|U-turn|p2a: Ceruledge
|-resisted|p2a: Ceruledge
|-damage|p2a: Ceruledge|96/100
|
|t:|1779821292
|switch|p1a: Magnezone|Magnezone|100/100|[from] U-turn
|move|p2a: Ceruledge|Bitter Blade|p1a: Magnezone
|-supereffective|p1a: Magnezone
|-damage|p1a: Magnezone|0 fnt
|-heal|p2a: Ceruledge|100/100|[from] drain|[of] p1a: Magnezone
|faint|p1a: Magnezone
|
|-weather|SunnyDay|[upkeep]
|upkeep
|
|t:|1779821295
|switch|p1a: Lokix|Lokix, M|7/100
|turn|10
|
|t:|1779821299
|move|p2a: Ceruledge|Shadow Sneak|p1a: Lokix
|-resisted|p1a: Lokix
|-damage|p1a: Lokix|0 fnt
|faint|p1a: Lokix
|
|-weather|SunnyDay|[upkeep]
|upkeep
|
|t:|1779821308
|switch|p1a: Excadrill|Excadrill, F|100/100
|-item|p1a: Excadrill|Air Balloon
|turn|11
|
|t:|1779821312
|move|p1a: Excadrill|Earthquake|p2a: Ceruledge
|-supereffective|p2a: Ceruledge
|-damage|p2a: Ceruledge|25/100
|move|p2a: Ceruledge|Bitter Blade|p1a: Excadrill
|-supereffective|p1a: Excadrill
|-damage|p1a: Excadrill|0 fnt
|-heal|p2a: Ceruledge|79/100|[from] drain|[of] p1a: Excadrill
|-enditem|p1a: Excadrill|Air Balloon
|faint|p1a: Excadrill
|
|-weather|SunnyDay|[upkeep]
|-heal|p2a: Ceruledge|85/100|[from] Grassy Terrain
|-fieldend|move: Grassy Terrain
|upkeep
|
|t:|1779821315
|switch|p1a: Sinistcha|Sinistcha|100/100
|turn|12
|
|t:|1779821318
|-end|p2a: Ceruledge|ability: Flash Fire|[silent]
|switch|p2a: Armarouge|Armarouge, M, shiny|100/100
|move|p1a: Sinistcha|Shadow Ball|p2a: Armarouge
|-supereffective|p2a: Armarouge
|-damage|p2a: Armarouge|26/100
|
|-weather|none
|upkeep
|turn|13
|
|t:|1779821322
|-terastallize|p1a: Sinistcha|Poison
|move|p2a: Armarouge|Psychic|p1a: Sinistcha
|-supereffective|p1a: Sinistcha
|-damage|p1a: Sinistcha|0 fnt
|faint|p1a: Sinistcha
|
|upkeep
|c|☆omari p|?
|-message|ditissjoerd forfeited.
|
|win|omari p
|raw|ditissjoerd's rating: 1581 &rarr; <strong>1560</strong><br />(-21 for losing)
|raw|omari p's rating: 1557 &rarr; <strong>1578</strong><br />(+21 for winning)
|l|☆ditissjoerd
|player|p1|
|l|☆omari p
|player|p2|
