|j|‽aaagislash
|j|‽clorox man
|t:|1779850840
|gametype|singles
|player|p1|aaagislash|266|1727
|player|p2|clorox man|clown|1770
|gen|9
|tier|[Gen 9] OU
|rated|
|rule|HP Percentage Mod: HP is shown in percentages
|rule|Endless Battle Clause: Forcing endless battles is banned
|rule|Species Clause: Limit one of each Pokémon
|rule|OHKO Clause: OHKO moves are banned
|rule|Evasion Items Clause: Evasion items are banned
|rule|Evasion Moves Clause: Evasion moves are banned
|rule|Evasion Abilities Clause: Evasion abilities are banned
|rule|Sleep Moves Clause: Sleep-inducing moves are banned
|clearpoke
|poke|p1|Scizor, F|
|poke|p1|Goodra-Hisui, F|
|poke|p1|Alomomola, F|
|poke|p1|Mesprit|
|poke|p1|Landorus-Therian, M|
|poke|p1|Tornadus-Therian, M|
|poke|p2|Walking Wake|
|poke|p2|Rillaboom, F|
|poke|p2|Gholdengo|
|poke|p2|Landorus-Therian, M|
|poke|p2|Zamazenta-*|
|poke|p2|Kingambit, M|
|teampreview
|inactive|Battle timer is ON: inactive players will automatically lose when time's up. (requested by clorox man)
|
|t:|1779850864
|teamsize|p1|6
|teamsize|p2|6
|start
|switch|p1a: Tornadus|Tornadus-Therian, M|100/100
|switch|p2a: Landorus|Landorus-Therian, M|100/100
|-ability|p2a: Landorus|Intimidate|boost
|-unboost|p1a: Tornadus|atk|1
|turn|1
|
|t:|1779850867
|move|p1a: Tornadus|Nasty Plot|p1a: Tornadus
|-boost|p1a: Tornadus|spa|2
|move|p2a: Landorus|Stealth Rock|p1a: Tornadus
|-sidestart|p1: aaagislash|move: Stealth Rock
|
|upkeep
|turn|2
|
|t:|1779850873
|move|p1a: Tornadus|Nasty Plot|p1a: Tornadus
|-boost|p1a: Tornadus|spa|2
|move|p2a: Landorus|U-turn|p1a: Tornadus
|-resisted|p1a: Tornadus
|-damage|p1a: Tornadus|91/100
|
|t:|1779850877
|switch|p2a: Zamazenta|Zamazenta|100/100|[from] U-turn
|-ability|p2a: Zamazenta|Dauntless Shield|boost
|-boost|p2a: Zamazenta|def|1
|
|upkeep
|turn|3
|
|t:|1779850885
|-terastallize|p1a: Tornadus|Steel
|move|p2a: Zamazenta|Ice Fang|p1a: Tornadus
|-resisted|p1a: Tornadus
|-damage|p1a: Tornadus|75/100
|-damage|p2a: Zamazenta|91/100|[from] item: Life Orb
|move|p1a: Tornadus|Bleakwind Storm|p2a: Zamazenta
|-supereffective|p2a: Zamazenta
|-damage|p2a: Zamazenta|0 fnt
|faint|p2a: Zamazenta
|
|upkeep
|
|t:|1779850897
|switch|p2a: Rillaboom|Rillaboom, F|100/100
|-fieldstart|move: Grassy Terrain|[from] ability: Grassy Surge|[of] p2a: Rillaboom
|turn|4
|
|t:|1779850901
|switch|p2a: Gholdengo|Gholdengo|100/100
|-enditem|p2a: Gholdengo|Grassy Seed
|-boost|p2a: Gholdengo|def|1|[from] item: Grassy Seed
|move|p1a: Tornadus|Bleakwind Storm|p2a: Gholdengo|[miss]
|-miss|p1a: Tornadus|p2a: Gholdengo
|
|-heal|p1a: Tornadus|81/100|[from] Grassy Terrain
|upkeep
|turn|5
|
|t:|1779850907
|move|p1a: Tornadus|Dark Pulse|p2a: Gholdengo
|-supereffective|p2a: Gholdengo
|-damage|p2a: Gholdengo|17/100
|move|p2a: Gholdengo|Shadow Ball|p1a: Tornadus
|-damage|p1a: Tornadus|44/100
|
|-heal|p1a: Tornadus|50/100|[from] Grassy Terrain
|-heal|p2a: Gholdengo|23/100|[from] Grassy Terrain
|upkeep
|turn|6
|
|t:|1779850916
|move|p1a: Tornadus|Dark Pulse|p2a: Gholdengo
|-supereffective|p2a: Gholdengo
|-damage|p2a: Gholdengo|0 fnt
|faint|p2a: Gholdengo
|
|-heal|p1a: Tornadus|56/100|[from] Grassy Terrain
|upkeep
|
|t:|1779850919
|switch|p2a: Kingambit|Kingambit, M|100/100
|-activate|p2a: Kingambit|ability: Supreme Overlord
|-start|p2a: Kingambit|fallen2|[silent]
|turn|7
|
|t:|1779850923
|move|p2a: Kingambit|Sucker Punch|p1a: Tornadus
|-damage|p1a: Tornadus|4/100
|move|p1a: Tornadus|Bleakwind Storm|p2a: Kingambit|[miss]
|-miss|p1a: Tornadus|p2a: Kingambit
|
|-heal|p1a: Tornadus|10/100|[from] Grassy Terrain
|upkeep
|turn|8
|
|t:|1779850928
|move|p1a: Tornadus|Bleakwind Storm|p2a: Kingambit
|-resisted|p2a: Kingambit
|-crit|p2a: Kingambit
|-damage|p2a: Kingambit|0 fnt
|faint|p2a: Kingambit
|-end|p2a: Kingambit|fallen2|[silent]
|
|-heal|p1a: Tornadus|16/100|[from] Grassy Terrain
|-fieldend|move: Grassy Terrain
|upkeep
|
|t:|1779850932
|switch|p2a: Rillaboom|Rillaboom, F|100/100
|-fieldstart|move: Grassy Terrain|[from] ability: Grassy Surge|[of] p2a: Rillaboom
|turn|9
|
|t:|1779850934
|switch|p1a: Goodra|Goodra-Hisui, F|100/100
|move|p2a: Rillaboom|Grassy Glide|p1a: Goodra
|-ability|p1a: Goodra|Sap Sipper|boost
|-boost|p1a: Goodra|atk|1
|
|upkeep
|turn|10
|
|t:|1779850939
|switch|p2a: Landorus|Landorus-Therian, M|100/100
|-ability|p2a: Landorus|Intimidate|boost
|-unboost|p1a: Goodra|atk|1
|switch|p1a: Tornadus|Tornadus-Therian, M, tera:Steel|49/100
|
|-heal|p1a: Tornadus|55/100|[from] Grassy Terrain
|upkeep
|turn|11
|
|t:|1779850942
|move|p1a: Tornadus|Bleakwind Storm|p2a: Landorus
|-damage|p2a: Landorus|63/100
|move|p2a: Landorus|Earth Power|p1a: Tornadus
|-supereffective|p1a: Tornadus
|-damage|p1a: Tornadus|0 fnt
|faint|p1a: Tornadus
|
|upkeep
|
|t:|1779850952
|switch|p1a: Alomomola|Alomomola, F|100/100
|turn|12
|
|t:|1779850956
|move|p2a: Landorus|Taunt|p1a: Alomomola
|-start|p1a: Alomomola|move: Taunt
|move|p1a: Alomomola|Scald|p2a: Landorus
|-supereffective|p2a: Landorus
|-damage|p2a: Landorus|36/100
|
|upkeep
|turn|13
|
|t:|1779850960
|move|p2a: Landorus|Earth Power|p1a: Alomomola
|-damage|p1a: Alomomola|79/100
|move|p1a: Alomomola|Scald|p2a: Landorus
|-supereffective|p2a: Landorus
|-damage|p2a: Landorus|10/100
|
|-heal|p1a: Alomomola|85/100|[from] Grassy Terrain
|-fieldend|move: Grassy Terrain
|upkeep
|turn|14
|
|t:|1779850968
|move|p2a: Landorus|Earth Power|p1a: Alomomola
|-damage|p1a: Alomomola|60/100
|move|p1a: Alomomola|Flip Turn|p2a: Landorus
|-supereffective|p2a: Landorus
|-damage|p2a: Landorus|0 fnt
|-damage|p1a: Alomomola|43/100|[from] item: Rocky Helmet|[of] p2a: Landorus
|faint|p2a: Landorus
|
|t:|1779850975
|switch|p1a: Landorus|Landorus-Therian, M|100/100|[from] Flip Turn
|-damage|p1a: Landorus|88/100|[from] Stealth Rock
|
|upkeep
|
|t:|1779850977
|switch|p2a: Walking Wake|Walking Wake|100/100
|-enditem|p2a: Walking Wake|Booster Energy
|-activate|p2a: Walking Wake|ability: Protosynthesis|[fromitem]
|-start|p2a: Walking Wake|protosynthesisspa
|turn|15
|
|t:|1779850981
|move|p1a: Landorus|Outrage|p2a: Walking Wake
|-supereffective|p2a: Walking Wake
|-damage|p2a: Walking Wake|7/100
|move|p2a: Walking Wake|Dragon Pulse|p1a: Landorus
|-damage|p1a: Landorus|7/100
|
|upkeep
|turn|16
|
|t:|1779850985
|move|p1a: Landorus|Outrage|p2a: Walking Wake|[from] lockedmove
|-supereffective|p2a: Walking Wake
|-damage|p2a: Walking Wake|0 fnt
|faint|p2a: Walking Wake
|-end|p2a: Walking Wake|Protosynthesis|[silent]
|
|upkeep
|
|t:|1779850986
|switch|p2a: Rillaboom|Rillaboom, F|100/100
|-fieldstart|move: Grassy Terrain|[from] ability: Grassy Surge|[of] p2a: Rillaboom
|turn|17
|
|t:|1779850989
|move|p1a: Landorus|Outrage|p2a: Rillaboom|[from] lockedmove
|-damage|p2a: Rillaboom|53/100
|-start|p1a: Landorus|confusion|[fatigue]
|move|p2a: Rillaboom|Swords Dance|p2a: Rillaboom
|-boost|p2a: Rillaboom|atk|2
|
|-heal|p2a: Rillaboom|59/100|[from] Grassy Terrain
|upkeep
|turn|18
|
|t:|1779850997
|move|p2a: Rillaboom|Grassy Glide|p1a: Landorus
|-damage|p1a: Landorus|0 fnt
|faint|p1a: Landorus
|-damage|p2a: Rillaboom|49/100|[from] item: Life Orb
|
|-heal|p2a: Rillaboom|56/100|[from] Grassy Terrain
|upkeep
|
|t:|1779851013
|switch|p1a: Goodra|Goodra-Hisui, F|100/100
|turn|19
|
|t:|1779851017
|-terastallize|p2a: Rillaboom|Dark
|move|p2a: Rillaboom|Knock Off|p1a: Goodra
|-damage|p1a: Goodra|0 fnt
|-enditem|p1a: Goodra|Heavy-Duty Boots|[from] move: Knock Off|[of] p2a: Rillaboom
|faint|p1a: Goodra
|-damage|p2a: Rillaboom|46/100|[from] item: Life Orb
|
|-heal|p2a: Rillaboom|52/100|[from] Grassy Terrain
|upkeep
|
|t:|1779851023
|switch|p1a: Scizor|Scizor, F|100/100
|turn|20
|
|t:|1779851027
|switch|p1a: Alomomola|Alomomola, F|77/100
|move|p2a: Rillaboom|Knock Off|p1a: Alomomola
|-damage|p1a: Alomomola|0 fnt
|-enditem|p1a: Alomomola|Heavy-Duty Boots|[from] move: Knock Off|[of] p2a: Rillaboom
|faint|p1a: Alomomola
|-damage|p2a: Rillaboom|42/100|[from] item: Life Orb
|
|-heal|p2a: Rillaboom|48/100|[from] Grassy Terrain
|upkeep
|
|t:|1779851038
|switch|p1a: Scizor|Scizor, F|100/100
|turn|21
|
|t:|1779851041
|switch|p1a: Mesprit|Mesprit|100/100
|move|p2a: Rillaboom|Knock Off|p1a: Mesprit
|-supereffective|p1a: Mesprit
|-damage|p1a: Mesprit|0 fnt
|-enditem|p1a: Mesprit|Heavy-Duty Boots|[from] move: Knock Off|[of] p2a: Rillaboom
|faint|p1a: Mesprit
|-damage|p2a: Rillaboom|38/100|[from] item: Life Orb
|
|-heal|p2a: Rillaboom|44/100|[from] Grassy Terrain
|-fieldend|move: Grassy Terrain
|upkeep
|
|t:|1779851044
|switch|p1a: Scizor|Scizor, F|100/100
|turn|22
|
|t:|1779851046
|move|p1a: Scizor|Bullet Punch|p2a: Rillaboom
|-damage|p2a: Rillaboom|6/100
|move|p2a: Rillaboom|Knock Off|p1a: Scizor
|-damage|p1a: Scizor|0 fnt
|-enditem|p1a: Scizor|Heavy-Duty Boots|[from] move: Knock Off|[of] p2a: Rillaboom
|faint|p1a: Scizor
|-damage|p2a: Rillaboom|0 fnt|[from] item: Life Orb
|faint|p2a: Rillaboom
|
|win|clorox man
|raw|aaagislash's rating: 1727 &rarr; <strong>1709</strong><br />(-18 for losing)
|raw|clorox man's rating: 1770 &rarr; <strong>1788</strong><br />(+18 for winning)
|l|‽aaagislash
|player|p1|
|l|‽clorox man
|player|p2|
