|j|☆kaahasahat
|j|☆esta man oe
|t:|1779935068
|gametype|singles
|player|p1|kaahasahat|266|1489
|player|p2|esta man oe|preschooler|1393
|gen|9
|tier|[Gen 9] OU
|rated|
|rule|HP Percentage Mod: HP is shown in percentages
|rule|Endless Battle Clause: Forcing endless battles is banned
|rule|Species Clause: Limit one of each Pokémon
|rule|OHKO Clause: OHKO moves are banned
|rule|Evasion Items Clause: Evasion items are banned
|rule|Evasion Moves Clause: Evasion moves are banned
|rule|Evasion Abilities Clause: Evasion abilities are banned
|rule|Sleep Moves Clause: Sleep-inducing moves are banned
|clearpoke
|poke|p1|Ting-Lu|
|poke|p1|Gliscor, M|
|poke|p1|Sinistcha-Masterpiece|
|poke|p1|Keldeo|
|poke|p1|Tinkaton, F|
|poke|p1|Dragonite, F|
|poke|p2|Torkoal, M|
|poke|p2|Pelipper, M|
|poke|p2|Walking Wake|
|poke|p2|Hatterene, F|
|poke|p2|Raging Bolt|
|poke|p2|Alomomola, F|
|teampreview
|inactive|Battle timer is ON: inactive players will automatically lose when time's up. (requested by esta man oe)
|
|t:|1779935077
|teamsize|p1|6
|teamsize|p2|6
|start
|switch|p1a: Dance Armstrong|Gliscor, M|100/100
|switch|p2a: Torkoal|Torkoal, M|100/100
|-weather|SunnyDay|[from] ability: Drought|[of] p2a: Torkoal
|turn|1
|
|t:|1779935083
|switch|p2a: Hatterene|Hatterene, F, shiny|100/100
|move|p1a: Dance Armstrong|Knock Off|p2a: Hatterene
|-damage|p2a: Hatterene|82/100
|-enditem|p2a: Hatterene|Eject Button|[from] move: Knock Off|[of] p1a: Dance Armstrong
|
|-weather|SunnyDay|[upkeep]
|-status|p1a: Dance Armstrong|tox|[from] item: Toxic Orb
|upkeep
|turn|2
|
|t:|1779935096
|move|p1a: Dance Armstrong|Facade|p2a: Hatterene
|-damage|p2a: Hatterene|57/100
|move|p2a: Hatterene|Healing Wish|p2a: Hatterene
|faint|p2a: Hatterene
|
|-weather|SunnyDay|[upkeep]
|upkeep
|
|t:|1779935099
|switch|p2a: Walking Wake|Walking Wake|100/100
|-activate|p2a: Walking Wake|ability: Protosynthesis
|-start|p2a: Walking Wake|protosynthesisspa
|turn|3
|
|t:|1779935102
|-terastallize|p2a: Walking Wake|Water
|move|p1a: Dance Armstrong|Protect|p1a: Dance Armstrong
|-singleturn|p1a: Dance Armstrong|Protect
|move|p2a: Walking Wake|Hydro Steam|p1a: Dance Armstrong
|-activate|p1a: Dance Armstrong|move: Protect
|
|-weather|SunnyDay|[upkeep]
|upkeep
|turn|4
|inactive|kaahasahat has 120 seconds left.
|
|t:|1779935157
|switch|p1a: Tchavis Scott|Sinistcha-Masterpiece|100/100
|move|p2a: Walking Wake|Hydro Steam|p1a: Tchavis Scott
|-resisted|p1a: Tchavis Scott
|-damage|p1a: Tchavis Scott|10/100
|
|-weather|SunnyDay|[upkeep]
|upkeep
|turn|5
|
|t:|1779935165
|move|p2a: Walking Wake|Hydro Steam|p1a: Tchavis Scott
|-resisted|p1a: Tchavis Scott
|-damage|p1a: Tchavis Scott|0 fnt
|faint|p1a: Tchavis Scott
|
|-weather|SunnyDay|[upkeep]
|upkeep
|
|t:|1779935183
|switch|p1a: Secret Service|Dragonite, F|100/100
|turn|6
|
|t:|1779935201
|move|p1a: Secret Service|Extreme Speed|p2a: Walking Wake
|-damage|p2a: Walking Wake|67/100
|move|p2a: Walking Wake|Hydro Steam|p1a: Secret Service
|-resisted|p1a: Secret Service
|-damage|p1a: Secret Service|63/100
|
|-weather|SunnyDay|[upkeep]
|upkeep
|turn|7
|c|☆esta man oe|There were no underhanded or disgusting schemes, only elegant and powerful attacks.
|
|t:|1779935208
|move|p2a: Walking Wake|Hydro Steam|p1a: Secret Service
|-resisted|p1a: Secret Service
|-damage|p1a: Secret Service|0 fnt
|faint|p1a: Secret Service
|
|-weather|SunnyDay|[upkeep]
|upkeep
|
|t:|1779935217
|switch|p1a: My Little Pwny|Keldeo|100/100
|turn|8
|
|t:|1779935222
|move|p2a: Walking Wake|Hydro Steam|p1a: My Little Pwny
|-resisted|p1a: My Little Pwny
|-damage|p1a: My Little Pwny|12/100
|move|p1a: My Little Pwny|Aura Sphere|p2a: Walking Wake
|-damage|p2a: Walking Wake|16/100
|
|-weather|none
|-end|p2a: Walking Wake|Protosynthesis
|upkeep
|turn|9
|
|t:|1779935227
|-end|p2a: Walking Wake|Protosynthesis|[silent]
|switch|p2a: Alomomola|Alomomola, F|100/100
|move|p1a: My Little Pwny|Vacuum Wave|p2a: Alomomola
|-damage|p2a: Alomomola|86/100
|
|upkeep
|turn|10
|
|t:|1779935233
|move|p1a: My Little Pwny|Aura Sphere|p2a: Alomomola
|-damage|p2a: Alomomola|58/100
|move|p2a: Alomomola|Flip Turn|p1a: My Little Pwny
|-resisted|p1a: My Little Pwny
|-damage|p1a: My Little Pwny|2/100
|
|t:|1779935239
|switch|p2a: Pelipper|Pelipper, M|100/100|[from] Flip Turn
|-weather|RainDance|[from] ability: Drizzle|[of] p2a: Pelipper
|
|-weather|RainDance|[upkeep]
|upkeep
|turn|11
|
|t:|1779935247
|move|p1a: My Little Pwny|Flip Turn|p2a: Pelipper
|-resisted|p2a: Pelipper
|-damage|p2a: Pelipper|93/100
|
|t:|1779935250
|switch|p1a: Tinkki Minaj|Tinkaton, F|100/100|[from] Flip Turn
|-ability|p1a: Tinkki Minaj|Mold Breaker
|-item|p1a: Tinkki Minaj|Air Balloon
|move|p2a: Pelipper|U-turn|p1a: Tinkki Minaj
|-resisted|p1a: Tinkki Minaj
|-damage|p1a: Tinkki Minaj|98/100
|-enditem|p1a: Tinkki Minaj|Air Balloon
|
|t:|1779935253
|switch|p2a: Walking Wake|Walking Wake, tera:Water|16/100|[from] U-turn
|-heal|p2a: Walking Wake|100/100|[from] move: Healing Wish
|
|-weather|RainDance|[upkeep]
|upkeep
|turn|12
|
|t:|1779935265
|-terastallize|p1a: Tinkki Minaj|Water
|move|p2a: Walking Wake|Hydro Steam|p1a: Tinkki Minaj
|-resisted|p1a: Tinkki Minaj
|-damage|p1a: Tinkki Minaj|46/100
|move|p1a: Tinkki Minaj|Thunder Wave|p2a: Walking Wake
|-status|p2a: Walking Wake|par
|
|-weather|RainDance|[upkeep]
|upkeep
|turn|13
|
|t:|1779935275
|move|p1a: Tinkki Minaj|Stealth Rock|p2a: Walking Wake
|-sidestart|p2: esta man oe|move: Stealth Rock
|move|p2a: Walking Wake|Hydro Steam|p1a: Tinkki Minaj
|-resisted|p1a: Tinkki Minaj
|-damage|p1a: Tinkki Minaj|0 fnt
|faint|p1a: Tinkki Minaj
|
|-weather|RainDance|[upkeep]
|upkeep
|
|t:|1779935278
|switch|p1a: My Little Pwny|Keldeo|2/100
|turn|14
|
|t:|1779935281
|-end|p2a: Walking Wake|Protosynthesis|[silent]
|switch|p2a: Alomomola|Alomomola, F|91/100
|move|p1a: My Little Pwny|Aura Sphere|p2a: Alomomola
|-damage|p2a: Alomomola|59/100
|
|-weather|RainDance|[upkeep]
|upkeep
|turn|15
|
|t:|1779935286
|move|p1a: My Little Pwny|Aura Sphere|p2a: Alomomola
|-damage|p2a: Alomomola|32/100
|move|p2a: Alomomola|Flip Turn|p1a: My Little Pwny
|-resisted|p1a: My Little Pwny
|-damage|p1a: My Little Pwny|0 fnt
|faint|p1a: My Little Pwny
|
|t:|1779935288
|switch|p2a: Torkoal|Torkoal, M|100/100|[from] Flip Turn
|-damage|p2a: Torkoal|75/100|[from] Stealth Rock
|-weather|SunnyDay|[from] ability: Drought|[of] p2a: Torkoal
|
|-weather|SunnyDay|[upkeep]
|upkeep
|
|t:|1779935292
|switch|p1a: Jarhead|Ting-Lu|100/100
|-ability|p1a: Jarhead|Vessel of Ruin
|turn|16
|
|t:|1779935294
|move|p1a: Jarhead|Earthquake|p2a: Torkoal
|-supereffective|p2a: Torkoal
|-damage|p2a: Torkoal|30/100
|move|p2a: Torkoal|Rapid Spin|p1a: Jarhead
|-damage|p1a: Jarhead|94/100
|-boost|p2a: Torkoal|spe|1
|-sideend|p2: esta man oe|Stealth Rock|[from] move: Rapid Spin|[of] p2a: Torkoal
|
|-weather|SunnyDay|[upkeep]
|-heal|p1a: Jarhead|100/100|[from] item: Leftovers
|upkeep
|turn|17
|
|t:|1779935297
|switch|p2a: Alomomola|Alomomola, F|65/100
|move|p1a: Jarhead|Earthquake|p2a: Alomomola
|-damage|p2a: Alomomola|35/100
|
|-weather|SunnyDay|[upkeep]
|upkeep
|turn|18
|
|t:|1779935300
|move|p1a: Jarhead|Earthquake|p2a: Alomomola
|-damage|p2a: Alomomola|8/100
|move|p2a: Alomomola|Healing Wish|p2a: Alomomola
|faint|p2a: Alomomola
|
|-weather|SunnyDay|[upkeep]
|upkeep
|
|t:|1779935303
|switch|p2a: Walking Wake|Walking Wake, tera:Water|100/100 par
|-heal|p2a: Walking Wake|100/100|[from] move: Healing Wish
|-activate|p2a: Walking Wake|ability: Protosynthesis
|-start|p2a: Walking Wake|protosynthesisspa
|turn|19
|
|t:|1779935305
|move|p2a: Walking Wake|Hydro Steam|p1a: Jarhead
|-supereffective|p1a: Jarhead
|-damage|p1a: Jarhead|0 fnt
|faint|p1a: Jarhead
|
|-weather|SunnyDay|[upkeep]
|upkeep
|
|t:|1779935308
|switch|p1a: Dance Armstrong|Gliscor, M|100/100 tox
|turn|20
|-message|kaahasahat forfeited.
|
|win|esta man oe
|raw|kaahasahat's rating: 1489 &rarr; <strong>1464</strong><br />(-25 for losing)
|raw|esta man oe's rating: 1393 &rarr; <strong>1418</strong><br />(+25 for winning)
|l|☆kaahasahat
|player|p1|
