|j|☆2001civic
|j|‽zippitytippity
|t:|1779850903
|gametype|singles
|player|p1|2001civic|1|1627
|player|p2|zippitytippity|cynthia-masters4|1656
|gen|9
|tier|[Gen 9] OU
|rated|
|rule|HP Percentage Mod: HP is shown in percentages
|rule|Endless Battle Clause: Forcing endless battles is banned
|rule|Species Clause: Limit one of each Pokémon
|rule|OHKO Clause: OHKO moves are banned
|rule|Evasion Items Clause: Evasion items are banned
|rule|Evasion Moves Clause: Evasion moves are banned
|rule|Evasion Abilities Clause: Evasion abilities are banned
|rule|Sleep Moves Clause: Sleep-inducing moves are banned
|clearpoke
|poke|p1|Dragapult, M|
|poke|p1|Slowking-Galar, F|
|poke|p1|Heatran, F|
|poke|p1|Excadrill, F|
|poke|p1|Enamorus-Therian, F|
|poke|p1|Alomomola, M|
|poke|p2|Ursaluna, M|
|poke|p2|Cresselia, F|
|poke|p2|Iron Valiant|
|poke|p2|Hatterene, F|
|poke|p2|Keldeo-Resolute|
|poke|p2|Ogerpon, F|
|teampreview
|
|t:|1779850932
|teamsize|p1|6
|teamsize|p2|6
|start
|switch|p1a: Dragapult|Dragapult, M|100/100
|switch|p2a: Ogerpon|Ogerpon, F|100/100
|turn|1
|inactive|Battle timer is ON: inactive players will automatically lose when time's up. (requested by zippitytippity)
|
|t:|1779850975
|-terastallize|p2a: Ogerpon|Grass
|detailschange|p2a: Ogerpon|Ogerpon-Teal-Tera, F, tera:Grass
|-ability|p2a: Ogerpon|Embody Aspect (Teal)|boost
|-boost|p2a: Ogerpon|spe|1
|move|p2a: Ogerpon|Knock Off|p1a: Dragapult
|-supereffective|p1a: Dragapult
|-damage|p1a: Dragapult|0 fnt
|-enditem|p1a: Dragapult|Choice Band|[from] move: Knock Off|[of] p2a: Ogerpon
|faint|p1a: Dragapult
|
|upkeep
|
|t:|1779850992
|switch|p1a: Enamorus|Enamorus-Therian, F|100/100
|turn|2
|
|t:|1779851006
|switch|p2a: Cresselia|Cresselia, F, shiny|100/100
|move|p1a: Enamorus|Calm Mind|p1a: Enamorus
|-boost|p1a: Enamorus|spa|1
|-boost|p1a: Enamorus|spd|1
|
|upkeep
|turn|3
|
|t:|1779851012
|move|p1a: Enamorus|Iron Defense|p1a: Enamorus
|-boost|p1a: Enamorus|def|2
|move|p2a: Cresselia|Trick Room|p2a: Cresselia
|-fieldstart|move: Trick Room|[of] p2a: Cresselia
|
|upkeep
|turn|4
|
|t:|1779851023
|move|p1a: Enamorus|Iron Defense|p1a: Enamorus
|-boost|p1a: Enamorus|def|2
|move|p2a: Cresselia|Trick Room|p2a: Cresselia
|-fieldend|move: Trick Room
|
|upkeep
|turn|5
|
|t:|1779851028
|move|p2a: Cresselia|Lunar Dance|p2a: Cresselia
|faint|p2a: Cresselia
|move|p1a: Enamorus|Draining Kiss|p2: Cresselia|[notarget]
|-fail|p1a: Enamorus
|
|upkeep
|
|t:|1779851032
|switch|p2a: Iron Valiant|Iron Valiant|100/100
|-enditem|p2a: Iron Valiant|Booster Energy
|-activate|p2a: Iron Valiant|ability: Quark Drive|[fromitem]
|-start|p2a: Iron Valiant|quarkdrivespe
|turn|6
|
|t:|1779851036
|move|p2a: Iron Valiant|Destiny Bond|p2a: Iron Valiant
|-singlemove|p2a: Iron Valiant|Destiny Bond
|move|p1a: Enamorus|Draining Kiss|p2a: Iron Valiant
|-supereffective|p2a: Iron Valiant
|-damage|p2a: Iron Valiant|0 fnt
|faint|p2a: Iron Valiant
|-activate|p2a: Iron Valiant|move: Destiny Bond
|-end|p2a: Iron Valiant|Quark Drive|[silent]
|faint|p1a: Enamorus
|
|upkeep
|
|t:|1779851048
|switch|p2a: Keldeo|Keldeo-Resolute|100/100
|switch|p1a: Alomomola|Alomomola, M|100/100
|turn|7
|
|t:|1779851052
|move|p2a: Keldeo|Secret Sword|p1a: Alomomola
|-damage|p1a: Alomomola|60/100
|move|p1a: Alomomola|Flip Turn|p2a: Keldeo
|-resisted|p2a: Keldeo
|-damage|p2a: Keldeo|91/100
|
|t:|1779851055
|switch|p1a: Slowking|Slowking-Galar, F|100/100|[from] Flip Turn
|
|upkeep
|turn|8
|
|t:|1779851062
|switch|p2a: Ursaluna|Ursaluna, M, shiny|100/100
|move|p1a: Slowking|Future Sight|p2a: Ursaluna
|-start|p1a: Slowking|move: Future Sight
|
|-status|p2a: Ursaluna|brn|[from] item: Flame Orb
|upkeep
|turn|9
|
|t:|1779851068
|switch|p1a: Alomomola|Alomomola, M|93/100
|move|p2a: Ursaluna|Headlong Rush|p1a: Alomomola
|-damage|p1a: Alomomola|35/100
|-unboost|p2a: Ursaluna|def|1
|-unboost|p2a: Ursaluna|spd|1
|
|-damage|p2a: Ursaluna|94/100 brn|[from] brn
|upkeep
|turn|10
|
|t:|1779851075
|switch|p2a: Hatterene|Hatterene, F, shiny|100/100
|move|p1a: Alomomola|Protect||[still]
|-fail|p1a: Alomomola
|
|-end|p2a: Hatterene|move: Future Sight
|-resisted|p2a: Hatterene
|-damage|p2a: Hatterene|79/100
|upkeep
|turn|11
|
|t:|1779851084
|switch|p2a: Ogerpon|Ogerpon-Teal-Tera, F, tera:Grass|100/100
|-heal|p2a: Ogerpon|100/100|[from] move: Lunar Dance
|-ability|p2a: Ogerpon|Embody Aspect (Teal)|boost
|-boost|p2a: Ogerpon|spe|1
|move|p1a: Alomomola|Wish|p1a: Alomomola
|
|upkeep
|turn|12
|
|t:|1779851089
|move|p1a: Alomomola|Protect|p1a: Alomomola
|-singleturn|p1a: Alomomola|Protect
|move|p2a: Ogerpon|Knock Off|p1a: Alomomola
|-activate|p1a: Alomomola|move: Protect
|
|-heal|p1a: Alomomola|85/100|[from] move: Wish|[wisher] Alomomola
|upkeep
|turn|13
|
|t:|1779851094
|move|p2a: Ogerpon|Knock Off|p1a: Alomomola
|-crit|p1a: Alomomola
|-damage|p1a: Alomomola|44/100
|-enditem|p1a: Alomomola|Heavy-Duty Boots|[from] move: Knock Off|[of] p2a: Ogerpon
|move|p1a: Alomomola|Scald|p2a: Ogerpon
|-resisted|p2a: Ogerpon
|-damage|p2a: Ogerpon|92/100
|
|upkeep
|turn|14
|
|t:|1779851101
|switch|p2a: Hatterene|Hatterene, F, shiny|79/100
|move|p1a: Alomomola|Flip Turn|p2a: Hatterene
|-damage|p2a: Hatterene|60/100
|
|t:|1779851106
|switch|p1a: Excadrill|Excadrill, F|100/100|[from] Flip Turn
|-ability|p1a: Excadrill|Mold Breaker
|
|upkeep
|turn|15
|
|t:|1779851110
|switch|p2a: Keldeo|Keldeo-Resolute|91/100
|move|p1a: Excadrill|Stealth Rock|p2a: Keldeo
|-sidestart|p2: zippitytippity|move: Stealth Rock
|
|upkeep
|turn|16
|
|t:|1779851115
|switch|p1a: Slowking|Slowking-Galar, F|100/100
|move|p2a: Keldeo|Surf|p1a: Slowking
|-damage|p1a: Slowking|57/100
|
|upkeep
|turn|17
|
|t:|1779851118
|move|p2a: Keldeo|Surf|p1a: Slowking
|-damage|p1a: Slowking|12/100
|move|p1a: Slowking|Slack Off|p1a: Slowking
|-heal|p1a: Slowking|62/100
|
|upkeep
|turn|18
|j| Rambleton
|
|t:|1779851123
|move|p2a: Keldeo|Surf|p1a: Slowking
|-damage|p1a: Slowking|16/100
|-prepare|p1a: Slowking|Chilly Reception|[premajor]
|move|p1a: Slowking|Chilly Reception|p1a: Slowking
|-weather|Snowscape
|
|t:|1779851127
|switch|p1a: Alomomola|Alomomola, M|77/100|[from] Chilly Reception
|
|-weather|Snowscape|[upkeep]
|upkeep
|turn|19
|
|t:|1779851131
|switch|p2a: Ursaluna|Ursaluna, M, shiny|94/100 brn
|-damage|p2a: Ursaluna|88/100 brn|[from] Stealth Rock
|move|p1a: Alomomola|Wish|p1a: Alomomola
|
|-weather|Snowscape|[upkeep]
|-damage|p2a: Ursaluna|82/100 brn|[from] brn
|upkeep
|turn|20
|
|t:|1779851139
|move|p1a: Alomomola|Scald|p2a: Ursaluna
|-supereffective|p2a: Ursaluna
|-damage|p2a: Ursaluna|59/100 brn
|move|p2a: Ursaluna|Facade|p1a: Alomomola
|-damage|p1a: Alomomola|3/100
|
|-weather|Snowscape|[upkeep]
|-heal|p1a: Alomomola|53/100|[from] move: Wish|[wisher] Alomomola
|-damage|p2a: Ursaluna|53/100 brn|[from] brn
|upkeep
|turn|21
|
|t:|1779851149
|move|p1a: Alomomola|Protect|p1a: Alomomola
|-singleturn|p1a: Alomomola|Protect
|move|p2a: Ursaluna|Facade|p1a: Alomomola
|-activate|p1a: Alomomola|move: Protect
|
|-weather|Snowscape|[upkeep]
|-damage|p2a: Ursaluna|47/100 brn|[from] brn
|upkeep
|turn|22
|
|t:|1779851153
|move|p1a: Alomomola|Flip Turn|p2a: Ursaluna
|-supereffective|p2a: Ursaluna
|-damage|p2a: Ursaluna|23/100 brn
|
|t:|1779851166
|switch|p1a: Excadrill|Excadrill, F|100/100|[from] Flip Turn
|-ability|p1a: Excadrill|Mold Breaker
|move|p2a: Ursaluna|Facade|p1a: Excadrill
|-resisted|p1a: Excadrill
|-damage|p1a: Excadrill|25/100
|
|-weather|none
|-heal|p1a: Excadrill|32/100|[from] item: Leftovers
|-damage|p2a: Ursaluna|17/100 brn|[from] brn
|upkeep
|turn|23
|
|t:|1779851171
|switch|p2a: Keldeo|Keldeo-Resolute|91/100
|-damage|p2a: Keldeo|85/100|[from] Stealth Rock
|move|p1a: Excadrill|Earthquake|p2a: Keldeo
|-damage|p2a: Keldeo|36/100
|
|-heal|p1a: Excadrill|38/100|[from] item: Leftovers
|upkeep
|turn|24
|j| ffdgcvbbcvxb cfgd
|
|t:|1779851188
|move|p2a: Keldeo|Flip Turn|p1a: Excadrill
|-supereffective|p1a: Excadrill
|-damage|p1a: Excadrill|0 fnt
|faint|p1a: Excadrill
|
|t:|1779851198
|switch|p2a: Ogerpon|Ogerpon-Teal-Tera, F, tera:Grass|92/100|[from] Flip Turn
|-damage|p2a: Ogerpon|80/100|[from] Stealth Rock
|-ability|p2a: Ogerpon|Embody Aspect (Teal)|boost
|-boost|p2a: Ogerpon|spe|1
|
|upkeep
|
|t:|1779851206
|switch|p1a: Heatran|Heatran, F|100/100
|turn|25
|
|t:|1779851212
|move|p1a: Heatran|Protect|p1a: Heatran
|-singleturn|p1a: Heatran|Protect
|move|p2a: Ogerpon|Superpower|p1a: Heatran
|-activate|p1a: Heatran|move: Protect
|
|upkeep
|turn|26
|
|t:|1779851218
|switch|p2a: Hatterene|Hatterene, F, shiny|60/100
|-damage|p2a: Hatterene|48/100|[from] Stealth Rock
|switch|p1a: Slowking|Slowking-Galar, F|49/100
|
|upkeep
|turn|27
|
|t:|1779851227
|-prepare|p1a: Slowking|Chilly Reception|[premajor]
|move|p1a: Slowking|Chilly Reception|p1a: Slowking
|-weather|Snowscape
|
|t:|1779851233
|switch|p1a: Heatran|Heatran, F|100/100|[from] Chilly Reception
|move|p2a: Hatterene|Healing Wish|p2a: Hatterene
|faint|p2a: Hatterene
|
|-weather|Snowscape|[upkeep]
|upkeep
|
|t:|1779851238
|switch|p2a: Ursaluna|Ursaluna, M, shiny|17/100 brn
|-heal|p2a: Ursaluna|100/100|[from] move: Healing Wish
|-damage|p2a: Ursaluna|94/100|[from] Stealth Rock
|turn|28
|
|t:|1779851246
|move|p1a: Heatran|Magma Storm|p2a: Ursaluna
|-damage|p2a: Ursaluna|52/100
|-activate|p2a: Ursaluna|move: Magma Storm|[of] p1a: Heatran
|move|p2a: Ursaluna|Headlong Rush|p1a: Heatran
|-supereffective|p1a: Heatran
|-damage|p1a: Heatran|0 fnt
|-unboost|p2a: Ursaluna|def|1
|-unboost|p2a: Ursaluna|spd|1
|faint|p1a: Heatran
|
|-weather|Snowscape|[upkeep]
|-end|p2a: Ursaluna|Magma Storm|[partiallytrapped]|[silent]
|-status|p2a: Ursaluna|brn|[from] item: Flame Orb
|upkeep
|
|t:|1779851252
|switch|p1a: Alomomola|Alomomola, M|86/100
|turn|29
|
|t:|1779851260
|switch|p2a: Keldeo|Keldeo-Resolute|36/100
|-damage|p2a: Keldeo|30/100|[from] Stealth Rock
|move|p1a: Alomomola|Scald|p2a: Keldeo
|-resisted|p2a: Keldeo
|-damage|p2a: Keldeo|22/100
|-status|p2a: Keldeo|brn
|
|-weather|Snowscape|[upkeep]
|-damage|p2a: Keldeo|16/100 brn|[from] brn
|upkeep
|turn|30
|
|t:|1779851267
|move|p2a: Keldeo|Secret Sword|p1a: Alomomola
|-crit|p1a: Alomomola
|-damage|p1a: Alomomola|31/100
|move|p1a: Alomomola|Wish|p1a: Alomomola
|
|-weather|Snowscape|[upkeep]
|-damage|p2a: Keldeo|10/100 brn|[from] brn
|upkeep
|turn|31
|j| 655484uyh
|inactive|2001civic has 120 seconds left.
|inactive|2001civic has 90 seconds left.
|
|t:|1779851337
|move|p1a: Alomomola|Protect|p1a: Alomomola
|-singleturn|p1a: Alomomola|Protect
|move|p2a: Keldeo|Secret Sword|p1a: Alomomola
|-activate|p1a: Alomomola|move: Protect
|
|-weather|none
|-heal|p1a: Alomomola|81/100|[from] move: Wish|[wisher] Alomomola
|-damage|p2a: Keldeo|4/100 brn|[from] brn
|upkeep
|turn|32
|
|t:|1779851361
|move|p2a: Keldeo|Secret Sword|p1a: Alomomola
|-damage|p1a: Alomomola|39/100
|move|p1a: Alomomola|Wish|p1a: Alomomola
|
|-damage|p2a: Keldeo|0 fnt|[from] brn
|faint|p2a: Keldeo
|upkeep
|
|t:|1779851364
|switch|p2a: Ogerpon|Ogerpon-Teal-Tera, F, tera:Grass|80/100
|-damage|p2a: Ogerpon|68/100|[from] Stealth Rock
|-ability|p2a: Ogerpon|Embody Aspect (Teal)|boost
|-boost|p2a: Ogerpon|spe|1
|turn|33
|inactive|2001civic has 90 seconds left.
|
|t:|1779851383
|move|p1a: Alomomola|Protect|p1a: Alomomola
|-singleturn|p1a: Alomomola|Protect
|move|p2a: Ogerpon|Ivy Cudgel|p1a: Alomomola
|-activate|p1a: Alomomola|move: Protect
|
|-heal|p1a: Alomomola|89/100|[from] move: Wish|[wisher] Alomomola
|upkeep
|turn|34
|
|t:|1779851390
|switch|p1a: Slowking|Slowking-Galar, F|82/100
|move|p2a: Ogerpon|Ivy Cudgel|p1a: Slowking
|-resisted|p1a: Slowking
|-damage|p1a: Slowking|32/100
|
|upkeep
|turn|35
|
|t:|1779851398
|move|p2a: Ogerpon|Ivy Cudgel|p1a: Slowking
|-resisted|p1a: Slowking
|-damage|p1a: Slowking|0 fnt
|faint|p1a: Slowking
|
|upkeep
|l|☆2001civic
|inactive|2001civic disconnected and has a minute to reconnect!
|player|p1|
|inactive|2001civic has 30 seconds to reconnect!
|inactive|2001civic has 20 seconds to reconnect!
|l| Rambleton
|inactive|2001civic has 15 seconds to reconnect!
|inactive|2001civic has 10 seconds to reconnect!
|inactive|2001civic has 5 seconds to reconnect!
|-message|2001civic lost due to inactivity.
|
|win|zippitytippity
|raw|2001civic's rating: 1627 &rarr; <strong>1609</strong><br />(-18 for losing)
|raw|zippitytippity's rating: 1656 &rarr; <strong>1674</strong><br />(+18 for winning)
|l| ffdgcvbbcvxb cfgd
