|badge|p1|bronze|gen9ubers|100-9
|uhtml|medal-msg|<div class="broadcast-blue">Curious what those medals under the avatar are? PS now has Ladder Seasons! For more information, check out the <a href="https://www.smogon.com/forums/threads/3740067/">thread on Smogon.</a></div>
|j|☆alexander90281
|j|‽rank 1 greninja
|t:|1779936535
|gametype|singles
|player|p1|alexander90281|tateandliza-gen3|1686
|player|p2|rank 1 greninja|266|1721
|gen|9
|tier|[Gen 9] OU
|rated|
|rule|HP Percentage Mod: HP is shown in percentages
|rule|Endless Battle Clause: Forcing endless battles is banned
|rule|Species Clause: Limit one of each Pokémon
|rule|OHKO Clause: OHKO moves are banned
|rule|Evasion Items Clause: Evasion items are banned
|rule|Evasion Moves Clause: Evasion moves are banned
|rule|Evasion Abilities Clause: Evasion abilities are banned
|rule|Sleep Moves Clause: Sleep-inducing moves are banned
|clearpoke
|poke|p1|Mimikyu, M|
|poke|p1|Hatterene, F|
|poke|p1|Ursaluna, F|
|poke|p1|Raging Bolt|
|poke|p1|Kingambit, F|
|poke|p1|Breloom, F|
|poke|p2|Pelipper, F|
|poke|p2|Tornadus-Therian, M|
|poke|p2|Barraskewda, F|
|poke|p2|Iron Treads|
|poke|p2|Raging Bolt|
|poke|p2|Moltres|
|teampreview
|inactive|Battle timer is ON: inactive players will automatically lose when time's up. (requested by rank 1 greninja)
|
|t:|1779936540
|teamsize|p1|6
|teamsize|p2|6
|start
|switch|p1a: Hatterene|Hatterene, F|100/100
|switch|p2a: Pelipper|Pelipper, F|100/100
|-weather|RainDance|[from] ability: Drizzle|[of] p2a: Pelipper
|turn|1
|
|t:|1779936546
|move|p2a: Pelipper|U-turn|p1a: Hatterene
|-damage|p1a: Hatterene|91/100
|
|t:|1779936551
|switch|p2a: Iron Treads|Iron Treads|100/100|[from] U-turn
|move|p1a: Hatterene|Trick Room|p1a: Hatterene
|-fieldstart|move: Trick Room|[of] p1a: Hatterene
|
|-weather|RainDance|[upkeep]
|upkeep
|turn|2
|
|t:|1779936556
|move|p1a: Hatterene|Mystical Fire|p2a: Iron Treads
|-supereffective|p2a: Iron Treads
|-damage|p2a: Iron Treads|85/100
|-unboost|p2a: Iron Treads|spa|1
|move|p2a: Iron Treads|Volt Switch|p1a: Hatterene
|-damage|p1a: Hatterene|81/100
|
|t:|1779936567
|-end|p2a: Iron Treads|Quark Drive|[silent]
|switch|p2a: Tornadus|Tornadus-Therian, M|100/100|[from] Volt Switch
|
|-weather|RainDance|[upkeep]
|upkeep
|turn|3
|
|t:|1779936571
|move|p1a: Hatterene|Psychic Noise|p2a: Tornadus
|-damage|p2a: Tornadus|43/100
|-start|p2a: Tornadus|move: Heal Block
|move|p2a: Tornadus|Hurricane|p1a: Hatterene
|-damage|p1a: Hatterene|17/100
|-damage|p2a: Tornadus|34/100|[from] item: Life Orb
|
|-weather|RainDance|[upkeep]
|upkeep
|turn|4
|
|t:|1779936579
|switch|p2a: Iron Treads|Iron Treads|85/100
|move|p1a: Hatterene|Healing Wish|p1a: Hatterene
|faint|p1a: Hatterene
|
|-weather|RainDance|[upkeep]
|upkeep
|
|t:|1779936583
|switch|p1a: Breloom|Breloom, F|100/100
|turn|5
|
|t:|1779936586
|move|p1a: Breloom|Swords Dance|p1a: Breloom
|-boost|p1a: Breloom|atk|2
|move|p2a: Iron Treads|Volt Switch|p1a: Breloom
|-resisted|p1a: Breloom
|-damage|p1a: Breloom|91/100
|
|t:|1779936589
|-end|p2a: Iron Treads|Quark Drive|[silent]
|switch|p2a: Moltres|Moltres|100/100|[from] Volt Switch
|
|-weather|RainDance|[upkeep]
|-fieldend|move: Trick Room
|upkeep
|turn|6
|
|t:|1779936594
|-terastallize|p1a: Breloom|Grass
|move|p2a: Moltres|Hurricane|p1a: Breloom
|-supereffective|p1a: Breloom
|-damage|p1a: Breloom|0 fnt
|faint|p1a: Breloom
|
|-weather|RainDance|[upkeep]
|upkeep
|
|t:|1779936603
|switch|p1a: Raging Bolt|Raging Bolt|100/100
|-enditem|p1a: Raging Bolt|Booster Energy
|-activate|p1a: Raging Bolt|ability: Protosynthesis|[fromitem]
|-start|p1a: Raging Bolt|protosynthesisspa
|turn|7
|
|t:|1779936607
|switch|p2a: Iron Treads|Iron Treads|85/100
|move|p1a: Raging Bolt|Calm Mind|p1a: Raging Bolt
|-boost|p1a: Raging Bolt|spa|1
|-boost|p1a: Raging Bolt|spd|1
|
|-weather|RainDance|[upkeep]
|upkeep
|turn|8
|
|t:|1779936619
|move|p2a: Iron Treads|Ice Spinner|p1a: Raging Bolt
|-supereffective|p1a: Raging Bolt
|-damage|p1a: Raging Bolt|69/100
|move|p1a: Raging Bolt|Dragon Pulse|p2a: Iron Treads
|-resisted|p2a: Iron Treads
|-damage|p2a: Iron Treads|59/100
|
|-weather|none
|upkeep
|turn|9
|
|t:|1779936627
|move|p2a: Iron Treads|Ice Spinner|p1a: Raging Bolt
|-supereffective|p1a: Raging Bolt
|-damage|p1a: Raging Bolt|38/100
|move|p1a: Raging Bolt|Dragon Pulse|p2a: Iron Treads
|-resisted|p2a: Iron Treads
|-damage|p2a: Iron Treads|32/100
|
|upkeep
|turn|10
|
|t:|1779936638
|move|p2a: Iron Treads|Ice Spinner|p1a: Raging Bolt
|-supereffective|p1a: Raging Bolt
|-damage|p1a: Raging Bolt|3/100
|move|p1a: Raging Bolt|Dragon Pulse|p2a: Iron Treads
|-resisted|p2a: Iron Treads
|-damage|p2a: Iron Treads|4/100
|
|upkeep
|turn|11
|
|t:|1779936642
|-end|p1a: Raging Bolt|Protosynthesis|[silent]
|switch|p1a: Mimikyu|Mimikyu, M|100/100
|move|p2a: Iron Treads|Rapid Spin|p1a: Mimikyu
|-immune|p1a: Mimikyu
|
|upkeep
|turn|12
|
|t:|1779936647
|move|p2a: Iron Treads|Earth Power|p1a: Mimikyu
|-activate|p1a: Mimikyu|ability: Disguise
|-damage|p1a: Mimikyu|100/100
|detailschange|p1a: Mimikyu|Mimikyu-Busted, M
|-damage|p1a: Mimikyu|88/100|[from] pokemon: Mimikyu-Busted
|move|p1a: Mimikyu|Trick Room|p1a: Mimikyu
|-fieldstart|move: Trick Room|[of] p1a: Mimikyu
|
|upkeep
|turn|13
|
|t:|1779936652
|switch|p1a: Kingambit|Kingambit, F|100/100
|-activate|p1a: Kingambit|ability: Supreme Overlord
|-start|p1a: Kingambit|fallen2|[silent]
|move|p2a: Iron Treads|Volt Switch|p1a: Kingambit
|-damage|p1a: Kingambit|87/100
|
|t:|1779936655
|-end|p2a: Iron Treads|Quark Drive|[silent]
|switch|p2a: Pelipper|Pelipper, F|100/100|[from] Volt Switch
|-weather|RainDance|[from] ability: Drizzle|[of] p2a: Pelipper
|
|-weather|RainDance|[upkeep]
|upkeep
|turn|14
|
|t:|1779936660
|move|p2a: Pelipper|U-turn|p1a: Kingambit
|-damage|p1a: Kingambit|80/100
|
|t:|1779936661
|switch|p2a: Moltres|Moltres|100/100|[from] U-turn
|move|p1a: Kingambit|Kowtow Cleave|p2a: Moltres
|-damage|p2a: Moltres|14/100
|-status|p1a: Kingambit|brn|[from] ability: Flame Body|[of] p2a: Moltres
|
|-weather|RainDance|[upkeep]
|-damage|p1a: Kingambit|74/100 brn|[from] brn
|upkeep
|turn|15
|
|t:|1779936664
|move|p1a: Kingambit|Kowtow Cleave|p2a: Moltres
|-damage|p2a: Moltres|0 fnt
|faint|p2a: Moltres
|
|-weather|RainDance|[upkeep]
|-damage|p1a: Kingambit|68/100 brn|[from] brn
|upkeep
|
|t:|1779936669
|switch|p2a: Raging Bolt|Raging Bolt|100/100
|turn|16
|
|t:|1779936676
|-end|p1a: Kingambit|fallen2|[silent]
|switch|p1a: Raging Bolt|Raging Bolt|3/100
|-heal|p1a: Raging Bolt|100/100|[from] move: Healing Wish
|move|p2a: Raging Bolt|Volt Switch|p1a: Raging Bolt
|-resisted|p1a: Raging Bolt
|-crit|p1a: Raging Bolt
|-damage|p1a: Raging Bolt|90/100
|
|t:|1779936687
|-end|p2a: Raging Bolt|Protosynthesis|[silent]
|switch|p2a: Iron Treads|Iron Treads|4/100|[from] Volt Switch
|
|-weather|RainDance|[upkeep]
|-fieldend|move: Trick Room
|upkeep
|turn|17
|inactive|alexander90281 has 120 seconds left.
|inactive|alexander90281 has 90 seconds left.
|
|t:|1779936768
|-end|p1a: Raging Bolt|Protosynthesis|[silent]
|switch|p1a: Kingambit|Kingambit, F|68/100 brn
|-activate|p1a: Kingambit|ability: Supreme Overlord
|-start|p1a: Kingambit|fallen2|[silent]
|move|p2a: Iron Treads|Earth Power|p1a: Kingambit
|-supereffective|p1a: Kingambit
|-damage|p1a: Kingambit|23/100 brn
|
|-weather|RainDance|[upkeep]
|-damage|p1a: Kingambit|17/100 brn|[from] brn
|upkeep
|turn|18
|
|t:|1779936772
|-end|p2a: Iron Treads|Quark Drive|[silent]
|switch|p2a: Raging Bolt|Raging Bolt|100/100
|move|p1a: Kingambit|Kowtow Cleave|p2a: Raging Bolt
|-damage|p2a: Raging Bolt|69/100
|
|-weather|RainDance|[upkeep]
|-damage|p1a: Kingambit|11/100 brn|[from] brn
|upkeep
|turn|19
|
|t:|1779936778
|move|p2a: Raging Bolt|Thunderclap|p1a: Kingambit
|-damage|p1a: Kingambit|0 fnt
|faint|p1a: Kingambit
|-end|p1a: Kingambit|fallen2|[silent]
|
|-weather|RainDance|[upkeep]
|upkeep
|inactive|alexander90281 has 90 seconds left.
|
|t:|1779936789
|switch|p1a: Mimikyu|Mimikyu-Busted, M|88/100
|turn|20
|
|t:|1779936795
|move|p1a: Mimikyu|Protect|p1a: Mimikyu
|-singleturn|p1a: Mimikyu|Protect
|move|p2a: Raging Bolt|Weather Ball|p1a: Mimikyu
|-activate|p1a: Mimikyu|move: Protect
|
|-weather|none
|upkeep
|turn|21
|
|t:|1779936805
|move|p2a: Raging Bolt|Volt Switch|p1a: Mimikyu
|-damage|p1a: Mimikyu|45/100
|
|t:|1779936807
|-end|p2a: Raging Bolt|Protosynthesis|[silent]
|switch|p2a: Pelipper|Pelipper, F|100/100|[from] Volt Switch
|-weather|RainDance|[from] ability: Drizzle|[of] p2a: Pelipper
|move|p1a: Mimikyu|Trick Room|p1a: Mimikyu
|-fieldstart|move: Trick Room|[of] p1a: Mimikyu
|
|-weather|RainDance|[upkeep]
|upkeep
|turn|22
|j| nesnot
|inactive|alexander90281 has 90 seconds left.
|
|t:|1779936860
|move|p2a: Pelipper|Hurricane|p1a: Mimikyu
|-damage|p1a: Mimikyu|2/100
|-start|p1a: Mimikyu|confusion
|-activate|p1a: Mimikyu|confusion
|move|p1a: Mimikyu|Curse|p2a: Pelipper
|-start|p2a: Pelipper|Curse|[of] p1a: Mimikyu
|-damage|p1a: Mimikyu|0 fnt
|faint|p1a: Mimikyu
|
|-weather|RainDance|[upkeep]
|-damage|p2a: Pelipper|76/100|[from] Curse
|upkeep
|
|t:|1779936866
|switch|p1a: Raging Bolt|Raging Bolt|90/100
|turn|23
|j| Hashg Skynyrd
|l| Hashg Skynyrd
|
|t:|1779936879
|move|p2a: Pelipper|Ice Beam|p1a: Raging Bolt
|-supereffective|p1a: Raging Bolt
|-crit|p1a: Raging Bolt
|-damage|p1a: Raging Bolt|38/100
|move|p1a: Raging Bolt|Dragon Pulse|p2a: Pelipper
|-damage|p2a: Pelipper|3/100
|
|-weather|RainDance|[upkeep]
|-damage|p2a: Pelipper|0 fnt|[from] Curse
|faint|p2a: Pelipper
|upkeep
|
|t:|1779936889
|switch|p2a: Barraskewda|Barraskewda, F|100/100
|turn|24
|
|t:|1779936894
|-terastallize|p2a: Barraskewda|Water
|move|p1a: Raging Bolt|Thunderclap|p2a: Barraskewda
|-supereffective|p2a: Barraskewda
|-damage|p2a: Barraskewda|0 fnt
|faint|p2a: Barraskewda
|
|-weather|RainDance|[upkeep]
|upkeep
|l| nesnot
|
|t:|1779936908
|switch|p2a: Tornadus|Tornadus-Therian, M|67/100
|turn|25
|
|t:|1779936912
|move|p1a: Raging Bolt|Dragon Pulse|p2a: Tornadus
|-damage|p2a: Tornadus|4/100
|move|p2a: Tornadus|Hurricane|p1a: Raging Bolt
|-resisted|p1a: Raging Bolt
|-damage|p1a: Raging Bolt|13/100
|-damage|p2a: Tornadus|0 fnt|[from] item: Life Orb
|faint|p2a: Tornadus
|
|-weather|RainDance|[upkeep]
|-fieldend|move: Trick Room
|upkeep
|
|t:|1779936918
|switch|p2a: Raging Bolt|Raging Bolt|69/100
|turn|26
|
|t:|1779936927
|move|p1a: Raging Bolt|Thunderclap|p2a: Raging Bolt
|-resisted|p2a: Raging Bolt
|-damage|p2a: Raging Bolt|63/100
|move|p2a: Raging Bolt|Volt Switch|p1a: Raging Bolt
|-resisted|p1a: Raging Bolt
|-damage|p1a: Raging Bolt|5/100
|
|t:|1779936931
|-end|p2a: Raging Bolt|Protosynthesis|[silent]
|switch|p2a: Iron Treads|Iron Treads|4/100|[from] Volt Switch
|
|-weather|RainDance|[upkeep]
|upkeep
|turn|27
|
|t:|1779936945
|move|p2a: Iron Treads|Volt Switch|p1a: Raging Bolt
|-resisted|p1a: Raging Bolt
|-damage|p1a: Raging Bolt|2/100
|
|t:|1779936947
|-end|p2a: Iron Treads|Quark Drive|[silent]
|switch|p2a: Raging Bolt|Raging Bolt|63/100|[from] Volt Switch
|move|p1a: Raging Bolt|Dragon Pulse|p2a: Raging Bolt
|-supereffective|p2a: Raging Bolt
|-damage|p2a: Raging Bolt|0 fnt
|faint|p2a: Raging Bolt
|-end|p2a: Raging Bolt|Protosynthesis|[silent]
|
|-weather|RainDance|[upkeep]
|upkeep
|-message|rank 1 greninja forfeited.
|
|win|alexander90281
|raw|alexander90281's rating: 1686 &rarr; <strong>1708</strong><br />(+22 for winning)
|raw|rank 1 greninja's rating: 1721 &rarr; <strong>1699</strong><br />(-22 for losing)
|l|‽rank 1 greninja
|player|p2|
|l|☆alexander90281
|player|p1|
