|j|☆Weghettoflowers
|j|☆highladderisscary(
|t:|1779847883
|gametype|singles
|player|p1|Weghettoflowers|2|1341
|player|p2|highladderisscary(|miku-ghost|1384
|gen|9
|tier|[Gen 9] OU
|rated|
|rule|HP Percentage Mod: HP is shown in percentages
|rule|Endless Battle Clause: Forcing endless battles is banned
|rule|Species Clause: Limit one of each Pokémon
|rule|OHKO Clause: OHKO moves are banned
|rule|Evasion Items Clause: Evasion items are banned
|rule|Evasion Moves Clause: Evasion moves are banned
|rule|Evasion Abilities Clause: Evasion abilities are banned
|rule|Sleep Moves Clause: Sleep-inducing moves are banned
|clearpoke
|poke|p1|Great Tusk|
|poke|p1|Hatterene, F|
|poke|p1|Ceruledge, M|
|poke|p1|Walking Wake|
|poke|p1|Ninetales, F|
|poke|p1|Blaziken, F|
|poke|p2|Glimmora, F|
|poke|p2|Ninetales-Alola, F|
|poke|p2|Slowbro-Galar, F|
|poke|p2|Garchomp, M|
|poke|p2|Enamorus, F|
|poke|p2|Iron Crown|
|teampreview
|l|☆Weghettoflowers
|player|p1|
|j|☆Weghettoflowers
|player|p1|Weghettoflowers|2|
|inactive|Battle timer is ON: inactive players will automatically lose when time's up. (requested by highladderisscary()
|
|t:|1779847932
|teamsize|p1|6
|teamsize|p2|6
|start
|switch|p1a: Mrs Tales|Ninetales, F|100/100
|switch|p2a: Garchomp|Garchomp, M|100/100
|-weather|SunnyDay|[from] ability: Drought|[of] p1a: Mrs Tales
|turn|1
|
|t:|1779847937
|switch|p1a: Mrs Hatt|Hatterene, F|100/100
|move|p2a: Garchomp|Earthquake|p1a: Mrs Hatt
|-damage|p1a: Mrs Hatt|40/100
|-enditem|p1a: Mrs Hatt|Eject Button
|
|t:|1779847939
|switch|p1a: Mr Wake|Walking Wake|100/100
|-activate|p1a: Mr Wake|ability: Protosynthesis
|-start|p1a: Mr Wake|protosynthesisspa
|
|-weather|SunnyDay|[upkeep]
|upkeep
|turn|2
|
|t:|1779847947
|switch|p2a: Ninetales|Ninetales-Alola, F|100/100
|-weather|Snowscape|[from] ability: Snow Warning|[of] p2a: Ninetales
|-end|p1a: Mr Wake|Protosynthesis
|move|p1a: Mr Wake|Hydro Steam|p2a: Ninetales
|-damage|p2a: Ninetales|46/100
|
|-weather|Snowscape|[upkeep]
|upkeep
|turn|3
|
|t:|1779847969
|-terastallize|p2a: Ninetales|Water
|move|p1a: Mr Wake|Hydro Steam|p2a: Ninetales
|-resisted|p2a: Ninetales
|-damage|p2a: Ninetales|16/100
|move|p2a: Ninetales|Freeze-Dry|p1a: Mr Wake
|-supereffective|p1a: Mr Wake
|-damage|p1a: Mr Wake|0 fnt
|faint|p1a: Mr Wake
|-end|p1a: Mr Wake|Protosynthesis|[silent]
|
|-weather|Snowscape|[upkeep]
|upkeep
|
|t:|1779847978
|switch|p1a: Ceruledge|Ceruledge, M|100/100
|turn|4
|
|t:|1779847981
|move|p1a: Ceruledge|Shadow Sneak|p2a: Ninetales
|-damage|p2a: Ninetales|0 fnt
|faint|p2a: Ninetales
|
|-weather|Snowscape|[upkeep]
|upkeep
|
|t:|1779847985
|switch|p2a: Garchomp|Garchomp, M|100/100
|turn|5
|
|t:|1779847991
|switch|p1a: Mrs Hatt|Hatterene, F|40/100
|move|p2a: Garchomp|Scale Shot|p1a: Mrs Hatt
|-immune|p1a: Mrs Hatt
|
|-weather|Snowscape|[upkeep]
|upkeep
|turn|6
|
|t:|1779847997
|move|p2a: Garchomp|Earthquake|p1a: Mrs Hatt
|-damage|p1a: Mrs Hatt|0 fnt
|faint|p1a: Mrs Hatt
|
|-weather|none
|upkeep
|
|t:|1779848010
|switch|p1a: Mr Tusk|Great Tusk|100/100
|turn|7
|
|t:|1779848018
|switch|p2a: Glimmora|Glimmora, F|100/100
|move|p1a: Mr Tusk|Knock Off|p2a: Glimmora
|-damage|p2a: Glimmora|63/100
|-activate|p2a: Glimmora|ability: Toxic Debris
|-sidestart|p1: Weghettoflowers|move: Toxic Spikes
|-enditem|p2a: Glimmora|Focus Sash|[from] move: Knock Off|[of] p1a: Mr Tusk
|
|upkeep
|turn|8
|
|t:|1779848030
|move|p1a: Mr Tusk|Headlong Rush|p2a: Glimmora
|-supereffective|p2a: Glimmora
|-damage|p2a: Glimmora|0 fnt
|-unboost|p1a: Mr Tusk|def|1
|-unboost|p1a: Mr Tusk|spd|1
|-activate|p2a: Glimmora|ability: Toxic Debris
|-sidestart|p1: Weghettoflowers|move: Toxic Spikes
|faint|p2a: Glimmora
|
|upkeep
|
|t:|1779848033
|switch|p2a: Enamorus|Enamorus, F|100/100
|turn|9
|
|t:|1779848036
|-end|p1a: Mr Tusk|Protosynthesis|[silent]
|switch|p1a: Mrs Tales|Ninetales, F|100/100
|-status|p1a: Mrs Tales|tox
|-weather|SunnyDay|[from] ability: Drought|[of] p1a: Mrs Tales
|move|p2a: Enamorus|Substitute|p2a: Enamorus
|-start|p2a: Enamorus|Substitute
|-damage|p2a: Enamorus|76/100
|
|-weather|SunnyDay|[upkeep]
|-heal|p2a: Enamorus|82/100|[from] item: Leftovers
|-damage|p1a: Mrs Tales|94/100 tox|[from] psn
|upkeep
|turn|10
|
|t:|1779848041
|move|p2a: Enamorus|Superpower|p1a: Mrs Tales
|-damage|p1a: Mrs Tales|34/100 tox
|-boost|p2a: Enamorus|atk|1
|-boost|p2a: Enamorus|def|1
|move|p1a: Mrs Tales|Encore|p2a: Enamorus
|-start|p2a: Enamorus|Encore
|
|-weather|SunnyDay|[upkeep]
|-heal|p2a: Enamorus|88/100|[from] item: Leftovers
|-damage|p1a: Mrs Tales|21/100 tox|[from] psn
|upkeep
|turn|11
|
|t:|1779848045
|switch|p2a: Garchomp|Garchomp, M|100/100
|switch|p1a: Mr Tusk|Great Tusk|100/100
|-activate|p1a: Mr Tusk|ability: Protosynthesis
|-start|p1a: Mr Tusk|protosynthesisspe
|
|-weather|SunnyDay|[upkeep]
|upkeep
|turn|12
|
|t:|1779848059
|switch|p2a: Iron Crown|Iron Crown|100/100
|-enditem|p2a: Iron Crown|Booster Energy
|-activate|p2a: Iron Crown|ability: Quark Drive|[fromitem]
|-start|p2a: Iron Crown|quarkdrivespe
|move|p1a: Mr Tusk|Rapid Spin|p2a: Iron Crown
|-resisted|p2a: Iron Crown
|-damage|p2a: Iron Crown|93/100
|-boost|p1a: Mr Tusk|spe|1
|-sideend|p1: Weghettoflowers|Toxic Spikes|[from] move: Rapid Spin|[of] p1a: Mr Tusk
|
|-weather|SunnyDay|[upkeep]
|upkeep
|turn|13
|
|t:|1779848068
|move|p1a: Mr Tusk|Headlong Rush|p2a: Iron Crown
|-supereffective|p2a: Iron Crown
|-damage|p2a: Iron Crown|0 fnt
|-unboost|p1a: Mr Tusk|def|1
|-unboost|p1a: Mr Tusk|spd|1
|faint|p2a: Iron Crown
|-end|p2a: Iron Crown|Quark Drive|[silent]
|
|-weather|SunnyDay|[upkeep]
|upkeep
|
|t:|1779848078
|switch|p2a: Garchomp|Garchomp, M|100/100
|turn|14
|
|t:|1779848083
|move|p1a: Mr Tusk|Headlong Rush|p2a: Garchomp
|-damage|p2a: Garchomp|51/100
|-unboost|p1a: Mr Tusk|def|1
|-unboost|p1a: Mr Tusk|spd|1
|-damage|p1a: Mr Tusk|88/100|[from] ability: Rough Skin|[of] p2a: Garchomp
|move|p2a: Garchomp|Scale Shot|p1a: Mr Tusk
|-damage|p1a: Mr Tusk|71/100
|-damage|p1a: Mr Tusk|55/100
|-damage|p1a: Mr Tusk|38/100
|-damage|p1a: Mr Tusk|22/100
|-damage|p1a: Mr Tusk|6/100
|-hitcount|p1a: Mr Tusk|5
|-unboost|p2a: Garchomp|def|1
|-boost|p2a: Garchomp|spe|1
|
|-weather|SunnyDay|[upkeep]
|upkeep
|turn|15
|
|t:|1779848094
|move|p1a: Mr Tusk|Headlong Rush|p2a: Garchomp
|-damage|p2a: Garchomp|0 fnt
|-unboost|p1a: Mr Tusk|def|1
|-unboost|p1a: Mr Tusk|spd|1
|-damage|p1a: Mr Tusk|0 fnt|[from] ability: Rough Skin|[of] p2a: Garchomp
|faint|p2a: Garchomp
|faint|p1a: Mr Tusk
|-end|p1a: Mr Tusk|Protosynthesis|[silent]
|
|-weather|SunnyDay|[upkeep]
|upkeep
|
|t:|1779848099
|switch|p2a: Enamorus|Enamorus, F|88/100
|switch|p1a: Ceruledge|Ceruledge, M|100/100
|turn|16
|
|t:|1779848102
|move|p2a: Enamorus|Substitute|p2a: Enamorus
|-start|p2a: Enamorus|Substitute
|-damage|p2a: Enamorus|63/100
|move|p1a: Ceruledge|Bitter Blade|p2a: Enamorus
|-end|p2a: Enamorus|Substitute
|
|-weather|none
|-heal|p2a: Enamorus|69/100|[from] item: Leftovers
|upkeep
|turn|17
|
|t:|1779848109
|move|p2a: Enamorus|Earth Power|p1a: Ceruledge
|-supereffective|p1a: Ceruledge
|-damage|p1a: Ceruledge|39/100
|move|p1a: Ceruledge|Bitter Blade|p2a: Enamorus
|-damage|p2a: Enamorus|0 fnt
|-heal|p1a: Ceruledge|74/100|[from] drain|[of] p2a: Enamorus
|faint|p2a: Enamorus
|
|upkeep
|
|t:|1779848113
|switch|p2a: Buster scruggs|Slowbro-Galar, F|100/100
|turn|18
|
|t:|1779848116
|switch|p1a: Mrs Tales|Ninetales, F|21/100 tox
|-weather|SunnyDay|[from] ability: Drought|[of] p1a: Mrs Tales
|move|p2a: Buster scruggs|Earthquake|p1a: Mrs Tales
|-supereffective|p1a: Mrs Tales
|-damage|p1a: Mrs Tales|0 fnt
|faint|p1a: Mrs Tales
|
|-weather|SunnyDay|[upkeep]
|upkeep
|
|t:|1779848125
|switch|p1a: Ceruledge|Ceruledge, M|74/100
|turn|19
|-activate|p2a: Buster scruggs|ability: Quick Draw
|
|t:|1779848130
|-terastallize|p1a: Ceruledge|Fairy
|move|p2a: Buster scruggs|Earthquake|p1a: Ceruledge
|-crit|p1a: Ceruledge
|-damage|p1a: Ceruledge|9/100
|-ability|p1a: Ceruledge|Weak Armor|boost
|-unboost|p1a: Ceruledge|def|1
|-boost|p1a: Ceruledge|spe|2
|move|p1a: Ceruledge|Bitter Blade|p2a: Buster scruggs
|-damage|p2a: Buster scruggs|36/100
|-heal|p1a: Ceruledge|52/100|[from] drain|[of] p2a: Buster scruggs
|
|-weather|SunnyDay|[upkeep]
|upkeep
|turn|20
|
|t:|1779848138
|move|p1a: Ceruledge|Shadow Sneak|p2a: Buster scruggs
|-supereffective|p2a: Buster scruggs
|-damage|p2a: Buster scruggs|0 fnt
|faint|p2a: Buster scruggs
|
|win|Weghettoflowers
|raw|Weghettoflowers's rating: 1341 &rarr; <strong>1363</strong><br />(+22 for winning)
|raw|highladderisscary('s rating: 1384 &rarr; <strong>1362</strong><br />(-22 for losing)
|l|☆Weghettoflowers
|player|p1|
|l|☆highladderisscary(
|player|p2|
