|j|☆miguelissussybaka
|j|☆lerntasse
|t:|1779862841
|gametype|singles
|player|p1|miguelissussybaka|266|1321
|player|p2|lerntasse|hiker-gen4|1345
|gen|9
|tier|[Gen 9] OU
|rated|
|rule|HP Percentage Mod: HP is shown in percentages
|rule|Endless Battle Clause: Forcing endless battles is banned
|rule|Species Clause: Limit one of each Pokémon
|rule|OHKO Clause: OHKO moves are banned
|rule|Evasion Items Clause: Evasion items are banned
|rule|Evasion Moves Clause: Evasion moves are banned
|rule|Evasion Abilities Clause: Evasion abilities are banned
|rule|Sleep Moves Clause: Sleep-inducing moves are banned
|clearpoke
|poke|p1|Kingambit, F|
|poke|p1|Hydreigon, F|
|poke|p1|Rillaboom, F|
|poke|p1|Mamoswine, M|
|poke|p1|Moltres|
|poke|p1|Infernape, M|
|poke|p2|Scizor, F|
|poke|p2|Ting-Lu|
|poke|p2|Zamazenta-*|
|poke|p2|Corviknight, F|
|poke|p2|Rotom-Wash|
|poke|p2|Garganacl, F|
|teampreview
|
|t:|1779862875
|teamsize|p1|6
|teamsize|p2|6
|start
|switch|p1a: Rillaboom|Rillaboom, F|100/100
|switch|p2a: Rotom|Rotom-Wash|100/100
|-fieldstart|move: Grassy Terrain|[from] ability: Grassy Surge|[of] p1a: Rillaboom
|turn|1
|inactive|Battle timer is ON: inactive players will automatically lose when time's up. (requested by lerntasse)
|
|t:|1779862902
|switch|p2a: Corviknight|Corviknight, F|100/100
|-ability|p2a: Corviknight|Pressure
|move|p1a: Rillaboom|U-turn|p2a: Corviknight
|-resisted|p2a: Corviknight
|-damage|p2a: Corviknight|95/100
|-damage|p1a: Rillaboom|84/100|[from] item: Rocky Helmet|[of] p2a: Corviknight
|
|t:|1779862920
|switch|p1a: Moltres|Moltres|100/100|[from] U-turn
|
|upkeep
|turn|2
|
|t:|1779862923
|switch|p2a: Rotom|Rotom-Wash|100/100
|move|p1a: Moltres|Flamethrower|p2a: Rotom
|-resisted|p2a: Rotom
|-damage|p2a: Rotom|76/100
|
|upkeep
|turn|3
|
|t:|1779862935
|move|p2a: Rotom|Hydro Pump|p1a: Moltres|[miss]
|-miss|p2a: Rotom|p1a: Moltres
|move|p1a: Moltres|Hurricane|p2a: Rotom
|-resisted|p2a: Rotom
|-damage|p2a: Rotom|44/100
|
|upkeep
|turn|4
|
|t:|1779862955
|move|p2a: Rotom|Hydro Pump|p1a: Moltres
|-supereffective|p1a: Moltres
|-damage|p1a: Moltres|31/100
|move|p1a: Moltres|Hurricane|p2a: Rotom
|-resisted|p2a: Rotom
|-damage|p2a: Rotom|13/100
|
|upkeep
|turn|5
|
|t:|1779862969
|switch|p1a: Rillaboom|Rillaboom, F|84/100
|move|p2a: Rotom|Hydro Pump|p1a: Rillaboom|[miss]
|-miss|p2a: Rotom|p1a: Rillaboom
|
|-heal|p1a: Rillaboom|90/100|[from] Grassy Terrain
|-fieldend|move: Grassy Terrain
|upkeep
|turn|6
|
|t:|1779862978
|switch|p2a: Corviknight|Corviknight, F|95/100
|-ability|p2a: Corviknight|Pressure
|move|p1a: Rillaboom|Knock Off|p2a: Corviknight
|-damage|p2a: Corviknight|63/100
|-damage|p1a: Rillaboom|74/100|[from] item: Rocky Helmet|[of] p2a: Corviknight
|-enditem|p2a: Corviknight|Rocky Helmet|[from] move: Knock Off|[of] p1a: Rillaboom
|
|upkeep
|turn|7
|
|t:|1779862992
|switch|p1a: Infernape|Infernape, M|100/100
|move|p2a: Corviknight|U-turn|p1a: Infernape
|-resisted|p1a: Infernape
|-damage|p1a: Infernape|95/100
|
|t:|1779862997
|switch|p2a: Garganacl|Garganacl, F|100/100|[from] U-turn
|
|upkeep
|turn|8
|
|t:|1779863002
|-terastallize|p2a: Garganacl|Fairy
|move|p1a: Infernape|Grass Knot|p2a: Garganacl
|-damage|p2a: Garganacl|74/100
|move|p2a: Garganacl|Salt Cure|p1a: Infernape
|-damage|p1a: Infernape|75/100
|-start|p1a: Infernape|Salt Cure
|
|-heal|p2a: Garganacl|80/100|[from] item: Leftovers
|-damage|p1a: Infernape|62/100|[from] Salt Cure
|upkeep
|turn|9
|inactive|miguelissussybaka has 120 seconds left.
|
|t:|1779863040
|switch|p1a: Mamoswine|Mamoswine, M|100/100
|move|p2a: Garganacl|Body Press|p1a: Mamoswine
|-supereffective|p1a: Mamoswine
|-damage|p1a: Mamoswine|49/100
|
|-heal|p2a: Garganacl|86/100|[from] item: Leftovers
|upkeep
|turn|10
|inactive|miguelissussybaka has 120 seconds left.
|
|t:|1779863056
|move|p1a: Mamoswine|Icicle Crash|p2a: Garganacl
|-damage|p2a: Garganacl|45/100
|-damage|p1a: Mamoswine|39/100|[from] item: Life Orb
|move|p2a: Garganacl|Iron Defense|p2a: Garganacl
|-boost|p2a: Garganacl|def|2
|
|-heal|p2a: Garganacl|51/100|[from] item: Leftovers
|upkeep
|turn|11
|
|t:|1779863064
|move|p1a: Mamoswine|Icicle Crash|p2a: Garganacl
|-damage|p2a: Garganacl|30/100
|-damage|p1a: Mamoswine|29/100|[from] item: Life Orb
|move|p2a: Garganacl|Recover|p2a: Garganacl
|-heal|p2a: Garganacl|80/100
|
|-heal|p2a: Garganacl|87/100|[from] item: Leftovers
|upkeep
|turn|12
|inactive|miguelissussybaka has 120 seconds left.
|
|t:|1779863096
|switch|p1a: Hydreigon|Hydreigon, F|100/100
|move|p2a: Garganacl|Iron Defense|p2a: Garganacl
|-boost|p2a: Garganacl|def|2
|
|-heal|p2a: Garganacl|93/100|[from] item: Leftovers
|upkeep
|turn|13
|inactive|miguelissussybaka has 90 seconds left.
|
|t:|1779863136
|move|p1a: Hydreigon|Flash Cannon|p2a: Garganacl
|-supereffective|p2a: Garganacl
|-damage|p2a: Garganacl|56/100
|move|p2a: Garganacl|Body Press|p1a: Hydreigon
|-supereffective|p1a: Hydreigon
|-damage|p1a: Hydreigon|0 fnt
|faint|p1a: Hydreigon
|
|-heal|p2a: Garganacl|62/100|[from] item: Leftovers
|upkeep
|inactive|miguelissussybaka has 60 seconds left.
|
|t:|1779863166
|switch|p1a: Infernape|Infernape, M|62/100
|turn|14
|j| MksNo.
|inactive|lerntasse has 120 seconds left.
|
|t:|1779863193
|move|p1a: Infernape|Switcheroo|p2a: Garganacl
|-activate|p1a: Infernape|move: Trick|[of] p2a: Garganacl
|-item|p2a: Garganacl|Choice Scarf|[from] move: Switcheroo
|-item|p1a: Infernape|Leftovers|[from] move: Switcheroo
|move|p2a: Garganacl|Salt Cure|p1a: Infernape
|-damage|p1a: Infernape|42/100
|-start|p1a: Infernape|Salt Cure
|
|-heal|p1a: Infernape|48/100|[from] item: Leftovers
|-damage|p1a: Infernape|36/100|[from] Salt Cure
|upkeep
|turn|15
|
|t:|1779863212
|switch|p1a: Kingambit|Kingambit, F|100/100
|-activate|p1a: Kingambit|ability: Supreme Overlord
|-start|p1a: Kingambit|fallen1|[silent]
|move|p2a: Garganacl|Salt Cure|p1a: Kingambit
|-resisted|p1a: Kingambit
|-damage|p1a: Kingambit|95/100
|-start|p1a: Kingambit|Salt Cure
|
|-heal|p1a: Kingambit|100/100|[from] item: Leftovers
|-damage|p1a: Kingambit|75/100|[from] Salt Cure
|upkeep
|turn|16
|
|t:|1779863225
|move|p2a: Garganacl|Salt Cure|p1a: Kingambit
|-resisted|p1a: Kingambit
|-damage|p1a: Kingambit|71/100
|move|p1a: Kingambit|Iron Head|p2a: Garganacl
|-supereffective|p2a: Garganacl
|-damage|p2a: Garganacl|38/100
|
|-heal|p1a: Kingambit|77/100|[from] item: Leftovers
|-damage|p1a: Kingambit|52/100|[from] Salt Cure
|upkeep
|turn|17
|
|t:|1779863242
|move|p2a: Garganacl|Salt Cure|p1a: Kingambit
|-resisted|p1a: Kingambit
|-damage|p1a: Kingambit|47/100
|move|p1a: Kingambit|Iron Head|p2a: Garganacl
|-supereffective|p2a: Garganacl
|-damage|p2a: Garganacl|13/100
|
|-heal|p1a: Kingambit|53/100|[from] item: Leftovers
|-damage|p1a: Kingambit|28/100|[from] Salt Cure
|upkeep
|turn|18
|
|t:|1779863249
|move|p2a: Garganacl|Salt Cure|p1a: Kingambit
|-resisted|p1a: Kingambit
|-damage|p1a: Kingambit|24/100
|move|p1a: Kingambit|Iron Head|p2a: Garganacl
|-supereffective|p2a: Garganacl
|-damage|p2a: Garganacl|0 fnt
|faint|p2a: Garganacl
|
|-heal|p1a: Kingambit|30/100|[from] item: Leftovers
|-damage|p1a: Kingambit|5/100|[from] Salt Cure
|upkeep
|
|t:|1779863260
|switch|p2a: Corviknight|Corviknight, F|63/100
|-ability|p2a: Corviknight|Pressure
|turn|19
|
|t:|1779863268
|move|p2a: Corviknight|Roost|p2a: Corviknight
|-heal|p2a: Corviknight|100/100
|-singleturn|p2a: Corviknight|move: Roost
|move|p1a: Kingambit|Kowtow Cleave|p2a: Corviknight
|-damage|p2a: Corviknight|70/100
|
|-heal|p1a: Kingambit|11/100|[from] item: Leftovers
|-damage|p1a: Kingambit|0 fnt|[from] Salt Cure
|faint|p1a: Kingambit
|-end|p1a: Kingambit|fallen1|[silent]
|upkeep
|
|t:|1779863284
|switch|p1a: Infernape|Infernape, M|36/100
|turn|20
|
|t:|1779863289
|switch|p2a: Rotom|Rotom-Wash|13/100
|move|p1a: Infernape|Flamethrower|p2a: Rotom
|-resisted|p2a: Rotom
|-damage|p2a: Rotom|0 fnt
|faint|p2a: Rotom
|
|-heal|p1a: Infernape|42/100|[from] item: Leftovers
|upkeep
|
|t:|1779863292
|switch|p2a: Zamazenta|Zamazenta|100/100
|-ability|p2a: Zamazenta|Dauntless Shield|boost
|-boost|p2a: Zamazenta|def|1
|turn|21
|inactive|miguelissussybaka has 60 seconds left.
|
|t:|1779863305
|switch|p1a: Rillaboom|Rillaboom, F|74/100
|-fieldstart|move: Grassy Terrain|[from] ability: Grassy Surge|[of] p1a: Rillaboom
|move|p2a: Zamazenta|Stone Edge|p1a: Rillaboom|[miss]
|-miss|p2a: Zamazenta|p1a: Rillaboom
|
|-heal|p1a: Rillaboom|80/100|[from] Grassy Terrain
|upkeep
|turn|22
|inactive|miguelissussybaka has 60 seconds left.
|
|t:|1779863311
|move|p2a: Zamazenta|Close Combat|p1a: Rillaboom
|-damage|p1a: Rillaboom|14/100
|-unboost|p2a: Zamazenta|def|1
|-unboost|p2a: Zamazenta|spd|1
|move|p1a: Rillaboom|Wood Hammer|p2a: Zamazenta
|-damage|p2a: Zamazenta|0 fnt
|faint|p2a: Zamazenta
|-damage|p1a: Rillaboom|0 fnt|[from] Recoil
|faint|p1a: Rillaboom
|
|upkeep
|inactive|miguelissussybaka has 60 seconds left.
|
|t:|1779863333
|switch|p2a: Scizor|Scizor, F|100/100
|switch|p1a: Infernape|Infernape, M|42/100
|turn|23
|inactive|miguelissussybaka has 30 seconds left.
|
|t:|1779863364
|switch|p2a: Ting-Lu|Ting-Lu|100/100
|-ability|p2a: Ting-Lu|Vessel of Ruin
|move|p1a: Infernape|Flamethrower|p2a: Ting-Lu
|-damage|p2a: Ting-Lu|83/100
|
|-heal|p1a: Infernape|48/100|[from] Grassy Terrain
|-heal|p1a: Infernape|54/100|[from] item: Leftovers
|-heal|p2a: Ting-Lu|89/100|[from] Grassy Terrain
|-heal|p2a: Ting-Lu|95/100|[from] item: Leftovers
|upkeep
|turn|24
|inactive|miguelissussybaka has 30 seconds left.
|inactive|miguelissussybaka has 20 seconds left.
|
|t:|1779863382
|switch|p1a: Moltres|Moltres|31/100
|move|p2a: Ting-Lu|Stealth Rock|p1a: Moltres
|-sidestart|p1: miguelissussybaka|move: Stealth Rock
|
|-heal|p2a: Ting-Lu|100/100|[from] Grassy Terrain
|upkeep
|turn|25
|inactive|miguelissussybaka has 30 seconds left this turn.
|
|t:|1779863389
|move|p1a: Moltres|Roost|p1a: Moltres
|-heal|p1a: Moltres|81/100
|-singleturn|p1a: Moltres|move: Roost
|move|p2a: Ting-Lu|Earthquake|p1a: Moltres
|-supereffective|p1a: Moltres
|-damage|p1a: Moltres|45/100
|
|-heal|p1a: Moltres|51/100|[from] Grassy Terrain
|-fieldend|move: Grassy Terrain
|upkeep
|turn|26
|inactive|miguelissussybaka has 30 seconds left.
|
|t:|1779863395
|move|p1a: Moltres|Will-O-Wisp|p2a: Ting-Lu|[miss]
|-miss|p1a: Moltres|p2a: Ting-Lu
|move|p2a: Ting-Lu|Earthquake|p1a: Moltres
|-immune|p1a: Moltres
|
|upkeep
|turn|27
|
|t:|1779863401
|move|p1a: Moltres|Roost|p1a: Moltres
|-heal|p1a: Moltres|100/100
|-singleturn|p1a: Moltres|move: Roost
|move|p2a: Ting-Lu|Spikes|p1a: Moltres
|-sidestart|p1: miguelissussybaka|Spikes
|
|upkeep
|turn|28
|
|t:|1779863407
|move|p1a: Moltres|Will-O-Wisp|p2a: Ting-Lu
|-status|p2a: Ting-Lu|brn
|move|p2a: Ting-Lu|Spikes|p1a: Moltres
|-sidestart|p1: miguelissussybaka|Spikes
|
|-damage|p2a: Ting-Lu|94/100 brn|[from] brn
|upkeep
|turn|29
|
|t:|1779863423
|switch|p1a: Mamoswine|Mamoswine, M|29/100
|-damage|p1a: Mamoswine|17/100|[from] Stealth Rock
|-damage|p1a: Mamoswine|0 fnt|[from] Spikes
|faint|p1a: Mamoswine
|move|p2a: Ting-Lu|Spikes|p1: Mamoswine
|-sidestart|p1: miguelissussybaka|Spikes
|
|-heal|p2a: Ting-Lu|100/100 brn|[from] item: Leftovers
|-damage|p2a: Ting-Lu|94/100 brn|[from] brn
|upkeep
|inactive|miguelissussybaka has 30 seconds left.
|
|t:|1779863439
|switch|p1a: Moltres|Moltres|100/100
|turn|30
|inactive|miguelissussybaka has 30 seconds left.
|
|t:|1779863445
|move|p1a: Moltres|Hurricane|p2a: Ting-Lu|[miss]
|-miss|p1a: Moltres|p2a: Ting-Lu
|move|p2a: Ting-Lu|Whirlwind|p1a: Moltres
|drag|p1a: Infernape|Infernape, M|54/100
|-damage|p1a: Infernape|42/100|[from] Stealth Rock
|-damage|p1a: Infernape|17/100|[from] Spikes
|
|-heal|p1a: Infernape|23/100|[from] item: Leftovers
|-heal|p2a: Ting-Lu|100/100 brn|[from] item: Leftovers
|-damage|p2a: Ting-Lu|94/100 brn|[from] brn
|upkeep
|turn|31
|inactive|miguelissussybaka has 30 seconds left.
|inactive|miguelissussybaka has 20 seconds left.
|inactive|miguelissussybaka has 15 seconds left.
|
|t:|1779863471
|switch|p2a: Corviknight|Corviknight, F|70/100
|-ability|p2a: Corviknight|Pressure
|-terastallize|p1a: Infernape|Grass
|move|p1a: Infernape|Grass Knot|p2a: Corviknight
|-resisted|p2a: Corviknight
|-damage|p2a: Corviknight|60/100
|
|-heal|p1a: Infernape|29/100|[from] item: Leftovers
|upkeep
|turn|32
|inactive|miguelissussybaka has 25 seconds left this turn.
|
|t:|1779863475
|move|p1a: Infernape|Flamethrower|p2a: Corviknight
|-supereffective|p2a: Corviknight
|-damage|p2a: Corviknight|0 fnt
|faint|p2a: Corviknight
|
|-heal|p1a: Infernape|35/100|[from] item: Leftovers
|upkeep
|
|t:|1779863478
|switch|p2a: Scizor|Scizor, F|100/100
|turn|33
|inactive|miguelissussybaka has 30 seconds left.
|
|t:|1779863489
|switch|p1a: Moltres|Moltres|100/100
|move|p2a: Scizor|Knock Off|p1a: Moltres
|-damage|p1a: Moltres|47/100
|-enditem|p1a: Moltres|Heavy-Duty Boots|[from] move: Knock Off|[of] p2a: Scizor
|
|upkeep
|turn|34
|inactive|miguelissussybaka has 30 seconds left.
|
|t:|1779863500
|switch|p2a: Ting-Lu|Ting-Lu|94/100 brn
|-ability|p2a: Ting-Lu|Vessel of Ruin
|move|p1a: Moltres|Roost|p1a: Moltres
|-heal|p1a: Moltres|98/100
|-singleturn|p1a: Moltres|move: Roost
|
|-heal|p2a: Ting-Lu|100/100 brn|[from] item: Leftovers
|-damage|p2a: Ting-Lu|94/100 brn|[from] brn
|upkeep
|turn|35
|
|t:|1779863506
|move|p1a: Moltres|Hurricane|p2a: Ting-Lu
|-crit|p2a: Ting-Lu
|-damage|p2a: Ting-Lu|65/100 brn
|move|p2a: Ting-Lu|Whirlwind|p1a: Moltres
|drag|p1a: Infernape|Infernape, M, tera:Grass|35/100
|-damage|p1a: Infernape|23/100|[from] Stealth Rock
|-damage|p1a: Infernape|0 fnt|[from] Spikes
|faint|p1a: Infernape
|
|-heal|p2a: Ting-Lu|71/100 brn|[from] item: Leftovers
|-damage|p2a: Ting-Lu|65/100 brn|[from] brn
|upkeep
|
|t:|1779863515
|switch|p1a: Moltres|Moltres|98/100
|-damage|p1a: Moltres|48/100|[from] Stealth Rock
|turn|36
|
|t:|1779863520
|move|p1a: Moltres|Hurricane|p2a: Ting-Lu
|-damage|p2a: Ting-Lu|46/100 brn
|move|p2a: Ting-Lu|Earthquake|p1a: Moltres
|-immune|p1a: Moltres
|
|-heal|p2a: Ting-Lu|53/100 brn|[from] item: Leftovers
|-damage|p2a: Ting-Lu|46/100 brn|[from] brn
|upkeep
|turn|37
|
|t:|1779863527
|move|p1a: Moltres|Flamethrower|p2a: Ting-Lu
|-damage|p2a: Ting-Lu|31/100 brn
|move|p2a: Ting-Lu|Earthquake|p1a: Moltres
|-immune|p1a: Moltres
|
|-heal|p2a: Ting-Lu|37/100 brn|[from] item: Leftovers
|-damage|p2a: Ting-Lu|31/100 brn|[from] brn
|upkeep
|turn|38
|
|t:|1779863531
|move|p1a: Moltres|Flamethrower|p2a: Ting-Lu
|-damage|p2a: Ting-Lu|16/100 brn
|move|p2a: Ting-Lu|Earthquake|p1a: Moltres
|-immune|p1a: Moltres
|
|-heal|p2a: Ting-Lu|23/100 brn|[from] item: Leftovers
|-damage|p2a: Ting-Lu|16/100 brn|[from] brn
|upkeep
|turn|39
|
|t:|1779863535
|move|p1a: Moltres|Flamethrower|p2a: Ting-Lu
|-damage|p2a: Ting-Lu|0 fnt
|faint|p2a: Ting-Lu
|
|upkeep
|
|t:|1779863537
|switch|p2a: Scizor|Scizor, F|100/100
|turn|40
|
|t:|1779863545
|move|p1a: Moltres|Flamethrower|p2a: Scizor
|-supereffective|p2a: Scizor
|-damage|p2a: Scizor|0 fnt
|faint|p2a: Scizor
|
|win|miguelissussybaka
|raw|miguelissussybaka's rating: 1321 &rarr; <strong>1342</strong><br />(+21 for winning)
|raw|lerntasse's rating: 1345 &rarr; <strong>1324</strong><br />(-21 for losing)
|l|☆miguelissussybaka
|player|p1|
|l| MksNo.
|l|☆lerntasse
|player|p2|
