|j|‽RadiantSol
|j|☆spreadcrosser
|t:|1779940970
|gametype|singles
|player|p1|RadiantSol|flint|1331
|player|p2|spreadcrosser|169|1388
|gen|9
|tier|[Gen 9] OU
|rated|
|rule|HP Percentage Mod: HP is shown in percentages
|rule|Endless Battle Clause: Forcing endless battles is banned
|rule|Species Clause: Limit one of each Pokémon
|rule|OHKO Clause: OHKO moves are banned
|rule|Evasion Items Clause: Evasion items are banned
|rule|Evasion Moves Clause: Evasion moves are banned
|rule|Evasion Abilities Clause: Evasion abilities are banned
|rule|Sleep Moves Clause: Sleep-inducing moves are banned
|clearpoke
|poke|p1|Espeon, F|
|poke|p1|Ninetales-Alola, F|
|poke|p1|Lanturn, F|
|poke|p1|Mandibuzz, F|
|poke|p1|Clodsire, F|
|poke|p1|Haxorus, F|
|poke|p2|Iron Hands|
|poke|p2|Greninja-*, M|
|poke|p2|Cinderace, M|
|poke|p2|Zapdos|
|poke|p2|Iron Moth|
|poke|p2|Great Tusk|
|teampreview
|
|t:|1779940978
|teamsize|p1|6
|teamsize|p2|6
|start
|switch|p1a: Clodsire|Clodsire, F|100/100
|switch|p2a: Greninja|Greninja, M|100/100
|turn|1
|l|☆spreadcrosser
|player|p2|
|j|☆spreadcrosser
|player|p2|spreadcrosser|169|
|inactive|Battle timer is ON: inactive players will automatically lose when time's up. (requested by RadiantSol)
|inactive|spreadcrosser has 120 seconds left.
|inactive|spreadcrosser has 90 seconds left.
|
|t:|1779941085
|move|p2a: Greninja|Ice Beam|p1a: Clodsire
|-supereffective|p1a: Clodsire
|-damage|p1a: Clodsire|51/100
|-damage|p2a: Greninja|91/100|[from] item: Life Orb
|move|p1a: Clodsire|Toxic|p2a: Greninja
|-status|p2a: Greninja|tox
|
|-damage|p2a: Greninja|85/100 tox|[from] psn
|upkeep
|turn|2
|
|t:|1779941094
|switch|p2a: Iron Moth|Iron Moth|100/100
|-enditem|p2a: Iron Moth|Booster Energy
|-activate|p2a: Iron Moth|ability: Quark Drive|[fromitem]
|-start|p2a: Iron Moth|quarkdrivespe
|move|p1a: Clodsire|Protect||[still]
|-fail|p1a: Clodsire
|
|upkeep
|turn|3
|
|t:|1779941100
|switch|p1a: Lanturn|Lanturn, F|100/100
|move|p2a: Iron Moth|Psychic|p1a: Lanturn
|-crit|p1a: Lanturn
|-damage|p1a: Lanturn|69/100
|
|-heal|p1a: Lanturn|75/100|[from] item: Leftovers
|upkeep
|turn|4
|
|t:|1779941111
|-terastallize|p2a: Iron Moth|Grass
|move|p1a: Lanturn|Protect|p1a: Lanturn
|-singleturn|p1a: Lanturn|Protect
|move|p2a: Iron Moth|Energy Ball|p1a: Lanturn
|-activate|p1a: Lanturn|move: Protect
|
|-heal|p1a: Lanturn|82/100|[from] item: Leftovers
|upkeep
|turn|5
|
|t:|1779941119
|switch|p1a: Haxorus|Haxorus, F|100/100
|-ability|p1a: Haxorus|Mold Breaker
|move|p2a: Iron Moth|Fiery Dance|p1a: Haxorus
|-resisted|p1a: Haxorus
|-damage|p1a: Haxorus|76/100
|
|upkeep
|turn|6
|
|t:|1779941133
|move|p1a: Haxorus|First Impression|p2a: Iron Moth
|-supereffective|p2a: Iron Moth
|-damage|p2a: Iron Moth|0 fnt
|faint|p2a: Iron Moth
|-end|p2a: Iron Moth|Quark Drive|[silent]
|
|upkeep
|
|t:|1779941139
|switch|p2a: Greninja|Greninja, M|85/100 tox
|turn|7
|
|t:|1779941143
|switch|p1a: Lanturn|Lanturn, F|82/100
|move|p2a: Greninja|Dark Pulse|p1a: Lanturn
|-crit|p1a: Lanturn
|-damage|p1a: Lanturn|38/100
|-damage|p2a: Greninja|75/100 tox|[from] item: Life Orb
|
|-heal|p1a: Lanturn|44/100|[from] item: Leftovers
|-damage|p2a: Greninja|69/100 tox|[from] psn
|upkeep
|turn|8
|
|t:|1779941149
|move|p1a: Lanturn|Protect|p1a: Lanturn
|-singleturn|p1a: Lanturn|Protect
|move|p2a: Greninja|Grass Knot|p1a: Lanturn
|-activate|p1a: Lanturn|move: Protect
|
|-heal|p1a: Lanturn|50/100|[from] item: Leftovers
|-damage|p2a: Greninja|57/100 tox|[from] psn
|upkeep
|turn|9
|
|t:|1779941181
|switch|p2a: Great Tusk|Great Tusk|100/100
|switch|p1a: Haxorus|Haxorus, F|76/100
|-ability|p1a: Haxorus|Mold Breaker
|
|upkeep
|turn|10
|inactive|spreadcrosser has 120 seconds left.
|inactive|spreadcrosser has 90 seconds left.
|
|t:|1779941237
|move|p2a: Great Tusk|Close Combat|p1a: Haxorus
|-damage|p1a: Haxorus|11/100
|-unboost|p2a: Great Tusk|def|1
|-unboost|p2a: Great Tusk|spd|1
|move|p1a: Haxorus|Close Combat|p2a: Great Tusk
|-damage|p2a: Great Tusk|31/100
|-unboost|p1a: Haxorus|def|1
|-unboost|p1a: Haxorus|spd|1
|
|upkeep
|turn|11
|
|t:|1779941251
|switch|p1a: Clodsire|Clodsire, F|51/100
|move|p2a: Great Tusk|Rapid Spin|p1a: Clodsire
|-damage|p1a: Clodsire|40/100
|-boost|p2a: Great Tusk|spe|1
|-damage|p2a: Great Tusk|14/100|[from] item: Rocky Helmet|[of] p1a: Clodsire
|
|upkeep
|turn|12
|
|t:|1779941258
|move|p2a: Great Tusk|Earthquake|p1a: Clodsire
|-supereffective|p1a: Clodsire
|-damage|p1a: Clodsire|0 fnt
|faint|p1a: Clodsire
|
|upkeep
|
|t:|1779941262
|switch|p1a: Haxorus|Haxorus, F|11/100
|-ability|p1a: Haxorus|Mold Breaker
|turn|13
|
|t:|1779941267
|-end|p2a: Great Tusk|Protosynthesis|[silent]
|switch|p2a: Zapdos|Zapdos|100/100
|move|p1a: Haxorus|First Impression|p2a: Zapdos
|-resisted|p2a: Zapdos
|-damage|p2a: Zapdos|69/100
|
|upkeep
|turn|14
|
|t:|1779941275
|switch|p1a: Lanturn|Lanturn, F|50/100
|move|p2a: Zapdos|Volt Switch|p1a: Lanturn
|-damage|p1a: Lanturn|29/100
|inactive|spreadcrosser has 120 seconds left.
|
|t:|1779941293
|switch|p2a: Iron Hands|Iron Hands|100/100|[from] Volt Switch
|-enditem|p2a: Iron Hands|Booster Energy
|-activate|p2a: Iron Hands|ability: Quark Drive|[fromitem]
|-start|p2a: Iron Hands|quarkdriveatk
|
|-heal|p1a: Lanturn|35/100|[from] item: Leftovers
|upkeep
|turn|15
|
|t:|1779941314
|move|p2a: Iron Hands|Swords Dance|p2a: Iron Hands
|-boost|p2a: Iron Hands|atk|2
|move|p1a: Lanturn|Flip Turn|p2a: Iron Hands
|-damage|p2a: Iron Hands|91/100
|
|t:|1779941319
|switch|p1a: Ninetales|Ninetales-Alola, F|100/100|[from] Flip Turn
|-weather|Snowscape|[from] ability: Snow Warning|[of] p1a: Ninetales
|
|-weather|Snowscape|[upkeep]
|upkeep
|turn|16
|
|t:|1779941327
|move|p1a: Ninetales|Encore|p2a: Iron Hands
|-start|p2a: Iron Hands|Encore
|move|p2a: Iron Hands|Swords Dance|p2a: Iron Hands
|-boost|p2a: Iron Hands|atk|2
|
|-weather|Snowscape|[upkeep]
|upkeep
|turn|17
|
|t:|1779941335
|-end|p2a: Iron Hands|Quark Drive|[silent]
|switch|p2a: Cinderace|Cinderace, M|100/100
|move|p1a: Ninetales|Aurora Veil|p1a: Ninetales
|-sidestart|p1: RadiantSol|move: Aurora Veil
|
|-weather|Snowscape|[upkeep]
|upkeep
|turn|18
|
|t:|1779941343
|-terastallize|p1a: Ninetales|Fire
|move|p2a: Cinderace|Pyro Ball|p1a: Ninetales
|-resisted|p1a: Ninetales
|-damage|p1a: Ninetales|75/100
|move|p1a: Ninetales|Aurora Veil||[still]
|-fail|p1a: Ninetales
|
|-weather|Snowscape|[upkeep]
|upkeep
|turn|19
|
|t:|1779941364
|switch|p2a: Great Tusk|Great Tusk|14/100
|switch|p1a: Lanturn|Lanturn, F|35/100
|
|-weather|none
|-heal|p1a: Lanturn|41/100|[from] item: Leftovers
|upkeep
|turn|20
|
|t:|1779941378
|move|p2a: Great Tusk|Earthquake|p1a: Lanturn
|-supereffective|p1a: Lanturn
|-crit|p1a: Lanturn
|-damage|p1a: Lanturn|0 fnt
|faint|p1a: Lanturn
|
|upkeep
|
|t:|1779941386
|switch|p1a: Espeon|Espeon, F|100/100
|turn|21
|
|t:|1779941397
|-end|p2a: Great Tusk|Protosynthesis|[silent]
|switch|p2a: Cinderace|Cinderace, M|100/100
|move|p1a: Espeon|Substitute|p1a: Espeon
|-start|p1a: Espeon|Substitute
|-damage|p1a: Espeon|76/100
|
|upkeep
|turn|22
|
|t:|1779941405
|move|p2a: Cinderace|U-turn|p1a: Espeon
|-start|p2a: Cinderace|typechange|Bug|[from] ability: Libero
|-supereffective|p1a: Espeon
|-end|p1a: Espeon|Substitute
|
|t:|1779941408
|switch|p2a: Greninja|Greninja, M|57/100 tox|[from] U-turn
|move|p1a: Espeon|Psyshock|p2a: Greninja
|-immune|p2a: Greninja
|
|-damage|p2a: Greninja|51/100 tox|[from] psn
|upkeep
|turn|23
|
|t:|1779941418
|move|p2a: Greninja|Dark Pulse|p1a: Espeon
|-supereffective|p1a: Espeon
|-damage|p1a: Espeon|18/100
|-damage|p2a: Greninja|41/100 tox|[from] item: Life Orb
|move|p1a: Espeon|Draining Kiss|p2a: Greninja
|-supereffective|p2a: Greninja
|-damage|p2a: Greninja|0 fnt
|-heal|p1a: Espeon|51/100|[from] drain|[of] p2a: Greninja
|faint|p2a: Greninja
|
|upkeep
|
|t:|1779941432
|switch|p2a: Cinderace|Cinderace, M|100/100
|turn|24
|
|t:|1779941437
|switch|p1a: Mandibuzz|Mandibuzz, F|100/100
|move|p2a: Cinderace|U-turn|p1a: Mandibuzz
|-start|p2a: Cinderace|typechange|Bug|[from] ability: Libero
|-damage|p1a: Mandibuzz|80/100
|
|t:|1779941445
|switch|p2a: Zapdos|Zapdos|69/100|[from] U-turn
|
|-sideend|p1: RadiantSol|move: Aurora Veil
|upkeep
|turn|25
|
|t:|1779941451
|move|p2a: Zapdos|Thunderbolt|p1a: Mandibuzz
|-supereffective|p1a: Mandibuzz
|-damage|p1a: Mandibuzz|22/100
|move|p1a: Mandibuzz|Knock Off|p2a: Zapdos
|-damage|p2a: Zapdos|41/100
|-enditem|p2a: Zapdos|Choice Scarf|[from] move: Knock Off|[of] p1a: Mandibuzz
|
|upkeep
|turn|26
|
|t:|1779941467
|switch|p1a: Espeon|Espeon, F|51/100
|move|p2a: Zapdos|Volt Switch|p1a: Espeon
|-damage|p1a: Espeon|0 fnt
|faint|p1a: Espeon
|
|t:|1779941478
|switch|p2a: Cinderace|Cinderace, M|100/100|[from] Volt Switch
|
|upkeep
|
|t:|1779941482
|switch|p1a: Haxorus|Haxorus, F|11/100
|-ability|p1a: Haxorus|Mold Breaker
|turn|27
|
|t:|1779941487
|move|p1a: Haxorus|First Impression|p2a: Cinderace
|-resisted|p2a: Cinderace
|-damage|p2a: Cinderace|62/100
|move|p2a: Cinderace|Sucker Punch||[still]
|-fail|p2a: Cinderace
|
|upkeep
|turn|28
|-message|RadiantSol forfeited.
|
|win|spreadcrosser
|raw|RadiantSol's rating: 1331 &rarr; <strong>1314</strong><br />(-17 for losing)
|raw|spreadcrosser's rating: 1388 &rarr; <strong>1405</strong><br />(+17 for winning)
|l|‽RadiantSol
|player|p1|
|l|☆spreadcrosser
|player|p2|
