|j|☆Gloryboykeef
|j|☆Thmpbck
|t:|1779947434
|gametype|singles
|player|p1|Gloryboykeef|policeman-gen4|1242
|player|p2|Thmpbck|101|1324
|gen|9
|tier|[Gen 9] OU
|rated|
|rule|HP Percentage Mod: HP is shown in percentages
|rule|Endless Battle Clause: Forcing endless battles is banned
|rule|Species Clause: Limit one of each Pokémon
|rule|OHKO Clause: OHKO moves are banned
|rule|Evasion Items Clause: Evasion items are banned
|rule|Evasion Moves Clause: Evasion moves are banned
|rule|Evasion Abilities Clause: Evasion abilities are banned
|rule|Sleep Moves Clause: Sleep-inducing moves are banned
|clearpoke
|poke|p1|Pelipper, F|
|poke|p1|Barraskewda, F|
|poke|p1|Kingdra, F|
|poke|p1|Slaking, M|
|poke|p1|Mandibuzz, F|
|poke|p1|Raging Bolt|
|poke|p2|Tyranitar, F|
|poke|p2|Excadrill, F|
|poke|p2|Pecharunt|
|poke|p2|Ogerpon-Wellspring, F|
|poke|p2|Corviknight, M|
|poke|p2|Gliscor, M|
|teampreview
|inactive|Battle timer is ON: inactive players will automatically lose when time's up. (requested by Gloryboykeef)
|
|t:|1779947445
|teamsize|p1|6
|teamsize|p2|6
|start
|switch|p1a: Slaking|Slaking, M, shiny|100/100
|switch|p2a: Gliscor|Gliscor, M|100/100
|turn|1
|
|t:|1779947452
|move|p1a: Slaking|Giga Impact|p2a: Gliscor
|-damage|p2a: Gliscor|0 fnt
|-mustrecharge|p1a: Slaking
|faint|p2a: Gliscor
|
|upkeep
|
|t:|1779947459
|switch|p2a: Pecharunt|Pecharunt|100/100
|turn|2
|
|t:|1779947461
|cant|p1a: Slaking|recharge
|move|p2a: Pecharunt|Malignant Chain|p1a: Slaking
|-damage|p1a: Slaking|56/100
|
|upkeep
|turn|3
|
|t:|1779947468
|switch|p1a: Mandibuzz|Mandibuzz, F|100/100
|move|p2a: Pecharunt|Malignant Chain|p1a: Mandibuzz
|-damage|p1a: Mandibuzz|62/100
|-status|p1a: Mandibuzz|tox
|-start|p1a: Mandibuzz|confusion|[from] ability: Poison Puppeteer|[of] p2a: Pecharunt
|
|-damage|p1a: Mandibuzz|56/100 tox|[from] psn
|upkeep
|turn|4
|inactive|Thmpbck has 120 seconds left.
|
|t:|1779947506
|switch|p2a: Tyranitar|Tyranitar, F|100/100
|-weather|Sandstorm|[from] ability: Sand Stream|[of] p2a: Tyranitar
|-activate|p1a: Mandibuzz|confusion
|move|p1a: Mandibuzz|Foul Play|p2a: Tyranitar
|-resisted|p2a: Tyranitar
|-damage|p2a: Tyranitar|75/100
|
|-weather|Sandstorm|[upkeep]
|-damage|p1a: Mandibuzz|44/100 tox|[from] psn
|upkeep
|turn|5
|
|t:|1779947519
|switch|p1a: Slaking|Slaking, M, shiny|56/100
|move|p2a: Tyranitar|Dragon Dance|p2a: Tyranitar
|-boost|p2a: Tyranitar|atk|1
|-boost|p2a: Tyranitar|spe|1
|
|-weather|Sandstorm|[upkeep]
|-damage|p1a: Slaking|50/100|[from] Sandstorm
|upkeep
|turn|6
|
|t:|1779947534
|switch|p2a: Corviknight|Corviknight, M|100/100
|-ability|p2a: Corviknight|Pressure
|move|p1a: Slaking|Hammer Arm|p2a: Corviknight
|-damage|p2a: Corviknight|66/100
|-unboost|p1a: Slaking|spe|1
|-damage|p1a: Slaking|33/100|[from] item: Rocky Helmet|[of] p2a: Corviknight
|
|-weather|Sandstorm|[upkeep]
|-damage|p1a: Slaking|27/100|[from] Sandstorm
|upkeep
|turn|7
|
|t:|1779947542
|switch|p1a: Pelipper|Pelipper, F|100/100
|-weather|RainDance|[from] ability: Drizzle|[of] p1a: Pelipper
|move|p2a: Corviknight|U-turn|p1a: Pelipper
|-resisted|p1a: Pelipper
|-damage|p1a: Pelipper|95/100
|
|t:|1779947546
|switch|p2a: Tyranitar|Tyranitar, F|75/100|[from] U-turn
|-weather|Sandstorm|[from] ability: Sand Stream|[of] p2a: Tyranitar
|
|-weather|Sandstorm|[upkeep]
|-damage|p1a: Pelipper|89/100|[from] Sandstorm
|upkeep
|turn|8
|
|t:|1779947564
|switch|p1a: Kingdra|Kingdra, F|100/100
|move|p2a: Tyranitar|Stone Edge|p1a: Kingdra
|-damage|p1a: Kingdra|25/100
|
|-weather|Sandstorm|[upkeep]
|-damage|p1a: Kingdra|19/100|[from] Sandstorm
|upkeep
|turn|9
|
|t:|1779947570
|move|p1a: Kingdra|Hydro Pump|p2a: Tyranitar|[miss]
|-miss|p1a: Kingdra|p2a: Tyranitar
|move|p2a: Tyranitar|Knock Off|p1a: Kingdra
|-damage|p1a: Kingdra|0 fnt
|-enditem|p1a: Kingdra|Choice Specs|[from] move: Knock Off|[of] p2a: Tyranitar
|faint|p1a: Kingdra
|
|-weather|Sandstorm|[upkeep]
|upkeep
|
|t:|1779947573
|switch|p1a: Pelipper|Pelipper, F|89/100
|-weather|RainDance|[from] ability: Drizzle|[of] p1a: Pelipper
|turn|10
|
|t:|1779947576
|switch|p2a: Pecharunt|Pecharunt|100/100
|move|p1a: Pelipper|Hydro Pump|p2a: Pecharunt
|-damage|p2a: Pecharunt|42/100
|
|-weather|RainDance|[upkeep]
|-heal|p2a: Pecharunt|48/100|[from] item: Leftovers
|upkeep
|turn|11
|
|t:|1779947583
|move|p2a: Pecharunt|Recover|p2a: Pecharunt
|-heal|p2a: Pecharunt|98/100
|move|p1a: Pelipper|Hydro Pump|p2a: Pecharunt
|-damage|p2a: Pecharunt|41/100
|
|-weather|RainDance|[upkeep]
|-heal|p2a: Pecharunt|47/100|[from] item: Leftovers
|upkeep
|turn|12
|
|t:|1779947586
|switch|p1a: Barraskewda|Barraskewda, F, shiny|100/100
|move|p2a: Pecharunt|Recover|p2a: Pecharunt
|-heal|p2a: Pecharunt|97/100
|
|-weather|RainDance|[upkeep]
|-heal|p2a: Pecharunt|100/100|[from] item: Leftovers
|upkeep
|turn|13
|
|t:|1779947590
|switch|p2a: Corviknight|Corviknight, M|66/100
|-ability|p2a: Corviknight|Pressure
|-terastallize|p1a: Barraskewda|Water
|move|p1a: Barraskewda|Liquidation|p2a: Corviknight
|-damage|p2a: Corviknight|0 fnt
|-damage|p1a: Barraskewda|84/100|[from] item: Rocky Helmet|[of] p2a: Corviknight
|faint|p2a: Corviknight
|-damage|p1a: Barraskewda|74/100|[from] item: Life Orb
|
|-weather|RainDance|[upkeep]
|upkeep
|
|t:|1779947602
|switch|p2a: Ogerpon|Ogerpon-Wellspring, F|100/100
|turn|14
|
|t:|1779947606
|move|p1a: Barraskewda|Poison Jab|p2a: Ogerpon
|-supereffective|p2a: Ogerpon
|-damage|p2a: Ogerpon|0 fnt
|faint|p2a: Ogerpon
|-damage|p1a: Barraskewda|64/100|[from] item: Life Orb
|
|-weather|RainDance|[upkeep]
|upkeep
|
|t:|1779947608
|switch|p2a: Tyranitar|Tyranitar, F|75/100
|-weather|Sandstorm|[from] ability: Sand Stream|[of] p2a: Tyranitar
|turn|15
|
|t:|1779947612
|switch|p2a: Pecharunt|Pecharunt|100/100
|move|p1a: Barraskewda|Flip Turn|p2a: Pecharunt
|-damage|p2a: Pecharunt|65/100
|-damage|p1a: Barraskewda|54/100|[from] item: Life Orb
|
|t:|1779947615
|switch|p1a: Pelipper|Pelipper, F|89/100|[from] Flip Turn
|-weather|RainDance|[from] ability: Drizzle|[of] p1a: Pelipper
|
|-weather|RainDance|[upkeep]
|-heal|p2a: Pecharunt|71/100|[from] item: Leftovers
|upkeep
|turn|16
|
|t:|1779947619
|move|p2a: Pecharunt|Recover|p2a: Pecharunt
|-heal|p2a: Pecharunt|100/100
|move|p1a: Pelipper|U-turn|p2a: Pecharunt
|-resisted|p2a: Pecharunt
|-damage|p2a: Pecharunt|99/100
|
|t:|1779947622
|switch|p1a: Slaking|Slaking, M, shiny|27/100|[from] U-turn
|
|-weather|RainDance|[upkeep]
|-heal|p2a: Pecharunt|100/100|[from] item: Leftovers
|upkeep
|turn|17
|
|t:|1779947628
|move|p1a: Slaking|Earthquake|p2a: Pecharunt
|-supereffective|p2a: Pecharunt
|-damage|p2a: Pecharunt|24/100
|move|p2a: Pecharunt|Malignant Chain|p1a: Slaking
|-crit|p1a: Slaking
|-damage|p1a: Slaking|0 fnt
|faint|p1a: Slaking
|
|-weather|RainDance|[upkeep]
|-heal|p2a: Pecharunt|30/100|[from] item: Leftovers
|upkeep
|
|t:|1779947632
|switch|p1a: Raging Bolt|Raging Bolt|100/100
|-enditem|p1a: Raging Bolt|Booster Energy
|-activate|p1a: Raging Bolt|ability: Protosynthesis|[fromitem]
|-start|p1a: Raging Bolt|protosynthesisspa
|turn|18
|
|t:|1779947636
|move|p2a: Pecharunt|Parting Shot|p1a: Raging Bolt
|-unboost|p1a: Raging Bolt|atk|1
|-unboost|p1a: Raging Bolt|spa|1
|
|t:|1779947639
|switch|p2a: Tyranitar|Tyranitar, F|75/100|[from] Parting Shot
|-weather|Sandstorm|[from] ability: Sand Stream|[of] p2a: Tyranitar
|move|p1a: Raging Bolt|Weather Ball|p2a: Tyranitar
|-damage|p2a: Tyranitar|51/100
|
|-weather|Sandstorm|[upkeep]
|-damage|p1a: Raging Bolt|94/100|[from] Sandstorm
|upkeep
|turn|19
|
|t:|1779947651
|-end|p1a: Raging Bolt|Protosynthesis|[silent]
|switch|p1a: Mandibuzz|Mandibuzz, F|44/100 tox
|move|p2a: Tyranitar|Knock Off|p1a: Mandibuzz
|-resisted|p1a: Mandibuzz
|-damage|p1a: Mandibuzz|28/100 tox
|-enditem|p1a: Mandibuzz|Heavy-Duty Boots|[from] move: Knock Off|[of] p2a: Tyranitar
|
|-weather|Sandstorm|[upkeep]
|-damage|p1a: Mandibuzz|22/100 tox|[from] psn
|upkeep
|turn|20
|
|t:|1779947657
|move|p2a: Tyranitar|Stone Edge|p1a: Mandibuzz|[miss]
|-miss|p2a: Tyranitar|p1a: Mandibuzz
|move|p1a: Mandibuzz|Toxic|p2a: Tyranitar
|-status|p2a: Tyranitar|tox
|
|-weather|Sandstorm|[upkeep]
|-damage|p2a: Tyranitar|45/100 tox|[from] psn
|-damage|p1a: Mandibuzz|10/100 tox|[from] psn
|upkeep
|turn|21
|
|t:|1779947663
|move|p2a: Tyranitar|Ice Punch|p1a: Mandibuzz
|-supereffective|p1a: Mandibuzz
|-damage|p1a: Mandibuzz|0 fnt
|faint|p1a: Mandibuzz
|
|-weather|Sandstorm|[upkeep]
|-damage|p2a: Tyranitar|32/100 tox|[from] psn
|upkeep
|
|t:|1779947667
|switch|p1a: Barraskewda|Barraskewda, F, shiny, tera:Water|54/100
|turn|22
|
|t:|1779947674
|move|p1a: Barraskewda|Liquidation|p2a: Tyranitar
|-supereffective|p2a: Tyranitar
|-damage|p2a: Tyranitar|0 fnt
|faint|p2a: Tyranitar
|-damage|p1a: Barraskewda|45/100|[from] item: Life Orb
|
|-weather|Sandstorm|[upkeep]
|-damage|p1a: Barraskewda|39/100|[from] Sandstorm
|upkeep
|
|t:|1779947676
|switch|p2a: Excadrill|Excadrill, F|100/100
|turn|23
|
|t:|1779947679
|switch|p1a: Pelipper|Pelipper, F|89/100
|-weather|RainDance|[from] ability: Drizzle|[of] p1a: Pelipper
|move|p2a: Excadrill|Earthquake|p1a: Pelipper
|-immune|p1a: Pelipper
|
|-weather|RainDance|[upkeep]
|upkeep
|turn|24
|-message|Thmpbck forfeited.
|
|win|Gloryboykeef
|raw|Gloryboykeef's rating: 1242 &rarr; <strong>1273</strong><br />(+31 for winning)
|raw|Thmpbck's rating: 1324 &rarr; <strong>1299</strong><br />(-25 for losing)
|l|☆Thmpbck
|player|p2|
|l|☆Gloryboykeef
|player|p1|
