|j|☆Rk Earth 9000
|j|☆Fireblaze343z
|t:|1779920890
|gametype|singles
|player|p1|Rk Earth 9000|volkner|1155
|player|p2|Fireblaze343z|volkner-masters|1148
|gen|9
|tier|[Gen 9] OU
|rated|
|rule|HP Percentage Mod: HP is shown in percentages
|rule|Endless Battle Clause: Forcing endless battles is banned
|rule|Species Clause: Limit one of each Pokémon
|rule|OHKO Clause: OHKO moves are banned
|rule|Evasion Items Clause: Evasion items are banned
|rule|Evasion Moves Clause: Evasion moves are banned
|rule|Evasion Abilities Clause: Evasion abilities are banned
|rule|Sleep Moves Clause: Sleep-inducing moves are banned
|clearpoke
|poke|p1|Moltres|
|poke|p1|Araquanid, M|
|poke|p1|Slowbro, M|
|poke|p1|Jirachi|
|poke|p1|Kleavor, M|
|poke|p1|Tentacruel, M|
|poke|p2|Dusknoir, M|
|poke|p2|Metagross|
|poke|p2|Cinderace, M|
|poke|p2|Porygon2|
|poke|p2|Zoroark-Hisui, M|
|poke|p2|Ninetales-Alola, F|
|teampreview
|inactive|Battle timer is ON: inactive players will automatically lose when time's up. (requested by Fireblaze343z)
|
|t:|1779920917
|teamsize|p1|6
|teamsize|p2|6
|start
|switch|p1a: Tentacruel|Tentacruel, M, shiny|100/100
|switch|p2a: Lord Cross|Metagross, shiny|100/100
|turn|1
|
|t:|1779920931
|switch|p1a: Moltres|Moltres, shiny|100/100
|move|p2a: Lord Cross|Psychic|p1a: Moltres
|-damage|p1a: Moltres|57/100
|
|upkeep
|turn|2
|
|t:|1779920940
|switch|p2a: Driver|Porygon2|100/100
|move|p1a: Moltres|Scorching Sands|p2a: Driver
|-damage|p2a: Driver|83/100
|
|upkeep
|turn|3
|
|t:|1779920955
|switch|p1a: Tentacruel|Tentacruel, M, shiny|100/100
|move|p2a: Driver|Tri Attack|p1a: Tentacruel
|-damage|p1a: Tentacruel|57/100
|
|upkeep
|turn|4
|
|t:|1779920963
|move|p1a: Tentacruel|Toxic|p2a: Driver
|-status|p2a: Driver|tox
|move|p2a: Driver|Psyshock|p1a: Tentacruel
|-supereffective|p1a: Tentacruel
|-damage|p1a: Tentacruel|0 fnt
|faint|p1a: Tentacruel
|
|-damage|p2a: Driver|77/100 tox|[from] psn
|upkeep
|
|t:|1779920973
|switch|p1a: Jirachi|Jirachi|100/100
|turn|5
|
|t:|1779920979
|move|p1a: Jirachi|Drain Punch|p2a: Driver
|-supereffective|p2a: Driver
|-damage|p2a: Driver|44/100 tox
|move|p2a: Driver|Thunder Wave|p1a: Jirachi
|-status|p1a: Jirachi|par
|
|-damage|p2a: Driver|32/100 tox|[from] psn
|upkeep
|turn|6
|
|t:|1779920990
|move|p2a: Driver|Recover|p2a: Driver
|-heal|p2a: Driver|82/100 tox
|move|p1a: Jirachi|Zen Headbutt|p2a: Driver
|-damage|p2a: Driver|58/100 tox
|
|-damage|p2a: Driver|39/100 tox|[from] psn
|upkeep
|turn|7
|
|t:|1779920998
|switch|p2a: Dusk|Dusknoir, M|100/100
|-item|p1a: Jirachi|Weakness Policy|[from] ability: Frisk|[of] p2a: Dusk
|move|p1a: Jirachi|Drain Punch|p2a: Dusk
|-immune|p2a: Dusk
|
|upkeep
|turn|8
|
|t:|1779921007
|move|p2a: Dusk|Poltergeist|p1a: Jirachi|[miss]
|-miss|p2a: Dusk|p1a: Jirachi
|move|p1a: Jirachi|Zen Headbutt|p2a: Dusk
|-damage|p2a: Dusk|68/100
|
|-heal|p2a: Dusk|74/100|[from] item: Leftovers
|upkeep
|turn|9
|
|t:|1779921017
|move|p2a: Dusk|Poltergeist|p1a: Jirachi
|-activate|p1a: Jirachi|move: Poltergeist|Weakness Policy
|-supereffective|p1a: Jirachi
|-damage|p1a: Jirachi|18/100 par
|-enditem|p1a: Jirachi|Weakness Policy
|-boost|p1a: Jirachi|atk|2|[from] item: Weakness Policy
|-boost|p1a: Jirachi|spa|2|[from] item: Weakness Policy
|move|p1a: Jirachi|Zen Headbutt|p2a: Dusk
|-damage|p2a: Dusk|12/100
|
|-heal|p2a: Dusk|19/100|[from] item: Leftovers
|upkeep
|turn|10
|
|t:|1779921031
|move|p2a: Dusk|Shadow Sneak|p1a: Jirachi
|-supereffective|p1a: Jirachi
|-damage|p1a: Jirachi|0 fnt
|faint|p1a: Jirachi
|
|-heal|p2a: Dusk|25/100|[from] item: Leftovers
|upkeep
|
|t:|1779921038
|switch|p1a: Araquanid|Araquanid, M, shiny|100/100
|turn|11
|
|t:|1779921045
|-terastallize|p1a: Araquanid|Water
|move|p2a: Dusk|Poltergeist|p1a: Araquanid
|-activate|p1a: Araquanid|move: Poltergeist|Choice Band
|-damage|p1a: Araquanid|28/100
|move|p1a: Araquanid|Liquidation|p2a: Dusk
|-damage|p2a: Dusk|0 fnt
|faint|p2a: Dusk
|
|upkeep
|
|t:|1779921054
|switch|p2a: Lord Cross|Metagross, shiny|100/100
|turn|12
|
|t:|1779921067
|move|p2a: Lord Cross|Shadow Ball|p1a: Araquanid
|-damage|p1a: Araquanid|0 fnt
|faint|p1a: Araquanid
|
|upkeep
|
|t:|1779921077
|switch|p1a: Slowbro|Slowbro, M, shiny|100/100
|turn|13
|
|t:|1779921081
|move|p2a: Lord Cross|Shadow Ball|p1a: Slowbro
|-supereffective|p1a: Slowbro
|-damage|p1a: Slowbro|0 fnt
|faint|p1a: Slowbro
|
|upkeep
|
|t:|1779921086
|switch|p1a: Kleavor|Kleavor, M|100/100
|turn|14
|
|t:|1779921106
|switch|p2a: Driver|Porygon2|39/100 tox
|move|p1a: Kleavor|Stone Axe|p2a: Driver
|-damage|p2a: Driver|0 fnt
|-sidestart|p2: Fireblaze343z|move: Stealth Rock
|faint|p2a: Driver
|
|upkeep
|inactive|Fireblaze343z has 120 seconds left.
|inactive|Fireblaze343z has 90 seconds left.
|
|t:|1779921175
|switch|p2a: Lord Cross|Metagross, shiny|100/100
|-damage|p2a: Lord Cross|94/100|[from] Stealth Rock
|turn|15
|
|t:|1779921181
|switch|p1a: Moltres|Moltres, shiny|57/100
|move|p2a: Lord Cross|Earthquake|p1a: Moltres
|-immune|p1a: Moltres
|
|-heal|p2a: Lord Cross|100/100|[from] item: Leftovers
|upkeep
|turn|16
|
|t:|1779921189
|move|p1a: Moltres|Flamethrower|p2a: Lord Cross
|-supereffective|p2a: Lord Cross
|-damage|p2a: Lord Cross|0 fnt
|faint|p2a: Lord Cross
|
|upkeep
|inactive|Fireblaze343z has 90 seconds left.
|
|t:|1779921200
|switch|p2a: Floe|Ninetales-Alola, F, shiny|100/100
|-damage|p2a: Floe|76/100|[from] Stealth Rock
|-weather|Snowscape|[from] ability: Snow Warning|[of] p2a: Floe
|turn|17
|
|t:|1779921205
|move|p2a: Floe|Aurora Veil|p2a: Floe
|-sidestart|p2: Fireblaze343z|move: Aurora Veil
|move|p1a: Moltres|Flamethrower|p2a: Floe
|-supereffective|p2a: Floe
|-damage|p2a: Floe|22/100
|
|-weather|Snowscape|[upkeep]
|upkeep
|turn|18
|
|t:|1779921212
|move|p2a: Floe|Blizzard|p1a: Moltres
|-damage|p1a: Moltres|25/100
|move|p1a: Moltres|Flamethrower|p2a: Floe
|-supereffective|p2a: Floe
|-damage|p2a: Floe|0 fnt
|faint|p2a: Floe
|
|-weather|Snowscape|[upkeep]
|upkeep
|inactive|Fireblaze343z has 90 seconds left.
|
|t:|1779921227
|switch|p2a: Cinderace|Cinderace, M|100/100
|-damage|p2a: Cinderace|88/100|[from] Stealth Rock
|turn|19
|
|t:|1779921235
|move|p2a: Cinderace|Shadow Ball|p1a: Moltres
|-damage|p1a: Moltres|0 fnt
|faint|p1a: Moltres
|
|-weather|Snowscape|[upkeep]
|upkeep
|
|t:|1779921241
|switch|p1a: Kleavor|Kleavor, M|100/100
|turn|20
|
|t:|1779921246
|move|p1a: Kleavor|Stone Axe|p2a: Cinderace
|-damage|p2a: Cinderace|28/100
|replace|p2a: Demiurge|Zoroark-Hisui, M, shiny
|-end|p2a: Demiurge|Illusion
|move|p2a: Demiurge|Shadow Ball|p1a: Kleavor
|-damage|p1a: Kleavor|0 fnt
|faint|p1a: Kleavor
|
|win|Fireblaze343z
|raw|Rk Earth 9000's rating: 1155 &rarr; <strong>1129</strong><br />(-26 for losing)
|raw|Fireblaze343z's rating: 1148 &rarr; <strong>1174</strong><br />(+26 for winning)
|l|☆Fireblaze343z
|player|p2|
|l|☆Rk Earth 9000
|player|p1|
