|j|☆thorgalaeg7
|j|☆pastagirl
|t:|1779869352
|gametype|singles
|player|p1|thorgalaeg7|byron|1401
|player|p2|pastagirl|169|1398
|gen|9
|tier|[Gen 9] OU
|rated|
|rule|HP Percentage Mod: HP is shown in percentages
|rule|Endless Battle Clause: Forcing endless battles is banned
|rule|Species Clause: Limit one of each Pokémon
|rule|OHKO Clause: OHKO moves are banned
|rule|Evasion Items Clause: Evasion items are banned
|rule|Evasion Moves Clause: Evasion moves are banned
|rule|Evasion Abilities Clause: Evasion abilities are banned
|rule|Sleep Moves Clause: Sleep-inducing moves are banned
|clearpoke
|poke|p1|Dragapult, M|
|poke|p1|Great Tusk|
|poke|p1|Tornadus-Therian, M|
|poke|p1|Pecharunt|
|poke|p1|Ogerpon-Wellspring, F|
|poke|p1|Zamazenta-*|
|poke|p2|Pelipper, M|
|poke|p2|Regieleki|
|poke|p2|Basculegion, M|
|poke|p2|Ting-Lu|
|poke|p2|Kingambit, M|
|poke|p2|Keldeo-Resolute|
|teampreview
|inactive|Battle timer is ON: inactive players will automatically lose when time's up. (requested by thorgalaeg7)
|
|t:|1779869380
|teamsize|p1|6
|teamsize|p2|6
|start
|switch|p1a: Dragapult|Dragapult, M|100/100
|switch|p2a: Pelipper|Pelipper, M|100/100
|-weather|RainDance|[from] ability: Drizzle|[of] p2a: Pelipper
|turn|1
|
|t:|1779869393
|switch|p2a: Ting-Lu|Ting-Lu|100/100
|-ability|p2a: Ting-Lu|Vessel of Ruin
|move|p1a: Dragapult|U-turn|p2a: Ting-Lu
|-supereffective|p2a: Ting-Lu
|-damage|p2a: Ting-Lu|81/100
|-enditem|p2a: Ting-Lu|Red Card|[of] p1a: Dragapult
|drag|p1a: Pecharunt|Pecharunt|100/100
|
|-weather|RainDance|[upkeep]
|upkeep
|turn|2
|
|t:|1779869407
|move|p1a: Pecharunt|Parting Shot|p2a: Ting-Lu
|-unboost|p2a: Ting-Lu|atk|1
|-unboost|p2a: Ting-Lu|spa|1
|
|t:|1779869422
|switch|p1a: Great Tusk|Great Tusk|100/100|[from] Parting Shot
|move|p2a: Ting-Lu|Stealth Rock|p1a: Great Tusk
|-sidestart|p1: thorgalaeg7|move: Stealth Rock
|
|-weather|RainDance|[upkeep]
|upkeep
|turn|3
|
|t:|1779869432
|switch|p2a: Pelipper|Pelipper, M|100/100
|move|p1a: Great Tusk|Stealth Rock|p2a: Pelipper
|-sidestart|p2: pastagirl|move: Stealth Rock
|
|-weather|RainDance|[upkeep]
|upkeep
|turn|4
|
|t:|1779869440
|-end|p1a: Great Tusk|Protosynthesis|[silent]
|switch|p1a: Tornadus|Tornadus-Therian, M|100/100
|-damage|p1a: Tornadus|76/100|[from] Stealth Rock
|move|p2a: Pelipper|U-turn|p1a: Tornadus
|-resisted|p1a: Tornadus
|-damage|p1a: Tornadus|70/100
|
|t:|1779869454
|switch|p2a: Regieleki|Regieleki|100/100|[from] U-turn
|
|-weather|RainDance|[upkeep]
|upkeep
|turn|5
|inactive|thorgalaeg7 has 120 seconds left.
|
|t:|1779869489
|move|p2a: Regieleki|Rapid Spin|p1a: Tornadus
|-damage|p1a: Tornadus|59/100
|-boost|p2a: Regieleki|spe|1
|-sideend|p2: pastagirl|Stealth Rock|[from] move: Rapid Spin|[of] p2a: Regieleki
|move|p1a: Tornadus|U-turn|p2a: Regieleki
|-damage|p2a: Regieleki|76/100
|
|t:|1779869497
|switch|p1a: Great Tusk|Great Tusk|100/100|[from] U-turn
|
|-weather|RainDance|[upkeep]
|upkeep
|turn|6
|
|t:|1779869500
|switch|p2a: Basculegion|Basculegion, M|100/100
|move|p1a: Great Tusk|Rapid Spin|p2a: Basculegion
|-immune|p2a: Basculegion
|
|-weather|RainDance|[upkeep]
|upkeep
|turn|7
|inactive|thorgalaeg7 has 120 seconds left.
|
|t:|1779869535
|-end|p1a: Great Tusk|Protosynthesis|[silent]
|switch|p1a: Ogerpon|Ogerpon-Wellspring, F|100/100
|-damage|p1a: Ogerpon|88/100|[from] Stealth Rock
|move|p2a: Basculegion|Flip Turn|p1a: Ogerpon
|-heal|p1a: Ogerpon|100/100|[from] ability: Water Absorb|[of] p2a: Basculegion
|
|-weather|RainDance|[upkeep]
|upkeep
|turn|8
|
|t:|1779869546
|switch|p2a: Kingambit|Kingambit, M|100/100
|move|p1a: Ogerpon|Swords Dance|p1a: Ogerpon
|-boost|p1a: Ogerpon|atk|2
|
|-weather|none
|upkeep
|turn|9
|
|t:|1779869554
|move|p1a: Ogerpon|Ivy Cudgel|p2a: Kingambit|[anim] Ivy Cudgel Water
|-crit|p2a: Kingambit
|-damage|p2a: Kingambit|0 fnt
|faint|p2a: Kingambit
|-end|p2a: Kingambit|fallenundefined|[silent]
|
|upkeep
|
|t:|1779869562
|switch|p2a: Regieleki|Regieleki|76/100
|turn|10
|
|t:|1779869578
|move|p2a: Regieleki|Volt Switch|p1a: Ogerpon
|-damage|p1a: Ogerpon|49/100
|
|t:|1779869581
|switch|p2a: Pelipper|Pelipper, M|100/100|[from] Volt Switch
|-weather|RainDance|[from] ability: Drizzle|[of] p2a: Pelipper
|move|p1a: Ogerpon|Horn Leech|p2a: Pelipper
|-damage|p2a: Pelipper|30/100
|-heal|p1a: Ogerpon|87/100|[from] drain|[of] p2a: Pelipper
|
|-weather|RainDance|[upkeep]
|upkeep
|turn|11
|
|t:|1779869590
|move|p1a: Ogerpon|Horn Leech|p2a: Pelipper
|-damage|p2a: Pelipper|0 fnt
|-heal|p1a: Ogerpon|100/100|[from] drain|[of] p2a: Pelipper
|faint|p2a: Pelipper
|
|-weather|RainDance|[upkeep]
|upkeep
|
|t:|1779869593
|switch|p2a: Basculegion|Basculegion, M|100/100
|turn|12
|
|t:|1779869620
|move|p2a: Basculegion|Head Smash|p1a: Ogerpon
|-damage|p1a: Ogerpon|16/100
|-damage|p2a: Basculegion|67/100|[from] Recoil
|move|p1a: Ogerpon|Ivy Cudgel|p2a: Basculegion|[anim] Ivy Cudgel Water
|-resisted|p2a: Basculegion
|-damage|p2a: Basculegion|0 fnt
|faint|p2a: Basculegion
|
|-weather|RainDance|[upkeep]
|upkeep
|
|t:|1779869626
|switch|p2a: Regieleki|Regieleki|76/100
|turn|13
|
|t:|1779869633
|switch|p2a: Keldeo|Keldeo-Resolute|100/100
|switch|p1a: Great Tusk|Great Tusk|100/100
|
|-weather|RainDance|[upkeep]
|upkeep
|turn|14
|
|t:|1779869642
|-end|p1a: Great Tusk|Protosynthesis|[silent]
|switch|p1a: Pecharunt|Pecharunt|100/100
|move|p2a: Keldeo|Surf|p1a: Pecharunt
|-damage|p1a: Pecharunt|0 fnt
|faint|p1a: Pecharunt
|
|-weather|RainDance|[upkeep]
|upkeep
|
|t:|1779869653
|switch|p1a: Dragapult|Dragapult, M|100/100
|-damage|p1a: Dragapult|88/100|[from] Stealth Rock
|turn|15
|
|t:|1779869659
|switch|p2a: Ting-Lu|Ting-Lu|81/100
|-ability|p2a: Ting-Lu|Vessel of Ruin
|move|p1a: Dragapult|U-turn|p2a: Ting-Lu
|-supereffective|p2a: Ting-Lu
|-damage|p2a: Ting-Lu|64/100
|
|t:|1779869672
|switch|p1a: Great Tusk|Great Tusk|100/100|[from] U-turn
|
|-weather|RainDance|[upkeep]
|upkeep
|turn|16
|
|t:|1779869679
|switch|p2a: Keldeo|Keldeo-Resolute|100/100
|move|p1a: Great Tusk|Rapid Spin|p2a: Keldeo
|-damage|p2a: Keldeo|79/100
|-boost|p1a: Great Tusk|spe|1
|-sideend|p1: thorgalaeg7|Stealth Rock|[from] move: Rapid Spin|[of] p1a: Great Tusk
|
|-weather|RainDance|[upkeep]
|upkeep
|turn|17
|
|t:|1779869689
|move|p1a: Great Tusk|Headlong Rush|p2a: Keldeo
|-damage|p2a: Keldeo|10/100
|-unboost|p1a: Great Tusk|def|1
|-unboost|p1a: Great Tusk|spd|1
|move|p2a: Keldeo|Secret Sword|p1a: Great Tusk
|-damage|p1a: Great Tusk|27/100
|
|-weather|none
|upkeep
|turn|18
|-message|pastagirl forfeited.
|
|win|thorgalaeg7
|raw|thorgalaeg7's rating: 1401 &rarr; <strong>1421</strong><br />(+20 for winning)
|raw|pastagirl's rating: 1398 &rarr; <strong>1378</strong><br />(-20 for losing)
|l|☆pastagirl
|player|p2|
|l|☆thorgalaeg7
|player|p1|
