|j|☆slowlyfadingaway
|j|☆seantheguyr5
|t:|1779893684
|gametype|singles
|player|p1|slowlyfadingaway|veteran|1453
|player|p2|seantheguyr5|emmet|1468
|gen|9
|tier|[Gen 9] OU
|rated|
|rule|HP Percentage Mod: HP is shown in percentages
|rule|Endless Battle Clause: Forcing endless battles is banned
|rule|Species Clause: Limit one of each Pokémon
|rule|OHKO Clause: OHKO moves are banned
|rule|Evasion Items Clause: Evasion items are banned
|rule|Evasion Moves Clause: Evasion moves are banned
|rule|Evasion Abilities Clause: Evasion abilities are banned
|rule|Sleep Moves Clause: Sleep-inducing moves are banned
|clearpoke
|poke|p1|Greninja-*, M|
|poke|p1|Forretress, M|
|poke|p1|Samurott-Hisui, F|
|poke|p1|Garchomp, F|
|poke|p1|Scizor, M|
|poke|p1|Diancie|
|poke|p2|Ting-Lu|
|poke|p2|Gliscor, M|
|poke|p2|Sinistcha-Masterpiece|
|poke|p2|Keldeo|
|poke|p2|Tinkaton, F|
|poke|p2|Dragonite, F|
|teampreview
|inactive|Battle timer is ON: inactive players will automatically lose when time's up. (requested by slowlyfadingaway)
|inactive|seantheguyr5 has 120 seconds left.
|
|t:|1779893720
|teamsize|p1|6
|teamsize|p2|6
|start
|switch|p1a: Samurott|Samurott-Hisui, F|100/100
|switch|p2a: SUGARCUBE|Keldeo|100/100
|turn|1
|
|t:|1779893731
|move|p2a: SUGARCUBE|Aura Sphere|p1a: Samurott
|-supereffective|p1a: Samurott
|-enditem|p1a: Samurott|Focus Sash
|-damage|p1a: Samurott|1/100
|move|p1a: Samurott|Ceaseless Edge|p2a: SUGARCUBE
|-resisted|p2a: SUGARCUBE
|-damage|p2a: SUGARCUBE|74/100
|-ability|p2a: SUGARCUBE|Justified|boost
|-boost|p2a: SUGARCUBE|atk|1
|-sidestart|p2: seantheguyr5|Spikes
|
|upkeep
|turn|2
|
|t:|1779893750
|move|p1a: Samurott|Aqua Jet|p2a: SUGARCUBE
|-resisted|p2a: SUGARCUBE
|-damage|p2a: SUGARCUBE|63/100
|move|p2a: SUGARCUBE|Aura Sphere|p1a: Samurott
|-supereffective|p1a: Samurott
|-damage|p1a: Samurott|0 fnt
|faint|p1a: Samurott
|
|upkeep
|
|t:|1779893753
|switch|p1a: Diancie|Diancie|100/100
|turn|3
|
|t:|1779893756
|-terastallize|p1a: Diancie|Dragon
|move|p2a: SUGARCUBE|Flip Turn|p1a: Diancie
|-resisted|p1a: Diancie
|-damage|p1a: Diancie|89/100
|
|t:|1779893765
|switch|p2a: Tiffany|Tinkaton, F|100/100|[from] Flip Turn
|-ability|p2a: Tiffany|Mold Breaker
|-item|p2a: Tiffany|Air Balloon
|move|p1a: Diancie|Rock Polish|p1a: Diancie
|-boost|p1a: Diancie|spe|2
|
|upkeep
|turn|4
|
|t:|1779893773
|switch|p1a: Forretress|Forretress, M|100/100
|move|p2a: Tiffany|Thunder Wave|p1a: Forretress|[miss]
|-miss|p2a: Tiffany|p1a: Forretress
|
|upkeep
|turn|5
|inactive|seantheguyr5 has 120 seconds left.
|
|t:|1779893808
|switch|p2a: SUGARCUBE|Keldeo|63/100
|move|p1a: Forretress|Stealth Rock|p2a: SUGARCUBE
|-sidestart|p2: seantheguyr5|move: Stealth Rock
|
|upkeep
|turn|6
|
|t:|1779893813
|move|p2a: SUGARCUBE|Surf|p1a: Forretress
|-damage|p1a: Forretress|27/100
|move|p1a: Forretress|Body Press|p2a: SUGARCUBE
|-damage|p2a: SUGARCUBE|28/100
|
|upkeep
|turn|7
|
|t:|1779893818
|move|p2a: SUGARCUBE|Surf|p1a: Forretress
|-damage|p1a: Forretress|0 fnt
|faint|p1a: Forretress
|
|upkeep
|
|t:|1779893821
|switch|p1a: Greninja|Greninja, M|100/100
|turn|8
|
|t:|1779893826
|move|p2a: SUGARCUBE|Vacuum Wave|p1a: Greninja
|-supereffective|p1a: Greninja
|-damage|p1a: Greninja|28/100
|move|p1a: Greninja|Sludge Wave|p2a: SUGARCUBE
|-damage|p2a: SUGARCUBE|0 fnt
|faint|p2a: SUGARCUBE
|-ability|p1a: Greninja|Battle Bond|boost
|-boost|p1a: Greninja|atk|1
|-boost|p1a: Greninja|spa|1
|-boost|p1a: Greninja|spe|1
|-activate|p1a: Greninja|ability: Battle Bond
|
|upkeep
|
|t:|1779893832
|switch|p2a: lemonade|Dragonite, F|100/100
|turn|9
|
|t:|1779893836
|switch|p1a: Garchomp|Garchomp, F|100/100
|move|p2a: lemonade|Extreme Speed|p1a: Garchomp
|-damage|p1a: Garchomp|71/100
|-damage|p2a: lemonade|88/100|[from] ability: Rough Skin|[of] p1a: Garchomp
|
|upkeep
|turn|10
|
|t:|1779893841
|move|p1a: Garchomp|Swords Dance|p1a: Garchomp
|-boost|p1a: Garchomp|atk|2
|move|p2a: lemonade|Dragon Tail|p1a: Garchomp
|-supereffective|p1a: Garchomp
|-damage|p1a: Garchomp|0 fnt
|-damage|p2a: lemonade|76/100|[from] ability: Rough Skin|[of] p1a: Garchomp
|faint|p1a: Garchomp
|
|upkeep
|
|t:|1779893845
|switch|p1a: Diancie|Diancie, tera:Dragon|89/100
|turn|11
|
|t:|1779893850
|move|p1a: Diancie|Meteor Beam||[still]
|-prepare|p1a: Diancie|Meteor Beam
|-boost|p1a: Diancie|spa|1
|-enditem|p1a: Diancie|Power Herb
|-anim|p1a: Diancie|Meteor Beam|p2a: lemonade
|-supereffective|p2a: lemonade
|-damage|p2a: lemonade|0 fnt
|faint|p2a: lemonade
|
|upkeep
|
|t:|1779893858
|switch|p2a: Tiffany|Tinkaton, F|100/100
|-damage|p2a: Tiffany|94/100|[from] Stealth Rock
|-ability|p2a: Tiffany|Mold Breaker
|-item|p2a: Tiffany|Air Balloon
|turn|12
|
|t:|1779893862
|move|p2a: Tiffany|Thunder Wave|p1a: Diancie
|-status|p1a: Diancie|par
|move|p1a: Diancie|Rock Polish|p1a: Diancie
|-boost|p1a: Diancie|spe|2
|
|upkeep
|turn|13
|
|t:|1779893867
|move|p2a: Tiffany|Encore|p1a: Diancie
|-start|p1a: Diancie|Encore
|cant|p1a: Diancie|par
|
|upkeep
|turn|14
|
|t:|1779893871
|switch|p2a: Jarhead|Ting-Lu|100/100
|-damage|p2a: Jarhead|88/100|[from] Spikes
|-damage|p2a: Jarhead|82/100|[from] Stealth Rock
|-ability|p2a: Jarhead|Vessel of Ruin
|switch|p1a: Scizor|Scizor, M|100/100
|
|-heal|p2a: Jarhead|88/100|[from] item: Leftovers
|upkeep
|turn|15
|
|t:|1779893874
|move|p1a: Scizor|U-turn|p2a: Jarhead
|-supereffective|p2a: Jarhead
|-damage|p2a: Jarhead|47/100
|
|t:|1779893877
|switch|p1a: Greninja|Greninja, M|28/100|[from] U-turn
|move|p2a: Jarhead|Spikes|p1a: Greninja
|-sidestart|p1: slowlyfadingaway|Spikes
|
|-heal|p2a: Jarhead|53/100|[from] item: Leftovers
|upkeep
|turn|16
|
|t:|1779893887
|move|p1a: Greninja|U-turn|p2a: Jarhead
|-supereffective|p2a: Jarhead
|-damage|p2a: Jarhead|38/100
|
|t:|1779893890
|switch|p1a: Scizor|Scizor, M|100/100|[from] U-turn
|-damage|p1a: Scizor|88/100|[from] Spikes
|move|p2a: Jarhead|Earthquake|p1a: Scizor
|-crit|p1a: Scizor
|-damage|p1a: Scizor|30/100
|
|-heal|p2a: Jarhead|44/100|[from] item: Leftovers
|upkeep
|turn|17
|
|t:|1779893896
|move|p1a: Scizor|U-turn|p2a: Jarhead
|-supereffective|p2a: Jarhead
|-damage|p2a: Jarhead|3/100
|
|t:|1779893901
|switch|p1a: Greninja|Greninja, M|28/100|[from] U-turn
|-damage|p1a: Greninja|16/100|[from] Spikes
|move|p2a: Jarhead|Spikes|p1a: Greninja
|-sidestart|p1: slowlyfadingaway|Spikes
|
|-heal|p2a: Jarhead|9/100|[from] item: Leftovers
|upkeep
|turn|18
|
|t:|1779893909
|move|p1a: Greninja|Water Shuriken|p2a: Jarhead
|-supereffective|p2a: Jarhead
|-damage|p2a: Jarhead|4/100
|-supereffective|p2a: Jarhead
|-damage|p2a: Jarhead|0 fnt
|faint|p2a: Jarhead
|-hitcount|p2: Jarhead|2
|
|upkeep
|
|t:|1779893911
|switch|p2a: MoonShine|Sinistcha-Masterpiece|100/100
|turn|19
|
|t:|1779893918
|move|p1a: Greninja|Dark Pulse|p2a: MoonShine
|-supereffective|p2a: MoonShine
|-damage|p2a: MoonShine|17/100
|move|p2a: MoonShine|Matcha Gotcha|p1a: Greninja
|-supereffective|p1a: Greninja
|-damage|p1a: Greninja|0 fnt
|-heal|p2a: MoonShine|23/100|[from] drain|[of] p1a: Greninja
|faint|p1a: Greninja
|
|upkeep
|
|t:|1779893922
|switch|p1a: Scizor|Scizor, M|30/100
|-damage|p1a: Scizor|14/100|[from] Spikes
|turn|20
|
|t:|1779893926
|move|p1a: Scizor|Bullet Punch|p2a: MoonShine
|-damage|p2a: MoonShine|0 fnt
|faint|p2a: MoonShine
|
|upkeep
|
|t:|1779893935
|switch|p2a: BatSpell|Gliscor, M|100/100
|-damage|p2a: BatSpell|88/100|[from] Stealth Rock
|turn|21
|
|t:|1779893940
|move|p2a: BatSpell|Protect|p2a: BatSpell
|-singleturn|p2a: BatSpell|Protect
|move|p1a: Scizor|Bullet Punch|p2a: BatSpell
|-activate|p2a: BatSpell|move: Protect
|
|-status|p2a: BatSpell|tox|[from] item: Toxic Orb
|upkeep
|turn|22
|
|t:|1779893943
|move|p1a: Scizor|Bullet Punch|p2a: BatSpell
|-damage|p2a: BatSpell|58/100 tox
|move|p2a: BatSpell|Knock Off|p1a: Scizor
|-damage|p1a: Scizor|0 fnt
|-enditem|p1a: Scizor|Focus Sash|[from] move: Knock Off|[of] p2a: BatSpell
|faint|p1a: Scizor
|
|-heal|p2a: BatSpell|71/100 tox|[from] ability: Poison Heal
|upkeep
|
|t:|1779893945
|switch|p1a: Diancie|Diancie, tera:Dragon|89/100 par
|-damage|p1a: Diancie|73/100 par|[from] Spikes
|turn|23
|
|t:|1779893951
|move|p2a: BatSpell|Swords Dance|p2a: BatSpell
|-boost|p2a: BatSpell|atk|2
|cant|p1a: Diancie|par
|
|-heal|p2a: BatSpell|83/100 tox|[from] ability: Poison Heal
|upkeep
|turn|24
|
|t:|1779893957
|-terastallize|p2a: BatSpell|Normal
|move|p2a: BatSpell|Facade|p1a: Diancie
|-damage|p1a: Diancie|0 fnt
|faint|p1a: Diancie
|
|win|seantheguyr5
|raw|slowlyfadingaway's rating: 1453 &rarr; <strong>1434</strong><br />(-19 for losing)
|raw|seantheguyr5's rating: 1468 &rarr; <strong>1487</strong><br />(+19 for winning)
|c|☆slowlyfadingaway|thats ggs
|l|☆slowlyfadingaway
|player|p1|
|c|☆seantheguyr5|gg
|l|☆seantheguyr5
|player|p2|
