|j|☆Mky27
|j|☆jurkevicz
|t:|1779822092
|gametype|singles
|player|p1|Mky27|ltsurge|1474
|player|p2|jurkevicz|sage|1503
|gen|9
|tier|[Gen 9] OU
|rated|
|rule|HP Percentage Mod: HP is shown in percentages
|rule|Endless Battle Clause: Forcing endless battles is banned
|rule|Species Clause: Limit one of each Pokémon
|rule|OHKO Clause: OHKO moves are banned
|rule|Evasion Items Clause: Evasion items are banned
|rule|Evasion Moves Clause: Evasion moves are banned
|rule|Evasion Abilities Clause: Evasion abilities are banned
|rule|Sleep Moves Clause: Sleep-inducing moves are banned
|clearpoke
|poke|p1|Comfey, F|
|poke|p1|Walking Wake|
|poke|p1|Great Tusk|
|poke|p1|Torkoal, F|
|poke|p1|Arboliva, M|
|poke|p1|Ogerpon-Cornerstone, F|
|poke|p2|Hydrapple, M|
|poke|p2|Tyranitar, F|
|poke|p2|Moltres|
|poke|p2|Zamazenta-*|
|poke|p2|Slowking-Galar, F|
|poke|p2|Excadrill, F|
|teampreview
|inactive|Battle timer is ON: inactive players will automatically lose when time's up. (requested by Mky27)
|
|t:|1779822114
|teamsize|p1|6
|teamsize|p2|6
|start
|switch|p1a: Torkolita|Torkoal, F, shiny|100/100
|switch|p2a: Slowking|Slowking-Galar, F|100/100
|-weather|SunnyDay|[from] ability: Drought|[of] p1a: Torkolita
|turn|1
|
|t:|1779822123
|move|p2a: Slowking|Sludge Bomb|p1a: Torkolita
|-damage|p1a: Torkolita|52/100
|move|p1a: Torkolita|Stealth Rock|p2a: Slowking
|-sidestart|p2: jurkevicz|move: Stealth Rock
|
|-weather|SunnyDay|[upkeep]
|upkeep
|turn|2
|
|t:|1779822132
|switch|p1a: Great Tusk|Great Tusk, shiny|100/100
|-activate|p1a: Great Tusk|ability: Protosynthesis
|-start|p1a: Great Tusk|protosynthesisspe
|move|p2a: Slowking|Sludge Bomb|p1a: Great Tusk
|-resisted|p1a: Great Tusk
|-crit|p1a: Great Tusk
|-damage|p1a: Great Tusk|64/100
|
|-weather|SunnyDay|[upkeep]
|-heal|p1a: Great Tusk|70/100|[from] item: Leftovers
|upkeep
|turn|3
|
|t:|1779822144
|-end|p1a: Great Tusk|Protosynthesis|[silent]
|switch|p1a: Ogerpon|Ogerpon-Cornerstone, F|100/100
|switch|p2a: Moltres|Moltres|100/100
|
|-weather|SunnyDay|[upkeep]
|upkeep
|turn|4
|
|t:|1779822156
|switch|p2a: Zamazenta|Zamazenta|100/100
|-damage|p2a: Zamazenta|94/100|[from] Stealth Rock
|-ability|p2a: Zamazenta|Dauntless Shield|boost
|-boost|p2a: Zamazenta|def|1
|move|p1a: Ogerpon|Ivy Cudgel|p2a: Zamazenta|[anim] Ivy Cudgel Rock
|-resisted|p2a: Zamazenta
|-damage|p2a: Zamazenta|80/100
|
|-weather|SunnyDay|[upkeep]
|-heal|p2a: Zamazenta|86/100|[from] item: Leftovers
|upkeep
|turn|5
|
|t:|1779822168
|switch|p1a: Walking Wake|Walking Wake|100/100
|-activate|p1a: Walking Wake|ability: Protosynthesis
|-start|p1a: Walking Wake|protosynthesisspe
|move|p2a: Zamazenta|Iron Defense|p2a: Zamazenta
|-boost|p2a: Zamazenta|def|2
|
|-weather|SunnyDay|[upkeep]
|-heal|p2a: Zamazenta|92/100|[from] item: Leftovers
|upkeep
|turn|6
|
|t:|1779822181
|move|p1a: Walking Wake|Hydro Steam|p2a: Zamazenta
|-damage|p2a: Zamazenta|30/100
|move|p2a: Zamazenta|Body Press|p1a: Walking Wake
|-damage|p1a: Walking Wake|0 fnt
|faint|p1a: Walking Wake
|-end|p1a: Walking Wake|Protosynthesis|[silent]
|
|-weather|SunnyDay|[upkeep]
|-heal|p2a: Zamazenta|36/100|[from] item: Leftovers
|upkeep
|
|t:|1779822200
|switch|p1a: Arboliva|Arboliva, M|100/100
|turn|7
|
|t:|1779822211
|move|p1a: Arboliva|Endure|p1a: Arboliva
|-singleturn|p1a: Arboliva|move: Endure
|move|p2a: Zamazenta|Body Press|p1a: Arboliva
|-supereffective|p1a: Arboliva
|-activate|p1a: Arboliva|move: Endure
|-damage|p1a: Arboliva|1/100
|
|-weather|SunnyDay|[upkeep]
|-heal|p2a: Zamazenta|42/100|[from] item: Leftovers
|upkeep
|turn|8
|-enditem|p1a: Arboliva|Custap Berry|[eat]
|-activate|p1a: Arboliva|item: Custap Berry|[consumed]
|
|t:|1779822222
|move|p1a: Arboliva|Energy Ball|p2a: Zamazenta
|-damage|p2a: Zamazenta|0 fnt
|faint|p2a: Zamazenta
|
|-weather|none
|-item|p1a: Arboliva|Custap Berry|[from] ability: Harvest
|upkeep
|
|t:|1779822228
|switch|p2a: Tyranitar|Tyranitar, F|100/100
|-damage|p2a: Tyranitar|88/100|[from] Stealth Rock
|-weather|Sandstorm|[from] ability: Sand Stream|[of] p2a: Tyranitar
|turn|9
|
|t:|1779822237
|switch|p1a: Torkolita|Torkoal, F, shiny|52/100
|-weather|SunnyDay|[from] ability: Drought|[of] p1a: Torkolita
|move|p2a: Tyranitar|Stealth Rock|p1a: Torkolita
|-sidestart|p1: Mky27|move: Stealth Rock
|
|-weather|SunnyDay|[upkeep]
|upkeep
|turn|10
|
|t:|1779822245
|switch|p2a: Slowking|Slowking-Galar, F|100/100
|-damage|p2a: Slowking|88/100|[from] Stealth Rock
|move|p1a: Torkolita|Rapid Spin|p2a: Slowking
|-damage|p2a: Slowking|80/100
|-boost|p1a: Torkolita|spe|1
|-sideend|p1: Mky27|Stealth Rock|[from] move: Rapid Spin|[of] p1a: Torkolita
|
|-weather|SunnyDay|[upkeep]
|upkeep
|turn|11
|
|t:|1779822258
|switch|p1a: Great Tusk|Great Tusk, shiny|70/100
|-activate|p1a: Great Tusk|ability: Protosynthesis
|-start|p1a: Great Tusk|protosynthesisspe
|move|p2a: Slowking|Sludge Bomb|p1a: Great Tusk
|-resisted|p1a: Great Tusk
|-damage|p1a: Great Tusk|47/100
|
|-weather|SunnyDay|[upkeep]
|-heal|p1a: Great Tusk|53/100|[from] item: Leftovers
|upkeep
|turn|12
|
|t:|1779822272
|-end|p1a: Great Tusk|Protosynthesis|[silent]
|switch|p1a: Ogerpon|Ogerpon-Cornerstone, F|100/100
|switch|p2a: Hydrapple|Hydrapple, M|100/100
|
|-weather|SunnyDay|[upkeep]
|upkeep
|turn|13
|
|t:|1779822287
|switch|p1a: Torkolita|Torkoal, F, shiny|52/100
|move|p2a: Hydrapple|Fickle Beam|p1a: Torkolita|[anim] Fickle Beam All Out
|-activate|p2a: Hydrapple|move: Fickle Beam
|-damage|p1a: Torkolita|0 fnt
|faint|p1a: Torkolita
|
|-weather|SunnyDay|[upkeep]
|upkeep
|
|t:|1779822296
|switch|p1a: Comfey|Comfey, F|100/100
|turn|14
|
|t:|1779822300
|switch|p2a: Moltres|Moltres|100/100
|move|p1a: Comfey|Growth|p1a: Comfey
|-boost|p1a: Comfey|atk|2
|-boost|p1a: Comfey|spa|2
|
|-weather|SunnyDay|[upkeep]
|upkeep
|turn|15
|
|t:|1779822308
|move|p1a: Comfey|Growth|p1a: Comfey
|-boost|p1a: Comfey|atk|2
|-boost|p1a: Comfey|spa|2
|move|p2a: Moltres|Flamethrower|p1a: Comfey
|-damage|p1a: Comfey|46/100
|
|-weather|SunnyDay|[upkeep]
|upkeep
|turn|16
|
|t:|1779822318
|move|p1a: Comfey|Stored Power|p2a: Moltres
|-damage|p2a: Moltres|0 fnt
|faint|p2a: Moltres
|
|-weather|none
|upkeep
|l|☆jurkevicz
|inactive|jurkevicz disconnected and has a minute to reconnect!
|player|p2|
|inactive|jurkevicz has 30 seconds to reconnect!
|inactive|jurkevicz has 20 seconds to reconnect!
|inactive|jurkevicz has 15 seconds to reconnect!
|inactive|jurkevicz has 10 seconds to reconnect!
|inactive|jurkevicz has 5 seconds to reconnect!
|-message|jurkevicz lost due to inactivity.
|
|win|Mky27
|raw|Mky27's rating: 1474 &rarr; <strong>1496</strong><br />(+22 for winning)
|raw|jurkevicz's rating: 1503 &rarr; <strong>1481</strong><br />(-22 for losing)
|l|☆Mky27
|player|p1|
