|j|☆gabboh
|j|☆KC177
|t:|1779806683
|gametype|singles
|player|p1|gabboh|265|1490
|player|p2|KC177|unknown|1500
|gen|9
|tier|[Gen 9] OU
|rated|
|rule|HP Percentage Mod: HP is shown in percentages
|rule|Endless Battle Clause: Forcing endless battles is banned
|rule|Species Clause: Limit one of each Pokémon
|rule|OHKO Clause: OHKO moves are banned
|rule|Evasion Items Clause: Evasion items are banned
|rule|Evasion Moves Clause: Evasion moves are banned
|rule|Evasion Abilities Clause: Evasion abilities are banned
|rule|Sleep Moves Clause: Sleep-inducing moves are banned
|clearpoke
|poke|p1|Samurott-Hisui, F|
|poke|p1|Iron Valiant|
|poke|p1|Pecharunt|
|poke|p1|Darkrai|
|poke|p1|Reuniclus, M|
|poke|p1|Kingambit, M|
|poke|p2|Mew|
|poke|p2|Zapdos|
|poke|p2|Moltres|
|poke|p2|Iron Treads|
|poke|p2|Dragapult, M|
|poke|p2|Ogerpon-Wellspring, F|
|teampreview
|
|t:|1779806696
|teamsize|p1|6
|teamsize|p2|6
|start
|switch|p1a: Samurott|Samurott-Hisui, F|100/100
|switch|p2a: Dragapult|Dragapult, M|100/100
|turn|1
|
|t:|1779806731
|move|p2a: Dragapult|Draco Meteor|p1a: Samurott
|-damage|p1a: Samurott|13/100
|-unboost|p2a: Dragapult|spa|2
|move|p1a: Samurott|Ceaseless Edge|p2a: Dragapult
|-supereffective|p2a: Dragapult
|-enditem|p2a: Dragapult|Focus Sash
|-damage|p2a: Dragapult|1/100
|-sidestart|p2: KC177|Spikes
|
|upkeep
|turn|2
|
|t:|1779806740
|move|p1a: Samurott|Aqua Jet|p2a: Dragapult
|-resisted|p2a: Dragapult
|-damage|p2a: Dragapult|0 fnt
|faint|p2a: Dragapult
|
|upkeep
|
|t:|1779806744
|switch|p2a: Zapdos|Zapdos|100/100
|turn|3
|
|t:|1779806747
|move|p1a: Samurott|Ceaseless Edge|p2a: Zapdos
|-damage|p2a: Zapdos|70/100
|-sidestart|p2: KC177|Spikes
|move|p2a: Zapdos|Volt Switch|p1a: Samurott
|-supereffective|p1a: Samurott
|-damage|p1a: Samurott|0 fnt
|faint|p1a: Samurott
|
|t:|1779806759
|switch|p2a: Mew|Mew|100/100|[from] Volt Switch
|-damage|p2a: Mew|84/100|[from] Spikes
|
|-heal|p2a: Mew|90/100|[from] item: Leftovers
|upkeep
|
|t:|1779806782
|switch|p1a: Darkrai|Darkrai|100/100
|turn|4
|inactive|Battle timer is ON: inactive players will automatically lose when time's up. (requested by gabboh)
|
|t:|1779806826
|-terastallize|p2a: Mew|Fairy
|move|p1a: Darkrai|Knock Off|p2a: Mew
|-resisted|p2a: Mew
|-damage|p2a: Mew|72/100
|-enditem|p2a: Mew|Leftovers|[from] move: Knock Off|[of] p1a: Darkrai
|move|p2a: Mew|Nasty Plot|p2a: Mew
|-boost|p2a: Mew|spa|2
|
|upkeep
|turn|5
|inactive|gabboh has 120 seconds left.
|
|t:|1779806860
|move|p1a: Darkrai|Dark Pulse|p2a: Mew
|-resisted|p2a: Mew
|-damage|p2a: Mew|50/100
|move|p2a: Mew|Draining Kiss|p1a: Darkrai
|-supereffective|p1a: Darkrai
|-damage|p1a: Darkrai|0 fnt
|-heal|p2a: Mew|100/100|[from] drain|[of] p1a: Darkrai
|faint|p1a: Darkrai
|
|upkeep
|inactive|gabboh has 120 seconds left.
|
|t:|1779806875
|switch|p1a: Kingambit|Kingambit, M|100/100
|-activate|p1a: Kingambit|ability: Supreme Overlord
|-start|p1a: Kingambit|fallen2|[silent]
|turn|6
|
|t:|1779806880
|switch|p2a: Moltres|Moltres|100/100
|move|p1a: Kingambit|Iron Head|p2a: Moltres
|-resisted|p2a: Moltres
|-damage|p2a: Moltres|73/100
|-status|p1a: Kingambit|brn|[from] ability: Flame Body|[of] p2a: Moltres
|
|-damage|p1a: Kingambit|94/100 brn|[from] brn
|upkeep
|turn|7
|inactive|gabboh has 120 seconds left.
|
|t:|1779806897
|switch|p2a: Iron Treads|Iron Treads|100/100
|-damage|p2a: Iron Treads|84/100|[from] Spikes
|-end|p1a: Kingambit|fallen2|[silent]
|switch|p1a: Reuniclus|Reuniclus, M, shiny|100/100
|
|-heal|p2a: Iron Treads|90/100|[from] item: Leftovers
|upkeep
|turn|8
|inactive|gabboh has 120 seconds left.
|
|t:|1779806907
|move|p2a: Iron Treads|Rapid Spin|p1a: Reuniclus
|-damage|p1a: Reuniclus|87/100
|-boost|p2a: Iron Treads|spe|1
|-sideend|p2: KC177|Spikes|[from] move: Rapid Spin|[of] p2a: Iron Treads
|move|p1a: Reuniclus|Focus Blast|p2a: Iron Treads|[miss]
|-miss|p1a: Reuniclus|p2a: Iron Treads
|
|-heal|p2a: Iron Treads|96/100|[from] item: Leftovers
|upkeep
|turn|9
|inactive|gabboh has 120 seconds left.
|
|t:|1779806919
|move|p2a: Iron Treads|Knock Off|p1a: Reuniclus
|-supereffective|p1a: Reuniclus
|-damage|p1a: Reuniclus|43/100
|-enditem|p1a: Reuniclus|Life Orb|[from] move: Knock Off|[of] p2a: Iron Treads
|move|p1a: Reuniclus|Focus Blast|p2a: Iron Treads|[miss]
|-miss|p1a: Reuniclus|p2a: Iron Treads
|
|-heal|p2a: Iron Treads|100/100|[from] item: Leftovers
|upkeep
|turn|10
|inactive|gabboh has 120 seconds left.
|-message|gabboh forfeited.
|
|win|KC177
|raw|gabboh's rating: 1490 &rarr; <strong>1471</strong><br />(-19 for losing)
|raw|KC177's rating: 1500 &rarr; <strong>1519</strong><br />(+19 for winning)
|l|☆gabboh
|player|p1|
|l|☆KC177
|player|p2|
