|j|☆averagealt99
|j|‽Yujiro-Jamon
|t:|1779943229
|gametype|singles
|player|p1|averagealt99|acetrainerf-gen4dp|1348
|player|p2|Yujiro-Jamon|101|1339
|gen|9
|tier|[Gen 9] OU
|rated|
|rule|HP Percentage Mod: HP is shown in percentages
|rule|Endless Battle Clause: Forcing endless battles is banned
|rule|Species Clause: Limit one of each Pokémon
|rule|OHKO Clause: OHKO moves are banned
|rule|Evasion Items Clause: Evasion items are banned
|rule|Evasion Moves Clause: Evasion moves are banned
|rule|Evasion Abilities Clause: Evasion abilities are banned
|rule|Sleep Moves Clause: Sleep-inducing moves are banned
|clearpoke
|poke|p1|Mamoswine, M|
|poke|p1|Ogerpon-Wellspring, F|
|poke|p1|Samurott-Hisui, F|
|poke|p1|Iron Treads|
|poke|p1|Sinistcha-Masterpiece|
|poke|p1|Glimmora, F|
|poke|p2|Blaziken, M|
|poke|p2|Conkeldurr, M|
|poke|p2|Corviknight, F|
|poke|p2|Zapdos|
|poke|p2|Landorus-Therian, M|
|poke|p2|Clefable, M|
|teampreview
|
|t:|1779943239
|teamsize|p1|6
|teamsize|p2|6
|start
|switch|p1a: Glimmora|Glimmora, F|100/100
|switch|p2a: Conkeldurr|Conkeldurr, M|100/100
|turn|1
|
|t:|1779943244
|move|p1a: Glimmora|Spiky Shield|p1a: Glimmora
|-singleturn|p1a: Glimmora|move: Protect
|move|p2a: Conkeldurr|Knock Off|p1a: Glimmora
|-activate|p1a: Glimmora|move: Protect
|-damage|p2a: Conkeldurr|88/100|[from] Spiky Shield|[of] p1a: Glimmora
|
|upkeep
|turn|2
|
|t:|1779943254
|switch|p1a: Iron Treads|Iron Treads|100/100
|-enditem|p1a: Iron Treads|Booster Energy
|-activate|p1a: Iron Treads|ability: Quark Drive|[fromitem]
|-start|p1a: Iron Treads|quarkdrivespe
|move|p2a: Conkeldurr|Knock Off|p1a: Iron Treads
|-damage|p1a: Iron Treads|77/100
|
|upkeep
|turn|3
|
|t:|1779943259
|move|p1a: Iron Treads|Knock Off|p2a: Conkeldurr
|-resisted|p2a: Conkeldurr
|-damage|p2a: Conkeldurr|77/100
|-enditem|p2a: Conkeldurr|Assault Vest|[from] move: Knock Off|[of] p1a: Iron Treads
|move|p2a: Conkeldurr|Drain Punch|p1a: Iron Treads
|-supereffective|p1a: Iron Treads
|-damage|p1a: Iron Treads|0 fnt
|-heal|p2a: Conkeldurr|100/100|[from] drain|[of] p1a: Iron Treads
|faint|p1a: Iron Treads
|-end|p1a: Iron Treads|Quark Drive|[silent]
|
|upkeep
|inactive|Battle timer is ON: inactive players will automatically lose when time's up. (requested by Yujiro-Jamon)
|
|t:|1779943270
|switch|p1a: Ogerpon|Ogerpon-Wellspring, F|100/100
|turn|4
|
|t:|1779943274
|move|p1a: Ogerpon|Encore|p2a: Conkeldurr
|-start|p2a: Conkeldurr|Encore
|move|p2a: Conkeldurr|Drain Punch|p1a: Ogerpon
|-damage|p1a: Ogerpon|37/100
|
|upkeep
|turn|5
|
|t:|1779943278
|switch|p1a: Sinistcha|Sinistcha-Masterpiece|100/100
|move|p2a: Conkeldurr|Drain Punch|p1a: Sinistcha
|-immune|p1a: Sinistcha
|
|upkeep
|turn|6
|
|t:|1779943286
|switch|p1a: Glimmora|Glimmora, F|100/100
|switch|p2a: Clefable|Clefable, M|100/100
|
|upkeep
|turn|7
|
|t:|1779943289
|switch|p2a: Landorus|Landorus-Therian, M|100/100
|-ability|p2a: Landorus|Intimidate|boost
|-unboost|p1a: Glimmora|atk|1
|move|p1a: Glimmora|Toxic|p2a: Landorus
|-status|p2a: Landorus|tox
|
|-damage|p2a: Landorus|95/100 tox|[from] psn
|upkeep
|turn|8
|
|t:|1779943298
|switch|p1a: Mamoswine|Mamoswine, M|100/100
|move|p2a: Landorus|Earthquake|p1a: Mamoswine
|-damage|p1a: Mamoswine|31/100
|
|-heal|p2a: Landorus|100/100 tox|[from] item: Leftovers
|-damage|p2a: Landorus|89/100 tox|[from] psn
|upkeep
|turn|9
|
|t:|1779943305
|switch|p2a: Corviknight|Corviknight, F|100/100
|-ability|p2a: Corviknight|Pressure
|move|p1a: Mamoswine|Ice Shard|p2a: Corviknight
|-damage|p2a: Corviknight|89/100
|
|upkeep
|turn|10
|
|t:|1779943313
|switch|p1a: Sinistcha|Sinistcha-Masterpiece|100/100
|move|p2a: Corviknight|Iron Head|p1a: Sinistcha
|-damage|p1a: Sinistcha|80/100
|
|upkeep
|turn|11
|
|t:|1779943323
|switch|p1a: Samurott|Samurott-Hisui, F|100/100
|move|p2a: Corviknight|Taunt|p1a: Samurott
|-start|p1a: Samurott|move: Taunt
|
|upkeep
|turn|12
|
|t:|1779943329
|switch|p2a: Conkeldurr|Conkeldurr, M|100/100
|move|p1a: Samurott|Knock Off|p2a: Conkeldurr
|-resisted|p2a: Conkeldurr
|-damage|p2a: Conkeldurr|88/100
|
|upkeep
|turn|13
|inactive|averagealt99 has 120 seconds left.
|
|t:|1779943368
|move|p1a: Samurott|Ceaseless Edge|p2a: Conkeldurr
|-resisted|p2a: Conkeldurr
|-crit|p2a: Conkeldurr
|-damage|p2a: Conkeldurr|60/100
|-sidestart|p2: Yujiro-Jamon|Spikes
|move|p2a: Conkeldurr|Knock Off|p1a: Samurott
|-resisted|p1a: Samurott
|-damage|p1a: Samurott|74/100
|-enditem|p1a: Samurott|Heavy-Duty Boots|[from] move: Knock Off|[of] p2a: Conkeldurr
|
|-end|p1a: Samurott|move: Taunt
|upkeep
|turn|14
|inactive|averagealt99 has 120 seconds left.
|
|t:|1779943375
|switch|p1a: Sinistcha|Sinistcha-Masterpiece|80/100
|move|p2a: Conkeldurr|Drain Punch|p1a: Sinistcha
|-immune|p1a: Sinistcha
|
|upkeep
|turn|15
|
|t:|1779943382
|move|p1a: Sinistcha|Matcha Gotcha|p2a: Conkeldurr
|-damage|p2a: Conkeldurr|16/100
|-heal|p1a: Sinistcha|100/100|[from] drain|[of] p2a: Conkeldurr
|move|p2a: Conkeldurr|Knock Off|p1a: Sinistcha
|-supereffective|p1a: Sinistcha
|-damage|p1a: Sinistcha|37/100
|-enditem|p1a: Sinistcha|Heavy-Duty Boots|[from] move: Knock Off|[of] p2a: Conkeldurr
|
|upkeep
|turn|16
|
|t:|1779943391
|switch|p2a: Corviknight|Corviknight, F|89/100
|-ability|p2a: Corviknight|Pressure
|move|p1a: Sinistcha|Strength Sap|p2a: Corviknight
|-unboost|p2a: Corviknight|atk|1
|-heal|p1a: Sinistcha|99/100
|
|upkeep
|turn|17
|
|t:|1779943394
|switch|p1a: Glimmora|Glimmora, F|100/100
|move|p2a: Corviknight|Defog|p1a: Glimmora
|-unboost|p1a: Glimmora|evasion|1
|-sideend|p2: Yujiro-Jamon|Spikes|[from] move: Defog|[of] p2a: Corviknight
|
|upkeep
|turn|18
|
|t:|1779943398
|move|p1a: Glimmora|Toxic|p2a: Corviknight
|-status|p2a: Corviknight|tox
|move|p2a: Corviknight|Taunt|p1a: Glimmora
|-start|p1a: Glimmora|move: Taunt
|
|-damage|p2a: Corviknight|83/100 tox|[from] psn
|upkeep
|turn|19
|
|t:|1779943403
|switch|p1a: Sinistcha|Sinistcha-Masterpiece|99/100
|move|p2a: Corviknight|Iron Head|p1a: Sinistcha
|-damage|p1a: Sinistcha|87/100
|
|-damage|p2a: Corviknight|71/100 tox|[from] psn
|upkeep
|turn|20
|
|t:|1779943412
|move|p1a: Sinistcha|Matcha Gotcha|p2a: Corviknight
|-resisted|p2a: Corviknight
|-damage|p2a: Corviknight|63/100 tox
|-heal|p1a: Sinistcha|92/100|[from] drain|[of] p2a: Corviknight
|move|p2a: Corviknight|Taunt|p1a: Sinistcha
|-start|p1a: Sinistcha|move: Taunt
|
|-damage|p2a: Corviknight|45/100 tox|[from] psn
|upkeep
|turn|21
|
|t:|1779943416
|switch|p2a: Clefable|Clefable, M|100/100
|move|p1a: Sinistcha|Hex|p2a: Clefable
|-damage|p2a: Clefable|80/100
|
|-heal|p2a: Clefable|86/100|[from] item: Leftovers
|upkeep
|turn|22
|
|t:|1779943420
|switch|p1a: Glimmora|Glimmora, F|100/100
|move|p2a: Clefable|Wish|p2a: Clefable
|
|-heal|p2a: Clefable|92/100|[from] item: Leftovers
|upkeep
|turn|23
|
|t:|1779943423
|switch|p2a: Conkeldurr|Conkeldurr, M|16/100
|move|p1a: Glimmora|Stealth Rock|p2a: Conkeldurr
|-sidestart|p2: Yujiro-Jamon|move: Stealth Rock
|
|-heal|p2a: Conkeldurr|64/100|[from] move: Wish|[wisher] Clefable
|upkeep
|turn|24
|
|t:|1779943429
|move|p1a: Glimmora|Spiky Shield|p1a: Glimmora
|-singleturn|p1a: Glimmora|move: Protect
|move|p2a: Conkeldurr|Drain Punch|p1a: Glimmora
|-activate|p1a: Glimmora|move: Protect
|-damage|p2a: Conkeldurr|51/100|[from] Spiky Shield|[of] p1a: Glimmora
|
|upkeep
|turn|25
|
|t:|1779943436
|move|p1a: Glimmora|Toxic|p2a: Conkeldurr
|-status|p2a: Conkeldurr|tox
|move|p2a: Conkeldurr|Drain Punch|p1a: Glimmora
|-damage|p1a: Glimmora|31/100
|-heal|p2a: Conkeldurr|83/100 tox|[from] drain|[of] p1a: Glimmora
|
|-damage|p2a: Conkeldurr|77/100 tox|[from] psn
|upkeep
|turn|26
|
|t:|1779943443
|move|p1a: Glimmora|Spiky Shield|p1a: Glimmora
|-singleturn|p1a: Glimmora|move: Protect
|move|p2a: Conkeldurr|Knock Off|p1a: Glimmora
|-activate|p1a: Glimmora|move: Protect
|-damage|p2a: Conkeldurr|64/100 tox|[from] Spiky Shield|[of] p1a: Glimmora
|
|-damage|p2a: Conkeldurr|52/100 tox|[from] psn
|upkeep
|turn|27
|
|t:|1779943448
|switch|p1a: Samurott|Samurott-Hisui, F|74/100
|move|p2a: Conkeldurr|Ice Punch|p1a: Samurott
|-resisted|p1a: Samurott
|-damage|p1a: Samurott|43/100
|
|-damage|p2a: Conkeldurr|34/100 tox|[from] psn
|upkeep
|turn|28
|
|t:|1779943458
|switch|p1a: Glimmora|Glimmora, F|31/100
|move|p2a: Conkeldurr|Mach Punch|p1a: Glimmora
|-damage|p1a: Glimmora|0 fnt
|faint|p1a: Glimmora
|
|-damage|p2a: Conkeldurr|10/100 tox|[from] psn
|upkeep
|
|t:|1779943461
|switch|p1a: Samurott|Samurott-Hisui, F|43/100
|turn|29
|
|t:|1779943464
|move|p1a: Samurott|Sucker Punch|p2a: Conkeldurr
|-resisted|p2a: Conkeldurr
|-damage|p2a: Conkeldurr|0 fnt
|faint|p2a: Conkeldurr
|
|upkeep
|
|t:|1779943470
|switch|p2a: Blaziken|Blaziken, M, shiny|100/100
|-damage|p2a: Blaziken|88/100|[from] Stealth Rock
|turn|30
|
|t:|1779943476
|switch|p1a: Sinistcha|Sinistcha-Masterpiece|92/100
|move|p2a: Blaziken|Protect||[still]
|-fail|p2a: Blaziken
|
|-heal|p2a: Blaziken|94/100|[from] item: Leftovers
|-ability|p2a: Blaziken|Speed Boost|boost
|-boost|p2a: Blaziken|spe|1
|upkeep
|turn|31
|
|t:|1779943485
|move|p2a: Blaziken|Swords Dance|p2a: Blaziken
|-boost|p2a: Blaziken|atk|2
|move|p1a: Sinistcha|Curse|p2a: Blaziken
|-start|p2a: Blaziken|Curse|[of] p1a: Sinistcha
|-damage|p1a: Sinistcha|42/100
|
|-heal|p2a: Blaziken|99/100|[from] item: Leftovers
|-damage|p2a: Blaziken|75/100|[from] Curse
|-ability|p2a: Blaziken|Speed Boost|boost
|-boost|p2a: Blaziken|spe|1
|upkeep
|turn|32
|
|t:|1779943493
|switch|p1a: Mamoswine|Mamoswine, M|31/100
|move|p2a: Blaziken|Flare Blitz|p1a: Mamoswine
|-supereffective|p1a: Mamoswine
|-damage|p1a: Mamoswine|0 fnt
|faint|p1a: Mamoswine
|-damage|p2a: Blaziken|63/100|[from] Recoil
|
|-heal|p2a: Blaziken|69/100|[from] item: Leftovers
|-damage|p2a: Blaziken|44/100|[from] Curse
|-ability|p2a: Blaziken|Speed Boost|boost
|-boost|p2a: Blaziken|spe|1
|upkeep
|
|t:|1779943500
|switch|p1a: Samurott|Samurott-Hisui, F|43/100
|turn|33
|
|t:|1779943503
|move|p1a: Samurott|Sucker Punch|p2a: Blaziken
|-resisted|p2a: Blaziken
|-damage|p2a: Blaziken|19/100
|move|p2a: Blaziken|Close Combat|p1a: Samurott
|-supereffective|p1a: Samurott
|-damage|p1a: Samurott|0 fnt
|-unboost|p2a: Blaziken|def|1
|-unboost|p2a: Blaziken|spd|1
|faint|p1a: Samurott
|
|-heal|p2a: Blaziken|25/100|[from] item: Leftovers
|-damage|p2a: Blaziken|0 fnt|[from] Curse
|faint|p2a: Blaziken
|upkeep
|
|t:|1779943514
|switch|p1a: Sinistcha|Sinistcha-Masterpiece|42/100
|switch|p2a: Clefable|Clefable, M|92/100
|-damage|p2a: Clefable|79/100|[from] Stealth Rock
|turn|34
|
|t:|1779943523
|move|p1a: Sinistcha|Matcha Gotcha|p2a: Clefable
|-damage|p2a: Clefable|57/100
|-heal|p1a: Sinistcha|55/100|[from] drain|[of] p2a: Clefable
|move|p2a: Clefable|Wish|p2a: Clefable
|
|-heal|p2a: Clefable|63/100|[from] item: Leftovers
|upkeep
|turn|35
|
|t:|1779943529
|move|p1a: Sinistcha|Hex|p2a: Clefable
|-damage|p2a: Clefable|44/100
|move|p2a: Clefable|Moonblast|p1a: Sinistcha
|-damage|p1a: Sinistcha|17/100
|
|-heal|p2a: Clefable|94/100|[from] move: Wish|[wisher] Clefable
|-heal|p2a: Clefable|100/100|[from] item: Leftovers
|upkeep
|turn|36
|
|t:|1779943535
|move|p1a: Sinistcha|Matcha Gotcha|p2a: Clefable
|-damage|p2a: Clefable|75/100
|-heal|p1a: Sinistcha|32/100|[from] drain|[of] p2a: Clefable
|move|p2a: Clefable|Moonblast|p1a: Sinistcha
|-damage|p1a: Sinistcha|0 fnt
|faint|p1a: Sinistcha
|
|-heal|p2a: Clefable|81/100|[from] item: Leftovers
|upkeep
|
|t:|1779943537
|switch|p1a: Ogerpon|Ogerpon-Wellspring, F|37/100
|turn|37
|
|t:|1779943547
|-terastallize|p1a: Ogerpon|Water
|detailschange|p1a: Ogerpon|Ogerpon-Wellspring-Tera, F, tera:Water
|-ability|p1a: Ogerpon|Embody Aspect (Wellspring)|boost
|-boost|p1a: Ogerpon|spd|1
|move|p1a: Ogerpon|Trailblaze|p2a: Clefable
|-damage|p2a: Clefable|43/100
|-boost|p1a: Ogerpon|spe|1
|move|p2a: Clefable|Moonblast|p1a: Ogerpon
|-damage|p1a: Ogerpon|1/100
|-unboost|p1a: Ogerpon|spa|1
|
|-heal|p2a: Clefable|49/100|[from] item: Leftovers
|upkeep
|turn|38
|
|t:|1779943557
|move|p1a: Ogerpon|Ivy Cudgel|p2a: Clefable|[anim] Ivy Cudgel Water
|-damage|p2a: Clefable|0 fnt
|faint|p2a: Clefable
|
|upkeep
|
|t:|1779943560
|switch|p2a: Zapdos|Zapdos|100/100
|-damage|p2a: Zapdos|76/100|[from] Stealth Rock
|-ability|p2a: Zapdos|Pressure
|turn|39
|
|t:|1779943565
|-terastallize|p2a: Zapdos|Grass
|move|p1a: Ogerpon|Ivy Cudgel|p2a: Zapdos|[anim] Ivy Cudgel Water
|-resisted|p2a: Zapdos
|-damage|p2a: Zapdos|23/100
|move|p2a: Zapdos|Thunderbolt|p1a: Ogerpon
|-supereffective|p1a: Ogerpon
|-damage|p1a: Ogerpon|0 fnt
|faint|p1a: Ogerpon
|detailschange|p1: Ogerpon|Ogerpon-Wellspring, F|[silent]
|-damage|p2a: Zapdos|13/100|[from] item: Life Orb
|
|win|Yujiro-Jamon
|raw|averagealt99's rating: 1348 &rarr; <strong>1327</strong><br />(-21 for losing)
|raw|Yujiro-Jamon's rating: 1339 &rarr; <strong>1360</strong><br />(+21 for winning)
|l|☆averagealt99
|player|p1|
|l|‽Yujiro-Jamon
|player|p2|
