|j|☆waplejoos
|j|☆momoLFT
|t:|1779816620
|gametype|singles
|player|p1|waplejoos|170|1286
|player|p2|momoLFT|1|1335
|gen|9
|tier|[Gen 9] OU
|rated|
|rule|HP Percentage Mod: HP is shown in percentages
|rule|Endless Battle Clause: Forcing endless battles is banned
|rule|Species Clause: Limit one of each Pokémon
|rule|OHKO Clause: OHKO moves are banned
|rule|Evasion Items Clause: Evasion items are banned
|rule|Evasion Moves Clause: Evasion moves are banned
|rule|Evasion Abilities Clause: Evasion abilities are banned
|rule|Sleep Moves Clause: Sleep-inducing moves are banned
|clearpoke
|poke|p1|Landorus-Therian, M|
|poke|p1|Mandibuzz, F|
|poke|p1|Kingambit, M|
|poke|p1|Raging Bolt|
|poke|p1|Primarina, F|
|poke|p1|Mienshao, M|
|poke|p2|Darkrai|
|poke|p2|Moltres|
|poke|p2|Iron Treads|
|poke|p2|Sinistcha|
|poke|p2|Ogerpon-Wellspring, F|
|poke|p2|Medicham, F|
|teampreview
|inactive|Battle timer is ON: inactive players will automatically lose when time's up. (requested by waplejoos)
|
|t:|1779816632
|teamsize|p1|6
|teamsize|p2|6
|start
|switch|p1a: Mienshao|Mienshao, M|100/100
|switch|p2a: Darkrai|Darkrai|100/100
|turn|1
|
|t:|1779816636
|switch|p2a: Moltres|Moltres|100/100
|move|p1a: Mienshao|Fake Out|p2a: Moltres
|-damage|p2a: Moltres|91/100
|-status|p1a: Mienshao|brn|[from] ability: Flame Body|[of] p2a: Moltres
|
|-damage|p1a: Mienshao|95/100 brn|[from] brn
|upkeep
|turn|2
|
|t:|1779816643
|move|p1a: Mienshao|Knock Off|p2a: Moltres
|-damage|p2a: Moltres|78/100
|-enditem|p2a: Moltres|Heavy-Duty Boots|[from] move: Knock Off|[of] p1a: Mienshao
|move|p2a: Moltres|U-turn|p1a: Mienshao
|-resisted|p1a: Mienshao
|-damage|p1a: Mienshao|81/100 brn
|
|t:|1779816654
|switch|p2a: Medicham|Medicham, F|100/100|[from] U-turn
|
|-damage|p1a: Mienshao|75/100 brn|[from] brn
|upkeep
|turn|3
|
|t:|1779816662
|move|p2a: Medicham|Close Combat|p1a: Mienshao
|-damage|p1a: Mienshao|0 fnt
|-unboost|p2a: Medicham|def|1
|-unboost|p2a: Medicham|spd|1
|faint|p1a: Mienshao
|
|upkeep
|
|t:|1779816675
|switch|p1a: Landorus|Landorus-Therian, M|100/100
|-ability|p1a: Landorus|Intimidate|boost
|-unboost|p2a: Medicham|atk|1
|turn|4
|
|t:|1779816700
|switch|p2a: Moltres|Moltres|78/100
|move|p1a: Landorus|Stealth Rock|p2a: Moltres
|-sidestart|p2: momoLFT|move: Stealth Rock
|
|upkeep
|turn|5
|
|t:|1779816709
|move|p1a: Landorus|Rock Tomb|p2a: Moltres
|-supereffective|p2a: Moltres
|-damage|p2a: Moltres|28/100
|-unboost|p2a: Moltres|spe|1
|move|p2a: Moltres|U-turn|p1a: Landorus
|-resisted|p1a: Landorus
|-damage|p1a: Landorus|94/100
|
|t:|1779816721
|switch|p2a: Ogerpon|Ogerpon-Wellspring, F|100/100|[from] U-turn
|-damage|p2a: Ogerpon|88/100|[from] Stealth Rock
|
|-heal|p1a: Landorus|99/100|[from] item: Leftovers
|upkeep
|turn|6
|
|t:|1779816735
|switch|p1a: Mandibuzz|Mandibuzz, F|100/100
|move|p2a: Ogerpon|Ivy Cudgel|p1a: Mandibuzz|[anim] Ivy Cudgel Water
|-damage|p1a: Mandibuzz|59/100
|-ability|p1a: Mandibuzz|Weak Armor|boost
|-unboost|p1a: Mandibuzz|def|1
|-boost|p1a: Mandibuzz|spe|2
|
|upkeep
|turn|7
|
|t:|1779816756
|switch|p2a: Iron Treads|Iron Treads|100/100
|-damage|p2a: Iron Treads|97/100|[from] Stealth Rock
|move|p1a: Mandibuzz|Foul Play|p2a: Iron Treads
|-damage|p2a: Iron Treads|62/100
|
|upkeep
|turn|8
|
|t:|1779816766
|move|p1a: Mandibuzz|Foul Play|p2a: Iron Treads
|-damage|p2a: Iron Treads|30/100
|move|p2a: Iron Treads|Rapid Spin|p1a: Mandibuzz
|-damage|p1a: Mandibuzz|46/100
|-boost|p2a: Iron Treads|spe|1
|-damage|p2a: Iron Treads|14/100|[from] item: Rocky Helmet|[of] p1a: Mandibuzz
|-ability|p1a: Mandibuzz|Weak Armor|boost
|-unboost|p1a: Mandibuzz|def|1
|-boost|p1a: Mandibuzz|spe|2
|-sideend|p2: momoLFT|Stealth Rock|[from] move: Rapid Spin|[of] p2a: Iron Treads
|
|upkeep
|turn|9
|
|t:|1779816780
|move|p1a: Mandibuzz|Foul Play|p2a: Iron Treads
|-damage|p2a: Iron Treads|0 fnt
|faint|p2a: Iron Treads
|-end|p2a: Iron Treads|Quark Drive|[silent]
|
|upkeep
|
|t:|1779816790
|switch|p2a: Darkrai|Darkrai|100/100
|turn|10
|
|t:|1779816793
|move|p1a: Mandibuzz|Roost|p1a: Mandibuzz
|-heal|p1a: Mandibuzz|96/100
|-singleturn|p1a: Mandibuzz|move: Roost
|move|p2a: Darkrai|Ice Beam|p1a: Mandibuzz
|-damage|p1a: Mandibuzz|63/100
|
|upkeep
|turn|11
|
|t:|1779816801
|move|p1a: Mandibuzz|Toxic|p2a: Darkrai
|-status|p2a: Darkrai|tox
|move|p2a: Darkrai|Ice Beam|p1a: Mandibuzz
|-supereffective|p1a: Mandibuzz
|-damage|p1a: Mandibuzz|3/100
|
|-damage|p2a: Darkrai|94/100 tox|[from] psn
|upkeep
|turn|12
|
|t:|1779816806
|switch|p2a: Moltres|Moltres|28/100
|move|p1a: Mandibuzz|Roost|p1a: Mandibuzz
|-heal|p1a: Mandibuzz|53/100
|-singleturn|p1a: Mandibuzz|move: Roost
|
|upkeep
|turn|13
|
|t:|1779816814
|move|p1a: Mandibuzz|Roost|p1a: Mandibuzz
|-heal|p1a: Mandibuzz|100/100
|-singleturn|p1a: Mandibuzz|move: Roost
|move|p2a: Moltres|Roost|p2a: Moltres
|-heal|p2a: Moltres|78/100
|-singleturn|p2a: Moltres|move: Roost
|
|upkeep
|turn|14
|
|t:|1779816819
|move|p1a: Mandibuzz|Toxic|p2a: Moltres
|-status|p2a: Moltres|tox
|move|p2a: Moltres|Roost|p2a: Moltres
|-heal|p2a: Moltres|100/100 tox
|-singleturn|p2a: Moltres|move: Roost
|
|-damage|p2a: Moltres|94/100 tox|[from] psn
|upkeep
|turn|15
|
|t:|1779816824
|move|p1a: Mandibuzz|Foul Play|p2a: Moltres
|-damage|p2a: Moltres|75/100 tox
|move|p2a: Moltres|Roar|p1a: Mandibuzz
|drag|p1a: Kingambit|Kingambit, M, shiny|100/100
|-activate|p1a: Kingambit|ability: Supreme Overlord
|-start|p1a: Kingambit|fallen1|[silent]
|
|-damage|p2a: Moltres|63/100 tox|[from] psn
|upkeep
|turn|16
|
|t:|1779816842
|move|p1a: Kingambit|Sucker Punch|p2a: Moltres
|-damage|p2a: Moltres|27/100 tox
|move|p2a: Moltres|U-turn|p1a: Kingambit
|-damage|p1a: Kingambit|89/100
|
|t:|1779816847
|switch|p2a: Medicham|Medicham, F|100/100|[from] U-turn
|
|upkeep
|turn|17
|
|t:|1779816860
|-end|p1a: Kingambit|fallen1|[silent]
|switch|p1a: Landorus|Landorus-Therian, M|99/100
|-ability|p1a: Landorus|Intimidate|boost
|-unboost|p2a: Medicham|atk|1
|move|p2a: Medicham|Ice Punch|p1a: Landorus
|-supereffective|p1a: Landorus
|-damage|p1a: Landorus|16/100
|
|-heal|p1a: Landorus|22/100|[from] item: Leftovers
|upkeep
|turn|18
|
|t:|1779816873
|switch|p1a: Primarina|Primarina, F, shiny|100/100
|move|p2a: Medicham|Ice Punch|p1a: Primarina
|-resisted|p1a: Primarina
|-damage|p1a: Primarina|87/100
|-status|p1a: Primarina|frz
|
|upkeep
|turn|19
|
|t:|1779816881
|switch|p2a: Sinistcha|Sinistcha|100/100
|cant|p1a: Primarina|frz
|
|upkeep
|turn|20
|
|t:|1779816900
|switch|p2a: Medicham|Medicham, F|100/100
|switch|p1a: Mandibuzz|Mandibuzz, F|100/100
|
|upkeep
|turn|21
|
|t:|1779816907
|move|p2a: Medicham|Ice Punch|p1a: Mandibuzz
|-supereffective|p1a: Mandibuzz
|-damage|p1a: Mandibuzz|57/100
|-damage|p2a: Medicham|84/100|[from] item: Rocky Helmet|[of] p1a: Mandibuzz
|-ability|p1a: Mandibuzz|Weak Armor|boost
|-unboost|p1a: Mandibuzz|def|1
|-boost|p1a: Mandibuzz|spe|2
|move|p1a: Mandibuzz|Foul Play|p2a: Medicham
|-damage|p2a: Medicham|35/100
|
|upkeep
|turn|22
|
|t:|1779816917
|move|p2a: Medicham|Ice Punch|p1a: Mandibuzz
|-supereffective|p1a: Mandibuzz
|-crit|p1a: Mandibuzz
|-damage|p1a: Mandibuzz|0 fnt
|-damage|p2a: Medicham|18/100|[from] item: Rocky Helmet|[of] p1a: Mandibuzz
|faint|p1a: Mandibuzz
|
|upkeep
|
|t:|1779816925
|switch|p1a: Kingambit|Kingambit, M, shiny|89/100
|-activate|p1a: Kingambit|ability: Supreme Overlord
|-start|p1a: Kingambit|fallen2|[silent]
|turn|23
|
|t:|1779816931
|switch|p2a: Moltres|Moltres|27/100 tox
|move|p1a: Kingambit|Swords Dance|p1a: Kingambit
|-boost|p1a: Kingambit|atk|2
|
|-damage|p2a: Moltres|21/100 tox|[from] psn
|upkeep
|turn|24
|
|t:|1779816937
|move|p2a: Moltres|Roost|p2a: Moltres
|-heal|p2a: Moltres|71/100 tox
|-singleturn|p2a: Moltres|move: Roost
|move|p1a: Kingambit|Kowtow Cleave|p2a: Moltres
|-damage|p2a: Moltres|0 fnt
|faint|p2a: Moltres
|
|upkeep
|
|t:|1779816948
|switch|p2a: Sinistcha|Sinistcha|100/100
|turn|25
|
|t:|1779816952
|-terastallize|p2a: Sinistcha|Grass
|move|p2a: Sinistcha|Strength Sap|p1a: Kingambit
|-unboost|p1a: Kingambit|atk|1
|move|p1a: Kingambit|Kowtow Cleave|p2a: Sinistcha
|-damage|p2a: Sinistcha|22/100
|
|-heal|p2a: Sinistcha|28/100|[from] item: Leftovers
|upkeep
|turn|26
|
|t:|1779816961
|move|p2a: Sinistcha|Strength Sap|p1a: Kingambit
|-unboost|p1a: Kingambit|atk|1
|-heal|p2a: Sinistcha|100/100
|move|p1a: Kingambit|Swords Dance|p1a: Kingambit
|-boost|p1a: Kingambit|atk|2
|
|upkeep
|turn|27
|
|t:|1779816972
|move|p2a: Sinistcha|Energy Ball|p1a: Kingambit
|-resisted|p1a: Kingambit
|-damage|p1a: Kingambit|65/100
|move|p1a: Kingambit|Swords Dance|p1a: Kingambit
|-boost|p1a: Kingambit|atk|2
|
|upkeep
|turn|28
|
|t:|1779816986
|move|p2a: Sinistcha|Energy Ball|p1a: Kingambit
|-resisted|p1a: Kingambit
|-damage|p1a: Kingambit|43/100
|move|p1a: Kingambit|Kowtow Cleave|p2a: Sinistcha
|-damage|p2a: Sinistcha|0 fnt
|faint|p2a: Sinistcha
|
|upkeep
|
|t:|1779816996
|switch|p2a: Darkrai|Darkrai|94/100 tox
|turn|29
|
|t:|1779817003
|move|p1a: Kingambit|Sucker Punch||[still]
|-fail|p1a: Kingambit
|move|p2a: Darkrai|Trick|p1a: Kingambit
|-activate|p2a: Darkrai|move: Trick|[of] p1a: Kingambit
|-item|p1a: Kingambit|Choice Specs|[from] move: Trick
|-item|p2a: Darkrai|Black Glasses|[from] move: Trick
|
|-damage|p2a: Darkrai|88/100 tox|[from] psn
|upkeep
|turn|30
|
|t:|1779817017
|switch|p2a: Medicham|Medicham, F|18/100
|move|p1a: Kingambit|Sucker Punch||[still]
|-fail|p1a: Kingambit
|
|upkeep
|turn|31
|
|t:|1779817022
|switch|p2a: Ogerpon|Ogerpon-Wellspring, F|88/100
|move|p1a: Kingambit|Sucker Punch||[still]
|-fail|p1a: Kingambit
|
|upkeep
|turn|32
|
|t:|1779817027
|-end|p1a: Kingambit|fallen2|[silent]
|switch|p1a: Landorus|Landorus-Therian, M|22/100
|-ability|p1a: Landorus|Intimidate|boost
|-unboost|p2a: Ogerpon|atk|1
|move|p2a: Ogerpon|Swords Dance|p2a: Ogerpon
|-boost|p2a: Ogerpon|atk|2
|
|-heal|p1a: Landorus|28/100|[from] item: Leftovers
|upkeep
|turn|33
|
|t:|1779817034
|move|p2a: Ogerpon|Ivy Cudgel|p1a: Landorus|[anim] Ivy Cudgel Water
|-supereffective|p1a: Landorus
|-damage|p1a: Landorus|0 fnt
|faint|p1a: Landorus
|
|upkeep
|
|t:|1779817040
|switch|p1a: Raging Bolt|Raging Bolt|100/100
|-enditem|p1a: Raging Bolt|Booster Energy
|-activate|p1a: Raging Bolt|ability: Protosynthesis|[fromitem]
|-start|p1a: Raging Bolt|protosynthesisspa
|turn|34
|
|t:|1779817045
|switch|p2a: Medicham|Medicham, F|18/100
|move|p1a: Raging Bolt|Draco Meteor|p2a: Medicham
|-damage|p2a: Medicham|0 fnt
|-unboost|p1a: Raging Bolt|spa|2
|faint|p2a: Medicham
|
|upkeep
|
|t:|1779817051
|switch|p2a: Darkrai|Darkrai|88/100 tox
|turn|35
|
|t:|1779817054
|move|p2a: Darkrai|Sludge Bomb|p1a: Raging Bolt
|-damage|p1a: Raging Bolt|74/100
|move|p1a: Raging Bolt|Calm Mind|p1a: Raging Bolt
|-boost|p1a: Raging Bolt|spa|1
|-boost|p1a: Raging Bolt|spd|1
|
|-damage|p2a: Darkrai|82/100 tox|[from] psn
|upkeep
|turn|36
|
|t:|1779817058
|move|p2a: Darkrai|Ice Beam|p1a: Raging Bolt
|-supereffective|p1a: Raging Bolt
|-damage|p1a: Raging Bolt|39/100
|move|p1a: Raging Bolt|Calm Mind|p1a: Raging Bolt
|-boost|p1a: Raging Bolt|spa|1
|-boost|p1a: Raging Bolt|spd|1
|
|-damage|p2a: Darkrai|70/100 tox|[from] psn
|upkeep
|turn|37
|
|t:|1779817063
|move|p1a: Raging Bolt|Thunderclap|p2a: Darkrai
|-damage|p2a: Darkrai|0 fnt
|faint|p2a: Darkrai
|
|upkeep
|
|t:|1779817065
|switch|p2a: Ogerpon|Ogerpon-Wellspring, F|88/100
|turn|38
|
|t:|1779817079
|move|p2a: Ogerpon|Power Whip|p1a: Raging Bolt
|-resisted|p1a: Raging Bolt
|-damage|p1a: Raging Bolt|7/100
|move|p1a: Raging Bolt|Draco Meteor|p2a: Ogerpon
|-damage|p2a: Ogerpon|0 fnt
|-unboost|p1a: Raging Bolt|spa|2
|faint|p2a: Ogerpon
|
|win|waplejoos
|raw|waplejoos's rating: 1286 &rarr; <strong>1315</strong><br />(+29 for winning)
|raw|momoLFT's rating: 1335 &rarr; <strong>1312</strong><br />(-23 for losing)
|l|☆momoLFT
|player|p2|
|l|☆waplejoos
|player|p1|
