|j|☆Nyrkry
|j|☆AceNinja_6
|inactive|Battle timer is ON: inactive players will automatically lose when time's up.
|t:|1779915215
|gametype|singles
|player|p1|Nyrkry|allister|
|player|p2|AceNinja_6|unknown|
|gen|9
|tier|[Gen 9] OU
|rated|Tournament battle
|rule|HP Percentage Mod: HP is shown in percentages
|rule|Endless Battle Clause: Forcing endless battles is banned
|rule|Species Clause: Limit one of each Pokémon
|rule|OHKO Clause: OHKO moves are banned
|rule|Evasion Items Clause: Evasion items are banned
|rule|Evasion Moves Clause: Evasion moves are banned
|rule|Evasion Abilities Clause: Evasion abilities are banned
|rule|Sleep Moves Clause: Sleep-inducing moves are banned
|clearpoke
|poke|p1|Dragapult, M|
|poke|p1|Zamazenta-*|
|poke|p1|Great Tusk|
|poke|p1|Ogerpon-Wellspring, F|
|poke|p1|Glimmora, M|
|poke|p1|Slowking-Galar, M|
|poke|p2|Hatterene, F|
|poke|p2|Great Tusk|
|poke|p2|Tornadus-Therian, M|
|poke|p2|Kyurem|
|poke|p2|Slowking-Galar, F|
|poke|p2|Kingambit, M|
|teampreview
|j|*Lady Monita 
|inactive|Nyrkry also wants the timer to be on.
|c|☆Nyrkry|glhf
|
|t:|1779915235
|teamsize|p1|6
|teamsize|p2|6
|start
|switch|p1a: Ogerpon|Ogerpon-Wellspring, F|100/100
|switch|p2a: Slowking|Slowking-Galar, F|100/100
|turn|1
|
|t:|1779915248
|move|p1a: Ogerpon|Spikes|p2a: Slowking
|-sidestart|p2: AceNinja_6|Spikes
|move|p2a: Slowking|Trick||[still]
|-fail|p2a: Slowking
|
|upkeep
|turn|2
|
|t:|1779915257
|switch|p2a: Hatterene|Hatterene, F|100/100
|-damage|p2a: Hatterene|88/100|[from] Spikes
|move|p1a: Ogerpon|Ivy Cudgel|p2a: Hatterene|[anim] Ivy Cudgel Water
|-damage|p2a: Hatterene|41/100
|
|upkeep
|turn|3
|
|t:|1779915268
|switch|p2a: Slowking|Slowking-Galar, F|100/100
|-damage|p2a: Slowking|88/100|[from] Spikes
|move|p1a: Ogerpon|Ivy Cudgel|p2a: Slowking|[anim] Ivy Cudgel Water
|-damage|p2a: Slowking|47/100
|
|-heal|p2a: Slowking|53/100|[from] item: Black Sludge
|upkeep
|turn|4
|
|t:|1779915278
|-terastallize|p1a: Ogerpon|Water
|detailschange|p1a: Ogerpon|Ogerpon-Wellspring-Tera, F, tera:Water
|-ability|p1a: Ogerpon|Embody Aspect (Wellspring)|boost
|-boost|p1a: Ogerpon|spd|1
|move|p1a: Ogerpon|Ivy Cudgel|p2a: Slowking|[anim] Ivy Cudgel Water
|-damage|p2a: Slowking|0 fnt
|faint|p2a: Slowking
|
|upkeep
|
|t:|1779915289
|switch|p2a: Kyurem|Kyurem|100/100
|-damage|p2a: Kyurem|88/100|[from] Spikes
|-ability|p2a: Kyurem|Pressure
|turn|5
|
|t:|1779915291
|move|p1a: Ogerpon|U-turn|p2a: Kyurem
|-damage|p2a: Kyurem|61/100
|
|t:|1779915293
|switch|p1a: Slowking|Slowking-Galar, M|100/100|[from] U-turn
|move|p2a: Kyurem|Freeze-Dry|p1a: Slowking
|-damage|p1a: Slowking|65/100
|
|upkeep
|turn|6
|-message|AceNinja_6 forfeited.
|
|win|Nyrkry
|n|☆Nyrkry|nyrkry
|n|☆AceNinja_6|aceninja6
|n|*Lady Monita |ladymonita
|l|*Lady Monita 
|l|☆AceNinja_6
|player|p2|
