|j|☆Chadmcpoon
|j|☆retsewe
|t:|1779932477
|gametype|singles
|player|p1|Chadmcpoon|ghetsis-gen5bw|1468
|player|p2|retsewe|102|1493
|gen|9
|tier|[Gen 9] OU
|rated|
|rule|HP Percentage Mod: HP is shown in percentages
|rule|Endless Battle Clause: Forcing endless battles is banned
|rule|Species Clause: Limit one of each Pokémon
|rule|OHKO Clause: OHKO moves are banned
|rule|Evasion Items Clause: Evasion items are banned
|rule|Evasion Moves Clause: Evasion moves are banned
|rule|Evasion Abilities Clause: Evasion abilities are banned
|rule|Sleep Moves Clause: Sleep-inducing moves are banned
|clearpoke
|poke|p1|Zamazenta-*|
|poke|p1|Meowscarada, M|
|poke|p1|Azumarill, M|
|poke|p1|Pecharunt|
|poke|p1|Iron Treads|
|poke|p1|Hoopa-Unbound|
|poke|p2|Kyurem|
|poke|p2|Grimmsnarl, M|
|poke|p2|Gyarados, F|
|poke|p2|Dragonite, F|
|poke|p2|Hatterene, F|
|poke|p2|Heatran, M|
|teampreview
|inactive|Battle timer is ON: inactive players will automatically lose when time's up. (requested by retsewe)
|
|t:|1779932487
|teamsize|p1|6
|teamsize|p2|6
|start
|switch|p1a: Hoopa|Hoopa-Unbound|100/100
|switch|p2a: Hatterene|Hatterene, F|100/100
|turn|1
|
|t:|1779932500
|switch|p2a: Grimmsnarl|Grimmsnarl, M, shiny|100/100
|move|p1a: Hoopa|Hyperspace Fury|p2a: Grimmsnarl
|-resisted|p2a: Grimmsnarl
|-damage|p2a: Grimmsnarl|80/100
|-unboost|p1a: Hoopa|def|1
|
|-heal|p2a: Grimmsnarl|87/100|[from] item: Leftovers
|upkeep
|turn|2
|
|t:|1779932512
|switch|p1a: Pecharunt|Pecharunt|100/100
|move|p2a: Grimmsnarl|Spirit Break|p1a: Pecharunt
|-resisted|p1a: Pecharunt
|-damage|p1a: Pecharunt|92/100
|-unboost|p1a: Pecharunt|spa|1
|-damage|p2a: Grimmsnarl|70/100|[from] item: Rocky Helmet|[of] p1a: Pecharunt
|
|-heal|p2a: Grimmsnarl|76/100|[from] item: Leftovers
|upkeep
|turn|3
|
|t:|1779932524
|switch|p2a: Heatran|Heatran, M|100/100
|move|p1a: Pecharunt|Malignant Chain|p2a: Heatran
|-immune|p2a: Heatran
|
|upkeep
|turn|4
|
|t:|1779932534
|move|p2a: Heatran|Stealth Rock|p1a: Pecharunt
|-sidestart|p1: Chadmcpoon|move: Stealth Rock
|move|p1a: Pecharunt|Parting Shot|p2a: Heatran
|-unboost|p2a: Heatran|atk|1
|-unboost|p2a: Heatran|spa|1
|
|t:|1779932538
|switch|p1a: Azumarill|Azumarill, M, shiny|100/100|[from] Parting Shot
|-damage|p1a: Azumarill|88/100|[from] Stealth Rock
|
|upkeep
|turn|5
|
|t:|1779932552
|switch|p2a: Hatterene|Hatterene, F|100/100
|move|p1a: Azumarill|Liquidation|p2a: Hatterene
|-damage|p2a: Hatterene|25/100
|-unboost|p2a: Hatterene|def|1
|
|-heal|p2a: Hatterene|31/100|[from] item: Leftovers
|upkeep
|turn|6
|
|t:|1779932564
|move|p1a: Azumarill|Liquidation|p2a: Hatterene
|-damage|p2a: Hatterene|0 fnt
|faint|p2a: Hatterene
|
|upkeep
|
|t:|1779932569
|switch|p2a: Kyurem|Kyurem|100/100
|-ability|p2a: Kyurem|Pressure
|turn|7
|
|t:|1779932577
|switch|p1a: Hoopa|Hoopa-Unbound|100/100
|-damage|p1a: Hoopa|88/100|[from] Stealth Rock
|move|p2a: Kyurem|Freeze-Dry|p1a: Hoopa
|-damage|p1a: Hoopa|67/100
|
|upkeep
|turn|8
|
|t:|1779932589
|switch|p2a: Grimmsnarl|Grimmsnarl, M, shiny|76/100
|move|p1a: Hoopa|Future Sight|p2a: Grimmsnarl
|-start|p1a: Hoopa|move: Future Sight
|
|-heal|p2a: Grimmsnarl|82/100|[from] item: Leftovers
|upkeep
|turn|9
|
|t:|1779932606
|switch|p1a: Iron Treads|Iron Treads, shiny|100/100
|-damage|p1a: Iron Treads|98/100|[from] Stealth Rock
|-item|p1a: Iron Treads|Air Balloon
|move|p2a: Grimmsnarl|Bulk Up|p2a: Grimmsnarl
|-boost|p2a: Grimmsnarl|atk|1
|-boost|p2a: Grimmsnarl|def|1
|
|-heal|p2a: Grimmsnarl|88/100|[from] item: Leftovers
|upkeep
|turn|10
|
|t:|1779932617
|switch|p2a: Heatran|Heatran, M|100/100
|move|p1a: Iron Treads|Rapid Spin|p2a: Heatran
|-resisted|p2a: Heatran
|-damage|p2a: Heatran|95/100
|-boost|p1a: Iron Treads|spe|1
|-sideend|p1: Chadmcpoon|Stealth Rock|[from] move: Rapid Spin|[of] p1a: Iron Treads
|
|-end|p2a: Heatran|move: Future Sight
|-resisted|p2a: Heatran
|-damage|p2a: Heatran|65/100
|upkeep
|turn|11
|
|t:|1779932628
|switch|p2a: Gyarados|Gyarados, F|100/100
|move|p1a: Iron Treads|Stealth Rock|p2a: Gyarados
|-sidestart|p2: retsewe|move: Stealth Rock
|
|upkeep
|turn|12
|
|t:|1779932634
|-end|p1a: Iron Treads|Quark Drive|[silent]
|switch|p1a: Pecharunt|Pecharunt|92/100
|-terastallize|p2a: Gyarados|Ground
|move|p2a: Gyarados|Dragon Dance|p2a: Gyarados
|-boost|p2a: Gyarados|atk|1
|-boost|p2a: Gyarados|spe|1
|
|upkeep
|turn|13
|
|t:|1779932645
|move|p2a: Gyarados|Earthquake|p1a: Pecharunt
|-supereffective|p1a: Pecharunt
|-damage|p1a: Pecharunt|0 fnt
|faint|p1a: Pecharunt
|-ability|p2a: Gyarados|Moxie|boost
|-boost|p2a: Gyarados|atk|1
|
|upkeep
|
|t:|1779932650
|switch|p1a: Meowscarada|Meowscarada, M|100/100
|turn|14
|
|t:|1779932661
|move|p1a: Meowscarada|Flower Trick|p2a: Gyarados
|-start|p1a: Meowscarada|typechange|Grass|[from] ability: Protean
|-supereffective|p2a: Gyarados
|-crit|p2a: Gyarados
|-damage|p2a: Gyarados|0 fnt
|faint|p2a: Gyarados
|
|upkeep
|
|t:|1779932675
|switch|p2a: Heatran|Heatran, M|65/100
|-damage|p2a: Heatran|52/100|[from] Stealth Rock
|turn|15
|
|t:|1779932679
|switch|p1a: Azumarill|Azumarill, M, shiny|88/100
|move|p2a: Heatran|Flamethrower|p1a: Azumarill
|-resisted|p1a: Azumarill
|-damage|p1a: Azumarill|62/100
|
|upkeep
|turn|16
|
|t:|1779932689
|switch|p2a: Grimmsnarl|Grimmsnarl, M, shiny|88/100
|-damage|p2a: Grimmsnarl|76/100|[from] Stealth Rock
|move|p1a: Azumarill|Play Rough|p2a: Grimmsnarl
|-supereffective|p2a: Grimmsnarl
|-damage|p2a: Grimmsnarl|0 fnt
|faint|p2a: Grimmsnarl
|
|upkeep
|
|t:|1779932698
|switch|p2a: Kyurem|Kyurem|100/100
|-damage|p2a: Kyurem|76/100|[from] Stealth Rock
|-ability|p2a: Kyurem|Pressure
|turn|17
|
|t:|1779932714
|switch|p1a: Iron Treads|Iron Treads, shiny|98/100
|-item|p1a: Iron Treads|Air Balloon
|move|p2a: Kyurem|Freeze-Dry|p1a: Iron Treads
|-damage|p1a: Iron Treads|57/100
|-enditem|p1a: Iron Treads|Air Balloon
|
|upkeep
|turn|18
|
|t:|1779932725
|move|p1a: Iron Treads|Ice Spinner|p2a: Kyurem
|-damage|p2a: Kyurem|56/100
|move|p2a: Kyurem|Earth Power|p1a: Iron Treads
|-supereffective|p1a: Iron Treads
|-damage|p1a: Iron Treads|0 fnt
|faint|p1a: Iron Treads
|-end|p1a: Iron Treads|Quark Drive|[silent]
|
|upkeep
|
|t:|1779932745
|switch|p1a: Hoopa|Hoopa-Unbound|67/100
|turn|19
|
|t:|1779932751
|move|p2a: Kyurem|Ice Beam|p1a: Hoopa
|-damage|p1a: Hoopa|40/100
|move|p1a: Hoopa|Drain Punch|p2a: Kyurem
|-supereffective|p2a: Kyurem
|-damage|p2a: Kyurem|0 fnt
|-heal|p1a: Hoopa|72/100|[from] drain|[of] p2a: Kyurem
|faint|p2a: Kyurem
|
|upkeep
|
|t:|1779932760
|switch|p2a: Dragonite|Dragonite, F|100/100
|turn|20
|
|t:|1779932768
|move|p2a: Dragonite|Dragon Dance|p2a: Dragonite
|-boost|p2a: Dragonite|atk|1
|-boost|p2a: Dragonite|spe|1
|move|p1a: Hoopa|Hyperspace Fury|p2a: Dragonite
|-damage|p2a: Dragonite|58/100
|-unboost|p1a: Hoopa|def|1
|
|upkeep
|turn|21
|
|t:|1779932776
|move|p2a: Dragonite|Earthquake|p1a: Hoopa
|-damage|p1a: Hoopa|0 fnt
|faint|p1a: Hoopa
|
|upkeep
|
|t:|1779932779
|switch|p1a: Meowscarada|Meowscarada, M|100/100
|turn|22
|
|t:|1779932783
|move|p1a: Meowscarada|Triple Axel|p2a: Dragonite
|-start|p1a: Meowscarada|typechange|Ice|[from] ability: Protean
|-supereffective|p2a: Dragonite
|-damage|p2a: Dragonite|6/100
|-supereffective|p2a: Dragonite
|-damage|p2a: Dragonite|0 fnt
|faint|p2a: Dragonite
|-hitcount|p2: Dragonite|2
|
|upkeep
|inactive|retsewe has 120 seconds left.
|inactive|retsewe has 90 seconds left.
|c|☆Chadmcpoon|Tough decision here
|inactive|retsewe has 60 seconds left.
|l|☆retsewe
|inactive|retsewe disconnected and has a minute to reconnect!
|player|p2|
|inactive|retsewe has 30 seconds left.
|inactive|retsewe has 20 seconds left.
|inactive|retsewe has 15 seconds left.
|inactive|retsewe has 10 seconds left.
|inactive|retsewe has 5 seconds left.
|-message|retsewe lost due to inactivity.
|
|win|Chadmcpoon
|raw|Chadmcpoon's rating: 1468 &rarr; <strong>1489</strong><br />(+21 for winning)
|raw|retsewe's rating: 1493 &rarr; <strong>1472</strong><br />(-21 for losing)
|l|☆Chadmcpoon
|player|p1|
