|j|‽CHixxxxx122
|j|☆Itzjulian101
|t:|1779844748
|gametype|singles
|player|p1|CHixxxxx122|1|1134
|player|p2|Itzjulian101|iris|1090
|gen|9
|tier|[Gen 9] OU
|rated|
|rule|HP Percentage Mod: HP is shown in percentages
|rule|Endless Battle Clause: Forcing endless battles is banned
|rule|Species Clause: Limit one of each Pokémon
|rule|OHKO Clause: OHKO moves are banned
|rule|Evasion Items Clause: Evasion items are banned
|rule|Evasion Moves Clause: Evasion moves are banned
|rule|Evasion Abilities Clause: Evasion abilities are banned
|rule|Sleep Moves Clause: Sleep-inducing moves are banned
|clearpoke
|poke|p1|Skuntank, M|
|poke|p1|Porygon2|
|poke|p1|Mamoswine, M|
|poke|p1|Staraptor, M|
|poke|p1|Lilligant-Hisui, F|
|poke|p1|Milotic, F|
|poke|p2|Zoroark-Hisui, F|
|poke|p2|Maushold-Four|
|poke|p2|Meowscarada, M|
|poke|p2|Tinkaton, F|
|poke|p2|Toxtricity, F|
|poke|p2|Greninja-*, F|
|teampreview
|
|t:|1779844769
|teamsize|p1|6
|teamsize|p2|6
|start
|switch|p1a: Mamoswine|Mamoswine, M|100/100
|switch|p2a: Greninja|Greninja, F|100/100
|turn|1
|
|t:|1779844781
|-terastallize|p1a: Mamoswine|Ice
|move|p2a: Greninja|Surf|p1a: Mamoswine
|-start|p2a: Greninja|typechange|Water|[from] ability: Protean
|-damage|p1a: Mamoswine|44/100
|move|p1a: Mamoswine|Earthquake|p2a: Greninja
|-damage|p2a: Greninja|8/100
|
|upkeep
|turn|2
|inactive|Battle timer is ON: inactive players will automatically lose when time's up. (requested by Itzjulian101)
|l|☆Itzjulian101
|inactive|Itzjulian101 disconnected and has a minute to reconnect!
|player|p2|
|
|t:|1779844825
|move|p1a: Mamoswine|Ice Shard|p2a: Greninja
|-resisted|p2a: Greninja
|-damage|p2a: Greninja|0 fnt
|faint|p2a: Greninja
|
|upkeep
|j|☆Itzjulian101
|inactive|Itzjulian101 reconnected and has 145 seconds left.
|player|p2|Itzjulian101|iris|
|
|t:|1779844835
|switch|p2a: Maushold|Maushold-Four, shiny|100/100
|turn|3
|inactive|CHixxxxx122 has 120 seconds left.
|l|☆Itzjulian101
|inactive|Itzjulian101 disconnected and has a minute to reconnect!
|player|p2|
|j|☆Itzjulian101
|inactive|Itzjulian101 reconnected.
|player|p2|Itzjulian101|iris|
|inactive|CHixxxxx122 has 90 seconds left.
|
|t:|1779844907
|move|p1a: Mamoswine|Ice Shard|p2a: Maushold
|-damage|p2a: Maushold|48/100
|replace|p2a: Zoroark|Zoroark-Hisui, F
|-end|p2a: Zoroark|Illusion
|move|p2a: Zoroark|Flamethrower|p1a: Mamoswine
|-supereffective|p1a: Mamoswine
|-damage|p1a: Mamoswine|0 fnt
|faint|p1a: Mamoswine
|
|upkeep
|
|t:|1779844909
|switch|p1a: Skuntank|Skuntank, M|100/100
|turn|4
|
|t:|1779844920
|move|p1a: Skuntank|Sucker Punch|p2a: Zoroark
|-supereffective|p2a: Zoroark
|-damage|p2a: Zoroark|0 fnt
|faint|p2a: Zoroark
|-damage|p1a: Skuntank|91/100|[from] item: Life Orb
|
|upkeep
|
|t:|1779844922
|switch|p2a: Toxtricity|Toxtricity, F, shiny|100/100
|turn|5
|inactive|CHixxxxx122 has 90 seconds left.
|
|t:|1779844958
|move|p1a: Skuntank|Knock Off|p2a: Toxtricity
|-damage|p2a: Toxtricity|15/100
|-enditem|p2a: Toxtricity|Choice Specs|[from] move: Knock Off|[of] p1a: Skuntank
|-damage|p1a: Skuntank|81/100|[from] item: Life Orb
|move|p2a: Toxtricity|Boomburst|p1a: Skuntank
|-crit|p1a: Skuntank
|-damage|p1a: Skuntank|0 fnt
|faint|p1a: Skuntank
|
|upkeep
|
|t:|1779844963
|switch|p1a: Staraptor|Staraptor, M|100/100
|turn|6
|
|t:|1779844970
|move|p1a: Staraptor|Quick Attack|p2a: Toxtricity
|-damage|p2a: Toxtricity|0 fnt
|faint|p2a: Toxtricity
|
|upkeep
|
|t:|1779844973
|switch|p2a: Meowscarada|Meowscarada, M, shiny|100/100
|turn|7
|
|t:|1779844977
|move|p2a: Meowscarada|Triple Axel|p1a: Staraptor
|-start|p2a: Meowscarada|typechange|Ice|[from] ability: Protean
|-supereffective|p1a: Staraptor
|-damage|p1a: Staraptor|75/100
|-supereffective|p1a: Staraptor
|-damage|p1a: Staraptor|22/100
|-supereffective|p1a: Staraptor
|-damage|p1a: Staraptor|0 fnt
|faint|p1a: Staraptor
|-hitcount|p1: Staraptor|3
|
|upkeep
|
|t:|1779844981
|switch|p1a: Porygon2|Porygon2|100/100
|-ability|p1a: Porygon2|Protean|Trace|[from] ability: Trace|[of] p2a: Meowscarada
|turn|8
|
|t:|1779844986
|move|p2a: Meowscarada|Seed Bomb|p1a: Porygon2
|-damage|p1a: Porygon2|86/100
|move|p1a: Porygon2|Tri Attack|p2a: Meowscarada
|-damage|p2a: Meowscarada|55/100
|
|upkeep
|turn|9
|
|t:|1779844993
|move|p2a: Meowscarada|Triple Axel|p1a: Porygon2
|-damage|p1a: Porygon2|81/100
|-damage|p1a: Porygon2|70/100
|-damage|p1a: Porygon2|53/100
|-hitcount|p1a: Porygon2|3
|move|p1a: Porygon2|Tri Attack|p2a: Meowscarada
|-damage|p2a: Meowscarada|4/100
|
|upkeep
|turn|10
|
|t:|1779845001
|move|p2a: Meowscarada|Chilling Water|p1a: Porygon2
|-damage|p1a: Porygon2|47/100
|-unboost|p1a: Porygon2|atk|1
|move|p1a: Porygon2|Tri Attack|p2a: Meowscarada
|-damage|p2a: Meowscarada|0 fnt
|faint|p2a: Meowscarada
|
|upkeep
|
|t:|1779845004
|switch|p2a: Tinkaton|Tinkaton, F, shiny|100/100
|-ability|p2a: Tinkaton|Mold Breaker
|turn|11
|inactive|CHixxxxx122 has 120 seconds left.
|inactive|CHixxxxx122 has 90 seconds left.
|
|t:|1779845060
|move|p2a: Tinkaton|Brick Break|p1a: Porygon2
|-supereffective|p1a: Porygon2
|-damage|p1a: Porygon2|24/100
|move|p1a: Porygon2|Charge Beam|p2a: Tinkaton
|-start|p1a: Porygon2|typechange|Electric|[from] ability: Protean
|-damage|p2a: Tinkaton|82/100
|
|upkeep
|turn|12
|
|t:|1779845074
|move|p2a: Tinkaton|Brick Break|p1a: Porygon2
|-damage|p1a: Porygon2|14/100
|move|p1a: Porygon2|Recover|p1a: Porygon2
|-heal|p1a: Porygon2|64/100
|
|upkeep
|turn|13
|
|t:|1779845077
|move|p2a: Tinkaton|Brick Break|p1a: Porygon2
|-damage|p1a: Porygon2|54/100
|move|p1a: Porygon2|Charge Beam|p2a: Tinkaton
|-damage|p2a: Tinkaton|63/100
|-boost|p1a: Porygon2|spa|1
|
|upkeep
|turn|14
|
|t:|1779845089
|move|p2a: Tinkaton|Foul Play|p1a: Porygon2
|-damage|p1a: Porygon2|49/100
|move|p1a: Porygon2|Charge Beam|p2a: Tinkaton
|-damage|p2a: Tinkaton|31/100
|-boost|p1a: Porygon2|spa|1
|
|upkeep
|turn|15
|
|t:|1779845095
|move|p2a: Tinkaton|Play Rough|p1a: Porygon2
|-damage|p1a: Porygon2|31/100
|move|p1a: Porygon2|Charge Beam|p2a: Tinkaton|[miss]
|-miss|p1a: Porygon2|p2a: Tinkaton
|
|upkeep
|turn|16
|
|t:|1779845098
|move|p2a: Tinkaton|Play Rough|p1a: Porygon2
|-damage|p1a: Porygon2|13/100
|move|p1a: Porygon2|Recover|p1a: Porygon2
|-heal|p1a: Porygon2|63/100
|
|upkeep
|turn|17
|
|t:|1779845101
|move|p2a: Tinkaton|Flash Cannon|p1a: Porygon2
|-resisted|p1a: Porygon2
|-damage|p1a: Porygon2|57/100
|move|p1a: Porygon2|Charge Beam|p2a: Tinkaton
|-damage|p2a: Tinkaton|0 fnt
|-boost|p1a: Porygon2|spa|1
|faint|p2a: Tinkaton
|
|upkeep
|
|t:|1779845103
|switch|p2a: Maushold|Maushold-Four, shiny|100/100
|turn|18
|
|t:|1779845106
|-terastallize|p2a: Maushold|Ghost
|move|p2a: Maushold|Population Bomb|p1a: Porygon2
|-damage|p1a: Porygon2|49/100
|-damage|p1a: Porygon2|42/100
|-damage|p1a: Porygon2|35/100
|-damage|p1a: Porygon2|28/100
|-hitcount|p1a: Porygon2|4
|move|p1a: Porygon2|Charge Beam|p2a: Maushold
|-damage|p2a: Maushold|23/100
|
|upkeep
|turn|19
|
|t:|1779845111
|move|p2a: Maushold|Population Bomb|p1a: Porygon2
|-damage|p1a: Porygon2|22/100
|-damage|p1a: Porygon2|15/100
|-damage|p1a: Porygon2|8/100
|-damage|p1a: Porygon2|1/100
|-damage|p1a: Porygon2|0 fnt
|faint|p1a: Porygon2
|-hitcount|p1: Porygon2|5
|
|upkeep
|
|t:|1779845113
|switch|p1a: Milotic|Milotic, F|100/100
|turn|20
|
|t:|1779845116
|move|p2a: Maushold|Population Bomb|p1a: Milotic
|-damage|p1a: Milotic|90/100
|-damage|p1a: Milotic|80/100
|-damage|p1a: Milotic|69/100
|-crit|p1a: Milotic
|-damage|p1a: Milotic|55/100
|-damage|p1a: Milotic|44/100
|-damage|p1a: Milotic|34/100
|-hitcount|p1a: Milotic|6
|move|p1a: Milotic|Scald|p2a: Maushold
|-damage|p2a: Maushold|0 fnt
|faint|p2a: Maushold
|
|win|CHixxxxx122
|raw|CHixxxxx122's rating: 1134 &rarr; <strong>1156</strong><br />(+22 for winning)
|raw|Itzjulian101's rating: 1090 &rarr; <strong>1069</strong><br />(-21 for losing)
|l|‽CHixxxxx122
|player|p1|
|l|☆Itzjulian101
|player|p2|
