|j|☆CherryzardX
|j|☆zilofth
|t:|1779965239
|gametype|singles
|player|p1|CherryzardX|102|1218
|player|p2|zilofth|1|1099
|gen|9
|tier|[Gen 9] OU
|rated|
|rule|HP Percentage Mod: HP is shown in percentages
|rule|Endless Battle Clause: Forcing endless battles is banned
|rule|Species Clause: Limit one of each Pokémon
|rule|OHKO Clause: OHKO moves are banned
|rule|Evasion Items Clause: Evasion items are banned
|rule|Evasion Moves Clause: Evasion moves are banned
|rule|Evasion Abilities Clause: Evasion abilities are banned
|rule|Sleep Moves Clause: Sleep-inducing moves are banned
|clearpoke
|poke|p1|Cetitan, M|
|poke|p1|Slowking-Galar, F|
|poke|p1|Alomomola, M|
|poke|p1|Hatterene, F|
|poke|p1|Corviknight, F|
|poke|p1|Great Tusk|
|poke|p2|Slowking-Galar, M|
|poke|p2|Great Tusk|
|poke|p2|Arcanine-Hisui, F|
|poke|p2|Corviknight, F|
|poke|p2|Dragapult, M|
|poke|p2|Kingambit, F|
|teampreview
|inactive|Battle timer is ON: inactive players will automatically lose when time's up. (requested by CherryzardX)
|
|t:|1779965272
|teamsize|p1|6
|teamsize|p2|6
|start
|switch|p1a: Slowking|Slowking-Galar, F|100/100
|switch|p2a: Arcanine|Arcanine-Hisui, F|100/100
|turn|1
|
|t:|1779965281
|move|p2a: Arcanine|Flare Blitz|p1a: Slowking
|-damage|p1a: Slowking|32/100
|-status|p1a: Slowking|brn
|move|p1a: Slowking|Thunder Wave|p2a: Arcanine
|-status|p2a: Arcanine|par
|
|-damage|p1a: Slowking|26/100 brn|[from] brn
|upkeep
|turn|2
|
|t:|1779965289
|switch|p1a: Alomomola|Alomomola, M|100/100
|cant|p2a: Arcanine|par
|
|upkeep
|turn|3
|
|t:|1779965301
|switch|p2a: Dragapult|Dragapult, M|100/100
|move|p1a: Alomomola|Flip Turn|p2a: Dragapult
|-resisted|p2a: Dragapult
|-damage|p2a: Dragapult|90/100
|
|t:|1779965313
|switch|p1a: Great Tusk|Great Tusk|100/100|[from] Flip Turn
|
|upkeep
|turn|4
|
|t:|1779965324
|move|p2a: Dragapult|Draco Meteor|p1a: Great Tusk
|-damage|p1a: Great Tusk|0 fnt
|-unboost|p2a: Dragapult|spa|2
|faint|p1a: Great Tusk
|-end|p1a: Great Tusk|Protosynthesis|[silent]
|
|upkeep
|
|t:|1779965328
|switch|p1a: Slowking|Slowking-Galar, F|59/100 brn
|turn|5
|
|t:|1779965350
|switch|p2a: Great Tusk|Great Tusk|100/100
|-prepare|p1a: Slowking|Chilly Reception|[premajor]
|move|p1a: Slowking|Chilly Reception|p1a: Slowking
|-weather|Snowscape
|
|t:|1779965357
|switch|p1a: Cetitan|Cetitan, M|100/100|[from] Chilly Reception
|
|-weather|Snowscape|[upkeep]
|upkeep
|turn|6
|
|t:|1779965367
|move|p1a: Cetitan|Ice Spinner|p2a: Great Tusk
|-supereffective|p2a: Great Tusk
|-damage|p2a: Great Tusk|8/100
|move|p2a: Great Tusk|Stealth Rock|p1a: Cetitan
|-sidestart|p1: CherryzardX|move: Stealth Rock
|
|-weather|Snowscape|[upkeep]
|upkeep
|turn|7
|
|t:|1779965384
|-end|p2a: Great Tusk|Protosynthesis|[silent]
|switch|p2a: Corviknight|Corviknight, F|100/100
|-ability|p2a: Corviknight|Pressure
|move|p1a: Cetitan|Ice Spinner|p2a: Corviknight
|-damage|p2a: Corviknight|63/100
|-damage|p1a: Cetitan|84/100|[from] item: Rocky Helmet|[of] p2a: Corviknight
|
|-weather|Snowscape|[upkeep]
|upkeep
|turn|8
|
|t:|1779965414
|move|p1a: Cetitan|Ice Spinner|p2a: Corviknight
|-damage|p2a: Corviknight|28/100
|-damage|p1a: Cetitan|67/100|[from] item: Rocky Helmet|[of] p2a: Corviknight
|move|p2a: Corviknight|U-turn|p1a: Cetitan
|-damage|p1a: Cetitan|59/100
|
|t:|1779965432
|switch|p2a: Dragapult|Dragapult, M|90/100|[from] U-turn
|
|-weather|Snowscape|[upkeep]
|upkeep
|turn|9
|
|t:|1779965439
|move|p1a: Cetitan|Ice Spinner|p2a: Dragapult
|-supereffective|p2a: Dragapult
|-damage|p2a: Dragapult|0 fnt
|faint|p2a: Dragapult
|
|-weather|Snowscape|[upkeep]
|upkeep
|
|t:|1779965449
|switch|p2a: Arcanine|Arcanine-Hisui, F|100/100 par
|turn|10
|inactive|zilofth has 120 seconds left.
|
|t:|1779965471
|switch|p1a: Alomomola|Alomomola, M|100/100
|cant|p2a: Arcanine|par
|
|-weather|Snowscape|[upkeep]
|upkeep
|turn|11
|inactive|zilofth has 120 seconds left.
|
|t:|1779965484
|switch|p2a: Slowking|Slowking-Galar, M|100/100
|move|p1a: Alomomola|Flip Turn|p2a: Slowking
|-damage|p2a: Slowking|84/100
|
|t:|1779965490
|switch|p1a: Corviknight|Corviknight, F|100/100|[from] Flip Turn
|-damage|p1a: Corviknight|88/100|[from] Stealth Rock
|-ability|p1a: Corviknight|Pressure
|
|-weather|Snowscape|[upkeep]
|upkeep
|turn|12
|inactive|zilofth has 120 seconds left.
|
|t:|1779965507
|move|p1a: Corviknight|Defog|p2a: Slowking
|-unboost|p2a: Slowking|evasion|1
|-sideend|p1: CherryzardX|Stealth Rock|[from] move: Defog|[of] p1a: Corviknight
|move|p2a: Slowking|Future Sight|p1a: Corviknight
|-start|p2a: Slowking|move: Future Sight
|
|-weather|none
|upkeep
|turn|13
|inactive|zilofth has 120 seconds left.
|
|t:|1779965517
|move|p1a: Corviknight|U-turn|p2a: Slowking
|-damage|p2a: Slowking|68/100
|
|t:|1779965522
|switch|p1a: Slowking|Slowking-Galar, F|92/100 brn|[from] U-turn
|-prepare|p2a: Slowking|Chilly Reception|[premajor]
|move|p2a: Slowking|Chilly Reception|p2a: Slowking
|-weather|Snowscape
|inactive|zilofth has 120 seconds left.
|
|t:|1779965535
|switch|p2a: Kingambit|Kingambit, F|100/100|[from] Chilly Reception
|-activate|p2a: Kingambit|ability: Supreme Overlord
|-start|p2a: Kingambit|fallen1|[silent]
|
|-weather|Snowscape|[upkeep]
|-damage|p1a: Slowking|86/100 brn|[from] brn
|upkeep
|turn|14
|
|t:|1779965545
|switch|p1a: Cetitan|Cetitan, M|59/100
|move|p2a: Kingambit|Swords Dance|p2a: Kingambit
|-boost|p2a: Kingambit|atk|2
|
|-weather|Snowscape|[upkeep]
|-end|p1a: Cetitan|move: Future Sight
|-damage|p1a: Cetitan|13/100
|upkeep
|turn|15
|inactive|zilofth has 120 seconds left.
|
|t:|1779965567
|move|p1a: Cetitan|Superpower|p2a: Kingambit
|-supereffective|p2a: Kingambit
|-damage|p2a: Kingambit|0 fnt
|-unboost|p1a: Cetitan|atk|1
|-unboost|p1a: Cetitan|def|1
|faint|p2a: Kingambit
|-end|p2a: Kingambit|fallen1|[silent]
|
|-weather|Snowscape|[upkeep]
|upkeep
|
|t:|1779965577
|switch|p2a: Slowking|Slowking-Galar, M|100/100
|turn|16
|
|t:|1779965583
|switch|p1a: Hatterene|Hatterene, F|100/100
|move|p2a: Slowking|Ice Beam|p1a: Hatterene
|-damage|p1a: Hatterene|83/100
|
|-weather|Snowscape|[upkeep]
|-heal|p1a: Hatterene|89/100|[from] item: Leftovers
|upkeep
|turn|17
|inactive|zilofth has 120 seconds left.
|
|t:|1779965590
|move|p1a: Hatterene|Psychic Noise|p2a: Slowking
|-damage|p2a: Slowking|81/100
|-start|p2a: Slowking|move: Heal Block
|move|p2a: Slowking|Sludge Bomb|p1a: Hatterene
|-supereffective|p1a: Hatterene
|-crit|p1a: Hatterene
|-damage|p1a: Hatterene|13/100
|
|-weather|none
|-heal|p1a: Hatterene|19/100|[from] item: Leftovers
|upkeep
|turn|18
|inactive|zilofth has 120 seconds left.
|
|t:|1779965607
|switch|p1a: Slowking|Slowking-Galar, F|100/100 brn
|move|p2a: Slowking|Future Sight|p1a: Slowking
|-start|p2a: Slowking|move: Future Sight
|
|-damage|p1a: Slowking|94/100 brn|[from] brn
|-end|p2a: Slowking|move: Heal Block
|upkeep
|turn|19
|
|t:|1779965616
|-prepare|p2a: Slowking|Chilly Reception|[premajor]
|move|p2a: Slowking|Chilly Reception|p2a: Slowking
|-weather|Snowscape
|
|t:|1779965622
|switch|p2a: Arcanine|Arcanine-Hisui, F|100/100 par|[from] Chilly Reception
|move|p1a: Slowking|Future Sight|p2a: Arcanine
|-start|p1a: Slowking|move: Future Sight
|
|-weather|Snowscape|[upkeep]
|-damage|p1a: Slowking|88/100 brn|[from] brn
|upkeep
|turn|20
|
|t:|1779965629
|-terastallize|p2a: Arcanine|Rock
|move|p2a: Arcanine|Head Smash|p1a: Slowking
|-damage|p1a: Slowking|0 fnt
|faint|p1a: Slowking
|
|-weather|Snowscape|[upkeep]
|-hint|Future Sight did not hit because the target is fainted.
|upkeep
|
|t:|1779965634
|switch|p1a: Cetitan|Cetitan, M|13/100
|turn|21
|
|t:|1779965639
|move|p1a: Cetitan|Ice Spinner|p2a: Arcanine
|-damage|p2a: Arcanine|26/100 par
|move|p2a: Arcanine|Head Smash|p1a: Cetitan|[miss]
|-miss|p2a: Arcanine|p1a: Cetitan
|
|-weather|Snowscape|[upkeep]
|-end|p2a: Arcanine|move: Future Sight
|-damage|p2a: Arcanine|0 fnt
|faint|p2a: Arcanine
|upkeep
|
|t:|1779965654
|switch|p2a: Slowking|Slowking-Galar, M|100/100
|turn|22
|
|t:|1779965661
|move|p1a: Cetitan|Ice Spinner|p2a: Slowking
|-damage|p2a: Slowking|32/100
|move|p2a: Slowking|Sludge Bomb|p1a: Cetitan
|-damage|p1a: Cetitan|0 fnt
|faint|p1a: Cetitan
|
|-weather|Snowscape|[upkeep]
|upkeep
|inactive|CherryzardX has 120 seconds left.
|
|t:|1779965698
|switch|p1a: Hatterene|Hatterene, F|19/100
|turn|23
|
|t:|1779965701
|move|p1a: Hatterene|Psychic Noise|p2a: Slowking
|-damage|p2a: Slowking|12/100
|-start|p2a: Slowking|move: Heal Block
|move|p2a: Slowking|Sludge Bomb|p1a: Hatterene
|-supereffective|p1a: Hatterene
|-damage|p1a: Hatterene|0 fnt
|faint|p1a: Hatterene
|
|-weather|none
|upkeep
|inactive|CherryzardX has 120 seconds left.
|
|t:|1779965728
|switch|p1a: Corviknight|Corviknight, F|88/100
|-ability|p1a: Corviknight|Pressure
|turn|24
|
|t:|1779965733
|switch|p2a: Corviknight|Corviknight, F|28/100
|-ability|p2a: Corviknight|Pressure
|move|p1a: Corviknight|U-turn|p2a: Corviknight
|-resisted|p2a: Corviknight
|-damage|p2a: Corviknight|25/100
|-damage|p1a: Corviknight|72/100|[from] item: Rocky Helmet|[of] p2a: Corviknight
|
|t:|1779965735
|switch|p1a: Alomomola|Alomomola, M|100/100|[from] U-turn
|
|upkeep
|turn|25
|
|t:|1779965743
|move|p2a: Corviknight|Roost|p2a: Corviknight
|-heal|p2a: Corviknight|75/100
|-singleturn|p2a: Corviknight|move: Roost
|move|p1a: Alomomola|Scald|p2a: Corviknight
|-damage|p2a: Corviknight|62/100
|-status|p2a: Corviknight|brn
|
|-damage|p2a: Corviknight|56/100 brn|[from] brn
|upkeep
|turn|26
|
|t:|1779965753
|move|p2a: Corviknight|Roost|p2a: Corviknight
|-heal|p2a: Corviknight|100/100 brn
|-singleturn|p2a: Corviknight|move: Roost
|move|p1a: Alomomola|Scald|p2a: Corviknight
|-damage|p2a: Corviknight|86/100 brn
|
|-damage|p2a: Corviknight|80/100 brn|[from] brn
|upkeep
|turn|27
|
|t:|1779965774
|switch|p1a: Corviknight|Corviknight, F|72/100
|-ability|p1a: Corviknight|Pressure
|move|p2a: Corviknight|Body Press|p1a: Corviknight
|-damage|p1a: Corviknight|64/100
|
|-damage|p2a: Corviknight|74/100 brn|[from] brn
|upkeep
|turn|28
|
|t:|1779965783
|move|p1a: Corviknight|U-turn|p2a: Corviknight
|-resisted|p2a: Corviknight
|-damage|p2a: Corviknight|72/100 brn
|-damage|p1a: Corviknight|48/100|[from] item: Rocky Helmet|[of] p2a: Corviknight
|
|t:|1779965786
|switch|p1a: Alomomola|Alomomola, M|100/100|[from] U-turn
|move|p2a: Corviknight|U-turn|p1a: Alomomola
|-damage|p1a: Alomomola|97/100
|
|t:|1779965793
|switch|p2a: Great Tusk|Great Tusk|8/100|[from] U-turn
|
|upkeep
|turn|29
|
|t:|1779965803
|move|p2a: Great Tusk|Stealth Rock|p1a: Alomomola
|-sidestart|p1: CherryzardX|move: Stealth Rock
|move|p1a: Alomomola|Scald|p2a: Great Tusk
|-supereffective|p2a: Great Tusk
|-damage|p2a: Great Tusk|0 fnt
|faint|p2a: Great Tusk
|-end|p2a: Great Tusk|Protosynthesis|[silent]
|
|upkeep
|
|t:|1779965809
|switch|p2a: Slowking|Slowking-Galar, M|46/100
|turn|30
|
|t:|1779965815
|move|p1a: Alomomola|Scald|p2a: Slowking
|-damage|p2a: Slowking|38/100
|-status|p2a: Slowking|brn
|move|p2a: Slowking|Future Sight|p1a: Alomomola
|-start|p2a: Slowking|move: Future Sight
|
|-damage|p2a: Slowking|32/100 brn|[from] brn
|upkeep
|turn|31
|
|t:|1779965824
|move|p1a: Alomomola|Flip Turn|p2a: Slowking
|-damage|p2a: Slowking|14/100 brn
|
|t:|1779965826
|switch|p1a: Corviknight|Corviknight, F|48/100|[from] Flip Turn
|-damage|p1a: Corviknight|35/100|[from] Stealth Rock
|-ability|p1a: Corviknight|Pressure
|-prepare|p2a: Slowking|Chilly Reception|[premajor]
|move|p2a: Slowking|Chilly Reception|p2a: Slowking
|-weather|Snowscape
|
|t:|1779965834
|switch|p2a: Corviknight|Corviknight, F|72/100 brn|[from] Chilly Reception
|-ability|p2a: Corviknight|Pressure
|
|-weather|Snowscape|[upkeep]
|-damage|p2a: Corviknight|66/100 brn|[from] brn
|upkeep
|turn|32
|
|t:|1779965841
|switch|p1a: Alomomola|Alomomola, M|100/100
|move|p2a: Corviknight|Roost|p2a: Corviknight
|-heal|p2a: Corviknight|100/100 brn
|-singleturn|p2a: Corviknight|move: Roost
|
|-weather|Snowscape|[upkeep]
|-end|p1a: Alomomola|move: Future Sight
|-damage|p1a: Alomomola|43/100
|-damage|p2a: Corviknight|94/100 brn|[from] brn
|upkeep
|turn|33
|
|t:|1779965853
|move|p2a: Corviknight|U-turn|p1a: Alomomola
|-damage|p1a: Alomomola|39/100
|
|t:|1779965856
|switch|p2a: Slowking|Slowking-Galar, M|47/100 brn|[from] U-turn
|move|p1a: Alomomola|Flip Turn|p2a: Slowking
|-damage|p2a: Slowking|31/100 brn
|
|t:|1779965862
|switch|p1a: Corviknight|Corviknight, F|35/100|[from] Flip Turn
|-damage|p1a: Corviknight|23/100|[from] Stealth Rock
|-ability|p1a: Corviknight|Pressure
|
|-weather|Snowscape|[upkeep]
|-damage|p2a: Slowking|25/100 brn|[from] brn
|upkeep
|turn|34
|
|t:|1779965871
|move|p1a: Corviknight|Roost|p1a: Corviknight
|-heal|p1a: Corviknight|73/100
|-singleturn|p1a: Corviknight|move: Roost
|move|p2a: Slowking|Future Sight|p1a: Corviknight
|-start|p2a: Slowking|move: Future Sight
|
|-weather|Snowscape|[upkeep]
|-damage|p2a: Slowking|19/100 brn|[from] brn
|upkeep
|turn|35
|
|t:|1779965888
|switch|p2a: Corviknight|Corviknight, F|94/100 brn
|-ability|p2a: Corviknight|Pressure
|move|p1a: Corviknight|Defog|p2a: Corviknight
|-unboost|p2a: Corviknight|evasion|1
|-sideend|p1: CherryzardX|Stealth Rock|[from] move: Defog|[of] p1a: Corviknight
|
|-weather|none
|-damage|p2a: Corviknight|88/100 brn|[from] brn
|upkeep
|turn|36
|
|t:|1779965904
|move|p2a: Corviknight|U-turn|p1a: Corviknight
|-resisted|p1a: Corviknight
|-damage|p1a: Corviknight|72/100
|
|t:|1779965907
|switch|p2a: Slowking|Slowking-Galar, M|52/100 brn|[from] U-turn
|move|p1a: Corviknight|Body Press|p2a: Slowking
|-resisted|p2a: Slowking
|-damage|p2a: Slowking|46/100 brn
|
|-end|p1a: Corviknight|move: Future Sight
|-resisted|p1a: Corviknight
|-damage|p1a: Corviknight|50/100
|-damage|p2a: Slowking|40/100 brn|[from] brn
|upkeep
|turn|37
|
|t:|1779965919
|switch|p1a: Alomomola|Alomomola, M|73/100
|move|p2a: Slowking|Ice Beam|p1a: Alomomola
|-resisted|p1a: Alomomola
|-damage|p1a: Alomomola|60/100
|
|-damage|p2a: Slowking|34/100 brn|[from] brn
|upkeep
|turn|38
|
|t:|1779965928
|switch|p1a: Corviknight|Corviknight, F|50/100
|-ability|p1a: Corviknight|Pressure
|move|p2a: Slowking|Future Sight|p1a: Corviknight
|-start|p2a: Slowking|move: Future Sight
|
|-damage|p2a: Slowking|27/100 brn|[from] brn
|upkeep
|turn|39
|
|t:|1779965935
|move|p1a: Corviknight|Roost|p1a: Corviknight
|-heal|p1a: Corviknight|100/100
|-singleturn|p1a: Corviknight|move: Roost
|move|p2a: Slowking|Ice Beam|p1a: Corviknight
|-resisted|p1a: Corviknight
|-damage|p1a: Corviknight|89/100
|
|-damage|p2a: Slowking|21/100 brn|[from] brn
|upkeep
|turn|40
|
|t:|1779965946
|switch|p2a: Corviknight|Corviknight, F|88/100 brn
|-ability|p2a: Corviknight|Pressure
|move|p1a: Corviknight|U-turn|p2a: Corviknight
|-resisted|p2a: Corviknight
|-damage|p2a: Corviknight|86/100 brn
|-damage|p1a: Corviknight|73/100|[from] item: Rocky Helmet|[of] p2a: Corviknight
|
|t:|1779965948
|switch|p1a: Alomomola|Alomomola, M|93/100|[from] U-turn
|
|-end|p1a: Alomomola|move: Future Sight
|-damage|p1a: Alomomola|38/100
|-damage|p2a: Corviknight|80/100 brn|[from] brn
|upkeep
|turn|41
|
|t:|1779965963
|move|p2a: Corviknight|U-turn|p1a: Alomomola
|-damage|p1a: Alomomola|34/100
|
|t:|1779965965
|switch|p2a: Slowking|Slowking-Galar, M|55/100 brn|[from] U-turn
|move|p1a: Alomomola|Wish|p1a: Alomomola
|
|-damage|p2a: Slowking|49/100 brn|[from] brn
|upkeep
|turn|42
|
|t:|1779965972
|move|p1a: Alomomola|Flip Turn|p2a: Slowking
|-damage|p2a: Slowking|30/100 brn
|
|t:|1779965975
|switch|p1a: Corviknight|Corviknight, F|73/100|[from] Flip Turn
|-ability|p1a: Corviknight|Pressure
|move|p2a: Slowking|Future Sight|p1a: Corviknight
|-start|p2a: Slowking|move: Future Sight
|
|-heal|p1a: Corviknight|100/100|[from] move: Wish|[wisher] Alomomola
|-damage|p2a: Slowking|24/100 brn|[from] brn
|upkeep
|turn|43
|
|t:|1779965985
|switch|p1a: Alomomola|Alomomola, M|68/100
|switch|p2a: Corviknight|Corviknight, F|80/100 brn
|-ability|p2a: Corviknight|Pressure
|
|-damage|p2a: Corviknight|74/100 brn|[from] brn
|upkeep
|turn|44
|
|t:|1779965996
|switch|p1a: Corviknight|Corviknight, F|100/100
|-ability|p1a: Corviknight|Pressure
|move|p2a: Corviknight|U-turn|p1a: Corviknight
|-resisted|p1a: Corviknight
|-damage|p1a: Corviknight|99/100
|
|t:|1779966002
|switch|p2a: Slowking|Slowking-Galar, M|57/100 brn|[from] U-turn
|
|-end|p1a: Corviknight|move: Future Sight
|-resisted|p1a: Corviknight
|-damage|p1a: Corviknight|76/100
|-damage|p2a: Slowking|51/100 brn|[from] brn
|upkeep
|turn|45
|
|t:|1779966027
|switch|p1a: Alomomola|Alomomola, M|100/100
|move|p2a: Slowking|Ice Beam|p1a: Alomomola
|-resisted|p1a: Alomomola
|-damage|p1a: Alomomola|86/100
|
|-damage|p2a: Slowking|45/100 brn|[from] brn
|upkeep
|turn|46
|
|t:|1779966034
|move|p1a: Alomomola|Flip Turn|p2a: Slowking
|-damage|p2a: Slowking|27/100 brn
|
|t:|1779966037
|switch|p1a: Corviknight|Corviknight, F|76/100|[from] Flip Turn
|-ability|p1a: Corviknight|Pressure
|move|p2a: Slowking|Future Sight|p1a: Corviknight
|-start|p2a: Slowking|move: Future Sight
|
|-damage|p2a: Slowking|21/100 brn|[from] brn
|upkeep
|turn|47
|
|t:|1779966045
|switch|p1a: Alomomola|Alomomola, M|100/100
|move|p2a: Slowking|Ice Beam|p1a: Alomomola
|-resisted|p1a: Alomomola
|-damage|p1a: Alomomola|87/100
|
|-damage|p2a: Slowking|15/100 brn|[from] brn
|upkeep
|turn|48
|-message|zilofth forfeited.
|
|win|CherryzardX
|raw|CherryzardX's rating: 1218 &rarr; <strong>1235</strong><br />(+17 for winning)
|raw|zilofth's rating: 1099 &rarr; <strong>1082</strong><br />(-17 for losing)
|l|☆zilofth
|player|p2|
|l|☆CherryzardX
|player|p1|
