|j|☆blabab
|j|☆Kolo22
|t:|1779883298
|gametype|singles
|player|p1|blabab|miku-ground|1510
|player|p2|Kolo22|169|1467
|gen|9
|tier|[Gen 9] OU
|rated|
|rule|HP Percentage Mod: HP is shown in percentages
|rule|Endless Battle Clause: Forcing endless battles is banned
|rule|Species Clause: Limit one of each Pokémon
|rule|OHKO Clause: OHKO moves are banned
|rule|Evasion Items Clause: Evasion items are banned
|rule|Evasion Moves Clause: Evasion moves are banned
|rule|Evasion Abilities Clause: Evasion abilities are banned
|rule|Sleep Moves Clause: Sleep-inducing moves are banned
|clearpoke
|poke|p1|Kingambit, F|
|poke|p1|Primarina, M|
|poke|p1|Araquanid, M|
|poke|p1|Blaziken, F|
|poke|p1|Thundurus-Therian, M|
|poke|p1|Iron Thorns|
|poke|p2|Heatran, F|
|poke|p2|Clodsire, F|
|poke|p2|Pecharunt|
|poke|p2|Chesnaught, M|
|poke|p2|Greninja-*, F|
|poke|p2|Slowking, F|
|teampreview
|inactive|Battle timer is ON: inactive players will automatically lose when time's up. (requested by blabab)
|
|t:|1779883310
|teamsize|p1|6
|teamsize|p2|6
|start
|switch|p1a: Blaziken|Blaziken, F|100/100
|switch|p2a: Chesnaught|Chesnaught, M|100/100
|turn|1
|
|t:|1779883318
|move|p1a: Blaziken|Flare Blitz|p2a: Chesnaught
|-supereffective|p2a: Chesnaught
|-damage|p2a: Chesnaught|7/100
|-status|p2a: Chesnaught|brn
|-damage|p1a: Blaziken|84/100|[from] item: Rocky Helmet|[of] p2a: Chesnaught
|-damage|p1a: Blaziken|45/100|[from] Recoil
|move|p2a: Chesnaught|Body Press|p1a: Blaziken
|-damage|p1a: Blaziken|10/100
|
|-damage|p2a: Chesnaught|1/100 brn|[from] brn
|-ability|p1a: Blaziken|Speed Boost|boost
|-boost|p1a: Blaziken|spe|1
|upkeep
|turn|2
|
|t:|1779883332
|move|p1a: Blaziken|Flare Blitz|p2a: Chesnaught
|-supereffective|p2a: Chesnaught
|-damage|p2a: Chesnaught|0 fnt
|-damage|p1a: Blaziken|0 fnt|[from] item: Rocky Helmet|[of] p2a: Chesnaught
|faint|p2a: Chesnaught
|faint|p1a: Blaziken
|
|upkeep
|inactive|Kolo22 has 120 seconds left.
|
|t:|1779883357
|switch|p1a: Araquanid|Araquanid, M|100/100
|switch|p2a: Heatran|Heatran, F|100/100
|-item|p2a: Heatran|Air Balloon
|turn|3
|inactive|Kolo22 has 120 seconds left.
|
|t:|1779883382
|move|p2a: Heatran|Steel Beam|p1a: Araquanid
|-resisted|p1a: Araquanid
|-damage|p1a: Araquanid|71/100
|-damage|p2a: Heatran|50/100|[from] steelbeam
|move|p1a: Araquanid|Surf|p2a: Heatran
|-supereffective|p2a: Heatran
|-damage|p2a: Heatran|0 fnt
|-enditem|p2a: Heatran|Air Balloon
|faint|p2a: Heatran
|
|upkeep
|inactive|Kolo22 has 120 seconds left.
|
|t:|1779883391
|switch|p2a: Slowking|Slowking, F|100/100
|turn|4
|
|t:|1779883398
|move|p1a: Araquanid|Sticky Web|p2a: Slowking
|-sidestart|p2: Kolo22|move: Sticky Web
|move|p2a: Slowking|Thunder Wave|p1a: Araquanid|[miss]
|-miss|p2a: Slowking|p1a: Araquanid
|
|upkeep
|turn|5
|
|t:|1779883404
|move|p1a: Araquanid|Bug Buzz|p2a: Slowking
|-supereffective|p2a: Slowking
|-damage|p2a: Slowking|65/100
|move|p2a: Slowking|Future Sight|p1a: Araquanid
|-start|p2a: Slowking|move: Future Sight
|
|upkeep
|turn|6
|
|t:|1779883409
|move|p1a: Araquanid|Bug Buzz|p2a: Slowking
|-supereffective|p2a: Slowking
|-damage|p2a: Slowking|31/100
|move|p2a: Slowking|Thunder Wave|p1a: Araquanid|[miss]
|-miss|p2a: Slowking|p1a: Araquanid
|
|upkeep
|turn|7
|
|t:|1779883424
|switch|p2a: Clodsire|Clodsire, F|100/100
|move|p1a: Araquanid|Surf|p2a: Clodsire
|-supereffective|p2a: Clodsire
|-damage|p2a: Clodsire|38/100
|
|-end|p1a: Araquanid|move: Future Sight
|-damage|p1a: Araquanid|36/100
|upkeep
|turn|8
|
|t:|1779883435
|move|p1a: Araquanid|Surf|p2a: Clodsire
|-supereffective|p2a: Clodsire
|-damage|p2a: Clodsire|0 fnt
|faint|p2a: Clodsire
|
|upkeep
|
|t:|1779883442
|switch|p2a: Greninja|Greninja, F|100/100
|-activate|p2a: Greninja|move: Sticky Web
|-unboost|p2a: Greninja|spe|1
|turn|9
|j| Zero Faction
|
|t:|1779883452
|move|p2a: Greninja|Dark Pulse|p1a: Araquanid
|-start|p2a: Greninja|typechange|Dark|[from] ability: Protean
|-damage|p1a: Araquanid|0 fnt
|faint|p1a: Araquanid
|
|upkeep
|
|t:|1779883461
|switch|p1a: Primarina|Primarina, M|100/100
|turn|10
|
|t:|1779883468
|switch|p2a: Pecharunt|Pecharunt|100/100
|move|p1a: Primarina|Surf|p2a: Pecharunt
|-damage|p2a: Pecharunt|31/100
|
|upkeep
|turn|11
|l|☆blabab
|inactive|blabab disconnected and has a minute to reconnect!
|player|p1|
|j|☆blabab
|inactive|blabab reconnected and has 140 seconds left.
|player|p1|blabab|miku-ground|
|
|t:|1779883481
|switch|p1a: Kingambit|Kingambit, F|100/100
|-activate|p1a: Kingambit|ability: Supreme Overlord
|-start|p1a: Kingambit|fallen2|[silent]
|move|p2a: Pecharunt|Malignant Chain|p1a: Kingambit
|-immune|p1a: Kingambit
|
|upkeep
|turn|12
|
|t:|1779883497
|-terastallize|p2a: Pecharunt|Dark
|move|p2a: Pecharunt|Recover|p2a: Pecharunt
|-heal|p2a: Pecharunt|81/100
|move|p1a: Kingambit|Kowtow Cleave|p2a: Pecharunt
|-resisted|p2a: Pecharunt
|-damage|p2a: Pecharunt|67/100
|
|upkeep
|turn|13
|
|t:|1779883526
|-end|p1a: Kingambit|fallen2|[silent]
|switch|p1a: Thundurus|Thundurus-Therian, M|100/100
|move|p2a: Pecharunt|Recover|p2a: Pecharunt
|-heal|p2a: Pecharunt|100/100
|
|upkeep
|turn|14
|
|t:|1779883532
|move|p1a: Thundurus|Thunderbolt|p2a: Pecharunt
|-damage|p2a: Pecharunt|44/100
|move|p2a: Pecharunt|Malignant Chain|p1a: Thundurus
|-damage|p1a: Thundurus|57/100
|-status|p1a: Thundurus|tox
|-start|p1a: Thundurus|confusion|[from] ability: Poison Puppeteer|[of] p2a: Pecharunt
|
|-damage|p1a: Thundurus|51/100 tox|[from] psn
|upkeep
|turn|15
|l| Zero Faction
|
|t:|1779883545
|switch|p1a: Primarina|Primarina, M|100/100
|move|p2a: Pecharunt|Recover|p2a: Pecharunt
|-heal|p2a: Pecharunt|94/100
|
|upkeep
|turn|16
|
|t:|1779883552
|move|p2a: Pecharunt|Malignant Chain|p1a: Primarina
|-supereffective|p1a: Primarina
|-damage|p1a: Primarina|49/100
|move|p1a: Primarina|Moonblast|p2a: Pecharunt
|-supereffective|p2a: Pecharunt
|-damage|p2a: Pecharunt|0 fnt
|faint|p2a: Pecharunt
|
|upkeep
|
|t:|1779883561
|switch|p2a: Slowking|Slowking, F|65/100
|turn|17
|
|t:|1779883565
|move|p1a: Primarina|Moonblast|p2a: Slowking
|-damage|p2a: Slowking|22/100
|-unboost|p2a: Slowking|spa|1
|move|p2a: Slowking|Thunder Wave|p1a: Primarina
|-status|p1a: Primarina|par
|
|upkeep
|turn|18
|
|t:|1779883573
|move|p2a: Slowking|Future Sight|p1a: Primarina
|-start|p2a: Slowking|move: Future Sight
|move|p1a: Primarina|Moonblast|p2a: Slowking
|-damage|p2a: Slowking|0 fnt
|faint|p2a: Slowking
|
|upkeep
|
|t:|1779883578
|switch|p2a: Greninja|Greninja, F|100/100
|-activate|p2a: Greninja|move: Sticky Web
|-unboost|p2a: Greninja|spe|1
|turn|19
|
|t:|1779883583
|move|p2a: Greninja|Dark Pulse|p1a: Primarina
|-start|p2a: Greninja|typechange|Dark|[from] ability: Protean
|-resisted|p1a: Primarina
|-damage|p1a: Primarina|27/100 par
|move|p1a: Primarina|Moonblast|p2a: Greninja
|-supereffective|p2a: Greninja
|-damage|p2a: Greninja|0 fnt
|faint|p2a: Greninja
|
|win|blabab
|raw|blabab's rating: 1510 &rarr; <strong>1528</strong><br />(+18 for winning)
|raw|Kolo22's rating: 1467 &rarr; <strong>1449</strong><br />(-18 for losing)
|l|☆Kolo22
|player|p2|
|l|☆blabab
|player|p1|
