|j|☆maximilk
|j|☆bsmcreeper
|t:|1779943101
|gametype|singles
|player|p1|maximilk|baker|1548
|player|p2|bsmcreeper|2|1525
|gen|9
|tier|[Gen 9] OU
|rated|
|rule|HP Percentage Mod: HP is shown in percentages
|rule|Endless Battle Clause: Forcing endless battles is banned
|rule|Species Clause: Limit one of each Pokémon
|rule|OHKO Clause: OHKO moves are banned
|rule|Evasion Items Clause: Evasion items are banned
|rule|Evasion Moves Clause: Evasion moves are banned
|rule|Evasion Abilities Clause: Evasion abilities are banned
|rule|Sleep Moves Clause: Sleep-inducing moves are banned
|clearpoke
|poke|p1|Metagross|
|poke|p1|Alomomola, M|
|poke|p1|Hydrapple, F|
|poke|p1|Cinderace, F|
|poke|p1|Dragonite, M|
|poke|p1|Ting-Lu|
|poke|p2|Zamazenta-*|
|poke|p2|Ceruledge, F|
|poke|p2|Corviknight, M|
|poke|p2|Slowking-Galar, F|
|poke|p2|Raging Bolt|
|poke|p2|Meowscarada, F|
|teampreview
|inactive|Battle timer is ON: inactive players will automatically lose when time's up. (requested by maximilk)
|j| ethereal workshop
|inactive|maximilk has 120 seconds left.
|
|t:|1779943134
|teamsize|p1|6
|teamsize|p2|6
|start
|switch|p1a: Cinderace|Cinderace, F|100/100
|switch|p2a: Meowscarada|Meowscarada, F|100/100
|turn|1
|
|t:|1779943163
|move|p2a: Meowscarada|U-turn|p1a: Cinderace
|-start|p2a: Meowscarada|typechange|Bug|[from] ability: Protean
|-resisted|p1a: Cinderace
|-damage|p1a: Cinderace|69/100
|-damage|p2a: Meowscarada|91/100|[from] item: Life Orb
|
|t:|1779943167
|switch|p2a: Zamazenta|Zamazenta|100/100|[from] U-turn
|-ability|p2a: Zamazenta|Dauntless Shield|boost
|-boost|p2a: Zamazenta|def|1
|move|p1a: Cinderace|Pyro Ball|p2a: Zamazenta|[miss]
|-miss|p1a: Cinderace|p2a: Zamazenta
|
|upkeep
|turn|2
|
|t:|1779943178
|switch|p1a: Hydrapple|Hydrapple, F|100/100
|move|p2a: Zamazenta|Close Combat|p1a: Hydrapple
|-damage|p1a: Hydrapple|31/100
|-unboost|p2a: Zamazenta|def|1
|-unboost|p2a: Zamazenta|spd|1
|
|upkeep
|turn|3
|inactive|maximilk has 120 seconds left.
|
|t:|1779943217
|switch|p1a: Alomomola|Alomomola, M|100/100
|move|p2a: Zamazenta|Close Combat|p1a: Alomomola
|-damage|p1a: Alomomola|52/100
|-unboost|p2a: Zamazenta|def|1
|-unboost|p2a: Zamazenta|spd|1
|
|upkeep
|turn|4
|
|t:|1779943228
|switch|p2a: Slowking|Slowking-Galar, F|100/100
|move|p1a: Alomomola|Flip Turn|p2a: Slowking
|-damage|p2a: Slowking|87/100
|inactive|maximilk has 120 seconds left.
|
|t:|1779943241
|switch|p1a: Ting-Lu|Ting-Lu|100/100|[from] Flip Turn
|-ability|p1a: Ting-Lu|Vessel of Ruin
|
|upkeep
|turn|5
|
|t:|1779943246
|switch|p2a: Corviknight|Corviknight, M|100/100
|-ability|p2a: Corviknight|Pressure
|move|p1a: Ting-Lu|Stealth Rock|p2a: Corviknight
|-sidestart|p2: bsmcreeper|move: Stealth Rock
|
|upkeep
|turn|6
|inactive|maximilk has 120 seconds left.
|
|t:|1779943281
|switch|p1a: Alomomola|Alomomola, M|52/100
|move|p2a: Corviknight|Defog|p1a: Alomomola
|-unboost|p1a: Alomomola|evasion|1
|-sideend|p2: bsmcreeper|Stealth Rock|[from] move: Defog|[of] p2a: Corviknight
|
|upkeep
|turn|7
|
|t:|1779943289
|move|p2a: Corviknight|Brave Bird|p1a: Alomomola
|-damage|p1a: Alomomola|33/100
|-damage|p2a: Corviknight|92/100|[from] Recoil
|move|p1a: Alomomola|Wish|p1a: Alomomola
|
|upkeep
|turn|8
|inactive|maximilk has 120 seconds left.
|
|t:|1779943297
|switch|p2a: Raging Bolt|Raging Bolt|100/100
|-enditem|p2a: Raging Bolt|Booster Energy
|-activate|p2a: Raging Bolt|ability: Protosynthesis|[fromitem]
|-start|p2a: Raging Bolt|protosynthesisspa
|move|p1a: Alomomola|Scald|p2a: Raging Bolt
|-resisted|p2a: Raging Bolt
|-damage|p2a: Raging Bolt|95/100
|-status|p2a: Raging Bolt|brn
|
|-heal|p1a: Alomomola|83/100|[from] move: Wish|[wisher] Alomomola
|-damage|p2a: Raging Bolt|89/100 brn|[from] brn
|upkeep
|turn|9
|
|t:|1779943309
|switch|p1a: Ting-Lu|Ting-Lu|100/100
|-ability|p1a: Ting-Lu|Vessel of Ruin
|move|p2a: Raging Bolt|Calm Mind|p2a: Raging Bolt
|-boost|p2a: Raging Bolt|spa|1
|-boost|p2a: Raging Bolt|spd|1
|
|-damage|p2a: Raging Bolt|83/100 brn|[from] brn
|upkeep
|turn|10
|
|t:|1779943313
|move|p2a: Raging Bolt|Dragon Pulse|p1a: Ting-Lu
|-damage|p1a: Ting-Lu|59/100
|move|p1a: Ting-Lu|Earthquake|p2a: Raging Bolt
|-supereffective|p2a: Raging Bolt
|-damage|p2a: Raging Bolt|20/100 brn
|
|-heal|p1a: Ting-Lu|66/100|[from] item: Leftovers
|-damage|p2a: Raging Bolt|14/100 brn|[from] brn
|upkeep
|turn|11
|
|t:|1779943321
|-end|p2a: Raging Bolt|Protosynthesis|[silent]
|switch|p2a: Meowscarada|Meowscarada, F|91/100
|move|p1a: Ting-Lu|Earthquake|p2a: Meowscarada
|-resisted|p2a: Meowscarada
|-damage|p2a: Meowscarada|62/100
|
|-heal|p1a: Ting-Lu|72/100|[from] item: Leftovers
|upkeep
|turn|12
|
|t:|1779943329
|switch|p1a: Hydrapple|Hydrapple, F|64/100
|move|p2a: Meowscarada|U-turn|p1a: Hydrapple
|-start|p2a: Meowscarada|typechange|Bug|[from] ability: Protean
|-supereffective|p1a: Hydrapple
|-damage|p1a: Hydrapple|2/100
|-damage|p2a: Meowscarada|52/100|[from] item: Life Orb
|
|t:|1779943336
|switch|p2a: Ceruledge|Ceruledge, F|100/100|[from] U-turn
|
|upkeep
|turn|13
|
|t:|1779943340
|switch|p1a: Ting-Lu|Ting-Lu|72/100
|-ability|p1a: Ting-Lu|Vessel of Ruin
|move|p2a: Ceruledge|Bitter Blade|p1a: Ting-Lu
|-damage|p1a: Ting-Lu|46/100
|
|-heal|p1a: Ting-Lu|52/100|[from] item: Leftovers
|upkeep
|turn|14
|
|t:|1779943350
|move|p2a: Ceruledge|Swords Dance|p2a: Ceruledge
|-boost|p2a: Ceruledge|atk|2
|move|p1a: Ting-Lu|Earthquake|p2a: Ceruledge
|-supereffective|p2a: Ceruledge
|-damage|p2a: Ceruledge|14/100
|-ability|p2a: Ceruledge|Weak Armor|boost
|-unboost|p2a: Ceruledge|def|1
|-boost|p2a: Ceruledge|spe|2
|
|-heal|p1a: Ting-Lu|58/100|[from] item: Leftovers
|upkeep
|turn|15
|
|t:|1779943362
|move|p2a: Ceruledge|Bitter Blade|p1a: Ting-Lu
|-damage|p1a: Ting-Lu|10/100
|-heal|p2a: Ceruledge|50/100|[from] drain|[of] p1a: Ting-Lu
|move|p1a: Ting-Lu|Earthquake|p2a: Ceruledge
|-supereffective|p2a: Ceruledge
|-damage|p2a: Ceruledge|0 fnt
|faint|p2a: Ceruledge
|
|-heal|p1a: Ting-Lu|16/100|[from] item: Leftovers
|upkeep
|
|t:|1779943374
|switch|p2a: Raging Bolt|Raging Bolt|14/100 brn
|turn|16
|
|t:|1779943380
|switch|p1a: Metagross|Metagross, shiny|100/100
|move|p2a: Raging Bolt|Dragon Pulse|p1a: Metagross
|-resisted|p1a: Metagross
|-damage|p1a: Metagross|84/100
|
|-damage|p2a: Raging Bolt|8/100 brn|[from] brn
|upkeep
|turn|17
|
|t:|1779943387
|move|p2a: Raging Bolt|Thunderclap|p1a: Metagross
|-damage|p1a: Metagross|54/100
|move|p1a: Metagross|Bullet Punch|p2a: Raging Bolt
|-resisted|p2a: Raging Bolt
|-damage|p2a: Raging Bolt|0 fnt
|faint|p2a: Raging Bolt
|-end|p2a: Raging Bolt|Protosynthesis|[silent]
|
|upkeep
|
|t:|1779943395
|switch|p2a: Zamazenta|Zamazenta|100/100
|turn|18
|inactive|maximilk has 120 seconds left.
|
|t:|1779943435
|move|p1a: Metagross|Bullet Punch|p2a: Zamazenta
|-damage|p2a: Zamazenta|79/100
|move|p2a: Zamazenta|Close Combat|p1a: Metagross
|-damage|p1a: Metagross|0 fnt
|-unboost|p2a: Zamazenta|def|1
|-unboost|p2a: Zamazenta|spd|1
|faint|p1a: Metagross
|
|upkeep
|
|t:|1779943447
|switch|p1a: Hydrapple|Hydrapple, F|35/100
|turn|19
|
|t:|1779943463
|switch|p1a: Alomomola|Alomomola, M|83/100
|move|p2a: Zamazenta|Close Combat|p1a: Alomomola
|-damage|p1a: Alomomola|34/100
|-unboost|p2a: Zamazenta|def|1
|-unboost|p2a: Zamazenta|spd|1
|
|upkeep
|turn|20
|
|t:|1779943469
|move|p1a: Alomomola|Protect|p1a: Alomomola
|-singleturn|p1a: Alomomola|Protect
|move|p2a: Zamazenta|Close Combat|p1a: Alomomola
|-activate|p1a: Alomomola|move: Protect
|
|upkeep
|turn|21
|
|t:|1779943473
|switch|p1a: Dragonite|Dragonite, M|100/100
|move|p2a: Zamazenta|Close Combat|p1a: Dragonite
|-resisted|p1a: Dragonite
|-damage|p1a: Dragonite|76/100
|-unboost|p2a: Zamazenta|def|1
|-unboost|p2a: Zamazenta|spd|1
|
|upkeep
|turn|22
|
|t:|1779943481
|switch|p2a: Corviknight|Corviknight, M|92/100
|-ability|p2a: Corviknight|Pressure
|move|p1a: Dragonite|Roost|p1a: Dragonite
|-heal|p1a: Dragonite|100/100
|-singleturn|p1a: Dragonite|move: Roost
|
|upkeep
|turn|23
|
|t:|1779943488
|switch|p1a: Alomomola|Alomomola, M|34/100
|move|p2a: Corviknight|U-turn|p1a: Alomomola
|-damage|p1a: Alomomola|25/100
|
|t:|1779943490
|switch|p2a: Meowscarada|Meowscarada, F|52/100|[from] U-turn
|
|upkeep
|turn|24
|
|t:|1779943503
|move|p1a: Alomomola|Protect|p1a: Alomomola
|-singleturn|p1a: Alomomola|Protect
|move|p2a: Meowscarada|Knock Off|p1a: Alomomola
|-start|p2a: Meowscarada|typechange|Dark|[from] ability: Protean
|-activate|p1a: Alomomola|move: Protect
|
|upkeep
|turn|25
|
|t:|1779943519
|move|p2a: Meowscarada|Knock Off|p1a: Alomomola
|-damage|p1a: Alomomola|0 fnt
|-enditem|p1a: Alomomola|Heavy-Duty Boots|[from] move: Knock Off|[of] p2a: Meowscarada
|faint|p1a: Alomomola
|-damage|p2a: Meowscarada|42/100|[from] item: Life Orb
|
|upkeep
|
|t:|1779943524
|switch|p1a: Dragonite|Dragonite, M|100/100
|turn|26
|
|t:|1779943531
|move|p1a: Dragonite|Extreme Speed|p2a: Meowscarada
|-damage|p2a: Meowscarada|0 fnt
|faint|p2a: Meowscarada
|
|upkeep
|
|t:|1779943535
|switch|p2a: Corviknight|Corviknight, M|92/100
|-ability|p2a: Corviknight|Pressure
|turn|27
|
|t:|1779943551
|switch|p1a: Ting-Lu|Ting-Lu|16/100
|-ability|p1a: Ting-Lu|Vessel of Ruin
|move|p2a: Corviknight|Brave Bird|p1a: Ting-Lu
|-damage|p1a: Ting-Lu|0 fnt
|faint|p1a: Ting-Lu
|-damage|p2a: Corviknight|85/100|[from] Recoil
|
|upkeep
|
|t:|1779943554
|switch|p1a: Hydrapple|Hydrapple, F|69/100
|turn|28
|
|t:|1779943563
|switch|p1a: Cinderace|Cinderace, F|69/100
|move|p2a: Corviknight|Brave Bird|p1a: Cinderace
|-damage|p1a: Cinderace|20/100
|-damage|p2a: Corviknight|73/100|[from] Recoil
|
|upkeep
|turn|29
|
|t:|1779943570
|switch|p2a: Slowking|Slowking-Galar, F|100/100
|move|p1a: Cinderace|Pyro Ball|p2a: Slowking|[miss]
|-miss|p1a: Cinderace|p2a: Slowking
|
|upkeep
|turn|30
|
|t:|1779943582
|switch|p1a: Hydrapple|Hydrapple, F|100/100
|move|p2a: Slowking|Sludge Bomb|p1a: Hydrapple
|-supereffective|p1a: Hydrapple
|-damage|p1a: Hydrapple|38/100
|
|upkeep
|turn|31
|
|t:|1779943592
|move|p1a: Hydrapple|Fickle Beam|p2a: Slowking
|-damage|p2a: Slowking|68/100
|-damage|p1a: Hydrapple|28/100|[from] item: Life Orb
|move|p2a: Slowking|Sludge Bomb|p1a: Hydrapple
|-supereffective|p1a: Hydrapple
|-damage|p1a: Hydrapple|0 fnt
|faint|p1a: Hydrapple
|
|upkeep
|
|t:|1779943595
|switch|p1a: Dragonite|Dragonite, M|100/100
|turn|32
|
|t:|1779943599
|switch|p2a: Corviknight|Corviknight, M|73/100
|-ability|p2a: Corviknight|Pressure
|move|p1a: Dragonite|Dragon Dance|p1a: Dragonite
|-boost|p1a: Dragonite|atk|1
|-boost|p1a: Dragonite|spe|1
|
|upkeep
|turn|33
|
|t:|1779943605
|move|p1a: Dragonite|Dragon Dance|p1a: Dragonite
|-boost|p1a: Dragonite|atk|1
|-boost|p1a: Dragonite|spe|1
|move|p2a: Corviknight|U-turn|p1a: Dragonite
|-resisted|p1a: Dragonite
|-damage|p1a: Dragonite|97/100
|
|t:|1779943608
|switch|p2a: Zamazenta|Zamazenta|79/100|[from] U-turn
|
|upkeep
|turn|34
|
|t:|1779943617
|move|p1a: Dragonite|Roost|p1a: Dragonite
|-heal|p1a: Dragonite|100/100
|-singleturn|p1a: Dragonite|move: Roost
|move|p2a: Zamazenta|Stone Edge|p1a: Dragonite
|-damage|p1a: Dragonite|78/100
|
|upkeep
|turn|35
|
|t:|1779943623
|move|p1a: Dragonite|Roost|p1a: Dragonite
|-heal|p1a: Dragonite|100/100
|-singleturn|p1a: Dragonite|move: Roost
|move|p2a: Zamazenta|Stone Edge|p1a: Dragonite
|-damage|p1a: Dragonite|78/100
|
|upkeep
|turn|36
|
|t:|1779943632
|move|p1a: Dragonite|Roost|p1a: Dragonite
|-heal|p1a: Dragonite|100/100
|-singleturn|p1a: Dragonite|move: Roost
|move|p2a: Zamazenta|Stone Edge|p1a: Dragonite
|-damage|p1a: Dragonite|78/100
|
|upkeep
|turn|37
|
|t:|1779943638
|move|p1a: Dragonite|Earthquake|p2a: Zamazenta
|-damage|p2a: Zamazenta|16/100
|move|p2a: Zamazenta|Stone Edge|p1a: Dragonite
|-supereffective|p1a: Dragonite
|-damage|p1a: Dragonite|0 fnt
|faint|p1a: Dragonite
|
|upkeep
|
|t:|1779943647
|switch|p1a: Cinderace|Cinderace, F|20/100
|turn|38
|-message|maximilk forfeited.
|
|win|bsmcreeper
|raw|maximilk's rating: 1548 &rarr; <strong>1527</strong><br />(-21 for losing)
|raw|bsmcreeper's rating: 1525 &rarr; <strong>1546</strong><br />(+21 for winning)
|l|☆maximilk
|player|p1|
|l|☆bsmcreeper
|player|p2|
