|j|☆FearedStriker
|j|☆Lnxy16
|t:|1779967472
|gametype|singles
|player|p1|FearedStriker|ltsurge|1118
|player|p2|Lnxy16|1|1073
|gen|9
|tier|[Gen 9] OU
|rated|
|rule|HP Percentage Mod: HP is shown in percentages
|rule|Endless Battle Clause: Forcing endless battles is banned
|rule|Species Clause: Limit one of each Pokémon
|rule|OHKO Clause: OHKO moves are banned
|rule|Evasion Items Clause: Evasion items are banned
|rule|Evasion Moves Clause: Evasion moves are banned
|rule|Evasion Abilities Clause: Evasion abilities are banned
|rule|Sleep Moves Clause: Sleep-inducing moves are banned
|clearpoke
|poke|p1|Weavile, M|
|poke|p1|Inteleon, M|
|poke|p1|Blaziken, M|
|poke|p1|Landorus-Therian, M|
|poke|p1|Leafeon, F|
|poke|p1|Goodra, F|
|poke|p2|Incineroar, F|
|poke|p2|Ninetales, F|
|poke|p2|Houndoom, M|
|poke|p2|Dragonite, F|
|poke|p2|Coalossal, F|
|poke|p2|Arcanine, M|
|teampreview
|inactive|Battle timer is ON: inactive players will automatically lose when time's up. (requested by FearedStriker)
|
|t:|1779967481
|teamsize|p1|6
|teamsize|p2|6
|start
|switch|p1a: Inteleon|Inteleon, M|100/100
|switch|p2a: Ninetales|Ninetales, F|100/100
|-weather|SunnyDay|[from] ability: Drought|[of] p2a: Ninetales
|turn|1
|
|t:|1779967489
|move|p1a: Inteleon|Snipe Shot|p2a: Ninetales
|-supereffective|p2a: Ninetales
|-damage|p2a: Ninetales|40/100
|-damage|p1a: Inteleon|91/100|[from] item: Life Orb
|move|p2a: Ninetales|Solar Beam||[still]
|-prepare|p2a: Ninetales|Solar Beam
|-anim|p2a: Ninetales|Solar Beam|p1a: Inteleon
|-supereffective|p1a: Inteleon
|-damage|p1a: Inteleon|0 fnt
|faint|p1a: Inteleon
|
|-weather|SunnyDay|[upkeep]
|upkeep
|
|t:|1779967500
|switch|p1a: Landorus|Landorus-Therian, M, shiny|100/100
|-ability|p1a: Landorus|Intimidate|boost
|-unboost|p2a: Ninetales|atk|1
|turn|2
|
|t:|1779967510
|switch|p2a: Big Chungus|Coalossal, F|100/100
|move|p1a: Landorus|Stealth Rock|p2a: Big Chungus
|-sidestart|p2: Lnxy16|move: Stealth Rock
|
|-weather|SunnyDay|[upkeep]
|upkeep
|turn|3
|
|t:|1779967524
|-terastallize|p2a: Big Chungus|Normal
|move|p1a: Landorus|Earthquake|p2a: Big Chungus
|-damage|p2a: Big Chungus|60/100
|move|p2a: Big Chungus|Explosion|p1a: Landorus
|-damage|p1a: Landorus|0 fnt
|faint|p2a: Big Chungus
|faint|p1a: Landorus
|
|-weather|SunnyDay|[upkeep]
|upkeep
|
|t:|1779967540
|switch|p1a: Leafeon|Leafeon, F|100/100
|switch|p2a: Dragonite|Dragonite, F, shiny|100/100
|-damage|p2a: Dragonite|76/100|[from] Stealth Rock
|turn|4
|
|t:|1779967552
|move|p1a: Leafeon|Knock Off|p2a: Dragonite
|-damage|p2a: Dragonite|42/100
|-enditem|p2a: Dragonite|Blunder Policy|[from] move: Knock Off|[of] p1a: Leafeon
|move|p2a: Dragonite|Dragon Dance|p2a: Dragonite
|-boost|p2a: Dragonite|atk|1
|-boost|p2a: Dragonite|spe|1
|
|-weather|SunnyDay|[upkeep]
|upkeep
|turn|5
|
|t:|1779967567
|move|p1a: Leafeon|Sand Attack|p2a: Dragonite
|-unboost|p2a: Dragonite|accuracy|1
|move|p2a: Dragonite|Fire Punch|p1a: Leafeon|[miss]
|-miss|p2a: Dragonite|p1a: Leafeon
|
|-weather|SunnyDay|[upkeep]
|upkeep
|turn|6
|
|t:|1779967576
|move|p1a: Leafeon|Sand Attack|p2a: Dragonite
|-unboost|p2a: Dragonite|accuracy|1
|move|p2a: Dragonite|Dragon Rush|p1a: Leafeon
|-damage|p1a: Leafeon|16/100
|
|-weather|SunnyDay|[upkeep]
|-heal|p1a: Leafeon|22/100|[from] item: Leftovers
|upkeep
|turn|7
|
|t:|1779967588
|move|p1a: Leafeon|Sand Attack|p2a: Dragonite
|-unboost|p2a: Dragonite|accuracy|1
|move|p2a: Dragonite|Fire Punch|p1a: Leafeon
|-supereffective|p1a: Leafeon
|-damage|p1a: Leafeon|0 fnt
|faint|p1a: Leafeon
|
|-weather|SunnyDay|[upkeep]
|upkeep
|
|t:|1779967596
|switch|p1a: Weavile|Weavile, M|100/100
|turn|8
|
|t:|1779967600
|move|p2a: Dragonite|Fire Punch|p1a: Weavile|[miss]
|-miss|p2a: Dragonite|p1a: Weavile
|move|p1a: Weavile|Swords Dance|p1a: Weavile
|-boost|p1a: Weavile|atk|2
|
|-weather|none
|upkeep
|turn|9
|
|t:|1779967619
|move|p2a: Dragonite|Fire Punch|p1a: Weavile|[miss]
|-miss|p2a: Dragonite|p1a: Weavile
|move|p1a: Weavile|Swords Dance|p1a: Weavile
|-boost|p1a: Weavile|atk|2
|
|upkeep
|turn|10
|
|t:|1779967630
|move|p2a: Dragonite|Fire Punch|p1a: Weavile|[miss]
|-miss|p2a: Dragonite|p1a: Weavile
|move|p1a: Weavile|Swords Dance|p1a: Weavile
|-boost|p1a: Weavile|atk|2
|
|upkeep
|turn|11
|
|t:|1779967636
|move|p1a: Weavile|Ice Shard|p2a: Dragonite
|-supereffective|p2a: Dragonite
|-damage|p2a: Dragonite|0 fnt
|faint|p2a: Dragonite
|
|upkeep
|
|t:|1779967641
|switch|p2a: Ninetales|Ninetales, F|40/100
|-damage|p2a: Ninetales|15/100|[from] Stealth Rock
|-weather|SunnyDay|[from] ability: Drought|[of] p2a: Ninetales
|turn|12
|
|t:|1779967650
|move|p1a: Weavile|Beat Up|p2a: Ninetales
|-damage|p2a: Ninetales|0 fnt
|faint|p2a: Ninetales
|-hitcount|p2: Ninetales|1
|
|-weather|SunnyDay|[upkeep]
|upkeep
|
|t:|1779967656
|switch|p2a: Hopscotch|Arcanine, M|100/100
|-damage|p2a: Hopscotch|76/100|[from] Stealth Rock
|-ability|p2a: Hopscotch|Intimidate|boost
|-unboost|p1a: Weavile|atk|1
|turn|13
|
|t:|1779967665
|move|p1a: Weavile|Beat Up|p2a: Hopscotch
|-damage|p2a: Hopscotch|33/100
|-damage|p2a: Hopscotch|0 fnt
|faint|p2a: Hopscotch
|-hitcount|p2: Hopscotch|2
|
|-weather|SunnyDay|[upkeep]
|upkeep
|
|t:|1779967674
|switch|p2a: Honky Cat|Incineroar, F|100/100
|-damage|p2a: Honky Cat|76/100|[from] Stealth Rock
|-ability|p2a: Honky Cat|Intimidate|boost
|-unboost|p1a: Weavile|atk|1
|turn|14
|
|t:|1779967685
|move|p1a: Weavile|Beat Up|p2a: Honky Cat
|-resisted|p2a: Honky Cat
|-damage|p2a: Honky Cat|64/100
|-resisted|p2a: Honky Cat
|-damage|p2a: Honky Cat|52/100
|-resisted|p2a: Honky Cat
|-damage|p2a: Honky Cat|42/100
|-hitcount|p2a: Honky Cat|3
|move|p2a: Honky Cat|Drain Punch|p1a: Weavile
|-supereffective|p1a: Weavile
|-enditem|p1a: Weavile|Focus Sash
|-damage|p1a: Weavile|1/100
|-heal|p2a: Honky Cat|77/100|[from] drain|[of] p1a: Weavile
|-enditem|p2a: Honky Cat|Leftovers|[silent]|[from] ability: Pickpocket|[of] p2a: Honky Cat
|-item|p1a: Weavile|Leftovers|[from] ability: Pickpocket|[of] p2a: Honky Cat
|
|-weather|SunnyDay|[upkeep]
|-heal|p1a: Weavile|7/100|[from] item: Leftovers
|upkeep
|turn|15
|
|t:|1779967707
|move|p1a: Weavile|Triple Axel|p2a: Honky Cat
|-resisted|p2a: Honky Cat
|-damage|p2a: Honky Cat|63/100
|-resisted|p2a: Honky Cat
|-damage|p2a: Honky Cat|35/100
|-resisted|p2a: Honky Cat
|-damage|p2a: Honky Cat|0 fnt
|faint|p2a: Honky Cat
|-hitcount|p2: Honky Cat|3
|
|-weather|SunnyDay|[upkeep]
|-heal|p1a: Weavile|13/100|[from] item: Leftovers
|upkeep
|
|t:|1779967717
|switch|p2a: Houndoom|Houndoom, M|100/100
|-damage|p2a: Houndoom|76/100|[from] Stealth Rock
|turn|16
|
|t:|1779967743
|move|p1a: Weavile|Triple Axel|p2a: Houndoom
|-resisted|p2a: Houndoom
|-damage|p2a: Houndoom|44/100
|-resisted|p2a: Houndoom
|-damage|p2a: Houndoom|0 fnt
|faint|p2a: Houndoom
|-hitcount|p2: Houndoom|2
|
|win|FearedStriker
|raw|FearedStriker's rating: 1118 &rarr; <strong>1141</strong><br />(+23 for winning)
|raw|Lnxy16's rating: 1097 &rarr; <strong>1074</strong><br />(-23 for losing)
|c|☆Lnxy16|gotta go fast
|l|☆Lnxy16
|player|p2|
|l|☆FearedStriker
|player|p1|
