|j|☆i ♡ pecharunt
|j|☆Makumba800
|t:|1779849683
|gametype|singles
|player|p1|i ♡ pecharunt|swimmer-gen4|1134
|player|p2|Makumba800|flint|1142
|gen|9
|tier|[Gen 9] OU
|rated|
|rule|HP Percentage Mod: HP is shown in percentages
|rule|Endless Battle Clause: Forcing endless battles is banned
|rule|Species Clause: Limit one of each Pokémon
|rule|OHKO Clause: OHKO moves are banned
|rule|Evasion Items Clause: Evasion items are banned
|rule|Evasion Moves Clause: Evasion moves are banned
|rule|Evasion Abilities Clause: Evasion abilities are banned
|rule|Sleep Moves Clause: Sleep-inducing moves are banned
|clearpoke
|poke|p1|Zamazenta-*|
|poke|p1|Gholdengo|
|poke|p1|Darkrai|
|poke|p1|Great Tusk|
|poke|p1|Alomomola, M|
|poke|p1|Kingambit, F|
|poke|p2|Samurott, M|
|poke|p2|Tentacruel, M|
|poke|p2|Floatzel, M|
|poke|p2|Whiscash, F|
|poke|p2|Pelipper, F|
|poke|p2|Blastoise, F|
|teampreview
|inactive|Battle timer is ON: inactive players will automatically lose when time's up. (requested by i ♡ pecharunt)
|
|t:|1779849701
|teamsize|p1|6
|teamsize|p2|6
|start
|switch|p1a: Zamazenta|Zamazenta|100/100
|switch|p2a: Soy el pajaro|Pelipper, F|100/100
|-ability|p1a: Zamazenta|Dauntless Shield|boost
|-boost|p1a: Zamazenta|def|1
|-weather|RainDance|[from] ability: Drizzle|[of] p2a: Soy el pajaro
|turn|1
|
|t:|1779849710
|move|p1a: Zamazenta|Light Screen|p1a: Zamazenta
|-sidestart|p1: i ♡ pecharunt|move: Light Screen
|move|p2a: Soy el pajaro|Hurricane|p1a: Zamazenta
|-supereffective|p1a: Zamazenta
|-damage|p1a: Zamazenta|69/100
|-start|p1a: Zamazenta|confusion
|
|-weather|RainDance|[upkeep]
|upkeep
|turn|2
|
|t:|1779849726
|switch|p2a: Blastoise|Blastoise, F|100/100
|-activate|p1a: Zamazenta|confusion
|move|p1a: Zamazenta|Reflect|p1a: Zamazenta
|-sidestart|p1: i ♡ pecharunt|Reflect
|
|-weather|RainDance|[upkeep]
|upkeep
|turn|3
|
|t:|1779849741
|switch|p1a: Gholdengo|Gholdengo|100/100
|-item|p1a: Gholdengo|Air Balloon
|move|p2a: Blastoise|Shell Smash|p2a: Blastoise
|-unboost|p2a: Blastoise|def|1
|-unboost|p2a: Blastoise|spd|1
|-boost|p2a: Blastoise|atk|2
|-boost|p2a: Blastoise|spa|2
|-boost|p2a: Blastoise|spe|2
|
|-weather|RainDance|[upkeep]
|upkeep
|turn|4
|
|t:|1779849753
|move|p2a: Blastoise|Hydro Cannon|p1a: Gholdengo
|-damage|p1a: Gholdengo|14/100
|-mustrecharge|p2a: Blastoise
|-enditem|p1a: Gholdengo|Air Balloon
|move|p1a: Gholdengo|Nasty Plot|p1a: Gholdengo
|-boost|p1a: Gholdengo|spa|2
|
|-weather|RainDance|[upkeep]
|upkeep
|turn|5
|
|t:|1779849761
|cant|p2a: Blastoise|recharge
|move|p1a: Gholdengo|Recover|p1a: Gholdengo
|-heal|p1a: Gholdengo|64/100
|
|-weather|none
|upkeep
|turn|6
|
|t:|1779849767
|move|p2a: Blastoise|Hydro Cannon|p1a: Gholdengo
|-damage|p1a: Gholdengo|2/100
|-mustrecharge|p2a: Blastoise
|move|p1a: Gholdengo|Shadow Ball|p2a: Blastoise
|-damage|p2a: Blastoise|0 fnt
|faint|p2a: Blastoise
|
|upkeep
|
|t:|1779849775
|switch|p2a: Soy el pajaro|Pelipper, F|100/100
|-weather|RainDance|[from] ability: Drizzle|[of] p2a: Soy el pajaro
|turn|7
|
|t:|1779849783
|switch|p1a: Alomomola|Alomomola, M|100/100
|move|p2a: Soy el pajaro|U-turn|p1a: Alomomola
|-damage|p1a: Alomomola|98/100
|
|t:|1779849789
|switch|p2a: Flotadol|Floatzel, M|100/100|[from] U-turn
|
|-weather|RainDance|[upkeep]
|upkeep
|turn|8
|
|t:|1779849797
|move|p2a: Flotadol|Crunch|p1a: Alomomola
|-damage|p1a: Alomomola|91/100
|move|p1a: Alomomola|Wish|p1a: Alomomola
|
|-weather|RainDance|[upkeep]
|-sideend|p1: i ♡ pecharunt|move: Light Screen
|upkeep
|turn|9
|
|t:|1779849809
|move|p2a: Flotadol|Body Slam|p1a: Alomomola
|-damage|p1a: Alomomola|83/100
|-status|p1a: Alomomola|par
|move|p1a: Alomomola|Flip Turn|p2a: Flotadol
|-resisted|p2a: Flotadol
|-damage|p2a: Flotadol|77/100
|
|t:|1779849817
|switch|p1a: Gholdengo|Gholdengo|2/100|[from] Flip Turn
|
|-weather|RainDance|[upkeep]
|-heal|p1a: Gholdengo|73/100|[from] move: Wish|[wisher] Alomomola
|-sideend|p1: i ♡ pecharunt|Reflect
|upkeep
|turn|10
|
|t:|1779849829
|move|p2a: Flotadol|Crunch|p1a: Gholdengo
|-supereffective|p1a: Gholdengo
|-damage|p1a: Gholdengo|34/100
|move|p1a: Gholdengo|Nasty Plot|p1a: Gholdengo
|-boost|p1a: Gholdengo|spa|2
|
|-weather|RainDance|[upkeep]
|upkeep
|turn|11
|
|t:|1779849838
|switch|p1a: Alomomola|Alomomola, M|100/100 par
|move|p2a: Flotadol|Crunch|p1a: Alomomola
|-damage|p1a: Alomomola|86/100 par
|
|-weather|none
|upkeep
|turn|12
|
|t:|1779849845
|switch|p2a: Soy el pajaro|Pelipper, F|100/100
|-weather|RainDance|[from] ability: Drizzle|[of] p2a: Soy el pajaro
|move|p1a: Alomomola|Wish|p1a: Alomomola
|
|-weather|RainDance|[upkeep]
|upkeep
|turn|13
|
|t:|1779849852
|switch|p2a: Flotadol|Floatzel, M|77/100
|move|p1a: Alomomola|Flip Turn|p2a: Flotadol
|-resisted|p2a: Flotadol
|-damage|p2a: Flotadol|54/100
|
|t:|1779849865
|switch|p1a: Gholdengo|Gholdengo|34/100|[from] Flip Turn
|
|-weather|RainDance|[upkeep]
|-heal|p1a: Gholdengo|100/100|[from] move: Wish|[wisher] Alomomola
|upkeep
|turn|14
|
|t:|1779849894
|switch|p1a: Zamazenta|Zamazenta|69/100
|move|p2a: Flotadol|Crunch|p1a: Zamazenta
|-resisted|p1a: Zamazenta
|-damage|p1a: Zamazenta|60/100
|
|-weather|RainDance|[upkeep]
|upkeep
|turn|15
|
|t:|1779849906
|move|p2a: Flotadol|Body Slam|p1a: Zamazenta
|-damage|p1a: Zamazenta|43/100
|-status|p1a: Zamazenta|par
|cant|p1a: Zamazenta|par
|
|-weather|RainDance|[upkeep]
|upkeep
|turn|16
|
|t:|1779849918
|move|p2a: Flotadol|Body Slam|p1a: Zamazenta
|-damage|p1a: Zamazenta|25/100 par
|move|p1a: Zamazenta|Reflect|p1a: Zamazenta
|-sidestart|p1: i ♡ pecharunt|Reflect
|
|-weather|none
|upkeep
|turn|17
|inactive|i ♡ pecharunt has 120 seconds left.
|
|t:|1779849950
|switch|p1a: Gholdengo|Gholdengo|100/100
|move|p2a: Flotadol|Body Slam|p1a: Gholdengo
|-immune|p1a: Gholdengo
|
|upkeep
|turn|18
|
|t:|1779849957
|-terastallize|p1a: Gholdengo|Fairy
|move|p2a: Flotadol|Crunch|p1a: Gholdengo
|-resisted|p1a: Gholdengo
|-damage|p1a: Gholdengo|95/100
|move|p1a: Gholdengo|Nasty Plot|p1a: Gholdengo
|-boost|p1a: Gholdengo|spa|2
|
|upkeep
|turn|19
|
|t:|1779849966
|switch|p2a: Soy el pajaro|Pelipper, F|100/100
|-weather|RainDance|[from] ability: Drizzle|[of] p2a: Soy el pajaro
|move|p1a: Gholdengo|Shadow Ball|p2a: Soy el pajaro
|-damage|p2a: Soy el pajaro|6/100
|
|-weather|RainDance|[upkeep]
|upkeep
|turn|20
|
|t:|1779849977
|switch|p2a: Tentacruel|Tentacruel, M|100/100
|move|p1a: Gholdengo|Shadow Ball|p2a: Tentacruel
|-damage|p2a: Tentacruel|38/100
|
|-weather|RainDance|[upkeep]
|upkeep
|turn|21
|
|t:|1779849987
|move|p2a: Tentacruel|Gunk Shot|p1a: Gholdengo
|-supereffective|p1a: Gholdengo
|-crit|p1a: Gholdengo
|-damage|p1a: Gholdengo|13/100
|-status|p1a: Gholdengo|psn
|move|p1a: Gholdengo|Shadow Ball|p2a: Tentacruel
|-damage|p2a: Tentacruel|0 fnt
|faint|p2a: Tentacruel
|
|-weather|RainDance|[upkeep]
|-damage|p1a: Gholdengo|0 fnt|[from] psn
|faint|p1a: Gholdengo
|upkeep
|
|t:|1779850002
|switch|p2a: Samurairoto|Samurott, M|100/100
|switch|p1a: Kingambit|Kingambit, F|100/100
|-activate|p1a: Kingambit|ability: Supreme Overlord
|-start|p1a: Kingambit|fallen1|[silent]
|turn|22
|
|t:|1779850010
|-end|p1a: Kingambit|fallen1|[silent]
|switch|p1a: Alomomola|Alomomola, M|100/100 par
|move|p2a: Samurairoto|Drill Run|p1a: Alomomola
|-damage|p1a: Alomomola|96/100 par
|
|-weather|RainDance|[upkeep]
|upkeep
|turn|23
|
|t:|1779850031
|switch|p2a: Soy la mujer|Whiscash, F|100/100
|move|p1a: Alomomola|Wish|p1a: Alomomola
|
|-weather|none
|-sideend|p1: i ♡ pecharunt|Reflect
|upkeep
|turn|24
|
|t:|1779850036
|move|p2a: Soy la mujer|Stealth Rock|p1a: Alomomola
|-sidestart|p1: i ♡ pecharunt|move: Stealth Rock
|move|p1a: Alomomola|Flip Turn|p2a: Soy la mujer
|-damage|p2a: Soy la mujer|90/100
|-damage|p1a: Alomomola|79/100 par|[from] item: Rocky Helmet|[of] p2a: Soy la mujer
|
|t:|1779850040
|switch|p1a: Zamazenta|Zamazenta|25/100 par|[from] Flip Turn
|-damage|p1a: Zamazenta|19/100 par|[from] Stealth Rock
|
|-heal|p1a: Zamazenta|95/100 par|[from] move: Wish|[wisher] Alomomola
|upkeep
|turn|25
|
|t:|1779850051
|move|p1a: Zamazenta|Body Press|p2a: Soy la mujer
|-damage|p2a: Soy la mujer|60/100
|-damage|p1a: Zamazenta|79/100 par|[from] item: Rocky Helmet|[of] p2a: Soy la mujer
|move|p2a: Soy la mujer|Stealth Rock||[still]
|-fail|p2a: Soy la mujer
|
|upkeep
|turn|26
|
|t:|1779850059
|move|p1a: Zamazenta|Body Press|p2a: Soy la mujer
|-damage|p2a: Soy la mujer|28/100
|-damage|p1a: Zamazenta|62/100 par|[from] item: Rocky Helmet|[of] p2a: Soy la mujer
|move|p2a: Soy la mujer|Rest|p2a: Soy la mujer
|-status|p2a: Soy la mujer|slp|[from] move: Rest
|-heal|p2a: Soy la mujer|100/100 slp|[silent]
|
|upkeep
|turn|27
|
|t:|1779850070
|switch|p2a: Soy el pajaro|Pelipper, F|6/100
|-weather|RainDance|[from] ability: Drizzle|[of] p2a: Soy el pajaro
|move|p1a: Zamazenta|Reflect|p1a: Zamazenta
|-sidestart|p1: i ♡ pecharunt|Reflect
|
|-weather|RainDance|[upkeep]
|upkeep
|turn|28
|
|t:|1779850077
|switch|p2a: Flotadol|Floatzel, M|54/100
|cant|p1a: Zamazenta|par
|
|-weather|RainDance|[upkeep]
|upkeep
|turn|29
|
|t:|1779850085
|switch|p1a: Alomomola|Alomomola, M|100/100 par
|move|p2a: Flotadol|Waterfall|p1a: Alomomola
|-resisted|p1a: Alomomola
|-damage|p1a: Alomomola|93/100 par
|
|-weather|RainDance|[upkeep]
|upkeep
|turn|30
|
|t:|1779850096
|switch|p2a: Samurairoto|Samurott, M|100/100
|move|p1a: Alomomola|Protect||[still]
|-fail|p1a: Alomomola
|
|-weather|RainDance|[upkeep]
|upkeep
|turn|31
|
|t:|1779850105
|move|p2a: Samurairoto|Drill Run|p1a: Alomomola|[miss]
|-miss|p2a: Samurairoto|p1a: Alomomola
|move|p1a: Alomomola|Wish|p1a: Alomomola
|
|-weather|none
|upkeep
|turn|32
|
|t:|1779850116
|move|p2a: Samurairoto|Drill Run|p1a: Alomomola
|-damage|p1a: Alomomola|88/100 par
|move|p1a: Alomomola|Flip Turn|p2a: Samurairoto
|-resisted|p2a: Samurairoto
|-damage|p2a: Samurairoto|93/100
|
|t:|1779850122
|switch|p1a: Great Tusk|Great Tusk|100/100|[from] Flip Turn
|-damage|p1a: Great Tusk|98/100|[from] Stealth Rock
|-enditem|p1a: Great Tusk|Booster Energy
|-activate|p1a: Great Tusk|ability: Protosynthesis|[fromitem]
|-start|p1a: Great Tusk|protosynthesisspe
|
|-heal|p1a: Great Tusk|100/100|[from] move: Wish|[wisher] Alomomola
|upkeep
|turn|33
|
|t:|1779850134
|move|p1a: Great Tusk|Bulk Up|p1a: Great Tusk
|-boost|p1a: Great Tusk|atk|1
|-boost|p1a: Great Tusk|def|1
|move|p2a: Samurairoto|Hydro Pump|p1a: Great Tusk
|-supereffective|p1a: Great Tusk
|-damage|p1a: Great Tusk|0 fnt
|faint|p1a: Great Tusk
|-end|p1a: Great Tusk|Protosynthesis|[silent]
|
|upkeep
|
|t:|1779850141
|switch|p1a: Kingambit|Kingambit, F|100/100
|-damage|p1a: Kingambit|94/100|[from] Stealth Rock
|-activate|p1a: Kingambit|ability: Supreme Overlord
|-start|p1a: Kingambit|fallen2|[silent]
|turn|34
|
|t:|1779850148
|switch|p2a: Soy el pajaro|Pelipper, F|6/100
|-weather|RainDance|[from] ability: Drizzle|[of] p2a: Soy el pajaro
|move|p1a: Kingambit|Sucker Punch||[still]
|-fail|p1a: Kingambit
|
|-weather|RainDance|[upkeep]
|-heal|p1a: Kingambit|100/100|[from] item: Leftovers
|-sideend|p1: i ♡ pecharunt|Reflect
|upkeep
|turn|35
|
|t:|1779850158
|move|p1a: Kingambit|Swords Dance|p1a: Kingambit
|-boost|p1a: Kingambit|atk|2
|move|p2a: Soy el pajaro|Tailwind|p2a: Soy el pajaro
|-sidestart|p2: Makumba800|move: Tailwind
|
|-weather|RainDance|[upkeep]
|upkeep
|turn|36
|
|t:|1779850165
|switch|p2a: Samurairoto|Samurott, M|93/100
|move|p1a: Kingambit|Swords Dance|p1a: Kingambit
|-boost|p1a: Kingambit|atk|2
|
|-weather|RainDance|[upkeep]
|upkeep
|turn|37
|
|t:|1779850179
|move|p2a: Samurairoto|Drill Run|p1a: Kingambit
|-supereffective|p1a: Kingambit
|-damage|p1a: Kingambit|59/100
|move|p1a: Kingambit|Low Kick|p2a: Samurairoto
|-damage|p2a: Samurairoto|0 fnt
|faint|p2a: Samurairoto
|
|-weather|RainDance|[upkeep]
|-heal|p1a: Kingambit|65/100|[from] item: Leftovers
|upkeep
|
|t:|1779850188
|switch|p2a: Soy el pajaro|Pelipper, F|6/100
|turn|38
|
|t:|1779850197
|move|p2a: Soy el pajaro|Hurricane|p1a: Kingambit
|-resisted|p1a: Kingambit
|-damage|p1a: Kingambit|43/100
|move|p1a: Kingambit|Low Kick|p2a: Soy el pajaro
|-resisted|p2a: Soy el pajaro
|-crit|p2a: Soy el pajaro
|-damage|p2a: Soy el pajaro|0 fnt
|-damage|p1a: Kingambit|27/100|[from] item: Rocky Helmet|[of] p2a: Soy el pajaro
|faint|p2a: Soy el pajaro
|
|-weather|none
|-heal|p1a: Kingambit|33/100|[from] item: Leftovers
|-sideend|p2: Makumba800|move: Tailwind
|upkeep
|
|t:|1779850207
|switch|p2a: Flotadol|Floatzel, M|54/100
|turn|39
|
|t:|1779850213
|move|p1a: Kingambit|Sucker Punch|p2a: Flotadol
|-damage|p2a: Flotadol|0 fnt
|faint|p2a: Flotadol
|
|-heal|p1a: Kingambit|39/100|[from] item: Leftovers
|upkeep
|
|t:|1779850218
|switch|p2a: Soy la mujer|Whiscash, F|100/100 slp
|turn|40
|-message|Makumba800 forfeited.
|
|win|i ♡ pecharunt
|raw|i ♡ pecharunt's rating: 1134 &rarr; <strong>1160</strong><br />(+26 for winning)
|raw|Makumba800's rating: 1142 &rarr; <strong>1116</strong><br />(-26 for losing)
|l|☆Makumba800
|player|p2|
|l|☆i ♡ pecharunt
|player|p1|
