|j|☆carpetmuncher45
|j|☆claudechamp
|t:|1779890399
|gametype|singles
|player|p1|carpetmuncher45|battlegirl-gen4|1297
|player|p2|claudechamp|169|1281
|gen|9
|tier|[Gen 9] OU
|rated|
|rule|HP Percentage Mod: HP is shown in percentages
|rule|Endless Battle Clause: Forcing endless battles is banned
|rule|Species Clause: Limit one of each Pokémon
|rule|OHKO Clause: OHKO moves are banned
|rule|Evasion Items Clause: Evasion items are banned
|rule|Evasion Moves Clause: Evasion moves are banned
|rule|Evasion Abilities Clause: Evasion abilities are banned
|rule|Sleep Moves Clause: Sleep-inducing moves are banned
|clearpoke
|poke|p1|Umbreon, F|
|poke|p1|Gliscor, F|
|poke|p1|Zapdos|
|poke|p1|Pecharunt|
|poke|p1|Heatran, M|
|poke|p1|Walking Wake|
|poke|p2|Gliscor, F|
|poke|p2|Ogerpon, F|
|poke|p2|Walking Wake|
|poke|p2|Blissey, F|
|poke|p2|Corviknight, F|
|poke|p2|Pecharunt|
|teampreview
|c|☆claudechamp|hf
|inactive|Battle timer is ON: inactive players will automatically lose when time's up. (requested by claudechamp)
|
|t:|1779890408
|teamsize|p1|6
|teamsize|p2|6
|start
|switch|p1a: Walking Wake|Walking Wake|100/100
|switch|p2a: Gliscor|Gliscor, F|100/100
|turn|1
|
|t:|1779890412
|move|p1a: Walking Wake|Surf|p2a: Gliscor
|-supereffective|p2a: Gliscor
|-crit|p2a: Gliscor
|-damage|p2a: Gliscor|0 fnt
|faint|p2a: Gliscor
|
|upkeep
|
|t:|1779890414
|switch|p2a: Blissey|Blissey, F|100/100
|turn|2
|
|t:|1779890416
|move|p1a: Walking Wake|Knock Off|p2a: Blissey
|-damage|p2a: Blissey|83/100
|-enditem|p2a: Blissey|Heavy-Duty Boots|[from] move: Knock Off|[of] p1a: Walking Wake
|move|p2a: Blissey|Stealth Rock|p1a: Walking Wake
|-sidestart|p1: carpetmuncher45|move: Stealth Rock
|
|upkeep
|turn|3
|
|t:|1779890419
|move|p1a: Walking Wake|Flip Turn|p2a: Blissey
|-damage|p2a: Blissey|67/100
|
|t:|1779890421
|-end|p1a: Walking Wake|Protosynthesis|[silent]
|switch|p1a: Gliscor|Gliscor, F|100/100|[from] Flip Turn
|-damage|p1a: Gliscor|88/100|[from] Stealth Rock
|move|p2a: Blissey|Seismic Toss|p1a: Gliscor
|-damage|p1a: Gliscor|60/100
|
|-status|p1a: Gliscor|tox|[from] item: Toxic Orb
|upkeep
|turn|4
|
|t:|1779890424
|switch|p2a: Walking Wake|Walking Wake|100/100
|move|p1a: Gliscor|Spikes|p2a: Walking Wake
|-sidestart|p2: claudechamp|Spikes
|
|-heal|p1a: Gliscor|72/100 tox|[from] ability: Poison Heal
|upkeep
|turn|5
|
|t:|1779890427
|move|p1a: Gliscor|Protect|p1a: Gliscor
|-singleturn|p1a: Gliscor|Protect
|move|p2a: Walking Wake|Surf|p1a: Gliscor
|-activate|p1a: Gliscor|move: Protect
|
|-heal|p1a: Gliscor|85/100 tox|[from] ability: Poison Heal
|upkeep
|turn|6
|
|t:|1779890430
|switch|p1a: Umbreon|Umbreon, F|100/100
|move|p2a: Walking Wake|Surf|p1a: Umbreon
|-damage|p1a: Umbreon|77/100
|
|upkeep
|turn|7
|
|t:|1779890435
|move|p2a: Walking Wake|Surf|p1a: Umbreon
|-damage|p1a: Umbreon|55/100
|move|p1a: Umbreon|Toxic|p2a: Walking Wake
|-status|p2a: Walking Wake|tox
|
|-damage|p2a: Walking Wake|94/100 tox|[from] psn
|upkeep
|turn|8
|
|t:|1779890437
|move|p2a: Walking Wake|Draco Meteor|p1a: Umbreon
|-damage|p1a: Umbreon|21/100
|-unboost|p2a: Walking Wake|spa|2
|move|p1a: Umbreon|Wish|p1a: Umbreon
|
|-damage|p2a: Walking Wake|82/100 tox|[from] psn
|upkeep
|turn|9
|
|t:|1779890440
|-end|p2a: Walking Wake|Protosynthesis|[silent]
|switch|p2a: Pecharunt|Pecharunt|100/100
|move|p1a: Umbreon|Protect||[still]
|-fail|p1a: Umbreon
|
|-heal|p1a: Umbreon|71/100|[from] move: Wish|[wisher] Umbreon
|upkeep
|turn|10
|
|t:|1779890444
|switch|p1a: Heatran|Heatran, M|100/100
|-damage|p1a: Heatran|88/100|[from] Stealth Rock
|-item|p1a: Heatran|Air Balloon
|move|p2a: Pecharunt|Malignant Chain|p1a: Heatran
|-immune|p1a: Heatran
|
|upkeep
|turn|11
|
|t:|1779890448
|move|p1a: Heatran|Taunt|p2a: Pecharunt
|-start|p2a: Pecharunt|move: Taunt
|cant|p2a: Pecharunt|move: Taunt|Parting Shot
|
|upkeep
|turn|12
|
|t:|1779890456
|switch|p2a: Blissey|Blissey, F|67/100
|-damage|p2a: Blissey|55/100|[from] Spikes
|move|p1a: Heatran|Magma Storm|p2a: Blissey
|-damage|p2a: Blissey|39/100
|-activate|p2a: Blissey|move: Magma Storm|[of] p1a: Heatran
|
|-damage|p2a: Blissey|26/100|[from] move: Magma Storm|[partiallytrapped]
|upkeep
|turn|13
|
|t:|1779890459
|move|p1a: Heatran|Taunt|p2a: Blissey
|-start|p2a: Blissey|move: Taunt
|move|p2a: Blissey|Seismic Toss|p1a: Heatran
|-damage|p1a: Heatran|57/100
|-enditem|p1a: Heatran|Air Balloon
|
|-damage|p2a: Blissey|14/100|[from] move: Magma Storm|[partiallytrapped]
|upkeep
|turn|14
|
|t:|1779890464
|move|p1a: Heatran|Stealth Rock|p2a: Blissey
|-sidestart|p2: claudechamp|move: Stealth Rock
|move|p2a: Blissey|Seismic Toss|p1a: Heatran
|-damage|p1a: Heatran|26/100
|
|-damage|p2a: Blissey|1/100|[from] move: Magma Storm|[partiallytrapped]
|upkeep
|turn|15
|
|t:|1779890467
|move|p1a: Heatran|Earth Power|p2a: Blissey
|-damage|p2a: Blissey|0 fnt
|faint|p2a: Blissey
|
|upkeep
|
|t:|1779890472
|switch|p2a: Walking Wake|Walking Wake|82/100 tox
|turn|16
|
|t:|1779890475
|move|p2a: Walking Wake|Surf|p1a: Heatran
|-supereffective|p1a: Heatran
|-damage|p1a: Heatran|0 fnt
|faint|p1a: Heatran
|
|-damage|p2a: Walking Wake|76/100 tox|[from] psn
|upkeep
|
|t:|1779890480
|switch|p1a: Umbreon|Umbreon, F|71/100
|turn|17
|
|t:|1779890483
|-end|p2a: Walking Wake|Protosynthesis|[silent]
|switch|p2a: Pecharunt|Pecharunt|100/100
|move|p1a: Umbreon|Wish|p1a: Umbreon
|
|upkeep
|turn|18
|
|t:|1779890487
|switch|p1a: Zapdos|Zapdos|100/100
|move|p2a: Pecharunt|Parting Shot|p1a: Zapdos
|-unboost|p1a: Zapdos|atk|1
|-unboost|p1a: Zapdos|spa|1
|
|t:|1779890490
|switch|p2a: Ogerpon|Ogerpon, F|100/100|[from] Parting Shot
|
|upkeep
|turn|19
|
|t:|1779890495
|move|p2a: Ogerpon|Ivy Cudgel|p1a: Zapdos
|-resisted|p1a: Zapdos
|-damage|p1a: Zapdos|83/100
|move|p1a: Zapdos|Thunder Wave|p2a: Ogerpon
|-status|p2a: Ogerpon|par
|
|upkeep
|turn|20
|
|t:|1779890505
|move|p1a: Zapdos|Hurricane|p2a: Ogerpon
|-supereffective|p2a: Ogerpon
|-damage|p2a: Ogerpon|24/100 par
|move|p2a: Ogerpon|U-turn|p1a: Zapdos
|-resisted|p1a: Zapdos
|-damage|p1a: Zapdos|75/100
|
|t:|1779890511
|switch|p2a: Pecharunt|Pecharunt|100/100|[from] U-turn
|
|upkeep
|turn|21
|
|t:|1779890519
|move|p1a: Zapdos|Volt Switch|p2a: Pecharunt
|-damage|p2a: Pecharunt|80/100
|
|t:|1779890520
|switch|p1a: Gliscor|Gliscor, F|85/100 tox|[from] Volt Switch
|-damage|p1a: Gliscor|72/100 tox|[from] Stealth Rock
|move|p2a: Pecharunt|Parting Shot|p1a: Gliscor
|-unboost|p1a: Gliscor|atk|1
|-unboost|p1a: Gliscor|spa|1
|
|t:|1779890524
|switch|p2a: Ogerpon|Ogerpon, F|24/100 par|[from] Parting Shot
|
|-heal|p1a: Gliscor|85/100 tox|[from] ability: Poison Heal
|upkeep
|turn|22
|
|t:|1779890530
|move|p1a: Gliscor|Spikes|p2a: Ogerpon
|-sidestart|p2: claudechamp|Spikes
|move|p2a: Ogerpon|Knock Off|p1a: Gliscor
|-damage|p1a: Gliscor|58/100 tox
|-enditem|p1a: Gliscor|Toxic Orb|[from] move: Knock Off|[of] p2a: Ogerpon
|
|-heal|p1a: Gliscor|71/100 tox|[from] ability: Poison Heal
|upkeep
|turn|23
|
|t:|1779890538
|move|p1a: Gliscor|Spikes|p2a: Ogerpon
|-sidestart|p2: claudechamp|Spikes
|move|p2a: Ogerpon|Ivy Cudgel|p1a: Gliscor
|-damage|p1a: Gliscor|29/100 tox
|
|-heal|p1a: Gliscor|42/100 tox|[from] ability: Poison Heal
|upkeep
|turn|24
|
|t:|1779890548
|move|p1a: Gliscor|Protect|p1a: Gliscor
|-singleturn|p1a: Gliscor|Protect
|move|p2a: Ogerpon|Knock Off|p1a: Gliscor
|-activate|p1a: Gliscor|move: Protect
|
|-heal|p1a: Gliscor|54/100 tox|[from] ability: Poison Heal
|upkeep
|turn|25
|inactive|carpetmuncher45 has 120 seconds left.
|
|t:|1779890580
|switch|p1a: Zapdos|Zapdos|75/100
|move|p2a: Ogerpon|U-turn|p1a: Zapdos
|-resisted|p1a: Zapdos
|-damage|p1a: Zapdos|67/100
|
|t:|1779890588
|switch|p2a: Pecharunt|Pecharunt|80/100|[from] U-turn
|
|upkeep
|turn|26
|
|t:|1779890600
|move|p1a: Zapdos|Hurricane|p2a: Pecharunt
|-damage|p2a: Pecharunt|36/100
|move|p2a: Pecharunt|Malignant Chain|p1a: Zapdos
|-damage|p1a: Zapdos|35/100
|-status|p1a: Zapdos|tox
|-start|p1a: Zapdos|confusion|[from] ability: Poison Puppeteer|[of] p2a: Pecharunt
|
|-damage|p1a: Zapdos|29/100 tox|[from] psn
|upkeep
|turn|27
|
|t:|1779890612
|-activate|p1a: Zapdos|confusion
|move|p1a: Zapdos|Roost|p1a: Zapdos
|-heal|p1a: Zapdos|79/100 tox
|-singleturn|p1a: Zapdos|move: Roost
|move|p2a: Pecharunt|Recover|p2a: Pecharunt
|-heal|p2a: Pecharunt|86/100
|
|-damage|p1a: Zapdos|67/100 tox|[from] psn
|upkeep
|turn|28
|
|t:|1779890622
|-activate|p1a: Zapdos|confusion
|move|p1a: Zapdos|Volt Switch|p2a: Pecharunt
|-damage|p2a: Pecharunt|58/100
|
|t:|1779890626
|switch|p1a: Walking Wake|Walking Wake|100/100|[from] Volt Switch
|move|p2a: Pecharunt|Parting Shot|p1a: Walking Wake
|-unboost|p1a: Walking Wake|atk|1
|-unboost|p1a: Walking Wake|spa|1
|
|t:|1779890631
|switch|p2a: Walking Wake|Walking Wake|76/100 tox|[from] Parting Shot
|
|-damage|p2a: Walking Wake|70/100 tox|[from] psn
|upkeep
|turn|29
|
|t:|1779890647
|move|p2a: Walking Wake|Draco Meteor|p1a: Walking Wake
|-supereffective|p1a: Walking Wake
|-damage|p1a: Walking Wake|0 fnt
|-unboost|p2a: Walking Wake|spa|2
|faint|p1a: Walking Wake
|-end|p1a: Walking Wake|Protosynthesis|[silent]
|
|-damage|p2a: Walking Wake|57/100 tox|[from] psn
|upkeep
|
|t:|1779890655
|switch|p1a: Pecharunt|Pecharunt|100/100
|turn|30
|
|t:|1779890662
|-end|p2a: Walking Wake|Protosynthesis|[silent]
|switch|p2a: Corviknight|Corviknight, F|100/100
|-ability|p2a: Corviknight|Pressure
|move|p1a: Pecharunt|Nasty Plot|p1a: Pecharunt
|-boost|p1a: Pecharunt|spa|2
|
|upkeep
|turn|31
|
|t:|1779890674
|move|p1a: Pecharunt|Shadow Ball|p2a: Corviknight
|-damage|p2a: Corviknight|27/100
|move|p2a: Corviknight|U-turn|p1a: Pecharunt
|-resisted|p1a: Pecharunt
|-damage|p1a: Pecharunt|98/100
|
|t:|1779890691
|switch|p2a: Walking Wake|Walking Wake|57/100 tox|[from] U-turn
|
|-damage|p2a: Walking Wake|51/100 tox|[from] psn
|upkeep
|turn|32
|
|t:|1779890707
|switch|p1a: Umbreon|Umbreon, F|71/100
|move|p2a: Walking Wake|Draco Meteor|p1a: Umbreon
|-damage|p1a: Umbreon|36/100
|-unboost|p2a: Walking Wake|spa|2
|
|-damage|p2a: Walking Wake|39/100 tox|[from] psn
|upkeep
|turn|33
|
|t:|1779890712
|-end|p2a: Walking Wake|Protosynthesis|[silent]
|switch|p2a: Pecharunt|Pecharunt|58/100
|move|p1a: Umbreon|Wish|p1a: Umbreon
|
|upkeep
|turn|34
|
|t:|1779890717
|move|p1a: Umbreon|Protect|p1a: Umbreon
|-singleturn|p1a: Umbreon|Protect
|move|p2a: Pecharunt|Recover|p2a: Pecharunt
|-heal|p2a: Pecharunt|100/100
|
|-heal|p1a: Umbreon|86/100|[from] move: Wish|[wisher] Umbreon
|upkeep
|turn|35
|
|t:|1779890724
|switch|p1a: Gliscor|Gliscor, F|54/100 tox
|-damage|p1a: Gliscor|42/100 tox|[from] Stealth Rock
|move|p2a: Pecharunt|Malignant Chain|p1a: Gliscor
|-resisted|p1a: Gliscor
|-damage|p1a: Gliscor|29/100 tox
|
|-heal|p1a: Gliscor|42/100 tox|[from] ability: Poison Heal
|upkeep
|turn|36
|
|t:|1779890736
|move|p1a: Gliscor|Earthquake|p2a: Pecharunt
|-supereffective|p2a: Pecharunt
|-damage|p2a: Pecharunt|69/100
|move|p2a: Pecharunt|Parting Shot|p1a: Gliscor
|-unboost|p1a: Gliscor|atk|1
|-unboost|p1a: Gliscor|spa|1
|
|t:|1779890743
|switch|p2a: Walking Wake|Walking Wake|39/100 tox|[from] Parting Shot
|
|-damage|p2a: Walking Wake|32/100 tox|[from] psn
|-heal|p1a: Gliscor|54/100 tox|[from] ability: Poison Heal
|upkeep
|turn|37
|
|t:|1779890747
|move|p1a: Gliscor|Protect|p1a: Gliscor
|-singleturn|p1a: Gliscor|Protect
|move|p2a: Walking Wake|Surf|p1a: Gliscor
|-activate|p1a: Gliscor|move: Protect
|
|-damage|p2a: Walking Wake|20/100 tox|[from] psn
|-heal|p1a: Gliscor|67/100 tox|[from] ability: Poison Heal
|upkeep
|turn|38
|
|t:|1779890753
|switch|p1a: Umbreon|Umbreon, F|86/100
|move|p2a: Walking Wake|Surf|p1a: Umbreon
|-damage|p1a: Umbreon|61/100
|
|-damage|p2a: Walking Wake|1/100 tox|[from] psn
|upkeep
|turn|39
|
|t:|1779890758
|move|p1a: Umbreon|Protect|p1a: Umbreon
|-singleturn|p1a: Umbreon|Protect
|move|p2a: Walking Wake|Draco Meteor|p1a: Umbreon
|-activate|p1a: Umbreon|move: Protect
|
|-damage|p2a: Walking Wake|0 fnt|[from] psn
|faint|p2a: Walking Wake
|-end|p2a: Walking Wake|Protosynthesis|[silent]
|upkeep
|
|t:|1779890765
|switch|p2a: Pecharunt|Pecharunt|69/100
|turn|40
|
|t:|1779890776
|move|p2a: Pecharunt|Recover|p2a: Pecharunt
|-heal|p2a: Pecharunt|100/100
|move|p1a: Umbreon|Foul Play|p2a: Pecharunt
|-supereffective|p2a: Pecharunt
|-damage|p2a: Pecharunt|78/100
|
|upkeep
|turn|41
|
|t:|1779890781
|move|p2a: Pecharunt|Malignant Chain|p1a: Umbreon
|-damage|p1a: Umbreon|46/100
|-status|p1a: Umbreon|tox
|-start|p1a: Umbreon|confusion|[from] ability: Poison Puppeteer|[of] p2a: Pecharunt
|-activate|p1a: Umbreon|ability: Synchronize
|-immune|p2a: Pecharunt
|-activate|p1a: Umbreon|confusion
|move|p1a: Umbreon|Wish|p1a: Umbreon
|
|-damage|p1a: Umbreon|40/100 tox|[from] psn
|upkeep
|turn|42
|
|t:|1779890805
|-activate|p1a: Umbreon|confusion
|move|p1a: Umbreon|Protect|p1a: Umbreon
|-singleturn|p1a: Umbreon|Protect
|move|p2a: Pecharunt|Recover|p2a: Pecharunt
|-heal|p2a: Pecharunt|100/100
|
|-heal|p1a: Umbreon|90/100 tox|[from] move: Wish|[wisher] Umbreon
|-damage|p1a: Umbreon|78/100 tox|[from] psn
|upkeep
|turn|43
|
|t:|1779890813
|switch|p1a: Gliscor|Gliscor, F|67/100 tox
|-damage|p1a: Gliscor|54/100 tox|[from] Stealth Rock
|move|p2a: Pecharunt|Foul Play|p1a: Gliscor
|-damage|p1a: Gliscor|36/100 tox
|
|-heal|p1a: Gliscor|49/100 tox|[from] ability: Poison Heal
|upkeep
|turn|44
|
|t:|1779890819
|move|p1a: Gliscor|Earthquake|p2a: Pecharunt
|-supereffective|p2a: Pecharunt
|-damage|p2a: Pecharunt|69/100
|move|p2a: Pecharunt|Malignant Chain|p1a: Gliscor
|-resisted|p1a: Gliscor
|-crit|p1a: Gliscor
|-damage|p1a: Gliscor|28/100 tox
|
|-heal|p1a: Gliscor|40/100 tox|[from] ability: Poison Heal
|upkeep
|turn|45
|
|t:|1779890825
|move|p1a: Gliscor|Earthquake|p2a: Pecharunt
|-supereffective|p2a: Pecharunt
|-damage|p2a: Pecharunt|40/100
|move|p2a: Pecharunt|Recover|p2a: Pecharunt
|-heal|p2a: Pecharunt|90/100
|
|-heal|p1a: Gliscor|53/100 tox|[from] ability: Poison Heal
|upkeep
|turn|46
|
|t:|1779890830
|switch|p2a: Corviknight|Corviknight, F|27/100
|-ability|p2a: Corviknight|Pressure
|move|p1a: Gliscor|Earthquake|p2a: Corviknight
|-immune|p2a: Corviknight
|
|-heal|p1a: Gliscor|65/100 tox|[from] ability: Poison Heal
|upkeep
|turn|47
|
|t:|1779890836
|switch|p1a: Pecharunt|Pecharunt|98/100
|move|p2a: Corviknight|Roost|p2a: Corviknight
|-heal|p2a: Corviknight|78/100
|-singleturn|p2a: Corviknight|move: Roost
|
|upkeep
|turn|48
|
|t:|1779890845
|move|p1a: Pecharunt|Nasty Plot|p1a: Pecharunt
|-boost|p1a: Pecharunt|spa|2
|move|p2a: Corviknight|U-turn|p1a: Pecharunt
|-resisted|p1a: Pecharunt
|-damage|p1a: Pecharunt|96/100
|
|t:|1779890853
|switch|p2a: Pecharunt|Pecharunt|90/100|[from] U-turn
|
|upkeep
|turn|49
|
|t:|1779890861
|-terastallize|p1a: Pecharunt|Ghost
|-terastallize|p2a: Pecharunt|Dark
|move|p1a: Pecharunt|Shadow Ball|p2a: Pecharunt
|-resisted|p2a: Pecharunt
|-damage|p2a: Pecharunt|49/100
|move|p2a: Pecharunt|Foul Play|p1a: Pecharunt
|-supereffective|p1a: Pecharunt
|-damage|p1a: Pecharunt|58/100
|
|upkeep
|turn|50
|
|t:|1779890868
|move|p1a: Pecharunt|Malignant Chain|p2a: Pecharunt
|-damage|p2a: Pecharunt|0 fnt
|faint|p2a: Pecharunt
|
|upkeep
|
|t:|1779890877
|switch|p2a: Corviknight|Corviknight, F|78/100
|-ability|p2a: Corviknight|Pressure
|turn|51
|
|t:|1779890886
|move|p1a: Pecharunt|Shadow Ball|p2a: Corviknight
|-damage|p2a: Corviknight|0 fnt
|faint|p2a: Corviknight
|
|upkeep
|
|t:|1779890893
|switch|p2a: Ogerpon|Ogerpon, F|24/100 par
|turn|52
|
|t:|1779890899
|move|p1a: Pecharunt|Shadow Ball|p2a: Ogerpon
|-damage|p2a: Ogerpon|0 fnt
|faint|p2a: Ogerpon
|
|win|carpetmuncher45
|raw|carpetmuncher45's rating: 1297 &rarr; <strong>1324</strong><br />(+27 for winning)
|raw|claudechamp's rating: 1328 &rarr; <strong>1306</strong><br />(-22 for losing)
|c|☆claudechamp|gg
|l|☆carpetmuncher45
|player|p1|
