|j|☆2fl1
|j|☆jbrunson
|t:|1779944096
|gametype|singles
|player|p1|2fl1|n|1323
|player|p2|jbrunson|buck|1441
|gen|9
|tier|[Gen 9] OU
|rated|
|rule|HP Percentage Mod: HP is shown in percentages
|rule|Endless Battle Clause: Forcing endless battles is banned
|rule|Species Clause: Limit one of each Pokémon
|rule|OHKO Clause: OHKO moves are banned
|rule|Evasion Items Clause: Evasion items are banned
|rule|Evasion Moves Clause: Evasion moves are banned
|rule|Evasion Abilities Clause: Evasion abilities are banned
|rule|Sleep Moves Clause: Sleep-inducing moves are banned
|clearpoke
|poke|p1|Salamence, F|
|poke|p1|Dragonite, F|
|poke|p1|Goodra-Hisui, F|
|poke|p1|Kommo-o, F|
|poke|p1|Dragapult, F|
|poke|p1|Hydrapple, M|
|poke|p2|Iron Moth|
|poke|p2|Gliscor, M|
|poke|p2|Hatterene, F|
|poke|p2|Ogerpon-Wellspring, F|
|poke|p2|Raging Bolt|
|poke|p2|Zamazenta-*|
|teampreview
|
|t:|1779944110
|teamsize|p1|6
|teamsize|p2|6
|start
|switch|p1a: Dragonite|Dragonite, F|100/100
|switch|p2a: Zamazenta|Zamazenta|100/100
|-ability|p2a: Zamazenta|Dauntless Shield|boost
|-boost|p2a: Zamazenta|def|1
|turn|1
|
|t:|1779944115
|move|p2a: Zamazenta|Reflect|p2a: Zamazenta
|-sidestart|p2: jbrunson|Reflect
|move|p1a: Dragonite|Outrage|p2a: Zamazenta
|-damage|p2a: Zamazenta|74/100
|
|upkeep
|turn|2
|
|t:|1779944120
|switch|p2a: Hatterene|Hatterene, F|100/100
|move|p1a: Dragonite|Outrage|p2a: Hatterene|[from] lockedmove
|-immune|p2a: Hatterene
|-start|p1a: Dragonite|confusion|[fatigue]
|
|upkeep
|turn|3
|
|t:|1779944126
|switch|p1a: Goodra|Goodra-Hisui, F|100/100
|move|p2a: Hatterene|Calm Mind|p2a: Hatterene
|-boost|p2a: Hatterene|spa|1
|-boost|p2a: Hatterene|spd|1
|
|upkeep
|turn|4
|
|t:|1779944133
|switch|p2a: Gliscor|Gliscor, M|100/100
|move|p1a: Goodra|Flash Cannon|p2a: Gliscor
|-damage|p2a: Gliscor|50/100
|
|-status|p2a: Gliscor|tox|[from] item: Toxic Orb
|upkeep
|turn|5
|
|t:|1779944145
|switch|p2a: Zamazenta|Zamazenta|74/100
|move|p1a: Goodra|Ice Beam|p2a: Zamazenta
|-damage|p2a: Zamazenta|50/100
|
|upkeep
|turn|6
|
|t:|1779944150
|move|p2a: Zamazenta|Light Screen|p2a: Zamazenta
|-sidestart|p2: jbrunson|move: Light Screen
|move|p1a: Goodra|Dragon Pulse|p2a: Zamazenta
|-damage|p2a: Zamazenta|33/100
|
|upkeep
|turn|7
|
|t:|1779944171
|switch|p1a: Dragapult|Dragapult, F|100/100
|move|p2a: Zamazenta|Close Combat|p1a: Dragapult
|-immune|p1a: Dragapult
|
|upkeep
|turn|8
|
|t:|1779944181
|switch|p2a: Hatterene|Hatterene, F|100/100
|move|p1a: Dragapult|U-turn|p2a: Hatterene
|-damage|p2a: Hatterene|87/100
|inactive|Battle timer is ON: inactive players will automatically lose when time's up. (requested by jbrunson)
|
|t:|1779944210
|switch|p1a: Goodra|Goodra-Hisui, F|100/100|[from] U-turn
|
|-heal|p2a: Hatterene|93/100|[from] item: Leftovers
|-sideend|p2: jbrunson|Reflect
|upkeep
|turn|9
|
|t:|1779944227
|move|p1a: Goodra|Flash Cannon|p2a: Hatterene
|-supereffective|p2a: Hatterene
|-damage|p2a: Hatterene|54/100
|move|p2a: Hatterene|Calm Mind|p2a: Hatterene
|-boost|p2a: Hatterene|spa|1
|-boost|p2a: Hatterene|spd|1
|
|-heal|p2a: Hatterene|60/100|[from] item: Leftovers
|upkeep
|turn|10
|
|t:|1779944238
|-terastallize|p2a: Hatterene|Water
|move|p1a: Goodra|Flash Cannon|p2a: Hatterene
|-resisted|p2a: Hatterene
|-damage|p2a: Hatterene|53/100
|move|p2a: Hatterene|Calm Mind|p2a: Hatterene
|-boost|p2a: Hatterene|spa|1
|-boost|p2a: Hatterene|spd|1
|
|-heal|p2a: Hatterene|59/100|[from] item: Leftovers
|upkeep
|turn|11
|
|t:|1779944247
|switch|p1a: Hydrapple|Hydrapple, M|100/100
|move|p2a: Hatterene|Calm Mind|p2a: Hatterene
|-boost|p2a: Hatterene|spa|1
|-boost|p2a: Hatterene|spd|1
|
|-heal|p2a: Hatterene|65/100|[from] item: Leftovers
|upkeep
|turn|12
|
|t:|1779944251
|move|p1a: Hydrapple|Giga Drain|p2a: Hatterene
|-supereffective|p2a: Hatterene
|-damage|p2a: Hatterene|53/100
|move|p2a: Hatterene|Draining Kiss|p1a: Hydrapple
|-supereffective|p1a: Hydrapple
|-damage|p1a: Hydrapple|0 fnt
|-heal|p2a: Hatterene|100/100|[from] drain|[of] p1a: Hydrapple
|faint|p1a: Hydrapple
|
|upkeep
|
|t:|1779944264
|switch|p1a: Dragonite|Dragonite, F|100/100
|turn|13
|
|t:|1779944273
|move|p1a: Dragonite|Outrage|p2a: Hatterene
|-damage|p2a: Hatterene|18/100
|move|p2a: Hatterene|Draining Kiss|p1a: Dragonite
|-supereffective|p1a: Dragonite
|-damage|p1a: Dragonite|37/100
|-heal|p2a: Hatterene|66/100|[from] drain|[of] p1a: Dragonite
|
|-heal|p2a: Hatterene|72/100|[from] item: Leftovers
|-sideend|p2: jbrunson|move: Light Screen
|upkeep
|turn|14
|inactive|jbrunson has 120 seconds left.
|
|t:|1779944304
|switch|p2a: Gliscor|Gliscor, M|50/100 tox
|move|p1a: Dragonite|Outrage|p2a: Gliscor|[from] lockedmove
|-damage|p2a: Gliscor|0 fnt
|faint|p2a: Gliscor
|-start|p1a: Dragonite|confusion|[fatigue]
|
|upkeep
|
|t:|1779944308
|switch|p2a: Zamazenta|Zamazenta|33/100
|turn|15
|
|t:|1779944315
|move|p2a: Zamazenta|Reflect|p2a: Zamazenta
|-sidestart|p2: jbrunson|Reflect
|-activate|p1a: Dragonite|confusion
|-damage|p1a: Dragonite|19/100|[from] confusion
|
|upkeep
|turn|16
|
|t:|1779944318
|switch|p1a: Dragapult|Dragapult, F|100/100
|move|p2a: Zamazenta|Light Screen|p2a: Zamazenta
|-sidestart|p2: jbrunson|move: Light Screen
|
|upkeep
|turn|17
|
|t:|1779944331
|switch|p2a: Hatterene|Hatterene, F, tera:Water|72/100
|move|p1a: Dragapult|Shadow Ball|p2a: Hatterene
|-damage|p2a: Hatterene|20/100
|
|-heal|p2a: Hatterene|26/100|[from] item: Leftovers
|upkeep
|turn|18
|
|t:|1779944340
|move|p1a: Dragapult|Shadow Ball|p2a: Hatterene
|-damage|p2a: Hatterene|0 fnt
|faint|p2a: Hatterene
|
|upkeep
|
|t:|1779944362
|switch|p2a: Iron Moth|Iron Moth|100/100
|-enditem|p2a: Iron Moth|Booster Energy
|-activate|p2a: Iron Moth|ability: Quark Drive|[fromitem]
|-start|p2a: Iron Moth|quarkdrivespe
|turn|19
|
|t:|1779944370
|move|p1a: Dragapult|Shadow Ball|p2a: Iron Moth
|-damage|p2a: Iron Moth|52/100
|move|p2a: Iron Moth|Whirlwind|p1a: Dragapult
|drag|p1a: Goodra|Goodra-Hisui, F|100/100
|
|upkeep
|turn|20
|-message|jbrunson forfeited.
|
|win|2fl1
|raw|2fl1's rating: 1323 &rarr; <strong>1350</strong><br />(+27 for winning)
|raw|jbrunson's rating: 1441 &rarr; <strong>1414</strong><br />(-27 for losing)
|l|☆jbrunson
|player|p2|
|l|☆2fl1
|player|p1|
