|j|☆claudechamp
|j|☆flipfloplemon
|t:|1779837247
|gametype|singles
|player|p1|claudechamp|265|1257
|player|p2|flipfloplemon|170|1243
|gen|9
|tier|[Gen 9] OU
|rated|
|rule|HP Percentage Mod: HP is shown in percentages
|rule|Endless Battle Clause: Forcing endless battles is banned
|rule|Species Clause: Limit one of each Pokémon
|rule|OHKO Clause: OHKO moves are banned
|rule|Evasion Items Clause: Evasion items are banned
|rule|Evasion Moves Clause: Evasion moves are banned
|rule|Evasion Abilities Clause: Evasion abilities are banned
|rule|Sleep Moves Clause: Sleep-inducing moves are banned
|clearpoke
|poke|p1|Gliscor, F|
|poke|p1|Ogerpon, F|
|poke|p1|Walking Wake|
|poke|p1|Blissey, F|
|poke|p1|Corviknight, M|
|poke|p1|Pecharunt|
|poke|p2|Garchomp, M|
|poke|p2|Empoleon, F|
|poke|p2|Staraptor, M|
|poke|p2|Rotom-Wash|
|poke|p2|Weavile, M|
|poke|p2|Heatran, M|
|teampreview
|c|☆claudechamp|hf
|
|t:|1779837257
|teamsize|p1|6
|teamsize|p2|6
|start
|switch|p1a: Gliscor|Gliscor, F|100/100
|switch|p2a: Rotom|Rotom-Wash|100/100
|turn|1
|inactive|Battle timer is ON: inactive players will automatically lose when time's up. (requested by claudechamp)
|inactive|claudechamp has 120 seconds left.
|
|t:|1779837294
|move|p1a: Gliscor|Spikes|p2a: Rotom
|-sidestart|p2: flipfloplemon|Spikes
|move|p2a: Rotom|Will-O-Wisp|p1a: Gliscor
|-status|p1a: Gliscor|brn
|
|-damage|p1a: Gliscor|94/100 brn|[from] brn
|upkeep
|turn|2
|
|t:|1779837303
|move|p1a: Gliscor|Spikes|p2a: Rotom
|-sidestart|p2: flipfloplemon|Spikes
|move|p2a: Rotom|Hydro Pump|p1a: Gliscor
|-supereffective|p1a: Gliscor
|-damage|p1a: Gliscor|2/100 brn
|
|-damage|p1a: Gliscor|0 fnt|[from] brn
|faint|p1a: Gliscor
|upkeep
|
|t:|1779837320
|switch|p1a: Ogerpon|Ogerpon, F|100/100
|turn|3
|
|t:|1779837329
|switch|p2a: Staraptor|Staraptor, M|100/100
|move|p1a: Ogerpon|Ivy Cudgel|p2a: Staraptor
|-resisted|p2a: Staraptor
|-damage|p2a: Staraptor|61/100
|
|upkeep
|turn|4
|
|t:|1779837336
|move|p2a: Staraptor|Brave Bird|p1a: Ogerpon
|-supereffective|p1a: Ogerpon
|-damage|p1a: Ogerpon|0 fnt
|faint|p1a: Ogerpon
|-damage|p2a: Staraptor|30/100|[from] Recoil
|
|upkeep
|
|t:|1779837340
|switch|p1a: Blissey|Blissey, F|100/100
|turn|5
|
|t:|1779837347
|move|p2a: Staraptor|Brave Bird|p1a: Blissey
|-damage|p1a: Blissey|24/100
|-damage|p2a: Staraptor|0 fnt|[from] Recoil
|faint|p2a: Staraptor
|move|p1a: Blissey|Stealth Rock|p2: Staraptor
|-sidestart|p2: flipfloplemon|move: Stealth Rock
|
|upkeep
|
|t:|1779837360
|switch|p2a: Garchomp|Garchomp, M|100/100
|-damage|p2a: Garchomp|84/100|[from] Spikes
|-damage|p2a: Garchomp|78/100|[from] Stealth Rock
|turn|6
|
|t:|1779837371
|move|p2a: Garchomp|Brick Break|p1a: Blissey
|-supereffective|p1a: Blissey
|-damage|p1a: Blissey|0 fnt
|faint|p1a: Blissey
|
|upkeep
|
|t:|1779837374
|switch|p1a: Pecharunt|Pecharunt|100/100
|turn|7
|
|t:|1779837379
|move|p2a: Garchomp|Earthquake|p1a: Pecharunt
|-supereffective|p1a: Pecharunt
|-damage|p1a: Pecharunt|56/100
|move|p1a: Pecharunt|Malignant Chain|p2a: Garchomp
|-resisted|p2a: Garchomp
|-damage|p2a: Garchomp|62/100
|-status|p2a: Garchomp|tox
|-start|p2a: Garchomp|confusion|[from] ability: Poison Puppeteer|[of] p1a: Pecharunt
|
|-damage|p2a: Garchomp|56/100 tox|[from] psn
|upkeep
|turn|8
|
|t:|1779837392
|-activate|p2a: Garchomp|confusion
|move|p2a: Garchomp|Earthquake|p1a: Pecharunt
|-supereffective|p1a: Pecharunt
|-damage|p1a: Pecharunt|11/100
|move|p1a: Pecharunt|Recover|p1a: Pecharunt
|-heal|p1a: Pecharunt|61/100
|
|-damage|p2a: Garchomp|44/100 tox|[from] psn
|upkeep
|turn|9
|
|t:|1779837405
|-activate|p2a: Garchomp|confusion
|move|p2a: Garchomp|Earthquake|p1a: Pecharunt
|-supereffective|p1a: Pecharunt
|-damage|p1a: Pecharunt|15/100
|move|p1a: Pecharunt|Recover|p1a: Pecharunt
|-heal|p1a: Pecharunt|65/100
|
|-damage|p2a: Garchomp|25/100 tox|[from] psn
|upkeep
|turn|10
|
|t:|1779837414
|-activate|p2a: Garchomp|confusion
|-damage|p2a: Garchomp|12/100 tox|[from] confusion
|move|p1a: Pecharunt|Recover|p1a: Pecharunt
|-heal|p1a: Pecharunt|100/100
|
|-damage|p2a: Garchomp|0 fnt|[from] psn
|faint|p2a: Garchomp
|upkeep
|
|t:|1779837430
|switch|p2a: Empoleon|Empoleon, F|100/100
|-damage|p2a: Empoleon|84/100|[from] Spikes
|-damage|p2a: Empoleon|78/100|[from] Stealth Rock
|turn|11
|
|t:|1779837439
|move|p1a: Pecharunt|Parting Shot|p2a: Empoleon
|-unboost|p2a: Empoleon|atk|1
|-ability|p2a: Empoleon|Competitive|boost
|-boost|p2a: Empoleon|spa|2
|-unboost|p2a: Empoleon|spa|1
|-ability|p2a: Empoleon|Competitive|boost
|-boost|p2a: Empoleon|spa|2
|
|t:|1779837450
|switch|p1a: Walking Wake|Walking Wake|100/100|[from] Parting Shot
|move|p2a: Empoleon|Hydro Pump|p1a: Walking Wake
|-resisted|p1a: Walking Wake
|-crit|p1a: Walking Wake
|-damage|p1a: Walking Wake|38/100
|
|upkeep
|turn|12
|
|t:|1779837458
|move|p1a: Walking Wake|Draco Meteor|p2a: Empoleon
|-resisted|p2a: Empoleon
|-damage|p2a: Empoleon|59/100
|-unboost|p1a: Walking Wake|spa|2
|move|p2a: Empoleon|Air Slash|p1a: Walking Wake
|-crit|p1a: Walking Wake
|-damage|p1a: Walking Wake|0 fnt
|faint|p1a: Walking Wake
|-end|p1a: Walking Wake|Protosynthesis|[silent]
|
|upkeep
|
|t:|1779837472
|switch|p1a: Corviknight|Corviknight, M|100/100
|-ability|p1a: Corviknight|Pressure
|turn|13
|
|t:|1779837484
|move|p1a: Corviknight|Body Press|p2a: Empoleon
|-supereffective|p2a: Empoleon
|-damage|p2a: Empoleon|2/100
|move|p2a: Empoleon|Hydro Pump|p1a: Corviknight|[miss]
|-miss|p2a: Empoleon|p1a: Corviknight
|
|upkeep
|turn|14
|
|t:|1779837492
|move|p1a: Corviknight|U-turn|p2a: Empoleon
|-resisted|p2a: Empoleon
|-damage|p2a: Empoleon|0 fnt
|faint|p2a: Empoleon
|
|t:|1779837498
|switch|p1a: Pecharunt|Pecharunt|100/100|[from] U-turn
|
|upkeep
|
|t:|1779837502
|switch|p2a: Heatran|Heatran, M|100/100
|-damage|p2a: Heatran|84/100|[from] Spikes
|-damage|p2a: Heatran|71/100|[from] Stealth Rock
|turn|15
|
|t:|1779837517
|-terastallize|p1a: Pecharunt|Dark
|move|p1a: Pecharunt|Malignant Chain|p2a: Heatran
|-immune|p2a: Heatran
|move|p2a: Heatran|Earth Power|p1a: Pecharunt
|-damage|p1a: Pecharunt|65/100
|
|upkeep
|turn|16
|
|t:|1779837527
|move|p1a: Pecharunt|Parting Shot|p2a: Heatran
|-unboost|p2a: Heatran|atk|1
|-unboost|p2a: Heatran|spa|1
|
|t:|1779837537
|switch|p1a: Corviknight|Corviknight, M|100/100|[from] Parting Shot
|-ability|p1a: Corviknight|Pressure
|move|p2a: Heatran|Flamethrower|p1a: Corviknight
|-supereffective|p1a: Corviknight
|-damage|p1a: Corviknight|29/100
|
|upkeep
|turn|17
|
|t:|1779837549
|switch|p2a: Rotom|Rotom-Wash|100/100
|-damage|p2a: Rotom|88/100|[from] Stealth Rock
|move|p1a: Corviknight|Body Press|p2a: Rotom
|-damage|p2a: Rotom|62/100
|
|upkeep
|turn|18
|
|t:|1779837557
|move|p2a: Rotom|Thunderbolt|p1a: Corviknight
|-supereffective|p1a: Corviknight
|-damage|p1a: Corviknight|0 fnt
|faint|p1a: Corviknight
|
|upkeep
|
|t:|1779837560
|switch|p1a: Pecharunt|Pecharunt, tera:Dark|65/100
|turn|19
|
|t:|1779837568
|move|p1a: Pecharunt|Parting Shot|p2a: Rotom
|-unboost|p2a: Rotom|atk|1
|-unboost|p2a: Rotom|spa|1
|move|p2a: Rotom|Will-O-Wisp|p1a: Pecharunt
|-status|p1a: Pecharunt|brn
|
|-damage|p1a: Pecharunt|59/100 brn|[from] brn
|upkeep
|turn|20
|
|t:|1779837579
|move|p1a: Pecharunt|Recover|p1a: Pecharunt
|-heal|p1a: Pecharunt|100/100 brn
|move|p2a: Rotom|Thunderbolt|p1a: Pecharunt
|-damage|p1a: Pecharunt|69/100 brn
|
|-damage|p1a: Pecharunt|63/100 brn|[from] brn
|upkeep
|turn|21
|
|t:|1779837588
|move|p1a: Pecharunt|Recover|p1a: Pecharunt
|-heal|p1a: Pecharunt|100/100 brn
|move|p2a: Rotom|Thunderbolt|p1a: Pecharunt
|-damage|p1a: Pecharunt|69/100 brn
|
|-damage|p1a: Pecharunt|63/100 brn|[from] brn
|upkeep
|turn|22
|
|t:|1779837599
|move|p1a: Pecharunt|Foul Play|p2a: Rotom
|-damage|p2a: Rotom|56/100
|move|p2a: Rotom|Thunderbolt|p1a: Pecharunt
|-damage|p1a: Pecharunt|34/100 brn
|
|-damage|p1a: Pecharunt|28/100 brn|[from] brn
|upkeep
|turn|23
|
|t:|1779837612
|move|p1a: Pecharunt|Recover|p1a: Pecharunt
|-heal|p1a: Pecharunt|78/100 brn
|move|p2a: Rotom|Thunderbolt|p1a: Pecharunt
|-damage|p1a: Pecharunt|49/100 brn
|
|-damage|p1a: Pecharunt|43/100 brn|[from] brn
|upkeep
|turn|24
|
|t:|1779837624
|move|p1a: Pecharunt|Foul Play|p2a: Rotom
|-damage|p2a: Rotom|50/100
|-enditem|p2a: Rotom|Sitrus Berry|[eat]
|-heal|p2a: Rotom|75/100|[from] item: Sitrus Berry
|move|p2a: Rotom|Thunderbolt|p1a: Pecharunt
|-damage|p1a: Pecharunt|15/100 brn
|
|-damage|p1a: Pecharunt|9/100 brn|[from] brn
|upkeep
|turn|25
|
|t:|1779837634
|move|p1a: Pecharunt|Recover|p1a: Pecharunt
|-heal|p1a: Pecharunt|59/100 brn
|move|p2a: Rotom|Thunderbolt|p1a: Pecharunt
|-damage|p1a: Pecharunt|31/100 brn
|
|-damage|p1a: Pecharunt|25/100 brn|[from] brn
|upkeep
|turn|26
|
|t:|1779837648
|move|p1a: Pecharunt|Foul Play|p2a: Rotom
|-damage|p2a: Rotom|69/100
|move|p2a: Rotom|Thunderbolt|p1a: Pecharunt
|-damage|p1a: Pecharunt|0 fnt
|faint|p1a: Pecharunt
|
|win|flipfloplemon
|raw|claudechamp's rating: 1239 &rarr; <strong>1214</strong><br />(-25 for losing)
|raw|flipfloplemon's rating: 1243 &rarr; <strong>1268</strong><br />(+25 for winning)
|c|☆claudechamp|gg
