|j|☆Aguila74
|j|☆owl_with_scarf
|t:|1779848982
|gametype|singles
|player|p1|Aguila74|ethan|1582
|player|p2|owl_with_scarf|#owlwithscarf|1682
|gen|9
|tier|[Gen 9] OU
|rated|
|rule|HP Percentage Mod: HP is shown in percentages
|rule|Endless Battle Clause: Forcing endless battles is banned
|rule|Species Clause: Limit one of each Pokémon
|rule|OHKO Clause: OHKO moves are banned
|rule|Evasion Items Clause: Evasion items are banned
|rule|Evasion Moves Clause: Evasion moves are banned
|rule|Evasion Abilities Clause: Evasion abilities are banned
|rule|Sleep Moves Clause: Sleep-inducing moves are banned
|clearpoke
|poke|p1|Dragapult, F|
|poke|p1|Iron Moth|
|poke|p1|Meowscarada, F|
|poke|p1|Iron Treads|
|poke|p1|Primarina, F|
|poke|p1|Conkeldurr, F|
|poke|p2|Diancie|
|poke|p2|Blaziken, M|
|poke|p2|Oricorio-Pom-Pom, F|
|poke|p2|Cinderace, F|
|poke|p2|Regidrago|
|poke|p2|Ursaluna, M|
|teampreview
|inactive|Battle timer is ON: inactive players will automatically lose when time's up. (requested by owl_with_scarf)
|l|☆owl_with_scarf
|inactive|owl_with_scarf disconnected and has a minute to reconnect!
|player|p2|
|inactive|owl_with_scarf has 30 seconds to reconnect!
|j|☆owl_with_scarf
|inactive|owl_with_scarf reconnected and has 120 seconds left.
|player|p2|owl_with_scarf|#owlwithscarf|
|
|t:|1779849020
|teamsize|p1|6
|teamsize|p2|6
|start
|switch|p1a: Conkeldurr|Conkeldurr, F|100/100
|switch|p2a: Blaziken|Blaziken, M|100/100
|turn|1
|
|t:|1779849033
|switch|p2a: Oricorio|Oricorio-Pom-Pom, F|100/100
|move|p1a: Conkeldurr|Drain Punch|p2a: Oricorio
|-resisted|p2a: Oricorio
|-damage|p2a: Oricorio|80/100
|
|-heal|p2a: Oricorio|86/100|[from] item: Leftovers
|upkeep
|turn|2
|
|t:|1779849038
|switch|p1a: Iron Treads|Iron Treads|100/100
|move|p2a: Oricorio|Quiver Dance|p2a: Oricorio
|-boost|p2a: Oricorio|spa|1
|-boost|p2a: Oricorio|spd|1
|-boost|p2a: Oricorio|spe|1
|
|-heal|p2a: Oricorio|92/100|[from] item: Leftovers
|upkeep
|turn|3
|
|t:|1779849040
|move|p2a: Oricorio|Quiver Dance|p2a: Oricorio
|-boost|p2a: Oricorio|spa|1
|-boost|p2a: Oricorio|spd|1
|-boost|p2a: Oricorio|spe|1
|move|p1a: Iron Treads|Stealth Rock|p2a: Oricorio
|-sidestart|p2: owl_with_scarf|move: Stealth Rock
|
|-heal|p2a: Oricorio|98/100|[from] item: Leftovers
|upkeep
|turn|4
|
|t:|1779849045
|move|p2a: Oricorio|Quiver Dance|p2a: Oricorio
|-boost|p2a: Oricorio|spa|1
|-boost|p2a: Oricorio|spd|1
|-boost|p2a: Oricorio|spe|1
|move|p1a: Iron Treads|Rapid Spin|p2a: Oricorio
|-damage|p2a: Oricorio|83/100
|-boost|p1a: Iron Treads|spe|1
|
|-heal|p2a: Oricorio|89/100|[from] item: Leftovers
|upkeep
|turn|5
|
|t:|1779849047
|move|p2a: Oricorio|Quiver Dance|p2a: Oricorio
|-boost|p2a: Oricorio|spa|1
|-boost|p2a: Oricorio|spd|1
|-boost|p2a: Oricorio|spe|1
|move|p1a: Iron Treads|Iron Head|p2a: Oricorio
|-resisted|p2a: Oricorio
|-damage|p2a: Oricorio|71/100
|
|-heal|p2a: Oricorio|77/100|[from] item: Leftovers
|upkeep
|turn|6
|
|t:|1779849049
|move|p2a: Oricorio|Quiver Dance|p2a: Oricorio
|-boost|p2a: Oricorio|spa|1
|-boost|p2a: Oricorio|spd|1
|-boost|p2a: Oricorio|spe|1
|move|p1a: Iron Treads|Iron Head|p2a: Oricorio
|-resisted|p2a: Oricorio
|-damage|p2a: Oricorio|60/100
|
|-heal|p2a: Oricorio|67/100|[from] item: Leftovers
|upkeep
|turn|7
|
|t:|1779849052
|move|p2a: Oricorio|Quiver Dance|p2a: Oricorio
|-boost|p2a: Oricorio|spa|1
|-boost|p2a: Oricorio|spd|1
|-boost|p2a: Oricorio|spe|1
|move|p1a: Iron Treads|Iron Head|p2a: Oricorio
|-resisted|p2a: Oricorio
|-damage|p2a: Oricorio|48/100
|
|-heal|p2a: Oricorio|54/100|[from] item: Leftovers
|upkeep
|turn|8
|
|t:|1779849054
|move|p2a: Oricorio|Hurricane|p1a: Iron Treads|[miss]
|-miss|p2a: Oricorio|p1a: Iron Treads
|move|p1a: Iron Treads|Iron Head|p2a: Oricorio
|-resisted|p2a: Oricorio
|-damage|p2a: Oricorio|37/100
|
|-heal|p2a: Oricorio|43/100|[from] item: Leftovers
|upkeep
|turn|9
|
|t:|1779849056
|move|p2a: Oricorio|Roost|p2a: Oricorio
|-heal|p2a: Oricorio|93/100
|-singleturn|p2a: Oricorio|move: Roost
|move|p1a: Iron Treads|Iron Head|p2a: Oricorio
|-resisted|p2a: Oricorio
|-damage|p2a: Oricorio|76/100
|
|-heal|p2a: Oricorio|83/100|[from] item: Leftovers
|upkeep
|turn|10
|
|t:|1779849058
|move|p2a: Oricorio|Hurricane|p1a: Iron Treads|[miss]
|-miss|p2a: Oricorio|p1a: Iron Treads
|move|p1a: Iron Treads|Iron Head|p2a: Oricorio
|-resisted|p2a: Oricorio
|-damage|p2a: Oricorio|66/100
|
|-heal|p2a: Oricorio|72/100|[from] item: Leftovers
|upkeep
|turn|11
|
|t:|1779849060
|move|p2a: Oricorio|Hurricane|p1a: Iron Treads
|-resisted|p1a: Iron Treads
|-damage|p1a: Iron Treads|0 fnt
|faint|p1a: Iron Treads
|-end|p1a: Iron Treads|Quark Drive|[silent]
|
|-heal|p2a: Oricorio|78/100|[from] item: Leftovers
|upkeep
|
|t:|1779849064
|switch|p1a: Dragapult|Dragapult, F|100/100
|turn|12
|
|t:|1779849066
|move|p1a: Dragapult|Sucker Punch|p2a: Oricorio
|-damage|p2a: Oricorio|50/100
|-damage|p1a: Dragapult|91/100|[from] item: Life Orb
|move|p2a: Oricorio|Hurricane|p1a: Dragapult
|-damage|p1a: Dragapult|0 fnt
|faint|p1a: Dragapult
|
|-heal|p2a: Oricorio|56/100|[from] item: Leftovers
|upkeep
|-message|Aguila74 forfeited.
|
|win|owl_with_scarf
|raw|Aguila74's rating: 1582 &rarr; <strong>1568</strong><br />(-14 for losing)
|raw|owl_with_scarf's rating: 1682 &rarr; <strong>1696</strong><br />(+14 for winning)
|l|☆owl_with_scarf
|player|p2|
|j|☆owl_with_scarf
|player|p2|owl_with_scarf|#owlwithscarf|
|l|☆owl_with_scarf
|player|p2|
