|j|☆Soyyo1223
|j|☆bring09
|t:|1779859784
|gametype|singles
|player|p1|Soyyo1223|palmer|1285
|player|p2|bring09|2|1287
|gen|9
|tier|[Gen 9] OU
|rated|
|rule|HP Percentage Mod: HP is shown in percentages
|rule|Endless Battle Clause: Forcing endless battles is banned
|rule|Species Clause: Limit one of each Pokémon
|rule|OHKO Clause: OHKO moves are banned
|rule|Evasion Items Clause: Evasion items are banned
|rule|Evasion Moves Clause: Evasion moves are banned
|rule|Evasion Abilities Clause: Evasion abilities are banned
|rule|Sleep Moves Clause: Sleep-inducing moves are banned
|clearpoke
|poke|p1|Darkrai|
|poke|p1|Hatterene, F|
|poke|p1|Quaquaval, F|
|poke|p1|Klefki, F|
|poke|p1|Clodsire, M|
|poke|p1|Rillaboom, M|
|poke|p2|Ceruledge, F|
|poke|p2|Dragapult, M|
|poke|p2|Garchomp, M|
|poke|p2|Meowscarada, F|
|poke|p2|Keldeo-Resolute|
|poke|p2|Iron Valiant|
|teampreview
|inactive|Battle timer is ON: inactive players will automatically lose when time's up. (requested by bring09)
|
|t:|1779859805
|teamsize|p1|6
|teamsize|p2|6
|start
|switch|p1a: Darkrai|Darkrai|100/100
|switch|p2a: AS|Ceruledge, F, shiny|100/100
|turn|1
|
|t:|1779859822
|switch|p2a: Soldier|Iron Valiant, shiny|100/100
|-enditem|p2a: Soldier|Booster Energy
|-activate|p2a: Soldier|ability: Quark Drive|[fromitem]
|-start|p2a: Soldier|quarkdrivespe
|move|p1a: Darkrai|Dark Pulse|p2a: Soldier
|-resisted|p2a: Soldier
|-damage|p2a: Soldier|70/100
|
|upkeep
|turn|2
|
|t:|1779859836
|switch|p1a: Clodsire|Clodsire, M|100/100
|move|p2a: Soldier|Moonblast|p1a: Clodsire
|-resisted|p1a: Clodsire
|-damage|p1a: Clodsire|87/100
|-unboost|p1a: Clodsire|spa|1
|
|-heal|p1a: Clodsire|93/100|[from] item: Black Sludge
|upkeep
|turn|3
|
|t:|1779859846
|move|p2a: Soldier|Future Sight|p1a: Clodsire
|-start|p2a: Soldier|move: Future Sight
|move|p1a: Clodsire|Stealth Rock|p2a: Soldier
|-sidestart|p2: bring09|move: Stealth Rock
|
|-heal|p1a: Clodsire|99/100|[from] item: Black Sludge
|upkeep
|turn|4
|
|t:|1779859854
|move|p2a: Soldier|Moonblast|p1a: Clodsire
|-resisted|p1a: Clodsire
|-crit|p1a: Clodsire
|-damage|p1a: Clodsire|82/100
|move|p1a: Clodsire|Toxic|p2a: Soldier
|-status|p2a: Soldier|tox
|
|-heal|p1a: Clodsire|88/100|[from] item: Black Sludge
|-damage|p2a: Soldier|64/100 tox|[from] psn
|upkeep
|turn|5
|
|t:|1779859866
|switch|p1a: Klefki|Klefki, F|100/100
|move|p2a: Soldier|Aura Sphere|p1a: Klefki
|-damage|p1a: Klefki|55/100
|
|-end|p1a: Klefki|move: Future Sight
|-resisted|p1a: Klefki
|-damage|p1a: Klefki|30/100
|-damage|p2a: Soldier|52/100 tox|[from] psn
|upkeep
|turn|6
|
|t:|1779859877
|move|p1a: Klefki|Light Screen|p1a: Klefki
|-sidestart|p1: Soyyo1223|move: Light Screen
|move|p2a: Soldier|Moonblast|p1a: Klefki
|-resisted|p1a: Klefki
|-damage|p1a: Klefki|16/100
|-unboost|p1a: Klefki|spa|1
|
|-damage|p2a: Soldier|33/100 tox|[from] psn
|upkeep
|turn|7
|
|t:|1779859885
|move|p1a: Klefki|Reflect|p1a: Klefki
|-sidestart|p1: Soyyo1223|Reflect
|move|p2a: Soldier|Future Sight|p1a: Klefki
|-start|p2a: Soldier|move: Future Sight
|
|-damage|p2a: Soldier|8/100 tox|[from] psn
|upkeep
|turn|8
|
|t:|1779859889
|move|p2a: Soldier|Aura Sphere|p1a: Klefki
|-damage|p1a: Klefki|0 fnt
|faint|p1a: Klefki
|
|-damage|p2a: Soldier|0 fnt|[from] psn
|faint|p2a: Soldier
|-end|p2a: Soldier|Quark Drive|[silent]
|upkeep
|
|t:|1779859902
|switch|p2a: RUIN|Dragapult, M|100/100
|switch|p1a: Darkrai|Darkrai|100/100
|-damage|p2a: RUIN|88/100|[from] Stealth Rock
|turn|9
|
|t:|1779859910
|move|p2a: RUIN|Dragon Darts|p1a: Darkrai
|-damage|p1a: Darkrai|60/100
|-anim|p2a: RUIN|Dragon Darts|p1a: Darkrai
|-damage|p1a: Darkrai|19/100
|-damage|p2a: RUIN|78/100|[from] item: Life Orb
|move|p1a: Darkrai|Dark Pulse|p2a: RUIN
|-supereffective|p2a: RUIN
|-crit|p2a: RUIN
|-damage|p2a: RUIN|0 fnt
|faint|p2a: RUIN
|
|-end|p1a: Darkrai|move: Future Sight
|-immune|p1a: Darkrai
|upkeep
|
|t:|1779859935
|switch|p2a: GATA|Meowscarada, F|100/100
|-damage|p2a: GATA|88/100|[from] Stealth Rock
|turn|10
|
|t:|1779859946
|move|p2a: GATA|Triple Axel|p1a: Darkrai
|-start|p2a: GATA|typechange|Ice|[from] ability: Protean
|-damage|p1a: Darkrai|11/100
|-damage|p1a: Darkrai|0 fnt
|faint|p1a: Darkrai
|-hitcount|p1: Darkrai|2
|
|upkeep
|
|t:|1779859951
|switch|p1a: Quaquaval|Quaquaval, F|100/100
|turn|11
|
|t:|1779859960
|switch|p2a: LATINO|Keldeo-Resolute|100/100
|-damage|p2a: LATINO|94/100|[from] Stealth Rock
|move|p1a: Quaquaval|Aqua Step|p2a: LATINO
|-resisted|p2a: LATINO
|-damage|p2a: LATINO|72/100
|-boost|p1a: Quaquaval|spe|1
|
|upkeep
|turn|12
|
|t:|1779859971
|move|p1a: Quaquaval|Aqua Step|p2a: LATINO
|-resisted|p2a: LATINO
|-crit|p2a: LATINO
|-damage|p2a: LATINO|41/100
|-boost|p1a: Quaquaval|spe|1
|move|p2a: LATINO|Air Slash|p1a: Quaquaval
|-supereffective|p1a: Quaquaval
|-damage|p1a: Quaquaval|45/100
|-enditem|p1a: Quaquaval|Sitrus Berry|[eat]
|-heal|p1a: Quaquaval|70/100|[from] item: Sitrus Berry
|
|upkeep
|turn|13
|
|t:|1779859985
|move|p1a: Quaquaval|Aqua Step|p2a: LATINO
|-resisted|p2a: LATINO
|-damage|p2a: LATINO|20/100
|-boost|p1a: Quaquaval|spe|1
|move|p2a: LATINO|Air Slash|p1a: Quaquaval
|-supereffective|p1a: Quaquaval
|-damage|p1a: Quaquaval|7/100
|
|-sideend|p1: Soyyo1223|move: Light Screen
|upkeep
|turn|14
|
|t:|1779859996
|move|p1a: Quaquaval|Aqua Step|p2a: LATINO
|-resisted|p2a: LATINO
|-damage|p2a: LATINO|0 fnt
|-boost|p1a: Quaquaval|spe|1
|faint|p2a: LATINO
|-ability|p1a: Quaquaval|Moxie|boost
|-boost|p1a: Quaquaval|atk|1
|
|-sideend|p1: Soyyo1223|Reflect
|upkeep
|
|t:|1779860014
|switch|p2a: AS|Ceruledge, F, shiny|100/100
|-damage|p2a: AS|75/100|[from] Stealth Rock
|turn|15
|
|t:|1779860028
|switch|p1a: Clodsire|Clodsire, M|88/100
|move|p2a: AS|Shadow Sneak|p1a: Clodsire
|-damage|p1a: Clodsire|65/100
|
|-heal|p1a: Clodsire|71/100|[from] item: Black Sludge
|upkeep
|turn|16
|
|t:|1779860040
|move|p2a: AS|Bitter Blade|p1a: Clodsire
|-damage|p1a: Clodsire|18/100
|-heal|p2a: AS|100/100|[from] drain|[of] p1a: Clodsire
|move|p1a: Clodsire|Earthquake|p2a: AS
|-supereffective|p2a: AS
|-damage|p2a: AS|32/100
|-ability|p2a: AS|Weak Armor|boost
|-unboost|p2a: AS|def|1
|-boost|p2a: AS|spe|2
|
|-heal|p1a: Clodsire|24/100|[from] item: Black Sludge
|upkeep
|turn|17
|
|t:|1779860053
|move|p2a: AS|Bitter Blade|p1a: Clodsire
|-damage|p1a: Clodsire|0 fnt
|-heal|p2a: AS|48/100|[from] drain|[of] p1a: Clodsire
|faint|p1a: Clodsire
|
|upkeep
|
|t:|1779860056
|switch|p1a: Rillaboom|Rillaboom, M|100/100
|-fieldstart|move: Grassy Terrain|[from] ability: Grassy Surge|[of] p1a: Rillaboom
|turn|18
|
|t:|1779860064
|-terastallize|p1a: Rillaboom|Ground
|move|p2a: AS|Bitter Blade|p1a: Rillaboom
|-damage|p1a: Rillaboom|42/100
|-heal|p2a: AS|78/100|[from] drain|[of] p1a: Rillaboom
|move|p1a: Rillaboom|High Horsepower|p2a: AS|[miss]
|-miss|p1a: Rillaboom|p2a: AS
|
|-heal|p2a: AS|84/100|[from] Grassy Terrain
|-heal|p1a: Rillaboom|48/100|[from] Grassy Terrain
|upkeep
|turn|19
|-message|Soyyo1223 forfeited.
|
|win|bring09
|raw|Soyyo1223's rating: 1285 &rarr; <strong>1260</strong><br />(-25 for losing)
|raw|bring09's rating: 1287 &rarr; <strong>1312</strong><br />(+25 for winning)
|l|☆Soyyo1223
|player|p1|
|l|☆bring09
|player|p2|
