|j|☆Hanks05
|j|☆Freakshow_09
|t:|1779869054
|gametype|singles
|player|p1|Hanks05|101|1150
|player|p2|Freakshow_09|ethan|1113
|gen|9
|tier|[Gen 9] OU
|rated|
|rule|HP Percentage Mod: HP is shown in percentages
|rule|Endless Battle Clause: Forcing endless battles is banned
|rule|Species Clause: Limit one of each Pokémon
|rule|OHKO Clause: OHKO moves are banned
|rule|Evasion Items Clause: Evasion items are banned
|rule|Evasion Moves Clause: Evasion moves are banned
|rule|Evasion Abilities Clause: Evasion abilities are banned
|rule|Sleep Moves Clause: Sleep-inducing moves are banned
|clearpoke
|poke|p1|Pelipper, M|
|poke|p1|Dragonite, M|
|poke|p1|Raging Bolt|
|poke|p1|Barraskewda, F|
|poke|p1|Great Tusk|
|poke|p1|Gholdengo|
|poke|p2|Typhlosion, M|
|poke|p2|Tyranitar, M|
|poke|p2|Scizor, F|
|poke|p2|Feraligatr, F|
|poke|p2|Skarmory, F|
|poke|p2|Bellossom, F|
|teampreview
|inactive|Battle timer is ON: inactive players will automatically lose when time's up. (requested by Hanks05)
|inactive|Freakshow_09 has 120 seconds left.
|inactive|Freakshow_09 has 90 seconds left.
|inactive|Freakshow_09 has 60 seconds left.
|
|t:|1779869174
|teamsize|p1|6
|teamsize|p2|6
|start
|switch|p1a: Pelipper|Pelipper, M|100/100
|switch|p2a: CODENAME: D.A.R.K|Tyranitar, M|100/100
|-weather|RainDance|[from] ability: Drizzle|[of] p1a: Pelipper
|-weather|Sandstorm|[from] ability: Sand Stream|[of] p2a: CODENAME: D.A.R.K
|turn|1
|
|t:|1779869186
|move|p1a: Pelipper|Hydro Pump|p2a: CODENAME: D.A.R.K|[miss]
|-miss|p1a: Pelipper|p2a: CODENAME: D.A.R.K
|move|p2a: CODENAME: D.A.R.K|Curse|p2a: CODENAME: D.A.R.K
|-unboost|p2a: CODENAME: D.A.R.K|spe|1
|-boost|p2a: CODENAME: D.A.R.K|atk|1
|-boost|p2a: CODENAME: D.A.R.K|def|1
|
|-weather|Sandstorm|[upkeep]
|-damage|p1a: Pelipper|94/100|[from] Sandstorm
|upkeep
|turn|2
|inactive|Freakshow_09 has 120 seconds left.
|
|t:|1779869206
|move|p1a: Pelipper|Hydro Pump|p2a: CODENAME: D.A.R.K|[miss]
|-miss|p1a: Pelipper|p2a: CODENAME: D.A.R.K
|move|p2a: CODENAME: D.A.R.K|Curse|p2a: CODENAME: D.A.R.K
|-unboost|p2a: CODENAME: D.A.R.K|spe|1
|-boost|p2a: CODENAME: D.A.R.K|atk|1
|-boost|p2a: CODENAME: D.A.R.K|def|1
|
|-weather|Sandstorm|[upkeep]
|-damage|p1a: Pelipper|88/100|[from] Sandstorm
|upkeep
|turn|3
|inactive|Freakshow_09 has 120 seconds left.
|
|t:|1779869227
|move|p1a: Pelipper|Hydro Pump|p2a: CODENAME: D.A.R.K
|-supereffective|p2a: CODENAME: D.A.R.K
|-damage|p2a: CODENAME: D.A.R.K|51/100
|move|p2a: CODENAME: D.A.R.K|Crunch|p1a: Pelipper
|-damage|p1a: Pelipper|15/100
|
|-weather|Sandstorm|[upkeep]
|-damage|p1a: Pelipper|9/100|[from] Sandstorm
|-heal|p2a: CODENAME: D.A.R.K|57/100|[from] item: Leftovers
|upkeep
|turn|4
|
|t:|1779869237
|move|p1a: Pelipper|Hydro Pump|p2a: CODENAME: D.A.R.K
|-supereffective|p2a: CODENAME: D.A.R.K
|-damage|p2a: CODENAME: D.A.R.K|12/100
|move|p2a: CODENAME: D.A.R.K|Crunch|p1a: Pelipper
|-damage|p1a: Pelipper|0 fnt
|faint|p1a: Pelipper
|
|-weather|Sandstorm|[upkeep]
|-heal|p2a: CODENAME: D.A.R.K|18/100|[from] item: Leftovers
|upkeep
|
|t:|1779869249
|switch|p1a: Barraskewda|Barraskewda, F|100/100
|turn|5
|
|t:|1779869253
|move|p1a: Barraskewda|Flip Turn|p2a: CODENAME: D.A.R.K
|-supereffective|p2a: CODENAME: D.A.R.K
|-damage|p2a: CODENAME: D.A.R.K|0 fnt
|faint|p2a: CODENAME: D.A.R.K
|inactive|Hanks05 has 120 seconds left.
|
|t:|1779869295
|switch|p1a: Great Tusk|Great Tusk|100/100|[from] Flip Turn
|
|-weather|none
|upkeep
|inactive|Freakshow_09 has 120 seconds left.
|
|t:|1779869311
|switch|p2a: CODENAME: Panzer|Feraligatr, F|100/100
|turn|6
|inactive|Hanks05 has 120 seconds left.
|
|t:|1779869329
|-terastallize|p1a: Great Tusk|Steel
|move|p2a: CODENAME: Panzer|Dragon Dance|p2a: CODENAME: Panzer
|-boost|p2a: CODENAME: Panzer|atk|1
|-boost|p2a: CODENAME: Panzer|spe|1
|move|p1a: Great Tusk|Knock Off|p2a: CODENAME: Panzer
|-damage|p2a: CODENAME: Panzer|69/100
|-enditem|p2a: CODENAME: Panzer|Life Orb|[from] move: Knock Off|[of] p1a: Great Tusk
|
|upkeep
|turn|7
|inactive|Hanks05 has 120 seconds left.
|inactive|Freakshow_09 has 120 seconds left.
|
|t:|1779869352
|move|p2a: CODENAME: Panzer|Waterfall|p1a: Great Tusk
|-damage|p1a: Great Tusk|71/100
|move|p1a: Great Tusk|Earthquake|p2a: CODENAME: Panzer
|-damage|p2a: CODENAME: Panzer|21/100
|
|upkeep
|turn|8
|inactive|Freakshow_09 has 120 seconds left.
|
|t:|1779869358
|move|p2a: CODENAME: Panzer|Waterfall|p1a: Great Tusk
|-damage|p1a: Great Tusk|41/100
|move|p1a: Great Tusk|Earthquake|p2a: CODENAME: Panzer
|-damage|p2a: CODENAME: Panzer|0 fnt
|faint|p2a: CODENAME: Panzer
|
|upkeep
|inactive|Freakshow_09 has 120 seconds left.
|
|t:|1779869372
|switch|p2a: The Red Menace|Scizor, F|100/100
|turn|9
|inactive|Hanks05 has 120 seconds left.
|
|t:|1779869393
|move|p2a: The Red Menace|Close Combat|p1a: Great Tusk
|-supereffective|p1a: Great Tusk
|-damage|p1a: Great Tusk|0 fnt
|-unboost|p2a: The Red Menace|def|1
|-unboost|p2a: The Red Menace|spd|1
|faint|p1a: Great Tusk
|-end|p1a: Great Tusk|Protosynthesis|[silent]
|
|upkeep
|inactive|Hanks05 has 120 seconds left.
|
|t:|1779869409
|switch|p1a: Gholdengo|Gholdengo|100/100
|-item|p1a: Gholdengo|Air Balloon
|turn|10
|
|t:|1779869423
|move|p1a: Gholdengo|Nasty Plot|p1a: Gholdengo
|-boost|p1a: Gholdengo|spa|2
|move|p2a: The Red Menace|Lunge|p1a: Gholdengo
|-resisted|p1a: Gholdengo
|-damage|p1a: Gholdengo|90/100
|-unboost|p1a: Gholdengo|atk|1
|-enditem|p1a: Gholdengo|Air Balloon
|
|upkeep
|turn|11
|inactive|Hanks05 has 120 seconds left.
|
|t:|1779869435
|move|p1a: Gholdengo|Shadow Ball|p2a: The Red Menace
|-damage|p2a: The Red Menace|0 fnt
|faint|p2a: The Red Menace
|
|upkeep
|inactive|Freakshow_09 has 120 seconds left.
|
|t:|1779869466
|switch|p2a: Madame Bloss|Bellossom, F|100/100
|turn|12
|
|t:|1779869478
|move|p1a: Gholdengo|Shadow Ball|p2a: Madame Bloss
|-damage|p2a: Madame Bloss|0 fnt
|faint|p2a: Madame Bloss
|
|upkeep
|inactive|Freakshow_09 has 120 seconds left.
|
|t:|1779869484
|switch|p2a: General Ty|Typhlosion, M|100/100
|turn|13
|
|t:|1779869494
|-terastallize|p2a: General Ty|Fire
|move|p2a: General Ty|Eruption|p1a: Gholdengo
|-supereffective|p1a: Gholdengo
|-damage|p1a: Gholdengo|0 fnt
|faint|p1a: Gholdengo
|
|upkeep
|
|t:|1779869502
|switch|p1a: Barraskewda|Barraskewda, F|100/100
|turn|14
|inactive|Freakshow_09 has 120 seconds left.
|
|t:|1779869541
|switch|p2a: Lieutenant Skar|Skarmory, F|100/100
|move|p1a: Barraskewda|Liquidation|p2a: Lieutenant Skar
|-damage|p2a: Lieutenant Skar|50/100
|-unboost|p2a: Lieutenant Skar|def|1
|-ability|p2a: Lieutenant Skar|Weak Armor|boost
|-unboost|p2a: Lieutenant Skar|def|1
|-boost|p2a: Lieutenant Skar|spe|2
|
|-heal|p2a: Lieutenant Skar|56/100|[from] item: Leftovers
|upkeep
|turn|15
|
|t:|1779869552
|move|p1a: Barraskewda|Liquidation|p2a: Lieutenant Skar
|-damage|p2a: Lieutenant Skar|0 fnt
|faint|p2a: Lieutenant Skar
|
|upkeep
|
|t:|1779869556
|switch|p2a: General Ty|Typhlosion, M, tera:Fire|100/100
|turn|16
|
|t:|1779869561
|move|p2a: General Ty|Scorching Sands|p1a: Barraskewda
|-damage|p1a: Barraskewda|51/100
|-status|p1a: Barraskewda|brn
|move|p1a: Barraskewda|Liquidation|p2a: General Ty
|-supereffective|p2a: General Ty
|-damage|p2a: General Ty|10/100
|
|-damage|p1a: Barraskewda|45/100 brn|[from] brn
|upkeep
|turn|17
|
|t:|1779869571
|move|p2a: General Ty|Scorching Sands|p1a: Barraskewda
|-damage|p1a: Barraskewda|0 fnt
|faint|p1a: Barraskewda
|
|upkeep
|
|t:|1779869576
|switch|p1a: Dragonite|Dragonite, M|100/100
|turn|18
|
|t:|1779869582
|move|p2a: General Ty|Scorching Sands|p1a: Dragonite
|-immune|p1a: Dragonite
|move|p1a: Dragonite|Thunder|p2a: General Ty
|-damage|p2a: General Ty|0 fnt
|faint|p2a: General Ty
|
|win|Hanks05
|raw|Hanks05's rating: 1150 &rarr; <strong>1172</strong><br />(+22 for winning)
|raw|Freakshow_09's rating: 1113 &rarr; <strong>1091</strong><br />(-22 for losing)
|l|☆Freakshow_09
|player|p2|
|l|☆Hanks05
|player|p1|
