|j|☆dublinbosd
|j|☆claudechamp
|t:|1779804747
|gametype|singles
|player|p1|dublinbosd|101|1353
|player|p2|claudechamp|265|1322
|gen|9
|tier|[Gen 9] OU
|rated|
|rule|HP Percentage Mod: HP is shown in percentages
|rule|Endless Battle Clause: Forcing endless battles is banned
|rule|Species Clause: Limit one of each Pokémon
|rule|OHKO Clause: OHKO moves are banned
|rule|Evasion Items Clause: Evasion items are banned
|rule|Evasion Moves Clause: Evasion moves are banned
|rule|Evasion Abilities Clause: Evasion abilities are banned
|rule|Sleep Moves Clause: Sleep-inducing moves are banned
|clearpoke
|poke|p1|Gholdengo|
|poke|p1|Iron Valiant|
|poke|p1|Ogerpon-Wellspring, F|
|poke|p1|Iron Treads|
|poke|p1|Politoed, M|
|poke|p1|Zapdos|
|poke|p2|Corviknight, F|
|poke|p2|Ting-Lu|
|poke|p2|Kyurem|
|poke|p2|Dondozo, M|
|poke|p2|Slowking-Galar, F|
|poke|p2|Cinderace, M|
|teampreview
|c|☆claudechamp|hf
|inactive|Battle timer is ON: inactive players will automatically lose when time's up. (requested by claudechamp)
|
|t:|1779804756
|teamsize|p1|6
|teamsize|p2|6
|start
|switch|p1a: Politoed|Politoed, M|100/100
|switch|p2a: Cinderace|Cinderace, M|100/100
|-weather|RainDance|[from] ability: Drizzle|[of] p1a: Politoed
|turn|1
|
|t:|1779804764
|move|p2a: Cinderace|U-turn|p1a: Politoed
|-damage|p1a: Politoed|78/100
|
|t:|1779804767
|switch|p2a: Kyurem|Kyurem|100/100|[from] U-turn
|-ability|p2a: Kyurem|Pressure
|move|p1a: Politoed|Weather Ball|p2a: Kyurem
|-resisted|p2a: Kyurem
|-damage|p2a: Kyurem|67/100
|
|-weather|RainDance|[upkeep]
|-heal|p2a: Kyurem|74/100|[from] item: Leftovers
|upkeep
|turn|2
|
|t:|1779804779
|switch|p1a: Gholdengo|Gholdengo|100/100
|move|p2a: Kyurem|Earth Power|p1a: Gholdengo
|-supereffective|p1a: Gholdengo
|-damage|p1a: Gholdengo|28/100
|
|-weather|RainDance|[upkeep]
|-heal|p2a: Kyurem|80/100|[from] item: Leftovers
|upkeep
|turn|3
|
|t:|1779804785
|move|p1a: Gholdengo|Make It Rain|p2a: Kyurem
|-supereffective|p2a: Kyurem
|-damage|p2a: Kyurem|0 fnt
|-unboost|p1a: Gholdengo|spa|1
|faint|p2a: Kyurem
|
|-weather|RainDance|[upkeep]
|upkeep
|
|t:|1779804787
|switch|p2a: Slowking|Slowking-Galar, F|100/100
|turn|4
|
|t:|1779804798
|move|p1a: Gholdengo|Make It Rain|p2a: Slowking
|-damage|p2a: Slowking|64/100
|-unboost|p1a: Gholdengo|spa|1
|move|p2a: Slowking|Future Sight|p1a: Gholdengo
|-start|p2a: Slowking|move: Future Sight
|
|-weather|RainDance|[upkeep]
|upkeep
|turn|5
|
|t:|1779804805
|switch|p2a: Ting-Lu|Ting-Lu|100/100
|-ability|p2a: Ting-Lu|Vessel of Ruin
|move|p1a: Gholdengo|Make It Rain|p2a: Ting-Lu
|-damage|p2a: Ting-Lu|86/100
|-unboost|p1a: Gholdengo|spa|1
|
|-weather|RainDance|[upkeep]
|-heal|p2a: Ting-Lu|93/100|[from] item: Leftovers
|upkeep
|turn|6
|
|t:|1779804813
|move|p1a: Gholdengo|Make It Rain|p2a: Ting-Lu
|-damage|p2a: Ting-Lu|82/100
|-unboost|p1a: Gholdengo|spa|1
|move|p2a: Ting-Lu|Earthquake|p1a: Gholdengo
|-supereffective|p1a: Gholdengo
|-damage|p1a: Gholdengo|0 fnt
|faint|p1a: Gholdengo
|
|-weather|RainDance|[upkeep]
|-hint|Future Sight did not hit because the target is fainted.
|-heal|p2a: Ting-Lu|88/100|[from] item: Leftovers
|upkeep
|
|t:|1779804821
|switch|p1a: Ogerpon|Ogerpon-Wellspring, F|100/100
|turn|7
|
|t:|1779804825
|-terastallize|p2a: Ting-Lu|Water
|move|p1a: Ogerpon|Ivy Cudgel|p2a: Ting-Lu|[anim] Ivy Cudgel Water
|-resisted|p2a: Ting-Lu
|-damage|p2a: Ting-Lu|66/100
|move|p2a: Ting-Lu|Payback|p1a: Ogerpon
|-damage|p1a: Ogerpon|51/100
|
|-weather|RainDance|[upkeep]
|-heal|p2a: Ting-Lu|72/100|[from] item: Leftovers
|upkeep
|turn|8
|
|t:|1779804829
|move|p1a: Ogerpon|Power Whip|p2a: Ting-Lu
|-supereffective|p2a: Ting-Lu
|-damage|p2a: Ting-Lu|0 fnt
|faint|p2a: Ting-Lu
|
|-weather|none
|upkeep
|
|t:|1779804831
|switch|p2a: Slowking|Slowking-Galar, F|97/100
|turn|9
|
|t:|1779804837
|move|p1a: Ogerpon|Ivy Cudgel|p2a: Slowking|[anim] Ivy Cudgel Water
|-damage|p2a: Slowking|56/100
|move|p2a: Slowking|Sludge Bomb|p1a: Ogerpon
|-supereffective|p1a: Ogerpon
|-damage|p1a: Ogerpon|0 fnt
|faint|p1a: Ogerpon
|
|upkeep
|
|t:|1779804840
|switch|p1a: Politoed|Politoed, M|78/100
|-weather|RainDance|[from] ability: Drizzle|[of] p1a: Politoed
|turn|10
|
|t:|1779804845
|switch|p1a: Iron Treads|Iron Treads|100/100
|switch|p2a: Dondozo|Dondozo, M|100/100
|
|-weather|RainDance|[upkeep]
|upkeep
|turn|11
|
|t:|1779804852
|-end|p1a: Iron Treads|Quark Drive|[silent]
|switch|p1a: Zapdos|Zapdos|100/100
|move|p2a: Dondozo|Waterfall|p1a: Zapdos
|-damage|p1a: Zapdos|52/100
|-status|p2a: Dondozo|par|[from] ability: Static|[of] p1a: Zapdos
|
|-weather|RainDance|[upkeep]
|upkeep
|turn|12
|
|t:|1779804860
|move|p1a: Zapdos|Thunder|p2a: Dondozo
|-supereffective|p2a: Dondozo
|-damage|p2a: Dondozo|0 fnt
|faint|p2a: Dondozo
|
|-weather|RainDance|[upkeep]
|upkeep
|
|t:|1779804862
|switch|p2a: Slowking|Slowking-Galar, F|89/100
|turn|13
|
|t:|1779804865
|move|p1a: Zapdos|Thunder|p2a: Slowking
|-damage|p2a: Slowking|26/100
|-status|p2a: Slowking|par
|-prepare|p2a: Slowking|Chilly Reception|[premajor]
|move|p2a: Slowking|Chilly Reception|p2a: Slowking
|-weather|Snowscape
|
|t:|1779804868
|switch|p2a: Cinderace|Cinderace, M|100/100|[from] Chilly Reception
|
|-weather|Snowscape|[upkeep]
|upkeep
|turn|14
|
|t:|1779804872
|move|p2a: Cinderace|U-turn|p1a: Zapdos
|-resisted|p1a: Zapdos
|-damage|p1a: Zapdos|40/100
|-status|p2a: Cinderace|par|[from] ability: Static|[of] p1a: Zapdos
|
|t:|1779804878
|switch|p2a: Slowking|Slowking-Galar, F|59/100 par|[from] U-turn
|move|p1a: Zapdos|Thunder|p2a: Slowking
|-damage|p2a: Slowking|0 fnt
|faint|p2a: Slowking
|
|-weather|Snowscape|[upkeep]
|upkeep
|
|t:|1779804881
|switch|p2a: Cinderace|Cinderace, M|100/100 par
|turn|15
|
|t:|1779804887
|switch|p1a: Politoed|Politoed, M|78/100
|-weather|RainDance|[from] ability: Drizzle|[of] p1a: Politoed
|move|p2a: Cinderace|Will-O-Wisp|p1a: Politoed
|-status|p1a: Politoed|brn
|
|-weather|RainDance|[upkeep]
|-damage|p1a: Politoed|72/100 brn|[from] brn
|upkeep
|turn|16
|
|t:|1779804902
|cant|p2a: Cinderace|par
|move|p1a: Politoed|Weather Ball|p2a: Cinderace
|-supereffective|p2a: Cinderace
|-damage|p2a: Cinderace|0 fnt
|faint|p2a: Cinderace
|
|-weather|RainDance|[upkeep]
|-damage|p1a: Politoed|66/100 brn|[from] brn
|upkeep
|
|t:|1779804905
|switch|p2a: Corviknight|Corviknight, F|100/100
|-ability|p2a: Corviknight|Pressure
|turn|17
|
|t:|1779804910
|move|p1a: Politoed|Rest|p1a: Politoed
|-status|p1a: Politoed|slp|[from] move: Rest
|-heal|p1a: Politoed|100/100 slp|[silent]
|move|p2a: Corviknight|Brave Bird|p1a: Politoed
|-damage|p1a: Politoed|61/100 slp
|-damage|p2a: Corviknight|88/100|[from] Recoil
|
|-weather|RainDance|[upkeep]
|upkeep
|turn|18
|
|t:|1779804914
|cant|p1a: Politoed|slp
|move|p1a: Politoed|Sleep Talk|p1a: Politoed
|move|p1a: Politoed|Ice Beam|p2a: Corviknight|[from] move: Sleep Talk
|-damage|p2a: Corviknight|63/100
|-status|p2a: Corviknight|frz
|cant|p2a: Corviknight|frz
|
|-weather|RainDance|[upkeep]
|upkeep
|turn|19
|
|t:|1779804925
|cant|p1a: Politoed|slp
|move|p1a: Politoed|Sleep Talk|p1a: Politoed
|move|p1a: Politoed|Ice Beam|p2a: Corviknight|[from] move: Sleep Talk
|-damage|p2a: Corviknight|38/100 frz
|cant|p2a: Corviknight|frz
|
|-weather|RainDance|[upkeep]
|upkeep
|turn|20
|
|t:|1779804933
|-curestatus|p1a: Politoed|slp|[msg]
|move|p1a: Politoed|Weather Ball|p2a: Corviknight
|-damage|p2a: Corviknight|0 fnt
|faint|p2a: Corviknight
|
|win|dublinbosd
|raw|dublinbosd's rating: 1353 &rarr; <strong>1372</strong><br />(+19 for winning)
|raw|claudechamp's rating: 1342 &rarr; <strong>1323</strong><br />(-19 for losing)
|c|☆claudechamp|gg
|l|☆claudechamp
|player|p2|
|c|☆dublinbosd|GG
|l|☆dublinbosd
|player|p1|
