|j|☆miemg
|j|☆scar_bracho
|t:|1779870270
|gametype|singles
|player|p1|miemg|hiker|1111
|player|p2|scar_bracho|shadowtriad|1129
|gen|9
|tier|[Gen 9] OU
|rated|
|rule|HP Percentage Mod: HP is shown in percentages
|rule|Endless Battle Clause: Forcing endless battles is banned
|rule|Species Clause: Limit one of each Pokémon
|rule|OHKO Clause: OHKO moves are banned
|rule|Evasion Items Clause: Evasion items are banned
|rule|Evasion Moves Clause: Evasion moves are banned
|rule|Evasion Abilities Clause: Evasion abilities are banned
|rule|Sleep Moves Clause: Sleep-inducing moves are banned
|clearpoke
|poke|p1|Glimmora, F|
|poke|p1|Gholdengo|
|poke|p1|Garganacl, M|
|poke|p1|Gliscor, F|
|poke|p1|Moltres|
|poke|p1|Ting-Lu|
|poke|p2|Infernape, F|
|poke|p2|Porygon-Z|
|poke|p2|Bisharp, F|
|poke|p2|Sableye, F|
|poke|p2|Araquanid, M|
|poke|p2|Tentacruel, M|
|teampreview
|inactive|Battle timer is ON: inactive players will automatically lose when time's up. (requested by scar_bracho)
|
|t:|1779870277
|teamsize|p1|6
|teamsize|p2|6
|start
|switch|p1a: Glimmora|Glimmora, F|100/100
|switch|p2a: Bisharp|Bisharp, F|100/100
|turn|1
|
|t:|1779870291
|move|p1a: Glimmora|Stealth Rock|p2a: Bisharp
|-sidestart|p2: scar_bracho|move: Stealth Rock
|move|p2a: Bisharp|Stealth Rock|p1a: Glimmora
|-sidestart|p1: miemg|move: Stealth Rock
|
|upkeep
|turn|2
|
|t:|1779870302
|move|p1a: Glimmora|Energy Ball|p2a: Bisharp
|-resisted|p2a: Bisharp
|-damage|p2a: Bisharp|87/100
|move|p2a: Bisharp|Thunder Wave|p1a: Glimmora
|-status|p1a: Glimmora|par
|
|upkeep
|turn|3
|
|t:|1779870310
|move|p2a: Bisharp|Iron Head|p1a: Glimmora
|-supereffective|p1a: Glimmora
|-damage|p1a: Glimmora|1/100 par
|-activate|p1a: Glimmora|ability: Toxic Debris
|-sidestart|p2: scar_bracho|move: Toxic Spikes
|cant|p1a: Glimmora|flinch
|
|upkeep
|turn|4
|
|t:|1779870316
|move|p2a: Bisharp|Iron Head|p1a: Glimmora
|-supereffective|p1a: Glimmora
|-damage|p1a: Glimmora|0 fnt
|-activate|p1a: Glimmora|ability: Toxic Debris
|-sidestart|p2: scar_bracho|move: Toxic Spikes
|faint|p1a: Glimmora
|
|upkeep
|
|t:|1779870322
|switch|p1a: Moltres|Moltres|100/100
|turn|5
|
|t:|1779870326
|move|p1a: Moltres|Flamethrower|p2a: Bisharp
|-supereffective|p2a: Bisharp
|-damage|p2a: Bisharp|14/100
|move|p2a: Bisharp|Thunder Wave|p1a: Moltres
|-status|p1a: Moltres|par
|
|upkeep
|turn|6
|
|t:|1779870334
|switch|p2a: Tentacruel|Tentacruel, M|100/100
|-damage|p2a: Tentacruel|88/100|[from] Stealth Rock
|-sideend|p2: scar_bracho|move: Toxic Spikes|[of] p2a: Tentacruel
|cant|p1a: Moltres|par
|
|-heal|p2a: Tentacruel|94/100|[from] item: Black Sludge
|upkeep
|turn|7
|
|t:|1779870341
|switch|p1a: Ting-Lu|Ting-Lu|100/100
|-damage|p1a: Ting-Lu|94/100|[from] Stealth Rock
|-ability|p1a: Ting-Lu|Vessel of Ruin
|move|p2a: Tentacruel|Rapid Spin|p1a: Ting-Lu
|-damage|p1a: Ting-Lu|90/100
|-boost|p2a: Tentacruel|spe|1
|-sideend|p2: scar_bracho|Stealth Rock|[from] move: Rapid Spin|[of] p2a: Tentacruel
|
|-heal|p2a: Tentacruel|99/100|[from] item: Black Sludge
|-heal|p1a: Ting-Lu|96/100|[from] item: Leftovers
|upkeep
|turn|8
|
|t:|1779870356
|move|p2a: Tentacruel|Toxic|p1a: Ting-Lu
|-status|p1a: Ting-Lu|tox
|move|p1a: Ting-Lu|Earthquake|p2a: Tentacruel
|-supereffective|p2a: Tentacruel
|-damage|p2a: Tentacruel|0 fnt
|faint|p2a: Tentacruel
|
|-heal|p1a: Ting-Lu|100/100 tox|[from] item: Leftovers
|-damage|p1a: Ting-Lu|94/100 tox|[from] psn
|upkeep
|
|t:|1779870365
|switch|p2a: Araquanid|Araquanid, M|100/100
|turn|9
|
|t:|1779870382
|switch|p1a: Gholdengo|Gholdengo|100/100
|-damage|p1a: Gholdengo|94/100|[from] Stealth Rock
|-item|p1a: Gholdengo|Air Balloon
|move|p2a: Araquanid|Sticky Web|p1a: Gholdengo
|-sidestart|p1: miemg|move: Sticky Web
|
|upkeep
|turn|10
|
|t:|1779870391
|move|p1a: Gholdengo|Nasty Plot|p1a: Gholdengo
|-boost|p1a: Gholdengo|spa|2
|move|p2a: Araquanid|Liquidation|p1a: Gholdengo
|-damage|p1a: Gholdengo|49/100
|-unboost|p1a: Gholdengo|def|1
|-enditem|p1a: Gholdengo|Air Balloon
|
|upkeep
|turn|11
|
|t:|1779870404
|move|p1a: Gholdengo|Hex|p2a: Araquanid
|-damage|p2a: Araquanid|42/100
|move|p2a: Araquanid|Liquidation|p1a: Gholdengo
|-damage|p1a: Gholdengo|0 fnt
|faint|p1a: Gholdengo
|
|upkeep
|
|t:|1779870414
|switch|p1a: Gliscor|Gliscor, F|100/100
|-damage|p1a: Gliscor|88/100|[from] Stealth Rock
|turn|12
|
|t:|1779870418
|move|p1a: Gliscor|Toxic|p2a: Araquanid
|-status|p2a: Araquanid|tox
|move|p2a: Araquanid|Liquidation|p1a: Gliscor
|-supereffective|p1a: Gliscor
|-damage|p1a: Gliscor|30/100
|
|-damage|p2a: Araquanid|36/100 tox|[from] psn
|-status|p1a: Gliscor|tox|[from] item: Toxic Orb
|upkeep
|turn|13
|
|t:|1779870428
|move|p1a: Gliscor|Protect|p1a: Gliscor
|-singleturn|p1a: Gliscor|Protect
|move|p2a: Araquanid|Liquidation|p1a: Gliscor
|-activate|p1a: Gliscor|move: Protect
|
|-heal|p1a: Gliscor|43/100 tox|[from] ability: Poison Heal
|-damage|p2a: Araquanid|23/100 tox|[from] psn
|upkeep
|turn|14
|-enditem|p2a: Araquanid|Custap Berry|[eat]
|-activate|p2a: Araquanid|item: Custap Berry|[consumed]
|
|t:|1779870438
|switch|p1a: Ting-Lu|Ting-Lu|94/100 tox
|-damage|p1a: Ting-Lu|88/100 tox|[from] Stealth Rock
|-activate|p1a: Ting-Lu|move: Sticky Web
|-unboost|p1a: Ting-Lu|spe|1
|-ability|p1a: Ting-Lu|Vessel of Ruin
|move|p2a: Araquanid|Liquidation|p1a: Ting-Lu
|-supereffective|p1a: Ting-Lu
|-damage|p1a: Ting-Lu|44/100 tox
|
|-heal|p1a: Ting-Lu|51/100 tox|[from] item: Leftovers
|-damage|p2a: Araquanid|5/100 tox|[from] psn
|-damage|p1a: Ting-Lu|44/100 tox|[from] psn
|upkeep
|turn|15
|
|t:|1779870452
|switch|p1a: Moltres|Moltres|100/100 par
|move|p2a: Araquanid|Endeavor|p1a: Moltres
|-damage|p1a: Moltres|4/100 par
|
|-damage|p2a: Araquanid|0 fnt|[from] psn
|faint|p2a: Araquanid
|upkeep
|-message|miemg forfeited.
|
|win|scar_bracho
|raw|miemg's rating: 1111 &rarr; <strong>1087</strong><br />(-24 for losing)
|raw|scar_bracho's rating: 1129 &rarr; <strong>1153</strong><br />(+24 for winning)
|l|☆miemg
|player|p1|
|l|☆scar_bracho
|player|p2|
