|j|☆ikki1998
|j|☆Shivendra200927
|t:|1779821150
|gametype|singles
|player|p1|ikki1998|265|1077
|player|p2|Shivendra200927|steven|1050
|gen|9
|tier|[Gen 9] OU
|rated|
|rule|HP Percentage Mod: HP is shown in percentages
|rule|Endless Battle Clause: Forcing endless battles is banned
|rule|Species Clause: Limit one of each Pokémon
|rule|OHKO Clause: OHKO moves are banned
|rule|Evasion Items Clause: Evasion items are banned
|rule|Evasion Moves Clause: Evasion moves are banned
|rule|Evasion Abilities Clause: Evasion abilities are banned
|rule|Sleep Moves Clause: Sleep-inducing moves are banned
|clearpoke
|poke|p1|Zoroark-Hisui, F|
|poke|p1|Porygon-Z|
|poke|p1|Ambipom, F|
|poke|p1|Ursaluna, F|
|poke|p1|Grafaiai, M|
|poke|p1|Cyclizar, M|
|poke|p2|Suicune|
|poke|p2|Registeel|
|poke|p2|Hattrem, F|
|poke|p2|Scorbunny, M|
|poke|p2|Cutiefly, F|
|poke|p2|Snorunt, M|
|teampreview
|inactive|Battle timer is ON: inactive players will automatically lose when time's up. (requested by Shivendra200927)
|
|t:|1779821246
|teamsize|p1|6
|teamsize|p2|6
|start
|switch|p1a: Ambipom|Ambipom, F|100/100
|switch|p2a: Hattrem|Hattrem, F|100/100
|turn|1
|
|t:|1779821265
|move|p1a: Ambipom|Fake Out|p2a: Hattrem
|-damage|p2a: Hattrem|59/100
|cant|p2a: Hattrem|flinch
|
|upkeep
|turn|2
|
|t:|1779821268
|move|p1a: Ambipom|Thief|p2a: Hattrem
|-supereffective|p2a: Hattrem
|-damage|p2a: Hattrem|0 fnt
|faint|p2a: Hattrem
|
|upkeep
|
|t:|1779821278
|switch|p2a: Cutiefly|Cutiefly, F|100/100
|turn|3
|
|t:|1779821283
|move|p1a: Ambipom|Triple Axel|p2a: Cutiefly
|-damage|p2a: Cutiefly|72/100
|-damage|p2a: Cutiefly|15/100
|-damage|p2a: Cutiefly|0 fnt
|faint|p2a: Cutiefly
|-hitcount|p2: Cutiefly|3
|
|upkeep
|
|t:|1779821296
|switch|p2a: Registeel|Registeel|100/100
|turn|4
|
|t:|1779821304
|switch|p1a: Cyclizar|Cyclizar, M|100/100
|move|p2a: Registeel|Stealth Rock|p1a: Cyclizar
|-sidestart|p1: ikki1998|move: Stealth Rock
|
|upkeep
|turn|5
|
|t:|1779821308
|move|p1a: Cyclizar|Focus Blast|p2a: Registeel|[miss]
|-miss|p1a: Cyclizar|p2a: Registeel
|move|p2a: Registeel|Thunder Wave|p1a: Cyclizar
|-status|p1a: Cyclizar|par
|
|upkeep
|turn|6
|
|t:|1779821311
|move|p1a: Cyclizar|Focus Blast|p2a: Registeel|[miss]
|-miss|p1a: Cyclizar|p2a: Registeel
|move|p2a: Registeel|Iron Head|p1a: Cyclizar
|-damage|p1a: Cyclizar|36/100 par
|replace|p1a: Zoroark|Zoroark-Hisui, F
|-end|p1a: Zoroark|Illusion
|
|upkeep
|turn|7
|
|t:|1779821315
|move|p1a: Zoroark|Focus Blast|p2a: Registeel
|-supereffective|p2a: Registeel
|-damage|p2a: Registeel|38/100
|-enditem|p2a: Registeel|Sitrus Berry|[eat]
|-heal|p2a: Registeel|63/100|[from] item: Sitrus Berry
|move|p2a: Registeel|Iron Head|p1a: Zoroark
|-damage|p1a: Zoroark|0 fnt
|faint|p1a: Zoroark
|
|upkeep
|
|t:|1779821321
|switch|p1a: Cyclizar|Cyclizar, M|100/100
|-damage|p1a: Cyclizar|88/100|[from] Stealth Rock
|turn|8
|
|t:|1779821323
|move|p1a: Cyclizar|Overheat|p2a: Registeel
|-supereffective|p2a: Registeel
|-damage|p2a: Registeel|0 fnt
|-unboost|p1a: Cyclizar|spa|2
|faint|p2a: Registeel
|
|upkeep
|
|t:|1779821327
|switch|p2a: Suicune|Suicune|100/100
|-ability|p2a: Suicune|Pressure
|turn|9
|
|t:|1779821332
|switch|p1a: Grafaiai|Grafaiai, M|100/100
|-damage|p1a: Grafaiai|88/100|[from] Stealth Rock
|move|p2a: Suicune|Substitute|p2a: Suicune
|-start|p2a: Suicune|Substitute
|-damage|p2a: Suicune|76/100
|
|-heal|p1a: Grafaiai|94/100|[from] item: Leftovers
|-heal|p2a: Suicune|82/100|[from] item: Leftovers
|upkeep
|turn|10
|
|t:|1779821340
|move|p1a: Grafaiai|Encore|p2a: Suicune
|-start|p2a: Suicune|Encore
|move|p2a: Suicune|Substitute|p2a: Suicune
|-fail|p2a: Suicune|move: Substitute
|
|-heal|p1a: Grafaiai|99/100|[from] item: Leftovers
|-heal|p2a: Suicune|88/100|[from] item: Leftovers
|upkeep
|turn|11
|
|t:|1779821345
|switch|p2a: Snorunt|Snorunt, M|100/100
|move|p1a: Grafaiai|Parting Shot|p2a: Snorunt
|-unboost|p2a: Snorunt|atk|1
|-unboost|p2a: Snorunt|spa|1
|
|t:|1779821353
|switch|p1a: Ambipom|Ambipom, F|100/100|[from] Parting Shot
|-damage|p1a: Ambipom|88/100|[from] Stealth Rock
|
|upkeep
|turn|12
|
|t:|1779821359
|move|p1a: Ambipom|Fake Out|p2a: Snorunt
|-crit|p2a: Snorunt
|-damage|p2a: Snorunt|54/100
|move|p2a: Snorunt|Ice Beam|p1a: Ambipom
|-damage|p1a: Ambipom|70/100
|
|upkeep
|turn|13
|
|t:|1779821365
|move|p2a: Snorunt|Protect|p2a: Snorunt
|-singleturn|p2a: Snorunt|Protect
|move|p1a: Ambipom|Brick Break|p2a: Snorunt
|-activate|p2a: Snorunt|move: Protect
|
|upkeep
|turn|14
|
|t:|1779821370
|move|p1a: Ambipom|Brick Break|p2a: Snorunt
|-supereffective|p2a: Snorunt
|-damage|p2a: Snorunt|5/100
|move|p2a: Snorunt|Ice Beam|p1a: Ambipom
|-damage|p1a: Ambipom|49/100
|
|upkeep
|turn|15
|inactive|ikki1998 has 120 seconds left.
|inactive|ikki1998 has 90 seconds left.
|
|t:|1779821434
|move|p2a: Snorunt|Ice Shard|p1a: Ambipom
|-damage|p1a: Ambipom|39/100
|move|p1a: Ambipom|Brick Break|p2a: Snorunt
|-supereffective|p2a: Snorunt
|-damage|p2a: Snorunt|0 fnt
|faint|p2a: Snorunt
|
|upkeep
|
|t:|1779821446
|switch|p2a: Suicune|Suicune|88/100
|-ability|p2a: Suicune|Pressure
|turn|16
|
|t:|1779821459
|move|p1a: Ambipom|Thief|p2a: Suicune
|-damage|p2a: Suicune|70/100
|move|p2a: Suicune|Calm Mind|p2a: Suicune
|-boost|p2a: Suicune|spa|1
|-boost|p2a: Suicune|spd|1
|
|-heal|p2a: Suicune|76/100|[from] item: Leftovers
|upkeep
|turn|17
|
|t:|1779821466
|switch|p1a: Grafaiai|Grafaiai, M|99/100
|-damage|p1a: Grafaiai|88/100|[from] Stealth Rock
|move|p2a: Suicune|Scald|p1a: Grafaiai
|-damage|p1a: Grafaiai|51/100
|
|-heal|p1a: Grafaiai|57/100|[from] item: Leftovers
|-heal|p2a: Suicune|82/100|[from] item: Leftovers
|upkeep
|turn|18
|
|t:|1779821475
|-terastallize|p2a: Suicune|Water
|move|p1a: Grafaiai|Taunt|p2a: Suicune
|-start|p2a: Suicune|move: Taunt
|move|p2a: Suicune|Scald|p1a: Grafaiai
|-damage|p1a: Grafaiai|13/100
|
|-heal|p1a: Grafaiai|19/100|[from] item: Leftovers
|-heal|p2a: Suicune|88/100|[from] item: Leftovers
|upkeep
|turn|19
|
|t:|1779821487
|move|p1a: Grafaiai|Toxic|p2a: Suicune
|-status|p2a: Suicune|tox
|move|p2a: Suicune|Scald|p1a: Grafaiai
|-damage|p1a: Grafaiai|0 fnt
|faint|p1a: Grafaiai
|
|-heal|p2a: Suicune|94/100 tox|[from] item: Leftovers
|-damage|p2a: Suicune|88/100 tox|[from] psn
|upkeep
|
|t:|1779821492
|switch|p1a: Ambipom|Ambipom, F|39/100
|-damage|p1a: Ambipom|27/100|[from] Stealth Rock
|turn|20
|
|t:|1779821496
|move|p1a: Ambipom|Fake Out|p2a: Suicune
|-damage|p2a: Suicune|72/100 tox
|cant|p2a: Suicune|flinch
|
|-heal|p2a: Suicune|78/100 tox|[from] item: Leftovers
|-damage|p2a: Suicune|66/100 tox|[from] psn
|-end|p2a: Suicune|move: Taunt
|upkeep
|turn|21
|inactive|ikki1998 has 120 seconds left.
|inactive|ikki1998 has 90 seconds left.
|
|t:|1779821569
|move|p1a: Ambipom|Brick Break|p2a: Suicune
|-damage|p2a: Suicune|51/100 tox
|move|p2a: Suicune|Scald|p1a: Ambipom
|-damage|p1a: Ambipom|0 fnt
|faint|p1a: Ambipom
|
|-heal|p2a: Suicune|57/100 tox|[from] item: Leftovers
|-damage|p2a: Suicune|39/100 tox|[from] psn
|upkeep
|
|t:|1779821578
|switch|p1a: Cyclizar|Cyclizar, M|100/100
|-damage|p1a: Cyclizar|88/100|[from] Stealth Rock
|turn|22
|inactive|Shivendra200927 has 120 seconds left.
|
|t:|1779821622
|move|p1a: Cyclizar|Thunderbolt|p2a: Suicune
|-supereffective|p2a: Suicune
|-damage|p2a: Suicune|5/100 tox
|move|p2a: Suicune|Ice Beam|p1a: Cyclizar
|-supereffective|p1a: Cyclizar
|-damage|p1a: Cyclizar|0 fnt
|faint|p1a: Cyclizar
|
|-heal|p2a: Suicune|11/100 tox|[from] item: Leftovers
|-damage|p2a: Suicune|0 fnt|[from] psn
|faint|p2a: Suicune
|upkeep
|inactive|ikki1998 has 60 seconds left.
|inactive|ikki1998 has 30 seconds left.
|inactive|ikki1998 has 20 seconds left.
|inactive|ikki1998 has 15 seconds left.
|inactive|ikki1998 has 10 seconds left.
|
|t:|1779821703
|switch|p1a: Ursaluna|Ursaluna, F|100/100
|switch|p2a: Scorbunny|Scorbunny, M|100/100
|-damage|p1a: Ursaluna|94/100|[from] Stealth Rock
|turn|23
|inactive|ikki1998 has 20 seconds left this turn.
|inactive|Shivendra200927 has 90 seconds left.
|inactive|Shivendra200927 has 60 seconds left.
|inactive|Shivendra200927 has 30 seconds left.
|inactive|Shivendra200927 has 20 seconds left.
|inactive|Shivendra200927 has 15 seconds left.
|
|t:|1779821810
|move|p2a: Scorbunny|High Jump Kick|p1a: Ursaluna
|-start|p2a: Scorbunny|typechange|Fighting|[from] ability: Libero
|-supereffective|p1a: Ursaluna
|-damage|p1a: Ursaluna|42/100
|move|p1a: Ursaluna|Earthquake|p2a: Scorbunny
|-enditem|p2a: Scorbunny|Focus Sash
|-damage|p2a: Scorbunny|1/100
|
|-heal|p1a: Ursaluna|48/100|[from] item: Leftovers
|upkeep
|turn|24
|inactive|ikki1998 has 30 seconds left this turn.
|inactive|Shivendra200927 has 25 seconds left this turn.
|inactive|Shivendra200927 has 20 seconds left.
|inactive|ikki1998 has 20 seconds left.
|inactive|ikki1998 has 15 seconds left.
|inactive|ikki1998 has 10 seconds left.
|inactive|ikki1998 has 5 seconds left.
|-message|ikki1998 lost due to inactivity.
|
|win|Shivendra200927
|raw|ikki1998's rating: 1077 &rarr; <strong>1056</strong><br />(-21 for losing)
|raw|Shivendra200927's rating: 1084 &rarr; <strong>1111</strong><br />(+27 for winning)
|l|☆ikki1998
|player|p1|
