|j|☆Vskajx
|j|☆Mathchamp
|t:|1779963134
|gametype|singles
|player|p1|Vskajx|gambler|1341
|player|p2|Mathchamp|backersf|1328
|gen|9
|tier|[Gen 9] OU
|rated|
|rule|HP Percentage Mod: HP is shown in percentages
|rule|Endless Battle Clause: Forcing endless battles is banned
|rule|Species Clause: Limit one of each Pokémon
|rule|OHKO Clause: OHKO moves are banned
|rule|Evasion Items Clause: Evasion items are banned
|rule|Evasion Moves Clause: Evasion moves are banned
|rule|Evasion Abilities Clause: Evasion abilities are banned
|rule|Sleep Moves Clause: Sleep-inducing moves are banned
|clearpoke
|poke|p1|Rillaboom, M|
|poke|p1|Serperior, F|
|poke|p1|Heatran, F|
|poke|p1|Gholdengo|
|poke|p1|Zamazenta-*|
|poke|p1|Great Tusk|
|poke|p2|Kyurem|
|poke|p2|Latios, M|
|poke|p2|Dragonite, M|
|poke|p2|Dragapult, M|
|poke|p2|Garchomp, M|
|poke|p2|Dragalge, M|
|teampreview
|inactive|Battle timer is ON: inactive players will automatically lose when time's up. (requested by Mathchamp)
|
|t:|1779963149
|teamsize|p1|6
|teamsize|p2|6
|start
|switch|p1a: Heatran|Heatran, F|100/100
|switch|p2a: Dragapult|Dragapult, M|100/100
|-item|p1a: Heatran|Air Balloon
|turn|1
|
|t:|1779963158
|move|p2a: Dragapult|U-turn|p1a: Heatran
|-resisted|p1a: Heatran
|-damage|p1a: Heatran|96/100
|-enditem|p1a: Heatran|Air Balloon
|
|t:|1779963166
|switch|p2a: Kyurem|Kyurem, shiny|100/100|[from] U-turn
|-ability|p2a: Kyurem|Pressure
|move|p1a: Heatran|Heavy Slam|p2a: Kyurem
|-supereffective|p2a: Kyurem
|-crit|p2a: Kyurem
|-damage|p2a: Kyurem|62/100
|
|upkeep
|turn|2
|
|t:|1779963181
|move|p2a: Kyurem|Earth Power|p1a: Heatran
|-supereffective|p1a: Heatran
|-damage|p1a: Heatran|0 fnt
|faint|p1a: Heatran
|
|upkeep
|
|t:|1779963201
|switch|p1a: Great Tusk|Great Tusk|100/100
|-enditem|p1a: Great Tusk|Booster Energy
|-activate|p1a: Great Tusk|ability: Protosynthesis|[fromitem]
|-start|p1a: Great Tusk|protosynthesisspe
|turn|3
|
|t:|1779963213
|switch|p2a: Latios|Latios, M|100/100
|move|p1a: Great Tusk|Head Smash|p2a: Latios
|-damage|p2a: Latios|36/100
|-damage|p1a: Great Tusk|78/100|[from] Recoil
|
|upkeep
|turn|4
|
|t:|1779963233
|move|p1a: Great Tusk|Head Smash|p2a: Latios
|-damage|p2a: Latios|0 fnt
|faint|p2a: Latios
|-damage|p1a: Great Tusk|66/100|[from] Recoil
|
|upkeep
|
|t:|1779963236
|switch|p2a: Garchomp|Garchomp, M|100/100
|turn|5
|
|t:|1779963247
|move|p1a: Great Tusk|Headlong Rush|p2a: Garchomp
|-damage|p2a: Garchomp|50/100
|-unboost|p1a: Great Tusk|def|1
|-unboost|p1a: Great Tusk|spd|1
|-damage|p1a: Great Tusk|53/100|[from] ability: Rough Skin|[of] p2a: Garchomp
|-damage|p1a: Great Tusk|37/100|[from] item: Rocky Helmet|[of] p2a: Garchomp
|move|p2a: Garchomp|Scale Shot|p1a: Great Tusk
|-damage|p1a: Great Tusk|23/100
|-damage|p1a: Great Tusk|10/100
|-damage|p1a: Great Tusk|0 fnt
|faint|p1a: Great Tusk
|-end|p1a: Great Tusk|Protosynthesis|[silent]
|-hitcount|p1: Great Tusk|3
|-unboost|p2a: Garchomp|def|1
|-boost|p2a: Garchomp|spe|1
|
|upkeep
|inactive|Vskajx has 120 seconds left.
|
|t:|1779963264
|switch|p1a: Rillaboom|Rillaboom, M|100/100
|-fieldstart|move: Grassy Terrain|[from] ability: Grassy Surge|[of] p1a: Rillaboom
|turn|6
|
|t:|1779963270
|move|p1a: Rillaboom|Grassy Glide|p2a: Garchomp
|-damage|p2a: Garchomp|0 fnt
|-damage|p1a: Rillaboom|88/100|[from] ability: Rough Skin|[of] p2a: Garchomp
|-damage|p1a: Rillaboom|72/100|[from] item: Rocky Helmet|[of] p2a: Garchomp
|faint|p2a: Garchomp
|
|-heal|p1a: Rillaboom|78/100|[from] Grassy Terrain
|upkeep
|
|t:|1779963276
|switch|p2a: Kyurem|Kyurem, shiny|62/100
|-ability|p2a: Kyurem|Pressure
|turn|7
|
|t:|1779963285
|switch|p1a: Gholdengo|Gholdengo|100/100
|-enditem|p1a: Gholdengo|Grassy Seed
|-boost|p1a: Gholdengo|def|1|[from] item: Grassy Seed
|move|p2a: Kyurem|Freeze-Dry|p1a: Gholdengo
|-resisted|p1a: Gholdengo
|-damage|p1a: Gholdengo|76/100
|
|-heal|p2a: Kyurem|68/100|[from] Grassy Terrain
|-heal|p1a: Gholdengo|82/100|[from] Grassy Terrain
|upkeep
|turn|8
|
|t:|1779963297
|switch|p2a: Dragalge|Dragalge, M|100/100
|move|p1a: Gholdengo|Shadow Ball|p2a: Dragalge
|-damage|p2a: Dragalge|70/100
|-unboost|p2a: Dragalge|spd|1
|
|-heal|p1a: Gholdengo|88/100|[from] Grassy Terrain
|-heal|p2a: Dragalge|76/100|[from] Grassy Terrain
|-heal|p2a: Dragalge|82/100|[from] item: Leftovers
|upkeep
|turn|9
|
|t:|1779963308
|move|p1a: Gholdengo|Shadow Ball|p2a: Dragalge
|-damage|p2a: Dragalge|34/100
|move|p2a: Dragalge|Toxic Spikes|p1a: Gholdengo
|-sidestart|p1: Vskajx|move: Toxic Spikes
|
|-heal|p1a: Gholdengo|94/100|[from] Grassy Terrain
|-heal|p2a: Dragalge|40/100|[from] Grassy Terrain
|-heal|p2a: Dragalge|46/100|[from] item: Leftovers
|upkeep
|turn|10
|
|t:|1779963318
|move|p1a: Gholdengo|Shadow Ball|p2a: Dragalge
|-damage|p2a: Dragalge|0 fnt
|faint|p2a: Dragalge
|
|-heal|p1a: Gholdengo|99/100|[from] Grassy Terrain
|-fieldend|move: Grassy Terrain
|upkeep
|
|t:|1779963321
|switch|p2a: Kyurem|Kyurem, shiny|68/100
|-ability|p2a: Kyurem|Pressure
|turn|11
|
|t:|1779963331
|-terastallize|p1a: Gholdengo|Water
|move|p2a: Kyurem|Earth Power|p1a: Gholdengo
|-damage|p1a: Gholdengo|59/100
|move|p1a: Gholdengo|Focus Blast|p2a: Kyurem
|-supereffective|p2a: Kyurem
|-damage|p2a: Kyurem|0 fnt
|faint|p2a: Kyurem
|
|upkeep
|
|t:|1779963339
|switch|p2a: Dragapult|Dragapult, M|100/100
|turn|12
|
|t:|1779963348
|move|p2a: Dragapult|Outrage|p1a: Gholdengo
|-damage|p1a: Gholdengo|17/100
|move|p1a: Gholdengo|Shadow Ball|p2a: Dragapult
|-supereffective|p2a: Dragapult
|-damage|p2a: Dragapult|0 fnt
|faint|p2a: Dragapult
|
|upkeep
|
|t:|1779963351
|switch|p2a: Dragonite|Dragonite, M|100/100
|turn|13
|
|t:|1779963359
|move|p2a: Dragonite|Dragon Dance|p2a: Dragonite
|-boost|p2a: Dragonite|atk|1
|-boost|p2a: Dragonite|spe|1
|move|p1a: Gholdengo|Shadow Ball|p2a: Dragonite
|-damage|p2a: Dragonite|80/100
|
|-heal|p2a: Dragonite|86/100|[from] item: Leftovers
|upkeep
|turn|14
|
|t:|1779963370
|-terastallize|p2a: Dragonite|Normal
|move|p2a: Dragonite|Dragon Dance|p2a: Dragonite
|-boost|p2a: Dragonite|atk|1
|-boost|p2a: Dragonite|spe|1
|move|p1a: Gholdengo|Nasty Plot|p1a: Gholdengo
|-boost|p1a: Gholdengo|spa|2
|
|-heal|p2a: Dragonite|92/100|[from] item: Leftovers
|upkeep
|turn|15
|
|t:|1779963380
|move|p2a: Dragonite|Extreme Speed|p1a: Gholdengo
|-damage|p1a: Gholdengo|0 fnt
|faint|p1a: Gholdengo
|
|-heal|p2a: Dragonite|98/100|[from] item: Leftovers
|upkeep
|
|t:|1779963388
|switch|p1a: Zamazenta|Zamazenta|100/100
|-status|p1a: Zamazenta|psn
|-ability|p1a: Zamazenta|Dauntless Shield|boost
|-boost|p1a: Zamazenta|def|1
|turn|16
|
|t:|1779963394
|move|p2a: Dragonite|Extreme Speed|p1a: Zamazenta
|-damage|p1a: Zamazenta|49/100 psn
|move|p1a: Zamazenta|Close Combat|p2a: Dragonite
|-supereffective|p2a: Dragonite
|-damage|p2a: Dragonite|0 fnt
|-unboost|p1a: Zamazenta|def|1
|-unboost|p1a: Zamazenta|spd|1
|faint|p2a: Dragonite
|-damage|p1a: Zamazenta|40/100 psn|[from] item: Life Orb
|
|win|Vskajx
|raw|Vskajx's rating: 1341 &rarr; <strong>1360</strong><br />(+19 for winning)
|raw|Mathchamp's rating: 1328 &rarr; <strong>1309</strong><br />(-19 for losing)
|l|☆Mathchamp
|player|p2|
|l|☆Vskajx
|player|p1|
