|j|☆billythekid95
|j|☆erjtsers
|t:|1779800029
|gametype|singles
|player|p1|billythekid95|2|1548
|player|p2|erjtsers|pokemonbreeder|1668
|gen|9
|tier|[Gen 9] OU
|rated|
|rule|HP Percentage Mod: HP is shown in percentages
|rule|Endless Battle Clause: Forcing endless battles is banned
|rule|Species Clause: Limit one of each Pokémon
|rule|OHKO Clause: OHKO moves are banned
|rule|Evasion Items Clause: Evasion items are banned
|rule|Evasion Moves Clause: Evasion moves are banned
|rule|Evasion Abilities Clause: Evasion abilities are banned
|rule|Sleep Moves Clause: Sleep-inducing moves are banned
|clearpoke
|poke|p1|Glimmora, F|
|poke|p1|Gholdengo|
|poke|p1|Great Tusk|
|poke|p1|Ogerpon-Wellspring, F|
|poke|p1|Zamazenta-*|
|poke|p1|Garchomp, F|
|poke|p2|Cinderace, F|
|poke|p2|Alomomola, M|
|poke|p2|Great Tusk|
|poke|p2|Iron Valiant|
|poke|p2|Pecharunt|
|poke|p2|Ogerpon-Cornerstone, F|
|teampreview
|
|t:|1779800044
|teamsize|p1|6
|teamsize|p2|6
|start
|switch|p1a: Ogerpon|Ogerpon-Wellspring, F|100/100
|switch|p2a: Cinderace|Cinderace, F|100/100
|turn|1
|
|t:|1779800049
|move|p2a: Cinderace|Pyro Ball|p1a: Ogerpon
|-damage|p1a: Ogerpon|0 fnt
|faint|p1a: Ogerpon
|
|upkeep
|
|t:|1779800054
|switch|p1a: Glimmora|Glimmora, F|100/100
|turn|2
|
|t:|1779800057
|switch|p2a: Alomomola|Alomomola, M, shiny|100/100
|move|p1a: Glimmora|Stealth Rock|p2a: Alomomola
|-sidestart|p2: erjtsers|move: Stealth Rock
|
|upkeep
|turn|3
|
|t:|1779800061
|move|p1a: Glimmora|Spikes|p2a: Alomomola
|-sidestart|p2: erjtsers|Spikes
|move|p2a: Alomomola|Flip Turn|p1a: Glimmora
|-supereffective|p1a: Glimmora
|-damage|p1a: Glimmora|67/100
|-activate|p1a: Glimmora|ability: Toxic Debris
|-sidestart|p2: erjtsers|move: Toxic Spikes
|
|t:|1779800068
|switch|p2a: Great Tusk|Great Tusk, shiny|100/100|[from] Flip Turn
|
|upkeep
|turn|4
|
|t:|1779800074
|move|p2a: Great Tusk|Headlong Rush|p1a: Glimmora
|-supereffective|p1a: Glimmora
|-damage|p1a: Glimmora|0 fnt
|-unboost|p2a: Great Tusk|def|1
|-unboost|p2a: Great Tusk|spd|1
|-activate|p1a: Glimmora|ability: Toxic Debris
|-sidestart|p2: erjtsers|move: Toxic Spikes
|faint|p1a: Glimmora
|
|upkeep
|
|t:|1779800083
|switch|p1a: Gholdengo|Gholdengo|100/100
|turn|5
|
|t:|1779800102
|-terastallize|p2a: Great Tusk|Steel
|move|p1a: Gholdengo|Shadow Ball|p2a: Great Tusk
|-damage|p2a: Great Tusk|3/100
|move|p2a: Great Tusk|Headlong Rush|p1a: Gholdengo
|-supereffective|p1a: Gholdengo
|-damage|p1a: Gholdengo|0 fnt
|-unboost|p2a: Great Tusk|def|1
|-unboost|p2a: Great Tusk|spd|1
|faint|p1a: Gholdengo
|
|upkeep
|
|t:|1779800112
|switch|p1a: Zamazenta|Zamazenta|100/100
|-ability|p1a: Zamazenta|Dauntless Shield|boost
|-boost|p1a: Zamazenta|def|1
|turn|6
|
|t:|1779800116
|-end|p2a: Great Tusk|Protosynthesis|[silent]
|switch|p2a: Pecharunt|Pecharunt|100/100
|-damage|p2a: Pecharunt|88/100|[from] Stealth Rock
|-damage|p2a: Pecharunt|76/100|[from] Spikes
|-sideend|p2: erjtsers|move: Toxic Spikes|[of] p2a: Pecharunt
|move|p1a: Zamazenta|Body Press|p2a: Pecharunt
|-immune|p2a: Pecharunt
|
|upkeep
|turn|7
|
|t:|1779800123
|move|p2a: Pecharunt|Malignant Chain|p1a: Zamazenta
|-damage|p1a: Zamazenta|74/100
|move|p1a: Zamazenta|Roar|p2a: Pecharunt
|drag|p2a: Ogerpon|Ogerpon-Cornerstone, F|100/100
|-damage|p2a: Ogerpon|88/100|[from] Stealth Rock
|-damage|p2a: Ogerpon|76/100|[from] Spikes
|
|upkeep
|turn|8
|
|t:|1779800135
|switch|p2a: Pecharunt|Pecharunt|76/100
|-damage|p2a: Pecharunt|63/100|[from] Stealth Rock
|-damage|p2a: Pecharunt|51/100|[from] Spikes
|move|p1a: Zamazenta|Body Press|p2a: Pecharunt
|-immune|p2a: Pecharunt
|
|upkeep
|turn|9
|inactive|Battle timer is ON: inactive players will automatically lose when time's up. (requested by billythekid95)
|
|t:|1779800143
|move|p2a: Pecharunt|Recover|p2a: Pecharunt
|-heal|p2a: Pecharunt|100/100
|move|p1a: Zamazenta|Roar|p2a: Pecharunt
|drag|p2a: Iron Valiant|Iron Valiant|100/100
|-damage|p2a: Iron Valiant|94/100|[from] Stealth Rock
|-damage|p2a: Iron Valiant|82/100|[from] Spikes
|
|upkeep
|turn|10
|
|t:|1779800151
|move|p2a: Iron Valiant|Moonblast|p1a: Zamazenta
|-supereffective|p1a: Zamazenta
|-crit|p1a: Zamazenta
|-damage|p1a: Zamazenta|0 fnt
|faint|p1a: Zamazenta
|
|upkeep
|
|t:|1779800159
|switch|p1a: Great Tusk|Great Tusk|100/100
|turn|11
|
|t:|1779800162
|-terastallize|p1a: Great Tusk|Ghost
|move|p2a: Iron Valiant|Moonblast|p1a: Great Tusk
|-damage|p1a: Great Tusk|59/100
|move|p1a: Great Tusk|Earthquake|p2a: Iron Valiant
|-damage|p2a: Iron Valiant|29/100
|
|upkeep
|turn|12
|
|t:|1779800181
|-end|p2a: Iron Valiant|Quark Drive|[silent]
|switch|p2a: Ogerpon|Ogerpon-Cornerstone, F|76/100
|-damage|p2a: Ogerpon|64/100|[from] Stealth Rock
|-damage|p2a: Ogerpon|51/100|[from] Spikes
|move|p1a: Great Tusk|Earthquake|p2a: Ogerpon
|-damage|p2a: Ogerpon|0 fnt
|faint|p2a: Ogerpon
|
|upkeep
|
|t:|1779800184
|switch|p2a: Great Tusk|Great Tusk, shiny, tera:Steel|3/100
|turn|13
|
|t:|1779800191
|move|p2a: Great Tusk|Headlong Rush|p1a: Great Tusk
|-crit|p1a: Great Tusk
|-damage|p1a: Great Tusk|4/100
|-unboost|p2a: Great Tusk|def|1
|-unboost|p2a: Great Tusk|spd|1
|move|p1a: Great Tusk|Rapid Spin|p2a: Great Tusk
|-resisted|p2a: Great Tusk
|-damage|p2a: Great Tusk|0 fnt
|-boost|p1a: Great Tusk|spe|1
|faint|p2a: Great Tusk
|-end|p2a: Great Tusk|Protosynthesis|[silent]
|
|upkeep
|
|t:|1779800196
|switch|p2a: Alomomola|Alomomola, M, shiny|100/100
|-damage|p2a: Alomomola|88/100|[from] Stealth Rock
|-damage|p2a: Alomomola|76/100|[from] Spikes
|turn|14
|
|t:|1779800204
|move|p2a: Alomomola|Aqua Jet|p1a: Great Tusk
|-damage|p1a: Great Tusk|0 fnt
|faint|p1a: Great Tusk
|-end|p1a: Great Tusk|Protosynthesis|[silent]
|
|upkeep
|
|t:|1779800208
|switch|p1a: Garchomp|Garchomp, F|100/100
|turn|15
|
|t:|1779800215
|move|p1a: Garchomp|Spikes|p2a: Alomomola
|-sidestart|p2: erjtsers|Spikes
|move|p2a: Alomomola|Flip Turn|p1a: Garchomp
|-damage|p1a: Garchomp|90/100
|-damage|p2a: Alomomola|63/100|[from] ability: Rough Skin|[of] p1a: Garchomp
|-damage|p2a: Alomomola|47/100|[from] item: Rocky Helmet|[of] p1a: Garchomp
|
|t:|1779800218
|switch|p2a: Iron Valiant|Iron Valiant|29/100|[from] Flip Turn
|-damage|p2a: Iron Valiant|22/100|[from] Stealth Rock
|-damage|p2a: Iron Valiant|6/100|[from] Spikes
|
|upkeep
|turn|16
|
|t:|1779800226
|move|p2a: Iron Valiant|Moonblast|p1a: Garchomp
|-supereffective|p1a: Garchomp
|-crit|p1a: Garchomp
|-damage|p1a: Garchomp|0 fnt
|faint|p1a: Garchomp
|
|win|erjtsers
|raw|billythekid95's rating: 1548 &rarr; <strong>1535</strong><br />(-13 for losing)
|raw|erjtsers's rating: 1668 &rarr; <strong>1681</strong><br />(+13 for winning)
|c|☆erjtsers|gg
|l|☆billythekid95
|player|p1|
