|j|☆PandaToTo
|j|☆CONDOMINIUM ULTRA
|t:|1779950052
|gametype|singles
|player|p1|PandaToTo|2|1133
|player|p2|CONDOMINIUM ULTRA|cilan|1094
|gen|9
|tier|[Gen 9] OU
|rated|
|rule|HP Percentage Mod: HP is shown in percentages
|rule|Endless Battle Clause: Forcing endless battles is banned
|rule|Species Clause: Limit one of each Pokémon
|rule|OHKO Clause: OHKO moves are banned
|rule|Evasion Items Clause: Evasion items are banned
|rule|Evasion Moves Clause: Evasion moves are banned
|rule|Evasion Abilities Clause: Evasion abilities are banned
|rule|Sleep Moves Clause: Sleep-inducing moves are banned
|clearpoke
|poke|p1|Vaporeon, M|
|poke|p1|Meowscarada, F|
|poke|p1|Talonflame, M|
|poke|p1|Clodsire, M|
|poke|p1|Lucario, M|
|poke|p1|Froslass, F|
|poke|p2|Cinccino, M|
|poke|p2|Dragapult, F|
|poke|p2|Vaporeon, M|
|poke|p2|Iron Hands|
|poke|p2|Skarmory, F|
|poke|p2|Houndoom, M|
|teampreview
|inactive|Battle timer is ON: inactive players will automatically lose when time's up. (requested by CONDOMINIUM ULTRA)
|
|t:|1779950062
|teamsize|p1|6
|teamsize|p2|6
|start
|switch|p1a: Meowscarada|Meowscarada, F|100/100
|switch|p2a: Dragapult|Dragapult, F|100/100
|turn|1
|
|t:|1779950070
|move|p2a: Dragapult|Reflect|p2a: Dragapult
|-sidestart|p2: CONDOMINIUM ULTRA|Reflect
|move|p1a: Meowscarada|Knock Off|p2a: Dragapult
|-start|p1a: Meowscarada|typechange|Dark|[from] ability: Protean
|-supereffective|p2a: Dragapult
|-damage|p2a: Dragapult|25/100
|-enditem|p2a: Dragapult|Light Clay|[from] move: Knock Off|[of] p1a: Meowscarada
|-damage|p1a: Meowscarada|91/100|[from] item: Life Orb
|
|upkeep
|turn|2
|inactive|PandaToTo has 120 seconds left.
|
|t:|1779950102
|move|p2a: Dragapult|Will-O-Wisp|p1a: Meowscarada
|-status|p1a: Meowscarada|brn
|move|p1a: Meowscarada|Triple Axel|p2a: Dragapult
|-supereffective|p2a: Dragapult
|-damage|p2a: Dragapult|20/100
|-supereffective|p2a: Dragapult
|-damage|p2a: Dragapult|8/100
|-supereffective|p2a: Dragapult
|-damage|p2a: Dragapult|0 fnt
|faint|p2a: Dragapult
|-hitcount|p2: Dragapult|3
|-damage|p1a: Meowscarada|81/100 brn|[from] item: Life Orb
|
|-damage|p1a: Meowscarada|75/100 brn|[from] brn
|upkeep
|
|t:|1779950109
|switch|p2a: Cinccino|Cinccino, M|100/100
|turn|3
|
|t:|1779950120
|move|p2a: Cinccino|Tidy Up|p2a: Cinccino
|-boost|p2a: Cinccino|atk|1
|-boost|p2a: Cinccino|spe|1
|move|p1a: Meowscarada|Knock Off|p2a: Cinccino
|-damage|p2a: Cinccino|74/100
|-enditem|p2a: Cinccino|Heavy-Duty Boots|[from] move: Knock Off|[of] p1a: Meowscarada
|-damage|p1a: Meowscarada|65/100 brn|[from] item: Life Orb
|
|-damage|p1a: Meowscarada|59/100 brn|[from] brn
|upkeep
|turn|4
|
|t:|1779950134
|move|p2a: Cinccino|Thief|p1a: Meowscarada
|-resisted|p1a: Meowscarada
|-damage|p1a: Meowscarada|28/100 brn
|-enditem|p1a: Meowscarada|Life Orb|[silent]|[from] move: Thief|[of] p2a: Cinccino
|-item|p2a: Cinccino|Life Orb|[from] move: Thief|[of] p1a: Meowscarada
|-damage|p2a: Cinccino|64/100|[from] item: Life Orb
|move|p1a: Meowscarada|Flower Trick|p2a: Cinccino
|-crit|p2a: Cinccino
|-damage|p2a: Cinccino|32/100
|
|-damage|p1a: Meowscarada|22/100 brn|[from] brn
|upkeep
|turn|5
|
|t:|1779950146
|move|p2a: Cinccino|Trailblaze|p1a: Meowscarada
|-damage|p1a: Meowscarada|0 fnt
|-boost|p2a: Cinccino|spe|1
|faint|p1a: Meowscarada
|-damage|p2a: Cinccino|22/100|[from] item: Life Orb
|
|upkeep
|inactive|PandaToTo has 120 seconds left.
|
|t:|1779950158
|switch|p1a: Clodsire|Clodsire, M|100/100
|turn|6
|
|t:|1779950162
|move|p2a: Cinccino|Pound|p1a: Clodsire
|-damage|p1a: Clodsire|70/100
|-damage|p2a: Cinccino|12/100|[from] item: Life Orb
|move|p1a: Clodsire|Stealth Rock|p2a: Cinccino
|-sidestart|p2: CONDOMINIUM ULTRA|move: Stealth Rock
|
|-heal|p1a: Clodsire|77/100|[from] item: Black Sludge
|upkeep
|turn|7
|
|t:|1779950170
|move|p2a: Cinccino|Tidy Up|p2a: Cinccino
|-sideend|p2: CONDOMINIUM ULTRA|Stealth Rock
|-activate|p2a: Cinccino|move: Tidy Up
|-boost|p2a: Cinccino|atk|1
|-boost|p2a: Cinccino|spe|1
|move|p1a: Clodsire|Recover|p1a: Clodsire
|-heal|p1a: Clodsire|100/100
|
|upkeep
|turn|8
|
|t:|1779950182
|move|p2a: Cinccino|Pound|p1a: Clodsire
|-damage|p1a: Clodsire|72/100
|-damage|p2a: Cinccino|2/100|[from] item: Life Orb
|move|p1a: Clodsire|Toxic|p2a: Cinccino
|-status|p2a: Cinccino|tox
|
|-heal|p1a: Clodsire|78/100|[from] item: Black Sludge
|-damage|p2a: Cinccino|0 fnt|[from] psn
|faint|p2a: Cinccino
|-sideend|p2: CONDOMINIUM ULTRA|Reflect
|upkeep
|
|t:|1779950190
|switch|p2a: Vaporeon|Vaporeon, M|100/100
|turn|9
|
|t:|1779950198
|move|p2a: Vaporeon|Calm Mind|p2a: Vaporeon
|-boost|p2a: Vaporeon|spa|1
|-boost|p2a: Vaporeon|spd|1
|move|p1a: Clodsire|Stealth Rock|p2a: Vaporeon
|-sidestart|p2: CONDOMINIUM ULTRA|move: Stealth Rock
|
|-heal|p1a: Clodsire|85/100|[from] item: Black Sludge
|upkeep
|turn|10
|
|t:|1779950206
|switch|p2a: Skarmory|Skarmory, F|100/100
|-damage|p2a: Skarmory|88/100|[from] Stealth Rock
|move|p1a: Clodsire|Toxic|p2a: Skarmory
|-immune|p2a: Skarmory
|
|-heal|p1a: Clodsire|91/100|[from] item: Black Sludge
|upkeep
|turn|11
|
|t:|1779950217
|switch|p1a: Vaporeon|Vaporeon, M|100/100
|move|p2a: Skarmory|Swords Dance|p2a: Skarmory
|-boost|p2a: Skarmory|atk|2
|
|upkeep
|turn|12
|
|t:|1779950225
|move|p2a: Skarmory|Drill Peck|p1a: Vaporeon
|-damage|p1a: Vaporeon|41/100
|move|p1a: Vaporeon|Haze|p1a: Vaporeon
|-clearallboost
|
|-heal|p1a: Vaporeon|47/100|[from] item: Leftovers
|upkeep
|turn|13
|
|t:|1779950233
|move|p2a: Skarmory|Swords Dance|p2a: Skarmory
|-boost|p2a: Skarmory|atk|2
|move|p1a: Vaporeon|Wish|p1a: Vaporeon
|
|-heal|p1a: Vaporeon|54/100|[from] item: Leftovers
|upkeep
|turn|14
|
|t:|1779950239
|move|p1a: Vaporeon|Protect|p1a: Vaporeon
|-singleturn|p1a: Vaporeon|Protect
|move|p2a: Skarmory|Swords Dance|p2a: Skarmory
|-boost|p2a: Skarmory|atk|2
|
|-heal|p1a: Vaporeon|100/100|[from] move: Wish|[wisher] Vaporeon
|upkeep
|turn|15
|
|t:|1779950248
|move|p2a: Skarmory|Drill Peck|p1a: Vaporeon
|-damage|p1a: Vaporeon|12/100
|move|p1a: Vaporeon|Scald|p2a: Skarmory
|-damage|p2a: Skarmory|34/100
|
|-heal|p1a: Vaporeon|18/100|[from] item: Leftovers
|upkeep
|turn|16
|
|t:|1779950268
|move|p2a: Skarmory|Drill Peck|p1a: Vaporeon
|-damage|p1a: Vaporeon|0 fnt
|faint|p1a: Vaporeon
|
|upkeep
|
|t:|1779950273
|switch|p1a: Talonflame|Talonflame, M|100/100
|turn|17
|
|t:|1779950283
|-terastallize|p2a: Skarmory|Fire
|move|p1a: Talonflame|Flare Blitz|p2a: Skarmory
|-resisted|p2a: Skarmory
|-damage|p2a: Skarmory|12/100
|-ability|p2a: Skarmory|Weak Armor|boost
|-unboost|p2a: Skarmory|def|1
|-boost|p2a: Skarmory|spe|2
|-damage|p1a: Talonflame|93/100|[from] Recoil
|move|p2a: Skarmory|Drill Peck|p1a: Talonflame
|-damage|p1a: Talonflame|0 fnt
|faint|p1a: Talonflame
|
|upkeep
|inactive|PandaToTo has 120 seconds left.
|
|t:|1779950308
|switch|p1a: Froslass|Froslass, F|100/100
|turn|18
|
|t:|1779950313
|move|p1a: Froslass|Ice Shard|p2a: Skarmory
|-resisted|p2a: Skarmory
|-damage|p2a: Skarmory|5/100
|-ability|p2a: Skarmory|Weak Armor|boost
|-unboost|p2a: Skarmory|def|1
|-boost|p2a: Skarmory|spe|2
|move|p2a: Skarmory|Iron Head|p1a: Froslass
|-supereffective|p1a: Froslass
|-crit|p1a: Froslass
|-damage|p1a: Froslass|0 fnt
|-start|p2a: Skarmory|Disable|Iron Head|[from] ability: Cursed Body|[of] p1a: Froslass
|faint|p1a: Froslass
|
|upkeep
|-message|PandaToTo forfeited.
|
|win|CONDOMINIUM ULTRA
|raw|PandaToTo's rating: 1133 &rarr; <strong>1105</strong><br />(-28 for losing)
|raw|CONDOMINIUM ULTRA's rating: 1094 &rarr; <strong>1123</strong><br />(+29 for winning)
|l|☆PandaToTo
|player|p1|
|l|☆CONDOMINIUM ULTRA
|player|p2|
