|j|☆Tidus91
|j|☆Afermentado67
|t:|1779805770
|gametype|singles
|player|p1|Tidus91|2|1101
|player|p2|Afermentado67|swimmer|1053
|gen|9
|tier|[Gen 9] OU
|rated|
|rule|HP Percentage Mod: HP is shown in percentages
|rule|Endless Battle Clause: Forcing endless battles is banned
|rule|Species Clause: Limit one of each Pokémon
|rule|OHKO Clause: OHKO moves are banned
|rule|Evasion Items Clause: Evasion items are banned
|rule|Evasion Moves Clause: Evasion moves are banned
|rule|Evasion Abilities Clause: Evasion abilities are banned
|rule|Sleep Moves Clause: Sleep-inducing moves are banned
|clearpoke
|poke|p1|Kingambit, M|
|poke|p1|Amoonguss, F|
|poke|p1|Heatran, M|
|poke|p1|Iron Jugulis|
|poke|p1|Pelipper, F|
|poke|p1|Ogerpon-Wellspring, F|
|poke|p2|Gurdurr, M|
|poke|p2|Munkidori, M|
|poke|p2|Chandelure, F|
|poke|p2|Ditto|
|poke|p2|Basculegion, M|
|poke|p2|Klefki, F|
|teampreview
|
|t:|1779805785
|teamsize|p1|6
|teamsize|p2|6
|start
|switch|p1a: Amoonguss|Amoonguss, F|100/100
|switch|p2a: Klefki|Klefki, F|100/100
|turn|1
|inactive|Battle timer is ON: inactive players will automatically lose when time's up. (requested by Tidus91)
|
|t:|1779805792
|switch|p1a: Heatran|Heatran, M|100/100
|move|p2a: Klefki|Switcheroo|p1a: Heatran
|-activate|p2a: Klefki|move: Trick|[of] p1a: Heatran
|-item|p1a: Heatran|Sticky Barb|[from] move: Switcheroo
|-item|p2a: Klefki|Assault Vest|[from] move: Switcheroo
|
|-damage|p1a: Heatran|88/100|[from] item: Sticky Barb
|upkeep
|turn|2
|c|☆Afermentado67|NOOOOOOOOOOOOOOOOOOOOOOOOOOOOOO
|c|☆Afermentado67|NOOOOOOOOOOOOOOOOOOOOOOOOOOOOOOOOOOOOOOOOOOOo
|c|☆Afermentado67|WHY
|c|☆Afermentado67|BRUHHH
|inactive|Afermentado67 has 120 seconds left.
|
|t:|1779805826
|switch|p2a: Munkidori|Munkidori, M|100/100
|move|p1a: Heatran|Earth Power|p2a: Munkidori
|-supereffective|p2a: Munkidori
|-damage|p2a: Munkidori|51/100
|
|-damage|p1a: Heatran|76/100|[from] item: Sticky Barb
|upkeep
|turn|3
|
|t:|1779805837
|move|p2a: Munkidori|Fake Out|p1a: Heatran
|-resisted|p1a: Heatran
|-damage|p1a: Heatran|73/100
|cant|p1a: Heatran|flinch
|
|-damage|p1a: Heatran|61/100|[from] item: Sticky Barb
|upkeep
|turn|4
|
|t:|1779805847
|switch|p2a: Chandelure|Chandelure, F|100/100
|move|p1a: Heatran|Earth Power|p2a: Chandelure
|-supereffective|p2a: Chandelure
|-damage|p2a: Chandelure|0 fnt
|faint|p2a: Chandelure
|
|-damage|p1a: Heatran|48/100|[from] item: Sticky Barb
|upkeep
|inactive|Afermentado67 has 120 seconds left.
|c|☆Afermentado67|i forgot i had take off ballon
|
|t:|1779805875
|switch|p2a: Basculegion|Basculegion, M, shiny|100/100
|turn|5
|inactive|Tidus91 has 120 seconds left.
|
|t:|1779805912
|switch|p1a: Amoonguss|Amoonguss, F|100/100
|move|p2a: Basculegion|Flip Turn|p1a: Amoonguss
|-resisted|p1a: Amoonguss
|-damage|p1a: Amoonguss|76/100
|
|t:|1779805921
|switch|p2a: Munkidori|Munkidori, M|51/100|[from] Flip Turn
|
|-heal|p1a: Amoonguss|83/100|[from] item: Black Sludge
|upkeep
|turn|6
|inactive|Tidus91 has 120 seconds left.
|
|t:|1779805955
|move|p1a: Amoonguss|Protect|p1a: Amoonguss
|-singleturn|p1a: Amoonguss|Protect
|move|p2a: Munkidori|Fake Out|p1a: Amoonguss
|-activate|p1a: Amoonguss|move: Protect
|
|-heal|p1a: Amoonguss|89/100|[from] item: Black Sludge
|upkeep
|turn|7
|inactive|Afermentado67 has 120 seconds left.
|
|t:|1779805973
|switch|p1a: Heatran|Heatran, M|48/100
|move|p2a: Munkidori|Psychic|p1a: Heatran
|-resisted|p1a: Heatran
|-damage|p1a: Heatran|21/100
|
|-damage|p1a: Heatran|9/100|[from] item: Sticky Barb
|upkeep
|turn|8
|inactive|Afermentado67 has 120 seconds left.
|
|t:|1779805983
|move|p2a: Munkidori|Shadow Ball|p1a: Heatran
|-damage|p1a: Heatran|0 fnt
|faint|p1a: Heatran
|
|upkeep
|
|t:|1779805988
|switch|p1a: Iron Jugulis|Iron Jugulis|100/100
|-enditem|p1a: Iron Jugulis|Booster Energy
|-activate|p1a: Iron Jugulis|ability: Quark Drive|[fromitem]
|-start|p1a: Iron Jugulis|quarkdrivespa
|turn|9
|
|t:|1779806000
|-terastallize|p2a: Munkidori|Poison
|move|p1a: Iron Jugulis|Dark Pulse|p2a: Munkidori
|-damage|p2a: Munkidori|9/100
|cant|p2a: Munkidori|flinch
|
|upkeep
|turn|10
|inactive|Tidus91 has 120 seconds left.
|c|☆Afermentado67|'-'
|
|t:|1779806011
|move|p1a: Iron Jugulis|Dragon Pulse|p2a: Munkidori
|-crit|p2a: Munkidori
|-damage|p2a: Munkidori|0 fnt
|faint|p2a: Munkidori
|
|upkeep
|
|t:|1779806017
|switch|p2a: is that allowed?|Ditto, shiny|100/100
|-transform|p2a: is that allowed?|p1a: Iron Jugulis|[from] ability: Imposter
|turn|11
|
|t:|1779806029
|-end|p1a: Iron Jugulis|Quark Drive|[silent]
|switch|p1a: Ogerpon|Ogerpon-Wellspring, F|100/100
|move|p2a: is that allowed?|Flamethrower|p1a: Ogerpon
|-damage|p1a: Ogerpon|61/100
|
|upkeep
|turn|12
|inactive|Tidus91 has 120 seconds left.
|
|t:|1779806066
|move|p1a: Ogerpon|Play Rough|p2a: is that allowed?
|-supereffective|p2a: is that allowed?
|-damage|p2a: is that allowed?|0 fnt
|faint|p2a: is that allowed?
|-end|p2a: is that allowed?|Quark Drive|[silent]
|
|upkeep
|
|t:|1779806073
|switch|p2a: Golden boy|Gurdurr, M, shiny|100/100
|turn|13
|inactive|Tidus91 has 90 seconds left.
|
|t:|1779806115
|switch|p1a: Pelipper|Pelipper, F|100/100
|-weather|RainDance|[from] ability: Drizzle|[of] p1a: Pelipper
|move|p2a: Golden boy|Knock Off|p1a: Pelipper
|-damage|p1a: Pelipper|69/100
|-enditem|p1a: Pelipper|Choice Scarf|[from] move: Knock Off|[of] p2a: Golden boy
|
|-weather|RainDance|[upkeep]
|upkeep
|turn|14
|
|t:|1779806127
|switch|p2a: Basculegion|Basculegion, M, shiny|100/100
|move|p1a: Pelipper|Hurricane|p2a: Basculegion
|-damage|p2a: Basculegion|43/100
|-start|p2a: Basculegion|confusion
|
|-weather|RainDance|[upkeep]
|upkeep
|turn|15
|
|t:|1779806137
|-activate|p2a: Basculegion|confusion
|move|p2a: Basculegion|Flip Turn|p1a: Pelipper
|-resisted|p1a: Pelipper
|-damage|p1a: Pelipper|11/100
|
|t:|1779806140
|switch|p2a: Klefki|Klefki, F|100/100|[from] Flip Turn
|move|p1a: Pelipper|Hurricane|p2a: Klefki
|-resisted|p2a: Klefki
|-damage|p2a: Klefki|82/100
|-start|p2a: Klefki|confusion
|
|-weather|RainDance|[upkeep]
|upkeep
|turn|16
|
|t:|1779806148
|move|p1a: Pelipper|Weather Ball|p2a: Klefki
|-damage|p2a: Klefki|30/100
|-activate|p2a: Klefki|confusion
|-activate|p2a: Klefki|move: Struggle
|move|p2a: Klefki|Struggle|p1a: Pelipper
|-damage|p1a: Pelipper|2/100
|-damage|p2a: Klefki|5/100|[from] recoil
|
|-weather|RainDance|[upkeep]
|upkeep
|turn|17
|
|t:|1779806156
|move|p1a: Pelipper|Weather Ball|p2a: Klefki
|-damage|p2a: Klefki|0 fnt
|faint|p2a: Klefki
|
|-weather|none
|upkeep
|
|t:|1779806162
|switch|p2a: Basculegion|Basculegion, M, shiny|43/100
|turn|18
|inactive|Tidus91 has 90 seconds left.
|inactive|Afermentado67 has 120 seconds left.
|
|t:|1779806201
|move|p2a: Basculegion|Aqua Jet|p1a: Pelipper
|-resisted|p1a: Pelipper
|-damage|p1a: Pelipper|0 fnt
|faint|p1a: Pelipper
|
|upkeep
|
|t:|1779806203
|switch|p1a: Amoonguss|Amoonguss, F|100/100
|turn|19
|
|t:|1779806207
|switch|p2a: Golden boy|Gurdurr, M, shiny|100/100
|move|p1a: Amoonguss|Giga Drain|p2a: Golden boy
|-damage|p2a: Golden boy|82/100
|
|upkeep
|turn|20
|-message|Afermentado67 forfeited.
|
|win|Tidus91
|raw|Tidus91's rating: 1101 &rarr; <strong>1123</strong><br />(+22 for winning)
|raw|Afermentado67's rating: 1053 &rarr; <strong>1038</strong><br />(-15 for losing)
|l|☆Afermentado67
|player|p2|
|l|☆Tidus91
|player|p1|
