|j|☆claudechamp
|j|☆jonesy42
|t:|1779867570
|gametype|singles
|player|p1|claudechamp|169|1213
|player|p2|jonesy42|265|1180
|gen|9
|tier|[Gen 9] OU
|rated|
|rule|HP Percentage Mod: HP is shown in percentages
|rule|Endless Battle Clause: Forcing endless battles is banned
|rule|Species Clause: Limit one of each Pokémon
|rule|OHKO Clause: OHKO moves are banned
|rule|Evasion Items Clause: Evasion items are banned
|rule|Evasion Moves Clause: Evasion moves are banned
|rule|Evasion Abilities Clause: Evasion abilities are banned
|rule|Sleep Moves Clause: Sleep-inducing moves are banned
|clearpoke
|poke|p1|Gliscor, M|
|poke|p1|Ogerpon, F|
|poke|p1|Walking Wake|
|poke|p1|Blissey, F|
|poke|p1|Corviknight, M|
|poke|p1|Pecharunt|
|poke|p2|Darkrai|
|poke|p2|Slowking-Galar, M|
|poke|p2|Alomomola, M|
|poke|p2|Great Tusk|
|poke|p2|Heatran, F|
|poke|p2|Dragonite, M|
|teampreview
|c|☆claudechamp|hf
|inactive|Battle timer is ON: inactive players will automatically lose when time's up. (requested by claudechamp)
|
|t:|1779867578
|teamsize|p1|6
|teamsize|p2|6
|start
|switch|p1a: Gliscor|Gliscor, M|100/100
|switch|p2a: Darkrai|Darkrai|100/100
|turn|1
|
|t:|1779867585
|move|p2a: Darkrai|Ice Beam|p1a: Gliscor
|-supereffective|p1a: Gliscor
|-damage|p1a: Gliscor|0 fnt
|faint|p1a: Gliscor
|
|upkeep
|
|t:|1779867588
|switch|p1a: Blissey|Blissey, F|100/100
|turn|2
|
|t:|1779867595
|switch|p2a: Great Tusk|Great Tusk|100/100
|-enditem|p2a: Great Tusk|Booster Energy
|-activate|p2a: Great Tusk|ability: Protosynthesis|[fromitem]
|-start|p2a: Great Tusk|protosynthesisatk
|move|p1a: Blissey|Stealth Rock|p2a: Great Tusk
|-sidestart|p2: jonesy42|move: Stealth Rock
|
|upkeep
|turn|3
|
|t:|1779867601
|switch|p1a: Walking Wake|Walking Wake|100/100
|-terastallize|p2a: Great Tusk|Ground
|move|p2a: Great Tusk|Headlong Rush|p1a: Walking Wake
|-damage|p1a: Walking Wake|0 fnt
|-unboost|p2a: Great Tusk|def|1
|-unboost|p2a: Great Tusk|spd|1
|faint|p1a: Walking Wake
|-end|p1a: Walking Wake|Protosynthesis|[silent]
|
|upkeep
|
|t:|1779867602
|switch|p1a: Corviknight|Corviknight, M|100/100
|-ability|p1a: Corviknight|Pressure
|turn|4
|
|t:|1779867606
|move|p2a: Great Tusk|Close Combat|p1a: Corviknight
|-damage|p1a: Corviknight|50/100
|-unboost|p2a: Great Tusk|def|1
|-unboost|p2a: Great Tusk|spd|1
|move|p1a: Corviknight|U-turn|p2a: Great Tusk
|-damage|p2a: Great Tusk|79/100
|
|t:|1779867610
|switch|p1a: Ogerpon|Ogerpon, F|100/100|[from] U-turn
|
|upkeep
|turn|5
|
|t:|1779867615
|-end|p2a: Great Tusk|Protosynthesis|[silent]
|switch|p2a: Heatran|Heatran, F|100/100
|-damage|p2a: Heatran|88/100|[from] Stealth Rock
|move|p1a: Ogerpon|Ivy Cudgel|p2a: Heatran
|-resisted|p2a: Heatran
|-damage|p2a: Heatran|80/100
|
|-heal|p2a: Heatran|86/100|[from] item: Leftovers
|upkeep
|turn|6
|
|t:|1779867618
|move|p1a: Ogerpon|U-turn|p2a: Heatran
|-resisted|p2a: Heatran
|-crit|p2a: Heatran
|-damage|p2a: Heatran|80/100
|
|t:|1779867623
|switch|p1a: Blissey|Blissey, F|100/100|[from] U-turn
|move|p2a: Heatran|Magma Storm|p1a: Blissey
|-crit|p1a: Blissey
|-damage|p1a: Blissey|82/100
|-activate|p1a: Blissey|move: Magma Storm|[of] p2a: Heatran
|
|-heal|p2a: Heatran|86/100|[from] item: Leftovers
|-damage|p1a: Blissey|69/100|[from] move: Magma Storm|[partiallytrapped]
|upkeep
|turn|7
|
|t:|1779867631
|move|p2a: Heatran|Protect|p2a: Heatran
|-singleturn|p2a: Heatran|Protect
|move|p1a: Blissey|Soft-Boiled|p1a: Blissey
|-heal|p1a: Blissey|100/100
|
|-heal|p2a: Heatran|92/100|[from] item: Leftovers
|-damage|p1a: Blissey|88/100|[from] move: Magma Storm|[partiallytrapped]
|upkeep
|turn|8
|
|t:|1779867643
|switch|p2a: Slowking|Slowking-Galar, M|100/100
|-damage|p2a: Slowking|88/100|[from] Stealth Rock
|move|p1a: Blissey|Seismic Toss|p2a: Slowking
|-damage|p2a: Slowking|63/100
|
|-heal|p2a: Slowking|69/100|[from] item: Leftovers
|-end|p1a: Blissey|Magma Storm|[partiallytrapped]|[silent]
|upkeep
|turn|9
|
|t:|1779867646
|move|p1a: Blissey|Seismic Toss|p2a: Slowking
|-damage|p2a: Slowking|43/100
|move|p2a: Slowking|Toxic|p1a: Blissey
|-status|p1a: Blissey|tox
|
|-heal|p2a: Slowking|49/100|[from] item: Leftovers
|-damage|p1a: Blissey|82/100 tox|[from] psn
|upkeep
|turn|10
|
|t:|1779867652
|-curestatus|p1a: Blissey|tox|[from] ability: Natural Cure|[silent]
|switch|p1a: Pecharunt|Pecharunt|100/100
|-prepare|p2a: Slowking|Chilly Reception|[premajor]
|move|p2a: Slowking|Chilly Reception|p2a: Slowking
|-weather|Snowscape
|
|t:|1779867657
|switch|p2a: Great Tusk|Great Tusk, tera:Ground|79/100|[from] Chilly Reception
|-damage|p2a: Great Tusk|72/100|[from] Stealth Rock
|
|-weather|Snowscape|[upkeep]
|upkeep
|turn|11
|
|t:|1779867662
|move|p2a: Great Tusk|Rapid Spin|p1a: Pecharunt
|-immune|p1a: Pecharunt
|move|p1a: Pecharunt|Malignant Chain|p2a: Great Tusk
|-resisted|p2a: Great Tusk
|-damage|p2a: Great Tusk|51/100
|
|-weather|Snowscape|[upkeep]
|upkeep
|turn|12
|
|t:|1779867667
|move|p2a: Great Tusk|Headlong Rush|p1a: Pecharunt
|-supereffective|p1a: Pecharunt
|-damage|p1a: Pecharunt|15/100
|-unboost|p2a: Great Tusk|def|1
|-unboost|p2a: Great Tusk|spd|1
|move|p1a: Pecharunt|Malignant Chain|p2a: Great Tusk
|-resisted|p2a: Great Tusk
|-damage|p2a: Great Tusk|16/100
|-status|p2a: Great Tusk|tox
|-start|p2a: Great Tusk|confusion|[from] ability: Poison Puppeteer|[of] p1a: Pecharunt
|
|-weather|Snowscape|[upkeep]
|-damage|p2a: Great Tusk|10/100 tox|[from] psn
|upkeep
|turn|13
|
|t:|1779867675
|switch|p1a: Corviknight|Corviknight, M|50/100
|-ability|p1a: Corviknight|Pressure
|-activate|p2a: Great Tusk|confusion
|move|p2a: Great Tusk|Ice Spinner|p1a: Corviknight
|-damage|p1a: Corviknight|32/100
|
|-weather|Snowscape|[upkeep]
|-damage|p2a: Great Tusk|0 fnt|[from] psn
|faint|p2a: Great Tusk
|-end|p2a: Great Tusk|Protosynthesis|[silent]
|upkeep
|
|t:|1779867678
|switch|p2a: Heatran|Heatran, F|92/100
|-damage|p2a: Heatran|80/100|[from] Stealth Rock
|turn|14
|
|t:|1779867681
|switch|p1a: Blissey|Blissey, F|82/100
|move|p2a: Heatran|Magma Storm|p1a: Blissey
|-damage|p1a: Blissey|69/100
|-activate|p1a: Blissey|move: Magma Storm|[of] p2a: Heatran
|
|-weather|none
|-heal|p2a: Heatran|86/100|[from] item: Leftovers
|-damage|p1a: Blissey|57/100|[from] move: Magma Storm|[partiallytrapped]
|upkeep
|turn|15
|
|t:|1779867684
|move|p2a: Heatran|Stealth Rock|p1a: Blissey
|-sidestart|p1: claudechamp|move: Stealth Rock
|move|p1a: Blissey|Seismic Toss|p2a: Heatran
|-damage|p2a: Heatran|60/100
|
|-heal|p2a: Heatran|67/100|[from] item: Leftovers
|-damage|p1a: Blissey|44/100|[from] move: Magma Storm|[partiallytrapped]
|upkeep
|turn|16
|
|t:|1779867693
|move|p2a: Heatran|Earth Power|p1a: Blissey
|-damage|p1a: Blissey|37/100
|-unboost|p1a: Blissey|spd|1
|move|p1a: Blissey|Soft-Boiled|p1a: Blissey
|-heal|p1a: Blissey|87/100
|
|-heal|p2a: Heatran|73/100|[from] item: Leftovers
|-damage|p1a: Blissey|74/100|[from] move: Magma Storm|[partiallytrapped]
|upkeep
|turn|17
|
|t:|1779867698
|move|p2a: Heatran|Earth Power|p1a: Blissey
|-damage|p1a: Blissey|61/100
|move|p1a: Blissey|Seismic Toss|p2a: Heatran
|-damage|p2a: Heatran|47/100
|
|-heal|p2a: Heatran|53/100|[from] item: Leftovers
|-damage|p1a: Blissey|49/100|[from] move: Magma Storm|[partiallytrapped]
|upkeep
|turn|18
|
|t:|1779867706
|move|p2a: Heatran|Earth Power|p1a: Blissey
|-damage|p1a: Blissey|37/100
|move|p1a: Blissey|Soft-Boiled|p1a: Blissey
|-heal|p1a: Blissey|87/100
|
|-heal|p2a: Heatran|59/100|[from] item: Leftovers
|-damage|p1a: Blissey|74/100|[from] move: Magma Storm|[partiallytrapped]
|upkeep
|turn|19
|
|t:|1779867711
|move|p2a: Heatran|Earth Power|p1a: Blissey
|-damage|p1a: Blissey|63/100
|-unboost|p1a: Blissey|spd|1
|move|p1a: Blissey|Seismic Toss|p2a: Heatran
|-damage|p2a: Heatran|33/100
|
|-heal|p2a: Heatran|40/100|[from] item: Leftovers
|-end|p1a: Blissey|Magma Storm|[partiallytrapped]
|upkeep
|turn|20
|
|t:|1779867719
|move|p2a: Heatran|Protect|p2a: Heatran
|-singleturn|p2a: Heatran|Protect
|move|p1a: Blissey|Soft-Boiled|p1a: Blissey
|-heal|p1a: Blissey|100/100
|
|-heal|p2a: Heatran|46/100|[from] item: Leftovers
|upkeep
|turn|21
|
|t:|1779867729
|move|p2a: Heatran|Protect||[still]
|-fail|p2a: Heatran
|move|p1a: Blissey|Calm Mind|p1a: Blissey
|-boost|p1a: Blissey|spa|1
|-boost|p1a: Blissey|spd|1
|
|-heal|p2a: Heatran|52/100|[from] item: Leftovers
|upkeep
|turn|22
|
|t:|1779867733
|move|p2a: Heatran|Earth Power|p1a: Blissey
|-damage|p1a: Blissey|87/100
|-unboost|p1a: Blissey|spd|1
|move|p1a: Blissey|Seismic Toss|p2a: Heatran
|-damage|p2a: Heatran|26/100
|
|-heal|p2a: Heatran|32/100|[from] item: Leftovers
|upkeep
|turn|23
|
|t:|1779867744
|switch|p2a: Slowking|Slowking-Galar, M|83/100
|-damage|p2a: Slowking|70/100|[from] Stealth Rock
|move|p1a: Blissey|Seismic Toss|p2a: Slowking
|-damage|p2a: Slowking|45/100
|
|-heal|p2a: Slowking|51/100|[from] item: Leftovers
|upkeep
|turn|24
|
|t:|1779867753
|switch|p1a: Corviknight|Corviknight, M|32/100
|-ability|p1a: Corviknight|Pressure
|move|p2a: Slowking|Psychic Noise|p1a: Corviknight
|-resisted|p1a: Corviknight
|-damage|p1a: Corviknight|17/100
|-start|p1a: Corviknight|move: Heal Block
|
|-heal|p2a: Slowking|57/100|[from] item: Leftovers
|upkeep
|turn|25
|
|t:|1779867760
|switch|p2a: Alomomola|Alomomola, M|100/100
|-damage|p2a: Alomomola|88/100|[from] Stealth Rock
|move|p1a: Corviknight|Thief|p2a: Alomomola
|-damage|p2a: Alomomola|82/100
|-damage|p1a: Corviknight|0 fnt|[from] item: Rocky Helmet|[of] p2a: Alomomola
|faint|p1a: Corviknight
|
|upkeep
|
|t:|1779867768
|switch|p1a: Ogerpon|Ogerpon, F|100/100
|turn|26
|
|t:|1779867773
|move|p1a: Ogerpon|Knock Off|p2a: Alomomola
|-damage|p2a: Alomomola|65/100
|-damage|p1a: Ogerpon|84/100|[from] item: Rocky Helmet|[of] p2a: Alomomola
|-enditem|p2a: Alomomola|Rocky Helmet|[from] move: Knock Off|[of] p1a: Ogerpon
|move|p2a: Alomomola|Alluring Voice|p1a: Ogerpon
|-damage|p1a: Ogerpon|74/100
|
|upkeep
|turn|27
|
|t:|1779867782
|move|p2a: Alomomola|Protect|p2a: Alomomola
|-singleturn|p2a: Alomomola|Protect
|move|p1a: Ogerpon|Knock Off|p2a: Alomomola
|-activate|p2a: Alomomola|move: Protect
|
|upkeep
|turn|28
|
|t:|1779867787
|move|p1a: Ogerpon|Ivy Cudgel|p2a: Alomomola
|-supereffective|p2a: Alomomola
|-damage|p2a: Alomomola|10/100
|move|p2a: Alomomola|Wish|p2a: Alomomola
|
|upkeep
|turn|29
|
|t:|1779867798
|switch|p2a: Heatran|Heatran, F|32/100
|-damage|p2a: Heatran|20/100|[from] Stealth Rock
|move|p1a: Ogerpon|Knock Off|p2a: Heatran
|-damage|p2a: Heatran|0 fnt
|-status|p1a: Ogerpon|brn|[from] ability: Flame Body|[of] p2a: Heatran
|-enditem|p2a: Heatran|Leftovers|[from] move: Knock Off|[of] p1a: Ogerpon
|faint|p2a: Heatran
|
|-damage|p1a: Ogerpon|68/100 brn|[from] brn
|upkeep
|
|t:|1779867801
|switch|p2a: Dragonite|Dragonite, M|100/100
|-damage|p2a: Dragonite|76/100|[from] Stealth Rock
|turn|30
|
|t:|1779867813
|move|p1a: Ogerpon|U-turn|p2a: Dragonite
|-resisted|p2a: Dragonite
|-damage|p2a: Dragonite|70/100
|
|t:|1779867823
|switch|p1a: Pecharunt|Pecharunt|15/100|[from] U-turn
|move|p2a: Dragonite|Dragon Dance|p2a: Dragonite
|-boost|p2a: Dragonite|atk|1
|-boost|p2a: Dragonite|spe|1
|
|-heal|p2a: Dragonite|76/100|[from] item: Leftovers
|upkeep
|turn|31
|
|t:|1779867834
|move|p2a: Dragonite|Earthquake|p1a: Pecharunt
|-supereffective|p1a: Pecharunt
|-damage|p1a: Pecharunt|0 fnt
|faint|p1a: Pecharunt
|
|-heal|p2a: Dragonite|82/100|[from] item: Leftovers
|upkeep
|
|t:|1779867842
|switch|p1a: Blissey|Blissey, F|87/100
|turn|32
|
|t:|1779867854
|-terastallize|p1a: Blissey|Dark
|move|p2a: Dragonite|Extreme Speed|p1a: Blissey
|-damage|p1a: Blissey|49/100
|move|p1a: Blissey|Soft-Boiled|p1a: Blissey
|-heal|p1a: Blissey|99/100
|
|-heal|p2a: Dragonite|89/100|[from] item: Leftovers
|upkeep
|turn|33
|
|t:|1779867867
|move|p2a: Dragonite|Dragon Dance|p2a: Dragonite
|-boost|p2a: Dragonite|atk|1
|-boost|p2a: Dragonite|spe|1
|move|p1a: Blissey|Seismic Toss|p2a: Dragonite
|-damage|p2a: Dragonite|63/100
|
|-heal|p2a: Dragonite|69/100|[from] item: Leftovers
|upkeep
|turn|34
|
|t:|1779867878
|move|p2a: Dragonite|Roost|p2a: Dragonite
|-heal|p2a: Dragonite|100/100
|-singleturn|p2a: Dragonite|move: Roost
|move|p1a: Blissey|Seismic Toss|p2a: Dragonite
|-damage|p2a: Dragonite|75/100
|
|-heal|p2a: Dragonite|81/100|[from] item: Leftovers
|upkeep
|turn|35
|
|t:|1779867893
|move|p2a: Dragonite|Extreme Speed|p1a: Blissey
|-damage|p1a: Blissey|51/100
|move|p1a: Blissey|Seismic Toss|p2a: Dragonite
|-damage|p2a: Dragonite|55/100
|
|-heal|p2a: Dragonite|61/100|[from] item: Leftovers
|upkeep
|turn|36
|
|t:|1779867909
|switch|p1a: Ogerpon|Ogerpon, F|68/100 brn
|move|p2a: Dragonite|Dragon Dance|p2a: Dragonite
|-boost|p2a: Dragonite|atk|1
|-boost|p2a: Dragonite|spe|1
|
|-heal|p2a: Dragonite|67/100|[from] item: Leftovers
|-damage|p1a: Ogerpon|62/100 brn|[from] brn
|upkeep
|turn|37
|
|t:|1779867921
|move|p2a: Dragonite|Extreme Speed|p1a: Ogerpon
|-damage|p1a: Ogerpon|0 fnt
|faint|p1a: Ogerpon
|
|-heal|p2a: Dragonite|74/100|[from] item: Leftovers
|upkeep
|
|t:|1779867927
|switch|p1a: Blissey|Blissey, F, tera:Dark|51/100
|turn|38
|
|t:|1779867938
|move|p2a: Dragonite|Extreme Speed|p1a: Blissey
|-damage|p1a: Blissey|0 fnt
|faint|p1a: Blissey
|
|win|jonesy42
|raw|claudechamp's rating: 1256 &rarr; <strong>1226</strong><br />(-30 for losing)
|raw|jonesy42's rating: 1180 &rarr; <strong>1210</strong><br />(+30 for winning)
|c|☆claudechamp|gg
|c|☆jonesy42|Gg
|l|☆jonesy42
|player|p2|
