|j|☆Lambaba
|j|☆pyxr
|t:|1779863952
|gametype|singles
|player|p1|Lambaba|hilbert-wonderlauncher|1478
|player|p2|pyxr|1|1484
|gen|9
|tier|[Gen 9] OU
|rated|
|rule|HP Percentage Mod: HP is shown in percentages
|rule|Endless Battle Clause: Forcing endless battles is banned
|rule|Species Clause: Limit one of each Pokémon
|rule|OHKO Clause: OHKO moves are banned
|rule|Evasion Items Clause: Evasion items are banned
|rule|Evasion Moves Clause: Evasion moves are banned
|rule|Evasion Abilities Clause: Evasion abilities are banned
|rule|Sleep Moves Clause: Sleep-inducing moves are banned
|clearpoke
|poke|p1|Florges, F|
|poke|p1|Pecharunt|
|poke|p1|Alomomola, F|
|poke|p1|Great Tusk|
|poke|p1|Heatran, M|
|poke|p1|Mandibuzz, F|
|poke|p2|Iron Moth|
|poke|p2|Ting-Lu|
|poke|p2|Torkoal, M|
|poke|p2|Walking Wake|
|poke|p2|Great Tusk|
|poke|p2|Slither Wing|
|teampreview
|inactive|Battle timer is ON: inactive players will automatically lose when time's up. (requested by Lambaba)
|j| Easontom
|
|t:|1779863976
|teamsize|p1|6
|teamsize|p2|6
|start
|switch|p1a: Florges|Florges, F|100/100
|switch|p2a: Walking Wake|Walking Wake|100/100
|turn|1
|
|t:|1779863982
|-end|p2a: Walking Wake|Protosynthesis|[silent]
|switch|p2a: Torkoal|Torkoal, M|100/100
|-weather|SunnyDay|[from] ability: Drought|[of] p2a: Torkoal
|move|p1a: Florges|Calm Mind|p1a: Florges
|-boost|p1a: Florges|spa|1
|-boost|p1a: Florges|spd|1
|
|-weather|SunnyDay|[upkeep]
|upkeep
|turn|2
|
|t:|1779863987
|move|p1a: Florges|Calm Mind|p1a: Florges
|-boost|p1a: Florges|spa|1
|-boost|p1a: Florges|spd|1
|move|p2a: Torkoal|Stealth Rock|p1a: Florges
|-sidestart|p1: Lambaba|move: Stealth Rock
|
|-weather|SunnyDay|[upkeep]
|upkeep
|turn|3
|
|t:|1779863991
|switch|p2a: Ting-Lu|Ting-Lu|100/100
|-ability|p2a: Ting-Lu|Vessel of Ruin
|move|p1a: Florges|Moonblast|p2a: Ting-Lu
|-supereffective|p2a: Ting-Lu
|-damage|p2a: Ting-Lu|26/100
|
|-weather|SunnyDay|[upkeep]
|upkeep
|turn|4
|
|t:|1779863999
|move|p1a: Florges|Moonblast|p2a: Ting-Lu
|-supereffective|p2a: Ting-Lu
|-damage|p2a: Ting-Lu|0 fnt
|faint|p2a: Ting-Lu
|
|-weather|SunnyDay|[upkeep]
|upkeep
|inactive|pyxr has 120 seconds left.
|
|t:|1779864031
|switch|p2a: Slither Wing|Slither Wing|100/100
|-activate|p2a: Slither Wing|ability: Protosynthesis
|-start|p2a: Slither Wing|protosynthesisatk
|turn|5
|
|t:|1779864039
|switch|p1a: Alomomola|Alomomola, F|100/100
|-damage|p1a: Alomomola|88/100|[from] Stealth Rock
|move|p2a: Slither Wing|Flare Blitz|p1a: Alomomola
|-resisted|p1a: Alomomola
|-damage|p1a: Alomomola|42/100
|-status|p1a: Alomomola|brn
|-damage|p2a: Slither Wing|84/100|[from] item: Rocky Helmet|[of] p1a: Alomomola
|-damage|p2a: Slither Wing|59/100|[from] Recoil
|
|-weather|SunnyDay|[upkeep]
|-damage|p1a: Alomomola|36/100 brn|[from] brn
|upkeep
|turn|6
|
|t:|1779864048
|switch|p1a: Pecharunt|Pecharunt|100/100
|-damage|p1a: Pecharunt|88/100|[from] Stealth Rock
|move|p2a: Slither Wing|Flare Blitz|p1a: Pecharunt
|-damage|p1a: Pecharunt|26/100
|-damage|p2a: Slither Wing|34/100|[from] Recoil
|
|-weather|SunnyDay|[upkeep]
|-heal|p1a: Pecharunt|32/100|[from] item: Leftovers
|upkeep
|turn|7
|
|t:|1779864055
|move|p2a: Slither Wing|Flare Blitz|p1a: Pecharunt
|-damage|p1a: Pecharunt|0 fnt
|faint|p1a: Pecharunt
|-damage|p2a: Slither Wing|22/100|[from] Recoil
|
|-weather|SunnyDay|[upkeep]
|upkeep
|
|t:|1779864057
|switch|p1a: Alomomola|Alomomola, F|70/100 brn
|-damage|p1a: Alomomola|57/100 brn|[from] Stealth Rock
|turn|8
|
|t:|1779864063
|-end|p2a: Slither Wing|Protosynthesis|[silent]
|switch|p2a: Walking Wake|Walking Wake|100/100
|-activate|p2a: Walking Wake|ability: Protosynthesis
|-start|p2a: Walking Wake|protosynthesisspe
|move|p1a: Alomomola|Flip Turn|p2a: Walking Wake
|-resisted|p2a: Walking Wake
|-crit|p2a: Walking Wake
|-damage|p2a: Walking Wake|99/100
|
|t:|1779864067
|switch|p1a: Florges|Florges, F|100/100|[from] Flip Turn
|-damage|p1a: Florges|88/100|[from] Stealth Rock
|
|-weather|none
|-end|p2a: Walking Wake|Protosynthesis
|-heal|p1a: Florges|94/100|[from] item: Leftovers
|upkeep
|turn|9
|
|t:|1779864077
|-end|p2a: Walking Wake|Protosynthesis|[silent]
|switch|p2a: Iron Moth|Iron Moth|100/100
|move|p1a: Florges|Calm Mind|p1a: Florges
|-boost|p1a: Florges|spa|1
|-boost|p1a: Florges|spd|1
|
|-heal|p1a: Florges|99/100|[from] item: Leftovers
|upkeep
|turn|10
|
|t:|1779864081
|switch|p1a: Heatran|Heatran, M|100/100
|-damage|p1a: Heatran|88/100|[from] Stealth Rock
|move|p2a: Iron Moth|Sludge Wave|p1a: Heatran
|-immune|p1a: Heatran
|
|-heal|p1a: Heatran|94/100|[from] item: Leftovers
|upkeep
|turn|11
|
|t:|1779864089
|-end|p2a: Iron Moth|Quark Drive|[silent]
|switch|p2a: Walking Wake|Walking Wake|99/100
|move|p1a: Heatran|Stealth Rock|p2a: Walking Wake
|-sidestart|p2: pyxr|move: Stealth Rock
|
|-heal|p1a: Heatran|99/100|[from] item: Leftovers
|upkeep
|turn|12
|
|t:|1779864095
|switch|p1a: Alomomola|Alomomola, F|91/100 brn
|-damage|p1a: Alomomola|78/100 brn|[from] Stealth Rock
|move|p2a: Walking Wake|Hydro Steam|p1a: Alomomola
|-resisted|p1a: Alomomola
|-damage|p1a: Alomomola|54/100 brn
|
|-damage|p1a: Alomomola|48/100 brn|[from] brn
|upkeep
|turn|13
|
|t:|1779864113
|move|p2a: Walking Wake|Hydro Steam|p1a: Alomomola
|-resisted|p1a: Alomomola
|-damage|p1a: Alomomola|22/100 brn
|move|p1a: Alomomola|Wish|p1a: Alomomola
|
|-damage|p1a: Alomomola|16/100 brn|[from] brn
|upkeep
|turn|14
|
|t:|1779864126
|switch|p1a: Florges|Florges, F|99/100
|-damage|p1a: Florges|88/100|[from] Stealth Rock
|move|p2a: Walking Wake|Hydro Steam|p1a: Florges
|-damage|p1a: Florges|53/100
|
|-heal|p1a: Florges|100/100|[from] move: Wish|[wisher] Alomomola
|upkeep
|turn|15
|
|t:|1779864132
|-end|p2a: Walking Wake|Protosynthesis|[silent]
|switch|p2a: Iron Moth|Iron Moth|100/100
|-damage|p2a: Iron Moth|76/100|[from] Stealth Rock
|switch|p1a: Great Tusk|Great Tusk|100/100
|
|upkeep
|turn|16
|
|t:|1779864142
|move|p2a: Iron Moth|Fiery Dance|p1a: Great Tusk
|-damage|p1a: Great Tusk|20/100
|move|p1a: Great Tusk|Rapid Spin|p2a: Iron Moth
|-damage|p2a: Iron Moth|49/100
|-boost|p1a: Great Tusk|spe|1
|-sideend|p1: Lambaba|Stealth Rock|[from] move: Rapid Spin|[of] p1a: Great Tusk
|
|upkeep
|turn|17
|
|t:|1779864147
|-end|p2a: Iron Moth|Quark Drive|[silent]
|switch|p2a: Great Tusk|Great Tusk|100/100
|move|p1a: Great Tusk|Earthquake|p2a: Great Tusk
|-damage|p2a: Great Tusk|72/100
|
|upkeep
|turn|18
|
|t:|1779864160
|move|p1a: Great Tusk|Earthquake|p2a: Great Tusk
|-damage|p2a: Great Tusk|45/100
|move|p2a: Great Tusk|Rapid Spin|p1a: Great Tusk
|-damage|p1a: Great Tusk|13/100
|-boost|p2a: Great Tusk|spe|1
|-sideend|p2: pyxr|Stealth Rock|[from] move: Rapid Spin|[of] p2a: Great Tusk
|
|upkeep
|turn|19
|
|t:|1779864166
|move|p2a: Great Tusk|Ice Spinner|p1a: Great Tusk
|-supereffective|p1a: Great Tusk
|-damage|p1a: Great Tusk|0 fnt
|faint|p1a: Great Tusk
|-end|p1a: Great Tusk|Protosynthesis|[silent]
|
|upkeep
|
|t:|1779864170
|switch|p1a: Alomomola|Alomomola, F|49/100 brn
|turn|20
|
|t:|1779864179
|-end|p2a: Great Tusk|Protosynthesis|[silent]
|switch|p2a: Walking Wake|Walking Wake|99/100
|move|p1a: Alomomola|Wish|p1a: Alomomola
|
|-damage|p1a: Alomomola|43/100 brn|[from] brn
|upkeep
|turn|21
|
|t:|1779864186
|move|p2a: Walking Wake|Dragon Pulse|p1a: Alomomola
|-crit|p1a: Alomomola
|-damage|p1a: Alomomola|0 fnt
|faint|p1a: Alomomola
|
|upkeep
|
|t:|1779864189
|switch|p1a: Florges|Florges, F|100/100
|turn|22
|
|t:|1779864192
|-end|p2a: Walking Wake|Protosynthesis|[silent]
|switch|p2a: Torkoal|Torkoal, M|100/100
|-weather|SunnyDay|[from] ability: Drought|[of] p2a: Torkoal
|move|p1a: Florges|Moonblast|p2a: Torkoal
|-resisted|p2a: Torkoal
|-damage|p2a: Torkoal|71/100
|
|-weather|SunnyDay|[upkeep]
|upkeep
|turn|23
|
|t:|1779864204
|move|p1a: Florges|Calm Mind|p1a: Florges
|-boost|p1a: Florges|spa|1
|-boost|p1a: Florges|spd|1
|move|p2a: Torkoal|Stealth Rock|p1a: Florges
|-sidestart|p1: Lambaba|move: Stealth Rock
|
|-weather|SunnyDay|[upkeep]
|upkeep
|turn|24
|
|t:|1779864211
|switch|p2a: Iron Moth|Iron Moth|49/100
|move|p1a: Florges|Moonblast|p2a: Iron Moth
|-resisted|p2a: Iron Moth
|-crit|p2a: Iron Moth
|-damage|p2a: Iron Moth|21/100
|
|-weather|SunnyDay|[upkeep]
|upkeep
|turn|25
|
|t:|1779864214
|move|p2a: Iron Moth|Sludge Wave|p1a: Florges
|-supereffective|p1a: Florges
|-damage|p1a: Florges|40/100
|move|p1a: Florges|Moonblast|p2a: Iron Moth
|-resisted|p2a: Iron Moth
|-damage|p2a: Iron Moth|2/100
|
|-weather|SunnyDay|[upkeep]
|-heal|p1a: Florges|46/100|[from] item: Leftovers
|upkeep
|turn|26
|
|t:|1779864223
|-end|p2a: Iron Moth|Quark Drive|[silent]
|switch|p2a: Walking Wake|Walking Wake|99/100
|-activate|p2a: Walking Wake|ability: Protosynthesis
|-start|p2a: Walking Wake|protosynthesisspe
|switch|p1a: Heatran|Heatran, M|99/100
|-damage|p1a: Heatran|88/100|[from] Stealth Rock
|
|-weather|SunnyDay|[upkeep]
|-heal|p1a: Heatran|94/100|[from] item: Leftovers
|upkeep
|turn|27
|
|t:|1779864227
|move|p2a: Walking Wake|Hydro Steam|p1a: Heatran
|-supereffective|p1a: Heatran
|-damage|p1a: Heatran|0 fnt
|faint|p1a: Heatran
|
|-weather|SunnyDay|[upkeep]
|upkeep
|
|t:|1779864230
|switch|p1a: Florges|Florges, F|46/100
|-damage|p1a: Florges|34/100|[from] Stealth Rock
|turn|28
|
|t:|1779864233
|-terastallize|p1a: Florges|Grass
|move|p2a: Walking Wake|Hydro Steam|p1a: Florges
|-resisted|p1a: Florges
|-damage|p1a: Florges|5/100
|move|p1a: Florges|Calm Mind|p1a: Florges
|-boost|p1a: Florges|spa|1
|-boost|p1a: Florges|spd|1
|
|-weather|SunnyDay|[upkeep]
|-heal|p1a: Florges|11/100|[from] item: Leftovers
|upkeep
|turn|29
|
|t:|1779864238
|move|p2a: Walking Wake|Hydro Steam|p1a: Florges
|-resisted|p1a: Florges
|-damage|p1a: Florges|0 fnt
|faint|p1a: Florges
|
|-weather|none
|-end|p2a: Walking Wake|Protosynthesis
|upkeep
|-message|Lambaba forfeited.
|
|win|pyxr
|raw|Lambaba's rating: 1478 &rarr; <strong>1458</strong><br />(-20 for losing)
|raw|pyxr's rating: 1484 &rarr; <strong>1504</strong><br />(+20 for winning)
|l|☆Lambaba
|player|p1|
|l| Easontom
|l|☆pyxr
|player|p2|
