|j|☆Player UNOWN
|j|☆dddriake
|t:|1779874693
|gametype|singles
|player|p1|Player UNOWN|scientist-gen4|1135
|player|p2|dddriake|2|1172
|gen|9
|tier|[Gen 9] OU
|rated|
|rule|HP Percentage Mod: HP is shown in percentages
|rule|Endless Battle Clause: Forcing endless battles is banned
|rule|Species Clause: Limit one of each Pokémon
|rule|OHKO Clause: OHKO moves are banned
|rule|Evasion Items Clause: Evasion items are banned
|rule|Evasion Moves Clause: Evasion moves are banned
|rule|Evasion Abilities Clause: Evasion abilities are banned
|rule|Sleep Moves Clause: Sleep-inducing moves are banned
|clearpoke
|poke|p1|Tyranitar, M|
|poke|p1|Scizor, M|
|poke|p1|Flygon, F|
|poke|p1|Empoleon, M|
|poke|p1|Hippowdon, M|
|poke|p1|Garchomp, F|
|poke|p2|Blaziken, M|
|poke|p2|Ninetales, M|
|poke|p2|Walking Wake|
|poke|p2|Venusaur, F|
|poke|p2|Hatterene, F|
|poke|p2|Great Tusk|
|teampreview
|inactive|Battle timer is ON: inactive players will automatically lose when time's up. (requested by dddriake)
|inactive|Player UNOWN has 120 seconds left.
|
|t:|1779874749
|teamsize|p1|6
|teamsize|p2|6
|start
|switch|p1a: Hippowdon|Hippowdon, M|100/100
|switch|p2a: Great Tusk|Great Tusk|100/100
|-weather|Sandstorm|[from] ability: Sand Stream|[of] p1a: Hippowdon
|turn|1
|
|t:|1779874756
|move|p2a: Great Tusk|Stealth Rock|p1a: Hippowdon
|-sidestart|p1: Player UNOWN|move: Stealth Rock
|move|p1a: Hippowdon|Whirlwind|p2a: Great Tusk
|-end|p2a: Great Tusk|Protosynthesis|[silent]
|drag|p2a: Ninetales|Ninetales, M|100/100
|-weather|SunnyDay|[from] ability: Drought|[of] p2a: Ninetales
|
|-weather|SunnyDay|[upkeep]
|upkeep
|turn|2
|
|t:|1779874765
|move|p2a: Ninetales|Encore|p1a: Hippowdon
|-start|p1a: Hippowdon|Encore
|move|p1a: Hippowdon|Whirlwind|p2a: Ninetales
|drag|p2a: Blaziken|Blaziken, M|100/100
|
|-weather|SunnyDay|[upkeep]
|upkeep
|turn|3
|
|t:|1779874774
|switch|p1a: Empoleon|Empoleon, M|100/100
|-damage|p1a: Empoleon|94/100|[from] Stealth Rock
|move|p2a: Blaziken|Close Combat|p1a: Empoleon
|-supereffective|p1a: Empoleon
|-damage|p1a: Empoleon|8/100
|-unboost|p2a: Blaziken|def|1
|-unboost|p2a: Blaziken|spd|1
|-damage|p2a: Blaziken|84/100|[from] item: Rocky Helmet|[of] p1a: Empoleon
|
|-weather|SunnyDay|[upkeep]
|-ability|p2a: Blaziken|Speed Boost|boost
|-boost|p2a: Blaziken|spe|1
|upkeep
|turn|4
|
|t:|1779874787
|move|p1a: Empoleon|Aqua Jet|p2a: Blaziken
|-supereffective|p2a: Blaziken
|-damage|p2a: Blaziken|57/100
|move|p2a: Blaziken|Close Combat|p1a: Empoleon
|-supereffective|p1a: Empoleon
|-damage|p1a: Empoleon|0 fnt
|-unboost|p2a: Blaziken|def|1
|-unboost|p2a: Blaziken|spd|1
|-damage|p2a: Blaziken|41/100|[from] item: Rocky Helmet|[of] p1a: Empoleon
|faint|p1a: Empoleon
|
|-weather|SunnyDay|[upkeep]
|-ability|p2a: Blaziken|Speed Boost|boost
|-boost|p2a: Blaziken|spe|1
|upkeep
|
|t:|1779874801
|switch|p1a: Scizor|Scizor, M|100/100
|-damage|p1a: Scizor|88/100|[from] Stealth Rock
|turn|5
|
|t:|1779874805
|move|p2a: Blaziken|Upper Hand|p1a: Scizor
|-damage|p1a: Scizor|56/100
|-damage|p2a: Blaziken|24/100|[from] item: Rocky Helmet|[of] p1a: Scizor
|cant|p1a: Scizor|flinch
|
|-weather|SunnyDay|[upkeep]
|-ability|p2a: Blaziken|Speed Boost|boost
|-boost|p2a: Blaziken|spe|1
|upkeep
|turn|6
|
|t:|1779874815
|move|p2a: Blaziken|Upper Hand|p1a: Scizor
|-damage|p1a: Scizor|22/100
|-damage|p2a: Blaziken|7/100|[from] item: Rocky Helmet|[of] p1a: Scizor
|cant|p1a: Scizor|flinch
|
|-weather|SunnyDay|[upkeep]
|-ability|p2a: Blaziken|Speed Boost|boost
|-boost|p2a: Blaziken|spe|1
|upkeep
|turn|7
|
|t:|1779874826
|move|p2a: Blaziken|Upper Hand|p1a: Scizor
|-damage|p1a: Scizor|0 fnt
|-damage|p2a: Blaziken|0 fnt|[from] item: Rocky Helmet|[of] p1a: Scizor
|faint|p1a: Scizor
|faint|p2a: Blaziken
|
|-weather|SunnyDay|[upkeep]
|upkeep
|
|t:|1779874837
|switch|p2a: Walking Wake|Walking Wake|100/100
|switch|p1a: Garchomp|Garchomp, F|100/100
|-damage|p1a: Garchomp|94/100|[from] Stealth Rock
|-activate|p2a: Walking Wake|ability: Protosynthesis
|-start|p2a: Walking Wake|protosynthesisspe
|turn|8
|
|t:|1779874848
|move|p2a: Walking Wake|Draco Meteor|p1a: Garchomp
|-supereffective|p1a: Garchomp
|-damage|p1a: Garchomp|0 fnt
|-unboost|p2a: Walking Wake|spa|2
|faint|p1a: Garchomp
|
|-weather|none
|-end|p2a: Walking Wake|Protosynthesis
|upkeep
|inactive|Player UNOWN has 120 seconds left.
|
|t:|1779874892
|switch|p1a: Flygon|Flygon, F|100/100
|-damage|p1a: Flygon|95/100|[from] Stealth Rock
|turn|9
|
|t:|1779874903
|-end|p2a: Walking Wake|Protosynthesis|[silent]
|switch|p2a: Ninetales|Ninetales, M|100/100
|-weather|SunnyDay|[from] ability: Drought|[of] p2a: Ninetales
|move|p1a: Flygon|Dragon Dance|p1a: Flygon
|-boost|p1a: Flygon|atk|1
|-boost|p1a: Flygon|spe|1
|
|-weather|SunnyDay|[upkeep]
|upkeep
|turn|10
|
|t:|1779874914
|switch|p2a: Great Tusk|Great Tusk|100/100
|-activate|p2a: Great Tusk|ability: Protosynthesis
|-start|p2a: Great Tusk|protosynthesisatk
|move|p1a: Flygon|Dragon Dance|p1a: Flygon
|-boost|p1a: Flygon|atk|1
|-boost|p1a: Flygon|spe|1
|
|-weather|SunnyDay|[upkeep]
|upkeep
|turn|11
|
|t:|1779874928
|move|p1a: Flygon|Dragon Rush|p2a: Great Tusk
|-damage|p2a: Great Tusk|29/100
|cant|p2a: Great Tusk|flinch
|
|-weather|SunnyDay|[upkeep]
|upkeep
|turn|12
|
|t:|1779874937
|move|p1a: Flygon|Dragon Rush|p2a: Great Tusk|[miss]
|-miss|p1a: Flygon|p2a: Great Tusk
|move|p2a: Great Tusk|Ice Spinner|p1a: Flygon
|-supereffective|p1a: Flygon
|-damage|p1a: Flygon|0 fnt
|faint|p1a: Flygon
|
|-weather|SunnyDay|[upkeep]
|upkeep
|
|t:|1779874948
|switch|p1a: Hippowdon|Hippowdon, M|100/100
|-damage|p1a: Hippowdon|94/100|[from] Stealth Rock
|-weather|Sandstorm|[from] ability: Sand Stream|[of] p1a: Hippowdon
|-end|p2a: Great Tusk|Protosynthesis
|turn|13
|
|t:|1779874954
|move|p2a: Great Tusk|Ice Spinner|p1a: Hippowdon
|-supereffective|p1a: Hippowdon
|-damage|p1a: Hippowdon|55/100
|-damage|p2a: Great Tusk|13/100|[from] item: Rocky Helmet|[of] p1a: Hippowdon
|move|p1a: Hippowdon|Whirlwind|p2a: Great Tusk
|-end|p2a: Great Tusk|Protosynthesis|[silent]
|drag|p2a: Ninetales|Ninetales, M|100/100
|-weather|SunnyDay|[from] ability: Drought|[of] p2a: Ninetales
|
|-weather|SunnyDay|[upkeep]
|upkeep
|turn|14
|inactive|Player UNOWN has 120 seconds left.
|
|t:|1779874965
|move|p2a: Ninetales|Will-O-Wisp|p1a: Hippowdon
|-status|p1a: Hippowdon|brn
|move|p1a: Hippowdon|Stealth Rock|p2a: Ninetales
|-sidestart|p2: dddriake|move: Stealth Rock
|
|-weather|SunnyDay|[upkeep]
|-damage|p1a: Hippowdon|49/100 brn|[from] brn
|upkeep
|turn|15
|inactive|Player UNOWN has 120 seconds left.
|
|t:|1779874975
|move|p2a: Ninetales|Memento|p1a: Hippowdon
|-unboost|p1a: Hippowdon|atk|2
|-unboost|p1a: Hippowdon|spa|2
|faint|p2a: Ninetales
|move|p1a: Hippowdon|Earthquake|p2: Ninetales|[notarget]
|-fail|p1a: Hippowdon
|
|-weather|SunnyDay|[upkeep]
|-damage|p1a: Hippowdon|43/100 brn|[from] brn
|upkeep
|
|t:|1779874984
|switch|p2a: Venusaur|Venusaur, F|100/100
|-damage|p2a: Venusaur|88/100|[from] Stealth Rock
|turn|16
|
|t:|1779874990
|switch|p1a: Tyranitar|Tyranitar, M|100/100
|-damage|p1a: Tyranitar|88/100|[from] Stealth Rock
|-weather|Sandstorm|[from] ability: Sand Stream|[of] p1a: Tyranitar
|move|p2a: Venusaur|Growth|p2a: Venusaur
|-boost|p2a: Venusaur|atk|1
|-boost|p2a: Venusaur|spa|1
|
|-weather|Sandstorm|[upkeep]
|-damage|p2a: Venusaur|82/100|[from] Sandstorm
|upkeep
|turn|17
|
|t:|1779875001
|move|p2a: Venusaur|Giga Drain|p1a: Tyranitar
|-supereffective|p1a: Tyranitar
|-damage|p1a: Tyranitar|22/100
|-heal|p2a: Venusaur|100/100|[from] drain|[of] p1a: Tyranitar
|-damage|p2a: Venusaur|91/100|[from] item: Life Orb
|move|p1a: Tyranitar|Dragon Dance|p1a: Tyranitar
|-boost|p1a: Tyranitar|atk|1
|-boost|p1a: Tyranitar|spe|1
|
|-weather|Sandstorm|[upkeep]
|-damage|p2a: Venusaur|85/100|[from] Sandstorm
|upkeep
|turn|18
|
|t:|1779875014
|move|p2a: Venusaur|Giga Drain|p1a: Tyranitar
|-supereffective|p1a: Tyranitar
|-damage|p1a: Tyranitar|0 fnt
|-heal|p2a: Venusaur|97/100|[from] drain|[of] p1a: Tyranitar
|faint|p1a: Tyranitar
|-damage|p2a: Venusaur|87/100|[from] item: Life Orb
|
|-weather|Sandstorm|[upkeep]
|-damage|p2a: Venusaur|81/100|[from] Sandstorm
|upkeep
|
|t:|1779875023
|switch|p1a: Hippowdon|Hippowdon, M|43/100 brn
|-damage|p1a: Hippowdon|37/100 brn|[from] Stealth Rock
|turn|19
|
|t:|1779875028
|move|p2a: Venusaur|Giga Drain|p1a: Hippowdon
|-supereffective|p1a: Hippowdon
|-damage|p1a: Hippowdon|0 fnt
|-heal|p2a: Venusaur|100/100|[from] drain|[of] p1a: Hippowdon
|faint|p1a: Hippowdon
|-damage|p2a: Venusaur|91/100|[from] item: Life Orb
|
|win|dddriake
|raw|Player UNOWN's rating: 1135 &rarr; <strong>1113</strong><br />(-22 for losing)
|raw|dddriake's rating: 1172 &rarr; <strong>1194</strong><br />(+22 for winning)
|l|☆dddriake
|player|p2|
