|j|☆ZeeVeeAy
|j|☆kopv18
|t:|1779907643
|gametype|singles
|player|p1|ZeeVeeAy|daisy|1514
|player|p2|kopv18|bugcatcher-gen4dp|1486
|gen|9
|tier|[Gen 9] OU
|rated|
|rule|HP Percentage Mod: HP is shown in percentages
|rule|Endless Battle Clause: Forcing endless battles is banned
|rule|Species Clause: Limit one of each Pokémon
|rule|OHKO Clause: OHKO moves are banned
|rule|Evasion Items Clause: Evasion items are banned
|rule|Evasion Moves Clause: Evasion moves are banned
|rule|Evasion Abilities Clause: Evasion abilities are banned
|rule|Sleep Moves Clause: Sleep-inducing moves are banned
|clearpoke
|poke|p1|Dragapult, M|
|poke|p1|Gliscor, M|
|poke|p1|Kyurem|
|poke|p1|Ogerpon-Wellspring, F|
|poke|p1|Hatterene, F|
|poke|p1|Kingambit, M|
|poke|p2|Rabsca, M|
|poke|p2|Walking Wake|
|poke|p2|Torkoal, F|
|poke|p2|Great Tusk|
|poke|p2|Cresselia, F|
|poke|p2|Zarude|
|teampreview
|inactive|Battle timer is ON: inactive players will automatically lose when time's up. (requested by ZeeVeeAy)
|
|t:|1779907649
|teamsize|p1|6
|teamsize|p2|6
|start
|switch|p1a: Gliscor|Gliscor, M|100/100
|switch|p2a: Torkoal|Torkoal, F|100/100
|-weather|SunnyDay|[from] ability: Drought|[of] p2a: Torkoal
|turn|1
|
|t:|1779907657
|switch|p2a: Great Tusk|Great Tusk|100/100
|-activate|p2a: Great Tusk|ability: Protosynthesis
|-start|p2a: Great Tusk|protosynthesisspe
|move|p1a: Gliscor|Toxic|p2a: Great Tusk
|-status|p2a: Great Tusk|tox
|
|-weather|SunnyDay|[upkeep]
|-damage|p2a: Great Tusk|94/100 tox|[from] psn
|-status|p1a: Gliscor|tox|[from] item: Toxic Orb
|upkeep
|turn|2
|
|t:|1779907661
|move|p2a: Great Tusk|Bulk Up|p2a: Great Tusk
|-boost|p2a: Great Tusk|atk|1
|-boost|p2a: Great Tusk|def|1
|move|p1a: Gliscor|Stealth Rock|p2a: Great Tusk
|-sidestart|p2: kopv18|move: Stealth Rock
|
|-weather|SunnyDay|[upkeep]
|-heal|p2a: Great Tusk|100/100 tox|[from] item: Leftovers
|-damage|p2a: Great Tusk|88/100 tox|[from] psn
|upkeep
|turn|3
|
|t:|1779907665
|move|p2a: Great Tusk|Rapid Spin|p1a: Gliscor
|-damage|p1a: Gliscor|85/100 tox
|-boost|p2a: Great Tusk|spe|1
|-sideend|p2: kopv18|Stealth Rock|[from] move: Rapid Spin|[of] p2a: Great Tusk
|move|p1a: Gliscor|Knock Off|p2a: Great Tusk
|-resisted|p2a: Great Tusk
|-damage|p2a: Great Tusk|83/100 tox
|-enditem|p2a: Great Tusk|Leftovers|[from] move: Knock Off|[of] p1a: Gliscor
|
|-weather|SunnyDay|[upkeep]
|-damage|p2a: Great Tusk|65/100 tox|[from] psn
|-heal|p1a: Gliscor|97/100 tox|[from] ability: Poison Heal
|upkeep
|turn|4
|
|t:|1779907670
|move|p1a: Gliscor|Protect|p1a: Gliscor
|-singleturn|p1a: Gliscor|Protect
|move|p2a: Great Tusk|Bulk Up|p2a: Great Tusk
|-boost|p2a: Great Tusk|atk|1
|-boost|p2a: Great Tusk|def|1
|
|-weather|SunnyDay|[upkeep]
|-damage|p2a: Great Tusk|40/100 tox|[from] psn
|-heal|p1a: Gliscor|100/100 tox|[from] ability: Poison Heal
|upkeep
|turn|5
|
|t:|1779907692
|switch|p1a: Hatterene|Hatterene, F|100/100
|move|p2a: Great Tusk|Headlong Rush|p1a: Hatterene
|-damage|p1a: Hatterene|0 fnt
|-unboost|p2a: Great Tusk|def|1
|-unboost|p2a: Great Tusk|spd|1
|faint|p1a: Hatterene
|
|-weather|SunnyDay|[upkeep]
|-damage|p2a: Great Tusk|9/100 tox|[from] psn
|upkeep
|
|t:|1779907696
|switch|p1a: Gliscor|Gliscor, M|100/100 tox
|turn|6
|
|t:|1779907705
|-end|p2a: Great Tusk|Protosynthesis|[silent]
|switch|p2a: Walking Wake|Walking Wake|100/100
|-activate|p2a: Walking Wake|ability: Protosynthesis
|-start|p2a: Walking Wake|protosynthesisspe
|move|p1a: Gliscor|Protect||[still]
|-fail|p1a: Gliscor
|
|-weather|SunnyDay|[upkeep]
|upkeep
|turn|7
|
|t:|1779907713
|move|p1a: Gliscor|Protect|p1a: Gliscor
|-singleturn|p1a: Gliscor|Protect
|move|p2a: Walking Wake|Draco Meteor|p1a: Gliscor
|-activate|p1a: Gliscor|move: Protect
|
|-weather|SunnyDay|[upkeep]
|upkeep
|turn|8
|
|t:|1779907718
|switch|p1a: Kingambit|Kingambit, M, shiny|100/100
|-activate|p1a: Kingambit|ability: Supreme Overlord
|-start|p1a: Kingambit|fallen1|[silent]
|move|p2a: Walking Wake|Draco Meteor|p1a: Kingambit
|-resisted|p1a: Kingambit
|-damage|p1a: Kingambit|52/100
|-unboost|p2a: Walking Wake|spa|2
|
|-weather|none
|-end|p2a: Walking Wake|Protosynthesis
|-heal|p1a: Kingambit|58/100|[from] item: Leftovers
|upkeep
|turn|9
|
|t:|1779907728
|-end|p2a: Walking Wake|Protosynthesis|[silent]
|switch|p2a: Torkoal|Torkoal, F|100/100
|-weather|SunnyDay|[from] ability: Drought|[of] p2a: Torkoal
|move|p1a: Kingambit|Swords Dance|p1a: Kingambit
|-boost|p1a: Kingambit|atk|2
|
|-weather|SunnyDay|[upkeep]
|-heal|p1a: Kingambit|65/100|[from] item: Leftovers
|upkeep
|turn|10
|
|t:|1779907733
|-terastallize|p1a: Kingambit|Fire
|move|p1a: Kingambit|Swords Dance|p1a: Kingambit
|-boost|p1a: Kingambit|atk|2
|move|p2a: Torkoal|Eruption|p1a: Kingambit
|-resisted|p1a: Kingambit
|-damage|p1a: Kingambit|14/100
|
|-weather|SunnyDay|[upkeep]
|-heal|p1a: Kingambit|20/100|[from] item: Leftovers
|upkeep
|turn|11
|
|t:|1779907744
|move|p1a: Kingambit|Kowtow Cleave|p2a: Torkoal
|-damage|p2a: Torkoal|0 fnt
|faint|p2a: Torkoal
|
|-weather|SunnyDay|[upkeep]
|-heal|p1a: Kingambit|26/100|[from] item: Leftovers
|upkeep
|
|t:|1779907747
|switch|p2a: Zarude|Zarude|100/100
|turn|12
|
|t:|1779907752
|move|p1a: Kingambit|Sucker Punch||[still]
|-fail|p1a: Kingambit
|move|p2a: Zarude|Swords Dance|p2a: Zarude
|-boost|p2a: Zarude|atk|2
|
|-weather|SunnyDay|[upkeep]
|-heal|p1a: Kingambit|33/100|[from] item: Leftovers
|upkeep
|turn|13
|
|t:|1779907754
|move|p1a: Kingambit|Sucker Punch||[still]
|-fail|p1a: Kingambit
|move|p2a: Zarude|Swords Dance|p2a: Zarude
|-boost|p2a: Zarude|atk|2
|
|-weather|SunnyDay|[upkeep]
|-heal|p1a: Kingambit|39/100|[from] item: Leftovers
|upkeep
|turn|14
|
|t:|1779907756
|move|p1a: Kingambit|Sucker Punch|p2a: Zarude
|-resisted|p2a: Zarude
|-damage|p2a: Zarude|36/100
|move|p2a: Zarude|Knock Off|p1a: Kingambit
|-damage|p1a: Kingambit|0 fnt
|-enditem|p1a: Kingambit|Leftovers|[from] move: Knock Off|[of] p2a: Zarude
|faint|p1a: Kingambit
|-end|p1a: Kingambit|fallen1|[silent]
|
|-weather|SunnyDay|[upkeep]
|-heal|p2a: Zarude|43/100|[from] item: Leftovers
|upkeep
|
|t:|1779907759
|switch|p1a: Dragapult|Dragapult, M|100/100
|turn|15
|
|t:|1779907765
|move|p1a: Dragapult|U-turn|p2a: Zarude
|-supereffective|p2a: Zarude
|-damage|p2a: Zarude|0 fnt
|faint|p2a: Zarude
|
|t:|1779907770
|switch|p1a: Gliscor|Gliscor, M|100/100 tox|[from] U-turn
|
|-weather|SunnyDay|[upkeep]
|upkeep
|
|t:|1779907787
|switch|p2a: Walking Wake|Walking Wake|100/100
|-activate|p2a: Walking Wake|ability: Protosynthesis
|-start|p2a: Walking Wake|protosynthesisspe
|turn|16
|
|t:|1779907791
|move|p1a: Gliscor|Protect|p1a: Gliscor
|-singleturn|p1a: Gliscor|Protect
|move|p2a: Walking Wake|Hydro Steam|p1a: Gliscor
|-activate|p1a: Gliscor|move: Protect
|
|-weather|none
|-end|p2a: Walking Wake|Protosynthesis
|upkeep
|turn|17
|
|t:|1779907798
|-end|p2a: Walking Wake|Protosynthesis|[silent]
|switch|p2a: Cresselia|Cresselia, F|100/100
|switch|p1a: Ogerpon|Ogerpon-Wellspring, F|100/100
|
|upkeep
|turn|18
|
|t:|1779907801
|move|p1a: Ogerpon|Spikes|p2a: Cresselia
|-sidestart|p2: kopv18|Spikes
|move|p2a: Cresselia|Trick Room|p2a: Cresselia
|-fieldstart|move: Trick Room|[of] p2a: Cresselia
|
|upkeep
|turn|19
|
|t:|1779907815
|move|p2a: Cresselia|Lunar Dance|p2a: Cresselia
|faint|p2a: Cresselia
|move|p1a: Ogerpon|Spikes|p2: Cresselia
|-sidestart|p2: kopv18|Spikes
|
|upkeep
|
|t:|1779907818
|switch|p2a: Rabsca|Rabsca, M|100/100
|-damage|p2a: Rabsca|84/100|[from] Spikes
|turn|20
|
|t:|1779907824
|move|p2a: Rabsca|Bug Buzz|p1a: Ogerpon
|-supereffective|p1a: Ogerpon
|-damage|p1a: Ogerpon|0 fnt
|faint|p1a: Ogerpon
|-enditem|p2a: Rabsca|Throat Spray
|-boost|p2a: Rabsca|spa|1|[from] item: Throat Spray
|
|upkeep
|
|t:|1779907830
|switch|p1a: Dragapult|Dragapult, M|100/100
|turn|21
|
|t:|1779907836
|move|p2a: Rabsca|Revival Blessing|p2a: Rabsca
|
|t:|1779907851
|-heal|p2: Torkoal|50/100|[from] move: Revival Blessing
|move|p1a: Dragapult|Hex|p2a: Rabsca
|-supereffective|p2a: Rabsca
|-damage|p2a: Rabsca|26/100
|
|upkeep
|turn|22
|
|t:|1779907859
|move|p2a: Rabsca|Psyshock|p1a: Dragapult
|-damage|p1a: Dragapult|22/100
|move|p1a: Dragapult|Hex|p2a: Rabsca
|-supereffective|p2a: Rabsca
|-damage|p2a: Rabsca|0 fnt
|faint|p2a: Rabsca
|
|-fieldend|move: Trick Room
|upkeep
|
|t:|1779907874
|switch|p2a: Torkoal|Torkoal, F|50/100
|-heal|p2a: Torkoal|100/100|[from] move: Lunar Dance
|-damage|p2a: Torkoal|84/100|[from] Spikes
|-weather|SunnyDay|[from] ability: Drought|[of] p2a: Torkoal
|turn|23
|
|t:|1779907877
|switch|p2a: Great Tusk|Great Tusk|9/100 tox
|-damage|p2a: Great Tusk|0 fnt|[from] Spikes
|faint|p2a: Great Tusk
|-end|p2a: Great Tusk|Protosynthesis|[silent]
|move|p1a: Dragapult|Hex|p2: Great Tusk|[notarget]
|-fail|p1a: Dragapult
|
|-weather|SunnyDay|[upkeep]
|upkeep
|
|t:|1779907879
|switch|p2a: Walking Wake|Walking Wake|100/100
|-damage|p2a: Walking Wake|84/100|[from] Spikes
|-activate|p2a: Walking Wake|ability: Protosynthesis
|-start|p2a: Walking Wake|protosynthesisspe
|turn|24
|
|t:|1779907883
|move|p2a: Walking Wake|Dragon Pulse|p1a: Dragapult
|-supereffective|p1a: Dragapult
|-crit|p1a: Dragapult
|-damage|p1a: Dragapult|0 fnt
|faint|p1a: Dragapult
|
|-weather|SunnyDay|[upkeep]
|upkeep
|
|t:|1779907885
|switch|p1a: Gliscor|Gliscor, M|100/100 tox
|turn|25
|
|t:|1779907889
|move|p2a: Walking Wake|Dragon Pulse|p1a: Gliscor
|-crit|p1a: Gliscor
|-damage|p1a: Gliscor|18/100 tox
|move|p1a: Gliscor|Toxic|p2a: Walking Wake
|-status|p2a: Walking Wake|tox
|
|-weather|SunnyDay|[upkeep]
|-damage|p2a: Walking Wake|78/100 tox|[from] psn
|-heal|p1a: Gliscor|30/100 tox|[from] ability: Poison Heal
|upkeep
|turn|26
|
|t:|1779907895
|move|p1a: Gliscor|Protect|p1a: Gliscor
|-singleturn|p1a: Gliscor|Protect
|move|p2a: Walking Wake|Dragon Pulse|p1a: Gliscor
|-activate|p1a: Gliscor|move: Protect
|
|-weather|SunnyDay|[upkeep]
|-damage|p2a: Walking Wake|65/100 tox|[from] psn
|-heal|p1a: Gliscor|43/100 tox|[from] ability: Poison Heal
|upkeep
|turn|27
|
|t:|1779907898
|move|p2a: Walking Wake|Dragon Pulse|p1a: Gliscor
|-damage|p1a: Gliscor|0 fnt
|faint|p1a: Gliscor
|
|-weather|SunnyDay|[upkeep]
|-damage|p2a: Walking Wake|47/100 tox|[from] psn
|upkeep
|
|t:|1779907900
|switch|p1a: Kyurem|Kyurem|100/100
|-ability|p1a: Kyurem|Pressure
|turn|28
|
|t:|1779907902
|move|p2a: Walking Wake|Dragon Pulse|p1a: Kyurem
|-supereffective|p1a: Kyurem
|-damage|p1a: Kyurem|0 fnt
|faint|p1a: Kyurem
|
|win|kopv18
|raw|ZeeVeeAy's rating: 1514 &rarr; <strong>1492</strong><br />(-22 for losing)
|raw|kopv18's rating: 1486 &rarr; <strong>1508</strong><br />(+22 for winning)
|l|☆ZeeVeeAy
|player|p1|
