|j|☆microplasticballs
|j|☆Pelogrulla72
|t:|1779802665
|gametype|singles
|player|p1|microplasticballs|guitarist-gen4|1111
|player|p2|Pelogrulla72|erika|1103
|gen|9
|tier|[Gen 9] OU
|rated|
|rule|HP Percentage Mod: HP is shown in percentages
|rule|Endless Battle Clause: Forcing endless battles is banned
|rule|Species Clause: Limit one of each Pokémon
|rule|OHKO Clause: OHKO moves are banned
|rule|Evasion Items Clause: Evasion items are banned
|rule|Evasion Moves Clause: Evasion moves are banned
|rule|Evasion Abilities Clause: Evasion abilities are banned
|rule|Sleep Moves Clause: Sleep-inducing moves are banned
|clearpoke
|poke|p1|Gholdengo|
|poke|p1|Glimmora, M|
|poke|p1|Zamazenta-*|
|poke|p1|Grimmsnarl, M|
|poke|p1|Polteageist|
|poke|p1|Ogerpon-Wellspring, F|
|poke|p2|Ursaluna, F|
|poke|p2|Ambipom, M|
|poke|p2|Arbok, M|
|poke|p2|Lokix, F|
|poke|p2|Polteageist-Antique|
|poke|p2|Cinderace, M|
|teampreview
|inactive|Battle timer is ON: inactive players will automatically lose when time's up. (requested by Pelogrulla72)
|
|t:|1779802698
|teamsize|p1|6
|teamsize|p2|6
|start
|switch|p1a: Polteageist|Polteageist, shiny|100/100
|switch|p2a: Mr blue sky|Ambipom, M|100/100
|turn|1
|
|t:|1779802704
|move|p2a: Mr blue sky|Triple Axel|p1a: Polteageist
|-damage|p1a: Polteageist|88/100
|-damage|p1a: Polteageist|64/100
|-damage|p1a: Polteageist|26/100
|-start|p2a: Mr blue sky|Disable|Triple Axel|[from] ability: Cursed Body|[of] p1a: Polteageist
|-hitcount|p1a: Polteageist|3
|move|p1a: Polteageist|Shell Smash|p1a: Polteageist
|-unboost|p1a: Polteageist|def|1
|-unboost|p1a: Polteageist|spd|1
|-boost|p1a: Polteageist|atk|2
|-boost|p1a: Polteageist|spa|2
|-boost|p1a: Polteageist|spe|2
|-enditem|p1a: Polteageist|White Herb
|-clearnegativeboost|p1a: Polteageist|[silent]
|
|upkeep
|turn|2
|
|t:|1779802722
|switch|p2a: Pau Palacín|Cinderace, M, shiny|100/100
|move|p1a: Polteageist|Strength Sap|p2a: Pau Palacín
|-unboost|p2a: Pau Palacín|atk|1
|-heal|p1a: Polteageist|100/100
|
|upkeep
|turn|3
|
|t:|1779802733
|switch|p2a: A fking n word|Lokix, F|100/100
|-terastallize|p1a: Polteageist|Fairy
|move|p1a: Polteageist|Stored Power|p2a: A fking n word
|-immune|p2a: A fking n word
|
|upkeep
|turn|4
|
|t:|1779802740
|move|p2a: A fking n word|First Impression|p1a: Polteageist
|-resisted|p1a: Polteageist
|-damage|p1a: Polteageist|14/100
|-start|p2a: A fking n word|Disable|First Impression|[from] ability: Cursed Body|[of] p1a: Polteageist
|-damage|p2a: A fking n word|91/100|[from] item: Life Orb
|move|p1a: Polteageist|Shadow Ball|p2a: A fking n word
|-resisted|p2a: A fking n word
|-damage|p2a: A fking n word|10/100
|
|upkeep
|turn|5
|
|t:|1779802760
|switch|p2a: Mr blue sky|Ambipom, M|100/100
|move|p1a: Polteageist|Strength Sap|p2a: Mr blue sky
|-unboost|p2a: Mr blue sky|atk|1
|-heal|p1a: Polteageist|100/100
|
|upkeep
|turn|6
|
|t:|1779802767
|move|p2a: Mr blue sky|Fake Out|p1a: Polteageist
|-damage|p1a: Polteageist|68/100
|cant|p1a: Polteageist|flinch
|
|upkeep
|turn|7
|
|t:|1779802776
|switch|p2a: A fking n word|Lokix, F|10/100
|move|p1a: Polteageist|Strength Sap|p2a: A fking n word
|-unboost|p2a: A fking n word|atk|1
|-heal|p1a: Polteageist|100/100
|
|upkeep
|turn|8
|
|t:|1779802781
|move|p2a: A fking n word|First Impression|p1a: Polteageist
|-resisted|p1a: Polteageist
|-damage|p1a: Polteageist|35/100
|-start|p2a: A fking n word|Disable|First Impression|[from] ability: Cursed Body|[of] p1a: Polteageist
|-damage|p2a: A fking n word|0 fnt|[from] item: Life Orb
|faint|p2a: A fking n word
|move|p1a: Polteageist|Shadow Ball|p2: A fking n word|[notarget]
|-fail|p1a: Polteageist
|
|upkeep
|
|t:|1779802790
|switch|p2a: Mr blue sky|Ambipom, M|100/100
|turn|9
|
|t:|1779802794
|move|p2a: Mr blue sky|Fake Out|p1a: Polteageist
|-damage|p1a: Polteageist|0 fnt
|faint|p1a: Polteageist
|
|upkeep
|
|t:|1779802798
|switch|p1a: Grimmsnarl|Grimmsnarl, M, shiny|100/100
|turn|10
|
|t:|1779802803
|switch|p2a: Pau Palacín|Cinderace, M, shiny|100/100
|move|p1a: Grimmsnarl|Reflect|p1a: Grimmsnarl
|-sidestart|p1: microplasticballs|Reflect
|
|upkeep
|turn|11
|
|t:|1779802808
|move|p1a: Grimmsnarl|Taunt|p2a: Pau Palacín
|-start|p2a: Pau Palacín|move: Taunt
|move|p2a: Pau Palacín|Pyro Ball|p1a: Grimmsnarl
|-damage|p1a: Grimmsnarl|64/100
|
|upkeep
|turn|12
|
|t:|1779802813
|move|p1a: Grimmsnarl|Light Screen|p1a: Grimmsnarl
|-sidestart|p1: microplasticballs|move: Light Screen
|move|p2a: Pau Palacín|Pyro Ball|p1a: Grimmsnarl
|-crit|p1a: Grimmsnarl
|-damage|p1a: Grimmsnarl|0 fnt
|faint|p1a: Grimmsnarl
|
|upkeep
|
|t:|1779802829
|switch|p1a: Ogerpon|Ogerpon-Wellspring, F|100/100
|turn|13
|
|t:|1779802836
|move|p2a: Pau Palacín|Sucker Punch|p1a: Ogerpon
|-start|p2a: Pau Palacín|typechange|Dark|[from] ability: Libero
|-damage|p1a: Ogerpon|80/100
|move|p1a: Ogerpon|Ivy Cudgel|p2a: Pau Palacín|[anim] Ivy Cudgel Water
|-damage|p2a: Pau Palacín|14/100
|
|-end|p2a: Pau Palacín|move: Taunt
|upkeep
|turn|14
|
|t:|1779802842
|move|p1a: Ogerpon|Horn Leech|p2a: Pau Palacín
|-damage|p2a: Pau Palacín|0 fnt
|-heal|p1a: Ogerpon|86/100|[from] drain|[of] p2a: Pau Palacín
|faint|p2a: Pau Palacín
|
|upkeep
|
|t:|1779802853
|switch|p2a: Lil Netanyahu|Polteageist-Antique|100/100
|turn|15
|
|t:|1779802858
|move|p1a: Ogerpon|Taunt|p2a: Lil Netanyahu
|-start|p2a: Lil Netanyahu|move: Taunt
|cant|p2a: Lil Netanyahu|move: Taunt|Shell Smash
|
|upkeep
|turn|16
|
|t:|1779802864
|switch|p2a: Ursaking|Ursaluna, F, shiny|100/100
|move|p1a: Ogerpon|Ivy Cudgel|p2a: Ursaking|[anim] Ivy Cudgel Water
|-supereffective|p2a: Ursaking
|-damage|p2a: Ursaking|26/100
|
|-status|p2a: Ursaking|brn|[from] item: Flame Orb
|upkeep
|turn|17
|
|t:|1779802869
|switch|p2a: Teto pear 31|Arbok, M, shiny|100/100
|-ability|p2a: Teto pear 31|Intimidate|boost
|-unboost|p1a: Ogerpon|atk|1
|move|p1a: Ogerpon|Horn Leech|p2a: Teto pear 31
|-resisted|p2a: Teto pear 31
|-damage|p2a: Teto pear 31|79/100
|-heal|p1a: Ogerpon|97/100|[from] drain|[of] p2a: Teto pear 31
|
|-heal|p2a: Teto pear 31|85/100|[from] item: Leftovers
|-sideend|p1: microplasticballs|Reflect
|upkeep
|turn|18
|
|t:|1779802879
|switch|p1a: Glimmora|Glimmora, M, shiny|100/100
|move|p2a: Teto pear 31|Coil|p2a: Teto pear 31
|-boost|p2a: Teto pear 31|atk|1
|-boost|p2a: Teto pear 31|def|1
|-boost|p2a: Teto pear 31|accuracy|1
|
|-heal|p2a: Teto pear 31|91/100|[from] item: Leftovers
|upkeep
|turn|19
|
|t:|1779802888
|move|p1a: Glimmora|Earth Power|p2a: Teto pear 31
|-supereffective|p2a: Teto pear 31
|-damage|p2a: Teto pear 31|29/100
|move|p2a: Teto pear 31|Earthquake|p1a: Glimmora
|-supereffective|p1a: Glimmora
|-damage|p1a: Glimmora|0 fnt
|-activate|p1a: Glimmora|ability: Toxic Debris
|-sidestart|p2: Pelogrulla72|move: Toxic Spikes
|faint|p1a: Glimmora
|
|-heal|p2a: Teto pear 31|35/100|[from] item: Leftovers
|-sideend|p1: microplasticballs|move: Light Screen
|upkeep
|inactive|microplasticballs has 120 seconds left.
|
|t:|1779802921
|switch|p1a: Gholdengo|Gholdengo, shiny|100/100
|-item|p1a: Gholdengo|Air Balloon
|turn|20
|
|t:|1779802935
|switch|p2a: Ursaking|Ursaluna, F, shiny|26/100 brn
|move|p1a: Gholdengo|Shadow Ball|p2a: Ursaking
|-immune|p2a: Ursaking
|
|-damage|p2a: Ursaking|20/100 brn|[from] brn
|upkeep
|turn|21
|
|t:|1779802947
|move|p1a: Gholdengo|Dazzling Gleam|p2a: Ursaking
|-damage|p2a: Ursaking|0 fnt
|faint|p2a: Ursaking
|
|upkeep
|
|t:|1779802950
|switch|p2a: Teto pear 31|Arbok, M, shiny|35/100
|-sideend|p2: Pelogrulla72|move: Toxic Spikes|[of] p2a: Teto pear 31
|-ability|p2a: Teto pear 31|Intimidate|boost
|-unboost|p1a: Gholdengo|atk|1
|turn|22
|
|t:|1779802958
|move|p2a: Teto pear 31|Sucker Punch|p1a: Gholdengo
|-supereffective|p1a: Gholdengo
|-damage|p1a: Gholdengo|54/100
|-enditem|p1a: Gholdengo|Air Balloon
|move|p1a: Gholdengo|Shadow Ball|p2a: Teto pear 31
|-damage|p2a: Teto pear 31|0 fnt
|faint|p2a: Teto pear 31
|
|upkeep
|
|t:|1779802967
|switch|p2a: Lil Netanyahu|Polteageist-Antique|100/100
|turn|23
|
|t:|1779802973
|move|p1a: Gholdengo|Shadow Ball|p2a: Lil Netanyahu
|-supereffective|p2a: Lil Netanyahu
|-enditem|p2a: Lil Netanyahu|Focus Sash
|-damage|p2a: Lil Netanyahu|1/100
|-unboost|p2a: Lil Netanyahu|spd|1
|move|p2a: Lil Netanyahu|Shell Smash|p2a: Lil Netanyahu
|-unboost|p2a: Lil Netanyahu|def|1
|-unboost|p2a: Lil Netanyahu|spd|1
|-boost|p2a: Lil Netanyahu|atk|2
|-boost|p2a: Lil Netanyahu|spa|2
|-boost|p2a: Lil Netanyahu|spe|2
|
|upkeep
|turn|24
|
|t:|1779802982
|switch|p1a: Zamazenta|Zamazenta, shiny|100/100
|-ability|p1a: Zamazenta|Dauntless Shield|boost
|-boost|p1a: Zamazenta|def|1
|move|p2a: Lil Netanyahu|Shadow Ball|p1a: Zamazenta
|-damage|p1a: Zamazenta|35/100
|
|-heal|p1a: Zamazenta|41/100|[from] item: Leftovers
|upkeep
|turn|25
|
|t:|1779802989
|move|p2a: Lil Netanyahu|Stored Power|p1a: Zamazenta
|-supereffective|p1a: Zamazenta
|-damage|p1a: Zamazenta|0 fnt
|faint|p1a: Zamazenta
|
|upkeep
|
|t:|1779802992
|switch|p1a: Ogerpon|Ogerpon-Wellspring, F|97/100
|turn|26
|
|t:|1779803002
|move|p2a: Lil Netanyahu|Stored Power|p1a: Ogerpon
|-damage|p1a: Ogerpon|0 fnt
|faint|p1a: Ogerpon
|
|upkeep
|
|t:|1779803005
|switch|p1a: Gholdengo|Gholdengo, shiny|54/100
|turn|27
|
|t:|1779803010
|-terastallize|p2a: Lil Netanyahu|Normal
|move|p2a: Lil Netanyahu|Shadow Ball|p1a: Gholdengo
|-supereffective|p1a: Gholdengo
|-damage|p1a: Gholdengo|0 fnt
|faint|p1a: Gholdengo
|
|win|Pelogrulla72
|raw|microplasticballs's rating: 1111 &rarr; <strong>1085</strong><br />(-26 for losing)
|raw|Pelogrulla72's rating: 1103 &rarr; <strong>1129</strong><br />(+26 for winning)
|l|☆Pelogrulla72
|player|p2|
|l|☆microplasticballs
|player|p1|
