|j|☆javajos
|j|☆redpepper47
|t:|1779808969
|gametype|singles
|player|p1|javajos|supernerd|1036
|player|p2|redpepper47|miku-water|1068
|gen|9
|tier|[Gen 9] OU
|rated|
|rule|HP Percentage Mod: HP is shown in percentages
|rule|Endless Battle Clause: Forcing endless battles is banned
|rule|Species Clause: Limit one of each Pokémon
|rule|OHKO Clause: OHKO moves are banned
|rule|Evasion Items Clause: Evasion items are banned
|rule|Evasion Moves Clause: Evasion moves are banned
|rule|Evasion Abilities Clause: Evasion abilities are banned
|rule|Sleep Moves Clause: Sleep-inducing moves are banned
|clearpoke
|poke|p1|Spiritomb, F|
|poke|p1|Porygon-Z|
|poke|p1|Lucario, F|
|poke|p1|Milotic, F|
|poke|p1|Garchomp, F|
|poke|p1|Blissey, F|
|poke|p2|Milotic, F|
|poke|p2|Latios, M|
|poke|p2|Gardevoir, M|
|poke|p2|Skarmory, F|
|poke|p2|Hitmontop, M|
|poke|p2|Sandy Shocks|
|teampreview
|inactive|Battle timer is ON: inactive players will automatically lose when time's up. (requested by redpepper47)
|c|☆redpepper47|oh nice
|c|☆redpepper47|nostalgic
|c|☆javajos|thank you
|
|t:|1779808989
|teamsize|p1|6
|teamsize|p2|6
|start
|switch|p1a: Milotic|Milotic, F|100/100
|switch|p2a: Skarmory|Skarmory, F|100/100
|turn|1
|
|t:|1779809002
|move|p1a: Milotic|Ice Beam|p2a: Skarmory
|-damage|p2a: Skarmory|72/100
|move|p2a: Skarmory|Spikes|p1a: Milotic
|-sidestart|p1: javajos|Spikes
|
|-heal|p2a: Skarmory|78/100|[from] item: Leftovers
|-status|p1a: Milotic|brn|[from] item: Flame Orb
|upkeep
|turn|2
|
|t:|1779809009
|move|p1a: Milotic|Ice Beam|p2a: Skarmory
|-damage|p2a: Skarmory|47/100
|move|p2a: Skarmory|Spikes|p1a: Milotic
|-sidestart|p1: javajos|Spikes
|
|-heal|p2a: Skarmory|53/100|[from] item: Leftovers
|-damage|p1a: Milotic|94/100 brn|[from] brn
|upkeep
|turn|3
|
|t:|1779809015
|move|p1a: Milotic|Ice Beam|p2a: Skarmory
|-crit|p2a: Skarmory
|-damage|p2a: Skarmory|8/100
|move|p2a: Skarmory|Spikes|p1a: Milotic
|-sidestart|p1: javajos|Spikes
|
|-heal|p2a: Skarmory|14/100|[from] item: Leftovers
|-damage|p1a: Milotic|88/100 brn|[from] brn
|upkeep
|turn|4
|
|t:|1779809021
|move|p1a: Milotic|Ice Beam|p2a: Skarmory
|-damage|p2a: Skarmory|0 fnt
|faint|p2a: Skarmory
|
|-damage|p1a: Milotic|82/100 brn|[from] brn
|upkeep
|
|t:|1779809025
|switch|p2a: Sandy Shocks|Sandy Shocks|100/100
|turn|5
|
|t:|1779809032
|move|p2a: Sandy Shocks|Earth Power|p1a: Milotic
|-damage|p1a: Milotic|34/100 brn
|move|p1a: Milotic|Scald|p2a: Sandy Shocks
|-supereffective|p2a: Sandy Shocks
|-damage|p2a: Sandy Shocks|36/100
|
|-damage|p1a: Milotic|28/100 brn|[from] brn
|upkeep
|turn|6
|
|t:|1779809038
|move|p2a: Sandy Shocks|Earth Power|p1a: Milotic
|-damage|p1a: Milotic|0 fnt
|faint|p1a: Milotic
|
|upkeep
|
|t:|1779809046
|switch|p1a: Lucario|Lucario, F|100/100
|-damage|p1a: Lucario|76/100|[from] Spikes
|turn|7
|
|t:|1779809055
|move|p2a: Sandy Shocks|Earth Power|p1a: Lucario
|-supereffective|p1a: Lucario
|-damage|p1a: Lucario|0 fnt
|faint|p1a: Lucario
|
|upkeep
|c|☆redpepper47|uhm
|c|☆javajos|I misclicked :(
|
|t:|1779809070
|switch|p1a: Porygon-Z|Porygon-Z|100/100
|-damage|p1a: Porygon-Z|76/100|[from] Spikes
|turn|8
|c|☆redpepper47|e speed?
|
|t:|1779809082
|-end|p2a: Sandy Shocks|Protosynthesis|[silent]
|switch|p2a: Milotic|Milotic, F|100/100
|move|p1a: Porygon-Z|Ice Beam|p2a: Milotic
|-resisted|p2a: Milotic
|-damage|p2a: Milotic|94/100
|
|upkeep
|turn|9
|c|☆javajos|I know :(
|c|☆javajos|almost all of them are exact matches
|
|t:|1779809099
|move|p1a: Porygon-Z|Thunderbolt|p2a: Milotic
|-supereffective|p2a: Milotic
|-damage|p2a: Milotic|66/100
|move|p2a: Milotic|Scald|p1a: Porygon-Z
|-damage|p1a: Porygon-Z|37/100
|
|upkeep
|turn|10
|c|☆redpepper47|man porygon works so good with tera, wonder why I never thought of using it
|
|t:|1779809121
|move|p1a: Porygon-Z|Double-Edge|p2a: Milotic
|-damage|p2a: Milotic|13/100
|-damage|p1a: Porygon-Z|15/100|[from] Recoil
|move|p2a: Milotic|Scald|p1a: Porygon-Z
|-damage|p1a: Porygon-Z|0 fnt
|faint|p1a: Porygon-Z
|
|upkeep
|c|☆redpepper47|ouch
|c|☆redpepper47|what the heck
|
|t:|1779809139
|switch|p1a: Spiritomb|Spiritomb, F|100/100
|-damage|p1a: Spiritomb|76/100|[from] Spikes
|-ability|p1a: Spiritomb|Pressure
|turn|11
|c|☆redpepper47|mixed porygon
|
|t:|1779809153
|move|p1a: Spiritomb|Sucker Punch|p2a: Milotic
|-damage|p2a: Milotic|0 fnt
|faint|p2a: Milotic
|
|upkeep
|
|t:|1779809163
|switch|p2a: Latios|Latios, M|100/100
|turn|12
|
|t:|1779809176
|move|p2a: Latios|Trick|p1a: Spiritomb
|-activate|p2a: Latios|move: Trick|[of] p1a: Spiritomb
|-item|p1a: Spiritomb|Choice Scarf|[from] move: Trick
|-item|p2a: Latios|Sitrus Berry|[from] move: Trick
|move|p1a: Spiritomb|Shadow Ball|p2a: Latios
|-supereffective|p2a: Latios
|-damage|p2a: Latios|51/100
|
|upkeep
|turn|13
|
|t:|1779809184
|move|p2a: Latios|Draco Meteor|p1a: Spiritomb
|-damage|p1a: Spiritomb|24/100
|-unboost|p2a: Latios|spa|2
|move|p1a: Spiritomb|Shadow Ball|p2a: Latios
|-supereffective|p2a: Latios
|-damage|p2a: Latios|0 fnt
|faint|p2a: Latios
|
|upkeep
|
|t:|1779809199
|switch|p2a: Gardevoir|Gardevoir, M|100/100
|-ability|p2a: Gardevoir|Pressure|Trace|[from] ability: Trace|[of] p1a: Spiritomb
|-ability|p2a: Gardevoir|Pressure
|turn|14
|
|t:|1779809210
|move|p2a: Gardevoir|Calm Mind|p2a: Gardevoir
|-boost|p2a: Gardevoir|spa|1
|-boost|p2a: Gardevoir|spd|1
|move|p1a: Spiritomb|Shadow Ball|p2a: Gardevoir
|-supereffective|p2a: Gardevoir
|-damage|p2a: Gardevoir|69/100
|-unboost|p2a: Gardevoir|spd|1
|
|upkeep
|turn|15
|
|t:|1779809217
|move|p2a: Gardevoir|Calm Mind|p2a: Gardevoir
|-boost|p2a: Gardevoir|spa|1
|-boost|p2a: Gardevoir|spd|1
|move|p1a: Spiritomb|Shadow Ball|p2a: Gardevoir
|-supereffective|p2a: Gardevoir
|-damage|p2a: Gardevoir|40/100
|
|upkeep
|turn|16
|
|t:|1779809223
|move|p2a: Gardevoir|Calm Mind|p2a: Gardevoir
|-boost|p2a: Gardevoir|spa|1
|-boost|p2a: Gardevoir|spd|1
|move|p1a: Spiritomb|Shadow Ball|p2a: Gardevoir
|-supereffective|p2a: Gardevoir
|-damage|p2a: Gardevoir|16/100
|-unboost|p2a: Gardevoir|spd|1
|-enditem|p2a: Gardevoir|Salac Berry|[eat]
|-boost|p2a: Gardevoir|spe|1|[from] item: Salac Berry
|
|upkeep
|turn|17
|c|☆redpepper47|look into poltergeist
|
|t:|1779809234
|move|p2a: Gardevoir|Draining Kiss|p1a: Spiritomb
|-supereffective|p1a: Spiritomb
|-damage|p1a: Spiritomb|0 fnt
|-heal|p2a: Gardevoir|32/100|[from] drain|[of] p1a: Spiritomb
|faint|p1a: Spiritomb
|
|upkeep
|
|t:|1779809239
|switch|p1a: Blissey|Blissey, F|100/100
|-damage|p1a: Blissey|76/100|[from] Spikes
|turn|18
|
|t:|1779809244
|move|p2a: Gardevoir|Substitute|p2a: Gardevoir
|-start|p2a: Gardevoir|Substitute
|-damage|p2a: Gardevoir|7/100
|move|p1a: Blissey|Shadow Ball|p2a: Gardevoir
|-supereffective|p2a: Gardevoir
|-activate|p2a: Gardevoir|move: Substitute|[damage]
|
|upkeep
|turn|19
|
|t:|1779809258
|move|p2a: Gardevoir|Draining Kiss|p1a: Blissey
|-damage|p1a: Blissey|57/100
|-heal|p2a: Gardevoir|36/100|[from] drain|[of] p1a: Blissey
|move|p1a: Blissey|Shadow Ball|p2a: Gardevoir
|-supereffective|p2a: Gardevoir
|-end|p2a: Gardevoir|Substitute
|
|upkeep
|turn|20
|
|t:|1779809267
|move|p2a: Gardevoir|Substitute|p2a: Gardevoir
|-start|p2a: Gardevoir|Substitute
|-damage|p2a: Gardevoir|11/100
|move|p1a: Blissey|Body Slam|p2a: Gardevoir
|-activate|p2a: Gardevoir|move: Substitute|[damage]
|
|upkeep
|turn|21
|
|t:|1779809274
|move|p2a: Gardevoir|Calm Mind|p2a: Gardevoir
|-boost|p2a: Gardevoir|spa|1
|-boost|p2a: Gardevoir|spd|1
|move|p1a: Blissey|Body Slam|p2a: Gardevoir
|-end|p2a: Gardevoir|Substitute
|
|upkeep
|turn|22
|
|t:|1779809280
|move|p2a: Gardevoir|Draining Kiss|p1a: Blissey
|-damage|p1a: Blissey|33/100
|-heal|p2a: Gardevoir|49/100|[from] drain|[of] p1a: Blissey
|move|p1a: Blissey|Body Slam|p2a: Gardevoir
|-damage|p2a: Gardevoir|14/100
|-status|p2a: Gardevoir|par
|
|upkeep
|turn|23
|
|t:|1779809286
|move|p2a: Gardevoir|Draining Kiss|p1a: Blissey
|-damage|p1a: Blissey|10/100
|-heal|p2a: Gardevoir|51/100 par|[from] drain|[of] p1a: Blissey
|move|p1a: Blissey|Body Slam|p2a: Gardevoir
|-damage|p2a: Gardevoir|16/100 par
|
|upkeep
|turn|24
|
|t:|1779809293
|move|p2a: Gardevoir|Draining Kiss|p1a: Blissey
|-damage|p1a: Blissey|0 fnt
|-heal|p2a: Gardevoir|31/100 par|[from] drain|[of] p1a: Blissey
|faint|p1a: Blissey
|
|upkeep
|
|t:|1779809296
|switch|p1a: Garchomp|Garchomp, F|100/100
|-damage|p1a: Garchomp|76/100|[from] Spikes
|turn|25
|
|t:|1779809299
|move|p1a: Garchomp|Poison Jab|p2a: Gardevoir
|-supereffective|p2a: Gardevoir
|-damage|p2a: Gardevoir|0 fnt
|faint|p2a: Gardevoir
|
|upkeep
|
|t:|1779809302
|switch|p2a: Hitmontop|Hitmontop, M|100/100
|-ability|p2a: Hitmontop|Intimidate|boost
|-unboost|p1a: Garchomp|atk|1
|turn|26
|c|☆redpepper47|gg
|
|t:|1779809307
|move|p1a: Garchomp|Swords Dance|p1a: Garchomp
|-boost|p1a: Garchomp|atk|2
|move|p2a: Hitmontop|High Jump Kick|p1a: Garchomp
|-damage|p1a: Garchomp|31/100
|-damage|p2a: Hitmontop|88/100|[from] ability: Rough Skin|[of] p1a: Garchomp
|-damage|p2a: Hitmontop|72/100|[from] item: Rocky Helmet|[of] p1a: Garchomp
|
|upkeep
|turn|27
|
|t:|1779809316
|move|p1a: Garchomp|Earthquake|p2a: Hitmontop
|-damage|p2a: Hitmontop|0 fnt
|faint|p2a: Hitmontop
|
|upkeep
|
|t:|1779809319
|switch|p2a: Sandy Shocks|Sandy Shocks|36/100
|turn|28
|
|t:|1779809322
|move|p1a: Garchomp|Earthquake|p2a: Sandy Shocks
|-supereffective|p2a: Sandy Shocks
|-damage|p2a: Sandy Shocks|0 fnt
|faint|p2a: Sandy Shocks
|-end|p2a: Sandy Shocks|Protosynthesis|[silent]
|
|win|javajos
|raw|javajos's rating: 1036 &rarr; <strong>1074</strong><br />(+38 for winning)
|raw|redpepper47's rating: 1068 &rarr; <strong>1046</strong><br />(-22 for losing)
|c|☆javajos|good game!
|c|☆redpepper47|.)
|l|☆redpepper47
|player|p2|
|l|☆javajos
|player|p1|
|j|☆javajos
|player|p1|javajos|supernerd|
|l|☆javajos
|player|p1|
|j|☆javajos
|player|p1|javajos|supernerd|
