|j|☆hat40
|j|☆Steez Ibanez
|t:|1779804944
|gametype|singles
|player|p1|hat40|101|1646
|player|p2|Steez Ibanez|willow-casual|1687
|gen|9
|tier|[Gen 9] OU
|rated|
|rule|HP Percentage Mod: HP is shown in percentages
|rule|Endless Battle Clause: Forcing endless battles is banned
|rule|Species Clause: Limit one of each Pokémon
|rule|OHKO Clause: OHKO moves are banned
|rule|Evasion Items Clause: Evasion items are banned
|rule|Evasion Moves Clause: Evasion moves are banned
|rule|Evasion Abilities Clause: Evasion abilities are banned
|rule|Sleep Moves Clause: Sleep-inducing moves are banned
|clearpoke
|poke|p1|Pelipper, F|
|poke|p1|Manaphy|
|poke|p1|Bruxish, F|
|poke|p1|Overqwil, M|
|poke|p1|Iron Treads|
|poke|p1|Raging Bolt|
|poke|p2|Samurott-Hisui, F|
|poke|p2|Zapdos|
|poke|p2|Iron Treads|
|poke|p2|Ceruledge, M|
|poke|p2|Gholdengo|
|poke|p2|Kingambit, M|
|teampreview
|
|t:|1779804955
|teamsize|p1|6
|teamsize|p2|6
|start
|switch|p1a: Pelipper|Pelipper, F|100/100
|switch|p2a: Samurott|Samurott-Hisui, F|100/100
|-weather|RainDance|[from] ability: Drizzle|[of] p1a: Pelipper
|turn|1
|
|t:|1779804958
|move|p2a: Samurott|Ceaseless Edge|p1a: Pelipper
|-damage|p1a: Pelipper|67/100
|-sidestart|p1: hat40|Spikes
|move|p1a: Pelipper|U-turn|p2a: Samurott
|-supereffective|p2a: Samurott
|-damage|p2a: Samurott|83/100
|
|t:|1779804962
|switch|p1a: Raging Bolt|Raging Bolt|100/100|[from] U-turn
|-damage|p1a: Raging Bolt|88/100|[from] Spikes
|-enditem|p1a: Raging Bolt|Booster Energy
|-activate|p1a: Raging Bolt|ability: Protosynthesis|[fromitem]
|-start|p1a: Raging Bolt|protosynthesisspa
|
|-weather|RainDance|[upkeep]
|upkeep
|turn|2
|
|t:|1779804966
|move|p1a: Raging Bolt|Weather Ball|p2a: Samurott
|-resisted|p2a: Samurott
|-damage|p2a: Samurott|53/100
|move|p2a: Samurott|Ceaseless Edge|p1a: Raging Bolt
|-damage|p1a: Raging Bolt|48/100
|-sidestart|p1: hat40|Spikes
|
|-weather|RainDance|[upkeep]
|upkeep
|turn|3
|
|t:|1779804973
|switch|p2a: Iron Treads|Iron Treads|100/100
|move|p1a: Raging Bolt|Weather Ball|p2a: Iron Treads
|-supereffective|p2a: Iron Treads
|-damage|p2a: Iron Treads|0 fnt
|faint|p2a: Iron Treads
|-end|p2a: Iron Treads|Quark Drive|[silent]
|
|-weather|RainDance|[upkeep]
|upkeep
|
|t:|1779804977
|switch|p2a: Kingambit|Kingambit, M|100/100
|-activate|p2a: Kingambit|ability: Supreme Overlord
|-start|p2a: Kingambit|fallen1|[silent]
|turn|4
|
|t:|1779804982
|move|p1a: Raging Bolt|Weather Ball|p2a: Kingambit
|-damage|p2a: Kingambit|7/100
|move|p2a: Kingambit|Low Kick|p1a: Raging Bolt
|-damage|p1a: Raging Bolt|4/100
|
|-weather|RainDance|[upkeep]
|-heal|p2a: Kingambit|13/100|[from] item: Leftovers
|upkeep
|turn|5
|
|t:|1779804986
|move|p1a: Raging Bolt|Thunderclap|p2a: Kingambit
|-damage|p2a: Kingambit|0 fnt
|faint|p2a: Kingambit
|-end|p2a: Kingambit|fallen1|[silent]
|
|-weather|RainDance|[upkeep]
|upkeep
|
|t:|1779804989
|switch|p2a: Ceruledge|Ceruledge, M|100/100
|turn|6
|
|t:|1779804992
|move|p2a: Ceruledge|Shadow Sneak|p1a: Raging Bolt
|-damage|p1a: Raging Bolt|0 fnt
|faint|p1a: Raging Bolt
|-end|p1a: Raging Bolt|Protosynthesis|[silent]
|
|-weather|RainDance|[upkeep]
|upkeep
|
|t:|1779805001
|switch|p1a: Overqwil|Overqwil, M|100/100
|-damage|p1a: Overqwil|84/100|[from] Spikes
|turn|7
|
|t:|1779805035
|switch|p2a: Samurott|Samurott-Hisui, F|53/100
|move|p1a: Overqwil|Liquidation|p2a: Samurott
|-resisted|p2a: Samurott
|-damage|p2a: Samurott|24/100
|-damage|p1a: Overqwil|74/100|[from] item: Life Orb
|
|-weather|RainDance|[upkeep]
|upkeep
|turn|8
|
|t:|1779805041
|move|p2a: Samurott|Sucker Punch|p1a: Overqwil
|-resisted|p1a: Overqwil
|-damage|p1a: Overqwil|56/100
|move|p1a: Overqwil|Liquidation|p2a: Samurott
|-resisted|p2a: Samurott
|-damage|p2a: Samurott|0 fnt
|faint|p2a: Samurott
|-damage|p1a: Overqwil|46/100|[from] item: Life Orb
|
|-weather|none
|upkeep
|j| Dante1310
|
|t:|1779805046
|switch|p2a: Zapdos|Zapdos|100/100
|turn|9
|j| Disscratch
|j| yuureisuisei
|
|t:|1779805049
|switch|p1a: Iron Treads|Iron Treads|100/100
|-damage|p1a: Iron Treads|84/100|[from] Spikes
|-enditem|p1a: Iron Treads|Booster Energy
|-activate|p1a: Iron Treads|ability: Quark Drive|[fromitem]
|-start|p1a: Iron Treads|quarkdrivespe
|move|p2a: Zapdos|Volt Switch|p1a: Iron Treads
|-immune|p1a: Iron Treads
|
|upkeep
|turn|10
|
|t:|1779805054
|switch|p2a: Gholdengo|Gholdengo|100/100
|-item|p2a: Gholdengo|Air Balloon
|move|p1a: Iron Treads|Knock Off|p2a: Gholdengo
|-supereffective|p2a: Gholdengo
|-damage|p2a: Gholdengo|67/100
|-enditem|p2a: Gholdengo|Air Balloon
|
|upkeep
|turn|11
|
|t:|1779805059
|move|p1a: Iron Treads|Earthquake|p2a: Gholdengo
|-supereffective|p2a: Gholdengo
|-damage|p2a: Gholdengo|9/100
|move|p2a: Gholdengo|Focus Blast|p1a: Iron Treads
|-supereffective|p1a: Iron Treads
|-damage|p1a: Iron Treads|17/100
|
|upkeep
|turn|12
|
|t:|1779805067
|move|p1a: Iron Treads|Earthquake|p2a: Gholdengo
|-supereffective|p2a: Gholdengo
|-damage|p2a: Gholdengo|0 fnt
|faint|p2a: Gholdengo
|
|upkeep
|
|t:|1779805069
|switch|p2a: Ceruledge|Ceruledge, M|100/100
|turn|13
|
|t:|1779805072
|move|p2a: Ceruledge|Shadow Sneak|p1a: Iron Treads
|-damage|p1a: Iron Treads|0 fnt
|faint|p1a: Iron Treads
|-end|p1a: Iron Treads|Quark Drive|[silent]
|
|upkeep
|
|t:|1779805075
|switch|p1a: Pelipper|Pelipper, F|67/100
|-weather|RainDance|[from] ability: Drizzle|[of] p1a: Pelipper
|turn|14
|
|t:|1779805080
|move|p2a: Ceruledge|Swords Dance|p2a: Ceruledge
|-boost|p2a: Ceruledge|atk|2
|move|p1a: Pelipper|U-turn|p2a: Ceruledge
|-resisted|p2a: Ceruledge
|-damage|p2a: Ceruledge|98/100
|-ability|p2a: Ceruledge|Weak Armor|boost
|-unboost|p2a: Ceruledge|def|1
|-boost|p2a: Ceruledge|spe|2
|
|t:|1779805087
|switch|p1a: Overqwil|Overqwil, M|46/100|[from] U-turn
|-damage|p1a: Overqwil|30/100|[from] Spikes
|
|-weather|RainDance|[upkeep]
|upkeep
|turn|15
|
|t:|1779805090
|switch|p2a: Zapdos|Zapdos|100/100
|move|p1a: Overqwil|Liquidation|p2a: Zapdos
|-damage|p2a: Zapdos|66/100
|-unboost|p2a: Zapdos|def|1
|-damage|p1a: Overqwil|20/100|[from] item: Life Orb
|
|-weather|RainDance|[upkeep]
|upkeep
|turn|16
|
|t:|1779805094
|move|p1a: Overqwil|Gunk Shot|p2a: Zapdos|[miss]
|-miss|p1a: Overqwil|p2a: Zapdos
|move|p2a: Zapdos|Roost|p2a: Zapdos
|-heal|p2a: Zapdos|100/100
|-singleturn|p2a: Zapdos|move: Roost
|
|-weather|RainDance|[upkeep]
|upkeep
|turn|17
|
|t:|1779805096
|move|p1a: Overqwil|Gunk Shot|p2a: Zapdos|[miss]
|-miss|p1a: Overqwil|p2a: Zapdos
|move|p2a: Zapdos|Roost||[still]
|-fail|p2a: Zapdos|heal
|
|-weather|RainDance|[upkeep]
|upkeep
|turn|18
|
|t:|1779805099
|move|p1a: Overqwil|Gunk Shot|p2a: Zapdos
|-damage|p2a: Zapdos|18/100
|-status|p2a: Zapdos|psn
|-damage|p1a: Overqwil|10/100|[from] item: Life Orb
|move|p2a: Zapdos|Roost|p2a: Zapdos
|-heal|p2a: Zapdos|68/100 psn
|-singleturn|p2a: Zapdos|move: Roost
|
|-weather|RainDance|[upkeep]
|-damage|p2a: Zapdos|56/100 psn|[from] psn
|upkeep
|turn|19
|
|t:|1779805104
|move|p1a: Overqwil|Gunk Shot|p2a: Zapdos
|-crit|p2a: Zapdos
|-damage|p2a: Zapdos|0 fnt
|faint|p2a: Zapdos
|-damage|p1a: Overqwil|0 fnt|[from] item: Life Orb
|faint|p1a: Overqwil
|
|-weather|RainDance|[upkeep]
|upkeep
|
|t:|1779805108
|switch|p1a: Bruxish|Bruxish, F|100/100
|switch|p2a: Ceruledge|Ceruledge, M|98/100
|-damage|p1a: Bruxish|84/100|[from] Spikes
|turn|20
|j| arturohdez
|
|t:|1779805111
|-terastallize|p1a: Bruxish|Water
|-terastallize|p2a: Ceruledge|Fairy
|move|p1a: Bruxish|Wave Crash|p2a: Ceruledge
|-damage|p2a: Ceruledge|0 fnt
|faint|p2a: Ceruledge
|-damage|p1a: Bruxish|43/100|[from] Recoil
|
|win|hat40
|raw|hat40's rating: 1646 &rarr; <strong>1668</strong><br />(+22 for winning)
|raw|Steez Ibanez's rating: 1687 &rarr; <strong>1665</strong><br />(-22 for losing)
|l| yuureisuisei
|l|☆Steez Ibanez
|player|p2|
|l|☆hat40
|player|p1|
|l| arturohdez
|l| Dante1310
