|j|☆AlexXploud
|j|☆diddlediddle
|t:|1779813131
|gametype|singles
|player|p1|AlexXploud|169|1351
|player|p2|diddlediddle|swimmerf|1317
|gen|9
|tier|[Gen 9] OU
|rated|
|rule|HP Percentage Mod: HP is shown in percentages
|rule|Endless Battle Clause: Forcing endless battles is banned
|rule|Species Clause: Limit one of each Pokémon
|rule|OHKO Clause: OHKO moves are banned
|rule|Evasion Items Clause: Evasion items are banned
|rule|Evasion Moves Clause: Evasion moves are banned
|rule|Evasion Abilities Clause: Evasion abilities are banned
|rule|Sleep Moves Clause: Sleep-inducing moves are banned
|clearpoke
|poke|p1|Garchomp, M|
|poke|p1|Clefable, F|
|poke|p1|Ceruledge, M|
|poke|p1|Alomomola, M|
|poke|p1|Glimmora, M|
|poke|p1|Meowscarada, F|
|poke|p2|Cacturne, F|
|poke|p2|Sandy Shocks|
|poke|p2|Jirachi|
|poke|p2|Zoroark-Hisui, M|
|poke|p2|Heatran, M|
|poke|p2|Maushold-Four|
|teampreview
|inactive|Battle timer is ON: inactive players will automatically lose when time's up. (requested by diddlediddle)
|
|t:|1779813147
|teamsize|p1|6
|teamsize|p2|6
|start
|switch|p1a: Meowscarada|Meowscarada, F, shiny|100/100
|switch|p2a: Cacturne|Cacturne, F|100/100
|turn|1
|
|t:|1779813156
|move|p1a: Meowscarada|U-turn|p2a: Cacturne
|-start|p1a: Meowscarada|typechange|Bug|[from] ability: Protean
|-supereffective|p2a: Cacturne
|-enditem|p2a: Cacturne|Focus Sash
|-damage|p2a: Cacturne|1/100
|
|t:|1779813163
|switch|p1a: Garchomp|Garchomp, M|100/100|[from] U-turn
|move|p2a: Cacturne|Counter|p1a: Garchomp
|-damage|p1a: Garchomp|0 fnt
|-damage|p2a: Cacturne|0 fnt|[from] ability: Rough Skin|[of] p1a: Garchomp
|faint|p1a: Garchomp
|faint|p2a: Cacturne
|
|upkeep
|
|t:|1779813176
|switch|p1a: Meowscarada|Meowscarada, F, shiny|100/100
|switch|p2a: Sandy Shocks|Sandy Shocks|100/100
|-enditem|p2a: Sandy Shocks|Booster Energy
|-activate|p2a: Sandy Shocks|ability: Protosynthesis|[fromitem]
|-start|p2a: Sandy Shocks|protosynthesisspe
|turn|2
|
|t:|1779813187
|-terastallize|p2a: Sandy Shocks|Flying
|move|p1a: Meowscarada|Flower Trick|p2a: Sandy Shocks
|-start|p1a: Meowscarada|typechange|Grass|[from] ability: Protean
|-resisted|p2a: Sandy Shocks
|-crit|p2a: Sandy Shocks
|-damage|p2a: Sandy Shocks|74/100
|move|p2a: Sandy Shocks|Flash Cannon|p1a: Meowscarada
|-damage|p1a: Meowscarada|59/100
|
|upkeep
|turn|3
|
|t:|1779813205
|switch|p1a: Clefable|Clefable, F|100/100
|move|p2a: Sandy Shocks|Thunderbolt|p1a: Clefable
|-damage|p1a: Clefable|62/100
|
|-heal|p1a: Clefable|69/100|[from] item: Leftovers
|upkeep
|turn|4
|
|t:|1779813210
|move|p2a: Sandy Shocks|Flash Cannon|p1a: Clefable
|-supereffective|p1a: Clefable
|-damage|p1a: Clefable|19/100
|move|p1a: Clefable|Thunder Wave|p2a: Sandy Shocks
|-status|p2a: Sandy Shocks|par
|
|-heal|p1a: Clefable|25/100|[from] item: Leftovers
|upkeep
|turn|5
|
|t:|1779813218
|cant|p2a: Sandy Shocks|par
|move|p1a: Clefable|Moonlight|p1a: Clefable
|-heal|p1a: Clefable|75/100
|
|-heal|p1a: Clefable|81/100|[from] item: Leftovers
|upkeep
|turn|6
|
|t:|1779813227
|switch|p1a: Meowscarada|Meowscarada, F, shiny|59/100
|move|p2a: Sandy Shocks|Mirror Coat||[still]
|-fail|p2a: Sandy Shocks
|
|upkeep
|turn|7
|
|t:|1779813234
|move|p1a: Meowscarada|Triple Axel|p2a: Sandy Shocks
|-start|p1a: Meowscarada|typechange|Ice|[from] ability: Protean
|-supereffective|p2a: Sandy Shocks
|-damage|p2a: Sandy Shocks|53/100 par
|-supereffective|p2a: Sandy Shocks
|-damage|p2a: Sandy Shocks|14/100 par
|-supereffective|p2a: Sandy Shocks
|-damage|p2a: Sandy Shocks|0 fnt
|faint|p2a: Sandy Shocks
|-end|p2a: Sandy Shocks|Protosynthesis|[silent]
|-hitcount|p2: Sandy Shocks|3
|
|upkeep
|
|t:|1779813240
|switch|p2a: Live by the flinch|Jirachi|100/100
|turn|8
|
|t:|1779813249
|switch|p1a: Alomomola|Alomomola, M, shiny|100/100
|move|p2a: Live by the flinch|Iron Head|p1a: Alomomola
|-resisted|p1a: Alomomola
|-damage|p1a: Alomomola|90/100
|
|upkeep
|turn|9
|
|t:|1779813256
|switch|p2a: Heatran|Heatran, M|100/100
|move|p1a: Alomomola|Wish|p1a: Alomomola
|
|upkeep
|turn|10
|
|t:|1779813260
|move|p2a: Heatran|Trick|p1a: Alomomola
|-activate|p2a: Heatran|move: Trick|[of] p1a: Alomomola
|-item|p1a: Alomomola|Choice Specs|[from] move: Trick
|-item|p2a: Heatran|Heavy-Duty Boots|[from] move: Trick
|move|p1a: Alomomola|Flip Turn|p2a: Heatran
|-damage|p2a: Heatran|64/100
|replace|p2a: Zoroark|Zoroark-Hisui, M
|-end|p2a: Zoroark|Illusion
|
|t:|1779813270
|switch|p1a: Meowscarada|Meowscarada, F, shiny|59/100|[from] Flip Turn
|
|-heal|p1a: Meowscarada|100/100|[from] move: Wish|[wisher] Alomomola
|upkeep
|turn|11
|
|t:|1779813276
|switch|p2a: Heatran|Heatran, M|100/100
|move|p1a: Meowscarada|Knock Off|p2a: Heatran
|-start|p1a: Meowscarada|typechange|Dark|[from] ability: Protean
|-damage|p2a: Heatran|57/100
|-enditem|p2a: Heatran|Choice Scarf|[from] move: Knock Off|[of] p1a: Meowscarada
|
|upkeep
|turn|12
|
|t:|1779813287
|switch|p1a: Alomomola|Alomomola, M, shiny|100/100
|move|p2a: Heatran|Will-O-Wisp|p1a: Alomomola
|-status|p1a: Alomomola|brn
|
|-damage|p1a: Alomomola|94/100 brn|[from] brn
|upkeep
|turn|13
|
|t:|1779813296
|switch|p2a: Heatran|Heatran, M|64/100
|move|p1a: Alomomola|Flip Turn|p2a: Heatran
|-damage|p2a: Heatran|46/100
|replace|p2a: Zoroark|Zoroark-Hisui, M
|-end|p2a: Zoroark|Illusion
|
|t:|1779813304
|switch|p1a: Meowscarada|Meowscarada, F, shiny|100/100|[from] Flip Turn
|
|upkeep
|turn|14
|
|t:|1779813314
|move|p1a: Meowscarada|U-turn|p2a: Zoroark
|-start|p1a: Meowscarada|typechange|Bug|[from] ability: Protean
|-resisted|p2a: Zoroark
|-damage|p2a: Zoroark|14/100
|
|t:|1779813322
|switch|p1a: Alomomola|Alomomola, M, shiny|100/100 brn|[from] U-turn
|move|p2a: Zoroark|Flamethrower|p1a: Alomomola
|-resisted|p1a: Alomomola
|-damage|p1a: Alomomola|87/100 brn
|
|-damage|p1a: Alomomola|81/100 brn|[from] brn
|upkeep
|turn|15
|
|t:|1779813328
|move|p2a: Zoroark|Hyper Voice|p1a: Alomomola
|-damage|p1a: Alomomola|41/100 brn
|move|p1a: Alomomola|Flip Turn|p2a: Zoroark
|-damage|p2a: Zoroark|0 fnt
|faint|p2a: Zoroark
|
|t:|1779813338
|switch|p1a: Meowscarada|Meowscarada, F, shiny|100/100|[from] Flip Turn
|
|upkeep
|
|t:|1779813344
|switch|p2a: Live by the flinch|Jirachi|100/100
|turn|16
|
|t:|1779813348
|move|p1a: Meowscarada|Knock Off|p2a: Live by the flinch
|-start|p1a: Meowscarada|typechange|Dark|[from] ability: Protean
|-supereffective|p2a: Live by the flinch
|-damage|p2a: Live by the flinch|8/100
|-enditem|p2a: Live by the flinch|Choice Scarf|[from] move: Knock Off|[of] p1a: Meowscarada
|move|p2a: Live by the flinch|Iron Head|p1a: Meowscarada
|-damage|p1a: Meowscarada|48/100
|
|upkeep
|turn|17
|
|t:|1779813361
|switch|p2a: Heatran|Heatran, M|57/100
|move|p1a: Meowscarada|Knock Off|p2a: Heatran
|-damage|p2a: Heatran|26/100
|
|upkeep
|turn|18
|
|t:|1779813368
|switch|p1a: Alomomola|Alomomola, M, shiny|74/100 brn
|move|p2a: Heatran|Flash Cannon|p1a: Alomomola
|-resisted|p1a: Alomomola
|-damage|p1a: Alomomola|56/100 brn
|-unboost|p1a: Alomomola|spd|1
|
|-damage|p1a: Alomomola|50/100 brn|[from] brn
|upkeep
|turn|19
|
|t:|1779813374
|move|p2a: Heatran|Flash Cannon|p1a: Alomomola
|-resisted|p1a: Alomomola
|-damage|p1a: Alomomola|21/100 brn
|move|p1a: Alomomola|Flip Turn|p2a: Heatran
|-supereffective|p2a: Heatran
|-damage|p2a: Heatran|11/100
|
|t:|1779813390
|switch|p1a: Meowscarada|Meowscarada, F, shiny|48/100|[from] Flip Turn
|
|upkeep
|turn|20
|
|t:|1779813397
|move|p1a: Meowscarada|Knock Off|p2a: Heatran
|-start|p1a: Meowscarada|typechange|Dark|[from] ability: Protean
|-damage|p2a: Heatran|0 fnt
|faint|p2a: Heatran
|
|upkeep
|
|t:|1779813401
|switch|p2a: Maushold|Maushold-Four|100/100
|turn|21
|
|t:|1779813406
|move|p1a: Meowscarada|Knock Off|p2a: Maushold
|-damage|p2a: Maushold|32/100
|-enditem|p2a: Maushold|Wide Lens|[from] move: Knock Off|[of] p1a: Meowscarada
|move|p2a: Maushold|Tidy Up|p2a: Maushold
|-boost|p2a: Maushold|atk|1
|-boost|p2a: Maushold|spe|1
|
|upkeep
|turn|22
|
|t:|1779813417
|switch|p1a: Glimmora|Glimmora, M, shiny|100/100
|move|p2a: Maushold|Population Bomb|p1a: Glimmora
|-resisted|p1a: Glimmora
|-damage|p1a: Glimmora|91/100
|-activate|p1a: Glimmora|ability: Toxic Debris
|-sidestart|p2: diddlediddle|move: Toxic Spikes
|-hitcount|p1a: Glimmora|1
|
|upkeep
|turn|23
|c|☆diddlediddle|One time lmao
|c|☆diddlediddle|Fuck this shit
|-message|diddlediddle forfeited.
|
|win|AlexXploud
