|j|☆ykykp
|j|☆qalaus
|t:|1779960374
|gametype|singles
|player|p1|ykykp|101|1517
|player|p2|qalaus|red|1439
|gen|9
|tier|[Gen 9] OU
|rated|
|rule|HP Percentage Mod: HP is shown in percentages
|rule|Endless Battle Clause: Forcing endless battles is banned
|rule|Species Clause: Limit one of each Pokémon
|rule|OHKO Clause: OHKO moves are banned
|rule|Evasion Items Clause: Evasion items are banned
|rule|Evasion Moves Clause: Evasion moves are banned
|rule|Evasion Abilities Clause: Evasion abilities are banned
|rule|Sleep Moves Clause: Sleep-inducing moves are banned
|clearpoke
|poke|p1|Pelipper, L99, F|
|poke|p1|Barraskewda, F|
|poke|p1|Raging Bolt|
|poke|p1|Golduck, M|
|poke|p1|Pawmot, F|
|poke|p1|Tentacruel, F|
|poke|p2|Gliscor, M|
|poke|p2|Vaporeon, F|
|poke|p2|Blaziken, M|
|poke|p2|Slowbro, M|
|poke|p2|Raichu, M|
|poke|p2|Tsareena, F|
|teampreview
|inactive|Battle timer is ON: inactive players will automatically lose when time's up. (requested by ykykp)
|inactive|qalaus has 120 seconds left.
|
|t:|1779960432
|teamsize|p1|6
|teamsize|p2|6
|start
|switch|p1a: Ghoti carrier|Pelipper, L99, F|100/100
|switch|p2a: Raichu|Raichu, M|100/100
|-weather|RainDance|[from] ability: Drizzle|[of] p1a: Ghoti carrier
|turn|1
|
|t:|1779960458
|switch|p1a: Spaghetti Too|Tentacruel, F|100/100
|move|p2a: Raichu|Alluring Voice|p1a: Spaghetti Too
|-resisted|p1a: Spaghetti Too
|-crit|p1a: Spaghetti Too
|-damage|p1a: Spaghetti Too|91/100
|
|-weather|RainDance|[upkeep]
|-heal|p1a: Spaghetti Too|97/100|[from] ability: Rain Dish
|upkeep
|turn|2
|
|t:|1779960477
|switch|p2a: Tsareena|Tsareena, F|100/100
|move|p1a: Spaghetti Too|Flip Turn|p2a: Tsareena
|-resisted|p2a: Tsareena
|-damage|p2a: Tsareena|86/100
|
|t:|1779960485
|switch|p1a: Seaking Duck|Golduck, M|100/100|[from] Flip Turn
|
|-weather|RainDance|[upkeep]
|upkeep
|turn|3
|
|t:|1779960494
|move|p1a: Seaking Duck|Ice Beam|p2a: Tsareena
|-supereffective|p2a: Tsareena
|-damage|p2a: Tsareena|0 fnt
|faint|p2a: Tsareena
|-damage|p1a: Seaking Duck|91/100|[from] item: Life Orb
|
|-weather|RainDance|[upkeep]
|upkeep
|
|t:|1779960508
|switch|p2a: Slowbro|Slowbro, M|100/100
|turn|4
|
|t:|1779960514
|move|p1a: Seaking Duck|Nasty Plot|p1a: Seaking Duck
|-boost|p1a: Seaking Duck|spa|2
|move|p2a: Slowbro|Psychic|p1a: Seaking Duck
|-damage|p1a: Seaking Duck|28/100
|
|-weather|RainDance|[upkeep]
|upkeep
|turn|5
|
|t:|1779960523
|move|p1a: Seaking Duck|Hydro Pump|p2a: Slowbro
|-resisted|p2a: Slowbro
|-damage|p2a: Slowbro|28/100
|-damage|p1a: Seaking Duck|18/100|[from] item: Life Orb
|move|p2a: Slowbro|Psychic|p1a: Seaking Duck
|-damage|p1a: Seaking Duck|0 fnt
|faint|p1a: Seaking Duck
|
|-weather|RainDance|[upkeep]
|upkeep
|
|t:|1779960528
|switch|p1a: Great Neck|Raging Bolt|100/100
|turn|6
|
|t:|1779960537
|switch|p2a: Raichu|Raichu, M|100/100
|move|p1a: Great Neck|Weather Ball|p2a: Raichu
|-damage|p2a: Raichu|13/100
|
|-weather|RainDance|[upkeep]
|upkeep
|turn|7
|
|t:|1779960546
|move|p2a: Raichu|Volt Switch|p1a: Great Neck
|-resisted|p1a: Great Neck
|-damage|p1a: Great Neck|90/100
|
|t:|1779960555
|switch|p2a: Vaporeon|Vaporeon, F|100/100|[from] Volt Switch
|move|p1a: Great Neck|Weather Ball|p2a: Vaporeon
|-immune|p2a: Vaporeon|[from] ability: Water Absorb
|
|-weather|RainDance|[upkeep]
|-heal|p1a: Great Neck|97/100|[from] item: Leftovers
|upkeep
|turn|8
|
|t:|1779960572
|move|p2a: Vaporeon|Protect|p2a: Vaporeon
|-singleturn|p2a: Vaporeon|Protect
|move|p1a: Great Neck|Weather Ball|p2a: Vaporeon
|-activate|p2a: Vaporeon|move: Protect
|
|-weather|none
|-heal|p1a: Great Neck|100/100|[from] item: Leftovers
|upkeep
|turn|9
|inactive|ykykp has 120 seconds left.
|
|t:|1779960611
|-end|p1a: Great Neck|Protosynthesis|[silent]
|switch|p1a: Spaghetti Too|Tentacruel, F|97/100
|move|p2a: Vaporeon|Ice Beam|p1a: Spaghetti Too
|-resisted|p1a: Spaghetti Too
|-damage|p1a: Spaghetti Too|93/100
|
|upkeep
|turn|10
|
|t:|1779960622
|switch|p2a: Slowbro|Slowbro, M|61/100
|move|p1a: Spaghetti Too|Poison Jab|p2a: Slowbro
|-damage|p2a: Slowbro|44/100
|
|upkeep
|turn|11
|
|t:|1779960630
|move|p1a: Spaghetti Too|Flip Turn|p2a: Slowbro
|-resisted|p2a: Slowbro
|-damage|p2a: Slowbro|38/100
|inactive|ykykp has 120 seconds left.
|
|t:|1779960663
|switch|p1a: Ghoti carrier|Pelipper, L99, F|100/100|[from] Flip Turn
|-weather|RainDance|[from] ability: Drizzle|[of] p1a: Ghoti carrier
|move|p2a: Slowbro|Psychic|p1a: Ghoti carrier
|-damage|p1a: Ghoti carrier|37/100
|
|-weather|RainDance|[upkeep]
|upkeep
|turn|12
|
|t:|1779960675
|switch|p2a: Vaporeon|Vaporeon, F|100/100
|move|p1a: Ghoti carrier|U-turn|p2a: Vaporeon
|-damage|p2a: Vaporeon|90/100
|
|t:|1779960685
|switch|p1a: Great Neck|Raging Bolt|100/100|[from] U-turn
|
|-weather|RainDance|[upkeep]
|-heal|p2a: Vaporeon|96/100|[from] item: Leftovers
|upkeep
|turn|13
|
|t:|1779960692
|move|p1a: Great Neck|Thunder|p2a: Vaporeon
|-supereffective|p2a: Vaporeon
|-damage|p2a: Vaporeon|24/100
|-status|p2a: Vaporeon|par
|cant|p2a: Vaporeon|par
|
|-weather|RainDance|[upkeep]
|-heal|p2a: Vaporeon|30/100 par|[from] item: Leftovers
|upkeep
|turn|14
|inactive|ykykp has 120 seconds left.
|
|t:|1779960711
|switch|p2a: Raichu|Raichu, M|13/100
|move|p1a: Great Neck|Thunder|p2a: Raichu
|-ability|p2a: Raichu|Lightning Rod|boost
|-boost|p2a: Raichu|spa|1
|
|-weather|RainDance|[upkeep]
|upkeep
|turn|15
|inactive|ykykp has 120 seconds left.
|
|t:|1779960732
|switch|p2a: Vaporeon|Vaporeon, F|30/100 par
|-end|p1a: Great Neck|Protosynthesis|[silent]
|switch|p1a: Spaghetti Too|Tentacruel, F|93/100
|
|-weather|RainDance|[upkeep]
|-heal|p1a: Spaghetti Too|99/100|[from] ability: Rain Dish
|-heal|p2a: Vaporeon|36/100 par|[from] item: Leftovers
|upkeep
|turn|16
|inactive|ykykp has 120 seconds left.
|inactive|ykykp has 90 seconds left.
|
|t:|1779960778
|move|p1a: Spaghetti Too|Poison Jab|p2a: Vaporeon
|-damage|p2a: Vaporeon|14/100 par
|move|p2a: Vaporeon|Wish|p2a: Vaporeon
|
|-weather|RainDance|[upkeep]
|-heal|p1a: Spaghetti Too|100/100|[from] ability: Rain Dish
|-heal|p2a: Vaporeon|20/100 par|[from] item: Leftovers
|upkeep
|turn|17
|
|t:|1779960793
|move|p2a: Vaporeon|Protect|p2a: Vaporeon
|-singleturn|p2a: Vaporeon|Protect
|move|p1a: Spaghetti Too|Poison Jab|p2a: Vaporeon
|-activate|p2a: Vaporeon|move: Protect
|
|-weather|RainDance|[upkeep]
|-heal|p2a: Vaporeon|70/100 par|[from] move: Wish|[wisher] Vaporeon
|-heal|p2a: Vaporeon|76/100 par|[from] item: Leftovers
|upkeep
|turn|18
|inactive|ykykp has 90 seconds left.
|
|t:|1779960826
|switch|p1a: Great Neck|Raging Bolt|100/100
|switch|p2a: Gliscor|Gliscor, M|100/100
|
|-weather|none
|-status|p2a: Gliscor|tox|[from] item: Toxic Orb
|upkeep
|turn|19
|inactive|ykykp has 60 seconds left.
|inactive|ykykp has 30 seconds left.
|inactive|ykykp has 20 seconds left.
|inactive|ykykp has 15 seconds left.
|
|t:|1779960898
|-end|p1a: Great Neck|Protosynthesis|[silent]
|switch|p1a: Ghoti carrier|Pelipper, L99, F|37/100
|-weather|RainDance|[from] ability: Drizzle|[of] p1a: Ghoti carrier
|move|p2a: Gliscor|Stealth Rock|p1a: Ghoti carrier
|-sidestart|p1: ykykp|move: Stealth Rock
|
|-weather|RainDance|[upkeep]
|upkeep
|turn|20
|inactive|ykykp has 25 seconds left this turn.
|inactive|ykykp has 20 seconds left.
|inactive|ykykp has 15 seconds left.
|inactive|ykykp has 10 seconds left.
|inactive|ykykp has 5 seconds left.
|-message|ykykp lost due to inactivity.
|
|win|qalaus
|raw|ykykp's rating: 1517 &rarr; <strong>1493</strong><br />(-24 for losing)
|raw|qalaus's rating: 1439 &rarr; <strong>1463</strong><br />(+24 for winning)
|l|☆qalaus
|player|p2|
|l|☆ykykp
|player|p1|
