|j|☆th3r3d33m3r
|j|☆ryanman7
|t:|1779884610
|gametype|singles
|player|p1|th3r3d33m3r|lady|1376
|player|p2|ryanman7|skier|1396
|gen|9
|tier|[Gen 9] OU
|rated|
|rule|HP Percentage Mod: HP is shown in percentages
|rule|Endless Battle Clause: Forcing endless battles is banned
|rule|Species Clause: Limit one of each Pokémon
|rule|OHKO Clause: OHKO moves are banned
|rule|Evasion Items Clause: Evasion items are banned
|rule|Evasion Moves Clause: Evasion moves are banned
|rule|Evasion Abilities Clause: Evasion abilities are banned
|rule|Sleep Moves Clause: Sleep-inducing moves are banned
|clearpoke
|poke|p1|Regieleki|
|poke|p1|Landorus-Therian, M|
|poke|p1|Cinderace, F|
|poke|p1|Hydrapple, F|
|poke|p1|Alomomola, F|
|poke|p1|Kingambit, M|
|poke|p2|Kyurem|
|poke|p2|Deoxys-Speed|
|poke|p2|Slowking-Galar, M|
|poke|p2|Great Tusk|
|poke|p2|Tornadus-Therian, M|
|poke|p2|Slowbro, M|
|teampreview
|
|t:|1779884619
|teamsize|p1|6
|teamsize|p2|6
|start
|switch|p1a: Kingambit|Kingambit, M|100/100
|switch|p2a: Deoxys|Deoxys-Speed|100/100
|-ability|p2a: Deoxys|Pressure
|turn|1
|
|t:|1779884628
|move|p2a: Deoxys|Superpower|p1a: Kingambit
|-supereffective|p1a: Kingambit
|-damage|p1a: Kingambit|7/100
|-unboost|p2a: Deoxys|atk|1
|-unboost|p2a: Deoxys|def|1
|move|p1a: Kingambit|Kowtow Cleave|p2a: Deoxys
|-supereffective|p2a: Deoxys
|-enditem|p2a: Deoxys|Colbur Berry|[eat]
|-enditem|p2a: Deoxys|Colbur Berry|[weaken]
|-damage|p2a: Deoxys|28/100
|
|-heal|p1a: Kingambit|13/100|[from] item: Leftovers
|upkeep
|turn|2
|
|t:|1779884640
|switch|p2a: Great Tusk|Great Tusk|100/100
|move|p1a: Kingambit|Sucker Punch||[still]
|-fail|p1a: Kingambit
|
|-heal|p1a: Kingambit|19/100|[from] item: Leftovers
|upkeep
|turn|3
|
|t:|1779884645
|-end|p1a: Kingambit|fallenundefined|[silent]
|switch|p1a: Landorus|Landorus-Therian, M|100/100
|-ability|p1a: Landorus|Intimidate|boost
|-unboost|p2a: Great Tusk|atk|1
|move|p2a: Great Tusk|Headlong Rush|p1a: Landorus
|-immune|p1a: Landorus
|
|upkeep
|turn|4
|
|t:|1779884652
|move|p1a: Landorus|U-turn|p2a: Great Tusk
|-resisted|p2a: Great Tusk
|-damage|p2a: Great Tusk|92/100
|
|t:|1779884654
|switch|p1a: Alomomola|Alomomola, F|100/100|[from] U-turn
|move|p2a: Great Tusk|Stealth Rock|p1a: Alomomola
|-sidestart|p1: th3r3d33m3r|move: Stealth Rock
|
|-heal|p2a: Great Tusk|99/100|[from] item: Leftovers
|upkeep
|turn|5
|
|t:|1779884658
|-end|p2a: Great Tusk|Protosynthesis|[silent]
|switch|p2a: Slowbro|Slowbro, M|100/100
|move|p1a: Alomomola|Flip Turn|p2a: Slowbro
|-resisted|p2a: Slowbro
|-damage|p2a: Slowbro|94/100
|
|t:|1779884663
|switch|p1a: Regieleki|Regieleki|100/100|[from] Flip Turn
|
|upkeep
|turn|6
|
|t:|1779884666
|switch|p2a: Great Tusk|Great Tusk|99/100
|move|p1a: Regieleki|Rapid Spin|p2a: Great Tusk
|-damage|p2a: Great Tusk|91/100
|-boost|p1a: Regieleki|spe|1
|-sideend|p1: th3r3d33m3r|Stealth Rock|[from] move: Rapid Spin|[of] p1a: Regieleki
|
|-heal|p2a: Great Tusk|97/100|[from] item: Leftovers
|upkeep
|turn|7
|
|t:|1779884671
|switch|p1a: Hydrapple|Hydrapple, F|100/100
|move|p2a: Great Tusk|Ice Spinner|p1a: Hydrapple
|-supereffective|p1a: Hydrapple
|-damage|p1a: Hydrapple|32/100
|-damage|p2a: Great Tusk|80/100|[from] item: Rocky Helmet|[of] p1a: Hydrapple
|
|-heal|p2a: Great Tusk|86/100|[from] item: Leftovers
|upkeep
|turn|8
|
|t:|1779884680
|-end|p2a: Great Tusk|Protosynthesis|[silent]
|switch|p2a: Slowking|Slowking-Galar, M|100/100
|move|p1a: Hydrapple|Giga Drain|p2a: Slowking
|-resisted|p2a: Slowking
|-damage|p2a: Slowking|92/100
|-heal|p1a: Hydrapple|36/100|[from] drain|[of] p2a: Slowking
|
|upkeep
|turn|9
|
|t:|1779884688
|switch|p1a: Kingambit|Kingambit, M|19/100
|-prepare|p2a: Slowking|Chilly Reception|[premajor]
|move|p2a: Slowking|Chilly Reception|p2a: Slowking
|-weather|Snowscape
|
|t:|1779884693
|switch|p2a: Great Tusk|Great Tusk|86/100|[from] Chilly Reception
|
|-weather|Snowscape|[upkeep]
|-heal|p2a: Great Tusk|93/100|[from] item: Leftovers
|-heal|p1a: Kingambit|25/100|[from] item: Leftovers
|upkeep
|turn|10
|
|t:|1779884698
|-end|p1a: Kingambit|fallenundefined|[silent]
|switch|p1a: Landorus|Landorus-Therian, M|100/100
|-ability|p1a: Landorus|Intimidate|boost
|-unboost|p2a: Great Tusk|atk|1
|move|p2a: Great Tusk|Headlong Rush|p1a: Landorus
|-immune|p1a: Landorus
|
|-weather|Snowscape|[upkeep]
|-heal|p2a: Great Tusk|99/100|[from] item: Leftovers
|upkeep
|turn|11
|
|t:|1779884704
|move|p1a: Landorus|Taunt|p2a: Great Tusk
|-start|p2a: Great Tusk|move: Taunt
|cant|p2a: Great Tusk|move: Taunt|Stealth Rock
|
|-weather|Snowscape|[upkeep]
|-heal|p2a: Great Tusk|100/100|[from] item: Leftovers
|upkeep
|turn|12
|
|t:|1779884709
|-end|p2a: Great Tusk|Protosynthesis|[silent]
|switch|p2a: Tornadus|Tornadus-Therian, M|100/100
|move|p1a: Landorus|U-turn|p2a: Tornadus
|-resisted|p2a: Tornadus
|-damage|p2a: Tornadus|89/100
|
|t:|1779884712
|switch|p1a: Kingambit|Kingambit, M|25/100|[from] U-turn
|
|-weather|Snowscape|[upkeep]
|-heal|p1a: Kingambit|31/100|[from] item: Leftovers
|upkeep
|turn|13
|
|t:|1779884716
|-end|p1a: Kingambit|fallenundefined|[silent]
|switch|p1a: Alomomola|Alomomola, F|100/100
|move|p2a: Tornadus|Heat Wave|p1a: Alomomola
|-resisted|p1a: Alomomola
|-damage|p1a: Alomomola|95/100
|
|-weather|none
|upkeep
|turn|14
|
|t:|1779884725
|move|p2a: Tornadus|Knock Off|p1a: Alomomola
|-damage|p1a: Alomomola|79/100
|-enditem|p1a: Alomomola|Assault Vest|[from] move: Knock Off|[of] p2a: Tornadus
|move|p1a: Alomomola|Flip Turn|p2a: Tornadus
|-damage|p2a: Tornadus|70/100
|
|t:|1779884731
|switch|p1a: Regieleki|Regieleki|100/100|[from] Flip Turn
|
|upkeep
|turn|15
|
|t:|1779884735
|switch|p1a: Landorus|Landorus-Therian, M|100/100
|-ability|p1a: Landorus|Intimidate|boost
|-unboost|p2a: Tornadus|atk|1
|switch|p2a: Great Tusk|Great Tusk|100/100
|
|upkeep
|turn|16
|
|t:|1779884740
|move|p1a: Landorus|U-turn|p2a: Great Tusk
|-resisted|p2a: Great Tusk
|-damage|p2a: Great Tusk|92/100
|
|t:|1779884743
|switch|p1a: Cinderace|Cinderace, F|100/100|[from] U-turn
|move|p2a: Great Tusk|Ice Spinner|p1a: Cinderace
|-resisted|p1a: Cinderace
|-damage|p1a: Cinderace|80/100
|
|-heal|p2a: Great Tusk|99/100|[from] item: Leftovers
|upkeep
|turn|17
|
|t:|1779884748
|-end|p2a: Great Tusk|Protosynthesis|[silent]
|switch|p2a: Slowbro|Slowbro, M|100/100
|move|p1a: Cinderace|Will-O-Wisp|p2a: Slowbro
|-status|p2a: Slowbro|brn
|
|-damage|p2a: Slowbro|94/100 brn|[from] brn
|upkeep
|turn|18
|
|t:|1779884758
|move|p1a: Cinderace|U-turn|p2a: Slowbro
|-supereffective|p2a: Slowbro
|-crit|p2a: Slowbro
|-damage|p2a: Slowbro|48/100 brn
|
|t:|1779884762
|switch|p1a: Kingambit|Kingambit, M|31/100|[from] U-turn
|move|p2a: Slowbro|Zen Headbutt|p1a: Kingambit
|-immune|p1a: Kingambit
|
|-heal|p1a: Kingambit|37/100|[from] item: Leftovers
|-damage|p2a: Slowbro|42/100 brn|[from] brn
|upkeep
|turn|19
|
|t:|1779884769
|switch|p2a: Great Tusk|Great Tusk|99/100
|move|p1a: Kingambit|Kowtow Cleave|p2a: Great Tusk
|-resisted|p2a: Great Tusk
|-damage|p2a: Great Tusk|80/100
|
|-heal|p2a: Great Tusk|86/100|[from] item: Leftovers
|-heal|p1a: Kingambit|44/100|[from] item: Leftovers
|upkeep
|turn|20
|
|t:|1779884772
|-end|p1a: Kingambit|fallenundefined|[silent]
|switch|p1a: Hydrapple|Hydrapple, F|69/100
|move|p2a: Great Tusk|Ice Spinner|p1a: Hydrapple
|-supereffective|p1a: Hydrapple
|-damage|p1a: Hydrapple|8/100
|-damage|p2a: Great Tusk|70/100|[from] item: Rocky Helmet|[of] p1a: Hydrapple
|
|-heal|p2a: Great Tusk|76/100|[from] item: Leftovers
|upkeep
|turn|21
|
|t:|1779884781
|switch|p1a: Alomomola|Alomomola, F|100/100
|move|p2a: Great Tusk|Rapid Spin|p1a: Alomomola
|-damage|p1a: Alomomola|86/100
|-boost|p2a: Great Tusk|spe|1
|
|-heal|p2a: Great Tusk|82/100|[from] item: Leftovers
|upkeep
|turn|22
|
|t:|1779884786
|-end|p2a: Great Tusk|Protosynthesis|[silent]
|switch|p2a: Slowbro|Slowbro, M|75/100 brn
|move|p1a: Alomomola|Flip Turn|p2a: Slowbro
|-resisted|p2a: Slowbro
|-damage|p2a: Slowbro|69/100 brn
|
|t:|1779884790
|switch|p1a: Hydrapple|Hydrapple, F|41/100|[from] Flip Turn
|
|-damage|p2a: Slowbro|63/100 brn|[from] brn
|upkeep
|turn|23
|
|t:|1779884794
|-singleturn|p2a: Slowbro|move: Focus Punch
|move|p1a: Hydrapple|Earth Power|p2a: Slowbro
|-damage|p2a: Slowbro|39/100 brn
|-unboost|p2a: Slowbro|spd|1
|cant|p2a: Slowbro|Focus Punch|Focus Punch
|
|-damage|p2a: Slowbro|33/100 brn|[from] brn
|upkeep
|turn|24
|
|t:|1779884801
|move|p1a: Hydrapple|Earth Power|p2a: Slowbro
|-damage|p2a: Slowbro|0 fnt
|faint|p2a: Slowbro
|
|upkeep
|
|t:|1779884806
|switch|p2a: Deoxys|Deoxys-Speed|28/100
|-ability|p2a: Deoxys|Pressure
|turn|25
|
|t:|1779884812
|switch|p1a: Alomomola|Alomomola, F|100/100
|move|p2a: Deoxys|Psycho Boost|p1a: Alomomola|[miss]
|-miss|p2a: Deoxys|p1a: Alomomola
|
|upkeep
|turn|26
|
|t:|1779884818
|move|p2a: Deoxys|Psycho Boost|p1a: Alomomola
|-damage|p1a: Alomomola|69/100
|-unboost|p2a: Deoxys|spa|2
|move|p1a: Alomomola|Flip Turn|p2a: Deoxys
|-damage|p2a: Deoxys|11/100
|
|t:|1779884821
|switch|p1a: Kingambit|Kingambit, M|44/100|[from] Flip Turn
|
|-heal|p1a: Kingambit|50/100|[from] item: Leftovers
|upkeep
|turn|27
|
|t:|1779884828
|-end|p1a: Kingambit|fallenundefined|[silent]
|switch|p1a: Alomomola|Alomomola, F|100/100
|move|p2a: Deoxys|Stealth Rock|p1a: Alomomola
|-sidestart|p1: th3r3d33m3r|move: Stealth Rock
|
|upkeep
|turn|28
|
|t:|1779884835
|switch|p2a: Kyurem|Kyurem|100/100
|-ability|p2a: Kyurem|Pressure
|move|p1a: Alomomola|Flip Turn|p2a: Kyurem
|-resisted|p2a: Kyurem
|-damage|p2a: Kyurem|92/100
|
|t:|1779884842
|switch|p1a: Cinderace|Cinderace, F|80/100|[from] Flip Turn
|
|upkeep
|turn|29
|
|t:|1779884849
|move|p1a: Cinderace|U-turn|p2a: Kyurem
|-damage|p2a: Kyurem|74/100
|
|t:|1779884851
|switch|p1a: Alomomola|Alomomola, F|100/100|[from] U-turn
|-damage|p1a: Alomomola|88/100|[from] Stealth Rock
|move|p2a: Kyurem|Draco Meteor|p1a: Alomomola
|-damage|p1a: Alomomola|16/100
|-unboost|p2a: Kyurem|spa|2
|
|upkeep
|turn|30
|
|t:|1779884864
|switch|p2a: Great Tusk|Great Tusk|82/100
|switch|p1a: Kingambit|Kingambit, M|50/100
|-damage|p1a: Kingambit|44/100|[from] Stealth Rock
|
|-heal|p2a: Great Tusk|89/100|[from] item: Leftovers
|-heal|p1a: Kingambit|50/100|[from] item: Leftovers
|upkeep
|turn|31
|
|t:|1779884872
|-end|p1a: Kingambit|fallenundefined|[silent]
|switch|p1a: Hydrapple|Hydrapple, F|74/100
|-damage|p1a: Hydrapple|62/100|[from] Stealth Rock
|move|p2a: Great Tusk|Ice Spinner|p1a: Hydrapple
|-supereffective|p1a: Hydrapple
|-damage|p1a: Hydrapple|4/100
|-damage|p2a: Great Tusk|72/100|[from] item: Rocky Helmet|[of] p1a: Hydrapple
|
|-heal|p2a: Great Tusk|78/100|[from] item: Leftovers
|upkeep
|turn|32
|
|t:|1779884880
|switch|p1a: Alomomola|Alomomola, F|50/100
|-damage|p1a: Alomomola|37/100|[from] Stealth Rock
|move|p2a: Great Tusk|Rapid Spin|p1a: Alomomola
|-damage|p1a: Alomomola|24/100
|-boost|p2a: Great Tusk|spe|1
|
|-heal|p2a: Great Tusk|85/100|[from] item: Leftovers
|upkeep
|turn|33
|
|t:|1779884884
|switch|p1a: Landorus|Landorus-Therian, M|100/100
|-damage|p1a: Landorus|88/100|[from] Stealth Rock
|-ability|p1a: Landorus|Intimidate|boost
|-unboost|p2a: Great Tusk|atk|1
|move|p2a: Great Tusk|Headlong Rush|p1a: Landorus
|-immune|p1a: Landorus
|
|-heal|p2a: Great Tusk|91/100|[from] item: Leftovers
|upkeep
|turn|34
|
|t:|1779884896
|move|p2a: Great Tusk|Ice Spinner|p1a: Landorus
|-supereffective|p1a: Landorus
|-damage|p1a: Landorus|11/100
|-damage|p2a: Great Tusk|74/100|[from] item: Rocky Helmet|[of] p1a: Landorus
|move|p1a: Landorus|U-turn|p2a: Great Tusk
|-resisted|p2a: Great Tusk
|-damage|p2a: Great Tusk|66/100
|
|t:|1779884904
|switch|p1a: Alomomola|Alomomola, F|57/100|[from] U-turn
|-damage|p1a: Alomomola|45/100|[from] Stealth Rock
|
|-heal|p2a: Great Tusk|72/100|[from] item: Leftovers
|upkeep
|turn|35
|
|t:|1779884909
|-end|p2a: Great Tusk|Protosynthesis|[silent]
|switch|p2a: Kyurem|Kyurem|74/100
|-ability|p2a: Kyurem|Pressure
|move|p1a: Alomomola|Flip Turn|p2a: Kyurem
|-resisted|p2a: Kyurem
|-damage|p2a: Kyurem|67/100
|
|t:|1779884912
|switch|p1a: Cinderace|Cinderace, F|80/100|[from] Flip Turn
|
|upkeep
|turn|36
|
|t:|1779884920
|move|p1a: Cinderace|Court Change|p1a: Cinderace
|-swapsideconditions
|-activate|p1a: Cinderace|move: Court Change
|move|p2a: Kyurem|Draco Meteor|p1a: Cinderace
|-damage|p1a: Cinderace|0 fnt
|-unboost|p2a: Kyurem|spa|2
|faint|p1a: Cinderace
|
|upkeep
|
|t:|1779884923
|switch|p1a: Kingambit|Kingambit, M|50/100
|-activate|p1a: Kingambit|ability: Supreme Overlord
|-start|p1a: Kingambit|fallen1|[silent]
|turn|37
|
|t:|1779884928
|switch|p2a: Great Tusk|Great Tusk|72/100
|-damage|p2a: Great Tusk|69/100|[from] Stealth Rock
|move|p1a: Kingambit|Iron Head|p2a: Great Tusk
|-damage|p2a: Great Tusk|30/100
|
|-heal|p2a: Great Tusk|36/100|[from] item: Leftovers
|-heal|p1a: Kingambit|56/100|[from] item: Leftovers
|upkeep
|turn|38
|
|t:|1779884939
|-terastallize|p1a: Kingambit|Ghost
|move|p2a: Great Tusk|Rapid Spin|p1a: Kingambit
|-immune|p1a: Kingambit
|move|p1a: Kingambit|Iron Head|p2a: Great Tusk
|-damage|p2a: Great Tusk|0 fnt
|faint|p2a: Great Tusk
|-end|p2a: Great Tusk|Protosynthesis|[silent]
|
|-heal|p1a: Kingambit|62/100|[from] item: Leftovers
|upkeep
|
|t:|1779884953
|switch|p2a: Tornadus|Tornadus-Therian, M|100/100
|turn|39
|
|t:|1779884964
|-end|p1a: Kingambit|fallen1|[silent]
|switch|p1a: Landorus|Landorus-Therian, M|11/100
|-ability|p1a: Landorus|Intimidate|boost
|-unboost|p2a: Tornadus|atk|1
|move|p2a: Tornadus|Knock Off|p1a: Landorus
|-damage|p1a: Landorus|0 fnt
|-damage|p2a: Tornadus|84/100|[from] item: Rocky Helmet|[of] p1a: Landorus
|-enditem|p1a: Landorus|Rocky Helmet|[from] move: Knock Off|[of] p2a: Tornadus
|faint|p1a: Landorus
|
|upkeep
|
|t:|1779884966
|switch|p1a: Regieleki|Regieleki|100/100
|turn|40
|
|t:|1779884971
|switch|p2a: Deoxys|Deoxys-Speed|11/100
|-damage|p2a: Deoxys|0 fnt|[from] Stealth Rock
|faint|p2a: Deoxys
|move|p1a: Regieleki|Volt Switch|p2: Deoxys|[notarget]
|-fail|p1a: Regieleki
|
|upkeep
|
|t:|1779884974
|switch|p2a: Slowking|Slowking-Galar, M|100/100
|turn|41
|
|t:|1779884981
|move|p1a: Regieleki|Volt Switch|p2a: Slowking
|-damage|p2a: Slowking|77/100
|
|t:|1779884983
|switch|p1a: Alomomola|Alomomola, F|78/100|[from] Volt Switch
|-prepare|p2a: Slowking|Chilly Reception|[premajor]
|move|p2a: Slowking|Chilly Reception|p2a: Slowking
|-weather|Snowscape
|
|t:|1779884986
|switch|p2a: Kyurem|Kyurem|67/100|[from] Chilly Reception
|-damage|p2a: Kyurem|42/100|[from] Stealth Rock
|-ability|p2a: Kyurem|Pressure
|
|-weather|Snowscape|[upkeep]
|upkeep
|turn|42
|
|t:|1779884990
|move|p2a: Kyurem|Freeze-Dry|p1a: Alomomola
|-supereffective|p1a: Alomomola
|-damage|p1a: Alomomola|5/100
|move|p1a: Alomomola|Mirror Coat|p2a: Kyurem
|-damage|p2a: Kyurem|0 fnt
|faint|p2a: Kyurem
|
|-weather|Snowscape|[upkeep]
|upkeep
|
|t:|1779884994
|switch|p2a: Tornadus|Tornadus-Therian, M|100/100
|turn|43
|
|t:|1779884998
|switch|p1a: Regieleki|Regieleki|100/100
|move|p2a: Tornadus|Knock Off|p1a: Regieleki
|-damage|p1a: Regieleki|59/100
|-enditem|p1a: Regieleki|Heavy-Duty Boots|[from] move: Knock Off|[of] p2a: Tornadus
|
|-weather|Snowscape|[upkeep]
|upkeep
|turn|44
|
|t:|1779885008
|-terastallize|p2a: Tornadus|Steel
|move|p1a: Regieleki|Thunderbolt|p2a: Tornadus
|-damage|p2a: Tornadus|52/100
|move|p2a: Tornadus|Heat Wave|p1a: Regieleki
|-damage|p1a: Regieleki|12/100
|
|-weather|Snowscape|[upkeep]
|upkeep
|turn|45
|
|t:|1779885015
|switch|p2a: Slowking|Slowking-Galar, M|100/100
|move|p1a: Regieleki|Volt Switch|p2a: Slowking
|-damage|p2a: Slowking|79/100
|
|t:|1779885016
|switch|p1a: Kingambit|Kingambit, M, tera:Ghost|62/100|[from] Volt Switch
|-activate|p1a: Kingambit|ability: Supreme Overlord
|-start|p1a: Kingambit|fallen2|[silent]
|
|-weather|none
|-heal|p1a: Kingambit|68/100|[from] item: Leftovers
|upkeep
|turn|46
|
|t:|1779885022
|move|p1a: Kingambit|Kowtow Cleave|p2a: Slowking
|-supereffective|p2a: Slowking
|-damage|p2a: Slowking|0 fnt
|faint|p2a: Slowking
|
|-heal|p1a: Kingambit|74/100|[from] item: Leftovers
|upkeep
|
|t:|1779885024
|switch|p2a: Tornadus|Tornadus-Therian, M, tera:Steel|86/100
|turn|47
|-message|ryanman7 forfeited.
|
|win|th3r3d33m3r
|raw|th3r3d33m3r's rating: 1376 &rarr; <strong>1397</strong><br />(+21 for winning)
|raw|ryanman7's rating: 1396 &rarr; <strong>1375</strong><br />(-21 for losing)
|l|☆ryanman7
|player|p2|
|l|☆th3r3d33m3r
|player|p1|
