|j|☆Kaltaris83
|j|☆goodnightnite
|t:|1779889453
|gametype|singles
|player|p1|Kaltaris83|psychic|1581
|player|p2|goodnightnite|miku-water|1631
|gen|9
|tier|[Gen 9] OU
|rated|
|rule|HP Percentage Mod: HP is shown in percentages
|rule|Endless Battle Clause: Forcing endless battles is banned
|rule|Species Clause: Limit one of each Pokémon
|rule|OHKO Clause: OHKO moves are banned
|rule|Evasion Items Clause: Evasion items are banned
|rule|Evasion Moves Clause: Evasion moves are banned
|rule|Evasion Abilities Clause: Evasion abilities are banned
|rule|Sleep Moves Clause: Sleep-inducing moves are banned
|clearpoke
|poke|p1|Garchomp, M|
|poke|p1|Tyranitar, M|
|poke|p1|Skarmory, M|
|poke|p1|Moltres-Galar|
|poke|p1|Talonflame, F|
|poke|p1|Deoxys-Speed|
|poke|p2|Primarina, M|
|poke|p2|Zamazenta-*|
|poke|p2|Gholdengo|
|poke|p2|Rillaboom, M|
|poke|p2|Glimmora, M|
|poke|p2|Hydreigon, M|
|teampreview
|inactive|Battle timer is ON: inactive players will automatically lose when time's up. (requested by Kaltaris83)
|inactive|goodnightnite also wants the timer to be on.
|
|t:|1779889464
|teamsize|p1|6
|teamsize|p2|6
|start
|switch|p1a: Garchomp|Garchomp, M|100/100
|switch|p2a: Celestine|Primarina, M, shiny|100/100
|turn|1
|
|t:|1779889472
|move|p1a: Garchomp|Earthquake|p2a: Celestine
|-damage|p2a: Celestine|35/100
|move|p2a: Celestine|Moonblast|p1a: Garchomp
|-supereffective|p1a: Garchomp
|-damage|p1a: Garchomp|0 fnt
|faint|p1a: Garchomp
|
|upkeep
|
|t:|1779889474
|switch|p1a: Tyranitar|Tyranitar, M, shiny|100/100
|-weather|Sandstorm|[from] ability: Sand Stream|[of] p1a: Tyranitar
|turn|2
|
|t:|1779889480
|switch|p2a: Bullet|Glimmora, M, shiny|100/100
|move|p1a: Tyranitar|Knock Off|p2a: Bullet
|-damage|p2a: Bullet|46/100
|-activate|p2a: Bullet|ability: Toxic Debris
|-sidestart|p1: Kaltaris83|move: Toxic Spikes
|-enditem|p2a: Bullet|Red Card|[from] move: Knock Off|[of] p1a: Tyranitar
|-damage|p1a: Tyranitar|91/100|[from] item: Life Orb
|
|-weather|Sandstorm|[upkeep]
|upkeep
|turn|3
|
|t:|1779889486
|move|p1a: Tyranitar|Earthquake|p2a: Bullet
|-supereffective|p2a: Bullet
|-damage|p2a: Bullet|0 fnt
|-activate|p2a: Bullet|ability: Toxic Debris
|-sidestart|p1: Kaltaris83|move: Toxic Spikes
|faint|p2a: Bullet
|-damage|p1a: Tyranitar|81/100|[from] item: Life Orb
|
|-weather|Sandstorm|[upkeep]
|upkeep
|
|t:|1779889494
|switch|p2a: Kong|Rillaboom, M, shiny|100/100
|-fieldstart|move: Grassy Terrain|[from] ability: Grassy Surge|[of] p2a: Kong
|turn|4
|
|t:|1779889500
|switch|p1a: Talonflame|Talonflame, F|100/100
|move|p2a: Kong|Swords Dance|p2a: Kong
|-boost|p2a: Kong|atk|2
|
|-weather|Sandstorm|[upkeep]
|-damage|p1a: Talonflame|94/100|[from] Sandstorm
|-damage|p2a: Kong|94/100|[from] Sandstorm
|-heal|p2a: Kong|100/100|[from] Grassy Terrain
|upkeep
|turn|5
|
|t:|1779889504
|move|p1a: Talonflame|Defog|p2a: Kong
|-unboost|p2a: Kong|evasion|1
|-sideend|p1: Kaltaris83|Toxic Spikes|[from] move: Defog|[of] p1a: Talonflame
|-fieldend|move: Grassy Terrain
|move|p2a: Kong|Knock Off|p1a: Talonflame
|-damage|p1a: Talonflame|0 fnt
|-enditem|p1a: Talonflame|Heavy-Duty Boots|[from] move: Knock Off|[of] p2a: Kong
|faint|p1a: Talonflame
|-damage|p2a: Kong|91/100|[from] item: Life Orb
|
|-weather|Sandstorm|[upkeep]
|-damage|p2a: Kong|84/100|[from] Sandstorm
|upkeep
|
|t:|1779889509
|switch|p1a: Skarmory|Skarmory, M, shiny|100/100
|turn|6
|
|t:|1779889513
|switch|p2a: Celestine|Primarina, M, shiny|35/100
|move|p1a: Skarmory|Iron Defense|p1a: Skarmory
|-boost|p1a: Skarmory|def|2
|
|-weather|none
|upkeep
|turn|7
|
|t:|1779889525
|switch|p2a: Spirit Rush|Gholdengo, shiny|100/100
|move|p1a: Skarmory|Body Press|p2a: Spirit Rush
|-immune|p2a: Spirit Rush
|
|upkeep
|turn|8
|
|t:|1779889530
|switch|p2a: Kong|Rillaboom, M, shiny|84/100
|-fieldstart|move: Grassy Terrain|[from] ability: Grassy Surge|[of] p2a: Kong
|switch|p1a: Tyranitar|Tyranitar, M, shiny|81/100
|-weather|Sandstorm|[from] ability: Sand Stream|[of] p1a: Tyranitar
|
|-weather|Sandstorm|[upkeep]
|-damage|p2a: Kong|78/100|[from] Sandstorm
|-heal|p2a: Kong|84/100|[from] Grassy Terrain
|-heal|p1a: Tyranitar|87/100|[from] Grassy Terrain
|upkeep
|turn|9
|
|t:|1779889539
|switch|p1a: Skarmory|Skarmory, M, shiny|100/100
|move|p2a: Kong|Grassy Glide|p1a: Skarmory
|-resisted|p1a: Skarmory
|-damage|p1a: Skarmory|93/100
|-damage|p2a: Kong|74/100|[from] item: Life Orb
|
|-weather|Sandstorm|[upkeep]
|-damage|p2a: Kong|68/100|[from] Sandstorm
|-heal|p2a: Kong|74/100|[from] Grassy Terrain
|-heal|p1a: Skarmory|99/100|[from] item: Leftovers
|upkeep
|turn|10
|
|t:|1779889543
|move|p2a: Kong|Knock Off|p1a: Skarmory
|-damage|p1a: Skarmory|72/100
|-enditem|p1a: Skarmory|Leftovers|[from] move: Knock Off|[of] p2a: Kong
|-damage|p2a: Kong|64/100|[from] item: Life Orb
|move|p1a: Skarmory|Drill Run|p2a: Kong
|-resisted|p2a: Kong
|-damage|p2a: Kong|56/100
|
|-weather|Sandstorm|[upkeep]
|-damage|p2a: Kong|50/100|[from] Sandstorm
|-heal|p2a: Kong|56/100|[from] Grassy Terrain
|upkeep
|turn|11
|
|t:|1779889546
|switch|p2a: Spirit Rush|Gholdengo, shiny|100/100
|-enditem|p2a: Spirit Rush|Grassy Seed
|-boost|p2a: Spirit Rush|def|1|[from] item: Grassy Seed
|move|p1a: Skarmory|Body Press|p2a: Spirit Rush
|-immune|p2a: Spirit Rush
|
|-weather|Sandstorm|[upkeep]
|upkeep
|turn|12
|
|t:|1779889566
|move|p2a: Spirit Rush|Nasty Plot|p2a: Spirit Rush
|-boost|p2a: Spirit Rush|spa|2
|move|p1a: Skarmory|Drill Run|p2a: Spirit Rush
|-supereffective|p2a: Spirit Rush
|-damage|p2a: Spirit Rush|81/100
|
|-weather|none
|-heal|p2a: Spirit Rush|88/100|[from] Grassy Terrain
|-fieldend|move: Grassy Terrain
|upkeep
|turn|13
|
|t:|1779889571
|move|p2a: Spirit Rush|Nasty Plot|p2a: Spirit Rush
|-boost|p2a: Spirit Rush|spa|2
|move|p1a: Skarmory|Drill Run|p2a: Spirit Rush
|-supereffective|p2a: Spirit Rush
|-damage|p2a: Spirit Rush|69/100
|
|upkeep
|turn|14
|
|t:|1779889579
|move|p2a: Spirit Rush|Recover|p2a: Spirit Rush
|-heal|p2a: Spirit Rush|100/100
|move|p1a: Skarmory|Drill Run|p2a: Spirit Rush|[miss]
|-miss|p1a: Skarmory|p2a: Spirit Rush
|
|upkeep
|turn|15
|
|t:|1779889582
|move|p2a: Spirit Rush|Shadow Ball|p1a: Skarmory
|-damage|p1a: Skarmory|0 fnt
|faint|p1a: Skarmory
|
|upkeep
|
|t:|1779889589
|switch|p1a: Tyranitar|Tyranitar, M, shiny|87/100
|-weather|Sandstorm|[from] ability: Sand Stream|[of] p1a: Tyranitar
|turn|16
|
|t:|1779889594
|move|p1a: Tyranitar|Knock Off|p2a: Spirit Rush
|-supereffective|p2a: Spirit Rush
|-damage|p2a: Spirit Rush|43/100
|-damage|p1a: Tyranitar|77/100|[from] item: Life Orb
|move|p2a: Spirit Rush|Make It Rain|p1a: Tyranitar
|-supereffective|p1a: Tyranitar
|-damage|p1a: Tyranitar|0 fnt
|-unboost|p2a: Spirit Rush|spa|1
|faint|p1a: Tyranitar
|
|-weather|Sandstorm|[upkeep]
|upkeep
|
|t:|1779889599
|switch|p1a: Moltres|Moltres-Galar, shiny|100/100
|turn|17
|
|t:|1779889602
|move|p1a: Moltres|Fiery Wrath|p2a: Spirit Rush
|-supereffective|p2a: Spirit Rush
|-damage|p2a: Spirit Rush|0 fnt
|faint|p2a: Spirit Rush
|
|-weather|Sandstorm|[upkeep]
|-damage|p1a: Moltres|94/100|[from] Sandstorm
|upkeep
|
|t:|1779889607
|switch|p2a: Celestine|Primarina, M, shiny|35/100
|turn|18
|
|t:|1779889624
|move|p1a: Moltres|Air Slash|p2a: Celestine
|-damage|p2a: Celestine|16/100
|move|p2a: Celestine|Moonblast|p1a: Moltres
|-supereffective|p1a: Moltres
|-damage|p1a: Moltres|0 fnt
|faint|p1a: Moltres
|
|-weather|Sandstorm|[upkeep]
|-damage|p2a: Celestine|10/100|[from] Sandstorm
|upkeep
|
|t:|1779889626
|switch|p1a: Deoxys|Deoxys-Speed|100/100
|-ability|p1a: Deoxys|Pressure
|turn|19
|
|t:|1779889630
|move|p1a: Deoxys|Thunder Wave|p2a: Celestine
|-status|p2a: Celestine|par
|move|p2a: Celestine|Moonblast|p1a: Deoxys
|-damage|p1a: Deoxys|22/100
|
|-weather|Sandstorm|[upkeep]
|-damage|p1a: Deoxys|16/100|[from] Sandstorm
|-damage|p2a: Celestine|4/100 par|[from] Sandstorm
|upkeep
|turn|20
|
|t:|1779889635
|move|p1a: Deoxys|Ice Beam|p2a: Celestine
|-resisted|p2a: Celestine
|-damage|p2a: Celestine|0 fnt
|faint|p2a: Celestine
|
|-weather|none
|upkeep
|
|t:|1779889638
|switch|p2a: Kong|Rillaboom, M, shiny|56/100
|-fieldstart|move: Grassy Terrain|[from] ability: Grassy Surge|[of] p2a: Kong
|turn|21
|
|t:|1779889657
|move|p2a: Kong|Grassy Glide|p1a: Deoxys
|-damage|p1a: Deoxys|0 fnt
|faint|p1a: Deoxys
|-damage|p2a: Kong|46/100|[from] item: Life Orb
|
|win|goodnightnite
|raw|Kaltaris83's rating: 1581 &rarr; <strong>1564</strong><br />(-17 for losing)
|raw|goodnightnite's rating: 1631 &rarr; <strong>1648</strong><br />(+17 for winning)
|l|☆Kaltaris83
|player|p1|
|l|☆goodnightnite
|player|p2|
