|j|☆we stall these
|j|☆Hufer32
|t:|1779887981
|gametype|singles
|player|p1|we stall these|169|1070
|player|p2|Hufer32|266|1071
|gen|9
|tier|[Gen 9] OU
|rated|
|rule|HP Percentage Mod: HP is shown in percentages
|rule|Endless Battle Clause: Forcing endless battles is banned
|rule|Species Clause: Limit one of each Pokémon
|rule|OHKO Clause: OHKO moves are banned
|rule|Evasion Items Clause: Evasion items are banned
|rule|Evasion Moves Clause: Evasion moves are banned
|rule|Evasion Abilities Clause: Evasion abilities are banned
|rule|Sleep Moves Clause: Sleep-inducing moves are banned
|clearpoke
|poke|p1|Clodsire, M|
|poke|p1|Toxapex, F|
|poke|p1|Corviknight, M|
|poke|p1|Dondozo, F|
|poke|p1|Clefable, M|
|poke|p1|Gliscor, M|
|poke|p2|Rotom-Mow|
|poke|p2|Kyurem|
|poke|p2|Corviknight, M|
|poke|p2|Toxapex, M|
|poke|p2|Ting-Lu|
|poke|p2|Arcanine-Hisui, F|
|teampreview
|inactive|Battle timer is ON: inactive players will automatically lose when time's up. (requested by we stall these)
|
|t:|1779888002
|teamsize|p1|6
|teamsize|p2|6
|start
|switch|p1a: love this for you|Clefable, M|100/100
|switch|p2a: Rotom|Rotom-Mow|100/100
|turn|1
|
|t:|1779888009
|move|p2a: Rotom|Trick|p1a: love this for you
|-activate|p2a: Rotom|move: Trick|[of] p1a: love this for you
|-item|p1a: love this for you|Choice Specs|[from] move: Trick
|-item|p2a: Rotom|Sticky Barb|[from] move: Trick
|move|p1a: love this for you|Stealth Rock|p2a: Rotom
|-sidestart|p2: Hufer32|move: Stealth Rock
|
|-damage|p2a: Rotom|88/100|[from] item: Sticky Barb
|upkeep
|turn|2
|c|☆we stall these|thx bruv
|
|t:|1779888026
|switch|p1a: did you calc that?|Clodsire, M|100/100
|move|p2a: Rotom|Trick|p1a: did you calc that?
|-activate|p2a: Rotom|move: Trick|[of] p1a: did you calc that?
|-item|p1a: did you calc that?|Sticky Barb|[from] move: Trick
|-item|p2a: Rotom|Heavy-Duty Boots|[from] move: Trick
|
|-damage|p1a: did you calc that?|88/100|[from] item: Sticky Barb
|upkeep
|turn|3
|
|t:|1779888038
|move|p2a: Rotom|Will-O-Wisp|p1a: did you calc that?
|-status|p1a: did you calc that?|brn
|move|p1a: did you calc that?|Poison Jab|p2a: Rotom
|-supereffective|p2a: Rotom
|-damage|p2a: Rotom|58/100
|-status|p2a: Rotom|psn
|
|-damage|p2a: Rotom|45/100 psn|[from] psn
|-damage|p1a: did you calc that?|82/100 brn|[from] brn
|-damage|p1a: did you calc that?|70/100 brn|[from] item: Sticky Barb
|upkeep
|turn|4
|
|t:|1779888049
|switch|p2a: Corviknight|Corviknight, M|100/100
|-ability|p2a: Corviknight|Pressure
|switch|p1a: love this for you|Clefable, M|100/100
|
|upkeep
|turn|5
|
|t:|1779888059
|switch|p2a: Ting-Lu|Ting-Lu|100/100
|-damage|p2a: Ting-Lu|94/100|[from] Stealth Rock
|-ability|p2a: Ting-Lu|Vessel of Ruin
|move|p1a: love this for you|Knock Off|p2a: Ting-Lu
|-resisted|p2a: Ting-Lu
|-damage|p2a: Ting-Lu|90/100
|-enditem|p2a: Ting-Lu|Leftovers|[from] move: Knock Off|[of] p1a: love this for you
|
|upkeep
|turn|6
|
|t:|1779888075
|switch|p1a: nothing new there|Gliscor, M|100/100
|move|p2a: Ting-Lu|Stealth Rock|p1a: nothing new there
|-sidestart|p1: we stall these|move: Stealth Rock
|
|-status|p1a: nothing new there|tox|[from] item: Toxic Orb
|upkeep
|turn|7
|
|t:|1779888082
|switch|p2a: Rotom|Rotom-Mow|45/100 psn
|move|p1a: nothing new there|Substitute|p1a: nothing new there
|-start|p1a: nothing new there|Substitute
|-damage|p1a: nothing new there|75/100 tox
|
|-heal|p1a: nothing new there|88/100 tox|[from] ability: Poison Heal
|-damage|p2a: Rotom|33/100 psn|[from] psn
|upkeep
|turn|8
|
|t:|1779888092
|switch|p2a: Ting-Lu|Ting-Lu|90/100
|-damage|p2a: Ting-Lu|84/100|[from] Stealth Rock
|-ability|p2a: Ting-Lu|Vessel of Ruin
|move|p1a: nothing new there|Knock Off|p2a: Ting-Lu
|-resisted|p2a: Ting-Lu
|-damage|p2a: Ting-Lu|80/100
|
|-heal|p1a: nothing new there|100/100 tox|[from] ability: Poison Heal
|upkeep
|turn|9
|
|t:|1779888103
|move|p1a: nothing new there|Toxic|p2a: Ting-Lu|[miss]
|-miss|p1a: nothing new there|p2a: Ting-Lu
|move|p2a: Ting-Lu|Spikes|p1a: nothing new there
|-sidestart|p1: we stall these|Spikes
|
|upkeep
|turn|10
|
|t:|1779888108
|switch|p2a: Corviknight|Corviknight, M|100/100
|-ability|p2a: Corviknight|Pressure
|move|p1a: nothing new there|Toxic|p2a: Corviknight
|-immune|p2a: Corviknight
|
|upkeep
|turn|11
|
|t:|1779888115
|switch|p2a: Ting-Lu|Ting-Lu|80/100
|-damage|p2a: Ting-Lu|74/100|[from] Stealth Rock
|-ability|p2a: Ting-Lu|Vessel of Ruin
|move|p1a: nothing new there|Knock Off|p2a: Ting-Lu
|-resisted|p2a: Ting-Lu
|-damage|p2a: Ting-Lu|70/100
|
|upkeep
|turn|12
|
|t:|1779888124
|move|p1a: nothing new there|Toxic|p2a: Ting-Lu
|-status|p2a: Ting-Lu|tox
|move|p2a: Ting-Lu|Whirlwind|p1a: nothing new there
|drag|p1a: love this for you|Clefable, M|100/100
|
|-damage|p2a: Ting-Lu|64/100 tox|[from] psn
|upkeep
|turn|13
|
|t:|1779888135
|switch|p2a: Toxapex|Toxapex, M|100/100
|-damage|p2a: Toxapex|88/100|[from] Stealth Rock
|move|p1a: love this for you|Moonblast|p2a: Toxapex
|-resisted|p2a: Toxapex
|-damage|p2a: Toxapex|68/100
|
|upkeep
|turn|14
|
|t:|1779888148
|switch|p1a: per my last turn|Corviknight, M|100/100
|-damage|p1a: per my last turn|88/100|[from] Stealth Rock
|-ability|p1a: per my last turn|Pressure
|switch|p2a: Kyurem|Kyurem|100/100
|-damage|p2a: Kyurem|76/100|[from] Stealth Rock
|-ability|p2a: Kyurem|Pressure
|
|-heal|p1a: per my last turn|94/100|[from] item: Leftovers
|upkeep
|turn|15
|
|t:|1779888160
|-terastallize|p2a: Kyurem|Ice
|move|p2a: Kyurem|Ice Beam|p1a: per my last turn
|-damage|p1a: per my last turn|53/100
|move|p1a: per my last turn|Defog|p2a: Kyurem
|-unboost|p2a: Kyurem|evasion|1
|-sideend|p2: Hufer32|Stealth Rock|[from] move: Defog|[of] p1a: per my last turn
|-sideend|p1: we stall these|Spikes|[from] move: Defog|[of] p1a: per my last turn
|-sideend|p1: we stall these|Stealth Rock|[from] move: Defog|[of] p1a: per my last turn
|
|-heal|p1a: per my last turn|59/100|[from] item: Leftovers
|upkeep
|turn|16
|
|t:|1779888186
|switch|p2a: Arcanine|Arcanine-Hisui, F|100/100
|move|p1a: per my last turn|Roost|p1a: per my last turn
|-heal|p1a: per my last turn|100/100
|-singleturn|p1a: per my last turn|move: Roost
|
|upkeep
|turn|17
|
|t:|1779888194
|switch|p1a: keep trying|Dondozo, F|100/100
|move|p2a: Arcanine|Head Smash|p1a: keep trying
|-damage|p1a: keep trying|55/100
|
|-heal|p1a: keep trying|61/100|[from] item: Leftovers
|upkeep
|turn|18
|
|t:|1779888207
|switch|p2a: Toxapex|Toxapex, M|100/100
|move|p1a: keep trying|Curse|p1a: keep trying
|-unboost|p1a: keep trying|spe|1
|-boost|p1a: keep trying|atk|1
|-boost|p1a: keep trying|def|1
|
|-heal|p1a: keep trying|67/100|[from] item: Leftovers
|upkeep
|turn|19
|
|t:|1779888215
|move|p2a: Toxapex|Toxic|p1a: keep trying
|-status|p1a: keep trying|tox
|move|p1a: keep trying|Curse|p1a: keep trying
|-unboost|p1a: keep trying|spe|1
|-boost|p1a: keep trying|atk|1
|-boost|p1a: keep trying|def|1
|
|-heal|p1a: keep trying|73/100 tox|[from] item: Leftovers
|-damage|p1a: keep trying|67/100 tox|[from] psn
|upkeep
|turn|20
|
|t:|1779888224
|move|p2a: Toxapex|Haze|p2a: Toxapex
|-clearallboost
|move|p1a: keep trying|Curse|p1a: keep trying
|-unboost|p1a: keep trying|spe|1
|-boost|p1a: keep trying|atk|1
|-boost|p1a: keep trying|def|1
|
|-heal|p1a: keep trying|73/100 tox|[from] item: Leftovers
|-damage|p1a: keep trying|61/100 tox|[from] psn
|upkeep
|turn|21
|
|t:|1779888233
|move|p2a: Toxapex|Haze|p2a: Toxapex
|-clearallboost
|move|p1a: keep trying|Sleep Talk||[still]
|-fail|p1a: keep trying
|
|-heal|p1a: keep trying|67/100 tox|[from] item: Leftovers
|-damage|p1a: keep trying|49/100 tox|[from] psn
|upkeep
|turn|22
|
|t:|1779888242
|switch|p2a: Kyurem|Kyurem, tera:Ice|76/100
|-ability|p2a: Kyurem|Pressure
|move|p1a: keep trying|Rest|p1a: keep trying
|-status|p1a: keep trying|slp|[from] move: Rest
|-heal|p1a: keep trying|100/100 slp|[silent]
|
|upkeep
|turn|23
|
|t:|1779888266
|switch|p1a: take your time|Toxapex, F|100/100
|move|p2a: Kyurem|Freeze-Dry|p1a: take your time
|-supereffective|p1a: take your time
|-damage|p1a: take your time|16/100
|
|-heal|p1a: take your time|23/100|[from] item: Leftovers
|upkeep
|turn|24
|
|t:|1779888274
|move|p1a: take your time|Baneful Bunker|p1a: take your time
|-singleturn|p1a: take your time|move: Protect
|move|p2a: Kyurem|Freeze-Dry|p1a: take your time
|-activate|p1a: take your time|move: Protect
|
|-heal|p1a: take your time|29/100|[from] item: Leftovers
|upkeep
|turn|25
|
|t:|1779888281
|switch|p1a: per my last turn|Corviknight, M|100/100
|-ability|p1a: per my last turn|Pressure
|move|p2a: Kyurem|Freeze-Dry|p1a: per my last turn
|-damage|p1a: per my last turn|69/100
|-status|p1a: per my last turn|frz
|
|-heal|p1a: per my last turn|76/100 frz|[from] item: Leftovers
|upkeep
|turn|26
|
|t:|1779888291
|switch|p2a: Arcanine|Arcanine-Hisui, F|100/100
|cant|p1a: per my last turn|frz
|
|-heal|p1a: per my last turn|82/100 frz|[from] item: Leftovers
|upkeep
|turn|27
|
|t:|1779888301
|switch|p1a: take your time|Toxapex, F|62/100
|move|p2a: Arcanine|Head Smash|p1a: take your time
|-damage|p1a: take your time|0 fnt
|faint|p1a: take your time
|
|upkeep
|
|t:|1779888312
|switch|p1a: nothing new there|Gliscor, M|100/100 tox
|turn|28
|
|t:|1779888326
|switch|p2a: Toxapex|Toxapex, M|100/100
|move|p1a: nothing new there|Toxic|p2a: Toxapex
|-immune|p2a: Toxapex
|
|upkeep
|turn|29
|
|t:|1779888332
|move|p1a: nothing new there|Substitute|p1a: nothing new there
|-start|p1a: nothing new there|Substitute
|-damage|p1a: nothing new there|75/100 tox
|move|p2a: Toxapex|Ice Beam|p1a: nothing new there
|-supereffective|p1a: nothing new there
|-end|p1a: nothing new there|Substitute
|
|-heal|p1a: nothing new there|88/100 tox|[from] ability: Poison Heal
|upkeep
|turn|30
|
|t:|1779888345
|move|p1a: nothing new there|Protect|p1a: nothing new there
|-singleturn|p1a: nothing new there|Protect
|move|p2a: Toxapex|Ice Beam|p1a: nothing new there
|-activate|p1a: nothing new there|move: Protect
|
|-heal|p1a: nothing new there|100/100 tox|[from] ability: Poison Heal
|upkeep
|turn|31
|
|t:|1779888355
|switch|p1a: per my last turn|Corviknight, M|82/100 frz
|-ability|p1a: per my last turn|Pressure
|move|p2a: Toxapex|Ice Beam|p1a: per my last turn
|-damage|p1a: per my last turn|73/100 frz
|
|-heal|p1a: per my last turn|79/100 frz|[from] item: Leftovers
|upkeep
|turn|32
|
|t:|1779888364
|switch|p2a: Arcanine|Arcanine-Hisui, F|100/100
|cant|p1a: per my last turn|frz
|
|-heal|p1a: per my last turn|85/100 frz|[from] item: Leftovers
|upkeep
|turn|33
|
|t:|1779888374
|switch|p1a: keep trying|Dondozo, F|100/100 slp
|move|p2a: Arcanine|Head Smash|p1a: keep trying
|-damage|p1a: keep trying|53/100 slp
|
|-heal|p1a: keep trying|60/100 slp|[from] item: Leftovers
|upkeep
|turn|34
|
|t:|1779888385
|switch|p2a: Kyurem|Kyurem, tera:Ice|76/100
|-ability|p2a: Kyurem|Pressure
|cant|p1a: keep trying|slp
|move|p1a: keep trying|Sleep Talk|p1a: keep trying
|move|p1a: keep trying|Curse|p1a: keep trying|[from] move: Sleep Talk
|-unboost|p1a: keep trying|spe|1
|-boost|p1a: keep trying|atk|1
|-boost|p1a: keep trying|def|1
|
|-heal|p1a: keep trying|66/100 slp|[from] item: Leftovers
|upkeep
|turn|35
|
|t:|1779888397
|switch|p1a: per my last turn|Corviknight, M|85/100 frz
|-ability|p1a: per my last turn|Pressure
|move|p2a: Kyurem|Freeze-Dry|p1a: per my last turn
|-damage|p1a: per my last turn|51/100 frz
|
|-heal|p1a: per my last turn|57/100 frz|[from] item: Leftovers
|upkeep
|turn|36
|
|t:|1779888405
|switch|p2a: Arcanine|Arcanine-Hisui, F|100/100
|cant|p1a: per my last turn|frz
|
|-heal|p1a: per my last turn|63/100 frz|[from] item: Leftovers
|upkeep
|turn|37
|
|t:|1779888426
|move|p2a: Arcanine|Flare Blitz|p1a: per my last turn
|-supereffective|p1a: per my last turn
|-damage|p1a: per my last turn|0 fnt
|faint|p1a: per my last turn
|
|upkeep
|
|t:|1779888431
|switch|p1a: love this for you|Clefable, M|100/100
|turn|38
|
|t:|1779888443
|switch|p2a: Ting-Lu|Ting-Lu|64/100 tox
|-ability|p2a: Ting-Lu|Vessel of Ruin
|move|p1a: love this for you|Knock Off|p2a: Ting-Lu
|-resisted|p2a: Ting-Lu
|-damage|p2a: Ting-Lu|61/100 tox
|
|-damage|p2a: Ting-Lu|55/100 tox|[from] psn
|upkeep
|turn|39
|
|t:|1779888453
|switch|p1a: nothing new there|Gliscor, M|100/100 tox
|move|p2a: Ting-Lu|Stealth Rock|p1a: nothing new there
|-sidestart|p1: we stall these|move: Stealth Rock
|
|-damage|p2a: Ting-Lu|43/100 tox|[from] psn
|upkeep
|turn|40
|
|t:|1779888461
|move|p1a: nothing new there|Substitute|p1a: nothing new there
|-start|p1a: nothing new there|Substitute
|-damage|p1a: nothing new there|75/100 tox
|move|p2a: Ting-Lu|Whirlwind|p1a: nothing new there
|drag|p1a: did you calc that?|Clodsire, M|70/100 brn
|-damage|p1a: did you calc that?|64/100 brn|[from] Stealth Rock
|
|-damage|p2a: Ting-Lu|24/100 tox|[from] psn
|-damage|p1a: did you calc that?|58/100 brn|[from] brn
|-damage|p1a: did you calc that?|45/100 brn|[from] item: Sticky Barb
|upkeep
|turn|41
|
|t:|1779888472
|move|p2a: Ting-Lu|Earthquake|p1a: did you calc that?
|-supereffective|p1a: did you calc that?
|-damage|p1a: did you calc that?|0 fnt
|faint|p1a: did you calc that?
|
|-damage|p2a: Ting-Lu|0 fnt|[from] psn
|faint|p2a: Ting-Lu
|upkeep
|-message|we stall these forfeited.
|
|win|Hufer32
|raw|we stall these's rating: 1070 &rarr; <strong>1050</strong><br />(-20 for losing)
|raw|Hufer32's rating: 1071 &rarr; <strong>1100</strong><br />(+29 for winning)
|l|☆we stall these
|player|p1|
