|j|☆jayyavelli
|j|☆zaluru
|t:|1779883945
|gametype|singles
|player|p1|jayyavelli|brock|1319
|player|p2|zaluru|266|1330
|gen|9
|tier|[Gen 9] OU
|rated|
|rule|HP Percentage Mod: HP is shown in percentages
|rule|Endless Battle Clause: Forcing endless battles is banned
|rule|Species Clause: Limit one of each Pokémon
|rule|OHKO Clause: OHKO moves are banned
|rule|Evasion Items Clause: Evasion items are banned
|rule|Evasion Moves Clause: Evasion moves are banned
|rule|Evasion Abilities Clause: Evasion abilities are banned
|rule|Sleep Moves Clause: Sleep-inducing moves are banned
|clearpoke
|poke|p1|Zoroark-Hisui, F|
|poke|p1|Slowking-Galar, M|
|poke|p1|Volcanion|
|poke|p1|Dragonite, M|
|poke|p1|Iron Valiant|
|poke|p1|Great Tusk|
|poke|p2|Zamazenta-*|
|poke|p2|Cinderace, F|
|poke|p2|Pecharunt|
|poke|p2|Galvantula, F|
|poke|p2|Gliscor, M|
|poke|p2|Weavile, F|
|teampreview
|inactive|Battle timer is ON: inactive players will automatically lose when time's up. (requested by jayyavelli)
|
|t:|1779883954
|teamsize|p1|6
|teamsize|p2|6
|start
|switch|p1a: Great Tusk|Great Tusk|100/100
|switch|p2a: Weavile|Weavile, F|100/100
|turn|1
|inactive|jayyavelli has 120 seconds left.
|
|t:|1779883990
|move|p2a: Weavile|Triple Axel|p1a: Great Tusk
|-damage|p1a: Great Tusk|79/100
|replace|p1a: Zoroark|Zoroark-Hisui, F, shiny
|-end|p1a: Zoroark|Illusion
|-damage|p1a: Zoroark|41/100
|-damage|p1a: Zoroark|0 fnt
|faint|p1a: Zoroark
|-hitcount|p1: Zoroark|3
|
|upkeep
|
|t:|1779884001
|switch|p1a: Iron Valiant|Iron Valiant, shiny|100/100
|-enditem|p1a: Iron Valiant|Booster Energy
|-activate|p1a: Iron Valiant|ability: Quark Drive|[fromitem]
|-start|p1a: Iron Valiant|quarkdrivespe
|turn|2
|
|t:|1779884006
|move|p2a: Weavile|Triple Axel|p1a: Iron Valiant
|-damage|p1a: Iron Valiant|89/100
|-damage|p1a: Iron Valiant|64/100
|-damage|p1a: Iron Valiant|31/100
|-hitcount|p1a: Iron Valiant|3
|move|p1a: Iron Valiant|Moonblast|p2a: Weavile
|-supereffective|p2a: Weavile
|-damage|p2a: Weavile|0 fnt
|faint|p2a: Weavile
|
|upkeep
|
|t:|1779884024
|switch|p2a: Pecharunt|Pecharunt|100/100
|turn|3
|
|t:|1779884035
|move|p1a: Iron Valiant|Thunderbolt|p2a: Pecharunt
|-damage|p2a: Pecharunt|71/100
|move|p2a: Pecharunt|Malignant Chain|p1a: Iron Valiant
|-supereffective|p1a: Iron Valiant
|-damage|p1a: Iron Valiant|0 fnt
|faint|p1a: Iron Valiant
|-end|p1a: Iron Valiant|Quark Drive|[silent]
|
|-heal|p2a: Pecharunt|77/100|[from] item: Leftovers
|upkeep
|
|t:|1779884043
|switch|p1a: Slowking|Slowking-Galar, M, shiny|100/100
|turn|4
|
|t:|1779884050
|move|p2a: Pecharunt|Parting Shot|p1a: Slowking
|-unboost|p1a: Slowking|atk|1
|-unboost|p1a: Slowking|spa|1
|
|t:|1779884054
|switch|p2a: Gliscor|Gliscor, M|100/100|[from] Parting Shot
|move|p1a: Slowking|Future Sight|p2a: Gliscor
|-start|p1a: Slowking|move: Future Sight
|
|-status|p2a: Gliscor|tox|[from] item: Toxic Orb
|upkeep
|turn|5
|
|t:|1779884064
|switch|p1a: Great Tusk|Great Tusk|100/100
|move|p2a: Gliscor|Knock Off|p1a: Great Tusk
|-resisted|p1a: Great Tusk
|-damage|p1a: Great Tusk|92/100
|-enditem|p1a: Great Tusk|Heavy-Duty Boots|[from] move: Knock Off|[of] p2a: Gliscor
|
|upkeep
|turn|6
|
|t:|1779884075
|move|p2a: Gliscor|Protect|p2a: Gliscor
|-singleturn|p2a: Gliscor|Protect
|move|p1a: Great Tusk|Knock Off|p2a: Gliscor
|-activate|p2a: Gliscor|move: Protect
|
|-end|p2a: Gliscor|move: Future Sight
|-damage|p2a: Gliscor|45/100 tox
|-heal|p2a: Gliscor|58/100 tox|[from] ability: Poison Heal
|upkeep
|turn|7
|
|t:|1779884086
|-end|p1a: Great Tusk|Protosynthesis|[silent]
|switch|p1a: Slowking|Slowking-Galar, M, shiny|100/100
|move|p2a: Gliscor|Crabhammer|p1a: Slowking|[miss]
|-miss|p2a: Gliscor|p1a: Slowking
|
|-heal|p2a: Gliscor|70/100 tox|[from] ability: Poison Heal
|upkeep
|turn|8
|
|t:|1779884095
|move|p2a: Gliscor|Knock Off|p1a: Slowking
|-supereffective|p1a: Slowking
|-damage|p1a: Slowking|45/100
|-enditem|p1a: Slowking|Assault Vest|[from] move: Knock Off|[of] p2a: Gliscor
|move|p1a: Slowking|Ice Beam|p2a: Gliscor
|-supereffective|p2a: Gliscor
|-damage|p2a: Gliscor|0 fnt
|faint|p2a: Gliscor
|
|upkeep
|
|t:|1779884105
|switch|p2a: Galvantula|Galvantula, F|100/100
|turn|9
|
|t:|1779884112
|switch|p1a: Great Tusk|Great Tusk|92/100
|move|p2a: Galvantula|Sticky Web|p1a: Great Tusk
|-sidestart|p1: jayyavelli|move: Sticky Web
|
|upkeep
|turn|10
|
|t:|1779884118
|move|p2a: Galvantula|Energy Ball|p1a: Great Tusk
|-supereffective|p1a: Great Tusk
|-damage|p1a: Great Tusk|49/100
|move|p1a: Great Tusk|Stealth Rock|p2a: Galvantula
|-sidestart|p2: zaluru|move: Stealth Rock
|
|upkeep
|turn|11
|
|t:|1779884124
|move|p2a: Galvantula|Energy Ball|p1a: Great Tusk
|-supereffective|p1a: Great Tusk
|-damage|p1a: Great Tusk|4/100
|move|p1a: Great Tusk|Rapid Spin|p2a: Galvantula
|-damage|p2a: Galvantula|72/100
|-boost|p1a: Great Tusk|spe|1
|-sideend|p1: jayyavelli|Sticky Web|[from] move: Rapid Spin|[of] p1a: Great Tusk
|
|upkeep
|turn|12
|
|t:|1779884134
|move|p2a: Galvantula|Bug Buzz|p1a: Great Tusk
|-resisted|p1a: Great Tusk
|-crit|p1a: Great Tusk
|-damage|p1a: Great Tusk|0 fnt
|faint|p1a: Great Tusk
|-end|p1a: Great Tusk|Protosynthesis|[silent]
|
|upkeep
|
|t:|1779884148
|switch|p1a: Slowking|Slowking-Galar, M, shiny|78/100
|turn|13
|
|t:|1779884153
|move|p2a: Galvantula|Thunder|p1a: Slowking
|-damage|p1a: Slowking|45/100
|move|p1a: Slowking|Sludge Bomb|p2a: Galvantula
|-damage|p2a: Galvantula|13/100
|
|upkeep
|turn|14
|
|t:|1779884159
|move|p2a: Galvantula|Thunder|p1a: Slowking
|-damage|p1a: Slowking|14/100
|-status|p1a: Slowking|par
|cant|p1a: Slowking|par
|
|upkeep
|turn|15
|
|t:|1779884170
|move|p2a: Galvantula|Thunder|p1a: Slowking
|-damage|p1a: Slowking|0 fnt
|faint|p1a: Slowking
|
|upkeep
|
|t:|1779884177
|switch|p1a: Volcanion|Volcanion|100/100
|turn|16
|
|t:|1779884189
|-terastallize|p1a: Volcanion|Ground
|move|p2a: Galvantula|Thunder|p1a: Volcanion
|-immune|p1a: Volcanion
|move|p1a: Volcanion|Earth Power|p2a: Galvantula
|-damage|p2a: Galvantula|0 fnt
|faint|p2a: Galvantula
|
|upkeep
|
|t:|1779884204
|switch|p2a: Cinderace|Cinderace, F|100/100
|turn|17
|
|t:|1779884207
|move|p2a: Cinderace|Court Change|p2a: Cinderace
|-start|p2a: Cinderace|typechange|Normal|[from] ability: Libero
|-swapsideconditions
|-activate|p2a: Cinderace|move: Court Change
|move|p1a: Volcanion|Earth Power|p2a: Cinderace
|-damage|p2a: Cinderace|0 fnt
|faint|p2a: Cinderace
|
|upkeep
|
|t:|1779884215
|switch|p2a: Zamazenta|Zamazenta|100/100
|-ability|p2a: Zamazenta|Dauntless Shield|boost
|-boost|p2a: Zamazenta|def|1
|turn|18
|
|t:|1779884224
|-terastallize|p2a: Zamazenta|Fighting
|move|p2a: Zamazenta|Body Press|p1a: Volcanion
|-damage|p1a: Volcanion|29/100
|move|p1a: Volcanion|Earth Power|p2a: Zamazenta
|-damage|p2a: Zamazenta|28/100
|
|-heal|p2a: Zamazenta|34/100|[from] item: Leftovers
|upkeep
|turn|19
|
|t:|1779884235
|move|p2a: Zamazenta|Body Press|p1a: Volcanion
|-damage|p1a: Volcanion|0 fnt
|faint|p1a: Volcanion
|
|-heal|p2a: Zamazenta|40/100|[from] item: Leftovers
|upkeep
|
|t:|1779884240
|switch|p1a: Dragonite|Dragonite, M|100/100
|-damage|p1a: Dragonite|75/100|[from] Stealth Rock
|turn|20
|
|t:|1779884245
|move|p2a: Zamazenta|Body Press|p1a: Dragonite
|-resisted|p1a: Dragonite
|-crit|p1a: Dragonite
|-damage|p1a: Dragonite|21/100
|move|p1a: Dragonite|Outrage|p2a: Zamazenta
|-damage|p2a: Zamazenta|0 fnt
|faint|p2a: Zamazenta
|
|upkeep
|
|t:|1779884253
|switch|p2a: Pecharunt|Pecharunt|77/100
|turn|21
|
|t:|1779884255
|move|p1a: Dragonite|Outrage|p2a: Pecharunt|[from] lockedmove
|-damage|p2a: Pecharunt|19/100
|move|p2a: Pecharunt|Malignant Chain|p1a: Dragonite
|-damage|p1a: Dragonite|0 fnt
|faint|p1a: Dragonite
|
|win|zaluru
|raw|jayyavelli's rating: 1319 &rarr; <strong>1300</strong><br />(-19 for losing)
|raw|zaluru's rating: 1330 &rarr; <strong>1349</strong><br />(+19 for winning)
|l|☆zaluru
|player|p2|
|l|☆jayyavelli
|player|p1|
