|j|☆spanish harlem mon
|j|☆berty4ever
|t:|1779915680
|gametype|singles
|player|p1|spanish harlem mon|pokemaniac|1108
|player|p2|berty4ever|pokemaniac|1144
|gen|9
|tier|[Gen 9] OU
|rated|
|rule|HP Percentage Mod: HP is shown in percentages
|rule|Endless Battle Clause: Forcing endless battles is banned
|rule|Species Clause: Limit one of each Pokémon
|rule|OHKO Clause: OHKO moves are banned
|rule|Evasion Items Clause: Evasion items are banned
|rule|Evasion Moves Clause: Evasion moves are banned
|rule|Evasion Abilities Clause: Evasion abilities are banned
|rule|Sleep Moves Clause: Sleep-inducing moves are banned
|clearpoke
|poke|p1|Umbreon, M|
|poke|p1|Mandibuzz, F|
|poke|p1|Clodsire, F|
|poke|p1|Hatterene, F|
|poke|p1|Slowking, M|
|poke|p1|Crocalor, M|
|poke|p2|Torkoal, M|
|poke|p2|Walking Wake|
|poke|p2|Landorus-Therian, M|
|poke|p2|Iron Hands|
|poke|p2|Polteageist|
|poke|p2|Grimmsnarl, M|
|teampreview
|inactive|Battle timer is ON: inactive players will automatically lose when time's up. (requested by spanish harlem mon)
|
|t:|1779915687
|teamsize|p1|6
|teamsize|p2|6
|start
|switch|p1a: Checktung|Slowking, M|100/100
|switch|p2a: Polteageist|Polteageist|100/100
|turn|1
|
|t:|1779915694
|move|p2a: Polteageist|Shell Smash|p2a: Polteageist
|-unboost|p2a: Polteageist|def|1
|-unboost|p2a: Polteageist|spd|1
|-boost|p2a: Polteageist|atk|2
|-boost|p2a: Polteageist|spa|2
|-boost|p2a: Polteageist|spe|2
|move|p1a: Checktung|Scald|p2a: Polteageist
|-damage|p2a: Polteageist|23/100
|
|upkeep
|turn|2
|
|t:|1779915707
|-terastallize|p1a: Checktung|Dragon
|move|p2a: Polteageist|Shadow Ball|p1a: Checktung
|-damage|p1a: Checktung|28/100
|-unboost|p1a: Checktung|spd|1
|move|p1a: Checktung|Scald|p2a: Polteageist
|-damage|p2a: Polteageist|0 fnt
|faint|p2a: Polteageist
|
|upkeep
|
|t:|1779915717
|switch|p2a: Torkoal|Torkoal, M|100/100
|-weather|SunnyDay|[from] ability: Drought|[of] p2a: Torkoal
|turn|3
|
|t:|1779915722
|switch|p1a: Check|Hatterene, F|100/100
|move|p2a: Torkoal|Lava Plume|p1a: Check
|-damage|p1a: Check|64/100
|
|-weather|SunnyDay|[upkeep]
|-heal|p1a: Check|70/100|[from] item: Leftovers
|upkeep
|turn|4
|
|t:|1779915729
|switch|p1a: Checktung|Slowking, M, tera:Dragon|61/100
|move|p2a: Torkoal|Lava Plume|p1a: Checktung
|-resisted|p1a: Checktung
|-damage|p1a: Checktung|47/100
|-status|p1a: Checktung|brn
|
|-weather|SunnyDay|[upkeep]
|-damage|p1a: Checktung|40/100 brn|[from] brn
|upkeep
|turn|5
|
|t:|1779915737
|-prepare|p1a: Checktung|Chilly Reception|[premajor]
|move|p1a: Checktung|Chilly Reception|p1a: Checktung
|-weather|Snowscape
|
|t:|1779915741
|switch|p1a: Checkelung|Clodsire, F|100/100|[from] Chilly Reception
|move|p2a: Torkoal|Stealth Rock|p1a: Checkelung
|-sidestart|p1: spanish harlem mon|move: Stealth Rock
|
|-weather|Snowscape|[upkeep]
|upkeep
|turn|6
|
|t:|1779915748
|move|p1a: Checkelung|Stealth Rock|p2a: Torkoal
|-sidestart|p2: berty4ever|move: Stealth Rock
|move|p2a: Torkoal|Will-O-Wisp|p1a: Checkelung
|-status|p1a: Checkelung|brn
|
|-weather|Snowscape|[upkeep]
|-damage|p1a: Checkelung|94/100 brn|[from] brn
|upkeep
|turn|7
|
|t:|1779915761
|switch|p1a: Checking|Mandibuzz, F|100/100
|switch|p2a: Iron Hands|Iron Hands|100/100
|-damage|p2a: Iron Hands|94/100|[from] Stealth Rock
|-enditem|p2a: Iron Hands|Booster Energy
|-activate|p2a: Iron Hands|ability: Quark Drive|[fromitem]
|-start|p2a: Iron Hands|quarkdriveatk
|
|-weather|Snowscape|[upkeep]
|upkeep
|turn|8
|
|t:|1779915769
|move|p1a: Checking|Toxic|p2a: Iron Hands
|-status|p2a: Iron Hands|tox
|move|p2a: Iron Hands|Swords Dance|p2a: Iron Hands
|-boost|p2a: Iron Hands|atk|2
|
|-weather|Snowscape|[upkeep]
|-damage|p2a: Iron Hands|88/100 tox|[from] psn
|upkeep
|turn|9
|
|t:|1779915779
|move|p1a: Checking|Defog|p2a: Iron Hands
|-unboost|p2a: Iron Hands|evasion|1
|-sideend|p2: berty4ever|Stealth Rock|[from] move: Defog|[of] p1a: Checking
|-sideend|p1: spanish harlem mon|Stealth Rock|[from] move: Defog|[of] p1a: Checking
|move|p2a: Iron Hands|Thunder Punch|p1a: Checking
|-supereffective|p1a: Checking
|-damage|p1a: Checking|0 fnt
|faint|p1a: Checking
|
|-weather|none
|-damage|p2a: Iron Hands|76/100 tox|[from] psn
|upkeep
|
|t:|1779915782
|switch|p1a: Crocalor|Crocalor, M|100/100
|turn|10
|
|t:|1779915791
|move|p2a: Iron Hands|Drain Punch|p1a: Crocalor
|-damage|p1a: Crocalor|70/100
|-heal|p2a: Iron Hands|88/100 tox|[from] drain|[of] p1a: Crocalor
|move|p1a: Crocalor|Fire Spin|p2a: Iron Hands
|-damage|p2a: Iron Hands|78/100 tox
|-activate|p2a: Iron Hands|move: Fire Spin|[of] p1a: Crocalor
|
|-damage|p2a: Iron Hands|60/100 tox|[from] psn
|-damage|p2a: Iron Hands|47/100 tox|[from] move: Fire Spin|[partiallytrapped]
|upkeep
|turn|11
|
|t:|1779915801
|move|p2a: Iron Hands|Thunder Punch|p1a: Crocalor
|-crit|p1a: Crocalor
|-damage|p1a: Crocalor|21/100
|move|p1a: Crocalor|Slack Off|p1a: Crocalor
|-heal|p1a: Crocalor|71/100
|
|-damage|p2a: Iron Hands|22/100 tox|[from] psn
|-damage|p2a: Iron Hands|10/100 tox|[from] move: Fire Spin|[partiallytrapped]
|upkeep
|turn|12
|
|t:|1779915808
|move|p2a: Iron Hands|Thunder Punch|p1a: Crocalor
|-damage|p1a: Crocalor|42/100
|move|p1a: Crocalor|Slack Off|p1a: Crocalor
|-heal|p1a: Crocalor|93/100
|
|-damage|p2a: Iron Hands|0 fnt|[from] psn
|faint|p2a: Iron Hands
|-end|p2a: Iron Hands|Quark Drive|[silent]
|upkeep
|
|t:|1779915816
|switch|p2a: Grimmsnarl|Grimmsnarl, M, shiny|100/100
|turn|13
|
|t:|1779915821
|switch|p1a: Checker|Umbreon, M|100/100
|move|p2a: Grimmsnarl|Light Screen|p2a: Grimmsnarl
|-sidestart|p2: berty4ever|move: Light Screen
|
|upkeep
|turn|14
|
|t:|1779915829
|move|p1a: Checker|Toxic|p2a: Grimmsnarl|[miss]
|-miss|p1a: Checker|p2a: Grimmsnarl
|move|p2a: Grimmsnarl|Spirit Break|p1a: Checker
|-supereffective|p1a: Checker
|-damage|p1a: Checker|51/100
|-unboost|p1a: Checker|spa|1
|
|-heal|p1a: Checker|57/100|[from] item: Leftovers
|upkeep
|turn|15
|
|t:|1779915837
|move|p2a: Grimmsnarl|Reflect|p2a: Grimmsnarl
|-sidestart|p2: berty4ever|Reflect
|move|p1a: Checker|Toxic|p2a: Grimmsnarl
|-status|p2a: Grimmsnarl|tox
|
|-heal|p1a: Checker|63/100|[from] item: Leftovers
|-damage|p2a: Grimmsnarl|94/100 tox|[from] psn
|upkeep
|turn|16
|
|t:|1779915845
|switch|p2a: Torkoal|Torkoal, M|100/100
|-weather|SunnyDay|[from] ability: Drought|[of] p2a: Torkoal
|move|p1a: Checker|Protect||[still]
|-fail|p1a: Checker
|
|-weather|SunnyDay|[upkeep]
|-heal|p1a: Checker|69/100|[from] item: Leftovers
|upkeep
|turn|17
|
|t:|1779915852
|move|p1a: Checker|Toxic|p2a: Torkoal
|-status|p2a: Torkoal|tox
|move|p2a: Torkoal|Stealth Rock|p1a: Checker
|-sidestart|p1: spanish harlem mon|move: Stealth Rock
|
|-weather|SunnyDay|[upkeep]
|-heal|p1a: Checker|76/100|[from] item: Leftovers
|-damage|p2a: Torkoal|94/100 tox|[from] psn
|upkeep
|turn|18
|
|t:|1779915859
|move|p1a: Checker|Wish|p1a: Checker
|move|p2a: Torkoal|Lava Plume||[still]
|-damage|p1a: Checker|56/100
|-status|p1a: Checker|brn
|-activate|p1a: Checker|ability: Synchronize
|-fail|p1a: Checker
|
|-weather|SunnyDay|[upkeep]
|-heal|p1a: Checker|63/100 brn|[from] item: Leftovers
|-damage|p2a: Torkoal|82/100 tox|[from] psn
|-damage|p1a: Checker|56/100 brn|[from] brn
|upkeep
|turn|19
|
|t:|1779915873
|switch|p2a: Walking Wake|Walking Wake|100/100
|-activate|p2a: Walking Wake|ability: Protosynthesis
|-start|p2a: Walking Wake|protosynthesisspa
|move|p1a: Checker|Toxic|p2a: Walking Wake
|-status|p2a: Walking Wake|tox
|
|-weather|SunnyDay|[upkeep]
|-heal|p1a: Checker|100/100 brn|[from] move: Wish|[wisher] Checker
|-damage|p2a: Walking Wake|94/100 tox|[from] psn
|-damage|p1a: Checker|94/100 brn|[from] brn
|upkeep
|turn|20
|
|t:|1779915889
|-end|p2a: Walking Wake|Protosynthesis|[silent]
|switch|p2a: Grimmsnarl|Grimmsnarl, M, shiny|94/100 tox
|move|p1a: Checker|Protect||[still]
|-fail|p1a: Checker
|
|-weather|SunnyDay|[upkeep]
|-heal|p1a: Checker|100/100 brn|[from] item: Leftovers
|-damage|p2a: Grimmsnarl|88/100 tox|[from] psn
|-damage|p1a: Checker|94/100 brn|[from] brn
|-sideend|p2: berty4ever|move: Light Screen
|upkeep
|turn|21
|
|t:|1779915900
|move|p1a: Checker|Protect|p1a: Checker
|-singleturn|p1a: Checker|Protect
|move|p2a: Grimmsnarl|Light Screen|p2a: Grimmsnarl
|-sidestart|p2: berty4ever|move: Light Screen
|
|-weather|SunnyDay|[upkeep]
|-heal|p1a: Checker|100/100 brn|[from] item: Leftovers
|-damage|p2a: Grimmsnarl|76/100 tox|[from] psn
|-damage|p1a: Checker|94/100 brn|[from] brn
|upkeep
|turn|22
|
|t:|1779915909
|switch|p2a: Walking Wake|Walking Wake|94/100 tox
|-activate|p2a: Walking Wake|ability: Protosynthesis
|-start|p2a: Walking Wake|protosynthesisspa
|move|p1a: Checker|Wish|p1a: Checker
|
|-weather|SunnyDay|[upkeep]
|-heal|p1a: Checker|100/100 brn|[from] item: Leftovers
|-damage|p2a: Walking Wake|88/100 tox|[from] psn
|-damage|p1a: Checker|94/100 brn|[from] brn
|-sideend|p2: berty4ever|Reflect
|upkeep
|turn|23
|
|t:|1779915918
|move|p1a: Checker|Protect|p1a: Checker
|-singleturn|p1a: Checker|Protect
|move|p2a: Walking Wake|Hydro Steam|p1a: Checker
|-activate|p1a: Checker|move: Protect
|
|-weather|none
|-end|p2a: Walking Wake|Protosynthesis
|-heal|p1a: Checker|100/100 brn|[from] move: Wish|[wisher] Checker
|-damage|p2a: Walking Wake|76/100 tox|[from] psn
|-damage|p1a: Checker|94/100 brn|[from] brn
|upkeep
|turn|24
|
|t:|1779915930
|-end|p2a: Walking Wake|Protosynthesis|[silent]
|switch|p2a: Torkoal|Torkoal, M|82/100 tox
|-weather|SunnyDay|[from] ability: Drought|[of] p2a: Torkoal
|switch|p1a: Checkelung|Clodsire, F|94/100 brn
|-damage|p1a: Checkelung|88/100 brn|[from] Stealth Rock
|
|-weather|SunnyDay|[upkeep]
|-heal|p1a: Checkelung|94/100 brn|[from] item: Leftovers
|-damage|p2a: Torkoal|76/100 tox|[from] psn
|-damage|p1a: Checkelung|88/100 brn|[from] brn
|upkeep
|turn|25
|
|t:|1779915943
|switch|p2a: Walking Wake|Walking Wake|76/100 tox
|-activate|p2a: Walking Wake|ability: Protosynthesis
|-start|p2a: Walking Wake|protosynthesisspa
|move|p1a: Checkelung|Stealth Rock|p2a: Walking Wake
|-sidestart|p2: berty4ever|move: Stealth Rock
|
|-weather|SunnyDay|[upkeep]
|-heal|p1a: Checkelung|94/100 brn|[from] item: Leftovers
|-damage|p2a: Walking Wake|70/100 tox|[from] psn
|-damage|p1a: Checkelung|88/100 brn|[from] brn
|upkeep
|turn|26
|
|t:|1779915952
|move|p2a: Walking Wake|Hydro Steam|p1a: Checkelung
|-heal|p1a: Checkelung|100/100 brn|[from] ability: Water Absorb|[of] p2a: Walking Wake
|move|p1a: Checkelung|Earthquake|p2a: Walking Wake
|-damage|p2a: Walking Wake|48/100 tox
|
|-weather|SunnyDay|[upkeep]
|-damage|p2a: Walking Wake|36/100 tox|[from] psn
|-damage|p1a: Checkelung|94/100 brn|[from] brn
|upkeep
|turn|27
|-message|berty4ever forfeited.
|
|win|spanish harlem mon
|raw|spanish harlem mon's rating: 1108 &rarr; <strong>1136</strong><br />(+28 for winning)
|raw|berty4ever's rating: 1144 &rarr; <strong>1116</strong><br />(-28 for losing)
|l|☆berty4ever
|player|p2|
|l|☆spanish harlem mon
|player|p1|
