|j|☆Danielesqueda17
|j|☆TrentMercer
|t:|1779945620
|gametype|singles
|player|p1|Danielesqueda17|bellelba|1559
|player|p2|TrentMercer|boarder|1575
|gen|9
|tier|[Gen 9] OU
|rated|
|rule|HP Percentage Mod: HP is shown in percentages
|rule|Endless Battle Clause: Forcing endless battles is banned
|rule|Species Clause: Limit one of each Pokémon
|rule|OHKO Clause: OHKO moves are banned
|rule|Evasion Items Clause: Evasion items are banned
|rule|Evasion Moves Clause: Evasion moves are banned
|rule|Evasion Abilities Clause: Evasion abilities are banned
|rule|Sleep Moves Clause: Sleep-inducing moves are banned
|clearpoke
|poke|p1|Araquanid, M|
|poke|p1|Mamoswine, M|
|poke|p1|Iron Valiant|
|poke|p1|Enamorus, F|
|poke|p1|Dragapult, F|
|poke|p1|Gholdengo|
|poke|p2|Slowking-Galar, F|
|poke|p2|Corviknight, F|
|poke|p2|Landorus-Therian, M|
|poke|p2|Darkrai|
|poke|p2|Ogerpon-Wellspring, F|
|poke|p2|Zamazenta-*|
|teampreview
|inactive|Battle timer is ON: inactive players will automatically lose when time's up. (requested by Danielesqueda17)
|
|t:|1779945627
|teamsize|p1|6
|teamsize|p2|6
|start
|switch|p1a: Araquanid|Araquanid, M|100/100
|switch|p2a: Corviknight|Corviknight, F, shiny|100/100
|-ability|p2a: Corviknight|Pressure
|turn|1
|
|t:|1779945632
|move|p2a: Corviknight|Brave Bird|p1a: Araquanid
|-supereffective|p1a: Araquanid
|-damage|p1a: Araquanid|43/100
|-damage|p2a: Corviknight|84/100|[from] Recoil
|move|p1a: Araquanid|Sticky Web|p2a: Corviknight
|-sidestart|p2: TrentMercer|move: Sticky Web
|
|upkeep
|turn|2
|
|t:|1779945643
|switch|p1a: Gholdengo|Gholdengo|100/100
|-item|p1a: Gholdengo|Air Balloon
|move|p2a: Corviknight|Brave Bird|p1a: Gholdengo
|-resisted|p1a: Gholdengo
|-damage|p1a: Gholdengo|78/100
|-enditem|p1a: Gholdengo|Air Balloon
|-damage|p2a: Corviknight|79/100|[from] Recoil
|
|upkeep
|turn|3
|
|t:|1779945651
|move|p1a: Gholdengo|Shadow Ball|p2a: Corviknight
|-damage|p2a: Corviknight|33/100
|-unboost|p2a: Corviknight|spd|1
|move|p2a: Corviknight|U-turn|p1a: Gholdengo
|-resisted|p1a: Gholdengo
|-damage|p1a: Gholdengo|74/100
|
|t:|1779945658
|switch|p2a: Landorus|Landorus-Therian, M|100/100|[from] U-turn
|-ability|p2a: Landorus|Intimidate|boost
|-unboost|p1a: Gholdengo|atk|1
|
|upkeep
|turn|4
|
|t:|1779945663
|switch|p1a: Araquanid|Araquanid, M|43/100
|move|p2a: Landorus|Stealth Rock|p1a: Araquanid
|-sidestart|p1: Danielesqueda17|move: Stealth Rock
|
|upkeep
|turn|5
|
|t:|1779945668
|move|p2a: Landorus|U-turn|p1a: Araquanid
|-damage|p1a: Araquanid|25/100
|
|t:|1779945670
|switch|p2a: Corviknight|Corviknight, F, shiny|33/100|[from] U-turn
|-ability|p2a: Corviknight|Pressure
|move|p1a: Araquanid|Liquidation|p2a: Corviknight
|-damage|p2a: Corviknight|6/100
|-damage|p1a: Araquanid|9/100|[from] item: Rocky Helmet|[of] p2a: Corviknight
|
|upkeep
|turn|6
|-enditem|p1a: Araquanid|Custap Berry|[eat]
|-activate|p1a: Araquanid|item: Custap Berry|[consumed]
|
|t:|1779945677
|move|p1a: Araquanid|Liquidation|p2a: Corviknight
|-damage|p2a: Corviknight|0 fnt
|-damage|p1a: Araquanid|0 fnt|[from] item: Rocky Helmet|[of] p2a: Corviknight
|faint|p2a: Corviknight
|faint|p1a: Araquanid
|
|upkeep
|
|t:|1779945683
|switch|p2a: Landorus|Landorus-Therian, M|100/100
|switch|p1a: Dragapult|Dragapult, F|100/100
|-damage|p1a: Dragapult|88/100|[from] Stealth Rock
|-ability|p2a: Landorus|Intimidate|boost
|-fail|p1a: Dragapult|unboost|[from] ability: Clear Body|[of] p1a: Dragapult
|turn|7
|
|t:|1779945694
|-terastallize|p1a: Dragapult|Ghost
|move|p1a: Dragapult|Shadow Ball|p2a: Landorus
|-damage|p2a: Landorus|11/100
|move|p2a: Landorus|Earthquake|p1a: Dragapult
|-damage|p1a: Dragapult|18/100
|
|upkeep
|turn|8
|
|t:|1779945705
|switch|p2a: Darkrai|Darkrai|100/100
|-activate|p2a: Darkrai|move: Sticky Web
|-unboost|p2a: Darkrai|spe|1
|move|p1a: Dragapult|Shadow Ball|p2a: Darkrai
|-resisted|p2a: Darkrai
|-damage|p2a: Darkrai|52/100
|
|upkeep
|turn|9
|
|t:|1779945709
|switch|p1a: Gholdengo|Gholdengo|74/100
|-damage|p1a: Gholdengo|68/100|[from] Stealth Rock
|switch|p2a: Slowking|Slowking-Galar, F, shiny|100/100
|-activate|p2a: Slowking|move: Sticky Web
|-unboost|p2a: Slowking|spe|1
|
|upkeep
|turn|10
|
|t:|1779945713
|move|p1a: Gholdengo|Shadow Ball|p2a: Slowking
|-supereffective|p2a: Slowking
|-damage|p2a: Slowking|52/100
|move|p2a: Slowking|Flamethrower|p1a: Gholdengo
|-supereffective|p1a: Gholdengo
|-damage|p1a: Gholdengo|4/100
|
|upkeep
|turn|11
|
|t:|1779945721
|move|p1a: Gholdengo|Shadow Ball|p2a: Slowking
|-supereffective|p2a: Slowking
|-damage|p2a: Slowking|9/100
|move|p2a: Slowking|Flamethrower|p1a: Gholdengo
|-supereffective|p1a: Gholdengo
|-damage|p1a: Gholdengo|0 fnt
|faint|p1a: Gholdengo
|
|upkeep
|
|t:|1779945729
|switch|p1a: Enamorus|Enamorus, F|100/100
|-damage|p1a: Enamorus|76/100|[from] Stealth Rock
|turn|12
|
|t:|1779945740
|switch|p2a: Landorus|Landorus-Therian, M|11/100
|-ability|p2a: Landorus|Intimidate|boost
|-unboost|p1a: Enamorus|atk|1
|move|p1a: Enamorus|Moonblast|p2a: Landorus
|-damage|p2a: Landorus|0 fnt
|faint|p2a: Landorus
|
|upkeep
|
|t:|1779945747
|switch|p2a: Slowking|Slowking-Galar, F, shiny|42/100
|-activate|p2a: Slowking|move: Sticky Web
|-unboost|p2a: Slowking|spe|1
|turn|13
|
|t:|1779945760
|switch|p1a: Mamoswine|Mamoswine, M|100/100
|-damage|p1a: Mamoswine|88/100|[from] Stealth Rock
|move|p2a: Slowking|Sludge Bomb|p1a: Mamoswine
|-resisted|p1a: Mamoswine
|-damage|p1a: Mamoswine|58/100
|
|upkeep
|turn|14
|
|t:|1779945778
|switch|p2a: Zamazenta|Zamazenta|100/100
|-activate|p2a: Zamazenta|move: Sticky Web
|-unboost|p2a: Zamazenta|spe|1
|-ability|p2a: Zamazenta|Dauntless Shield|boost
|-boost|p2a: Zamazenta|def|1
|move|p1a: Mamoswine|Icicle Crash|p2a: Zamazenta
|-damage|p2a: Zamazenta|69/100
|-damage|p1a: Mamoswine|48/100|[from] item: Life Orb
|
|-heal|p2a: Zamazenta|75/100|[from] item: Leftovers
|upkeep
|turn|15
|inactive|TrentMercer has 120 seconds left.
|j| samurajen
|
|t:|1779945813
|move|p1a: Mamoswine|Earthquake|p2a: Zamazenta
|-damage|p2a: Zamazenta|40/100
|-damage|p1a: Mamoswine|38/100|[from] item: Life Orb
|move|p2a: Zamazenta|Crunch|p1a: Mamoswine
|-damage|p1a: Mamoswine|14/100
|
|-heal|p2a: Zamazenta|46/100|[from] item: Leftovers
|upkeep
|turn|16
|
|t:|1779945820
|move|p2a: Zamazenta|Crunch|p1a: Mamoswine
|-damage|p1a: Mamoswine|0 fnt
|faint|p1a: Mamoswine
|
|-heal|p2a: Zamazenta|52/100|[from] item: Leftovers
|upkeep
|
|t:|1779945823
|switch|p1a: Dragapult|Dragapult, F, tera:Ghost|18/100
|-damage|p1a: Dragapult|6/100|[from] Stealth Rock
|turn|17
|
|t:|1779945829
|move|p1a: Dragapult|Shadow Ball|p2a: Zamazenta
|-damage|p2a: Zamazenta|0 fnt
|faint|p2a: Zamazenta
|
|upkeep
|inactive|TrentMercer has 120 seconds left.
|
|t:|1779945840
|switch|p2a: Darkrai|Darkrai|52/100
|-activate|p2a: Darkrai|move: Sticky Web
|-unboost|p2a: Darkrai|spe|1
|turn|18
|
|t:|1779945844
|move|p1a: Dragapult|Shadow Ball|p2a: Darkrai
|-resisted|p2a: Darkrai
|-damage|p2a: Darkrai|4/100
|move|p2a: Darkrai|Sludge Bomb|p1a: Dragapult
|-resisted|p1a: Dragapult
|-damage|p1a: Dragapult|0 fnt
|faint|p1a: Dragapult
|
|upkeep
|
|t:|1779945858
|switch|p1a: Iron Valiant|Iron Valiant|100/100
|-damage|p1a: Iron Valiant|94/100|[from] Stealth Rock
|-enditem|p1a: Iron Valiant|Booster Energy
|-activate|p1a: Iron Valiant|ability: Quark Drive|[fromitem]
|-start|p1a: Iron Valiant|quarkdrivespa
|turn|19
|
|t:|1779945863
|move|p1a: Iron Valiant|Moonblast|p2a: Darkrai
|-supereffective|p2a: Darkrai
|-damage|p2a: Darkrai|0 fnt
|faint|p2a: Darkrai
|
|upkeep
|
|t:|1779945866
|switch|p2a: Slowking|Slowking-Galar, F, shiny|76/100
|-activate|p2a: Slowking|move: Sticky Web
|-unboost|p2a: Slowking|spe|1
|turn|20
|
|t:|1779945868
|move|p1a: Iron Valiant|Shadow Ball|p2a: Slowking
|-supereffective|p2a: Slowking
|-damage|p2a: Slowking|42/100
|move|p2a: Slowking|Sludge Bomb|p1a: Iron Valiant
|-supereffective|p1a: Iron Valiant
|-damage|p1a: Iron Valiant|0 fnt
|faint|p1a: Iron Valiant
|-end|p1a: Iron Valiant|Quark Drive|[silent]
|
|upkeep
|
|t:|1779945871
|switch|p1a: Enamorus|Enamorus, F|76/100
|-damage|p1a: Enamorus|51/100|[from] Stealth Rock
|turn|21
|
|t:|1779945878
|move|p1a: Enamorus|Moonblast|p2a: Slowking
|-resisted|p2a: Slowking
|-damage|p2a: Slowking|22/100
|-unboost|p2a: Slowking|spa|1
|move|p2a: Slowking|Sludge Bomb|p1a: Enamorus
|-supereffective|p1a: Enamorus
|-damage|p1a: Enamorus|0 fnt
|faint|p1a: Enamorus
|
|win|TrentMercer
|raw|Danielesqueda17's rating: 1559 &rarr; <strong>1540</strong><br />(-19 for losing)
|raw|TrentMercer's rating: 1575 &rarr; <strong>1594</strong><br />(+19 for winning)
|l|☆Danielesqueda17
|player|p1|
|l|☆TrentMercer
|player|p2|
