|j|☆ilikefries
|j|☆sisichen2
|t:|1779964422
|gametype|singles
|player|p1|ilikefries|2|1294
|player|p2|sisichen2|102|1296
|gen|9
|tier|[Gen 9] OU
|rated|
|rule|HP Percentage Mod: HP is shown in percentages
|rule|Endless Battle Clause: Forcing endless battles is banned
|rule|Species Clause: Limit one of each Pokémon
|rule|OHKO Clause: OHKO moves are banned
|rule|Evasion Items Clause: Evasion items are banned
|rule|Evasion Moves Clause: Evasion moves are banned
|rule|Evasion Abilities Clause: Evasion abilities are banned
|rule|Sleep Moves Clause: Sleep-inducing moves are banned
|clearpoke
|poke|p1|Hoopa|
|poke|p1|Cinderace, F|
|poke|p1|Mandibuzz, F|
|poke|p1|Kyurem|
|poke|p1|Ting-Lu|
|poke|p1|Manaphy|
|poke|p2|Great Tusk|
|poke|p2|Raging Bolt|
|poke|p2|Dragapult, F|
|poke|p2|Slowking-Galar, F|
|poke|p2|Kingambit, F|
|poke|p2|Ogerpon-Wellspring, F|
|teampreview
|inactive|Battle timer is ON: inactive players will automatically lose when time's up. (requested by sisichen2)
|
|t:|1779964439
|teamsize|p1|6
|teamsize|p2|6
|start
|switch|p1a: Ting-Lucifer|Ting-Lu|100/100
|switch|p2a: Great Tusk|Great Tusk|100/100
|-ability|p1a: Ting-Lucifer|Vessel of Ruin
|turn|1
|
|t:|1779964453
|move|p2a: Great Tusk|Rapid Spin|p1a: Ting-Lucifer
|-damage|p1a: Ting-Lucifer|90/100
|-boost|p2a: Great Tusk|spe|1
|move|p1a: Ting-Lucifer|Earthquake|p2a: Great Tusk
|-damage|p2a: Great Tusk|62/100
|
|upkeep
|turn|2
|
|t:|1779964462
|move|p2a: Great Tusk|Ice Spinner|p1a: Ting-Lucifer
|-supereffective|p1a: Ting-Lucifer
|-damage|p1a: Ting-Lucifer|57/100
|-enditem|p1a: Ting-Lucifer|Weakness Policy
|-boost|p1a: Ting-Lucifer|atk|2|[from] item: Weakness Policy
|-boost|p1a: Ting-Lucifer|spa|2|[from] item: Weakness Policy
|move|p1a: Ting-Lucifer|Earthquake|p2a: Great Tusk
|-damage|p2a: Great Tusk|0 fnt
|faint|p2a: Great Tusk
|-end|p2a: Great Tusk|Protosynthesis|[silent]
|
|upkeep
|
|t:|1779964476
|switch|p2a: Ogerpon|Ogerpon-Wellspring, F|100/100
|turn|3
|
|t:|1779964481
|switch|p1a: Mandibuzz|Mandibuzz, F, shiny|100/100
|-terastallize|p2a: Ogerpon|Water
|detailschange|p2a: Ogerpon|Ogerpon-Wellspring-Tera, F, tera:Water
|-ability|p2a: Ogerpon|Embody Aspect (Wellspring)|boost
|-boost|p2a: Ogerpon|spd|1
|move|p2a: Ogerpon|Ivy Cudgel|p1a: Mandibuzz|[anim] Ivy Cudgel Water
|-damage|p1a: Mandibuzz|54/100
|
|upkeep
|turn|4
|
|t:|1779964502
|move|p2a: Ogerpon|Ivy Cudgel|p1a: Mandibuzz|[anim] Ivy Cudgel Water
|-damage|p1a: Mandibuzz|10/100
|move|p1a: Mandibuzz|Toxic|p2a: Ogerpon
|-status|p2a: Ogerpon|tox
|
|-damage|p2a: Ogerpon|95/100 tox|[from] psn
|upkeep
|turn|5
|
|t:|1779964513
|move|p2a: Ogerpon|U-turn|p1a: Mandibuzz
|-damage|p1a: Mandibuzz|0 fnt
|-damage|p2a: Ogerpon|78/100 tox|[from] item: Rocky Helmet|[of] p1a: Mandibuzz
|faint|p1a: Mandibuzz
|
|t:|1779964525
|switch|p2a: Dragapult|Dragapult, F|100/100|[from] U-turn
|
|upkeep
|
|t:|1779964536
|switch|p1a: Kyurem|Kyurem|100/100
|-ability|p1a: Kyurem|Pressure
|turn|6
|
|t:|1779964543
|switch|p2a: Slowking|Slowking-Galar, F|100/100
|move|p1a: Kyurem|Draco Meteor|p2a: Slowking
|-damage|p2a: Slowking|64/100
|-unboost|p1a: Kyurem|spa|2
|
|upkeep
|turn|7
|
|t:|1779964562
|switch|p1a: Hoopa|Hoopa|100/100
|move|p2a: Slowking|Sludge Bomb|p1a: Hoopa
|-resisted|p1a: Hoopa
|-damage|p1a: Hoopa|87/100
|-status|p1a: Hoopa|psn
|
|-damage|p1a: Hoopa|74/100 psn|[from] psn
|upkeep
|turn|8
|
|t:|1779964580
|switch|p2a: Kingambit|Kingambit, F|100/100
|-activate|p2a: Kingambit|ability: Supreme Overlord
|-start|p2a: Kingambit|fallen1|[silent]
|move|p1a: Hoopa|Substitute|p1a: Hoopa
|-start|p1a: Hoopa|Substitute
|-damage|p1a: Hoopa|49/100 psn
|
|-damage|p1a: Hoopa|37/100 psn|[from] psn
|upkeep
|turn|9
|
|t:|1779964595
|move|p1a: Hoopa|Calm Mind|p1a: Hoopa
|-boost|p1a: Hoopa|spa|1
|-boost|p1a: Hoopa|spd|1
|move|p2a: Kingambit|Kowtow Cleave|p1a: Hoopa
|-supereffective|p1a: Hoopa
|-end|p1a: Hoopa|Substitute
|
|-damage|p1a: Hoopa|25/100 psn|[from] psn
|upkeep
|-enditem|p1a: Hoopa|Aguav Berry|[eat]
|-heal|p1a: Hoopa|58/100 psn|[from] item: Aguav Berry
|turn|10
|
|t:|1779964608
|move|p1a: Hoopa|Focus Blast|p2a: Kingambit|[miss]
|-miss|p1a: Hoopa|p2a: Kingambit
|move|p2a: Kingambit|Kowtow Cleave|p1a: Hoopa
|-supereffective|p1a: Hoopa
|-damage|p1a: Hoopa|0 fnt
|faint|p1a: Hoopa
|
|upkeep
|
|t:|1779964611
|switch|p1a: Cinderace|Cinderace, F|100/100
|turn|11
|
|t:|1779964627
|-end|p2a: Kingambit|fallen1|[silent]
|switch|p2a: Ogerpon|Ogerpon-Wellspring-Tera, F, tera:Water|78/100 tox
|-ability|p2a: Ogerpon|Embody Aspect (Wellspring)|boost
|-boost|p2a: Ogerpon|spd|1
|move|p1a: Cinderace|U-turn|p2a: Ogerpon
|-start|p1a: Cinderace|typechange|Bug|[from] ability: Libero
|-damage|p2a: Ogerpon|35/100 tox
|
|t:|1779964632
|switch|p1a: Kyurem|Kyurem|100/100|[from] U-turn
|-ability|p1a: Kyurem|Pressure
|
|-damage|p2a: Ogerpon|29/100 tox|[from] psn
|upkeep
|turn|12
|inactive|sisichen2 has 120 seconds left.
|
|t:|1779964654
|-terastallize|p1a: Kyurem|Ground
|move|p1a: Kyurem|Earth Power|p2a: Ogerpon
|-crit|p2a: Ogerpon
|-damage|p2a: Ogerpon|0 fnt
|faint|p2a: Ogerpon
|detailschange|p2: Ogerpon|Ogerpon-Wellspring, F|[silent]
|
|upkeep
|inactive|sisichen2 has 120 seconds left.
|
|t:|1779964664
|switch|p2a: Dragapult|Dragapult, F|100/100
|turn|13
|inactive|sisichen2 has 120 seconds left.
|
|t:|1779964680
|switch|p1a: Cinderace|Cinderace, F|100/100
|move|p2a: Dragapult|Will-O-Wisp|p1a: Cinderace
|-immune|p1a: Cinderace
|
|upkeep
|turn|14
|
|t:|1779964694
|move|p2a: Dragapult|U-turn|p1a: Cinderace
|-resisted|p1a: Cinderace
|-damage|p1a: Cinderace|86/100
|
|t:|1779964698
|switch|p2a: Slowking|Slowking-Galar, F|98/100|[from] U-turn
|move|p1a: Cinderace|U-turn|p2a: Slowking
|-start|p1a: Cinderace|typechange|Bug|[from] ability: Libero
|-damage|p2a: Slowking|75/100
|
|t:|1779964703
|switch|p1a: Manaphy|Manaphy|100/100|[from] U-turn
|
|upkeep
|turn|15
|inactive|sisichen2 has 120 seconds left.
|
|t:|1779964717
|switch|p2a: Raging Bolt|Raging Bolt|100/100
|-enditem|p2a: Raging Bolt|Booster Energy
|-activate|p2a: Raging Bolt|ability: Protosynthesis|[fromitem]
|-start|p2a: Raging Bolt|protosynthesisspa
|move|p1a: Manaphy|Tail Glow|p1a: Manaphy
|-boost|p1a: Manaphy|spa|3
|
|upkeep
|turn|16
|
|t:|1779964726
|switch|p1a: Ting-Lucifer|Ting-Lu|57/100
|-ability|p1a: Ting-Lucifer|Vessel of Ruin
|move|p2a: Raging Bolt|Thunderclap||[still]
|-fail|p2a: Raging Bolt
|
|upkeep
|turn|17
|
|t:|1779964741
|move|p2a: Raging Bolt|Dragon Pulse|p1a: Ting-Lucifer
|-damage|p1a: Ting-Lucifer|22/100
|move|p1a: Ting-Lucifer|Earthquake|p2a: Raging Bolt
|-supereffective|p2a: Raging Bolt
|-damage|p2a: Raging Bolt|9/100
|
|upkeep
|turn|18
|
|t:|1779964750
|move|p2a: Raging Bolt|Dragon Pulse|p1a: Ting-Lucifer
|-damage|p1a: Ting-Lucifer|0 fnt
|faint|p1a: Ting-Lucifer
|
|upkeep
|
|t:|1779964753
|switch|p1a: Cinderace|Cinderace, F|86/100
|turn|19
|
|t:|1779964759
|move|p2a: Raging Bolt|Thunderclap|p1a: Cinderace
|-damage|p1a: Cinderace|8/100
|move|p1a: Cinderace|Pyro Ball|p2a: Raging Bolt
|-resisted|p2a: Raging Bolt
|-damage|p2a: Raging Bolt|0 fnt
|faint|p2a: Raging Bolt
|-end|p2a: Raging Bolt|Protosynthesis|[silent]
|
|upkeep
|
|t:|1779964767
|switch|p2a: Slowking|Slowking-Galar, F|100/100
|turn|20
|
|t:|1779964797
|move|p1a: Cinderace|Pyro Ball|p2a: Slowking
|-damage|p2a: Slowking|48/100
|move|p2a: Slowking|Sludge Bomb|p1a: Cinderace
|-damage|p1a: Cinderace|0 fnt
|faint|p1a: Cinderace
|
|upkeep
|
|t:|1779964800
|switch|p1a: Manaphy|Manaphy|100/100
|turn|21
|inactive|sisichen2 has 120 seconds left.
|
|t:|1779964837
|move|p1a: Manaphy|Tail Glow|p1a: Manaphy
|-boost|p1a: Manaphy|spa|3
|move|p2a: Slowking|Sludge Bomb|p1a: Manaphy
|-damage|p1a: Manaphy|71/100
|-status|p1a: Manaphy|psn
|
|-heal|p1a: Manaphy|77/100 psn|[from] item: Leftovers
|-damage|p1a: Manaphy|64/100 psn|[from] psn
|upkeep
|turn|22
|
|t:|1779964854
|move|p1a: Manaphy|Scald|p2a: Slowking
|-crit|p2a: Slowking
|-damage|p2a: Slowking|0 fnt
|faint|p2a: Slowking
|
|-heal|p1a: Manaphy|71/100 psn|[from] item: Leftovers
|-damage|p1a: Manaphy|58/100 psn|[from] psn
|upkeep
|
|t:|1779964862
|switch|p2a: Dragapult|Dragapult, F|100/100
|turn|23
|
|t:|1779964866
|move|p2a: Dragapult|Hex|p1a: Manaphy
|-damage|p1a: Manaphy|11/100 psn
|move|p1a: Manaphy|Alluring Voice|p2a: Dragapult
|-supereffective|p2a: Dragapult
|-damage|p2a: Dragapult|0 fnt
|faint|p2a: Dragapult
|
|-heal|p1a: Manaphy|18/100 psn|[from] item: Leftovers
|-damage|p1a: Manaphy|5/100 psn|[from] psn
|upkeep
|
|t:|1779964876
|switch|p2a: Kingambit|Kingambit, F|100/100
|-activate|p2a: Kingambit|ability: Supreme Overlord
|-start|p2a: Kingambit|fallen5|[silent]
|turn|24
|
|t:|1779964885
|move|p2a: Kingambit|Sucker Punch|p1a: Manaphy
|-damage|p1a: Manaphy|0 fnt
|faint|p1a: Manaphy
|
|upkeep
|
|t:|1779964889
|switch|p1a: Kyurem|Kyurem, tera:Ground|100/100
|-ability|p1a: Kyurem|Pressure
|turn|25
|inactive|sisichen2 has 120 seconds left.
|
|t:|1779964896
|move|p2a: Kingambit|Sucker Punch|p1a: Kyurem
|-damage|p1a: Kyurem|37/100
|move|p1a: Kyurem|Earth Power|p2a: Kingambit
|-supereffective|p2a: Kingambit
|-damage|p2a: Kingambit|5/100
|
|-heal|p2a: Kingambit|12/100|[from] item: Leftovers
|upkeep
|turn|26
|-message|ilikefries forfeited.
|
|win|sisichen2
|raw|ilikefries's rating: 1294 &rarr; <strong>1269</strong><br />(-25 for losing)
|raw|sisichen2's rating: 1296 &rarr; <strong>1321</strong><br />(+25 for winning)
|l|☆ilikefries
|player|p1|
|l|☆sisichen2
|player|p2|
