|j|☆bowgod27
|j|☆why so obsessed
|t:|1779832069
|gametype|singles
|player|p1|bowgod27|wallace|1372
|player|p2|why so obsessed|cynthia-gen4|1343
|gen|9
|tier|[Gen 9] OU
|rated|
|rule|HP Percentage Mod: HP is shown in percentages
|rule|Endless Battle Clause: Forcing endless battles is banned
|rule|Species Clause: Limit one of each Pokémon
|rule|OHKO Clause: OHKO moves are banned
|rule|Evasion Items Clause: Evasion items are banned
|rule|Evasion Moves Clause: Evasion moves are banned
|rule|Evasion Abilities Clause: Evasion abilities are banned
|rule|Sleep Moves Clause: Sleep-inducing moves are banned
|clearpoke
|poke|p1|Walking Wake|
|poke|p1|Great Tusk|
|poke|p1|Ninetales, M|
|poke|p1|Cresselia, F|
|poke|p1|Zarude|
|poke|p1|Ceruledge, F|
|poke|p2|Ogerpon-Wellspring, F|
|poke|p2|Kyurem|
|poke|p2|Zapdos|
|poke|p2|Great Tusk|
|poke|p2|Kingambit, M|
|poke|p2|Slowking-Galar, M|
|teampreview
|inactive|Battle timer is ON: inactive players will automatically lose when time's up. (requested by bowgod27)
|inactive|bowgod27 has 120 seconds left.
|c|☆bowgod27|Have I fought you?
|inactive|bowgod27 has 90 seconds left.
|c|☆why so obsessed|no
|c|☆why so obsessed|i think
|inactive|bowgod27 has 60 seconds left.
|
|t:|1779832203
|teamsize|p1|6
|teamsize|p2|6
|start
|switch|p1a: Ninetales|Ninetales, M|100/100
|switch|p2a: Great Tusk|Great Tusk|100/100
|-weather|SunnyDay|[from] ability: Drought|[of] p1a: Ninetales
|-activate|p2a: Great Tusk|ability: Protosynthesis
|-start|p2a: Great Tusk|protosynthesisatk
|turn|1
|inactive|bowgod27 has 120 seconds left.
|
|t:|1779832212
|move|p1a: Ninetales|Will-O-Wisp|p2a: Great Tusk
|-status|p2a: Great Tusk|brn
|move|p2a: Great Tusk|Knock Off|p1a: Ninetales
|-damage|p1a: Ninetales|74/100
|-enditem|p1a: Ninetales|Heat Rock|[from] move: Knock Off|[of] p2a: Great Tusk
|
|-weather|SunnyDay|[upkeep]
|-damage|p2a: Great Tusk|94/100 brn|[from] brn
|upkeep
|turn|2
|inactive|bowgod27 has 120 seconds left.
|
|t:|1779832224
|switch|p1a: Cresselia|Cresselia, F|100/100
|move|p2a: Great Tusk|Headlong Rush|p1a: Cresselia
|-immune|p1a: Cresselia|[from] ability: Levitate
|
|-weather|SunnyDay|[upkeep]
|-damage|p2a: Great Tusk|88/100 brn|[from] brn
|upkeep
|turn|3
|inactive|bowgod27 has 120 seconds left.
|
|t:|1779832241
|move|p2a: Great Tusk|Stealth Rock|p1a: Cresselia
|-sidestart|p1: bowgod27|move: Stealth Rock
|move|p1a: Cresselia|Psychic|p2a: Great Tusk
|-supereffective|p2a: Great Tusk
|-damage|p2a: Great Tusk|19/100 brn
|
|-weather|SunnyDay|[upkeep]
|-damage|p2a: Great Tusk|12/100 brn|[from] brn
|upkeep
|turn|4
|inactive|bowgod27 has 120 seconds left.
|
|t:|1779832249
|-end|p2a: Great Tusk|Protosynthesis|[silent]
|switch|p2a: Kingambit|Kingambit, M|100/100
|switch|p1a: Great Tusk|Great Tusk|100/100
|-damage|p1a: Great Tusk|97/100|[from] Stealth Rock
|-activate|p1a: Great Tusk|ability: Protosynthesis
|-start|p1a: Great Tusk|protosynthesisatk
|
|-weather|SunnyDay|[upkeep]
|upkeep
|turn|5
|inactive|bowgod27 has 120 seconds left.
|
|t:|1779832282
|-end|p2a: Kingambit|fallenundefined|[silent]
|switch|p2a: Zapdos|Zapdos|100/100
|move|p1a: Great Tusk|Rapid Spin|p2a: Zapdos
|-damage|p2a: Zapdos|81/100
|-boost|p1a: Great Tusk|spe|1
|-sideend|p1: bowgod27|Stealth Rock|[from] move: Rapid Spin|[of] p1a: Great Tusk
|
|-weather|SunnyDay|[upkeep]
|upkeep
|turn|6
|
|t:|1779832291
|move|p1a: Great Tusk|Ice Spinner|p2a: Zapdos
|-supereffective|p2a: Zapdos
|-damage|p2a: Zapdos|22/100
|move|p2a: Zapdos|Hurricane|p1a: Great Tusk|[miss]
|-miss|p2a: Zapdos|p1a: Great Tusk
|
|-weather|SunnyDay|[upkeep]
|upkeep
|turn|7
|
|t:|1779832303
|switch|p2a: Great Tusk|Great Tusk|12/100 brn
|-activate|p2a: Great Tusk|ability: Protosynthesis
|-start|p2a: Great Tusk|protosynthesisatk
|move|p1a: Great Tusk|Ice Spinner|p2a: Great Tusk
|-supereffective|p2a: Great Tusk
|-damage|p2a: Great Tusk|0 fnt
|faint|p2a: Great Tusk
|-end|p2a: Great Tusk|Protosynthesis|[silent]
|
|-weather|SunnyDay|[upkeep]
|upkeep
|
|t:|1779832309
|switch|p2a: Kyurem|Kyurem|100/100
|-ability|p2a: Kyurem|Pressure
|turn|8
|
|t:|1779832314
|move|p1a: Great Tusk|Close Combat|p2a: Kyurem
|-supereffective|p2a: Kyurem
|-damage|p2a: Kyurem|0 fnt
|-unboost|p1a: Great Tusk|def|1
|-unboost|p1a: Great Tusk|spd|1
|faint|p2a: Kyurem
|
|-weather|none
|-end|p1a: Great Tusk|Protosynthesis
|upkeep
|
|t:|1779832323
|switch|p2a: Ogerpon|Ogerpon-Wellspring, F|100/100
|turn|9
|
|t:|1779832326
|-end|p1a: Great Tusk|Protosynthesis|[silent]
|switch|p1a: Ninetales|Ninetales, M|74/100
|-weather|SunnyDay|[from] ability: Drought|[of] p1a: Ninetales
|move|p2a: Ogerpon|Ivy Cudgel|p1a: Ninetales|[anim] Ivy Cudgel Water
|-supereffective|p1a: Ninetales
|-damage|p1a: Ninetales|3/100
|
|-weather|SunnyDay|[upkeep]
|upkeep
|turn|10
|
|t:|1779832342
|switch|p1a: Cresselia|Cresselia, F|100/100
|move|p2a: Ogerpon|Ivy Cudgel|p1a: Cresselia|[anim] Ivy Cudgel Water
|-damage|p1a: Cresselia|83/100
|-enditem|p1a: Cresselia|Eject Button
|
|t:|1779832345
|switch|p1a: Walking Wake|Walking Wake|100/100
|-activate|p1a: Walking Wake|ability: Protosynthesis
|-start|p1a: Walking Wake|protosynthesisspe
|
|-weather|SunnyDay|[upkeep]
|upkeep
|turn|11
|
|t:|1779832360
|-terastallize|p2a: Ogerpon|Water
|detailschange|p2a: Ogerpon|Ogerpon-Wellspring-Tera, F, tera:Water
|-ability|p2a: Ogerpon|Embody Aspect (Wellspring)|boost
|-boost|p2a: Ogerpon|spd|1
|move|p1a: Walking Wake|Weather Ball|p2a: Ogerpon
|-resisted|p2a: Ogerpon
|-damage|p2a: Ogerpon|80/100
|move|p2a: Ogerpon|Play Rough|p1a: Walking Wake
|-supereffective|p1a: Walking Wake
|-damage|p1a: Walking Wake|19/100
|
|-weather|SunnyDay|[upkeep]
|upkeep
|turn|12
|
|t:|1779832380
|move|p1a: Walking Wake|Draco Meteor|p2a: Ogerpon
|-damage|p2a: Ogerpon|25/100
|-unboost|p1a: Walking Wake|spa|2
|move|p2a: Ogerpon|Play Rough|p1a: Walking Wake
|-supereffective|p1a: Walking Wake
|-damage|p1a: Walking Wake|0 fnt
|faint|p1a: Walking Wake
|-end|p1a: Walking Wake|Protosynthesis|[silent]
|
|-weather|SunnyDay|[upkeep]
|upkeep
|inactive|bowgod27 has 120 seconds left.
|inactive|bowgod27 has 90 seconds left.
|inactive|bowgod27 has 60 seconds left.
|
|t:|1779832477
|switch|p1a: Cresselia|Cresselia, F|83/100
|turn|13
|
|t:|1779832485
|switch|p2a: Kingambit|Kingambit, M|100/100
|-activate|p2a: Kingambit|ability: Supreme Overlord
|-start|p2a: Kingambit|fallen2|[silent]
|move|p1a: Cresselia|Thunder Wave|p2a: Kingambit
|-status|p2a: Kingambit|par
|
|-weather|none
|upkeep
|turn|14
|
|t:|1779832491
|move|p1a: Cresselia|Lunar Dance|p1a: Cresselia
|faint|p1a: Cresselia
|move|p2a: Kingambit|Swords Dance|p2a: Kingambit
|-boost|p2a: Kingambit|atk|2
|
|upkeep
|
|t:|1779832494
|switch|p1a: Ninetales|Ninetales, M|3/100
|-heal|p1a: Ninetales|100/100|[from] move: Lunar Dance
|-weather|SunnyDay|[from] ability: Drought|[of] p1a: Ninetales
|turn|15
|inactive|bowgod27 has 60 seconds left.
|
|t:|1779832511
|move|p1a: Ninetales|Encore|p2a: Kingambit
|-start|p2a: Kingambit|Encore
|move|p2a: Kingambit|Swords Dance|p2a: Kingambit
|-boost|p2a: Kingambit|atk|2
|
|-weather|SunnyDay|[upkeep]
|upkeep
|turn|16
|inactive|bowgod27 has 60 seconds left.
|
|t:|1779832525
|-end|p2a: Kingambit|fallen2|[silent]
|switch|p2a: Zapdos|Zapdos|22/100
|move|p1a: Ninetales|Overheat|p2a: Zapdos
|-damage|p2a: Zapdos|0 fnt
|-unboost|p1a: Ninetales|spa|2
|faint|p2a: Zapdos
|
|-weather|SunnyDay|[upkeep]
|upkeep
|
|t:|1779832531
|switch|p2a: Ogerpon|Ogerpon-Wellspring-Tera, F, tera:Water|25/100
|-ability|p2a: Ogerpon|Embody Aspect (Wellspring)|boost
|-boost|p2a: Ogerpon|spd|1
|turn|17
|inactive|bowgod27 has 60 seconds left.
|
|t:|1779832543
|switch|p1a: Zarude|Zarude|100/100
|move|p2a: Ogerpon|Ivy Cudgel|p1a: Zarude|[anim] Ivy Cudgel Water
|-resisted|p1a: Zarude
|-damage|p1a: Zarude|83/100
|
|-weather|SunnyDay|[upkeep]
|-heal|p1a: Zarude|89/100|[from] item: Leftovers
|upkeep
|turn|18
|inactive|bowgod27 has 60 seconds left.
|
|t:|1779832559
|switch|p2a: Kingambit|Kingambit, M|100/100 par
|-activate|p2a: Kingambit|ability: Supreme Overlord
|-start|p2a: Kingambit|fallen3|[silent]
|move|p1a: Zarude|Knock Off|p2a: Kingambit
|-resisted|p2a: Kingambit
|-damage|p2a: Kingambit|82/100 par
|-enditem|p2a: Kingambit|Leftovers|[from] move: Knock Off|[of] p1a: Zarude
|
|-weather|SunnyDay|[upkeep]
|-heal|p1a: Zarude|95/100|[from] item: Leftovers
|upkeep
|turn|19
|inactive|bowgod27 has 60 seconds left.
|inactive|bowgod27 has 30 seconds left.
|inactive|bowgod27 has 20 seconds left.
|
|t:|1779832608
|move|p1a: Zarude|Swords Dance|p1a: Zarude
|-boost|p1a: Zarude|atk|2
|cant|p2a: Kingambit|par
|
|-weather|none
|-heal|p1a: Zarude|100/100|[from] item: Leftovers
|upkeep
|turn|20
|inactive|bowgod27 has 30 seconds left this turn.
|c|☆why so obsessed|haha
|c|☆why so obsessed|hax
|
|t:|1779832618
|move|p1a: Zarude|Swords Dance|p1a: Zarude
|-boost|p1a: Zarude|atk|2
|cant|p2a: Kingambit|par
|
|upkeep
|turn|21
|c|☆why so obsessed|hahahahahaha
|inactive|bowgod27 has 30 seconds left.
|
|t:|1779832629
|move|p1a: Zarude|Swords Dance|p1a: Zarude
|-boost|p1a: Zarude|atk|2
|move|p2a: Kingambit|Low Kick|p1a: Zarude
|-supereffective|p1a: Zarude
|-damage|p1a: Zarude|23/100
|
|-heal|p1a: Zarude|29/100|[from] item: Leftovers
|upkeep
|turn|22
|inactive|bowgod27 has 30 seconds left.
|
|t:|1779832643
|-terastallize|p1a: Zarude|Poison
|cant|p2a: Kingambit|par
|move|p1a: Zarude|Synthesis|p1a: Zarude
|-heal|p1a: Zarude|79/100
|
|-heal|p1a: Zarude|85/100|[from] item: Leftovers
|upkeep
|turn|23
|inactive|bowgod27 has 30 seconds left.
|
|t:|1779832653
|move|p1a: Zarude|Knock Off|p2a: Kingambit
|-resisted|p2a: Kingambit
|-damage|p2a: Kingambit|34/100 par
|move|p2a: Kingambit|Kowtow Cleave|p1a: Zarude
|-damage|p1a: Zarude|30/100
|
|-heal|p1a: Zarude|36/100|[from] item: Leftovers
|upkeep
|turn|24
|
|t:|1779832662
|move|p1a: Zarude|Synthesis|p1a: Zarude
|-heal|p1a: Zarude|86/100
|cant|p2a: Kingambit|par
|
|-heal|p1a: Zarude|92/100|[from] item: Leftovers
|upkeep
|turn|25
|
|t:|1779832668
|move|p2a: Kingambit|Sucker Punch|p1a: Zarude
|-damage|p1a: Zarude|45/100
|move|p1a: Zarude|Knock Off|p2a: Kingambit
|-resisted|p2a: Kingambit
|-damage|p2a: Kingambit|0 fnt
|faint|p2a: Kingambit
|-end|p2a: Kingambit|fallen3|[silent]
|
|-heal|p1a: Zarude|51/100|[from] item: Leftovers
|upkeep
|
|t:|1779832671
|switch|p2a: Ogerpon|Ogerpon-Wellspring-Tera, F, tera:Water|25/100
|-ability|p2a: Ogerpon|Embody Aspect (Wellspring)|boost
|-boost|p2a: Ogerpon|spd|1
|turn|26
|
|t:|1779832679
|move|p2a: Ogerpon|Ivy Cudgel|p1a: Zarude|[anim] Ivy Cudgel Water
|-damage|p1a: Zarude|0 fnt
|faint|p1a: Zarude
|
|upkeep
|
|t:|1779832687
|switch|p1a: Ceruledge|Ceruledge, F|100/100
|turn|27
|inactive|bowgod27 has 60 seconds left.
|
|t:|1779832694
|switch|p2a: Slowking|Slowking-Galar, M|100/100
|move|p1a: Ceruledge|Close Combat|p2a: Slowking
|-resisted|p2a: Slowking
|-damage|p2a: Slowking|89/100
|-unboost|p1a: Ceruledge|def|1
|-unboost|p1a: Ceruledge|spd|1
|
|upkeep
|turn|28
|inactive|bowgod27 has 60 seconds left.
|
|t:|1779832705
|switch|p1a: Ninetales|Ninetales, M|100/100
|-weather|SunnyDay|[from] ability: Drought|[of] p1a: Ninetales
|move|p2a: Slowking|Thunder Wave|p1a: Ninetales
|-status|p1a: Ninetales|par
|
|-weather|SunnyDay|[upkeep]
|upkeep
|turn|29
|inactive|bowgod27 has 60 seconds left.
|
|t:|1779832730
|move|p1a: Ninetales|Encore|p2a: Slowking
|-start|p2a: Slowking|Encore
|move|p2a: Slowking|Thunder Wave|p1a: Ninetales
|-fail|p1a: Ninetales|par
|
|-weather|SunnyDay|[upkeep]
|upkeep
|turn|30
|
|t:|1779832748
|cant|p1a: Ninetales|par
|move|p2a: Slowking|Thunder Wave|p1a: Ninetales
|-fail|p1a: Ninetales|par
|
|-weather|SunnyDay|[upkeep]
|upkeep
|turn|31
|
|t:|1779832767
|switch|p1a: Great Tusk|Great Tusk|97/100
|-activate|p1a: Great Tusk|ability: Protosynthesis
|-start|p1a: Great Tusk|protosynthesisatk
|move|p2a: Slowking|Thunder Wave|p1a: Great Tusk
|-immune|p1a: Great Tusk
|
|-weather|SunnyDay|[upkeep]
|-end|p2a: Slowking|Encore
|upkeep
|turn|32
|
|t:|1779832777
|move|p1a: Great Tusk|Headlong Rush|p2a: Slowking
|-supereffective|p2a: Slowking
|-damage|p2a: Slowking|0 fnt
|-unboost|p1a: Great Tusk|def|1
|-unboost|p1a: Great Tusk|spd|1
|faint|p2a: Slowking
|
|-weather|none
|-end|p1a: Great Tusk|Protosynthesis
|upkeep
|
|t:|1779832781
|switch|p2a: Ogerpon|Ogerpon-Wellspring-Tera, F, tera:Water|25/100
|-ability|p2a: Ogerpon|Embody Aspect (Wellspring)|boost
|-boost|p2a: Ogerpon|spd|1
|turn|33
|c|☆why so obsessed|god hax bro
|c|☆why so obsessed|god hax
|
|t:|1779832789
|move|p2a: Ogerpon|Ivy Cudgel|p1a: Great Tusk|[anim] Ivy Cudgel Water
|-supereffective|p1a: Great Tusk
|-damage|p1a: Great Tusk|0 fnt
|faint|p1a: Great Tusk
|-end|p1a: Great Tusk|Protosynthesis|[silent]
|
|upkeep
|
|t:|1779832792
|switch|p1a: Ceruledge|Ceruledge, F|100/100
|turn|34
|
|t:|1779832796
|move|p2a: Ogerpon|Ivy Cudgel|p1a: Ceruledge|[anim] Ivy Cudgel Water
|-supereffective|p1a: Ceruledge
|-enditem|p1a: Ceruledge|Focus Sash
|-damage|p1a: Ceruledge|1/100
|-ability|p1a: Ceruledge|Weak Armor|boost
|-unboost|p1a: Ceruledge|def|1
|-boost|p1a: Ceruledge|spe|2
|move|p1a: Ceruledge|Close Combat|p2a: Ogerpon
|-damage|p2a: Ogerpon|0 fnt
|-unboost|p1a: Ceruledge|def|1
|-unboost|p1a: Ceruledge|spd|1
|faint|p2a: Ogerpon
|detailschange|p2: Ogerpon|Ogerpon-Wellspring, F|[silent]
|
|win|bowgod27
|raw|bowgod27's rating: 1372 &rarr; <strong>1390</strong><br />(+18 for winning)
|raw|why so obsessed's rating: 1343 &rarr; <strong>1325</strong><br />(-18 for losing)
|l|☆why so obsessed
|player|p2|
|c|☆bowgod27|Gg
|c|☆bowgod27|it’s not that deep bro
|c|☆bowgod27|didn’t even matter
