|j|☆muskat-mix
|j|☆jogonzal101
|t:|1779908344
|gametype|singles
|player|p1|muskat-mix|266|1407
|player|p2|jogonzal101|hilbert|1384
|gen|9
|tier|[Gen 9] OU
|rated|
|rule|HP Percentage Mod: HP is shown in percentages
|rule|Endless Battle Clause: Forcing endless battles is banned
|rule|Species Clause: Limit one of each Pokémon
|rule|OHKO Clause: OHKO moves are banned
|rule|Evasion Items Clause: Evasion items are banned
|rule|Evasion Moves Clause: Evasion moves are banned
|rule|Evasion Abilities Clause: Evasion abilities are banned
|rule|Sleep Moves Clause: Sleep-inducing moves are banned
|clearpoke
|poke|p1|Alomomola, F|
|poke|p1|Pecharunt|
|poke|p1|Great Tusk|
|poke|p1|Lokix, F|
|poke|p1|Iron Crown|
|poke|p1|Enamorus, F|
|poke|p2|Umbreon, F|
|poke|p2|Gholdengo|
|poke|p2|Rillaboom, M|
|poke|p2|Great Tusk|
|poke|p2|Zapdos|
|poke|p2|Glimmora, M|
|teampreview
|inactive|Battle timer is ON: inactive players will automatically lose when time's up. (requested by muskat-mix)
|
|t:|1779908361
|teamsize|p1|6
|teamsize|p2|6
|start
|switch|p1a: Iron Crown|Iron Crown|100/100
|switch|p2a: Zapcif|Zapdos|100/100
|turn|1
|
|t:|1779908369
|move|p1a: Iron Crown|Volt Switch|p2a: Zapcif
|-damage|p2a: Zapcif|71/100
|
|t:|1779908374
|-end|p1a: Iron Crown|Quark Drive|[silent]
|switch|p1a: Alomomola|Alomomola, F|100/100|[from] Volt Switch
|move|p2a: Zapcif|Volt Switch|p1a: Alomomola
|-supereffective|p1a: Alomomola
|-damage|p1a: Alomomola|70/100
|
|t:|1779908378
|switch|p2a: Rillacif|Rillaboom, M|100/100|[from] Volt Switch
|-fieldstart|move: Grassy Terrain|[from] ability: Grassy Surge|[of] p2a: Rillacif
|
|-heal|p1a: Alomomola|76/100|[from] Grassy Terrain
|upkeep
|turn|2
|
|t:|1779908387
|switch|p1a: Pecharunt|Pecharunt|100/100
|move|p2a: Rillacif|U-turn|p1a: Pecharunt
|-resisted|p1a: Pecharunt
|-damage|p1a: Pecharunt|96/100
|-damage|p2a: Rillacif|84/100|[from] item: Rocky Helmet|[of] p1a: Pecharunt
|
|t:|1779908397
|switch|p2a: Zapcif|Zapdos|71/100|[from] U-turn
|
|-heal|p1a: Pecharunt|100/100|[from] Grassy Terrain
|upkeep
|turn|3
|
|t:|1779908401
|move|p2a: Zapcif|Thunder Wave|p1a: Pecharunt
|-status|p1a: Pecharunt|par
|move|p1a: Pecharunt|Parting Shot|p2a: Zapcif
|-unboost|p2a: Zapcif|atk|1
|-unboost|p2a: Zapcif|spa|1
|
|t:|1779908404
|switch|p1a: Iron Crown|Iron Crown|100/100|[from] Parting Shot
|
|upkeep
|turn|4
|
|t:|1779908412
|move|p1a: Iron Crown|Psychic Noise|p2a: Zapcif
|-damage|p2a: Zapcif|25/100
|-start|p2a: Zapcif|move: Heal Block
|cant|p2a: Zapcif|move: Heal Block|Roost
|
|upkeep
|turn|5
|
|t:|1779908424
|-end|p1a: Iron Crown|Quark Drive|[silent]
|switch|p1a: Enamorus|Enamorus, F|100/100
|switch|p2a: Jaymey|Umbreon, F, shiny|100/100
|
|-fieldend|move: Grassy Terrain
|upkeep
|turn|6
|
|t:|1779908430
|switch|p2a: Cifora|Glimmora, M|100/100
|move|p1a: Enamorus|Moonblast|p2a: Cifora
|-resisted|p2a: Cifora
|-damage|p2a: Cifora|66/100
|-unboost|p2a: Cifora|spa|1
|
|upkeep
|turn|7
|
|t:|1779908437
|switch|p1a: Iron Crown|Iron Crown|100/100
|move|p2a: Cifora|Stealth Rock|p1a: Iron Crown
|-sidestart|p1: muskat-mix|move: Stealth Rock
|
|upkeep
|turn|8
|
|t:|1779908441
|switch|p2a: Jaymey|Umbreon, F, shiny|100/100
|-terastallize|p1a: Iron Crown|Steel
|move|p1a: Iron Crown|Tachyon Cutter|p2a: Jaymey
|-damage|p2a: Jaymey|72/100
|-damage|p2a: Jaymey|43/100
|-hitcount|p2a: Jaymey|2
|
|upkeep
|turn|9
|
|t:|1779908454
|move|p1a: Iron Crown|Tachyon Cutter|p2a: Jaymey
|-damage|p2a: Jaymey|12/100
|-damage|p2a: Jaymey|0 fnt
|faint|p2a: Jaymey
|-hitcount|p2: Jaymey|2
|
|upkeep
|
|t:|1779908474
|switch|p2a: Great Cif|Great Tusk|100/100
|turn|10
|
|t:|1779908479
|-terastallize|p2a: Great Cif|Steel
|move|p1a: Iron Crown|Tachyon Cutter|p2a: Great Cif
|-resisted|p2a: Great Cif
|-crit|p2a: Great Cif
|-damage|p2a: Great Cif|43/100
|-resisted|p2a: Great Cif
|-damage|p2a: Great Cif|5/100
|-hitcount|p2a: Great Cif|2
|move|p2a: Great Cif|Headlong Rush|p1a: Iron Crown
|-supereffective|p1a: Iron Crown
|-damage|p1a: Iron Crown|0 fnt
|-unboost|p2a: Great Cif|def|1
|-unboost|p2a: Great Cif|spd|1
|faint|p1a: Iron Crown
|-end|p1a: Iron Crown|Quark Drive|[silent]
|
|upkeep
|
|t:|1779908487
|switch|p1a: Enamorus|Enamorus, F|100/100
|-damage|p1a: Enamorus|76/100|[from] Stealth Rock
|turn|11
|
|t:|1779908498
|-end|p2a: Great Cif|Protosynthesis|[silent]
|switch|p2a: Cifora|Glimmora, M|66/100
|move|p1a: Enamorus|Mystical Fire|p2a: Cifora
|-resisted|p2a: Cifora
|-damage|p2a: Cifora|46/100
|-unboost|p2a: Cifora|spa|1
|
|upkeep
|turn|12
|
|t:|1779908506
|switch|p1a: Alomomola|Alomomola, F|100/100
|-damage|p1a: Alomomola|88/100|[from] Stealth Rock
|move|p2a: Cifora|Spikes|p1a: Alomomola
|-sidestart|p1: muskat-mix|Spikes
|
|upkeep
|turn|13
|
|t:|1779908509
|move|p2a: Cifora|Spikes|p1a: Alomomola
|-sidestart|p1: muskat-mix|Spikes
|move|p1a: Alomomola|Flip Turn|p2a: Cifora
|-supereffective|p2a: Cifora
|-damage|p2a: Cifora|9/100
|-activate|p2a: Cifora|ability: Toxic Debris
|-sidestart|p1: muskat-mix|move: Toxic Spikes
|
|t:|1779908511
|switch|p1a: Great Tusk|Great Tusk|100/100|[from] Flip Turn
|
|upkeep
|turn|14
|
|t:|1779908516
|switch|p2a: Gholdencif|Gholdengo|100/100
|move|p1a: Great Tusk|Headlong Rush|p2a: Gholdencif
|-supereffective|p2a: Gholdencif
|-damage|p2a: Gholdencif|0 fnt
|-unboost|p1a: Great Tusk|def|1
|-unboost|p1a: Great Tusk|spd|1
|faint|p2a: Gholdencif
|
|upkeep
|
|t:|1779908520
|switch|p2a: Rillacif|Rillaboom, M|84/100
|-fieldstart|move: Grassy Terrain|[from] ability: Grassy Surge|[of] p2a: Rillacif
|turn|15
|
|t:|1779908523
|-end|p1a: Great Tusk|Protosynthesis|[silent]
|switch|p1a: Pecharunt|Pecharunt|100/100 par
|-damage|p1a: Pecharunt|88/100 par|[from] Stealth Rock
|-damage|p1a: Pecharunt|72/100 par|[from] Spikes
|-sideend|p1: muskat-mix|move: Toxic Spikes|[of] p1a: Pecharunt
|move|p2a: Rillacif|Grassy Glide|p1a: Pecharunt
|-resisted|p1a: Pecharunt
|-damage|p1a: Pecharunt|58/100 par
|-damage|p2a: Rillacif|67/100|[from] item: Rocky Helmet|[of] p1a: Pecharunt
|
|-heal|p2a: Rillacif|74/100|[from] Grassy Terrain
|-heal|p1a: Pecharunt|64/100 par|[from] Grassy Terrain
|upkeep
|turn|16
|
|t:|1779908528
|switch|p2a: Cifora|Glimmora, M|9/100
|move|p1a: Pecharunt|Recover|p1a: Pecharunt
|-heal|p1a: Pecharunt|100/100 par
|
|-heal|p2a: Cifora|15/100|[from] Grassy Terrain
|upkeep
|turn|17
|
|t:|1779908532
|move|p2a: Cifora|Earth Power|p1a: Pecharunt
|-supereffective|p1a: Pecharunt
|-damage|p1a: Pecharunt|38/100 par
|move|p1a: Pecharunt|Parting Shot|p2a: Cifora
|-unboost|p2a: Cifora|atk|1
|-unboost|p2a: Cifora|spa|1
|
|t:|1779908537
|switch|p1a: Great Tusk|Great Tusk|100/100|[from] Parting Shot
|
|-heal|p2a: Cifora|22/100|[from] Grassy Terrain
|upkeep
|turn|18
|
|t:|1779908552
|switch|p2a: Zapcif|Zapdos|25/100
|move|p1a: Great Tusk|Rapid Spin|p2a: Zapcif
|-damage|p2a: Zapcif|11/100
|-boost|p1a: Great Tusk|spe|1
|-sideend|p1: muskat-mix|Spikes|[from] move: Rapid Spin|[of] p1a: Great Tusk
|-sideend|p1: muskat-mix|Stealth Rock|[from] move: Rapid Spin|[of] p1a: Great Tusk
|
|upkeep
|turn|19
|
|t:|1779908559
|move|p1a: Great Tusk|Ice Spinner|p2a: Zapcif
|-supereffective|p2a: Zapcif
|-damage|p2a: Zapcif|0 fnt
|-status|p1a: Great Tusk|par|[from] ability: Static|[of] p2a: Zapcif
|-fieldend|move: Grassy Terrain
|faint|p2a: Zapcif
|
|upkeep
|
|t:|1779908564
|switch|p2a: Rillacif|Rillaboom, M|74/100
|-fieldstart|move: Grassy Terrain|[from] ability: Grassy Surge|[of] p2a: Rillacif
|turn|20
|
|t:|1779908570
|move|p1a: Great Tusk|Ice Spinner|p2a: Rillacif
|-supereffective|p2a: Rillacif
|-damage|p2a: Rillacif|24/100
|-fieldend|move: Grassy Terrain
|move|p2a: Rillacif|Wood Hammer|p1a: Great Tusk
|-supereffective|p1a: Great Tusk
|-damage|p1a: Great Tusk|0 fnt
|faint|p1a: Great Tusk
|-end|p1a: Great Tusk|Protosynthesis|[silent]
|-damage|p2a: Rillacif|0 fnt|[from] Recoil
|faint|p2a: Rillacif
|
|upkeep
|
|t:|1779908578
|switch|p1a: Enamorus|Enamorus, F|76/100
|switch|p2a: Great Cif|Great Tusk, tera:Steel|5/100
|turn|21
|
|t:|1779908580
|move|p1a: Enamorus|Moonblast|p2a: Great Cif
|-resisted|p2a: Great Cif
|-damage|p2a: Great Cif|0 fnt
|faint|p2a: Great Cif
|-end|p2a: Great Cif|Protosynthesis|[silent]
|
|upkeep
|
|t:|1779908581
|switch|p2a: Cifora|Glimmora, M|22/100
|turn|22
|
|t:|1779908583
|move|p1a: Enamorus|Moonblast|p2a: Cifora
|-resisted|p2a: Cifora
|-damage|p2a: Cifora|0 fnt
|faint|p2a: Cifora
|
|win|muskat-mix
|raw|muskat-mix's rating: 1407 &rarr; <strong>1426</strong><br />(+19 for winning)
|raw|jogonzal101's rating: 1384 &rarr; <strong>1365</strong><br />(-19 for losing)
|l|☆jogonzal101
|player|p2|
|l|☆muskat-mix
|player|p1|
