|j|☆SlimyTime
|j|☆unamedturd
|t:|1779920796
|gametype|singles
|player|p1|SlimyTime|ltsurge|1621
|player|p2|unamedturd|102|1602
|gen|9
|tier|[Gen 9] OU
|rated|
|rule|HP Percentage Mod: HP is shown in percentages
|rule|Endless Battle Clause: Forcing endless battles is banned
|rule|Species Clause: Limit one of each Pokémon
|rule|OHKO Clause: OHKO moves are banned
|rule|Evasion Items Clause: Evasion items are banned
|rule|Evasion Moves Clause: Evasion moves are banned
|rule|Evasion Abilities Clause: Evasion abilities are banned
|rule|Sleep Moves Clause: Sleep-inducing moves are banned
|clearpoke
|poke|p1|Dragapult, F|
|poke|p1|Zamazenta-*|
|poke|p1|Darkrai|
|poke|p1|Iron Crown|
|poke|p1|Iron Treads|
|poke|p1|Enamorus-Therian, F|
|poke|p2|Zamazenta-*|
|poke|p2|Sinistcha-Masterpiece|
|poke|p2|Great Tusk|
|poke|p2|Kingambit, F|
|poke|p2|Gholdengo|
|poke|p2|Ting-Lu|
|teampreview
|
|t:|1779920856
|teamsize|p1|6
|teamsize|p2|6
|start
|switch|p1a: Darkrai|Darkrai|100/100
|switch|p2a: Ting-Lu|Ting-Lu|100/100
|-ability|p2a: Ting-Lu|Vessel of Ruin
|turn|1
|
|t:|1779920864
|move|p1a: Darkrai|Will-O-Wisp|p2a: Ting-Lu
|-status|p2a: Ting-Lu|brn
|move|p2a: Ting-Lu|Ruination|p1a: Darkrai
|-damage|p1a: Darkrai|51/100
|
|-heal|p1a: Darkrai|57/100|[from] item: Leftovers
|-damage|p2a: Ting-Lu|94/100 brn|[from] brn
|upkeep
|turn|2
|
|t:|1779920874
|switch|p1a: Enamorus|Enamorus-Therian, F|100/100
|move|p2a: Ting-Lu|Stealth Rock|p1a: Enamorus
|-sidestart|p1: SlimyTime|move: Stealth Rock
|
|-heal|p2a: Ting-Lu|100/100 brn|[from] item: Leftovers
|-damage|p2a: Ting-Lu|94/100 brn|[from] brn
|upkeep
|turn|3
|
|t:|1779920889
|move|p1a: Enamorus|Calm Mind|p1a: Enamorus
|-boost|p1a: Enamorus|spa|1
|-boost|p1a: Enamorus|spd|1
|move|p2a: Ting-Lu|Whirlwind|p1a: Enamorus
|drag|p1a: Dragapult|Dragapult, F|100/100
|-damage|p1a: Dragapult|88/100|[from] Stealth Rock
|
|-heal|p1a: Dragapult|94/100|[from] item: Leftovers
|-heal|p2a: Ting-Lu|100/100 brn|[from] item: Leftovers
|-damage|p2a: Ting-Lu|94/100 brn|[from] brn
|upkeep
|turn|4
|
|t:|1779920900
|move|p1a: Dragapult|Dragon Darts|p2a: Ting-Lu
|-damage|p2a: Ting-Lu|79/100 brn
|-anim|p1a: Dragapult|Dragon Darts|p2a: Ting-Lu
|-damage|p2a: Ting-Lu|64/100 brn
|move|p2a: Ting-Lu|Spikes|p1a: Dragapult
|-sidestart|p1: SlimyTime|Spikes
|
|-heal|p1a: Dragapult|99/100|[from] item: Leftovers
|-heal|p2a: Ting-Lu|70/100 brn|[from] item: Leftovers
|-damage|p2a: Ting-Lu|64/100 brn|[from] brn
|upkeep
|turn|5
|
|t:|1779920911
|move|p1a: Dragapult|Dragon Darts|p2a: Ting-Lu
|-damage|p2a: Ting-Lu|50/100 brn
|-anim|p1a: Dragapult|Dragon Darts|p2a: Ting-Lu
|-damage|p2a: Ting-Lu|33/100 brn
|move|p2a: Ting-Lu|Ruination|p1a: Dragapult
|-damage|p1a: Dragapult|50/100
|
|-heal|p1a: Dragapult|56/100|[from] item: Leftovers
|-heal|p2a: Ting-Lu|40/100 brn|[from] item: Leftovers
|-damage|p2a: Ting-Lu|33/100 brn|[from] brn
|upkeep
|turn|6
|
|t:|1779920922
|move|p1a: Dragapult|Dragon Dance|p1a: Dragapult
|-boost|p1a: Dragapult|atk|1
|-boost|p1a: Dragapult|spe|1
|move|p2a: Ting-Lu|Spikes|p1a: Dragapult
|-sidestart|p1: SlimyTime|Spikes
|
|-heal|p1a: Dragapult|62/100|[from] item: Leftovers
|-heal|p2a: Ting-Lu|40/100 brn|[from] item: Leftovers
|-damage|p2a: Ting-Lu|33/100 brn|[from] brn
|upkeep
|turn|7
|
|t:|1779920932
|switch|p2a: Kingambit|Kingambit, F|100/100
|move|p1a: Dragapult|Dragon Darts|p2a: Kingambit
|-resisted|p2a: Kingambit
|-damage|p2a: Kingambit|83/100
|-anim|p1a: Dragapult|Dragon Darts|p2a: Kingambit
|-resisted|p2a: Kingambit
|-damage|p2a: Kingambit|65/100
|
|-heal|p1a: Dragapult|68/100|[from] item: Leftovers
|-heal|p2a: Kingambit|71/100|[from] item: Leftovers
|upkeep
|turn|8
|
|t:|1779920943
|move|p1a: Dragapult|Dragon Darts|p2a: Kingambit
|-resisted|p2a: Kingambit
|-damage|p2a: Kingambit|53/100
|-anim|p1a: Dragapult|Dragon Darts|p2a: Kingambit
|-resisted|p2a: Kingambit
|-damage|p2a: Kingambit|34/100
|move|p2a: Kingambit|Iron Head|p1a: Dragapult
|-damage|p1a: Dragapult|4/100
|
|-heal|p1a: Dragapult|10/100|[from] item: Leftovers
|-heal|p2a: Kingambit|40/100|[from] item: Leftovers
|upkeep
|turn|9
|
|t:|1779920953
|move|p2a: Kingambit|Sucker Punch|p1a: Dragapult
|-supereffective|p1a: Dragapult
|-damage|p1a: Dragapult|0 fnt
|faint|p1a: Dragapult
|
|-heal|p2a: Kingambit|47/100|[from] item: Leftovers
|upkeep
|
|t:|1779920956
|switch|p1a: Iron Treads|Iron Treads|100/100
|-damage|p1a: Iron Treads|97/100|[from] Stealth Rock
|-damage|p1a: Iron Treads|81/100|[from] Spikes
|-enditem|p1a: Iron Treads|Booster Energy
|-activate|p1a: Iron Treads|ability: Quark Drive|[fromitem]
|-start|p1a: Iron Treads|quarkdrivespe
|turn|10
|
|t:|1779920968
|-end|p2a: Kingambit|fallenundefined|[silent]
|switch|p2a: Sinistcha|Sinistcha-Masterpiece|100/100
|move|p1a: Iron Treads|Knock Off|p2a: Sinistcha
|-supereffective|p2a: Sinistcha
|-damage|p2a: Sinistcha|56/100
|-enditem|p2a: Sinistcha|Leftovers|[from] move: Knock Off|[of] p1a: Iron Treads
|
|upkeep
|turn|11
|
|t:|1779920975
|move|p1a: Iron Treads|Stealth Rock|p2a: Sinistcha
|-sidestart|p2: unamedturd|move: Stealth Rock
|move|p2a: Sinistcha|Strength Sap|p1a: Iron Treads
|-unboost|p1a: Iron Treads|atk|1
|-heal|p2a: Sinistcha|100/100
|
|upkeep
|turn|12
|
|t:|1779920987
|-end|p1a: Iron Treads|Quark Drive|[silent]
|switch|p1a: Darkrai|Darkrai|57/100
|-damage|p1a: Darkrai|45/100|[from] Stealth Rock
|-damage|p1a: Darkrai|28/100|[from] Spikes
|move|p2a: Sinistcha|Matcha Gotcha|p1a: Darkrai|[miss]
|-miss|p2a: Sinistcha|p1a: Darkrai
|
|-heal|p1a: Darkrai|34/100|[from] item: Leftovers
|upkeep
|turn|13
|
|t:|1779920999
|switch|p2a: Ting-Lu|Ting-Lu|33/100 brn
|-damage|p2a: Ting-Lu|27/100 brn|[from] Stealth Rock
|-ability|p2a: Ting-Lu|Vessel of Ruin
|move|p1a: Darkrai|Dark Pulse|p2a: Ting-Lu
|-resisted|p2a: Ting-Lu
|-damage|p2a: Ting-Lu|20/100 brn
|
|-heal|p1a: Darkrai|40/100|[from] item: Leftovers
|-heal|p2a: Ting-Lu|26/100 brn|[from] item: Leftovers
|-damage|p2a: Ting-Lu|20/100 brn|[from] brn
|upkeep
|turn|14
|
|t:|1779921011
|move|p1a: Darkrai|Ice Beam|p2a: Ting-Lu
|-supereffective|p2a: Ting-Lu
|-damage|p2a: Ting-Lu|0 fnt
|faint|p2a: Ting-Lu
|
|-heal|p1a: Darkrai|46/100|[from] item: Leftovers
|upkeep
|
|t:|1779921042
|switch|p2a: Great Tusk|Great Tusk|100/100
|-damage|p2a: Great Tusk|97/100|[from] Stealth Rock
|-enditem|p2a: Great Tusk|Booster Energy
|-activate|p2a: Great Tusk|ability: Protosynthesis|[fromitem]
|-start|p2a: Great Tusk|protosynthesisspe
|turn|15
|
|t:|1779921054
|move|p2a: Great Tusk|Headlong Rush|p1a: Darkrai
|-damage|p1a: Darkrai|0 fnt
|-unboost|p2a: Great Tusk|def|1
|-unboost|p2a: Great Tusk|spd|1
|faint|p1a: Darkrai
|
|upkeep
|
|t:|1779921058
|switch|p1a: Enamorus|Enamorus-Therian, F|100/100
|-damage|p1a: Enamorus|75/100|[from] Stealth Rock
|turn|16
|
|t:|1779921071
|move|p2a: Great Tusk|Ice Spinner|p1a: Enamorus
|-supereffective|p1a: Enamorus
|-damage|p1a: Enamorus|35/100
|move|p1a: Enamorus|Draining Kiss|p2a: Great Tusk
|-supereffective|p2a: Great Tusk
|-damage|p2a: Great Tusk|0 fnt
|-heal|p1a: Enamorus|100/100|[from] drain|[of] p2a: Great Tusk
|faint|p2a: Great Tusk
|-end|p2a: Great Tusk|Protosynthesis|[silent]
|
|upkeep
|
|t:|1779921080
|switch|p2a: Gholdengo|Gholdengo|100/100
|-damage|p2a: Gholdengo|94/100|[from] Stealth Rock
|turn|17
|j| ArtistsRendition
|
|t:|1779921088
|switch|p1a: Iron Treads|Iron Treads|81/100
|-damage|p1a: Iron Treads|78/100|[from] Stealth Rock
|-damage|p1a: Iron Treads|61/100|[from] Spikes
|move|p2a: Gholdengo|Shadow Ball|p1a: Iron Treads
|-damage|p1a: Iron Treads|2/100
|
|upkeep
|turn|18
|
|t:|1779921097
|move|p2a: Gholdengo|Shadow Ball|p1a: Iron Treads
|-damage|p1a: Iron Treads|0 fnt
|faint|p1a: Iron Treads
|-end|p1a: Iron Treads|Quark Drive|[silent]
|
|upkeep
|
|t:|1779921104
|switch|p1a: Zamazenta|Zamazenta|100/100
|-damage|p1a: Zamazenta|94/100|[from] Stealth Rock
|-damage|p1a: Zamazenta|78/100|[from] Spikes
|-ability|p1a: Zamazenta|Dauntless Shield|boost
|-boost|p1a: Zamazenta|def|1
|turn|19
|
|t:|1779921112
|move|p2a: Gholdengo|Shadow Ball|p1a: Zamazenta
|-damage|p1a: Zamazenta|45/100
|move|p1a: Zamazenta|Light Screen|p1a: Zamazenta
|-sidestart|p1: SlimyTime|move: Light Screen
|
|upkeep
|turn|20
|
|t:|1779921119
|switch|p1a: Iron Crown|Iron Crown|100/100
|-damage|p1a: Iron Crown|94/100|[from] Stealth Rock
|-damage|p1a: Iron Crown|78/100|[from] Spikes
|-enditem|p1a: Iron Crown|Booster Energy
|-activate|p1a: Iron Crown|ability: Quark Drive|[fromitem]
|-start|p1a: Iron Crown|quarkdrivespe
|move|p2a: Gholdengo|Shadow Ball|p1a: Iron Crown
|-supereffective|p1a: Iron Crown
|-damage|p1a: Iron Crown|38/100
|
|upkeep
|turn|21
|
|t:|1779921130
|move|p1a: Iron Crown|Tachyon Cutter|p2a: Gholdengo
|-resisted|p2a: Gholdengo
|-damage|p2a: Gholdengo|82/100
|-resisted|p2a: Gholdengo
|-damage|p2a: Gholdengo|68/100
|-hitcount|p2a: Gholdengo|2
|move|p2a: Gholdengo|Shadow Ball|p1a: Iron Crown
|-supereffective|p1a: Iron Crown
|-damage|p1a: Iron Crown|0 fnt
|faint|p1a: Iron Crown
|-end|p1a: Iron Crown|Quark Drive|[silent]
|
|upkeep
|
|t:|1779921133
|switch|p1a: Enamorus|Enamorus-Therian, F|100/100
|-damage|p1a: Enamorus|75/100|[from] Stealth Rock
|turn|22
|
|t:|1779921146
|switch|p2a: Kingambit|Kingambit, F|47/100
|-damage|p2a: Kingambit|40/100|[from] Stealth Rock
|-activate|p2a: Kingambit|ability: Supreme Overlord
|-start|p2a: Kingambit|fallen2|[silent]
|move|p1a: Enamorus|Calm Mind|p1a: Enamorus
|-boost|p1a: Enamorus|spa|1
|-boost|p1a: Enamorus|spd|1
|
|-heal|p2a: Kingambit|47/100|[from] item: Leftovers
|-heal|p1a: Enamorus|82/100|[from] item: Leftovers
|upkeep
|turn|23
|
|t:|1779921157
|-terastallize|p1a: Enamorus|Ground
|move|p2a: Kingambit|Substitute|p2a: Kingambit
|-start|p2a: Kingambit|Substitute
|-damage|p2a: Kingambit|22/100
|move|p1a: Enamorus|Draining Kiss|p2a: Kingambit
|-end|p2a: Kingambit|Substitute
|-heal|p1a: Enamorus|99/100|[from] drain|[of] p2a: Kingambit
|
|-heal|p2a: Kingambit|28/100|[from] item: Leftovers
|-heal|p1a: Enamorus|100/100|[from] item: Leftovers
|upkeep
|turn|24
|
|t:|1779921172
|move|p2a: Kingambit|Substitute|p2a: Kingambit
|-start|p2a: Kingambit|Substitute
|-damage|p2a: Kingambit|3/100
|move|p1a: Enamorus|Draining Kiss|p2a: Kingambit
|-end|p2a: Kingambit|Substitute
|
|-heal|p2a: Kingambit|9/100|[from] item: Leftovers
|upkeep
|turn|25
|
|t:|1779921181
|move|p2a: Kingambit|Iron Head|p1a: Enamorus
|-damage|p1a: Enamorus|49/100
|move|p1a: Enamorus|Draining Kiss|p2a: Kingambit
|-damage|p2a: Kingambit|0 fnt
|-heal|p1a: Enamorus|55/100|[from] drain|[of] p2a: Kingambit
|faint|p2a: Kingambit
|-end|p2a: Kingambit|fallen2|[silent]
|
|-heal|p1a: Enamorus|61/100|[from] item: Leftovers
|upkeep
|l| ArtistsRendition
|
|t:|1779921192
|switch|p2a: Gholdengo|Gholdengo|68/100
|-damage|p2a: Gholdengo|62/100|[from] Stealth Rock
|turn|26
|
|t:|1779921197
|move|p2a: Gholdengo|Trick|p1a: Enamorus
|-activate|p2a: Gholdengo|move: Trick|[of] p1a: Enamorus
|-item|p1a: Enamorus|Choice Scarf|[from] move: Trick
|-item|p2a: Gholdengo|Leftovers|[from] move: Trick
|move|p1a: Enamorus|Earth Power|p2a: Gholdengo
|-supereffective|p2a: Gholdengo
|-damage|p2a: Gholdengo|0 fnt
|faint|p2a: Gholdengo
|
|-sideend|p1: SlimyTime|move: Light Screen
|upkeep
|
|t:|1779921207
|switch|p2a: Sinistcha|Sinistcha-Masterpiece|100/100
|-damage|p2a: Sinistcha|88/100|[from] Stealth Rock
|turn|27
|
|t:|1779921211
|move|p1a: Enamorus|Earth Power|p2a: Sinistcha
|-resisted|p2a: Sinistcha
|-crit|p2a: Sinistcha
|-damage|p2a: Sinistcha|17/100
|move|p2a: Sinistcha|Calm Mind|p2a: Sinistcha
|-boost|p2a: Sinistcha|spa|1
|-boost|p2a: Sinistcha|spd|1
|
|upkeep
|turn|28
|
|t:|1779921220
|move|p1a: Enamorus|Earth Power|p2a: Sinistcha
|-resisted|p2a: Sinistcha
|-damage|p2a: Sinistcha|0 fnt
|faint|p2a: Sinistcha
|
|upkeep
|-message|unamedturd forfeited.
|
|win|SlimyTime
|raw|SlimyTime's rating: 1621 &rarr; <strong>1640</strong><br />(+19 for winning)
|raw|unamedturd's rating: 1602 &rarr; <strong>1583</strong><br />(-19 for losing)
|l|☆unamedturd
|player|p2|
|l|☆SlimyTime
|player|p1|
