|j|☆Nitidez
|j|☆bugcatcher_parede
|t:|1779835857
|gametype|singles
|player|p1|Nitidez|lass|1052
|player|p2|bugcatcher_parede|101|1070
|gen|9
|tier|[Gen 9] OU
|rated|
|rule|HP Percentage Mod: HP is shown in percentages
|rule|Endless Battle Clause: Forcing endless battles is banned
|rule|Species Clause: Limit one of each Pokémon
|rule|OHKO Clause: OHKO moves are banned
|rule|Evasion Items Clause: Evasion items are banned
|rule|Evasion Moves Clause: Evasion moves are banned
|rule|Evasion Abilities Clause: Evasion abilities are banned
|rule|Sleep Moves Clause: Sleep-inducing moves are banned
|clearpoke
|poke|p1|Mew|
|poke|p1|Ditto|
|poke|p1|Sableye, F|
|poke|p1|Garganacl, M|
|poke|p1|Breloom, M|
|poke|p1|Ting-Lu|
|poke|p2|Ribombee, F|
|poke|p2|Araquanid, M|
|poke|p2|Forretress, M|
|poke|p2|Kleavor, F|
|poke|p2|Scizor, M|
|poke|p2|Lokix, M|
|teampreview
|
|t:|1779835863
|teamsize|p1|6
|teamsize|p2|6
|start
|switch|p1a: Ting-Lu|Ting-Lu|100/100
|switch|p2a: Mrs. Honeymoon|Ribombee, F, shiny|100/100
|-ability|p1a: Ting-Lu|Vessel of Ruin
|turn|1
|
|t:|1779835869
|move|p2a: Mrs. Honeymoon|Sticky Web|p1a: Ting-Lu
|-sidestart|p1: Nitidez|move: Sticky Web
|move|p1a: Ting-Lu|Stealth Rock|p2a: Mrs. Honeymoon
|-sidestart|p2: bugcatcher_parede|move: Stealth Rock
|
|upkeep
|turn|2
|
|t:|1779835875
|move|p2a: Mrs. Honeymoon|Stun Spore|p1a: Ting-Lu
|-status|p1a: Ting-Lu|par
|move|p1a: Ting-Lu|Spikes|p2a: Mrs. Honeymoon
|-sidestart|p2: bugcatcher_parede|Spikes
|
|upkeep
|turn|3
|
|t:|1779835880
|move|p2a: Mrs. Honeymoon|Moonblast|p1a: Ting-Lu
|-supereffective|p1a: Ting-Lu
|-damage|p1a: Ting-Lu|59/100 par
|move|p1a: Ting-Lu|Spikes|p2a: Mrs. Honeymoon
|-sidestart|p2: bugcatcher_parede|Spikes
|
|-heal|p1a: Ting-Lu|65/100 par|[from] item: Leftovers
|upkeep
|turn|4
|
|t:|1779835886
|move|p2a: Mrs. Honeymoon|Moonblast|p1a: Ting-Lu
|-supereffective|p1a: Ting-Lu
|-damage|p1a: Ting-Lu|22/100 par
|move|p1a: Ting-Lu|Spikes|p2a: Mrs. Honeymoon
|-sidestart|p2: bugcatcher_parede|Spikes
|
|-heal|p1a: Ting-Lu|28/100 par|[from] item: Leftovers
|upkeep
|turn|5
|
|t:|1779835893
|move|p2a: Mrs. Honeymoon|U-turn|p1a: Ting-Lu
|-supereffective|p1a: Ting-Lu
|-damage|p1a: Ting-Lu|15/100 par
|
|t:|1779835896
|switch|p2a: Mr. Shellby|Forretress, M, shiny|100/100|[from] U-turn
|-damage|p2a: Mr. Shellby|88/100|[from] Stealth Rock
|-damage|p2a: Mr. Shellby|63/100|[from] Spikes
|move|p1a: Ting-Lu|Whirlwind|p2a: Mr. Shellby
|drag|p2a: Mrs. Honeymoon|Ribombee, F, shiny|100/100
|-damage|p2a: Mrs. Honeymoon|76/100|[from] Stealth Rock
|-damage|p2a: Mrs. Honeymoon|51/100|[from] Spikes
|
|-heal|p1a: Ting-Lu|22/100 par|[from] item: Leftovers
|upkeep
|turn|6
|
|t:|1779835908
|move|p2a: Mrs. Honeymoon|Moonblast|p1a: Ting-Lu
|-supereffective|p1a: Ting-Lu
|-damage|p1a: Ting-Lu|0 fnt
|faint|p1a: Ting-Lu
|
|upkeep
|
|t:|1779835922
|switch|p1a: Garganacl|Garganacl, M|100/100
|-activate|p1a: Garganacl|move: Sticky Web
|-unboost|p1a: Garganacl|spe|1
|turn|7
|
|t:|1779835931
|move|p2a: Mrs. Honeymoon|U-turn|p1a: Garganacl
|-damage|p1a: Garganacl|93/100
|
|t:|1779835934
|switch|p2a: Mr. Shellby|Forretress, M, shiny|63/100|[from] U-turn
|-damage|p2a: Mr. Shellby|51/100|[from] Stealth Rock
|-damage|p2a: Mr. Shellby|26/100|[from] Spikes
|move|p1a: Garganacl|Salt Cure|p2a: Mr. Shellby
|-damage|p2a: Mr. Shellby|18/100
|-start|p2a: Mr. Shellby|Salt Cure
|
|-heal|p1a: Garganacl|99/100|[from] item: Leftovers
|-damage|p2a: Mr. Shellby|0 fnt|[from] Salt Cure
|faint|p2a: Mr. Shellby
|upkeep
|-message|bugcatcher_parede forfeited.
|
|win|Nitidez
|raw|Nitidez's rating: 1052 &rarr; <strong>1086</strong><br />(+34 for winning)
|raw|bugcatcher_parede's rating: 1070 &rarr; <strong>1048</strong><br />(-22 for losing)
|l|☆bugcatcher_parede
|player|p2|
