|j|☆EddyduBourgPalette
|j|☆claudechamp
|t:|1779804944
|gametype|singles
|player|p1|EddyduBourgPalette|266|1328
|player|p2|claudechamp|265|1323
|gen|9
|tier|[Gen 9] OU
|rated|
|rule|HP Percentage Mod: HP is shown in percentages
|rule|Endless Battle Clause: Forcing endless battles is banned
|rule|Species Clause: Limit one of each Pokémon
|rule|OHKO Clause: OHKO moves are banned
|rule|Evasion Items Clause: Evasion items are banned
|rule|Evasion Moves Clause: Evasion moves are banned
|rule|Evasion Abilities Clause: Evasion abilities are banned
|rule|Sleep Moves Clause: Sleep-inducing moves are banned
|clearpoke
|poke|p1|Hippowdon, M|
|poke|p1|Gastrodon, F|
|poke|p1|Corviknight, M|
|poke|p1|Gholdengo|
|poke|p1|Iron Valiant|
|poke|p1|Ting-Lu|
|poke|p2|Corviknight, F|
|poke|p2|Ting-Lu|
|poke|p2|Kyurem|
|poke|p2|Dondozo, F|
|poke|p2|Slowking-Galar, M|
|poke|p2|Cinderace, F|
|teampreview
|c|☆claudechamp|hf
|inactive|Battle timer is ON: inactive players will automatically lose when time's up. (requested by claudechamp)
|
|t:|1779804951
|teamsize|p1|6
|teamsize|p2|6
|start
|switch|p1a: Hippowdon|Hippowdon, M, shiny|100/100
|switch|p2a: Cinderace|Cinderace, F|100/100
|-weather|Sandstorm|[from] ability: Sand Stream|[of] p1a: Hippowdon
|turn|1
|
|t:|1779804960
|move|p2a: Cinderace|Pyro Ball|p1a: Hippowdon
|-damage|p1a: Hippowdon|71/100
|move|p1a: Hippowdon|Stealth Rock|p2a: Cinderace
|-sidestart|p2: claudechamp|move: Stealth Rock
|
|-weather|Sandstorm|[upkeep]
|-damage|p2a: Cinderace|94/100|[from] Sandstorm
|-heal|p1a: Hippowdon|77/100|[from] item: Leftovers
|upkeep
|turn|2
|
|t:|1779804971
|move|p2a: Cinderace|Will-O-Wisp|p1a: Hippowdon
|-status|p1a: Hippowdon|brn
|move|p1a: Hippowdon|Earthquake|p2a: Cinderace
|-supereffective|p2a: Cinderace
|-damage|p2a: Cinderace|48/100
|
|-weather|Sandstorm|[upkeep]
|-damage|p2a: Cinderace|42/100|[from] Sandstorm
|-heal|p1a: Hippowdon|83/100 brn|[from] item: Leftovers
|-damage|p1a: Hippowdon|77/100 brn|[from] brn
|upkeep
|turn|3
|
|t:|1779804982
|move|p2a: Cinderace|Court Change|p2a: Cinderace
|-swapsideconditions
|-activate|p2a: Cinderace|move: Court Change
|move|p1a: Hippowdon|Earthquake|p2a: Cinderace
|-supereffective|p2a: Cinderace
|-damage|p2a: Cinderace|0 fnt
|faint|p2a: Cinderace
|
|-weather|Sandstorm|[upkeep]
|-heal|p1a: Hippowdon|83/100 brn|[from] item: Leftovers
|-damage|p1a: Hippowdon|77/100 brn|[from] brn
|upkeep
|
|t:|1779804984
|switch|p2a: Kyurem|Kyurem|100/100
|-ability|p2a: Kyurem|Pressure
|turn|4
|
|t:|1779804999
|-terastallize|p1a: Hippowdon|Steel
|move|p2a: Kyurem|Freeze-Dry|p1a: Hippowdon
|-resisted|p1a: Hippowdon
|-damage|p1a: Hippowdon|59/100 brn
|move|p1a: Hippowdon|Stealth Rock|p2a: Kyurem
|-sidestart|p2: claudechamp|move: Stealth Rock
|
|-weather|Sandstorm|[upkeep]
|-damage|p2a: Kyurem|94/100|[from] Sandstorm
|-heal|p2a: Kyurem|100/100|[from] item: Leftovers
|-heal|p1a: Hippowdon|65/100 brn|[from] item: Leftovers
|-damage|p1a: Hippowdon|59/100 brn|[from] brn
|upkeep
|turn|5
|
|t:|1779805011
|switch|p1a: Corviknight|Corviknight, M, shiny|100/100
|-damage|p1a: Corviknight|88/100|[from] Stealth Rock
|-ability|p1a: Corviknight|Pressure
|move|p2a: Kyurem|Earth Power|p1a: Corviknight
|-immune|p1a: Corviknight
|
|-weather|none
|upkeep
|turn|6
|
|t:|1779805022
|move|p2a: Kyurem|Freeze-Dry|p1a: Corviknight
|-damage|p1a: Corviknight|52/100
|move|p1a: Corviknight|U-turn|p2a: Kyurem
|-crit|p2a: Kyurem
|-damage|p2a: Kyurem|81/100
|
|t:|1779805032
|switch|p1a: Gholdengo|Gholdengo, shiny|100/100|[from] U-turn
|-damage|p1a: Gholdengo|94/100|[from] Stealth Rock
|-item|p1a: Gholdengo|Air Balloon
|
|-heal|p2a: Kyurem|87/100|[from] item: Leftovers
|upkeep
|turn|7
|
|t:|1779805040
|-terastallize|p2a: Kyurem|Ground
|move|p2a: Kyurem|Freeze-Dry|p1a: Gholdengo
|-resisted|p1a: Gholdengo
|-damage|p1a: Gholdengo|77/100
|-enditem|p1a: Gholdengo|Air Balloon
|move|p1a: Gholdengo|Make It Rain|p2a: Kyurem
|-damage|p2a: Kyurem|36/100
|-unboost|p1a: Gholdengo|spa|1
|
|-heal|p2a: Kyurem|42/100|[from] item: Leftovers
|upkeep
|turn|8
|
|t:|1779805052
|switch|p1a: Corviknight|Corviknight, M, shiny|52/100
|-damage|p1a: Corviknight|40/100|[from] Stealth Rock
|-ability|p1a: Corviknight|Pressure
|move|p2a: Kyurem|Earth Power|p1a: Corviknight
|-immune|p1a: Corviknight
|
|-heal|p2a: Kyurem|48/100|[from] item: Leftovers
|upkeep
|turn|9
|
|t:|1779805062
|move|p2a: Kyurem|Freeze-Dry|p1a: Corviknight
|-damage|p1a: Corviknight|3/100
|move|p1a: Corviknight|Roost|p1a: Corviknight
|-heal|p1a: Corviknight|53/100
|-singleturn|p1a: Corviknight|move: Roost
|
|-heal|p2a: Kyurem|54/100|[from] item: Leftovers
|upkeep
|turn|10
|
|t:|1779805074
|move|p2a: Kyurem|Freeze-Dry|p1a: Corviknight
|-damage|p1a: Corviknight|17/100
|move|p1a: Corviknight|Roost|p1a: Corviknight
|-heal|p1a: Corviknight|67/100
|-singleturn|p1a: Corviknight|move: Roost
|
|-heal|p2a: Kyurem|60/100|[from] item: Leftovers
|upkeep
|turn|11
|
|t:|1779805082
|move|p2a: Kyurem|Freeze-Dry|p1a: Corviknight
|-damage|p1a: Corviknight|31/100
|move|p1a: Corviknight|U-turn|p2a: Kyurem
|-damage|p2a: Kyurem|47/100
|
|t:|1779805092
|switch|p1a: Gholdengo|Gholdengo, shiny|77/100|[from] U-turn
|-damage|p1a: Gholdengo|71/100|[from] Stealth Rock
|
|-heal|p2a: Kyurem|53/100|[from] item: Leftovers
|upkeep
|turn|12
|
|t:|1779805098
|move|p2a: Kyurem|Earth Power|p1a: Gholdengo
|-supereffective|p1a: Gholdengo
|-damage|p1a: Gholdengo|0 fnt
|faint|p1a: Gholdengo
|
|-heal|p2a: Kyurem|60/100|[from] item: Leftovers
|upkeep
|
|t:|1779805106
|switch|p1a: Ting-Lu|Ting-Lu, shiny|100/100
|-damage|p1a: Ting-Lu|94/100|[from] Stealth Rock
|-ability|p1a: Ting-Lu|Vessel of Ruin
|turn|13
|
|t:|1779805114
|move|p2a: Kyurem|Freeze-Dry|p1a: Ting-Lu
|-supereffective|p1a: Ting-Lu
|-damage|p1a: Ting-Lu|64/100
|move|p1a: Ting-Lu|Whirlwind|p2a: Kyurem
|drag|p2a: Ting-Lu|Ting-Lu|100/100
|-damage|p2a: Ting-Lu|94/100|[from] Stealth Rock
|-ability|p2a: Ting-Lu|Vessel of Ruin
|
|-heal|p1a: Ting-Lu|70/100|[from] item: Leftovers
|-heal|p2a: Ting-Lu|100/100|[from] item: Leftovers
|upkeep
|turn|14
|
|t:|1779805125
|switch|p2a: Dondozo|Dondozo, F|100/100
|-damage|p2a: Dondozo|88/100|[from] Stealth Rock
|move|p1a: Ting-Lu|Spikes|p2a: Dondozo
|-sidestart|p2: claudechamp|Spikes
|
|-heal|p1a: Ting-Lu|76/100|[from] item: Leftovers
|-heal|p2a: Dondozo|94/100|[from] item: Leftovers
|upkeep
|turn|15
|
|t:|1779805135
|move|p1a: Ting-Lu|Spikes|p2a: Dondozo
|-sidestart|p2: claudechamp|Spikes
|move|p2a: Dondozo|Waterfall|p1a: Ting-Lu
|-supereffective|p1a: Ting-Lu
|-damage|p1a: Ting-Lu|46/100
|
|-heal|p1a: Ting-Lu|52/100|[from] item: Leftovers
|-heal|p2a: Dondozo|100/100|[from] item: Leftovers
|upkeep
|turn|16
|
|t:|1779805142
|switch|p1a: Gastrodon|Gastrodon, F, shiny|100/100
|-damage|p1a: Gastrodon|94/100|[from] Stealth Rock
|move|p2a: Dondozo|Waterfall|p1a: Gastrodon
|-ability|p1a: Gastrodon|Storm Drain|boost
|-boost|p1a: Gastrodon|spa|1
|
|-heal|p1a: Gastrodon|100/100|[from] item: Leftovers
|upkeep
|turn|17
|
|t:|1779805153
|move|p1a: Gastrodon|Ice Beam|p2a: Dondozo
|-resisted|p2a: Dondozo
|-damage|p2a: Dondozo|94/100
|move|p2a: Dondozo|Body Press|p1a: Gastrodon
|-damage|p1a: Gastrodon|79/100
|
|-heal|p1a: Gastrodon|85/100|[from] item: Leftovers
|-heal|p2a: Dondozo|99/100|[from] item: Leftovers
|upkeep
|turn|18
|
|t:|1779805161
|move|p1a: Gastrodon|Earth Power|p2a: Dondozo
|-damage|p2a: Dondozo|82/100
|move|p2a: Dondozo|Waterfall|p1a: Gastrodon
|-ability|p1a: Gastrodon|Storm Drain|boost
|-boost|p1a: Gastrodon|spa|1
|
|-heal|p1a: Gastrodon|91/100|[from] item: Leftovers
|-heal|p2a: Dondozo|88/100|[from] item: Leftovers
|upkeep
|turn|19
|
|t:|1779805168
|move|p1a: Gastrodon|Earth Power|p2a: Dondozo
|-damage|p2a: Dondozo|70/100
|-unboost|p2a: Dondozo|spd|1
|move|p2a: Dondozo|Body Press|p1a: Gastrodon
|-damage|p1a: Gastrodon|69/100
|
|-heal|p1a: Gastrodon|75/100|[from] item: Leftovers
|-heal|p2a: Dondozo|76/100|[from] item: Leftovers
|upkeep
|turn|20
|
|t:|1779805177
|move|p1a: Gastrodon|Earth Power|p2a: Dondozo
|-damage|p2a: Dondozo|46/100
|move|p2a: Dondozo|Body Press|p1a: Gastrodon
|-damage|p1a: Gastrodon|51/100
|
|-heal|p1a: Gastrodon|57/100|[from] item: Leftovers
|-heal|p2a: Dondozo|53/100|[from] item: Leftovers
|upkeep
|turn|21
|
|t:|1779805184
|switch|p2a: Corviknight|Corviknight, F|100/100
|-damage|p2a: Corviknight|88/100|[from] Stealth Rock
|-ability|p2a: Corviknight|Pressure
|move|p1a: Gastrodon|Earth Power|p2a: Corviknight
|-immune|p2a: Corviknight
|
|-heal|p1a: Gastrodon|63/100|[from] item: Leftovers
|upkeep
|turn|22
|
|t:|1779805195
|move|p1a: Gastrodon|Protect|p1a: Gastrodon
|-singleturn|p1a: Gastrodon|Protect
|move|p2a: Corviknight|Brave Bird|p1a: Gastrodon
|-activate|p1a: Gastrodon|move: Protect
|
|-heal|p1a: Gastrodon|69/100|[from] item: Leftovers
|upkeep
|turn|23
|
|t:|1779805202
|switch|p1a: Corviknight|Corviknight, M, shiny|31/100
|-damage|p1a: Corviknight|18/100|[from] Stealth Rock
|-ability|p1a: Corviknight|Pressure
|move|p2a: Corviknight|Brave Bird|p1a: Corviknight
|-resisted|p1a: Corviknight
|-damage|p1a: Corviknight|6/100
|-damage|p2a: Corviknight|72/100|[from] item: Rocky Helmet|[of] p1a: Corviknight
|-damage|p2a: Corviknight|68/100|[from] Recoil
|
|upkeep
|turn|24
|
|t:|1779805213
|move|p1a: Corviknight|Roost|p1a: Corviknight
|-heal|p1a: Corviknight|56/100
|-singleturn|p1a: Corviknight|move: Roost
|move|p2a: Corviknight|Roost|p2a: Corviknight
|-heal|p2a: Corviknight|100/100
|-singleturn|p2a: Corviknight|move: Roost
|
|upkeep
|turn|25
|
|t:|1779805222
|move|p1a: Corviknight|Roost|p1a: Corviknight
|-heal|p1a: Corviknight|100/100
|-singleturn|p1a: Corviknight|move: Roost
|move|p2a: Corviknight|Defog|p1a: Corviknight
|-unboost|p1a: Corviknight|evasion|1
|-sideend|p1: EddyduBourgPalette|Stealth Rock|[from] move: Defog|[of] p2a: Corviknight
|-sideend|p2: claudechamp|Spikes|[from] move: Defog|[of] p2a: Corviknight
|-sideend|p2: claudechamp|Stealth Rock|[from] move: Defog|[of] p2a: Corviknight
|
|upkeep
|turn|26
|
|t:|1779805231
|switch|p2a: Kyurem|Kyurem, tera:Ground|60/100
|-ability|p2a: Kyurem|Pressure
|move|p1a: Corviknight|U-turn|p2a: Kyurem
|-damage|p2a: Kyurem|48/100
|
|t:|1779805247
|switch|p1a: Hippowdon|Hippowdon, M, shiny, tera:Steel|59/100 brn|[from] U-turn
|-weather|Sandstorm|[from] ability: Sand Stream|[of] p1a: Hippowdon
|
|-weather|Sandstorm|[upkeep]
|-heal|p2a: Kyurem|54/100|[from] item: Leftovers
|-heal|p1a: Hippowdon|65/100 brn|[from] item: Leftovers
|-damage|p1a: Hippowdon|59/100 brn|[from] brn
|upkeep
|turn|27
|
|t:|1779805256
|move|p2a: Kyurem|Earth Power|p1a: Hippowdon
|-supereffective|p1a: Hippowdon
|-damage|p1a: Hippowdon|0 fnt
|faint|p1a: Hippowdon
|
|-weather|Sandstorm|[upkeep]
|-heal|p2a: Kyurem|60/100|[from] item: Leftovers
|upkeep
|
|t:|1779805280
|switch|p1a: Gastrodon|Gastrodon, F, shiny|69/100
|turn|28
|
|t:|1779805289
|move|p2a: Kyurem|Freeze-Dry|p1a: Gastrodon
|-supereffective|p1a: Gastrodon
|-damage|p1a: Gastrodon|0 fnt
|faint|p1a: Gastrodon
|
|-weather|Sandstorm|[upkeep]
|-heal|p2a: Kyurem|66/100|[from] item: Leftovers
|upkeep
|-message|EddyduBourgPalette forfeited.
|
|win|claudechamp
|raw|EddyduBourgPalette's rating: 1328 &rarr; <strong>1308</strong><br />(-20 for losing)
|raw|claudechamp's rating: 1323 &rarr; <strong>1343</strong><br />(+20 for winning)
|l|☆EddyduBourgPalette
|player|p1|
|c|☆claudechamp|gg
