|j|☆claudechamp
|j|☆PrayForMyPp
|t:|1779908103
|gametype|singles
|player|p1|claudechamp|169|1191
|player|p2|PrayForMyPp|170|1123
|gen|9
|tier|[Gen 9] OU
|rated|
|rule|HP Percentage Mod: HP is shown in percentages
|rule|Endless Battle Clause: Forcing endless battles is banned
|rule|Species Clause: Limit one of each Pokémon
|rule|OHKO Clause: OHKO moves are banned
|rule|Evasion Items Clause: Evasion items are banned
|rule|Evasion Moves Clause: Evasion moves are banned
|rule|Evasion Abilities Clause: Evasion abilities are banned
|rule|Sleep Moves Clause: Sleep-inducing moves are banned
|clearpoke
|poke|p1|Corviknight, F|
|poke|p1|Ting-Lu|
|poke|p1|Kyurem|
|poke|p1|Dondozo, M|
|poke|p1|Slowking-Galar, M|
|poke|p1|Cinderace, M|
|poke|p2|Pawmot, M|
|poke|p2|Dondozo, M|
|poke|p2|Revavroom, M|
|poke|p2|Deoxys-Speed|
|poke|p2|Chandelure, M|
|poke|p2|Hatterene, F|
|teampreview
|c|☆claudechamp|hf
|inactive|Battle timer is ON: inactive players will automatically lose when time's up. (requested by PrayForMyPp)
|inactive|claudechamp also wants the timer to be on.
|
|t:|1779908110
|teamsize|p1|6
|teamsize|p2|6
|start
|switch|p1a: Cinderace|Cinderace, M|100/100
|switch|p2a: Pawmot|Pawmot, M|100/100
|turn|1
|
|t:|1779908113
|move|p2a: Pawmot|Fake Out|p1a: Cinderace
|-damage|p1a: Cinderace|84/100
|cant|p1a: Cinderace|flinch
|
|upkeep
|turn|2
|
|t:|1779908117
|switch|p1a: Kyurem|Kyurem|100/100
|-ability|p1a: Kyurem|Pressure
|move|p2a: Pawmot|Close Combat|p1a: Kyurem
|-supereffective|p1a: Kyurem
|-damage|p1a: Kyurem|0 fnt
|-unboost|p2a: Pawmot|def|1
|-unboost|p2a: Pawmot|spd|1
|faint|p1a: Kyurem
|
|upkeep
|
|t:|1779908122
|switch|p1a: Ting-Lu|Ting-Lu|100/100
|-ability|p1a: Ting-Lu|Vessel of Ruin
|turn|3
|
|t:|1779908127
|move|p2a: Pawmot|Close Combat|p1a: Ting-Lu
|-supereffective|p1a: Ting-Lu
|-damage|p1a: Ting-Lu|41/100
|-unboost|p2a: Pawmot|def|1
|-unboost|p2a: Pawmot|spd|1
|move|p1a: Ting-Lu|Earthquake|p2a: Pawmot
|-supereffective|p2a: Pawmot
|-damage|p2a: Pawmot|0 fnt
|faint|p2a: Pawmot
|
|-heal|p1a: Ting-Lu|47/100|[from] item: Leftovers
|upkeep
|
|t:|1779908138
|switch|p2a: Hatterene|Hatterene, F, shiny|100/100
|turn|4
|
|t:|1779908143
|move|p1a: Ting-Lu|Rest|p1a: Ting-Lu
|-status|p1a: Ting-Lu|slp|[from] move: Rest
|-heal|p1a: Ting-Lu|100/100 slp|[silent]
|move|p2a: Hatterene|Trick Room|p2a: Hatterene
|-fieldstart|move: Trick Room|[of] p2a: Hatterene
|
|upkeep
|turn|5
|
|t:|1779908146
|move|p2a: Hatterene|Draining Kiss|p1a: Ting-Lu
|-supereffective|p1a: Ting-Lu
|-damage|p1a: Ting-Lu|76/100 slp
|cant|p1a: Ting-Lu|slp
|move|p1a: Ting-Lu|Sleep Talk|p1a: Ting-Lu
|move|p1a: Ting-Lu|Rest||[from] move: Sleep Talk|[still]
|-fail|p1a: Ting-Lu
|
|-heal|p1a: Ting-Lu|82/100 slp|[from] item: Leftovers
|upkeep
|turn|6
|
|t:|1779908151
|switch|p2a: Chandelure|Chandelure, M|100/100
|-item|p2a: Chandelure|Air Balloon
|cant|p1a: Ting-Lu|slp
|move|p1a: Ting-Lu|Sleep Talk|p1a: Ting-Lu
|move|p1a: Ting-Lu|Earthquake|p2a: Chandelure|[from] move: Sleep Talk
|-immune|p2a: Chandelure
|
|-heal|p1a: Ting-Lu|88/100 slp|[from] item: Leftovers
|upkeep
|turn|7
|
|t:|1779908154
|-curestatus|p1a: Ting-Lu|slp|[msg]
|move|p1a: Ting-Lu|Payback|p2a: Chandelure
|-supereffective|p2a: Chandelure
|-damage|p2a: Chandelure|51/100
|-enditem|p2a: Chandelure|Air Balloon
|move|p2a: Chandelure|Substitute|p2a: Chandelure
|-start|p2a: Chandelure|Substitute
|-damage|p2a: Chandelure|27/100
|
|-heal|p1a: Ting-Lu|95/100|[from] item: Leftovers
|upkeep
|turn|8
|
|t:|1779908160
|move|p1a: Ting-Lu|Earthquake|p2a: Chandelure
|-supereffective|p2a: Chandelure
|-end|p2a: Chandelure|Substitute
|move|p2a: Chandelure|Energy Ball|p1a: Ting-Lu
|-supereffective|p1a: Ting-Lu
|-damage|p1a: Ting-Lu|64/100
|
|-heal|p1a: Ting-Lu|70/100|[from] item: Leftovers
|-fieldend|move: Trick Room
|upkeep
|turn|9
|
|t:|1779908171
|switch|p2a: Revavroom|Revavroom, M|100/100
|-item|p2a: Revavroom|Air Balloon
|move|p1a: Ting-Lu|Earthquake|p2a: Revavroom
|-immune|p2a: Revavroom
|
|-heal|p1a: Ting-Lu|76/100|[from] item: Leftovers
|upkeep
|turn|10
|
|t:|1779908173
|move|p2a: Revavroom|Shift Gear|p2a: Revavroom
|-boost|p2a: Revavroom|spe|2
|-boost|p2a: Revavroom|atk|1
|move|p1a: Ting-Lu|Payback|p2a: Revavroom
|-damage|p2a: Revavroom|67/100
|-enditem|p2a: Revavroom|Air Balloon
|
|-heal|p1a: Ting-Lu|82/100|[from] item: Leftovers
|upkeep
|turn|11
|
|t:|1779908178
|move|p2a: Revavroom|Iron Head|p1a: Ting-Lu
|-damage|p1a: Ting-Lu|48/100
|move|p1a: Ting-Lu|Earthquake|p2a: Revavroom
|-supereffective|p2a: Revavroom
|-damage|p2a: Revavroom|0 fnt
|faint|p2a: Revavroom
|
|-heal|p1a: Ting-Lu|54/100|[from] item: Leftovers
|upkeep
|
|t:|1779908184
|switch|p2a: Dondozo|Dondozo, M|100/100
|turn|12
|
|t:|1779908186
|move|p1a: Ting-Lu|Earthquake|p2a: Dondozo
|-damage|p2a: Dondozo|84/100
|move|p2a: Dondozo|Curse|p2a: Dondozo
|-unboost|p2a: Dondozo|spe|1
|-boost|p2a: Dondozo|atk|1
|-boost|p2a: Dondozo|def|1
|
|-heal|p1a: Ting-Lu|60/100|[from] item: Leftovers
|-heal|p2a: Dondozo|90/100|[from] item: Leftovers
|upkeep
|turn|13
|
|t:|1779908192
|switch|p1a: Slowking|Slowking-Galar, M|100/100
|move|p2a: Dondozo|Curse|p2a: Dondozo
|-unboost|p2a: Dondozo|spe|1
|-boost|p2a: Dondozo|atk|1
|-boost|p2a: Dondozo|def|1
|
|-heal|p2a: Dondozo|97/100|[from] item: Leftovers
|upkeep
|turn|14
|
|t:|1779908198
|move|p1a: Slowking|Future Sight|p2a: Dondozo
|-start|p1a: Slowking|move: Future Sight
|move|p2a: Dondozo|Earthquake|p1a: Slowking
|-supereffective|p1a: Slowking
|-enditem|p1a: Slowking|Shuca Berry|[eat]
|-enditem|p1a: Slowking|Shuca Berry|[weaken]
|-damage|p1a: Slowking|66/100
|
|-heal|p2a: Dondozo|100/100|[from] item: Leftovers
|upkeep
|turn|15
|
|t:|1779908203
|switch|p1a: Dondozo|Dondozo, M|100/100
|move|p2a: Dondozo|Protect||[still]
|-fail|p2a: Dondozo
|
|upkeep
|turn|16
|
|t:|1779908209
|switch|p2a: Hatterene|Hatterene, F, shiny|100/100
|move|p1a: Dondozo|Body Press|p2a: Hatterene
|-resisted|p2a: Hatterene
|-damage|p2a: Hatterene|94/100
|
|-end|p2a: Hatterene|move: Future Sight
|-resisted|p2a: Hatterene
|-damage|p2a: Hatterene|71/100
|-heal|p2a: Hatterene|77/100|[from] item: Leftovers
|upkeep
|turn|17
|
|t:|1779908214
|switch|p1a: Slowking|Slowking-Galar, M|99/100
|move|p2a: Hatterene|Nuzzle|p1a: Slowking
|-damage|p1a: Slowking|96/100
|-status|p1a: Slowking|par
|
|-heal|p2a: Hatterene|83/100|[from] item: Leftovers
|upkeep
|turn|18
|
|t:|1779908222
|move|p2a: Hatterene|Psychic|p1a: Slowking
|-damage|p1a: Slowking|60/100 par
|cant|p1a: Slowking|par
|
|-heal|p2a: Hatterene|89/100|[from] item: Leftovers
|upkeep
|turn|19
|
|t:|1779908232
|move|p2a: Hatterene|Psychic|p1a: Slowking
|-damage|p1a: Slowking|21/100 par
|cant|p1a: Slowking|par
|
|-heal|p2a: Hatterene|95/100|[from] item: Leftovers
|upkeep
|turn|20
|
|t:|1779908239
|switch|p1a: Ting-Lu|Ting-Lu|60/100
|-ability|p1a: Ting-Lu|Vessel of Ruin
|move|p2a: Hatterene|Psychic|p1a: Ting-Lu
|-immune|p1a: Ting-Lu
|
|-heal|p1a: Ting-Lu|66/100|[from] item: Leftovers
|-heal|p2a: Hatterene|100/100|[from] item: Leftovers
|upkeep
|turn|21
|
|t:|1779908244
|move|p1a: Ting-Lu|Earthquake|p2a: Hatterene
|-damage|p2a: Hatterene|49/100
|move|p2a: Hatterene|Draining Kiss|p1a: Ting-Lu
|-supereffective|p1a: Ting-Lu
|-damage|p1a: Ting-Lu|42/100
|-heal|p2a: Hatterene|86/100|[from] drain|[of] p1a: Ting-Lu
|
|-heal|p1a: Ting-Lu|48/100|[from] item: Leftovers
|-heal|p2a: Hatterene|92/100|[from] item: Leftovers
|upkeep
|turn|22
|
|t:|1779908251
|move|p1a: Ting-Lu|Rest|p1a: Ting-Lu
|-status|p1a: Ting-Lu|slp|[from] move: Rest
|-heal|p1a: Ting-Lu|100/100 slp|[silent]
|move|p2a: Hatterene|Draining Kiss|p1a: Ting-Lu
|-supereffective|p1a: Ting-Lu
|-damage|p1a: Ting-Lu|78/100 slp
|-heal|p2a: Hatterene|100/100|[from] drain|[of] p1a: Ting-Lu
|
|-heal|p1a: Ting-Lu|85/100 slp|[from] item: Leftovers
|upkeep
|turn|23
|
|t:|1779908260
|switch|p2a: Dondozo|Dondozo, M|100/100
|cant|p1a: Ting-Lu|slp
|move|p1a: Ting-Lu|Sleep Talk|p1a: Ting-Lu
|move|p1a: Ting-Lu|Payback|p2a: Dondozo|[from] move: Sleep Talk
|-damage|p2a: Dondozo|92/100
|
|-heal|p1a: Ting-Lu|91/100 slp|[from] item: Leftovers
|-heal|p2a: Dondozo|98/100|[from] item: Leftovers
|upkeep
|turn|24
|
|t:|1779908267
|cant|p1a: Ting-Lu|slp
|move|p2a: Dondozo|Curse|p2a: Dondozo
|-unboost|p2a: Dondozo|spe|1
|-boost|p2a: Dondozo|atk|1
|-boost|p2a: Dondozo|def|1
|
|-heal|p1a: Ting-Lu|97/100 slp|[from] item: Leftovers
|-heal|p2a: Dondozo|100/100|[from] item: Leftovers
|upkeep
|turn|25
|
|t:|1779908271
|-curestatus|p1a: Ting-Lu|slp|[msg]
|move|p1a: Ting-Lu|Earthquake|p2a: Dondozo
|-damage|p2a: Dondozo|88/100
|move|p2a: Dondozo|Liquidation|p1a: Ting-Lu
|-supereffective|p1a: Ting-Lu
|-damage|p1a: Ting-Lu|46/100
|-unboost|p1a: Ting-Lu|def|1
|
|-heal|p1a: Ting-Lu|52/100|[from] item: Leftovers
|-heal|p2a: Dondozo|95/100|[from] item: Leftovers
|upkeep
|turn|26
|
|t:|1779908277
|switch|p1a: Dondozo|Dondozo, M|100/100
|move|p2a: Dondozo|Liquidation|p1a: Dondozo
|-resisted|p1a: Dondozo
|-damage|p1a: Dondozo|92/100
|
|-heal|p1a: Dondozo|98/100|[from] item: Leftovers
|-heal|p2a: Dondozo|100/100|[from] item: Leftovers
|upkeep
|turn|27
|
|t:|1779908286
|move|p1a: Dondozo|Waterfall|p2a: Dondozo
|-resisted|p2a: Dondozo
|-damage|p2a: Dondozo|95/100
|move|p2a: Dondozo|Earthquake|p1a: Dondozo
|-crit|p1a: Dondozo
|-damage|p1a: Dondozo|78/100
|
|-heal|p1a: Dondozo|84/100|[from] item: Leftovers
|-heal|p2a: Dondozo|100/100|[from] item: Leftovers
|upkeep
|turn|28
|
|t:|1779908292
|move|p1a: Dondozo|Waterfall|p2a: Dondozo
|-resisted|p2a: Dondozo
|-damage|p2a: Dondozo|94/100
|move|p2a: Dondozo|Earthquake|p1a: Dondozo
|-damage|p1a: Dondozo|69/100
|
|-heal|p1a: Dondozo|75/100|[from] item: Leftovers
|-heal|p2a: Dondozo|99/100|[from] item: Leftovers
|upkeep
|turn|29
|
|t:|1779908298
|switch|p1a: Slowking|Slowking-Galar, M|54/100 par
|move|p2a: Dondozo|Earthquake|p1a: Slowking
|-supereffective|p1a: Slowking
|-damage|p1a: Slowking|7/100 par
|
|-heal|p2a: Dondozo|100/100|[from] item: Leftovers
|upkeep
|turn|30
|
|t:|1779908306
|switch|p1a: Dondozo|Dondozo, M|75/100
|move|p2a: Dondozo|Liquidation|p1a: Dondozo
|-resisted|p1a: Dondozo
|-damage|p1a: Dondozo|67/100
|-unboost|p1a: Dondozo|def|1
|
|-heal|p1a: Dondozo|73/100|[from] item: Leftovers
|upkeep
|turn|31
|
|t:|1779908315
|move|p1a: Dondozo|Waterfall|p2a: Dondozo
|-resisted|p2a: Dondozo
|-damage|p2a: Dondozo|95/100
|move|p2a: Dondozo|Earthquake|p1a: Dondozo
|-damage|p1a: Dondozo|60/100
|
|-heal|p1a: Dondozo|66/100|[from] item: Leftovers
|-heal|p2a: Dondozo|100/100|[from] item: Leftovers
|upkeep
|turn|32
|
|t:|1779908326
|switch|p1a: Slowking|Slowking-Galar, M|40/100 par
|move|p2a: Dondozo|Earthquake|p1a: Slowking
|-supereffective|p1a: Slowking
|-damage|p1a: Slowking|0 fnt
|faint|p1a: Slowking
|
|upkeep
|
|t:|1779908338
|switch|p1a: Dondozo|Dondozo, M|66/100
|turn|33
|
|t:|1779908347
|move|p1a: Dondozo|Waterfall|p2a: Dondozo
|-resisted|p2a: Dondozo
|-damage|p2a: Dondozo|95/100
|move|p2a: Dondozo|Earthquake|p1a: Dondozo
|-damage|p1a: Dondozo|53/100
|
|-heal|p1a: Dondozo|60/100|[from] item: Leftovers
|-heal|p2a: Dondozo|100/100|[from] item: Leftovers
|upkeep
|turn|34
|
|t:|1779908359
|move|p1a: Dondozo|Body Press|p2a: Dondozo
|-damage|p2a: Dondozo|91/100
|move|p2a: Dondozo|Earthquake|p1a: Dondozo
|-damage|p1a: Dondozo|45/100
|
|-heal|p1a: Dondozo|51/100|[from] item: Leftovers
|-heal|p2a: Dondozo|97/100|[from] item: Leftovers
|upkeep
|turn|35
|
|t:|1779908368
|move|p1a: Dondozo|Waterfall|p2a: Dondozo
|-resisted|p2a: Dondozo
|-damage|p2a: Dondozo|90/100
|move|p2a: Dondozo|Earthquake|p1a: Dondozo
|-damage|p1a: Dondozo|38/100
|
|-heal|p1a: Dondozo|44/100|[from] item: Leftovers
|-heal|p2a: Dondozo|97/100|[from] item: Leftovers
|upkeep
|turn|36
|
|t:|1779908377
|move|p1a: Dondozo|Rest|p1a: Dondozo
|-status|p1a: Dondozo|slp|[from] move: Rest
|-heal|p1a: Dondozo|100/100 slp|[silent]
|move|p2a: Dondozo|Earthquake|p1a: Dondozo
|-damage|p1a: Dondozo|87/100 slp
|
|-heal|p1a: Dondozo|93/100 slp|[from] item: Leftovers
|-heal|p2a: Dondozo|100/100|[from] item: Leftovers
|upkeep
|turn|37
|
|t:|1779908387
|switch|p2a: Chandelure|Chandelure, M|27/100
|cant|p1a: Dondozo|slp
|
|-heal|p1a: Dondozo|99/100 slp|[from] item: Leftovers
|upkeep
|turn|38
|
|t:|1779908394
|move|p2a: Chandelure|Energy Ball|p1a: Dondozo
|-supereffective|p1a: Dondozo
|-damage|p1a: Dondozo|54/100 slp
|cant|p1a: Dondozo|slp
|
|-heal|p1a: Dondozo|60/100 slp|[from] item: Leftovers
|upkeep
|turn|39
|
|t:|1779908401
|move|p2a: Chandelure|Substitute|p2a: Chandelure
|-start|p2a: Chandelure|Substitute
|-damage|p2a: Chandelure|2/100
|-curestatus|p1a: Dondozo|slp|[msg]
|move|p1a: Dondozo|Waterfall|p2a: Chandelure
|-supereffective|p2a: Chandelure
|-end|p2a: Chandelure|Substitute
|
|-heal|p1a: Dondozo|66/100|[from] item: Leftovers
|upkeep
|turn|40
|
|t:|1779908406
|move|p2a: Chandelure|Energy Ball|p1a: Dondozo
|-supereffective|p1a: Dondozo
|-damage|p1a: Dondozo|22/100
|move|p1a: Dondozo|Waterfall|p2a: Chandelure
|-supereffective|p2a: Chandelure
|-damage|p2a: Chandelure|0 fnt
|faint|p2a: Chandelure
|
|-heal|p1a: Dondozo|28/100|[from] item: Leftovers
|upkeep
|
|t:|1779908412
|switch|p2a: Deoxys|Deoxys-Speed|100/100
|-ability|p2a: Deoxys|Pressure
|turn|41
|
|t:|1779908419
|switch|p1a: Ting-Lu|Ting-Lu|52/100
|-ability|p1a: Ting-Lu|Vessel of Ruin
|move|p2a: Deoxys|Meteor Beam||[still]
|-prepare|p2a: Deoxys|Meteor Beam
|-boost|p2a: Deoxys|spa|1
|-enditem|p2a: Deoxys|Power Herb
|-anim|p2a: Deoxys|Meteor Beam|p1a: Ting-Lu|[miss]
|-miss|p2a: Deoxys|p1a: Ting-Lu
|
|-heal|p1a: Ting-Lu|58/100|[from] item: Leftovers
|upkeep
|turn|42
|
|t:|1779908430
|move|p2a: Deoxys|Stealth Rock|p1a: Ting-Lu
|-sidestart|p1: claudechamp|move: Stealth Rock
|move|p1a: Ting-Lu|Earthquake|p2a: Deoxys
|-damage|p2a: Deoxys|40/100
|
|-heal|p1a: Ting-Lu|64/100|[from] item: Leftovers
|upkeep
|turn|43
|
|t:|1779908440
|switch|p2a: Dondozo|Dondozo, M|100/100
|move|p1a: Ting-Lu|Earthquake|p2a: Dondozo
|-damage|p2a: Dondozo|84/100
|
|-heal|p1a: Ting-Lu|71/100|[from] item: Leftovers
|-heal|p2a: Dondozo|90/100|[from] item: Leftovers
|upkeep
|turn|44
|
|t:|1779908456
|switch|p1a: Corviknight|Corviknight, F|100/100
|-damage|p1a: Corviknight|88/100|[from] Stealth Rock
|-ability|p1a: Corviknight|Pressure
|move|p2a: Dondozo|Curse|p2a: Dondozo
|-unboost|p2a: Dondozo|spe|1
|-boost|p2a: Dondozo|atk|1
|-boost|p2a: Dondozo|def|1
|
|-heal|p2a: Dondozo|96/100|[from] item: Leftovers
|upkeep
|turn|45
|
|t:|1779908467
|move|p1a: Corviknight|Brave Bird|p2a: Dondozo
|-damage|p2a: Dondozo|85/100
|-damage|p1a: Corviknight|84/100|[from] Recoil
|move|p2a: Dondozo|Liquidation|p1a: Corviknight
|-damage|p1a: Corviknight|58/100
|-damage|p2a: Dondozo|69/100|[from] item: Rocky Helmet|[of] p1a: Corviknight
|
|-heal|p2a: Dondozo|75/100|[from] item: Leftovers
|upkeep
|turn|46
|
|t:|1779908479
|move|p1a: Corviknight|Brave Bird|p2a: Dondozo
|-damage|p2a: Dondozo|63/100
|-damage|p1a: Corviknight|53/100|[from] Recoil
|move|p2a: Dondozo|Curse|p2a: Dondozo
|-unboost|p2a: Dondozo|spe|1
|-boost|p2a: Dondozo|atk|1
|-boost|p2a: Dondozo|def|1
|
|-heal|p2a: Dondozo|69/100|[from] item: Leftovers
|upkeep
|turn|47
|
|t:|1779908491
|move|p1a: Corviknight|Defog|p2a: Dondozo
|-unboost|p2a: Dondozo|evasion|1
|-sideend|p1: claudechamp|Stealth Rock|[from] move: Defog|[of] p1a: Corviknight
|move|p2a: Dondozo|Curse|p2a: Dondozo
|-unboost|p2a: Dondozo|spe|1
|-boost|p2a: Dondozo|atk|1
|-boost|p2a: Dondozo|def|1
|
|-heal|p2a: Dondozo|75/100|[from] item: Leftovers
|upkeep
|turn|48
|
|t:|1779908503
|switch|p1a: Dondozo|Dondozo, M|28/100
|move|p2a: Dondozo|Liquidation|p1a: Dondozo
|-resisted|p1a: Dondozo
|-damage|p1a: Dondozo|19/100
|
|-heal|p1a: Dondozo|25/100|[from] item: Leftovers
|-heal|p2a: Dondozo|82/100|[from] item: Leftovers
|upkeep
|turn|49
|
|t:|1779908514
|-terastallize|p2a: Dondozo|Ghost
|move|p1a: Dondozo|Rest|p1a: Dondozo
|-status|p1a: Dondozo|slp|[from] move: Rest
|-heal|p1a: Dondozo|100/100 slp|[silent]
|move|p2a: Dondozo|Curse|p1a: Dondozo
|-start|p1a: Dondozo|Curse|[of] p2a: Dondozo
|-damage|p2a: Dondozo|32/100
|
|-heal|p2a: Dondozo|38/100|[from] item: Leftovers
|-damage|p1a: Dondozo|76/100 slp|[from] Curse
|upkeep
|turn|50
|
|t:|1779908529
|switch|p2a: Deoxys|Deoxys-Speed|40/100
|-ability|p2a: Deoxys|Pressure
|cant|p1a: Dondozo|slp
|
|-heal|p1a: Dondozo|82/100 slp|[from] item: Leftovers
|-damage|p1a: Dondozo|57/100 slp|[from] Curse
|upkeep
|turn|51
|
|t:|1779908536
|move|p2a: Deoxys|Psycho Boost|p1a: Dondozo
|-damage|p1a: Dondozo|16/100 slp
|-unboost|p2a: Deoxys|spa|2
|cant|p1a: Dondozo|slp
|
|-heal|p1a: Dondozo|22/100 slp|[from] item: Leftovers
|-damage|p1a: Dondozo|0 fnt|[from] Curse
|faint|p1a: Dondozo
|upkeep
|
|t:|1779908543
|switch|p1a: Cinderace|Cinderace, M|84/100
|turn|52
|
|t:|1779908553
|switch|p2a: Dondozo|Dondozo, M, tera:Ghost|38/100
|move|p1a: Cinderace|U-turn|p2a: Dondozo
|-resisted|p2a: Dondozo
|-damage|p2a: Dondozo|34/100
|
|t:|1779908564
|switch|p1a: Ting-Lu|Ting-Lu|71/100|[from] U-turn
|-ability|p1a: Ting-Lu|Vessel of Ruin
|
|-heal|p1a: Ting-Lu|77/100|[from] item: Leftovers
|-heal|p2a: Dondozo|40/100|[from] item: Leftovers
|upkeep
|turn|53
|
|t:|1779908580
|switch|p2a: Hatterene|Hatterene, F, shiny|100/100
|move|p1a: Ting-Lu|Earthquake|p2a: Hatterene
|-damage|p2a: Hatterene|52/100
|
|-heal|p1a: Ting-Lu|83/100|[from] item: Leftovers
|-heal|p2a: Hatterene|58/100|[from] item: Leftovers
|upkeep
|turn|54
|
|t:|1779908592
|switch|p1a: Corviknight|Corviknight, F|53/100
|-ability|p1a: Corviknight|Pressure
|move|p2a: Hatterene|Draining Kiss|p1a: Corviknight
|-resisted|p1a: Corviknight
|-damage|p1a: Corviknight|41/100
|-heal|p2a: Hatterene|72/100|[from] drain|[of] p1a: Corviknight
|-damage|p2a: Hatterene|56/100|[from] item: Rocky Helmet|[of] p1a: Corviknight
|
|-heal|p2a: Hatterene|62/100|[from] item: Leftovers
|upkeep
|turn|55
|
|t:|1779908603
|move|p1a: Corviknight|Roost|p1a: Corviknight
|-heal|p1a: Corviknight|91/100
|-singleturn|p1a: Corviknight|move: Roost
|move|p2a: Hatterene|Nuzzle|p1a: Corviknight
|-damage|p1a: Corviknight|89/100
|-status|p1a: Corviknight|par
|-damage|p2a: Hatterene|45/100|[from] item: Rocky Helmet|[of] p1a: Corviknight
|
|-heal|p2a: Hatterene|51/100|[from] item: Leftovers
|upkeep
|turn|56
|l|☆PrayForMyPp
|inactive|PrayForMyPp disconnected and has a minute to reconnect!
|player|p2|
|inactive|PrayForMyPp has 30 seconds to reconnect!
|inactive|PrayForMyPp has 20 seconds to reconnect!
|inactive|PrayForMyPp has 15 seconds to reconnect!
|inactive|PrayForMyPp has 10 seconds to reconnect!
|inactive|PrayForMyPp has 5 seconds to reconnect!
|-message|PrayForMyPp lost due to inactivity.
|
|win|claudechamp
|raw|claudechamp's rating: 1164 &rarr; <strong>1186</strong><br />(+22 for winning)
|raw|PrayForMyPp's rating: 1123 &rarr; <strong>1101</strong><br />(-22 for losing)
|c|☆claudechamp|gg
