|j|☆Ehmcee
|j|‽aaagislash
|t:|1779942468
|gametype|singles
|player|p1|Ehmcee|ryuki|1470
|player|p2|aaagislash|266|1546
|gen|9
|tier|[Gen 9] OU
|rated|
|rule|HP Percentage Mod: HP is shown in percentages
|rule|Endless Battle Clause: Forcing endless battles is banned
|rule|Species Clause: Limit one of each Pokémon
|rule|OHKO Clause: OHKO moves are banned
|rule|Evasion Items Clause: Evasion items are banned
|rule|Evasion Moves Clause: Evasion moves are banned
|rule|Evasion Abilities Clause: Evasion abilities are banned
|rule|Sleep Moves Clause: Sleep-inducing moves are banned
|clearpoke
|poke|p1|Pelipper, L99, F|
|poke|p1|Barraskewda, F|
|poke|p1|Raging Bolt|
|poke|p1|Golduck, M|
|poke|p1|Pawmot, F|
|poke|p1|Tentacruel, F|
|poke|p2|Ninetales, F|
|poke|p2|Scream Tail|
|poke|p2|Zarude|
|poke|p2|Iron Moth|
|poke|p2|Cinderace, M|
|poke|p2|Walking Wake|
|teampreview
|
|t:|1779942483
|teamsize|p1|6
|teamsize|p2|6
|start
|switch|p1a: Spaghetti Too|Tentacruel, F|100/100
|switch|p2a: Walking Wake|Walking Wake|100/100
|turn|1
|
|t:|1779942492
|move|p2a: Walking Wake|Draco Meteor|p1a: Spaghetti Too
|-damage|p1a: Spaghetti Too|75/100
|-unboost|p2a: Walking Wake|spa|2
|move|p1a: Spaghetti Too|Flip Turn|p2a: Walking Wake
|-resisted|p2a: Walking Wake
|-damage|p2a: Walking Wake|97/100
|-damage|p1a: Spaghetti Too|59/100|[from] item: Rocky Helmet|[of] p2a: Walking Wake
|
|t:|1779942514
|switch|p1a: Ghoti carrier|Pelipper, L99, F|100/100|[from] Flip Turn
|-weather|RainDance|[from] ability: Drizzle|[of] p1a: Ghoti carrier
|
|-weather|RainDance|[upkeep]
|upkeep
|turn|2
|
|t:|1779942517
|move|p2a: Walking Wake|Flip Turn|p1a: Ghoti carrier
|-resisted|p1a: Ghoti carrier
|-damage|p1a: Ghoti carrier|91/100
|
|t:|1779942521
|-end|p2a: Walking Wake|Protosynthesis|[silent]
|switch|p2a: Ninetales|Ninetales, F|100/100|[from] Flip Turn
|-weather|SunnyDay|[from] ability: Drought|[of] p2a: Ninetales
|move|p1a: Ghoti carrier|U-turn|p2a: Ninetales
|-resisted|p2a: Ninetales
|-damage|p2a: Ninetales|95/100
|
|t:|1779942528
|switch|p1a: ExSkewda Me|Barraskewda, F|100/100|[from] U-turn
|
|-weather|SunnyDay|[upkeep]
|upkeep
|turn|3
|
|t:|1779942535
|switch|p2a: Scream Tail|Scream Tail|100/100
|-activate|p2a: Scream Tail|ability: Protosynthesis
|-start|p2a: Scream Tail|protosynthesisspa
|move|p1a: ExSkewda Me|Flip Turn|p2a: Scream Tail
|-damage|p2a: Scream Tail|86/100
|
|t:|1779942542
|switch|p1a: Ghoti carrier|Pelipper, L99, F|91/100|[from] Flip Turn
|-weather|RainDance|[from] ability: Drizzle|[of] p1a: Ghoti carrier
|-end|p2a: Scream Tail|Protosynthesis
|
|-weather|RainDance|[upkeep]
|upkeep
|turn|4
|
|t:|1779942551
|-end|p2a: Scream Tail|Protosynthesis|[silent]
|switch|p2a: Walking Wake|Walking Wake|97/100
|move|p1a: Ghoti carrier|U-turn|p2a: Walking Wake
|-damage|p2a: Walking Wake|87/100
|-damage|p1a: Ghoti carrier|74/100|[from] item: Rocky Helmet|[of] p2a: Walking Wake
|
|t:|1779942556
|switch|p1a: Spaghetti Too|Tentacruel, F|59/100|[from] U-turn
|
|-weather|RainDance|[upkeep]
|-heal|p1a: Spaghetti Too|65/100|[from] ability: Rain Dish
|upkeep
|turn|5
|
|t:|1779942561
|-end|p2a: Walking Wake|Protosynthesis|[silent]
|switch|p2a: Ninetales|Ninetales, F|95/100
|-weather|SunnyDay|[from] ability: Drought|[of] p2a: Ninetales
|move|p1a: Spaghetti Too|Poison Jab|p2a: Ninetales
|-damage|p2a: Ninetales|70/100
|-status|p2a: Ninetales|psn
|
|-weather|SunnyDay|[upkeep]
|-damage|p2a: Ninetales|58/100 psn|[from] psn
|upkeep
|turn|6
|
|t:|1779942569
|switch|p2a: Walking Wake|Walking Wake|87/100
|-activate|p2a: Walking Wake|ability: Protosynthesis
|-start|p2a: Walking Wake|protosynthesisspe
|move|p1a: Spaghetti Too|Flip Turn|p2a: Walking Wake
|-resisted|p2a: Walking Wake
|-damage|p2a: Walking Wake|85/100
|-damage|p1a: Spaghetti Too|49/100|[from] item: Rocky Helmet|[of] p2a: Walking Wake
|
|t:|1779942574
|switch|p1a: Ghoti carrier|Pelipper, L99, F|74/100|[from] Flip Turn
|-weather|RainDance|[from] ability: Drizzle|[of] p1a: Ghoti carrier
|-end|p2a: Walking Wake|Protosynthesis
|
|-weather|RainDance|[upkeep]
|upkeep
|turn|7
|
|t:|1779942577
|switch|p1a: Spaghetti Too|Tentacruel, F|49/100
|move|p2a: Walking Wake|Draco Meteor|p1a: Spaghetti Too
|-damage|p1a: Spaghetti Too|25/100
|-unboost|p2a: Walking Wake|spa|2
|
|-weather|RainDance|[upkeep]
|-heal|p1a: Spaghetti Too|31/100|[from] ability: Rain Dish
|upkeep
|turn|8
|
|t:|1779942589
|-end|p2a: Walking Wake|Protosynthesis|[silent]
|switch|p2a: Ninetales|Ninetales, F|58/100 psn
|-weather|SunnyDay|[from] ability: Drought|[of] p2a: Ninetales
|move|p1a: Spaghetti Too|Poison Jab|p2a: Ninetales
|-damage|p2a: Ninetales|30/100 psn
|
|-weather|SunnyDay|[upkeep]
|-damage|p2a: Ninetales|18/100 psn|[from] psn
|upkeep
|turn|9
|
|t:|1779942596
|switch|p2a: Iron Moth|Iron Moth|100/100
|switch|p1a: Ghoti carrier|Pelipper, L99, F|74/100
|-weather|RainDance|[from] ability: Drizzle|[of] p1a: Ghoti carrier
|
|-weather|RainDance|[upkeep]
|upkeep
|turn|10
|
|t:|1779942606
|switch|p1a: Spaghetti Too|Tentacruel, F|31/100
|move|p2a: Iron Moth|Toxic Spikes|p1a: Spaghetti Too
|-sidestart|p1: Ehmcee|move: Toxic Spikes
|
|-weather|RainDance|[upkeep]
|-heal|p1a: Spaghetti Too|37/100|[from] ability: Rain Dish
|upkeep
|turn|11
|
|t:|1779942621
|move|p2a: Iron Moth|U-turn|p1a: Spaghetti Too
|-resisted|p1a: Spaghetti Too
|-damage|p1a: Spaghetti Too|29/100
|
|t:|1779942623
|-end|p2a: Iron Moth|Quark Drive|[silent]
|switch|p2a: Walking Wake|Walking Wake|85/100|[from] U-turn
|move|p1a: Spaghetti Too|Rapid Spin|p2a: Walking Wake
|-damage|p2a: Walking Wake|76/100
|-boost|p1a: Spaghetti Too|spe|1
|-damage|p1a: Spaghetti Too|13/100|[from] item: Rocky Helmet|[of] p2a: Walking Wake
|-sideend|p1: Ehmcee|Toxic Spikes|[from] move: Rapid Spin|[of] p1a: Spaghetti Too
|
|-weather|RainDance|[upkeep]
|-heal|p1a: Spaghetti Too|19/100|[from] ability: Rain Dish
|upkeep
|turn|12
|
|t:|1779942636
|move|p2a: Walking Wake|Flip Turn|p1a: Spaghetti Too
|-resisted|p1a: Spaghetti Too
|-damage|p1a: Spaghetti Too|2/100
|
|t:|1779942640
|-end|p2a: Walking Wake|Protosynthesis|[silent]
|switch|p2a: Zarude|Zarude|100/100|[from] Flip Turn
|move|p1a: Spaghetti Too|Mirror Coat||[still]
|-fail|p1a: Spaghetti Too
|
|-weather|RainDance|[upkeep]
|-heal|p1a: Spaghetti Too|8/100|[from] ability: Rain Dish
|upkeep
|turn|13
|
|t:|1779942658
|move|p2a: Zarude|U-turn|p1a: Spaghetti Too
|-resisted|p1a: Spaghetti Too
|-damage|p1a: Spaghetti Too|0 fnt
|faint|p1a: Spaghetti Too
|
|t:|1779942663
|switch|p2a: Walking Wake|Walking Wake|76/100|[from] U-turn
|
|-weather|RainDance|[upkeep]
|upkeep
|
|t:|1779942677
|switch|p1a: Great Neck|Raging Bolt|100/100
|turn|14
|
|t:|1779942681
|-terastallize|p1a: Great Neck|Fairy
|move|p2a: Walking Wake|Flip Turn|p1a: Great Neck
|-damage|p1a: Great Neck|78/100
|
|t:|1779942683
|-end|p2a: Walking Wake|Protosynthesis|[silent]
|switch|p2a: Scream Tail|Scream Tail|86/100|[from] Flip Turn
|move|p1a: Great Neck|Thunder|p2a: Scream Tail
|-damage|p2a: Scream Tail|54/100
|
|-weather|RainDance|[upkeep]
|-heal|p1a: Great Neck|85/100|[from] item: Leftovers
|upkeep
|turn|15
|
|t:|1779942699
|-end|p2a: Scream Tail|Protosynthesis|[silent]
|switch|p2a: Iron Moth|Iron Moth|100/100
|move|p1a: Great Neck|Thunder|p2a: Iron Moth
|-damage|p2a: Iron Moth|34/100
|-status|p2a: Iron Moth|par
|
|-weather|RainDance|[upkeep]
|-heal|p1a: Great Neck|91/100|[from] item: Leftovers
|upkeep
|turn|16
|
|t:|1779942715
|-end|p2a: Iron Moth|Quark Drive|[silent]
|switch|p2a: Zarude|Zarude|100/100
|move|p1a: Great Neck|Thunder|p2a: Zarude
|-resisted|p2a: Zarude
|-damage|p2a: Zarude|69/100
|
|-weather|none
|-heal|p1a: Great Neck|97/100|[from] item: Leftovers
|upkeep
|turn|17
|
|t:|1779942724
|move|p2a: Zarude|Knock Off|p1a: Great Neck
|-resisted|p1a: Great Neck
|-damage|p1a: Great Neck|64/100
|-enditem|p1a: Great Neck|Leftovers|[from] move: Knock Off|[of] p2a: Zarude
|move|p1a: Great Neck|Draco Meteor|p2a: Zarude
|-damage|p2a: Zarude|0 fnt
|-unboost|p1a: Great Neck|spa|2
|faint|p2a: Zarude
|
|upkeep
|
|t:|1779942727
|switch|p2a: Iron Moth|Iron Moth|34/100 par
|turn|18
|
|t:|1779942736
|-end|p1a: Great Neck|Protosynthesis|[silent]
|switch|p1a: Really want eject|Pawmot, F|100/100
|move|p2a: Iron Moth|Toxic Spikes|p1a: Really want eject
|-sidestart|p1: Ehmcee|move: Toxic Spikes
|
|upkeep
|turn|19
|
|t:|1779942743
|move|p1a: Really want eject|Revival Blessing|p1a: Really want eject
|-enditem|p1a: Really want eject|Leppa Berry|[eat]
|-activate|p1a: Really want eject|item: Leppa Berry|Revival Blessing|[consumed]
|
|t:|1779942747
|-heal|p1: Spaghetti Too|50/100|[from] move: Revival Blessing
|move|p2a: Iron Moth|Overheat|p1a: Really want eject
|-damage|p1a: Really want eject|0 fnt
|-unboost|p2a: Iron Moth|spa|2
|faint|p1a: Really want eject
|
|upkeep
|
|t:|1779942751
|switch|p1a: Spaghetti Too|Tentacruel, F|50/100
|-sideend|p1: Ehmcee|move: Toxic Spikes|[of] p1a: Spaghetti Too
|turn|20
|
|t:|1779942757
|-end|p2a: Iron Moth|Quark Drive|[silent]
|switch|p2a: Walking Wake|Walking Wake|76/100
|move|p1a: Spaghetti Too|Flip Turn|p2a: Walking Wake
|-resisted|p2a: Walking Wake
|-damage|p2a: Walking Wake|72/100
|-damage|p1a: Spaghetti Too|34/100|[from] item: Rocky Helmet|[of] p2a: Walking Wake
|
|t:|1779942765
|switch|p1a: Ghoti carrier|Pelipper, L99, F|74/100|[from] Flip Turn
|-weather|RainDance|[from] ability: Drizzle|[of] p1a: Ghoti carrier
|
|-weather|RainDance|[upkeep]
|upkeep
|turn|21
|
|t:|1779942773
|switch|p1a: Spaghetti Too|Tentacruel, F|34/100
|move|p2a: Walking Wake|Flip Turn|p1a: Spaghetti Too
|-resisted|p1a: Spaghetti Too
|-damage|p1a: Spaghetti Too|18/100
|
|t:|1779942781
|-end|p2a: Walking Wake|Protosynthesis|[silent]
|switch|p2a: Cinderace|Cinderace, M|100/100|[from] Flip Turn
|
|-weather|RainDance|[upkeep]
|-heal|p1a: Spaghetti Too|24/100|[from] ability: Rain Dish
|upkeep
|turn|22
|
|t:|1779942791
|switch|p1a: Seaking Duck|Golduck, M|100/100
|move|p2a: Cinderace|Pyro Ball|p1a: Seaking Duck
|-resisted|p1a: Seaking Duck
|-damage|p1a: Seaking Duck|83/100
|
|-weather|RainDance|[upkeep]
|upkeep
|turn|23
|
|t:|1779942803
|switch|p2a: Ninetales|Ninetales, F|18/100 psn
|-weather|SunnyDay|[from] ability: Drought|[of] p2a: Ninetales
|move|p1a: Seaking Duck|Nasty Plot|p1a: Seaking Duck
|-boost|p1a: Seaking Duck|spa|2
|
|-weather|SunnyDay|[upkeep]
|-damage|p2a: Ninetales|5/100 psn|[from] psn
|upkeep
|turn|24
|
|t:|1779942807
|switch|p2a: Walking Wake|Walking Wake|72/100
|-activate|p2a: Walking Wake|ability: Protosynthesis
|-start|p2a: Walking Wake|protosynthesisspe
|move|p1a: Seaking Duck|Vacuum Wave|p2a: Walking Wake
|-damage|p2a: Walking Wake|37/100
|-damage|p1a: Seaking Duck|73/100|[from] item: Life Orb
|
|-weather|SunnyDay|[upkeep]
|upkeep
|turn|25
|
|t:|1779942813
|move|p1a: Seaking Duck|Vacuum Wave|p2a: Walking Wake
|-crit|p2a: Walking Wake
|-damage|p2a: Walking Wake|0 fnt
|faint|p2a: Walking Wake
|-end|p2a: Walking Wake|Protosynthesis|[silent]
|-damage|p1a: Seaking Duck|63/100|[from] item: Life Orb
|
|-weather|SunnyDay|[upkeep]
|upkeep
|
|t:|1779942816
|switch|p2a: Scream Tail|Scream Tail|54/100
|-activate|p2a: Scream Tail|ability: Protosynthesis
|-start|p2a: Scream Tail|protosynthesisspa
|turn|26
|
|t:|1779942823
|switch|p1a: Ghoti carrier|Pelipper, L99, F|74/100
|-weather|RainDance|[from] ability: Drizzle|[of] p1a: Ghoti carrier
|-end|p2a: Scream Tail|Protosynthesis
|move|p2a: Scream Tail|Dazzling Gleam|p1a: Ghoti carrier
|-damage|p1a: Ghoti carrier|34/100
|
|-weather|RainDance|[upkeep]
|upkeep
|turn|27
|
|t:|1779942836
|switch|p1a: ExSkewda Me|Barraskewda, F|100/100
|move|p2a: Scream Tail|Psychic Noise|p1a: ExSkewda Me
|-damage|p1a: ExSkewda Me|40/100
|-start|p1a: ExSkewda Me|move: Heal Block
|
|-weather|RainDance|[upkeep]
|upkeep
|turn|28
|
|t:|1779942846
|-end|p2a: Scream Tail|Protosynthesis|[silent]
|switch|p2a: Iron Moth|Iron Moth|34/100 par
|move|p1a: ExSkewda Me|Liquidation|p2a: Iron Moth
|-supereffective|p2a: Iron Moth
|-damage|p2a: Iron Moth|0 fnt
|faint|p2a: Iron Moth
|-end|p2a: Iron Moth|Quark Drive|[silent]
|
|-weather|RainDance|[upkeep]
|-end|p1a: ExSkewda Me|move: Heal Block
|upkeep
|
|t:|1779942848
|switch|p2a: Ninetales|Ninetales, F|5/100 psn
|-weather|SunnyDay|[from] ability: Drought|[of] p2a: Ninetales
|turn|29
|
|t:|1779942852
|switch|p2a: Scream Tail|Scream Tail|54/100
|-activate|p2a: Scream Tail|ability: Protosynthesis
|-start|p2a: Scream Tail|protosynthesisspa
|move|p1a: ExSkewda Me|Flip Turn|p2a: Scream Tail
|-damage|p2a: Scream Tail|38/100
|
|t:|1779942856
|switch|p1a: Ghoti carrier|Pelipper, L99, F|34/100|[from] Flip Turn
|-weather|RainDance|[from] ability: Drizzle|[of] p1a: Ghoti carrier
|-end|p2a: Scream Tail|Protosynthesis
|
|-weather|RainDance|[upkeep]
|upkeep
|turn|30
|
|t:|1779942859
|switch|p1a: Seaking Duck|Golduck, M|63/100
|move|p2a: Scream Tail|Psychic Noise|p1a: Seaking Duck
|-damage|p1a: Seaking Duck|28/100
|-start|p1a: Seaking Duck|move: Heal Block
|
|-weather|RainDance|[upkeep]
|upkeep
|turn|31
|
|t:|1779942864
|move|p1a: Seaking Duck|Hydro Pump|p2a: Scream Tail
|-damage|p2a: Scream Tail|0 fnt
|faint|p2a: Scream Tail
|-end|p2a: Scream Tail|Protosynthesis|[silent]
|-damage|p1a: Seaking Duck|18/100|[from] item: Life Orb
|
|-weather|RainDance|[upkeep]
|-end|p1a: Seaking Duck|move: Heal Block
|upkeep
|
|t:|1779942867
|switch|p2a: Ninetales|Ninetales, F|5/100 psn
|-weather|SunnyDay|[from] ability: Drought|[of] p2a: Ninetales
|turn|32
|
|t:|1779942870
|switch|p2a: Cinderace|Cinderace, M|100/100
|move|p1a: Seaking Duck|Hydro Pump|p2a: Cinderace
|-supereffective|p2a: Cinderace
|-damage|p2a: Cinderace|13/100
|-damage|p1a: Seaking Duck|8/100|[from] item: Life Orb
|
|-weather|SunnyDay|[upkeep]
|upkeep
|turn|33
|
|t:|1779942875
|move|p1a: Seaking Duck|Vacuum Wave|p2a: Cinderace
|-damage|p2a: Cinderace|0 fnt
|faint|p2a: Cinderace
|-damage|p1a: Seaking Duck|0 fnt|[from] item: Life Orb
|faint|p1a: Seaking Duck
|
|-weather|SunnyDay|[upkeep]
|upkeep
|-message|aaagislash forfeited.
|
|win|Ehmcee
|raw|Ehmcee's rating: 1470 &rarr; <strong>1494</strong><br />(+24 for winning)
|raw|aaagislash's rating: 1546 &rarr; <strong>1522</strong><br />(-24 for losing)
|l|‽aaagislash
|player|p2|
|l|☆Ehmcee
|player|p1|
