|j|☆2354jhdvk456
|j|‽aaleexc.___
|t:|1779961259
|gametype|singles
|player|p1|2354jhdvk456|pokemonranger-gen4|1098
|player|p2|aaleexc.___|170|1000
|gen|9
|tier|[Gen 9] OU
|rated|
|rule|HP Percentage Mod: HP is shown in percentages
|rule|Endless Battle Clause: Forcing endless battles is banned
|rule|Species Clause: Limit one of each Pokémon
|rule|OHKO Clause: OHKO moves are banned
|rule|Evasion Items Clause: Evasion items are banned
|rule|Evasion Moves Clause: Evasion moves are banned
|rule|Evasion Abilities Clause: Evasion abilities are banned
|rule|Sleep Moves Clause: Sleep-inducing moves are banned
|clearpoke
|poke|p1|Walking Wake|
|poke|p1|Torkoal, F|
|poke|p1|Cresselia, F|
|poke|p1|Pelipper, M|
|poke|p1|Iron Hands|
|poke|p1|Kingambit, F|
|poke|p2|Incineroar, M|
|poke|p2|Dragonite, F|
|poke|p2|Greninja-*, F|
|poke|p2|Porygon2|
|poke|p2|Gholdengo|
|poke|p2|Malamar, M|
|teampreview
|inactive|Battle timer is ON: inactive players will automatically lose when time's up. (requested by aaleexc.___)
|inactive|2354jhdvk456 also wants the timer to be on.
|
|t:|1779961286
|teamsize|p1|6
|teamsize|p2|6
|start
|switch|p1a: Pelipper|Pelipper, M|100/100
|switch|p2a: Porygon2|Porygon2|100/100
|-weather|RainDance|[from] ability: Drizzle|[of] p1a: Pelipper
|-ability|p2a: Porygon2|Download|boost
|-boost|p2a: Porygon2|spa|1
|turn|1
|
|t:|1779961290
|move|p1a: Pelipper|U-turn|p2a: Porygon2
|-damage|p2a: Porygon2|92/100
|
|t:|1779961296
|switch|p1a: 水龙|Walking Wake|100/100|[from] U-turn
|move|p2a: Porygon2|Electroweb|p1a: 水龙
|-damage|p1a: 水龙|61/100
|-unboost|p1a: 水龙|spe|1
|-damage|p2a: Porygon2|83/100|[from] item: Life Orb
|
|-weather|RainDance|[upkeep]
|upkeep
|turn|2
|
|t:|1779961305
|move|p1a: 水龙|Hydro Steam|p2a: Porygon2
|-damage|p2a: Porygon2|16/100
|move|p2a: Porygon2|Electroweb|p1a: 水龙
|-damage|p1a: 水龙|20/100
|-unboost|p1a: 水龙|spe|1
|-damage|p2a: Porygon2|6/100|[from] item: Life Orb
|
|-weather|RainDance|[upkeep]
|upkeep
|turn|3
|
|t:|1779961310
|move|p1a: 水龙|Hydro Steam|p2a: Porygon2
|-damage|p2a: Porygon2|0 fnt
|faint|p2a: Porygon2
|
|-weather|RainDance|[upkeep]
|upkeep
|
|t:|1779961323
|switch|p2a: Malamar|Malamar, M, shiny|100/100
|turn|4
|
|t:|1779961335
|-end|p1a: 水龙|Protosynthesis|[silent]
|switch|p1a: Pelipper|Pelipper, M|100/100
|move|p2a: Malamar|Superpower|p1a: Pelipper
|-resisted|p1a: Pelipper
|-damage|p1a: Pelipper|78/100
|-boost|p2a: Malamar|atk|1
|-boost|p2a: Malamar|def|1
|
|-weather|RainDance|[upkeep]
|upkeep
|turn|5
|
|t:|1779961345
|move|p1a: Pelipper|Chilling Water|p2a: Malamar
|-damage|p2a: Malamar|54/100
|-boost|p2a: Malamar|atk|1
|move|p2a: Malamar|Psycho Cut|p1a: Pelipper
|-damage|p1a: Pelipper|7/100
|
|-weather|none
|-heal|p2a: Malamar|60/100|[from] item: Leftovers
|upkeep
|turn|6
|
|t:|1779961359
|switch|p1a: 水龙|Walking Wake|20/100
|switch|p2a: Greninja|Greninja, F, shiny|100/100
|
|upkeep
|turn|7
|
|t:|1779961369
|move|p1a: 水龙|Dragon Pulse|p2a: Greninja
|-damage|p2a: Greninja|34/100
|move|p2a: Greninja|Dark Pulse|p1a: 水龙
|-damage|p1a: 水龙|0 fnt
|faint|p1a: 水龙
|-end|p1a: 水龙|Protosynthesis|[silent]
|-damage|p2a: Greninja|25/100|[from] item: Life Orb
|
|upkeep
|
|t:|1779961379
|switch|p1a: Pelipper|Pelipper, M|7/100
|-weather|RainDance|[from] ability: Drizzle|[of] p1a: Pelipper
|turn|8
|
|t:|1779961385
|move|p2a: Greninja|Dark Pulse|p1a: Pelipper
|-damage|p1a: Pelipper|0 fnt
|faint|p1a: Pelipper
|-damage|p2a: Greninja|15/100|[from] item: Life Orb
|
|-weather|RainDance|[upkeep]
|upkeep
|
|t:|1779961387
|switch|p1a: 洗澡用的花洒外观款式|Cresselia, F|100/100
|turn|9
|
|t:|1779961392
|-terastallize|p1a: 洗澡用的花洒外观款式|Electric
|move|p2a: Greninja|Dark Pulse|p1a: 洗澡用的花洒外观款式
|-damage|p1a: 洗澡用的花洒外观款式|64/100
|-damage|p2a: Greninja|5/100|[from] item: Life Orb
|move|p1a: 洗澡用的花洒外观款式|Thunder|p2a: Greninja
|-supereffective|p2a: Greninja
|-damage|p2a: Greninja|0 fnt
|faint|p2a: Greninja
|
|-weather|RainDance|[upkeep]
|-heal|p1a: 洗澡用的花洒外观款式|70/100|[from] item: Leftovers
|upkeep
|
|t:|1779961399
|switch|p2a: Dragonite|Dragonite, F|100/100
|turn|10
|
|t:|1779961403
|move|p1a: 洗澡用的花洒外观款式|Thunder|p2a: Dragonite
|-damage|p2a: Dragonite|69/100
|move|p2a: Dragonite|Earthquake|p1a: 洗澡用的花洒外观款式
|-immune|p1a: 洗澡用的花洒外观款式|[from] ability: Levitate
|
|-weather|RainDance|[upkeep]
|-heal|p1a: 洗澡用的花洒外观款式|76/100|[from] item: Leftovers
|upkeep
|turn|11
|
|t:|1779961411
|move|p1a: 洗澡用的花洒外观款式|Calm Mind|p1a: 洗澡用的花洒外观款式
|-boost|p1a: 洗澡用的花洒外观款式|spa|1
|-boost|p1a: 洗澡用的花洒外观款式|spd|1
|move|p2a: Dragonite|Outrage|p1a: 洗澡用的花洒外观款式
|-damage|p1a: 洗澡用的花洒外观款式|29/100
|
|-weather|RainDance|[upkeep]
|-heal|p1a: 洗澡用的花洒外观款式|35/100|[from] item: Leftovers
|upkeep
|turn|12
|
|t:|1779961417
|move|p1a: 洗澡用的花洒外观款式|Thunder|p2a: Dragonite
|-damage|p2a: Dragonite|19/100
|move|p2a: Dragonite|Outrage|p1a: 洗澡用的花洒外观款式|[from] lockedmove
|-damage|p1a: 洗澡用的花洒外观款式|0 fnt
|faint|p1a: 洗澡用的花洒外观款式
|-start|p2a: Dragonite|confusion|[fatigue]
|
|-weather|none
|upkeep
|
|t:|1779961424
|switch|p1a: Kingambit|Kingambit, F|100/100
|-activate|p1a: Kingambit|ability: Supreme Overlord
|-start|p1a: Kingambit|fallen3|[silent]
|turn|13
|
|t:|1779961431
|switch|p2a: Malamar|Malamar, M, shiny|60/100
|move|p1a: Kingambit|Sucker Punch||[still]
|-fail|p1a: Kingambit
|
|-heal|p2a: Malamar|66/100|[from] item: Leftovers
|upkeep
|turn|14
|
|t:|1779961442
|move|p2a: Malamar|Superpower|p1a: Kingambit
|-supereffective|p1a: Kingambit
|-enditem|p1a: Kingambit|Focus Sash
|-damage|p1a: Kingambit|1/100
|-boost|p2a: Malamar|atk|1
|-boost|p2a: Malamar|def|1
|move|p1a: Kingambit|Metal Burst|p2a: Malamar
|-damage|p2a: Malamar|0 fnt
|faint|p2a: Malamar
|
|upkeep
|
|t:|1779961449
|switch|p2a: Incineroar|Incineroar, M|100/100
|-ability|p2a: Incineroar|Intimidate|boost
|-unboost|p1a: Kingambit|atk|1
|turn|15
|
|t:|1779961454
|-end|p1a: Kingambit|fallen3|[silent]
|switch|p1a: 桑G尔夫|Iron Hands|100/100
|-enditem|p1a: 桑G尔夫|Booster Energy
|-activate|p1a: 桑G尔夫|ability: Quark Drive|[fromitem]
|-start|p1a: 桑G尔夫|quarkdriveatk
|move|p2a: Incineroar|Fake Out|p1a: 桑G尔夫
|-damage|p1a: 桑G尔夫|90/100
|
|upkeep
|turn|16
|
|t:|1779961464
|move|p2a: Incineroar|U-turn|p1a: 桑G尔夫
|-resisted|p1a: 桑G尔夫
|-damage|p1a: 桑G尔夫|82/100
|
|t:|1779961468
|switch|p2a: Dragonite|Dragonite, F|19/100|[from] U-turn
|move|p1a: 桑G尔夫|Swords Dance|p1a: 桑G尔夫
|-boost|p1a: 桑G尔夫|atk|2
|
|upkeep
|turn|17
|
|t:|1779961473
|move|p2a: Dragonite|Earthquake|p1a: 桑G尔夫
|-supereffective|p1a: 桑G尔夫
|-damage|p1a: 桑G尔夫|25/100
|move|p1a: 桑G尔夫|Drain Punch|p2a: Dragonite
|-resisted|p2a: Dragonite
|-damage|p2a: Dragonite|0 fnt
|-heal|p1a: 桑G尔夫|32/100|[from] drain|[of] p2a: Dragonite
|faint|p2a: Dragonite
|
|upkeep
|
|t:|1779961482
|switch|p2a: Incineroar|Incineroar, M|100/100
|-ability|p2a: Incineroar|Intimidate|boost
|-unboost|p1a: 桑G尔夫|atk|1
|turn|18
|
|t:|1779961492
|move|p2a: Incineroar|Fake Out|p1a: 桑G尔夫
|-damage|p1a: 桑G尔夫|21/100
|cant|p1a: 桑G尔夫|flinch
|
|upkeep
|turn|19
|
|t:|1779961497
|move|p2a: Incineroar|Flare Blitz|p1a: 桑G尔夫
|-damage|p1a: 桑G尔夫|0 fnt
|faint|p1a: 桑G尔夫
|-end|p1a: 桑G尔夫|Quark Drive|[silent]
|-damage|p2a: Incineroar|93/100|[from] Recoil
|
|-heal|p2a: Incineroar|99/100|[from] item: Leftovers
|upkeep
|
|t:|1779961502
|switch|p1a: 小固|Torkoal, F|100/100
|-weather|SunnyDay|[from] ability: Drought|[of] p1a: 小固
|turn|20
|
|t:|1779961510
|move|p2a: Incineroar|Knock Off|p1a: 小固
|-damage|p1a: 小固|64/100
|-enditem|p1a: 小固|Heavy-Duty Boots|[from] move: Knock Off|[of] p2a: Incineroar
|move|p1a: 小固|Earth Power|p2a: Incineroar
|-supereffective|p2a: Incineroar
|-damage|p2a: Incineroar|59/100
|
|-weather|SunnyDay|[upkeep]
|-heal|p2a: Incineroar|65/100|[from] item: Leftovers
|upkeep
|turn|21
|
|t:|1779961514
|move|p1a: 小固|Protect|p1a: 小固
|-singleturn|p1a: 小固|Protect
|move|p2a: Incineroar|Knock Off|p1a: 小固
|-activate|p1a: 小固|move: Protect
|
|-weather|SunnyDay|[upkeep]
|-heal|p2a: Incineroar|71/100|[from] item: Leftovers
|upkeep
|turn|22
|
|t:|1779961524
|move|p2a: Incineroar|Knock Off|p1a: 小固
|-damage|p1a: 小固|40/100
|move|p1a: 小固|Body Press|p2a: Incineroar
|-supereffective|p2a: Incineroar
|-damage|p2a: Incineroar|28/100
|
|-weather|SunnyDay|[upkeep]
|-heal|p2a: Incineroar|34/100|[from] item: Leftovers
|upkeep
|turn|23
|
|t:|1779961529
|move|p2a: Incineroar|Knock Off|p1a: 小固
|-damage|p1a: 小固|15/100
|move|p1a: 小固|Body Press|p2a: Incineroar
|-supereffective|p2a: Incineroar
|-crit|p2a: Incineroar
|-damage|p2a: Incineroar|0 fnt
|faint|p2a: Incineroar
|
|-weather|SunnyDay|[upkeep]
|upkeep
|
|t:|1779961533
|switch|p2a: Gholdengo|Gholdengo|100/100
|turn|24
|
|t:|1779961537
|move|p1a: 小固|Protect|p1a: 小固
|-singleturn|p1a: 小固|Protect
|move|p2a: Gholdengo|Shadow Ball|p1a: 小固
|-activate|p1a: 小固|move: Protect
|
|-weather|none
|upkeep
|turn|25
|
|t:|1779961540
|move|p2a: Gholdengo|Shadow Ball|p1a: 小固
|-damage|p1a: 小固|0 fnt
|faint|p1a: 小固
|
|upkeep
|
|t:|1779961542
|switch|p1a: Kingambit|Kingambit, F|1/100
|-activate|p1a: Kingambit|ability: Supreme Overlord
|-start|p1a: Kingambit|fallen5|[silent]
|turn|26
|
|t:|1779961546
|move|p1a: Kingambit|Sucker Punch|p2a: Gholdengo
|-supereffective|p2a: Gholdengo
|-damage|p2a: Gholdengo|0 fnt
|faint|p2a: Gholdengo
|
|win|2354jhdvk456
|raw|2354jhdvk456's rating: 1098 &rarr; <strong>1116</strong><br />(+18 for winning)
|raw|aaleexc.___'s rating: 1000 &rarr; <strong>1000</strong><br />(+0 for losing)
|l|‽aaleexc.___
|player|p2|
|l|☆2354jhdvk456
|player|p1|
|j|☆2354jhdvk456
|player|p1|2354jhdvk456|pokemonranger-gen4|
