|j|☆bring09
|j|☆TempestXXI
|t:|1779941888
|gametype|singles
|player|p1|bring09|102|1387
|player|p2|TempestXXI|170|1307
|gen|9
|tier|[Gen 9] OU
|rated|
|rule|HP Percentage Mod: HP is shown in percentages
|rule|Endless Battle Clause: Forcing endless battles is banned
|rule|Species Clause: Limit one of each Pokémon
|rule|OHKO Clause: OHKO moves are banned
|rule|Evasion Items Clause: Evasion items are banned
|rule|Evasion Moves Clause: Evasion moves are banned
|rule|Evasion Abilities Clause: Evasion abilities are banned
|rule|Sleep Moves Clause: Sleep-inducing moves are banned
|clearpoke
|poke|p1|Moltres-Galar|
|poke|p1|Florges-Blue, F|
|poke|p1|Serperior, F|
|poke|p1|Galvantula, M|
|poke|p1|Iron Valiant|
|poke|p1|Overqwil, M|
|poke|p2|Meowscarada, F|
|poke|p2|Rotom-Wash|
|poke|p2|Hatterene, F|
|poke|p2|Corviknight, F|
|poke|p2|Iron Moth|
|poke|p2|Gliscor, M|
|teampreview
|inactive|Battle timer is ON: inactive players will automatically lose when time's up. (requested by bring09)
|
|t:|1779941905
|teamsize|p1|6
|teamsize|p2|6
|start
|switch|p1a: VENENO|Overqwil, M|100/100
|switch|p2a: Meowscarada|Meowscarada, F|100/100
|-ability|p1a: VENENO|Intimidate|boost
|-unboost|p2a: Meowscarada|atk|1
|turn|1
|
|t:|1779941917
|move|p2a: Meowscarada|U-turn|p1a: VENENO
|-start|p2a: Meowscarada|typechange|Bug|[from] ability: Protean
|-damage|p1a: VENENO|74/100
|-damage|p2a: Meowscarada|84/100|[from] item: Rocky Helmet|[of] p1a: VENENO
|
|t:|1779941928
|switch|p2a: Gliscor|Gliscor, M|100/100|[from] U-turn
|move|p1a: VENENO|Swords Dance|p1a: VENENO
|-boost|p1a: VENENO|atk|2
|
|-status|p2a: Gliscor|tox|[from] item: Toxic Orb
|upkeep
|turn|2
|
|t:|1779941950
|move|p2a: Gliscor|Earthquake|p1a: VENENO
|-supereffective|p1a: VENENO
|-damage|p1a: VENENO|20/100
|move|p1a: VENENO|Barb Barrage|p2a: Gliscor
|-resisted|p2a: Gliscor
|-damage|p2a: Gliscor|61/100 tox
|
|-heal|p2a: Gliscor|74/100 tox|[from] ability: Poison Heal
|upkeep
|turn|3
|
|t:|1779941966
|switch|p1a: Ardiente|Moltres-Galar, shiny|100/100
|move|p2a: Gliscor|Earthquake|p1a: Ardiente
|-immune|p1a: Ardiente
|
|-heal|p2a: Gliscor|86/100 tox|[from] ability: Poison Heal
|upkeep
|turn|4
|inactive|bring09 has 120 seconds left.
|
|t:|1779941989
|move|p2a: Gliscor|Toxic|p1a: Ardiente
|-status|p1a: Ardiente|tox
|move|p1a: Ardiente|Fiery Wrath|p2a: Gliscor
|-damage|p2a: Gliscor|37/100 tox
|
|-heal|p2a: Gliscor|49/100 tox|[from] ability: Poison Heal
|-damage|p1a: Ardiente|94/100 tox|[from] psn
|upkeep
|turn|5
|inactive|bring09 has 120 seconds left.
|
|t:|1779941997
|move|p2a: Gliscor|Ice Fang|p1a: Ardiente
|-supereffective|p1a: Ardiente
|-damage|p1a: Ardiente|67/100 tox
|cant|p1a: Ardiente|flinch
|
|-heal|p2a: Gliscor|62/100 tox|[from] ability: Poison Heal
|-damage|p1a: Ardiente|55/100 tox|[from] psn
|upkeep
|turn|6
|inactive|bring09 has 120 seconds left.
|
|t:|1779942008
|move|p2a: Gliscor|Protect|p2a: Gliscor
|-singleturn|p2a: Gliscor|Protect
|move|p1a: Ardiente|Fiery Wrath|p2a: Gliscor
|-activate|p2a: Gliscor|move: Protect
|
|-heal|p2a: Gliscor|74/100 tox|[from] ability: Poison Heal
|-damage|p1a: Ardiente|36/100 tox|[from] psn
|upkeep
|-enditem|p1a: Ardiente|Sitrus Berry|[eat]
|-heal|p1a: Ardiente|61/100 tox|[from] item: Sitrus Berry
|turn|7
|
|t:|1779942018
|move|p2a: Gliscor|Ice Fang|p1a: Ardiente
|-supereffective|p1a: Ardiente
|-damage|p1a: Ardiente|35/100 tox
|-ability|p1a: Ardiente|Berserk|boost
|-boost|p1a: Ardiente|spa|1
|move|p1a: Ardiente|Fiery Wrath|p2a: Gliscor
|-damage|p2a: Gliscor|0 fnt
|faint|p2a: Gliscor
|
|-damage|p1a: Ardiente|10/100 tox|[from] psn
|upkeep
|
|t:|1779942031
|switch|p2a: Rotom|Rotom-Wash|100/100
|turn|8
|
|t:|1779942037
|move|p1a: Ardiente|Fiery Wrath|p2a: Rotom
|-damage|p2a: Rotom|47/100
|move|p2a: Rotom|Volt Switch|p1a: Ardiente
|-supereffective|p1a: Ardiente
|-damage|p1a: Ardiente|0 fnt
|faint|p1a: Ardiente
|
|t:|1779942047
|switch|p2a: Hatterene|Hatterene, F|100/100|[from] Volt Switch
|
|upkeep
|inactive|bring09 has 120 seconds left.
|
|t:|1779942079
|switch|p1a: Sofia|Florges-Blue, F, shiny|100/100
|turn|9
|inactive|bring09 has 120 seconds left.
|
|t:|1779942091
|move|p1a: Sofia|Moonblast|p2a: Hatterene
|-damage|p2a: Hatterene|63/100
|move|p2a: Hatterene|Calm Mind|p2a: Hatterene
|-boost|p2a: Hatterene|spa|1
|-boost|p2a: Hatterene|spd|1
|
|-heal|p2a: Hatterene|69/100|[from] item: Leftovers
|upkeep
|turn|10
|
|t:|1779942100
|move|p1a: Sofia|Calm Mind|p1a: Sofia
|-boost|p1a: Sofia|spa|1
|-boost|p1a: Sofia|spd|1
|move|p2a: Hatterene|Calm Mind|p2a: Hatterene
|-boost|p2a: Hatterene|spa|1
|-boost|p2a: Hatterene|spd|1
|
|-heal|p2a: Hatterene|75/100|[from] item: Leftovers
|upkeep
|turn|11
|
|t:|1779942110
|move|p1a: Sofia|Calm Mind|p1a: Sofia
|-boost|p1a: Sofia|spa|1
|-boost|p1a: Sofia|spd|1
|move|p2a: Hatterene|Calm Mind|p2a: Hatterene
|-boost|p2a: Hatterene|spa|1
|-boost|p2a: Hatterene|spd|1
|
|-heal|p2a: Hatterene|81/100|[from] item: Leftovers
|upkeep
|turn|12
|
|t:|1779942118
|move|p1a: Sofia|Moonblast|p2a: Hatterene
|-damage|p2a: Hatterene|49/100
|move|p2a: Hatterene|Calm Mind|p2a: Hatterene
|-boost|p2a: Hatterene|spa|1
|-boost|p2a: Hatterene|spd|1
|
|-heal|p2a: Hatterene|55/100|[from] item: Leftovers
|upkeep
|turn|13
|inactive|TempestXXI has 120 seconds left.
|
|t:|1779942159
|move|p1a: Sofia|Moonblast|p2a: Hatterene
|-damage|p2a: Hatterene|30/100
|-unboost|p2a: Hatterene|spa|1
|move|p2a: Hatterene|Psyshock|p1a: Sofia
|-damage|p1a: Sofia|0 fnt
|faint|p1a: Sofia
|
|-heal|p2a: Hatterene|36/100|[from] item: Leftovers
|upkeep
|
|t:|1779942172
|switch|p1a: ZEROTWO|Serperior, F, shiny|100/100
|turn|14
|
|t:|1779942176
|move|p1a: ZEROTWO|Knock Off|p2a: Hatterene
|-damage|p2a: Hatterene|23/100
|-enditem|p2a: Hatterene|Leftovers|[from] move: Knock Off|[of] p1a: ZEROTWO
|move|p2a: Hatterene|Draining Kiss|p1a: ZEROTWO
|-damage|p1a: ZEROTWO|57/100
|-heal|p2a: Hatterene|52/100|[from] drain|[of] p1a: ZEROTWO
|
|upkeep
|turn|15
|
|t:|1779942187
|-terastallize|p1a: ZEROTWO|Steel
|move|p1a: ZEROTWO|Leaf Storm|p2a: Hatterene
|-damage|p2a: Hatterene|36/100
|-boost|p1a: ZEROTWO|spa|2
|move|p2a: Hatterene|Draining Kiss|p1a: ZEROTWO
|-resisted|p1a: ZEROTWO
|-damage|p1a: ZEROTWO|35/100
|-heal|p2a: Hatterene|51/100|[from] drain|[of] p1a: ZEROTWO
|
|upkeep
|turn|16
|
|t:|1779942196
|move|p1a: ZEROTWO|Leaf Storm|p2a: Hatterene
|-damage|p2a: Hatterene|17/100
|-boost|p1a: ZEROTWO|spa|2
|move|p2a: Hatterene|Mystical Fire|p1a: ZEROTWO
|-supereffective|p1a: ZEROTWO
|-damage|p1a: ZEROTWO|0 fnt
|faint|p1a: ZEROTWO
|
|upkeep
|
|t:|1779942211
|switch|p1a: VENENO|Overqwil, M|20/100
|-ability|p1a: VENENO|Intimidate|boost
|-unboost|p2a: Hatterene|atk|1
|turn|17
|
|t:|1779942218
|move|p1a: VENENO|Barb Barrage|p2a: Hatterene
|-supereffective|p2a: Hatterene
|-damage|p2a: Hatterene|0 fnt
|faint|p2a: Hatterene
|
|upkeep
|
|t:|1779942226
|switch|p2a: Meowscarada|Meowscarada, F|84/100
|turn|18
|
|t:|1779942241
|move|p1a: VENENO|Aqua Jet|p2a: Meowscarada
|-resisted|p2a: Meowscarada
|-damage|p2a: Meowscarada|73/100
|move|p2a: Meowscarada|Triple Axel|p1a: VENENO
|-start|p2a: Meowscarada|typechange|Ice|[from] ability: Protean
|-damage|p1a: VENENO|8/100
|-damage|p2a: Meowscarada|56/100|[from] item: Rocky Helmet|[of] p1a: VENENO
|-crit|p1a: VENENO
|-damage|p1a: VENENO|0 fnt
|-damage|p2a: Meowscarada|40/100|[from] item: Rocky Helmet|[of] p1a: VENENO
|faint|p1a: VENENO
|-hitcount|p1: VENENO|2
|
|upkeep
|
|t:|1779942254
|switch|p1a: CANI|Galvantula, M, shiny|100/100
|turn|19
|
|t:|1779942261
|move|p2a: Meowscarada|Triple Axel|p1a: CANI
|-damage|p1a: CANI|72/100
|-damage|p1a: CANI|20/100
|-damage|p1a: CANI|0 fnt
|faint|p1a: CANI
|-hitcount|p1: CANI|3
|
|upkeep
|
|t:|1779942268
|switch|p1a: Soldier|Iron Valiant, shiny|100/100
|-enditem|p1a: Soldier|Booster Energy
|-activate|p1a: Soldier|ability: Quark Drive|[fromitem]
|-start|p1a: Soldier|quarkdrivespe
|turn|20
|
|t:|1779942278
|move|p1a: Soldier|Aura Sphere|p2a: Meowscarada
|-supereffective|p2a: Meowscarada
|-damage|p2a: Meowscarada|0 fnt
|faint|p2a: Meowscarada
|
|upkeep
|
|t:|1779942291
|switch|p2a: Rotom|Rotom-Wash|47/100
|turn|21
|
|t:|1779942297
|move|p1a: Soldier|Moonblast|p2a: Rotom
|-damage|p2a: Rotom|11/100
|move|p2a: Rotom|Thunder Wave|p1a: Soldier
|-status|p1a: Soldier|par
|
|-heal|p2a: Rotom|18/100|[from] item: Leftovers
|upkeep
|turn|22
|
|t:|1779942305
|move|p1a: Soldier|Moonblast|p2a: Rotom
|-damage|p2a: Rotom|0 fnt
|faint|p2a: Rotom
|
|upkeep
|
|t:|1779942308
|switch|p2a: Iron Moth|Iron Moth|100/100
|-enditem|p2a: Iron Moth|Booster Energy
|-activate|p2a: Iron Moth|ability: Quark Drive|[fromitem]
|-start|p2a: Iron Moth|quarkdrivespe
|turn|23
|
|t:|1779942315
|move|p2a: Iron Moth|Sludge Wave|p1a: Soldier
|-supereffective|p1a: Soldier
|-damage|p1a: Soldier|0 fnt
|faint|p1a: Soldier
|-end|p1a: Soldier|Quark Drive|[silent]
|
|win|TempestXXI
|raw|bring09's rating: 1387 &rarr; <strong>1362</strong><br />(-25 for losing)
|raw|TempestXXI's rating: 1307 &rarr; <strong>1332</strong><br />(+25 for winning)
|l|☆TempestXXI
|player|p2|
|l|☆bring09
|player|p1|
