|j|☆Perseus the Cat
|j|☆busto2412
|t:|1779887945
|gametype|singles
|player|p1|Perseus the Cat|266|1498
|player|p2|busto2412|hilbert|1598
|gen|9
|tier|[Gen 9] OU
|rated|
|rule|HP Percentage Mod: HP is shown in percentages
|rule|Endless Battle Clause: Forcing endless battles is banned
|rule|Species Clause: Limit one of each Pokémon
|rule|OHKO Clause: OHKO moves are banned
|rule|Evasion Items Clause: Evasion items are banned
|rule|Evasion Moves Clause: Evasion moves are banned
|rule|Evasion Abilities Clause: Evasion abilities are banned
|rule|Sleep Moves Clause: Sleep-inducing moves are banned
|clearpoke
|poke|p1|Cloyster, M|
|poke|p1|Heatran, F|
|poke|p1|Darkrai|
|poke|p1|Pecharunt|
|poke|p1|Enamorus, F|
|poke|p1|Great Tusk|
|poke|p2|Ursaluna, M|
|poke|p2|Dragapult, M|
|poke|p2|Zapdos|
|poke|p2|Goodra-Hisui, M|
|poke|p2|Greninja-*, M|
|poke|p2|Zamazenta-*|
|teampreview
|j| tsugia
|c|☆busto2412|gl
|inactive|Battle timer is ON: inactive players will automatically lose when time's up. (requested by busto2412)
|
|t:|1779888033
|teamsize|p1|6
|teamsize|p2|6
|start
|switch|p1a: Great Tusk|Great Tusk|100/100
|switch|p2a: Goodra|Goodra-Hisui, M|100/100
|turn|1
|
|t:|1779888040
|move|p1a: Great Tusk|Close Combat|p2a: Goodra
|-supereffective|p2a: Goodra
|-damage|p2a: Goodra|0 fnt
|-unboost|p1a: Great Tusk|def|1
|-unboost|p1a: Great Tusk|spd|1
|-ability|p2a: Goodra|Gooey
|-unboost|p1a: Great Tusk|spe|1
|faint|p2a: Goodra
|
|upkeep
|
|t:|1779888048
|switch|p2a: Greninja|Greninja, M|100/100
|turn|2
|
|t:|1779888055
|-end|p1a: Great Tusk|Protosynthesis|[silent]
|switch|p1a: Enamorus|Enamorus, F|100/100
|move|p2a: Greninja|Hydro Pump|p1a: Enamorus
|-damage|p1a: Enamorus|6/100
|-damage|p2a: Greninja|91/100|[from] item: Life Orb
|
|upkeep
|turn|3
|
|t:|1779888072
|switch|p1a: Darkrai|Darkrai|100/100
|move|p2a: Greninja|Dark Pulse|p1a: Darkrai
|-resisted|p1a: Darkrai
|-crit|p1a: Darkrai
|-damage|p1a: Darkrai|54/100
|-damage|p2a: Greninja|81/100|[from] item: Life Orb
|
|upkeep
|turn|4
|
|t:|1779888079
|move|p1a: Darkrai|Dark Pulse|p2a: Greninja
|-resisted|p2a: Greninja
|-damage|p2a: Greninja|33/100
|move|p2a: Greninja|Hydro Pump|p1a: Darkrai
|-damage|p1a: Darkrai|0 fnt
|faint|p1a: Darkrai
|-ability|p2a: Greninja|Battle Bond|boost
|-boost|p2a: Greninja|atk|1
|-boost|p2a: Greninja|spa|1
|-boost|p2a: Greninja|spe|1
|-activate|p2a: Greninja|ability: Battle Bond
|-damage|p2a: Greninja|23/100|[from] item: Life Orb
|
|upkeep
|
|t:|1779888087
|switch|p1a: Cloyster|Cloyster, M|100/100
|turn|5
|
|t:|1779888092
|move|p2a: Greninja|Dark Pulse|p1a: Cloyster
|-enditem|p1a: Cloyster|Focus Sash
|-damage|p1a: Cloyster|1/100
|-damage|p2a: Greninja|13/100|[from] item: Life Orb
|move|p1a: Cloyster|Icicle Spear|p2a: Greninja
|-resisted|p2a: Greninja
|-damage|p2a: Greninja|3/100
|-resisted|p2a: Greninja
|-damage|p2a: Greninja|0 fnt
|faint|p2a: Greninja
|-hitcount|p2: Greninja|2
|
|upkeep
|
|t:|1779888103
|switch|p2a: Dragapult|Dragapult, M, shiny|100/100
|turn|6
|
|t:|1779888110
|move|p2a: Dragapult|U-turn|p1a: Cloyster
|-damage|p1a: Cloyster|0 fnt
|faint|p1a: Cloyster
|
|t:|1779888114
|switch|p2a: Ursaluna|Ursaluna, M, shiny|100/100|[from] U-turn
|
|-status|p2a: Ursaluna|brn|[from] item: Flame Orb
|upkeep
|inactive|Perseus the Cat has 120 seconds left.
|
|t:|1779888153
|switch|p1a: Enamorus|Enamorus, F|6/100
|turn|7
|
|t:|1779888163
|move|p1a: Enamorus|Superpower|p2a: Ursaluna
|-supereffective|p2a: Ursaluna
|-damage|p2a: Ursaluna|57/100 brn
|-unboost|p1a: Enamorus|atk|1
|-unboost|p1a: Enamorus|def|1
|move|p2a: Ursaluna|Facade|p1a: Enamorus
|-damage|p1a: Enamorus|0 fnt
|faint|p1a: Enamorus
|
|-damage|p2a: Ursaluna|51/100 brn|[from] brn
|upkeep
|
|t:|1779888167
|switch|p1a: Great Tusk|Great Tusk|100/100
|turn|8
|
|t:|1779888174
|move|p1a: Great Tusk|Close Combat|p2a: Ursaluna
|-supereffective|p2a: Ursaluna
|-damage|p2a: Ursaluna|0 fnt
|-unboost|p1a: Great Tusk|def|1
|-unboost|p1a: Great Tusk|spd|1
|faint|p2a: Ursaluna
|
|upkeep
|
|t:|1779888180
|switch|p2a: Dragapult|Dragapult, M, shiny|100/100
|turn|9
|
|t:|1779888196
|-end|p1a: Great Tusk|Protosynthesis|[silent]
|switch|p1a: Heatran|Heatran, F|100/100
|move|p2a: Dragapult|Shadow Ball|p1a: Heatran
|-damage|p1a: Heatran|62/100
|
|-heal|p1a: Heatran|69/100|[from] item: Leftovers
|upkeep
|turn|10
|
|t:|1779888225
|move|p2a: Dragapult|Shadow Ball|p1a: Heatran
|-damage|p1a: Heatran|34/100
|move|p1a: Heatran|Magma Storm|p2a: Dragapult|[miss]
|-miss|p1a: Heatran|p2a: Dragapult
|
|-heal|p1a: Heatran|40/100|[from] item: Leftovers
|upkeep
|turn|11
|
|t:|1779888236
|move|p1a: Heatran|Protect|p1a: Heatran
|-singleturn|p1a: Heatran|Protect
|move|p2a: Dragapult|Shadow Ball|p1a: Heatran
|-activate|p1a: Heatran|move: Protect
|
|-heal|p1a: Heatran|46/100|[from] item: Leftovers
|upkeep
|turn|12
|
|t:|1779888243
|move|p2a: Dragapult|Shadow Ball|p1a: Heatran
|-damage|p1a: Heatran|10/100
|move|p1a: Heatran|Magma Storm|p2a: Dragapult
|-resisted|p2a: Dragapult
|-damage|p2a: Dragapult|70/100
|-activate|p2a: Dragapult|move: Magma Storm|[of] p1a: Heatran
|
|-heal|p1a: Heatran|16/100|[from] item: Leftovers
|-damage|p2a: Dragapult|57/100|[from] move: Magma Storm|[partiallytrapped]
|upkeep
|turn|13
|
|t:|1779888253
|switch|p2a: Zamazenta|Zamazenta|100/100
|-ability|p2a: Zamazenta|Dauntless Shield|boost
|-boost|p2a: Zamazenta|def|1
|move|p1a: Heatran|Protect||[still]
|-fail|p1a: Heatran
|
|-heal|p1a: Heatran|23/100|[from] item: Leftovers
|upkeep
|turn|14
|
|t:|1779888271
|move|p2a: Zamazenta|Crunch|p1a: Heatran
|-damage|p1a: Heatran|1/100
|move|p1a: Heatran|Magma Storm|p2a: Zamazenta
|-damage|p2a: Zamazenta|58/100
|-activate|p2a: Zamazenta|move: Magma Storm|[of] p1a: Heatran
|
|-heal|p1a: Heatran|7/100|[from] item: Leftovers
|-damage|p2a: Zamazenta|46/100|[from] move: Magma Storm|[partiallytrapped]
|upkeep
|turn|15
|
|t:|1779888284
|switch|p1a: Great Tusk|Great Tusk|100/100
|move|p2a: Zamazenta|Crunch|p1a: Great Tusk
|-resisted|p1a: Great Tusk
|-damage|p1a: Great Tusk|91/100
|-damage|p2a: Zamazenta|29/100|[from] item: Rocky Helmet|[of] p1a: Great Tusk
|
|-end|p2a: Zamazenta|Magma Storm|[partiallytrapped]|[silent]
|upkeep
|turn|16
|
|t:|1779888293
|move|p2a: Zamazenta|Close Combat|p1a: Great Tusk
|-damage|p1a: Great Tusk|50/100
|-unboost|p2a: Zamazenta|def|1
|-unboost|p2a: Zamazenta|spd|1
|-damage|p2a: Zamazenta|12/100|[from] item: Rocky Helmet|[of] p1a: Great Tusk
|move|p1a: Great Tusk|Rapid Spin|p2a: Zamazenta
|-damage|p2a: Zamazenta|0 fnt
|-boost|p1a: Great Tusk|spe|1
|faint|p2a: Zamazenta
|
|upkeep
|
|t:|1779888303
|switch|p2a: Zapdos|Zapdos, shiny|100/100
|turn|17
|
|t:|1779888309
|move|p1a: Great Tusk|Head Smash|p2a: Zapdos
|-supereffective|p2a: Zapdos
|-damage|p2a: Zapdos|26/100
|-status|p1a: Great Tusk|par|[from] ability: Static|[of] p2a: Zapdos
|-damage|p1a: Great Tusk|11/100 par|[from] Recoil
|move|p2a: Zapdos|Hurricane|p1a: Great Tusk|[miss]
|-miss|p2a: Zapdos|p1a: Great Tusk
|
|upkeep
|turn|18
|
|t:|1779888317
|move|p2a: Zapdos|Roost|p2a: Zapdos
|-heal|p2a: Zapdos|76/100
|-singleturn|p2a: Zapdos|move: Roost
|move|p1a: Great Tusk|Close Combat|p2a: Zapdos
|-damage|p2a: Zapdos|27/100
|-unboost|p1a: Great Tusk|def|1
|-unboost|p1a: Great Tusk|spd|1
|
|upkeep
|turn|19
|
|t:|1779888325
|-end|p1a: Great Tusk|Protosynthesis|[silent]
|switch|p1a: Pecharunt|Pecharunt|100/100
|move|p2a: Zapdos|Roost|p2a: Zapdos
|-heal|p2a: Zapdos|77/100
|-singleturn|p2a: Zapdos|move: Roost
|
|upkeep
|turn|20
|
|t:|1779888333
|-terastallize|p2a: Zapdos|Steel
|move|p2a: Zapdos|Discharge|p1a: Pecharunt
|-damage|p1a: Pecharunt|71/100
|-status|p1a: Pecharunt|par
|move|p1a: Pecharunt|Malignant Chain|p2a: Zapdos
|-immune|p2a: Zapdos
|
|-heal|p1a: Pecharunt|77/100 par|[from] item: Leftovers
|upkeep
|turn|21
|
|t:|1779888354
|move|p2a: Zapdos|Discharge|p1a: Pecharunt
|-damage|p1a: Pecharunt|47/100 par
|move|p1a: Pecharunt|Nasty Plot|p1a: Pecharunt
|-boost|p1a: Pecharunt|spa|2
|
|-heal|p1a: Pecharunt|53/100 par|[from] item: Leftovers
|upkeep
|turn|22
|
|t:|1779888361
|move|p2a: Zapdos|Discharge|p1a: Pecharunt
|-damage|p1a: Pecharunt|23/100 par
|cant|p1a: Pecharunt|par
|
|-heal|p1a: Pecharunt|29/100 par|[from] item: Leftovers
|upkeep
|turn|23
|
|t:|1779888367
|move|p2a: Zapdos|Discharge|p1a: Pecharunt
|-damage|p1a: Pecharunt|2/100 par
|move|p1a: Pecharunt|Recover|p1a: Pecharunt
|-heal|p1a: Pecharunt|52/100 par
|
|-heal|p1a: Pecharunt|58/100 par|[from] item: Leftovers
|upkeep
|turn|24
|
|t:|1779888374
|move|p2a: Zapdos|Discharge|p1a: Pecharunt
|-damage|p1a: Pecharunt|27/100 par
|cant|p1a: Pecharunt|par
|
|-heal|p1a: Pecharunt|33/100 par|[from] item: Leftovers
|upkeep
|turn|25
|
|t:|1779888380
|move|p2a: Zapdos|Hurricane|p1a: Pecharunt
|-damage|p1a: Pecharunt|0 fnt
|faint|p1a: Pecharunt
|
|upkeep
|
|t:|1779888384
|switch|p1a: Great Tusk|Great Tusk|11/100 par
|turn|26
|
|t:|1779888387
|move|p2a: Zapdos|Heat Wave|p1a: Great Tusk
|-damage|p1a: Great Tusk|0 fnt
|faint|p1a: Great Tusk
|-end|p1a: Great Tusk|Protosynthesis|[silent]
|
|upkeep
|
|t:|1779888389
|switch|p1a: Heatran|Heatran, F|7/100
|turn|27
|c|☆busto2412|gg
|-message|Perseus the Cat forfeited.
|
|win|busto2412
|raw|Perseus the Cat's rating: 1498 &rarr; <strong>1484</strong><br />(-14 for losing)
|raw|busto2412's rating: 1598 &rarr; <strong>1612</strong><br />(+14 for winning)
|l|☆Perseus the Cat
|player|p1|
|l|☆busto2412
|player|p2|
|l| tsugia
