|j|☆Aladinium
|j|☆TimeOfTheMoth
|t:|1779972591
|gametype|singles
|player|p1|Aladinium|veteran|1453
|player|p2|TimeOfTheMoth|2|1499
|gen|9
|tier|[Gen 9] OU
|rated|
|rule|HP Percentage Mod: HP is shown in percentages
|rule|Endless Battle Clause: Forcing endless battles is banned
|rule|Species Clause: Limit one of each Pokémon
|rule|OHKO Clause: OHKO moves are banned
|rule|Evasion Items Clause: Evasion items are banned
|rule|Evasion Moves Clause: Evasion moves are banned
|rule|Evasion Abilities Clause: Evasion abilities are banned
|rule|Sleep Moves Clause: Sleep-inducing moves are banned
|clearpoke
|poke|p1|Blaziken, F|
|poke|p1|Ninetales, M|
|poke|p1|Venusaur, M|
|poke|p1|Hatterene, F|
|poke|p1|Great Tusk|
|poke|p1|Walking Wake|
|poke|p2|Frosmoth, M|
|poke|p2|Chesnaught, M|
|poke|p2|Primarina, F|
|poke|p2|Dragonite, M|
|poke|p2|Iron Boulder|
|poke|p2|Iron Treads|
|teampreview
|inactive|Battle timer is ON: inactive players will automatically lose when time's up. (requested by TimeOfTheMoth)
|
|t:|1779972596
|teamsize|p1|6
|teamsize|p2|6
|start
|switch|p1a: Blaziken|Blaziken, F|100/100
|switch|p2a: Primarina|Primarina, F|100/100
|turn|1
|
|t:|1779972600
|switch|p1a: Venusaur|Venusaur, M|100/100
|move|p2a: Primarina|Moonblast|p1a: Venusaur
|-resisted|p1a: Venusaur
|-damage|p1a: Venusaur|73/100
|-unboost|p1a: Venusaur|spa|1
|
|upkeep
|turn|2
|
|t:|1779972603
|switch|p1a: Ninetales|Ninetales, M|100/100
|-weather|SunnyDay|[from] ability: Drought|[of] p1a: Ninetales
|move|p2a: Primarina|Ice Beam|p1a: Ninetales
|-resisted|p1a: Ninetales
|-damage|p1a: Ninetales|85/100
|
|-weather|SunnyDay|[upkeep]
|upkeep
|turn|3
|
|t:|1779972605
|switch|p1a: Venusaur|Venusaur, M|73/100
|move|p2a: Primarina|Surf|p1a: Venusaur
|-resisted|p1a: Venusaur
|-damage|p1a: Venusaur|60/100
|
|-weather|SunnyDay|[upkeep]
|upkeep
|turn|4
|
|t:|1779972611
|switch|p2a: Dragonite|Dragonite, M|100/100
|move|p1a: Venusaur|Giga Drain|p2a: Dragonite
|-resisted|p2a: Dragonite
|-damage|p2a: Dragonite|95/100
|-heal|p1a: Venusaur|63/100|[from] drain|[of] p2a: Dragonite
|-damage|p1a: Venusaur|53/100|[from] item: Life Orb
|
|-weather|SunnyDay|[upkeep]
|upkeep
|turn|5
|
|t:|1779972616
|switch|p1a: Hatterene|Hatterene, F|100/100
|move|p2a: Dragonite|Fire Punch|p1a: Hatterene
|-damage|p1a: Hatterene|58/100
|-status|p1a: Hatterene|brn
|-enditem|p1a: Hatterene|Eject Button
|
|t:|1779972619
|switch|p1a: Walking Wake|Walking Wake|100/100
|-activate|p1a: Walking Wake|ability: Protosynthesis
|-start|p1a: Walking Wake|protosynthesisspe
|
|-weather|SunnyDay|[upkeep]
|upkeep
|turn|6
|
|t:|1779972626
|-end|p1a: Walking Wake|Protosynthesis|[silent]
|switch|p1a: Venusaur|Venusaur, M|53/100
|switch|p2a: Primarina|Primarina, F|100/100
|
|-weather|SunnyDay|[upkeep]
|upkeep
|turn|7
|
|t:|1779972628
|move|p1a: Venusaur|Growth|p1a: Venusaur
|-boost|p1a: Venusaur|atk|2
|-boost|p1a: Venusaur|spa|2
|move|p2a: Primarina|Ice Beam|p1a: Venusaur
|-supereffective|p1a: Venusaur
|-damage|p1a: Venusaur|0 fnt
|faint|p1a: Venusaur
|
|-weather|SunnyDay|[upkeep]
|upkeep
|
|t:|1779972634
|switch|p1a: Hatterene|Hatterene, F|58/100 brn
|turn|8
|
|t:|1779972638
|move|p2a: Primarina|Moonblast|p1a: Hatterene
|-damage|p1a: Hatterene|6/100 brn
|move|p1a: Hatterene|Nuzzle|p2a: Primarina
|-supereffective|p2a: Primarina
|-damage|p2a: Primarina|96/100
|-status|p2a: Primarina|par
|
|-weather|SunnyDay|[upkeep]
|-damage|p1a: Hatterene|0 fnt|[from] brn
|faint|p1a: Hatterene
|upkeep
|
|t:|1779972643
|switch|p1a: Walking Wake|Walking Wake|100/100
|-activate|p1a: Walking Wake|ability: Protosynthesis
|-start|p1a: Walking Wake|protosynthesisspe
|turn|9
|
|t:|1779972645
|-terastallize|p1a: Walking Wake|Water
|move|p1a: Walking Wake|Hydro Steam|p2a: Primarina
|-resisted|p2a: Primarina
|-damage|p2a: Primarina|44/100 par
|move|p2a: Primarina|Moonblast|p1a: Walking Wake
|-damage|p1a: Walking Wake|36/100
|
|-weather|none
|-end|p1a: Walking Wake|Protosynthesis
|upkeep
|turn|10
|
|t:|1779972654
|-end|p1a: Walking Wake|Protosynthesis|[silent]
|switch|p1a: Ninetales|Ninetales, M|85/100
|-weather|SunnyDay|[from] ability: Drought|[of] p1a: Ninetales
|cant|p2a: Primarina|par
|
|-weather|SunnyDay|[upkeep]
|upkeep
|turn|11
|
|t:|1779972674
|move|p1a: Ninetales|Flamethrower|p2a: Primarina
|-resisted|p2a: Primarina
|-damage|p2a: Primarina|27/100 par
|cant|p2a: Primarina|par
|
|-weather|SunnyDay|[upkeep]
|upkeep
|turn|12
|
|t:|1779972679
|move|p1a: Ninetales|Flamethrower|p2a: Primarina
|-resisted|p2a: Primarina
|-damage|p2a: Primarina|11/100 par
|cant|p2a: Primarina|par
|
|-weather|SunnyDay|[upkeep]
|upkeep
|turn|13
|-enditem|p2a: Primarina|Custap Berry|[eat]
|-activate|p2a: Primarina|item: Custap Berry|[consumed]
|
|t:|1779972690
|cant|p2a: Primarina|par
|move|p1a: Ninetales|Flamethrower|p2a: Primarina
|-resisted|p2a: Primarina
|-crit|p2a: Primarina
|-damage|p2a: Primarina|0 fnt
|faint|p2a: Primarina
|
|-weather|SunnyDay|[upkeep]
|upkeep
|
|t:|1779972693
|switch|p2a: Dragonite|Dragonite, M|95/100
|turn|14
|
|t:|1779972704
|switch|p1a: Great Tusk|Great Tusk|100/100
|-activate|p1a: Great Tusk|ability: Protosynthesis
|-start|p1a: Great Tusk|protosynthesisatk
|move|p2a: Dragonite|Scale Shot|p1a: Great Tusk
|-damage|p1a: Great Tusk|90/100
|-damage|p1a: Great Tusk|79/100
|-damage|p1a: Great Tusk|68/100
|-damage|p1a: Great Tusk|57/100
|-damage|p1a: Great Tusk|47/100
|-hitcount|p1a: Great Tusk|5
|-unboost|p2a: Dragonite|def|1
|-boost|p2a: Dragonite|spe|1
|
|-weather|SunnyDay|[upkeep]
|upkeep
|turn|15
|
|t:|1779972708
|move|p2a: Dragonite|Scale Shot|p1a: Great Tusk|[miss]
|-miss|p2a: Dragonite|p1a: Great Tusk
|move|p1a: Great Tusk|Ice Spinner|p2a: Dragonite
|-supereffective|p2a: Dragonite
|-damage|p2a: Dragonite|0 fnt
|faint|p2a: Dragonite
|
|-weather|SunnyDay|[upkeep]
|upkeep
|
|t:|1779972713
|switch|p2a: Iron Treads|Iron Treads|100/100
|-enditem|p2a: Iron Treads|Booster Energy
|-activate|p2a: Iron Treads|ability: Quark Drive|[fromitem]
|-start|p2a: Iron Treads|quarkdrivespe
|turn|16
|
|t:|1779972724
|move|p2a: Iron Treads|Earth Power|p1a: Great Tusk
|-damage|p1a: Great Tusk|0 fnt
|faint|p1a: Great Tusk
|-end|p1a: Great Tusk|Protosynthesis|[silent]
|
|-weather|SunnyDay|[upkeep]
|upkeep
|
|t:|1779972733
|switch|p1a: Walking Wake|Walking Wake, tera:Water|36/100
|-activate|p1a: Walking Wake|ability: Protosynthesis
|-start|p1a: Walking Wake|protosynthesisspe
|turn|17
|
|t:|1779972738
|-end|p2a: Iron Treads|Quark Drive|[silent]
|switch|p2a: Frosmoth|Frosmoth, M|100/100
|move|p1a: Walking Wake|Flamethrower|p2a: Frosmoth
|-supereffective|p2a: Frosmoth
|-damage|p2a: Frosmoth|0 fnt
|faint|p2a: Frosmoth
|
|-weather|none
|-end|p1a: Walking Wake|Protosynthesis
|upkeep
|
|t:|1779972754
|switch|p2a: Iron Boulder|Iron Boulder|100/100
|-enditem|p2a: Iron Boulder|Booster Energy
|-activate|p2a: Iron Boulder|ability: Quark Drive|[fromitem]
|-start|p2a: Iron Boulder|quarkdrivespe
|turn|18
|
|t:|1779972759
|-end|p1a: Walking Wake|Protosynthesis|[silent]
|switch|p1a: Ninetales|Ninetales, M|85/100
|-weather|SunnyDay|[from] ability: Drought|[of] p1a: Ninetales
|move|p2a: Iron Boulder|Swords Dance|p2a: Iron Boulder
|-boost|p2a: Iron Boulder|atk|2
|
|-weather|SunnyDay|[upkeep]
|upkeep
|turn|19
|
|t:|1779972765
|move|p2a: Iron Boulder|Mighty Cleave|p1a: Ninetales
|-supereffective|p1a: Ninetales
|-damage|p1a: Ninetales|0 fnt
|faint|p1a: Ninetales
|
|-weather|SunnyDay|[upkeep]
|upkeep
|
|t:|1779972770
|switch|p1a: Walking Wake|Walking Wake, tera:Water|36/100
|-activate|p1a: Walking Wake|ability: Protosynthesis
|-start|p1a: Walking Wake|protosynthesisspe
|turn|20
|
|t:|1779972783
|move|p2a: Iron Boulder|Mighty Cleave|p1a: Walking Wake
|-damage|p1a: Walking Wake|0 fnt
|faint|p1a: Walking Wake
|-end|p1a: Walking Wake|Protosynthesis|[silent]
|
|-weather|SunnyDay|[upkeep]
|upkeep
|
|t:|1779972785
|switch|p1a: Blaziken|Blaziken, F|100/100
|turn|21
|
|t:|1779972787
|move|p1a: Blaziken|Upper Hand||[still]
|-fail|p1a: Blaziken
|move|p2a: Iron Boulder|Earthquake|p1a: Blaziken
|-supereffective|p1a: Blaziken
|-damage|p1a: Blaziken|0 fnt
|faint|p1a: Blaziken
|
|win|TimeOfTheMoth
|raw|Aladinium's rating: 1453 &rarr; <strong>1436</strong><br />(-17 for losing)
|raw|TimeOfTheMoth's rating: 1499 &rarr; <strong>1516</strong><br />(+17 for winning)
|l|☆Aladinium
|player|p1|
