|badge|p2|bronze|gen9ou|100-9
|uhtml|medal-msg|<div class="broadcast-blue">Curious what those medals under the avatar are? PS now has Ladder Seasons! For more information, check out the <a href="https://www.smogon.com/forums/threads/3740067/">thread on Smogon.</a></div>
|j|☆Aguila74
|j|☆Superhjkdetective
|t:|1779912825
|gametype|singles
|player|p1|Aguila74|ethan|1659
|player|p2|Superhjkdetective|1|1800
|gen|9
|tier|[Gen 9] OU
|rated|
|rule|HP Percentage Mod: HP is shown in percentages
|rule|Endless Battle Clause: Forcing endless battles is banned
|rule|Species Clause: Limit one of each Pokémon
|rule|OHKO Clause: OHKO moves are banned
|rule|Evasion Items Clause: Evasion items are banned
|rule|Evasion Moves Clause: Evasion moves are banned
|rule|Evasion Abilities Clause: Evasion abilities are banned
|rule|Sleep Moves Clause: Sleep-inducing moves are banned
|clearpoke
|poke|p1|Dragapult, F|
|poke|p1|Iron Moth|
|poke|p1|Meowscarada, M|
|poke|p1|Iron Treads|
|poke|p1|Primarina, F|
|poke|p1|Conkeldurr, F|
|poke|p2|Pecharunt|
|poke|p2|Samurott-Hisui, F|
|poke|p2|Hatterene, F|
|poke|p2|Great Tusk|
|poke|p2|Garganacl, M|
|poke|p2|Kyurem|
|teampreview
|inactive|Battle timer is ON: inactive players will automatically lose when time's up. (requested by Superhjkdetective)
|
|t:|1779912848
|teamsize|p1|6
|teamsize|p2|6
|start
|switch|p1a: Conkeldurr|Conkeldurr, F|100/100
|switch|p2a: Kyurem|Kyurem|100/100
|-ability|p2a: Kyurem|Pressure
|turn|1
|
|t:|1779912859
|move|p2a: Kyurem|Draco Meteor|p1a: Conkeldurr
|-damage|p1a: Conkeldurr|16/100
|-unboost|p2a: Kyurem|spa|2
|move|p1a: Conkeldurr|Knock Off|p2a: Kyurem
|-damage|p2a: Kyurem|61/100
|-enditem|p2a: Kyurem|Choice Specs|[from] move: Knock Off|[of] p1a: Conkeldurr
|
|upkeep
|turn|2
|
|t:|1779912866
|switch|p2a: Hatterene|Hatterene, F|100/100
|move|p1a: Conkeldurr|Drain Punch|p2a: Hatterene
|-resisted|p2a: Hatterene
|-damage|p2a: Hatterene|91/100
|-heal|p1a: Conkeldurr|20/100|[from] drain|[of] p2a: Hatterene
|-damage|p1a: Conkeldurr|3/100|[from] item: Rocky Helmet|[of] p2a: Hatterene
|
|upkeep
|turn|3
|
|t:|1779912872
|switch|p1a: Iron Treads|Iron Treads|100/100
|move|p2a: Hatterene|Draining Kiss|p1a: Iron Treads
|-resisted|p1a: Iron Treads
|-damage|p1a: Iron Treads|85/100
|-heal|p2a: Hatterene|100/100|[from] drain|[of] p1a: Iron Treads
|
|-heal|p1a: Iron Treads|91/100|[from] item: Leftovers
|upkeep
|turn|4
|
|t:|1779912880
|move|p1a: Iron Treads|Iron Head|p2a: Hatterene
|-supereffective|p2a: Hatterene
|-damage|p2a: Hatterene|33/100
|-damage|p1a: Iron Treads|75/100|[from] item: Rocky Helmet|[of] p2a: Hatterene
|cant|p2a: Hatterene|flinch
|
|-heal|p1a: Iron Treads|81/100|[from] item: Leftovers
|upkeep
|turn|5
|
|t:|1779912886
|switch|p2a: Samurott|Samurott-Hisui, F|100/100
|move|p1a: Iron Treads|Earthquake|p2a: Samurott
|-damage|p2a: Samurott|43/100
|
|-heal|p1a: Iron Treads|87/100|[from] item: Leftovers
|upkeep
|turn|6
|
|t:|1779912891
|move|p1a: Iron Treads|Earthquake|p2a: Samurott
|-damage|p2a: Samurott|0 fnt
|faint|p2a: Samurott
|
|-heal|p1a: Iron Treads|94/100|[from] item: Leftovers
|upkeep
|
|t:|1779912894
|switch|p2a: Great Tusk|Great Tusk|100/100
|turn|7
|
|t:|1779912903
|-end|p1a: Iron Treads|Quark Drive|[silent]
|switch|p1a: Primarina|Primarina, F|100/100
|move|p2a: Great Tusk|Headlong Rush|p1a: Primarina
|-damage|p1a: Primarina|47/100
|-unboost|p2a: Great Tusk|def|1
|-unboost|p2a: Great Tusk|spd|1
|
|-heal|p1a: Primarina|54/100|[from] item: Leftovers
|upkeep
|turn|8
|
|t:|1779912910
|move|p2a: Great Tusk|Headlong Rush|p1a: Primarina
|-damage|p1a: Primarina|0 fnt
|-unboost|p2a: Great Tusk|def|1
|-unboost|p2a: Great Tusk|spd|1
|faint|p1a: Primarina
|
|upkeep
|
|t:|1779912917
|switch|p1a: Dragapult|Dragapult, F|100/100
|turn|9
|
|t:|1779912921
|-end|p2a: Great Tusk|Protosynthesis|[silent]
|switch|p2a: Garganacl|Garganacl, M|100/100
|move|p1a: Dragapult|Dragon Dance|p1a: Dragapult
|-boost|p1a: Dragapult|atk|1
|-boost|p1a: Dragapult|spe|1
|
|upkeep
|turn|10
|
|t:|1779912926
|-terastallize|p1a: Dragapult|Dragon
|move|p1a: Dragapult|Dragon Darts|p2a: Garganacl
|-damage|p2a: Garganacl|51/100
|-anim|p1a: Dragapult|Dragon Darts|p2a: Garganacl
|-damage|p2a: Garganacl|5/100
|-damage|p1a: Dragapult|91/100|[from] item: Life Orb
|move|p2a: Garganacl|Salt Cure|p1a: Dragapult
|-damage|p1a: Dragapult|71/100
|-start|p1a: Dragapult|Salt Cure
|
|-heal|p2a: Garganacl|11/100|[from] item: Leftovers
|-damage|p1a: Dragapult|58/100|[from] Salt Cure
|upkeep
|turn|11
|
|t:|1779912933
|move|p1a: Dragapult|Dragon Dance|p1a: Dragapult
|-boost|p1a: Dragapult|atk|1
|-boost|p1a: Dragapult|spe|1
|move|p2a: Garganacl|Earthquake|p1a: Dragapult
|-damage|p1a: Dragapult|29/100
|
|-heal|p2a: Garganacl|18/100|[from] item: Leftovers
|-damage|p1a: Dragapult|17/100|[from] Salt Cure
|upkeep
|turn|12
|
|t:|1779912947
|switch|p2a: Hatterene|Hatterene, F|33/100
|move|p1a: Dragapult|Dragon Darts|p2a: Hatterene
|-immune|p2a: Hatterene
|
|-damage|p1a: Dragapult|5/100|[from] Salt Cure
|upkeep
|turn|13
|
|t:|1779912971
|switch|p1a: Iron Treads|Iron Treads|94/100
|move|p2a: Hatterene|Draining Kiss|p1a: Iron Treads
|-resisted|p1a: Iron Treads
|-damage|p1a: Iron Treads|77/100
|-heal|p2a: Hatterene|45/100|[from] drain|[of] p1a: Iron Treads
|
|-heal|p1a: Iron Treads|83/100|[from] item: Leftovers
|upkeep
|turn|14
|
|t:|1779912979
|switch|p2a: Great Tusk|Great Tusk|100/100
|move|p1a: Iron Treads|Earthquake|p2a: Great Tusk
|-damage|p2a: Great Tusk|63/100
|
|-heal|p1a: Iron Treads|90/100|[from] item: Leftovers
|upkeep
|turn|15
|
|t:|1779912986
|move|p2a: Great Tusk|Headlong Rush|p1a: Iron Treads
|-supereffective|p1a: Iron Treads
|-damage|p1a: Iron Treads|0 fnt
|-unboost|p2a: Great Tusk|def|1
|-unboost|p2a: Great Tusk|spd|1
|faint|p1a: Iron Treads
|-end|p1a: Iron Treads|Quark Drive|[silent]
|
|upkeep
|
|t:|1779912993
|switch|p1a: Meowscarada|Meowscarada, M|100/100
|turn|16
|
|t:|1779913008
|-end|p2a: Great Tusk|Protosynthesis|[silent]
|switch|p2a: Pecharunt|Pecharunt|100/100
|move|p1a: Meowscarada|Knock Off|p2a: Pecharunt
|-start|p1a: Meowscarada|typechange|Dark|[from] ability: Protean
|-supereffective|p2a: Pecharunt
|-damage|p2a: Pecharunt|47/100
|-enditem|p2a: Pecharunt|Leftovers|[from] move: Knock Off|[of] p1a: Meowscarada
|-damage|p1a: Meowscarada|91/100|[from] item: Life Orb
|
|upkeep
|turn|17
|
|t:|1779913011
|move|p1a: Meowscarada|Knock Off|p2a: Pecharunt
|-supereffective|p2a: Pecharunt
|-damage|p2a: Pecharunt|14/100
|-damage|p1a: Meowscarada|81/100|[from] item: Life Orb
|move|p2a: Pecharunt|Recover|p2a: Pecharunt
|-heal|p2a: Pecharunt|64/100
|
|upkeep
|turn|18
|
|t:|1779913015
|switch|p1a: Dragapult|Dragapult, F, tera:Dragon|5/100
|move|p2a: Pecharunt|Recover|p2a: Pecharunt
|-heal|p2a: Pecharunt|100/100
|
|upkeep
|turn|19
|
|t:|1779913019
|move|p1a: Dragapult|Dragon Darts|p2a: Pecharunt
|-damage|p2a: Pecharunt|80/100
|-anim|p1a: Dragapult|Dragon Darts|p2a: Pecharunt
|-damage|p2a: Pecharunt|58/100
|-damage|p1a: Dragapult|0 fnt|[from] item: Life Orb
|faint|p1a: Dragapult
|move|p2a: Pecharunt|Foul Play|p1: Dragapult|[notarget]
|-fail|p2a: Pecharunt
|
|upkeep
|
|t:|1779913026
|switch|p1a: Iron Moth|Iron Moth|100/100
|-enditem|p1a: Iron Moth|Booster Energy
|-activate|p1a: Iron Moth|ability: Quark Drive|[fromitem]
|-start|p1a: Iron Moth|quarkdrivespe
|turn|20
|
|t:|1779913038
|switch|p2a: Hatterene|Hatterene, F|45/100
|move|p1a: Iron Moth|Fiery Dance|p2a: Hatterene
|-damage|p2a: Hatterene|7/100
|
|upkeep
|turn|21
|
|t:|1779913041
|move|p1a: Iron Moth|Fiery Dance|p2a: Hatterene
|-damage|p2a: Hatterene|0 fnt
|faint|p2a: Hatterene
|
|upkeep
|
|t:|1779913052
|switch|p2a: Garganacl|Garganacl, M|18/100
|turn|22
|
|t:|1779913055
|move|p1a: Iron Moth|Energy Ball|p2a: Garganacl
|-supereffective|p2a: Garganacl
|-damage|p2a: Garganacl|0 fnt
|faint|p2a: Garganacl
|
|upkeep
|
|t:|1779913057
|switch|p2a: Kyurem|Kyurem|61/100
|-ability|p2a: Kyurem|Pressure
|turn|23
|
|t:|1779913063
|move|p1a: Iron Moth|Dazzling Gleam|p2a: Kyurem
|-supereffective|p2a: Kyurem
|-damage|p2a: Kyurem|7/100
|move|p2a: Kyurem|Draco Meteor|p1a: Iron Moth|[miss]
|-miss|p2a: Kyurem|p1a: Iron Moth
|
|upkeep
|turn|24
|
|t:|1779913067
|move|p1a: Iron Moth|Fiery Dance|p2a: Kyurem
|-damage|p2a: Kyurem|0 fnt
|-boost|p1a: Iron Moth|spa|1
|faint|p2a: Kyurem
|
|upkeep
|
|t:|1779913070
|switch|p2a: Great Tusk|Great Tusk|63/100
|turn|25
|c|☆Superhjkdetective|Gg
|
|t:|1779913077
|-terastallize|p2a: Great Tusk|Ground
|move|p1a: Iron Moth|Energy Ball|p2a: Great Tusk
|-supereffective|p2a: Great Tusk
|-damage|p2a: Great Tusk|0 fnt
|faint|p2a: Great Tusk
|-end|p2a: Great Tusk|Protosynthesis|[silent]
|
|upkeep
|-message|Superhjkdetective forfeited.
|
|win|Aguila74
|raw|Aguila74's rating: 1659 &rarr; <strong>1687</strong><br />(+28 for winning)
|raw|Superhjkdetective's rating: 1800 &rarr; <strong>1772</strong><br />(-28 for losing)
|l|☆Aguila74
|player|p1|
|l|☆Superhjkdetective
|player|p2|
