|badge|p2|silver|gen9ou|30-9
|uhtml|medal-msg|<div class="broadcast-blue">Curious what those medals under the avatar are? PS now has Ladder Seasons! For more information, check out the <a href="https://www.smogon.com/forums/threads/3740067/">thread on Smogon.</a></div>
|j|☆jus4funsies
|j|‽ClRCUS MAXIMUS
|t:|1779828449
|gametype|singles
|player|p1|jus4funsies|teamrocket|1588
|player|p2|ClRCUS MAXIMUS|rood|1818
|gen|9
|tier|[Gen 9] OU
|rated|
|rule|HP Percentage Mod: HP is shown in percentages
|rule|Endless Battle Clause: Forcing endless battles is banned
|rule|Species Clause: Limit one of each Pokémon
|rule|OHKO Clause: OHKO moves are banned
|rule|Evasion Items Clause: Evasion items are banned
|rule|Evasion Moves Clause: Evasion moves are banned
|rule|Evasion Abilities Clause: Evasion abilities are banned
|rule|Sleep Moves Clause: Sleep-inducing moves are banned
|clearpoke
|poke|p1|Samurott-Hisui, F|
|poke|p1|Gholdengo|
|poke|p1|Great Tusk|
|poke|p1|Dragonite, M|
|poke|p1|Raging Bolt|
|poke|p1|Kingambit, M|
|poke|p2|Ribombee, F|
|poke|p2|Gholdengo|
|poke|p2|Great Tusk|
|poke|p2|Raging Bolt|
|poke|p2|Ogerpon-Cornerstone, F|
|poke|p2|Ceruledge, F|
|teampreview
|
|t:|1779828452
|teamsize|p1|6
|teamsize|p2|6
|start
|switch|p1a: Shamiqua|Samurott-Hisui, F|100/100
|switch|p2a: Ribombee|Ribombee, F, shiny|100/100
|turn|1
|c|☆jus4funsies|1818 is top 30?
|
|t:|1779828478
|move|p2a: Ribombee|Sticky Web|p1a: Shamiqua
|-sidestart|p1: jus4funsies|move: Sticky Web
|move|p1a: Shamiqua|Ceaseless Edge|p2a: Ribombee
|-resisted|p2a: Ribombee
|-damage|p2a: Ribombee|60/100
|-sidestart|p2: ClRCUS MAXIMUS|Spikes
|
|upkeep
|turn|2
|
|t:|1779828496
|move|p2a: Ribombee|Moonblast|p1a: Shamiqua
|-supereffective|p1a: Shamiqua
|-enditem|p1a: Shamiqua|Focus Sash
|-damage|p1a: Shamiqua|1/100
|move|p1a: Shamiqua|Ceaseless Edge|p2a: Ribombee
|-resisted|p2a: Ribombee
|-damage|p2a: Ribombee|15/100
|-sidestart|p2: ClRCUS MAXIMUS|Spikes
|
|upkeep
|turn|3
|inactive|Battle timer is ON: inactive players will automatically lose when time's up. (requested by ClRCUS MAXIMUS)
|
|t:|1779828504
|move|p1a: Shamiqua|Sucker Punch|p2a: Ribombee
|-resisted|p2a: Ribombee
|-damage|p2a: Ribombee|0 fnt
|faint|p2a: Ribombee
|
|upkeep
|
|t:|1779828509
|switch|p2a: Ogerpon|Ogerpon-Cornerstone, F|100/100
|-damage|p2a: Ogerpon|84/100|[from] Spikes
|turn|4
|
|t:|1779828515
|move|p2a: Ogerpon|Ivy Cudgel|p1a: Shamiqua|[anim] Ivy Cudgel Rock
|-damage|p1a: Shamiqua|0 fnt
|faint|p1a: Shamiqua
|
|upkeep
|
|t:|1779828518
|switch|p1a: Cinna-Mon|Gholdengo|100/100
|-item|p1a: Cinna-Mon|Air Balloon
|turn|5
|j| omari p
|
|t:|1779828525
|move|p2a: Ogerpon|Knock Off|p1a: Cinna-Mon
|-supereffective|p1a: Cinna-Mon
|-damage|p1a: Cinna-Mon|11/100
|-enditem|p1a: Cinna-Mon|Air Balloon
|move|p1a: Cinna-Mon|Make It Rain|p2a: Ogerpon
|-supereffective|p2a: Ogerpon
|-damage|p2a: Ogerpon|0 fnt
|-unboost|p1a: Cinna-Mon|spa|1
|faint|p2a: Ogerpon
|
|upkeep
|
|t:|1779828529
|switch|p2a: Great Tusk|Great Tusk, shiny|100/100
|-damage|p2a: Great Tusk|84/100|[from] Spikes
|-enditem|p2a: Great Tusk|Booster Energy
|-activate|p2a: Great Tusk|ability: Protosynthesis|[fromitem]
|-start|p2a: Great Tusk|protosynthesisatk
|turn|6
|
|t:|1779828557
|switch|p1a: Tyrone|Great Tusk|100/100
|move|p2a: Great Tusk|Ice Spinner|p1a: Tyrone
|-supereffective|p1a: Tyrone
|-damage|p1a: Tyrone|51/100
|
|upkeep
|turn|7
|
|t:|1779828565
|-terastallize|p1a: Tyrone|Ghost
|move|p2a: Great Tusk|Rapid Spin|p1a: Tyrone
|-immune|p1a: Tyrone
|move|p1a: Tyrone|Rapid Spin|p2a: Great Tusk
|-damage|p2a: Great Tusk|71/100
|-boost|p1a: Tyrone|spe|1
|-sideend|p1: jus4funsies|Sticky Web|[from] move: Rapid Spin|[of] p1a: Tyrone
|
|upkeep
|turn|8
|l| omari p
|inactive|jus4funsies has 120 seconds left.
|
|t:|1779828594
|move|p1a: Tyrone|Headlong Rush|p2a: Great Tusk
|-crit|p2a: Great Tusk
|-damage|p2a: Great Tusk|0 fnt
|-unboost|p1a: Tyrone|def|1
|-unboost|p1a: Tyrone|spd|1
|faint|p2a: Great Tusk
|-end|p2a: Great Tusk|Protosynthesis|[silent]
|
|upkeep
|
|t:|1779828606
|switch|p2a: Gholdengo|Gholdengo, shiny|100/100
|-item|p2a: Gholdengo|Air Balloon
|turn|9
|inactive|jus4funsies has 120 seconds left.
|
|t:|1779828619
|move|p1a: Tyrone|Ice Spinner|p2a: Gholdengo
|-resisted|p2a: Gholdengo
|-damage|p2a: Gholdengo|85/100
|-enditem|p2a: Gholdengo|Air Balloon
|move|p2a: Gholdengo|Shadow Ball|p1a: Tyrone
|-supereffective|p1a: Tyrone
|-damage|p1a: Tyrone|0 fnt
|faint|p1a: Tyrone
|-end|p1a: Tyrone|Protosynthesis|[silent]
|
|upkeep
|inactive|jus4funsies has 120 seconds left.
|
|t:|1779828626
|switch|p1a: Cinna-Mon|Gholdengo|11/100
|turn|10
|
|t:|1779828628
|move|p1a: Cinna-Mon|Shadow Ball|p2a: Gholdengo
|-supereffective|p2a: Gholdengo
|-damage|p2a: Gholdengo|0 fnt
|faint|p2a: Gholdengo
|
|upkeep
|
|t:|1779828633
|switch|p2a: Ceruledge|Ceruledge, F, shiny|100/100
|-damage|p2a: Ceruledge|84/100|[from] Spikes
|turn|11
|
|t:|1779828636
|move|p2a: Ceruledge|Shadow Sneak|p1a: Cinna-Mon
|-supereffective|p1a: Cinna-Mon
|-damage|p1a: Cinna-Mon|0 fnt
|faint|p1a: Cinna-Mon
|
|upkeep
|
|t:|1779828651
|switch|p1a: DragoniGG|Dragonite, M|100/100
|turn|12
|
|t:|1779828653
|move|p2a: Ceruledge|Poltergeist|p1a: DragoniGG
|-activate|p1a: DragoniGG|move: Poltergeist|Heavy-Duty Boots
|-damage|p1a: DragoniGG|69/100
|move|p1a: DragoniGG|Earthquake|p2a: Ceruledge
|-supereffective|p2a: Ceruledge
|-damage|p2a: Ceruledge|0 fnt
|faint|p2a: Ceruledge
|
|upkeep
|
|t:|1779828659
|switch|p2a: Raging Bolt|Raging Bolt|100/100
|-damage|p2a: Raging Bolt|84/100|[from] Spikes
|-enditem|p2a: Raging Bolt|Booster Energy
|-activate|p2a: Raging Bolt|ability: Protosynthesis|[fromitem]
|-start|p2a: Raging Bolt|protosynthesisspa
|turn|13
|
|t:|1779828665
|-terastallize|p2a: Raging Bolt|Ghost
|move|p1a: DragoniGG|Earthquake|p2a: Raging Bolt
|-damage|p2a: Raging Bolt|46/100
|move|p2a: Raging Bolt|Calm Mind|p2a: Raging Bolt
|-boost|p2a: Raging Bolt|spa|1
|-boost|p2a: Raging Bolt|spd|1
|
|upkeep
|turn|14
|
|t:|1779828672
|move|p2a: Raging Bolt|Thunderclap|p1a: DragoniGG
|-damage|p1a: DragoniGG|0 fnt
|faint|p1a: DragoniGG
|
|upkeep
|
|t:|1779828680
|switch|p1a: WE WUZ|Kingambit, M, shiny|100/100
|-activate|p1a: WE WUZ|ability: Supreme Overlord
|-start|p1a: WE WUZ|fallen4|[silent]
|turn|15
|
|t:|1779828684
|move|p1a: WE WUZ|Sucker Punch|p2a: Raging Bolt
|-supereffective|p2a: Raging Bolt
|-damage|p2a: Raging Bolt|0 fnt
|faint|p2a: Raging Bolt
|-end|p2a: Raging Bolt|Protosynthesis|[silent]
|
|win|jus4funsies
|raw|jus4funsies's rating: 1588 &rarr; <strong>1620</strong><br />(+32 for winning)
|raw|ClRCUS MAXIMUS's rating: 1831 &rarr; <strong>1799</strong><br />(-32 for losing)
|c|☆jus4funsies|gg
|l|☆jus4funsies
|player|p1|
|j|☆jus4funsies
|player|p1|jus4funsies|teamrocket|
