|j|☆Nertwerve
|j|☆fih#1fan
|t:|1779843764
|gametype|singles
|player|p1|Nertwerve|waitress-gen4|1125
|player|p2|fih#1fan|n|1160
|gen|9
|tier|[Gen 9] OU
|rated|
|rule|HP Percentage Mod: HP is shown in percentages
|rule|Endless Battle Clause: Forcing endless battles is banned
|rule|Species Clause: Limit one of each Pokémon
|rule|OHKO Clause: OHKO moves are banned
|rule|Evasion Items Clause: Evasion items are banned
|rule|Evasion Moves Clause: Evasion moves are banned
|rule|Evasion Abilities Clause: Evasion abilities are banned
|rule|Sleep Moves Clause: Sleep-inducing moves are banned
|clearpoke
|poke|p1|Conkeldurr, M|
|poke|p1|Scizor, F|
|poke|p1|Goodra, F|
|poke|p1|Clodsire, F|
|poke|p1|Dudunsparce-*, F|
|poke|p1|Zangoose, F|
|poke|p2|Charizard, M|
|poke|p2|Torkoal, F|
|poke|p2|Tropius, M|
|poke|p2|Venusaur, F|
|poke|p2|Great Tusk|
|poke|p2|Gholdengo|
|teampreview
|inactive|Battle timer is ON: inactive players will automatically lose when time's up. (requested by Nertwerve)
|
|t:|1779843775
|teamsize|p1|6
|teamsize|p2|6
|start
|switch|p1a: Hercules|Conkeldurr, M, shiny|100/100
|switch|p2a: Torkoal|Torkoal, F|100/100
|-weather|SunnyDay|[from] ability: Drought|[of] p2a: Torkoal
|turn|1
|
|t:|1779843787
|move|p1a: Hercules|Knock Off|p2a: Torkoal
|-crit|p2a: Torkoal
|-damage|p2a: Torkoal|66/100
|-enditem|p2a: Torkoal|Heat Rock|[from] move: Knock Off|[of] p1a: Hercules
|move|p2a: Torkoal|Eruption|p1a: Hercules
|-damage|p1a: Hercules|41/100
|
|-weather|SunnyDay|[upkeep]
|-status|p1a: Hercules|brn|[from] item: Flame Orb
|upkeep
|turn|2
|
|t:|1779843813
|move|p1a: Hercules|Knock Off|p2a: Torkoal
|-damage|p2a: Torkoal|41/100
|move|p2a: Torkoal|Earth Power|p1a: Hercules
|-damage|p1a: Hercules|17/100 brn
|
|-weather|SunnyDay|[upkeep]
|-damage|p1a: Hercules|11/100 brn|[from] brn
|upkeep
|turn|3
|
|t:|1779843831
|move|p1a: Hercules|Facade|p2a: Torkoal
|-damage|p2a: Torkoal|0 fnt
|faint|p2a: Torkoal
|
|-weather|SunnyDay|[upkeep]
|-damage|p1a: Hercules|5/100 brn|[from] brn
|upkeep
|
|t:|1779843834
|switch|p2a: Tropius|Tropius, M|100/100
|turn|4
|
|t:|1779843840
|move|p1a: Hercules|Mach Punch|p2a: Tropius
|-resisted|p2a: Tropius
|-damage|p2a: Tropius|81/100
|move|p2a: Tropius|Tailwind|p2a: Tropius
|-sidestart|p2: fih#1fan|move: Tailwind
|
|-weather|SunnyDay|[upkeep]
|-damage|p2a: Tropius|69/100|[from] ability: Solar Power|[of] p2a: Tropius
|-damage|p1a: Hercules|0 fnt|[from] brn
|faint|p1a: Hercules
|upkeep
|
|t:|1779843853
|switch|p1a: Loafsire|Clodsire, F|100/100
|turn|5
|
|t:|1779843869
|move|p2a: Tropius|Air Slash|p1a: Loafsire
|-damage|p1a: Loafsire|77/100
|cant|p1a: Loafsire|flinch
|
|-weather|SunnyDay|[upkeep]
|-damage|p2a: Tropius|56/100|[from] ability: Solar Power|[of] p2a: Tropius
|-heal|p1a: Loafsire|83/100|[from] item: Black Sludge
|upkeep
|turn|6
|
|t:|1779843883
|switch|p2a: Venusaur|Venusaur, F|100/100
|move|p1a: Loafsire|Toxic Spikes|p2a: Venusaur
|-sidestart|p2: fih#1fan|move: Toxic Spikes
|
|-weather|SunnyDay|[upkeep]
|-heal|p1a: Loafsire|89/100|[from] item: Black Sludge
|upkeep
|turn|7
|
|t:|1779843896
|move|p2a: Venusaur|Earth Power|p1a: Loafsire
|-supereffective|p1a: Loafsire
|-damage|p1a: Loafsire|56/100
|-unboost|p1a: Loafsire|spd|1
|move|p1a: Loafsire|Toxic Spikes|p2a: Venusaur
|-sidestart|p2: fih#1fan|move: Toxic Spikes
|
|-weather|SunnyDay|[upkeep]
|-heal|p1a: Loafsire|62/100|[from] item: Black Sludge
|-sideend|p2: fih#1fan|move: Tailwind
|upkeep
|turn|8
|
|t:|1779843911
|move|p2a: Venusaur|Earth Power|p1a: Loafsire
|-supereffective|p1a: Loafsire
|-damage|p1a: Loafsire|17/100
|-unboost|p1a: Loafsire|spd|1
|move|p1a: Loafsire|Haze|p1a: Loafsire
|-clearallboost
|
|-weather|none
|-heal|p1a: Loafsire|23/100|[from] item: Black Sludge
|upkeep
|turn|9
|
|t:|1779843923
|move|p2a: Venusaur|Earth Power|p1a: Loafsire
|-supereffective|p1a: Loafsire
|-damage|p1a: Loafsire|0 fnt
|faint|p1a: Loafsire
|
|upkeep
|
|t:|1779843938
|switch|p1a: Dudunsparce|Dudunsparce, F|100/100
|turn|10
|
|t:|1779843951
|move|p2a: Venusaur|Sludge Bomb|p1a: Dudunsparce
|-damage|p1a: Dudunsparce|59/100
|-status|p1a: Dudunsparce|psn
|move|p1a: Dudunsparce|Coil|p1a: Dudunsparce
|-boost|p1a: Dudunsparce|atk|1
|-boost|p1a: Dudunsparce|def|1
|-boost|p1a: Dudunsparce|accuracy|1
|
|-heal|p1a: Dudunsparce|66/100 psn|[from] item: Leftovers
|-damage|p1a: Dudunsparce|53/100 psn|[from] psn
|upkeep
|turn|11
|
|t:|1779843970
|move|p2a: Venusaur|Leaf Storm|p1a: Dudunsparce
|-crit|p1a: Dudunsparce
|-damage|p1a: Dudunsparce|0 fnt
|-unboost|p2a: Venusaur|spa|2
|faint|p1a: Dudunsparce
|
|upkeep
|
|t:|1779843982
|switch|p1a: Scizor|Scizor, F|100/100
|turn|12
|
|t:|1779843990
|move|p2a: Venusaur|Earth Power|p1a: Scizor
|-damage|p1a: Scizor|84/100
|-enditem|p1a: Scizor|Red Card|[of] p2a: Venusaur
|drag|p2a: Great Tusk|Great Tusk|100/100
|move|p1a: Scizor|Swords Dance|p1a: Scizor
|-boost|p1a: Scizor|atk|2
|
|upkeep
|turn|13
|
|t:|1779844017
|move|p2a: Great Tusk|Rapid Spin|p1a: Scizor
|-resisted|p1a: Scizor
|-damage|p1a: Scizor|76/100
|-boost|p2a: Great Tusk|spe|1
|-sideend|p2: fih#1fan|Toxic Spikes|[from] move: Rapid Spin|[of] p2a: Great Tusk
|move|p1a: Scizor|Acrobatics|p2a: Great Tusk
|-supereffective|p2a: Great Tusk
|-damage|p2a: Great Tusk|27/100
|
|upkeep
|turn|14
|
|t:|1779844026
|move|p1a: Scizor|Bullet Punch|p2a: Great Tusk
|-damage|p2a: Great Tusk|0 fnt
|faint|p2a: Great Tusk
|-end|p2a: Great Tusk|Protosynthesis|[silent]
|
|upkeep
|
|t:|1779844031
|switch|p2a: Tropius|Tropius, M|56/100
|turn|15
|
|t:|1779844038
|move|p1a: Scizor|Acrobatics|p2a: Tropius
|-supereffective|p2a: Tropius
|-damage|p2a: Tropius|0 fnt
|faint|p2a: Tropius
|
|upkeep
|inactive|fih#1fan has 120 seconds left.
|
|t:|1779844072
|switch|p2a: TUFF 🤣🤣✌🤣🤣✌✌✌✌|Charizard, M, shiny|100/100
|turn|16
|
|t:|1779844087
|switch|p1a: Duchess|Goodra, F, shiny|100/100
|move|p2a: TUFF 🤣🤣✌🤣🤣✌✌✌✌|Air Slash|p1a: Duchess|[miss]
|-miss|p2a: TUFF 🤣🤣✌🤣🤣✌✌✌✌|p1a: Duchess
|
|upkeep
|turn|17
|
|t:|1779844097
|move|p2a: TUFF 🤣🤣✌🤣🤣✌✌✌✌|Dragon Pulse|p1a: Duchess
|-supereffective|p1a: Duchess
|-damage|p1a: Duchess|58/100
|move|p1a: Duchess|Thunderbolt|p2a: TUFF 🤣🤣✌🤣🤣✌✌✌✌
|-supereffective|p2a: TUFF 🤣🤣✌🤣🤣✌✌✌✌
|-damage|p2a: TUFF 🤣🤣✌🤣🤣✌✌✌✌|16/100
|
|upkeep
|turn|18
|
|t:|1779844109
|switch|p2a: Venusaur|Venusaur, F|100/100
|switch|p1a: Scizor|Scizor, F|76/100
|
|upkeep
|turn|19
|
|t:|1779844126
|-terastallize|p2a: Venusaur|Grass
|move|p2a: Venusaur|Leaf Storm|p1a: Scizor
|-resisted|p1a: Scizor
|-damage|p1a: Scizor|51/100
|-unboost|p2a: Venusaur|spa|2
|move|p1a: Scizor|Acrobatics|p2a: Venusaur
|-supereffective|p2a: Venusaur
|-damage|p2a: Venusaur|0 fnt
|faint|p2a: Venusaur
|
|upkeep
|
|t:|1779844133
|switch|p2a: Gholdengo|Gholdengo|100/100
|-item|p2a: Gholdengo|Air Balloon
|turn|20
|
|t:|1779844141
|move|p2a: Gholdengo|Nasty Plot|p2a: Gholdengo
|-boost|p2a: Gholdengo|spa|2
|move|p1a: Scizor|Knock Off|p2a: Gholdengo
|-supereffective|p2a: Gholdengo
|-damage|p2a: Gholdengo|25/100
|-enditem|p2a: Gholdengo|Air Balloon
|
|upkeep
|turn|21
|
|t:|1779844149
|move|p1a: Scizor|Bullet Punch|p2a: Gholdengo
|-resisted|p2a: Gholdengo
|-damage|p2a: Gholdengo|7/100
|move|p2a: Gholdengo|Shadow Ball|p1a: Scizor
|-damage|p1a: Scizor|0 fnt
|faint|p1a: Scizor
|
|upkeep
|
|t:|1779844163
|switch|p1a: Zangoose|Zangoose, F|100/100
|turn|22
|
|t:|1779844169
|move|p2a: Gholdengo|Make It Rain|p1a: Zangoose
|-damage|p1a: Zangoose|0 fnt
|-unboost|p2a: Gholdengo|spa|1
|faint|p1a: Zangoose
|
|upkeep
|
|t:|1779844174
|switch|p1a: Duchess|Goodra, F, shiny|58/100
|turn|23
|
|t:|1779844179
|move|p1a: Duchess|Thunderbolt|p2a: Gholdengo
|-damage|p2a: Gholdengo|0 fnt
|faint|p2a: Gholdengo
|
|upkeep
|
|t:|1779844181
|switch|p2a: TUFF 🤣🤣✌🤣🤣✌✌✌✌|Charizard, M, shiny|16/100
|turn|24
|
|t:|1779844189
|move|p2a: TUFF 🤣🤣✌🤣🤣✌✌✌✌|Air Slash|p1a: Duchess
|-damage|p1a: Duchess|27/100
|move|p1a: Duchess|Thunderbolt|p2a: TUFF 🤣🤣✌🤣🤣✌✌✌✌
|-supereffective|p2a: TUFF 🤣🤣✌🤣🤣✌✌✌✌
|-damage|p2a: TUFF 🤣🤣✌🤣🤣✌✌✌✌|0 fnt
|faint|p2a: TUFF 🤣🤣✌🤣🤣✌✌✌✌
|
|win|Nertwerve
|raw|Nertwerve's rating: 1125 &rarr; <strong>1153</strong><br />(+28 for winning)
|raw|fih#1fan's rating: 1160 &rarr; <strong>1132</strong><br />(-28 for losing)
|c|☆Nertwerve|gg
