|j|☆cowboyoctopus
|j|☆MikhaelSunworth
|t:|1779870932
|gametype|singles
|player|p1|cowboyoctopus|bellelba|1540
|player|p2|MikhaelSunworth|chuck|1516
|gen|9
|tier|[Gen 9] OU
|rated|
|rule|HP Percentage Mod: HP is shown in percentages
|rule|Endless Battle Clause: Forcing endless battles is banned
|rule|Species Clause: Limit one of each Pokémon
|rule|OHKO Clause: OHKO moves are banned
|rule|Evasion Items Clause: Evasion items are banned
|rule|Evasion Moves Clause: Evasion moves are banned
|rule|Evasion Abilities Clause: Evasion abilities are banned
|rule|Sleep Moves Clause: Sleep-inducing moves are banned
|clearpoke
|poke|p1|Moltres|
|poke|p1|Gliscor, F|
|poke|p1|Sinistcha|
|poke|p1|Samurott-Hisui, M|
|poke|p1|Iron Valiant|
|poke|p1|Dragonite, F|
|poke|p2|Ting-Lu|
|poke|p2|Manaphy|
|poke|p2|Kyurem|
|poke|p2|Cinderace, M|
|poke|p2|Corviknight, F|
|poke|p2|Iron Valiant|
|teampreview
|
|t:|1779870956
|teamsize|p1|6
|teamsize|p2|6
|start
|switch|p1a: Flyin Saucr Attack|Gliscor, F|100/100
|switch|p2a: Manaphy|Manaphy|100/100
|turn|1
|
|t:|1779870966
|move|p2a: Manaphy|Acid Armor|p2a: Manaphy
|-boost|p2a: Manaphy|def|2
|move|p1a: Flyin Saucr Attack|Toxic|p2a: Manaphy
|-status|p2a: Manaphy|tox
|
|-damage|p2a: Manaphy|94/100 tox|[from] psn
|-status|p1a: Flyin Saucr Attack|tox|[from] item: Toxic Orb
|upkeep
|turn|2
|
|t:|1779870982
|move|p2a: Manaphy|Take Heart|p2a: Manaphy
|-boost|p2a: Manaphy|spa|1
|-boost|p2a: Manaphy|spd|1
|-curestatus|p2a: Manaphy|tox|[msg]
|move|p1a: Flyin Saucr Attack|Knock Off|p2a: Manaphy
|-damage|p2a: Manaphy|86/100
|-enditem|p2a: Manaphy|Leftovers|[from] move: Knock Off|[of] p1a: Flyin Saucr Attack
|
|upkeep
|turn|3
|
|t:|1779870988
|switch|p1a: LCD Poundsystem|Iron Valiant|100/100
|move|p2a: Manaphy|Scald|p1a: LCD Poundsystem
|-damage|p1a: LCD Poundsystem|18/100
|-status|p1a: LCD Poundsystem|brn
|
|-damage|p1a: LCD Poundsystem|12/100 brn|[from] brn
|upkeep
|turn|4
|
|t:|1779871015
|move|p1a: LCD Poundsystem|Trick|p2a: Manaphy
|-activate|p1a: LCD Poundsystem|move: Trick|[of] p2a: Manaphy
|-item|p2a: Manaphy|Choice Scarf|[from] move: Trick
|-enditem|p1a: LCD Poundsystem|Choice Scarf|[silent]|[from] move: Trick
|move|p2a: Manaphy|Scald|p1a: LCD Poundsystem
|-damage|p1a: LCD Poundsystem|0 fnt
|faint|p1a: LCD Poundsystem
|-end|p1a: LCD Poundsystem|Quark Drive|[silent]
|
|upkeep
|
|t:|1779871020
|switch|p1a: Bitches Brew|Sinistcha|100/100
|turn|5
|
|t:|1779871024
|move|p2a: Manaphy|Scald|p1a: Bitches Brew
|-resisted|p1a: Bitches Brew
|-damage|p1a: Bitches Brew|77/100
|move|p1a: Bitches Brew|Calm Mind|p1a: Bitches Brew
|-boost|p1a: Bitches Brew|spa|1
|-boost|p1a: Bitches Brew|spd|1
|
|upkeep
|turn|6
|
|t:|1779871032
|switch|p2a: Cinderace|Cinderace, M|100/100
|move|p1a: Bitches Brew|Shadow Ball|p2a: Cinderace
|-damage|p2a: Cinderace|32/100
|-unboost|p2a: Cinderace|spd|1
|
|upkeep
|turn|7
|
|t:|1779871038
|move|p2a: Cinderace|U-turn|p1a: Bitches Brew
|-start|p2a: Cinderace|typechange|Bug|[from] ability: Libero
|-damage|p1a: Bitches Brew|53/100
|
|t:|1779871043
|switch|p2a: Kyurem|Kyurem|100/100|[from] U-turn
|-ability|p2a: Kyurem|Pressure
|move|p1a: Bitches Brew|Strength Sap|p2a: Kyurem
|-unboost|p2a: Kyurem|atk|1
|-heal|p1a: Bitches Brew|100/100
|
|upkeep
|turn|8
|
|t:|1779871047
|-terastallize|p1a: Bitches Brew|Poison
|move|p2a: Kyurem|Ice Beam|p1a: Bitches Brew
|-damage|p1a: Bitches Brew|61/100
|move|p1a: Bitches Brew|Calm Mind|p1a: Bitches Brew
|-boost|p1a: Bitches Brew|spa|1
|-boost|p1a: Bitches Brew|spd|1
|
|upkeep
|turn|9
|
|t:|1779871055
|switch|p2a: Ting-Lu|Ting-Lu|100/100
|-ability|p2a: Ting-Lu|Vessel of Ruin
|move|p1a: Bitches Brew|Strength Sap|p2a: Ting-Lu
|-unboost|p2a: Ting-Lu|atk|1
|-heal|p1a: Bitches Brew|100/100
|
|upkeep
|turn|10
|
|t:|1779871061
|move|p1a: Bitches Brew|Matcha Gotcha|p2a: Ting-Lu
|-supereffective|p2a: Ting-Lu
|-damage|p2a: Ting-Lu|25/100
|-status|p2a: Ting-Lu|brn
|-enditem|p2a: Ting-Lu|Weakness Policy
|-boost|p2a: Ting-Lu|atk|2|[from] item: Weakness Policy
|-boost|p2a: Ting-Lu|spa|2|[from] item: Weakness Policy
|move|p2a: Ting-Lu|Earthquake|p1a: Bitches Brew
|-supereffective|p1a: Bitches Brew
|-damage|p1a: Bitches Brew|50/100
|
|-damage|p2a: Ting-Lu|19/100 brn|[from] brn
|upkeep
|turn|11
|
|t:|1779871071
|move|p1a: Bitches Brew|Strength Sap|p2a: Ting-Lu
|-unboost|p2a: Ting-Lu|atk|1
|-heal|p1a: Bitches Brew|100/100
|move|p2a: Ting-Lu|Earthquake|p1a: Bitches Brew
|-supereffective|p1a: Bitches Brew
|-damage|p1a: Bitches Brew|63/100
|
|-damage|p2a: Ting-Lu|12/100 brn|[from] brn
|upkeep
|turn|12
|-message|MikhaelSunworth forfeited.
|
|win|cowboyoctopus
|raw|cowboyoctopus's rating: 1540 &rarr; <strong>1559</strong><br />(+19 for winning)
|raw|MikhaelSunworth's rating: 1516 &rarr; <strong>1497</strong><br />(-19 for losing)
|l|☆MikhaelSunworth
|player|p2|
|l|☆cowboyoctopus
|player|p1|
