|j|☆saltt2
|j|☆shark05
|t:|1779864381
|gametype|singles
|player|p1|saltt2|ash-kalos|1407
|player|p2|shark05|bugsy|1343
|gen|9
|tier|[Gen 9] OU
|rated|
|rule|HP Percentage Mod: HP is shown in percentages
|rule|Endless Battle Clause: Forcing endless battles is banned
|rule|Species Clause: Limit one of each Pokémon
|rule|OHKO Clause: OHKO moves are banned
|rule|Evasion Items Clause: Evasion items are banned
|rule|Evasion Moves Clause: Evasion moves are banned
|rule|Evasion Abilities Clause: Evasion abilities are banned
|rule|Sleep Moves Clause: Sleep-inducing moves are banned
|clearpoke
|poke|p1|Hawlucha, F|
|poke|p1|Samurott-Hisui, F|
|poke|p1|Rillaboom, F|
|poke|p1|Gholdengo|
|poke|p1|Kyurem|
|poke|p1|Landorus-Therian, M|
|poke|p2|Kleavor, M|
|poke|p2|Weezing-Galar, M|
|poke|p2|Mamoswine, F|
|poke|p2|Lokix, M|
|poke|p2|Tinkaton, F|
|poke|p2|Zapdos-Galar|
|teampreview
|inactive|Battle timer is ON: inactive players will automatically lose when time's up. (requested by saltt2)
|
|t:|1779864398
|teamsize|p1|6
|teamsize|p2|6
|start
|switch|p1a: Samurott|Samurott-Hisui, F|100/100
|switch|p2a: Tinkaton|Tinkaton, F|100/100
|-item|p2a: Tinkaton|Air Balloon
|turn|1
|
|t:|1779864410
|move|p2a: Tinkaton|Stealth Rock|p1a: Samurott
|-sidestart|p1: saltt2|move: Stealth Rock
|move|p1a: Samurott|Flip Turn|p2a: Tinkaton
|-damage|p2a: Tinkaton|78/100
|-enditem|p2a: Tinkaton|Air Balloon
|-enditem|p1a: Samurott|Assault Vest|[silent]|[from] ability: Pickpocket|[of] p1a: Samurott
|-item|p2a: Tinkaton|Assault Vest|[from] ability: Pickpocket|[of] p1a: Samurott
|
|t:|1779864418
|switch|p1a: Landorus|Landorus-Therian, M|100/100|[from] Flip Turn
|-damage|p1a: Landorus|88/100|[from] Stealth Rock
|-ability|p1a: Landorus|Intimidate|boost
|-unboost|p2a: Tinkaton|atk|1
|
|upkeep
|turn|2
|inactive|shark05 has 120 seconds left.
|
|t:|1779864451
|switch|p2a: Lokix|Lokix, M|100/100
|move|p1a: Landorus|Stealth Rock|p2a: Lokix
|-sidestart|p2: shark05|move: Stealth Rock
|
|upkeep
|turn|3
|
|t:|1779864458
|move|p1a: Landorus|U-turn|p2a: Lokix
|-supereffective|p2a: Lokix
|-damage|p2a: Lokix|37/100
|
|t:|1779864464
|switch|p1a: Kyurem|Kyurem|100/100|[from] U-turn
|-damage|p1a: Kyurem|76/100|[from] Stealth Rock
|-ability|p1a: Kyurem|Pressure
|move|p2a: Lokix|U-turn|p1a: Kyurem
|-damage|p1a: Kyurem|40/100
|
|t:|1779864475
|switch|p2a: Zapdos|Zapdos-Galar|100/100|[from] U-turn
|-damage|p2a: Zapdos|88/100|[from] Stealth Rock
|
|upkeep
|turn|4
|
|t:|1779864483
|move|p2a: Zapdos|Knock Off|p1a: Kyurem
|-damage|p1a: Kyurem|7/100
|-enditem|p1a: Kyurem|Assault Vest|[from] move: Knock Off|[of] p2a: Zapdos
|move|p1a: Kyurem|Ice Beam|p2a: Zapdos
|-supereffective|p2a: Zapdos
|-damage|p2a: Zapdos|0 fnt
|faint|p2a: Zapdos
|
|upkeep
|inactive|shark05 has 120 seconds left.
|
|t:|1779864505
|switch|p2a: Tinkaton|Tinkaton, F|78/100
|-damage|p2a: Tinkaton|72/100|[from] Stealth Rock
|turn|5
|inactive|shark05 has 120 seconds left.
|
|t:|1779864513
|move|p1a: Kyurem|Earth Power|p2a: Tinkaton
|-supereffective|p2a: Tinkaton
|-damage|p2a: Tinkaton|39/100
|move|p2a: Tinkaton|Gigaton Hammer|p1a: Kyurem
|-supereffective|p1a: Kyurem
|-damage|p1a: Kyurem|0 fnt
|faint|p1a: Kyurem
|
|upkeep
|
|t:|1779864523
|switch|p1a: Landorus|Landorus-Therian, M|88/100
|-damage|p1a: Landorus|76/100|[from] Stealth Rock
|-ability|p1a: Landorus|Intimidate|boost
|-unboost|p2a: Tinkaton|atk|1
|turn|6
|
|t:|1779864536
|switch|p2a: Mamoswine|Mamoswine, F|100/100
|-damage|p2a: Mamoswine|88/100|[from] Stealth Rock
|move|p1a: Landorus|Earth Power|p2a: Mamoswine
|-damage|p2a: Mamoswine|41/100
|
|-heal|p2a: Mamoswine|48/100|[from] item: Leftovers
|upkeep
|turn|7
|
|t:|1779864550
|move|p1a: Landorus|Earth Power|p2a: Mamoswine
|-damage|p2a: Mamoswine|0 fnt
|faint|p2a: Mamoswine
|
|upkeep
|inactive|shark05 has 120 seconds left.
|
|t:|1779864565
|switch|p2a: Lokix|Lokix, M|37/100
|turn|8
|inactive|shark05 has 120 seconds left.
|
|t:|1779864571
|move|p2a: Lokix|First Impression|p1a: Landorus
|-resisted|p1a: Landorus
|-damage|p1a: Landorus|35/100
|-damage|p2a: Lokix|20/100|[from] item: Rocky Helmet|[of] p1a: Landorus
|move|p1a: Landorus|U-turn|p2a: Lokix
|-supereffective|p2a: Lokix
|-damage|p2a: Lokix|0 fnt
|faint|p2a: Lokix
|
|t:|1779864580
|switch|p1a: Samurott|Samurott-Hisui, F|100/100|[from] U-turn
|-damage|p1a: Samurott|88/100|[from] Stealth Rock
|
|upkeep
|
|t:|1779864586
|switch|p2a: Kleavor|Kleavor, M|100/100
|-damage|p2a: Kleavor|76/100|[from] Stealth Rock
|turn|9
|
|t:|1779864595
|-terastallize|p2a: Kleavor|Bug
|move|p2a: Kleavor|X-Scissor|p1a: Samurott
|-supereffective|p1a: Samurott
|-damage|p1a: Samurott|0 fnt
|faint|p1a: Samurott
|
|upkeep
|
|t:|1779864601
|switch|p1a: Landorus|Landorus-Therian, M|35/100
|-damage|p1a: Landorus|23/100|[from] Stealth Rock
|-ability|p1a: Landorus|Intimidate|boost
|-unboost|p2a: Kleavor|atk|1
|turn|10
|
|t:|1779864620
|move|p1a: Landorus|Earth Power|p2a: Kleavor
|-resisted|p2a: Kleavor
|-damage|p2a: Kleavor|49/100
|move|p2a: Kleavor|X-Scissor|p1a: Landorus
|-resisted|p1a: Landorus
|-damage|p1a: Landorus|0 fnt
|-damage|p2a: Kleavor|33/100|[from] item: Rocky Helmet|[of] p1a: Landorus
|faint|p1a: Landorus
|
|upkeep
|
|t:|1779864627
|switch|p1a: Rillaboom|Rillaboom, F|100/100
|-damage|p1a: Rillaboom|88/100|[from] Stealth Rock
|-fieldstart|move: Grassy Terrain|[from] ability: Grassy Surge|[of] p1a: Rillaboom
|turn|11
|
|t:|1779864637
|move|p1a: Rillaboom|Grassy Glide|p2a: Kleavor
|-resisted|p2a: Kleavor
|-damage|p2a: Kleavor|7/100
|move|p2a: Kleavor|X-Scissor|p1a: Rillaboom
|-supereffective|p1a: Rillaboom
|-damage|p1a: Rillaboom|0 fnt
|faint|p1a: Rillaboom
|
|-heal|p2a: Kleavor|13/100|[from] Grassy Terrain
|upkeep
|
|t:|1779864644
|switch|p1a: Hawlucha|Hawlucha, F|100/100
|-damage|p1a: Hawlucha|88/100|[from] Stealth Rock
|-enditem|p1a: Hawlucha|Grassy Seed
|-boost|p1a: Hawlucha|def|1|[from] item: Grassy Seed
|turn|12
|
|t:|1779864655
|-terastallize|p1a: Hawlucha|Steel
|move|p1a: Hawlucha|Swords Dance|p1a: Hawlucha
|-boost|p1a: Hawlucha|atk|2
|move|p2a: Kleavor|Stone Axe|p1a: Hawlucha
|-resisted|p1a: Hawlucha
|-damage|p1a: Hawlucha|72/100
|
|-heal|p1a: Hawlucha|78/100|[from] Grassy Terrain
|-heal|p2a: Kleavor|19/100|[from] Grassy Terrain
|upkeep
|turn|13
|
|t:|1779864664
|move|p1a: Hawlucha|Acrobatics|p2a: Kleavor
|-supereffective|p2a: Kleavor
|-damage|p2a: Kleavor|0 fnt
|faint|p2a: Kleavor
|
|-heal|p1a: Hawlucha|85/100|[from] Grassy Terrain
|upkeep
|
|t:|1779864675
|switch|p2a: Weezing|Weezing-Galar, M|100/100
|-ability|p2a: Weezing|Neutralizing Gas
|-damage|p2a: Weezing|88/100|[from] Stealth Rock
|turn|14
|
|t:|1779864683
|move|p1a: Hawlucha|Acrobatics|p2a: Weezing
|-damage|p2a: Weezing|23/100
|move|p2a: Weezing|Will-O-Wisp|p1a: Hawlucha
|-status|p1a: Hawlucha|brn
|
|-heal|p1a: Hawlucha|91/100 brn|[from] Grassy Terrain
|-heal|p2a: Weezing|29/100|[from] Grassy Terrain
|-heal|p2a: Weezing|35/100|[from] item: Leftovers
|-damage|p1a: Hawlucha|85/100 brn|[from] brn
|upkeep
|turn|15
|
|t:|1779864693
|move|p1a: Hawlucha|Swords Dance|p1a: Hawlucha
|-boost|p1a: Hawlucha|atk|2
|move|p2a: Weezing|Pain Split|p1a: Hawlucha
|-sethp|p1a: Hawlucha|59/100 brn|[from] move: Pain Split|[silent]
|-sethp|p2a: Weezing|61/100|[from] move: Pain Split
|
|-heal|p1a: Hawlucha|65/100 brn|[from] Grassy Terrain
|-heal|p2a: Weezing|67/100|[from] Grassy Terrain
|-heal|p2a: Weezing|73/100|[from] item: Leftovers
|-damage|p1a: Hawlucha|59/100 brn|[from] brn
|-fieldend|move: Grassy Terrain
|upkeep
|turn|16
|
|t:|1779864708
|move|p1a: Hawlucha|Swords Dance|p1a: Hawlucha
|-boost|p1a: Hawlucha|atk|2
|move|p2a: Weezing|Pain Split|p1a: Hawlucha
|-sethp|p1a: Hawlucha|65/100 brn|[from] move: Pain Split|[silent]
|-sethp|p2a: Weezing|67/100|[from] move: Pain Split
|
|-heal|p2a: Weezing|73/100|[from] item: Leftovers
|-damage|p1a: Hawlucha|59/100 brn|[from] brn
|upkeep
|turn|17
|
|t:|1779864720
|move|p1a: Hawlucha|Acrobatics|p2a: Weezing
|-damage|p2a: Weezing|10/100
|move|p2a: Weezing|Strange Steam|p1a: Hawlucha
|-resisted|p1a: Hawlucha
|-damage|p1a: Hawlucha|39/100 brn
|
|-heal|p2a: Weezing|16/100|[from] item: Leftovers
|-damage|p1a: Hawlucha|33/100 brn|[from] brn
|upkeep
|turn|18
|
|t:|1779864729
|move|p1a: Hawlucha|Acrobatics|p2a: Weezing
|-damage|p2a: Weezing|0 fnt
|faint|p2a: Weezing
|-end|p2a: Weezing|ability: Neutralizing Gas
|
|-damage|p1a: Hawlucha|27/100 brn|[from] brn
|upkeep
|
|t:|1779864735
|switch|p2a: Tinkaton|Tinkaton, F|39/100
|-damage|p2a: Tinkaton|33/100|[from] Stealth Rock
|turn|19
|
|t:|1779864742
|move|p1a: Hawlucha|Low Kick|p2a: Tinkaton
|-crit|p2a: Tinkaton
|-damage|p2a: Tinkaton|0 fnt
|faint|p2a: Tinkaton
|
|win|saltt2
|raw|saltt2's rating: 1421 &rarr; <strong>1437</strong><br />(+16 for winning)
|raw|shark05's rating: 1343 &rarr; <strong>1327</strong><br />(-16 for losing)
|l|☆shark05
|player|p2|
|l|☆saltt2
|player|p1|
