|j|☆Coolradguy
|j|☆sicns
|t:|1779942797
|gametype|singles
|player|p1|Coolradguy|1|1529
|player|p2|sicns|cynthia-gen4|1451
|gen|9
|tier|[Gen 9] OU
|rated|
|rule|HP Percentage Mod: HP is shown in percentages
|rule|Endless Battle Clause: Forcing endless battles is banned
|rule|Species Clause: Limit one of each Pokémon
|rule|OHKO Clause: OHKO moves are banned
|rule|Evasion Items Clause: Evasion items are banned
|rule|Evasion Moves Clause: Evasion moves are banned
|rule|Evasion Abilities Clause: Evasion abilities are banned
|rule|Sleep Moves Clause: Sleep-inducing moves are banned
|clearpoke
|poke|p1|Cresselia, F|
|poke|p1|Slowking, M|
|poke|p1|Alomomola, F|
|poke|p1|Great Tusk|
|poke|p1|Okidogi, M|
|poke|p1|Raging Bolt|
|poke|p2|Samurott-Hisui, M|
|poke|p2|Zapdos|
|poke|p2|Iron Treads|
|poke|p2|Ceruledge, M|
|poke|p2|Gholdengo|
|poke|p2|Kingambit, M|
|teampreview
|
|t:|1779942811
|teamsize|p1|6
|teamsize|p2|6
|start
|switch|p1a: Alomomola|Alomomola, F|100/100
|switch|p2a: Samurott|Samurott-Hisui, M|100/100
|turn|1
|
|t:|1779942825
|move|p2a: Samurott|Ceaseless Edge|p1a: Alomomola
|-damage|p1a: Alomomola|66/100
|-damage|p2a: Samurott|84/100|[from] item: Rocky Helmet|[of] p1a: Alomomola
|-sidestart|p1: Coolradguy|Spikes
|move|p1a: Alomomola|Wish|p1a: Alomomola
|
|upkeep
|turn|2
|
|t:|1779942831
|move|p2a: Samurott|Knock Off|p1a: Alomomola
|-damage|p1a: Alomomola|36/100
|-damage|p2a: Samurott|68/100|[from] item: Rocky Helmet|[of] p1a: Alomomola
|-enditem|p1a: Alomomola|Rocky Helmet|[from] move: Knock Off|[of] p2a: Samurott
|move|p1a: Alomomola|Flip Turn|p2a: Samurott
|-resisted|p2a: Samurott
|-damage|p2a: Samurott|60/100
|inactive|Battle timer is ON: inactive players will automatically lose when time's up. (requested by sicns)
|
|t:|1779942859
|switch|p1a: Raging Bolt|Raging Bolt|100/100|[from] Flip Turn
|-damage|p1a: Raging Bolt|88/100|[from] Spikes
|
|-heal|p1a: Raging Bolt|100/100|[from] move: Wish|[wisher] Alomomola
|upkeep
|turn|3
|
|t:|1779942871
|switch|p2a: Iron Treads|Iron Treads|100/100
|move|p1a: Raging Bolt|Volt Switch|p2a: Iron Treads
|-immune|p2a: Iron Treads
|
|upkeep
|turn|4
|
|t:|1779942884
|-end|p1a: Raging Bolt|Protosynthesis|[silent]
|switch|p1a: Great Tusk|Great Tusk|100/100
|move|p2a: Iron Treads|Stealth Rock|p1a: Great Tusk
|-sidestart|p1: Coolradguy|move: Stealth Rock
|
|upkeep
|turn|5
|
|t:|1779942892
|-end|p2a: Iron Treads|Quark Drive|[silent]
|switch|p2a: Zapdos|Zapdos|100/100
|move|p1a: Great Tusk|Headlong Rush|p2a: Zapdos
|-immune|p2a: Zapdos
|
|upkeep
|turn|6
|
|t:|1779942903
|-end|p1a: Great Tusk|Protosynthesis|[silent]
|switch|p1a: Raging Bolt|Raging Bolt|100/100
|-damage|p1a: Raging Bolt|88/100|[from] Spikes
|-damage|p1a: Raging Bolt|76/100|[from] Stealth Rock
|move|p2a: Zapdos|Hurricane|p1a: Raging Bolt
|-resisted|p1a: Raging Bolt
|-damage|p1a: Raging Bolt|54/100
|
|upkeep
|turn|7
|
|t:|1779942914
|switch|p2a: Iron Treads|Iron Treads|100/100
|move|p1a: Raging Bolt|Volt Switch|p2a: Iron Treads
|-immune|p2a: Iron Treads
|
|upkeep
|turn|8
|
|t:|1779942923
|-end|p1a: Raging Bolt|Protosynthesis|[silent]
|switch|p1a: Great Tusk|Great Tusk|100/100
|move|p2a: Iron Treads|Earthquake|p1a: Great Tusk
|-damage|p1a: Great Tusk|73/100
|
|upkeep
|turn|9
|
|t:|1779942941
|-end|p2a: Iron Treads|Quark Drive|[silent]
|switch|p2a: Zapdos|Zapdos|100/100
|move|p1a: Great Tusk|Bulk Up|p1a: Great Tusk
|-boost|p1a: Great Tusk|atk|1
|-boost|p1a: Great Tusk|def|1
|
|upkeep
|turn|10
|
|t:|1779942947
|move|p2a: Zapdos|Hurricane|p1a: Great Tusk|[miss]
|-miss|p2a: Zapdos|p1a: Great Tusk
|move|p1a: Great Tusk|Rapid Spin|p2a: Zapdos
|-damage|p2a: Zapdos|78/100
|-boost|p1a: Great Tusk|spe|1
|-sideend|p1: Coolradguy|Spikes|[from] move: Rapid Spin|[of] p1a: Great Tusk
|-sideend|p1: Coolradguy|Stealth Rock|[from] move: Rapid Spin|[of] p1a: Great Tusk
|
|upkeep
|turn|11
|
|t:|1779942963
|-end|p1a: Great Tusk|Protosynthesis|[silent]
|switch|p1a: Raging Bolt|Raging Bolt|54/100
|move|p2a: Zapdos|Hurricane|p1a: Raging Bolt
|-resisted|p1a: Raging Bolt
|-damage|p1a: Raging Bolt|32/100
|-start|p1a: Raging Bolt|confusion
|
|upkeep
|turn|12
|
|t:|1779942970
|switch|p2a: Iron Treads|Iron Treads|100/100
|-activate|p1a: Raging Bolt|confusion
|move|p1a: Raging Bolt|Draco Meteor|p2a: Iron Treads
|-resisted|p2a: Iron Treads
|-damage|p2a: Iron Treads|51/100
|-unboost|p1a: Raging Bolt|spa|2
|
|-heal|p2a: Iron Treads|57/100|[from] item: Leftovers
|upkeep
|turn|13
|
|t:|1779942984
|-end|p1a: Raging Bolt|Protosynthesis|[silent]
|switch|p1a: Slowking|Slowking, M, shiny|100/100
|move|p2a: Iron Treads|Stealth Rock|p1a: Slowking
|-sidestart|p1: Coolradguy|move: Stealth Rock
|
|-heal|p2a: Iron Treads|63/100|[from] item: Leftovers
|upkeep
|turn|14
|
|t:|1779942992
|-end|p2a: Iron Treads|Quark Drive|[silent]
|switch|p2a: Samurott|Samurott-Hisui, M|60/100
|move|p1a: Slowking|Reflect|p1a: Slowking
|-sidestart|p1: Coolradguy|Reflect
|
|upkeep
|turn|15
|
|t:|1779943001
|switch|p1a: Alomomola|Alomomola, F|69/100
|-damage|p1a: Alomomola|57/100|[from] Stealth Rock
|move|p2a: Samurott|Knock Off|p1a: Alomomola
|-damage|p1a: Alomomola|47/100
|
|upkeep
|turn|16
|
|t:|1779943026
|move|p2a: Samurott|Ceaseless Edge|p1a: Alomomola
|-crit|p1a: Alomomola
|-damage|p1a: Alomomola|0 fnt
|-sidestart|p1: Coolradguy|Spikes
|faint|p1a: Alomomola
|
|upkeep
|
|t:|1779943038
|switch|p1a: Okidogi|Okidogi, M|100/100
|-damage|p1a: Okidogi|94/100|[from] Stealth Rock
|-damage|p1a: Okidogi|82/100|[from] Spikes
|turn|17
|
|t:|1779943051
|switch|p2a: Gholdengo|Gholdengo|100/100
|-item|p2a: Gholdengo|Air Balloon
|move|p1a: Okidogi|Knock Off|p2a: Gholdengo
|-supereffective|p2a: Gholdengo
|-damage|p2a: Gholdengo|51/100
|-enditem|p2a: Gholdengo|Air Balloon
|
|upkeep
|turn|18
|
|t:|1779943068
|move|p2a: Gholdengo|Recover|p2a: Gholdengo
|-heal|p2a: Gholdengo|100/100
|move|p1a: Okidogi|Knock Off|p2a: Gholdengo
|-supereffective|p2a: Gholdengo
|-damage|p2a: Gholdengo|66/100
|
|upkeep
|turn|19
|
|t:|1779943077
|switch|p1a: Slowking|Slowking, M, shiny|100/100
|-damage|p1a: Slowking|88/100|[from] Stealth Rock
|-damage|p1a: Slowking|76/100|[from] Spikes
|move|p2a: Gholdengo|Thunder Wave|p1a: Slowking
|-status|p1a: Slowking|par
|
|upkeep
|turn|20
|
|t:|1779943085
|move|p2a: Gholdengo|Hex|p1a: Slowking
|-supereffective|p1a: Slowking
|-damage|p1a: Slowking|7/100 par
|cant|p1a: Slowking|par
|
|upkeep
|turn|21
|-message|Coolradguy forfeited.
|
|win|sicns
|raw|Coolradguy's rating: 1529 &rarr; <strong>1505</strong><br />(-24 for losing)
|raw|sicns's rating: 1451 &rarr; <strong>1475</strong><br />(+24 for winning)
|l|☆Coolradguy
|player|p1|
|l|☆sicns
|player|p2|
