|j|☆VITAMINDGOODFORYOU
|j|☆drybeater36
|t:|1779971652
|gametype|singles
|player|p1|VITAMINDGOODFORYOU|aromalady|1173
|player|p2|drybeater36|n|1189
|gen|9
|tier|[Gen 9] OU
|rated|
|rule|HP Percentage Mod: HP is shown in percentages
|rule|Endless Battle Clause: Forcing endless battles is banned
|rule|Species Clause: Limit one of each Pokémon
|rule|OHKO Clause: OHKO moves are banned
|rule|Evasion Items Clause: Evasion items are banned
|rule|Evasion Moves Clause: Evasion moves are banned
|rule|Evasion Abilities Clause: Evasion abilities are banned
|rule|Sleep Moves Clause: Sleep-inducing moves are banned
|clearpoke
|poke|p1|Ribombee, F|
|poke|p1|Ursaluna, M|
|poke|p1|Kyurem|
|poke|p1|Zapdos|
|poke|p1|Slowking, F|
|poke|p1|Cinderace, F|
|poke|p2|Drifblim, F|
|poke|p2|Rillaboom, F|
|poke|p2|Ogerpon-Cornerstone, F|
|poke|p2|Kyurem|
|poke|p2|Kommo-o, F|
|poke|p2|Great Tusk|
|teampreview
|
|t:|1779971659
|teamsize|p1|6
|teamsize|p2|6
|start
|switch|p1a: Ribombee|Ribombee, F|100/100
|switch|p2a: Great Tusk|Great Tusk|100/100
|turn|1
|
|t:|1779971672
|-terastallize|p2a: Great Tusk|Steel
|move|p1a: Ribombee|Sticky Web|p2a: Great Tusk
|-sidestart|p2: drybeater36|move: Sticky Web
|move|p2a: Great Tusk|Ice Spinner|p1a: Ribombee
|-damage|p1a: Ribombee|46/100
|
|upkeep
|turn|2
|
|t:|1779971694
|move|p1a: Ribombee|U-turn|p2a: Great Tusk
|-resisted|p2a: Great Tusk
|-damage|p2a: Great Tusk|96/100
|
|t:|1779971699
|switch|p1a: Kyurem|Kyurem|100/100|[from] U-turn
|-ability|p1a: Kyurem|Pressure
|move|p2a: Great Tusk|Ice Spinner|p1a: Kyurem
|-damage|p1a: Kyurem|75/100
|
|upkeep
|turn|3
|inactive|Battle timer is ON: inactive players will automatically lose when time's up. (requested by drybeater36)
|
|t:|1779971716
|-end|p2a: Great Tusk|Protosynthesis|[silent]
|switch|p2a: Drifblim|Drifblim, F|100/100
|move|p1a: Kyurem|Earth Power|p2a: Drifblim
|-immune|p2a: Drifblim
|
|upkeep
|turn|4
|
|t:|1779971724
|switch|p1a: Zapdos|Zapdos|100/100
|move|p2a: Drifblim|Will-O-Wisp|p1a: Zapdos
|-status|p1a: Zapdos|brn
|
|-damage|p1a: Zapdos|94/100 brn|[from] brn
|upkeep
|turn|5
|
|t:|1779971732
|switch|p2a: Great Tusk|Great Tusk, tera:Steel|96/100
|move|p1a: Zapdos|Thunder Wave|p2a: Great Tusk
|-status|p2a: Great Tusk|par
|
|-damage|p1a: Zapdos|88/100 brn|[from] brn
|upkeep
|turn|6
|
|t:|1779971748
|move|p1a: Zapdos|Thunderbolt|p2a: Great Tusk
|-damage|p2a: Great Tusk|34/100 par
|move|p2a: Great Tusk|Rapid Spin|p1a: Zapdos
|-damage|p1a: Zapdos|70/100 brn
|-boost|p2a: Great Tusk|spe|1
|-sideend|p2: drybeater36|Sticky Web|[from] move: Rapid Spin|[of] p2a: Great Tusk
|
|-damage|p1a: Zapdos|64/100 brn|[from] brn
|upkeep
|turn|7
|
|t:|1779971766
|-end|p2a: Great Tusk|Protosynthesis|[silent]
|switch|p2a: Rillaboom|Rillaboom, F|100/100
|-fieldstart|move: Grassy Terrain|[from] ability: Grassy Surge|[of] p2a: Rillaboom
|move|p1a: Zapdos|Thunderbolt|p2a: Rillaboom
|-resisted|p2a: Rillaboom
|-damage|p2a: Rillaboom|77/100
|
|-heal|p2a: Rillaboom|83/100|[from] Grassy Terrain
|-damage|p1a: Zapdos|58/100 brn|[from] brn
|upkeep
|turn|8
|
|t:|1779971775
|move|p2a: Rillaboom|Knock Off|p1a: Zapdos
|-damage|p1a: Zapdos|3/100 brn
|-enditem|p1a: Zapdos|Heavy-Duty Boots|[from] move: Knock Off|[of] p2a: Rillaboom
|move|p1a: Zapdos|Thunder Wave|p2a: Rillaboom
|-status|p2a: Rillaboom|par
|
|-heal|p2a: Rillaboom|89/100 par|[from] Grassy Terrain
|-damage|p1a: Zapdos|0 fnt|[from] brn
|faint|p1a: Zapdos
|upkeep
|
|t:|1779971789
|switch|p1a: Kyurem|Kyurem|75/100
|-ability|p1a: Kyurem|Pressure
|turn|9
|
|t:|1779971814
|switch|p2a: Great Tusk|Great Tusk, tera:Steel|34/100 par
|move|p1a: Kyurem|Draco Meteor|p2a: Great Tusk|[miss]
|-miss|p1a: Kyurem|p2a: Great Tusk
|
|-heal|p1a: Kyurem|81/100|[from] Grassy Terrain
|-heal|p2a: Great Tusk|40/100 par|[from] Grassy Terrain
|upkeep
|turn|10
|
|t:|1779971822
|move|p1a: Kyurem|Draco Meteor|p2a: Great Tusk
|-resisted|p2a: Great Tusk
|-damage|p2a: Great Tusk|0 fnt
|-unboost|p1a: Kyurem|spa|2
|faint|p2a: Great Tusk
|-end|p2a: Great Tusk|Protosynthesis|[silent]
|
|-heal|p1a: Kyurem|87/100|[from] Grassy Terrain
|upkeep
|
|t:|1779971831
|switch|p2a: Ogerpon|Ogerpon-Cornerstone, F|100/100
|turn|11
|
|t:|1779971843
|switch|p1a: Ribombee|Ribombee, F|46/100
|move|p2a: Ogerpon|Swords Dance|p2a: Ogerpon
|-boost|p2a: Ogerpon|atk|2
|
|-heal|p1a: Ribombee|53/100|[from] Grassy Terrain
|-fieldend|move: Grassy Terrain
|upkeep
|turn|12
|
|t:|1779971855
|move|p1a: Ribombee|Bug Buzz|p2a: Ogerpon
|-supereffective|p2a: Ogerpon
|-damage|p2a: Ogerpon|15/100
|move|p2a: Ogerpon|Ivy Cudgel|p1a: Ribombee|[anim] Ivy Cudgel Rock
|-supereffective|p1a: Ribombee
|-damage|p1a: Ribombee|0 fnt
|faint|p1a: Ribombee
|
|upkeep
|
|t:|1779971863
|switch|p1a: Cinderace|Cinderace, F|100/100
|turn|13
|
|t:|1779971881
|switch|p2a: Kommo-o|Kommo-o, F|100/100
|move|p1a: Cinderace|U-turn|p2a: Kommo-o
|-start|p1a: Cinderace|typechange|Bug|[from] ability: Libero
|-resisted|p2a: Kommo-o
|-damage|p2a: Kommo-o|76/100
|
|t:|1779971891
|switch|p1a: Kyurem|Kyurem|87/100|[from] U-turn
|-ability|p1a: Kyurem|Pressure
|
|upkeep
|turn|14
|
|t:|1779971909
|move|p1a: Kyurem|Draco Meteor|p2a: Kommo-o
|-supereffective|p2a: Kommo-o
|-damage|p2a: Kommo-o|0 fnt
|-unboost|p1a: Kyurem|spa|2
|faint|p2a: Kommo-o
|
|upkeep
|
|t:|1779971917
|switch|p2a: Ogerpon|Ogerpon-Cornerstone, F|15/100
|turn|15
|
|t:|1779971934
|move|p2a: Ogerpon|Ivy Cudgel|p1a: Kyurem|[anim] Ivy Cudgel Rock
|-supereffective|p1a: Kyurem
|-crit|p1a: Kyurem
|-damage|p1a: Kyurem|0 fnt
|faint|p1a: Kyurem
|
|upkeep
|
|t:|1779971940
|switch|p1a: Slowking|Slowking, F|100/100
|turn|16
|
|t:|1779971949
|switch|p2a: Rillaboom|Rillaboom, F|89/100 par
|-fieldstart|move: Grassy Terrain|[from] ability: Grassy Surge|[of] p2a: Rillaboom
|move|p1a: Slowking|Scald|p2a: Rillaboom
|-resisted|p2a: Rillaboom
|-damage|p2a: Rillaboom|70/100 par
|
|-heal|p2a: Rillaboom|76/100 par|[from] Grassy Terrain
|upkeep
|turn|17
|
|t:|1779971959
|switch|p1a: Cinderace|Cinderace, F|100/100
|move|p2a: Rillaboom|Wood Hammer|p1a: Cinderace
|-resisted|p1a: Cinderace
|-damage|p1a: Cinderace|15/100
|-damage|p2a: Rillaboom|51/100 par|[from] Recoil
|
|-heal|p1a: Cinderace|21/100|[from] Grassy Terrain
|-heal|p2a: Rillaboom|57/100 par|[from] Grassy Terrain
|upkeep
|turn|18
|
|t:|1779971970
|switch|p2a: Drifblim|Drifblim, F|100/100
|-enditem|p2a: Drifblim|Grassy Seed
|-boost|p2a: Drifblim|def|1|[from] item: Grassy Seed
|move|p1a: Cinderace|U-turn|p2a: Drifblim
|-start|p1a: Cinderace|typechange|Bug|[from] ability: Libero
|-resisted|p2a: Drifblim
|-damage|p2a: Drifblim|90/100
|
|t:|1779971979
|switch|p1a: Ursaluna|Ursaluna, M|100/100|[from] U-turn
|
|-status|p1a: Ursaluna|brn|[from] item: Flame Orb
|upkeep
|turn|19
|
|t:|1779972000
|move|p2a: Drifblim|Strength Sap|p1a: Ursaluna
|-unboost|p1a: Ursaluna|atk|1
|-heal|p2a: Drifblim|100/100
|move|p1a: Ursaluna|Swords Dance|p1a: Ursaluna
|-boost|p1a: Ursaluna|atk|2
|
|-damage|p1a: Ursaluna|94/100 brn|[from] brn
|upkeep
|turn|20
|
|t:|1779972008
|move|p2a: Drifblim|Strength Sap|p1a: Ursaluna
|-unboost|p1a: Ursaluna|atk|1
|move|p1a: Ursaluna|Swords Dance|p1a: Ursaluna
|-boost|p1a: Ursaluna|atk|2
|
|-heal|p1a: Ursaluna|100/100 brn|[from] Grassy Terrain
|-damage|p1a: Ursaluna|94/100 brn|[from] brn
|-fieldend|move: Grassy Terrain
|upkeep
|turn|21
|
|t:|1779972016
|move|p2a: Drifblim|Strength Sap|p1a: Ursaluna
|-unboost|p1a: Ursaluna|atk|1
|move|p1a: Ursaluna|Swords Dance|p1a: Ursaluna
|-boost|p1a: Ursaluna|atk|2
|
|-damage|p1a: Ursaluna|88/100 brn|[from] brn
|upkeep
|turn|22
|
|t:|1779972023
|move|p2a: Drifblim|Strength Sap|p1a: Ursaluna
|-unboost|p1a: Ursaluna|atk|1
|move|p1a: Ursaluna|Swords Dance|p1a: Ursaluna
|-boost|p1a: Ursaluna|atk|2
|
|-damage|p1a: Ursaluna|82/100 brn|[from] brn
|upkeep
|turn|23
|
|t:|1779972031
|move|p2a: Drifblim|Calm Mind|p2a: Drifblim
|-boost|p2a: Drifblim|spa|1
|-boost|p2a: Drifblim|spd|1
|move|p1a: Ursaluna|Swords Dance|p1a: Ursaluna
|-boost|p1a: Ursaluna|atk|2
|
|-damage|p1a: Ursaluna|76/100 brn|[from] brn
|upkeep
|turn|24
|
|t:|1779972042
|switch|p1a: Cinderace|Cinderace, F|21/100
|move|p2a: Drifblim|Strength Sap|p1a: Cinderace
|-unboost|p1a: Cinderace|atk|1
|
|upkeep
|turn|25
|
|t:|1779972049
|move|p2a: Drifblim|Shadow Ball|p1a: Cinderace
|-damage|p1a: Cinderace|0 fnt
|faint|p1a: Cinderace
|
|upkeep
|c|☆drybeater36|why tho
|
|t:|1779972054
|switch|p1a: Slowking|Slowking, F|100/100
|turn|26
|
|t:|1779972057
|move|p2a: Drifblim|Calm Mind|p2a: Drifblim
|-boost|p2a: Drifblim|spa|1
|-boost|p2a: Drifblim|spd|1
|move|p1a: Slowking|Calm Mind|p1a: Slowking
|-boost|p1a: Slowking|spa|1
|-boost|p1a: Slowking|spd|1
|
|upkeep
|turn|27
|
|t:|1779972063
|move|p2a: Drifblim|Calm Mind|p2a: Drifblim
|-boost|p2a: Drifblim|spa|1
|-boost|p2a: Drifblim|spd|1
|move|p1a: Slowking|Calm Mind|p1a: Slowking
|-boost|p1a: Slowking|spa|1
|-boost|p1a: Slowking|spd|1
|
|upkeep
|turn|28
|
|t:|1779972070
|move|p2a: Drifblim|Shadow Ball|p1a: Slowking
|-supereffective|p1a: Slowking
|-damage|p1a: Slowking|29/100
|move|p1a: Slowking|Psychic Noise|p2a: Drifblim
|-damage|p2a: Drifblim|77/100
|-start|p2a: Drifblim|move: Heal Block
|
|upkeep
|turn|29
|
|t:|1779972079
|move|p2a: Drifblim|Shadow Ball|p1a: Slowking
|-supereffective|p1a: Slowking
|-damage|p1a: Slowking|0 fnt
|faint|p1a: Slowking
|
|-end|p2a: Drifblim|move: Heal Block
|upkeep
|
|t:|1779972081
|switch|p1a: Ursaluna|Ursaluna, M|76/100 brn
|turn|30
|
|t:|1779972087
|move|p2a: Drifblim|Strength Sap|p1a: Ursaluna
|-unboost|p1a: Ursaluna|atk|1
|-heal|p2a: Drifblim|100/100
|move|p1a: Ursaluna|Facade|p2a: Drifblim
|-immune|p2a: Drifblim
|
|-damage|p1a: Ursaluna|70/100 brn|[from] brn
|upkeep
|turn|31
|
|t:|1779972096
|move|p2a: Drifblim|Calm Mind|p2a: Drifblim
|-boost|p2a: Drifblim|spa|1
|-boost|p2a: Drifblim|spd|1
|move|p1a: Ursaluna|Drain Punch|p2a: Drifblim
|-immune|p2a: Drifblim
|
|-damage|p1a: Ursaluna|64/100 brn|[from] brn
|upkeep
|turn|32
|
|t:|1779972102
|move|p2a: Drifblim|Calm Mind|p2a: Drifblim
|-boost|p2a: Drifblim|spa|1
|-boost|p2a: Drifblim|spd|1
|move|p1a: Ursaluna|Drain Punch|p2a: Drifblim
|-immune|p2a: Drifblim
|
|-damage|p1a: Ursaluna|58/100 brn|[from] brn
|upkeep
|turn|33
|
|t:|1779972107
|move|p2a: Drifblim|Calm Mind|p2a: Drifblim
|-boost|p2a: Drifblim|spa|1
|-boost|p2a: Drifblim|spd|1
|move|p1a: Ursaluna|Facade|p2a: Drifblim
|-immune|p2a: Drifblim
|
|-damage|p1a: Ursaluna|52/100 brn|[from] brn
|upkeep
|turn|34
|
|t:|1779972112
|-terastallize|p1a: Ursaluna|Ground
|move|p2a: Drifblim|Will-O-Wisp|p1a: Ursaluna
|-fail|p1a: Ursaluna|brn
|move|p1a: Ursaluna|Facade|p2a: Drifblim
|-immune|p2a: Drifblim
|
|-damage|p1a: Ursaluna|46/100 brn|[from] brn
|upkeep
|turn|35
|
|t:|1779972118
|move|p2a: Drifblim|Shadow Ball|p1a: Ursaluna
|-damage|p1a: Ursaluna|0 fnt
|faint|p1a: Ursaluna
|
|win|drybeater36
|raw|VITAMINDGOODFORYOU's rating: 1173 &rarr; <strong>1149</strong><br />(-24 for losing)
|raw|drybeater36's rating: 1189 &rarr; <strong>1213</strong><br />(+24 for winning)
|l|☆VITAMINDGOODFORYOU
|player|p1|
|l|☆drybeater36
|player|p2|
