|j|☆Tvygyvyv
|j|☆Senhor das mares
|t:|1779850033
|gametype|singles
|player|p1|Tvygyvyv|169|1114
|player|p2|Senhor das mares|waiter|1078
|gen|9
|tier|[Gen 9] OU
|rated|
|rule|HP Percentage Mod: HP is shown in percentages
|rule|Endless Battle Clause: Forcing endless battles is banned
|rule|Species Clause: Limit one of each Pokémon
|rule|OHKO Clause: OHKO moves are banned
|rule|Evasion Items Clause: Evasion items are banned
|rule|Evasion Moves Clause: Evasion moves are banned
|rule|Evasion Abilities Clause: Evasion abilities are banned
|rule|Sleep Moves Clause: Sleep-inducing moves are banned
|clearpoke
|poke|p1|Kingambit, M|
|poke|p1|Iron Valiant|
|poke|p1|Kyurem|
|poke|p1|Iron Treads|
|poke|p1|Iron Crown|
|poke|p1|Dragapult, M|
|poke|p2|Feraligatr, M|
|poke|p2|Pelipper, F|
|poke|p2|Ludicolo, F|
|poke|p2|Gastrodon, M|
|poke|p2|Milotic, F|
|poke|p2|Tauros-Paldea-Aqua, M|
|teampreview
|
|t:|1779850044
|teamsize|p1|6
|teamsize|p2|6
|start
|switch|p1a: Kyurem|Kyurem|100/100
|switch|p2a: Feraligatr|Feraligatr, M|100/100
|-ability|p1a: Kyurem|Pressure
|turn|1
|inactive|Battle timer is ON: inactive players will automatically lose when time's up. (requested by Tvygyvyv)
|
|t:|1779850052
|move|p1a: Kyurem|Scale Shot|p2a: Feraligatr|[miss]
|-miss|p1a: Kyurem|p2a: Feraligatr
|move|p2a: Feraligatr|Dragon Dance|p2a: Feraligatr
|-boost|p2a: Feraligatr|atk|1
|-boost|p2a: Feraligatr|spe|1
|
|upkeep
|turn|2
|
|t:|1779850065
|move|p2a: Feraligatr|Waterfall|p1a: Kyurem
|-resisted|p1a: Kyurem
|-damage|p1a: Kyurem|57/100
|move|p1a: Kyurem|Scale Shot|p2a: Feraligatr|[miss]
|-miss|p1a: Kyurem|p2a: Feraligatr
|
|upkeep
|turn|3
|
|t:|1779850076
|move|p2a: Feraligatr|Earthquake|p1a: Kyurem
|-damage|p1a: Kyurem|0 fnt
|faint|p1a: Kyurem
|-damage|p2a: Feraligatr|91/100|[from] item: Life Orb
|
|upkeep
|
|t:|1779850083
|switch|p1a: Dragapult|Dragapult, M|100/100
|turn|4
|
|t:|1779850087
|move|p1a: Dragapult|Will-O-Wisp|p2a: Feraligatr
|-status|p2a: Feraligatr|brn
|move|p2a: Feraligatr|Ice Punch|p1a: Dragapult
|-supereffective|p1a: Dragapult
|-damage|p1a: Dragapult|23/100
|
|-damage|p2a: Feraligatr|84/100 brn|[from] brn
|upkeep
|turn|5
|
|t:|1779850096
|move|p1a: Dragapult|Hex|p2a: Feraligatr
|-damage|p2a: Feraligatr|27/100 brn
|move|p2a: Feraligatr|Ice Punch|p1a: Dragapult
|-supereffective|p1a: Dragapult
|-damage|p1a: Dragapult|0 fnt
|faint|p1a: Dragapult
|
|-damage|p2a: Feraligatr|21/100 brn|[from] brn
|upkeep
|
|t:|1779850113
|switch|p1a: Iron Valiant|Iron Valiant|100/100
|-enditem|p1a: Iron Valiant|Booster Energy
|-activate|p1a: Iron Valiant|ability: Quark Drive|[fromitem]
|-start|p1a: Iron Valiant|quarkdrivespe
|turn|6
|
|t:|1779850119
|move|p1a: Iron Valiant|Calm Mind|p1a: Iron Valiant
|-boost|p1a: Iron Valiant|spa|1
|-boost|p1a: Iron Valiant|spd|1
|move|p2a: Feraligatr|Earthquake|p1a: Iron Valiant
|-damage|p1a: Iron Valiant|58/100
|-damage|p2a: Feraligatr|11/100 brn|[from] item: Life Orb
|
|-damage|p2a: Feraligatr|5/100 brn|[from] brn
|upkeep
|turn|7
|
|t:|1779850130
|move|p1a: Iron Valiant|Calm Mind|p1a: Iron Valiant
|-boost|p1a: Iron Valiant|spa|1
|-boost|p1a: Iron Valiant|spd|1
|move|p2a: Feraligatr|Waterfall|p1a: Iron Valiant
|-damage|p1a: Iron Valiant|0 fnt
|faint|p1a: Iron Valiant
|-end|p1a: Iron Valiant|Quark Drive|[silent]
|
|-damage|p2a: Feraligatr|0 fnt|[from] brn
|faint|p2a: Feraligatr
|upkeep
|
|t:|1779850141
|switch|p1a: Iron Crown|Iron Crown|100/100
|switch|p2a: Pelipper|Pelipper, F|100/100
|-weather|RainDance|[from] ability: Drizzle|[of] p2a: Pelipper
|-enditem|p1a: Iron Crown|Booster Energy
|-activate|p1a: Iron Crown|ability: Quark Drive|[fromitem]
|-start|p1a: Iron Crown|quarkdrivespe
|turn|8
|
|t:|1779850153
|move|p1a: Iron Crown|Calm Mind|p1a: Iron Crown
|-boost|p1a: Iron Crown|spa|1
|-boost|p1a: Iron Crown|spd|1
|move|p2a: Pelipper|U-turn|p1a: Iron Crown
|-damage|p1a: Iron Crown|91/100
|
|t:|1779850162
|switch|p2a: Gastrodon|Gastrodon, M|100/100|[from] U-turn
|
|-weather|RainDance|[upkeep]
|upkeep
|turn|9
|
|t:|1779850169
|move|p1a: Iron Crown|Psychic Noise|p2a: Gastrodon
|-damage|p2a: Gastrodon|64/100
|-start|p2a: Gastrodon|move: Heal Block
|move|p2a: Gastrodon|Earth Power|p1a: Iron Crown
|-supereffective|p1a: Iron Crown
|-damage|p1a: Iron Crown|54/100
|
|-weather|RainDance|[upkeep]
|upkeep
|turn|10
|
|t:|1779850181
|-terastallize|p1a: Iron Crown|Fighting
|move|p1a: Iron Crown|Focus Blast|p2a: Gastrodon
|-damage|p2a: Gastrodon|12/100
|move|p2a: Gastrodon|Earth Power|p1a: Iron Crown
|-damage|p1a: Iron Crown|36/100
|
|-weather|RainDance|[upkeep]
|-end|p2a: Gastrodon|move: Heal Block
|upkeep
|turn|11
|
|t:|1779850193
|move|p1a: Iron Crown|Psychic Noise|p2a: Gastrodon
|-damage|p2a: Gastrodon|0 fnt
|faint|p2a: Gastrodon
|
|-weather|RainDance|[upkeep]
|upkeep
|
|t:|1779850202
|switch|p2a: Pelipper|Pelipper, F|100/100
|turn|12
|
|t:|1779850207
|move|p1a: Iron Crown|Psychic Noise|p2a: Pelipper
|-damage|p2a: Pelipper|21/100
|-start|p2a: Pelipper|move: Heal Block
|move|p2a: Pelipper|Hurricane|p1a: Iron Crown
|-supereffective|p1a: Iron Crown
|-damage|p1a: Iron Crown|0 fnt
|faint|p1a: Iron Crown
|-end|p1a: Iron Crown|Quark Drive|[silent]
|
|-weather|RainDance|[upkeep]
|upkeep
|
|t:|1779850215
|switch|p1a: Kingambit|Kingambit, M|100/100
|-activate|p1a: Kingambit|ability: Supreme Overlord
|-start|p1a: Kingambit|fallen4|[silent]
|turn|13
|
|t:|1779850225
|move|p1a: Kingambit|Swords Dance|p1a: Kingambit
|-boost|p1a: Kingambit|atk|2
|move|p2a: Pelipper|Hydro Pump|p1a: Kingambit
|-damage|p1a: Kingambit|36/100
|
|-weather|RainDance|[upkeep]
|-heal|p1a: Kingambit|42/100|[from] item: Leftovers
|-end|p2a: Pelipper|move: Heal Block
|upkeep
|turn|14
|
|t:|1779850236
|move|p1a: Kingambit|Sucker Punch|p2a: Pelipper
|-damage|p2a: Pelipper|0 fnt
|faint|p2a: Pelipper
|
|-weather|RainDance|[upkeep]
|-heal|p1a: Kingambit|48/100|[from] item: Leftovers
|upkeep
|
|t:|1779850245
|switch|p2a: Ludicolo|Ludicolo, F|100/100
|turn|15
|
|t:|1779850252
|move|p1a: Kingambit|Sucker Punch|p2a: Ludicolo
|-damage|p2a: Ludicolo|0 fnt
|faint|p2a: Ludicolo
|
|-weather|none
|-heal|p1a: Kingambit|55/100|[from] item: Leftovers
|upkeep
|
|t:|1779850260
|switch|p2a: Milotic|Milotic, F|100/100
|turn|16
|
|t:|1779850264
|move|p1a: Kingambit|Sucker Punch||[still]
|-fail|p1a: Kingambit
|move|p2a: Milotic|Haze|p2a: Milotic
|-clearallboost
|
|-heal|p1a: Kingambit|61/100|[from] item: Leftovers
|upkeep
|turn|17
|
|t:|1779850276
|move|p1a: Kingambit|Low Kick|p2a: Milotic
|-damage|p2a: Milotic|52/100
|move|p2a: Milotic|Scald|p1a: Kingambit
|-damage|p1a: Kingambit|31/100
|-status|p1a: Kingambit|brn
|
|-heal|p1a: Kingambit|38/100 brn|[from] item: Leftovers
|-heal|p2a: Milotic|58/100|[from] item: Leftovers
|-damage|p1a: Kingambit|31/100 brn|[from] brn
|upkeep
|turn|18
|
|t:|1779850288
|move|p2a: Milotic|Protect|p2a: Milotic
|-singleturn|p2a: Milotic|Protect
|move|p1a: Kingambit|Swords Dance|p1a: Kingambit
|-boost|p1a: Kingambit|atk|2
|
|-heal|p1a: Kingambit|38/100 brn|[from] item: Leftovers
|-heal|p2a: Milotic|64/100|[from] item: Leftovers
|-damage|p1a: Kingambit|31/100 brn|[from] brn
|upkeep
|turn|19
|
|t:|1779850298
|move|p1a: Kingambit|Low Kick|p2a: Milotic
|-damage|p2a: Milotic|20/100
|move|p2a: Milotic|Haze|p2a: Milotic
|-clearallboost
|
|-heal|p1a: Kingambit|38/100 brn|[from] item: Leftovers
|-heal|p2a: Milotic|26/100|[from] item: Leftovers
|-damage|p1a: Kingambit|31/100 brn|[from] brn
|upkeep
|turn|20
|
|t:|1779850309
|move|p1a: Kingambit|Swords Dance|p1a: Kingambit
|-boost|p1a: Kingambit|atk|2
|move|p2a: Milotic|Scald|p1a: Kingambit
|-damage|p1a: Kingambit|2/100 brn
|
|-heal|p1a: Kingambit|8/100 brn|[from] item: Leftovers
|-heal|p2a: Milotic|32/100|[from] item: Leftovers
|-damage|p1a: Kingambit|2/100 brn|[from] brn
|upkeep
|turn|21
|
|t:|1779850321
|move|p2a: Milotic|Protect|p2a: Milotic
|-singleturn|p2a: Milotic|Protect
|move|p1a: Kingambit|Low Kick|p2a: Milotic
|-activate|p2a: Milotic|move: Protect
|
|-heal|p1a: Kingambit|8/100 brn|[from] item: Leftovers
|-heal|p2a: Milotic|38/100|[from] item: Leftovers
|-damage|p1a: Kingambit|2/100 brn|[from] brn
|upkeep
|turn|22
|
|t:|1779850334
|move|p1a: Kingambit|Low Kick|p2a: Milotic
|-damage|p2a: Milotic|0 fnt
|faint|p2a: Milotic
|
|-heal|p1a: Kingambit|8/100 brn|[from] item: Leftovers
|-damage|p1a: Kingambit|2/100 brn|[from] brn
|upkeep
|
|t:|1779850342
|switch|p2a: Tauros|Tauros-Paldea-Aqua, M|100/100
|-ability|p2a: Tauros|Intimidate|boost
|-unboost|p1a: Kingambit|atk|1
|turn|23
|
|t:|1779850347
|move|p2a: Tauros|Aqua Jet|p1a: Kingambit
|-damage|p1a: Kingambit|0 fnt
|faint|p1a: Kingambit
|-end|p1a: Kingambit|fallen4|[silent]
|
|upkeep
|
|t:|1779850349
|switch|p1a: Iron Treads|Iron Treads|100/100
|-enditem|p1a: Iron Treads|Booster Energy
|-activate|p1a: Iron Treads|ability: Quark Drive|[fromitem]
|-start|p1a: Iron Treads|quarkdrivespe
|turn|24
|
|t:|1779850360
|move|p1a: Iron Treads|Earthquake|p2a: Tauros
|-damage|p2a: Tauros|61/100
|move|p2a: Tauros|Bulk Up|p2a: Tauros
|-boost|p2a: Tauros|atk|1
|-boost|p2a: Tauros|def|1
|
|-heal|p2a: Tauros|68/100|[from] item: Leftovers
|upkeep
|turn|25
|
|t:|1779850372
|move|p1a: Iron Treads|Earthquake|p2a: Tauros
|-damage|p2a: Tauros|39/100
|move|p2a: Tauros|Close Combat|p1a: Iron Treads
|-supereffective|p1a: Iron Treads
|-crit|p1a: Iron Treads
|-damage|p1a: Iron Treads|0 fnt
|-unboost|p2a: Tauros|def|1
|-unboost|p2a: Tauros|spd|1
|faint|p1a: Iron Treads
|-end|p1a: Iron Treads|Quark Drive|[silent]
|
|win|Senhor das mares
|raw|Tvygyvyv's rating: 1114 &rarr; <strong>1086</strong><br />(-28 for losing)
|raw|Senhor das mares's rating: 1078 &rarr; <strong>1109</strong><br />(+31 for winning)
|l|☆Senhor das mares
|player|p2|
