|j|☆MousesYeah
|j|☆Sontomil
|t:|1779964861
|gametype|singles
|player|p1|MousesYeah|lass-gen4dp|1100
|player|p2|Sontomil|hugh|1075
|gen|9
|tier|[Gen 9] OU
|rated|
|rule|HP Percentage Mod: HP is shown in percentages
|rule|Endless Battle Clause: Forcing endless battles is banned
|rule|Species Clause: Limit one of each Pokémon
|rule|OHKO Clause: OHKO moves are banned
|rule|Evasion Items Clause: Evasion items are banned
|rule|Evasion Moves Clause: Evasion moves are banned
|rule|Evasion Abilities Clause: Evasion abilities are banned
|rule|Sleep Moves Clause: Sleep-inducing moves are banned
|clearpoke
|poke|p1|Landorus-Therian, M|
|poke|p1|Skeledirge, M|
|poke|p1|Zarude-Dada|
|poke|p1|Slowking-Galar, F|
|poke|p1|Blaziken, M|
|poke|p1|Zapdos|
|poke|p2|Snorlax, F|
|poke|p2|Lapras, M|
|poke|p2|Gengar, M|
|poke|p2|Charizard, M|
|poke|p2|Dragonite, M|
|poke|p2|Rhydon, M|
|teampreview
|
|t:|1779964870
|teamsize|p1|6
|teamsize|p2|6
|start
|switch|p1a: Landorus|Landorus-Therian, M|100/100
|switch|p2a: Snorlax|Snorlax, F|100/100
|-ability|p1a: Landorus|Intimidate|boost
|-unboost|p2a: Snorlax|atk|1
|turn|1
|
|t:|1779964897
|switch|p2a: Dragonite|Dragonite, M|100/100
|move|p1a: Landorus|Stealth Rock|p2a: Dragonite
|-sidestart|p2: Sontomil|move: Stealth Rock
|
|upkeep
|turn|2
|
|t:|1779964905
|move|p1a: Landorus|U-turn|p2a: Dragonite
|-resisted|p2a: Dragonite
|-crit|p2a: Dragonite
|-damage|p2a: Dragonite|80/100
|
|t:|1779964913
|switch|p1a: Zapdos|Zapdos|100/100|[from] U-turn
|move|p2a: Dragonite|Outrage|p1a: Zapdos
|-crit|p1a: Zapdos
|-damage|p1a: Zapdos|10/100
|-status|p2a: Dragonite|par|[from] ability: Static|[of] p1a: Zapdos
|
|-heal|p2a: Dragonite|86/100 par|[from] item: Leftovers
|upkeep
|turn|3
|
|t:|1779964935
|move|p1a: Zapdos|Thunderbolt|p2a: Dragonite
|-damage|p2a: Dragonite|42/100 par
|cant|p2a: Dragonite|par
|
|-heal|p2a: Dragonite|48/100 par|[from] item: Leftovers
|upkeep
|turn|4
|
|t:|1779964945
|move|p2a: Dragonite|Extreme Speed|p1a: Zapdos
|-damage|p1a: Zapdos|0 fnt
|faint|p1a: Zapdos
|
|-heal|p2a: Dragonite|54/100 par|[from] item: Leftovers
|upkeep
|
|t:|1779964958
|switch|p1a: Slowking|Slowking-Galar, F|100/100
|turn|5
|
|t:|1779964968
|move|p2a: Dragonite|Outrage|p1a: Slowking
|-damage|p1a: Slowking|42/100
|move|p1a: Slowking|Sludge Wave|p2a: Dragonite
|-damage|p2a: Dragonite|23/100 par
|
|-heal|p2a: Dragonite|30/100 par|[from] item: Leftovers
|-heal|p1a: Slowking|48/100|[from] item: Leftovers
|upkeep
|turn|6
|
|t:|1779964978
|cant|p2a: Dragonite|par
|move|p1a: Slowking|Sludge Wave|p2a: Dragonite
|-damage|p2a: Dragonite|0 fnt
|faint|p2a: Dragonite
|
|-heal|p1a: Slowking|55/100|[from] item: Leftovers
|upkeep
|
|t:|1779964997
|switch|p2a: Gengar|Gengar, M|100/100
|-damage|p2a: Gengar|88/100|[from] Stealth Rock
|turn|7
|
|t:|1779965005
|switch|p1a: Landorus|Landorus-Therian, M|100/100
|-ability|p1a: Landorus|Intimidate|boost
|-unboost|p2a: Gengar|atk|1
|move|p2a: Gengar|Shadow Ball|p1a: Landorus
|-damage|p1a: Landorus|52/100
|
|-heal|p2a: Gengar|94/100|[from] item: Leftovers
|upkeep
|turn|8
|
|t:|1779965027
|switch|p2a: Lapras|Lapras, M|100/100
|-damage|p2a: Lapras|75/100|[from] Stealth Rock
|move|p1a: Landorus|Earthquake|p2a: Lapras
|-damage|p2a: Lapras|38/100
|
|-heal|p2a: Lapras|45/100|[from] item: Leftovers
|upkeep
|turn|9
|
|t:|1779965039
|move|p1a: Landorus|Earthquake|p2a: Lapras
|-damage|p2a: Lapras|6/100
|move|p2a: Lapras|Surf|p1a: Landorus
|-supereffective|p1a: Landorus
|-damage|p1a: Landorus|0 fnt
|faint|p1a: Landorus
|
|-heal|p2a: Lapras|12/100|[from] item: Leftovers
|upkeep
|
|t:|1779965050
|switch|p1a: Zarude|Zarude-Dada|100/100
|turn|10
|
|t:|1779965057
|switch|p2a: Charizard|Charizard, M|100/100
|-damage|p2a: Charizard|50/100|[from] Stealth Rock
|move|p1a: Zarude|Bulk Up|p1a: Zarude
|-boost|p1a: Zarude|atk|1
|-boost|p1a: Zarude|def|1
|
|-heal|p2a: Charizard|57/100|[from] item: Leftovers
|upkeep
|turn|11
|
|t:|1779965071
|-terastallize|p1a: Zarude|Dark
|move|p2a: Charizard|Flamethrower|p1a: Zarude
|-damage|p1a: Zarude|66/100
|move|p1a: Zarude|Knock Off|p2a: Charizard
|-damage|p2a: Charizard|0 fnt
|-enditem|p2a: Charizard|Leftovers|[from] move: Knock Off|[of] p1a: Zarude
|faint|p2a: Charizard
|
|-heal|p1a: Zarude|72/100|[from] item: Leftovers
|upkeep
|
|t:|1779965091
|switch|p2a: Gengar|Gengar, M|94/100
|-damage|p2a: Gengar|82/100|[from] Stealth Rock
|turn|12
|
|t:|1779965099
|move|p2a: Gengar|Sludge Bomb|p1a: Zarude
|-damage|p1a: Zarude|32/100
|-status|p1a: Zarude|psn
|move|p1a: Zarude|Knock Off|p2a: Gengar
|-supereffective|p2a: Gengar
|-damage|p2a: Gengar|0 fnt
|-enditem|p2a: Gengar|Leftovers|[from] move: Knock Off|[of] p1a: Zarude
|faint|p2a: Gengar
|
|-heal|p1a: Zarude|38/100 psn|[from] item: Leftovers
|-damage|p1a: Zarude|26/100 psn|[from] psn
|upkeep
|
|t:|1779965115
|switch|p2a: Snorlax|Snorlax, F|100/100
|-damage|p2a: Snorlax|88/100|[from] Stealth Rock
|turn|13
|
|t:|1779965135
|-terastallize|p2a: Snorlax|Normal
|move|p1a: Zarude|Knock Off|p2a: Snorlax
|-damage|p2a: Snorlax|2/100
|-enditem|p2a: Snorlax|Leftovers|[from] move: Knock Off|[of] p1a: Zarude
|move|p2a: Snorlax|Body Slam|p1a: Zarude
|-damage|p1a: Zarude|2/100 psn
|
|-heal|p1a: Zarude|8/100 psn|[from] item: Leftovers
|-damage|p1a: Zarude|0 fnt|[from] psn
|faint|p1a: Zarude
|upkeep
|
|t:|1779965148
|switch|p1a: Blaziken|Blaziken, M|100/100
|turn|14
|
|t:|1779965158
|move|p1a: Blaziken|Close Combat|p2a: Snorlax
|-supereffective|p2a: Snorlax
|-damage|p2a: Snorlax|0 fnt
|-unboost|p1a: Blaziken|def|1
|-unboost|p1a: Blaziken|spd|1
|faint|p2a: Snorlax
|
|-ability|p1a: Blaziken|Speed Boost|boost
|-boost|p1a: Blaziken|spe|1
|upkeep
|
|t:|1779965168
|switch|p2a: Rhydon|Rhydon, M|100/100
|-damage|p2a: Rhydon|94/100|[from] Stealth Rock
|turn|15
|
|t:|1779965176
|move|p1a: Blaziken|Close Combat|p2a: Rhydon
|-supereffective|p2a: Rhydon
|-damage|p2a: Rhydon|23/100
|-unboost|p1a: Blaziken|def|1
|-unboost|p1a: Blaziken|spd|1
|move|p2a: Rhydon|Stone Edge|p1a: Blaziken
|-damage|p1a: Blaziken|0 fnt
|faint|p1a: Blaziken
|
|-heal|p2a: Rhydon|29/100|[from] item: Leftovers
|upkeep
|
|t:|1779965193
|switch|p1a: Slowking|Slowking-Galar, F|88/100
|turn|16
|
|t:|1779965200
|move|p2a: Rhydon|Earthquake|p1a: Slowking
|-supereffective|p1a: Slowking
|-damage|p1a: Slowking|2/100
|move|p1a: Slowking|Toxic|p2a: Rhydon
|-status|p2a: Rhydon|tox
|
|-heal|p2a: Rhydon|35/100 tox|[from] item: Leftovers
|-heal|p1a: Slowking|8/100|[from] item: Leftovers
|-damage|p2a: Rhydon|29/100 tox|[from] psn
|upkeep
|turn|17
|
|t:|1779965212
|move|p1a: Slowking|Protect|p1a: Slowking
|-singleturn|p1a: Slowking|Protect
|move|p2a: Rhydon|Earthquake|p1a: Slowking
|-activate|p1a: Slowking|move: Protect
|
|-heal|p2a: Rhydon|35/100 tox|[from] item: Leftovers
|-heal|p1a: Slowking|14/100|[from] item: Leftovers
|-damage|p2a: Rhydon|23/100 tox|[from] psn
|upkeep
|turn|18
|
|t:|1779965224
|switch|p1a: Skeledirge|Skeledirge, M|100/100
|move|p2a: Rhydon|Earthquake|p1a: Skeledirge
|-supereffective|p1a: Skeledirge
|-damage|p1a: Skeledirge|24/100
|
|-heal|p1a: Skeledirge|30/100|[from] item: Leftovers
|-heal|p2a: Rhydon|29/100 tox|[from] item: Leftovers
|-damage|p2a: Rhydon|11/100 tox|[from] psn
|upkeep
|turn|19
|
|t:|1779965238
|move|p1a: Skeledirge|Slack Off|p1a: Skeledirge
|-heal|p1a: Skeledirge|80/100
|move|p2a: Rhydon|Earthquake|p1a: Skeledirge
|-supereffective|p1a: Skeledirge
|-damage|p1a: Skeledirge|10/100
|
|-heal|p1a: Skeledirge|16/100|[from] item: Leftovers
|-heal|p2a: Rhydon|17/100 tox|[from] item: Leftovers
|-damage|p2a: Rhydon|0 fnt|[from] psn
|faint|p2a: Rhydon
|upkeep
|
|t:|1779965250
|switch|p2a: Lapras|Lapras, M|12/100
|-damage|p2a: Lapras|0 fnt|[from] Stealth Rock
|faint|p2a: Lapras
|
|win|MousesYeah
|raw|MousesYeah's rating: 1100 &rarr; <strong>1123</strong><br />(+23 for winning)
|raw|Sontomil's rating: 1075 &rarr; <strong>1055</strong><br />(-20 for losing)
|l|☆Sontomil
|player|p2|
|l|☆MousesYeah
|player|p1|
