|j|☆K1ngcash69
|j|☆claudechamp
|t:|1779866739
|gametype|singles
|player|p1|K1ngcash69|265|1244
|player|p2|claudechamp|169|1224
|gen|9
|tier|[Gen 9] OU
|rated|
|rule|HP Percentage Mod: HP is shown in percentages
|rule|Endless Battle Clause: Forcing endless battles is banned
|rule|Species Clause: Limit one of each Pokémon
|rule|OHKO Clause: OHKO moves are banned
|rule|Evasion Items Clause: Evasion items are banned
|rule|Evasion Moves Clause: Evasion moves are banned
|rule|Evasion Abilities Clause: Evasion abilities are banned
|rule|Sleep Moves Clause: Sleep-inducing moves are banned
|clearpoke
|poke|p1|Ogerpon-Wellspring, F|
|poke|p1|Dragonite, F|
|poke|p1|Samurott-Hisui, M|
|poke|p1|Ceruledge, F|
|poke|p1|Great Tusk|
|poke|p1|Zapdos|
|poke|p2|Corviknight, F|
|poke|p2|Ting-Lu|
|poke|p2|Kyurem|
|poke|p2|Dondozo, M|
|poke|p2|Slowking-Galar, M|
|poke|p2|Cinderace, M|
|teampreview
|inactive|Battle timer is ON: inactive players will automatically lose when time's up. (requested by K1ngcash69)
|c|☆claudechamp|hf
|
|t:|1779866751
|teamsize|p1|6
|teamsize|p2|6
|start
|switch|p1a: Samurott|Samurott-Hisui, M|100/100
|switch|p2a: Kyurem|Kyurem|100/100
|-ability|p2a: Kyurem|Pressure
|turn|1
|inactive|claudechamp also wants the timer to be on.
|inactive|K1ngcash69 has 120 seconds left.
|
|t:|1779866803
|move|p1a: Samurott|Sacred Sword|p2a: Kyurem
|-supereffective|p2a: Kyurem
|-damage|p2a: Kyurem|19/100
|move|p2a: Kyurem|Freeze-Dry|p1a: Samurott
|-supereffective|p1a: Samurott
|-crit|p1a: Samurott
|-damage|p1a: Samurott|0 fnt
|faint|p1a: Samurott
|
|-heal|p2a: Kyurem|25/100|[from] item: Leftovers
|upkeep
|inactive|K1ngcash69 has 90 seconds left.
|
|t:|1779866819
|switch|p1a: Ceruledge|Ceruledge, F|100/100
|turn|2
|
|t:|1779866825
|move|p2a: Kyurem|Freeze-Dry|p1a: Ceruledge
|-resisted|p1a: Ceruledge
|-damage|p1a: Ceruledge|79/100
|move|p1a: Ceruledge|Swords Dance|p1a: Ceruledge
|-boost|p1a: Ceruledge|atk|2
|
|-heal|p2a: Kyurem|32/100|[from] item: Leftovers
|upkeep
|turn|3
|inactive|K1ngcash69 has 90 seconds left.
|
|t:|1779866852
|move|p1a: Ceruledge|Shadow Sneak|p2a: Kyurem
|-damage|p2a: Kyurem|0 fnt
|faint|p2a: Kyurem
|
|upkeep
|
|t:|1779866854
|switch|p2a: Dondozo|Dondozo, M|100/100
|turn|4
|inactive|K1ngcash69 has 90 seconds left.
|
|t:|1779866864
|move|p1a: Ceruledge|Bitter Blade|p2a: Dondozo
|-resisted|p2a: Dondozo
|-damage|p2a: Dondozo|86/100
|-heal|p1a: Ceruledge|92/100|[from] drain|[of] p2a: Dondozo
|move|p2a: Dondozo|Waterfall|p1a: Ceruledge
|-supereffective|p1a: Ceruledge
|-damage|p1a: Ceruledge|13/100
|-ability|p1a: Ceruledge|Weak Armor|boost
|-unboost|p1a: Ceruledge|def|1
|-boost|p1a: Ceruledge|spe|2
|
|-heal|p2a: Dondozo|92/100|[from] item: Leftovers
|upkeep
|turn|5
|inactive|K1ngcash69 has 90 seconds left.
|
|t:|1779866875
|move|p1a: Ceruledge|Poltergeist|p2a: Dondozo
|-activate|p2a: Dondozo|move: Poltergeist|Leftovers
|-damage|p2a: Dondozo|57/100
|move|p2a: Dondozo|Waterfall|p1a: Ceruledge
|-supereffective|p1a: Ceruledge
|-damage|p1a: Ceruledge|0 fnt
|faint|p1a: Ceruledge
|
|-heal|p2a: Dondozo|63/100|[from] item: Leftovers
|upkeep
|
|t:|1779866887
|switch|p1a: Zapdos|Zapdos|100/100
|turn|6
|
|t:|1779866898
|switch|p2a: Slowking|Slowking-Galar, M|100/100
|move|p1a: Zapdos|Volt Switch|p2a: Slowking
|-damage|p2a: Slowking|71/100
|
|t:|1779866907
|switch|p1a: Great Tusk|Great Tusk|100/100|[from] Volt Switch
|
|upkeep
|turn|7
|inactive|K1ngcash69 has 90 seconds left.
|
|t:|1779866922
|move|p1a: Great Tusk|Headlong Rush|p2a: Slowking
|-supereffective|p2a: Slowking
|-enditem|p2a: Slowking|Shuca Berry|[eat]
|-enditem|p2a: Slowking|Shuca Berry|[weaken]
|-damage|p2a: Slowking|28/100
|-unboost|p1a: Great Tusk|def|1
|-unboost|p1a: Great Tusk|spd|1
|move|p2a: Slowking|Ice Beam|p1a: Great Tusk
|-supereffective|p1a: Great Tusk
|-crit|p1a: Great Tusk
|-damage|p1a: Great Tusk|0 fnt
|faint|p1a: Great Tusk
|-end|p1a: Great Tusk|Protosynthesis|[silent]
|
|upkeep
|
|t:|1779866936
|switch|p1a: Dragonite|Dragonite, F|100/100
|turn|8
|
|t:|1779866948
|move|p1a: Dragonite|Extreme Speed|p2a: Slowking
|-damage|p2a: Slowking|3/100
|move|p2a: Slowking|Sludge Bomb|p1a: Dragonite
|-damage|p1a: Dragonite|86/100
|
|upkeep
|turn|9
|inactive|K1ngcash69 has 90 seconds left.
|inactive|K1ngcash69 has 60 seconds left.
|
|t:|1779867005
|switch|p2a: Corviknight|Corviknight, F|100/100
|-ability|p2a: Corviknight|Pressure
|move|p1a: Dragonite|Extreme Speed|p2a: Corviknight
|-resisted|p2a: Corviknight
|-damage|p2a: Corviknight|92/100
|-damage|p1a: Dragonite|69/100|[from] item: Rocky Helmet|[of] p2a: Corviknight
|
|upkeep
|turn|10
|
|t:|1779867008
|move|p1a: Dragonite|Roost|p1a: Dragonite
|-heal|p1a: Dragonite|100/100
|-singleturn|p1a: Dragonite|move: Roost
|move|p2a: Corviknight|U-turn|p1a: Dragonite
|-damage|p1a: Dragonite|94/100
|
|t:|1779867011
|switch|p2a: Slowking|Slowking-Galar, M|37/100|[from] U-turn
|
|upkeep
|turn|11
|
|t:|1779867021
|move|p1a: Dragonite|Extreme Speed|p2a: Slowking
|-damage|p2a: Slowking|14/100
|move|p2a: Slowking|Ice Beam|p1a: Dragonite
|-supereffective|p1a: Dragonite
|-damage|p1a: Dragonite|21/100
|-enditem|p1a: Dragonite|Weakness Policy
|-boost|p1a: Dragonite|atk|2|[from] item: Weakness Policy
|-boost|p1a: Dragonite|spa|2|[from] item: Weakness Policy
|
|upkeep
|turn|12
|
|t:|1779867034
|switch|p2a: Corviknight|Corviknight, F|92/100
|-ability|p2a: Corviknight|Pressure
|-terastallize|p1a: Dragonite|Normal
|move|p1a: Dragonite|Extreme Speed|p2a: Corviknight
|-resisted|p2a: Corviknight
|-damage|p2a: Corviknight|64/100
|-damage|p1a: Dragonite|4/100|[from] item: Rocky Helmet|[of] p2a: Corviknight
|
|upkeep
|turn|13
|
|t:|1779867044
|move|p1a: Dragonite|Roost|p1a: Dragonite
|-heal|p1a: Dragonite|54/100
|move|p2a: Corviknight|Brave Bird|p1a: Dragonite
|-damage|p1a: Dragonite|21/100
|-damage|p2a: Corviknight|54/100|[from] Recoil
|
|upkeep
|turn|14
|
|t:|1779867050
|move|p1a: Dragonite|Roost|p1a: Dragonite
|-heal|p1a: Dragonite|71/100
|move|p2a: Corviknight|Brave Bird|p1a: Dragonite
|-damage|p1a: Dragonite|36/100
|-damage|p2a: Corviknight|42/100|[from] Recoil
|
|upkeep
|turn|15
|
|t:|1779867055
|switch|p2a: Dondozo|Dondozo, M|63/100
|move|p1a: Dragonite|Roost|p1a: Dragonite
|-heal|p1a: Dragonite|86/100
|
|-heal|p2a: Dondozo|69/100|[from] item: Leftovers
|upkeep
|turn|16
|inactive|K1ngcash69 has 90 seconds left.
|
|t:|1779867063
|move|p1a: Dragonite|Extreme Speed|p2a: Dondozo
|-damage|p2a: Dondozo|40/100
|move|p2a: Dondozo|Waterfall|p1a: Dragonite
|-damage|p1a: Dragonite|59/100
|
|-heal|p2a: Dondozo|47/100|[from] item: Leftovers
|upkeep
|turn|17
|
|t:|1779867068
|move|p1a: Dragonite|Roost|p1a: Dragonite
|-heal|p1a: Dragonite|100/100
|move|p2a: Dondozo|Body Press|p1a: Dragonite
|-supereffective|p1a: Dragonite
|-damage|p1a: Dragonite|80/100
|
|-heal|p2a: Dondozo|53/100|[from] item: Leftovers
|upkeep
|turn|18
|
|t:|1779867076
|move|p1a: Dragonite|Dragon Dance|p1a: Dragonite
|-boost|p1a: Dragonite|atk|1
|-boost|p1a: Dragonite|spe|1
|move|p2a: Dondozo|Waterfall|p1a: Dragonite
|-damage|p1a: Dragonite|54/100
|
|-heal|p2a: Dondozo|59/100|[from] item: Leftovers
|upkeep
|turn|19
|
|t:|1779867086
|move|p1a: Dragonite|Dragon Dance|p1a: Dragonite
|-boost|p1a: Dragonite|atk|1
|-boost|p1a: Dragonite|spe|1
|move|p2a: Dondozo|Body Press|p1a: Dragonite
|-supereffective|p1a: Dragonite
|-damage|p1a: Dragonite|17/100
|
|-heal|p2a: Dondozo|65/100|[from] item: Leftovers
|upkeep
|turn|20
|
|t:|1779867096
|move|p1a: Dragonite|Roost|p1a: Dragonite
|-heal|p1a: Dragonite|67/100
|move|p2a: Dondozo|Waterfall|p1a: Dragonite
|-damage|p1a: Dragonite|41/100
|
|-heal|p2a: Dondozo|71/100|[from] item: Leftovers
|upkeep
|turn|21
|
|t:|1779867106
|move|p1a: Dragonite|Roost|p1a: Dragonite
|-heal|p1a: Dragonite|91/100
|move|p2a: Dondozo|Body Press|p1a: Dragonite
|-supereffective|p1a: Dragonite
|-crit|p1a: Dragonite
|-damage|p1a: Dragonite|36/100
|
|-heal|p2a: Dondozo|77/100|[from] item: Leftovers
|upkeep
|turn|22
|inactive|K1ngcash69 has 120 seconds left.
|
|t:|1779867130
|move|p1a: Dragonite|Dragon Dance|p1a: Dragonite
|-boost|p1a: Dragonite|atk|1
|-boost|p1a: Dragonite|spe|1
|move|p2a: Dondozo|Waterfall|p1a: Dragonite
|-damage|p1a: Dragonite|11/100
|
|-heal|p2a: Dondozo|84/100|[from] item: Leftovers
|upkeep
|turn|23
|
|t:|1779867138
|move|p1a: Dragonite|Roost|p1a: Dragonite
|-heal|p1a: Dragonite|61/100
|move|p2a: Dondozo|Body Press|p1a: Dragonite
|-supereffective|p1a: Dragonite
|-damage|p1a: Dragonite|19/100
|
|-heal|p2a: Dondozo|90/100|[from] item: Leftovers
|upkeep
|turn|24
|
|t:|1779867150
|move|p1a: Dragonite|Extreme Speed|p2a: Dondozo
|-damage|p2a: Dondozo|60/100
|move|p2a: Dondozo|Waterfall|p1a: Dragonite
|-damage|p1a: Dragonite|0 fnt
|faint|p1a: Dragonite
|
|-heal|p2a: Dondozo|66/100|[from] item: Leftovers
|upkeep
|-message|K1ngcash69 forfeited.
|
|win|claudechamp
|raw|K1ngcash69's rating: 1244 &rarr; <strong>1214</strong><br />(-30 for losing)
|raw|claudechamp's rating: 1176 &rarr; <strong>1206</strong><br />(+30 for winning)
|c|☆claudechamp|gg
|l|☆K1ngcash69
|player|p1|
