|j|☆xxxduqi
|j|☆TalesOfZodiac
|t:|1779959136
|gametype|singles
|player|p1|xxxduqi|miku-flying|1456
|player|p2|TalesOfZodiac|gardenia|1440
|gen|9
|tier|[Gen 9] OU
|rated|
|rule|HP Percentage Mod: HP is shown in percentages
|rule|Endless Battle Clause: Forcing endless battles is banned
|rule|Species Clause: Limit one of each Pokémon
|rule|OHKO Clause: OHKO moves are banned
|rule|Evasion Items Clause: Evasion items are banned
|rule|Evasion Moves Clause: Evasion moves are banned
|rule|Evasion Abilities Clause: Evasion abilities are banned
|rule|Sleep Moves Clause: Sleep-inducing moves are banned
|clearpoke
|poke|p1|Latias, F|
|poke|p1|Darkrai|
|poke|p1|Slowking-Galar, F|
|poke|p1|Corviknight, M|
|poke|p1|Kingambit, M|
|poke|p1|Zamazenta-*|
|poke|p2|Ogerpon-Cornerstone, F|
|poke|p2|Kingambit, F|
|poke|p2|Zoroark-Hisui, F|
|poke|p2|Great Tusk|
|poke|p2|Rotom-Wash|
|poke|p2|Iron Valiant|
|teampreview
|inactive|Battle timer is ON: inactive players will automatically lose when time's up. (requested by xxxduqi)
|inactive|TalesOfZodiac has 120 seconds left.
|
|t:|1779959175
|teamsize|p1|6
|teamsize|p2|6
|start
|switch|p1a: Darkrai|Darkrai|100/100
|switch|p2a: Rotom|Rotom-Wash|100/100
|turn|1
|
|t:|1779959196
|switch|p1a: Slowking|Slowking-Galar, F|100/100
|move|p2a: Rotom|Volt Switch|p1a: Slowking
|-crit|p1a: Slowking
|-damage|p1a: Slowking|77/100
|
|t:|1779959203
|switch|p2a: Kingambit|Kingambit, F|100/100|[from] Volt Switch
|
|upkeep
|turn|2
|
|t:|1779959214
|switch|p1a: Corviknight|Corviknight, M|100/100
|-ability|p1a: Corviknight|Pressure
|move|p2a: Kingambit|Kowtow Cleave|p1a: Corviknight
|-damage|p1a: Corviknight|72/100
|-damage|p2a: Kingambit|84/100|[from] item: Rocky Helmet|[of] p1a: Corviknight
|
|upkeep
|turn|3
|
|t:|1779959219
|switch|p2a: Rotom|Rotom-Wash|100/100
|move|p1a: Corviknight|Body Press|p2a: Rotom
|-crit|p2a: Rotom
|-damage|p2a: Rotom|63/100
|
|upkeep
|turn|4
|inactive|xxxduqi has 120 seconds left.
|
|t:|1779959255
|switch|p1a: Latias|Latias, F|100/100
|move|p2a: Rotom|Dark Pulse|p1a: Latias
|-supereffective|p1a: Latias
|-damage|p1a: Latias|68/100
|
|-heal|p1a: Latias|74/100|[from] item: Leftovers
|upkeep
|turn|5
|inactive|xxxduqi has 120 seconds left.
|
|t:|1779959267
|move|p1a: Latias|Calm Mind|p1a: Latias
|-boost|p1a: Latias|spa|1
|-boost|p1a: Latias|spd|1
|move|p2a: Rotom|Dark Pulse|p1a: Latias
|-supereffective|p1a: Latias
|-damage|p1a: Latias|50/100
|
|-heal|p1a: Latias|56/100|[from] item: Leftovers
|upkeep
|turn|6
|
|t:|1779959280
|move|p1a: Latias|Recover|p1a: Latias
|-heal|p1a: Latias|100/100
|move|p2a: Rotom|Volt Switch|p1a: Latias
|-resisted|p1a: Latias
|-damage|p1a: Latias|94/100
|
|t:|1779959297
|switch|p2a: Iron Valiant|Iron Valiant|100/100|[from] Volt Switch
|-enditem|p2a: Iron Valiant|Booster Energy
|-activate|p2a: Iron Valiant|ability: Quark Drive|[fromitem]
|-start|p2a: Iron Valiant|quarkdrivespe
|
|-heal|p1a: Latias|99/100|[from] item: Leftovers
|upkeep
|turn|7
|
|t:|1779959312
|-terastallize|p2a: Iron Valiant|Ghost
|move|p2a: Iron Valiant|Moonblast|p1a: Latias
|-supereffective|p1a: Latias
|-damage|p1a: Latias|52/100
|move|p1a: Latias|Psyshock|p2a: Iron Valiant
|-damage|p2a: Iron Valiant|45/100
|
|-heal|p1a: Latias|58/100|[from] item: Leftovers
|upkeep
|turn|8
|
|t:|1779959319
|move|p2a: Iron Valiant|Moonblast|p1a: Latias
|-supereffective|p1a: Latias
|-damage|p1a: Latias|15/100
|move|p1a: Latias|Psyshock|p2a: Iron Valiant
|-damage|p2a: Iron Valiant|0 fnt
|faint|p2a: Iron Valiant
|-end|p2a: Iron Valiant|Quark Drive|[silent]
|
|-heal|p1a: Latias|21/100|[from] item: Leftovers
|upkeep
|
|t:|1779959325
|switch|p2a: Kingambit|Kingambit, F|100/100
|turn|9
|
|t:|1779959332
|switch|p1a: Corviknight|Corviknight, M|72/100
|-ability|p1a: Corviknight|Pressure
|move|p2a: Kingambit|Shadow Ball|p1a: Corviknight
|-damage|p1a: Corviknight|22/100
|-damage|p2a: Kingambit|91/100|[from] item: Life Orb
|
|upkeep
|turn|10
|
|t:|1779959340
|switch|p1a: Kingambit|Kingambit, M|100/100
|move|p2a: Kingambit|Flamethrower|p1a: Kingambit
|-supereffective|p1a: Kingambit
|-damage|p1a: Kingambit|37/100
|-damage|p2a: Kingambit|81/100|[from] item: Life Orb
|
|-heal|p1a: Kingambit|44/100|[from] item: Leftovers
|upkeep
|turn|11
|
|t:|1779959345
|switch|p2a: Great Tusk|Great Tusk|100/100
|-enditem|p2a: Great Tusk|Booster Energy
|-activate|p2a: Great Tusk|ability: Protosynthesis|[fromitem]
|-start|p2a: Great Tusk|protosynthesisatk
|move|p1a: Kingambit|Sucker Punch||[still]
|-fail|p1a: Kingambit
|
|-heal|p1a: Kingambit|50/100|[from] item: Leftovers
|upkeep
|turn|12
|
|t:|1779959350
|-end|p1a: Kingambit|fallenundefined|[silent]
|switch|p1a: Zamazenta|Zamazenta|100/100
|-ability|p1a: Zamazenta|Dauntless Shield|boost
|-boost|p1a: Zamazenta|def|1
|move|p2a: Great Tusk|Knock Off|p1a: Zamazenta
|-resisted|p1a: Zamazenta
|-crit|p1a: Zamazenta
|-damage|p1a: Zamazenta|81/100
|-enditem|p1a: Zamazenta|Leftovers|[from] move: Knock Off|[of] p2a: Great Tusk
|
|upkeep
|turn|13
|
|t:|1779959379
|-end|p2a: Great Tusk|Protosynthesis|[silent]
|switch|p2a: Kingambit|Kingambit, F|81/100
|move|p1a: Zamazenta|Iron Defense|p1a: Zamazenta
|-boost|p1a: Zamazenta|def|2
|
|upkeep
|turn|14
|
|t:|1779959383
|move|p1a: Zamazenta|Substitute|p1a: Zamazenta
|-start|p1a: Zamazenta|Substitute
|-damage|p1a: Zamazenta|56/100
|move|p2a: Kingambit|Shadow Ball|p1a: Zamazenta
|-end|p1a: Zamazenta|Substitute
|-damage|p2a: Kingambit|71/100|[from] item: Life Orb
|
|upkeep
|turn|15
|
|t:|1779959388
|move|p1a: Zamazenta|Heavy Slam|p2a: Kingambit
|-damage|p2a: Kingambit|31/100
|replace|p2a: Zoroark|Zoroark-Hisui, F
|-end|p2a: Zoroark|Illusion
|move|p2a: Zoroark|Psychic|p1a: Zamazenta
|-supereffective|p1a: Zamazenta
|-damage|p1a: Zamazenta|0 fnt
|faint|p1a: Zamazenta
|-damage|p2a: Zoroark|21/100|[from] item: Life Orb
|
|upkeep
|
|t:|1779959392
|switch|p1a: Darkrai|Darkrai|100/100
|turn|16
|
|t:|1779959397
|switch|p2a: Rotom|Rotom-Wash|63/100
|move|p1a: Darkrai|Dark Pulse|p2a: Rotom
|-damage|p2a: Rotom|37/100
|
|upkeep
|turn|17
|
|t:|1779959404
|switch|p1a: Latias|Latias, F|21/100
|move|p2a: Rotom|Volt Switch|p1a: Latias
|-resisted|p1a: Latias
|-damage|p1a: Latias|9/100
|
|t:|1779959419
|switch|p2a: Ogerpon|Ogerpon-Cornerstone, F|100/100|[from] Volt Switch
|
|-heal|p1a: Latias|15/100|[from] item: Leftovers
|upkeep
|turn|18
|
|t:|1779959425
|move|p2a: Ogerpon|Ivy Cudgel|p1a: Latias|[anim] Ivy Cudgel Rock
|-damage|p1a: Latias|0 fnt
|faint|p1a: Latias
|
|upkeep
|
|t:|1779959428
|switch|p1a: Darkrai|Darkrai|100/100
|turn|19
|
|t:|1779959436
|move|p1a: Darkrai|Will-O-Wisp|p2a: Ogerpon|[miss]
|-miss|p1a: Darkrai|p2a: Ogerpon
|move|p2a: Ogerpon|Horn Leech|p1a: Darkrai
|-damage|p1a: Darkrai|51/100
|
|upkeep
|turn|20
|
|t:|1779959454
|switch|p2a: Rotom|Rotom-Wash|37/100
|move|p1a: Darkrai|Will-O-Wisp|p2a: Rotom
|-status|p2a: Rotom|brn
|
|-damage|p2a: Rotom|32/100 brn|[from] brn
|upkeep
|turn|21
|
|t:|1779959468
|move|p1a: Darkrai|Dark Pulse|p2a: Rotom
|-damage|p2a: Rotom|6/100 brn
|cant|p2a: Rotom|flinch
|
|-damage|p2a: Rotom|0 fnt|[from] brn
|faint|p2a: Rotom
|upkeep
|
|t:|1779959484
|switch|p2a: Ogerpon|Ogerpon-Cornerstone, F|100/100
|turn|22
|
|t:|1779959499
|move|p1a: Darkrai|Will-O-Wisp|p2a: Ogerpon
|-status|p2a: Ogerpon|brn
|move|p2a: Ogerpon|Ivy Cudgel|p1a: Darkrai|[anim] Ivy Cudgel Rock
|-damage|p1a: Darkrai|13/100
|
|-damage|p2a: Ogerpon|94/100 brn|[from] brn
|upkeep
|turn|23
|
|t:|1779959505
|move|p1a: Darkrai|Ice Beam|p2a: Ogerpon
|-supereffective|p2a: Ogerpon
|-damage|p2a: Ogerpon|26/100 brn
|move|p2a: Ogerpon|Ivy Cudgel|p1a: Darkrai|[anim] Ivy Cudgel Rock
|-damage|p1a: Darkrai|0 fnt
|faint|p1a: Darkrai
|
|-damage|p2a: Ogerpon|20/100 brn|[from] brn
|upkeep
|
|t:|1779959508
|switch|p1a: Corviknight|Corviknight, M|22/100
|-ability|p1a: Corviknight|Pressure
|turn|24
|
|t:|1779959513
|move|p2a: Ogerpon|Ivy Cudgel|p1a: Corviknight|[anim] Ivy Cudgel Rock
|-crit|p1a: Corviknight
|-damage|p1a: Corviknight|0 fnt
|faint|p1a: Corviknight
|
|-damage|p2a: Ogerpon|14/100 brn|[from] brn
|upkeep
|
|t:|1779959518
|switch|p1a: Kingambit|Kingambit, M|50/100
|-activate|p1a: Kingambit|ability: Supreme Overlord
|-start|p1a: Kingambit|fallen4|[silent]
|turn|25
|
|t:|1779959524
|move|p1a: Kingambit|Sucker Punch||[still]
|-fail|p1a: Kingambit
|move|p2a: Ogerpon|Swords Dance|p2a: Ogerpon
|-boost|p2a: Ogerpon|atk|2
|
|-heal|p1a: Kingambit|56/100|[from] item: Leftovers
|-damage|p2a: Ogerpon|8/100 brn|[from] brn
|upkeep
|turn|26
|
|t:|1779959527
|move|p1a: Kingambit|Sucker Punch|p2a: Ogerpon
|-damage|p2a: Ogerpon|0 fnt
|faint|p2a: Ogerpon
|
|-heal|p1a: Kingambit|62/100|[from] item: Leftovers
|upkeep
|
|t:|1779959532
|switch|p2a: Great Tusk|Great Tusk|100/100
|turn|27
|
|t:|1779959543
|-terastallize|p1a: Kingambit|Flying
|move|p2a: Great Tusk|Knock Off|p1a: Kingambit
|-damage|p1a: Kingambit|41/100
|-enditem|p1a: Kingambit|Leftovers|[from] move: Knock Off|[of] p2a: Great Tusk
|move|p1a: Kingambit|Swords Dance|p1a: Kingambit
|-boost|p1a: Kingambit|atk|2
|
|upkeep
|turn|28
|
|t:|1779959547
|move|p2a: Great Tusk|Ice Spinner|p1a: Kingambit
|-supereffective|p1a: Kingambit
|-damage|p1a: Kingambit|5/100
|move|p1a: Kingambit|Iron Head|p2a: Great Tusk
|-damage|p2a: Great Tusk|25/100
|
|upkeep
|turn|29
|
|t:|1779959555
|move|p1a: Kingambit|Sucker Punch|p2a: Great Tusk
|-resisted|p2a: Great Tusk
|-damage|p2a: Great Tusk|0 fnt
|faint|p2a: Great Tusk
|-end|p2a: Great Tusk|Protosynthesis|[silent]
|
|upkeep
|
|t:|1779959560
|switch|p2a: Kingambit|Kingambit, F|84/100
|turn|30
|
|t:|1779959563
|move|p2a: Kingambit|Iron Head|p1a: Kingambit
|-damage|p1a: Kingambit|0 fnt
|faint|p1a: Kingambit
|-end|p1a: Kingambit|fallen4|[silent]
|
|upkeep
|
|t:|1779959565
|switch|p1a: Slowking|Slowking-Galar, F|100/100
|turn|31
|-message|xxxduqi forfeited.
|
|win|TalesOfZodiac
|raw|xxxduqi's rating: 1456 &rarr; <strong>1435</strong><br />(-21 for losing)
|raw|TalesOfZodiac's rating: 1440 &rarr; <strong>1461</strong><br />(+21 for winning)
|l|☆xxxduqi
|player|p1|
|c|☆TalesOfZodiac|gg
|l|☆TalesOfZodiac
|player|p2|
