|j|☆Pelogrulla72
|j|☆iska228
|t:|1779899160
|gametype|singles
|player|p1|Pelogrulla72|erika|1185
|player|p2|iska228|hoopster|1222
|gen|9
|tier|[Gen 9] OU
|rated|
|rule|HP Percentage Mod: HP is shown in percentages
|rule|Endless Battle Clause: Forcing endless battles is banned
|rule|Species Clause: Limit one of each Pokémon
|rule|OHKO Clause: OHKO moves are banned
|rule|Evasion Items Clause: Evasion items are banned
|rule|Evasion Moves Clause: Evasion moves are banned
|rule|Evasion Abilities Clause: Evasion abilities are banned
|rule|Sleep Moves Clause: Sleep-inducing moves are banned
|clearpoke
|poke|p1|Ursaluna, F|
|poke|p1|Ambipom, M|
|poke|p1|Arbok, M|
|poke|p1|Lokix, F|
|poke|p1|Polteageist-Antique|
|poke|p1|Cinderace, M|
|poke|p2|Gliscor, F|
|poke|p2|Cloyster, F|
|poke|p2|Barraskewda, M|
|poke|p2|Jolteon, M|
|poke|p2|Ursaluna, M|
|poke|p2|Arboliva, M|
|teampreview
|
|t:|1779899173
|teamsize|p1|6
|teamsize|p2|6
|start
|switch|p1a: Lil Netanyahu|Polteageist-Antique|100/100
|switch|p2a: Cloyster|Cloyster, F|100/100
|turn|1
|inactive|Battle timer is ON: inactive players will automatically lose when time's up. (requested by iska228)
|
|t:|1779899180
|move|p1a: Lil Netanyahu|Shell Smash|p1a: Lil Netanyahu
|-unboost|p1a: Lil Netanyahu|def|1
|-unboost|p1a: Lil Netanyahu|spd|1
|-boost|p1a: Lil Netanyahu|atk|2
|-boost|p1a: Lil Netanyahu|spa|2
|-boost|p1a: Lil Netanyahu|spe|2
|move|p2a: Cloyster|Shell Smash|p2a: Cloyster
|-unboost|p2a: Cloyster|def|1
|-unboost|p2a: Cloyster|spd|1
|-boost|p2a: Cloyster|atk|2
|-boost|p2a: Cloyster|spa|2
|-boost|p2a: Cloyster|spe|2
|
|upkeep
|turn|2
|
|t:|1779899193
|move|p1a: Lil Netanyahu|Stored Power|p2a: Cloyster
|-enditem|p2a: Cloyster|Focus Sash
|-damage|p2a: Cloyster|1/100
|move|p2a: Cloyster|Icicle Spear|p1a: Lil Netanyahu
|-damage|p1a: Lil Netanyahu|31/100
|-ability|p1a: Lil Netanyahu|Weak Armor|boost
|-unboost|p1a: Lil Netanyahu|def|1
|-boost|p1a: Lil Netanyahu|spe|2
|-damage|p1a: Lil Netanyahu|0 fnt
|faint|p1a: Lil Netanyahu
|-hitcount|p1: Lil Netanyahu|2
|
|upkeep
|
|t:|1779899201
|switch|p1a: Pau Palacín|Cinderace, M, shiny|100/100
|turn|3
|
|t:|1779899211
|move|p1a: Pau Palacín|Sucker Punch|p2a: Cloyster
|-start|p1a: Pau Palacín|typechange|Dark|[from] ability: Libero
|-damage|p2a: Cloyster|0 fnt
|faint|p2a: Cloyster
|
|upkeep
|
|t:|1779899228
|switch|p2a: Barraskewda|Barraskewda, M|100/100
|turn|4
|
|t:|1779899239
|switch|p1a: Teto pear 31|Arbok, M, shiny|100/100
|-ability|p1a: Teto pear 31|Intimidate|boost
|-unboost|p2a: Barraskewda|atk|1
|move|p2a: Barraskewda|Close Combat|p1a: Teto pear 31
|-resisted|p1a: Teto pear 31
|-damage|p1a: Teto pear 31|71/100
|-unboost|p2a: Barraskewda|def|1
|-unboost|p2a: Barraskewda|spd|1
|
|-heal|p1a: Teto pear 31|77/100|[from] item: Leftovers
|upkeep
|turn|5
|
|t:|1779899249
|switch|p2a: Gliscor|Gliscor, F|100/100
|move|p1a: Teto pear 31|Coil|p1a: Teto pear 31
|-boost|p1a: Teto pear 31|atk|1
|-boost|p1a: Teto pear 31|def|1
|-boost|p1a: Teto pear 31|accuracy|1
|
|-heal|p1a: Teto pear 31|83/100|[from] item: Leftovers
|-status|p2a: Gliscor|tox|[from] item: Toxic Orb
|upkeep
|turn|6
|
|t:|1779899258
|move|p2a: Gliscor|Earthquake|p1a: Teto pear 31
|-supereffective|p1a: Teto pear 31
|-damage|p1a: Teto pear 31|18/100
|move|p1a: Teto pear 31|Gunk Shot|p2a: Gliscor
|-resisted|p2a: Gliscor
|-damage|p2a: Gliscor|72/100 tox
|
|-heal|p1a: Teto pear 31|24/100|[from] item: Leftovers
|-heal|p2a: Gliscor|85/100 tox|[from] ability: Poison Heal
|upkeep
|turn|7
|
|t:|1779899267
|move|p1a: Teto pear 31|Sucker Punch|p2a: Gliscor
|-damage|p2a: Gliscor|64/100 tox
|move|p2a: Gliscor|Earthquake|p1a: Teto pear 31
|-supereffective|p1a: Teto pear 31
|-damage|p1a: Teto pear 31|0 fnt
|faint|p1a: Teto pear 31
|
|-heal|p2a: Gliscor|76/100 tox|[from] ability: Poison Heal
|upkeep
|
|t:|1779899271
|switch|p1a: Mr blue sky|Ambipom, M|100/100
|turn|8
|
|t:|1779899277
|move|p2a: Gliscor|Protect|p2a: Gliscor
|-singleturn|p2a: Gliscor|Protect
|move|p1a: Mr blue sky|Fake Out|p2a: Gliscor
|-activate|p2a: Gliscor|move: Protect
|
|-heal|p2a: Gliscor|89/100 tox|[from] ability: Poison Heal
|upkeep
|turn|9
|
|t:|1779899284
|move|p1a: Mr blue sky|Triple Axel|p2a: Gliscor
|-supereffective|p2a: Gliscor
|-damage|p2a: Gliscor|68/100 tox
|-supereffective|p2a: Gliscor
|-damage|p2a: Gliscor|20/100 tox
|-supereffective|p2a: Gliscor
|-damage|p2a: Gliscor|0 fnt
|faint|p2a: Gliscor
|-hitcount|p2: Gliscor|3
|
|upkeep
|
|t:|1779899297
|switch|p2a: Arboliva|Arboliva, M|100/100
|turn|10
|
|t:|1779899312
|-terastallize|p2a: Arboliva|Steel
|move|p1a: Mr blue sky|Low Kick|p2a: Arboliva
|-supereffective|p2a: Arboliva
|-damage|p2a: Arboliva|58/100
|move|p2a: Arboliva|Leech Seed|p1a: Mr blue sky
|-start|p1a: Mr blue sky|move: Leech Seed
|
|-damage|p1a: Mr blue sky|88/100|[from] Leech Seed|[of] p2a: Arboliva
|-heal|p2a: Arboliva|69/100|[silent]
|upkeep
|turn|11
|
|t:|1779899321
|switch|p1a: Ursaking|Ursaluna, F, shiny|100/100
|move|p2a: Arboliva|Giga Drain|p1a: Ursaking
|-supereffective|p1a: Ursaking
|-damage|p1a: Ursaking|35/100
|-heal|p2a: Arboliva|100/100|[from] drain|[of] p1a: Ursaking
|
|-status|p1a: Ursaking|brn|[from] item: Flame Orb
|upkeep
|turn|12
|
|t:|1779899341
|-terastallize|p1a: Ursaking|Normal
|move|p1a: Ursaking|High Horsepower|p2a: Arboliva
|-supereffective|p2a: Arboliva
|-damage|p2a: Arboliva|0 fnt
|faint|p2a: Arboliva
|
|-damage|p1a: Ursaking|29/100 brn|[from] brn
|upkeep
|
|t:|1779899349
|switch|p2a: Jolteon|Jolteon, M|100/100
|turn|13
|
|t:|1779899355
|move|p2a: Jolteon|Thunderbolt|p1a: Ursaking
|-damage|p1a: Ursaking|0 fnt
|faint|p1a: Ursaking
|-damage|p2a: Jolteon|91/100|[from] item: Life Orb
|
|upkeep
|
|t:|1779899358
|switch|p1a: Mr blue sky|Ambipom, M|88/100
|turn|14
|
|t:|1779899366
|move|p1a: Mr blue sky|Fake Out|p2a: Jolteon
|-damage|p2a: Jolteon|41/100
|cant|p2a: Jolteon|flinch
|
|upkeep
|turn|15
|
|t:|1779899373
|switch|p1a: Pau Palacín|Cinderace, M, shiny|100/100
|move|p2a: Jolteon|Thunder Wave|p1a: Pau Palacín
|-status|p1a: Pau Palacín|par
|
|upkeep
|turn|16
|
|t:|1779899382
|move|p2a: Jolteon|Thunderbolt|p1a: Pau Palacín
|-damage|p1a: Pau Palacín|17/100 par
|-damage|p2a: Jolteon|31/100|[from] item: Life Orb
|move|p1a: Pau Palacín|Pyro Ball|p2a: Jolteon
|-damage|p2a: Jolteon|0 fnt
|faint|p2a: Jolteon
|
|upkeep
|
|t:|1779899393
|switch|p2a: Ursaluna|Ursaluna, M|100/100
|turn|17
|
|t:|1779899399
|move|p1a: Pau Palacín|Pyro Ball|p2a: Ursaluna|[miss]
|-miss|p1a: Pau Palacín|p2a: Ursaluna
|move|p2a: Ursaluna|Earthquake|p1a: Pau Palacín
|-supereffective|p1a: Pau Palacín
|-damage|p1a: Pau Palacín|0 fnt
|faint|p1a: Pau Palacín
|
|-status|p2a: Ursaluna|brn|[from] item: Flame Orb
|upkeep
|
|t:|1779899404
|switch|p1a: Mr blue sky|Ambipom, M|88/100
|turn|18
|
|t:|1779899410
|move|p1a: Mr blue sky|Fake Out|p2a: Ursaluna
|-damage|p2a: Ursaluna|83/100 brn
|cant|p2a: Ursaluna|flinch
|
|-damage|p2a: Ursaluna|77/100 brn|[from] brn
|upkeep
|turn|19
|
|t:|1779899419
|move|p1a: Mr blue sky|Low Kick|p2a: Ursaluna
|-supereffective|p2a: Ursaluna
|-damage|p2a: Ursaluna|39/100 brn
|move|p2a: Ursaluna|Facade|p1a: Mr blue sky
|-damage|p1a: Mr blue sky|0 fnt
|faint|p1a: Mr blue sky
|
|-damage|p2a: Ursaluna|33/100 brn|[from] brn
|upkeep
|
|t:|1779899424
|switch|p1a: A fking n word|Lokix, F|100/100
|turn|20
|
|t:|1779899432
|move|p1a: A fking n word|First Impression|p2a: Ursaluna
|-damage|p2a: Ursaluna|0 fnt
|faint|p2a: Ursaluna
|-damage|p1a: A fking n word|91/100|[from] item: Life Orb
|
|upkeep
|
|t:|1779899438
|switch|p2a: Barraskewda|Barraskewda, M|100/100
|turn|21
|
|t:|1779899444
|move|p2a: Barraskewda|Liquidation|p1a: A fking n word
|-damage|p1a: A fking n word|14/100
|move|p1a: A fking n word|Axe Kick|p2a: Barraskewda
|-damage|p2a: Barraskewda|15/100
|-start|p2a: Barraskewda|confusion
|-damage|p1a: A fking n word|5/100|[from] item: Life Orb
|
|upkeep
|turn|22
|c|☆iska228|lets larp
|
|t:|1779899462
|-activate|p2a: Barraskewda|confusion
|move|p2a: Barraskewda|Liquidation|p1a: A fking n word
|-damage|p1a: A fking n word|0 fnt
|faint|p1a: A fking n word
|
|win|iska228
|raw|Pelogrulla72's rating: 1185 &rarr; <strong>1163</strong><br />(-22 for losing)
|raw|iska228's rating: 1222 &rarr; <strong>1244</strong><br />(+22 for winning)
|c|☆Pelogrulla72|gg bro
|l|☆Pelogrulla72
|player|p1|
|c|☆iska228|gg
|l|☆iska228
|player|p2|
