|j|☆Fervel10
|j|☆He Hao Yi
|t:|1779929934
|gametype|singles
|player|p1|Fervel10|shadowtriad|1052
|player|p2|He Hao Yi|giovanni|1106
|gen|9
|tier|[Gen 9] OU
|rated|
|rule|HP Percentage Mod: HP is shown in percentages
|rule|Endless Battle Clause: Forcing endless battles is banned
|rule|Species Clause: Limit one of each Pokémon
|rule|OHKO Clause: OHKO moves are banned
|rule|Evasion Items Clause: Evasion items are banned
|rule|Evasion Moves Clause: Evasion moves are banned
|rule|Evasion Abilities Clause: Evasion abilities are banned
|rule|Sleep Moves Clause: Sleep-inducing moves are banned
|clearpoke
|poke|p1|Reuniclus, F|
|poke|p1|Mimikyu, M|
|poke|p1|Incineroar, F|
|poke|p1|Kingambit, M|
|poke|p1|Toxapex, F|
|poke|p1|Umbreon, M|
|poke|p2|Pelipper, F|
|poke|p2|Barraskewda, F|
|poke|p2|Raging Bolt|
|poke|p2|Golduck, M|
|poke|p2|Pawmot, F|
|poke|p2|Tentacruel, F|
|teampreview
|inactive|Battle timer is ON: inactive players will automatically lose when time's up. (requested by Fervel10)
|
|t:|1779929959
|teamsize|p1|6
|teamsize|p2|6
|start
|switch|p1a: Incineroar|Incineroar, F|100/100
|switch|p2a: Ghoti carrier|Pelipper, F|100/100
|-ability|p1a: Incineroar|Intimidate|boost
|-unboost|p2a: Ghoti carrier|atk|1
|-weather|RainDance|[from] ability: Drizzle|[of] p2a: Ghoti carrier
|turn|1
|
|t:|1779929967
|move|p1a: Incineroar|Fake Out|p2a: Ghoti carrier
|-damage|p2a: Ghoti carrier|92/100
|cant|p2a: Ghoti carrier|flinch
|
|-weather|RainDance|[upkeep]
|upkeep
|turn|2
|
|t:|1779929973
|move|p1a: Incineroar|U-turn|p2a: Ghoti carrier
|-resisted|p2a: Ghoti carrier
|-damage|p2a: Ghoti carrier|86/100
|
|t:|1779929976
|switch|p1a: Toxapex|Toxapex, F, shiny|100/100|[from] U-turn
|move|p2a: Ghoti carrier|U-turn|p1a: Toxapex
|-resisted|p1a: Toxapex
|-damage|p1a: Toxapex|98/100
|
|t:|1779929983
|switch|p2a: Great Neck|Raging Bolt|100/100|[from] U-turn
|
|-weather|RainDance|[upkeep]
|-heal|p1a: Toxapex|100/100|[from] item: Black Sludge
|upkeep
|turn|3
|
|t:|1779929990
|move|p2a: Great Neck|Thunder|p1a: Toxapex
|-supereffective|p1a: Toxapex
|-damage|p1a: Toxapex|0 fnt
|faint|p1a: Toxapex
|
|-weather|RainDance|[upkeep]
|upkeep
|
|t:|1779929994
|switch|p1a: Reuniclus|Reuniclus, F, shiny|100/100
|turn|4
|
|t:|1779929997
|move|p2a: Great Neck|Thunder|p1a: Reuniclus
|-damage|p1a: Reuniclus|32/100
|move|p1a: Reuniclus|Calm Mind|p1a: Reuniclus
|-boost|p1a: Reuniclus|spa|1
|-boost|p1a: Reuniclus|spd|1
|
|-weather|RainDance|[upkeep]
|-heal|p1a: Reuniclus|38/100|[from] item: Leftovers
|upkeep
|turn|5
|
|t:|1779930002
|move|p2a: Great Neck|Thunder|p1a: Reuniclus
|-damage|p1a: Reuniclus|0 fnt
|faint|p1a: Reuniclus
|
|-weather|RainDance|[upkeep]
|upkeep
|
|t:|1779930008
|switch|p1a: Umbreon|Umbreon, M, shiny|100/100
|turn|6
|
|t:|1779930013
|move|p2a: Great Neck|Thunder|p1a: Umbreon
|-damage|p1a: Umbreon|59/100
|-status|p1a: Umbreon|par
|-activate|p1a: Umbreon|ability: Synchronize
|-immune|p2a: Great Neck
|cant|p1a: Umbreon|par
|
|-weather|RainDance|[upkeep]
|-heal|p1a: Umbreon|65/100 par|[from] item: Leftovers
|upkeep
|turn|7
|
|t:|1779930017
|move|p2a: Great Neck|Thunder|p1a: Umbreon
|-damage|p1a: Umbreon|23/100 par
|move|p1a: Umbreon|Wish|p1a: Umbreon
|
|-weather|RainDance|[upkeep]
|-heal|p1a: Umbreon|29/100 par|[from] item: Leftovers
|upkeep
|turn|8
|
|t:|1779930022
|move|p1a: Umbreon|Protect|p1a: Umbreon
|-singleturn|p1a: Umbreon|Protect
|move|p2a: Great Neck|Thunder|p1a: Umbreon
|-activate|p1a: Umbreon|move: Protect
|
|-weather|none
|-heal|p1a: Umbreon|79/100 par|[from] move: Wish|[wisher] Umbreon
|-heal|p1a: Umbreon|85/100 par|[from] item: Leftovers
|upkeep
|turn|9
|
|t:|1779930025
|-end|p2a: Great Neck|Protosynthesis|[silent]
|switch|p2a: Ghoti carrier|Pelipper, F|86/100
|-weather|RainDance|[from] ability: Drizzle|[of] p2a: Ghoti carrier
|move|p1a: Umbreon|Toxic|p2a: Ghoti carrier
|-status|p2a: Ghoti carrier|tox
|
|-weather|RainDance|[upkeep]
|-heal|p1a: Umbreon|91/100 par|[from] item: Leftovers
|-damage|p2a: Ghoti carrier|80/100 tox|[from] psn
|upkeep
|turn|10
|
|t:|1779930030
|move|p2a: Ghoti carrier|U-turn|p1a: Umbreon
|-supereffective|p1a: Umbreon
|-damage|p1a: Umbreon|75/100 par
|
|t:|1779930034
|switch|p2a: ExSkewda Me|Barraskewda, F|100/100|[from] U-turn
|move|p1a: Umbreon|Wish|p1a: Umbreon
|
|-weather|RainDance|[upkeep]
|-heal|p1a: Umbreon|81/100 par|[from] item: Leftovers
|upkeep
|turn|11
|
|t:|1779930041
|move|p2a: ExSkewda Me|Liquidation|p1a: Umbreon
|-damage|p1a: Umbreon|15/100 par
|-unboost|p1a: Umbreon|def|1
|cant|p1a: Umbreon|par
|
|-weather|RainDance|[upkeep]
|-heal|p1a: Umbreon|65/100 par|[from] move: Wish|[wisher] Umbreon
|-heal|p1a: Umbreon|71/100 par|[from] item: Leftovers
|upkeep
|turn|12
|
|t:|1779930048
|move|p2a: ExSkewda Me|Liquidation|p1a: Umbreon
|-damage|p1a: Umbreon|0 fnt
|faint|p1a: Umbreon
|
|-weather|RainDance|[upkeep]
|upkeep
|
|t:|1779930050
|switch|p1a: Mimikyu|Mimikyu, M|100/100
|turn|13
|
|t:|1779930053
|move|p2a: ExSkewda Me|Flip Turn|p1a: Mimikyu
|-activate|p1a: Mimikyu|ability: Disguise
|-damage|p1a: Mimikyu|100/100
|detailschange|p1a: Mimikyu|Mimikyu-Busted, M
|-damage|p1a: Mimikyu|88/100|[from] pokemon: Mimikyu-Busted
|
|t:|1779930057
|switch|p2a: Spaghetti Too|Tentacruel, F|100/100|[from] Flip Turn
|move|p1a: Mimikyu|Bulk Up|p1a: Mimikyu
|-boost|p1a: Mimikyu|atk|1
|-boost|p1a: Mimikyu|def|1
|
|-weather|RainDance|[upkeep]
|upkeep
|turn|14
|
|t:|1779930065
|move|p1a: Mimikyu|Shadow Sneak|p2a: Spaghetti Too
|-damage|p2a: Spaghetti Too|54/100
|-damage|p1a: Mimikyu|78/100|[from] item: Life Orb
|move|p2a: Spaghetti Too|Flip Turn|p1a: Mimikyu
|-damage|p1a: Mimikyu|54/100
|
|t:|1779930071
|switch|p2a: ExSkewda Me|Barraskewda, F|100/100|[from] Flip Turn
|
|-weather|RainDance|[upkeep]
|upkeep
|turn|15
|
|t:|1779930077
|move|p2a: ExSkewda Me|Flip Turn|p1a: Mimikyu
|-damage|p1a: Mimikyu|0 fnt
|faint|p1a: Mimikyu
|
|t:|1779930083
|switch|p2a: Seaking Duck|Golduck, M|100/100|[from] Flip Turn
|
|-weather|RainDance|[upkeep]
|upkeep
|
|t:|1779930094
|switch|p1a: Kingambit|Kingambit, M|100/100
|-activate|p1a: Kingambit|ability: Supreme Overlord
|-start|p1a: Kingambit|fallen4|[silent]
|turn|16
|
|t:|1779930098
|move|p2a: Seaking Duck|Vacuum Wave|p1a: Kingambit
|-supereffective|p1a: Kingambit
|-damage|p1a: Kingambit|27/100
|-damage|p2a: Seaking Duck|91/100|[from] item: Life Orb
|move|p1a: Kingambit|Swords Dance|p1a: Kingambit
|-boost|p1a: Kingambit|atk|2
|
|-weather|none
|-heal|p1a: Kingambit|33/100|[from] item: Leftovers
|upkeep
|turn|17
|
|t:|1779930108
|move|p2a: Seaking Duck|Vacuum Wave|p1a: Kingambit
|-supereffective|p1a: Kingambit
|-damage|p1a: Kingambit|0 fnt
|faint|p1a: Kingambit
|-end|p1a: Kingambit|fallen4|[silent]
|-damage|p2a: Seaking Duck|81/100|[from] item: Life Orb
|
|upkeep
|
|t:|1779930113
|switch|p1a: Incineroar|Incineroar, F|100/100
|-ability|p1a: Incineroar|Intimidate|boost
|-unboost|p2a: Seaking Duck|atk|1
|turn|18
|
|t:|1779930116
|switch|p2a: Ghoti carrier|Pelipper, F|80/100 tox
|-weather|RainDance|[from] ability: Drizzle|[of] p2a: Ghoti carrier
|move|p1a: Incineroar|Fake Out|p2a: Ghoti carrier
|-damage|p2a: Ghoti carrier|72/100 tox
|
|-weather|RainDance|[upkeep]
|-damage|p2a: Ghoti carrier|66/100 tox|[from] psn
|upkeep
|turn|19
|
|t:|1779930120
|move|p1a: Incineroar|Darkest Lariat|p2a: Ghoti carrier
|-damage|p2a: Ghoti carrier|42/100 tox
|move|p2a: Ghoti carrier|Surf|p1a: Incineroar
|-supereffective|p1a: Incineroar
|-damage|p1a: Incineroar|47/100
|
|-weather|RainDance|[upkeep]
|-damage|p2a: Ghoti carrier|29/100 tox|[from] psn
|upkeep
|turn|20
|
|t:|1779930131
|move|p1a: Incineroar|Darkest Lariat|p2a: Ghoti carrier
|-damage|p2a: Ghoti carrier|6/100 tox
|move|p2a: Ghoti carrier|Surf|p1a: Incineroar
|-supereffective|p1a: Incineroar
|-damage|p1a: Incineroar|0 fnt
|faint|p1a: Incineroar
|
|win|He Hao Yi
|raw|Fervel10's rating: 1052 &rarr; <strong>1037</strong><br />(-15 for losing)
|raw|He Hao Yi's rating: 1106 &rarr; <strong>1127</strong><br />(+21 for winning)
