|j|☆ign29
|j|☆DarkG99
|t:|1779849788
|gametype|singles
|player|p1|ign29|palmer|1475
|player|p2|DarkG99|karen|1489
|gen|9
|tier|[Gen 9] OU
|rated|
|rule|HP Percentage Mod: HP is shown in percentages
|rule|Endless Battle Clause: Forcing endless battles is banned
|rule|Species Clause: Limit one of each Pokémon
|rule|OHKO Clause: OHKO moves are banned
|rule|Evasion Items Clause: Evasion items are banned
|rule|Evasion Moves Clause: Evasion moves are banned
|rule|Evasion Abilities Clause: Evasion abilities are banned
|rule|Sleep Moves Clause: Sleep-inducing moves are banned
|clearpoke
|poke|p1|Dragonite, F|
|poke|p1|Hatterene, F|
|poke|p1|Ninetales, F|
|poke|p1|Great Tusk|
|poke|p1|Walking Wake|
|poke|p1|Raging Bolt|
|poke|p2|Kommo-o, M|
|poke|p2|Sinistcha-Masterpiece|
|poke|p2|Ninetales-Alola, F|
|poke|p2|Heatran, M|
|poke|p2|Maushold-Four|
|poke|p2|Ogerpon-Wellspring, F|
|teampreview
|inactive|Battle timer is ON: inactive players will automatically lose when time's up. (requested by ign29)
|
|t:|1779849796
|teamsize|p1|6
|teamsize|p2|6
|start
|switch|p1a: Ninetales|Ninetales, F, shiny|100/100
|switch|p2a: Maushold|Maushold-Four|100/100
|-weather|SunnyDay|[from] ability: Drought|[of] p1a: Ninetales
|turn|1
|
|t:|1779849799
|move|p2a: Maushold|Switcheroo|p1a: Ninetales
|-activate|p2a: Maushold|move: Trick|[of] p1a: Ninetales
|-item|p1a: Ninetales|Choice Scarf|[from] move: Switcheroo
|-item|p2a: Maushold|Heat Rock|[from] move: Switcheroo
|move|p1a: Ninetales|Will-O-Wisp|p2a: Maushold
|-status|p2a: Maushold|brn
|
|-weather|SunnyDay|[upkeep]
|-damage|p2a: Maushold|94/100 brn|[from] brn
|upkeep
|turn|2
|
|t:|1779849812
|switch|p1a: Hatterene|Hatterene, F|100/100
|switch|p2a: Ninetales|Ninetales-Alola, F|100/100
|-weather|Snowscape|[from] ability: Snow Warning|[of] p2a: Ninetales
|
|-weather|Snowscape|[upkeep]
|upkeep
|turn|3
|
|t:|1779849817
|switch|p2a: Heatran|Heatran, M|100/100
|move|p1a: Hatterene|Psychic Noise|p2a: Heatran
|-resisted|p2a: Heatran
|-damage|p2a: Heatran|90/100
|-start|p2a: Heatran|move: Heal Block
|
|-weather|Snowscape|[upkeep]
|upkeep
|turn|4
|
|t:|1779849821
|switch|p1a: Great Tusk|Great Tusk|100/100
|move|p2a: Heatran|Magma Storm|p1a: Great Tusk
|-damage|p1a: Great Tusk|33/100
|-activate|p1a: Great Tusk|move: Magma Storm|[of] p2a: Heatran
|
|-weather|Snowscape|[upkeep]
|-damage|p1a: Great Tusk|20/100|[from] move: Magma Storm|[partiallytrapped]
|-end|p2a: Heatran|move: Heal Block
|upkeep
|turn|5
|
|t:|1779849829
|switch|p2a: Sinistcha|Sinistcha-Masterpiece|100/100
|move|p1a: Great Tusk|Headlong Rush|p2a: Sinistcha
|-resisted|p2a: Sinistcha
|-damage|p2a: Sinistcha|79/100
|-unboost|p1a: Great Tusk|def|1
|-unboost|p1a: Great Tusk|spd|1
|-damage|p1a: Great Tusk|4/100|[from] item: Rocky Helmet|[of] p2a: Sinistcha
|
|-weather|Snowscape|[upkeep]
|-end|p1a: Great Tusk|Magma Storm|[partiallytrapped]|[silent]
|upkeep
|turn|6
|
|t:|1779849839
|-end|p1a: Great Tusk|Protosynthesis|[silent]
|switch|p1a: Hatterene|Hatterene, F|100/100
|move|p2a: Sinistcha|Strength Sap|p1a: Hatterene
|move|p1a: Hatterene|Strength Sap|p2a: Sinistcha|[from] ability: Magic Bounce
|-unboost|p2a: Sinistcha|atk|1
|
|-weather|none
|upkeep
|turn|7
|
|t:|1779849851
|switch|p2a: Heatran|Heatran, M|90/100
|switch|p1a: Great Tusk|Great Tusk|4/100
|
|-heal|p2a: Heatran|96/100|[from] item: Leftovers
|upkeep
|turn|8
|
|t:|1779849863
|-end|p1a: Great Tusk|Protosynthesis|[silent]
|switch|p1a: Ninetales|Ninetales, F, shiny|100/100
|-weather|SunnyDay|[from] ability: Drought|[of] p1a: Ninetales
|move|p2a: Heatran|Earth Power|p1a: Ninetales
|-supereffective|p1a: Ninetales
|-damage|p1a: Ninetales|45/100
|
|-weather|SunnyDay|[upkeep]
|-heal|p2a: Heatran|100/100|[from] item: Leftovers
|upkeep
|turn|9
|
|t:|1779849879
|switch|p1a: Hatterene|Hatterene, F|100/100
|move|p2a: Heatran|Stealth Rock|p1a: Hatterene
|move|p1a: Hatterene|Stealth Rock|p2a: Heatran|[from] ability: Magic Bounce
|-sidestart|p2: DarkG99|move: Stealth Rock
|
|-weather|SunnyDay|[upkeep]
|upkeep
|turn|10
|
|t:|1779849884
|switch|p2a: Maushold|Maushold-Four|94/100 brn
|-damage|p2a: Maushold|82/100 brn|[from] Stealth Rock
|move|p1a: Hatterene|Psychic Noise|p2a: Maushold
|-damage|p2a: Maushold|33/100 brn
|-start|p2a: Maushold|move: Heal Block
|
|-weather|SunnyDay|[upkeep]
|-damage|p2a: Maushold|26/100 brn|[from] brn
|upkeep
|turn|11
|
|t:|1779849889
|move|p2a: Maushold|Tidy Up|p2a: Maushold
|-sideend|p2: DarkG99|Stealth Rock
|-activate|p2a: Maushold|move: Tidy Up
|-boost|p2a: Maushold|atk|1
|-boost|p2a: Maushold|spe|1
|move|p1a: Hatterene|Psychic Noise|p2a: Maushold
|-damage|p2a: Maushold|0 fnt
|faint|p2a: Maushold
|
|-weather|SunnyDay|[upkeep]
|upkeep
|
|t:|1779849891
|switch|p2a: Heatran|Heatran, M|100/100
|turn|12
|
|t:|1779849895
|move|p2a: Heatran|Magma Storm|p1a: Hatterene
|-damage|p1a: Hatterene|37/100
|-activate|p1a: Hatterene|move: Magma Storm|[of] p2a: Heatran
|-enditem|p1a: Hatterene|Eject Button
|
|t:|1779849898
|switch|p1a: Great Tusk|Great Tusk|4/100
|-activate|p1a: Great Tusk|ability: Protosynthesis
|-start|p1a: Great Tusk|protosynthesisatk
|
|-weather|none
|-end|p1a: Great Tusk|Protosynthesis
|upkeep
|turn|13
|
|t:|1779849908
|-end|p1a: Great Tusk|Protosynthesis|[silent]
|switch|p1a: Hatterene|Hatterene, F|37/100
|switch|p2a: Sinistcha|Sinistcha-Masterpiece|79/100
|
|upkeep
|turn|14
|
|t:|1779849911
|move|p2a: Sinistcha|Hex|p1a: Hatterene
|-supereffective|p1a: Hatterene
|-damage|p1a: Hatterene|0 fnt
|faint|p1a: Hatterene
|
|upkeep
|
|t:|1779849915
|switch|p1a: Ninetales|Ninetales, F, shiny|45/100
|-weather|SunnyDay|[from] ability: Drought|[of] p1a: Ninetales
|turn|15
|
|t:|1779849924
|switch|p1a: Walking Wake|Walking Wake|100/100
|-activate|p1a: Walking Wake|ability: Protosynthesis
|-start|p1a: Walking Wake|protosynthesisspe
|switch|p2a: Heatran|Heatran, M|100/100
|
|-weather|SunnyDay|[upkeep]
|upkeep
|turn|16
|
|t:|1779849932
|switch|p2a: Ninetales|Ninetales-Alola, F|100/100
|-weather|Snowscape|[from] ability: Snow Warning|[of] p2a: Ninetales
|-end|p1a: Walking Wake|Protosynthesis
|move|p1a: Walking Wake|Hydro Steam|p2a: Ninetales
|-damage|p2a: Ninetales|28/100
|
|-weather|Snowscape|[upkeep]
|upkeep
|turn|17
|
|t:|1779849940
|switch|p2a: Ogerpon|Ogerpon-Wellspring, F|100/100
|-end|p1a: Walking Wake|Protosynthesis|[silent]
|switch|p1a: Raging Bolt|Raging Bolt|100/100
|
|-weather|Snowscape|[upkeep]
|upkeep
|turn|18
|
|t:|1779849943
|switch|p2a: Heatran|Heatran, M|100/100
|move|p1a: Raging Bolt|Volt Switch|p2a: Heatran
|-damage|p2a: Heatran|69/100
|-damage|p1a: Raging Bolt|91/100|[from] item: Life Orb
|
|t:|1779849947
|-end|p1a: Raging Bolt|Protosynthesis|[silent]
|switch|p1a: Great Tusk|Great Tusk|4/100|[from] Volt Switch
|
|-weather|Snowscape|[upkeep]
|-heal|p2a: Heatran|75/100|[from] item: Leftovers
|upkeep
|turn|19
|
|t:|1779849953
|move|p1a: Great Tusk|Close Combat|p2a: Heatran
|-supereffective|p2a: Heatran
|-damage|p2a: Heatran|0 fnt
|-unboost|p1a: Great Tusk|def|1
|-unboost|p1a: Great Tusk|spd|1
|faint|p2a: Heatran
|
|-weather|Snowscape|[upkeep]
|upkeep
|
|t:|1779849960
|switch|p2a: Ogerpon|Ogerpon-Wellspring, F|100/100
|turn|20
|
|t:|1779849966
|-end|p1a: Great Tusk|Protosynthesis|[silent]
|switch|p1a: Raging Bolt|Raging Bolt|91/100
|move|p2a: Ogerpon|Ivy Cudgel|p1a: Raging Bolt|[anim] Ivy Cudgel Water
|-resisted|p1a: Raging Bolt
|-damage|p1a: Raging Bolt|65/100
|
|-weather|none
|upkeep
|turn|21
|
|t:|1779849970
|switch|p2a: Sinistcha|Sinistcha-Masterpiece|79/100
|move|p1a: Raging Bolt|Volt Switch|p2a: Sinistcha
|-resisted|p2a: Sinistcha
|-damage|p2a: Sinistcha|47/100
|-damage|p1a: Raging Bolt|55/100|[from] item: Life Orb
|
|t:|1779849977
|-end|p1a: Raging Bolt|Protosynthesis|[silent]
|switch|p1a: Ninetales|Ninetales, F, shiny|45/100|[from] Volt Switch
|-weather|SunnyDay|[from] ability: Drought|[of] p1a: Ninetales
|
|-weather|SunnyDay|[upkeep]
|upkeep
|turn|22
|
|t:|1779849984
|move|p1a: Ninetales|Overheat|p2a: Sinistcha
|-supereffective|p2a: Sinistcha
|-damage|p2a: Sinistcha|0 fnt
|-unboost|p1a: Ninetales|spa|2
|faint|p2a: Sinistcha
|
|-weather|SunnyDay|[upkeep]
|upkeep
|
|t:|1779849987
|switch|p2a: Ninetales|Ninetales-Alola, F|28/100
|-weather|Snowscape|[from] ability: Snow Warning|[of] p2a: Ninetales
|turn|23
|
|t:|1779849993
|switch|p1a: Great Tusk|Great Tusk|4/100
|move|p2a: Ninetales|Aurora Veil|p2a: Ninetales
|-sidestart|p2: DarkG99|move: Aurora Veil
|
|-weather|Snowscape|[upkeep]
|upkeep
|turn|24
|
|t:|1779849996
|move|p1a: Great Tusk|Head Smash|p2a: Ninetales|[miss]
|-miss|p1a: Great Tusk|p2a: Ninetales
|move|p2a: Ninetales|Moonblast|p1a: Great Tusk
|-supereffective|p1a: Great Tusk
|-damage|p1a: Great Tusk|0 fnt
|faint|p1a: Great Tusk
|-end|p1a: Great Tusk|Protosynthesis|[silent]
|
|-weather|Snowscape|[upkeep]
|upkeep
|
|t:|1779850002
|switch|p1a: Ninetales|Ninetales, F, shiny|45/100
|-weather|SunnyDay|[from] ability: Drought|[of] p1a: Ninetales
|turn|25
|
|t:|1779850018
|switch|p2a: Kommo-o|Kommo-o, M|100/100
|move|p1a: Ninetales|Will-O-Wisp|p2a: Kommo-o
|-status|p2a: Kommo-o|brn
|
|-weather|SunnyDay|[upkeep]
|-damage|p2a: Kommo-o|94/100 brn|[from] brn
|upkeep
|turn|26
|
|t:|1779850023
|switch|p1a: Walking Wake|Walking Wake|100/100
|-activate|p1a: Walking Wake|ability: Protosynthesis
|-start|p1a: Walking Wake|protosynthesisspe
|move|p2a: Kommo-o|Clangorous Soul|p2a: Kommo-o
|-boost|p2a: Kommo-o|atk|1
|-boost|p2a: Kommo-o|def|1
|-boost|p2a: Kommo-o|spa|1
|-boost|p2a: Kommo-o|spd|1
|-boost|p2a: Kommo-o|spe|1
|-damage|p2a: Kommo-o|61/100 brn
|
|-weather|SunnyDay|[upkeep]
|-damage|p2a: Kommo-o|55/100 brn|[from] brn
|upkeep
|turn|27
|
|t:|1779850031
|-terastallize|p2a: Kommo-o|Normal
|move|p1a: Walking Wake|Dragon Pulse|p2a: Kommo-o
|-damage|p2a: Kommo-o|26/100 brn
|-enditem|p2a: Kommo-o|Sitrus Berry|[eat]
|-heal|p2a: Kommo-o|51/100 brn|[from] item: Sitrus Berry
|move|p2a: Kommo-o|Boomburst|p1a: Walking Wake
|-damage|p1a: Walking Wake|0 fnt
|faint|p1a: Walking Wake
|-end|p1a: Walking Wake|Protosynthesis|[silent]
|
|-weather|SunnyDay|[upkeep]
|-damage|p2a: Kommo-o|45/100 brn|[from] brn
|upkeep
|
|t:|1779850043
|switch|p1a: Dragonite|Dragonite, F|100/100
|turn|28
|
|t:|1779850046
|move|p2a: Kommo-o|Boomburst|p1a: Dragonite
|-damage|p1a: Dragonite|56/100
|move|p1a: Dragonite|Scale Shot|p2a: Kommo-o
|-damage|p2a: Kommo-o|40/100 brn
|-damage|p2a: Kommo-o|35/100 brn
|-damage|p2a: Kommo-o|30/100 brn
|-damage|p2a: Kommo-o|26/100 brn
|-hitcount|p2a: Kommo-o|4
|-unboost|p1a: Dragonite|def|1
|-boost|p1a: Dragonite|spe|1
|
|-weather|SunnyDay|[upkeep]
|-damage|p2a: Kommo-o|19/100 brn|[from] brn
|upkeep
|turn|29
|
|t:|1779850055
|move|p2a: Kommo-o|Boomburst|p1a: Dragonite
|-damage|p1a: Dragonite|0 fnt
|faint|p1a: Dragonite
|
|-weather|none
|-damage|p2a: Kommo-o|13/100 brn|[from] brn
|upkeep
|
|t:|1779850064
|switch|p1a: Ninetales|Ninetales, F, shiny|45/100
|-weather|SunnyDay|[from] ability: Drought|[of] p1a: Ninetales
|turn|30
|
|t:|1779850072
|move|p1a: Ninetales|Healing Wish|p1a: Ninetales
|faint|p1a: Ninetales
|move|p2a: Kommo-o|Boomburst|p1: Ninetales|[notarget]
|-fail|p2a: Kommo-o
|
|-weather|SunnyDay|[upkeep]
|-damage|p2a: Kommo-o|7/100 brn|[from] brn
|-sideend|p2: DarkG99|move: Aurora Veil
|upkeep
|
|t:|1779850074
|switch|p1a: Raging Bolt|Raging Bolt|55/100
|-heal|p1a: Raging Bolt|100/100|[from] move: Healing Wish
|-activate|p1a: Raging Bolt|ability: Protosynthesis
|-start|p1a: Raging Bolt|protosynthesisspa
|turn|31
|
|t:|1779850086
|move|p1a: Raging Bolt|Thunderclap|p2a: Kommo-o
|-damage|p2a: Kommo-o|0 fnt
|faint|p2a: Kommo-o
|-damage|p1a: Raging Bolt|91/100|[from] item: Life Orb
|
|-weather|SunnyDay|[upkeep]
|upkeep
|
|t:|1779850094
|switch|p2a: Ogerpon|Ogerpon-Wellspring, F|100/100
|turn|32
|
|t:|1779850100
|move|p2a: Ogerpon|Encore|p1a: Raging Bolt
|-start|p1a: Raging Bolt|Encore
|move|p1a: Raging Bolt|Thunderclap||[still]
|-fail|p1a: Raging Bolt
|
|-weather|SunnyDay|[upkeep]
|upkeep
|turn|33
|
|t:|1779850104
|move|p1a: Raging Bolt|Thunderclap||[still]
|-fail|p1a: Raging Bolt
|move|p2a: Ogerpon|Swords Dance|p2a: Ogerpon
|-boost|p2a: Ogerpon|atk|2
|
|-weather|SunnyDay|[upkeep]
|upkeep
|turn|34
|
|t:|1779850107
|move|p1a: Raging Bolt|Thunderclap||[still]
|-fail|p1a: Raging Bolt
|move|p2a: Ogerpon|Swords Dance|p2a: Ogerpon
|-boost|p2a: Ogerpon|atk|2
|
|-weather|none
|-end|p1a: Raging Bolt|Protosynthesis
|-end|p1a: Raging Bolt|Encore
|upkeep
|turn|35
|
|t:|1779850113
|move|p1a: Raging Bolt|Thunderclap||[still]
|-fail|p1a: Raging Bolt
|move|p2a: Ogerpon|Encore|p1a: Raging Bolt
|-start|p1a: Raging Bolt|Encore
|
|upkeep
|turn|36
|
|t:|1779850118
|move|p1a: Raging Bolt|Thunderclap||[still]
|-fail|p1a: Raging Bolt
|move|p2a: Ogerpon|Swords Dance|p2a: Ogerpon
|-boost|p2a: Ogerpon|atk|2
|
|upkeep
|turn|37
|
|t:|1779850123
|move|p1a: Raging Bolt|Thunderclap||[still]
|-fail|p1a: Raging Bolt
|move|p2a: Ogerpon|Swords Dance|p2a: Ogerpon
|-boost|p2a: Ogerpon|atk|0
|
|upkeep
|turn|38
|
|t:|1779850128
|move|p1a: Raging Bolt|Thunderclap||[still]
|-fail|p1a: Raging Bolt
|move|p2a: Ogerpon|Swords Dance|p2a: Ogerpon
|-boost|p2a: Ogerpon|atk|0
|
|-end|p1a: Raging Bolt|Encore
|upkeep
|turn|39
|
|t:|1779850135
|move|p2a: Ogerpon|Ivy Cudgel|p1a: Raging Bolt|[anim] Ivy Cudgel Water
|-resisted|p1a: Raging Bolt
|-damage|p1a: Raging Bolt|0 fnt
|faint|p1a: Raging Bolt
|-end|p1a: Raging Bolt|Protosynthesis|[silent]
|
|win|DarkG99
|raw|ign29's rating: 1475 &rarr; <strong>1456</strong><br />(-19 for losing)
|raw|DarkG99's rating: 1489 &rarr; <strong>1508</strong><br />(+19 for winning)
|l|☆DarkG99
|player|p2|
|c|☆ign29|Luck
|l|☆ign29
|player|p1|
