|j|☆Lambaba
|j|☆hameed425
|t:|1779949262
|gametype|singles
|player|p1|Lambaba|hilbert-wonderlauncher|1378
|player|p2|hameed425|1|1390
|gen|9
|tier|[Gen 9] OU
|rated|
|rule|HP Percentage Mod: HP is shown in percentages
|rule|Endless Battle Clause: Forcing endless battles is banned
|rule|Species Clause: Limit one of each Pokémon
|rule|OHKO Clause: OHKO moves are banned
|rule|Evasion Items Clause: Evasion items are banned
|rule|Evasion Moves Clause: Evasion moves are banned
|rule|Evasion Abilities Clause: Evasion abilities are banned
|rule|Sleep Moves Clause: Sleep-inducing moves are banned
|clearpoke
|poke|p1|Zamazenta-*|
|poke|p1|Kingambit, M|
|poke|p1|Slowking-Galar, F|
|poke|p1|Primarina, M|
|poke|p1|Great Tusk|
|poke|p1|Zapdos|
|poke|p2|Tyranitar, M|
|poke|p2|Excadrill, M|
|poke|p2|Gastrodon, M|
|poke|p2|Garganacl, F|
|poke|p2|Rillaboom, M|
|poke|p2|Dragonite, F|
|teampreview
|inactive|Battle timer is ON: inactive players will automatically lose when time's up. (requested by Lambaba)
|
|t:|1779949301
|teamsize|p1|6
|teamsize|p2|6
|start
|switch|p1a: Zamazenta|Zamazenta|100/100
|switch|p2a: Tyranitar|Tyranitar, M|100/100
|-ability|p1a: Zamazenta|Dauntless Shield|boost
|-boost|p1a: Zamazenta|def|1
|-weather|Sandstorm|[from] ability: Sand Stream|[of] p2a: Tyranitar
|turn|1
|
|t:|1779949307
|switch|p2a: Rillaboom|Rillaboom, M|100/100
|-fieldstart|move: Grassy Terrain|[from] ability: Grassy Surge|[of] p2a: Rillaboom
|move|p1a: Zamazenta|Close Combat|p2a: Rillaboom
|-damage|p2a: Rillaboom|46/100
|-unboost|p1a: Zamazenta|def|1
|-unboost|p1a: Zamazenta|spd|1
|
|-weather|Sandstorm|[upkeep]
|-damage|p1a: Zamazenta|94/100|[from] Sandstorm
|-damage|p2a: Rillaboom|39/100|[from] Sandstorm
|-heal|p1a: Zamazenta|100/100|[from] Grassy Terrain
|-heal|p2a: Rillaboom|46/100|[from] Grassy Terrain
|-heal|p2a: Rillaboom|52/100|[from] item: Leftovers
|upkeep
|turn|2
|
|t:|1779949315
|move|p1a: Zamazenta|Close Combat|p2a: Rillaboom
|-damage|p2a: Rillaboom|0 fnt
|-unboost|p1a: Zamazenta|def|1
|-unboost|p1a: Zamazenta|spd|1
|faint|p2a: Rillaboom
|
|-weather|Sandstorm|[upkeep]
|-damage|p1a: Zamazenta|94/100|[from] Sandstorm
|-heal|p1a: Zamazenta|100/100|[from] Grassy Terrain
|upkeep
|
|t:|1779949322
|switch|p2a: Gastrodon|Gastrodon, M|100/100
|turn|3
|
|t:|1779949331
|switch|p1a: Primarina|Primarina, M|100/100
|move|p2a: Gastrodon|Surf|p1a: Primarina
|-resisted|p1a: Primarina
|-damage|p1a: Primarina|80/100
|-damage|p2a: Gastrodon|91/100|[from] item: Life Orb
|
|-weather|Sandstorm|[upkeep]
|-damage|p1a: Primarina|74/100|[from] Sandstorm
|-heal|p1a: Primarina|80/100|[from] Grassy Terrain
|-heal|p1a: Primarina|86/100|[from] item: Leftovers
|-heal|p2a: Gastrodon|97/100|[from] Grassy Terrain
|upkeep
|turn|4
|
|t:|1779949339
|move|p1a: Primarina|Substitute|p1a: Primarina
|-start|p1a: Primarina|Substitute
|-damage|p1a: Primarina|61/100
|move|p2a: Gastrodon|Earth Power|p1a: Primarina
|-crit|p1a: Primarina
|-end|p1a: Primarina|Substitute
|-damage|p2a: Gastrodon|87/100|[from] item: Life Orb
|
|-weather|Sandstorm|[upkeep]
|-damage|p1a: Primarina|55/100|[from] Sandstorm
|-heal|p1a: Primarina|61/100|[from] Grassy Terrain
|-heal|p1a: Primarina|67/100|[from] item: Leftovers
|-heal|p2a: Gastrodon|93/100|[from] Grassy Terrain
|upkeep
|turn|5
|
|t:|1779949345
|move|p1a: Primarina|Calm Mind|p1a: Primarina
|-boost|p1a: Primarina|spa|1
|-boost|p1a: Primarina|spd|1
|move|p2a: Gastrodon|Earth Power|p1a: Primarina
|-damage|p1a: Primarina|26/100
|-damage|p2a: Gastrodon|83/100|[from] item: Life Orb
|
|-weather|Sandstorm|[upkeep]
|-damage|p1a: Primarina|20/100|[from] Sandstorm
|-heal|p1a: Primarina|26/100|[from] Grassy Terrain
|-heal|p1a: Primarina|32/100|[from] item: Leftovers
|-heal|p2a: Gastrodon|89/100|[from] Grassy Terrain
|-fieldend|move: Grassy Terrain
|upkeep
|turn|6
|
|t:|1779949350
|move|p1a: Primarina|Draining Kiss|p2a: Gastrodon
|-damage|p2a: Gastrodon|61/100
|-heal|p1a: Primarina|57/100|[from] drain|[of] p2a: Gastrodon
|move|p2a: Gastrodon|Earth Power|p1a: Primarina
|-damage|p1a: Primarina|19/100
|-unboost|p1a: Primarina|spd|1
|-damage|p2a: Gastrodon|51/100|[from] item: Life Orb
|
|-weather|Sandstorm|[upkeep]
|-damage|p1a: Primarina|13/100|[from] Sandstorm
|-heal|p1a: Primarina|19/100|[from] item: Leftovers
|upkeep
|turn|7
|
|t:|1779949357
|move|p1a: Primarina|Draining Kiss|p2a: Gastrodon
|-damage|p2a: Gastrodon|21/100
|-heal|p1a: Primarina|45/100|[from] drain|[of] p2a: Gastrodon
|move|p2a: Gastrodon|Earth Power|p1a: Primarina
|-damage|p1a: Primarina|0 fnt
|faint|p1a: Primarina
|-damage|p2a: Gastrodon|12/100|[from] item: Life Orb
|
|-weather|Sandstorm|[upkeep]
|upkeep
|
|t:|1779949363
|switch|p1a: Zapdos|Zapdos|100/100
|turn|8
|
|t:|1779949371
|switch|p2a: Tyranitar|Tyranitar, M|100/100
|move|p1a: Zapdos|U-turn|p2a: Tyranitar
|-supereffective|p2a: Tyranitar
|-damage|p2a: Tyranitar|79/100
|
|t:|1779949376
|switch|p1a: Zamazenta|Zamazenta|100/100|[from] U-turn
|
|-weather|none
|upkeep
|turn|9
|
|t:|1779949384
|switch|p2a: Gastrodon|Gastrodon, M|12/100
|move|p1a: Zamazenta|Ice Fang|p2a: Gastrodon
|-damage|p2a: Gastrodon|0 fnt
|faint|p2a: Gastrodon
|
|upkeep
|
|t:|1779949387
|switch|p2a: Garganacl|Garganacl, F|100/100
|turn|10
|
|t:|1779949393
|switch|p1a: Great Tusk|Great Tusk|100/100
|-terastallize|p2a: Garganacl|Ghost
|move|p2a: Garganacl|Iron Defense|p2a: Garganacl
|-boost|p2a: Garganacl|def|2
|
|upkeep
|turn|11
|
|t:|1779949399
|move|p1a: Great Tusk|Knock Off|p2a: Garganacl
|-supereffective|p2a: Garganacl
|-damage|p2a: Garganacl|80/100
|-enditem|p2a: Garganacl|Leftovers|[from] move: Knock Off|[of] p1a: Great Tusk
|move|p2a: Garganacl|Salt Cure|p1a: Great Tusk
|-resisted|p1a: Great Tusk
|-damage|p1a: Great Tusk|99/100
|-start|p1a: Great Tusk|Salt Cure
|
|-heal|p1a: Great Tusk|100/100|[from] item: Leftovers
|-damage|p1a: Great Tusk|88/100|[from] Salt Cure
|upkeep
|turn|12
|
|t:|1779949403
|move|p1a: Great Tusk|Stealth Rock|p2a: Garganacl
|-sidestart|p2: hameed425|move: Stealth Rock
|move|p2a: Garganacl|Salt Cure|p1a: Great Tusk
|-resisted|p1a: Great Tusk
|-damage|p1a: Great Tusk|86/100
|
|-heal|p1a: Great Tusk|93/100|[from] item: Leftovers
|-damage|p1a: Great Tusk|80/100|[from] Salt Cure
|upkeep
|turn|13
|
|t:|1779949406
|-end|p1a: Great Tusk|Protosynthesis|[silent]
|switch|p1a: Slowking|Slowking-Galar, F|100/100
|move|p2a: Garganacl|Salt Cure|p1a: Slowking
|-damage|p1a: Slowking|86/100
|-start|p1a: Slowking|Salt Cure
|
|-damage|p1a: Slowking|74/100|[from] Salt Cure
|upkeep
|turn|14
|
|t:|1779949409
|move|p2a: Garganacl|Iron Defense|p2a: Garganacl
|-boost|p2a: Garganacl|def|2
|move|p1a: Slowking|Future Sight|p2a: Garganacl
|-start|p1a: Slowking|move: Future Sight
|
|-damage|p1a: Slowking|61/100|[from] Salt Cure
|upkeep
|turn|15
|
|t:|1779949417
|move|p2a: Garganacl|Salt Cure|p1a: Slowking
|-damage|p1a: Slowking|47/100
|-prepare|p1a: Slowking|Chilly Reception|[premajor]
|move|p1a: Slowking|Chilly Reception|p1a: Slowking
|-weather|Snowscape
|
|t:|1779949424
|switch|p1a: Kingambit|Kingambit, M|100/100|[from] Chilly Reception
|-activate|p1a: Kingambit|ability: Supreme Overlord
|-start|p1a: Kingambit|fallen1|[silent]
|
|-weather|Snowscape|[upkeep]
|upkeep
|turn|16
|
|t:|1779949428
|move|p1a: Kingambit|Kowtow Cleave|p2a: Garganacl
|-supereffective|p2a: Garganacl
|-damage|p2a: Garganacl|53/100
|move|p2a: Garganacl|Body Press|p1a: Kingambit
|-supereffective|p1a: Kingambit
|-damage|p1a: Kingambit|0 fnt
|faint|p1a: Kingambit
|-end|p1a: Kingambit|fallen1|[silent]
|
|-weather|Snowscape|[upkeep]
|-end|p2a: Garganacl|move: Future Sight
|-damage|p2a: Garganacl|24/100
|upkeep
|
|t:|1779949438
|switch|p1a: Zamazenta|Zamazenta|100/100
|turn|17
|
|t:|1779949442
|move|p1a: Zamazenta|Crunch|p2a: Garganacl
|-supereffective|p2a: Garganacl
|-damage|p2a: Garganacl|5/100
|-unboost|p2a: Garganacl|def|1
|move|p2a: Garganacl|Recover|p2a: Garganacl
|-heal|p2a: Garganacl|56/100
|
|-weather|Snowscape|[upkeep]
|upkeep
|turn|18
|
|t:|1779949448
|switch|p1a: Slowking|Slowking-Galar, F|80/100
|move|p2a: Garganacl|Recover|p2a: Garganacl
|-heal|p2a: Garganacl|100/100
|
|-weather|Snowscape|[upkeep]
|upkeep
|turn|19
|
|t:|1779949451
|move|p2a: Garganacl|Salt Cure|p1a: Slowking
|-damage|p1a: Slowking|66/100
|-start|p1a: Slowking|Salt Cure
|move|p1a: Slowking|Future Sight|p2a: Garganacl
|-start|p1a: Slowking|move: Future Sight
|
|-weather|none
|-damage|p1a: Slowking|54/100|[from] Salt Cure
|upkeep
|turn|20
|
|t:|1779949456
|move|p2a: Garganacl|Body Press|p1a: Slowking
|-resisted|p1a: Slowking
|-damage|p1a: Slowking|39/100
|move|p1a: Slowking|Ice Beam|p2a: Garganacl
|-damage|p2a: Garganacl|87/100
|
|-damage|p1a: Slowking|26/100|[from] Salt Cure
|upkeep
|turn|21
|-message|Lambaba forfeited.
|
|win|hameed425
|raw|Lambaba's rating: 1378 &rarr; <strong>1358</strong><br />(-20 for losing)
|raw|hameed425's rating: 1371 &rarr; <strong>1391</strong><br />(+20 for winning)
|l|☆Lambaba
|player|p1|
|l|☆hameed425
|player|p2|
