|j|☆leesley
|j|☆Muy bc kill
|t:|1779947163
|gametype|singles
|player|p1|leesley|miku-ground|1104
|player|p2|Muy bc kill|lass-gen4dp|1170
|gen|9
|tier|[Gen 9] OU
|rated|
|rule|HP Percentage Mod: HP is shown in percentages
|rule|Endless Battle Clause: Forcing endless battles is banned
|rule|Species Clause: Limit one of each Pokémon
|rule|OHKO Clause: OHKO moves are banned
|rule|Evasion Items Clause: Evasion items are banned
|rule|Evasion Moves Clause: Evasion moves are banned
|rule|Evasion Abilities Clause: Evasion abilities are banned
|rule|Sleep Moves Clause: Sleep-inducing moves are banned
|clearpoke
|poke|p1|Tinkaton, F|
|poke|p1|Gholdengo|
|poke|p1|Dragonite, F|
|poke|p1|Great Tusk|
|poke|p1|Meowscarada, F|
|poke|p1|Alomomola, F|
|poke|p2|Araquanid, F|
|poke|p2|Honchkrow, M|
|poke|p2|Great Tusk|
|poke|p2|Dragonite, M|
|poke|p2|Glimmora, M|
|poke|p2|Gholdengo|
|teampreview
|inactive|Battle timer is ON: inactive players will automatically lose when time's up. (requested by Muy bc kill)
|
|t:|1779947173
|teamsize|p1|6
|teamsize|p2|6
|start
|switch|p1a: Tinkaton|Tinkaton, F, shiny|100/100
|switch|p2a: Quanidriana|Araquanid, F|100/100
|-ability|p1a: Tinkaton|Mold Breaker
|turn|1
|
|t:|1779947181
|move|p1a: Tinkaton|Gigaton Hammer|p2a: Quanidriana
|-resisted|p2a: Quanidriana
|-damage|p2a: Quanidriana|80/100
|move|p2a: Quanidriana|Sticky Web|p1a: Tinkaton
|-sidestart|p1: leesley|move: Sticky Web
|
|upkeep
|turn|2
|
|t:|1779947185
|move|p1a: Tinkaton|Encore|p2a: Quanidriana
|-start|p2a: Quanidriana|Encore
|move|p2a: Quanidriana|Sticky Web||[still]
|-fail|p2a: Quanidriana
|
|upkeep
|turn|3
|
|t:|1779947189
|move|p1a: Tinkaton|Thunder Wave|p2a: Quanidriana
|-status|p2a: Quanidriana|par
|move|p2a: Quanidriana|Sticky Web||[still]
|-fail|p2a: Quanidriana
|
|upkeep
|turn|4
|
|t:|1779947192
|move|p1a: Tinkaton|Knock Off|p2a: Quanidriana
|-damage|p2a: Quanidriana|60/100 par
|-enditem|p2a: Quanidriana|Custap Berry|[from] move: Knock Off|[of] p1a: Tinkaton
|move|p2a: Quanidriana|Sticky Web||[still]
|-fail|p2a: Quanidriana
|
|-end|p2a: Quanidriana|Encore
|upkeep
|turn|5
|
|t:|1779947199
|switch|p2a: Hesh Rocksspin|Great Tusk|100/100
|-enditem|p2a: Hesh Rocksspin|Booster Energy
|-activate|p2a: Hesh Rocksspin|ability: Protosynthesis|[fromitem]
|-start|p2a: Hesh Rocksspin|protosynthesisatk
|move|p1a: Tinkaton|Encore||[still]
|-fail|p1a: Tinkaton
|
|upkeep
|turn|6
|
|t:|1779947213
|switch|p1a: Gholdengo|Gholdengo|100/100
|-item|p1a: Gholdengo|Air Balloon
|move|p2a: Hesh Rocksspin|Ice Spinner|p1a: Gholdengo
|-resisted|p1a: Gholdengo
|-crit|p1a: Gholdengo
|-damage|p1a: Gholdengo|72/100
|-enditem|p1a: Gholdengo|Air Balloon
|
|upkeep
|turn|7
|
|t:|1779947227
|switch|p1a: Great Tusk|Great Tusk|100/100
|move|p2a: Hesh Rocksspin|Headlong Rush|p1a: Great Tusk
|-damage|p1a: Great Tusk|41/100
|-unboost|p2a: Hesh Rocksspin|def|1
|-unboost|p2a: Hesh Rocksspin|spd|1
|
|upkeep
|turn|8
|
|t:|1779947235
|move|p1a: Great Tusk|Ice Spinner|p2a: Hesh Rocksspin
|-supereffective|p2a: Hesh Rocksspin
|-damage|p2a: Hesh Rocksspin|44/100
|move|p2a: Hesh Rocksspin|Ice Spinner|p1a: Great Tusk
|-supereffective|p1a: Great Tusk
|-damage|p1a: Great Tusk|0 fnt
|faint|p1a: Great Tusk
|-end|p1a: Great Tusk|Protosynthesis|[silent]
|
|upkeep
|
|t:|1779947244
|switch|p1a: Meowscarada|Meowscarada, F|100/100
|turn|9
|
|t:|1779947248
|-end|p2a: Hesh Rocksspin|Protosynthesis|[silent]
|switch|p2a: Quanidriana|Araquanid, F|60/100 par
|move|p1a: Meowscarada|Flower Trick|p2a: Quanidriana
|-start|p1a: Meowscarada|typechange|Grass|[from] ability: Protean
|-crit|p2a: Quanidriana
|-damage|p2a: Quanidriana|6/100 par
|
|upkeep
|turn|10
|
|t:|1779947256
|move|p1a: Meowscarada|Knock Off|p2a: Quanidriana
|-damage|p2a: Quanidriana|0 fnt
|faint|p2a: Quanidriana
|
|upkeep
|
|t:|1779947259
|switch|p2a: Furio Glimunta|Glimmora, M|100/100
|turn|11
|
|t:|1779947262
|move|p1a: Meowscarada|Flower Trick|p2a: Furio Glimunta
|-crit|p2a: Furio Glimunta
|-damage|p2a: Furio Glimunta|40/100
|-activate|p2a: Furio Glimunta|ability: Toxic Debris
|-sidestart|p1: leesley|move: Toxic Spikes
|move|p2a: Furio Glimunta|Sludge Wave|p1a: Meowscarada
|-supereffective|p1a: Meowscarada
|-damage|p1a: Meowscarada|0 fnt
|faint|p1a: Meowscarada
|
|upkeep
|
|t:|1779947266
|switch|p1a: Tinkaton|Tinkaton, F, shiny|100/100
|-activate|p1a: Tinkaton|move: Sticky Web
|-unboost|p1a: Tinkaton|spe|1
|-ability|p1a: Tinkaton|Mold Breaker
|turn|12
|
|t:|1779947272
|switch|p2a: Hesh Rocksspin|Great Tusk|44/100
|move|p1a: Tinkaton|Gigaton Hammer|p2a: Hesh Rocksspin
|-damage|p2a: Hesh Rocksspin|11/100
|
|upkeep
|turn|13
|
|t:|1779947282
|-terastallize|p1a: Tinkaton|Flying
|move|p2a: Hesh Rocksspin|Headlong Rush|p1a: Tinkaton
|-immune|p1a: Tinkaton
|move|p1a: Tinkaton|Knock Off|p2a: Hesh Rocksspin
|-resisted|p2a: Hesh Rocksspin
|-damage|p2a: Hesh Rocksspin|7/100
|
|upkeep
|turn|14
|
|t:|1779947287
|move|p2a: Hesh Rocksspin|Ice Spinner|p1a: Tinkaton
|-supereffective|p1a: Tinkaton
|-damage|p1a: Tinkaton|56/100
|move|p1a: Tinkaton|Gigaton Hammer|p2a: Hesh Rocksspin
|-damage|p2a: Hesh Rocksspin|0 fnt
|faint|p2a: Hesh Rocksspin
|-end|p2a: Hesh Rocksspin|Protosynthesis|[silent]
|
|upkeep
|
|t:|1779947290
|switch|p2a: Furio Glimunta|Glimmora, M|40/100
|turn|15
|
|t:|1779947302
|switch|p1a: Alomomola|Alomomola, F|100/100
|move|p2a: Furio Glimunta|Meteor Beam||[still]
|-prepare|p2a: Furio Glimunta|Meteor Beam
|-boost|p2a: Furio Glimunta|spa|1
|-enditem|p2a: Furio Glimunta|Power Herb
|-anim|p2a: Furio Glimunta|Meteor Beam|p1a: Alomomola
|-damage|p1a: Alomomola|0 fnt
|faint|p1a: Alomomola
|
|upkeep
|
|t:|1779947311
|switch|p1a: Tinkaton|Tinkaton, F, shiny, tera:Flying|56/100
|-ability|p1a: Tinkaton|Mold Breaker
|turn|16
|
|t:|1779947314
|move|p2a: Furio Glimunta|Sludge Wave|p1a: Tinkaton
|-damage|p1a: Tinkaton|1/100
|move|p1a: Tinkaton|Gigaton Hammer|p2a: Furio Glimunta
|-supereffective|p2a: Furio Glimunta
|-damage|p2a: Furio Glimunta|0 fnt
|-activate|p2a: Furio Glimunta|ability: Toxic Debris
|-sidestart|p1: leesley|move: Toxic Spikes
|faint|p2a: Furio Glimunta
|
|upkeep
|
|t:|1779947318
|switch|p2a: Tony Soprankrow|Honchkrow, M|100/100
|turn|17
|
|t:|1779947326
|move|p2a: Tony Soprankrow|Brave Bird|p1a: Tinkaton
|-damage|p1a: Tinkaton|0 fnt
|faint|p1a: Tinkaton
|-ability|p2a: Tony Soprankrow|Moxie|boost
|-boost|p2a: Tony Soprankrow|atk|1
|-damage|p2a: Tony Soprankrow|99/100|[from] Recoil
|-damage|p2a: Tony Soprankrow|90/100|[from] item: Life Orb
|
|upkeep
|
|t:|1779947335
|switch|p1a: Dragonite|Dragonite, F|100/100
|turn|18
|
|t:|1779947337
|move|p1a: Dragonite|Dragon Dance|p1a: Dragonite
|-boost|p1a: Dragonite|atk|1
|-boost|p1a: Dragonite|spe|1
|move|p2a: Tony Soprankrow|Lash Out|p1a: Dragonite
|-damage|p1a: Dragonite|61/100
|-damage|p2a: Tony Soprankrow|80/100|[from] item: Life Orb
|
|upkeep
|turn|19
|
|t:|1779947343
|move|p2a: Tony Soprankrow|Sucker Punch||[still]
|-fail|p2a: Tony Soprankrow
|move|p1a: Dragonite|Dragon Dance|p1a: Dragonite
|-boost|p1a: Dragonite|atk|1
|-boost|p1a: Dragonite|spe|1
|
|upkeep
|turn|20
|
|t:|1779947347
|move|p1a: Dragonite|Dragon Dance|p1a: Dragonite
|-boost|p1a: Dragonite|atk|1
|-boost|p1a: Dragonite|spe|1
|move|p2a: Tony Soprankrow|Brave Bird|p1a: Dragonite
|-damage|p1a: Dragonite|0 fnt
|faint|p1a: Dragonite
|-ability|p2a: Tony Soprankrow|Moxie|boost
|-boost|p2a: Tony Soprankrow|atk|1
|-damage|p2a: Tony Soprankrow|61/100|[from] Recoil
|-damage|p2a: Tony Soprankrow|52/100|[from] item: Life Orb
|
|upkeep
|
|t:|1779947354
|switch|p1a: Gholdengo|Gholdengo|72/100
|-activate|p1a: Gholdengo|move: Sticky Web
|-unboost|p1a: Gholdengo|spe|1
|turn|21
|
|t:|1779947357
|move|p2a: Tony Soprankrow|Lash Out|p1a: Gholdengo
|-supereffective|p1a: Gholdengo
|-damage|p1a: Gholdengo|0 fnt
|faint|p1a: Gholdengo
|-damage|p2a: Tony Soprankrow|42/100|[from] item: Life Orb
|
|win|Muy bc kill
|raw|leesley's rating: 1104 &rarr; <strong>1084</strong><br />(-20 for losing)
|raw|Muy bc kill's rating: 1170 &rarr; <strong>1190</strong><br />(+20 for winning)
|l|☆leesley
|player|p1|
|l|☆Muy bc kill
|player|p2|
