|j|☆chrovalis
|j|☆rollinghard8s
|t:|1779845845
|gametype|singles
|player|p1|chrovalis|ethan|1094
|player|p2|rollinghard8s|101|1131
|gen|9
|tier|[Gen 9] OU
|rated|
|rule|HP Percentage Mod: HP is shown in percentages
|rule|Endless Battle Clause: Forcing endless battles is banned
|rule|Species Clause: Limit one of each Pokémon
|rule|OHKO Clause: OHKO moves are banned
|rule|Evasion Items Clause: Evasion items are banned
|rule|Evasion Moves Clause: Evasion moves are banned
|rule|Evasion Abilities Clause: Evasion abilities are banned
|rule|Sleep Moves Clause: Sleep-inducing moves are banned
|clearpoke
|poke|p1|Arcanine, M|
|poke|p1|Decidueye, M|
|poke|p1|Mudsdale, F|
|poke|p1|Empoleon, M|
|poke|p1|Vikavolt, M|
|poke|p1|Umbreon, F|
|poke|p2|Donphan, F|
|poke|p2|Dragonite, F|
|poke|p2|Serperior, F|
|poke|p2|Ceruledge, F|
|poke|p2|Moltres-Galar|
|poke|p2|Gliscor, F|
|teampreview
|inactive|Battle timer is ON: inactive players will automatically lose when time's up. (requested by chrovalis)
|
|t:|1779845849
|teamsize|p1|6
|teamsize|p2|6
|start
|switch|p1a: Vikavolt|Vikavolt, M|100/100
|switch|p2a: Donphan|Donphan, F|100/100
|turn|1
|
|t:|1779845856
|move|p1a: Vikavolt|Energy Ball|p2a: Donphan
|-supereffective|p2a: Donphan
|-damage|p2a: Donphan|7/100
|move|p2a: Donphan|Stealth Rock|p1a: Vikavolt
|-sidestart|p1: chrovalis|move: Stealth Rock
|
|upkeep
|turn|2
|
|t:|1779845863
|move|p2a: Donphan|Ice Shard|p1a: Vikavolt
|-damage|p1a: Vikavolt|84/100
|move|p1a: Vikavolt|Energy Ball|p2a: Donphan
|-supereffective|p2a: Donphan
|-damage|p2a: Donphan|0 fnt
|faint|p2a: Donphan
|
|upkeep
|
|t:|1779845869
|switch|p2a: Gliscor|Gliscor, F, shiny|100/100
|turn|3
|
|t:|1779845874
|move|p2a: Gliscor|Fire Fang|p1a: Vikavolt
|-supereffective|p1a: Vikavolt
|-damage|p1a: Vikavolt|31/100
|move|p1a: Vikavolt|Sticky Web|p2a: Gliscor
|-sidestart|p2: rollinghard8s|move: Sticky Web
|
|-status|p2a: Gliscor|tox|[from] item: Toxic Orb
|upkeep
|turn|4
|
|t:|1779845888
|switch|p1a: Empoleon|Empoleon, M|100/100
|-damage|p1a: Empoleon|94/100|[from] Stealth Rock
|move|p2a: Gliscor|Crabhammer|p1a: Empoleon|[miss]
|-miss|p2a: Gliscor|p1a: Empoleon
|
|-heal|p1a: Empoleon|100/100|[from] item: Leftovers
|upkeep
|turn|5
|
|t:|1779845897
|switch|p2a: Serperior|Serperior, F|100/100
|-activate|p2a: Serperior|move: Sticky Web
|-boost|p2a: Serperior|spe|1
|-terastallize|p1a: Empoleon|Flying
|move|p1a: Empoleon|Ice Beam|p2a: Serperior
|-supereffective|p2a: Serperior
|-damage|p2a: Serperior|26/100
|
|upkeep
|turn|6
|
|t:|1779845910
|move|p2a: Serperior|Dragon Pulse|p1a: Empoleon
|-damage|p1a: Empoleon|80/100
|move|p1a: Empoleon|Ice Beam|p2a: Serperior
|-supereffective|p2a: Serperior
|-damage|p2a: Serperior|0 fnt
|faint|p2a: Serperior
|
|-heal|p1a: Empoleon|86/100|[from] item: Leftovers
|upkeep
|
|t:|1779845914
|switch|p2a: Dragonite|Dragonite, F|100/100
|turn|7
|
|t:|1779845922
|-terastallize|p2a: Dragonite|Steel
|move|p2a: Dragonite|Thunder Punch|p1a: Empoleon
|-supereffective|p1a: Empoleon
|-damage|p1a: Empoleon|34/100
|move|p1a: Empoleon|Ice Beam|p2a: Dragonite
|-resisted|p2a: Dragonite
|-damage|p2a: Dragonite|93/100
|
|-heal|p1a: Empoleon|41/100|[from] item: Leftovers
|upkeep
|turn|8
|
|t:|1779845931
|switch|p1a: Mudsdale|Mudsdale, F|100/100
|-damage|p1a: Mudsdale|94/100|[from] Stealth Rock
|move|p2a: Dragonite|Thunder Punch|p1a: Mudsdale
|-immune|p1a: Mudsdale
|
|-heal|p1a: Mudsdale|100/100|[from] item: Leftovers
|upkeep
|turn|9
|
|t:|1779845938
|switch|p2a: Moltres|Moltres-Galar, shiny|100/100
|move|p1a: Mudsdale|Stealth Rock|p2a: Moltres
|-sidestart|p2: rollinghard8s|move: Stealth Rock
|
|upkeep
|turn|10
|
|t:|1779845950
|move|p2a: Moltres|Fiery Wrath|p1a: Mudsdale
|-damage|p1a: Mudsdale|61/100
|-ability|p1a: Mudsdale|Stamina|boost
|-boost|p1a: Mudsdale|def|1
|move|p1a: Mudsdale|Body Press|p2a: Moltres
|-damage|p2a: Moltres|63/100
|
|-heal|p1a: Mudsdale|67/100|[from] item: Leftovers
|upkeep
|turn|11
|-activate|p2a: Moltres|item: Quick Claw
|
|t:|1779845960
|move|p2a: Moltres|Fiery Wrath|p1a: Mudsdale
|-damage|p1a: Mudsdale|23/100
|-ability|p1a: Mudsdale|Stamina|boost
|-boost|p1a: Mudsdale|def|1
|cant|p1a: Mudsdale|flinch
|
|-heal|p1a: Mudsdale|29/100|[from] item: Leftovers
|upkeep
|turn|12
|
|t:|1779845971
|switch|p1a: Umbreon|Umbreon, F|100/100
|-damage|p1a: Umbreon|88/100|[from] Stealth Rock
|move|p2a: Moltres|Fiery Wrath|p1a: Umbreon
|-resisted|p1a: Umbreon
|-damage|p1a: Umbreon|77/100
|
|-heal|p1a: Umbreon|83/100|[from] item: Leftovers
|upkeep
|turn|13
|inactive|rollinghard8s has 120 seconds left.
|-activate|p2a: Moltres|item: Quick Claw
|
|t:|1779846002
|move|p2a: Moltres|Air Slash|p1a: Umbreon
|-damage|p1a: Umbreon|63/100
|move|p1a: Umbreon|Wish|p1a: Umbreon
|
|-heal|p1a: Umbreon|69/100|[from] item: Leftovers
|upkeep
|turn|14
|inactive|rollinghard8s has 120 seconds left.
|
|t:|1779846021
|move|p2a: Moltres|Air Slash|p1a: Umbreon
|-damage|p1a: Umbreon|50/100
|move|p1a: Umbreon|Snarl|p2a: Moltres
|-resisted|p2a: Moltres
|-damage|p2a: Moltres|58/100
|-unboost|p2a: Moltres|spa|1
|
|-heal|p1a: Umbreon|99/100|[from] move: Wish|[wisher] Umbreon
|-heal|p1a: Umbreon|100/100|[from] item: Leftovers
|upkeep
|turn|15
|-message|rollinghard8s forfeited.
|
|win|chrovalis
|raw|chrovalis's rating: 1094 &rarr; <strong>1123</strong><br />(+29 for winning)
|raw|rollinghard8s's rating: 1131 &rarr; <strong>1103</strong><br />(-28 for losing)
|l|☆rollinghard8s
|player|p2|
|l|☆chrovalis
|player|p1|
