|j|☆PlainWaffles
|j|☆bleach98
|t:|1779822882
|gametype|singles
|player|p1|PlainWaffles|brock|1062
|player|p2|bleach98|169|1084
|gen|9
|tier|[Gen 9] OU
|rated|
|rule|HP Percentage Mod: HP is shown in percentages
|rule|Endless Battle Clause: Forcing endless battles is banned
|rule|Species Clause: Limit one of each Pokémon
|rule|OHKO Clause: OHKO moves are banned
|rule|Evasion Items Clause: Evasion items are banned
|rule|Evasion Moves Clause: Evasion moves are banned
|rule|Evasion Abilities Clause: Evasion abilities are banned
|rule|Sleep Moves Clause: Sleep-inducing moves are banned
|clearpoke
|poke|p1|Clefable, F|
|poke|p1|Excadrill, F|
|poke|p1|Tyranitar, M|
|poke|p1|Rotom-Wash|
|poke|p1|Slowking-Galar, M|
|poke|p1|Kingambit, F|
|poke|p2|Overqwil, M|
|poke|p2|Hitmontop, M|
|poke|p2|Wyrdeer, F|
|poke|p2|Gyarados, M|
|poke|p2|Scrafty, M|
|poke|p2|Salamence, M|
|teampreview
|c|☆PlainWaffles|glhf
|
|t:|1779822889
|teamsize|p1|6
|teamsize|p2|6
|start
|switch|p1a: Rotom|Rotom-Wash, shiny|100/100
|switch|p2a: Gyarados|Gyarados, M|100/100
|-ability|p2a: Gyarados|Intimidate|boost
|-unboost|p1a: Rotom|atk|1
|turn|1
|
|t:|1779822899
|move|p2a: Gyarados|Protect|p2a: Gyarados
|-singleturn|p2a: Gyarados|Protect
|move|p1a: Rotom|Thunderbolt|p2a: Gyarados
|-activate|p2a: Gyarados|move: Protect
|
|upkeep
|turn|2
|
|t:|1779822912
|-terastallize|p2a: Gyarados|Ground
|move|p1a: Rotom|Will-O-Wisp|p2a: Gyarados
|-status|p2a: Gyarados|brn
|move|p2a: Gyarados|Whirlpool|p1a: Rotom
|-resisted|p1a: Rotom
|-crit|p1a: Rotom
|-damage|p1a: Rotom|91/100
|-activate|p1a: Rotom|move: Whirlpool|[of] p2a: Gyarados
|
|-damage|p2a: Gyarados|94/100 brn|[from] brn
|-damage|p1a: Rotom|79/100|[from] move: Whirlpool|[partiallytrapped]
|upkeep
|turn|3
|
|t:|1779822923
|move|p1a: Rotom|Dark Pulse|p2a: Gyarados
|-damage|p2a: Gyarados|80/100 brn
|move|p2a: Gyarados|Waterfall|p1a: Rotom
|-resisted|p1a: Rotom
|-damage|p1a: Rotom|67/100
|
|-heal|p2a: Gyarados|86/100 brn|[from] item: Leftovers
|-damage|p2a: Gyarados|80/100 brn|[from] brn
|-damage|p1a: Rotom|55/100|[from] move: Whirlpool|[partiallytrapped]
|upkeep
|turn|4
|
|t:|1779822941
|move|p2a: Gyarados|Protect|p2a: Gyarados
|-singleturn|p2a: Gyarados|Protect
|move|p1a: Rotom|Hydro Pump|p2a: Gyarados
|-activate|p2a: Gyarados|move: Protect
|
|-heal|p2a: Gyarados|86/100 brn|[from] item: Leftovers
|-damage|p2a: Gyarados|80/100 brn|[from] brn
|-damage|p1a: Rotom|42/100|[from] move: Whirlpool|[partiallytrapped]
|upkeep
|turn|5
|
|t:|1779822952
|switch|p2a: Hitmontop|Hitmontop, M|100/100
|-ability|p2a: Hitmontop|Intimidate|boost
|-unboost|p1a: Rotom|atk|1
|move|p1a: Rotom|Hydro Pump|p2a: Hitmontop
|-damage|p2a: Hitmontop|47/100
|
|-heal|p2a: Hitmontop|53/100|[from] item: Leftovers
|-end|p1a: Rotom|Whirlpool|[partiallytrapped]|[silent]
|upkeep
|turn|6
|
|t:|1779822960
|move|p1a: Rotom|Hydro Pump|p2a: Hitmontop
|-damage|p2a: Hitmontop|1/100
|move|p2a: Hitmontop|Rapid Spin|p1a: Rotom
|-damage|p1a: Rotom|21/100
|-boost|p2a: Hitmontop|spe|1
|-enditem|p1a: Rotom|Iapapa Berry|[eat]
|-heal|p1a: Rotom|54/100|[from] item: Iapapa Berry
|
|-heal|p2a: Hitmontop|7/100|[from] item: Leftovers
|upkeep
|turn|7
|
|t:|1779822969
|move|p2a: Hitmontop|Sucker Punch|p1a: Rotom
|-damage|p1a: Rotom|22/100
|move|p1a: Rotom|Thunderbolt|p2a: Hitmontop
|-damage|p2a: Hitmontop|0 fnt
|faint|p2a: Hitmontop
|
|upkeep
|
|t:|1779822985
|switch|p2a: Wyrdeer|Wyrdeer, F|100/100
|-ability|p2a: Wyrdeer|Intimidate|boost
|-unboost|p1a: Rotom|atk|1
|turn|8
|
|t:|1779822998
|move|p2a: Wyrdeer|Energy Ball|p1a: Rotom
|-supereffective|p1a: Rotom
|-damage|p1a: Rotom|0 fnt
|faint|p1a: Rotom
|
|upkeep
|
|t:|1779823002
|switch|p1a: Tyranitar|Tyranitar, M, shiny|100/100
|-weather|Sandstorm|[from] ability: Sand Stream|[of] p1a: Tyranitar
|turn|9
|
|t:|1779823011
|move|p1a: Tyranitar|Crunch|p2a: Wyrdeer
|-supereffective|p2a: Wyrdeer
|-damage|p2a: Wyrdeer|0 fnt
|faint|p2a: Wyrdeer
|
|-weather|Sandstorm|[upkeep]
|upkeep
|
|t:|1779823017
|switch|p2a: Gyarados|Gyarados, M, tera:Ground|80/100 brn
|-ability|p2a: Gyarados|Intimidate|boost
|-unboost|p1a: Tyranitar|atk|1
|turn|10
|
|t:|1779823021
|move|p1a: Tyranitar|Crunch|p2a: Gyarados
|-damage|p2a: Gyarados|45/100 brn
|move|p2a: Gyarados|Thunder Wave|p1a: Tyranitar
|-status|p1a: Tyranitar|par
|
|-weather|Sandstorm|[upkeep]
|-heal|p2a: Gyarados|52/100 brn|[from] item: Leftovers
|-damage|p2a: Gyarados|45/100 brn|[from] brn
|upkeep
|turn|11
|
|t:|1779823031
|move|p2a: Gyarados|Whirlpool|p1a: Tyranitar
|-supereffective|p1a: Tyranitar
|-damage|p1a: Tyranitar|88/100 par
|-activate|p1a: Tyranitar|move: Whirlpool|[of] p2a: Gyarados
|move|p1a: Tyranitar|Crunch|p2a: Gyarados
|-damage|p2a: Gyarados|11/100 brn
|
|-weather|Sandstorm|[upkeep]
|-heal|p2a: Gyarados|17/100 brn|[from] item: Leftovers
|-damage|p2a: Gyarados|11/100 brn|[from] brn
|-damage|p1a: Tyranitar|76/100 par|[from] move: Whirlpool|[partiallytrapped]
|upkeep
|turn|12
|
|t:|1779823040
|move|p2a: Gyarados|Waterfall|p1a: Tyranitar
|-supereffective|p1a: Tyranitar
|-damage|p1a: Tyranitar|44/100 par
|cant|p1a: Tyranitar|flinch
|
|-weather|Sandstorm|[upkeep]
|-heal|p2a: Gyarados|17/100 brn|[from] item: Leftovers
|-damage|p2a: Gyarados|11/100 brn|[from] brn
|-damage|p1a: Tyranitar|32/100 par|[from] move: Whirlpool|[partiallytrapped]
|upkeep
|turn|13
|
|t:|1779823049
|move|p2a: Gyarados|Waterfall|p1a: Tyranitar
|-supereffective|p1a: Tyranitar
|-damage|p1a: Tyranitar|0 fnt
|faint|p1a: Tyranitar
|
|-weather|none
|-heal|p2a: Gyarados|17/100 brn|[from] item: Leftovers
|-damage|p2a: Gyarados|11/100 brn|[from] brn
|upkeep
|
|t:|1779823054
|switch|p1a: Clefable|Clefable, F|100/100
|turn|14
|
|t:|1779823059
|move|p2a: Gyarados|Whirlpool|p1a: Clefable
|-damage|p1a: Clefable|92/100
|-activate|p1a: Clefable|move: Whirlpool|[of] p2a: Gyarados
|move|p1a: Clefable|Cosmic Power|p1a: Clefable
|-boost|p1a: Clefable|def|1
|-boost|p1a: Clefable|spd|1
|
|-heal|p2a: Gyarados|17/100 brn|[from] item: Leftovers
|-heal|p1a: Clefable|98/100|[from] item: Leftovers
|-damage|p2a: Gyarados|11/100 brn|[from] brn
|upkeep
|turn|15
|
|t:|1779823069
|move|p2a: Gyarados|Thunder Wave|p1a: Clefable
|-status|p1a: Clefable|par
|move|p1a: Clefable|Cosmic Power|p1a: Clefable
|-boost|p1a: Clefable|def|1
|-boost|p1a: Clefable|spd|1
|
|-heal|p2a: Gyarados|17/100 brn|[from] item: Leftovers
|-heal|p1a: Clefable|100/100 par|[from] item: Leftovers
|-damage|p2a: Gyarados|11/100 brn|[from] brn
|upkeep
|turn|16
|
|t:|1779823077
|move|p2a: Gyarados|Waterfall|p1a: Clefable
|-damage|p1a: Clefable|91/100 par
|cant|p1a: Clefable|par
|
|-heal|p2a: Gyarados|17/100 brn|[from] item: Leftovers
|-heal|p1a: Clefable|97/100 par|[from] item: Leftovers
|-damage|p2a: Gyarados|11/100 brn|[from] brn
|upkeep
|turn|17
|
|t:|1779823089
|move|p2a: Gyarados|Waterfall|p1a: Clefable
|-damage|p1a: Clefable|88/100 par
|cant|p1a: Clefable|flinch
|
|-heal|p2a: Gyarados|17/100 brn|[from] item: Leftovers
|-heal|p1a: Clefable|94/100 par|[from] item: Leftovers
|-damage|p2a: Gyarados|11/100 brn|[from] brn
|upkeep
|turn|18
|
|t:|1779823096
|move|p2a: Gyarados|Waterfall|p1a: Clefable
|-damage|p1a: Clefable|84/100 par
|move|p1a: Clefable|Cosmic Power|p1a: Clefable
|-boost|p1a: Clefable|def|1
|-boost|p1a: Clefable|spd|1
|
|-heal|p2a: Gyarados|17/100 brn|[from] item: Leftovers
|-heal|p1a: Clefable|90/100 par|[from] item: Leftovers
|-damage|p2a: Gyarados|11/100 brn|[from] brn
|upkeep
|turn|19
|
|t:|1779823105
|move|p2a: Gyarados|Waterfall|p1a: Clefable
|-damage|p1a: Clefable|83/100 par
|move|p1a: Clefable|Cosmic Power|p1a: Clefable
|-boost|p1a: Clefable|def|1
|-boost|p1a: Clefable|spd|1
|
|-heal|p2a: Gyarados|17/100 brn|[from] item: Leftovers
|-heal|p1a: Clefable|89/100 par|[from] item: Leftovers
|-damage|p2a: Gyarados|11/100 brn|[from] brn
|-end|p1a: Clefable|Whirlpool|[partiallytrapped]
|upkeep
|turn|20
|
|t:|1779823113
|move|p2a: Gyarados|Waterfall|p1a: Clefable
|-damage|p1a: Clefable|82/100 par
|move|p1a: Clefable|Moonblast|p2a: Gyarados
|-damage|p2a: Gyarados|0 fnt
|faint|p2a: Gyarados
|
|-heal|p1a: Clefable|88/100 par|[from] item: Leftovers
|upkeep
|
|t:|1779823121
|switch|p2a: Overqwil|Overqwil, M|100/100
|-ability|p2a: Overqwil|Intimidate|boost
|-unboost|p1a: Clefable|atk|1
|turn|21
|
|t:|1779823125
|move|p2a: Overqwil|Swords Dance|p2a: Overqwil
|-boost|p2a: Overqwil|atk|2
|move|p1a: Clefable|Moonblast|p2a: Overqwil
|-damage|p2a: Overqwil|31/100
|
|-heal|p1a: Clefable|94/100 par|[from] item: Leftovers
|upkeep
|turn|22
|
|t:|1779823132
|move|p2a: Overqwil|Poison Jab|p1a: Clefable
|-supereffective|p1a: Clefable
|-damage|p1a: Clefable|41/100 par
|move|p1a: Clefable|Moonblast|p2a: Overqwil
|-damage|p2a: Overqwil|0 fnt
|faint|p2a: Overqwil
|
|-heal|p1a: Clefable|47/100 par|[from] item: Leftovers
|upkeep
|
|t:|1779823146
|switch|p2a: Scrafty|Scrafty, M|100/100
|-ability|p2a: Scrafty|Intimidate|boost
|-unboost|p1a: Clefable|atk|1
|turn|23
|
|t:|1779823154
|move|p2a: Scrafty|Knock Off|p1a: Clefable
|-resisted|p1a: Clefable
|-damage|p1a: Clefable|39/100 par
|-enditem|p1a: Clefable|Leftovers|[from] move: Knock Off|[of] p2a: Scrafty
|move|p1a: Clefable|Moonblast|p2a: Scrafty
|-supereffective|p2a: Scrafty
|-damage|p2a: Scrafty|0 fnt
|faint|p2a: Scrafty
|
|upkeep
|
|t:|1779823161
|switch|p2a: Salamence|Salamence, M|100/100
|-ability|p2a: Salamence|Intimidate|boost
|-unboost|p1a: Clefable|atk|1
|turn|24
|
|t:|1779823165
|move|p2a: Salamence|Air Slash|p1a: Clefable
|-damage|p1a: Clefable|28/100 par
|cant|p1a: Clefable|flinch
|
|upkeep
|turn|25
|
|t:|1779823171
|move|p2a: Salamence|Air Slash|p1a: Clefable
|-damage|p1a: Clefable|17/100 par
|cant|p1a: Clefable|flinch
|
|upkeep
|turn|26
|
|t:|1779823175
|move|p2a: Salamence|Air Slash|p1a: Clefable
|-damage|p1a: Clefable|5/100 par
|move|p1a: Clefable|Moonlight|p1a: Clefable
|-heal|p1a: Clefable|55/100 par
|
|upkeep
|turn|27
|
|t:|1779823181
|move|p2a: Salamence|Air Slash|p1a: Clefable
|-damage|p1a: Clefable|44/100 par
|cant|p1a: Clefable|par
|
|upkeep
|turn|28
|
|t:|1779823186
|move|p2a: Salamence|Air Slash|p1a: Clefable
|-damage|p1a: Clefable|32/100 par
|move|p1a: Clefable|Moonlight|p1a: Clefable
|-heal|p1a: Clefable|82/100 par
|
|upkeep
|turn|29
|
|t:|1779823191
|move|p2a: Salamence|Air Slash|p1a: Clefable
|-damage|p1a: Clefable|71/100 par
|cant|p1a: Clefable|par
|
|upkeep
|turn|30
|
|t:|1779823196
|move|p2a: Salamence|Flamethrower|p1a: Clefable
|-damage|p1a: Clefable|61/100 par
|move|p1a: Clefable|Moonblast|p2a: Salamence
|-supereffective|p2a: Salamence
|-damage|p2a: Salamence|26/100
|
|upkeep
|turn|31
|
|t:|1779823202
|move|p2a: Salamence|Air Slash|p1a: Clefable
|-damage|p1a: Clefable|51/100 par
|move|p1a: Clefable|Moonblast|p2a: Salamence
|-supereffective|p2a: Salamence
|-damage|p2a: Salamence|0 fnt
|faint|p2a: Salamence
|
|win|PlainWaffles
|raw|PlainWaffles's rating: 1062 &rarr; <strong>1095</strong><br />(+33 for winning)
|raw|bleach98's rating: 1084 &rarr; <strong>1060</strong><br />(-24 for losing)
|c|☆PlainWaffles|ggs
|l|☆bleach98
|player|p2|
|l|☆PlainWaffles
|player|p1|
