|j|☆mcacma
|j|☆lxncc
|t:|1779899248
|gametype|singles
|player|p1|mcacma|veteran|1202
|player|p2|lxncc|266|1291
|gen|9
|tier|[Gen 9] OU
|rated|
|rule|HP Percentage Mod: HP is shown in percentages
|rule|Endless Battle Clause: Forcing endless battles is banned
|rule|Species Clause: Limit one of each Pokémon
|rule|OHKO Clause: OHKO moves are banned
|rule|Evasion Items Clause: Evasion items are banned
|rule|Evasion Moves Clause: Evasion moves are banned
|rule|Evasion Abilities Clause: Evasion abilities are banned
|rule|Sleep Moves Clause: Sleep-inducing moves are banned
|clearpoke
|poke|p1|Pelipper, F|
|poke|p1|Thundurus-Therian, M|
|poke|p1|Floatzel, F|
|poke|p1|Barraskewda, M|
|poke|p1|Luvdisc, F|
|poke|p1|Iron Valiant|
|poke|p2|Ninetales, M|
|poke|p2|Walking Wake|
|poke|p2|Great Tusk|
|poke|p2|Blaziken, M|
|poke|p2|Kingambit, F|
|poke|p2|Raging Bolt|
|teampreview
|
|t:|1779899253
|teamsize|p1|6
|teamsize|p2|6
|start
|switch|p1a: Pelipper|Pelipper, F|100/100
|switch|p2a: Kingambit|Kingambit, F|100/100
|-item|p2a: Kingambit|Air Balloon
|-weather|RainDance|[from] ability: Drizzle|[of] p1a: Pelipper
|turn|1
|
|t:|1779899262
|-end|p2a: Kingambit|fallenundefined|[silent]
|switch|p2a: Ninetales|Ninetales, M|100/100
|-weather|SunnyDay|[from] ability: Drought|[of] p2a: Ninetales
|move|p1a: Pelipper|Weather Ball|p2a: Ninetales
|-resisted|p2a: Ninetales
|-damage|p2a: Ninetales|82/100
|
|-weather|SunnyDay|[upkeep]
|upkeep
|turn|2
|
|t:|1779899270
|switch|p1a: Floatzel|Floatzel, F|100/100
|move|p2a: Ninetales|Solar Beam||[still]
|-prepare|p2a: Ninetales|Solar Beam
|-anim|p2a: Ninetales|Solar Beam|p1a: Floatzel
|-supereffective|p1a: Floatzel
|-damage|p1a: Floatzel|0 fnt
|faint|p1a: Floatzel
|
|-weather|SunnyDay|[upkeep]
|upkeep
|
|t:|1779899273
|switch|p1a: Pelipper|Pelipper, F|100/100
|-weather|RainDance|[from] ability: Drizzle|[of] p1a: Pelipper
|turn|3
|
|t:|1779899282
|switch|p2a: Raging Bolt|Raging Bolt|100/100
|move|p1a: Pelipper|Weather Ball|p2a: Raging Bolt
|-resisted|p2a: Raging Bolt
|-damage|p2a: Raging Bolt|80/100
|
|-weather|RainDance|[upkeep]
|upkeep
|turn|4
|
|t:|1779899289
|-terastallize|p1a: Pelipper|Ground
|move|p2a: Raging Bolt|Dragon Pulse|p1a: Pelipper
|-damage|p1a: Pelipper|29/100
|move|p1a: Pelipper|Blizzard|p2a: Raging Bolt
|-supereffective|p2a: Raging Bolt
|-damage|p2a: Raging Bolt|41/100
|
|-weather|RainDance|[upkeep]
|upkeep
|turn|5
|
|t:|1779899298
|move|p2a: Raging Bolt|Dragon Pulse|p1a: Pelipper
|-damage|p1a: Pelipper|0 fnt
|faint|p1a: Pelipper
|
|-weather|RainDance|[upkeep]
|upkeep
|
|t:|1779899301
|switch|p1a: Barraskewda|Barraskewda, M|100/100
|turn|6
|
|t:|1779899305
|-end|p2a: Raging Bolt|Protosynthesis|[silent]
|switch|p2a: Ninetales|Ninetales, M|82/100
|-weather|SunnyDay|[from] ability: Drought|[of] p2a: Ninetales
|move|p1a: Barraskewda|Close Combat|p2a: Ninetales
|-damage|p2a: Ninetales|6/100
|-unboost|p1a: Barraskewda|def|1
|-unboost|p1a: Barraskewda|spd|1
|-damage|p1a: Barraskewda|91/100|[from] item: Life Orb
|
|-weather|SunnyDay|[upkeep]
|upkeep
|turn|7
|
|t:|1779899312
|move|p1a: Barraskewda|Flip Turn|p2a: Ninetales
|-supereffective|p2a: Ninetales
|-damage|p2a: Ninetales|0 fnt
|faint|p2a: Ninetales
|-damage|p1a: Barraskewda|81/100|[from] item: Life Orb
|
|t:|1779899318
|switch|p1a: Iron Valiant|Iron Valiant|100/100|[from] Flip Turn
|
|-weather|SunnyDay|[upkeep]
|upkeep
|
|t:|1779899323
|switch|p2a: Walking Wake|Walking Wake|100/100
|-activate|p2a: Walking Wake|ability: Protosynthesis
|-start|p2a: Walking Wake|protosynthesisspa
|turn|8
|
|t:|1779899328
|-terastallize|p2a: Walking Wake|Fairy
|move|p1a: Iron Valiant|Moonblast|p2a: Walking Wake
|-damage|p2a: Walking Wake|46/100
|-unboost|p2a: Walking Wake|spa|1
|move|p2a: Walking Wake|Hydro Steam|p1a: Iron Valiant
|-damage|p1a: Iron Valiant|0 fnt
|faint|p1a: Iron Valiant
|-end|p1a: Iron Valiant|Quark Drive|[silent]
|
|-weather|SunnyDay|[upkeep]
|upkeep
|
|t:|1779899357
|switch|p1a: Luvdisc|Luvdisc, F|100/100
|turn|9
|
|t:|1779899361
|-end|p2a: Walking Wake|Protosynthesis|[silent]
|switch|p2a: Kingambit|Kingambit, F|100/100
|-activate|p2a: Kingambit|ability: Supreme Overlord
|-start|p2a: Kingambit|fallen1|[silent]
|-item|p2a: Kingambit|Air Balloon
|move|p1a: Luvdisc|Hydro Pump|p2a: Kingambit
|-damage|p2a: Kingambit|91/100
|-enditem|p2a: Kingambit|Air Balloon
|
|-weather|SunnyDay|[upkeep]
|upkeep
|turn|10
|
|t:|1779899368
|move|p1a: Luvdisc|Sweet Kiss|p2a: Kingambit
|-start|p2a: Kingambit|confusion
|-activate|p2a: Kingambit|confusion
|move|p2a: Kingambit|Swords Dance|p2a: Kingambit
|-boost|p2a: Kingambit|atk|2
|
|-weather|SunnyDay|[upkeep]
|upkeep
|turn|11
|
|t:|1779899376
|move|p1a: Luvdisc|Hydro Pump|p2a: Kingambit
|-damage|p2a: Kingambit|81/100
|-activate|p2a: Kingambit|confusion
|move|p2a: Kingambit|Kowtow Cleave|p1a: Luvdisc
|-enditem|p1a: Luvdisc|Focus Sash
|-damage|p1a: Luvdisc|1/100
|
|-weather|SunnyDay|[upkeep]
|upkeep
|turn|12
|
|t:|1779899384
|move|p1a: Luvdisc|Endeavor|p2a: Kingambit
|-damage|p2a: Kingambit|1/100
|-activate|p2a: Kingambit|confusion
|move|p2a: Kingambit|Kowtow Cleave|p1a: Luvdisc
|-damage|p1a: Luvdisc|0 fnt
|faint|p1a: Luvdisc
|
|-weather|SunnyDay|[upkeep]
|upkeep
|
|t:|1779899414
|switch|p1a: Thundurus|Thundurus-Therian, M|100/100
|turn|13
|inactive|Battle timer is ON: inactive players will automatically lose when time's up. (requested by lxncc)
|
|t:|1779899417
|-activate|p2a: Kingambit|confusion
|-damage|p2a: Kingambit|0 fnt|[from] confusion
|faint|p2a: Kingambit
|-end|p2a: Kingambit|fallen1|[silent]
|move|p1a: Thundurus|Weather Ball|p2: Kingambit|[notarget]
|-fail|p1a: Thundurus
|
|-weather|none
|upkeep
|
|t:|1779899424
|switch|p2a: Walking Wake|Walking Wake, tera:Fairy|46/100
|turn|14
|
|t:|1779899430
|move|p2a: Walking Wake|Draco Meteor|p1a: Thundurus
|-damage|p1a: Thundurus|0 fnt
|-unboost|p2a: Walking Wake|spa|2
|faint|p1a: Thundurus
|
|upkeep
|
|t:|1779899433
|switch|p1a: Barraskewda|Barraskewda, M|81/100
|turn|15
|
|t:|1779899438
|move|p1a: Barraskewda|Psychic Fangs|p2a: Walking Wake
|-damage|p2a: Walking Wake|7/100
|-damage|p1a: Barraskewda|71/100|[from] item: Life Orb
|move|p2a: Walking Wake|Draco Meteor|p1a: Barraskewda
|-damage|p1a: Barraskewda|0 fnt
|-unboost|p2a: Walking Wake|spa|2
|faint|p1a: Barraskewda
|
|win|lxncc
|raw|mcacma's rating: 1202 &rarr; <strong>1183</strong><br />(-19 for losing)
|raw|lxncc's rating: 1291 &rarr; <strong>1310</strong><br />(+19 for winning)
|l|☆mcacma
|player|p1|
|l|☆lxncc
|player|p2|
