|j|☆whyguns?
|j|☆MemesOnToast
|t:|1779904192
|gametype|singles
|player|p1|whyguns?|skierf|1297
|player|p2|MemesOnToast|clown|1336
|gen|9
|tier|[Gen 9] OU
|rated|
|rule|HP Percentage Mod: HP is shown in percentages
|rule|Endless Battle Clause: Forcing endless battles is banned
|rule|Species Clause: Limit one of each Pokémon
|rule|OHKO Clause: OHKO moves are banned
|rule|Evasion Items Clause: Evasion items are banned
|rule|Evasion Moves Clause: Evasion moves are banned
|rule|Evasion Abilities Clause: Evasion abilities are banned
|rule|Sleep Moves Clause: Sleep-inducing moves are banned
|clearpoke
|poke|p1|Samurott-Hisui, F|
|poke|p1|Haxorus, M|
|poke|p1|Gholdengo|
|poke|p1|Garchomp, F|
|poke|p1|Mandibuzz, F|
|poke|p1|Primarina, F|
|poke|p2|Moltres-Galar|
|poke|p2|Comfey, M|
|poke|p2|Pecharunt|
|poke|p2|Gumshoos, M|
|poke|p2|Raging Bolt|
|poke|p2|Iron Treads|
|teampreview
|
|t:|1779904214
|teamsize|p1|6
|teamsize|p2|6
|start
|switch|p1a: Garchomp|Garchomp, F|100/100
|switch|p2a: Pecharunt|Pecharunt|100/100
|turn|1
|
|t:|1779904219
|move|p1a: Garchomp|Earthquake|p2a: Pecharunt
|-supereffective|p2a: Pecharunt
|-damage|p2a: Pecharunt|61/100
|move|p2a: Pecharunt|Toxic|p1a: Garchomp
|-status|p1a: Garchomp|tox
|-start|p1a: Garchomp|confusion|[from] ability: Poison Puppeteer|[of] p2a: Pecharunt
|
|-heal|p2a: Pecharunt|67/100|[from] item: Leftovers
|-damage|p1a: Garchomp|94/100 tox|[from] psn
|upkeep
|turn|2
|
|t:|1779904233
|switch|p2a: Moltres|Moltres-Galar|100/100
|-activate|p1a: Garchomp|confusion
|-damage|p1a: Garchomp|87/100 tox|[from] confusion
|
|-damage|p1a: Garchomp|75/100 tox|[from] psn
|upkeep
|turn|3
|
|t:|1779904238
|move|p2a: Moltres|Nasty Plot|p2a: Moltres
|-boost|p2a: Moltres|spa|2
|-end|p1a: Garchomp|confusion
|move|p1a: Garchomp|Dragon Tail|p2a: Moltres
|-damage|p2a: Moltres|69/100
|drag|p2a: Comfey|Comfey, M|100/100
|
|-damage|p1a: Garchomp|56/100 tox|[from] psn
|upkeep
|turn|4
|
|t:|1779904243
|switch|p1a: Primarina|Primarina, F|100/100
|move|p2a: Comfey|Substitute|p2a: Comfey
|-start|p2a: Comfey|Substitute
|-damage|p2a: Comfey|76/100
|
|upkeep
|turn|5
|
|t:|1779904245
|move|p2a: Comfey|Calm Mind|p2a: Comfey
|-boost|p2a: Comfey|spa|1
|-boost|p2a: Comfey|spd|1
|move|p1a: Primarina|Psychic Noise|p2a: Comfey
|-damage|p2a: Comfey|46/100
|-start|p2a: Comfey|move: Heal Block
|
|upkeep
|turn|6
|
|t:|1779904262
|switch|p2a: Pecharunt|Pecharunt|67/100
|move|p1a: Primarina|Psychic Noise|p2a: Pecharunt
|-damage|p2a: Pecharunt|23/100
|-start|p2a: Pecharunt|move: Heal Block
|
|upkeep
|turn|7
|
|t:|1779904268
|move|p2a: Pecharunt|Toxic|p1a: Primarina
|-status|p1a: Primarina|tox
|-start|p1a: Primarina|confusion|[from] ability: Poison Puppeteer|[of] p2a: Pecharunt
|-activate|p1a: Primarina|confusion
|move|p1a: Primarina|Flip Turn|p2a: Pecharunt
|-damage|p2a: Pecharunt|15/100
|
|t:|1779904277
|switch|p1a: Haxorus|Haxorus, M|100/100|[from] Flip Turn
|-ability|p1a: Haxorus|Mold Breaker
|
|-end|p2a: Pecharunt|move: Heal Block
|upkeep
|turn|8
|
|t:|1779904288
|move|p1a: Haxorus|Outrage|p2a: Pecharunt
|-damage|p2a: Pecharunt|0 fnt
|faint|p2a: Pecharunt
|-damage|p1a: Haxorus|91/100|[from] item: Life Orb
|
|upkeep
|
|t:|1779904292
|switch|p2a: Comfey|Comfey, M|46/100
|turn|9
|
|t:|1779904295
|move|p1a: Haxorus|Outrage|p2a: Comfey|[from] lockedmove
|-immune|p2a: Comfey
|move|p2a: Comfey|Calm Mind|p2a: Comfey
|-boost|p2a: Comfey|spa|1
|-boost|p2a: Comfey|spd|1
|
|upkeep
|turn|10
|
|t:|1779904302
|switch|p1a: Primarina|Primarina, F|100/100 tox
|move|p2a: Comfey|Draining Kiss|p1a: Primarina
|-damage|p1a: Primarina|81/100 tox
|-heal|p2a: Comfey|67/100|[from] drain|[of] p1a: Primarina
|
|-damage|p1a: Primarina|74/100 tox|[from] psn
|upkeep
|turn|11
|
|t:|1779904304
|move|p2a: Comfey|Giga Drain|p1a: Primarina
|-supereffective|p1a: Primarina
|-damage|p1a: Primarina|33/100 tox
|-heal|p2a: Comfey|95/100|[from] drain|[of] p1a: Primarina
|move|p1a: Primarina|Psychic Noise|p2a: Comfey
|-damage|p2a: Comfey|66/100
|-start|p2a: Comfey|move: Heal Block
|
|-damage|p1a: Primarina|21/100 tox|[from] psn
|upkeep
|turn|12
|
|t:|1779904317
|switch|p2a: Raging Bolt|Raging Bolt|100/100
|move|p1a: Primarina|Flip Turn|p2a: Raging Bolt
|-resisted|p2a: Raging Bolt
|-damage|p2a: Raging Bolt|95/100
|
|t:|1779904361
|switch|p1a: Samurott|Samurott-Hisui, F|100/100|[from] Flip Turn
|
|upkeep
|turn|13
|
|t:|1779904380
|move|p1a: Samurott|Ceaseless Edge|p2a: Raging Bolt
|-damage|p2a: Raging Bolt|61/100
|-sidestart|p2: MemesOnToast|Spikes
|move|p2a: Raging Bolt|Calm Mind|p2a: Raging Bolt
|-boost|p2a: Raging Bolt|spa|1
|-boost|p2a: Raging Bolt|spd|1
|
|upkeep
|turn|14
|
|t:|1779904385
|move|p2a: Raging Bolt|Thunderclap|p1a: Samurott
|-supereffective|p1a: Samurott
|-enditem|p1a: Samurott|Focus Sash
|-damage|p1a: Samurott|1/100
|-damage|p2a: Raging Bolt|51/100|[from] item: Life Orb
|move|p1a: Samurott|Ceaseless Edge|p2a: Raging Bolt
|-damage|p2a: Raging Bolt|12/100
|-sidestart|p2: MemesOnToast|Spikes
|
|upkeep
|turn|15
|
|t:|1779904390
|move|p1a: Samurott|Sucker Punch|p2a: Raging Bolt
|-damage|p2a: Raging Bolt|0 fnt
|faint|p2a: Raging Bolt
|-end|p2a: Raging Bolt|Protosynthesis|[silent]
|
|upkeep
|
|t:|1779904405
|switch|p2a: Comfey|Comfey, M|66/100
|-damage|p2a: Comfey|49/100|[from] Spikes
|turn|16
|
|t:|1779904416
|move|p2a: Comfey|Draining Kiss|p1a: Samurott
|-supereffective|p1a: Samurott
|-damage|p1a: Samurott|0 fnt
|-heal|p2a: Comfey|50/100|[from] drain|[of] p1a: Samurott
|faint|p1a: Samurott
|
|upkeep
|
|t:|1779904419
|switch|p1a: Gholdengo|Gholdengo|100/100
|turn|17
|
|t:|1779904431
|switch|p2a: Moltres|Moltres-Galar|69/100
|move|p1a: Gholdengo|Make It Rain|p2a: Moltres
|-damage|p2a: Moltres|15/100
|-unboost|p1a: Gholdengo|spa|1
|-ability|p2a: Moltres|Berserk|boost
|-boost|p2a: Moltres|spa|1
|-enditem|p2a: Moltres|Sitrus Berry|[eat]
|-heal|p2a: Moltres|40/100|[from] item: Sitrus Berry
|
|upkeep
|turn|18
|
|t:|1779904445
|move|p1a: Gholdengo|Make It Rain|p2a: Moltres
|-damage|p2a: Moltres|5/100
|-unboost|p1a: Gholdengo|spa|1
|move|p2a: Moltres|Fiery Wrath|p1a: Gholdengo
|-supereffective|p1a: Gholdengo
|-damage|p1a: Gholdengo|0 fnt
|faint|p1a: Gholdengo
|
|upkeep
|
|t:|1779904449
|switch|p1a: Primarina|Primarina, F|21/100 tox
|turn|19
|
|t:|1779904452
|move|p1a: Primarina|Aqua Jet|p2a: Moltres
|-damage|p2a: Moltres|0 fnt
|faint|p2a: Moltres
|
|-damage|p1a: Primarina|15/100 tox|[from] psn
|upkeep
|
|t:|1779904460
|switch|p2a: Gumshoos|Gumshoos, M|100/100
|-damage|p2a: Gumshoos|84/100|[from] Spikes
|turn|20
|
|t:|1779904465
|move|p1a: Primarina|Psychic Noise|p2a: Gumshoos
|-damage|p2a: Gumshoos|28/100
|-start|p2a: Gumshoos|move: Heal Block
|move|p2a: Gumshoos|Double-Edge|p1a: Primarina
|-damage|p1a: Primarina|0 fnt
|faint|p1a: Primarina
|-damage|p2a: Gumshoos|24/100|[from] Recoil
|
|upkeep
|
|t:|1779904469
|switch|p1a: Garchomp|Garchomp, F|56/100 tox
|turn|21
|
|t:|1779904475
|move|p1a: Garchomp|Earthquake|p2a: Gumshoos
|-damage|p2a: Gumshoos|0 fnt
|faint|p2a: Gumshoos
|
|-damage|p1a: Garchomp|50/100 tox|[from] psn
|upkeep
|
|t:|1779904481
|switch|p2a: Comfey|Comfey, M|50/100
|-damage|p2a: Comfey|33/100|[from] Spikes
|turn|22
|
|t:|1779904490
|move|p2a: Comfey|Draining Kiss|p1a: Garchomp
|-supereffective|p1a: Garchomp
|-damage|p1a: Garchomp|14/100 tox
|-heal|p2a: Comfey|81/100|[from] drain|[of] p1a: Garchomp
|-damage|p2a: Comfey|69/100|[from] ability: Rough Skin|[of] p1a: Garchomp
|-damage|p2a: Comfey|52/100|[from] item: Rocky Helmet|[of] p1a: Garchomp
|move|p1a: Garchomp|Earthquake|p2a: Comfey
|-damage|p2a: Comfey|0 fnt
|faint|p2a: Comfey
|
|-damage|p1a: Garchomp|1/100 tox|[from] psn
|upkeep
|
|t:|1779904498
|switch|p2a: Iron Treads|Iron Treads|100/100
|-damage|p2a: Iron Treads|84/100|[from] Spikes
|-enditem|p2a: Iron Treads|Booster Energy
|-activate|p2a: Iron Treads|ability: Quark Drive|[fromitem]
|-start|p2a: Iron Treads|quarkdrivespe
|turn|23
|
|t:|1779904513
|move|p2a: Iron Treads|Earthquake|p1a: Garchomp
|-damage|p1a: Garchomp|0 fnt
|faint|p1a: Garchomp
|
|upkeep
|
|t:|1779904525
|switch|p1a: Haxorus|Haxorus, M|91/100
|-ability|p1a: Haxorus|Mold Breaker
|turn|24
|
|t:|1779904549
|move|p2a: Iron Treads|Earthquake|p1a: Haxorus
|-damage|p1a: Haxorus|32/100
|move|p1a: Haxorus|Close Combat|p2a: Iron Treads
|-supereffective|p2a: Iron Treads
|-damage|p2a: Iron Treads|0 fnt
|-unboost|p1a: Haxorus|def|1
|-unboost|p1a: Haxorus|spd|1
|faint|p2a: Iron Treads
|-end|p2a: Iron Treads|Quark Drive|[silent]
|-damage|p1a: Haxorus|22/100|[from] item: Life Orb
|
|win|whyguns?
|raw|whyguns?'s rating: 1297 &rarr; <strong>1325</strong><br />(+28 for winning)
|raw|MemesOnToast's rating: 1336 &rarr; <strong>1314</strong><br />(-22 for losing)
|l|☆MemesOnToast
|player|p2|
|l|☆whyguns?
|player|p1|
