|j|☆moizette
|j|☆claudechamp
|t:|1779873530
|gametype|singles
|player|p1|moizette|gentleman-gen4|1161
|player|p2|claudechamp|169|1214
|gen|9
|tier|[Gen 9] OU
|rated|
|rule|HP Percentage Mod: HP is shown in percentages
|rule|Endless Battle Clause: Forcing endless battles is banned
|rule|Species Clause: Limit one of each Pokémon
|rule|OHKO Clause: OHKO moves are banned
|rule|Evasion Items Clause: Evasion items are banned
|rule|Evasion Moves Clause: Evasion moves are banned
|rule|Evasion Abilities Clause: Evasion abilities are banned
|rule|Sleep Moves Clause: Sleep-inducing moves are banned
|clearpoke
|poke|p1|Gholdengo|
|poke|p1|Excadrill, M|
|poke|p1|Tyranitar, F|
|poke|p1|Corviknight, M|
|poke|p1|Garganacl, M|
|poke|p1|Alomomola, F|
|poke|p2|Corviknight, F|
|poke|p2|Ting-Lu|
|poke|p2|Kyurem|
|poke|p2|Dondozo, F|
|poke|p2|Slowking-Galar, M|
|poke|p2|Cinderace, M|
|teampreview
|inactive|Battle timer is ON: inactive players will automatically lose when time's up. (requested by moizette)
|c|☆claudechamp|hf
|inactive|claudechamp also wants the timer to be on.
|
|t:|1779873539
|teamsize|p1|6
|teamsize|p2|6
|start
|switch|p1a: Gholdengo|Gholdengo|100/100
|switch|p2a: Cinderace|Cinderace, M|100/100
|turn|1
|
|t:|1779873553
|switch|p1a: Alomomola|Alomomola, F|100/100
|move|p2a: Cinderace|Pyro Ball|p1a: Alomomola
|-resisted|p1a: Alomomola
|-damage|p1a: Alomomola|87/100
|
|upkeep
|turn|2
|
|t:|1779873559
|move|p2a: Cinderace|Pyro Ball|p1a: Alomomola
|-resisted|p1a: Alomomola
|-damage|p1a: Alomomola|74/100
|move|p1a: Alomomola|Flip Turn|p2a: Cinderace
|-supereffective|p2a: Cinderace
|-damage|p2a: Cinderace|59/100
|
|t:|1779873567
|switch|p1a: Garganacl|Garganacl, M|100/100|[from] Flip Turn
|
|upkeep
|turn|3
|
|t:|1779873573
|switch|p2a: Kyurem|Kyurem|100/100
|-ability|p2a: Kyurem|Pressure
|switch|p1a: Alomomola|Alomomola, F|100/100
|
|upkeep
|turn|4
|
|t:|1779873580
|move|p2a: Kyurem|Freeze-Dry|p1a: Alomomola
|-supereffective|p1a: Alomomola
|-damage|p1a: Alomomola|24/100
|move|p1a: Alomomola|Flip Turn|p2a: Kyurem
|-resisted|p2a: Kyurem
|-damage|p2a: Kyurem|93/100
|
|t:|1779873587
|switch|p1a: Tyranitar|Tyranitar, F|100/100|[from] Flip Turn
|-weather|Sandstorm|[from] ability: Sand Stream|[of] p1a: Tyranitar
|
|-weather|Sandstorm|[upkeep]
|-damage|p2a: Kyurem|87/100|[from] Sandstorm
|-heal|p2a: Kyurem|93/100|[from] item: Leftovers
|upkeep
|turn|5
|
|t:|1779873596
|-terastallize|p2a: Kyurem|Ground
|move|p2a: Kyurem|Earth Power|p1a: Tyranitar
|-supereffective|p1a: Tyranitar
|-damage|p1a: Tyranitar|65/100
|move|p1a: Tyranitar|Stealth Rock|p2a: Kyurem
|-sidestart|p2: claudechamp|move: Stealth Rock
|
|-weather|Sandstorm|[upkeep]
|-heal|p2a: Kyurem|99/100|[from] item: Leftovers
|upkeep
|turn|6
|
|t:|1779873613
|switch|p1a: Corviknight|Corviknight, M|100/100
|-ability|p1a: Corviknight|Pressure
|move|p2a: Kyurem|Earth Power|p1a: Corviknight
|-immune|p1a: Corviknight
|
|-weather|Sandstorm|[upkeep]
|-heal|p2a: Kyurem|100/100|[from] item: Leftovers
|upkeep
|turn|7
|
|t:|1779873628
|move|p2a: Kyurem|Freeze-Dry|p1a: Corviknight
|-damage|p1a: Corviknight|63/100
|move|p1a: Corviknight|U-turn|p2a: Kyurem
|-damage|p2a: Kyurem|86/100
|
|t:|1779873638
|switch|p1a: Excadrill|Excadrill, M|100/100|[from] U-turn
|
|-weather|Sandstorm|[upkeep]
|-heal|p2a: Kyurem|92/100|[from] item: Leftovers
|upkeep
|turn|8
|
|t:|1779873646
|-terastallize|p1a: Excadrill|Bug
|move|p1a: Excadrill|Hone Claws|p1a: Excadrill
|-boost|p1a: Excadrill|atk|1
|-boost|p1a: Excadrill|accuracy|1
|move|p2a: Kyurem|Freeze-Dry|p1a: Excadrill
|-damage|p1a: Excadrill|55/100
|
|-weather|Sandstorm|[upkeep]
|-heal|p2a: Kyurem|99/100|[from] item: Leftovers
|upkeep
|turn|9
|
|t:|1779873659
|move|p1a: Excadrill|Earthquake|p2a: Kyurem
|-damage|p2a: Kyurem|19/100
|move|p2a: Kyurem|Freeze-Dry|p1a: Excadrill
|-damage|p1a: Excadrill|11/100
|
|-weather|Sandstorm|[upkeep]
|-heal|p2a: Kyurem|25/100|[from] item: Leftovers
|upkeep
|turn|10
|
|t:|1779873668
|switch|p2a: Cinderace|Cinderace, M|59/100
|move|p1a: Excadrill|Earthquake|p2a: Cinderace
|-supereffective|p2a: Cinderace
|-damage|p2a: Cinderace|0 fnt
|faint|p2a: Cinderace
|
|-weather|Sandstorm|[upkeep]
|upkeep
|
|t:|1779873673
|switch|p2a: Kyurem|Kyurem, tera:Ground|25/100
|-damage|p2a: Kyurem|19/100|[from] Stealth Rock
|-ability|p2a: Kyurem|Pressure
|turn|11
|
|t:|1779873680
|move|p1a: Excadrill|Rock Blast|p2a: Kyurem
|-resisted|p2a: Kyurem
|-damage|p2a: Kyurem|13/100
|-resisted|p2a: Kyurem
|-damage|p2a: Kyurem|6/100
|-resisted|p2a: Kyurem
|-damage|p2a: Kyurem|0 fnt
|faint|p2a: Kyurem
|-hitcount|p2: Kyurem|3
|
|-weather|none
|upkeep
|
|t:|1779873682
|switch|p2a: Ting-Lu|Ting-Lu|100/100
|-damage|p2a: Ting-Lu|94/100|[from] Stealth Rock
|-ability|p2a: Ting-Lu|Vessel of Ruin
|turn|12
|
|t:|1779873694
|switch|p1a: Tyranitar|Tyranitar, F|65/100
|-weather|Sandstorm|[from] ability: Sand Stream|[of] p1a: Tyranitar
|move|p2a: Ting-Lu|Payback|p1a: Tyranitar
|-resisted|p1a: Tyranitar
|-damage|p1a: Tyranitar|57/100
|
|-weather|Sandstorm|[upkeep]
|-heal|p2a: Ting-Lu|100/100|[from] item: Leftovers
|upkeep
|turn|13
|
|t:|1779873703
|move|p1a: Tyranitar|Taunt|p2a: Ting-Lu
|-start|p2a: Ting-Lu|move: Taunt
|move|p2a: Ting-Lu|Earthquake|p1a: Tyranitar
|-supereffective|p1a: Tyranitar
|-damage|p1a: Tyranitar|3/100
|
|-weather|Sandstorm|[upkeep]
|upkeep
|turn|14
|
|t:|1779873713
|move|p1a: Tyranitar|Brick Break|p2a: Ting-Lu
|-supereffective|p2a: Ting-Lu
|-damage|p2a: Ting-Lu|75/100
|move|p2a: Ting-Lu|Earthquake|p1a: Tyranitar
|-supereffective|p1a: Tyranitar
|-damage|p1a: Tyranitar|0 fnt
|faint|p1a: Tyranitar
|
|-weather|Sandstorm|[upkeep]
|-heal|p2a: Ting-Lu|81/100|[from] item: Leftovers
|upkeep
|
|t:|1779873721
|switch|p1a: Garganacl|Garganacl, M|100/100
|turn|15
|
|t:|1779873727
|move|p2a: Ting-Lu|Earthquake|p1a: Garganacl
|-supereffective|p1a: Garganacl
|-damage|p1a: Garganacl|65/100
|move|p1a: Garganacl|Salt Cure|p2a: Ting-Lu
|-resisted|p2a: Ting-Lu
|-damage|p2a: Ting-Lu|78/100
|-start|p2a: Ting-Lu|Salt Cure
|
|-weather|Sandstorm|[upkeep]
|-heal|p2a: Ting-Lu|84/100|[from] item: Leftovers
|-damage|p2a: Ting-Lu|71/100|[from] Salt Cure
|-end|p2a: Ting-Lu|move: Taunt
|upkeep
|turn|16
|
|t:|1779873740
|switch|p2a: Corviknight|Corviknight, F|100/100
|-damage|p2a: Corviknight|88/100|[from] Stealth Rock
|-ability|p2a: Corviknight|Pressure
|switch|p1a: Corviknight|Corviknight, M|63/100
|-ability|p1a: Corviknight|Pressure
|
|-weather|Sandstorm|[upkeep]
|-heal|p1a: Corviknight|70/100|[from] item: Leftovers
|upkeep
|turn|17
|
|t:|1779873751
|move|p2a: Corviknight|Defog|p1a: Corviknight
|-unboost|p1a: Corviknight|evasion|1
|-sideend|p2: claudechamp|Stealth Rock|[from] move: Defog|[of] p2a: Corviknight
|move|p1a: Corviknight|U-turn|p2a: Corviknight
|-resisted|p2a: Corviknight
|-damage|p2a: Corviknight|86/100
|-damage|p1a: Corviknight|53/100|[from] item: Rocky Helmet|[of] p2a: Corviknight
|
|t:|1779873758
|switch|p1a: Excadrill|Excadrill, M, tera:Bug|11/100|[from] U-turn
|
|-weather|Sandstorm|[upkeep]
|upkeep
|turn|18
|
|t:|1779873763
|move|p1a: Excadrill|Rock Blast|p2a: Corviknight
|-damage|p2a: Corviknight|80/100
|-damage|p2a: Corviknight|74/100
|-damage|p2a: Corviknight|68/100
|-damage|p2a: Corviknight|62/100
|-damage|p2a: Corviknight|57/100
|-hitcount|p2a: Corviknight|5
|move|p2a: Corviknight|U-turn|p1a: Excadrill
|-damage|p1a: Excadrill|0 fnt
|faint|p1a: Excadrill
|
|t:|1779873773
|switch|p2a: Dondozo|Dondozo, F|100/100|[from] U-turn
|
|-weather|Sandstorm|[upkeep]
|-damage|p2a: Dondozo|94/100|[from] Sandstorm
|-heal|p2a: Dondozo|100/100|[from] item: Leftovers
|upkeep
|
|t:|1779873779
|switch|p1a: Garganacl|Garganacl, M|65/100
|turn|19
|
|t:|1779873785
|move|p1a: Garganacl|Salt Cure|p2a: Dondozo
|-damage|p2a: Dondozo|92/100
|-start|p2a: Dondozo|Salt Cure
|move|p2a: Dondozo|Waterfall|p1a: Garganacl
|-supereffective|p1a: Garganacl
|-damage|p1a: Garganacl|38/100
|
|-weather|none
|-heal|p2a: Dondozo|98/100|[from] item: Leftovers
|-damage|p2a: Dondozo|73/100|[from] Salt Cure
|upkeep
|turn|20
|
|t:|1779873801
|switch|p2a: Slowking|Slowking-Galar, M|100/100
|move|p1a: Garganacl|Earthquake|p2a: Slowking
|-supereffective|p2a: Slowking
|-enditem|p2a: Slowking|Shuca Berry|[eat]
|-enditem|p2a: Slowking|Shuca Berry|[weaken]
|-damage|p2a: Slowking|83/100
|
|upkeep
|turn|21
|
|t:|1779873810
|switch|p1a: Corviknight|Corviknight, M|53/100
|-ability|p1a: Corviknight|Pressure
|-prepare|p2a: Slowking|Chilly Reception|[premajor]
|move|p2a: Slowking|Chilly Reception|p2a: Slowking
|-weather|Snowscape
|
|t:|1779873819
|switch|p2a: Corviknight|Corviknight, F|57/100|[from] Chilly Reception
|-ability|p2a: Corviknight|Pressure
|
|-weather|Snowscape|[upkeep]
|-heal|p1a: Corviknight|59/100|[from] item: Leftovers
|upkeep
|turn|22
|
|t:|1779873828
|switch|p1a: Garganacl|Garganacl, M|38/100
|move|p2a: Corviknight|Roost|p2a: Corviknight
|-heal|p2a: Corviknight|100/100
|-singleturn|p2a: Corviknight|move: Roost
|
|-weather|Snowscape|[upkeep]
|upkeep
|turn|23
|
|t:|1779873836
|move|p2a: Corviknight|U-turn|p1a: Garganacl
|-damage|p1a: Garganacl|31/100
|
|t:|1779873842
|switch|p2a: Slowking|Slowking-Galar, M|100/100|[from] U-turn
|move|p1a: Garganacl|Salt Cure|p2a: Slowking
|-damage|p2a: Slowking|91/100
|-start|p2a: Slowking|Salt Cure
|
|-weather|Snowscape|[upkeep]
|-damage|p2a: Slowking|78/100|[from] Salt Cure
|upkeep
|turn|24
|
|t:|1779873858
|move|p1a: Garganacl|Earthquake|p2a: Slowking
|-supereffective|p2a: Slowking
|-damage|p2a: Slowking|46/100
|-prepare|p2a: Slowking|Chilly Reception|[premajor]
|move|p2a: Slowking|Chilly Reception|p2a: Slowking
|
|t:|1779873870
|switch|p2a: Ting-Lu|Ting-Lu|71/100|[from] Chilly Reception
|-ability|p2a: Ting-Lu|Vessel of Ruin
|
|-weather|Snowscape|[upkeep]
|-heal|p2a: Ting-Lu|78/100|[from] item: Leftovers
|upkeep
|turn|25
|
|t:|1779873879
|switch|p1a: Corviknight|Corviknight, M|59/100
|-ability|p1a: Corviknight|Pressure
|move|p2a: Ting-Lu|Earthquake|p1a: Corviknight
|-immune|p1a: Corviknight
|
|-weather|none
|-heal|p1a: Corviknight|66/100|[from] item: Leftovers
|-heal|p2a: Ting-Lu|84/100|[from] item: Leftovers
|upkeep
|turn|26
|
|t:|1779873894
|switch|p2a: Slowking|Slowking-Galar, M|79/100
|move|p1a: Corviknight|U-turn|p2a: Slowking
|-damage|p2a: Slowking|68/100
|
|t:|1779873898
|switch|p1a: Gholdengo|Gholdengo|100/100|[from] U-turn
|
|upkeep
|turn|27
|
|t:|1779873916
|move|p1a: Gholdengo|Focus Blast|p2a: Slowking|[miss]
|-miss|p1a: Gholdengo|p2a: Slowking
|move|p2a: Slowking|Future Sight|p1a: Gholdengo
|-start|p2a: Slowking|move: Future Sight
|
|upkeep
|turn|28
|
|t:|1779873922
|switch|p1a: Corviknight|Corviknight, M|66/100
|-ability|p1a: Corviknight|Pressure
|switch|p2a: Dondozo|Dondozo, F|73/100
|
|-heal|p1a: Corviknight|72/100|[from] item: Leftovers
|-heal|p2a: Dondozo|79/100|[from] item: Leftovers
|upkeep
|turn|29
|
|t:|1779873932
|move|p1a: Corviknight|Roost|p1a: Corviknight
|-heal|p1a: Corviknight|100/100
|-singleturn|p1a: Corviknight|move: Roost
|move|p2a: Dondozo|Curse|p2a: Dondozo
|-unboost|p2a: Dondozo|spe|1
|-boost|p2a: Dondozo|atk|1
|-boost|p2a: Dondozo|def|1
|
|-end|p1a: Corviknight|move: Future Sight
|-resisted|p1a: Corviknight
|-damage|p1a: Corviknight|79/100
|-heal|p1a: Corviknight|85/100|[from] item: Leftovers
|-heal|p2a: Dondozo|86/100|[from] item: Leftovers
|upkeep
|turn|30
|
|t:|1779873945
|switch|p1a: Gholdengo|Gholdengo|100/100
|move|p2a: Dondozo|Body Press|p1a: Gholdengo
|-immune|p1a: Gholdengo
|
|-heal|p2a: Dondozo|92/100|[from] item: Leftovers
|upkeep
|turn|31
|
|t:|1779873952
|move|p1a: Gholdengo|Shadow Ball|p2a: Dondozo
|-damage|p2a: Dondozo|48/100
|move|p2a: Dondozo|Waterfall|p1a: Gholdengo
|-damage|p1a: Gholdengo|54/100
|
|-heal|p2a: Dondozo|54/100|[from] item: Leftovers
|upkeep
|turn|32
|
|t:|1779873959
|move|p1a: Gholdengo|Shadow Ball|p2a: Dondozo
|-damage|p2a: Dondozo|16/100
|move|p2a: Dondozo|Waterfall|p1a: Gholdengo
|-damage|p1a: Gholdengo|8/100
|
|-heal|p2a: Dondozo|22/100|[from] item: Leftovers
|upkeep
|turn|33
|
|t:|1779873967
|switch|p2a: Ting-Lu|Ting-Lu|84/100
|-ability|p2a: Ting-Lu|Vessel of Ruin
|move|p1a: Gholdengo|Shadow Ball|p2a: Ting-Lu
|-resisted|p2a: Ting-Lu
|-damage|p2a: Ting-Lu|72/100
|
|-heal|p2a: Ting-Lu|78/100|[from] item: Leftovers
|upkeep
|turn|34
|
|t:|1779873977
|switch|p1a: Alomomola|Alomomola, F|57/100
|move|p2a: Ting-Lu|Earthquake|p1a: Alomomola
|-damage|p1a: Alomomola|36/100
|
|-heal|p2a: Ting-Lu|84/100|[from] item: Leftovers
|upkeep
|turn|35
|
|t:|1779873984
|switch|p2a: Corviknight|Corviknight, F|100/100
|-ability|p2a: Corviknight|Pressure
|move|p1a: Alomomola|Wish|p1a: Alomomola
|
|upkeep
|turn|36
|
|t:|1779873989
|move|p2a: Corviknight|U-turn|p1a: Alomomola
|-damage|p1a: Alomomola|28/100
|
|t:|1779873995
|switch|p2a: Ting-Lu|Ting-Lu|84/100|[from] U-turn
|-ability|p2a: Ting-Lu|Vessel of Ruin
|move|p1a: Alomomola|Flip Turn|p2a: Ting-Lu
|-supereffective|p2a: Ting-Lu
|-damage|p2a: Ting-Lu|67/100
|
|t:|1779874002
|switch|p1a: Gholdengo|Gholdengo|8/100|[from] Flip Turn
|
|-heal|p1a: Gholdengo|93/100|[from] move: Wish|[wisher] Alomomola
|-heal|p2a: Ting-Lu|73/100|[from] item: Leftovers
|upkeep
|turn|37
|
|t:|1779874010
|move|p1a: Gholdengo|Focus Blast|p2a: Ting-Lu
|-supereffective|p2a: Ting-Lu
|-damage|p2a: Ting-Lu|23/100
|move|p2a: Ting-Lu|Earthquake|p1a: Gholdengo
|-supereffective|p1a: Gholdengo
|-damage|p1a: Gholdengo|4/100
|
|-heal|p2a: Ting-Lu|29/100|[from] item: Leftovers
|upkeep
|turn|38
|
|t:|1779874018
|switch|p1a: Corviknight|Corviknight, M|85/100
|-ability|p1a: Corviknight|Pressure
|switch|p2a: Slowking|Slowking-Galar, M|100/100
|
|-heal|p1a: Corviknight|92/100|[from] item: Leftovers
|upkeep
|turn|39
|
|t:|1779874026
|move|p1a: Corviknight|U-turn|p2a: Slowking
|-damage|p2a: Slowking|90/100
|
|t:|1779874029
|switch|p1a: Alomomola|Alomomola, F|61/100|[from] U-turn
|move|p2a: Slowking|Future Sight|p1a: Alomomola
|-start|p2a: Slowking|move: Future Sight
|
|upkeep
|turn|40
|
|t:|1779874038
|move|p1a: Alomomola|Wish|p1a: Alomomola
|move|p2a: Slowking|Ice Beam|p1a: Alomomola
|-resisted|p1a: Alomomola
|-damage|p1a: Alomomola|48/100
|-status|p1a: Alomomola|frz
|
|upkeep
|turn|41
|
|t:|1779874044
|switch|p2a: Ting-Lu|Ting-Lu|29/100
|-ability|p2a: Ting-Lu|Vessel of Ruin
|cant|p1a: Alomomola|frz
|
|-end|p1a: Alomomola|move: Future Sight
|-damage|p1a: Alomomola|5/100 frz
|-heal|p1a: Alomomola|55/100 frz|[from] move: Wish|[wisher] Alomomola
|-heal|p2a: Ting-Lu|35/100|[from] item: Leftovers
|upkeep
|turn|42
|
|t:|1779874056
|switch|p1a: Corviknight|Corviknight, M|92/100
|-ability|p1a: Corviknight|Pressure
|move|p2a: Ting-Lu|Rest|p2a: Ting-Lu
|-status|p2a: Ting-Lu|slp|[from] move: Rest
|-heal|p2a: Ting-Lu|100/100 slp|[silent]
|
|-heal|p1a: Corviknight|98/100|[from] item: Leftovers
|upkeep
|turn|43
|
|t:|1779874065
|move|p1a: Corviknight|U-turn|p2a: Ting-Lu
|-supereffective|p2a: Ting-Lu
|-damage|p2a: Ting-Lu|85/100 slp
|
|t:|1779874067
|switch|p1a: Alomomola|Alomomola, F|89/100 frz|[from] U-turn
|cant|p2a: Ting-Lu|slp
|move|p2a: Ting-Lu|Sleep Talk|p2a: Ting-Lu
|move|p2a: Ting-Lu|Earthquake|p1a: Alomomola|[from] move: Sleep Talk
|-damage|p1a: Alomomola|67/100 frz
|
|-heal|p2a: Ting-Lu|91/100 slp|[from] item: Leftovers
|upkeep
|turn|44
|
|t:|1779874076
|cant|p2a: Ting-Lu|slp
|move|p2a: Ting-Lu|Sleep Talk|p2a: Ting-Lu
|move|p2a: Ting-Lu|Rest||[from] move: Sleep Talk|[still]
|-fail|p2a: Ting-Lu
|cant|p1a: Alomomola|frz
|
|-heal|p2a: Ting-Lu|97/100 slp|[from] item: Leftovers
|upkeep
|turn|45
|
|t:|1779874083
|-curestatus|p2a: Ting-Lu|slp|[msg]
|move|p2a: Ting-Lu|Payback|p1a: Alomomola
|-damage|p1a: Alomomola|57/100 frz
|cant|p1a: Alomomola|frz
|
|-heal|p2a: Ting-Lu|100/100|[from] item: Leftovers
|upkeep
|turn|46
|
|t:|1779874090
|switch|p2a: Dondozo|Dondozo, F|22/100
|cant|p1a: Alomomola|frz
|
|-heal|p2a: Dondozo|28/100|[from] item: Leftovers
|upkeep
|turn|47
|
|t:|1779874099
|cant|p1a: Alomomola|frz
|move|p2a: Dondozo|Rest|p2a: Dondozo
|-status|p2a: Dondozo|slp|[from] move: Rest
|-heal|p2a: Dondozo|100/100 slp|[silent]
|
|upkeep
|turn|48
|
|t:|1779874105
|switch|p2a: Slowking|Slowking-Galar, M|100/100
|cant|p1a: Alomomola|frz
|
|upkeep
|turn|49
|
|t:|1779874116
|cant|p1a: Alomomola|frz
|move|p2a: Slowking|Ice Beam|p1a: Alomomola
|-resisted|p1a: Alomomola
|-damage|p1a: Alomomola|45/100 frz
|
|upkeep
|turn|50
|
|t:|1779874129
|cant|p1a: Alomomola|frz
|move|p2a: Slowking|Ice Beam|p1a: Alomomola
|-resisted|p1a: Alomomola
|-damage|p1a: Alomomola|32/100 frz
|
|upkeep
|turn|51
|
|t:|1779874136
|cant|p1a: Alomomola|frz
|move|p2a: Slowking|Ice Beam|p1a: Alomomola
|-resisted|p1a: Alomomola
|-damage|p1a: Alomomola|18/100 frz
|
|upkeep
|turn|52
|
|t:|1779874146
|cant|p1a: Alomomola|frz
|move|p2a: Slowking|Future Sight|p1a: Alomomola
|-start|p2a: Slowking|move: Future Sight
|
|upkeep
|turn|53
|
|t:|1779874154
|cant|p1a: Alomomola|frz
|move|p2a: Slowking|Ice Beam|p1a: Alomomola
|-resisted|p1a: Alomomola
|-damage|p1a: Alomomola|5/100 frz
|
|upkeep
|turn|54
|
|t:|1779874166
|switch|p1a: Corviknight|Corviknight, M|98/100
|-ability|p1a: Corviknight|Pressure
|move|p2a: Slowking|Sludge Bomb|p1a: Corviknight
|-immune|p1a: Corviknight
|
|-end|p1a: Corviknight|move: Future Sight
|-resisted|p1a: Corviknight
|-damage|p1a: Corviknight|77/100
|-heal|p1a: Corviknight|83/100|[from] item: Leftovers
|upkeep
|turn|55
|inactive|moizette has 120 seconds left.
|c|☆moizette|15 turns of freeE
|c|☆moizette|freeze
|
|t:|1779874206
|switch|p1a: Alomomola|Alomomola, F|38/100 frz
|move|p2a: Slowking|Ice Beam|p1a: Alomomola
|-resisted|p1a: Alomomola
|-damage|p1a: Alomomola|26/100 frz
|
|upkeep
|turn|56
|inactive|moizette has 120 seconds left.
|
|t:|1779874213
|switch|p1a: Corviknight|Corviknight, M|83/100
|-ability|p1a: Corviknight|Pressure
|move|p2a: Slowking|Future Sight|p1a: Corviknight
|-start|p2a: Slowking|move: Future Sight
|
|-heal|p1a: Corviknight|89/100|[from] item: Leftovers
|upkeep
|turn|57
|-message|moizette forfeited.
|
|win|claudechamp
|raw|moizette's rating: 1161 &rarr; <strong>1139</strong><br />(-22 for losing)
|raw|claudechamp's rating: 1202 &rarr; <strong>1224</strong><br />(+22 for winning)
|l|☆moizette
|player|p1|
|c|☆claudechamp|gg
