|j|☆ZRC7
|j|☆diddlediddle
|t:|1779907973
|gametype|singles
|player|p1|ZRC7|boarder|1247
|player|p2|diddlediddle|swimmerf|1335
|gen|9
|tier|[Gen 9] OU
|rated|
|rule|HP Percentage Mod: HP is shown in percentages
|rule|Endless Battle Clause: Forcing endless battles is banned
|rule|Species Clause: Limit one of each Pokémon
|rule|OHKO Clause: OHKO moves are banned
|rule|Evasion Items Clause: Evasion items are banned
|rule|Evasion Moves Clause: Evasion moves are banned
|rule|Evasion Abilities Clause: Evasion abilities are banned
|rule|Sleep Moves Clause: Sleep-inducing moves are banned
|clearpoke
|poke|p1|Landorus-Therian, M|
|poke|p1|Ursaluna, F|
|poke|p1|Primarina, F|
|poke|p1|Cinderace, F|
|poke|p1|Meowscarada, F|
|poke|p1|Iron Valiant|
|poke|p2|Cacturne, F|
|poke|p2|Sandy Shocks|
|poke|p2|Jirachi|
|poke|p2|Zoroark-Hisui, F|
|poke|p2|Heatran, F|
|poke|p2|Maushold-Four|
|teampreview
|inactive|Battle timer is ON: inactive players will automatically lose when time's up. (requested by diddlediddle)
|inactive|ZRC7 also wants the timer to be on.
|inactive|ZRC7 has 120 seconds left.
|inactive|diddlediddle has 120 seconds left.
|inactive|diddlediddle has 90 seconds left.
|
|t:|1779908038
|teamsize|p1|6
|teamsize|p2|6
|start
|switch|p1a: Landorus|Landorus-Therian, M|100/100
|switch|p2a: Cacturne|Cacturne, F|100/100
|-ability|p1a: Landorus|Intimidate|boost
|-unboost|p2a: Cacturne|atk|1
|turn|1
|
|t:|1779908049
|move|p2a: Cacturne|Bitter Malice|p1a: Landorus
|-damage|p1a: Landorus|24/100
|-unboost|p1a: Landorus|atk|1
|move|p1a: Landorus|U-turn|p2a: Cacturne
|-resisted|p2a: Cacturne
|-damage|p2a: Cacturne|81/100
|replace|p2a: Zoroark|Zoroark-Hisui, F
|-end|p2a: Zoroark|Illusion
|
|t:|1779908057
|switch|p1a: Meowscarada|Meowscarada, F|100/100|[from] U-turn
|
|upkeep
|turn|2
|
|t:|1779908067
|switch|p2a: Heatran|Heatran, F|100/100
|move|p1a: Meowscarada|Knock Off|p2a: Heatran
|-start|p1a: Meowscarada|typechange|Dark|[from] ability: Protean
|-damage|p2a: Heatran|35/100
|-enditem|p2a: Heatran|Choice Scarf|[from] move: Knock Off|[of] p1a: Meowscarada
|
|upkeep
|turn|3
|inactive|ZRC7 has 120 seconds left.
|
|t:|1779908103
|switch|p1a: Ursaluna|Ursaluna, F|100/100
|move|p2a: Heatran|Will-O-Wisp|p1a: Ursaluna|[miss]
|-miss|p2a: Heatran|p1a: Ursaluna
|
|-status|p1a: Ursaluna|brn|[from] item: Flame Orb
|upkeep
|turn|4
|inactive|ZRC7 has 120 seconds left.
|
|t:|1779908115
|-terastallize|p2a: Heatran|Flying
|move|p2a: Heatran|Flamethrower|p1a: Ursaluna
|-damage|p1a: Ursaluna|58/100 brn
|move|p1a: Ursaluna|Headlong Rush|p2a: Heatran
|-immune|p2a: Heatran
|
|-damage|p1a: Ursaluna|51/100 brn|[from] brn
|upkeep
|turn|5
|
|t:|1779908128
|switch|p2a: Cacturne|Cacturne, F|81/100
|move|p1a: Ursaluna|Facade|p2a: Cacturne
|-immune|p2a: Cacturne
|
|-damage|p1a: Ursaluna|45/100 brn|[from] brn
|upkeep
|turn|6
|
|t:|1779908141
|switch|p2a: Heatran|Heatran, F, tera:Flying|35/100
|switch|p1a: Landorus|Landorus-Therian, M|24/100
|-ability|p1a: Landorus|Intimidate|boost
|-unboost|p2a: Heatran|atk|1
|
|upkeep
|turn|7
|
|t:|1779908151
|move|p1a: Landorus|Stealth Rock|p2a: Heatran
|-sidestart|p2: diddlediddle|move: Stealth Rock
|move|p2a: Heatran|Flamethrower|p1a: Landorus
|-damage|p1a: Landorus|0 fnt
|faint|p1a: Landorus
|
|upkeep
|
|t:|1779908164
|switch|p1a: Meowscarada|Meowscarada, F|100/100
|turn|8
|
|t:|1779908170
|move|p1a: Meowscarada|Triple Axel|p2a: Heatran
|-start|p1a: Meowscarada|typechange|Ice|[from] ability: Protean
|-supereffective|p2a: Heatran
|-damage|p2a: Heatran|5/100
|-supereffective|p2a: Heatran
|-damage|p2a: Heatran|0 fnt
|faint|p2a: Heatran
|-hitcount|p2: Heatran|2
|
|upkeep
|
|t:|1779908180
|switch|p2a: Maushold|Maushold-Four|100/100
|-damage|p2a: Maushold|88/100|[from] Stealth Rock
|turn|9
|
|t:|1779908190
|-terastallize|p1a: Meowscarada|Ghost
|move|p1a: Meowscarada|Triple Axel|p2a: Maushold
|-crit|p2a: Maushold
|-damage|p2a: Maushold|55/100
|-damage|p2a: Maushold|12/100
|-damage|p2a: Maushold|0 fnt
|faint|p2a: Maushold
|-hitcount|p2: Maushold|3
|
|upkeep
|
|t:|1779908202
|switch|p2a: Cacturne|Cacturne, F|100/100
|-damage|p2a: Cacturne|88/100|[from] Stealth Rock
|turn|10
|
|t:|1779908206
|move|p2a: Cacturne|Sucker Punch|p1a: Meowscarada
|-supereffective|p1a: Meowscarada
|-damage|p1a: Meowscarada|0 fnt
|faint|p1a: Meowscarada
|
|upkeep
|
|t:|1779908213
|switch|p1a: Cinderace|Cinderace, F|100/100
|turn|11
|
|t:|1779908220
|move|p1a: Cinderace|U-turn|p2a: Cacturne
|-supereffective|p2a: Cacturne
|-damage|p2a: Cacturne|0 fnt
|faint|p2a: Cacturne
|
|t:|1779908228
|switch|p1a: Primarina|Primarina, F|100/100|[from] U-turn
|
|upkeep
|
|t:|1779908233
|switch|p2a: Live by the flinch|Jirachi|100/100
|-damage|p2a: Live by the flinch|94/100|[from] Stealth Rock
|turn|12
|
|t:|1779908243
|move|p2a: Live by the flinch|Body Slam|p1a: Primarina
|-damage|p1a: Primarina|67/100
|-status|p1a: Primarina|par
|move|p1a: Primarina|Surf|p2a: Live by the flinch
|-damage|p2a: Live by the flinch|43/100
|
|upkeep
|turn|13
|
|t:|1779908250
|switch|p2a: Live by the flinch|Jirachi|81/100
|-damage|p2a: Live by the flinch|69/100|[from] Stealth Rock
|move|p1a: Primarina|Surf|p2a: Live by the flinch
|-damage|p2a: Live by the flinch|0 fnt
|replace|p2a: Zoroark|Zoroark-Hisui, F
|-end|p2a: Zoroark|Illusion
|faint|p2a: Zoroark
|
|upkeep
|
|t:|1779908261
|switch|p2a: Sandy Shocks|Sandy Shocks|100/100
|-damage|p2a: Sandy Shocks|94/100|[from] Stealth Rock
|-enditem|p2a: Sandy Shocks|Booster Energy
|-activate|p2a: Sandy Shocks|ability: Protosynthesis|[fromitem]
|-start|p2a: Sandy Shocks|protosynthesisspe
|turn|14
|
|t:|1779908268
|move|p2a: Sandy Shocks|Thunderbolt|p1a: Primarina
|-supereffective|p1a: Primarina
|-damage|p1a: Primarina|23/100 par
|cant|p1a: Primarina|par
|
|upkeep
|turn|15
|
|t:|1779908275
|move|p2a: Sandy Shocks|Earth Power|p1a: Primarina
|-damage|p1a: Primarina|1/100 par
|move|p1a: Primarina|Surf|p2a: Sandy Shocks
|-supereffective|p2a: Sandy Shocks
|-damage|p2a: Sandy Shocks|0 fnt
|faint|p2a: Sandy Shocks
|-end|p2a: Sandy Shocks|Protosynthesis|[silent]
|
|upkeep
|
|t:|1779908283
|switch|p2a: Live by the flinch|Jirachi|43/100
|-damage|p2a: Live by the flinch|37/100|[from] Stealth Rock
|turn|16
|c|☆diddlediddle|It's all up to Him
|
|t:|1779908294
|move|p2a: Live by the flinch|Iron Head|p1a: Primarina
|-damage|p1a: Primarina|0 fnt
|faint|p1a: Primarina
|
|upkeep
|
|t:|1779908299
|switch|p1a: Iron Valiant|Iron Valiant|100/100
|-enditem|p1a: Iron Valiant|Booster Energy
|-activate|p1a: Iron Valiant|ability: Quark Drive|[fromitem]
|-start|p1a: Iron Valiant|quarkdrivespe
|turn|17
|c|☆ZRC7|I outspeed
|c|☆ZRC7|gg
|
|t:|1779908309
|move|p1a: Iron Valiant|Knock Off|p2a: Live by the flinch
|-supereffective|p2a: Live by the flinch
|-crit|p2a: Live by the flinch
|-damage|p2a: Live by the flinch|0 fnt
|-enditem|p2a: Live by the flinch|Choice Scarf|[from] move: Knock Off|[of] p1a: Iron Valiant
|faint|p2a: Live by the flinch
|
|win|ZRC7
|raw|ZRC7's rating: 1247 &rarr; <strong>1278</strong><br />(+31 for winning)
|raw|diddlediddle's rating: 1335 &rarr; <strong>1310</strong><br />(-25 for losing)
|c|☆diddlediddle|GG sir
|l|☆diddlediddle
|player|p2|
|l|☆ZRC7
|player|p1|
