|j|☆Ting-Lu1234
|j|☆muskat-mix
|t:|1779878228
|gametype|singles
|player|p1|Ting-Lu1234|2|1503
|player|p2|muskat-mix|169|1440
|gen|9
|tier|[Gen 9] OU
|rated|
|rule|HP Percentage Mod: HP is shown in percentages
|rule|Endless Battle Clause: Forcing endless battles is banned
|rule|Species Clause: Limit one of each Pokémon
|rule|OHKO Clause: OHKO moves are banned
|rule|Evasion Items Clause: Evasion items are banned
|rule|Evasion Moves Clause: Evasion moves are banned
|rule|Evasion Abilities Clause: Evasion abilities are banned
|rule|Sleep Moves Clause: Sleep-inducing moves are banned
|clearpoke
|poke|p1|Polteageist|
|poke|p1|Grimmsnarl, M|
|poke|p1|Garganacl, F|
|poke|p1|Ting-Lu|
|poke|p1|Ditto|
|poke|p1|Necrozma|
|poke|p2|Alomomola, M|
|poke|p2|Pecharunt|
|poke|p2|Great Tusk|
|poke|p2|Lokix, M|
|poke|p2|Iron Crown|
|poke|p2|Enamorus, F|
|teampreview
|
|t:|1779878232
|teamsize|p1|6
|teamsize|p2|6
|start
|switch|p1a: Grimmsnarl|Grimmsnarl, M|100/100
|switch|p2a: Lokix|Lokix, M|100/100
|turn|1
|inactive|Battle timer is ON: inactive players will automatically lose when time's up. (requested by muskat-mix)
|
|t:|1779878243
|switch|p1a: Garganacl|Garganacl, F|100/100
|-terastallize|p2a: Lokix|Bug
|move|p2a: Lokix|First Impression|p1a: Garganacl
|-damage|p1a: Garganacl|36/100
|
|-heal|p1a: Garganacl|42/100|[from] item: Leftovers
|upkeep
|turn|2
|
|t:|1779878257
|switch|p2a: Pecharunt|Pecharunt|100/100
|switch|p1a: Grimmsnarl|Grimmsnarl, M|100/100
|
|upkeep
|turn|3
|
|t:|1779878262
|move|p1a: Grimmsnarl|Light Screen|p1a: Grimmsnarl
|-sidestart|p1: Ting-Lu1234|move: Light Screen
|move|p2a: Pecharunt|Malignant Chain|p1a: Grimmsnarl
|-supereffective|p1a: Grimmsnarl
|-damage|p1a: Grimmsnarl|71/100
|-status|p1a: Grimmsnarl|tox
|-start|p1a: Grimmsnarl|confusion|[from] ability: Poison Puppeteer|[of] p2a: Pecharunt
|
|-damage|p1a: Grimmsnarl|65/100 tox|[from] psn
|upkeep
|turn|4
|
|t:|1779878282
|-activate|p1a: Grimmsnarl|confusion
|-damage|p1a: Grimmsnarl|54/100 tox|[from] confusion
|move|p2a: Pecharunt|Malignant Chain|p1a: Grimmsnarl
|-supereffective|p1a: Grimmsnarl
|-damage|p1a: Grimmsnarl|23/100 tox
|
|-damage|p1a: Grimmsnarl|11/100 tox|[from] psn
|upkeep
|turn|5
|
|t:|1779878303
|-activate|p1a: Grimmsnarl|confusion
|move|p1a: Grimmsnarl|Reflect|p1a: Grimmsnarl
|-sidestart|p1: Ting-Lu1234|Reflect
|move|p2a: Pecharunt|Parting Shot|p1a: Grimmsnarl
|-unboost|p1a: Grimmsnarl|atk|1
|-unboost|p1a: Grimmsnarl|spa|1
|
|t:|1779878310
|switch|p2a: Alomomola|Alomomola, M|100/100|[from] Parting Shot
|
|-damage|p1a: Grimmsnarl|0 fnt|[from] psn
|faint|p1a: Grimmsnarl
|upkeep
|
|t:|1779878330
|switch|p1a: Polteageist|Polteageist|100/100
|turn|6
|
|t:|1779878333
|move|p1a: Polteageist|Shell Smash|p1a: Polteageist
|-unboost|p1a: Polteageist|def|1
|-unboost|p1a: Polteageist|spd|1
|-boost|p1a: Polteageist|atk|2
|-boost|p1a: Polteageist|spa|2
|-boost|p1a: Polteageist|spe|2
|move|p2a: Alomomola|Flip Turn|p1a: Polteageist
|-damage|p1a: Polteageist|77/100
|-ability|p1a: Polteageist|Weak Armor|boost
|-unboost|p1a: Polteageist|def|1
|-boost|p1a: Polteageist|spe|2
|
|t:|1779878338
|switch|p2a: Lokix|Lokix, M, tera:Bug|100/100|[from] Flip Turn
|
|upkeep
|turn|7
|
|t:|1779878356
|move|p2a: Lokix|First Impression|p1a: Polteageist
|-resisted|p1a: Polteageist
|-damage|p1a: Polteageist|0 fnt
|faint|p1a: Polteageist
|
|upkeep
|
|t:|1779878363
|switch|p1a: Ditto|Ditto|100/100
|-transform|p1a: Ditto|p2a: Lokix|[from] ability: Imposter
|turn|8
|
|t:|1779878375
|switch|p2a: Pecharunt|Pecharunt|100/100
|move|p1a: Ditto|First Impression|p2a: Pecharunt
|-resisted|p2a: Pecharunt
|-damage|p2a: Pecharunt|89/100
|-damage|p1a: Ditto|84/100|[from] item: Rocky Helmet|[of] p2a: Pecharunt
|
|upkeep
|turn|9
|
|t:|1779878395
|switch|p1a: Ting-Lu|Ting-Lu|100/100
|-ability|p1a: Ting-Lu|Vessel of Ruin
|move|p2a: Pecharunt|Parting Shot|p1a: Ting-Lu
|-unboost|p1a: Ting-Lu|atk|1
|-unboost|p1a: Ting-Lu|spa|1
|
|t:|1779878398
|switch|p2a: Lokix|Lokix, M, tera:Bug|100/100|[from] Parting Shot
|
|upkeep
|turn|10
|
|t:|1779878412
|move|p2a: Lokix|Leech Life|p1a: Ting-Lu
|-supereffective|p1a: Ting-Lu
|-damage|p1a: Ting-Lu|57/100
|move|p1a: Ting-Lu|Stealth Rock|p2a: Lokix
|-sidestart|p2: muskat-mix|move: Stealth Rock
|
|-heal|p1a: Ting-Lu|63/100|[from] item: Leftovers
|-sideend|p1: Ting-Lu1234|move: Light Screen
|upkeep
|turn|11
|
|t:|1779878417
|move|p2a: Lokix|Leech Life|p1a: Ting-Lu
|-supereffective|p1a: Ting-Lu
|-damage|p1a: Ting-Lu|25/100
|move|p1a: Ting-Lu|Memento|p2a: Lokix
|-unboost|p2a: Lokix|atk|2
|-unboost|p2a: Lokix|spa|2
|faint|p1a: Ting-Lu
|
|upkeep
|
|t:|1779878427
|switch|p1a: Ditto|Ditto|84/100
|-transform|p1a: Ditto|p2a: Lokix|[from] ability: Imposter
|turn|12
|
|t:|1779878434
|switch|p2a: Pecharunt|Pecharunt|89/100
|-damage|p2a: Pecharunt|77/100|[from] Stealth Rock
|move|p1a: Ditto|Knock Off|p2a: Pecharunt
|-supereffective|p2a: Pecharunt
|-damage|p2a: Pecharunt|56/100
|-damage|p1a: Ditto|67/100|[from] item: Rocky Helmet|[of] p2a: Pecharunt
|-enditem|p2a: Pecharunt|Rocky Helmet|[from] move: Knock Off|[of] p1a: Ditto
|
|-sideend|p1: Ting-Lu1234|Reflect
|upkeep
|turn|13
|
|t:|1779878456
|move|p1a: Ditto|Knock Off|p2a: Pecharunt
|-supereffective|p2a: Pecharunt
|-damage|p2a: Pecharunt|40/100
|move|p2a: Pecharunt|Recover|p2a: Pecharunt
|-heal|p2a: Pecharunt|90/100
|
|upkeep
|turn|14
|
|t:|1779878462
|switch|p1a: Garganacl|Garganacl, F|42/100
|move|p2a: Pecharunt|Malignant Chain|p1a: Garganacl
|-resisted|p1a: Garganacl
|-damage|p1a: Garganacl|30/100
|
|-heal|p1a: Garganacl|36/100|[from] item: Leftovers
|upkeep
|turn|15
|
|t:|1779878472
|move|p2a: Pecharunt|Malignant Chain|p1a: Garganacl
|-resisted|p1a: Garganacl
|-damage|p1a: Garganacl|25/100
|move|p1a: Garganacl|Recover|p1a: Garganacl
|-heal|p1a: Garganacl|76/100
|
|-heal|p1a: Garganacl|82/100|[from] item: Leftovers
|upkeep
|turn|16
|
|t:|1779878483
|switch|p2a: Lokix|Lokix, M, tera:Bug|100/100
|-damage|p2a: Lokix|75/100|[from] Stealth Rock
|move|p1a: Garganacl|Iron Defense|p1a: Garganacl
|-boost|p1a: Garganacl|def|2
|
|-heal|p1a: Garganacl|88/100|[from] item: Leftovers
|upkeep
|turn|17
|
|t:|1779878491
|move|p2a: Lokix|U-turn|p1a: Garganacl
|-damage|p1a: Garganacl|63/100
|
|t:|1779878493
|switch|p2a: Iron Crown|Iron Crown|100/100|[from] U-turn
|-damage|p2a: Iron Crown|94/100|[from] Stealth Rock
|move|p1a: Garganacl|Iron Defense|p1a: Garganacl
|-boost|p1a: Garganacl|def|2
|
|-heal|p1a: Garganacl|69/100|[from] item: Leftovers
|upkeep
|turn|18
|
|t:|1779878508
|-terastallize|p1a: Garganacl|Ghost
|move|p2a: Iron Crown|Tachyon Cutter|p1a: Garganacl
|-damage|p1a: Garganacl|44/100
|-damage|p1a: Garganacl|14/100
|-hitcount|p1a: Garganacl|2
|move|p1a: Garganacl|Body Press|p2a: Iron Crown
|-damage|p2a: Iron Crown|9/100
|
|-heal|p1a: Garganacl|20/100|[from] item: Leftovers
|upkeep
|turn|19
|
|t:|1779878524
|move|p2a: Iron Crown|Tachyon Cutter|p1a: Garganacl
|-damage|p1a: Garganacl|0 fnt
|faint|p1a: Garganacl
|-hitcount|p1: Garganacl|1
|
|upkeep
|
|t:|1779878532
|switch|p1a: Necrozma|Necrozma|100/100
|turn|20
|
|t:|1779878539
|move|p2a: Iron Crown|Tachyon Cutter|p1a: Necrozma
|-crit|p1a: Necrozma
|-damage|p1a: Necrozma|47/100
|-damage|p1a: Necrozma|11/100
|-hitcount|p1a: Necrozma|2
|move|p1a: Necrozma|Calm Mind|p1a: Necrozma
|-boost|p1a: Necrozma|spa|1
|-boost|p1a: Necrozma|spd|1
|
|-heal|p1a: Necrozma|18/100|[from] item: Leftovers
|upkeep
|turn|21
|
|t:|1779878547
|move|p2a: Iron Crown|Tachyon Cutter|p1a: Necrozma
|-damage|p1a: Necrozma|0 fnt
|faint|p1a: Necrozma
|-hitcount|p1: Necrozma|1
|
|upkeep
|
|t:|1779878549
|switch|p1a: Ditto|Ditto|67/100
|-transform|p1a: Ditto|p2a: Iron Crown|[from] ability: Imposter
|turn|22
|
|t:|1779878559
|move|p1a: Ditto|Volt Switch|p2a: Iron Crown
|-damage|p2a: Iron Crown|0 fnt
|faint|p2a: Iron Crown
|-end|p2a: Iron Crown|Quark Drive|[silent]
|
|upkeep
|
|t:|1779878562
|switch|p2a: Lokix|Lokix, M, tera:Bug|75/100
|-damage|p2a: Lokix|50/100|[from] Stealth Rock
|turn|23
|
|t:|1779878575
|move|p2a: Lokix|First Impression|p1a: Ditto
|-damage|p1a: Ditto|0 fnt
|faint|p1a: Ditto
|-end|p1a: Ditto|Quark Drive|[silent]
|
|win|muskat-mix
|raw|Ting-Lu1234's rating: 1503 &rarr; <strong>1479</strong><br />(-24 for losing)
|raw|muskat-mix's rating: 1440 &rarr; <strong>1464</strong><br />(+24 for winning)
|l|☆Ting-Lu1234
|player|p1|
|l|☆muskat-mix
|player|p2|
