|j|☆TianBing
|j|☆Exilos
|t:|1779864974
|gametype|singles
|player|p1|TianBing|cynthia|1199
|player|p2|Exilos|1|1224
|gen|9
|tier|[Gen 9] OU
|rated|
|rule|HP Percentage Mod: HP is shown in percentages
|rule|Endless Battle Clause: Forcing endless battles is banned
|rule|Species Clause: Limit one of each Pokémon
|rule|OHKO Clause: OHKO moves are banned
|rule|Evasion Items Clause: Evasion items are banned
|rule|Evasion Moves Clause: Evasion moves are banned
|rule|Evasion Abilities Clause: Evasion abilities are banned
|rule|Sleep Moves Clause: Sleep-inducing moves are banned
|clearpoke
|poke|p1|Pelipper, M|
|poke|p1|Tornadus-Therian, M|
|poke|p1|Iron Treads|
|poke|p1|Dragapult, M|
|poke|p1|Keldeo-Resolute|
|poke|p1|Raging Bolt|
|poke|p2|Slowking, F|
|poke|p2|Zapdos|
|poke|p2|Mew|
|poke|p2|Iron Valiant|
|poke|p2|Garganacl, F|
|poke|p2|Great Tusk|
|teampreview
|inactive|Battle timer is ON: inactive players will automatically lose when time's up. (requested by Exilos)
|
|t:|1779864983
|teamsize|p1|6
|teamsize|p2|6
|start
|switch|p1a: Dragapult|Dragapult, M|100/100
|switch|p2a: Mew|Mew|100/100
|turn|1
|
|t:|1779865003
|switch|p2a: Zapdos|Zapdos|100/100
|move|p1a: Dragapult|U-turn|p2a: Zapdos
|-resisted|p2a: Zapdos
|-damage|p2a: Zapdos|88/100
|
|t:|1779865011
|switch|p1a: Pelipper|Pelipper, M|100/100|[from] U-turn
|-weather|RainDance|[from] ability: Drizzle|[of] p1a: Pelipper
|
|-weather|RainDance|[upkeep]
|upkeep
|turn|2
|
|t:|1779865017
|switch|p1a: Raging Bolt|Raging Bolt|100/100
|-enditem|p1a: Raging Bolt|Booster Energy
|-activate|p1a: Raging Bolt|ability: Protosynthesis|[fromitem]
|-start|p1a: Raging Bolt|protosynthesisspa
|move|p2a: Zapdos|Volt Switch|p1a: Raging Bolt
|-resisted|p1a: Raging Bolt
|-crit|p1a: Raging Bolt
|-damage|p1a: Raging Bolt|91/100
|
|t:|1779865021
|switch|p2a: Garganacl|Garganacl, F|100/100|[from] Volt Switch
|
|-weather|RainDance|[upkeep]
|upkeep
|turn|3
|
|t:|1779865025
|move|p1a: Raging Bolt|Weather Ball|p2a: Garganacl
|-supereffective|p2a: Garganacl
|-damage|p2a: Garganacl|0 fnt
|faint|p2a: Garganacl
|
|-weather|RainDance|[upkeep]
|upkeep
|
|t:|1779865037
|switch|p2a: Mew|Mew|100/100
|turn|4
|
|t:|1779865041
|move|p2a: Mew|Electric Terrain|p2a: Mew
|-fieldstart|move: Electric Terrain
|move|p1a: Raging Bolt|Thunder|p2a: Mew
|-damage|p2a: Mew|11/100
|-status|p2a: Mew|par
|-activate|p2a: Mew|ability: Synchronize
|-immune|p1a: Raging Bolt
|
|-weather|RainDance|[upkeep]
|upkeep
|turn|5
|
|t:|1779865046
|move|p1a: Raging Bolt|Thunder|p2a: Mew
|-damage|p2a: Mew|0 fnt
|faint|p2a: Mew
|
|-weather|RainDance|[upkeep]
|upkeep
|
|t:|1779865048
|switch|p2a: Iron Valiant|Iron Valiant|100/100
|-activate|p2a: Iron Valiant|ability: Quark Drive
|-start|p2a: Iron Valiant|quarkdrivespe
|turn|6
|
|t:|1779865054
|-end|p1a: Raging Bolt|Protosynthesis|[silent]
|switch|p1a: Iron Treads|Iron Treads|100/100
|-activate|p1a: Iron Treads|ability: Quark Drive
|-start|p1a: Iron Treads|quarkdrivedef
|-terastallize|p2a: Iron Valiant|Fairy
|move|p2a: Iron Valiant|Moonblast|p1a: Iron Treads
|-resisted|p1a: Iron Treads
|-damage|p1a: Iron Treads|62/100
|
|-weather|RainDance|[upkeep]
|-heal|p1a: Iron Treads|68/100|[from] item: Leftovers
|upkeep
|turn|7
|
|t:|1779865062
|-end|p2a: Iron Valiant|Quark Drive|[silent]
|switch|p2a: Great Tusk|Great Tusk|100/100
|-enditem|p2a: Great Tusk|Booster Energy
|-activate|p2a: Great Tusk|ability: Protosynthesis|[fromitem]
|-start|p2a: Great Tusk|protosynthesisspe
|move|p1a: Iron Treads|Knock Off|p2a: Great Tusk
|-resisted|p2a: Great Tusk
|-damage|p2a: Great Tusk|95/100
|
|-weather|RainDance|[upkeep]
|-heal|p1a: Iron Treads|74/100|[from] item: Leftovers
|upkeep
|turn|8
|
|t:|1779865070
|-end|p1a: Iron Treads|Quark Drive|[silent]
|switch|p1a: Pelipper|Pelipper, M|100/100
|move|p2a: Great Tusk|Rapid Spin|p1a: Pelipper
|-damage|p1a: Pelipper|89/100
|-boost|p2a: Great Tusk|spe|1
|
|-weather|none
|upkeep
|turn|9
|
|t:|1779865087
|-end|p2a: Great Tusk|Protosynthesis|[silent]
|switch|p2a: Slowking|Slowking, F|100/100
|switch|p1a: Iron Treads|Iron Treads|74/100
|-activate|p1a: Iron Treads|ability: Quark Drive
|-start|p1a: Iron Treads|quarkdrivedef
|
|-heal|p1a: Iron Treads|80/100|[from] item: Leftovers
|upkeep
|turn|10
|
|t:|1779865091
|move|p1a: Iron Treads|Knock Off|p2a: Slowking
|-supereffective|p2a: Slowking
|-damage|p2a: Slowking|62/100
|-enditem|p2a: Slowking|Heavy-Duty Boots|[from] move: Knock Off|[of] p1a: Iron Treads
|move|p2a: Slowking|Future Sight|p1a: Iron Treads
|-start|p2a: Slowking|move: Future Sight
|
|-heal|p1a: Iron Treads|86/100|[from] item: Leftovers
|upkeep
|turn|11
|
|t:|1779865096
|move|p1a: Iron Treads|Stealth Rock|p2a: Slowking
|-sidestart|p2: Exilos|move: Stealth Rock
|move|p2a: Slowking|Scald|p1a: Iron Treads
|-supereffective|p1a: Iron Treads
|-damage|p1a: Iron Treads|40/100
|
|-heal|p1a: Iron Treads|46/100|[from] item: Leftovers
|-fieldend|move: Electric Terrain
|-end|p1a: Iron Treads|Quark Drive
|upkeep
|turn|12
|
|t:|1779865103
|-end|p1a: Iron Treads|Quark Drive|[silent]
|switch|p1a: Pelipper|Pelipper, M|89/100
|-weather|RainDance|[from] ability: Drizzle|[of] p1a: Pelipper
|-prepare|p2a: Slowking|Chilly Reception|[premajor]
|move|p2a: Slowking|Chilly Reception|p2a: Slowking
|-weather|Snowscape
|
|t:|1779865112
|switch|p2a: Iron Valiant|Iron Valiant, tera:Fairy|100/100|[from] Chilly Reception
|-damage|p2a: Iron Valiant|88/100|[from] Stealth Rock
|
|-weather|Snowscape|[upkeep]
|-end|p1a: Pelipper|move: Future Sight
|-damage|p1a: Pelipper|34/100
|upkeep
|turn|13
|
|t:|1779865123
|switch|p1a: Iron Treads|Iron Treads|46/100
|move|p2a: Iron Valiant|Moonblast|p1a: Iron Treads
|-resisted|p1a: Iron Treads
|-damage|p1a: Iron Treads|10/100
|-unboost|p1a: Iron Treads|spa|1
|
|-weather|Snowscape|[upkeep]
|-heal|p1a: Iron Treads|16/100|[from] item: Leftovers
|upkeep
|turn|14
|
|t:|1779865130
|move|p2a: Iron Valiant|Moonblast|p1a: Iron Treads
|-resisted|p1a: Iron Treads
|-damage|p1a: Iron Treads|0 fnt
|faint|p1a: Iron Treads
|-end|p1a: Iron Treads|Quark Drive|[silent]
|
|-weather|Snowscape|[upkeep]
|upkeep
|
|t:|1779865137
|switch|p1a: Tornadus|Tornadus-Therian, M|100/100
|turn|15
|
|t:|1779865153
|-end|p2a: Iron Valiant|Quark Drive|[silent]
|switch|p2a: Slowking|Slowking, F|96/100
|-damage|p2a: Slowking|83/100|[from] Stealth Rock
|-terastallize|p1a: Tornadus|Flying
|move|p1a: Tornadus|Hurricane|p2a: Slowking
|-damage|p2a: Slowking|0 fnt
|faint|p2a: Slowking
|
|-weather|Snowscape|[upkeep]
|upkeep
|
|t:|1779865168
|switch|p2a: Zapdos|Zapdos|88/100
|turn|16
|
|t:|1779865174
|switch|p1a: Raging Bolt|Raging Bolt|91/100
|move|p2a: Zapdos|Volt Switch|p1a: Raging Bolt
|-resisted|p1a: Raging Bolt
|-damage|p1a: Raging Bolt|84/100
|
|t:|1779865187
|switch|p2a: Great Tusk|Great Tusk|95/100|[from] Volt Switch
|-damage|p2a: Great Tusk|92/100|[from] Stealth Rock
|
|-weather|none
|upkeep
|turn|17
|
|t:|1779865195
|-end|p1a: Raging Bolt|Protosynthesis|[silent]
|switch|p1a: Pelipper|Pelipper, M|34/100
|-weather|RainDance|[from] ability: Drizzle|[of] p1a: Pelipper
|move|p2a: Great Tusk|Rapid Spin|p1a: Pelipper
|-damage|p1a: Pelipper|23/100
|-boost|p2a: Great Tusk|spe|1
|-sideend|p2: Exilos|Stealth Rock|[from] move: Rapid Spin|[of] p2a: Great Tusk
|
|-weather|RainDance|[upkeep]
|upkeep
|turn|18
|
|t:|1779865201
|move|p2a: Great Tusk|Ice Spinner|p1a: Pelipper
|-damage|p1a: Pelipper|5/100
|move|p1a: Pelipper|Surf|p2a: Great Tusk
|-supereffective|p2a: Great Tusk
|-damage|p2a: Great Tusk|0 fnt
|faint|p2a: Great Tusk
|-end|p2a: Great Tusk|Protosynthesis|[silent]
|
|-weather|RainDance|[upkeep]
|upkeep
|-message|Exilos forfeited.
|
|win|TianBing
|raw|TianBing's rating: 1199 &rarr; <strong>1226</strong><br />(+27 for winning)
|raw|Exilos's rating: 1224 &rarr; <strong>1197</strong><br />(-27 for losing)
|l|☆Exilos
|player|p2|
