|j|☆Volga123
|j|‽incenedorus
|t:|1779806315
|gametype|singles
|player|p1|Volga123|cynthia|1389
|player|p2|incenedorus|waitress|1340
|gen|9
|tier|[Gen 9] OU
|rated|
|rule|HP Percentage Mod: HP is shown in percentages
|rule|Endless Battle Clause: Forcing endless battles is banned
|rule|Species Clause: Limit one of each Pokémon
|rule|OHKO Clause: OHKO moves are banned
|rule|Evasion Items Clause: Evasion items are banned
|rule|Evasion Moves Clause: Evasion moves are banned
|rule|Evasion Abilities Clause: Evasion abilities are banned
|rule|Sleep Moves Clause: Sleep-inducing moves are banned
|clearpoke
|poke|p1|Clodsire, M|
|poke|p1|Cinccino, M|
|poke|p1|Milotic, F|
|poke|p1|Arcanine-Hisui, M|
|poke|p1|Houndstone, M|
|poke|p1|Lurantis, M|
|poke|p2|Darkrai|
|poke|p2|Garchomp, M|
|poke|p2|Alomomola, M|
|poke|p2|Corviknight, M|
|poke|p2|Weezing-Galar, M|
|poke|p2|Ogerpon, F|
|teampreview
|
|t:|1779806329
|teamsize|p1|6
|teamsize|p2|6
|start
|switch|p1a: Milotic|Milotic, F|100/100
|switch|p2a: Garchomp|Garchomp, M|100/100
|turn|1
|
|t:|1779806334
|switch|p2a: Alomomola|Alomomola, M|100/100
|move|p1a: Milotic|Ice Beam|p2a: Alomomola
|-resisted|p2a: Alomomola
|-damage|p2a: Alomomola|94/100
|-status|p2a: Alomomola|frz
|
|upkeep
|turn|2
|
|t:|1779806342
|move|p1a: Milotic|Flip Turn|p2a: Alomomola
|-resisted|p2a: Alomomola
|-damage|p2a: Alomomola|89/100 frz
|
|t:|1779806350
|switch|p1a: Cinccino|Cinccino, M|100/100|[from] Flip Turn
|cant|p2a: Alomomola|frz
|
|upkeep
|turn|3
|
|t:|1779806354
|switch|p2a: Garchomp|Garchomp, M|100/100
|move|p1a: Cinccino|Tidy Up|p1a: Cinccino
|-boost|p1a: Cinccino|atk|1
|-boost|p1a: Cinccino|spe|1
|
|upkeep
|turn|4
|
|t:|1779806363
|move|p1a: Cinccino|Bullet Seed|p2a: Garchomp
|-damage|p2a: Garchomp|89/100
|-damage|p2a: Garchomp|78/100
|-damage|p2a: Garchomp|67/100
|-damage|p2a: Garchomp|57/100
|-damage|p2a: Garchomp|47/100
|-hitcount|p2a: Garchomp|5
|move|p2a: Garchomp|Dragon Tail|p1a: Cinccino
|-damage|p1a: Cinccino|56/100
|drag|p1a: Houndstone|Houndstone, M|100/100
|
|upkeep
|turn|5
|
|t:|1779806378
|switch|p1a: Cinccino|Cinccino, M|56/100
|move|p2a: Garchomp|Stealth Rock|p1a: Cinccino
|-sidestart|p1: Volga123|move: Stealth Rock
|
|upkeep
|turn|6
|
|t:|1779806382
|move|p1a: Cinccino|Tidy Up|p1a: Cinccino
|-sideend|p1: Volga123|Stealth Rock
|-activate|p1a: Cinccino|move: Tidy Up
|-boost|p1a: Cinccino|atk|1
|-boost|p1a: Cinccino|spe|1
|move|p2a: Garchomp|Earthquake|p1a: Cinccino
|-damage|p1a: Cinccino|0 fnt
|faint|p1a: Cinccino
|
|upkeep
|
|t:|1779806400
|switch|p1a: Milotic|Milotic, F|100/100
|turn|7
|
|t:|1779806403
|switch|p2a: Alomomola|Alomomola, M|100/100 frz
|move|p1a: Milotic|Ice Beam|p2a: Alomomola
|-resisted|p2a: Alomomola
|-damage|p2a: Alomomola|93/100 frz
|
|upkeep
|turn|8
|
|t:|1779806413
|switch|p1a: Lurantis|Lurantis, M, shiny|100/100
|cant|p2a: Alomomola|frz
|
|upkeep
|turn|9
|
|t:|1779806421
|switch|p2a: Corviknight|Corviknight, M|100/100
|-ability|p2a: Corviknight|Pressure
|move|p1a: Lurantis|Knock Off|p2a: Corviknight
|-damage|p2a: Corviknight|81/100
|-enditem|p2a: Corviknight|Leftovers|[from] move: Knock Off|[of] p1a: Lurantis
|
|upkeep
|turn|10
|
|t:|1779806435
|move|p2a: Corviknight|Brave Bird|p1a: Lurantis
|-supereffective|p1a: Lurantis
|-damage|p1a: Lurantis|46/100
|-damage|p2a: Corviknight|66/100|[from] Recoil
|move|p1a: Lurantis|Superpower|p2a: Corviknight
|-crit|p2a: Corviknight
|-damage|p2a: Corviknight|33/100
|-boost|p1a: Lurantis|atk|1
|-boost|p1a: Lurantis|def|1
|
|-heal|p1a: Lurantis|52/100|[from] item: Leftovers
|upkeep
|turn|11
|
|t:|1779806446
|move|p2a: Corviknight|Brave Bird|p1a: Lurantis
|-supereffective|p1a: Lurantis
|-damage|p1a: Lurantis|17/100
|-damage|p2a: Corviknight|23/100|[from] Recoil
|move|p1a: Lurantis|Synthesis|p1a: Lurantis
|-heal|p1a: Lurantis|67/100
|
|-heal|p1a: Lurantis|73/100|[from] item: Leftovers
|upkeep
|turn|12
|
|t:|1779806455
|switch|p2a: Garchomp|Garchomp, M|47/100
|move|p1a: Lurantis|Knock Off|p2a: Garchomp
|-damage|p2a: Garchomp|23/100
|-damage|p1a: Lurantis|61/100|[from] ability: Rough Skin|[of] p2a: Garchomp
|-damage|p1a: Lurantis|44/100|[from] item: Rocky Helmet|[of] p2a: Garchomp
|-enditem|p2a: Garchomp|Rocky Helmet|[from] move: Knock Off|[of] p1a: Lurantis
|
|-heal|p1a: Lurantis|50/100|[from] item: Leftovers
|upkeep
|turn|13
|
|t:|1779806462
|move|p1a: Lurantis|Leaf Storm|p2a: Garchomp
|-damage|p2a: Garchomp|0 fnt
|-boost|p1a: Lurantis|spa|2
|faint|p2a: Garchomp
|
|-heal|p1a: Lurantis|56/100|[from] item: Leftovers
|upkeep
|
|t:|1779806468
|switch|p2a: Weezing|Weezing-Galar, M|100/100
|-ability|p2a: Weezing|Neutralizing Gas
|turn|14
|
|t:|1779806476
|switch|p1a: Milotic|Milotic, F|100/100
|move|p2a: Weezing|Sludge Bomb|p1a: Milotic
|-damage|p1a: Milotic|88/100
|-status|p1a: Milotic|psn
|
|-damage|p1a: Milotic|75/100 psn|[from] psn
|upkeep
|turn|15
|
|t:|1779806486
|-end|p2a: Weezing|ability: Neutralizing Gas
|switch|p2a: Alomomola|Alomomola, M|100/100 frz
|move|p1a: Milotic|Flip Turn|p2a: Alomomola
|-resisted|p2a: Alomomola
|-damage|p2a: Alomomola|95/100 frz
|
|t:|1779806493
|switch|p1a: Arcanine|Arcanine-Hisui, M|100/100|[from] Flip Turn
|
|upkeep
|turn|16
|
|t:|1779806500
|cant|p2a: Alomomola|frz
|move|p1a: Arcanine|Head Smash|p2a: Alomomola
|-damage|p2a: Alomomola|18/100 frz
|
|upkeep
|turn|17
|
|t:|1779806507
|cant|p2a: Alomomola|frz
|move|p1a: Arcanine|Head Smash|p2a: Alomomola
|-damage|p2a: Alomomola|0 fnt
|faint|p2a: Alomomola
|
|upkeep
|
|t:|1779806510
|switch|p2a: Weezing|Weezing-Galar, M|100/100
|-ability|p2a: Weezing|Neutralizing Gas
|turn|18
|
|t:|1779806520
|switch|p1a: Clodsire|Clodsire, M|100/100
|move|p2a: Weezing|Pain Split|p1a: Clodsire
|-sethp|p1a: Clodsire|86/100|[from] move: Pain Split|[silent]
|-sethp|p2a: Weezing|100/100|[from] move: Pain Split
|
|-heal|p1a: Clodsire|93/100|[from] item: Black Sludge
|upkeep
|turn|19
|
|t:|1779806529
|-end|p2a: Weezing|ability: Neutralizing Gas
|switch|p2a: Corviknight|Corviknight, M|23/100
|-ability|p2a: Corviknight|Pressure
|switch|p1a: Milotic|Milotic, F|75/100 psn
|
|-damage|p1a: Milotic|63/100 psn|[from] psn
|upkeep
|turn|20
|
|t:|1779806537
|move|p1a: Milotic|Scald|p2a: Corviknight
|-damage|p2a: Corviknight|0 fnt
|faint|p2a: Corviknight
|
|-damage|p1a: Milotic|51/100 psn|[from] psn
|upkeep
|
|t:|1779806549
|switch|p2a: Darkrai|Darkrai|100/100
|turn|21
|
|t:|1779806556
|switch|p1a: Clodsire|Clodsire, M|93/100
|move|p2a: Darkrai|Dark Pulse|p1a: Clodsire
|-damage|p1a: Clodsire|45/100
|
|-heal|p1a: Clodsire|52/100|[from] item: Black Sludge
|upkeep
|turn|22
|
|t:|1779806563
|move|p2a: Darkrai|Dark Pulse|p1a: Clodsire
|-damage|p1a: Clodsire|2/100
|move|p1a: Clodsire|Recover|p1a: Clodsire
|-heal|p1a: Clodsire|52/100
|
|-heal|p1a: Clodsire|58/100|[from] item: Black Sludge
|upkeep
|turn|23
|
|t:|1779806574
|-terastallize|p2a: Darkrai|Dark
|move|p2a: Darkrai|Dark Pulse|p1a: Clodsire
|-damage|p1a: Clodsire|0 fnt
|faint|p1a: Clodsire
|
|upkeep
|
|t:|1779806580
|switch|p1a: Milotic|Milotic, F|51/100 psn
|turn|24
|
|t:|1779806584
|move|p2a: Darkrai|Dark Pulse|p1a: Milotic
|-damage|p1a: Milotic|13/100 psn
|move|p1a: Milotic|Alluring Voice|p2a: Darkrai
|-supereffective|p2a: Darkrai
|-damage|p2a: Darkrai|38/100
|
|-damage|p1a: Milotic|1/100 psn|[from] psn
|upkeep
|turn|25
|
|t:|1779806590
|move|p2a: Darkrai|Dark Pulse|p1a: Milotic
|-damage|p1a: Milotic|0 fnt
|faint|p1a: Milotic
|
|upkeep
|
|t:|1779806593
|switch|p1a: Arcanine|Arcanine-Hisui, M|100/100
|turn|26
|
|t:|1779806597
|move|p1a: Arcanine|Extreme Speed|p2a: Darkrai
|-damage|p2a: Darkrai|0 fnt
|faint|p2a: Darkrai
|
|upkeep
|
|t:|1779806606
|switch|p2a: Weezing|Weezing-Galar, M|100/100
|-ability|p2a: Weezing|Neutralizing Gas
|turn|27
|
|t:|1779806627
|switch|p1a: Lurantis|Lurantis, M, shiny|56/100
|move|p2a: Weezing|Sludge Bomb|p1a: Lurantis
|-supereffective|p1a: Lurantis
|-damage|p1a: Lurantis|0 fnt
|faint|p1a: Lurantis
|
|upkeep
|
|t:|1779806637
|switch|p1a: Arcanine|Arcanine-Hisui, M|100/100
|turn|28
|
|t:|1779806640
|move|p1a: Arcanine|Psychic Fangs|p2a: Weezing
|-supereffective|p2a: Weezing
|-damage|p2a: Weezing|46/100
|move|p2a: Weezing|Pain Split|p1a: Arcanine
|-sethp|p1a: Arcanine|73/100|[from] move: Pain Split|[silent]
|-sethp|p2a: Weezing|73/100|[from] move: Pain Split
|
|-heal|p2a: Weezing|79/100|[from] item: Leftovers
|upkeep
|turn|29
|
|t:|1779806648
|move|p1a: Arcanine|Psychic Fangs|p2a: Weezing
|-supereffective|p2a: Weezing
|-damage|p2a: Weezing|27/100
|move|p2a: Weezing|Sludge Bomb|p1a: Arcanine
|-resisted|p1a: Arcanine
|-damage|p1a: Arcanine|57/100
|-status|p1a: Arcanine|psn
|
|-heal|p2a: Weezing|33/100|[from] item: Leftovers
|-damage|p1a: Arcanine|45/100 psn|[from] psn
|upkeep
|turn|30
|
|t:|1779806659
|move|p1a: Arcanine|Psychic Fangs|p2a: Weezing
|-supereffective|p2a: Weezing
|-damage|p2a: Weezing|0 fnt
|faint|p2a: Weezing
|-end|p2a: Weezing|ability: Neutralizing Gas
|
|-damage|p1a: Arcanine|32/100 psn|[from] psn
|upkeep
|
|t:|1779806663
|switch|p2a: Ogerpon|Ogerpon, F|100/100
|turn|31
|
|t:|1779806673
|switch|p1a: Houndstone|Houndstone, M|100/100
|move|p2a: Ogerpon|Knock Off|p1a: Houndstone
|-supereffective|p1a: Houndstone
|-damage|p1a: Houndstone|78/100
|-damage|p2a: Ogerpon|84/100|[from] item: Rocky Helmet|[of] p1a: Houndstone
|-enditem|p1a: Houndstone|Rocky Helmet|[from] move: Knock Off|[of] p2a: Ogerpon
|
|upkeep
|turn|32
|
|t:|1779806681
|move|p2a: Ogerpon|Swords Dance|p2a: Ogerpon
|-boost|p2a: Ogerpon|atk|2
|move|p1a: Houndstone|Will-O-Wisp|p2a: Ogerpon
|-status|p2a: Ogerpon|brn
|
|-damage|p2a: Ogerpon|78/100 brn|[from] brn
|upkeep
|turn|33
|
|t:|1779806686
|move|p2a: Ogerpon|Encore|p1a: Houndstone
|-start|p1a: Houndstone|Encore
|move|p1a: Houndstone|Will-O-Wisp|p2a: Ogerpon
|-fail|p2a: Ogerpon|brn
|
|-damage|p2a: Ogerpon|72/100 brn|[from] brn
|upkeep
|turn|34
|
|t:|1779806693
|move|p2a: Ogerpon|Swords Dance|p2a: Ogerpon
|-boost|p2a: Ogerpon|atk|2
|move|p1a: Houndstone|Will-O-Wisp|p2a: Ogerpon|[miss]
|-miss|p1a: Houndstone|p2a: Ogerpon
|
|-damage|p2a: Ogerpon|66/100 brn|[from] brn
|upkeep
|turn|35
|
|t:|1779806699
|move|p2a: Ogerpon|Swords Dance|p2a: Ogerpon
|-boost|p2a: Ogerpon|atk|2
|move|p1a: Houndstone|Will-O-Wisp|p2a: Ogerpon
|-fail|p2a: Ogerpon|brn
|
|-damage|p2a: Ogerpon|60/100 brn|[from] brn
|-end|p1a: Houndstone|Encore
|upkeep
|turn|36
|
|t:|1779806703
|move|p1a: Houndstone|Shadow Sneak|p2a: Ogerpon
|-damage|p2a: Ogerpon|41/100 brn
|move|p2a: Ogerpon|Ivy Cudgel|p1a: Houndstone
|-crit|p1a: Houndstone
|-damage|p1a: Houndstone|0 fnt
|faint|p1a: Houndstone
|
|-damage|p2a: Ogerpon|35/100 brn|[from] brn
|upkeep
|
|t:|1779806708
|switch|p1a: Arcanine|Arcanine-Hisui, M|32/100 psn
|turn|37
|
|t:|1779806710
|move|p1a: Arcanine|Extreme Speed|p2a: Ogerpon
|-damage|p2a: Ogerpon|0 fnt
|faint|p2a: Ogerpon
|
|win|Volga123
|raw|Volga123's rating: 1389 &rarr; <strong>1406</strong><br />(+17 for winning)
|raw|incenedorus's rating: 1340 &rarr; <strong>1323</strong><br />(-17 for losing)
|l|‽incenedorus
|player|p2|
|l|☆Volga123
|player|p1|
