|j|☆APEX TYCOON
|j|☆2354jhdvk456
|t:|1779954343
|gametype|singles
|player|p1|APEX TYCOON|101|1064
|player|p2|2354jhdvk456|pokemonranger-gen4|1116
|gen|9
|tier|[Gen 9] OU
|rated|
|rule|HP Percentage Mod: HP is shown in percentages
|rule|Endless Battle Clause: Forcing endless battles is banned
|rule|Species Clause: Limit one of each Pokémon
|rule|OHKO Clause: OHKO moves are banned
|rule|Evasion Items Clause: Evasion items are banned
|rule|Evasion Moves Clause: Evasion moves are banned
|rule|Evasion Abilities Clause: Evasion abilities are banned
|rule|Sleep Moves Clause: Sleep-inducing moves are banned
|clearpoke
|poke|p1|Garchomp, M|
|poke|p1|Corviknight, M|
|poke|p1|Toxapex, M|
|poke|p1|Goodra-Hisui, M|
|poke|p1|Grimmsnarl, M|
|poke|p1|Alomomola, M|
|poke|p2|Walking Wake|
|poke|p2|Torkoal, F|
|poke|p2|Cresselia, F|
|poke|p2|Pelipper, F|
|poke|p2|Iron Hands|
|poke|p2|Kingambit, M|
|teampreview
|inactive|Battle timer is ON: inactive players will automatically lose when time's up. (requested by 2354jhdvk456)
|
|t:|1779954358
|teamsize|p1|6
|teamsize|p2|6
|start
|switch|p1a: PRIME|Grimmsnarl, M, shiny|100/100
|switch|p2a: Pelipper|Pelipper, F|100/100
|-weather|RainDance|[from] ability: Drizzle|[of] p2a: Pelipper
|turn|1
|
|t:|1779954370
|move|p1a: PRIME|Light Screen|p1a: PRIME
|-sidestart|p1: APEX TYCOON|move: Light Screen
|move|p2a: Pelipper|Soak|p1a: PRIME
|-start|p1a: PRIME|typechange|Water
|
|-weather|RainDance|[upkeep]
|upkeep
|turn|2
|
|t:|1779954377
|move|p1a: PRIME|Reflect|p1a: PRIME
|-sidestart|p1: APEX TYCOON|Reflect
|move|p2a: Pelipper|Ice Beam|p1a: PRIME
|-resisted|p1a: PRIME
|-crit|p1a: PRIME
|-damage|p1a: PRIME|85/100
|
|-weather|RainDance|[upkeep]
|upkeep
|turn|3
|
|t:|1779954389
|move|p1a: PRIME|Parting Shot|p2a: Pelipper
|-unboost|p2a: Pelipper|atk|1
|-unboost|p2a: Pelipper|spa|1
|
|t:|1779954393
|switch|p1a: BADRA|Goodra-Hisui, M|100/100|[from] Parting Shot
|move|p2a: Pelipper|U-turn|p1a: BADRA
|-resisted|p1a: BADRA
|-damage|p1a: BADRA|99/100
|
|t:|1779954408
|switch|p2a: 桑G尔夫|Iron Hands|100/100|[from] U-turn
|-enditem|p2a: 桑G尔夫|Booster Energy
|-activate|p2a: 桑G尔夫|ability: Quark Drive|[fromitem]
|-start|p2a: 桑G尔夫|quarkdriveatk
|
|-weather|RainDance|[upkeep]
|-heal|p1a: BADRA|100/100|[from] item: Leftovers
|upkeep
|turn|4
|
|t:|1779954419
|-terastallize|p2a: 桑G尔夫|Fighting
|move|p1a: BADRA|Acid Armor|p1a: BADRA
|-boost|p1a: BADRA|def|2
|move|p2a: 桑G尔夫|Drain Punch|p1a: BADRA
|-supereffective|p1a: BADRA
|-damage|p1a: BADRA|60/100
|
|-weather|RainDance|[upkeep]
|-heal|p1a: BADRA|66/100|[from] item: Leftovers
|upkeep
|turn|5
|
|t:|1779954440
|move|p1a: BADRA|Body Press|p2a: 桑G尔夫
|-damage|p2a: 桑G尔夫|76/100
|move|p2a: 桑G尔夫|Swords Dance|p2a: 桑G尔夫
|-boost|p2a: 桑G尔夫|atk|2
|
|-weather|none
|-heal|p1a: BADRA|72/100|[from] item: Leftovers
|upkeep
|turn|6
|
|t:|1779954449
|move|p1a: BADRA|Body Press|p2a: 桑G尔夫
|-damage|p2a: 桑G尔夫|48/100
|move|p2a: 桑G尔夫|Swords Dance|p2a: 桑G尔夫
|-boost|p2a: 桑G尔夫|atk|2
|
|-heal|p1a: BADRA|79/100|[from] item: Leftovers
|upkeep
|turn|7
|
|t:|1779954460
|move|p1a: BADRA|Body Press|p2a: 桑G尔夫
|-damage|p2a: 桑G尔夫|23/100
|move|p2a: 桑G尔夫|Drain Punch|p1a: BADRA
|-supereffective|p1a: BADRA
|-damage|p1a: BADRA|0 fnt
|-heal|p2a: 桑G尔夫|54/100|[from] drain|[of] p1a: BADRA
|faint|p1a: BADRA
|
|upkeep
|
|t:|1779954470
|switch|p1a: G.O.A.T|Garchomp, M|100/100
|turn|8
|
|t:|1779954475
|move|p1a: G.O.A.T|Earthquake|p2a: 桑G尔夫
|-damage|p2a: 桑G尔夫|17/100
|move|p2a: 桑G尔夫|Drain Punch|p1a: G.O.A.T
|-crit|p1a: G.O.A.T
|-damage|p1a: G.O.A.T|0 fnt
|-heal|p2a: 桑G尔夫|57/100|[from] drain|[of] p1a: G.O.A.T
|-damage|p2a: 桑G尔夫|45/100|[from] ability: Rough Skin|[of] p1a: G.O.A.T
|faint|p1a: G.O.A.T
|
|-sideend|p1: APEX TYCOON|move: Light Screen
|upkeep
|c|☆2354jhdvk456|隔着反射屏就能把你干死了
|inactive|APEX TYCOON has 120 seconds left.
|
|t:|1779954511
|switch|p1a: SUPREME|Toxapex, M, shiny|100/100
|turn|9
|-message|APEX TYCOON forfeited.
|
|win|2354jhdvk456
|raw|APEX TYCOON's rating: 1064 &rarr; <strong>1047</strong><br />(-17 for losing)
|raw|2354jhdvk456's rating: 1116 &rarr; <strong>1137</strong><br />(+21 for winning)
|l|☆APEX TYCOON
|player|p1|
