|j|☆vtzinho
|j|☆fwven
|t:|1779859732
|gametype|singles
|player|p1|vtzinho|hilbert|1044
|player|p2|fwven|elesa|1000
|gen|9
|tier|[Gen 9] OU
|rated|
|rule|HP Percentage Mod: HP is shown in percentages
|rule|Endless Battle Clause: Forcing endless battles is banned
|rule|Species Clause: Limit one of each Pokémon
|rule|OHKO Clause: OHKO moves are banned
|rule|Evasion Items Clause: Evasion items are banned
|rule|Evasion Moves Clause: Evasion moves are banned
|rule|Evasion Abilities Clause: Evasion abilities are banned
|rule|Sleep Moves Clause: Sleep-inducing moves are banned
|clearpoke
|poke|p1|Ribombee, M|
|poke|p1|Porygon-Z|
|poke|p1|Glimmora, M|
|poke|p1|Gholdengo|
|poke|p1|Zamazenta-*|
|poke|p1|Hydreigon, F|
|poke|p2|Kyurem|
|poke|p2|Deoxys-Speed|
|poke|p2|Regieleki|
|teampreview
|
|t:|1779859737
|teamsize|p1|6
|teamsize|p2|3
|start
|switch|p1a: Ribombee|Ribombee, M|100/100
|switch|p2a: Kyurem|Kyurem|100/100
|-ability|p2a: Kyurem|Pressure
|turn|1
|
|t:|1779859747
|switch|p2a: Regieleki|Regieleki|100/100
|move|p1a: Ribombee|Moonblast|p2a: Regieleki
|-damage|p2a: Regieleki|11/100
|
|upkeep
|turn|2
|
|t:|1779859757
|move|p2a: Regieleki|Supercell Slam|p1a: Ribombee
|-enditem|p1a: Ribombee|Focus Sash
|-damage|p1a: Ribombee|1/100
|move|p1a: Ribombee|Moonblast|p2a: Regieleki
|-damage|p2a: Regieleki|0 fnt
|faint|p2a: Regieleki
|
|upkeep
|
|t:|1779859770
|switch|p2a: Kyurem|Kyurem|100/100
|-ability|p2a: Kyurem|Pressure
|turn|3
|
|t:|1779859775
|-terastallize|p2a: Kyurem|Ice
|move|p1a: Ribombee|Moonblast|p2a: Kyurem
|-damage|p2a: Kyurem|61/100
|-unboost|p2a: Kyurem|spa|1
|move|p2a: Kyurem|Dragon Dance|p2a: Kyurem
|-boost|p2a: Kyurem|atk|1
|-boost|p2a: Kyurem|spe|1
|
|upkeep
|turn|4
|
|t:|1779859788
|move|p2a: Kyurem|Icicle Spear|p1a: Ribombee
|-damage|p1a: Ribombee|0 fnt
|faint|p1a: Ribombee
|-hitcount|p1: Ribombee|1
|
|upkeep
|
|t:|1779859802
|switch|p1a: Glimmora|Glimmora, M|100/100
|turn|5
|
|t:|1779859815
|-terastallize|p1a: Glimmora|Fairy
|move|p2a: Kyurem|Dragon Dance|p2a: Kyurem
|-boost|p2a: Kyurem|atk|1
|-boost|p2a: Kyurem|spe|1
|move|p1a: Glimmora|Meteor Beam||[still]
|-prepare|p1a: Glimmora|Meteor Beam
|-boost|p1a: Glimmora|spa|1
|-enditem|p1a: Glimmora|Power Herb
|-anim|p1a: Glimmora|Meteor Beam|p2a: Kyurem|[miss]
|-miss|p1a: Glimmora|p2a: Kyurem
|
|upkeep
|turn|6
|
|t:|1779859827
|move|p2a: Kyurem|Icicle Spear|p1a: Glimmora
|-damage|p1a: Glimmora|56/100
|-activate|p1a: Glimmora|ability: Toxic Debris
|-sidestart|p2: fwven|move: Toxic Spikes
|-damage|p1a: Glimmora|12/100
|-activate|p1a: Glimmora|ability: Toxic Debris
|-sidestart|p2: fwven|move: Toxic Spikes
|-damage|p1a: Glimmora|0 fnt
|faint|p1a: Glimmora
|-hitcount|p1: Glimmora|3
|
|upkeep
|
|t:|1779859839
|switch|p1a: Porygon-Z|Porygon-Z, shiny|100/100
|turn|7
|
|t:|1779859846
|move|p2a: Kyurem|Icicle Spear|p1a: Porygon-Z
|-damage|p1a: Porygon-Z|39/100
|-damage|p1a: Porygon-Z|0 fnt
|faint|p1a: Porygon-Z
|-hitcount|p1: Porygon-Z|2
|
|upkeep
|
|t:|1779859854
|switch|p1a: Zamazenta|Zamazenta|100/100
|-ability|p1a: Zamazenta|Dauntless Shield|boost
|-boost|p1a: Zamazenta|def|1
|turn|8
|
|t:|1779859860
|move|p2a: Kyurem|Icicle Spear|p1a: Zamazenta
|-damage|p1a: Zamazenta|81/100
|-damage|p1a: Zamazenta|62/100
|-crit|p1a: Zamazenta
|-damage|p1a: Zamazenta|20/100
|-damage|p1a: Zamazenta|0 fnt
|faint|p1a: Zamazenta
|-hitcount|p1: Zamazenta|4
|
|upkeep
|
|t:|1779859871
|switch|p1a: Hydreigon|Hydreigon, F|100/100
|turn|9
|
|t:|1779859877
|move|p2a: Kyurem|Icicle Spear|p1a: Hydreigon
|-supereffective|p1a: Hydreigon
|-damage|p1a: Hydreigon|9/100
|-supereffective|p1a: Hydreigon
|-damage|p1a: Hydreigon|0 fnt
|faint|p1a: Hydreigon
|-hitcount|p1: Hydreigon|2
|
|upkeep
|-message|vtzinho forfeited.
|
|win|fwven
|raw|vtzinho's rating: 1044 &rarr; <strong>1025</strong><br />(-19 for losing)
|raw|fwven's rating: 1000 &rarr; <strong>1045</strong><br />(+45 for winning)
|l|☆vtzinho
|player|p1|
