|j|☆tdm32
|j|☆Booluigi
|t:|1779908132
|gametype|singles
|player|p1|tdm32|265|1266
|player|p2|Booluigi|2|1228
|gen|9
|tier|[Gen 9] OU
|rated|
|rule|HP Percentage Mod: HP is shown in percentages
|rule|Endless Battle Clause: Forcing endless battles is banned
|rule|Species Clause: Limit one of each Pokémon
|rule|OHKO Clause: OHKO moves are banned
|rule|Evasion Items Clause: Evasion items are banned
|rule|Evasion Moves Clause: Evasion moves are banned
|rule|Evasion Abilities Clause: Evasion abilities are banned
|rule|Sleep Moves Clause: Sleep-inducing moves are banned
|clearpoke
|poke|p1|Dragonite, M|
|poke|p1|Great Tusk|
|poke|p1|Gholdengo|
|poke|p1|Iron Valiant|
|poke|p1|Kingambit, M|
|poke|p1|Samurott-Hisui, M|
|poke|p2|Rillaboom, M|
|poke|p2|Garganacl, F|
|poke|p2|Kyurem|
|poke|p2|Dragapult, M|
|poke|p2|Great Tusk|
|poke|p2|Alomomola, F|
|teampreview
|inactive|Battle timer is ON: inactive players will automatically lose when time's up. (requested by Booluigi)
|
|t:|1779908140
|teamsize|p1|6
|teamsize|p2|6
|start
|switch|p1a: Samurott|Samurott-Hisui, M|100/100
|switch|p2a: Garganacl|Garganacl, F|100/100
|turn|1
|
|t:|1779908147
|move|p1a: Samurott|Flip Turn|p2a: Garganacl
|-supereffective|p2a: Garganacl
|-damage|p2a: Garganacl|66/100
|
|t:|1779908154
|switch|p1a: Great Tusk|Great Tusk|100/100|[from] Flip Turn
|move|p2a: Garganacl|Salt Cure|p1a: Great Tusk
|-resisted|p1a: Great Tusk
|-damage|p1a: Great Tusk|98/100
|-start|p1a: Great Tusk|Salt Cure
|
|-heal|p2a: Garganacl|73/100|[from] item: Leftovers
|-damage|p1a: Great Tusk|86/100|[from] Salt Cure
|upkeep
|turn|2
|
|t:|1779908166
|move|p1a: Great Tusk|Stealth Rock|p2a: Garganacl
|-sidestart|p2: Booluigi|move: Stealth Rock
|move|p2a: Garganacl|Stealth Rock|p1a: Great Tusk
|-sidestart|p1: tdm32|move: Stealth Rock
|
|-heal|p2a: Garganacl|79/100|[from] item: Leftovers
|-damage|p1a: Great Tusk|73/100|[from] Salt Cure
|upkeep
|turn|3
|
|t:|1779908175
|move|p2a: Garganacl|Protect|p2a: Garganacl
|-singleturn|p2a: Garganacl|Protect
|move|p1a: Great Tusk|Rapid Spin|p2a: Garganacl
|-activate|p2a: Garganacl|move: Protect
|
|-heal|p2a: Garganacl|85/100|[from] item: Leftovers
|-damage|p1a: Great Tusk|61/100|[from] Salt Cure
|upkeep
|turn|4
|
|t:|1779908192
|switch|p2a: Dragapult|Dragapult, M|100/100
|-damage|p2a: Dragapult|88/100|[from] Stealth Rock
|move|p1a: Great Tusk|Ice Spinner|p2a: Dragapult
|-supereffective|p2a: Dragapult
|-damage|p2a: Dragapult|15/100
|-start|p1a: Great Tusk|Disable|Ice Spinner|[from] ability: Cursed Body|[of] p2a: Dragapult
|
|-heal|p2a: Dragapult|21/100|[from] item: Leftovers
|-damage|p1a: Great Tusk|48/100|[from] Salt Cure
|upkeep
|turn|5
|
|t:|1779908217
|-end|p1a: Great Tusk|Protosynthesis|[silent]
|switch|p1a: Iron Valiant|Iron Valiant|100/100
|-damage|p1a: Iron Valiant|94/100|[from] Stealth Rock
|move|p2a: Dragapult|Shadow Ball|p1a: Iron Valiant
|-damage|p1a: Iron Valiant|33/100
|
|-heal|p2a: Dragapult|27/100|[from] item: Leftovers
|upkeep
|turn|6
|inactive|Booluigi has 120 seconds left.
|l|☆Booluigi
|inactive|Booluigi disconnected and has a minute to reconnect!
|player|p2|
|j|☆Booluigi
|inactive|Booluigi reconnected and has 120 seconds left.
|player|p2|Booluigi|2|
|
|t:|1779908251
|switch|p2a: Alomomola|Alomomola, F|100/100
|-end|p1a: Iron Valiant|Quark Drive|[silent]
|switch|p1a: Samurott|Samurott-Hisui, M|100/100
|-damage|p1a: Samurott|88/100|[from] Stealth Rock
|
|upkeep
|turn|7
|
|t:|1779908259
|move|p1a: Samurott|Ceaseless Edge|p2a: Alomomola
|-damage|p2a: Alomomola|74/100
|-sidestart|p2: Booluigi|Spikes
|move|p2a: Alomomola|Flip Turn|p1a: Samurott
|-resisted|p1a: Samurott
|-damage|p1a: Samurott|80/100
|
|t:|1779908268
|switch|p2a: Kyurem|Kyurem|100/100|[from] Flip Turn
|-ability|p2a: Kyurem|Pressure
|
|upkeep
|turn|8
|inactive|Booluigi has 120 seconds left.
|
|t:|1779908276
|move|p2a: Kyurem|Freeze-Dry|p1a: Samurott
|-supereffective|p1a: Samurott
|-damage|p1a: Samurott|32/100
|move|p1a: Samurott|Ceaseless Edge|p2a: Kyurem
|-damage|p2a: Kyurem|63/100
|-sidestart|p2: Booluigi|Spikes
|
|upkeep
|turn|9
|
|t:|1779908285
|switch|p1a: Gholdengo|Gholdengo|100/100
|-damage|p1a: Gholdengo|94/100|[from] Stealth Rock
|-item|p1a: Gholdengo|Air Balloon
|move|p2a: Kyurem|Freeze-Dry|p1a: Gholdengo
|-resisted|p1a: Gholdengo
|-damage|p1a: Gholdengo|74/100
|-enditem|p1a: Gholdengo|Air Balloon
|
|upkeep
|turn|10
|
|t:|1779908304
|switch|p2a: Alomomola|Alomomola, F|100/100
|move|p1a: Gholdengo|Make It Rain|p2a: Alomomola
|-resisted|p2a: Alomomola
|-damage|p2a: Alomomola|72/100
|-unboost|p1a: Gholdengo|spa|1
|
|upkeep
|turn|11
|
|t:|1779908319
|move|p1a: Gholdengo|Nasty Plot|p1a: Gholdengo
|-boost|p1a: Gholdengo|spa|2
|move|p2a: Alomomola|Wish|p2a: Alomomola
|
|upkeep
|turn|12
|
|t:|1779908325
|move|p1a: Gholdengo|Shadow Ball|p2a: Alomomola
|-damage|p2a: Alomomola|11/100
|-unboost|p2a: Alomomola|spd|1
|move|p2a: Alomomola|Scald|p1a: Gholdengo
|-damage|p1a: Gholdengo|58/100
|
|-heal|p2a: Alomomola|61/100|[from] move: Wish|[wisher] Alomomola
|upkeep
|turn|13
|inactive|Booluigi has 120 seconds left.
|
|t:|1779908345
|move|p1a: Gholdengo|Shadow Ball|p2a: Alomomola
|-damage|p2a: Alomomola|0 fnt
|faint|p2a: Alomomola
|
|upkeep
|inactive|Booluigi has 120 seconds left.
|
|t:|1779908363
|switch|p2a: Rillaboom|Rillaboom, M|100/100
|-damage|p2a: Rillaboom|88/100|[from] Stealth Rock
|-damage|p2a: Rillaboom|72/100|[from] Spikes
|-fieldstart|move: Grassy Terrain|[from] ability: Grassy Surge|[of] p2a: Rillaboom
|turn|14
|
|t:|1779908390
|move|p2a: Rillaboom|Grassy Glide|p1a: Gholdengo
|-resisted|p1a: Gholdengo
|-damage|p1a: Gholdengo|25/100
|move|p1a: Gholdengo|Make It Rain|p2a: Rillaboom
|-damage|p2a: Rillaboom|0 fnt
|-unboost|p1a: Gholdengo|spa|1
|faint|p2a: Rillaboom
|
|-heal|p1a: Gholdengo|31/100|[from] Grassy Terrain
|upkeep
|
|t:|1779908406
|switch|p2a: Dragapult|Dragapult, M|27/100
|-damage|p2a: Dragapult|15/100|[from] Stealth Rock
|-damage|p2a: Dragapult|0 fnt|[from] Spikes
|faint|p2a: Dragapult
|
|t:|1779908412
|switch|p2a: Garganacl|Garganacl, F|85/100
|-damage|p2a: Garganacl|73/100|[from] Stealth Rock
|-damage|p2a: Garganacl|56/100|[from] Spikes
|turn|15
|
|t:|1779908419
|move|p1a: Gholdengo|Make It Rain|p2a: Garganacl
|-supereffective|p2a: Garganacl
|-damage|p2a: Garganacl|0 fnt
|-unboost|p1a: Gholdengo|spa|1
|faint|p2a: Garganacl
|
|-heal|p1a: Gholdengo|37/100|[from] Grassy Terrain
|upkeep
|
|t:|1779908430
|switch|p2a: Kyurem|Kyurem|63/100
|-ability|p2a: Kyurem|Pressure
|turn|16
|l|☆Booluigi
|inactive|Booluigi disconnected and has a minute to reconnect!
|player|p2|
|inactive|tdm32 has 120 seconds left.
|
|t:|1779908461
|switch|p1a: Iron Valiant|Iron Valiant|33/100
|-damage|p1a: Iron Valiant|27/100|[from] Stealth Rock
|-terastallize|p2a: Kyurem|Ground
|move|p2a: Kyurem|Earth Power|p1a: Iron Valiant
|-damage|p1a: Iron Valiant|0 fnt
|faint|p1a: Iron Valiant
|-end|p1a: Iron Valiant|Quark Drive|[silent]
|
|-heal|p2a: Kyurem|69/100|[from] Grassy Terrain
|upkeep
|inactive|tdm32 has 120 seconds left.
|j|☆Booluigi
|inactive|Booluigi reconnected.
|player|p2|Booluigi|2|
|inactive|tdm32 has 90 seconds left.
|
|t:|1779908517
|switch|p1a: Kingambit|Kingambit, M|100/100
|-damage|p1a: Kingambit|94/100|[from] Stealth Rock
|-activate|p1a: Kingambit|ability: Supreme Overlord
|-start|p1a: Kingambit|fallen1|[silent]
|turn|17
|
|t:|1779908523
|-end|p1a: Kingambit|fallen1|[silent]
|switch|p1a: Dragonite|Dragonite, M|100/100
|-damage|p1a: Dragonite|76/100|[from] Stealth Rock
|move|p2a: Kyurem|Substitute|p2a: Kyurem
|-start|p2a: Kyurem|Substitute
|-damage|p2a: Kyurem|44/100
|
|-heal|p2a: Kyurem|51/100|[from] Grassy Terrain
|upkeep
|turn|18
|
|t:|1779908535
|-terastallize|p1a: Dragonite|Normal
|move|p1a: Dragonite|Extreme Speed|p2a: Kyurem
|-end|p2a: Kyurem|Substitute
|move|p2a: Kyurem|Freeze-Dry|p1a: Dragonite
|-damage|p1a: Dragonite|40/100
|
|-heal|p2a: Kyurem|57/100|[from] Grassy Terrain
|-heal|p1a: Dragonite|46/100|[from] Grassy Terrain
|-fieldend|move: Grassy Terrain
|upkeep
|turn|19
|
|t:|1779908547
|switch|p2a: Great Tusk|Great Tusk|100/100
|move|p1a: Dragonite|Dragon Dance|p1a: Dragonite
|-boost|p1a: Dragonite|atk|1
|-boost|p1a: Dragonite|spe|1
|
|upkeep
|turn|20
|
|t:|1779908560
|move|p1a: Dragonite|Scale Shot|p2a: Great Tusk|[miss]
|-miss|p1a: Dragonite|p2a: Great Tusk
|move|p2a: Great Tusk|Earthquake|p1a: Dragonite
|-damage|p1a: Dragonite|0 fnt
|faint|p1a: Dragonite
|
|upkeep
|inactive|tdm32 has 60 seconds left.
|
|t:|1779908591
|switch|p1a: Samurott|Samurott-Hisui, M|32/100
|-damage|p1a: Samurott|19/100|[from] Stealth Rock
|turn|21
|
|t:|1779908598
|move|p2a: Great Tusk|Rapid Spin|p1a: Samurott
|-damage|p1a: Samurott|4/100
|-boost|p2a: Great Tusk|spe|1
|-sideend|p2: Booluigi|Spikes|[from] move: Rapid Spin|[of] p2a: Great Tusk
|-sideend|p2: Booluigi|Stealth Rock|[from] move: Rapid Spin|[of] p2a: Great Tusk
|move|p1a: Samurott|Razor Shell|p2a: Great Tusk
|-supereffective|p2a: Great Tusk
|-damage|p2a: Great Tusk|53/100
|-unboost|p2a: Great Tusk|def|1
|
|upkeep
|turn|22
|inactive|tdm32 has 60 seconds left.
|
|t:|1779908616
|move|p1a: Samurott|Sucker Punch|p2a: Great Tusk
|-resisted|p2a: Great Tusk
|-damage|p2a: Great Tusk|42/100
|move|p2a: Great Tusk|Knock Off|p1a: Samurott
|-resisted|p1a: Samurott
|-damage|p1a: Samurott|0 fnt
|-enditem|p1a: Samurott|Assault Vest|[from] move: Knock Off|[of] p2a: Great Tusk
|faint|p1a: Samurott
|
|upkeep
|inactive|tdm32 has 60 seconds left.
|
|t:|1779908624
|switch|p1a: Great Tusk|Great Tusk|48/100
|-damage|p1a: Great Tusk|46/100|[from] Stealth Rock
|turn|23
|
|t:|1779908630
|move|p2a: Great Tusk|Earthquake|p1a: Great Tusk
|-damage|p1a: Great Tusk|14/100
|move|p1a: Great Tusk|Ice Spinner|p2a: Great Tusk
|-supereffective|p2a: Great Tusk
|-damage|p2a: Great Tusk|0 fnt
|faint|p2a: Great Tusk
|-end|p2a: Great Tusk|Protosynthesis|[silent]
|
|upkeep
|
|t:|1779908639
|switch|p2a: Kyurem|Kyurem, tera:Ground|57/100
|-ability|p2a: Kyurem|Pressure
|turn|24
|
|t:|1779908645
|move|p2a: Kyurem|Earth Power|p1a: Great Tusk
|-damage|p1a: Great Tusk|0 fnt
|faint|p1a: Great Tusk
|-end|p1a: Great Tusk|Protosynthesis|[silent]
|
|upkeep
|
|t:|1779908661
|switch|p1a: Kingambit|Kingambit, M|94/100
|-damage|p1a: Kingambit|88/100|[from] Stealth Rock
|-activate|p1a: Kingambit|ability: Supreme Overlord
|-start|p1a: Kingambit|fallen4|[silent]
|turn|25
|
|t:|1779908667
|move|p2a: Kyurem|Substitute|p2a: Kyurem
|-start|p2a: Kyurem|Substitute
|-damage|p2a: Kyurem|32/100
|move|p1a: Kingambit|Kowtow Cleave|p2a: Kyurem
|-end|p2a: Kyurem|Substitute
|
|-heal|p1a: Kingambit|94/100|[from] item: Leftovers
|upkeep
|turn|26
|
|t:|1779908679
|move|p2a: Kyurem|Earth Power|p1a: Kingambit
|-supereffective|p1a: Kingambit
|-damage|p1a: Kingambit|0 fnt
|faint|p1a: Kingambit
|-end|p1a: Kingambit|fallen4|[silent]
|
|upkeep
|
|t:|1779908683
|switch|p1a: Gholdengo|Gholdengo|37/100
|-damage|p1a: Gholdengo|31/100|[from] Stealth Rock
|turn|27
|inactive|tdm32 has 90 seconds left.
|
|t:|1779908689
|move|p2a: Kyurem|Earth Power|p1a: Gholdengo
|-supereffective|p1a: Gholdengo
|-damage|p1a: Gholdengo|0 fnt
|faint|p1a: Gholdengo
|
|win|Booluigi
|raw|tdm32's rating: 1266 &rarr; <strong>1238</strong><br />(-28 for losing)
|raw|Booluigi's rating: 1228 &rarr; <strong>1256</strong><br />(+28 for winning)
|l|☆tdm32
|player|p1|
