|j|☆zabbaman
|j|☆DEEZ NUTHS
|t:|1779946481
|gametype|singles
|player|p1|zabbaman|1|1297
|player|p2|DEEZ NUTHS|steven|1334
|gen|9
|tier|[Gen 9] OU
|rated|
|rule|HP Percentage Mod: HP is shown in percentages
|rule|Endless Battle Clause: Forcing endless battles is banned
|rule|Species Clause: Limit one of each Pokémon
|rule|OHKO Clause: OHKO moves are banned
|rule|Evasion Items Clause: Evasion items are banned
|rule|Evasion Moves Clause: Evasion moves are banned
|rule|Evasion Abilities Clause: Evasion abilities are banned
|rule|Sleep Moves Clause: Sleep-inducing moves are banned
|clearpoke
|poke|p1|Regice|
|poke|p1|Ninetales-Alola, M|
|poke|p1|Dragapult, F|
|poke|p1|Tyranitar, M|
|poke|p1|Thundurus-Therian, M|
|poke|p1|Cinderace, M|
|poke|p2|Primarina, M|
|poke|p2|Weavile, M|
|poke|p2|Corviknight, F|
|poke|p2|Garchomp, F|
|poke|p2|Enamorus, F|
|poke|p2|Slowking-Galar, F|
|teampreview
|inactive|Battle timer is ON: inactive players will automatically lose when time's up. (requested by zabbaman)
|
|t:|1779946508
|teamsize|p1|6
|teamsize|p2|6
|start
|switch|p1a: Ninetales|Ninetales-Alola, M|100/100
|switch|p2a: Beeheader|Slowking-Galar, F, shiny|100/100
|-weather|Snowscape|[from] ability: Snow Warning|[of] p1a: Ninetales
|turn|1
|
|t:|1779946519
|move|p1a: Ninetales|Aurora Veil|p1a: Ninetales
|-sidestart|p1: zabbaman|move: Aurora Veil
|move|p2a: Beeheader|Future Sight|p1a: Ninetales
|-start|p2a: Beeheader|move: Future Sight
|
|-weather|Snowscape|[upkeep]
|upkeep
|turn|2
|
|t:|1779946524
|move|p1a: Ninetales|Freeze-Dry|p2a: Beeheader
|-damage|p2a: Beeheader|86/100
|move|p2a: Beeheader|Toxic|p1a: Ninetales
|-status|p1a: Ninetales|tox
|
|-weather|Snowscape|[upkeep]
|-damage|p1a: Ninetales|94/100 tox|[from] psn
|upkeep
|turn|3
|
|t:|1779946531
|switch|p1a: Tyranitar|Tyranitar, M|100/100
|-ability|p1a: Tyranitar|Unnerve
|move|p2a: Beeheader|Sludge Bomb|p1a: Tyranitar
|-resisted|p1a: Tyranitar
|-damage|p1a: Tyranitar|93/100
|
|-weather|Snowscape|[upkeep]
|-end|p1a: Tyranitar|move: Future Sight
|-immune|p1a: Tyranitar
|upkeep
|turn|4
|
|t:|1779946542
|switch|p2a: Corviknight|Corviknight, F|100/100
|move|p1a: Tyranitar|Dragon Dance|p1a: Tyranitar
|-boost|p1a: Tyranitar|atk|1
|-boost|p1a: Tyranitar|spe|1
|
|-weather|Snowscape|[upkeep]
|upkeep
|turn|5
|
|t:|1779946551
|move|p1a: Tyranitar|Knock Off|p2a: Corviknight
|-damage|p2a: Corviknight|54/100
|-damage|p1a: Tyranitar|76/100|[from] item: Rocky Helmet|[of] p2a: Corviknight
|-enditem|p2a: Corviknight|Rocky Helmet|[from] move: Knock Off|[of] p1a: Tyranitar
|move|p2a: Corviknight|Body Press|p1a: Tyranitar
|-supereffective|p1a: Tyranitar
|-damage|p1a: Tyranitar|25/100
|
|-weather|Snowscape|[upkeep]
|-sideend|p1: zabbaman|move: Aurora Veil
|upkeep
|turn|6
|
|t:|1779946561
|switch|p1a: Thundurus|Thundurus-Therian, M|100/100
|move|p2a: Corviknight|Body Press|p1a: Thundurus
|-resisted|p1a: Thundurus
|-damage|p1a: Thundurus|81/100
|
|-weather|Snowscape|[upkeep]
|upkeep
|turn|7
|l|☆DEEZ NUTHS
|inactive|DEEZ NUTHS disconnected and has a minute to reconnect!
|player|p2|
|inactive|DEEZ NUTHS has 30 seconds to reconnect!
|inactive|DEEZ NUTHS has 20 seconds to reconnect!
|inactive|DEEZ NUTHS has 15 seconds to reconnect!
|inactive|DEEZ NUTHS has 10 seconds to reconnect!
|inactive|DEEZ NUTHS has 5 seconds to reconnect!
|-message|DEEZ NUTHS lost due to inactivity.
|
|win|zabbaman
|raw|zabbaman's rating: 1297 &rarr; <strong>1325</strong><br />(+28 for winning)
|raw|DEEZ NUTHS's rating: 1334 &rarr; <strong>1312</strong><br />(-22 for losing)
