|j|☆WQ9000
|j|☆fifodrummer
|t:|1779872822
|gametype|singles
|player|p1|WQ9000|170|1348
|player|p2|fifodrummer|pokemaniac|1471
|gen|9
|tier|[Gen 9] OU
|rated|
|rule|HP Percentage Mod: HP is shown in percentages
|rule|Endless Battle Clause: Forcing endless battles is banned
|rule|Species Clause: Limit one of each Pokémon
|rule|OHKO Clause: OHKO moves are banned
|rule|Evasion Items Clause: Evasion items are banned
|rule|Evasion Moves Clause: Evasion moves are banned
|rule|Evasion Abilities Clause: Evasion abilities are banned
|rule|Sleep Moves Clause: Sleep-inducing moves are banned
|clearpoke
|poke|p1|Hatterene, F|
|poke|p1|Exeggutor-Alola, F|
|poke|p1|Torkoal, F|
|poke|p1|Rampardos, M|
|poke|p1|Slowking-Galar, F|
|poke|p1|Coalossal, F|
|poke|p2|Pelipper, M|
|poke|p2|Raging Bolt|
|poke|p2|Overqwil, M|
|poke|p2|Ogerpon-Wellspring, F|
|poke|p2|Scizor, M|
|poke|p2|Kingdra, F|
|teampreview
|inactive|Battle timer is ON: inactive players will automatically lose when time's up. (requested by fifodrummer)
|c|☆fifodrummer|Sick team bro
|c|☆fifodrummer|Glhf
|
|t:|1779872843
|teamsize|p1|6
|teamsize|p2|6
|start
|switch|p1a: Exeggutor|Exeggutor-Alola, F|100/100
|switch|p2a: High AF|Raging Bolt|100/100
|turn|1
|
|t:|1779872853
|move|p2a: High AF|Volt Switch|p1a: Exeggutor
|-resisted|p1a: Exeggutor
|-damage|p1a: Exeggutor|90/100
|
|t:|1779872856
|-end|p2a: High AF|Protosynthesis|[silent]
|switch|p2a: Nigel|Pelipper, M|100/100|[from] Volt Switch
|-weather|RainDance|[from] ability: Drizzle|[of] p2a: Nigel
|move|p1a: Exeggutor|Dragon Hammer|p2a: Nigel
|-damage|p2a: Nigel|51/100
|
|-weather|RainDance|[upkeep]
|upkeep
|turn|2
|
|t:|1779872871
|switch|p1a: Torkoal|Torkoal, F|100/100
|-weather|SunnyDay|[from] ability: Drought|[of] p1a: Torkoal
|move|p2a: Nigel|Ice Beam|p1a: Torkoal
|-resisted|p1a: Torkoal
|-damage|p1a: Torkoal|87/100
|
|-weather|SunnyDay|[upkeep]
|upkeep
|turn|3
|
|t:|1779872895
|switch|p2a: High AF|Raging Bolt|100/100
|-activate|p2a: High AF|ability: Protosynthesis
|-start|p2a: High AF|protosynthesisspa
|switch|p1a: Exeggutor|Exeggutor-Alola, F|90/100
|
|-weather|SunnyDay|[upkeep]
|upkeep
|turn|4
|inactive|WQ9000 has 120 seconds left.
|
|t:|1779872919
|move|p2a: High AF|Weather Ball|p1a: Exeggutor
|-damage|p1a: Exeggutor|7/100
|-enditem|p1a: Exeggutor|Sitrus Berry|[eat]
|-heal|p1a: Exeggutor|32/100|[from] item: Sitrus Berry
|move|p1a: Exeggutor|Trick Room|p1a: Exeggutor
|-fieldstart|move: Trick Room|[of] p1a: Exeggutor
|
|-weather|SunnyDay|[upkeep]
|-item|p1a: Exeggutor|Sitrus Berry|[from] ability: Harvest
|upkeep
|-enditem|p1a: Exeggutor|Sitrus Berry|[eat]
|-heal|p1a: Exeggutor|57/100|[from] item: Sitrus Berry
|turn|5
|inactive|WQ9000 has 120 seconds left.
|
|t:|1779872932
|-end|p2a: High AF|Protosynthesis|[silent]
|switch|p2a: Iron Claw|Scizor, M, shiny|100/100
|-terastallize|p1a: Exeggutor|Fire
|move|p1a: Exeggutor|Growth|p1a: Exeggutor
|-boost|p1a: Exeggutor|atk|2
|-boost|p1a: Exeggutor|spa|2
|
|-weather|SunnyDay|[upkeep]
|-item|p1a: Exeggutor|Sitrus Berry|[from] ability: Harvest
|upkeep
|turn|6
|
|t:|1779872943
|switch|p2a: Nigel|Pelipper, M|51/100
|-weather|RainDance|[from] ability: Drizzle|[of] p2a: Nigel
|move|p1a: Exeggutor|Dragon Hammer|p2a: Nigel
|-damage|p2a: Nigel|0 fnt
|faint|p2a: Nigel
|
|-weather|RainDance|[upkeep]
|upkeep
|
|t:|1779872957
|switch|p2a: The Mask|Ogerpon-Wellspring, F|100/100
|turn|7
|
|t:|1779872964
|-terastallize|p2a: The Mask|Water
|detailschange|p2a: The Mask|Ogerpon-Wellspring-Tera, F, tera:Water
|-ability|p2a: The Mask|Embody Aspect (Wellspring)|boost
|-boost|p2a: The Mask|spd|1
|move|p1a: Exeggutor|Dragon Hammer|p2a: The Mask
|-damage|p2a: The Mask|0 fnt
|faint|p2a: The Mask
|detailschange|p2: The Mask|Ogerpon-Wellspring, F|[silent]
|
|-weather|RainDance|[upkeep]
|upkeep
|
|t:|1779872975
|switch|p2a: Spike|Overqwil, M, shiny|100/100
|turn|8
|
|t:|1779872978
|move|p1a: Exeggutor|Dragon Hammer|p2a: Spike
|-damage|p2a: Spike|7/100
|move|p2a: Spike|Liquidation|p1a: Exeggutor
|-supereffective|p1a: Exeggutor
|-damage|p1a: Exeggutor|0 fnt
|faint|p1a: Exeggutor
|-damage|p2a: Spike|0 fnt|[from] item: Life Orb
|faint|p2a: Spike
|
|-weather|RainDance|[upkeep]
|-fieldend|move: Trick Room
|upkeep
|
|t:|1779872993
|switch|p2a: I'm a Dragon!?|Kingdra, F|100/100
|switch|p1a: Torkoal|Torkoal, F|87/100
|-weather|SunnyDay|[from] ability: Drought|[of] p1a: Torkoal
|turn|9
|
|t:|1779873000
|switch|p1a: Hatterene|Hatterene, F|100/100
|move|p2a: I'm a Dragon!?|Surf|p1a: Hatterene
|-crit|p1a: Hatterene
|-damage|p1a: Hatterene|57/100
|
|-weather|SunnyDay|[upkeep]
|-heal|p1a: Hatterene|63/100|[from] item: Leftovers
|upkeep
|turn|10
|
|t:|1779873009
|switch|p2a: High AF|Raging Bolt|100/100
|-activate|p2a: High AF|ability: Protosynthesis
|-start|p2a: High AF|protosynthesisspa
|move|p1a: Hatterene|Trick Room|p1a: Hatterene
|-fieldstart|move: Trick Room|[of] p1a: Hatterene
|
|-weather|SunnyDay|[upkeep]
|-heal|p1a: Hatterene|69/100|[from] item: Leftovers
|upkeep
|turn|11
|
|t:|1779873018
|move|p1a: Hatterene|Calm Mind|p1a: Hatterene
|-boost|p1a: Hatterene|spa|1
|-boost|p1a: Hatterene|spd|1
|move|p2a: High AF|Volt Switch|p1a: Hatterene
|-damage|p1a: Hatterene|35/100
|
|t:|1779873025
|-end|p2a: High AF|Protosynthesis|[silent]
|switch|p2a: Iron Claw|Scizor, M, shiny|100/100|[from] Volt Switch
|
|-weather|SunnyDay|[upkeep]
|-heal|p1a: Hatterene|41/100|[from] item: Leftovers
|upkeep
|turn|12
|
|t:|1779873049
|switch|p1a: Torkoal|Torkoal, F|87/100
|move|p2a: Iron Claw|Bullet Punch|p1a: Torkoal
|-resisted|p1a: Torkoal
|-damage|p1a: Torkoal|75/100
|
|-weather|SunnyDay|[upkeep]
|upkeep
|turn|13
|
|t:|1779873071
|switch|p2a: High AF|Raging Bolt|100/100
|-activate|p2a: High AF|ability: Protosynthesis
|-start|p2a: High AF|protosynthesisspa
|move|p1a: Torkoal|Eruption|p2a: High AF
|-resisted|p2a: High AF
|-damage|p2a: High AF|65/100
|
|-weather|SunnyDay|[upkeep]
|upkeep
|turn|14
|
|t:|1779873085
|move|p1a: Torkoal|Eruption|p2a: High AF
|-resisted|p2a: High AF
|-damage|p2a: High AF|30/100
|move|p2a: High AF|Thunder|p1a: Torkoal|[miss]
|-miss|p2a: High AF|p1a: Torkoal
|
|-weather|SunnyDay|[upkeep]
|-fieldend|move: Trick Room
|upkeep
|turn|15
|
|t:|1779873095
|move|p2a: High AF|Thunder|p1a: Torkoal
|-damage|p1a: Torkoal|0 fnt
|faint|p1a: Torkoal
|
|-weather|SunnyDay|[upkeep]
|upkeep
|
|t:|1779873110
|switch|p1a: Hatterene|Hatterene, F|41/100
|turn|16
|
|t:|1779873113
|move|p2a: High AF|Thunder|p1a: Hatterene
|-damage|p1a: Hatterene|0 fnt
|faint|p1a: Hatterene
|
|-weather|none
|-end|p2a: High AF|Protosynthesis
|upkeep
|
|t:|1779873118
|switch|p1a: Slowking|Slowking-Galar, F|100/100
|turn|17
|
|t:|1779873122
|-end|p2a: High AF|Protosynthesis|[silent]
|switch|p2a: Iron Claw|Scizor, M, shiny|100/100
|move|p1a: Slowking|Trick Room|p1a: Slowking
|-fieldstart|move: Trick Room|[of] p1a: Slowking
|
|upkeep
|turn|18
|
|t:|1779873127
|move|p1a: Slowking|Fire Blast|p2a: Iron Claw
|-supereffective|p2a: Iron Claw
|-damage|p2a: Iron Claw|0 fnt
|faint|p2a: Iron Claw
|
|upkeep
|
|t:|1779873134
|switch|p2a: I'm a Dragon!?|Kingdra, F|100/100
|turn|19
|
|t:|1779873143
|move|p1a: Slowking|Sludge Bomb|p2a: I'm a Dragon!?
|-damage|p2a: I'm a Dragon!?|40/100
|-status|p2a: I'm a Dragon!?|psn
|move|p2a: I'm a Dragon!?|Flip Turn|p1a: Slowking
|-damage|p1a: Slowking|82/100
|
|t:|1779873150
|switch|p2a: High AF|Raging Bolt|30/100|[from] Flip Turn
|
|upkeep
|turn|20
|
|t:|1779873154
|move|p1a: Slowking|Sludge Bomb|p2a: High AF
|-damage|p2a: High AF|0 fnt
|faint|p2a: High AF
|-end|p2a: High AF|Protosynthesis|[silent]
|
|upkeep
|-message|fifodrummer forfeited.
|
|win|WQ9000
|raw|WQ9000's rating: 1348 &rarr; <strong>1375</strong><br />(+27 for winning)
|raw|fifodrummer's rating: 1471 &rarr; <strong>1444</strong><br />(-27 for losing)
|l|☆fifodrummer
|player|p2|
|c|☆WQ9000|gg
|l|☆WQ9000
|player|p1|
