|j|☆Exiowf
|j|☆busto2412
|t:|1779821534
|gametype|singles
|player|p1|Exiowf|2|1525
|player|p2|busto2412|hilbert|1572
|gen|9
|tier|[Gen 9] OU
|rated|
|rule|HP Percentage Mod: HP is shown in percentages
|rule|Endless Battle Clause: Forcing endless battles is banned
|rule|Species Clause: Limit one of each Pokémon
|rule|OHKO Clause: OHKO moves are banned
|rule|Evasion Items Clause: Evasion items are banned
|rule|Evasion Moves Clause: Evasion moves are banned
|rule|Evasion Abilities Clause: Evasion abilities are banned
|rule|Sleep Moves Clause: Sleep-inducing moves are banned
|clearpoke
|poke|p1|Slowking-Galar, M|
|poke|p1|Great Tusk|
|poke|p1|Corviknight, M|
|poke|p1|Dragapult, F|
|poke|p1|Kingambit, F|
|poke|p1|Iron Boulder|
|poke|p2|Ursaluna, M|
|poke|p2|Dragapult, M|
|poke|p2|Zapdos|
|poke|p2|Goodra-Hisui, F|
|poke|p2|Greninja-*, M|
|poke|p2|Zamazenta-*|
|teampreview
|
|t:|1779821556
|teamsize|p1|6
|teamsize|p2|6
|start
|switch|p1a: Iron Boulder|Iron Boulder|100/100
|switch|p2a: Ursaluna|Ursaluna, M, shiny|100/100
|turn|1
|
|t:|1779821563
|move|p1a: Iron Boulder|Close Combat|p2a: Ursaluna
|-supereffective|p2a: Ursaluna
|-damage|p2a: Ursaluna|10/100
|-unboost|p1a: Iron Boulder|def|1
|-unboost|p1a: Iron Boulder|spd|1
|move|p2a: Ursaluna|Headlong Rush|p1a: Iron Boulder
|-supereffective|p1a: Iron Boulder
|-damage|p1a: Iron Boulder|0 fnt
|-unboost|p2a: Ursaluna|def|1
|-unboost|p2a: Ursaluna|spd|1
|faint|p1a: Iron Boulder
|-end|p1a: Iron Boulder|Quark Drive|[silent]
|
|-status|p2a: Ursaluna|brn|[from] item: Flame Orb
|upkeep
|
|t:|1779821566
|switch|p1a: Corviknight|Corviknight, M|100/100
|-ability|p1a: Corviknight|Pressure
|turn|2
|
|t:|1779821578
|move|p1a: Corviknight|U-turn|p2a: Ursaluna
|-damage|p2a: Ursaluna|0 fnt
|faint|p2a: Ursaluna
|
|t:|1779821586
|switch|p1a: Dragapult|Dragapult, F|100/100|[from] U-turn
|
|upkeep
|
|t:|1779821590
|switch|p2a: Goodra|Goodra-Hisui, F|100/100
|turn|3
|
|t:|1779821594
|move|p1a: Dragapult|U-turn|p2a: Goodra
|-resisted|p2a: Goodra
|-damage|p2a: Goodra|93/100
|-ability|p2a: Goodra|Gooey
|-fail|p1a: Dragapult|unboost|[from] ability: Clear Body|[of] p1a: Dragapult
|
|t:|1779821595
|switch|p1a: Slowking|Slowking-Galar, M|100/100|[from] U-turn
|move|p2a: Goodra|Ice Beam|p1a: Slowking
|-damage|p1a: Slowking|81/100
|
|-heal|p2a: Goodra|99/100|[from] item: Leftovers
|upkeep
|turn|4
|
|t:|1779821605
|move|p2a: Goodra|Flash Cannon|p1a: Slowking
|-damage|p1a: Slowking|55/100
|-prepare|p1a: Slowking|Chilly Reception|[premajor]
|move|p1a: Slowking|Chilly Reception|p1a: Slowking
|-weather|Snowscape
|
|t:|1779821607
|switch|p1a: Great Tusk|Great Tusk|100/100|[from] Chilly Reception
|
|-weather|Snowscape|[upkeep]
|-heal|p2a: Goodra|100/100|[from] item: Leftovers
|upkeep
|turn|5
|
|t:|1779821635
|move|p1a: Great Tusk|Headlong Rush|p2a: Goodra
|-supereffective|p2a: Goodra
|-damage|p2a: Goodra|0 fnt
|-unboost|p1a: Great Tusk|def|1
|-unboost|p1a: Great Tusk|spd|1
|-ability|p2a: Goodra|Gooey
|-unboost|p1a: Great Tusk|spe|1
|faint|p2a: Goodra
|
|-weather|Snowscape|[upkeep]
|upkeep
|
|t:|1779821643
|switch|p2a: Greninja|Greninja, M|100/100
|turn|6
|
|t:|1779821649
|-end|p1a: Great Tusk|Protosynthesis|[silent]
|switch|p1a: Slowking|Slowking-Galar, M|88/100
|move|p2a: Greninja|Ice Beam|p1a: Slowking
|-damage|p1a: Slowking|70/100
|-damage|p2a: Greninja|91/100|[from] item: Life Orb
|
|-weather|Snowscape|[upkeep]
|upkeep
|turn|7
|
|t:|1779821655
|move|p2a: Greninja|Dark Pulse|p1a: Slowking
|-supereffective|p1a: Slowking
|-damage|p1a: Slowking|16/100
|-damage|p2a: Greninja|81/100|[from] item: Life Orb
|-prepare|p1a: Slowking|Chilly Reception|[premajor]
|move|p1a: Slowking|Chilly Reception|p1a: Slowking
|
|t:|1779821658
|switch|p1a: Dragapult|Dragapult, F|100/100|[from] Chilly Reception
|
|-weather|Snowscape|[upkeep]
|upkeep
|turn|8
|
|t:|1779821665
|switch|p2a: Zapdos|Zapdos, shiny|100/100
|move|p1a: Dragapult|Draco Meteor|p2a: Zapdos
|-damage|p2a: Zapdos|20/100
|-unboost|p1a: Dragapult|spa|2
|
|-weather|none
|upkeep
|turn|9
|
|t:|1779821672
|move|p1a: Dragapult|Draco Meteor|p2a: Zapdos
|-damage|p2a: Zapdos|0 fnt
|-unboost|p1a: Dragapult|spa|2
|faint|p2a: Zapdos
|
|upkeep
|
|t:|1779821677
|switch|p2a: Dragapult|Dragapult, M, shiny|100/100
|turn|10
|
|t:|1779821684
|switch|p1a: Kingambit|Kingambit, F|100/100
|-activate|p1a: Kingambit|ability: Supreme Overlord
|-start|p1a: Kingambit|fallen1|[silent]
|move|p2a: Dragapult|U-turn|p1a: Kingambit
|-damage|p1a: Kingambit|88/100
|
|t:|1779821690
|switch|p2a: Zamazenta|Zamazenta|100/100|[from] U-turn
|-ability|p2a: Zamazenta|Dauntless Shield|boost
|-boost|p2a: Zamazenta|def|1
|
|-heal|p1a: Kingambit|94/100|[from] item: Leftovers
|upkeep
|turn|11
|
|t:|1779821697
|switch|p2a: Dragapult|Dragapult, M, shiny|100/100
|-end|p1a: Kingambit|fallen1|[silent]
|switch|p1a: Corviknight|Corviknight, M|100/100
|-ability|p1a: Corviknight|Pressure
|
|upkeep
|turn|12
|
|t:|1779821704
|move|p2a: Dragapult|Thunderbolt|p1a: Corviknight
|-supereffective|p1a: Corviknight
|-damage|p1a: Corviknight|28/100
|move|p1a: Corviknight|U-turn|p2a: Dragapult
|-resisted|p2a: Dragapult
|-damage|p2a: Dragapult|90/100
|
|t:|1779821710
|switch|p1a: Great Tusk|Great Tusk|100/100|[from] U-turn
|
|upkeep
|turn|13
|
|t:|1779821714
|switch|p2a: Zamazenta|Zamazenta|100/100
|move|p1a: Great Tusk|Stealth Rock|p2a: Zamazenta
|-sidestart|p2: busto2412|move: Stealth Rock
|
|upkeep
|turn|14
|
|t:|1779821721
|move|p2a: Zamazenta|Close Combat|p1a: Great Tusk
|-damage|p1a: Great Tusk|57/100
|-unboost|p2a: Zamazenta|def|1
|-unboost|p2a: Zamazenta|spd|1
|move|p1a: Great Tusk|Rapid Spin|p2a: Zamazenta
|-damage|p2a: Zamazenta|76/100
|-boost|p1a: Great Tusk|spe|1
|
|upkeep
|turn|15
|
|t:|1779821731
|move|p1a: Great Tusk|Headlong Rush|p2a: Zamazenta
|-damage|p2a: Zamazenta|0 fnt
|-unboost|p1a: Great Tusk|def|1
|-unboost|p1a: Great Tusk|spd|1
|faint|p2a: Zamazenta
|
|upkeep
|
|t:|1779821736
|switch|p2a: Greninja|Greninja, M|81/100
|-damage|p2a: Greninja|69/100|[from] Stealth Rock
|turn|16
|
|t:|1779821747
|move|p1a: Great Tusk|Headlong Rush|p2a: Greninja
|-damage|p2a: Greninja|0 fnt
|-unboost|p1a: Great Tusk|def|1
|-unboost|p1a: Great Tusk|spd|1
|faint|p2a: Greninja
|
|upkeep
|c|☆busto2412|gg
|-message|busto2412 forfeited.
|
|win|Exiowf
|raw|Exiowf's rating: 1525 &rarr; <strong>1548</strong><br />(+23 for winning)
|raw|busto2412's rating: 1572 &rarr; <strong>1549</strong><br />(-23 for losing)
|l|☆busto2412
|player|p2|
|c|☆Exiowf|gg
|l|☆Exiowf
|player|p1|
