|j|☆hattybatty304
|j|☆dranzerzx
|t:|1779918927
|gametype|singles
|player|p1|hattybatty304|swimmerf|1457
|player|p2|dranzerzx|pokemaniac|1480
|gen|9
|tier|[Gen 9] OU
|rated|
|rule|HP Percentage Mod: HP is shown in percentages
|rule|Endless Battle Clause: Forcing endless battles is banned
|rule|Species Clause: Limit one of each Pokémon
|rule|OHKO Clause: OHKO moves are banned
|rule|Evasion Items Clause: Evasion items are banned
|rule|Evasion Moves Clause: Evasion moves are banned
|rule|Evasion Abilities Clause: Evasion abilities are banned
|rule|Sleep Moves Clause: Sleep-inducing moves are banned
|clearpoke
|poke|p1|Hatterene, F|
|poke|p1|Meowscarada, F|
|poke|p1|Primarina, F|
|poke|p1|Cinderace, F|
|poke|p1|Pecharunt|
|poke|p1|Inteleon, F|
|poke|p2|Garchomp, M|
|poke|p2|Darkrai|
|poke|p2|Gholdengo|
|poke|p2|Ogerpon-Wellspring, F|
|poke|p2|Iron Valiant|
|poke|p2|Iron Treads|
|teampreview
|inactive|Battle timer is ON: inactive players will automatically lose when time's up. (requested by hattybatty304)
|
|t:|1779918958
|teamsize|p1|6
|teamsize|p2|6
|start
|switch|p1a: BATTYGAL|Hatterene, F|100/100
|switch|p2a: Ogerpon|Ogerpon-Wellspring, F|100/100
|turn|1
|
|t:|1779918971
|switch|p2a: Iron Treads|Iron Treads|100/100
|move|p1a: BATTYGAL|Nuzzle|p2a: Iron Treads
|-immune|p2a: Iron Treads
|
|upkeep
|turn|2
|
|t:|1779918976
|move|p2a: Iron Treads|Knock Off|p1a: BATTYGAL
|-damage|p1a: BATTYGAL|71/100
|-enditem|p1a: BATTYGAL|Assault Vest|[from] move: Knock Off|[of] p2a: Iron Treads
|move|p1a: BATTYGAL|Mystical Fire|p2a: Iron Treads
|-supereffective|p2a: Iron Treads
|-damage|p2a: Iron Treads|52/100
|-unboost|p2a: Iron Treads|spa|1
|
|-heal|p2a: Iron Treads|58/100|[from] item: Leftovers
|upkeep
|turn|3
|
|t:|1779918983
|move|p2a: Iron Treads|Earthquake|p1a: BATTYGAL
|-damage|p1a: BATTYGAL|25/100
|move|p1a: BATTYGAL|Mystical Fire|p2a: Iron Treads
|-supereffective|p2a: Iron Treads
|-damage|p2a: Iron Treads|15/100
|-unboost|p2a: Iron Treads|spa|1
|
|-heal|p2a: Iron Treads|21/100|[from] item: Leftovers
|upkeep
|turn|4
|
|t:|1779918989
|switch|p1a: Miss TakeYoMan|Meowscarada, F|100/100
|move|p2a: Iron Treads|Earthquake|p1a: Miss TakeYoMan
|-resisted|p1a: Miss TakeYoMan
|-damage|p1a: Miss TakeYoMan|70/100
|
|-heal|p2a: Iron Treads|27/100|[from] item: Leftovers
|upkeep
|turn|5
|
|t:|1779918996
|move|p1a: Miss TakeYoMan|Flower Trick|p2a: Iron Treads
|-start|p1a: Miss TakeYoMan|typechange|Grass|[from] ability: Protean
|-crit|p2a: Iron Treads
|-damage|p2a: Iron Treads|0 fnt
|faint|p2a: Iron Treads
|-end|p2a: Iron Treads|Quark Drive|[silent]
|
|upkeep
|
|t:|1779919000
|switch|p2a: Darkrai|Darkrai|100/100
|turn|6
|
|t:|1779919007
|switch|p1a: BATTYGAL|Hatterene, F|25/100
|move|p2a: Darkrai|Sludge Bomb|p1a: BATTYGAL
|-supereffective|p1a: BATTYGAL
|-damage|p1a: BATTYGAL|0 fnt
|faint|p1a: BATTYGAL
|
|upkeep
|
|t:|1779919015
|switch|p1a: WidowMaker|Inteleon, F, shiny|100/100
|turn|7
|
|t:|1779919027
|switch|p2a: Ogerpon|Ogerpon-Wellspring, F|100/100
|move|p1a: WidowMaker|Vacuum Wave|p2a: Ogerpon
|-damage|p2a: Ogerpon|85/100
|
|upkeep
|turn|8
|
|t:|1779919040
|move|p1a: WidowMaker|Dark Pulse|p2a: Ogerpon
|-damage|p2a: Ogerpon|57/100
|move|p2a: Ogerpon|Ivy Cudgel|p1a: WidowMaker|[anim] Ivy Cudgel Water
|-resisted|p1a: WidowMaker
|-damage|p1a: WidowMaker|59/100
|
|upkeep
|turn|9
|
|t:|1779919043
|move|p1a: WidowMaker|Dark Pulse|p2a: Ogerpon
|-damage|p2a: Ogerpon|27/100
|move|p2a: Ogerpon|Power Whip|p1a: WidowMaker
|-supereffective|p1a: WidowMaker
|-damage|p1a: WidowMaker|0 fnt
|faint|p1a: WidowMaker
|
|upkeep
|
|t:|1779919048
|switch|p1a: Miss TakeYoMan|Meowscarada, F|70/100
|turn|10
|
|t:|1779919054
|move|p1a: Miss TakeYoMan|U-turn|p2a: Ogerpon
|-start|p1a: Miss TakeYoMan|typechange|Bug|[from] ability: Protean
|-supereffective|p2a: Ogerpon
|-damage|p2a: Ogerpon|0 fnt
|faint|p2a: Ogerpon
|
|t:|1779919058
|switch|p1a: Lm10|Cinderace, F|100/100|[from] U-turn
|
|upkeep
|
|t:|1779919061
|switch|p2a: Darkrai|Darkrai|100/100
|turn|11
|
|t:|1779919066
|move|p1a: Lm10|Sucker Punch|p2a: Darkrai
|-start|p1a: Lm10|typechange|Dark|[from] ability: Libero
|-resisted|p2a: Darkrai
|-damage|p2a: Darkrai|78/100
|move|p2a: Darkrai|Dark Pulse|p1a: Lm10
|-resisted|p1a: Lm10
|-damage|p1a: Lm10|71/100
|
|upkeep
|turn|12
|
|t:|1779919072
|move|p2a: Darkrai|Sludge Bomb|p1a: Lm10
|-damage|p1a: Lm10|23/100
|move|p1a: Lm10|Pyro Ball|p2a: Darkrai|[miss]
|-miss|p1a: Lm10|p2a: Darkrai
|
|upkeep
|turn|13
|
|t:|1779919079
|move|p1a: Lm10|Sucker Punch|p2a: Darkrai
|-resisted|p2a: Darkrai
|-damage|p2a: Darkrai|57/100
|move|p2a: Darkrai|Dark Pulse|p1a: Lm10
|-resisted|p1a: Lm10
|-damage|p1a: Lm10|0 fnt
|faint|p1a: Lm10
|
|upkeep
|
|t:|1779919088
|switch|p1a: Rapunzal|Primarina, F, shiny|100/100
|turn|14
|
|t:|1779919098
|move|p2a: Darkrai|Sludge Bomb|p1a: Rapunzal
|-supereffective|p1a: Rapunzal
|-crit|p1a: Rapunzal
|-damage|p1a: Rapunzal|54/100
|move|p1a: Rapunzal|Draining Kiss|p2a: Darkrai
|-supereffective|p2a: Darkrai
|-damage|p2a: Darkrai|0 fnt
|-heal|p1a: Rapunzal|86/100|[from] drain|[of] p2a: Darkrai
|faint|p2a: Darkrai
|
|upkeep
|
|t:|1779919103
|switch|p2a: Gholdengo|Gholdengo|100/100
|-item|p2a: Gholdengo|Air Balloon
|turn|15
|
|t:|1779919123
|-terastallize|p1a: Rapunzal|Steel
|move|p2a: Gholdengo|Thunder Wave|p1a: Rapunzal
|-status|p1a: Rapunzal|par
|move|p1a: Rapunzal|Shadow Ball|p2a: Gholdengo
|-supereffective|p2a: Gholdengo
|-damage|p2a: Gholdengo|46/100
|-enditem|p2a: Gholdengo|Air Balloon
|
|upkeep
|turn|16
|
|t:|1779919130
|move|p2a: Gholdengo|Recover|p2a: Gholdengo
|-heal|p2a: Gholdengo|97/100
|cant|p1a: Rapunzal|par
|
|upkeep
|turn|17
|
|t:|1779919133
|move|p2a: Gholdengo|Hex|p1a: Rapunzal
|-damage|p1a: Rapunzal|58/100 par
|move|p1a: Rapunzal|Psychic Noise|p2a: Gholdengo
|-damage|p2a: Gholdengo|59/100
|-start|p2a: Gholdengo|move: Heal Block
|
|upkeep
|turn|18
|
|t:|1779919137
|move|p2a: Gholdengo|Hex|p1a: Rapunzal
|-damage|p1a: Rapunzal|30/100 par
|move|p1a: Rapunzal|Shadow Ball|p2a: Gholdengo
|-supereffective|p2a: Gholdengo
|-damage|p2a: Gholdengo|4/100
|
|-end|p2a: Gholdengo|move: Heal Block
|upkeep
|turn|19
|
|t:|1779919142
|move|p2a: Gholdengo|Recover|p2a: Gholdengo
|-heal|p2a: Gholdengo|54/100
|move|p1a: Rapunzal|Psychic Noise|p2a: Gholdengo
|-damage|p2a: Gholdengo|19/100
|-start|p2a: Gholdengo|move: Heal Block
|
|upkeep
|turn|20
|
|t:|1779919148
|move|p2a: Gholdengo|Hex|p1a: Rapunzal
|-damage|p1a: Rapunzal|4/100 par
|cant|p1a: Rapunzal|par
|
|-end|p2a: Gholdengo|move: Heal Block
|upkeep
|turn|21
|
|t:|1779919151
|move|p2a: Gholdengo|Recover|p2a: Gholdengo
|-heal|p2a: Gholdengo|69/100
|move|p1a: Rapunzal|Shadow Ball|p2a: Gholdengo
|-supereffective|p2a: Gholdengo
|-damage|p2a: Gholdengo|17/100
|
|upkeep
|turn|22
|
|t:|1779919155
|move|p2a: Gholdengo|Recover|p2a: Gholdengo
|-heal|p2a: Gholdengo|68/100
|move|p1a: Rapunzal|Shadow Ball|p2a: Gholdengo
|-supereffective|p2a: Gholdengo
|-damage|p2a: Gholdengo|19/100
|
|upkeep
|turn|23
|
|t:|1779919157
|move|p2a: Gholdengo|Recover|p2a: Gholdengo
|-heal|p2a: Gholdengo|69/100
|cant|p1a: Rapunzal|par
|
|upkeep
|turn|24
|
|t:|1779919165
|move|p2a: Gholdengo|Hex|p1a: Rapunzal
|-damage|p1a: Rapunzal|0 fnt
|faint|p1a: Rapunzal
|
|upkeep
|
|t:|1779919169
|switch|p1a: Miss TakeYoMan|Meowscarada, F|70/100
|turn|25
|
|t:|1779919180
|-terastallize|p2a: Gholdengo|Fairy
|move|p1a: Miss TakeYoMan|Knock Off|p2a: Gholdengo
|-start|p1a: Miss TakeYoMan|typechange|Dark|[from] ability: Protean
|-resisted|p2a: Gholdengo
|-damage|p2a: Gholdengo|51/100
|move|p2a: Gholdengo|Thunder Wave|p1a: Miss TakeYoMan
|-status|p1a: Miss TakeYoMan|par
|
|upkeep
|turn|26
|
|t:|1779919187
|switch|p1a: Mosquito|Pecharunt|100/100
|move|p2a: Gholdengo|Make It Rain|p1a: Mosquito
|-damage|p1a: Mosquito|46/100
|-unboost|p2a: Gholdengo|spa|1
|
|upkeep
|turn|27
|
|t:|1779919190
|move|p2a: Gholdengo|Thunder Wave|p1a: Mosquito
|-status|p1a: Mosquito|par
|move|p1a: Mosquito|Malignant Chain|p2a: Gholdengo
|-supereffective|p2a: Gholdengo
|-damage|p2a: Gholdengo|0 fnt
|faint|p2a: Gholdengo
|
|upkeep
|
|t:|1779919195
|switch|p2a: Iron Valiant|Iron Valiant|100/100
|-enditem|p2a: Iron Valiant|Booster Energy
|-activate|p2a: Iron Valiant|ability: Quark Drive|[fromitem]
|-start|p2a: Iron Valiant|quarkdrivespe
|turn|28
|
|t:|1779919199
|move|p2a: Iron Valiant|Shadow Ball|p1a: Mosquito
|-supereffective|p1a: Mosquito
|-damage|p1a: Mosquito|0 fnt
|faint|p1a: Mosquito
|
|upkeep
|
|t:|1779919201
|switch|p1a: Miss TakeYoMan|Meowscarada, F|70/100 par
|turn|29
|c|☆dranzerzx|gg
|
|t:|1779919206
|move|p2a: Iron Valiant|Moonblast|p1a: Miss TakeYoMan
|-supereffective|p1a: Miss TakeYoMan
|-damage|p1a: Miss TakeYoMan|0 fnt
|faint|p1a: Miss TakeYoMan
|
|win|dranzerzx
|raw|hattybatty304's rating: 1457 &rarr; <strong>1438</strong><br />(-19 for losing)
|raw|dranzerzx's rating: 1480 &rarr; <strong>1499</strong><br />(+19 for winning)
|l|☆hattybatty304
|player|p1|
|l|☆dranzerzx
|player|p2|
