|j|☆dooozdzdz
|j|☆CKCompany
|t:|1779820761
|gametype|singles
|player|p1|dooozdzdz|tate|1713
|player|p2|CKCompany|266|1641
|gen|9
|tier|[Gen 9] OU
|rated|
|rule|HP Percentage Mod: HP is shown in percentages
|rule|Endless Battle Clause: Forcing endless battles is banned
|rule|Species Clause: Limit one of each Pokémon
|rule|OHKO Clause: OHKO moves are banned
|rule|Evasion Items Clause: Evasion items are banned
|rule|Evasion Moves Clause: Evasion moves are banned
|rule|Evasion Abilities Clause: Evasion abilities are banned
|rule|Sleep Moves Clause: Sleep-inducing moves are banned
|clearpoke
|poke|p1|Hoopa-Unbound|
|poke|p1|Zamazenta-*|
|poke|p1|Pecharunt|
|poke|p1|Iron Treads|
|poke|p1|Primarina, M|
|poke|p1|Dragonite, M|
|poke|p2|Tyranitar, F|
|poke|p2|Clefable, F|
|poke|p2|Alomomola, F|
|poke|p2|Scizor, M|
|poke|p2|Tornadus-Therian, M|
|poke|p2|Zamazenta-*|
|teampreview
|
|t:|1779820779
|teamsize|p1|6
|teamsize|p2|6
|start
|switch|p1a: Iron Treads|Iron Treads|100/100
|switch|p2a: Scizor|Scizor, M, shiny|100/100
|turn|1
|
|t:|1779820782
|move|p1a: Iron Treads|Earthquake|p2a: Scizor
|-damage|p2a: Scizor|47/100
|move|p2a: Scizor|Close Combat|p1a: Iron Treads
|-supereffective|p1a: Iron Treads
|-damage|p1a: Iron Treads|0 fnt
|-unboost|p2a: Scizor|def|1
|-unboost|p2a: Scizor|spd|1
|faint|p1a: Iron Treads
|-end|p1a: Iron Treads|Quark Drive|[silent]
|
|upkeep
|
|t:|1779820789
|switch|p1a: Hoopa|Hoopa-Unbound|100/100
|turn|2
|
|t:|1779820800
|switch|p2a: Alomomola|Alomomola, F, shiny|100/100
|move|p1a: Hoopa|Knock Off|p2a: Alomomola
|-damage|p2a: Alomomola|49/100
|-damage|p1a: Hoopa|84/100|[from] item: Rocky Helmet|[of] p2a: Alomomola
|-enditem|p2a: Alomomola|Rocky Helmet|[from] move: Knock Off|[of] p1a: Hoopa
|
|upkeep
|turn|3
|
|t:|1779820807
|move|p1a: Hoopa|Knock Off|p2a: Alomomola
|-damage|p2a: Alomomola|11/100
|move|p2a: Alomomola|Flip Turn|p1a: Hoopa
|-damage|p1a: Hoopa|56/100
|j| nesnot
|
|t:|1779820820
|switch|p2a: Scizor|Scizor, M, shiny|47/100|[from] Flip Turn
|
|upkeep
|turn|4
|
|t:|1779820825
|switch|p1a: Pecharunt|Pecharunt|100/100
|move|p2a: Scizor|Bullet Punch|p1a: Pecharunt
|-damage|p1a: Pecharunt|70/100
|
|upkeep
|turn|5
|
|t:|1779820832
|switch|p2a: Tyranitar|Tyranitar, F|100/100
|-weather|Sandstorm|[from] ability: Sand Stream|[of] p2a: Tyranitar
|move|p1a: Pecharunt|Parting Shot|p2a: Tyranitar
|-unboost|p2a: Tyranitar|atk|1
|-unboost|p2a: Tyranitar|spa|1
|
|t:|1779820839
|switch|p1a: Hoopa|Hoopa-Unbound|56/100|[from] Parting Shot
|
|-weather|Sandstorm|[upkeep]
|-damage|p1a: Hoopa|50/100|[from] Sandstorm
|upkeep
|turn|6
|
|t:|1779820844
|switch|p2a: Alomomola|Alomomola, F, shiny|44/100
|move|p1a: Hoopa|Drain Punch|p2a: Alomomola
|-damage|p2a: Alomomola|16/100
|-heal|p1a: Hoopa|76/100|[from] drain|[of] p2a: Alomomola
|
|-weather|Sandstorm|[upkeep]
|-damage|p1a: Hoopa|70/100|[from] Sandstorm
|-damage|p2a: Alomomola|9/100|[from] Sandstorm
|upkeep
|turn|7
|
|t:|1779820852
|switch|p2a: Clefable|Clefable, F|100/100
|move|p1a: Hoopa|Drain Punch|p2a: Clefable
|-resisted|p2a: Clefable
|-damage|p2a: Clefable|81/100
|-heal|p1a: Hoopa|83/100|[from] drain|[of] p2a: Clefable
|
|-weather|Sandstorm|[upkeep]
|-damage|p1a: Hoopa|77/100|[from] Sandstorm
|-heal|p2a: Clefable|87/100|[from] item: Leftovers
|upkeep
|turn|8
|
|t:|1779820859
|switch|p1a: Primarina|Primarina, M|100/100
|move|p2a: Clefable|Calm Mind|p2a: Clefable
|-boost|p2a: Clefable|spa|1
|-boost|p2a: Clefable|spd|1
|
|-weather|Sandstorm|[upkeep]
|-damage|p1a: Primarina|94/100|[from] Sandstorm
|-heal|p2a: Clefable|93/100|[from] item: Leftovers
|upkeep
|turn|9
|
|t:|1779820863
|move|p1a: Primarina|Moonblast|p2a: Clefable
|-damage|p2a: Clefable|61/100
|-unboost|p2a: Clefable|spa|1
|move|p2a: Clefable|Moonblast|p1a: Primarina
|-damage|p1a: Primarina|74/100
|
|-weather|none
|-heal|p2a: Clefable|67/100|[from] item: Leftovers
|upkeep
|turn|10
|
|t:|1779820869
|move|p1a: Primarina|Moonblast|p2a: Clefable
|-damage|p2a: Clefable|33/100
|-unboost|p2a: Clefable|spa|1
|move|p2a: Clefable|Calm Mind|p2a: Clefable
|-boost|p2a: Clefable|spa|1
|-boost|p2a: Clefable|spd|1
|
|-heal|p2a: Clefable|39/100|[from] item: Leftovers
|upkeep
|turn|11
|
|t:|1779820872
|move|p1a: Primarina|Moonblast|p2a: Clefable
|-damage|p2a: Clefable|14/100
|move|p2a: Clefable|Moonlight|p2a: Clefable
|-heal|p2a: Clefable|64/100
|
|-heal|p2a: Clefable|70/100|[from] item: Leftovers
|upkeep
|turn|12
|
|t:|1779820875
|move|p1a: Primarina|Psychic Noise|p2a: Clefable
|-damage|p2a: Clefable|57/100
|-start|p2a: Clefable|move: Heal Block
|cant|p2a: Clefable|move: Heal Block|Moonlight
|
|upkeep
|turn|13
|
|t:|1779820888
|switch|p2a: Scizor|Scizor, M, shiny|47/100
|move|p1a: Primarina|Moonblast|p2a: Scizor
|-resisted|p2a: Scizor
|-damage|p2a: Scizor|14/100
|-unboost|p2a: Scizor|spa|1
|
|upkeep
|turn|14
|l| nesnot
|
|t:|1779820900
|move|p2a: Scizor|U-turn|p1a: Primarina
|-resisted|p1a: Primarina
|-damage|p1a: Primarina|39/100
|j| nesnot
|
|t:|1779820908
|switch|p2a: Alomomola|Alomomola, F, shiny|43/100|[from] U-turn
|move|p1a: Primarina|Surf|p2a: Alomomola
|-resisted|p2a: Alomomola
|-damage|p2a: Alomomola|12/100
|
|upkeep
|turn|15
|
|t:|1779820919
|move|p2a: Alomomola|Protect|p2a: Alomomola
|-singleturn|p2a: Alomomola|Protect
|move|p1a: Primarina|Moonblast|p2a: Alomomola
|-activate|p2a: Alomomola|move: Protect
|
|upkeep
|turn|16
|
|t:|1779820930
|switch|p2a: Tyranitar|Tyranitar, F|100/100
|-weather|Sandstorm|[from] ability: Sand Stream|[of] p2a: Tyranitar
|move|p1a: Primarina|Moonblast|p2a: Tyranitar
|-supereffective|p2a: Tyranitar
|-damage|p2a: Tyranitar|57/100
|-unboost|p2a: Tyranitar|spa|1
|
|-weather|Sandstorm|[upkeep]
|-damage|p1a: Primarina|33/100|[from] Sandstorm
|upkeep
|turn|17
|
|t:|1779820935
|move|p1a: Primarina|Flip Turn|p2a: Tyranitar
|-supereffective|p2a: Tyranitar
|-damage|p2a: Tyranitar|26/100
|
|t:|1779820939
|switch|p1a: Zamazenta|Zamazenta|100/100|[from] Flip Turn
|-ability|p1a: Zamazenta|Dauntless Shield|boost
|-boost|p1a: Zamazenta|def|1
|move|p2a: Tyranitar|Knock Off|p1a: Zamazenta
|-resisted|p1a: Zamazenta
|-damage|p1a: Zamazenta|89/100
|-enditem|p1a: Zamazenta|Leftovers|[from] move: Knock Off|[of] p2a: Tyranitar
|
|-weather|Sandstorm|[upkeep]
|-damage|p1a: Zamazenta|83/100|[from] Sandstorm
|upkeep
|turn|18
|
|t:|1779820951
|switch|p1a: Hoopa|Hoopa-Unbound|77/100
|switch|p2a: Clefable|Clefable, F|57/100
|
|-weather|Sandstorm|[upkeep]
|-damage|p1a: Hoopa|71/100|[from] Sandstorm
|-heal|p2a: Clefable|63/100|[from] item: Leftovers
|upkeep
|turn|19
|
|t:|1779820961
|switch|p2a: Scizor|Scizor, M, shiny|14/100
|move|p1a: Hoopa|Zen Headbutt|p2a: Scizor
|-resisted|p2a: Scizor
|-damage|p2a: Scizor|0 fnt
|faint|p2a: Scizor
|
|-weather|Sandstorm|[upkeep]
|-damage|p1a: Hoopa|65/100|[from] Sandstorm
|upkeep
|
|t:|1779820983
|switch|p2a: Clefable|Clefable, F|63/100
|turn|20
|inactive|Battle timer is ON: inactive players will automatically lose when time's up. (requested by dooozdzdz)
|
|t:|1779821023
|move|p1a: Hoopa|Zen Headbutt|p2a: Clefable
|-damage|p2a: Clefable|4/100
|move|p2a: Clefable|Moonblast|p1a: Hoopa
|-supereffective|p1a: Hoopa
|-crit|p1a: Hoopa
|-damage|p1a: Hoopa|0 fnt
|faint|p1a: Hoopa
|
|-weather|none
|-heal|p2a: Clefable|10/100|[from] item: Leftovers
|upkeep
|
|t:|1779821031
|switch|p1a: Primarina|Primarina, M|33/100
|turn|21
|inactive|CKCompany has 120 seconds left.
|l| nesnot
|
|t:|1779821089
|switch|p2a: Alomomola|Alomomola, F, shiny|45/100
|move|p1a: Primarina|Moonblast|p2a: Alomomola
|-damage|p2a: Alomomola|0 fnt
|faint|p2a: Alomomola
|
|upkeep
|
|t:|1779821092
|switch|p2a: Tornadus|Tornadus-Therian, M|100/100
|turn|22
|
|t:|1779821101
|move|p2a: Tornadus|Bleakwind Storm|p1a: Primarina
|-damage|p1a: Primarina|4/100
|move|p1a: Primarina|Moonblast|p2a: Tornadus
|-damage|p2a: Tornadus|30/100
|
|upkeep
|turn|23
|
|t:|1779821110
|move|p2a: Tornadus|Grass Knot|p1a: Primarina
|-supereffective|p1a: Primarina
|-damage|p1a: Primarina|0 fnt
|faint|p1a: Primarina
|
|upkeep
|
|t:|1779821118
|switch|p1a: Dragonite|Dragonite, M|100/100
|turn|24
|inactive|CKCompany has 120 seconds left.
|
|t:|1779821126
|switch|p2a: Tyranitar|Tyranitar, F|26/100
|-weather|Sandstorm|[from] ability: Sand Stream|[of] p2a: Tyranitar
|move|p1a: Dragonite|Dragon Dance|p1a: Dragonite
|-boost|p1a: Dragonite|atk|1
|-boost|p1a: Dragonite|spe|1
|
|-weather|Sandstorm|[upkeep]
|-damage|p1a: Dragonite|94/100|[from] Sandstorm
|upkeep
|turn|25
|
|t:|1779821130
|move|p1a: Dragonite|Earthquake|p2a: Tyranitar
|-supereffective|p2a: Tyranitar
|-damage|p2a: Tyranitar|0 fnt
|faint|p2a: Tyranitar
|
|-weather|Sandstorm|[upkeep]
|-damage|p1a: Dragonite|88/100|[from] Sandstorm
|upkeep
|
|t:|1779821137
|switch|p2a: Zamazenta|Zamazenta|100/100
|-ability|p2a: Zamazenta|Dauntless Shield|boost
|-boost|p2a: Zamazenta|def|1
|turn|26
|
|t:|1779821144
|move|p2a: Zamazenta|Stone Edge|p1a: Dragonite
|-supereffective|p1a: Dragonite
|-crit|p1a: Dragonite
|-damage|p1a: Dragonite|0 fnt
|faint|p1a: Dragonite
|
|-weather|Sandstorm|[upkeep]
|-damage|p2a: Zamazenta|94/100|[from] Sandstorm
|upkeep
|
|t:|1779821147
|switch|p1a: Pecharunt|Pecharunt|70/100
|turn|27
|
|t:|1779821149
|-terastallize|p2a: Zamazenta|Dark
|move|p2a: Zamazenta|Crunch|p1a: Pecharunt
|-supereffective|p1a: Pecharunt
|-damage|p1a: Pecharunt|25/100
|move|p1a: Pecharunt|Malignant Chain|p2a: Zamazenta
|-damage|p2a: Zamazenta|64/100
|-status|p2a: Zamazenta|tox
|-start|p2a: Zamazenta|confusion|[from] ability: Poison Puppeteer|[of] p1a: Pecharunt
|
|-weather|Sandstorm|[upkeep]
|-damage|p2a: Zamazenta|58/100 tox|[from] Sandstorm
|-damage|p1a: Pecharunt|19/100|[from] Sandstorm
|-damage|p2a: Zamazenta|52/100 tox|[from] psn
|upkeep
|turn|28
|
|t:|1779821156
|-activate|p2a: Zamazenta|confusion
|move|p2a: Zamazenta|Crunch|p1a: Pecharunt
|-supereffective|p1a: Pecharunt
|-damage|p1a: Pecharunt|0 fnt
|faint|p1a: Pecharunt
|
|-weather|none
|-damage|p2a: Zamazenta|39/100 tox|[from] psn
|upkeep
|
|t:|1779821159
|switch|p1a: Zamazenta|Zamazenta|83/100
|turn|29
|
|t:|1779821163
|-activate|p2a: Zamazenta|confusion
|move|p2a: Zamazenta|Close Combat|p1a: Zamazenta
|-damage|p1a: Zamazenta|38/100
|-unboost|p2a: Zamazenta|def|1
|-unboost|p2a: Zamazenta|spd|1
|move|p1a: Zamazenta|Iron Defense|p1a: Zamazenta
|-boost|p1a: Zamazenta|def|2
|
|-damage|p2a: Zamazenta|21/100 tox|[from] psn
|upkeep
|turn|30
|
|t:|1779821172
|-activate|p2a: Zamazenta|confusion
|move|p2a: Zamazenta|Close Combat|p1a: Zamazenta
|-damage|p1a: Zamazenta|18/100
|-unboost|p2a: Zamazenta|def|1
|-unboost|p2a: Zamazenta|spd|1
|move|p1a: Zamazenta|Body Press|p2a: Zamazenta
|-supereffective|p2a: Zamazenta
|-damage|p2a: Zamazenta|0 fnt
|faint|p2a: Zamazenta
|
|upkeep
|
|t:|1779821178
|switch|p2a: Clefable|Clefable, F|10/100
|turn|31
|
|t:|1779821181
|move|p1a: Zamazenta|Body Press|p2a: Clefable
|-resisted|p2a: Clefable
|-damage|p2a: Clefable|0 fnt
|faint|p2a: Clefable
|
|upkeep
|
|t:|1779821183
|switch|p2a: Tornadus|Tornadus-Therian, M|63/100
|turn|32
|
|t:|1779821189
|-terastallize|p1a: Zamazenta|Electric
|move|p1a: Zamazenta|Body Press|p2a: Tornadus
|-resisted|p2a: Tornadus
|-damage|p2a: Tornadus|19/100
|move|p2a: Tornadus|Grass Knot|p1a: Zamazenta
|-damage|p1a: Zamazenta|0 fnt
|faint|p1a: Zamazenta
|
|win|CKCompany
|raw|dooozdzdz's rating: 1713 &rarr; <strong>1689</strong><br />(-24 for losing)
|raw|CKCompany's rating: 1641 &rarr; <strong>1665</strong><br />(+24 for winning)
|j| nesnot
|l|☆dooozdzdz
|player|p1|
|l|☆CKCompany
|player|p2|
|l| nesnot
