|j|‽4swordstyleiyai
|j|☆ahgkapemtkffk
|t:|1779964759
|gametype|singles
|player|p1|4swordstyleiyai|170|1094
|player|p2|ahgkapemtkffk|101|1075
|gen|9
|tier|[Gen 9] OU
|rated|
|rule|HP Percentage Mod: HP is shown in percentages
|rule|Endless Battle Clause: Forcing endless battles is banned
|rule|Species Clause: Limit one of each Pokémon
|rule|OHKO Clause: OHKO moves are banned
|rule|Evasion Items Clause: Evasion items are banned
|rule|Evasion Moves Clause: Evasion moves are banned
|rule|Evasion Abilities Clause: Evasion abilities are banned
|rule|Sleep Moves Clause: Sleep-inducing moves are banned
|clearpoke
|poke|p1|Clefable, F|
|poke|p1|Glimmora, M|
|poke|p1|Indeedee-F, F|
|poke|p1|Polteageist-Antique|
|poke|p1|Ceruledge, M|
|poke|p1|Incineroar, M|
|poke|p2|Hydrapple, F|
|poke|p2|Golem-Alola, F|
|poke|p2|Slither Wing|
|poke|p2|Iron Thorns|
|poke|p2|Dragonite, M|
|poke|p2|Great Tusk|
|teampreview
|
|t:|1779964778
|teamsize|p1|6
|teamsize|p2|6
|start
|switch|p1a: Glimmora|Glimmora, M|100/100
|switch|p2a: Iron Thorns|Iron Thorns|100/100
|turn|1
|
|t:|1779964786
|move|p1a: Glimmora|Stealth Rock|p2a: Iron Thorns
|-sidestart|p2: ahgkapemtkffk|move: Stealth Rock
|move|p2a: Iron Thorns|Dragon Dance|p2a: Iron Thorns
|-boost|p2a: Iron Thorns|atk|1
|-boost|p2a: Iron Thorns|spe|1
|
|upkeep
|turn|2
|
|t:|1779964794
|move|p2a: Iron Thorns|Dragon Dance|p2a: Iron Thorns
|-boost|p2a: Iron Thorns|atk|1
|-boost|p2a: Iron Thorns|spe|1
|move|p1a: Glimmora|Memento|p2a: Iron Thorns
|-unboost|p2a: Iron Thorns|atk|2
|-unboost|p2a: Iron Thorns|spa|2
|faint|p1a: Glimmora
|
|upkeep
|
|t:|1779964807
|switch|p1a: Incineroar|Incineroar, M|100/100
|-ability|p1a: Incineroar|Intimidate|boost
|-unboost|p2a: Iron Thorns|atk|1
|turn|3
|
|t:|1779964814
|move|p2a: Iron Thorns|Dragon Dance|p2a: Iron Thorns
|-boost|p2a: Iron Thorns|atk|1
|-boost|p2a: Iron Thorns|spe|1
|move|p1a: Incineroar|Bulk Up|p1a: Incineroar
|-boost|p1a: Incineroar|atk|1
|-boost|p1a: Incineroar|def|1
|
|upkeep
|turn|4
|
|t:|1779964823
|move|p2a: Iron Thorns|Dragon Dance|p2a: Iron Thorns
|-boost|p2a: Iron Thorns|atk|1
|-boost|p2a: Iron Thorns|spe|1
|move|p1a: Incineroar|Bulk Up|p1a: Incineroar
|-boost|p1a: Incineroar|atk|1
|-boost|p1a: Incineroar|def|1
|
|upkeep
|turn|5
|
|t:|1779964832
|move|p2a: Iron Thorns|Rock Blast|p1a: Incineroar|[miss]
|-miss|p2a: Iron Thorns|p1a: Incineroar
|move|p1a: Incineroar|Bulk Up|p1a: Incineroar
|-boost|p1a: Incineroar|atk|1
|-boost|p1a: Incineroar|def|1
|
|upkeep
|turn|6
|
|t:|1779964843
|move|p2a: Iron Thorns|Rock Blast|p1a: Incineroar
|-supereffective|p1a: Incineroar
|-damage|p1a: Incineroar|82/100
|-enditem|p1a: Incineroar|Weakness Policy
|-boost|p1a: Incineroar|atk|2|[from] item: Weakness Policy
|-boost|p1a: Incineroar|spa|2|[from] item: Weakness Policy
|-supereffective|p1a: Incineroar
|-damage|p1a: Incineroar|63/100
|-supereffective|p1a: Incineroar
|-damage|p1a: Incineroar|43/100
|-supereffective|p1a: Incineroar
|-damage|p1a: Incineroar|22/100
|-supereffective|p1a: Incineroar
|-damage|p1a: Incineroar|0 fnt
|faint|p1a: Incineroar
|-hitcount|p1: Incineroar|5
|
|upkeep
|
|t:|1779964868
|switch|p1a: Ceruledge|Ceruledge, M|100/100
|turn|7
|
|t:|1779964873
|move|p1a: Ceruledge|Endure|p1a: Ceruledge
|-singleturn|p1a: Ceruledge|move: Endure
|move|p2a: Iron Thorns|Rock Blast|p1a: Ceruledge|[miss]
|-miss|p2a: Iron Thorns|p1a: Ceruledge
|
|upkeep
|turn|8
|
|t:|1779964880
|move|p1a: Ceruledge|Endure|p1a: Ceruledge
|-singleturn|p1a: Ceruledge|move: Endure
|move|p2a: Iron Thorns|Rock Blast|p1a: Ceruledge
|-supereffective|p1a: Ceruledge
|-damage|p1a: Ceruledge|35/100
|-ability|p1a: Ceruledge|Weak Armor|boost
|-unboost|p1a: Ceruledge|def|1
|-boost|p1a: Ceruledge|spe|2
|-enditem|p1a: Ceruledge|Weakness Policy
|-boost|p1a: Ceruledge|atk|2|[from] item: Weakness Policy
|-boost|p1a: Ceruledge|spa|2|[from] item: Weakness Policy
|-supereffective|p1a: Ceruledge
|-activate|p1a: Ceruledge|move: Endure
|-damage|p1a: Ceruledge|1/100
|-ability|p1a: Ceruledge|Weak Armor|boost
|-unboost|p1a: Ceruledge|def|1
|-boost|p1a: Ceruledge|spe|2
|-supereffective|p1a: Ceruledge
|-activate|p1a: Ceruledge|move: Endure
|-damage|p1a: Ceruledge|1/100
|-ability|p1a: Ceruledge|Weak Armor|boost
|-unboost|p1a: Ceruledge|def|1
|-boost|p1a: Ceruledge|spe|2
|-supereffective|p1a: Ceruledge
|-activate|p1a: Ceruledge|move: Endure
|-damage|p1a: Ceruledge|1/100
|-ability|p1a: Ceruledge|Weak Armor|boost
|-unboost|p1a: Ceruledge|def|1
|-supereffective|p1a: Ceruledge
|-activate|p1a: Ceruledge|move: Endure
|-damage|p1a: Ceruledge|1/100
|-ability|p1a: Ceruledge|Weak Armor|boost
|-unboost|p1a: Ceruledge|def|1
|-hitcount|p1a: Ceruledge|5
|
|upkeep
|turn|9
|
|t:|1779964919
|-terastallize|p1a: Ceruledge|Fire
|move|p1a: Ceruledge|Bitter Blade|p2a: Iron Thorns
|-resisted|p2a: Iron Thorns
|-damage|p2a: Iron Thorns|46/100
|-heal|p1a: Ceruledge|36/100|[from] drain|[of] p2a: Iron Thorns
|move|p2a: Iron Thorns|Rock Blast|p1a: Ceruledge
|-supereffective|p1a: Ceruledge
|-damage|p1a: Ceruledge|0 fnt
|faint|p1a: Ceruledge
|-hitcount|p1: Ceruledge|1
|
|upkeep
|
|t:|1779964937
|switch|p1a: Indeedee|Indeedee-F, F|100/100
|-fieldstart|move: Psychic Terrain|[from] ability: Psychic Surge|[of] p1a: Indeedee
|turn|10
|
|t:|1779964945
|move|p2a: Iron Thorns|Pin Missile|p1a: Indeedee
|-supereffective|p1a: Indeedee
|-damage|p1a: Indeedee|62/100
|-supereffective|p1a: Indeedee
|-damage|p1a: Indeedee|22/100
|-supereffective|p1a: Indeedee
|-damage|p1a: Indeedee|0 fnt
|faint|p1a: Indeedee
|-hitcount|p1: Indeedee|3
|
|upkeep
|l|‽4swordstyleiyai
|player|p1|
|inactive|Battle timer is ON: inactive players will automatically lose when time's up. (requested by ahgkapemtkffk)
|inactive|4swordstyleiyai has 30 seconds to reconnect!
|inactive|4swordstyleiyai has 20 seconds to reconnect!
|inactive|4swordstyleiyai has 15 seconds to reconnect!
|inactive|4swordstyleiyai has 10 seconds to reconnect!
|inactive|4swordstyleiyai has 5 seconds to reconnect!
|-message|4swordstyleiyai lost due to inactivity.
|
|win|ahgkapemtkffk
|raw|4swordstyleiyai's rating: 1094 &rarr; <strong>1069</strong><br />(-25 for losing)
|raw|ahgkapemtkffk's rating: 1075 &rarr; <strong>1105</strong><br />(+30 for winning)
|l|☆ahgkapemtkffk
|player|p2|
