|j|☆deezss
|j|☆Limelight_01
|t:|1779959174
|gametype|singles
|player|p1|deezss|rosa|1174
|player|p2|Limelight_01|elesa|1146
|gen|9
|tier|[Gen 9] OU
|rated|
|rule|HP Percentage Mod: HP is shown in percentages
|rule|Endless Battle Clause: Forcing endless battles is banned
|rule|Species Clause: Limit one of each Pokémon
|rule|OHKO Clause: OHKO moves are banned
|rule|Evasion Items Clause: Evasion items are banned
|rule|Evasion Moves Clause: Evasion moves are banned
|rule|Evasion Abilities Clause: Evasion abilities are banned
|rule|Sleep Moves Clause: Sleep-inducing moves are banned
|clearpoke
|poke|p1|Scrafty, F|
|poke|p1|Slowking-Galar, F|
|poke|p1|Heatran, M|
|poke|p1|Gholdengo|
|poke|p1|Iron Valiant|
|poke|p1|Weezing-Galar, F|
|poke|p2|Meowscarada, M|
|poke|p2|Slowking-Galar, M|
|poke|p2|Ditto|
|poke|p2|Corviknight, F|
|poke|p2|Great Tusk|
|poke|p2|Alomomola, M|
|teampreview
|inactive|Battle timer is ON: inactive players will automatically lose when time's up. (requested by Limelight_01)
|
|t:|1779959183
|teamsize|p1|6
|teamsize|p2|6
|start
|switch|p1a: Heatran|Heatran, M|100/100
|switch|p2a: Green kitty|Meowscarada, M, shiny|100/100
|-item|p1a: Heatran|Air Balloon
|turn|1
|
|t:|1779959190
|move|p2a: Green kitty|U-turn|p1a: Heatran
|-start|p2a: Green kitty|typechange|Bug|[from] ability: Protean
|-resisted|p1a: Heatran
|-damage|p1a: Heatran|90/100
|-enditem|p1a: Heatran|Air Balloon
|
|t:|1779959195
|switch|p2a: Pink Panther|Alomomola, M|100/100|[from] U-turn
|move|p1a: Heatran|Stealth Rock|p2a: Pink Panther
|-sidestart|p2: Limelight_01|move: Stealth Rock
|
|upkeep
|turn|2
|
|t:|1779959206
|move|p1a: Heatran|Will-O-Wisp|p2a: Pink Panther
|-status|p2a: Pink Panther|brn
|move|p2a: Pink Panther|Flip Turn|p1a: Heatran
|-supereffective|p1a: Heatran
|-damage|p1a: Heatran|77/100
|
|t:|1779959208
|switch|p2a: Elephant(?)|Great Tusk|100/100|[from] Flip Turn
|-damage|p2a: Elephant(?)|98/100|[from] Stealth Rock
|
|upkeep
|turn|3
|
|t:|1779959221
|-terastallize|p1a: Heatran|Grass
|move|p2a: Elephant(?)|Headlong Rush|p1a: Heatran
|-resisted|p1a: Heatran
|-damage|p1a: Heatran|49/100
|-unboost|p2a: Elephant(?)|def|1
|-unboost|p2a: Elephant(?)|spd|1
|move|p1a: Heatran|Will-O-Wisp|p2a: Elephant(?)|[miss]
|-miss|p1a: Heatran|p2a: Elephant(?)
|
|upkeep
|turn|4
|
|t:|1779959230
|-end|p2a: Elephant(?)|Protosynthesis|[silent]
|switch|p2a: Pink Panther|Alomomola, M|100/100 brn
|-damage|p2a: Pink Panther|88/100 brn|[from] Stealth Rock
|move|p1a: Heatran|Will-O-Wisp|p2a: Pink Panther
|-fail|p2a: Pink Panther|brn
|
|-heal|p2a: Pink Panther|94/100 brn|[from] item: Leftovers
|-damage|p2a: Pink Panther|88/100 brn|[from] brn
|upkeep
|turn|5
|
|t:|1779959236
|move|p1a: Heatran|Earth Power|p2a: Pink Panther
|-damage|p2a: Pink Panther|58/100 brn
|move|p2a: Pink Panther|Wish|p2a: Pink Panther
|
|-heal|p2a: Pink Panther|64/100 brn|[from] item: Leftovers
|-damage|p2a: Pink Panther|58/100 brn|[from] brn
|upkeep
|turn|6
|
|t:|1779959244
|switch|p1a: Slowking|Slowking-Galar, F|100/100
|switch|p2a: Flying iron ingot|Corviknight, F|100/100
|-damage|p2a: Flying iron ingot|88/100|[from] Stealth Rock
|-ability|p2a: Flying iron ingot|Pressure
|
|-heal|p2a: Flying iron ingot|100/100|[from] move: Wish|[wisher] Pink Panther
|upkeep
|turn|7
|
|t:|1779959250
|move|p2a: Flying iron ingot|U-turn|p1a: Slowking
|-damage|p1a: Slowking|85/100
|
|t:|1779959252
|switch|p2a: Pink Panther|Alomomola, M|91/100 brn|[from] U-turn
|-damage|p2a: Pink Panther|79/100 brn|[from] Stealth Rock
|-prepare|p1a: Slowking|Chilly Reception|[premajor]
|move|p1a: Slowking|Chilly Reception|p1a: Slowking
|-weather|Snowscape
|
|t:|1779959256
|switch|p1a: Iron Valiant|Iron Valiant|100/100|[from] Chilly Reception
|
|-weather|Snowscape|[upkeep]
|-heal|p2a: Pink Panther|85/100 brn|[from] item: Leftovers
|-damage|p2a: Pink Panther|79/100 brn|[from] brn
|upkeep
|turn|8
|
|t:|1779959260
|switch|p2a: Flying iron ingot|Corviknight, F|100/100
|-damage|p2a: Flying iron ingot|88/100|[from] Stealth Rock
|-ability|p2a: Flying iron ingot|Pressure
|move|p1a: Iron Valiant|Thunderbolt|p2a: Flying iron ingot
|-supereffective|p2a: Flying iron ingot
|-damage|p2a: Flying iron ingot|9/100
|
|-weather|Snowscape|[upkeep]
|upkeep
|turn|9
|inactive|Limelight_01 has 120 seconds left.
|
|t:|1779959296
|switch|p2a: Elephant(?)|Great Tusk|98/100
|-damage|p2a: Elephant(?)|95/100|[from] Stealth Rock
|move|p1a: Iron Valiant|Thunderbolt|p2a: Elephant(?)
|-immune|p2a: Elephant(?)
|
|-weather|Snowscape|[upkeep]
|upkeep
|turn|10
|inactive|Limelight_01 has 120 seconds left.
|
|t:|1779959307
|-end|p1a: Iron Valiant|Quark Drive|[silent]
|switch|p1a: Gholdengo|Gholdengo|100/100
|-item|p1a: Gholdengo|Air Balloon
|move|p2a: Elephant(?)|Supercell Slam|p1a: Gholdengo
|-damage|p1a: Gholdengo|67/100
|-enditem|p1a: Gholdengo|Air Balloon
|
|-weather|Snowscape|[upkeep]
|upkeep
|turn|11
|inactive|Limelight_01 has 120 seconds left.
|
|t:|1779959316
|-end|p2a: Elephant(?)|Protosynthesis|[silent]
|switch|p2a: Flying iron ingot|Corviknight, F|9/100
|-damage|p2a: Flying iron ingot|0 fnt|[from] Stealth Rock
|faint|p2a: Flying iron ingot
|move|p1a: Gholdengo|Make It Rain|p2: Flying iron ingot|[notarget]
|-fail|p1a: Gholdengo
|
|-weather|none
|upkeep
|inactive|Limelight_01 has 120 seconds left.
|
|t:|1779959326
|switch|p2a: SIow down bro|Slowking-Galar, M, shiny|100/100
|turn|12
|
|t:|1779959331
|move|p1a: Gholdengo|Shadow Ball|p2a: SIow down bro
|-supereffective|p2a: SIow down bro
|-damage|p2a: SIow down bro|47/100
|move|p2a: SIow down bro|Thunder Wave|p1a: Gholdengo
|-immune|p1a: Gholdengo|[from] ability: Good as Gold
|
|upkeep
|turn|13
|
|t:|1779959339
|switch|p2a: Elephant(?)|Great Tusk|95/100
|-damage|p2a: Elephant(?)|92/100|[from] Stealth Rock
|move|p1a: Gholdengo|Shadow Ball|p2a: Elephant(?)
|-damage|p2a: Elephant(?)|24/100
|
|upkeep
|turn|14
|
|t:|1779959346
|move|p2a: Elephant(?)|Headlong Rush|p1a: Gholdengo
|-supereffective|p1a: Gholdengo
|-damage|p1a: Gholdengo|0 fnt
|-unboost|p2a: Elephant(?)|def|1
|-unboost|p2a: Elephant(?)|spd|1
|faint|p1a: Gholdengo
|
|upkeep
|
|t:|1779959355
|switch|p1a: Iron Valiant|Iron Valiant|100/100
|turn|15
|
|t:|1779959359
|move|p2a: Elephant(?)|Headlong Rush|p1a: Iron Valiant
|-damage|p1a: Iron Valiant|13/100
|-unboost|p2a: Elephant(?)|def|1
|-unboost|p2a: Elephant(?)|spd|1
|move|p1a: Iron Valiant|Moonblast|p2a: Elephant(?)
|-supereffective|p2a: Elephant(?)
|-damage|p2a: Elephant(?)|0 fnt
|faint|p2a: Elephant(?)
|-end|p2a: Elephant(?)|Protosynthesis|[silent]
|
|upkeep
|
|t:|1779959369
|switch|p2a: Pink Panther|Alomomola, M|100/100 brn
|-damage|p2a: Pink Panther|88/100 brn|[from] Stealth Rock
|turn|16
|
|t:|1779959375
|-end|p1a: Iron Valiant|Quark Drive|[silent]
|switch|p1a: Slowking|Slowking-Galar, F|100/100
|move|p2a: Pink Panther|Wish|p2a: Pink Panther
|
|-heal|p2a: Pink Panther|94/100 brn|[from] item: Leftovers
|-damage|p2a: Pink Panther|88/100 brn|[from] brn
|upkeep
|turn|17
|
|t:|1779959378
|move|p2a: Pink Panther|Scald|p1a: Slowking
|-damage|p1a: Slowking|92/100
|-status|p1a: Slowking|brn
|move|p1a: Slowking|Future Sight|p2a: Pink Panther
|-start|p1a: Slowking|move: Future Sight
|
|-heal|p2a: Pink Panther|100/100 brn|[from] move: Wish|[wisher] Pink Panther
|-damage|p2a: Pink Panther|94/100 brn|[from] brn
|-damage|p1a: Slowking|86/100 brn|[from] brn
|upkeep
|turn|18
|
|t:|1779959386
|switch|p2a: SIow down bro|Slowking-Galar, M, shiny|80/100
|-prepare|p1a: Slowking|Chilly Reception|[premajor]
|move|p1a: Slowking|Chilly Reception|p1a: Slowking
|-weather|Snowscape
|
|t:|1779959391
|switch|p1a: Scrafty|Scrafty, F|100/100|[from] Chilly Reception
|-ability|p1a: Scrafty|Intimidate|boost
|-unboost|p2a: SIow down bro|atk|1
|
|-weather|Snowscape|[upkeep]
|upkeep
|turn|19
|
|t:|1779959397
|move|p1a: Scrafty|Knock Off|p2a: SIow down bro
|-supereffective|p2a: SIow down bro
|-damage|p2a: SIow down bro|12/100
|-enditem|p2a: SIow down bro|Heavy-Duty Boots|[from] move: Knock Off|[of] p1a: Scrafty
|move|p2a: SIow down bro|Toxic|p1a: Scrafty
|-status|p1a: Scrafty|tox
|
|-weather|Snowscape|[upkeep]
|-end|p2a: SIow down bro|move: Future Sight
|-damage|p2a: SIow down bro|0 fnt
|faint|p2a: SIow down bro
|-damage|p1a: Scrafty|95/100 tox|[from] psn
|upkeep
|
|t:|1779959405
|switch|p2a: Green kitty|Meowscarada, M, shiny|100/100
|-damage|p2a: Green kitty|88/100|[from] Stealth Rock
|turn|20
|
|t:|1779959411
|switch|p1a: Weezing|Weezing-Galar, F|100/100
|-ability|p1a: Weezing|Neutralizing Gas
|move|p2a: Green kitty|Triple Axel|p1a: Weezing
|-damage|p1a: Weezing|94/100
|-damage|p1a: Weezing|83/100
|-damage|p1a: Weezing|65/100
|-hitcount|p1a: Weezing|3
|
|-weather|Snowscape|[upkeep]
|upkeep
|turn|21
|
|t:|1779959433
|switch|p2a: Pink Panther|Alomomola, M|100/100 brn
|-damage|p2a: Pink Panther|88/100 brn|[from] Stealth Rock
|move|p1a: Weezing|Strange Steam|p2a: Pink Panther
|-damage|p2a: Pink Panther|58/100 brn
|
|-weather|Snowscape|[upkeep]
|-heal|p2a: Pink Panther|64/100 brn|[from] item: Leftovers
|-damage|p2a: Pink Panther|58/100 brn|[from] brn
|upkeep
|turn|22
|
|t:|1779959444
|move|p1a: Weezing|Strange Steam|p2a: Pink Panther
|-damage|p2a: Pink Panther|25/100 brn
|-start|p2a: Pink Panther|confusion
|-activate|p2a: Pink Panther|confusion
|-damage|p2a: Pink Panther|21/100 brn|[from] confusion
|
|-weather|none
|-heal|p2a: Pink Panther|27/100 brn|[from] item: Leftovers
|-damage|p2a: Pink Panther|21/100 brn|[from] brn
|upkeep
|turn|23
|
|t:|1779959449
|-activate|p2a: Pink Panther|confusion
|move|p2a: Pink Panther|Protect|p2a: Pink Panther
|-singleturn|p2a: Pink Panther|Protect
|move|p1a: Weezing|Strange Steam|p2a: Pink Panther
|-activate|p2a: Pink Panther|move: Protect
|
|-heal|p2a: Pink Panther|27/100 brn|[from] item: Leftovers
|-damage|p2a: Pink Panther|21/100 brn|[from] brn
|upkeep
|turn|24
|
|t:|1779959460
|switch|p2a: Who's real now?|Ditto, shiny|100/100
|-damage|p2a: Who's real now?|88/100|[from] Stealth Rock
|move|p1a: Weezing|Strange Steam|p2a: Who's real now?
|-damage|p2a: Who's real now?|32/100
|
|upkeep
|turn|25
|-message|Limelight_01 forfeited.
|
|win|deezss
|raw|deezss's rating: 1174 &rarr; <strong>1197</strong><br />(+23 for winning)
|raw|Limelight_01's rating: 1146 &rarr; <strong>1123</strong><br />(-23 for losing)
|l|☆Limelight_01
|player|p2|
|l|☆deezss
|player|p1|
