|j|☆Humerus_Skelepun
|j|☆Crafter568
|t:|1779916105
|gametype|singles
|player|p1|Humerus_Skelepun|169|1507
|player|p2|Crafter568|hilbert|1491
|gen|9
|tier|[Gen 9] OU
|rated|
|rule|HP Percentage Mod: HP is shown in percentages
|rule|Endless Battle Clause: Forcing endless battles is banned
|rule|Species Clause: Limit one of each Pokémon
|rule|OHKO Clause: OHKO moves are banned
|rule|Evasion Items Clause: Evasion items are banned
|rule|Evasion Moves Clause: Evasion moves are banned
|rule|Evasion Abilities Clause: Evasion abilities are banned
|rule|Sleep Moves Clause: Sleep-inducing moves are banned
|clearpoke
|poke|p1|Amoonguss, F|
|poke|p1|Toxapex, F|
|poke|p1|Corviknight, M|
|poke|p1|Dondozo, F|
|poke|p1|Blissey, F|
|poke|p1|Gliscor, M|
|poke|p2|Blissey, F|
|poke|p2|Gliscor, F|
|poke|p2|Glimmora, M|
|poke|p2|Alomomola, M|
|poke|p2|Toxapex, M|
|poke|p2|Ting-Lu|
|teampreview
|inactive|Battle timer is ON: inactive players will automatically lose when time's up. (requested by Humerus_Skelepun)
|
|t:|1779916116
|teamsize|p1|6
|teamsize|p2|6
|start
|switch|p1a: Gliscor|Gliscor, M|100/100
|switch|p2a: Gliscor|Gliscor, F|100/100
|turn|1
|
|t:|1779916123
|move|p2a: Gliscor|Protect|p2a: Gliscor
|-singleturn|p2a: Gliscor|Protect
|move|p1a: Gliscor|Knock Off|p2a: Gliscor
|-activate|p2a: Gliscor|move: Protect
|
|-status|p1a: Gliscor|tox|[from] item: Toxic Orb
|-status|p2a: Gliscor|tox|[from] item: Toxic Orb
|upkeep
|turn|2
|
|t:|1779916133
|move|p1a: Gliscor|Spikes|p2a: Gliscor
|-sidestart|p2: Crafter568|Spikes
|move|p2a: Gliscor|Spikes|p1a: Gliscor
|-sidestart|p1: Humerus_Skelepun|Spikes
|
|upkeep
|turn|3
|
|t:|1779916138
|move|p1a: Gliscor|Spikes|p2a: Gliscor
|-sidestart|p2: Crafter568|Spikes
|move|p2a: Gliscor|Spikes|p1a: Gliscor
|-sidestart|p1: Humerus_Skelepun|Spikes
|
|upkeep
|turn|4
|
|t:|1779916143
|move|p1a: Gliscor|Spikes|p2a: Gliscor
|-sidestart|p2: Crafter568|Spikes
|move|p2a: Gliscor|Spikes|p1a: Gliscor
|-sidestart|p1: Humerus_Skelepun|Spikes
|
|upkeep
|turn|5
|
|t:|1779916149
|switch|p2a: Glimmora|Glimmora, M|100/100
|move|p1a: Gliscor|Knock Off|p2a: Glimmora
|-damage|p2a: Glimmora|81/100
|-enditem|p2a: Glimmora|Heavy-Duty Boots|[from] move: Knock Off|[of] p1a: Gliscor
|
|upkeep
|turn|6
|
|t:|1779916157
|move|p1a: Gliscor|Earthquake|p2a: Glimmora
|-supereffective|p2a: Glimmora
|-damage|p2a: Glimmora|0 fnt
|faint|p2a: Glimmora
|
|upkeep
|
|t:|1779916170
|switch|p2a: Ting-Lu|Ting-Lu|100/100
|-damage|p2a: Ting-Lu|76/100|[from] Spikes
|-ability|p2a: Ting-Lu|Vessel of Ruin
|turn|7
|
|t:|1779916176
|move|p1a: Gliscor|Knock Off|p2a: Ting-Lu
|-resisted|p2a: Ting-Lu
|-damage|p2a: Ting-Lu|69/100
|-enditem|p2a: Ting-Lu|Leftovers|[from] move: Knock Off|[of] p1a: Gliscor
|move|p2a: Ting-Lu|Whirlwind|p1a: Gliscor
|drag|p1a: Toxapex|Toxapex, F|100/100
|
|upkeep
|turn|8
|
|t:|1779916191
|-terastallize|p2a: Ting-Lu|Poison
|move|p2a: Ting-Lu|Earthquake|p1a: Toxapex
|-supereffective|p1a: Toxapex
|-damage|p1a: Toxapex|46/100
|move|p1a: Toxapex|Toxic|p2a: Ting-Lu
|-immune|p2a: Ting-Lu
|
|upkeep
|turn|9
|
|t:|1779916210
|switch|p1a: Gliscor|Gliscor, M|100/100 tox
|move|p2a: Ting-Lu|Ruination|p1a: Gliscor
|-damage|p1a: Gliscor|50/100 tox
|
|-heal|p1a: Gliscor|63/100 tox|[from] ability: Poison Heal
|upkeep
|turn|10
|
|t:|1779916221
|move|p1a: Gliscor|Earthquake|p2a: Ting-Lu
|-supereffective|p2a: Ting-Lu
|-damage|p2a: Ting-Lu|32/100
|move|p2a: Ting-Lu|Whirlwind|p1a: Gliscor
|drag|p1a: Toxapex|Toxapex, F|80/100
|
|upkeep
|turn|11
|
|t:|1779916235
|switch|p2a: Alomomola|Alomomola, M|100/100
|switch|p1a: Gliscor|Gliscor, M|63/100 tox
|
|-heal|p1a: Gliscor|75/100 tox|[from] ability: Poison Heal
|upkeep
|turn|12
|
|t:|1779916245
|move|p1a: Gliscor|Knock Off|p2a: Alomomola
|-damage|p2a: Alomomola|90/100
|-enditem|p2a: Alomomola|Heavy-Duty Boots|[from] move: Knock Off|[of] p1a: Gliscor
|move|p2a: Alomomola|Wish|p2a: Alomomola
|
|-heal|p1a: Gliscor|88/100 tox|[from] ability: Poison Heal
|upkeep
|turn|13
|
|t:|1779916253
|switch|p1a: Blissey|Blissey, F|100/100
|switch|p2a: Ting-Lu|Ting-Lu, tera:Poison|32/100
|-damage|p2a: Ting-Lu|7/100|[from] Spikes
|-ability|p2a: Ting-Lu|Vessel of Ruin
|
|-heal|p2a: Ting-Lu|59/100|[from] move: Wish|[wisher] Alomomola
|upkeep
|turn|14
|
|t:|1779916267
|switch|p2a: Gliscor|Gliscor, F|100/100 tox
|move|p1a: Blissey|Stealth Rock|p2a: Gliscor
|-sidestart|p2: Crafter568|move: Stealth Rock
|
|upkeep
|turn|15
|
|t:|1779916273
|switch|p1a: Gliscor|Gliscor, M|88/100 tox
|move|p2a: Gliscor|Knock Off|p1a: Gliscor
|-damage|p1a: Gliscor|72/100 tox
|-enditem|p1a: Gliscor|Toxic Orb|[from] move: Knock Off|[of] p2a: Gliscor
|
|-heal|p1a: Gliscor|85/100 tox|[from] ability: Poison Heal
|upkeep
|turn|16
|
|t:|1779916283
|move|p1a: Gliscor|Spikes||[still]
|-fail|p1a: Gliscor
|move|p2a: Gliscor|Knock Off|p1a: Gliscor
|-damage|p1a: Gliscor|72/100 tox
|
|-heal|p1a: Gliscor|85/100 tox|[from] ability: Poison Heal
|upkeep
|turn|17
|
|t:|1779916291
|move|p1a: Gliscor|Spikes||[still]
|-fail|p1a: Gliscor
|move|p2a: Gliscor|Spikes||[still]
|-fail|p2a: Gliscor
|
|-heal|p1a: Gliscor|97/100 tox|[from] ability: Poison Heal
|upkeep
|turn|18
|
|t:|1779916298
|switch|p1a: Corviknight|Corviknight, M|100/100
|-ability|p1a: Corviknight|Pressure
|move|p2a: Gliscor|Spikes||[still]
|-fail|p2a: Gliscor
|
|upkeep
|turn|19
|
|t:|1779916305
|move|p2a: Gliscor|Knock Off|p1a: Corviknight
|-damage|p1a: Corviknight|87/100
|-enditem|p1a: Corviknight|Heavy-Duty Boots|[from] move: Knock Off|[of] p2a: Gliscor
|move|p1a: Corviknight|Iron Defense|p1a: Corviknight
|-boost|p1a: Corviknight|def|2
|
|upkeep
|turn|20
|
|t:|1779916319
|switch|p2a: Toxapex|Toxapex, M|100/100
|-damage|p2a: Toxapex|75/100|[from] Spikes
|-damage|p2a: Toxapex|63/100|[from] Stealth Rock
|switch|p1a: Gliscor|Gliscor, M|97/100 tox
|
|-heal|p1a: Gliscor|100/100 tox|[from] ability: Poison Heal
|upkeep
|turn|21
|
|t:|1779916330
|switch|p2a: Gliscor|Gliscor, F|100/100 tox
|-damage|p2a: Gliscor|88/100 tox|[from] Stealth Rock
|move|p1a: Gliscor|Knock Off|p2a: Gliscor
|-damage|p2a: Gliscor|71/100 tox
|-enditem|p2a: Gliscor|Toxic Orb|[from] move: Knock Off|[of] p1a: Gliscor
|
|-heal|p2a: Gliscor|83/100 tox|[from] ability: Poison Heal
|upkeep
|turn|22
|
|t:|1779916340
|switch|p1a: Corviknight|Corviknight, M|87/100
|-ability|p1a: Corviknight|Pressure
|move|p2a: Gliscor|Knock Off|p1a: Corviknight
|-damage|p1a: Corviknight|77/100
|
|-heal|p2a: Gliscor|96/100 tox|[from] ability: Poison Heal
|upkeep
|turn|23
|
|t:|1779916352
|switch|p1a: Gliscor|Gliscor, M|100/100 tox
|move|p2a: Gliscor|Knock Off|p1a: Gliscor
|-damage|p1a: Gliscor|90/100 tox
|
|-heal|p1a: Gliscor|100/100 tox|[from] ability: Poison Heal
|-heal|p2a: Gliscor|100/100 tox|[from] ability: Poison Heal
|upkeep
|turn|24
|
|t:|1779916361
|move|p1a: Gliscor|Earthquake|p2a: Gliscor
|-immune|p2a: Gliscor
|move|p2a: Gliscor|Spikes||[still]
|-fail|p2a: Gliscor
|
|upkeep
|turn|25
|
|t:|1779916369
|switch|p1a: Corviknight|Corviknight, M|77/100
|-ability|p1a: Corviknight|Pressure
|move|p2a: Gliscor|Spikes||[still]
|-fail|p2a: Gliscor
|
|upkeep
|turn|26
|
|t:|1779916376
|move|p2a: Gliscor|Knock Off|p1a: Corviknight
|-damage|p1a: Corviknight|67/100
|move|p1a: Corviknight|Iron Defense|p1a: Corviknight
|-boost|p1a: Corviknight|def|2
|
|upkeep
|turn|27
|
|t:|1779916385
|switch|p2a: Alomomola|Alomomola, M|100/100
|-damage|p2a: Alomomola|76/100|[from] Spikes
|-damage|p2a: Alomomola|63/100|[from] Stealth Rock
|move|p1a: Corviknight|Body Press|p2a: Alomomola
|-damage|p2a: Alomomola|35/100
|
|upkeep
|turn|28
|
|t:|1779916393
|move|p1a: Corviknight|Body Press|p2a: Alomomola
|-damage|p2a: Alomomola|7/100
|move|p2a: Alomomola|Wish|p2a: Alomomola
|
|upkeep
|turn|29
|
|t:|1779916401
|move|p2a: Alomomola|Protect|p2a: Alomomola
|-singleturn|p2a: Alomomola|Protect
|move|p1a: Corviknight|Iron Defense|p1a: Corviknight
|-boost|p1a: Corviknight|def|2
|
|-heal|p2a: Alomomola|57/100|[from] move: Wish|[wisher] Alomomola
|upkeep
|turn|30
|
|t:|1779916409
|move|p1a: Corviknight|Body Press|p2a: Alomomola
|-damage|p2a: Alomomola|13/100
|move|p2a: Alomomola|Wish|p2a: Alomomola
|
|upkeep
|turn|31
|
|t:|1779916417
|switch|p2a: Ting-Lu|Ting-Lu, tera:Poison|59/100
|-damage|p2a: Ting-Lu|34/100|[from] Spikes
|-damage|p2a: Ting-Lu|21/100|[from] Stealth Rock
|-ability|p2a: Ting-Lu|Vessel of Ruin
|move|p1a: Corviknight|Body Press|p2a: Ting-Lu
|-resisted|p2a: Ting-Lu
|-damage|p2a: Ting-Lu|1/100
|
|-heal|p2a: Ting-Lu|53/100|[from] move: Wish|[wisher] Alomomola
|upkeep
|turn|32
|
|t:|1779916431
|move|p1a: Corviknight|Body Press|p2a: Ting-Lu
|-resisted|p2a: Ting-Lu
|-damage|p2a: Ting-Lu|31/100
|move|p2a: Ting-Lu|Spite|p1a: Corviknight
|-activate|p1a: Corviknight|move: Spite|Body Press|4
|
|upkeep
|turn|33
|
|t:|1779916440
|switch|p1a: Gliscor|Gliscor, M|100/100 tox
|move|p2a: Ting-Lu|Spite||[still]
|-fail|p2a: Ting-Lu
|
|upkeep
|turn|34
|
|t:|1779916447
|switch|p2a: Alomomola|Alomomola, M|46/100
|-damage|p2a: Alomomola|21/100|[from] Spikes
|-damage|p2a: Alomomola|9/100|[from] Stealth Rock
|move|p1a: Gliscor|Earthquake|p2a: Alomomola
|-damage|p2a: Alomomola|0 fnt
|faint|p2a: Alomomola
|
|upkeep
|-message|Crafter568 forfeited.
|
|win|Humerus_Skelepun
|raw|Humerus_Skelepun's rating: 1507 &rarr; <strong>1526</strong><br />(+19 for winning)
|raw|Crafter568's rating: 1491 &rarr; <strong>1472</strong><br />(-19 for losing)
|l|☆Crafter568
|player|p2|
