|j|☆Fuarrkpeaking
|j|☆owlwaystired
|t:|1779943828
|gametype|singles
|player|p1|Fuarrkpeaking|101|1477
|player|p2|owlwaystired|2|1490
|gen|9
|tier|[Gen 9] OU
|rated|
|rule|HP Percentage Mod: HP is shown in percentages
|rule|Endless Battle Clause: Forcing endless battles is banned
|rule|Species Clause: Limit one of each Pokémon
|rule|OHKO Clause: OHKO moves are banned
|rule|Evasion Items Clause: Evasion items are banned
|rule|Evasion Moves Clause: Evasion moves are banned
|rule|Evasion Abilities Clause: Evasion abilities are banned
|rule|Sleep Moves Clause: Sleep-inducing moves are banned
|clearpoke
|poke|p1|Tyranitar, M|
|poke|p1|Iron Valiant|
|poke|p1|Slowking-Galar, M|
|poke|p1|Raging Bolt|
|poke|p1|Cinderace, F|
|poke|p1|Zapdos|
|poke|p2|Primarina, M|
|poke|p2|Grimmsnarl, M|
|poke|p2|Lokix, F|
|poke|p2|Walking Wake|
|poke|p2|Kingambit, F|
|poke|p2|Iron Moth|
|teampreview
|inactive|Battle timer is ON: inactive players will automatically lose when time's up. (requested by Fuarrkpeaking)
|inactive|owlwaystired also wants the timer to be on.
|inactive|owlwaystired has 120 seconds left.
|
|t:|1779943871
|teamsize|p1|6
|teamsize|p2|6
|start
|switch|p1a: Cinderace|Cinderace, F|100/100
|switch|p2a: Primarina|Primarina, M|100/100
|turn|1
|
|t:|1779943876
|move|p2a: Primarina|Aqua Jet|p1a: Cinderace
|-supereffective|p1a: Cinderace
|-damage|p1a: Cinderace|64/100
|move|p1a: Cinderace|Gunk Shot|p2a: Primarina|[miss]
|-start|p1a: Cinderace|typechange|Poison|[from] ability: Libero
|-miss|p1a: Cinderace|p2a: Primarina
|
|upkeep
|turn|2
|
|t:|1779943888
|switch|p2a: Iron Moth|Iron Moth|100/100
|-enditem|p2a: Iron Moth|Booster Energy
|-activate|p2a: Iron Moth|ability: Quark Drive|[fromitem]
|-start|p2a: Iron Moth|quarkdrivespa
|move|p1a: Cinderace|U-turn|p2a: Iron Moth
|-resisted|p2a: Iron Moth
|-damage|p2a: Iron Moth|92/100
|
|t:|1779943891
|switch|p1a: Slowking|Slowking-Galar, M|100/100|[from] U-turn
|
|upkeep
|turn|3
|
|t:|1779943902
|-terastallize|p2a: Iron Moth|Bug
|move|p2a: Iron Moth|Fiery Dance|p1a: Slowking
|-damage|p1a: Slowking|64/100
|-boost|p2a: Iron Moth|spa|1
|move|p1a: Slowking|Thunder Wave|p2a: Iron Moth
|-status|p2a: Iron Moth|par
|
|upkeep
|turn|4
|
|t:|1779943911
|move|p2a: Iron Moth|Discharge|p1a: Slowking
|-damage|p1a: Slowking|29/100
|-prepare|p1a: Slowking|Chilly Reception|[premajor]
|move|p1a: Slowking|Chilly Reception|p1a: Slowking
|-weather|Snowscape
|
|t:|1779943919
|switch|p1a: Tyranitar|Tyranitar, M|100/100|[from] Chilly Reception
|-weather|Sandstorm|[from] ability: Sand Stream|[of] p1a: Tyranitar
|
|-weather|Sandstorm|[upkeep]
|-damage|p2a: Iron Moth|86/100 par|[from] Sandstorm
|upkeep
|turn|5
|
|t:|1779943925
|move|p1a: Tyranitar|Stone Edge|p2a: Iron Moth|[miss]
|-miss|p1a: Tyranitar|p2a: Iron Moth
|move|p2a: Iron Moth|Bug Buzz|p1a: Tyranitar
|-supereffective|p1a: Tyranitar
|-damage|p1a: Tyranitar|0 fnt
|faint|p1a: Tyranitar
|
|-weather|Sandstorm|[upkeep]
|-damage|p2a: Iron Moth|80/100 par|[from] Sandstorm
|upkeep
|
|t:|1779943929
|switch|p1a: Cinderace|Cinderace, F|64/100
|turn|6
|c|☆owlwaystired|Bad luck
|
|t:|1779943946
|move|p1a: Cinderace|Pyro Ball|p2a: Iron Moth
|-supereffective|p2a: Iron Moth
|-damage|p2a: Iron Moth|0 fnt
|faint|p2a: Iron Moth
|-end|p2a: Iron Moth|Quark Drive|[silent]
|
|-weather|Sandstorm|[upkeep]
|-damage|p1a: Cinderace|58/100|[from] Sandstorm
|upkeep
|
|t:|1779943955
|switch|p2a: Walking Wake|Walking Wake|100/100
|-enditem|p2a: Walking Wake|Booster Energy
|-activate|p2a: Walking Wake|ability: Protosynthesis|[fromitem]
|-start|p2a: Walking Wake|protosynthesisatk
|turn|7
|
|t:|1779943963
|move|p1a: Cinderace|Gunk Shot|p2a: Walking Wake
|-start|p1a: Cinderace|typechange|Poison|[from] ability: Libero
|-damage|p2a: Walking Wake|40/100
|move|p2a: Walking Wake|Dragon Dance|p2a: Walking Wake
|-boost|p2a: Walking Wake|atk|1
|-boost|p2a: Walking Wake|spe|1
|
|-weather|Sandstorm|[upkeep]
|-damage|p2a: Walking Wake|34/100|[from] Sandstorm
|-damage|p1a: Cinderace|52/100|[from] Sandstorm
|upkeep
|turn|8
|
|t:|1779943977
|move|p2a: Walking Wake|Liquidation|p1a: Cinderace
|-damage|p1a: Cinderace|0 fnt
|faint|p1a: Cinderace
|
|-weather|none
|upkeep
|
|t:|1779943980
|switch|p1a: Iron Valiant|Iron Valiant|100/100
|-enditem|p1a: Iron Valiant|Booster Energy
|-activate|p1a: Iron Valiant|ability: Quark Drive|[fromitem]
|-start|p1a: Iron Valiant|quarkdrivespe
|turn|9
|
|t:|1779943990
|move|p1a: Iron Valiant|Moonblast|p2a: Walking Wake
|-supereffective|p2a: Walking Wake
|-damage|p2a: Walking Wake|0 fnt
|faint|p2a: Walking Wake
|-end|p2a: Walking Wake|Protosynthesis|[silent]
|
|upkeep
|
|t:|1779944006
|switch|p2a: Primarina|Primarina, M|100/100
|turn|10
|
|t:|1779944019
|-end|p1a: Iron Valiant|Quark Drive|[silent]
|switch|p1a: Raging Bolt|Raging Bolt|100/100
|-enditem|p1a: Raging Bolt|Booster Energy
|-activate|p1a: Raging Bolt|ability: Protosynthesis|[fromitem]
|-start|p1a: Raging Bolt|protosynthesisspa
|move|p2a: Primarina|Moonblast|p1a: Raging Bolt
|-supereffective|p1a: Raging Bolt
|-damage|p1a: Raging Bolt|5/100
|-unboost|p1a: Raging Bolt|spa|1
|
|upkeep
|turn|11
|
|t:|1779944034
|move|p2a: Primarina|Aqua Jet|p1a: Raging Bolt
|-resisted|p1a: Raging Bolt
|-damage|p1a: Raging Bolt|0 fnt
|faint|p1a: Raging Bolt
|-end|p1a: Raging Bolt|Protosynthesis|[silent]
|
|upkeep
|
|t:|1779944039
|switch|p1a: Zapdos|Zapdos|100/100
|turn|12
|
|t:|1779944051
|switch|p2a: Grimmsnarl|Grimmsnarl, M|100/100
|move|p1a: Zapdos|Thunderbolt|p2a: Grimmsnarl
|-damage|p2a: Grimmsnarl|46/100
|
|-heal|p2a: Grimmsnarl|52/100|[from] item: Leftovers
|upkeep
|turn|13
|
|t:|1779944065
|move|p2a: Grimmsnarl|Sucker Punch|p1a: Zapdos
|-damage|p1a: Zapdos|69/100
|-status|p2a: Grimmsnarl|par|[from] ability: Static|[of] p1a: Zapdos
|move|p1a: Zapdos|Thunderbolt|p2a: Grimmsnarl
|-damage|p2a: Grimmsnarl|6/100 par
|
|-heal|p2a: Grimmsnarl|12/100 par|[from] item: Leftovers
|upkeep
|turn|14
|
|t:|1779944072
|move|p2a: Grimmsnarl|Sucker Punch|p1a: Zapdos
|-damage|p1a: Zapdos|38/100
|move|p1a: Zapdos|Thunderbolt|p2a: Grimmsnarl
|-damage|p2a: Grimmsnarl|0 fnt
|faint|p2a: Grimmsnarl
|
|upkeep
|
|t:|1779944077
|switch|p2a: Lokix|Lokix, F|100/100
|turn|15
|
|t:|1779944083
|move|p1a: Zapdos|Thunderbolt|p2a: Lokix
|-damage|p2a: Lokix|10/100
|move|p2a: Lokix|Swords Dance|p2a: Lokix
|-boost|p2a: Lokix|atk|2
|
|upkeep
|turn|16
|
|t:|1779944091
|move|p2a: Lokix|Sucker Punch|p1a: Zapdos
|-damage|p1a: Zapdos|0 fnt
|faint|p1a: Zapdos
|
|upkeep
|
|t:|1779944093
|switch|p1a: Iron Valiant|Iron Valiant|100/100
|turn|17
|
|t:|1779944099
|move|p2a: Lokix|Sucker Punch||[still]
|-fail|p2a: Lokix
|move|p1a: Iron Valiant|Encore|p2a: Lokix
|-start|p2a: Lokix|Encore
|
|upkeep
|turn|18
|
|t:|1779944103
|-end|p1a: Iron Valiant|Quark Drive|[silent]
|switch|p1a: Slowking|Slowking-Galar, M|62/100
|move|p2a: Lokix|Sucker Punch||[still]
|-fail|p2a: Lokix
|
|upkeep
|turn|19
|
|t:|1779944107
|move|p2a: Lokix|Sucker Punch||[still]
|-fail|p2a: Lokix
|-prepare|p1a: Slowking|Chilly Reception|[premajor]
|move|p1a: Slowking|Chilly Reception|p1a: Slowking
|-weather|Snowscape
|
|t:|1779944109
|switch|p1a: Iron Valiant|Iron Valiant|100/100|[from] Chilly Reception
|
|-weather|Snowscape|[upkeep]
|upkeep
|turn|20
|
|t:|1779944134
|move|p2a: Lokix|Sucker Punch||[still]
|-fail|p2a: Lokix
|move|p1a: Iron Valiant|Encore||[still]
|-fail|p1a: Iron Valiant
|
|-weather|Snowscape|[upkeep]
|-end|p2a: Lokix|Encore
|upkeep
|turn|21
|
|t:|1779944140
|move|p1a: Iron Valiant|Encore|p2a: Lokix
|-start|p2a: Lokix|Encore
|move|p2a: Lokix|Sucker Punch||[still]
|-fail|p2a: Lokix
|
|-weather|Snowscape|[upkeep]
|upkeep
|turn|22
|
|t:|1779944144
|move|p2a: Lokix|Sucker Punch||[still]
|-fail|p2a: Lokix
|move|p1a: Iron Valiant|Encore||[still]
|-fail|p1a: Iron Valiant
|
|-weather|Snowscape|[upkeep]
|upkeep
|turn|23
|c|☆owlwaystired|😂😂
|
|t:|1779944159
|move|p2a: Lokix|Sucker Punch||[still]
|-fail|p2a: Lokix
|move|p1a: Iron Valiant|Encore||[still]
|-fail|p1a: Iron Valiant
|
|-weather|none
|-end|p2a: Lokix|Encore
|upkeep
|turn|24
|
|t:|1779944168
|move|p1a: Iron Valiant|Moonblast|p2a: Lokix
|-supereffective|p2a: Lokix
|-damage|p2a: Lokix|0 fnt
|faint|p2a: Lokix
|
|upkeep
|
|t:|1779944177
|switch|p2a: Primarina|Primarina, M|100/100
|turn|25
|
|t:|1779944181
|-end|p1a: Iron Valiant|Quark Drive|[silent]
|switch|p1a: Slowking|Slowking-Galar, M|96/100
|move|p2a: Primarina|Moonblast|p1a: Slowking
|-resisted|p1a: Slowking
|-damage|p1a: Slowking|80/100
|-unboost|p1a: Slowking|spa|1
|
|upkeep
|turn|26
|
|t:|1779944187
|move|p2a: Primarina|Sparkling Aria|p1a: Slowking
|-damage|p1a: Slowking|42/100
|move|p1a: Slowking|Thunder Wave|p2a: Primarina
|-status|p2a: Primarina|par
|
|upkeep
|turn|27
|
|t:|1779944192
|move|p2a: Primarina|Sparkling Aria|p1a: Slowking
|-crit|p1a: Slowking
|-damage|p1a: Slowking|0 fnt
|faint|p1a: Slowking
|
|upkeep
|
|t:|1779944194
|switch|p1a: Iron Valiant|Iron Valiant|100/100
|turn|28
|
|t:|1779944196
|move|p1a: Iron Valiant|Moonblast|p2a: Primarina
|-damage|p2a: Primarina|62/100 par
|-unboost|p2a: Primarina|spa|1
|move|p2a: Primarina|Moonblast|p1a: Iron Valiant
|-supereffective|p1a: Iron Valiant
|-damage|p1a: Iron Valiant|0 fnt
|faint|p1a: Iron Valiant
|-end|p1a: Iron Valiant|Quark Drive|[silent]
|
|win|owlwaystired
|raw|Fuarrkpeaking's rating: 1477 &rarr; <strong>1458</strong><br />(-19 for losing)
|raw|owlwaystired's rating: 1490 &rarr; <strong>1509</strong><br />(+19 for winning)
|l|☆Fuarrkpeaking
|player|p1|
|c|☆owlwaystired|😂😂😂
|l|☆owlwaystired
|player|p2|
