|j|☆MeloEnc
|j|☆StrykerMan81
|t:|1779952580
|gametype|singles
|player|p1|MeloEnc|lady|1148
|player|p2|StrykerMan81|2|1145
|gen|9
|tier|[Gen 9] OU
|rated|
|rule|HP Percentage Mod: HP is shown in percentages
|rule|Endless Battle Clause: Forcing endless battles is banned
|rule|Species Clause: Limit one of each Pokémon
|rule|OHKO Clause: OHKO moves are banned
|rule|Evasion Items Clause: Evasion items are banned
|rule|Evasion Moves Clause: Evasion moves are banned
|rule|Evasion Abilities Clause: Evasion abilities are banned
|rule|Sleep Moves Clause: Sleep-inducing moves are banned
|clearpoke
|poke|p1|Dragapult, F|
|poke|p1|Glimmora, F|
|poke|p1|Garchomp, M|
|poke|p1|Great Tusk|
|poke|p1|Pecharunt|
|poke|p1|Heatran, M|
|poke|p2|Jirachi|
|poke|p2|Hydrapple, F|
|poke|p2|Krookodile, M|
|poke|p2|Iron Jugulis|
|poke|p2|Great Tusk|
|poke|p2|Azumarill, F|
|teampreview
|
|t:|1779952586
|teamsize|p1|6
|teamsize|p2|6
|start
|switch|p1a: Glimmora|Glimmora, F|100/100
|switch|p2a: Iron Jugulis|Iron Jugulis|100/100
|turn|1
|
|t:|1779952597
|move|p1a: Glimmora|Spiky Shield|p1a: Glimmora
|-singleturn|p1a: Glimmora|move: Protect
|move|p2a: Iron Jugulis|Dark Pulse|p1a: Glimmora
|-activate|p1a: Glimmora|move: Protect
|
|upkeep
|turn|2
|
|t:|1779952602
|move|p2a: Iron Jugulis|Dark Pulse|p1a: Glimmora
|-damage|p1a: Glimmora|25/100
|move|p1a: Glimmora|Toxic Spikes|p2a: Iron Jugulis
|-sidestart|p2: StrykerMan81|move: Toxic Spikes
|
|upkeep
|turn|3
|
|t:|1779952609
|switch|p1a: Heatran|Heatran, M|100/100
|move|p2a: Iron Jugulis|Dark Pulse|p1a: Heatran
|-damage|p1a: Heatran|59/100
|
|-heal|p1a: Heatran|65/100|[from] item: Leftovers
|upkeep
|turn|4
|
|t:|1779952616
|move|p2a: Iron Jugulis|Dark Pulse|p1a: Heatran
|-damage|p1a: Heatran|21/100
|move|p1a: Heatran|Magma Storm|p2a: Iron Jugulis|[miss]
|-miss|p1a: Heatran|p2a: Iron Jugulis
|
|-heal|p1a: Heatran|28/100|[from] item: Leftovers
|upkeep
|turn|5
|
|t:|1779952623
|switch|p1a: Great Tusk|Great Tusk|100/100
|move|p2a: Iron Jugulis|Dark Pulse|p1a: Great Tusk
|-resisted|p1a: Great Tusk
|-damage|p1a: Great Tusk|52/100
|
|upkeep
|turn|6
|
|t:|1779952634
|-end|p2a: Iron Jugulis|Quark Drive|[silent]
|switch|p2a: Great Tusk|Great Tusk|100/100
|-status|p2a: Great Tusk|psn
|move|p1a: Great Tusk|Ice Spinner|p2a: Great Tusk
|-supereffective|p2a: Great Tusk
|-damage|p2a: Great Tusk|66/100 psn
|
|-heal|p2a: Great Tusk|73/100 psn|[from] item: Leftovers
|-damage|p2a: Great Tusk|60/100 psn|[from] psn
|upkeep
|turn|7
|
|t:|1779952640
|move|p1a: Great Tusk|Ice Spinner|p2a: Great Tusk
|-supereffective|p2a: Great Tusk
|-damage|p2a: Great Tusk|23/100 psn
|move|p2a: Great Tusk|Earthquake|p1a: Great Tusk
|-damage|p1a: Great Tusk|23/100
|
|-heal|p2a: Great Tusk|29/100 psn|[from] item: Leftovers
|-damage|p2a: Great Tusk|17/100 psn|[from] psn
|upkeep
|turn|8
|
|t:|1779952648
|move|p1a: Great Tusk|Ice Spinner|p2a: Great Tusk
|-supereffective|p2a: Great Tusk
|-damage|p2a: Great Tusk|0 fnt
|faint|p2a: Great Tusk
|-end|p2a: Great Tusk|Protosynthesis|[silent]
|
|upkeep
|
|t:|1779952651
|switch|p2a: Jirachi|Jirachi|100/100
|turn|9
|
|t:|1779952654
|move|p1a: Great Tusk|Headlong Rush|p2a: Jirachi
|-supereffective|p2a: Jirachi
|-damage|p2a: Jirachi|29/100
|-unboost|p1a: Great Tusk|def|1
|-unboost|p1a: Great Tusk|spd|1
|-damage|p1a: Great Tusk|6/100|[from] item: Rocky Helmet|[of] p2a: Jirachi
|move|p2a: Jirachi|Stealth Rock|p1a: Great Tusk
|-sidestart|p1: MeloEnc|move: Stealth Rock
|
|upkeep
|turn|10
|
|t:|1779952659
|move|p1a: Great Tusk|Headlong Rush|p2a: Jirachi
|-supereffective|p2a: Jirachi
|-crit|p2a: Jirachi
|-damage|p2a: Jirachi|0 fnt
|-unboost|p1a: Great Tusk|def|1
|-unboost|p1a: Great Tusk|spd|1
|-damage|p1a: Great Tusk|0 fnt|[from] item: Rocky Helmet|[of] p2a: Jirachi
|faint|p2a: Jirachi
|faint|p1a: Great Tusk
|-end|p1a: Great Tusk|Protosynthesis|[silent]
|
|upkeep
|
|t:|1779952670
|switch|p1a: Dragapult|Dragapult, F|100/100
|switch|p2a: Iron Jugulis|Iron Jugulis|100/100
|turn|11
|
|t:|1779952678
|move|p1a: Dragapult|U-turn|p2a: Iron Jugulis
|-damage|p2a: Iron Jugulis|79/100
|
|t:|1779952687
|switch|p1a: Heatran|Heatran, M|28/100|[from] U-turn
|-damage|p1a: Heatran|15/100|[from] Stealth Rock
|move|p2a: Iron Jugulis|Dark Pulse|p1a: Heatran
|-damage|p1a: Heatran|0 fnt
|faint|p1a: Heatran
|
|upkeep
|
|t:|1779952692
|switch|p1a: Garchomp|Garchomp, M|100/100
|-damage|p1a: Garchomp|94/100|[from] Stealth Rock
|turn|12
|
|t:|1779952702
|-end|p2a: Iron Jugulis|Quark Drive|[silent]
|switch|p2a: Azumarill|Azumarill, F|100/100
|-status|p2a: Azumarill|psn
|move|p1a: Garchomp|Outrage|p2a: Azumarill
|-immune|p2a: Azumarill
|
|-damage|p2a: Azumarill|88/100 psn|[from] psn
|upkeep
|turn|13
|
|t:|1779952706
|switch|p1a: Pecharunt|Pecharunt|100/100
|-damage|p1a: Pecharunt|88/100|[from] Stealth Rock
|-item|p1a: Pecharunt|Air Balloon
|move|p2a: Azumarill|Knock Off|p1a: Pecharunt
|-supereffective|p1a: Pecharunt
|-damage|p1a: Pecharunt|29/100
|-enditem|p1a: Pecharunt|Air Balloon
|
|-damage|p2a: Azumarill|76/100 psn|[from] psn
|upkeep
|turn|14
|
|t:|1779952717
|switch|p2a: Krookodile|Krookodile, M|100/100
|-status|p2a: Krookodile|psn
|move|p1a: Pecharunt|Malignant Chain|p2a: Krookodile
|-resisted|p2a: Krookodile
|-damage|p2a: Krookodile|72/100 psn
|
|-damage|p2a: Krookodile|60/100 psn|[from] psn
|upkeep
|turn|15
|
|t:|1779952729
|move|p2a: Krookodile|Earthquake|p1a: Pecharunt
|-supereffective|p1a: Pecharunt
|-damage|p1a: Pecharunt|0 fnt
|faint|p1a: Pecharunt
|-ability|p2a: Krookodile|Moxie|boost
|-boost|p2a: Krookodile|atk|1
|
|-damage|p2a: Krookodile|48/100 psn|[from] psn
|upkeep
|
|t:|1779952735
|switch|p1a: Glimmora|Glimmora, F|25/100
|-damage|p1a: Glimmora|12/100|[from] Stealth Rock
|turn|16
|
|t:|1779952738
|move|p1a: Glimmora|Spiky Shield|p1a: Glimmora
|-singleturn|p1a: Glimmora|move: Protect
|move|p2a: Krookodile|Earthquake|p1a: Glimmora
|-activate|p1a: Glimmora|move: Protect
|
|-damage|p2a: Krookodile|35/100 psn|[from] psn
|upkeep
|turn|17
|
|t:|1779952747
|move|p1a: Glimmora|Spiky Shield||[still]
|-fail|p1a: Glimmora
|move|p2a: Krookodile|Earthquake|p1a: Glimmora
|-supereffective|p1a: Glimmora
|-damage|p1a: Glimmora|0 fnt
|-activate|p1a: Glimmora|ability: Toxic Debris
|-sidestart|p2: StrykerMan81|move: Toxic Spikes
|faint|p1a: Glimmora
|-ability|p2a: Krookodile|Moxie|boost
|-boost|p2a: Krookodile|atk|1
|
|-damage|p2a: Krookodile|23/100 psn|[from] psn
|upkeep
|
|t:|1779952755
|switch|p1a: Dragapult|Dragapult, F|100/100
|turn|18
|
|t:|1779952771
|-terastallize|p2a: Krookodile|Ground
|move|p2a: Krookodile|Earthquake|p1a: Dragapult
|-damage|p1a: Dragapult|0 fnt
|faint|p1a: Dragapult
|-ability|p2a: Krookodile|Moxie|boost
|-boost|p2a: Krookodile|atk|1
|
|-damage|p2a: Krookodile|10/100 psn|[from] psn
|upkeep
|
|t:|1779952775
|switch|p1a: Garchomp|Garchomp, M|94/100
|-damage|p1a: Garchomp|88/100|[from] Stealth Rock
|turn|19
|c|☆StrykerMan81|gg
|
|t:|1779952783
|-terastallize|p1a: Garchomp|Water
|move|p1a: Garchomp|Earthquake|p2a: Krookodile
|-crit|p2a: Krookodile
|-damage|p2a: Krookodile|0 fnt
|faint|p2a: Krookodile
|
|upkeep
|
|t:|1779952788
|switch|p2a: Iron Jugulis|Iron Jugulis|79/100
|turn|20
|
|t:|1779952791
|move|p1a: Garchomp|Earthquake|p2a: Iron Jugulis
|-immune|p2a: Iron Jugulis
|move|p2a: Iron Jugulis|Dark Pulse|p1a: Garchomp
|-damage|p1a: Garchomp|21/100
|
|upkeep
|turn|21
|
|t:|1779952796
|move|p1a: Garchomp|Earthquake|p2a: Iron Jugulis
|-immune|p2a: Iron Jugulis
|move|p2a: Iron Jugulis|Dark Pulse|p1a: Garchomp
|-damage|p1a: Garchomp|0 fnt
|faint|p1a: Garchomp
|
|win|StrykerMan81
|raw|MeloEnc's rating: 1148 &rarr; <strong>1123</strong><br />(-25 for losing)
|raw|StrykerMan81's rating: 1145 &rarr; <strong>1170</strong><br />(+25 for winning)
