|j|☆SnaKeeKiss
|j|☆claudechamp
|t:|1779904282
|gametype|singles
|player|p1|SnaKeeKiss|102|1311
|player|p2|claudechamp|169|1289
|gen|9
|tier|[Gen 9] OU
|rated|
|rule|HP Percentage Mod: HP is shown in percentages
|rule|Endless Battle Clause: Forcing endless battles is banned
|rule|Species Clause: Limit one of each Pokémon
|rule|OHKO Clause: OHKO moves are banned
|rule|Evasion Items Clause: Evasion items are banned
|rule|Evasion Moves Clause: Evasion moves are banned
|rule|Evasion Abilities Clause: Evasion abilities are banned
|rule|Sleep Moves Clause: Sleep-inducing moves are banned
|clearpoke
|poke|p1|Great Tusk|
|poke|p1|Torkoal, F|
|poke|p1|Iron Moth|
|poke|p1|Glimmora, F|
|poke|p1|Garganacl, F|
|poke|p1|Lilligant-Hisui, F|
|poke|p2|Gliscor, F|
|poke|p2|Gholdengo|
|poke|p2|Zamazenta-*|
|poke|p2|Blissey, F|
|poke|p2|Skarmory, F|
|poke|p2|Pecharunt|
|teampreview
|c|☆claudechamp|hf
|
|t:|1779904293
|teamsize|p1|6
|teamsize|p2|6
|start
|switch|p1a: Glimmora|Glimmora, F|100/100
|switch|p2a: Skarmory|Skarmory, F|100/100
|turn|1
|inactive|Battle timer is ON: inactive players will automatically lose when time's up. (requested by claudechamp)
|
|t:|1779904308
|move|p1a: Glimmora|Spikes|p2a: Skarmory
|-sidestart|p2: claudechamp|Spikes
|move|p2a: Skarmory|Spikes|p1a: Glimmora
|-sidestart|p1: SnaKeeKiss|Spikes
|
|upkeep
|turn|2
|
|t:|1779904314
|move|p1a: Glimmora|Spikes|p2a: Skarmory
|-sidestart|p2: claudechamp|Spikes
|move|p2a: Skarmory|Spikes|p1a: Glimmora
|-sidestart|p1: SnaKeeKiss|Spikes
|
|upkeep
|turn|3
|
|t:|1779904322
|move|p1a: Glimmora|Spikes|p2a: Skarmory
|-sidestart|p2: claudechamp|Spikes
|move|p2a: Skarmory|Spikes|p1a: Glimmora
|-sidestart|p1: SnaKeeKiss|Spikes
|
|upkeep
|turn|4
|inactive|SnaKeeKiss has 120 seconds left.
|
|t:|1779904366
|move|p1a: Glimmora|Sunny Day|p1a: Glimmora
|-weather|SunnyDay
|move|p2a: Skarmory|Whirlwind|p1a: Glimmora
|drag|p1a: Great Tusk|Great Tusk|100/100
|-damage|p1a: Great Tusk|76/100|[from] Spikes
|-activate|p1a: Great Tusk|ability: Protosynthesis
|-start|p1a: Great Tusk|protosynthesisatk
|
|-weather|SunnyDay|[upkeep]
|upkeep
|turn|5
|
|t:|1779904380
|switch|p2a: Pecharunt|Pecharunt|100/100
|move|p1a: Great Tusk|Knock Off|p2a: Pecharunt
|-supereffective|p2a: Pecharunt
|-damage|p2a: Pecharunt|54/100
|-enditem|p2a: Pecharunt|Heavy-Duty Boots|[from] move: Knock Off|[of] p1a: Great Tusk
|
|-weather|SunnyDay|[upkeep]
|upkeep
|turn|6
|
|t:|1779904391
|-end|p1a: Great Tusk|Protosynthesis|[silent]
|switch|p1a: Torkoal|Torkoal, F, shiny|100/100
|move|p2a: Pecharunt|Recover|p2a: Pecharunt
|-heal|p2a: Pecharunt|100/100
|
|-weather|SunnyDay|[upkeep]
|upkeep
|turn|7
|
|t:|1779904402
|move|p2a: Pecharunt|Shadow Ball|p1a: Torkoal
|-damage|p1a: Torkoal|69/100
|move|p1a: Torkoal|Lava Plume|p2a: Pecharunt
|-damage|p2a: Pecharunt|65/100
|
|-weather|SunnyDay|[upkeep]
|upkeep
|turn|8
|inactive|SnaKeeKiss has 120 seconds left.
|
|t:|1779904411
|move|p2a: Pecharunt|Toxic|p1a: Torkoal
|-status|p1a: Torkoal|tox
|-start|p1a: Torkoal|confusion|[from] ability: Poison Puppeteer|[of] p2a: Pecharunt
|-activate|p1a: Torkoal|confusion
|move|p1a: Torkoal|Lava Plume|p2a: Pecharunt
|-damage|p2a: Pecharunt|27/100
|
|-weather|none
|-damage|p1a: Torkoal|63/100 tox|[from] psn
|upkeep
|turn|9
|
|t:|1779904420
|move|p2a: Pecharunt|Recover|p2a: Pecharunt
|-heal|p2a: Pecharunt|77/100
|-activate|p1a: Torkoal|confusion
|move|p1a: Torkoal|Lava Plume|p2a: Pecharunt
|-damage|p2a: Pecharunt|54/100
|
|-damage|p1a: Torkoal|51/100 tox|[from] psn
|upkeep
|turn|10
|
|t:|1779904430
|move|p2a: Pecharunt|Recover|p2a: Pecharunt
|-heal|p2a: Pecharunt|100/100
|-activate|p1a: Torkoal|confusion
|move|p1a: Torkoal|Lava Plume|p2a: Pecharunt
|-damage|p2a: Pecharunt|74/100
|-status|p2a: Pecharunt|brn
|
|-damage|p1a: Torkoal|32/100 tox|[from] psn
|-damage|p2a: Pecharunt|68/100 brn|[from] brn
|upkeep
|turn|11
|inactive|SnaKeeKiss has 120 seconds left.
|
|t:|1779904451
|switch|p1a: Garganacl|Garganacl, F|100/100
|-damage|p1a: Garganacl|75/100|[from] Spikes
|move|p2a: Pecharunt|Shadow Ball|p1a: Garganacl
|-damage|p1a: Garganacl|67/100
|
|-heal|p1a: Garganacl|74/100|[from] item: Leftovers
|-damage|p2a: Pecharunt|62/100 brn|[from] brn
|upkeep
|turn|12
|inactive|SnaKeeKiss has 120 seconds left.
|inactive|SnaKeeKiss has 90 seconds left.
|
|t:|1779904492
|switch|p2a: Gliscor|Gliscor, F|100/100
|move|p1a: Garganacl|Salt Cure|p2a: Gliscor
|-damage|p2a: Gliscor|89/100
|-start|p2a: Gliscor|Salt Cure
|
|-heal|p1a: Garganacl|80/100|[from] item: Leftovers
|-damage|p2a: Gliscor|77/100|[from] Salt Cure
|-status|p2a: Gliscor|tox|[from] item: Toxic Orb
|upkeep
|turn|13
|inactive|SnaKeeKiss has 90 seconds left.
|
|t:|1779904511
|move|p2a: Gliscor|Swords Dance|p2a: Gliscor
|-boost|p2a: Gliscor|atk|2
|move|p1a: Garganacl|Recover|p1a: Garganacl
|-heal|p1a: Garganacl|100/100
|
|-heal|p2a: Gliscor|89/100 tox|[from] ability: Poison Heal
|-damage|p2a: Gliscor|77/100 tox|[from] Salt Cure
|upkeep
|turn|14
|inactive|SnaKeeKiss has 90 seconds left.
|
|t:|1779904532
|move|p2a: Gliscor|Earthquake|p1a: Garganacl
|-supereffective|p1a: Garganacl
|-damage|p1a: Garganacl|11/100
|move|p1a: Garganacl|Stealth Rock|p2a: Gliscor
|-sidestart|p2: claudechamp|move: Stealth Rock
|
|-heal|p1a: Garganacl|18/100|[from] item: Leftovers
|-heal|p2a: Gliscor|89/100 tox|[from] ability: Poison Heal
|-damage|p2a: Gliscor|77/100 tox|[from] Salt Cure
|upkeep
|turn|15
|
|t:|1779904541
|move|p1a: Garganacl|Protect|p1a: Garganacl
|-singleturn|p1a: Garganacl|Protect
|move|p2a: Gliscor|Knock Off|p1a: Garganacl
|-activate|p1a: Garganacl|move: Protect
|
|-heal|p1a: Garganacl|24/100|[from] item: Leftovers
|-heal|p2a: Gliscor|89/100 tox|[from] ability: Poison Heal
|-damage|p2a: Gliscor|77/100 tox|[from] Salt Cure
|upkeep
|turn|16
|
|t:|1779904549
|-terastallize|p1a: Garganacl|Fairy
|move|p2a: Gliscor|Earthquake|p1a: Garganacl
|-damage|p1a: Garganacl|0 fnt
|faint|p1a: Garganacl
|
|-heal|p2a: Gliscor|89/100 tox|[from] ability: Poison Heal
|-damage|p2a: Gliscor|77/100 tox|[from] Salt Cure
|upkeep
|
|t:|1779904556
|switch|p1a: Torkoal|Torkoal, F, shiny|32/100 tox
|-weather|SunnyDay|[from] ability: Drought|[of] p1a: Torkoal
|turn|17
|
|t:|1779904559
|move|p2a: Gliscor|Earthquake|p1a: Torkoal
|-supereffective|p1a: Torkoal
|-damage|p1a: Torkoal|0 fnt
|faint|p1a: Torkoal
|
|-weather|SunnyDay|[upkeep]
|-heal|p2a: Gliscor|89/100 tox|[from] ability: Poison Heal
|-damage|p2a: Gliscor|77/100 tox|[from] Salt Cure
|upkeep
|
|t:|1779904565
|switch|p1a: Iron Moth|Iron Moth|100/100
|-damage|p1a: Iron Moth|76/100|[from] Spikes
|turn|18
|
|t:|1779904577
|move|p1a: Iron Moth|Fiery Dance|p2a: Gliscor
|-damage|p2a: Gliscor|0 fnt
|-boost|p1a: Iron Moth|spa|1
|faint|p2a: Gliscor
|
|-weather|SunnyDay|[upkeep]
|upkeep
|
|t:|1779904582
|switch|p2a: Skarmory|Skarmory, F|100/100
|turn|19
|
|t:|1779904591
|move|p1a: Iron Moth|Fiery Dance|p2a: Skarmory
|-supereffective|p2a: Skarmory
|-ability|p2a: Skarmory|Sturdy
|-damage|p2a: Skarmory|1/100
|-boost|p1a: Iron Moth|spa|1
|move|p2a: Skarmory|Whirlwind|p1a: Iron Moth
|-end|p1a: Iron Moth|Quark Drive|[silent]
|drag|p1a: Lilligant|Lilligant-Hisui, F|100/100
|-damage|p1a: Lilligant|76/100|[from] Spikes
|
|-weather|SunnyDay|[upkeep]
|upkeep
|turn|20
|inactive|SnaKeeKiss has 120 seconds left.
|
|t:|1779904605
|switch|p2a: Zamazenta|Zamazenta|100/100
|-ability|p2a: Zamazenta|Dauntless Shield|boost
|-boost|p2a: Zamazenta|def|1
|move|p1a: Lilligant|Solar Blade||[still]
|-prepare|p1a: Lilligant|Solar Blade
|-anim|p1a: Lilligant|Solar Blade|p2a: Zamazenta
|-damage|p2a: Zamazenta|55/100
|-damage|p1a: Lilligant|66/100|[from] item: Life Orb
|
|-weather|SunnyDay|[upkeep]
|upkeep
|turn|21
|inactive|SnaKeeKiss has 120 seconds left.
|
|t:|1779904617
|move|p1a: Lilligant|Victory Dance|p1a: Lilligant
|-boost|p1a: Lilligant|atk|1
|-boost|p1a: Lilligant|def|1
|-boost|p1a: Lilligant|spe|1
|move|p2a: Zamazenta|Heavy Slam|p1a: Lilligant
|-damage|p1a: Lilligant|25/100
|
|-weather|none
|upkeep
|turn|22
|inactive|SnaKeeKiss has 120 seconds left.
|
|t:|1779904631
|switch|p2a: Gholdengo|Gholdengo|100/100
|-damage|p2a: Gholdengo|76/100|[from] Spikes
|-damage|p2a: Gholdengo|70/100|[from] Stealth Rock
|move|p1a: Lilligant|Close Combat|p2a: Gholdengo
|-immune|p2a: Gholdengo
|
|upkeep
|turn|23
|
|t:|1779904635
|move|p1a: Lilligant|Triple Axel|p2a: Gholdengo
|-resisted|p2a: Gholdengo
|-damage|p2a: Gholdengo|65/100
|-resisted|p2a: Gholdengo
|-damage|p2a: Gholdengo|55/100
|-resisted|p2a: Gholdengo
|-damage|p2a: Gholdengo|41/100
|-hitcount|p2a: Gholdengo|3
|-damage|p1a: Lilligant|15/100|[from] item: Life Orb
|move|p2a: Gholdengo|Hex|p1a: Lilligant
|-damage|p1a: Lilligant|0 fnt
|faint|p1a: Lilligant
|
|upkeep
|
|t:|1779904649
|switch|p1a: Glimmora|Glimmora, F|100/100
|-damage|p1a: Glimmora|76/100|[from] Spikes
|turn|24
|
|t:|1779904658
|move|p1a: Glimmora|Sunny Day|p1a: Glimmora
|-weather|SunnyDay
|move|p2a: Gholdengo|Recover|p2a: Gholdengo
|-heal|p2a: Gholdengo|91/100
|
|-weather|SunnyDay|[upkeep]
|upkeep
|turn|25
|
|t:|1779904673
|switch|p2a: Zamazenta|Zamazenta|55/100
|move|p1a: Glimmora|Mud Shot|p2a: Zamazenta
|-damage|p2a: Zamazenta|37/100
|-unboost|p2a: Zamazenta|spe|1
|
|-weather|SunnyDay|[upkeep]
|upkeep
|turn|26
|
|t:|1779904685
|move|p1a: Glimmora|Mortal Spin|p2a: Zamazenta
|-damage|p2a: Zamazenta|30/100
|-status|p2a: Zamazenta|psn
|-sideend|p1: SnaKeeKiss|Spikes|[from] move: Mortal Spin|[of] p1a: Glimmora
|move|p2a: Zamazenta|Close Combat|p1a: Glimmora
|-damage|p1a: Glimmora|0 fnt
|-unboost|p2a: Zamazenta|def|1
|-unboost|p2a: Zamazenta|spd|1
|-activate|p1a: Glimmora|ability: Toxic Debris
|-sidestart|p2: claudechamp|move: Toxic Spikes
|faint|p1a: Glimmora
|
|-weather|SunnyDay|[upkeep]
|-damage|p2a: Zamazenta|18/100 psn|[from] psn
|upkeep
|
|t:|1779904701
|switch|p1a: Iron Moth|Iron Moth|76/100
|turn|27
|
|t:|1779904707
|switch|p2a: Blissey|Blissey, F|100/100
|move|p1a: Iron Moth|Fiery Dance|p2a: Blissey
|-damage|p2a: Blissey|70/100
|
|-weather|SunnyDay|[upkeep]
|upkeep
|turn|28
|
|t:|1779904721
|move|p1a: Iron Moth|Fiery Dance|p2a: Blissey
|-damage|p2a: Blissey|41/100
|-boost|p1a: Iron Moth|spa|1
|move|p2a: Blissey|Calm Mind|p2a: Blissey
|-boost|p2a: Blissey|spa|1
|-boost|p2a: Blissey|spd|1
|
|-weather|none
|upkeep
|turn|29
|
|t:|1779904735
|-terastallize|p2a: Blissey|Dark
|move|p1a: Iron Moth|Fiery Dance|p2a: Blissey
|-damage|p2a: Blissey|20/100
|move|p2a: Blissey|Soft-Boiled|p2a: Blissey
|-heal|p2a: Blissey|70/100
|
|upkeep
|turn|30
|
|t:|1779904747
|-end|p1a: Iron Moth|Quark Drive|[silent]
|switch|p1a: Great Tusk|Great Tusk|76/100
|move|p2a: Blissey|Shadow Ball|p1a: Great Tusk
|-damage|p1a: Great Tusk|43/100
|
|upkeep
|turn|31
|
|t:|1779904761
|move|p1a: Great Tusk|Close Combat|p2a: Blissey
|-supereffective|p2a: Blissey
|-damage|p2a: Blissey|0 fnt
|-unboost|p1a: Great Tusk|def|1
|-unboost|p1a: Great Tusk|spd|1
|faint|p2a: Blissey
|
|upkeep
|
|t:|1779904774
|switch|p2a: Zamazenta|Zamazenta|18/100 psn
|turn|32
|
|t:|1779904785
|switch|p2a: Gholdengo|Gholdengo|91/100
|-damage|p2a: Gholdengo|66/100|[from] Spikes
|-damage|p2a: Gholdengo|60/100|[from] Stealth Rock
|-end|p1a: Great Tusk|Protosynthesis|[silent]
|switch|p1a: Iron Moth|Iron Moth|76/100
|
|upkeep
|turn|33
|
|t:|1779904797
|move|p1a: Iron Moth|Fiery Dance|p2a: Gholdengo
|-supereffective|p2a: Gholdengo
|-damage|p2a: Gholdengo|0 fnt
|faint|p2a: Gholdengo
|
|upkeep
|
|t:|1779904808
|switch|p2a: Zamazenta|Zamazenta|18/100 psn
|turn|34
|
|t:|1779904830
|move|p2a: Zamazenta|Ice Fang|p1a: Iron Moth
|-resisted|p1a: Iron Moth
|-damage|p1a: Iron Moth|58/100
|move|p1a: Iron Moth|Fiery Dance|p2a: Zamazenta
|-damage|p2a: Zamazenta|0 fnt
|-boost|p1a: Iron Moth|spa|1
|faint|p2a: Zamazenta
|
|upkeep
|
|t:|1779904843
|switch|p2a: Pecharunt|Pecharunt|62/100 brn
|-damage|p2a: Pecharunt|37/100 brn|[from] Spikes
|-damage|p2a: Pecharunt|25/100 brn|[from] Stealth Rock
|-sideend|p2: claudechamp|move: Toxic Spikes|[of] p2a: Pecharunt
|turn|35
|
|t:|1779904858
|move|p1a: Iron Moth|Fiery Dance|p2a: Pecharunt
|-damage|p2a: Pecharunt|0 fnt
|faint|p2a: Pecharunt
|
|upkeep
|inactive|claudechamp has 120 seconds left.
|
|t:|1779904870
|switch|p2a: Skarmory|Skarmory, F|1/100
|turn|36
|c|☆SnaKeeKiss|ggs
|inactive|claudechamp has 120 seconds left.
|
|t:|1779904882
|move|p1a: Iron Moth|Fiery Dance|p2a: Skarmory
|-supereffective|p2a: Skarmory
|-damage|p2a: Skarmory|0 fnt
|faint|p2a: Skarmory
|
|win|SnaKeeKiss
|raw|SnaKeeKiss's rating: 1311 &rarr; <strong>1331</strong><br />(+20 for winning)
|raw|claudechamp's rating: 1305 &rarr; <strong>1285</strong><br />(-20 for losing)
|l|☆SnaKeeKiss
|player|p1|
|c|☆claudechamp|gg
