|j|☆gyhe
|j|☆ace46534653
|t:|1779897816
|gametype|singles
|player|p1|gyhe|2|1505
|player|p2|ace46534653|cynthia-gen4|1535
|gen|9
|tier|[Gen 9] OU
|rated|
|rule|HP Percentage Mod: HP is shown in percentages
|rule|Endless Battle Clause: Forcing endless battles is banned
|rule|Species Clause: Limit one of each Pokémon
|rule|OHKO Clause: OHKO moves are banned
|rule|Evasion Items Clause: Evasion items are banned
|rule|Evasion Moves Clause: Evasion moves are banned
|rule|Evasion Abilities Clause: Evasion abilities are banned
|rule|Sleep Moves Clause: Sleep-inducing moves are banned
|clearpoke
|poke|p1|Lokix, F|
|poke|p1|Pecharunt|
|poke|p1|Zamazenta-*|
|poke|p1|Ting-Lu|
|poke|p1|Latios, M|
|poke|p1|Gliscor, F|
|poke|p2|Slowking-Galar, M|
|poke|p2|Great Tusk|
|poke|p2|Arcanine-Hisui, M|
|poke|p2|Corviknight, F|
|poke|p2|Dragapult, M|
|poke|p2|Kingambit, F|
|teampreview
|inactive|Battle timer is ON: inactive players will automatically lose when time's up. (requested by ace46534653)
|inactive|gyhe has 120 seconds left.
|
|t:|1779897867
|teamsize|p1|6
|teamsize|p2|6
|start
|switch|p1a: Gliscor|Gliscor, F|100/100
|switch|p2a: Great Tusk|Great Tusk|100/100
|turn|1
|
|t:|1779897872
|move|p1a: Gliscor|Protect|p1a: Gliscor
|-singleturn|p1a: Gliscor|Protect
|move|p2a: Great Tusk|Stealth Rock|p1a: Gliscor
|-sidestart|p1: gyhe|move: Stealth Rock
|
|-status|p1a: Gliscor|tox|[from] item: Toxic Orb
|upkeep
|turn|2
|
|t:|1779897881
|switch|p1a: Pecharunt|Pecharunt|100/100
|move|p2a: Great Tusk|Ice Spinner|p1a: Pecharunt
|-damage|p1a: Pecharunt|88/100
|
|upkeep
|turn|3
|
|t:|1779897894
|-end|p2a: Great Tusk|Protosynthesis|[silent]
|switch|p2a: Corviknight|Corviknight, F|100/100
|-ability|p2a: Corviknight|Pressure
|switch|p1a: Latios|Latios, M|100/100
|-damage|p1a: Latios|88/100|[from] Stealth Rock
|
|upkeep
|turn|4
|
|t:|1779897904
|move|p1a: Latios|Draco Meteor|p2a: Corviknight
|-resisted|p2a: Corviknight
|-damage|p2a: Corviknight|64/100
|-unboost|p1a: Latios|spa|2
|move|p2a: Corviknight|U-turn|p1a: Latios
|-supereffective|p1a: Latios
|-damage|p1a: Latios|49/100
|
|t:|1779897908
|switch|p2a: Dragapult|Dragapult, M|100/100|[from] U-turn
|
|upkeep
|turn|5
|
|t:|1779897914
|switch|p1a: Ting-Lu|Ting-Lu|100/100
|-damage|p1a: Ting-Lu|94/100|[from] Stealth Rock
|-ability|p1a: Ting-Lu|Vessel of Ruin
|move|p2a: Dragapult|U-turn|p1a: Ting-Lu
|-supereffective|p1a: Ting-Lu
|-damage|p1a: Ting-Lu|77/100
|
|t:|1779897923
|switch|p2a: Corviknight|Corviknight, F|64/100|[from] U-turn
|-ability|p2a: Corviknight|Pressure
|
|-heal|p1a: Ting-Lu|83/100|[from] item: Leftovers
|upkeep
|turn|6
|
|t:|1779897926
|move|p2a: Corviknight|U-turn|p1a: Ting-Lu
|-supereffective|p1a: Ting-Lu
|-damage|p1a: Ting-Lu|68/100
|
|t:|1779897929
|switch|p2a: Great Tusk|Great Tusk|100/100|[from] U-turn
|move|p1a: Ting-Lu|Stealth Rock|p2a: Great Tusk
|-sidestart|p2: ace46534653|move: Stealth Rock
|
|-heal|p1a: Ting-Lu|74/100|[from] item: Leftovers
|upkeep
|turn|7
|
|t:|1779897933
|move|p2a: Great Tusk|Headlong Rush|p1a: Ting-Lu
|-damage|p1a: Ting-Lu|40/100
|-unboost|p2a: Great Tusk|def|1
|-unboost|p2a: Great Tusk|spd|1
|move|p1a: Ting-Lu|Ruination|p2a: Great Tusk
|-damage|p2a: Great Tusk|51/100
|
|-heal|p1a: Ting-Lu|46/100|[from] item: Leftovers
|upkeep
|turn|8
|
|t:|1779897938
|move|p2a: Great Tusk|Rapid Spin|p1a: Ting-Lu
|-damage|p1a: Ting-Lu|36/100
|-boost|p2a: Great Tusk|spe|1
|-sideend|p2: ace46534653|Stealth Rock|[from] move: Rapid Spin|[of] p2a: Great Tusk
|move|p1a: Ting-Lu|Ruination|p2a: Great Tusk
|-damage|p2a: Great Tusk|26/100
|
|-heal|p1a: Ting-Lu|42/100|[from] item: Leftovers
|upkeep
|turn|9
|
|t:|1779897943
|-end|p2a: Great Tusk|Protosynthesis|[silent]
|switch|p2a: Corviknight|Corviknight, F|64/100
|-ability|p2a: Corviknight|Pressure
|move|p1a: Ting-Lu|Stealth Rock|p2a: Corviknight
|-sidestart|p2: ace46534653|move: Stealth Rock
|
|-heal|p1a: Ting-Lu|48/100|[from] item: Leftovers
|upkeep
|turn|10
|
|t:|1779897949
|move|p2a: Corviknight|Roost|p2a: Corviknight
|-heal|p2a: Corviknight|100/100
|-singleturn|p2a: Corviknight|move: Roost
|move|p1a: Ting-Lu|Ruination|p2a: Corviknight
|-damage|p2a: Corviknight|51/100
|
|-heal|p1a: Ting-Lu|54/100|[from] item: Leftovers
|upkeep
|turn|11
|j| dante1310
|
|t:|1779897953
|move|p2a: Corviknight|Body Press|p1a: Ting-Lu
|-supereffective|p1a: Ting-Lu
|-crit|p1a: Ting-Lu
|-damage|p1a: Ting-Lu|15/100
|move|p1a: Ting-Lu|Ruination|p2a: Corviknight
|-damage|p2a: Corviknight|26/100
|
|-heal|p1a: Ting-Lu|21/100|[from] item: Leftovers
|upkeep
|turn|12
|
|t:|1779897960
|move|p2a: Corviknight|Roost|p2a: Corviknight
|-heal|p2a: Corviknight|76/100
|-singleturn|p2a: Corviknight|move: Roost
|move|p1a: Ting-Lu|Whirlwind|p2a: Corviknight
|drag|p2a: Kingambit|Kingambit, F|100/100
|-damage|p2a: Kingambit|94/100|[from] Stealth Rock
|
|-heal|p2a: Kingambit|100/100|[from] item: Leftovers
|-heal|p1a: Ting-Lu|27/100|[from] item: Leftovers
|upkeep
|turn|13
|
|t:|1779897971
|move|p2a: Kingambit|Iron Head|p1a: Ting-Lu
|-damage|p1a: Ting-Lu|0 fnt
|faint|p1a: Ting-Lu
|
|upkeep
|
|t:|1779897974
|switch|p1a: Zamazenta|Zamazenta|100/100
|-ability|p1a: Zamazenta|Dauntless Shield|boost
|-boost|p1a: Zamazenta|def|1
|turn|14
|
|t:|1779897983
|-end|p2a: Kingambit|fallenundefined|[silent]
|switch|p2a: Corviknight|Corviknight, F|76/100
|-damage|p2a: Corviknight|63/100|[from] Stealth Rock
|-ability|p2a: Corviknight|Pressure
|move|p1a: Zamazenta|Crunch|p2a: Corviknight
|-damage|p2a: Corviknight|46/100
|-damage|p1a: Zamazenta|84/100|[from] item: Rocky Helmet|[of] p2a: Corviknight
|
|upkeep
|turn|15
|
|t:|1779897991
|move|p1a: Zamazenta|Close Combat|p2a: Corviknight
|-crit|p2a: Corviknight
|-damage|p2a: Corviknight|0 fnt
|-unboost|p1a: Zamazenta|def|1
|-unboost|p1a: Zamazenta|spd|1
|-damage|p1a: Zamazenta|67/100|[from] item: Rocky Helmet|[of] p2a: Corviknight
|faint|p2a: Corviknight
|
|upkeep
|
|t:|1779897999
|switch|p2a: Dragapult|Dragapult, M|100/100
|-damage|p2a: Dragapult|88/100|[from] Stealth Rock
|turn|16
|
|t:|1779898003
|switch|p1a: Gliscor|Gliscor, F|100/100 tox
|-damage|p1a: Gliscor|88/100 tox|[from] Stealth Rock
|move|p2a: Dragapult|Shadow Ball|p1a: Gliscor
|-crit|p1a: Gliscor
|-damage|p1a: Gliscor|19/100 tox
|
|-heal|p1a: Gliscor|31/100 tox|[from] ability: Poison Heal
|upkeep
|turn|17
|
|t:|1779898008
|move|p1a: Gliscor|Protect|p1a: Gliscor
|-singleturn|p1a: Gliscor|Protect
|move|p2a: Dragapult|Shadow Ball|p1a: Gliscor
|-activate|p1a: Gliscor|move: Protect
|
|-heal|p1a: Gliscor|44/100 tox|[from] ability: Poison Heal
|upkeep
|turn|18
|
|t:|1779898022
|switch|p1a: Lokix|Lokix, F|100/100
|move|p2a: Dragapult|Shadow Ball|p1a: Lokix
|-resisted|p1a: Lokix
|-damage|p1a: Lokix|46/100
|
|upkeep
|turn|19
|l| dante1310
|
|t:|1779898029
|switch|p2a: Kingambit|Kingambit, F|100/100
|-damage|p2a: Kingambit|94/100|[from] Stealth Rock
|-activate|p2a: Kingambit|ability: Supreme Overlord
|-start|p2a: Kingambit|fallen1|[silent]
|move|p1a: Lokix|Knock Off|p2a: Kingambit
|-resisted|p2a: Kingambit
|-damage|p2a: Kingambit|59/100
|-enditem|p2a: Kingambit|Leftovers|[from] move: Knock Off|[of] p1a: Lokix
|
|upkeep
|turn|20
|
|t:|1779898040
|move|p1a: Lokix|U-turn|p2a: Kingambit
|-damage|p2a: Kingambit|32/100
|
|t:|1779898050
|switch|p1a: Gliscor|Gliscor, F|44/100 tox|[from] U-turn
|-damage|p1a: Gliscor|31/100 tox|[from] Stealth Rock
|move|p2a: Kingambit|Iron Head|p1a: Gliscor
|-damage|p1a: Gliscor|0 fnt
|faint|p1a: Gliscor
|
|upkeep
|
|t:|1779898056
|switch|p1a: Lokix|Lokix, F|46/100
|turn|21
|
|t:|1779898060
|move|p1a: Lokix|First Impression|p2a: Kingambit
|-damage|p2a: Kingambit|3/100
|move|p2a: Kingambit|Sucker Punch||[still]
|-fail|p2a: Kingambit
|
|upkeep
|turn|22
|
|t:|1779898064
|move|p1a: Lokix|Sucker Punch|p2a: Kingambit
|-resisted|p2a: Kingambit
|-damage|p2a: Kingambit|0 fnt
|faint|p2a: Kingambit
|-end|p2a: Kingambit|fallen1|[silent]
|
|upkeep
|
|t:|1779898072
|switch|p2a: Arcanine|Arcanine-Hisui, M|100/100
|-damage|p2a: Arcanine|76/100|[from] Stealth Rock
|turn|23
|
|t:|1779898077
|switch|p1a: Pecharunt|Pecharunt|88/100
|move|p2a: Arcanine|Flare Blitz|p1a: Pecharunt
|-damage|p1a: Pecharunt|45/100
|
|upkeep
|turn|24
|
|t:|1779898080
|move|p2a: Arcanine|Flare Blitz|p1a: Pecharunt
|-damage|p1a: Pecharunt|5/100
|move|p1a: Pecharunt|Recover|p1a: Pecharunt
|-heal|p1a: Pecharunt|55/100
|
|upkeep
|turn|25
|
|t:|1779898082
|move|p2a: Arcanine|Flare Blitz|p1a: Pecharunt
|-damage|p1a: Pecharunt|7/100
|-status|p1a: Pecharunt|brn
|move|p1a: Pecharunt|Recover|p1a: Pecharunt
|-heal|p1a: Pecharunt|57/100 brn
|
|-damage|p1a: Pecharunt|50/100 brn|[from] brn
|upkeep
|turn|26
|
|t:|1779898085
|move|p2a: Arcanine|Flare Blitz|p1a: Pecharunt
|-damage|p1a: Pecharunt|6/100 brn
|move|p1a: Pecharunt|Recover|p1a: Pecharunt
|-heal|p1a: Pecharunt|56/100 brn
|
|-damage|p1a: Pecharunt|50/100 brn|[from] brn
|upkeep
|turn|27
|
|t:|1779898088
|move|p2a: Arcanine|Flare Blitz|p1a: Pecharunt
|-damage|p1a: Pecharunt|4/100 brn
|move|p1a: Pecharunt|Recover|p1a: Pecharunt
|-heal|p1a: Pecharunt|54/100 brn
|
|-damage|p1a: Pecharunt|48/100 brn|[from] brn
|upkeep
|turn|28
|
|t:|1779898096
|move|p2a: Arcanine|Flare Blitz|p1a: Pecharunt
|-damage|p1a: Pecharunt|4/100 brn
|move|p1a: Pecharunt|Malignant Chain|p2a: Arcanine
|-resisted|p2a: Arcanine
|-damage|p2a: Arcanine|56/100
|-status|p2a: Arcanine|tox
|-start|p2a: Arcanine|confusion|[from] ability: Poison Puppeteer|[of] p1a: Pecharunt
|
|-damage|p2a: Arcanine|50/100 tox|[from] psn
|-damage|p1a: Pecharunt|0 fnt|[from] brn
|faint|p1a: Pecharunt
|upkeep
|
|t:|1779898103
|switch|p1a: Latios|Latios, M|49/100
|-damage|p1a: Latios|37/100|[from] Stealth Rock
|turn|29
|
|t:|1779898109
|switch|p2a: Slowking|Slowking-Galar, M|100/100
|move|p1a: Latios|Recover|p1a: Latios
|-heal|p1a: Latios|87/100
|
|upkeep
|turn|30
|
|t:|1779898121
|move|p1a: Latios|Flip Turn|p2a: Slowking
|-damage|p2a: Slowking|88/100
|
|t:|1779898123
|switch|p1a: Lokix|Lokix, F|46/100|[from] Flip Turn
|move|p2a: Slowking|Sludge Bomb|p1a: Lokix
|-damage|p1a: Lokix|0 fnt
|faint|p1a: Lokix
|
|upkeep
|
|t:|1779898128
|switch|p1a: Latios|Latios, M|87/100
|-damage|p1a: Latios|75/100|[from] Stealth Rock
|turn|31
|
|t:|1779898130
|move|p1a: Latios|Psychic Noise|p2a: Slowking
|-damage|p2a: Slowking|61/100
|-start|p2a: Slowking|move: Heal Block
|move|p2a: Slowking|Sludge Bomb|p1a: Latios
|-damage|p1a: Latios|42/100
|-status|p1a: Latios|psn
|
|-damage|p1a: Latios|29/100 psn|[from] psn
|upkeep
|turn|32
|
|t:|1779898133
|move|p1a: Latios|Draco Meteor|p2a: Slowking|[miss]
|-miss|p1a: Latios|p2a: Slowking
|-prepare|p2a: Slowking|Chilly Reception|[premajor]
|move|p2a: Slowking|Chilly Reception|p2a: Slowking
|-weather|Snowscape
|
|t:|1779898140
|switch|p2a: Arcanine|Arcanine-Hisui, M|50/100 tox|[from] Chilly Reception
|-damage|p2a: Arcanine|26/100 tox|[from] Stealth Rock
|
|-weather|Snowscape|[upkeep]
|-damage|p1a: Latios|17/100 psn|[from] psn
|-damage|p2a: Arcanine|20/100 tox|[from] psn
|upkeep
|turn|33
|
|t:|1779898146
|move|p2a: Arcanine|Extreme Speed|p1a: Latios
|-damage|p1a: Latios|0 fnt
|faint|p1a: Latios
|
|-weather|Snowscape|[upkeep]
|-damage|p2a: Arcanine|7/100 tox|[from] psn
|upkeep
|
|t:|1779898148
|switch|p1a: Zamazenta|Zamazenta|67/100
|turn|34
|
|t:|1779898150
|move|p2a: Arcanine|Extreme Speed|p1a: Zamazenta
|-damage|p1a: Zamazenta|31/100
|move|p1a: Zamazenta|Crunch|p2a: Arcanine
|-damage|p2a: Arcanine|0 fnt
|faint|p2a: Arcanine
|
|-weather|Snowscape|[upkeep]
|upkeep
|
|t:|1779898156
|switch|p2a: Slowking|Slowking-Galar, M|94/100
|turn|35
|
|t:|1779898162
|move|p1a: Zamazenta|Crunch|p2a: Slowking
|-supereffective|p2a: Slowking
|-damage|p2a: Slowking|39/100
|-unboost|p2a: Slowking|def|1
|move|p2a: Slowking|Sludge Bomb|p1a: Zamazenta
|-damage|p1a: Zamazenta|0 fnt
|faint|p1a: Zamazenta
|
|win|ace46534653
|raw|gyhe's rating: 1505 &rarr; <strong>1487</strong><br />(-18 for losing)
|raw|ace46534653's rating: 1535 &rarr; <strong>1553</strong><br />(+18 for winning)
|l|☆ace46534653
|player|p2|
