|j|☆swl_kitkat
|j|☆one4three4
|t:|1779805648
|gametype|singles
|player|p1|swl_kitkat|pokemonbreederf-gen4|1306
|player|p2|one4three4|266|1320
|gen|9
|tier|[Gen 9] OU
|rated|
|rule|HP Percentage Mod: HP is shown in percentages
|rule|Endless Battle Clause: Forcing endless battles is banned
|rule|Species Clause: Limit one of each Pokémon
|rule|OHKO Clause: OHKO moves are banned
|rule|Evasion Items Clause: Evasion items are banned
|rule|Evasion Moves Clause: Evasion moves are banned
|rule|Evasion Abilities Clause: Evasion abilities are banned
|rule|Sleep Moves Clause: Sleep-inducing moves are banned
|clearpoke
|poke|p1|Clawitzer, M|
|poke|p1|Cloyster, F|
|poke|p1|Dragapult, M|
|poke|p1|Polteageist|
|poke|p1|Cinderace, M|
|poke|p1|Zapdos|
|poke|p2|Corviknight, M|
|poke|p2|Raging Bolt|
|poke|p2|Slowking-Galar, M|
|poke|p2|Landorus-Therian, M|
|poke|p2|Darkrai|
|poke|p2|Samurott-Hisui, M|
|teampreview
|inactive|Battle timer is ON: inactive players will automatically lose when time's up. (requested by swl_kitkat)
|
|t:|1779805672
|teamsize|p1|6
|teamsize|p2|6
|start
|switch|p1a: Clawitzer|Clawitzer, M|100/100
|switch|p2a: Raging Bolt|Raging Bolt|100/100
|turn|1
|
|t:|1779805681
|-terastallize|p1a: Clawitzer|Dragon
|-terastallize|p2a: Raging Bolt|Fairy
|move|p1a: Clawitzer|Dragon Pulse|p2a: Raging Bolt
|-immune|p2a: Raging Bolt
|move|p2a: Raging Bolt|Volt Switch|p1a: Clawitzer
|-resisted|p1a: Clawitzer
|-crit|p1a: Clawitzer
|-damage|p1a: Clawitzer|37/100
|
|t:|1779805697
|-end|p2a: Raging Bolt|Protosynthesis|[silent]
|switch|p2a: Samurott|Samurott-Hisui, M|100/100|[from] Volt Switch
|
|upkeep
|turn|2
|
|t:|1779805702
|move|p1a: Clawitzer|Dragon Pulse|p2a: Samurott
|-damage|p2a: Samurott|39/100
|move|p2a: Samurott|Ceaseless Edge|p1a: Clawitzer|[miss]
|-miss|p2a: Samurott|p1a: Clawitzer
|
|upkeep
|turn|3
|
|t:|1779805710
|switch|p1a: Dragapult|Dragapult, M|100/100
|move|p2a: Samurott|Sucker Punch||[still]
|-fail|p2a: Samurott
|
|upkeep
|turn|4
|
|t:|1779805728
|switch|p1a: Clawitzer|Clawitzer, M, tera:Dragon|37/100
|switch|p2a: Slowking|Slowking-Galar, M|100/100
|
|upkeep
|turn|5
|
|t:|1779805739
|move|p1a: Clawitzer|Dark Pulse|p2a: Slowking
|-supereffective|p2a: Slowking
|-damage|p2a: Slowking|52/100
|move|p2a: Slowking|Sludge Bomb|p1a: Clawitzer
|-damage|p1a: Clawitzer|0 fnt
|faint|p1a: Clawitzer
|
|upkeep
|
|t:|1779805750
|switch|p1a: Polteageist|Polteageist|100/100
|turn|6
|
|t:|1779805755
|move|p1a: Polteageist|Shell Smash|p1a: Polteageist
|-unboost|p1a: Polteageist|def|1
|-unboost|p1a: Polteageist|spd|1
|-boost|p1a: Polteageist|atk|2
|-boost|p1a: Polteageist|spa|2
|-boost|p1a: Polteageist|spe|2
|move|p2a: Slowking|Thunder Wave|p1a: Polteageist
|-status|p1a: Polteageist|par
|
|upkeep
|turn|7
|
|t:|1779805771
|move|p1a: Polteageist|Shadow Ball|p2a: Slowking
|-supereffective|p2a: Slowking
|-damage|p2a: Slowking|0 fnt
|faint|p2a: Slowking
|
|upkeep
|
|t:|1779805776
|switch|p2a: Darkrai|Darkrai|100/100
|turn|8
|
|t:|1779805779
|move|p2a: Darkrai|Dark Pulse|p1a: Polteageist
|-supereffective|p1a: Polteageist
|-enditem|p1a: Polteageist|Focus Sash
|-damage|p1a: Polteageist|1/100 par
|cant|p1a: Polteageist|par
|
|upkeep
|turn|9
|
|t:|1779805784
|move|p2a: Darkrai|Dark Pulse|p1a: Polteageist
|-supereffective|p1a: Polteageist
|-damage|p1a: Polteageist|0 fnt
|faint|p1a: Polteageist
|
|upkeep
|
|t:|1779805788
|switch|p1a: Dragapult|Dragapult, M|100/100
|turn|10
|
|t:|1779805790
|move|p2a: Darkrai|Dark Pulse|p1a: Dragapult
|-supereffective|p1a: Dragapult
|-damage|p1a: Dragapult|0 fnt
|faint|p1a: Dragapult
|
|upkeep
|
|t:|1779805794
|switch|p1a: Cinderace|Cinderace, M|100/100
|turn|11
|
|t:|1779805799
|switch|p2a: Landorus|Landorus-Therian, M|100/100
|-ability|p2a: Landorus|Intimidate|boost
|-unboost|p1a: Cinderace|atk|1
|move|p1a: Cinderace|High Jump Kick|p2a: Landorus
|-start|p1a: Cinderace|typechange|Fighting|[from] ability: Libero
|-resisted|p2a: Landorus
|-damage|p2a: Landorus|82/100
|-damage|p1a: Cinderace|84/100|[from] item: Rocky Helmet|[of] p2a: Landorus
|
|upkeep
|turn|12
|
|t:|1779805810
|switch|p1a: Cloyster|Cloyster, F|100/100
|move|p2a: Landorus|Stealth Rock|p1a: Cloyster
|-sidestart|p1: swl_kitkat|move: Stealth Rock
|
|upkeep
|turn|13
|
|t:|1779805818
|move|p2a: Landorus|U-turn|p1a: Cloyster
|-damage|p1a: Cloyster|81/100
|
|t:|1779805828
|switch|p2a: Samurott|Samurott-Hisui, M|39/100|[from] U-turn
|move|p1a: Cloyster|Shell Smash|p1a: Cloyster
|-unboost|p1a: Cloyster|def|1
|-unboost|p1a: Cloyster|spd|1
|-boost|p1a: Cloyster|atk|2
|-boost|p1a: Cloyster|spa|2
|-boost|p1a: Cloyster|spe|2
|-enditem|p1a: Cloyster|White Herb
|-clearnegativeboost|p1a: Cloyster|[silent]
|
|upkeep
|turn|14
|
|t:|1779805840
|move|p2a: Samurott|Sucker Punch|p1a: Cloyster
|-damage|p1a: Cloyster|54/100
|move|p1a: Cloyster|Rock Blast|p2a: Samurott
|-damage|p2a: Samurott|18/100
|-damage|p2a: Samurott|0 fnt
|faint|p2a: Samurott
|-hitcount|p2: Samurott|2
|
|upkeep
|
|t:|1779805847
|switch|p2a: Raging Bolt|Raging Bolt, tera:Fairy|100/100
|turn|15
|
|t:|1779805857
|move|p2a: Raging Bolt|Thunderclap|p1a: Cloyster
|-supereffective|p1a: Cloyster
|-damage|p1a: Cloyster|0 fnt
|faint|p1a: Cloyster
|
|upkeep
|
|t:|1779805859
|switch|p1a: Zapdos|Zapdos|100/100
|-damage|p1a: Zapdos|75/100|[from] Stealth Rock
|turn|16
|
|t:|1779805864
|move|p2a: Raging Bolt|Thunderclap|p1a: Zapdos
|-damage|p1a: Zapdos|18/100
|move|p1a: Zapdos|Thunderbolt|p2a: Raging Bolt
|-damage|p2a: Raging Bolt|53/100
|
|-heal|p1a: Zapdos|25/100|[from] item: Leftovers
|upkeep
|turn|17
|
|t:|1779805870
|move|p2a: Raging Bolt|Thunderclap||[still]
|-fail|p2a: Raging Bolt
|move|p1a: Zapdos|Roost|p1a: Zapdos
|-heal|p1a: Zapdos|75/100
|-singleturn|p1a: Zapdos|move: Roost
|
|-heal|p1a: Zapdos|81/100|[from] item: Leftovers
|upkeep
|turn|18
|
|t:|1779805879
|-end|p2a: Raging Bolt|Protosynthesis|[silent]
|switch|p2a: Landorus|Landorus-Therian, M|82/100
|-ability|p2a: Landorus|Intimidate|boost
|-unboost|p1a: Zapdos|atk|1
|move|p1a: Zapdos|Thunderbolt|p2a: Landorus
|-immune|p2a: Landorus
|
|-heal|p1a: Zapdos|87/100|[from] item: Leftovers
|upkeep
|turn|19
|
|t:|1779805891
|move|p2a: Landorus|Taunt|p1a: Zapdos
|-start|p1a: Zapdos|move: Taunt
|move|p1a: Zapdos|Hurricane|p2a: Landorus
|-damage|p2a: Landorus|14/100
|-start|p2a: Landorus|confusion
|
|-heal|p1a: Zapdos|93/100|[from] item: Leftovers
|upkeep
|turn|20
|
|t:|1779805899
|-activate|p2a: Landorus|confusion
|-damage|p2a: Landorus|3/100|[from] confusion
|move|p1a: Zapdos|Heat Wave|p2a: Landorus
|-damage|p2a: Landorus|0 fnt
|faint|p2a: Landorus
|
|-heal|p1a: Zapdos|99/100|[from] item: Leftovers
|upkeep
|
|t:|1779805906
|switch|p2a: Darkrai|Darkrai|100/100
|turn|21
|
|t:|1779805910
|move|p2a: Darkrai|Ice Beam|p1a: Zapdos
|-supereffective|p1a: Zapdos
|-damage|p1a: Zapdos|32/100
|move|p1a: Zapdos|Hurricane|p2a: Darkrai
|-damage|p2a: Darkrai|27/100
|-start|p2a: Darkrai|confusion
|
|-heal|p1a: Zapdos|38/100|[from] item: Leftovers
|-end|p1a: Zapdos|move: Taunt
|upkeep
|turn|22
|
|t:|1779805919
|-activate|p2a: Darkrai|confusion
|-damage|p2a: Darkrai|19/100|[from] confusion
|move|p1a: Zapdos|Thunderbolt|p2a: Darkrai
|-damage|p2a: Darkrai|0 fnt
|faint|p2a: Darkrai
|
|-heal|p1a: Zapdos|45/100|[from] item: Leftovers
|upkeep
|
|t:|1779805926
|switch|p2a: Raging Bolt|Raging Bolt, tera:Fairy|53/100
|turn|23
|
|t:|1779805938
|move|p1a: Zapdos|Hurricane|p2a: Raging Bolt
|-damage|p2a: Raging Bolt|0 fnt
|faint|p2a: Raging Bolt
|-end|p2a: Raging Bolt|Protosynthesis|[silent]
|
|-heal|p1a: Zapdos|51/100|[from] item: Leftovers
|upkeep
|
|t:|1779805943
|switch|p2a: Corviknight|Corviknight, M|100/100
|-ability|p2a: Corviknight|Pressure
|turn|24
|-message|one4three4 forfeited.
|
|win|swl_kitkat
|raw|swl_kitkat's rating: 1306 &rarr; <strong>1327</strong><br />(+21 for winning)
|raw|one4three4's rating: 1320 &rarr; <strong>1299</strong><br />(-21 for losing)
|l|☆swl_kitkat
|player|p1|
|l|☆one4three4
|player|p2|
