|j|☆bababablackmareep
|j|☆solga_leo_1st
|t:|1779920797
|gametype|singles
|player|p1|bababablackmareep|iris|1158
|player|p2|solga_leo_1st|red-masters|1118
|gen|9
|tier|[Gen 9] OU
|rated|
|rule|HP Percentage Mod: HP is shown in percentages
|rule|Endless Battle Clause: Forcing endless battles is banned
|rule|Species Clause: Limit one of each Pokémon
|rule|OHKO Clause: OHKO moves are banned
|rule|Evasion Items Clause: Evasion items are banned
|rule|Evasion Moves Clause: Evasion moves are banned
|rule|Evasion Abilities Clause: Evasion abilities are banned
|rule|Sleep Moves Clause: Sleep-inducing moves are banned
|clearpoke
|poke|p1|Tyranitar, F|
|poke|p1|Azumarill, F|
|poke|p1|Meowscarada, M|
|poke|p1|Dragapult, F|
|poke|p1|Gliscor, M|
|poke|p1|Hatterene, F|
|poke|p2|Braviary, M|
|poke|p2|Kingdra, M|
|poke|p2|Rhyperior, M|
|poke|p2|Ampharos, F|
|poke|p2|Greninja-*, M|
|poke|p2|Zoroark-Hisui, M|
|teampreview
|
|t:|1779920856
|teamsize|p1|6
|teamsize|p2|6
|start
|switch|p1a: DA COUNT|Gliscor, M|100/100
|switch|p2a: The deep|Kingdra, M|100/100
|turn|1
|
|t:|1779920877
|move|p1a: DA COUNT|Protect|p1a: DA COUNT
|-singleturn|p1a: DA COUNT|Protect
|move|p2a: The deep|Rain Dance|p2a: The deep
|-weather|RainDance
|
|-weather|RainDance|[upkeep]
|-status|p1a: DA COUNT|tox|[from] item: Toxic Orb
|upkeep
|turn|2
|
|t:|1779920890
|move|p2a: The deep|Hydro Pump|p1a: DA COUNT
|-supereffective|p1a: DA COUNT
|-damage|p1a: DA COUNT|0 fnt
|faint|p1a: DA COUNT
|
|-weather|RainDance|[upkeep]
|upkeep
|
|t:|1779920896
|switch|p1a: Thrashurassosaur|Tyranitar, F, shiny|100/100
|-weather|Sandstorm|[from] ability: Sand Stream|[of] p1a: Thrashurassosaur
|turn|3
|
|t:|1779920904
|move|p2a: The deep|Rain Dance|p2a: The deep
|-weather|RainDance
|move|p1a: Thrashurassosaur|Knock Off|p2a: The deep
|-crit|p2a: The deep
|-damage|p2a: The deep|0 fnt
|-enditem|p2a: The deep|Wide Lens|[from] move: Knock Off|[of] p1a: Thrashurassosaur
|faint|p2a: The deep
|
|-weather|RainDance|[upkeep]
|upkeep
|
|t:|1779920918
|switch|p2a: Homelander|Braviary, M|100/100
|turn|4
|
|t:|1779920936
|switch|p1a: Ares|Dragapult, F|100/100
|move|p2a: Homelander|Agility|p2a: Homelander
|-boost|p2a: Homelander|spe|2
|
|-weather|RainDance|[upkeep]
|upkeep
|turn|5
|
|t:|1779920945
|move|p2a: Homelander|Shadow Claw|p1a: Ares
|-supereffective|p1a: Ares
|-damage|p1a: Ares|10/100
|-damage|p2a: Homelander|91/100|[from] item: Life Orb
|move|p1a: Ares|U-turn|p2a: Homelander
|-resisted|p2a: Homelander
|-damage|p2a: Homelander|81/100
|
|t:|1779920974
|switch|p1a: nu-uh!|Hatterene, F, shiny|100/100|[from] U-turn
|
|-weather|RainDance|[upkeep]
|upkeep
|turn|6
|
|t:|1779920991
|move|p2a: Homelander|Shadow Claw|p1a: nu-uh!
|-supereffective|p1a: nu-uh!
|-damage|p1a: nu-uh!|31/100
|-damage|p2a: Homelander|71/100|[from] item: Life Orb
|move|p1a: nu-uh!|Nuzzle|p2a: Homelander
|-supereffective|p2a: Homelander
|-damage|p2a: Homelander|62/100
|-status|p2a: Homelander|par
|
|-weather|RainDance|[upkeep]
|upkeep
|turn|7
|
|t:|1779921006
|switch|p1a: Thrashurassosaur|Tyranitar, F, shiny|100/100
|-weather|Sandstorm|[from] ability: Sand Stream|[of] p1a: Thrashurassosaur
|move|p2a: Homelander|Agility|p2a: Homelander
|-boost|p2a: Homelander|spe|2
|
|-weather|Sandstorm|[upkeep]
|-damage|p2a: Homelander|56/100 par|[from] Sandstorm
|upkeep
|turn|8
|
|t:|1779921021
|move|p2a: Homelander|Close Combat|p1a: Thrashurassosaur
|-supereffective|p1a: Thrashurassosaur
|-damage|p1a: Thrashurassosaur|0 fnt
|-unboost|p2a: Homelander|def|1
|-unboost|p2a: Homelander|spd|1
|faint|p1a: Thrashurassosaur
|-damage|p2a: Homelander|46/100 par|[from] item: Life Orb
|
|-weather|Sandstorm|[upkeep]
|-damage|p2a: Homelander|40/100 par|[from] Sandstorm
|upkeep
|
|t:|1779921025
|switch|p1a: Messi|Meowscarada, M, shiny|100/100
|turn|9
|
|t:|1779921031
|move|p1a: Messi|Triple Axel|p2a: Homelander
|-start|p1a: Messi|typechange|Ice|[from] ability: Protean
|-supereffective|p2a: Homelander
|-damage|p2a: Homelander|13/100 par
|-supereffective|p2a: Homelander
|-damage|p2a: Homelander|0 fnt
|faint|p2a: Homelander
|-hitcount|p2: Homelander|2
|
|-weather|Sandstorm|[upkeep]
|-damage|p1a: Messi|94/100|[from] Sandstorm
|upkeep
|
|t:|1779921037
|switch|p2a: Starlight|Ampharos, F|100/100
|turn|10
|
|t:|1779921065
|switch|p1a: nu-uh!|Hatterene, F, shiny|31/100
|move|p2a: Starlight|Reflect|p2a: Starlight
|-sidestart|p2: solga_leo_1st|Reflect
|
|-weather|Sandstorm|[upkeep]
|-damage|p2a: Starlight|94/100|[from] Sandstorm
|-damage|p1a: nu-uh!|25/100|[from] Sandstorm
|-heal|p2a: Starlight|100/100|[from] item: Leftovers
|upkeep
|turn|11
|
|t:|1779921114
|move|p2a: Starlight|Discharge|p1a: nu-uh!
|-damage|p1a: nu-uh!|0 fnt
|faint|p1a: nu-uh!
|
|-weather|none
|upkeep
|
|t:|1779921144
|switch|p1a: Ares|Dragapult, F|10/100
|turn|12
|
|t:|1779921149
|move|p1a: Ares|Draco Meteor|p2a: Starlight
|-damage|p2a: Starlight|22/100
|-unboost|p1a: Ares|spa|2
|move|p2a: Starlight|Discharge|p1a: Ares
|-resisted|p1a: Ares
|-damage|p1a: Ares|0 fnt
|faint|p1a: Ares
|
|-heal|p2a: Starlight|28/100|[from] item: Leftovers
|upkeep
|
|t:|1779921181
|switch|p1a: ANCHOR ARMS|Azumarill, F|100/100
|turn|13
|
|t:|1779921190
|move|p2a: Starlight|Discharge|p1a: ANCHOR ARMS
|-supereffective|p1a: ANCHOR ARMS
|-damage|p1a: ANCHOR ARMS|26/100
|-enditem|p1a: ANCHOR ARMS|Sitrus Berry|[eat]
|-heal|p1a: ANCHOR ARMS|51/100|[from] item: Sitrus Berry
|move|p1a: ANCHOR ARMS|Play Rough|p2a: Starlight|[miss]
|-miss|p1a: ANCHOR ARMS|p2a: Starlight
|
|-heal|p2a: Starlight|34/100|[from] item: Leftovers
|upkeep
|turn|14
|
|t:|1779921216
|-terastallize|p1a: ANCHOR ARMS|Steel
|move|p2a: Starlight|Electroweb|p1a: ANCHOR ARMS
|-damage|p1a: ANCHOR ARMS|25/100
|-unboost|p1a: ANCHOR ARMS|spe|1
|move|p1a: ANCHOR ARMS|Play Rough|p2a: Starlight
|-damage|p2a: Starlight|5/100
|
|-heal|p2a: Starlight|12/100|[from] item: Leftovers
|-sideend|p2: solga_leo_1st|Reflect
|upkeep
|turn|15
|
|t:|1779921225
|move|p1a: ANCHOR ARMS|Aqua Jet|p2a: Starlight
|-damage|p2a: Starlight|0 fnt
|faint|p2a: Starlight
|
|upkeep
|
|t:|1779921232
|switch|p2a: Black Noir|Greninja, M, shiny|100/100
|turn|16
|
|t:|1779921252
|move|p2a: Black Noir|Flamethrower|p1a: ANCHOR ARMS
|-supereffective|p1a: ANCHOR ARMS
|-damage|p1a: ANCHOR ARMS|0 fnt
|faint|p1a: ANCHOR ARMS
|
|upkeep
|
|t:|1779921256
|switch|p1a: Messi|Meowscarada, M, shiny|94/100
|turn|17
|
|t:|1779921262
|move|p1a: Messi|Triple Axel|p2a: Black Noir
|-start|p1a: Messi|typechange|Ice|[from] ability: Protean
|-damage|p2a: Black Noir|85/100
|replace|p2a: Billy Butcher|Zoroark-Hisui, M
|-end|p2a: Billy Butcher|Illusion
|-hitcount|p2a: Billy Butcher|1
|move|p2a: Billy Butcher|Flamethrower|p1a: Messi
|-supereffective|p1a: Messi
|-damage|p1a: Messi|0 fnt
|faint|p1a: Messi
|
|win|solga_leo_1st
|raw|bababablackmareep's rating: 1158 &rarr; <strong>1130</strong><br />(-28 for losing)
|raw|solga_leo_1st's rating: 1118 &rarr; <strong>1146</strong><br />(+28 for winning)
|l|☆bababablackmareep
|player|p1|
|l|☆solga_leo_1st
|player|p2|
