|j|☆ankitayare134
|j|☆S26340
|t:|1779971871
|gametype|singles
|player|p1|ankitayare134|266|1108
|player|p2|S26340|hilbert-wonderlauncher|1119
|gen|9
|tier|[Gen 9] OU
|rated|
|rule|HP Percentage Mod: HP is shown in percentages
|rule|Endless Battle Clause: Forcing endless battles is banned
|rule|Species Clause: Limit one of each Pokémon
|rule|OHKO Clause: OHKO moves are banned
|rule|Evasion Items Clause: Evasion items are banned
|rule|Evasion Moves Clause: Evasion moves are banned
|rule|Evasion Abilities Clause: Evasion abilities are banned
|rule|Sleep Moves Clause: Sleep-inducing moves are banned
|clearpoke
|poke|p1|Porygon2|
|poke|p1|Milotic, M|
|poke|p1|Rhydon, M|
|poke|p1|Magneton|
|poke|p1|Empoleon, M|
|poke|p1|Primeape, F|
|poke|p2|Eelektross, M|
|poke|p2|Typhlosion-Hisui, M|
|poke|p2|Scizor, M|
|poke|p2|Salamence, M|
|poke|p2|Weavile, M|
|poke|p2|Greninja-*, M|
|teampreview
|inactive|Battle timer is ON: inactive players will automatically lose when time's up. (requested by ankitayare134)
|
|t:|1779971877
|teamsize|p1|6
|teamsize|p2|6
|start
|switch|p1a: Rhydon|Rhydon, M|100/100
|switch|p2a: Greninja|Greninja, M|100/100
|turn|1
|
|t:|1779971890
|-terastallize|p1a: Rhydon|Water
|move|p2a: Greninja|Surf|p1a: Rhydon
|-resisted|p1a: Rhydon
|-damage|p1a: Rhydon|74/100
|move|p1a: Rhydon|Body Press|p2a: Greninja
|-supereffective|p2a: Greninja
|-damage|p2a: Greninja|33/100
|
|upkeep
|turn|2
|
|t:|1779971900
|move|p2a: Greninja|U-turn|p1a: Rhydon
|-damage|p1a: Rhydon|66/100
|
|t:|1779971904
|switch|p2a: Eelektross|Eelektross, M|100/100|[from] U-turn
|move|p1a: Rhydon|Body Press|p2a: Eelektross
|-damage|p2a: Eelektross|76/100
|
|upkeep
|turn|3
|
|t:|1779971911
|move|p1a: Rhydon|Rock Polish|p1a: Rhydon
|-boost|p1a: Rhydon|spe|2
|move|p2a: Eelektross|Discharge|p1a: Rhydon
|-ability|p1a: Rhydon|Lightning Rod|boost
|-boost|p1a: Rhydon|spa|1
|
|upkeep
|turn|4
|
|t:|1779971920
|move|p1a: Rhydon|Earthquake|p2a: Eelektross
|-immune|p2a: Eelektross|[from] ability: Levitate
|move|p2a: Eelektross|Confuse Ray|p1a: Rhydon
|-start|p1a: Rhydon|confusion
|
|upkeep
|turn|5
|c|☆ankitayare134|Lol
|
|t:|1779971927
|-activate|p1a: Rhydon|confusion
|move|p1a: Rhydon|Stone Edge|p2a: Eelektross
|-damage|p2a: Eelektross|20/100
|move|p2a: Eelektross|U-turn|p1a: Rhydon
|-damage|p1a: Rhydon|57/100
|c|☆ankitayare134|Lol for me also
|
|t:|1779971939
|switch|p2a: Weavile|Weavile, M|100/100|[from] U-turn
|
|upkeep
|turn|6
|
|t:|1779971945
|move|p2a: Weavile|Fake Out|p1a: Rhydon
|-damage|p1a: Rhydon|50/100
|cant|p1a: Rhydon|flinch
|
|upkeep
|turn|7
|
|t:|1779971950
|-end|p1a: Rhydon|confusion
|move|p1a: Rhydon|Body Press|p2a: Weavile
|-supereffective|p2a: Weavile
|-enditem|p2a: Weavile|Focus Sash
|-damage|p2a: Weavile|1/100
|-enditem|p1a: Rhydon|Eviolite|[silent]|[from] ability: Pickpocket|[of] p1a: Rhydon
|-item|p2a: Weavile|Eviolite|[from] ability: Pickpocket|[of] p1a: Rhydon
|move|p2a: Weavile|Knock Off|p1a: Rhydon
|-damage|p1a: Rhydon|24/100
|
|upkeep
|turn|8
|
|t:|1779971972
|switch|p2a: Salamence|Salamence, M|100/100
|move|p1a: Rhydon|Body Press|p2a: Salamence
|-resisted|p2a: Salamence
|-damage|p2a: Salamence|88/100
|
|upkeep
|turn|9
|
|t:|1779971980
|move|p1a: Rhydon|Stone Edge|p2a: Salamence
|-supereffective|p2a: Salamence
|-damage|p2a: Salamence|0 fnt
|faint|p2a: Salamence
|
|upkeep
|
|t:|1779971986
|switch|p2a: Greninja|Greninja, M|33/100
|turn|10
|
|t:|1779971989
|move|p1a: Rhydon|Body Press|p2a: Greninja
|-supereffective|p2a: Greninja
|-damage|p2a: Greninja|0 fnt
|faint|p2a: Greninja
|
|upkeep
|
|t:|1779971994
|switch|p2a: Scizor|Scizor, M|100/100
|turn|11
|
|t:|1779971999
|move|p2a: Scizor|Bullet Punch|p1a: Rhydon
|-resisted|p1a: Rhydon
|-damage|p1a: Rhydon|9/100
|move|p1a: Rhydon|Stone Edge|p2a: Scizor
|-damage|p2a: Scizor|51/100
|
|upkeep
|turn|12
|
|t:|1779972006
|move|p2a: Scizor|Bullet Punch|p1a: Rhydon
|-resisted|p1a: Rhydon
|-damage|p1a: Rhydon|0 fnt
|faint|p1a: Rhydon
|
|upkeep
|
|t:|1779972018
|switch|p1a: Milotic|Milotic, M|100/100
|turn|13
|
|t:|1779972023
|move|p1a: Milotic|Coil|p1a: Milotic
|-boost|p1a: Milotic|atk|1
|-boost|p1a: Milotic|def|1
|-boost|p1a: Milotic|accuracy|1
|move|p2a: Scizor|Knock Off|p1a: Milotic
|-damage|p1a: Milotic|75/100
|-enditem|p1a: Milotic|Leftovers|[from] move: Knock Off|[of] p2a: Scizor
|
|upkeep
|turn|14
|
|t:|1779972032
|move|p1a: Milotic|Muddy Water|p2a: Scizor
|-damage|p2a: Scizor|16/100
|move|p2a: Scizor|X-Scissor|p1a: Milotic
|-damage|p1a: Milotic|42/100
|
|upkeep
|turn|15
|
|t:|1779972039
|move|p2a: Scizor|Bullet Punch|p1a: Milotic
|-resisted|p1a: Milotic
|-damage|p1a: Milotic|29/100
|move|p1a: Milotic|Recover|p1a: Milotic
|-heal|p1a: Milotic|79/100
|
|upkeep
|turn|16
|-message|S26340 forfeited.
|
|win|ankitayare134
|raw|ankitayare134's rating: 1108 &rarr; <strong>1134</strong><br />(+26 for winning)
|raw|S26340's rating: 1119 &rarr; <strong>1093</strong><br />(-26 for losing)
|l|☆S26340
|player|p2|
|l|☆ankitayare134
|player|p1|
