|j|☆4axes
|j|☆goodnightnite
|t:|1779945040
|gametype|singles
|player|p1|4axes|workerice|1575
|player|p2|goodnightnite|miku-water|1607
|gen|9
|tier|[Gen 9] OU
|rated|
|rule|HP Percentage Mod: HP is shown in percentages
|rule|Endless Battle Clause: Forcing endless battles is banned
|rule|Species Clause: Limit one of each Pokémon
|rule|OHKO Clause: OHKO moves are banned
|rule|Evasion Items Clause: Evasion items are banned
|rule|Evasion Moves Clause: Evasion moves are banned
|rule|Evasion Abilities Clause: Evasion abilities are banned
|rule|Sleep Moves Clause: Sleep-inducing moves are banned
|clearpoke
|poke|p1|Zapdos|
|poke|p1|Cinderace, F|
|poke|p1|Great Tusk|
|poke|p1|Tinkaton, F|
|poke|p1|Arcanine-Hisui, M|
|poke|p1|Slowking-Galar, F|
|poke|p2|Primarina, M|
|poke|p2|Zamazenta-*|
|poke|p2|Gholdengo|
|poke|p2|Rillaboom, M|
|poke|p2|Glimmora, M|
|poke|p2|Hydreigon, M|
|teampreview
|inactive|Battle timer is ON: inactive players will automatically lose when time's up. (requested by 4axes)
|inactive|goodnightnite also wants the timer to be on.
|
|t:|1779945057
|teamsize|p1|6
|teamsize|p2|6
|start
|switch|p1a: Tinkaton|Tinkaton, F|100/100
|switch|p2a: Celestine|Primarina, M, shiny|100/100
|-item|p1a: Tinkaton|Air Balloon
|turn|1
|
|t:|1779945064
|move|p1a: Tinkaton|Stealth Rock|p2a: Celestine
|-sidestart|p2: goodnightnite|move: Stealth Rock
|move|p2a: Celestine|Psychic Noise|p1a: Tinkaton
|-damage|p1a: Tinkaton|64/100
|-start|p1a: Tinkaton|move: Heal Block
|-enditem|p1a: Tinkaton|Air Balloon
|
|upkeep
|turn|2
|
|t:|1779945070
|switch|p1a: Slowking|Slowking-Galar, F|100/100
|move|p2a: Celestine|Flip Turn|p1a: Slowking
|-damage|p1a: Slowking|85/100
|
|t:|1779945076
|switch|p2a: Hybrid|Hydreigon, M, shiny|100/100|[from] Flip Turn
|-damage|p2a: Hybrid|88/100|[from] Stealth Rock
|
|upkeep
|turn|3
|
|t:|1779945085
|move|p2a: Hybrid|Earth Power|p1a: Slowking
|-supereffective|p1a: Slowking
|-enditem|p1a: Slowking|Shuca Berry|[eat]
|-enditem|p1a: Slowking|Shuca Berry|[weaken]
|-damage|p1a: Slowking|60/100
|-unboost|p1a: Slowking|spd|1
|move|p1a: Slowking|Sludge Bomb|p2a: Hybrid
|-damage|p2a: Hybrid|51/100
|-status|p2a: Hybrid|psn
|
|-damage|p2a: Hybrid|39/100 psn|[from] psn
|upkeep
|turn|4
|
|t:|1779945113
|switch|p2a: Bullet|Glimmora, M, shiny|100/100
|-damage|p2a: Bullet|88/100|[from] Stealth Rock
|switch|p1a: Zapdos|Zapdos|100/100
|
|upkeep
|turn|5
|
|t:|1779945119
|move|p1a: Zapdos|Volt Switch|p2a: Bullet
|-damage|p2a: Bullet|55/100
|-enditem|p2a: Bullet|Red Card|[of] p1a: Zapdos
|drag|p1a: Arcanine|Arcanine-Hisui, M|100/100
|move|p2a: Bullet|Mortal Spin|p1a: Arcanine
|-resisted|p1a: Arcanine
|-damage|p1a: Arcanine|97/100
|-status|p1a: Arcanine|psn
|-sideend|p2: goodnightnite|Stealth Rock|[from] move: Mortal Spin|[of] p2a: Bullet
|
|-damage|p1a: Arcanine|84/100 psn|[from] psn
|upkeep
|turn|6
|
|t:|1779945131
|move|p1a: Arcanine|Head Smash|p2a: Bullet
|-damage|p2a: Bullet|0 fnt
|-activate|p2a: Bullet|ability: Toxic Debris
|-sidestart|p1: 4axes|move: Toxic Spikes
|faint|p2a: Bullet
|
|-damage|p1a: Arcanine|72/100 psn|[from] psn
|upkeep
|
|t:|1779945140
|switch|p2a: Kong|Rillaboom, M, shiny|100/100
|-fieldstart|move: Grassy Terrain|[from] ability: Grassy Surge|[of] p2a: Kong
|turn|7
|
|t:|1779945147
|switch|p1a: Tinkaton|Tinkaton, F|64/100
|move|p2a: Kong|High Horsepower|p1a: Tinkaton
|-supereffective|p1a: Tinkaton
|-damage|p1a: Tinkaton|0 fnt
|faint|p1a: Tinkaton
|-damage|p2a: Kong|91/100|[from] item: Life Orb
|
|-heal|p2a: Kong|97/100|[from] Grassy Terrain
|upkeep
|
|t:|1779945153
|switch|p1a: Slowking|Slowking-Galar, F|94/100
|-sideend|p1: 4axes|move: Toxic Spikes|[of] p1a: Slowking
|turn|8
|
|t:|1779945157
|switch|p1a: Zapdos|Zapdos|100/100
|move|p2a: Kong|High Horsepower|p1a: Zapdos
|-immune|p1a: Zapdos
|
|-heal|p2a: Kong|100/100|[from] Grassy Terrain
|upkeep
|turn|9
|
|t:|1779945164
|switch|p2a: Hybrid|Hydreigon, M, shiny|39/100 psn
|move|p1a: Zapdos|Hurricane|p2a: Hybrid
|-damage|p2a: Hybrid|0 fnt
|faint|p2a: Hybrid
|
|upkeep
|
|t:|1779945169
|switch|p2a: Spirit Rush|Gholdengo, shiny|100/100
|-enditem|p2a: Spirit Rush|Grassy Seed
|-boost|p2a: Spirit Rush|def|1|[from] item: Grassy Seed
|turn|10
|
|t:|1779945176
|move|p1a: Zapdos|Volt Switch|p2a: Spirit Rush
|-damage|p2a: Spirit Rush|80/100
|
|t:|1779945180
|switch|p1a: Cinderace|Cinderace, F|100/100|[from] Volt Switch
|move|p2a: Spirit Rush|Shadow Ball|p1a: Cinderace
|-damage|p1a: Cinderace|52/100
|
|-heal|p1a: Cinderace|58/100|[from] Grassy Terrain
|-heal|p2a: Spirit Rush|86/100|[from] Grassy Terrain
|upkeep
|turn|11
|
|t:|1779945187
|move|p1a: Cinderace|Pyro Ball|p2a: Spirit Rush
|-supereffective|p2a: Spirit Rush
|-damage|p2a: Spirit Rush|12/100
|move|p2a: Spirit Rush|Nasty Plot|p2a: Spirit Rush
|-boost|p2a: Spirit Rush|spa|2
|
|-heal|p1a: Cinderace|64/100|[from] Grassy Terrain
|-heal|p2a: Spirit Rush|19/100|[from] Grassy Terrain
|-fieldend|move: Grassy Terrain
|upkeep
|turn|12
|
|t:|1779945191
|move|p1a: Cinderace|Pyro Ball|p2a: Spirit Rush
|-supereffective|p2a: Spirit Rush
|-damage|p2a: Spirit Rush|0 fnt
|faint|p2a: Spirit Rush
|
|upkeep
|
|t:|1779945197
|switch|p2a: Celestine|Primarina, M, shiny|100/100
|turn|13
|
|t:|1779945200
|switch|p1a: Slowking|Slowking-Galar, F|100/100
|move|p2a: Celestine|Psychic Noise|p1a: Slowking
|-damage|p1a: Slowking|76/100
|-start|p1a: Slowking|move: Heal Block
|
|upkeep
|turn|14
|
|t:|1779945206
|move|p2a: Celestine|Psychic Noise|p1a: Slowking
|-crit|p1a: Slowking
|-damage|p1a: Slowking|42/100
|move|p1a: Slowking|Sludge Bomb|p2a: Celestine
|-supereffective|p2a: Celestine
|-damage|p2a: Celestine|66/100
|
|-end|p1a: Slowking|move: Heal Block
|upkeep
|turn|15
|
|t:|1779945211
|move|p2a: Celestine|Psychic Noise|p1a: Slowking
|-damage|p1a: Slowking|16/100
|-start|p1a: Slowking|move: Heal Block
|-prepare|p1a: Slowking|Chilly Reception|[premajor]
|move|p1a: Slowking|Chilly Reception|p1a: Slowking
|-weather|Snowscape
|
|t:|1779945213
|switch|p1a: Zapdos|Zapdos|100/100|[from] Chilly Reception
|
|-weather|Snowscape|[upkeep]
|upkeep
|turn|16
|
|t:|1779945217
|-terastallize|p2a: Celestine|Ground
|move|p1a: Zapdos|Volt Switch|p2a: Celestine
|-immune|p2a: Celestine
|move|p2a: Celestine|Whirlpool|p1a: Zapdos
|-damage|p1a: Zapdos|82/100
|-activate|p1a: Zapdos|move: Whirlpool|[of] p2a: Celestine
|
|-weather|Snowscape|[upkeep]
|-damage|p1a: Zapdos|70/100|[from] move: Whirlpool|[partiallytrapped]
|upkeep
|turn|17
|
|t:|1779945228
|move|p1a: Zapdos|Hurricane|p2a: Celestine|[miss]
|-miss|p1a: Zapdos|p2a: Celestine
|move|p2a: Celestine|Psychic Noise|p1a: Zapdos
|-damage|p1a: Zapdos|29/100
|-start|p1a: Zapdos|move: Heal Block
|
|-weather|Snowscape|[upkeep]
|-damage|p1a: Zapdos|17/100|[from] move: Whirlpool|[partiallytrapped]
|upkeep
|turn|18
|
|t:|1779945234
|move|p1a: Zapdos|Hurricane|p2a: Celestine
|-damage|p2a: Celestine|40/100
|move|p2a: Celestine|Moonblast|p1a: Zapdos
|-damage|p1a: Zapdos|0 fnt
|faint|p1a: Zapdos
|
|-weather|Snowscape|[upkeep]
|upkeep
|
|t:|1779945240
|switch|p1a: Slowking|Slowking-Galar, F|49/100
|turn|19
|
|t:|1779945244
|switch|p1a: Cinderace|Cinderace, F|64/100
|move|p2a: Celestine|Psychic Noise|p1a: Cinderace
|-supereffective|p1a: Cinderace
|-damage|p1a: Cinderace|0 fnt
|faint|p1a: Cinderace
|
|-weather|none
|upkeep
|
|t:|1779945248
|switch|p1a: Great Tusk|Great Tusk|100/100
|turn|20
|
|t:|1779945251
|move|p1a: Great Tusk|Rapid Spin|p2a: Celestine
|-damage|p2a: Celestine|19/100
|-boost|p1a: Great Tusk|spe|1
|move|p2a: Celestine|Moonblast|p1a: Great Tusk
|-supereffective|p1a: Great Tusk
|-damage|p1a: Great Tusk|0 fnt
|faint|p1a: Great Tusk
|-end|p1a: Great Tusk|Protosynthesis|[silent]
|
|upkeep
|-message|4axes forfeited.
|
|win|goodnightnite
|raw|4axes's rating: 1575 &rarr; <strong>1557</strong><br />(-18 for losing)
|raw|goodnightnite's rating: 1607 &rarr; <strong>1625</strong><br />(+18 for winning)
|l|☆4axes
|player|p1|
|l|☆goodnightnite
|player|p2|
