|j|☆Us sad
|j|☆Supa Dupa Hoopa
|t:|1779905888
|gametype|singles
|player|p1|Us sad|265|1576
|player|p2|Supa Dupa Hoopa|101|1612
|gen|9
|tier|[Gen 9] OU
|rated|
|rule|HP Percentage Mod: HP is shown in percentages
|rule|Endless Battle Clause: Forcing endless battles is banned
|rule|Species Clause: Limit one of each Pokémon
|rule|OHKO Clause: OHKO moves are banned
|rule|Evasion Items Clause: Evasion items are banned
|rule|Evasion Moves Clause: Evasion moves are banned
|rule|Evasion Abilities Clause: Evasion abilities are banned
|rule|Sleep Moves Clause: Sleep-inducing moves are banned
|clearpoke
|poke|p1|Kyurem|
|poke|p1|Heatran, M|
|poke|p1|Hatterene, F|
|poke|p1|Alomomola, M|
|poke|p1|Gliscor, F|
|poke|p1|Zamazenta-*|
|poke|p2|Serperior, M|
|poke|p2|Cinderace, F|
|poke|p2|Corviknight, F|
|poke|p2|Alomomola, F|
|poke|p2|Dragonite, M|
|poke|p2|Toxtricity-Low-Key, M|
|teampreview
|
|t:|1779905893
|teamsize|p1|6
|teamsize|p2|6
|start
|switch|p1a: Kyurem|Kyurem|100/100
|switch|p2a: What RU|Serperior, M|100/100
|-ability|p1a: Kyurem|Pressure
|turn|1
|
|t:|1779905901
|move|p2a: What RU|Substitute|p2a: What RU
|-start|p2a: What RU|Substitute
|-damage|p2a: What RU|76/100
|move|p1a: Kyurem|Ice Beam|p2a: What RU
|-supereffective|p2a: What RU
|-end|p2a: What RU|Substitute
|
|-heal|p2a: What RU|82/100|[from] item: Leftovers
|upkeep
|turn|2
|
|t:|1779905909
|switch|p2a: Spongebob|Alomomola, F|100/100
|move|p1a: Kyurem|Ice Beam|p2a: Spongebob
|-resisted|p2a: Spongebob
|-damage|p2a: Spongebob|88/100
|
|upkeep
|turn|3
|
|t:|1779905915
|move|p1a: Kyurem|Freeze-Dry|p2a: Spongebob
|-supereffective|p2a: Spongebob
|-damage|p2a: Spongebob|49/100
|move|p2a: Spongebob|Flip Turn|p1a: Kyurem
|-resisted|p1a: Kyurem
|-damage|p1a: Kyurem|93/100
|
|t:|1779905927
|switch|p2a: CinderMiss|Cinderace, F|100/100|[from] Flip Turn
|
|upkeep
|turn|4
|
|t:|1779905937
|switch|p1a: Alomomola|Alomomola, M|100/100
|move|p2a: CinderMiss|U-turn|p1a: Alomomola
|-start|p2a: CinderMiss|typechange|Bug|[from] ability: Libero
|-damage|p1a: Alomomola|81/100
|
|t:|1779905942
|switch|p2a: What RU|Serperior, M|82/100|[from] U-turn
|
|-heal|p2a: What RU|88/100|[from] item: Leftovers
|upkeep
|turn|5
|
|t:|1779905947
|move|p2a: What RU|Substitute|p2a: What RU
|-start|p2a: What RU|Substitute
|-damage|p2a: What RU|63/100
|move|p1a: Alomomola|Flip Turn|p2a: What RU
|-resisted|p2a: What RU
|-activate|p2a: What RU|move: Substitute|[damage]
|j| Yamhard
|
|t:|1779905956
|switch|p1a: Hatterene|Hatterene, F|100/100|[from] Flip Turn
|
|-heal|p2a: What RU|69/100|[from] item: Leftovers
|upkeep
|turn|6
|
|t:|1779905962
|move|p2a: What RU|Leaf Storm|p1a: Hatterene|[miss]
|-miss|p2a: What RU|p1a: Hatterene
|move|p1a: Hatterene|Mystical Fire|p2a: What RU
|-supereffective|p2a: What RU
|-end|p2a: What RU|Substitute
|
|-heal|p2a: What RU|75/100|[from] item: Leftovers
|upkeep
|turn|7
|
|t:|1779905971
|switch|p2a: ANOTHER ONE|Toxtricity-Low-Key, M|100/100
|move|p1a: Hatterene|Psychic Noise|p2a: ANOTHER ONE
|-supereffective|p2a: ANOTHER ONE
|-damage|p2a: ANOTHER ONE|45/100
|-start|p2a: ANOTHER ONE|move: Heal Block
|
|upkeep
|turn|8
|
|t:|1779905981
|switch|p1a: Heatran|Heatran, M|100/100
|move|p2a: ANOTHER ONE|Boomburst|p1a: Heatran
|-resisted|p1a: Heatran
|-damage|p1a: Heatran|60/100
|
|-heal|p1a: Heatran|66/100|[from] item: Leftovers
|-end|p2a: ANOTHER ONE|move: Heal Block
|upkeep
|turn|9
|
|t:|1779905991
|switch|p2a: Spongebob|Alomomola, F|82/100
|move|p1a: Heatran|Earth Power|p2a: Spongebob
|-crit|p2a: Spongebob
|-damage|p2a: Spongebob|58/100
|
|-heal|p1a: Heatran|72/100|[from] item: Leftovers
|upkeep
|turn|10
|
|t:|1779905998
|move|p1a: Heatran|Stealth Rock|p2a: Spongebob
|-sidestart|p2: Supa Dupa Hoopa|move: Stealth Rock
|move|p2a: Spongebob|Flip Turn|p1a: Heatran
|-supereffective|p1a: Heatran
|-damage|p1a: Heatran|42/100
|
|t:|1779906003
|switch|p2a: CinderMiss|Cinderace, F|100/100|[from] Flip Turn
|
|-heal|p1a: Heatran|48/100|[from] item: Leftovers
|upkeep
|turn|11
|
|t:|1779906008
|switch|p1a: Gliscor|Gliscor, F|100/100
|move|p2a: CinderMiss|Court Change|p2a: CinderMiss
|-start|p2a: CinderMiss|typechange|Normal|[from] ability: Libero
|-swapsideconditions
|-activate|p2a: CinderMiss|move: Court Change
|
|-status|p1a: Gliscor|tox|[from] item: Toxic Orb
|upkeep
|turn|12
|
|t:|1779906016
|switch|p2a: Spongebob|Alomomola, F|91/100
|move|p1a: Gliscor|Toxic|p2a: Spongebob
|-status|p2a: Spongebob|tox
|
|-damage|p2a: Spongebob|85/100 tox|[from] psn
|upkeep
|turn|13
|
|t:|1779906023
|move|p1a: Gliscor|Knock Off|p2a: Spongebob
|-damage|p2a: Spongebob|68/100 tox
|-enditem|p2a: Spongebob|Assault Vest|[from] move: Knock Off|[of] p1a: Gliscor
|move|p2a: Spongebob|Scald|p1a: Gliscor
|-supereffective|p1a: Gliscor
|-damage|p1a: Gliscor|78/100 tox
|
|-heal|p1a: Gliscor|90/100 tox|[from] ability: Poison Heal
|-damage|p2a: Spongebob|56/100 tox|[from] psn
|upkeep
|turn|14
|
|t:|1779906033
|switch|p2a: What RU|Serperior, M|75/100
|move|p1a: Gliscor|Knock Off|p2a: What RU
|-damage|p2a: What RU|53/100
|-enditem|p2a: What RU|Leftovers|[from] move: Knock Off|[of] p1a: Gliscor
|
|-heal|p1a: Gliscor|100/100 tox|[from] ability: Poison Heal
|upkeep
|turn|15
|
|t:|1779906045
|switch|p1a: Hatterene|Hatterene, F|100/100
|-damage|p1a: Hatterene|88/100|[from] Stealth Rock
|move|p2a: What RU|Substitute|p2a: What RU
|-start|p2a: What RU|Substitute
|-damage|p2a: What RU|28/100
|
|-heal|p1a: Hatterene|94/100|[from] item: Leftovers
|upkeep
|turn|16
|
|t:|1779906052
|move|p2a: What RU|Leaf Storm|p1a: Hatterene
|-damage|p1a: Hatterene|56/100
|-boost|p2a: What RU|spa|2
|move|p1a: Hatterene|Psychic Noise|p2a: What RU
|-damage|p2a: What RU|0 fnt
|faint|p2a: What RU
|
|-heal|p1a: Hatterene|62/100|[from] item: Leftovers
|upkeep
|
|t:|1779906063
|switch|p2a: ANOTHER ONE|Toxtricity-Low-Key, M|45/100
|turn|17
|
|t:|1779906072
|-terastallize|p2a: ANOTHER ONE|Normal
|move|p2a: ANOTHER ONE|Boomburst|p1a: Hatterene
|-damage|p1a: Hatterene|0 fnt
|faint|p1a: Hatterene
|
|upkeep
|
|t:|1779906094
|switch|p1a: Kyurem|Kyurem|93/100
|-damage|p1a: Kyurem|68/100|[from] Stealth Rock
|-ability|p1a: Kyurem|Pressure
|turn|18
|
|t:|1779906100
|switch|p2a: CinderMiss|Cinderace, F|100/100
|move|p1a: Kyurem|Ice Beam|p2a: CinderMiss
|-resisted|p2a: CinderMiss
|-damage|p2a: CinderMiss|68/100
|
|upkeep
|turn|19
|
|t:|1779906106
|switch|p1a: Gliscor|Gliscor, F|100/100 tox
|-damage|p1a: Gliscor|88/100 tox|[from] Stealth Rock
|move|p2a: CinderMiss|High Jump Kick|p1a: Gliscor
|-start|p2a: CinderMiss|typechange|Fighting|[from] ability: Libero
|-resisted|p1a: Gliscor
|-damage|p1a: Gliscor|63/100 tox
|
|-heal|p1a: Gliscor|76/100 tox|[from] ability: Poison Heal
|upkeep
|turn|20
|
|t:|1779906123
|switch|p2a: Skarmory-M|Corviknight, F|100/100
|-ability|p2a: Skarmory-M|Pressure
|move|p1a: Gliscor|Knock Off|p2a: Skarmory-M
|-damage|p2a: Skarmory-M|87/100
|-enditem|p2a: Skarmory-M|Leftovers|[from] move: Knock Off|[of] p1a: Gliscor
|
|-heal|p1a: Gliscor|88/100 tox|[from] ability: Poison Heal
|upkeep
|turn|21
|
|t:|1779906131
|move|p1a: Gliscor|Spikes|p2a: Skarmory-M
|-sidestart|p2: Supa Dupa Hoopa|Spikes
|move|p2a: Skarmory-M|Bulk Up|p2a: Skarmory-M
|-boost|p2a: Skarmory-M|atk|1
|-boost|p2a: Skarmory-M|def|1
|
|-heal|p1a: Gliscor|100/100 tox|[from] ability: Poison Heal
|upkeep
|turn|22
|j| Lowladderubersnoob
|
|t:|1779906139
|switch|p1a: Alomomola|Alomomola, M|100/100
|move|p2a: Skarmory-M|Body Press|p1a: Alomomola
|-damage|p1a: Alomomola|78/100
|
|upkeep
|turn|23
|
|t:|1779906146
|move|p2a: Skarmory-M|Bulk Up|p2a: Skarmory-M
|-boost|p2a: Skarmory-M|atk|1
|-boost|p2a: Skarmory-M|def|1
|move|p1a: Alomomola|Scald|p2a: Skarmory-M
|-damage|p2a: Skarmory-M|75/100
|
|upkeep
|turn|24
|
|t:|1779906154
|move|p2a: Skarmory-M|Bulk Up|p2a: Skarmory-M
|-boost|p2a: Skarmory-M|atk|1
|-boost|p2a: Skarmory-M|def|1
|move|p1a: Alomomola|Scald|p2a: Skarmory-M
|-damage|p2a: Skarmory-M|61/100
|
|upkeep
|turn|25
|
|t:|1779906177
|-terastallize|p1a: Alomomola|Ghost
|move|p2a: Skarmory-M|Bulk Up|p2a: Skarmory-M
|-boost|p2a: Skarmory-M|atk|1
|-boost|p2a: Skarmory-M|def|1
|move|p1a: Alomomola|Scald|p2a: Skarmory-M
|-damage|p2a: Skarmory-M|48/100
|-status|p2a: Skarmory-M|brn
|
|-damage|p2a: Skarmory-M|42/100 brn|[from] brn
|upkeep
|turn|26
|
|t:|1779906187
|move|p2a: Skarmory-M|Roost|p2a: Skarmory-M
|-heal|p2a: Skarmory-M|92/100 brn
|-singleturn|p2a: Skarmory-M|move: Roost
|move|p1a: Alomomola|Flip Turn|p2a: Skarmory-M
|-damage|p2a: Skarmory-M|88/100 brn
|
|t:|1779906189
|switch|p1a: Gliscor|Gliscor, F|100/100 tox|[from] Flip Turn
|-damage|p1a: Gliscor|88/100 tox|[from] Stealth Rock
|
|-heal|p1a: Gliscor|100/100 tox|[from] ability: Poison Heal
|-damage|p2a: Skarmory-M|82/100 brn|[from] brn
|upkeep
|turn|27
|
|t:|1779906199
|move|p1a: Gliscor|Spikes|p2a: Skarmory-M
|-sidestart|p2: Supa Dupa Hoopa|Spikes
|move|p2a: Skarmory-M|Bulk Up|p2a: Skarmory-M
|-boost|p2a: Skarmory-M|atk|1
|-boost|p2a: Skarmory-M|def|1
|
|-damage|p2a: Skarmory-M|75/100 brn|[from] brn
|upkeep
|turn|28
|
|t:|1779906206
|move|p1a: Gliscor|Spikes|p2a: Skarmory-M
|-sidestart|p2: Supa Dupa Hoopa|Spikes
|move|p2a: Skarmory-M|Power Trip|p1a: Gliscor
|-damage|p1a: Gliscor|40/100 tox
|
|-heal|p1a: Gliscor|53/100 tox|[from] ability: Poison Heal
|-damage|p2a: Skarmory-M|69/100 brn|[from] brn
|upkeep
|turn|29
|
|t:|1779906215
|move|p1a: Gliscor|Protect|p1a: Gliscor
|-singleturn|p1a: Gliscor|Protect
|move|p2a: Skarmory-M|Roost|p2a: Skarmory-M
|-heal|p2a: Skarmory-M|100/100 brn
|-singleturn|p2a: Skarmory-M|move: Roost
|
|-heal|p1a: Gliscor|65/100 tox|[from] ability: Poison Heal
|-damage|p2a: Skarmory-M|94/100 brn|[from] brn
|upkeep
|turn|30
|
|t:|1779906237
|switch|p1a: Alomomola|Alomomola, M, tera:Ghost|100/100
|move|p2a: Skarmory-M|Power Trip|p1a: Alomomola
|-supereffective|p1a: Alomomola
|-damage|p1a: Alomomola|3/100
|
|-damage|p2a: Skarmory-M|88/100 brn|[from] brn
|upkeep
|turn|31
|
|t:|1779906247
|move|p1a: Alomomola|Protect|p1a: Alomomola
|-singleturn|p1a: Alomomola|Protect
|move|p2a: Skarmory-M|Power Trip|p1a: Alomomola
|-activate|p1a: Alomomola|move: Protect
|
|-damage|p2a: Skarmory-M|82/100 brn|[from] brn
|upkeep
|turn|32
|
|t:|1779906260
|move|p2a: Skarmory-M|Body Press|p1a: Alomomola
|-immune|p1a: Alomomola
|move|p1a: Alomomola|Scald|p2a: Skarmory-M
|-damage|p2a: Skarmory-M|68/100 brn
|
|-damage|p2a: Skarmory-M|62/100 brn|[from] brn
|upkeep
|turn|33
|
|t:|1779906267
|move|p2a: Skarmory-M|Roost|p2a: Skarmory-M
|-heal|p2a: Skarmory-M|100/100 brn
|-singleturn|p2a: Skarmory-M|move: Roost
|move|p1a: Alomomola|Flip Turn|p2a: Skarmory-M
|-damage|p2a: Skarmory-M|97/100 brn
|
|t:|1779906270
|switch|p1a: Heatran|Heatran, M|48/100|[from] Flip Turn
|-damage|p1a: Heatran|36/100|[from] Stealth Rock
|
|-heal|p1a: Heatran|42/100|[from] item: Leftovers
|-damage|p2a: Skarmory-M|91/100 brn|[from] brn
|upkeep
|turn|34
|
|t:|1779906280
|move|p1a: Heatran|Magma Storm|p2a: Skarmory-M
|-supereffective|p2a: Skarmory-M
|-damage|p2a: Skarmory-M|0 fnt
|faint|p2a: Skarmory-M
|
|-heal|p1a: Heatran|48/100|[from] item: Leftovers
|upkeep
|
|t:|1779906291
|switch|p2a: CinderMiss|Cinderace, F|68/100
|turn|35
|
|t:|1779906297
|move|p2a: CinderMiss|High Jump Kick|p1a: Heatran
|-start|p2a: CinderMiss|typechange|Fighting|[from] ability: Libero
|-supereffective|p1a: Heatran
|-damage|p1a: Heatran|0 fnt
|faint|p1a: Heatran
|
|upkeep
|
|t:|1779906299
|switch|p1a: Gliscor|Gliscor, F|65/100 tox
|-damage|p1a: Gliscor|53/100 tox|[from] Stealth Rock
|turn|36
|
|t:|1779906310
|move|p2a: CinderMiss|Court Change|p2a: CinderMiss
|-swapsideconditions
|-activate|p2a: CinderMiss|move: Court Change
|move|p1a: Gliscor|Toxic|p2a: CinderMiss
|-status|p2a: CinderMiss|tox
|
|-damage|p2a: CinderMiss|62/100 tox|[from] psn
|-heal|p1a: Gliscor|65/100 tox|[from] ability: Poison Heal
|upkeep
|turn|37
|
|t:|1779906322
|switch|p2a: ANOTHER ONE|Toxtricity-Low-Key, M, tera:Normal|45/100
|-damage|p2a: ANOTHER ONE|32/100|[from] Stealth Rock
|move|p1a: Gliscor|Protect||[still]
|-fail|p1a: Gliscor
|
|-heal|p1a: Gliscor|78/100 tox|[from] ability: Poison Heal
|upkeep
|turn|38
|
|t:|1779906333
|switch|p1a: Alomomola|Alomomola, M, tera:Ghost|36/100
|move|p2a: ANOTHER ONE|Boomburst|p1a: Alomomola
|-immune|p1a: Alomomola
|
|upkeep
|turn|39
|
|t:|1779906340
|switch|p2a: Dragonite|Dragonite, M|100/100
|switch|p1a: Gliscor|Gliscor, F|78/100 tox
|
|-heal|p1a: Gliscor|90/100 tox|[from] ability: Poison Heal
|upkeep
|turn|40
|-message|Supa Dupa Hoopa forfeited.
|
|win|Us sad
|raw|Us sad's rating: 1576 &rarr; <strong>1598</strong><br />(+22 for winning)
|raw|Supa Dupa Hoopa's rating: 1612 &rarr; <strong>1590</strong><br />(-22 for losing)
|l|☆Supa Dupa Hoopa
|player|p2|
|l| Yamhard
