|j|☆KenjiShiguma
|j|☆metallettuce52
|t:|1779926201
|gametype|singles
|player|p1|KenjiShiguma|pokemonbreeder-gen4|1076
|player|p2|metallettuce52|elesa|1097
|gen|9
|tier|[Gen 9] OU
|rated|
|rule|HP Percentage Mod: HP is shown in percentages
|rule|Endless Battle Clause: Forcing endless battles is banned
|rule|Species Clause: Limit one of each Pokémon
|rule|OHKO Clause: OHKO moves are banned
|rule|Evasion Items Clause: Evasion items are banned
|rule|Evasion Moves Clause: Evasion moves are banned
|rule|Evasion Abilities Clause: Evasion abilities are banned
|rule|Sleep Moves Clause: Sleep-inducing moves are banned
|clearpoke
|poke|p1|Golduck, F|
|poke|p1|Porygon2|
|poke|p1|Gardevoir, F|
|poke|p1|Grumpig, F|
|poke|p1|Toxapex, M|
|poke|p1|Sandaconda, F|
|poke|p2|Oricorio-Sensu, F|
|poke|p2|Alomomola, M|
|poke|p2|Glimmora, M|
|poke|p2|Meowscarada, M|
|poke|p2|Cloyster, M|
|poke|p2|Arcanine-Hisui, M|
|teampreview
|inactive|Battle timer is ON: inactive players will automatically lose when time's up. (requested by metallettuce52)
|
|t:|1779926211
|teamsize|p1|6
|teamsize|p2|6
|start
|switch|p1a: Sandaconda|Sandaconda, F|100/100
|switch|p2a: Asmongold|Glimmora, M|100/100
|turn|1
|
|t:|1779926217
|move|p2a: Asmongold|Stealth Rock|p1a: Sandaconda
|-sidestart|p1: KenjiShiguma|move: Stealth Rock
|move|p1a: Sandaconda|Earthquake|p2a: Asmongold
|-supereffective|p2a: Asmongold
|-enditem|p2a: Asmongold|Focus Sash
|-damage|p2a: Asmongold|1/100
|-activate|p2a: Asmongold|ability: Toxic Debris
|-sidestart|p1: KenjiShiguma|move: Toxic Spikes
|
|upkeep
|turn|2
|
|t:|1779926227
|move|p2a: Asmongold|Mortal Spin|p1a: Sandaconda
|-resisted|p1a: Sandaconda
|-damage|p1a: Sandaconda|99/100
|-status|p1a: Sandaconda|psn
|-damage|p2a: Asmongold|0 fnt|[from] item: Rocky Helmet|[of] p1a: Sandaconda
|faint|p2a: Asmongold
|move|p1a: Sandaconda|Earthquake|p2: Asmongold|[notarget]
|-fail|p1a: Sandaconda
|
|-activate|p1a: Sandaconda|ability: Shed Skin
|-curestatus|p1a: Sandaconda|psn|[msg]
|upkeep
|
|t:|1779926243
|switch|p2a: Flesh|Cloyster, M|100/100
|turn|3
|
|t:|1779926246
|move|p2a: Flesh|Shell Smash|p2a: Flesh
|-unboost|p2a: Flesh|def|1
|-unboost|p2a: Flesh|spd|1
|-boost|p2a: Flesh|atk|2
|-boost|p2a: Flesh|spa|2
|-boost|p2a: Flesh|spe|2
|move|p1a: Sandaconda|Glare|p2a: Flesh
|-status|p2a: Flesh|par
|
|upkeep
|turn|4
|
|t:|1779926255
|move|p2a: Flesh|Shell Smash|p2a: Flesh
|-unboost|p2a: Flesh|def|1
|-unboost|p2a: Flesh|spd|1
|-boost|p2a: Flesh|atk|2
|-boost|p2a: Flesh|spa|2
|-boost|p2a: Flesh|spe|2
|move|p1a: Sandaconda|Body Press|p2a: Flesh
|-supereffective|p2a: Flesh
|-enditem|p2a: Flesh|Focus Sash
|-damage|p2a: Flesh|1/100 par
|
|upkeep
|turn|5
|
|t:|1779926266
|move|p2a: Flesh|Icicle Spear|p1a: Sandaconda
|-supereffective|p1a: Sandaconda
|-damage|p1a: Sandaconda|55/100
|-supereffective|p1a: Sandaconda
|-damage|p1a: Sandaconda|14/100
|-supereffective|p1a: Sandaconda
|-damage|p1a: Sandaconda|0 fnt
|faint|p1a: Sandaconda
|-hitcount|p1: Sandaconda|3
|
|upkeep
|
|t:|1779926274
|switch|p1a: Toxapex|Toxapex, M|100/100
|-damage|p1a: Toxapex|88/100|[from] Stealth Rock
|-sideend|p1: KenjiShiguma|move: Toxic Spikes|[of] p1a: Toxapex
|turn|6
|
|t:|1779926281
|move|p2a: Flesh|Icicle Spear|p1a: Toxapex
|-resisted|p1a: Toxapex
|-damage|p1a: Toxapex|77/100
|-resisted|p1a: Toxapex
|-damage|p1a: Toxapex|67/100
|-resisted|p1a: Toxapex
|-damage|p1a: Toxapex|57/100
|-resisted|p1a: Toxapex
|-damage|p1a: Toxapex|47/100
|-resisted|p1a: Toxapex
|-damage|p1a: Toxapex|36/100
|-hitcount|p1a: Toxapex|5
|move|p1a: Toxapex|Acid Spray|p2a: Flesh
|-damage|p2a: Flesh|0 fnt
|faint|p2a: Flesh
|
|upkeep
|
|t:|1779926296
|switch|p2a: Fih|Alomomola, M|100/100
|turn|7
|
|t:|1779926308
|switch|p1a: Golduck|Golduck, F|100/100
|-damage|p1a: Golduck|88/100|[from] Stealth Rock
|-ability|p1a: Golduck|Cloud Nine
|move|p2a: Fih|Whirlpool|p1a: Golduck
|-resisted|p1a: Golduck
|-damage|p1a: Golduck|85/100
|-activate|p1a: Golduck|move: Whirlpool|[of] p2a: Fih
|
|-damage|p1a: Golduck|72/100|[from] move: Whirlpool|[partiallytrapped]
|upkeep
|turn|8
|
|t:|1779926324
|move|p1a: Golduck|Encore|p2a: Fih
|-start|p2a: Fih|Encore
|move|p2a: Fih|Whirlpool|p1a: Golduck|[miss]
|-miss|p2a: Fih|p1a: Golduck
|
|-damage|p1a: Golduck|60/100|[from] move: Whirlpool|[partiallytrapped]
|upkeep
|turn|9
|
|t:|1779926332
|move|p1a: Golduck|Whirlpool|p2a: Fih
|-resisted|p2a: Fih
|-damage|p2a: Fih|94/100
|-activate|p2a: Fih|move: Whirlpool|[of] p1a: Golduck
|move|p2a: Fih|Whirlpool|p1a: Golduck
|-resisted|p1a: Golduck
|-damage|p1a: Golduck|57/100
|
|-heal|p2a: Fih|99/100|[from] item: Leftovers
|-damage|p1a: Golduck|45/100|[from] move: Whirlpool|[partiallytrapped]
|-damage|p2a: Fih|88/100|[from] move: Whirlpool|[partiallytrapped]
|upkeep
|turn|10
|
|t:|1779926344
|move|p1a: Golduck|Simple Beam|p2a: Fih
|-ability|p2a: Fih|Simple|Regenerator|[from] move: Simple Beam
|move|p2a: Fih|Whirlpool|p1a: Golduck
|-resisted|p1a: Golduck
|-damage|p1a: Golduck|42/100
|
|-heal|p2a: Fih|94/100|[from] item: Leftovers
|-damage|p1a: Golduck|29/100|[from] move: Whirlpool|[partiallytrapped]
|-damage|p2a: Fih|82/100|[from] move: Whirlpool|[partiallytrapped]
|-end|p2a: Fih|Encore
|upkeep
|turn|11
|
|t:|1779926358
|move|p1a: Golduck|Encore|p2a: Fih
|-start|p2a: Fih|Encore
|move|p2a: Fih|Whirlpool|p1a: Golduck
|-resisted|p1a: Golduck
|-damage|p1a: Golduck|26/100
|
|-heal|p2a: Fih|88/100|[from] item: Leftovers
|-damage|p1a: Golduck|14/100|[from] move: Whirlpool|[partiallytrapped]
|-damage|p2a: Fih|75/100|[from] move: Whirlpool|[partiallytrapped]
|upkeep
|turn|12
|
|t:|1779926370
|move|p1a: Golduck|Flip Turn|p2a: Fih
|-resisted|p2a: Fih
|-damage|p2a: Fih|71/100
|
|t:|1779926373
|switch|p1a: Porygon2|Porygon2|100/100|[from] Flip Turn
|-damage|p1a: Porygon2|88/100|[from] Stealth Rock
|-ability|p1a: Porygon2|Simple|Trace|[from] ability: Trace|[of] p2a: Fih
|move|p2a: Fih|Whirlpool|p1a: Porygon2
|-damage|p1a: Porygon2|86/100
|-activate|p1a: Porygon2|move: Whirlpool|[of] p2a: Fih
|
|-heal|p2a: Fih|78/100|[from] item: Leftovers
|-end|p2a: Fih|Whirlpool|[partiallytrapped]|[silent]
|-damage|p1a: Porygon2|73/100|[from] move: Whirlpool|[partiallytrapped]
|upkeep
|turn|13
|
|t:|1779926389
|move|p2a: Fih|Whirlpool|p1a: Porygon2
|-damage|p1a: Porygon2|71/100
|move|p1a: Porygon2|Charge Beam|p2a: Fih
|-supereffective|p2a: Fih
|-damage|p2a: Fih|47/100
|
|-heal|p2a: Fih|53/100|[from] item: Leftovers
|-damage|p1a: Porygon2|58/100|[from] move: Whirlpool|[partiallytrapped]
|-end|p2a: Fih|Encore
|upkeep
|turn|14
|
|t:|1779926400
|move|p2a: Fih|Flip Turn|p1a: Porygon2
|-damage|p1a: Porygon2|47/100
|
|t:|1779926405
|switch|p2a: The Bouncer|Meowscarada, M|100/100|[from] Flip Turn
|move|p1a: Porygon2|Charge Beam|p2a: The Bouncer
|-resisted|p2a: The Bouncer
|-damage|p2a: The Bouncer|91/100
|-boost|p1a: Porygon2|spa|2
|
|-end|p1a: Porygon2|Whirlpool|[partiallytrapped]|[silent]
|upkeep
|turn|15
|
|t:|1779926426
|move|p2a: The Bouncer|U-turn|p1a: Porygon2
|-start|p2a: The Bouncer|typechange|Bug|[from] ability: Protean
|-damage|p1a: Porygon2|17/100
|
|t:|1779926433
|switch|p2a: Fih|Alomomola, M|53/100|[from] U-turn
|move|p1a: Porygon2|Recover|p1a: Porygon2
|-heal|p1a: Porygon2|67/100
|
|-heal|p2a: Fih|59/100|[from] item: Leftovers
|upkeep
|turn|16
|
|t:|1779926442
|move|p2a: Fih|Flip Turn|p1a: Porygon2
|-damage|p1a: Porygon2|56/100
|
|t:|1779926445
|switch|p2a: The Bouncer|Meowscarada, M|91/100|[from] Flip Turn
|move|p1a: Porygon2|Defense Curl|p1a: Porygon2
|-boost|p1a: Porygon2|def|2
|
|upkeep
|turn|17
|
|t:|1779926455
|move|p2a: The Bouncer|Flower Trick|p1a: Porygon2
|-start|p2a: The Bouncer|typechange|Grass|[from] ability: Protean
|-crit|p1a: Porygon2
|-damage|p1a: Porygon2|6/100
|move|p1a: Porygon2|Recover|p1a: Porygon2
|-heal|p1a: Porygon2|56/100
|
|upkeep
|turn|18
|
|t:|1779926465
|move|p2a: The Bouncer|Flower Trick|p1a: Porygon2
|-crit|p1a: Porygon2
|-damage|p1a: Porygon2|8/100
|move|p1a: Porygon2|Charge Beam|p2a: The Bouncer
|-resisted|p2a: The Bouncer
|-damage|p2a: The Bouncer|73/100
|
|upkeep
|turn|19
|
|t:|1779926472
|move|p2a: The Bouncer|Flower Trick|p1a: Porygon2
|-crit|p1a: Porygon2
|-damage|p1a: Porygon2|0 fnt
|faint|p1a: Porygon2
|
|upkeep
|
|t:|1779926478
|switch|p1a: Toxapex|Toxapex, M|69/100
|-damage|p1a: Toxapex|57/100|[from] Stealth Rock
|turn|20
|
|t:|1779926484
|move|p2a: The Bouncer|Flower Trick|p1a: Toxapex
|-crit|p1a: Toxapex
|-damage|p1a: Toxapex|9/100
|move|p1a: Toxapex|Infestation|p2a: The Bouncer
|-supereffective|p2a: The Bouncer
|-damage|p2a: The Bouncer|64/100
|-activate|p2a: The Bouncer|move: Infestation|[of] p1a: Toxapex
|
|-damage|p2a: The Bouncer|52/100|[from] move: Infestation|[partiallytrapped]
|upkeep
|turn|21
|
|t:|1779926495
|switch|p1a: Golduck|Golduck, F|14/100
|-damage|p1a: Golduck|2/100|[from] Stealth Rock
|-ability|p1a: Golduck|Cloud Nine
|move|p2a: The Bouncer|Flower Trick|p1a: Golduck
|-supereffective|p1a: Golduck
|-crit|p1a: Golduck
|-damage|p1a: Golduck|0 fnt
|faint|p1a: Golduck
|
|-end|p2a: The Bouncer|Infestation|[partiallytrapped]|[silent]
|upkeep
|
|t:|1779926507
|switch|p1a: Toxapex|Toxapex, M|42/100
|-damage|p1a: Toxapex|30/100|[from] Stealth Rock
|turn|22
|
|t:|1779926522
|-terastallize|p1a: Toxapex|Poison
|move|p2a: The Bouncer|Flower Trick|p1a: Toxapex
|-resisted|p1a: Toxapex
|-crit|p1a: Toxapex
|-damage|p1a: Toxapex|8/100
|move|p1a: Toxapex|Icy Wind|p2a: The Bouncer
|-supereffective|p2a: The Bouncer
|-damage|p2a: The Bouncer|27/100
|-unboost|p2a: The Bouncer|spe|1
|
|upkeep
|turn|23
|
|t:|1779926536
|switch|p2a: Fih|Alomomola, M|93/100
|move|p1a: Toxapex|Icy Wind|p2a: Fih
|-resisted|p2a: Fih
|-damage|p2a: Fih|88/100
|-unboost|p2a: Fih|spe|1
|
|-heal|p2a: Fih|94/100|[from] item: Leftovers
|upkeep
|turn|24
|
|t:|1779926545
|switch|p1a: Grumpig|Grumpig, F|100/100
|-damage|p1a: Grumpig|88/100|[from] Stealth Rock
|move|p2a: Fih|Flip Turn|p1a: Grumpig
|-damage|p1a: Grumpig|64/100
|
|t:|1779926553
|switch|p2a: Assreaper|Oricorio-Sensu, F|100/100|[from] Flip Turn
|
|upkeep
|turn|25
|
|t:|1779926565
|move|p2a: Assreaper|Quiver Dance|p2a: Assreaper
|-boost|p2a: Assreaper|spa|1
|-boost|p2a: Assreaper|spd|1
|-boost|p2a: Assreaper|spe|1
|move|p1a: Grumpig|Snarl|p2a: Assreaper
|-supereffective|p2a: Assreaper
|-damage|p2a: Assreaper|80/100
|-unboost|p2a: Assreaper|spa|1
|
|upkeep
|turn|26
|
|t:|1779926581
|move|p2a: Assreaper|Quiver Dance|p2a: Assreaper
|-boost|p2a: Assreaper|spa|1
|-boost|p2a: Assreaper|spd|1
|-boost|p2a: Assreaper|spe|1
|move|p1a: Grumpig|Snarl|p2a: Assreaper
|-supereffective|p2a: Assreaper
|-damage|p2a: Assreaper|63/100
|-unboost|p2a: Assreaper|spa|1
|
|upkeep
|turn|27
|
|t:|1779926590
|move|p2a: Assreaper|Revelation Dance|p1a: Grumpig
|-supereffective|p1a: Grumpig
|-damage|p1a: Grumpig|25/100
|-enditem|p1a: Grumpig|Aguav Berry|[eat]
|-heal|p1a: Grumpig|58/100|[from] item: Aguav Berry
|move|p1a: Grumpig|Snarl|p2a: Assreaper
|-supereffective|p2a: Assreaper
|-damage|p2a: Assreaper|48/100
|-unboost|p2a: Assreaper|spa|1
|
|upkeep
|turn|28
|
|t:|1779926601
|move|p2a: Assreaper|Roost|p2a: Assreaper
|-heal|p2a: Assreaper|98/100
|-singleturn|p2a: Assreaper|move: Roost
|move|p1a: Grumpig|Snarl|p2a: Assreaper
|-supereffective|p2a: Assreaper
|-damage|p2a: Assreaper|82/100
|-unboost|p2a: Assreaper|spa|1
|
|upkeep
|turn|29
|
|t:|1779926610
|move|p2a: Assreaper|Revelation Dance|p1a: Grumpig
|-supereffective|p1a: Grumpig
|-crit|p1a: Grumpig
|-damage|p1a: Grumpig|0 fnt
|faint|p1a: Grumpig
|
|upkeep
|
|t:|1779926616
|switch|p1a: Gardevoir|Gardevoir, F|100/100
|-damage|p1a: Gardevoir|88/100|[from] Stealth Rock
|-ability|p1a: Gardevoir|Dancer|Trace|[from] ability: Trace|[of] p2a: Assreaper
|turn|30
|
|t:|1779926626
|move|p2a: Assreaper|Revelation Dance|p1a: Gardevoir
|-supereffective|p1a: Gardevoir
|-damage|p1a: Gardevoir|51/100
|-activate|p1a: Gardevoir|ability: Dancer
|move|p1a: Gardevoir|Revelation Dance|p2a: Assreaper|[from] ability: Dancer
|-damage|p2a: Assreaper|50/100
|move|p1a: Gardevoir|Calm Mind|p1a: Gardevoir
|-boost|p1a: Gardevoir|spa|1
|-boost|p1a: Gardevoir|spd|1
|
|-heal|p1a: Gardevoir|58/100|[from] item: Leftovers
|upkeep
|turn|31
|
|t:|1779926644
|move|p2a: Assreaper|Hurricane|p1a: Gardevoir
|-damage|p1a: Gardevoir|44/100
|move|p1a: Gardevoir|Calm Mind|p1a: Gardevoir
|-boost|p1a: Gardevoir|spa|1
|-boost|p1a: Gardevoir|spd|1
|
|-heal|p1a: Gardevoir|50/100|[from] item: Leftovers
|upkeep
|turn|32
|
|t:|1779926667
|move|p2a: Assreaper|Hurricane|p1a: Gardevoir
|-damage|p1a: Gardevoir|40/100
|move|p1a: Gardevoir|Draining Kiss|p2a: Assreaper
|-damage|p2a: Assreaper|17/100
|-heal|p1a: Gardevoir|72/100|[from] drain|[of] p2a: Assreaper
|
|-heal|p1a: Gardevoir|78/100|[from] item: Leftovers
|upkeep
|turn|33
|
|t:|1779926678
|move|p2a: Assreaper|Hurricane|p1a: Gardevoir
|-damage|p1a: Gardevoir|68/100
|move|p1a: Gardevoir|Draining Kiss|p2a: Assreaper
|-damage|p2a: Assreaper|0 fnt
|-heal|p1a: Gardevoir|84/100|[from] drain|[of] p2a: Assreaper
|faint|p2a: Assreaper
|
|-heal|p1a: Gardevoir|90/100|[from] item: Leftovers
|upkeep
|
|t:|1779926684
|switch|p2a: Doug|Arcanine-Hisui, M|100/100
|turn|34
|
|t:|1779926692
|move|p2a: Doug|Head Smash|p1a: Gardevoir
|-damage|p1a: Gardevoir|0 fnt
|faint|p1a: Gardevoir
|
|upkeep
|
|t:|1779926706
|switch|p1a: Toxapex|Toxapex, M, tera:Poison|42/100
|-damage|p1a: Toxapex|29/100|[from] Stealth Rock
|turn|35
|
|t:|1779926714
|move|p2a: Doug|Head Smash|p1a: Toxapex|[miss]
|-miss|p2a: Doug|p1a: Toxapex
|move|p1a: Toxapex|Chilling Water|p2a: Doug
|-supereffective|p2a: Doug
|-damage|p2a: Doug|52/100
|-unboost|p2a: Doug|atk|1
|
|upkeep
|turn|36
|
|t:|1779926721
|move|p2a: Doug|Head Smash|p1a: Toxapex
|-damage|p1a: Toxapex|0 fnt
|faint|p1a: Toxapex
|
|win|metallettuce52
|raw|KenjiShiguma's rating: 1076 &rarr; <strong>1056</strong><br />(-20 for losing)
|raw|metallettuce52's rating: 1097 &rarr; <strong>1121</strong><br />(+24 for winning)
|l|☆metallettuce52
|player|p2|
|l|☆KenjiShiguma
|player|p1|
