|j|☆Bencarote
|j|☆choispecs ironmoth
|t:|1779964853
|gametype|singles
|player|p1|Bencarote|265|1378
|player|p2|choispecs ironmoth|lucas|1434
|gen|9
|tier|[Gen 9] OU
|rated|
|rule|HP Percentage Mod: HP is shown in percentages
|rule|Endless Battle Clause: Forcing endless battles is banned
|rule|Species Clause: Limit one of each Pokémon
|rule|OHKO Clause: OHKO moves are banned
|rule|Evasion Items Clause: Evasion items are banned
|rule|Evasion Moves Clause: Evasion moves are banned
|rule|Evasion Abilities Clause: Evasion abilities are banned
|rule|Sleep Moves Clause: Sleep-inducing moves are banned
|clearpoke
|poke|p1|Ribombee, M|
|poke|p1|Great Tusk|
|poke|p1|Samurott-Hisui, M|
|poke|p1|Gholdengo|
|poke|p1|Infernape, M|
|poke|p1|Latias, F|
|poke|p2|Kyurem|
|poke|p2|Cinderace, M|
|poke|p2|Kingambit, M|
|poke|p2|Landorus-Therian, M|
|poke|p2|Iron Valiant|
|poke|p2|Slowking-Galar, F|
|teampreview
|inactive|Battle timer is ON: inactive players will automatically lose when time's up. (requested by choispecs ironmoth)
|
|t:|1779964866
|teamsize|p1|6
|teamsize|p2|6
|start
|switch|p1a: Clochette|Ribombee, M|100/100
|switch|p2a: Slowking|Slowking-Galar, F|100/100
|turn|1
|
|t:|1779964869
|move|p1a: Clochette|Sticky Web|p2a: Slowking
|-sidestart|p2: choispecs ironmoth|move: Sticky Web
|move|p2a: Slowking|Sludge Bomb|p1a: Clochette
|-supereffective|p1a: Clochette
|-enditem|p1a: Clochette|Focus Sash
|-damage|p1a: Clochette|1/100
|
|upkeep
|turn|2
|
|t:|1779964875
|move|p1a: Clochette|U-turn|p2a: Slowking
|-damage|p2a: Slowking|85/100
|
|t:|1779964883
|switch|p1a: B!tch disgusting!|Samurott-Hisui, M|100/100|[from] U-turn
|move|p2a: Slowking|Psychic Noise|p1a: B!tch disgusting!
|-immune|p1a: B!tch disgusting!
|
|upkeep
|turn|3
|
|t:|1779964890
|switch|p2a: Landorus|Landorus-Therian, M|100/100
|-ability|p2a: Landorus|Intimidate|boost
|-unboost|p1a: B!tch disgusting!|atk|1
|move|p1a: B!tch disgusting!|Ceaseless Edge|p2a: Landorus
|-damage|p2a: Landorus|62/100
|-damage|p1a: B!tch disgusting!|84/100|[from] item: Rocky Helmet|[of] p2a: Landorus
|-sidestart|p2: choispecs ironmoth|Spikes
|
|upkeep
|turn|4
|
|t:|1779964912
|switch|p1a: La casa|Great Tusk|100/100
|move|p2a: Landorus|Earthquake|p1a: La casa
|-damage|p1a: La casa|67/100
|
|upkeep
|turn|5
|
|t:|1779964917
|move|p2a: Landorus|Earthquake|p1a: La casa
|-damage|p1a: La casa|33/100
|move|p1a: La casa|Rapid Spin|p2a: Landorus
|-damage|p2a: Landorus|45/100
|-boost|p1a: La casa|spe|1
|-damage|p1a: La casa|16/100|[from] item: Rocky Helmet|[of] p2a: Landorus
|
|upkeep
|turn|6
|
|t:|1779964920
|move|p1a: La casa|Ice Spinner|p2a: Landorus
|-supereffective|p2a: Landorus
|-damage|p2a: Landorus|0 fnt
|-damage|p1a: La casa|0 fnt|[from] item: Rocky Helmet|[of] p2a: Landorus
|faint|p2a: Landorus
|faint|p1a: La casa
|-end|p1a: La casa|Protosynthesis|[silent]
|
|upkeep
|
|t:|1779964938
|switch|p2a: Cinderace|Cinderace, M|100/100
|switch|p1a: B!tch disgusting!|Samurott-Hisui, M|84/100
|turn|7
|
|t:|1779964950
|move|p2a: Cinderace|High Jump Kick|p1a: B!tch disgusting!
|-start|p2a: Cinderace|typechange|Fighting|[from] ability: Libero
|-supereffective|p1a: B!tch disgusting!
|-damage|p1a: B!tch disgusting!|0 fnt
|faint|p1a: B!tch disgusting!
|
|upkeep
|
|t:|1779964962
|switch|p1a: Sky Puppy|Latias, F|100/100
|turn|8
|
|t:|1779964965
|move|p2a: Cinderace|Court Change|p2a: Cinderace
|-swapsideconditions
|-activate|p2a: Cinderace|move: Court Change
|move|p1a: Sky Puppy|Calm Mind|p1a: Sky Puppy
|-boost|p1a: Sky Puppy|spa|1
|-boost|p1a: Sky Puppy|spd|1
|
|upkeep
|turn|9
|
|t:|1779964969
|switch|p2a: Slowking|Slowking-Galar, F|100/100
|move|p1a: Sky Puppy|Calm Mind|p1a: Sky Puppy
|-boost|p1a: Sky Puppy|spa|1
|-boost|p1a: Sky Puppy|spd|1
|
|upkeep
|turn|10
|
|t:|1779964976
|move|p1a: Sky Puppy|Mist Ball|p2a: Slowking
|-damage|p2a: Slowking|57/100
|move|p2a: Slowking|Thunder Wave|p1a: Sky Puppy|[miss]
|-miss|p2a: Slowking|p1a: Sky Puppy
|
|upkeep
|turn|11
|
|t:|1779964984
|move|p1a: Sky Puppy|Mist Ball|p2a: Slowking
|-damage|p2a: Slowking|13/100
|-prepare|p2a: Slowking|Chilly Reception|[premajor]
|move|p2a: Slowking|Chilly Reception|p2a: Slowking
|-weather|Snowscape
|
|t:|1779964990
|switch|p2a: Iron Valiant|Iron Valiant|100/100|[from] Chilly Reception
|-enditem|p2a: Iron Valiant|Booster Energy
|-activate|p2a: Iron Valiant|ability: Quark Drive|[fromitem]
|-start|p2a: Iron Valiant|quarkdrivespe
|
|-weather|Snowscape|[upkeep]
|upkeep
|turn|12
|
|t:|1779964999
|-terastallize|p2a: Iron Valiant|Ghost
|-terastallize|p1a: Sky Puppy|Fairy
|move|p2a: Iron Valiant|Encore|p1a: Sky Puppy
|-start|p1a: Sky Puppy|Encore
|move|p1a: Sky Puppy|Mist Ball|p2a: Iron Valiant
|-damage|p2a: Iron Valiant|0 fnt
|faint|p2a: Iron Valiant
|-end|p2a: Iron Valiant|Quark Drive|[silent]
|
|-weather|Snowscape|[upkeep]
|upkeep
|
|t:|1779965007
|switch|p2a: Kingambit|Kingambit, M|100/100
|-activate|p2a: Kingambit|ability: Supreme Overlord
|-start|p2a: Kingambit|fallen2|[silent]
|turn|13
|
|t:|1779965010
|switch|p1a: Clochette|Ribombee, M|1/100
|-activate|p1a: Clochette|move: Sticky Web
|-unboost|p1a: Clochette|spe|1
|-damage|p1a: Clochette|0 fnt|[from] Spikes
|faint|p1a: Clochette
|move|p2a: Kingambit|Swords Dance|p2a: Kingambit
|-boost|p2a: Kingambit|atk|2
|
|-weather|Snowscape|[upkeep]
|upkeep
|
|t:|1779965013
|switch|p1a: Sun wukong|Infernape, M, shiny|100/100
|-activate|p1a: Sun wukong|move: Sticky Web
|-unboost|p1a: Sun wukong|spe|1
|-damage|p1a: Sun wukong|88/100|[from] Spikes
|turn|14
|
|t:|1779965016
|move|p1a: Sun wukong|Mach Punch|p2a: Kingambit
|-supereffective|p2a: Kingambit
|-damage|p2a: Kingambit|12/100
|-damage|p1a: Sun wukong|78/100|[from] item: Life Orb
|move|p2a: Kingambit|Low Kick|p1a: Sun wukong
|-damage|p1a: Sun wukong|0 fnt
|faint|p1a: Sun wukong
|
|-weather|Snowscape|[upkeep]
|-heal|p2a: Kingambit|18/100|[from] item: Leftovers
|upkeep
|
|t:|1779965021
|switch|p1a: Sky Puppy|Latias, F, tera:Fairy|100/100
|turn|15
|
|t:|1779965025
|move|p2a: Kingambit|Sucker Punch||[still]
|-fail|p2a: Kingambit
|move|p1a: Sky Puppy|Calm Mind|p1a: Sky Puppy
|-boost|p1a: Sky Puppy|spa|1
|-boost|p1a: Sky Puppy|spd|1
|
|-weather|none
|-heal|p2a: Kingambit|24/100|[from] item: Leftovers
|upkeep
|turn|16
|
|t:|1779965028
|move|p1a: Sky Puppy|Draining Kiss|p2a: Kingambit
|-damage|p2a: Kingambit|0 fnt
|faint|p2a: Kingambit
|-end|p2a: Kingambit|fallen2|[silent]
|
|upkeep
|
|t:|1779965033
|switch|p2a: Cinderace|Cinderace, M|100/100
|turn|17
|
|t:|1779965047
|move|p2a: Cinderace|Pyro Ball|p1a: Sky Puppy
|-damage|p1a: Sky Puppy|38/100
|move|p1a: Sky Puppy|Mist Ball|p2a: Cinderace
|-damage|p2a: Cinderace|23/100
|
|upkeep
|turn|18
|
|t:|1779965053
|move|p2a: Cinderace|Pyro Ball|p1a: Sky Puppy
|-damage|p1a: Sky Puppy|0 fnt
|faint|p1a: Sky Puppy
|
|upkeep
|
|t:|1779965055
|switch|p1a: Gyal dingo|Gholdengo|100/100
|-activate|p1a: Gyal dingo|move: Sticky Web
|-unboost|p1a: Gyal dingo|spe|1
|-damage|p1a: Gyal dingo|88/100|[from] Spikes
|turn|19
|
|t:|1779965058
|move|p2a: Cinderace|Pyro Ball|p1a: Gyal dingo
|-supereffective|p1a: Gyal dingo
|-damage|p1a: Gyal dingo|0 fnt
|faint|p1a: Gyal dingo
|
|win|choispecs ironmoth
|raw|Bencarote's rating: 1378 &rarr; <strong>1361</strong><br />(-17 for losing)
|raw|choispecs ironmoth's rating: 1434 &rarr; <strong>1451</strong><br />(+17 for winning)
|l|☆Bencarote
|player|p1|
|l|☆choispecs ironmoth
|player|p2|
