|j|‽smartsy
|j|☆ratsallfolks
|t:|1779892916
|gametype|singles
|player|p1|smartsy|alder|1439
|player|p2|ratsallfolks|gardenia-masters|1518
|gen|9
|tier|[Gen 9] OU
|rated|
|rule|HP Percentage Mod: HP is shown in percentages
|rule|Endless Battle Clause: Forcing endless battles is banned
|rule|Species Clause: Limit one of each Pokémon
|rule|OHKO Clause: OHKO moves are banned
|rule|Evasion Items Clause: Evasion items are banned
|rule|Evasion Moves Clause: Evasion moves are banned
|rule|Evasion Abilities Clause: Evasion abilities are banned
|rule|Sleep Moves Clause: Sleep-inducing moves are banned
|clearpoke
|poke|p1|Gholdengo|
|poke|p1|Clefable, F|
|poke|p1|Ting-Lu|
|poke|p1|Darkrai|
|poke|p1|Rillaboom, F|
|poke|p1|Zamazenta-*|
|poke|p2|Pelipper, F|
|poke|p2|Floatzel, F|
|poke|p2|Toxicroak, F|
|poke|p2|Iron Treads|
|poke|p2|Ogerpon-Wellspring, F|
|poke|p2|Kingambit, M|
|teampreview
|
|t:|1779892925
|teamsize|p1|6
|teamsize|p2|6
|start
|switch|p1a: Rillaboom|Rillaboom, F|100/100
|switch|p2a: Floatzel|Floatzel, F|100/100
|-fieldstart|move: Grassy Terrain|[from] ability: Grassy Surge|[of] p1a: Rillaboom
|turn|1
|
|t:|1779892931
|switch|p2a: Pelipper|Pelipper, F|100/100
|-weather|RainDance|[from] ability: Drizzle|[of] p2a: Pelipper
|move|p1a: Rillaboom|Knock Off|p2a: Pelipper
|-damage|p2a: Pelipper|74/100
|-enditem|p2a: Pelipper|Damp Rock|[from] move: Knock Off|[of] p1a: Rillaboom
|
|-weather|RainDance|[upkeep]
|upkeep
|turn|2
|
|t:|1779892940
|move|p1a: Rillaboom|U-turn|p2a: Pelipper
|-resisted|p2a: Pelipper
|-damage|p2a: Pelipper|63/100
|
|t:|1779892947
|switch|p1a: Ting-Lu|Ting-Lu|100/100|[from] U-turn
|-ability|p1a: Ting-Lu|Vessel of Ruin
|move|p2a: Pelipper|U-turn|p1a: Ting-Lu
|-supereffective|p1a: Ting-Lu
|-damage|p1a: Ting-Lu|90/100
|
|t:|1779892950
|switch|p2a: Ogerpon|Ogerpon-Wellspring, F|100/100|[from] U-turn
|
|-weather|RainDance|[upkeep]
|-heal|p1a: Ting-Lu|96/100|[from] Grassy Terrain
|-heal|p1a: Ting-Lu|100/100|[from] item: Leftovers
|upkeep
|turn|3
|n|‽smartsy|smartsy
|n|☆smartsy|smartsy
|
|t:|1779892990
|switch|p1a: Rillaboom|Rillaboom, F|100/100
|move|p2a: Ogerpon|Ivy Cudgel|p1a: Rillaboom|[anim] Ivy Cudgel Water
|-resisted|p1a: Rillaboom
|-damage|p1a: Rillaboom|61/100
|
|-weather|RainDance|[upkeep]
|-heal|p1a: Rillaboom|67/100|[from] Grassy Terrain
|upkeep
|turn|4
|
|t:|1779893000
|switch|p2a: Toxicroak|Toxicroak, F|100/100
|move|p1a: Rillaboom|U-turn|p2a: Toxicroak
|-resisted|p2a: Toxicroak
|-damage|p2a: Toxicroak|95/100
|
|t:|1779893011
|switch|p1a: Clefable|Clefable, F|100/100|[from] U-turn
|
|-weather|RainDance|[upkeep]
|-heal|p2a: Toxicroak|100/100|[from] ability: Dry Skin
|upkeep
|turn|5
|
|t:|1779893019
|switch|p2a: Ogerpon|Ogerpon-Wellspring, F|100/100
|-terastallize|p1a: Clefable|Water
|move|p1a: Clefable|Stealth Rock|p2a: Ogerpon
|-sidestart|p2: ratsallfolks|move: Stealth Rock
|
|-weather|RainDance|[upkeep]
|-fieldend|move: Grassy Terrain
|upkeep
|turn|6
|
|t:|1779893027
|move|p2a: Ogerpon|Ivy Cudgel|p1a: Clefable|[anim] Ivy Cudgel Water
|-resisted|p1a: Clefable
|-damage|p1a: Clefable|68/100
|move|p1a: Clefable|Moonblast|p2a: Ogerpon
|-damage|p2a: Ogerpon|65/100
|
|-weather|RainDance|[upkeep]
|-heal|p1a: Clefable|74/100|[from] item: Leftovers
|upkeep
|turn|7
|
|t:|1779893034
|move|p2a: Ogerpon|Horn Leech|p1a: Clefable
|-supereffective|p1a: Clefable
|-damage|p1a: Clefable|7/100
|-heal|p2a: Ogerpon|100/100|[from] drain|[of] p1a: Clefable
|move|p1a: Clefable|Moonblast|p2a: Ogerpon
|-damage|p2a: Ogerpon|62/100
|
|-weather|RainDance|[upkeep]
|-heal|p1a: Clefable|13/100|[from] item: Leftovers
|upkeep
|turn|8
|
|t:|1779893040
|switch|p1a: Rillaboom|Rillaboom, F|67/100
|-fieldstart|move: Grassy Terrain|[from] ability: Grassy Surge|[of] p1a: Rillaboom
|move|p2a: Ogerpon|Ivy Cudgel|p1a: Rillaboom|[anim] Ivy Cudgel Water
|-resisted|p1a: Rillaboom
|-damage|p1a: Rillaboom|25/100
|
|-weather|none
|-heal|p2a: Ogerpon|68/100|[from] Grassy Terrain
|-heal|p1a: Rillaboom|31/100|[from] Grassy Terrain
|upkeep
|turn|9
|
|t:|1779893053
|move|p2a: Ogerpon|Play Rough|p1a: Rillaboom
|-damage|p1a: Rillaboom|0 fnt
|faint|p1a: Rillaboom
|
|-heal|p2a: Ogerpon|74/100|[from] Grassy Terrain
|upkeep
|
|t:|1779893056
|switch|p1a: Darkrai|Darkrai|100/100
|turn|10
|
|t:|1779893063
|switch|p2a: Toxicroak|Toxicroak, F|100/100
|-damage|p2a: Toxicroak|94/100|[from] Stealth Rock
|move|p1a: Darkrai|Sludge Bomb|p2a: Toxicroak
|-resisted|p2a: Toxicroak
|-damage|p2a: Toxicroak|74/100
|
|-heal|p2a: Toxicroak|80/100|[from] Grassy Terrain
|-heal|p2a: Toxicroak|86/100|[from] item: Black Sludge
|upkeep
|turn|11
|
|t:|1779893071
|switch|p1a: Gholdengo|Gholdengo|100/100
|-item|p1a: Gholdengo|Air Balloon
|move|p2a: Toxicroak|Knock Off|p1a: Gholdengo
|-supereffective|p1a: Gholdengo
|-damage|p1a: Gholdengo|60/100
|-enditem|p1a: Gholdengo|Air Balloon
|
|-heal|p2a: Toxicroak|92/100|[from] Grassy Terrain
|-heal|p2a: Toxicroak|99/100|[from] item: Black Sludge
|-heal|p1a: Gholdengo|66/100|[from] Grassy Terrain
|upkeep
|turn|12
|-message|smartsy forfeited.
|
|win|ratsallfolks
|raw|smartsy's rating: 1439 &rarr; <strong>1423</strong><br />(-16 for losing)
|raw|ratsallfolks's rating: 1518 &rarr; <strong>1534</strong><br />(+16 for winning)
|l|☆smartsy
|player|p1|
|l|☆ratsallfolks
|player|p2|
