|j|☆el_vazz
|j|☆midday suntana
|t:|1779923902
|gametype|singles
|player|p1|el_vazz|102|1084
|player|p2|midday suntana|touristf|1088
|gen|9
|tier|[Gen 9] OU
|rated|
|rule|HP Percentage Mod: HP is shown in percentages
|rule|Endless Battle Clause: Forcing endless battles is banned
|rule|Species Clause: Limit one of each Pokémon
|rule|OHKO Clause: OHKO moves are banned
|rule|Evasion Items Clause: Evasion items are banned
|rule|Evasion Moves Clause: Evasion moves are banned
|rule|Evasion Abilities Clause: Evasion abilities are banned
|rule|Sleep Moves Clause: Sleep-inducing moves are banned
|clearpoke
|poke|p1|Infernape, F|
|poke|p1|Passimian, M|
|poke|p1|Zarude|
|poke|p1|Rillaboom, M|
|poke|p1|Munkidori, M|
|poke|p1|Primeape, F|
|poke|p2|Umbreon, M|
|poke|p2|Mandibuzz, F|
|poke|p2|Clodsire, F|
|poke|p2|Hatterene, F|
|poke|p2|Slowking, F|
|poke|p2|Crocalor, F|
|teampreview
|inactive|Battle timer is ON: inactive players will automatically lose when time's up. (requested by midday suntana)
|
|t:|1779923918
|teamsize|p1|6
|teamsize|p2|6
|start
|switch|p1a: Infernape|Infernape, F|100/100
|switch|p2a: Checktung|Slowking, F|100/100
|turn|1
|inactive|midday suntana has 120 seconds left.
|inactive|midday suntana has 90 seconds left.
|inactive|midday suntana has 60 seconds left.
|
|t:|1779924026
|move|p1a: Infernape|Stealth Rock|p2a: Checktung
|-sidestart|p2: midday suntana|move: Stealth Rock
|move|p2a: Checktung|Psychic|p1a: Infernape
|-supereffective|p1a: Infernape
|-enditem|p1a: Infernape|Focus Sash
|-damage|p1a: Infernape|1/100
|
|upkeep
|turn|2
|
|t:|1779924033
|move|p1a: Infernape|Endeavor|p2a: Checktung
|-damage|p2a: Checktung|1/100
|move|p2a: Checktung|Psychic|p1a: Infernape
|-supereffective|p1a: Infernape
|-damage|p1a: Infernape|0 fnt
|faint|p1a: Infernape
|
|upkeep
|
|t:|1779924056
|switch|p1a: Passimian|Passimian, M|100/100
|turn|3
|
|t:|1779924062
|switch|p2a: Checking|Mandibuzz, F|100/100
|move|p1a: Passimian|U-turn|p2a: Checking
|-damage|p2a: Checking|87/100
|
|t:|1779924072
|switch|p1a: Munkidori|Munkidori, M|100/100|[from] U-turn
|
|upkeep
|turn|4
|
|t:|1779924079
|move|p1a: Munkidori|Trick|p2a: Checking
|-activate|p1a: Munkidori|move: Trick|[of] p2a: Checking
|-item|p2a: Checking|Choice Scarf|[from] move: Trick
|-item|p1a: Munkidori|Heavy-Duty Boots|[from] move: Trick
|move|p2a: Checking|Defog|p1a: Munkidori
|-unboost|p1a: Munkidori|evasion|1
|-sideend|p2: midday suntana|Stealth Rock|[from] move: Defog|[of] p2a: Checking
|
|upkeep
|turn|5
|inactive|midday suntana has 90 seconds left.
|
|t:|1779924093
|switch|p1a: Rillaboom|Rillaboom, M|100/100
|-fieldstart|move: Grassy Terrain|[from] ability: Grassy Surge|[of] p1a: Rillaboom
|switch|p2a: Checktung|Slowking, F|34/100
|
|-heal|p2a: Checktung|40/100|[from] Grassy Terrain
|upkeep
|turn|6
|inactive|el_vazz has 120 seconds left.
|
|t:|1779924119
|switch|p2a: Checking|Mandibuzz, F|87/100
|move|p1a: Rillaboom|Knock Off|p2a: Checking
|-resisted|p2a: Checking
|-damage|p2a: Checking|70/100
|-enditem|p2a: Checking|Choice Scarf|[from] move: Knock Off|[of] p1a: Rillaboom
|
|upkeep
|turn|7
|
|t:|1779924128
|switch|p1a: Zarude|Zarude|100/100
|move|p2a: Checking|Foul Play|p1a: Zarude
|-resisted|p1a: Zarude
|-damage|p1a: Zarude|80/100
|
|-heal|p1a: Zarude|86/100|[from] Grassy Terrain
|upkeep
|turn|8
|
|t:|1779924140
|move|p1a: Zarude|Drain Punch|p2a: Checking
|-damage|p2a: Checking|50/100
|-heal|p1a: Zarude|97/100|[from] drain|[of] p2a: Checking
|move|p2a: Checking|Toxic|p1a: Zarude
|-status|p1a: Zarude|tox
|
|-heal|p1a: Zarude|100/100 tox|[from] Grassy Terrain
|-damage|p1a: Zarude|95/100 tox|[from] psn
|upkeep
|turn|9
|inactive|midday suntana has 120 seconds left.
|
|t:|1779924151
|move|p1a: Zarude|Drain Punch|p2a: Checking
|-damage|p2a: Checking|27/100
|-heal|p1a: Zarude|100/100 tox|[from] drain|[of] p2a: Checking
|move|p2a: Checking|Roost|p2a: Checking
|-heal|p2a: Checking|77/100
|-singleturn|p2a: Checking|move: Roost
|
|-heal|p2a: Checking|83/100|[from] Grassy Terrain
|-damage|p1a: Zarude|89/100 tox|[from] psn
|-fieldend|move: Grassy Terrain
|upkeep
|turn|10
|inactive|midday suntana has 120 seconds left.
|inactive|el_vazz has 120 seconds left.
|
|t:|1779924176
|switch|p1a: Rillaboom|Rillaboom, M|100/100
|-fieldstart|move: Grassy Terrain|[from] ability: Grassy Surge|[of] p1a: Rillaboom
|move|p2a: Checking|Foul Play|p1a: Rillaboom
|-damage|p1a: Rillaboom|43/100
|
|-heal|p1a: Rillaboom|49/100|[from] Grassy Terrain
|upkeep
|turn|11
|inactive|midday suntana has 120 seconds left.
|
|t:|1779924191
|move|p1a: Rillaboom|U-turn|p2a: Checking
|-damage|p2a: Checking|61/100
|
|t:|1779924197
|switch|p1a: Munkidori|Munkidori, M|100/100|[from] U-turn
|move|p2a: Checking|Foul Play|p1a: Munkidori
|-supereffective|p1a: Munkidori
|-damage|p1a: Munkidori|32/100
|
|-heal|p1a: Munkidori|38/100|[from] Grassy Terrain
|upkeep
|turn|12
|
|t:|1779924206
|-terastallize|p1a: Munkidori|Poison
|move|p1a: Munkidori|Sludge Bomb|p2a: Checking
|-damage|p2a: Checking|6/100
|-status|p2a: Checking|tox|[from] ability: Toxic Chain|[of] p1a: Munkidori
|move|p2a: Checking|Foul Play|p1a: Munkidori
|-damage|p1a: Munkidori|5/100
|
|-heal|p1a: Munkidori|11/100|[from] Grassy Terrain
|-damage|p2a: Checking|0 fnt|[from] psn
|faint|p2a: Checking
|upkeep
|
|t:|1779924211
|switch|p2a: Checktung|Slowking, F|74/100
|turn|13
|inactive|el_vazz has 120 seconds left.
|inactive|el_vazz has 90 seconds left.
|
|t:|1779924257
|move|p1a: Munkidori|Shadow Ball|p2a: Checktung
|-supereffective|p2a: Checktung
|-damage|p2a: Checktung|29/100
|move|p2a: Checktung|Scald|p1a: Munkidori
|-damage|p1a: Munkidori|0 fnt
|faint|p1a: Munkidori
|
|-heal|p2a: Checktung|35/100|[from] Grassy Terrain
|upkeep
|
|t:|1779924278
|switch|p1a: Rillaboom|Rillaboom, M|49/100
|turn|14
|
|t:|1779924283
|switch|p2a: Checkaloo|Crocalor, F|100/100
|move|p1a: Rillaboom|Wood Hammer|p2a: Checkaloo
|-resisted|p2a: Checkaloo
|-crit|p2a: Checkaloo
|-damage|p2a: Checkaloo|45/100
|-damage|p1a: Rillaboom|30/100|[from] Recoil
|
|-heal|p1a: Rillaboom|36/100|[from] Grassy Terrain
|-heal|p2a: Checkaloo|51/100|[from] Grassy Terrain
|-fieldend|move: Grassy Terrain
|upkeep
|turn|15
|
|t:|1779924297
|switch|p1a: Primeape|Primeape, F|100/100
|move|p2a: Checkaloo|Flamethrower|p1a: Primeape
|-damage|p1a: Primeape|74/100
|
|upkeep
|turn|16
|
|t:|1779924324
|move|p1a: Primeape|U-turn|p2a: Checkaloo
|-resisted|p2a: Checkaloo
|-damage|p2a: Checkaloo|46/100
|
|t:|1779924336
|switch|p1a: Zarude|Zarude|89/100 tox|[from] U-turn
|move|p2a: Checkaloo|Will-O-Wisp|p1a: Zarude|[miss]
|-miss|p2a: Checkaloo|p1a: Zarude
|
|-damage|p1a: Zarude|83/100 tox|[from] psn
|upkeep
|turn|17
|
|t:|1779924354
|switch|p2a: Checktung|Slowking, F|68/100
|move|p1a: Zarude|Crunch|p2a: Checktung
|-supereffective|p2a: Checktung
|-crit|p2a: Checktung
|-damage|p2a: Checktung|0 fnt
|faint|p2a: Checktung
|
|-damage|p1a: Zarude|71/100 tox|[from] psn
|upkeep
|
|t:|1779924359
|switch|p2a: Check|Hatterene, F|100/100
|turn|18
|
|t:|1779924376
|move|p1a: Zarude|Crunch|p2a: Check
|-damage|p2a: Check|57/100
|-unboost|p2a: Check|def|1
|move|p2a: Check|Calm Mind|p2a: Check
|-boost|p2a: Check|spa|1
|-boost|p2a: Check|spd|1
|
|-heal|p2a: Check|63/100|[from] item: Leftovers
|-damage|p1a: Zarude|53/100 tox|[from] psn
|upkeep
|turn|19
|
|t:|1779924385
|move|p1a: Zarude|Crunch|p2a: Check
|-damage|p2a: Check|0 fnt
|faint|p2a: Check
|
|-damage|p1a: Zarude|29/100 tox|[from] psn
|upkeep
|
|t:|1779924387
|switch|p2a: Checker|Umbreon, M|100/100
|turn|20
|
|t:|1779924394
|switch|p1a: Primeape|Primeape, F|74/100
|move|p2a: Checker|Protect||[still]
|-fail|p2a: Checker
|
|upkeep
|turn|21
|inactive|el_vazz has 90 seconds left.
|
|t:|1779924404
|move|p2a: Checker|Protect|p2a: Checker
|-singleturn|p2a: Checker|Protect
|move|p1a: Primeape|Final Gambit|p2a: Checker
|-activate|p2a: Checker|move: Protect
|
|upkeep
|turn|22
|
|t:|1779924413
|move|p1a: Primeape|U-turn|p2a: Checker
|-supereffective|p2a: Checker
|-damage|p2a: Checker|68/100
|
|t:|1779924418
|switch|p1a: Rillaboom|Rillaboom, M|36/100|[from] U-turn
|-fieldstart|move: Grassy Terrain|[from] ability: Grassy Surge|[of] p1a: Rillaboom
|move|p2a: Checker|Wish|p2a: Checker
|
|-heal|p1a: Rillaboom|42/100|[from] Grassy Terrain
|-heal|p2a: Checker|75/100|[from] Grassy Terrain
|-heal|p2a: Checker|81/100|[from] item: Leftovers
|upkeep
|turn|23
|
|t:|1779924430
|move|p1a: Rillaboom|Knock Off|p2a: Checker
|-resisted|p2a: Checker
|-damage|p2a: Checker|59/100
|-enditem|p2a: Checker|Leftovers|[from] move: Knock Off|[of] p1a: Rillaboom
|move|p2a: Checker|Foul Play|p1a: Rillaboom
|-damage|p1a: Rillaboom|0 fnt
|faint|p1a: Rillaboom
|
|-heal|p2a: Checker|100/100|[from] move: Wish|[wisher] Checker
|upkeep
|inactive|el_vazz has 90 seconds left.
|
|t:|1779924444
|switch|p1a: Primeape|Primeape, F|74/100
|turn|24
|
|t:|1779924453
|move|p2a: Checker|Protect|p2a: Checker
|-singleturn|p2a: Checker|Protect
|move|p1a: Primeape|Earthquake|p2a: Checker
|-activate|p2a: Checker|move: Protect
|
|-heal|p1a: Primeape|80/100|[from] Grassy Terrain
|upkeep
|turn|25
|
|t:|1779924460
|move|p1a: Primeape|Final Gambit|p2a: Checker
|-damage|p2a: Checker|33/100
|faint|p1a: Primeape
|move|p2a: Checker|Wish|p2a: Checker
|
|-heal|p2a: Checker|39/100|[from] Grassy Terrain
|upkeep
|
|t:|1779924466
|switch|p1a: Passimian|Passimian, M|100/100
|turn|26
|
|t:|1779924471
|move|p2a: Checker|Protect|p2a: Checker
|-singleturn|p2a: Checker|Protect
|move|p1a: Passimian|Close Combat|p2a: Checker
|-activate|p2a: Checker|move: Protect
|
|-heal|p2a: Checker|89/100|[from] move: Wish|[wisher] Checker
|-heal|p2a: Checker|95/100|[from] Grassy Terrain
|-fieldend|move: Grassy Terrain
|upkeep
|turn|27
|
|t:|1779924480
|-terastallize|p2a: Checker|Poison
|move|p1a: Passimian|Close Combat|p2a: Checker
|-resisted|p2a: Checker
|-damage|p2a: Checker|74/100
|-unboost|p1a: Passimian|def|1
|-unboost|p1a: Passimian|spd|1
|move|p2a: Checker|Toxic|p1a: Passimian
|-status|p1a: Passimian|tox
|
|-damage|p1a: Passimian|94/100 tox|[from] psn
|upkeep
|turn|28
|inactive|el_vazz has 120 seconds left.
|
|t:|1779924490
|switch|p1a: Zarude|Zarude|29/100 tox
|move|p2a: Checker|Foul Play|p1a: Zarude
|-resisted|p1a: Zarude
|-damage|p1a: Zarude|8/100 tox
|
|-damage|p1a: Zarude|2/100 tox|[from] psn
|upkeep
|turn|29
|inactive|el_vazz has 120 seconds left.
|
|t:|1779924502
|move|p2a: Checker|Protect|p2a: Checker
|-singleturn|p2a: Checker|Protect
|move|p1a: Zarude|Crunch|p2a: Checker
|-activate|p2a: Checker|move: Protect
|
|-damage|p1a: Zarude|0 fnt|[from] psn
|faint|p1a: Zarude
|upkeep
|
|t:|1779924509
|switch|p1a: Passimian|Passimian, M|94/100 tox
|turn|30
|inactive|el_vazz has 120 seconds left.
|
|t:|1779924520
|move|p1a: Passimian|Knock Off|p2a: Checker
|-crit|p2a: Checker
|-damage|p2a: Checker|49/100
|move|p2a: Checker|Foul Play|p1a: Passimian
|-resisted|p1a: Passimian
|-crit|p1a: Passimian
|-damage|p1a: Passimian|56/100 tox
|
|-damage|p1a: Passimian|50/100 tox|[from] psn
|upkeep
|turn|31
|inactive|el_vazz has 120 seconds left.
|
|t:|1779924527
|move|p2a: Checker|Protect|p2a: Checker
|-singleturn|p2a: Checker|Protect
|move|p1a: Passimian|Knock Off|p2a: Checker
|-activate|p2a: Checker|move: Protect
|
|-damage|p1a: Passimian|38/100 tox|[from] psn
|upkeep
|turn|32
|
|t:|1779924543
|move|p1a: Passimian|Knock Off|p2a: Checker
|-damage|p2a: Checker|32/100
|move|p2a: Checker|Wish|p2a: Checker
|
|-damage|p1a: Passimian|19/100 tox|[from] psn
|upkeep
|turn|33
|
|t:|1779924563
|move|p2a: Checker|Protect|p2a: Checker
|-singleturn|p2a: Checker|Protect
|move|p1a: Passimian|Knock Off|p2a: Checker
|-activate|p2a: Checker|move: Protect
|
|-heal|p2a: Checker|82/100|[from] move: Wish|[wisher] Checker
|-damage|p1a: Passimian|0 fnt|[from] psn
|faint|p1a: Passimian
|
|win|midday suntana
|raw|el_vazz's rating: 1084 &rarr; <strong>1062</strong><br />(-22 for losing)
|raw|midday suntana's rating: 1088 &rarr; <strong>1114</strong><br />(+26 for winning)
|l|☆midday suntana
|player|p2|
