|j|☆cwbykale19
|j|☆silver jay#2240
|t:|1779807556
|gametype|singles
|player|p1|cwbykale19|clay|1381
|player|p2|silver jay#2240|grusha|1393
|gen|9
|tier|[Gen 9] OU
|rated|
|rule|HP Percentage Mod: HP is shown in percentages
|rule|Endless Battle Clause: Forcing endless battles is banned
|rule|Species Clause: Limit one of each Pokémon
|rule|OHKO Clause: OHKO moves are banned
|rule|Evasion Items Clause: Evasion items are banned
|rule|Evasion Moves Clause: Evasion moves are banned
|rule|Evasion Abilities Clause: Evasion abilities are banned
|rule|Sleep Moves Clause: Sleep-inducing moves are banned
|clearpoke
|poke|p1|Torkoal, M|
|poke|p1|Walking Wake|
|poke|p1|Hatterene, F|
|poke|p1|Raging Bolt|
|poke|p1|Lilligant-Hisui, F|
|poke|p1|Ursaluna, M|
|poke|p2|Slowking-Galar, M|
|poke|p2|Corviknight, F|
|poke|p2|Ogerpon-Wellspring, F|
|poke|p2|Clefable, F|
|poke|p2|Zamazenta-*|
|poke|p2|Ting-Lu|
|teampreview
|inactive|Battle timer is ON: inactive players will automatically lose when time's up. (requested by cwbykale19)
|inactive|silver jay#2240 has 120 seconds left.
|
|t:|1779807611
|teamsize|p1|6
|teamsize|p2|6
|start
|switch|p1a: Fat Man|Torkoal, M, shiny|100/100
|switch|p2a: Slowking|Slowking-Galar, M|100/100
|-weather|SunnyDay|[from] ability: Drought|[of] p1a: Fat Man
|turn|1
|
|t:|1779807625
|move|p1a: Fat Man|Weather Ball|p2a: Slowking
|-damage|p2a: Slowking|73/100
|-prepare|p2a: Slowking|Chilly Reception|[premajor]
|move|p2a: Slowking|Chilly Reception|p2a: Slowking
|-weather|Snowscape
|inactive|silver jay#2240 has 120 seconds left.
|
|t:|1779807657
|switch|p2a: Ogerpon|Ogerpon-Wellspring, F|100/100|[from] Chilly Reception
|
|-weather|Snowscape|[upkeep]
|upkeep
|turn|2
|
|t:|1779807672
|switch|p1a: Lilligant|Lilligant-Hisui, F|100/100
|move|p2a: Ogerpon|U-turn|p1a: Lilligant
|-damage|p1a: Lilligant|60/100
|inactive|silver jay#2240 has 120 seconds left.
|
|t:|1779807707
|switch|p2a: Corviknight|Corviknight, F|100/100|[from] U-turn
|-ability|p2a: Corviknight|Pressure
|
|-weather|Snowscape|[upkeep]
|upkeep
|turn|3
|
|t:|1779807711
|switch|p1a: Fat Man|Torkoal, M, shiny|100/100
|-weather|SunnyDay|[from] ability: Drought|[of] p1a: Fat Man
|move|p2a: Corviknight|U-turn|p1a: Fat Man
|-resisted|p1a: Fat Man
|-damage|p1a: Fat Man|96/100
|
|t:|1779807717
|switch|p2a: Slowking|Slowking-Galar, M|100/100|[from] U-turn
|
|-weather|SunnyDay|[upkeep]
|upkeep
|turn|4
|
|t:|1779807735
|switch|p1a: I need a switch|Hatterene, F|100/100
|-prepare|p2a: Slowking|Chilly Reception|[premajor]
|move|p2a: Slowking|Chilly Reception|p2a: Slowking
|-weather|Snowscape
|inactive|silver jay#2240 has 120 seconds left.
|inactive|silver jay#2240 has 90 seconds left.
|inactive|silver jay#2240 has 60 seconds left.
|
|t:|1779807814
|switch|p2a: Ogerpon|Ogerpon-Wellspring, F|100/100|[from] Chilly Reception
|
|-weather|Snowscape|[upkeep]
|upkeep
|turn|5
|
|t:|1779807823
|move|p2a: Ogerpon|Ivy Cudgel|p1a: I need a switch|[anim] Ivy Cudgel Water
|-damage|p1a: I need a switch|52/100
|move|p1a: I need a switch|Trick Room|p1a: I need a switch
|-fieldstart|move: Trick Room|[of] p1a: I need a switch
|
|-weather|Snowscape|[upkeep]
|upkeep
|turn|6
|c|☆silver jay#2240|lol
|
|t:|1779807832
|switch|p1a: Fat Man|Torkoal, M, shiny|96/100
|-weather|SunnyDay|[from] ability: Drought|[of] p1a: Fat Man
|switch|p2a: Slowking|Slowking-Galar, M|100/100
|
|-weather|SunnyDay|[upkeep]
|upkeep
|turn|7
|inactive|silver jay#2240 has 60 seconds left.
|c|☆cwbykale19|im in  a discord call barely paying attention mb
|
|t:|1779807854
|-prepare|p2a: Slowking|Chilly Reception|[premajor]
|move|p2a: Slowking|Chilly Reception|p2a: Slowking
|-weather|Snowscape
|
|t:|1779807867
|switch|p2a: Ting-Lu|Ting-Lu|100/100|[from] Chilly Reception
|-ability|p2a: Ting-Lu|Vessel of Ruin
|move|p1a: Fat Man|Stealth Rock|p2a: Ting-Lu
|-sidestart|p2: silver jay#2240|move: Stealth Rock
|
|-weather|Snowscape|[upkeep]
|upkeep
|turn|8
|
|t:|1779807877
|move|p1a: Fat Man|Will-O-Wisp|p2a: Ting-Lu
|-status|p2a: Ting-Lu|brn
|move|p2a: Ting-Lu|Earthquake|p1a: Fat Man
|-supereffective|p1a: Fat Man
|-damage|p1a: Fat Man|74/100
|
|-weather|Snowscape|[upkeep]
|-damage|p2a: Ting-Lu|94/100 brn|[from] brn
|upkeep
|turn|9
|
|t:|1779807885
|switch|p1a: I need a switch|Hatterene, F|52/100
|switch|p2a: Corviknight|Corviknight, F|100/100
|-damage|p2a: Corviknight|88/100|[from] Stealth Rock
|-ability|p2a: Corviknight|Pressure
|
|-weather|Snowscape|[upkeep]
|-fieldend|move: Trick Room
|upkeep
|turn|10
|inactive|silver jay#2240 has 60 seconds left.
|
|t:|1779807920
|move|p2a: Corviknight|U-turn|p1a: I need a switch
|-damage|p1a: I need a switch|40/100
|
|t:|1779807936
|switch|p2a: Slowking|Slowking-Galar, M|100/100|[from] U-turn
|move|p1a: I need a switch|Trick Room|p1a: I need a switch
|-fieldstart|move: Trick Room|[of] p1a: I need a switch
|
|-weather|Snowscape|[upkeep]
|upkeep
|turn|11
|
|t:|1779807954
|switch|p1a: Ursaluna|Ursaluna, M, shiny|100/100
|-prepare|p2a: Slowking|Chilly Reception|[premajor]
|move|p2a: Slowking|Chilly Reception|p2a: Slowking
|
|t:|1779807968
|switch|p2a: Zamazenta|Zamazenta|100/100|[from] Chilly Reception
|-damage|p2a: Zamazenta|94/100|[from] Stealth Rock
|-ability|p2a: Zamazenta|Dauntless Shield|boost
|-boost|p2a: Zamazenta|def|1
|
|-weather|none
|-status|p1a: Ursaluna|brn|[from] item: Flame Orb
|upkeep
|turn|12
|
|t:|1779807982
|move|p1a: Ursaluna|Facade|p2a: Zamazenta
|-damage|p2a: Zamazenta|19/100
|move|p2a: Zamazenta|Close Combat|p1a: Ursaluna
|-supereffective|p1a: Ursaluna
|-damage|p1a: Ursaluna|0 fnt
|-unboost|p2a: Zamazenta|def|1
|-unboost|p2a: Zamazenta|spd|1
|faint|p1a: Ursaluna
|
|upkeep
|
|t:|1779807992
|switch|p1a: 津波|Walking Wake|100/100
|turn|13
|inactive|silver jay#2240 has 30 seconds left.
|inactive|silver jay#2240 has 20 seconds left.
|c|☆cwbykale19|was expecting body press shouldve tera right away... oh well
|inactive|silver jay#2240 has 15 seconds left.
|inactive|silver jay#2240 has 10 seconds left.
|
|t:|1779808037
|switch|p2a: Slowking|Slowking-Galar, M|100/100
|move|p1a: 津波|Draco Meteor|p2a: Slowking
|-damage|p2a: Slowking|55/100
|-unboost|p1a: 津波|spa|2
|
|upkeep
|turn|14
|inactive|silver jay#2240 has 20 seconds left this turn.
|
|t:|1779808047
|-end|p1a: 津波|Protosynthesis|[silent]
|switch|p1a: Fat Man|Torkoal, M, shiny|74/100
|-weather|SunnyDay|[from] ability: Drought|[of] p1a: Fat Man
|-prepare|p2a: Slowking|Chilly Reception|[premajor]
|move|p2a: Slowking|Chilly Reception|p2a: Slowking
|-weather|Snowscape
|inactive|silver jay#2240 has 25 seconds left this turn.
|inactive|silver jay#2240 has 20 seconds left.
|inactive|silver jay#2240 has 15 seconds left.
|c|☆cwbykale19|im so dumb
|inactive|silver jay#2240 has 10 seconds left.
|
|t:|1779808063
|switch|p2a: Ogerpon|Ogerpon-Wellspring, F|100/100|[from] Chilly Reception
|-damage|p2a: Ogerpon|88/100|[from] Stealth Rock
|
|-weather|Snowscape|[upkeep]
|-fieldend|move: Trick Room
|upkeep
|turn|15
|inactive|silver jay#2240 has 20 seconds left this turn.
|
|t:|1779808067
|move|p2a: Ogerpon|Ivy Cudgel|p1a: Fat Man|[anim] Ivy Cudgel Water
|-supereffective|p1a: Fat Man
|-damage|p1a: Fat Man|4/100
|move|p1a: Fat Man|Will-O-Wisp|p2a: Ogerpon
|-status|p2a: Ogerpon|brn
|
|-weather|Snowscape|[upkeep]
|-damage|p2a: Ogerpon|82/100 brn|[from] brn
|upkeep
|turn|16
|inactive|silver jay#2240 has 30 seconds left this turn.
|
|t:|1779808075
|switch|p1a: Lilligant|Lilligant-Hisui, F|60/100
|move|p2a: Ogerpon|U-turn|p1a: Lilligant
|-damage|p1a: Lilligant|37/100
|inactive|silver jay#2240 has 30 seconds left this turn.
|inactive|silver jay#2240 has 20 seconds left.
|inactive|silver jay#2240 has 15 seconds left.
|
|t:|1779808094
|switch|p2a: Corviknight|Corviknight, F|88/100|[from] U-turn
|-damage|p2a: Corviknight|76/100|[from] Stealth Rock
|-ability|p2a: Corviknight|Pressure
|
|-weather|Snowscape|[upkeep]
|upkeep
|turn|17
|inactive|silver jay#2240 has 25 seconds left this turn.
|
|t:|1779808099
|switch|p1a: I need a switch|Hatterene, F|40/100
|move|p2a: Corviknight|Defog|p1a: I need a switch
|move|p1a: I need a switch|Defog|p2a: Corviknight|[from] ability: Magic Bounce
|-unboost|p2a: Corviknight|evasion|1
|-sideend|p2: silver jay#2240|Stealth Rock|[from] move: Defog|[of] p1a: I need a switch
|
|-weather|Snowscape|[upkeep]
|upkeep
|turn|18
|inactive|silver jay#2240 has 30 seconds left.
|c|☆silver jay#2240|dude not this again
|
|t:|1779808114
|move|p2a: Corviknight|Brave Bird|p1a: I need a switch
|-damage|p1a: I need a switch|9/100
|-damage|p2a: Corviknight|68/100|[from] Recoil
|move|p1a: I need a switch|Psychic Noise|p2a: Corviknight
|-resisted|p2a: Corviknight
|-damage|p2a: Corviknight|50/100
|-start|p2a: Corviknight|move: Heal Block
|
|-weather|none
|upkeep
|turn|19
|c|☆silver jay#2240|ok
|
|t:|1779808123
|switch|p1a: Fat Man|Torkoal, M, shiny|4/100
|-weather|SunnyDay|[from] ability: Drought|[of] p1a: Fat Man
|move|p2a: Corviknight|U-turn|p1a: Fat Man
|-resisted|p1a: Fat Man
|-damage|p1a: Fat Man|0 fnt
|faint|p1a: Fat Man
|
|t:|1779808128
|switch|p2a: Slowking|Slowking-Galar, M|89/100|[from] U-turn
|
|-weather|SunnyDay|[upkeep]
|upkeep
|
|t:|1779808141
|switch|p1a: Little Boy|Raging Bolt|100/100
|-activate|p1a: Little Boy|ability: Protosynthesis
|-start|p1a: Little Boy|protosynthesisspa
|turn|20
|
|t:|1779808151
|move|p1a: Little Boy|Calm Mind|p1a: Little Boy
|-boost|p1a: Little Boy|spa|1
|-boost|p1a: Little Boy|spd|1
|-prepare|p2a: Slowking|Chilly Reception|[premajor]
|move|p2a: Slowking|Chilly Reception|p2a: Slowking
|-weather|Snowscape
|-end|p1a: Little Boy|Protosynthesis
|
|t:|1779808157
|switch|p2a: Ting-Lu|Ting-Lu|94/100 brn|[from] Chilly Reception
|-ability|p2a: Ting-Lu|Vessel of Ruin
|
|-weather|Snowscape|[upkeep]
|-heal|p2a: Ting-Lu|100/100 brn|[from] item: Leftovers
|-damage|p2a: Ting-Lu|94/100 brn|[from] brn
|upkeep
|turn|21
|
|t:|1779808163
|move|p1a: Little Boy|Calm Mind|p1a: Little Boy
|-boost|p1a: Little Boy|spa|1
|-boost|p1a: Little Boy|spd|1
|move|p2a: Ting-Lu|Whirlwind|p1a: Little Boy
|-end|p1a: Little Boy|Protosynthesis|[silent]
|drag|p1a: 津波|Walking Wake|100/100
|
|-weather|Snowscape|[upkeep]
|-heal|p2a: Ting-Lu|100/100 brn|[from] item: Leftovers
|-damage|p2a: Ting-Lu|94/100 brn|[from] brn
|upkeep
|turn|22
|
|t:|1779808168
|switch|p2a: Slowking|Slowking-Galar, M|100/100
|move|p1a: 津波|Flip Turn|p2a: Slowking
|-damage|p2a: Slowking|83/100
|
|t:|1779808171
|-end|p1a: 津波|Protosynthesis|[silent]
|switch|p1a: Little Boy|Raging Bolt|100/100|[from] Flip Turn
|
|-weather|Snowscape|[upkeep]
|upkeep
|turn|23
|
|t:|1779808176
|move|p1a: Little Boy|Thunderbolt|p2a: Slowking
|-damage|p2a: Slowking|54/100
|move|p2a: Slowking|Sludge Bomb|p1a: Little Boy
|-damage|p1a: Little Boy|71/100
|
|-weather|Snowscape|[upkeep]
|-heal|p1a: Little Boy|77/100|[from] item: Leftovers
|upkeep
|turn|24
|inactive|cwbykale19 has 120 seconds left.
|inactive|cwbykale19 has 90 seconds left.
|inactive|cwbykale19 has 60 seconds left.
|inactive|cwbykale19 has 30 seconds left.
|inactive|cwbykale19 has 20 seconds left.
|inactive|cwbykale19 has 15 seconds left.
|inactive|cwbykale19 has 10 seconds left.
|inactive|cwbykale19 has 5 seconds left.
|-message|cwbykale19 lost due to inactivity.
|
|win|silver jay#2240
|raw|cwbykale19's rating: 1381 &rarr; <strong>1362</strong><br />(-19 for losing)
|raw|silver jay#2240's rating: 1393 &rarr; <strong>1412</strong><br />(+19 for winning)
|l|☆silver jay#2240
|player|p2|
|l|☆cwbykale19
|player|p1|
