|j|☆Joao.hostin
|j|☆onlyvoss
|t:|1779903960
|gametype|singles
|player|p1|Joao.hostin|red|1254
|player|p2|onlyvoss|266|1210
|gen|9
|tier|[Gen 9] OU
|rated|
|rule|HP Percentage Mod: HP is shown in percentages
|rule|Endless Battle Clause: Forcing endless battles is banned
|rule|Species Clause: Limit one of each Pokémon
|rule|OHKO Clause: OHKO moves are banned
|rule|Evasion Items Clause: Evasion items are banned
|rule|Evasion Moves Clause: Evasion moves are banned
|rule|Evasion Abilities Clause: Evasion abilities are banned
|rule|Sleep Moves Clause: Sleep-inducing moves are banned
|clearpoke
|poke|p1|Great Tusk|
|poke|p1|Kingambit, F|
|poke|p1|Iron Valiant|
|poke|p1|Heatran, M|
|poke|p1|Raging Bolt|
|poke|p1|Dragapult, M|
|poke|p2|Tyranitar, M|
|poke|p2|Alomomola, F|
|poke|p2|Skeledirge, M|
|poke|p2|Rotom-Wash|
|poke|p2|Cryogonal|
|poke|p2|Garganacl, M|
|teampreview
|inactive|Battle timer is ON: inactive players will automatically lose when time's up. (requested by onlyvoss)
|
|t:|1779903975
|teamsize|p1|6
|teamsize|p2|6
|start
|switch|p1a: Dragapult|Dragapult, M|100/100
|switch|p2a: Rotom|Rotom-Wash, shiny|100/100
|turn|1
|
|t:|1779903989
|move|p1a: Dragapult|U-turn|p2a: Rotom
|-damage|p2a: Rotom|86/100
|
|t:|1779903993
|switch|p1a: Raging Bolt|Raging Bolt|100/100|[from] U-turn
|move|p2a: Rotom|Will-O-Wisp|p1a: Raging Bolt
|-status|p1a: Raging Bolt|brn
|
|-damage|p1a: Raging Bolt|94/100 brn|[from] brn
|upkeep
|turn|2
|
|t:|1779904001
|switch|p2a: Tyranitar|Tyranitar, M|100/100
|-weather|Sandstorm|[from] ability: Sand Stream|[of] p2a: Tyranitar
|move|p1a: Raging Bolt|Volt Switch|p2a: Tyranitar
|-damage|p2a: Tyranitar|89/100
|
|t:|1779904008
|-end|p1a: Raging Bolt|Protosynthesis|[silent]
|switch|p1a: Iron Valiant|Iron Valiant|100/100|[from] Volt Switch
|-enditem|p1a: Iron Valiant|Booster Energy
|-activate|p1a: Iron Valiant|ability: Quark Drive|[fromitem]
|-start|p1a: Iron Valiant|quarkdrivespe
|
|-weather|Sandstorm|[upkeep]
|-damage|p1a: Iron Valiant|94/100|[from] Sandstorm
|upkeep
|turn|3
|
|t:|1779904036
|-terastallize|p2a: Tyranitar|Fairy
|move|p1a: Iron Valiant|Spirit Break|p2a: Tyranitar
|-damage|p2a: Tyranitar|59/100
|-unboost|p2a: Tyranitar|spa|1
|move|p2a: Tyranitar|Knock Off|p1a: Iron Valiant
|-resisted|p1a: Iron Valiant
|-damage|p1a: Iron Valiant|85/100
|
|-weather|Sandstorm|[upkeep]
|-damage|p1a: Iron Valiant|78/100|[from] Sandstorm
|-damage|p2a: Tyranitar|53/100|[from] Sandstorm
|upkeep
|turn|4
|inactive|onlyvoss has 120 seconds left.
|
|t:|1779904051
|switch|p2a: Cryogonal|Cryogonal|100/100
|move|p1a: Iron Valiant|Knock Off|p2a: Cryogonal
|-damage|p2a: Cryogonal|49/100
|-enditem|p2a: Cryogonal|Heavy-Duty Boots|[from] move: Knock Off|[of] p1a: Iron Valiant
|
|-weather|Sandstorm|[upkeep]
|-damage|p1a: Iron Valiant|72/100|[from] Sandstorm
|-damage|p2a: Cryogonal|43/100|[from] Sandstorm
|upkeep
|turn|5
|
|t:|1779904061
|move|p1a: Iron Valiant|Spirit Break|p2a: Cryogonal
|-damage|p2a: Cryogonal|0 fnt
|faint|p2a: Cryogonal
|
|-weather|Sandstorm|[upkeep]
|-damage|p1a: Iron Valiant|66/100|[from] Sandstorm
|upkeep
|
|t:|1779904064
|switch|p2a: Garganacl|Garganacl, M, shiny|100/100
|turn|6
|
|t:|1779904079
|move|p1a: Iron Valiant|Close Combat|p2a: Garganacl
|-supereffective|p2a: Garganacl
|-damage|p2a: Garganacl|39/100
|-unboost|p1a: Iron Valiant|def|1
|-unboost|p1a: Iron Valiant|spd|1
|move|p2a: Garganacl|Salt Cure|p1a: Iron Valiant
|-resisted|p1a: Iron Valiant
|-damage|p1a: Iron Valiant|53/100
|-start|p1a: Iron Valiant|Salt Cure
|
|-weather|none
|-heal|p2a: Garganacl|45/100|[from] item: Leftovers
|-damage|p1a: Iron Valiant|40/100|[from] Salt Cure
|upkeep
|turn|7
|
|t:|1779904090
|-end|p1a: Iron Valiant|Quark Drive|[silent]
|switch|p1a: Great Tusk|Great Tusk|100/100
|move|p2a: Garganacl|Protect||[still]
|-fail|p2a: Garganacl
|
|-heal|p2a: Garganacl|51/100|[from] item: Leftovers
|upkeep
|turn|8
|
|t:|1779904097
|move|p1a: Great Tusk|Stealth Rock|p2a: Garganacl
|-sidestart|p2: onlyvoss|move: Stealth Rock
|move|p2a: Garganacl|Recover|p2a: Garganacl
|-heal|p2a: Garganacl|100/100
|
|upkeep
|turn|9
|
|t:|1779904104
|move|p1a: Great Tusk|Knock Off|p2a: Garganacl
|-damage|p2a: Garganacl|86/100
|-enditem|p2a: Garganacl|Leftovers|[from] move: Knock Off|[of] p1a: Great Tusk
|move|p2a: Garganacl|Salt Cure|p1a: Great Tusk
|-resisted|p1a: Great Tusk
|-damage|p1a: Great Tusk|99/100
|-start|p1a: Great Tusk|Salt Cure
|
|-heal|p1a: Great Tusk|100/100|[from] item: Leftovers
|-damage|p1a: Great Tusk|88/100|[from] Salt Cure
|upkeep
|turn|10
|
|t:|1779904112
|move|p1a: Great Tusk|Rapid Spin|p2a: Garganacl
|-resisted|p2a: Garganacl
|-damage|p2a: Garganacl|82/100
|-boost|p1a: Great Tusk|spe|1
|move|p2a: Garganacl|Body Press|p1a: Great Tusk
|-damage|p1a: Great Tusk|74/100
|
|-heal|p1a: Great Tusk|80/100|[from] item: Leftovers
|-damage|p1a: Great Tusk|68/100|[from] Salt Cure
|upkeep
|turn|11
|
|t:|1779904117
|move|p1a: Great Tusk|Earthquake|p2a: Garganacl
|-supereffective|p2a: Garganacl
|-damage|p2a: Garganacl|37/100
|move|p2a: Garganacl|Salt Cure|p1a: Great Tusk
|-resisted|p1a: Great Tusk
|-damage|p1a: Great Tusk|66/100
|
|-heal|p1a: Great Tusk|72/100|[from] item: Leftovers
|-damage|p1a: Great Tusk|60/100|[from] Salt Cure
|upkeep
|turn|12
|
|t:|1779904127
|switch|p2a: Rotom|Rotom-Wash, shiny|86/100
|-damage|p2a: Rotom|74/100|[from] Stealth Rock
|move|p1a: Great Tusk|Earthquake|p2a: Rotom
|-immune|p2a: Rotom|[from] ability: Levitate
|
|-heal|p1a: Great Tusk|66/100|[from] item: Leftovers
|-damage|p1a: Great Tusk|53/100|[from] Salt Cure
|upkeep
|turn|13
|
|t:|1779904138
|move|p1a: Great Tusk|Knock Off|p2a: Rotom
|-damage|p2a: Rotom|53/100
|-enditem|p2a: Rotom|Wide Lens|[from] move: Knock Off|[of] p1a: Great Tusk
|move|p2a: Rotom|Hydro Pump|p1a: Great Tusk
|-supereffective|p1a: Great Tusk
|-damage|p1a: Great Tusk|0 fnt
|faint|p1a: Great Tusk
|-end|p1a: Great Tusk|Protosynthesis|[silent]
|
|upkeep
|
|t:|1779904145
|switch|p1a: Raging Bolt|Raging Bolt|94/100 brn
|turn|14
|
|t:|1779904151
|move|p2a: Rotom|Pain Split|p1a: Raging Bolt
|-sethp|p1a: Raging Bolt|65/100 brn|[from] move: Pain Split|[silent]
|-sethp|p2a: Rotom|97/100|[from] move: Pain Split
|move|p1a: Raging Bolt|Volt Switch|p2a: Rotom
|-damage|p2a: Rotom|54/100
|
|t:|1779904172
|-end|p1a: Raging Bolt|Protosynthesis|[silent]
|switch|p1a: Dragapult|Dragapult, M|100/100|[from] Volt Switch
|
|upkeep
|turn|15
|
|t:|1779904189
|switch|p2a: Tyranitar|Tyranitar, M, tera:Fairy|53/100
|-damage|p2a: Tyranitar|41/100|[from] Stealth Rock
|-weather|Sandstorm|[from] ability: Sand Stream|[of] p2a: Tyranitar
|move|p1a: Dragapult|U-turn|p2a: Tyranitar
|-resisted|p2a: Tyranitar
|-damage|p2a: Tyranitar|34/100
|inactive|Joao.hostin has 120 seconds left.
|inactive|Joao.hostin has 90 seconds left.
|
|t:|1779904251
|switch|p1a: Iron Valiant|Iron Valiant|40/100|[from] U-turn
|
|-weather|Sandstorm|[upkeep]
|-damage|p1a: Iron Valiant|34/100|[from] Sandstorm
|-damage|p2a: Tyranitar|28/100|[from] Sandstorm
|upkeep
|turn|16
|
|t:|1779904259
|move|p1a: Iron Valiant|Spirit Break|p2a: Tyranitar
|-damage|p2a: Tyranitar|0 fnt
|faint|p2a: Tyranitar
|
|-weather|Sandstorm|[upkeep]
|-damage|p1a: Iron Valiant|28/100|[from] Sandstorm
|upkeep
|
|t:|1779904266
|switch|p2a: Alomomola|Alomomola, F|100/100
|-damage|p2a: Alomomola|88/100|[from] Stealth Rock
|turn|17
|inactive|Joao.hostin has 90 seconds left.
|
|t:|1779904289
|move|p1a: Iron Valiant|Knock Off|p2a: Alomomola
|-damage|p2a: Alomomola|69/100
|-enditem|p2a: Alomomola|Leftovers|[from] move: Knock Off|[of] p1a: Iron Valiant
|move|p2a: Alomomola|Wish|p2a: Alomomola
|
|-weather|Sandstorm|[upkeep]
|-damage|p1a: Iron Valiant|22/100|[from] Sandstorm
|-damage|p2a: Alomomola|62/100|[from] Sandstorm
|upkeep
|turn|18
|
|t:|1779904296
|move|p1a: Iron Valiant|Encore|p2a: Alomomola
|-start|p2a: Alomomola|Encore
|move|p2a: Alomomola|Wish||[still]
|-fail|p2a: Alomomola
|
|-weather|Sandstorm|[upkeep]
|-damage|p1a: Iron Valiant|15/100|[from] Sandstorm
|-damage|p2a: Alomomola|56/100|[from] Sandstorm
|-heal|p2a: Alomomola|100/100|[from] move: Wish|[wisher] Alomomola
|upkeep
|turn|19
|
|t:|1779904305
|-end|p1a: Iron Valiant|Quark Drive|[silent]
|switch|p1a: Raging Bolt|Raging Bolt|65/100 brn
|move|p2a: Alomomola|Wish|p2a: Alomomola
|
|-weather|none
|-damage|p1a: Raging Bolt|59/100 brn|[from] brn
|upkeep
|turn|20
|
|t:|1779904327
|switch|p2a: Garganacl|Garganacl, M, shiny|37/100
|-damage|p2a: Garganacl|25/100|[from] Stealth Rock
|move|p1a: Raging Bolt|Volt Switch|p2a: Garganacl
|-damage|p2a: Garganacl|0 fnt
|faint|p2a: Garganacl
|
|t:|1779904333
|-end|p1a: Raging Bolt|Protosynthesis|[silent]
|switch|p1a: Iron Valiant|Iron Valiant|15/100|[from] Volt Switch
|
|upkeep
|
|t:|1779904344
|switch|p2a: Rotom|Rotom-Wash, shiny|54/100
|-damage|p2a: Rotom|42/100|[from] Stealth Rock
|turn|21
|
|t:|1779904353
|move|p1a: Iron Valiant|Spirit Break|p2a: Rotom
|-damage|p2a: Rotom|14/100
|-unboost|p2a: Rotom|spa|1
|move|p2a: Rotom|Volt Switch|p1a: Iron Valiant
|-damage|p1a: Iron Valiant|0 fnt
|faint|p1a: Iron Valiant
|-end|p1a: Iron Valiant|Quark Drive|[silent]
|
|t:|1779904356
|switch|p2a: Alomomola|Alomomola, F|100/100|[from] Volt Switch
|-damage|p2a: Alomomola|88/100|[from] Stealth Rock
|
|upkeep
|
|t:|1779904360
|switch|p1a: Raging Bolt|Raging Bolt|59/100 brn
|turn|22
|
|t:|1779904369
|move|p2a: Alomomola|Protect|p2a: Alomomola
|-singleturn|p2a: Alomomola|Protect
|move|p1a: Raging Bolt|Dragon Pulse|p2a: Alomomola
|-activate|p2a: Alomomola|move: Protect
|
|-damage|p1a: Raging Bolt|53/100 brn|[from] brn
|upkeep
|turn|23
|
|t:|1779904377
|move|p1a: Raging Bolt|Dragon Pulse|p2a: Alomomola
|-damage|p2a: Alomomola|33/100
|move|p2a: Alomomola|Healing Wish|p2a: Alomomola
|faint|p2a: Alomomola
|
|-damage|p1a: Raging Bolt|47/100 brn|[from] brn
|upkeep
|
|t:|1779904379
|switch|p2a: Rotom|Rotom-Wash, shiny|14/100
|-heal|p2a: Rotom|100/100|[from] move: Healing Wish
|-damage|p2a: Rotom|88/100|[from] Stealth Rock
|turn|24
|
|t:|1779904394
|move|p2a: Rotom|Hydro Pump|p1a: Raging Bolt
|-resisted|p1a: Raging Bolt
|-damage|p1a: Raging Bolt|36/100 brn
|move|p1a: Raging Bolt|Volt Switch|p2a: Rotom
|-crit|p2a: Rotom
|-damage|p2a: Rotom|16/100
|
|t:|1779904399
|-end|p1a: Raging Bolt|Protosynthesis|[silent]
|switch|p1a: Dragapult|Dragapult, M|100/100|[from] Volt Switch
|
|upkeep
|turn|25
|
|t:|1779904402
|move|p1a: Dragapult|Shadow Ball|p2a: Rotom
|-damage|p2a: Rotom|0 fnt
|faint|p2a: Rotom
|
|upkeep
|
|t:|1779904404
|switch|p2a: Skeledirge|Skeledirge, M|100/100
|-damage|p2a: Skeledirge|75/100|[from] Stealth Rock
|turn|26
|
|t:|1779904407
|-terastallize|p1a: Dragapult|Ghost
|move|p1a: Dragapult|Shadow Ball|p2a: Skeledirge
|-supereffective|p2a: Skeledirge
|-damage|p2a: Skeledirge|0 fnt
|faint|p2a: Skeledirge
|
|win|Joao.hostin
|raw|Joao.hostin's rating: 1254 &rarr; <strong>1276</strong><br />(+22 for winning)
|raw|onlyvoss's rating: 1210 &rarr; <strong>1188</strong><br />(-22 for losing)
|l|☆onlyvoss
|player|p2|
|c|☆Joao.hostin|gg
|l|☆Joao.hostin
|player|p1|
