|j|☆leafeon eat me
|j|☆slowlyfadingaway
|t:|1779807620
|gametype|singles
|player|p1|leafeon eat me|266|1348
|player|p2|slowlyfadingaway|veteran|1366
|gen|9
|tier|[Gen 9] OU
|rated|
|rule|HP Percentage Mod: HP is shown in percentages
|rule|Endless Battle Clause: Forcing endless battles is banned
|rule|Species Clause: Limit one of each Pokémon
|rule|OHKO Clause: OHKO moves are banned
|rule|Evasion Items Clause: Evasion items are banned
|rule|Evasion Moves Clause: Evasion moves are banned
|rule|Evasion Abilities Clause: Evasion abilities are banned
|rule|Sleep Moves Clause: Sleep-inducing moves are banned
|clearpoke
|poke|p1|Kingambit, M|
|poke|p1|Great Tusk|
|poke|p1|Ceruledge, M|
|poke|p1|Rillaboom, M|
|poke|p1|Clefable, F|
|poke|p1|Zapdos|
|poke|p2|Greninja-*, M|
|poke|p2|Forretress, F|
|poke|p2|Samurott-Hisui, F|
|poke|p2|Garchomp, M|
|poke|p2|Scizor, F|
|poke|p2|Diancie|
|teampreview
|inactive|Battle timer is ON: inactive players will automatically lose when time's up. (requested by slowlyfadingaway)
|inactive|leafeon eat me also wants the timer to be on.
|
|t:|1779807640
|teamsize|p1|6
|teamsize|p2|6
|start
|switch|p1a: Zapdos|Zapdos|100/100
|switch|p2a: Samurott|Samurott-Hisui, F|100/100
|turn|1
|
|t:|1779807645
|move|p2a: Samurott|Ceaseless Edge|p1a: Zapdos
|-damage|p1a: Zapdos|70/100
|-sidestart|p1: leafeon eat me|Spikes
|move|p1a: Zapdos|Thunder Wave|p2a: Samurott
|-status|p2a: Samurott|par
|
|upkeep
|turn|2
|
|t:|1779807651
|move|p1a: Zapdos|Volt Switch|p2a: Samurott
|-supereffective|p2a: Samurott
|-damage|p2a: Samurott|11/100 par
|
|t:|1779807655
|switch|p1a: Great Tusk|Great Tusk|100/100|[from] Volt Switch
|-damage|p1a: Great Tusk|88/100|[from] Spikes
|move|p2a: Samurott|Ceaseless Edge|p1a: Great Tusk
|-resisted|p1a: Great Tusk
|-damage|p1a: Great Tusk|74/100
|-damage|p2a: Samurott|0 fnt|[from] item: Rocky Helmet|[of] p1a: Great Tusk
|faint|p2a: Samurott
|
|upkeep
|
|t:|1779807661
|switch|p2a: Greninja|Greninja, M|100/100
|turn|3
|
|t:|1779807666
|-end|p1a: Great Tusk|Protosynthesis|[silent]
|switch|p1a: Clefable|Clefable, F|100/100
|move|p2a: Greninja|Water Shuriken|p1a: Clefable
|-damage|p1a: Clefable|96/100
|-damage|p1a: Clefable|91/100
|-damage|p1a: Clefable|87/100
|-damage|p1a: Clefable|82/100
|-hitcount|p1a: Clefable|4
|
|-heal|p1a: Clefable|88/100|[from] item: Leftovers
|upkeep
|turn|4
|
|t:|1779807673
|move|p2a: Greninja|Sludge Wave|p1a: Clefable
|-supereffective|p1a: Clefable
|-damage|p1a: Clefable|52/100
|move|p1a: Clefable|Thunder Wave|p2a: Greninja
|-status|p2a: Greninja|par
|
|-heal|p1a: Clefable|58/100|[from] item: Leftovers
|upkeep
|turn|5
|
|t:|1779807679
|move|p2a: Greninja|U-turn|p1a: Clefable
|-resisted|p1a: Clefable
|-damage|p1a: Clefable|51/100
|
|t:|1779807681
|switch|p2a: Scizor|Scizor, F|100/100|[from] U-turn
|move|p1a: Clefable|Stealth Rock|p2a: Scizor
|-sidestart|p2: slowlyfadingaway|move: Stealth Rock
|
|-heal|p1a: Clefable|57/100|[from] item: Leftovers
|upkeep
|turn|6
|
|t:|1779807687
|switch|p1a: Zapdos|Zapdos|70/100
|move|p2a: Scizor|Bullet Punch|p1a: Zapdos
|-resisted|p1a: Zapdos
|-damage|p1a: Zapdos|57/100
|
|upkeep
|turn|7
|
|t:|1779807694
|move|p1a: Zapdos|Roost|p1a: Zapdos
|-heal|p1a: Zapdos|100/100
|-singleturn|p1a: Zapdos|move: Roost
|move|p2a: Scizor|U-turn|p1a: Zapdos
|-damage|p1a: Zapdos|70/100
|-status|p2a: Scizor|par|[from] ability: Static|[of] p1a: Zapdos
|
|t:|1779807697
|switch|p2a: Garchomp|Garchomp, M|100/100|[from] U-turn
|-damage|p2a: Garchomp|94/100|[from] Stealth Rock
|
|upkeep
|turn|8
|
|t:|1779807708
|switch|p1a: Rillaboom|Rillaboom, M|100/100
|-damage|p1a: Rillaboom|88/100|[from] Spikes
|-fieldstart|move: Grassy Terrain|[from] ability: Grassy Surge|[of] p1a: Rillaboom
|move|p2a: Garchomp|Swords Dance|p2a: Garchomp
|-boost|p2a: Garchomp|atk|2
|
|-heal|p2a: Garchomp|100/100|[from] Grassy Terrain
|-heal|p1a: Rillaboom|94/100|[from] Grassy Terrain
|upkeep
|turn|9
|
|t:|1779807712
|-terastallize|p2a: Garchomp|Dragon
|move|p2a: Garchomp|Scale Shot|p1a: Rillaboom|[miss]
|-miss|p2a: Garchomp|p1a: Rillaboom
|move|p1a: Rillaboom|Knock Off|p2a: Garchomp
|-damage|p2a: Garchomp|62/100
|-damage|p1a: Rillaboom|82/100|[from] ability: Rough Skin|[of] p2a: Garchomp
|-enditem|p2a: Garchomp|Loaded Dice|[from] move: Knock Off|[of] p1a: Rillaboom
|
|-heal|p2a: Garchomp|68/100|[from] Grassy Terrain
|-heal|p1a: Rillaboom|88/100|[from] Grassy Terrain
|upkeep
|turn|10
|
|t:|1779807728
|move|p1a: Rillaboom|Grassy Glide|p2a: Garchomp
|-resisted|p2a: Garchomp
|-damage|p2a: Garchomp|48/100
|-damage|p1a: Rillaboom|75/100|[from] ability: Rough Skin|[of] p2a: Garchomp
|move|p2a: Garchomp|Scale Shot|p1a: Rillaboom
|-damage|p1a: Rillaboom|44/100
|-damage|p1a: Rillaboom|12/100
|-damage|p1a: Rillaboom|0 fnt
|faint|p1a: Rillaboom
|-hitcount|p1: Rillaboom|3
|-unboost|p2a: Garchomp|def|1
|-boost|p2a: Garchomp|spe|1
|
|-heal|p2a: Garchomp|54/100|[from] Grassy Terrain
|upkeep
|
|t:|1779807739
|switch|p1a: Kingambit|Kingambit, M|100/100
|-damage|p1a: Kingambit|88/100|[from] Spikes
|-activate|p1a: Kingambit|ability: Supreme Overlord
|-start|p1a: Kingambit|fallen1|[silent]
|turn|11
|
|t:|1779807745
|move|p2a: Garchomp|Earthquake|p1a: Kingambit
|-supereffective|p1a: Kingambit
|-damage|p1a: Kingambit|9/100
|move|p1a: Kingambit|Iron Head|p2a: Garchomp
|-damage|p2a: Garchomp|0 fnt
|-damage|p1a: Kingambit|0 fnt|[from] ability: Rough Skin|[of] p2a: Garchomp
|faint|p2a: Garchomp
|faint|p1a: Kingambit
|-end|p1a: Kingambit|fallen1|[silent]
|
|upkeep
|
|t:|1779807760
|switch|p2a: Diancie|Diancie|100/100
|switch|p1a: Ceruledge|Ceruledge, M|100/100
|-damage|p2a: Diancie|88/100|[from] Stealth Rock
|turn|12
|
|t:|1779807764
|move|p1a: Ceruledge|Taunt|p2a: Diancie
|-start|p2a: Diancie|move: Taunt
|cant|p2a: Diancie|move: Taunt|Rock Polish
|
|-heal|p2a: Diancie|94/100|[from] Grassy Terrain
|upkeep
|turn|13
|
|t:|1779807786
|move|p1a: Ceruledge|Bitter Blade|p2a: Diancie
|-resisted|p2a: Diancie
|-damage|p2a: Diancie|77/100
|move|p2a: Diancie|Moonblast|p1a: Ceruledge
|-resisted|p1a: Ceruledge
|-damage|p1a: Ceruledge|85/100
|-unboost|p1a: Ceruledge|spa|1
|
|-heal|p1a: Ceruledge|91/100|[from] Grassy Terrain
|-heal|p2a: Diancie|83/100|[from] Grassy Terrain
|upkeep
|turn|14
|
|t:|1779807796
|move|p1a: Ceruledge|Will-O-Wisp|p2a: Diancie
|-status|p2a: Diancie|brn
|move|p2a: Diancie|Moonblast|p1a: Ceruledge
|-resisted|p1a: Ceruledge
|-damage|p1a: Ceruledge|76/100
|
|-heal|p1a: Ceruledge|83/100|[from] Grassy Terrain
|-heal|p2a: Diancie|89/100 brn|[from] Grassy Terrain
|-damage|p2a: Diancie|83/100 brn|[from] brn
|-end|p2a: Diancie|move: Taunt
|upkeep
|turn|15
|
|t:|1779807800
|move|p1a: Ceruledge|Taunt|p2a: Diancie
|-start|p2a: Diancie|move: Taunt
|cant|p2a: Diancie|move: Taunt|Rock Polish
|
|-heal|p1a: Ceruledge|89/100|[from] Grassy Terrain
|-heal|p2a: Diancie|89/100 brn|[from] Grassy Terrain
|-damage|p2a: Diancie|83/100 brn|[from] brn
|-fieldend|move: Grassy Terrain
|upkeep
|turn|16
|
|t:|1779807803
|move|p1a: Ceruledge|Bitter Blade|p2a: Diancie
|-resisted|p2a: Diancie
|-damage|p2a: Diancie|64/100 brn
|-heal|p1a: Ceruledge|95/100|[from] drain|[of] p2a: Diancie
|move|p2a: Diancie|Meteor Beam||[still]
|-prepare|p2a: Diancie|Meteor Beam
|-boost|p2a: Diancie|spa|1
|-enditem|p2a: Diancie|Power Herb
|-anim|p2a: Diancie|Meteor Beam|p1a: Ceruledge
|-supereffective|p1a: Ceruledge
|-damage|p1a: Ceruledge|0 fnt
|faint|p1a: Ceruledge
|
|-damage|p2a: Diancie|58/100 brn|[from] brn
|upkeep
|c|☆slowlyfadingaway|ugh
|
|t:|1779807815
|switch|p1a: Great Tusk|Great Tusk|74/100
|-damage|p1a: Great Tusk|62/100|[from] Spikes
|turn|17
|
|t:|1779807820
|switch|p2a: Scizor|Scizor, F|100/100 par
|-damage|p2a: Scizor|88/100 par|[from] Stealth Rock
|move|p1a: Great Tusk|Headlong Rush|p2a: Scizor
|-damage|p2a: Scizor|38/100 par
|-unboost|p1a: Great Tusk|def|1
|-unboost|p1a: Great Tusk|spd|1
|
|upkeep
|turn|18
|
|t:|1779807826
|move|p1a: Great Tusk|Headlong Rush|p2a: Scizor
|-damage|p2a: Scizor|0 fnt
|-unboost|p1a: Great Tusk|def|1
|-unboost|p1a: Great Tusk|spd|1
|faint|p2a: Scizor
|
|upkeep
|
|t:|1779807828
|switch|p2a: Greninja|Greninja, M|100/100 par
|-damage|p2a: Greninja|88/100 par|[from] Stealth Rock
|turn|19
|
|t:|1779807831
|-end|p1a: Great Tusk|Protosynthesis|[silent]
|switch|p1a: Clefable|Clefable, F|57/100
|move|p2a: Greninja|Water Shuriken|p1a: Clefable
|-damage|p1a: Clefable|52/100
|-damage|p1a: Clefable|47/100
|-damage|p1a: Clefable|43/100
|-damage|p1a: Clefable|38/100
|-damage|p1a: Clefable|33/100
|-hitcount|p1a: Clefable|5
|
|-heal|p1a: Clefable|40/100|[from] item: Leftovers
|upkeep
|turn|20
|
|t:|1779807840
|cant|p2a: Greninja|par
|move|p1a: Clefable|Moonlight|p1a: Clefable
|-heal|p1a: Clefable|90/100
|
|-heal|p1a: Clefable|96/100|[from] item: Leftovers
|upkeep
|turn|21
|
|t:|1779807844
|move|p2a: Greninja|Sludge Wave|p1a: Clefable
|-supereffective|p1a: Clefable
|-damage|p1a: Clefable|61/100
|move|p1a: Clefable|Moonblast|p2a: Greninja
|-supereffective|p2a: Greninja
|-damage|p2a: Greninja|0 fnt
|faint|p2a: Greninja
|
|-heal|p1a: Clefable|67/100|[from] item: Leftovers
|upkeep
|
|t:|1779807847
|switch|p2a: Diancie|Diancie|58/100 brn
|-damage|p2a: Diancie|46/100 brn|[from] Stealth Rock
|turn|22
|
|t:|1779807852
|move|p2a: Diancie|Rock Polish|p2a: Diancie
|-boost|p2a: Diancie|spe|2
|move|p1a: Clefable|Moonblast|p2a: Diancie
|-damage|p2a: Diancie|15/100 brn
|
|-heal|p1a: Clefable|73/100|[from] item: Leftovers
|-damage|p2a: Diancie|8/100 brn|[from] brn
|upkeep
|turn|23
|
|t:|1779807858
|move|p2a: Diancie|Power Gem|p1a: Clefable
|-damage|p1a: Clefable|46/100
|move|p1a: Clefable|Moonlight|p1a: Clefable
|-heal|p1a: Clefable|96/100
|
|-heal|p1a: Clefable|100/100|[from] item: Leftovers
|-damage|p2a: Diancie|2/100 brn|[from] brn
|upkeep
|turn|24
|
|t:|1779807867
|move|p2a: Diancie|Moonblast|p1a: Clefable
|-crit|p1a: Clefable
|-damage|p1a: Clefable|58/100
|move|p1a: Clefable|Moonblast|p2a: Diancie
|-damage|p2a: Diancie|0 fnt
|faint|p2a: Diancie
|
|-heal|p1a: Clefable|64/100|[from] item: Leftovers
|upkeep
|
|t:|1779807871
|switch|p2a: Forretress|Forretress, F|100/100
|-damage|p2a: Forretress|88/100|[from] Stealth Rock
|turn|25
|
|t:|1779807874
|move|p1a: Clefable|Thunder Wave|p2a: Forretress
|-status|p2a: Forretress|par
|cant|p2a: Forretress|par
|
|-heal|p1a: Clefable|71/100|[from] item: Leftovers
|upkeep
|turn|26
|
|t:|1779807880
|move|p1a: Clefable|Moonblast|p2a: Forretress
|-resisted|p2a: Forretress
|-damage|p2a: Forretress|66/100 par
|move|p2a: Forretress|Rapid Spin|p1a: Clefable
|-damage|p1a: Clefable|60/100
|-boost|p2a: Forretress|spe|1
|-sideend|p2: slowlyfadingaway|Stealth Rock|[from] move: Rapid Spin|[of] p2a: Forretress
|
|-heal|p1a: Clefable|66/100|[from] item: Leftovers
|upkeep
|turn|27
|
|t:|1779807892
|move|p1a: Clefable|Moonblast|p2a: Forretress
|-resisted|p2a: Forretress
|-damage|p2a: Forretress|42/100 par
|move|p2a: Forretress|Volt Switch|p1a: Clefable
|-damage|p1a: Clefable|60/100
|
|-heal|p1a: Clefable|66/100|[from] item: Leftovers
|upkeep
|turn|28
|-message|slowlyfadingaway forfeited.
|
|win|leafeon eat me
|raw|leafeon eat me's rating: 1348 &rarr; <strong>1369</strong><br />(+21 for winning)
|raw|slowlyfadingaway's rating: 1366 &rarr; <strong>1345</strong><br />(-21 for losing)
|l|☆slowlyfadingaway
|player|p2|
|l|☆leafeon eat me
|player|p1|
