|j|☆Glp2
|j|☆banjo guro
|t:|1779898993
|gametype|singles
|player|p1|Glp2|iris-gen5bw2|1323
|player|p2|banjo guro|erika|1319
|gen|9
|tier|[Gen 9] OU
|rated|
|rule|HP Percentage Mod: HP is shown in percentages
|rule|Endless Battle Clause: Forcing endless battles is banned
|rule|Species Clause: Limit one of each Pokémon
|rule|OHKO Clause: OHKO moves are banned
|rule|Evasion Items Clause: Evasion items are banned
|rule|Evasion Moves Clause: Evasion moves are banned
|rule|Evasion Abilities Clause: Evasion abilities are banned
|rule|Sleep Moves Clause: Sleep-inducing moves are banned
|clearpoke
|poke|p1|Lilligant-Hisui, F|
|poke|p1|Raging Bolt|
|poke|p1|Moltres-Galar|
|poke|p1|Iron Treads|
|poke|p1|Walking Wake|
|poke|p1|Torkoal, M|
|poke|p2|Garganacl, M|
|poke|p2|Mimikyu, F|
|poke|p2|Chimecho, F|
|poke|p2|Serperior, M|
|poke|p2|Polteageist|
|poke|p2|Maushold|
|teampreview
|inactive|Battle timer is ON: inactive players will automatically lose when time's up. (requested by banjo guro)
|
|t:|1779899003
|teamsize|p1|6
|teamsize|p2|6
|start
|switch|p1a: Torkoal|Torkoal, M|100/100
|switch|p2a: Polteageist|Polteageist|100/100
|-weather|SunnyDay|[from] ability: Drought|[of] p1a: Torkoal
|turn|1
|
|t:|1779899024
|move|p2a: Polteageist|Shell Smash|p2a: Polteageist
|-unboost|p2a: Polteageist|def|1
|-unboost|p2a: Polteageist|spd|1
|-boost|p2a: Polteageist|atk|2
|-boost|p2a: Polteageist|spa|2
|-boost|p2a: Polteageist|spe|2
|move|p1a: Torkoal|Stealth Rock|p2a: Polteageist
|-sidestart|p2: banjo guro|move: Stealth Rock
|
|-weather|SunnyDay|[upkeep]
|upkeep
|turn|2
|inactive|banjo guro has 120 seconds left.
|
|t:|1779899057
|move|p2a: Polteageist|Stored Power|p1a: Torkoal
|-damage|p1a: Torkoal|0 fnt
|faint|p1a: Torkoal
|
|-weather|SunnyDay|[upkeep]
|upkeep
|inactive|Glp2 has 120 seconds left.
|
|t:|1779899077
|switch|p1a: Moltres|Moltres-Galar|100/100
|turn|3
|inactive|Glp2 has 120 seconds left.
|
|t:|1779899090
|move|p2a: Polteageist|Shadow Ball|p1a: Moltres
|-resisted|p1a: Moltres
|-damage|p1a: Moltres|66/100
|move|p1a: Moltres|Agility|p1a: Moltres
|-boost|p1a: Moltres|spe|2
|
|-weather|SunnyDay|[upkeep]
|upkeep
|turn|4
|inactive|Glp2 has 120 seconds left.
|
|t:|1779899102
|move|p1a: Moltres|Nasty Plot|p1a: Moltres
|-boost|p1a: Moltres|spa|2
|move|p2a: Polteageist|Shadow Ball|p1a: Moltres
|-resisted|p1a: Moltres
|-damage|p1a: Moltres|31/100
|-ability|p1a: Moltres|Berserk|boost
|-boost|p1a: Moltres|spa|1
|-enditem|p1a: Moltres|Sitrus Berry|[eat]
|-heal|p1a: Moltres|56/100|[from] item: Sitrus Berry
|
|-weather|SunnyDay|[upkeep]
|upkeep
|turn|5
|inactive|Glp2 has 120 seconds left.
|
|t:|1779899119
|switch|p2a: Mimikyu|Mimikyu, F|100/100
|-damage|p2a: Mimikyu|88/100|[from] Stealth Rock
|move|p1a: Moltres|Fiery Wrath|p2a: Mimikyu
|-activate|p2a: Mimikyu|ability: Disguise
|-damage|p2a: Mimikyu|88/100
|detailschange|p2a: Mimikyu|Mimikyu-Busted, F
|-damage|p2a: Mimikyu|76/100|[from] pokemon: Mimikyu-Busted
|-enditem|p2a: Mimikyu|Red Card|[of] p1a: Moltres
|drag|p1a: Walking Wake|Walking Wake|100/100
|-activate|p1a: Walking Wake|ability: Protosynthesis
|-start|p1a: Walking Wake|protosynthesisspe
|
|-weather|SunnyDay|[upkeep]
|upkeep
|turn|6
|inactive|Glp2 has 120 seconds left.
|
|t:|1779899149
|move|p1a: Walking Wake|Hydro Steam|p2a: Mimikyu
|-damage|p2a: Mimikyu|0 fnt
|faint|p2a: Mimikyu
|
|-weather|SunnyDay|[upkeep]
|upkeep
|
|t:|1779899169
|switch|p2a: Maushold|Maushold|100/100
|-damage|p2a: Maushold|88/100|[from] Stealth Rock
|turn|7
|
|t:|1779899174
|move|p1a: Walking Wake|Hydro Steam|p2a: Maushold
|-damage|p2a: Maushold|0 fnt
|faint|p2a: Maushold
|
|-weather|SunnyDay|[upkeep]
|upkeep
|
|t:|1779899177
|switch|p2a: Serperior|Serperior, M|100/100
|-damage|p2a: Serperior|88/100|[from] Stealth Rock
|turn|8
|
|t:|1779899181
|move|p1a: Walking Wake|Weather Ball|p2a: Serperior
|-supereffective|p2a: Serperior
|-damage|p2a: Serperior|3/100
|move|p2a: Serperior|Glare|p1a: Walking Wake
|-status|p1a: Walking Wake|par
|
|-weather|none
|-end|p1a: Walking Wake|Protosynthesis
|-heal|p2a: Serperior|10/100|[from] item: Leftovers
|upkeep
|turn|9
|
|t:|1779899190
|move|p2a: Serperior|Leech Seed|p1a: Walking Wake
|-start|p1a: Walking Wake|move: Leech Seed
|move|p1a: Walking Wake|Dragon Pulse|p2a: Serperior
|-damage|p2a: Serperior|0 fnt
|faint|p2a: Serperior
|
|upkeep
|
|t:|1779899196
|switch|p2a: Chimecho|Chimecho, F|100/100
|-damage|p2a: Chimecho|88/100|[from] Stealth Rock
|turn|10
|
|t:|1779899200
|-terastallize|p2a: Chimecho|Electric
|cant|p1a: Walking Wake|par
|move|p2a: Chimecho|Cosmic Power|p2a: Chimecho
|-boost|p2a: Chimecho|def|1
|-boost|p2a: Chimecho|spd|1
|
|-heal|p2a: Chimecho|94/100|[from] item: Leftovers
|-damage|p1a: Walking Wake|88/100 par|[from] Leech Seed|[of] p2a: Chimecho
|-heal|p2a: Chimecho|100/100|[silent]
|upkeep
|turn|11
|l|☆Glp2
|inactive|Glp2 disconnected and has a minute to reconnect!
|player|p1|
|j|☆Glp2
|inactive|Glp2 reconnected and has 135 seconds left.
|player|p1|Glp2|iris-gen5bw2|
|
|t:|1779899219
|-end|p1a: Walking Wake|Protosynthesis|[silent]
|switch|p1a: Iron Treads|Iron Treads|100/100
|move|p2a: Chimecho|Cosmic Power|p2a: Chimecho
|-boost|p2a: Chimecho|def|1
|-boost|p2a: Chimecho|spd|1
|
|upkeep
|turn|12
|
|t:|1779899225
|move|p1a: Iron Treads|Earthquake|p2a: Chimecho
|-immune|p2a: Chimecho|[from] ability: Levitate
|move|p2a: Chimecho|Cosmic Power|p2a: Chimecho
|-boost|p2a: Chimecho|def|1
|-boost|p2a: Chimecho|spd|1
|
|upkeep
|turn|13
|
|t:|1779899235
|move|p1a: Iron Treads|Iron Head|p2a: Chimecho
|-resisted|p2a: Chimecho
|-damage|p2a: Chimecho|92/100
|move|p2a: Chimecho|Stored Power|p1a: Iron Treads
|-resisted|p1a: Iron Treads
|-damage|p1a: Iron Treads|72/100
|
|-heal|p2a: Chimecho|98/100|[from] item: Leftovers
|upkeep
|turn|14
|
|t:|1779899241
|move|p1a: Iron Treads|Knock Off|p2a: Chimecho
|-damage|p2a: Chimecho|83/100
|-enditem|p2a: Chimecho|Leftovers|[from] move: Knock Off|[of] p1a: Iron Treads
|move|p2a: Chimecho|Stored Power|p1a: Iron Treads
|-resisted|p1a: Iron Treads
|-damage|p1a: Iron Treads|43/100
|
|upkeep
|turn|15
|
|t:|1779899253
|move|p1a: Iron Treads|Iron Head|p2a: Chimecho
|-resisted|p2a: Chimecho
|-crit|p2a: Chimecho
|-damage|p2a: Chimecho|49/100
|move|p2a: Chimecho|Cosmic Power|p2a: Chimecho
|-boost|p2a: Chimecho|def|1
|-boost|p2a: Chimecho|spd|1
|
|upkeep
|turn|16
|
|t:|1779899264
|move|p1a: Iron Treads|Iron Head|p2a: Chimecho
|-resisted|p2a: Chimecho
|-damage|p2a: Chimecho|42/100
|move|p2a: Chimecho|Recover|p2a: Chimecho
|-heal|p2a: Chimecho|93/100
|
|upkeep
|turn|17
|
|t:|1779899270
|-end|p1a: Iron Treads|Quark Drive|[silent]
|switch|p1a: Moltres|Moltres-Galar|56/100
|move|p2a: Chimecho|Stored Power|p1a: Moltres
|-immune|p1a: Moltres
|
|upkeep
|turn|18
|
|t:|1779899280
|move|p1a: Moltres|Nasty Plot|p1a: Moltres
|-boost|p1a: Moltres|spa|2
|move|p2a: Chimecho|Charge Beam|p1a: Moltres
|-supereffective|p1a: Moltres
|-damage|p1a: Moltres|9/100
|-ability|p1a: Moltres|Berserk|boost
|-boost|p1a: Moltres|spa|1
|
|upkeep
|turn|19
|
|t:|1779899289
|move|p1a: Moltres|Fiery Wrath|p2a: Chimecho
|-damage|p2a: Chimecho|48/100
|move|p2a: Chimecho|Charge Beam|p1a: Moltres
|-supereffective|p1a: Moltres
|-damage|p1a: Moltres|0 fnt
|-boost|p2a: Chimecho|spa|1
|faint|p1a: Moltres
|
|upkeep
|
|t:|1779899302
|switch|p1a: Raging Bolt|Raging Bolt|100/100
|turn|20
|
|t:|1779899308
|move|p1a: Raging Bolt|Calm Mind|p1a: Raging Bolt
|-boost|p1a: Raging Bolt|spa|1
|-boost|p1a: Raging Bolt|spd|1
|move|p2a: Chimecho|Recover|p2a: Chimecho
|-heal|p2a: Chimecho|98/100
|
|upkeep
|turn|21
|
|t:|1779899312
|move|p1a: Raging Bolt|Calm Mind|p1a: Raging Bolt
|-boost|p1a: Raging Bolt|spa|1
|-boost|p1a: Raging Bolt|spd|1
|move|p2a: Chimecho|Stored Power|p1a: Raging Bolt
|-damage|p1a: Raging Bolt|44/100
|
|-heal|p1a: Raging Bolt|50/100|[from] item: Leftovers
|upkeep
|turn|22
|
|t:|1779899323
|move|p1a: Raging Bolt|Dragon Pulse|p2a: Chimecho
|-damage|p2a: Chimecho|61/100
|move|p2a: Chimecho|Stored Power|p1a: Raging Bolt
|-damage|p1a: Raging Bolt|0 fnt
|faint|p1a: Raging Bolt
|-end|p1a: Raging Bolt|Protosynthesis|[silent]
|
|upkeep
|
|t:|1779899330
|switch|p1a: Lilligant|Lilligant-Hisui, F|100/100
|turn|23
|
|t:|1779899335
|move|p1a: Lilligant|Close Combat|p2a: Chimecho
|-damage|p2a: Chimecho|37/100
|-unboost|p1a: Lilligant|def|1
|-unboost|p1a: Lilligant|spd|1
|-damage|p1a: Lilligant|91/100|[from] item: Life Orb
|move|p2a: Chimecho|Stored Power|p1a: Lilligant
|-supereffective|p1a: Lilligant
|-damage|p1a: Lilligant|0 fnt
|faint|p1a: Lilligant
|
|upkeep
|
|t:|1779899344
|switch|p1a: Walking Wake|Walking Wake|88/100 par
|turn|24
|
|t:|1779899350
|move|p1a: Walking Wake|Dragon Pulse|p2a: Chimecho
|-crit|p2a: Chimecho
|-damage|p2a: Chimecho|0 fnt
|faint|p2a: Chimecho
|
|upkeep
|
|t:|1779899357
|switch|p2a: Garganacl|Garganacl, M|100/100
|-damage|p2a: Garganacl|88/100|[from] Stealth Rock
|turn|25
|
|t:|1779899367
|-terastallize|p1a: Walking Wake|Water
|move|p1a: Walking Wake|Hydro Steam|p2a: Garganacl
|-supereffective|p2a: Garganacl
|-damage|p2a: Garganacl|0 fnt
|faint|p2a: Garganacl
|
|upkeep
|
|t:|1779899372
|switch|p2a: Polteageist|Polteageist|100/100
|-damage|p2a: Polteageist|88/100|[from] Stealth Rock
|turn|26
|
|t:|1779899379
|move|p2a: Polteageist|Strength Sap|p1a: Walking Wake
|-unboost|p1a: Walking Wake|atk|1
|-heal|p2a: Polteageist|100/100
|move|p1a: Walking Wake|Hydro Steam|p2a: Polteageist
|-damage|p2a: Polteageist|38/100
|
|upkeep
|turn|27
|
|t:|1779899394
|move|p2a: Polteageist|Strength Sap|p1a: Walking Wake
|-unboost|p1a: Walking Wake|atk|1
|-heal|p2a: Polteageist|78/100
|move|p1a: Walking Wake|Hydro Steam|p2a: Polteageist
|-damage|p2a: Polteageist|11/100
|
|upkeep
|turn|28
|
|t:|1779899402
|-end|p1a: Walking Wake|Protosynthesis|[silent]
|switch|p1a: Iron Treads|Iron Treads|43/100
|move|p2a: Polteageist|Shell Smash|p2a: Polteageist
|-unboost|p2a: Polteageist|def|1
|-unboost|p2a: Polteageist|spd|1
|-boost|p2a: Polteageist|atk|2
|-boost|p2a: Polteageist|spa|2
|-boost|p2a: Polteageist|spe|2
|
|upkeep
|turn|29
|
|t:|1779899410
|move|p2a: Polteageist|Stored Power|p1a: Iron Treads
|-resisted|p1a: Iron Treads
|-damage|p1a: Iron Treads|0 fnt
|faint|p1a: Iron Treads
|-end|p1a: Iron Treads|Quark Drive|[silent]
|
|upkeep
|
|t:|1779899413
|switch|p1a: Walking Wake|Walking Wake, tera:Water|88/100 par
|turn|30
|l|☆Glp2
|inactive|Glp2 disconnected and has a minute to reconnect!
|player|p1|
|j|☆Glp2
|inactive|Glp2 reconnected and has 140 seconds left.
|player|p1|Glp2|iris-gen5bw2|
|l|☆Glp2
|inactive|Glp2 disconnected and has a minute to reconnect!
|player|p1|
|j|☆Glp2
|inactive|Glp2 reconnected and has 130 seconds left.
|player|p1|Glp2|iris-gen5bw2|
|
|t:|1779899436
|move|p2a: Polteageist|Stored Power|p1a: Walking Wake
|-damage|p1a: Walking Wake|11/100 par
|move|p1a: Walking Wake|Hydro Steam|p2a: Polteageist
|-damage|p2a: Polteageist|0 fnt
|faint|p2a: Polteageist
|
|win|Glp2
|raw|Glp2's rating: 1323 &rarr; <strong>1343</strong><br />(+20 for winning)
|raw|banjo guro's rating: 1319 &rarr; <strong>1299</strong><br />(-20 for losing)
|l|☆banjo guro
|player|p2|
|l|☆Glp2
|player|p1|
