|j|☆nianling
|j|☆prepare 4 die
|t:|1779956577
|gametype|singles
|player|p1|nianling|265|1358
|player|p2|prepare 4 die|wallace|1376
|gen|9
|tier|[Gen 9] OU
|rated|
|rule|HP Percentage Mod: HP is shown in percentages
|rule|Endless Battle Clause: Forcing endless battles is banned
|rule|Species Clause: Limit one of each Pokémon
|rule|OHKO Clause: OHKO moves are banned
|rule|Evasion Items Clause: Evasion items are banned
|rule|Evasion Moves Clause: Evasion moves are banned
|rule|Evasion Abilities Clause: Evasion abilities are banned
|rule|Sleep Moves Clause: Sleep-inducing moves are banned
|clearpoke
|poke|p1|Tyranitar, F|
|poke|p1|Excadrill, M|
|poke|p1|Keldeo-Resolute|
|poke|p1|Tornadus-Therian, M|
|poke|p1|Heatran, F|
|poke|p1|Hydrapple, M|
|poke|p2|Palossand, F|
|poke|p2|Iron Crown|
|poke|p2|Ogerpon-Wellspring, F|
|poke|p2|Glimmora, F|
|poke|p2|Tyranitar, F|
|poke|p2|Kyurem|
|teampreview
|inactive|Battle timer is ON: inactive players will automatically lose when time's up. (requested by nianling)
|inactive|prepare 4 die has 120 seconds left.
|
|t:|1779956638
|teamsize|p1|6
|teamsize|p2|6
|start
|switch|p1a: Tornadus|Tornadus-Therian, M|100/100
|switch|p2a: Glimmora|Glimmora, F|100/100
|turn|1
|
|t:|1779956652
|move|p1a: Tornadus|Taunt|p2a: Glimmora
|-start|p2a: Glimmora|move: Taunt
|cant|p2a: Glimmora|move: Taunt|Stealth Rock
|
|upkeep
|turn|2
|
|t:|1779956665
|move|p1a: Tornadus|Bleakwind Storm|p2a: Glimmora
|-resisted|p2a: Glimmora
|-damage|p2a: Glimmora|76/100
|-unboost|p2a: Glimmora|spe|1
|move|p2a: Glimmora|Mortal Spin|p1a: Tornadus
|-damage|p1a: Tornadus|94/100
|-status|p1a: Tornadus|psn
|
|-damage|p1a: Tornadus|82/100 psn|[from] psn
|upkeep
|turn|3
|
|t:|1779956678
|switch|p1a: Tyranitar|Tyranitar, F|100/100
|-weather|Sandstorm|[from] ability: Sand Stream|[of] p1a: Tyranitar
|move|p2a: Glimmora|Earth Power|p1a: Tyranitar
|-supereffective|p1a: Tyranitar
|-damage|p1a: Tyranitar|59/100
|
|-weather|Sandstorm|[upkeep]
|-end|p2a: Glimmora|move: Taunt
|upkeep
|turn|4
|
|t:|1779956694
|move|p1a: Tyranitar|Knock Off|p2a: Glimmora
|-damage|p2a: Glimmora|0 fnt
|-activate|p2a: Glimmora|ability: Toxic Debris
|-sidestart|p1: nianling|move: Toxic Spikes
|-enditem|p2a: Glimmora|Power Herb|[from] move: Knock Off|[of] p1a: Tyranitar
|faint|p2a: Glimmora
|
|-weather|Sandstorm|[upkeep]
|upkeep
|
|t:|1779956710
|switch|p2a: Ogerpon|Ogerpon-Wellspring, F|100/100
|turn|5
|
|t:|1779956717
|switch|p1a: Hydrapple|Hydrapple, M|100/100
|-status|p1a: Hydrapple|psn
|move|p2a: Ogerpon|U-turn|p1a: Hydrapple
|-supereffective|p1a: Hydrapple
|-damage|p1a: Hydrapple|69/100 psn
|-damage|p2a: Ogerpon|84/100|[from] item: Rocky Helmet|[of] p1a: Hydrapple
|inactive|prepare 4 die has 120 seconds left.
|
|t:|1779956741
|switch|p2a: Tyranitar|Tyranitar, F|100/100|[from] U-turn
|
|-weather|Sandstorm|[upkeep]
|-damage|p1a: Hydrapple|63/100 psn|[from] Sandstorm
|-damage|p1a: Hydrapple|51/100 psn|[from] psn
|upkeep
|turn|6
|
|t:|1779956755
|switch|p1a: Keldeo|Keldeo-Resolute|100/100
|-status|p1a: Keldeo|psn
|move|p2a: Tyranitar|Knock Off|p1a: Keldeo
|-resisted|p1a: Keldeo
|-damage|p1a: Keldeo|51/100 psn
|-ability|p1a: Keldeo|Justified|boost
|-boost|p1a: Keldeo|atk|1
|-enditem|p1a: Keldeo|Choice Specs|[from] move: Knock Off|[of] p2a: Tyranitar
|
|-weather|Sandstorm|[upkeep]
|-damage|p1a: Keldeo|44/100 psn|[from] Sandstorm
|-damage|p1a: Keldeo|32/100 psn|[from] psn
|upkeep
|turn|7
|
|t:|1779956765
|switch|p2a: Ogerpon|Ogerpon-Wellspring, F|84/100
|move|p1a: Keldeo|Secret Sword|p2a: Ogerpon
|-damage|p2a: Ogerpon|30/100
|
|-weather|none
|-damage|p1a: Keldeo|20/100 psn|[from] psn
|upkeep
|turn|8
|
|t:|1779956776
|move|p2a: Ogerpon|Spikes|p1a: Keldeo
|-sidestart|p1: nianling|Spikes
|move|p1a: Keldeo|Secret Sword|p2a: Ogerpon
|-damage|p2a: Ogerpon|0 fnt
|faint|p2a: Ogerpon
|
|-damage|p1a: Keldeo|7/100 psn|[from] psn
|upkeep
|
|t:|1779956782
|switch|p2a: Palossand|Palossand, F|100/100
|turn|9
|
|t:|1779956794
|move|p1a: Keldeo|Surf|p2a: Palossand
|-supereffective|p2a: Palossand
|-damage|p2a: Palossand|17/100
|-ability|p2a: Palossand|Water Compaction|boost
|-boost|p2a: Palossand|def|2
|-enditem|p2a: Palossand|Weakness Policy
|-boost|p2a: Palossand|atk|2|[from] item: Weakness Policy
|-boost|p2a: Palossand|spa|2|[from] item: Weakness Policy
|move|p2a: Palossand|Shore Up|p2a: Palossand
|-heal|p2a: Palossand|67/100
|
|-damage|p1a: Keldeo|0 fnt|[from] psn
|faint|p1a: Keldeo
|upkeep
|
|t:|1779956808
|switch|p1a: Tyranitar|Tyranitar, F|59/100
|-status|p1a: Tyranitar|psn
|-damage|p1a: Tyranitar|47/100 psn|[from] Spikes
|-weather|Sandstorm|[from] ability: Sand Stream|[of] p1a: Tyranitar
|turn|10
|
|t:|1779956815
|-terastallize|p2a: Palossand|Poison
|move|p1a: Tyranitar|Knock Off|p2a: Palossand
|-damage|p2a: Palossand|44/100
|move|p2a: Palossand|Shore Up|p2a: Palossand
|-heal|p2a: Palossand|100/100
|
|-weather|Sandstorm|[upkeep]
|-damage|p2a: Palossand|94/100|[from] Sandstorm
|-damage|p1a: Tyranitar|35/100 psn|[from] psn
|upkeep
|turn|11
|inactive|nianling has 120 seconds left.
|
|t:|1779956846
|move|p1a: Tyranitar|Knock Off|p2a: Palossand
|-damage|p2a: Palossand|74/100
|move|p2a: Palossand|Shadow Ball|p1a: Tyranitar
|-resisted|p1a: Tyranitar
|-damage|p1a: Tyranitar|14/100 psn
|
|-weather|Sandstorm|[upkeep]
|-damage|p2a: Palossand|68/100|[from] Sandstorm
|-damage|p1a: Tyranitar|2/100 psn|[from] psn
|upkeep
|turn|12
|
|t:|1779956849
|move|p1a: Tyranitar|Knock Off|p2a: Palossand
|-damage|p2a: Palossand|47/100
|move|p2a: Palossand|Shore Up|p2a: Palossand
|-heal|p2a: Palossand|100/100
|
|-weather|Sandstorm|[upkeep]
|-damage|p2a: Palossand|94/100|[from] Sandstorm
|-damage|p1a: Tyranitar|0 fnt|[from] psn
|faint|p1a: Tyranitar
|upkeep
|
|t:|1779956855
|switch|p1a: Heatran|Heatran, F|100/100
|-damage|p1a: Heatran|88/100|[from] Spikes
|turn|13
|
|t:|1779956859
|-terastallize|p1a: Heatran|Flying
|move|p1a: Heatran|Magma Storm|p2a: Palossand
|-damage|p2a: Palossand|56/100
|-activate|p2a: Palossand|move: Magma Storm|[of] p1a: Heatran
|move|p2a: Palossand|Earth Power|p1a: Heatran
|-immune|p1a: Heatran
|
|-weather|Sandstorm|[upkeep]
|-damage|p1a: Heatran|82/100|[from] Sandstorm
|-damage|p2a: Palossand|50/100|[from] Sandstorm
|-heal|p1a: Heatran|88/100|[from] item: Leftovers
|-damage|p2a: Palossand|37/100|[from] move: Magma Storm|[partiallytrapped]
|upkeep
|turn|14
|
|t:|1779956866
|move|p1a: Heatran|Taunt|p2a: Palossand
|-start|p2a: Palossand|move: Taunt
|move|p2a: Palossand|Shadow Ball|p1a: Heatran
|-damage|p1a: Heatran|54/100
|
|-weather|none
|-heal|p1a: Heatran|61/100|[from] item: Leftovers
|-damage|p2a: Palossand|25/100|[from] move: Magma Storm|[partiallytrapped]
|upkeep
|turn|15
|
|t:|1779956870
|move|p1a: Heatran|Earth Power|p2a: Palossand
|-supereffective|p2a: Palossand
|-damage|p2a: Palossand|0 fnt
|faint|p2a: Palossand
|
|-heal|p1a: Heatran|67/100|[from] item: Leftovers
|upkeep
|
|t:|1779956880
|switch|p2a: Kyurem|Kyurem|100/100
|-ability|p2a: Kyurem|Pressure
|turn|16
|
|t:|1779956901
|switch|p1a: Hydrapple|Hydrapple, M|84/100 psn
|-damage|p1a: Hydrapple|72/100 psn|[from] Spikes
|move|p2a: Kyurem|Icicle Spear|p1a: Hydrapple
|-supereffective|p1a: Hydrapple
|-damage|p1a: Hydrapple|42/100 psn
|-supereffective|p1a: Hydrapple
|-damage|p1a: Hydrapple|12/100 psn
|-supereffective|p1a: Hydrapple
|-damage|p1a: Hydrapple|0 fnt
|faint|p1a: Hydrapple
|-hitcount|p1: Hydrapple|3
|
|upkeep
|
|t:|1779956908
|switch|p1a: Excadrill|Excadrill, M|100/100
|-item|p1a: Excadrill|Air Balloon
|turn|17
|
|t:|1779956912
|move|p2a: Kyurem|Dragon Dance|p2a: Kyurem
|-boost|p2a: Kyurem|atk|1
|-boost|p2a: Kyurem|spe|1
|move|p1a: Excadrill|Iron Head|p2a: Kyurem
|-supereffective|p2a: Kyurem
|-damage|p2a: Kyurem|0 fnt
|faint|p2a: Kyurem
|
|upkeep
|
|t:|1779956915
|switch|p2a: Iron Crown|Iron Crown|100/100
|turn|18
|inactive|nianling has 120 seconds left.
|
|t:|1779956959
|switch|p1a: Tornadus|Tornadus-Therian, M|100/100 psn
|move|p2a: Iron Crown|Focus Blast|p1a: Tornadus|[miss]
|-miss|p2a: Iron Crown|p1a: Tornadus
|
|-damage|p1a: Tornadus|88/100 psn|[from] psn
|upkeep
|turn|19
|
|t:|1779956968
|-end|p2a: Iron Crown|Quark Drive|[silent]
|switch|p2a: Tyranitar|Tyranitar, F|100/100
|-weather|Sandstorm|[from] ability: Sand Stream|[of] p2a: Tyranitar
|move|p1a: Tornadus|Heat Wave|p2a: Tyranitar
|-resisted|p2a: Tyranitar
|-damage|p2a: Tyranitar|93/100
|
|-weather|Sandstorm|[upkeep]
|-damage|p1a: Tornadus|82/100 psn|[from] Sandstorm
|-damage|p1a: Tornadus|69/100 psn|[from] psn
|upkeep
|turn|20
|inactive|nianling has 120 seconds left.
|
|t:|1779956978
|move|p1a: Tornadus|U-turn|p2a: Tyranitar
|-supereffective|p2a: Tyranitar
|-damage|p2a: Tyranitar|64/100
|
|t:|1779956979
|switch|p1a: Heatran|Heatran, F, tera:Flying|67/100|[from] U-turn
|move|p2a: Tyranitar|Knock Off|p1a: Heatran
|-crit|p1a: Heatran
|-damage|p1a: Heatran|0 fnt
|-enditem|p1a: Heatran|Leftovers|[from] move: Knock Off|[of] p2a: Tyranitar
|faint|p1a: Heatran
|
|-weather|Sandstorm|[upkeep]
|upkeep
|
|t:|1779956983
|switch|p1a: Excadrill|Excadrill, M|100/100
|-item|p1a: Excadrill|Air Balloon
|turn|21
|
|t:|1779956985
|move|p1a: Excadrill|Earthquake|p2a: Tyranitar
|-supereffective|p2a: Tyranitar
|-damage|p2a: Tyranitar|0 fnt
|faint|p2a: Tyranitar
|
|-weather|Sandstorm|[upkeep]
|upkeep
|
|t:|1779956987
|switch|p2a: Iron Crown|Iron Crown|100/100
|turn|22
|
|t:|1779956989
|move|p1a: Excadrill|Earthquake|p2a: Iron Crown
|-supereffective|p2a: Iron Crown
|-damage|p2a: Iron Crown|0 fnt
|faint|p2a: Iron Crown
|-end|p2a: Iron Crown|Quark Drive|[silent]
|
|win|nianling
|raw|nianling's rating: 1358 &rarr; <strong>1379</strong><br />(+21 for winning)
|raw|prepare 4 die's rating: 1376 &rarr; <strong>1355</strong><br />(-21 for losing)
|l|☆nianling
|player|p1|
|j|☆nianling
|player|p1|nianling|265|
|l|☆nianling
|player|p1|
|l|☆prepare 4 die
|player|p2|
