|j|☆DemonycQuestions
|j|☆4uu33ub3br
|t:|1779959073
|gametype|singles
|player|p1|DemonycQuestions|gentleman-gen1rb|1137
|player|p2|4uu33ub3br|1|1164
|gen|9
|tier|[Gen 9] OU
|rated|
|rule|HP Percentage Mod: HP is shown in percentages
|rule|Endless Battle Clause: Forcing endless battles is banned
|rule|Species Clause: Limit one of each Pokémon
|rule|OHKO Clause: OHKO moves are banned
|rule|Evasion Items Clause: Evasion items are banned
|rule|Evasion Moves Clause: Evasion moves are banned
|rule|Evasion Abilities Clause: Evasion abilities are banned
|rule|Sleep Moves Clause: Sleep-inducing moves are banned
|clearpoke
|poke|p1|Feraligatr, M|
|poke|p1|Zapdos|
|poke|p1|Lucario, F|
|poke|p1|Kleavor, F|
|poke|p1|Hydrapple, F|
|poke|p1|Ceruledge, M|
|poke|p2|Ditto|
|poke|p2|Clefable, F|
|poke|p2|Toxapex, F|
|poke|p2|Garganacl, F|
|poke|p2|Mew|
|poke|p2|Rotom-Wash|
|teampreview
|inactive|Battle timer is ON: inactive players will automatically lose when time's up. (requested by 4uu33ub3br)
|
|t:|1779959086
|teamsize|p1|6
|teamsize|p2|6
|start
|switch|p1a: Clavo|Kleavor, F, shiny|100/100
|switch|p2a: Rotom|Rotom-Wash|100/100
|turn|1
|
|t:|1779959098
|move|p2a: Rotom|Hydro Pump|p1a: Clavo
|-supereffective|p1a: Clavo
|-damage|p1a: Clavo|21/100
|move|p1a: Clavo|Stone Axe|p2a: Rotom
|-damage|p2a: Rotom|38/100
|-sidestart|p2: 4uu33ub3br|move: Stealth Rock
|
|upkeep
|turn|2
|
|t:|1779959127
|switch|p1a: Hydromiel|Hydrapple, F, shiny|100/100
|move|p2a: Rotom|Hydro Pump|p1a: Hydromiel
|-resisted|p1a: Hydromiel
|-damage|p1a: Hydromiel|93/100
|
|upkeep
|turn|3
|
|t:|1779959136
|switch|p2a: Mew|Mew|100/100
|-damage|p2a: Mew|88/100|[from] Stealth Rock
|move|p1a: Hydromiel|Nasty Plot|p1a: Hydromiel
|-boost|p1a: Hydromiel|spa|2
|
|upkeep
|turn|4
|
|t:|1779959143
|move|p2a: Mew|Toxic|p1a: Hydromiel
|-status|p1a: Hydromiel|tox
|move|p1a: Hydromiel|Pollen Puff|p2a: Mew
|-supereffective|p2a: Mew
|-damage|p2a: Mew|0 fnt
|faint|p2a: Mew
|
|-damage|p1a: Hydromiel|86/100 tox|[from] psn
|upkeep
|
|t:|1779959149
|switch|p2a: Ditto|Ditto|100/100
|-damage|p2a: Ditto|88/100|[from] Stealth Rock
|-transform|p2a: Ditto|p1a: Hydromiel|[from] ability: Imposter
|turn|5
|
|t:|1779959158
|-terastallize|p1a: Hydromiel|Steel
|move|p2a: Ditto|Draco Meteor|p1a: Hydromiel
|-resisted|p1a: Hydromiel
|-damage|p1a: Hydromiel|30/100 tox
|-unboost|p2a: Ditto|spa|2
|move|p1a: Hydromiel|Pollen Puff|p2a: Ditto
|-supereffective|p2a: Ditto
|-damage|p2a: Ditto|0 fnt
|faint|p2a: Ditto
|
|-damage|p1a: Hydromiel|18/100 tox|[from] psn
|upkeep
|
|t:|1779959172
|switch|p2a: Rotom|Rotom-Wash|38/100
|-damage|p2a: Rotom|25/100|[from] Stealth Rock
|turn|6
|
|t:|1779959180
|switch|p1a: Zapatos|Zapdos|100/100
|move|p2a: Rotom|Hydro Pump|p1a: Zapatos
|-crit|p1a: Zapatos
|-damage|p1a: Zapatos|42/100
|
|upkeep
|turn|7
|
|t:|1779959186
|move|p2a: Rotom|Hydro Pump|p1a: Zapatos
|-damage|p1a: Zapatos|3/100
|move|p1a: Zapatos|Volt Switch|p2a: Rotom
|-damage|p2a: Rotom|4/100
|
|t:|1779959196
|switch|p1a: Dónde está mi agua|Feraligatr, M, shiny|100/100|[from] Volt Switch
|
|upkeep
|turn|8
|
|t:|1779959200
|switch|p2a: Toxapex|Toxapex, F|100/100
|-damage|p2a: Toxapex|88/100|[from] Stealth Rock
|move|p1a: Dónde está mi agua|Dragon Dance|p1a: Dónde está mi agua
|-boost|p1a: Dónde está mi agua|atk|1
|-boost|p1a: Dónde está mi agua|spe|1
|
|-heal|p2a: Toxapex|94/100|[from] item: Black Sludge
|upkeep
|turn|9
|
|t:|1779959205
|move|p1a: Dónde está mi agua|Liquidation|p2a: Toxapex
|-resisted|p2a: Toxapex
|-damage|p2a: Toxapex|67/100
|move|p2a: Toxapex|Toxic|p1a: Dónde está mi agua
|-status|p1a: Dónde está mi agua|tox
|
|-heal|p2a: Toxapex|74/100|[from] item: Black Sludge
|-damage|p1a: Dónde está mi agua|94/100 tox|[from] psn
|upkeep
|turn|10
|
|t:|1779959211
|move|p1a: Dónde está mi agua|Liquidation|p2a: Toxapex
|-resisted|p2a: Toxapex
|-crit|p2a: Toxapex
|-damage|p2a: Toxapex|26/100
|move|p2a: Toxapex|Haze|p2a: Toxapex
|-clearallboost
|
|-heal|p2a: Toxapex|32/100|[from] item: Black Sludge
|-damage|p1a: Dónde está mi agua|82/100 tox|[from] psn
|upkeep
|turn|11
|
|t:|1779959218
|switch|p2a: Rotom|Rotom-Wash|4/100
|-damage|p2a: Rotom|0 fnt|[from] Stealth Rock
|faint|p2a: Rotom
|move|p1a: Dónde está mi agua|Liquidation|p2: Rotom|[notarget]
|-fail|p1a: Dónde está mi agua
|
|-damage|p1a: Dónde está mi agua|64/100 tox|[from] psn
|upkeep
|
|t:|1779959231
|switch|p2a: Toxapex|Toxapex, F|66/100
|-damage|p2a: Toxapex|53/100|[from] Stealth Rock
|turn|12
|
|t:|1779959240
|move|p1a: Dónde está mi agua|Liquidation|p2a: Toxapex
|-resisted|p2a: Toxapex
|-damage|p2a: Toxapex|35/100
|move|p2a: Toxapex|Recover|p2a: Toxapex
|-heal|p2a: Toxapex|85/100
|
|-heal|p2a: Toxapex|91/100|[from] item: Black Sludge
|-damage|p1a: Dónde está mi agua|39/100 tox|[from] psn
|upkeep
|turn|13
|
|t:|1779959257
|switch|p1a: Zapatos|Zapdos|3/100
|move|p2a: Toxapex|Liquidation|p1a: Zapatos
|-damage|p1a: Zapatos|0 fnt
|faint|p1a: Zapatos
|
|-heal|p2a: Toxapex|97/100|[from] item: Black Sludge
|upkeep
|inactive|DemonycQuestions has 120 seconds left.
|
|t:|1779959279
|switch|p1a: Kakatana|Ceruledge, M|100/100
|turn|14
|inactive|4uu33ub3br has 120 seconds left.
|
|t:|1779959318
|move|p1a: Kakatana|Swords Dance|p1a: Kakatana
|-boost|p1a: Kakatana|atk|2
|move|p2a: Toxapex|Toxic|p1a: Kakatana
|-status|p1a: Kakatana|tox
|
|-heal|p2a: Toxapex|100/100|[from] item: Black Sludge
|-damage|p1a: Kakatana|94/100 tox|[from] psn
|upkeep
|turn|15
|
|t:|1779959325
|move|p1a: Kakatana|Poltergeist|p2a: Toxapex
|-activate|p2a: Toxapex|move: Poltergeist|Black Sludge
|-damage|p2a: Toxapex|36/100
|move|p2a: Toxapex|Haze|p2a: Toxapex
|-clearallboost
|
|-heal|p2a: Toxapex|43/100|[from] item: Black Sludge
|-damage|p1a: Kakatana|82/100 tox|[from] psn
|upkeep
|turn|16
|
|t:|1779959331
|move|p1a: Kakatana|Poltergeist|p2a: Toxapex
|-activate|p2a: Toxapex|move: Poltergeist|Black Sludge
|-crit|p2a: Toxapex
|-damage|p2a: Toxapex|0 fnt
|faint|p2a: Toxapex
|
|-damage|p1a: Kakatana|63/100 tox|[from] psn
|upkeep
|
|t:|1779959336
|switch|p2a: Garganacl|Garganacl, F|100/100
|-damage|p2a: Garganacl|88/100|[from] Stealth Rock
|turn|17
|
|t:|1779959352
|move|p1a: Kakatana|Swords Dance|p1a: Kakatana
|-boost|p1a: Kakatana|atk|2
|move|p2a: Garganacl|Curse|p2a: Garganacl
|-unboost|p2a: Garganacl|spe|1
|-boost|p2a: Garganacl|atk|1
|-boost|p2a: Garganacl|def|1
|
|-heal|p2a: Garganacl|94/100|[from] item: Leftovers
|-damage|p1a: Kakatana|39/100 tox|[from] psn
|upkeep
|turn|18
|
|t:|1779959359
|move|p1a: Kakatana|Poltergeist|p2a: Garganacl
|-activate|p2a: Garganacl|move: Poltergeist|Leftovers
|-damage|p2a: Garganacl|69/100
|move|p2a: Garganacl|Recover|p2a: Garganacl
|-heal|p2a: Garganacl|100/100
|
|-damage|p1a: Kakatana|8/100 tox|[from] psn
|upkeep
|turn|19
|
|t:|1779959363
|move|p1a: Kakatana|Poltergeist|p2a: Garganacl
|-activate|p2a: Garganacl|move: Poltergeist|Leftovers
|-damage|p2a: Garganacl|76/100
|move|p2a: Garganacl|Curse|p2a: Garganacl
|-unboost|p2a: Garganacl|spe|1
|-boost|p2a: Garganacl|atk|1
|-boost|p2a: Garganacl|def|1
|
|-heal|p2a: Garganacl|82/100|[from] item: Leftovers
|-damage|p1a: Kakatana|0 fnt|[from] psn
|faint|p1a: Kakatana
|upkeep
|
|t:|1779959371
|switch|p1a: Ki|Lucario, F|100/100
|turn|20
|
|t:|1779959376
|move|p1a: Ki|Aura Sphere|p2a: Garganacl
|-supereffective|p2a: Garganacl
|-damage|p2a: Garganacl|21/100
|move|p2a: Garganacl|Salt Cure|p1a: Ki
|-resisted|p1a: Ki
|-damage|p1a: Ki|90/100
|-start|p1a: Ki|Salt Cure
|
|-heal|p2a: Garganacl|27/100|[from] item: Leftovers
|-damage|p1a: Ki|65/100|[from] Salt Cure
|upkeep
|turn|21
|
|t:|1779959387
|move|p1a: Ki|Aura Sphere|p2a: Garganacl
|-supereffective|p2a: Garganacl
|-damage|p2a: Garganacl|0 fnt
|faint|p2a: Garganacl
|
|-damage|p1a: Ki|40/100|[from] Salt Cure
|upkeep
|
|t:|1779959390
|switch|p2a: Clefable|Clefable, F|100/100
|turn|22
|
|t:|1779959399
|switch|p1a: Clavo|Kleavor, F, shiny|21/100
|-terastallize|p2a: Clefable|Water
|move|p2a: Clefable|Cosmic Power|p2a: Clefable
|-boost|p2a: Clefable|def|1
|-boost|p2a: Clefable|spd|1
|
|upkeep
|turn|23
|
|t:|1779959411
|move|p1a: Clavo|X-Scissor|p2a: Clefable
|-damage|p2a: Clefable|52/100
|move|p2a: Clefable|Cosmic Power|p2a: Clefable
|-boost|p2a: Clefable|def|1
|-boost|p2a: Clefable|spd|1
|
|-heal|p2a: Clefable|58/100|[from] item: Leftovers
|upkeep
|turn|24
|
|t:|1779959418
|move|p1a: Clavo|X-Scissor|p2a: Clefable
|-damage|p2a: Clefable|21/100
|move|p2a: Clefable|Moonlight|p2a: Clefable
|-heal|p2a: Clefable|71/100
|
|-heal|p2a: Clefable|77/100|[from] item: Leftovers
|upkeep
|turn|25
|
|t:|1779959429
|move|p1a: Clavo|X-Scissor|p2a: Clefable
|-damage|p2a: Clefable|40/100
|move|p2a: Clefable|Cosmic Power|p2a: Clefable
|-boost|p2a: Clefable|def|1
|-boost|p2a: Clefable|spd|1
|
|-heal|p2a: Clefable|46/100|[from] item: Leftovers
|upkeep
|turn|26
|
|t:|1779959444
|switch|p1a: Hydromiel|Hydrapple, F, shiny, tera:Steel|51/100 tox
|move|p2a: Clefable|Moonlight|p2a: Clefable
|-heal|p2a: Clefable|96/100
|
|-heal|p2a: Clefable|100/100|[from] item: Leftovers
|-damage|p1a: Hydromiel|45/100 tox|[from] psn
|upkeep
|turn|27
|
|t:|1779959450
|move|p2a: Clefable|Cosmic Power|p2a: Clefable
|-boost|p2a: Clefable|def|1
|-boost|p2a: Clefable|spd|1
|move|p1a: Hydromiel|Nasty Plot|p1a: Hydromiel
|-boost|p1a: Hydromiel|spa|2
|
|-damage|p1a: Hydromiel|32/100 tox|[from] psn
|upkeep
|turn|28
|
|t:|1779959455
|move|p2a: Clefable|Stored Power|p1a: Hydromiel
|-resisted|p1a: Hydromiel
|-damage|p1a: Hydromiel|16/100 tox
|move|p1a: Hydromiel|Giga Drain|p2a: Clefable
|-supereffective|p2a: Clefable
|-damage|p2a: Clefable|62/100
|-heal|p1a: Hydromiel|35/100 tox|[from] drain|[of] p2a: Clefable
|
|-heal|p2a: Clefable|68/100|[from] item: Leftovers
|-damage|p1a: Hydromiel|16/100 tox|[from] psn
|upkeep
|turn|29
|
|t:|1779959463
|move|p2a: Clefable|Stored Power|p1a: Hydromiel
|-resisted|p1a: Hydromiel
|-damage|p1a: Hydromiel|0 fnt
|faint|p1a: Hydromiel
|
|-heal|p2a: Clefable|74/100|[from] item: Leftovers
|upkeep
|
|t:|1779959469
|switch|p1a: Dónde está mi agua|Feraligatr, M, shiny|39/100 tox
|turn|30
|
|t:|1779959475
|move|p1a: Dónde está mi agua|Liquidation|p2a: Clefable
|-resisted|p2a: Clefable
|-damage|p2a: Clefable|63/100
|move|p2a: Clefable|Cosmic Power|p2a: Clefable
|-boost|p2a: Clefable|def|1
|-boost|p2a: Clefable|spd|1
|
|-heal|p2a: Clefable|69/100|[from] item: Leftovers
|-damage|p1a: Dónde está mi agua|33/100 tox|[from] psn
|upkeep
|turn|31
|
|t:|1779959477
|move|p1a: Dónde está mi agua|Liquidation|p2a: Clefable
|-resisted|p2a: Clefable
|-damage|p2a: Clefable|60/100
|move|p2a: Clefable|Cosmic Power|p2a: Clefable
|-boost|p2a: Clefable|def|1
|-boost|p2a: Clefable|spd|1
|
|-heal|p2a: Clefable|66/100|[from] item: Leftovers
|-damage|p1a: Dónde está mi agua|21/100 tox|[from] psn
|upkeep
|turn|32
|
|t:|1779959480
|move|p1a: Dónde está mi agua|Liquidation|p2a: Clefable
|-resisted|p2a: Clefable
|-damage|p2a: Clefable|58/100
|move|p2a: Clefable|Moonlight|p2a: Clefable
|-heal|p2a: Clefable|100/100
|
|-damage|p1a: Dónde está mi agua|3/100 tox|[from] psn
|upkeep
|turn|33
|
|t:|1779959483
|move|p1a: Dónde está mi agua|Liquidation|p2a: Clefable
|-resisted|p2a: Clefable
|-damage|p2a: Clefable|93/100
|move|p2a: Clefable|Calm Mind|p2a: Clefable
|-boost|p2a: Clefable|spa|1
|-boost|p2a: Clefable|spd|0
|
|-heal|p2a: Clefable|99/100|[from] item: Leftovers
|-damage|p1a: Dónde está mi agua|0 fnt|[from] psn
|faint|p1a: Dónde está mi agua
|upkeep
|
|t:|1779959488
|switch|p1a: Clavo|Kleavor, F, shiny|21/100
|turn|34
|
|t:|1779959492
|move|p1a: Clavo|Trailblaze|p2a: Clefable
|-supereffective|p2a: Clefable
|-damage|p2a: Clefable|90/100
|-boost|p1a: Clavo|spe|1
|move|p2a: Clefable|Stored Power|p1a: Clavo
|-damage|p1a: Clavo|0 fnt
|faint|p1a: Clavo
|
|-heal|p2a: Clefable|96/100|[from] item: Leftovers
|upkeep
|
|t:|1779959495
|switch|p1a: Ki|Lucario, F|40/100
|turn|35
|
|t:|1779959499
|move|p1a: Ki|Shadow Ball|p2a: Clefable
|-damage|p2a: Clefable|90/100
|move|p2a: Clefable|Stored Power|p1a: Ki
|-damage|p1a: Ki|0 fnt
|faint|p1a: Ki
|
|win|4uu33ub3br
|raw|DemonycQuestions's rating: 1137 &rarr; <strong>1114</strong><br />(-23 for losing)
|raw|4uu33ub3br's rating: 1164 &rarr; <strong>1187</strong><br />(+23 for winning)
|l|☆4uu33ub3br
|player|p2|
|l|☆DemonycQuestions
|player|p1|
