|j|☆P4SSI0N熱情
|j|☆Furioelectr0
|t:|1779886646
|gametype|singles
|player|p1|P4SSI0N熱情|bruno|1277
|player|p2|Furioelectr0|2|1329
|gen|9
|tier|[Gen 9] OU
|rated|
|rule|HP Percentage Mod: HP is shown in percentages
|rule|Endless Battle Clause: Forcing endless battles is banned
|rule|Species Clause: Limit one of each Pokémon
|rule|OHKO Clause: OHKO moves are banned
|rule|Evasion Items Clause: Evasion items are banned
|rule|Evasion Moves Clause: Evasion moves are banned
|rule|Evasion Abilities Clause: Evasion abilities are banned
|rule|Sleep Moves Clause: Sleep-inducing moves are banned
|clearpoke
|poke|p1|Swampert, F|
|poke|p1|Quagsire, M|
|poke|p1|Gastrodon, F|
|poke|p1|Azumarill, M|
|poke|p1|Whiscash, M|
|poke|p1|Ditto|
|poke|p2|Garchomp, M|
|poke|p2|Iron Valiant|
|poke|p2|Kingambit, F|
|poke|p2|Dragapult, M|
|poke|p2|Dragonite, F|
|poke|p2|Great Tusk|
|teampreview
|inactive|Battle timer is ON: inactive players will automatically lose when time's up. (requested by P4SSI0N熱情)
|
|t:|1779886650
|teamsize|p1|6
|teamsize|p2|6
|start
|switch|p1a: Swampert|Swampert, F|100/100
|switch|p2a: Garchomp|Garchomp, M|100/100
|turn|1
|
|t:|1779886658
|-terastallize|p2a: Garchomp|Steel
|move|p2a: Garchomp|Stealth Rock|p1a: Swampert
|-sidestart|p1: P4SSI0N熱情|move: Stealth Rock
|move|p1a: Swampert|Stealth Rock|p2a: Garchomp
|-sidestart|p2: Furioelectr0|move: Stealth Rock
|
|upkeep
|turn|2
|
|t:|1779886664
|move|p2a: Garchomp|Spikes|p1a: Swampert
|-sidestart|p1: P4SSI0N熱情|Spikes
|move|p1a: Swampert|Earthquake|p2a: Garchomp
|-supereffective|p2a: Garchomp
|-enditem|p2a: Garchomp|Focus Sash
|-damage|p2a: Garchomp|1/100
|
|upkeep
|turn|3
|
|t:|1779886673
|move|p2a: Garchomp|Spikes|p1a: Swampert
|-sidestart|p1: P4SSI0N熱情|Spikes
|move|p1a: Swampert|Earthquake|p2a: Garchomp
|-supereffective|p2a: Garchomp
|-damage|p2a: Garchomp|0 fnt
|faint|p2a: Garchomp
|
|upkeep
|
|t:|1779886677
|switch|p2a: Great Tusk|Great Tusk|100/100
|-damage|p2a: Great Tusk|98/100|[from] Stealth Rock
|turn|4
|
|t:|1779886683
|move|p2a: Great Tusk|Rapid Spin|p1a: Swampert
|-damage|p1a: Swampert|84/100
|-boost|p2a: Great Tusk|spe|1
|-sideend|p2: Furioelectr0|Stealth Rock|[from] move: Rapid Spin|[of] p2a: Great Tusk
|move|p1a: Swampert|Avalanche|p2a: Great Tusk
|-supereffective|p2a: Great Tusk
|-damage|p2a: Great Tusk|38/100
|
|-heal|p1a: Swampert|90/100|[from] item: Leftovers
|upkeep
|turn|5
|
|t:|1779886694
|-end|p2a: Great Tusk|Protosynthesis|[silent]
|switch|p2a: Iron Valiant|Iron Valiant|100/100
|-enditem|p2a: Iron Valiant|Booster Energy
|-activate|p2a: Iron Valiant|ability: Quark Drive|[fromitem]
|-start|p2a: Iron Valiant|quarkdrivespe
|move|p1a: Swampert|Flip Turn|p2a: Iron Valiant
|-damage|p2a: Iron Valiant|58/100
|
|t:|1779886702
|switch|p1a: Gastrodon|Gastrodon, F|100/100|[from] Flip Turn
|-damage|p1a: Gastrodon|94/100|[from] Stealth Rock
|-damage|p1a: Gastrodon|78/100|[from] Spikes
|
|upkeep
|turn|6
|
|t:|1779886709
|move|p2a: Iron Valiant|Moonblast|p1a: Gastrodon
|-damage|p1a: Gastrodon|54/100
|move|p1a: Gastrodon|Clear Smog|p2a: Iron Valiant
|-supereffective|p2a: Iron Valiant
|-damage|p2a: Iron Valiant|14/100
|-clearboost|p2a: Iron Valiant
|
|upkeep
|turn|7
|
|t:|1779886716
|move|p2a: Iron Valiant|Close Combat|p1a: Gastrodon
|-crit|p1a: Gastrodon
|-damage|p1a: Gastrodon|0 fnt
|-unboost|p2a: Iron Valiant|def|1
|-unboost|p2a: Iron Valiant|spd|1
|faint|p1a: Gastrodon
|
|upkeep
|
|t:|1779886724
|switch|p1a: Azumarill|Azumarill, M|100/100
|-damage|p1a: Azumarill|88/100|[from] Stealth Rock
|-damage|p1a: Azumarill|72/100|[from] Spikes
|turn|8
|
|t:|1779886733
|-end|p2a: Iron Valiant|Quark Drive|[silent]
|switch|p2a: Dragonite|Dragonite, F|100/100
|move|p1a: Azumarill|Aqua Jet|p2a: Dragonite
|-resisted|p2a: Dragonite
|-damage|p2a: Dragonite|97/100
|
|upkeep
|turn|9
|
|t:|1779886742
|switch|p1a: Swampert|Swampert, F|90/100
|-damage|p1a: Swampert|84/100|[from] Stealth Rock
|-damage|p1a: Swampert|67/100|[from] Spikes
|move|p2a: Dragonite|Extreme Speed|p1a: Swampert
|-damage|p1a: Swampert|38/100
|
|-heal|p1a: Swampert|44/100|[from] item: Leftovers
|upkeep
|turn|10
|
|t:|1779886752
|move|p2a: Dragonite|Dragon Dance|p2a: Dragonite
|-boost|p2a: Dragonite|atk|1
|-boost|p2a: Dragonite|spe|1
|move|p1a: Swampert|Avalanche|p2a: Dragonite
|-supereffective|p2a: Dragonite
|-damage|p2a: Dragonite|3/100
|
|-heal|p1a: Swampert|50/100|[from] item: Leftovers
|upkeep
|turn|11
|
|t:|1779886767
|move|p2a: Dragonite|Extreme Speed|p1a: Swampert
|-damage|p1a: Swampert|6/100
|move|p1a: Swampert|Avalanche|p2a: Dragonite
|-supereffective|p2a: Dragonite
|-damage|p2a: Dragonite|0 fnt
|faint|p2a: Dragonite
|
|-heal|p1a: Swampert|12/100|[from] item: Leftovers
|upkeep
|
|t:|1779886771
|switch|p2a: Iron Valiant|Iron Valiant|14/100
|turn|12
|
|t:|1779886780
|move|p2a: Iron Valiant|Moonblast|p1a: Swampert
|-damage|p1a: Swampert|0 fnt
|faint|p1a: Swampert
|
|upkeep
|
|t:|1779886785
|switch|p1a: Azumarill|Azumarill, M|72/100
|-damage|p1a: Azumarill|59/100|[from] Stealth Rock
|-damage|p1a: Azumarill|43/100|[from] Spikes
|-enditem|p1a: Azumarill|Sitrus Berry|[eat]
|-heal|p1a: Azumarill|68/100|[from] item: Sitrus Berry
|turn|13
|
|t:|1779886800
|move|p1a: Azumarill|Aqua Jet|p2a: Iron Valiant
|-damage|p2a: Iron Valiant|0 fnt
|faint|p2a: Iron Valiant
|-end|p2a: Iron Valiant|Quark Drive|[silent]
|
|upkeep
|
|t:|1779886803
|switch|p2a: Great Tusk|Great Tusk|38/100
|turn|14
|
|t:|1779886813
|-end|p2a: Great Tusk|Protosynthesis|[silent]
|switch|p2a: Kingambit|Kingambit, F|100/100
|-activate|p2a: Kingambit|ability: Supreme Overlord
|-start|p2a: Kingambit|fallen3|[silent]
|move|p1a: Azumarill|Aqua Jet|p2a: Kingambit
|-damage|p2a: Kingambit|91/100
|
|upkeep
|turn|15
|
|t:|1779886822
|switch|p1a: Quagsire|Quagsire, M|100/100
|move|p2a: Kingambit|Iron Head|p1a: Quagsire
|-resisted|p1a: Quagsire
|-damage|p1a: Quagsire|78/100
|
|upkeep
|turn|16
|
|t:|1779886831
|-end|p2a: Kingambit|fallen3|[silent]
|switch|p2a: Dragapult|Dragapult, M|100/100
|move|p1a: Quagsire|Earthquake|p2a: Dragapult
|-damage|p2a: Dragapult|56/100
|
|upkeep
|turn|17
|
|t:|1779886840
|move|p2a: Dragapult|Draco Meteor|p1a: Quagsire
|-damage|p1a: Quagsire|0 fnt
|-unboost|p2a: Dragapult|spa|2
|faint|p1a: Quagsire
|
|upkeep
|
|t:|1779886847
|switch|p1a: Ditto|Ditto|100/100
|-damage|p1a: Ditto|88/100|[from] Stealth Rock
|-damage|p1a: Ditto|71/100|[from] Spikes
|-transform|p1a: Ditto|p2a: Dragapult|[from] ability: Imposter
|turn|18
|
|t:|1779886859
|switch|p2a: Great Tusk|Great Tusk|38/100
|move|p1a: Ditto|Shadow Ball|p2a: Great Tusk
|-damage|p2a: Great Tusk|13/100
|
|upkeep
|turn|19
|
|t:|1779886865
|move|p1a: Ditto|Shadow Ball|p2a: Great Tusk
|-damage|p2a: Great Tusk|0 fnt
|faint|p2a: Great Tusk
|-end|p2a: Great Tusk|Protosynthesis|[silent]
|
|upkeep
|
|t:|1779886869
|switch|p2a: Kingambit|Kingambit, F|91/100
|-activate|p2a: Kingambit|ability: Supreme Overlord
|-start|p2a: Kingambit|fallen4|[silent]
|turn|20
|
|t:|1779886882
|switch|p1a: Azumarill|Azumarill, M|68/100
|-damage|p1a: Azumarill|55/100|[from] Stealth Rock
|-damage|p1a: Azumarill|39/100|[from] Spikes
|move|p2a: Kingambit|Swords Dance|p2a: Kingambit
|-boost|p2a: Kingambit|atk|2
|
|upkeep
|turn|21
|
|t:|1779886891
|move|p2a: Kingambit|Sucker Punch|p1a: Azumarill
|-resisted|p1a: Azumarill
|-damage|p1a: Azumarill|0 fnt
|faint|p1a: Azumarill
|
|upkeep
|
|t:|1779886896
|switch|p1a: Ditto|Ditto|71/100
|-damage|p1a: Ditto|59/100|[from] Stealth Rock
|-damage|p1a: Ditto|42/100|[from] Spikes
|-transform|p1a: Ditto|p2a: Kingambit|[from] ability: Imposter
|-activate|p1a: Ditto|ability: Supreme Overlord
|-start|p1a: Ditto|fallen4|[silent]
|turn|22
|
|t:|1779886920
|move|p1a: Ditto|Kowtow Cleave|p2a: Kingambit
|-resisted|p2a: Kingambit
|-damage|p2a: Kingambit|39/100
|move|p2a: Kingambit|Kowtow Cleave|p1a: Ditto
|-resisted|p1a: Ditto
|-damage|p1a: Ditto|0 fnt
|faint|p1a: Ditto
|-end|p1a: Ditto|fallen4|[silent]
|
|upkeep
|
|t:|1779886928
|switch|p1a: Whiscash|Whiscash, M|100/100
|-damage|p1a: Whiscash|94/100|[from] Stealth Rock
|-damage|p1a: Whiscash|78/100|[from] Spikes
|turn|23
|
|t:|1779886944
|move|p2a: Kingambit|Sucker Punch|p1a: Whiscash
|-damage|p1a: Whiscash|0 fnt
|faint|p1a: Whiscash
|
|win|Furioelectr0
|raw|P4SSI0N熱情's rating: 1277 &rarr; <strong>1256</strong><br />(-21 for losing)
|raw|Furioelectr0's rating: 1329 &rarr; <strong>1346</strong><br />(+17 for winning)
|l|☆Furioelectr0
|player|p2|
|l|☆P4SSI0N熱情
|player|p1|
