|j|☆claudechamp
|j|☆backpackio
|t:|1779816382
|gametype|singles
|player|p1|claudechamp|265|1156
|player|p2|backpackio|olivia|1200
|gen|9
|tier|[Gen 9] OU
|rated|
|rule|HP Percentage Mod: HP is shown in percentages
|rule|Endless Battle Clause: Forcing endless battles is banned
|rule|Species Clause: Limit one of each Pokémon
|rule|OHKO Clause: OHKO moves are banned
|rule|Evasion Items Clause: Evasion items are banned
|rule|Evasion Moves Clause: Evasion moves are banned
|rule|Evasion Abilities Clause: Evasion abilities are banned
|rule|Sleep Moves Clause: Sleep-inducing moves are banned
|clearpoke
|poke|p1|Gliscor, M|
|poke|p1|Gholdengo|
|poke|p1|Zamazenta-*|
|poke|p1|Blissey, F|
|poke|p1|Skarmory, F|
|poke|p1|Pecharunt|
|poke|p2|Corviknight, F|
|poke|p2|Slowking-Galar, M|
|poke|p2|Deoxys-Speed|
|poke|p2|Ogerpon, F|
|poke|p2|Great Tusk|
|poke|p2|Darkrai|
|teampreview
|c|☆claudechamp|hf
|inactive|Battle timer is ON: inactive players will automatically lose when time's up. (requested by claudechamp)
|
|t:|1779816386
|teamsize|p1|6
|teamsize|p2|6
|start
|switch|p1a: Skarmory|Skarmory, F|100/100
|switch|p2a: Deoxys|Deoxys-Speed|100/100
|-ability|p2a: Deoxys|Pressure
|turn|1
|c|☆backpackio|u2
|
|t:|1779816390
|switch|p1a: Blissey|Blissey, F|100/100
|move|p2a: Deoxys|Stealth Rock|p1a: Blissey
|-sidestart|p1: claudechamp|move: Stealth Rock
|
|upkeep
|turn|2
|
|t:|1779816392
|move|p2a: Deoxys|Knock Off|p1a: Blissey
|-crit|p1a: Blissey
|-damage|p1a: Blissey|66/100
|-enditem|p1a: Blissey|Heavy-Duty Boots|[from] move: Knock Off|[of] p2a: Deoxys
|move|p1a: Blissey|Stealth Rock|p2a: Deoxys
|-sidestart|p2: backpackio|move: Stealth Rock
|
|upkeep
|turn|3
|
|t:|1779816398
|move|p2a: Deoxys|Spikes|p1a: Blissey
|-sidestart|p1: claudechamp|Spikes
|move|p1a: Blissey|Soft-Boiled|p1a: Blissey
|-heal|p1a: Blissey|100/100
|
|upkeep
|turn|4
|
|t:|1779816401
|move|p2a: Deoxys|Knock Off|p1a: Blissey
|-damage|p1a: Blissey|84/100
|move|p1a: Blissey|Calm Mind|p1a: Blissey
|-boost|p1a: Blissey|spa|1
|-boost|p1a: Blissey|spd|1
|
|upkeep
|turn|5
|
|t:|1779816405
|move|p2a: Deoxys|Spikes|p1a: Blissey
|-sidestart|p1: claudechamp|Spikes
|move|p1a: Blissey|Shadow Ball|p2a: Deoxys
|-supereffective|p2a: Deoxys
|-crit|p2a: Deoxys
|-damage|p2a: Deoxys|23/100
|
|upkeep
|turn|6
|
|t:|1779816409
|move|p2a: Deoxys|Spikes|p1a: Blissey
|-sidestart|p1: claudechamp|Spikes
|move|p1a: Blissey|Shadow Ball|p2a: Deoxys
|-supereffective|p2a: Deoxys
|-damage|p2a: Deoxys|0 fnt
|faint|p2a: Deoxys
|
|upkeep
|
|t:|1779816418
|switch|p2a: Great Tusk|Great Tusk|100/100
|-damage|p2a: Great Tusk|98/100|[from] Stealth Rock
|turn|7
|
|t:|1779816422
|switch|p1a: Gliscor|Gliscor, M|100/100
|-damage|p1a: Gliscor|88/100|[from] Stealth Rock
|move|p2a: Great Tusk|Body Press|p1a: Gliscor
|-resisted|p1a: Gliscor
|-damage|p1a: Gliscor|68/100
|
|-heal|p2a: Great Tusk|100/100|[from] item: Leftovers
|-status|p1a: Gliscor|tox|[from] item: Toxic Orb
|upkeep
|turn|8
|
|t:|1779816425
|move|p1a: Gliscor|Swords Dance|p1a: Gliscor
|-boost|p1a: Gliscor|atk|2
|move|p2a: Great Tusk|Rapid Spin|p1a: Gliscor
|-damage|p1a: Gliscor|56/100 tox
|-boost|p2a: Great Tusk|spe|1
|-sideend|p2: backpackio|Stealth Rock|[from] move: Rapid Spin|[of] p2a: Great Tusk
|
|-heal|p1a: Gliscor|68/100 tox|[from] ability: Poison Heal
|upkeep
|turn|9
|
|t:|1779816430
|-end|p2a: Great Tusk|Protosynthesis|[silent]
|switch|p2a: Corviknight|Corviknight, F|100/100
|-ability|p2a: Corviknight|Pressure
|move|p1a: Gliscor|Earthquake|p2a: Corviknight
|-immune|p2a: Corviknight
|
|-heal|p1a: Gliscor|81/100 tox|[from] ability: Poison Heal
|upkeep
|turn|10
|
|t:|1779816433
|move|p1a: Gliscor|Swords Dance|p1a: Gliscor
|-boost|p1a: Gliscor|atk|2
|move|p2a: Corviknight|U-turn|p1a: Gliscor
|-resisted|p1a: Gliscor
|-damage|p1a: Gliscor|75/100 tox
|
|t:|1779816437
|switch|p2a: Darkrai|Darkrai|100/100|[from] U-turn
|
|-heal|p1a: Gliscor|88/100 tox|[from] ability: Poison Heal
|upkeep
|turn|11
|
|t:|1779816439
|move|p2a: Darkrai|Ice Beam|p1a: Gliscor
|-supereffective|p1a: Gliscor
|-damage|p1a: Gliscor|0 fnt
|faint|p1a: Gliscor
|
|upkeep
|
|t:|1779816442
|switch|p1a: Pecharunt|Pecharunt|100/100
|turn|12
|
|t:|1779816448
|switch|p2a: Slowking|Slowking-Galar, M|100/100
|move|p1a: Pecharunt|Toxic|p2a: Slowking
|-immune|p2a: Slowking
|
|upkeep
|turn|13
|
|t:|1779816452
|move|p1a: Pecharunt|Shadow Ball|p2a: Slowking
|-supereffective|p2a: Slowking
|-damage|p2a: Slowking|73/100
|move|p2a: Slowking|Trick|p1a: Pecharunt
|-activate|p2a: Slowking|move: Trick|[of] p1a: Pecharunt
|-item|p1a: Pecharunt|Black Sludge|[from] move: Trick
|-item|p2a: Slowking|Heavy-Duty Boots|[from] move: Trick
|
|upkeep
|turn|14
|
|t:|1779816459
|move|p1a: Pecharunt|Shadow Ball|p2a: Slowking
|-supereffective|p2a: Slowking
|-damage|p2a: Slowking|45/100
|move|p2a: Slowking|Trick|p1a: Pecharunt
|-activate|p2a: Slowking|move: Trick|[of] p1a: Pecharunt
|-item|p1a: Pecharunt|Heavy-Duty Boots|[from] move: Trick
|-item|p2a: Slowking|Black Sludge|[from] move: Trick
|
|-heal|p2a: Slowking|51/100|[from] item: Black Sludge
|upkeep
|turn|15
|
|t:|1779816461
|move|p1a: Pecharunt|Shadow Ball|p2a: Slowking
|-supereffective|p2a: Slowking
|-damage|p2a: Slowking|23/100
|-unboost|p2a: Slowking|spd|1
|move|p2a: Slowking|Future Sight|p1a: Pecharunt
|-start|p2a: Slowking|move: Future Sight
|
|-heal|p2a: Slowking|29/100|[from] item: Black Sludge
|upkeep
|turn|16
|
|t:|1779816466
|switch|p1a: Gholdengo|Gholdengo|100/100
|-damage|p1a: Gholdengo|94/100|[from] Stealth Rock
|-damage|p1a: Gholdengo|70/100|[from] Spikes
|switch|p2a: Darkrai|Darkrai|100/100
|
|upkeep
|turn|17
|
|t:|1779816469
|move|p2a: Darkrai|Dark Pulse|p1a: Gholdengo
|-supereffective|p1a: Gholdengo
|-damage|p1a: Gholdengo|0 fnt
|faint|p1a: Gholdengo
|
|-hint|Future Sight did not hit because the target is fainted.
|upkeep
|
|t:|1779816474
|switch|p1a: Zamazenta|Zamazenta|100/100
|-ability|p1a: Zamazenta|Dauntless Shield|boost
|-boost|p1a: Zamazenta|def|1
|turn|18
|
|t:|1779816479
|switch|p2a: Corviknight|Corviknight, F|100/100
|-ability|p2a: Corviknight|Pressure
|move|p1a: Zamazenta|Close Combat|p2a: Corviknight
|-damage|p2a: Corviknight|64/100
|-unboost|p1a: Zamazenta|def|1
|-unboost|p1a: Zamazenta|spd|1
|
|upkeep
|turn|19
|
|t:|1779816485
|move|p1a: Zamazenta|Close Combat|p2a: Corviknight
|-damage|p2a: Corviknight|29/100
|-unboost|p1a: Zamazenta|def|1
|-unboost|p1a: Zamazenta|spd|1
|move|p2a: Corviknight|Roost|p2a: Corviknight
|-heal|p2a: Corviknight|79/100
|-singleturn|p2a: Corviknight|move: Roost
|
|upkeep
|turn|20
|
|t:|1779816491
|switch|p1a: Pecharunt|Pecharunt|100/100
|move|p2a: Corviknight|Roost|p2a: Corviknight
|-heal|p2a: Corviknight|100/100
|-singleturn|p2a: Corviknight|move: Roost
|
|upkeep
|turn|21
|
|t:|1779816498
|move|p1a: Pecharunt|Shadow Ball|p2a: Corviknight
|-damage|p2a: Corviknight|77/100
|move|p2a: Corviknight|U-turn|p1a: Pecharunt
|-resisted|p1a: Pecharunt
|-damage|p1a: Pecharunt|99/100
|
|t:|1779816501
|switch|p2a: Great Tusk|Great Tusk|100/100|[from] U-turn
|
|upkeep
|turn|22
|
|t:|1779816505
|move|p1a: Pecharunt|Shadow Ball|p2a: Great Tusk
|-damage|p2a: Great Tusk|67/100
|-unboost|p2a: Great Tusk|spd|1
|move|p2a: Great Tusk|Knock Off|p1a: Pecharunt
|-supereffective|p1a: Pecharunt
|-damage|p1a: Pecharunt|74/100
|-enditem|p1a: Pecharunt|Heavy-Duty Boots|[from] move: Knock Off|[of] p2a: Great Tusk
|
|-heal|p2a: Great Tusk|73/100|[from] item: Leftovers
|upkeep
|turn|23
|
|t:|1779816512
|-end|p2a: Great Tusk|Protosynthesis|[silent]
|switch|p2a: Darkrai|Darkrai|100/100
|move|p1a: Pecharunt|Toxic|p2a: Darkrai
|-status|p2a: Darkrai|tox
|-start|p2a: Darkrai|confusion|[from] ability: Poison Puppeteer|[of] p1a: Pecharunt
|
|-damage|p2a: Darkrai|94/100 tox|[from] psn
|upkeep
|turn|24
|
|t:|1779816523
|switch|p2a: Slowking|Slowking-Galar, M|63/100
|-terastallize|p1a: Pecharunt|Fairy
|move|p1a: Pecharunt|Recover|p1a: Pecharunt
|-heal|p1a: Pecharunt|100/100
|
|-heal|p2a: Slowking|69/100|[from] item: Black Sludge
|upkeep
|turn|25
|
|t:|1779816530
|move|p1a: Pecharunt|Shadow Ball|p2a: Slowking
|-supereffective|p2a: Slowking
|-damage|p2a: Slowking|41/100
|move|p2a: Slowking|Trick|p1a: Pecharunt
|-activate|p2a: Slowking|move: Trick|[of] p1a: Pecharunt
|-item|p1a: Pecharunt|Black Sludge|[from] move: Trick
|-enditem|p2a: Slowking|Black Sludge|[silent]|[from] move: Trick
|
|-damage|p1a: Pecharunt|88/100|[from] item: Black Sludge
|upkeep
|turn|26
|
|t:|1779816540
|move|p1a: Pecharunt|Shadow Ball|p2a: Slowking
|-supereffective|p2a: Slowking
|-damage|p2a: Slowking|10/100
|move|p2a: Slowking|Slack Off|p2a: Slowking
|-heal|p2a: Slowking|60/100
|
|-damage|p1a: Pecharunt|76/100|[from] item: Black Sludge
|upkeep
|turn|27
|
|t:|1779816547
|move|p1a: Pecharunt|Recover|p1a: Pecharunt
|-heal|p1a: Pecharunt|100/100
|move|p2a: Slowking|Slack Off|p2a: Slowking
|-heal|p2a: Slowking|100/100
|
|-damage|p1a: Pecharunt|88/100|[from] item: Black Sludge
|upkeep
|turn|28
|
|t:|1779816558
|move|p1a: Pecharunt|Recover|p1a: Pecharunt
|-heal|p1a: Pecharunt|100/100
|move|p2a: Slowking|Future Sight|p1a: Pecharunt
|-start|p2a: Slowking|move: Future Sight
|
|-damage|p1a: Pecharunt|88/100|[from] item: Black Sludge
|upkeep
|turn|29
|
|t:|1779816567
|move|p1a: Pecharunt|Shadow Ball|p2a: Slowking
|-supereffective|p2a: Slowking
|-damage|p2a: Slowking|72/100
|-prepare|p2a: Slowking|Chilly Reception|[premajor]
|move|p2a: Slowking|Chilly Reception|p2a: Slowking
|-weather|Snowscape
|
|t:|1779816579
|switch|p2a: Ogerpon|Ogerpon, F|100/100|[from] Chilly Reception
|
|-weather|Snowscape|[upkeep]
|-damage|p1a: Pecharunt|76/100|[from] item: Black Sludge
|upkeep
|turn|30
|
|t:|1779816587
|move|p2a: Ogerpon|U-turn|p1a: Pecharunt
|-resisted|p1a: Pecharunt
|-damage|p1a: Pecharunt|68/100
|
|t:|1779816589
|switch|p2a: Slowking|Slowking-Galar, M|100/100|[from] U-turn
|move|p1a: Pecharunt|Recover|p1a: Pecharunt
|-heal|p1a: Pecharunt|100/100
|
|-weather|Snowscape|[upkeep]
|-end|p1a: Pecharunt|move: Future Sight
|-damage|p1a: Pecharunt|52/100
|-damage|p1a: Pecharunt|40/100|[from] item: Black Sludge
|upkeep
|turn|31
|
|t:|1779816601
|move|p1a: Pecharunt|Recover|p1a: Pecharunt
|-heal|p1a: Pecharunt|90/100
|move|p2a: Slowking|Future Sight|p1a: Pecharunt
|-start|p2a: Slowking|move: Future Sight
|
|-weather|Snowscape|[upkeep]
|-damage|p1a: Pecharunt|78/100|[from] item: Black Sludge
|upkeep
|turn|32
|
|t:|1779816610
|move|p1a: Pecharunt|Recover|p1a: Pecharunt
|-heal|p1a: Pecharunt|100/100
|-prepare|p2a: Slowking|Chilly Reception|[premajor]
|move|p2a: Slowking|Chilly Reception|p2a: Slowking
|
|t:|1779816613
|switch|p2a: Ogerpon|Ogerpon, F|100/100|[from] Chilly Reception
|
|-weather|Snowscape|[upkeep]
|-damage|p1a: Pecharunt|88/100|[from] item: Black Sludge
|upkeep
|turn|33
|
|t:|1779816623
|move|p2a: Ogerpon|U-turn|p1a: Pecharunt
|-resisted|p1a: Pecharunt
|-damage|p1a: Pecharunt|80/100
|
|t:|1779816626
|switch|p2a: Slowking|Slowking-Galar, M|100/100|[from] U-turn
|move|p1a: Pecharunt|Shadow Ball|p2a: Slowking
|-supereffective|p2a: Slowking
|-damage|p2a: Slowking|71/100
|
|-weather|none
|-end|p1a: Pecharunt|move: Future Sight
|-damage|p1a: Pecharunt|38/100
|-damage|p1a: Pecharunt|25/100|[from] item: Black Sludge
|upkeep
|turn|34
|
|t:|1779816631
|move|p1a: Pecharunt|Recover|p1a: Pecharunt
|-heal|p1a: Pecharunt|75/100
|move|p2a: Slowking|Future Sight|p1a: Pecharunt
|-start|p2a: Slowking|move: Future Sight
|
|-damage|p1a: Pecharunt|63/100|[from] item: Black Sludge
|upkeep
|turn|35
|
|t:|1779816638
|move|p1a: Pecharunt|Shadow Ball|p2a: Slowking
|-supereffective|p2a: Slowking
|-crit|p2a: Slowking
|-damage|p2a: Slowking|28/100
|-prepare|p2a: Slowking|Chilly Reception|[premajor]
|move|p2a: Slowking|Chilly Reception|p2a: Slowking
|-weather|Snowscape
|
|t:|1779816643
|switch|p2a: Ogerpon|Ogerpon, F|100/100|[from] Chilly Reception
|
|-weather|Snowscape|[upkeep]
|-damage|p1a: Pecharunt|51/100|[from] item: Black Sludge
|upkeep
|turn|36
|
|t:|1779816651
|move|p2a: Ogerpon|Horn Leech|p1a: Pecharunt
|-damage|p1a: Pecharunt|27/100
|move|p1a: Pecharunt|Recover|p1a: Pecharunt
|-heal|p1a: Pecharunt|77/100
|
|-weather|Snowscape|[upkeep]
|-end|p1a: Pecharunt|move: Future Sight
|-crit|p1a: Pecharunt
|-damage|p1a: Pecharunt|11/100
|-damage|p1a: Pecharunt|0 fnt|[from] item: Black Sludge
|faint|p1a: Pecharunt
|upkeep
|
|t:|1779816660
|switch|p1a: Zamazenta|Zamazenta|100/100
|turn|37
|
|t:|1779816670
|move|p1a: Zamazenta|Ice Fang|p2a: Ogerpon
|-supereffective|p2a: Ogerpon
|-damage|p2a: Ogerpon|46/100
|move|p2a: Ogerpon|Horn Leech|p1a: Zamazenta
|-damage|p1a: Zamazenta|46/100
|-heal|p2a: Ogerpon|76/100|[from] drain|[of] p1a: Zamazenta
|
|-weather|Snowscape|[upkeep]
|upkeep
|turn|38
|
|t:|1779816676
|move|p1a: Zamazenta|Close Combat|p2a: Ogerpon
|-damage|p2a: Ogerpon|2/100
|-unboost|p1a: Zamazenta|def|1
|-unboost|p1a: Zamazenta|spd|1
|move|p2a: Ogerpon|Horn Leech|p1a: Zamazenta
|-damage|p1a: Zamazenta|0 fnt
|-heal|p2a: Ogerpon|26/100|[from] drain|[of] p1a: Zamazenta
|faint|p1a: Zamazenta
|
|-weather|Snowscape|[upkeep]
|upkeep
|
|t:|1779816685
|switch|p1a: Skarmory|Skarmory, F|100/100
|turn|39
|
|t:|1779816698
|switch|p2a: Slowking|Slowking-Galar, M|62/100
|move|p1a: Skarmory|Spikes|p2a: Slowking
|-sidestart|p2: backpackio|Spikes
|
|-weather|none
|upkeep
|turn|40
|
|t:|1779816709
|move|p1a: Skarmory|Spikes|p2a: Slowking
|-sidestart|p2: backpackio|Spikes
|move|p2a: Slowking|Trick|p1a: Skarmory
|-activate|p2a: Slowking|move: Trick|[of] p1a: Skarmory
|-enditem|p1a: Skarmory|Heavy-Duty Boots|[silent]|[from] move: Trick
|-item|p2a: Slowking|Heavy-Duty Boots|[from] move: Trick
|
|upkeep
|turn|41
|
|t:|1779816715
|move|p1a: Skarmory|Spikes|p2a: Slowking
|-sidestart|p2: backpackio|Spikes
|move|p2a: Slowking|Future Sight|p1a: Skarmory
|-start|p2a: Slowking|move: Future Sight
|
|upkeep
|turn|42
|
|t:|1779816729
|move|p2a: Slowking|Future Sight||[still]
|-fail|p2a: Slowking
|move|p1a: Skarmory|Whirlwind|p2a: Slowking
|drag|p2a: Great Tusk|Great Tusk|73/100
|-damage|p2a: Great Tusk|48/100|[from] Spikes
|
|-heal|p2a: Great Tusk|55/100|[from] item: Leftovers
|upkeep
|turn|43
|
|t:|1779816735
|move|p2a: Great Tusk|Rapid Spin|p1a: Skarmory
|-resisted|p1a: Skarmory
|-damage|p1a: Skarmory|96/100
|-boost|p2a: Great Tusk|spe|1
|-sideend|p2: backpackio|Spikes|[from] move: Rapid Spin|[of] p2a: Great Tusk
|move|p1a: Skarmory|Body Press|p2a: Great Tusk
|-damage|p2a: Great Tusk|39/100
|
|-end|p1a: Skarmory|move: Future Sight
|-resisted|p1a: Skarmory
|-damage|p1a: Skarmory|64/100
|-heal|p2a: Great Tusk|46/100|[from] item: Leftovers
|upkeep
|turn|44
|
|t:|1779816747
|move|p2a: Great Tusk|Body Press|p1a: Skarmory
|-damage|p1a: Skarmory|37/100
|move|p1a: Skarmory|Roost|p1a: Skarmory
|-heal|p1a: Skarmory|87/100
|-singleturn|p1a: Skarmory|move: Roost
|
|-heal|p2a: Great Tusk|52/100|[from] item: Leftovers
|upkeep
|turn|45
|
|t:|1779816761
|move|p2a: Great Tusk|Body Press|p1a: Skarmory
|-damage|p1a: Skarmory|56/100
|move|p1a: Skarmory|Whirlwind|p2a: Great Tusk
|-end|p2a: Great Tusk|Protosynthesis|[silent]
|drag|p2a: Darkrai|Darkrai|94/100 tox
|
|-damage|p2a: Darkrai|88/100 tox|[from] psn
|upkeep
|turn|46
|
|t:|1779816768
|switch|p1a: Blissey|Blissey, F|84/100
|-damage|p1a: Blissey|72/100|[from] Stealth Rock
|-damage|p1a: Blissey|47/100|[from] Spikes
|move|p2a: Darkrai|Dark Pulse|p1a: Blissey
|-damage|p1a: Blissey|34/100
|
|-damage|p2a: Darkrai|76/100 tox|[from] psn
|upkeep
|turn|47
|
|t:|1779816782
|switch|p2a: Great Tusk|Great Tusk|52/100
|move|p1a: Blissey|Soft-Boiled|p1a: Blissey
|-heal|p1a: Blissey|84/100
|
|-heal|p2a: Great Tusk|58/100|[from] item: Leftovers
|upkeep
|turn|48
|
|t:|1779816791
|move|p2a: Great Tusk|Body Press|p1a: Blissey
|-supereffective|p1a: Blissey
|-damage|p1a: Blissey|0 fnt
|faint|p1a: Blissey
|
|-heal|p2a: Great Tusk|64/100|[from] item: Leftovers
|upkeep
|
|t:|1779816798
|switch|p1a: Skarmory|Skarmory, F|56/100
|-damage|p1a: Skarmory|44/100|[from] Stealth Rock
|turn|49
|
|t:|1779816805
|move|p2a: Great Tusk|Body Press|p1a: Skarmory
|-damage|p1a: Skarmory|14/100
|move|p1a: Skarmory|Roost|p1a: Skarmory
|-heal|p1a: Skarmory|64/100
|-singleturn|p1a: Skarmory|move: Roost
|
|-heal|p2a: Great Tusk|71/100|[from] item: Leftovers
|upkeep
|turn|50
|
|t:|1779816813
|move|p2a: Great Tusk|Body Press|p1a: Skarmory
|-damage|p1a: Skarmory|34/100
|move|p1a: Skarmory|Roost|p1a: Skarmory
|-heal|p1a: Skarmory|84/100
|-singleturn|p1a: Skarmory|move: Roost
|
|-heal|p2a: Great Tusk|77/100|[from] item: Leftovers
|upkeep
|turn|51
|
|t:|1779816822
|move|p2a: Great Tusk|Body Press|p1a: Skarmory
|-damage|p1a: Skarmory|55/100
|move|p1a: Skarmory|Spikes|p2a: Great Tusk
|-sidestart|p2: backpackio|Spikes
|
|-heal|p2a: Great Tusk|83/100|[from] item: Leftovers
|upkeep
|turn|52
|
|t:|1779816832
|move|p2a: Great Tusk|Rapid Spin|p1a: Skarmory
|-resisted|p1a: Skarmory
|-damage|p1a: Skarmory|51/100
|-boost|p2a: Great Tusk|spe|1
|-sideend|p2: backpackio|Spikes|[from] move: Rapid Spin|[of] p2a: Great Tusk
|move|p1a: Skarmory|Body Press|p2a: Great Tusk
|-damage|p2a: Great Tusk|70/100
|
|-heal|p2a: Great Tusk|76/100|[from] item: Leftovers
|upkeep
|turn|53
|
|t:|1779816844
|move|p2a: Great Tusk|Body Press|p1a: Skarmory
|-damage|p1a: Skarmory|21/100
|move|p1a: Skarmory|Roost|p1a: Skarmory
|-heal|p1a: Skarmory|71/100
|-singleturn|p1a: Skarmory|move: Roost
|
|-heal|p2a: Great Tusk|82/100|[from] item: Leftovers
|upkeep
|turn|54
|
|t:|1779816855
|move|p2a: Great Tusk|Body Press|p1a: Skarmory
|-damage|p1a: Skarmory|45/100
|move|p1a: Skarmory|Whirlwind|p2a: Great Tusk
|-end|p2a: Great Tusk|Protosynthesis|[silent]
|drag|p2a: Slowking|Slowking-Galar, M|95/100
|
|upkeep
|turn|55
|
|t:|1779816861
|move|p1a: Skarmory|Roost|p1a: Skarmory
|-heal|p1a: Skarmory|95/100
|-singleturn|p1a: Skarmory|move: Roost
|move|p2a: Slowking|Future Sight|p1a: Skarmory
|-start|p2a: Slowking|move: Future Sight
|
|upkeep
|turn|56
|
|t:|1779816871
|move|p2a: Slowking|Trick|p1a: Skarmory
|-activate|p2a: Slowking|move: Trick|[of] p1a: Skarmory
|-item|p1a: Skarmory|Heavy-Duty Boots|[from] move: Trick
|-enditem|p2a: Slowking|Heavy-Duty Boots|[silent]|[from] move: Trick
|move|p1a: Skarmory|Whirlwind|p2a: Slowking
|drag|p2a: Ogerpon|Ogerpon, F|26/100
|
|upkeep
|turn|57
|
|t:|1779816877
|move|p2a: Ogerpon|Wood Hammer|p1a: Skarmory
|-resisted|p1a: Skarmory
|-damage|p1a: Skarmory|81/100
|-damage|p2a: Ogerpon|21/100|[from] Recoil
|move|p1a: Skarmory|Body Press|p2a: Ogerpon
|-damage|p2a: Ogerpon|0 fnt
|faint|p2a: Ogerpon
|
|-end|p1a: Skarmory|move: Future Sight
|-resisted|p1a: Skarmory
|-damage|p1a: Skarmory|50/100
|upkeep
|
|t:|1779816882
|switch|p2a: Darkrai|Darkrai|76/100 tox
|turn|58
|
|t:|1779816886
|-terastallize|p2a: Darkrai|Dark
|move|p2a: Darkrai|Dark Pulse|p1a: Skarmory
|-damage|p1a: Skarmory|0 fnt
|faint|p1a: Skarmory
|
|win|backpackio
|raw|claudechamp's rating: 1109 &rarr; <strong>1090</strong><br />(-19 for losing)
|raw|backpackio's rating: 1200 &rarr; <strong>1219</strong><br />(+19 for winning)
|c|☆claudechamp|gg
|c|☆backpackio|gg
|l|☆backpackio
|player|p2|
