|j|☆xXweedwizerd420Xx
|j|☆Mr_Stonks0406
|t:|1779860174
|gametype|singles
|player|p1|xXweedwizerd420Xx|wallace-gen6|1370
|player|p2|Mr_Stonks0406|265|1409
|gen|9
|tier|[Gen 9] OU
|rated|
|rule|HP Percentage Mod: HP is shown in percentages
|rule|Endless Battle Clause: Forcing endless battles is banned
|rule|Species Clause: Limit one of each Pokémon
|rule|OHKO Clause: OHKO moves are banned
|rule|Evasion Items Clause: Evasion items are banned
|rule|Evasion Moves Clause: Evasion moves are banned
|rule|Evasion Abilities Clause: Evasion abilities are banned
|rule|Sleep Moves Clause: Sleep-inducing moves are banned
|clearpoke
|poke|p1|Tyranitar, M|
|poke|p1|Serperior, F|
|poke|p1|Heatran, M|
|poke|p1|Raging Bolt|
|poke|p1|Pecharunt|
|poke|p1|Great Tusk|
|poke|p2|Meowscarada, F|
|poke|p2|Pecharunt|
|poke|p2|Enamorus, F|
|poke|p2|Iron Treads|
|poke|p2|Corviknight, F|
|poke|p2|Slowking, F|
|teampreview
|inactive|Battle timer is ON: inactive players will automatically lose when time's up. (requested by xXweedwizerd420Xx)
|inactive|xXweedwizerd420Xx has 120 seconds left.
|
|t:|1779860212
|teamsize|p1|6
|teamsize|p2|6
|start
|switch|p1a: Heatran|Heatran, M|100/100
|switch|p2a: Meowscarada|Meowscarada, F|100/100
|-item|p1a: Heatran|Air Balloon
|turn|1
|
|t:|1779860225
|move|p2a: Meowscarada|U-turn|p1a: Heatran
|-start|p2a: Meowscarada|typechange|Bug|[from] ability: Protean
|-resisted|p1a: Heatran
|-damage|p1a: Heatran|89/100
|-enditem|p1a: Heatran|Air Balloon
|
|t:|1779860229
|switch|p2a: Slowking|Slowking, F|100/100|[from] U-turn
|move|p1a: Heatran|Magma Storm|p2a: Slowking
|-resisted|p2a: Slowking
|-damage|p2a: Slowking|88/100
|-activate|p2a: Slowking|move: Magma Storm|[of] p1a: Heatran
|
|-damage|p2a: Slowking|75/100|[from] move: Magma Storm|[partiallytrapped]
|upkeep
|turn|2
|
|t:|1779860250
|switch|p1a: Raging Bolt|Raging Bolt|100/100
|move|p2a: Slowking|Future Sight|p1a: Raging Bolt
|-start|p2a: Slowking|move: Future Sight
|
|-end|p2a: Slowking|Magma Storm|[partiallytrapped]|[silent]
|upkeep
|turn|3
|
|t:|1779860257
|switch|p2a: Iron Treads|Iron Treads|100/100
|move|p1a: Raging Bolt|Draco Meteor|p2a: Iron Treads
|-resisted|p2a: Iron Treads
|-damage|p2a: Iron Treads|69/100
|-unboost|p1a: Raging Bolt|spa|2
|
|-heal|p2a: Iron Treads|75/100|[from] item: Leftovers
|upkeep
|turn|4
|
|t:|1779860273
|-end|p1a: Raging Bolt|Protosynthesis|[silent]
|switch|p1a: Serperior|Serperior, F|100/100
|move|p2a: Iron Treads|Earthquake|p1a: Serperior
|-resisted|p1a: Serperior
|-damage|p1a: Serperior|80/100
|
|-end|p1a: Serperior|move: Future Sight
|-damage|p1a: Serperior|34/100
|-heal|p1a: Serperior|41/100|[from] item: Leftovers
|-heal|p2a: Iron Treads|81/100|[from] item: Leftovers
|upkeep
|turn|5
|
|t:|1779860290
|-end|p2a: Iron Treads|Quark Drive|[silent]
|switch|p2a: Pecharunt|Pecharunt|100/100
|move|p1a: Serperior|Glare|p2a: Pecharunt
|-status|p2a: Pecharunt|par
|
|-heal|p1a: Serperior|47/100|[from] item: Leftovers
|upkeep
|turn|6
|
|t:|1779860298
|switch|p1a: Pecharunt|Pecharunt|100/100
|move|p2a: Pecharunt|Parting Shot|p1a: Pecharunt
|-unboost|p1a: Pecharunt|atk|1
|-unboost|p1a: Pecharunt|spa|1
|
|t:|1779860308
|switch|p2a: Slowking|Slowking, F|100/100|[from] Parting Shot
|
|upkeep
|turn|7
|
|t:|1779860315
|move|p1a: Pecharunt|Toxic|p2a: Slowking
|-status|p2a: Slowking|tox
|-start|p2a: Slowking|confusion|[from] ability: Poison Puppeteer|[of] p1a: Pecharunt
|-activate|p2a: Slowking|confusion
|move|p2a: Slowking|Future Sight|p1a: Pecharunt
|-start|p2a: Slowking|move: Future Sight
|
|-damage|p2a: Slowking|94/100 tox|[from] psn
|upkeep
|turn|8
|
|t:|1779860325
|move|p1a: Pecharunt|Toxic|p2a: Slowking
|-fail|p2a: Slowking|tox
|-activate|p2a: Slowking|confusion
|move|p2a: Slowking|Scald|p1a: Pecharunt
|-damage|p1a: Pecharunt|67/100
|
|-damage|p2a: Slowking|82/100 tox|[from] psn
|upkeep
|turn|9
|
|t:|1779860332
|switch|p2a: Pecharunt|Pecharunt|100/100 par
|move|p1a: Pecharunt|Parting Shot|p2a: Pecharunt
|-unboost|p2a: Pecharunt|atk|1
|-unboost|p2a: Pecharunt|spa|1
|
|t:|1779860337
|switch|p1a: Tyranitar|Tyranitar, M|100/100|[from] Parting Shot
|-weather|Sandstorm|[from] ability: Sand Stream|[of] p1a: Tyranitar
|
|-weather|Sandstorm|[upkeep]
|-damage|p2a: Pecharunt|94/100 par|[from] Sandstorm
|-end|p1a: Tyranitar|move: Future Sight
|-immune|p1a: Tyranitar
|upkeep
|turn|10
|
|t:|1779860346
|switch|p2a: Corviknight|Corviknight, F|100/100
|-ability|p2a: Corviknight|Pressure
|move|p1a: Tyranitar|Knock Off|p2a: Corviknight
|-damage|p2a: Corviknight|48/100
|-damage|p1a: Tyranitar|84/100|[from] item: Rocky Helmet|[of] p2a: Corviknight
|-enditem|p2a: Corviknight|Rocky Helmet|[from] move: Knock Off|[of] p1a: Tyranitar
|
|-weather|Sandstorm|[upkeep]
|upkeep
|turn|11
|
|t:|1779860356
|switch|p1a: Pecharunt|Pecharunt|67/100
|move|p2a: Corviknight|Roost|p2a: Corviknight
|-heal|p2a: Corviknight|98/100
|-singleturn|p2a: Corviknight|move: Roost
|
|-weather|Sandstorm|[upkeep]
|-damage|p1a: Pecharunt|61/100|[from] Sandstorm
|upkeep
|turn|12
|
|t:|1779860367
|switch|p2a: Iron Treads|Iron Treads|81/100
|move|p1a: Pecharunt|Parting Shot|p2a: Iron Treads
|-unboost|p2a: Iron Treads|atk|1
|-unboost|p2a: Iron Treads|spa|1
|
|t:|1779860375
|switch|p1a: Serperior|Serperior, F|47/100|[from] Parting Shot
|
|-weather|Sandstorm|[upkeep]
|-damage|p1a: Serperior|41/100|[from] Sandstorm
|-heal|p1a: Serperior|47/100|[from] item: Leftovers
|-heal|p2a: Iron Treads|87/100|[from] item: Leftovers
|upkeep
|turn|13
|
|t:|1779860386
|move|p1a: Serperior|Glare|p2a: Iron Treads
|-status|p2a: Iron Treads|par
|move|p2a: Iron Treads|Stealth Rock|p1a: Serperior
|-sidestart|p1: xXweedwizerd420Xx|move: Stealth Rock
|
|-weather|none
|-heal|p1a: Serperior|53/100|[from] item: Leftovers
|-heal|p2a: Iron Treads|93/100 par|[from] item: Leftovers
|upkeep
|turn|14
|c|☆xXweedwizerd420Xx|wow
|
|t:|1779860402
|-end|p2a: Iron Treads|Quark Drive|[silent]
|switch|p2a: Pecharunt|Pecharunt|94/100 par
|move|p1a: Serperior|Synthesis|p1a: Serperior
|-heal|p1a: Serperior|100/100
|
|upkeep
|turn|15
|inactive|xXweedwizerd420Xx has 120 seconds left.
|
|t:|1779860432
|switch|p1a: Pecharunt|Pecharunt|61/100
|move|p2a: Pecharunt|Malignant Chain|p1a: Pecharunt
|-resisted|p1a: Pecharunt
|-damage|p1a: Pecharunt|53/100
|
|upkeep
|turn|16
|
|t:|1779860443
|switch|p2a: Iron Treads|Iron Treads|93/100 par
|move|p1a: Pecharunt|Recover|p1a: Pecharunt
|-heal|p1a: Pecharunt|100/100
|
|-heal|p2a: Iron Treads|99/100 par|[from] item: Leftovers
|upkeep
|turn|17
|
|t:|1779860452
|move|p1a: Pecharunt|Hex|p2a: Iron Treads
|-damage|p2a: Iron Treads|63/100 par
|move|p2a: Iron Treads|Knock Off|p1a: Pecharunt
|-supereffective|p1a: Pecharunt
|-damage|p1a: Pecharunt|78/100
|-enditem|p1a: Pecharunt|Heavy-Duty Boots|[from] move: Knock Off|[of] p2a: Iron Treads
|
|-heal|p2a: Iron Treads|69/100 par|[from] item: Leftovers
|upkeep
|turn|18
|
|t:|1779860465
|-end|p2a: Iron Treads|Quark Drive|[silent]
|switch|p2a: Corviknight|Corviknight, F|98/100
|-ability|p2a: Corviknight|Pressure
|move|p1a: Pecharunt|Parting Shot|p2a: Corviknight
|-unboost|p2a: Corviknight|atk|1
|-unboost|p2a: Corviknight|spa|1
|
|t:|1779860469
|switch|p1a: Heatran|Heatran, M|89/100|[from] Parting Shot
|-damage|p1a: Heatran|76/100|[from] Stealth Rock
|
|upkeep
|turn|19
|
|t:|1779860492
|move|p1a: Heatran|Stealth Rock|p2a: Corviknight
|-sidestart|p2: Mr_Stonks0406|move: Stealth Rock
|move|p2a: Corviknight|U-turn|p1a: Heatran
|-resisted|p1a: Heatran
|-crit|p1a: Heatran
|-damage|p1a: Heatran|71/100
|inactive|Mr_Stonks0406 has 120 seconds left.
|c|☆xXweedwizerd420Xx|holy ballsy
|
|t:|1779860520
|switch|p2a: Slowking|Slowking, F|100/100 tox|[from] U-turn
|-damage|p2a: Slowking|88/100 tox|[from] Stealth Rock
|
|-damage|p2a: Slowking|82/100 tox|[from] psn
|upkeep
|turn|20
|inactive|Mr_Stonks0406 has 120 seconds left.
|
|t:|1779860536
|switch|p1a: Serperior|Serperior, F|100/100
|-damage|p1a: Serperior|88/100|[from] Stealth Rock
|move|p2a: Slowking|Future Sight|p1a: Serperior
|-start|p2a: Slowking|move: Future Sight
|
|-heal|p1a: Serperior|94/100|[from] item: Leftovers
|-damage|p2a: Slowking|70/100 tox|[from] psn
|upkeep
|turn|21
|
|t:|1779860546
|switch|p2a: Pecharunt|Pecharunt|94/100 par
|-damage|p2a: Pecharunt|82/100 par|[from] Stealth Rock
|move|p1a: Serperior|Leech Seed|p2a: Pecharunt
|-start|p2a: Pecharunt|move: Leech Seed
|
|-heal|p1a: Serperior|100/100|[from] item: Leftovers
|-damage|p2a: Pecharunt|70/100 par|[from] Leech Seed|[of] p1a: Serperior
|upkeep
|turn|22
|inactive|Mr_Stonks0406 has 120 seconds left.
|
|t:|1779860559
|-terastallize|p1a: Serperior|Steel
|move|p1a: Serperior|Leaf Storm|p2a: Pecharunt|[miss]
|-miss|p1a: Serperior|p2a: Pecharunt
|cant|p2a: Pecharunt|par
|
|-end|p1a: Serperior|move: Future Sight
|-resisted|p1a: Serperior
|-damage|p1a: Serperior|79/100
|-heal|p1a: Serperior|85/100|[from] item: Leftovers
|-damage|p2a: Pecharunt|57/100 par|[from] Leech Seed|[of] p1a: Serperior
|-heal|p1a: Serperior|98/100|[silent]
|upkeep
|turn|23
|inactive|Mr_Stonks0406 has 120 seconds left.
|
|t:|1779860573
|switch|p2a: Corviknight|Corviknight, F|98/100
|-damage|p2a: Corviknight|85/100|[from] Stealth Rock
|-ability|p2a: Corviknight|Pressure
|move|p1a: Serperior|Leaf Storm|p2a: Corviknight
|-resisted|p2a: Corviknight
|-damage|p2a: Corviknight|76/100
|-boost|p1a: Serperior|spa|2
|
|-heal|p1a: Serperior|100/100|[from] item: Leftovers
|upkeep
|turn|24
|inactive|Mr_Stonks0406 has 120 seconds left.
|
|t:|1779860579
|move|p1a: Serperior|Leech Seed|p2a: Corviknight
|-start|p2a: Corviknight|move: Leech Seed
|move|p2a: Corviknight|Body Press|p1a: Serperior
|-supereffective|p1a: Serperior
|-damage|p1a: Serperior|43/100
|
|-heal|p1a: Serperior|49/100|[from] item: Leftovers
|-damage|p2a: Corviknight|64/100|[from] Leech Seed|[of] p1a: Serperior
|-heal|p1a: Serperior|63/100|[silent]
|upkeep
|turn|25
|
|t:|1779860588
|switch|p1a: Raging Bolt|Raging Bolt|100/100
|move|p2a: Corviknight|Body Press|p1a: Raging Bolt
|-damage|p1a: Raging Bolt|77/100
|
|-damage|p2a: Corviknight|52/100|[from] Leech Seed|[of] p1a: Raging Bolt
|-heal|p1a: Raging Bolt|89/100|[silent]
|upkeep
|turn|26
|inactive|xXweedwizerd420Xx has 120 seconds left.
|
|t:|1779860635
|-end|p1a: Raging Bolt|Protosynthesis|[silent]
|switch|p1a: Heatran|Heatran, M|71/100
|-damage|p1a: Heatran|59/100|[from] Stealth Rock
|switch|p2a: Iron Treads|Iron Treads|69/100 par
|-damage|p2a: Iron Treads|66/100 par|[from] Stealth Rock
|
|-heal|p2a: Iron Treads|72/100 par|[from] item: Leftovers
|upkeep
|turn|27
|
|t:|1779860655
|-end|p2a: Iron Treads|Quark Drive|[silent]
|switch|p2a: Slowking|Slowking, F|100/100 tox
|-damage|p2a: Slowking|88/100 tox|[from] Stealth Rock
|move|p1a: Heatran|Magma Storm|p2a: Slowking
|-resisted|p2a: Slowking
|-damage|p2a: Slowking|76/100 tox
|-activate|p2a: Slowking|move: Magma Storm|[of] p1a: Heatran
|
|-damage|p2a: Slowking|69/100 tox|[from] psn
|-damage|p2a: Slowking|57/100 tox|[from] move: Magma Storm|[partiallytrapped]
|upkeep
|turn|28
|inactive|Mr_Stonks0406 has 120 seconds left.
|
|t:|1779860677
|switch|p1a: Raging Bolt|Raging Bolt|89/100
|move|p2a: Slowking|Scald|p1a: Raging Bolt
|-resisted|p1a: Raging Bolt
|-damage|p1a: Raging Bolt|75/100
|-status|p1a: Raging Bolt|brn
|
|-damage|p2a: Slowking|45/100 tox|[from] psn
|-damage|p1a: Raging Bolt|69/100 brn|[from] brn
|-end|p2a: Slowking|Magma Storm|[partiallytrapped]|[silent]
|upkeep
|turn|29
|
|t:|1779860683
|-end|p1a: Raging Bolt|Protosynthesis|[silent]
|switch|p1a: Great Tusk|Great Tusk|100/100
|switch|p2a: Iron Treads|Iron Treads|72/100 par
|-damage|p2a: Iron Treads|69/100 par|[from] Stealth Rock
|
|-heal|p2a: Iron Treads|75/100 par|[from] item: Leftovers
|upkeep
|turn|30
|inactive|xXweedwizerd420Xx has 120 seconds left.
|
|t:|1779860693
|-end|p2a: Iron Treads|Quark Drive|[silent]
|switch|p2a: Corviknight|Corviknight, F|52/100
|-damage|p2a: Corviknight|40/100|[from] Stealth Rock
|-ability|p2a: Corviknight|Pressure
|move|p1a: Great Tusk|Knock Off|p2a: Corviknight
|-damage|p2a: Corviknight|28/100
|
|upkeep
|turn|31
|
|t:|1779860699
|move|p1a: Great Tusk|Rapid Spin|p2a: Corviknight
|-resisted|p2a: Corviknight
|-damage|p2a: Corviknight|24/100
|-boost|p1a: Great Tusk|spe|1
|-sideend|p1: xXweedwizerd420Xx|Stealth Rock|[from] move: Rapid Spin|[of] p1a: Great Tusk
|move|p2a: Corviknight|Roost|p2a: Corviknight
|-heal|p2a: Corviknight|74/100
|-singleturn|p2a: Corviknight|move: Roost
|
|upkeep
|turn|32
|
|t:|1779860705
|-end|p1a: Great Tusk|Protosynthesis|[silent]
|switch|p1a: Pecharunt|Pecharunt|78/100
|move|p2a: Corviknight|Defog|p1a: Pecharunt
|-unboost|p1a: Pecharunt|evasion|1
|-sideend|p2: Mr_Stonks0406|Stealth Rock|[from] move: Defog|[of] p2a: Corviknight
|
|upkeep
|turn|33
|
|t:|1779860714
|move|p1a: Pecharunt|Parting Shot|p2a: Corviknight
|-unboost|p2a: Corviknight|atk|1
|-unboost|p2a: Corviknight|spa|1
|
|t:|1779860722
|switch|p1a: Great Tusk|Great Tusk|100/100|[from] Parting Shot
|move|p2a: Corviknight|U-turn|p1a: Great Tusk
|-resisted|p1a: Great Tusk
|-damage|p1a: Great Tusk|97/100
|
|t:|1779860726
|switch|p2a: Meowscarada|Meowscarada, F|100/100|[from] U-turn
|
|upkeep
|turn|34
|
|t:|1779860738
|-end|p1a: Great Tusk|Protosynthesis|[silent]
|switch|p1a: Heatran|Heatran, M|59/100
|move|p2a: Meowscarada|U-turn|p1a: Heatran
|-start|p2a: Meowscarada|typechange|Bug|[from] ability: Protean
|-resisted|p1a: Heatran
|-damage|p1a: Heatran|47/100
|
|t:|1779860747
|switch|p2a: Enamorus|Enamorus, F|100/100|[from] U-turn
|
|upkeep
|turn|35
|
|t:|1779860754
|switch|p1a: Serperior|Serperior, F, tera:Steel|63/100
|move|p2a: Enamorus|Earth Power|p1a: Serperior
|-supereffective|p1a: Serperior
|-crit|p1a: Serperior
|-damage|p1a: Serperior|0 fnt
|faint|p1a: Serperior
|
|upkeep
|c|☆xXweedwizerd420Xx|fuck
|c|☆xXweedwizerd420Xx|i forgot i tera'd
|-message|xXweedwizerd420Xx forfeited.
|
|win|Mr_Stonks0406
|raw|xXweedwizerd420Xx's rating: 1370 &rarr; <strong>1352</strong><br />(-18 for losing)
|raw|Mr_Stonks0406's rating: 1409 &rarr; <strong>1427</strong><br />(+18 for winning)
|l|☆xXweedwizerd420Xx
|player|p1|
|l|☆Mr_Stonks0406
|player|p2|
