|j|☆ancientatom1
|j|☆no ratings
|t:|1779890930
|gametype|singles
|player|p1|ancientatom1|102|1531
|player|p2|no ratings|policeman-gen4|1469
|gen|9
|tier|[Gen 9] OU
|rated|
|rule|HP Percentage Mod: HP is shown in percentages
|rule|Endless Battle Clause: Forcing endless battles is banned
|rule|Species Clause: Limit one of each Pokémon
|rule|OHKO Clause: OHKO moves are banned
|rule|Evasion Items Clause: Evasion items are banned
|rule|Evasion Moves Clause: Evasion moves are banned
|rule|Evasion Abilities Clause: Evasion abilities are banned
|rule|Sleep Moves Clause: Sleep-inducing moves are banned
|clearpoke
|poke|p1|Iron Moth|
|poke|p1|Gliscor, M|
|poke|p1|Hatterene, F|
|poke|p1|Ogerpon-Wellspring, F|
|poke|p1|Raging Bolt|
|poke|p1|Zamazenta-*|
|poke|p2|Keldeo-Resolute|
|poke|p2|Reuniclus, F|
|poke|p2|Gliscor, M|
|poke|p2|Samurott-Hisui, F|
|poke|p2|Mandibuzz, F|
|poke|p2|Empoleon, F|
|teampreview
|inactive|Battle timer is ON: inactive players will automatically lose when time's up. (requested by ancientatom1)
|j| Wu Ming zuishuai
|inactive|ancientatom1 has 120 seconds left.
|inactive|no ratings has 120 seconds left.
|
|t:|1779890969
|teamsize|p1|6
|teamsize|p2|6
|start
|switch|p1a: Big Zam|Zamazenta|100/100
|switch|p2a: Mandibuzz|Mandibuzz, F|100/100
|-ability|p1a: Big Zam|Dauntless Shield|boost
|-boost|p1a: Big Zam|def|1
|turn|1
|
|t:|1779890979
|switch|p2a: Reuniclus|Reuniclus, F, shiny|100/100
|move|p1a: Big Zam|Reflect|p1a: Big Zam
|-sidestart|p1: ancientatom1|Reflect
|
|upkeep
|turn|2
|
|t:|1779890984
|move|p1a: Big Zam|Light Screen|p1a: Big Zam
|-sidestart|p1: ancientatom1|move: Light Screen
|move|p2a: Reuniclus|Knock Off|p1a: Big Zam
|-resisted|p1a: Big Zam
|-damage|p1a: Big Zam|98/100
|-enditem|p1a: Big Zam|Light Clay|[from] move: Knock Off|[of] p2a: Reuniclus
|
|upkeep
|turn|3
|
|t:|1779891003
|switch|p1a: ILuvSippinPiss|Gliscor, M|100/100
|move|p2a: Reuniclus|Psychic Noise|p1a: ILuvSippinPiss
|-damage|p1a: ILuvSippinPiss|68/100
|-start|p1a: ILuvSippinPiss|move: Heal Block
|
|-status|p1a: ILuvSippinPiss|tox|[from] item: Toxic Orb
|upkeep
|turn|4
|inactive|ancientatom1 has 120 seconds left.
|
|t:|1779891058
|switch|p2a: Keldeo|Keldeo-Resolute|100/100
|move|p1a: ILuvSippinPiss|Earthquake|p2a: Keldeo
|-damage|p2a: Keldeo|47/100
|
|-end|p1a: ILuvSippinPiss|move: Heal Block
|upkeep
|turn|5
|inactive|no ratings has 120 seconds left.
|
|t:|1779891082
|move|p2a: Keldeo|Flip Turn|p1a: ILuvSippinPiss
|-supereffective|p1a: ILuvSippinPiss
|-damage|p1a: ILuvSippinPiss|57/100 tox
|
|t:|1779891085
|switch|p2a: Gliscor|Gliscor, M|100/100|[from] Flip Turn
|move|p1a: ILuvSippinPiss|Earthquake|p2a: Gliscor
|-immune|p2a: Gliscor
|
|-heal|p1a: ILuvSippinPiss|69/100 tox|[from] ability: Poison Heal
|-status|p2a: Gliscor|tox|[from] item: Toxic Orb
|upkeep
|turn|6
|
|t:|1779891094
|switch|p1a: Carbuncle8Itself|Ogerpon-Wellspring, F|100/100
|move|p2a: Gliscor|Swords Dance|p2a: Gliscor
|-boost|p2a: Gliscor|atk|2
|
|upkeep
|turn|7
|
|t:|1779891099
|move|p2a: Gliscor|Protect|p2a: Gliscor
|-singleturn|p2a: Gliscor|Protect
|move|p1a: Carbuncle8Itself|Ivy Cudgel|p2a: Gliscor|[anim] Ivy Cudgel Water
|-activate|p2a: Gliscor|move: Protect
|
|upkeep
|turn|8
|
|t:|1779891102
|switch|p2a: Mandibuzz|Mandibuzz, F|100/100
|move|p1a: Carbuncle8Itself|Trailblaze|p2a: Mandibuzz
|-resisted|p2a: Mandibuzz
|-damage|p2a: Mandibuzz|91/100
|-boost|p1a: Carbuncle8Itself|spe|1
|
|-sideend|p1: ancientatom1|Reflect
|upkeep
|turn|9
|
|t:|1779891108
|move|p1a: Carbuncle8Itself|Swords Dance|p1a: Carbuncle8Itself
|-boost|p1a: Carbuncle8Itself|atk|2
|move|p2a: Mandibuzz|Foul Play|p1a: Carbuncle8Itself
|-damage|p1a: Carbuncle8Itself|0 fnt
|faint|p1a: Carbuncle8Itself
|
|-sideend|p1: ancientatom1|move: Light Screen
|upkeep
|
|t:|1779891115
|switch|p1a: Mesophilioma|Raging Bolt|100/100
|-enditem|p1a: Mesophilioma|Booster Energy
|-activate|p1a: Mesophilioma|ability: Protosynthesis|[fromitem]
|-start|p1a: Mesophilioma|protosynthesisspa
|turn|10
|
|t:|1779891143
|switch|p2a: Gliscor|Gliscor, M|100/100 tox
|move|p1a: Mesophilioma|Dragon Pulse|p2a: Gliscor
|-damage|p2a: Gliscor|49/100 tox
|
|-heal|p2a: Gliscor|61/100 tox|[from] ability: Poison Heal
|upkeep
|turn|11
|
|t:|1779891171
|move|p1a: Mesophilioma|Dragon Pulse|p2a: Gliscor
|-damage|p2a: Gliscor|5/100 tox
|move|p2a: Gliscor|Facade|p1a: Mesophilioma
|-damage|p1a: Mesophilioma|73/100
|
|-heal|p2a: Gliscor|17/100 tox|[from] ability: Poison Heal
|upkeep
|turn|12
|
|t:|1779891189
|switch|p2a: Reuniclus|Reuniclus, F, shiny|100/100
|move|p1a: Mesophilioma|Calm Mind|p1a: Mesophilioma
|-boost|p1a: Mesophilioma|spa|1
|-boost|p1a: Mesophilioma|spd|1
|
|upkeep
|turn|13
|
|t:|1779891205
|move|p1a: Mesophilioma|Thunderbolt|p2a: Reuniclus
|-damage|p2a: Reuniclus|12/100
|move|p2a: Reuniclus|Psychic Noise|p1a: Mesophilioma
|-damage|p1a: Mesophilioma|39/100
|-start|p1a: Mesophilioma|move: Heal Block
|
|upkeep
|turn|14
|
|t:|1779891212
|move|p1a: Mesophilioma|Dragon Pulse|p2a: Reuniclus
|-damage|p2a: Reuniclus|0 fnt
|faint|p2a: Reuniclus
|
|-end|p1a: Mesophilioma|move: Heal Block
|upkeep
|
|t:|1779891221
|switch|p2a: Empoleon|Empoleon, F, shiny|100/100
|turn|15
|
|t:|1779891234
|-terastallize|p2a: Empoleon|Fairy
|move|p1a: Mesophilioma|Thunderbolt|p2a: Empoleon
|-damage|p2a: Empoleon|27/100
|move|p2a: Empoleon|Ice Beam|p1a: Mesophilioma
|-supereffective|p1a: Mesophilioma
|-damage|p1a: Mesophilioma|8/100
|
|-heal|p2a: Empoleon|33/100|[from] item: Leftovers
|upkeep
|turn|16
|
|t:|1779891244
|switch|p2a: Gliscor|Gliscor, M|17/100 tox
|move|p1a: Mesophilioma|Thunderbolt|p2a: Gliscor
|-immune|p2a: Gliscor
|
|-heal|p2a: Gliscor|30/100 tox|[from] ability: Poison Heal
|upkeep
|turn|17
|
|t:|1779891250
|move|p2a: Gliscor|Protect|p2a: Gliscor
|-singleturn|p2a: Gliscor|Protect
|move|p1a: Mesophilioma|Dragon Pulse|p2a: Gliscor
|-activate|p2a: Gliscor|move: Protect
|
|-heal|p2a: Gliscor|42/100 tox|[from] ability: Poison Heal
|upkeep
|turn|18
|
|t:|1779891256
|move|p1a: Mesophilioma|Dragon Pulse|p2a: Gliscor
|-damage|p2a: Gliscor|0 fnt
|faint|p2a: Gliscor
|
|upkeep
|
|t:|1779891260
|switch|p2a: Samurott|Samurott-Hisui, F, shiny|100/100
|turn|19
|
|t:|1779891264
|switch|p2a: Keldeo|Keldeo-Resolute|47/100
|move|p1a: Mesophilioma|Thunderclap||[still]
|-fail|p1a: Mesophilioma
|
|upkeep
|turn|20
|
|t:|1779891268
|move|p2a: Keldeo|Vacuum Wave|p1a: Mesophilioma
|-damage|p1a: Mesophilioma|0 fnt
|faint|p1a: Mesophilioma
|-end|p1a: Mesophilioma|Protosynthesis|[silent]
|
|upkeep
|
|t:|1779891273
|switch|p1a: Sh*tOnThePresident|Iron Moth|100/100
|-enditem|p1a: Sh*tOnThePresident|Booster Energy
|-activate|p1a: Sh*tOnThePresident|ability: Quark Drive|[fromitem]
|-start|p1a: Sh*tOnThePresident|quarkdrivespe
|turn|21
|
|t:|1779891282
|move|p1a: Sh*tOnThePresident|Sludge Wave|p2a: Keldeo
|-damage|p2a: Keldeo|0 fnt
|faint|p2a: Keldeo
|
|upkeep
|
|t:|1779891284
|switch|p2a: Samurott|Samurott-Hisui, F, shiny|100/100
|turn|22
|
|t:|1779891296
|move|p1a: Sh*tOnThePresident|Toxic Spikes|p2a: Samurott
|-sidestart|p2: no ratings|move: Toxic Spikes
|move|p2a: Samurott|Razor Shell|p1a: Sh*tOnThePresident
|-supereffective|p1a: Sh*tOnThePresident
|-damage|p1a: Sh*tOnThePresident|0 fnt
|faint|p1a: Sh*tOnThePresident
|-end|p1a: Sh*tOnThePresident|Quark Drive|[silent]
|
|upkeep
|
|t:|1779891303
|switch|p1a: Big Zam|Zamazenta|98/100
|turn|23
|
|t:|1779891308
|switch|p2a: Mandibuzz|Mandibuzz, F|91/100
|move|p1a: Big Zam|Close Combat|p2a: Mandibuzz
|-damage|p2a: Mandibuzz|61/100
|-unboost|p1a: Big Zam|def|1
|-unboost|p1a: Big Zam|spd|1
|
|upkeep
|turn|24
|
|t:|1779891318
|switch|p1a: ILuvSippinPiss|Gliscor, M|69/100 tox
|move|p2a: Mandibuzz|Roost|p2a: Mandibuzz
|-heal|p2a: Mandibuzz|100/100
|-singleturn|p2a: Mandibuzz|move: Roost
|
|-heal|p1a: ILuvSippinPiss|81/100 tox|[from] ability: Poison Heal
|upkeep
|turn|25
|
|t:|1779891329
|switch|p1a: Spoofy|Hatterene, F|100/100
|move|p2a: Mandibuzz|Iron Defense|p2a: Mandibuzz
|-boost|p2a: Mandibuzz|def|2
|
|upkeep
|turn|26
|
|t:|1779891354
|switch|p2a: Samurott|Samurott-Hisui, F, shiny|100/100
|-status|p2a: Samurott|psn
|move|p1a: Spoofy|Draining Kiss|p2a: Samurott
|-supereffective|p2a: Samurott
|-damage|p2a: Samurott|34/100 psn
|
|-damage|p2a: Samurott|22/100 psn|[from] psn
|upkeep
|turn|27
|-message|no ratings forfeited.
|
|win|ancientatom1
|raw|ancientatom1's rating: 1531 &rarr; <strong>1547</strong><br />(+16 for winning)
|raw|no ratings's rating: 1469 &rarr; <strong>1453</strong><br />(-16 for losing)
|l|☆no ratings
|player|p2|
|l|☆ancientatom1
|player|p1|
