|j|☆ascbo
|j|☆mainwidow
|t:|1779875107
|gametype|singles
|player|p1|ascbo|youngster-gen8|1412
|player|p2|mainwidow|1|1363
|gen|9
|tier|[Gen 9] OU
|rated|
|rule|HP Percentage Mod: HP is shown in percentages
|rule|Endless Battle Clause: Forcing endless battles is banned
|rule|Species Clause: Limit one of each Pokémon
|rule|OHKO Clause: OHKO moves are banned
|rule|Evasion Items Clause: Evasion items are banned
|rule|Evasion Moves Clause: Evasion moves are banned
|rule|Evasion Abilities Clause: Evasion abilities are banned
|rule|Sleep Moves Clause: Sleep-inducing moves are banned
|clearpoke
|poke|p1|Regidrago|
|poke|p1|Garchomp, F|
|poke|p1|Dragonite, F|
|poke|p1|Grimmsnarl, M|
|poke|p1|Pecharunt|
|poke|p1|Great Tusk|
|poke|p2|Kingambit, M|
|poke|p2|Pelipper, F|
|poke|p2|Azumarill, M|
|poke|p2|Zapdos|
|poke|p2|Barraskewda, F|
|poke|p2|Ceruledge, M|
|teampreview
|
|t:|1779875121
|teamsize|p1|6
|teamsize|p2|6
|start
|switch|p1a: Me Tengo Que Ir|Grimmsnarl, M|100/100
|switch|p2a: Pelipper|Pelipper, F|100/100
|-weather|RainDance|[from] ability: Drizzle|[of] p2a: Pelipper
|turn|1
|inactive|Battle timer is ON: inactive players will automatically lose when time's up. (requested by ascbo)
|
|t:|1779875154
|move|p1a: Me Tengo Que Ir|Parting Shot|p2a: Pelipper
|-unboost|p2a: Pelipper|atk|1
|-unboost|p2a: Pelipper|spa|1
|
|t:|1779875173
|switch|p1a: Oh Qué Será?|Regidrago|100/100|[from] Parting Shot
|move|p2a: Pelipper|U-turn|p1a: Oh Qué Será?
|-damage|p1a: Oh Qué Será?|93/100
|
|t:|1779875180
|switch|p2a: Barraskewda|Barraskewda, F|100/100|[from] U-turn
|
|-weather|RainDance|[upkeep]
|upkeep
|turn|2
|
|t:|1779875186
|move|p2a: Barraskewda|Flip Turn|p1a: Oh Qué Será?
|-resisted|p1a: Oh Qué Será?
|-damage|p1a: Oh Qué Será?|53/100
|
|t:|1779875188
|switch|p2a: Azumarill|Azumarill, M|100/100|[from] Flip Turn
|move|p1a: Oh Qué Será?|Outrage|p2a: Azumarill
|-immune|p2a: Azumarill
|
|-weather|RainDance|[upkeep]
|upkeep
|turn|3
|
|t:|1779875195
|move|p1a: Oh Qué Será?|Explosion|p2a: Azumarill
|-damage|p2a: Azumarill|0 fnt
|faint|p1a: Oh Qué Será?
|faint|p2a: Azumarill
|
|-weather|RainDance|[upkeep]
|upkeep
|c|☆mainwidow|XD
|
|t:|1779875204
|switch|p1a: Tú Con Él|Garchomp, F|100/100
|switch|p2a: Barraskewda|Barraskewda, F|100/100
|turn|4
|
|t:|1779875216
|-terastallize|p2a: Barraskewda|Water
|-terastallize|p1a: Tú Con Él|Water
|move|p2a: Barraskewda|Liquidation|p1a: Tú Con Él
|-resisted|p1a: Tú Con Él
|-damage|p1a: Tú Con Él|35/100
|-damage|p2a: Barraskewda|88/100|[from] ability: Rough Skin|[of] p1a: Tú Con Él
|move|p1a: Tú Con Él|Scale Shot|p2a: Barraskewda|[miss]
|-miss|p1a: Tú Con Él|p2a: Barraskewda
|
|-weather|RainDance|[upkeep]
|upkeep
|turn|5
|c|☆ascbo|no
|c|☆mainwidow|damn
|c|☆mainwidow|unlucky bro
|inactive|ascbo has 120 seconds left.
|inactive|ascbo has 90 seconds left.
|inactive|ascbo has 60 seconds left.
|
|t:|1779875310
|switch|p1a: Llorarás|Dragonite, F|100/100
|move|p2a: Barraskewda|Liquidation|p1a: Llorarás
|-resisted|p1a: Llorarás
|-damage|p1a: Llorarás|65/100
|
|-weather|RainDance|[upkeep]
|upkeep
|turn|6
|inactive|ascbo has 60 seconds left.
|c|☆ascbo|wait
|c|☆ascbo|i misclicked
|inactive|mainwidow has 120 seconds left.
|c|☆ascbo|oops
|c|☆ascbo|oh well
|inactive|mainwidow has 90 seconds left.
|
|t:|1779875389
|switch|p1a: Tú Con Él|Garchomp, F, tera:Water|35/100
|move|p2a: Barraskewda|Liquidation|p1a: Tú Con Él
|-resisted|p1a: Tú Con Él
|-damage|p1a: Tú Con Él|0 fnt
|-damage|p2a: Barraskewda|75/100|[from] ability: Rough Skin|[of] p1a: Tú Con Él
|faint|p1a: Tú Con Él
|
|-weather|RainDance|[upkeep]
|upkeep
|inactive|ascbo has 30 seconds left.
|inactive|ascbo has 20 seconds left.
|
|t:|1779875409
|switch|p1a: Me Tengo Que Ir|Grimmsnarl, M|100/100
|turn|7
|inactive|ascbo has 30 seconds left this turn.
|
|t:|1779875414
|move|p1a: Me Tengo Que Ir|Reflect|p1a: Me Tengo Que Ir
|-sidestart|p1: ascbo|Reflect
|move|p2a: Barraskewda|Liquidation|p1a: Me Tengo Que Ir
|-damage|p1a: Me Tengo Que Ir|8/100
|
|-weather|RainDance|[upkeep]
|upkeep
|turn|8
|inactive|ascbo has 30 seconds left.
|
|t:|1779875427
|move|p1a: Me Tengo Que Ir|Parting Shot|p2a: Barraskewda
|-unboost|p2a: Barraskewda|atk|1
|-unboost|p2a: Barraskewda|spa|1
|
|t:|1779875429
|switch|p1a: Deseándote|Pecharunt|100/100|[from] Parting Shot
|move|p2a: Barraskewda|Liquidation|p1a: Deseándote
|-crit|p1a: Deseándote
|-damage|p1a: Deseándote|0 fnt
|faint|p1a: Deseándote
|
|-weather|none
|upkeep
|c|☆ascbo|:(
|inactive|ascbo has 30 seconds left.
|c|☆mainwidow|not your day bro
|inactive|ascbo has 20 seconds left.
|c|☆ascbo|its ok
|inactive|ascbo has 15 seconds left.
|inactive|ascbo has 10 seconds left.
|
|t:|1779875464
|switch|p1a: Llorarás|Dragonite, F|65/100
|turn|9
|inactive|ascbo has 20 seconds left this turn.
|
|t:|1779875474
|move|p2a: Barraskewda|Liquidation|p1a: Llorarás
|-resisted|p1a: Llorarás
|-damage|p1a: Llorarás|47/100
|move|p1a: Llorarás|Dragon Dance|p1a: Llorarás
|-boost|p1a: Llorarás|atk|1
|-boost|p1a: Llorarás|spe|1
|
|upkeep
|turn|10
|inactive|ascbo has 30 seconds left this turn.
|inactive|mainwidow has 120 seconds left.
|c|☆ascbo|the gentle breeze brushes against the fallen leaves
|c|☆ascbo|for those who have given up
|c|☆ascbo|there is no hope
|
|t:|1779875508
|switch|p2a: Pelipper|Pelipper, F|100/100
|-weather|RainDance|[from] ability: Drizzle|[of] p2a: Pelipper
|move|p1a: Llorarás|Extreme Speed|p2a: Pelipper
|-damage|p2a: Pelipper|66/100
|
|-weather|RainDance|[upkeep]
|upkeep
|turn|11
|inactive|ascbo has 30 seconds left.
|
|t:|1779875521
|move|p1a: Llorarás|Outrage|p2a: Pelipper
|-damage|p2a: Pelipper|0 fnt
|faint|p2a: Pelipper
|
|-weather|RainDance|[upkeep]
|upkeep
|inactive|mainwidow has 90 seconds left.
|
|t:|1779875536
|switch|p2a: Zapdos|Zapdos|100/100
|turn|12
|inactive|mainwidow has 90 seconds left.
|
|t:|1779875544
|move|p1a: Llorarás|Outrage|p2a: Zapdos|[from] lockedmove
|-damage|p2a: Zapdos|0 fnt
|faint|p2a: Zapdos
|
|-weather|RainDance|[upkeep]
|upkeep
|c|☆ascbo|please be offensive zap
|c|☆ascbo|yes
|inactive|mainwidow has 90 seconds left.
|
|t:|1779875554
|switch|p2a: Kingambit|Kingambit, M|100/100
|-activate|p2a: Kingambit|ability: Supreme Overlord
|-start|p2a: Kingambit|fallen3|[silent]
|turn|13
|
|t:|1779875559
|move|p1a: Llorarás|Outrage|p2a: Kingambit|[from] lockedmove
|-resisted|p2a: Kingambit
|-damage|p2a: Kingambit|61/100
|-start|p1a: Llorarás|confusion|[fatigue]
|move|p2a: Kingambit|Kowtow Cleave|p1a: Llorarás
|-damage|p1a: Llorarás|11/100
|
|-weather|RainDance|[upkeep]
|-heal|p2a: Kingambit|68/100|[from] item: Leftovers
|upkeep
|turn|14
|
|t:|1779875567
|-activate|p1a: Llorarás|confusion
|move|p1a: Llorarás|Extreme Speed|p2a: Kingambit
|-resisted|p2a: Kingambit
|-damage|p2a: Kingambit|49/100
|move|p2a: Kingambit|Kowtow Cleave|p1a: Llorarás
|-damage|p1a: Llorarás|0 fnt
|faint|p1a: Llorarás
|
|-weather|RainDance|[upkeep]
|-heal|p2a: Kingambit|56/100|[from] item: Leftovers
|-sideend|p1: ascbo|Reflect
|upkeep
|
|t:|1779875575
|switch|p1a: Rey Sin Reina|Great Tusk|100/100
|-enditem|p1a: Rey Sin Reina|Booster Energy
|-activate|p1a: Rey Sin Reina|ability: Protosynthesis|[fromitem]
|-start|p1a: Rey Sin Reina|protosynthesisspe
|turn|15
|
|t:|1779875582
|move|p1a: Rey Sin Reina|Headlong Rush|p2a: Kingambit
|-supereffective|p2a: Kingambit
|-damage|p2a: Kingambit|0 fnt
|-unboost|p1a: Rey Sin Reina|def|1
|-unboost|p1a: Rey Sin Reina|spd|1
|faint|p2a: Kingambit
|-end|p2a: Kingambit|fallen3|[silent]
|
|-weather|RainDance|[upkeep]
|upkeep
|
|t:|1779875584
|switch|p2a: Barraskewda|Barraskewda, F, tera:Water|75/100
|turn|16
|c|☆mainwidow|gg
|c|☆ascbo|for mercy is a vertue
|
|t:|1779875593
|move|p2a: Barraskewda|Liquidation|p1a: Rey Sin Reina
|-supereffective|p1a: Rey Sin Reina
|-damage|p1a: Rey Sin Reina|0 fnt
|faint|p1a: Rey Sin Reina
|-end|p1a: Rey Sin Reina|Protosynthesis|[silent]
|
|-weather|RainDance|[upkeep]
|upkeep
|
|t:|1779875596
|switch|p1a: Me Tengo Que Ir|Grimmsnarl, M|8/100
|turn|17
|
|t:|1779875599
|move|p2a: Barraskewda|Liquidation|p1a: Me Tengo Que Ir
|-damage|p1a: Me Tengo Que Ir|0 fnt
|faint|p1a: Me Tengo Que Ir
|
|win|mainwidow
|raw|ascbo's rating: 1412 &rarr; <strong>1389</strong><br />(-23 for losing)
|raw|mainwidow's rating: 1363 &rarr; <strong>1386</strong><br />(+23 for winning)
|c|☆ascbo|gg wp
|c|☆mainwidow|wp
|l|☆ascbo
|player|p1|
|l|☆mainwidow
|player|p2|
