|j|☆Miurez
|j|☆bluntsmoker3000
|t:|1779857389
|gametype|singles
|player|p1|Miurez|pokemonranger-gen4|1616
|player|p2|bluntsmoker3000|bugcatcher-gen4dp|1557
|gen|9
|tier|[Gen 9] OU
|rated|
|rule|HP Percentage Mod: HP is shown in percentages
|rule|Endless Battle Clause: Forcing endless battles is banned
|rule|Species Clause: Limit one of each Pokémon
|rule|OHKO Clause: OHKO moves are banned
|rule|Evasion Items Clause: Evasion items are banned
|rule|Evasion Moves Clause: Evasion moves are banned
|rule|Evasion Abilities Clause: Evasion abilities are banned
|rule|Sleep Moves Clause: Sleep-inducing moves are banned
|clearpoke
|poke|p1|Kyurem|
|poke|p1|Corviknight, M|
|poke|p1|Ting-Lu|
|poke|p1|Dondozo, M|
|poke|p1|Slowking-Galar, M|
|poke|p1|Cinderace, M|
|poke|p2|Ting-Lu|
|poke|p2|Scizor, F|
|poke|p2|Tornadus-Therian, M|
|poke|p2|Raging Bolt|
|poke|p2|Alomomola, M|
|poke|p2|Hatterene, F|
|teampreview
|inactive|Battle timer is ON: inactive players will automatically lose when time's up. (requested by bluntsmoker3000)
|
|t:|1779857403
|teamsize|p1|6
|teamsize|p2|6
|start
|switch|p1a: Cinderace|Cinderace, M|100/100
|switch|p2a: Hatterene|Hatterene, F|100/100
|turn|1
|
|t:|1779857407
|move|p1a: Cinderace|Pyro Ball|p2a: Hatterene
|-crit|p2a: Hatterene
|-damage|p2a: Hatterene|39/100
|move|p2a: Hatterene|Nuzzle|p1a: Cinderace
|-damage|p1a: Cinderace|96/100
|-status|p1a: Cinderace|par
|
|upkeep
|turn|2
|j| bhybhww
|
|t:|1779857413
|switch|p2a: Alomomola|Alomomola, M|100/100
|move|p1a: Cinderace|Pyro Ball|p2a: Alomomola
|-resisted|p2a: Alomomola
|-damage|p2a: Alomomola|88/100
|
|upkeep
|turn|3
|
|t:|1779857426
|switch|p1a: Slowking|Slowking-Galar, M|100/100
|move|p2a: Alomomola|Flip Turn|p1a: Slowking
|-damage|p1a: Slowking|84/100
|
|t:|1779857433
|switch|p2a: Scizor|Scizor, F|100/100|[from] Flip Turn
|
|upkeep
|turn|4
|
|t:|1779857444
|switch|p1a: Cinderace|Cinderace, M|96/100 par
|move|p2a: Scizor|Knock Off|p1a: Cinderace
|-damage|p1a: Cinderace|55/100 par
|-enditem|p1a: Cinderace|Heavy-Duty Boots|[from] move: Knock Off|[of] p2a: Scizor
|
|upkeep
|turn|5
|
|t:|1779857452
|switch|p2a: Alomomola|Alomomola, M|100/100
|move|p1a: Cinderace|U-turn|p2a: Alomomola
|-damage|p2a: Alomomola|91/100
|l| bhybhww
|
|t:|1779857462
|switch|p1a: Kyurem|Kyurem|100/100|[from] U-turn
|-ability|p1a: Kyurem|Pressure
|
|upkeep
|turn|6
|
|t:|1779857466
|switch|p2a: Scizor|Scizor, F|100/100
|move|p1a: Kyurem|Substitute|p1a: Kyurem
|-start|p1a: Kyurem|Substitute
|-damage|p1a: Kyurem|75/100
|
|-heal|p1a: Kyurem|82/100|[from] item: Leftovers
|upkeep
|turn|7
|
|t:|1779857470
|move|p2a: Scizor|Bullet Punch|p1a: Kyurem
|-supereffective|p1a: Kyurem
|-end|p1a: Kyurem|Substitute
|move|p1a: Kyurem|Earth Power|p2a: Scizor
|-crit|p2a: Scizor
|-damage|p2a: Scizor|45/100
|
|-heal|p1a: Kyurem|88/100|[from] item: Leftovers
|upkeep
|turn|8
|
|t:|1779857476
|move|p1a: Kyurem|Protect|p1a: Kyurem
|-singleturn|p1a: Kyurem|Protect
|move|p2a: Scizor|Bullet Punch|p1a: Kyurem
|-activate|p1a: Kyurem|move: Protect
|
|-heal|p1a: Kyurem|94/100|[from] item: Leftovers
|upkeep
|turn|9
|
|t:|1779857481
|switch|p1a: Corviknight|Corviknight, M|100/100
|-ability|p1a: Corviknight|Pressure
|move|p2a: Scizor|Knock Off|p1a: Corviknight
|-damage|p1a: Corviknight|80/100
|-damage|p2a: Scizor|29/100|[from] item: Rocky Helmet|[of] p1a: Corviknight
|-enditem|p1a: Corviknight|Rocky Helmet|[from] move: Knock Off|[of] p2a: Scizor
|
|upkeep
|turn|10
|
|t:|1779857486
|switch|p1a: Cinderace|Cinderace, M|55/100 par
|move|p2a: Scizor|U-turn|p1a: Cinderace
|-resisted|p1a: Cinderace
|-damage|p1a: Cinderace|30/100 par
|
|t:|1779857488
|switch|p2a: Tornadus|Tornadus-Therian, M|100/100|[from] U-turn
|
|upkeep
|turn|11
|
|t:|1779857493
|move|p2a: Tornadus|Nasty Plot|p2a: Tornadus
|-boost|p2a: Tornadus|spa|2
|move|p1a: Cinderace|Pyro Ball|p2a: Tornadus
|-damage|p2a: Tornadus|9/100
|-status|p2a: Tornadus|brn
|
|-damage|p2a: Tornadus|3/100 brn|[from] brn
|upkeep
|turn|12
|
|t:|1779857503
|switch|p2a: Alomomola|Alomomola, M|100/100
|move|p1a: Cinderace|U-turn|p2a: Alomomola
|-damage|p2a: Alomomola|90/100
|
|t:|1779857516
|switch|p1a: Kyurem|Kyurem|94/100|[from] U-turn
|-ability|p1a: Kyurem|Pressure
|
|-heal|p1a: Kyurem|99/100|[from] item: Leftovers
|upkeep
|turn|13
|
|t:|1779857529
|switch|p2a: Hatterene|Hatterene, F|39/100
|move|p1a: Kyurem|Substitute|p1a: Kyurem
|-start|p1a: Kyurem|Substitute
|-damage|p1a: Kyurem|75/100
|
|-heal|p1a: Kyurem|81/100|[from] item: Leftovers
|upkeep
|turn|14
|
|t:|1779857535
|move|p1a: Kyurem|Protect|p1a: Kyurem
|-singleturn|p1a: Kyurem|Protect
|move|p2a: Hatterene|Psychic Noise|p1a: Kyurem
|-activate|p1a: Kyurem|move: Protect
|
|-heal|p1a: Kyurem|88/100|[from] item: Leftovers
|upkeep
|turn|15
|
|t:|1779857538
|move|p1a: Kyurem|Shadow Ball|p2a: Hatterene
|-supereffective|p2a: Hatterene
|-damage|p2a: Hatterene|0 fnt
|faint|p2a: Hatterene
|
|-heal|p1a: Kyurem|94/100|[from] item: Leftovers
|upkeep
|
|t:|1779857542
|switch|p2a: Ting-Lu|Ting-Lu|100/100
|-ability|p2a: Ting-Lu|Vessel of Ruin
|turn|16
|
|t:|1779857551
|move|p1a: Kyurem|Protect|p1a: Kyurem
|-singleturn|p1a: Kyurem|Protect
|move|p2a: Ting-Lu|Stealth Rock|p1a: Kyurem
|-sidestart|p1: Miurez|move: Stealth Rock
|
|-heal|p1a: Kyurem|99/100|[from] item: Leftovers
|upkeep
|turn|17
|
|t:|1779857554
|move|p1a: Kyurem|Earth Power|p2a: Ting-Lu
|-damage|p2a: Ting-Lu|88/100
|-unboost|p2a: Ting-Lu|spd|1
|move|p2a: Ting-Lu|Whirlwind|p1a: Kyurem
|drag|p1a: Ting-Lu|Ting-Lu|100/100
|-damage|p1a: Ting-Lu|94/100|[from] Stealth Rock
|-ability|p1a: Ting-Lu|Vessel of Ruin
|
|-heal|p1a: Ting-Lu|100/100|[from] item: Leftovers
|-heal|p2a: Ting-Lu|95/100|[from] item: Leftovers
|upkeep
|turn|18
|
|t:|1779857565
|switch|p2a: Tornadus|Tornadus-Therian, M|36/100 brn
|move|p1a: Ting-Lu|Earthquake|p2a: Tornadus
|-immune|p2a: Tornadus
|
|-damage|p2a: Tornadus|30/100 brn|[from] brn
|upkeep
|turn|19
|
|t:|1779857572
|switch|p2a: Alomomola|Alomomola, M|100/100
|move|p1a: Ting-Lu|Payback|p2a: Alomomola
|-damage|p2a: Alomomola|91/100
|
|upkeep
|turn|20
|
|t:|1779857577
|move|p1a: Ting-Lu|Payback|p2a: Alomomola
|-damage|p2a: Alomomola|81/100
|move|p2a: Alomomola|Wish|p2a: Alomomola
|
|upkeep
|turn|21
|
|t:|1779857582
|move|p1a: Ting-Lu|Earthquake|p2a: Alomomola
|-damage|p2a: Alomomola|61/100
|move|p2a: Alomomola|Flip Turn|p1a: Ting-Lu
|-supereffective|p1a: Ting-Lu
|-damage|p1a: Ting-Lu|82/100
|
|t:|1779857585
|switch|p2a: Scizor|Scizor, F|29/100|[from] Flip Turn
|
|-heal|p2a: Scizor|100/100|[from] move: Wish|[wisher] Alomomola
|-heal|p1a: Ting-Lu|88/100|[from] item: Leftovers
|upkeep
|turn|22
|
|t:|1779857589
|move|p2a: Scizor|Knock Off|p1a: Ting-Lu
|-resisted|p1a: Ting-Lu
|-damage|p1a: Ting-Lu|77/100
|-enditem|p1a: Ting-Lu|Leftovers|[from] move: Knock Off|[of] p2a: Scizor
|move|p1a: Ting-Lu|Earthquake|p2a: Scizor
|-damage|p2a: Scizor|63/100
|
|upkeep
|turn|23
|
|t:|1779857593
|move|p2a: Scizor|U-turn|p1a: Ting-Lu
|-supereffective|p1a: Ting-Lu
|-damage|p1a: Ting-Lu|30/100
|
|t:|1779857595
|switch|p2a: Alomomola|Alomomola, M|94/100|[from] U-turn
|move|p1a: Ting-Lu|Earthquake|p2a: Alomomola
|-damage|p2a: Alomomola|75/100
|
|upkeep
|turn|24
|
|t:|1779857602
|move|p1a: Ting-Lu|Rest|p1a: Ting-Lu
|-status|p1a: Ting-Lu|slp|[from] move: Rest
|-heal|p1a: Ting-Lu|100/100 slp|[silent]
|move|p2a: Alomomola|Scald|p1a: Ting-Lu
|-supereffective|p1a: Ting-Lu
|-damage|p1a: Ting-Lu|88/100 slp
|
|upkeep
|turn|25
|
|t:|1779857614
|switch|p1a: Corviknight|Corviknight, M|80/100
|-damage|p1a: Corviknight|68/100|[from] Stealth Rock
|-ability|p1a: Corviknight|Pressure
|move|p2a: Alomomola|Wish|p2a: Alomomola
|
|upkeep
|turn|26
|
|t:|1779857625
|move|p1a: Corviknight|Defog|p2a: Alomomola
|-unboost|p2a: Alomomola|evasion|1
|-sideend|p1: Miurez|Stealth Rock|[from] move: Defog|[of] p1a: Corviknight
|move|p2a: Alomomola|Flip Turn|p1a: Corviknight
|-damage|p1a: Corviknight|57/100
|
|t:|1779857628
|switch|p2a: Tornadus|Tornadus-Therian, M|63/100 brn|[from] Flip Turn
|
|-heal|p2a: Tornadus|100/100 brn|[from] move: Wish|[wisher] Alomomola
|-damage|p2a: Tornadus|94/100 brn|[from] brn
|upkeep
|turn|27
|
|t:|1779857641
|switch|p1a: Ting-Lu|Ting-Lu|88/100 slp
|-ability|p1a: Ting-Lu|Vessel of Ruin
|move|p2a: Tornadus|Nasty Plot|p2a: Tornadus
|-boost|p2a: Tornadus|spa|2
|
|-damage|p2a: Tornadus|88/100 brn|[from] brn
|upkeep
|turn|28
|
|t:|1779857650
|move|p2a: Tornadus|Grass Knot|p1a: Ting-Lu
|-supereffective|p1a: Ting-Lu
|-damage|p1a: Ting-Lu|13/100 slp
|-damage|p2a: Tornadus|79/100 brn|[from] item: Life Orb
|cant|p1a: Ting-Lu|slp
|move|p1a: Ting-Lu|Sleep Talk|p1a: Ting-Lu
|move|p1a: Ting-Lu|Payback|p2a: Tornadus|[from] move: Sleep Talk
|-damage|p2a: Tornadus|26/100 brn
|
|-damage|p2a: Tornadus|20/100 brn|[from] brn
|upkeep
|turn|29
|
|t:|1779857666
|move|p2a: Tornadus|Heat Wave|p1a: Ting-Lu
|-damage|p1a: Ting-Lu|0 fnt
|faint|p1a: Ting-Lu
|-damage|p2a: Tornadus|10/100 brn|[from] item: Life Orb
|
|-damage|p2a: Tornadus|4/100 brn|[from] brn
|upkeep
|inactive|Miurez has 120 seconds left.
|
|t:|1779857686
|switch|p1a: Slowking|Slowking-Galar, M|100/100
|turn|30
|
|t:|1779857692
|switch|p2a: Scizor|Scizor, F|63/100
|switch|p1a: Cinderace|Cinderace, M|30/100 par
|
|upkeep
|turn|31
|
|t:|1779857697
|switch|p2a: Alomomola|Alomomola, M|100/100
|cant|p1a: Cinderace|par
|
|upkeep
|turn|32
|
|t:|1779857707
|switch|p1a: Kyurem|Kyurem|99/100
|-ability|p1a: Kyurem|Pressure
|move|p2a: Alomomola|Flip Turn|p1a: Kyurem
|-resisted|p1a: Kyurem
|-damage|p1a: Kyurem|93/100
|
|t:|1779857717
|switch|p2a: Ting-Lu|Ting-Lu|95/100|[from] Flip Turn
|-ability|p2a: Ting-Lu|Vessel of Ruin
|
|-heal|p1a: Kyurem|99/100|[from] item: Leftovers
|-heal|p2a: Ting-Lu|100/100|[from] item: Leftovers
|upkeep
|turn|33
|
|t:|1779857729
|switch|p1a: Slowking|Slowking-Galar, M|100/100
|move|p2a: Ting-Lu|Stealth Rock|p1a: Slowking
|-sidestart|p1: Miurez|move: Stealth Rock
|
|upkeep
|turn|34
|
|t:|1779857736
|move|p1a: Slowking|Toxic|p2a: Ting-Lu
|-status|p2a: Ting-Lu|tox
|move|p2a: Ting-Lu|Whirlwind|p1a: Slowking
|drag|p1a: Corviknight|Corviknight, M|57/100
|-damage|p1a: Corviknight|45/100|[from] Stealth Rock
|-ability|p1a: Corviknight|Pressure
|
|-damage|p2a: Ting-Lu|94/100 tox|[from] psn
|upkeep
|turn|35
|
|t:|1779857743
|switch|p2a: Raging Bolt|Raging Bolt|100/100
|-enditem|p2a: Raging Bolt|Booster Energy
|-activate|p2a: Raging Bolt|ability: Protosynthesis|[fromitem]
|-start|p2a: Raging Bolt|protosynthesisspa
|move|p1a: Corviknight|Roost|p1a: Corviknight
|-heal|p1a: Corviknight|95/100
|-singleturn|p1a: Corviknight|move: Roost
|
|upkeep
|turn|36
|
|t:|1779857751
|move|p2a: Raging Bolt|Calm Mind|p2a: Raging Bolt
|-boost|p2a: Raging Bolt|spa|1
|-boost|p2a: Raging Bolt|spd|1
|move|p1a: Corviknight|Defog|p2a: Raging Bolt
|-unboost|p2a: Raging Bolt|evasion|1
|-sideend|p1: Miurez|Stealth Rock|[from] move: Defog|[of] p1a: Corviknight
|
|upkeep
|turn|37
|
|t:|1779857755
|move|p2a: Raging Bolt|Thunderbolt|p1a: Corviknight
|-supereffective|p1a: Corviknight
|-damage|p1a: Corviknight|0 fnt
|faint|p1a: Corviknight
|
|upkeep
|
|t:|1779857758
|switch|p1a: Slowking|Slowking-Galar, M|100/100
|turn|38
|
|t:|1779857762
|move|p2a: Raging Bolt|Thunderbolt|p1a: Slowking
|-damage|p1a: Slowking|40/100
|move|p1a: Slowking|Toxic|p2a: Raging Bolt
|-status|p2a: Raging Bolt|tox
|
|-damage|p2a: Raging Bolt|94/100 tox|[from] psn
|upkeep
|turn|39
|
|t:|1779857780
|switch|p1a: Cinderace|Cinderace, M|30/100 par
|move|p2a: Raging Bolt|Dragon Pulse|p1a: Cinderace
|-damage|p1a: Cinderace|0 fnt
|faint|p1a: Cinderace
|
|-damage|p2a: Raging Bolt|82/100 tox|[from] psn
|upkeep
|
|t:|1779857786
|switch|p1a: Kyurem|Kyurem|99/100
|-ability|p1a: Kyurem|Pressure
|turn|40
|
|t:|1779857792
|-end|p2a: Raging Bolt|Protosynthesis|[silent]
|switch|p2a: Ting-Lu|Ting-Lu|94/100 tox
|-ability|p2a: Ting-Lu|Vessel of Ruin
|move|p1a: Kyurem|Protect||[still]
|-fail|p1a: Kyurem
|
|-heal|p1a: Kyurem|100/100|[from] item: Leftovers
|-heal|p2a: Ting-Lu|100/100 tox|[from] item: Leftovers
|-damage|p2a: Ting-Lu|94/100 tox|[from] psn
|upkeep
|turn|41
|
|t:|1779857816
|switch|p1a: Slowking|Slowking-Galar, M|74/100
|move|p2a: Ting-Lu|Stealth Rock|p1a: Slowking
|-sidestart|p1: Miurez|move: Stealth Rock
|
|-heal|p2a: Ting-Lu|100/100 tox|[from] item: Leftovers
|-damage|p2a: Ting-Lu|88/100 tox|[from] psn
|upkeep
|turn|42
|
|t:|1779857821
|move|p2a: Ting-Lu|Earthquake|p1a: Slowking
|-supereffective|p1a: Slowking
|-damage|p1a: Slowking|0 fnt
|faint|p1a: Slowking
|
|-heal|p2a: Ting-Lu|94/100 tox|[from] item: Leftovers
|-damage|p2a: Ting-Lu|76/100 tox|[from] psn
|upkeep
|
|t:|1779857836
|switch|p1a: Kyurem|Kyurem|100/100
|-damage|p1a: Kyurem|75/100|[from] Stealth Rock
|-ability|p1a: Kyurem|Pressure
|turn|43
|
|t:|1779857843
|move|p1a: Kyurem|Earth Power|p2a: Ting-Lu
|-damage|p2a: Ting-Lu|62/100 tox
|move|p2a: Ting-Lu|Whirlwind|p1a: Kyurem
|drag|p1a: Dondozo|Dondozo, M|100/100
|-damage|p1a: Dondozo|88/100|[from] Stealth Rock
|
|-heal|p2a: Ting-Lu|68/100 tox|[from] item: Leftovers
|-heal|p1a: Dondozo|94/100|[from] item: Leftovers
|-damage|p2a: Ting-Lu|43/100 tox|[from] psn
|upkeep
|turn|44
|
|t:|1779857852
|switch|p2a: Raging Bolt|Raging Bolt|82/100 tox
|move|p1a: Dondozo|Waterfall|p2a: Raging Bolt
|-resisted|p2a: Raging Bolt
|-damage|p2a: Raging Bolt|70/100 tox
|
|-heal|p1a: Dondozo|100/100|[from] item: Leftovers
|-damage|p2a: Raging Bolt|64/100 tox|[from] psn
|upkeep
|turn|45
|
|t:|1779857861
|switch|p1a: Kyurem|Kyurem|75/100
|-damage|p1a: Kyurem|50/100|[from] Stealth Rock
|-ability|p1a: Kyurem|Pressure
|move|p2a: Raging Bolt|Dragon Pulse|p1a: Kyurem
|-supereffective|p1a: Kyurem
|-damage|p1a: Kyurem|0 fnt
|faint|p1a: Kyurem
|
|-damage|p2a: Raging Bolt|51/100 tox|[from] psn
|upkeep
|
|t:|1779857863
|switch|p1a: Dondozo|Dondozo, M|100/100
|-damage|p1a: Dondozo|88/100|[from] Stealth Rock
|turn|46
|
|t:|1779857880
|-terastallize|p1a: Dondozo|Dark
|move|p2a: Raging Bolt|Thunderbolt|p1a: Dondozo
|-damage|p1a: Dondozo|40/100
|-status|p1a: Dondozo|par
|move|p1a: Dondozo|Body Press|p2a: Raging Bolt
|-damage|p2a: Raging Bolt|24/100 tox
|
|-heal|p1a: Dondozo|46/100 par|[from] item: Leftovers
|-damage|p2a: Raging Bolt|5/100 tox|[from] psn
|upkeep
|turn|47
|
|t:|1779857890
|-end|p2a: Raging Bolt|Protosynthesis|[silent]
|switch|p2a: Scizor|Scizor, F|63/100
|cant|p1a: Dondozo|par
|
|-heal|p1a: Dondozo|52/100 par|[from] item: Leftovers
|upkeep
|turn|48
|
|t:|1779857896
|move|p2a: Scizor|Knock Off|p1a: Dondozo
|-resisted|p1a: Dondozo
|-damage|p1a: Dondozo|43/100 par
|-enditem|p1a: Dondozo|Leftovers|[from] move: Knock Off|[of] p2a: Scizor
|move|p1a: Dondozo|Rest|p1a: Dondozo
|-status|p1a: Dondozo|slp|[from] move: Rest
|-heal|p1a: Dondozo|100/100 slp|[silent]
|
|upkeep
|turn|49
|
|t:|1779857904
|move|p2a: Scizor|U-turn|p1a: Dondozo
|-supereffective|p1a: Dondozo
|-damage|p1a: Dondozo|64/100 slp
|
|t:|1779857906
|switch|p2a: Alomomola|Alomomola, M|100/100|[from] U-turn
|cant|p1a: Dondozo|slp
|
|upkeep
|turn|50
|
|t:|1779857910
|move|p2a: Alomomola|Wish|p2a: Alomomola
|cant|p1a: Dondozo|slp
|
|upkeep
|turn|51
|
|t:|1779857914
|move|p2a: Alomomola|Flip Turn|p1a: Dondozo
|-damage|p1a: Dondozo|56/100 slp
|
|t:|1779857920
|switch|p2a: Scizor|Scizor, F|63/100|[from] Flip Turn
|-curestatus|p1a: Dondozo|slp|[msg]
|move|p1a: Dondozo|Body Press|p2a: Scizor
|-damage|p2a: Scizor|35/100
|
|-heal|p2a: Scizor|100/100|[from] move: Wish|[wisher] Alomomola
|upkeep
|turn|52
|
|t:|1779857925
|move|p2a: Scizor|U-turn|p1a: Dondozo
|-supereffective|p1a: Dondozo
|-damage|p1a: Dondozo|18/100
|
|t:|1779857927
|switch|p2a: Tornadus|Tornadus-Therian, M|37/100 brn|[from] U-turn
|move|p1a: Dondozo|Curse|p1a: Dondozo
|-unboost|p1a: Dondozo|spe|1
|-boost|p1a: Dondozo|atk|1
|-boost|p1a: Dondozo|def|1
|
|-damage|p2a: Tornadus|31/100 brn|[from] brn
|upkeep
|turn|53
|
|t:|1779857931
|move|p2a: Tornadus|Grass Knot|p1a: Dondozo
|-damage|p1a: Dondozo|0 fnt
|faint|p1a: Dondozo
|-damage|p2a: Tornadus|21/100 brn|[from] item: Life Orb
|
|win|bluntsmoker3000
|raw|Miurez's rating: 1616 &rarr; <strong>1593</strong><br />(-23 for losing)
|raw|bluntsmoker3000's rating: 1557 &rarr; <strong>1580</strong><br />(+23 for winning)
|l|☆bluntsmoker3000
|player|p2|
|l|☆Miurez
|player|p1|
