|j|☆gaelprozin
|j|☆pepsiefizzed
|t:|1779827101
|gametype|singles
|player|p1|gaelprozin|scientist-gen4|1056
|player|p2|pepsiefizzed|2|1088
|gen|9
|tier|[Gen 9] OU
|rated|
|rule|HP Percentage Mod: HP is shown in percentages
|rule|Endless Battle Clause: Forcing endless battles is banned
|rule|Species Clause: Limit one of each Pokémon
|rule|OHKO Clause: OHKO moves are banned
|rule|Evasion Items Clause: Evasion items are banned
|rule|Evasion Moves Clause: Evasion moves are banned
|rule|Evasion Abilities Clause: Evasion abilities are banned
|rule|Sleep Moves Clause: Sleep-inducing moves are banned
|clearpoke
|poke|p1|Garchomp, M|
|poke|p1|Rotom-Wash|
|poke|p1|Rillaboom, F|
|poke|p1|Dragapult, M|
|poke|p1|Corviknight, M|
|poke|p1|Heatran, M|
|poke|p2|Darkrai|
|poke|p2|Great Tusk|
|poke|p2|Iron Crown|
|poke|p2|Lokix, M|
|poke|p2|Alomomola, M|
|poke|p2|Corviknight, M|
|teampreview
|
|t:|1779827112
|teamsize|p1|6
|teamsize|p2|6
|start
|switch|p1a: Garchomp|Garchomp, M|100/100
|switch|p2a: Darkrai|Darkrai|100/100
|turn|1
|
|t:|1779827131
|move|p2a: Darkrai|Ice Beam|p1a: Garchomp
|-supereffective|p1a: Garchomp
|-damage|p1a: Garchomp|0 fnt
|faint|p1a: Garchomp
|-damage|p2a: Darkrai|91/100|[from] item: Life Orb
|
|upkeep
|
|t:|1779827143
|switch|p1a: Rillaboom|Rillaboom, F|100/100
|turn|2
|
|t:|1779827151
|switch|p2a: Corviknight|Corviknight, M|100/100
|move|p1a: Rillaboom|Drain Punch|p2a: Corviknight
|-damage|p2a: Corviknight|74/100
|-damage|p1a: Rillaboom|84/100|[from] item: Rocky Helmet|[of] p2a: Corviknight
|
|upkeep
|turn|3
|
|t:|1779827159
|switch|p1a: Heatran|Heatran, M, shiny|100/100
|-item|p1a: Heatran|Air Balloon
|move|p2a: Corviknight|U-turn|p1a: Heatran
|-resisted|p1a: Heatran
|-damage|p1a: Heatran|97/100
|-enditem|p1a: Heatran|Air Balloon
|
|t:|1779827173
|switch|p2a: Great Tusk|Great Tusk, shiny|100/100|[from] U-turn
|
|upkeep
|turn|4
|
|t:|1779827206
|switch|p1a: Rotom|Rotom-Wash, shiny|100/100
|move|p2a: Great Tusk|Stealth Rock|p1a: Rotom
|-sidestart|p1: gaelprozin|move: Stealth Rock
|
|upkeep
|turn|5
|
|t:|1779827232
|-end|p2a: Great Tusk|Protosynthesis|[silent]
|switch|p2a: Alomomola|Alomomola, M, shiny|100/100
|move|p1a: Rotom|Hydro Pump|p2a: Alomomola
|-resisted|p2a: Alomomola
|-damage|p2a: Alomomola|90/100
|
|upkeep
|turn|6
|
|t:|1779827252
|switch|p1a: Rillaboom|Rillaboom, F|84/100
|-damage|p1a: Rillaboom|72/100|[from] Stealth Rock
|move|p2a: Alomomola|Mirror Coat||[still]
|-fail|p2a: Alomomola
|
|upkeep
|turn|7
|
|t:|1779827259
|switch|p2a: Corviknight|Corviknight, M|74/100
|move|p1a: Rillaboom|Grassy Glide|p2a: Corviknight
|-resisted|p2a: Corviknight
|-damage|p2a: Corviknight|68/100
|-damage|p1a: Rillaboom|55/100|[from] item: Rocky Helmet|[of] p2a: Corviknight
|
|upkeep
|turn|8
|
|t:|1779827274
|switch|p1a: Rotom|Rotom-Wash, shiny|100/100
|-damage|p1a: Rotom|88/100|[from] Stealth Rock
|move|p2a: Corviknight|U-turn|p1a: Rotom
|-damage|p1a: Rotom|76/100
|
|t:|1779827282
|switch|p2a: Iron Crown|Iron Crown|100/100|[from] U-turn
|
|-heal|p1a: Rotom|82/100|[from] item: Leftovers
|upkeep
|turn|9
|
|t:|1779827290
|switch|p1a: Heatran|Heatran, M, shiny|97/100
|-damage|p1a: Heatran|85/100|[from] Stealth Rock
|move|p2a: Iron Crown|Volt Switch|p1a: Heatran
|-damage|p1a: Heatran|60/100
|
|t:|1779827297
|-end|p2a: Iron Crown|Quark Drive|[silent]
|switch|p2a: Great Tusk|Great Tusk, shiny|100/100|[from] Volt Switch
|
|upkeep
|turn|10
|
|t:|1779827303
|switch|p1a: Corviknight|Corviknight, M, shiny|100/100
|-damage|p1a: Corviknight|88/100|[from] Stealth Rock
|-ability|p1a: Corviknight|Pressure
|move|p2a: Great Tusk|Knock Off|p1a: Corviknight
|-damage|p1a: Corviknight|65/100
|-enditem|p1a: Corviknight|Leftovers|[from] move: Knock Off|[of] p2a: Great Tusk
|
|upkeep
|turn|11
|
|t:|1779827322
|-end|p2a: Great Tusk|Protosynthesis|[silent]
|switch|p2a: Iron Crown|Iron Crown|100/100
|move|p1a: Corviknight|Brave Bird|p2a: Iron Crown
|-resisted|p2a: Iron Crown
|-damage|p2a: Iron Crown|77/100
|-damage|p1a: Corviknight|58/100|[from] Recoil
|
|upkeep
|turn|12
|
|t:|1779827352
|switch|p1a: Heatran|Heatran, M, shiny|60/100
|-damage|p1a: Heatran|48/100|[from] Stealth Rock
|move|p2a: Iron Crown|Volt Switch|p1a: Heatran
|-damage|p1a: Heatran|23/100
|
|t:|1779827361
|-end|p2a: Iron Crown|Quark Drive|[silent]
|switch|p2a: Darkrai|Darkrai|91/100|[from] Volt Switch
|
|upkeep
|turn|13
|
|t:|1779827374
|switch|p1a: Rillaboom|Rillaboom, F|55/100
|-damage|p1a: Rillaboom|43/100|[from] Stealth Rock
|move|p2a: Darkrai|Dark Pulse|p1a: Rillaboom
|-damage|p1a: Rillaboom|0 fnt
|faint|p1a: Rillaboom
|-damage|p2a: Darkrai|81/100|[from] item: Life Orb
|
|upkeep
|-message|gaelprozin forfeited.
|
|win|pepsiefizzed
|raw|gaelprozin's rating: 1056 &rarr; <strong>1039</strong><br />(-17 for losing)
|raw|pepsiefizzed's rating: 1088 &rarr; <strong>1112</strong><br />(+24 for winning)
|l|☆gaelprozin
|player|p1|
