|j|☆Eisen7111
|j|☆by nicole
|t:|1779966518
|gametype|singles
|player|p1|Eisen7111|bruno|1420
|player|p2|by nicole|dawn-gen4pt|1391
|gen|9
|tier|[Gen 9] OU
|rated|
|rule|HP Percentage Mod: HP is shown in percentages
|rule|Endless Battle Clause: Forcing endless battles is banned
|rule|Species Clause: Limit one of each Pokémon
|rule|OHKO Clause: OHKO moves are banned
|rule|Evasion Items Clause: Evasion items are banned
|rule|Evasion Moves Clause: Evasion moves are banned
|rule|Evasion Abilities Clause: Evasion abilities are banned
|rule|Sleep Moves Clause: Sleep-inducing moves are banned
|clearpoke
|poke|p1|Pelipper, M|
|poke|p1|Barraskewda, M|
|poke|p1|Raging Bolt|
|poke|p1|Basculegion-F, F|
|poke|p1|Kingambit, M|
|poke|p1|Zapdos|
|poke|p2|Crawdaunt, M|
|poke|p2|Iron Treads|
|poke|p2|Zapdos|
|poke|p2|Slowking-Galar, F|
|poke|p2|Kyurem|
|poke|p2|Cinderace, F|
|teampreview
|inactive|Battle timer is ON: inactive players will automatically lose when time's up. (requested by Eisen7111)
|
|t:|1779966530
|teamsize|p1|6
|teamsize|p2|6
|start
|switch|p1a: Barraskewda|Barraskewda, M|100/100
|switch|p2a: Kyurem|Kyurem, shiny|100/100
|-ability|p2a: Kyurem|Pressure
|turn|1
|
|t:|1779966540
|switch|p2a: Zapdos|Zapdos|100/100
|move|p1a: Barraskewda|Close Combat|p2a: Zapdos
|-resisted|p2a: Zapdos
|-damage|p2a: Zapdos|79/100
|-unboost|p1a: Barraskewda|def|1
|-unboost|p1a: Barraskewda|spd|1
|-status|p1a: Barraskewda|par|[from] ability: Static|[of] p2a: Zapdos
|
|upkeep
|turn|2
|
|t:|1779966544
|switch|p1a: Raging Bolt|Raging Bolt|100/100
|move|p2a: Zapdos|U-turn|p1a: Raging Bolt
|-damage|p1a: Raging Bolt|89/100
|
|t:|1779966547
|switch|p2a: Iron Treads|Iron Treads|100/100|[from] U-turn
|
|-heal|p1a: Raging Bolt|95/100|[from] item: Leftovers
|upkeep
|turn|3
|
|t:|1779966550
|-end|p1a: Raging Bolt|Protosynthesis|[silent]
|switch|p1a: Pelipper|Pelipper, M|100/100
|-weather|RainDance|[from] ability: Drizzle|[of] p1a: Pelipper
|move|p2a: Iron Treads|Volt Switch|p1a: Pelipper
|-supereffective|p1a: Pelipper
|-crit|p1a: Pelipper
|-damage|p1a: Pelipper|38/100
|
|t:|1779966557
|-end|p2a: Iron Treads|Quark Drive|[silent]
|switch|p2a: Kyurem|Kyurem, shiny|100/100|[from] Volt Switch
|-ability|p2a: Kyurem|Pressure
|
|-weather|RainDance|[upkeep]
|upkeep
|turn|4
|
|t:|1779966564
|switch|p1a: Kingambit|Kingambit, M|100/100
|-item|p1a: Kingambit|Air Balloon
|move|p2a: Kyurem|Freeze-Dry|p1a: Kingambit
|-resisted|p1a: Kingambit
|-damage|p1a: Kingambit|73/100
|-enditem|p1a: Kingambit|Air Balloon
|
|-weather|RainDance|[upkeep]
|upkeep
|turn|5
|
|t:|1779966593
|switch|p2a: Cinderace|Cinderace, F|100/100
|-end|p1a: Kingambit|fallenundefined|[silent]
|switch|p1a: Basculegion|Basculegion-F, F|100/100
|
|-weather|RainDance|[upkeep]
|upkeep
|turn|6
|
|t:|1779966602
|switch|p2a: Slowking|Slowking-Galar, F, shiny|100/100
|move|p1a: Basculegion|Shadow Ball|p2a: Slowking
|-supereffective|p2a: Slowking
|-damage|p2a: Slowking|29/100
|
|-weather|RainDance|[upkeep]
|upkeep
|turn|7
|
|t:|1779966618
|-terastallize|p2a: Slowking|Dark
|move|p1a: Basculegion|Shadow Ball|p2a: Slowking
|-resisted|p2a: Slowking
|-damage|p2a: Slowking|10/100
|-prepare|p2a: Slowking|Chilly Reception|[premajor]
|move|p2a: Slowking|Chilly Reception|p2a: Slowking
|-weather|Snowscape
|inactive|by nicole has 120 seconds left.
|
|t:|1779966631
|switch|p2a: Kyurem|Kyurem, shiny|100/100|[from] Chilly Reception
|-ability|p2a: Kyurem|Pressure
|
|-weather|Snowscape|[upkeep]
|upkeep
|turn|8
|
|t:|1779966637
|switch|p1a: Pelipper|Pelipper, M|38/100
|-weather|RainDance|[from] ability: Drizzle|[of] p1a: Pelipper
|move|p2a: Kyurem|Blizzard|p1a: Pelipper
|-damage|p1a: Pelipper|0 fnt
|faint|p1a: Pelipper
|
|-weather|RainDance|[upkeep]
|upkeep
|
|t:|1779966651
|switch|p1a: Barraskewda|Barraskewda, M|100/100 par
|turn|9
|
|t:|1779966659
|switch|p2a: Zapdos|Zapdos|79/100
|cant|p1a: Barraskewda|par
|
|-weather|RainDance|[upkeep]
|upkeep
|turn|10
|
|t:|1779966666
|switch|p1a: Raging Bolt|Raging Bolt|95/100
|switch|p2a: Kyurem|Kyurem, shiny|100/100
|-ability|p2a: Kyurem|Pressure
|
|-weather|RainDance|[upkeep]
|-heal|p1a: Raging Bolt|100/100|[from] item: Leftovers
|upkeep
|turn|11
|
|t:|1779966673
|-terastallize|p1a: Raging Bolt|Fairy
|move|p2a: Kyurem|Freeze-Dry|p1a: Raging Bolt
|-damage|p1a: Raging Bolt|45/100
|move|p1a: Raging Bolt|Dragon Pulse|p2a: Kyurem
|-supereffective|p2a: Kyurem
|-damage|p2a: Kyurem|3/100
|
|-weather|RainDance|[upkeep]
|-heal|p1a: Raging Bolt|52/100|[from] item: Leftovers
|upkeep
|turn|12
|
|t:|1779966681
|switch|p2a: Iron Treads|Iron Treads|100/100
|move|p1a: Raging Bolt|Thunder|p2a: Iron Treads
|-immune|p2a: Iron Treads
|
|-weather|RainDance|[upkeep]
|-heal|p1a: Raging Bolt|58/100|[from] item: Leftovers
|upkeep
|turn|13
|
|t:|1779966692
|-end|p1a: Raging Bolt|Protosynthesis|[silent]
|switch|p1a: Zapdos|Zapdos|100/100
|move|p2a: Iron Treads|Iron Head|p1a: Zapdos
|-resisted|p1a: Zapdos
|-damage|p1a: Zapdos|85/100
|
|-weather|RainDance|[upkeep]
|upkeep
|turn|14
|
|t:|1779966710
|move|p1a: Zapdos|Hurricane|p2a: Iron Treads
|-resisted|p2a: Iron Treads
|-damage|p2a: Iron Treads|84/100
|-start|p2a: Iron Treads|confusion
|-activate|p2a: Iron Treads|confusion
|move|p2a: Iron Treads|Volt Switch|p1a: Zapdos
|-damage|p1a: Zapdos|74/100
|
|t:|1779966719
|-end|p2a: Iron Treads|Quark Drive|[silent]
|switch|p2a: Slowking|Slowking-Galar, F, shiny, tera:Dark|43/100|[from] Volt Switch
|
|-weather|RainDance|[upkeep]
|upkeep
|turn|15
|
|t:|1779966724
|switch|p2a: Iron Treads|Iron Treads|84/100
|move|p1a: Zapdos|Thunder|p2a: Iron Treads
|-immune|p2a: Iron Treads
|
|-weather|none
|upkeep
|turn|16
|
|t:|1779966735
|move|p1a: Zapdos|Hurricane|p2a: Iron Treads
|-resisted|p2a: Iron Treads
|-damage|p2a: Iron Treads|68/100
|move|p2a: Iron Treads|Volt Switch|p1a: Zapdos
|-damage|p1a: Zapdos|63/100
|
|t:|1779966742
|-end|p2a: Iron Treads|Quark Drive|[silent]
|switch|p2a: Slowking|Slowking-Galar, F, shiny, tera:Dark|77/100|[from] Volt Switch
|
|upkeep
|turn|17
|-message|Eisen7111 forfeited.
|
|win|by nicole
|raw|Eisen7111's rating: 1420 &rarr; <strong>1398</strong><br />(-22 for losing)
|raw|by nicole's rating: 1391 &rarr; <strong>1413</strong><br />(+22 for winning)
|l|☆Eisen7111
|player|p1|
|l|☆by nicole
|player|p2|
