|j|☆quolius
|j|☆vulpix bot
|t:|1779878825
|gametype|singles
|player|p1|quolius|266|1528
|player|p2|vulpix bot|parasollady|1549
|gen|9
|tier|[Gen 9] OU
|rated|
|rule|HP Percentage Mod: HP is shown in percentages
|rule|Endless Battle Clause: Forcing endless battles is banned
|rule|Species Clause: Limit one of each Pokémon
|rule|OHKO Clause: OHKO moves are banned
|rule|Evasion Items Clause: Evasion items are banned
|rule|Evasion Moves Clause: Evasion moves are banned
|rule|Evasion Abilities Clause: Evasion abilities are banned
|rule|Sleep Moves Clause: Sleep-inducing moves are banned
|clearpoke
|poke|p1|Wo-Chien|
|poke|p1|Torkoal, F|
|poke|p1|Walking Wake|
|poke|p1|Cinderace, F|
|poke|p1|Clefable, F|
|poke|p1|Great Tusk|
|poke|p2|Dondozo, M|
|poke|p2|Blissey, F|
|poke|p2|Gliscor, F|
|poke|p2|Toxapex, M|
|poke|p2|Mandibuzz, F|
|poke|p2|Talonflame, F|
|teampreview
|inactive|Battle timer is ON: inactive players will automatically lose when time's up. (requested by vulpix bot)
|l|☆quolius
|inactive|quolius disconnected and has a minute to reconnect!
|player|p1|
|j|☆quolius
|inactive|quolius reconnected and has 130 seconds left.
|player|p1|quolius|266|
|
|t:|1779878846
|teamsize|p1|6
|teamsize|p2|6
|start
|switch|p1a: Walking Wake|Walking Wake|100/100
|switch|p2a: Toxapex|Toxapex, M|100/100
|turn|1
|
|t:|1779878857
|-end|p1a: Walking Wake|Protosynthesis|[silent]
|switch|p1a: Great Tusk|Great Tusk|100/100
|move|p2a: Toxapex|Sludge Bomb|p1a: Great Tusk
|-resisted|p1a: Great Tusk
|-damage|p1a: Great Tusk|88/100
|
|upkeep
|turn|2
|
|t:|1779878863
|switch|p2a: Talonflame|Talonflame, F|100/100
|move|p1a: Great Tusk|Stealth Rock|p2a: Talonflame
|-sidestart|p2: vulpix bot|move: Stealth Rock
|
|upkeep
|turn|3
|
|t:|1779878871
|-end|p1a: Great Tusk|Protosynthesis|[silent]
|switch|p1a: Torkoal|Torkoal, F|100/100
|-weather|SunnyDay|[from] ability: Drought|[of] p1a: Torkoal
|move|p2a: Talonflame|Defog|p1a: Torkoal
|-unboost|p1a: Torkoal|evasion|1
|-sideend|p2: vulpix bot|Stealth Rock|[from] move: Defog|[of] p2a: Talonflame
|
|-weather|SunnyDay|[upkeep]
|upkeep
|turn|4
|
|t:|1779878880
|move|p2a: Talonflame|Will-O-Wisp|p1a: Torkoal
|-immune|p1a: Torkoal
|move|p1a: Torkoal|Will-O-Wisp|p2a: Talonflame
|-immune|p2a: Talonflame
|
|-weather|SunnyDay|[upkeep]
|upkeep
|turn|5
|
|t:|1779878890
|move|p2a: Talonflame|Overheat|p1a: Torkoal
|-resisted|p1a: Torkoal
|-damage|p1a: Torkoal|79/100
|-unboost|p2a: Talonflame|spa|2
|move|p1a: Torkoal|Overheat|p2a: Talonflame
|-resisted|p2a: Talonflame
|-damage|p2a: Talonflame|65/100
|-unboost|p1a: Torkoal|spa|2
|
|-weather|SunnyDay|[upkeep]
|upkeep
|turn|6
|
|t:|1779878893
|switch|p1a: Walking Wake|Walking Wake|100/100
|-activate|p1a: Walking Wake|ability: Protosynthesis
|-start|p1a: Walking Wake|protosynthesisspe
|move|p2a: Talonflame|Roost|p2a: Talonflame
|-heal|p2a: Talonflame|100/100
|-singleturn|p2a: Talonflame|move: Roost
|
|-weather|SunnyDay|[upkeep]
|upkeep
|turn|7
|
|t:|1779878896
|switch|p2a: Toxapex|Toxapex, M|100/100
|move|p1a: Walking Wake|Flip Turn|p2a: Toxapex
|-resisted|p2a: Toxapex
|-damage|p2a: Toxapex|98/100
|
|t:|1779878907
|-end|p1a: Walking Wake|Protosynthesis|[silent]
|switch|p1a: Great Tusk|Great Tusk|88/100|[from] Flip Turn
|-activate|p1a: Great Tusk|ability: Protosynthesis
|-start|p1a: Great Tusk|protosynthesisspe
|
|-weather|SunnyDay|[upkeep]
|-heal|p2a: Toxapex|100/100|[from] item: Black Sludge
|upkeep
|turn|8
|
|t:|1779878914
|switch|p2a: Talonflame|Talonflame, F|100/100
|move|p1a: Great Tusk|Stealth Rock|p2a: Talonflame
|-sidestart|p2: vulpix bot|move: Stealth Rock
|
|-weather|SunnyDay|[upkeep]
|upkeep
|turn|9
|
|t:|1779878921
|-end|p1a: Great Tusk|Protosynthesis|[silent]
|switch|p1a: Walking Wake|Walking Wake|100/100
|-activate|p1a: Walking Wake|ability: Protosynthesis
|-start|p1a: Walking Wake|protosynthesisspe
|move|p2a: Talonflame|Defog|p1a: Walking Wake
|-unboost|p1a: Walking Wake|evasion|1
|-sideend|p2: vulpix bot|Stealth Rock|[from] move: Defog|[of] p2a: Talonflame
|
|-weather|SunnyDay|[upkeep]
|upkeep
|turn|10
|
|t:|1779878924
|switch|p2a: Toxapex|Toxapex, M|100/100
|move|p1a: Walking Wake|Draco Meteor|p2a: Toxapex
|-damage|p2a: Toxapex|35/100
|-unboost|p1a: Walking Wake|spa|2
|
|-weather|none
|-end|p1a: Walking Wake|Protosynthesis
|-heal|p2a: Toxapex|41/100|[from] item: Black Sludge
|upkeep
|turn|11
|
|t:|1779878930
|-end|p1a: Walking Wake|Protosynthesis|[silent]
|switch|p1a: Great Tusk|Great Tusk|88/100
|move|p2a: Toxapex|Toxic Spikes|p1a: Great Tusk
|-sidestart|p1: quolius|move: Toxic Spikes
|
|-heal|p2a: Toxapex|48/100|[from] item: Black Sludge
|upkeep
|turn|12
|
|t:|1779878934
|switch|p2a: Talonflame|Talonflame, F|100/100
|move|p1a: Great Tusk|Rapid Spin|p2a: Talonflame
|-damage|p2a: Talonflame|87/100
|-boost|p1a: Great Tusk|spe|1
|-status|p1a: Great Tusk|brn|[from] ability: Flame Body|[of] p2a: Talonflame
|-sideend|p1: quolius|Toxic Spikes|[from] move: Rapid Spin|[of] p1a: Great Tusk
|
|-damage|p1a: Great Tusk|82/100 brn|[from] brn
|upkeep
|turn|13
|
|t:|1779878942
|-end|p1a: Great Tusk|Protosynthesis|[silent]
|switch|p1a: Walking Wake|Walking Wake|100/100
|move|p2a: Talonflame|Defog|p1a: Walking Wake
|-unboost|p1a: Walking Wake|evasion|1
|
|upkeep
|turn|14
|
|t:|1779878946
|switch|p2a: Toxapex|Toxapex, M|81/100
|move|p1a: Walking Wake|Draco Meteor|p2a: Toxapex
|-damage|p2a: Toxapex|14/100
|-unboost|p1a: Walking Wake|spa|2
|
|-heal|p2a: Toxapex|20/100|[from] item: Black Sludge
|upkeep
|turn|15
|
|t:|1779878953
|-end|p1a: Walking Wake|Protosynthesis|[silent]
|switch|p1a: Cinderace|Cinderace, F|100/100
|-item|p1a: Cinderace|Air Balloon
|switch|p2a: Gliscor|Gliscor, F|100/100
|
|-status|p2a: Gliscor|tox|[from] item: Toxic Orb
|upkeep
|turn|16
|
|t:|1779878959
|move|p1a: Cinderace|Swords Dance|p1a: Cinderace
|-boost|p1a: Cinderace|atk|2
|move|p2a: Gliscor|Knock Off|p1a: Cinderace
|-damage|p1a: Cinderace|71/100
|-enditem|p1a: Cinderace|Air Balloon
|
|upkeep
|turn|17
|
|t:|1779878965
|switch|p1a: Wo-Chien|Wo-Chien|100/100
|-ability|p1a: Wo-Chien|Tablets of Ruin
|switch|p2a: Dondozo|Dondozo, M|100/100
|
|upkeep
|turn|18
|
|t:|1779878971
|switch|p2a: Toxapex|Toxapex, M|53/100
|move|p1a: Wo-Chien|Knock Off|p2a: Toxapex
|-damage|p2a: Toxapex|24/100
|-enditem|p2a: Toxapex|Black Sludge|[from] move: Knock Off|[of] p1a: Wo-Chien
|-damage|p1a: Wo-Chien|91/100|[from] item: Life Orb
|
|upkeep
|turn|19
|
|t:|1779878982
|switch|p2a: Talonflame|Talonflame, F|87/100
|move|p1a: Wo-Chien|Giga Drain|p2a: Talonflame
|-resisted|p2a: Talonflame
|-damage|p2a: Talonflame|75/100
|-heal|p1a: Wo-Chien|98/100|[from] drain|[of] p2a: Talonflame
|-damage|p1a: Wo-Chien|88/100|[from] item: Life Orb
|
|upkeep
|turn|20
|
|t:|1779879008
|move|p2a: Talonflame|Will-O-Wisp|p1a: Wo-Chien
|-status|p1a: Wo-Chien|brn
|move|p1a: Wo-Chien|Knock Off|p2a: Talonflame
|-damage|p2a: Talonflame|55/100
|-enditem|p2a: Talonflame|Heavy-Duty Boots|[from] move: Knock Off|[of] p1a: Wo-Chien
|-damage|p1a: Wo-Chien|78/100 brn|[from] item: Life Orb
|
|-damage|p1a: Wo-Chien|72/100 brn|[from] brn
|upkeep
|turn|21
|
|t:|1779879018
|switch|p1a: Walking Wake|Walking Wake|100/100
|move|p2a: Talonflame|Roost|p2a: Talonflame
|-heal|p2a: Talonflame|100/100
|-singleturn|p2a: Talonflame|move: Roost
|
|upkeep
|turn|22
|
|t:|1779879028
|switch|p2a: Blissey|Blissey, F|100/100
|move|p1a: Walking Wake|Flip Turn|p2a: Blissey
|-damage|p2a: Blissey|84/100
|
|t:|1779879031
|-end|p1a: Walking Wake|Protosynthesis|[silent]
|switch|p1a: Great Tusk|Great Tusk|82/100 brn|[from] Flip Turn
|
|-heal|p2a: Blissey|91/100|[from] item: Leftovers
|-damage|p1a: Great Tusk|76/100 brn|[from] brn
|upkeep
|turn|23
|
|t:|1779879034
|switch|p2a: Talonflame|Talonflame, F|100/100
|move|p1a: Great Tusk|Stealth Rock|p2a: Talonflame
|-sidestart|p2: vulpix bot|move: Stealth Rock
|
|-damage|p1a: Great Tusk|69/100 brn|[from] brn
|upkeep
|turn|24
|
|t:|1779879037
|-end|p1a: Great Tusk|Protosynthesis|[silent]
|switch|p1a: Walking Wake|Walking Wake|100/100
|move|p2a: Talonflame|Defog|p1a: Walking Wake
|-unboost|p1a: Walking Wake|evasion|1
|-sideend|p2: vulpix bot|Stealth Rock|[from] move: Defog|[of] p2a: Talonflame
|
|upkeep
|turn|25
|
|t:|1779879041
|switch|p2a: Blissey|Blissey, F|91/100
|move|p1a: Walking Wake|Hydro Steam|p2a: Blissey
|-damage|p2a: Blissey|71/100
|
|-heal|p2a: Blissey|77/100|[from] item: Leftovers
|upkeep
|turn|26
|
|t:|1779879047
|-end|p1a: Walking Wake|Protosynthesis|[silent]
|switch|p1a: Great Tusk|Great Tusk|69/100 brn
|move|p2a: Blissey|Seismic Toss|p1a: Great Tusk
|-damage|p1a: Great Tusk|46/100 brn
|-damage|p2a: Blissey|60/100|[from] item: Rocky Helmet|[of] p1a: Great Tusk
|
|-heal|p2a: Blissey|67/100|[from] item: Leftovers
|-damage|p1a: Great Tusk|40/100 brn|[from] brn
|upkeep
|turn|27
|
|t:|1779879052
|switch|p2a: Talonflame|Talonflame, F|100/100
|move|p1a: Great Tusk|Stealth Rock|p2a: Talonflame
|-sidestart|p2: vulpix bot|move: Stealth Rock
|
|-damage|p1a: Great Tusk|34/100 brn|[from] brn
|upkeep
|turn|28
|
|t:|1779879054
|-end|p1a: Great Tusk|Protosynthesis|[silent]
|switch|p1a: Walking Wake|Walking Wake|100/100
|move|p2a: Talonflame|Defog|p1a: Walking Wake
|-unboost|p1a: Walking Wake|evasion|1
|-sideend|p2: vulpix bot|Stealth Rock|[from] move: Defog|[of] p2a: Talonflame
|
|upkeep
|turn|29
|
|t:|1779879060
|switch|p2a: Blissey|Blissey, F|67/100
|move|p1a: Walking Wake|Flip Turn|p2a: Blissey
|-damage|p2a: Blissey|50/100
|
|t:|1779879065
|-end|p1a: Walking Wake|Protosynthesis|[silent]
|switch|p1a: Cinderace|Cinderace, F|71/100|[from] Flip Turn
|
|-heal|p2a: Blissey|56/100|[from] item: Leftovers
|upkeep
|turn|30
|
|t:|1779879074
|switch|p2a: Mandibuzz|Mandibuzz, F|100/100
|move|p1a: Cinderace|Pyro Ball|p2a: Mandibuzz
|-damage|p2a: Mandibuzz|60/100
|
|upkeep
|turn|31
|
|t:|1779879078
|move|p1a: Cinderace|Pyro Ball|p2a: Mandibuzz
|-damage|p2a: Mandibuzz|21/100
|-status|p2a: Mandibuzz|brn
|move|p2a: Mandibuzz|Roost|p2a: Mandibuzz
|-heal|p2a: Mandibuzz|71/100 brn
|-singleturn|p2a: Mandibuzz|move: Roost
|
|-damage|p2a: Mandibuzz|65/100 brn|[from] brn
|upkeep
|turn|32
|
|t:|1779879083
|move|p1a: Cinderace|Swords Dance|p1a: Cinderace
|-boost|p1a: Cinderace|atk|2
|move|p2a: Mandibuzz|Roost|p2a: Mandibuzz
|-heal|p2a: Mandibuzz|100/100 brn
|-singleturn|p2a: Mandibuzz|move: Roost
|
|-damage|p2a: Mandibuzz|94/100 brn|[from] brn
|upkeep
|turn|33
|
|t:|1779879087
|switch|p2a: Dondozo|Dondozo, M|100/100
|move|p1a: Cinderace|Low Kick|p2a: Dondozo
|-damage|p2a: Dondozo|82/100
|
|-heal|p2a: Dondozo|88/100|[from] item: Leftovers
|upkeep
|turn|34
|
|t:|1779879093
|switch|p1a: Walking Wake|Walking Wake|100/100
|move|p2a: Dondozo|Avalanche|p1a: Walking Wake
|-damage|p1a: Walking Wake|86/100
|
|-heal|p2a: Dondozo|94/100|[from] item: Leftovers
|upkeep
|turn|35
|
|t:|1779879098
|switch|p2a: Toxapex|Toxapex, M|57/100
|move|p1a: Walking Wake|Draco Meteor|p2a: Toxapex
|-damage|p2a: Toxapex|0 fnt
|-unboost|p1a: Walking Wake|spa|2
|faint|p2a: Toxapex
|
|upkeep
|
|t:|1779879100
|switch|p2a: Blissey|Blissey, F|56/100
|turn|36
|
|t:|1779879106
|-end|p1a: Walking Wake|Protosynthesis|[silent]
|switch|p1a: Cinderace|Cinderace, F|71/100
|move|p2a: Blissey|Soft-Boiled|p2a: Blissey
|-heal|p2a: Blissey|100/100
|
|upkeep
|turn|37
|
|t:|1779879110
|switch|p2a: Gliscor|Gliscor, F|100/100 tox
|move|p1a: Cinderace|Pyro Ball|p2a: Gliscor
|-damage|p2a: Gliscor|52/100 tox
|
|-heal|p2a: Gliscor|64/100 tox|[from] ability: Poison Heal
|upkeep
|turn|38
|
|t:|1779879125
|switch|p1a: Clefable|Clefable, F|100/100
|move|p2a: Gliscor|Earthquake|p1a: Clefable
|-damage|p1a: Clefable|72/100
|
|-heal|p2a: Gliscor|77/100 tox|[from] ability: Poison Heal
|upkeep
|turn|39
|
|t:|1779879132
|move|p2a: Gliscor|Knock Off|p1a: Clefable
|-resisted|p1a: Clefable
|-damage|p1a: Clefable|62/100
|-enditem|p1a: Clefable|Covert Cloak|[from] move: Knock Off|[of] p2a: Gliscor
|move|p1a: Clefable|Calm Mind|p1a: Clefable
|-boost|p1a: Clefable|spa|1
|-boost|p1a: Clefable|spd|1
|
|-heal|p2a: Gliscor|89/100 tox|[from] ability: Poison Heal
|upkeep
|turn|40
|
|t:|1779879139
|move|p2a: Gliscor|Spikes|p1a: Clefable
|-sidestart|p1: quolius|Spikes
|move|p1a: Clefable|Moonblast|p2a: Gliscor
|-damage|p2a: Gliscor|52/100 tox
|-unboost|p2a: Gliscor|spa|1
|
|-heal|p2a: Gliscor|65/100 tox|[from] ability: Poison Heal
|upkeep
|turn|41
|
|t:|1779879142
|move|p2a: Gliscor|Protect|p2a: Gliscor
|-singleturn|p2a: Gliscor|Protect
|move|p1a: Clefable|Moonblast|p2a: Gliscor
|-activate|p2a: Gliscor|move: Protect
|
|-heal|p2a: Gliscor|77/100 tox|[from] ability: Poison Heal
|upkeep
|turn|42
|
|t:|1779879152
|move|p2a: Gliscor|Earthquake|p1a: Clefable
|-damage|p1a: Clefable|37/100
|move|p1a: Clefable|Moonblast|p2a: Gliscor
|-damage|p2a: Gliscor|40/100 tox
|
|-heal|p2a: Gliscor|52/100 tox|[from] ability: Poison Heal
|upkeep
|turn|43
|
|t:|1779879157
|move|p2a: Gliscor|Earthquake|p1a: Clefable
|-damage|p1a: Clefable|12/100
|move|p1a: Clefable|Moonlight|p1a: Clefable
|-heal|p1a: Clefable|62/100
|
|-heal|p2a: Gliscor|65/100 tox|[from] ability: Poison Heal
|upkeep
|turn|44
|
|t:|1779879160
|move|p2a: Gliscor|Earthquake|p1a: Clefable
|-damage|p1a: Clefable|36/100
|move|p1a: Clefable|Calm Mind|p1a: Clefable
|-boost|p1a: Clefable|spa|1
|-boost|p1a: Clefable|spd|1
|
|-heal|p2a: Gliscor|77/100 tox|[from] ability: Poison Heal
|upkeep
|turn|45
|
|t:|1779879162
|move|p2a: Gliscor|Earthquake|p1a: Clefable
|-damage|p1a: Clefable|11/100
|move|p1a: Clefable|Moonlight|p1a: Clefable
|-heal|p1a: Clefable|61/100
|
|-heal|p2a: Gliscor|90/100 tox|[from] ability: Poison Heal
|upkeep
|turn|46
|
|t:|1779879164
|move|p2a: Gliscor|Earthquake|p1a: Clefable
|-damage|p1a: Clefable|36/100
|move|p1a: Clefable|Moonlight|p1a: Clefable
|-heal|p1a: Clefable|86/100
|
|-heal|p2a: Gliscor|100/100 tox|[from] ability: Poison Heal
|upkeep
|turn|47
|
|t:|1779879167
|move|p2a: Gliscor|Earthquake|p1a: Clefable
|-damage|p1a: Clefable|59/100
|move|p1a: Clefable|Calm Mind|p1a: Clefable
|-boost|p1a: Clefable|spa|1
|-boost|p1a: Clefable|spd|1
|
|upkeep
|turn|48
|
|t:|1779879173
|move|p2a: Gliscor|Earthquake|p1a: Clefable
|-damage|p1a: Clefable|32/100
|move|p1a: Clefable|Moonblast|p2a: Gliscor
|-damage|p2a: Gliscor|37/100 tox
|
|-heal|p2a: Gliscor|50/100 tox|[from] ability: Poison Heal
|upkeep
|turn|49
|
|t:|1779879185
|move|p2a: Gliscor|Protect|p2a: Gliscor
|-singleturn|p2a: Gliscor|Protect
|move|p1a: Clefable|Moonlight|p1a: Clefable
|-heal|p1a: Clefable|82/100
|
|-heal|p2a: Gliscor|62/100 tox|[from] ability: Poison Heal
|upkeep
|turn|50
|
|t:|1779879192
|switch|p2a: Blissey|Blissey, F|100/100
|move|p1a: Clefable|Moonblast|p2a: Blissey
|-damage|p2a: Blissey|75/100
|
|-heal|p2a: Blissey|81/100|[from] item: Leftovers
|upkeep
|turn|51
|
|t:|1779879195
|move|p1a: Clefable|Calm Mind|p1a: Clefable
|-boost|p1a: Clefable|spa|1
|-boost|p1a: Clefable|spd|1
|move|p2a: Blissey|Calm Mind|p2a: Blissey
|-boost|p2a: Blissey|spa|1
|-boost|p2a: Blissey|spd|1
|
|-heal|p2a: Blissey|87/100|[from] item: Leftovers
|upkeep
|turn|52
|
|t:|1779879199
|switch|p1a: Cinderace|Cinderace, F|71/100
|-damage|p1a: Cinderace|58/100|[from] Spikes
|move|p2a: Blissey|Stealth Rock|p1a: Cinderace
|-sidestart|p1: quolius|move: Stealth Rock
|
|-heal|p2a: Blissey|94/100|[from] item: Leftovers
|upkeep
|turn|53
|
|t:|1779879203
|switch|p2a: Dondozo|Dondozo, M|94/100
|move|p1a: Cinderace|Pyro Ball|p2a: Dondozo
|-resisted|p2a: Dondozo
|-damage|p2a: Dondozo|82/100
|
|-heal|p2a: Dondozo|88/100|[from] item: Leftovers
|upkeep
|turn|54
|
|t:|1779879208
|switch|p1a: Torkoal|Torkoal, F|79/100
|-damage|p1a: Torkoal|66/100|[from] Spikes
|-damage|p1a: Torkoal|42/100|[from] Stealth Rock
|-weather|SunnyDay|[from] ability: Drought|[of] p1a: Torkoal
|move|p2a: Dondozo|Body Press|p1a: Torkoal
|-damage|p1a: Torkoal|22/100
|
|-weather|SunnyDay|[upkeep]
|-heal|p2a: Dondozo|95/100|[from] item: Leftovers
|upkeep
|turn|55
|
|t:|1779879221
|switch|p2a: Talonflame|Talonflame, F|100/100
|move|p1a: Torkoal|Overheat|p2a: Talonflame
|-resisted|p2a: Talonflame
|-damage|p2a: Talonflame|61/100
|-unboost|p1a: Torkoal|spa|2
|
|-weather|SunnyDay|[upkeep]
|upkeep
|turn|56
|
|t:|1779879230
|move|p2a: Talonflame|Roost|p2a: Talonflame
|-heal|p2a: Talonflame|100/100
|-singleturn|p2a: Talonflame|move: Roost
|move|p1a: Torkoal|Earthquake|p2a: Talonflame
|-supereffective|p2a: Talonflame
|-damage|p2a: Talonflame|65/100
|
|-weather|SunnyDay|[upkeep]
|upkeep
|turn|57
|
|t:|1779879234
|switch|p2a: Gliscor|Gliscor, F|62/100 tox
|move|p1a: Torkoal|Earthquake|p2a: Gliscor
|-immune|p2a: Gliscor
|
|-weather|SunnyDay|[upkeep]
|-heal|p2a: Gliscor|75/100 tox|[from] ability: Poison Heal
|upkeep
|turn|58
|
|t:|1779879240
|move|p2a: Gliscor|Earthquake|p1a: Torkoal
|-supereffective|p1a: Torkoal
|-damage|p1a: Torkoal|0 fnt
|faint|p1a: Torkoal
|
|-weather|SunnyDay|[upkeep]
|-heal|p2a: Gliscor|87/100 tox|[from] ability: Poison Heal
|upkeep
|
|t:|1779879245
|switch|p1a: Great Tusk|Great Tusk|34/100 brn
|-damage|p1a: Great Tusk|21/100 brn|[from] Spikes
|-damage|p1a: Great Tusk|18/100 brn|[from] Stealth Rock
|-activate|p1a: Great Tusk|ability: Protosynthesis
|-start|p1a: Great Tusk|protosynthesisspe
|turn|59
|
|t:|1779879250
|move|p2a: Gliscor|Protect|p2a: Gliscor
|-singleturn|p2a: Gliscor|Protect
|move|p1a: Great Tusk|Stealth Rock|p2a: Gliscor
|-sidestart|p2: vulpix bot|move: Stealth Rock
|
|-weather|SunnyDay|[upkeep]
|-heal|p2a: Gliscor|99/100 tox|[from] ability: Poison Heal
|-damage|p1a: Great Tusk|12/100 brn|[from] brn
|upkeep
|turn|60
|
|t:|1779879255
|switch|p2a: Mandibuzz|Mandibuzz, F|94/100 brn
|move|p1a: Great Tusk|Rapid Spin|p2a: Mandibuzz
|-damage|p2a: Mandibuzz|89/100 brn
|-boost|p1a: Great Tusk|spe|1
|-sideend|p1: quolius|Spikes|[from] move: Rapid Spin|[of] p1a: Great Tusk
|-sideend|p1: quolius|Stealth Rock|[from] move: Rapid Spin|[of] p1a: Great Tusk
|
|-weather|SunnyDay|[upkeep]
|-damage|p1a: Great Tusk|6/100 brn|[from] brn
|-damage|p2a: Mandibuzz|83/100 brn|[from] brn
|upkeep
|turn|61
|
|t:|1779879261
|-end|p1a: Great Tusk|Protosynthesis|[silent]
|switch|p1a: Walking Wake|Walking Wake|86/100
|-activate|p1a: Walking Wake|ability: Protosynthesis
|-start|p1a: Walking Wake|protosynthesisspe
|move|p2a: Mandibuzz|Defog|p1a: Walking Wake
|-unboost|p1a: Walking Wake|evasion|1
|-sideend|p2: vulpix bot|Stealth Rock|[from] move: Defog|[of] p2a: Mandibuzz
|
|-weather|none
|-end|p1a: Walking Wake|Protosynthesis
|-damage|p2a: Mandibuzz|77/100 brn|[from] brn
|upkeep
|turn|62
|
|t:|1779879265
|switch|p2a: Blissey|Blissey, F|94/100
|move|p1a: Walking Wake|Flip Turn|p2a: Blissey
|-crit|p2a: Blissey
|-damage|p2a: Blissey|69/100
|
|t:|1779879267
|-end|p1a: Walking Wake|Protosynthesis|[silent]
|switch|p1a: Cinderace|Cinderace, F|58/100|[from] Flip Turn
|
|-heal|p2a: Blissey|76/100|[from] item: Leftovers
|upkeep
|turn|63
|
|t:|1779879273
|switch|p1a: Walking Wake|Walking Wake|86/100
|switch|p2a: Talonflame|Talonflame, F|65/100
|
|upkeep
|turn|64
|
|t:|1779879279
|switch|p2a: Blissey|Blissey, F|76/100
|move|p1a: Walking Wake|Hydro Steam|p2a: Blissey
|-damage|p2a: Blissey|56/100
|
|-heal|p2a: Blissey|63/100|[from] item: Leftovers
|upkeep
|turn|65
|
|t:|1779879287
|-end|p1a: Walking Wake|Protosynthesis|[silent]
|switch|p1a: Cinderace|Cinderace, F|58/100
|move|p2a: Blissey|Stealth Rock|p1a: Cinderace
|-sidestart|p1: quolius|move: Stealth Rock
|
|-heal|p2a: Blissey|69/100|[from] item: Leftovers
|upkeep
|turn|66
|
|t:|1779879292
|switch|p1a: Walking Wake|Walking Wake|86/100
|-damage|p1a: Walking Wake|74/100|[from] Stealth Rock
|switch|p2a: Mandibuzz|Mandibuzz, F|77/100 brn
|
|-damage|p2a: Mandibuzz|71/100 brn|[from] brn
|upkeep
|turn|67
|
|t:|1779879300
|move|p1a: Walking Wake|Draco Meteor|p2a: Mandibuzz
|-damage|p2a: Mandibuzz|9/100 brn
|-unboost|p1a: Walking Wake|spa|2
|move|p2a: Mandibuzz|Roost|p2a: Mandibuzz
|-heal|p2a: Mandibuzz|59/100 brn
|-singleturn|p2a: Mandibuzz|move: Roost
|
|-damage|p2a: Mandibuzz|53/100 brn|[from] brn
|upkeep
|turn|68
|
|t:|1779879306
|move|p1a: Walking Wake|Draco Meteor|p2a: Mandibuzz
|-damage|p2a: Mandibuzz|21/100 brn
|-unboost|p1a: Walking Wake|spa|2
|move|p2a: Mandibuzz|Roost|p2a: Mandibuzz
|-heal|p2a: Mandibuzz|71/100 brn
|-singleturn|p2a: Mandibuzz|move: Roost
|
|-damage|p2a: Mandibuzz|65/100 brn|[from] brn
|upkeep
|turn|69
|-message|quolius forfeited.
|
|win|vulpix bot
|raw|quolius's rating: 1528 &rarr; <strong>1509</strong><br />(-19 for losing)
|raw|vulpix bot's rating: 1549 &rarr; <strong>1568</strong><br />(+19 for winning)
|l|☆quolius
|player|p1|
|l|☆vulpix bot
|player|p2|
