|j|☆BlobfishVStar
|j|☆veronyl
|t:|1779840893
|gametype|singles
|player|p1|BlobfishVStar|alder|1382
|player|p2|veronyl|palmer|1438
|gen|9
|tier|[Gen 9] OU
|rated|
|rule|HP Percentage Mod: HP is shown in percentages
|rule|Endless Battle Clause: Forcing endless battles is banned
|rule|Species Clause: Limit one of each Pokémon
|rule|OHKO Clause: OHKO moves are banned
|rule|Evasion Items Clause: Evasion items are banned
|rule|Evasion Moves Clause: Evasion moves are banned
|rule|Evasion Abilities Clause: Evasion abilities are banned
|rule|Sleep Moves Clause: Sleep-inducing moves are banned
|clearpoke
|poke|p1|Azumarill, F|
|poke|p1|Great Tusk|
|poke|p1|Corviknight, M|
|poke|p1|Meowscarada, F|
|poke|p1|Raging Bolt|
|poke|p1|Iron Moth|
|poke|p2|Glaceon, F|
|poke|p2|Ninetales-Alola, F|
|poke|p2|Basculegion-F, F|
|poke|p2|Ogerpon-Wellspring, F|
|poke|p2|Iron Treads|
|poke|p2|Weavile, F|
|teampreview
|inactive|Battle timer is ON: inactive players will automatically lose when time's up. (requested by BlobfishVStar)
|inactive|BlobfishVStar has 120 seconds left.
|
|t:|1779840950
|teamsize|p1|6
|teamsize|p2|6
|start
|switch|p1a: Iron Moth|Iron Moth|100/100
|switch|p2a: Basculegion|Basculegion-F, F|100/100
|-enditem|p1a: Iron Moth|Booster Energy
|-activate|p1a: Iron Moth|ability: Quark Drive|[fromitem]
|-start|p1a: Iron Moth|quarkdrivespe
|turn|1
|
|t:|1779840964
|move|p1a: Iron Moth|Substitute|p1a: Iron Moth
|-start|p1a: Iron Moth|Substitute
|-damage|p1a: Iron Moth|76/100
|move|p2a: Basculegion|Surf|p1a: Iron Moth
|-supereffective|p1a: Iron Moth
|-end|p1a: Iron Moth|Substitute
|
|upkeep
|turn|2
|
|t:|1779840972
|-end|p1a: Iron Moth|Quark Drive|[silent]
|switch|p1a: Raging Bolt|Raging Bolt|100/100
|move|p2a: Basculegion|Surf|p1a: Raging Bolt
|-resisted|p1a: Raging Bolt
|-damage|p1a: Raging Bolt|74/100
|
|upkeep
|turn|3
|
|t:|1779840980
|switch|p2a: Iron Treads|Iron Treads|100/100
|-enditem|p2a: Iron Treads|Booster Energy
|-activate|p2a: Iron Treads|ability: Quark Drive|[fromitem]
|-start|p2a: Iron Treads|quarkdriveatk
|move|p1a: Raging Bolt|Volt Switch|p2a: Iron Treads
|-immune|p2a: Iron Treads
|
|upkeep
|turn|4
|
|t:|1779840987
|-end|p1a: Raging Bolt|Protosynthesis|[silent]
|switch|p1a: Corviknight|Corviknight, M|100/100
|-ability|p1a: Corviknight|Pressure
|move|p2a: Iron Treads|Earthquake|p1a: Corviknight
|-immune|p1a: Corviknight
|
|upkeep
|turn|5
|
|t:|1779840997
|-end|p2a: Iron Treads|Quark Drive|[silent]
|switch|p2a: Ninetales|Ninetales-Alola, F|100/100
|-weather|Snowscape|[from] ability: Snow Warning|[of] p2a: Ninetales
|move|p1a: Corviknight|Iron Defense|p1a: Corviknight
|-boost|p1a: Corviknight|def|2
|
|-weather|Snowscape|[upkeep]
|upkeep
|turn|6
|
|t:|1779841005
|move|p2a: Ninetales|Encore|p1a: Corviknight
|-start|p1a: Corviknight|Encore
|move|p1a: Corviknight|Iron Defense|p1a: Corviknight
|-boost|p1a: Corviknight|def|2
|
|-weather|Snowscape|[upkeep]
|upkeep
|turn|7
|
|t:|1779841011
|switch|p1a: Iron Moth|Iron Moth|76/100
|move|p2a: Ninetales|Aurora Veil|p2a: Ninetales
|-sidestart|p2: veronyl|move: Aurora Veil
|
|-weather|Snowscape|[upkeep]
|upkeep
|turn|8
|
|t:|1779841017
|switch|p2a: Basculegion|Basculegion-F, F|100/100
|move|p1a: Iron Moth|Sludge Wave|p2a: Basculegion
|-resisted|p2a: Basculegion
|-damage|p2a: Basculegion|86/100
|
|-weather|Snowscape|[upkeep]
|upkeep
|turn|9
|
|t:|1779841024
|-end|p1a: Iron Moth|Quark Drive|[silent]
|switch|p1a: Corviknight|Corviknight, M|100/100
|-ability|p1a: Corviknight|Pressure
|move|p2a: Basculegion|Shadow Ball|p1a: Corviknight
|-crit|p1a: Corviknight
|-damage|p1a: Corviknight|31/100
|-unboost|p1a: Corviknight|spd|1
|
|-weather|none
|upkeep
|turn|10
|
|t:|1779841043
|switch|p1a: Meowscarada|Meowscarada, F|100/100
|move|p2a: Basculegion|Shadow Ball|p1a: Meowscarada
|-resisted|p1a: Meowscarada
|-damage|p1a: Meowscarada|65/100
|
|upkeep
|turn|11
|
|t:|1779841050
|switch|p2a: Weavile|Weavile, F|100/100
|-ability|p2a: Weavile|Pressure
|move|p1a: Meowscarada|U-turn|p2a: Weavile
|-start|p1a: Meowscarada|typechange|Bug|[from] ability: Protean
|-supereffective|p2a: Weavile
|-damage|p2a: Weavile|47/100
|inactive|BlobfishVStar has 120 seconds left.
|
|t:|1779841084
|switch|p1a: Great Tusk|Great Tusk|100/100|[from] U-turn
|
|upkeep
|turn|12
|
|t:|1779841086
|move|p2a: Weavile|Triple Axel|p1a: Great Tusk
|-supereffective|p1a: Great Tusk
|-damage|p1a: Great Tusk|86/100
|-hitcount|p1a: Great Tusk|1
|move|p1a: Great Tusk|Stealth Rock|p2a: Weavile
|-sidestart|p2: veronyl|move: Stealth Rock
|
|upkeep
|turn|13
|
|t:|1779841097
|-end|p1a: Great Tusk|Protosynthesis|[silent]
|switch|p1a: Corviknight|Corviknight, M|31/100
|-ability|p1a: Corviknight|Pressure
|move|p2a: Weavile|Triple Axel|p1a: Corviknight
|-damage|p1a: Corviknight|25/100
|-damage|p2a: Weavile|31/100|[from] item: Rocky Helmet|[of] p1a: Corviknight
|-damage|p1a: Corviknight|12/100
|-damage|p2a: Weavile|14/100|[from] item: Rocky Helmet|[of] p1a: Corviknight
|-damage|p1a: Corviknight|0 fnt
|-damage|p2a: Weavile|0 fnt|[from] item: Rocky Helmet|[of] p1a: Corviknight
|faint|p1a: Corviknight
|faint|p2a: Weavile
|-hitcount|p1: Corviknight|3
|
|upkeep
|
|t:|1779841111
|switch|p2a: Iron Treads|Iron Treads|100/100
|switch|p1a: Azumarill|Azumarill, F|100/100
|-damage|p2a: Iron Treads|97/100|[from] Stealth Rock
|turn|14
|
|t:|1779841115
|move|p2a: Iron Treads|Rapid Spin|p1a: Azumarill
|-damage|p1a: Azumarill|81/100
|-boost|p2a: Iron Treads|spe|1
|-sideend|p2: veronyl|Stealth Rock|[from] move: Rapid Spin|[of] p2a: Iron Treads
|move|p1a: Azumarill|Belly Drum|p1a: Azumarill
|-damage|p1a: Azumarill|31/100
|-setboost|p1a: Azumarill|atk|6|[from] move: Belly Drum
|-enditem|p1a: Azumarill|Sitrus Berry|[eat]
|-heal|p1a: Azumarill|56/100|[from] item: Sitrus Berry
|
|-sideend|p2: veronyl|move: Aurora Veil
|upkeep
|turn|15
|
|t:|1779841122
|move|p1a: Azumarill|Aqua Jet|p2a: Iron Treads
|-supereffective|p2a: Iron Treads
|-damage|p2a: Iron Treads|0 fnt
|faint|p2a: Iron Treads
|-end|p2a: Iron Treads|Quark Drive|[silent]
|
|upkeep
|
|t:|1779841126
|switch|p2a: Ogerpon|Ogerpon-Wellspring, F|100/100
|turn|16
|
|t:|1779841128
|move|p2a: Ogerpon|Horn Leech|p1a: Azumarill
|-supereffective|p1a: Azumarill
|-damage|p1a: Azumarill|0 fnt
|faint|p1a: Azumarill
|
|upkeep
|
|t:|1779841133
|switch|p1a: Meowscarada|Meowscarada, F|65/100
|turn|17
|
|t:|1779841135
|switch|p2a: Ninetales|Ninetales-Alola, F|100/100
|-weather|Snowscape|[from] ability: Snow Warning|[of] p2a: Ninetales
|move|p1a: Meowscarada|U-turn|p2a: Ninetales
|-start|p1a: Meowscarada|typechange|Bug|[from] ability: Protean
|-resisted|p2a: Ninetales
|-damage|p2a: Ninetales|87/100
|
|t:|1779841159
|switch|p1a: Raging Bolt|Raging Bolt|74/100|[from] U-turn
|
|-weather|Snowscape|[upkeep]
|upkeep
|turn|18
|
|t:|1779841162
|move|p2a: Ninetales|Aurora Veil|p2a: Ninetales
|-sidestart|p2: veronyl|move: Aurora Veil
|move|p1a: Raging Bolt|Thunderbolt|p2a: Ninetales
|-damage|p2a: Ninetales|62/100
|-status|p2a: Ninetales|par
|
|-weather|Snowscape|[upkeep]
|upkeep
|turn|19
|
|t:|1779841166
|move|p1a: Raging Bolt|Thunderbolt|p2a: Ninetales
|-damage|p2a: Ninetales|36/100 par
|move|p2a: Ninetales|Moonblast|p1a: Raging Bolt
|-supereffective|p1a: Raging Bolt
|-damage|p1a: Raging Bolt|18/100
|-unboost|p1a: Raging Bolt|spa|1
|
|-weather|Snowscape|[upkeep]
|upkeep
|turn|20
|
|t:|1779841175
|move|p1a: Raging Bolt|Thunderclap|p2a: Ninetales
|-damage|p2a: Ninetales|22/100 par
|move|p2a: Ninetales|Freeze-Dry|p1a: Raging Bolt
|-supereffective|p1a: Raging Bolt
|-damage|p1a: Raging Bolt|0 fnt
|faint|p1a: Raging Bolt
|-end|p1a: Raging Bolt|Protosynthesis|[silent]
|
|-weather|Snowscape|[upkeep]
|upkeep
|
|t:|1779841179
|switch|p1a: Iron Moth|Iron Moth|76/100
|turn|21
|
|t:|1779841184
|switch|p2a: Basculegion|Basculegion-F, F|86/100
|move|p1a: Iron Moth|Fiery Dance|p2a: Basculegion
|-resisted|p2a: Basculegion
|-damage|p2a: Basculegion|74/100
|-boost|p1a: Iron Moth|spa|1
|
|-weather|none
|upkeep
|turn|22
|
|t:|1779841196
|-end|p1a: Iron Moth|Quark Drive|[silent]
|switch|p1a: Meowscarada|Meowscarada, F|65/100
|move|p2a: Basculegion|Surf|p1a: Meowscarada
|-resisted|p1a: Meowscarada
|-damage|p1a: Meowscarada|20/100
|
|upkeep
|turn|23
|
|t:|1779841200
|move|p1a: Meowscarada|Flower Trick|p2a: Basculegion
|-start|p1a: Meowscarada|typechange|Grass|[from] ability: Protean
|-supereffective|p2a: Basculegion
|-crit|p2a: Basculegion
|-damage|p2a: Basculegion|0 fnt
|faint|p2a: Basculegion
|
|upkeep
|
|t:|1779841206
|switch|p2a: Glaceon|Glaceon, F|100/100
|turn|24
|
|t:|1779841210
|move|p1a: Meowscarada|Flower Trick|p2a: Glaceon
|-crit|p2a: Glaceon
|-damage|p2a: Glaceon|58/100
|move|p2a: Glaceon|Shadow Ball|p1a: Meowscarada
|-damage|p1a: Meowscarada|0 fnt
|faint|p1a: Meowscarada
|
|upkeep
|
|t:|1779841230
|switch|p1a: Iron Moth|Iron Moth|76/100
|turn|25
|
|t:|1779841233
|move|p1a: Iron Moth|Fiery Dance|p2a: Glaceon
|-supereffective|p2a: Glaceon
|-damage|p2a: Glaceon|15/100
|move|p2a: Glaceon|Shadow Ball|p1a: Iron Moth
|-damage|p1a: Iron Moth|31/100
|
|-sideend|p2: veronyl|move: Aurora Veil
|upkeep
|turn|26
|
|t:|1779841238
|move|p1a: Iron Moth|Fiery Dance|p2a: Glaceon
|-supereffective|p2a: Glaceon
|-damage|p2a: Glaceon|0 fnt
|-boost|p1a: Iron Moth|spa|1
|faint|p2a: Glaceon
|
|upkeep
|
|t:|1779841240
|switch|p2a: Ogerpon|Ogerpon-Wellspring, F|100/100
|turn|27
|
|t:|1779841244
|-terastallize|p2a: Ogerpon|Water
|detailschange|p2a: Ogerpon|Ogerpon-Wellspring-Tera, F, tera:Water
|-ability|p2a: Ogerpon|Embody Aspect (Wellspring)|boost
|-boost|p2a: Ogerpon|spd|1
|move|p1a: Iron Moth|Fiery Dance|p2a: Ogerpon
|-resisted|p2a: Ogerpon
|-damage|p2a: Ogerpon|76/100
|-boost|p1a: Iron Moth|spa|1
|move|p2a: Ogerpon|Ivy Cudgel|p1a: Iron Moth|[anim] Ivy Cudgel Water
|-supereffective|p1a: Iron Moth
|-damage|p1a: Iron Moth|0 fnt
|faint|p1a: Iron Moth
|-end|p1a: Iron Moth|Quark Drive|[silent]
|
|upkeep
|
|t:|1779841253
|switch|p1a: Great Tusk|Great Tusk|86/100
|turn|28
|
|t:|1779841262
|-terastallize|p1a: Great Tusk|Steel
|move|p2a: Ogerpon|Ivy Cudgel|p1a: Great Tusk|[anim] Ivy Cudgel Water
|-crit|p1a: Great Tusk
|-damage|p1a: Great Tusk|5/100
|move|p1a: Great Tusk|Headlong Rush|p2a: Ogerpon
|-damage|p2a: Ogerpon|0 fnt
|-unboost|p1a: Great Tusk|def|1
|-unboost|p1a: Great Tusk|spd|1
|faint|p2a: Ogerpon
|detailschange|p2: Ogerpon|Ogerpon-Wellspring, F|[silent]
|
|upkeep
|
|t:|1779841267
|switch|p2a: Ninetales|Ninetales-Alola, F|22/100 par
|-weather|Snowscape|[from] ability: Snow Warning|[of] p2a: Ninetales
|turn|29
|
|t:|1779841269
|move|p1a: Great Tusk|Headlong Rush|p2a: Ninetales
|-damage|p2a: Ninetales|0 fnt
|-unboost|p1a: Great Tusk|def|1
|-unboost|p1a: Great Tusk|spd|1
|faint|p2a: Ninetales
|
|win|BlobfishVStar
|raw|BlobfishVStar's rating: 1382 &rarr; <strong>1405</strong><br />(+23 for winning)
|raw|veronyl's rating: 1438 &rarr; <strong>1415</strong><br />(-23 for losing)
|c|☆BlobfishVStar|gg
|l|☆veronyl
|player|p2|
|c|☆BlobfishVStar|I did not deserve that
|l|☆BlobfishVStar
|player|p1|
