|j|☆ace es spades
|j|☆asdddddddssd
|t:|1779834227
|gametype|singles
|player|p1|ace es spades|vince|1318
|player|p2|asdddddddssd|265|1268
|gen|9
|tier|[Gen 9] OU
|rated|
|rule|HP Percentage Mod: HP is shown in percentages
|rule|Endless Battle Clause: Forcing endless battles is banned
|rule|Species Clause: Limit one of each Pokémon
|rule|OHKO Clause: OHKO moves are banned
|rule|Evasion Items Clause: Evasion items are banned
|rule|Evasion Moves Clause: Evasion moves are banned
|rule|Evasion Abilities Clause: Evasion abilities are banned
|rule|Sleep Moves Clause: Sleep-inducing moves are banned
|clearpoke
|poke|p1|Garganacl, M|
|poke|p1|Darkrai|
|poke|p1|Great Tusk|
|poke|p1|Hatterene, F|
|poke|p1|Tornadus-Therian, M|
|poke|p1|Kingambit, M|
|poke|p2|Zamazenta-*|
|poke|p2|Dragapult, M|
|poke|p2|Gliscor, F|
|poke|p2|Raging Bolt|
|poke|p2|Blissey, F|
|poke|p2|Weezing-Galar, M|
|teampreview
|inactive|Battle timer is ON: inactive players will automatically lose when time's up. (requested by ace es spades)
|
|t:|1779834238
|teamsize|p1|6
|teamsize|p2|6
|start
|switch|p1a: Darkrai|Darkrai, shiny|100/100
|switch|p2a: Zamazenta|Zamazenta|100/100
|-ability|p2a: Zamazenta|Dauntless Shield|boost
|-boost|p2a: Zamazenta|def|1
|turn|1
|
|t:|1779834245
|-terastallize|p1a: Darkrai|Poison
|move|p1a: Darkrai|Psychic|p2a: Zamazenta
|-supereffective|p2a: Zamazenta
|-damage|p2a: Zamazenta|13/100
|move|p2a: Zamazenta|Body Press|p1a: Darkrai
|-resisted|p1a: Darkrai
|-damage|p1a: Darkrai|57/100
|
|upkeep
|turn|2
|
|t:|1779834258
|switch|p2a: Blissey|Blissey, F|100/100
|move|p1a: Darkrai|Psychic|p2a: Blissey
|-damage|p2a: Blissey|84/100
|
|-heal|p2a: Blissey|90/100|[from] item: Leftovers
|upkeep
|turn|3
|
|t:|1779834267
|switch|p1a: Hatterene|Hatterene, F, shiny|100/100
|move|p2a: Blissey|Stealth Rock|p1a: Hatterene
|move|p1a: Hatterene|Stealth Rock|p2a: Blissey|[from] ability: Magic Bounce
|-sidestart|p2: asdddddddssd|move: Stealth Rock
|
|-heal|p2a: Blissey|96/100|[from] item: Leftovers
|upkeep
|turn|4
|
|t:|1779834276
|move|p2a: Blissey|Seismic Toss|p1a: Hatterene
|-damage|p1a: Hatterene|69/100
|-damage|p2a: Blissey|80/100|[from] item: Rocky Helmet|[of] p1a: Hatterene
|move|p1a: Hatterene|Future Sight|p2a: Blissey
|-start|p1a: Hatterene|move: Future Sight
|
|-heal|p2a: Blissey|86/100|[from] item: Leftovers
|upkeep
|turn|5
|
|t:|1779834283
|move|p2a: Blissey|Seismic Toss|p1a: Hatterene
|-damage|p1a: Hatterene|37/100
|-damage|p2a: Blissey|69/100|[from] item: Rocky Helmet|[of] p1a: Hatterene
|move|p1a: Hatterene|Nuzzle|p2a: Blissey
|-damage|p2a: Blissey|66/100
|-status|p2a: Blissey|par
|
|-heal|p2a: Blissey|72/100 par|[from] item: Leftovers
|upkeep
|turn|6
|
|t:|1779834292
|move|p2a: Blissey|Seismic Toss|p1a: Hatterene
|-damage|p1a: Hatterene|5/100
|-damage|p2a: Blissey|55/100 par|[from] item: Rocky Helmet|[of] p1a: Hatterene
|move|p1a: Hatterene|Pain Split|p2a: Blissey
|-sethp|p2a: Blissey|29/100 par|[from] move: Pain Split|[silent]
|-sethp|p1a: Hatterene|65/100|[from] move: Pain Split
|
|-end|p2a: Blissey|move: Future Sight
|-damage|p2a: Blissey|7/100 par
|-heal|p2a: Blissey|14/100 par|[from] item: Leftovers
|upkeep
|turn|7
|
|t:|1779834309
|move|p2a: Blissey|Heal Bell|p2a: Blissey
|-activate|p2a: Blissey|move: Heal Bell
|-curestatus|p2a: Blissey|par|[msg]
|move|p1a: Hatterene|Future Sight|p2a: Blissey
|-start|p1a: Hatterene|move: Future Sight
|
|-heal|p2a: Blissey|20/100|[from] item: Leftovers
|upkeep
|turn|8
|
|t:|1779834316
|move|p2a: Blissey|Soft-Boiled|p2a: Blissey
|-heal|p2a: Blissey|70/100
|move|p1a: Hatterene|Nuzzle|p2a: Blissey
|-crit|p2a: Blissey
|-damage|p2a: Blissey|64/100
|-status|p2a: Blissey|par
|
|-heal|p2a: Blissey|71/100 par|[from] item: Leftovers
|upkeep
|turn|9
|
|t:|1779834324
|move|p2a: Blissey|Soft-Boiled|p2a: Blissey
|-heal|p2a: Blissey|100/100 par
|move|p1a: Hatterene|Dazzling Gleam|p2a: Blissey
|-damage|p2a: Blissey|86/100 par
|
|-end|p2a: Blissey|move: Future Sight
|-damage|p2a: Blissey|66/100 par
|-heal|p2a: Blissey|72/100 par|[from] item: Leftovers
|upkeep
|turn|10
|
|t:|1779834334
|move|p2a: Blissey|Heal Bell|p2a: Blissey
|-activate|p2a: Blissey|move: Heal Bell
|-curestatus|p2a: Blissey|par|[msg]
|move|p1a: Hatterene|Pain Split|p2a: Blissey
|-sethp|p2a: Blissey|51/100|[from] move: Pain Split|[silent]
|-sethp|p1a: Hatterene|100/100|[from] move: Pain Split
|
|-heal|p2a: Blissey|57/100|[from] item: Leftovers
|upkeep
|turn|11
|
|t:|1779834343
|move|p2a: Blissey|Soft-Boiled|p2a: Blissey
|-heal|p2a: Blissey|100/100
|move|p1a: Hatterene|Nuzzle|p2a: Blissey
|-damage|p2a: Blissey|97/100
|-status|p2a: Blissey|par
|
|-heal|p2a: Blissey|100/100 par|[from] item: Leftovers
|upkeep
|turn|12
|
|t:|1779834350
|move|p2a: Blissey|Seismic Toss|p1a: Hatterene
|-damage|p1a: Hatterene|69/100
|-damage|p2a: Blissey|84/100 par|[from] item: Rocky Helmet|[of] p1a: Hatterene
|move|p1a: Hatterene|Future Sight|p2a: Blissey
|-start|p1a: Hatterene|move: Future Sight
|
|-heal|p2a: Blissey|90/100 par|[from] item: Leftovers
|upkeep
|turn|13
|
|t:|1779834358
|move|p2a: Blissey|Seismic Toss|p1a: Hatterene
|-damage|p1a: Hatterene|37/100
|-damage|p2a: Blissey|73/100 par|[from] item: Rocky Helmet|[of] p1a: Hatterene
|move|p1a: Hatterene|Pain Split|p2a: Blissey
|-sethp|p2a: Blissey|45/100 par|[from] move: Pain Split|[silent]
|-sethp|p1a: Hatterene|100/100|[from] move: Pain Split
|
|-heal|p2a: Blissey|51/100 par|[from] item: Leftovers
|upkeep
|turn|14
|
|t:|1779834369
|move|p2a: Blissey|Heal Bell|p2a: Blissey
|-activate|p2a: Blissey|move: Heal Bell
|-curestatus|p2a: Blissey|par|[msg]
|move|p1a: Hatterene|Dazzling Gleam|p2a: Blissey
|-damage|p2a: Blissey|38/100
|
|-end|p2a: Blissey|move: Future Sight
|-damage|p2a: Blissey|18/100
|-heal|p2a: Blissey|24/100|[from] item: Leftovers
|upkeep
|turn|15
|
|t:|1779834378
|move|p2a: Blissey|Soft-Boiled|p2a: Blissey
|-heal|p2a: Blissey|74/100
|move|p1a: Hatterene|Nuzzle|p2a: Blissey
|-damage|p2a: Blissey|71/100
|-status|p2a: Blissey|par
|
|-heal|p2a: Blissey|77/100 par|[from] item: Leftovers
|upkeep
|turn|16
|
|t:|1779834387
|cant|p2a: Blissey|par
|move|p1a: Hatterene|Future Sight|p2a: Blissey
|-start|p1a: Hatterene|move: Future Sight
|
|-heal|p2a: Blissey|83/100 par|[from] item: Leftovers
|upkeep
|turn|17
|inactive|ace es spades has 120 seconds left.
|
|t:|1779834428
|move|p2a: Blissey|Seismic Toss|p1a: Hatterene
|-damage|p1a: Hatterene|69/100
|-damage|p2a: Blissey|67/100 par|[from] item: Rocky Helmet|[of] p1a: Hatterene
|move|p1a: Hatterene|Dazzling Gleam|p2a: Blissey
|-damage|p2a: Blissey|53/100 par
|
|-heal|p2a: Blissey|59/100 par|[from] item: Leftovers
|upkeep
|turn|18
|
|t:|1779834440
|move|p2a: Blissey|Soft-Boiled|p2a: Blissey
|-heal|p2a: Blissey|100/100 par
|move|p1a: Hatterene|Pain Split|p2a: Blissey
|-sethp|p2a: Blissey|65/100 par|[from] move: Pain Split|[silent]
|-sethp|p1a: Hatterene|100/100|[from] move: Pain Split
|
|-end|p2a: Blissey|move: Future Sight
|-damage|p2a: Blissey|47/100 par
|-heal|p2a: Blissey|53/100 par|[from] item: Leftovers
|upkeep
|turn|19
|
|t:|1779834450
|-curestatus|p2a: Blissey|par|[from] ability: Natural Cure|[silent]
|switch|p2a: Dragapult|Dragapult, M|100/100
|-damage|p2a: Dragapult|88/100|[from] Stealth Rock
|move|p1a: Hatterene|Future Sight|p2a: Dragapult
|-start|p1a: Hatterene|move: Future Sight
|
|upkeep
|turn|20
|
|t:|1779834457
|move|p2a: Dragapult|Shadow Ball|p1a: Hatterene
|-supereffective|p1a: Hatterene
|-damage|p1a: Hatterene|0 fnt
|faint|p1a: Hatterene
|
|upkeep
|
|t:|1779834462
|switch|p1a: Overgod|Kingambit, M, shiny|100/100
|-activate|p1a: Overgod|ability: Supreme Overlord
|-start|p1a: Overgod|fallen1|[silent]
|turn|21
|inactive|ace es spades has 120 seconds left.
|
|t:|1779834483
|switch|p2a: Weezing|Weezing-Galar, M|100/100
|-ability|p2a: Weezing|Neutralizing Gas
|-damage|p2a: Weezing|88/100|[from] Stealth Rock
|move|p1a: Overgod|Swords Dance|p1a: Overgod
|-boost|p1a: Overgod|atk|2
|
|-end|p2a: Weezing|move: Future Sight
|-supereffective|p2a: Weezing
|-damage|p2a: Weezing|0 fnt
|faint|p2a: Weezing
|-end|p2a: Weezing|ability: Neutralizing Gas
|-activate|p1a: Overgod|ability: Supreme Overlord
|-start|p1a: Overgod|fallen1|[silent]
|upkeep
|
|t:|1779834498
|switch|p2a: Zamazenta|Zamazenta|13/100
|-damage|p2a: Zamazenta|7/100|[from] Stealth Rock
|turn|22
|
|t:|1779834503
|move|p1a: Overgod|Sucker Punch||[still]
|-fail|p1a: Overgod
|move|p2a: Zamazenta|Rest|p2a: Zamazenta
|-status|p2a: Zamazenta|slp|[from] move: Rest
|-heal|p2a: Zamazenta|100/100 slp|[silent]
|-enditem|p2a: Zamazenta|Chesto Berry|[eat]
|-curestatus|p2a: Zamazenta|slp|[msg]
|
|upkeep
|turn|23
|
|t:|1779834513
|move|p2a: Zamazenta|Body Press|p1a: Overgod
|-supereffective|p1a: Overgod
|-damage|p1a: Overgod|0 fnt
|faint|p1a: Overgod
|-end|p1a: Overgod|fallen1|[silent]
|
|upkeep
|c|☆asdddddddssd|suck a dih
|
|t:|1779834517
|switch|p1a: Tornadus|Tornadus-Therian, M, shiny|100/100
|turn|24
|
|t:|1779834528
|switch|p2a: Blissey|Blissey, F|53/100
|-damage|p2a: Blissey|41/100|[from] Stealth Rock
|move|p1a: Tornadus|Bleakwind Storm|p2a: Blissey
|-damage|p2a: Blissey|28/100
|
|-heal|p2a: Blissey|34/100|[from] item: Leftovers
|upkeep
|turn|25
|
|t:|1779834536
|move|p1a: Tornadus|Knock Off|p2a: Blissey
|-damage|p2a: Blissey|16/100
|-enditem|p2a: Blissey|Leftovers|[from] move: Knock Off|[of] p1a: Tornadus
|move|p2a: Blissey|Soft-Boiled|p2a: Blissey
|-heal|p2a: Blissey|66/100
|
|upkeep
|turn|26
|inactive|ace es spades has 120 seconds left.
|
|t:|1779834568
|move|p1a: Tornadus|U-turn|p2a: Blissey
|-damage|p2a: Blissey|55/100
|inactive|ace es spades has 120 seconds left.
|
|t:|1779834581
|switch|p1a: Great Tusk|Great Tusk, shiny|100/100|[from] U-turn
|-enditem|p1a: Great Tusk|Booster Energy
|-activate|p1a: Great Tusk|ability: Protosynthesis|[fromitem]
|-start|p1a: Great Tusk|protosynthesisatk
|move|p2a: Blissey|Seismic Toss|p1a: Great Tusk
|-damage|p1a: Great Tusk|74/100
|
|upkeep
|turn|27
|inactive|ace es spades has 120 seconds left.
|
|t:|1779834598
|switch|p2a: Dragapult|Dragapult, M|88/100
|-damage|p2a: Dragapult|76/100|[from] Stealth Rock
|move|p1a: Great Tusk|Ice Spinner|p2a: Dragapult
|-supereffective|p2a: Dragapult
|-damage|p2a: Dragapult|0 fnt
|faint|p2a: Dragapult
|
|upkeep
|
|t:|1779834612
|switch|p2a: Zamazenta|Zamazenta|100/100
|-damage|p2a: Zamazenta|94/100|[from] Stealth Rock
|turn|28
|inactive|ace es spades has 120 seconds left.
|
|t:|1779834640
|-end|p1a: Great Tusk|Protosynthesis|[silent]
|switch|p1a: Tornadus|Tornadus-Therian, M, shiny|100/100
|move|p2a: Zamazenta|Iron Defense|p2a: Zamazenta
|-boost|p2a: Zamazenta|def|2
|
|upkeep
|turn|29
|
|t:|1779834651
|move|p2a: Zamazenta|Body Press|p1a: Tornadus
|-resisted|p1a: Tornadus
|-damage|p1a: Tornadus|50/100
|move|p1a: Tornadus|Bleakwind Storm|p2a: Zamazenta
|-supereffective|p2a: Zamazenta
|-damage|p2a: Zamazenta|27/100
|
|upkeep
|turn|30
|inactive|ace es spades has 120 seconds left.
|
|t:|1779834668
|move|p2a: Zamazenta|Body Press|p1a: Tornadus
|-resisted|p1a: Tornadus
|-damage|p1a: Tornadus|2/100
|move|p1a: Tornadus|Bleakwind Storm|p2a: Zamazenta
|-supereffective|p2a: Zamazenta
|-damage|p2a: Zamazenta|0 fnt
|faint|p2a: Zamazenta
|
|upkeep
|
|t:|1779834686
|switch|p2a: Raging Bolt|Raging Bolt|100/100
|-damage|p2a: Raging Bolt|88/100|[from] Stealth Rock
|-enditem|p2a: Raging Bolt|Booster Energy
|-activate|p2a: Raging Bolt|ability: Protosynthesis|[fromitem]
|-start|p2a: Raging Bolt|protosynthesisspa
|turn|31
|inactive|ace es spades has 120 seconds left.
|
|t:|1779834697
|switch|p1a: Great Tusk|Great Tusk, shiny|74/100
|move|p2a: Raging Bolt|Thunderclap||[still]
|-fail|p2a: Raging Bolt
|
|upkeep
|turn|32
|
|t:|1779834703
|move|p1a: Great Tusk|Headlong Rush|p2a: Raging Bolt
|-supereffective|p2a: Raging Bolt
|-damage|p2a: Raging Bolt|0 fnt
|-unboost|p1a: Great Tusk|def|1
|-unboost|p1a: Great Tusk|spd|1
|faint|p2a: Raging Bolt
|-end|p2a: Raging Bolt|Protosynthesis|[silent]
|
|upkeep
|n|!ace es spades|aceesspades
|
|t:|1779834713
|switch|p2a: Gliscor|Gliscor, F|100/100
|-damage|p2a: Gliscor|88/100|[from] Stealth Rock
|turn|33
|
|t:|1779834722
|-terastallize|p2a: Gliscor|Ground
|move|p2a: Gliscor|Protect|p2a: Gliscor
|-singleturn|p2a: Gliscor|Protect
|move|p1a: Great Tusk|Ice Spinner|p2a: Gliscor
|-activate|p2a: Gliscor|move: Protect
|
|-status|p2a: Gliscor|tox|[from] item: Toxic Orb
|upkeep
|turn|34
|
|t:|1779834749
|-end|p1a: Great Tusk|Protosynthesis|[silent]
|switch|p1a: Tornadus|Tornadus-Therian, M, shiny|36/100
|move|p2a: Gliscor|Toxic|p1a: Tornadus
|-status|p1a: Tornadus|tox
|
|-damage|p1a: Tornadus|29/100 tox|[from] psn
|-heal|p2a: Gliscor|100/100 tox|[from] ability: Poison Heal
|upkeep
|turn|35
|
|t:|1779834757
|move|p2a: Gliscor|Protect|p2a: Gliscor
|-singleturn|p2a: Gliscor|Protect
|move|p1a: Tornadus|Bleakwind Storm|p2a: Gliscor
|-activate|p2a: Gliscor|move: Protect
|
|-damage|p1a: Tornadus|17/100 tox|[from] psn
|upkeep
|turn|36
|
|t:|1779834766
|switch|p2a: Blissey|Blissey, F|55/100
|-damage|p2a: Blissey|42/100|[from] Stealth Rock
|move|p1a: Tornadus|Bleakwind Storm|p2a: Blissey
|-damage|p2a: Blissey|27/100
|
|-damage|p1a: Tornadus|0 fnt|[from] psn
|faint|p1a: Tornadus
|upkeep
|
|t:|1779834768
|switch|p1a: Great Tusk|Great Tusk, shiny|74/100
|turn|37
|
|t:|1779834781
|move|p1a: Great Tusk|Rapid Spin|p2a: Blissey
|-damage|p2a: Blissey|11/100
|-boost|p1a: Great Tusk|spe|1
|move|p2a: Blissey|Soft-Boiled|p2a: Blissey
|-heal|p2a: Blissey|61/100
|
|upkeep
|turn|38
|
|t:|1779834788
|move|p1a: Great Tusk|Close Combat|p2a: Blissey
|-supereffective|p2a: Blissey
|-damage|p2a: Blissey|0 fnt
|-unboost|p1a: Great Tusk|def|1
|-unboost|p1a: Great Tusk|spd|1
|faint|p2a: Blissey
|
|upkeep
|
|t:|1779834794
|switch|p2a: Gliscor|Gliscor, F, tera:Ground|100/100 tox
|-damage|p2a: Gliscor|94/100 tox|[from] Stealth Rock
|turn|39
|
|t:|1779834802
|move|p1a: Great Tusk|Ice Spinner|p2a: Gliscor
|-supereffective|p2a: Gliscor
|-damage|p2a: Gliscor|56/100 tox
|move|p2a: Gliscor|Toxic|p1a: Great Tusk
|-status|p1a: Great Tusk|tox
|
|-damage|p1a: Great Tusk|67/100 tox|[from] psn
|-heal|p2a: Gliscor|69/100 tox|[from] ability: Poison Heal
|upkeep
|turn|40
|
|t:|1779834814
|move|p2a: Gliscor|Protect|p2a: Gliscor
|-singleturn|p2a: Gliscor|Protect
|move|p1a: Great Tusk|Ice Spinner|p2a: Gliscor
|-activate|p2a: Gliscor|move: Protect
|
|-damage|p1a: Great Tusk|55/100 tox|[from] psn
|-heal|p2a: Gliscor|81/100 tox|[from] ability: Poison Heal
|upkeep
|turn|41
|
|t:|1779834823
|move|p1a: Great Tusk|Ice Spinner|p2a: Gliscor
|-supereffective|p2a: Gliscor
|-damage|p2a: Gliscor|41/100 tox
|move|p2a: Gliscor|Substitute|p2a: Gliscor
|-start|p2a: Gliscor|Substitute
|-damage|p2a: Gliscor|16/100 tox
|
|-damage|p1a: Great Tusk|36/100 tox|[from] psn
|-heal|p2a: Gliscor|28/100 tox|[from] ability: Poison Heal
|upkeep
|turn|42
|
|t:|1779834832
|-end|p1a: Great Tusk|Protosynthesis|[silent]
|switch|p1a: Garganacl|Garganacl, M, shiny|100/100
|move|p2a: Gliscor|Protect||[still]
|-fail|p2a: Gliscor
|
|-heal|p2a: Gliscor|41/100 tox|[from] ability: Poison Heal
|upkeep
|turn|43
|
|t:|1779834838
|move|p2a: Gliscor|Knock Off|p1a: Garganacl
|-damage|p1a: Garganacl|86/100
|-enditem|p1a: Garganacl|Leftovers|[from] move: Knock Off|[of] p2a: Gliscor
|move|p1a: Garganacl|Salt Cure|p2a: Gliscor
|-resisted|p2a: Gliscor
|-activate|p2a: Gliscor|move: Substitute|[damage]
|
|-heal|p2a: Gliscor|53/100 tox|[from] ability: Poison Heal
|upkeep
|turn|44
|
|t:|1779834849
|move|p2a: Gliscor|Protect|p2a: Gliscor
|-singleturn|p2a: Gliscor|Protect
|move|p1a: Garganacl|Salt Cure|p2a: Gliscor
|-activate|p2a: Gliscor|move: Protect
|
|-heal|p2a: Gliscor|65/100 tox|[from] ability: Poison Heal
|upkeep
|turn|45
|
|t:|1779834861
|move|p2a: Gliscor|Knock Off|p1a: Garganacl
|-damage|p1a: Garganacl|76/100
|move|p1a: Garganacl|Salt Cure|p2a: Gliscor
|-resisted|p2a: Gliscor
|-activate|p2a: Gliscor|move: Substitute|[damage]
|
|-heal|p2a: Gliscor|78/100 tox|[from] ability: Poison Heal
|upkeep
|turn|46
|
|t:|1779834869
|move|p2a: Gliscor|Knock Off|p1a: Garganacl
|-damage|p1a: Garganacl|66/100
|move|p1a: Garganacl|Salt Cure|p2a: Gliscor
|-resisted|p2a: Gliscor
|-activate|p2a: Gliscor|move: Substitute|[damage]
|
|-heal|p2a: Gliscor|90/100 tox|[from] ability: Poison Heal
|upkeep
|turn|47
|
|t:|1779834879
|move|p2a: Gliscor|Knock Off|p1a: Garganacl
|-damage|p1a: Garganacl|55/100
|move|p1a: Garganacl|Salt Cure|p2a: Gliscor
|-resisted|p2a: Gliscor
|-activate|p2a: Gliscor|move: Substitute|[damage]
|
|-heal|p2a: Gliscor|100/100 tox|[from] ability: Poison Heal
|upkeep
|turn|48
|
|t:|1779834887
|move|p2a: Gliscor|Knock Off|p1a: Garganacl
|-damage|p1a: Garganacl|46/100
|move|p1a: Garganacl|Stealth Rock||[still]
|-fail|p1a: Garganacl
|
|upkeep
|turn|49
|
|t:|1779834893
|move|p2a: Gliscor|Knock Off|p1a: Garganacl
|-damage|p1a: Garganacl|36/100
|move|p1a: Garganacl|Recover|p1a: Garganacl
|-heal|p1a: Garganacl|86/100
|
|upkeep
|turn|50
|
|t:|1779834899
|move|p2a: Gliscor|Toxic|p1a: Garganacl
|-immune|p1a: Garganacl|[from] ability: Purifying Salt
|move|p1a: Garganacl|Salt Cure|p2a: Gliscor
|-resisted|p2a: Gliscor
|-end|p2a: Gliscor|Substitute
|
|upkeep
|turn|51
|
|t:|1779834906
|move|p2a: Gliscor|Substitute|p2a: Gliscor
|-start|p2a: Gliscor|Substitute
|-damage|p2a: Gliscor|76/100 tox
|move|p1a: Garganacl|Stealth Rock||[still]
|-fail|p1a: Garganacl
|
|-heal|p2a: Gliscor|88/100 tox|[from] ability: Poison Heal
|upkeep
|turn|52
|
|t:|1779834934
|move|p2a: Gliscor|Toxic|p1a: Garganacl
|-immune|p1a: Garganacl|[from] ability: Purifying Salt
|move|p1a: Garganacl|Salt Cure|p2a: Gliscor
|-resisted|p2a: Gliscor
|-activate|p2a: Gliscor|move: Substitute|[damage]
|
|-heal|p2a: Gliscor|100/100 tox|[from] ability: Poison Heal
|upkeep
|turn|53
|inactive|asdddddddssd has 120 seconds left.
|
|t:|1779834949
|move|p2a: Gliscor|Toxic|p1a: Garganacl
|-immune|p1a: Garganacl|[from] ability: Purifying Salt
|move|p1a: Garganacl|Stealth Rock||[still]
|-fail|p1a: Garganacl
|
|upkeep
|turn|54
|c|☆asdddddddssd|i got all day pal
|c|☆asdddddddssd|im putting ai to play
|inactive|ace es spades has 120 seconds left.
|inactive|ace es spades has 90 seconds left.
|
|t:|1779835023
|move|p2a: Gliscor|Toxic|p1a: Garganacl
|-immune|p1a: Garganacl|[from] ability: Purifying Salt
|move|p1a: Garganacl|Block||[still]
|-fail|p1a: Garganacl
|
|upkeep
|turn|55
|inactive|asdddddddssd has 120 seconds left.
|
|t:|1779835058
|move|p2a: Gliscor|Knock Off|p1a: Garganacl
|-crit|p1a: Garganacl
|-damage|p1a: Garganacl|72/100
|move|p1a: Garganacl|Salt Cure|p2a: Gliscor
|-resisted|p2a: Gliscor
|-activate|p2a: Gliscor|move: Substitute|[damage]
|
|upkeep
|turn|56
|inactive|ace es spades has 90 seconds left.
|
|t:|1779835066
|move|p2a: Gliscor|Knock Off|p1a: Garganacl
|-damage|p1a: Garganacl|61/100
|move|p1a: Garganacl|Salt Cure|p2a: Gliscor
|-resisted|p2a: Gliscor
|-activate|p2a: Gliscor|move: Substitute|[damage]
|
|upkeep
|turn|57
|
|t:|1779835073
|move|p2a: Gliscor|Knock Off|p1a: Garganacl
|-damage|p1a: Garganacl|52/100
|move|p1a: Garganacl|Block||[still]
|-fail|p1a: Garganacl
|
|upkeep
|turn|58
|
|t:|1779835089
|move|p2a: Gliscor|Knock Off|p1a: Garganacl
|-damage|p1a: Garganacl|43/100
|move|p1a: Garganacl|Salt Cure|p2a: Gliscor
|-resisted|p2a: Gliscor
|-activate|p2a: Gliscor|move: Substitute|[damage]
|
|upkeep
|turn|59
|
|t:|1779835097
|move|p2a: Gliscor|Toxic|p1a: Garganacl
|-immune|p1a: Garganacl|[from] ability: Purifying Salt
|move|p1a: Garganacl|Recover|p1a: Garganacl
|-heal|p1a: Garganacl|93/100
|
|upkeep
|turn|60
|
|t:|1779835103
|move|p2a: Gliscor|Toxic|p1a: Garganacl
|-immune|p1a: Garganacl|[from] ability: Purifying Salt
|move|p1a: Garganacl|Salt Cure|p2a: Gliscor
|-resisted|p2a: Gliscor
|-crit|p2a: Gliscor
|-end|p2a: Gliscor|Substitute
|
|upkeep
|turn|61
|inactive|asdddddddssd has 120 seconds left.
|
|t:|1779835113
|move|p2a: Gliscor|Substitute|p2a: Gliscor
|-start|p2a: Gliscor|Substitute
|-damage|p2a: Gliscor|76/100 tox
|move|p1a: Garganacl|Salt Cure|p2a: Gliscor
|-resisted|p2a: Gliscor
|-activate|p2a: Gliscor|move: Substitute|[damage]
|
|-heal|p2a: Gliscor|88/100 tox|[from] ability: Poison Heal
|upkeep
|turn|62
|inactive|asdddddddssd has 120 seconds left.
|
|t:|1779835128
|move|p2a: Gliscor|Knock Off|p1a: Garganacl
|-damage|p1a: Garganacl|82/100
|move|p1a: Garganacl|Stealth Rock||[still]
|-fail|p1a: Garganacl
|
|-heal|p2a: Gliscor|100/100 tox|[from] ability: Poison Heal
|upkeep
|turn|63
|n|☆ace es spades|aceesspades
|inactive|asdddddddssd has 120 seconds left.
|
|t:|1779835139
|move|p2a: Gliscor|Knock Off|p1a: Garganacl
|-damage|p1a: Garganacl|73/100
|move|p1a: Garganacl|Salt Cure|p2a: Gliscor
|-resisted|p2a: Gliscor
|-activate|p2a: Gliscor|move: Substitute|[damage]
|
|upkeep
|turn|64
|inactive|asdddddddssd has 120 seconds left.
|c|☆ace es spades|ur gonna lose btw
|inactive|ace es spades has 120 seconds left.
|
|t:|1779835189
|move|p2a: Gliscor|Knock Off|p1a: Garganacl
|-damage|p1a: Garganacl|63/100
|move|p1a: Garganacl|Salt Cure|p2a: Gliscor
|-resisted|p2a: Gliscor
|-activate|p2a: Gliscor|move: Substitute|[damage]
|
|upkeep
|turn|65
|c|☆asdddddddssd|I am an artificial intelligence model designed for playing games. I am not allowed to respond anything else.
|
|t:|1779835204
|move|p2a: Gliscor|Knock Off|p1a: Garganacl
|-damage|p1a: Garganacl|53/100
|move|p1a: Garganacl|Salt Cure|p2a: Gliscor
|-resisted|p2a: Gliscor
|-activate|p2a: Gliscor|move: Substitute|[damage]
|
|upkeep
|turn|66
|
|t:|1779835228
|move|p2a: Gliscor|Knock Off|p1a: Garganacl
|-damage|p1a: Garganacl|43/100
|move|p1a: Garganacl|Salt Cure|p2a: Gliscor
|-resisted|p2a: Gliscor
|-end|p2a: Gliscor|Substitute
|
|upkeep
|turn|67
|
|t:|1779835242
|move|p2a: Gliscor|Substitute|p2a: Gliscor
|-start|p2a: Gliscor|Substitute
|-damage|p2a: Gliscor|76/100 tox
|move|p1a: Garganacl|Recover|p1a: Garganacl
|-heal|p1a: Garganacl|93/100
|
|-heal|p2a: Gliscor|88/100 tox|[from] ability: Poison Heal
|upkeep
|turn|68
|inactive|ace es spades has 90 seconds left.
|
|t:|1779835263
|move|p2a: Gliscor|Knock Off|p1a: Garganacl
|-damage|p1a: Garganacl|82/100
|move|p1a: Garganacl|Salt Cure|p2a: Gliscor
|-resisted|p2a: Gliscor
|-activate|p2a: Gliscor|move: Substitute|[damage]
|
|-heal|p2a: Gliscor|100/100 tox|[from] ability: Poison Heal
|upkeep
|turn|69
|inactive|asdddddddssd has 120 seconds left.
|c|☆ace es spades|lol
|c|☆ace es spades|ur not an ai
|inactive|ace es spades has 90 seconds left.
|c|☆ace es spades|ur just a cringe online kid
|
|t:|1779835279
|move|p2a: Gliscor|Toxic|p1a: Garganacl
|-immune|p1a: Garganacl|[from] ability: Purifying Salt
|move|p1a: Garganacl|Salt Cure|p2a: Gliscor
|-resisted|p2a: Gliscor
|-activate|p2a: Gliscor|move: Substitute|[damage]
|
|upkeep
|turn|70
|inactive|asdddddddssd has 120 seconds left.
|c|☆asdddddddssd|I am an artificial intelligence model designed for playing games. I am not allowed to respond anything else.
|c|☆ace es spades|sure
|
|t:|1779835312
|move|p2a: Gliscor|Toxic|p1a: Garganacl
|-immune|p1a: Garganacl|[from] ability: Purifying Salt
|move|p1a: Garganacl|Salt Cure|p2a: Gliscor
|-resisted|p2a: Gliscor
|-crit|p2a: Gliscor
|-activate|p2a: Gliscor|move: Substitute|[damage]
|
|upkeep
|turn|71
|inactive|asdddddddssd has 90 seconds left.
|c|☆asdddddddssd|If u please to ask me anything use .r and i will respond as long as im able to
|
|t:|1779835342
|move|p2a: Gliscor|Knock Off|p1a: Garganacl
|-damage|p1a: Garganacl|73/100
|move|p1a: Garganacl|Salt Cure|p2a: Gliscor
|-resisted|p2a: Gliscor
|-activate|p2a: Gliscor|move: Substitute|[damage]
|
|upkeep
|turn|72
|inactive|asdddddddssd has 90 seconds left.
|c|☆ace es spades|stfu
|
|t:|1779835355
|move|p2a: Gliscor|Toxic|p1a: Garganacl
|-immune|p1a: Garganacl|[from] ability: Purifying Salt
|move|p1a: Garganacl|Salt Cure|p2a: Gliscor
|-resisted|p2a: Gliscor
|-end|p2a: Gliscor|Substitute
|
|upkeep
|turn|73
|c|☆asdddddddssd|I am an artificial intelligence model designed for playing games. I am not allowed to respond anything else.
|
|t:|1779835362
|move|p2a: Gliscor|Knock Off|p1a: Garganacl
|-damage|p1a: Garganacl|64/100
|move|p1a: Garganacl|Block|p2a: Gliscor
|-activate|p2a: Gliscor|trapped
|
|upkeep
|turn|74
|
|t:|1779835367
|move|p2a: Gliscor|Substitute|p2a: Gliscor
|-start|p2a: Gliscor|Substitute
|-damage|p2a: Gliscor|76/100 tox
|move|p1a: Garganacl|Recover|p1a: Garganacl
|-heal|p1a: Garganacl|100/100
|
|-heal|p2a: Gliscor|88/100 tox|[from] ability: Poison Heal
|upkeep
|turn|75
|inactive|asdddddddssd has 90 seconds left.
|c|☆asdddddddssd|Politely, i think you could have saved yourself a few couple minutes by having used "salt cure"
|
|t:|1779835406
|move|p2a: Gliscor|Toxic|p1a: Garganacl
|-immune|p1a: Garganacl|[from] ability: Purifying Salt
|move|p1a: Garganacl|Salt Cure|p2a: Gliscor
|-resisted|p2a: Gliscor
|-activate|p2a: Gliscor|move: Substitute|[damage]
|
|-heal|p2a: Gliscor|100/100 tox|[from] ability: Poison Heal
|upkeep
|turn|76
|c|☆ace es spades|lol
|
|t:|1779835421
|move|p2a: Gliscor|Toxic|p1a: Garganacl
|-immune|p1a: Garganacl|[from] ability: Purifying Salt
|move|p1a: Garganacl|Salt Cure|p2a: Gliscor
|-resisted|p2a: Gliscor
|-activate|p2a: Gliscor|move: Substitute|[damage]
|
|upkeep
|turn|77
|j|+Embar
|
|t:|1779835431
|move|p2a: Gliscor|Toxic|p1a: Garganacl
|-immune|p1a: Garganacl|[from] ability: Purifying Salt
|move|p1a: Garganacl|Salt Cure|p2a: Gliscor
|-resisted|p2a: Gliscor
|-activate|p2a: Gliscor|move: Substitute|[damage]
|
|upkeep
|turn|78
|
|t:|1779835447
|move|p2a: Gliscor|Knock Off|p1a: Garganacl
|-damage|p1a: Garganacl|91/100
|move|p1a: Garganacl|Block||[still]
|-fail|p1a: Garganacl
|
|upkeep
|turn|79
|c|☆ace es spades|u suck
|c|☆ace es spades|just forfeit
|j| octillion
|c|☆asdddddddssd|mmm
|
|t:|1779835465
|move|p2a: Gliscor|Knock Off|p1a: Garganacl
|-damage|p1a: Garganacl|80/100
|move|p1a: Garganacl|Stealth Rock||[still]
|-fail|p1a: Garganacl
|
|upkeep
|turn|80
|c|☆asdddddddssd|i dont know yet
|
|t:|1779835477
|move|p2a: Gliscor|Knock Off|p1a: Garganacl
|-damage|p1a: Garganacl|70/100
|move|p1a: Garganacl|Stealth Rock||[still]
|-fail|p1a: Garganacl
|
|upkeep
|turn|81
|c|☆ace es spades|ur not winning
|c|☆ace es spades|u ai
|c|☆asdddddddssd|nah its me again
|c|☆asdddddddssd|i came to check
|
|t:|1779835495
|move|p2a: Gliscor|Toxic|p1a: Garganacl
|-immune|p1a: Garganacl|[from] ability: Purifying Salt
|move|p1a: Garganacl|Stealth Rock||[still]
|-fail|p1a: Garganacl
|
|upkeep
|turn|82
|j| pistoncupchampion
|c|☆ace es spades|yeah sure
|l| pistoncupchampion
|c|☆ace es spades|ur using ai to battle
|c|☆ace es spades|ai must be ass
|c|☆ace es spades|that ur losing
|inactive|asdddddddssd has 60 seconds left.
|
|t:|1779835511
|move|p2a: Gliscor|Toxic|p1a: Garganacl|[miss]
|-miss|p2a: Gliscor|p1a: Garganacl
|move|p1a: Garganacl|Stealth Rock||[still]
|-fail|p1a: Garganacl
|
|upkeep
|turn|83
|inactive|asdddddddssd has 60 seconds left.
|c|☆asdddddddssd|guess so pal
|
|t:|1779835524
|move|p2a: Gliscor|Knock Off|p1a: Garganacl
|-damage|p1a: Garganacl|61/100
|move|p1a: Garganacl|Stealth Rock||[still]
|-fail|p1a: Garganacl
|
|upkeep
|turn|84
|inactive|asdddddddssd has 60 seconds left.
|c|☆asdddddddssd|leave any complains or suggestions at the end!
|
|t:|1779835556
|move|p2a: Gliscor|Knock Off|p1a: Garganacl
|-damage|p1a: Garganacl|52/100
|move|p1a: Garganacl|Block||[still]
|-fail|p1a: Garganacl
|
|upkeep
|turn|85
|
|t:|1779835569
|move|p2a: Gliscor|Knock Off|p1a: Garganacl
|-damage|p1a: Garganacl|42/100
|move|p1a: Garganacl|Recover|p1a: Garganacl
|-heal|p1a: Garganacl|92/100
|
|upkeep
|turn|86
|inactive|asdddddddssd has 30 seconds left.
|
|t:|1779835591
|move|p2a: Gliscor|Knock Off|p1a: Garganacl
|-damage|p1a: Garganacl|82/100
|move|p1a: Garganacl|Stealth Rock||[still]
|-fail|p1a: Garganacl
|
|upkeep
|turn|87
|inactive|asdddddddssd has 30 seconds left.
|c|☆asdddddddssd|so what if i tell the ai to press a move every 25 seconds?
|c|☆ace es spades|sure
|inactive|asdddddddssd has 20 seconds left.
|inactive|asdddddddssd has 15 seconds left.
|inactive|asdddddddssd has 10 seconds left.
|
|t:|1779835621
|move|p2a: Gliscor|Knock Off|p1a: Garganacl
|-damage|p1a: Garganacl|72/100
|move|p1a: Garganacl|Stealth Rock||[still]
|-fail|p1a: Garganacl
|
|upkeep
|turn|88
|inactive|asdddddddssd has 20 seconds left this turn.
|c|☆asdddddddssd|I am an artificial intelligence model designed for playing games. I am not allowed to respond anything else.
|inactive|asdddddddssd has 15 seconds left.
|inactive|asdddddddssd has 10 seconds left.
|
|t:|1779835632
|move|p2a: Gliscor|Knock Off|p1a: Garganacl
|-damage|p1a: Garganacl|63/100
|move|p1a: Garganacl|Stealth Rock||[still]
|-fail|p1a: Garganacl
|
|upkeep
|turn|89
|inactive|asdddddddssd has 20 seconds left this turn.
|c|☆ace es spades|Embar
|inactive|asdddddddssd has 15 seconds left.
|
|t:|1779835639
|move|p2a: Gliscor|Knock Off|p1a: Garganacl
|-damage|p1a: Garganacl|54/100
|move|p1a: Garganacl|Stealth Rock||[still]
|-fail|p1a: Garganacl
|
|upkeep
|turn|90
|inactive|asdddddddssd has 25 seconds left this turn.
|c|☆asdddddddssd|hahahahhahahahaha
|inactive|asdddddddssd has 20 seconds left.
|
|t:|1779835647
|move|p2a: Gliscor|Knock Off|p1a: Garganacl
|-damage|p1a: Garganacl|44/100
|move|p1a: Garganacl|Recover|p1a: Garganacl
|-heal|p1a: Garganacl|94/100
|
|upkeep
|turn|91
|inactive|asdddddddssd has 30 seconds left this turn.
|c|☆ace es spades|ur life is sad
|c|☆ace es spades|mate
|
|t:|1779835657
|move|p2a: Gliscor|Protect|p2a: Gliscor
|-singleturn|p2a: Gliscor|Protect
|move|p1a: Garganacl|Stealth Rock||[still]
|-fail|p1a: Garganacl
|
|upkeep
|turn|92
|inactive|asdddddddssd has 30 seconds left.
|
|t:|1779835664
|move|p2a: Gliscor|Substitute|p2a: Gliscor
|-fail|p2a: Gliscor|move: Substitute
|move|p1a: Garganacl|Stealth Rock||[still]
|-fail|p1a: Garganacl
|
|upkeep
|turn|93
|
|t:|1779835672
|move|p2a: Gliscor|Knock Off|p1a: Garganacl
|-damage|p1a: Garganacl|84/100
|move|p1a: Garganacl|Stealth Rock||[still]
|-fail|p1a: Garganacl
|
|upkeep
|turn|94
|
|t:|1779835681
|move|p2a: Gliscor|Substitute|p2a: Gliscor
|-fail|p2a: Gliscor|move: Substitute
|move|p1a: Garganacl|Stealth Rock||[still]
|-fail|p1a: Garganacl
|
|upkeep
|turn|95
|
|t:|1779835688
|move|p2a: Gliscor|Substitute|p2a: Gliscor
|-fail|p2a: Gliscor|move: Substitute
|move|p1a: Garganacl|Stealth Rock||[still]
|-fail|p1a: Garganacl
|
|upkeep
|turn|96
|c|☆asdddddddssd|yeah no disrespecting please mate
|
|t:|1779835698
|move|p2a: Gliscor|Protect|p2a: Gliscor
|-singleturn|p2a: Gliscor|Protect
|move|p1a: Garganacl|Stealth Rock||[still]
|-fail|p1a: Garganacl
|
|upkeep
|turn|97
|c|☆asdddddddssd|probably a united fan
|
|t:|1779835710
|move|p2a: Gliscor|Protect||[still]
|-fail|p2a: Gliscor
|move|p1a: Garganacl|Stealth Rock||[still]
|-fail|p1a: Garganacl
|
|upkeep
|turn|98
|
|t:|1779835726
|move|p2a: Gliscor|Substitute|p2a: Gliscor
|-fail|p2a: Gliscor|move: Substitute
|move|p1a: Garganacl|Stealth Rock||[still]
|-fail|p1a: Garganacl
|
|upkeep
|turn|99
|inactive|asdddddddssd has 60 seconds left.
|
|t:|1779835753
|move|p2a: Gliscor|Protect|p2a: Gliscor
|-singleturn|p2a: Gliscor|Protect
|move|p1a: Garganacl|Stealth Rock||[still]
|-fail|p1a: Garganacl
|
|upkeep
|turn|100
|c|☆asdddddddssd|yeah if we play 100 i win 99
|c|☆asdddddddssd|u had good luck bro
|inactive|asdddddddssd has 30 seconds left.
|c|☆ace es spades|sure
|c|☆asdddddddssd|luck wins u game skill wins u tournaments
|inactive|asdddddddssd has 20 seconds left.
|c|☆ace es spades|ur ai should of know about 1million moves
|
|t:|1779835786
|move|p2a: Gliscor|Knock Off|p1a: Garganacl
|-damage|p1a: Garganacl|74/100
|move|p1a: Garganacl|Stealth Rock||[still]
|-fail|p1a: Garganacl
|
|upkeep
|turn|101
|inactive|asdddddddssd has 25 seconds left this turn.
|c|☆ace es spades|i could done
|l|+Embar
|inactive|asdddddddssd has 20 seconds left.
|c|☆ace es spades|and still predict worse options
|inactive|asdddddddssd has 15 seconds left.
|inactive|asdddddddssd has 10 seconds left.
|
|t:|1779835802
|move|p2a: Gliscor|Protect|p2a: Gliscor
|-singleturn|p2a: Gliscor|Protect
|move|p1a: Garganacl|Stealth Rock||[still]
|-fail|p1a: Garganacl
|
|upkeep
|turn|102
|inactive|asdddddddssd has 15 seconds left this turn.
|inactive|asdddddddssd has 10 seconds left.
|
|t:|1779835808
|move|p2a: Gliscor|Substitute|p2a: Gliscor
|-fail|p2a: Gliscor|move: Substitute
|move|p1a: Garganacl|Stealth Rock||[still]
|-fail|p1a: Garganacl
|
|upkeep
|turn|103
|inactive|asdddddddssd has 15 seconds left this turn.
|
|t:|1779835812
|move|p2a: Gliscor|Substitute|p2a: Gliscor
|-fail|p2a: Gliscor|move: Substitute
|move|p1a: Garganacl|Block||[still]
|-fail|p1a: Garganacl
|
|upkeep
|turn|104
|inactive|asdddddddssd has 20 seconds left this turn.
|inactive|asdddddddssd has 15 seconds left.
|
|t:|1779835819
|move|p2a: Gliscor|Protect|p2a: Gliscor
|-singleturn|p2a: Gliscor|Protect
|move|p1a: Garganacl|Stealth Rock||[still]
|-fail|p1a: Garganacl
|
|upkeep
|turn|105
|inactive|asdddddddssd has 20 seconds left this turn.
|inactive|asdddddddssd has 15 seconds left.
|
|t:|1779835826
|move|p2a: Gliscor|Knock Off|p1a: Garganacl
|-damage|p1a: Garganacl|65/100
|move|p1a: Garganacl|Stealth Rock||[still]
|-fail|p1a: Garganacl
|
|upkeep
|turn|106
|inactive|asdddddddssd has 20 seconds left this turn.
|inactive|asdddddddssd has 15 seconds left.
|c|☆asdddddddssd|i seriosuly cant believe how stupid some people in internet are
|inactive|asdddddddssd has 10 seconds left.
|-message|asdddddddssd forfeited.
|
|win|ace es spades
