|j|☆bvcnmkor85471
|j|☆holabounjourmf12
|t:|1779883715
|gametype|singles
|player|p1|bvcnmkor85471|policeman-gen4|1188
|player|p2|holabounjourmf12|169|1189
|gen|9
|tier|[Gen 9] OU
|rated|
|rule|HP Percentage Mod: HP is shown in percentages
|rule|Endless Battle Clause: Forcing endless battles is banned
|rule|Species Clause: Limit one of each Pokémon
|rule|OHKO Clause: OHKO moves are banned
|rule|Evasion Items Clause: Evasion items are banned
|rule|Evasion Moves Clause: Evasion moves are banned
|rule|Evasion Abilities Clause: Evasion abilities are banned
|rule|Sleep Moves Clause: Sleep-inducing moves are banned
|clearpoke
|poke|p1|Tyranitar, F|
|poke|p1|Houndstone, M|
|poke|p1|Tsareena, F|
|poke|p1|Great Tusk|
|poke|p1|Tornadus-Therian, M|
|poke|p1|Rotom-Wash|
|poke|p2|Great Tusk|
|poke|p2|Gholdengo|
|poke|p2|Kingambit, F|
|poke|p2|Iron Valiant|
|poke|p2|Dragapult, M|
|poke|p2|Raging Bolt|
|teampreview
|
|t:|1779883745
|teamsize|p1|6
|teamsize|p2|6
|start
|switch|p1a: Tornadus|Tornadus-Therian, M, shiny|100/100
|switch|p2a: Great Tusk|Great Tusk, shiny|100/100
|turn|1
|
|t:|1779883752
|move|p1a: Tornadus|Bleakwind Storm|p2a: Great Tusk
|-supereffective|p2a: Great Tusk
|-damage|p2a: Great Tusk|0 fnt
|faint|p2a: Great Tusk
|-end|p2a: Great Tusk|Protosynthesis|[silent]
|
|upkeep
|
|t:|1779883757
|switch|p2a: Raging Bolt|Raging Bolt|100/100
|turn|2
|
|t:|1779883763
|switch|p1a: Tyranitar|Tyranitar, F|100/100
|-weather|Sandstorm|[from] ability: Sand Stream|[of] p1a: Tyranitar
|move|p2a: Raging Bolt|Thunderclap||[still]
|-fail|p2a: Raging Bolt
|
|-weather|Sandstorm|[upkeep]
|-damage|p2a: Raging Bolt|94/100|[from] Sandstorm
|-heal|p2a: Raging Bolt|100/100|[from] item: Leftovers
|upkeep
|turn|3
|
|t:|1779883771
|move|p2a: Raging Bolt|Dragon Pulse|p1a: Tyranitar
|-damage|p1a: Tyranitar|80/100
|move|p1a: Tyranitar|Knock Off|p2a: Raging Bolt
|-damage|p2a: Raging Bolt|59/100
|-enditem|p2a: Raging Bolt|Leftovers|[from] move: Knock Off|[of] p1a: Tyranitar
|
|-weather|Sandstorm|[upkeep]
|-damage|p2a: Raging Bolt|53/100|[from] Sandstorm
|upkeep
|turn|4
|
|t:|1779883784
|switch|p1a: Tornadus|Tornadus-Therian, M, shiny|100/100
|move|p2a: Raging Bolt|Volt Switch|p1a: Tornadus
|-supereffective|p1a: Tornadus
|-damage|p1a: Tornadus|28/100
|
|t:|1779883788
|-end|p2a: Raging Bolt|Protosynthesis|[silent]
|switch|p2a: Iron Valiant|Iron Valiant|100/100|[from] Volt Switch
|-enditem|p2a: Iron Valiant|Booster Energy
|-activate|p2a: Iron Valiant|ability: Quark Drive|[fromitem]
|-start|p2a: Iron Valiant|quarkdrivespe
|
|-weather|Sandstorm|[upkeep]
|-damage|p2a: Iron Valiant|94/100|[from] Sandstorm
|-damage|p1a: Tornadus|22/100|[from] Sandstorm
|upkeep
|turn|5
|
|t:|1779883799
|switch|p1a: Rotom|Rotom-Wash|100/100
|move|p2a: Iron Valiant|Thunderbolt|p1a: Rotom
|-damage|p1a: Rotom|68/100
|
|-weather|Sandstorm|[upkeep]
|-damage|p2a: Iron Valiant|88/100|[from] Sandstorm
|-damage|p1a: Rotom|62/100|[from] Sandstorm
|-heal|p1a: Rotom|68/100|[from] item: Leftovers
|upkeep
|turn|6
|
|t:|1779883812
|move|p2a: Iron Valiant|Moonblast|p1a: Rotom
|-damage|p1a: Rotom|20/100
|move|p1a: Rotom|Hydro Pump|p2a: Iron Valiant
|-damage|p2a: Iron Valiant|0 fnt
|faint|p2a: Iron Valiant
|-end|p2a: Iron Valiant|Quark Drive|[silent]
|
|-weather|Sandstorm|[upkeep]
|-damage|p1a: Rotom|14/100|[from] Sandstorm
|-heal|p1a: Rotom|20/100|[from] item: Leftovers
|upkeep
|
|t:|1779883819
|switch|p2a: Raging Bolt|Raging Bolt|53/100
|turn|7
|
|t:|1779883831
|move|p2a: Raging Bolt|Thunderclap||[still]
|-fail|p2a: Raging Bolt
|move|p1a: Rotom|Pain Split|p2a: Raging Bolt
|-sethp|p2a: Raging Bolt|34/100|[from] move: Pain Split|[silent]
|-sethp|p1a: Rotom|45/100|[from] move: Pain Split
|
|-weather|Sandstorm|[upkeep]
|-damage|p2a: Raging Bolt|28/100|[from] Sandstorm
|-damage|p1a: Rotom|39/100|[from] Sandstorm
|-heal|p1a: Rotom|45/100|[from] item: Leftovers
|upkeep
|turn|8
|
|t:|1779883840
|move|p2a: Raging Bolt|Dragon Pulse|p1a: Rotom
|-damage|p1a: Rotom|0 fnt
|faint|p1a: Rotom
|
|-weather|Sandstorm|[upkeep]
|-damage|p2a: Raging Bolt|22/100|[from] Sandstorm
|upkeep
|
|t:|1779883844
|switch|p1a: Houndstone|Houndstone, M, shiny|100/100
|turn|9
|-message|holabounjourmf12 forfeited.
|
|win|bvcnmkor85471
|raw|bvcnmkor85471's rating: 1188 &rarr; <strong>1213</strong><br />(+25 for winning)
|raw|holabounjourmf12's rating: 1189 &rarr; <strong>1164</strong><br />(-25 for losing)
|l|☆holabounjourmf12
|player|p2|
|l|☆bvcnmkor85471
|player|p1|
