|j|☆GabrielaVitoria016
|j|☆Hike Mawk
|t:|1779808747
|gametype|singles
|player|p1|GabrielaVitoria016|2|1264
|player|p2|Hike Mawk|riley|1273
|gen|9
|tier|[Gen 9] OU
|rated|
|rule|HP Percentage Mod: HP is shown in percentages
|rule|Endless Battle Clause: Forcing endless battles is banned
|rule|Species Clause: Limit one of each Pokémon
|rule|OHKO Clause: OHKO moves are banned
|rule|Evasion Items Clause: Evasion items are banned
|rule|Evasion Moves Clause: Evasion moves are banned
|rule|Evasion Abilities Clause: Evasion abilities are banned
|rule|Sleep Moves Clause: Sleep-inducing moves are banned
|clearpoke
|poke|p1|Masquerain, F|
|poke|p1|Kingambit, M|
|poke|p1|Landorus-Therian, M|
|poke|p1|Hatterene, F|
|poke|p1|Iron Valiant|
|poke|p1|Toxtricity, M|
|poke|p2|Gliscor, M|
|poke|p2|Clefable, F|
|poke|p2|Corviknight, M|
|poke|p2|Blissey, F|
|poke|p2|Forretress, F|
|poke|p2|Garganacl, F|
|teampreview
|
|t:|1779808752
|teamsize|p1|6
|teamsize|p2|6
|start
|switch|p1a: Oh-oh|Masquerain, F|100/100
|switch|p2a: Rocki|Garganacl, F, shiny|100/100
|-ability|p1a: Oh-oh|Intimidate|boost
|-unboost|p2a: Rocki|atk|1
|turn|1
|inactive|Battle timer is ON: inactive players will automatically lose when time's up. (requested by Hike Mawk)
|
|t:|1779808760
|move|p1a: Oh-oh|Sticky Web|p2a: Rocki
|-sidestart|p2: Hike Mawk|move: Sticky Web
|move|p2a: Rocki|Salt Cure|p1a: Oh-oh
|-supereffective|p1a: Oh-oh
|-damage|p1a: Oh-oh|15/100
|-start|p1a: Oh-oh|Salt Cure
|
|-damage|p1a: Oh-oh|3/100|[from] Salt Cure
|upkeep
|turn|2
|
|t:|1779808767
|switch|p1a: Yesterday|Landorus-Therian, M|100/100
|-ability|p1a: Yesterday|Intimidate|boost
|-unboost|p2a: Rocki|atk|1
|move|p2a: Rocki|Stealth Rock|p1a: Yesterday
|-sidestart|p1: GabrielaVitoria016|move: Stealth Rock
|
|upkeep
|turn|3
|
|t:|1779808771
|switch|p2a: Azulor|Gliscor, M, shiny|100/100
|move|p1a: Yesterday|Earthquake|p2a: Azulor
|-immune|p2a: Azulor
|
|-status|p2a: Azulor|tox|[from] item: Toxic Orb
|upkeep
|turn|4
|
|t:|1779808774
|move|p1a: Yesterday|Taunt|p2a: Azulor
|-start|p2a: Azulor|move: Taunt
|move|p2a: Azulor|Fling|p1a: Yesterday
|-damage|p1a: Yesterday|89/100
|-status|p1a: Yesterday|tox
|-enditem|p2a: Azulor|Toxic Orb|[from] move: Fling
|
|-heal|p1a: Yesterday|95/100 tox|[from] item: Leftovers
|-damage|p1a: Yesterday|89/100 tox|[from] psn
|upkeep
|turn|5
|
|t:|1779808786
|move|p1a: Yesterday|Stealth Rock|p2a: Azulor
|-sidestart|p2: Hike Mawk|move: Stealth Rock
|move|p2a: Azulor|Acrobatics|p1a: Yesterday
|-damage|p1a: Yesterday|34/100 tox
|
|-heal|p1a: Yesterday|40/100 tox|[from] item: Leftovers
|-damage|p1a: Yesterday|28/100 tox|[from] psn
|upkeep
|turn|6
|
|t:|1779808793
|move|p1a: Yesterday|U-turn|p2a: Azulor
|-resisted|p2a: Azulor
|-damage|p2a: Azulor|88/100 tox
|
|t:|1779808803
|switch|p1a: Palmada|Hatterene, F|100/100|[from] U-turn
|-damage|p1a: Palmada|88/100|[from] Stealth Rock
|move|p2a: Azulor|Acrobatics|p1a: Palmada
|-damage|p1a: Palmada|31/100
|
|-heal|p1a: Palmada|37/100|[from] item: Leftovers
|-heal|p2a: Azulor|100/100 tox|[from] ability: Poison Heal
|-end|p2a: Azulor|move: Taunt
|upkeep
|turn|7
|
|t:|1779808808
|move|p2a: Azulor|Acrobatics|p1a: Palmada
|-damage|p1a: Palmada|0 fnt
|faint|p1a: Palmada
|
|upkeep
|
|t:|1779808821
|switch|p1a: Zoro|Iron Valiant|100/100
|-damage|p1a: Zoro|94/100|[from] Stealth Rock
|turn|8
|
|t:|1779808829
|-terastallize|p1a: Zoro|Steel
|move|p1a: Zoro|Moonblast|p2a: Azulor
|-damage|p2a: Azulor|29/100 tox
|-damage|p1a: Zoro|85/100|[from] item: Life Orb
|move|p2a: Azulor|Acrobatics|p1a: Zoro
|-resisted|p1a: Zoro
|-damage|p1a: Zoro|51/100
|
|-heal|p2a: Azulor|41/100 tox|[from] ability: Poison Heal
|upkeep
|turn|9
|
|t:|1779808851
|switch|p2a: Goldenuke|Forretress, F, shiny|100/100
|move|p1a: Zoro|Moonblast|p2a: Goldenuke
|-resisted|p2a: Goldenuke
|-damage|p2a: Goldenuke|59/100
|-damage|p1a: Zoro|42/100|[from] item: Life Orb
|
|upkeep
|turn|10
|
|t:|1779808857
|move|p1a: Zoro|Close Combat|p2a: Goldenuke
|-damage|p2a: Goldenuke|24/100
|-unboost|p1a: Zoro|def|1
|-unboost|p1a: Zoro|spd|1
|-damage|p1a: Zoro|32/100|[from] item: Life Orb
|move|p2a: Goldenuke|Body Press|p1a: Zoro
|-supereffective|p1a: Zoro
|-damage|p1a: Zoro|0 fnt
|faint|p1a: Zoro
|-end|p1a: Zoro|Quark Drive|[silent]
|
|upkeep
|
|t:|1779808867
|switch|p1a: Chack Chack|Kingambit, M, shiny|100/100
|-activate|p1a: Chack Chack|ability: Supreme Overlord
|-start|p1a: Chack Chack|fallen2|[silent]
|turn|11
|
|t:|1779808869
|move|p1a: Chack Chack|Swords Dance|p1a: Chack Chack
|-boost|p1a: Chack Chack|atk|2
|move|p2a: Goldenuke|Body Press|p1a: Chack Chack
|-supereffective|p1a: Chack Chack
|-damage|p1a: Chack Chack|8/100
|
|upkeep
|turn|12
|
|t:|1779808872
|move|p1a: Chack Chack|Sucker Punch|p2a: Goldenuke
|-damage|p2a: Goldenuke|0 fnt
|faint|p2a: Goldenuke
|
|upkeep
|
|t:|1779808895
|switch|p2a: Cleffairable|Clefable, F, shiny|100/100
|turn|13
|
|t:|1779808904
|-end|p1a: Chack Chack|fallen2|[silent]
|switch|p1a: Yesterday|Landorus-Therian, M|28/100 tox
|-damage|p1a: Yesterday|16/100 tox|[from] Stealth Rock
|-ability|p1a: Yesterday|Intimidate|boost
|-unboost|p2a: Cleffairable|atk|1
|-terastallize|p2a: Cleffairable|Fire
|move|p2a: Cleffairable|Flamethrower|p1a: Yesterday
|-damage|p1a: Yesterday|0 fnt
|faint|p1a: Yesterday
|
|upkeep
|
|t:|1779808918
|switch|p1a: Bebê Chorão|Toxtricity, M, shiny|100/100
|-damage|p1a: Bebê Chorão|88/100|[from] Stealth Rock
|turn|14
|
|t:|1779808921
|move|p1a: Bebê Chorão|Shift Gear|p1a: Bebê Chorão
|-boost|p1a: Bebê Chorão|spe|2
|-boost|p1a: Bebê Chorão|atk|1
|move|p2a: Cleffairable|Flamethrower|p1a: Bebê Chorão
|-damage|p1a: Bebê Chorão|33/100
|
|upkeep
|turn|15
|
|t:|1779808923
|move|p1a: Bebê Chorão|Boomburst|p2a: Cleffairable
|-damage|p2a: Cleffairable|31/100
|-enditem|p1a: Bebê Chorão|Throat Spray
|-boost|p1a: Bebê Chorão|spa|1|[from] item: Throat Spray
|move|p2a: Cleffairable|Flamethrower|p1a: Bebê Chorão
|-damage|p1a: Bebê Chorão|0 fnt
|faint|p1a: Bebê Chorão
|
|upkeep
|
|t:|1779808928
|switch|p1a: Chack Chack|Kingambit, M, shiny|8/100
|-activate|p1a: Chack Chack|ability: Supreme Overlord
|-start|p1a: Chack Chack|fallen4|[silent]
|turn|16
|
|t:|1779808930
|move|p1a: Chack Chack|Sucker Punch|p2a: Cleffairable
|-damage|p2a: Cleffairable|0 fnt
|faint|p2a: Cleffairable
|
|upkeep
|
|t:|1779808945
|switch|p2a: Azulor|Gliscor, M, shiny|41/100 tox
|-damage|p2a: Azulor|29/100 tox|[from] Stealth Rock
|turn|17
|
|t:|1779808950
|move|p1a: Chack Chack|Sucker Punch|p2a: Azulor
|-damage|p2a: Azulor|0 fnt
|faint|p2a: Azulor
|
|upkeep
|
|t:|1779808955
|switch|p2a: Rookidon|Corviknight, M|100/100
|-damage|p2a: Rookidon|88/100|[from] Stealth Rock
|turn|18
|
|t:|1779808958
|move|p2a: Rookidon|Bulk Up|p2a: Rookidon
|-boost|p2a: Rookidon|atk|1
|-boost|p2a: Rookidon|def|1
|move|p1a: Chack Chack|Low Kick|p2a: Rookidon
|-damage|p2a: Rookidon|63/100
|
|upkeep
|turn|19
|
|t:|1779808965
|move|p1a: Chack Chack|Sucker Punch|p2a: Rookidon
|-damage|p2a: Rookidon|32/100
|move|p2a: Rookidon|Power Trip|p1a: Chack Chack
|-resisted|p1a: Chack Chack
|-damage|p1a: Chack Chack|0 fnt
|faint|p1a: Chack Chack
|-end|p1a: Chack Chack|fallen4|[silent]
|
|upkeep
|
|t:|1779808968
|switch|p1a: Oh-oh|Masquerain, F|3/100
|-damage|p1a: Oh-oh|0 fnt|[from] Stealth Rock
|faint|p1a: Oh-oh
|
|win|Hike Mawk
|raw|GabrielaVitoria016's rating: 1264 &rarr; <strong>1240</strong><br />(-24 for losing)
|raw|Hike Mawk's rating: 1273 &rarr; <strong>1297</strong><br />(+24 for winning)
|l|☆GabrielaVitoria016
|player|p1|
|c|☆Hike Mawk|GGs
