|j|☆its tetover
|j|☆Davy12345
|t:|1779947724
|gametype|singles
|player|p1|its tetover|gardenia|1601
|player|p2|Davy12345|drayden|1517
|gen|9
|tier|[Gen 9] OU
|rated|
|rule|HP Percentage Mod: HP is shown in percentages
|rule|Endless Battle Clause: Forcing endless battles is banned
|rule|Species Clause: Limit one of each Pokémon
|rule|OHKO Clause: OHKO moves are banned
|rule|Evasion Items Clause: Evasion items are banned
|rule|Evasion Moves Clause: Evasion moves are banned
|rule|Evasion Abilities Clause: Evasion abilities are banned
|rule|Sleep Moves Clause: Sleep-inducing moves are banned
|clearpoke
|poke|p1|Ribombee, F|
|poke|p1|Brambleghast, F|
|poke|p1|Pawmot, M|
|poke|p1|Kyurem|
|poke|p1|Ursaluna, M|
|poke|p1|Tornadus, M|
|poke|p2|Sandy Shocks|
|poke|p2|Ogerpon, F|
|poke|p2|Latios, M|
|poke|p2|Scizor, M|
|poke|p2|Manaphy|
|poke|p2|Iron Jugulis|
|teampreview
|inactive|Battle timer is ON: inactive players will automatically lose when time's up. (requested by Davy12345)
|
|t:|1779947740
|teamsize|p1|6
|teamsize|p2|6
|start
|switch|p1a: Ribombee|Ribombee, F|100/100
|switch|p2a: Iron Jugulis|Iron Jugulis|100/100
|-enditem|p2a: Iron Jugulis|Booster Energy
|-activate|p2a: Iron Jugulis|ability: Quark Drive|[fromitem]
|-start|p2a: Iron Jugulis|quarkdrivespe
|turn|1
|
|t:|1779947744
|move|p2a: Iron Jugulis|Taunt|p1a: Ribombee
|-start|p1a: Ribombee|move: Taunt
|move|p1a: Ribombee|Moonblast|p2a: Iron Jugulis
|-supereffective|p2a: Iron Jugulis
|-damage|p2a: Iron Jugulis|21/100
|-unboost|p2a: Iron Jugulis|spa|1
|
|upkeep
|turn|2
|
|t:|1779947751
|switch|p1a: Kyurem|Kyurem|100/100
|-ability|p1a: Kyurem|Pressure
|move|p2a: Iron Jugulis|Hurricane|p1a: Kyurem
|-damage|p1a: Kyurem|81/100
|
|upkeep
|turn|3
|
|t:|1779947756
|move|p2a: Iron Jugulis|Dark Pulse|p1a: Kyurem
|-damage|p1a: Kyurem|65/100
|cant|p1a: Kyurem|flinch
|
|upkeep
|turn|4
|
|t:|1779947762
|move|p2a: Iron Jugulis|Dark Pulse|p1a: Kyurem
|-damage|p1a: Kyurem|50/100
|move|p1a: Kyurem|Ice Beam|p2a: Iron Jugulis
|-supereffective|p2a: Iron Jugulis
|-damage|p2a: Iron Jugulis|0 fnt
|faint|p2a: Iron Jugulis
|-end|p2a: Iron Jugulis|Quark Drive|[silent]
|
|upkeep
|
|t:|1779947770
|switch|p2a: Sandy Shocks|Sandy Shocks|100/100
|-enditem|p2a: Sandy Shocks|Booster Energy
|-activate|p2a: Sandy Shocks|ability: Protosynthesis|[fromitem]
|-start|p2a: Sandy Shocks|protosynthesisspe
|turn|5
|
|t:|1779947775
|move|p2a: Sandy Shocks|Stealth Rock|p1a: Kyurem
|-sidestart|p1: its tetover|move: Stealth Rock
|move|p1a: Kyurem|Ice Beam|p2a: Sandy Shocks
|-supereffective|p2a: Sandy Shocks
|-damage|p2a: Sandy Shocks|0 fnt
|faint|p2a: Sandy Shocks
|-end|p2a: Sandy Shocks|Protosynthesis|[silent]
|
|upkeep
|
|t:|1779947783
|switch|p2a: Scizor|Scizor, M|100/100
|turn|6
|j| testingrainteam1
|
|t:|1779947789
|move|p2a: Scizor|Bullet Punch|p1a: Kyurem
|-supereffective|p1a: Kyurem
|-damage|p1a: Kyurem|0 fnt
|faint|p1a: Kyurem
|
|upkeep
|l| testingrainteam1
|
|t:|1779947798
|switch|p1a: Tornadus|Tornadus, M|100/100
|-damage|p1a: Tornadus|76/100|[from] Stealth Rock
|turn|7
|
|t:|1779947802
|-terastallize|p2a: Scizor|Fire
|move|p1a: Tornadus|Tailwind|p1a: Tornadus
|-sidestart|p1: its tetover|move: Tailwind
|move|p2a: Scizor|Swords Dance|p2a: Scizor
|-boost|p2a: Scizor|atk|2
|
|upkeep
|turn|8
|j| jsnsddk
|
|t:|1779947810
|move|p2a: Scizor|Bullet Punch|p1a: Tornadus
|-damage|p1a: Tornadus|0 fnt
|faint|p1a: Tornadus
|
|upkeep
|
|t:|1779947814
|switch|p1a: Ursaluna|Ursaluna, M|100/100
|-damage|p1a: Ursaluna|94/100|[from] Stealth Rock
|turn|9
|l| jsnsddk
|
|t:|1779947832
|switch|p2a: Ogerpon|Ogerpon, F|100/100
|move|p1a: Ursaluna|Headlong Rush|p2a: Ogerpon
|-resisted|p2a: Ogerpon
|-crit|p2a: Ogerpon
|-damage|p2a: Ogerpon|31/100
|-unboost|p1a: Ursaluna|def|1
|-unboost|p1a: Ursaluna|spd|1
|
|-status|p1a: Ursaluna|brn|[from] item: Flame Orb
|upkeep
|turn|10
|
|t:|1779947837
|move|p1a: Ursaluna|Facade|p2a: Ogerpon
|-damage|p2a: Ogerpon|0 fnt
|faint|p2a: Ogerpon
|
|-damage|p1a: Ursaluna|88/100 brn|[from] brn
|-sideend|p1: its tetover|move: Tailwind
|upkeep
|j| jsnsddk
|
|t:|1779947844
|switch|p2a: Manaphy|Manaphy|100/100
|turn|11
|
|t:|1779947852
|switch|p1a: Brambleghast|Brambleghast, F|100/100
|-damage|p1a: Brambleghast|88/100|[from] Stealth Rock
|move|p2a: Manaphy|Ice Beam|p1a: Brambleghast
|-supereffective|p1a: Brambleghast
|-damage|p1a: Brambleghast|0 fnt
|faint|p1a: Brambleghast
|
|upkeep
|
|t:|1779947858
|switch|p1a: Ribombee|Ribombee, F|100/100
|-damage|p1a: Ribombee|76/100|[from] Stealth Rock
|turn|12
|
|t:|1779947864
|switch|p2a: Scizor|Scizor, M, tera:Fire|100/100
|move|p1a: Ribombee|Tailwind|p1a: Ribombee
|-sidestart|p1: its tetover|move: Tailwind
|
|upkeep
|turn|13
|
|t:|1779947870
|switch|p1a: Pawmot|Pawmot, M|100/100
|-damage|p1a: Pawmot|94/100|[from] Stealth Rock
|move|p2a: Scizor|Swords Dance|p2a: Scizor
|-boost|p2a: Scizor|atk|2
|
|upkeep
|turn|14
|
|t:|1779947880
|-terastallize|p1a: Pawmot|Electric
|move|p1a: Pawmot|Double Shock|p2a: Scizor
|-damage|p2a: Scizor|7/100
|-start|p1a: Pawmot|typechange|Electric|[from] move: Double Shock
|-enditem|p2a: Scizor|Sitrus Berry|[eat]
|-heal|p2a: Scizor|32/100|[from] item: Sitrus Berry
|-damage|p1a: Pawmot|85/100|[from] item: Life Orb
|move|p2a: Scizor|Close Combat|p1a: Pawmot
|-damage|p1a: Pawmot|0 fnt
|-unboost|p2a: Scizor|def|1
|-unboost|p2a: Scizor|spd|1
|faint|p1a: Pawmot
|
|upkeep
|
|t:|1779947885
|switch|p1a: Ursaluna|Ursaluna, M|88/100 brn
|-damage|p1a: Ursaluna|82/100 brn|[from] Stealth Rock
|turn|15
|
|t:|1779947890
|move|p2a: Scizor|Bullet Punch|p1a: Ursaluna
|-damage|p1a: Ursaluna|28/100 brn
|move|p1a: Ursaluna|Facade|p2a: Scizor
|-damage|p2a: Scizor|0 fnt
|faint|p2a: Scizor
|
|-damage|p1a: Ursaluna|21/100 brn|[from] brn
|-sideend|p1: its tetover|move: Tailwind
|upkeep
|
|t:|1779947897
|switch|p2a: Manaphy|Manaphy|100/100
|turn|16
|inactive|its tetover has 120 seconds left.
|l| jsnsddk
|
|t:|1779947951
|switch|p1a: Ribombee|Ribombee, F|76/100
|-damage|p1a: Ribombee|51/100|[from] Stealth Rock
|move|p2a: Manaphy|Surf|p1a: Ribombee
|-damage|p1a: Ribombee|0 fnt
|faint|p1a: Ribombee
|
|upkeep
|
|t:|1779947953
|switch|p1a: Ursaluna|Ursaluna, M|21/100 brn
|-damage|p1a: Ursaluna|15/100 brn|[from] Stealth Rock
|turn|17
|
|t:|1779947958
|move|p2a: Manaphy|Surf|p1a: Ursaluna
|-supereffective|p1a: Ursaluna
|-damage|p1a: Ursaluna|0 fnt
|faint|p1a: Ursaluna
|
|win|Davy12345
|raw|its tetover's rating: 1601 &rarr; <strong>1576</strong><br />(-25 for losing)
|raw|Davy12345's rating: 1517 &rarr; <strong>1542</strong><br />(+25 for winning)
|l|☆its tetover
|player|p1|
|l|☆Davy12345
|player|p2|
|j| jsnsddk
|l| jsnsddk
