|j|☆Kogasscarf
|j|☆babyshark974
|t:|1779806631
|gametype|singles
|player|p1|Kogasscarf|koga|1342
|player|p2|babyshark974|benga|1438
|gen|9
|tier|[Gen 9] OU
|rated|
|rule|HP Percentage Mod: HP is shown in percentages
|rule|Endless Battle Clause: Forcing endless battles is banned
|rule|Species Clause: Limit one of each Pokémon
|rule|OHKO Clause: OHKO moves are banned
|rule|Evasion Items Clause: Evasion items are banned
|rule|Evasion Moves Clause: Evasion moves are banned
|rule|Evasion Abilities Clause: Evasion abilities are banned
|rule|Sleep Moves Clause: Sleep-inducing moves are banned
|clearpoke
|poke|p1|Deoxys-Speed|
|poke|p1|Iron Treads|
|poke|p1|Zamazenta-*|
|poke|p1|Iron Moth|
|poke|p1|Dragonite, F|
|poke|p1|Gholdengo|
|poke|p2|Flamigo, F|
|poke|p2|Iron Valiant|
|poke|p2|Glimmora, M|
|poke|p2|Kingambit, M|
|poke|p2|Ting-Lu|
|poke|p2|Dragapult, F|
|teampreview
|inactive|Battle timer is ON: inactive players will automatically lose when time's up. (requested by Kogasscarf)
|inactive|babyshark974 has 120 seconds left.
|
|t:|1779806671
|teamsize|p1|6
|teamsize|p2|6
|start
|switch|p1a: Deoxys|Deoxys-Speed, shiny|100/100
|switch|p2a: Flamigo|Flamigo, F, shiny|100/100
|-ability|p1a: Deoxys|Pressure
|turn|1
|
|t:|1779806681
|switch|p2a: Ting-Lu|Ting-Lu|100/100
|-ability|p2a: Ting-Lu|Vessel of Ruin
|move|p1a: Deoxys|Reflect|p1a: Deoxys
|-sidestart|p1: Kogasscarf|Reflect
|
|upkeep
|turn|2
|
|t:|1779806697
|move|p1a: Deoxys|Light Screen|p1a: Deoxys
|-sidestart|p1: Kogasscarf|move: Light Screen
|move|p2a: Ting-Lu|Ruination|p1a: Deoxys|[miss]
|-miss|p2a: Ting-Lu|p1a: Deoxys
|
|upkeep
|turn|3
|
|t:|1779806709
|move|p1a: Deoxys|Ice Beam|p2a: Ting-Lu
|-supereffective|p2a: Ting-Lu
|-damage|p2a: Ting-Lu|76/100
|move|p2a: Ting-Lu|Spikes|p1a: Deoxys
|-sidestart|p1: Kogasscarf|Spikes
|
|-heal|p2a: Ting-Lu|83/100|[from] item: Leftovers
|upkeep
|turn|4
|
|t:|1779806719
|move|p1a: Deoxys|Ice Beam|p2a: Ting-Lu
|-supereffective|p2a: Ting-Lu
|-damage|p2a: Ting-Lu|58/100
|-status|p2a: Ting-Lu|frz
|cant|p2a: Ting-Lu|frz
|
|-heal|p2a: Ting-Lu|64/100 frz|[from] item: Leftovers
|upkeep
|turn|5
|
|t:|1779806724
|switch|p1a: Iron Moth|Iron Moth|100/100
|-damage|p1a: Iron Moth|88/100|[from] Spikes
|cant|p2a: Ting-Lu|frz
|
|-heal|p2a: Ting-Lu|70/100 frz|[from] item: Leftovers
|upkeep
|turn|6
|inactive|Kogasscarf has 120 seconds left.
|
|t:|1779806776
|move|p1a: Iron Moth|Fiery Dance|p2a: Ting-Lu
|-damage|p2a: Ting-Lu|43/100 frz
|-curestatus|p2a: Ting-Lu|frz|[msg]
|move|p2a: Ting-Lu|Whirlwind|p1a: Iron Moth
|-end|p1a: Iron Moth|Quark Drive|[silent]
|drag|p1a: Iron Treads|Iron Treads|100/100
|-damage|p1a: Iron Treads|88/100|[from] Spikes
|
|-heal|p2a: Ting-Lu|49/100|[from] item: Leftovers
|upkeep
|turn|7
|
|t:|1779806785
|move|p1a: Iron Treads|Steel Beam|p2a: Ting-Lu
|-damage|p2a: Ting-Lu|30/100
|-damage|p1a: Iron Treads|38/100|[from] steelbeam
|move|p2a: Ting-Lu|Earthquake|p1a: Iron Treads
|-supereffective|p1a: Iron Treads
|-damage|p1a: Iron Treads|7/100
|
|-heal|p2a: Ting-Lu|36/100|[from] item: Leftovers
|upkeep
|turn|8
|
|t:|1779806803
|move|p1a: Iron Treads|Stealth Rock|p2a: Ting-Lu
|-sidestart|p2: babyshark974|move: Stealth Rock
|move|p2a: Ting-Lu|Spikes|p1a: Iron Treads
|-sidestart|p1: Kogasscarf|Spikes
|
|-heal|p2a: Ting-Lu|42/100|[from] item: Leftovers
|-sideend|p1: Kogasscarf|Reflect
|upkeep
|turn|9
|
|t:|1779806810
|move|p1a: Iron Treads|Rapid Spin|p2a: Ting-Lu
|-damage|p2a: Ting-Lu|36/100
|-boost|p1a: Iron Treads|spe|1
|-sideend|p1: Kogasscarf|Spikes|[from] move: Rapid Spin|[of] p1a: Iron Treads
|move|p2a: Ting-Lu|Spikes|p1a: Iron Treads
|-sidestart|p1: Kogasscarf|Spikes
|
|-heal|p2a: Ting-Lu|42/100|[from] item: Leftovers
|-sideend|p1: Kogasscarf|move: Light Screen
|upkeep
|turn|10
|inactive|Kogasscarf has 120 seconds left.
|
|t:|1779806819
|move|p1a: Iron Treads|Rapid Spin|p2a: Ting-Lu
|-damage|p2a: Ting-Lu|36/100
|-boost|p1a: Iron Treads|spe|1
|-sideend|p1: Kogasscarf|Spikes|[from] move: Rapid Spin|[of] p1a: Iron Treads
|move|p2a: Ting-Lu|Spikes|p1a: Iron Treads
|-sidestart|p1: Kogasscarf|Spikes
|
|-heal|p2a: Ting-Lu|42/100|[from] item: Leftovers
|upkeep
|turn|11
|
|t:|1779806824
|move|p1a: Iron Treads|Rapid Spin|p2a: Ting-Lu
|-damage|p2a: Ting-Lu|35/100
|-boost|p1a: Iron Treads|spe|1
|-sideend|p1: Kogasscarf|Spikes|[from] move: Rapid Spin|[of] p1a: Iron Treads
|move|p2a: Ting-Lu|Spikes|p1a: Iron Treads
|-sidestart|p1: Kogasscarf|Spikes
|
|-heal|p2a: Ting-Lu|41/100|[from] item: Leftovers
|upkeep
|turn|12
|
|t:|1779806833
|move|p1a: Iron Treads|Rapid Spin|p2a: Ting-Lu
|-damage|p2a: Ting-Lu|35/100
|-boost|p1a: Iron Treads|spe|1
|-sideend|p1: Kogasscarf|Spikes|[from] move: Rapid Spin|[of] p1a: Iron Treads
|move|p2a: Ting-Lu|Spikes|p1a: Iron Treads
|-sidestart|p1: Kogasscarf|Spikes
|
|-heal|p2a: Ting-Lu|41/100|[from] item: Leftovers
|upkeep
|turn|13
|
|t:|1779806843
|move|p1a: Iron Treads|Rapid Spin|p2a: Ting-Lu
|-damage|p2a: Ting-Lu|35/100
|-boost|p1a: Iron Treads|spe|1
|-sideend|p1: Kogasscarf|Spikes|[from] move: Rapid Spin|[of] p1a: Iron Treads
|move|p2a: Ting-Lu|Whirlwind|p1a: Iron Treads
|-end|p1a: Iron Treads|Quark Drive|[silent]
|drag|p1a: Zamazenta|Zamazenta, shiny|100/100
|-ability|p1a: Zamazenta|Dauntless Shield|boost
|-boost|p1a: Zamazenta|def|1
|
|-heal|p2a: Ting-Lu|42/100|[from] item: Leftovers
|upkeep
|turn|14
|
|t:|1779806849
|switch|p2a: Glimmora|Glimmora, M|100/100
|-damage|p2a: Glimmora|88/100|[from] Stealth Rock
|move|p1a: Zamazenta|Body Press|p2a: Glimmora
|-damage|p2a: Glimmora|41/100
|-activate|p2a: Glimmora|ability: Toxic Debris
|-sidestart|p1: Kogasscarf|move: Toxic Spikes
|
|-heal|p2a: Glimmora|47/100|[from] item: Leftovers
|upkeep
|turn|15
|
|t:|1779806861
|move|p1a: Zamazenta|Body Press|p2a: Glimmora
|-damage|p2a: Glimmora|6/100
|-activate|p2a: Glimmora|ability: Toxic Debris
|-sidestart|p1: Kogasscarf|move: Toxic Spikes
|move|p2a: Glimmora|Mortal Spin|p1a: Zamazenta
|-damage|p1a: Zamazenta|98/100
|-status|p1a: Zamazenta|psn
|-sideend|p2: babyshark974|Stealth Rock|[from] move: Mortal Spin|[of] p2a: Glimmora
|
|-heal|p1a: Zamazenta|100/100 psn|[from] item: Leftovers
|-heal|p2a: Glimmora|12/100|[from] item: Leftovers
|-damage|p1a: Zamazenta|88/100 psn|[from] psn
|upkeep
|turn|16
|
|t:|1779806868
|switch|p2a: Dragapult|Dragapult, F, shiny|100/100
|move|p1a: Zamazenta|Body Press|p2a: Dragapult
|-immune|p2a: Dragapult
|
|-heal|p1a: Zamazenta|94/100 psn|[from] item: Leftovers
|-damage|p1a: Zamazenta|82/100 psn|[from] psn
|upkeep
|turn|17
|
|t:|1779806880
|switch|p1a: Iron Moth|Iron Moth|88/100
|-sideend|p1: Kogasscarf|move: Toxic Spikes|[of] p1a: Iron Moth
|move|p2a: Dragapult|Shadow Ball|p1a: Iron Moth
|-damage|p1a: Iron Moth|34/100
|
|upkeep
|turn|18
|
|t:|1779806889
|move|p2a: Dragapult|Shadow Ball|p1a: Iron Moth
|-damage|p1a: Iron Moth|0 fnt
|faint|p1a: Iron Moth
|-end|p1a: Iron Moth|Quark Drive|[silent]
|
|upkeep
|
|t:|1779806900
|switch|p1a: Deoxys|Deoxys-Speed, shiny|100/100
|-ability|p1a: Deoxys|Pressure
|turn|19
|
|t:|1779806912
|move|p1a: Deoxys|Reflect|p1a: Deoxys
|-sidestart|p1: Kogasscarf|Reflect
|move|p2a: Dragapult|Shadow Ball|p1a: Deoxys
|-supereffective|p1a: Deoxys
|-damage|p1a: Deoxys|0 fnt
|faint|p1a: Deoxys
|
|upkeep
|
|t:|1779806921
|switch|p1a: Dragonite|Dragonite, F, shiny|100/100
|turn|20
|
|t:|1779806930
|move|p2a: Dragapult|Shadow Ball|p1a: Dragonite
|-damage|p1a: Dragonite|73/100
|-unboost|p1a: Dragonite|spd|1
|move|p1a: Dragonite|Dragon Dance|p1a: Dragonite
|-boost|p1a: Dragonite|atk|1
|-boost|p1a: Dragonite|spe|1
|
|upkeep
|turn|21
|
|t:|1779806940
|switch|p2a: Glimmora|Glimmora, M|12/100
|-terastallize|p1a: Dragonite|Normal
|move|p1a: Dragonite|Dragon Dance|p1a: Dragonite
|-boost|p1a: Dragonite|atk|1
|-boost|p1a: Dragonite|spe|1
|
|-heal|p2a: Glimmora|18/100|[from] item: Leftovers
|upkeep
|turn|22
|
|t:|1779806951
|move|p1a: Dragonite|Earthquake|p2a: Glimmora
|-supereffective|p2a: Glimmora
|-damage|p2a: Glimmora|0 fnt
|-activate|p2a: Glimmora|ability: Toxic Debris
|-sidestart|p1: Kogasscarf|move: Toxic Spikes
|faint|p2a: Glimmora
|
|upkeep
|
|t:|1779806965
|switch|p2a: Dragapult|Dragapult, F, shiny|100/100
|turn|23
|
|t:|1779806974
|switch|p2a: Flamigo|Flamigo, F, shiny|100/100
|move|p1a: Dragonite|Ice Spinner|p2a: Flamigo
|-supereffective|p2a: Flamigo
|-damage|p2a: Flamigo|0 fnt
|faint|p2a: Flamigo
|
|upkeep
|
|t:|1779806995
|switch|p2a: Iron Valiant|Iron Valiant|100/100
|-enditem|p2a: Iron Valiant|Booster Energy
|-activate|p2a: Iron Valiant|ability: Quark Drive|[fromitem]
|-start|p2a: Iron Valiant|quarkdrivespe
|turn|24
|
|t:|1779807004
|move|p1a: Dragonite|Extreme Speed|p2a: Iron Valiant
|-damage|p2a: Iron Valiant|0 fnt
|faint|p2a: Iron Valiant
|-end|p2a: Iron Valiant|Quark Drive|[silent]
|
|upkeep
|
|t:|1779807010
|switch|p2a: Ting-Lu|Ting-Lu|42/100
|-ability|p2a: Ting-Lu|Vessel of Ruin
|turn|25
|
|t:|1779807019
|-terastallize|p2a: Ting-Lu|Fairy
|move|p1a: Dragonite|Extreme Speed|p2a: Ting-Lu
|-damage|p2a: Ting-Lu|0 fnt
|faint|p2a: Ting-Lu
|
|upkeep
|
|t:|1779807022
|switch|p2a: Kingambit|Kingambit, M|100/100
|-activate|p2a: Kingambit|ability: Supreme Overlord
|-start|p2a: Kingambit|fallen4|[silent]
|turn|26
|
|t:|1779807026
|-end|p2a: Kingambit|fallen4|[silent]
|switch|p2a: Dragapult|Dragapult, F, shiny|100/100
|move|p1a: Dragonite|Earthquake|p2a: Dragapult
|-damage|p2a: Dragapult|0 fnt
|faint|p2a: Dragapult
|
|-sideend|p1: Kogasscarf|Reflect
|upkeep
|
|t:|1779807031
|switch|p2a: Kingambit|Kingambit, M|100/100
|-activate|p2a: Kingambit|ability: Supreme Overlord
|-start|p2a: Kingambit|fallen5|[silent]
|turn|27
|
|t:|1779807034
|move|p2a: Kingambit|Sucker Punch|p1a: Dragonite
|-damage|p1a: Dragonite|6/100
|move|p1a: Dragonite|Earthquake|p2a: Kingambit
|-supereffective|p2a: Kingambit
|-damage|p2a: Kingambit|0 fnt
|faint|p2a: Kingambit
|-end|p2a: Kingambit|fallen5|[silent]
|
|win|Kogasscarf
|raw|Kogasscarf's rating: 1342 &rarr; <strong>1367</strong><br />(+25 for winning)
|raw|babyshark974's rating: 1438 &rarr; <strong>1413</strong><br />(-25 for losing)
|l|☆babyshark974
|player|p2|
|l|☆Kogasscarf
|player|p1|
