|j|☆sigmundtuff41
|j|☆Guo Fengxiao
|t:|1779940121
|gametype|singles
|player|p1|sigmundtuff41|roxie|1186
|player|p2|Guo Fengxiao|firebreather|1163
|gen|9
|tier|[Gen 9] OU
|rated|
|rule|HP Percentage Mod: HP is shown in percentages
|rule|Endless Battle Clause: Forcing endless battles is banned
|rule|Species Clause: Limit one of each Pokémon
|rule|OHKO Clause: OHKO moves are banned
|rule|Evasion Items Clause: Evasion items are banned
|rule|Evasion Moves Clause: Evasion moves are banned
|rule|Evasion Abilities Clause: Evasion abilities are banned
|rule|Sleep Moves Clause: Sleep-inducing moves are banned
|clearpoke
|poke|p1|Glastrier|
|poke|p1|Deoxys-Speed|
|poke|p1|Great Tusk|
|poke|p1|Ting-Lu|
|poke|p1|Manaphy|
|poke|p1|Hydrapple, M|
|poke|p2|Gengar, M|
|poke|p2|Dondozo, M|
|poke|p2|Cinderace, M|
|poke|p2|Umbreon, F|
|poke|p2|Corviknight, F|
|poke|p2|Landorus-Therian, M|
|teampreview
|
|t:|1779940132
|teamsize|p1|6
|teamsize|p2|6
|start
|switch|p1a: 24 FPS|Deoxys-Speed|100/100
|switch|p2a: Landorus|Landorus-Therian, M, shiny|100/100
|-ability|p1a: 24 FPS|Pressure
|-ability|p2a: Landorus|Intimidate|boost
|-unboost|p1a: 24 FPS|atk|1
|turn|1
|
|t:|1779940143
|move|p1a: 24 FPS|Taunt|p2a: Landorus
|-start|p2a: Landorus|move: Taunt
|cant|p2a: Landorus|move: Taunt|Stealth Rock
|
|upkeep
|turn|2
|
|t:|1779940153
|move|p1a: 24 FPS|Spikes|p2a: Landorus
|-sidestart|p2: Guo Fengxiao|Spikes
|move|p2a: Landorus|U-turn|p1a: 24 FPS
|-supereffective|p1a: 24 FPS
|-damage|p1a: 24 FPS|49/100
|
|t:|1779940159
|switch|p2a: Corviknight|Corviknight, F, shiny|100/100|[from] U-turn
|
|upkeep
|turn|3
|
|t:|1779940167
|switch|p1a: Tingalingalu|Ting-Lu, shiny|100/100
|-ability|p1a: Tingalingalu|Vessel of Ruin
|move|p2a: Corviknight|Defog|p1a: Tingalingalu
|-unboost|p1a: Tingalingalu|evasion|1
|-sideend|p2: Guo Fengxiao|Spikes|[from] move: Defog|[of] p2a: Corviknight
|
|upkeep
|turn|4
|
|t:|1779940186
|switch|p2a: Umbreon|Umbreon, F, shiny|100/100
|move|p1a: Tingalingalu|Ruination|p2a: Umbreon
|-damage|p2a: Umbreon|50/100
|
|-heal|p2a: Umbreon|57/100|[from] item: Leftovers
|upkeep
|turn|5
|
|t:|1779940199
|move|p2a: Umbreon|Toxic|p1a: Tingalingalu
|-status|p1a: Tingalingalu|tox
|move|p1a: Tingalingalu|Earthquake|p2a: Umbreon
|-damage|p2a: Umbreon|18/100
|
|-heal|p2a: Umbreon|24/100|[from] item: Leftovers
|-damage|p1a: Tingalingalu|94/100 tox|[from] psn
|upkeep
|turn|6
|
|t:|1779940209
|switch|p1a: Lelephant|Great Tusk|100/100
|-enditem|p1a: Lelephant|Booster Energy
|-activate|p1a: Lelephant|ability: Protosynthesis|[fromitem]
|-start|p1a: Lelephant|protosynthesisatk
|move|p2a: Umbreon|Protect||[still]
|-fail|p2a: Umbreon
|
|-heal|p2a: Umbreon|30/100|[from] item: Leftovers
|upkeep
|turn|7
|
|t:|1779940226
|switch|p2a: Landorus|Landorus-Therian, M, shiny|100/100
|-ability|p2a: Landorus|Intimidate|boost
|-unboost|p1a: Lelephant|atk|1
|move|p1a: Lelephant|Rapid Spin|p2a: Landorus
|-damage|p2a: Landorus|91/100
|-boost|p1a: Lelephant|spe|1
|-damage|p1a: Lelephant|84/100|[from] item: Rocky Helmet|[of] p2a: Landorus
|
|upkeep
|turn|8
|
|t:|1779940239
|move|p1a: Lelephant|Ice Spinner|p2a: Landorus
|-supereffective|p2a: Landorus
|-damage|p2a: Landorus|27/100
|-damage|p1a: Lelephant|67/100|[from] item: Rocky Helmet|[of] p2a: Landorus
|move|p2a: Landorus|Stealth Rock|p1a: Lelephant
|-sidestart|p1: sigmundtuff41|move: Stealth Rock
|
|upkeep
|turn|9
|
|t:|1779940251
|switch|p2a: Gengar|Gengar, M, shiny|100/100
|move|p1a: Lelephant|Stealth Rock|p2a: Gengar
|-sidestart|p2: Guo Fengxiao|move: Stealth Rock
|
|upkeep
|turn|10
|
|t:|1779940261
|move|p2a: Gengar|Trick|p1a: Lelephant
|-activate|p2a: Gengar|move: Trick|[of] p1a: Lelephant
|-item|p1a: Lelephant|Choice Scarf|[from] move: Trick
|-enditem|p2a: Gengar|Choice Scarf|[silent]|[from] move: Trick
|move|p1a: Lelephant|Earthquake|p2a: Gengar
|-supereffective|p2a: Gengar
|-damage|p2a: Gengar|0 fnt
|faint|p2a: Gengar
|
|upkeep
|
|t:|1779940269
|switch|p2a: Corviknight|Corviknight, F, shiny|100/100
|-damage|p2a: Corviknight|88/100|[from] Stealth Rock
|turn|11
|
|t:|1779940275
|-end|p1a: Lelephant|Protosynthesis|[silent]
|switch|p1a: Tingalingalu|Ting-Lu, shiny|94/100 tox
|-damage|p1a: Tingalingalu|88/100 tox|[from] Stealth Rock
|-ability|p1a: Tingalingalu|Vessel of Ruin
|move|p2a: Corviknight|Defog|p1a: Tingalingalu
|-unboost|p1a: Tingalingalu|evasion|1
|-sideend|p1: sigmundtuff41|Stealth Rock|[from] move: Defog|[of] p2a: Corviknight
|-sideend|p2: Guo Fengxiao|Stealth Rock|[from] move: Defog|[of] p2a: Corviknight
|
|-heal|p2a: Corviknight|94/100|[from] item: Leftovers
|-damage|p1a: Tingalingalu|82/100 tox|[from] psn
|upkeep
|turn|12
|inactive|Battle timer is ON: inactive players will automatically lose when time's up. (requested by sigmundtuff41)
|
|t:|1779940317
|move|p2a: Corviknight|Iron Defense|p2a: Corviknight
|-boost|p2a: Corviknight|def|2
|move|p1a: Tingalingalu|Ruination|p2a: Corviknight
|-damage|p2a: Corviknight|47/100
|
|-heal|p2a: Corviknight|53/100|[from] item: Leftovers
|-damage|p1a: Tingalingalu|69/100 tox|[from] psn
|upkeep
|turn|13
|
|t:|1779940334
|switch|p1a: Lelephant|Great Tusk|67/100
|move|p2a: Corviknight|Roost|p2a: Corviknight
|-heal|p2a: Corviknight|100/100
|-singleturn|p2a: Corviknight|move: Roost
|
|upkeep
|turn|14
|
|t:|1779940348
|move|p1a: Lelephant|Stealth Rock|p2a: Corviknight
|-sidestart|p2: Guo Fengxiao|move: Stealth Rock
|move|p2a: Corviknight|Iron Defense|p2a: Corviknight
|-boost|p2a: Corviknight|def|2
|
|upkeep
|turn|15
|
|t:|1779940367
|-end|p1a: Lelephant|Protosynthesis|[silent]
|switch|p1a: Flapple²|Hydrapple, M, shiny|100/100
|move|p2a: Corviknight|Defog|p1a: Flapple²
|-unboost|p1a: Flapple²|evasion|1
|-sideend|p2: Guo Fengxiao|Stealth Rock|[from] move: Defog|[of] p2a: Corviknight
|
|upkeep
|turn|16
|inactive|Guo Fengxiao has 120 seconds left.
|
|t:|1779940393
|switch|p2a: Cinderace|Cinderace, M, shiny|100/100
|move|p1a: Flapple²|Nasty Plot|p1a: Flapple²
|-boost|p1a: Flapple²|spa|2
|
|upkeep
|turn|17
|
|t:|1779940405
|move|p2a: Cinderace|Pyro Ball|p1a: Flapple²
|-damage|p1a: Flapple²|58/100
|move|p1a: Flapple²|Hydro Pump|p2a: Cinderace
|-supereffective|p2a: Cinderace
|-damage|p2a: Cinderace|0 fnt
|faint|p2a: Cinderace
|-damage|p1a: Flapple²|48/100|[from] item: Life Orb
|
|upkeep
|inactive|Guo Fengxiao has 120 seconds left.
|
|t:|1779940416
|switch|p2a: Corviknight|Corviknight, F, shiny|100/100
|turn|18
|inactive|Guo Fengxiao has 120 seconds left.
|
|t:|1779940432
|switch|p2a: Dondozo|Dondozo, M, shiny|100/100
|move|p1a: Flapple²|Hydro Pump|p2a: Dondozo
|-resisted|p2a: Dondozo
|-damage|p2a: Dondozo|80/100
|-damage|p1a: Flapple²|38/100|[from] item: Life Orb
|
|-heal|p2a: Dondozo|86/100|[from] item: Leftovers
|upkeep
|turn|19
|inactive|Guo Fengxiao has 120 seconds left.
|
|t:|1779940444
|move|p1a: Flapple²|Giga Drain|p2a: Dondozo
|-supereffective|p2a: Dondozo
|-damage|p2a: Dondozo|0 fnt
|-heal|p1a: Flapple²|96/100|[from] drain|[of] p2a: Dondozo
|faint|p2a: Dondozo
|-damage|p1a: Flapple²|86/100|[from] item: Life Orb
|
|upkeep
|
|t:|1779940451
|switch|p2a: Umbreon|Umbreon, F, shiny|30/100
|turn|20
|
|t:|1779940457
|move|p2a: Umbreon|Toxic|p1a: Flapple²
|-status|p1a: Flapple²|tox
|move|p1a: Flapple²|Giga Drain|p2a: Umbreon
|-damage|p2a: Umbreon|0 fnt
|-heal|p1a: Flapple²|100/100 tox|[from] drain|[of] p2a: Umbreon
|faint|p2a: Umbreon
|-damage|p1a: Flapple²|91/100 tox|[from] item: Life Orb
|
|-damage|p1a: Flapple²|84/100 tox|[from] psn
|upkeep
|inactive|Guo Fengxiao has 120 seconds left.
|
|t:|1779940471
|switch|p2a: Corviknight|Corviknight, F, shiny|100/100
|turn|21
|-message|Guo Fengxiao forfeited.
|
|win|sigmundtuff41
|raw|sigmundtuff41's rating: 1186 &rarr; <strong>1208</strong><br />(+22 for winning)
|raw|Guo Fengxiao's rating: 1144 &rarr; <strong>1122</strong><br />(-22 for losing)
|l|☆Guo Fengxiao
|player|p2|
