|j|☆wiigocadee
|j|☆marcus goobrelius
|t:|1779957019
|gametype|singles
|player|p1|wiigocadee|170|1308
|player|p2|marcus goobrelius|flint|1380
|gen|9
|tier|[Gen 9] OU
|rated|
|rule|HP Percentage Mod: HP is shown in percentages
|rule|Endless Battle Clause: Forcing endless battles is banned
|rule|Species Clause: Limit one of each Pokémon
|rule|OHKO Clause: OHKO moves are banned
|rule|Evasion Items Clause: Evasion items are banned
|rule|Evasion Moves Clause: Evasion moves are banned
|rule|Evasion Abilities Clause: Evasion abilities are banned
|rule|Sleep Moves Clause: Sleep-inducing moves are banned
|clearpoke
|poke|p1|Hoopa-Unbound|
|poke|p1|Hatterene, F|
|poke|p1|Ursaluna, F|
|poke|p1|Slowking, M|
|poke|p1|Porygon2|
|poke|p1|Mimikyu, F|
|poke|p2|Dragonite, M|
|poke|p2|Great Tusk|
|poke|p2|Deoxys-Speed|
|poke|p2|Gholdengo|
|poke|p2|Zamazenta-*|
|poke|p2|Iron Valiant|
|teampreview
|inactive|Battle timer is ON: inactive players will automatically lose when time's up. (requested by wiigocadee)
|
|t:|1779957057
|teamsize|p1|6
|teamsize|p2|6
|start
|switch|p1a: Slowking|Slowking, M|100/100
|switch|p2a: Iron Valiant|Iron Valiant|100/100
|-enditem|p2a: Iron Valiant|Booster Energy
|-activate|p2a: Iron Valiant|ability: Quark Drive|[fromitem]
|-start|p2a: Iron Valiant|quarkdrivespe
|turn|1
|
|t:|1779957067
|move|p2a: Iron Valiant|Knock Off|p1a: Slowking
|-supereffective|p1a: Slowking
|-damage|p1a: Slowking|62/100
|-enditem|p1a: Slowking|Light Clay|[from] move: Knock Off|[of] p2a: Iron Valiant
|move|p1a: Slowking|Thunder Wave|p2a: Iron Valiant
|-status|p2a: Iron Valiant|par
|
|upkeep
|turn|2
|
|t:|1779957078
|move|p2a: Iron Valiant|Moonblast|p1a: Slowking
|-damage|p1a: Slowking|26/100
|-unboost|p1a: Slowking|spa|1
|move|p1a: Slowking|Reflect|p1a: Slowking
|-sidestart|p1: wiigocadee|Reflect
|
|upkeep
|turn|3
|inactive|wiigocadee has 120 seconds left.
|
|t:|1779957109
|switch|p1a: Porygon2|Porygon2|100/100
|-ability|p1a: Porygon2|Download|boost
|-boost|p1a: Porygon2|spa|1
|move|p2a: Iron Valiant|Moonblast|p1a: Porygon2
|-damage|p1a: Porygon2|44/100
|-unboost|p1a: Porygon2|spa|1
|
|upkeep
|turn|4
|
|t:|1779957121
|move|p2a: Iron Valiant|Moonblast|p1a: Porygon2
|-damage|p1a: Porygon2|0 fnt
|faint|p1a: Porygon2
|
|upkeep
|
|t:|1779957125
|switch|p1a: Slowking|Slowking, M|59/100
|turn|5
|
|t:|1779957133
|move|p2a: Iron Valiant|Taunt|p1a: Slowking
|-start|p1a: Slowking|move: Taunt
|cant|p1a: Slowking|move: Taunt|Light Screen
|
|upkeep
|turn|6
|
|t:|1779957144
|switch|p1a: Ursaluna|Ursaluna, F|100/100
|cant|p2a: Iron Valiant|par
|
|-sideend|p1: wiigocadee|Reflect
|upkeep
|turn|7
|
|t:|1779957158
|switch|p1a: Hatterene|Hatterene, F|100/100
|move|p2a: Iron Valiant|Knock Off|p1a: Hatterene
|-damage|p1a: Hatterene|69/100
|-enditem|p1a: Hatterene|Leftovers|[from] move: Knock Off|[of] p2a: Iron Valiant
|
|upkeep
|turn|8
|
|t:|1779957176
|cant|p2a: Iron Valiant|par
|move|p1a: Hatterene|Calm Mind|p1a: Hatterene
|-boost|p1a: Hatterene|spa|1
|-boost|p1a: Hatterene|spd|1
|
|upkeep
|turn|9
|
|t:|1779957192
|-end|p2a: Iron Valiant|Quark Drive|[silent]
|switch|p2a: Gholdengo|Gholdengo|100/100
|move|p1a: Hatterene|Agility|p1a: Hatterene
|-boost|p1a: Hatterene|spe|2
|
|upkeep
|turn|10
|
|t:|1779957200
|-terastallize|p1a: Hatterene|Water
|move|p1a: Hatterene|Calm Mind|p1a: Hatterene
|-boost|p1a: Hatterene|spa|1
|-boost|p1a: Hatterene|spd|1
|move|p2a: Gholdengo|Make It Rain|p1a: Hatterene
|-resisted|p1a: Hatterene
|-damage|p1a: Hatterene|52/100
|-unboost|p2a: Gholdengo|spa|1
|
|upkeep
|turn|11
|inactive|marcus goobrelius has 120 seconds left.
|
|t:|1779957250
|switch|p2a: Zamazenta|Zamazenta|100/100
|-ability|p2a: Zamazenta|Dauntless Shield|boost
|-boost|p2a: Zamazenta|def|1
|move|p1a: Hatterene|Agility|p1a: Hatterene
|-boost|p1a: Hatterene|spe|2
|
|upkeep
|turn|12
|
|t:|1779957262
|-terastallize|p2a: Zamazenta|Steel
|move|p1a: Hatterene|Draining Kiss|p2a: Zamazenta
|-resisted|p2a: Zamazenta
|-damage|p2a: Zamazenta|80/100
|-heal|p1a: Hatterene|68/100|[from] drain|[of] p2a: Zamazenta
|move|p2a: Zamazenta|Close Combat|p1a: Hatterene
|-damage|p1a: Hatterene|0 fnt
|-unboost|p2a: Zamazenta|def|1
|-unboost|p2a: Zamazenta|spd|1
|faint|p1a: Hatterene
|-damage|p2a: Zamazenta|70/100|[from] item: Life Orb
|
|upkeep
|
|t:|1779957275
|switch|p1a: Hoopa|Hoopa-Unbound|100/100
|turn|13
|
|t:|1779957283
|move|p1a: Hoopa|Drain Punch|p2a: Zamazenta
|-supereffective|p2a: Zamazenta
|-damage|p2a: Zamazenta|15/100
|move|p2a: Zamazenta|Close Combat|p1a: Hoopa
|-damage|p1a: Hoopa|0 fnt
|-unboost|p2a: Zamazenta|def|1
|-unboost|p2a: Zamazenta|spd|1
|faint|p1a: Hoopa
|-damage|p2a: Zamazenta|5/100|[from] item: Life Orb
|
|upkeep
|
|t:|1779957291
|switch|p1a: Slowking|Slowking, M|92/100
|turn|14
|
|t:|1779957299
|move|p2a: Zamazenta|Crunch|p1a: Slowking
|-supereffective|p1a: Slowking
|-damage|p1a: Slowking|33/100
|-damage|p2a: Zamazenta|0 fnt|[from] item: Life Orb
|faint|p2a: Zamazenta
|move|p1a: Slowking|Reflect|p1a: Slowking
|-sidestart|p1: wiigocadee|Reflect
|
|upkeep
|inactive|marcus goobrelius has 120 seconds left.
|inactive|marcus goobrelius has 90 seconds left.
|inactive|marcus goobrelius has 60 seconds left.
|
|t:|1779957371
|switch|p2a: Great Tusk|Great Tusk|100/100
|-enditem|p2a: Great Tusk|Booster Energy
|-activate|p2a: Great Tusk|ability: Protosynthesis|[fromitem]
|-start|p2a: Great Tusk|protosynthesisspe
|turn|15
|
|t:|1779957378
|move|p2a: Great Tusk|Bulk Up|p2a: Great Tusk
|-boost|p2a: Great Tusk|atk|1
|-boost|p2a: Great Tusk|def|1
|move|p1a: Slowking|Light Screen|p1a: Slowking
|-sidestart|p1: wiigocadee|move: Light Screen
|
|upkeep
|turn|16
|
|t:|1779957384
|switch|p1a: Mimikyu|Mimikyu, F|100/100
|move|p2a: Great Tusk|Bulk Up|p2a: Great Tusk
|-boost|p2a: Great Tusk|atk|1
|-boost|p2a: Great Tusk|def|1
|
|upkeep
|turn|17
|
|t:|1779957403
|move|p2a: Great Tusk|Ice Spinner|p1a: Mimikyu
|-activate|p1a: Mimikyu|ability: Disguise
|-damage|p1a: Mimikyu|100/100
|detailschange|p1a: Mimikyu|Mimikyu-Busted, F
|-damage|p1a: Mimikyu|88/100|[from] pokemon: Mimikyu-Busted
|move|p1a: Mimikyu|Play Rough|p2a: Great Tusk|[miss]
|-miss|p1a: Mimikyu|p2a: Great Tusk
|
|upkeep
|turn|18
|
|t:|1779957412
|move|p2a: Great Tusk|Bulk Up|p2a: Great Tusk
|-boost|p2a: Great Tusk|atk|1
|-boost|p2a: Great Tusk|def|1
|move|p1a: Mimikyu|Destiny Bond|p1a: Mimikyu
|-singlemove|p1a: Mimikyu|Destiny Bond
|
|-sideend|p1: wiigocadee|Reflect
|upkeep
|turn|19
|-message|wiigocadee forfeited.
|
|win|marcus goobrelius
|raw|wiigocadee's rating: 1308 &rarr; <strong>1292</strong><br />(-16 for losing)
|raw|marcus goobrelius's rating: 1380 &rarr; <strong>1396</strong><br />(+16 for winning)
|l|☆wiigocadee
|player|p1|
|l|☆marcus goobrelius
|player|p2|
