|j|☆YumeKasumi76
|j|☆Mysterion-911
|t:|1779902794
|gametype|singles
|player|p1|YumeKasumi76|1|1327
|player|p2|Mysterion-911|lucas|1308
|gen|9
|tier|[Gen 9] OU
|rated|
|rule|HP Percentage Mod: HP is shown in percentages
|rule|Endless Battle Clause: Forcing endless battles is banned
|rule|Species Clause: Limit one of each Pokémon
|rule|OHKO Clause: OHKO moves are banned
|rule|Evasion Items Clause: Evasion items are banned
|rule|Evasion Moves Clause: Evasion moves are banned
|rule|Evasion Abilities Clause: Evasion abilities are banned
|rule|Sleep Moves Clause: Sleep-inducing moves are banned
|clearpoke
|poke|p1|Dragapult, M|
|poke|p1|Bisharp, F|
|poke|p1|Glimmora, F|
|poke|p1|Entei|
|poke|p1|Braviary-Hisui, M|
|poke|p1|Cloyster, F|
|poke|p2|Zamazenta-*|
|poke|p2|Dragonite, M|
|poke|p2|Iron Moth|
|poke|p2|Glimmora, F|
|poke|p2|Primarina, F|
|poke|p2|Kingambit, M|
|teampreview
|
|t:|1779902802
|teamsize|p1|6
|teamsize|p2|6
|start
|switch|p1a: Bellator|Bisharp, F, shiny|100/100
|switch|p2a: Primarina|Primarina, F|100/100
|turn|1
|inactive|Battle timer is ON: inactive players will automatically lose when time's up. (requested by YumeKasumi76)
|
|t:|1779902808
|move|p1a: Bellator|Stealth Rock|p2a: Primarina
|-sidestart|p2: Mysterion-911|move: Stealth Rock
|move|p2a: Primarina|Moonblast|p1a: Bellator
|-damage|p1a: Bellator|56/100
|
|upkeep
|turn|2
|
|t:|1779902823
|move|p1a: Bellator|Iron Head|p2a: Primarina
|-damage|p2a: Primarina|54/100
|move|p2a: Primarina|Sparkling Aria|p1a: Bellator
|-damage|p1a: Bellator|20/100
|
|upkeep
|turn|3
|
|t:|1779902832
|move|p1a: Bellator|Iron Head|p2a: Primarina
|-damage|p2a: Primarina|6/100
|move|p2a: Primarina|Sparkling Aria|p1a: Bellator
|-damage|p1a: Bellator|0 fnt
|faint|p1a: Bellator
|
|upkeep
|
|t:|1779902835
|switch|p1a: Mentalist|Braviary-Hisui, M|100/100
|turn|4
|
|t:|1779902845
|move|p1a: Mentalist|Esper Wing|p2a: Primarina
|-damage|p2a: Primarina|0 fnt
|-boost|p1a: Mentalist|spe|1
|faint|p2a: Primarina
|
|upkeep
|
|t:|1779902860
|switch|p2a: Iron Moth|Iron Moth|100/100
|-damage|p2a: Iron Moth|76/100|[from] Stealth Rock
|-enditem|p2a: Iron Moth|Booster Energy
|-activate|p2a: Iron Moth|ability: Quark Drive|[fromitem]
|-start|p2a: Iron Moth|quarkdrivespa
|turn|5
|
|t:|1779902869
|move|p1a: Mentalist|Esper Wing|p2a: Iron Moth
|-supereffective|p2a: Iron Moth
|-damage|p2a: Iron Moth|0 fnt
|-boost|p1a: Mentalist|spe|1
|faint|p2a: Iron Moth
|-end|p2a: Iron Moth|Quark Drive|[silent]
|
|upkeep
|
|t:|1779902880
|switch|p2a: Kingambit|Kingambit, M|100/100
|-damage|p2a: Kingambit|94/100|[from] Stealth Rock
|-activate|p2a: Kingambit|ability: Supreme Overlord
|-start|p2a: Kingambit|fallen2|[silent]
|turn|6
|
|t:|1779902890
|-terastallize|p1a: Mentalist|Fighting
|move|p1a: Mentalist|Close Combat|p2a: Kingambit
|-supereffective|p2a: Kingambit
|-damage|p2a: Kingambit|2/100
|-unboost|p1a: Mentalist|def|1
|-unboost|p1a: Mentalist|spd|1
|move|p2a: Kingambit|Kowtow Cleave|p1a: Mentalist
|-resisted|p1a: Mentalist
|-damage|p1a: Mentalist|42/100
|
|upkeep
|turn|7
|
|t:|1779902907
|move|p2a: Kingambit|Sucker Punch||[still]
|-fail|p2a: Kingambit
|move|p1a: Mentalist|Roost|p1a: Mentalist
|-heal|p1a: Mentalist|92/100
|
|upkeep
|turn|8
|
|t:|1779902912
|switch|p1a: Railgun|Dragapult, M|100/100
|move|p2a: Kingambit|Sucker Punch||[still]
|-fail|p2a: Kingambit
|
|upkeep
|turn|9
|
|t:|1779902921
|move|p1a: Railgun|Reflect|p1a: Railgun
|-sidestart|p1: YumeKasumi76|Reflect
|move|p2a: Kingambit|Kowtow Cleave|p1a: Railgun
|-supereffective|p1a: Railgun
|-damage|p1a: Railgun|34/100
|
|upkeep
|turn|10
|
|t:|1779902930
|move|p1a: Railgun|Dragon Darts|p2a: Kingambit
|-resisted|p2a: Kingambit
|-damage|p2a: Kingambit|0 fnt
|faint|p2a: Kingambit
|-end|p2a: Kingambit|fallen2|[silent]
|
|upkeep
|
|t:|1779902938
|switch|p2a: Glimmora|Glimmora, F|100/100
|-damage|p2a: Glimmora|88/100|[from] Stealth Rock
|turn|11
|
|t:|1779902943
|move|p1a: Railgun|Curse|p2a: Glimmora
|-start|p2a: Glimmora|Curse|[of] p1a: Railgun
|-damage|p1a: Railgun|0 fnt
|faint|p1a: Railgun
|move|p2a: Glimmora|Power Gem|p1: Railgun|[notarget]
|-fail|p2a: Glimmora
|
|-damage|p2a: Glimmora|63/100|[from] Curse
|upkeep
|
|t:|1779902952
|switch|p1a: Mentalist|Braviary-Hisui, M, tera:Fighting|92/100
|turn|12
|
|t:|1779902965
|move|p2a: Glimmora|Sludge Wave|p1a: Mentalist
|-damage|p1a: Mentalist|35/100
|-status|p1a: Mentalist|psn
|move|p1a: Mentalist|Esper Wing|p2a: Glimmora
|-supereffective|p2a: Glimmora
|-damage|p2a: Glimmora|0 fnt
|-boost|p1a: Mentalist|spe|1
|faint|p2a: Glimmora
|
|-damage|p1a: Mentalist|23/100 psn|[from] psn
|upkeep
|
|t:|1779902985
|switch|p2a: Dragonite|Dragonite, M|100/100
|-damage|p2a: Dragonite|76/100|[from] Stealth Rock
|turn|13
|
|t:|1779902990
|move|p1a: Mentalist|Hurricane|p2a: Dragonite|[miss]
|-miss|p1a: Mentalist|p2a: Dragonite
|move|p2a: Dragonite|Dragon Dance|p2a: Dragonite
|-boost|p2a: Dragonite|atk|1
|-boost|p2a: Dragonite|spe|1
|
|-heal|p2a: Dragonite|82/100|[from] item: Leftovers
|-damage|p1a: Mentalist|10/100 psn|[from] psn
|upkeep
|turn|14
|
|t:|1779903006
|move|p2a: Dragonite|Extreme Speed|p1a: Mentalist
|-damage|p1a: Mentalist|0 fnt
|faint|p1a: Mentalist
|
|-heal|p2a: Dragonite|88/100|[from] item: Leftovers
|upkeep
|
|t:|1779903009
|switch|p1a: Shellussy|Cloyster, F|100/100
|turn|15
|
|t:|1779903021
|-terastallize|p2a: Dragonite|Normal
|move|p2a: Dragonite|Dragon Dance|p2a: Dragonite
|-boost|p2a: Dragonite|atk|1
|-boost|p2a: Dragonite|spe|1
|move|p1a: Shellussy|Shell Smash|p1a: Shellussy
|-unboost|p1a: Shellussy|def|1
|-unboost|p1a: Shellussy|spd|1
|-boost|p1a: Shellussy|atk|2
|-boost|p1a: Shellussy|spa|2
|-boost|p1a: Shellussy|spe|2
|-enditem|p1a: Shellussy|White Herb
|-clearnegativeboost|p1a: Shellussy|[silent]
|
|-heal|p2a: Dragonite|94/100|[from] item: Leftovers
|upkeep
|turn|16
|inactive|Mysterion-911 has 120 seconds left.
|
|t:|1779903047
|move|p2a: Dragonite|Earthquake|p1a: Shellussy
|-damage|p1a: Shellussy|66/100
|move|p1a: Shellussy|Icicle Spear|p2a: Dragonite
|-damage|p2a: Dragonite|70/100
|-damage|p2a: Dragonite|46/100
|-damage|p2a: Dragonite|19/100
|-damage|p2a: Dragonite|0 fnt
|faint|p2a: Dragonite
|-hitcount|p2: Dragonite|4
|
|-sideend|p1: YumeKasumi76|Reflect
|upkeep
|inactive|Mysterion-911 has 120 seconds left.
|
|t:|1779903061
|switch|p2a: Zamazenta|Zamazenta|100/100
|-damage|p2a: Zamazenta|94/100|[from] Stealth Rock
|-ability|p2a: Zamazenta|Dauntless Shield|boost
|-boost|p2a: Zamazenta|def|1
|turn|17
|inactive|Mysterion-911 has 120 seconds left.
|
|t:|1779903076
|move|p1a: Shellussy|Icicle Spear|p2a: Zamazenta
|-damage|p2a: Zamazenta|83/100
|-damage|p2a: Zamazenta|71/100
|-damage|p2a: Zamazenta|59/100
|-damage|p2a: Zamazenta|47/100
|-damage|p2a: Zamazenta|36/100
|-hitcount|p2a: Zamazenta|5
|move|p2a: Zamazenta|Body Press|p1a: Shellussy
|-supereffective|p1a: Shellussy
|-crit|p1a: Shellussy
|-damage|p1a: Shellussy|0 fnt
|faint|p1a: Shellussy
|
|-heal|p2a: Zamazenta|42/100|[from] item: Leftovers
|upkeep
|
|t:|1779903080
|switch|p1a: Hikari|Glimmora, F|100/100
|turn|18
|inactive|Mysterion-911 has 120 seconds left.
|
|t:|1779903106
|move|p2a: Zamazenta|Substitute|p2a: Zamazenta
|-start|p2a: Zamazenta|Substitute
|-damage|p2a: Zamazenta|17/100
|move|p1a: Hikari|Dazzling Gleam|p2a: Zamazenta
|-supereffective|p2a: Zamazenta
|-crit|p2a: Zamazenta
|-end|p2a: Zamazenta|Substitute
|
|-heal|p2a: Zamazenta|23/100|[from] item: Leftovers
|upkeep
|turn|19
|
|t:|1779903117
|move|p2a: Zamazenta|Body Press|p1a: Hikari
|-damage|p1a: Hikari|40/100
|-activate|p1a: Hikari|ability: Toxic Debris
|-sidestart|p2: Mysterion-911|move: Toxic Spikes
|move|p1a: Hikari|Dazzling Gleam|p2a: Zamazenta
|-supereffective|p2a: Zamazenta
|-damage|p2a: Zamazenta|0 fnt
|faint|p2a: Zamazenta
|
|win|YumeKasumi76
|raw|YumeKasumi76's rating: 1327 &rarr; <strong>1346</strong><br />(+19 for winning)
|raw|Mysterion-911's rating: 1308 &rarr; <strong>1289</strong><br />(-19 for losing)
|l|☆YumeKasumi76
|player|p1|
|l|☆Mysterion-911
|player|p2|
