|j|‽obamaisbiden
|j|☆Snurke
|t:|1779950310
|gametype|singles
|player|p1|obamaisbiden|ghetsis|1512
|player|p2|Snurke|2|1527
|gen|9
|tier|[Gen 9] OU
|rated|
|rule|HP Percentage Mod: HP is shown in percentages
|rule|Endless Battle Clause: Forcing endless battles is banned
|rule|Species Clause: Limit one of each Pokémon
|rule|OHKO Clause: OHKO moves are banned
|rule|Evasion Items Clause: Evasion items are banned
|rule|Evasion Moves Clause: Evasion moves are banned
|rule|Evasion Abilities Clause: Evasion abilities are banned
|rule|Sleep Moves Clause: Sleep-inducing moves are banned
|clearpoke
|poke|p1|Hatterene, F|
|poke|p1|Great Tusk|
|poke|p1|Tornadus-Therian, M|
|poke|p1|Kyurem|
|poke|p1|Slowking-Galar, F|
|poke|p1|Kingambit, F|
|poke|p2|Mew|
|poke|p2|Great Tusk|
|poke|p2|Tornadus-Therian, M|
|poke|p2|Ceruledge, F|
|poke|p2|Ninetales-Alola, F|
|poke|p2|Samurott-Hisui, F|
|teampreview
|inactive|Battle timer is ON: inactive players will automatically lose when time's up. (requested by obamaisbiden)
|
|t:|1779950321
|teamsize|p1|6
|teamsize|p2|6
|start
|switch|p1a: Hatterene|Hatterene, F, shiny|100/100
|switch|p2a: Luka Magic|Ninetales-Alola, F, shiny|100/100
|-weather|Snowscape|[from] ability: Snow Warning|[of] p2a: Luka Magic
|turn|1
|
|t:|1779950325
|move|p2a: Luka Magic|Aurora Veil|p2a: Luka Magic
|-sidestart|p2: Snurke|move: Aurora Veil
|move|p1a: Hatterene|Nuzzle|p2a: Luka Magic
|-damage|p2a: Luka Magic|99/100
|-status|p2a: Luka Magic|par
|
|-weather|Snowscape|[upkeep]
|upkeep
|turn|2
|
|t:|1779950339
|cant|p2a: Luka Magic|par
|move|p1a: Hatterene|Nuzzle|p2a: Luka Magic
|-damage|p2a: Luka Magic|98/100 par
|
|-weather|Snowscape|[upkeep]
|upkeep
|turn|3
|
|t:|1779950343
|switch|p2a: Wembanyama|Ceruledge, F, shiny|100/100
|move|p1a: Hatterene|Pain Split|p2a: Wembanyama
|-sethp|p2a: Wembanyama|95/100|[from] move: Pain Split|[silent]
|-sethp|p1a: Hatterene|100/100|[from] move: Pain Split
|
|-weather|Snowscape|[upkeep]
|upkeep
|turn|4
|
|t:|1779950348
|move|p2a: Wembanyama|Bulk Up|p2a: Wembanyama
|-boost|p2a: Wembanyama|atk|1
|-boost|p2a: Wembanyama|def|1
|move|p1a: Hatterene|Nuzzle|p2a: Wembanyama
|-damage|p2a: Wembanyama|94/100
|
|-weather|Snowscape|[upkeep]
|upkeep
|turn|5
|
|t:|1779950362
|switch|p1a: Slowking|Slowking-Galar, F|100/100
|move|p2a: Wembanyama|Will-O-Wisp|p1a: Slowking
|-status|p1a: Slowking|brn
|
|-weather|none
|-damage|p1a: Slowking|94/100 brn|[from] brn
|upkeep
|turn|6
|
|t:|1779950370
|move|p2a: Wembanyama|Bitter Blade|p1a: Slowking
|-damage|p1a: Slowking|42/100 brn
|-heal|p2a: Wembanyama|100/100|[from] drain|[of] p1a: Slowking
|move|p1a: Slowking|Trick|p2a: Wembanyama
|-activate|p1a: Slowking|move: Trick|[of] p2a: Wembanyama
|-item|p2a: Wembanyama|Black Sludge|[from] move: Trick
|-item|p1a: Slowking|Covert Cloak|[from] move: Trick
|
|-damage|p2a: Wembanyama|88/100|[from] item: Black Sludge
|-damage|p1a: Slowking|36/100 brn|[from] brn
|upkeep
|turn|7
|
|t:|1779950379
|switch|p1a: Hatterene|Hatterene, F, shiny|100/100
|move|p2a: Wembanyama|Bitter Blade|p1a: Hatterene
|-damage|p1a: Hatterene|45/100
|-heal|p2a: Wembanyama|100/100|[from] drain|[of] p1a: Hatterene
|-damage|p2a: Wembanyama|84/100|[from] item: Rocky Helmet|[of] p1a: Hatterene
|
|-damage|p2a: Wembanyama|72/100|[from] item: Black Sludge
|upkeep
|turn|8
|
|t:|1779950394
|switch|p1a: Great Tusk|Great Tusk|100/100
|move|p2a: Wembanyama|Bitter Blade|p1a: Great Tusk
|-damage|p1a: Great Tusk|51/100
|-heal|p2a: Wembanyama|98/100|[from] drain|[of] p1a: Great Tusk
|-damage|p2a: Wembanyama|81/100|[from] item: Rocky Helmet|[of] p1a: Great Tusk
|
|-damage|p2a: Wembanyama|69/100|[from] item: Black Sludge
|-sideend|p2: Snurke|move: Aurora Veil
|upkeep
|turn|9
|
|t:|1779950404
|move|p1a: Great Tusk|Headlong Rush|p2a: Wembanyama
|-supereffective|p2a: Wembanyama
|-damage|p2a: Wembanyama|0 fnt
|-unboost|p1a: Great Tusk|def|1
|-unboost|p1a: Great Tusk|spd|1
|faint|p2a: Wembanyama
|
|upkeep
|
|t:|1779950415
|switch|p2a: Luka Magic|Ninetales-Alola, F, shiny|98/100 par
|-weather|Snowscape|[from] ability: Snow Warning|[of] p2a: Luka Magic
|turn|10
|
|t:|1779950425
|move|p1a: Great Tusk|Stealth Rock|p2a: Luka Magic
|-sidestart|p2: Snurke|move: Stealth Rock
|cant|p2a: Luka Magic|par
|
|-weather|Snowscape|[upkeep]
|upkeep
|turn|11
|
|t:|1779950432
|-end|p1a: Great Tusk|Protosynthesis|[silent]
|switch|p1a: Slowking|Slowking-Galar, F|69/100 brn
|move|p2a: Luka Magic|Aurora Veil|p2a: Luka Magic
|-sidestart|p2: Snurke|move: Aurora Veil
|
|-weather|Snowscape|[upkeep]
|-damage|p1a: Slowking|63/100 brn|[from] brn
|upkeep
|turn|12
|inactive|Snurke has 120 seconds left.
|
|t:|1779950463
|switch|p2a: Lebronto James|Great Tusk|100/100
|-damage|p2a: Lebronto James|98/100|[from] Stealth Rock
|move|p1a: Slowking|Sludge Bomb|p2a: Lebronto James
|-resisted|p2a: Lebronto James
|-damage|p2a: Lebronto James|86/100
|-status|p2a: Lebronto James|psn
|
|-weather|Snowscape|[upkeep]
|-heal|p2a: Lebronto James|92/100 psn|[from] item: Leftovers
|-damage|p2a: Lebronto James|80/100 psn|[from] psn
|-damage|p1a: Slowking|57/100 brn|[from] brn
|upkeep
|turn|13
|
|t:|1779950472
|switch|p1a: Hatterene|Hatterene, F, shiny|45/100
|move|p2a: Lebronto James|Rapid Spin|p1a: Hatterene
|-damage|p1a: Hatterene|32/100
|-boost|p2a: Lebronto James|spe|1
|-damage|p2a: Lebronto James|63/100 psn|[from] item: Rocky Helmet|[of] p1a: Hatterene
|-sideend|p2: Snurke|Stealth Rock|[from] move: Rapid Spin|[of] p2a: Lebronto James
|
|-weather|Snowscape|[upkeep]
|-heal|p2a: Lebronto James|70/100 psn|[from] item: Leftovers
|-damage|p2a: Lebronto James|57/100 psn|[from] psn
|upkeep
|turn|14
|
|t:|1779950478
|move|p2a: Lebronto James|Earthquake|p1a: Hatterene
|-damage|p1a: Hatterene|0 fnt
|faint|p1a: Hatterene
|
|-weather|none
|-heal|p2a: Lebronto James|63/100 psn|[from] item: Leftovers
|-damage|p2a: Lebronto James|51/100 psn|[from] psn
|upkeep
|
|t:|1779950485
|switch|p1a: Great Tusk|Great Tusk|51/100
|turn|15
|
|t:|1779950505
|-end|p2a: Lebronto James|Protosynthesis|[silent]
|switch|p2a: Stephortless|Mew, shiny|100/100
|move|p1a: Great Tusk|Ice Spinner|p2a: Stephortless
|-damage|p2a: Stephortless|89/100
|
|-heal|p2a: Stephortless|95/100|[from] item: Leftovers
|upkeep
|turn|16
|
|t:|1779950521
|-end|p1a: Great Tusk|Protosynthesis|[silent]
|switch|p1a: Kyurem|Kyurem, shiny|100/100
|-ability|p1a: Kyurem|Pressure
|move|p2a: Stephortless|Imprison|p2a: Stephortless
|-start|p2a: Stephortless|move: Imprison
|
|-heal|p2a: Stephortless|100/100|[from] item: Leftovers
|upkeep
|turn|17
|
|t:|1779950535
|switch|p1a: Great Tusk|Great Tusk|51/100
|move|p2a: Stephortless|Transform|p1a: Great Tusk
|-transform|p2a: Stephortless|p1a: Great Tusk
|
|upkeep
|turn|18
|
|t:|1779950543
|-end|p1a: Great Tusk|Protosynthesis|[silent]
|switch|p1a: Tornadus|Tornadus-Therian, M|100/100
|move|p2a: Stephortless|Stealth Rock|p1a: Tornadus
|-sidestart|p1: obamaisbiden|move: Stealth Rock
|
|-sideend|p2: Snurke|move: Aurora Veil
|upkeep
|turn|19
|
|t:|1779950547
|-end|p2a: Stephortless|Protosynthesis|[silent]
|switch|p2a: Luka Magic|Ninetales-Alola, F, shiny|98/100 par
|-weather|Snowscape|[from] ability: Snow Warning|[of] p2a: Luka Magic
|move|p1a: Tornadus|Bleakwind Storm|p2a: Luka Magic|[miss]
|-miss|p1a: Tornadus|p2a: Luka Magic
|
|-weather|Snowscape|[upkeep]
|upkeep
|turn|20
|
|t:|1779950556
|move|p1a: Tornadus|Knock Off|p2a: Luka Magic
|-resisted|p2a: Luka Magic
|-damage|p2a: Luka Magic|90/100 par
|-enditem|p2a: Luka Magic|Light Clay|[from] move: Knock Off|[of] p1a: Tornadus
|move|p2a: Luka Magic|Aurora Veil|p2a: Luka Magic
|-sidestart|p2: Snurke|move: Aurora Veil
|
|-weather|Snowscape|[upkeep]
|upkeep
|turn|21
|
|t:|1779950568
|switch|p2a: Draymoney Green|Tornadus-Therian, M, shiny|100/100
|move|p1a: Tornadus|Heat Wave|p2a: Draymoney Green
|-damage|p2a: Draymoney Green|88/100
|
|-weather|Snowscape|[upkeep]
|upkeep
|turn|22
|
|t:|1779950575
|move|p2a: Draymoney Green|Knock Off|p1a: Tornadus
|-damage|p1a: Tornadus|76/100
|-enditem|p1a: Tornadus|Assault Vest|[from] move: Knock Off|[of] p2a: Draymoney Green
|move|p1a: Tornadus|U-turn|p2a: Draymoney Green
|-resisted|p2a: Draymoney Green
|-damage|p2a: Draymoney Green|84/100
|-damage|p1a: Tornadus|59/100|[from] item: Rocky Helmet|[of] p2a: Draymoney Green
|
|t:|1779950580
|switch|p1a: Kyurem|Kyurem, shiny|100/100|[from] U-turn
|-damage|p1a: Kyurem|76/100|[from] Stealth Rock
|-ability|p1a: Kyurem|Pressure
|
|-weather|Snowscape|[upkeep]
|upkeep
|turn|23
|
|t:|1779950588
|move|p2a: Draymoney Green|U-turn|p1a: Kyurem
|-damage|p1a: Kyurem|66/100
|
|t:|1779950594
|switch|p2a: Crafty Lil' Shai|Samurott-Hisui, F, shiny|100/100|[from] U-turn
|move|p1a: Kyurem|Blizzard|p2a: Crafty Lil' Shai
|-resisted|p2a: Crafty Lil' Shai
|-damage|p2a: Crafty Lil' Shai|83/100
|-status|p2a: Crafty Lil' Shai|frz
|
|-weather|none
|upkeep
|turn|24
|
|t:|1779950601
|move|p1a: Kyurem|Blizzard|p2a: Crafty Lil' Shai
|-resisted|p2a: Crafty Lil' Shai
|-damage|p2a: Crafty Lil' Shai|63/100 frz
|cant|p2a: Crafty Lil' Shai|frz
|
|-sideend|p2: Snurke|move: Aurora Veil
|upkeep
|turn|25
|c|☆Snurke|Bro you are molesting me with status
|
|t:|1779950619
|move|p1a: Kyurem|Blizzard|p2a: Crafty Lil' Shai|[miss]
|-miss|p1a: Kyurem|p2a: Crafty Lil' Shai
|cant|p2a: Crafty Lil' Shai|frz
|
|upkeep
|turn|26
|
|t:|1779950624
|switch|p1a: Great Tusk|Great Tusk|51/100
|-damage|p1a: Great Tusk|48/100|[from] Stealth Rock
|cant|p2a: Crafty Lil' Shai|frz
|
|upkeep
|turn|27
|
|t:|1779950630
|move|p1a: Great Tusk|Rapid Spin|p2a: Crafty Lil' Shai
|-damage|p2a: Crafty Lil' Shai|45/100 frz
|-boost|p1a: Great Tusk|spe|1
|-sideend|p1: obamaisbiden|Stealth Rock|[from] move: Rapid Spin|[of] p1a: Great Tusk
|cant|p2a: Crafty Lil' Shai|frz
|
|upkeep
|turn|28
|
|t:|1779950639
|move|p1a: Great Tusk|Stealth Rock|p2a: Crafty Lil' Shai
|-sidestart|p2: Snurke|move: Stealth Rock
|cant|p2a: Crafty Lil' Shai|frz
|
|upkeep
|turn|29
|
|t:|1779950655
|switch|p2a: Draymoney Green|Tornadus-Therian, M, shiny|100/100
|-damage|p2a: Draymoney Green|76/100|[from] Stealth Rock
|move|p1a: Great Tusk|Ice Spinner|p2a: Draymoney Green
|-supereffective|p2a: Draymoney Green
|-damage|p2a: Draymoney Green|16/100
|-damage|p1a: Great Tusk|32/100|[from] item: Rocky Helmet|[of] p2a: Draymoney Green
|
|upkeep
|turn|30
|
|t:|1779950664
|switch|p2a: Luka Magic|Ninetales-Alola, F, shiny|90/100 par
|-damage|p2a: Luka Magic|65/100 par|[from] Stealth Rock
|-weather|Snowscape|[from] ability: Snow Warning|[of] p2a: Luka Magic
|move|p1a: Great Tusk|Ice Spinner|p2a: Luka Magic
|-resisted|p2a: Luka Magic
|-damage|p2a: Luka Magic|54/100 par
|
|-weather|Snowscape|[upkeep]
|upkeep
|turn|31
|
|t:|1779950671
|move|p1a: Great Tusk|Headlong Rush|p2a: Luka Magic
|-damage|p2a: Luka Magic|2/100 par
|-unboost|p1a: Great Tusk|def|1
|-unboost|p1a: Great Tusk|spd|1
|cant|p2a: Luka Magic|par
|
|-weather|Snowscape|[upkeep]
|upkeep
|turn|32
|c|☆Snurke|Holy
|c|☆Snurke|fuck
|
|t:|1779950685
|move|p1a: Great Tusk|Rapid Spin|p2a: Luka Magic
|-damage|p2a: Luka Magic|0 fnt
|-boost|p1a: Great Tusk|spe|1
|faint|p2a: Luka Magic
|
|-weather|Snowscape|[upkeep]
|upkeep
|
|t:|1779950693
|switch|p2a: Stephortless|Mew, shiny|100/100
|-damage|p2a: Stephortless|88/100|[from] Stealth Rock
|turn|33
|
|t:|1779950698
|move|p1a: Great Tusk|Headlong Rush|p2a: Stephortless
|-damage|p2a: Stephortless|37/100
|-unboost|p1a: Great Tusk|def|1
|-unboost|p1a: Great Tusk|spd|1
|move|p2a: Stephortless|Imprison|p2a: Stephortless
|-start|p2a: Stephortless|move: Imprison
|
|-weather|Snowscape|[upkeep]
|-heal|p2a: Stephortless|43/100|[from] item: Leftovers
|upkeep
|turn|34
|
|t:|1779950710
|-end|p1a: Great Tusk|Protosynthesis|[silent]
|switch|p1a: Tornadus|Tornadus-Therian, M|93/100
|move|p2a: Stephortless|Transform|p1a: Tornadus
|-transform|p2a: Stephortless|p1a: Tornadus
|
|-weather|none
|-heal|p2a: Stephortless|49/100|[from] item: Leftovers
|upkeep
|turn|35
|
|t:|1779950721
|switch|p1a: Slowking|Slowking-Galar, F|90/100 brn
|move|p2a: Stephortless|U-turn|p1a: Slowking
|-damage|p1a: Slowking|80/100 brn
|
|t:|1779950725
|switch|p2a: Lebronto James|Great Tusk|51/100 psn|[from] U-turn
|-damage|p2a: Lebronto James|48/100 psn|[from] Stealth Rock
|
|-heal|p2a: Lebronto James|54/100 psn|[from] item: Leftovers
|-damage|p2a: Lebronto James|42/100 psn|[from] psn
|-damage|p1a: Slowking|74/100 brn|[from] brn
|upkeep
|turn|36
|
|t:|1779950730
|switch|p1a: Tornadus|Tornadus-Therian, M|100/100
|move|p2a: Lebronto James|Rapid Spin|p1a: Tornadus
|-damage|p1a: Tornadus|82/100
|-boost|p2a: Lebronto James|spe|1
|-sideend|p2: Snurke|Stealth Rock|[from] move: Rapid Spin|[of] p2a: Lebronto James
|
|-heal|p2a: Lebronto James|48/100 psn|[from] item: Leftovers
|-damage|p2a: Lebronto James|36/100 psn|[from] psn
|upkeep
|turn|37
|
|t:|1779950735
|move|p2a: Lebronto James|Stealth Rock|p1a: Tornadus
|-sidestart|p1: obamaisbiden|move: Stealth Rock
|move|p1a: Tornadus|Bleakwind Storm|p2a: Lebronto James|[miss]
|-miss|p1a: Tornadus|p2a: Lebronto James
|
|-heal|p2a: Lebronto James|42/100 psn|[from] item: Leftovers
|-damage|p2a: Lebronto James|29/100 psn|[from] psn
|upkeep
|turn|38
|
|t:|1779950742
|move|p2a: Lebronto James|Ice Spinner|p1a: Tornadus
|-supereffective|p1a: Tornadus
|-damage|p1a: Tornadus|30/100
|move|p1a: Tornadus|Heat Wave|p2a: Lebronto James
|-damage|p2a: Lebronto James|0 fnt
|faint|p2a: Lebronto James
|-end|p2a: Lebronto James|Protosynthesis|[silent]
|
|upkeep
|
|t:|1779950750
|switch|p2a: Crafty Lil' Shai|Samurott-Hisui, F, shiny|45/100 frz
|turn|39
|
|t:|1779950754
|move|p1a: Tornadus|U-turn|p2a: Crafty Lil' Shai
|-supereffective|p2a: Crafty Lil' Shai
|-damage|p2a: Crafty Lil' Shai|13/100 frz
|
|t:|1779950756
|switch|p1a: Great Tusk|Great Tusk|32/100|[from] U-turn
|-damage|p1a: Great Tusk|29/100|[from] Stealth Rock
|cant|p2a: Crafty Lil' Shai|frz
|
|upkeep
|turn|40
|
|t:|1779950768
|switch|p2a: Draymoney Green|Tornadus-Therian, M, shiny|50/100
|move|p1a: Great Tusk|Stealth Rock|p2a: Draymoney Green
|-sidestart|p2: Snurke|move: Stealth Rock
|
|upkeep
|turn|41
|
|t:|1779950787
|-terastallize|p1a: Great Tusk|Steel
|move|p2a: Draymoney Green|Bleakwind Storm|p1a: Great Tusk
|-resisted|p1a: Great Tusk
|-damage|p1a: Great Tusk|0 fnt
|faint|p1a: Great Tusk
|-end|p1a: Great Tusk|Protosynthesis|[silent]
|
|upkeep
|
|t:|1779950797
|switch|p1a: Tornadus|Tornadus-Therian, M|63/100
|-damage|p1a: Tornadus|38/100|[from] Stealth Rock
|turn|42
|
|t:|1779950805
|move|p2a: Draymoney Green|Bleakwind Storm|p1a: Tornadus|[miss]
|-miss|p2a: Draymoney Green|p1a: Tornadus
|move|p1a: Tornadus|Bleakwind Storm|p2a: Draymoney Green
|-damage|p2a: Draymoney Green|11/100
|-unboost|p2a: Draymoney Green|spe|1
|
|upkeep
|turn|43
|
|t:|1779950818
|switch|p2a: Crafty Lil' Shai|Samurott-Hisui, F, shiny|13/100 frz
|-damage|p2a: Crafty Lil' Shai|0 fnt|[from] Stealth Rock
|faint|p2a: Crafty Lil' Shai
|move|p1a: Tornadus|Knock Off|p2: Crafty Lil' Shai|[notarget]
|-fail|p1a: Tornadus
|
|upkeep
|
|t:|1779950827
|switch|p2a: Stephortless|Mew, shiny|82/100
|-damage|p2a: Stephortless|70/100|[from] Stealth Rock
|turn|44
|
|t:|1779950830
|move|p1a: Tornadus|Knock Off|p2a: Stephortless
|-supereffective|p2a: Stephortless
|-damage|p2a: Stephortless|36/100
|-enditem|p2a: Stephortless|Leftovers|[from] move: Knock Off|[of] p1a: Tornadus
|move|p2a: Stephortless|Imprison|p2a: Stephortless
|-start|p2a: Stephortless|move: Imprison
|
|upkeep
|turn|45
|
|t:|1779950857
|move|p1a: Tornadus|Bleakwind Storm|p2a: Stephortless
|-damage|p2a: Stephortless|6/100
|move|p2a: Stephortless|Transform|p1a: Tornadus
|-transform|p2a: Stephortless|p1a: Tornadus
|
|upkeep
|turn|46
|
|t:|1779950865
|-activate|p1a: Tornadus|move: Struggle
|move|p1a: Tornadus|Struggle|p2a: Stephortless
|-damage|p2a: Stephortless|0 fnt
|faint|p2a: Stephortless
|-damage|p1a: Tornadus|13/100|[from] recoil
|
|upkeep
|-message|Snurke forfeited.
|
|win|obamaisbiden
|raw|obamaisbiden's rating: 1512 &rarr; <strong>1533</strong><br />(+21 for winning)
|raw|Snurke's rating: 1527 &rarr; <strong>1506</strong><br />(-21 for losing)
|l|☆Snurke
|player|p2|
|l|‽obamaisbiden
|player|p1|
