|j|☆meat taker
|j|☆nbsaya
|t:|1779804177
|gametype|singles
|player|p1|meat taker|lance|1105
|player|p2|nbsaya|benga|1083
|gen|9
|tier|[Gen 9] OU
|rated|
|rule|HP Percentage Mod: HP is shown in percentages
|rule|Endless Battle Clause: Forcing endless battles is banned
|rule|Species Clause: Limit one of each Pokémon
|rule|OHKO Clause: OHKO moves are banned
|rule|Evasion Items Clause: Evasion items are banned
|rule|Evasion Moves Clause: Evasion moves are banned
|rule|Evasion Abilities Clause: Evasion abilities are banned
|rule|Sleep Moves Clause: Sleep-inducing moves are banned
|clearpoke
|poke|p1|Swampert, M|
|poke|p1|Jirachi|
|poke|p1|Scizor, F|
|poke|p1|Rotom-Mow|
|poke|p1|Gyarados, F|
|poke|p1|Infernape, F|
|poke|p2|Great Tusk|
|poke|p2|Gholdengo|
|poke|p2|Dragonite, M|
|poke|p2|Kingambit, M|
|poke|p2|Raging Bolt|
|poke|p2|Ogerpon-Wellspring, F|
|teampreview
|inactive|Battle timer is ON: inactive players will automatically lose when time's up. (requested by nbsaya)
|
|t:|1779804199
|teamsize|p1|6
|teamsize|p2|6
|start
|switch|p1a: Swampert|Swampert, M, shiny|100/100
|switch|p2a: Gholdengo|Gholdengo|100/100
|-item|p2a: Gholdengo|Air Balloon
|turn|1
|
|t:|1779804206
|move|p2a: Gholdengo|Nasty Plot|p2a: Gholdengo
|-boost|p2a: Gholdengo|spa|2
|move|p1a: Swampert|Stealth Rock|p2a: Gholdengo
|-sidestart|p2: nbsaya|move: Stealth Rock
|
|upkeep
|turn|2
|
|t:|1779804219
|move|p2a: Gholdengo|Nasty Plot|p2a: Gholdengo
|-boost|p2a: Gholdengo|spa|2
|move|p1a: Swampert|Flip Turn|p2a: Gholdengo
|-damage|p2a: Gholdengo|77/100
|-enditem|p2a: Gholdengo|Air Balloon
|
|t:|1779804226
|switch|p1a: Infernape|Infernape, F|100/100|[from] Flip Turn
|
|upkeep
|turn|3
|
|t:|1779804232
|move|p1a: Infernape|Flare Blitz|p2a: Gholdengo
|-supereffective|p2a: Gholdengo
|-damage|p2a: Gholdengo|0 fnt
|faint|p2a: Gholdengo
|-damage|p1a: Infernape|74/100|[from] Recoil
|-damage|p1a: Infernape|64/100|[from] item: Life Orb
|
|upkeep
|
|t:|1779804236
|switch|p2a: Dragonite|Dragonite, M|100/100
|turn|4
|
|t:|1779804247
|switch|p1a: Swampert|Swampert, M, shiny|100/100
|move|p2a: Dragonite|Earthquake|p1a: Swampert
|-damage|p1a: Swampert|75/100
|
|-heal|p1a: Swampert|82/100|[from] item: Leftovers
|upkeep
|turn|5
|
|t:|1779804253
|move|p2a: Dragonite|Dragon Dance|p2a: Dragonite
|-boost|p2a: Dragonite|atk|1
|-boost|p2a: Dragonite|spe|1
|move|p1a: Swampert|Ice Beam|p2a: Dragonite
|-supereffective|p2a: Dragonite
|-damage|p2a: Dragonite|66/100
|-status|p2a: Dragonite|frz
|
|-heal|p1a: Swampert|88/100|[from] item: Leftovers
|upkeep
|turn|6
|
|t:|1779804264
|cant|p2a: Dragonite|frz
|move|p1a: Swampert|Ice Beam|p2a: Dragonite
|-supereffective|p2a: Dragonite
|-damage|p2a: Dragonite|0 fnt
|faint|p2a: Dragonite
|
|-heal|p1a: Swampert|94/100|[from] item: Leftovers
|upkeep
|
|t:|1779804267
|switch|p2a: Great Tusk|Great Tusk|100/100
|-damage|p2a: Great Tusk|98/100|[from] Stealth Rock
|turn|7
|
|t:|1779804273
|move|p2a: Great Tusk|Rapid Spin|p1a: Swampert
|-damage|p1a: Swampert|84/100
|-boost|p2a: Great Tusk|spe|1
|-sideend|p2: nbsaya|Stealth Rock|[from] move: Rapid Spin|[of] p2a: Great Tusk
|move|p1a: Swampert|Flip Turn|p2a: Great Tusk
|-supereffective|p2a: Great Tusk
|-damage|p2a: Great Tusk|77/100
|
|t:|1779804279
|switch|p1a: Gyarados|Gyarados, F|100/100|[from] Flip Turn
|-ability|p1a: Gyarados|Intimidate|boost
|-unboost|p2a: Great Tusk|atk|1
|
|-heal|p2a: Great Tusk|83/100|[from] item: Leftovers
|upkeep
|turn|8
|
|t:|1779804285
|-end|p2a: Great Tusk|Protosynthesis|[silent]
|switch|p2a: Raging Bolt|Raging Bolt|100/100
|move|p1a: Gyarados|Dragon Dance|p1a: Gyarados
|-boost|p1a: Gyarados|atk|1
|-boost|p1a: Gyarados|spe|1
|
|upkeep
|turn|9
|
|t:|1779804296
|-terastallize|p2a: Raging Bolt|Electric
|move|p1a: Gyarados|Earthquake|p2a: Raging Bolt
|-supereffective|p2a: Raging Bolt
|-damage|p2a: Raging Bolt|25/100
|move|p2a: Raging Bolt|Thunderbolt|p1a: Gyarados
|-supereffective|p1a: Gyarados
|-damage|p1a: Gyarados|0 fnt
|faint|p1a: Gyarados
|
|upkeep
|
|t:|1779804303
|switch|p1a: Scizor|Scizor, F, shiny|100/100
|turn|10
|
|t:|1779804319
|move|p2a: Raging Bolt|Thunderbolt|p1a: Scizor
|-damage|p1a: Scizor|15/100
|move|p1a: Scizor|U-turn|p2a: Raging Bolt
|-damage|p2a: Raging Bolt|0 fnt
|faint|p2a: Raging Bolt
|-end|p2a: Raging Bolt|Protosynthesis|[silent]
|
|t:|1779804326
|switch|p1a: Jirachi|Jirachi|100/100|[from] U-turn
|
|upkeep
|
|t:|1779804332
|switch|p2a: Ogerpon|Ogerpon-Wellspring, F|100/100
|turn|11
|
|t:|1779804336
|move|p2a: Ogerpon|Ivy Cudgel|p1a: Jirachi|[anim] Ivy Cudgel Water
|-damage|p1a: Jirachi|54/100
|move|p1a: Jirachi|Wish|p1a: Jirachi
|
|-heal|p1a: Jirachi|60/100|[from] item: Leftovers
|upkeep
|turn|12
|
|t:|1779804344
|move|p2a: Ogerpon|Encore|p1a: Jirachi
|-start|p1a: Jirachi|Encore
|move|p1a: Jirachi|Wish||[still]
|-fail|p1a: Jirachi
|
|-heal|p1a: Jirachi|100/100|[from] move: Wish|[wisher] Jirachi
|upkeep
|turn|13
|
|t:|1779804353
|move|p2a: Ogerpon|Ivy Cudgel|p1a: Jirachi|[anim] Ivy Cudgel Water
|-damage|p1a: Jirachi|50/100
|move|p1a: Jirachi|Wish|p1a: Jirachi
|
|-heal|p1a: Jirachi|57/100|[from] item: Leftovers
|upkeep
|turn|14
|
|t:|1779804366
|switch|p1a: Rotom|Rotom-Mow, shiny|100/100
|move|p2a: Ogerpon|Ivy Cudgel|p1a: Rotom|[anim] Ivy Cudgel Water
|-resisted|p1a: Rotom
|-damage|p1a: Rotom|63/100
|
|-heal|p1a: Rotom|100/100|[from] move: Wish|[wisher] Jirachi
|upkeep
|turn|15
|
|t:|1779804391
|move|p2a: Ogerpon|U-turn|p1a: Rotom
|-supereffective|p1a: Rotom
|-damage|p1a: Rotom|20/100
|inactive|nbsaya has 120 seconds left.
|
|t:|1779804435
|switch|p2a: Great Tusk|Great Tusk|83/100|[from] U-turn
|move|p1a: Rotom|Thunderbolt|p2a: Great Tusk
|-immune|p2a: Great Tusk
|
|-heal|p1a: Rotom|26/100|[from] item: Leftovers
|-heal|p2a: Great Tusk|89/100|[from] item: Leftovers
|upkeep
|turn|16
|
|t:|1779804448
|move|p1a: Rotom|Leaf Storm|p2a: Great Tusk
|-supereffective|p2a: Great Tusk
|-damage|p2a: Great Tusk|0 fnt
|-unboost|p1a: Rotom|spa|2
|faint|p2a: Great Tusk
|-end|p2a: Great Tusk|Protosynthesis|[silent]
|
|-heal|p1a: Rotom|32/100|[from] item: Leftovers
|upkeep
|
|t:|1779804451
|switch|p2a: Ogerpon|Ogerpon-Wellspring, F|100/100
|turn|17
|
|t:|1779804461
|switch|p1a: Jirachi|Jirachi|57/100
|move|p2a: Ogerpon|Ivy Cudgel|p1a: Jirachi|[anim] Ivy Cudgel Water
|-damage|p1a: Jirachi|3/100
|
|-heal|p1a: Jirachi|9/100|[from] item: Leftovers
|upkeep
|turn|18
|
|t:|1779804471
|move|p1a: Jirachi|Protect|p1a: Jirachi
|-singleturn|p1a: Jirachi|Protect
|move|p2a: Ogerpon|Power Whip|p1a: Jirachi
|-activate|p1a: Jirachi|move: Protect
|
|-heal|p1a: Jirachi|16/100|[from] item: Leftovers
|upkeep
|turn|19
|
|t:|1779804480
|move|p2a: Ogerpon|Encore|p1a: Jirachi
|-start|p1a: Jirachi|Encore
|move|p1a: Jirachi|Protect||[still]
|-fail|p1a: Jirachi
|
|-heal|p1a: Jirachi|22/100|[from] item: Leftovers
|upkeep
|turn|20
|
|t:|1779804496
|switch|p1a: Swampert|Swampert, M, shiny|84/100
|move|p2a: Ogerpon|Power Whip|p1a: Swampert
|-supereffective|p1a: Swampert
|-damage|p1a: Swampert|0 fnt
|faint|p1a: Swampert
|
|upkeep
|
|t:|1779804500
|switch|p1a: Rotom|Rotom-Mow, shiny|32/100
|turn|21
|
|t:|1779804507
|move|p2a: Ogerpon|U-turn|p1a: Rotom
|-supereffective|p1a: Rotom
|-damage|p1a: Rotom|0 fnt
|faint|p1a: Rotom
|
|t:|1779804515
|switch|p2a: Kingambit|Kingambit, M|100/100|[from] U-turn
|-activate|p2a: Kingambit|ability: Supreme Overlord
|-start|p2a: Kingambit|fallen4|[silent]
|
|upkeep
|
|t:|1779804519
|switch|p1a: Scizor|Scizor, F, shiny|15/100
|turn|22
|
|t:|1779804526
|move|p2a: Kingambit|Sucker Punch|p1a: Scizor
|-damage|p1a: Scizor|0 fnt
|faint|p1a: Scizor
|
|upkeep
|
|t:|1779804530
|switch|p1a: Infernape|Infernape, F|64/100
|turn|23
|
|t:|1779804537
|move|p1a: Infernape|Mach Punch|p2a: Kingambit
|-supereffective|p2a: Kingambit
|-crit|p2a: Kingambit
|-damage|p2a: Kingambit|0 fnt
|faint|p2a: Kingambit
|-end|p2a: Kingambit|fallen4|[silent]
|-damage|p1a: Infernape|54/100|[from] item: Life Orb
|
|upkeep
|
|t:|1779804540
|switch|p2a: Ogerpon|Ogerpon-Wellspring, F|100/100
|turn|24
|
|t:|1779804569
|move|p1a: Infernape|Mach Punch|p2a: Ogerpon
|-damage|p2a: Ogerpon|64/100
|-damage|p1a: Infernape|44/100|[from] item: Life Orb
|move|p2a: Ogerpon|Ivy Cudgel|p1a: Infernape|[anim] Ivy Cudgel Water
|-supereffective|p1a: Infernape
|-damage|p1a: Infernape|0 fnt
|faint|p1a: Infernape
|
|upkeep
|
|t:|1779804573
|switch|p1a: Jirachi|Jirachi|22/100
|turn|25
|
|t:|1779804579
|move|p2a: Ogerpon|Ivy Cudgel|p1a: Jirachi|[anim] Ivy Cudgel Water
|-crit|p1a: Jirachi
|-damage|p1a: Jirachi|0 fnt
|faint|p1a: Jirachi
|
|win|nbsaya
|raw|meat taker's rating: 1105 &rarr; <strong>1078</strong><br />(-27 for losing)
|raw|nbsaya's rating: 1083 &rarr; <strong>1112</strong><br />(+29 for winning)
|l|☆nbsaya
|player|p2|
|l|☆meat taker
|player|p1|
