|j|☆yuhhhhuhhhh
|j|☆Beebo99
|t:|1779962609
|gametype|singles
|player|p1|yuhhhhuhhhh|102|1104
|player|p2|Beebo99|1|1126
|gen|9
|tier|[Gen 9] OU
|rated|
|rule|HP Percentage Mod: HP is shown in percentages
|rule|Endless Battle Clause: Forcing endless battles is banned
|rule|Species Clause: Limit one of each Pokémon
|rule|OHKO Clause: OHKO moves are banned
|rule|Evasion Items Clause: Evasion items are banned
|rule|Evasion Moves Clause: Evasion moves are banned
|rule|Evasion Abilities Clause: Evasion abilities are banned
|rule|Sleep Moves Clause: Sleep-inducing moves are banned
|clearpoke
|poke|p1|Ceruledge, F|
|poke|p1|Corviknight, F|
|poke|p1|Pikachu, M|
|poke|p1|Dondozo, F|
|poke|p1|Gholdengo|
|poke|p1|Darkrai|
|poke|p2|Weezing-Galar, F|
|poke|p2|Alomomola, F|
|poke|p2|Iron Treads|
|poke|p2|Tornadus-Therian, M|
|poke|p2|Zamazenta-*|
|poke|p2|Lokix, F|
|teampreview
|inactive|Battle timer is ON: inactive players will automatically lose when time's up. (requested by Beebo99)
|
|t:|1779962619
|teamsize|p1|6
|teamsize|p2|6
|start
|switch|p1a: Gholdengo|Gholdengo|100/100
|switch|p2a: Iron Treads|Iron Treads|100/100
|turn|1
|
|t:|1779962629
|-terastallize|p1a: Gholdengo|Steel
|move|p2a: Iron Treads|Earthquake|p1a: Gholdengo
|-supereffective|p1a: Gholdengo
|-damage|p1a: Gholdengo|21/100
|move|p1a: Gholdengo|Focus Blast|p2a: Iron Treads
|-supereffective|p2a: Iron Treads
|-damage|p2a: Iron Treads|14/100
|
|-heal|p2a: Iron Treads|20/100|[from] item: Leftovers
|upkeep
|turn|2
|
|t:|1779962642
|move|p2a: Iron Treads|Earthquake|p1a: Gholdengo
|-supereffective|p1a: Gholdengo
|-damage|p1a: Gholdengo|0 fnt
|faint|p1a: Gholdengo
|
|-heal|p2a: Iron Treads|26/100|[from] item: Leftovers
|upkeep
|
|t:|1779962651
|switch|p1a: Pikachu|Pikachu, M|100/100
|turn|3
|
|t:|1779962658
|move|p2a: Iron Treads|Earthquake|p1a: Pikachu
|-supereffective|p1a: Pikachu
|-damage|p1a: Pikachu|0 fnt
|faint|p1a: Pikachu
|
|-heal|p2a: Iron Treads|32/100|[from] item: Leftovers
|upkeep
|
|t:|1779962665
|switch|p1a: Corviknight|Corviknight, F|100/100
|-ability|p1a: Corviknight|Pressure
|-item|p1a: Corviknight|Air Balloon
|turn|4
|
|t:|1779962673
|-end|p2a: Iron Treads|Quark Drive|[silent]
|switch|p2a: Tornadus|Tornadus-Therian, M|100/100
|move|p1a: Corviknight|Flash Cannon|p2a: Tornadus
|-damage|p2a: Tornadus|89/100
|
|upkeep
|turn|5
|
|t:|1779962681
|switch|p1a: Darkrai|Darkrai|100/100
|-item|p1a: Darkrai|Air Balloon
|move|p2a: Tornadus|Heat Wave|p1a: Darkrai
|-damage|p1a: Darkrai|71/100
|-enditem|p1a: Darkrai|Air Balloon
|
|upkeep
|turn|6
|
|t:|1779962692
|move|p2a: Tornadus|U-turn|p1a: Darkrai
|-supereffective|p1a: Darkrai
|-damage|p1a: Darkrai|37/100
|
|t:|1779962706
|switch|p2a: Weezing|Weezing-Galar, F|100/100|[from] U-turn
|-ability|p2a: Weezing|Neutralizing Gas
|move|p1a: Darkrai|Brick Break|p2a: Weezing
|-resisted|p2a: Weezing
|-damage|p2a: Weezing|98/100
|
|-heal|p2a: Weezing|100/100|[from] item: Leftovers
|upkeep
|turn|7
|
|t:|1779962719
|switch|p1a: Dondozo|Dondozo, F|100/100
|-item|p1a: Dondozo|Air Balloon
|move|p2a: Weezing|Will-O-Wisp|p1a: Dondozo
|-status|p1a: Dondozo|brn
|
|-damage|p1a: Dondozo|94/100 brn|[from] brn
|upkeep
|turn|8
|
|t:|1779962733
|-end|p2a: Weezing|ability: Neutralizing Gas
|switch|p2a: Tornadus|Tornadus-Therian, M|100/100
|move|p1a: Dondozo|Avalanche|p2a: Tornadus
|-supereffective|p2a: Tornadus
|-crit|p2a: Tornadus
|-damage|p2a: Tornadus|77/100
|
|-damage|p1a: Dondozo|88/100 brn|[from] brn
|upkeep
|turn|9
|
|t:|1779962745
|move|p2a: Tornadus|Knock Off|p1a: Dondozo
|-damage|p1a: Dondozo|76/100 brn
|-enditem|p1a: Dondozo|Air Balloon
|move|p1a: Dondozo|Avalanche|p2a: Tornadus
|-supereffective|p2a: Tornadus
|-damage|p2a: Tornadus|43/100
|
|-damage|p1a: Dondozo|70/100 brn|[from] brn
|upkeep
|turn|10
|
|t:|1779962755
|move|p2a: Tornadus|U-turn|p1a: Dondozo
|-damage|p1a: Dondozo|60/100 brn
|
|t:|1779962760
|switch|p2a: Alomomola|Alomomola, F|100/100|[from] U-turn
|move|p1a: Dondozo|Aqua Tail|p2a: Alomomola
|-resisted|p2a: Alomomola
|-damage|p2a: Alomomola|95/100
|-damage|p1a: Dondozo|44/100 brn|[from] item: Rocky Helmet|[of] p2a: Alomomola
|
|-damage|p1a: Dondozo|38/100 brn|[from] brn
|upkeep
|turn|11
|
|t:|1779962777
|switch|p1a: Ceruledge|Ceruledge, F|100/100
|-item|p1a: Ceruledge|Air Balloon
|move|p2a: Alomomola|Tickle|p1a: Ceruledge
|-unboost|p1a: Ceruledge|atk|1
|-unboost|p1a: Ceruledge|def|1
|
|upkeep
|turn|12
|
|t:|1779962789
|switch|p1a: Corviknight|Corviknight, F|100/100
|-ability|p1a: Corviknight|Pressure
|-item|p1a: Corviknight|Air Balloon
|move|p2a: Alomomola|Flip Turn|p1a: Corviknight
|-damage|p1a: Corviknight|85/100
|-enditem|p1a: Corviknight|Air Balloon
|
|t:|1779962798
|switch|p2a: Tornadus|Tornadus-Therian, M|76/100|[from] Flip Turn
|
|upkeep
|turn|13
|
|t:|1779962805
|switch|p1a: Ceruledge|Ceruledge, F|100/100
|-item|p1a: Ceruledge|Air Balloon
|move|p2a: Tornadus|Heat Wave|p1a: Ceruledge
|-start|p1a: Ceruledge|ability: Flash Fire
|
|upkeep
|turn|14
|
|t:|1779962815
|-end|p1a: Ceruledge|ability: Flash Fire|[silent]
|switch|p1a: Corviknight|Corviknight, F|85/100
|-ability|p1a: Corviknight|Pressure
|move|p2a: Tornadus|Knock Off|p1a: Corviknight
|-damage|p1a: Corviknight|74/100
|
|upkeep
|turn|15
|
|t:|1779962825
|switch|p1a: Ceruledge|Ceruledge, F|100/100
|-item|p1a: Ceruledge|Air Balloon
|move|p2a: Tornadus|Knock Off|p1a: Ceruledge
|-supereffective|p1a: Ceruledge
|-damage|p1a: Ceruledge|53/100
|-enditem|p1a: Ceruledge|Air Balloon
|
|upkeep
|turn|16
|
|t:|1779962834
|switch|p1a: Corviknight|Corviknight, F|74/100
|-ability|p1a: Corviknight|Pressure
|move|p2a: Tornadus|Knock Off|p1a: Corviknight
|-damage|p1a: Corviknight|62/100
|
|upkeep
|turn|17
|
|t:|1779962843
|move|p2a: Tornadus|Knock Off|p1a: Corviknight
|-damage|p1a: Corviknight|49/100
|move|p1a: Corviknight|Drill Peck|p2a: Tornadus
|-crit|p2a: Tornadus
|-damage|p2a: Tornadus|35/100
|
|upkeep
|turn|18
|
|t:|1779962852
|move|p2a: Tornadus|Heat Wave|p1a: Corviknight
|-supereffective|p1a: Corviknight
|-damage|p1a: Corviknight|2/100
|move|p1a: Corviknight|Flash Cannon|p2a: Tornadus
|-damage|p2a: Tornadus|23/100
|
|upkeep
|turn|19
|
|t:|1779962860
|switch|p1a: Ceruledge|Ceruledge, F|53/100
|move|p2a: Tornadus|U-turn|p1a: Ceruledge
|-resisted|p1a: Ceruledge
|-damage|p1a: Ceruledge|49/100
|
|t:|1779962865
|switch|p2a: Alomomola|Alomomola, F|100/100|[from] U-turn
|
|upkeep
|turn|20
|-message|yuhhhhuhhhh forfeited.
|
|win|Beebo99
|raw|yuhhhhuhhhh's rating: 1104 &rarr; <strong>1081</strong><br />(-23 for losing)
|raw|Beebo99's rating: 1126 &rarr; <strong>1149</strong><br />(+23 for winning)
|l|☆yuhhhhuhhhh
|player|p1|
|l|☆Beebo99
|player|p2|
