|j|☆Mcalmic
|j|‽Seelengrab
|t:|1779875793
|gametype|singles
|player|p1|Mcalmic|2|1290
|player|p2|Seelengrab|riley|1368
|gen|9
|tier|[Gen 9] OU
|rated|
|rule|HP Percentage Mod: HP is shown in percentages
|rule|Endless Battle Clause: Forcing endless battles is banned
|rule|Species Clause: Limit one of each Pokémon
|rule|OHKO Clause: OHKO moves are banned
|rule|Evasion Items Clause: Evasion items are banned
|rule|Evasion Moves Clause: Evasion moves are banned
|rule|Evasion Abilities Clause: Evasion abilities are banned
|rule|Sleep Moves Clause: Sleep-inducing moves are banned
|clearpoke
|poke|p1|Gliscor, F|
|poke|p1|Gholdengo|
|poke|p1|Dragonite, M|
|poke|p1|Ting-Lu|
|poke|p1|Darkrai|
|poke|p1|Zamazenta-*|
|poke|p2|Cramorant, F|
|poke|p2|Gallade, M|
|poke|p2|Kingambit, M|
|poke|p2|Iron Moth|
|poke|p2|Enamorus, F|
|poke|p2|Ogerpon-Cornerstone, F|
|teampreview
|inactive|Battle timer is ON: inactive players will automatically lose when time's up. (requested by Seelengrab)
|
|t:|1779875799
|teamsize|p1|6
|teamsize|p2|6
|start
|switch|p1a: Ting-Lu|Ting-Lu|100/100
|switch|p2a: Cramorant|Cramorant, F, shiny|100/100
|-ability|p1a: Ting-Lu|Vessel of Ruin
|turn|1
|
|t:|1779875806
|move|p2a: Cramorant|Surf|p1a: Ting-Lu
|-formechange|p2a: Cramorant|Cramorant-Gulping|
|-supereffective|p1a: Ting-Lu
|-damage|p1a: Ting-Lu|70/100
|move|p1a: Ting-Lu|Stealth Rock|p2a: Cramorant
|-sidestart|p2: Seelengrab|move: Stealth Rock
|
|-heal|p1a: Ting-Lu|76/100|[from] item: Leftovers
|upkeep
|turn|2
|
|t:|1779875819
|move|p2a: Cramorant|Surf|p1a: Ting-Lu
|-supereffective|p1a: Ting-Lu
|-damage|p1a: Ting-Lu|43/100
|move|p1a: Ting-Lu|Whirlwind|p2a: Cramorant
|drag|p2a: Enamorus|Enamorus, F, shiny|100/100
|-damage|p2a: Enamorus|76/100|[from] Stealth Rock
|
|-heal|p1a: Ting-Lu|49/100|[from] item: Leftovers
|upkeep
|turn|3
|
|t:|1779875835
|switch|p1a: Gholdengo|Gholdengo|100/100
|move|p2a: Enamorus|Superpower|p1a: Gholdengo
|-immune|p1a: Gholdengo
|
|upkeep
|turn|4
|
|t:|1779875844
|move|p1a: Gholdengo|Make It Rain|p2a: Enamorus
|-supereffective|p2a: Enamorus
|-damage|p2a: Enamorus|0 fnt
|-unboost|p1a: Gholdengo|spa|1
|faint|p2a: Enamorus
|
|upkeep
|
|t:|1779875848
|switch|p2a: Cramorant|Cramorant, F, shiny|100/100
|-damage|p2a: Cramorant|76/100|[from] Stealth Rock
|turn|5
|
|t:|1779875873
|switch|p1a: Darkrai|Darkrai|100/100
|move|p2a: Cramorant|Defog|p1a: Darkrai
|-unboost|p1a: Darkrai|evasion|1
|-sideend|p2: Seelengrab|Stealth Rock|[from] move: Defog|[of] p2a: Cramorant
|
|upkeep
|turn|6
|
|t:|1779875882
|move|p1a: Darkrai|Dark Pulse|p2a: Cramorant
|-damage|p2a: Cramorant|18/100
|move|p2a: Cramorant|Tailwind|p2a: Cramorant
|-sidestart|p2: Seelengrab|move: Tailwind
|
|upkeep
|turn|7
|
|t:|1779875891
|move|p2a: Cramorant|Surf|p1a: Darkrai
|-formechange|p2a: Cramorant|Cramorant-Gorging|
|-damage|p1a: Darkrai|51/100
|move|p1a: Darkrai|Will-O-Wisp|p2a: Cramorant
|-status|p2a: Cramorant|brn
|
|-damage|p2a: Cramorant|12/100 brn|[from] brn
|upkeep
|turn|8
|
|t:|1779875900
|switch|p1a: Ting-Lu|Ting-Lu|49/100
|-ability|p1a: Ting-Lu|Vessel of Ruin
|move|p2a: Cramorant|Surf|p1a: Ting-Lu
|-supereffective|p1a: Ting-Lu
|-damage|p1a: Ting-Lu|15/100
|
|-heal|p1a: Ting-Lu|21/100|[from] item: Leftovers
|-damage|p2a: Cramorant|6/100 brn|[from] brn
|upkeep
|turn|9
|
|t:|1779875911
|move|p2a: Cramorant|Surf|p1a: Ting-Lu
|-supereffective|p1a: Ting-Lu
|-damage|p1a: Ting-Lu|0 fnt
|faint|p1a: Ting-Lu
|
|-damage|p2a: Cramorant|0 fnt|[from] brn
|faint|p2a: Cramorant
|-sideend|p2: Seelengrab|move: Tailwind
|upkeep
|
|t:|1779875920
|switch|p2a: Ogerpon|Ogerpon-Cornerstone, F|100/100
|switch|p1a: Darkrai|Darkrai|51/100
|turn|10
|
|t:|1779875928
|move|p1a: Darkrai|Will-O-Wisp|p2a: Ogerpon
|-status|p2a: Ogerpon|brn
|move|p2a: Ogerpon|Trailblaze|p1a: Darkrai
|-damage|p1a: Darkrai|31/100
|-boost|p2a: Ogerpon|spe|1
|
|-damage|p2a: Ogerpon|95/100 brn|[from] brn
|upkeep
|turn|11
|
|t:|1779875941
|move|p2a: Ogerpon|Swords Dance|p2a: Ogerpon
|-boost|p2a: Ogerpon|atk|2
|move|p1a: Darkrai|Ice Beam|p2a: Ogerpon
|-supereffective|p2a: Ogerpon
|-damage|p2a: Ogerpon|23/100 brn
|
|-damage|p2a: Ogerpon|17/100 brn|[from] brn
|upkeep
|turn|12
|
|t:|1779875959
|move|p2a: Ogerpon|Ivy Cudgel|p1a: Darkrai|[anim] Ivy Cudgel Rock
|-damage|p1a: Darkrai|0 fnt
|faint|p1a: Darkrai
|
|-damage|p2a: Ogerpon|11/100 brn|[from] brn
|upkeep
|
|t:|1779875973
|switch|p1a: Dragonite|Dragonite, M|100/100
|turn|13
|
|t:|1779875984
|move|p1a: Dragonite|Extreme Speed|p2a: Ogerpon
|-resisted|p2a: Ogerpon
|-damage|p2a: Ogerpon|0 fnt
|faint|p2a: Ogerpon
|
|upkeep
|
|t:|1779875993
|switch|p2a: Iron Moth|Iron Moth, shiny|100/100
|-enditem|p2a: Iron Moth|Booster Energy
|-activate|p2a: Iron Moth|ability: Quark Drive|[fromitem]
|-start|p2a: Iron Moth|quarkdrivespe
|turn|14
|
|t:|1779876009
|move|p2a: Iron Moth|Dazzling Gleam|p1a: Dragonite
|-supereffective|p1a: Dragonite
|-damage|p1a: Dragonite|74/100
|move|p1a: Dragonite|Earthquake|p2a: Iron Moth
|-supereffective|p2a: Iron Moth
|-damage|p2a: Iron Moth|0 fnt
|faint|p2a: Iron Moth
|-end|p2a: Iron Moth|Quark Drive|[silent]
|
|upkeep
|
|t:|1779876025
|switch|p2a: Gallade|Gallade, M, shiny|100/100
|turn|15
|
|t:|1779876040
|-terastallize|p2a: Gallade|Ghost
|move|p1a: Dragonite|Extreme Speed|p2a: Gallade
|-immune|p2a: Gallade
|move|p2a: Gallade|Swords Dance|p2a: Gallade
|-boost|p2a: Gallade|atk|2
|
|upkeep
|turn|16
|
|t:|1779876052
|move|p2a: Gallade|Psycho Cut|p1a: Dragonite
|-damage|p1a: Dragonite|0 fnt
|faint|p1a: Dragonite
|
|upkeep
|
|t:|1779876058
|switch|p1a: Gholdengo|Gholdengo|100/100
|turn|17
|
|t:|1779876067
|-terastallize|p1a: Gholdengo|Steel
|move|p2a: Gallade|Shadow Sneak|p1a: Gholdengo
|-crit|p1a: Gholdengo
|-damage|p1a: Gholdengo|28/100
|move|p1a: Gholdengo|Shadow Ball|p2a: Gallade
|-supereffective|p2a: Gallade
|-crit|p2a: Gallade
|-enditem|p2a: Gallade|Focus Sash
|-damage|p2a: Gallade|1/100
|
|upkeep
|turn|18
|
|t:|1779876079
|move|p2a: Gallade|Shadow Sneak|p1a: Gholdengo
|-damage|p1a: Gholdengo|0 fnt
|faint|p1a: Gholdengo
|
|upkeep
|
|t:|1779876094
|switch|p1a: Zamazenta|Zamazenta|100/100
|-ability|p1a: Zamazenta|Dauntless Shield|boost
|-boost|p1a: Zamazenta|def|1
|turn|19
|
|t:|1779876100
|move|p1a: Zamazenta|Heavy Slam|p2a: Gallade
|-damage|p2a: Gallade|0 fnt
|faint|p2a: Gallade
|
|upkeep
|
|t:|1779876103
|switch|p2a: Kingambit|Kingambit, M, shiny|100/100
|-activate|p2a: Kingambit|ability: Supreme Overlord
|-start|p2a: Kingambit|fallen5|[silent]
|turn|20
|
|t:|1779876111
|move|p1a: Zamazenta|Close Combat|p2a: Kingambit
|-supereffective|p2a: Kingambit
|-damage|p2a: Kingambit|0 fnt
|-unboost|p1a: Zamazenta|def|1
|-unboost|p1a: Zamazenta|spd|1
|faint|p2a: Kingambit
|-end|p2a: Kingambit|fallen5|[silent]
|
|win|Mcalmic
|raw|Mcalmic's rating: 1290 &rarr; <strong>1321</strong><br />(+31 for winning)
|raw|Seelengrab's rating: 1368 &rarr; <strong>1344</strong><br />(-24 for losing)
|l|‽Seelengrab
|player|p2|
