|j|‽aaagislash
|j|☆PieCubed^3
|t:|1779944935
|gametype|singles
|player|p1|aaagislash|266|1489
|player|p2|PieCubed^3|hilda-wonderlauncher|1435
|gen|9
|tier|[Gen 9] OU
|rated|
|rule|HP Percentage Mod: HP is shown in percentages
|rule|Endless Battle Clause: Forcing endless battles is banned
|rule|Species Clause: Limit one of each Pokémon
|rule|OHKO Clause: OHKO moves are banned
|rule|Evasion Items Clause: Evasion items are banned
|rule|Evasion Moves Clause: Evasion moves are banned
|rule|Evasion Abilities Clause: Evasion abilities are banned
|rule|Sleep Moves Clause: Sleep-inducing moves are banned
|clearpoke
|poke|p1|Moltres|
|poke|p1|Tyranitar, F|
|poke|p1|Slowking-Galar, M|
|poke|p1|Goodra-Hisui, M|
|poke|p1|Toxicroak, F|
|poke|p1|Breloom, M|
|poke|p2|Araquanid, F|
|poke|p2|Gholdengo|
|poke|p2|Kingambit, M|
|poke|p2|Raging Bolt|
|poke|p2|Keldeo-Resolute|
|poke|p2|Hoopa-Unbound|
|teampreview
|j| Kakimori
|
|t:|1779944974
|teamsize|p1|6
|teamsize|p2|6
|start
|switch|p1a: Breloom|Breloom, M|100/100
|switch|p2a: QUIL|Araquanid, F|100/100
|turn|1
|inactive|Battle timer is ON: inactive players will automatically lose when time's up. (requested by PieCubed^3)
|
|t:|1779944984
|move|p1a: Breloom|Bulk Up|p1a: Breloom
|-boost|p1a: Breloom|atk|1
|-boost|p1a: Breloom|def|1
|move|p2a: QUIL|Sticky Web|p1a: Breloom
|-sidestart|p1: aaagislash|move: Sticky Web
|
|-status|p1a: Breloom|tox|[from] item: Toxic Orb
|upkeep
|turn|2
|
|t:|1779944996
|move|p1a: Breloom|Force Palm|p2a: QUIL
|-resisted|p2a: QUIL
|-damage|p2a: QUIL|84/100
|move|p2a: QUIL|Lunge|p1a: Breloom
|-damage|p1a: Breloom|89/100 tox
|-unboost|p1a: Breloom|atk|1
|
|-heal|p1a: Breloom|100/100 tox|[from] ability: Poison Heal
|upkeep
|turn|3
|c| Kakimori|pour one out for my homie Spore, RIP
|
|t:|1779945002
|move|p1a: Breloom|Bulk Up|p1a: Breloom
|-boost|p1a: Breloom|atk|1
|-boost|p1a: Breloom|def|1
|move|p2a: QUIL|Lunge|p1a: Breloom
|-damage|p1a: Breloom|92/100 tox
|-unboost|p1a: Breloom|atk|1
|
|-heal|p1a: Breloom|100/100 tox|[from] ability: Poison Heal
|upkeep
|turn|4
|
|t:|1779945016
|move|p1a: Breloom|Force Palm|p2a: QUIL
|-resisted|p2a: QUIL
|-damage|p2a: QUIL|70/100
|move|p2a: QUIL|Surf|p1a: Breloom
|-resisted|p1a: Breloom
|-damage|p1a: Breloom|72/100 tox
|
|-heal|p1a: Breloom|84/100 tox|[from] ability: Poison Heal
|upkeep
|turn|5
|
|t:|1779945022
|move|p1a: Breloom|Bulk Up|p1a: Breloom
|-boost|p1a: Breloom|atk|1
|-boost|p1a: Breloom|def|1
|move|p2a: QUIL|Lunge|p1a: Breloom
|-damage|p1a: Breloom|77/100 tox
|-unboost|p1a: Breloom|atk|1
|
|-heal|p1a: Breloom|89/100 tox|[from] ability: Poison Heal
|upkeep
|turn|6
|
|t:|1779945025
|move|p1a: Breloom|Bulk Up|p1a: Breloom
|-boost|p1a: Breloom|atk|1
|-boost|p1a: Breloom|def|1
|move|p2a: QUIL|Surf|p1a: Breloom
|-resisted|p1a: Breloom
|-damage|p1a: Breloom|59/100 tox
|
|-heal|p1a: Breloom|71/100 tox|[from] ability: Poison Heal
|upkeep
|turn|7
|
|t:|1779945034
|move|p1a: Breloom|Force Palm|p2a: QUIL
|-resisted|p2a: QUIL
|-damage|p2a: QUIL|51/100
|move|p2a: QUIL|Lunge|p1a: Breloom
|-damage|p1a: Breloom|64/100 tox
|-unboost|p1a: Breloom|atk|1
|
|-heal|p1a: Breloom|77/100 tox|[from] ability: Poison Heal
|upkeep
|turn|8
|
|t:|1779945043
|move|p1a: Breloom|Bulk Up|p1a: Breloom
|-boost|p1a: Breloom|atk|1
|-boost|p1a: Breloom|def|1
|move|p2a: QUIL|Surf|p1a: Breloom
|-resisted|p1a: Breloom
|-damage|p1a: Breloom|50/100 tox
|
|-heal|p1a: Breloom|62/100 tox|[from] ability: Poison Heal
|upkeep
|turn|9
|
|t:|1779945059
|move|p1a: Breloom|Force Palm|p2a: QUIL
|-resisted|p2a: QUIL
|-damage|p2a: QUIL|33/100
|move|p2a: QUIL|Surf|p1a: Breloom
|-resisted|p1a: Breloom
|-damage|p1a: Breloom|35/100 tox
|
|-heal|p1a: Breloom|48/100 tox|[from] ability: Poison Heal
|upkeep
|turn|10
|
|t:|1779945068
|move|p1a: Breloom|Poison Jab|p2a: QUIL
|-damage|p2a: QUIL|2/100
|move|p2a: QUIL|Endeavor|p1a: Breloom
|-damage|p1a: Breloom|2/100 tox
|
|-heal|p1a: Breloom|15/100 tox|[from] ability: Poison Heal
|upkeep
|turn|11
|-enditem|p2a: QUIL|Custap Berry|[eat]
|-activate|p2a: QUIL|item: Custap Berry|[consumed]
|
|t:|1779945077
|move|p2a: QUIL|Surf|p1a: Breloom
|-resisted|p1a: Breloom
|-damage|p1a: Breloom|0 fnt
|faint|p1a: Breloom
|
|upkeep
|
|t:|1779945089
|switch|p1a: Moltres|Moltres|100/100
|turn|12
|
|t:|1779945096
|move|p1a: Moltres|Flamethrower|p2a: QUIL
|-damage|p2a: QUIL|0 fnt
|faint|p2a: QUIL
|
|upkeep
|
|t:|1779945100
|switch|p2a: Keldeo|Keldeo-Resolute|100/100
|turn|13
|
|t:|1779945103
|switch|p1a: Slowking|Slowking-Galar, M|100/100
|-activate|p1a: Slowking|move: Sticky Web
|-unboost|p1a: Slowking|spe|1
|move|p2a: Keldeo|Substitute|p2a: Keldeo
|-start|p2a: Keldeo|Substitute
|-damage|p2a: Keldeo|76/100
|
|upkeep
|turn|14
|
|t:|1779945106
|move|p2a: Keldeo|Calm Mind|p2a: Keldeo
|-boost|p2a: Keldeo|spa|1
|-boost|p2a: Keldeo|spd|1
|move|p1a: Slowking|Sludge Bomb|p2a: Keldeo
|-activate|p2a: Keldeo|move: Substitute|[damage]
|
|upkeep
|turn|15
|
|t:|1779945115
|move|p2a: Keldeo|Calm Mind|p2a: Keldeo
|-boost|p2a: Keldeo|spa|1
|-boost|p2a: Keldeo|spd|1
|-prepare|p1a: Slowking|Chilly Reception|[premajor]
|move|p1a: Slowking|Chilly Reception|p1a: Slowking
|-weather|Snowscape
|
|t:|1779945116
|switch|p1a: Toxicroak|Toxicroak, F|100/100|[from] Chilly Reception
|
|-weather|Snowscape|[upkeep]
|upkeep
|turn|16
|
|t:|1779945129
|move|p2a: Keldeo|Secret Sword|p1a: Toxicroak
|-resisted|p1a: Toxicroak
|-damage|p1a: Toxicroak|48/100
|-damage|p2a: Keldeo|66/100|[from] item: Life Orb
|move|p1a: Toxicroak|Earthquake|p2a: Keldeo
|-end|p2a: Keldeo|Substitute
|
|-weather|Snowscape|[upkeep]
|upkeep
|turn|17
|
|t:|1779945136
|switch|p1a: Slowking|Slowking-Galar, M|100/100
|-activate|p1a: Slowking|move: Sticky Web
|-unboost|p1a: Slowking|spe|1
|move|p2a: Keldeo|Secret Sword|p1a: Slowking
|-resisted|p1a: Slowking
|-damage|p1a: Slowking|75/100
|-damage|p2a: Keldeo|56/100|[from] item: Life Orb
|
|-weather|Snowscape|[upkeep]
|upkeep
|turn|18
|
|t:|1779945140
|switch|p1a: Toxicroak|Toxicroak, F|48/100
|move|p2a: Keldeo|Substitute|p2a: Keldeo
|-start|p2a: Keldeo|Substitute
|-damage|p2a: Keldeo|31/100
|
|-weather|Snowscape|[upkeep]
|upkeep
|turn|19
|
|t:|1779945142
|switch|p1a: Slowking|Slowking-Galar, M|100/100
|-activate|p1a: Slowking|move: Sticky Web
|-unboost|p1a: Slowking|spe|1
|move|p2a: Keldeo|Secret Sword|p1a: Slowking
|-resisted|p1a: Slowking
|-damage|p1a: Slowking|76/100
|-damage|p2a: Keldeo|21/100|[from] item: Life Orb
|
|-weather|none
|upkeep
|turn|20
|
|t:|1779945147
|switch|p1a: Toxicroak|Toxicroak, F|48/100
|move|p2a: Keldeo|Secret Sword|p1a: Toxicroak
|-resisted|p1a: Toxicroak
|-damage|p1a: Toxicroak|0 fnt
|faint|p1a: Toxicroak
|-damage|p2a: Keldeo|11/100|[from] item: Life Orb
|
|upkeep
|
|t:|1779945151
|switch|p1a: Tyranitar|Tyranitar, F|100/100
|-activate|p1a: Tyranitar|move: Sticky Web
|-unboost|p1a: Tyranitar|spe|1
|-weather|Sandstorm|[from] ability: Sand Stream|[of] p1a: Tyranitar
|turn|21
|
|t:|1779945157
|switch|p1a: Slowking|Slowking-Galar, M|100/100
|-activate|p1a: Slowking|move: Sticky Web
|-unboost|p1a: Slowking|spe|1
|move|p2a: Keldeo|Surf|p1a: Slowking
|-damage|p1a: Slowking|5/100
|-damage|p2a: Keldeo|1/100|[from] item: Life Orb
|
|-weather|Sandstorm|[upkeep]
|-damage|p2a: Keldeo|0 fnt|[from] Sandstorm
|-damage|p1a: Slowking|0 fnt|[from] Sandstorm
|faint|p2a: Keldeo
|faint|p1a: Slowking
|upkeep
|c| Kakimori|this is truly beautiful
|
|t:|1779945177
|switch|p2a: Hoopa|Hoopa-Unbound|100/100
|switch|p1a: Moltres|Moltres|100/100
|turn|22
|
|t:|1779945182
|switch|p1a: Tyranitar|Tyranitar, F|100/100
|-activate|p1a: Tyranitar|move: Sticky Web
|-unboost|p1a: Tyranitar|spe|1
|move|p2a: Hoopa|Nasty Plot|p2a: Hoopa
|-boost|p2a: Hoopa|spa|2
|
|-weather|Sandstorm|[upkeep]
|-damage|p2a: Hoopa|95/100|[from] Sandstorm
|upkeep
|turn|23
|
|t:|1779945186
|move|p2a: Hoopa|Focus Blast|p1a: Tyranitar
|-supereffective|p1a: Tyranitar
|-damage|p1a: Tyranitar|0 fnt
|faint|p1a: Tyranitar
|
|-weather|Sandstorm|[upkeep]
|-damage|p2a: Hoopa|89/100|[from] Sandstorm
|upkeep
|
|t:|1779945192
|switch|p1a: Moltres|Moltres|100/100
|turn|24
|
|t:|1779945195
|move|p2a: Hoopa|Dark Pulse|p1a: Moltres
|-damage|p1a: Moltres|24/100
|cant|p1a: Moltres|flinch
|
|-weather|Sandstorm|[upkeep]
|-damage|p2a: Hoopa|83/100|[from] Sandstorm
|-damage|p1a: Moltres|18/100|[from] Sandstorm
|upkeep
|turn|25
|-message|aaagislash forfeited.
|
|win|PieCubed^3
|raw|aaagislash's rating: 1489 &rarr; <strong>1466</strong><br />(-23 for losing)
|raw|PieCubed^3's rating: 1435 &rarr; <strong>1458</strong><br />(+23 for winning)
|l|‽aaagislash
|player|p1|
|c| Kakimori|wp
|c| Kakimori|I like the Araquanid
|c|☆PieCubed^3|ty
|c| Kakimori|any special EVs?
|c|☆PieCubed^3|yes
|c| Kakimori|secret?
|c|☆PieCubed^3|i stole the set from an rmt
|c|☆PieCubed^3|its called zodiac webs
|c|☆PieCubed^3|by rainebowvaliant
|c| Kakimori|I'll check it ty
|c|☆PieCubed^3|EVs: 252 HP / 4 Atk / 128 Def / 4 SpA / 112 SpD / 8 Spe
|l|☆PieCubed^3
|player|p2|
