|j|☆npctypebeat
|j|☆Unnr
|t:|1779929334
|gametype|singles
|player|p1|npctypebeat|102|1248
|player|p2|Unnr|266|1244
|gen|9
|tier|[Gen 9] OU
|rated|
|rule|HP Percentage Mod: HP is shown in percentages
|rule|Endless Battle Clause: Forcing endless battles is banned
|rule|Species Clause: Limit one of each Pokémon
|rule|OHKO Clause: OHKO moves are banned
|rule|Evasion Items Clause: Evasion items are banned
|rule|Evasion Moves Clause: Evasion moves are banned
|rule|Evasion Abilities Clause: Evasion abilities are banned
|rule|Sleep Moves Clause: Sleep-inducing moves are banned
|clearpoke
|poke|p1|Gliscor, M|
|poke|p1|Ogerpon, F|
|poke|p1|Walking Wake|
|poke|p1|Blissey, F|
|poke|p1|Corviknight, M|
|poke|p1|Pecharunt|
|poke|p2|Regieleki|
|poke|p2|Raging Bolt|
|poke|p2|Overqwil, M|
|poke|p2|Greninja-*, M|
|poke|p2|Pelipper, M|
|poke|p2|Iron Treads|
|teampreview
|c|☆npctypebeat|hf
|inactive|Battle timer is ON: inactive players will automatically lose when time's up. (requested by npctypebeat)
|c|☆Unnr|u2
|
|t:|1779929346
|teamsize|p1|6
|teamsize|p2|6
|start
|switch|p1a: Gliscor|Gliscor, M|100/100
|switch|p2a: Messenger|Pelipper, M, shiny|100/100
|-weather|RainDance|[from] ability: Drizzle|[of] p2a: Messenger
|turn|1
|
|t:|1779929358
|switch|p1a: Blissey|Blissey, F|100/100
|move|p2a: Messenger|Knock Off|p1a: Blissey
|-damage|p1a: Blissey|88/100
|-enditem|p1a: Blissey|Heavy-Duty Boots|[from] move: Knock Off|[of] p2a: Messenger
|
|-weather|RainDance|[upkeep]
|upkeep
|turn|2
|
|t:|1779929373
|move|p2a: Messenger|U-turn|p1a: Blissey
|-damage|p1a: Blissey|79/100
|
|t:|1779929376
|switch|p2a: Byakko|Raging Bolt|100/100|[from] U-turn
|-enditem|p2a: Byakko|Booster Energy
|-activate|p2a: Byakko|ability: Protosynthesis|[fromitem]
|-start|p2a: Byakko|protosynthesisspa
|move|p1a: Blissey|Stealth Rock|p2a: Byakko
|-sidestart|p2: Unnr|move: Stealth Rock
|
|-weather|RainDance|[upkeep]
|upkeep
|turn|3
|
|t:|1779929397
|move|p2a: Byakko|Calm Mind|p2a: Byakko
|-boost|p2a: Byakko|spa|1
|-boost|p2a: Byakko|spd|1
|move|p1a: Blissey|Calm Mind|p1a: Blissey
|-boost|p1a: Blissey|spa|1
|-boost|p1a: Blissey|spd|1
|
|-weather|RainDance|[upkeep]
|upkeep
|turn|4
|
|t:|1779929402
|move|p2a: Byakko|Calm Mind|p2a: Byakko
|-boost|p2a: Byakko|spa|1
|-boost|p2a: Byakko|spd|1
|move|p1a: Blissey|Seismic Toss|p2a: Byakko
|-damage|p2a: Byakko|78/100
|
|-weather|RainDance|[upkeep]
|upkeep
|turn|5
|
|t:|1779929414
|move|p2a: Byakko|Thunderclap|p1a: Blissey
|-damage|p1a: Blissey|57/100
|move|p1a: Blissey|Seismic Toss|p2a: Byakko
|-damage|p2a: Byakko|56/100
|
|-weather|RainDance|[upkeep]
|upkeep
|turn|6
|
|t:|1779929422
|move|p2a: Byakko|Weather Ball|p1a: Blissey
|-damage|p1a: Blissey|26/100
|move|p1a: Blissey|Seismic Toss|p2a: Byakko
|-damage|p2a: Byakko|34/100
|
|-weather|RainDance|[upkeep]
|upkeep
|turn|7
|
|t:|1779929427
|switch|p1a: Walking Wake|Walking Wake|100/100
|move|p2a: Byakko|Weather Ball|p1a: Walking Wake
|-resisted|p1a: Walking Wake
|-damage|p1a: Walking Wake|52/100
|
|-weather|RainDance|[upkeep]
|upkeep
|turn|8
|
|t:|1779929433
|move|p2a: Byakko|Thunderclap|p1a: Walking Wake
|-damage|p1a: Walking Wake|0 fnt
|faint|p1a: Walking Wake
|-end|p1a: Walking Wake|Protosynthesis|[silent]
|
|-weather|none
|upkeep
|
|t:|1779929435
|switch|p1a: Gliscor|Gliscor, M|100/100
|turn|9
|
|t:|1779929449
|move|p1a: Gliscor|Earthquake|p2a: Byakko
|-supereffective|p2a: Byakko
|-damage|p2a: Byakko|0 fnt
|faint|p2a: Byakko
|-end|p2a: Byakko|Protosynthesis|[silent]
|
|-status|p1a: Gliscor|tox|[from] item: Toxic Orb
|upkeep
|
|t:|1779929452
|switch|p2a: Rage|Iron Treads, shiny|100/100
|-damage|p2a: Rage|97/100|[from] Stealth Rock
|-enditem|p2a: Rage|Booster Energy
|-activate|p2a: Rage|ability: Quark Drive|[fromitem]
|-start|p2a: Rage|quarkdrivespe
|turn|10
|
|t:|1779929473
|-end|p2a: Rage|Quark Drive|[silent]
|switch|p2a: Messenger|Pelipper, M, shiny|100/100
|-damage|p2a: Messenger|76/100|[from] Stealth Rock
|-weather|RainDance|[from] ability: Drizzle|[of] p2a: Messenger
|switch|p1a: Blissey|Blissey, F|26/100
|
|-weather|RainDance|[upkeep]
|upkeep
|turn|11
|
|t:|1779929483
|move|p2a: Messenger|Hurricane|p1a: Blissey
|-damage|p1a: Blissey|10/100
|-start|p1a: Blissey|confusion
|-activate|p1a: Blissey|confusion
|move|p1a: Blissey|Soft-Boiled|p1a: Blissey
|-heal|p1a: Blissey|60/100
|
|-weather|RainDance|[upkeep]
|upkeep
|turn|12
|
|t:|1779929494
|move|p2a: Messenger|U-turn|p1a: Blissey
|-damage|p1a: Blissey|51/100
|
|t:|1779929497
|switch|p2a: Rage|Iron Treads, shiny|97/100|[from] U-turn
|-damage|p2a: Rage|94/100|[from] Stealth Rock
|-end|p1a: Blissey|confusion
|move|p1a: Blissey|Soft-Boiled|p1a: Blissey
|-heal|p1a: Blissey|100/100
|
|-weather|RainDance|[upkeep]
|upkeep
|turn|13
|
|t:|1779929500
|move|p2a: Rage|Rapid Spin|p1a: Blissey
|-damage|p1a: Blissey|89/100
|-boost|p2a: Rage|spe|1
|-sideend|p2: Unnr|Stealth Rock|[from] move: Rapid Spin|[of] p2a: Rage
|move|p1a: Blissey|Seismic Toss|p2a: Rage
|-damage|p2a: Rage|63/100
|
|-weather|RainDance|[upkeep]
|upkeep
|turn|14
|
|t:|1779929523
|-end|p2a: Rage|Quark Drive|[silent]
|switch|p2a: Predator|Overqwil, M, shiny|100/100
|move|p1a: Blissey|Seismic Toss|p2a: Predator
|-damage|p2a: Predator|68/100
|
|-weather|RainDance|[upkeep]
|upkeep
|turn|15
|
|t:|1779929534
|move|p2a: Predator|Gunk Shot|p1a: Blissey
|-damage|p1a: Blissey|5/100
|-status|p1a: Blissey|psn
|-damage|p2a: Predator|58/100|[from] item: Life Orb
|move|p1a: Blissey|Seismic Toss|p2a: Predator
|-damage|p2a: Predator|26/100
|
|-weather|RainDance|[upkeep]
|-damage|p1a: Blissey|0 fnt|[from] psn
|faint|p1a: Blissey
|upkeep
|
|t:|1779929546
|switch|p1a: Pecharunt|Pecharunt|100/100
|turn|16
|
|t:|1779929550
|switch|p1a: Corviknight|Corviknight, M|100/100
|-ability|p1a: Corviknight|Pressure
|move|p2a: Predator|Crunch|p1a: Corviknight
|-damage|p1a: Corviknight|67/100
|-unboost|p1a: Corviknight|def|1
|-damage|p2a: Predator|16/100|[from] item: Life Orb
|
|-weather|RainDance|[upkeep]
|upkeep
|turn|17
|
|t:|1779929565
|switch|p2a: Rage|Iron Treads, shiny|63/100
|move|p1a: Corviknight|Roost|p1a: Corviknight
|-heal|p1a: Corviknight|100/100
|-singleturn|p1a: Corviknight|move: Roost
|
|-weather|none
|upkeep
|turn|18
|
|t:|1779929573
|move|p2a: Rage|Stealth Rock|p1a: Corviknight
|-sidestart|p1: npctypebeat|move: Stealth Rock
|move|p1a: Corviknight|U-turn|p2a: Rage
|-resisted|p2a: Rage
|-damage|p2a: Rage|57/100
|
|t:|1779929583
|switch|p1a: Ogerpon|Ogerpon, F|100/100|[from] U-turn
|
|upkeep
|turn|19
|inactive|Unnr has 120 seconds left.
|
|t:|1779929615
|move|p1a: Ogerpon|Ivy Cudgel|p2a: Rage
|-damage|p2a: Rage|15/100
|move|p2a: Rage|Steel Beam|p1a: Ogerpon
|-damage|p1a: Ogerpon|45/100
|-damage|p2a: Rage|0 fnt|[from] steelbeam
|faint|p2a: Rage
|-end|p2a: Rage|Quark Drive|[silent]
|
|upkeep
|inactive|Unnr has 120 seconds left.
|
|t:|1779929627
|switch|p2a: Messenger|Pelipper, M, shiny|76/100
|-weather|RainDance|[from] ability: Drizzle|[of] p2a: Messenger
|turn|20
|inactive|Unnr has 120 seconds left.
|
|t:|1779929639
|move|p1a: Ogerpon|Ivy Cudgel|p2a: Messenger
|-damage|p2a: Messenger|11/100
|move|p2a: Messenger|U-turn|p1a: Ogerpon
|-supereffective|p1a: Ogerpon
|-damage|p1a: Ogerpon|25/100
|
|t:|1779929656
|switch|p2a: Whiplash|Regieleki, shiny|100/100|[from] U-turn
|
|-weather|RainDance|[upkeep]
|upkeep
|turn|21
|
|t:|1779929662
|move|p2a: Whiplash|Swift|p1a: Ogerpon
|-damage|p1a: Ogerpon|0 fnt
|faint|p1a: Ogerpon
|
|-weather|RainDance|[upkeep]
|upkeep
|
|t:|1779929665
|switch|p1a: Pecharunt|Pecharunt|100/100
|turn|22
|inactive|Unnr has 120 seconds left.
|
|t:|1779929676
|switch|p2a: Predator|Overqwil, M, shiny|16/100
|move|p1a: Pecharunt|Malignant Chain|p2a: Predator
|-resisted|p2a: Predator
|-damage|p2a: Predator|0 fnt
|faint|p2a: Predator
|
|-weather|RainDance|[upkeep]
|upkeep
|
|t:|1779929687
|switch|p2a: Xeren|Greninja, M|100/100
|turn|23
|
|t:|1779929694
|move|p2a: Xeren|Dark Pulse|p1a: Pecharunt
|-supereffective|p1a: Pecharunt
|-damage|p1a: Pecharunt|7/100
|-damage|p2a: Xeren|91/100|[from] item: Life Orb
|move|p1a: Pecharunt|Malignant Chain|p2a: Xeren
|-damage|p2a: Xeren|40/100
|-status|p2a: Xeren|tox
|-start|p2a: Xeren|confusion|[from] ability: Poison Puppeteer|[of] p1a: Pecharunt
|
|-weather|RainDance|[upkeep]
|-damage|p2a: Xeren|34/100 tox|[from] psn
|upkeep
|turn|24
|
|t:|1779929708
|-activate|p2a: Xeren|confusion
|move|p2a: Xeren|Dark Pulse|p1a: Pecharunt
|-supereffective|p1a: Pecharunt
|-damage|p1a: Pecharunt|0 fnt
|faint|p1a: Pecharunt
|-ability|p2a: Xeren|Battle Bond|boost
|-boost|p2a: Xeren|atk|1
|-boost|p2a: Xeren|spa|1
|-boost|p2a: Xeren|spe|1
|-activate|p2a: Xeren|ability: Battle Bond
|-damage|p2a: Xeren|24/100 tox|[from] item: Life Orb
|
|-weather|RainDance|[upkeep]
|-damage|p2a: Xeren|12/100 tox|[from] psn
|upkeep
|
|t:|1779929718
|switch|p1a: Gliscor|Gliscor, M|100/100 tox
|-damage|p1a: Gliscor|88/100 tox|[from] Stealth Rock
|turn|25
|
|t:|1779929736
|-end|p2a: Xeren|confusion
|move|p2a: Xeren|Surf|p1a: Gliscor
|-supereffective|p1a: Gliscor
|-crit|p1a: Gliscor
|-damage|p1a: Gliscor|0 fnt
|faint|p1a: Gliscor
|-damage|p2a: Xeren|3/100 tox|[from] item: Life Orb
|
|-weather|RainDance|[upkeep]
|-damage|p2a: Xeren|0 fnt|[from] psn
|faint|p2a: Xeren
|upkeep
|
|t:|1779929743
|switch|p2a: Whiplash|Regieleki, shiny|100/100
|switch|p1a: Corviknight|Corviknight, M|100/100
|-ability|p1a: Corviknight|Pressure
|turn|26
|
|t:|1779929750
|move|p2a: Whiplash|Thunder|p1a: Corviknight
|-supereffective|p1a: Corviknight
|-damage|p1a: Corviknight|0 fnt
|faint|p1a: Corviknight
|
|win|Unnr
|raw|npctypebeat's rating: 1269 &rarr; <strong>1242</strong><br />(-27 for losing)
|raw|Unnr's rating: 1244 &rarr; <strong>1271</strong><br />(+27 for winning)
|c|☆npctypebeat|gg
|c|☆Unnr|gg
