|j|‽katholikon
|j|☆choispecs ironmoth
|t:|1779895039
|gametype|singles
|player|p1|katholikon|266|1623
|player|p2|choispecs ironmoth|lucas|1594
|gen|9
|tier|[Gen 9] OU
|rated|
|rule|HP Percentage Mod: HP is shown in percentages
|rule|Endless Battle Clause: Forcing endless battles is banned
|rule|Species Clause: Limit one of each Pokémon
|rule|OHKO Clause: OHKO moves are banned
|rule|Evasion Items Clause: Evasion items are banned
|rule|Evasion Moves Clause: Evasion moves are banned
|rule|Evasion Abilities Clause: Evasion abilities are banned
|rule|Sleep Moves Clause: Sleep-inducing moves are banned
|clearpoke
|poke|p1|Iron Boulder|
|poke|p1|Dragapult, F|
|poke|p1|Raging Bolt|
|poke|p1|Great Tusk|
|poke|p1|Ting-Lu|
|poke|p1|Corviknight, M|
|poke|p2|Kyurem|
|poke|p2|Cinderace, M|
|poke|p2|Kingambit, F|
|poke|p2|Landorus-Therian, M|
|poke|p2|Iron Valiant|
|poke|p2|Slowking-Galar, M|
|teampreview
|
|t:|1779895044
|teamsize|p1|6
|teamsize|p2|6
|start
|switch|p1a: Dragapult|Dragapult, F|100/100
|switch|p2a: Slowking|Slowking-Galar, M|100/100
|turn|1
|
|t:|1779895049
|move|p1a: Dragapult|Shadow Ball|p2a: Slowking
|-supereffective|p2a: Slowking
|-damage|p2a: Slowking|42/100
|-unboost|p2a: Slowking|spd|1
|-prepare|p2a: Slowking|Chilly Reception|[premajor]
|move|p2a: Slowking|Chilly Reception|p2a: Slowking
|-weather|Snowscape
|
|t:|1779895054
|switch|p2a: Kyurem|Kyurem|100/100|[from] Chilly Reception
|-ability|p2a: Kyurem|Pressure
|
|-weather|Snowscape|[upkeep]
|upkeep
|turn|2
|
|t:|1779895061
|switch|p1a: Corviknight|Corviknight, M|100/100
|-ability|p1a: Corviknight|Pressure
|move|p2a: Kyurem|Blizzard|p1a: Corviknight
|-damage|p1a: Corviknight|52/100
|-status|p1a: Corviknight|frz
|
|-weather|Snowscape|[upkeep]
|upkeep
|turn|3
|
|t:|1779895068
|move|p2a: Kyurem|Blizzard|p1a: Corviknight
|-damage|p1a: Corviknight|10/100 frz
|cant|p1a: Corviknight|frz
|
|-weather|Snowscape|[upkeep]
|upkeep
|turn|4
|
|t:|1779895071
|move|p2a: Kyurem|Blizzard|p1a: Corviknight
|-damage|p1a: Corviknight|0 fnt
|faint|p1a: Corviknight
|
|-weather|Snowscape|[upkeep]
|upkeep
|
|t:|1779895073
|switch|p1a: Iron Boulder|Iron Boulder|100/100
|-enditem|p1a: Iron Boulder|Booster Energy
|-activate|p1a: Iron Boulder|ability: Quark Drive|[fromitem]
|-start|p1a: Iron Boulder|quarkdrivespe
|turn|5
|
|t:|1779895077
|move|p1a: Iron Boulder|Swords Dance|p1a: Iron Boulder
|-boost|p1a: Iron Boulder|atk|2
|move|p2a: Kyurem|Blizzard|p1a: Iron Boulder
|-damage|p1a: Iron Boulder|39/100
|
|-weather|none
|upkeep
|turn|6
|
|t:|1779895084
|switch|p2a: Landorus|Landorus-Therian, M|100/100
|-ability|p2a: Landorus|Intimidate|boost
|-unboost|p1a: Iron Boulder|atk|1
|move|p1a: Iron Boulder|Mighty Cleave|p2a: Landorus
|-damage|p2a: Landorus|39/100
|-damage|p1a: Iron Boulder|22/100|[from] item: Rocky Helmet|[of] p2a: Landorus
|
|upkeep
|turn|7
|
|t:|1779895095
|move|p1a: Iron Boulder|Mighty Cleave|p2a: Landorus
|-damage|p2a: Landorus|0 fnt
|-damage|p1a: Iron Boulder|6/100|[from] item: Rocky Helmet|[of] p2a: Landorus
|faint|p2a: Landorus
|
|upkeep
|
|t:|1779895099
|switch|p2a: Kingambit|Kingambit, F|100/100
|-activate|p2a: Kingambit|ability: Supreme Overlord
|-start|p2a: Kingambit|fallen1|[silent]
|turn|8
|
|t:|1779895101
|-end|p1a: Iron Boulder|Quark Drive|[silent]
|switch|p1a: Great Tusk|Great Tusk|100/100
|move|p2a: Kingambit|Sucker Punch||[still]
|-fail|p2a: Kingambit
|
|upkeep
|turn|9
|
|t:|1779895104
|-end|p2a: Kingambit|fallen1|[silent]
|switch|p2a: Kyurem|Kyurem|100/100
|-ability|p2a: Kyurem|Pressure
|move|p1a: Great Tusk|Headlong Rush|p2a: Kyurem
|-damage|p2a: Kyurem|32/100
|-unboost|p1a: Great Tusk|def|1
|-unboost|p1a: Great Tusk|spd|1
|
|upkeep
|turn|10
|
|t:|1779895109
|-end|p1a: Great Tusk|Protosynthesis|[silent]
|switch|p1a: Iron Boulder|Iron Boulder|6/100
|move|p2a: Kyurem|Freeze-Dry|p1a: Iron Boulder
|-damage|p1a: Iron Boulder|0 fnt
|faint|p1a: Iron Boulder
|-end|p1a: Iron Boulder|Quark Drive|[silent]
|
|upkeep
|
|t:|1779895111
|switch|p1a: Dragapult|Dragapult, F|100/100
|turn|11
|
|t:|1779895118
|switch|p2a: Slowking|Slowking-Galar, M|75/100
|move|p1a: Dragapult|Flamethrower|p2a: Slowking
|-damage|p2a: Slowking|52/100
|
|upkeep
|turn|12
|
|t:|1779895121
|switch|p1a: Ting-Lu|Ting-Lu|100/100
|-ability|p1a: Ting-Lu|Vessel of Ruin
|-prepare|p2a: Slowking|Chilly Reception|[premajor]
|move|p2a: Slowking|Chilly Reception|p2a: Slowking
|-weather|Snowscape
|
|t:|1779895125
|switch|p2a: Kyurem|Kyurem|32/100|[from] Chilly Reception
|-ability|p2a: Kyurem|Pressure
|
|-weather|Snowscape|[upkeep]
|upkeep
|turn|13
|
|t:|1779895128
|-terastallize|p1a: Ting-Lu|Poison
|move|p2a: Kyurem|Blizzard|p1a: Ting-Lu
|-damage|p1a: Ting-Lu|78/100
|move|p1a: Ting-Lu|Stealth Rock|p2a: Kyurem
|-sidestart|p2: choispecs ironmoth|move: Stealth Rock
|
|-weather|Snowscape|[upkeep]
|-heal|p1a: Ting-Lu|84/100|[from] item: Leftovers
|upkeep
|turn|14
|
|t:|1779895133
|move|p2a: Kyurem|Earth Power|p1a: Ting-Lu
|-supereffective|p1a: Ting-Lu
|-damage|p1a: Ting-Lu|58/100
|move|p1a: Ting-Lu|Whirlwind|p2a: Kyurem
|drag|p2a: Slowking|Slowking-Galar, M|85/100
|
|-weather|Snowscape|[upkeep]
|-heal|p1a: Ting-Lu|64/100|[from] item: Leftovers
|upkeep
|turn|15
|
|t:|1779895140
|move|p1a: Ting-Lu|Spikes|p2a: Slowking
|-sidestart|p2: choispecs ironmoth|Spikes
|move|p2a: Slowking|Thunder Wave|p1a: Ting-Lu
|-status|p1a: Ting-Lu|par
|
|-weather|Snowscape|[upkeep]
|-heal|p1a: Ting-Lu|70/100 par|[from] item: Leftovers
|upkeep
|turn|16
|
|t:|1779895145
|cant|p1a: Ting-Lu|par
|move|p2a: Slowking|Psychic Noise|p1a: Ting-Lu
|-supereffective|p1a: Ting-Lu
|-damage|p1a: Ting-Lu|48/100 par
|-start|p1a: Ting-Lu|move: Heal Block
|
|-weather|none
|upkeep
|turn|17
|
|t:|1779895148
|switch|p1a: Dragapult|Dragapult, F|100/100
|move|p2a: Slowking|Psychic Noise|p1a: Dragapult
|-damage|p1a: Dragapult|65/100
|-start|p1a: Dragapult|move: Heal Block
|
|upkeep
|turn|18
|
|t:|1779895152
|move|p1a: Dragapult|Shadow Ball|p2a: Slowking
|-supereffective|p2a: Slowking
|-damage|p2a: Slowking|25/100
|move|p2a: Slowking|Thunder Wave|p1a: Dragapult
|-status|p1a: Dragapult|par
|
|-end|p1a: Dragapult|move: Heal Block
|upkeep
|turn|19
|
|t:|1779895164
|switch|p2a: Kyurem|Kyurem|32/100
|-damage|p2a: Kyurem|7/100|[from] Stealth Rock
|-damage|p2a: Kyurem|0 fnt|[from] Spikes
|faint|p2a: Kyurem
|move|p1a: Dragapult|Shadow Ball|p2: Kyurem|[notarget]
|-fail|p1a: Dragapult
|
|upkeep
|
|t:|1779895171
|switch|p2a: Cinderace|Cinderace, M|100/100
|turn|20
|
|t:|1779895173
|move|p2a: Cinderace|Court Change|p2a: Cinderace
|-start|p2a: Cinderace|typechange|Normal|[from] ability: Libero
|-swapsideconditions
|-activate|p2a: Cinderace|move: Court Change
|move|p1a: Dragapult|Shadow Ball|p2a: Cinderace
|-immune|p2a: Cinderace
|
|upkeep
|turn|21
|
|t:|1779895179
|switch|p1a: Ting-Lu|Ting-Lu, tera:Poison|48/100 par
|-damage|p1a: Ting-Lu|35/100 par|[from] Stealth Rock
|-damage|p1a: Ting-Lu|23/100 par|[from] Spikes
|-ability|p1a: Ting-Lu|Vessel of Ruin
|move|p2a: Cinderace|U-turn|p1a: Ting-Lu
|-resisted|p1a: Ting-Lu
|-damage|p1a: Ting-Lu|16/100 par
|-message|katholikon forfeited.
|
|win|choispecs ironmoth
|raw|katholikon's rating: 1623 &rarr; <strong>1601</strong><br />(-22 for losing)
|raw|choispecs ironmoth's rating: 1594 &rarr; <strong>1616</strong><br />(+22 for winning)
|l|‽katholikon
|player|p1|
