|j|☆Jsthilaire
|j|☆choispecs ironmoth
|t:|1779965447
|gametype|singles
|player|p1|Jsthilaire|169|1391
|player|p2|choispecs ironmoth|lucas|1410
|gen|9
|tier|[Gen 9] OU
|rated|
|rule|HP Percentage Mod: HP is shown in percentages
|rule|Endless Battle Clause: Forcing endless battles is banned
|rule|Species Clause: Limit one of each Pokémon
|rule|OHKO Clause: OHKO moves are banned
|rule|Evasion Items Clause: Evasion items are banned
|rule|Evasion Moves Clause: Evasion moves are banned
|rule|Evasion Abilities Clause: Evasion abilities are banned
|rule|Sleep Moves Clause: Sleep-inducing moves are banned
|clearpoke
|poke|p1|Ursaluna, M|
|poke|p1|Zoroark-Hisui, F|
|poke|p1|Slaking, F|
|poke|p1|Porygon-Z|
|poke|p1|Blissey, F|
|poke|p1|Grafaiai, M|
|poke|p2|Kyurem|
|poke|p2|Cinderace, F|
|poke|p2|Kingambit, M|
|poke|p2|Landorus-Therian, M|
|poke|p2|Iron Valiant|
|poke|p2|Slowking-Galar, F|
|teampreview
|inactive|Battle timer is ON: inactive players will automatically lose when time's up. (requested by Jsthilaire)
|inactive|choispecs ironmoth also wants the timer to be on.
|
|t:|1779965496
|teamsize|p1|6
|teamsize|p2|6
|start
|switch|p1a: Grafaiai|Grafaiai, M|100/100
|switch|p2a: Cinderace|Cinderace, F|100/100
|turn|1
|
|t:|1779965521
|move|p2a: Cinderace|U-turn|p1a: Grafaiai
|-start|p2a: Cinderace|typechange|Bug|[from] ability: Libero
|-resisted|p1a: Grafaiai
|-damage|p1a: Grafaiai|70/100
|
|t:|1779965526
|switch|p2a: Slowking|Slowking-Galar, F|100/100|[from] U-turn
|move|p1a: Grafaiai|Gunk Shot|p2a: Slowking
|-resisted|p2a: Slowking
|-damage|p2a: Slowking|70/100
|
|upkeep
|turn|2
|
|t:|1779965531
|move|p1a: Grafaiai|Knock Off|p2a: Slowking
|-supereffective|p2a: Slowking
|-damage|p2a: Slowking|14/100
|-enditem|p2a: Slowking|Heavy-Duty Boots|[from] move: Knock Off|[of] p1a: Grafaiai
|-prepare|p2a: Slowking|Chilly Reception|[premajor]
|move|p2a: Slowking|Chilly Reception|p2a: Slowking
|-weather|Snowscape
|
|t:|1779965534
|switch|p2a: Kyurem|Kyurem|100/100|[from] Chilly Reception
|-ability|p2a: Kyurem|Pressure
|
|-weather|Snowscape|[upkeep]
|upkeep
|turn|3
|
|t:|1779965544
|move|p1a: Grafaiai|Parting Shot|p2a: Kyurem
|-unboost|p2a: Kyurem|atk|1
|-unboost|p2a: Kyurem|spa|1
|
|t:|1779965547
|switch|p1a: Blissey|Blissey, F|100/100|[from] Parting Shot
|move|p2a: Kyurem|Blizzard|p1a: Blissey
|-damage|p1a: Blissey|90/100
|
|-weather|Snowscape|[upkeep]
|upkeep
|turn|4
|
|t:|1779965551
|move|p2a: Kyurem|Body Press|p1a: Blissey
|-supereffective|p1a: Blissey
|-damage|p1a: Blissey|12/100
|move|p1a: Blissey|Stealth Rock|p2a: Kyurem
|-sidestart|p2: choispecs ironmoth|move: Stealth Rock
|
|-weather|Snowscape|[upkeep]
|upkeep
|turn|5
|
|t:|1779965576
|switch|p1a: Grafaiai|Grafaiai, M|70/100
|move|p2a: Kyurem|Blizzard|p1a: Grafaiai
|-damage|p1a: Grafaiai|0 fnt
|faint|p1a: Grafaiai
|
|-weather|Snowscape|[upkeep]
|upkeep
|
|t:|1779965578
|switch|p1a: Slaking|Slaking, F|100/100
|turn|6
|
|t:|1779965584
|switch|p2a: Landorus|Landorus-Therian, M|100/100
|-damage|p2a: Landorus|88/100|[from] Stealth Rock
|-ability|p2a: Landorus|Intimidate|boost
|-unboost|p1a: Slaking|atk|1
|move|p1a: Slaking|Focus Blast|p2a: Landorus
|-resisted|p2a: Landorus
|-damage|p2a: Landorus|48/100
|
|-weather|none
|upkeep
|turn|7
|
|t:|1779965591
|switch|p1a: Ursaluna|Ursaluna, M|100/100
|move|p2a: Landorus|Earthquake|p1a: Ursaluna
|-damage|p1a: Ursaluna|67/100
|
|upkeep
|turn|8
|
|t:|1779965597
|move|p2a: Landorus|Earthquake|p1a: Ursaluna
|-damage|p1a: Ursaluna|34/100
|move|p1a: Ursaluna|Ice Punch|p2a: Landorus
|-supereffective|p2a: Landorus
|-damage|p2a: Landorus|0 fnt
|-damage|p1a: Ursaluna|18/100|[from] item: Rocky Helmet|[of] p2a: Landorus
|faint|p2a: Landorus
|
|upkeep
|
|t:|1779965601
|switch|p2a: Cinderace|Cinderace, F|100/100
|turn|9
|
|t:|1779965605
|move|p2a: Cinderace|Pyro Ball|p1a: Ursaluna
|-immune|p1a: Ursaluna|[from] ability: Bulletproof
|move|p1a: Ursaluna|Double-Edge|p2a: Cinderace
|-damage|p2a: Cinderace|0 fnt
|faint|p2a: Cinderace
|-damage|p1a: Ursaluna|0 fnt|[from] Recoil
|faint|p1a: Ursaluna
|
|upkeep
|
|t:|1779965616
|switch|p2a: Slowking|Slowking-Galar, F|47/100
|switch|p1a: Slaking|Slaking, F|100/100
|-damage|p2a: Slowking|35/100|[from] Stealth Rock
|turn|10
|
|t:|1779965621
|move|p1a: Slaking|Bitter Malice|p2a: Slowking
|-supereffective|p2a: Slowking
|-damage|p2a: Slowking|0 fnt
|faint|p2a: Slowking
|
|upkeep
|
|t:|1779965627
|switch|p2a: Iron Valiant|Iron Valiant|100/100
|-damage|p2a: Iron Valiant|94/100|[from] Stealth Rock
|-enditem|p2a: Iron Valiant|Booster Energy
|-activate|p2a: Iron Valiant|ability: Quark Drive|[fromitem]
|-start|p2a: Iron Valiant|quarkdrivespe
|turn|11
|
|t:|1779965631
|move|p2a: Iron Valiant|Moonblast|p1a: Slaking
|-damage|p1a: Slaking|0 fnt
|replace|p1a: Zoroark|Zoroark-Hisui, F
|-end|p1a: Zoroark|Illusion
|faint|p1a: Zoroark
|
|upkeep
|
|t:|1779965637
|switch|p1a: Slaking|Slaking, F|100/100
|turn|12
|
|t:|1779965641
|move|p2a: Iron Valiant|Moonblast|p1a: Slaking
|-damage|p1a: Slaking|51/100
|move|p1a: Slaking|Double-Edge|p2a: Iron Valiant
|-damage|p2a: Iron Valiant|0 fnt
|faint|p2a: Iron Valiant
|-end|p2a: Iron Valiant|Quark Drive|[silent]
|-damage|p1a: Slaking|31/100|[from] Recoil
|
|upkeep
|
|t:|1779965648
|switch|p2a: Kingambit|Kingambit, M|100/100
|-damage|p2a: Kingambit|94/100|[from] Stealth Rock
|-activate|p2a: Kingambit|ability: Supreme Overlord
|-start|p2a: Kingambit|fallen4|[silent]
|turn|13
|
|t:|1779965651
|switch|p1a: Blissey|Blissey, F|12/100
|move|p2a: Kingambit|Swords Dance|p2a: Kingambit
|-boost|p2a: Kingambit|atk|2
|
|-heal|p2a: Kingambit|100/100|[from] item: Leftovers
|upkeep
|turn|14
|
|t:|1779965654
|move|p2a: Kingambit|Kowtow Cleave|p1a: Blissey
|-damage|p1a: Blissey|0 fnt
|faint|p1a: Blissey
|
|upkeep
|
|t:|1779965661
|switch|p1a: Slaking|Slaking, F|31/100
|turn|15
|
|t:|1779965664
|move|p2a: Kingambit|Sucker Punch|p1a: Slaking
|-damage|p1a: Slaking|0 fnt
|faint|p1a: Slaking
|
|upkeep
|-message|Jsthilaire forfeited.
|
|win|choispecs ironmoth
|raw|Jsthilaire's rating: 1391 &rarr; <strong>1372</strong><br />(-19 for losing)
|raw|choispecs ironmoth's rating: 1410 &rarr; <strong>1429</strong><br />(+19 for winning)
|l|☆Jsthilaire
|player|p1|
|l|☆choispecs ironmoth
|player|p2|
