|badge|p2|bronze|gen9ou|100-9
|uhtml|medal-msg|<div class="broadcast-blue">Curious what those medals under the avatar are? PS now has Ladder Seasons! For more information, check out the <a href="https://www.smogon.com/forums/threads/3740067/">thread on Smogon.</a></div>
|j|☆arturohdez
|j|☆slitherwing ily ><
|t:|1779911002
|gametype|singles
|player|p1|arturohdez|nate|1723
|player|p2|slitherwing ily ><|iono-masters|1871
|gen|9
|tier|[Gen 9] OU
|rated|
|rule|HP Percentage Mod: HP is shown in percentages
|rule|Endless Battle Clause: Forcing endless battles is banned
|rule|Species Clause: Limit one of each Pokémon
|rule|OHKO Clause: OHKO moves are banned
|rule|Evasion Items Clause: Evasion items are banned
|rule|Evasion Moves Clause: Evasion moves are banned
|rule|Evasion Abilities Clause: Evasion abilities are banned
|rule|Sleep Moves Clause: Sleep-inducing moves are banned
|clearpoke
|poke|p1|Great Tusk|
|poke|p1|Hatterene, F|
|poke|p1|Dragonite, F|
|poke|p1|Kyurem|
|poke|p1|Kingambit, M|
|poke|p1|Darkrai|
|poke|p2|Great Tusk|
|poke|p2|Kingambit, M|
|poke|p2|Raging Bolt|
|poke|p2|Walking Wake|
|poke|p2|Ninetales, F|
|poke|p2|Ceruledge, F|
|teampreview
|c|☆slitherwing ily ><|hf
|
|t:|1779911010
|teamsize|p1|6
|teamsize|p2|6
|start
|switch|p1a: Kyurem|Kyurem|100/100
|switch|p2a: Naruto|Ninetales, F|100/100
|-weather|SunnyDay|[from] ability: Drought|[of] p2a: Naruto
|-ability|p1a: Kyurem|Pressure
|turn|1
|
|t:|1779911014
|switch|p2a: 2.f4|Kingambit, M|100/100
|-item|p2a: 2.f4|Air Balloon
|move|p1a: Kyurem|Freeze-Dry|p2a: 2.f4
|-resisted|p2a: 2.f4
|-damage|p2a: 2.f4|80/100
|-enditem|p2a: 2.f4|Air Balloon
|
|-weather|SunnyDay|[upkeep]
|upkeep
|turn|2
|inactive|Battle timer is ON: inactive players will automatically lose when time's up. (requested by arturohdez)
|
|t:|1779911022
|switch|p1a: Great Tusk|Great Tusk|100/100
|-activate|p1a: Great Tusk|ability: Protosynthesis
|-start|p1a: Great Tusk|protosynthesisatk
|move|p2a: 2.f4|Iron Head|p1a: Great Tusk
|-damage|p1a: Great Tusk|67/100
|-damage|p2a: 2.f4|64/100|[from] item: Rocky Helmet|[of] p1a: Great Tusk
|
|-weather|SunnyDay|[upkeep]
|upkeep
|turn|3
|
|t:|1779911029
|-end|p2a: 2.f4|fallenundefined|[silent]
|switch|p2a: Red judas|Ceruledge, F|100/100
|-item|p2a: Red judas|Air Balloon
|move|p1a: Great Tusk|Headlong Rush|p2a: Red judas
|-immune|p2a: Red judas
|
|-weather|SunnyDay|[upkeep]
|upkeep
|turn|4
|
|t:|1779911034
|-end|p1a: Great Tusk|Protosynthesis|[silent]
|switch|p1a: Darkrai|Darkrai|100/100
|move|p2a: Red judas|Bitter Blade|p1a: Darkrai
|-damage|p1a: Darkrai|0 fnt
|faint|p1a: Darkrai
|
|-weather|SunnyDay|[upkeep]
|upkeep
|
|t:|1779911040
|switch|p1a: Dragonite|Dragonite, F|100/100
|turn|5
|
|t:|1779911044
|move|p1a: Dragonite|Scale Shot|p2a: Red judas
|-damage|p2a: Red judas|82/100
|-ability|p2a: Red judas|Weak Armor|boost
|-unboost|p2a: Red judas|def|1
|-boost|p2a: Red judas|spe|2
|-enditem|p2a: Red judas|Air Balloon
|-damage|p2a: Red judas|55/100
|-ability|p2a: Red judas|Weak Armor|boost
|-unboost|p2a: Red judas|def|1
|-boost|p2a: Red judas|spe|2
|-damage|p2a: Red judas|19/100
|-ability|p2a: Red judas|Weak Armor|boost
|-unboost|p2a: Red judas|def|1
|-boost|p2a: Red judas|spe|2
|-damage|p2a: Red judas|0 fnt
|faint|p2a: Red judas
|-hitcount|p2: Red judas|4
|-unboost|p1a: Dragonite|def|1
|-boost|p1a: Dragonite|spe|1
|
|-weather|SunnyDay|[upkeep]
|upkeep
|
|t:|1779911046
|switch|p2a: nah i'd spin|Great Tusk|100/100
|-activate|p2a: nah i'd spin|ability: Protosynthesis
|-start|p2a: nah i'd spin|protosynthesisatk
|turn|6
|j| Mortardom
|j| Shimeon91
|
|t:|1779911065
|switch|p1a: Great Tusk|Great Tusk|67/100
|-activate|p1a: Great Tusk|ability: Protosynthesis
|-start|p1a: Great Tusk|protosynthesisatk
|move|p2a: nah i'd spin|Ice Spinner|p1a: Great Tusk
|-supereffective|p1a: Great Tusk
|-damage|p1a: Great Tusk|8/100
|-damage|p2a: nah i'd spin|84/100|[from] item: Rocky Helmet|[of] p1a: Great Tusk
|
|-weather|SunnyDay|[upkeep]
|upkeep
|turn|7
|l| Mortardom
|
|t:|1779911074
|-end|p1a: Great Tusk|Protosynthesis|[silent]
|switch|p1a: Hatterene|Hatterene, F|100/100
|-item|p1a: Hatterene|Air Balloon
|move|p2a: nah i'd spin|Rapid Spin|p1a: Hatterene
|-damage|p1a: Hatterene|80/100
|-boost|p2a: nah i'd spin|spe|1
|-enditem|p1a: Hatterene|Air Balloon
|
|-weather|SunnyDay|[upkeep]
|upkeep
|turn|8
|
|t:|1779911082
|-terastallize|p2a: nah i'd spin|Ground
|move|p2a: nah i'd spin|Headlong Rush|p1a: Hatterene
|-crit|p1a: Hatterene
|-damage|p1a: Hatterene|0 fnt
|-unboost|p2a: nah i'd spin|def|1
|-unboost|p2a: nah i'd spin|spd|1
|faint|p1a: Hatterene
|
|-weather|none
|-end|p2a: nah i'd spin|Protosynthesis
|upkeep
|
|t:|1779911089
|switch|p1a: Kyurem|Kyurem|100/100
|-ability|p1a: Kyurem|Pressure
|turn|9
|
|t:|1779911093
|move|p2a: nah i'd spin|Close Combat|p1a: Kyurem
|-supereffective|p1a: Kyurem
|-damage|p1a: Kyurem|0 fnt
|-unboost|p2a: nah i'd spin|def|1
|-unboost|p2a: nah i'd spin|spd|1
|faint|p1a: Kyurem
|
|upkeep
|
|t:|1779911106
|switch|p1a: Dragonite|Dragonite, F|100/100
|turn|10
|
|t:|1779911113
|move|p2a: nah i'd spin|Ice Spinner|p1a: Dragonite
|-supereffective|p1a: Dragonite
|-damage|p1a: Dragonite|32/100
|move|p1a: Dragonite|Scale Shot|p2a: nah i'd spin
|-damage|p2a: nah i'd spin|61/100
|-damage|p2a: nah i'd spin|41/100
|-crit|p2a: nah i'd spin
|-damage|p2a: nah i'd spin|9/100
|-damage|p2a: nah i'd spin|0 fnt
|faint|p2a: nah i'd spin
|-end|p2a: nah i'd spin|Protosynthesis|[silent]
|-hitcount|p2: nah i'd spin|4
|-unboost|p1a: Dragonite|def|1
|-boost|p1a: Dragonite|spe|1
|
|upkeep
|
|t:|1779911121
|switch|p2a: 2.f4|Kingambit, M|64/100
|-activate|p2a: 2.f4|ability: Supreme Overlord
|-start|p2a: 2.f4|fallen2|[silent]
|turn|11
|
|t:|1779911129
|move|p1a: Dragonite|Dragon Dance|p1a: Dragonite
|-boost|p1a: Dragonite|atk|1
|-boost|p1a: Dragonite|spe|1
|move|p2a: 2.f4|Iron Head|p1a: Dragonite
|-damage|p1a: Dragonite|0 fnt
|faint|p1a: Dragonite
|
|upkeep
|
|t:|1779911131
|switch|p1a: Great Tusk|Great Tusk|8/100
|turn|12
|
|t:|1779911138
|move|p1a: Great Tusk|Stealth Rock|p2a: 2.f4
|-sidestart|p2: slitherwing ily ><|move: Stealth Rock
|move|p2a: 2.f4|Iron Head|p1a: Great Tusk
|-damage|p1a: Great Tusk|0 fnt
|-damage|p2a: 2.f4|47/100|[from] item: Rocky Helmet|[of] p1a: Great Tusk
|faint|p1a: Great Tusk
|-end|p1a: Great Tusk|Protosynthesis|[silent]
|
|upkeep
|
|t:|1779911144
|switch|p1a: Kingambit|Kingambit, M|100/100
|-activate|p1a: Kingambit|ability: Supreme Overlord
|-start|p1a: Kingambit|fallen5|[silent]
|turn|13
|
|t:|1779911152
|move|p2a: 2.f4|Iron Head|p1a: Kingambit
|-resisted|p1a: Kingambit
|-damage|p1a: Kingambit|79/100
|cant|p1a: Kingambit|flinch
|
|-heal|p1a: Kingambit|85/100|[from] item: Leftovers
|upkeep
|turn|14
|c|☆slitherwing ily ><|mb
|
|t:|1779911155
|move|p2a: 2.f4|Iron Head|p1a: Kingambit
|-resisted|p1a: Kingambit
|-damage|p1a: Kingambit|62/100
|cant|p1a: Kingambit|flinch
|
|-heal|p1a: Kingambit|68/100|[from] item: Leftovers
|upkeep
|turn|15
|c|☆slitherwing ily ><|mb
|
|t:|1779911157
|move|p2a: 2.f4|Iron Head|p1a: Kingambit
|-resisted|p1a: Kingambit
|-damage|p1a: Kingambit|48/100
|cant|p1a: Kingambit|flinch
|
|-heal|p1a: Kingambit|54/100|[from] item: Leftovers
|upkeep
|turn|16
|c|☆slitherwing ily ><|mb
|
|t:|1779911167
|move|p2a: 2.f4|Iron Head|p1a: Kingambit
|-resisted|p1a: Kingambit
|-damage|p1a: Kingambit|32/100
|cant|p1a: Kingambit|flinch
|
|-heal|p1a: Kingambit|38/100|[from] item: Leftovers
|upkeep
|turn|17
|c|☆slitherwing ily ><|mb
|-message|arturohdez forfeited.
|
|win|slitherwing ily ><
|raw|arturohdez's rating: 1723 &rarr; <strong>1711</strong><br />(-12 for losing)
|raw|slitherwing ily &gt;&lt;'s rating: 1871 &rarr; <strong>1883</strong><br />(+12 for winning)
|l|☆arturohdez
|player|p1|
