|j|☆Peteblackx
|j|☆Cheesefriezz
|t:|1779865340
|gametype|singles
|player|p1|Peteblackx|266|1226
|player|p2|Cheesefriezz|n|1261
|gen|9
|tier|[Gen 9] OU
|rated|
|rule|HP Percentage Mod: HP is shown in percentages
|rule|Endless Battle Clause: Forcing endless battles is banned
|rule|Species Clause: Limit one of each Pokémon
|rule|OHKO Clause: OHKO moves are banned
|rule|Evasion Items Clause: Evasion items are banned
|rule|Evasion Moves Clause: Evasion moves are banned
|rule|Evasion Abilities Clause: Evasion abilities are banned
|rule|Sleep Moves Clause: Sleep-inducing moves are banned
|clearpoke
|poke|p1|Toxtricity, M|
|poke|p1|Latios, M|
|poke|p1|Basculegion, M|
|poke|p1|Cinderace, F|
|poke|p1|Kingambit, F|
|poke|p1|Great Tusk|
|poke|p2|Samurott-Hisui, M|
|poke|p2|Leafeon, M|
|poke|p2|Moltres|
|poke|p2|Ninetales, F|
|poke|p2|Kommo-o, M|
|poke|p2|Glimmora, F|
|teampreview
|inactive|Battle timer is ON: inactive players will automatically lose when time's up. (requested by Peteblackx)
|
|t:|1779865357
|teamsize|p1|6
|teamsize|p2|6
|start
|switch|p1a: Great Tusk|Great Tusk|100/100
|switch|p2a: Glimmora|Glimmora, F|100/100
|turn|1
|
|t:|1779865362
|move|p2a: Glimmora|Stealth Rock|p1a: Great Tusk
|-sidestart|p1: Peteblackx|move: Stealth Rock
|move|p1a: Great Tusk|Stealth Rock|p2a: Glimmora
|-sidestart|p2: Cheesefriezz|move: Stealth Rock
|
|upkeep
|turn|2
|
|t:|1779865366
|move|p2a: Glimmora|Mortal Spin|p1a: Great Tusk
|-resisted|p1a: Great Tusk
|-damage|p1a: Great Tusk|99/100
|-status|p1a: Great Tusk|psn
|-sideend|p2: Cheesefriezz|Stealth Rock|[from] move: Mortal Spin|[of] p2a: Glimmora
|move|p1a: Great Tusk|Earthquake|p2a: Glimmora
|-supereffective|p2a: Glimmora
|-enditem|p2a: Glimmora|Focus Sash
|-damage|p2a: Glimmora|1/100
|-activate|p2a: Glimmora|ability: Toxic Debris
|-sidestart|p1: Peteblackx|move: Toxic Spikes
|
|-heal|p1a: Great Tusk|100/100 psn|[from] item: Leftovers
|-damage|p1a: Great Tusk|88/100 psn|[from] psn
|upkeep
|turn|3
|
|t:|1779865371
|move|p2a: Glimmora|Mortal Spin|p1a: Great Tusk
|-resisted|p1a: Great Tusk
|-damage|p1a: Great Tusk|87/100 psn
|move|p1a: Great Tusk|Rapid Spin|p2a: Glimmora
|-resisted|p2a: Glimmora
|-damage|p2a: Glimmora|0 fnt
|-boost|p1a: Great Tusk|spe|1
|-activate|p2a: Glimmora|ability: Toxic Debris
|-sidestart|p1: Peteblackx|move: Toxic Spikes
|-sideend|p1: Peteblackx|Toxic Spikes|[from] move: Rapid Spin|[of] p1a: Great Tusk
|-sideend|p1: Peteblackx|Stealth Rock|[from] move: Rapid Spin|[of] p1a: Great Tusk
|faint|p2a: Glimmora
|
|-heal|p1a: Great Tusk|93/100 psn|[from] item: Leftovers
|-damage|p1a: Great Tusk|80/100 psn|[from] psn
|upkeep
|
|t:|1779865377
|switch|p2a: six tails|Ninetales, F, shiny|100/100
|-weather|SunnyDay|[from] ability: Drought|[of] p2a: six tails
|-activate|p1a: Great Tusk|ability: Protosynthesis
|-start|p1a: Great Tusk|protosynthesisdef
|turn|4
|
|t:|1779865388
|move|p1a: Great Tusk|Earthquake|p2a: six tails
|-supereffective|p2a: six tails
|-damage|p2a: six tails|0 fnt
|faint|p2a: six tails
|
|-weather|SunnyDay|[upkeep]
|-heal|p1a: Great Tusk|87/100 psn|[from] item: Leftovers
|-damage|p1a: Great Tusk|74/100 psn|[from] psn
|upkeep
|
|t:|1779865391
|switch|p2a: Melo|Leafeon, M, shiny|100/100
|turn|5
|
|t:|1779865398
|-end|p1a: Great Tusk|Protosynthesis|[silent]
|switch|p1a: Cinderace|Cinderace, F|100/100
|move|p2a: Melo|Leaf Blade|p1a: Cinderace
|-resisted|p1a: Cinderace
|-damage|p1a: Cinderace|63/100
|-damage|p2a: Melo|91/100|[from] item: Life Orb
|
|-weather|SunnyDay|[upkeep]
|upkeep
|turn|6
|
|t:|1779865404
|move|p2a: Melo|Knock Off|p1a: Cinderace
|-damage|p1a: Cinderace|11/100
|-enditem|p1a: Cinderace|Heavy-Duty Boots|[from] move: Knock Off|[of] p2a: Melo
|-damage|p2a: Melo|81/100|[from] item: Life Orb
|move|p1a: Cinderace|Pyro Ball|p2a: Melo
|-supereffective|p2a: Melo
|-damage|p2a: Melo|0 fnt
|faint|p2a: Melo
|
|-weather|SunnyDay|[upkeep]
|upkeep
|
|t:|1779865411
|switch|p2a: Ima dive in|Samurott-Hisui, M|100/100
|turn|7
|
|t:|1779865414
|move|p1a: Cinderace|U-turn|p2a: Ima dive in
|-start|p1a: Cinderace|typechange|Bug|[from] ability: Libero
|-supereffective|p2a: Ima dive in
|-damage|p2a: Ima dive in|12/100
|
|t:|1779865422
|switch|p1a: Kingambit|Kingambit, F|100/100|[from] U-turn
|move|p2a: Ima dive in|Ceaseless Edge|p1a: Kingambit
|-resisted|p1a: Kingambit
|-damage|p1a: Kingambit|84/100
|-sidestart|p1: Peteblackx|Spikes
|
|-weather|SunnyDay|[upkeep]
|upkeep
|turn|8
|
|t:|1779865428
|move|p2a: Ima dive in|Sucker Punch|p1a: Kingambit
|-resisted|p1a: Kingambit
|-damage|p1a: Kingambit|72/100
|move|p1a: Kingambit|Kowtow Cleave|p2a: Ima dive in
|-resisted|p2a: Ima dive in
|-damage|p2a: Ima dive in|0 fnt
|faint|p2a: Ima dive in
|
|-weather|SunnyDay|[upkeep]
|upkeep
|
|t:|1779865433
|switch|p2a: Supa Hot Fire|Moltres|100/100
|turn|9
|
|t:|1779865444
|-end|p1a: Kingambit|fallenundefined|[silent]
|switch|p1a: Toxtricity|Toxtricity, M|100/100
|-damage|p1a: Toxtricity|88/100|[from] Spikes
|move|p2a: Supa Hot Fire|Flamethrower|p1a: Toxtricity
|-crit|p1a: Toxtricity
|-damage|p1a: Toxtricity|0 fnt
|faint|p1a: Toxtricity
|
|-weather|SunnyDay|[upkeep]
|upkeep
|
|t:|1779865448
|switch|p1a: Latios|Latios, M|100/100
|turn|10
|
|t:|1779865454
|move|p1a: Latios|Calm Mind|p1a: Latios
|-boost|p1a: Latios|spa|1
|-boost|p1a: Latios|spd|1
|move|p2a: Supa Hot Fire|U-turn|p1a: Latios
|-supereffective|p1a: Latios
|-damage|p1a: Latios|64/100
|
|t:|1779865459
|switch|p2a: Iggy|Kommo-o, M|100/100|[from] U-turn
|
|-weather|SunnyDay|[upkeep]
|-heal|p1a: Latios|70/100|[from] item: Leftovers
|upkeep
|turn|11
|
|t:|1779865466
|move|p1a: Latios|Stored Power|p2a: Iggy
|-supereffective|p2a: Iggy
|-damage|p2a: Iggy|0 fnt
|faint|p2a: Iggy
|
|-weather|none
|-heal|p1a: Latios|76/100|[from] item: Leftovers
|upkeep
|
|t:|1779865471
|switch|p2a: Supa Hot Fire|Moltres|100/100
|turn|12
|
|t:|1779865475
|move|p1a: Latios|Dragon Pulse|p2a: Supa Hot Fire
|-damage|p2a: Supa Hot Fire|29/100
|move|p2a: Supa Hot Fire|U-turn|p1a: Latios
|-supereffective|p1a: Latios
|-damage|p1a: Latios|34/100
|
|-heal|p1a: Latios|40/100|[from] item: Leftovers
|upkeep
|turn|13
|
|t:|1779865480
|-terastallize|p2a: Supa Hot Fire|Fire
|move|p1a: Latios|Dragon Pulse|p2a: Supa Hot Fire
|-damage|p2a: Supa Hot Fire|0 fnt
|faint|p2a: Supa Hot Fire
|
|win|Peteblackx
|raw|Peteblackx's rating: 1226 &rarr; <strong>1254</strong><br />(+28 for winning)
|raw|Cheesefriezz's rating: 1261 &rarr; <strong>1233</strong><br />(-28 for losing)
|l|☆Cheesefriezz
|player|p2|
|l|☆Peteblackx
|player|p1|
|j|☆Peteblackx
|player|p1|Peteblackx|266|
|l|☆Peteblackx
|player|p1|
