|j|☆Pretty Nizz
|j|☆Princessjosie1001!
|t:|1779822904
|gametype|singles
|player|p1|Pretty Nizz|riley|1379
|player|p2|Princessjosie1001!|nurse|1424
|gen|9
|tier|[Gen 9] OU
|rated|
|rule|HP Percentage Mod: HP is shown in percentages
|rule|Endless Battle Clause: Forcing endless battles is banned
|rule|Species Clause: Limit one of each Pokémon
|rule|OHKO Clause: OHKO moves are banned
|rule|Evasion Items Clause: Evasion items are banned
|rule|Evasion Moves Clause: Evasion moves are banned
|rule|Evasion Abilities Clause: Evasion abilities are banned
|rule|Sleep Moves Clause: Sleep-inducing moves are banned
|clearpoke
|poke|p1|Comfey, M|
|poke|p1|Whimsicott, M|
|poke|p1|Ceruledge, M|
|poke|p1|Walking Wake|
|poke|p1|Great Tusk|
|poke|p1|Ninetales, M|
|poke|p2|Polteageist|
|poke|p2|Cloyster, M|
|poke|p2|Salazzle, F|
|poke|p2|Espeon, F|
|poke|p2|Alcremie, F|
|poke|p2|Dragonite, F|
|teampreview
|inactive|Battle timer is ON: inactive players will automatically lose when time's up. (requested by Pretty Nizz)
|
|t:|1779822921
|teamsize|p1|6
|teamsize|p2|6
|start
|switch|p1a: 67tales|Ninetales, M|100/100
|switch|p2a: Salazzle|Salazzle, F|100/100
|-weather|SunnyDay|[from] ability: Drought|[of] p1a: 67tales
|turn|1
|
|t:|1779822928
|switch|p1a: Wake Skywalker|Walking Wake|100/100
|-activate|p1a: Wake Skywalker|ability: Protosynthesis
|-start|p1a: Wake Skywalker|protosynthesisspe
|move|p2a: Salazzle|Sludge Wave|p1a: Wake Skywalker
|-damage|p1a: Wake Skywalker|70/100
|
|-weather|SunnyDay|[upkeep]
|upkeep
|turn|2
|
|t:|1779822937
|move|p1a: Wake Skywalker|Hydro Steam|p2a: Salazzle
|-supereffective|p2a: Salazzle
|-enditem|p2a: Salazzle|Focus Sash
|-damage|p2a: Salazzle|1/100
|move|p2a: Salazzle|Toxic|p1a: Wake Skywalker
|-status|p1a: Wake Skywalker|tox
|
|-weather|SunnyDay|[upkeep]
|-damage|p1a: Wake Skywalker|64/100 tox|[from] psn
|upkeep
|turn|3
|
|t:|1779822950
|move|p1a: Wake Skywalker|Flip Turn|p2a: Salazzle
|-supereffective|p2a: Salazzle
|-damage|p2a: Salazzle|0 fnt
|faint|p2a: Salazzle
|
|t:|1779822955
|-end|p1a: Wake Skywalker|Protosynthesis|[silent]
|switch|p1a: Mammoet|Great Tusk|100/100|[from] Flip Turn
|-activate|p1a: Mammoet|ability: Protosynthesis
|-start|p1a: Mammoet|protosynthesisspe
|
|-weather|SunnyDay|[upkeep]
|upkeep
|
|t:|1779822962
|switch|p2a: No hazard allowed|Espeon, F|100/100
|turn|4
|
|t:|1779822967
|move|p2a: No hazard allowed|Trick|p1a: Mammoet
|-activate|p2a: No hazard allowed|move: Trick|[of] p1a: Mammoet
|-item|p1a: Mammoet|Choice Scarf|[from] move: Trick
|-item|p2a: No hazard allowed|Rocky Helmet|[from] move: Trick
|move|p1a: Mammoet|Stealth Rock|p2a: No hazard allowed
|move|p2a: No hazard allowed|Stealth Rock|p1a: Mammoet|[from] ability: Magic Bounce
|-sidestart|p1: Pretty Nizz|move: Stealth Rock
|
|-weather|SunnyDay|[upkeep]
|upkeep
|turn|5
|
|t:|1779822980
|-end|p1a: Mammoet|Protosynthesis|[silent]
|switch|p1a: Cerugoon|Ceruledge, M|100/100
|-damage|p1a: Cerugoon|76/100|[from] Stealth Rock
|move|p2a: No hazard allowed|Thunder Wave|p1a: Cerugoon|[miss]
|-miss|p2a: No hazard allowed|p1a: Cerugoon
|
|-weather|SunnyDay|[upkeep]
|upkeep
|turn|6
|
|t:|1779822987
|move|p2a: No hazard allowed|Shadow Ball|p1a: Cerugoon
|-supereffective|p1a: Cerugoon
|-damage|p1a: Cerugoon|6/100
|move|p1a: Cerugoon|Poltergeist|p2a: No hazard allowed
|-activate|p2a: No hazard allowed|move: Poltergeist|Rocky Helmet
|-supereffective|p2a: No hazard allowed
|-damage|p2a: No hazard allowed|0 fnt
|faint|p2a: No hazard allowed
|
|-weather|SunnyDay|[upkeep]
|upkeep
|
|t:|1779822997
|switch|p2a: Cloyster|Cloyster, M|100/100
|turn|7
|
|t:|1779823013
|move|p2a: Cloyster|Ice Shard|p1a: Cerugoon
|-resisted|p1a: Cerugoon
|-damage|p1a: Cerugoon|0 fnt
|faint|p1a: Cerugoon
|
|-weather|SunnyDay|[upkeep]
|upkeep
|
|t:|1779823019
|switch|p1a: Uncomfey|Comfey, M, shiny|100/100
|-damage|p1a: Uncomfey|88/100|[from] Stealth Rock
|turn|8
|
|t:|1779823030
|move|p2a: Cloyster|Icicle Spear|p1a: Uncomfey
|-damage|p1a: Uncomfey|73/100
|-damage|p1a: Uncomfey|58/100
|-damage|p1a: Uncomfey|44/100
|-damage|p1a: Uncomfey|31/100
|-damage|p1a: Uncomfey|17/100
|-hitcount|p1a: Uncomfey|5
|move|p1a: Uncomfey|Growth|p1a: Uncomfey
|-boost|p1a: Uncomfey|atk|2
|-boost|p1a: Uncomfey|spa|2
|
|-weather|none
|upkeep
|turn|9
|
|t:|1779823044
|switch|p2a: Dragonite|Dragonite, F|100/100
|-terastallize|p1a: Uncomfey|Steel
|move|p1a: Uncomfey|Draining Kiss|p2a: Dragonite
|-supereffective|p2a: Dragonite
|-damage|p2a: Dragonite|48/100
|-heal|p1a: Uncomfey|59/100|[from] drain|[of] p2a: Dragonite
|-enditem|p2a: Dragonite|Weakness Policy
|-boost|p2a: Dragonite|atk|2|[from] item: Weakness Policy
|-boost|p2a: Dragonite|spa|2|[from] item: Weakness Policy
|-damage|p1a: Uncomfey|49/100|[from] item: Life Orb
|
|upkeep
|turn|10
|
|t:|1779823056
|move|p1a: Uncomfey|Draining Kiss|p2a: Dragonite
|-supereffective|p2a: Dragonite
|-damage|p2a: Dragonite|0 fnt
|-heal|p1a: Uncomfey|87/100|[from] drain|[of] p2a: Dragonite
|faint|p2a: Dragonite
|-damage|p1a: Uncomfey|77/100|[from] item: Life Orb
|
|upkeep
|
|t:|1779823066
|switch|p2a: Polteageist|Polteageist|100/100
|turn|11
|
|t:|1779823080
|move|p2a: Polteageist|Shadow Ball|p1a: Uncomfey
|-damage|p1a: Uncomfey|30/100
|move|p1a: Uncomfey|Stored Power|p2a: Polteageist
|-damage|p2a: Polteageist|19/100
|-damage|p1a: Uncomfey|20/100|[from] item: Life Orb
|
|upkeep
|turn|12
|
|t:|1779823087
|move|p1a: Uncomfey|Draining Kiss|p2a: Polteageist
|-damage|p2a: Polteageist|0 fnt
|-heal|p1a: Uncomfey|33/100|[from] drain|[of] p2a: Polteageist
|faint|p2a: Polteageist
|-damage|p1a: Uncomfey|23/100|[from] item: Life Orb
|
|upkeep
|
|t:|1779823093
|switch|p2a: Alcremie|Alcremie, F|100/100
|turn|13
|
|t:|1779823102
|-terastallize|p2a: Alcremie|Steel
|move|p1a: Uncomfey|Synthesis|p1a: Uncomfey
|-heal|p1a: Uncomfey|73/100
|move|p2a: Alcremie|Calm Mind|p2a: Alcremie
|-boost|p2a: Alcremie|spa|1
|-boost|p2a: Alcremie|spd|1
|
|upkeep
|turn|14
|
|t:|1779823111
|move|p1a: Uncomfey|Growth|p1a: Uncomfey
|-boost|p1a: Uncomfey|atk|1
|-boost|p1a: Uncomfey|spa|1
|move|p2a: Alcremie|Calm Mind|p2a: Alcremie
|-boost|p2a: Alcremie|spa|1
|-boost|p2a: Alcremie|spd|1
|
|upkeep
|turn|15
|
|t:|1779823132
|move|p1a: Uncomfey|Stored Power|p2a: Alcremie
|-resisted|p2a: Alcremie
|-damage|p2a: Alcremie|70/100
|-damage|p1a: Uncomfey|63/100|[from] item: Life Orb
|move|p2a: Alcremie|Acid Armor|p2a: Alcremie
|-boost|p2a: Alcremie|def|2
|
|upkeep
|turn|16
|
|t:|1779823141
|move|p1a: Uncomfey|Stored Power|p2a: Alcremie
|-resisted|p2a: Alcremie
|-damage|p2a: Alcremie|37/100
|-damage|p1a: Uncomfey|53/100|[from] item: Life Orb
|move|p2a: Alcremie|Calm Mind|p2a: Alcremie
|-boost|p2a: Alcremie|spa|1
|-boost|p2a: Alcremie|spd|1
|
|upkeep
|turn|17
|
|t:|1779823150
|move|p1a: Uncomfey|Stored Power|p2a: Alcremie
|-resisted|p2a: Alcremie
|-damage|p2a: Alcremie|12/100
|-damage|p1a: Uncomfey|43/100|[from] item: Life Orb
|move|p2a: Alcremie|Draining Kiss|p1a: Uncomfey
|-resisted|p1a: Uncomfey
|-damage|p1a: Uncomfey|0 fnt
|-heal|p2a: Alcremie|48/100|[from] drain|[of] p1a: Uncomfey
|faint|p1a: Uncomfey
|-damage|p2a: Alcremie|38/100|[from] item: Life Orb
|
|upkeep
|
|t:|1779823164
|switch|p1a: Mammoet|Great Tusk|100/100
|-damage|p1a: Mammoet|98/100|[from] Stealth Rock
|turn|18
|
|t:|1779823168
|move|p1a: Mammoet|Headlong Rush|p2a: Alcremie
|-supereffective|p2a: Alcremie
|-damage|p2a: Alcremie|0 fnt
|-unboost|p1a: Mammoet|def|1
|-unboost|p1a: Mammoet|spd|1
|faint|p2a: Alcremie
|
|upkeep
|
|t:|1779823174
|switch|p2a: Cloyster|Cloyster, M|100/100
|turn|19
|
|t:|1779823183
|move|p1a: Mammoet|Headlong Rush|p2a: Cloyster
|-damage|p2a: Cloyster|57/100
|-unboost|p1a: Mammoet|def|1
|-unboost|p1a: Mammoet|spd|1
|move|p2a: Cloyster|Shell Smash|p2a: Cloyster
|-unboost|p2a: Cloyster|def|1
|-unboost|p2a: Cloyster|spd|1
|-boost|p2a: Cloyster|atk|2
|-boost|p2a: Cloyster|spa|2
|-boost|p2a: Cloyster|spe|2
|
|upkeep
|turn|20
|
|t:|1779823192
|move|p2a: Cloyster|Icicle Spear|p1a: Mammoet
|-supereffective|p1a: Mammoet
|-crit|p1a: Mammoet
|-damage|p1a: Mammoet|15/100
|-supereffective|p1a: Mammoet
|-damage|p1a: Mammoet|0 fnt
|faint|p1a: Mammoet
|-end|p1a: Mammoet|Protosynthesis|[silent]
|-hitcount|p1: Mammoet|2
|
|upkeep
|
|t:|1779823195
|switch|p1a: 67tales|Ninetales, M|100/100
|-damage|p1a: 67tales|76/100|[from] Stealth Rock
|-weather|SunnyDay|[from] ability: Drought|[of] p1a: 67tales
|turn|21
|
|t:|1779823202
|move|p2a: Cloyster|Rock Blast|p1a: 67tales
|-supereffective|p1a: 67tales
|-damage|p1a: 67tales|41/100
|-supereffective|p1a: 67tales
|-damage|p1a: 67tales|3/100
|-supereffective|p1a: 67tales
|-damage|p1a: 67tales|0 fnt
|faint|p1a: 67tales
|-hitcount|p1: 67tales|3
|
|-weather|SunnyDay|[upkeep]
|upkeep
|
|t:|1779823204
|switch|p1a: Whimsical|Whimsicott, M|100/100
|-damage|p1a: Whimsical|88/100|[from] Stealth Rock
|turn|22
|
|t:|1779823216
|move|p2a: Cloyster|Ice Shard|p1a: Whimsical
|-supereffective|p1a: Whimsical
|-damage|p1a: Whimsical|0 fnt
|faint|p1a: Whimsical
|
|-weather|SunnyDay|[upkeep]
|upkeep
|
|t:|1779823218
|switch|p1a: Wake Skywalker|Walking Wake|64/100 tox
|-damage|p1a: Wake Skywalker|52/100 tox|[from] Stealth Rock
|-activate|p1a: Wake Skywalker|ability: Protosynthesis
|-start|p1a: Wake Skywalker|protosynthesisspe
|turn|23
|
|t:|1779823225
|move|p2a: Cloyster|Ice Shard|p1a: Wake Skywalker
|-damage|p1a: Wake Skywalker|19/100 tox
|move|p1a: Wake Skywalker|Draco Meteor|p2a: Cloyster
|-damage|p2a: Cloyster|0 fnt
|-unboost|p1a: Wake Skywalker|spa|2
|faint|p2a: Cloyster
|
|win|Pretty Nizz
|raw|Pretty Nizz's rating: 1379 &rarr; <strong>1402</strong><br />(+23 for winning)
|raw|Princessjosie1001!'s rating: 1424 &rarr; <strong>1401</strong><br />(-23 for losing)
|l|☆Princessjosie1001!
|player|p2|
|l|☆Pretty Nizz
|player|p1|
