|j|☆subbasser
|j|☆rocquet
|t:|1779886919
|gametype|singles
|player|p1|subbasser|266|1111
|player|p2|rocquet|youngster-gen4dp|1175
|gen|9
|tier|[Gen 9] OU
|rated|
|rule|HP Percentage Mod: HP is shown in percentages
|rule|Endless Battle Clause: Forcing endless battles is banned
|rule|Species Clause: Limit one of each Pokémon
|rule|OHKO Clause: OHKO moves are banned
|rule|Evasion Items Clause: Evasion items are banned
|rule|Evasion Moves Clause: Evasion moves are banned
|rule|Evasion Abilities Clause: Evasion abilities are banned
|rule|Sleep Moves Clause: Sleep-inducing moves are banned
|clearpoke
|poke|p1|Toedscruel, M|
|poke|p1|Registeel|
|poke|p1|Rhyperior, F|
|poke|p1|Magnezone|
|poke|p1|Kingambit, F|
|poke|p1|Dachsbun, M|
|poke|p2|Garganacl, M|
|poke|p2|Cinderace, M|
|poke|p2|Hatterene, F|
|poke|p2|Dragonite, F|
|poke|p2|Alomomola, F|
|poke|p2|Iron Treads|
|teampreview
|
|t:|1779886929
|teamsize|p1|6
|teamsize|p2|6
|start
|switch|p1a: Judoon|Rhyperior, F|100/100
|switch|p2a: Garganacl|Garganacl, M|100/100
|turn|1
|c|☆rocquet|glhf
|c|☆subbasser|u2
|
|t:|1779886941
|move|p1a: Judoon|Stealth Rock|p2a: Garganacl
|-sidestart|p2: rocquet|move: Stealth Rock
|move|p2a: Garganacl|Salt Cure|p1a: Judoon
|-resisted|p1a: Judoon
|-damage|p1a: Judoon|96/100
|-start|p1a: Judoon|Salt Cure
|
|-heal|p1a: Judoon|100/100|[from] item: Leftovers
|-damage|p1a: Judoon|88/100|[from] Salt Cure
|upkeep
|turn|2
|inactive|Battle timer is ON: inactive players will automatically lose when time's up. (requested by subbasser)
|
|t:|1779886955
|move|p1a: Judoon|Earthquake|p2a: Garganacl
|-supereffective|p2a: Garganacl
|-damage|p2a: Garganacl|35/100
|move|p2a: Garganacl|Stealth Rock|p1a: Judoon
|-sidestart|p1: subbasser|move: Stealth Rock
|
|-heal|p1a: Judoon|94/100|[from] item: Leftovers
|-damage|p1a: Judoon|82/100|[from] Salt Cure
|upkeep
|turn|3
|inactive|subbasser has 120 seconds left.
|
|t:|1779886991
|switch|p2a: Iron Treads|Iron Treads|100/100
|-damage|p2a: Iron Treads|97/100|[from] Stealth Rock
|-enditem|p2a: Iron Treads|Booster Energy
|-activate|p2a: Iron Treads|ability: Quark Drive|[fromitem]
|-start|p2a: Iron Treads|quarkdrivespe
|move|p1a: Judoon|Earthquake|p2a: Iron Treads
|-supereffective|p2a: Iron Treads
|-damage|p2a: Iron Treads|15/100
|
|-heal|p1a: Judoon|88/100|[from] item: Leftovers
|-damage|p1a: Judoon|76/100|[from] Salt Cure
|upkeep
|turn|4
|inactive|subbasser has 120 seconds left.
|
|t:|1779887004
|move|p2a: Iron Treads|Knock Off|p1a: Judoon
|-damage|p1a: Judoon|59/100
|-enditem|p1a: Judoon|Leftovers|[from] move: Knock Off|[of] p2a: Iron Treads
|move|p1a: Judoon|Earthquake|p2a: Iron Treads
|-supereffective|p2a: Iron Treads
|-damage|p2a: Iron Treads|0 fnt
|faint|p2a: Iron Treads
|-end|p2a: Iron Treads|Quark Drive|[silent]
|
|-damage|p1a: Judoon|47/100|[from] Salt Cure
|upkeep
|
|t:|1779887019
|switch|p2a: Alomomola|Alomomola, F, shiny|100/100
|-damage|p2a: Alomomola|88/100|[from] Stealth Rock
|turn|5
|inactive|subbasser has 120 seconds left.
|
|t:|1779887038
|move|p2a: Alomomola|Wish|p2a: Alomomola
|move|p1a: Judoon|Earthquake|p2a: Alomomola
|-damage|p2a: Alomomola|54/100
|
|-heal|p2a: Alomomola|60/100|[from] item: Leftovers
|-damage|p1a: Judoon|34/100|[from] Salt Cure
|upkeep
|turn|6
|
|t:|1779887047
|move|p2a: Alomomola|Flip Turn|p1a: Judoon
|-supereffective|p1a: Judoon
|-damage|p1a: Judoon|9/100
|
|t:|1779887054
|switch|p2a: Garganacl|Garganacl, M|35/100|[from] Flip Turn
|-damage|p2a: Garganacl|22/100|[from] Stealth Rock
|move|p1a: Judoon|Earthquake|p2a: Garganacl
|-supereffective|p2a: Garganacl
|-damage|p2a: Garganacl|0 fnt
|faint|p2a: Garganacl
|
|-damage|p1a: Judoon|0 fnt|[from] Salt Cure
|faint|p1a: Judoon
|upkeep
|inactive|subbasser has 120 seconds left.
|inactive|subbasser has 90 seconds left.
|
|t:|1779887106
|switch|p1a: K-9|Dachsbun, M, shiny|100/100
|switch|p2a: Dragonite|Dragonite, F|100/100
|-damage|p2a: Dragonite|75/100|[from] Stealth Rock
|turn|7
|inactive|subbasser has 90 seconds left.
|inactive|rocquet has 120 seconds left.
|
|t:|1779887122
|move|p2a: Dragonite|Dragon Dance|p2a: Dragonite
|-boost|p2a: Dragonite|atk|1
|-boost|p2a: Dragonite|spe|1
|move|p1a: K-9|Roar|p2a: Dragonite
|drag|p2a: Alomomola|Alomomola, F, shiny|93/100
|-damage|p2a: Alomomola|81/100|[from] Stealth Rock
|
|-heal|p2a: Alomomola|87/100|[from] item: Leftovers
|upkeep
|turn|8
|inactive|subbasser has 90 seconds left.
|inactive|rocquet has 120 seconds left.
|
|t:|1779887140
|move|p1a: K-9|Body Press|p2a: Alomomola
|-damage|p2a: Alomomola|73/100
|move|p2a: Alomomola|Scald|p1a: K-9
|-damage|p1a: K-9|84/100
|
|-heal|p2a: Alomomola|79/100|[from] item: Leftovers
|upkeep
|turn|9
|inactive|rocquet has 120 seconds left.
|
|t:|1779887150
|move|p2a: Alomomola|Scald|p1a: K-9
|-damage|p1a: K-9|66/100
|move|p1a: K-9|Roar|p2a: Alomomola
|drag|p2a: Cinderace|Cinderace, M|100/100
|
|upkeep
|turn|10
|inactive|rocquet has 120 seconds left.
|
|t:|1779887171
|move|p2a: Cinderace|Pyro Ball|p1a: K-9
|-ability|p1a: K-9|Well-Baked Body|boost
|-boost|p1a: K-9|def|2
|move|p1a: K-9|Roar|p2a: Cinderace
|drag|p2a: Hatterene|Hatterene, F|100/100
|-damage|p2a: Hatterene|88/100|[from] Stealth Rock
|
|upkeep
|turn|11
|
|t:|1779887191
|move|p1a: K-9|Copycat||[still]
|-fail|p1a: K-9
|move|p2a: Hatterene|Giga Drain|p1a: K-9
|-damage|p1a: K-9|31/100
|-heal|p2a: Hatterene|100/100|[from] drain|[of] p1a: K-9
|
|upkeep
|turn|12
|inactive|subbasser has 90 seconds left.
|
|t:|1779887224
|move|p1a: K-9|Wish|p1a: K-9
|move|p2a: Hatterene|Giga Drain|p1a: K-9
|-damage|p1a: K-9|0 fnt
|faint|p1a: K-9
|
|upkeep
|
|t:|1779887226
|switch|p1a: Dalek|Magnezone, shiny|100/100
|-damage|p1a: Dalek|94/100|[from] Stealth Rock
|turn|13
|inactive|rocquet has 120 seconds left.
|
|t:|1779887237
|move|p1a: Dalek|Discharge|p2a: Hatterene
|-damage|p2a: Hatterene|53/100
|move|p2a: Hatterene|Nuzzle|p1a: Dalek
|-resisted|p1a: Dalek
|-damage|p1a: Dalek|93/100
|
|-heal|p1a: Dalek|100/100|[from] move: Wish|[wisher] K-9
|upkeep
|turn|14
|inactive|subbasser has 90 seconds left.
|inactive|rocquet has 120 seconds left.
|inactive|subbasser has 60 seconds left.
|
|t:|1779887286
|switch|p2a: Cinderace|Cinderace, M|100/100
|move|p1a: Dalek|Flash Cannon|p2a: Cinderace
|-resisted|p2a: Cinderace
|-damage|p2a: Cinderace|66/100
|
|upkeep
|turn|15
|inactive|subbasser has 60 seconds left.
|inactive|rocquet has 120 seconds left.
|
|t:|1779887293
|-terastallize|p1a: Dalek|Flying
|move|p2a: Cinderace|Low Kick|p1a: Dalek
|-start|p2a: Cinderace|typechange|Fighting|[from] ability: Libero
|-resisted|p1a: Dalek
|-damage|p1a: Dalek|78/100
|move|p1a: Dalek|Discharge|p2a: Cinderace
|-crit|p2a: Cinderace
|-damage|p2a: Cinderace|0 fnt
|faint|p2a: Cinderace
|
|upkeep
|inactive|rocquet has 120 seconds left.
|
|t:|1779887304
|switch|p2a: Dragonite|Dragonite, F|75/100
|-damage|p2a: Dragonite|50/100|[from] Stealth Rock
|turn|16
|inactive|subbasser has 60 seconds left.
|
|t:|1779887329
|move|p2a: Dragonite|Thunder Punch|p1a: Dalek
|-supereffective|p1a: Dalek
|-damage|p1a: Dalek|29/100
|move|p1a: Dalek|Discharge|p2a: Dragonite
|-damage|p2a: Dragonite|5/100
|-status|p2a: Dragonite|par
|
|-heal|p2a: Dragonite|11/100 par|[from] item: Leftovers
|upkeep
|turn|17
|inactive|subbasser has 60 seconds left.
|
|t:|1779887341
|move|p1a: Dalek|Discharge|p2a: Dragonite
|-damage|p2a: Dragonite|0 fnt
|faint|p2a: Dragonite
|
|upkeep
|
|t:|1779887348
|switch|p2a: Alomomola|Alomomola, F, shiny|100/100
|-damage|p2a: Alomomola|88/100|[from] Stealth Rock
|turn|18
|inactive|subbasser has 60 seconds left.
|inactive|subbasser has 30 seconds left.
|inactive|subbasser has 20 seconds left.
|inactive|subbasser has 15 seconds left.
|inactive|subbasser has 10 seconds left.
|inactive|subbasser has 5 seconds left.
|-message|subbasser lost due to inactivity.
|
|win|rocquet
|raw|subbasser's rating: 1111 &rarr; <strong>1091</strong><br />(-20 for losing)
|raw|rocquet's rating: 1175 &rarr; <strong>1195</strong><br />(+20 for winning)
|l|☆rocquet
|player|p2|
