|j|☆gardevoirandvapo
|j|‽cruzovski
|t:|1779960917
|gametype|singles
|player|p1|gardevoirandvapo|265|1389
|player|p2|cruzovski|2|1444
|gen|9
|tier|[Gen 9] OU
|rated|
|rule|HP Percentage Mod: HP is shown in percentages
|rule|Endless Battle Clause: Forcing endless battles is banned
|rule|Species Clause: Limit one of each Pokémon
|rule|OHKO Clause: OHKO moves are banned
|rule|Evasion Items Clause: Evasion items are banned
|rule|Evasion Moves Clause: Evasion moves are banned
|rule|Evasion Abilities Clause: Evasion abilities are banned
|rule|Sleep Moves Clause: Sleep-inducing moves are banned
|clearpoke
|poke|p1|Tinkaton, F|
|poke|p1|Smeargle, F|
|poke|p1|Mismagius, M|
|poke|p1|Fezandipiti, M|
|poke|p1|Sandaconda, F|
|poke|p1|Darkrai|
|poke|p2|Garganacl, F|
|poke|p2|Scizor, M|
|poke|p2|Zapdos|
|poke|p2|Cinderace, F|
|poke|p2|Dragapult, M|
|poke|p2|Clefable, F|
|teampreview
|inactive|Battle timer is ON: inactive players will automatically lose when time's up. (requested by gardevoirandvapo)
|inactive|cruzovski has 120 seconds left.
|inactive|cruzovski has 90 seconds left.
|inactive|cruzovski has 60 seconds left.
|
|t:|1779961040
|teamsize|p1|6
|teamsize|p2|6
|start
|switch|p1a: Aldof|Smeargle, F|100/100
|switch|p2a: Clefable|Clefable, F|100/100
|turn|1
|
|t:|1779961051
|move|p1a: Aldof|Taunt|p2a: Clefable
|-start|p2a: Clefable|move: Taunt
|move|p2a: Clefable|Moonblast|p1a: Aldof
|-damage|p1a: Aldof|42/100
|
|upkeep
|turn|2
|
|t:|1779961058
|move|p1a: Aldof|Toxic Spikes|p2a: Clefable
|-sidestart|p2: cruzovski|move: Toxic Spikes
|move|p2a: Clefable|Knock Off|p1a: Aldof
|-damage|p1a: Aldof|7/100
|-enditem|p1a: Aldof|Mental Herb|[from] move: Knock Off|[of] p2a: Clefable
|
|upkeep
|turn|3
|
|t:|1779961068
|move|p1a: Aldof|Burning Bulwark|p1a: Aldof
|-singleturn|p1a: Aldof|move: Protect
|move|p2a: Clefable|Moonblast|p1a: Aldof
|-activate|p1a: Aldof|move: Protect
|
|-end|p2a: Clefable|move: Taunt
|upkeep
|turn|4
|
|t:|1779961073
|move|p1a: Aldof|Stone Axe|p2a: Clefable
|-damage|p2a: Clefable|97/100
|-sidestart|p2: cruzovski|move: Stealth Rock
|move|p2a: Clefable|Moonblast|p1a: Aldof
|-damage|p1a: Aldof|0 fnt
|faint|p1a: Aldof
|
|-heal|p2a: Clefable|100/100|[from] item: Leftovers
|upkeep
|
|t:|1779961086
|switch|p1a: Tinkywinkypinky|Tinkaton, F|100/100
|-ability|p1a: Tinkywinkypinky|Mold Breaker
|turn|5
|
|t:|1779961103
|switch|p2a: Scizor|Scizor, M|100/100
|move|p1a: Tinkywinkypinky|Thunder Wave|p2a: Scizor
|-status|p2a: Scizor|par
|
|upkeep
|turn|6
|
|t:|1779961111
|move|p1a: Tinkywinkypinky|Knock Off|p2a: Scizor
|-damage|p2a: Scizor|84/100 par
|-enditem|p2a: Scizor|Heavy-Duty Boots|[from] move: Knock Off|[of] p1a: Tinkywinkypinky
|move|p2a: Scizor|Defog|p1a: Tinkywinkypinky
|-unboost|p1a: Tinkywinkypinky|evasion|1
|-sideend|p2: cruzovski|Toxic Spikes|[from] move: Defog|[of] p2a: Scizor
|-sideend|p2: cruzovski|Stealth Rock|[from] move: Defog|[of] p2a: Scizor
|
|upkeep
|turn|7
|
|t:|1779961121
|move|p1a: Tinkywinkypinky|Encore|p2a: Scizor
|-start|p2a: Scizor|Encore
|move|p2a: Scizor|Defog|p1a: Tinkywinkypinky
|-unboost|p1a: Tinkywinkypinky|evasion|1
|
|upkeep
|turn|8
|
|t:|1779961147
|switch|p2a: Zapdos|Zapdos|100/100
|move|p1a: Tinkywinkypinky|Thunder Wave|p2a: Zapdos
|-immune|p2a: Zapdos
|
|upkeep
|turn|9
|
|t:|1779961156
|move|p1a: Tinkywinkypinky|Knock Off|p2a: Zapdos
|-damage|p2a: Zapdos|87/100
|-enditem|p2a: Zapdos|Heavy-Duty Boots|[from] move: Knock Off|[of] p1a: Tinkywinkypinky
|move|p2a: Zapdos|Discharge|p1a: Tinkywinkypinky
|-damage|p1a: Tinkywinkypinky|73/100
|
|-heal|p1a: Tinkywinkypinky|79/100|[from] item: Leftovers
|upkeep
|turn|10
|
|t:|1779961171
|switch|p1a: Starey|Sandaconda, F|100/100
|move|p2a: Zapdos|U-turn|p1a: Starey
|-damage|p1a: Starey|91/100
|inactive|cruzovski has 120 seconds left.
|
|t:|1779961193
|switch|p2a: Dragapult|Dragapult, M|100/100|[from] U-turn
|
|-heal|p1a: Starey|97/100|[from] item: Leftovers
|upkeep
|turn|11
|
|t:|1779961199
|move|p2a: Dragapult|Shadow Ball|p1a: Starey
|-damage|p1a: Starey|43/100
|move|p1a: Starey|Glare|p2a: Dragapult
|-status|p2a: Dragapult|par
|
|-heal|p1a: Starey|49/100|[from] item: Leftovers
|upkeep
|turn|12
|
|t:|1779961208
|cant|p2a: Dragapult|par
|move|p1a: Starey|Earthquake|p2a: Dragapult
|-damage|p2a: Dragapult|48/100 par
|
|-heal|p1a: Starey|55/100|[from] item: Leftovers
|upkeep
|turn|13
|
|t:|1779961217
|move|p2a: Dragapult|Shadow Ball|p1a: Starey
|-damage|p1a: Starey|8/100
|move|p1a: Starey|Earthquake|p2a: Dragapult
|-damage|p2a: Dragapult|0 fnt
|faint|p2a: Dragapult
|
|-heal|p1a: Starey|14/100|[from] item: Leftovers
|upkeep
|
|t:|1779961223
|switch|p2a: Cinderace|Cinderace, F|100/100
|turn|14
|
|t:|1779961235
|move|p2a: Cinderace|U-turn|p1a: Starey
|-start|p2a: Cinderace|typechange|Bug|[from] ability: Libero
|-damage|p1a: Starey|0 fnt
|faint|p1a: Starey
|
|t:|1779961241
|switch|p2a: Clefable|Clefable, F|100/100|[from] U-turn
|
|upkeep
|
|t:|1779961246
|switch|p1a: Tinkywinkypinky|Tinkaton, F|79/100
|-ability|p1a: Tinkywinkypinky|Mold Breaker
|turn|15
|
|t:|1779961252
|switch|p2a: Zapdos|Zapdos|87/100
|move|p1a: Tinkywinkypinky|Thunder Wave|p2a: Zapdos|[miss]
|-miss|p1a: Tinkywinkypinky|p2a: Zapdos
|
|-heal|p1a: Tinkywinkypinky|86/100|[from] item: Leftovers
|upkeep
|turn|16
|
|t:|1779961264
|switch|p1a: Venoex|Fezandipiti, M|100/100
|move|p2a: Zapdos|Discharge|p1a: Venoex
|-damage|p1a: Venoex|77/100
|
|upkeep
|turn|17
|
|t:|1779961272
|move|p2a: Zapdos|Discharge|p1a: Venoex
|-damage|p1a: Venoex|50/100
|-enditem|p1a: Venoex|Sitrus Berry|[eat]
|-heal|p1a: Venoex|75/100|[from] item: Sitrus Berry
|move|p1a: Venoex|Moonblast|p2a: Zapdos
|-damage|p2a: Zapdos|51/100
|
|upkeep
|turn|18
|
|t:|1779961281
|move|p2a: Zapdos|Roost|p2a: Zapdos
|-heal|p2a: Zapdos|100/100
|-singleturn|p2a: Zapdos|move: Roost
|move|p1a: Venoex|Moonblast|p2a: Zapdos
|-damage|p2a: Zapdos|68/100
|
|upkeep
|turn|19
|inactive|cruzovski has 120 seconds left.
|inactive|cruzovski has 90 seconds left.
|inactive|cruzovski has 60 seconds left.
|
|t:|1779961376
|move|p2a: Zapdos|Discharge|p1a: Venoex
|-damage|p1a: Venoex|51/100
|move|p1a: Venoex|Moonblast|p2a: Zapdos
|-crit|p2a: Zapdos
|-damage|p2a: Zapdos|17/100
|
|upkeep
|turn|20
|inactive|cruzovski has 60 seconds left.
|inactive|cruzovski has 30 seconds left.
|inactive|cruzovski has 20 seconds left.
|inactive|cruzovski has 15 seconds left.
|inactive|cruzovski has 10 seconds left.
|inactive|cruzovski has 5 seconds left.
|-message|cruzovski lost due to inactivity.
|
|win|gardevoirandvapo
|raw|gardevoirandvapo's rating: 1389 &rarr; <strong>1412</strong><br />(+23 for winning)
|raw|cruzovski's rating: 1444 &rarr; <strong>1421</strong><br />(-23 for losing)
|l|‽cruzovski
|player|p2|
