|j|☆dalucu23
|j|☆kabutopzboy
|t:|1779893609
|gametype|singles
|player|p1|dalucu23|biker|1281
|player|p2|kabutopzboy|cyrus|1266
|gen|9
|tier|[Gen 9] OU
|rated|
|rule|HP Percentage Mod: HP is shown in percentages
|rule|Endless Battle Clause: Forcing endless battles is banned
|rule|Species Clause: Limit one of each Pokémon
|rule|OHKO Clause: OHKO moves are banned
|rule|Evasion Items Clause: Evasion items are banned
|rule|Evasion Moves Clause: Evasion moves are banned
|rule|Evasion Abilities Clause: Evasion abilities are banned
|rule|Sleep Moves Clause: Sleep-inducing moves are banned
|clearpoke
|poke|p1|Kingdra, F|
|poke|p1|Pelipper, M|
|poke|p1|Barraskewda, M|
|poke|p1|Iron Treads|
|poke|p1|Dragapult, F|
|poke|p1|Sableye, F|
|poke|p2|Great Tusk|
|poke|p2|Pelipper, M|
|poke|p2|Dragapult, F|
|poke|p2|Necrozma|
|poke|p2|Polteageist-Antique|
|poke|p2|Grimmsnarl, M|
|teampreview
|inactive|Battle timer is ON: inactive players will automatically lose when time's up. (requested by dalucu23)
|
|t:|1779893628
|teamsize|p1|6
|teamsize|p2|6
|start
|switch|p1a: Iron Treads|Iron Treads|100/100
|switch|p2a: Grimmsnarl|Grimmsnarl, M|100/100
|-enditem|p1a: Iron Treads|Booster Energy
|-activate|p1a: Iron Treads|ability: Quark Drive|[fromitem]
|-start|p1a: Iron Treads|quarkdrivespe
|turn|1
|
|t:|1779893639
|move|p2a: Grimmsnarl|Reflect|p2a: Grimmsnarl
|-sidestart|p2: kabutopzboy|Reflect
|move|p1a: Iron Treads|Iron Head|p2a: Grimmsnarl
|-supereffective|p2a: Grimmsnarl
|-damage|p2a: Grimmsnarl|57/100
|
|upkeep
|turn|2
|
|t:|1779893649
|switch|p2a: Polteageist|Polteageist-Antique|100/100
|move|p1a: Iron Treads|Volt Switch|p2a: Polteageist
|-damage|p2a: Polteageist|88/100
|-start|p1a: Iron Treads|Disable|Volt Switch|[from] ability: Cursed Body|[of] p2a: Polteageist
|
|t:|1779893666
|-end|p1a: Iron Treads|Quark Drive|[silent]
|switch|p1a: Dragapult|Dragapult, F|100/100|[from] Volt Switch
|
|upkeep
|turn|3
|
|t:|1779893682
|switch|p2a: Great Tusk|Great Tusk|100/100
|-enditem|p2a: Great Tusk|Booster Energy
|-activate|p2a: Great Tusk|ability: Protosynthesis|[fromitem]
|-start|p2a: Great Tusk|protosynthesisspe
|move|p1a: Dragapult|Shadow Ball|p2a: Great Tusk
|-damage|p2a: Great Tusk|29/100
|
|upkeep
|turn|4
|
|t:|1779893692
|switch|p1a: Pelipper|Pelipper, M|100/100
|-weather|RainDance|[from] ability: Drizzle|[of] p1a: Pelipper
|move|p2a: Great Tusk|Ice Spinner|p1a: Pelipper
|-damage|p1a: Pelipper|81/100
|
|-weather|RainDance|[upkeep]
|upkeep
|turn|5
|
|t:|1779893705
|move|p2a: Great Tusk|Ice Spinner|p1a: Pelipper
|-crit|p1a: Pelipper
|-damage|p1a: Pelipper|51/100
|move|p1a: Pelipper|Tailwind|p1a: Pelipper
|-sidestart|p1: dalucu23|move: Tailwind
|
|-weather|RainDance|[upkeep]
|upkeep
|turn|6
|
|t:|1779893716
|move|p2a: Great Tusk|Ice Spinner|p1a: Pelipper
|-damage|p1a: Pelipper|31/100
|move|p1a: Pelipper|Roost|p1a: Pelipper
|-heal|p1a: Pelipper|81/100
|-singleturn|p1a: Pelipper|move: Roost
|
|-weather|RainDance|[upkeep]
|upkeep
|turn|7
|
|t:|1779893728
|-end|p2a: Great Tusk|Protosynthesis|[silent]
|switch|p2a: Grimmsnarl|Grimmsnarl, M|57/100
|move|p1a: Pelipper|Hurricane|p2a: Grimmsnarl
|-damage|p2a: Grimmsnarl|18/100
|-start|p2a: Grimmsnarl|confusion
|
|-weather|RainDance|[upkeep]
|upkeep
|turn|8
|
|t:|1779893746
|-activate|p2a: Grimmsnarl|confusion
|move|p2a: Grimmsnarl|Light Screen|p2a: Grimmsnarl
|-sidestart|p2: kabutopzboy|move: Light Screen
|move|p1a: Pelipper|Surf|p2a: Grimmsnarl
|-damage|p2a: Grimmsnarl|0 fnt
|faint|p2a: Grimmsnarl
|
|-weather|RainDance|[upkeep]
|-sideend|p2: kabutopzboy|Reflect
|-sideend|p1: dalucu23|move: Tailwind
|upkeep
|
|t:|1779893753
|switch|p2a: Polteageist|Polteageist-Antique|88/100
|turn|9
|
|t:|1779893759
|switch|p1a: Sableye|Sableye, F|100/100
|move|p2a: Polteageist|Shell Smash|p2a: Polteageist
|-unboost|p2a: Polteageist|def|1
|-unboost|p2a: Polteageist|spd|1
|-boost|p2a: Polteageist|atk|2
|-boost|p2a: Polteageist|spa|2
|-boost|p2a: Polteageist|spe|2
|-enditem|p2a: Polteageist|White Herb
|-clearnegativeboost|p2a: Polteageist|[silent]
|
|-weather|RainDance|[upkeep]
|upkeep
|turn|10
|
|t:|1779893771
|move|p1a: Sableye|Encore|p2a: Polteageist
|-start|p2a: Polteageist|Encore
|move|p2a: Polteageist|Shell Smash|p2a: Polteageist
|-unboost|p2a: Polteageist|def|1
|-unboost|p2a: Polteageist|spd|1
|-boost|p2a: Polteageist|atk|2
|-boost|p2a: Polteageist|spa|2
|-boost|p2a: Polteageist|spe|2
|
|-weather|RainDance|[upkeep]
|upkeep
|turn|11
|
|t:|1779893782
|switch|p2a: Pelipper|Pelipper, M|100/100
|move|p1a: Sableye|Knock Off|p2a: Pelipper
|-damage|p2a: Pelipper|65/100
|-enditem|p2a: Pelipper|Choice Specs|[from] move: Knock Off|[of] p1a: Sableye
|
|-weather|none
|upkeep
|turn|12
|
|t:|1779893796
|move|p2a: Pelipper|Surf|p1a: Sableye
|-damage|p1a: Sableye|41/100
|move|p1a: Sableye|Knock Off|p2a: Pelipper
|-damage|p2a: Pelipper|39/100
|
|-heal|p1a: Sableye|47/100|[from] item: Leftovers
|upkeep
|turn|13
|
|t:|1779893806
|switch|p1a: Kingdra|Kingdra, F|100/100
|move|p2a: Pelipper|Surf|p1a: Kingdra
|-resisted|p1a: Kingdra
|-damage|p1a: Kingdra|88/100
|
|upkeep
|turn|14
|
|t:|1779893817
|move|p1a: Kingdra|Draco Meteor|p2a: Pelipper
|-damage|p2a: Pelipper|0 fnt
|-unboost|p1a: Kingdra|spa|2
|faint|p2a: Pelipper
|-damage|p1a: Kingdra|78/100|[from] item: Life Orb
|
|upkeep
|inactive|kabutopzboy has 120 seconds left.
|
|t:|1779893847
|switch|p2a: Necrozma|Necrozma|100/100
|turn|15
|
|t:|1779893852
|switch|p1a: Sableye|Sableye, F|47/100
|move|p2a: Necrozma|Calm Mind|p2a: Necrozma
|-boost|p2a: Necrozma|spa|1
|-boost|p2a: Necrozma|spd|1
|
|-heal|p1a: Sableye|53/100|[from] item: Leftovers
|-sideend|p2: kabutopzboy|move: Light Screen
|upkeep
|turn|16
|
|t:|1779893862
|switch|p2a: Dragapult|Dragapult, F|100/100
|move|p1a: Sableye|Encore||[still]
|-fail|p1a: Sableye
|
|-heal|p1a: Sableye|59/100|[from] item: Leftovers
|upkeep
|turn|17
|
|t:|1779893868
|move|p1a: Sableye|Recover|p1a: Sableye
|-heal|p1a: Sableye|100/100
|move|p2a: Dragapult|Will-O-Wisp|p1a: Sableye
|-status|p1a: Sableye|brn
|
|-damage|p1a: Sableye|95/100 brn|[from] brn
|upkeep
|turn|18
|
|t:|1779893875
|switch|p2a: Great Tusk|Great Tusk|29/100
|move|p1a: Sableye|Knock Off|p2a: Great Tusk
|-resisted|p2a: Great Tusk
|-damage|p2a: Great Tusk|27/100
|
|-heal|p1a: Sableye|100/100 brn|[from] item: Leftovers
|-damage|p1a: Sableye|95/100 brn|[from] brn
|upkeep
|turn|19
|
|t:|1779893884
|move|p1a: Sableye|Rain Dance|p1a: Sableye
|-weather|RainDance
|move|p2a: Great Tusk|Ice Spinner|p1a: Sableye
|-damage|p1a: Sableye|66/100 brn
|
|-weather|RainDance|[upkeep]
|-heal|p1a: Sableye|72/100 brn|[from] item: Leftovers
|-damage|p1a: Sableye|66/100 brn|[from] brn
|upkeep
|turn|20
|
|t:|1779893893
|-end|p2a: Great Tusk|Protosynthesis|[silent]
|switch|p2a: Polteageist|Polteageist-Antique|88/100
|move|p1a: Sableye|Encore||[still]
|-fail|p1a: Sableye
|
|-weather|RainDance|[upkeep]
|-heal|p1a: Sableye|72/100 brn|[from] item: Leftovers
|-damage|p1a: Sableye|66/100 brn|[from] brn
|upkeep
|turn|21
|
|t:|1779893902
|-terastallize|p2a: Polteageist|Ghost
|move|p2a: Polteageist|Shadow Ball|p1a: Sableye
|-damage|p1a: Sableye|0 fnt
|faint|p1a: Sableye
|
|-weather|RainDance|[upkeep]
|upkeep
|
|t:|1779893908
|switch|p1a: Barraskewda|Barraskewda, M|100/100
|turn|22
|
|t:|1779893914
|switch|p2a: Great Tusk|Great Tusk|27/100
|move|p1a: Barraskewda|Waterfall|p2a: Great Tusk
|-supereffective|p2a: Great Tusk
|-damage|p2a: Great Tusk|0 fnt
|faint|p2a: Great Tusk
|-end|p2a: Great Tusk|Protosynthesis|[silent]
|
|-weather|RainDance|[upkeep]
|upkeep
|
|t:|1779893925
|switch|p2a: Dragapult|Dragapult, F|100/100
|turn|23
|
|t:|1779893936
|move|p1a: Barraskewda|Waterfall|p2a: Dragapult
|-resisted|p2a: Dragapult
|-damage|p2a: Dragapult|54/100
|move|p2a: Dragapult|Will-O-Wisp|p1a: Barraskewda
|-status|p1a: Barraskewda|brn
|
|-weather|none
|-damage|p1a: Barraskewda|94/100 brn|[from] brn
|upkeep
|turn|24
|
|t:|1779893944
|move|p2a: Dragapult|Dragon Dance|p2a: Dragapult
|-boost|p2a: Dragapult|atk|1
|-boost|p2a: Dragapult|spe|1
|move|p1a: Barraskewda|Waterfall|p2a: Dragapult
|-resisted|p2a: Dragapult
|-damage|p2a: Dragapult|37/100
|
|-damage|p1a: Barraskewda|88/100 brn|[from] brn
|upkeep
|turn|25
|
|t:|1779893954
|switch|p1a: Pelipper|Pelipper, M|81/100
|-weather|RainDance|[from] ability: Drizzle|[of] p1a: Pelipper
|move|p2a: Dragapult|Hex|p1a: Pelipper
|-damage|p1a: Pelipper|52/100
|
|-weather|RainDance|[upkeep]
|upkeep
|turn|26
|
|t:|1779893965
|move|p2a: Dragapult|Dragon Darts|p1a: Pelipper
|-damage|p1a: Pelipper|24/100
|-anim|p2a: Dragapult|Dragon Darts|p1a: Pelipper
|-damage|p1a: Pelipper|0 fnt
|faint|p1a: Pelipper
|
|-weather|RainDance|[upkeep]
|upkeep
|
|t:|1779893981
|switch|p1a: Kingdra|Kingdra, F|78/100
|turn|27
|
|t:|1779893987
|-terastallize|p1a: Kingdra|Steel
|move|p2a: Dragapult|Dragon Darts|p1a: Kingdra
|-resisted|p1a: Kingdra
|-damage|p1a: Kingdra|61/100
|-anim|p2a: Dragapult|Dragon Darts|p1a: Kingdra
|-resisted|p1a: Kingdra
|-damage|p1a: Kingdra|43/100
|move|p1a: Kingdra|Flash Cannon|p2a: Dragapult
|-damage|p2a: Dragapult|0 fnt
|faint|p2a: Dragapult
|-damage|p1a: Kingdra|33/100|[from] item: Life Orb
|
|-weather|RainDance|[upkeep]
|upkeep
|
|t:|1779893999
|switch|p2a: Necrozma|Necrozma|100/100
|turn|28
|
|t:|1779894005
|move|p1a: Kingdra|Flash Cannon|p2a: Necrozma
|-damage|p2a: Necrozma|57/100
|-damage|p1a: Kingdra|24/100|[from] item: Life Orb
|move|p2a: Necrozma|Earthquake|p1a: Kingdra
|-supereffective|p1a: Kingdra
|-damage|p1a: Kingdra|0 fnt
|faint|p1a: Kingdra
|
|-weather|RainDance|[upkeep]
|upkeep
|
|t:|1779894015
|switch|p1a: Dragapult|Dragapult, F|100/100
|turn|29
|
|t:|1779894019
|move|p1a: Dragapult|Shadow Ball|p2a: Necrozma
|-supereffective|p2a: Necrozma
|-damage|p2a: Necrozma|0 fnt
|faint|p2a: Necrozma
|
|-weather|RainDance|[upkeep]
|upkeep
|
|t:|1779894024
|switch|p2a: Polteageist|Polteageist-Antique, tera:Ghost|88/100
|turn|30
|
|t:|1779894027
|move|p1a: Dragapult|Shadow Ball|p2a: Polteageist
|-supereffective|p2a: Polteageist
|-damage|p2a: Polteageist|0 fnt
|faint|p2a: Polteageist
|
|win|dalucu23
|raw|dalucu23's rating: 1281 &rarr; <strong>1305</strong><br />(+24 for winning)
|raw|kabutopzboy's rating: 1266 &rarr; <strong>1242</strong><br />(-24 for losing)
|c|☆dalucu23|Gg
