|j|☆onsomeyn
|j|☆slowlyfadingaway
|t:|1779906574
|gametype|singles
|player|p1|onsomeyn|265|1480
|player|p2|slowlyfadingaway|veteran|1462
|gen|9
|tier|[Gen 9] OU
|rated|
|rule|HP Percentage Mod: HP is shown in percentages
|rule|Endless Battle Clause: Forcing endless battles is banned
|rule|Species Clause: Limit one of each Pokémon
|rule|OHKO Clause: OHKO moves are banned
|rule|Evasion Items Clause: Evasion items are banned
|rule|Evasion Moves Clause: Evasion moves are banned
|rule|Evasion Abilities Clause: Evasion abilities are banned
|rule|Sleep Moves Clause: Sleep-inducing moves are banned
|clearpoke
|poke|p1|Weezing-Galar, F|
|poke|p1|Tinkaton, F|
|poke|p1|Hoopa-Unbound|
|poke|p1|Garganacl, M|
|poke|p1|Landorus-Therian, M|
|poke|p1|Dragapult, M|
|poke|p2|Greninja-*, M|
|poke|p2|Forretress, M|
|poke|p2|Samurott-Hisui, M|
|poke|p2|Garchomp, F|
|poke|p2|Scizor, M|
|poke|p2|Diancie|
|teampreview
|inactive|Battle timer is ON: inactive players will automatically lose when time's up. (requested by slowlyfadingaway)
|
|t:|1779906581
|teamsize|p1|6
|teamsize|p2|6
|start
|switch|p1a: Weezing|Weezing-Galar, F|100/100
|switch|p2a: Samurott|Samurott-Hisui, M|100/100
|-ability|p1a: Weezing|Neutralizing Gas
|turn|1
|
|t:|1779906592
|move|p2a: Samurott|Aqua Cutter|p1a: Weezing
|-damage|p1a: Weezing|80/100
|move|p1a: Weezing|Will-O-Wisp|p2a: Samurott
|-status|p2a: Samurott|brn
|
|-damage|p2a: Samurott|94/100 brn|[from] brn
|upkeep
|turn|2
|
|t:|1779906605
|-end|p1a: Weezing|ability: Neutralizing Gas
|switch|p1a: Landorus|Landorus-Therian, M|100/100
|-ability|p1a: Landorus|Intimidate|boost
|-unboost|p2a: Samurott|atk|1
|move|p2a: Samurott|Ceaseless Edge|p1a: Landorus
|-damage|p1a: Landorus|85/100
|-sidestart|p1: onsomeyn|Spikes
|
|-damage|p2a: Samurott|88/100 brn|[from] brn
|upkeep
|turn|3
|
|t:|1779906615
|move|p1a: Landorus|U-turn|p2a: Samurott
|-supereffective|p2a: Samurott
|-damage|p2a: Samurott|20/100 brn
|
|t:|1779906617
|switch|p1a: Weezing|Weezing-Galar, F|80/100|[from] U-turn
|-ability|p1a: Weezing|Neutralizing Gas
|move|p2a: Samurott|Aqua Cutter|p1a: Weezing
|-crit|p1a: Weezing
|-damage|p1a: Weezing|64/100
|
|-damage|p2a: Samurott|13/100 brn|[from] brn
|upkeep
|turn|4
|
|t:|1779906624
|move|p2a: Samurott|Ceaseless Edge|p1a: Weezing
|-resisted|p1a: Weezing
|-damage|p1a: Weezing|61/100
|-sidestart|p1: onsomeyn|Spikes
|move|p1a: Weezing|Defog|p2a: Samurott
|-unboost|p2a: Samurott|evasion|1
|-sideend|p1: onsomeyn|Spikes|[from] move: Defog|[of] p1a: Weezing
|
|-damage|p2a: Samurott|7/100 brn|[from] brn
|upkeep
|turn|5
|j| Yamhard
|
|t:|1779906631
|move|p2a: Samurott|Encore|p1a: Weezing
|-start|p1a: Weezing|Encore
|move|p1a: Weezing|Defog|p2a: Samurott
|-unboost|p2a: Samurott|evasion|1
|
|-damage|p2a: Samurott|1/100 brn|[from] brn
|upkeep
|turn|6
|
|t:|1779906637
|switch|p2a: Garchomp|Garchomp, F|100/100
|move|p1a: Weezing|Defog|p2a: Garchomp
|-unboost|p2a: Garchomp|evasion|1
|
|upkeep
|turn|7
|
|t:|1779906646
|-end|p1a: Weezing|ability: Neutralizing Gas
|switch|p1a: Tinkaton|Tinkaton, F|100/100
|-item|p1a: Tinkaton|Air Balloon
|move|p2a: Garchomp|Swords Dance|p2a: Garchomp
|-boost|p2a: Garchomp|atk|2
|
|upkeep
|turn|8
|
|t:|1779906653
|move|p2a: Garchomp|Fire Fang|p1a: Tinkaton
|-supereffective|p1a: Tinkaton
|-damage|p1a: Tinkaton|0 fnt
|-enditem|p1a: Tinkaton|Air Balloon
|faint|p1a: Tinkaton
|
|upkeep
|
|t:|1779906656
|switch|p1a: Dragapult|Dragapult, M|100/100
|turn|9
|
|t:|1779906659
|switch|p2a: Diancie|Diancie|100/100
|move|p1a: Dragapult|Draco Meteor|p2a: Diancie
|-immune|p2a: Diancie
|
|upkeep
|turn|10
|
|t:|1779906663
|switch|p1a: Weezing|Weezing-Galar, F|61/100
|-ability|p1a: Weezing|Neutralizing Gas
|move|p2a: Diancie|Rock Polish|p2a: Diancie
|-boost|p2a: Diancie|spe|2
|
|upkeep
|turn|11
|
|t:|1779906666
|move|p2a: Diancie|Earth Power|p1a: Weezing
|-supereffective|p1a: Weezing
|-damage|p1a: Weezing|0 fnt
|faint|p1a: Weezing
|-end|p1a: Weezing|ability: Neutralizing Gas
|
|upkeep
|
|t:|1779906669
|switch|p1a: Landorus|Landorus-Therian, M|85/100
|-ability|p1a: Landorus|Intimidate|boost
|-fail|p2a: Diancie|unboost|[from] ability: Clear Body|[of] p2a: Diancie
|turn|12
|
|t:|1779906672
|-terastallize|p2a: Diancie|Dragon
|move|p1a: Landorus|Earthquake|p2a: Diancie
|-damage|p2a: Diancie|48/100
|move|p2a: Diancie|Rock Polish|p2a: Diancie
|-boost|p2a: Diancie|spe|2
|
|upkeep
|turn|13
|
|t:|1779906678
|move|p2a: Diancie|Meteor Beam||[still]
|-prepare|p2a: Diancie|Meteor Beam
|-boost|p2a: Diancie|spa|1
|-enditem|p2a: Diancie|Power Herb
|-anim|p2a: Diancie|Meteor Beam|p1a: Landorus
|-damage|p1a: Landorus|0 fnt
|faint|p1a: Landorus
|
|upkeep
|
|t:|1779906681
|switch|p1a: Hoopa|Hoopa-Unbound|100/100
|turn|14
|
|t:|1779906684
|move|p2a: Diancie|Moonblast|p1a: Hoopa
|-supereffective|p1a: Hoopa
|-damage|p1a: Hoopa|38/100
|move|p1a: Hoopa|Psychic Noise|p2a: Diancie
|-damage|p2a: Diancie|0 fnt
|faint|p2a: Diancie
|
|upkeep
|
|t:|1779906690
|switch|p2a: Greninja|Greninja, M|100/100
|turn|15
|
|t:|1779906696
|move|p2a: Greninja|U-turn|p1a: Hoopa
|-supereffective|p1a: Hoopa
|-damage|p1a: Hoopa|0 fnt
|faint|p1a: Hoopa
|-ability|p2a: Greninja|Battle Bond|boost
|-boost|p2a: Greninja|atk|1
|-boost|p2a: Greninja|spa|1
|-boost|p2a: Greninja|spe|1
|-activate|p2a: Greninja|ability: Battle Bond
|-message|onsomeyn forfeited.
|
|win|slowlyfadingaway
|raw|onsomeyn's rating: 1480 &rarr; <strong>1459</strong><br />(-21 for losing)
|raw|slowlyfadingaway's rating: 1462 &rarr; <strong>1483</strong><br />(+21 for winning)
|l|☆onsomeyn
|player|p1|
|l|☆slowlyfadingaway
|player|p2|
|l| Yamhard
