|j|‽President Warfo
|j|☆adonisabc
|t:|1779865128
|gametype|singles
|player|p1|President Warfo|giovanni-gen1rb|1366
|player|p2|adonisabc|1|1432
|gen|9
|tier|[Gen 9] OU
|rated|
|rule|HP Percentage Mod: HP is shown in percentages
|rule|Endless Battle Clause: Forcing endless battles is banned
|rule|Species Clause: Limit one of each Pokémon
|rule|OHKO Clause: OHKO moves are banned
|rule|Evasion Items Clause: Evasion items are banned
|rule|Evasion Moves Clause: Evasion moves are banned
|rule|Evasion Abilities Clause: Evasion abilities are banned
|rule|Sleep Moves Clause: Sleep-inducing moves are banned
|clearpoke
|poke|p1|Torkoal, F|
|poke|p1|Scovillain, M|
|poke|p1|Walking Wake|
|poke|p1|Hatterene, F|
|poke|p1|Great Tusk|
|poke|p1|Ceruledge, F|
|poke|p2|Iron Moth|
|poke|p2|Kingambit, F|
|poke|p2|Ogerpon-Cornerstone, F|
|poke|p2|Iron Valiant|
|poke|p2|Raging Bolt|
|poke|p2|Samurott-Hisui, F|
|teampreview
|inactive|Battle timer is ON: inactive players will automatically lose when time's up. (requested by President Warfo)
|inactive|President Warfo has 120 seconds left.
|
|t:|1779865172
|teamsize|p1|6
|teamsize|p2|6
|start
|switch|p1a: Torkoal|Torkoal, F|100/100
|switch|p2a: Ogerpon|Ogerpon-Cornerstone, F|100/100
|-weather|SunnyDay|[from] ability: Drought|[of] p1a: Torkoal
|turn|1
|
|t:|1779865180
|switch|p1a: Hatterene|Hatterene, F, shiny|100/100
|move|p2a: Ogerpon|Ivy Cudgel|p1a: Hatterene|[anim] Ivy Cudgel Rock
|-damage|p1a: Hatterene|57/100
|-enditem|p1a: Hatterene|Eject Button
|inactive|President Warfo has 120 seconds left.
|
|t:|1779865220
|switch|p1a: Ceruledge|Ceruledge, F|100/100
|
|-weather|SunnyDay|[upkeep]
|upkeep
|turn|2
|inactive|President Warfo has 120 seconds left.
|
|t:|1779865228
|move|p2a: Ogerpon|Ivy Cudgel|p1a: Ceruledge|[anim] Ivy Cudgel Rock
|-supereffective|p1a: Ceruledge
|-enditem|p1a: Ceruledge|Focus Sash
|-damage|p1a: Ceruledge|1/100
|-ability|p1a: Ceruledge|Weak Armor|boost
|-unboost|p1a: Ceruledge|def|1
|-boost|p1a: Ceruledge|spe|2
|move|p1a: Ceruledge|Bitter Blade|p2a: Ogerpon
|-ability|p2a: Ogerpon|Sturdy
|-damage|p2a: Ogerpon|1/100
|-heal|p1a: Ceruledge|52/100|[from] drain|[of] p2a: Ogerpon
|
|-weather|SunnyDay|[upkeep]
|upkeep
|turn|3
|
|t:|1779865242
|move|p1a: Ceruledge|Bitter Blade|p2a: Ogerpon
|-damage|p2a: Ogerpon|0 fnt
|-heal|p1a: Ceruledge|53/100|[from] drain|[of] p2a: Ogerpon
|faint|p2a: Ogerpon
|
|-weather|SunnyDay|[upkeep]
|upkeep
|
|t:|1779865245
|switch|p2a: Samurott|Samurott-Hisui, F|100/100
|turn|4
|
|t:|1779865263
|switch|p1a: Great Tusk|Great Tusk, shiny|100/100
|-activate|p1a: Great Tusk|ability: Protosynthesis
|-start|p1a: Great Tusk|protosynthesisatk
|move|p2a: Samurott|Ceaseless Edge|p1a: Great Tusk|[miss]
|-miss|p2a: Samurott|p1a: Great Tusk
|
|-weather|SunnyDay|[upkeep]
|upkeep
|turn|5
|
|t:|1779865280
|move|p2a: Samurott|Razor Shell|p1a: Great Tusk
|-supereffective|p1a: Great Tusk
|-damage|p1a: Great Tusk|63/100
|-damage|p2a: Samurott|84/100|[from] item: Rocky Helmet|[of] p1a: Great Tusk
|move|p1a: Great Tusk|Rapid Spin|p2a: Samurott
|-damage|p2a: Samurott|54/100
|-boost|p1a: Great Tusk|spe|1
|
|-weather|SunnyDay|[upkeep]
|upkeep
|turn|6
|
|t:|1779865292
|move|p1a: Great Tusk|Rapid Spin|p2a: Samurott
|-damage|p2a: Samurott|24/100
|-boost|p1a: Great Tusk|spe|1
|move|p2a: Samurott|Razor Shell|p1a: Great Tusk
|-supereffective|p1a: Great Tusk
|-damage|p1a: Great Tusk|24/100
|-unboost|p1a: Great Tusk|def|1
|-damage|p2a: Samurott|8/100|[from] item: Rocky Helmet|[of] p1a: Great Tusk
|
|-weather|SunnyDay|[upkeep]
|upkeep
|turn|7
|
|t:|1779865302
|move|p2a: Samurott|Aqua Jet|p1a: Great Tusk
|-supereffective|p1a: Great Tusk
|-damage|p1a: Great Tusk|5/100
|-damage|p2a: Samurott|0 fnt|[from] item: Rocky Helmet|[of] p1a: Great Tusk
|faint|p2a: Samurott
|move|p1a: Great Tusk|Headlong Rush|p2: Samurott|[notarget]
|-fail|p1a: Great Tusk
|
|-weather|SunnyDay|[upkeep]
|upkeep
|
|t:|1779865319
|switch|p2a: Iron Valiant|Iron Valiant|100/100
|-enditem|p2a: Iron Valiant|Booster Energy
|-activate|p2a: Iron Valiant|ability: Quark Drive|[fromitem]
|-start|p2a: Iron Valiant|quarkdrivespe
|turn|8
|
|t:|1779865326
|move|p1a: Great Tusk|Headlong Rush|p2a: Iron Valiant
|-damage|p2a: Iron Valiant|0 fnt
|-unboost|p1a: Great Tusk|def|1
|-unboost|p1a: Great Tusk|spd|1
|faint|p2a: Iron Valiant
|-end|p2a: Iron Valiant|Quark Drive|[silent]
|
|-weather|none
|-end|p1a: Great Tusk|Protosynthesis
|upkeep
|
|t:|1779865332
|switch|p2a: Iron Moth|Iron Moth|100/100
|-enditem|p2a: Iron Moth|Booster Energy
|-activate|p2a: Iron Moth|ability: Quark Drive|[fromitem]
|-start|p2a: Iron Moth|quarkdrivespe
|turn|9
|
|t:|1779865337
|-terastallize|p2a: Iron Moth|Grass
|move|p1a: Great Tusk|Headlong Rush|p2a: Iron Moth
|-resisted|p2a: Iron Moth
|-damage|p2a: Iron Moth|50/100
|-unboost|p1a: Great Tusk|def|1
|-unboost|p1a: Great Tusk|spd|1
|move|p2a: Iron Moth|Energy Ball|p1a: Great Tusk
|-supereffective|p1a: Great Tusk
|-damage|p1a: Great Tusk|0 fnt
|faint|p1a: Great Tusk
|-end|p1a: Great Tusk|Protosynthesis|[silent]
|
|upkeep
|
|t:|1779865343
|switch|p1a: Torkoal|Torkoal, F|100/100
|-weather|SunnyDay|[from] ability: Drought|[of] p1a: Torkoal
|turn|10
|
|t:|1779865352
|move|p2a: Iron Moth|Sludge Wave|p1a: Torkoal
|-damage|p1a: Torkoal|45/100
|move|p1a: Torkoal|Overheat|p2a: Iron Moth
|-supereffective|p2a: Iron Moth
|-damage|p2a: Iron Moth|0 fnt
|-unboost|p1a: Torkoal|spa|2
|faint|p2a: Iron Moth
|-end|p2a: Iron Moth|Quark Drive|[silent]
|
|-weather|SunnyDay|[upkeep]
|upkeep
|
|t:|1779865358
|switch|p2a: Raging Bolt|Raging Bolt|100/100
|-activate|p2a: Raging Bolt|ability: Protosynthesis
|-start|p2a: Raging Bolt|protosynthesisspa
|turn|11
|inactive|President Warfo has 120 seconds left.
|
|t:|1779865397
|switch|p1a: Hatterene|Hatterene, F, shiny|57/100
|move|p2a: Raging Bolt|Thunderbolt|p1a: Hatterene
|-damage|p1a: Hatterene|0 fnt
|faint|p1a: Hatterene
|
|-weather|SunnyDay|[upkeep]
|upkeep
|
|t:|1779865406
|switch|p1a: Walking Wake|Walking Wake|100/100
|-activate|p1a: Walking Wake|ability: Protosynthesis
|-start|p1a: Walking Wake|protosynthesisspa
|turn|12
|
|t:|1779865416
|move|p2a: Raging Bolt|Thunderclap|p1a: Walking Wake
|-damage|p1a: Walking Wake|36/100
|move|p1a: Walking Wake|Draco Meteor|p2a: Raging Bolt
|-supereffective|p2a: Raging Bolt
|-damage|p2a: Raging Bolt|0 fnt
|-unboost|p1a: Walking Wake|spa|2
|faint|p2a: Raging Bolt
|-end|p2a: Raging Bolt|Protosynthesis|[silent]
|
|-weather|SunnyDay|[upkeep]
|upkeep
|
|t:|1779865423
|switch|p2a: Kingambit|Kingambit, F|100/100
|-activate|p2a: Kingambit|ability: Supreme Overlord
|-start|p2a: Kingambit|fallen5|[silent]
|turn|13
|
|t:|1779865428
|-end|p1a: Walking Wake|Protosynthesis|[silent]
|switch|p1a: Scovillain|Scovillain, M|100/100
|move|p2a: Kingambit|Swords Dance|p2a: Kingambit
|-boost|p2a: Kingambit|atk|2
|
|-weather|SunnyDay|[upkeep]
|upkeep
|turn|14
|
|t:|1779865434
|move|p2a: Kingambit|Sucker Punch||[still]
|-fail|p2a: Kingambit
|move|p1a: Scovillain|Growth|p1a: Scovillain
|-boost|p1a: Scovillain|atk|2
|-boost|p1a: Scovillain|spa|2
|
|-weather|SunnyDay|[upkeep]
|upkeep
|turn|15
|
|t:|1779865442
|-terastallize|p1a: Scovillain|Bug
|move|p1a: Scovillain|Growth|p1a: Scovillain
|-boost|p1a: Scovillain|atk|2
|-boost|p1a: Scovillain|spa|2
|move|p2a: Kingambit|Kowtow Cleave|p1a: Scovillain
|-damage|p1a: Scovillain|0 fnt
|faint|p1a: Scovillain
|
|-weather|SunnyDay|[upkeep]
|upkeep
|
|t:|1779865446
|switch|p1a: Ceruledge|Ceruledge, F|53/100
|turn|16
|
|t:|1779865454
|move|p1a: Ceruledge|Swords Dance|p1a: Ceruledge
|-boost|p1a: Ceruledge|atk|2
|move|p2a: Kingambit|Kowtow Cleave|p1a: Ceruledge
|-supereffective|p1a: Ceruledge
|-damage|p1a: Ceruledge|0 fnt
|faint|p1a: Ceruledge
|
|-weather|SunnyDay|[upkeep]
|upkeep
|
|t:|1779865457
|switch|p1a: Torkoal|Torkoal, F|45/100
|turn|17
|
|t:|1779865466
|move|p2a: Kingambit|Kowtow Cleave|p1a: Torkoal
|-damage|p1a: Torkoal|0 fnt
|faint|p1a: Torkoal
|
|-weather|none
|upkeep
|
|t:|1779865469
|switch|p1a: Walking Wake|Walking Wake|36/100
|turn|18
|inactive|President Warfo has 120 seconds left.
|inactive|President Warfo has 90 seconds left.
|
|t:|1779865545
|move|p2a: Kingambit|Sucker Punch|p1a: Walking Wake
|-damage|p1a: Walking Wake|0 fnt
|faint|p1a: Walking Wake
|-end|p1a: Walking Wake|Protosynthesis|[silent]
|
|win|adonisabc
|raw|President Warfo's rating: 1366 &rarr; <strong>1350</strong><br />(-16 for losing)
|raw|adonisabc's rating: 1432 &rarr; <strong>1448</strong><br />(+16 for winning)
|l|‽President Warfo
|player|p1|
|l|☆adonisabc
|player|p2|
