|j|☆Caligoat
|j|☆xixer26
|t:|1779901116
|gametype|singles
|player|p1|Caligoat|skyla|1416
|player|p2|xixer26|170|1513
|gen|9
|tier|[Gen 9] OU
|rated|
|rule|HP Percentage Mod: HP is shown in percentages
|rule|Endless Battle Clause: Forcing endless battles is banned
|rule|Species Clause: Limit one of each Pokémon
|rule|OHKO Clause: OHKO moves are banned
|rule|Evasion Items Clause: Evasion items are banned
|rule|Evasion Moves Clause: Evasion moves are banned
|rule|Evasion Abilities Clause: Evasion abilities are banned
|rule|Sleep Moves Clause: Sleep-inducing moves are banned
|clearpoke
|poke|p1|Primarina, M|
|poke|p1|Armarouge, M|
|poke|p1|Great Tusk|
|poke|p1|Zapdos-Galar|
|poke|p1|Sandshrew-Alola, M|
|poke|p1|Ogerpon-Wellspring, F|
|poke|p2|Torkoal, F|
|poke|p2|Walking Wake|
|poke|p2|Great Tusk|
|poke|p2|Enamorus, F|
|poke|p2|Ceruledge, F|
|poke|p2|Kingambit, M|
|teampreview
|inactive|Battle timer is ON: inactive players will automatically lose when time's up. (requested by Caligoat)
|
|t:|1779901124
|teamsize|p1|6
|teamsize|p2|6
|start
|switch|p1a: Donphan but cooler|Great Tusk|100/100
|switch|p2a: Torkoal|Torkoal, F|100/100
|-weather|SunnyDay|[from] ability: Drought|[of] p2a: Torkoal
|-activate|p1a: Donphan but cooler|ability: Protosynthesis
|-start|p1a: Donphan but cooler|protosynthesisatk
|turn|1
|
|t:|1779901130
|move|p1a: Donphan but cooler|Ice Spinner|p2a: Torkoal
|-resisted|p2a: Torkoal
|-damage|p2a: Torkoal|89/100
|move|p2a: Torkoal|Lava Plume|p1a: Donphan but cooler
|-damage|p1a: Donphan but cooler|46/100
|
|-weather|SunnyDay|[upkeep]
|upkeep
|turn|2
|
|t:|1779901134
|switch|p2a: Enamorus|Enamorus, F|100/100
|move|p1a: Donphan but cooler|Headlong Rush|p2a: Enamorus
|-immune|p2a: Enamorus
|
|-weather|SunnyDay|[upkeep]
|upkeep
|turn|3
|
|t:|1779901143
|-end|p1a: Donphan but cooler|Protosynthesis|[silent]
|switch|p1a: I’m just a girl|Primarina, M|100/100
|move|p2a: Enamorus|Moonblast|p1a: I’m just a girl
|-damage|p1a: I’m just a girl|72/100
|
|-weather|SunnyDay|[upkeep]
|upkeep
|turn|4
|
|t:|1779901153
|switch|p2a: Kingambit|Kingambit, M|100/100
|move|p1a: I’m just a girl|Ice Beam|p2a: Kingambit
|-resisted|p2a: Kingambit
|-damage|p2a: Kingambit|85/100
|
|-weather|SunnyDay|[upkeep]
|-heal|p2a: Kingambit|91/100|[from] item: Leftovers
|upkeep
|turn|5
|
|t:|1779901159
|move|p1a: I’m just a girl|Flip Turn|p2a: Kingambit
|-damage|p2a: Kingambit|85/100
|
|t:|1779901161
|switch|p1a: Donphan but cooler|Great Tusk|46/100|[from] Flip Turn
|-activate|p1a: Donphan but cooler|ability: Protosynthesis
|-start|p1a: Donphan but cooler|protosynthesisatk
|move|p2a: Kingambit|Iron Head|p1a: Donphan but cooler
|-damage|p1a: Donphan but cooler|11/100
|
|-weather|SunnyDay|[upkeep]
|-heal|p2a: Kingambit|92/100|[from] item: Leftovers
|upkeep
|turn|6
|
|t:|1779901167
|-end|p1a: Donphan but cooler|Protosynthesis|[silent]
|switch|p1a: Mr nice guy|Armarouge, M|100/100
|move|p2a: Kingambit|Sucker Punch||[still]
|-fail|p2a: Kingambit
|
|-weather|SunnyDay|[upkeep]
|-heal|p2a: Kingambit|98/100|[from] item: Leftovers
|upkeep
|turn|7
|
|t:|1779901184
|-end|p2a: Kingambit|fallenundefined|[silent]
|switch|p2a: Walking Wake|Walking Wake|100/100
|-activate|p2a: Walking Wake|ability: Protosynthesis
|-start|p2a: Walking Wake|protosynthesisspe
|move|p1a: Mr nice guy|Armor Cannon|p2a: Walking Wake
|-resisted|p2a: Walking Wake
|-damage|p2a: Walking Wake|72/100
|-unboost|p1a: Mr nice guy|def|1
|-unboost|p1a: Mr nice guy|spd|1
|
|-weather|SunnyDay|[upkeep]
|upkeep
|turn|8
|
|t:|1779901193
|switch|p1a: Ogergoat|Ogerpon-Wellspring, F|100/100
|move|p2a: Walking Wake|Hydro Steam|p1a: Ogergoat
|-immune|p1a: Ogergoat|[from] ability: Water Absorb
|
|-weather|none
|-end|p2a: Walking Wake|Protosynthesis
|upkeep
|turn|9
|
|t:|1779901198
|-end|p2a: Walking Wake|Protosynthesis|[silent]
|switch|p2a: Torkoal|Torkoal, F|89/100
|-weather|SunnyDay|[from] ability: Drought|[of] p2a: Torkoal
|move|p1a: Ogergoat|Power Whip|p2a: Torkoal
|-resisted|p2a: Torkoal
|-damage|p2a: Torkoal|67/100
|
|-weather|SunnyDay|[upkeep]
|upkeep
|turn|10
|
|t:|1779901207
|move|p1a: Ogergoat|Ivy Cudgel|p2a: Torkoal|[anim] Ivy Cudgel Water
|-supereffective|p2a: Torkoal
|-crit|p2a: Torkoal
|-damage|p2a: Torkoal|18/100
|move|p2a: Torkoal|Stealth Rock|p1a: Ogergoat
|-sidestart|p1: Caligoat|move: Stealth Rock
|
|-weather|SunnyDay|[upkeep]
|upkeep
|turn|11
|
|t:|1779901227
|switch|p2a: Enamorus|Enamorus, F|100/100
|move|p1a: Ogergoat|Ivy Cudgel|p2a: Enamorus|[anim] Ivy Cudgel Water
|-damage|p2a: Enamorus|56/100
|
|-weather|SunnyDay|[upkeep]
|upkeep
|turn|12
|
|t:|1779901233
|move|p2a: Enamorus|Weather Ball|p1a: Ogergoat
|-damage|p1a: Ogergoat|41/100
|move|p1a: Ogergoat|Ivy Cudgel|p2a: Enamorus|[anim] Ivy Cudgel Water
|-damage|p2a: Enamorus|12/100
|
|-weather|SunnyDay|[upkeep]
|upkeep
|turn|13
|
|t:|1779901241
|switch|p1a: Mr nice guy|Armarouge, M|100/100
|-damage|p1a: Mr nice guy|76/100|[from] Stealth Rock
|move|p2a: Enamorus|Weather Ball|p1a: Mr nice guy
|-resisted|p1a: Mr nice guy
|-crit|p1a: Mr nice guy
|-damage|p1a: Mr nice guy|19/100
|
|-weather|SunnyDay|[upkeep]
|upkeep
|turn|14
|
|t:|1779901247
|move|p2a: Enamorus|Weather Ball|p1a: Mr nice guy
|-resisted|p1a: Mr nice guy
|-damage|p1a: Mr nice guy|0 fnt
|faint|p1a: Mr nice guy
|
|-weather|SunnyDay|[upkeep]
|upkeep
|
|t:|1779901251
|switch|p1a: I’m just a girl|Primarina, M|72/100
|-damage|p1a: I’m just a girl|60/100|[from] Stealth Rock
|turn|15
|
|t:|1779901257
|switch|p2a: Kingambit|Kingambit, M|98/100
|move|p1a: I’m just a girl|Psychic Noise|p2a: Kingambit
|-damage|p2a: Kingambit|79/100
|-start|p2a: Kingambit|move: Heal Block
|
|-weather|SunnyDay|[upkeep]
|upkeep
|turn|16
|
|t:|1779901265
|move|p1a: I’m just a girl|Moonblast|p2a: Kingambit
|-damage|p2a: Kingambit|31/100
|move|p2a: Kingambit|Iron Head|p1a: I’m just a girl
|-damage|p1a: I’m just a girl|5/100
|
|-weather|none
|-end|p2a: Kingambit|move: Heal Block
|upkeep
|turn|17
|
|t:|1779901269
|move|p2a: Kingambit|Sucker Punch|p1a: I’m just a girl
|-resisted|p1a: I’m just a girl
|-damage|p1a: I’m just a girl|0 fnt
|faint|p1a: I’m just a girl
|
|-heal|p2a: Kingambit|37/100|[from] item: Leftovers
|upkeep
|
|t:|1779901271
|switch|p1a: Bonk stick|Zapdos-Galar|100/100
|-damage|p1a: Bonk stick|88/100|[from] Stealth Rock
|turn|18
|
|t:|1779901278
|-end|p2a: Kingambit|fallenundefined|[silent]
|switch|p2a: Torkoal|Torkoal, F|18/100
|-weather|SunnyDay|[from] ability: Drought|[of] p2a: Torkoal
|move|p1a: Bonk stick|Brave Bird|p2a: Torkoal
|-damage|p2a: Torkoal|0 fnt
|faint|p2a: Torkoal
|-damage|p1a: Bonk stick|82/100|[from] Recoil
|
|-weather|SunnyDay|[upkeep]
|upkeep
|
|t:|1779901284
|switch|p2a: Enamorus|Enamorus, F|12/100
|turn|19
|
|t:|1779901292
|switch|p1a: Problem solver|Sandshrew-Alola, M|100/100
|-damage|p1a: Problem solver|88/100|[from] Stealth Rock
|move|p2a: Enamorus|Moonblast|p1a: Problem solver
|-resisted|p1a: Problem solver
|-damage|p1a: Problem solver|7/100
|-unboost|p1a: Problem solver|spa|1
|
|-weather|SunnyDay|[upkeep]
|upkeep
|turn|20
|
|t:|1779901302
|move|p1a: Problem solver|Ice Shard|p2a: Enamorus
|-supereffective|p2a: Enamorus
|-damage|p2a: Enamorus|0 fnt
|faint|p2a: Enamorus
|
|-weather|SunnyDay|[upkeep]
|upkeep
|
|t:|1779901319
|switch|p2a: Walking Wake|Walking Wake|72/100
|-activate|p2a: Walking Wake|ability: Protosynthesis
|-start|p2a: Walking Wake|protosynthesisspe
|turn|21
|
|t:|1779901322
|move|p2a: Walking Wake|Flamethrower|p1a: Problem solver
|-supereffective|p1a: Problem solver
|-damage|p1a: Problem solver|0 fnt
|faint|p1a: Problem solver
|
|-weather|SunnyDay|[upkeep]
|upkeep
|-message|Caligoat forfeited.
|
|win|xixer26
|raw|Caligoat's rating: 1416 &rarr; <strong>1401</strong><br />(-15 for losing)
|raw|xixer26's rating: 1513 &rarr; <strong>1528</strong><br />(+15 for winning)
|l|☆Caligoat
|player|p1|
|l|☆xixer26
|player|p2|
