|j|☆Tumbletown
|j|☆Spirit Guardian
|t:|1779906348
|gametype|singles
|player|p1|Tumbletown|hilda|1487
|player|p2|Spirit Guardian|102|1436
|gen|9
|tier|[Gen 9] OU
|rated|
|rule|HP Percentage Mod: HP is shown in percentages
|rule|Endless Battle Clause: Forcing endless battles is banned
|rule|Species Clause: Limit one of each Pokémon
|rule|OHKO Clause: OHKO moves are banned
|rule|Evasion Items Clause: Evasion items are banned
|rule|Evasion Moves Clause: Evasion moves are banned
|rule|Evasion Abilities Clause: Evasion abilities are banned
|rule|Sleep Moves Clause: Sleep-inducing moves are banned
|clearpoke
|poke|p1|Barraskewda, M|
|poke|p1|Pelipper, M|
|poke|p1|Raging Bolt|
|poke|p1|Iron Treads|
|poke|p1|Zapdos|
|poke|p1|Indeedee, M|
|poke|p2|Glimmora, F|
|poke|p2|Mimikyu, M|
|poke|p2|Quaquaval, F|
|poke|p2|Iron Moth|
|poke|p2|Galvantula, M|
|poke|p2|Dragonite, M|
|teampreview
|
|t:|1779906368
|teamsize|p1|6
|teamsize|p2|6
|start
|switch|p1a: Iron Treads|Iron Treads|100/100
|switch|p2a: Glimmora|Glimmora, F|100/100
|-item|p2a: Glimmora|Air Balloon
|-item|p1a: Iron Treads|Air Balloon
|turn|1
|
|t:|1779906379
|move|p2a: Glimmora|Energy Ball|p1a: Iron Treads
|-damage|p1a: Iron Treads|76/100
|-enditem|p1a: Iron Treads|Air Balloon
|move|p1a: Iron Treads|Rapid Spin|p2a: Glimmora
|-resisted|p2a: Glimmora
|-damage|p2a: Glimmora|93/100
|-boost|p1a: Iron Treads|spe|1
|-activate|p2a: Glimmora|ability: Toxic Debris
|-sidestart|p1: Tumbletown|move: Toxic Spikes
|-enditem|p2a: Glimmora|Air Balloon
|-sideend|p1: Tumbletown|Toxic Spikes|[from] move: Rapid Spin|[of] p1a: Iron Treads
|
|upkeep
|turn|2
|
|t:|1779906384
|move|p1a: Iron Treads|Earthquake|p2a: Glimmora
|-supereffective|p2a: Glimmora
|-damage|p2a: Glimmora|0 fnt
|-activate|p2a: Glimmora|ability: Toxic Debris
|-sidestart|p1: Tumbletown|move: Toxic Spikes
|faint|p2a: Glimmora
|
|upkeep
|
|t:|1779906388
|switch|p2a: Mimikyu|Mimikyu, M|100/100
|turn|3
|
|t:|1779906394
|move|p1a: Iron Treads|Knock Off|p2a: Mimikyu
|-activate|p2a: Mimikyu|ability: Disguise
|-damage|p2a: Mimikyu|100/100
|-enditem|p2a: Mimikyu|Red Card|[from] move: Knock Off|[of] p1a: Iron Treads
|detailschange|p2a: Mimikyu|Mimikyu-Busted, M
|-damage|p2a: Mimikyu|88/100|[from] pokemon: Mimikyu-Busted
|move|p2a: Mimikyu|Swords Dance|p2a: Mimikyu
|-boost|p2a: Mimikyu|atk|2
|
|upkeep
|turn|4
|
|t:|1779906427
|-end|p1a: Iron Treads|Quark Drive|[silent]
|switch|p1a: Pelipper|Pelipper, M|100/100
|-weather|RainDance|[from] ability: Drizzle|[of] p1a: Pelipper
|move|p2a: Mimikyu|Shadow Claw|p1a: Pelipper
|-damage|p1a: Pelipper|57/100
|
|-weather|RainDance|[upkeep]
|upkeep
|turn|5
|
|t:|1779906442
|switch|p1a: Zapdos|Zapdos|100/100
|move|p2a: Mimikyu|Swords Dance|p2a: Mimikyu
|-boost|p2a: Mimikyu|atk|2
|
|-weather|RainDance|[upkeep]
|upkeep
|turn|6
|
|t:|1779906449
|move|p1a: Zapdos|Thunder|p2a: Mimikyu
|-damage|p2a: Mimikyu|19/100
|move|p2a: Mimikyu|Shadow Claw|p1a: Zapdos
|-crit|p1a: Zapdos
|-damage|p1a: Zapdos|0 fnt
|faint|p1a: Zapdos
|
|-weather|RainDance|[upkeep]
|upkeep
|
|t:|1779906456
|switch|p1a: Indeedee|Indeedee, M|100/100
|-status|p1a: Indeedee|psn
|-fieldstart|move: Psychic Terrain|[from] ability: Psychic Surge|[of] p1a: Indeedee
|turn|7
|
|t:|1779906461
|move|p1a: Indeedee|Expanding Force|p2a: Mimikyu
|-damage|p2a: Mimikyu|0 fnt
|faint|p2a: Mimikyu
|
|-weather|RainDance|[upkeep]
|-damage|p1a: Indeedee|88/100 psn|[from] psn
|upkeep
|
|t:|1779906464
|switch|p2a: Galvantula|Galvantula, M, shiny|100/100
|turn|8
|
|t:|1779906470
|switch|p1a: Iron Treads|Iron Treads|76/100
|move|p2a: Galvantula|Sticky Web|p1a: Iron Treads
|-sidestart|p1: Tumbletown|move: Sticky Web
|
|-weather|RainDance|[upkeep]
|upkeep
|turn|9
|
|t:|1779906477
|-terastallize|p2a: Galvantula|Ghost
|move|p2a: Galvantula|Energy Ball|p1a: Iron Treads
|-damage|p1a: Iron Treads|54/100
|move|p1a: Iron Treads|Rapid Spin|p2a: Galvantula
|-immune|p2a: Galvantula
|
|-weather|RainDance|[upkeep]
|upkeep
|turn|10
|
|t:|1779906485
|move|p2a: Galvantula|Energy Ball|p1a: Iron Treads
|-damage|p1a: Iron Treads|32/100
|move|p1a: Iron Treads|Knock Off|p2a: Galvantula
|-supereffective|p2a: Galvantula
|-crit|p2a: Galvantula
|-enditem|p2a: Galvantula|Focus Sash
|-damage|p2a: Galvantula|1/100
|
|-weather|RainDance|[upkeep]
|upkeep
|turn|11
|
|t:|1779906491
|move|p2a: Galvantula|Energy Ball|p1a: Iron Treads
|-damage|p1a: Iron Treads|12/100
|-unboost|p1a: Iron Treads|spd|1
|move|p1a: Iron Treads|Knock Off|p2a: Galvantula
|-supereffective|p2a: Galvantula
|-damage|p2a: Galvantula|0 fnt
|faint|p2a: Galvantula
|
|-weather|none
|-fieldend|move: Psychic Terrain
|upkeep
|
|t:|1779906500
|switch|p2a: Iron Moth|Iron Moth, shiny|100/100
|-enditem|p2a: Iron Moth|Booster Energy
|-activate|p2a: Iron Moth|ability: Quark Drive|[fromitem]
|-start|p2a: Iron Moth|quarkdrivespa
|turn|12
|
|t:|1779906526
|-end|p1a: Iron Treads|Quark Drive|[silent]
|switch|p1a: Pelipper|Pelipper, M|57/100
|-weather|RainDance|[from] ability: Drizzle|[of] p1a: Pelipper
|move|p2a: Iron Moth|Flamethrower|p1a: Pelipper
|-resisted|p1a: Pelipper
|-damage|p1a: Pelipper|34/100
|
|-weather|RainDance|[upkeep]
|upkeep
|turn|13
|
|t:|1779906540
|switch|p1a: Iron Treads|Iron Treads|12/100
|-activate|p1a: Iron Treads|move: Sticky Web
|-unboost|p1a: Iron Treads|spe|1
|move|p2a: Iron Moth|Sludge Wave|p1a: Iron Treads
|-immune|p1a: Iron Treads
|
|-weather|RainDance|[upkeep]
|upkeep
|turn|14
|
|t:|1779906547
|move|p2a: Iron Moth|Psychic|p1a: Iron Treads
|-resisted|p1a: Iron Treads
|-crit|p1a: Iron Treads
|-damage|p1a: Iron Treads|0 fnt
|faint|p1a: Iron Treads
|-end|p1a: Iron Treads|Quark Drive|[silent]
|
|-weather|RainDance|[upkeep]
|upkeep
|
|t:|1779906551
|switch|p1a: Barraskewda|Barraskewda, M, shiny|100/100
|-status|p1a: Barraskewda|psn
|-activate|p1a: Barraskewda|move: Sticky Web
|-unboost|p1a: Barraskewda|spe|1
|turn|15
|
|t:|1779906568
|move|p1a: Barraskewda|Flip Turn|p2a: Iron Moth
|-supereffective|p2a: Iron Moth
|-damage|p2a: Iron Moth|0 fnt
|faint|p2a: Iron Moth
|-end|p2a: Iron Moth|Quark Drive|[silent]
|
|t:|1779906575
|switch|p1a: Indeedee|Indeedee, M|88/100 psn|[from] Flip Turn
|-activate|p1a: Indeedee|move: Sticky Web
|-unboost|p1a: Indeedee|spe|1
|-fieldstart|move: Psychic Terrain|[from] ability: Psychic Surge|[of] p1a: Indeedee
|
|-weather|RainDance|[upkeep]
|-damage|p1a: Indeedee|76/100 psn|[from] psn
|upkeep
|
|t:|1779906579
|switch|p2a: Dragonite|Dragonite, M|100/100
|turn|16
|
|t:|1779906587
|move|p1a: Indeedee|Expanding Force|p2a: Dragonite
|-damage|p2a: Dragonite|65/100
|move|p2a: Dragonite|Dragon Dance|p2a: Dragonite
|-boost|p2a: Dragonite|atk|1
|-boost|p2a: Dragonite|spe|1
|
|-weather|RainDance|[upkeep]
|-damage|p1a: Indeedee|64/100 psn|[from] psn
|upkeep
|turn|17
|
|t:|1779906593
|move|p2a: Dragonite|Dragon Claw|p1a: Indeedee
|-damage|p1a: Indeedee|0 fnt
|faint|p1a: Indeedee
|
|-weather|RainDance|[upkeep]
|upkeep
|
|t:|1779906596
|switch|p1a: Barraskewda|Barraskewda, M, shiny|100/100 psn
|-activate|p1a: Barraskewda|move: Sticky Web
|-unboost|p1a: Barraskewda|spe|1
|turn|18
|
|t:|1779906601
|move|p1a: Barraskewda|Liquidation|p2a: Dragonite
|-resisted|p2a: Dragonite
|-damage|p2a: Dragonite|7/100
|-unboost|p2a: Dragonite|def|1
|move|p2a: Dragonite|Dragon Claw|p1a: Barraskewda
|-crit|p1a: Barraskewda
|-damage|p1a: Barraskewda|0 fnt
|faint|p1a: Barraskewda
|
|-weather|RainDance|[upkeep]
|upkeep
|
|t:|1779906603
|switch|p1a: Raging Bolt|Raging Bolt|100/100
|turn|19
|
|t:|1779906611
|-terastallize|p1a: Raging Bolt|Fairy
|move|p2a: Dragonite|Dragon Claw|p1a: Raging Bolt
|-immune|p1a: Raging Bolt
|move|p1a: Raging Bolt|Thunderbolt|p2a: Dragonite
|-damage|p2a: Dragonite|0 fnt
|faint|p2a: Dragonite
|
|-weather|none
|-fieldend|move: Psychic Terrain
|upkeep
|
|t:|1779906614
|switch|p2a: Quaquaval|Quaquaval, F|100/100
|turn|20
|
|t:|1779906618
|move|p2a: Quaquaval|Aqua Step|p1a: Raging Bolt
|-damage|p1a: Raging Bolt|70/100
|-boost|p2a: Quaquaval|spe|1
|move|p1a: Raging Bolt|Thunderbolt|p2a: Quaquaval
|-supereffective|p2a: Quaquaval
|-damage|p2a: Quaquaval|0 fnt
|faint|p2a: Quaquaval
|
|win|Tumbletown
|raw|Tumbletown's rating: 1487 &rarr; <strong>1504</strong><br />(+17 for winning)
|raw|Spirit Guardian's rating: 1436 &rarr; <strong>1419</strong><br />(-17 for losing)
|l|☆Spirit Guardian
|player|p2|
|l|☆Tumbletown
|player|p1|
