|j|☆jeffiscool1
|j|☆thiccdug
|t:|1779825658
|gametype|singles
|player|p1|jeffiscool1|swimmerf-gen4|1409
|player|p2|thiccdug|265|1477
|gen|9
|tier|[Gen 9] OU
|rated|
|rule|HP Percentage Mod: HP is shown in percentages
|rule|Endless Battle Clause: Forcing endless battles is banned
|rule|Species Clause: Limit one of each Pokémon
|rule|OHKO Clause: OHKO moves are banned
|rule|Evasion Items Clause: Evasion items are banned
|rule|Evasion Moves Clause: Evasion moves are banned
|rule|Evasion Abilities Clause: Evasion abilities are banned
|rule|Sleep Moves Clause: Sleep-inducing moves are banned
|clearpoke
|poke|p1|Samurott-Hisui, F|
|poke|p1|Tornadus-Therian, M|
|poke|p1|Pecharunt|
|poke|p1|Great Tusk|
|poke|p1|Clefable, M|
|poke|p1|Zamazenta-*|
|poke|p2|Dragonite, M|
|poke|p2|Gholdengo|
|poke|p2|Ting-Lu|
|poke|p2|Gliscor, M|
|poke|p2|Keldeo|
|poke|p2|Sinistcha-Masterpiece|
|teampreview
|inactive|Battle timer is ON: inactive players will automatically lose when time's up. (requested by thiccdug)
|
|t:|1779825672
|teamsize|p1|6
|teamsize|p2|6
|start
|switch|p1a: Great Tusk|Great Tusk|100/100
|switch|p2a: Keldeo|Keldeo|100/100
|turn|1
|
|t:|1779825685
|move|p2a: Keldeo|Surf|p1a: Great Tusk
|-supereffective|p1a: Great Tusk
|-damage|p1a: Great Tusk|0 fnt
|faint|p1a: Great Tusk
|-end|p1a: Great Tusk|Protosynthesis|[silent]
|
|upkeep
|
|t:|1779825694
|switch|p1a: Tornadus|Tornadus-Therian, M|100/100
|turn|2
|
|t:|1779825698
|switch|p2a: Ting-Lu|Ting-Lu|100/100
|-ability|p2a: Ting-Lu|Vessel of Ruin
|move|p1a: Tornadus|Bleakwind Storm|p2a: Ting-Lu
|-damage|p2a: Ting-Lu|68/100
|-unboost|p2a: Ting-Lu|spe|1
|-damage|p1a: Tornadus|91/100|[from] item: Life Orb
|
|-heal|p2a: Ting-Lu|74/100|[from] item: Leftovers
|upkeep
|turn|3
|
|t:|1779825705
|move|p1a: Tornadus|Grass Knot|p2a: Ting-Lu
|-supereffective|p2a: Ting-Lu
|-damage|p2a: Ting-Lu|19/100
|-damage|p1a: Tornadus|81/100|[from] item: Life Orb
|move|p2a: Ting-Lu|Stealth Rock|p1a: Tornadus
|-sidestart|p1: jeffiscool1|move: Stealth Rock
|
|-heal|p2a: Ting-Lu|25/100|[from] item: Leftovers
|upkeep
|turn|4
|
|t:|1779825716
|switch|p2a: Gliscor|Gliscor, M|100/100
|move|p1a: Tornadus|Grass Knot|p2a: Gliscor
|-damage|p2a: Gliscor|81/100
|-damage|p1a: Tornadus|71/100|[from] item: Life Orb
|
|-status|p2a: Gliscor|tox|[from] item: Toxic Orb
|upkeep
|turn|5
|
|t:|1779825723
|move|p1a: Tornadus|Nasty Plot|p1a: Tornadus
|-boost|p1a: Tornadus|spa|2
|move|p2a: Gliscor|Knock Off|p1a: Tornadus
|-damage|p1a: Tornadus|42/100
|-enditem|p1a: Tornadus|Life Orb|[from] move: Knock Off|[of] p2a: Gliscor
|
|-heal|p2a: Gliscor|93/100 tox|[from] ability: Poison Heal
|upkeep
|turn|6
|
|t:|1779825731
|move|p2a: Gliscor|Protect|p2a: Gliscor
|-singleturn|p2a: Gliscor|Protect
|move|p1a: Tornadus|Bleakwind Storm|p2a: Gliscor
|-activate|p2a: Gliscor|move: Protect
|
|-heal|p2a: Gliscor|100/100 tox|[from] ability: Poison Heal
|upkeep
|turn|7
|
|t:|1779825739
|move|p1a: Tornadus|Bleakwind Storm|p2a: Gliscor|[miss]
|-miss|p1a: Tornadus|p2a: Gliscor
|move|p2a: Gliscor|Toxic|p1a: Tornadus
|-status|p1a: Tornadus|tox
|
|-damage|p1a: Tornadus|36/100 tox|[from] psn
|upkeep
|turn|8
|
|t:|1779825748
|switch|p1a: Clefable|Clefable, M|100/100
|move|p2a: Gliscor|Protect||[still]
|-fail|p2a: Gliscor
|
|upkeep
|turn|9
|
|t:|1779825753
|move|p2a: Gliscor|Knock Off|p1a: Clefable
|-resisted|p1a: Clefable
|-damage|p1a: Clefable|93/100
|-enditem|p1a: Clefable|Leftovers|[from] move: Knock Off|[of] p2a: Gliscor
|move|p1a: Clefable|Calm Mind|p1a: Clefable
|-boost|p1a: Clefable|spa|1
|-boost|p1a: Clefable|spd|1
|
|upkeep
|turn|10
|
|t:|1779825760
|switch|p2a: Gholdengo|Gholdengo|100/100
|move|p1a: Clefable|Calm Mind|p1a: Clefable
|-boost|p1a: Clefable|spa|1
|-boost|p1a: Clefable|spd|1
|
|upkeep
|turn|11
|
|t:|1779825763
|-terastallize|p1a: Clefable|Water
|move|p2a: Gholdengo|Trick|p1a: Clefable
|-activate|p2a: Gholdengo|move: Trick|[of] p1a: Clefable
|-item|p1a: Clefable|Choice Scarf|[from] move: Trick
|-enditem|p2a: Gholdengo|Choice Scarf|[silent]|[from] move: Trick
|move|p1a: Clefable|Flamethrower|p2a: Gholdengo
|-supereffective|p2a: Gholdengo
|-damage|p2a: Gholdengo|0 fnt
|faint|p2a: Gholdengo
|
|upkeep
|
|t:|1779825770
|switch|p2a: Ting-Lu|Ting-Lu|25/100
|-ability|p2a: Ting-Lu|Vessel of Ruin
|turn|12
|
|t:|1779825772
|move|p1a: Clefable|Flamethrower|p2a: Ting-Lu
|-damage|p2a: Ting-Lu|2/100
|move|p2a: Ting-Lu|Whirlwind|p1a: Clefable
|drag|p1a: Tornadus|Tornadus-Therian, M|69/100 tox
|-damage|p1a: Tornadus|44/100 tox|[from] Stealth Rock
|
|-heal|p2a: Ting-Lu|9/100|[from] item: Leftovers
|-damage|p1a: Tornadus|38/100 tox|[from] psn
|upkeep
|turn|13
|
|t:|1779825787
|switch|p1a: Clefable|Clefable, M, tera:Water|93/100
|switch|p2a: Gliscor|Gliscor, M|100/100 tox
|
|upkeep
|turn|14
|
|t:|1779825795
|switch|p2a: Sinistcha|Sinistcha-Masterpiece|100/100
|move|p1a: Clefable|Moonblast|p2a: Sinistcha
|-damage|p2a: Sinistcha|63/100
|
|upkeep
|turn|15
|
|t:|1779825810
|switch|p1a: Pecharunt|Pecharunt|100/100
|move|p2a: Sinistcha|Calm Mind|p2a: Sinistcha
|-boost|p2a: Sinistcha|spa|1
|-boost|p2a: Sinistcha|spd|1
|
|upkeep
|turn|16
|
|t:|1779825817
|switch|p2a: Gliscor|Gliscor, M|100/100 tox
|move|p1a: Pecharunt|Malignant Chain|p2a: Gliscor
|-resisted|p2a: Gliscor
|-damage|p2a: Gliscor|89/100 tox
|
|-heal|p2a: Gliscor|100/100 tox|[from] ability: Poison Heal
|upkeep
|turn|17
|
|t:|1779825821
|move|p2a: Gliscor|Knock Off|p1a: Pecharunt
|-supereffective|p1a: Pecharunt
|-damage|p1a: Pecharunt|81/100
|-enditem|p1a: Pecharunt|Heavy-Duty Boots|[from] move: Knock Off|[of] p2a: Gliscor
|move|p1a: Pecharunt|Parting Shot|p2a: Gliscor
|-unboost|p2a: Gliscor|atk|1
|-unboost|p2a: Gliscor|spa|1
|
|t:|1779825829
|switch|p1a: Samurott|Samurott-Hisui, F|100/100|[from] Parting Shot
|-damage|p1a: Samurott|88/100|[from] Stealth Rock
|
|upkeep
|turn|18
|
|t:|1779825834
|switch|p2a: Keldeo|Keldeo|100/100
|move|p1a: Samurott|Ceaseless Edge|p2a: Keldeo|[miss]
|-miss|p1a: Samurott|p2a: Keldeo
|
|upkeep
|turn|19
|c|☆jeffiscool1|this game sucks so much ass
|
|t:|1779825861
|switch|p1a: Tornadus|Tornadus-Therian, M|71/100 tox
|-damage|p1a: Tornadus|46/100 tox|[from] Stealth Rock
|move|p2a: Keldeo|Aura Sphere|p1a: Tornadus
|-resisted|p1a: Tornadus
|-damage|p1a: Tornadus|19/100 tox
|
|-damage|p1a: Tornadus|13/100 tox|[from] psn
|upkeep
|turn|20
|c|☆thiccdug|That 85 feel like 50 huh
|inactive|thiccdug has 120 seconds left.
|
|t:|1779825887
|move|p2a: Keldeo|Vacuum Wave|p1a: Tornadus
|-resisted|p1a: Tornadus
|-damage|p1a: Tornadus|1/100 tox
|move|p1a: Tornadus|Bleakwind Storm|p2a: Keldeo
|-supereffective|p2a: Keldeo
|-damage|p2a: Keldeo|0 fnt
|faint|p2a: Keldeo
|
|-damage|p1a: Tornadus|0 fnt|[from] psn
|faint|p1a: Tornadus
|upkeep
|c|☆thiccdug|NOOOOOOO
|inactive|jeffiscool1 has 120 seconds left.
|
|t:|1779825914
|switch|p1a: Samurott|Samurott-Hisui, F|88/100
|switch|p2a: Dragonite|Dragonite, M|100/100
|-damage|p1a: Samurott|76/100|[from] Stealth Rock
|turn|21
|
|t:|1779825918
|move|p1a: Samurott|Ceaseless Edge|p2a: Dragonite
|-damage|p2a: Dragonite|82/100
|-sidestart|p2: thiccdug|Spikes
|move|p2a: Dragonite|Dragon Dance|p2a: Dragonite
|-boost|p2a: Dragonite|atk|1
|-boost|p2a: Dragonite|spe|1
|
|upkeep
|turn|22
|
|t:|1779825924
|move|p2a: Dragonite|Extreme Speed|p1a: Samurott
|-damage|p1a: Samurott|26/100
|move|p1a: Samurott|Ceaseless Edge|p2a: Dragonite|[miss]
|-miss|p1a: Samurott|p2a: Dragonite
|
|upkeep
|turn|23
|c|☆thiccdug|Son 😭
|inactive|thiccdug has 120 seconds left.
|l|☆jeffiscool1
|inactive|jeffiscool1 disconnected and has a minute to reconnect!
|player|p1|
|inactive|jeffiscool1 has 30 seconds to reconnect!
|inactive|jeffiscool1 has 20 seconds to reconnect!
|inactive|jeffiscool1 has 15 seconds to reconnect!
|inactive|jeffiscool1 has 10 seconds to reconnect!
|inactive|jeffiscool1 has 5 seconds to reconnect!
|-message|jeffiscool1 lost due to inactivity.
|
|win|thiccdug
|raw|jeffiscool1's rating: 1409 &rarr; <strong>1393</strong><br />(-16 for losing)
|raw|thiccdug's rating: 1477 &rarr; <strong>1493</strong><br />(+16 for winning)
