|j|☆Gary88
|j|☆askkw
|t:|1779898055
|gametype|singles
|player|p1|Gary88|265|1320
|player|p2|askkw|101|1307
|gen|9
|tier|[Gen 9] OU
|rated|
|rule|HP Percentage Mod: HP is shown in percentages
|rule|Endless Battle Clause: Forcing endless battles is banned
|rule|Species Clause: Limit one of each Pokémon
|rule|OHKO Clause: OHKO moves are banned
|rule|Evasion Items Clause: Evasion items are banned
|rule|Evasion Moves Clause: Evasion moves are banned
|rule|Evasion Abilities Clause: Evasion abilities are banned
|rule|Sleep Moves Clause: Sleep-inducing moves are banned
|clearpoke
|poke|p1|Hatterene, F|
|poke|p1|Ogerpon-Cornerstone, F|
|poke|p1|Zamazenta-*|
|poke|p1|Raging Bolt|
|poke|p1|Landorus-Therian, M|
|poke|p1|Suicune|
|poke|p2|Clawitzer, F|
|poke|p2|Rillaboom, M|
|poke|p2|Heatran, M|
|poke|p2|Great Tusk|
|poke|p2|Corviknight, M|
|poke|p2|Ogerpon-Wellspring, F|
|teampreview
|
|t:|1779898070
|teamsize|p1|6
|teamsize|p2|6
|start
|switch|p1a: Ogerpon|Ogerpon-Cornerstone, F|100/100
|switch|p2a: Heatran|Heatran, M|100/100
|turn|1
|
|t:|1779898076
|move|p1a: Ogerpon|Swords Dance|p1a: Ogerpon
|-boost|p1a: Ogerpon|atk|2
|move|p2a: Heatran|Will-O-Wisp|p1a: Ogerpon
|-status|p1a: Ogerpon|brn
|
|-damage|p1a: Ogerpon|95/100 brn|[from] brn
|upkeep
|turn|2
|
|t:|1779898083
|switch|p2a: Corviknight|Corviknight, M|100/100
|move|p1a: Ogerpon|Knock Off|p2a: Corviknight
|-damage|p2a: Corviknight|79/100
|-damage|p1a: Ogerpon|78/100 brn|[from] item: Rocky Helmet|[of] p2a: Corviknight
|-enditem|p2a: Corviknight|Rocky Helmet|[from] move: Knock Off|[of] p1a: Ogerpon
|
|-damage|p1a: Ogerpon|72/100 brn|[from] brn
|upkeep
|turn|3
|
|t:|1779898092
|switch|p1a: Raging Bolt|Raging Bolt|100/100
|-enditem|p1a: Raging Bolt|Booster Energy
|-activate|p1a: Raging Bolt|ability: Protosynthesis|[fromitem]
|-start|p1a: Raging Bolt|protosynthesisspa
|move|p2a: Corviknight|Body Press|p1a: Raging Bolt
|-damage|p1a: Raging Bolt|74/100
|
|upkeep
|turn|4
|
|t:|1779898100
|switch|p2a: Heatran|Heatran, M|100/100
|move|p1a: Raging Bolt|Dragon Pulse|p2a: Heatran
|-resisted|p2a: Heatran
|-damage|p2a: Heatran|82/100
|
|-heal|p2a: Heatran|88/100|[from] item: Leftovers
|upkeep
|turn|5
|
|t:|1779898109
|move|p1a: Raging Bolt|Thunderbolt|p2a: Heatran
|-damage|p2a: Heatran|48/100
|move|p2a: Heatran|Magma Storm|p1a: Raging Bolt
|-resisted|p1a: Raging Bolt
|-damage|p1a: Raging Bolt|55/100
|-activate|p1a: Raging Bolt|move: Magma Storm|[of] p2a: Heatran
|
|-heal|p2a: Heatran|54/100|[from] item: Leftovers
|-damage|p1a: Raging Bolt|43/100|[from] move: Magma Storm|[partiallytrapped]
|upkeep
|turn|6
|
|t:|1779898119
|move|p1a: Raging Bolt|Dragon Pulse|p2a: Heatran
|-resisted|p2a: Heatran
|-crit|p2a: Heatran
|-damage|p2a: Heatran|29/100
|move|p2a: Heatran|Stealth Rock|p1a: Raging Bolt
|-sidestart|p1: Gary88|move: Stealth Rock
|
|-heal|p2a: Heatran|35/100|[from] item: Leftovers
|-damage|p1a: Raging Bolt|30/100|[from] move: Magma Storm|[partiallytrapped]
|upkeep
|turn|7
|inactive|Battle timer is ON: inactive players will automatically lose when time's up. (requested by Gary88)
|
|t:|1779898133
|switch|p2a: Great Tusk|Great Tusk|100/100
|-enditem|p2a: Great Tusk|Booster Energy
|-activate|p2a: Great Tusk|ability: Protosynthesis|[fromitem]
|-start|p2a: Great Tusk|protosynthesisatk
|move|p1a: Raging Bolt|Thunderbolt|p2a: Great Tusk
|-immune|p2a: Great Tusk
|
|-end|p1a: Raging Bolt|Magma Storm|[partiallytrapped]|[silent]
|upkeep
|turn|8
|
|t:|1779898158
|move|p1a: Raging Bolt|Dragon Pulse|p2a: Great Tusk
|-damage|p2a: Great Tusk|16/100
|move|p2a: Great Tusk|Ice Spinner|p1a: Raging Bolt
|-supereffective|p1a: Raging Bolt
|-damage|p1a: Raging Bolt|0 fnt
|faint|p1a: Raging Bolt
|-end|p1a: Raging Bolt|Protosynthesis|[silent]
|
|upkeep
|
|t:|1779898180
|switch|p1a: Ogerpon|Ogerpon-Cornerstone, F|72/100 brn
|-damage|p1a: Ogerpon|60/100 brn|[from] Stealth Rock
|turn|9
|
|t:|1779898185
|move|p1a: Ogerpon|Horn Leech|p2a: Great Tusk
|-supereffective|p2a: Great Tusk
|-damage|p2a: Great Tusk|0 fnt
|-heal|p1a: Ogerpon|71/100 brn|[from] drain|[of] p2a: Great Tusk
|faint|p2a: Great Tusk
|-end|p2a: Great Tusk|Protosynthesis|[silent]
|
|-damage|p1a: Ogerpon|65/100 brn|[from] brn
|upkeep
|
|t:|1779898191
|switch|p2a: Corviknight|Corviknight, M|79/100
|turn|10
|
|t:|1779898201
|move|p1a: Ogerpon|Swords Dance|p1a: Ogerpon
|-boost|p1a: Ogerpon|atk|2
|move|p2a: Corviknight|U-turn|p1a: Ogerpon
|-supereffective|p1a: Ogerpon
|-damage|p1a: Ogerpon|27/100 brn
|
|t:|1779898211
|switch|p2a: Rillaboom|Rillaboom, M|100/100|[from] U-turn
|-fieldstart|move: Grassy Terrain|[from] ability: Grassy Surge|[of] p2a: Rillaboom
|
|-heal|p1a: Ogerpon|33/100 brn|[from] Grassy Terrain
|-damage|p1a: Ogerpon|27/100 brn|[from] brn
|upkeep
|turn|11
|
|t:|1779898220
|switch|p1a: Landorus|Landorus-Therian, M|100/100
|-damage|p1a: Landorus|88/100|[from] Stealth Rock
|-ability|p1a: Landorus|Intimidate|boost
|-unboost|p2a: Rillaboom|atk|1
|move|p2a: Rillaboom|Grassy Glide|p1a: Landorus
|-damage|p1a: Landorus|41/100
|
|-heal|p1a: Landorus|47/100|[from] item: Leftovers
|upkeep
|turn|12
|
|t:|1779898244
|-terastallize|p2a: Rillaboom|Grass
|move|p2a: Rillaboom|Grassy Glide|p1a: Landorus
|-damage|p1a: Landorus|0 fnt
|faint|p1a: Landorus
|
|upkeep
|
|t:|1779898254
|switch|p1a: Hatterene|Hatterene, F|100/100
|-damage|p1a: Hatterene|88/100|[from] Stealth Rock
|turn|13
|
|t:|1779898261
|switch|p2a: Heatran|Heatran, M|35/100
|move|p1a: Hatterene|Nuzzle|p2a: Heatran
|-damage|p2a: Heatran|32/100
|-status|p2a: Heatran|par
|
|-heal|p1a: Hatterene|94/100|[from] Grassy Terrain
|-heal|p1a: Hatterene|99/100|[from] item: Leftovers
|-heal|p2a: Heatran|38/100 par|[from] Grassy Terrain
|-heal|p2a: Heatran|44/100 par|[from] item: Leftovers
|upkeep
|turn|14
|
|t:|1779898272
|move|p1a: Hatterene|Calm Mind|p1a: Hatterene
|-boost|p1a: Hatterene|spa|1
|-boost|p1a: Hatterene|spd|1
|cant|p2a: Heatran|par
|
|-heal|p1a: Hatterene|100/100|[from] Grassy Terrain
|-heal|p2a: Heatran|50/100 par|[from] Grassy Terrain
|-heal|p2a: Heatran|56/100 par|[from] item: Leftovers
|-fieldend|move: Grassy Terrain
|upkeep
|turn|15
|
|t:|1779898281
|move|p1a: Hatterene|Psychic|p2a: Heatran
|-resisted|p2a: Heatran
|-damage|p2a: Heatran|38/100 par
|cant|p2a: Heatran|par
|
|-heal|p2a: Heatran|44/100 par|[from] item: Leftovers
|upkeep
|turn|16
|
|t:|1779898287
|move|p1a: Hatterene|Psychic|p2a: Heatran
|-resisted|p2a: Heatran
|-damage|p2a: Heatran|25/100 par
|move|p2a: Heatran|Magma Storm|p1a: Hatterene
|-damage|p1a: Hatterene|69/100
|-activate|p1a: Hatterene|move: Magma Storm|[of] p2a: Heatran
|
|-heal|p1a: Hatterene|75/100|[from] item: Leftovers
|-heal|p2a: Heatran|31/100 par|[from] item: Leftovers
|-damage|p1a: Hatterene|63/100|[from] move: Magma Storm|[partiallytrapped]
|upkeep
|turn|17
|
|t:|1779898300
|move|p1a: Hatterene|Psychic|p2a: Heatran
|-resisted|p2a: Heatran
|-damage|p2a: Heatran|12/100 par
|move|p2a: Heatran|Earth Power|p1a: Hatterene
|-crit|p1a: Hatterene
|-damage|p1a: Hatterene|23/100
|
|-heal|p1a: Hatterene|29/100|[from] item: Leftovers
|-heal|p2a: Heatran|18/100 par|[from] item: Leftovers
|-damage|p1a: Hatterene|17/100|[from] move: Magma Storm|[partiallytrapped]
|upkeep
|turn|18
|
|t:|1779898312
|move|p1a: Hatterene|Psychic|p2a: Heatran
|-resisted|p2a: Heatran
|-damage|p2a: Heatran|0 fnt
|faint|p2a: Heatran
|
|-heal|p1a: Hatterene|23/100|[from] item: Leftovers
|-end|p1a: Hatterene|Magma Storm|[partiallytrapped]|[silent]
|upkeep
|
|t:|1779898316
|switch|p2a: Rillaboom|Rillaboom, M, tera:Grass|100/100
|-fieldstart|move: Grassy Terrain|[from] ability: Grassy Surge|[of] p2a: Rillaboom
|turn|19
|
|t:|1779898321
|move|p2a: Rillaboom|Wood Hammer|p1a: Hatterene
|-damage|p1a: Hatterene|0 fnt
|faint|p1a: Hatterene
|-damage|p2a: Rillaboom|94/100|[from] Recoil
|
|-heal|p2a: Rillaboom|99/100|[from] Grassy Terrain
|upkeep
|
|t:|1779898328
|switch|p1a: Zamazenta|Zamazenta|100/100
|-damage|p1a: Zamazenta|94/100|[from] Stealth Rock
|-ability|p1a: Zamazenta|Dauntless Shield|boost
|-boost|p1a: Zamazenta|def|1
|turn|20
|
|t:|1779898335
|switch|p2a: Corviknight|Corviknight, M|79/100
|move|p1a: Zamazenta|Iron Defense|p1a: Zamazenta
|-boost|p1a: Zamazenta|def|2
|
|-heal|p1a: Zamazenta|100/100|[from] Grassy Terrain
|upkeep
|turn|21
|
|t:|1779898342
|move|p1a: Zamazenta|Body Press|p2a: Corviknight
|-damage|p2a: Corviknight|28/100
|move|p2a: Corviknight|Brave Bird|p1a: Zamazenta
|-supereffective|p1a: Zamazenta
|-damage|p1a: Zamazenta|77/100
|-damage|p2a: Corviknight|20/100|[from] Recoil
|
|-heal|p1a: Zamazenta|83/100|[from] Grassy Terrain
|-heal|p1a: Zamazenta|90/100|[from] item: Leftovers
|upkeep
|turn|22
|
|t:|1779898352
|move|p1a: Zamazenta|Iron Defense|p1a: Zamazenta
|-boost|p1a: Zamazenta|def|2
|move|p2a: Corviknight|Brave Bird|p1a: Zamazenta
|-supereffective|p1a: Zamazenta
|-damage|p1a: Zamazenta|74/100
|-damage|p2a: Corviknight|15/100|[from] Recoil
|
|-heal|p1a: Zamazenta|80/100|[from] Grassy Terrain
|-heal|p1a: Zamazenta|87/100|[from] item: Leftovers
|upkeep
|turn|23
|
|t:|1779898361
|move|p1a: Zamazenta|Body Press|p2a: Corviknight
|-damage|p2a: Corviknight|0 fnt
|faint|p2a: Corviknight
|
|-heal|p1a: Zamazenta|93/100|[from] Grassy Terrain
|-heal|p1a: Zamazenta|99/100|[from] item: Leftovers
|-fieldend|move: Grassy Terrain
|upkeep
|
|t:|1779898363
|switch|p2a: Clawitzer|Clawitzer, F|100/100
|turn|24
|
|t:|1779898372
|move|p1a: Zamazenta|Body Press|p2a: Clawitzer
|-damage|p2a: Clawitzer|0 fnt
|faint|p2a: Clawitzer
|
|-heal|p1a: Zamazenta|100/100|[from] item: Leftovers
|upkeep
|-message|askkw forfeited.
|
|win|Gary88
|raw|Gary88's rating: 1320 &rarr; <strong>1339</strong><br />(+19 for winning)
|raw|askkw's rating: 1307 &rarr; <strong>1288</strong><br />(-19 for losing)
|l|☆askkw
|player|p2|
