|j|☆am33thyst
|j|☆Tamihig
|t:|1779855814
|gametype|singles
|player|p1|am33thyst|unknownf|1095
|player|p2|Tamihig|265|1000
|gen|9
|tier|[Gen 9] OU
|rated|
|rule|HP Percentage Mod: HP is shown in percentages
|rule|Endless Battle Clause: Forcing endless battles is banned
|rule|Species Clause: Limit one of each Pokémon
|rule|OHKO Clause: OHKO moves are banned
|rule|Evasion Items Clause: Evasion items are banned
|rule|Evasion Moves Clause: Evasion moves are banned
|rule|Evasion Abilities Clause: Evasion abilities are banned
|rule|Sleep Moves Clause: Sleep-inducing moves are banned
|clearpoke
|poke|p1|Torkoal, F|
|poke|p1|Scovillain, F|
|poke|p1|Walking Wake|
|poke|p1|Hatterene, F|
|poke|p1|Great Tusk|
|poke|p1|Ceruledge, F|
|poke|p2|Iron Moth|
|poke|p2|Gliscor, F|
|poke|p2|Hatterene, F|
|poke|p2|Ogerpon-Wellspring, F|
|poke|p2|Raging Bolt|
|poke|p2|Zamazenta-*|
|teampreview
|inactive|Battle timer is ON: inactive players will automatically lose when time's up. (requested by Tamihig)
|
|t:|1779855820
|teamsize|p1|6
|teamsize|p2|6
|start
|switch|p1a: Harbinger of Sun|Torkoal, F, shiny|100/100
|switch|p2a: Ogerpon|Ogerpon-Wellspring, F|100/100
|-weather|SunnyDay|[from] ability: Drought|[of] p1a: Harbinger of Sun
|turn|1
|
|t:|1779855833
|move|p2a: Ogerpon|Ivy Cudgel|p1a: Harbinger of Sun|[anim] Ivy Cudgel Water
|-supereffective|p1a: Harbinger of Sun
|-damage|p1a: Harbinger of Sun|47/100
|move|p1a: Harbinger of Sun|Stealth Rock|p2a: Ogerpon
|-sidestart|p2: Tamihig|move: Stealth Rock
|
|-weather|SunnyDay|[upkeep]
|upkeep
|turn|2
|
|t:|1779855860
|switch|p1a: Witch|Hatterene, F, shiny|100/100
|move|p2a: Ogerpon|Trailblaze|p1a: Witch
|-damage|p1a: Witch|72/100
|-boost|p2a: Ogerpon|spe|1
|
|-weather|SunnyDay|[upkeep]
|upkeep
|turn|3
|
|t:|1779855870
|switch|p2a: Iron Moth|Iron Moth|100/100
|-damage|p2a: Iron Moth|76/100|[from] Stealth Rock
|-enditem|p2a: Iron Moth|Booster Energy
|-activate|p2a: Iron Moth|ability: Quark Drive|[fromitem]
|-start|p2a: Iron Moth|quarkdrivespe
|move|p1a: Witch|Psyshock|p2a: Iron Moth
|-supereffective|p2a: Iron Moth
|-damage|p2a: Iron Moth|0 fnt
|faint|p2a: Iron Moth
|-end|p2a: Iron Moth|Quark Drive|[silent]
|
|-weather|SunnyDay|[upkeep]
|upkeep
|
|t:|1779855870
|switch|p2a: Raging Bolt|Raging Bolt|100/100
|-damage|p2a: Raging Bolt|88/100|[from] Stealth Rock
|-activate|p2a: Raging Bolt|ability: Protosynthesis
|-start|p2a: Raging Bolt|protosynthesisspa
|turn|4
|
|t:|1779855885
|move|p2a: Raging Bolt|Thunderbolt|p1a: Witch
|-damage|p1a: Witch|9/100
|move|p1a: Witch|Draining Kiss|p2a: Raging Bolt
|-supereffective|p2a: Raging Bolt
|-damage|p2a: Raging Bolt|45/100
|-heal|p1a: Witch|50/100|[from] drain|[of] p2a: Raging Bolt
|
|-weather|SunnyDay|[upkeep]
|upkeep
|turn|5
|
|t:|1779855900
|-end|p2a: Raging Bolt|Protosynthesis|[silent]
|switch|p2a: Hatterene|Hatterene, F|100/100
|-damage|p2a: Hatterene|88/100|[from] Stealth Rock
|-terastallize|p1a: Witch|Steel
|move|p1a: Witch|Draining Kiss|p2a: Hatterene
|-damage|p2a: Hatterene|65/100
|-heal|p1a: Witch|67/100|[from] drain|[of] p2a: Hatterene
|
|-weather|SunnyDay|[upkeep]
|-heal|p2a: Hatterene|71/100|[from] item: Leftovers
|upkeep
|turn|6
|
|t:|1779855916
|switch|p1a: Double Spice|Scovillain, F, shiny|100/100
|move|p2a: Hatterene|Draining Kiss|p1a: Double Spice
|-resisted|p1a: Double Spice
|-damage|p1a: Double Spice|80/100
|-heal|p2a: Hatterene|84/100|[from] drain|[of] p1a: Double Spice
|
|-weather|SunnyDay|[upkeep]
|-heal|p2a: Hatterene|90/100|[from] item: Leftovers
|upkeep
|turn|7
|
|t:|1779855926
|move|p1a: Double Spice|Growth|p1a: Double Spice
|-boost|p1a: Double Spice|atk|2
|-boost|p1a: Double Spice|spa|2
|move|p2a: Hatterene|Calm Mind|p2a: Hatterene
|-boost|p2a: Hatterene|spa|1
|-boost|p2a: Hatterene|spd|1
|
|-weather|SunnyDay|[upkeep]
|-heal|p2a: Hatterene|96/100|[from] item: Leftovers
|upkeep
|turn|8
|
|t:|1779855933
|move|p1a: Double Spice|Growth|p1a: Double Spice
|-boost|p1a: Double Spice|atk|2
|-boost|p1a: Double Spice|spa|2
|move|p2a: Hatterene|Mystical Fire|p1a: Double Spice
|-damage|p1a: Double Spice|0 fnt
|faint|p1a: Double Spice
|
|-weather|none
|-heal|p2a: Hatterene|100/100|[from] item: Leftovers
|upkeep
|
|t:|1779855942
|switch|p1a: Harbinger of Sun|Torkoal, F, shiny|47/100
|-weather|SunnyDay|[from] ability: Drought|[of] p1a: Harbinger of Sun
|turn|9
|inactive|am33thyst has 120 seconds left.
|
|t:|1779855981
|switch|p1a: Sun's Edge|Ceruledge, F, shiny|100/100
|move|p2a: Hatterene|Mystical Fire|p1a: Sun's Edge
|-resisted|p1a: Sun's Edge
|-damage|p1a: Sun's Edge|73/100
|-unboost|p1a: Sun's Edge|spa|1
|
|-weather|SunnyDay|[upkeep]
|upkeep
|turn|10
|
|t:|1779855991
|switch|p2a: Raging Bolt|Raging Bolt|45/100
|-damage|p2a: Raging Bolt|32/100|[from] Stealth Rock
|-activate|p2a: Raging Bolt|ability: Protosynthesis
|-start|p2a: Raging Bolt|protosynthesisspa
|move|p1a: Sun's Edge|Swords Dance|p1a: Sun's Edge
|-boost|p1a: Sun's Edge|atk|2
|
|-weather|SunnyDay|[upkeep]
|upkeep
|turn|11
|
|t:|1779856003
|move|p1a: Sun's Edge|Shadow Sneak|p2a: Raging Bolt
|-damage|p2a: Raging Bolt|0 fnt
|faint|p2a: Raging Bolt
|-end|p2a: Raging Bolt|Protosynthesis|[silent]
|
|-weather|SunnyDay|[upkeep]
|upkeep
|
|t:|1779856003
|switch|p2a: Hatterene|Hatterene, F|100/100
|-damage|p2a: Hatterene|88/100|[from] Stealth Rock
|turn|12
|inactive|am33thyst has 120 seconds left.
|
|t:|1779856015
|switch|p2a: Gliscor|Gliscor, F|100/100
|-damage|p2a: Gliscor|88/100|[from] Stealth Rock
|move|p1a: Sun's Edge|Bitter Blade|p2a: Gliscor
|-damage|p2a: Gliscor|0 fnt
|-heal|p1a: Sun's Edge|100/100|[from] drain|[of] p2a: Gliscor
|faint|p2a: Gliscor
|
|-weather|SunnyDay|[upkeep]
|upkeep
|
|t:|1779856015
|switch|p2a: Hatterene|Hatterene, F|88/100
|-damage|p2a: Hatterene|76/100|[from] Stealth Rock
|turn|13
|inactive|am33thyst has 120 seconds left.
|
|t:|1779856033
|move|p1a: Sun's Edge|Swords Dance|p1a: Sun's Edge
|-boost|p1a: Sun's Edge|atk|2
|move|p2a: Hatterene|Mystical Fire|p1a: Sun's Edge
|-resisted|p1a: Sun's Edge
|-damage|p1a: Sun's Edge|80/100
|-unboost|p1a: Sun's Edge|spa|1
|
|-weather|SunnyDay|[upkeep]
|-heal|p2a: Hatterene|82/100|[from] item: Leftovers
|upkeep
|turn|14
|inactive|am33thyst has 120 seconds left.
|
|t:|1779856042
|move|p1a: Sun's Edge|Swords Dance|p1a: Sun's Edge
|-boost|p1a: Sun's Edge|atk|2
|move|p2a: Hatterene|Calm Mind|p2a: Hatterene
|-boost|p2a: Hatterene|spa|1
|-boost|p2a: Hatterene|spd|1
|
|-weather|SunnyDay|[upkeep]
|-heal|p2a: Hatterene|88/100|[from] item: Leftovers
|upkeep
|turn|15
|
|t:|1779856050
|switch|p2a: Zamazenta|Zamazenta|100/100
|-damage|p2a: Zamazenta|94/100|[from] Stealth Rock
|-ability|p2a: Zamazenta|Dauntless Shield|boost
|-boost|p2a: Zamazenta|def|1
|move|p1a: Sun's Edge|Bitter Blade|p2a: Zamazenta
|-damage|p2a: Zamazenta|0 fnt
|-heal|p1a: Sun's Edge|100/100|[from] drain|[of] p2a: Zamazenta
|faint|p2a: Zamazenta
|
|-weather|SunnyDay|[upkeep]
|upkeep
|
|t:|1779856050
|switch|p2a: Hatterene|Hatterene, F|88/100
|-damage|p2a: Hatterene|76/100|[from] Stealth Rock
|turn|16
|
|t:|1779856063
|move|p1a: Sun's Edge|Shadow Sneak|p2a: Hatterene
|-supereffective|p2a: Hatterene
|-damage|p2a: Hatterene|0 fnt
|faint|p2a: Hatterene
|
|-weather|none
|upkeep
|
|t:|1779856064
|switch|p2a: Ogerpon|Ogerpon-Wellspring, F|100/100
|-damage|p2a: Ogerpon|88/100|[from] Stealth Rock
|turn|17
|
|t:|1779856072
|move|p1a: Sun's Edge|Shadow Sneak|p2a: Ogerpon
|-damage|p2a: Ogerpon|0 fnt
|faint|p2a: Ogerpon
|
|win|am33thyst
|raw|am33thyst's rating: 1095 &rarr; <strong>1114</strong><br />(+19 for winning)
|raw|Tamihig's rating: 1000 &rarr; <strong>1000</strong><br />(+0 for losing)
|l|☆Tamihig
|player|p2|
