|j|☆npctypebeat
|j|☆clairdoesn'tgiveaf
|t:|1779937830
|gametype|singles
|player|p1|npctypebeat|102|1086
|player|p2|clairdoesn'tgiveaf|102|1000
|gen|9
|tier|[Gen 9] OU
|rated|
|rule|HP Percentage Mod: HP is shown in percentages
|rule|Endless Battle Clause: Forcing endless battles is banned
|rule|Species Clause: Limit one of each Pokémon
|rule|OHKO Clause: OHKO moves are banned
|rule|Evasion Items Clause: Evasion items are banned
|rule|Evasion Moves Clause: Evasion moves are banned
|rule|Evasion Abilities Clause: Evasion abilities are banned
|rule|Sleep Moves Clause: Sleep-inducing moves are banned
|clearpoke
|poke|p1|Gliscor, F|
|poke|p1|Gholdengo|
|poke|p1|Zamazenta-*|
|poke|p1|Blissey, F|
|poke|p1|Skarmory, F|
|poke|p1|Pecharunt|
|poke|p2|Rillaboom, M|
|poke|p2|Ninetales-Alola, M|
|poke|p2|Kingambit, M|
|poke|p2|Dragonite, M|
|poke|p2|Iron Treads|
|poke|p2|Iron Moth|
|teampreview
|c|☆npctypebeat|hf
|inactive|Battle timer is ON: inactive players will automatically lose when time's up. (requested by npctypebeat)
|c|☆clairdoesn'tgiveaf|thanks
|
|t:|1779937861
|teamsize|p1|6
|teamsize|p2|6
|start
|switch|p1a: Skarmory|Skarmory, F|100/100
|switch|p2a: Ninetales|Ninetales-Alola, M|100/100
|-weather|Snowscape|[from] ability: Snow Warning|[of] p2a: Ninetales
|turn|1
|
|t:|1779937869
|move|p2a: Ninetales|Aurora Veil|p2a: Ninetales
|-sidestart|p2: clairdoesn'tgiveaf|move: Aurora Veil
|move|p1a: Skarmory|Spikes|p2a: Ninetales
|-sidestart|p2: clairdoesn'tgiveaf|Spikes
|
|-weather|Snowscape|[upkeep]
|upkeep
|turn|2
|
|t:|1779937885
|switch|p2a: Rillaboom|Rillaboom, M|100/100
|-damage|p2a: Rillaboom|88/100|[from] Spikes
|-fieldstart|move: Grassy Terrain|[from] ability: Grassy Surge|[of] p2a: Rillaboom
|move|p1a: Skarmory|Spikes|p2a: Rillaboom
|-sidestart|p2: clairdoesn'tgiveaf|Spikes
|
|-weather|Snowscape|[upkeep]
|-heal|p2a: Rillaboom|94/100|[from] Grassy Terrain
|upkeep
|turn|3
|
|t:|1779937894
|move|p2a: Rillaboom|Knock Off|p1a: Skarmory
|-damage|p1a: Skarmory|70/100
|-enditem|p1a: Skarmory|Heavy-Duty Boots|[from] move: Knock Off|[of] p2a: Rillaboom
|move|p1a: Skarmory|Spikes|p2a: Rillaboom
|-sidestart|p2: clairdoesn'tgiveaf|Spikes
|
|-weather|Snowscape|[upkeep]
|-heal|p2a: Rillaboom|100/100|[from] Grassy Terrain
|upkeep
|turn|4
|
|t:|1779937903
|switch|p2a: Iron Moth|Iron Moth|100/100
|-damage|p2a: Iron Moth|76/100|[from] Spikes
|-enditem|p2a: Iron Moth|Booster Energy
|-activate|p2a: Iron Moth|ability: Quark Drive|[fromitem]
|-start|p2a: Iron Moth|quarkdrivespe
|move|p1a: Skarmory|Roost|p1a: Skarmory
|-heal|p1a: Skarmory|100/100
|-singleturn|p1a: Skarmory|move: Roost
|
|-weather|Snowscape|[upkeep]
|-heal|p2a: Iron Moth|82/100|[from] Grassy Terrain
|upkeep
|turn|5
|
|t:|1779937909
|switch|p1a: Blissey|Blissey, F|100/100
|move|p2a: Iron Moth|Fiery Dance|p1a: Blissey
|-damage|p1a: Blissey|88/100
|-boost|p2a: Iron Moth|spa|1
|
|-weather|none
|-heal|p2a: Iron Moth|88/100|[from] Grassy Terrain
|-heal|p1a: Blissey|94/100|[from] Grassy Terrain
|upkeep
|turn|6
|
|t:|1779937913
|move|p2a: Iron Moth|Sludge Wave|p1a: Blissey
|-damage|p1a: Blissey|70/100
|move|p1a: Blissey|Shadow Ball|p2a: Iron Moth
|-damage|p2a: Iron Moth|80/100
|
|-heal|p2a: Iron Moth|86/100|[from] Grassy Terrain
|-heal|p1a: Blissey|76/100|[from] Grassy Terrain
|-fieldend|move: Grassy Terrain
|upkeep
|turn|7
|
|t:|1779937939
|-end|p2a: Iron Moth|Quark Drive|[silent]
|switch|p2a: Rillaboom|Rillaboom, M|100/100
|-damage|p2a: Rillaboom|76/100|[from] Spikes
|-fieldstart|move: Grassy Terrain|[from] ability: Grassy Surge|[of] p2a: Rillaboom
|move|p1a: Blissey|Shadow Ball|p2a: Rillaboom
|-damage|p2a: Rillaboom|65/100
|
|-heal|p2a: Rillaboom|71/100|[from] Grassy Terrain
|-heal|p1a: Blissey|82/100|[from] Grassy Terrain
|upkeep
|turn|8
|inactive|clairdoesn'tgiveaf has 120 seconds left.
|
|t:|1779937956
|-terastallize|p2a: Rillaboom|Grass
|move|p2a: Rillaboom|Grassy Glide|p1a: Blissey
|-damage|p1a: Blissey|5/100
|move|p1a: Blissey|Stealth Rock|p2a: Rillaboom
|-sidestart|p2: clairdoesn'tgiveaf|move: Stealth Rock
|
|-heal|p2a: Rillaboom|77/100|[from] Grassy Terrain
|-heal|p1a: Blissey|12/100|[from] Grassy Terrain
|-sideend|p2: clairdoesn'tgiveaf|move: Aurora Veil
|upkeep
|turn|9
|
|t:|1779937964
|switch|p1a: Skarmory|Skarmory, F|100/100
|move|p2a: Rillaboom|Grassy Glide|p1a: Skarmory
|-resisted|p1a: Skarmory
|-damage|p1a: Skarmory|87/100
|
|-heal|p2a: Rillaboom|83/100|[from] Grassy Terrain
|upkeep
|turn|10
|
|t:|1779937985
|switch|p2a: Ninetales|Ninetales-Alola, M|100/100
|-damage|p2a: Ninetales|76/100|[from] Spikes
|-damage|p2a: Ninetales|51/100|[from] Stealth Rock
|-weather|Snowscape|[from] ability: Snow Warning|[of] p2a: Ninetales
|move|p1a: Skarmory|Body Press|p2a: Ninetales
|-damage|p2a: Ninetales|25/100
|
|-weather|Snowscape|[upkeep]
|-heal|p2a: Ninetales|31/100|[from] Grassy Terrain
|upkeep
|turn|11
|
|t:|1779937993
|move|p2a: Ninetales|Aurora Veil|p2a: Ninetales
|-sidestart|p2: clairdoesn'tgiveaf|move: Aurora Veil
|move|p1a: Skarmory|Whirlwind|p2a: Ninetales
|drag|p2a: Iron Moth|Iron Moth|86/100
|-damage|p2a: Iron Moth|61/100|[from] Spikes
|-damage|p2a: Iron Moth|36/100|[from] Stealth Rock
|
|-weather|Snowscape|[upkeep]
|-heal|p2a: Iron Moth|42/100|[from] Grassy Terrain
|-fieldend|move: Grassy Terrain
|upkeep
|turn|12
|
|t:|1779937999
|-end|p2a: Iron Moth|Quark Drive|[silent]
|switch|p2a: Iron Treads|Iron Treads|100/100
|-damage|p2a: Iron Treads|76/100|[from] Spikes
|-damage|p2a: Iron Treads|72/100|[from] Stealth Rock
|switch|p1a: Gliscor|Gliscor, F|100/100
|
|-weather|Snowscape|[upkeep]
|-heal|p2a: Iron Treads|79/100|[from] item: Leftovers
|-status|p1a: Gliscor|tox|[from] item: Toxic Orb
|upkeep
|turn|13
|
|t:|1779938003
|switch|p1a: Pecharunt|Pecharunt|100/100
|move|p2a: Iron Treads|Rapid Spin|p1a: Pecharunt
|-immune|p1a: Pecharunt
|
|-weather|Snowscape|[upkeep]
|-heal|p2a: Iron Treads|85/100|[from] item: Leftovers
|upkeep
|turn|14
|
|t:|1779938016
|move|p2a: Iron Treads|Knock Off|p1a: Pecharunt
|-supereffective|p1a: Pecharunt
|-damage|p1a: Pecharunt|70/100
|-enditem|p1a: Pecharunt|Heavy-Duty Boots|[from] move: Knock Off|[of] p2a: Iron Treads
|move|p1a: Pecharunt|Shadow Ball|p2a: Iron Treads
|-damage|p2a: Iron Treads|66/100
|-unboost|p2a: Iron Treads|spd|1
|
|-weather|none
|-heal|p2a: Iron Treads|72/100|[from] item: Leftovers
|upkeep
|turn|15
|
|t:|1779938027
|move|p2a: Iron Treads|Stealth Rock|p1a: Pecharunt
|-sidestart|p1: npctypebeat|move: Stealth Rock
|move|p1a: Pecharunt|Shadow Ball|p2a: Iron Treads
|-damage|p2a: Iron Treads|48/100
|
|-heal|p2a: Iron Treads|54/100|[from] item: Leftovers
|upkeep
|turn|16
|
|t:|1779938035
|move|p2a: Iron Treads|Earthquake|p1a: Pecharunt
|-supereffective|p1a: Pecharunt
|-damage|p1a: Pecharunt|28/100
|move|p1a: Pecharunt|Recover|p1a: Pecharunt
|-heal|p1a: Pecharunt|78/100
|
|-heal|p2a: Iron Treads|60/100|[from] item: Leftovers
|upkeep
|turn|17
|
|t:|1779938044
|move|p2a: Iron Treads|Earthquake|p1a: Pecharunt
|-supereffective|p1a: Pecharunt
|-damage|p1a: Pecharunt|36/100
|move|p1a: Pecharunt|Shadow Ball|p2a: Iron Treads
|-damage|p2a: Iron Treads|34/100
|
|-heal|p2a: Iron Treads|40/100|[from] item: Leftovers
|upkeep
|turn|18
|
|t:|1779938057
|move|p2a: Iron Treads|Earthquake|p1a: Pecharunt
|-supereffective|p1a: Pecharunt
|-damage|p1a: Pecharunt|0 fnt
|faint|p1a: Pecharunt
|
|-heal|p2a: Iron Treads|46/100|[from] item: Leftovers
|-sideend|p2: clairdoesn'tgiveaf|move: Aurora Veil
|upkeep
|
|t:|1779938063
|switch|p1a: Zamazenta|Zamazenta|100/100
|-ability|p1a: Zamazenta|Dauntless Shield|boost
|-boost|p1a: Zamazenta|def|1
|turn|19
|
|t:|1779938077
|move|p1a: Zamazenta|Close Combat|p2a: Iron Treads
|-supereffective|p2a: Iron Treads
|-damage|p2a: Iron Treads|0 fnt
|-unboost|p1a: Zamazenta|def|1
|-unboost|p1a: Zamazenta|spd|1
|faint|p2a: Iron Treads
|-end|p2a: Iron Treads|Quark Drive|[silent]
|
|upkeep
|
|t:|1779938090
|switch|p2a: Iron Moth|Iron Moth|42/100
|-damage|p2a: Iron Moth|17/100|[from] Spikes
|-damage|p2a: Iron Moth|0 fnt|[from] Stealth Rock
|faint|p2a: Iron Moth
|-end|p2a: Iron Moth|Quark Drive|[silent]
|
|t:|1779938097
|switch|p2a: Dragonite|Dragonite, M|100/100
|turn|20
|
|t:|1779938110
|move|p1a: Zamazenta|Close Combat|p2a: Dragonite
|-resisted|p2a: Dragonite
|-damage|p2a: Dragonite|85/100
|-unboost|p1a: Zamazenta|def|1
|-unboost|p1a: Zamazenta|spd|1
|move|p2a: Dragonite|Dragon Dance|p2a: Dragonite
|-boost|p2a: Dragonite|atk|1
|-boost|p2a: Dragonite|spe|1
|
|upkeep
|turn|21
|
|t:|1779938135
|move|p2a: Dragonite|Extreme Speed|p1a: Zamazenta
|-damage|p1a: Zamazenta|35/100
|move|p1a: Zamazenta|Ice Fang|p2a: Dragonite
|-supereffective|p2a: Dragonite
|-damage|p2a: Dragonite|0 fnt
|faint|p2a: Dragonite
|
|upkeep
|
|t:|1779938141
|switch|p2a: Ninetales|Ninetales-Alola, M|31/100
|-damage|p2a: Ninetales|6/100|[from] Spikes
|-damage|p2a: Ninetales|0 fnt|[from] Stealth Rock
|faint|p2a: Ninetales
|
|t:|1779938147
|switch|p2a: Rillaboom|Rillaboom, M, tera:Grass|83/100
|-damage|p2a: Rillaboom|59/100|[from] Spikes
|-damage|p2a: Rillaboom|46/100|[from] Stealth Rock
|-fieldstart|move: Grassy Terrain|[from] ability: Grassy Surge|[of] p2a: Rillaboom
|turn|22
|
|t:|1779938156
|switch|p1a: Skarmory|Skarmory, F|87/100
|-damage|p1a: Skarmory|75/100|[from] Stealth Rock
|move|p2a: Rillaboom|Grassy Glide|p1a: Skarmory
|-resisted|p1a: Skarmory
|-damage|p1a: Skarmory|62/100
|
|-heal|p2a: Rillaboom|52/100|[from] Grassy Terrain
|upkeep
|turn|23
|
|t:|1779938167
|move|p2a: Rillaboom|Grassy Glide|p1a: Skarmory
|-resisted|p1a: Skarmory
|-damage|p1a: Skarmory|51/100
|move|p1a: Skarmory|Whirlwind|p2a: Rillaboom
|drag|p2a: Kingambit|Kingambit, M|100/100
|-damage|p2a: Kingambit|76/100|[from] Spikes
|-damage|p2a: Kingambit|69/100|[from] Stealth Rock
|-activate|p2a: Kingambit|ability: Supreme Overlord
|-start|p2a: Kingambit|fallen4|[silent]
|
|-heal|p2a: Kingambit|76/100|[from] Grassy Terrain
|-heal|p2a: Kingambit|82/100|[from] item: Leftovers
|upkeep
|turn|24
|
|t:|1779938178
|move|p1a: Skarmory|Body Press|p2a: Kingambit
|-supereffective|p2a: Kingambit
|-damage|p2a: Kingambit|0 fnt
|faint|p2a: Kingambit
|-end|p2a: Kingambit|fallen4|[silent]
|
|upkeep
|
|t:|1779938180
|switch|p2a: Rillaboom|Rillaboom, M, tera:Grass|52/100
|-damage|p2a: Rillaboom|27/100|[from] Spikes
|-damage|p2a: Rillaboom|15/100|[from] Stealth Rock
|turn|25
|
|t:|1779938190
|move|p2a: Rillaboom|Grassy Glide|p1a: Skarmory
|-resisted|p1a: Skarmory
|-damage|p1a: Skarmory|38/100
|move|p1a: Skarmory|Body Press|p2a: Rillaboom
|-damage|p2a: Rillaboom|0 fnt
|faint|p2a: Rillaboom
|
|win|npctypebeat
|raw|npctypebeat's rating: 1062 &rarr; <strong>1087</strong><br />(+25 for winning)
|raw|clairdoesn&apos;tgiveaf's rating: 1000 &rarr; <strong>1000</strong><br />(+0 for losing)
|l|☆clairdoesn'tgiveaf
|player|p2|
|c|☆npctypebeat|gg
