|j|☆thepoowizard_md
|j|☆Idkjustanick
|t:|1779911990
|gametype|singles
|player|p1|thepoowizard_md|rood|1385
|player|p2|Idkjustanick|dawn|1350
|gen|9
|tier|[Gen 9] OU
|rated|
|rule|HP Percentage Mod: HP is shown in percentages
|rule|Endless Battle Clause: Forcing endless battles is banned
|rule|Species Clause: Limit one of each Pokémon
|rule|OHKO Clause: OHKO moves are banned
|rule|Evasion Items Clause: Evasion items are banned
|rule|Evasion Moves Clause: Evasion moves are banned
|rule|Evasion Abilities Clause: Evasion abilities are banned
|rule|Sleep Moves Clause: Sleep-inducing moves are banned
|clearpoke
|poke|p1|Braviary-Hisui, M|
|poke|p1|Dragonite, M|
|poke|p1|Slowking-Galar, F|
|poke|p1|Pecharunt|
|poke|p1|Corviknight, M|
|poke|p1|Great Tusk|
|poke|p2|Tyranitar, F|
|poke|p2|Heracross, F|
|poke|p2|Slowking-Galar, F|
|poke|p2|Primarina, F|
|poke|p2|Landorus-Therian, M|
|poke|p2|Corviknight, F|
|teampreview
|inactive|Battle timer is ON: inactive players will automatically lose when time's up. (requested by Idkjustanick)
|
|t:|1779912006
|teamsize|p1|6
|teamsize|p2|6
|start
|switch|p1a: Corviknight|Corviknight, M|100/100
|switch|p2a: Landorus|Landorus-Therian, M|100/100
|-ability|p2a: Landorus|Intimidate|boost
|-ability|p1a: Corviknight|Mirror Armor
|-unboost|p2a: Landorus|atk|1
|turn|1
|
|t:|1779912010
|move|p2a: Landorus|Taunt|p1a: Corviknight
|-start|p1a: Corviknight|move: Taunt
|move|p1a: Corviknight|U-turn|p2a: Landorus
|-resisted|p2a: Landorus
|-damage|p2a: Landorus|94/100
|-damage|p1a: Corviknight|84/100|[from] item: Rocky Helmet|[of] p2a: Landorus
|
|t:|1779912016
|switch|p1a: Braviary|Braviary-Hisui, M|100/100|[from] U-turn
|
|upkeep
|turn|2
|
|t:|1779912022
|move|p2a: Landorus|Taunt|p1a: Braviary
|-start|p1a: Braviary|move: Taunt
|move|p1a: Braviary|Hurricane|p2a: Landorus
|-damage|p2a: Landorus|10/100
|-start|p2a: Landorus|confusion
|
|upkeep
|turn|3
|
|t:|1779912034
|-activate|p2a: Landorus|confusion
|move|p2a: Landorus|Stealth Rock|p1a: Braviary
|-sidestart|p1: thepoowizard_md|move: Stealth Rock
|move|p1a: Braviary|Hurricane|p2a: Landorus
|-damage|p2a: Landorus|0 fnt
|faint|p2a: Landorus
|
|upkeep
|
|t:|1779912041
|switch|p2a: Tyranitar|Tyranitar, F|100/100
|-weather|Sandstorm|[from] ability: Sand Stream|[of] p2a: Tyranitar
|turn|4
|
|t:|1779912045
|switch|p1a: Great Tusk|Great Tusk|100/100
|move|p2a: Tyranitar|Knock Off|p1a: Great Tusk
|-resisted|p1a: Great Tusk
|-damage|p1a: Great Tusk|68/100
|-enditem|p1a: Great Tusk|Heavy-Duty Boots|[from] move: Knock Off|[of] p2a: Tyranitar
|
|-weather|Sandstorm|[upkeep]
|upkeep
|turn|5
|
|t:|1779912065
|switch|p2a: Corviknight|Corviknight, F|100/100
|-ability|p2a: Corviknight|Pressure
|move|p1a: Great Tusk|Knock Off|p2a: Corviknight
|-damage|p2a: Corviknight|80/100
|-damage|p1a: Great Tusk|52/100|[from] item: Rocky Helmet|[of] p2a: Corviknight
|-enditem|p2a: Corviknight|Rocky Helmet|[from] move: Knock Off|[of] p1a: Great Tusk
|
|-weather|Sandstorm|[upkeep]
|upkeep
|turn|6
|
|t:|1779912090
|move|p1a: Great Tusk|Stealth Rock|p2a: Corviknight
|-sidestart|p2: Idkjustanick|move: Stealth Rock
|move|p2a: Corviknight|Brave Bird|p1a: Great Tusk
|-supereffective|p1a: Great Tusk
|-damage|p1a: Great Tusk|0 fnt
|faint|p1a: Great Tusk
|-end|p1a: Great Tusk|Protosynthesis|[silent]
|-damage|p2a: Corviknight|64/100|[from] Recoil
|
|-weather|Sandstorm|[upkeep]
|upkeep
|inactive|thepoowizard_md has 120 seconds left.
|
|t:|1779912101
|switch|p1a: Braviary|Braviary-Hisui, M|100/100
|-damage|p1a: Braviary|76/100|[from] Stealth Rock
|turn|7
|
|t:|1779912110
|move|p2a: Corviknight|Roost|p2a: Corviknight
|-heal|p2a: Corviknight|100/100
|-singleturn|p2a: Corviknight|move: Roost
|move|p1a: Braviary|Hurricane|p2a: Corviknight
|-resisted|p2a: Corviknight
|-damage|p2a: Corviknight|25/100
|
|-weather|Sandstorm|[upkeep]
|-damage|p1a: Braviary|70/100|[from] Sandstorm
|upkeep
|turn|8
|
|t:|1779912122
|move|p2a: Corviknight|Roost|p2a: Corviknight
|-heal|p2a: Corviknight|75/100
|-singleturn|p2a: Corviknight|move: Roost
|move|p1a: Braviary|Hurricane|p2a: Corviknight
|-resisted|p2a: Corviknight
|-damage|p2a: Corviknight|0 fnt
|faint|p2a: Corviknight
|
|-weather|none
|upkeep
|
|t:|1779912141
|switch|p2a: Tyranitar|Tyranitar, F|100/100
|-damage|p2a: Tyranitar|88/100|[from] Stealth Rock
|-weather|Sandstorm|[from] ability: Sand Stream|[of] p2a: Tyranitar
|turn|9
|inactive|thepoowizard_md has 120 seconds left.
|inactive|thepoowizard_md has 90 seconds left.
|
|t:|1779912199
|switch|p1a: Corviknight|Corviknight, M|84/100
|move|p2a: Tyranitar|Knock Off|p1a: Corviknight
|-damage|p1a: Corviknight|14/100
|-enditem|p1a: Corviknight|Heavy-Duty Boots|[from] move: Knock Off|[of] p2a: Tyranitar
|
|-weather|Sandstorm|[upkeep]
|upkeep
|turn|10
|
|t:|1779912205
|move|p2a: Tyranitar|Knock Off|p1a: Corviknight
|-damage|p1a: Corviknight|0 fnt
|faint|p1a: Corviknight
|
|-weather|Sandstorm|[upkeep]
|upkeep
|
|t:|1779912213
|switch|p1a: Dragonite|Dragonite, M|100/100
|turn|11
|
|t:|1779912231
|move|p1a: Dragonite|Dragon Dance|p1a: Dragonite
|-boost|p1a: Dragonite|atk|1
|-boost|p1a: Dragonite|spe|1
|move|p2a: Tyranitar|Knock Off|p1a: Dragonite
|-damage|p1a: Dragonite|57/100
|-enditem|p1a: Dragonite|Heavy-Duty Boots|[from] move: Knock Off|[of] p2a: Tyranitar
|
|-weather|Sandstorm|[upkeep]
|-damage|p1a: Dragonite|50/100|[from] Sandstorm
|upkeep
|turn|12
|
|t:|1779912240
|-terastallize|p1a: Dragonite|Fairy
|move|p1a: Dragonite|Dragon Dance|p1a: Dragonite
|-boost|p1a: Dragonite|atk|1
|-boost|p1a: Dragonite|spe|1
|move|p2a: Tyranitar|Knock Off|p1a: Dragonite
|-resisted|p1a: Dragonite
|-damage|p1a: Dragonite|20/100
|
|-weather|Sandstorm|[upkeep]
|-damage|p1a: Dragonite|14/100|[from] Sandstorm
|upkeep
|turn|13
|
|t:|1779912258
|switch|p2a: Slowking|Slowking-Galar, F|100/100
|move|p1a: Dragonite|Earthquake|p2a: Slowking
|-supereffective|p2a: Slowking
|-damage|p2a: Slowking|0 fnt
|faint|p2a: Slowking
|
|-weather|none
|upkeep
|
|t:|1779912264
|switch|p2a: Heracross|Heracross, F|100/100
|-damage|p2a: Heracross|88/100|[from] Stealth Rock
|turn|14
|inactive|thepoowizard_md has 120 seconds left.
|inactive|thepoowizard_md has 90 seconds left.
|inactive|thepoowizard_md has 60 seconds left.
|
|t:|1779912356
|move|p1a: Dragonite|Extreme Speed|p2a: Heracross
|-damage|p2a: Heracross|3/100
|move|p2a: Heracross|Facade|p1a: Dragonite
|-damage|p1a: Dragonite|0 fnt
|faint|p1a: Dragonite
|
|-status|p2a: Heracross|brn|[from] item: Flame Orb
|upkeep
|
|t:|1779912363
|switch|p1a: Pecharunt|Pecharunt|100/100
|-damage|p1a: Pecharunt|88/100|[from] Stealth Rock
|-item|p1a: Pecharunt|Air Balloon
|turn|15
|
|t:|1779912370
|move|p2a: Heracross|Knock Off|p1a: Pecharunt
|-supereffective|p1a: Pecharunt
|-damage|p1a: Pecharunt|37/100
|-enditem|p1a: Pecharunt|Air Balloon
|move|p1a: Pecharunt|Recover|p1a: Pecharunt
|-heal|p1a: Pecharunt|87/100
|
|-damage|p2a: Heracross|0 fnt|[from] brn
|faint|p2a: Heracross
|upkeep
|
|t:|1779912377
|switch|p2a: Tyranitar|Tyranitar, F|88/100
|-damage|p2a: Tyranitar|76/100|[from] Stealth Rock
|-weather|Sandstorm|[from] ability: Sand Stream|[of] p2a: Tyranitar
|turn|16
|
|t:|1779912385
|move|p1a: Pecharunt|Parting Shot|p2a: Tyranitar
|-unboost|p2a: Tyranitar|atk|1
|-unboost|p2a: Tyranitar|spa|1
|
|t:|1779912386
|switch|p1a: Slowking|Slowking-Galar, F|100/100|[from] Parting Shot
|move|p2a: Tyranitar|Knock Off|p1a: Slowking
|-supereffective|p1a: Slowking
|-damage|p1a: Slowking|0 fnt
|-enditem|p1a: Slowking|Heavy-Duty Boots|[from] move: Knock Off|[of] p2a: Tyranitar
|faint|p1a: Slowking
|
|-weather|Sandstorm|[upkeep]
|upkeep
|
|t:|1779912388
|switch|p1a: Pecharunt|Pecharunt|87/100
|-damage|p1a: Pecharunt|75/100|[from] Stealth Rock
|turn|17
|
|t:|1779912400
|switch|p2a: Primarina|Primarina, F|100/100
|-damage|p2a: Primarina|88/100|[from] Stealth Rock
|move|p1a: Pecharunt|Recover|p1a: Pecharunt
|-heal|p1a: Pecharunt|100/100
|
|-weather|Sandstorm|[upkeep]
|-damage|p1a: Pecharunt|95/100|[from] Sandstorm
|-damage|p2a: Primarina|82/100|[from] Sandstorm
|-heal|p2a: Primarina|88/100|[from] item: Leftovers
|upkeep
|turn|18
|
|t:|1779912411
|-terastallize|p2a: Primarina|Steel
|move|p1a: Pecharunt|Toxic|p2a: Primarina
|-immune|p2a: Primarina
|move|p2a: Primarina|Substitute|p2a: Primarina
|-start|p2a: Primarina|Substitute
|-damage|p2a: Primarina|63/100
|
|-weather|Sandstorm|[upkeep]
|-damage|p1a: Pecharunt|89/100|[from] Sandstorm
|-heal|p2a: Primarina|69/100|[from] item: Leftovers
|upkeep
|turn|19
|
|t:|1779912418
|move|p1a: Pecharunt|Shadow Ball|p2a: Primarina
|-activate|p2a: Primarina|move: Substitute|[damage]
|move|p2a: Primarina|Calm Mind|p2a: Primarina
|-boost|p2a: Primarina|spa|1
|-boost|p2a: Primarina|spd|1
|
|-weather|Sandstorm|[upkeep]
|-damage|p1a: Pecharunt|83/100|[from] Sandstorm
|-heal|p2a: Primarina|76/100|[from] item: Leftovers
|upkeep
|turn|20
|
|t:|1779912424
|move|p1a: Pecharunt|Shadow Ball|p2a: Primarina
|-end|p2a: Primarina|Substitute
|move|p2a: Primarina|Surf|p1a: Pecharunt
|-damage|p1a: Pecharunt|0 fnt
|faint|p1a: Pecharunt
|
|-weather|none
|-heal|p2a: Primarina|82/100|[from] item: Leftovers
|upkeep
|
|t:|1779912426
|switch|p1a: Braviary|Braviary-Hisui, M|70/100
|-damage|p1a: Braviary|45/100|[from] Stealth Rock
|turn|21
|
|t:|1779912431
|move|p2a: Primarina|Surf|p1a: Braviary
|-damage|p1a: Braviary|0 fnt
|faint|p1a: Braviary
|
|win|Idkjustanick
|raw|thepoowizard_md's rating: 1385 &rarr; <strong>1363</strong><br />(-22 for losing)
|raw|Idkjustanick's rating: 1350 &rarr; <strong>1372</strong><br />(+22 for winning)
|l|☆thepoowizard_md
|player|p1|
|l|☆Idkjustanick
|player|p2|
