|j|☆A05236
|j|☆Abyssal Bot
|t:|1779823531
|gametype|singles
|player|p1|A05236|265|
|player|p2|Abyssal Bot|supernerd|
|teamsize|p1|6
|teamsize|p2|6
|gen|9
|tier|[Gen 9] OU
|rule|Species Clause: Limit one of each Pokémon
|rule|OHKO Clause: OHKO moves are banned
|rule|Evasion Items Clause: Evasion items are banned
|rule|Evasion Moves Clause: Evasion moves are banned
|rule|Endless Battle Clause: Forcing endless battles is banned
|rule|HP Percentage Mod: HP is shown in percentages
|rule|Sleep Moves Clause: Sleep-inducing moves are banned
|clearpoke
|poke|p1|Espeon, M|
|poke|p1|Azumarill, F|
|poke|p1|Altaria, F|
|poke|p1|Minun, M|
|poke|p1|Hitmonlee, M|
|poke|p1|Mew|
|poke|p2|Kingambit, F|
|poke|p2|Cinderace, F|
|poke|p2|Landorus-Therian, M|
|poke|p2|Iron Valiant|
|poke|p2|Kyurem|
|poke|p2|Slowking-Galar, M|
|teampreview
|c|☆Abyssal Bot|**WARNING**: Expect much hax.
|inactive|Battle timer is ON: inactive players will automatically lose when time's up. (requested by Abyssal Bot)
|j|*Turbo Bottttt
|
|t:|1779823533
|start
|switch|p1a: Espeon|Espeon, M|100/100
|switch|p2a: Kristine|Cinderace, F, shiny|100/100
|turn|1
|
|t:|1779823536
|move|p2a: Kristine|Pyro Ball|p1a: Espeon|[miss]
|-miss|p2a: Kristine|p1a: Espeon
|move|p1a: Espeon|Thunder Wave|p2a: Kristine
|-status|p2a: Kristine|par
|
|upkeep
|turn|2
|c|☆Abyssal Bot|Uh Kristine, you're as blind as Deino...
|
|t:|1779823539
|move|p1a: Espeon|Reflect|p1a: Espeon
|-sidestart|p1: A05236|Reflect
|cant|p2a: Kristine|par
|
|upkeep
|turn|3
|
|t:|1779823540
|switch|p2a: Daenerys|Kingambit, F|100/100
|move|p1a: Espeon|Light Screen|p1a: Espeon
|-sidestart|p1: A05236|move: Light Screen
|
|upkeep
|turn|4
|
|t:|1779823543
|switch|p1a: Azumarill|Azumarill, F|100/100
|move|p2a: Daenerys|Swords Dance|p2a: Daenerys
|-boost|p2a: Daenerys|atk|2
|
|upkeep
|turn|5
|
|t:|1779823545
|-end|p2a: Daenerys|fallenundefined|[silent]
|switch|p2a: SlodogChillionaire|Slowking-Galar, M, shiny|100/100
|move|p1a: Azumarill|Superpower|p2a: SlodogChillionaire
|-resisted|p2a: SlodogChillionaire
|-damage|p2a: SlodogChillionaire|87/100
|-unboost|p1a: Azumarill|atk|1
|-unboost|p1a: Azumarill|def|1
|
|upkeep
|turn|6
|
|t:|1779823548
|move|p1a: Azumarill|Knock Off|p2a: SlodogChillionaire
|-supereffective|p2a: SlodogChillionaire
|-damage|p2a: SlodogChillionaire|29/100
|-enditem|p2a: SlodogChillionaire|Heavy-Duty Boots|[from] move: Knock Off|[of] p1a: Azumarill
|move|p2a: SlodogChillionaire|Toxic|p1a: Azumarill
|-status|p1a: Azumarill|tox
|
|-damage|p1a: Azumarill|94/100 tox|[from] psn|[of] p2a: SlodogChillionaire
|upkeep
|turn|7
|
|t:|1779823551
|move|p1a: Azumarill|Knock Off|p2a: SlodogChillionaire
|-supereffective|p2a: SlodogChillionaire
|-damage|p2a: SlodogChillionaire|0
|faint|p2a: SlodogChillionaire
|
|-damage|p1a: Azumarill|82/100 tox|[from] psn|[of] p2: SlodogChillionaire
|upkeep
|
|t:|1779823551
|switch|p2a: Daenerys|Kingambit, F|100/100
|-activate|p2a: Daenerys|ability: Supreme Overlord
|-start|p2a: Daenerys|fallen1|[silent]
|turn|8
|
|t:|1779823553
|move|p2a: Daenerys|Swords Dance|p2a: Daenerys
|-boost|p2a: Daenerys|atk|2
|move|p1a: Azumarill|Superpower|p2a: Daenerys
|-supereffective|p2a: Daenerys
|-damage|p2a: Daenerys|0
|-unboost|p1a: Azumarill|atk|1
|-unboost|p1a: Azumarill|def|1
|faint|p2a: Daenerys
|-end|p2a: Daenerys|fallen1|[silent]
|
|-damage|p1a: Azumarill|63/100 tox|[from] psn|[of] p2: SlodogChillionaire
|upkeep
|
|t:|1779823553
|switch|p2a: Mr. Freeze|Kyurem, shiny|100/100
|-ability|p2a: Mr. Freeze|Pressure
|turn|9
|
|t:|1779823563
|switch|p1a: Espeon|Espeon, M|100/100
|move|p2a: Mr. Freeze|Freeze-Dry|p1a: Espeon
|-damage|p1a: Espeon|70/100
|
|-sideend|p1: A05236|Reflect
|upkeep
|turn|10
|
|t:|1779823565
|move|p1a: Espeon|Thunder Wave|p2a: Mr. Freeze
|-status|p2a: Mr. Freeze|par
|move|p2a: Mr. Freeze|Freeze-Dry|p1a: Espeon
|-damage|p1a: Espeon|43/100
|
|-sideend|p1: A05236|move: Light Screen
|upkeep
|turn|11
|
|t:|1779823568
|move|p1a: Espeon|Light Screen|p1a: Espeon
|-sidestart|p1: A05236|move: Light Screen
|move|p2a: Mr. Freeze|Freeze-Dry|p1a: Espeon
|-damage|p1a: Espeon|15/100
|
|upkeep
|turn|12
|
|t:|1779823570
|move|p1a: Espeon|Reflect|p1a: Espeon
|-sidestart|p1: A05236|Reflect
|cant|p2a: Mr. Freeze|par
|
|upkeep
|turn|13
|
|t:|1779823572
|move|p1a: Espeon|Psychic Noise|p2a: Mr. Freeze
|-damage|p2a: Mr. Freeze|70/100 par
|-start|p2a: Mr. Freeze|move: Heal Block
|move|p2a: Mr. Freeze|Freeze-Dry|p1a: Espeon
|-damage|p1a: Espeon|0
|faint|p1a: Espeon
|
|upkeep
|
|t:|1779823576
|switch|p1a: Mew|Mew|100/100
|turn|14
|
|t:|1779823578
|move|p1a: Mew|Calm Mind|p1a: Mew
|-boost|p1a: Mew|spa|1
|-boost|p1a: Mew|spd|1
|move|p2a: Mr. Freeze|Freeze-Dry|p1a: Mew
|-damage|p1a: Mew|85/100
|-status|p1a: Mew|frz
|
|-end|p2a: Mr. Freeze|move: Heal Block
|upkeep
|turn|15
|
|t:|1779823580
|cant|p1a: Mew|frz
|cant|p2a: Mr. Freeze|par
|
|upkeep
|turn|16
|
|t:|1779823582
|cant|p1a: Mew|frz
|move|p2a: Mr. Freeze|Freeze-Dry|p1a: Mew
|-damage|p1a: Mew|69/100 frz
|
|upkeep
|turn|17
|
|t:|1779823583
|cant|p1a: Mew|frz
|move|p2a: Mr. Freeze|Freeze-Dry|p1a: Mew
|-damage|p1a: Mew|54/100 frz
|
|upkeep
|turn|18
|
|t:|1779823584
|cant|p1a: Mew|frz
|move|p2a: Mr. Freeze|Freeze-Dry|p1a: Mew
|-damage|p1a: Mew|38/100 frz
|
|-sideend|p1: A05236|move: Light Screen
|upkeep
|turn|19
|
|t:|1779823586
|cant|p1a: Mew|frz
|cant|p2a: Mr. Freeze|par
|
|-sideend|p1: A05236|Reflect
|upkeep
|turn|20
|
|t:|1779823587
|-curestatus|p1a: Mew|frz|[msg]
|move|p1a: Mew|Calm Mind|p1a: Mew
|-boost|p1a: Mew|spa|1
|-boost|p1a: Mew|spd|1
|move|p2a: Mr. Freeze|Freeze-Dry|p1a: Mew
|-damage|p1a: Mew|16/100
|
|upkeep
|turn|21
|
|t:|1779823594
|move|p1a: Mew|Psychic Noise|p2a: Mr. Freeze
|-damage|p2a: Mr. Freeze|20/100 par
|-start|p2a: Mr. Freeze|move: Heal Block
|move|p2a: Mr. Freeze|Freeze-Dry|p1a: Mew
|-damage|p1a: Mew|0
|faint|p1a: Mew
|
|upkeep
|
|t:|1779823604
|switch|p1a: Minun|Minun, M|100/100
|turn|22
|
|t:|1779823608
|move|p1a: Minun|Alluring Voice|p2a: Mr. Freeze
|-supereffective|p2a: Mr. Freeze
|-crit|p2a: Mr. Freeze
|-damage|p2a: Mr. Freeze|0 par
|faint|p2a: Mr. Freeze
|
|upkeep
|c|☆Abyssal Bot|I should be the one who gets hax ;-;
|
|t:|1779823608
|switch|p2a: Homelandor|Landorus-Therian, M, shiny|100/100
|-ability|p2a: Homelandor|Intimidate|boost
|-unboost|p1a: Minun|atk|1
|turn|23
|
|t:|1779823611
|switch|p1a: Altaria|Altaria, F|100/100
|move|p2a: Homelandor|Earth Power|p1a: Altaria
|-immune|p1a: Altaria
|
|upkeep
|turn|24
|
|t:|1779823613
|switch|p2a: WALL-Y|Iron Valiant|100/100
|-enditem|p2a: WALL-Y|Booster Energy
|-activate|p2a: WALL-Y|ability: Quark Drive|[fromitem]
|-start|p2a: WALL-Y|quarkdrivespe
|move|p1a: Altaria|Ice Beam|p2a: WALL-Y
|-crit|p2a: WALL-Y
|-damage|p2a: WALL-Y|34/100
|
|upkeep
|turn|25
|c|☆Abyssal Bot|Oh crap, that crit...
|
|t:|1779823623
|switch|p1a: Minun|Minun, M|100/100
|move|p2a: WALL-Y|Moonblast|p1a: Minun
|-damage|p1a: Minun|38/100
|
|upkeep
|turn|26
|
|t:|1779823626
|move|p1a: Minun|Endure|p1a: Minun
|-singleturn|p1a: Minun|move: Endure
|move|p2a: WALL-Y|Close Combat|p1a: Minun
|-activate|p1a: Minun|move: Endure
|-damage|p1a: Minun|1/100
|-unboost|p2a: WALL-Y|def|1
|-unboost|p2a: WALL-Y|spd|1
|-enditem|p1a: Minun|Salac Berry|[eat]
|-boost|p1a: Minun|spe|1|[from] item: Salac Berry
|
|upkeep
|turn|27
|
|t:|1779823628
|move|p2a: WALL-Y|Knock Off|p1a: Minun
|-damage|p1a: Minun|0
|faint|p1a: Minun
|
|upkeep
|
|t:|1779823631
|switch|p1a: Azumarill|Azumarill, F|63/100 tox
|turn|28
|
|t:|1779823633
|move|p1a: Azumarill|Aqua Jet|p2a: WALL-Y
|-damage|p2a: WALL-Y|0
|faint|p2a: WALL-Y
|-end|p2a: WALL-Y|Quark Drive|[silent]
|
|-damage|p1a: Azumarill|57/100 tox|[from] psn|[of] p2: SlodogChillionaire
|upkeep
|
|t:|1779823633
|switch|p2a: Kristine|Cinderace, F, shiny|100/100 par
|turn|29
|
|t:|1779823636
|move|p1a: Azumarill|Aqua Jet|p2a: Kristine
|-supereffective|p2a: Kristine
|-damage|p2a: Kristine|33/100 par
|move|p2a: Kristine|Court Change||[still]
|-swapsideconditions
|-fail|p2a: Kristine
|
|-damage|p1a: Azumarill|45/100 tox|[from] psn|[of] p2: SlodogChillionaire
|upkeep
|turn|30
|
|t:|1779823638
|move|p1a: Azumarill|Aqua Jet|p2a: Kristine
|-supereffective|p2a: Kristine
|-damage|p2a: Kristine|0 par
|faint|p2a: Kristine
|
|-damage|p1a: Azumarill|26/100 tox|[from] psn|[of] p2: SlodogChillionaire
|upkeep
|
|t:|1779823639
|switch|p2a: Homelandor|Landorus-Therian, M, shiny|100/100
|-ability|p2a: Homelandor|Intimidate|boost
|-unboost|p1a: Azumarill|atk|1
|turn|31
|
|t:|1779823642
|move|p1a: Azumarill|Aqua Jet|p2a: Homelandor
|-supereffective|p2a: Homelandor
|-damage|p2a: Homelandor|78/100
|-damage|p1a: Azumarill|10/100 tox|[from] item: Rocky Helmet|[of] p2a: Homelandor
|move|p2a: Homelandor|Earth Power|p1a: Azumarill
|-damage|p1a: Azumarill|0 tox
|faint|p1a: Azumarill
|
|upkeep
|
|t:|1779823644
|switch|p1a: Altaria|Altaria, F|100/100
|turn|32
|
|t:|1779823646
|move|p2a: Homelandor|Stealth Rock|p1a: Altaria
|-sidestart|p1: A05236|move: Stealth Rock
|move|p1a: Altaria|Ice Beam|p2a: Homelandor
|-supereffective|p2a: Homelandor
|-damage|p2a: Homelandor|0
|faint|p2a: Homelandor
|
|win|A05236
|c|☆Abyssal Bot|Well Played.
|l|☆Abyssal Bot
|player|p2|
|l|*Turbo Bottttt
