|j|☆abe_hanabi
|j|☆Gustav05
|t:|1779865690
|gametype|singles
|player|p1|abe_hanabi|169|1328
|player|p2|Gustav05|clown|1391
|gen|9
|tier|[Gen 9] OU
|rated|
|rule|HP Percentage Mod: HP is shown in percentages
|rule|Endless Battle Clause: Forcing endless battles is banned
|rule|Species Clause: Limit one of each Pokémon
|rule|OHKO Clause: OHKO moves are banned
|rule|Evasion Items Clause: Evasion items are banned
|rule|Evasion Moves Clause: Evasion moves are banned
|rule|Evasion Abilities Clause: Evasion abilities are banned
|rule|Sleep Moves Clause: Sleep-inducing moves are banned
|clearpoke
|poke|p1|Glimmora, M|
|poke|p1|Zamazenta-*|
|poke|p1|Zapdos|
|poke|p1|Kingambit, F|
|poke|p1|Primarina, M|
|poke|p1|Ogerpon-Wellspring, F|
|poke|p2|Swampert, M|
|poke|p2|Blaziken, M|
|poke|p2|Sceptile, M|
|poke|p2|Scizor, M|
|poke|p2|Primarina, M|
|poke|p2|Dragonite, M|
|teampreview
|inactive|Battle timer is ON: inactive players will automatically lose when time's up. (requested by abe_hanabi)
|
|t:|1779865697
|teamsize|p1|6
|teamsize|p2|6
|start
|switch|p1a: Glimmora|Glimmora, M|100/100
|switch|p2a: Punchies|Scizor, M|100/100
|turn|1
|
|t:|1779865702
|move|p1a: Glimmora|Stealth Rock|p2a: Punchies
|-sidestart|p2: Gustav05|move: Stealth Rock
|move|p2a: Punchies|Swords Dance|p2a: Punchies
|-boost|p2a: Punchies|atk|2
|
|upkeep
|turn|2
|
|t:|1779865707
|move|p2a: Punchies|Bullet Punch|p1a: Glimmora
|-supereffective|p1a: Glimmora
|-enditem|p1a: Glimmora|Focus Sash
|-damage|p1a: Glimmora|1/100
|-activate|p1a: Glimmora|ability: Toxic Debris
|-sidestart|p2: Gustav05|move: Toxic Spikes
|move|p1a: Glimmora|Earth Power|p2a: Punchies
|-damage|p2a: Punchies|68/100
|
|-heal|p2a: Punchies|74/100|[from] item: Leftovers
|upkeep
|turn|3
|
|t:|1779865718
|move|p1a: Glimmora|Earth Power|p2a: Punchies
|-damage|p2a: Punchies|41/100
|-unboost|p2a: Punchies|spd|1
|move|p2a: Punchies|U-turn|p1a: Glimmora
|-resisted|p1a: Glimmora
|-damage|p1a: Glimmora|0 fnt
|-activate|p1a: Glimmora|ability: Toxic Debris
|-sidestart|p2: Gustav05|move: Toxic Spikes
|faint|p1a: Glimmora
|
|t:|1779865730
|switch|p2a: Plumpo|Dragonite, M|100/100|[from] U-turn
|
|upkeep
|
|t:|1779865741
|switch|p1a: Zapdos|Zapdos|100/100
|turn|4
|
|t:|1779865755
|move|p1a: Zapdos|Thunder Wave|p2a: Plumpo
|-status|p2a: Plumpo|par
|move|p2a: Plumpo|Dragon Dance|p2a: Plumpo
|-boost|p2a: Plumpo|atk|1
|-boost|p2a: Plumpo|spe|1
|
|upkeep
|turn|5
|
|t:|1779865759
|switch|p1a: Primarina|Primarina, M|100/100
|move|p2a: Plumpo|Dragon Dance|p2a: Plumpo
|-boost|p2a: Plumpo|atk|1
|-boost|p2a: Plumpo|spe|1
|
|upkeep
|turn|6
|
|t:|1779865767
|-terastallize|p2a: Plumpo|Fire
|move|p2a: Plumpo|Fire Punch|p1a: Primarina
|-resisted|p1a: Primarina
|-damage|p1a: Primarina|57/100
|move|p1a: Primarina|Draining Kiss|p2a: Plumpo
|-resisted|p2a: Plumpo
|-damage|p2a: Plumpo|94/100 par
|-heal|p1a: Primarina|63/100|[from] drain|[of] p2a: Plumpo
|
|-heal|p1a: Primarina|69/100|[from] item: Leftovers
|upkeep
|turn|7
|
|t:|1779865772
|cant|p2a: Plumpo|par
|move|p1a: Primarina|Surf|p2a: Plumpo
|-supereffective|p2a: Plumpo
|-damage|p2a: Plumpo|3/100 par
|
|-heal|p1a: Primarina|75/100|[from] item: Leftovers
|upkeep
|turn|8
|
|t:|1779865782
|move|p2a: Plumpo|Fire Punch|p1a: Primarina
|-resisted|p1a: Primarina
|-damage|p1a: Primarina|29/100
|-status|p1a: Primarina|brn
|move|p1a: Primarina|Draining Kiss|p2a: Plumpo
|-resisted|p2a: Plumpo
|-damage|p2a: Plumpo|0 fnt
|-heal|p1a: Primarina|31/100 brn|[from] drain|[of] p2a: Plumpo
|faint|p2a: Plumpo
|
|-heal|p1a: Primarina|37/100 brn|[from] item: Leftovers
|-damage|p1a: Primarina|31/100 brn|[from] brn
|upkeep
|
|t:|1779865786
|switch|p2a: Man|Sceptile, M|100/100
|-damage|p2a: Man|88/100|[from] Stealth Rock
|-status|p2a: Man|tox
|turn|9
|
|t:|1779865792
|switch|p1a: Zapdos|Zapdos|100/100
|move|p2a: Man|Roar|p1a: Zapdos
|-enditem|p2a: Man|Throat Spray
|-boost|p2a: Man|spa|1|[from] item: Throat Spray
|drag|p1a: Ogerpon|Ogerpon-Wellspring, F|100/100
|
|-damage|p2a: Man|82/100 tox|[from] psn
|upkeep
|turn|10
|
|t:|1779865799
|move|p2a: Man|Energy Ball|p1a: Ogerpon
|-damage|p1a: Ogerpon|22/100
|move|p1a: Ogerpon|U-turn|p2a: Man
|-supereffective|p2a: Man
|-damage|p2a: Man|0 fnt
|faint|p2a: Man
|
|t:|1779865824
|switch|p1a: Zapdos|Zapdos|100/100|[from] U-turn
|
|upkeep
|
|t:|1779865833
|switch|p2a: Fried|Blaziken, M|100/100
|-damage|p2a: Fried|88/100|[from] Stealth Rock
|-status|p2a: Fried|tox
|turn|11
|
|t:|1779865838
|move|p2a: Fried|Focus Energy|p2a: Fried
|-start|p2a: Fried|move: Focus Energy
|move|p1a: Zapdos|Hurricane|p2a: Fried|[miss]
|-miss|p1a: Zapdos|p2a: Fried
|
|-damage|p2a: Fried|82/100 tox|[from] psn
|-ability|p2a: Fried|Speed Boost|boost
|-boost|p2a: Fried|spe|1
|upkeep
|turn|12
|
|t:|1779865842
|move|p2a: Fried|Overheat|p1a: Zapdos
|-crit|p1a: Zapdos
|-damage|p1a: Zapdos|2/100
|-unboost|p2a: Fried|spa|2
|move|p1a: Zapdos|Hurricane|p2a: Fried|[miss]
|-miss|p1a: Zapdos|p2a: Fried
|
|-damage|p2a: Fried|70/100 tox|[from] psn
|-ability|p2a: Fried|Speed Boost|boost
|-boost|p2a: Fried|spe|1
|upkeep
|turn|13
|
|t:|1779865856
|move|p2a: Fried|Aura Sphere|p1a: Zapdos
|-resisted|p1a: Zapdos
|-crit|p1a: Zapdos
|-damage|p1a: Zapdos|0 fnt
|faint|p1a: Zapdos
|
|-damage|p2a: Fried|52/100 tox|[from] psn
|-ability|p2a: Fried|Speed Boost|boost
|-boost|p2a: Fried|spe|1
|upkeep
|
|t:|1779865867
|switch|p1a: Zamazenta|Zamazenta|100/100
|-ability|p1a: Zamazenta|Dauntless Shield|boost
|-boost|p1a: Zamazenta|def|1
|turn|14
|
|t:|1779865873
|move|p2a: Fried|Overheat|p1a: Zamazenta|[miss]
|-miss|p2a: Fried|p1a: Zamazenta
|move|p1a: Zamazenta|Iron Defense|p1a: Zamazenta
|-boost|p1a: Zamazenta|def|2
|
|-damage|p2a: Fried|29/100 tox|[from] psn
|-ability|p2a: Fried|Speed Boost|boost
|-boost|p2a: Fried|spe|1
|upkeep
|turn|15
|
|t:|1779865879
|move|p2a: Fried|Overheat|p1a: Zamazenta
|-crit|p1a: Zamazenta
|-damage|p1a: Zamazenta|23/100
|-unboost|p2a: Fried|spa|2
|move|p1a: Zamazenta|Psychic Fangs|p2a: Fried
|-supereffective|p2a: Fried
|-damage|p2a: Fried|0 fnt
|faint|p2a: Fried
|
|-heal|p1a: Zamazenta|29/100|[from] item: Leftovers
|upkeep
|
|t:|1779865906
|switch|p2a: Siren|Primarina, M|100/100
|-damage|p2a: Siren|88/100|[from] Stealth Rock
|-status|p2a: Siren|tox
|turn|16
|
|t:|1779865914
|-terastallize|p1a: Zamazenta|Steel
|move|p1a: Zamazenta|Body Press|p2a: Siren
|-resisted|p2a: Siren
|-crit|p2a: Siren
|-damage|p2a: Siren|16/100 tox
|move|p2a: Siren|Moonblast|p1a: Zamazenta
|-resisted|p1a: Zamazenta
|-damage|p1a: Zamazenta|12/100
|
|-heal|p1a: Zamazenta|18/100|[from] item: Leftovers
|-heal|p2a: Siren|22/100 tox|[from] item: Leftovers
|-damage|p2a: Siren|16/100 tox|[from] psn
|upkeep
|turn|17
|
|t:|1779865921
|move|p1a: Zamazenta|Body Press|p2a: Siren
|-resisted|p2a: Siren
|-damage|p2a: Siren|0 fnt
|faint|p2a: Siren
|
|-heal|p1a: Zamazenta|24/100|[from] item: Leftovers
|upkeep
|
|t:|1779865936
|switch|p2a: Forg|Swampert, M|100/100
|-damage|p2a: Forg|94/100|[from] Stealth Rock
|-status|p2a: Forg|tox
|turn|18
|
|t:|1779865939
|move|p1a: Zamazenta|Body Press|p2a: Forg
|-damage|p2a: Forg|25/100 tox
|move|p2a: Forg|Earthquake|p1a: Zamazenta
|-supereffective|p1a: Zamazenta
|-damage|p1a: Zamazenta|0 fnt
|faint|p1a: Zamazenta
|
|-heal|p2a: Forg|31/100 tox|[from] item: Leftovers
|-damage|p2a: Forg|25/100 tox|[from] psn
|upkeep
|
|t:|1779865945
|switch|p1a: Primarina|Primarina, M|31/100 brn
|turn|19
|
|t:|1779865948
|move|p2a: Forg|Earthquake|p1a: Primarina
|-damage|p1a: Primarina|0 fnt
|faint|p1a: Primarina
|
|-heal|p2a: Forg|31/100 tox|[from] item: Leftovers
|-damage|p2a: Forg|19/100 tox|[from] psn
|upkeep
|
|t:|1779865951
|switch|p1a: Ogerpon|Ogerpon-Wellspring, F|22/100
|turn|20
|
|t:|1779865956
|move|p1a: Ogerpon|Ivy Cudgel|p2a: Forg|[anim] Ivy Cudgel Water
|-damage|p2a: Forg|0 fnt
|faint|p2a: Forg
|
|upkeep
|
|t:|1779865959
|switch|p2a: Punchies|Scizor, M|41/100
|-damage|p2a: Punchies|28/100|[from] Stealth Rock
|turn|21
|
|t:|1779865965
|switch|p1a: Kingambit|Kingambit, F|100/100
|-activate|p1a: Kingambit|ability: Supreme Overlord
|-start|p1a: Kingambit|fallen4|[silent]
|move|p2a: Punchies|Swords Dance|p2a: Punchies
|-boost|p2a: Punchies|atk|2
|
|-heal|p2a: Punchies|35/100|[from] item: Leftovers
|upkeep
|turn|22
|
|t:|1779865974
|move|p1a: Kingambit|Low Kick|p2a: Punchies
|-damage|p2a: Punchies|0 fnt
|faint|p2a: Punchies
|
|win|abe_hanabi
|raw|abe_hanabi's rating: 1328 &rarr; <strong>1352</strong><br />(+24 for winning)
|raw|Gustav05's rating: 1391 &rarr; <strong>1367</strong><br />(-24 for losing)
|l|☆Gustav05
|player|p2|
|l|☆abe_hanabi
|player|p1|
