|j|‽hyp4roffender
|j|☆Volga123
|t:|1779803824
|gametype|singles
|player|p1|hyp4roffender|2|1379
|player|p2|Volga123|cynthia|1370
|gen|9
|tier|[Gen 9] OU
|rated|
|rule|HP Percentage Mod: HP is shown in percentages
|rule|Endless Battle Clause: Forcing endless battles is banned
|rule|Species Clause: Limit one of each Pokémon
|rule|OHKO Clause: OHKO moves are banned
|rule|Evasion Items Clause: Evasion items are banned
|rule|Evasion Moves Clause: Evasion moves are banned
|rule|Evasion Abilities Clause: Evasion abilities are banned
|rule|Sleep Moves Clause: Sleep-inducing moves are banned
|clearpoke
|poke|p1|Kingambit, M|
|poke|p1|Kommo-o, F|
|poke|p1|Iron Valiant|
|poke|p1|Kyurem|
|poke|p1|Iron Treads|
|poke|p1|Iron Crown|
|poke|p2|Clodsire, M|
|poke|p2|Cinccino, M|
|poke|p2|Milotic, M|
|poke|p2|Arcanine-Hisui, F|
|poke|p2|Dusclops, M|
|poke|p2|Lurantis, F|
|teampreview
|
|t:|1779803838
|teamsize|p1|6
|teamsize|p2|6
|start
|switch|p1a: Iron Treads|Iron Treads|100/100
|switch|p2a: Arcanine|Arcanine-Hisui, F|100/100
|-enditem|p1a: Iron Treads|Booster Energy
|-activate|p1a: Iron Treads|ability: Quark Drive|[fromitem]
|-start|p1a: Iron Treads|quarkdrivespe
|turn|1
|inactive|Battle timer is ON: inactive players will automatically lose when time's up. (requested by hyp4roffender)
|
|t:|1779803847
|switch|p2a: Milotic|Milotic, M|100/100
|move|p1a: Iron Treads|Earthquake|p2a: Milotic
|-damage|p2a: Milotic|50/100
|
|upkeep
|turn|2
|
|t:|1779803854
|switch|p2a: Lurantis|Lurantis, F, shiny|100/100
|move|p1a: Iron Treads|Earthquake|p2a: Lurantis
|-resisted|p2a: Lurantis
|-damage|p2a: Lurantis|86/100
|
|-heal|p2a: Lurantis|92/100|[from] item: Leftovers
|upkeep
|turn|3
|
|t:|1779803858
|move|p1a: Iron Treads|Stealth Rock|p2a: Lurantis
|-sidestart|p2: Volga123|move: Stealth Rock
|move|p2a: Lurantis|Superpower|p1a: Iron Treads
|-supereffective|p1a: Iron Treads
|-damage|p1a: Iron Treads|61/100
|-boost|p2a: Lurantis|atk|1
|-boost|p2a: Lurantis|def|1
|
|-heal|p2a: Lurantis|98/100|[from] item: Leftovers
|upkeep
|turn|4
|
|t:|1779803875
|move|p1a: Iron Treads|Rapid Spin|p2a: Lurantis
|-damage|p2a: Lurantis|92/100
|-boost|p1a: Iron Treads|spe|1
|move|p2a: Lurantis|Leaf Storm|p1a: Iron Treads
|-damage|p1a: Iron Treads|15/100
|-boost|p2a: Lurantis|spa|2
|
|-heal|p2a: Lurantis|98/100|[from] item: Leftovers
|upkeep
|turn|5
|
|t:|1779803888
|move|p1a: Iron Treads|Endeavor|p2a: Lurantis
|-damage|p2a: Lurantis|17/100
|move|p2a: Lurantis|Superpower|p1a: Iron Treads
|-supereffective|p1a: Iron Treads
|-damage|p1a: Iron Treads|0 fnt
|-boost|p2a: Lurantis|atk|1
|-boost|p2a: Lurantis|def|1
|faint|p1a: Iron Treads
|-end|p1a: Iron Treads|Quark Drive|[silent]
|
|-heal|p2a: Lurantis|23/100|[from] item: Leftovers
|upkeep
|
|t:|1779803908
|switch|p1a: Kyurem|Kyurem|100/100
|-ability|p1a: Kyurem|Pressure
|turn|6
|
|t:|1779803911
|move|p1a: Kyurem|Icicle Spear|p2a: Lurantis
|-supereffective|p2a: Lurantis
|-damage|p2a: Lurantis|12/100
|-supereffective|p2a: Lurantis
|-damage|p2a: Lurantis|3/100
|-supereffective|p2a: Lurantis
|-damage|p2a: Lurantis|0 fnt
|faint|p2a: Lurantis
|-hitcount|p2: Lurantis|3
|
|upkeep
|
|t:|1779803919
|switch|p2a: Dusclops|Dusclops, M|100/100
|-damage|p2a: Dusclops|88/100|[from] Stealth Rock
|-ability|p2a: Dusclops|Pressure
|turn|7
|
|t:|1779803929
|move|p1a: Kyurem|Icicle Spear|p2a: Dusclops
|-damage|p2a: Dusclops|81/100
|-damage|p2a: Dusclops|75/100
|-damage|p2a: Dusclops|68/100
|-damage|p2a: Dusclops|61/100
|-hitcount|p2a: Dusclops|4
|move|p2a: Dusclops|Will-O-Wisp|p1a: Kyurem
|-status|p1a: Kyurem|brn
|
|-damage|p1a: Kyurem|94/100 brn|[from] brn
|upkeep
|turn|8
|
|t:|1779803937
|move|p1a: Kyurem|Earth Power|p2a: Dusclops
|-damage|p2a: Dusclops|44/100
|-unboost|p2a: Dusclops|spd|1
|move|p2a: Dusclops|Pain Split|p1a: Kyurem
|-sethp|p1a: Kyurem|63/100 brn|[from] move: Pain Split|[silent]
|-sethp|p2a: Dusclops|87/100|[from] move: Pain Split
|
|-damage|p1a: Kyurem|57/100 brn|[from] brn
|upkeep
|turn|9
|
|t:|1779803952
|switch|p2a: Cinccino|Cinccino, M|100/100
|-damage|p2a: Cinccino|88/100|[from] Stealth Rock
|move|p1a: Kyurem|Earth Power|p2a: Cinccino
|-damage|p2a: Cinccino|43/100
|
|-damage|p1a: Kyurem|51/100 brn|[from] brn
|upkeep
|turn|10
|
|t:|1779803969
|move|p2a: Cinccino|Rock Blast|p1a: Kyurem
|-supereffective|p1a: Kyurem
|-damage|p1a: Kyurem|30/100 brn
|-supereffective|p1a: Kyurem
|-damage|p1a: Kyurem|6/100 brn
|-supereffective|p1a: Kyurem
|-damage|p1a: Kyurem|0 fnt
|faint|p1a: Kyurem
|-hitcount|p1: Kyurem|3
|
|upkeep
|inactive|hyp4roffender has 120 seconds left.
|
|t:|1779804015
|switch|p1a: Kommo-o|Kommo-o, F|100/100
|turn|11
|
|t:|1779804019
|move|p2a: Cinccino|Tidy Up|p2a: Cinccino
|-sideend|p2: Volga123|Stealth Rock
|-activate|p2a: Cinccino|move: Tidy Up
|-boost|p2a: Cinccino|atk|1
|-boost|p2a: Cinccino|spe|1
|move|p1a: Kommo-o|Clangorous Soul|p1a: Kommo-o
|-boost|p1a: Kommo-o|atk|1
|-boost|p1a: Kommo-o|def|1
|-boost|p1a: Kommo-o|spa|1
|-boost|p1a: Kommo-o|spd|1
|-boost|p1a: Kommo-o|spe|1
|-damage|p1a: Kommo-o|68/100
|
|-heal|p1a: Kommo-o|74/100|[from] item: Leftovers
|upkeep
|turn|12
|inactive|hyp4roffender has 120 seconds left.
|
|t:|1779804034
|-terastallize|p2a: Cinccino|Ghost
|-terastallize|p1a: Kommo-o|Ghost
|move|p2a: Cinccino|Tail Slap|p1a: Kommo-o
|-immune|p1a: Kommo-o
|move|p1a: Kommo-o|Drain Punch|p2a: Cinccino
|-immune|p2a: Cinccino
|
|-heal|p1a: Kommo-o|80/100|[from] item: Leftovers
|upkeep
|turn|13
|
|t:|1779804044
|move|p2a: Cinccino|Rock Blast|p1a: Kommo-o
|-damage|p1a: Kommo-o|70/100
|-damage|p1a: Kommo-o|61/100
|-damage|p1a: Kommo-o|53/100
|-damage|p1a: Kommo-o|43/100
|-hitcount|p1a: Kommo-o|4
|move|p1a: Kommo-o|Shadow Claw|p2a: Cinccino
|-supereffective|p2a: Cinccino
|-damage|p2a: Cinccino|0 fnt
|faint|p2a: Cinccino
|
|-heal|p1a: Kommo-o|49/100|[from] item: Leftovers
|upkeep
|
|t:|1779804057
|switch|p2a: Dusclops|Dusclops, M|87/100
|-ability|p2a: Dusclops|Pressure
|turn|14
|
|t:|1779804059
|move|p1a: Kommo-o|Substitute|p1a: Kommo-o
|-start|p1a: Kommo-o|Substitute
|-damage|p1a: Kommo-o|24/100
|move|p2a: Dusclops|Will-O-Wisp||[still]
|-fail|p2a: Dusclops
|
|-heal|p1a: Kommo-o|31/100|[from] item: Leftovers
|upkeep
|turn|15
|
|t:|1779804065
|move|p1a: Kommo-o|Shadow Claw|p2a: Dusclops
|-supereffective|p2a: Dusclops
|-damage|p2a: Dusclops|51/100
|move|p2a: Dusclops|Night Shade|p1a: Kommo-o
|-end|p1a: Kommo-o|Substitute
|
|-heal|p1a: Kommo-o|37/100|[from] item: Leftovers
|upkeep
|turn|16
|
|t:|1779804075
|move|p1a: Kommo-o|Clangorous Soul|p1a: Kommo-o
|-boost|p1a: Kommo-o|atk|1
|-boost|p1a: Kommo-o|def|1
|-boost|p1a: Kommo-o|spa|1
|-boost|p1a: Kommo-o|spd|1
|-boost|p1a: Kommo-o|spe|1
|-damage|p1a: Kommo-o|4/100
|move|p2a: Dusclops|Night Shade|p1a: Kommo-o
|-damage|p1a: Kommo-o|0 fnt
|faint|p1a: Kommo-o
|
|upkeep
|
|t:|1779804083
|switch|p1a: Kingambit|Kingambit, M|100/100
|-activate|p1a: Kingambit|ability: Supreme Overlord
|-start|p1a: Kingambit|fallen3|[silent]
|turn|17
|
|t:|1779804101
|move|p1a: Kingambit|Iron Head|p2a: Dusclops
|-damage|p2a: Dusclops|21/100
|move|p2a: Dusclops|Pain Split|p1a: Kingambit
|-sethp|p1a: Kingambit|59/100|[from] move: Pain Split|[silent]
|-sethp|p2a: Dusclops|71/100|[from] move: Pain Split
|
|-heal|p1a: Kingambit|65/100|[from] item: Leftovers
|upkeep
|turn|18
|
|t:|1779804110
|move|p1a: Kingambit|Swords Dance|p1a: Kingambit
|-boost|p1a: Kingambit|atk|2
|move|p2a: Dusclops|Will-O-Wisp|p1a: Kingambit
|-status|p1a: Kingambit|brn
|
|-heal|p1a: Kingambit|71/100 brn|[from] item: Leftovers
|-damage|p1a: Kingambit|65/100 brn|[from] brn
|upkeep
|turn|19
|
|t:|1779804114
|move|p1a: Kingambit|Iron Head|p2a: Dusclops
|-damage|p2a: Dusclops|40/100
|cant|p2a: Dusclops|flinch
|
|-heal|p1a: Kingambit|71/100 brn|[from] item: Leftovers
|-damage|p1a: Kingambit|65/100 brn|[from] brn
|upkeep
|turn|20
|
|t:|1779804119
|move|p1a: Kingambit|Swords Dance|p1a: Kingambit
|-boost|p1a: Kingambit|atk|2
|move|p2a: Dusclops|Curse|p1a: Kingambit
|-start|p1a: Kingambit|Curse|[of] p2a: Dusclops
|-damage|p2a: Dusclops|0 fnt
|faint|p2a: Dusclops
|
|-heal|p1a: Kingambit|71/100 brn|[from] item: Leftovers
|-damage|p1a: Kingambit|65/100 brn|[from] brn
|-damage|p1a: Kingambit|40/100 brn|[from] Curse
|upkeep
|
|t:|1779804128
|switch|p2a: Arcanine|Arcanine-Hisui, F|100/100
|turn|21
|
|t:|1779804133
|move|p2a: Arcanine|Extreme Speed|p1a: Kingambit
|-resisted|p1a: Kingambit
|-damage|p1a: Kingambit|24/100 brn
|move|p1a: Kingambit|Sucker Punch||[still]
|-fail|p1a: Kingambit
|
|-heal|p1a: Kingambit|30/100 brn|[from] item: Leftovers
|-damage|p1a: Kingambit|24/100 brn|[from] brn
|-damage|p1a: Kingambit|0 fnt|[from] Curse
|faint|p1a: Kingambit
|-end|p1a: Kingambit|fallen3|[silent]
|upkeep
|
|t:|1779804145
|switch|p1a: Iron Valiant|Iron Valiant|100/100
|-enditem|p1a: Iron Valiant|Booster Energy
|-activate|p1a: Iron Valiant|ability: Quark Drive|[fromitem]
|-start|p1a: Iron Valiant|quarkdrivespe
|turn|22
|
|t:|1779804159
|-end|p1a: Iron Valiant|Quark Drive|[silent]
|switch|p1a: Iron Crown|Iron Crown|100/100
|-enditem|p1a: Iron Crown|Booster Energy
|-activate|p1a: Iron Crown|ability: Quark Drive|[fromitem]
|-start|p1a: Iron Crown|quarkdrivespe
|move|p2a: Arcanine|Extreme Speed|p1a: Iron Crown
|-resisted|p1a: Iron Crown
|-damage|p1a: Iron Crown|81/100
|
|upkeep
|turn|23
|
|t:|1779804163
|switch|p2a: Milotic|Milotic, M|50/100
|move|p1a: Iron Crown|Calm Mind|p1a: Iron Crown
|-boost|p1a: Iron Crown|spa|1
|-boost|p1a: Iron Crown|spd|1
|
|upkeep
|turn|24
|
|t:|1779804168
|move|p1a: Iron Crown|Psychic Noise|p2a: Milotic
|-damage|p2a: Milotic|26/100
|-start|p2a: Milotic|move: Heal Block
|move|p2a: Milotic|Alluring Voice|p1a: Iron Crown
|-resisted|p1a: Iron Crown
|-damage|p1a: Iron Crown|73/100
|
|upkeep
|turn|25
|
|t:|1779804177
|move|p1a: Iron Crown|Calm Mind|p1a: Iron Crown
|-boost|p1a: Iron Crown|spa|1
|-boost|p1a: Iron Crown|spd|1
|move|p2a: Milotic|Scald|p1a: Iron Crown
|-damage|p1a: Iron Crown|55/100
|
|-end|p2a: Milotic|move: Heal Block
|upkeep
|turn|26
|
|t:|1779804180
|move|p1a: Iron Crown|Psychic Noise|p2a: Milotic
|-damage|p2a: Milotic|0 fnt
|faint|p2a: Milotic
|
|upkeep
|
|t:|1779804181
|switch|p2a: Clodsire|Clodsire, M|100/100
|turn|27
|
|t:|1779804184
|move|p1a: Iron Crown|Psychic Noise|p2a: Clodsire
|-supereffective|p2a: Clodsire
|-damage|p2a: Clodsire|0 fnt
|faint|p2a: Clodsire
|
|upkeep
|-message|Volga123 forfeited.
|
|win|hyp4roffender
|raw|hyp4roffender's rating: 1379 &rarr; <strong>1398</strong><br />(+19 for winning)
|raw|Volga123's rating: 1370 &rarr; <strong>1351</strong><br />(-19 for losing)
|l|☆Volga123
|player|p2|
|l|‽hyp4roffender
|player|p1|
