|j|☆Naturmacht
|j|‽Bumulus
|t:|1779913761
|gametype|singles
|player|p1|Naturmacht|drake-gen3|1431
|player|p2|Bumulus|266|1477
|gen|9
|tier|[Gen 9] OU
|rated|
|rule|HP Percentage Mod: HP is shown in percentages
|rule|Endless Battle Clause: Forcing endless battles is banned
|rule|Species Clause: Limit one of each Pokémon
|rule|OHKO Clause: OHKO moves are banned
|rule|Evasion Items Clause: Evasion items are banned
|rule|Evasion Moves Clause: Evasion moves are banned
|rule|Evasion Abilities Clause: Evasion abilities are banned
|rule|Sleep Moves Clause: Sleep-inducing moves are banned
|clearpoke
|poke|p1|Rillaboom, M|
|poke|p1|Hatterene, F|
|poke|p1|Heatran, M|
|poke|p1|Clodsire, M|
|poke|p1|Corviknight, M|
|poke|p1|Ogerpon-Wellspring, F|
|poke|p2|Dragonite, M|
|poke|p2|Great Tusk|
|poke|p2|Deoxys-Speed|
|poke|p2|Gholdengo|
|poke|p2|Zamazenta-*|
|poke|p2|Iron Valiant|
|teampreview
|inactive|Battle timer is ON: inactive players will automatically lose when time's up. (requested by Naturmacht)
|
|t:|1779913788
|teamsize|p1|6
|teamsize|p2|6
|start
|switch|p1a: Rillaboom|Rillaboom, M|100/100
|switch|p2a: Deoxys|Deoxys-Speed|100/100
|-ability|p2a: Deoxys|Pressure
|-fieldstart|move: Grassy Terrain|[from] ability: Grassy Surge|[of] p1a: Rillaboom
|turn|1
|
|t:|1779913795
|switch|p2a: Gholdengo|Gholdengo|100/100
|move|p1a: Rillaboom|Knock Off|p2a: Gholdengo
|-supereffective|p2a: Gholdengo
|-damage|p2a: Gholdengo|43/100
|-enditem|p2a: Gholdengo|Custap Berry|[from] move: Knock Off|[of] p1a: Rillaboom
|
|-heal|p2a: Gholdengo|49/100|[from] Grassy Terrain
|upkeep
|turn|2
|
|t:|1779913803
|move|p1a: Rillaboom|Knock Off|p2a: Gholdengo
|-supereffective|p2a: Gholdengo
|-damage|p2a: Gholdengo|10/100
|move|p2a: Gholdengo|Recover|p2a: Gholdengo
|-heal|p2a: Gholdengo|60/100
|
|-heal|p2a: Gholdengo|66/100|[from] Grassy Terrain
|upkeep
|turn|3
|
|t:|1779913810
|move|p1a: Rillaboom|U-turn|p2a: Gholdengo
|-resisted|p2a: Gholdengo
|-damage|p2a: Gholdengo|61/100
|
|t:|1779913813
|switch|p1a: Heatran|Heatran, M|100/100|[from] U-turn
|move|p2a: Gholdengo|Recover|p2a: Gholdengo
|-heal|p2a: Gholdengo|100/100
|
|upkeep
|turn|4
|inactive|Bumulus has 120 seconds left.
|
|t:|1779913843
|switch|p2a: Deoxys|Deoxys-Speed|100/100
|-ability|p2a: Deoxys|Pressure
|move|p1a: Heatran|Magma Storm|p2a: Deoxys
|-damage|p2a: Deoxys|45/100
|-activate|p2a: Deoxys|move: Magma Storm|[of] p1a: Heatran
|
|-heal|p2a: Deoxys|51/100|[from] Grassy Terrain
|-damage|p2a: Deoxys|39/100|[from] move: Magma Storm|[partiallytrapped]
|upkeep
|turn|5
|
|t:|1779913855
|move|p2a: Deoxys|Stealth Rock|p1a: Heatran
|-sidestart|p1: Naturmacht|move: Stealth Rock
|move|p1a: Heatran|Stealth Rock|p2a: Deoxys
|-sidestart|p2: Bumulus|move: Stealth Rock
|
|-heal|p2a: Deoxys|45/100|[from] Grassy Terrain
|-damage|p2a: Deoxys|33/100|[from] move: Magma Storm|[partiallytrapped]
|upkeep
|turn|6
|
|t:|1779913862
|move|p2a: Deoxys|Skill Swap|p1a: Heatran
|-activate|p2a: Deoxys|Skill Swap|Flash Fire|Pressure|[of] p1a: Heatran
|-ability|p1a: Heatran|Pressure
|move|p1a: Heatran|Magma Storm|p2a: Deoxys
|-start|p2a: Deoxys|ability: Flash Fire
|
|-heal|p2a: Deoxys|38/100|[from] Grassy Terrain
|-damage|p2a: Deoxys|26/100|[from] move: Magma Storm|[partiallytrapped]
|upkeep
|turn|7
|
|t:|1779913871
|move|p2a: Deoxys|Skill Swap|p1a: Heatran
|-activate|p2a: Deoxys|Skill Swap|Pressure|Flash Fire|[of] p1a: Heatran
|-end|p2a: Deoxys|ability: Flash Fire|[silent]
|-ability|p2a: Deoxys|Pressure
|move|p1a: Heatran|Earth Power|p2a: Deoxys
|-damage|p2a: Deoxys|0 fnt
|faint|p2a: Deoxys
|
|upkeep
|
|t:|1779913878
|switch|p2a: Zamazenta|Zamazenta|100/100
|-damage|p2a: Zamazenta|94/100|[from] Stealth Rock
|-ability|p2a: Zamazenta|Dauntless Shield|boost
|-boost|p2a: Zamazenta|def|1
|turn|8
|
|t:|1779913887
|switch|p1a: Clodsire|Clodsire, M|100/100
|-damage|p1a: Clodsire|94/100|[from] Stealth Rock
|move|p2a: Zamazenta|Close Combat|p1a: Clodsire
|-resisted|p1a: Clodsire
|-damage|p1a: Clodsire|45/100
|-unboost|p2a: Zamazenta|def|1
|-unboost|p2a: Zamazenta|spd|1
|-damage|p2a: Zamazenta|84/100|[from] item: Life Orb
|
|-heal|p2a: Zamazenta|91/100|[from] Grassy Terrain
|-heal|p1a: Clodsire|51/100|[from] Grassy Terrain
|-heal|p1a: Clodsire|57/100|[from] item: Leftovers
|-fieldend|move: Grassy Terrain
|upkeep
|turn|9
|
|t:|1779913904
|switch|p1a: Corviknight|Corviknight, M|100/100
|-damage|p1a: Corviknight|88/100|[from] Stealth Rock
|-ability|p1a: Corviknight|Pressure
|move|p2a: Zamazenta|Ice Fang|p1a: Corviknight
|-damage|p1a: Corviknight|71/100
|-damage|p2a: Zamazenta|74/100|[from] item: Rocky Helmet|[of] p1a: Corviknight
|-damage|p2a: Zamazenta|64/100|[from] item: Life Orb
|
|upkeep
|turn|10
|
|t:|1779913917
|move|p2a: Zamazenta|Close Combat|p1a: Corviknight
|-damage|p1a: Corviknight|20/100
|-unboost|p2a: Zamazenta|def|1
|-unboost|p2a: Zamazenta|spd|1
|-damage|p2a: Zamazenta|48/100|[from] item: Rocky Helmet|[of] p1a: Corviknight
|-damage|p2a: Zamazenta|38/100|[from] item: Life Orb
|move|p1a: Corviknight|Roost|p1a: Corviknight
|-heal|p1a: Corviknight|70/100
|-singleturn|p1a: Corviknight|move: Roost
|
|upkeep
|turn|11
|
|t:|1779913931
|move|p2a: Zamazenta|Close Combat|p1a: Corviknight
|-damage|p1a: Corviknight|19/100
|-unboost|p2a: Zamazenta|def|1
|-unboost|p2a: Zamazenta|spd|1
|-damage|p2a: Zamazenta|21/100|[from] item: Rocky Helmet|[of] p1a: Corviknight
|-damage|p2a: Zamazenta|11/100|[from] item: Life Orb
|move|p1a: Corviknight|Defog|p2a: Zamazenta
|-unboost|p2a: Zamazenta|evasion|1
|-sideend|p2: Bumulus|Stealth Rock|[from] move: Defog|[of] p1a: Corviknight
|-sideend|p1: Naturmacht|Stealth Rock|[from] move: Defog|[of] p1a: Corviknight
|
|upkeep
|turn|12
|
|t:|1779913944
|switch|p1a: Hatterene|Hatterene, F|100/100
|move|p2a: Zamazenta|Close Combat|p1a: Hatterene
|-resisted|p1a: Hatterene
|-damage|p1a: Hatterene|84/100
|-unboost|p2a: Zamazenta|def|1
|-unboost|p2a: Zamazenta|spd|1
|-damage|p2a: Zamazenta|1/100|[from] item: Life Orb
|
|-heal|p1a: Hatterene|90/100|[from] item: Leftovers
|upkeep
|turn|13
|
|t:|1779913961
|move|p2a: Zamazenta|Heavy Slam|p1a: Hatterene
|-supereffective|p1a: Hatterene
|-damage|p1a: Hatterene|0 fnt
|faint|p1a: Hatterene
|-damage|p2a: Zamazenta|0 fnt|[from] item: Life Orb
|faint|p2a: Zamazenta
|
|upkeep
|
|t:|1779913976
|switch|p2a: Gholdengo|Gholdengo|100/100
|switch|p1a: Ogerpon|Ogerpon-Wellspring, F|100/100
|turn|14
|
|t:|1779913986
|switch|p1a: Heatran|Heatran, M|100/100
|move|p2a: Gholdengo|Shadow Ball|p1a: Heatran
|-damage|p1a: Heatran|75/100
|
|-heal|p1a: Heatran|82/100|[from] item: Leftovers
|upkeep
|turn|15
|
|t:|1779913994
|move|p2a: Gholdengo|Shadow Ball|p1a: Heatran
|-damage|p1a: Heatran|58/100
|move|p1a: Heatran|Magma Storm|p2a: Gholdengo
|-supereffective|p2a: Gholdengo
|-damage|p2a: Gholdengo|8/100
|-activate|p2a: Gholdengo|move: Magma Storm|[of] p1a: Heatran
|
|-heal|p1a: Heatran|64/100|[from] item: Leftovers
|-damage|p2a: Gholdengo|0 fnt|[from] move: Magma Storm|[partiallytrapped]
|faint|p2a: Gholdengo
|upkeep
|
|t:|1779913997
|switch|p2a: Great Tusk|Great Tusk|100/100
|-enditem|p2a: Great Tusk|Booster Energy
|-activate|p2a: Great Tusk|ability: Protosynthesis|[fromitem]
|-start|p2a: Great Tusk|protosynthesisspe
|turn|16
|
|t:|1779914008
|switch|p1a: Corviknight|Corviknight, M|19/100
|-ability|p1a: Corviknight|Pressure
|move|p2a: Great Tusk|Bulk Up|p2a: Great Tusk
|-boost|p2a: Great Tusk|atk|1
|-boost|p2a: Great Tusk|def|1
|
|upkeep
|turn|17
|
|t:|1779914015
|move|p2a: Great Tusk|Ice Spinner|p1a: Corviknight
|-damage|p1a: Corviknight|0 fnt
|-damage|p2a: Great Tusk|84/100|[from] item: Rocky Helmet|[of] p1a: Corviknight
|faint|p1a: Corviknight
|
|upkeep
|
|t:|1779914021
|switch|p1a: Rillaboom|Rillaboom, M|100/100
|-fieldstart|move: Grassy Terrain|[from] ability: Grassy Surge|[of] p1a: Rillaboom
|turn|18
|
|t:|1779914031
|move|p2a: Great Tusk|Ice Spinner|p1a: Rillaboom
|-supereffective|p1a: Rillaboom
|-damage|p1a: Rillaboom|36/100
|-fieldend|move: Grassy Terrain
|move|p1a: Rillaboom|Leech Seed|p2a: Great Tusk
|-start|p2a: Great Tusk|move: Leech Seed
|
|-damage|p2a: Great Tusk|71/100|[from] Leech Seed|[of] p1a: Rillaboom
|-heal|p1a: Rillaboom|49/100|[silent]
|upkeep
|turn|19
|
|t:|1779914050
|-end|p2a: Great Tusk|Protosynthesis|[silent]
|switch|p2a: Iron Valiant|Iron Valiant|100/100
|-enditem|p2a: Iron Valiant|Booster Energy
|-activate|p2a: Iron Valiant|ability: Quark Drive|[fromitem]
|-start|p2a: Iron Valiant|quarkdrivespe
|switch|p1a: Heatran|Heatran, M|64/100
|
|-heal|p1a: Heatran|70/100|[from] item: Leftovers
|upkeep
|turn|20
|
|t:|1779914058
|move|p2a: Iron Valiant|Knock Off|p1a: Heatran
|-damage|p1a: Heatran|46/100
|-enditem|p1a: Heatran|Leftovers|[from] move: Knock Off|[of] p2a: Iron Valiant
|move|p1a: Heatran|Magma Storm|p2a: Iron Valiant
|-damage|p2a: Iron Valiant|9/100
|-activate|p2a: Iron Valiant|move: Magma Storm|[of] p1a: Heatran
|
|-damage|p2a: Iron Valiant|0 fnt|[from] move: Magma Storm|[partiallytrapped]
|faint|p2a: Iron Valiant
|-end|p2a: Iron Valiant|Quark Drive|[silent]
|upkeep
|
|t:|1779914062
|switch|p2a: Great Tusk|Great Tusk|71/100
|turn|21
|
|t:|1779914069
|move|p2a: Great Tusk|Headlong Rush|p1a: Heatran
|-supereffective|p1a: Heatran
|-damage|p1a: Heatran|0 fnt
|-unboost|p2a: Great Tusk|def|1
|-unboost|p2a: Great Tusk|spd|1
|faint|p1a: Heatran
|
|upkeep
|
|t:|1779914076
|switch|p1a: Ogerpon|Ogerpon-Wellspring, F|100/100
|turn|22
|
|t:|1779914088
|move|p1a: Ogerpon|Swords Dance|p1a: Ogerpon
|-boost|p1a: Ogerpon|atk|2
|move|p2a: Great Tusk|Ice Spinner|p1a: Ogerpon
|-damage|p1a: Ogerpon|72/100
|
|upkeep
|turn|23
|
|t:|1779914095
|move|p1a: Ogerpon|Horn Leech|p2a: Great Tusk
|-supereffective|p2a: Great Tusk
|-damage|p2a: Great Tusk|0 fnt
|-heal|p1a: Ogerpon|100/100|[from] drain|[of] p2a: Great Tusk
|faint|p2a: Great Tusk
|-end|p2a: Great Tusk|Protosynthesis|[silent]
|
|upkeep
|
|t:|1779914097
|switch|p2a: Dragonite|Dragonite, M|100/100
|turn|24
|
|t:|1779914104
|switch|p1a: Rillaboom|Rillaboom, M|49/100
|-fieldstart|move: Grassy Terrain|[from] ability: Grassy Surge|[of] p1a: Rillaboom
|move|p2a: Dragonite|Dragon Dance|p2a: Dragonite
|-boost|p2a: Dragonite|atk|1
|-boost|p2a: Dragonite|spe|1
|
|-heal|p1a: Rillaboom|56/100|[from] Grassy Terrain
|upkeep
|turn|25
|
|t:|1779914112
|move|p2a: Dragonite|Extreme Speed|p1a: Rillaboom
|-damage|p1a: Rillaboom|2/100
|-damage|p2a: Dragonite|91/100|[from] item: Life Orb
|move|p1a: Rillaboom|Leech Seed|p2a: Dragonite
|-start|p2a: Dragonite|move: Leech Seed
|
|-heal|p1a: Rillaboom|9/100|[from] Grassy Terrain
|-damage|p2a: Dragonite|78/100|[from] Leech Seed|[of] p1a: Rillaboom
|-heal|p1a: Rillaboom|19/100|[silent]
|upkeep
|turn|26
|
|t:|1779914128
|move|p2a: Dragonite|Extreme Speed|p1a: Rillaboom
|-damage|p1a: Rillaboom|0 fnt
|faint|p1a: Rillaboom
|-damage|p2a: Dragonite|68/100|[from] item: Life Orb
|
|upkeep
|
|t:|1779914134
|switch|p1a: Clodsire|Clodsire, M|57/100
|turn|27
|
|t:|1779914138
|move|p2a: Dragonite|Outrage|p1a: Clodsire
|-damage|p1a: Clodsire|0 fnt
|faint|p1a: Clodsire
|-damage|p2a: Dragonite|58/100|[from] item: Life Orb
|
|upkeep
|
|t:|1779914144
|switch|p1a: Ogerpon|Ogerpon-Wellspring, F|100/100
|turn|28
|
|t:|1779914149
|-terastallize|p1a: Ogerpon|Water
|detailschange|p1a: Ogerpon|Ogerpon-Wellspring-Tera, F, tera:Water
|-ability|p1a: Ogerpon|Embody Aspect (Wellspring)|boost
|-boost|p1a: Ogerpon|spd|1
|move|p2a: Dragonite|Outrage|p1a: Ogerpon|[from] lockedmove
|-damage|p1a: Ogerpon|0 fnt
|faint|p1a: Ogerpon
|detailschange|p1: Ogerpon|Ogerpon-Wellspring, F|[silent]
|-damage|p2a: Dragonite|48/100|[from] item: Life Orb
|-start|p2a: Dragonite|confusion|[fatigue]
|
|win|Bumulus
|raw|Naturmacht's rating: 1431 &rarr; <strong>1414</strong><br />(-17 for losing)
|raw|Bumulus's rating: 1477 &rarr; <strong>1494</strong><br />(+17 for winning)
|c|☆Naturmacht|gg
|l|‽Bumulus
|player|p2|
