|j|☆fregene97
|j|☆blazingshadow46
|t:|1779802866
|gametype|singles
|player|p1|fregene97|youngster-gen4dp|1300
|player|p2|blazingshadow46|byron|1344
|gen|9
|tier|[Gen 9] OU
|rated|
|rule|HP Percentage Mod: HP is shown in percentages
|rule|Endless Battle Clause: Forcing endless battles is banned
|rule|Species Clause: Limit one of each Pokémon
|rule|OHKO Clause: OHKO moves are banned
|rule|Evasion Items Clause: Evasion items are banned
|rule|Evasion Moves Clause: Evasion moves are banned
|rule|Evasion Abilities Clause: Evasion abilities are banned
|rule|Sleep Moves Clause: Sleep-inducing moves are banned
|clearpoke
|poke|p1|Raging Bolt|
|poke|p1|Ceruledge, F|
|poke|p1|Iron Leaves|
|poke|p1|Kingambit, M|
|poke|p1|Glimmora, M|
|poke|p1|Greninja-*, M|
|poke|p2|Garchomp, M|
|poke|p2|Sableye, M|
|poke|p2|Cyclizar, F|
|poke|p2|Scizor, F|
|poke|p2|Reuniclus, F|
|poke|p2|Salamence, M|
|teampreview
|inactive|Battle timer is ON: inactive players will automatically lose when time's up. (requested by blazingshadow46)
|
|t:|1779802873
|teamsize|p1|6
|teamsize|p2|6
|start
|switch|p1a: Greninja|Greninja, M|100/100
|switch|p2a: Reuniclus|Reuniclus, F|100/100
|turn|1
|
|t:|1779802884
|move|p1a: Greninja|Dark Pulse|p2a: Reuniclus
|-supereffective|p2a: Reuniclus
|-damage|p2a: Reuniclus|22/100
|-damage|p1a: Greninja|91/100|[from] item: Life Orb
|move|p2a: Reuniclus|Focus Blast|p1a: Greninja
|-supereffective|p1a: Greninja
|-damage|p1a: Greninja|0 fnt
|faint|p1a: Greninja
|
|upkeep
|
|t:|1779802887
|switch|p1a: Glimmora|Glimmora, M|100/100
|turn|2
|
|t:|1779802889
|move|p1a: Glimmora|Meteor Beam||[still]
|-prepare|p1a: Glimmora|Meteor Beam
|-boost|p1a: Glimmora|spa|1
|-enditem|p1a: Glimmora|Power Herb
|-anim|p1a: Glimmora|Meteor Beam|p2a: Reuniclus
|-damage|p2a: Reuniclus|0 fnt
|faint|p2a: Reuniclus
|
|upkeep
|
|t:|1779802894
|switch|p2a: Sableye|Sableye, M|100/100
|turn|3
|
|t:|1779802897
|move|p2a: Sableye|Encore|p1a: Glimmora
|-start|p1a: Glimmora|Encore
|move|p1a: Glimmora|Meteor Beam||[still]
|-prepare|p1a: Glimmora|Meteor Beam
|-boost|p1a: Glimmora|spa|1
|
|upkeep
|turn|4
|
|t:|1779802902
|switch|p2a: Garchomp|Garchomp, M|100/100
|move|p1a: Glimmora|Meteor Beam|p2a: Garchomp|[from] lockedmove
|-resisted|p2a: Garchomp
|-crit|p2a: Garchomp
|-damage|p2a: Garchomp|14/100
|
|upkeep
|turn|5
|
|t:|1779802906
|-terastallize|p1a: Glimmora|Ghost
|move|p1a: Glimmora|Meteor Beam||[still]
|-prepare|p1a: Glimmora|Meteor Beam
|-boost|p1a: Glimmora|spa|1
|move|p2a: Garchomp|Earthquake|p1a: Glimmora
|-damage|p1a: Glimmora|48/100
|-activate|p1a: Glimmora|ability: Toxic Debris
|-sidestart|p2: blazingshadow46|move: Toxic Spikes
|
|-end|p1a: Glimmora|Encore
|upkeep
|turn|6
|
|t:|1779802916
|move|p1a: Glimmora|Meteor Beam|p2a: Garchomp|[from] lockedmove
|-resisted|p2a: Garchomp
|-damage|p2a: Garchomp|0 fnt
|faint|p2a: Garchomp
|
|upkeep
|
|t:|1779802919
|switch|p2a: Salamence|Salamence, M|100/100
|turn|7
|
|t:|1779802923
|move|p2a: Salamence|Earthquake|p1a: Glimmora
|-damage|p1a: Glimmora|7/100
|-activate|p1a: Glimmora|ability: Toxic Debris
|-sidestart|p2: blazingshadow46|move: Toxic Spikes
|move|p1a: Glimmora|Mortal Spin|p2a: Salamence
|-damage|p2a: Salamence|93/100
|-status|p2a: Salamence|psn
|
|-damage|p2a: Salamence|81/100 psn|[from] psn
|upkeep
|turn|8
|
|t:|1779802933
|switch|p1a: Iron Leaves|Iron Leaves|100/100
|-enditem|p1a: Iron Leaves|Booster Energy
|-activate|p1a: Iron Leaves|ability: Quark Drive|[fromitem]
|-start|p1a: Iron Leaves|quarkdrivespe
|move|p2a: Salamence|Earthquake|p1a: Iron Leaves
|-resisted|p1a: Iron Leaves
|-damage|p1a: Iron Leaves|82/100
|
|-damage|p2a: Salamence|68/100 psn|[from] psn
|upkeep
|turn|9
|
|t:|1779802960
|-terastallize|p2a: Salamence|Steel
|move|p1a: Iron Leaves|Psyblade|p2a: Salamence
|-resisted|p2a: Salamence
|-damage|p2a: Salamence|43/100 psn
|move|p2a: Salamence|Dual Wingbeat|p1a: Iron Leaves
|-supereffective|p1a: Iron Leaves
|-damage|p1a: Iron Leaves|35/100
|-supereffective|p1a: Iron Leaves
|-damage|p1a: Iron Leaves|0 fnt
|faint|p1a: Iron Leaves
|-end|p1a: Iron Leaves|Quark Drive|[silent]
|-ability|p2a: Salamence|Moxie|boost
|-boost|p2a: Salamence|atk|1
|-hitcount|p1: Iron Leaves|2
|
|-damage|p2a: Salamence|31/100 psn|[from] psn
|upkeep
|
|t:|1779802963
|switch|p1a: Ceruledge|Ceruledge, F|100/100
|turn|10
|
|t:|1779802965
|move|p1a: Ceruledge|Shadow Sneak|p2a: Salamence
|-damage|p2a: Salamence|7/100 psn
|move|p2a: Salamence|Earthquake|p1a: Ceruledge
|-supereffective|p1a: Ceruledge
|-enditem|p1a: Ceruledge|Focus Sash
|-damage|p1a: Ceruledge|1/100
|-ability|p1a: Ceruledge|Weak Armor|boost
|-unboost|p1a: Ceruledge|def|1
|-boost|p1a: Ceruledge|spe|2
|
|-damage|p2a: Salamence|0 fnt|[from] psn
|faint|p2a: Salamence
|upkeep
|
|t:|1779802968
|switch|p2a: Scizor|Scizor, F|100/100
|turn|11
|
|t:|1779802975
|move|p1a: Ceruledge|Shadow Sneak|p2a: Scizor
|-damage|p2a: Scizor|81/100
|move|p2a: Scizor|Bullet Punch|p1a: Ceruledge
|-resisted|p1a: Ceruledge
|-damage|p1a: Ceruledge|0 fnt
|faint|p1a: Ceruledge
|
|-heal|p2a: Scizor|87/100|[from] item: Leftovers
|upkeep
|
|t:|1779802979
|switch|p1a: Raging Bolt|Raging Bolt|100/100
|-enditem|p1a: Raging Bolt|Booster Energy
|-activate|p1a: Raging Bolt|ability: Protosynthesis|[fromitem]
|-start|p1a: Raging Bolt|protosynthesisspa
|turn|12
|
|t:|1779802981
|switch|p2a: Cyclizar|Cyclizar, F, shiny|100/100
|-status|p2a: Cyclizar|tox
|move|p1a: Raging Bolt|Thunderbolt|p2a: Cyclizar
|-resisted|p2a: Cyclizar
|-crit|p2a: Cyclizar
|-damage|p2a: Cyclizar|50/100 tox
|
|-damage|p2a: Cyclizar|44/100 tox|[from] psn
|upkeep
|turn|13
|
|t:|1779802985
|move|p2a: Cyclizar|Draco Meteor|p1a: Raging Bolt
|-supereffective|p1a: Raging Bolt
|-damage|p1a: Raging Bolt|18/100
|-unboost|p2a: Cyclizar|spa|2
|move|p1a: Raging Bolt|Dragon Pulse|p2a: Cyclizar
|-supereffective|p2a: Cyclizar
|-damage|p2a: Cyclizar|0 fnt
|faint|p2a: Cyclizar
|
|upkeep
|
|t:|1779802991
|switch|p2a: Scizor|Scizor, F|87/100
|turn|14
|
|t:|1779803000
|move|p1a: Raging Bolt|Thunderclap|p2a: Scizor
|-damage|p2a: Scizor|28/100
|move|p2a: Scizor|Bullet Punch|p1a: Raging Bolt
|-resisted|p1a: Raging Bolt
|-damage|p1a: Raging Bolt|3/100
|
|-heal|p2a: Scizor|34/100|[from] item: Leftovers
|upkeep
|turn|15
|-message|blazingshadow46 forfeited.
|
|win|fregene97
|raw|fregene97's rating: 1300 &rarr; <strong>1328</strong><br />(+28 for winning)
|raw|blazingshadow46's rating: 1344 &rarr; <strong>1321</strong><br />(-23 for losing)
|l|☆blazingshadow46
|player|p2|
|l|☆fregene97
|player|p1|
