|j|☆ElectivireGoat
|j|☆draconotmeteor
|t:|1779879803
|gametype|singles
|player|p1|ElectivireGoat|volkner|1377
|player|p2|draconotmeteor|shauntal|1368
|gen|9
|tier|[Gen 9] OU
|rated|
|rule|HP Percentage Mod: HP is shown in percentages
|rule|Endless Battle Clause: Forcing endless battles is banned
|rule|Species Clause: Limit one of each Pokémon
|rule|OHKO Clause: OHKO moves are banned
|rule|Evasion Items Clause: Evasion items are banned
|rule|Evasion Moves Clause: Evasion moves are banned
|rule|Evasion Abilities Clause: Evasion abilities are banned
|rule|Sleep Moves Clause: Sleep-inducing moves are banned
|clearpoke
|poke|p1|Araquanid, F|
|poke|p1|Electivire, F|
|poke|p1|Volcanion|
|poke|p1|Gholdengo|
|poke|p1|Latias, F|
|poke|p1|Great Tusk|
|poke|p2|Gliscor, F|
|poke|p2|Pecharunt|
|poke|p2|Ting-Lu|
|poke|p2|Ogerpon, F|
|poke|p2|Tinkaton, F|
|poke|p2|Infernape, M|
|teampreview
|
|t:|1779879808
|teamsize|p1|6
|teamsize|p2|6
|start
|switch|p1a: Araqnuanid|Araquanid, F, shiny|100/100
|switch|p2a: Tinkaton|Tinkaton, F|100/100
|-ability|p2a: Tinkaton|Mold Breaker
|turn|1
|
|t:|1779879815
|move|p2a: Tinkaton|Stealth Rock|p1a: Araqnuanid
|-sidestart|p1: ElectivireGoat|move: Stealth Rock
|move|p1a: Araqnuanid|Lunge|p2a: Tinkaton
|-resisted|p2a: Tinkaton
|-damage|p2a: Tinkaton|91/100
|-unboost|p2a: Tinkaton|atk|1
|
|upkeep
|turn|2
|
|t:|1779879821
|move|p2a: Tinkaton|Thunder Wave|p1a: Araqnuanid
|-status|p1a: Araqnuanid|par
|move|p1a: Araqnuanid|Liquidation|p2a: Tinkaton
|-damage|p2a: Tinkaton|23/100
|
|upkeep
|turn|3
|
|t:|1779879824
|move|p2a: Tinkaton|Knock Off|p1a: Araqnuanid
|-damage|p1a: Araqnuanid|88/100 par
|-enditem|p1a: Araqnuanid|Focus Sash|[from] move: Knock Off|[of] p2a: Tinkaton
|move|p1a: Araqnuanid|Liquidation|p2a: Tinkaton
|-damage|p2a: Tinkaton|0 fnt
|faint|p2a: Tinkaton
|
|upkeep
|
|t:|1779879836
|switch|p2a: Ting-Lu|Ting-Lu|100/100
|-ability|p2a: Ting-Lu|Vessel of Ruin
|turn|4
|
|t:|1779879838
|move|p2a: Ting-Lu|Spikes|p1a: Araqnuanid
|-sidestart|p1: ElectivireGoat|Spikes
|move|p1a: Araqnuanid|Liquidation|p2a: Ting-Lu
|-supereffective|p2a: Ting-Lu
|-damage|p2a: Ting-Lu|29/100
|
|-heal|p2a: Ting-Lu|36/100|[from] item: Leftovers
|upkeep
|turn|5
|
|t:|1779879841
|move|p2a: Ting-Lu|Spikes|p1a: Araqnuanid
|-sidestart|p1: ElectivireGoat|Spikes
|move|p1a: Araqnuanid|Liquidation|p2a: Ting-Lu
|-supereffective|p2a: Ting-Lu
|-damage|p2a: Ting-Lu|0 fnt
|faint|p2a: Ting-Lu
|
|upkeep
|
|t:|1779879846
|switch|p2a: Pecharunt|Pecharunt|100/100
|turn|6
|
|t:|1779879850
|move|p2a: Pecharunt|Parting Shot|p1a: Araqnuanid
|-unboost|p1a: Araqnuanid|atk|1
|-unboost|p1a: Araqnuanid|spa|1
|
|t:|1779879852
|switch|p2a: Ogerpon|Ogerpon, F|100/100|[from] Parting Shot
|cant|p1a: Araqnuanid|par
|
|upkeep
|turn|7
|
|t:|1779879856
|move|p2a: Ogerpon|U-turn|p1a: Araqnuanid
|-damage|p1a: Araqnuanid|63/100 par
|
|t:|1779879859
|switch|p2a: Pecharunt|Pecharunt|100/100|[from] U-turn
|cant|p1a: Araqnuanid|par
|
|upkeep
|turn|8
|
|t:|1779879864
|move|p2a: Pecharunt|Malignant Chain|p1a: Araqnuanid
|-damage|p1a: Araqnuanid|40/100 par
|cant|p1a: Araqnuanid|par
|
|upkeep
|turn|9
|
|t:|1779879868
|move|p2a: Pecharunt|Malignant Chain|p1a: Araqnuanid
|-damage|p1a: Araqnuanid|17/100 par
|move|p1a: Araqnuanid|Mirror Coat|p2a: Pecharunt
|-damage|p2a: Pecharunt|60/100
|
|upkeep
|turn|10
|
|t:|1779879871
|move|p2a: Pecharunt|Recover|p2a: Pecharunt
|-heal|p2a: Pecharunt|100/100
|cant|p1a: Araqnuanid|par
|
|upkeep
|turn|11
|
|t:|1779879875
|move|p2a: Pecharunt|Malignant Chain|p1a: Araqnuanid
|-damage|p1a: Araqnuanid|0 fnt
|faint|p1a: Araqnuanid
|
|upkeep
|
|t:|1779879882
|switch|p1a: Windblade|Latias, F|100/100
|-damage|p1a: Windblade|88/100|[from] Stealth Rock
|turn|12
|
|t:|1779879888
|-terastallize|p1a: Windblade|Steel
|move|p1a: Windblade|Agility|p1a: Windblade
|-boost|p1a: Windblade|spe|2
|move|p2a: Pecharunt|Malignant Chain|p1a: Windblade
|-immune|p1a: Windblade
|
|upkeep
|turn|13
|
|t:|1779879892
|move|p1a: Windblade|Calm Mind|p1a: Windblade
|-boost|p1a: Windblade|spa|1
|-boost|p1a: Windblade|spd|1
|move|p2a: Pecharunt|Parting Shot|p1a: Windblade
|-unboost|p1a: Windblade|atk|1
|-unboost|p1a: Windblade|spa|1
|
|t:|1779879894
|switch|p2a: Ogerpon|Ogerpon, F|100/100|[from] Parting Shot
|
|upkeep
|turn|14
|
|t:|1779879900
|-terastallize|p2a: Ogerpon|Grass
|detailschange|p2a: Ogerpon|Ogerpon-Teal-Tera, F, tera:Grass
|-ability|p2a: Ogerpon|Embody Aspect (Teal)|boost
|-boost|p2a: Ogerpon|spe|1
|move|p1a: Windblade|Calm Mind|p1a: Windblade
|-boost|p1a: Windblade|spa|1
|-boost|p1a: Windblade|spd|1
|move|p2a: Ogerpon|Encore|p1a: Windblade
|-start|p1a: Windblade|Encore
|
|upkeep
|turn|15
|
|t:|1779879908
|move|p1a: Windblade|Calm Mind|p1a: Windblade
|-boost|p1a: Windblade|spa|1
|-boost|p1a: Windblade|spd|1
|move|p2a: Ogerpon|Knock Off|p1a: Windblade
|-damage|p1a: Windblade|63/100
|-enditem|p1a: Windblade|Weakness Policy|[from] move: Knock Off|[of] p2a: Ogerpon
|
|upkeep
|turn|16
|
|t:|1779879925
|move|p1a: Windblade|Calm Mind|p1a: Windblade
|-boost|p1a: Windblade|spa|1
|-boost|p1a: Windblade|spd|1
|move|p2a: Ogerpon|U-turn|p1a: Windblade
|-resisted|p1a: Windblade
|-damage|p1a: Windblade|53/100
|
|t:|1779879927
|switch|p2a: Infernape|Infernape, M|100/100|[from] U-turn
|
|upkeep
|turn|17
|
|t:|1779879933
|switch|p1a: Volcanion|Volcanion|100/100
|-damage|p1a: Volcanion|76/100|[from] Stealth Rock
|-damage|p1a: Volcanion|59/100|[from] Spikes
|move|p2a: Infernape|Overheat|p1a: Volcanion
|-resisted|p1a: Volcanion
|-damage|p1a: Volcanion|42/100
|-unboost|p2a: Infernape|spa|2
|
|-heal|p1a: Volcanion|48/100|[from] item: Leftovers
|upkeep
|turn|18
|
|t:|1779879938
|switch|p2a: Gliscor|Gliscor, F|100/100
|move|p1a: Volcanion|Steam Eruption|p2a: Gliscor
|-supereffective|p2a: Gliscor
|-damage|p2a: Gliscor|0 fnt
|faint|p2a: Gliscor
|
|-heal|p1a: Volcanion|54/100|[from] item: Leftovers
|upkeep
|
|t:|1779879940
|switch|p2a: Ogerpon|Ogerpon-Teal-Tera, F, tera:Grass|100/100
|-ability|p2a: Ogerpon|Embody Aspect (Teal)|boost
|-boost|p2a: Ogerpon|spe|1
|turn|19
|
|t:|1779879943
|move|p2a: Ogerpon|Ivy Cudgel|p1a: Volcanion
|-damage|p1a: Volcanion|4/100
|move|p1a: Volcanion|Will-O-Wisp|p2a: Ogerpon
|-status|p2a: Ogerpon|brn
|
|-heal|p1a: Volcanion|10/100|[from] item: Leftovers
|-damage|p2a: Ogerpon|95/100 brn|[from] brn
|upkeep
|turn|20
|
|t:|1779879950
|move|p2a: Ogerpon|Knock Off|p1a: Volcanion
|-damage|p1a: Volcanion|0 fnt
|-enditem|p1a: Volcanion|Leftovers|[from] move: Knock Off|[of] p2a: Ogerpon
|faint|p1a: Volcanion
|
|-damage|p2a: Ogerpon|89/100 brn|[from] brn
|upkeep
|
|t:|1779879964
|switch|p1a: Booster Ghold|Gholdengo|100/100
|-damage|p1a: Booster Ghold|94/100|[from] Stealth Rock
|-item|p1a: Booster Ghold|Air Balloon
|turn|21
|
|t:|1779879967
|move|p2a: Ogerpon|U-turn|p1a: Booster Ghold
|-resisted|p1a: Booster Ghold
|-damage|p1a: Booster Ghold|92/100
|-enditem|p1a: Booster Ghold|Air Balloon
|
|t:|1779879969
|switch|p2a: Infernape|Infernape, M|100/100|[from] U-turn
|move|p1a: Booster Ghold|Hex|p2a: Infernape
|-damage|p2a: Infernape|49/100
|
|upkeep
|turn|22
|
|t:|1779879973
|switch|p1a: Windblade|Latias, F, tera:Steel|53/100
|-damage|p1a: Windblade|47/100|[from] Stealth Rock
|move|p2a: Infernape|Overheat|p1a: Windblade
|-supereffective|p1a: Windblade
|-damage|p1a: Windblade|0 fnt
|-unboost|p2a: Infernape|spa|2
|faint|p1a: Windblade
|
|upkeep
|
|t:|1779879978
|switch|p1a: Rapid Spinjitsu|Great Tusk|100/100
|-damage|p1a: Rapid Spinjitsu|98/100|[from] Stealth Rock
|-damage|p1a: Rapid Spinjitsu|81/100|[from] Spikes
|turn|23
|
|t:|1779879981
|switch|p2a: Pecharunt|Pecharunt|100/100
|move|p1a: Rapid Spinjitsu|Earthquake|p2a: Pecharunt
|-supereffective|p2a: Pecharunt
|-damage|p2a: Pecharunt|51/100
|
|upkeep
|turn|24
|
|t:|1779879984
|-end|p1a: Rapid Spinjitsu|Protosynthesis|[silent]
|switch|p1a: Booster Ghold|Gholdengo|92/100
|-damage|p1a: Booster Ghold|86/100|[from] Stealth Rock
|-damage|p1a: Booster Ghold|70/100|[from] Spikes
|move|p2a: Pecharunt|Parting Shot|p1a: Booster Ghold
|-immune|p1a: Booster Ghold|[from] ability: Good as Gold
|
|upkeep
|turn|25
|
|t:|1779879989
|switch|p2a: Ogerpon|Ogerpon-Teal-Tera, F, tera:Grass|89/100 brn
|-ability|p2a: Ogerpon|Embody Aspect (Teal)|boost
|-boost|p2a: Ogerpon|spe|1
|move|p1a: Booster Ghold|Hex|p2a: Ogerpon
|-damage|p2a: Ogerpon|2/100 brn
|
|-damage|p2a: Ogerpon|0 fnt|[from] brn
|faint|p2a: Ogerpon
|detailschange|p2: Ogerpon|Ogerpon, F|[silent]
|upkeep
|
|t:|1779879991
|switch|p2a: Infernape|Infernape, M|49/100
|turn|26
|
|t:|1779879996
|switch|p1a: Alex Voltanovski|Electivire, F|100/100
|-damage|p1a: Alex Voltanovski|88/100|[from] Stealth Rock
|-damage|p1a: Alex Voltanovski|72/100|[from] Spikes
|move|p2a: Infernape|Overheat|p1a: Alex Voltanovski
|-damage|p1a: Alex Voltanovski|0 fnt
|-unboost|p2a: Infernape|spa|2
|faint|p1a: Alex Voltanovski
|
|upkeep
|
|t:|1779879999
|switch|p1a: Rapid Spinjitsu|Great Tusk|81/100
|-damage|p1a: Rapid Spinjitsu|78/100|[from] Stealth Rock
|-damage|p1a: Rapid Spinjitsu|62/100|[from] Spikes
|turn|27
|
|t:|1779880003
|switch|p2a: Pecharunt|Pecharunt|51/100
|move|p1a: Rapid Spinjitsu|Earthquake|p2a: Pecharunt
|-supereffective|p2a: Pecharunt
|-damage|p2a: Pecharunt|0 fnt
|faint|p2a: Pecharunt
|
|upkeep
|
|t:|1779880005
|switch|p2a: Infernape|Infernape, M|49/100
|turn|28
|
|t:|1779880007
|move|p1a: Rapid Spinjitsu|Earthquake|p2a: Infernape
|-supereffective|p2a: Infernape
|-damage|p2a: Infernape|0 fnt
|faint|p2a: Infernape
|
|win|ElectivireGoat
|raw|ElectivireGoat's rating: 1377 &rarr; <strong>1395</strong><br />(+18 for winning)
|raw|draconotmeteor's rating: 1347 &rarr; <strong>1329</strong><br />(-18 for losing)
|l|☆draconotmeteor
|player|p2|
|l|☆ElectivireGoat
|player|p1|
