|j|☆ggs stall!
|j|☆Prtbl_Trash
|t:|1779937017
|gametype|singles
|player|p1|ggs stall!|alain|1234
|player|p2|Prtbl_Trash|ortega|1321
|gen|9
|tier|[Gen 9] OU
|rated|
|rule|HP Percentage Mod: HP is shown in percentages
|rule|Endless Battle Clause: Forcing endless battles is banned
|rule|Species Clause: Limit one of each Pokémon
|rule|OHKO Clause: OHKO moves are banned
|rule|Evasion Items Clause: Evasion items are banned
|rule|Evasion Moves Clause: Evasion moves are banned
|rule|Evasion Abilities Clause: Evasion abilities are banned
|rule|Sleep Moves Clause: Sleep-inducing moves are banned
|clearpoke
|poke|p1|Kyurem|
|poke|p1|Corviknight, F|
|poke|p1|Ting-Lu|
|poke|p1|Dondozo, F|
|poke|p1|Slowking-Galar, F|
|poke|p1|Cinderace, M|
|poke|p2|Articuno|
|poke|p2|Great Tusk|
|poke|p2|Samurott-Hisui, F|
|poke|p2|Gholdengo|
|poke|p2|Raging Bolt|
|poke|p2|Dachsbun, M|
|teampreview
|inactive|Battle timer is ON: inactive players will automatically lose when time's up. (requested by ggs stall!)
|
|t:|1779937037
|teamsize|p1|6
|teamsize|p2|6
|start
|switch|p1a: Cinderace|Cinderace, M|100/100
|switch|p2a: Articuno|Articuno|100/100
|-ability|p2a: Articuno|Pressure
|turn|1
|
|t:|1779937042
|switch|p2a: Dachsbun|Dachsbun, M|100/100
|move|p1a: Cinderace|Pyro Ball|p2a: Dachsbun
|-ability|p2a: Dachsbun|Well-Baked Body|boost
|-boost|p2a: Dachsbun|def|2
|
|upkeep
|turn|2
|
|t:|1779937049
|move|p1a: Cinderace|Will-O-Wisp|p2a: Dachsbun
|-ability|p2a: Dachsbun|Well-Baked Body|boost
|-boost|p2a: Dachsbun|def|2
|move|p2a: Dachsbun|Roar|p1a: Cinderace
|drag|p1a: Slowking|Slowking-Galar, F|100/100
|
|upkeep
|turn|3
|
|t:|1779937057
|move|p1a: Slowking|Toxic|p2a: Dachsbun
|-status|p2a: Dachsbun|tox
|move|p2a: Dachsbun|Roar|p1a: Slowking
|drag|p1a: Cinderace|Cinderace, M|100/100
|
|-damage|p2a: Dachsbun|94/100 tox|[from] psn
|upkeep
|turn|4
|
|t:|1779937066
|move|p1a: Cinderace|U-turn|p2a: Dachsbun
|-resisted|p2a: Dachsbun
|-crit|p2a: Dachsbun
|-damage|p2a: Dachsbun|84/100 tox
|
|t:|1779937071
|switch|p1a: Corviknight|Corviknight, F|100/100|[from] U-turn
|-ability|p1a: Corviknight|Pressure
|move|p2a: Dachsbun|Body Press|p1a: Corviknight
|-damage|p1a: Corviknight|49/100
|-damage|p2a: Dachsbun|67/100 tox|[from] item: Rocky Helmet|[of] p1a: Corviknight
|
|-heal|p2a: Dachsbun|73/100 tox|[from] item: Leftovers
|-damage|p2a: Dachsbun|61/100 tox|[from] psn
|upkeep
|turn|5
|
|t:|1779937080
|move|p2a: Dachsbun|Body Press|p1a: Corviknight
|-damage|p1a: Corviknight|3/100
|-damage|p2a: Dachsbun|44/100 tox|[from] item: Rocky Helmet|[of] p1a: Corviknight
|move|p1a: Corviknight|Roost|p1a: Corviknight
|-heal|p1a: Corviknight|53/100
|-singleturn|p1a: Corviknight|move: Roost
|
|-heal|p2a: Dachsbun|50/100 tox|[from] item: Leftovers
|-damage|p2a: Dachsbun|32/100 tox|[from] psn
|upkeep
|turn|6
|
|t:|1779937091
|move|p2a: Dachsbun|Body Press|p1a: Corviknight
|-damage|p1a: Corviknight|4/100
|-damage|p2a: Dachsbun|16/100 tox|[from] item: Rocky Helmet|[of] p1a: Corviknight
|move|p1a: Corviknight|Roost|p1a: Corviknight
|-heal|p1a: Corviknight|54/100
|-singleturn|p1a: Corviknight|move: Roost
|
|-heal|p2a: Dachsbun|22/100 tox|[from] item: Leftovers
|-damage|p2a: Dachsbun|0 fnt|[from] psn
|faint|p2a: Dachsbun
|upkeep
|
|t:|1779937096
|switch|p2a: Articuno|Articuno|100/100
|-ability|p2a: Articuno|Pressure
|turn|7
|
|t:|1779937102
|switch|p1a: Cinderace|Cinderace, M|100/100
|move|p2a: Articuno|Freeze-Dry|p1a: Cinderace
|-resisted|p1a: Cinderace
|-damage|p1a: Cinderace|81/100
|
|upkeep
|turn|8
|
|t:|1779937111
|switch|p2a: Samurott|Samurott-Hisui, F|100/100
|move|p1a: Cinderace|Will-O-Wisp|p2a: Samurott|[miss]
|-miss|p1a: Cinderace|p2a: Samurott
|
|upkeep
|turn|9
|
|t:|1779937117
|move|p1a: Cinderace|U-turn|p2a: Samurott
|-supereffective|p2a: Samurott
|-damage|p2a: Samurott|57/100
|
|t:|1779937124
|switch|p1a: Corviknight|Corviknight, F|54/100|[from] U-turn
|-ability|p1a: Corviknight|Pressure
|move|p2a: Samurott|Ceaseless Edge|p1a: Corviknight
|-damage|p1a: Corviknight|27/100
|-damage|p2a: Samurott|40/100|[from] item: Rocky Helmet|[of] p1a: Corviknight
|-sidestart|p1: ggs stall!|Spikes
|
|upkeep
|turn|10
|
|t:|1779937136
|move|p2a: Samurott|Razor Shell|p1a: Corviknight|[miss]
|-miss|p2a: Samurott|p1a: Corviknight
|move|p1a: Corviknight|Roost|p1a: Corviknight
|-heal|p1a: Corviknight|77/100
|-singleturn|p1a: Corviknight|move: Roost
|
|upkeep
|turn|11
|
|t:|1779937142
|move|p2a: Samurott|Knock Off|p1a: Corviknight
|-damage|p1a: Corviknight|52/100
|-damage|p2a: Samurott|24/100|[from] item: Rocky Helmet|[of] p1a: Corviknight
|-enditem|p1a: Corviknight|Rocky Helmet|[from] move: Knock Off|[of] p2a: Samurott
|move|p1a: Corviknight|Defog|p2a: Samurott
|-unboost|p2a: Samurott|evasion|1
|-sideend|p1: ggs stall!|Spikes|[from] move: Defog|[of] p1a: Corviknight
|
|upkeep
|turn|12
|
|t:|1779937150
|move|p2a: Samurott|Ceaseless Edge|p1a: Corviknight|[miss]
|-miss|p2a: Samurott|p1a: Corviknight
|move|p1a: Corviknight|Roost|p1a: Corviknight
|-heal|p1a: Corviknight|100/100
|-singleturn|p1a: Corviknight|move: Roost
|
|upkeep
|turn|13
|
|t:|1779937157
|move|p2a: Samurott|Ceaseless Edge|p1a: Corviknight
|-damage|p1a: Corviknight|75/100
|-sidestart|p1: ggs stall!|Spikes
|move|p1a: Corviknight|U-turn|p2a: Samurott
|-supereffective|p2a: Samurott
|-damage|p2a: Samurott|0 fnt
|faint|p2a: Samurott
|
|t:|1779937162
|switch|p1a: Cinderace|Cinderace, M|81/100|[from] U-turn
|
|upkeep
|
|t:|1779937164
|switch|p2a: Gholdengo|Gholdengo|100/100
|turn|14
|
|t:|1779937172
|-terastallize|p2a: Gholdengo|Fighting
|move|p2a: Gholdengo|Focus Blast|p1a: Cinderace
|-damage|p1a: Cinderace|0 fnt
|faint|p1a: Cinderace
|
|upkeep
|
|t:|1779937181
|switch|p1a: Ting-Lu|Ting-Lu|100/100
|-damage|p1a: Ting-Lu|88/100|[from] Spikes
|-ability|p1a: Ting-Lu|Vessel of Ruin
|turn|15
|
|t:|1779937184
|switch|p1a: Slowking|Slowking-Galar, F|100/100
|move|p2a: Gholdengo|Focus Blast|p1a: Slowking|[miss]
|-miss|p2a: Gholdengo|p1a: Slowking
|
|upkeep
|turn|16
|
|t:|1779937190
|switch|p2a: Great Tusk|Great Tusk|100/100
|move|p1a: Slowking|Sludge Bomb|p2a: Great Tusk
|-resisted|p2a: Great Tusk
|-damage|p2a: Great Tusk|75/100
|-status|p2a: Great Tusk|psn
|
|-damage|p2a: Great Tusk|62/100 psn|[from] psn
|upkeep
|turn|17
|
|t:|1779937198
|switch|p1a: Dondozo|Dondozo, F|100/100
|-damage|p1a: Dondozo|88/100|[from] Spikes
|move|p2a: Great Tusk|Stealth Rock|p1a: Dondozo
|-sidestart|p1: ggs stall!|move: Stealth Rock
|
|-heal|p1a: Dondozo|94/100|[from] item: Leftovers
|-damage|p2a: Great Tusk|50/100 psn|[from] psn
|upkeep
|turn|18
|
|t:|1779937206
|-end|p2a: Great Tusk|Protosynthesis|[silent]
|switch|p2a: Articuno|Articuno|100/100
|-ability|p2a: Articuno|Pressure
|move|p1a: Dondozo|Waterfall|p2a: Articuno
|-crit|p2a: Articuno
|-damage|p2a: Articuno|62/100
|
|-heal|p1a: Dondozo|100/100|[from] item: Leftovers
|upkeep
|turn|19
|
|t:|1779937213
|move|p2a: Articuno|Freeze-Dry|p1a: Dondozo
|-supereffective|p1a: Dondozo
|-damage|p1a: Dondozo|34/100
|move|p1a: Dondozo|Waterfall|p2a: Articuno
|-damage|p2a: Articuno|38/100
|
|-heal|p1a: Dondozo|41/100|[from] item: Leftovers
|upkeep
|turn|20
|
|t:|1779937224
|switch|p1a: Corviknight|Corviknight, F|75/100
|-damage|p1a: Corviknight|63/100|[from] Stealth Rock
|-ability|p1a: Corviknight|Pressure
|move|p2a: Articuno|Roost|p2a: Articuno
|-heal|p2a: Articuno|88/100
|-singleturn|p2a: Articuno|move: Roost
|
|upkeep
|turn|21
|
|t:|1779937232
|move|p2a: Articuno|Freeze-Dry|p1a: Corviknight
|-crit|p1a: Corviknight
|-damage|p1a: Corviknight|15/100
|move|p1a: Corviknight|Defog|p2a: Articuno
|-unboost|p2a: Articuno|evasion|1
|-sideend|p1: ggs stall!|Spikes|[from] move: Defog|[of] p1a: Corviknight
|-sideend|p1: ggs stall!|Stealth Rock|[from] move: Defog|[of] p1a: Corviknight
|
|upkeep
|turn|22
|
|t:|1779937237
|move|p2a: Articuno|Freeze-Dry|p1a: Corviknight
|-damage|p1a: Corviknight|0 fnt
|faint|p1a: Corviknight
|
|upkeep
|
|t:|1779937249
|switch|p1a: Slowking|Slowking-Galar, F|100/100
|turn|23
|
|t:|1779937252
|move|p2a: Articuno|U-turn|p1a: Slowking
|-damage|p1a: Slowking|88/100
|
|t:|1779937254
|switch|p2a: Great Tusk|Great Tusk|50/100 psn|[from] U-turn
|move|p1a: Slowking|Sludge Bomb|p2a: Great Tusk
|-resisted|p2a: Great Tusk
|-damage|p2a: Great Tusk|26/100 psn
|
|-damage|p2a: Great Tusk|13/100 psn|[from] psn
|upkeep
|turn|24
|
|t:|1779937262
|switch|p1a: Dondozo|Dondozo, F|41/100
|move|p2a: Great Tusk|Stealth Rock|p1a: Dondozo
|-sidestart|p1: ggs stall!|move: Stealth Rock
|
|-heal|p1a: Dondozo|47/100|[from] item: Leftovers
|-damage|p2a: Great Tusk|1/100 psn|[from] psn
|upkeep
|turn|25
|
|t:|1779937266
|move|p2a: Great Tusk|Headlong Rush|p1a: Dondozo
|-damage|p1a: Dondozo|19/100
|-unboost|p2a: Great Tusk|def|1
|-unboost|p2a: Great Tusk|spd|1
|move|p1a: Dondozo|Rest|p1a: Dondozo
|-status|p1a: Dondozo|slp|[from] move: Rest
|-heal|p1a: Dondozo|100/100 slp|[silent]
|
|-damage|p2a: Great Tusk|0 fnt|[from] psn
|faint|p2a: Great Tusk
|-end|p2a: Great Tusk|Protosynthesis|[silent]
|upkeep
|
|t:|1779937274
|switch|p2a: Articuno|Articuno|88/100
|-ability|p2a: Articuno|Pressure
|turn|26
|
|t:|1779937278
|move|p2a: Articuno|Freeze-Dry|p1a: Dondozo
|-supereffective|p1a: Dondozo
|-damage|p1a: Dondozo|36/100 slp
|cant|p1a: Dondozo|slp
|
|-heal|p1a: Dondozo|42/100 slp|[from] item: Leftovers
|upkeep
|turn|27
|
|t:|1779937283
|move|p2a: Articuno|Freeze-Dry|p1a: Dondozo
|-supereffective|p1a: Dondozo
|-damage|p1a: Dondozo|0 fnt
|faint|p1a: Dondozo
|
|upkeep
|
|t:|1779937287
|switch|p1a: Ting-Lu|Ting-Lu|88/100
|-damage|p1a: Ting-Lu|82/100|[from] Stealth Rock
|-ability|p1a: Ting-Lu|Vessel of Ruin
|turn|28
|
|t:|1779937295
|move|p2a: Articuno|Freeze-Dry|p1a: Ting-Lu
|-supereffective|p1a: Ting-Lu
|-damage|p1a: Ting-Lu|56/100
|move|p1a: Ting-Lu|Payback|p2a: Articuno
|-damage|p2a: Articuno|51/100
|
|-heal|p1a: Ting-Lu|62/100|[from] item: Leftovers
|upkeep
|turn|29
|
|t:|1779937301
|move|p2a: Articuno|Roost|p2a: Articuno
|-heal|p2a: Articuno|100/100
|-singleturn|p2a: Articuno|move: Roost
|move|p1a: Ting-Lu|Payback|p2a: Articuno
|-damage|p2a: Articuno|64/100
|
|-heal|p1a: Ting-Lu|69/100|[from] item: Leftovers
|upkeep
|turn|30
|
|t:|1779937307
|move|p2a: Articuno|U-turn|p1a: Ting-Lu
|-supereffective|p1a: Ting-Lu
|-damage|p1a: Ting-Lu|56/100
|
|t:|1779937309
|switch|p2a: Gholdengo|Gholdengo, tera:Fighting|100/100|[from] U-turn
|move|p1a: Ting-Lu|Payback|p2a: Gholdengo
|-resisted|p2a: Gholdengo
|-damage|p2a: Gholdengo|90/100
|
|-heal|p1a: Ting-Lu|62/100|[from] item: Leftovers
|upkeep
|turn|31
|
|t:|1779937327
|move|p2a: Gholdengo|Trick|p1a: Ting-Lu
|-activate|p2a: Gholdengo|move: Trick|[of] p1a: Ting-Lu
|-item|p1a: Ting-Lu|Choice Scarf|[from] move: Trick
|-item|p2a: Gholdengo|Leftovers|[from] move: Trick
|move|p1a: Ting-Lu|Rest|p1a: Ting-Lu
|-status|p1a: Ting-Lu|slp|[from] move: Rest
|-heal|p1a: Ting-Lu|100/100 slp|[silent]
|
|-heal|p2a: Gholdengo|96/100|[from] item: Leftovers
|upkeep
|turn|32
|
|t:|1779937335
|switch|p1a: Slowking|Slowking-Galar, F|100/100
|move|p2a: Gholdengo|Shadow Ball|p1a: Slowking
|-supereffective|p1a: Slowking
|-damage|p1a: Slowking|46/100
|-unboost|p1a: Slowking|spd|1
|
|-heal|p2a: Gholdengo|100/100|[from] item: Leftovers
|upkeep
|turn|33
|
|t:|1779937345
|-terastallize|p1a: Slowking|Water
|move|p2a: Gholdengo|Shadow Ball|p1a: Slowking
|-damage|p1a: Slowking|6/100
|move|p1a: Slowking|Future Sight|p2a: Gholdengo
|-start|p1a: Slowking|move: Future Sight
|
|upkeep
|turn|34
|
|t:|1779937354
|move|p2a: Gholdengo|Focus Blast|p1a: Slowking
|-damage|p1a: Slowking|0 fnt
|faint|p1a: Slowking
|
|upkeep
|
|t:|1779937358
|switch|p1a: Kyurem|Kyurem|100/100
|-damage|p1a: Kyurem|75/100|[from] Stealth Rock
|-ability|p1a: Kyurem|Pressure
|turn|35
|
|t:|1779937363
|move|p1a: Kyurem|Substitute|p1a: Kyurem
|-start|p1a: Kyurem|Substitute
|-damage|p1a: Kyurem|50/100
|move|p2a: Gholdengo|Make It Rain|p1a: Kyurem
|-supereffective|p1a: Kyurem
|-end|p1a: Kyurem|Substitute
|-unboost|p2a: Gholdengo|spa|1
|
|-end|p2a: Gholdengo|move: Future Sight
|-supereffective|p2a: Gholdengo
|-damage|p2a: Gholdengo|0 fnt
|faint|p2a: Gholdengo
|-heal|p1a: Kyurem|57/100|[from] item: Leftovers
|upkeep
|
|t:|1779937368
|switch|p2a: Articuno|Articuno|64/100
|-ability|p2a: Articuno|Pressure
|turn|36
|
|t:|1779937375
|move|p1a: Kyurem|Protect|p1a: Kyurem
|-singleturn|p1a: Kyurem|Protect
|move|p2a: Articuno|Freeze-Dry|p1a: Kyurem
|-activate|p1a: Kyurem|move: Protect
|
|-heal|p1a: Kyurem|63/100|[from] item: Leftovers
|upkeep
|turn|37
|
|t:|1779937380
|move|p1a: Kyurem|Substitute|p1a: Kyurem
|-start|p1a: Kyurem|Substitute
|-damage|p1a: Kyurem|38/100
|move|p2a: Articuno|Freeze-Dry|p1a: Kyurem
|-end|p1a: Kyurem|Substitute
|
|-heal|p1a: Kyurem|44/100|[from] item: Leftovers
|upkeep
|turn|38
|
|t:|1779937386
|move|p1a: Kyurem|Protect|p1a: Kyurem
|-singleturn|p1a: Kyurem|Protect
|move|p2a: Articuno|Roost|p2a: Articuno
|-heal|p2a: Articuno|100/100
|-singleturn|p2a: Articuno|move: Roost
|
|-heal|p1a: Kyurem|50/100|[from] item: Leftovers
|upkeep
|turn|39
|
|t:|1779937393
|move|p1a: Kyurem|Freeze-Dry|p2a: Articuno
|-damage|p2a: Articuno|74/100
|move|p2a: Articuno|Freeze-Dry|p1a: Kyurem
|-damage|p1a: Kyurem|22/100
|
|-heal|p1a: Kyurem|28/100|[from] item: Leftovers
|upkeep
|turn|40
|
|t:|1779937400
|move|p1a: Kyurem|Protect|p1a: Kyurem
|-singleturn|p1a: Kyurem|Protect
|move|p2a: Articuno|Freeze-Dry|p1a: Kyurem
|-activate|p1a: Kyurem|move: Protect
|
|-heal|p1a: Kyurem|34/100|[from] item: Leftovers
|upkeep
|turn|41
|
|t:|1779937408
|move|p1a: Kyurem|Freeze-Dry|p2a: Articuno
|-damage|p2a: Articuno|47/100
|move|p2a: Articuno|Hurricane|p1a: Kyurem
|-damage|p1a: Kyurem|0 fnt
|faint|p1a: Kyurem
|
|upkeep
|
|t:|1779937412
|switch|p1a: Ting-Lu|Ting-Lu|100/100 slp
|-damage|p1a: Ting-Lu|94/100 slp|[from] Stealth Rock
|-ability|p1a: Ting-Lu|Vessel of Ruin
|turn|42
|
|t:|1779937414
|move|p2a: Articuno|Roost|p2a: Articuno
|-heal|p2a: Articuno|97/100
|-singleturn|p2a: Articuno|move: Roost
|cant|p1a: Ting-Lu|slp
|move|p1a: Ting-Lu|Sleep Talk|p1a: Ting-Lu
|move|p1a: Ting-Lu|Payback|p2a: Articuno|[from] move: Sleep Talk
|-damage|p2a: Articuno|62/100
|
|upkeep
|turn|43
|
|t:|1779937421
|move|p2a: Articuno|Roost|p2a: Articuno
|-heal|p2a: Articuno|100/100
|-singleturn|p2a: Articuno|move: Roost
|cant|p1a: Ting-Lu|slp
|move|p1a: Ting-Lu|Sleep Talk|p1a: Ting-Lu
|move|p1a: Ting-Lu|Payback|p2a: Articuno|[from] move: Sleep Talk
|-damage|p2a: Articuno|63/100
|
|upkeep
|turn|44
|
|t:|1779937427
|move|p2a: Articuno|Roost|p2a: Articuno
|-heal|p2a: Articuno|100/100
|-singleturn|p2a: Articuno|move: Roost
|-curestatus|p1a: Ting-Lu|slp|[msg]
|move|p1a: Ting-Lu|Sleep Talk||[still]
|-fail|p1a: Ting-Lu
|
|upkeep
|turn|45
|
|t:|1779937432
|move|p2a: Articuno|Freeze-Dry|p1a: Ting-Lu
|-supereffective|p1a: Ting-Lu
|-damage|p1a: Ting-Lu|66/100
|move|p1a: Ting-Lu|Sleep Talk||[still]
|-fail|p1a: Ting-Lu
|
|upkeep
|turn|46
|-message|ggs stall! forfeited.
|
|win|Prtbl_Trash
|raw|ggs stall!'s rating: 1234 &rarr; <strong>1215</strong><br />(-19 for losing)
|raw|Prtbl_Trash's rating: 1321 &rarr; <strong>1336</strong><br />(+15 for winning)
|l|☆ggs stall!
|player|p1|
|l|☆Prtbl_Trash
|player|p2|
