|j|☆ripcold
|j|☆tpotguy
|t:|1779951403
|gametype|singles
|player|p1|ripcold|170|1073
|player|p2|tpotguy|ingo|1127
|gen|9
|tier|[Gen 9] OU
|rated|
|rule|HP Percentage Mod: HP is shown in percentages
|rule|Endless Battle Clause: Forcing endless battles is banned
|rule|Species Clause: Limit one of each Pokémon
|rule|OHKO Clause: OHKO moves are banned
|rule|Evasion Items Clause: Evasion items are banned
|rule|Evasion Moves Clause: Evasion moves are banned
|rule|Evasion Abilities Clause: Evasion abilities are banned
|rule|Sleep Moves Clause: Sleep-inducing moves are banned
|clearpoke
|poke|p1|Inteleon, F|
|poke|p1|Slowbro-Galar, M|
|poke|p1|Exeggutor, M|
|poke|p1|Zamazenta-*|
|poke|p1|Empoleon, M|
|poke|p1|Araquanid, F|
|poke|p2|Slowking-Galar, F|
|poke|p2|Zamazenta-*|
|poke|p2|Kingambit, F|
|poke|p2|Great Tusk|
|poke|p2|Ceruledge, M|
|poke|p2|Ogerpon-Wellspring, F|
|teampreview
|inactive|Battle timer is ON: inactive players will automatically lose when time's up. (requested by ripcold)
|
|t:|1779951422
|teamsize|p1|6
|teamsize|p2|6
|start
|switch|p1a: parasitic organism|Araquanid, F, shiny|100/100
|switch|p2a: Ceruledge|Ceruledge, M|100/100
|turn|1
|
|t:|1779951430
|move|p2a: Ceruledge|Swords Dance|p2a: Ceruledge
|-boost|p2a: Ceruledge|atk|2
|move|p1a: parasitic organism|Sticky Web|p2a: Ceruledge
|-sidestart|p2: tpotguy|move: Sticky Web
|
|upkeep
|turn|2
|
|t:|1779951436
|move|p2a: Ceruledge|Poltergeist|p1a: parasitic organism
|-activate|p1a: parasitic organism|move: Poltergeist|Rocky Helmet
|-damage|p1a: parasitic organism|0 fnt
|faint|p1a: parasitic organism
|
|upkeep
|
|t:|1779951457
|switch|p1a: james bond|Inteleon, F|100/100
|turn|3
|
|t:|1779951461
|move|p1a: james bond|Snipe Shot|p2a: Ceruledge
|-supereffective|p2a: Ceruledge
|-damage|p2a: Ceruledge|18/100
|move|p2a: Ceruledge|Poltergeist|p1a: james bond|[miss]
|-miss|p2a: Ceruledge|p1a: james bond
|
|upkeep
|turn|4
|
|t:|1779951470
|switch|p2a: Ogerpon|Ogerpon-Wellspring, F|100/100
|-activate|p2a: Ogerpon|move: Sticky Web
|-unboost|p2a: Ogerpon|spe|1
|move|p1a: james bond|Snipe Shot|p2a: Ogerpon
|-immune|p2a: Ogerpon|[from] ability: Water Absorb
|
|upkeep
|turn|5
|
|t:|1779951492
|switch|p1a: Slowbro|Slowbro-Galar, M|100/100
|move|p2a: Ogerpon|Swords Dance|p2a: Ogerpon
|-boost|p2a: Ogerpon|atk|2
|
|upkeep
|turn|6
|
|t:|1779951503
|-terastallize|p2a: Ogerpon|Water
|detailschange|p2a: Ogerpon|Ogerpon-Wellspring-Tera, F, tera:Water
|-ability|p2a: Ogerpon|Embody Aspect (Wellspring)|boost
|-boost|p2a: Ogerpon|spd|1
|move|p2a: Ogerpon|Swords Dance|p2a: Ogerpon
|-boost|p2a: Ogerpon|atk|2
|move|p1a: Slowbro|Shell Side Arm|p2a: Ogerpon|[anim] Shell Side Arm Physical
|-damage|p2a: Ogerpon|57/100
|-hint|Physical Shell Side Arm
|
|upkeep
|turn|7
|
|t:|1779951520
|move|p2a: Ogerpon|Ivy Cudgel|p1a: Slowbro|[anim] Ivy Cudgel Water
|-damage|p1a: Slowbro|0 fnt
|faint|p1a: Slowbro
|
|upkeep
|
|t:|1779951525
|switch|p1a: coconut tree|Exeggutor, M|100/100
|turn|8
|
|t:|1779951530
|move|p2a: Ogerpon|Ivy Cudgel|p1a: coconut tree|[anim] Ivy Cudgel Water
|-resisted|p1a: coconut tree
|-damage|p1a: coconut tree|0 fnt
|faint|p1a: coconut tree
|
|upkeep
|-message|ripcold forfeited.
|
|win|tpotguy
|raw|ripcold's rating: 1073 &rarr; <strong>1055</strong><br />(-18 for losing)
|raw|tpotguy's rating: 1127 &rarr; <strong>1148</strong><br />(+21 for winning)
|l|☆ripcold
|player|p1|
|l|☆tpotguy
|player|p2|
