|j|☆barbordor
|j|☆PepeNike
|t:|1779860459
|gametype|singles
|player|p1|barbordor|169|1518
|player|p2|PepeNike|266|1508
|gen|9
|tier|[Gen 9] OU
|rated|
|rule|HP Percentage Mod: HP is shown in percentages
|rule|Endless Battle Clause: Forcing endless battles is banned
|rule|Species Clause: Limit one of each Pokémon
|rule|OHKO Clause: OHKO moves are banned
|rule|Evasion Items Clause: Evasion items are banned
|rule|Evasion Moves Clause: Evasion moves are banned
|rule|Evasion Abilities Clause: Evasion abilities are banned
|rule|Sleep Moves Clause: Sleep-inducing moves are banned
|clearpoke
|poke|p1|Slowking-Galar, F|
|poke|p1|Dondozo, F|
|poke|p1|Great Tusk|
|poke|p1|Ogerpon-Wellspring, F|
|poke|p1|Zapdos|
|poke|p1|Kingambit, F|
|poke|p2|Garchomp, M|
|poke|p2|Gholdengo|
|poke|p2|Kyurem|
|poke|p2|Weavile, F|
|poke|p2|Slowking-Galar, F|
|poke|p2|Landorus-Therian, M|
|teampreview
|inactive|Battle timer is ON: inactive players will automatically lose when time's up. (requested by barbordor)
|inactive|PepeNike also wants the timer to be on.
|
|t:|1779860479
|teamsize|p1|6
|teamsize|p2|6
|start
|switch|p1a: Slowking|Slowking-Galar, F|100/100
|switch|p2a: Garchomp|Garchomp, M|100/100
|turn|1
|
|t:|1779860482
|move|p2a: Garchomp|Stealth Rock|p1a: Slowking
|-sidestart|p1: barbordor|move: Stealth Rock
|move|p1a: Slowking|Trick|p2a: Garchomp
|-activate|p1a: Slowking|move: Trick|[of] p2a: Garchomp
|-item|p2a: Garchomp|Black Sludge|[from] move: Trick
|-item|p1a: Slowking|Rocky Helmet|[from] move: Trick
|
|-damage|p2a: Garchomp|88/100|[from] item: Black Sludge
|upkeep
|turn|2
|
|t:|1779860489
|switch|p1a: Zapdos|Zapdos|100/100
|move|p2a: Garchomp|Earthquake|p1a: Zapdos
|-immune|p1a: Zapdos
|
|-damage|p2a: Garchomp|76/100|[from] item: Black Sludge
|upkeep
|turn|3
|
|t:|1779860493
|move|p2a: Garchomp|Spikes|p1a: Zapdos
|-sidestart|p1: barbordor|Spikes
|move|p1a: Zapdos|Hurricane|p2a: Garchomp
|-damage|p2a: Garchomp|32/100
|
|-damage|p2a: Garchomp|19/100|[from] item: Black Sludge
|upkeep
|turn|4
|
|t:|1779860497
|move|p2a: Garchomp|Spikes|p1a: Zapdos
|-sidestart|p1: barbordor|Spikes
|move|p1a: Zapdos|Hurricane|p2a: Garchomp|[miss]
|-miss|p1a: Zapdos|p2a: Garchomp
|
|-damage|p2a: Garchomp|7/100|[from] item: Black Sludge
|upkeep
|turn|5
|
|t:|1779860501
|move|p2a: Garchomp|Spikes|p1a: Zapdos
|-sidestart|p1: barbordor|Spikes
|move|p1a: Zapdos|Hurricane|p2a: Garchomp|[miss]
|-miss|p1a: Zapdos|p2a: Garchomp
|
|-damage|p2a: Garchomp|0 fnt|[from] item: Black Sludge
|faint|p2a: Garchomp
|upkeep
|
|t:|1779860504
|switch|p2a: Kyurem|Kyurem|100/100
|-ability|p2a: Kyurem|Pressure
|turn|6
|
|t:|1779860513
|switch|p2a: Weavile|Weavile, F|100/100
|move|p1a: Zapdos|Thunder Wave|p2a: Weavile
|-status|p2a: Weavile|par
|
|upkeep
|turn|7
|
|t:|1779860520
|move|p1a: Zapdos|Hurricane|p2a: Weavile
|-damage|p2a: Weavile|35/100 par
|-start|p2a: Weavile|confusion
|-activate|p2a: Weavile|confusion
|-damage|p2a: Weavile|11/100 par|[from] confusion
|
|upkeep
|turn|8
|
|t:|1779860524
|-end|p2a: Weavile|confusion
|move|p2a: Weavile|Ice Shard|p1a: Zapdos
|-supereffective|p1a: Zapdos
|-damage|p1a: Zapdos|72/100
|move|p1a: Zapdos|Volt Switch|p2a: Weavile
|-crit|p2a: Weavile
|-damage|p2a: Weavile|0 fnt
|faint|p2a: Weavile
|
|t:|1779860545
|switch|p1a: Ogerpon|Ogerpon-Wellspring, F|100/100|[from] Volt Switch
|-damage|p1a: Ogerpon|88/100|[from] Stealth Rock
|-damage|p1a: Ogerpon|63/100|[from] Spikes
|
|upkeep
|
|t:|1779860551
|switch|p2a: Landorus|Landorus-Therian, M|100/100
|-ability|p2a: Landorus|Intimidate|boost
|-unboost|p1a: Ogerpon|atk|1
|turn|9
|
|t:|1779860553
|move|p2a: Landorus|U-turn|p1a: Ogerpon
|-supereffective|p1a: Ogerpon
|-damage|p1a: Ogerpon|0 fnt
|faint|p1a: Ogerpon
|
|t:|1779860559
|switch|p2a: Kyurem|Kyurem|100/100|[from] U-turn
|-ability|p2a: Kyurem|Pressure
|
|upkeep
|
|t:|1779860562
|switch|p1a: Kingambit|Kingambit, F, shiny|100/100
|-damage|p1a: Kingambit|94/100|[from] Stealth Rock
|-damage|p1a: Kingambit|69/100|[from] Spikes
|-activate|p1a: Kingambit|ability: Supreme Overlord
|-start|p1a: Kingambit|fallen1|[silent]
|turn|10
|
|t:|1779860586
|-terastallize|p2a: Kyurem|Ground
|move|p2a: Kyurem|Earth Power|p1a: Kingambit
|-supereffective|p1a: Kingambit
|-damage|p1a: Kingambit|0 fnt
|faint|p1a: Kingambit
|-end|p1a: Kingambit|fallen1|[silent]
|
|upkeep
|
|t:|1779860597
|switch|p1a: Zapdos|Zapdos|72/100
|turn|11
|
|t:|1779860614
|move|p2a: Kyurem|Ice Beam|p1a: Zapdos
|-supereffective|p1a: Zapdos
|-damage|p1a: Zapdos|0 fnt
|faint|p1a: Zapdos
|
|upkeep
|
|t:|1779860618
|switch|p1a: Slowking|Slowking-Galar, F|100/100
|-damage|p1a: Slowking|88/100|[from] Stealth Rock
|-damage|p1a: Slowking|63/100|[from] Spikes
|turn|12
|j| turquoiselink
|
|t:|1779860628
|move|p2a: Kyurem|Earth Power|p1a: Slowking
|-supereffective|p1a: Slowking
|-damage|p1a: Slowking|6/100
|move|p1a: Slowking|Future Sight|p2a: Kyurem
|-start|p1a: Slowking|move: Future Sight
|
|upkeep
|turn|13
|
|t:|1779860634
|move|p2a: Kyurem|Freeze-Dry|p1a: Slowking
|-damage|p1a: Slowking|0 fnt
|faint|p1a: Slowking
|
|upkeep
|
|t:|1779860658
|switch|p1a: Great Tusk|Great Tusk|100/100
|-damage|p1a: Great Tusk|98/100|[from] Stealth Rock
|-damage|p1a: Great Tusk|73/100|[from] Spikes
|turn|14
|inactive|PepeNike has 120 seconds left.
|inactive|PepeNike has 90 seconds left.
|inactive|PepeNike has 60 seconds left.
|
|t:|1779860750
|move|p2a: Kyurem|Ice Beam|p1a: Great Tusk
|-supereffective|p1a: Great Tusk
|-damage|p1a: Great Tusk|0 fnt
|faint|p1a: Great Tusk
|-end|p1a: Great Tusk|Protosynthesis|[silent]
|
|-end|p2a: Kyurem|move: Future Sight
|-damage|p2a: Kyurem|61/100
|upkeep
|
|t:|1779860758
|switch|p1a: Dondozo|Dondozo, F|100/100
|-damage|p1a: Dondozo|88/100|[from] Stealth Rock
|-damage|p1a: Dondozo|63/100|[from] Spikes
|turn|15
|inactive|PepeNike has 60 seconds left.
|
|t:|1779860776
|-terastallize|p1a: Dondozo|Dark
|move|p2a: Kyurem|Freeze-Dry|p1a: Dondozo
|-damage|p1a: Dondozo|38/100
|move|p1a: Dondozo|Rest|p1a: Dondozo
|-status|p1a: Dondozo|slp|[from] move: Rest
|-heal|p1a: Dondozo|100/100 slp|[silent]
|
|upkeep
|turn|16
|
|t:|1779860786
|switch|p2a: Landorus|Landorus-Therian, M|100/100
|-ability|p2a: Landorus|Intimidate|boost
|-unboost|p1a: Dondozo|atk|1
|cant|p1a: Dondozo|slp
|move|p1a: Dondozo|Sleep Talk|p1a: Dondozo
|move|p1a: Dondozo|Rest||[from] move: Sleep Talk|[still]
|-fail|p1a: Dondozo
|
|upkeep
|turn|17
|
|t:|1779860790
|move|p2a: Landorus|U-turn|p1a: Dondozo
|-supereffective|p1a: Dondozo
|-damage|p1a: Dondozo|64/100 slp
|
|t:|1779860792
|switch|p2a: Kyurem|Kyurem, tera:Ground|61/100|[from] U-turn
|-ability|p2a: Kyurem|Pressure
|cant|p1a: Dondozo|slp
|move|p1a: Dondozo|Sleep Talk|p1a: Dondozo
|move|p1a: Dondozo|Waterfall|p2a: Kyurem|[from] move: Sleep Talk
|-supereffective|p2a: Kyurem
|-damage|p2a: Kyurem|23/100
|
|-heal|p1a: Dondozo|71/100 slp|[from] item: Leftovers
|upkeep
|turn|18
|
|t:|1779860794
|move|p2a: Kyurem|Ice Beam|p1a: Dondozo
|-damage|p1a: Dondozo|39/100 slp
|-curestatus|p1a: Dondozo|slp|[msg]
|move|p1a: Dondozo|Curse|p1a: Dondozo
|-unboost|p1a: Dondozo|spe|1
|-boost|p1a: Dondozo|atk|1
|-boost|p1a: Dondozo|def|1
|
|-heal|p1a: Dondozo|45/100|[from] item: Leftovers
|upkeep
|turn|19
|
|t:|1779860799
|move|p2a: Kyurem|Ice Beam|p1a: Dondozo
|-damage|p1a: Dondozo|17/100
|move|p1a: Dondozo|Rest|p1a: Dondozo
|-status|p1a: Dondozo|slp|[from] move: Rest
|-heal|p1a: Dondozo|100/100 slp|[silent]
|
|upkeep
|turn|20
|
|t:|1779860803
|move|p2a: Kyurem|Ice Beam|p1a: Dondozo
|-damage|p1a: Dondozo|72/100 slp
|cant|p1a: Dondozo|slp
|move|p1a: Dondozo|Sleep Talk|p1a: Dondozo
|move|p1a: Dondozo|Rest||[from] move: Sleep Talk|[still]
|-fail|p1a: Dondozo
|
|-heal|p1a: Dondozo|78/100 slp|[from] item: Leftovers
|upkeep
|turn|21
|inactive|PepeNike has 90 seconds left.
|
|t:|1779860839
|move|p2a: Kyurem|Draco Meteor|p1a: Dondozo
|-damage|p1a: Dondozo|37/100 slp
|-unboost|p2a: Kyurem|spa|2
|cant|p1a: Dondozo|slp
|move|p1a: Dondozo|Sleep Talk|p1a: Dondozo
|move|p1a: Dondozo|Curse|p1a: Dondozo|[from] move: Sleep Talk
|-unboost|p1a: Dondozo|spe|1
|-boost|p1a: Dondozo|atk|1
|-boost|p1a: Dondozo|def|1
|
|-heal|p1a: Dondozo|43/100 slp|[from] item: Leftovers
|upkeep
|turn|22
|inactive|PepeNike has 90 seconds left.
|
|t:|1779860851
|switch|p2a: Landorus|Landorus-Therian, M|100/100
|-ability|p2a: Landorus|Intimidate|boost
|-unboost|p1a: Dondozo|atk|1
|-curestatus|p1a: Dondozo|slp|[msg]
|move|p1a: Dondozo|Rest|p1a: Dondozo
|-status|p1a: Dondozo|slp|[from] move: Rest
|-heal|p1a: Dondozo|100/100 slp|[silent]
|
|upkeep
|turn|23
|
|t:|1779860853
|move|p2a: Landorus|U-turn|p1a: Dondozo
|-supereffective|p1a: Dondozo
|-damage|p1a: Dondozo|83/100 slp
|
|t:|1779860856
|switch|p2a: Gholdengo|Gholdengo|100/100|[from] U-turn
|-item|p2a: Gholdengo|Air Balloon
|cant|p1a: Dondozo|slp
|move|p1a: Dondozo|Sleep Talk|p1a: Dondozo
|move|p1a: Dondozo|Waterfall|p2a: Gholdengo|[from] move: Sleep Talk
|-damage|p2a: Gholdengo|80/100
|-enditem|p2a: Gholdengo|Air Balloon
|
|-heal|p1a: Dondozo|89/100 slp|[from] item: Leftovers
|upkeep
|turn|24
|
|t:|1779860859
|move|p2a: Gholdengo|Make It Rain|p1a: Dondozo
|-damage|p1a: Dondozo|58/100 slp
|-unboost|p2a: Gholdengo|spa|1
|cant|p1a: Dondozo|slp
|move|p1a: Dondozo|Sleep Talk|p1a: Dondozo
|move|p1a: Dondozo|Waterfall|p2a: Gholdengo|[from] move: Sleep Talk
|-damage|p2a: Gholdengo|61/100
|
|-heal|p1a: Dondozo|64/100 slp|[from] item: Leftovers
|upkeep
|turn|25
|
|t:|1779860863
|switch|p2a: Slowking|Slowking-Galar, F|100/100
|-curestatus|p1a: Dondozo|slp|[msg]
|move|p1a: Dondozo|Rest|p1a: Dondozo
|-status|p1a: Dondozo|slp|[from] move: Rest
|-heal|p1a: Dondozo|100/100 slp|[silent]
|
|upkeep
|turn|26
|
|t:|1779860866
|move|p2a: Slowking|Sludge Bomb|p1a: Dondozo
|-damage|p1a: Dondozo|79/100 slp
|cant|p1a: Dondozo|slp
|move|p1a: Dondozo|Sleep Talk|p1a: Dondozo
|move|p1a: Dondozo|Waterfall|p2a: Slowking|[from] move: Sleep Talk
|-damage|p2a: Slowking|72/100
|
|-heal|p1a: Dondozo|86/100 slp|[from] item: Leftovers
|upkeep
|turn|27
|
|t:|1779860870
|move|p2a: Slowking|Sludge Bomb|p1a: Dondozo
|-damage|p1a: Dondozo|66/100 slp
|cant|p1a: Dondozo|slp
|move|p1a: Dondozo|Sleep Talk|p1a: Dondozo
|move|p1a: Dondozo|Rest||[from] move: Sleep Talk|[still]
|-fail|p1a: Dondozo
|
|-heal|p1a: Dondozo|72/100 slp|[from] item: Leftovers
|upkeep
|turn|28
|
|t:|1779860877
|move|p2a: Slowking|Sludge Bomb|p1a: Dondozo
|-damage|p1a: Dondozo|54/100 slp
|-curestatus|p1a: Dondozo|slp|[msg]
|move|p1a: Dondozo|Curse|p1a: Dondozo
|-unboost|p1a: Dondozo|spe|1
|-boost|p1a: Dondozo|atk|1
|-boost|p1a: Dondozo|def|1
|
|-heal|p1a: Dondozo|60/100|[from] item: Leftovers
|upkeep
|turn|29
|
|t:|1779860879
|move|p2a: Slowking|Sludge Bomb|p1a: Dondozo
|-damage|p1a: Dondozo|41/100
|move|p1a: Dondozo|Curse|p1a: Dondozo
|-unboost|p1a: Dondozo|spe|1
|-boost|p1a: Dondozo|atk|1
|-boost|p1a: Dondozo|def|1
|
|-heal|p1a: Dondozo|47/100|[from] item: Leftovers
|upkeep
|turn|30
|
|t:|1779860885
|move|p2a: Slowking|Sludge Bomb|p1a: Dondozo
|-damage|p1a: Dondozo|27/100
|-status|p1a: Dondozo|psn
|move|p1a: Dondozo|Rest|p1a: Dondozo
|-status|p1a: Dondozo|slp|[from] move: Rest
|-heal|p1a: Dondozo|100/100 slp|[silent]
|
|upkeep
|turn|31
|
|t:|1779860888
|-prepare|p2a: Slowking|Chilly Reception|[premajor]
|move|p2a: Slowking|Chilly Reception|p2a: Slowking
|-weather|Snowscape
|
|t:|1779860890
|switch|p2a: Landorus|Landorus-Therian, M|100/100|[from] Chilly Reception
|-ability|p2a: Landorus|Intimidate|boost
|-unboost|p1a: Dondozo|atk|1
|cant|p1a: Dondozo|slp
|move|p1a: Dondozo|Sleep Talk|p1a: Dondozo
|move|p1a: Dondozo|Waterfall|p2a: Landorus|[from] move: Sleep Talk
|-supereffective|p2a: Landorus
|-damage|p2a: Landorus|0 fnt
|faint|p2a: Landorus
|
|-weather|Snowscape|[upkeep]
|upkeep
|
|t:|1779860891
|switch|p2a: Kyurem|Kyurem, tera:Ground|23/100
|-ability|p2a: Kyurem|Pressure
|turn|32
|
|t:|1779860894
|move|p2a: Kyurem|Ice Beam|p1a: Dondozo
|-damage|p1a: Dondozo|72/100 slp
|cant|p1a: Dondozo|slp
|move|p1a: Dondozo|Sleep Talk|p1a: Dondozo
|move|p1a: Dondozo|Curse|p1a: Dondozo|[from] move: Sleep Talk
|-unboost|p1a: Dondozo|spe|1
|-boost|p1a: Dondozo|atk|1
|-boost|p1a: Dondozo|def|1
|
|-weather|Snowscape|[upkeep]
|-heal|p1a: Dondozo|78/100 slp|[from] item: Leftovers
|upkeep
|turn|33
|
|t:|1779860900
|move|p2a: Kyurem|Ice Beam|p1a: Dondozo
|-damage|p1a: Dondozo|48/100 slp
|-curestatus|p1a: Dondozo|slp|[msg]
|move|p1a: Dondozo|Waterfall|p2a: Kyurem
|-supereffective|p2a: Kyurem
|-damage|p2a: Kyurem|0 fnt
|faint|p2a: Kyurem
|
|-weather|Snowscape|[upkeep]
|-heal|p1a: Dondozo|54/100|[from] item: Leftovers
|upkeep
|-message|PepeNike forfeited.
|
|win|barbordor
|raw|barbordor's rating: 1532 &rarr; <strong>1551</strong><br />(+19 for winning)
|raw|PepeNike's rating: 1508 &rarr; <strong>1489</strong><br />(-19 for losing)
|l|☆PepeNike
|player|p2|
|l|☆barbordor
|player|p1|
|l| turquoiselink
