|j|☆juancbas1234
|j|☆xxxduqi
|t:|1779953580
|gametype|singles
|player|p1|juancbas1234|266|1516
|player|p2|xxxduqi|miku-flying|1464
|gen|9
|tier|[Gen 9] OU
|rated|
|rule|HP Percentage Mod: HP is shown in percentages
|rule|Endless Battle Clause: Forcing endless battles is banned
|rule|Species Clause: Limit one of each Pokémon
|rule|OHKO Clause: OHKO moves are banned
|rule|Evasion Items Clause: Evasion items are banned
|rule|Evasion Moves Clause: Evasion moves are banned
|rule|Evasion Abilities Clause: Evasion abilities are banned
|rule|Sleep Moves Clause: Sleep-inducing moves are banned
|clearpoke
|poke|p1|Ogerpon, F|
|poke|p1|Pecharunt|
|poke|p1|Zapdos|
|poke|p1|Great Tusk|
|poke|p1|Volcanion|
|poke|p1|Landorus-Therian, M|
|poke|p2|Latias, F|
|poke|p2|Darkrai|
|poke|p2|Slowking-Galar, F|
|poke|p2|Corviknight, M|
|poke|p2|Kingambit, F|
|poke|p2|Landorus-Therian, M|
|teampreview
|inactive|Battle timer is ON: inactive players will automatically lose when time's up. (requested by xxxduqi)
|
|t:|1779953587
|teamsize|p1|6
|teamsize|p2|6
|start
|switch|p1a: Ogerpon|Ogerpon, F|100/100
|switch|p2a: Landorus|Landorus-Therian, M|100/100
|-ability|p2a: Landorus|Intimidate|boost
|-unboost|p1a: Ogerpon|atk|1
|-ability|p1a: Ogerpon|Defiant|boost
|-boost|p1a: Ogerpon|atk|2
|turn|1
|
|t:|1779953596
|switch|p1a: Zapdos|Zapdos|100/100
|move|p2a: Landorus|U-turn|p1a: Zapdos
|-resisted|p1a: Zapdos
|-damage|p1a: Zapdos|92/100
|-damage|p2a: Landorus|84/100|[from] item: Rocky Helmet|[of] p1a: Zapdos
|
|t:|1779953601
|switch|p2a: Slowking|Slowking-Galar, F|100/100|[from] U-turn
|
|upkeep
|turn|2
|
|t:|1779953623
|switch|p1a: Ogerpon|Ogerpon, F|100/100
|move|p2a: Slowking|Future Sight|p1a: Ogerpon
|-start|p2a: Slowking|move: Future Sight
|
|upkeep
|turn|3
|
|t:|1779953629
|move|p1a: Ogerpon|Swords Dance|p1a: Ogerpon
|-boost|p1a: Ogerpon|atk|2
|move|p2a: Slowking|Thunder Wave|p1a: Ogerpon
|-status|p1a: Ogerpon|par
|
|upkeep
|turn|4
|
|t:|1779953636
|move|p1a: Ogerpon|Knock Off|p2a: Slowking
|-supereffective|p2a: Slowking
|-damage|p2a: Slowking|0 fnt
|-enditem|p2a: Slowking|Heavy-Duty Boots|[from] move: Knock Off|[of] p1a: Ogerpon
|faint|p2a: Slowking
|
|-end|p1a: Ogerpon|move: Future Sight
|-damage|p1a: Ogerpon|48/100 par
|-heal|p1a: Ogerpon|54/100 par|[from] item: Leftovers
|upkeep
|
|t:|1779953639
|switch|p2a: Darkrai|Darkrai|100/100
|turn|5
|
|t:|1779953652
|move|p2a: Darkrai|Sludge Bomb|p1a: Ogerpon
|-supereffective|p1a: Ogerpon
|-damage|p1a: Ogerpon|0 fnt
|faint|p1a: Ogerpon
|
|upkeep
|
|t:|1779953659
|switch|p1a: Landorus|Landorus-Therian, M|100/100
|-ability|p1a: Landorus|Intimidate|boost
|-unboost|p2a: Darkrai|atk|1
|turn|6
|
|t:|1779953664
|move|p1a: Landorus|U-turn|p2a: Darkrai
|-supereffective|p2a: Darkrai
|-damage|p2a: Darkrai|32/100
|
|t:|1779953667
|switch|p1a: Pecharunt|Pecharunt|100/100|[from] U-turn
|move|p2a: Darkrai|Ice Beam|p1a: Pecharunt
|-damage|p1a: Pecharunt|67/100
|
|-heal|p1a: Pecharunt|73/100|[from] item: Leftovers
|upkeep
|turn|7
|
|t:|1779953677
|switch|p1a: Landorus|Landorus-Therian, M|100/100
|-ability|p1a: Landorus|Intimidate|boost
|-unboost|p2a: Darkrai|atk|1
|move|p2a: Darkrai|Dark Pulse|p1a: Landorus
|-damage|p1a: Landorus|43/100
|
|upkeep
|turn|8
|
|t:|1779953689
|switch|p2a: Corviknight|Corviknight, M|100/100
|-ability|p2a: Corviknight|Pressure
|move|p1a: Landorus|Stealth Rock|p2a: Corviknight
|-sidestart|p2: xxxduqi|move: Stealth Rock
|
|upkeep
|turn|9
|
|t:|1779953698
|switch|p1a: Pecharunt|Pecharunt|73/100
|move|p2a: Corviknight|Defog|p1a: Pecharunt
|-unboost|p1a: Pecharunt|evasion|1
|-sideend|p2: xxxduqi|Stealth Rock|[from] move: Defog|[of] p2a: Corviknight
|
|-heal|p1a: Pecharunt|79/100|[from] item: Leftovers
|upkeep
|turn|10
|
|t:|1779953708
|move|p1a: Pecharunt|Malignant Chain|p2a: Corviknight
|-immune|p2a: Corviknight
|move|p2a: Corviknight|U-turn|p1a: Pecharunt
|-resisted|p1a: Pecharunt
|-damage|p1a: Pecharunt|76/100
|
|t:|1779953712
|switch|p2a: Kingambit|Kingambit, F|100/100|[from] U-turn
|-activate|p2a: Kingambit|ability: Supreme Overlord
|-start|p2a: Kingambit|fallen1|[silent]
|
|-heal|p1a: Pecharunt|82/100|[from] item: Leftovers
|upkeep
|turn|11
|
|t:|1779953725
|switch|p1a: Great Tusk|Great Tusk|100/100
|-enditem|p1a: Great Tusk|Booster Energy
|-activate|p1a: Great Tusk|ability: Protosynthesis|[fromitem]
|-start|p1a: Great Tusk|protosynthesisatk
|move|p2a: Kingambit|Swords Dance|p2a: Kingambit
|-boost|p2a: Kingambit|atk|2
|
|upkeep
|turn|12
|
|t:|1779953736
|-terastallize|p2a: Kingambit|Fairy
|move|p1a: Great Tusk|Ice Spinner|p2a: Kingambit
|-damage|p2a: Kingambit|76/100
|move|p2a: Kingambit|Iron Head|p1a: Great Tusk
|-crit|p1a: Great Tusk
|-damage|p1a: Great Tusk|0 fnt
|faint|p1a: Great Tusk
|-end|p1a: Great Tusk|Protosynthesis|[silent]
|
|-heal|p2a: Kingambit|82/100|[from] item: Leftovers
|upkeep
|
|t:|1779953747
|switch|p1a: Volcanion|Volcanion|100/100
|turn|13
|
|t:|1779953751
|-terastallize|p1a: Volcanion|Poison
|move|p1a: Volcanion|Sludge Bomb|p2a: Kingambit
|-supereffective|p2a: Kingambit
|-damage|p2a: Kingambit|0 fnt
|faint|p2a: Kingambit
|-end|p2a: Kingambit|fallen1|[silent]
|
|upkeep
|
|t:|1779953755
|switch|p2a: Landorus|Landorus-Therian, M|84/100
|-ability|p2a: Landorus|Intimidate|boost
|-unboost|p1a: Volcanion|atk|1
|turn|14
|
|t:|1779953761
|switch|p1a: Zapdos|Zapdos|92/100
|move|p2a: Landorus|Stealth Rock|p1a: Zapdos
|-sidestart|p1: juancbas1234|move: Stealth Rock
|
|-heal|p2a: Landorus|90/100|[from] item: Leftovers
|upkeep
|turn|15
|
|t:|1779953769
|move|p2a: Landorus|Taunt|p1a: Zapdos
|-start|p1a: Zapdos|move: Taunt
|move|p1a: Zapdos|Hurricane|p2a: Landorus
|-damage|p2a: Landorus|38/100
|
|-heal|p2a: Landorus|44/100|[from] item: Leftovers
|upkeep
|turn|16
|
|t:|1779953778
|switch|p2a: Corviknight|Corviknight, M|100/100
|-ability|p2a: Corviknight|Pressure
|move|p1a: Zapdos|Hurricane|p2a: Corviknight
|-resisted|p2a: Corviknight
|-damage|p2a: Corviknight|76/100
|
|upkeep
|turn|17
|
|t:|1779953786
|switch|p2a: Landorus|Landorus-Therian, M|44/100
|-ability|p2a: Landorus|Intimidate|boost
|-unboost|p1a: Zapdos|atk|1
|move|p1a: Zapdos|Discharge|p2a: Landorus
|-immune|p2a: Landorus
|
|-heal|p2a: Landorus|50/100|[from] item: Leftovers
|-end|p1a: Zapdos|move: Taunt
|upkeep
|turn|18
|
|t:|1779953797
|move|p2a: Landorus|U-turn|p1a: Zapdos
|-resisted|p1a: Zapdos
|-damage|p1a: Zapdos|84/100
|-damage|p2a: Landorus|34/100|[from] item: Rocky Helmet|[of] p1a: Zapdos
|-status|p2a: Landorus|par|[from] ability: Static|[of] p1a: Zapdos
|
|t:|1779953800
|switch|p2a: Latias|Latias, F|100/100|[from] U-turn
|move|p1a: Zapdos|Hurricane|p2a: Latias
|-damage|p2a: Latias|68/100
|
|-heal|p2a: Latias|74/100|[from] item: Leftovers
|upkeep
|turn|19
|
|t:|1779953814
|switch|p1a: Pecharunt|Pecharunt|82/100
|-damage|p1a: Pecharunt|70/100|[from] Stealth Rock
|move|p2a: Latias|Calm Mind|p2a: Latias
|-boost|p2a: Latias|spa|1
|-boost|p2a: Latias|spd|1
|
|-heal|p2a: Latias|80/100|[from] item: Leftovers
|-heal|p1a: Pecharunt|76/100|[from] item: Leftovers
|upkeep
|turn|20
|
|t:|1779953826
|move|p2a: Latias|Psyshock|p1a: Pecharunt
|-supereffective|p1a: Pecharunt
|-damage|p1a: Pecharunt|24/100
|move|p1a: Pecharunt|Malignant Chain|p2a: Latias
|-damage|p2a: Latias|57/100
|
|-heal|p2a: Latias|63/100|[from] item: Leftovers
|-heal|p1a: Pecharunt|30/100|[from] item: Leftovers
|upkeep
|turn|21
|
|t:|1779953836
|move|p2a: Latias|Psyshock|p1a: Pecharunt
|-supereffective|p1a: Pecharunt
|-damage|p1a: Pecharunt|0 fnt
|faint|p1a: Pecharunt
|
|-heal|p2a: Latias|69/100|[from] item: Leftovers
|upkeep
|-message|juancbas1234 forfeited.
|
|win|xxxduqi
|raw|juancbas1234's rating: 1516 &rarr; <strong>1493</strong><br />(-23 for losing)
|raw|xxxduqi's rating: 1464 &rarr; <strong>1487</strong><br />(+23 for winning)
|l|☆juancbas1234
|player|p1|
|l|☆xxxduqi
|player|p2|
