|j|☆The Boy Saviour
|j|☆trndstta
|t:|1779869750
|gametype|singles
|player|p1|The Boy Saviour|roxie|1416
|player|p2|trndstta|170|1440
|gen|9
|tier|[Gen 9] OU
|rated|
|rule|HP Percentage Mod: HP is shown in percentages
|rule|Endless Battle Clause: Forcing endless battles is banned
|rule|Species Clause: Limit one of each Pokémon
|rule|OHKO Clause: OHKO moves are banned
|rule|Evasion Items Clause: Evasion items are banned
|rule|Evasion Moves Clause: Evasion moves are banned
|rule|Evasion Abilities Clause: Evasion abilities are banned
|rule|Sleep Moves Clause: Sleep-inducing moves are banned
|clearpoke
|poke|p1|Blaziken, M|
|poke|p1|Ninetales, F|
|poke|p1|Venusaur, M|
|poke|p1|Hatterene, F|
|poke|p1|Great Tusk|
|poke|p1|Walking Wake|
|poke|p2|Blaziken, M|
|poke|p2|Ninetales, M|
|poke|p2|Venusaur, M|
|poke|p2|Hatterene, F|
|poke|p2|Great Tusk|
|poke|p2|Walking Wake|
|teampreview
|inactive|Battle timer is ON: inactive players will automatically lose when time's up. (requested by The Boy Saviour)
|c|☆The Boy Saviour|No way
|c|☆The Boy Saviour|Bruda
|inactive|trndstta has 120 seconds left.
|c|☆trndstta|why u copied me man
|c|☆trndstta|smh
|c|☆The Boy Saviour|Fym
|
|t:|1779869798
|teamsize|p1|6
|teamsize|p2|6
|start
|switch|p1a: Not so Great Tusk|Great Tusk|100/100
|switch|p2a: Walking Wake|Walking Wake|100/100
|turn|1
|c|☆The Boy Saviour|WE copied pokeaim
|c|☆trndstta|idk who that is
|c|☆trndstta|i made this team by myself
|c|☆trndstta|!
|c|☆The Boy Saviour|Fym
|inactive|The Boy Saviour has 120 seconds left.
|
|t:|1779869828
|move|p2a: Walking Wake|Hydro Steam|p1a: Not so Great Tusk
|-supereffective|p1a: Not so Great Tusk
|-damage|p1a: Not so Great Tusk|0 fnt
|faint|p1a: Not so Great Tusk
|-end|p1a: Not so Great Tusk|Protosynthesis|[silent]
|
|upkeep
|inactive|The Boy Saviour has 120 seconds left.
|
|t:|1779869834
|switch|p1a: Running Sleep|Walking Wake|100/100
|turn|2
|
|t:|1779869843
|-end|p2a: Walking Wake|Protosynthesis|[silent]
|switch|p2a: Hatterene|Hatterene, F|100/100
|move|p1a: Running Sleep|Draco Meteor|p2a: Hatterene
|-immune|p2a: Hatterene
|
|upkeep
|turn|3
|
|t:|1779869860
|-end|p1a: Running Sleep|Protosynthesis|[silent]
|switch|p1a: Hattrix|Hatterene, F|100/100
|move|p2a: Hatterene|Nuzzle|p1a: Hattrix
|-damage|p1a: Hattrix|97/100
|-status|p1a: Hattrix|par
|-enditem|p1a: Hattrix|Eject Button
|inactive|The Boy Saviour has 120 seconds left.
|
|t:|1779869871
|switch|p1a: Venus Au R|Venusaur, M|100/100
|
|upkeep
|turn|4
|c|☆The Boy Saviour|My first match with the team is against the same team bruh
|
|t:|1779869900
|switch|p2a: Great Tusk|Great Tusk|100/100
|move|p1a: Venus Au R|Sludge Bomb|p2a: Great Tusk
|-resisted|p2a: Great Tusk
|-damage|p2a: Great Tusk|64/100
|-damage|p1a: Venus Au R|91/100|[from] item: Life Orb
|
|upkeep
|turn|5
|
|t:|1779869913
|switch|p1a: Hattrix|Hatterene, F|97/100 par
|move|p2a: Great Tusk|Stealth Rock|p1a: Hattrix
|move|p1a: Hattrix|Stealth Rock|p2a: Great Tusk|[from] ability: Magic Bounce
|-sidestart|p2: trndstta|move: Stealth Rock
|
|upkeep
|turn|6
|
|t:|1779869917
|move|p2a: Great Tusk|Rapid Spin|p1a: Hattrix
|-damage|p1a: Hattrix|82/100 par
|-boost|p2a: Great Tusk|spe|1
|-sideend|p2: trndstta|Stealth Rock|[from] move: Rapid Spin|[of] p2a: Great Tusk
|cant|p1a: Hattrix|par
|
|upkeep
|turn|7
|
|t:|1779869923
|-end|p2a: Great Tusk|Protosynthesis|[silent]
|switch|p2a: Ninetales|Ninetales, M|100/100
|-weather|SunnyDay|[from] ability: Drought|[of] p2a: Ninetales
|move|p1a: Hattrix|Psychic Noise|p2a: Ninetales
|-damage|p2a: Ninetales|68/100
|-start|p2a: Ninetales|move: Heal Block
|
|-weather|SunnyDay|[upkeep]
|upkeep
|turn|8
|
|t:|1779869928
|switch|p2a: Walking Wake|Walking Wake|100/100
|-activate|p2a: Walking Wake|ability: Protosynthesis
|-start|p2a: Walking Wake|protosynthesisspe
|move|p1a: Hattrix|Nuzzle|p2a: Walking Wake
|-damage|p2a: Walking Wake|96/100
|-status|p2a: Walking Wake|par
|
|-weather|SunnyDay|[upkeep]
|upkeep
|turn|9
|
|t:|1779869931
|move|p2a: Walking Wake|Hydro Steam|p1a: Hattrix
|-damage|p1a: Hattrix|0 fnt
|faint|p1a: Hattrix
|
|-weather|SunnyDay|[upkeep]
|upkeep
|
|t:|1779869941
|switch|p1a: Venus Au R|Venusaur, M|91/100
|turn|10
|
|t:|1779869942
|move|p1a: Venus Au R|Growth|p1a: Venus Au R
|-boost|p1a: Venus Au R|atk|2
|-boost|p1a: Venus Au R|spa|2
|cant|p2a: Walking Wake|par
|
|-weather|SunnyDay|[upkeep]
|upkeep
|turn|11
|
|t:|1779869949
|move|p1a: Venus Au R|Giga Drain|p2a: Walking Wake
|-damage|p2a: Walking Wake|4/100 par
|-heal|p1a: Venus Au R|100/100|[from] drain|[of] p2a: Walking Wake
|-damage|p1a: Venus Au R|91/100|[from] item: Life Orb
|cant|p2a: Walking Wake|par
|
|-weather|SunnyDay|[upkeep]
|upkeep
|turn|12
|c|☆The Boy Saviour|Mb
|
|t:|1779869958
|move|p1a: Venus Au R|Giga Drain|p2a: Walking Wake
|-damage|p2a: Walking Wake|0 fnt
|-heal|p1a: Venus Au R|93/100|[from] drain|[of] p2a: Walking Wake
|faint|p2a: Walking Wake
|-end|p2a: Walking Wake|Protosynthesis|[silent]
|-damage|p1a: Venus Au R|83/100|[from] item: Life Orb
|
|-weather|SunnyDay|[upkeep]
|upkeep
|
|t:|1779869971
|switch|p2a: Venusaur|Venusaur, M|100/100
|turn|13
|
|t:|1779869979
|move|p2a: Venusaur|Weather Ball|p1a: Venus Au R
|-supereffective|p1a: Venus Au R
|-damage|p1a: Venus Au R|0 fnt
|faint|p1a: Venus Au R
|-damage|p2a: Venusaur|91/100|[from] item: Life Orb
|
|-weather|SunnyDay|[upkeep]
|upkeep
|
|t:|1779869989
|switch|p1a: Kentucky Kicks|Blaziken, M|100/100
|turn|14
|
|t:|1779869992
|switch|p2a: Hatterene|Hatterene, F|100/100
|move|p1a: Kentucky Kicks|Focus Energy|p1a: Kentucky Kicks
|-start|p1a: Kentucky Kicks|move: Focus Energy
|
|-weather|none
|-ability|p1a: Kentucky Kicks|Speed Boost|boost
|-boost|p1a: Kentucky Kicks|spe|1
|upkeep
|turn|15
|c|☆The Boy Saviour|mb bruh i didnt mean it i swear
|
|t:|1779870010
|-terastallize|p1a: Kentucky Kicks|Fire
|move|p1a: Kentucky Kicks|Overheat|p2a: Hatterene
|-crit|p2a: Hatterene
|-damage|p2a: Hatterene|0 fnt
|-unboost|p1a: Kentucky Kicks|spa|2
|faint|p2a: Hatterene
|
|-ability|p1a: Kentucky Kicks|Speed Boost|boost
|-boost|p1a: Kentucky Kicks|spe|1
|upkeep
|
|t:|1779870028
|switch|p2a: Great Tusk|Great Tusk|64/100
|turn|16
|
|t:|1779870032
|move|p1a: Kentucky Kicks|Overheat|p2a: Great Tusk
|-crit|p2a: Great Tusk
|-damage|p2a: Great Tusk|0 fnt
|-unboost|p1a: Kentucky Kicks|spa|2
|faint|p2a: Great Tusk
|-end|p2a: Great Tusk|Protosynthesis|[silent]
|
|-ability|p1a: Kentucky Kicks|Speed Boost|boost
|-boost|p1a: Kentucky Kicks|spe|1
|upkeep
|
|t:|1779870041
|switch|p2a: Ninetales|Ninetales, M|68/100
|-weather|SunnyDay|[from] ability: Drought|[of] p2a: Ninetales
|turn|17
|c|☆The Boy Saviour|Fear wake
|
|t:|1779870048
|move|p1a: Kentucky Kicks|Close Combat|p2a: Ninetales
|-crit|p2a: Ninetales
|-damage|p2a: Ninetales|0 fnt
|-unboost|p1a: Kentucky Kicks|def|1
|-unboost|p1a: Kentucky Kicks|spd|1
|faint|p2a: Ninetales
|
|-weather|SunnyDay|[upkeep]
|-ability|p1a: Kentucky Kicks|Speed Boost|boost
|-boost|p1a: Kentucky Kicks|spe|1
|upkeep
|
|t:|1779870054
|switch|p2a: Blaziken|Blaziken, M|100/100
|turn|18
|j| hgghgbc
|
|t:|1779870071
|move|p1a: Kentucky Kicks|Close Combat|p2a: Blaziken
|-crit|p2a: Blaziken
|-damage|p2a: Blaziken|0 fnt
|-unboost|p1a: Kentucky Kicks|def|1
|-unboost|p1a: Kentucky Kicks|spd|1
|faint|p2a: Blaziken
|
|-weather|SunnyDay|[upkeep]
|-ability|p1a: Kentucky Kicks|Speed Boost|boost
|-boost|p1a: Kentucky Kicks|spe|1
|upkeep
|
|t:|1779870074
|switch|p2a: Venusaur|Venusaur, M|91/100
|turn|19
|
|t:|1779870077
|move|p1a: Kentucky Kicks|Overheat|p2a: Venusaur|[miss]
|-miss|p1a: Kentucky Kicks|p2a: Venusaur
|move|p2a: Venusaur|Giga Drain|p1a: Kentucky Kicks
|-resisted|p1a: Kentucky Kicks
|-damage|p1a: Kentucky Kicks|39/100
|-heal|p2a: Venusaur|100/100|[from] drain|[of] p1a: Kentucky Kicks
|-damage|p2a: Venusaur|91/100|[from] item: Life Orb
|
|-weather|SunnyDay|[upkeep]
|-ability|p1a: Kentucky Kicks|Speed Boost|boost
|-boost|p1a: Kentucky Kicks|spe|1
|upkeep
|turn|20
|
|t:|1779870079
|move|p1a: Kentucky Kicks|Overheat|p2a: Venusaur
|-supereffective|p2a: Venusaur
|-crit|p2a: Venusaur
|-damage|p2a: Venusaur|0 fnt
|-unboost|p1a: Kentucky Kicks|spa|2
|faint|p2a: Venusaur
|
|win|The Boy Saviour
|raw|The Boy Saviour's rating: 1416 &rarr; <strong>1437</strong><br />(+21 for winning)
|raw|trndstta's rating: 1440 &rarr; <strong>1419</strong><br />(-21 for losing)
|l|☆trndstta
|player|p2|
|l|☆The Boy Saviour
|player|p1|
|l| hgghgbc
