|j|☆Miurez
|j|☆TeeDeeBee
|t:|1779827845
|gametype|singles
|player|p1|Miurez|pokemonranger-gen4|1517
|player|p2|TeeDeeBee|265|1547
|gen|9
|tier|[Gen 9] OU
|rated|
|rule|HP Percentage Mod: HP is shown in percentages
|rule|Endless Battle Clause: Forcing endless battles is banned
|rule|Species Clause: Limit one of each Pokémon
|rule|OHKO Clause: OHKO moves are banned
|rule|Evasion Items Clause: Evasion items are banned
|rule|Evasion Moves Clause: Evasion moves are banned
|rule|Evasion Abilities Clause: Evasion abilities are banned
|rule|Sleep Moves Clause: Sleep-inducing moves are banned
|clearpoke
|poke|p1|Deoxys-Speed|
|poke|p1|Ceruledge, M|
|poke|p1|Zamazenta-*|
|poke|p1|Ogerpon-Wellspring, F|
|poke|p1|Glimmora, M|
|poke|p1|Hatterene, F|
|poke|p2|Vileplume, F|
|poke|p2|Torkoal, F|
|poke|p2|Walking Wake|
|poke|p2|Great Tusk|
|poke|p2|Hatterene, F|
|poke|p2|Kingambit, F|
|teampreview
|inactive|Battle timer is ON: inactive players will automatically lose when time's up. (requested by TeeDeeBee)
|
|t:|1779827876
|teamsize|p1|6
|teamsize|p2|6
|start
|switch|p1a: Deoxys|Deoxys-Speed|100/100
|switch|p2a: Korking Toal|Torkoal, F|100/100
|-ability|p1a: Deoxys|Pressure
|-weather|SunnyDay|[from] ability: Drought|[of] p2a: Korking Toal
|turn|1
|
|t:|1779827884
|switch|p2a: StraggotBait|Hatterene, F|100/100
|move|p1a: Deoxys|Taunt|p2a: StraggotBait
|move|p2a: StraggotBait|Taunt|p1a: Deoxys|[from] ability: Magic Bounce
|-start|p1a: Deoxys|move: Taunt
|
|-weather|SunnyDay|[upkeep]
|upkeep
|turn|2
|
|t:|1779827901
|switch|p1a: Glimmora|Glimmora, M|100/100
|move|p2a: StraggotBait|Nuzzle|p1a: Glimmora
|-damage|p1a: Glimmora|96/100
|-status|p1a: Glimmora|par
|-activate|p1a: Glimmora|ability: Toxic Debris
|-sidestart|p2: TeeDeeBee|move: Toxic Spikes
|
|-weather|SunnyDay|[upkeep]
|upkeep
|turn|3
|
|t:|1779827911
|move|p1a: Glimmora|Meteor Beam||[still]
|-prepare|p1a: Glimmora|Meteor Beam
|-boost|p1a: Glimmora|spa|1
|-enditem|p1a: Glimmora|Power Herb
|-anim|p1a: Glimmora|Meteor Beam|p2a: StraggotBait
|-damage|p2a: StraggotBait|5/100
|-enditem|p2a: StraggotBait|Eject Button
|
|t:|1779827931
|switch|p2a: Pile of Vloom|Vileplume, F|100/100
|-sideend|p2: TeeDeeBee|move: Toxic Spikes|[of] p2a: Pile of Vloom
|
|-weather|SunnyDay|[upkeep]
|upkeep
|turn|4
|
|t:|1779827940
|move|p2a: Pile of Vloom|Growth|p2a: Pile of Vloom
|-boost|p2a: Pile of Vloom|atk|2
|-boost|p2a: Pile of Vloom|spa|2
|move|p1a: Glimmora|Earth Power|p2a: Pile of Vloom
|-damage|p2a: Pile of Vloom|36/100
|
|-weather|SunnyDay|[upkeep]
|upkeep
|turn|5
|
|t:|1779827948
|move|p2a: Pile of Vloom|Giga Drain|p1a: Glimmora
|-damage|p1a: Glimmora|0 fnt
|-heal|p2a: Pile of Vloom|86/100|[from] drain|[of] p1a: Glimmora
|faint|p1a: Glimmora
|-damage|p2a: Pile of Vloom|76/100|[from] item: Life Orb
|
|-weather|SunnyDay|[upkeep]
|upkeep
|
|t:|1779827959
|switch|p1a: Ceruledge|Ceruledge, M|100/100
|turn|6
|
|t:|1779827977
|move|p2a: Pile of Vloom|Giga Drain|p1a: Ceruledge
|-resisted|p1a: Ceruledge
|-damage|p1a: Ceruledge|52/100
|-heal|p2a: Pile of Vloom|100/100|[from] drain|[of] p1a: Ceruledge
|-damage|p2a: Pile of Vloom|91/100|[from] item: Life Orb
|move|p1a: Ceruledge|Bitter Blade|p2a: Pile of Vloom
|-supereffective|p2a: Pile of Vloom
|-damage|p2a: Pile of Vloom|0 fnt
|-heal|p1a: Ceruledge|93/100|[from] drain|[of] p2a: Pile of Vloom
|faint|p2a: Pile of Vloom
|-damage|p1a: Ceruledge|83/100|[from] item: Life Orb
|
|-weather|SunnyDay|[upkeep]
|upkeep
|inactive|TeeDeeBee has 120 seconds left.
|
|t:|1779828022
|switch|p2a: Treat Gusk|Great Tusk|100/100
|-activate|p2a: Treat Gusk|ability: Protosynthesis
|-start|p2a: Treat Gusk|protosynthesisatk
|turn|7
|
|t:|1779828043
|-terastallize|p1a: Ceruledge|Ghost
|move|p2a: Treat Gusk|Headlong Rush|p1a: Ceruledge
|-damage|p1a: Ceruledge|0 fnt
|-unboost|p2a: Treat Gusk|def|1
|-unboost|p2a: Treat Gusk|spd|1
|faint|p1a: Ceruledge
|
|-weather|SunnyDay|[upkeep]
|upkeep
|
|t:|1779828055
|switch|p1a: Deoxys|Deoxys-Speed|100/100
|-ability|p1a: Deoxys|Pressure
|turn|8
|
|t:|1779828066
|-end|p2a: Treat Gusk|Protosynthesis|[silent]
|switch|p2a: StraggotBait|Hatterene, F|5/100
|move|p1a: Deoxys|Reflect|p1a: Deoxys
|-sidestart|p1: Miurez|Reflect
|
|-weather|none
|upkeep
|turn|9
|
|t:|1779828086
|move|p1a: Deoxys|Light Screen|p1a: Deoxys
|-sidestart|p1: Miurez|move: Light Screen
|move|p2a: StraggotBait|Nuzzle|p1a: Deoxys
|-damage|p1a: Deoxys|98/100
|-status|p1a: Deoxys|par
|
|upkeep
|turn|10
|
|t:|1779828106
|move|p1a: Deoxys|Psycho Boost|p2a: StraggotBait
|-resisted|p2a: StraggotBait
|-damage|p2a: StraggotBait|0 fnt
|-unboost|p1a: Deoxys|spa|2
|faint|p2a: StraggotBait
|
|upkeep
|inactive|TeeDeeBee has 90 seconds left.
|
|t:|1779828129
|switch|p2a: Korking Toal|Torkoal, F|100/100
|-weather|SunnyDay|[from] ability: Drought|[of] p2a: Korking Toal
|turn|11
|inactive|TeeDeeBee has 90 seconds left.
|
|t:|1779828143
|cant|p1a: Deoxys|par
|move|p2a: Korking Toal|Will-O-Wisp||[still]
|-fail|p2a: Korking Toal
|
|-weather|SunnyDay|[upkeep]
|upkeep
|turn|12
|inactive|TeeDeeBee has 90 seconds left.
|
|t:|1779828166
|switch|p2a: Talking Blake|Walking Wake|100/100
|-activate|p2a: Talking Blake|ability: Protosynthesis
|-start|p2a: Talking Blake|protosynthesisspe
|move|p1a: Deoxys|Taunt|p2a: Talking Blake
|-start|p2a: Talking Blake|move: Taunt
|
|-weather|SunnyDay|[upkeep]
|upkeep
|turn|13
|
|t:|1779828196
|switch|p1a: Hatterene|Hatterene, F|100/100
|-terastallize|p2a: Talking Blake|Dragon
|move|p2a: Talking Blake|Dragon Pulse|p1a: Hatterene
|-immune|p1a: Hatterene
|
|-weather|SunnyDay|[upkeep]
|upkeep
|turn|14
|
|t:|1779828210
|-end|p2a: Talking Blake|Protosynthesis|[silent]
|switch|p2a: Gign Bamkit|Kingambit, F|100/100
|-activate|p2a: Gign Bamkit|ability: Supreme Overlord
|-start|p2a: Gign Bamkit|fallen2|[silent]
|move|p1a: Hatterene|Calm Mind|p1a: Hatterene
|-boost|p1a: Hatterene|spa|1
|-boost|p1a: Hatterene|spd|1
|
|-weather|SunnyDay|[upkeep]
|upkeep
|turn|15
|
|t:|1779828221
|move|p2a: Gign Bamkit|Swords Dance|p2a: Gign Bamkit
|-boost|p2a: Gign Bamkit|atk|2
|move|p1a: Hatterene|Nuzzle|p2a: Gign Bamkit
|-damage|p2a: Gign Bamkit|97/100
|-status|p2a: Gign Bamkit|par
|
|-weather|SunnyDay|[upkeep]
|-sideend|p1: Miurez|Reflect
|upkeep
|turn|16
|
|t:|1779828229
|move|p1a: Hatterene|Draining Kiss|p2a: Gign Bamkit
|-damage|p2a: Gign Bamkit|58/100 par
|cant|p2a: Gign Bamkit|par
|
|-weather|SunnyDay|[upkeep]
|-sideend|p1: Miurez|move: Light Screen
|upkeep
|turn|17
|
|t:|1779828235
|move|p1a: Hatterene|Draining Kiss|p2a: Gign Bamkit
|-damage|p2a: Gign Bamkit|18/100 par
|move|p2a: Gign Bamkit|Kowtow Cleave|p1a: Hatterene
|-damage|p1a: Hatterene|0 fnt
|faint|p1a: Hatterene
|
|-weather|SunnyDay|[upkeep]
|upkeep
|
|t:|1779828244
|switch|p1a: Zamazenta|Zamazenta|100/100
|-ability|p1a: Zamazenta|Dauntless Shield|boost
|-boost|p1a: Zamazenta|def|1
|turn|18
|
|t:|1779828250
|move|p1a: Zamazenta|Body Press|p2a: Gign Bamkit
|-supereffective|p2a: Gign Bamkit
|-damage|p2a: Gign Bamkit|0 fnt
|faint|p2a: Gign Bamkit
|-end|p2a: Gign Bamkit|fallen2|[silent]
|
|-weather|none
|upkeep
|
|t:|1779828258
|switch|p2a: Korking Toal|Torkoal, F|100/100
|-weather|SunnyDay|[from] ability: Drought|[of] p2a: Korking Toal
|turn|19
|inactive|TeeDeeBee has 90 seconds left.
|
|t:|1779828264
|move|p1a: Zamazenta|Iron Defense|p1a: Zamazenta
|-boost|p1a: Zamazenta|def|2
|move|p2a: Korking Toal|Will-O-Wisp|p1a: Zamazenta
|-status|p1a: Zamazenta|brn
|
|-weather|SunnyDay|[upkeep]
|-damage|p1a: Zamazenta|94/100 brn|[from] brn
|upkeep
|turn|20
|inactive|TeeDeeBee has 90 seconds left.
|
|t:|1779828284
|switch|p2a: Talking Blake|Walking Wake, tera:Dragon|100/100
|-activate|p2a: Talking Blake|ability: Protosynthesis
|-start|p2a: Talking Blake|protosynthesisspe
|move|p1a: Zamazenta|Body Press|p2a: Talking Blake
|-damage|p2a: Talking Blake|52/100
|
|-weather|SunnyDay|[upkeep]
|-heal|p1a: Zamazenta|100/100 brn|[from] item: Leftovers
|-damage|p1a: Zamazenta|94/100 brn|[from] brn
|upkeep
|turn|21
|
|t:|1779828296
|move|p2a: Talking Blake|Dragon Pulse|p1a: Zamazenta
|-damage|p1a: Zamazenta|11/100 brn
|move|p1a: Zamazenta|Body Press|p2a: Talking Blake
|-damage|p2a: Talking Blake|0 fnt
|faint|p2a: Talking Blake
|-end|p2a: Talking Blake|Protosynthesis|[silent]
|
|-weather|SunnyDay|[upkeep]
|-heal|p1a: Zamazenta|17/100 brn|[from] item: Leftovers
|-damage|p1a: Zamazenta|11/100 brn|[from] brn
|upkeep
|
|t:|1779828305
|switch|p2a: Treat Gusk|Great Tusk|100/100
|-activate|p2a: Treat Gusk|ability: Protosynthesis
|-start|p2a: Treat Gusk|protosynthesisatk
|turn|22
|
|t:|1779828312
|move|p1a: Zamazenta|Body Press|p2a: Treat Gusk
|-damage|p2a: Treat Gusk|65/100
|move|p2a: Treat Gusk|Rapid Spin|p1a: Zamazenta
|-damage|p1a: Zamazenta|3/100 brn
|-boost|p2a: Treat Gusk|spe|1
|
|-weather|SunnyDay|[upkeep]
|-heal|p1a: Zamazenta|9/100 brn|[from] item: Leftovers
|-damage|p1a: Zamazenta|3/100 brn|[from] brn
|upkeep
|turn|23
|inactive|TeeDeeBee has 90 seconds left.
|
|t:|1779828325
|move|p2a: Treat Gusk|Rapid Spin|p1a: Zamazenta
|-damage|p1a: Zamazenta|0 fnt
|-boost|p2a: Treat Gusk|spe|1
|faint|p1a: Zamazenta
|
|-weather|SunnyDay|[upkeep]
|upkeep
|
|t:|1779828332
|switch|p1a: Deoxys|Deoxys-Speed|98/100 par
|-ability|p1a: Deoxys|Pressure
|turn|24
|inactive|TeeDeeBee has 90 seconds left.
|
|t:|1779828343
|move|p2a: Treat Gusk|Headlong Rush|p1a: Deoxys
|-damage|p1a: Deoxys|0 fnt
|-unboost|p2a: Treat Gusk|def|1
|-unboost|p2a: Treat Gusk|spd|1
|faint|p1a: Deoxys
|
|-weather|SunnyDay|[upkeep]
|upkeep
|
|t:|1779828347
|switch|p1a: Ogerpon|Ogerpon-Wellspring, F|100/100
|turn|25
|
|t:|1779828354
|move|p2a: Treat Gusk|Close Combat|p1a: Ogerpon
|-damage|p1a: Ogerpon|1/100
|-unboost|p2a: Treat Gusk|def|1
|-unboost|p2a: Treat Gusk|spd|1
|move|p1a: Ogerpon|Horn Leech|p2a: Treat Gusk
|-supereffective|p2a: Treat Gusk
|-damage|p2a: Treat Gusk|0 fnt
|-heal|p1a: Ogerpon|41/100|[from] drain|[of] p2a: Treat Gusk
|faint|p2a: Treat Gusk
|-end|p2a: Treat Gusk|Protosynthesis|[silent]
|
|-weather|SunnyDay|[upkeep]
|upkeep
|
|t:|1779828363
|switch|p2a: Korking Toal|Torkoal, F|100/100
|turn|26
|
|t:|1779828370
|move|p1a: Ogerpon|Ivy Cudgel|p2a: Korking Toal|[anim] Ivy Cudgel Water
|-supereffective|p2a: Korking Toal
|-damage|p2a: Korking Toal|60/100
|move|p2a: Korking Toal|Will-O-Wisp|p1a: Ogerpon|[miss]
|-miss|p2a: Korking Toal|p1a: Ogerpon
|
|-weather|none
|upkeep
|turn|27
|c|☆TeeDeeBee|:(
|
|t:|1779828393
|move|p1a: Ogerpon|Ivy Cudgel|p2a: Korking Toal|[anim] Ivy Cudgel Water
|-supereffective|p2a: Korking Toal
|-crit|p2a: Korking Toal
|-damage|p2a: Korking Toal|0 fnt
|faint|p2a: Korking Toal
|
|win|Miurez
|raw|Miurez's rating: 1517 &rarr; <strong>1539</strong><br />(+22 for winning)
|raw|TeeDeeBee's rating: 1547 &rarr; <strong>1525</strong><br />(-22 for losing)
|l|☆TeeDeeBee
|player|p2|
|j|☆TeeDeeBee
|player|p2|TeeDeeBee|265|
