|j|☆Amoroc
|j|☆chaojihecheng
|t:|1779930386
|gametype|singles
|player|p1|Amoroc|hiker|1089
|player|p2|chaojihecheng|volkner|1070
|gen|9
|tier|[Gen 9] OU
|rated|
|rule|HP Percentage Mod: HP is shown in percentages
|rule|Endless Battle Clause: Forcing endless battles is banned
|rule|Species Clause: Limit one of each Pokémon
|rule|OHKO Clause: OHKO moves are banned
|rule|Evasion Items Clause: Evasion items are banned
|rule|Evasion Moves Clause: Evasion moves are banned
|rule|Evasion Abilities Clause: Evasion abilities are banned
|rule|Sleep Moves Clause: Sleep-inducing moves are banned
|clearpoke
|poke|p1|Araquanid, M|
|poke|p1|Galvantula, F|
|poke|p1|Ariados, M|
|poke|p1|Spidops, M|
|poke|p1|Haxorus, F|
|poke|p1|Gholdengo|
|poke|p2|Corviknight, M|
|poke|p2|Regieleki|
|poke|p2|Heatran, M|
|poke|p2|Pelipper, M|
|poke|p2|Barraskewda, M|
|poke|p2|Florges-White, F|
|teampreview
|inactive|Battle timer is ON: inactive players will automatically lose when time's up. (requested by chaojihecheng)
|
|t:|1779930391
|teamsize|p1|6
|teamsize|p2|6
|start
|switch|p1a: he fastt|Galvantula, F|100/100
|switch|p2a: Pelipper|Pelipper, M, shiny|100/100
|-weather|RainDance|[from] ability: Drizzle|[of] p2a: Pelipper
|turn|1
|
|t:|1779930414
|switch|p2a: Heatran|Heatran, M, shiny|100/100
|-item|p2a: Heatran|Air Balloon
|move|p1a: he fastt|Volt Switch|p2a: Heatran
|-damage|p2a: Heatran|67/100
|-enditem|p2a: Heatran|Air Balloon
|-damage|p1a: he fastt|91/100|[from] item: Life Orb
|
|t:|1779930424
|switch|p1a: he attacc|Haxorus, F|100/100|[from] Volt Switch
|-ability|p1a: he attacc|Mold Breaker
|
|-weather|RainDance|[upkeep]
|upkeep
|turn|2
|
|t:|1779930436
|move|p1a: he attacc|Earthquake|p2a: Heatran
|-supereffective|p2a: Heatran
|-damage|p2a: Heatran|0 fnt
|faint|p2a: Heatran
|
|-weather|RainDance|[upkeep]
|upkeep
|
|t:|1779930439
|switch|p2a: Florges|Florges-White, F, shiny|100/100
|turn|3
|
|t:|1779930449
|move|p1a: he attacc|Poison Jab|p2a: Florges
|-supereffective|p2a: Florges
|-damage|p2a: Florges|20/100
|-status|p2a: Florges|psn
|move|p2a: Florges|Calm Mind|p2a: Florges
|-boost|p2a: Florges|spa|1
|-boost|p2a: Florges|spd|1
|
|-weather|RainDance|[upkeep]
|-damage|p2a: Florges|8/100 psn|[from] psn
|upkeep
|turn|4
|
|t:|1779930463
|move|p1a: he attacc|Poison Jab|p2a: Florges
|-supereffective|p2a: Florges
|-damage|p2a: Florges|0 fnt
|faint|p2a: Florges
|
|-weather|RainDance|[upkeep]
|upkeep
|
|t:|1779930469
|switch|p2a: Barraskewda|Barraskewda, M, shiny|100/100
|turn|5
|
|t:|1779930479
|move|p2a: Barraskewda|Liquidation|p1a: he attacc
|-resisted|p1a: he attacc
|-damage|p1a: he attacc|41/100
|-damage|p2a: Barraskewda|91/100|[from] item: Life Orb
|move|p1a: he attacc|Outrage|p2a: Barraskewda
|-damage|p2a: Barraskewda|0 fnt
|faint|p2a: Barraskewda
|
|-weather|RainDance|[upkeep]
|upkeep
|
|t:|1779930488
|switch|p2a: Corviknight|Corviknight, M, shiny|100/100
|turn|6
|
|t:|1779930491
|move|p1a: he attacc|Outrage|p2a: Corviknight|[from] lockedmove
|-resisted|p2a: Corviknight
|-damage|p2a: Corviknight|73/100
|move|p2a: Corviknight|Iron Defense|p2a: Corviknight
|-boost|p2a: Corviknight|def|2
|
|-weather|RainDance|[upkeep]
|-heal|p2a: Corviknight|79/100|[from] item: Leftovers
|upkeep
|turn|7
|
|t:|1779930498
|move|p1a: he attacc|Outrage|p2a: Corviknight|[from] lockedmove
|-resisted|p2a: Corviknight
|-crit|p2a: Corviknight
|-damage|p2a: Corviknight|43/100
|-start|p1a: he attacc|confusion|[fatigue]
|move|p2a: Corviknight|Iron Defense|p2a: Corviknight
|-boost|p2a: Corviknight|def|2
|
|-weather|RainDance|[upkeep]
|-heal|p2a: Corviknight|49/100|[from] item: Leftovers
|upkeep
|turn|8
|
|t:|1779930510
|-activate|p1a: he attacc|confusion
|-damage|p1a: he attacc|19/100|[from] confusion
|move|p2a: Corviknight|Roost|p2a: Corviknight
|-heal|p2a: Corviknight|99/100
|-singleturn|p2a: Corviknight|move: Roost
|
|-weather|none
|-heal|p2a: Corviknight|100/100|[from] item: Leftovers
|upkeep
|turn|9
|
|t:|1779930523
|-activate|p1a: he attacc|confusion
|move|p1a: he attacc|Swords Dance|p1a: he attacc
|-boost|p1a: he attacc|atk|2
|move|p2a: Corviknight|Body Press|p1a: he attacc
|-crit|p1a: he attacc
|-damage|p1a: he attacc|0 fnt
|faint|p1a: he attacc
|
|upkeep
|
|t:|1779930532
|switch|p1a: he fastt|Galvantula, F|91/100
|turn|10
|
|t:|1779930539
|move|p1a: he fastt|Volt Switch|p2a: Corviknight
|-supereffective|p2a: Corviknight
|-damage|p2a: Corviknight|32/100
|-damage|p1a: he fastt|81/100|[from] item: Life Orb
|
|t:|1779930544
|switch|p1a: he strikes bacc|Ariados, M|100/100|[from] Volt Switch
|move|p2a: Corviknight|Brave Bird|p1a: he strikes bacc
|-supereffective|p1a: he strikes bacc
|-damage|p1a: he strikes bacc|0 fnt
|faint|p1a: he strikes bacc
|-damage|p2a: Corviknight|0 fnt|[from] Recoil
|faint|p2a: Corviknight
|
|upkeep
|
|t:|1779930570
|switch|p2a: Pelipper|Pelipper, M, shiny|100/100
|switch|p1a: he fastt|Galvantula, F|81/100
|-weather|RainDance|[from] ability: Drizzle|[of] p2a: Pelipper
|turn|11
|
|t:|1779930579
|-terastallize|p2a: Pelipper|Ground
|move|p1a: he fastt|Volt Switch|p2a: Pelipper
|-immune|p2a: Pelipper
|move|p2a: Pelipper|Hurricane|p1a: he fastt
|-damage|p1a: he fastt|11/100
|-start|p1a: he fastt|confusion
|
|-weather|RainDance|[upkeep]
|upkeep
|turn|12
|
|t:|1779930590
|-activate|p1a: he fastt|confusion
|move|p1a: he fastt|Giga Drain|p2a: Pelipper
|-supereffective|p2a: Pelipper
|-damage|p2a: Pelipper|32/100
|-heal|p1a: he fastt|49/100|[from] drain|[of] p2a: Pelipper
|-damage|p1a: he fastt|39/100|[from] item: Life Orb
|move|p2a: Pelipper|Hurricane|p1a: he fastt
|-damage|p1a: he fastt|0 fnt
|faint|p1a: he fastt
|
|-weather|RainDance|[upkeep]
|upkeep
|
|t:|1779930600
|switch|p1a: he fatt|Araquanid, M|100/100
|turn|13
|
|t:|1779930611
|move|p2a: Pelipper|Roost|p2a: Pelipper
|-heal|p2a: Pelipper|82/100
|move|p1a: he fatt|Liquidation|p2a: Pelipper
|-supereffective|p2a: Pelipper
|-damage|p2a: Pelipper|0 fnt
|faint|p2a: Pelipper
|
|-weather|RainDance|[upkeep]
|upkeep
|
|t:|1779930616
|switch|p2a: Regieleki|Regieleki, shiny|100/100
|turn|14
|
|t:|1779930619
|move|p2a: Regieleki|Thunder|p1a: he fatt
|-supereffective|p1a: he fatt
|-damage|p1a: he fatt|0 fnt
|faint|p1a: he fatt
|
|-weather|RainDance|[upkeep]
|upkeep
|
|t:|1779930625
|switch|p1a: he trapp|Spidops, M|100/100
|turn|15
|
|t:|1779930630
|-terastallize|p1a: he trapp|Ground
|move|p2a: Regieleki|Thunder|p1a: he trapp
|-immune|p1a: he trapp
|move|p1a: he trapp|Knock Off|p2a: Regieleki
|-damage|p2a: Regieleki|63/100
|-enditem|p2a: Regieleki|Heavy-Duty Boots|[from] move: Knock Off|[of] p1a: he trapp
|
|-weather|RainDance|[upkeep]
|upkeep
|turn|16
|
|t:|1779930641
|move|p2a: Regieleki|Rapid Spin|p1a: he trapp
|-crit|p1a: he trapp
|-damage|p1a: he trapp|85/100
|-boost|p2a: Regieleki|spe|1
|move|p1a: he trapp|U-turn|p2a: Regieleki
|-damage|p2a: Regieleki|21/100
|
|t:|1779930647
|switch|p1a: he protecc|Gholdengo|100/100|[from] U-turn
|-item|p1a: he protecc|Air Balloon
|
|-weather|RainDance|[upkeep]
|upkeep
|turn|17
|
|t:|1779930653
|move|p2a: Regieleki|Thunder|p1a: he protecc
|-damage|p1a: he protecc|30/100
|-enditem|p1a: he protecc|Air Balloon
|move|p1a: he protecc|Shadow Ball|p2a: Regieleki
|-damage|p2a: Regieleki|0 fnt
|faint|p2a: Regieleki
|
|win|Amoroc
|raw|Amoroc's rating: 1089 &rarr; <strong>1114</strong><br />(+25 for winning)
|raw|chaojihecheng's rating: 1070 &rarr; <strong>1051</strong><br />(-19 for losing)
|l|☆chaojihecheng
|player|p2|
|c|☆Amoroc|gg
|l|☆Amoroc
|player|p1|
|j|☆chaojihecheng
|player|p2|chaojihecheng|volkner|
|l|☆chaojihecheng
|player|p2|
