|j|☆roddyj
|j|☆Bruen01
|t:|1779807775
|gametype|singles
|player|p1|roddyj|ethan|1560
|player|p2|Bruen01|bruno|1613
|gen|9
|tier|[Gen 9] OU
|rated|
|rule|HP Percentage Mod: HP is shown in percentages
|rule|Endless Battle Clause: Forcing endless battles is banned
|rule|Species Clause: Limit one of each Pokémon
|rule|OHKO Clause: OHKO moves are banned
|rule|Evasion Items Clause: Evasion items are banned
|rule|Evasion Moves Clause: Evasion moves are banned
|rule|Evasion Abilities Clause: Evasion abilities are banned
|rule|Sleep Moves Clause: Sleep-inducing moves are banned
|clearpoke
|poke|p1|Mamoswine, F|
|poke|p1|Kingambit, M|
|poke|p1|Serperior, M|
|poke|p1|Gyarados, M|
|poke|p1|Weezing-Galar, F|
|poke|p1|Milotic, M|
|poke|p2|Slowking-Galar, F|
|poke|p2|Landorus-Therian, M|
|poke|p2|Kyurem|
|poke|p2|Iron Valiant|
|poke|p2|Cinderace, F|
|poke|p2|Kingambit, F|
|teampreview
|j| KangkongNation
|inactive|Battle timer is ON: inactive players will automatically lose when time's up. (requested by roddyj)
|l| KangkongNation
|
|t:|1779807808
|teamsize|p1|6
|teamsize|p2|6
|start
|switch|p1a: Milotic|Milotic, M, shiny|100/100
|switch|p2a: Landorus|Landorus-Therian, M|100/100
|-ability|p2a: Landorus|Intimidate|boost
|-unboost|p1a: Milotic|atk|1
|-ability|p1a: Milotic|Competitive|boost
|-boost|p1a: Milotic|spa|2
|turn|1
|
|t:|1779807822
|switch|p2a: Slowking|Slowking-Galar, F|100/100
|move|p1a: Milotic|Surf|p2a: Slowking
|-damage|p2a: Slowking|54/100
|
|upkeep
|turn|2
|j| KangkongNation
|inactive|Bruen01 has 120 seconds left.
|l| KangkongNation
|inactive|Bruen01 has 90 seconds left.
|
|t:|1779807887
|move|p1a: Milotic|Surf|p2a: Slowking
|-damage|p2a: Slowking|3/100
|-prepare|p2a: Slowking|Chilly Reception|[premajor]
|move|p2a: Slowking|Chilly Reception|p2a: Slowking
|-weather|Snowscape
|inactive|Bruen01 has 90 seconds left.
|
|t:|1779807906
|switch|p2a: Kyurem|Kyurem|100/100|[from] Chilly Reception
|-ability|p2a: Kyurem|Pressure
|
|-weather|Snowscape|[upkeep]
|upkeep
|turn|3
|
|t:|1779807912
|move|p2a: Kyurem|Freeze-Dry|p1a: Milotic
|-supereffective|p1a: Milotic
|-damage|p1a: Milotic|53/100
|move|p1a: Milotic|Alluring Voice|p2a: Kyurem
|-supereffective|p2a: Kyurem
|-damage|p2a: Kyurem|0 fnt
|faint|p2a: Kyurem
|
|-weather|Snowscape|[upkeep]
|upkeep
|inactive|Bruen01 has 60 seconds left.
|
|t:|1779807953
|switch|p2a: Iron Valiant|Iron Valiant|100/100
|-enditem|p2a: Iron Valiant|Booster Energy
|-activate|p2a: Iron Valiant|ability: Quark Drive|[fromitem]
|-start|p2a: Iron Valiant|quarkdrivespe
|turn|4
|
|t:|1779807967
|move|p2a: Iron Valiant|Close Combat|p1a: Milotic
|-damage|p1a: Milotic|0 fnt
|-unboost|p2a: Iron Valiant|def|1
|-unboost|p2a: Iron Valiant|spd|1
|faint|p1a: Milotic
|
|-weather|Snowscape|[upkeep]
|upkeep
|
|t:|1779807984
|switch|p1a: Weezing|Weezing-Galar, F, shiny|100/100
|turn|5
|
|t:|1779807994
|-end|p2a: Iron Valiant|Quark Drive|[silent]
|switch|p2a: Slowking|Slowking-Galar, F|37/100
|move|p1a: Weezing|Strange Steam|p2a: Slowking
|-resisted|p2a: Slowking
|-damage|p2a: Slowking|28/100
|
|-weather|Snowscape|[upkeep]
|upkeep
|turn|6
|
|t:|1779808002
|switch|p1a: Kingambit|Kingambit, M, shiny|100/100
|-activate|p1a: Kingambit|ability: Supreme Overlord
|-start|p1a: Kingambit|fallen1|[silent]
|-prepare|p2a: Slowking|Chilly Reception|[premajor]
|move|p2a: Slowking|Chilly Reception|p2a: Slowking
|
|t:|1779808016
|switch|p2a: Iron Valiant|Iron Valiant|100/100|[from] Chilly Reception
|
|-weather|none
|upkeep
|turn|7
|
|t:|1779808023
|-end|p2a: Iron Valiant|Quark Drive|[silent]
|switch|p2a: Landorus|Landorus-Therian, M|100/100
|-ability|p2a: Landorus|Intimidate|boost
|-unboost|p1a: Kingambit|atk|1
|-end|p1a: Kingambit|fallen1|[silent]
|switch|p1a: Weezing|Weezing-Galar, F, shiny|100/100
|
|upkeep
|turn|8
|inactive|Bruen01 has 60 seconds left.
|
|t:|1779808053
|move|p2a: Landorus|Taunt|p1a: Weezing
|-start|p1a: Weezing|move: Taunt
|cant|p1a: Weezing|move: Taunt|Will-O-Wisp
|
|upkeep
|turn|9
|inactive|Bruen01 has 60 seconds left.
|
|t:|1779808064
|switch|p1a: Serperior|Serperior, M, shiny|100/100
|move|p2a: Landorus|Stealth Rock|p1a: Serperior
|-sidestart|p1: roddyj|move: Stealth Rock
|
|upkeep
|turn|10
|inactive|Bruen01 has 60 seconds left.
|
|t:|1779808083
|move|p1a: Serperior|Glare|p2a: Landorus
|-status|p2a: Landorus|par
|move|p2a: Landorus|U-turn|p1a: Serperior
|-supereffective|p1a: Serperior
|-damage|p1a: Serperior|56/100
|
|t:|1779808089
|switch|p2a: Cinderace|Cinderace, F|100/100|[from] U-turn
|
|-heal|p1a: Serperior|62/100|[from] item: Leftovers
|upkeep
|turn|11
|
|t:|1779808106
|-terastallize|p1a: Serperior|Water
|move|p2a: Cinderace|U-turn|p1a: Serperior
|-start|p2a: Cinderace|typechange|Bug|[from] ability: Libero
|-damage|p1a: Serperior|30/100
|inactive|Bruen01 has 30 seconds left.
|
|t:|1779808132
|switch|p2a: Kingambit|Kingambit, F|100/100|[from] U-turn
|-activate|p2a: Kingambit|ability: Supreme Overlord
|-start|p2a: Kingambit|fallen1|[silent]
|move|p1a: Serperior|Glare|p2a: Kingambit
|-status|p2a: Kingambit|par
|
|-heal|p1a: Serperior|36/100|[from] item: Leftovers
|upkeep
|turn|12
|
|t:|1779808141
|move|p1a: Serperior|Leech Seed|p2a: Kingambit
|-start|p2a: Kingambit|move: Leech Seed
|cant|p2a: Kingambit|par
|
|-heal|p1a: Serperior|43/100|[from] item: Leftovers
|-damage|p2a: Kingambit|88/100 par|[from] Leech Seed|[of] p1a: Serperior
|-heal|p1a: Serperior|57/100|[silent]
|upkeep
|turn|13
|
|t:|1779808154
|move|p1a: Serperior|Leaf Storm|p2a: Kingambit
|-resisted|p2a: Kingambit
|-damage|p2a: Kingambit|70/100 par
|-boost|p1a: Serperior|spa|2
|move|p2a: Kingambit|Kowtow Cleave|p1a: Serperior
|-damage|p1a: Serperior|4/100
|
|-heal|p1a: Serperior|10/100|[from] item: Leftovers
|-heal|p2a: Kingambit|77/100 par|[from] item: Leftovers
|-damage|p2a: Kingambit|64/100 par|[from] Leech Seed|[of] p1a: Serperior
|-heal|p1a: Serperior|24/100|[silent]
|upkeep
|turn|14
|inactive|Bruen01 has 30 seconds left.
|inactive|roddyj has 120 seconds left.
|
|t:|1779808185
|move|p1a: Serperior|Leaf Storm|p2a: Kingambit
|-resisted|p2a: Kingambit
|-damage|p2a: Kingambit|32/100 par
|-boost|p1a: Serperior|spa|2
|move|p2a: Kingambit|Kowtow Cleave|p1a: Serperior
|-damage|p1a: Serperior|0 fnt
|faint|p1a: Serperior
|
|-heal|p2a: Kingambit|38/100 par|[from] item: Leftovers
|upkeep
|inactive|roddyj has 120 seconds left.
|
|t:|1779808192
|switch|p1a: Weezing|Weezing-Galar, F, shiny|100/100
|-damage|p1a: Weezing|88/100|[from] Stealth Rock
|turn|15
|
|t:|1779808195
|-end|p2a: Kingambit|fallen1|[silent]
|switch|p2a: Slowking|Slowking-Galar, F|62/100
|move|p1a: Weezing|Defog|p2a: Slowking
|-unboost|p2a: Slowking|evasion|1
|-sideend|p1: roddyj|Stealth Rock|[from] move: Defog|[of] p1a: Weezing
|
|-heal|p1a: Weezing|94/100|[from] item: Leftovers
|upkeep
|turn|16
|
|t:|1779808208
|switch|p1a: Mamoswine|Mamoswine, F, shiny|100/100
|-prepare|p2a: Slowking|Chilly Reception|[premajor]
|move|p2a: Slowking|Chilly Reception|p2a: Slowking
|-weather|Snowscape
|inactive|Bruen01 has 30 seconds left.
|
|t:|1779808233
|switch|p2a: Landorus|Landorus-Therian, M|100/100 par|[from] Chilly Reception
|-ability|p2a: Landorus|Intimidate|boost
|-fail|p1a: Mamoswine|unboost|Attack|[from] ability: Oblivious|[of] p1a: Mamoswine
|
|-weather|Snowscape|[upkeep]
|upkeep
|turn|17
|inactive|Bruen01 has 30 seconds left.
|
|t:|1779808246
|switch|p2a: Kingambit|Kingambit, F|38/100 par
|-activate|p2a: Kingambit|ability: Supreme Overlord
|-start|p2a: Kingambit|fallen1|[silent]
|move|p1a: Mamoswine|Icicle Crash|p2a: Kingambit
|-resisted|p2a: Kingambit
|-damage|p2a: Kingambit|23/100 par
|
|-weather|Snowscape|[upkeep]
|-heal|p2a: Kingambit|29/100 par|[from] item: Leftovers
|upkeep
|turn|18
|inactive|Bruen01 has 30 seconds left.
|
|t:|1779808257
|move|p1a: Mamoswine|Icicle Crash|p2a: Kingambit
|-resisted|p2a: Kingambit
|-damage|p2a: Kingambit|14/100 par
|move|p2a: Kingambit|Iron Head|p1a: Mamoswine
|-supereffective|p1a: Mamoswine
|-damage|p1a: Mamoswine|22/100
|
|-weather|Snowscape|[upkeep]
|-heal|p2a: Kingambit|20/100 par|[from] item: Leftovers
|upkeep
|turn|19
|inactive|Bruen01 has 30 seconds left.
|
|t:|1779808268
|-end|p2a: Kingambit|fallen1|[silent]
|switch|p2a: Landorus|Landorus-Therian, M|100/100 par
|-ability|p2a: Landorus|Intimidate|boost
|-fail|p1a: Mamoswine|unboost|Attack|[from] ability: Oblivious|[of] p1a: Mamoswine
|move|p1a: Mamoswine|Stealth Rock|p2a: Landorus
|-sidestart|p2: Bruen01|move: Stealth Rock
|
|-weather|Snowscape|[upkeep]
|upkeep
|turn|20
|inactive|Bruen01 has 30 seconds left.
|inactive|Bruen01 has 20 seconds left.
|
|t:|1779808290
|switch|p2a: Kingambit|Kingambit, F|20/100 par
|-damage|p2a: Kingambit|14/100 par|[from] Stealth Rock
|-activate|p2a: Kingambit|ability: Supreme Overlord
|-start|p2a: Kingambit|fallen1|[silent]
|move|p1a: Mamoswine|Icicle Crash|p2a: Kingambit
|-resisted|p2a: Kingambit
|-damage|p2a: Kingambit|0 fnt
|faint|p2a: Kingambit
|-end|p2a: Kingambit|fallen1|[silent]
|
|-weather|none
|upkeep
|inactive|Bruen01 has 25 seconds left this turn.
|inactive|Bruen01 has 20 seconds left.
|
|t:|1779808296
|switch|p2a: Cinderace|Cinderace, F|100/100
|turn|21
|inactive|Bruen01 has 30 seconds left this turn.
|
|t:|1779808303
|move|p2a: Cinderace|U-turn|p1a: Mamoswine
|-start|p2a: Cinderace|typechange|Bug|[from] ability: Libero
|-damage|p1a: Mamoswine|0 fnt
|faint|p1a: Mamoswine
|inactive|Bruen01 has 30 seconds left this turn.
|inactive|Bruen01 has 20 seconds left.
|
|t:|1779808317
|switch|p2a: Iron Valiant|Iron Valiant|100/100|[from] U-turn
|-damage|p2a: Iron Valiant|94/100|[from] Stealth Rock
|
|upkeep
|
|t:|1779808336
|switch|p1a: Weezing|Weezing-Galar, F, shiny|94/100
|turn|22
|inactive|Bruen01 has 30 seconds left.
|
|t:|1779808344
|-end|p2a: Iron Valiant|Quark Drive|[silent]
|switch|p2a: Slowking|Slowking-Galar, F|95/100
|move|p1a: Weezing|Will-O-Wisp|p2a: Slowking
|-status|p2a: Slowking|brn
|
|-heal|p1a: Weezing|99/100|[from] item: Leftovers
|-damage|p2a: Slowking|89/100 brn|[from] brn
|upkeep
|turn|23
|
|t:|1779808351
|switch|p1a: Kingambit|Kingambit, M, shiny|100/100
|-activate|p1a: Kingambit|ability: Supreme Overlord
|-start|p1a: Kingambit|fallen3|[silent]
|move|p2a: Slowking|Future Sight|p1a: Kingambit
|-start|p2a: Slowking|move: Future Sight
|
|-damage|p2a: Slowking|83/100 brn|[from] brn
|upkeep
|turn|24
|inactive|Bruen01 has 30 seconds left.
|
|t:|1779808382
|switch|p2a: Cinderace|Cinderace, F|100/100
|move|p1a: Kingambit|Iron Head|p2a: Cinderace
|-resisted|p2a: Cinderace
|-damage|p2a: Cinderace|63/100
|
|upkeep
|turn|25
|inactive|Bruen01 has 30 seconds left.
|inactive|Bruen01 has 20 seconds left.
|
|t:|1779808398
|move|p2a: Cinderace|Will-O-Wisp|p1a: Kingambit
|-status|p1a: Kingambit|brn
|move|p1a: Kingambit|Kowtow Cleave|p2a: Cinderace
|-damage|p2a: Cinderace|13/100
|
|-end|p1a: Kingambit|move: Future Sight
|-immune|p1a: Kingambit
|-damage|p1a: Kingambit|94/100 brn|[from] brn
|upkeep
|turn|26
|inactive|Bruen01 has 30 seconds left this turn.
|inactive|Bruen01 has 20 seconds left.
|inactive|Bruen01 has 15 seconds left.
|
|t:|1779808417
|move|p2a: Cinderace|Court Change|p2a: Cinderace
|-start|p2a: Cinderace|typechange|Normal|[from] ability: Libero
|-swapsideconditions
|-activate|p2a: Cinderace|move: Court Change
|move|p1a: Kingambit|Iron Head|p2a: Cinderace
|-damage|p2a: Cinderace|0 fnt
|faint|p2a: Cinderace
|
|-damage|p1a: Kingambit|88/100 brn|[from] brn
|upkeep
|inactive|Bruen01 has 20 seconds left this turn.
|inactive|Bruen01 has 15 seconds left.
|
|t:|1779808426
|switch|p2a: Iron Valiant|Iron Valiant|94/100
|turn|27
|inactive|Bruen01 has 25 seconds left this turn.
|inactive|Bruen01 has 20 seconds left.
|inactive|roddyj has 120 seconds left.
|inactive|Bruen01 has 15 seconds left.
|inactive|Bruen01 has 10 seconds left.
|inactive|Bruen01 has 5 seconds left.
|
|t:|1779808472
|-end|p1a: Kingambit|fallen3|[silent]
|switch|p1a: Weezing|Weezing-Galar, F, shiny|99/100
|-damage|p1a: Weezing|88/100|[from] Stealth Rock
|move|p2a: Iron Valiant|Close Combat|p1a: Weezing
|-resisted|p1a: Weezing
|-damage|p1a: Weezing|80/100
|-unboost|p2a: Iron Valiant|def|1
|-unboost|p2a: Iron Valiant|spd|1
|
|-heal|p1a: Weezing|86/100|[from] item: Leftovers
|upkeep
|turn|28
|inactive|Bruen01 has 15 seconds left this turn.
|
|t:|1779808477
|-end|p2a: Iron Valiant|Quark Drive|[silent]
|switch|p2a: Slowking|Slowking-Galar, F|100/100 brn
|move|p1a: Weezing|Defog|p2a: Slowking
|-unboost|p2a: Slowking|evasion|1
|-sideend|p1: roddyj|Stealth Rock|[from] move: Defog|[of] p1a: Weezing
|
|-heal|p1a: Weezing|92/100|[from] item: Leftovers
|-damage|p2a: Slowking|94/100 brn|[from] brn
|upkeep
|turn|29
|inactive|Bruen01 has 25 seconds left this turn.
|inactive|Bruen01 has 20 seconds left.
|
|t:|1779808485
|switch|p1a: Kingambit|Kingambit, M, shiny|88/100 brn
|-activate|p1a: Kingambit|ability: Supreme Overlord
|-start|p1a: Kingambit|fallen3|[silent]
|move|p2a: Slowking|Future Sight|p1a: Kingambit
|-start|p2a: Slowking|move: Future Sight
|
|-damage|p1a: Kingambit|82/100 brn|[from] brn
|-damage|p2a: Slowking|88/100 brn|[from] brn
|upkeep
|turn|30
|inactive|Bruen01 has 30 seconds left this turn.
|
|t:|1779808494
|move|p1a: Kingambit|Iron Head|p2a: Slowking
|-damage|p2a: Slowking|59/100 brn
|-prepare|p2a: Slowking|Chilly Reception|[premajor]
|move|p2a: Slowking|Chilly Reception|p2a: Slowking
|-weather|Snowscape
|
|t:|1779808498
|switch|p2a: Iron Valiant|Iron Valiant|94/100|[from] Chilly Reception
|
|-weather|Snowscape|[upkeep]
|-damage|p1a: Kingambit|76/100 brn|[from] brn
|upkeep
|turn|31
|
|t:|1779808511
|move|p2a: Iron Valiant|Close Combat|p1a: Kingambit
|-supereffective|p1a: Kingambit
|-damage|p1a: Kingambit|0 fnt
|-unboost|p2a: Iron Valiant|def|1
|-unboost|p2a: Iron Valiant|spd|1
|faint|p1a: Kingambit
|-end|p1a: Kingambit|fallen3|[silent]
|
|-weather|Snowscape|[upkeep]
|-hint|Future Sight did not hit because the target is fainted.
|upkeep
|
|t:|1779808514
|switch|p1a: Gyarados|Gyarados, M, shiny|100/100
|turn|32
|
|t:|1779808535
|-terastallize|p2a: Iron Valiant|Fairy
|move|p2a: Iron Valiant|Moonblast|p1a: Gyarados
|-damage|p1a: Gyarados|40/100
|-unboost|p1a: Gyarados|spa|1
|move|p1a: Gyarados|Dragon Dance|p1a: Gyarados
|-boost|p1a: Gyarados|atk|1
|-boost|p1a: Gyarados|spe|1
|
|-weather|Snowscape|[upkeep]
|-heal|p1a: Gyarados|46/100|[from] item: Leftovers
|upkeep
|turn|33
|
|t:|1779808554
|-end|p2a: Iron Valiant|Quark Drive|[silent]
|switch|p2a: Landorus|Landorus-Therian, M|100/100 par
|-ability|p2a: Landorus|Intimidate|boost
|-unboost|p1a: Gyarados|atk|1
|move|p1a: Gyarados|Waterfall|p2a: Landorus
|-supereffective|p2a: Landorus
|-damage|p2a: Landorus|22/100 par
|-damage|p1a: Gyarados|30/100|[from] item: Rocky Helmet|[of] p2a: Landorus
|
|-weather|Snowscape|[upkeep]
|-heal|p1a: Gyarados|36/100|[from] item: Leftovers
|upkeep
|turn|34
|inactive|Bruen01 has 30 seconds left.
|
|t:|1779808575
|move|p1a: Gyarados|Waterfall|p2a: Landorus
|-supereffective|p2a: Landorus
|-damage|p2a: Landorus|0 fnt
|-damage|p1a: Gyarados|19/100|[from] item: Rocky Helmet|[of] p2a: Landorus
|faint|p2a: Landorus
|-ability|p1a: Gyarados|Moxie|boost
|-boost|p1a: Gyarados|atk|1
|
|-weather|none
|-heal|p1a: Gyarados|25/100|[from] item: Leftovers
|upkeep
|inactive|Bruen01 has 30 seconds left this turn.
|inactive|Bruen01 has 20 seconds left.
|
|t:|1779808586
|switch|p2a: Slowking|Slowking-Galar, F|93/100 brn
|turn|35
|inactive|Bruen01 has 30 seconds left this turn.
|
|t:|1779808591
|move|p1a: Gyarados|Earthquake|p2a: Slowking
|-supereffective|p2a: Slowking
|-damage|p2a: Slowking|0 fnt
|faint|p2a: Slowking
|-ability|p1a: Gyarados|Moxie|boost
|-boost|p1a: Gyarados|atk|1
|
|-heal|p1a: Gyarados|31/100|[from] item: Leftovers
|upkeep
|
|t:|1779808594
|switch|p2a: Iron Valiant|Iron Valiant, tera:Fairy|94/100
|turn|36
|
|t:|1779808602
|move|p1a: Gyarados|Waterfall|p2a: Iron Valiant
|-damage|p2a: Iron Valiant|0 fnt
|faint|p2a: Iron Valiant
|-end|p2a: Iron Valiant|Quark Drive|[silent]
|
|win|roddyj
|raw|roddyj's rating: 1560 &rarr; <strong>1583</strong><br />(+23 for winning)
|raw|Bruen01's rating: 1613 &rarr; <strong>1590</strong><br />(-23 for losing)
|c|☆roddyj|gg
|c|☆Bruen01|gg
|l|☆roddyj
|player|p1|
|l|☆Bruen01
|player|p2|
