|j|☆tb poke
|j|☆pepinoloko
|t:|1779898128
|gametype|singles
|player|p1|tb poke|170|1568
|player|p2|pepinoloko|byron|1511
|gen|9
|tier|[Gen 9] OU
|rated|
|rule|HP Percentage Mod: HP is shown in percentages
|rule|Endless Battle Clause: Forcing endless battles is banned
|rule|Species Clause: Limit one of each Pokémon
|rule|OHKO Clause: OHKO moves are banned
|rule|Evasion Items Clause: Evasion items are banned
|rule|Evasion Moves Clause: Evasion moves are banned
|rule|Evasion Abilities Clause: Evasion abilities are banned
|rule|Sleep Moves Clause: Sleep-inducing moves are banned
|clearpoke
|poke|p1|Dragonite, F|
|poke|p1|Hatterene, F|
|poke|p1|Samurott-Hisui, F|
|poke|p1|Great Tusk|
|poke|p1|Gholdengo|
|poke|p1|Iron Moth|
|poke|p2|Salazzle, F|
|poke|p2|Zoroark-Hisui, M|
|poke|p2|Cinderace, F|
|poke|p2|Toxapex, F|
|poke|p2|Chesnaught, M|
|poke|p2|Grimmsnarl, M|
|teampreview
|inactive|Battle timer is ON: inactive players will automatically lose when time's up. (requested by tb poke)
|
|t:|1779898146
|teamsize|p1|6
|teamsize|p2|6
|start
|switch|p1a: Samurott|Samurott-Hisui, F|100/100
|switch|p2a: I U-turn on U|Cinderace, F|100/100
|turn|1
|
|t:|1779898151
|move|p2a: I U-turn on U|U-turn|p1a: Samurott
|-start|p2a: I U-turn on U|typechange|Bug|[from] ability: Libero
|-supereffective|p1a: Samurott
|-crit|p1a: Samurott
|-damage|p1a: Samurott|0 fnt
|faint|p1a: Samurott
|j| dante1310
|
|t:|1779898162
|switch|p2a: Chesnaught|Chesnaught, M|100/100|[from] U-turn
|
|upkeep
|
|t:|1779898172
|switch|p1a: Hatterene|Hatterene, F|100/100
|turn|2
|
|t:|1779898175
|move|p2a: Chesnaught|Trick|p1a: Hatterene
|-activate|p2a: Chesnaught|move: Trick|[of] p1a: Hatterene
|-item|p1a: Hatterene|Choice Scarf|[from] move: Trick
|-item|p2a: Chesnaught|Leftovers|[from] move: Trick
|move|p1a: Hatterene|Calm Mind|p1a: Hatterene
|-boost|p1a: Hatterene|spa|1
|-boost|p1a: Hatterene|spd|1
|
|upkeep
|turn|3
|
|t:|1779898183
|switch|p1a: Iron Moth|Iron Moth|100/100
|-enditem|p1a: Iron Moth|Booster Energy
|-activate|p1a: Iron Moth|ability: Quark Drive|[fromitem]
|-start|p1a: Iron Moth|quarkdrivespe
|move|p2a: Chesnaught|Hyper Voice|p1a: Iron Moth
|-damage|p1a: Iron Moth|51/100
|
|upkeep
|turn|4
|l| dante1310
|
|t:|1779898208
|switch|p2a: Love has a name|Grimmsnarl, M|100/100
|move|p1a: Iron Moth|Fiery Dance|p2a: Love has a name
|-damage|p2a: Love has a name|67/100
|
|upkeep
|turn|5
|
|t:|1779898213
|move|p2a: Love has a name|Thunder Wave|p1a: Iron Moth
|-status|p1a: Iron Moth|par
|move|p1a: Iron Moth|Fiery Dance|p2a: Love has a name
|-damage|p2a: Love has a name|32/100
|-boost|p1a: Iron Moth|spa|1
|
|upkeep
|turn|6
|
|t:|1779898221
|switch|p2a: Sin poisons|Toxapex, F, shiny|100/100
|move|p1a: Iron Moth|Sludge Wave|p2a: Sin poisons
|-resisted|p2a: Sin poisons
|-damage|p2a: Sin poisons|75/100
|
|-heal|p2a: Sin poisons|81/100|[from] item: Leftovers
|upkeep
|turn|7
|
|t:|1779898227
|move|p1a: Iron Moth|Psychic|p2a: Sin poisons
|-supereffective|p2a: Sin poisons
|-damage|p2a: Sin poisons|23/100
|move|p2a: Sin poisons|Infestation|p1a: Iron Moth
|-resisted|p1a: Iron Moth
|-damage|p1a: Iron Moth|51/100 par
|-activate|p1a: Iron Moth|move: Infestation|[of] p2a: Sin poisons
|
|-heal|p2a: Sin poisons|29/100|[from] item: Leftovers
|-damage|p1a: Iron Moth|38/100 par|[from] move: Infestation|[partiallytrapped]
|upkeep
|turn|8
|
|t:|1779898233
|move|p2a: Sin poisons|Baneful Bunker|p2a: Sin poisons
|-singleturn|p2a: Sin poisons|move: Protect
|move|p1a: Iron Moth|Sludge Wave|p2a: Sin poisons
|-activate|p2a: Sin poisons|move: Protect
|
|-heal|p2a: Sin poisons|35/100|[from] item: Leftovers
|-damage|p1a: Iron Moth|26/100 par|[from] move: Infestation|[partiallytrapped]
|upkeep
|turn|9
|
|t:|1779898241
|switch|p2a: Love has a name|Grimmsnarl, M|32/100
|move|p1a: Iron Moth|Psychic|p2a: Love has a name
|-immune|p2a: Love has a name
|
|-end|p1a: Iron Moth|Infestation|[partiallytrapped]|[silent]
|upkeep
|turn|10
|
|t:|1779898246
|move|p2a: Love has a name|Parting Shot|p1a: Iron Moth
|-unboost|p1a: Iron Moth|atk|1
|-unboost|p1a: Iron Moth|spa|1
|
|t:|1779898250
|switch|p2a: I U-turn on U|Cinderace, F|100/100|[from] Parting Shot
|move|p1a: Iron Moth|Fiery Dance|p2a: I U-turn on U
|-resisted|p2a: I U-turn on U
|-damage|p2a: I U-turn on U|74/100
|
|upkeep
|turn|11
|
|t:|1779898254
|move|p2a: I U-turn on U|Pyro Ball|p1a: Iron Moth
|-resisted|p1a: Iron Moth
|-damage|p1a: Iron Moth|0 fnt
|faint|p1a: Iron Moth
|-end|p1a: Iron Moth|Quark Drive|[silent]
|
|upkeep
|
|t:|1779898256
|switch|p1a: Dragonite|Dragonite, F|100/100
|turn|12
|
|t:|1779898260
|-terastallize|p1a: Dragonite|Fire
|move|p2a: I U-turn on U|U-turn|p1a: Dragonite
|-start|p2a: I U-turn on U|typechange|Bug|[from] ability: Libero
|-resisted|p1a: Dragonite
|-damage|p1a: Dragonite|92/100
|
|t:|1779898263
|switch|p2a: Love has a name|Grimmsnarl, M|32/100|[from] U-turn
|move|p1a: Dragonite|Dragon Dance|p1a: Dragonite
|-boost|p1a: Dragonite|atk|1
|-boost|p1a: Dragonite|spe|1
|
|upkeep
|turn|13
|
|t:|1779898269
|move|p2a: Love has a name|Trick|p1a: Dragonite
|-activate|p2a: Love has a name|move: Trick|[of] p1a: Dragonite
|-item|p1a: Dragonite|Choice Scarf|[from] move: Trick
|-item|p2a: Love has a name|Loaded Dice|[from] move: Trick
|move|p1a: Dragonite|Fire Punch|p2a: Love has a name
|-damage|p2a: Love has a name|0 fnt
|faint|p2a: Love has a name
|
|upkeep
|
|t:|1779898280
|switch|p2a: Sin poisons|Toxapex, F, shiny|69/100
|turn|14
|
|t:|1779898282
|switch|p1a: Gholdengo|Gholdengo|100/100
|move|p2a: Sin poisons|Infestation|p1a: Gholdengo
|-resisted|p1a: Gholdengo
|-damage|p1a: Gholdengo|99/100
|-activate|p1a: Gholdengo|move: Infestation|[of] p2a: Sin poisons
|
|-heal|p2a: Sin poisons|75/100|[from] item: Leftovers
|-damage|p1a: Gholdengo|87/100|[from] move: Infestation|[partiallytrapped]
|upkeep
|turn|15
|
|t:|1779898287
|move|p2a: Sin poisons|Baneful Bunker|p2a: Sin poisons
|-singleturn|p2a: Sin poisons|move: Protect
|move|p1a: Gholdengo|Shadow Ball|p2a: Sin poisons
|-activate|p2a: Sin poisons|move: Protect
|
|-heal|p2a: Sin poisons|81/100|[from] item: Leftovers
|-damage|p1a: Gholdengo|75/100|[from] move: Infestation|[partiallytrapped]
|upkeep
|turn|16
|
|t:|1779898294
|switch|p2a: I U-turn on U|Cinderace, F|74/100
|move|p1a: Gholdengo|Shadow Ball|p2a: I U-turn on U
|-damage|p2a: I U-turn on U|15/100
|
|-end|p1a: Gholdengo|Infestation|[partiallytrapped]|[silent]
|upkeep
|turn|17
|
|t:|1779898298
|switch|p1a: Great Tusk|Great Tusk|100/100
|move|p2a: I U-turn on U|Sucker Punch||[still]
|-fail|p2a: I U-turn on U
|
|upkeep
|turn|18
|
|t:|1779898303
|switch|p2a: Chesnaught|Chesnaught, M|100/100
|move|p1a: Great Tusk|Headlong Rush|p2a: Chesnaught
|-resisted|p2a: Chesnaught
|-damage|p2a: Chesnaught|85/100
|-unboost|p1a: Great Tusk|def|1
|-unboost|p1a: Great Tusk|spd|1
|-damage|p1a: Great Tusk|84/100|[from] item: Rocky Helmet|[of] p2a: Chesnaught
|
|upkeep
|turn|19
|
|t:|1779898308
|-end|p1a: Great Tusk|Protosynthesis|[silent]
|switch|p1a: Hatterene|Hatterene, F|100/100
|move|p2a: Chesnaught|Leech Seed|p1a: Hatterene
|move|p1a: Hatterene|Leech Seed|p2a: Chesnaught|[from] ability: Magic Bounce
|-immune|p2a: Chesnaught
|
|upkeep
|turn|20
|
|t:|1779898312
|move|p2a: Chesnaught|Spiky Shield|p2a: Chesnaught
|-singleturn|p2a: Chesnaught|move: Protect
|move|p1a: Hatterene|Psyshock|p2a: Chesnaught
|-activate|p2a: Chesnaught|move: Protect
|
|upkeep
|turn|21
|
|t:|1779898334
|switch|p2a: Sin poisons|Toxapex, F, shiny|100/100
|move|p1a: Hatterene|Psyshock|p2a: Sin poisons
|-supereffective|p2a: Sin poisons
|-damage|p2a: Sin poisons|43/100
|
|-heal|p2a: Sin poisons|50/100|[from] item: Leftovers
|upkeep
|turn|22
|
|t:|1779898341
|-terastallize|p2a: Sin poisons|Ground
|move|p1a: Hatterene|Psyshock|p2a: Sin poisons
|-damage|p2a: Sin poisons|23/100
|move|p2a: Sin poisons|Recover|p2a: Sin poisons
|-heal|p2a: Sin poisons|73/100
|
|-heal|p2a: Sin poisons|79/100|[from] item: Leftovers
|upkeep
|turn|23
|
|t:|1779898347
|move|p1a: Hatterene|Psyshock|p2a: Sin poisons
|-crit|p2a: Sin poisons
|-damage|p2a: Sin poisons|43/100
|move|p2a: Sin poisons|Infestation|p1a: Hatterene
|-damage|p1a: Hatterene|97/100
|-activate|p1a: Hatterene|move: Infestation|[of] p2a: Sin poisons
|
|-heal|p2a: Sin poisons|49/100|[from] item: Leftovers
|-damage|p1a: Hatterene|85/100|[from] move: Infestation|[partiallytrapped]
|upkeep
|turn|24
|
|t:|1779898351
|move|p1a: Hatterene|Psyshock|p2a: Sin poisons
|-damage|p2a: Sin poisons|23/100
|move|p2a: Sin poisons|Recover|p2a: Sin poisons
|-heal|p2a: Sin poisons|73/100
|
|-heal|p2a: Sin poisons|79/100|[from] item: Leftovers
|-damage|p1a: Hatterene|73/100|[from] move: Infestation|[partiallytrapped]
|upkeep
|turn|25
|
|t:|1779898354
|move|p2a: Sin poisons|Baneful Bunker|p2a: Sin poisons
|-singleturn|p2a: Sin poisons|move: Protect
|move|p1a: Hatterene|Psyshock|p2a: Sin poisons
|-activate|p2a: Sin poisons|move: Protect
|
|-heal|p2a: Sin poisons|86/100|[from] item: Leftovers
|-damage|p1a: Hatterene|61/100|[from] move: Infestation|[partiallytrapped]
|upkeep
|turn|26
|
|t:|1779898357
|move|p1a: Hatterene|Psyshock|p2a: Sin poisons
|-damage|p2a: Sin poisons|60/100
|move|p2a: Sin poisons|Infestation|p1a: Hatterene
|-damage|p1a: Hatterene|58/100
|
|-heal|p2a: Sin poisons|66/100|[from] item: Leftovers
|-damage|p1a: Hatterene|45/100|[from] move: Infestation|[partiallytrapped]
|upkeep
|turn|27
|
|t:|1779898360
|move|p1a: Hatterene|Psyshock|p2a: Sin poisons
|-damage|p2a: Sin poisons|42/100
|move|p2a: Sin poisons|Recover|p2a: Sin poisons
|-heal|p2a: Sin poisons|92/100
|
|-heal|p2a: Sin poisons|98/100|[from] item: Leftovers
|-end|p1a: Hatterene|Infestation|[partiallytrapped]
|upkeep
|turn|28
|
|t:|1779898363
|move|p1a: Hatterene|Psyshock|p2a: Sin poisons
|-damage|p2a: Sin poisons|71/100
|move|p2a: Sin poisons|Infestation|p1a: Hatterene
|-crit|p1a: Hatterene
|-damage|p1a: Hatterene|41/100
|-activate|p1a: Hatterene|move: Infestation|[of] p2a: Sin poisons
|
|-heal|p2a: Sin poisons|77/100|[from] item: Leftovers
|-damage|p1a: Hatterene|29/100|[from] move: Infestation|[partiallytrapped]
|upkeep
|turn|29
|
|t:|1779898366
|move|p2a: Sin poisons|Baneful Bunker|p2a: Sin poisons
|-singleturn|p2a: Sin poisons|move: Protect
|move|p1a: Hatterene|Psyshock|p2a: Sin poisons
|-activate|p2a: Sin poisons|move: Protect
|
|-heal|p2a: Sin poisons|84/100|[from] item: Leftovers
|-damage|p1a: Hatterene|17/100|[from] move: Infestation|[partiallytrapped]
|upkeep
|turn|30
|
|t:|1779898369
|move|p1a: Hatterene|Psyshock|p2a: Sin poisons
|-damage|p2a: Sin poisons|60/100
|move|p2a: Sin poisons|Recover|p2a: Sin poisons
|-heal|p2a: Sin poisons|100/100
|
|-damage|p1a: Hatterene|5/100|[from] move: Infestation|[partiallytrapped]
|upkeep
|turn|31
|
|t:|1779898372
|move|p2a: Sin poisons|Baneful Bunker|p2a: Sin poisons
|-singleturn|p2a: Sin poisons|move: Protect
|move|p1a: Hatterene|Psyshock|p2a: Sin poisons
|-activate|p2a: Sin poisons|move: Protect
|
|-damage|p1a: Hatterene|0 fnt|[from] move: Infestation|[partiallytrapped]
|faint|p1a: Hatterene
|upkeep
|
|t:|1779898373
|switch|p1a: Dragonite|Dragonite, F, tera:Fire|92/100
|turn|32
|
|t:|1779898376
|move|p1a: Dragonite|Dragon Dance|p1a: Dragonite
|-boost|p1a: Dragonite|atk|1
|-boost|p1a: Dragonite|spe|1
|move|p2a: Sin poisons|Toxic|p1a: Dragonite
|-status|p1a: Dragonite|tox
|
|-damage|p1a: Dragonite|86/100 tox|[from] psn
|upkeep
|turn|33
|-message|tb poke forfeited.
|
|win|pepinoloko
|raw|tb poke's rating: 1568 &rarr; <strong>1545</strong><br />(-23 for losing)
|raw|pepinoloko's rating: 1511 &rarr; <strong>1534</strong><br />(+23 for winning)
|l|☆tb poke
|player|p1|
|l|☆pepinoloko
|player|p2|
