|j|☆Frozmo
|j|☆cytheidot
|t:|1779870411
|gametype|singles
|player|p1|Frozmo|dawn|1301
|player|p2|cytheidot|iris-gen5bw2|1305
|gen|9
|tier|[Gen 9] OU
|rated|
|rule|HP Percentage Mod: HP is shown in percentages
|rule|Endless Battle Clause: Forcing endless battles is banned
|rule|Species Clause: Limit one of each Pokémon
|rule|OHKO Clause: OHKO moves are banned
|rule|Evasion Items Clause: Evasion items are banned
|rule|Evasion Moves Clause: Evasion moves are banned
|rule|Evasion Abilities Clause: Evasion abilities are banned
|rule|Sleep Moves Clause: Sleep-inducing moves are banned
|clearpoke
|poke|p1|Cloyster, M|
|poke|p1|Ninetales-Alola, M|
|poke|p1|Polteageist|
|poke|p1|Ogerpon-Wellspring, F|
|poke|p1|Iron Treads|
|poke|p1|Dragonite, M|
|poke|p2|Garchomp, M|
|poke|p2|Gholdengo|
|poke|p2|Alomomola, F|
|poke|p2|Fezandipiti, M|
|poke|p2|Zoroark-Hisui, M|
|poke|p2|Great Tusk|
|teampreview
|inactive|Battle timer is ON: inactive players will automatically lose when time's up. (requested by Frozmo)
|inactive|cytheidot has 120 seconds left.
|inactive|cytheidot has 90 seconds left.
|
|t:|1779870473
|teamsize|p1|6
|teamsize|p2|6
|start
|switch|p1a: Ninetales|Ninetales-Alola, M|100/100
|switch|p2a: Great Tusk|Great Tusk|100/100
|-weather|Snowscape|[from] ability: Snow Warning|[of] p1a: Ninetales
|turn|1
|
|t:|1779870482
|move|p1a: Ninetales|Aurora Veil|p1a: Ninetales
|-sidestart|p1: Frozmo|move: Aurora Veil
|move|p2a: Great Tusk|Headlong Rush|p1a: Ninetales
|-damage|p1a: Ninetales|69/100
|-unboost|p2a: Great Tusk|def|1
|-unboost|p2a: Great Tusk|spd|1
|
|-weather|Snowscape|[upkeep]
|upkeep
|turn|2
|
|t:|1779870491
|-end|p2a: Great Tusk|Protosynthesis|[silent]
|switch|p2a: Alomomola|Alomomola, F|100/100
|move|p1a: Ninetales|Freeze-Dry|p2a: Alomomola
|-supereffective|p2a: Alomomola
|-damage|p2a: Alomomola|53/100
|
|-weather|Snowscape|[upkeep]
|-heal|p2a: Alomomola|59/100|[from] item: Leftovers
|upkeep
|turn|3
|
|t:|1779870497
|move|p1a: Ninetales|Freeze-Dry|p2a: Alomomola
|-supereffective|p2a: Alomomola
|-damage|p2a: Alomomola|17/100
|move|p2a: Alomomola|Wish|p2a: Alomomola
|
|-weather|Snowscape|[upkeep]
|-heal|p2a: Alomomola|23/100|[from] item: Leftovers
|upkeep
|turn|4
|
|t:|1779870501
|move|p2a: Alomomola|Protect|p2a: Alomomola
|-singleturn|p2a: Alomomola|Protect
|move|p1a: Ninetales|Freeze-Dry|p2a: Alomomola
|-activate|p2a: Alomomola|move: Protect
|
|-weather|Snowscape|[upkeep]
|-heal|p2a: Alomomola|73/100|[from] move: Wish|[wisher] Alomomola
|-heal|p2a: Alomomola|79/100|[from] item: Leftovers
|upkeep
|turn|5
|
|t:|1779870515
|switch|p1a: Polteageist|Polteageist|100/100
|move|p2a: Alomomola|Flip Turn|p1a: Polteageist
|-damage|p1a: Polteageist|92/100
|
|t:|1779870521
|switch|p2a: Gholdengo|Gholdengo|100/100|[from] Flip Turn
|
|-weather|none
|upkeep
|turn|6
|
|t:|1779870528
|-terastallize|p1a: Polteageist|Fighting
|move|p2a: Gholdengo|Shadow Ball|p1a: Polteageist
|-damage|p1a: Polteageist|62/100
|move|p1a: Polteageist|Shell Smash|p1a: Polteageist
|-unboost|p1a: Polteageist|def|1
|-unboost|p1a: Polteageist|spd|1
|-boost|p1a: Polteageist|atk|2
|-boost|p1a: Polteageist|spa|2
|-boost|p1a: Polteageist|spe|2
|-enditem|p1a: Polteageist|White Herb
|-clearnegativeboost|p1a: Polteageist|[silent]
|
|upkeep
|turn|7
|
|t:|1779870539
|move|p1a: Polteageist|Shadow Ball|p2a: Gholdengo
|-immune|p2a: Gholdengo
|move|p2a: Gholdengo|Shadow Ball|p1a: Polteageist
|-damage|p1a: Polteageist|31/100
|
|upkeep
|turn|8
|
|t:|1779870547
|move|p1a: Polteageist|Strength Sap|p2a: Gholdengo
|-unboost|p2a: Gholdengo|atk|1
|-heal|p1a: Polteageist|88/100
|move|p2a: Gholdengo|Shadow Ball|p1a: Polteageist
|-damage|p1a: Polteageist|59/100
|
|-sideend|p1: Frozmo|move: Aurora Veil
|upkeep
|turn|9
|
|t:|1779870553
|move|p1a: Polteageist|Shadow Ball|p2a: Gholdengo
|-immune|p2a: Gholdengo
|move|p2a: Gholdengo|Shadow Ball|p1a: Polteageist
|-damage|p1a: Polteageist|0 fnt
|faint|p1a: Polteageist
|
|upkeep
|c|☆Frozmo|why is it immune?
|
|t:|1779870570
|switch|p1a: Ninetales|Ninetales-Alola, M|69/100
|-weather|Snowscape|[from] ability: Snow Warning|[of] p1a: Ninetales
|turn|10
|c|☆cytheidot|idk
|
|t:|1779870586
|switch|p1a: Iron Treads|Iron Treads|100/100
|-enditem|p1a: Iron Treads|Booster Energy
|-activate|p1a: Iron Treads|ability: Quark Drive|[fromitem]
|-start|p1a: Iron Treads|quarkdrivespe
|move|p2a: Gholdengo|Shadow Ball|p1a: Iron Treads
|-damage|p1a: Iron Treads|10/100
|-unboost|p1a: Iron Treads|spd|1
|
|-weather|Snowscape|[upkeep]
|upkeep
|turn|11
|c|☆cytheidot|hacks
|
|t:|1779870599
|move|p1a: Iron Treads|Earth Power|p2a: Gholdengo
|-damage|p2a: Gholdengo|31/100
|replace|p2a: Zoroark|Zoroark-Hisui, M
|-end|p2a: Zoroark|Illusion
|move|p2a: Zoroark|Shadow Ball|p1a: Iron Treads
|-damage|p1a: Iron Treads|0 fnt
|faint|p1a: Iron Treads
|-end|p1a: Iron Treads|Quark Drive|[silent]
|
|-weather|Snowscape|[upkeep]
|upkeep
|c|☆Frozmo|oh lol i forgot
|
|t:|1779870611
|switch|p1a: Cloyster|Cloyster, M|100/100
|turn|12
|
|t:|1779870625
|switch|p2a: Alomomola|Alomomola, F|100/100
|move|p1a: Cloyster|Shell Smash|p1a: Cloyster
|-unboost|p1a: Cloyster|def|1
|-unboost|p1a: Cloyster|spd|1
|-boost|p1a: Cloyster|atk|2
|-boost|p1a: Cloyster|spa|2
|-boost|p1a: Cloyster|spe|2
|
|-weather|Snowscape|[upkeep]
|upkeep
|turn|13
|
|t:|1779870635
|move|p1a: Cloyster|Shell Smash|p1a: Cloyster
|-unboost|p1a: Cloyster|def|1
|-unboost|p1a: Cloyster|spd|1
|-boost|p1a: Cloyster|atk|2
|-boost|p1a: Cloyster|spa|2
|-boost|p1a: Cloyster|spe|2
|move|p2a: Alomomola|Flip Turn|p1a: Cloyster
|-resisted|p1a: Cloyster
|-damage|p1a: Cloyster|92/100
|
|t:|1779870665
|switch|p2a: Gholdengo|Gholdengo|100/100|[from] Flip Turn
|
|-weather|Snowscape|[upkeep]
|upkeep
|turn|14
|
|t:|1779870675
|move|p1a: Cloyster|Icicle Spear|p2a: Gholdengo
|-resisted|p2a: Gholdengo
|-damage|p2a: Gholdengo|76/100
|-resisted|p2a: Gholdengo
|-damage|p2a: Gholdengo|51/100
|-resisted|p2a: Gholdengo
|-damage|p2a: Gholdengo|27/100
|-resisted|p2a: Gholdengo
|-damage|p2a: Gholdengo|4/100
|-resisted|p2a: Gholdengo
|-damage|p2a: Gholdengo|0 fnt
|faint|p2a: Gholdengo
|-hitcount|p2: Gholdengo|5
|
|-weather|none
|upkeep
|inactive|cytheidot has 120 seconds left.
|
|t:|1779870707
|switch|p2a: Alomomola|Alomomola, F|100/100
|turn|15
|
|t:|1779870711
|move|p1a: Cloyster|Rock Blast|p2a: Alomomola
|-damage|p2a: Alomomola|86/100
|-damage|p2a: Alomomola|71/100
|-damage|p2a: Alomomola|55/100
|-damage|p2a: Alomomola|40/100
|-damage|p2a: Alomomola|26/100
|-hitcount|p2a: Alomomola|5
|move|p2a: Alomomola|Scald|p1a: Cloyster
|-resisted|p1a: Cloyster
|-damage|p1a: Cloyster|64/100
|
|-heal|p2a: Alomomola|32/100|[from] item: Leftovers
|upkeep
|turn|16
|
|t:|1779870722
|move|p1a: Cloyster|Icicle Spear|p2a: Alomomola
|-resisted|p2a: Alomomola
|-damage|p2a: Alomomola|18/100
|-resisted|p2a: Alomomola
|-damage|p2a: Alomomola|3/100
|-resisted|p2a: Alomomola
|-damage|p2a: Alomomola|0 fnt
|faint|p2a: Alomomola
|-hitcount|p2: Alomomola|3
|
|upkeep
|inactive|cytheidot has 120 seconds left.
|
|t:|1779870746
|switch|p2a: Fezandipiti|Fezandipiti, M|31/100
|turn|17
|inactive|cytheidot has 120 seconds left.
|
|t:|1779870754
|move|p1a: Cloyster|Icicle Spear|p2a: Fezandipiti
|-damage|p2a: Fezandipiti|0 fnt
|replace|p2a: Zoroark|Zoroark-Hisui, M
|-end|p2a: Zoroark|Illusion
|faint|p2a: Zoroark
|-hitcount|p2: Zoroark|1
|
|upkeep
|
|t:|1779870758
|switch|p2a: Great Tusk|Great Tusk|100/100
|turn|18
|
|t:|1779870762
|move|p1a: Cloyster|Icicle Spear|p2a: Great Tusk
|-supereffective|p2a: Great Tusk
|-damage|p2a: Great Tusk|36/100
|-supereffective|p2a: Great Tusk
|-damage|p2a: Great Tusk|0 fnt
|faint|p2a: Great Tusk
|-end|p2a: Great Tusk|Protosynthesis|[silent]
|-hitcount|p2: Great Tusk|2
|
|upkeep
|
|t:|1779870765
|switch|p2a: Fezandipiti|Fezandipiti, M|100/100
|turn|19
|
|t:|1779870770
|move|p1a: Cloyster|Icicle Spear|p2a: Fezandipiti
|-damage|p2a: Fezandipiti|57/100
|-damage|p2a: Fezandipiti|9/100
|-crit|p2a: Fezandipiti
|-damage|p2a: Fezandipiti|0 fnt
|faint|p2a: Fezandipiti
|-hitcount|p2: Fezandipiti|3
|
|upkeep
|
|t:|1779870772
|switch|p2a: Garchomp|Garchomp, M|100/100
|turn|20
|
|t:|1779870775
|move|p1a: Cloyster|Icicle Spear|p2a: Garchomp
|-supereffective|p2a: Garchomp
|-damage|p2a: Garchomp|0 fnt
|faint|p2a: Garchomp
|-hitcount|p2: Garchomp|1
|
|win|Frozmo
|raw|Frozmo's rating: 1301 &rarr; <strong>1321</strong><br />(+20 for winning)
|raw|cytheidot's rating: 1305 &rarr; <strong>1285</strong><br />(-20 for losing)
|l|☆cytheidot
|player|p2|
|l|☆Frozmo
|player|p1|
