|j|☆Bencarote
|j|☆KING丶3266926956今余
|t:|1779965068
|gametype|singles
|player|p1|Bencarote|265|1361
|player|p2|KING丶3266926956今余|dawn|1335
|gen|9
|tier|[Gen 9] OU
|rated|
|rule|HP Percentage Mod: HP is shown in percentages
|rule|Endless Battle Clause: Forcing endless battles is banned
|rule|Species Clause: Limit one of each Pokémon
|rule|OHKO Clause: OHKO moves are banned
|rule|Evasion Items Clause: Evasion items are banned
|rule|Evasion Moves Clause: Evasion moves are banned
|rule|Evasion Abilities Clause: Evasion abilities are banned
|rule|Sleep Moves Clause: Sleep-inducing moves are banned
|clearpoke
|poke|p1|Ribombee, M|
|poke|p1|Great Tusk|
|poke|p1|Samurott-Hisui, M|
|poke|p1|Gholdengo|
|poke|p1|Infernape, F|
|poke|p1|Latias, F|
|poke|p2|Luxray, M|
|poke|p2|Noctowl, M|
|poke|p2|Alomomola, F|
|poke|p2|Meowstic, M|
|poke|p2|Incineroar, M|
|poke|p2|Meowscarada, M|
|teampreview
|inactive|Battle timer is ON: inactive players will automatically lose when time's up. (requested by KING丶3266926956今余)
|inactive|Bencarote has 120 seconds left.
|
|t:|1779965107
|teamsize|p1|6
|teamsize|p2|6
|start
|switch|p1a: B!tch disgusting!|Samurott-Hisui, M|100/100
|switch|p2a: Alomomola|Alomomola, F|100/100
|turn|1
|
|t:|1779965111
|move|p1a: B!tch disgusting!|Ceaseless Edge|p2a: Alomomola
|-damage|p2a: Alomomola|52/100
|-sidestart|p2: KING丶3266926956今余|Spikes
|move|p2a: Alomomola|Flip Turn|p1a: B!tch disgusting!
|-resisted|p1a: B!tch disgusting!
|-damage|p1a: B!tch disgusting!|90/100
|
|t:|1779965114
|switch|p2a: Meowscarada|Meowscarada, M|100/100|[from] Flip Turn
|-damage|p2a: Meowscarada|88/100|[from] Spikes
|
|upkeep
|turn|2
|
|t:|1779965124
|switch|p1a: Sun wukong|Infernape, F, shiny|100/100
|move|p2a: Meowscarada|U-turn|p1a: Sun wukong
|-start|p2a: Meowscarada|typechange|Bug|[from] ability: Protean
|-resisted|p1a: Sun wukong
|-damage|p1a: Sun wukong|82/100
|
|t:|1779965132
|switch|p2a: Alomomola|Alomomola, F|85/100|[from] U-turn
|-damage|p2a: Alomomola|73/100|[from] Spikes
|
|upkeep
|turn|3
|
|t:|1779965138
|switch|p1a: B!tch disgusting!|Samurott-Hisui, M|90/100
|move|p2a: Alomomola|Flip Turn|p1a: B!tch disgusting!
|-resisted|p1a: B!tch disgusting!
|-crit|p1a: B!tch disgusting!
|-damage|p1a: B!tch disgusting!|73/100
|
|t:|1779965141
|switch|p2a: Meowscarada|Meowscarada, M|88/100|[from] Flip Turn
|-damage|p2a: Meowscarada|76/100|[from] Spikes
|
|upkeep
|turn|4
|
|t:|1779965147
|move|p2a: Meowscarada|Flower Trick|p1a: B!tch disgusting!
|-start|p2a: Meowscarada|typechange|Grass|[from] ability: Protean
|-supereffective|p1a: B!tch disgusting!
|-crit|p1a: B!tch disgusting!
|-damage|p1a: B!tch disgusting!|0 fnt
|faint|p1a: B!tch disgusting!
|
|upkeep
|
|t:|1779965156
|switch|p1a: Gyal dingo|Gholdengo|100/100
|turn|5
|
|t:|1779965180
|switch|p2a: Incineroar|Incineroar, M|100/100
|-ability|p2a: Incineroar|Intimidate|boost
|-unboost|p1a: Gyal dingo|atk|1
|move|p1a: Gyal dingo|Make It Rain|p2a: Incineroar
|-resisted|p2a: Incineroar
|-damage|p2a: Incineroar|75/100
|-unboost|p1a: Gyal dingo|spa|1
|
|upkeep
|turn|6
|
|t:|1779965190
|switch|p1a: Clochette|Ribombee, M|100/100
|move|p2a: Incineroar|Parting Shot|p1a: Clochette
|-unboost|p1a: Clochette|atk|1
|-unboost|p1a: Clochette|spa|1
|
|t:|1779965195
|switch|p2a: Alomomola|Alomomola, F|100/100|[from] Parting Shot
|-damage|p2a: Alomomola|88/100|[from] Spikes
|
|upkeep
|turn|7
|
|t:|1779965198
|move|p1a: Clochette|Sticky Web|p2a: Alomomola
|-sidestart|p2: KING丶3266926956今余|move: Sticky Web
|move|p2a: Alomomola|Flip Turn|p1a: Clochette
|-damage|p1a: Clochette|73/100
|
|t:|1779965202
|switch|p2a: Noctowl|Noctowl, M|100/100|[from] Flip Turn
|
|upkeep
|turn|8
|
|t:|1779965205
|switch|p1a: Gyal dingo|Gholdengo|100/100
|move|p2a: Noctowl|Tailwind|p2a: Noctowl
|-sidestart|p2: KING丶3266926956今余|move: Tailwind
|
|upkeep
|turn|9
|
|t:|1779965210
|switch|p2a: Incineroar|Incineroar, M|75/100
|-ability|p2a: Incineroar|Intimidate|boost
|-unboost|p1a: Gyal dingo|atk|1
|move|p1a: Gyal dingo|Make It Rain|p2a: Incineroar
|-resisted|p2a: Incineroar
|-damage|p2a: Incineroar|48/100
|-unboost|p1a: Gyal dingo|spa|1
|
|upkeep
|turn|10
|
|t:|1779965217
|switch|p1a: La casa|Great Tusk|100/100
|move|p2a: Incineroar|Parting Shot|p1a: La casa
|-unboost|p1a: La casa|atk|1
|-unboost|p1a: La casa|spa|1
|
|t:|1779965224
|switch|p2a: Noctowl|Noctowl, M|100/100|[from] Parting Shot
|
|upkeep
|turn|11
|
|t:|1779965230
|-end|p1a: La casa|Protosynthesis|[silent]
|switch|p1a: Gyal dingo|Gholdengo|100/100
|move|p2a: Noctowl|Defog|p1a: Gyal dingo
|-immune|p1a: Gyal dingo|[from] ability: Good as Gold
|
|-sideend|p2: KING丶3266926956今余|move: Tailwind
|upkeep
|turn|12
|
|t:|1779965234
|move|p1a: Gyal dingo|Make It Rain|p2a: Noctowl
|-damage|p2a: Noctowl|34/100
|-unboost|p1a: Gyal dingo|spa|1
|move|p2a: Noctowl|Hurricane|p1a: Gyal dingo
|-resisted|p1a: Gyal dingo
|-damage|p1a: Gyal dingo|45/100
|
|upkeep
|turn|13
|
|t:|1779965245
|switch|p2a: Alomomola|Alomomola, F|100/100
|-damage|p2a: Alomomola|88/100|[from] Spikes
|-activate|p2a: Alomomola|move: Sticky Web
|-unboost|p2a: Alomomola|spe|1
|move|p1a: Gyal dingo|Make It Rain|p2a: Alomomola
|-resisted|p2a: Alomomola
|-damage|p2a: Alomomola|74/100
|-unboost|p1a: Gyal dingo|spa|1
|
|upkeep
|turn|14
|
|t:|1779965253
|switch|p1a: Clochette|Ribombee, M|73/100
|move|p2a: Alomomola|Wish|p2a: Alomomola
|
|upkeep
|turn|15
|
|t:|1779965263
|move|p1a: Clochette|Moonblast|p2a: Alomomola
|-damage|p2a: Alomomola|52/100
|move|p2a: Alomomola|Flip Turn|p1a: Clochette
|-damage|p1a: Clochette|47/100
|
|t:|1779965274
|switch|p2a: Incineroar|Incineroar, M|48/100|[from] Flip Turn
|-ability|p2a: Incineroar|Intimidate|boost
|-unboost|p1a: Clochette|atk|1
|
|-heal|p2a: Incineroar|100/100|[from] move: Wish|[wisher] Alomomola
|upkeep
|turn|16
|
|t:|1779965281
|move|p1a: Clochette|Stun Spore|p2a: Incineroar
|-status|p2a: Incineroar|par
|cant|p2a: Incineroar|par
|
|upkeep
|turn|17
|
|t:|1779965286
|move|p1a: Clochette|Moonblast|p2a: Incineroar
|-damage|p2a: Incineroar|74/100 par
|move|p2a: Incineroar|Parting Shot|p1a: Clochette
|-unboost|p1a: Clochette|atk|1
|-unboost|p1a: Clochette|spa|1
|
|t:|1779965289
|switch|p2a: Alomomola|Alomomola, F|86/100|[from] Parting Shot
|-damage|p2a: Alomomola|73/100|[from] Spikes
|-activate|p2a: Alomomola|move: Sticky Web
|-unboost|p2a: Alomomola|spe|1
|
|upkeep
|turn|18
|
|t:|1779965296
|move|p1a: Clochette|U-turn|p2a: Alomomola
|-damage|p2a: Alomomola|68/100
|
|t:|1779965300
|switch|p1a: Sky Puppy|Latias, F|100/100|[from] U-turn
|move|p2a: Alomomola|Wish|p2a: Alomomola
|
|upkeep
|turn|19
|
|t:|1779965303
|move|p1a: Sky Puppy|Calm Mind|p1a: Sky Puppy
|-boost|p1a: Sky Puppy|spa|1
|-boost|p1a: Sky Puppy|spd|1
|move|p2a: Alomomola|Flip Turn|p1a: Sky Puppy
|-resisted|p1a: Sky Puppy
|-damage|p1a: Sky Puppy|92/100
|
|t:|1779965311
|switch|p2a: Meowstic|Meowstic, M|100/100|[from] Flip Turn
|-damage|p2a: Meowstic|88/100|[from] Spikes
|-activate|p2a: Meowstic|move: Sticky Web
|-unboost|p2a: Meowstic|spe|1
|
|-heal|p2a: Meowstic|100/100|[from] move: Wish|[wisher] Alomomola
|upkeep
|turn|20
|
|t:|1779965320
|move|p2a: Meowstic|Trick|p1a: Sky Puppy
|-activate|p2a: Meowstic|move: Trick|[of] p1a: Sky Puppy
|-item|p1a: Sky Puppy|Choice Specs|[from] move: Trick
|-item|p2a: Meowstic|Weakness Policy|[from] move: Trick
|move|p1a: Sky Puppy|Calm Mind|p1a: Sky Puppy
|-boost|p1a: Sky Puppy|spa|1
|-boost|p1a: Sky Puppy|spd|1
|
|upkeep
|turn|21
|
|t:|1779965331
|switch|p1a: Gyal dingo|Gholdengo|45/100
|switch|p2a: Alomomola|Alomomola, F|100/100
|-damage|p2a: Alomomola|88/100|[from] Spikes
|-activate|p2a: Alomomola|move: Sticky Web
|-unboost|p2a: Alomomola|spe|1
|
|upkeep
|turn|22
|
|t:|1779965340
|move|p1a: Gyal dingo|Trick|p2a: Alomomola
|-activate|p1a: Gyal dingo|move: Trick|[of] p2a: Alomomola
|-item|p2a: Alomomola|Choice Scarf|[from] move: Trick
|-item|p1a: Gyal dingo|Lagging Tail|[from] move: Trick
|move|p2a: Alomomola|Flip Turn|p1a: Gyal dingo
|-damage|p1a: Gyal dingo|27/100
|
|t:|1779965348
|switch|p2a: Meowscarada|Meowscarada, M|76/100|[from] Flip Turn
|-damage|p2a: Meowscarada|64/100|[from] Spikes
|-activate|p2a: Meowscarada|move: Sticky Web
|-unboost|p2a: Meowscarada|spe|1
|
|upkeep
|turn|23
|
|t:|1779965351
|move|p2a: Meowscarada|Flower Trick|p1a: Gyal dingo
|-start|p2a: Meowscarada|typechange|Grass|[from] ability: Protean
|-resisted|p1a: Gyal dingo
|-crit|p1a: Gyal dingo
|-damage|p1a: Gyal dingo|0 fnt
|faint|p1a: Gyal dingo
|
|upkeep
|
|t:|1779965358
|switch|p1a: Sun wukong|Infernape, F, shiny|82/100
|turn|24
|
|t:|1779965363
|switch|p2a: Incineroar|Incineroar, M|74/100 par
|-ability|p2a: Incineroar|Intimidate|boost
|-unboost|p1a: Sun wukong|atk|1
|move|p1a: Sun wukong|Swords Dance|p1a: Sun wukong
|-boost|p1a: Sun wukong|atk|2
|
|upkeep
|turn|25
|
|t:|1779965370
|-terastallize|p2a: Incineroar|Ghost
|move|p1a: Sun wukong|Earthquake|p2a: Incineroar
|-damage|p2a: Incineroar|29/100 par
|-damage|p1a: Sun wukong|72/100|[from] item: Life Orb
|move|p2a: Incineroar|Parting Shot|p1a: Sun wukong
|-unboost|p1a: Sun wukong|atk|1
|-unboost|p1a: Sun wukong|spa|1
|
|t:|1779965379
|switch|p2a: Alomomola|Alomomola, F|100/100|[from] Parting Shot
|-damage|p2a: Alomomola|88/100|[from] Spikes
|-activate|p2a: Alomomola|move: Sticky Web
|-unboost|p2a: Alomomola|spe|1
|
|upkeep
|turn|26
|
|t:|1779965383
|move|p1a: Sun wukong|Swords Dance|p1a: Sun wukong
|-boost|p1a: Sun wukong|atk|2
|move|p2a: Alomomola|Flip Turn|p1a: Sun wukong
|-supereffective|p1a: Sun wukong
|-damage|p1a: Sun wukong|21/100
|
|t:|1779965390
|switch|p2a: Meowscarada|Meowscarada, M|64/100|[from] Flip Turn
|-damage|p2a: Meowscarada|52/100|[from] Spikes
|-activate|p2a: Meowscarada|move: Sticky Web
|-unboost|p2a: Meowscarada|spe|1
|
|upkeep
|turn|27
|
|t:|1779965393
|move|p1a: Sun wukong|Mach Punch|p2a: Meowscarada
|-supereffective|p2a: Meowscarada
|-damage|p2a: Meowscarada|0 fnt
|faint|p2a: Meowscarada
|-damage|p1a: Sun wukong|11/100|[from] item: Life Orb
|
|upkeep
|
|t:|1779965414
|switch|p2a: Meowstic|Meowstic, M|100/100
|-damage|p2a: Meowstic|88/100|[from] Spikes
|-activate|p2a: Meowstic|move: Sticky Web
|-unboost|p2a: Meowstic|spe|1
|turn|28
|
|t:|1779965421
|move|p1a: Sun wukong|Raging Fury|p2a: Meowstic
|-damage|p2a: Meowstic|0 fnt
|faint|p2a: Meowstic
|-damage|p1a: Sun wukong|1/100|[from] item: Life Orb
|
|upkeep
|
|t:|1779965424
|switch|p2a: Alomomola|Alomomola, F|100/100
|-damage|p2a: Alomomola|88/100|[from] Spikes
|-activate|p2a: Alomomola|move: Sticky Web
|-unboost|p2a: Alomomola|spe|1
|turn|29
|
|t:|1779965430
|move|p1a: Sun wukong|Raging Fury|p2a: Alomomola|[from] lockedmove
|-resisted|p2a: Alomomola
|-crit|p2a: Alomomola
|-damage|p2a: Alomomola|12/100
|-damage|p1a: Sun wukong|0 fnt|[from] item: Life Orb
|faint|p1a: Sun wukong
|move|p2a: Alomomola|Wish|p2a: Alomomola
|
|upkeep
|
|t:|1779965441
|switch|p1a: La casa|Great Tusk|100/100
|turn|30
|
|t:|1779965450
|switch|p2a: Incineroar|Incineroar, M, tera:Ghost|29/100 par
|-ability|p2a: Incineroar|Intimidate|boost
|-unboost|p1a: La casa|atk|1
|move|p1a: La casa|Close Combat|p2a: Incineroar
|-immune|p2a: Incineroar
|
|-heal|p2a: Incineroar|97/100 par|[from] move: Wish|[wisher] Alomomola
|upkeep
|turn|31
|
|t:|1779965459
|-end|p1a: La casa|Protosynthesis|[silent]
|switch|p1a: Clochette|Ribombee, M|47/100
|cant|p2a: Incineroar|par
|
|upkeep
|turn|32
|
|t:|1779965475
|move|p1a: Clochette|Moonblast|p2a: Incineroar
|-damage|p2a: Incineroar|72/100 par
|-unboost|p2a: Incineroar|spa|1
|move|p2a: Incineroar|Parting Shot|p1a: Clochette
|-unboost|p1a: Clochette|atk|1
|-unboost|p1a: Clochette|spa|1
|
|t:|1779965482
|switch|p2a: Alomomola|Alomomola, F|45/100|[from] Parting Shot
|-damage|p2a: Alomomola|33/100|[from] Spikes
|-activate|p2a: Alomomola|move: Sticky Web
|-unboost|p2a: Alomomola|spe|1
|
|upkeep
|turn|33
|
|t:|1779965486
|move|p1a: Clochette|Moonblast|p2a: Alomomola
|-damage|p2a: Alomomola|18/100
|-unboost|p2a: Alomomola|spa|1
|move|p2a: Alomomola|Wish|p2a: Alomomola
|
|upkeep
|turn|34
|
|t:|1779965495
|switch|p2a: Noctowl|Noctowl, M|34/100
|move|p1a: Clochette|Moonblast|p2a: Noctowl
|-damage|p2a: Noctowl|14/100
|-unboost|p2a: Noctowl|spa|1
|
|-heal|p2a: Noctowl|92/100|[from] move: Wish|[wisher] Alomomola
|upkeep
|turn|35
|
|t:|1779965516
|move|p1a: Clochette|Moonblast|p2a: Noctowl
|-damage|p2a: Noctowl|70/100
|-unboost|p2a: Noctowl|spa|1
|move|p2a: Noctowl|Tailwind|p2a: Noctowl
|-sidestart|p2: KING丶3266926956今余|move: Tailwind
|
|upkeep
|turn|36
|
|t:|1779965521
|move|p2a: Noctowl|Defog|p1a: Clochette
|-unboost|p1a: Clochette|evasion|1
|-sideend|p2: KING丶3266926956今余|Spikes|[from] move: Defog|[of] p2a: Noctowl
|-sideend|p2: KING丶3266926956今余|Sticky Web|[from] move: Defog|[of] p2a: Noctowl
|move|p1a: Clochette|Stun Spore|p2a: Noctowl|[miss]
|-miss|p1a: Clochette|p2a: Noctowl
|
|upkeep
|turn|37
|
|t:|1779965524
|move|p2a: Noctowl|Hurricane|p1a: Clochette
|-supereffective|p1a: Clochette
|-damage|p1a: Clochette|0 fnt
|faint|p1a: Clochette
|
|upkeep
|
|t:|1779965527
|switch|p1a: Sky Puppy|Latias, F|92/100
|turn|38
|
|t:|1779965536
|move|p2a: Noctowl|Hurricane|p1a: Sky Puppy
|-crit|p1a: Sky Puppy
|-damage|p1a: Sky Puppy|37/100
|-start|p1a: Sky Puppy|confusion
|-activate|p1a: Sky Puppy|confusion
|move|p1a: Sky Puppy|Draining Kiss|p2a: Noctowl
|-damage|p2a: Noctowl|50/100
|-heal|p1a: Sky Puppy|52/100|[from] drain|[of] p2a: Noctowl
|
|-sideend|p2: KING丶3266926956今余|move: Tailwind
|upkeep
|turn|39
|
|t:|1779965550
|-terastallize|p1a: Sky Puppy|Fairy
|-end|p1a: Sky Puppy|confusion
|move|p1a: Sky Puppy|Draining Kiss|p2a: Noctowl
|-damage|p2a: Noctowl|12/100
|-heal|p1a: Sky Puppy|80/100|[from] drain|[of] p2a: Noctowl
|move|p2a: Noctowl|Hyper Voice|p1a: Sky Puppy
|-damage|p1a: Sky Puppy|65/100
|
|upkeep
|turn|40
|
|t:|1779965560
|move|p1a: Sky Puppy|Draining Kiss|p2a: Noctowl
|-damage|p2a: Noctowl|0 fnt
|-heal|p1a: Sky Puppy|74/100|[from] drain|[of] p2a: Noctowl
|faint|p2a: Noctowl
|
|upkeep
|
|t:|1779965563
|switch|p2a: Alomomola|Alomomola, F|51/100
|turn|41
|
|t:|1779965568
|move|p1a: Sky Puppy|Draining Kiss|p2a: Alomomola
|-damage|p2a: Alomomola|26/100
|-heal|p1a: Sky Puppy|100/100|[from] drain|[of] p2a: Alomomola
|move|p2a: Alomomola|Mirror Coat|p1a: Sky Puppy
|-damage|p1a: Sky Puppy|22/100
|
|upkeep
|turn|42
|
|t:|1779965577
|switch|p2a: Incineroar|Incineroar, M, tera:Ghost|72/100 par
|-ability|p2a: Incineroar|Intimidate|boost
|-unboost|p1a: Sky Puppy|atk|1
|move|p1a: Sky Puppy|Draining Kiss|p2a: Incineroar
|-damage|p2a: Incineroar|43/100 par
|-heal|p1a: Sky Puppy|48/100|[from] drain|[of] p2a: Incineroar
|
|upkeep
|turn|43
|
|t:|1779965586
|move|p1a: Sky Puppy|Draining Kiss|p2a: Incineroar
|-crit|p2a: Incineroar
|-damage|p2a: Incineroar|0 fnt
|-heal|p1a: Sky Puppy|85/100|[from] drain|[of] p2a: Incineroar
|faint|p2a: Incineroar
|
|upkeep
|
|t:|1779965589
|switch|p2a: Alomomola|Alomomola, F|59/100
|turn|44
|
|t:|1779965598
|switch|p1a: La casa|Great Tusk|100/100
|move|p2a: Alomomola|Flip Turn|p1a: La casa
|-supereffective|p1a: La casa
|-damage|p1a: La casa|76/100
|-damage|p2a: Alomomola|43/100|[from] item: Rocky Helmet|[of] p1a: La casa
|
|t:|1779965605
|switch|p2a: Luxray|Luxray, M|100/100|[from] Flip Turn
|
|-status|p2a: Luxray|brn|[from] item: Flame Orb
|upkeep
|turn|45
|
|t:|1779965615
|switch|p2a: Alomomola|Alomomola, F|76/100
|move|p1a: La casa|Earthquake|p2a: Alomomola
|-damage|p2a: Alomomola|37/100
|
|upkeep
|turn|46
|
|t:|1779965623
|move|p1a: La casa|Earthquake|p2a: Alomomola
|-damage|p2a: Alomomola|0 fnt
|faint|p2a: Alomomola
|
|upkeep
|c|☆Bencarote|Gg
|
|t:|1779965634
|switch|p2a: Luxray|Luxray, M|100/100 brn
|turn|47
|
|t:|1779965643
|move|p1a: La casa|Earthquake|p2a: Luxray
|-supereffective|p2a: Luxray
|-damage|p2a: Luxray|0 fnt
|faint|p2a: Luxray
|
|win|Bencarote
|raw|Bencarote's rating: 1361 &rarr; <strong>1380</strong><br />(+19 for winning)
|raw|KING丶3266926956今余's rating: 1335 &rarr; <strong>1316</strong><br />(-19 for losing)
|l|☆Bencarote
|player|p1|
|l|☆KING丶3266926956今余
|player|p2|
