|j|☆spamtongspamtondr
|j|☆psygoat12
|t:|1779886382
|gametype|singles
|player|p1|spamtongspamtondr|266|1295
|player|p2|psygoat12|chuck|1342
|gen|9
|tier|[Gen 9] OU
|rated|
|rule|HP Percentage Mod: HP is shown in percentages
|rule|Endless Battle Clause: Forcing endless battles is banned
|rule|Species Clause: Limit one of each Pokémon
|rule|OHKO Clause: OHKO moves are banned
|rule|Evasion Items Clause: Evasion items are banned
|rule|Evasion Moves Clause: Evasion moves are banned
|rule|Evasion Abilities Clause: Evasion abilities are banned
|rule|Sleep Moves Clause: Sleep-inducing moves are banned
|clearpoke
|poke|p1|Zamazenta-*|
|poke|p1|Alomomola, M|
|poke|p1|Kyurem|
|poke|p1|Iron Treads|
|poke|p1|Pecharunt|
|poke|p1|Gardevoir, F|
|poke|p2|Pelipper, M|
|poke|p2|Iron Treads|
|poke|p2|Zapdos|
|poke|p2|Kingdra, F|
|poke|p2|Kingambit, F|
|poke|p2|Hariyama, F|
|teampreview
|
|t:|1779886388
|teamsize|p1|6
|teamsize|p2|6
|start
|switch|p1a: Kyurem|Kyurem|100/100
|switch|p2a: Hariyama|Hariyama, F|100/100
|-ability|p1a: Kyurem|Pressure
|turn|1
|
|t:|1779886392
|switch|p1a: Pecharunt|Pecharunt|100/100
|move|p2a: Hariyama|Knock Off|p1a: Pecharunt
|-supereffective|p1a: Pecharunt
|-damage|p1a: Pecharunt|77/100
|-enditem|p1a: Pecharunt|Leftovers|[from] move: Knock Off|[of] p2a: Hariyama
|
|upkeep
|turn|2
|
|t:|1779886407
|move|p1a: Pecharunt|Nasty Plot|p1a: Pecharunt
|-boost|p1a: Pecharunt|spa|2
|move|p2a: Hariyama|Knock Off|p1a: Pecharunt
|-supereffective|p1a: Pecharunt
|-damage|p1a: Pecharunt|62/100
|
|upkeep
|turn|3
|
|t:|1779886436
|switch|p2a: Kingambit|Kingambit, F|100/100
|move|p1a: Pecharunt|Malignant Chain|p2a: Kingambit
|-immune|p2a: Kingambit
|
|upkeep
|turn|4
|
|t:|1779886442
|switch|p1a: Zamazenta|Zamazenta|100/100
|-ability|p1a: Zamazenta|Dauntless Shield|boost
|-boost|p1a: Zamazenta|def|1
|move|p2a: Kingambit|Kowtow Cleave|p1a: Zamazenta
|-resisted|p1a: Zamazenta
|-damage|p1a: Zamazenta|86/100
|
|upkeep
|turn|5
|
|t:|1779886449
|-end|p2a: Kingambit|fallenundefined|[silent]
|switch|p2a: Pelipper|Pelipper, M|100/100
|-weather|RainDance|[from] ability: Drizzle|[of] p2a: Pelipper
|move|p1a: Zamazenta|Stone Edge|p2a: Pelipper
|-supereffective|p2a: Pelipper
|-damage|p2a: Pelipper|33/100
|-damage|p1a: Zamazenta|76/100|[from] item: Life Orb
|
|-weather|RainDance|[upkeep]
|upkeep
|turn|6
|
|t:|1779886456
|switch|p2a: Hariyama|Hariyama, F|100/100
|move|p1a: Zamazenta|Stone Edge|p2a: Hariyama
|-resisted|p2a: Hariyama
|-damage|p2a: Hariyama|77/100
|-damage|p1a: Zamazenta|66/100|[from] item: Life Orb
|
|-weather|RainDance|[upkeep]
|upkeep
|turn|7
|
|t:|1779886460
|move|p1a: Zamazenta|Close Combat|p2a: Hariyama
|-damage|p2a: Hariyama|3/100
|-unboost|p1a: Zamazenta|def|1
|-unboost|p1a: Zamazenta|spd|1
|-damage|p1a: Zamazenta|56/100|[from] item: Life Orb
|move|p2a: Hariyama|Knock Off|p1a: Zamazenta
|-resisted|p1a: Zamazenta
|-damage|p1a: Zamazenta|44/100
|-enditem|p1a: Zamazenta|Life Orb|[from] move: Knock Off|[of] p2a: Hariyama
|
|-weather|RainDance|[upkeep]
|upkeep
|turn|8
|
|t:|1779886469
|move|p2a: Hariyama|Bullet Punch|p1a: Zamazenta
|-damage|p1a: Zamazenta|34/100
|move|p1a: Zamazenta|Crunch|p2a: Hariyama
|-resisted|p2a: Hariyama
|-damage|p2a: Hariyama|0 fnt
|faint|p2a: Hariyama
|
|-weather|RainDance|[upkeep]
|upkeep
|
|t:|1779886472
|switch|p2a: Zapdos|Zapdos|100/100
|turn|9
|
|t:|1779886477
|move|p1a: Zamazenta|Stone Edge|p2a: Zapdos
|-supereffective|p2a: Zapdos
|-damage|p2a: Zapdos|26/100
|move|p2a: Zapdos|Volt Switch|p1a: Zamazenta
|-damage|p1a: Zamazenta|0 fnt
|faint|p1a: Zamazenta
|
|t:|1779886488
|switch|p2a: Iron Treads|Iron Treads|100/100|[from] Volt Switch
|-enditem|p2a: Iron Treads|Booster Energy
|-activate|p2a: Iron Treads|ability: Quark Drive|[fromitem]
|-start|p2a: Iron Treads|quarkdrivespe
|
|-weather|RainDance|[upkeep]
|upkeep
|
|t:|1779886494
|switch|p1a: Alomomola|Alomomola, M|100/100
|turn|10
|
|t:|1779886506
|move|p2a: Iron Treads|Stealth Rock|p1a: Alomomola
|-sidestart|p1: spamtongspamtondr|move: Stealth Rock
|move|p1a: Alomomola|Tickle|p2a: Iron Treads
|-unboost|p2a: Iron Treads|atk|1
|-unboost|p2a: Iron Treads|def|1
|
|-weather|RainDance|[upkeep]
|upkeep
|turn|11
|
|t:|1779886516
|move|p2a: Iron Treads|Volt Switch|p1a: Alomomola
|-supereffective|p1a: Alomomola
|-crit|p1a: Alomomola
|-damage|p1a: Alomomola|58/100
|
|t:|1779886519
|-end|p2a: Iron Treads|Quark Drive|[silent]
|switch|p2a: Zapdos|Zapdos|26/100|[from] Volt Switch
|move|p1a: Alomomola|Tickle|p2a: Zapdos
|-unboost|p2a: Zapdos|atk|1
|-unboost|p2a: Zapdos|def|1
|
|-weather|RainDance|[upkeep]
|upkeep
|turn|12
|
|t:|1779886532
|move|p2a: Zapdos|Hurricane|p1a: Alomomola
|-crit|p1a: Alomomola
|-damage|p1a: Alomomola|0 fnt
|faint|p1a: Alomomola
|
|-weather|none
|upkeep
|
|t:|1779886535
|switch|p1a: Kyurem|Kyurem|100/100
|-damage|p1a: Kyurem|76/100|[from] Stealth Rock
|-ability|p1a: Kyurem|Pressure
|turn|13
|
|t:|1779886542
|switch|p2a: Pelipper|Pelipper, M|33/100
|-weather|RainDance|[from] ability: Drizzle|[of] p2a: Pelipper
|move|p1a: Kyurem|Substitute|p1a: Kyurem
|-start|p1a: Kyurem|Substitute
|-damage|p1a: Kyurem|51/100
|
|-weather|RainDance|[upkeep]
|upkeep
|turn|14
|
|t:|1779886547
|move|p1a: Kyurem|Dragon Dance|p1a: Kyurem
|-boost|p1a: Kyurem|atk|1
|-boost|p1a: Kyurem|spe|1
|move|p2a: Pelipper|Hurricane|p1a: Kyurem
|-end|p1a: Kyurem|Substitute
|
|-weather|RainDance|[upkeep]
|upkeep
|turn|15
|
|t:|1779886555
|move|p1a: Kyurem|Scale Shot|p2a: Pelipper
|-damage|p2a: Pelipper|18/100
|-damage|p2a: Pelipper|1/100
|-damage|p2a: Pelipper|0 fnt
|faint|p2a: Pelipper
|-hitcount|p2: Pelipper|3
|-unboost|p1a: Kyurem|def|1
|-boost|p1a: Kyurem|spe|1
|
|-weather|RainDance|[upkeep]
|upkeep
|
|t:|1779886567
|switch|p2a: Kingdra|Kingdra, F|100/100
|turn|16
|
|t:|1779886572
|-terastallize|p2a: Kingdra|Ghost
|move|p2a: Kingdra|Draco Meteor|p1a: Kyurem
|-supereffective|p1a: Kyurem
|-damage|p1a: Kyurem|0 fnt
|-unboost|p2a: Kingdra|spa|2
|faint|p1a: Kyurem
|
|-weather|RainDance|[upkeep]
|upkeep
|
|t:|1779886582
|switch|p1a: Iron Treads|Iron Treads|100/100
|turn|17
|c|☆psygoat12|slow ahh kyurem
|
|t:|1779886594
|move|p2a: Kingdra|Draco Meteor|p1a: Iron Treads
|-resisted|p1a: Iron Treads
|-damage|p1a: Iron Treads|70/100
|-unboost|p2a: Kingdra|spa|2
|move|p1a: Iron Treads|Knock Off|p2a: Kingdra
|-supereffective|p2a: Kingdra
|-damage|p2a: Kingdra|30/100
|-enditem|p2a: Kingdra|Choice Specs|[from] move: Knock Off|[of] p1a: Iron Treads
|
|-weather|RainDance|[upkeep]
|upkeep
|turn|18
|
|t:|1779886600
|move|p2a: Kingdra|Flip Turn|p1a: Iron Treads
|-supereffective|p1a: Iron Treads
|-damage|p1a: Iron Treads|15/100
|
|t:|1779886606
|switch|p2a: Zapdos|Zapdos|26/100|[from] Flip Turn
|move|p1a: Iron Treads|Stealth Rock|p2a: Zapdos
|-sidestart|p2: psygoat12|move: Stealth Rock
|
|-weather|RainDance|[upkeep]
|upkeep
|turn|19
|
|t:|1779886621
|move|p1a: Iron Treads|Knock Off|p2a: Zapdos
|-damage|p2a: Zapdos|0 fnt
|-enditem|p2a: Zapdos|Choice Specs|[from] move: Knock Off|[of] p1a: Iron Treads
|faint|p2a: Zapdos
|
|-weather|RainDance|[upkeep]
|upkeep
|
|t:|1779886635
|switch|p2a: Iron Treads|Iron Treads|100/100
|-damage|p2a: Iron Treads|98/100|[from] Stealth Rock
|turn|20
|
|t:|1779886644
|-terastallize|p1a: Iron Treads|Flying
|move|p1a: Iron Treads|Rapid Spin|p2a: Iron Treads
|-resisted|p2a: Iron Treads
|-damage|p2a: Iron Treads|92/100
|-boost|p1a: Iron Treads|spe|1
|-sideend|p1: spamtongspamtondr|Stealth Rock|[from] move: Rapid Spin|[of] p1a: Iron Treads
|move|p2a: Iron Treads|Rapid Spin|p1a: Iron Treads
|-damage|p1a: Iron Treads|3/100
|-boost|p2a: Iron Treads|spe|1
|-sideend|p2: psygoat12|Stealth Rock|[from] move: Rapid Spin|[of] p2a: Iron Treads
|
|-weather|none
|upkeep
|turn|21
|
|t:|1779886657
|move|p1a: Iron Treads|Earthquake|p2a: Iron Treads
|-supereffective|p2a: Iron Treads
|-damage|p2a: Iron Treads|21/100
|move|p2a: Iron Treads|Rapid Spin|p1a: Iron Treads
|-damage|p1a: Iron Treads|0 fnt
|-boost|p2a: Iron Treads|spe|1
|faint|p1a: Iron Treads
|-end|p1a: Iron Treads|Quark Drive|[silent]
|
|upkeep
|
|t:|1779886660
|switch|p1a: Gardevoir|Gardevoir, F|100/100
|turn|22
|
|t:|1779886665
|switch|p1a: Pecharunt|Pecharunt|62/100
|move|p2a: Iron Treads|Stealth Rock|p1a: Pecharunt
|-sidestart|p1: spamtongspamtondr|move: Stealth Rock
|
|upkeep
|turn|23
|
|t:|1779886669
|move|p2a: Iron Treads|Earthquake|p1a: Pecharunt
|-supereffective|p1a: Pecharunt
|-damage|p1a: Pecharunt|28/100
|move|p1a: Pecharunt|Shadow Ball|p2a: Iron Treads
|-damage|p2a: Iron Treads|0 fnt
|faint|p2a: Iron Treads
|-end|p2a: Iron Treads|Quark Drive|[silent]
|
|upkeep
|
|t:|1779886676
|switch|p2a: Kingdra|Kingdra, F, tera:Ghost|30/100
|turn|24
|
|t:|1779886687
|move|p2a: Kingdra|Draco Meteor|p1a: Pecharunt
|-damage|p1a: Pecharunt|0 fnt
|-unboost|p2a: Kingdra|spa|2
|faint|p1a: Pecharunt
|
|upkeep
|
|t:|1779886689
|switch|p1a: Gardevoir|Gardevoir, F|100/100
|-damage|p1a: Gardevoir|88/100|[from] Stealth Rock
|-ability|p1a: Gardevoir|Swift Swim|Trace|[from] ability: Trace|[of] p2a: Kingdra
|turn|25
|
|t:|1779886700
|move|p1a: Gardevoir|Trick|p2a: Kingdra
|-activate|p1a: Gardevoir|move: Trick|[of] p2a: Kingdra
|-item|p2a: Kingdra|Choice Scarf|[from] move: Trick
|-enditem|p1a: Gardevoir|Choice Scarf|[silent]|[from] move: Trick
|move|p2a: Kingdra|Hurricane|p1a: Gardevoir|[miss]
|-miss|p2a: Kingdra|p1a: Gardevoir
|
|upkeep
|turn|26
|
|t:|1779886707
|move|p2a: Kingdra|Hurricane|p1a: Gardevoir
|-damage|p1a: Gardevoir|73/100
|move|p1a: Gardevoir|Moonblast|p2a: Kingdra
|-damage|p2a: Kingdra|0 fnt
|faint|p2a: Kingdra
|
|upkeep
|
|t:|1779886711
|switch|p2a: Kingambit|Kingambit, F|100/100
|-activate|p2a: Kingambit|ability: Supreme Overlord
|-start|p2a: Kingambit|fallen5|[silent]
|turn|27
|
|t:|1779886716
|move|p1a: Gardevoir|Destiny Bond|p1a: Gardevoir
|-singlemove|p1a: Gardevoir|Destiny Bond
|move|p2a: Kingambit|Iron Head|p1a: Gardevoir
|-supereffective|p1a: Gardevoir
|-damage|p1a: Gardevoir|0 fnt
|faint|p1a: Gardevoir
|-activate|p1a: Gardevoir|move: Destiny Bond
|faint|p2a: Kingambit
|-end|p2a: Kingambit|fallen5|[silent]
|
|win|psygoat12
|raw|spamtongspamtondr's rating: 1342 &rarr; <strong>1322</strong><br />(-20 for losing)
|raw|psygoat12's rating: 1342 &rarr; <strong>1362</strong><br />(+20 for winning)
|c|☆spamtongspamtondr|gg
|c|☆psygoat12|gg
|l|☆spamtongspamtondr
|player|p1|
|l|☆psygoat12
|player|p2|
