|j|☆Davy12345
|j|☆power pulser
|t:|1779956161
|gametype|singles
|player|p1|Davy12345|drayden|1473
|player|p2|power pulser|steven|1506
|gen|9
|tier|[Gen 9] OU
|rated|
|rule|HP Percentage Mod: HP is shown in percentages
|rule|Endless Battle Clause: Forcing endless battles is banned
|rule|Species Clause: Limit one of each Pokémon
|rule|OHKO Clause: OHKO moves are banned
|rule|Evasion Items Clause: Evasion items are banned
|rule|Evasion Moves Clause: Evasion moves are banned
|rule|Evasion Abilities Clause: Evasion abilities are banned
|rule|Sleep Moves Clause: Sleep-inducing moves are banned
|clearpoke
|poke|p1|Sandy Shocks|
|poke|p1|Ogerpon, F|
|poke|p1|Latios, M|
|poke|p1|Scizor, F|
|poke|p1|Manaphy|
|poke|p1|Iron Jugulis|
|poke|p2|Rillaboom, F|
|poke|p2|Hawlucha, M|
|poke|p2|Zamazenta-*|
|poke|p2|Ogerpon-Cornerstone, F|
|poke|p2|Heatran, M|
|poke|p2|Iron Boulder|
|teampreview
|inactive|Battle timer is ON: inactive players will automatically lose when time's up. (requested by Davy12345)
|inactive|power pulser also wants the timer to be on.
|c|☆power pulser|glhf
|inactive|power pulser has 120 seconds left.
|
|t:|1779956195
|teamsize|p1|6
|teamsize|p2|6
|start
|switch|p1a: Sandy Shocks|Sandy Shocks|100/100
|switch|p2a: Rillaboom|Rillaboom, F|100/100
|-fieldstart|move: Grassy Terrain|[from] ability: Grassy Surge|[of] p2a: Rillaboom
|-enditem|p1a: Sandy Shocks|Booster Energy
|-activate|p1a: Sandy Shocks|ability: Protosynthesis|[fromitem]
|-start|p1a: Sandy Shocks|protosynthesisspe
|turn|1
|
|t:|1779956204
|move|p2a: Rillaboom|Grassy Glide|p1a: Sandy Shocks
|-supereffective|p1a: Sandy Shocks
|-damage|p1a: Sandy Shocks|21/100
|move|p1a: Sandy Shocks|Stealth Rock|p2a: Rillaboom
|-sidestart|p2: power pulser|move: Stealth Rock
|
|-heal|p1a: Sandy Shocks|27/100|[from] Grassy Terrain
|upkeep
|turn|2
|
|t:|1779956222
|move|p1a: Sandy Shocks|Spikes|p2a: Rillaboom
|-sidestart|p2: power pulser|Spikes
|move|p2a: Rillaboom|Knock Off|p1a: Sandy Shocks
|-damage|p1a: Sandy Shocks|0 fnt
|faint|p1a: Sandy Shocks
|-end|p1a: Sandy Shocks|Protosynthesis|[silent]
|
|upkeep
|
|t:|1779956232
|switch|p1a: Iron Jugulis|Iron Jugulis|100/100
|-enditem|p1a: Iron Jugulis|Booster Energy
|-activate|p1a: Iron Jugulis|ability: Quark Drive|[fromitem]
|-start|p1a: Iron Jugulis|quarkdrivespe
|turn|3
|inactive|power pulser has 120 seconds left.
|
|t:|1779956272
|switch|p2a: Ogerpon|Ogerpon-Cornerstone, F|100/100
|-damage|p2a: Ogerpon|88/100|[from] Stealth Rock
|-damage|p2a: Ogerpon|76/100|[from] Spikes
|move|p1a: Iron Jugulis|Hurricane|p2a: Ogerpon
|-damage|p2a: Ogerpon|10/100
|
|-heal|p2a: Ogerpon|16/100|[from] Grassy Terrain
|upkeep
|turn|4
|inactive|power pulser has 120 seconds left.
|
|t:|1779956298
|move|p2a: Ogerpon|Grassy Glide|p1a: Iron Jugulis
|-resisted|p1a: Iron Jugulis
|-damage|p1a: Iron Jugulis|74/100
|move|p1a: Iron Jugulis|Earth Power|p2a: Ogerpon
|-damage|p2a: Ogerpon|0 fnt
|faint|p2a: Ogerpon
|
|upkeep
|inactive|power pulser has 120 seconds left.
|
|t:|1779956331
|switch|p2a: Heatran|Heatran, M|100/100
|-damage|p2a: Heatran|88/100|[from] Stealth Rock
|-damage|p2a: Heatran|76/100|[from] Spikes
|turn|5
|
|t:|1779956335
|move|p1a: Iron Jugulis|Earth Power|p2a: Heatran
|-supereffective|p2a: Heatran
|-damage|p2a: Heatran|4/100
|move|p2a: Heatran|Magma Storm|p1a: Iron Jugulis
|-damage|p1a: Iron Jugulis|18/100
|-activate|p1a: Iron Jugulis|move: Magma Storm|[of] p2a: Heatran
|
|-heal|p2a: Heatran|10/100|[from] Grassy Terrain
|-heal|p2a: Heatran|17/100|[from] item: Leftovers
|-damage|p1a: Iron Jugulis|5/100|[from] move: Magma Storm|[partiallytrapped]
|upkeep
|turn|6
|
|t:|1779956350
|move|p1a: Iron Jugulis|Earth Power|p2a: Heatran
|-supereffective|p2a: Heatran
|-crit|p2a: Heatran
|-damage|p2a: Heatran|0 fnt
|faint|p2a: Heatran
|
|-end|p1a: Iron Jugulis|Magma Storm|[partiallytrapped]|[silent]
|upkeep
|
|t:|1779956360
|switch|p2a: Rillaboom|Rillaboom, F|100/100
|-damage|p2a: Rillaboom|88/100|[from] Stealth Rock
|-damage|p2a: Rillaboom|75/100|[from] Spikes
|turn|7
|
|t:|1779956364
|move|p2a: Rillaboom|Grassy Glide|p1a: Iron Jugulis
|-resisted|p1a: Iron Jugulis
|-damage|p1a: Iron Jugulis|0 fnt
|faint|p1a: Iron Jugulis
|-end|p1a: Iron Jugulis|Quark Drive|[silent]
|
|-heal|p2a: Rillaboom|82/100|[from] Grassy Terrain
|upkeep
|
|t:|1779956376
|switch|p1a: Scizor|Scizor, F|100/100
|turn|8
|
|t:|1779956384
|switch|p2a: Zamazenta|Zamazenta|100/100
|-damage|p2a: Zamazenta|94/100|[from] Stealth Rock
|-damage|p2a: Zamazenta|82/100|[from] Spikes
|-ability|p2a: Zamazenta|Dauntless Shield|boost
|-boost|p2a: Zamazenta|def|1
|move|p1a: Scizor|Bullet Punch|p2a: Zamazenta
|-damage|p2a: Zamazenta|66/100
|
|-heal|p2a: Zamazenta|73/100|[from] Grassy Terrain
|-heal|p2a: Zamazenta|79/100|[from] item: Leftovers
|-fieldend|move: Grassy Terrain
|upkeep
|turn|9
|
|t:|1779956394
|switch|p1a: Ogerpon|Ogerpon, F|100/100
|move|p2a: Zamazenta|Crunch|p1a: Ogerpon
|-damage|p1a: Ogerpon|71/100
|
|-heal|p2a: Zamazenta|85/100|[from] item: Leftovers
|upkeep
|turn|10
|
|t:|1779956404
|move|p2a: Zamazenta|Iron Defense|p2a: Zamazenta
|-boost|p2a: Zamazenta|def|2
|-enditem|p1a: Ogerpon|Mirror Herb
|-boost|p1a: Ogerpon|def|2|[from] item: Mirror Herb
|move|p1a: Ogerpon|Swords Dance|p1a: Ogerpon
|-boost|p1a: Ogerpon|atk|2
|
|-heal|p2a: Zamazenta|91/100|[from] item: Leftovers
|upkeep
|turn|11
|
|t:|1779956410
|-terastallize|p1a: Ogerpon|Grass
|detailschange|p1a: Ogerpon|Ogerpon-Teal-Tera, F, tera:Grass
|-ability|p1a: Ogerpon|Embody Aspect (Teal)|boost
|-boost|p1a: Ogerpon|spe|1
|move|p1a: Ogerpon|Encore|p2a: Zamazenta
|-start|p2a: Zamazenta|Encore
|move|p2a: Zamazenta|Iron Defense|p2a: Zamazenta
|-boost|p2a: Zamazenta|def|2
|
|-heal|p2a: Zamazenta|97/100|[from] item: Leftovers
|upkeep
|turn|12
|inactive|power pulser has 120 seconds left.
|
|t:|1779956442
|switch|p2a: Rillaboom|Rillaboom, F|82/100
|-damage|p2a: Rillaboom|69/100|[from] Stealth Rock
|-damage|p2a: Rillaboom|57/100|[from] Spikes
|-fieldstart|move: Grassy Terrain|[from] ability: Grassy Surge|[of] p2a: Rillaboom
|move|p1a: Ogerpon|Swords Dance|p1a: Ogerpon
|-boost|p1a: Ogerpon|atk|2
|
|-heal|p1a: Ogerpon|77/100|[from] Grassy Terrain
|-heal|p2a: Rillaboom|63/100|[from] Grassy Terrain
|upkeep
|turn|13
|
|t:|1779956448
|move|p1a: Ogerpon|Ivy Cudgel|p2a: Rillaboom
|-resisted|p2a: Rillaboom
|-damage|p2a: Rillaboom|0 fnt
|faint|p2a: Rillaboom
|
|-heal|p1a: Ogerpon|83/100|[from] Grassy Terrain
|upkeep
|
|t:|1779956450
|switch|p2a: Hawlucha|Hawlucha, M|100/100
|-damage|p2a: Hawlucha|88/100|[from] Stealth Rock
|-enditem|p2a: Hawlucha|Grassy Seed
|-boost|p2a: Hawlucha|def|1|[from] item: Grassy Seed
|turn|14
|
|t:|1779956459
|move|p2a: Hawlucha|Acrobatics|p1a: Ogerpon
|-supereffective|p1a: Ogerpon
|-damage|p1a: Ogerpon|23/100
|move|p1a: Ogerpon|Rock Tomb|p2a: Hawlucha
|-damage|p2a: Hawlucha|34/100
|-unboost|p2a: Hawlucha|spe|1
|
|-heal|p1a: Ogerpon|29/100|[from] Grassy Terrain
|upkeep
|turn|15
|
|t:|1779956482
|switch|p2a: Zamazenta|Zamazenta|97/100
|-damage|p2a: Zamazenta|91/100|[from] Stealth Rock
|-damage|p2a: Zamazenta|79/100|[from] Spikes
|move|p1a: Ogerpon|Ivy Cudgel|p2a: Zamazenta
|-damage|p2a: Zamazenta|0 fnt
|faint|p2a: Zamazenta
|
|-heal|p1a: Ogerpon|35/100|[from] Grassy Terrain
|upkeep
|
|t:|1779956488
|switch|p2a: Hawlucha|Hawlucha, M|34/100
|-damage|p2a: Hawlucha|21/100|[from] Stealth Rock
|turn|16
|
|t:|1779956492
|move|p1a: Ogerpon|Ivy Cudgel|p2a: Hawlucha
|-resisted|p2a: Hawlucha
|-damage|p2a: Hawlucha|0 fnt
|faint|p2a: Hawlucha
|
|-heal|p1a: Ogerpon|41/100|[from] Grassy Terrain
|upkeep
|
|t:|1779956497
|switch|p2a: Iron Boulder|Iron Boulder|100/100
|-damage|p2a: Iron Boulder|88/100|[from] Stealth Rock
|-damage|p2a: Iron Boulder|76/100|[from] Spikes
|turn|17
|
|t:|1779956504
|-terastallize|p2a: Iron Boulder|Rock
|move|p1a: Ogerpon|Ivy Cudgel|p2a: Iron Boulder
|-supereffective|p2a: Iron Boulder
|-damage|p2a: Iron Boulder|0 fnt
|faint|p2a: Iron Boulder
|-end|p2a: Iron Boulder|Quark Drive|[silent]
|
|win|Davy12345
|raw|Davy12345's rating: 1473 &rarr; <strong>1495</strong><br />(+22 for winning)
|raw|power pulser's rating: 1506 &rarr; <strong>1484</strong><br />(-22 for losing)
|l|☆Davy12345
|player|p1|
|l|☆power pulser
|player|p2|
