|j|☆krookodile fangirl
|j|☆hgjgfjyg
|t:|1779816278
|gametype|singles
|player|p1|krookodile fangirl|roughneck|1335
|player|p2|hgjgfjyg|collector|1407
|gen|9
|tier|[Gen 9] OU
|rated|
|rule|HP Percentage Mod: HP is shown in percentages
|rule|Endless Battle Clause: Forcing endless battles is banned
|rule|Species Clause: Limit one of each Pokémon
|rule|OHKO Clause: OHKO moves are banned
|rule|Evasion Items Clause: Evasion items are banned
|rule|Evasion Moves Clause: Evasion moves are banned
|rule|Evasion Abilities Clause: Evasion abilities are banned
|rule|Sleep Moves Clause: Sleep-inducing moves are banned
|clearpoke
|poke|p1|Krookodile, M|
|poke|p1|Deoxys-Speed|
|poke|p1|Trevenant, F|
|poke|p1|Iron Moth|
|poke|p1|Primarina, M|
|poke|p1|Corviknight, F|
|poke|p2|Pelipper, F|
|poke|p2|Samurott-Hisui, F|
|poke|p2|Iron Treads|
|poke|p2|Barraskewda, F|
|poke|p2|Toxicroak, M|
|poke|p2|Porygon-Z|
|teampreview
|inactive|Battle timer is ON: inactive players will automatically lose when time's up. (requested by hgjgfjyg)
|
|t:|1779816290
|teamsize|p1|6
|teamsize|p2|6
|start
|switch|p1a: Invader Zim|Deoxys-Speed, shiny|100/100
|switch|p2a: Pelipper|Pelipper, F|100/100
|-ability|p1a: Invader Zim|Pressure
|-weather|RainDance|[from] ability: Drizzle|[of] p2a: Pelipper
|turn|1
|
|t:|1779816297
|switch|p2a: Bey blade|Iron Treads|100/100
|move|p1a: Invader Zim|Psycho Boost|p2a: Bey blade
|-resisted|p2a: Bey blade
|-damage|p2a: Bey blade|43/100
|-unboost|p1a: Invader Zim|spa|2
|-damage|p1a: Invader Zim|90/100|[from] item: Life Orb
|
|-weather|RainDance|[upkeep]
|upkeep
|turn|2
|
|t:|1779816310
|move|p1a: Invader Zim|Taunt|p2a: Bey blade
|-start|p2a: Bey blade|move: Taunt
|move|p2a: Bey blade|Earth Power|p1a: Invader Zim
|-damage|p1a: Invader Zim|42/100
|
|-weather|RainDance|[upkeep]
|upkeep
|turn|3
|
|t:|1779816316
|switch|p1a: Twink Femboy|Primarina, M|100/100
|move|p2a: Bey blade|Rapid Spin|p1a: Twink Femboy
|-damage|p1a: Twink Femboy|87/100
|-boost|p2a: Bey blade|spe|1
|
|-weather|RainDance|[upkeep]
|upkeep
|turn|4
|
|t:|1779816324
|move|p2a: Bey blade|Volt Switch|p1a: Twink Femboy
|-supereffective|p1a: Twink Femboy
|-damage|p1a: Twink Femboy|68/100
|
|t:|1779816327
|-end|p2a: Bey blade|Quark Drive|[silent]
|switch|p2a: Toxicroak|Toxicroak, M|100/100|[from] Volt Switch
|move|p1a: Twink Femboy|Flip Turn|p2a: Toxicroak
|-immune|p2a: Toxicroak|[from] ability: Dry Skin
|
|-weather|RainDance|[upkeep]
|upkeep
|turn|5
|
|t:|1779816332
|switch|p1a: Meta Slave|Corviknight, F|100/100
|move|p2a: Toxicroak|Gunk Shot|p1a: Meta Slave
|-immune|p1a: Meta Slave
|
|-weather|RainDance|[upkeep]
|upkeep
|turn|6
|
|t:|1779816336
|move|p2a: Toxicroak|Knock Off|p1a: Meta Slave
|-damage|p1a: Meta Slave|78/100
|-damage|p2a: Toxicroak|84/100|[from] item: Rocky Helmet|[of] p1a: Meta Slave
|-enditem|p1a: Meta Slave|Rocky Helmet|[from] move: Knock Off|[of] p2a: Toxicroak
|move|p1a: Meta Slave|Iron Head|p2a: Toxicroak
|-damage|p2a: Toxicroak|35/100
|
|-weather|RainDance|[upkeep]
|-heal|p2a: Toxicroak|47/100|[from] ability: Dry Skin
|-heal|p2a: Toxicroak|53/100|[from] item: Leftovers
|upkeep
|turn|7
|
|t:|1779816353
|switch|p2a: Bey blade|Iron Treads|43/100
|move|p1a: Meta Slave|Roost|p1a: Meta Slave
|-heal|p1a: Meta Slave|100/100
|-singleturn|p1a: Meta Slave|move: Roost
|
|-weather|RainDance|[upkeep]
|upkeep
|turn|8
|
|t:|1779816359
|move|p2a: Bey blade|Volt Switch|p1a: Meta Slave
|-supereffective|p1a: Meta Slave
|-damage|p1a: Meta Slave|67/100
|
|t:|1779816378
|-end|p2a: Bey blade|Quark Drive|[silent]
|switch|p2a: Spike factory|Samurott-Hisui, F|100/100|[from] Volt Switch
|move|p1a: Meta Slave|U-turn|p2a: Spike factory
|-supereffective|p2a: Spike factory
|-damage|p2a: Spike factory|55/100
|
|t:|1779816386
|switch|p1a: Reptar|Krookodile, M, shiny|100/100|[from] U-turn
|
|-weather|none
|upkeep
|turn|9
|
|t:|1779816396
|move|p1a: Reptar|Close Combat|p2a: Spike factory
|-supereffective|p2a: Spike factory
|-damage|p2a: Spike factory|0 fnt
|-unboost|p1a: Reptar|def|1
|-unboost|p1a: Reptar|spd|1
|faint|p2a: Spike factory
|-ability|p1a: Reptar|Moxie|boost
|-boost|p1a: Reptar|atk|1
|
|upkeep
|
|t:|1779816401
|switch|p2a: Pelipper|Pelipper, F|100/100
|-weather|RainDance|[from] ability: Drizzle|[of] p2a: Pelipper
|turn|10
|
|t:|1779816415
|switch|p1a: Twink Femboy|Primarina, M|68/100
|move|p2a: Pelipper|U-turn|p1a: Twink Femboy
|-resisted|p1a: Twink Femboy
|-damage|p1a: Twink Femboy|64/100
|
|t:|1779816421
|switch|p2a: Barraskewda|Barraskewda, F|100/100|[from] U-turn
|
|-weather|RainDance|[upkeep]
|upkeep
|turn|11
|
|t:|1779816425
|move|p2a: Barraskewda|Poison Jab|p1a: Twink Femboy
|-supereffective|p1a: Twink Femboy
|-damage|p1a: Twink Femboy|0 fnt
|faint|p1a: Twink Femboy
|-damage|p2a: Barraskewda|91/100|[from] item: Life Orb
|
|-weather|RainDance|[upkeep]
|upkeep
|
|t:|1779816430
|switch|p1a: Monster House|Trevenant, F, shiny|100/100
|turn|12
|
|t:|1779816435
|switch|p2a: Toxicroak|Toxicroak, M|53/100
|move|p1a: Monster House|Horn Leech|p2a: Toxicroak
|-resisted|p2a: Toxicroak
|-damage|p2a: Toxicroak|28/100
|
|-weather|RainDance|[upkeep]
|-heal|p2a: Toxicroak|41/100|[from] ability: Dry Skin
|-heal|p2a: Toxicroak|47/100|[from] item: Leftovers
|upkeep
|turn|13
|
|t:|1779816442
|switch|p1a: Meta Slave|Corviknight, F|67/100
|move|p2a: Toxicroak|Gunk Shot|p1a: Meta Slave
|-immune|p1a: Meta Slave
|
|-weather|RainDance|[upkeep]
|-heal|p2a: Toxicroak|59/100|[from] ability: Dry Skin
|-heal|p2a: Toxicroak|65/100|[from] item: Leftovers
|upkeep
|turn|14
|
|t:|1779816446
|switch|p2a: Barraskewda|Barraskewda, F|91/100
|move|p1a: Meta Slave|Iron Head|p2a: Barraskewda
|-resisted|p2a: Barraskewda
|-damage|p2a: Barraskewda|58/100
|
|-weather|RainDance|[upkeep]
|upkeep
|turn|15
|
|t:|1779816468
|move|p2a: Barraskewda|Liquidation|p1a: Meta Slave
|-crit|p1a: Meta Slave
|-damage|p1a: Meta Slave|0 fnt
|faint|p1a: Meta Slave
|-damage|p2a: Barraskewda|48/100|[from] item: Life Orb
|
|-weather|RainDance|[upkeep]
|upkeep
|
|t:|1779816472
|switch|p1a: Monster House|Trevenant, F, shiny|100/100
|turn|16
|
|t:|1779816475
|move|p2a: Barraskewda|Poison Jab|p1a: Monster House
|-damage|p1a: Monster House|57/100
|-damage|p2a: Barraskewda|39/100|[from] item: Life Orb
|move|p1a: Monster House|Horn Leech|p2a: Barraskewda
|-supereffective|p2a: Barraskewda
|-damage|p2a: Barraskewda|0 fnt
|-heal|p1a: Monster House|73/100|[from] drain|[of] p2a: Barraskewda
|faint|p2a: Barraskewda
|
|-weather|RainDance|[upkeep]
|upkeep
|
|t:|1779816481
|switch|p2a: Nuclear bomb|Porygon-Z|100/100
|-ability|p2a: Nuclear bomb|Download|boost
|-boost|p2a: Nuclear bomb|atk|1
|turn|17
|
|t:|1779816489
|-terastallize|p1a: Monster House|Fairy
|move|p2a: Nuclear bomb|Ice Beam|p1a: Monster House
|-damage|p1a: Monster House|35/100
|-status|p1a: Monster House|frz
|-enditem|p1a: Monster House|Sitrus Berry|[eat]
|-heal|p1a: Monster House|59/100 frz|[from] item: Sitrus Berry
|-damage|p2a: Nuclear bomb|91/100|[from] item: Life Orb
|cant|p1a: Monster House|frz
|
|-weather|none
|upkeep
|turn|18
|
|t:|1779816501
|switch|p2a: Pelipper|Pelipper, F|100/100
|-weather|RainDance|[from] ability: Drizzle|[of] p2a: Pelipper
|-curestatus|p1a: Monster House|frz|[msg]
|move|p1a: Monster House|Protect||[still]
|-fail|p1a: Monster House
|
|-weather|RainDance|[upkeep]
|upkeep
|turn|19
|
|t:|1779816508
|move|p2a: Pelipper|U-turn|p1a: Monster House
|-resisted|p1a: Monster House
|-damage|p1a: Monster House|55/100
|
|t:|1779816509
|switch|p2a: Toxicroak|Toxicroak, M|65/100|[from] U-turn
|move|p1a: Monster House|Leech Seed|p2a: Toxicroak
|-start|p2a: Toxicroak|move: Leech Seed
|
|-weather|RainDance|[upkeep]
|-heal|p2a: Toxicroak|78/100|[from] ability: Dry Skin
|-heal|p2a: Toxicroak|84/100|[from] item: Leftovers
|-damage|p2a: Toxicroak|72/100|[from] Leech Seed|[of] p1a: Monster House
|-heal|p1a: Monster House|67/100|[silent]
|upkeep
|turn|20
|
|t:|1779816532
|switch|p2a: Bey blade|Iron Treads|43/100
|move|p1a: Monster House|Will-O-Wisp|p2a: Bey blade
|-status|p2a: Bey blade|brn
|
|-weather|RainDance|[upkeep]
|-damage|p2a: Bey blade|37/100 brn|[from] brn
|-item|p1a: Monster House|Sitrus Berry|[from] ability: Harvest
|upkeep
|turn|21
|
|t:|1779816538
|switch|p1a: Aura Farmer|Iron Moth|100/100
|move|p2a: Bey blade|Steel Beam|p1a: Aura Farmer
|-resisted|p1a: Aura Farmer
|-crit|p1a: Aura Farmer
|-damage|p1a: Aura Farmer|60/100
|-damage|p2a: Bey blade|0 fnt|[from] steelbeam
|faint|p2a: Bey blade
|-end|p2a: Bey blade|Quark Drive|[silent]
|
|-weather|RainDance|[upkeep]
|upkeep
|
|t:|1779816545
|switch|p2a: Toxicroak|Toxicroak, M|72/100
|turn|22
|
|t:|1779816558
|-end|p1a: Aura Farmer|Quark Drive|[silent]
|switch|p1a: Monster House|Trevenant, F, shiny, tera:Fairy|67/100
|move|p2a: Toxicroak|Knock Off|p1a: Monster House
|-resisted|p1a: Monster House
|-damage|p1a: Monster House|51/100
|-enditem|p1a: Monster House|Sitrus Berry|[from] move: Knock Off|[of] p2a: Toxicroak
|
|-weather|RainDance|[upkeep]
|-heal|p2a: Toxicroak|84/100|[from] ability: Dry Skin
|-heal|p2a: Toxicroak|90/100|[from] item: Leftovers
|upkeep
|turn|23
|
|t:|1779816567
|move|p2a: Toxicroak|Gunk Shot|p1a: Monster House
|-supereffective|p1a: Monster House
|-damage|p1a: Monster House|0 fnt
|faint|p1a: Monster House
|
|-weather|RainDance|[upkeep]
|-heal|p2a: Toxicroak|100/100|[from] ability: Dry Skin
|upkeep
|
|t:|1779816569
|switch|p1a: Reptar|Krookodile, M, shiny|100/100
|turn|24
|
|t:|1779816577
|switch|p2a: Pelipper|Pelipper, F|100/100
|move|p1a: Reptar|Stone Edge|p2a: Pelipper
|-supereffective|p2a: Pelipper
|-damage|p2a: Pelipper|55/100
|
|-weather|RainDance|[upkeep]
|upkeep
|turn|25
|
|t:|1779816588
|move|p1a: Reptar|Stone Edge|p2a: Pelipper
|-supereffective|p2a: Pelipper
|-damage|p2a: Pelipper|7/100
|move|p2a: Pelipper|Roost|p2a: Pelipper
|-heal|p2a: Pelipper|57/100
|-singleturn|p2a: Pelipper|move: Roost
|
|-weather|none
|upkeep
|turn|26
|
|t:|1779816594
|switch|p1a: Aura Farmer|Iron Moth|60/100
|switch|p2a: Toxicroak|Toxicroak, M|100/100
|
|upkeep
|turn|27
|
|t:|1779816600
|switch|p2a: Pelipper|Pelipper, F|57/100
|-weather|RainDance|[from] ability: Drizzle|[of] p2a: Pelipper
|move|p1a: Aura Farmer|Fiery Dance|p2a: Pelipper
|-resisted|p2a: Pelipper
|-damage|p2a: Pelipper|43/100
|-boost|p1a: Aura Farmer|spa|1
|
|-weather|RainDance|[upkeep]
|upkeep
|turn|28
|
|t:|1779816606
|move|p1a: Aura Farmer|Discharge|p2a: Pelipper
|-supereffective|p2a: Pelipper
|-damage|p2a: Pelipper|0 fnt
|faint|p2a: Pelipper
|
|-weather|RainDance|[upkeep]
|upkeep
|
|t:|1779816608
|switch|p2a: Toxicroak|Toxicroak, M|100/100
|turn|29
|
|t:|1779816629
|move|p1a: Aura Farmer|Discharge|p2a: Toxicroak
|-damage|p2a: Toxicroak|35/100
|move|p2a: Toxicroak|Knock Off|p1a: Aura Farmer
|-damage|p1a: Aura Farmer|11/100
|-enditem|p1a: Aura Farmer|Heavy-Duty Boots|[from] move: Knock Off|[of] p2a: Toxicroak
|
|-weather|RainDance|[upkeep]
|-heal|p2a: Toxicroak|48/100|[from] ability: Dry Skin
|-heal|p2a: Toxicroak|54/100|[from] item: Leftovers
|upkeep
|turn|30
|
|t:|1779816638
|move|p1a: Aura Farmer|Discharge|p2a: Toxicroak
|-damage|p2a: Toxicroak|0 fnt
|faint|p2a: Toxicroak
|
|-weather|RainDance|[upkeep]
|upkeep
|
|t:|1779816641
|switch|p2a: Nuclear bomb|Porygon-Z|91/100
|-ability|p2a: Nuclear bomb|Download|boost
|-boost|p2a: Nuclear bomb|atk|1
|turn|31
|
|t:|1779816646
|move|p1a: Aura Farmer|Fiery Dance|p2a: Nuclear bomb
|-damage|p2a: Nuclear bomb|42/100
|-boost|p1a: Aura Farmer|spa|1
|move|p2a: Nuclear bomb|Tri Attack|p1a: Aura Farmer
|-damage|p1a: Aura Farmer|0 fnt
|faint|p1a: Aura Farmer
|-end|p1a: Aura Farmer|Quark Drive|[silent]
|-damage|p2a: Nuclear bomb|32/100|[from] item: Life Orb
|
|-weather|RainDance|[upkeep]
|upkeep
|
|t:|1779816649
|switch|p1a: Reptar|Krookodile, M, shiny|100/100
|turn|32
|
|t:|1779816651
|-terastallize|p2a: Nuclear bomb|Ghost
|move|p1a: Reptar|Earthquake|p2a: Nuclear bomb
|-damage|p2a: Nuclear bomb|0 fnt
|faint|p2a: Nuclear bomb
|
|win|krookodile fangirl
|raw|krookodile fangirl's rating: 1335 &rarr; <strong>1359</strong><br />(+24 for winning)
|raw|hgjgfjyg's rating: 1407 &rarr; <strong>1383</strong><br />(-24 for losing)
|l|☆krookodile fangirl
|player|p1|
|l|☆hgjgfjyg
|player|p2|
