|j|☆Halloworlditsme
|j|☆Kaiko72
|t:|1779900022
|gametype|singles
|player|p1|Halloworlditsme|buck|1304
|player|p2|Kaiko72|pokekid|1369
|gen|9
|tier|[Gen 9] OU
|rated|
|rule|HP Percentage Mod: HP is shown in percentages
|rule|Endless Battle Clause: Forcing endless battles is banned
|rule|Species Clause: Limit one of each Pokémon
|rule|OHKO Clause: OHKO moves are banned
|rule|Evasion Items Clause: Evasion items are banned
|rule|Evasion Moves Clause: Evasion moves are banned
|rule|Evasion Abilities Clause: Evasion abilities are banned
|rule|Sleep Moves Clause: Sleep-inducing moves are banned
|clearpoke
|poke|p1|Decidueye-Hisui, M|
|poke|p1|Zapdos|
|poke|p1|Iron Boulder|
|poke|p1|Deoxys-Speed|
|poke|p1|Ogerpon-Wellspring, F|
|poke|p1|Slowking-Galar, F|
|poke|p2|Hawlucha, M|
|poke|p2|Ambipom, M|
|poke|p2|Skeledirge, F|
|poke|p2|Gliscor, M|
|poke|p2|Gengar, F|
|poke|p2|Tentacruel, M|
|teampreview
|inactive|Battle timer is ON: inactive players will automatically lose when time's up. (requested by Halloworlditsme)
|
|t:|1779900031
|teamsize|p1|6
|teamsize|p2|6
|start
|switch|p1a: Deoxys|Deoxys-Speed|100/100
|switch|p2a: Ambipom|Ambipom, M|100/100
|-ability|p1a: Deoxys|Pressure
|turn|1
|
|t:|1779900033
|switch|p1a: Zapdos|Zapdos|100/100
|move|p2a: Ambipom|Fake Out|p1a: Zapdos
|-damage|p1a: Zapdos|73/100
|-damage|p2a: Ambipom|91/100|[from] item: Life Orb
|
|upkeep
|turn|2
|
|t:|1779900039
|move|p2a: Ambipom|Triple Axel|p1a: Zapdos
|-supereffective|p1a: Zapdos
|-damage|p1a: Zapdos|55/100
|-status|p2a: Ambipom|par|[from] ability: Static|[of] p1a: Zapdos
|-supereffective|p1a: Zapdos
|-damage|p1a: Zapdos|17/100
|-supereffective|p1a: Zapdos
|-damage|p1a: Zapdos|0 fnt
|faint|p1a: Zapdos
|-hitcount|p1: Zapdos|3
|-damage|p2a: Ambipom|81/100 par|[from] item: Life Orb
|
|upkeep
|
|t:|1779900044
|switch|p1a: Iron Boulder|Iron Boulder|100/100
|-enditem|p1a: Iron Boulder|Booster Energy
|-activate|p1a: Iron Boulder|ability: Quark Drive|[fromitem]
|-start|p1a: Iron Boulder|quarkdrivespe
|turn|3
|
|t:|1779900048
|move|p1a: Iron Boulder|Close Combat|p2a: Ambipom
|-supereffective|p2a: Ambipom
|-damage|p2a: Ambipom|0 fnt
|-unboost|p1a: Iron Boulder|def|1
|-unboost|p1a: Iron Boulder|spd|1
|faint|p2a: Ambipom
|
|upkeep
|
|t:|1779900054
|switch|p2a: Gliscor|Gliscor, M|100/100
|turn|4
|
|t:|1779900061
|move|p1a: Iron Boulder|Zen Headbutt|p2a: Gliscor
|-damage|p2a: Gliscor|67/100
|move|p2a: Gliscor|Earthquake|p1a: Iron Boulder
|-supereffective|p1a: Iron Boulder
|-damage|p1a: Iron Boulder|0 fnt
|faint|p1a: Iron Boulder
|-end|p1a: Iron Boulder|Quark Drive|[silent]
|
|-status|p2a: Gliscor|tox|[from] item: Toxic Orb
|upkeep
|
|t:|1779900068
|switch|p1a: Deoxys|Deoxys-Speed|100/100
|-ability|p1a: Deoxys|Pressure
|turn|5
|
|t:|1779900073
|move|p2a: Gliscor|Protect|p2a: Gliscor
|-singleturn|p2a: Gliscor|Protect
|move|p1a: Deoxys|Taunt|p2a: Gliscor
|-activate|p2a: Gliscor|move: Protect
|
|-heal|p2a: Gliscor|79/100 tox|[from] ability: Poison Heal
|upkeep
|turn|6
|
|t:|1779900078
|move|p1a: Deoxys|Taunt|p2a: Gliscor
|-start|p2a: Gliscor|move: Taunt
|move|p2a: Gliscor|Earthquake|p1a: Deoxys
|-damage|p1a: Deoxys|35/100
|
|-heal|p2a: Gliscor|92/100 tox|[from] ability: Poison Heal
|upkeep
|turn|7
|
|t:|1779900083
|move|p1a: Deoxys|Stealth Rock|p2a: Gliscor
|-sidestart|p2: Kaiko72|move: Stealth Rock
|move|p2a: Gliscor|Earthquake|p1a: Deoxys
|-damage|p1a: Deoxys|0 fnt
|faint|p1a: Deoxys
|
|-heal|p2a: Gliscor|100/100 tox|[from] ability: Poison Heal
|upkeep
|
|t:|1779900085
|switch|p1a: Ogerpon|Ogerpon-Wellspring, F|100/100
|turn|8
|
|t:|1779900098
|switch|p1a: Slowking|Slowking-Galar, F, shiny|100/100
|switch|p2a: Tentacruel|Tentacruel, M|100/100
|-damage|p2a: Tentacruel|88/100|[from] Stealth Rock
|
|-heal|p2a: Tentacruel|94/100|[from] item: Leftovers
|upkeep
|turn|9
|
|t:|1779900102
|move|p2a: Tentacruel|Rapid Spin|p1a: Slowking
|-damage|p1a: Slowking|94/100
|-boost|p2a: Tentacruel|spe|1
|-sideend|p2: Kaiko72|Stealth Rock|[from] move: Rapid Spin|[of] p2a: Tentacruel
|move|p1a: Slowking|Psychic Noise|p2a: Tentacruel
|-supereffective|p2a: Tentacruel
|-damage|p2a: Tentacruel|54/100
|-start|p2a: Tentacruel|move: Heal Block
|
|upkeep
|turn|10
|
|t:|1779900113
|move|p2a: Tentacruel|Toxic Spikes|p1a: Slowking
|-sidestart|p1: Halloworlditsme|move: Toxic Spikes
|move|p1a: Slowking|Psychic Noise|p2a: Tentacruel
|-supereffective|p2a: Tentacruel
|-damage|p2a: Tentacruel|17/100
|
|-end|p2a: Tentacruel|move: Heal Block
|upkeep
|turn|11
|
|t:|1779900120
|move|p2a: Tentacruel|Toxic Spikes|p1a: Slowking
|-sidestart|p1: Halloworlditsme|move: Toxic Spikes
|move|p1a: Slowking|Ice Beam|p2a: Tentacruel
|-resisted|p2a: Tentacruel
|-damage|p2a: Tentacruel|9/100
|
|-heal|p2a: Tentacruel|15/100|[from] item: Leftovers
|upkeep
|turn|12
|
|t:|1779900125
|move|p2a: Tentacruel|Surf|p1a: Slowking
|-damage|p1a: Slowking|70/100
|move|p1a: Slowking|Psychic Noise|p2a: Tentacruel
|-supereffective|p2a: Tentacruel
|-damage|p2a: Tentacruel|0 fnt
|faint|p2a: Tentacruel
|
|upkeep
|
|t:|1779900138
|switch|p2a: Skeledirge|Skeledirge, F, shiny|100/100
|turn|13
|
|t:|1779900144
|move|p2a: Skeledirge|Torch Song|p1a: Slowking
|-damage|p1a: Slowking|45/100
|-boost|p2a: Skeledirge|spa|1
|-prepare|p1a: Slowking|Chilly Reception|[premajor]
|move|p1a: Slowking|Chilly Reception|p1a: Slowking
|-weather|Snowscape
|
|t:|1779900147
|switch|p1a: Ogerpon|Ogerpon-Wellspring, F|100/100|[from] Chilly Reception
|-status|p1a: Ogerpon|tox
|
|-weather|Snowscape|[upkeep]
|-damage|p1a: Ogerpon|95/100 tox|[from] psn
|upkeep
|turn|14
|
|t:|1779900153
|-terastallize|p2a: Skeledirge|Grass
|move|p1a: Ogerpon|Ivy Cudgel|p2a: Skeledirge|[anim] Ivy Cudgel Water
|-resisted|p2a: Skeledirge
|-damage|p2a: Skeledirge|73/100
|move|p2a: Skeledirge|Torch Song|p1a: Ogerpon
|-damage|p1a: Ogerpon|26/100 tox
|-boost|p2a: Skeledirge|spa|1
|
|-weather|Snowscape|[upkeep]
|-heal|p2a: Skeledirge|79/100|[from] item: Leftovers
|-damage|p1a: Ogerpon|14/100 tox|[from] psn
|upkeep
|turn|15
|
|t:|1779900162
|move|p1a: Ogerpon|Ivy Cudgel|p2a: Skeledirge|[anim] Ivy Cudgel Water
|-resisted|p2a: Skeledirge
|-damage|p2a: Skeledirge|54/100
|move|p2a: Skeledirge|Torch Song|p1a: Ogerpon
|-damage|p1a: Ogerpon|0 fnt
|-boost|p2a: Skeledirge|spa|1
|faint|p1a: Ogerpon
|
|-weather|Snowscape|[upkeep]
|-heal|p2a: Skeledirge|60/100|[from] item: Leftovers
|upkeep
|
|t:|1779900166
|switch|p1a: Slowking|Slowking-Galar, F, shiny|79/100
|-sideend|p1: Halloworlditsme|move: Toxic Spikes|[of] p1a: Slowking
|turn|16
|
|t:|1779900173
|move|p2a: Skeledirge|Shadow Ball|p1a: Slowking
|-supereffective|p1a: Slowking
|-damage|p1a: Slowking|0 fnt
|faint|p1a: Slowking
|
|-weather|Snowscape|[upkeep]
|-heal|p2a: Skeledirge|66/100|[from] item: Leftovers
|upkeep
|
|t:|1779900176
|switch|p1a: Decidueye|Decidueye-Hisui, M|100/100
|turn|17
|
|t:|1779900183
|-terastallize|p1a: Decidueye|Ghost
|move|p1a: Decidueye|Triple Arrows|p2a: Skeledirge
|-damage|p2a: Skeledirge|30/100
|move|p2a: Skeledirge|Torch Song|p1a: Decidueye
|-damage|p1a: Decidueye|0 fnt
|-boost|p2a: Skeledirge|spa|1
|faint|p1a: Decidueye
|
|win|Kaiko72
|raw|Halloworlditsme's rating: 1304 &rarr; <strong>1288</strong><br />(-16 for losing)
|raw|Kaiko72's rating: 1369 &rarr; <strong>1385</strong><br />(+16 for winning)
|l|☆Halloworlditsme
|player|p1|
|l|☆Kaiko72
|player|p2|
