|j|☆A05236
|j|☆Abyssal Bot
|t:|1779918509
|gametype|singles
|player|p1|A05236|265|
|player|p2|Abyssal Bot|supernerd|
|teamsize|p1|6
|teamsize|p2|6
|gen|9
|tier|[Gen 9] OU
|rule|Species Clause: Limit one of each Pokémon
|rule|OHKO Clause: OHKO moves are banned
|rule|Evasion Items Clause: Evasion items are banned
|rule|Evasion Moves Clause: Evasion moves are banned
|rule|Endless Battle Clause: Forcing endless battles is banned
|rule|HP Percentage Mod: HP is shown in percentages
|rule|Sleep Moves Clause: Sleep-inducing moves are banned
|clearpoke
|poke|p1|Dragonite, F|
|poke|p1|Ninetales-Alola, F|
|poke|p1|Enamorus, F|
|poke|p1|Kingambit, F|
|poke|p1|Gliscor, F|
|poke|p1|Hawlucha, M|
|poke|p2|Ting-Lu|
|poke|p2|Dragapult, M|
|poke|p2|Slowking-Galar, M|
|poke|p2|Kingambit, F|
|poke|p2|Gliscor, M|
|poke|p2|Zamazenta-*|
|teampreview
|c|☆Abyssal Bot|**WARNING**: Expect much hax.
|inactive|Battle timer is ON: inactive players will automatically lose when time's up. (requested by Abyssal Bot)
|j|*Turbo Bottttt
|
|t:|1779918513
|start
|switch|p1a: sugar|Dragonite, F|100/100
|switch|p2a: Zamazenta|Zamazenta|100/100
|-ability|p2a: Zamazenta|Dauntless Shield|boost
|-boost|p2a: Zamazenta|def|1
|turn|1
|
|t:|1779918516
|move|p2a: Zamazenta|Stone Edge|p1a: sugar
|-supereffective|p1a: sugar
|-damage|p1a: sugar|65/100
|move|p1a: sugar|Dragon Dance|p1a: sugar
|-boost|p1a: sugar|atk|1
|-boost|p1a: sugar|spe|1
|
|upkeep
|turn|2
|
|t:|1779918518
|move|p2a: Zamazenta|Stone Edge|p1a: sugar
|-supereffective|p1a: sugar
|-crit|p1a: sugar
|-damage|p1a: sugar|0
|faint|p1a: sugar
|
|upkeep
|c|☆Abyssal Bot|I had warned you about hax!! HAHAHA
|
|t:|1779918524
|switch|p1a: the eternal sugar|Gliscor, F|100/100
|turn|3
|
|t:|1779918526
|switch|p2a: Gliscor|Gliscor, M|100/100
|move|p1a: the eternal sugar|Stealth Rock|p2a: Gliscor
|-sidestart|p2: Abyssal Bot|move: Stealth Rock
|
|-status|p2a: Gliscor|tox|[from] item: Toxic Orb
|-status|p1a: the eternal sugar|tox|[from] item: Toxic Orb
|upkeep
|turn|4
|
|t:|1779918529
|switch|p1a: oh honey honey|Ninetales-Alola, F|100/100
|-weather|Snow|[from] ability: Snow Warning|[of] p1a: oh honey honey
|move|p2a: Gliscor|Knock Off|p1a: oh honey honey
|-resisted|p1a: oh honey honey
|-damage|p1a: oh honey honey|90/100
|-enditem|p1a: oh honey honey|Light Clay|[from] move: Knock Off|[of] p2a: Gliscor
|
|-weather|Snow|[upkeep]
|upkeep
|turn|5
|
|t:|1779918531
|switch|p2a: Kingambit|Kingambit, F|100/100
|-damage|p2a: Kingambit|94/100|[from] Stealth Rock|[of] p1: the eternal sugar
|move|p1a: oh honey honey|Aurora Veil|p1a: oh honey honey
|-sidestart|p1: A05236|move: Aurora Veil
|
|-weather|Snow|[upkeep]
|-heal|p2a: Kingambit|100/100|[from] item: Leftovers
|upkeep
|turn|6
|
|t:|1779918537
|switch|p1a: the eternal sugar|Gliscor, F|100/100 tox
|move|p2a: Kingambit|Iron Head|p1a: the eternal sugar
|-damage|p1a: the eternal sugar|80/100 tox
|
|-weather|Snow|[upkeep]
|-heal|p1a: the eternal sugar|93/100 tox|[from] ability: Poison Heal
|upkeep
|turn|7
|
|t:|1779918543
|switch|p1a: oh honey honey|Ninetales-Alola, F|90/100
|move|p2a: Kingambit|Kowtow Cleave|p1a: oh honey honey
|-resisted|p1a: oh honey honey
|-damage|p1a: oh honey honey|79/100
|
|-weather|Snow|[upkeep]
|upkeep
|turn|8
|
|t:|1779918547
|move|p1a: oh honey honey|Chilling Water|p2a: Kingambit
|-damage|p2a: Kingambit|87/100
|-unboost|p2a: Kingambit|atk|1
|move|p2a: Kingambit|Iron Head|p1a: oh honey honey
|-supereffective|p1a: oh honey honey
|-damage|p1a: oh honey honey|18/100
|
|-weather|none
|-heal|p2a: Kingambit|93/100|[from] item: Leftovers
|upkeep
|turn|9
|
|t:|1779918550
|move|p1a: oh honey honey|Chilling Water|p2a: Kingambit
|-damage|p2a: Kingambit|80/100
|-unboost|p2a: Kingambit|atk|1
|move|p2a: Kingambit|Kowtow Cleave|p1a: oh honey honey
|-resisted|p1a: oh honey honey
|-damage|p1a: oh honey honey|8/100
|
|-heal|p2a: Kingambit|86/100|[from] item: Leftovers
|-sideend|p1: A05236|move: Aurora Veil
|upkeep
|turn|10
|
|t:|1779918553
|move|p1a: oh honey honey|Chilling Water|p2a: Kingambit
|-damage|p2a: Kingambit|73/100
|-unboost|p2a: Kingambit|atk|1
|move|p2a: Kingambit|Kowtow Cleave|p1a: oh honey honey
|-resisted|p1a: oh honey honey
|-damage|p1a: oh honey honey|0
|faint|p1a: oh honey honey
|
|-heal|p2a: Kingambit|79/100|[from] item: Leftovers
|upkeep
|
|t:|1779918559
|switch|p1a: you are my|Kingambit, F|100/100
|-activate|p1a: you are my|ability: Supreme Overlord
|-start|p1a: you are my|fallen2|[silent]
|turn|11
|
|t:|1779918562
|-end|p2a: Kingambit|fallenundefined|[silent]
|switch|p2a: Zamazenta|Zamazenta|100/100
|move|p1a: you are my|Swords Dance|p1a: you are my
|-boost|p1a: you are my|atk|2
|
|upkeep
|turn|12
|
|t:|1779918568
|-end|p1a: you are my|fallen2|[silent]
|switch|p1a: ohh honey honey|Enamorus, F|100/100
|move|p2a: Zamazenta|Close Combat|p1a: ohh honey honey
|-resisted|p1a: ohh honey honey
|-damage|p1a: ohh honey honey|79/100
|-unboost|p2a: Zamazenta|def|1
|-unboost|p2a: Zamazenta|spd|1
|
|upkeep
|turn|13
|
|t:|1779918570
|move|p1a: ohh honey honey|Moonblast|p2a: Zamazenta
|-supereffective|p2a: Zamazenta
|-damage|p2a: Zamazenta|0
|faint|p2a: Zamazenta
|
|upkeep
|
|t:|1779918570
|switch|p2a: Kingambit|Kingambit, F|79/100
|-damage|p2a: Kingambit|73/100|[from] Stealth Rock|[of] p1: the eternal sugar
|-activate|p2a: Kingambit|ability: Supreme Overlord
|-start|p2a: Kingambit|fallen1|[silent]
|turn|14
|
|t:|1779918574
|switch|p1a: you are my|Kingambit, F|100/100
|-activate|p1a: you are my|ability: Supreme Overlord
|-start|p1a: you are my|fallen2|[silent]
|move|p2a: Kingambit|Iron Head|p1a: you are my
|-resisted|p1a: you are my
|-damage|p1a: you are my|80/100
|
|-heal|p2a: Kingambit|79/100|[from] item: Leftovers
|upkeep
|turn|15
|
|t:|1779918578
|move|p1a: you are my|Swords Dance|p1a: you are my
|-boost|p1a: you are my|atk|2
|move|p2a: Kingambit|Swords Dance|p2a: Kingambit
|-boost|p2a: Kingambit|atk|2
|
|-heal|p2a: Kingambit|85/100|[from] item: Leftovers
|upkeep
|turn|16
|
|t:|1779918580
|move|p1a: you are my|Low Kick|p2a: Kingambit
|-supereffective|p2a: Kingambit
|-damage|p2a: Kingambit|0
|faint|p2a: Kingambit
|-end|p2a: Kingambit|fallen1|[silent]
|-damage|p1a: you are my|70/100|[from] item: Life Orb
|
|upkeep
|
|t:|1779918580
|switch|p2a: Ting-Lu|Ting-Lu|100/100
|-damage|p2a: Ting-Lu|94/100|[from] Stealth Rock|[of] p1: the eternal sugar
|-ability|p2a: Ting-Lu|Vessel of Ruin
|turn|17
|
|t:|1779918583
|move|p1a: you are my|Low Kick|p2a: Ting-Lu
|-supereffective|p2a: Ting-Lu
|-damage|p2a: Ting-Lu|0
|faint|p2a: Ting-Lu
|-damage|p1a: you are my|60/100|[from] item: Life Orb
|
|upkeep
|
|t:|1779918583
|switch|p2a: Gliscor|Gliscor, M|100/100 tox
|-damage|p2a: Gliscor|88/100 tox|[from] Stealth Rock|[of] p1: the eternal sugar
|turn|18
|
|t:|1779918589
|move|p2a: Gliscor|Protect|p2a: Gliscor
|-singleturn|p2a: Gliscor|Protect
|move|p1a: you are my|Sucker Punch||[still]
|-fail|p1a: you are my
|
|-heal|p2a: Gliscor|100/100 tox|[from] ability: Poison Heal
|upkeep
|turn|19
|
|t:|1779918599
|move|p1a: you are my|Sucker Punch|p2a: Gliscor
|-damage|p2a: Gliscor|6/100 tox
|-damage|p1a: you are my|51/100|[from] item: Life Orb
|move|p2a: Gliscor|Earthquake|p1a: you are my
|-supereffective|p1a: you are my
|-damage|p1a: you are my|4/100
|
|-heal|p2a: Gliscor|18/100 tox|[from] ability: Poison Heal
|upkeep
|turn|20
|
|t:|1779918602
|move|p1a: you are my|Sucker Punch|p2a: Gliscor
|-damage|p2a: Gliscor|0 tox
|faint|p2a: Gliscor
|-damage|p1a: you are my|0|[from] item: Life Orb
|faint|p1a: you are my
|-end|p1a: you are my|fallen2|[silent]
|
|upkeep
|
|t:|1779918606
|switch|p2a: Slowking|Slowking-Galar, M|100/100
|switch|p1a: the eternal sugar|Gliscor, F|93/100 tox
|turn|21
|
|t:|1779918608
|move|p1a: the eternal sugar|Earthquake|p2a: Slowking
|-supereffective|p2a: Slowking
|-damage|p2a: Slowking|29/100
|move|p2a: Slowking|Sludge Bomb|p1a: the eternal sugar
|-resisted|p1a: the eternal sugar
|-damage|p1a: the eternal sugar|79/100 tox
|
|-heal|p1a: the eternal sugar|91/100 tox|[from] ability: Poison Heal
|upkeep
|turn|22
|c|☆A05236|sugar. du du du du DU du, ahhh honey honey
|
|t:|1779918631
|move|p1a: the eternal sugar|Earthquake|p2a: Slowking
|-supereffective|p2a: Slowking
|-damage|p2a: Slowking|0
|faint|p2a: Slowking
|
|-heal|p1a: the eternal sugar|100/100 tox|[from] ability: Poison Heal
|upkeep
|
|t:|1779918631
|switch|p2a: Dragapult|Dragapult, M|100/100
|turn|23
|
|t:|1779918636
|move|p2a: Dragapult|Hex|p1a: the eternal sugar
|-damage|p1a: the eternal sugar|54/100 tox
|move|p1a: the eternal sugar|Toxic|p2a: Dragapult
|-status|p2a: Dragapult|tox
|
|-damage|p2a: Dragapult|95/100 tox|[from] psn|[of] p1a: the eternal sugar
|-heal|p1a: the eternal sugar|66/100 tox|[from] ability: Poison Heal
|upkeep
|turn|24
|
|t:|1779918638
|move|p1a: the eternal sugar|Protect|p1a: the eternal sugar
|-singleturn|p1a: the eternal sugar|Protect
|move|p2a: Dragapult|Hex|p1a: the eternal sugar
|-activate|p1a: the eternal sugar|move: Protect
|
|-damage|p2a: Dragapult|83/100 tox|[from] psn|[of] p1a: the eternal sugar
|-heal|p1a: the eternal sugar|78/100 tox|[from] ability: Poison Heal
|upkeep
|turn|25
|
|t:|1779918640
|move|p2a: Dragapult|Hex|p1a: the eternal sugar
|-crit|p1a: the eternal sugar
|-damage|p1a: the eternal sugar|10/100 tox
|move|p1a: the eternal sugar|Earthquake|p2a: Dragapult
|-damage|p2a: Dragapult|41/100 tox
|
|-damage|p2a: Dragapult|23/100 tox|[from] psn|[of] p1a: the eternal sugar
|-heal|p1a: the eternal sugar|23/100 tox|[from] ability: Poison Heal
|upkeep
|turn|26
|c|☆Abyssal Bot|YASS!
|
|t:|1779918643
|move|p1a: the eternal sugar|Protect|p1a: the eternal sugar
|-singleturn|p1a: the eternal sugar|Protect
|move|p2a: Dragapult|Hex|p1a: the eternal sugar
|-activate|p1a: the eternal sugar|move: Protect
|
|-damage|p2a: Dragapult|0 tox|[from] psn|[of] p1a: the eternal sugar
|faint|p2a: Dragapult
|
|win|A05236
|upkeep
|c|☆Abyssal Bot|This loss doesn't matter, because I'm just a bot.
|l|☆Abyssal Bot
|player|p2|
|l|*Turbo Bottttt
