|j|‽repete64
|j|☆absolutmenace
|t:|1779950974
|gametype|singles
|player|p1|repete64|169|1453
|player|p2|absolutmenace|steven|1425
|gen|9
|tier|[Gen 9] OU
|rated|
|rule|HP Percentage Mod: HP is shown in percentages
|rule|Endless Battle Clause: Forcing endless battles is banned
|rule|Species Clause: Limit one of each Pokémon
|rule|OHKO Clause: OHKO moves are banned
|rule|Evasion Items Clause: Evasion items are banned
|rule|Evasion Moves Clause: Evasion moves are banned
|rule|Evasion Abilities Clause: Evasion abilities are banned
|rule|Sleep Moves Clause: Sleep-inducing moves are banned
|clearpoke
|poke|p1|Pelipper, F|
|poke|p1|Iron Treads|
|poke|p1|Serperior, M|
|poke|p1|Manaphy|
|poke|p1|Darkrai|
|poke|p1|Tinkaton, F|
|poke|p2|Slither Wing|
|poke|p2|Slowking-Galar, M|
|poke|p2|Gliscor, F|
|poke|p2|Raging Bolt|
|poke|p2|Great Tusk|
|poke|p2|Iron Valiant|
|teampreview
|inactive|Battle timer is ON: inactive players will automatically lose when time's up. (requested by absolutmenace)
|
|t:|1779950983
|teamsize|p1|6
|teamsize|p2|6
|start
|switch|p1a: Pelipper|Pelipper, F|100/100
|switch|p2a: Raging Bolt|Raging Bolt|100/100
|-weather|RainDance|[from] ability: Drizzle|[of] p1a: Pelipper
|turn|1
|
|t:|1779950993
|switch|p1a: Tinkaton|Tinkaton, F|100/100
|-ability|p1a: Tinkaton|Mold Breaker
|-item|p1a: Tinkaton|Air Balloon
|move|p2a: Raging Bolt|Draco Meteor|p1a: Tinkaton
|-immune|p1a: Tinkaton
|
|-weather|RainDance|[upkeep]
|upkeep
|turn|2
|
|t:|1779951004
|-end|p2a: Raging Bolt|Protosynthesis|[silent]
|switch|p2a: Gliscor|Gliscor, F, shiny|100/100
|move|p1a: Tinkaton|Encore||[still]
|-fail|p1a: Tinkaton
|
|-weather|RainDance|[upkeep]
|-status|p2a: Gliscor|tox|[from] item: Toxic Orb
|upkeep
|turn|3
|
|t:|1779951008
|move|p1a: Tinkaton|Stealth Rock|p2a: Gliscor
|-sidestart|p2: absolutmenace|move: Stealth Rock
|move|p2a: Gliscor|Stealth Rock|p1a: Tinkaton
|-sidestart|p1: repete64|move: Stealth Rock
|
|-weather|RainDance|[upkeep]
|upkeep
|turn|4
|
|t:|1779951020
|move|p1a: Tinkaton|Gigaton Hammer|p2a: Gliscor
|-crit|p2a: Gliscor
|-damage|p2a: Gliscor|62/100 tox
|move|p2a: Gliscor|U-turn|p1a: Tinkaton
|-resisted|p1a: Tinkaton
|-damage|p1a: Tinkaton|96/100
|-enditem|p1a: Tinkaton|Air Balloon
|
|t:|1779951029
|switch|p2a: Great Tusk|Great Tusk, shiny|100/100|[from] U-turn
|
|-weather|RainDance|[upkeep]
|upkeep
|turn|5
|
|t:|1779951039
|switch|p1a: Serperior|Serperior, M|100/100
|-damage|p1a: Serperior|88/100|[from] Stealth Rock
|move|p2a: Great Tusk|Rapid Spin|p1a: Serperior
|-damage|p1a: Serperior|69/100
|-boost|p2a: Great Tusk|spe|1
|-sideend|p2: absolutmenace|Stealth Rock|[from] move: Rapid Spin|[of] p2a: Great Tusk
|
|-weather|none
|-heal|p1a: Serperior|75/100|[from] item: Leftovers
|upkeep
|turn|6
|
|t:|1779951045
|move|p2a: Great Tusk|Ice Spinner|p1a: Serperior
|-supereffective|p1a: Serperior
|-damage|p1a: Serperior|16/100
|move|p1a: Serperior|Leech Seed|p2a: Great Tusk
|-start|p2a: Great Tusk|move: Leech Seed
|
|-heal|p1a: Serperior|23/100|[from] item: Leftovers
|-damage|p2a: Great Tusk|88/100|[from] Leech Seed|[of] p1a: Serperior
|-heal|p1a: Serperior|36/100|[silent]
|upkeep
|turn|7
|
|t:|1779951060
|-end|p2a: Great Tusk|Protosynthesis|[silent]
|switch|p2a: Gliscor|Gliscor, F, shiny|62/100 tox
|switch|p1a: Iron Treads|Iron Treads|100/100
|-damage|p1a: Iron Treads|97/100|[from] Stealth Rock
|-item|p1a: Iron Treads|Air Balloon
|
|-heal|p2a: Gliscor|74/100 tox|[from] ability: Poison Heal
|upkeep
|turn|8
|
|t:|1779951066
|move|p1a: Iron Treads|Rapid Spin|p2a: Gliscor
|-damage|p2a: Gliscor|64/100 tox
|-boost|p1a: Iron Treads|spe|1
|-sideend|p1: repete64|Stealth Rock|[from] move: Rapid Spin|[of] p1a: Iron Treads
|move|p2a: Gliscor|U-turn|p1a: Iron Treads
|-resisted|p1a: Iron Treads
|-damage|p1a: Iron Treads|91/100
|-enditem|p1a: Iron Treads|Air Balloon
|
|t:|1779951077
|switch|p2a: Slither Wing|Slither Wing, shiny|100/100|[from] U-turn
|
|upkeep
|turn|9
|
|t:|1779951084
|move|p1a: Iron Treads|Knock Off|p2a: Slither Wing
|-resisted|p2a: Slither Wing
|-damage|p2a: Slither Wing|82/100
|-enditem|p2a: Slither Wing|Choice Band|[from] move: Knock Off|[of] p1a: Iron Treads
|move|p2a: Slither Wing|Close Combat|p1a: Iron Treads
|-supereffective|p1a: Iron Treads
|-damage|p1a: Iron Treads|0 fnt
|-unboost|p2a: Slither Wing|def|1
|-unboost|p2a: Slither Wing|spd|1
|faint|p1a: Iron Treads
|-end|p1a: Iron Treads|Quark Drive|[silent]
|
|upkeep
|
|t:|1779951093
|switch|p1a: Pelipper|Pelipper, F|100/100
|-weather|RainDance|[from] ability: Drizzle|[of] p1a: Pelipper
|turn|10
|
|t:|1779951097
|move|p2a: Slither Wing|U-turn|p1a: Pelipper
|-resisted|p1a: Pelipper
|-damage|p1a: Pelipper|80/100
|
|t:|1779951100
|-end|p2a: Slither Wing|Protosynthesis|[silent]
|switch|p2a: Slowking|Slowking-Galar, M, shiny|100/100|[from] U-turn
|move|p1a: Pelipper|Weather Ball|p2a: Slowking
|-crit|p2a: Slowking
|-damage|p2a: Slowking|21/100
|
|-weather|RainDance|[upkeep]
|upkeep
|turn|11
|
|t:|1779951109
|switch|p2a: Raging Bolt|Raging Bolt|100/100
|move|p1a: Pelipper|Weather Ball|p2a: Raging Bolt
|-resisted|p2a: Raging Bolt
|-damage|p2a: Raging Bolt|52/100
|
|-weather|RainDance|[upkeep]
|upkeep
|turn|12
|
|t:|1779951115
|move|p2a: Raging Bolt|Volt Switch|p1a: Pelipper
|-supereffective|p1a: Pelipper
|-damage|p1a: Pelipper|0 fnt
|faint|p1a: Pelipper
|
|t:|1779951118
|-end|p2a: Raging Bolt|Protosynthesis|[silent]
|switch|p2a: Slowking|Slowking-Galar, M, shiny|54/100|[from] Volt Switch
|
|-weather|RainDance|[upkeep]
|upkeep
|
|t:|1779951123
|switch|p1a: Manaphy|Manaphy|100/100
|turn|13
|
|t:|1779951130
|switch|p2a: Raging Bolt|Raging Bolt|52/100
|move|p1a: Manaphy|Take Heart|p1a: Manaphy
|-boost|p1a: Manaphy|spa|1
|-boost|p1a: Manaphy|spd|1
|
|-weather|RainDance|[upkeep]
|upkeep
|turn|14
|
|t:|1779951158
|-terastallize|p1a: Manaphy|Poison
|move|p2a: Raging Bolt|Volt Switch|p1a: Manaphy
|-damage|p1a: Manaphy|80/100
|inactive|absolutmenace has 120 seconds left.
|
|t:|1779951172
|-end|p2a: Raging Bolt|Protosynthesis|[silent]
|switch|p2a: Slowking|Slowking-Galar, M, shiny|87/100|[from] Volt Switch
|move|p1a: Manaphy|Take Heart|p1a: Manaphy
|-boost|p1a: Manaphy|spa|1
|-boost|p1a: Manaphy|spd|1
|
|-weather|none
|-heal|p1a: Manaphy|86/100|[from] item: Leftovers
|upkeep
|turn|15
|
|t:|1779951185
|move|p1a: Manaphy|Stored Power|p2a: Slowking
|-damage|p2a: Slowking|65/100
|move|p2a: Slowking|Psychic|p1a: Manaphy
|-supereffective|p1a: Manaphy
|-damage|p1a: Manaphy|50/100
|
|-heal|p1a: Manaphy|56/100|[from] item: Leftovers
|upkeep
|turn|16
|
|t:|1779951190
|move|p1a: Manaphy|Take Heart|p1a: Manaphy
|-boost|p1a: Manaphy|spa|1
|-boost|p1a: Manaphy|spd|1
|move|p2a: Slowking|Psychic|p1a: Manaphy
|-supereffective|p1a: Manaphy
|-damage|p1a: Manaphy|27/100
|
|-heal|p1a: Manaphy|33/100|[from] item: Leftovers
|upkeep
|turn|17
|
|t:|1779951196
|move|p1a: Manaphy|Stored Power|p2a: Slowking
|-damage|p2a: Slowking|28/100
|move|p2a: Slowking|Psychic|p1a: Manaphy
|-supereffective|p1a: Manaphy
|-damage|p1a: Manaphy|6/100
|-unboost|p1a: Manaphy|spd|1
|
|-heal|p1a: Manaphy|12/100|[from] item: Leftovers
|upkeep
|turn|18
|
|t:|1779951199
|move|p1a: Manaphy|Stored Power|p2a: Slowking
|-damage|p2a: Slowking|0 fnt
|faint|p2a: Slowking
|
|-heal|p1a: Manaphy|18/100|[from] item: Leftovers
|upkeep
|
|t:|1779951204
|switch|p2a: Slither Wing|Slither Wing, shiny|82/100
|turn|19
|
|t:|1779951207
|move|p2a: Slither Wing|First Impression|p1a: Manaphy
|-resisted|p1a: Manaphy
|-damage|p1a: Manaphy|0 fnt
|faint|p1a: Manaphy
|
|upkeep
|
|t:|1779951212
|switch|p1a: Tinkaton|Tinkaton, F|96/100
|-ability|p1a: Tinkaton|Mold Breaker
|turn|20
|
|t:|1779951217
|move|p1a: Tinkaton|Encore|p2a: Slither Wing
|-start|p2a: Slither Wing|Encore
|move|p2a: Slither Wing|First Impression||[still]
|-hint|First Impression only works on your first turn out.
|-fail|p2a: Slither Wing
|
|upkeep
|turn|21
|
|t:|1779951221
|switch|p1a: Serperior|Serperior, M|36/100
|-end|p2a: Slither Wing|Protosynthesis|[silent]
|switch|p2a: Great Tusk|Great Tusk, shiny|88/100
|
|-heal|p1a: Serperior|42/100|[from] item: Leftovers
|upkeep
|turn|22
|
|t:|1779951227
|-end|p2a: Great Tusk|Protosynthesis|[silent]
|switch|p2a: Raging Bolt|Raging Bolt|52/100
|move|p1a: Serperior|Leaf Storm|p2a: Raging Bolt
|-resisted|p2a: Raging Bolt
|-crit|p2a: Raging Bolt
|-damage|p2a: Raging Bolt|24/100
|-boost|p1a: Serperior|spa|2
|
|-heal|p1a: Serperior|48/100|[from] item: Leftovers
|upkeep
|turn|23
|
|t:|1779951231
|move|p2a: Raging Bolt|Draco Meteor|p1a: Serperior
|-damage|p1a: Serperior|0 fnt
|-unboost|p2a: Raging Bolt|spa|2
|faint|p1a: Serperior
|
|upkeep
|l|‽repete64
|inactive|repete64 disconnected and has a minute to reconnect!
|player|p1|
|inactive|repete64 has 30 seconds to reconnect!
|inactive|repete64 has 20 seconds to reconnect!
|inactive|repete64 has 15 seconds to reconnect!
|inactive|repete64 has 10 seconds to reconnect!
|inactive|repete64 has 5 seconds to reconnect!
|-message|repete64 lost due to inactivity.
|
|win|absolutmenace
|raw|repete64's rating: 1453 &rarr; <strong>1431</strong><br />(-22 for losing)
|raw|absolutmenace's rating: 1425 &rarr; <strong>1447</strong><br />(+22 for winning)
|l|☆absolutmenace
|player|p2|
|j|☆absolutmenace
|player|p2|absolutmenace|steven|
|l|☆absolutmenace
|player|p2|
