|j|☆Verbalseduction
|j|☆Gengarissocute
|t:|1779949380
|gametype|singles
|player|p1|Verbalseduction|169|1458
|player|p2|Gengarissocute|102|1408
|gen|9
|tier|[Gen 9] OU
|rated|
|rule|HP Percentage Mod: HP is shown in percentages
|rule|Endless Battle Clause: Forcing endless battles is banned
|rule|Species Clause: Limit one of each Pokémon
|rule|OHKO Clause: OHKO moves are banned
|rule|Evasion Items Clause: Evasion items are banned
|rule|Evasion Moves Clause: Evasion moves are banned
|rule|Evasion Abilities Clause: Evasion abilities are banned
|rule|Sleep Moves Clause: Sleep-inducing moves are banned
|clearpoke
|poke|p1|Regieleki|
|poke|p1|Ting-Lu|
|poke|p1|Kyurem|
|poke|p1|Kingambit, F|
|poke|p1|Garganacl, F|
|poke|p1|Moltres|
|poke|p2|Regidrago|
|poke|p2|Maushold-Four|
|poke|p2|Iron Valiant|
|poke|p2|Metagross|
|poke|p2|Polteageist-Antique|
|poke|p2|Ogerpon-Wellspring, F|
|teampreview
|inactive|Battle timer is ON: inactive players will automatically lose when time's up. (requested by Gengarissocute)
|
|t:|1779949396
|teamsize|p1|6
|teamsize|p2|6
|start
|switch|p1a: Regieleki|Regieleki|100/100
|switch|p2a: Regidrago|Regidrago|100/100
|turn|1
|
|t:|1779949417
|move|p1a: Regieleki|Volt Switch|p2a: Regidrago
|-resisted|p2a: Regidrago
|-damage|p2a: Regidrago|78/100
|
|t:|1779949425
|switch|p1a: Ting-Lu|Ting-Lu|100/100|[from] Volt Switch
|-ability|p1a: Ting-Lu|Vessel of Ruin
|move|p2a: Regidrago|Draco Meteor|p1a: Ting-Lu
|-damage|p1a: Ting-Lu|53/100
|-unboost|p2a: Regidrago|spa|2
|
|upkeep
|turn|2
|
|t:|1779949435
|move|p2a: Regidrago|Draco Meteor|p1a: Ting-Lu
|-damage|p1a: Ting-Lu|27/100
|-unboost|p2a: Regidrago|spa|2
|move|p1a: Ting-Lu|Stealth Rock|p2a: Regidrago
|-sidestart|p2: Gengarissocute|move: Stealth Rock
|
|upkeep
|turn|3
|
|t:|1779949443
|move|p2a: Regidrago|Draco Meteor|p1a: Ting-Lu|[miss]
|-miss|p2a: Regidrago|p1a: Ting-Lu
|move|p1a: Ting-Lu|Earthquake|p2a: Regidrago
|-damage|p2a: Regidrago|29/100
|
|upkeep
|turn|4
|
|t:|1779949446
|move|p2a: Regidrago|Draco Meteor|p1a: Ting-Lu|[miss]
|-miss|p2a: Regidrago|p1a: Ting-Lu
|move|p1a: Ting-Lu|Earthquake|p2a: Regidrago
|-damage|p2a: Regidrago|0 fnt
|faint|p2a: Regidrago
|
|upkeep
|
|t:|1779949452
|switch|p2a: Maushold|Maushold-Four|100/100
|-damage|p2a: Maushold|88/100|[from] Stealth Rock
|turn|5
|
|t:|1779949468
|move|p2a: Maushold|Tidy Up|p2a: Maushold
|-sideend|p2: Gengarissocute|Stealth Rock
|-activate|p2a: Maushold|move: Tidy Up
|-boost|p2a: Maushold|atk|1
|-boost|p2a: Maushold|spe|1
|move|p1a: Ting-Lu|Earthquake|p2a: Maushold
|-damage|p2a: Maushold|23/100
|
|upkeep
|turn|6
|
|t:|1779949474
|move|p2a: Maushold|Population Bomb|p1a: Ting-Lu
|-damage|p1a: Ting-Lu|20/100
|-damage|p1a: Ting-Lu|12/100
|-damage|p1a: Ting-Lu|4/100
|-damage|p1a: Ting-Lu|0 fnt
|faint|p1a: Ting-Lu
|-hitcount|p1: Ting-Lu|4
|
|upkeep
|
|t:|1779949480
|switch|p1a: Regieleki|Regieleki|100/100
|turn|7
|
|t:|1779949484
|move|p1a: Regieleki|Volt Switch|p2a: Maushold
|-damage|p2a: Maushold|0 fnt
|faint|p2a: Maushold
|
|t:|1779949508
|switch|p1a: Kyurem|Kyurem|100/100|[from] Volt Switch
|-ability|p1a: Kyurem|Pressure
|
|upkeep
|
|t:|1779949516
|switch|p2a: Metagross|Metagross|100/100
|turn|8
|
|t:|1779949519
|switch|p1a: Moltres|Moltres|100/100
|move|p2a: Metagross|Agility|p2a: Metagross
|-boost|p2a: Metagross|spe|2
|
|upkeep
|turn|9
|
|t:|1779949529
|move|p2a: Metagross|Psychic Fangs|p1a: Moltres
|-damage|p1a: Moltres|73/100
|move|p1a: Moltres|Flamethrower|p2a: Metagross
|-supereffective|p2a: Metagross
|-damage|p2a: Metagross|21/100
|-enditem|p2a: Metagross|Weakness Policy
|-boost|p2a: Metagross|atk|2|[from] item: Weakness Policy
|-boost|p2a: Metagross|spa|2|[from] item: Weakness Policy
|
|upkeep
|turn|10
|
|t:|1779949538
|move|p2a: Metagross|Psychic Fangs|p1a: Moltres
|-damage|p1a: Moltres|14/100
|move|p1a: Moltres|Flamethrower|p2a: Metagross
|-supereffective|p2a: Metagross
|-damage|p2a: Metagross|0 fnt
|faint|p2a: Metagross
|
|upkeep
|
|t:|1779949551
|switch|p2a: Polteageist|Polteageist-Antique|100/100
|turn|11
|
|t:|1779949554
|move|p2a: Polteageist|Shadow Ball|p1a: Moltres
|-damage|p1a: Moltres|0 fnt
|faint|p1a: Moltres
|
|upkeep
|
|t:|1779949564
|switch|p1a: Kingambit|Kingambit, F|100/100
|-activate|p1a: Kingambit|ability: Supreme Overlord
|-start|p1a: Kingambit|fallen2|[silent]
|turn|12
|
|t:|1779949571
|move|p2a: Polteageist|Shell Smash|p2a: Polteageist
|-unboost|p2a: Polteageist|def|1
|-unboost|p2a: Polteageist|spd|1
|-boost|p2a: Polteageist|atk|2
|-boost|p2a: Polteageist|spa|2
|-boost|p2a: Polteageist|spe|2
|move|p1a: Kingambit|Iron Head|p2a: Polteageist
|-enditem|p2a: Polteageist|Focus Sash
|-damage|p2a: Polteageist|1/100
|-ability|p2a: Polteageist|Weak Armor|boost
|-unboost|p2a: Polteageist|def|1
|-boost|p2a: Polteageist|spe|2
|
|upkeep
|turn|13
|
|t:|1779949579
|move|p2a: Polteageist|Pain Split|p1a: Kingambit
|-sethp|p1a: Kingambit|51/100|[from] move: Pain Split|[silent]
|-sethp|p2a: Polteageist|78/100|[from] move: Pain Split
|move|p1a: Kingambit|Kowtow Cleave|p2a: Polteageist
|-supereffective|p2a: Polteageist
|-damage|p2a: Polteageist|0 fnt
|faint|p2a: Polteageist
|
|upkeep
|
|t:|1779949583
|switch|p2a: Ogerpon|Ogerpon-Wellspring, F|100/100
|turn|14
|
|t:|1779949591
|move|p2a: Ogerpon|Ivy Cudgel|p1a: Kingambit|[anim] Ivy Cudgel Water
|-damage|p1a: Kingambit|9/100
|move|p1a: Kingambit|Kowtow Cleave|p2a: Ogerpon
|-damage|p2a: Ogerpon|19/100
|
|upkeep
|turn|15
|
|t:|1779949606
|move|p2a: Ogerpon|Spiky Shield|p2a: Ogerpon
|-singleturn|p2a: Ogerpon|move: Protect
|move|p1a: Kingambit|Kowtow Cleave|p2a: Ogerpon
|-activate|p2a: Ogerpon|move: Protect
|-damage|p1a: Kingambit|0 fnt|[from] Spiky Shield|[of] p2a: Ogerpon
|faint|p1a: Kingambit
|-end|p1a: Kingambit|fallen2|[silent]
|
|upkeep
|
|t:|1779949608
|switch|p1a: Regieleki|Regieleki|100/100
|turn|16
|
|t:|1779949618
|move|p1a: Regieleki|Thunderbolt|p2a: Ogerpon
|-damage|p2a: Ogerpon|0 fnt
|faint|p2a: Ogerpon
|
|upkeep
|
|t:|1779949620
|switch|p2a: Iron Valiant|Iron Valiant|100/100
|-enditem|p2a: Iron Valiant|Booster Energy
|-activate|p2a: Iron Valiant|ability: Quark Drive|[fromitem]
|-start|p2a: Iron Valiant|quarkdrivespe
|turn|17
|
|t:|1779949626
|move|p1a: Regieleki|Volt Switch|p2a: Iron Valiant
|-damage|p2a: Iron Valiant|31/100
|
|t:|1779949632
|switch|p1a: Kyurem|Kyurem|100/100|[from] Volt Switch
|-ability|p1a: Kyurem|Pressure
|move|p2a: Iron Valiant|Close Combat|p1a: Kyurem
|-supereffective|p1a: Kyurem
|-crit|p1a: Kyurem
|-damage|p1a: Kyurem|0 fnt
|-unboost|p2a: Iron Valiant|def|1
|-unboost|p2a: Iron Valiant|spd|1
|faint|p1a: Kyurem
|
|upkeep
|
|t:|1779949635
|switch|p1a: Regieleki|Regieleki|100/100
|turn|18
|
|t:|1779949638
|move|p1a: Regieleki|Volt Switch|p2a: Iron Valiant
|-damage|p2a: Iron Valiant|0 fnt
|faint|p2a: Iron Valiant
|-end|p2a: Iron Valiant|Quark Drive|[silent]
|
|win|Verbalseduction
|raw|Verbalseduction's rating: 1458 &rarr; <strong>1475</strong><br />(+17 for winning)
|raw|Gengarissocute's rating: 1408 &rarr; <strong>1391</strong><br />(-17 for losing)
|l|☆Gengarissocute
|player|p2|
|l|☆Verbalseduction
|player|p1|
