|j|☆daspinsta
|j|☆87654ewsdcvb
|t:|1779902443
|gametype|singles
|player|p1|daspinsta|1|1146
|player|p2|87654ewsdcvb|102|1191
|gen|9
|tier|[Gen 9] OU
|rated|
|rule|HP Percentage Mod: HP is shown in percentages
|rule|Endless Battle Clause: Forcing endless battles is banned
|rule|Species Clause: Limit one of each Pokémon
|rule|OHKO Clause: OHKO moves are banned
|rule|Evasion Items Clause: Evasion items are banned
|rule|Evasion Moves Clause: Evasion moves are banned
|rule|Evasion Abilities Clause: Evasion abilities are banned
|rule|Sleep Moves Clause: Sleep-inducing moves are banned
|clearpoke
|poke|p1|Slowking-Galar, F|
|poke|p1|Ting-Lu|
|poke|p1|Cloyster, M|
|poke|p1|Kommo-o, M|
|poke|p1|Regice|
|poke|p1|Cinderace, F|
|poke|p2|Pawmot, M|
|poke|p2|Cresselia, F|
|poke|p2|Kyurem|
|poke|p2|Dondozo, M|
|poke|p2|Talonflame, F|
|poke|p2|Clodsire, F|
|teampreview
|j| maddof
|
|t:|1779902473
|teamsize|p1|6
|teamsize|p2|6
|start
|switch|p1a: Ting-Lu|Ting-Lu|100/100
|switch|p2a: Kyurem|Kyurem|100/100
|-ability|p2a: Kyurem|Pressure
|-ability|p1a: Ting-Lu|Vessel of Ruin
|turn|1
|
|t:|1779902485
|switch|p2a: Talonflame|Talonflame, F|100/100
|-terastallize|p1a: Ting-Lu|Flying
|move|p1a: Ting-Lu|Stealth Rock|p2a: Talonflame
|-sidestart|p2: 87654ewsdcvb|move: Stealth Rock
|
|upkeep
|turn|2
|
|t:|1779902491
|move|p2a: Talonflame|Will-O-Wisp|p1a: Ting-Lu
|-status|p1a: Ting-Lu|brn
|move|p1a: Ting-Lu|Spikes|p2a: Talonflame
|-sidestart|p2: 87654ewsdcvb|Spikes
|
|-damage|p1a: Ting-Lu|94/100 brn|[from] brn
|upkeep
|turn|3
|
|t:|1779902498
|move|p2a: Talonflame|Defog|p1a: Ting-Lu
|-unboost|p1a: Ting-Lu|evasion|1
|-sideend|p2: 87654ewsdcvb|Spikes|[from] move: Defog|[of] p2a: Talonflame
|-sideend|p2: 87654ewsdcvb|Stealth Rock|[from] move: Defog|[of] p2a: Talonflame
|move|p1a: Ting-Lu|Spikes|p2a: Talonflame
|-sidestart|p2: 87654ewsdcvb|Spikes
|
|-heal|p1a: Ting-Lu|100/100 brn|[from] item: Leftovers
|-damage|p1a: Ting-Lu|94/100 brn|[from] brn
|upkeep
|turn|4
|
|t:|1779902506
|move|p2a: Talonflame|Flamethrower|p1a: Ting-Lu
|-damage|p1a: Ting-Lu|81/100 brn
|move|p1a: Ting-Lu|Whirlwind|p2a: Talonflame
|drag|p2a: Dondozo|Dondozo, M|100/100
|-damage|p2a: Dondozo|88/100|[from] Spikes
|
|-heal|p1a: Ting-Lu|88/100 brn|[from] item: Leftovers
|-heal|p2a: Dondozo|94/100|[from] item: Leftovers
|-damage|p1a: Ting-Lu|81/100 brn|[from] brn
|upkeep
|turn|5
|
|t:|1779902516
|switch|p2a: Talonflame|Talonflame, F|100/100
|move|p1a: Ting-Lu|Stealth Rock|p2a: Talonflame
|-sidestart|p2: 87654ewsdcvb|move: Stealth Rock
|
|-heal|p1a: Ting-Lu|88/100 brn|[from] item: Leftovers
|-damage|p1a: Ting-Lu|81/100 brn|[from] brn
|upkeep
|turn|6
|
|t:|1779902523
|move|p2a: Talonflame|Defog|p1a: Ting-Lu
|-unboost|p1a: Ting-Lu|evasion|1
|-sideend|p2: 87654ewsdcvb|Spikes|[from] move: Defog|[of] p2a: Talonflame
|-sideend|p2: 87654ewsdcvb|Stealth Rock|[from] move: Defog|[of] p2a: Talonflame
|move|p1a: Ting-Lu|Whirlwind|p2a: Talonflame
|drag|p2a: Clodsire|Clodsire, F|100/100
|
|-heal|p1a: Ting-Lu|88/100 brn|[from] item: Leftovers
|-damage|p1a: Ting-Lu|81/100 brn|[from] brn
|upkeep
|turn|7
|
|t:|1779902535
|switch|p2a: Talonflame|Talonflame, F|100/100
|move|p1a: Ting-Lu|Stealth Rock|p2a: Talonflame
|-sidestart|p2: 87654ewsdcvb|move: Stealth Rock
|
|-heal|p1a: Ting-Lu|88/100 brn|[from] item: Leftovers
|-damage|p1a: Ting-Lu|81/100 brn|[from] brn
|upkeep
|turn|8
|
|t:|1779902548
|switch|p1a: Kommo-o|Kommo-o, M|100/100
|move|p2a: Talonflame|Defog|p1a: Kommo-o
|-unboost|p1a: Kommo-o|evasion|1
|-sideend|p2: 87654ewsdcvb|Stealth Rock|[from] move: Defog|[of] p2a: Talonflame
|
|upkeep
|turn|9
|
|t:|1779902556
|move|p2a: Talonflame|Will-O-Wisp|p1a: Kommo-o
|-status|p1a: Kommo-o|brn
|move|p1a: Kommo-o|Belly Drum|p1a: Kommo-o
|-damage|p1a: Kommo-o|50/100 brn
|-setboost|p1a: Kommo-o|atk|6|[from] move: Belly Drum
|
|-damage|p1a: Kommo-o|44/100 brn|[from] brn
|upkeep
|turn|10
|
|t:|1779902565
|switch|p2a: Dondozo|Dondozo, M|94/100
|move|p1a: Kommo-o|Scale Shot|p2a: Dondozo
|-damage|p2a: Dondozo|91/100
|-damage|p2a: Dondozo|89/100
|-damage|p2a: Dondozo|86/100
|-damage|p2a: Dondozo|83/100
|-hitcount|p2a: Dondozo|4
|-unboost|p1a: Kommo-o|def|1
|-boost|p1a: Kommo-o|spe|1
|
|-heal|p2a: Dondozo|90/100|[from] item: Leftovers
|-damage|p1a: Kommo-o|38/100 brn|[from] brn
|upkeep
|turn|11
|
|t:|1779902601
|move|p1a: Kommo-o|Earthquake|p2a: Dondozo
|-damage|p2a: Dondozo|83/100
|move|p2a: Dondozo|Wave Crash|p1a: Kommo-o
|-resisted|p1a: Kommo-o
|-damage|p1a: Kommo-o|17/100 brn
|-damage|p2a: Dondozo|79/100|[from] Recoil
|
|-heal|p2a: Dondozo|85/100|[from] item: Leftovers
|-damage|p1a: Kommo-o|10/100 brn|[from] brn
|upkeep
|turn|12
|
|t:|1779902613
|move|p1a: Kommo-o|Earthquake|p2a: Dondozo
|-damage|p2a: Dondozo|78/100
|move|p2a: Dondozo|Curse|p2a: Dondozo
|-unboost|p2a: Dondozo|spe|1
|-boost|p2a: Dondozo|atk|1
|-boost|p2a: Dondozo|def|1
|
|-heal|p2a: Dondozo|85/100|[from] item: Leftovers
|-damage|p1a: Kommo-o|4/100 brn|[from] brn
|upkeep
|turn|13
|inactive|Battle timer is ON: inactive players will automatically lose when time's up. (requested by daspinsta)
|
|t:|1779902661
|switch|p1a: Regice|Regice|100/100
|move|p2a: Dondozo|Wave Crash|p1a: Regice
|-damage|p1a: Regice|42/100
|-damage|p2a: Dondozo|73/100|[from] Recoil
|
|-heal|p1a: Regice|48/100|[from] item: Leftovers
|-heal|p2a: Dondozo|79/100|[from] item: Leftovers
|upkeep
|turn|14
|
|t:|1779902673
|move|p2a: Dondozo|Protect|p2a: Dondozo
|-singleturn|p2a: Dondozo|Protect
|move|p1a: Regice|Thunder Wave|p2a: Dondozo
|-activate|p2a: Dondozo|move: Protect
|
|-heal|p1a: Regice|54/100|[from] item: Leftovers
|-heal|p2a: Dondozo|85/100|[from] item: Leftovers
|upkeep
|turn|15
|
|t:|1779902689
|switch|p2a: Clodsire|Clodsire, F|100/100
|move|p1a: Regice|Thunder Wave|p2a: Clodsire
|-immune|p2a: Clodsire
|
|-heal|p1a: Regice|60/100|[from] item: Leftovers
|upkeep
|turn|16
|
|t:|1779902702
|move|p1a: Regice|Ice Beam|p2a: Clodsire
|-supereffective|p2a: Clodsire
|-damage|p2a: Clodsire|55/100
|move|p2a: Clodsire|Toxic|p1a: Regice
|-status|p1a: Regice|tox
|
|-heal|p1a: Regice|66/100 tox|[from] item: Leftovers
|-heal|p2a: Clodsire|61/100|[from] item: Leftovers
|-damage|p1a: Regice|60/100 tox|[from] psn
|upkeep
|turn|17
|
|t:|1779902723
|move|p1a: Regice|Ice Beam|p2a: Clodsire
|-supereffective|p2a: Clodsire
|-damage|p2a: Clodsire|13/100
|move|p2a: Clodsire|Recover|p2a: Clodsire
|-heal|p2a: Clodsire|63/100
|
|-heal|p1a: Regice|66/100 tox|[from] item: Leftovers
|-heal|p2a: Clodsire|69/100|[from] item: Leftovers
|-damage|p1a: Regice|54/100 tox|[from] psn
|upkeep
|turn|18
|
|t:|1779902738
|switch|p1a: Cloyster|Cloyster, M|100/100
|move|p2a: Clodsire|Recover|p2a: Clodsire
|-heal|p2a: Clodsire|100/100
|
|upkeep
|turn|19
|
|t:|1779902748
|switch|p2a: Dondozo|Dondozo, M|85/100
|move|p1a: Cloyster|Icicle Spear|p2a: Dondozo
|-resisted|p2a: Dondozo
|-damage|p2a: Dondozo|83/100
|-resisted|p2a: Dondozo
|-damage|p2a: Dondozo|80/100
|-resisted|p2a: Dondozo
|-damage|p2a: Dondozo|77/100
|-resisted|p2a: Dondozo
|-damage|p2a: Dondozo|75/100
|-resisted|p2a: Dondozo
|-damage|p2a: Dondozo|72/100
|-hitcount|p2a: Dondozo|5
|
|-heal|p2a: Dondozo|78/100|[from] item: Leftovers
|upkeep
|turn|20
|
|t:|1779902762
|move|p1a: Cloyster|Toxic Spikes|p2a: Dondozo
|-sidestart|p2: 87654ewsdcvb|move: Toxic Spikes
|move|p2a: Dondozo|Wave Crash|p1a: Cloyster
|-resisted|p1a: Cloyster
|-damage|p1a: Cloyster|83/100
|-damage|p2a: Dondozo|75/100|[from] Recoil
|
|-heal|p2a: Dondozo|81/100|[from] item: Leftovers
|upkeep
|turn|21
|
|t:|1779902774
|switch|p1a: Regice|Regice|54/100 tox
|move|p2a: Dondozo|Curse|p2a: Dondozo
|-unboost|p2a: Dondozo|spe|1
|-boost|p2a: Dondozo|atk|1
|-boost|p2a: Dondozo|def|1
|
|-heal|p1a: Regice|60/100 tox|[from] item: Leftovers
|-heal|p2a: Dondozo|88/100|[from] item: Leftovers
|-damage|p1a: Regice|54/100 tox|[from] psn
|upkeep
|turn|22
|
|t:|1779902791
|move|p2a: Dondozo|Protect|p2a: Dondozo
|-singleturn|p2a: Dondozo|Protect
|move|p1a: Regice|Ice Beam|p2a: Dondozo
|-activate|p2a: Dondozo|move: Protect
|
|-heal|p1a: Regice|60/100 tox|[from] item: Leftovers
|-heal|p2a: Dondozo|94/100|[from] item: Leftovers
|-damage|p1a: Regice|48/100 tox|[from] psn
|upkeep
|turn|23
|
|t:|1779902802
|move|p1a: Regice|Thunder|p2a: Dondozo
|-supereffective|p2a: Dondozo
|-damage|p2a: Dondozo|23/100
|move|p2a: Dondozo|Wave Crash|p1a: Regice
|-damage|p1a: Regice|0 fnt
|faint|p1a: Regice
|-damage|p2a: Dondozo|14/100|[from] Recoil
|
|-heal|p2a: Dondozo|20/100|[from] item: Leftovers
|upkeep
|
|t:|1779902822
|switch|p1a: Cinderace|Cinderace, F|100/100
|-item|p1a: Cinderace|Air Balloon
|turn|24
|
|t:|1779902826
|move|p2a: Dondozo|Protect|p2a: Dondozo
|-singleturn|p2a: Dondozo|Protect
|move|p1a: Cinderace|High Jump Kick|p2a: Dondozo
|-start|p1a: Cinderace|typechange|Fighting|[from] ability: Libero
|-activate|p2a: Dondozo|move: Protect
|-damage|p1a: Cinderace|51/100|[from] highjumpkick
|
|-heal|p2a: Dondozo|26/100|[from] item: Leftovers
|upkeep
|turn|25
|
|t:|1779902837
|switch|p2a: Talonflame|Talonflame, F|100/100
|move|p1a: Cinderace|High Jump Kick|p2a: Talonflame
|-resisted|p2a: Talonflame
|-damage|p2a: Talonflame|60/100
|
|upkeep
|turn|26
|
|t:|1779902848
|move|p2a: Talonflame|Roost|p2a: Talonflame
|-heal|p2a: Talonflame|100/100
|-singleturn|p2a: Talonflame|move: Roost
|move|p1a: Cinderace|High Jump Kick|p2a: Talonflame
|-damage|p2a: Talonflame|22/100
|
|upkeep
|turn|27
|
|t:|1779902855
|move|p2a: Talonflame|Defog|p1a: Cinderace
|-unboost|p1a: Cinderace|evasion|1
|-sideend|p2: 87654ewsdcvb|Toxic Spikes|[from] move: Defog|[of] p2a: Talonflame
|move|p1a: Cinderace|High Jump Kick|p2a: Talonflame
|-resisted|p2a: Talonflame
|-damage|p2a: Talonflame|0 fnt
|faint|p2a: Talonflame
|
|upkeep
|
|t:|1779902861
|switch|p2a: Dondozo|Dondozo, M|26/100
|turn|28
|
|t:|1779902879
|switch|p1a: Ting-Lu|Ting-Lu, tera:Flying|81/100 brn
|-ability|p1a: Ting-Lu|Vessel of Ruin
|move|p2a: Dondozo|Protect||[still]
|-fail|p2a: Dondozo
|
|-heal|p1a: Ting-Lu|88/100 brn|[from] item: Leftovers
|-heal|p2a: Dondozo|32/100|[from] item: Leftovers
|-damage|p1a: Ting-Lu|81/100 brn|[from] brn
|upkeep
|turn|29
|
|t:|1779902895
|switch|p2a: Pawmot|Pawmot, M|100/100
|move|p1a: Ting-Lu|Stealth Rock|p2a: Pawmot
|-sidestart|p2: 87654ewsdcvb|move: Stealth Rock
|
|-heal|p1a: Ting-Lu|88/100 brn|[from] item: Leftovers
|-damage|p1a: Ting-Lu|81/100 brn|[from] brn
|upkeep
|turn|30
|
|t:|1779902902
|move|p2a: Pawmot|Revival Blessing|p2a: Pawmot
|-enditem|p2a: Pawmot|Leppa Berry|[eat]
|-activate|p2a: Pawmot|item: Leppa Berry|Revival Blessing|[consumed]
|
|t:|1779902905
|-heal|p2: Talonflame|50/100|[from] move: Revival Blessing
|move|p1a: Ting-Lu|Spikes|p2a: Pawmot
|-sidestart|p2: 87654ewsdcvb|Spikes
|
|-heal|p1a: Ting-Lu|88/100 brn|[from] item: Leftovers
|-damage|p1a: Ting-Lu|81/100 brn|[from] brn
|upkeep
|turn|31
|
|t:|1779902915
|move|p2a: Pawmot|Knock Off|p1a: Ting-Lu
|-damage|p1a: Ting-Lu|68/100 brn
|-enditem|p1a: Ting-Lu|Leftovers|[from] move: Knock Off|[of] p2a: Pawmot
|move|p1a: Ting-Lu|Whirlwind|p2a: Pawmot
|drag|p2a: Talonflame|Talonflame, F|50/100
|
|-damage|p1a: Ting-Lu|62/100 brn|[from] brn
|upkeep
|turn|32
|
|t:|1779902927
|move|p2a: Talonflame|Defog|p1a: Ting-Lu
|-unboost|p1a: Ting-Lu|evasion|1
|-sideend|p2: 87654ewsdcvb|Spikes|[from] move: Defog|[of] p2a: Talonflame
|-sideend|p2: 87654ewsdcvb|Stealth Rock|[from] move: Defog|[of] p2a: Talonflame
|move|p1a: Ting-Lu|Spikes|p2a: Talonflame
|-sidestart|p2: 87654ewsdcvb|Spikes
|
|-damage|p1a: Ting-Lu|56/100 brn|[from] brn
|upkeep
|turn|33
|
|t:|1779902938
|switch|p1a: Cloyster|Cloyster, M|83/100
|move|p2a: Talonflame|Defog|p1a: Cloyster
|-unboost|p1a: Cloyster|evasion|1
|-sideend|p2: 87654ewsdcvb|Spikes|[from] move: Defog|[of] p2a: Talonflame
|
|upkeep
|turn|34
|
|t:|1779902948
|switch|p2a: Dondozo|Dondozo, M|32/100
|move|p1a: Cloyster|Toxic Spikes|p2a: Dondozo
|-sidestart|p2: 87654ewsdcvb|move: Toxic Spikes
|
|-heal|p2a: Dondozo|38/100|[from] item: Leftovers
|upkeep
|turn|35
|
|t:|1779902960
|move|p1a: Cloyster|Rock Blast|p2a: Dondozo|[miss]
|-miss|p1a: Cloyster|p2a: Dondozo
|move|p2a: Dondozo|Rest|p2a: Dondozo
|-status|p2a: Dondozo|slp|[from] move: Rest
|-heal|p2a: Dondozo|100/100 slp|[silent]
|
|upkeep
|turn|36
|c|☆daspinsta|you are so cheap
|inactive|daspinsta has 120 seconds left.
|inactive|87654ewsdcvb also wants the timer to be on.
|c|☆daspinsta|revive should be banned because of this strategy
|inactive|daspinsta has 90 seconds left.
|c|☆daspinsta|why didnt stealth rock hurt talon
|inactive|daspinsta has 60 seconds left.
|c|☆daspinsta|gotta be cheating
|
|t:|1779903071
|switch|p1a: Cinderace|Cinderace, F|51/100
|-item|p1a: Cinderace|Air Balloon
|cant|p2a: Dondozo|slp
|
|upkeep
|turn|37
|
|t:|1779903080
|move|p1a: Cinderace|High Jump Kick|p2a: Dondozo
|-start|p1a: Cinderace|typechange|Fighting|[from] ability: Libero
|-damage|p2a: Dondozo|73/100 slp
|cant|p2a: Dondozo|slp
|
|-heal|p2a: Dondozo|79/100 slp|[from] item: Leftovers
|upkeep
|turn|38
|
|t:|1779903088
|-curestatus|p2a: Dondozo|slp|[msg]
|move|p2a: Dondozo|Protect|p2a: Dondozo
|-singleturn|p2a: Dondozo|Protect
|move|p1a: Cinderace|High Jump Kick|p2a: Dondozo
|-activate|p2a: Dondozo|move: Protect
|-damage|p1a: Cinderace|1/100|[from] highjumpkick
|
|-heal|p2a: Dondozo|85/100|[from] item: Leftovers
|upkeep
|turn|39
|
|t:|1779903098
|move|p1a: Cinderace|High Jump Kick|p2a: Dondozo
|-damage|p2a: Dondozo|57/100
|move|p2a: Dondozo|Wave Crash|p1a: Cinderace
|-damage|p1a: Cinderace|0 fnt
|-enditem|p1a: Cinderace|Air Balloon
|faint|p1a: Cinderace
|-damage|p2a: Dondozo|57/100|[from] Recoil
|
|-heal|p2a: Dondozo|63/100|[from] item: Leftovers
|upkeep
|
|t:|1779903112
|switch|p1a: Slowking|Slowking-Galar, F|100/100
|turn|40
|
|t:|1779903118
|switch|p2a: Clodsire|Clodsire, F|100/100
|-sideend|p2: 87654ewsdcvb|move: Toxic Spikes|[of] p2a: Clodsire
|move|p1a: Slowking|Gunk Shot|p2a: Clodsire
|-resisted|p2a: Clodsire
|-damage|p2a: Clodsire|94/100
|
|-heal|p2a: Clodsire|99/100|[from] item: Leftovers
|upkeep
|turn|41
|inactive|daspinsta has 60 seconds left.
|
|t:|1779903127
|switch|p2a: Kyurem|Kyurem|100/100
|-ability|p2a: Kyurem|Pressure
|move|p1a: Slowking|Blizzard|p2a: Kyurem
|-crit|p2a: Kyurem
|-damage|p2a: Kyurem|65/100
|
|-heal|p2a: Kyurem|71/100|[from] item: Leftovers
|upkeep
|turn|42
|inactive|daspinsta has 60 seconds left.
|
|t:|1779903138
|move|p2a: Kyurem|Substitute|p2a: Kyurem
|-start|p2a: Kyurem|Substitute
|-damage|p2a: Kyurem|46/100
|move|p1a: Slowking|Gunk Shot|p2a: Kyurem
|-activate|p2a: Kyurem|move: Substitute|[damage]
|
|-heal|p2a: Kyurem|52/100|[from] item: Leftovers
|upkeep
|turn|43
|
|t:|1779903145
|move|p2a: Kyurem|Icicle Spear|p1a: Slowking
|-damage|p1a: Slowking|90/100
|-damage|p1a: Slowking|79/100
|-crit|p1a: Slowking
|-damage|p1a: Slowking|64/100
|-damage|p1a: Slowking|54/100
|-damage|p1a: Slowking|44/100
|-hitcount|p1a: Slowking|5
|move|p1a: Slowking|Blizzard|p2a: Kyurem|[miss]
|-miss|p1a: Slowking|p2a: Kyurem
|
|-heal|p2a: Kyurem|58/100|[from] item: Leftovers
|-heal|p1a: Slowking|50/100|[from] item: Leftovers
|upkeep
|turn|44
|l| maddof
|
|t:|1779903159
|move|p2a: Kyurem|Dragon Dance|p2a: Kyurem
|-boost|p2a: Kyurem|atk|1
|-boost|p2a: Kyurem|spe|1
|-prepare|p1a: Slowking|Chilly Reception|[premajor]
|move|p1a: Slowking|Chilly Reception|p1a: Slowking
|-weather|Snowscape
|
|t:|1779903166
|switch|p1a: Cloyster|Cloyster, M|83/100|[from] Chilly Reception
|
|-weather|Snowscape|[upkeep]
|-heal|p2a: Kyurem|64/100|[from] item: Leftovers
|upkeep
|turn|45
|
|t:|1779903178
|move|p2a: Kyurem|Protect|p2a: Kyurem
|-singleturn|p2a: Kyurem|Protect
|move|p1a: Cloyster|Rock Blast|p2a: Kyurem
|-activate|p2a: Kyurem|move: Protect
|
|-weather|Snowscape|[upkeep]
|-heal|p2a: Kyurem|71/100|[from] item: Leftovers
|upkeep
|turn|46
|
|t:|1779903188
|switch|p2a: Dondozo|Dondozo, M|63/100
|move|p1a: Cloyster|Toxic Spikes|p2a: Dondozo
|-sidestart|p2: 87654ewsdcvb|move: Toxic Spikes
|
|-weather|Snowscape|[upkeep]
|-heal|p2a: Dondozo|69/100|[from] item: Leftovers
|upkeep
|turn|47
|c|☆daspinsta|bs
|inactive|87654ewsdcvb has 120 seconds left.
|
|t:|1779903246
|move|p1a: Cloyster|Rock Blast|p2a: Dondozo
|-damage|p2a: Dondozo|66/100
|-damage|p2a: Dondozo|62/100
|-damage|p2a: Dondozo|59/100
|-damage|p2a: Dondozo|55/100
|-damage|p2a: Dondozo|52/100
|-hitcount|p2a: Dondozo|5
|move|p2a: Dondozo|Wave Crash|p1a: Cloyster
|-resisted|p1a: Cloyster
|-damage|p1a: Cloyster|72/100
|-damage|p2a: Dondozo|50/100|[from] Recoil
|
|-weather|Snowscape|[upkeep]
|-heal|p2a: Dondozo|56/100|[from] item: Leftovers
|upkeep
|turn|48
|inactive|daspinsta has 60 seconds left.
|
|t:|1779903266
|move|p1a: Cloyster|Rock Blast|p2a: Dondozo
|-damage|p2a: Dondozo|52/100
|-damage|p2a: Dondozo|49/100
|-damage|p2a: Dondozo|45/100
|-damage|p2a: Dondozo|41/100
|-damage|p2a: Dondozo|38/100
|-hitcount|p2a: Dondozo|5
|move|p2a: Dondozo|Curse|p2a: Dondozo
|-unboost|p2a: Dondozo|spe|1
|-boost|p2a: Dondozo|atk|1
|-boost|p2a: Dondozo|def|1
|
|-weather|none
|-heal|p2a: Dondozo|44/100|[from] item: Leftovers
|upkeep
|turn|49
|inactive|daspinsta has 60 seconds left.
|inactive|87654ewsdcvb has 90 seconds left.
|
|t:|1779903297
|move|p1a: Cloyster|Rock Blast|p2a: Dondozo
|-damage|p2a: Dondozo|42/100
|-damage|p2a: Dondozo|39/100
|-damage|p2a: Dondozo|37/100
|-damage|p2a: Dondozo|34/100
|-damage|p2a: Dondozo|32/100
|-hitcount|p2a: Dondozo|5
|move|p2a: Dondozo|Rest|p2a: Dondozo
|-status|p2a: Dondozo|slp|[from] move: Rest
|-heal|p2a: Dondozo|100/100 slp|[silent]
|
|upkeep
|turn|50
|inactive|daspinsta has 60 seconds left.
|
|t:|1779903315
|switch|p1a: Kommo-o|Kommo-o, M|4/100 brn
|cant|p2a: Dondozo|slp
|
|-damage|p1a: Kommo-o|0 fnt|[from] brn
|faint|p1a: Kommo-o
|upkeep
|
|t:|1779903323
|switch|p1a: Ting-Lu|Ting-Lu, tera:Flying|56/100 brn
|-ability|p1a: Ting-Lu|Vessel of Ruin
|turn|51
|
|t:|1779903328
|switch|p2a: Clodsire|Clodsire, F|99/100
|-sideend|p2: 87654ewsdcvb|move: Toxic Spikes|[of] p2a: Clodsire
|move|p1a: Ting-Lu|Stealth Rock|p2a: Clodsire
|-sidestart|p2: 87654ewsdcvb|move: Stealth Rock
|
|-heal|p2a: Clodsire|100/100|[from] item: Leftovers
|-damage|p1a: Ting-Lu|50/100 brn|[from] brn
|upkeep
|turn|52
|
|t:|1779903338
|switch|p2a: Talonflame|Talonflame, F|50/100
|move|p1a: Ting-Lu|Earthquake|p2a: Talonflame
|-immune|p2a: Talonflame
|
|-damage|p1a: Ting-Lu|44/100 brn|[from] brn
|upkeep
|turn|53
|inactive|87654ewsdcvb has 120 seconds left.
|inactive|daspinsta has 60 seconds left.
|c|☆daspinsta|yuour cheating stealth rock should hurt him
|
|t:|1779903377
|move|p2a: Talonflame|Defog|p1a: Ting-Lu
|-unboost|p1a: Ting-Lu|evasion|1
|-sideend|p2: 87654ewsdcvb|Stealth Rock|[from] move: Defog|[of] p2a: Talonflame
|move|p1a: Ting-Lu|Whirlwind|p2a: Talonflame
|drag|p2a: Clodsire|Clodsire, F|100/100
|
|-damage|p1a: Ting-Lu|37/100 brn|[from] brn
|upkeep
|turn|54
|inactive|87654ewsdcvb has 120 seconds left.
|
|t:|1779903398
|switch|p2a: Talonflame|Talonflame, F|50/100
|move|p1a: Ting-Lu|Earthquake|p2a: Talonflame
|-immune|p2a: Talonflame
|
|-damage|p1a: Ting-Lu|31/100 brn|[from] brn
|upkeep
|turn|55
|inactive|daspinsta has 30 seconds left.
|c|☆daspinsta|fug u u ugly dawg c word
|-message|daspinsta forfeited.
|
|win|87654ewsdcvb
|raw|daspinsta's rating: 1146 &rarr; <strong>1122</strong><br />(-24 for losing)
|raw|87654ewsdcvb's rating: 1164 &rarr; <strong>1188</strong><br />(+24 for winning)
|l|☆daspinsta
|player|p1|
|n| regiface|87654ewsdcvb
|n|☆87654ewsdcvb|regiface
|c|☆87654ewsdcvb|GG noob
|c|☆87654ewsdcvb|outplayed
