|j|☆zukarusuke
|j|☆psygoat12
|t:|1779846407
|gametype|singles
|player|p1|zukarusuke|unknown|1349
|player|p2|psygoat12|chuck|1339
|gen|9
|tier|[Gen 9] OU
|rated|
|rule|HP Percentage Mod: HP is shown in percentages
|rule|Endless Battle Clause: Forcing endless battles is banned
|rule|Species Clause: Limit one of each Pokémon
|rule|OHKO Clause: OHKO moves are banned
|rule|Evasion Items Clause: Evasion items are banned
|rule|Evasion Moves Clause: Evasion moves are banned
|rule|Evasion Abilities Clause: Evasion abilities are banned
|rule|Sleep Moves Clause: Sleep-inducing moves are banned
|clearpoke
|poke|p1|Sinistcha-Masterpiece|
|poke|p1|Cinderace, M|
|poke|p1|Corviknight, M|
|poke|p1|Slowking-Galar, M|
|poke|p1|Kyurem|
|poke|p1|Great Tusk|
|poke|p2|Pelipper, M|
|poke|p2|Iron Treads|
|poke|p2|Zapdos|
|poke|p2|Kingdra, M|
|poke|p2|Kingambit, F|
|poke|p2|Hariyama, F|
|teampreview
|inactive|Battle timer is ON: inactive players will automatically lose when time's up. (requested by zukarusuke)
|
|t:|1779846433
|teamsize|p1|6
|teamsize|p2|6
|start
|switch|p1a: Slowking|Slowking-Galar, M|100/100
|switch|p2a: Hariyama|Hariyama, F|100/100
|turn|1
|
|t:|1779846437
|switch|p1a: Great Tusk|Great Tusk|100/100
|move|p2a: Hariyama|Knock Off|p1a: Great Tusk
|-resisted|p1a: Great Tusk
|-damage|p1a: Great Tusk|92/100
|-enditem|p1a: Great Tusk|Heavy-Duty Boots|[from] move: Knock Off|[of] p2a: Hariyama
|
|upkeep
|turn|2
|
|t:|1779846447
|switch|p2a: Pelipper|Pelipper, M|100/100
|-weather|RainDance|[from] ability: Drizzle|[of] p2a: Pelipper
|move|p1a: Great Tusk|Knock Off|p2a: Pelipper
|-damage|p2a: Pelipper|76/100
|-enditem|p2a: Pelipper|Damp Rock|[from] move: Knock Off|[of] p1a: Great Tusk
|
|-weather|RainDance|[upkeep]
|upkeep
|turn|3
|
|t:|1779846457
|-end|p1a: Great Tusk|Protosynthesis|[silent]
|switch|p1a: Slowking|Slowking-Galar, M|100/100
|move|p2a: Pelipper|Hurricane|p1a: Slowking
|-damage|p1a: Slowking|77/100
|-start|p1a: Slowking|confusion
|
|-weather|RainDance|[upkeep]
|upkeep
|turn|4
|
|t:|1779846464
|move|p2a: Pelipper|Weather Ball|p1a: Slowking
|-crit|p1a: Slowking
|-damage|p1a: Slowking|28/100
|-prepare|p1a: Slowking|Chilly Reception|[premajor]
|-activate|p1a: Slowking|confusion
|-damage|p1a: Slowking|22/100|[from] confusion
|
|-weather|RainDance|[upkeep]
|upkeep
|turn|5
|
|t:|1779846472
|switch|p1a: Sinistcha|Sinistcha-Masterpiece|100/100
|move|p2a: Pelipper|Weather Ball|p1a: Sinistcha
|-resisted|p1a: Sinistcha
|-damage|p1a: Sinistcha|70/100
|
|-weather|RainDance|[upkeep]
|upkeep
|turn|6
|
|t:|1779846475
|switch|p1a: Slowking|Slowking-Galar, M|56/100
|move|p2a: Pelipper|Hurricane|p1a: Slowking
|-damage|p1a: Slowking|34/100
|-start|p1a: Slowking|confusion
|
|-weather|RainDance|[upkeep]
|upkeep
|turn|7
|
|t:|1779846482
|move|p2a: Pelipper|Hurricane|p1a: Slowking
|-damage|p1a: Slowking|13/100
|-prepare|p1a: Slowking|Chilly Reception|[premajor]
|-activate|p1a: Slowking|confusion
|move|p1a: Slowking|Chilly Reception|p1a: Slowking
|-weather|Snowscape
|
|t:|1779846487
|switch|p1a: Kyurem|Kyurem|100/100|[from] Chilly Reception
|-ability|p1a: Kyurem|Pressure
|
|-weather|Snowscape|[upkeep]
|upkeep
|turn|8
|
|t:|1779846489
|switch|p2a: Hariyama|Hariyama, F|100/100
|move|p1a: Kyurem|Freeze-Dry|p2a: Hariyama
|-damage|p2a: Hariyama|87/100
|
|-weather|Snowscape|[upkeep]
|upkeep
|turn|9
|
|t:|1779846496
|switch|p1a: Corviknight|Corviknight, M|100/100
|-ability|p1a: Corviknight|Pressure
|move|p2a: Hariyama|Knock Off|p1a: Corviknight
|-damage|p1a: Corviknight|85/100
|-damage|p2a: Hariyama|71/100|[from] item: Rocky Helmet|[of] p1a: Corviknight
|-enditem|p1a: Corviknight|Rocky Helmet|[from] move: Knock Off|[of] p2a: Hariyama
|
|-weather|Snowscape|[upkeep]
|upkeep
|turn|10
|
|t:|1779846503
|switch|p2a: Zapdos|Zapdos|100/100
|move|p1a: Corviknight|U-turn|p2a: Zapdos
|-resisted|p2a: Zapdos
|-damage|p2a: Zapdos|92/100
|
|t:|1779846507
|switch|p1a: Kyurem|Kyurem|100/100|[from] U-turn
|-ability|p1a: Kyurem|Pressure
|
|-weather|Snowscape|[upkeep]
|upkeep
|turn|11
|
|t:|1779846514
|move|p2a: Zapdos|Volt Switch|p1a: Kyurem
|-resisted|p1a: Kyurem
|-damage|p1a: Kyurem|75/100
|
|t:|1779846517
|switch|p2a: Hariyama|Hariyama, F|71/100|[from] Volt Switch
|move|p1a: Kyurem|Draco Meteor|p2a: Hariyama
|-damage|p2a: Hariyama|24/100
|-unboost|p1a: Kyurem|spa|2
|
|-weather|none
|upkeep
|turn|12
|
|t:|1779846525
|switch|p1a: Corviknight|Corviknight, M|85/100
|-ability|p1a: Corviknight|Pressure
|move|p2a: Hariyama|Drain Punch|p1a: Corviknight
|-damage|p1a: Corviknight|65/100
|-heal|p2a: Hariyama|32/100|[from] drain|[of] p1a: Corviknight
|
|upkeep
|turn|13
|
|t:|1779846540
|move|p2a: Hariyama|Drain Punch|p1a: Corviknight
|-damage|p1a: Corviknight|49/100
|-heal|p2a: Hariyama|39/100|[from] drain|[of] p1a: Corviknight
|move|p1a: Corviknight|U-turn|p2a: Hariyama
|-resisted|p2a: Hariyama
|-damage|p2a: Hariyama|31/100
|
|t:|1779846542
|switch|p1a: Cinderace|Cinderace, M|100/100|[from] U-turn
|
|upkeep
|turn|14
|
|t:|1779846549
|move|p1a: Cinderace|Will-O-Wisp|p2a: Hariyama
|-status|p2a: Hariyama|brn
|move|p2a: Hariyama|Drain Punch|p1a: Cinderace
|-damage|p1a: Cinderace|79/100
|-heal|p2a: Hariyama|38/100 brn|[from] drain|[of] p1a: Cinderace
|
|-damage|p2a: Hariyama|32/100 brn|[from] brn
|upkeep
|turn|15
|
|t:|1779846556
|move|p1a: Cinderace|Pyro Ball|p2a: Hariyama
|-damage|p2a: Hariyama|0 fnt
|faint|p2a: Hariyama
|
|upkeep
|
|t:|1779846563
|switch|p2a: Pelipper|Pelipper, M|76/100
|-weather|RainDance|[from] ability: Drizzle|[of] p2a: Pelipper
|turn|16
|
|t:|1779846574
|switch|p1a: Slowking|Slowking-Galar, M|46/100
|move|p2a: Pelipper|U-turn|p1a: Slowking
|-damage|p1a: Slowking|37/100
|
|t:|1779846578
|switch|p2a: Kingdra|Kingdra, M|100/100|[from] U-turn
|
|-weather|RainDance|[upkeep]
|upkeep
|turn|17
|
|t:|1779846587
|switch|p1a: Corviknight|Corviknight, M|49/100
|-ability|p1a: Corviknight|Pressure
|move|p2a: Kingdra|Weather Ball|p1a: Corviknight
|-damage|p1a: Corviknight|0 fnt
|faint|p1a: Corviknight
|
|-weather|RainDance|[upkeep]
|upkeep
|
|t:|1779846594
|switch|p1a: Slowking|Slowking-Galar, M|70/100
|turn|18
|
|t:|1779846620
|switch|p2a: Iron Treads|Iron Treads|100/100
|-enditem|p2a: Iron Treads|Booster Energy
|-activate|p2a: Iron Treads|ability: Quark Drive|[fromitem]
|-start|p2a: Iron Treads|quarkdrivespe
|-prepare|p1a: Slowking|Chilly Reception|[premajor]
|move|p1a: Slowking|Chilly Reception|p1a: Slowking
|-weather|Snowscape
|
|t:|1779846626
|switch|p1a: Sinistcha|Sinistcha-Masterpiece|70/100|[from] Chilly Reception
|
|-weather|Snowscape|[upkeep]
|upkeep
|turn|19
|
|t:|1779846631
|move|p2a: Iron Treads|Stealth Rock|p1a: Sinistcha
|-sidestart|p1: zukarusuke|move: Stealth Rock
|move|p1a: Sinistcha|Shadow Ball|p2a: Iron Treads
|-damage|p2a: Iron Treads|66/100
|
|-weather|Snowscape|[upkeep]
|upkeep
|turn|20
|
|t:|1779846634
|move|p2a: Iron Treads|Volt Switch|p1a: Sinistcha
|-resisted|p1a: Sinistcha
|-damage|p1a: Sinistcha|63/100
|
|t:|1779846640
|-end|p2a: Iron Treads|Quark Drive|[silent]
|switch|p2a: Zapdos|Zapdos|92/100|[from] Volt Switch
|move|p1a: Sinistcha|Strength Sap|p2a: Zapdos
|-unboost|p2a: Zapdos|atk|1
|-heal|p1a: Sinistcha|100/100
|
|-weather|Snowscape|[upkeep]
|upkeep
|turn|21
|
|t:|1779846643
|move|p2a: Zapdos|Weather Ball|p1a: Sinistcha
|-supereffective|p1a: Sinistcha
|-damage|p1a: Sinistcha|0 fnt
|faint|p1a: Sinistcha
|
|-weather|Snowscape|[upkeep]
|upkeep
|
|t:|1779846650
|switch|p1a: Slowking|Slowking-Galar, M|100/100
|turn|22
|
|t:|1779846657
|switch|p2a: Iron Treads|Iron Treads|66/100
|-prepare|p1a: Slowking|Chilly Reception|[premajor]
|move|p1a: Slowking|Chilly Reception|p1a: Slowking
|
|t:|1779846661
|switch|p1a: Cinderace|Cinderace, M|79/100|[from] Chilly Reception
|
|-weather|none
|upkeep
|turn|23
|
|t:|1779846670
|switch|p1a: Slowking|Slowking-Galar, M|100/100
|-terastallize|p2a: Iron Treads|Ghost
|move|p2a: Iron Treads|Earthquake|p1a: Slowking
|-supereffective|p1a: Slowking
|-damage|p1a: Slowking|24/100
|
|upkeep
|turn|24
|
|t:|1779846679
|switch|p1a: Great Tusk|Great Tusk|92/100
|-damage|p1a: Great Tusk|89/100|[from] Stealth Rock
|move|p2a: Iron Treads|Earthquake|p1a: Great Tusk
|-crit|p1a: Great Tusk
|-damage|p1a: Great Tusk|44/100
|
|upkeep
|turn|25
|
|t:|1779846689
|move|p1a: Great Tusk|Rapid Spin|p2a: Iron Treads
|-immune|p2a: Iron Treads
|move|p2a: Iron Treads|Earthquake|p1a: Great Tusk
|-damage|p1a: Great Tusk|19/100
|
|upkeep
|turn|26
|-message|zukarusuke forfeited.
|
|win|psygoat12
|raw|zukarusuke's rating: 1349 &rarr; <strong>1328</strong><br />(-21 for losing)
|raw|psygoat12's rating: 1339 &rarr; <strong>1360</strong><br />(+21 for winning)
|l|☆zukarusuke
|player|p1|
|l|☆psygoat12
|player|p2|
