|j|☆sunshinepromise
|j|☆ikthoizzykil
|t:|1779916207
|gametype|singles
|player|p1|sunshinepromise|2|1421
|player|p2|ikthoizzykil|pokemaniac-gen3rs|1400
|gen|9
|tier|[Gen 9] OU
|rated|
|rule|HP Percentage Mod: HP is shown in percentages
|rule|Endless Battle Clause: Forcing endless battles is banned
|rule|Species Clause: Limit one of each Pokémon
|rule|OHKO Clause: OHKO moves are banned
|rule|Evasion Items Clause: Evasion items are banned
|rule|Evasion Moves Clause: Evasion moves are banned
|rule|Evasion Abilities Clause: Evasion abilities are banned
|rule|Sleep Moves Clause: Sleep-inducing moves are banned
|clearpoke
|poke|p1|Pincurchin, M|
|poke|p1|Iron Hands|
|poke|p1|Rotom-Wash|
|poke|p1|Gholdengo|
|poke|p1|Raichu-Alola, M|
|poke|p1|Hatterene, F|
|poke|p2|Braviary, M|
|poke|p2|Gholdengo|
|poke|p2|Samurott-Hisui, F|
|poke|p2|Great Tusk|
|poke|p2|Rillaboom, M|
|poke|p2|Hatterene, F|
|teampreview
|inactive|Battle timer is ON: inactive players will automatically lose when time's up. (requested by ikthoizzykil)
|
|t:|1779916218
|teamsize|p1|6
|teamsize|p2|6
|start
|switch|p1a: Pincurchin|Pincurchin, M|100/100
|switch|p2a: Great Tusk|Great Tusk|100/100
|-fieldstart|move: Electric Terrain|[from] ability: Electric Surge|[of] p1a: Pincurchin
|turn|1
|
|t:|1779916226
|-end|p2a: Great Tusk|Protosynthesis|[silent]
|switch|p2a: Rillaboom|Rillaboom, M|100/100
|-fieldstart|move: Grassy Terrain|[from] ability: Grassy Surge|[of] p2a: Rillaboom
|switch|p1a: Hatterene|Hatterene, F|100/100
|
|upkeep
|turn|2
|
|t:|1779916234
|move|p2a: Rillaboom|Wood Hammer|p1a: Hatterene
|-damage|p1a: Hatterene|0 fnt
|faint|p1a: Hatterene
|-damage|p2a: Rillaboom|79/100|[from] Recoil
|
|-heal|p2a: Rillaboom|85/100|[from] Grassy Terrain
|upkeep
|
|t:|1779916250
|switch|p1a: Gholdengo|Gholdengo|100/100
|turn|3
|
|t:|1779916255
|switch|p2a: Samurott|Samurott-Hisui, F|100/100
|move|p1a: Gholdengo|Nasty Plot|p1a: Gholdengo
|-boost|p1a: Gholdengo|spa|2
|
|upkeep
|turn|4
|
|t:|1779916262
|-terastallize|p1a: Gholdengo|Fairy
|move|p1a: Gholdengo|Dazzling Gleam|p2a: Samurott
|-supereffective|p2a: Samurott
|-damage|p2a: Samurott|0 fnt
|faint|p2a: Samurott
|
|upkeep
|
|t:|1779916289
|switch|p2a: Rillaboom|Rillaboom, M|85/100
|turn|5
|
|t:|1779916312
|-terastallize|p2a: Rillaboom|Grass
|move|p2a: Rillaboom|Grassy Glide|p1a: Gholdengo
|-damage|p1a: Gholdengo|4/100
|move|p1a: Gholdengo|Shadow Ball|p2a: Rillaboom
|-crit|p2a: Rillaboom
|-damage|p2a: Rillaboom|0 fnt
|faint|p2a: Rillaboom
|
|-heal|p1a: Gholdengo|10/100|[from] Grassy Terrain
|-fieldend|move: Grassy Terrain
|upkeep
|
|t:|1779916323
|switch|p2a: Great Tusk|Great Tusk|100/100
|turn|6
|
|t:|1779916328
|switch|p1a: Rotom|Rotom-Wash|100/100
|move|p2a: Great Tusk|Ice Spinner|p1a: Rotom
|-resisted|p1a: Rotom
|-damage|p1a: Rotom|90/100
|
|upkeep
|turn|7
|
|t:|1779916337
|-end|p2a: Great Tusk|Protosynthesis|[silent]
|switch|p2a: Braviary|Braviary, M|100/100
|move|p1a: Rotom|Reflect|p1a: Rotom
|-sidestart|p1: sunshinepromise|Reflect
|
|upkeep
|turn|8
|
|t:|1779916341
|move|p1a: Rotom|Light Screen|p1a: Rotom
|-sidestart|p1: sunshinepromise|move: Light Screen
|move|p2a: Braviary|Bulk Up|p2a: Braviary
|-boost|p2a: Braviary|atk|1
|-boost|p2a: Braviary|def|1
|
|upkeep
|turn|9
|
|t:|1779916345
|move|p1a: Rotom|Volt Switch|p2a: Braviary
|-supereffective|p2a: Braviary
|-damage|p2a: Braviary|65/100
|
|t:|1779916349
|switch|p1a: Pincurchin|Pincurchin, M|100/100|[from] Volt Switch
|-fieldstart|move: Electric Terrain|[from] ability: Electric Surge|[of] p1a: Pincurchin
|move|p2a: Braviary|Bulk Up|p2a: Braviary
|-boost|p2a: Braviary|atk|1
|-boost|p2a: Braviary|def|1
|
|upkeep
|turn|10
|
|t:|1779916360
|move|p2a: Braviary|Roost|p2a: Braviary
|-heal|p2a: Braviary|100/100
|-singleturn|p2a: Braviary|move: Roost
|move|p1a: Pincurchin|Discharge|p2a: Braviary
|-damage|p2a: Braviary|62/100
|-status|p2a: Braviary|par
|
|upkeep
|turn|11
|
|t:|1779916368
|move|p2a: Braviary|Body Slam|p1a: Pincurchin
|-damage|p1a: Pincurchin|35/100
|move|p1a: Pincurchin|Discharge|p2a: Braviary
|-supereffective|p2a: Braviary
|-damage|p2a: Braviary|0 fnt
|faint|p2a: Braviary
|
|upkeep
|
|t:|1779916374
|switch|p2a: Great Tusk|Great Tusk|100/100
|turn|12
|
|t:|1779916378
|switch|p1a: Rotom|Rotom-Wash|90/100
|move|p2a: Great Tusk|Rapid Spin|p1a: Rotom
|-damage|p1a: Rotom|82/100
|-boost|p2a: Great Tusk|spe|1
|
|upkeep
|turn|13
|
|t:|1779916387
|-end|p2a: Great Tusk|Protosynthesis|[silent]
|switch|p2a: Hatterene|Hatterene, F|100/100
|move|p1a: Rotom|Hydro Pump|p2a: Hatterene
|-damage|p2a: Hatterene|63/100
|
|upkeep
|turn|14
|
|t:|1779916396
|move|p1a: Rotom|Volt Switch|p2a: Hatterene
|-damage|p2a: Hatterene|36/100
|
|t:|1779916398
|switch|p1a: Raichu|Raichu-Alola, M|100/100|[from] Volt Switch
|move|p2a: Hatterene|Pain Split|p1a: Raichu
|-sethp|p1a: Raichu|72/100|[from] move: Pain Split|[silent]
|-sethp|p2a: Hatterene|59/100|[from] move: Pain Split
|
|-sideend|p1: sunshinepromise|Reflect
|upkeep
|turn|15
|
|t:|1779916410
|switch|p2a: Great Tusk|Great Tusk|100/100
|move|p1a: Raichu|Nasty Plot|p1a: Raichu
|-boost|p1a: Raichu|spa|2
|
|-sideend|p1: sunshinepromise|move: Light Screen
|upkeep
|turn|16
|
|t:|1779916417
|-end|p2a: Great Tusk|Protosynthesis|[silent]
|switch|p2a: Gholdengo|Gholdengo|100/100
|move|p1a: Raichu|Psyshock|p2a: Gholdengo
|-resisted|p2a: Gholdengo
|-damage|p2a: Gholdengo|68/100
|-damage|p1a: Raichu|62/100|[from] item: Life Orb
|
|-fieldend|move: Electric Terrain
|upkeep
|turn|17
|
|t:|1779916431
|switch|p1a: Pincurchin|Pincurchin, M|35/100
|-fieldstart|move: Electric Terrain|[from] ability: Electric Surge|[of] p1a: Pincurchin
|switch|p2a: Great Tusk|Great Tusk|100/100
|
|upkeep
|turn|18
|
|t:|1779916440
|-end|p2a: Great Tusk|Protosynthesis|[silent]
|switch|p2a: Hatterene|Hatterene, F|59/100
|switch|p1a: Rotom|Rotom-Wash|82/100
|
|upkeep
|turn|19
|
|t:|1779916458
|move|p1a: Rotom|Light Screen|p1a: Rotom
|-sidestart|p1: sunshinepromise|move: Light Screen
|move|p2a: Hatterene|Draining Kiss|p1a: Rotom
|-damage|p1a: Rotom|72/100
|-heal|p2a: Hatterene|67/100|[from] drain|[of] p1a: Rotom
|
|upkeep
|turn|20
|
|t:|1779916467
|move|p1a: Rotom|Reflect|p1a: Rotom
|-sidestart|p1: sunshinepromise|Reflect
|move|p2a: Hatterene|Psychic Noise|p1a: Rotom
|-damage|p1a: Rotom|54/100
|-start|p1a: Rotom|move: Heal Block
|
|upkeep
|turn|21
|
|t:|1779916476
|move|p1a: Rotom|Volt Switch|p2a: Hatterene
|-damage|p2a: Hatterene|42/100
|
|t:|1779916480
|switch|p1a: Raichu|Raichu-Alola, M|62/100|[from] Volt Switch
|move|p2a: Hatterene|Healing Wish|p2a: Hatterene
|faint|p2a: Hatterene
|
|upkeep
|
|t:|1779916485
|switch|p2a: Gholdengo|Gholdengo|68/100
|-heal|p2a: Gholdengo|100/100|[from] move: Healing Wish
|turn|22
|
|t:|1779916494
|move|p1a: Raichu|Thunderbolt|p2a: Gholdengo
|-damage|p2a: Gholdengo|28/100
|-damage|p1a: Raichu|52/100|[from] item: Life Orb
|move|p2a: Gholdengo|Make It Rain|p1a: Raichu
|-resisted|p1a: Raichu
|-crit|p1a: Raichu
|-damage|p1a: Raichu|0 fnt
|-unboost|p2a: Gholdengo|spa|1
|faint|p1a: Raichu
|
|upkeep
|
|t:|1779916508
|switch|p1a: Iron Hands|Iron Hands|100/100
|-activate|p1a: Iron Hands|ability: Quark Drive
|-start|p1a: Iron Hands|quarkdriveatk
|turn|23
|
|t:|1779916513
|move|p2a: Gholdengo|Recover|p2a: Gholdengo
|-heal|p2a: Gholdengo|78/100
|move|p1a: Iron Hands|Swords Dance|p1a: Iron Hands
|-boost|p1a: Iron Hands|atk|2
|
|upkeep
|turn|24
|
|t:|1779916519
|switch|p2a: Great Tusk|Great Tusk|100/100
|move|p1a: Iron Hands|Thunder Punch|p2a: Great Tusk
|-immune|p2a: Great Tusk
|
|-fieldend|move: Electric Terrain
|-end|p1a: Iron Hands|Quark Drive
|upkeep
|turn|25
|
|t:|1779916527
|move|p2a: Great Tusk|Headlong Rush|p1a: Iron Hands
|-supereffective|p1a: Iron Hands
|-damage|p1a: Iron Hands|63/100
|-unboost|p2a: Great Tusk|def|1
|-unboost|p2a: Great Tusk|spd|1
|move|p1a: Iron Hands|Drain Punch|p2a: Great Tusk
|-damage|p2a: Great Tusk|4/100
|-heal|p1a: Iron Hands|98/100|[from] drain|[of] p2a: Great Tusk
|
|upkeep
|turn|26
|-message|ikthoizzykil forfeited.
|
|win|sunshinepromise
|raw|sunshinepromise's rating: 1421 &rarr; <strong>1440</strong><br />(+19 for winning)
|raw|ikthoizzykil's rating: 1400 &rarr; <strong>1381</strong><br />(-19 for losing)
|l|☆ikthoizzykil
|player|p2|
|l|☆sunshinepromise
|player|p1|
