|j|‽ClRCUS MAXIMUS
|j|‽pinkpriestess3
|t:|1779856336
|gametype|singles
|player|p1|ClRCUS MAXIMUS|rood|1666
|player|p2|pinkpriestess3|265|1657
|gen|9
|tier|[Gen 9] OU
|rated|
|rule|HP Percentage Mod: HP is shown in percentages
|rule|Endless Battle Clause: Forcing endless battles is banned
|rule|Species Clause: Limit one of each Pokémon
|rule|OHKO Clause: OHKO moves are banned
|rule|Evasion Items Clause: Evasion items are banned
|rule|Evasion Moves Clause: Evasion moves are banned
|rule|Evasion Abilities Clause: Evasion abilities are banned
|rule|Sleep Moves Clause: Sleep-inducing moves are banned
|clearpoke
|poke|p1|Enamorus, F|
|poke|p1|Darkrai|
|poke|p1|Gholdengo|
|poke|p1|Ogerpon-Wellspring, F|
|poke|p1|Great Tusk|
|poke|p1|Araquanid, F|
|poke|p2|Great Tusk|
|poke|p2|Enamorus, F|
|poke|p2|Iron Moth|
|poke|p2|Raging Bolt|
|poke|p2|Garchomp, F|
|poke|p2|Samurott-Hisui, F|
|teampreview
|inactive|Battle timer is ON: inactive players will automatically lose when time's up. (requested by ClRCUS MAXIMUS)
|
|t:|1779856352
|teamsize|p1|6
|teamsize|p2|6
|start
|switch|p1a: Araquanid|Araquanid, F, shiny|100/100
|switch|p2a: Raging Bolt|Raging Bolt|100/100
|turn|1
|
|t:|1779856368
|move|p2a: Raging Bolt|Volt Switch|p1a: Araquanid
|-supereffective|p1a: Araquanid
|-damage|p1a: Araquanid|3/100
|
|t:|1779856378
|-end|p2a: Raging Bolt|Protosynthesis|[silent]
|switch|p2a: Samurott|Samurott-Hisui, F|100/100|[from] Volt Switch
|move|p1a: Araquanid|Mirror Coat|p2a: Samurott
|-immune|p2a: Samurott
|
|upkeep
|turn|2
|j| testingrainteam1
|
|t:|1779856391
|switch|p1a: Great Tusk|Great Tusk, shiny|100/100
|-enditem|p1a: Great Tusk|Booster Energy
|-activate|p1a: Great Tusk|ability: Protosynthesis|[fromitem]
|-start|p1a: Great Tusk|protosynthesisatk
|move|p2a: Samurott|Ceaseless Edge|p1a: Great Tusk
|-resisted|p1a: Great Tusk
|-damage|p1a: Great Tusk|85/100
|-sidestart|p1: ClRCUS MAXIMUS|Spikes
|
|upkeep
|turn|3
|
|t:|1779856394
|switch|p2a: Great Tusk|Great Tusk|100/100
|move|p1a: Great Tusk|Rapid Spin|p2a: Great Tusk
|-damage|p2a: Great Tusk|86/100
|-boost|p1a: Great Tusk|spe|1
|-sideend|p1: ClRCUS MAXIMUS|Spikes|[from] move: Rapid Spin|[of] p1a: Great Tusk
|
|upkeep
|turn|4
|
|t:|1779856398
|move|p1a: Great Tusk|Ice Spinner|p2a: Great Tusk
|-supereffective|p2a: Great Tusk
|-damage|p2a: Great Tusk|45/100
|move|p2a: Great Tusk|Stealth Rock|p1a: Great Tusk
|-sidestart|p1: ClRCUS MAXIMUS|move: Stealth Rock
|
|upkeep
|turn|5
|
|t:|1779856403
|move|p1a: Great Tusk|Rapid Spin|p2a: Great Tusk
|-damage|p2a: Great Tusk|30/100
|-boost|p1a: Great Tusk|spe|1
|-sideend|p1: ClRCUS MAXIMUS|Stealth Rock|[from] move: Rapid Spin|[of] p1a: Great Tusk
|move|p2a: Great Tusk|Rapid Spin|p1a: Great Tusk
|-damage|p1a: Great Tusk|74/100
|-boost|p2a: Great Tusk|spe|1
|
|upkeep
|turn|6
|
|t:|1779856421
|-end|p2a: Great Tusk|Protosynthesis|[silent]
|switch|p2a: Samurott|Samurott-Hisui, F|100/100
|move|p1a: Great Tusk|Ice Spinner|p2a: Samurott
|-resisted|p2a: Samurott
|-damage|p2a: Samurott|77/100
|
|upkeep
|turn|7
|
|t:|1779856427
|move|p1a: Great Tusk|Headlong Rush|p2a: Samurott
|-crit|p2a: Samurott
|-damage|p2a: Samurott|0 fnt
|-unboost|p1a: Great Tusk|def|1
|-unboost|p1a: Great Tusk|spd|1
|faint|p2a: Samurott
|
|upkeep
|
|t:|1779856431
|switch|p2a: Enamorus|Enamorus, F|100/100
|turn|8
|
|t:|1779856438
|-terastallize|p2a: Enamorus|Steel
|move|p1a: Great Tusk|Ice Spinner|p2a: Enamorus
|-resisted|p2a: Enamorus
|-damage|p2a: Enamorus|72/100
|move|p2a: Enamorus|Play Rough|p1a: Great Tusk
|-supereffective|p1a: Great Tusk
|-damage|p1a: Great Tusk|0 fnt
|faint|p1a: Great Tusk
|-end|p1a: Great Tusk|Protosynthesis|[silent]
|
|-heal|p2a: Enamorus|78/100|[from] item: Leftovers
|upkeep
|
|t:|1779856453
|switch|p1a: Darkrai|Darkrai, shiny|100/100
|turn|9
|
|t:|1779856457
|switch|p2a: Iron Moth|Iron Moth|100/100
|move|p1a: Darkrai|Dark Pulse|p2a: Iron Moth
|-damage|p2a: Iron Moth|63/100
|-damage|p1a: Darkrai|91/100|[from] item: Life Orb
|
|upkeep
|turn|10
|
|t:|1779856465
|switch|p1a: Araquanid|Araquanid, F, shiny|3/100
|move|p2a: Iron Moth|Morning Sun|p2a: Iron Moth
|-heal|p2a: Iron Moth|100/100
|
|upkeep
|turn|11
|
|t:|1779856467
|move|p2a: Iron Moth|Fiery Dance|p1a: Araquanid
|-damage|p1a: Araquanid|0 fnt
|faint|p1a: Araquanid
|
|upkeep
|
|t:|1779856476
|switch|p1a: Ogerpon|Ogerpon-Wellspring, F|100/100
|turn|12
|l| testingrainteam1
|
|t:|1779856480
|-end|p2a: Iron Moth|Quark Drive|[silent]
|switch|p2a: Great Tusk|Great Tusk|30/100
|move|p1a: Ogerpon|Ivy Cudgel|p2a: Great Tusk|[anim] Ivy Cudgel Water
|-supereffective|p2a: Great Tusk
|-damage|p2a: Great Tusk|0 fnt
|faint|p2a: Great Tusk
|-end|p2a: Great Tusk|Protosynthesis|[silent]
|
|upkeep
|
|t:|1779856482
|switch|p2a: Raging Bolt|Raging Bolt|100/100
|turn|13
|
|t:|1779856494
|switch|p1a: Gholdengo|Gholdengo, shiny|100/100
|-item|p1a: Gholdengo|Air Balloon
|move|p2a: Raging Bolt|Volt Switch|p1a: Gholdengo
|-damage|p1a: Gholdengo|35/100
|-enditem|p1a: Gholdengo|Air Balloon
|
|t:|1779856500
|-end|p2a: Raging Bolt|Protosynthesis|[silent]
|switch|p2a: Iron Moth|Iron Moth|100/100|[from] Volt Switch
|
|upkeep
|turn|14
|j| testingrainteam1
|l| testingrainteam1
|
|t:|1779856508
|move|p2a: Iron Moth|Fiery Dance|p1a: Gholdengo
|-supereffective|p1a: Gholdengo
|-damage|p1a: Gholdengo|0 fnt
|-boost|p2a: Iron Moth|spa|1
|faint|p1a: Gholdengo
|
|upkeep
|
|t:|1779856512
|switch|p1a: Ogerpon|Ogerpon-Wellspring, F|100/100
|turn|15
|
|t:|1779856516
|-end|p2a: Iron Moth|Quark Drive|[silent]
|switch|p2a: Raging Bolt|Raging Bolt|100/100
|move|p1a: Ogerpon|Ivy Cudgel|p2a: Raging Bolt|[anim] Ivy Cudgel Water
|-resisted|p2a: Raging Bolt
|-damage|p2a: Raging Bolt|75/100
|
|upkeep
|turn|16
|
|t:|1779856521
|move|p1a: Ogerpon|Substitute|p1a: Ogerpon
|-start|p1a: Ogerpon|Substitute
|-damage|p1a: Ogerpon|76/100
|move|p2a: Raging Bolt|Volt Switch|p1a: Ogerpon
|-end|p1a: Ogerpon|Substitute
|
|t:|1779856527
|-end|p2a: Raging Bolt|Protosynthesis|[silent]
|switch|p2a: Garchomp|Garchomp, F|100/100|[from] Volt Switch
|
|upkeep
|turn|17
|
|t:|1779856542
|move|p1a: Ogerpon|Ivy Cudgel|p2a: Garchomp|[anim] Ivy Cudgel Water
|-damage|p2a: Garchomp|38/100
|move|p2a: Garchomp|Fire Fang|p1a: Ogerpon
|-crit|p1a: Ogerpon
|-damage|p1a: Ogerpon|23/100
|
|upkeep
|turn|18
|
|t:|1779856549
|move|p1a: Ogerpon|Ivy Cudgel|p2a: Garchomp|[anim] Ivy Cudgel Water
|-damage|p2a: Garchomp|0 fnt
|faint|p2a: Garchomp
|
|upkeep
|
|t:|1779856554
|switch|p2a: Raging Bolt|Raging Bolt|75/100
|turn|19
|
|t:|1779856558
|move|p1a: Ogerpon|Play Rough|p2a: Raging Bolt
|-supereffective|p2a: Raging Bolt
|-damage|p2a: Raging Bolt|8/100
|move|p2a: Raging Bolt|Volt Switch|p1a: Ogerpon
|-damage|p1a: Ogerpon|0 fnt
|faint|p1a: Ogerpon
|
|t:|1779856566
|-end|p2a: Raging Bolt|Protosynthesis|[silent]
|switch|p2a: Enamorus|Enamorus, F, tera:Steel|78/100|[from] Volt Switch
|
|-heal|p2a: Enamorus|85/100|[from] item: Leftovers
|upkeep
|
|t:|1779856573
|switch|p1a: Darkrai|Darkrai, shiny|91/100
|turn|20
|
|t:|1779856576
|move|p1a: Darkrai|Dark Pulse|p2a: Enamorus
|-damage|p2a: Enamorus|12/100
|-damage|p1a: Darkrai|81/100|[from] item: Life Orb
|cant|p2a: Enamorus|flinch
|
|-heal|p2a: Enamorus|18/100|[from] item: Leftovers
|upkeep
|turn|21
|
|t:|1779856581
|move|p1a: Darkrai|Dark Pulse|p2a: Enamorus
|-damage|p2a: Enamorus|0 fnt
|faint|p2a: Enamorus
|-damage|p1a: Darkrai|71/100|[from] item: Life Orb
|
|upkeep
|
|t:|1779856582
|switch|p2a: Iron Moth|Iron Moth|100/100
|turn|22
|
|t:|1779856586
|move|p1a: Darkrai|Nasty Plot|p1a: Darkrai
|-boost|p1a: Darkrai|spa|2
|move|p2a: Iron Moth|Toxic|p1a: Darkrai
|-status|p1a: Darkrai|tox
|
|-damage|p1a: Darkrai|65/100 tox|[from] psn
|upkeep
|turn|23
|
|t:|1779856588
|move|p1a: Darkrai|Dark Pulse|p2a: Iron Moth
|-damage|p2a: Iron Moth|26/100
|-damage|p1a: Darkrai|55/100 tox|[from] item: Life Orb
|move|p2a: Iron Moth|Whirlwind|p1a: Darkrai
|drag|p1a: Enamorus|Enamorus, F|100/100
|
|upkeep
|turn|24
|
|t:|1779856600
|move|p1a: Enamorus|Earth Power|p2a: Iron Moth
|-supereffective|p2a: Iron Moth
|-damage|p2a: Iron Moth|0 fnt
|faint|p2a: Iron Moth
|-end|p2a: Iron Moth|Quark Drive|[silent]
|
|upkeep
|
|t:|1779856601
|switch|p2a: Raging Bolt|Raging Bolt|8/100
|turn|25
|
|t:|1779856606
|-terastallize|p1a: Enamorus|Fairy
|move|p2a: Raging Bolt|Thunderclap|p1a: Enamorus
|-damage|p1a: Enamorus|15/100
|move|p1a: Enamorus|Earth Power|p2a: Raging Bolt
|-supereffective|p2a: Raging Bolt
|-damage|p2a: Raging Bolt|0 fnt
|faint|p2a: Raging Bolt
|-end|p2a: Raging Bolt|Protosynthesis|[silent]
|
|win|ClRCUS MAXIMUS
|raw|ClRCUS MAXIMUS's rating: 1666 &rarr; <strong>1685</strong><br />(+19 for winning)
|raw|pinkpriestess3's rating: 1657 &rarr; <strong>1638</strong><br />(-19 for losing)
|l|‽pinkpriestess3
|player|p2|
|l|‽ClRCUS MAXIMUS
|player|p1|
