|j|☆IzaniMatchula
|j|☆1017 gucci
|t:|1779848571
|gametype|singles
|player|p1|IzaniMatchula|clerkf|1100
|player|p2|1017 gucci|burglar|1149
|gen|9
|tier|[Gen 9] OU
|rated|
|rule|HP Percentage Mod: HP is shown in percentages
|rule|Endless Battle Clause: Forcing endless battles is banned
|rule|Species Clause: Limit one of each Pokémon
|rule|OHKO Clause: OHKO moves are banned
|rule|Evasion Items Clause: Evasion items are banned
|rule|Evasion Moves Clause: Evasion moves are banned
|rule|Evasion Abilities Clause: Evasion abilities are banned
|rule|Sleep Moves Clause: Sleep-inducing moves are banned
|clearpoke
|poke|p1|Tyranitar, M|
|poke|p1|Excadrill, F|
|poke|p1|Ogerpon-Wellspring, F|
|poke|p1|Ceruledge, M|
|poke|p1|Gallade, M|
|poke|p1|Glimmora, M|
|poke|p2|Sandaconda, F|
|poke|p2|Skeledirge, F|
|poke|p2|Suicune|
|poke|p2|Darkrai|
|poke|p2|Rillaboom, M|
|poke|p2|Corviknight, F|
|teampreview
|inactive|Battle timer is ON: inactive players will automatically lose when time's up. (requested by IzaniMatchula)
|inactive|IzaniMatchula has 120 seconds left.
|
|t:|1779848604
|teamsize|p1|6
|teamsize|p2|6
|start
|switch|p1a: Ogerpon|Ogerpon-Wellspring, F|100/100
|switch|p2a: Rillaboom|Rillaboom, M|100/100
|-fieldstart|move: Grassy Terrain|[from] ability: Grassy Surge|[of] p2a: Rillaboom
|turn|1
|
|t:|1779848617
|move|p1a: Ogerpon|U-turn|p2a: Rillaboom
|-supereffective|p2a: Rillaboom
|-damage|p2a: Rillaboom|50/100
|
|t:|1779848626
|switch|p1a: Glimmora|Glimmora, M|100/100|[from] U-turn
|move|p2a: Rillaboom|Drum Beating|p1a: Glimmora
|-damage|p1a: Glimmora|53/100
|-unboost|p1a: Glimmora|spe|1
|-activate|p1a: Glimmora|ability: Toxic Debris
|-sidestart|p2: 1017 gucci|move: Toxic Spikes
|
|-heal|p2a: Rillaboom|56/100|[from] Grassy Terrain
|-heal|p2a: Rillaboom|62/100|[from] item: Leftovers
|-heal|p1a: Glimmora|59/100|[from] Grassy Terrain
|upkeep
|turn|2
|
|t:|1779848647
|move|p2a: Rillaboom|Leech Seed|p1a: Glimmora|[miss]
|-miss|p2a: Rillaboom|p1a: Glimmora
|move|p1a: Glimmora|Spikes|p2a: Rillaboom
|-sidestart|p2: 1017 gucci|Spikes
|
|-heal|p2a: Rillaboom|68/100|[from] Grassy Terrain
|-heal|p2a: Rillaboom|74/100|[from] item: Leftovers
|-heal|p1a: Glimmora|66/100|[from] Grassy Terrain
|upkeep
|turn|3
|l|☆1017 gucci
|inactive|1017 gucci disconnected and has a minute to reconnect!
|player|p2|
|inactive|IzaniMatchula has 120 seconds left.
|inactive|1017 gucci has 30 seconds to reconnect!
|inactive|1017 gucci has 20 seconds to reconnect!
|inactive|1017 gucci has 15 seconds to reconnect!
|inactive|1017 gucci has 10 seconds to reconnect!
|inactive|1017 gucci has 5 seconds to reconnect!
|j|☆1017 gucci
|inactive|1017 gucci reconnected and has 90 seconds left.
|player|p2|1017 gucci|burglar|
|
|t:|1779848714
|move|p2a: Rillaboom|Grassy Glide|p1a: Glimmora
|-damage|p1a: Glimmora|33/100
|-activate|p1a: Glimmora|ability: Toxic Debris
|-sidestart|p2: 1017 gucci|move: Toxic Spikes
|move|p1a: Glimmora|Stealth Rock|p2a: Rillaboom
|-sidestart|p2: 1017 gucci|move: Stealth Rock
|
|-heal|p2a: Rillaboom|80/100|[from] Grassy Terrain
|-heal|p2a: Rillaboom|87/100|[from] item: Leftovers
|-heal|p1a: Glimmora|39/100|[from] Grassy Terrain
|upkeep
|turn|4
|inactive|IzaniMatchula has 120 seconds left.
|
|t:|1779848727
|move|p2a: Rillaboom|Leech Seed|p1a: Glimmora
|-start|p1a: Glimmora|move: Leech Seed
|move|p1a: Glimmora|Power Gem|p2a: Rillaboom
|-damage|p2a: Rillaboom|58/100
|
|-heal|p2a: Rillaboom|64/100|[from] Grassy Terrain
|-heal|p2a: Rillaboom|71/100|[from] item: Leftovers
|-heal|p1a: Glimmora|46/100|[from] Grassy Terrain
|-damage|p1a: Glimmora|33/100|[from] Leech Seed|[of] p2a: Rillaboom
|-heal|p2a: Rillaboom|82/100|[silent]
|upkeep
|turn|5
|inactive|IzaniMatchula has 120 seconds left.
|
|t:|1779848740
|switch|p2a: Corviknight|Corviknight, F|100/100
|-ability|p2a: Corviknight|Unnerve
|-damage|p2a: Corviknight|88/100|[from] Stealth Rock
|move|p1a: Glimmora|Power Gem|p2a: Corviknight
|-damage|p2a: Corviknight|52/100
|
|-heal|p1a: Glimmora|39/100|[from] Grassy Terrain
|-heal|p2a: Corviknight|58/100|[from] item: Leftovers
|-damage|p1a: Glimmora|27/100|[from] Leech Seed|[of] p2a: Corviknight
|-heal|p2a: Corviknight|70/100|[silent]
|-fieldend|move: Grassy Terrain
|upkeep
|turn|6
|inactive|IzaniMatchula has 120 seconds left.
|
|t:|1779848757
|switch|p1a: Ceruledge|Ceruledge, M|100/100
|move|p2a: Corviknight|Defog|p1a: Ceruledge
|-unboost|p1a: Ceruledge|evasion|1
|-sideend|p2: 1017 gucci|Spikes|[from] move: Defog|[of] p2a: Corviknight
|-sideend|p2: 1017 gucci|Toxic Spikes|[from] move: Defog|[of] p2a: Corviknight
|-sideend|p2: 1017 gucci|Stealth Rock|[from] move: Defog|[of] p2a: Corviknight
|
|-heal|p2a: Corviknight|76/100|[from] item: Leftovers
|upkeep
|turn|7
|inactive|IzaniMatchula has 120 seconds left.
|l|☆1017 gucci
|inactive|1017 gucci disconnected and has a minute to reconnect!
|player|p2|
|inactive|1017 gucci has 30 seconds to reconnect!
|inactive|1017 gucci has 20 seconds to reconnect!
|j|☆1017 gucci
|inactive|1017 gucci reconnected and has 55 seconds left.
|player|p2|1017 gucci|burglar|
|
|t:|1779848810
|switch|p2a: Sandaconda|Sandaconda, F|100/100
|move|p1a: Ceruledge|Bulk Up|p1a: Ceruledge
|-boost|p1a: Ceruledge|atk|1
|-boost|p1a: Ceruledge|def|1
|
|upkeep
|turn|8
|inactive|IzaniMatchula has 120 seconds left.
|
|t:|1779848822
|-terastallize|p1a: Ceruledge|Bug
|move|p1a: Ceruledge|Poltergeist|p2a: Sandaconda
|-activate|p2a: Sandaconda|move: Poltergeist|Leftovers
|-damage|p2a: Sandaconda|60/100
|move|p2a: Sandaconda|Earthquake|p1a: Ceruledge
|-resisted|p1a: Ceruledge
|-damage|p1a: Ceruledge|87/100
|
|-heal|p2a: Sandaconda|66/100|[from] item: Leftovers
|upkeep
|turn|9
|inactive|IzaniMatchula has 120 seconds left.
|inactive|1017 gucci has 60 seconds left.
|
|t:|1779848833
|move|p1a: Ceruledge|Bulk Up|p1a: Ceruledge
|-boost|p1a: Ceruledge|atk|1
|-boost|p1a: Ceruledge|def|1
|move|p2a: Sandaconda|Glare|p1a: Ceruledge
|-status|p1a: Ceruledge|par
|
|-heal|p2a: Sandaconda|72/100|[from] item: Leftovers
|upkeep
|turn|10
|
|t:|1779848842
|move|p2a: Sandaconda|Coil|p2a: Sandaconda
|-boost|p2a: Sandaconda|atk|1
|-boost|p2a: Sandaconda|def|1
|-boost|p2a: Sandaconda|accuracy|1
|move|p1a: Ceruledge|Bulk Up|p1a: Ceruledge
|-boost|p1a: Ceruledge|atk|1
|-boost|p1a: Ceruledge|def|1
|
|-heal|p2a: Sandaconda|78/100|[from] item: Leftovers
|upkeep
|turn|11
|
|t:|1779848852
|move|p2a: Sandaconda|Earthquake|p1a: Ceruledge
|-resisted|p1a: Ceruledge
|-damage|p1a: Ceruledge|75/100 par
|cant|p1a: Ceruledge|par
|
|-heal|p2a: Sandaconda|84/100|[from] item: Leftovers
|upkeep
|turn|12
|
|t:|1779848860
|switch|p2a: Suicune|Suicune|100/100
|move|p1a: Ceruledge|Bulk Up|p1a: Ceruledge
|-boost|p1a: Ceruledge|atk|1
|-boost|p1a: Ceruledge|def|1
|
|upkeep
|turn|13
|
|t:|1779848869
|move|p1a: Ceruledge|Shadow Sneak|p2a: Suicune
|-damage|p2a: Suicune|62/100
|move|p2a: Suicune|Icy Wind|p1a: Ceruledge
|-damage|p1a: Ceruledge|63/100 par
|
|-heal|p2a: Suicune|68/100|[from] item: Leftovers
|upkeep
|turn|14
|
|t:|1779848883
|move|p2a: Suicune|Scald|p1a: Ceruledge
|-damage|p1a: Ceruledge|36/100 par
|cant|p1a: Ceruledge|par
|
|-heal|p2a: Suicune|74/100|[from] item: Leftovers
|upkeep
|turn|15
|
|t:|1779848891
|move|p2a: Suicune|Scald|p1a: Ceruledge
|-damage|p1a: Ceruledge|11/100 par
|move|p1a: Ceruledge|Poltergeist|p2a: Suicune
|-activate|p2a: Suicune|move: Poltergeist|Leftovers
|-damage|p2a: Suicune|0 fnt
|faint|p2a: Suicune
|
|upkeep
|
|t:|1779848902
|switch|p2a: Rillaboom|Rillaboom, M|82/100
|-fieldstart|move: Grassy Terrain|[from] ability: Grassy Surge|[of] p2a: Rillaboom
|turn|16
|
|t:|1779848908
|move|p2a: Rillaboom|Grassy Glide|p1a: Ceruledge
|-resisted|p1a: Ceruledge
|-damage|p1a: Ceruledge|5/100 par
|cant|p1a: Ceruledge|par
|
|-heal|p2a: Rillaboom|88/100|[from] Grassy Terrain
|-heal|p2a: Rillaboom|94/100|[from] item: Leftovers
|-heal|p1a: Ceruledge|12/100 par|[from] Grassy Terrain
|upkeep
|turn|17
|inactive|1017 gucci has 90 seconds left.
|
|t:|1779848922
|move|p2a: Rillaboom|Grassy Glide|p1a: Ceruledge
|-resisted|p1a: Ceruledge
|-damage|p1a: Ceruledge|5/100 par
|cant|p1a: Ceruledge|par
|
|-heal|p2a: Rillaboom|100/100|[from] Grassy Terrain
|-heal|p1a: Ceruledge|12/100 par|[from] Grassy Terrain
|upkeep
|turn|18
|
|t:|1779848931
|move|p2a: Rillaboom|Drum Beating|p1a: Ceruledge
|-resisted|p1a: Ceruledge
|-damage|p1a: Ceruledge|2/100 par
|cant|p1a: Ceruledge|par
|
|-heal|p1a: Ceruledge|9/100 par|[from] Grassy Terrain
|upkeep
|turn|19
|
|t:|1779848942
|move|p2a: Rillaboom|Drum Beating|p1a: Ceruledge
|-resisted|p1a: Ceruledge
|-damage|p1a: Ceruledge|0 fnt
|faint|p1a: Ceruledge
|
|upkeep
|
|t:|1779848949
|switch|p1a: Gallade|Gallade, M|100/100
|turn|20
|
|t:|1779848957
|switch|p2a: Sandaconda|Sandaconda, F|84/100
|move|p1a: Gallade|X-Scissor|p2a: Sandaconda
|-damage|p2a: Sandaconda|58/100
|
|-heal|p2a: Sandaconda|64/100|[from] Grassy Terrain
|-heal|p2a: Sandaconda|70/100|[from] item: Leftovers
|-fieldend|move: Grassy Terrain
|upkeep
|turn|21
|inactive|1017 gucci has 120 seconds left.
|
|t:|1779848967
|switch|p1a: Ogerpon|Ogerpon-Wellspring, F|100/100
|move|p2a: Sandaconda|Glare|p1a: Ogerpon
|-status|p1a: Ogerpon|par
|
|-heal|p2a: Sandaconda|76/100|[from] item: Leftovers
|upkeep
|turn|22
|inactive|1017 gucci has 120 seconds left.
|
|t:|1779848983
|move|p2a: Sandaconda|Earthquake|p1a: Ogerpon
|-resisted|p1a: Ogerpon
|-damage|p1a: Ogerpon|76/100 par
|move|p1a: Ogerpon|Ivy Cudgel|p2a: Sandaconda|[anim] Ivy Cudgel Water
|-supereffective|p2a: Sandaconda
|-crit|p2a: Sandaconda
|-damage|p2a: Sandaconda|0 fnt
|faint|p2a: Sandaconda
|
|upkeep
|
|t:|1779848994
|switch|p2a: Corviknight|Corviknight, F|76/100
|-ability|p2a: Corviknight|Unnerve
|turn|23
|
|t:|1779849000
|move|p1a: Ogerpon|U-turn|p2a: Corviknight
|-resisted|p2a: Corviknight
|-damage|p2a: Corviknight|71/100
|
|t:|1779849006
|switch|p1a: Tyranitar|Tyranitar, M|100/100|[from] U-turn
|-weather|Sandstorm|[from] ability: Sand Stream|[of] p1a: Tyranitar
|move|p2a: Corviknight|Brave Bird|p1a: Tyranitar
|-resisted|p1a: Tyranitar
|-damage|p1a: Tyranitar|83/100
|-damage|p2a: Corviknight|65/100|[from] Recoil
|
|-weather|Sandstorm|[upkeep]
|-heal|p2a: Corviknight|71/100|[from] item: Leftovers
|upkeep
|turn|24
|
|t:|1779849021
|move|p2a: Corviknight|Iron Head|p1a: Tyranitar
|-supereffective|p1a: Tyranitar
|-damage|p1a: Tyranitar|39/100
|move|p1a: Tyranitar|Stone Edge|p2a: Corviknight
|-crit|p2a: Corviknight
|-damage|p2a: Corviknight|10/100
|
|-weather|Sandstorm|[upkeep]
|-heal|p2a: Corviknight|16/100|[from] item: Leftovers
|upkeep
|turn|25
|
|t:|1779849035
|switch|p1a: Excadrill|Excadrill, F|100/100
|move|p2a: Corviknight|Roost|p2a: Corviknight
|-heal|p2a: Corviknight|66/100
|-singleturn|p2a: Corviknight|move: Roost
|
|-weather|Sandstorm|[upkeep]
|-heal|p2a: Corviknight|72/100|[from] item: Leftovers
|upkeep
|turn|26
|
|t:|1779849046
|switch|p2a: Rillaboom|Rillaboom, M|100/100
|-fieldstart|move: Grassy Terrain|[from] ability: Grassy Surge|[of] p2a: Rillaboom
|move|p1a: Excadrill|Swords Dance|p1a: Excadrill
|-boost|p1a: Excadrill|atk|2
|
|-weather|Sandstorm|[upkeep]
|-damage|p2a: Rillaboom|94/100|[from] Sandstorm
|-heal|p2a: Rillaboom|100/100|[from] Grassy Terrain
|upkeep
|turn|27
|
|t:|1779849059
|switch|p1a: Ogerpon|Ogerpon-Wellspring, F|76/100 par
|move|p2a: Rillaboom|Grassy Glide|p1a: Ogerpon
|-damage|p1a: Ogerpon|32/100 par
|
|-weather|Sandstorm|[upkeep]
|-damage|p2a: Rillaboom|94/100|[from] Sandstorm
|-damage|p1a: Ogerpon|26/100 par|[from] Sandstorm
|-heal|p2a: Rillaboom|100/100|[from] Grassy Terrain
|-heal|p1a: Ogerpon|32/100 par|[from] Grassy Terrain
|upkeep
|turn|28
|
|t:|1779849070
|move|p2a: Rillaboom|Grassy Glide|p1a: Ogerpon
|-damage|p1a: Ogerpon|0 fnt
|faint|p1a: Ogerpon
|
|-weather|Sandstorm|[upkeep]
|-damage|p2a: Rillaboom|94/100|[from] Sandstorm
|-heal|p2a: Rillaboom|100/100|[from] Grassy Terrain
|upkeep
|-message|IzaniMatchula forfeited.
|
|win|1017 gucci
|raw|IzaniMatchula's rating: 1100 &rarr; <strong>1079</strong><br />(-21 for losing)
|raw|1017 gucci's rating: 1149 &rarr; <strong>1170</strong><br />(+21 for winning)
|l|☆IzaniMatchula
|player|p1|
|l|☆1017 gucci
|player|p2|
