|j|☆PixelPenguin2
|j|☆noobhunterbd
|t:|1779857185
|gametype|singles
|player|p1|PixelPenguin2|guitarist|1377
|player|p2|noobhunterbd|170|1365
|gen|9
|tier|[Gen 9] OU
|rated|
|rule|HP Percentage Mod: HP is shown in percentages
|rule|Endless Battle Clause: Forcing endless battles is banned
|rule|Species Clause: Limit one of each Pokémon
|rule|OHKO Clause: OHKO moves are banned
|rule|Evasion Items Clause: Evasion items are banned
|rule|Evasion Moves Clause: Evasion moves are banned
|rule|Evasion Abilities Clause: Evasion abilities are banned
|rule|Sleep Moves Clause: Sleep-inducing moves are banned
|clearpoke
|poke|p1|Mandibuzz, F|
|poke|p1|Clodsire, F|
|poke|p1|Reuniclus, F|
|poke|p1|Gliscor, F|
|poke|p1|Dragapult, M|
|poke|p1|Moltres|
|poke|p2|Kingambit, M|
|poke|p2|Kommo-o, F|
|poke|p2|Iron Valiant|
|poke|p2|Kyurem|
|poke|p2|Iron Treads|
|poke|p2|Iron Crown|
|teampreview
|inactive|Battle timer is ON: inactive players will automatically lose when time's up. (requested by PixelPenguin2)
|
|t:|1779857193
|teamsize|p1|6
|teamsize|p2|6
|start
|switch|p1a: Moltres|Moltres|100/100
|switch|p2a: Iron Treads|Iron Treads|100/100
|-enditem|p2a: Iron Treads|Booster Energy
|-activate|p2a: Iron Treads|ability: Quark Drive|[fromitem]
|-start|p2a: Iron Treads|quarkdrivespe
|turn|1
|
|t:|1779857203
|move|p2a: Iron Treads|Stealth Rock|p1a: Moltres
|-sidestart|p1: PixelPenguin2|move: Stealth Rock
|move|p1a: Moltres|Flamethrower|p2a: Iron Treads
|-supereffective|p2a: Iron Treads
|-damage|p2a: Iron Treads|18/100
|
|upkeep
|turn|2
|
|t:|1779857208
|move|p2a: Iron Treads|Endeavor|p1a: Moltres
|-damage|p1a: Moltres|18/100
|move|p1a: Moltres|Flamethrower|p2a: Iron Treads
|-supereffective|p2a: Iron Treads
|-damage|p2a: Iron Treads|0 fnt
|faint|p2a: Iron Treads
|-end|p2a: Iron Treads|Quark Drive|[silent]
|
|upkeep
|
|t:|1779857220
|switch|p2a: Iron Crown|Iron Crown|100/100
|-enditem|p2a: Iron Crown|Booster Energy
|-activate|p2a: Iron Crown|ability: Quark Drive|[fromitem]
|-start|p2a: Iron Crown|quarkdrivespe
|turn|3
|
|t:|1779857223
|move|p2a: Iron Crown|Calm Mind|p2a: Iron Crown
|-boost|p2a: Iron Crown|spa|1
|-boost|p2a: Iron Crown|spd|1
|move|p1a: Moltres|Roar|p2a: Iron Crown
|-end|p2a: Iron Crown|Quark Drive|[silent]
|drag|p2a: Kyurem|Kyurem|100/100
|-ability|p2a: Kyurem|Pressure
|
|upkeep
|turn|4
|
|t:|1779857234
|move|p2a: Kyurem|Scale Shot|p1a: Moltres
|-crit|p1a: Moltres
|-damage|p1a: Moltres|0 fnt
|faint|p1a: Moltres
|-hitcount|p1: Moltres|1
|-unboost|p2a: Kyurem|def|1
|-boost|p2a: Kyurem|spe|1
|
|upkeep
|
|t:|1779857246
|switch|p1a: Gliscor|Gliscor, F|100/100
|-damage|p1a: Gliscor|88/100|[from] Stealth Rock
|turn|5
|
|t:|1779857249
|-terastallize|p1a: Gliscor|Water
|move|p2a: Kyurem|Icicle Spear|p1a: Gliscor
|-resisted|p1a: Gliscor
|-damage|p1a: Gliscor|83/100
|-resisted|p1a: Gliscor
|-damage|p1a: Gliscor|78/100
|-resisted|p1a: Gliscor
|-damage|p1a: Gliscor|73/100
|-resisted|p1a: Gliscor
|-damage|p1a: Gliscor|68/100
|-resisted|p1a: Gliscor
|-damage|p1a: Gliscor|64/100
|-hitcount|p1a: Gliscor|5
|move|p1a: Gliscor|Knock Off|p2a: Kyurem
|-damage|p2a: Kyurem|68/100
|-enditem|p2a: Kyurem|Loaded Dice|[from] move: Knock Off|[of] p1a: Gliscor
|
|-status|p1a: Gliscor|tox|[from] item: Toxic Orb
|upkeep
|turn|6
|
|t:|1779857263
|move|p2a: Kyurem|Earth Power|p1a: Gliscor
|-damage|p1a: Gliscor|39/100 tox
|move|p1a: Gliscor|Earthquake|p2a: Kyurem
|-damage|p2a: Kyurem|19/100
|
|-heal|p1a: Gliscor|51/100 tox|[from] ability: Poison Heal
|upkeep
|turn|7
|
|t:|1779857271
|move|p2a: Kyurem|Scale Shot|p1a: Gliscor|[miss]
|-miss|p2a: Kyurem|p1a: Gliscor
|move|p1a: Gliscor|Earthquake|p2a: Kyurem
|-damage|p2a: Kyurem|0 fnt
|faint|p2a: Kyurem
|
|-heal|p1a: Gliscor|64/100 tox|[from] ability: Poison Heal
|upkeep
|
|t:|1779857278
|switch|p2a: Iron Crown|Iron Crown|100/100
|turn|8
|
|t:|1779857283
|-terastallize|p2a: Iron Crown|Fighting
|move|p2a: Iron Crown|Calm Mind|p2a: Iron Crown
|-boost|p2a: Iron Crown|spa|1
|-boost|p2a: Iron Crown|spd|1
|move|p1a: Gliscor|Earthquake|p2a: Iron Crown
|-damage|p2a: Iron Crown|66/100
|
|-heal|p1a: Gliscor|76/100 tox|[from] ability: Poison Heal
|upkeep
|turn|9
|
|t:|1779857295
|switch|p1a: Clodsire|Clodsire, F|100/100
|move|p2a: Iron Crown|Psychic Noise|p1a: Clodsire
|-supereffective|p1a: Clodsire
|-crit|p1a: Clodsire
|-damage|p1a: Clodsire|40/100
|-start|p1a: Clodsire|move: Heal Block
|
|upkeep
|turn|10
|
|t:|1779857304
|switch|p1a: Reuniclus|Reuniclus, F|100/100
|move|p2a: Iron Crown|Tachyon Cutter|p1a: Reuniclus
|-damage|p1a: Reuniclus|65/100
|-damage|p1a: Reuniclus|28/100
|-hitcount|p1a: Reuniclus|2
|
|upkeep
|turn|11
|
|t:|1779857311
|move|p2a: Iron Crown|Tachyon Cutter|p1a: Reuniclus
|-damage|p1a: Reuniclus|0 fnt
|faint|p1a: Reuniclus
|-hitcount|p1: Reuniclus|1
|
|upkeep
|
|t:|1779857322
|switch|p1a: Dragapult|Dragapult, M|100/100
|turn|12
|
|t:|1779857328
|move|p1a: Dragapult|Will-O-Wisp|p2a: Iron Crown
|-status|p2a: Iron Crown|brn
|move|p2a: Iron Crown|Psychic Noise|p1a: Dragapult
|-damage|p1a: Dragapult|21/100
|-start|p1a: Dragapult|move: Heal Block
|
|-damage|p2a: Iron Crown|60/100 brn|[from] brn
|upkeep
|turn|13
|
|t:|1779857337
|move|p1a: Dragapult|Hex|p2a: Iron Crown
|-damage|p2a: Iron Crown|27/100 brn
|move|p2a: Iron Crown|Psychic Noise|p1a: Dragapult
|-damage|p1a: Dragapult|0 fnt
|faint|p1a: Dragapult
|
|-damage|p2a: Iron Crown|21/100 brn|[from] brn
|upkeep
|
|t:|1779857343
|switch|p1a: Gliscor|Gliscor, F, tera:Water|76/100 tox
|-damage|p1a: Gliscor|64/100 tox|[from] Stealth Rock
|turn|14
|
|t:|1779857350
|move|p1a: Gliscor|Protect|p1a: Gliscor
|-singleturn|p1a: Gliscor|Protect
|move|p2a: Iron Crown|Psychic Noise|p1a: Gliscor
|-activate|p1a: Gliscor|move: Protect
|
|-heal|p1a: Gliscor|76/100 tox|[from] ability: Poison Heal
|-damage|p2a: Iron Crown|15/100 brn|[from] brn
|upkeep
|turn|15
|
|t:|1779857356
|move|p2a: Iron Crown|Focus Blast|p1a: Gliscor|[miss]
|-miss|p2a: Iron Crown|p1a: Gliscor
|move|p1a: Gliscor|Earthquake|p2a: Iron Crown
|-damage|p2a: Iron Crown|0 fnt
|faint|p2a: Iron Crown
|-end|p2a: Iron Crown|Quark Drive|[silent]
|
|-heal|p1a: Gliscor|89/100 tox|[from] ability: Poison Heal
|upkeep
|
|t:|1779857362
|switch|p2a: Iron Valiant|Iron Valiant|100/100
|-enditem|p2a: Iron Valiant|Booster Energy
|-activate|p2a: Iron Valiant|ability: Quark Drive|[fromitem]
|-start|p2a: Iron Valiant|quarkdrivespe
|turn|16
|
|t:|1779857368
|move|p2a: Iron Valiant|Calm Mind|p2a: Iron Valiant
|-boost|p2a: Iron Valiant|spa|1
|-boost|p2a: Iron Valiant|spd|1
|move|p1a: Gliscor|Earthquake|p2a: Iron Valiant
|-damage|p2a: Iron Valiant|59/100
|
|-heal|p1a: Gliscor|100/100 tox|[from] ability: Poison Heal
|upkeep
|turn|17
|
|t:|1779857374
|move|p2a: Iron Valiant|Moonblast|p1a: Gliscor
|-damage|p1a: Gliscor|37/100 tox
|move|p1a: Gliscor|Earthquake|p2a: Iron Valiant
|-damage|p2a: Iron Valiant|18/100
|
|-heal|p1a: Gliscor|50/100 tox|[from] ability: Poison Heal
|upkeep
|turn|18
|
|t:|1779857380
|move|p2a: Iron Valiant|Moonblast|p1a: Gliscor
|-crit|p1a: Gliscor
|-damage|p1a: Gliscor|0 fnt
|faint|p1a: Gliscor
|
|upkeep
|
|t:|1779857383
|switch|p1a: Clodsire|Clodsire, F|40/100
|turn|19
|
|t:|1779857389
|move|p2a: Iron Valiant|Shadow Ball|p1a: Clodsire
|-damage|p1a: Clodsire|25/100
|move|p1a: Clodsire|Poison Jab|p2a: Iron Valiant
|-supereffective|p2a: Iron Valiant
|-damage|p2a: Iron Valiant|0 fnt
|faint|p2a: Iron Valiant
|-end|p2a: Iron Valiant|Quark Drive|[silent]
|
|upkeep
|
|t:|1779857398
|switch|p2a: Kommo-o|Kommo-o, F|100/100
|turn|20
|
|t:|1779857403
|move|p2a: Kommo-o|Substitute|p2a: Kommo-o
|-start|p2a: Kommo-o|Substitute
|-damage|p2a: Kommo-o|75/100
|move|p1a: Clodsire|Recover|p1a: Clodsire
|-heal|p1a: Clodsire|75/100
|
|-heal|p2a: Kommo-o|82/100|[from] item: Leftovers
|upkeep
|turn|21
|
|t:|1779857408
|move|p2a: Kommo-o|Clangorous Soul|p2a: Kommo-o
|-boost|p2a: Kommo-o|atk|1
|-boost|p2a: Kommo-o|def|1
|-boost|p2a: Kommo-o|spa|1
|-boost|p2a: Kommo-o|spd|1
|-boost|p2a: Kommo-o|spe|1
|-damage|p2a: Kommo-o|49/100
|move|p1a: Clodsire|Earthquake|p2a: Kommo-o
|-activate|p2a: Kommo-o|move: Substitute|[damage]
|
|-heal|p2a: Kommo-o|55/100|[from] item: Leftovers
|upkeep
|turn|22
|
|t:|1779857418
|move|p2a: Kommo-o|Shadow Claw|p1a: Clodsire
|-damage|p1a: Clodsire|56/100
|move|p1a: Clodsire|Recover|p1a: Clodsire
|-heal|p1a: Clodsire|100/100
|
|-heal|p2a: Kommo-o|61/100|[from] item: Leftovers
|upkeep
|turn|23
|
|t:|1779857428
|move|p2a: Kommo-o|Drain Punch|p1a: Clodsire
|-resisted|p1a: Clodsire
|-damage|p1a: Clodsire|85/100
|-heal|p2a: Kommo-o|72/100|[from] drain|[of] p1a: Clodsire
|move|p1a: Clodsire|Earthquake|p2a: Kommo-o
|-end|p2a: Kommo-o|Substitute
|
|-heal|p2a: Kommo-o|78/100|[from] item: Leftovers
|upkeep
|turn|24
|
|t:|1779857436
|move|p2a: Kommo-o|Substitute|p2a: Kommo-o
|-start|p2a: Kommo-o|Substitute
|-damage|p2a: Kommo-o|53/100
|move|p1a: Clodsire|Poison Jab|p2a: Kommo-o
|-activate|p2a: Kommo-o|move: Substitute|[damage]
|
|-heal|p2a: Kommo-o|59/100|[from] item: Leftovers
|upkeep
|turn|25
|
|t:|1779857442
|move|p2a: Kommo-o|Clangorous Soul|p2a: Kommo-o
|-boost|p2a: Kommo-o|atk|1
|-boost|p2a: Kommo-o|def|1
|-boost|p2a: Kommo-o|spa|1
|-boost|p2a: Kommo-o|spd|1
|-boost|p2a: Kommo-o|spe|1
|-damage|p2a: Kommo-o|26/100
|move|p1a: Clodsire|Earthquake|p2a: Kommo-o
|-end|p2a: Kommo-o|Substitute
|
|-heal|p2a: Kommo-o|32/100|[from] item: Leftovers
|upkeep
|turn|26
|
|t:|1779857453
|move|p2a: Kommo-o|Drain Punch|p1a: Clodsire
|-resisted|p1a: Clodsire
|-damage|p1a: Clodsire|69/100
|-heal|p2a: Kommo-o|43/100|[from] drain|[of] p1a: Clodsire
|move|p1a: Clodsire|Poison Jab|p2a: Kommo-o
|-damage|p2a: Kommo-o|24/100
|
|-heal|p2a: Kommo-o|31/100|[from] item: Leftovers
|upkeep
|turn|27
|
|t:|1779857461
|move|p2a: Kommo-o|Substitute|p2a: Kommo-o
|-start|p2a: Kommo-o|Substitute
|-damage|p2a: Kommo-o|6/100
|move|p1a: Clodsire|Poison Jab|p2a: Kommo-o
|-activate|p2a: Kommo-o|move: Substitute|[damage]
|
|-heal|p2a: Kommo-o|12/100|[from] item: Leftovers
|upkeep
|turn|28
|
|t:|1779857466
|move|p2a: Kommo-o|Drain Punch|p1a: Clodsire
|-resisted|p1a: Clodsire
|-damage|p1a: Clodsire|53/100
|-heal|p2a: Kommo-o|23/100|[from] drain|[of] p1a: Clodsire
|move|p1a: Clodsire|Recover|p1a: Clodsire
|-heal|p1a: Clodsire|100/100
|
|-heal|p2a: Kommo-o|29/100|[from] item: Leftovers
|upkeep
|turn|29
|
|t:|1779857473
|move|p2a: Kommo-o|Drain Punch|p1a: Clodsire
|-resisted|p1a: Clodsire
|-damage|p1a: Clodsire|86/100
|-heal|p2a: Kommo-o|39/100|[from] drain|[of] p1a: Clodsire
|move|p1a: Clodsire|Poison Jab|p2a: Kommo-o
|-end|p2a: Kommo-o|Substitute
|
|-heal|p2a: Kommo-o|45/100|[from] item: Leftovers
|upkeep
|turn|30
|
|t:|1779857484
|move|p2a: Kommo-o|Substitute|p2a: Kommo-o
|-start|p2a: Kommo-o|Substitute
|-damage|p2a: Kommo-o|20/100
|move|p1a: Clodsire|Poison Jab|p2a: Kommo-o
|-activate|p2a: Kommo-o|move: Substitute|[damage]
|
|-heal|p2a: Kommo-o|26/100|[from] item: Leftovers
|upkeep
|turn|31
|inactive|PixelPenguin2 has 120 seconds left.
|
|t:|1779857523
|move|p2a: Kommo-o|Drain Punch|p1a: Clodsire
|-resisted|p1a: Clodsire
|-damage|p1a: Clodsire|71/100
|-heal|p2a: Kommo-o|36/100|[from] drain|[of] p1a: Clodsire
|move|p1a: Clodsire|Poison Jab|p2a: Kommo-o
|-end|p2a: Kommo-o|Substitute
|
|-heal|p2a: Kommo-o|42/100|[from] item: Leftovers
|upkeep
|turn|32
|
|t:|1779857530
|move|p2a: Kommo-o|Drain Punch|p1a: Clodsire
|-resisted|p1a: Clodsire
|-damage|p1a: Clodsire|55/100
|-heal|p2a: Kommo-o|53/100|[from] drain|[of] p1a: Clodsire
|move|p1a: Clodsire|Poison Jab|p2a: Kommo-o
|-damage|p2a: Kommo-o|35/100
|
|-heal|p2a: Kommo-o|41/100|[from] item: Leftovers
|upkeep
|turn|33
|
|t:|1779857537
|move|p2a: Kommo-o|Drain Punch|p1a: Clodsire
|-resisted|p1a: Clodsire
|-damage|p1a: Clodsire|38/100
|-heal|p2a: Kommo-o|52/100|[from] drain|[of] p1a: Clodsire
|move|p1a: Clodsire|Recover|p1a: Clodsire
|-heal|p1a: Clodsire|88/100
|
|-heal|p2a: Kommo-o|59/100|[from] item: Leftovers
|upkeep
|turn|34
|
|t:|1779857545
|move|p2a: Kommo-o|Substitute|p2a: Kommo-o
|-start|p2a: Kommo-o|Substitute
|-damage|p2a: Kommo-o|34/100
|move|p1a: Clodsire|Poison Jab|p2a: Kommo-o
|-activate|p2a: Kommo-o|move: Substitute|[damage]
|
|-heal|p2a: Kommo-o|40/100|[from] item: Leftovers
|upkeep
|turn|35
|
|t:|1779857553
|move|p2a: Kommo-o|Shadow Claw|p1a: Clodsire
|-damage|p1a: Clodsire|70/100
|move|p1a: Clodsire|Poison Jab|p2a: Kommo-o
|-end|p2a: Kommo-o|Substitute
|
|-heal|p2a: Kommo-o|46/100|[from] item: Leftovers
|upkeep
|turn|36
|
|t:|1779857559
|move|p2a: Kommo-o|Drain Punch|p1a: Clodsire
|-resisted|p1a: Clodsire
|-damage|p1a: Clodsire|53/100
|-heal|p2a: Kommo-o|57/100|[from] drain|[of] p1a: Clodsire
|move|p1a: Clodsire|Poison Jab|p2a: Kommo-o
|-damage|p2a: Kommo-o|38/100
|
|-heal|p2a: Kommo-o|45/100|[from] item: Leftovers
|upkeep
|turn|37
|
|t:|1779857565
|move|p2a: Kommo-o|Drain Punch|p1a: Clodsire
|-resisted|p1a: Clodsire
|-damage|p1a: Clodsire|38/100
|-heal|p2a: Kommo-o|54/100|[from] drain|[of] p1a: Clodsire
|move|p1a: Clodsire|Recover|p1a: Clodsire
|-heal|p1a: Clodsire|88/100
|
|-heal|p2a: Kommo-o|61/100|[from] item: Leftovers
|upkeep
|turn|38
|
|t:|1779857577
|move|p2a: Kommo-o|Drain Punch|p1a: Clodsire
|-resisted|p1a: Clodsire
|-damage|p1a: Clodsire|72/100
|-heal|p2a: Kommo-o|71/100|[from] drain|[of] p1a: Clodsire
|move|p1a: Clodsire|Poison Jab|p2a: Kommo-o
|-crit|p2a: Kommo-o
|-damage|p2a: Kommo-o|46/100
|
|-heal|p2a: Kommo-o|52/100|[from] item: Leftovers
|upkeep
|turn|39
|
|t:|1779857584
|move|p2a: Kommo-o|Drain Punch|p1a: Clodsire
|-resisted|p1a: Clodsire
|-damage|p1a: Clodsire|57/100
|-heal|p2a: Kommo-o|62/100|[from] drain|[of] p1a: Clodsire
|move|p1a: Clodsire|Poison Jab|p2a: Kommo-o
|-damage|p2a: Kommo-o|46/100
|
|-heal|p2a: Kommo-o|52/100|[from] item: Leftovers
|upkeep
|turn|40
|
|t:|1779857613
|move|p2a: Kommo-o|Shadow Claw|p1a: Clodsire
|-crit|p1a: Clodsire
|-damage|p1a: Clodsire|30/100
|move|p1a: Clodsire|Poison Jab|p2a: Kommo-o
|-damage|p2a: Kommo-o|35/100
|
|-heal|p2a: Kommo-o|41/100|[from] item: Leftovers
|upkeep
|turn|41
|
|t:|1779857622
|move|p2a: Kommo-o|Shadow Claw|p1a: Clodsire
|-damage|p1a: Clodsire|11/100
|move|p1a: Clodsire|Recover|p1a: Clodsire
|-heal|p1a: Clodsire|61/100
|
|-heal|p2a: Kommo-o|47/100|[from] item: Leftovers
|upkeep
|turn|42
|
|t:|1779857629
|move|p2a: Kommo-o|Shadow Claw|p1a: Clodsire
|-damage|p1a: Clodsire|40/100
|move|p1a: Clodsire|Poison Jab|p2a: Kommo-o
|-damage|p2a: Kommo-o|31/100
|
|-heal|p2a: Kommo-o|37/100|[from] item: Leftovers
|upkeep
|turn|43
|
|t:|1779857642
|move|p2a: Kommo-o|Shadow Claw|p1a: Clodsire
|-damage|p1a: Clodsire|22/100
|move|p1a: Clodsire|Recover|p1a: Clodsire
|-heal|p1a: Clodsire|72/100
|
|-heal|p2a: Kommo-o|44/100|[from] item: Leftovers
|upkeep
|turn|44
|
|t:|1779857648
|move|p2a: Kommo-o|Shadow Claw|p1a: Clodsire
|-crit|p1a: Clodsire
|-damage|p1a: Clodsire|41/100
|move|p1a: Clodsire|Poison Jab|p2a: Kommo-o
|-damage|p2a: Kommo-o|25/100
|
|-heal|p2a: Kommo-o|31/100|[from] item: Leftovers
|upkeep
|turn|45
|
|t:|1779857654
|move|p2a: Kommo-o|Shadow Claw|p1a: Clodsire
|-damage|p1a: Clodsire|20/100
|move|p1a: Clodsire|Recover|p1a: Clodsire
|-heal|p1a: Clodsire|70/100
|
|-heal|p2a: Kommo-o|37/100|[from] item: Leftovers
|upkeep
|turn|46
|c|☆PixelPenguin2|where is my poison
|
|t:|1779857663
|move|p2a: Kommo-o|Drain Punch|p1a: Clodsire
|-resisted|p1a: Clodsire
|-damage|p1a: Clodsire|54/100
|-heal|p2a: Kommo-o|48/100|[from] drain|[of] p1a: Clodsire
|move|p1a: Clodsire|Poison Jab|p2a: Kommo-o
|-damage|p2a: Kommo-o|30/100
|
|-heal|p2a: Kommo-o|36/100|[from] item: Leftovers
|upkeep
|turn|47
|
|t:|1779857669
|move|p2a: Kommo-o|Shadow Claw|p1a: Clodsire
|-damage|p1a: Clodsire|36/100
|move|p1a: Clodsire|Poison Jab|p2a: Kommo-o
|-damage|p2a: Kommo-o|18/100
|
|-heal|p2a: Kommo-o|25/100|[from] item: Leftovers
|upkeep
|turn|48
|
|t:|1779857676
|move|p2a: Kommo-o|Drain Punch|p1a: Clodsire
|-resisted|p1a: Clodsire
|-damage|p1a: Clodsire|21/100
|-heal|p2a: Kommo-o|35/100|[from] drain|[of] p1a: Clodsire
|move|p1a: Clodsire|Poison Jab|p2a: Kommo-o
|-damage|p2a: Kommo-o|18/100
|
|-heal|p2a: Kommo-o|24/100|[from] item: Leftovers
|upkeep
|turn|49
|
|t:|1779857683
|move|p2a: Kommo-o|Drain Punch|p1a: Clodsire
|-resisted|p1a: Clodsire
|-damage|p1a: Clodsire|7/100
|-heal|p2a: Kommo-o|34/100|[from] drain|[of] p1a: Clodsire
|move|p1a: Clodsire|Poison Jab|p2a: Kommo-o
|-damage|p2a: Kommo-o|15/100
|-status|p2a: Kommo-o|psn
|
|-heal|p2a: Kommo-o|21/100 psn|[from] item: Leftovers
|-damage|p2a: Kommo-o|9/100 psn|[from] psn
|upkeep
|turn|50
|
|t:|1779857687
|move|p2a: Kommo-o|Drain Punch|p1a: Clodsire
|-resisted|p1a: Clodsire
|-damage|p1a: Clodsire|0 fnt
|-heal|p2a: Kommo-o|13/100 psn|[from] drain|[of] p1a: Clodsire
|faint|p1a: Clodsire
|
|-heal|p2a: Kommo-o|19/100 psn|[from] item: Leftovers
|-damage|p2a: Kommo-o|7/100 psn|[from] psn
|upkeep
|
|t:|1779857689
|switch|p1a: Mandibuzz|Mandibuzz, F|100/100
|-damage|p1a: Mandibuzz|75/100|[from] Stealth Rock
|turn|51
|
|t:|1779857692
|move|p2a: Kommo-o|Drain Punch|p1a: Mandibuzz
|-damage|p1a: Mandibuzz|42/100
|-heal|p2a: Kommo-o|27/100 psn|[from] drain|[of] p1a: Mandibuzz
|-damage|p2a: Kommo-o|10/100 psn|[from] item: Rocky Helmet|[of] p1a: Mandibuzz
|move|p1a: Mandibuzz|Roost|p1a: Mandibuzz
|-heal|p1a: Mandibuzz|92/100
|-singleturn|p1a: Mandibuzz|move: Roost
|
|-heal|p2a: Kommo-o|17/100 psn|[from] item: Leftovers
|-damage|p2a: Kommo-o|4/100 psn|[from] psn
|upkeep
|turn|52
|
|t:|1779857701
|move|p2a: Kommo-o|Shadow Claw|p1a: Mandibuzz
|-resisted|p1a: Mandibuzz
|-damage|p1a: Mandibuzz|82/100
|-damage|p2a: Kommo-o|0 fnt|[from] item: Rocky Helmet|[of] p1a: Mandibuzz
|faint|p2a: Kommo-o
|move|p1a: Mandibuzz|Roost|p1a: Mandibuzz
|-heal|p1a: Mandibuzz|100/100
|-singleturn|p1a: Mandibuzz|move: Roost
|
|upkeep
|
|t:|1779857705
|switch|p2a: Kingambit|Kingambit, M|100/100
|-activate|p2a: Kingambit|ability: Supreme Overlord
|-start|p2a: Kingambit|fallen5|[silent]
|turn|53
|
|t:|1779857717
|move|p1a: Mandibuzz|Knock Off|p2a: Kingambit
|-resisted|p2a: Kingambit
|-damage|p2a: Kingambit|91/100
|-enditem|p2a: Kingambit|Leftovers|[from] move: Knock Off|[of] p1a: Mandibuzz
|move|p2a: Kingambit|Iron Head|p1a: Mandibuzz
|-damage|p1a: Mandibuzz|62/100
|-damage|p2a: Kingambit|74/100|[from] item: Rocky Helmet|[of] p1a: Mandibuzz
|
|upkeep
|turn|54
|
|t:|1779857725
|move|p1a: Mandibuzz|Foul Play|p2a: Kingambit
|-resisted|p2a: Kingambit
|-crit|p2a: Kingambit
|-damage|p2a: Kingambit|39/100
|move|p2a: Kingambit|Swords Dance|p2a: Kingambit
|-boost|p2a: Kingambit|atk|2
|
|upkeep
|turn|55
|
|t:|1779857740
|move|p1a: Mandibuzz|Roost|p1a: Mandibuzz
|-heal|p1a: Mandibuzz|100/100
|-singleturn|p1a: Mandibuzz|move: Roost
|move|p2a: Kingambit|Iron Head|p1a: Mandibuzz
|-damage|p1a: Mandibuzz|17/100
|-damage|p2a: Kingambit|23/100|[from] item: Rocky Helmet|[of] p1a: Mandibuzz
|
|upkeep
|turn|56
|
|t:|1779857754
|move|p1a: Mandibuzz|Foul Play|p2a: Kingambit
|-resisted|p2a: Kingambit
|-damage|p2a: Kingambit|0 fnt
|faint|p2a: Kingambit
|-end|p2a: Kingambit|fallen5|[silent]
|
|win|PixelPenguin2
|raw|PixelPenguin2's rating: 1377 &rarr; <strong>1396</strong><br />(+19 for winning)
|raw|noobhunterbd's rating: 1365 &rarr; <strong>1346</strong><br />(-19 for losing)
|l|☆PixelPenguin2
|player|p1|
|l|☆noobhunterbd
|player|p2|
