|j|☆jsmikelol
|j|☆alexthegreat9971
|t:|1779914839
|gametype|singles
|player|p1|jsmikelol|ninjaboy|1058
|player|p2|alexthegreat9971|policeman-gen4|1045
|gen|9
|tier|[Gen 9] OU
|rated|
|rule|HP Percentage Mod: HP is shown in percentages
|rule|Endless Battle Clause: Forcing endless battles is banned
|rule|Species Clause: Limit one of each Pokémon
|rule|OHKO Clause: OHKO moves are banned
|rule|Evasion Items Clause: Evasion items are banned
|rule|Evasion Moves Clause: Evasion moves are banned
|rule|Evasion Abilities Clause: Evasion abilities are banned
|rule|Sleep Moves Clause: Sleep-inducing moves are banned
|clearpoke
|poke|p1|Masquerain, M|
|poke|p1|Dragapult, F|
|poke|p1|Breloom, F|
|poke|p1|Gholdengo|
|poke|p1|Kingambit, M|
|poke|p1|Azumarill, M|
|poke|p2|Umbreon, M|
|poke|p2|Gengar, M|
|poke|p2|Slowbro-Galar, M|
|poke|p2|Blaziken, M|
|poke|p2|Magnezone|
|poke|p2|Kleavor, M|
|teampreview
|inactive|Battle timer is ON: inactive players will automatically lose when time's up. (requested by jsmikelol)
|
|t:|1779914847
|teamsize|p1|6
|teamsize|p2|6
|start
|switch|p1a: Sticky|Masquerain, M|100/100
|switch|p2a: Umbreon|Umbreon, M|100/100
|-ability|p1a: Sticky|Intimidate|boost
|-unboost|p2a: Umbreon|atk|1
|turn|1
|
|t:|1779914855
|move|p1a: Sticky|Substitute|p1a: Sticky
|-start|p1a: Sticky|Substitute
|-damage|p1a: Sticky|76/100
|move|p2a: Umbreon|Toxic||[still]
|-fail|p2a: Umbreon
|
|upkeep
|turn|2
|
|t:|1779914862
|move|p1a: Sticky|Sticky Web|p2a: Umbreon
|-sidestart|p2: alexthegreat9971|move: Sticky Web
|move|p2a: Umbreon|Reflect|p2a: Umbreon
|-sidestart|p2: alexthegreat9971|Reflect
|
|upkeep
|turn|3
|
|t:|1779914869
|move|p1a: Sticky|Scary Face|p2a: Umbreon
|-unboost|p2a: Umbreon|spe|2
|move|p2a: Umbreon|Light Screen|p2a: Umbreon
|-sidestart|p2: alexthegreat9971|move: Light Screen
|
|upkeep
|turn|4
|
|t:|1779914878
|move|p1a: Sticky|Scary Face|p2a: Umbreon
|-unboost|p2a: Umbreon|spe|2
|move|p2a: Umbreon|Foul Play|p1a: Sticky
|-activate|p1a: Sticky|move: Substitute|[damage]
|
|upkeep
|turn|5
|
|t:|1779914889
|switch|p2a: Magnezone|Magnezone|100/100
|-activate|p2a: Magnezone|move: Sticky Web
|-unboost|p2a: Magnezone|spe|1
|move|p1a: Sticky|Hurricane|p2a: Magnezone
|-resisted|p2a: Magnezone
|-damage|p2a: Magnezone|95/100
|-start|p2a: Magnezone|confusion
|
|upkeep
|turn|6
|
|t:|1779914901
|move|p1a: Sticky|Scary Face|p2a: Magnezone
|-unboost|p2a: Magnezone|spe|2
|-activate|p2a: Magnezone|confusion
|move|p2a: Magnezone|Thunderbolt|p1a: Sticky
|-supereffective|p1a: Sticky
|-end|p1a: Sticky|Substitute
|-damage|p2a: Magnezone|85/100|[from] item: Life Orb
|
|upkeep
|turn|7
|
|t:|1779914919
|switch|p1a: Massacre|Azumarill, M|100/100
|-activate|p2a: Magnezone|confusion
|move|p2a: Magnezone|Thunderbolt|p1a: Massacre
|-supereffective|p1a: Massacre
|-damage|p1a: Massacre|0 fnt
|faint|p1a: Massacre
|-damage|p2a: Magnezone|75/100|[from] item: Life Orb
|
|upkeep
|
|t:|1779914929
|switch|p1a: Ase|Gholdengo|100/100
|turn|8
|
|t:|1779914938
|move|p1a: Ase|Shadow Ball|p2a: Magnezone
|-damage|p2a: Magnezone|52/100
|-activate|p2a: Magnezone|confusion
|-damage|p2a: Magnezone|47/100|[from] confusion
|
|upkeep
|turn|9
|
|t:|1779914955
|move|p1a: Ase|Nasty Plot|p1a: Ase
|-boost|p1a: Ase|spa|2
|-activate|p2a: Magnezone|confusion
|move|p2a: Magnezone|Thunderbolt|p1a: Ase
|-damage|p1a: Ase|9/100
|-damage|p2a: Magnezone|38/100|[from] item: Life Orb
|
|-sideend|p2: alexthegreat9971|Reflect
|upkeep
|turn|10
|
|t:|1779914964
|move|p1a: Ase|Shadow Ball|p2a: Magnezone
|-damage|p2a: Magnezone|0 fnt
|faint|p2a: Magnezone
|
|-sideend|p2: alexthegreat9971|move: Light Screen
|upkeep
|
|t:|1779914971
|switch|p2a: Blaziken|Blaziken, M|100/100
|-activate|p2a: Blaziken|move: Sticky Web
|-unboost|p2a: Blaziken|spe|1
|turn|11
|
|t:|1779914980
|move|p1a: Ase|Shadow Ball|p2a: Blaziken
|-damage|p2a: Blaziken|0 fnt
|faint|p2a: Blaziken
|
|upkeep
|
|t:|1779914991
|switch|p2a: Kleavor|Kleavor, M|100/100
|-activate|p2a: Kleavor|move: Sticky Web
|-unboost|p2a: Kleavor|spe|1
|turn|12
|
|t:|1779915003
|move|p1a: Ase|Make It Rain|p2a: Kleavor
|-supereffective|p2a: Kleavor
|-damage|p2a: Kleavor|0 fnt
|-unboost|p1a: Ase|spa|1
|faint|p2a: Kleavor
|
|upkeep
|-message|alexthegreat9971 forfeited.
|
|win|jsmikelol
|raw|jsmikelol's rating: 1058 &rarr; <strong>1088</strong><br />(+30 for winning)
|raw|alexthegreat9971's rating: 1045 &rarr; <strong>1029</strong><br />(-16 for losing)
|l|☆alexthegreat9971
|player|p2|
