|j|☆Valpreon
|j|☆CEExy
|t:|1779972410
|gametype|singles
|player|p1|Valpreon|266|1295
|player|p2|CEExy|hilbert|1296
|gen|9
|tier|[Gen 9] OU
|rated|
|rule|HP Percentage Mod: HP is shown in percentages
|rule|Endless Battle Clause: Forcing endless battles is banned
|rule|Species Clause: Limit one of each Pokémon
|rule|OHKO Clause: OHKO moves are banned
|rule|Evasion Items Clause: Evasion items are banned
|rule|Evasion Moves Clause: Evasion moves are banned
|rule|Evasion Abilities Clause: Evasion abilities are banned
|rule|Sleep Moves Clause: Sleep-inducing moves are banned
|clearpoke
|poke|p1|Iron Valiant|
|poke|p1|Greninja-*, M|
|poke|p1|Lucario, M|
|poke|p1|Noivern, F|
|poke|p1|Ceruledge, M|
|poke|p1|Kingambit, F|
|poke|p2|Dragapult, M|
|poke|p2|Gholdengo|
|poke|p2|Samurott-Hisui, M|
|poke|p2|Okidogi, M|
|poke|p2|Indeedee, M|
|poke|p2|Regieleki|
|teampreview
|
|t:|1779972442
|teamsize|p1|6
|teamsize|p2|6
|start
|switch|p1a: jett|Noivern, F, shiny|100/100
|switch|p2a: Regieleki|Regieleki|100/100
|-item|p2a: Regieleki|Light Clay|[from] ability: Frisk|[of] p1a: jett
|turn|1
|
|t:|1779972454
|move|p2a: Regieleki|Rapid Spin|p1a: jett
|-damage|p1a: jett|85/100
|-boost|p2a: Regieleki|spe|1
|move|p1a: jett|Dragon Pulse|p2a: Regieleki
|-damage|p2a: Regieleki|44/100
|
|upkeep
|turn|2
|
|t:|1779972467
|move|p2a: Regieleki|Explosion|p1a: jett
|-damage|p1a: jett|14/100
|faint|p2a: Regieleki
|move|p1a: jett|Tailwind|p1a: jett
|-sidestart|p1: Valpreon|move: Tailwind
|
|upkeep
|
|t:|1779972477
|switch|p2a: Gholdengo|Gholdengo|100/100
|-item|p2a: Gholdengo|Air Balloon
|turn|3
|
|t:|1779972485
|move|p1a: jett|Air Slash|p2a: Gholdengo
|-resisted|p2a: Gholdengo
|-damage|p2a: Gholdengo|81/100
|-enditem|p2a: Gholdengo|Air Balloon
|cant|p2a: Gholdengo|flinch
|
|upkeep
|turn|4
|
|t:|1779972491
|move|p1a: jett|Air Slash|p2a: Gholdengo
|-resisted|p2a: Gholdengo
|-damage|p2a: Gholdengo|64/100
|move|p2a: Gholdengo|Nasty Plot|p2a: Gholdengo
|-boost|p2a: Gholdengo|spa|2
|
|upkeep
|turn|5
|
|t:|1779972499
|move|p1a: jett|Air Slash|p2a: Gholdengo
|-resisted|p2a: Gholdengo
|-damage|p2a: Gholdengo|45/100
|move|p2a: Gholdengo|Shadow Ball|p1a: jett
|-damage|p1a: jett|0 fnt
|faint|p1a: jett
|
|-sideend|p1: Valpreon|move: Tailwind
|upkeep
|
|t:|1779972513
|switch|p1a: super sonic🌀|Greninja, M|100/100
|turn|6
|
|t:|1779972522
|-terastallize|p2a: Gholdengo|Fairy
|move|p1a: super sonic🌀|Dark Pulse|p2a: Gholdengo
|-resisted|p2a: Gholdengo
|-damage|p2a: Gholdengo|23/100
|move|p2a: Gholdengo|Focus Blast|p1a: super sonic🌀|[miss]
|-miss|p2a: Gholdengo|p1a: super sonic🌀
|
|upkeep
|turn|7
|
|t:|1779972556
|switch|p2a: Samurott|Samurott-Hisui, M|100/100
|move|p1a: super sonic🌀|Sludge Wave|p2a: Samurott
|-damage|p2a: Samurott|58/100
|
|upkeep
|turn|8
|
|t:|1779972591
|move|p2a: Samurott|X-Scissor|p1a: super sonic🌀
|-supereffective|p1a: super sonic🌀
|-damage|p1a: super sonic🌀|0 fnt
|faint|p1a: super sonic🌀
|
|upkeep
|
|t:|1779972594
|switch|p1a: knuckles💪|Lucario, M|100/100
|turn|9
|
|t:|1779972606
|switch|p2a: Gholdengo|Gholdengo, tera:Fairy|23/100
|move|p1a: knuckles💪|Aura Sphere|p2a: Gholdengo
|-resisted|p2a: Gholdengo
|-damage|p2a: Gholdengo|0 fnt
|faint|p2a: Gholdengo
|
|upkeep
|
|t:|1779972618
|switch|p2a: Indeedee|Indeedee, M|100/100
|-fieldstart|move: Psychic Terrain|[from] ability: Psychic Surge|[of] p2a: Indeedee
|turn|10
|
|t:|1779972635
|move|p2a: Indeedee|Dazzling Gleam|p1a: knuckles💪
|-damage|p1a: knuckles💪|46/100
|move|p1a: knuckles💪|Agility|p1a: knuckles💪
|-boost|p1a: knuckles💪|spe|2
|
|upkeep
|turn|11
|
|t:|1779972642
|move|p1a: knuckles💪|Aura Sphere|p2a: Indeedee
|-damage|p2a: Indeedee|43/100
|move|p2a: Indeedee|Dazzling Gleam|p1a: knuckles💪
|-damage|p1a: knuckles💪|0 fnt
|faint|p1a: knuckles💪
|
|upkeep
|
|t:|1779972648
|switch|p1a: future trunks❤️📌|Iron Valiant, shiny|100/100
|-enditem|p1a: future trunks❤️📌|Booster Energy
|-activate|p1a: future trunks❤️📌|ability: Quark Drive|[fromitem]
|-start|p1a: future trunks❤️📌|quarkdrivespe
|turn|12
|
|t:|1779972675
|move|p1a: future trunks❤️📌|Moonblast|p2a: Indeedee
|-damage|p2a: Indeedee|0 fnt
|faint|p2a: Indeedee
|
|upkeep
|
|t:|1779972684
|switch|p2a: Okidogi|Okidogi, M|100/100
|-enditem|p2a: Okidogi|Psychic Seed
|-boost|p2a: Okidogi|spd|1|[from] item: Psychic Seed
|turn|13
|
|t:|1779972694
|move|p1a: future trunks❤️📌|Moonblast|p2a: Okidogi
|-damage|p2a: Okidogi|66/100
|-unboost|p2a: Okidogi|spa|1
|move|p2a: Okidogi|Gunk Shot|p1a: future trunks❤️📌|[miss]
|-miss|p2a: Okidogi|p1a: future trunks❤️📌
|
|upkeep
|turn|14
|
|t:|1779972706
|move|p1a: future trunks❤️📌|Moonblast|p2a: Okidogi
|-damage|p2a: Okidogi|35/100
|move|p2a: Okidogi|Gunk Shot|p1a: future trunks❤️📌
|-supereffective|p1a: future trunks❤️📌
|-damage|p1a: future trunks❤️📌|0 fnt
|faint|p1a: future trunks❤️📌
|-end|p1a: future trunks❤️📌|Quark Drive|[silent]
|
|-fieldend|move: Psychic Terrain
|upkeep
|
|t:|1779972729
|switch|p1a: amterasu💜🌂|Ceruledge, M, shiny|100/100
|turn|15
|
|t:|1779972745
|move|p1a: amterasu💜🌂|Swords Dance|p1a: amterasu💜🌂
|-boost|p1a: amterasu💜🌂|atk|2
|move|p2a: Okidogi|High Horsepower|p1a: amterasu💜🌂
|-supereffective|p1a: amterasu💜🌂
|-damage|p1a: amterasu💜🌂|2/100
|-ability|p1a: amterasu💜🌂|Weak Armor|boost
|-unboost|p1a: amterasu💜🌂|def|1
|-boost|p1a: amterasu💜🌂|spe|2
|
|upkeep
|turn|16
|
|t:|1779972758
|switch|p2a: Dragapult|Dragapult, M|100/100
|move|p1a: amterasu💜🌂|Bitter Blade|p2a: Dragapult
|-resisted|p2a: Dragapult
|-damage|p2a: Dragapult|33/100
|-heal|p1a: amterasu💜🌂|39/100|[from] drain|[of] p2a: Dragapult
|
|upkeep
|turn|17
|inactive|Battle timer is ON: inactive players will automatically lose when time's up. (requested by Valpreon)
|
|t:|1779972765
|move|p1a: amterasu💜🌂|Poltergeist|p2a: Dragapult
|-activate|p2a: Dragapult|move: Poltergeist|Heavy-Duty Boots
|-supereffective|p2a: Dragapult
|-damage|p2a: Dragapult|0 fnt
|faint|p2a: Dragapult
|
|upkeep
|
|t:|1779972768
|switch|p2a: Samurott|Samurott-Hisui, M|58/100
|turn|18
|
|t:|1779972770
|move|p2a: Samurott|Aqua Jet|p1a: amterasu💜🌂
|-supereffective|p1a: amterasu💜🌂
|-damage|p1a: amterasu💜🌂|0 fnt
|faint|p1a: amterasu💜🌂
|
|upkeep
|
|t:|1779972773
|switch|p1a: Bloody😞|Kingambit, F|100/100
|-activate|p1a: Bloody😞|ability: Supreme Overlord
|-start|p1a: Bloody😞|fallen5|[silent]
|turn|19
|
|t:|1779972777
|-terastallize|p1a: Bloody😞|Dark
|move|p2a: Samurott|Aqua Jet|p1a: Bloody😞
|-crit|p1a: Bloody😞
|-damage|p1a: Bloody😞|78/100
|move|p1a: Bloody😞|Swords Dance|p1a: Bloody😞
|-boost|p1a: Bloody😞|atk|2
|
|upkeep
|turn|20
|
|t:|1779972784
|move|p2a: Samurott|Aqua Jet|p1a: Bloody😞
|-damage|p1a: Bloody😞|64/100
|move|p1a: Bloody😞|Poison Jab|p2a: Samurott
|-damage|p2a: Samurott|0 fnt
|faint|p2a: Samurott
|
|upkeep
|
|t:|1779972787
|switch|p2a: Okidogi|Okidogi, M|35/100
|turn|21
|
|t:|1779972790
|move|p1a: Bloody😞|Sucker Punch|p2a: Okidogi
|-resisted|p2a: Okidogi
|-damage|p2a: Okidogi|0 fnt
|faint|p2a: Okidogi
|
|win|Valpreon
|raw|Valpreon's rating: 1270 &rarr; <strong>1297</strong><br />(+27 for winning)
|raw|CEExy's rating: 1296 &rarr; <strong>1269</strong><br />(-27 for losing)
|l|☆Valpreon
|player|p1|
|l|☆CEExy
|player|p2|
