|j|☆mwharken
|j|☆Dreadblaze
|t:|1779916365
|gametype|singles
|player|p1|mwharken|steven|1436
|player|p2|Dreadblaze|burglar|1452
|gen|9
|tier|[Gen 9] OU
|rated|
|rule|HP Percentage Mod: HP is shown in percentages
|rule|Endless Battle Clause: Forcing endless battles is banned
|rule|Species Clause: Limit one of each Pokémon
|rule|OHKO Clause: OHKO moves are banned
|rule|Evasion Items Clause: Evasion items are banned
|rule|Evasion Moves Clause: Evasion moves are banned
|rule|Evasion Abilities Clause: Evasion abilities are banned
|rule|Sleep Moves Clause: Sleep-inducing moves are banned
|clearpoke
|poke|p1|Braviary-Hisui, M|
|poke|p1|Scizor, F|
|poke|p1|Primarina, M|
|poke|p1|Corviknight, M|
|poke|p1|Gliscor, F|
|poke|p1|Heatran, F|
|poke|p2|Weavile, M|
|poke|p2|Zamazenta-*|
|poke|p2|Iron Moth|
|poke|p2|Necrozma|
|poke|p2|Iron Treads|
|poke|p2|Ursaring, M|
|teampreview
|inactive|Battle timer is ON: inactive players will automatically lose when time's up. (requested by mwharken)
|inactive|Dreadblaze has 120 seconds left.
|inactive|Dreadblaze has 90 seconds left.
|
|t:|1779916433
|teamsize|p1|6
|teamsize|p2|6
|start
|switch|p1a: Braviary|Braviary-Hisui, M|100/100
|switch|p2a: Weavile|Weavile, M|100/100
|turn|1
|
|t:|1779916442
|switch|p1a: Corviknight|Corviknight, M|100/100
|move|p2a: Weavile|Knock Off|p1a: Corviknight
|-damage|p1a: Corviknight|55/100
|-damage|p2a: Weavile|84/100|[from] item: Rocky Helmet|[of] p1a: Corviknight
|-enditem|p1a: Corviknight|Rocky Helmet|[from] move: Knock Off|[of] p2a: Weavile
|
|upkeep
|turn|2
|
|t:|1779916455
|switch|p2a: Necrozma|Necrozma|100/100
|move|p1a: Corviknight|U-turn|p2a: Necrozma
|-supereffective|p2a: Necrozma
|-damage|p2a: Necrozma|88/100
|-damage|p1a: Corviknight|38/100|[from] item: Rocky Helmet|[of] p2a: Necrozma
|inactive|mwharken has 120 seconds left.
|
|t:|1779916483
|switch|p1a: Primarina|Primarina, M|100/100|[from] U-turn
|
|upkeep
|turn|3
|inactive|mwharken has 120 seconds left.
|
|t:|1779916499
|-terastallize|p1a: Primarina|Ghost
|move|p2a: Necrozma|Stealth Rock|p1a: Primarina
|-sidestart|p1: mwharken|move: Stealth Rock
|move|p1a: Primarina|Shadow Ball|p2a: Necrozma
|-supereffective|p2a: Necrozma
|-damage|p2a: Necrozma|36/100
|
|upkeep
|turn|4
|inactive|mwharken has 120 seconds left.
|
|t:|1779916510
|switch|p2a: Ursaring|Ursaring, M|100/100
|move|p1a: Primarina|Psychic Noise|p2a: Ursaring
|-damage|p2a: Ursaring|81/100
|-start|p2a: Ursaring|move: Heal Block
|
|upkeep
|turn|5
|inactive|mwharken has 120 seconds left.
|inactive|Dreadblaze has 120 seconds left.
|
|t:|1779916543
|switch|p1a: Corviknight|Corviknight, M|38/100
|-damage|p1a: Corviknight|26/100|[from] Stealth Rock
|move|p2a: Ursaring|Crunch|p1a: Corviknight
|-damage|p1a: Corviknight|10/100
|
|-end|p2a: Ursaring|move: Heal Block
|upkeep
|turn|6
|inactive|Dreadblaze has 120 seconds left.
|
|t:|1779916553
|move|p1a: Corviknight|Roost|p1a: Corviknight
|-heal|p1a: Corviknight|60/100
|-singleturn|p1a: Corviknight|move: Roost
|move|p2a: Ursaring|Crunch|p1a: Corviknight
|-damage|p1a: Corviknight|44/100
|-ability|p1a: Corviknight|Mirror Armor
|-unboost|p2a: Ursaring|def|1
|
|upkeep
|turn|7
|inactive|mwharken has 120 seconds left.
|inactive|Dreadblaze has 120 seconds left.
|
|t:|1779916565
|move|p1a: Corviknight|Defog|p2a: Ursaring
|-unboost|p2a: Ursaring|evasion|1
|-sideend|p1: mwharken|Stealth Rock|[from] move: Defog|[of] p1a: Corviknight
|move|p2a: Ursaring|Bulk Up|p2a: Ursaring
|-boost|p2a: Ursaring|atk|1
|-boost|p2a: Ursaring|def|1
|
|upkeep
|turn|8
|inactive|mwharken has 120 seconds left.
|
|t:|1779916574
|move|p1a: Corviknight|U-turn|p2a: Ursaring
|-damage|p2a: Ursaring|70/100
|inactive|mwharken has 120 seconds left.
|
|t:|1779916581
|switch|p1a: Gliscor|Gliscor, F|100/100|[from] U-turn
|move|p2a: Ursaring|Bulk Up|p2a: Ursaring
|-boost|p2a: Ursaring|atk|1
|-boost|p2a: Ursaring|def|1
|
|-status|p1a: Gliscor|tox|[from] item: Toxic Orb
|upkeep
|turn|9
|
|t:|1779916591
|move|p1a: Gliscor|Toxic|p2a: Ursaring
|-status|p2a: Ursaring|tox
|move|p2a: Ursaring|Body Slam|p1a: Gliscor
|-damage|p1a: Gliscor|8/100 tox
|
|-heal|p1a: Gliscor|21/100 tox|[from] ability: Poison Heal
|-damage|p2a: Ursaring|64/100 tox|[from] psn
|upkeep
|turn|10
|
|t:|1779916601
|move|p1a: Gliscor|Protect|p1a: Gliscor
|-singleturn|p1a: Gliscor|Protect
|move|p2a: Ursaring|Bulk Up|p2a: Ursaring
|-boost|p2a: Ursaring|atk|1
|-boost|p2a: Ursaring|def|1
|
|-heal|p1a: Gliscor|33/100 tox|[from] ability: Poison Heal
|-damage|p2a: Ursaring|52/100 tox|[from] psn
|upkeep
|turn|11
|
|t:|1779916614
|switch|p1a: Primarina|Primarina, M, tera:Ghost|100/100
|move|p2a: Ursaring|Crunch|p1a: Primarina
|-supereffective|p1a: Primarina
|-damage|p1a: Primarina|0 fnt
|faint|p1a: Primarina
|
|-damage|p2a: Ursaring|34/100 tox|[from] psn
|upkeep
|inactive|mwharken has 120 seconds left.
|
|t:|1779916633
|switch|p1a: Corviknight|Corviknight, M|44/100
|turn|12
|inactive|Dreadblaze has 120 seconds left.
|
|t:|1779916679
|move|p1a: Corviknight|Roost|p1a: Corviknight
|-heal|p1a: Corviknight|94/100
|-singleturn|p1a: Corviknight|move: Roost
|move|p2a: Ursaring|Body Slam|p1a: Corviknight
|-resisted|p1a: Corviknight
|-damage|p1a: Corviknight|46/100
|
|-damage|p2a: Ursaring|10/100 tox|[from] psn
|upkeep
|turn|13
|
|t:|1779916691
|move|p1a: Corviknight|Roost|p1a: Corviknight
|-heal|p1a: Corviknight|96/100
|-singleturn|p1a: Corviknight|move: Roost
|move|p2a: Ursaring|Earthquake|p1a: Corviknight
|-supereffective|p1a: Corviknight
|-damage|p1a: Corviknight|0 fnt
|faint|p1a: Corviknight
|
|-damage|p2a: Ursaring|0 fnt|[from] psn
|faint|p2a: Ursaring
|upkeep
|inactive|mwharken has 120 seconds left.
|
|t:|1779916709
|switch|p1a: Scizor|Scizor, F|100/100
|switch|p2a: Necrozma|Necrozma|36/100
|turn|14
|inactive|mwharken has 120 seconds left.
|
|t:|1779916714
|move|p1a: Scizor|Bullet Punch|p2a: Necrozma
|-crit|p2a: Necrozma
|-damage|p2a: Necrozma|1/100
|-damage|p1a: Scizor|84/100|[from] item: Rocky Helmet|[of] p2a: Necrozma
|move|p2a: Necrozma|Heat Wave|p1a: Scizor|[miss]
|-miss|p2a: Necrozma|p1a: Scizor
|
|upkeep
|turn|15
|
|t:|1779916726
|move|p1a: Scizor|Bullet Punch|p2a: Necrozma
|-damage|p2a: Necrozma|0 fnt
|-damage|p1a: Scizor|67/100|[from] item: Rocky Helmet|[of] p2a: Necrozma
|faint|p2a: Necrozma
|
|upkeep
|
|t:|1779916733
|switch|p2a: Iron Moth|Iron Moth|100/100
|-item|p2a: Iron Moth|Air Balloon
|turn|16
|
|t:|1779916744
|-end|p2a: Iron Moth|Quark Drive|[silent]
|switch|p2a: Iron Treads|Iron Treads|100/100
|switch|p1a: Heatran|Heatran, F|100/100
|
|upkeep
|turn|17
|
|t:|1779916752
|move|p2a: Iron Treads|Earthquake|p1a: Heatran
|-supereffective|p1a: Heatran
|-damage|p1a: Heatran|0 fnt
|faint|p1a: Heatran
|
|upkeep
|
|t:|1779916760
|switch|p1a: Braviary|Braviary-Hisui, M|100/100
|turn|18
|
|t:|1779916770
|move|p2a: Iron Treads|Knock Off|p1a: Braviary
|-supereffective|p1a: Braviary
|-damage|p1a: Braviary|41/100
|-enditem|p1a: Braviary|Choice Specs|[from] move: Knock Off|[of] p2a: Iron Treads
|move|p1a: Braviary|Heat Wave|p2a: Iron Treads|[miss]
|-miss|p1a: Braviary|p2a: Iron Treads
|
|upkeep
|turn|19
|
|t:|1779916784
|move|p2a: Iron Treads|Ice Spinner|p1a: Braviary
|-supereffective|p1a: Braviary
|-damage|p1a: Braviary|0 fnt
|faint|p1a: Braviary
|
|upkeep
|
|t:|1779916795
|switch|p1a: Gliscor|Gliscor, F|33/100 tox
|turn|20
|
|t:|1779916808
|move|p2a: Iron Treads|Ice Spinner|p1a: Gliscor
|-supereffective|p1a: Gliscor
|-damage|p1a: Gliscor|0 fnt
|faint|p1a: Gliscor
|
|upkeep
|-message|mwharken forfeited.
|
|win|Dreadblaze
|raw|mwharken's rating: 1436 &rarr; <strong>1417</strong><br />(-19 for losing)
|raw|Dreadblaze's rating: 1452 &rarr; <strong>1471</strong><br />(+19 for winning)
|l|☆mwharken
|player|p1|
|l|☆Dreadblaze
|player|p2|
