|j|☆Vecheddar
|j|☆Justtheduckman
|t:|1779971081
|gametype|singles
|player|p1|Vecheddar|benga|1135
|player|p2|Justtheduckman|miku-grass|1195
|gen|9
|tier|[Gen 9] OU
|rated|
|rule|HP Percentage Mod: HP is shown in percentages
|rule|Endless Battle Clause: Forcing endless battles is banned
|rule|Species Clause: Limit one of each Pokémon
|rule|OHKO Clause: OHKO moves are banned
|rule|Evasion Items Clause: Evasion items are banned
|rule|Evasion Moves Clause: Evasion moves are banned
|rule|Evasion Abilities Clause: Evasion abilities are banned
|rule|Sleep Moves Clause: Sleep-inducing moves are banned
|clearpoke
|poke|p1|Ninetales, F|
|poke|p1|Great Tusk|
|poke|p1|Walking Wake|
|poke|p1|Scovillain, F|
|poke|p1|Raging Bolt|
|poke|p1|Slither Wing|
|poke|p2|Ursaluna, F|
|poke|p2|Volcanion|
|poke|p2|Porygon2|
|poke|p2|Cresselia, F|
|poke|p2|Iron Hands|
|poke|p2|Hatterene, F|
|teampreview
|inactive|Battle timer is ON: inactive players will automatically lose when time's up. (requested by Vecheddar)
|
|t:|1779971107
|teamsize|p1|6
|teamsize|p2|6
|start
|switch|p1a: Sniff sniff sniff|Slither Wing|100/100
|switch|p2a: Porygon2|Porygon2|100/100
|-ability|p2a: Porygon2|Download|boost
|-boost|p2a: Porygon2|atk|1
|turn|1
|
|t:|1779971120
|switch|p2a: Hatterene|Hatterene, F|100/100
|move|p1a: Sniff sniff sniff|Close Combat|p2a: Hatterene
|-resisted|p2a: Hatterene
|-damage|p2a: Hatterene|82/100
|-unboost|p1a: Sniff sniff sniff|def|1
|-unboost|p1a: Sniff sniff sniff|spd|1
|
|upkeep
|turn|2
|
|t:|1779971129
|move|p1a: Sniff sniff sniff|U-turn|p2a: Hatterene
|-damage|p2a: Hatterene|36/100
|
|t:|1779971140
|-end|p1a: Sniff sniff sniff|Protosynthesis|[silent]
|switch|p1a: Doduo but green|Scovillain, F|100/100|[from] U-turn
|move|p2a: Hatterene|Trick Room|p2a: Hatterene
|-fieldstart|move: Trick Room|[of] p2a: Hatterene
|
|upkeep
|turn|3
|
|t:|1779971149
|move|p2a: Hatterene|Psychic Noise|p1a: Doduo but green
|-damage|p1a: Doduo but green|25/100
|-start|p1a: Doduo but green|move: Heal Block
|move|p1a: Doduo but green|Substitute|p1a: Doduo but green
|-fail|p1a: Doduo but green|move: Substitute|[weak]
|
|upkeep
|turn|4
|
|t:|1779971158
|move|p2a: Hatterene|Psychic Noise|p1a: Doduo but green
|-damage|p1a: Doduo but green|0 fnt
|faint|p1a: Doduo but green
|
|upkeep
|
|t:|1779971164
|switch|p1a: Sniff sniff sniff|Slither Wing|100/100
|turn|5
|
|t:|1779971170
|move|p1a: Sniff sniff sniff|First Impression|p2a: Hatterene
|-damage|p2a: Hatterene|0 fnt
|faint|p2a: Hatterene
|
|upkeep
|
|t:|1779971178
|switch|p2a: Ursaluna|Ursaluna, F|100/100
|turn|6
|
|t:|1779971186
|move|p2a: Ursaluna|Fire Punch|p1a: Sniff sniff sniff
|-supereffective|p1a: Sniff sniff sniff
|-damage|p1a: Sniff sniff sniff|14/100
|move|p1a: Sniff sniff sniff|Close Combat|p2a: Ursaluna
|-supereffective|p2a: Ursaluna
|-damage|p2a: Ursaluna|2/100
|-unboost|p1a: Sniff sniff sniff|def|1
|-unboost|p1a: Sniff sniff sniff|spd|1
|
|-fieldend|move: Trick Room
|-status|p2a: Ursaluna|brn|[from] item: Flame Orb
|upkeep
|turn|7
|
|t:|1779971199
|switch|p2a: Cresselia|Cresselia, F|100/100
|move|p1a: Sniff sniff sniff|U-turn|p2a: Cresselia
|-supereffective|p2a: Cresselia
|-damage|p2a: Cresselia|54/100
|
|t:|1779971209
|-end|p1a: Sniff sniff sniff|Protosynthesis|[silent]
|switch|p1a: Grumble Rumble|Great Tusk|100/100|[from] U-turn
|
|upkeep
|turn|8
|
|t:|1779971219
|move|p1a: Grumble Rumble|Close Combat|p2a: Cresselia
|-resisted|p2a: Cresselia
|-damage|p2a: Cresselia|28/100
|-unboost|p1a: Grumble Rumble|def|1
|-unboost|p1a: Grumble Rumble|spd|1
|move|p2a: Cresselia|Trick Room|p2a: Cresselia
|-fieldstart|move: Trick Room|[of] p2a: Cresselia
|
|upkeep
|turn|9
|
|t:|1779971228
|-end|p1a: Grumble Rumble|Protosynthesis|[silent]
|switch|p1a: Narudeto|Ninetales, F|100/100
|-weather|SunnyDay|[from] ability: Drought|[of] p1a: Narudeto
|move|p2a: Cresselia|Lunar Dance|p2a: Cresselia
|faint|p2a: Cresselia
|
|-weather|SunnyDay|[upkeep]
|upkeep
|
|t:|1779971236
|switch|p2a: Ursaluna|Ursaluna, F|2/100 brn
|-heal|p2a: Ursaluna|100/100|[from] move: Lunar Dance
|turn|10
|
|t:|1779971247
|move|p2a: Ursaluna|Headlong Rush|p1a: Narudeto
|-supereffective|p1a: Narudeto
|-damage|p1a: Narudeto|0 fnt
|-unboost|p2a: Ursaluna|def|1
|-unboost|p2a: Ursaluna|spd|1
|faint|p1a: Narudeto
|
|-weather|SunnyDay|[upkeep]
|-status|p2a: Ursaluna|brn|[from] item: Flame Orb
|upkeep
|
|t:|1779971251
|switch|p1a: Grumble Rumble|Great Tusk|100/100
|-activate|p1a: Grumble Rumble|ability: Protosynthesis
|-start|p1a: Grumble Rumble|protosynthesisatk
|turn|11
|
|t:|1779971265
|-terastallize|p2a: Ursaluna|Normal
|-terastallize|p1a: Grumble Rumble|Steel
|move|p2a: Ursaluna|Facade|p1a: Grumble Rumble
|-resisted|p1a: Grumble Rumble
|-damage|p1a: Grumble Rumble|40/100
|move|p1a: Grumble Rumble|Headlong Rush|p2a: Ursaluna
|-damage|p2a: Ursaluna|0 fnt
|-unboost|p1a: Grumble Rumble|def|1
|-unboost|p1a: Grumble Rumble|spd|1
|faint|p2a: Ursaluna
|
|-weather|SunnyDay|[upkeep]
|upkeep
|
|t:|1779971282
|switch|p2a: Volcanion|Volcanion|100/100
|turn|12
|
|t:|1779971294
|-end|p1a: Grumble Rumble|Protosynthesis|[silent]
|switch|p1a: Raging Neck|Raging Bolt|100/100
|-activate|p1a: Raging Neck|ability: Protosynthesis
|-start|p1a: Raging Neck|protosynthesisspa
|move|p2a: Volcanion|Earth Power|p1a: Raging Neck
|-supereffective|p1a: Raging Neck
|-damage|p1a: Raging Neck|0 fnt
|faint|p1a: Raging Neck
|-end|p1a: Raging Neck|Protosynthesis|[silent]
|
|-weather|SunnyDay|[upkeep]
|-fieldend|move: Trick Room
|upkeep
|
|t:|1779971298
|switch|p1a: Grumble Rumble|Great Tusk, tera:Steel|40/100
|-activate|p1a: Grumble Rumble|ability: Protosynthesis
|-start|p1a: Grumble Rumble|protosynthesisatk
|turn|13
|inactive|Justtheduckman has 120 seconds left.
|
|t:|1779971324
|move|p1a: Grumble Rumble|Close Combat|p2a: Volcanion
|-damage|p2a: Volcanion|0 fnt
|-unboost|p1a: Grumble Rumble|def|1
|-unboost|p1a: Grumble Rumble|spd|1
|faint|p2a: Volcanion
|
|-weather|SunnyDay|[upkeep]
|upkeep
|inactive|Justtheduckman has 120 seconds left.
|
|t:|1779971335
|switch|p2a: Porygon2|Porygon2|100/100
|-ability|p2a: Porygon2|Download|boost
|-boost|p2a: Porygon2|spa|1
|turn|14
|inactive|Justtheduckman has 120 seconds left.
|
|t:|1779971341
|move|p1a: Grumble Rumble|Close Combat|p2a: Porygon2
|-supereffective|p2a: Porygon2
|-damage|p2a: Porygon2|0 fnt
|-unboost|p1a: Grumble Rumble|def|1
|-unboost|p1a: Grumble Rumble|spd|1
|faint|p2a: Porygon2
|
|-weather|SunnyDay|[upkeep]
|upkeep
|-message|Justtheduckman forfeited.
|
|win|Vecheddar
|raw|Vecheddar's rating: 1135 &rarr; <strong>1164</strong><br />(+29 for winning)
|raw|Justtheduckman's rating: 1195 &rarr; <strong>1166</strong><br />(-29 for losing)
|l|☆Justtheduckman
|player|p2|
|l|☆Vecheddar
|player|p1|
