|j|☆Nooderu
|j|☆hanamoi
|t:|1779856733
|gametype|singles
|player|p1|Nooderu|guitarist|1317
|player|p2|hanamoi|265|1377
|gen|9
|tier|[Gen 9] OU
|rated|
|rule|HP Percentage Mod: HP is shown in percentages
|rule|Endless Battle Clause: Forcing endless battles is banned
|rule|Species Clause: Limit one of each Pokémon
|rule|OHKO Clause: OHKO moves are banned
|rule|Evasion Items Clause: Evasion items are banned
|rule|Evasion Moves Clause: Evasion moves are banned
|rule|Evasion Abilities Clause: Evasion abilities are banned
|rule|Sleep Moves Clause: Sleep-inducing moves are banned
|clearpoke
|poke|p1|Great Tusk|
|poke|p1|Walking Wake|
|poke|p1|Lilligant-Hisui, F|
|poke|p1|Grimmsnarl, M|
|poke|p1|Ninetales, M|
|poke|p1|Venusaur, M|
|poke|p2|Latios, M|
|poke|p2|Rotom-Wash|
|poke|p2|Gholdengo|
|poke|p2|Ting-Lu|
|poke|p2|Iron Valiant|
|poke|p2|Hydreigon, F|
|teampreview
|
|t:|1779856747
|teamsize|p1|6
|teamsize|p2|6
|start
|switch|p1a: Grimmsnarl|Grimmsnarl, M|100/100
|switch|p2a: Ting-Lu|Ting-Lu|100/100
|-ability|p2a: Ting-Lu|Vessel of Ruin
|turn|1
|
|t:|1779856757
|move|p1a: Grimmsnarl|Reflect|p1a: Grimmsnarl
|-sidestart|p1: Nooderu|Reflect
|move|p2a: Ting-Lu|Stealth Rock|p1a: Grimmsnarl
|-sidestart|p1: Nooderu|move: Stealth Rock
|
|upkeep
|turn|2
|
|t:|1779856763
|move|p1a: Grimmsnarl|Light Screen|p1a: Grimmsnarl
|-sidestart|p1: Nooderu|move: Light Screen
|move|p2a: Ting-Lu|Whirlwind|p1a: Grimmsnarl
|drag|p1a: Lilligant|Lilligant-Hisui, F|100/100
|-damage|p1a: Lilligant|94/100|[from] Stealth Rock
|
|upkeep
|turn|3
|
|t:|1779856777
|switch|p2a: Gholdengo|Gholdengo|100/100
|-item|p2a: Gholdengo|Air Balloon
|move|p1a: Lilligant|Axe Kick|p2a: Gholdengo
|-immune|p2a: Gholdengo
|-damage|p1a: Lilligant|44/100|[from] highjumpkick
|
|upkeep
|turn|4
|
|t:|1779856788
|switch|p1a: Ninetales|Ninetales, M|100/100
|-damage|p1a: Ninetales|76/100|[from] Stealth Rock
|-weather|SunnyDay|[from] ability: Drought|[of] p1a: Ninetales
|move|p2a: Gholdengo|Thunder Wave|p1a: Ninetales|[miss]
|-miss|p2a: Gholdengo|p1a: Ninetales
|
|-weather|SunnyDay|[upkeep]
|upkeep
|turn|5
|
|t:|1779856808
|switch|p1a: Great Tusk|Great Tusk|100/100
|-damage|p1a: Great Tusk|98/100|[from] Stealth Rock
|-activate|p1a: Great Tusk|ability: Protosynthesis
|-start|p1a: Great Tusk|protosynthesisatk
|switch|p2a: Hydreigon|Hydreigon, F|100/100
|
|-weather|SunnyDay|[upkeep]
|upkeep
|turn|6
|
|t:|1779856824
|move|p2a: Hydreigon|U-turn|p1a: Great Tusk
|-resisted|p1a: Great Tusk
|-damage|p1a: Great Tusk|95/100
|
|t:|1779856827
|switch|p2a: Gholdengo|Gholdengo|100/100|[from] U-turn
|-item|p2a: Gholdengo|Air Balloon
|move|p1a: Great Tusk|Rapid Spin|p2a: Gholdengo
|-immune|p2a: Gholdengo
|
|-weather|SunnyDay|[upkeep]
|upkeep
|turn|7
|
|t:|1779856844
|move|p2a: Gholdengo|Make It Rain|p1a: Great Tusk
|-damage|p1a: Great Tusk|71/100
|-unboost|p2a: Gholdengo|spa|1
|move|p1a: Great Tusk|Supercell Slam|p2a: Gholdengo
|-damage|p2a: Gholdengo|62/100
|-enditem|p2a: Gholdengo|Air Balloon
|
|-weather|SunnyDay|[upkeep]
|upkeep
|turn|8
|
|t:|1779856857
|switch|p2a: im levitating|Rotom-Wash|100/100
|move|p1a: Great Tusk|Earthquake|p2a: im levitating
|-immune|p2a: im levitating|[from] ability: Levitate
|
|-weather|SunnyDay|[upkeep]
|-sideend|p1: Nooderu|Reflect
|upkeep
|turn|9
|
|t:|1779856867
|move|p2a: im levitating|Will-O-Wisp|p1a: Great Tusk|[miss]
|-miss|p2a: im levitating|p1a: Great Tusk
|move|p1a: Great Tusk|Rapid Spin|p2a: im levitating
|-damage|p2a: im levitating|81/100
|-boost|p1a: Great Tusk|spe|1
|-sideend|p1: Nooderu|Stealth Rock|[from] move: Rapid Spin|[of] p1a: Great Tusk
|
|-weather|SunnyDay|[upkeep]
|-heal|p2a: im levitating|87/100|[from] item: Leftovers
|-sideend|p1: Nooderu|move: Light Screen
|upkeep
|turn|10
|inactive|Battle timer is ON: inactive players will automatically lose when time's up. (requested by Nooderu)
|
|t:|1779856901
|-end|p1a: Great Tusk|Protosynthesis|[silent]
|switch|p1a: Grimmsnarl|Grimmsnarl, M|100/100
|move|p2a: im levitating|Hydro Pump|p1a: Grimmsnarl
|-damage|p1a: Grimmsnarl|78/100
|
|-weather|SunnyDay|[upkeep]
|-heal|p2a: im levitating|93/100|[from] item: Leftovers
|upkeep
|turn|11
|
|t:|1779856917
|move|p1a: Grimmsnarl|Light Screen|p1a: Grimmsnarl
|-sidestart|p1: Nooderu|move: Light Screen
|move|p2a: im levitating|Will-O-Wisp|p1a: Grimmsnarl
|-status|p1a: Grimmsnarl|brn
|
|-weather|none
|-heal|p2a: im levitating|99/100|[from] item: Leftovers
|-damage|p1a: Grimmsnarl|72/100 brn|[from] brn
|upkeep
|turn|12
|
|t:|1779856930
|move|p1a: Grimmsnarl|Reflect|p1a: Grimmsnarl
|-sidestart|p1: Nooderu|Reflect
|move|p2a: im levitating|Hydro Pump|p1a: Grimmsnarl
|-damage|p1a: Grimmsnarl|49/100 brn
|
|-heal|p2a: im levitating|100/100|[from] item: Leftovers
|-damage|p1a: Grimmsnarl|43/100 brn|[from] brn
|upkeep
|turn|13
|
|t:|1779856940
|move|p1a: Grimmsnarl|Parting Shot|p2a: im levitating
|-unboost|p2a: im levitating|atk|1
|-unboost|p2a: im levitating|spa|1
|
|t:|1779856948
|switch|p1a: Ninetales|Ninetales, M|76/100|[from] Parting Shot
|-weather|SunnyDay|[from] ability: Drought|[of] p1a: Ninetales
|move|p2a: im levitating|Volt Switch|p1a: Ninetales
|-damage|p1a: Ninetales|67/100
|
|t:|1779856955
|switch|p2a: Ting-Lu|Ting-Lu|100/100|[from] Volt Switch
|-ability|p2a: Ting-Lu|Vessel of Ruin
|
|-weather|SunnyDay|[upkeep]
|upkeep
|turn|14
|
|t:|1779856965
|move|p1a: Ninetales|Overheat|p2a: Ting-Lu
|-damage|p2a: Ting-Lu|66/100
|-unboost|p1a: Ninetales|spa|2
|move|p2a: Ting-Lu|Stealth Rock|p1a: Ninetales
|-sidestart|p1: Nooderu|move: Stealth Rock
|
|-weather|SunnyDay|[upkeep]
|-heal|p2a: Ting-Lu|72/100|[from] item: Leftovers
|upkeep
|turn|15
|
|t:|1779856980
|switch|p1a: Great Tusk|Great Tusk|71/100
|-damage|p1a: Great Tusk|68/100|[from] Stealth Rock
|-activate|p1a: Great Tusk|ability: Protosynthesis
|-start|p1a: Great Tusk|protosynthesisatk
|move|p2a: Ting-Lu|Earthquake|p1a: Great Tusk
|-damage|p1a: Great Tusk|56/100
|
|-weather|SunnyDay|[upkeep]
|-heal|p2a: Ting-Lu|78/100|[from] item: Leftovers
|upkeep
|turn|16
|inactive|Nooderu has 120 seconds left.
|inactive|Nooderu has 90 seconds left.
|
|t:|1779857062
|switch|p2a: im levitating|Rotom-Wash|100/100
|-terastallize|p1a: Great Tusk|Electric
|move|p1a: Great Tusk|Supercell Slam|p2a: im levitating
|-damage|p2a: im levitating|36/100
|
|-weather|SunnyDay|[upkeep]
|-heal|p2a: im levitating|42/100|[from] item: Leftovers
|upkeep
|turn|17
|
|t:|1779857076
|move|p2a: im levitating|Pain Split|p1a: Great Tusk
|-sethp|p1a: Great Tusk|43/100|[from] move: Pain Split|[silent]
|-sethp|p2a: im levitating|62/100|[from] move: Pain Split
|move|p1a: Great Tusk|Supercell Slam|p2a: im levitating
|-damage|p2a: im levitating|1/100
|
|-weather|SunnyDay|[upkeep]
|-heal|p2a: im levitating|7/100|[from] item: Leftovers
|upkeep
|turn|18
|
|t:|1779857090
|move|p2a: im levitating|Will-O-Wisp|p1a: Great Tusk|[miss]
|-miss|p2a: im levitating|p1a: Great Tusk
|move|p1a: Great Tusk|Rapid Spin|p2a: im levitating
|-damage|p2a: im levitating|0 fnt
|-boost|p1a: Great Tusk|spe|1
|-sideend|p1: Nooderu|Stealth Rock|[from] move: Rapid Spin|[of] p1a: Great Tusk
|faint|p2a: im levitating
|
|-weather|SunnyDay|[upkeep]
|-sideend|p1: Nooderu|move: Light Screen
|upkeep
|
|t:|1779857104
|switch|p2a: Iron Valiant|Iron Valiant|100/100
|turn|19
|
|t:|1779857121
|move|p2a: Iron Valiant|Moonblast|p1a: Great Tusk
|-damage|p1a: Great Tusk|0 fnt
|faint|p1a: Great Tusk
|-end|p1a: Great Tusk|Protosynthesis|[silent]
|
|-weather|SunnyDay|[upkeep]
|-sideend|p1: Nooderu|Reflect
|upkeep
|
|t:|1779857129
|switch|p1a: Grimmsnarl|Grimmsnarl, M|43/100 brn
|turn|20
|
|t:|1779857134
|move|p1a: Grimmsnarl|Light Screen|p1a: Grimmsnarl
|-sidestart|p1: Nooderu|move: Light Screen
|move|p2a: Iron Valiant|Close Combat|p1a: Grimmsnarl
|-damage|p1a: Grimmsnarl|0 fnt
|-unboost|p2a: Iron Valiant|def|1
|-unboost|p2a: Iron Valiant|spd|1
|faint|p1a: Grimmsnarl
|
|-weather|none
|upkeep
|
|t:|1779857148
|switch|p1a: Ninetales|Ninetales, M|67/100
|-weather|SunnyDay|[from] ability: Drought|[of] p1a: Ninetales
|turn|21
|
|t:|1779857162
|-end|p2a: Iron Valiant|Quark Drive|[silent]
|switch|p2a: Hydreigon|Hydreigon, F|100/100
|move|p1a: Ninetales|Overheat|p2a: Hydreigon
|-resisted|p2a: Hydreigon
|-damage|p2a: Hydreigon|52/100
|-unboost|p1a: Ninetales|spa|2
|
|-weather|SunnyDay|[upkeep]
|upkeep
|turn|22
|
|t:|1779857174
|switch|p1a: Walking Wake|Walking Wake|100/100
|-activate|p1a: Walking Wake|ability: Protosynthesis
|-start|p1a: Walking Wake|protosynthesisspe
|move|p2a: Hydreigon|U-turn|p1a: Walking Wake
|-damage|p1a: Walking Wake|83/100
|
|t:|1779857186
|switch|p2a: Ting-Lu|Ting-Lu|78/100|[from] U-turn
|-ability|p2a: Ting-Lu|Vessel of Ruin
|
|-weather|SunnyDay|[upkeep]
|-heal|p2a: Ting-Lu|85/100|[from] item: Leftovers
|upkeep
|turn|23
|
|t:|1779857198
|move|p1a: Walking Wake|Hydro Steam|p2a: Ting-Lu
|-supereffective|p2a: Ting-Lu
|-damage|p2a: Ting-Lu|30/100
|move|p2a: Ting-Lu|Payback|p1a: Walking Wake
|-damage|p1a: Walking Wake|42/100
|
|-weather|SunnyDay|[upkeep]
|-heal|p2a: Ting-Lu|37/100|[from] item: Leftovers
|upkeep
|turn|24
|
|t:|1779857224
|move|p1a: Walking Wake|Hydro Steam|p2a: Ting-Lu
|-supereffective|p2a: Ting-Lu
|-damage|p2a: Ting-Lu|0 fnt
|faint|p2a: Ting-Lu
|
|-weather|SunnyDay|[upkeep]
|upkeep
|inactive|hanamoi has 120 seconds left.
|
|t:|1779857245
|switch|p2a: Gholdengo|Gholdengo|62/100
|turn|25
|inactive|Nooderu has 90 seconds left.
|
|t:|1779857251
|move|p1a: Walking Wake|Hydro Steam|p2a: Gholdengo
|-damage|p2a: Gholdengo|7/100
|move|p2a: Gholdengo|Thunder Wave|p1a: Walking Wake
|-status|p1a: Walking Wake|par
|
|-weather|SunnyDay|[upkeep]
|upkeep
|turn|26
|inactive|Nooderu has 90 seconds left.
|
|t:|1779857268
|-end|p1a: Walking Wake|Protosynthesis|[silent]
|switch|p1a: Venusaur|Venusaur, M|100/100
|move|p2a: Gholdengo|Hex|p1a: Venusaur
|-damage|p1a: Venusaur|85/100
|
|-weather|SunnyDay|[upkeep]
|upkeep
|turn|27
|inactive|Nooderu has 90 seconds left.
|
|t:|1779857296
|move|p1a: Venusaur|Solar Beam||[still]
|-prepare|p1a: Venusaur|Solar Beam
|-anim|p1a: Venusaur|Solar Beam|p2a: Gholdengo
|-resisted|p2a: Gholdengo
|-damage|p2a: Gholdengo|0 fnt
|faint|p2a: Gholdengo
|-damage|p1a: Venusaur|75/100|[from] item: Life Orb
|
|-weather|SunnyDay|[upkeep]
|-sideend|p1: Nooderu|move: Light Screen
|upkeep
|
|t:|1779857304
|switch|p2a: Latios|Latios, M|100/100
|turn|28
|
|t:|1779857312
|move|p1a: Venusaur|Sludge Bomb|p2a: Latios
|-damage|p2a: Latios|38/100
|-damage|p1a: Venusaur|65/100|[from] item: Life Orb
|move|p2a: Latios|Luster Purge|p1a: Venusaur
|-supereffective|p1a: Venusaur
|-damage|p1a: Venusaur|0 fnt
|faint|p1a: Venusaur
|
|-weather|none
|upkeep
|
|t:|1779857323
|switch|p1a: Ninetales|Ninetales, M|67/100
|-weather|SunnyDay|[from] ability: Drought|[of] p1a: Ninetales
|turn|29
|
|t:|1779857334
|move|p2a: Latios|Luster Purge|p1a: Ninetales
|-damage|p1a: Ninetales|0 fnt
|faint|p1a: Ninetales
|
|-weather|SunnyDay|[upkeep]
|upkeep
|
|t:|1779857341
|switch|p1a: Lilligant|Lilligant-Hisui, F|44/100
|turn|30
|
|t:|1779857349
|move|p1a: Lilligant|Triple Axel|p2a: Latios
|-supereffective|p2a: Latios
|-damage|p2a: Latios|16/100
|-supereffective|p2a: Latios
|-damage|p2a: Latios|0 fnt
|faint|p2a: Latios
|-hitcount|p2: Latios|2
|-damage|p1a: Lilligant|35/100|[from] item: Life Orb
|
|-weather|SunnyDay|[upkeep]
|upkeep
|
|t:|1779857351
|switch|p2a: Iron Valiant|Iron Valiant|100/100
|turn|31
|inactive|Nooderu has 90 seconds left.
|inactive|Nooderu has 60 seconds left.
|
|t:|1779857401
|move|p1a: Lilligant|Poison Jab|p2a: Iron Valiant
|-supereffective|p2a: Iron Valiant
|-damage|p2a: Iron Valiant|11/100
|-damage|p1a: Lilligant|25/100|[from] item: Life Orb
|move|p2a: Iron Valiant|Moonblast|p1a: Lilligant
|-supereffective|p1a: Lilligant
|-damage|p1a: Lilligant|0 fnt
|faint|p1a: Lilligant
|
|-weather|SunnyDay|[upkeep]
|upkeep
|
|t:|1779857413
|switch|p1a: Walking Wake|Walking Wake|42/100 par
|-activate|p1a: Walking Wake|ability: Protosynthesis
|-start|p1a: Walking Wake|protosynthesisspe
|turn|32
|
|t:|1779857420
|cant|p1a: Walking Wake|par
|move|p2a: Iron Valiant|Moonblast|p1a: Walking Wake
|-supereffective|p1a: Walking Wake
|-damage|p1a: Walking Wake|0 fnt
|faint|p1a: Walking Wake
|-end|p1a: Walking Wake|Protosynthesis|[silent]
|
|win|hanamoi
|raw|Nooderu's rating: 1317 &rarr; <strong>1300</strong><br />(-17 for losing)
|raw|hanamoi's rating: 1377 &rarr; <strong>1394</strong><br />(+17 for winning)
|l|☆hanamoi
|player|p2|
|l|☆Nooderu
|player|p1|
