|j|☆CanSoup
|j|☆GELADO_567
|t:|1779811942
|gametype|singles
|player|p1|CanSoup|1|1314
|player|p2|GELADO_567|101|1232
|gen|9
|tier|[Gen 9] OU
|rated|
|rule|HP Percentage Mod: HP is shown in percentages
|rule|Endless Battle Clause: Forcing endless battles is banned
|rule|Species Clause: Limit one of each Pokémon
|rule|OHKO Clause: OHKO moves are banned
|rule|Evasion Items Clause: Evasion items are banned
|rule|Evasion Moves Clause: Evasion moves are banned
|rule|Evasion Abilities Clause: Evasion abilities are banned
|rule|Sleep Moves Clause: Sleep-inducing moves are banned
|clearpoke
|poke|p1|Arcanine, F|
|poke|p1|Iron Thorns|
|poke|p1|Comfey, M|
|poke|p1|Heracross, M|
|poke|p1|Ceruledge, F|
|poke|p1|Altaria, M|
|poke|p2|Kingambit, M|
|poke|p2|Kommo-o, M|
|poke|p2|Iron Valiant|
|poke|p2|Kyurem|
|poke|p2|Iron Treads|
|poke|p2|Iron Crown|
|teampreview
|
|t:|1779811960
|teamsize|p1|6
|teamsize|p2|6
|start
|switch|p1a: Altaria|Altaria, M, shiny|100/100
|switch|p2a: Iron Treads|Iron Treads|100/100
|-enditem|p2a: Iron Treads|Booster Energy
|-activate|p2a: Iron Treads|ability: Quark Drive|[fromitem]
|-start|p2a: Iron Treads|quarkdrivespe
|turn|1
|
|t:|1779811970
|move|p2a: Iron Treads|Stealth Rock|p1a: Altaria
|-sidestart|p1: CanSoup|move: Stealth Rock
|move|p1a: Altaria|Will-O-Wisp|p2a: Iron Treads
|-status|p2a: Iron Treads|brn
|
|-damage|p2a: Iron Treads|94/100 brn|[from] brn
|upkeep
|turn|2
|
|t:|1779811982
|-end|p2a: Iron Treads|Quark Drive|[silent]
|switch|p2a: Iron Crown|Iron Crown|100/100
|-enditem|p2a: Iron Crown|Booster Energy
|-activate|p2a: Iron Crown|ability: Quark Drive|[fromitem]
|-start|p2a: Iron Crown|quarkdrivespe
|move|p1a: Altaria|Defog|p2a: Iron Crown
|-unboost|p2a: Iron Crown|evasion|1
|-sideend|p1: CanSoup|Stealth Rock|[from] move: Defog|[of] p1a: Altaria
|
|upkeep
|turn|3
|
|t:|1779811993
|switch|p1a: Arcanine|Arcanine, F|100/100
|-ability|p1a: Arcanine|Intimidate|boost
|-unboost|p2a: Iron Crown|atk|1
|move|p2a: Iron Crown|Calm Mind|p2a: Iron Crown
|-boost|p2a: Iron Crown|spa|1
|-boost|p2a: Iron Crown|spd|1
|
|upkeep
|turn|4
|
|t:|1779812003
|-terastallize|p2a: Iron Crown|Fighting
|move|p2a: Iron Crown|Calm Mind|p2a: Iron Crown
|-boost|p2a: Iron Crown|spa|1
|-boost|p2a: Iron Crown|spd|1
|move|p1a: Arcanine|Flare Blitz|p2a: Iron Crown
|-damage|p2a: Iron Crown|41/100
|-damage|p1a: Arcanine|83/100|[from] Recoil
|
|-heal|p1a: Arcanine|89/100|[from] item: Leftovers
|upkeep
|turn|5
|
|t:|1779812016
|move|p2a: Iron Crown|Psychic Noise|p1a: Arcanine
|-damage|p1a: Arcanine|12/100
|-start|p1a: Arcanine|move: Heal Block
|move|p1a: Arcanine|Flare Blitz|p2a: Iron Crown
|-damage|p2a: Iron Crown|0 fnt
|faint|p2a: Iron Crown
|-end|p2a: Iron Crown|Quark Drive|[silent]
|-damage|p1a: Arcanine|0 fnt|[from] Recoil
|faint|p1a: Arcanine
|
|upkeep
|
|t:|1779812032
|switch|p2a: Kommo-o|Kommo-o, M|100/100
|switch|p1a: Heracross|Heracross, M, shiny|100/100
|turn|6
|
|t:|1779812061
|move|p1a: Heracross|Trailblaze|p2a: Kommo-o
|-resisted|p2a: Kommo-o
|-damage|p2a: Kommo-o|93/100
|-boost|p1a: Heracross|spe|1
|move|p2a: Kommo-o|Clangorous Soul|p2a: Kommo-o
|-boost|p2a: Kommo-o|atk|1
|-boost|p2a: Kommo-o|def|1
|-boost|p2a: Kommo-o|spa|1
|-boost|p2a: Kommo-o|spd|1
|-boost|p2a: Kommo-o|spe|1
|-damage|p2a: Kommo-o|60/100
|
|-heal|p2a: Kommo-o|67/100|[from] item: Leftovers
|-status|p1a: Heracross|brn|[from] item: Flame Orb
|upkeep
|turn|7
|
|t:|1779812077
|-terastallize|p1a: Heracross|Normal
|move|p1a: Heracross|Facade|p2a: Kommo-o
|-damage|p2a: Kommo-o|13/100
|move|p2a: Kommo-o|Shadow Claw|p1a: Heracross
|-immune|p1a: Heracross
|
|-heal|p2a: Kommo-o|19/100|[from] item: Leftovers
|-damage|p1a: Heracross|95/100 brn|[from] brn
|upkeep
|turn|8
|
|t:|1779812090
|move|p1a: Heracross|Facade|p2a: Kommo-o
|-damage|p2a: Kommo-o|0 fnt
|faint|p2a: Kommo-o
|
|-damage|p1a: Heracross|89/100 brn|[from] brn
|upkeep
|
|t:|1779812101
|switch|p2a: Iron Valiant|Iron Valiant|100/100
|-enditem|p2a: Iron Valiant|Booster Energy
|-activate|p2a: Iron Valiant|ability: Quark Drive|[fromitem]
|-start|p2a: Iron Valiant|quarkdrivespe
|turn|9
|
|t:|1779812116
|move|p2a: Iron Valiant|Focus Blast|p1a: Heracross
|-supereffective|p1a: Heracross
|-damage|p1a: Heracross|0 fnt
|faint|p1a: Heracross
|
|upkeep
|
|t:|1779812122
|switch|p1a: Ceruledge|Ceruledge, F, shiny|100/100
|turn|10
|
|t:|1779812126
|move|p2a: Iron Valiant|Shadow Ball|p1a: Ceruledge
|-supereffective|p1a: Ceruledge
|-damage|p1a: Ceruledge|36/100
|-unboost|p1a: Ceruledge|spd|1
|move|p1a: Ceruledge|Bitter Blade|p2a: Iron Valiant
|-damage|p2a: Iron Valiant|36/100
|-heal|p1a: Ceruledge|68/100|[from] drain|[of] p2a: Iron Valiant
|
|upkeep
|turn|11
|
|t:|1779812140
|move|p2a: Iron Valiant|Shadow Ball|p1a: Ceruledge
|-supereffective|p1a: Ceruledge
|-damage|p1a: Ceruledge|0 fnt
|faint|p1a: Ceruledge
|
|upkeep
|
|t:|1779812147
|switch|p1a: Iron Thorns|Iron Thorns, shiny|100/100
|turn|12
|
|t:|1779812157
|move|p2a: Iron Valiant|Focus Blast|p1a: Iron Thorns
|-supereffective|p1a: Iron Thorns
|-damage|p1a: Iron Thorns|0 fnt
|faint|p1a: Iron Thorns
|-end|p1a: Iron Thorns|Quark Drive|[silent]
|
|upkeep
|
|t:|1779812166
|switch|p1a: Comfey|Comfey, M, shiny|100/100
|turn|13
|
|t:|1779812172
|move|p1a: Comfey|Draining Kiss|p2a: Iron Valiant
|-supereffective|p2a: Iron Valiant
|-damage|p2a: Iron Valiant|0 fnt
|faint|p2a: Iron Valiant
|-end|p2a: Iron Valiant|Quark Drive|[silent]
|
|upkeep
|
|t:|1779812184
|switch|p2a: Iron Treads|Iron Treads|94/100 brn
|turn|14
|
|t:|1779812189
|move|p2a: Iron Treads|Endeavor|p1a: Comfey
|-immune|p1a: Comfey
|move|p1a: Comfey|Leech Seed|p2a: Iron Treads
|-start|p2a: Iron Treads|move: Leech Seed
|
|-damage|p2a: Iron Treads|82/100 brn|[from] Leech Seed|[of] p1a: Comfey
|-damage|p2a: Iron Treads|76/100 brn|[from] brn
|upkeep
|turn|15
|
|t:|1779812199
|move|p2a: Iron Treads|Stealth Rock|p1a: Comfey
|-sidestart|p1: CanSoup|move: Stealth Rock
|move|p1a: Comfey|Calm Mind|p1a: Comfey
|-boost|p1a: Comfey|spa|1
|-boost|p1a: Comfey|spd|1
|
|-damage|p2a: Iron Treads|64/100 brn|[from] Leech Seed|[of] p1a: Comfey
|-damage|p2a: Iron Treads|58/100 brn|[from] brn
|upkeep
|turn|16
|
|t:|1779812209
|move|p2a: Iron Treads|Endeavor|p1a: Comfey
|-damage|p1a: Comfey|72/100
|move|p1a: Comfey|Calm Mind|p1a: Comfey
|-boost|p1a: Comfey|spa|1
|-boost|p1a: Comfey|spd|1
|
|-heal|p1a: Comfey|78/100|[from] item: Leftovers
|-damage|p2a: Iron Treads|45/100 brn|[from] Leech Seed|[of] p1a: Comfey
|-heal|p1a: Comfey|93/100|[silent]
|-damage|p2a: Iron Treads|39/100 brn|[from] brn
|upkeep
|turn|17
|
|t:|1779812222
|move|p2a: Iron Treads|Rapid Spin|p1a: Comfey
|-damage|p1a: Comfey|85/100
|-boost|p2a: Iron Treads|spe|1
|-end|p2a: Iron Treads|Leech Seed|[from] move: Rapid Spin|[of] p2a: Iron Treads
|move|p1a: Comfey|Calm Mind|p1a: Comfey
|-boost|p1a: Comfey|spa|1
|-boost|p1a: Comfey|spd|1
|
|-heal|p1a: Comfey|91/100|[from] item: Leftovers
|-damage|p2a: Iron Treads|33/100 brn|[from] brn
|upkeep
|turn|18
|
|t:|1779812236
|move|p1a: Comfey|Draining Kiss|p2a: Iron Treads
|-resisted|p2a: Iron Treads
|-damage|p2a: Iron Treads|2/100 brn
|-heal|p1a: Comfey|100/100|[from] drain|[of] p2a: Iron Treads
|move|p2a: Iron Treads|Earthquake|p1a: Comfey
|-damage|p1a: Comfey|77/100
|
|-heal|p1a: Comfey|83/100|[from] item: Leftovers
|-damage|p2a: Iron Treads|0 fnt|[from] brn
|faint|p2a: Iron Treads
|-end|p2a: Iron Treads|Quark Drive|[silent]
|upkeep
|
|t:|1779812251
|switch|p2a: Kingambit|Kingambit, M|100/100
|-activate|p2a: Kingambit|ability: Supreme Overlord
|-start|p2a: Kingambit|fallen4|[silent]
|turn|19
|
|t:|1779812259
|move|p1a: Comfey|Draining Kiss|p2a: Kingambit
|-damage|p2a: Kingambit|39/100
|-heal|p1a: Comfey|100/100|[from] drain|[of] p2a: Kingambit
|move|p2a: Kingambit|Iron Head|p1a: Comfey
|-supereffective|p1a: Comfey
|-damage|p1a: Comfey|0 fnt
|faint|p1a: Comfey
|
|-heal|p2a: Kingambit|45/100|[from] item: Leftovers
|upkeep
|
|t:|1779812264
|switch|p1a: Altaria|Altaria, M, shiny|100/100
|turn|20
|
|t:|1779812273
|move|p2a: Kingambit|Sucker Punch||[still]
|-fail|p2a: Kingambit
|move|p1a: Altaria|Will-O-Wisp|p2a: Kingambit
|-status|p2a: Kingambit|brn
|
|-heal|p2a: Kingambit|51/100 brn|[from] item: Leftovers
|-damage|p2a: Kingambit|45/100 brn|[from] brn
|upkeep
|turn|21
|
|t:|1779812283
|move|p1a: Altaria|Brave Bird|p2a: Kingambit
|-resisted|p2a: Kingambit
|-damage|p2a: Kingambit|32/100 brn
|-damage|p1a: Altaria|96/100|[from] Recoil
|move|p2a: Kingambit|Iron Head|p1a: Altaria
|-damage|p1a: Altaria|69/100
|
|-heal|p2a: Kingambit|38/100 brn|[from] item: Leftovers
|-damage|p2a: Kingambit|32/100 brn|[from] brn
|upkeep
|turn|22
|
|t:|1779812294
|move|p1a: Altaria|Roost|p1a: Altaria
|-heal|p1a: Altaria|100/100
|-singleturn|p1a: Altaria|move: Roost
|move|p2a: Kingambit|Iron Head|p1a: Altaria
|-damage|p1a: Altaria|77/100
|
|-heal|p2a: Kingambit|38/100 brn|[from] item: Leftovers
|-damage|p2a: Kingambit|32/100 brn|[from] brn
|upkeep
|turn|23
|
|t:|1779812306
|move|p1a: Altaria|Brave Bird|p2a: Kingambit
|-resisted|p2a: Kingambit
|-damage|p2a: Kingambit|19/100 brn
|-damage|p1a: Altaria|73/100|[from] Recoil
|move|p2a: Kingambit|Iron Head|p1a: Altaria
|-damage|p1a: Altaria|50/100
|
|-heal|p2a: Kingambit|25/100 brn|[from] item: Leftovers
|-damage|p2a: Kingambit|19/100 brn|[from] brn
|upkeep
|turn|24
|
|t:|1779812317
|move|p1a: Altaria|Brave Bird|p2a: Kingambit
|-resisted|p2a: Kingambit
|-damage|p2a: Kingambit|6/100 brn
|-damage|p1a: Altaria|46/100|[from] Recoil
|move|p2a: Kingambit|Iron Head|p1a: Altaria
|-damage|p1a: Altaria|21/100
|
|-heal|p2a: Kingambit|12/100 brn|[from] item: Leftovers
|-damage|p2a: Kingambit|6/100 brn|[from] brn
|upkeep
|turn|25
|
|t:|1779812328
|move|p1a: Altaria|Roost|p1a: Altaria
|-heal|p1a: Altaria|71/100
|-singleturn|p1a: Altaria|move: Roost
|move|p2a: Kingambit|Iron Head|p1a: Altaria
|-damage|p1a: Altaria|45/100
|
|-heal|p2a: Kingambit|12/100 brn|[from] item: Leftovers
|-damage|p2a: Kingambit|6/100 brn|[from] brn
|upkeep
|turn|26
|
|t:|1779812339
|move|p1a: Altaria|Roost|p1a: Altaria
|-heal|p1a: Altaria|95/100
|-singleturn|p1a: Altaria|move: Roost
|move|p2a: Kingambit|Iron Head|p1a: Altaria
|-damage|p1a: Altaria|69/100
|
|-heal|p2a: Kingambit|12/100 brn|[from] item: Leftovers
|-damage|p2a: Kingambit|6/100 brn|[from] brn
|upkeep
|turn|27
|
|t:|1779812350
|move|p1a: Altaria|Brave Bird|p2a: Kingambit
|-resisted|p2a: Kingambit
|-damage|p2a: Kingambit|0 fnt
|faint|p2a: Kingambit
|-end|p2a: Kingambit|fallen4|[silent]
|-damage|p1a: Altaria|67/100|[from] Recoil
|
|upkeep
|
|t:|1779812358
|switch|p2a: Kyurem|Kyurem|100/100
|-ability|p2a: Kyurem|Pressure
|turn|28
|
|t:|1779812375
|move|p2a: Kyurem|Icicle Spear|p1a: Altaria
|-supereffective|p1a: Altaria
|-damage|p1a: Altaria|26/100
|-supereffective|p1a: Altaria
|-damage|p1a: Altaria|0 fnt
|faint|p1a: Altaria
|-hitcount|p1: Altaria|2
|
|win|GELADO_567
|raw|CanSoup's rating: 1314 &rarr; <strong>1289</strong><br />(-25 for losing)
|raw|GELADO_567's rating: 1232 &rarr; <strong>1263</strong><br />(+31 for winning)
|l|☆CanSoup
|player|p1|
|l|☆GELADO_567
|player|p2|
