|j|☆jack3777
|j|☆SparkyBoomBoomBoiY
|t:|1779850125
|gametype|singles
|player|p1|jack3777|beauty-gen4dp|1112
|player|p2|SparkyBoomBoomBoiY|marlon|1103
|gen|9
|tier|[Gen 9] OU
|rated|
|rule|HP Percentage Mod: HP is shown in percentages
|rule|Endless Battle Clause: Forcing endless battles is banned
|rule|Species Clause: Limit one of each Pokémon
|rule|OHKO Clause: OHKO moves are banned
|rule|Evasion Items Clause: Evasion items are banned
|rule|Evasion Moves Clause: Evasion moves are banned
|rule|Evasion Abilities Clause: Evasion abilities are banned
|rule|Sleep Moves Clause: Sleep-inducing moves are banned
|clearpoke
|poke|p1|Diancie|
|poke|p1|Tinkaton, F|
|poke|p1|Alomomola, F|
|poke|p1|Lilligant-Hisui, F|
|poke|p1|Delphox, F|
|poke|p1|Sylveon, F|
|poke|p2|Araquanid, F|
|poke|p2|Ursaluna, F|
|poke|p2|Persian-Alola, F|
|poke|p2|Gholdengo|
|poke|p2|Clefable, M|
|poke|p2|Latias, F|
|teampreview
|
|t:|1779850135
|teamsize|p1|6
|teamsize|p2|6
|start
|switch|p1a: Diancie|Diancie|100/100
|switch|p2a: Melon-Head|Persian-Alola, F, shiny|100/100
|turn|1
|
|t:|1779850141
|move|p2a: Melon-Head|Taunt|p1a: Diancie
|-start|p1a: Diancie|move: Taunt
|move|p1a: Diancie|Body Press|p2a: Melon-Head
|-supereffective|p2a: Melon-Head
|-damage|p2a: Melon-Head|54/100
|-damage|p1a: Diancie|84/100|[from] item: Rocky Helmet|[of] p2a: Melon-Head
|
|upkeep
|turn|2
|
|t:|1779850156
|switch|p2a: One-Trick|Gholdengo|100/100
|move|p1a: Diancie|Body Press|p2a: One-Trick
|-immune|p2a: One-Trick
|
|upkeep
|turn|3
|
|t:|1779850167
|switch|p1a: Delphox|Delphox, F|100/100
|move|p2a: One-Trick|Make It Rain|p1a: Delphox
|-resisted|p1a: Delphox
|-damage|p1a: Delphox|62/100
|-unboost|p2a: One-Trick|spa|1
|
|upkeep
|turn|4
|
|t:|1779850176
|move|p1a: Delphox|Flamethrower|p2a: One-Trick
|-supereffective|p2a: One-Trick
|-damage|p2a: One-Trick|3/100
|move|p2a: One-Trick|Trick|p1a: Delphox
|-activate|p2a: One-Trick|move: Trick|[of] p1a: Delphox
|-item|p1a: Delphox|Toxic Orb|[from] move: Trick
|-item|p2a: One-Trick|Heavy-Duty Boots|[from] move: Trick
|
|-status|p1a: Delphox|tox|[from] item: Toxic Orb
|upkeep
|turn|5
|
|t:|1779850188
|move|p2a: One-Trick|Protect|p2a: One-Trick
|-singleturn|p2a: One-Trick|Protect
|move|p1a: Delphox|Flamethrower|p2a: One-Trick
|-activate|p2a: One-Trick|move: Protect
|
|-damage|p1a: Delphox|56/100 tox|[from] psn
|upkeep
|turn|6
|
|t:|1779850207
|switch|p2a: BugsAlot|Araquanid, F|100/100
|move|p1a: Delphox|Flamethrower|p2a: BugsAlot
|-damage|p2a: BugsAlot|83/100
|
|-damage|p1a: Delphox|44/100 tox|[from] psn
|upkeep
|turn|7
|
|t:|1779850223
|switch|p1a: Lilligant|Lilligant-Hisui, F|100/100
|move|p2a: BugsAlot|Sticky Web|p1a: Lilligant
|-sidestart|p1: jack3777|move: Sticky Web
|
|upkeep
|turn|8
|
|t:|1779850253
|switch|p2a: One-Trick|Gholdengo|3/100
|move|p1a: Lilligant|Swords Dance|p1a: Lilligant
|-boost|p1a: Lilligant|atk|2
|
|upkeep
|turn|9
|
|t:|1779850263
|move|p1a: Lilligant|Leaf Blade|p2a: One-Trick|[miss]
|-miss|p1a: Lilligant|p2a: One-Trick
|move|p2a: One-Trick|Make It Rain|p1a: Lilligant
|-damage|p1a: Lilligant|4/100
|-unboost|p2a: One-Trick|spa|1
|
|upkeep
|turn|10
|
|t:|1779850278
|move|p1a: Lilligant|Leaf Blade|p2a: One-Trick
|-resisted|p2a: One-Trick
|-damage|p2a: One-Trick|0 fnt
|faint|p2a: One-Trick
|-damage|p1a: Lilligant|0 fnt|[from] item: Life Orb
|faint|p1a: Lilligant
|
|upkeep
|
|t:|1779850290
|switch|p1a: Tinkaton|Tinkaton, F|100/100
|switch|p2a: BugsAlot|Araquanid, F|83/100
|-activate|p1a: Tinkaton|move: Sticky Web
|-unboost|p1a: Tinkaton|spe|1
|-ability|p1a: Tinkaton|Mold Breaker
|turn|11
|
|t:|1779850302
|move|p1a: Tinkaton|Knock Off|p2a: BugsAlot
|-damage|p2a: BugsAlot|52/100
|-enditem|p2a: BugsAlot|Mystic Water|[from] move: Knock Off|[of] p1a: Tinkaton
|move|p2a: BugsAlot|Rain Dance|p2a: BugsAlot
|-weather|RainDance
|
|-weather|RainDance|[upkeep]
|upkeep
|turn|12
|
|t:|1779850310
|move|p1a: Tinkaton|Play Rough|p2a: BugsAlot|[miss]
|-miss|p1a: Tinkaton|p2a: BugsAlot
|move|p2a: BugsAlot|Liquidation|p1a: Tinkaton
|-damage|p1a: Tinkaton|0 fnt
|faint|p1a: Tinkaton
|
|-weather|RainDance|[upkeep]
|upkeep
|
|t:|1779850322
|switch|p1a: Sylveon|Sylveon, F|100/100
|-activate|p1a: Sylveon|move: Sticky Web
|-unboost|p1a: Sylveon|spe|1
|turn|13
|
|t:|1779850329
|move|p2a: BugsAlot|Liquidation|p1a: Sylveon
|-damage|p1a: Sylveon|0 fnt
|faint|p1a: Sylveon
|
|-weather|RainDance|[upkeep]
|upkeep
|
|t:|1779850334
|switch|p1a: Alomomola|Alomomola, F|100/100
|-activate|p1a: Alomomola|move: Sticky Web
|-unboost|p1a: Alomomola|spe|1
|turn|14
|
|t:|1779850342
|-terastallize|p2a: BugsAlot|Water
|move|p1a: Alomomola|Wish|p1a: Alomomola
|move|p2a: BugsAlot|Liquidation|p1a: Alomomola
|-resisted|p1a: Alomomola
|-damage|p1a: Alomomola|64/100
|-unboost|p1a: Alomomola|def|1
|
|-weather|RainDance|[upkeep]
|-heal|p1a: Alomomola|70/100|[from] item: Leftovers
|upkeep
|turn|15
|
|t:|1779850354
|move|p1a: Alomomola|Flip Turn|p2a: BugsAlot
|-resisted|p2a: BugsAlot
|-damage|p2a: BugsAlot|37/100
|
|t:|1779850357
|switch|p1a: Delphox|Delphox, F|44/100 tox|[from] Flip Turn
|-activate|p1a: Delphox|move: Sticky Web
|-unboost|p1a: Delphox|spe|1
|move|p2a: BugsAlot|Liquidation|p1a: Delphox
|-supereffective|p1a: Delphox
|-damage|p1a: Delphox|0 fnt
|faint|p1a: Delphox
|
|-weather|none
|upkeep
|
|t:|1779850368
|switch|p1a: Alomomola|Alomomola, F|100/100
|-activate|p1a: Alomomola|move: Sticky Web
|-unboost|p1a: Alomomola|spe|1
|turn|16
|
|t:|1779850379
|move|p1a: Alomomola|Scald|p2a: BugsAlot
|-resisted|p2a: BugsAlot
|-damage|p2a: BugsAlot|31/100
|move|p2a: BugsAlot|Rain Dance|p2a: BugsAlot
|-weather|RainDance
|
|-weather|RainDance|[upkeep]
|upkeep
|turn|17
|
|t:|1779850387
|move|p1a: Alomomola|Scald|p2a: BugsAlot
|-resisted|p2a: BugsAlot
|-damage|p2a: BugsAlot|22/100
|move|p2a: BugsAlot|Liquidation|p1a: Alomomola
|-resisted|p1a: Alomomola
|-damage|p1a: Alomomola|68/100
|
|-weather|RainDance|[upkeep]
|-heal|p1a: Alomomola|75/100|[from] item: Leftovers
|upkeep
|turn|18
|
|t:|1779850396
|move|p1a: Alomomola|Scald|p2a: BugsAlot
|-resisted|p2a: BugsAlot
|-crit|p2a: BugsAlot
|-damage|p2a: BugsAlot|11/100
|move|p2a: BugsAlot|Liquidation|p1a: Alomomola
|-resisted|p1a: Alomomola
|-damage|p1a: Alomomola|38/100
|
|-weather|RainDance|[upkeep]
|-heal|p1a: Alomomola|44/100|[from] item: Leftovers
|upkeep
|turn|19
|
|t:|1779850406
|move|p1a: Alomomola|Wish|p1a: Alomomola
|move|p2a: BugsAlot|Liquidation|p1a: Alomomola
|-resisted|p1a: Alomomola
|-damage|p1a: Alomomola|12/100
|-unboost|p1a: Alomomola|def|1
|
|-weather|RainDance|[upkeep]
|-heal|p1a: Alomomola|18/100|[from] item: Leftovers
|upkeep
|turn|20
|
|t:|1779850415
|move|p1a: Alomomola|Protect|p1a: Alomomola
|-singleturn|p1a: Alomomola|Protect
|move|p2a: BugsAlot|Liquidation|p1a: Alomomola
|-activate|p1a: Alomomola|move: Protect
|
|-weather|none
|-heal|p1a: Alomomola|68/100|[from] move: Wish|[wisher] Alomomola
|-heal|p1a: Alomomola|74/100|[from] item: Leftovers
|upkeep
|turn|21
|
|t:|1779850428
|move|p1a: Alomomola|Scald|p2a: BugsAlot
|-resisted|p2a: BugsAlot
|-damage|p2a: BugsAlot|5/100
|move|p2a: BugsAlot|Liquidation|p1a: Alomomola
|-resisted|p1a: Alomomola
|-damage|p1a: Alomomola|40/100
|
|-heal|p1a: Alomomola|46/100|[from] item: Leftovers
|upkeep
|turn|22
|
|t:|1779850438
|move|p1a: Alomomola|Scald|p2a: BugsAlot
|-resisted|p2a: BugsAlot
|-damage|p2a: BugsAlot|0 fnt
|faint|p2a: BugsAlot
|
|-heal|p1a: Alomomola|52/100|[from] item: Leftovers
|upkeep
|
|t:|1779850478
|switch|p2a: Latinas!|Latias, F|100/100
|turn|23
|
|t:|1779850484
|move|p2a: Latinas!|Calm Mind|p2a: Latinas!
|-boost|p2a: Latinas!|spa|1
|-boost|p2a: Latinas!|spd|1
|move|p1a: Alomomola|Scald|p2a: Latinas!
|-resisted|p2a: Latinas!
|-damage|p2a: Latinas!|96/100
|-status|p2a: Latinas!|brn
|
|-heal|p1a: Alomomola|59/100|[from] item: Leftovers
|-damage|p2a: Latinas!|90/100 brn|[from] brn
|upkeep
|turn|24
|
|t:|1779850495
|move|p2a: Latinas!|Calm Mind|p2a: Latinas!
|-boost|p2a: Latinas!|spa|1
|-boost|p2a: Latinas!|spd|1
|move|p1a: Alomomola|Wish|p1a: Alomomola
|
|-heal|p1a: Alomomola|65/100|[from] item: Leftovers
|-damage|p2a: Latinas!|84/100 brn|[from] brn
|upkeep
|turn|25
|
|t:|1779850504
|move|p1a: Alomomola|Protect|p1a: Alomomola
|-singleturn|p1a: Alomomola|Protect
|move|p2a: Latinas!|Calm Mind|p2a: Latinas!
|-boost|p2a: Latinas!|spa|1
|-boost|p2a: Latinas!|spd|1
|
|-heal|p1a: Alomomola|100/100|[from] move: Wish|[wisher] Alomomola
|-damage|p2a: Latinas!|78/100 brn|[from] brn
|upkeep
|turn|26
|
|t:|1779850514
|move|p2a: Latinas!|Calm Mind|p2a: Latinas!
|-boost|p2a: Latinas!|spa|1
|-boost|p2a: Latinas!|spd|1
|move|p1a: Alomomola|Flip Turn|p2a: Latinas!
|-resisted|p2a: Latinas!
|-damage|p2a: Latinas!|69/100 brn
|
|t:|1779850520
|switch|p1a: Diancie|Diancie|84/100|[from] Flip Turn
|-activate|p1a: Diancie|move: Sticky Web
|-fail|p1a: Diancie|unboost|[from] ability: Clear Body|[of] p1a: Diancie
|
|-damage|p2a: Latinas!|63/100 brn|[from] brn
|upkeep
|turn|27
|
|t:|1779850531
|move|p2a: Latinas!|Mist Ball|p1a: Diancie
|-damage|p1a: Diancie|0 fnt
|faint|p1a: Diancie
|
|-damage|p2a: Latinas!|57/100 brn|[from] brn
|upkeep
|
|t:|1779850537
|switch|p1a: Alomomola|Alomomola, F|100/100
|-activate|p1a: Alomomola|move: Sticky Web
|-unboost|p1a: Alomomola|spe|1
|turn|28
|
|t:|1779850541
|move|p2a: Latinas!|Calm Mind|p2a: Latinas!
|-boost|p2a: Latinas!|spa|1
|-boost|p2a: Latinas!|spd|1
|move|p1a: Alomomola|Scald|p2a: Latinas!
|-resisted|p2a: Latinas!
|-damage|p2a: Latinas!|55/100 brn
|
|-damage|p2a: Latinas!|49/100 brn|[from] brn
|upkeep
|turn|29
|
|t:|1779850550
|move|p2a: Latinas!|Calm Mind|p2a: Latinas!
|-boost|p2a: Latinas!|spa|1
|-boost|p2a: Latinas!|spd|1
|move|p1a: Alomomola|Wish|p1a: Alomomola
|
|-damage|p2a: Latinas!|43/100 brn|[from] brn
|upkeep
|turn|30
|
|t:|1779850558
|move|p2a: Latinas!|Tailwind|p2a: Latinas!
|-sidestart|p2: SparkyBoomBoomBoiY|move: Tailwind
|move|p1a: Alomomola|Flip Turn|p2a: Latinas!
|-resisted|p2a: Latinas!
|-damage|p2a: Latinas!|34/100 brn
|
|-damage|p2a: Latinas!|28/100 brn|[from] brn
|upkeep
|turn|31
|
|t:|1779850567
|move|p2a: Latinas!|Draco Meteor|p1a: Alomomola
|-damage|p1a: Alomomola|0 fnt
|-unboost|p2a: Latinas!|spa|2
|faint|p1a: Alomomola
|
|win|SparkyBoomBoomBoiY
|raw|jack3777's rating: 1112 &rarr; <strong>1086</strong><br />(-26 for losing)
|raw|SparkyBoomBoomBoiY's rating: 1103 &rarr; <strong>1129</strong><br />(+26 for winning)
|l|☆jack3777
|player|p1|
|c|☆SparkyBoomBoomBoiY|Gg
