|j|☆ggteej
|j|☆MrRodeo
|t:|1779904644
|gametype|singles
|player|p1|ggteej|266|1080
|player|p2|MrRodeo|lance|1029
|gen|9
|tier|[Gen 9] OU
|rated|
|rule|HP Percentage Mod: HP is shown in percentages
|rule|Endless Battle Clause: Forcing endless battles is banned
|rule|Species Clause: Limit one of each Pokémon
|rule|OHKO Clause: OHKO moves are banned
|rule|Evasion Items Clause: Evasion items are banned
|rule|Evasion Moves Clause: Evasion moves are banned
|rule|Evasion Abilities Clause: Evasion abilities are banned
|rule|Sleep Moves Clause: Sleep-inducing moves are banned
|clearpoke
|poke|p1|Blaziken, M|
|poke|p1|Iron Boulder|
|poke|p1|Dragonite, M|
|poke|p1|Kingambit, F|
|poke|p1|Weavile, M|
|poke|p1|Dragapult, M|
|poke|p2|Hawlucha, M|
|poke|p2|Rillaboom, F|
|poke|p2|Gliscor, F|
|poke|p2|Volcanion|
|poke|p2|Gholdengo|
|poke|p2|Grimmsnarl, M|
|teampreview
|
|t:|1779904657
|teamsize|p1|6
|teamsize|p2|6
|start
|switch|p1a: Dragapult|Dragapult, M|100/100
|switch|p2a: dnd rogue|Grimmsnarl, M|100/100
|turn|1
|
|t:|1779904680
|switch|p1a: Weavile|Weavile, M|100/100
|-ability|p1a: Weavile|Pressure
|move|p2a: dnd rogue|Sucker Punch||[still]
|-fail|p2a: dnd rogue
|
|upkeep
|turn|2
|
|t:|1779904696
|move|p1a: Weavile|Poison Jab|p2a: dnd rogue
|-supereffective|p2a: dnd rogue
|-damage|p2a: dnd rogue|31/100
|move|p2a: dnd rogue|Play Rough|p1a: Weavile
|-supereffective|p1a: Weavile
|-damage|p1a: Weavile|0 fnt
|faint|p1a: Weavile
|
|-heal|p2a: dnd rogue|37/100|[from] item: Leftovers
|upkeep
|c|☆ggteej|strong ass
|
|t:|1779904724
|switch|p1a: Iron Boulder|Iron Boulder|100/100
|-enditem|p1a: Iron Boulder|Booster Energy
|-activate|p1a: Iron Boulder|ability: Quark Drive|[fromitem]
|-start|p1a: Iron Boulder|quarkdrivespe
|turn|3
|
|t:|1779904747
|move|p2a: dnd rogue|Parting Shot|p1a: Iron Boulder
|-unboost|p1a: Iron Boulder|atk|1
|-unboost|p1a: Iron Boulder|spa|1
|
|t:|1779904750
|switch|p2a: Moneyyyyy|Gholdengo|100/100|[from] Parting Shot
|-item|p2a: Moneyyyyy|Air Balloon
|move|p1a: Iron Boulder|Earthquake|p2a: Moneyyyyy
|-immune|p2a: Moneyyyyy
|
|upkeep
|turn|4
|
|t:|1779904772
|-end|p1a: Iron Boulder|Quark Drive|[silent]
|switch|p1a: Kingambit|Kingambit, F|100/100
|move|p2a: Moneyyyyy|Make It Rain|p1a: Kingambit
|-resisted|p1a: Kingambit
|-damage|p1a: Kingambit|64/100
|-unboost|p2a: Moneyyyyy|spa|1
|
|upkeep
|turn|5
|
|t:|1779904805
|switch|p2a: WHY|Volcanion|100/100
|move|p1a: Kingambit|Sucker Punch||[still]
|-fail|p1a: Kingambit
|
|upkeep
|turn|6
|
|t:|1779904817
|move|p2a: WHY|Flamethrower|p1a: Kingambit
|-supereffective|p1a: Kingambit
|-damage|p1a: Kingambit|0 fnt
|faint|p1a: Kingambit
|
|upkeep
|
|t:|1779904829
|switch|p1a: Iron Boulder|Iron Boulder|100/100
|turn|7
|inactive|Battle timer is ON: inactive players will automatically lose when time's up. (requested by ggteej)
|
|t:|1779904856
|switch|p2a: Moneyyyyy|Gholdengo|100/100
|-item|p2a: Moneyyyyy|Air Balloon
|move|p1a: Iron Boulder|Mighty Cleave|p2a: Moneyyyyy
|-resisted|p2a: Moneyyyyy
|-damage|p2a: Moneyyyyy|74/100
|-enditem|p2a: Moneyyyyy|Air Balloon
|
|upkeep
|turn|8
|
|t:|1779904876
|move|p1a: Iron Boulder|Earthquake|p2a: Moneyyyyy
|-supereffective|p2a: Moneyyyyy
|-damage|p2a: Moneyyyyy|5/100
|move|p2a: Moneyyyyy|Nasty Plot|p2a: Moneyyyyy
|-boost|p2a: Moneyyyyy|spa|2
|
|upkeep
|turn|9
|
|t:|1779904884
|move|p1a: Iron Boulder|Earthquake|p2a: Moneyyyyy
|-supereffective|p2a: Moneyyyyy
|-damage|p2a: Moneyyyyy|0 fnt
|faint|p2a: Moneyyyyy
|
|upkeep
|
|t:|1779904900
|switch|p2a: dnd rogue|Grimmsnarl, M|37/100
|turn|10
|
|t:|1779904909
|move|p2a: dnd rogue|Sucker Punch||[still]
|-fail|p2a: dnd rogue
|move|p1a: Iron Boulder|Swords Dance|p1a: Iron Boulder
|-boost|p1a: Iron Boulder|atk|2
|
|-heal|p2a: dnd rogue|43/100|[from] item: Leftovers
|upkeep
|turn|11
|
|t:|1779904919
|move|p2a: dnd rogue|Sucker Punch|p1a: Iron Boulder
|-supereffective|p1a: Iron Boulder
|-damage|p1a: Iron Boulder|26/100
|move|p1a: Iron Boulder|Close Combat|p2a: dnd rogue
|-damage|p2a: dnd rogue|0 fnt
|-unboost|p1a: Iron Boulder|def|1
|-unboost|p1a: Iron Boulder|spd|1
|faint|p2a: dnd rogue
|
|upkeep
|
|t:|1779904929
|switch|p2a: Clyde|Rillaboom, F|100/100
|-fieldstart|move: Grassy Terrain|[from] ability: Grassy Surge|[of] p2a: Clyde
|turn|12
|
|t:|1779904939
|-end|p1a: Iron Boulder|Quark Drive|[silent]
|switch|p1a: Blaziken|Blaziken, M, shiny|100/100
|move|p2a: Clyde|Grassy Glide|p1a: Blaziken
|-resisted|p1a: Blaziken
|-damage|p1a: Blaziken|57/100
|
|-heal|p1a: Blaziken|63/100|[from] Grassy Terrain
|upkeep
|turn|13
|
|t:|1779904952
|switch|p2a: WHY|Volcanion|100/100
|move|p1a: Blaziken|Swords Dance|p1a: Blaziken
|-boost|p1a: Blaziken|atk|2
|
|-heal|p1a: Blaziken|69/100|[from] Grassy Terrain
|upkeep
|turn|14
|
|t:|1779904964
|switch|p1a: Dragapult|Dragapult, M|100/100
|move|p2a: WHY|Earth Power|p1a: Dragapult
|-damage|p1a: Dragapult|32/100
|
|-heal|p1a: Dragapult|38/100|[from] Grassy Terrain
|upkeep
|turn|15
|
|t:|1779904989
|move|p1a: Dragapult|Disable|p2a: WHY
|-start|p2a: WHY|Disable|Earth Power
|cant|p2a: WHY|Disable|Earth Power
|
|-heal|p1a: Dragapult|44/100|[from] Grassy Terrain
|upkeep
|turn|16
|inactive|MrRodeo has 120 seconds left.
|
|t:|1779905005
|switch|p1a: Dragonite|Dragonite, M|100/100
|switch|p2a: Clyde|Rillaboom, F|100/100
|
|-fieldend|move: Grassy Terrain
|upkeep
|turn|17
|inactive|MrRodeo has 120 seconds left.
|
|t:|1779905020
|switch|p2a: Please just work|Gliscor, F|100/100
|move|p1a: Dragonite|Fire Punch|p2a: Please just work
|-damage|p2a: Please just work|84/100
|
|-status|p2a: Please just work|tox|[from] item: Toxic Orb
|upkeep
|turn|18
|inactive|MrRodeo has 120 seconds left.
|
|t:|1779905032
|move|p2a: Please just work|Protect|p2a: Please just work
|-singleturn|p2a: Please just work|Protect
|move|p1a: Dragonite|Ice Punch|p2a: Please just work
|-activate|p2a: Please just work|move: Protect
|
|-heal|p2a: Please just work|97/100 tox|[from] ability: Poison Heal
|upkeep
|turn|19
|inactive|MrRodeo has 120 seconds left.
|
|t:|1779905048
|move|p2a: Please just work|Toxic|p1a: Dragonite
|-status|p1a: Dragonite|tox
|move|p1a: Dragonite|Ice Punch|p2a: Please just work
|-supereffective|p2a: Please just work
|-damage|p2a: Please just work|35/100 tox
|
|-heal|p2a: Please just work|48/100 tox|[from] ability: Poison Heal
|-damage|p1a: Dragonite|94/100 tox|[from] psn
|upkeep
|turn|20
|inactive|MrRodeo has 120 seconds left.
|
|t:|1779905071
|switch|p2a: WHY|Volcanion|100/100
|move|p1a: Dragonite|Ice Punch|p2a: WHY
|-resisted|p2a: WHY
|-damage|p2a: WHY|95/100
|-status|p2a: WHY|frz
|
|-damage|p1a: Dragonite|82/100 tox|[from] psn
|upkeep
|turn|21
|
|t:|1779905087
|switch|p1a: Dragapult|Dragapult, M|44/100
|-curestatus|p2a: WHY|frz|[msg]
|move|p2a: WHY|Sludge Bomb|p1a: Dragapult
|-resisted|p1a: Dragapult
|-damage|p1a: Dragapult|11/100
|-status|p1a: Dragapult|psn
|
|-damage|p1a: Dragapult|0 fnt|[from] psn
|faint|p1a: Dragapult
|upkeep
|
|t:|1779905099
|switch|p1a: Iron Boulder|Iron Boulder|26/100
|turn|22
|
|t:|1779905115
|switch|p2a: Please just work|Gliscor, F|48/100 tox
|move|p1a: Iron Boulder|Earthquake|p2a: Please just work
|-immune|p2a: Please just work
|
|-heal|p2a: Please just work|60/100 tox|[from] ability: Poison Heal
|upkeep
|turn|23
|
|t:|1779905126
|move|p1a: Iron Boulder|Mighty Cleave|p2a: Please just work
|-damage|p2a: Please just work|32/100 tox
|move|p2a: Please just work|High Horsepower|p1a: Iron Boulder
|-supereffective|p1a: Iron Boulder
|-damage|p1a: Iron Boulder|0 fnt
|faint|p1a: Iron Boulder
|-end|p1a: Iron Boulder|Quark Drive|[silent]
|
|-heal|p2a: Please just work|45/100 tox|[from] ability: Poison Heal
|upkeep
|
|t:|1779905138
|switch|p1a: Blaziken|Blaziken, M, shiny|69/100
|turn|24
|inactive|MrRodeo has 120 seconds left.
|inactive|ggteej has 120 seconds left.
|c|☆ggteej|"please just work" is funny
|
|t:|1779905166
|move|p1a: Blaziken|Protect|p1a: Blaziken
|-singleturn|p1a: Blaziken|Protect
|move|p2a: Please just work|High Horsepower|p1a: Blaziken
|-activate|p1a: Blaziken|move: Protect
|
|-heal|p2a: Please just work|57/100 tox|[from] ability: Poison Heal
|upkeep
|turn|25
|inactive|ggteej has 120 seconds left.
|inactive|MrRodeo has 120 seconds left.
|
|t:|1779905180
|-terastallize|p2a: Please just work|Water
|move|p1a: Blaziken|Flare Blitz|p2a: Please just work
|-resisted|p2a: Please just work
|-damage|p2a: Please just work|39/100 tox
|-damage|p1a: Blaziken|62/100|[from] Recoil
|move|p2a: Please just work|High Horsepower|p1a: Blaziken
|-supereffective|p1a: Blaziken
|-damage|p1a: Blaziken|0 fnt
|faint|p1a: Blaziken
|
|-heal|p2a: Please just work|51/100 tox|[from] ability: Poison Heal
|upkeep
|inactive|ggteej has 120 seconds left.
|
|t:|1779905191
|switch|p1a: Dragonite|Dragonite, M|82/100 tox
|turn|26
|inactive|ggteej has 120 seconds left.
|
|t:|1779905198
|move|p2a: Please just work|Protect|p2a: Please just work
|-singleturn|p2a: Please just work|Protect
|move|p1a: Dragonite|Extreme Speed|p2a: Please just work
|-activate|p2a: Please just work|move: Protect
|
|-heal|p2a: Please just work|64/100 tox|[from] ability: Poison Heal
|-damage|p1a: Dragonite|76/100 tox|[from] psn
|upkeep
|turn|27
|inactive|MrRodeo has 120 seconds left.
|
|t:|1779905218
|move|p1a: Dragonite|Extreme Speed|p2a: Please just work
|-damage|p2a: Please just work|45/100 tox
|move|p2a: Please just work|Spikes|p1a: Dragonite
|-sidestart|p1: ggteej|Spikes
|
|-heal|p2a: Please just work|57/100 tox|[from] ability: Poison Heal
|-damage|p1a: Dragonite|63/100 tox|[from] psn
|upkeep
|turn|28
|inactive|MrRodeo has 120 seconds left.
|
|t:|1779905236
|move|p2a: Please just work|Protect|p2a: Please just work
|-singleturn|p2a: Please just work|Protect
|move|p1a: Dragonite|Outrage|p2a: Please just work
|-activate|p2a: Please just work|move: Protect
|
|-heal|p2a: Please just work|70/100 tox|[from] ability: Poison Heal
|-damage|p1a: Dragonite|45/100 tox|[from] psn
|upkeep
|turn|29
|inactive|MrRodeo has 120 seconds left.
|
|t:|1779905248
|move|p1a: Dragonite|Extreme Speed|p2a: Please just work
|-damage|p2a: Please just work|52/100 tox
|move|p2a: Please just work|Spikes|p1a: Dragonite
|-sidestart|p1: ggteej|Spikes
|
|-heal|p2a: Please just work|64/100 tox|[from] ability: Poison Heal
|-damage|p1a: Dragonite|20/100 tox|[from] psn
|upkeep
|turn|30
|c|☆ggteej|gg
|inactive|MrRodeo has 120 seconds left.
|inactive|ggteej has 120 seconds left.
|
|t:|1779905289
|move|p2a: Please just work|Protect|p2a: Please just work
|-singleturn|p2a: Please just work|Protect
|move|p1a: Dragonite|Extreme Speed|p2a: Please just work
|-activate|p2a: Please just work|move: Protect
|
|-heal|p2a: Please just work|77/100 tox|[from] ability: Poison Heal
|-damage|p1a: Dragonite|0 fnt|[from] psn
|faint|p1a: Dragonite
|
|win|MrRodeo
|raw|ggteej's rating: 1080 &rarr; <strong>1055</strong><br />(-25 for losing)
|raw|MrRodeo's rating: 1029 &rarr; <strong>1070</strong><br />(+41 for winning)
|l|☆ggteej
|player|p1|
