|j|☆YoureGary
|j|☆Djibril1308
|t:|1779972190
|gametype|singles
|player|p1|YoureGary|ethan|1147
|player|p2|Djibril1308|lucas|1139
|gen|9
|tier|[Gen 9] OU
|rated|
|rule|HP Percentage Mod: HP is shown in percentages
|rule|Endless Battle Clause: Forcing endless battles is banned
|rule|Species Clause: Limit one of each Pokémon
|rule|OHKO Clause: OHKO moves are banned
|rule|Evasion Items Clause: Evasion items are banned
|rule|Evasion Moves Clause: Evasion moves are banned
|rule|Evasion Abilities Clause: Evasion abilities are banned
|rule|Sleep Moves Clause: Sleep-inducing moves are banned
|clearpoke
|poke|p1|Snorlax, M|
|poke|p1|Deoxys-Defense|
|poke|p1|Glimmora, F|
|poke|p1|Umbreon, F|
|poke|p1|Heatran, F|
|poke|p1|Dragonite, M|
|poke|p2|Greninja-*, M|
|poke|p2|Venusaur, M|
|poke|p2|Iron Valiant|
|poke|p2|Cinderace, M|
|poke|p2|Dragapult, M|
|poke|p2|Iron Hands|
|teampreview
|inactive|Battle timer is ON: inactive players will automatically lose when time's up. (requested by YoureGary)
|
|t:|1779972198
|teamsize|p1|6
|teamsize|p2|6
|start
|switch|p1a: Heatran|Heatran, F|100/100
|switch|p2a: Eisenhand|Iron Hands|100/100
|-enditem|p2a: Eisenhand|Booster Energy
|-activate|p2a: Eisenhand|ability: Quark Drive|[fromitem]
|-start|p2a: Eisenhand|quarkdriveatk
|turn|1
|
|t:|1779972209
|move|p1a: Heatran|Iron Defense|p1a: Heatran
|-boost|p1a: Heatran|def|2
|move|p2a: Eisenhand|Earthquake|p1a: Heatran
|-supereffective|p1a: Heatran
|-damage|p1a: Heatran|32/100
|
|-heal|p1a: Heatran|39/100|[from] item: Leftovers
|upkeep
|turn|2
|
|t:|1779972219
|move|p1a: Heatran|Flamethrower|p2a: Eisenhand
|-damage|p2a: Eisenhand|70/100
|move|p2a: Eisenhand|Brick Break|p1a: Heatran
|-supereffective|p1a: Heatran
|-damage|p1a: Heatran|0 fnt
|-status|p2a: Eisenhand|brn|[from] ability: Flame Body|[of] p1a: Heatran
|faint|p1a: Heatran
|
|-damage|p2a: Eisenhand|63/100 brn|[from] brn
|upkeep
|
|t:|1779972231
|switch|p1a: Deoxys|Deoxys-Defense|100/100
|-ability|p1a: Deoxys|Pressure
|turn|3
|
|t:|1779972238
|move|p1a: Deoxys|Iron Defense|p1a: Deoxys
|-boost|p1a: Deoxys|def|2
|move|p2a: Eisenhand|Thunder Punch|p1a: Deoxys
|-damage|p1a: Deoxys|91/100
|
|-heal|p1a: Deoxys|97/100|[from] item: Leftovers
|-damage|p2a: Eisenhand|57/100 brn|[from] brn
|upkeep
|turn|4
|
|t:|1779972258
|move|p1a: Deoxys|Calm Mind|p1a: Deoxys
|-boost|p1a: Deoxys|spa|1
|-boost|p1a: Deoxys|spd|1
|move|p2a: Eisenhand|Thunder Punch|p1a: Deoxys
|-damage|p1a: Deoxys|88/100
|
|-heal|p1a: Deoxys|94/100|[from] item: Leftovers
|-damage|p2a: Eisenhand|51/100 brn|[from] brn
|upkeep
|turn|5
|
|t:|1779972268
|-end|p2a: Eisenhand|Quark Drive|[silent]
|switch|p2a: Quajutsu|Greninja, M|100/100
|move|p1a: Deoxys|Calm Mind|p1a: Deoxys
|-boost|p1a: Deoxys|spa|1
|-boost|p1a: Deoxys|spd|1
|
|-heal|p1a: Deoxys|99/100|[from] item: Leftovers
|upkeep
|turn|6
|
|t:|1779972278
|-terastallize|p1a: Deoxys|Steel
|move|p2a: Quajutsu|Dark Pulse|p1a: Deoxys
|-start|p2a: Quajutsu|typechange|Dark|[from] ability: Protean
|-damage|p1a: Deoxys|86/100
|move|p1a: Deoxys|Calm Mind|p1a: Deoxys
|-boost|p1a: Deoxys|spa|1
|-boost|p1a: Deoxys|spd|1
|
|-heal|p1a: Deoxys|93/100|[from] item: Leftovers
|upkeep
|turn|7
|
|t:|1779972291
|switch|p2a: Liberlo|Cinderace, M|100/100
|move|p1a: Deoxys|Iron Defense|p1a: Deoxys
|-boost|p1a: Deoxys|def|2
|
|-heal|p1a: Deoxys|99/100|[from] item: Leftovers
|upkeep
|turn|8
|
|t:|1779972300
|move|p2a: Liberlo|Pyro Ball|p1a: Deoxys
|-supereffective|p1a: Deoxys
|-damage|p1a: Deoxys|73/100
|move|p1a: Deoxys|Stored Power|p2a: Liberlo
|-damage|p2a: Liberlo|0 fnt
|faint|p2a: Liberlo
|
|-heal|p1a: Deoxys|79/100|[from] item: Leftovers
|upkeep
|-message|Djibril1308 forfeited.
|
|win|YoureGary
|raw|YoureGary's rating: 1147 &rarr; <strong>1171</strong><br />(+24 for winning)
|raw|Djibril1308's rating: 1139 &rarr; <strong>1115</strong><br />(-24 for losing)
|l|☆Djibril1308
|player|p2|
|l|☆YoureGary
|player|p1|
