|j|‽RocketProton24
|j|☆Cakdink
|t:|1779949931
|gametype|singles
|player|p1|RocketProton24|proton|1027
|player|p2|Cakdink|acetrainer-gen4|1021
|gen|9
|tier|[Gen 9] OU
|rated|
|rule|HP Percentage Mod: HP is shown in percentages
|rule|Endless Battle Clause: Forcing endless battles is banned
|rule|Species Clause: Limit one of each Pokémon
|rule|OHKO Clause: OHKO moves are banned
|rule|Evasion Items Clause: Evasion items are banned
|rule|Evasion Moves Clause: Evasion moves are banned
|rule|Evasion Abilities Clause: Evasion abilities are banned
|rule|Sleep Moves Clause: Sleep-inducing moves are banned
|clearpoke
|poke|p1|Corviknight, F|
|poke|p1|Umbreon, F|
|poke|p1|Dipplin, M|
|poke|p1|Garganacl, F|
|poke|p1|Dragonite, M|
|poke|p1|Clefable, M|
|poke|p2|Rabsca, M|
|poke|p2|Ogerpon-Cornerstone, F|
|poke|p2|Goodra-Hisui, F|
|poke|p2|Ceruledge, F|
|poke|p2|Pawmot, F|
|poke|p2|Cryogonal|
|teampreview
|inactive|Battle timer is ON: inactive players will automatically lose when time's up. (requested by Cakdink)
|
|t:|1779949953
|teamsize|p1|6
|teamsize|p2|6
|start
|switch|p1a: Clefable|Clefable, M|100/100
|switch|p2a: Goodra|Goodra-Hisui, F|100/100
|turn|1
|
|t:|1779949969
|move|p2a: Goodra|Flash Cannon|p1a: Clefable
|-supereffective|p1a: Clefable
|-damage|p1a: Clefable|0 fnt
|faint|p1a: Clefable
|
|upkeep
|
|t:|1779949975
|switch|p1a: Dipplin|Dipplin, M|100/100
|turn|2
|
|t:|1779949985
|switch|p2a: Rabsca|Rabsca, M|100/100
|-terastallize|p1a: Dipplin|Steel
|move|p1a: Dipplin|Dragon Tail|p2a: Rabsca
|-damage|p2a: Rabsca|80/100
|drag|p2a: Pawmot|Pawmot, F|100/100
|
|upkeep
|turn|3
|
|t:|1779950001
|move|p2a: Pawmot|Close Combat|p1a: Dipplin
|-supereffective|p1a: Dipplin
|-damage|p1a: Dipplin|43/100
|-unboost|p2a: Pawmot|def|1
|-unboost|p2a: Pawmot|spd|1
|move|p1a: Dipplin|Dragon Pulse|p2a: Pawmot
|-damage|p2a: Pawmot|28/100
|
|upkeep
|turn|4
|
|t:|1779950014
|switch|p1a: Corviknight|Corviknight, F|100/100
|move|p2a: Pawmot|Close Combat|p1a: Corviknight
|-damage|p1a: Corviknight|61/100
|-unboost|p2a: Pawmot|def|1
|-unboost|p2a: Pawmot|spd|1
|-damage|p2a: Pawmot|12/100|[from] item: Rocky Helmet|[of] p1a: Corviknight
|
|upkeep
|turn|5
|
|t:|1779950029
|switch|p2a: Cryogonal|Cryogonal|100/100
|move|p1a: Corviknight|Iron Defense|p1a: Corviknight
|-boost|p1a: Corviknight|def|2
|
|upkeep
|turn|6
|
|t:|1779950039
|move|p2a: Cryogonal|Haze|p2a: Cryogonal
|-clearallboost
|move|p1a: Corviknight|Body Press|p2a: Cryogonal
|-supereffective|p2a: Cryogonal
|-damage|p2a: Cryogonal|14/100
|
|-heal|p2a: Cryogonal|20/100|[from] item: Leftovers
|upkeep
|turn|7
|
|t:|1779950048
|move|p2a: Cryogonal|Recover|p2a: Cryogonal
|-heal|p2a: Cryogonal|71/100
|move|p1a: Corviknight|Body Press|p2a: Cryogonal
|-supereffective|p2a: Cryogonal
|-damage|p2a: Cryogonal|0 fnt
|faint|p2a: Cryogonal
|
|upkeep
|
|t:|1779950052
|switch|p2a: Ceruledge|Ceruledge, F|100/100
|turn|8
|
|t:|1779950075
|switch|p1a: Garganacl|Garganacl, F|100/100
|move|p2a: Ceruledge|Bitter Blade|p1a: Garganacl
|-resisted|p1a: Garganacl
|-damage|p1a: Garganacl|86/100
|
|-heal|p1a: Garganacl|92/100|[from] item: Leftovers
|upkeep
|turn|9
|
|t:|1779950086
|switch|p2a: Goodra|Goodra-Hisui, F|100/100
|move|p1a: Garganacl|Salt Cure|p2a: Goodra
|-resisted|p2a: Goodra
|-damage|p2a: Goodra|93/100
|-start|p2a: Goodra|Salt Cure
|
|-heal|p1a: Garganacl|99/100|[from] item: Leftovers
|-damage|p2a: Goodra|68/100|[from] Salt Cure
|upkeep
|turn|10
|
|t:|1779950099
|move|p2a: Goodra|Flash Cannon|p1a: Garganacl
|-supereffective|p1a: Garganacl
|-damage|p1a: Garganacl|15/100
|move|p1a: Garganacl|Curse|p1a: Garganacl
|-unboost|p1a: Garganacl|spe|1
|-boost|p1a: Garganacl|atk|1
|-boost|p1a: Garganacl|def|1
|
|-heal|p1a: Garganacl|21/100|[from] item: Leftovers
|-damage|p2a: Goodra|43/100|[from] Salt Cure
|upkeep
|turn|11
|
|t:|1779950112
|switch|p1a: Corviknight|Corviknight, F|61/100
|move|p2a: Goodra|Flash Cannon|p1a: Corviknight
|-resisted|p1a: Corviknight
|-damage|p1a: Corviknight|34/100
|
|-damage|p2a: Goodra|18/100|[from] Salt Cure
|upkeep
|turn|12
|
|t:|1779950122
|switch|p2a: Ceruledge|Ceruledge, F|100/100
|move|p1a: Corviknight|Body Press|p2a: Ceruledge
|-immune|p2a: Ceruledge
|
|upkeep
|turn|13
|
|t:|1779950131
|switch|p1a: Garganacl|Garganacl, F|21/100
|move|p2a: Ceruledge|Bitter Blade|p1a: Garganacl
|-resisted|p1a: Garganacl
|-damage|p1a: Garganacl|6/100
|
|-heal|p1a: Garganacl|12/100|[from] item: Leftovers
|upkeep
|turn|14
|
|t:|1779950143
|move|p2a: Ceruledge|Bitter Blade|p1a: Garganacl
|-resisted|p1a: Garganacl
|-damage|p1a: Garganacl|0 fnt
|faint|p1a: Garganacl
|
|upkeep
|
|t:|1779950149
|switch|p1a: Dragonite|Dragonite, M|100/100
|turn|15
|
|t:|1779950156
|switch|p2a: Goodra|Goodra-Hisui, F|18/100
|move|p1a: Dragonite|Stomping Tantrum|p2a: Goodra
|-supereffective|p2a: Goodra
|-damage|p2a: Goodra|0 fnt
|faint|p2a: Goodra
|
|upkeep
|
|t:|1779950165
|switch|p2a: Ceruledge|Ceruledge, F|100/100
|turn|16
|
|t:|1779950169
|move|p2a: Ceruledge|Destiny Bond|p2a: Ceruledge
|-singlemove|p2a: Ceruledge|Destiny Bond
|move|p1a: Dragonite|Stomping Tantrum|p2a: Ceruledge
|-supereffective|p2a: Ceruledge
|-damage|p2a: Ceruledge|15/100
|
|upkeep
|turn|17
|
|t:|1779950181
|move|p2a: Ceruledge|Destiny Bond||[still]
|-fail|p2a: Ceruledge
|move|p1a: Dragonite|Stomping Tantrum|p2a: Ceruledge
|-supereffective|p2a: Ceruledge
|-damage|p2a: Ceruledge|0 fnt
|faint|p2a: Ceruledge
|
|upkeep
|
|t:|1779950184
|switch|p2a: Pawmot|Pawmot, F|12/100
|turn|18
|
|t:|1779950192
|move|p1a: Dragonite|Extreme Speed|p2a: Pawmot
|-damage|p2a: Pawmot|0 fnt
|faint|p2a: Pawmot
|
|upkeep
|
|t:|1779950195
|switch|p2a: Ogerpon|Ogerpon-Cornerstone, F|100/100
|turn|19
|
|t:|1779950203
|-terastallize|p2a: Ogerpon|Rock
|detailschange|p2a: Ogerpon|Ogerpon-Cornerstone-Tera, F, tera:Rock
|-ability|p2a: Ogerpon|Embody Aspect (Cornerstone)|boost
|-boost|p2a: Ogerpon|def|1
|move|p2a: Ogerpon|Swords Dance|p2a: Ogerpon
|-boost|p2a: Ogerpon|atk|2
|move|p1a: Dragonite|Stomping Tantrum|p2a: Ogerpon
|-supereffective|p2a: Ogerpon
|-damage|p2a: Ogerpon|49/100
|
|upkeep
|turn|20
|
|t:|1779950216
|move|p2a: Ogerpon|Ivy Cudgel|p1a: Dragonite|[anim] Ivy Cudgel Rock
|-supereffective|p1a: Dragonite
|-damage|p1a: Dragonite|0 fnt
|faint|p1a: Dragonite
|
|upkeep
|
|t:|1779950225
|switch|p1a: Corviknight|Corviknight, F|34/100
|turn|21
|
|t:|1779950231
|move|p2a: Ogerpon|Ivy Cudgel|p1a: Corviknight|[anim] Ivy Cudgel Rock
|-damage|p1a: Corviknight|0 fnt
|faint|p1a: Corviknight
|
|upkeep
|
|t:|1779950237
|switch|p1a: Dipplin|Dipplin, M, tera:Steel|43/100
|turn|22
|
|t:|1779950247
|move|p2a: Ogerpon|Horn Leech|p1a: Dipplin
|-resisted|p1a: Dipplin
|-damage|p1a: Dipplin|23/100
|-heal|p2a: Ogerpon|61/100|[from] drain|[of] p1a: Dipplin
|move|p1a: Dipplin|Giga Drain|p2a: Ogerpon
|-supereffective|p2a: Ogerpon
|-damage|p2a: Ogerpon|3/100
|-heal|p1a: Dipplin|47/100|[from] drain|[of] p2a: Ogerpon
|
|upkeep
|turn|23
|
|t:|1779950262
|move|p2a: Ogerpon|Ivy Cudgel|p1a: Dipplin|[anim] Ivy Cudgel Rock
|-resisted|p1a: Dipplin
|-damage|p1a: Dipplin|9/100
|move|p1a: Dipplin|Recover|p1a: Dipplin
|-heal|p1a: Dipplin|59/100
|
|upkeep
|turn|24
|
|t:|1779950272
|move|p2a: Ogerpon|Ivy Cudgel|p1a: Dipplin|[anim] Ivy Cudgel Rock
|-resisted|p1a: Dipplin
|-damage|p1a: Dipplin|23/100
|move|p1a: Dipplin|Recover|p1a: Dipplin
|-heal|p1a: Dipplin|73/100
|
|upkeep
|turn|25
|
|t:|1779950282
|move|p2a: Ogerpon|Horn Leech|p1a: Dipplin
|-resisted|p1a: Dipplin
|-damage|p1a: Dipplin|54/100
|-heal|p2a: Ogerpon|15/100|[from] drain|[of] p1a: Dipplin
|move|p1a: Dipplin|Dragon Pulse|p2a: Ogerpon
|-damage|p2a: Ogerpon|0 fnt
|faint|p2a: Ogerpon
|detailschange|p2: Ogerpon|Ogerpon-Cornerstone, F|[silent]
|
|upkeep
|
|t:|1779950284
|switch|p2a: Rabsca|Rabsca, M|80/100
|turn|26
|
|t:|1779950297
|move|p2a: Rabsca|Revival Blessing|p2a: Rabsca
|
|t:|1779950303
|-heal|p2: Ceruledge|50/100|[from] move: Revival Blessing
|move|p1a: Dipplin|Dragon Pulse|p2a: Rabsca
|-damage|p2a: Rabsca|55/100
|
|upkeep
|turn|27
|
|t:|1779950312
|move|p2a: Rabsca|Psychic Noise|p1a: Dipplin
|-resisted|p1a: Dipplin
|-damage|p1a: Dipplin|42/100
|-start|p1a: Dipplin|move: Heal Block
|cant|p1a: Dipplin|move: Heal Block|Recover
|
|upkeep
|turn|28
|
|t:|1779950326
|move|p2a: Rabsca|Psychic Noise|p1a: Dipplin
|-resisted|p1a: Dipplin
|-damage|p1a: Dipplin|29/100
|move|p1a: Dipplin|Dragon Pulse|p2a: Rabsca
|-damage|p2a: Rabsca|29/100
|
|-end|p1a: Dipplin|move: Heal Block
|upkeep
|turn|29
|
|t:|1779950337
|switch|p1a: Umbreon|Umbreon, F|100/100
|move|p2a: Rabsca|Psychic Noise|p1a: Umbreon
|-immune|p1a: Umbreon
|
|upkeep
|turn|30
|
|t:|1779950347
|move|p1a: Umbreon|Foul Play|p2a: Rabsca
|-supereffective|p2a: Rabsca
|-damage|p2a: Rabsca|1/100
|move|p2a: Rabsca|Bug Buzz|p1a: Umbreon
|-supereffective|p1a: Umbreon
|-damage|p1a: Umbreon|49/100
|
|-heal|p1a: Umbreon|55/100|[from] item: Leftovers
|upkeep
|turn|31
|
|t:|1779950362
|move|p1a: Umbreon|Toxic|p2a: Rabsca
|-status|p2a: Rabsca|tox
|-activate|p2a: Rabsca|ability: Synchronize
|-status|p1a: Umbreon|tox
|move|p2a: Rabsca|Bug Buzz|p1a: Umbreon
|-supereffective|p1a: Umbreon
|-damage|p1a: Umbreon|8/100 tox
|
|-heal|p1a: Umbreon|14/100 tox|[from] item: Leftovers
|-damage|p1a: Umbreon|8/100 tox|[from] psn
|-damage|p2a: Rabsca|0 fnt|[from] psn
|faint|p2a: Rabsca
|upkeep
|
|t:|1779950370
|switch|p2a: Ceruledge|Ceruledge, F|50/100
|turn|32
|c|☆Cakdink|hahahaha
|
|t:|1779950386
|move|p2a: Ceruledge|Bitter Blade|p1a: Umbreon
|-damage|p1a: Umbreon|0 fnt
|-heal|p2a: Ceruledge|55/100|[from] drain|[of] p1a: Umbreon
|faint|p1a: Umbreon
|
|upkeep
|
|t:|1779950393
|switch|p1a: Dipplin|Dipplin, M, tera:Steel|29/100
|turn|33
|
|t:|1779950397
|move|p2a: Ceruledge|Bitter Blade|p1a: Dipplin
|-supereffective|p1a: Dipplin
|-damage|p1a: Dipplin|0 fnt
|-heal|p2a: Ceruledge|73/100|[from] drain|[of] p1a: Dipplin
|faint|p1a: Dipplin
|
|win|Cakdink
|raw|RocketProton24's rating: 1027 &rarr; <strong>1013</strong><br />(-14 for losing)
|raw|Cakdink's rating: 1021 &rarr; <strong>1058</strong><br />(+37 for winning)
|l|‽RocketProton24
|player|p1|
