|j|☆kitakami kitchen
|j|☆Danielesqueda17
|t:|1779937662
|gametype|singles
|player|p1|kitakami kitchen|roxie|1440
|player|p2|Danielesqueda17|bellelba|1476
|gen|9
|tier|[Gen 9] OU
|rated|
|rule|HP Percentage Mod: HP is shown in percentages
|rule|Endless Battle Clause: Forcing endless battles is banned
|rule|Species Clause: Limit one of each Pokémon
|rule|OHKO Clause: OHKO moves are banned
|rule|Evasion Items Clause: Evasion items are banned
|rule|Evasion Moves Clause: Evasion moves are banned
|rule|Evasion Abilities Clause: Evasion abilities are banned
|rule|Sleep Moves Clause: Sleep-inducing moves are banned
|clearpoke
|poke|p1|Rillaboom, F|
|poke|p1|Hawlucha, M|
|poke|p1|Hatterene, F|
|poke|p1|Incineroar, F|
|poke|p1|Glimmora, F|
|poke|p1|Ogerpon-Wellspring, F|
|poke|p2|Araquanid, F|
|poke|p2|Mamoswine, F|
|poke|p2|Iron Valiant|
|poke|p2|Enamorus, F|
|poke|p2|Dragapult, F|
|poke|p2|Gholdengo|
|teampreview
|inactive|Battle timer is ON: inactive players will automatically lose when time's up. (requested by Danielesqueda17)
|
|t:|1779937676
|teamsize|p1|6
|teamsize|p2|6
|start
|switch|p1a: Glimmora|Glimmora, F|100/100
|switch|p2a: Enamorus|Enamorus, F|100/100
|turn|1
|
|t:|1779937682
|switch|p1a: Rillaboom|Rillaboom, F|100/100
|-fieldstart|move: Grassy Terrain|[from] ability: Grassy Surge|[of] p1a: Rillaboom
|move|p2a: Enamorus|Earth Power|p1a: Rillaboom
|-resisted|p1a: Rillaboom
|-damage|p1a: Rillaboom|70/100
|
|-heal|p1a: Rillaboom|76/100|[from] Grassy Terrain
|upkeep
|turn|2
|
|t:|1779937686
|switch|p2a: Gholdengo|Gholdengo|100/100
|-item|p2a: Gholdengo|Air Balloon
|move|p1a: Rillaboom|U-turn|p2a: Gholdengo
|-resisted|p2a: Gholdengo
|-damage|p2a: Gholdengo|94/100
|-enditem|p2a: Gholdengo|Air Balloon
|
|t:|1779937706
|switch|p1a: Glimmora|Glimmora, F|100/100|[from] U-turn
|
|-heal|p2a: Gholdengo|99/100|[from] Grassy Terrain
|upkeep
|turn|3
|
|t:|1779937712
|move|p1a: Glimmora|Stealth Rock|p2a: Gholdengo
|-sidestart|p2: Danielesqueda17|move: Stealth Rock
|move|p2a: Gholdengo|Make It Rain|p1a: Glimmora
|-supereffective|p1a: Glimmora
|-damage|p1a: Glimmora|0 fnt
|-unboost|p2a: Gholdengo|spa|1
|faint|p1a: Glimmora
|
|-heal|p2a: Gholdengo|100/100|[from] Grassy Terrain
|upkeep
|
|t:|1779937719
|switch|p1a: Incineroar|Incineroar, F|100/100
|-ability|p1a: Incineroar|Intimidate|boost
|-unboost|p2a: Gholdengo|atk|1
|-enditem|p1a: Incineroar|Grassy Seed
|-boost|p1a: Incineroar|def|1|[from] item: Grassy Seed
|turn|4
|
|t:|1779937722
|switch|p2a: Araquanid|Araquanid, F|100/100
|-damage|p2a: Araquanid|75/100|[from] Stealth Rock
|move|p1a: Incineroar|Swords Dance|p1a: Incineroar
|-boost|p1a: Incineroar|atk|2
|
|-heal|p2a: Araquanid|82/100|[from] Grassy Terrain
|upkeep
|turn|5
|
|t:|1779937730
|-terastallize|p1a: Incineroar|Grass
|move|p1a: Incineroar|Flame Charge|p2a: Araquanid
|-damage|p2a: Araquanid|63/100
|-boost|p1a: Incineroar|spe|1
|move|p2a: Araquanid|Sticky Web|p1a: Incineroar
|-sidestart|p1: kitakami kitchen|move: Sticky Web
|
|-heal|p2a: Araquanid|69/100|[from] Grassy Terrain
|upkeep
|turn|6
|
|t:|1779937737
|move|p2a: Araquanid|Endure|p2a: Araquanid
|-singleturn|p2a: Araquanid|move: Endure
|move|p1a: Incineroar|Power Trip|p2a: Araquanid
|-activate|p2a: Araquanid|move: Endure
|-damage|p2a: Araquanid|1/100
|
|-heal|p2a: Araquanid|7/100|[from] Grassy Terrain
|upkeep
|turn|7
|-enditem|p2a: Araquanid|Custap Berry|[eat]
|-activate|p2a: Araquanid|item: Custap Berry|[consumed]
|
|t:|1779937742
|move|p2a: Araquanid|Endeavor|p1a: Incineroar
|-damage|p1a: Incineroar|7/100
|move|p1a: Incineroar|Flame Charge|p2a: Araquanid
|-damage|p2a: Araquanid|0 fnt
|-boost|p1a: Incineroar|spe|1
|faint|p2a: Araquanid
|
|-heal|p1a: Incineroar|13/100|[from] Grassy Terrain
|upkeep
|
|t:|1779937745
|switch|p2a: Iron Valiant|Iron Valiant|100/100
|-damage|p2a: Iron Valiant|94/100|[from] Stealth Rock
|-enditem|p2a: Iron Valiant|Booster Energy
|-activate|p2a: Iron Valiant|ability: Quark Drive|[fromitem]
|-start|p2a: Iron Valiant|quarkdrivespa
|turn|8
|
|t:|1779937749
|move|p2a: Iron Valiant|Vacuum Wave|p1a: Incineroar
|-damage|p1a: Incineroar|0 fnt
|faint|p1a: Incineroar
|
|-heal|p2a: Iron Valiant|100/100|[from] Grassy Terrain
|-fieldend|move: Grassy Terrain
|upkeep
|
|t:|1779937754
|switch|p1a: Rillaboom|Rillaboom, F|76/100
|-activate|p1a: Rillaboom|move: Sticky Web
|-unboost|p1a: Rillaboom|spe|1
|-fieldstart|move: Grassy Terrain|[from] ability: Grassy Surge|[of] p1a: Rillaboom
|turn|9
|
|t:|1779937758
|move|p1a: Rillaboom|Grassy Glide|p2a: Iron Valiant
|-damage|p2a: Iron Valiant|46/100
|move|p2a: Iron Valiant|Moonblast|p1a: Rillaboom
|-damage|p1a: Rillaboom|0 fnt
|faint|p1a: Rillaboom
|
|-heal|p2a: Iron Valiant|53/100|[from] Grassy Terrain
|upkeep
|
|t:|1779937773
|switch|p1a: Ogerpon|Ogerpon-Wellspring, F|100/100
|-activate|p1a: Ogerpon|move: Sticky Web
|-unboost|p1a: Ogerpon|spe|1
|turn|10
|
|t:|1779937775
|move|p1a: Ogerpon|Grassy Glide|p2a: Iron Valiant
|-damage|p2a: Iron Valiant|1/100
|move|p2a: Iron Valiant|Moonblast|p1a: Ogerpon
|-damage|p1a: Ogerpon|18/100
|-unboost|p1a: Ogerpon|spa|1
|
|-heal|p2a: Iron Valiant|7/100|[from] Grassy Terrain
|-heal|p1a: Ogerpon|24/100|[from] Grassy Terrain
|upkeep
|turn|11
|
|t:|1779937783
|switch|p1a: Hawlucha|Hawlucha, M|100/100
|-enditem|p1a: Hawlucha|Grassy Seed
|-boost|p1a: Hawlucha|def|1|[from] item: Grassy Seed
|move|p2a: Iron Valiant|Vacuum Wave|p1a: Hawlucha
|-resisted|p1a: Hawlucha
|-damage|p1a: Hawlucha|82/100
|
|-heal|p2a: Iron Valiant|13/100|[from] Grassy Terrain
|upkeep
|turn|12
|
|t:|1779937786
|move|p1a: Hawlucha|Encore|p2a: Iron Valiant
|-start|p2a: Iron Valiant|Encore
|move|p2a: Iron Valiant|Vacuum Wave|p1a: Hawlucha
|-resisted|p1a: Hawlucha
|-damage|p1a: Hawlucha|62/100
|
|-heal|p2a: Iron Valiant|19/100|[from] Grassy Terrain
|upkeep
|turn|13
|
|t:|1779937789
|-end|p2a: Iron Valiant|Quark Drive|[silent]
|switch|p2a: Gholdengo|Gholdengo|100/100
|-damage|p2a: Gholdengo|94/100|[from] Stealth Rock
|move|p1a: Hawlucha|Swords Dance|p1a: Hawlucha
|-boost|p1a: Hawlucha|atk|2
|
|-heal|p2a: Gholdengo|100/100|[from] Grassy Terrain
|upkeep
|turn|14
|
|t:|1779937791
|move|p1a: Hawlucha|Acrobatics|p2a: Gholdengo
|-resisted|p2a: Gholdengo
|-crit|p2a: Gholdengo
|-damage|p2a: Gholdengo|13/100
|move|p2a: Gholdengo|Make It Rain|p1a: Hawlucha
|-damage|p1a: Hawlucha|0 fnt
|-unboost|p2a: Gholdengo|spa|1
|faint|p1a: Hawlucha
|
|-heal|p2a: Gholdengo|19/100|[from] Grassy Terrain
|upkeep
|
|t:|1779937796
|switch|p1a: Ogerpon|Ogerpon-Wellspring, F|24/100
|-activate|p1a: Ogerpon|move: Sticky Web
|-unboost|p1a: Ogerpon|spe|1
|turn|15
|
|t:|1779937805
|move|p1a: Ogerpon|Grassy Glide|p2a: Gholdengo
|-resisted|p2a: Gholdengo
|-crit|p2a: Gholdengo
|-damage|p2a: Gholdengo|0 fnt
|faint|p2a: Gholdengo
|
|-heal|p1a: Ogerpon|30/100|[from] Grassy Terrain
|upkeep
|
|t:|1779937808
|switch|p2a: Dragapult|Dragapult, F|100/100
|-damage|p2a: Dragapult|88/100|[from] Stealth Rock
|turn|16
|
|t:|1779937831
|move|p1a: Ogerpon|Grassy Glide|p2a: Dragapult
|-resisted|p2a: Dragapult
|-damage|p2a: Dragapult|60/100
|move|p2a: Dragapult|Shadow Ball|p1a: Ogerpon
|-damage|p1a: Ogerpon|0 fnt
|faint|p1a: Ogerpon
|
|-heal|p2a: Dragapult|66/100|[from] Grassy Terrain
|-fieldend|move: Grassy Terrain
|upkeep
|
|t:|1779937834
|switch|p1a: Hatterene|Hatterene, F|100/100
|-activate|p1a: Hatterene|move: Sticky Web
|-unboost|p1a: Hatterene|spe|1
|turn|17
|
|t:|1779937836
|-terastallize|p2a: Dragapult|Ghost
|move|p2a: Dragapult|Shadow Ball|p1a: Hatterene
|-supereffective|p1a: Hatterene
|-damage|p1a: Hatterene|0 fnt
|faint|p1a: Hatterene
|
|win|Danielesqueda17
|raw|kitakami kitchen's rating: 1440 &rarr; <strong>1422</strong><br />(-18 for losing)
|raw|Danielesqueda17's rating: 1476 &rarr; <strong>1494</strong><br />(+18 for winning)
|l|☆kitakami kitchen
|player|p1|
