|j|☆Kakimori
|j|☆Quartzpig965
|t:|1779824299
|gametype|singles
|player|p1|Kakimori|266|1174
|player|p2|Quartzpig965|unknown|1206
|gen|9
|tier|[Gen 9] OU
|rated|
|rule|HP Percentage Mod: HP is shown in percentages
|rule|Endless Battle Clause: Forcing endless battles is banned
|rule|Species Clause: Limit one of each Pokémon
|rule|OHKO Clause: OHKO moves are banned
|rule|Evasion Items Clause: Evasion items are banned
|rule|Evasion Moves Clause: Evasion moves are banned
|rule|Evasion Abilities Clause: Evasion abilities are banned
|rule|Sleep Moves Clause: Sleep-inducing moves are banned
|clearpoke
|poke|p1|Mandibuzz, F|
|poke|p1|Skeledirge, F|
|poke|p1|Gliscor, M|
|poke|p1|Gengar, F|
|poke|p1|Milotic, F|
|poke|p1|Conkeldurr, M|
|poke|p2|Meowscarada, M|
|poke|p2|Iron Moth|
|poke|p2|Malamar, F|
|poke|p2|Kommo-o, F|
|poke|p2|Excadrill, M|
|poke|p2|Porygon-Z|
|teampreview
|inactive|Battle timer is ON: inactive players will automatically lose when time's up. (requested by Quartzpig965)
|
|t:|1779824318
|teamsize|p1|6
|teamsize|p2|6
|start
|switch|p1a: Conkeldurr|Conkeldurr, M|100/100
|switch|p2a: Porygon-Z|Porygon-Z|100/100
|turn|1
|
|t:|1779824326
|move|p2a: Porygon-Z|Tri Attack|p1a: Conkeldurr
|-damage|p1a: Conkeldurr|7/100
|-status|p1a: Conkeldurr|brn
|move|p1a: Conkeldurr|Drain Punch|p2a: Porygon-Z
|-supereffective|p2a: Porygon-Z
|-damage|p2a: Porygon-Z|0 fnt
|-heal|p1a: Conkeldurr|46/100 brn|[from] drain|[of] p2a: Porygon-Z
|faint|p2a: Porygon-Z
|
|-heal|p1a: Conkeldurr|52/100 brn|[from] item: Leftovers
|-damage|p1a: Conkeldurr|46/100 brn|[from] brn
|upkeep
|
|t:|1779824344
|switch|p2a: Iron Moth|Iron Moth|100/100
|-enditem|p2a: Iron Moth|Booster Energy
|-activate|p2a: Iron Moth|ability: Quark Drive|[fromitem]
|-start|p2a: Iron Moth|quarkdrivespa
|turn|2
|
|t:|1779824372
|switch|p1a: Skeledirge|Skeledirge, F|100/100
|move|p2a: Iron Moth|Agility|p2a: Iron Moth
|-boost|p2a: Iron Moth|spe|2
|
|upkeep
|turn|3
|
|t:|1779824380
|move|p2a: Iron Moth|Hurricane|p1a: Skeledirge
|-damage|p1a: Skeledirge|54/100
|move|p1a: Skeledirge|Torch Song|p2a: Iron Moth
|-resisted|p2a: Iron Moth
|-damage|p2a: Iron Moth|86/100
|-boost|p1a: Skeledirge|spa|1
|
|-heal|p1a: Skeledirge|60/100|[from] item: Leftovers
|upkeep
|turn|4
|
|t:|1779824390
|-terastallize|p2a: Iron Moth|Flying
|move|p2a: Iron Moth|Hurricane|p1a: Skeledirge
|-damage|p1a: Skeledirge|0 fnt
|faint|p1a: Skeledirge
|
|upkeep
|
|t:|1779824404
|switch|p1a: Milotic|Milotic, F|100/100
|turn|5
|
|t:|1779824414
|move|p2a: Iron Moth|Hurricane|p1a: Milotic|[miss]
|-miss|p2a: Iron Moth|p1a: Milotic
|move|p1a: Milotic|Scald|p2a: Iron Moth
|-crit|p2a: Iron Moth
|-damage|p2a: Iron Moth|44/100
|
|upkeep
|turn|6
|
|t:|1779824426
|move|p2a: Iron Moth|Hurricane|p1a: Milotic
|-damage|p1a: Milotic|44/100
|-start|p1a: Milotic|confusion
|-activate|p1a: Milotic|confusion
|move|p1a: Milotic|Ice Beam|p2a: Iron Moth
|-supereffective|p2a: Iron Moth
|-damage|p2a: Iron Moth|0 fnt
|faint|p2a: Iron Moth
|-end|p2a: Iron Moth|Quark Drive|[silent]
|
|-heal|p1a: Milotic|50/100|[from] item: Leftovers
|upkeep
|
|t:|1779824439
|switch|p2a: Malamar|Malamar, F|100/100
|turn|7
|
|t:|1779824445
|move|p2a: Malamar|Switcheroo|p1a: Milotic
|-activate|p2a: Malamar|move: Trick|[of] p1a: Milotic
|-item|p1a: Milotic|Mental Herb|[from] move: Switcheroo
|-item|p2a: Malamar|Leftovers|[from] move: Switcheroo
|-activate|p1a: Milotic|confusion
|-damage|p1a: Milotic|47/100|[from] confusion
|
|upkeep
|turn|8
|
|t:|1779824454
|move|p2a: Malamar|Superpower|p1a: Milotic
|-damage|p1a: Milotic|19/100
|-boost|p2a: Malamar|atk|1
|-boost|p2a: Malamar|def|1
|-activate|p1a: Milotic|confusion
|-damage|p1a: Milotic|15/100|[from] confusion
|
|upkeep
|turn|9
|
|t:|1779824465
|move|p2a: Malamar|Superpower|p1a: Milotic
|-damage|p1a: Milotic|0 fnt
|-boost|p2a: Malamar|atk|1
|-boost|p2a: Malamar|def|1
|faint|p1a: Milotic
|
|upkeep
|
|t:|1779824472
|switch|p1a: Gengar|Gengar, F|100/100
|turn|10
|
|t:|1779824480
|move|p1a: Gengar|Substitute|p1a: Gengar
|-start|p1a: Gengar|Substitute
|-damage|p1a: Gengar|76/100
|move|p2a: Malamar|Stored Power|p1a: Gengar
|-supereffective|p1a: Gengar
|-end|p1a: Gengar|Substitute
|
|-heal|p1a: Gengar|82/100|[from] item: Leftovers
|upkeep
|turn|11
|
|t:|1779824493
|move|p1a: Gengar|Disable|p2a: Malamar
|-start|p2a: Malamar|Disable|Stored Power
|move|p2a: Malamar|Knock Off|p1a: Gengar
|-supereffective|p1a: Gengar
|-damage|p1a: Gengar|0 fnt
|-enditem|p1a: Gengar|Leftovers|[from] move: Knock Off|[of] p2a: Malamar
|faint|p1a: Gengar
|
|upkeep
|
|t:|1779824509
|switch|p1a: Mandibuzz|Mandibuzz, F|100/100
|turn|12
|
|t:|1779824515
|move|p2a: Malamar|Superpower|p1a: Mandibuzz
|-damage|p1a: Mandibuzz|61/100
|-boost|p2a: Malamar|atk|1
|-boost|p2a: Malamar|def|1
|-damage|p2a: Malamar|84/100|[from] item: Rocky Helmet|[of] p1a: Mandibuzz
|move|p1a: Mandibuzz|Foul Play|p2a: Malamar
|-damage|p2a: Malamar|38/100
|
|-heal|p2a: Malamar|44/100|[from] item: Leftovers
|upkeep
|turn|13
|
|t:|1779824526
|move|p2a: Malamar|Superpower|p1a: Mandibuzz
|-damage|p1a: Mandibuzz|12/100
|-boost|p2a: Malamar|atk|1
|-boost|p2a: Malamar|def|1
|-damage|p2a: Malamar|27/100|[from] item: Rocky Helmet|[of] p1a: Mandibuzz
|move|p1a: Mandibuzz|Foul Play|p2a: Malamar
|-damage|p2a: Malamar|0 fnt
|faint|p2a: Malamar
|
|upkeep
|
|t:|1779824541
|switch|p2a: Meowscarada|Meowscarada, M|100/100
|turn|14
|
|t:|1779824550
|move|p2a: Meowscarada|Triple Axel|p1a: Mandibuzz
|-start|p2a: Meowscarada|typechange|Ice|[from] ability: Protean
|-supereffective|p1a: Mandibuzz
|-damage|p1a: Mandibuzz|1/100
|-damage|p2a: Meowscarada|84/100|[from] item: Rocky Helmet|[of] p1a: Mandibuzz
|-supereffective|p1a: Mandibuzz
|-damage|p1a: Mandibuzz|0 fnt
|-damage|p2a: Meowscarada|67/100|[from] item: Rocky Helmet|[of] p1a: Mandibuzz
|faint|p1a: Mandibuzz
|-hitcount|p1: Mandibuzz|2
|
|upkeep
|
|t:|1779824569
|switch|p1a: Conkeldurr|Conkeldurr, M|46/100 brn
|turn|15
|
|t:|1779824573
|move|p1a: Conkeldurr|Mach Punch|p2a: Meowscarada
|-supereffective|p2a: Meowscarada
|-damage|p2a: Meowscarada|0 fnt
|faint|p2a: Meowscarada
|
|-heal|p1a: Conkeldurr|52/100 brn|[from] item: Leftovers
|-damage|p1a: Conkeldurr|46/100 brn|[from] brn
|upkeep
|
|t:|1779824582
|switch|p2a: Kommo-o|Kommo-o, F|100/100
|turn|16
|
|t:|1779824593
|move|p2a: Kommo-o|Dragon Dance|p2a: Kommo-o
|-boost|p2a: Kommo-o|atk|1
|-boost|p2a: Kommo-o|spe|1
|move|p1a: Conkeldurr|Ice Punch|p2a: Kommo-o
|-supereffective|p2a: Kommo-o
|-damage|p2a: Kommo-o|13/100
|
|-heal|p1a: Conkeldurr|52/100 brn|[from] item: Leftovers
|-damage|p1a: Conkeldurr|46/100 brn|[from] brn
|upkeep
|turn|17
|
|t:|1779824602
|move|p1a: Conkeldurr|Mach Punch|p2a: Kommo-o
|-damage|p2a: Kommo-o|0 fnt
|faint|p2a: Kommo-o
|
|-heal|p1a: Conkeldurr|52/100 brn|[from] item: Leftovers
|-damage|p1a: Conkeldurr|46/100 brn|[from] brn
|upkeep
|
|t:|1779824606
|switch|p2a: Excadrill|Excadrill, M, shiny|100/100
|turn|18
|
|t:|1779824613
|move|p1a: Conkeldurr|Mach Punch|p2a: Excadrill
|-supereffective|p2a: Excadrill
|-damage|p2a: Excadrill|2/100
|move|p2a: Excadrill|Poison Jab|p1a: Conkeldurr
|-damage|p1a: Conkeldurr|19/100 brn
|
|-heal|p1a: Conkeldurr|25/100 brn|[from] item: Leftovers
|-damage|p1a: Conkeldurr|19/100 brn|[from] brn
|upkeep
|turn|19
|
|t:|1779824621
|move|p1a: Conkeldurr|Mach Punch|p2a: Excadrill
|-supereffective|p2a: Excadrill
|-damage|p2a: Excadrill|0 fnt
|faint|p2a: Excadrill
|
|win|Kakimori
|raw|Kakimori's rating: 1174 &rarr; <strong>1201</strong><br />(+27 for winning)
|raw|Quartzpig965's rating: 1206 &rarr; <strong>1179</strong><br />(-27 for losing)
|c|☆Quartzpig965|ggs
|l|☆Quartzpig965
|player|p2|
