|j|☆periodcramphater
|j|☆t1max
|t:|1779944282
|gametype|singles
|player|p1|periodcramphater|2|1355
|player|p2|t1max|skierf|1401
|gen|9
|tier|[Gen 9] OU
|rated|
|rule|HP Percentage Mod: HP is shown in percentages
|rule|Endless Battle Clause: Forcing endless battles is banned
|rule|Species Clause: Limit one of each Pokémon
|rule|OHKO Clause: OHKO moves are banned
|rule|Evasion Items Clause: Evasion items are banned
|rule|Evasion Moves Clause: Evasion moves are banned
|rule|Evasion Abilities Clause: Evasion abilities are banned
|rule|Sleep Moves Clause: Sleep-inducing moves are banned
|clearpoke
|poke|p1|Iron Moth|
|poke|p1|Gliscor, M|
|poke|p1|Hatterene, F|
|poke|p1|Ogerpon-Wellspring, F|
|poke|p1|Raging Bolt|
|poke|p1|Zamazenta-*|
|poke|p2|Regidrago|
|poke|p2|Regice|
|poke|p2|Regigigas|
|poke|p2|Regirock|
|poke|p2|Registeel|
|poke|p2|Regieleki|
|teampreview
|inactive|Battle timer is ON: inactive players will automatically lose when time's up. (requested by periodcramphater)
|
|t:|1779944289
|teamsize|p1|6
|teamsize|p2|6
|start
|switch|p1a: Gliscor|Gliscor, M|100/100
|switch|p2a: Regice|Regice|100/100
|turn|1
|
|t:|1779944294
|switch|p1a: Iron Moth|Iron Moth|100/100
|-enditem|p1a: Iron Moth|Booster Energy
|-activate|p1a: Iron Moth|ability: Quark Drive|[fromitem]
|-start|p1a: Iron Moth|quarkdrivespe
|move|p2a: Regice|Gravity|p2a: Regice
|-fieldstart|move: Gravity
|
|upkeep
|turn|2
|
|t:|1779944303
|move|p1a: Iron Moth|Fiery Dance|p2a: Regice
|-supereffective|p2a: Regice
|-damage|p2a: Regice|56/100
|-boost|p1a: Iron Moth|spa|1
|move|p2a: Regice|Thunder|p1a: Iron Moth
|-damage|p1a: Iron Moth|68/100
|-status|p1a: Iron Moth|par
|
|upkeep
|turn|3
|
|t:|1779944321
|move|p1a: Iron Moth|Fiery Dance|p2a: Regice
|-supereffective|p2a: Regice
|-damage|p2a: Regice|0 fnt
|-boost|p1a: Iron Moth|spa|1
|faint|p2a: Regice
|
|upkeep
|
|t:|1779944323
|switch|p2a: Registeel|Registeel|100/100
|turn|4
|
|t:|1779944330
|move|p1a: Iron Moth|Fiery Dance|p2a: Registeel
|-supereffective|p2a: Registeel
|-damage|p2a: Registeel|0 fnt
|faint|p2a: Registeel
|
|upkeep
|
|t:|1779944337
|switch|p2a: Regidrago|Regidrago|100/100
|turn|5
|
|t:|1779944342
|-end|p1a: Iron Moth|Quark Drive|[silent]
|switch|p1a: Hatterene|Hatterene, F|100/100
|move|p2a: Regidrago|Earth Power|p1a: Hatterene
|-damage|p1a: Hatterene|75/100
|
|-heal|p1a: Hatterene|81/100|[from] item: Leftovers
|-fieldend|move: Gravity
|upkeep
|turn|6
|
|t:|1779944349
|switch|p2a: Regigigas|Regigigas|100/100
|-start|p2a: Regigigas|ability: Slow Start
|move|p1a: Hatterene|Nuzzle|p2a: Regigigas
|-damage|p2a: Regigigas|97/100
|-status|p2a: Regigigas|par
|
|-heal|p1a: Hatterene|87/100|[from] item: Leftovers
|-heal|p2a: Regigigas|100/100 par|[from] item: Leftovers
|upkeep
|turn|7
|
|t:|1779944361
|switch|p1a: Zamazenta|Zamazenta|100/100
|-ability|p1a: Zamazenta|Dauntless Shield|boost
|-boost|p1a: Zamazenta|def|1
|cant|p2a: Regigigas|par
|
|upkeep
|turn|8
|
|t:|1779944366
|move|p1a: Zamazenta|Reflect|p1a: Zamazenta
|-sidestart|p1: periodcramphater|Reflect
|move|p2a: Regigigas|Thunder Wave|p1a: Zamazenta
|-status|p1a: Zamazenta|par
|
|upkeep
|turn|9
|
|t:|1779944381
|move|p1a: Zamazenta|Light Screen|p1a: Zamazenta
|-sidestart|p1: periodcramphater|move: Light Screen
|move|p2a: Regigigas|Knock Off|p1a: Zamazenta
|-resisted|p1a: Zamazenta
|-damage|p1a: Zamazenta|98/100 par
|-enditem|p1a: Zamazenta|Light Clay|[from] move: Knock Off|[of] p2a: Regigigas
|
|upkeep
|turn|10
|
|t:|1779944393
|move|p2a: Regigigas|Protect|p2a: Regigigas
|-singleturn|p2a: Regigigas|Protect
|move|p1a: Zamazenta|Close Combat|p2a: Regigigas
|-activate|p2a: Regigigas|move: Protect
|
|upkeep
|turn|11
|
|t:|1779944399
|move|p1a: Zamazenta|Close Combat|p2a: Regigigas
|-supereffective|p2a: Regigigas
|-damage|p2a: Regigigas|20/100 par
|-unboost|p1a: Zamazenta|def|1
|-unboost|p1a: Zamazenta|spd|1
|move|p2a: Regigigas|Hyper Beam|p1a: Zamazenta
|-damage|p1a: Zamazenta|63/100 par
|-mustrecharge|p2a: Regigigas
|
|-heal|p2a: Regigigas|26/100 par|[from] item: Leftovers
|-end|p2a: Regigigas|Slow Start
|upkeep
|turn|12
|
|t:|1779944407
|move|p1a: Zamazenta|Close Combat|p2a: Regigigas
|-supereffective|p2a: Regigigas
|-damage|p2a: Regigigas|0 fnt
|-unboost|p1a: Zamazenta|def|1
|-unboost|p1a: Zamazenta|spd|1
|faint|p2a: Regigigas
|-end|p2a: Regigigas|Slow Start|[silent]
|
|upkeep
|c|☆periodcramphater|regi.
|c|☆t1max|regi
|
|t:|1779944433
|switch|p2a: Regidrago|Regidrago|100/100
|turn|13
|
|t:|1779944443
|switch|p2a: Regieleki|Regieleki|100/100
|move|p1a: Zamazenta|Ice Fang|p2a: Regieleki
|-damage|p2a: Regieleki|65/100
|
|upkeep
|turn|14
|
|t:|1779944454
|switch|p2a: Regirock|Regirock|100/100
|move|p1a: Zamazenta|Close Combat|p2a: Regirock
|-supereffective|p2a: Regirock
|-damage|p2a: Regirock|63/100
|-unboost|p1a: Zamazenta|def|1
|-unboost|p1a: Zamazenta|spd|1
|
|-heal|p2a: Regirock|69/100|[from] item: Leftovers
|upkeep
|turn|15
|
|t:|1779944468
|switch|p1a: Gliscor|Gliscor, M|100/100
|move|p2a: Regirock|Curse|p2a: Regirock
|-unboost|p2a: Regirock|spe|1
|-boost|p2a: Regirock|atk|1
|-boost|p2a: Regirock|def|1
|
|-heal|p2a: Regirock|75/100|[from] item: Leftovers
|-sideend|p1: periodcramphater|Reflect
|-status|p1a: Gliscor|tox|[from] item: Toxic Orb
|upkeep
|turn|16
|c|☆periodcramphater|#iloveregi
|c|☆periodcramphater|#idontlikethatcurse
|c|☆t1max|regi
|c|☆periodcramphater|regi
|
|t:|1779944492
|move|p1a: Gliscor|Swords Dance|p1a: Gliscor
|-boost|p1a: Gliscor|atk|2
|move|p2a: Regirock|Curse|p2a: Regirock
|-unboost|p2a: Regirock|spe|1
|-boost|p2a: Regirock|atk|1
|-boost|p2a: Regirock|def|1
|
|-heal|p2a: Regirock|81/100|[from] item: Leftovers
|-sideend|p1: periodcramphater|move: Light Screen
|upkeep
|turn|17
|
|t:|1779944499
|move|p1a: Gliscor|Earthquake|p2a: Regirock
|-supereffective|p2a: Regirock
|-damage|p2a: Regirock|44/100
|move|p2a: Regirock|Heavy Slam|p1a: Gliscor
|-damage|p1a: Gliscor|53/100 tox
|
|-heal|p2a: Regirock|50/100|[from] item: Leftovers
|-heal|p1a: Gliscor|65/100 tox|[from] ability: Poison Heal
|upkeep
|turn|18
|
|t:|1779944511
|move|p1a: Gliscor|Earthquake|p2a: Regirock
|-supereffective|p2a: Regirock
|-damage|p2a: Regirock|12/100
|move|p2a: Regirock|Body Press|p1a: Gliscor
|-resisted|p1a: Gliscor
|-damage|p1a: Gliscor|27/100 tox
|
|-heal|p2a: Regirock|18/100|[from] item: Leftovers
|-heal|p1a: Gliscor|39/100 tox|[from] ability: Poison Heal
|upkeep
|turn|19
|c|☆periodcramphater|regiiiiihehehe
|
|t:|1779944525
|move|p1a: Gliscor|Earthquake|p2a: Regirock
|-supereffective|p2a: Regirock
|-damage|p2a: Regirock|0 fnt
|faint|p2a: Regirock
|
|-heal|p1a: Gliscor|51/100 tox|[from] ability: Poison Heal
|upkeep
|
|t:|1779944531
|switch|p2a: Regidrago|Regidrago|100/100
|turn|20
|
|t:|1779944537
|switch|p1a: Hatterene|Hatterene, F|87/100
|move|p2a: Regidrago|Hyper Beam|p1a: Hatterene
|-damage|p1a: Hatterene|41/100
|-mustrecharge|p2a: Regidrago
|
|-heal|p1a: Hatterene|47/100|[from] item: Leftovers
|upkeep
|turn|21
|
|t:|1779944545
|cant|p2a: Regidrago|recharge
|move|p1a: Hatterene|Draining Kiss|p2a: Regidrago
|-supereffective|p2a: Regidrago
|-damage|p2a: Regidrago|55/100
|-heal|p1a: Hatterene|100/100|[from] drain|[of] p2a: Regidrago
|
|upkeep
|turn|22
|c|☆periodcramphater|regi regi
|c|☆t1max|un un un
|c|☆t1max|gg btw
|
|t:|1779944564
|move|p2a: Regidrago|Hyper Beam|p1a: Hatterene
|-damage|p1a: Hatterene|58/100
|-mustrecharge|p2a: Regidrago
|move|p1a: Hatterene|Mystical Fire|p2a: Regidrago
|-resisted|p2a: Regidrago
|-damage|p2a: Regidrago|44/100
|-unboost|p2a: Regidrago|spa|1
|
|-heal|p1a: Hatterene|64/100|[from] item: Leftovers
|upkeep
|turn|23
|c|☆periodcramphater|gg
|c|☆periodcramphater|i love the team
|
|t:|1779944587
|cant|p2a: Regidrago|recharge
|move|p1a: Hatterene|Draining Kiss|p2a: Regidrago
|-supereffective|p2a: Regidrago
|-damage|p2a: Regidrago|0 fnt
|-heal|p1a: Hatterene|100/100|[from] drain|[of] p2a: Regidrago
|faint|p2a: Regidrago
|
|upkeep
|c|☆t1max|ty
|
|t:|1779944591
|switch|p2a: Regieleki|Regieleki|65/100
|turn|24
|
|t:|1779944598
|-terastallize|p2a: Regieleki|Normal
|move|p2a: Regieleki|Extreme Speed|p1a: Hatterene
|-damage|p1a: Hatterene|54/100
|move|p1a: Hatterene|Draining Kiss|p2a: Regieleki
|-damage|p2a: Regieleki|24/100
|-heal|p1a: Hatterene|83/100|[from] drain|[of] p2a: Regieleki
|
|-heal|p1a: Hatterene|89/100|[from] item: Leftovers
|upkeep
|turn|25
|
|t:|1779944605
|move|p2a: Regieleki|Extreme Speed|p1a: Hatterene
|-crit|p1a: Hatterene
|-damage|p1a: Hatterene|14/100
|move|p1a: Hatterene|Draining Kiss|p2a: Regieleki
|-damage|p2a: Regieleki|0 fnt
|-heal|p1a: Hatterene|31/100|[from] drain|[of] p2a: Regieleki
|faint|p2a: Regieleki
|
|win|periodcramphater
|raw|periodcramphater's rating: 1355 &rarr; <strong>1378</strong><br />(+23 for winning)
|raw|t1max's rating: 1401 &rarr; <strong>1378</strong><br />(-23 for losing)
|c|☆periodcramphater|:D
|l|☆periodcramphater
|player|p1|
|c|☆t1max|based username btw lmao
|l|☆t1max
|player|p2|
