|j|☆piplupipo
|j|☆Mr.Why Kanto
|t:|1779885296
|gametype|singles
|player|p1|piplupipo|psychicf-gen4|1095
|player|p2|Mr.Why Kanto|collector|1072
|gen|9
|tier|[Gen 9] OU
|rated|
|rule|HP Percentage Mod: HP is shown in percentages
|rule|Endless Battle Clause: Forcing endless battles is banned
|rule|Species Clause: Limit one of each Pokémon
|rule|OHKO Clause: OHKO moves are banned
|rule|Evasion Items Clause: Evasion items are banned
|rule|Evasion Moves Clause: Evasion moves are banned
|rule|Evasion Abilities Clause: Evasion abilities are banned
|rule|Sleep Moves Clause: Sleep-inducing moves are banned
|clearpoke
|poke|p1|Glimmora, F|
|poke|p1|Hitmonlee, M|
|poke|p1|Eiscue, M|
|poke|p1|Polteageist|
|poke|p1|Klawf, M|
|poke|p1|Veluza, M|
|poke|p2|Porygon2|
|poke|p2|Lapras, M|
|poke|p2|Dragonite, M|
|poke|p2|Scyther, F|
|poke|p2|Electabuzz, F|
|poke|p2|Magneton|
|teampreview
|inactive|Battle timer is ON: inactive players will automatically lose when time's up. (requested by Mr.Why Kanto)
|
|t:|1779885308
|teamsize|p1|6
|teamsize|p2|6
|start
|switch|p1a: Glimmora|Glimmora, F|100/100
|switch|p2a: Electabuzz|Electabuzz, F|100/100
|turn|1
|
|t:|1779885315
|move|p2a: Electabuzz|Taunt|p1a: Glimmora
|-start|p1a: Glimmora|move: Taunt
|cant|p1a: Glimmora|move: Taunt|Stealth Rock
|
|upkeep
|turn|2
|
|t:|1779885323
|switch|p1a: Klawf|Klawf, M|100/100
|move|p2a: Electabuzz|Psychic|p1a: Klawf
|-damage|p1a: Klawf|47/100
|-ability|p1a: Klawf|Anger Shell|boost
|-boost|p1a: Klawf|atk|1
|-boost|p1a: Klawf|spa|1
|-boost|p1a: Klawf|spe|1
|-unboost|p1a: Klawf|def|1
|-unboost|p1a: Klawf|spd|1
|
|upkeep
|turn|3
|inactive|piplupipo has 120 seconds left.
|inactive|Mr.Why Kanto has 120 seconds left.
|
|t:|1779885359
|switch|p2a: Lapras|Lapras, M|100/100
|move|p1a: Klawf|High Horsepower|p2a: Lapras
|-damage|p2a: Lapras|60/100
|
|upkeep
|turn|4
|inactive|piplupipo has 120 seconds left.
|inactive|Mr.Why Kanto has 120 seconds left.
|
|t:|1779885370
|move|p1a: Klawf|Stone Edge|p2a: Lapras
|-supereffective|p2a: Lapras
|-damage|p2a: Lapras|0 fnt
|faint|p2a: Lapras
|
|upkeep
|
|t:|1779885394
|switch|p2a: Porygon2|Porygon2|100/100
|-ability|p2a: Porygon2|Anger Shell|Trace|[from] ability: Trace|[of] p1a: Klawf
|turn|5
|
|t:|1779885401
|move|p1a: Klawf|Endure|p1a: Klawf
|-singleturn|p1a: Klawf|move: Endure
|move|p2a: Porygon2|Recover||[still]
|-fail|p2a: Porygon2|heal
|
|upkeep
|turn|6
|
|t:|1779885408
|move|p1a: Klawf|Endure||[still]
|-fail|p1a: Klawf
|move|p2a: Porygon2|Charge Beam|p1a: Klawf
|-damage|p1a: Klawf|0 fnt
|-boost|p2a: Porygon2|spa|1
|faint|p1a: Klawf
|
|upkeep
|
|t:|1779885414
|switch|p1a: Glimmora|Glimmora, F|100/100
|turn|7
|inactive|Mr.Why Kanto has 120 seconds left.
|
|t:|1779885423
|switch|p2a: Magneton|Magneton|100/100
|move|p1a: Glimmora|Stealth Rock|p2a: Magneton
|-sidestart|p2: Mr.Why Kanto|move: Stealth Rock
|
|upkeep
|turn|8
|
|t:|1779885435
|switch|p1a: Polteageist|Polteageist|100/100
|move|p2a: Magneton|Thunder Wave|p1a: Polteageist
|-status|p1a: Polteageist|par
|
|upkeep
|turn|9
|
|t:|1779885446
|move|p2a: Magneton|Thunder|p1a: Polteageist
|-damage|p1a: Polteageist|27/100 par
|cant|p1a: Polteageist|par
|
|upkeep
|turn|10
|
|t:|1779885454
|move|p2a: Magneton|Thunder|p1a: Polteageist
|-damage|p1a: Polteageist|0 fnt
|faint|p1a: Polteageist
|
|upkeep
|
|t:|1779885466
|switch|p1a: Hitmonlee|Hitmonlee, M|100/100
|turn|11
|
|t:|1779885479
|switch|p2a: Scyther|Scyther, F|100/100
|-damage|p2a: Scyther|51/100|[from] Stealth Rock
|move|p1a: Hitmonlee|Earthquake|p2a: Scyther
|-immune|p2a: Scyther
|
|upkeep
|turn|12
|
|t:|1779885491
|move|p1a: Hitmonlee|Endure|p1a: Hitmonlee
|-singleturn|p1a: Hitmonlee|move: Endure
|move|p2a: Scyther|Dual Wingbeat|p1a: Hitmonlee
|-supereffective|p1a: Hitmonlee
|-activate|p1a: Hitmonlee|move: Endure
|-damage|p1a: Hitmonlee|1/100
|-enditem|p1a: Hitmonlee|Liechi Berry|[eat]
|-boost|p1a: Hitmonlee|atk|1|[from] item: Liechi Berry
|-supereffective|p1a: Hitmonlee
|-activate|p1a: Hitmonlee|move: Endure
|-damage|p1a: Hitmonlee|1/100
|-hitcount|p1a: Hitmonlee|2
|
|upkeep
|turn|13
|
|t:|1779885506
|move|p1a: Hitmonlee|Stone Edge|p2a: Scyther
|-supereffective|p2a: Scyther
|-damage|p2a: Scyther|0 fnt
|faint|p2a: Scyther
|
|upkeep
|
|t:|1779885516
|switch|p2a: Dragonite|Dragonite, M|100/100
|turn|14
|
|t:|1779885522
|-terastallize|p1a: Hitmonlee|Ghost
|move|p2a: Dragonite|Extreme Speed|p1a: Hitmonlee
|-immune|p1a: Hitmonlee
|move|p1a: Hitmonlee|Stone Edge|p2a: Dragonite
|-supereffective|p2a: Dragonite
|-damage|p2a: Dragonite|49/100
|
|upkeep
|turn|15
|
|t:|1779885542
|-terastallize|p2a: Dragonite|Normal
|move|p1a: Hitmonlee|Reversal|p2a: Dragonite
|-supereffective|p2a: Dragonite
|-damage|p2a: Dragonite|0 fnt
|faint|p2a: Dragonite
|
|upkeep
|c|☆piplupipo|righzrghzhg
|c|☆piplupipo|get pipluped lowkey
|inactive|Mr.Why Kanto has 120 seconds left.
|
|t:|1779885566
|switch|p2a: Electabuzz|Electabuzz, F|100/100
|-damage|p2a: Electabuzz|88/100|[from] Stealth Rock
|turn|16
|inactive|Mr.Why Kanto has 120 seconds left.
|
|t:|1779885574
|move|p1a: Hitmonlee|Reversal|p2a: Electabuzz
|-damage|p2a: Electabuzz|0 fnt
|faint|p2a: Electabuzz
|
|upkeep
|inactive|Mr.Why Kanto has 120 seconds left.
|-message|Mr.Why Kanto forfeited.
|
|win|piplupipo
|raw|piplupipo's rating: 1095 &rarr; <strong>1119</strong><br />(+24 for winning)
|raw|Mr.Why Kanto's rating: 1072 &rarr; <strong>1053</strong><br />(-19 for losing)
|l|☆Mr.Why Kanto
|player|p2|
|l|☆piplupipo
|player|p1|
