|j|☆skimmelk
|j|‽Tattersfieldn
|t:|1779847276
|gametype|singles
|player|p1|skimmelk|2|
|player|p2|Tattersfieldn|twins-gen4dp|
|gen|9
|tier|[Gen 9] OU
|rule|HP Percentage Mod: HP is shown in percentages
|rule|Endless Battle Clause: Forcing endless battles is banned
|rule|Species Clause: Limit one of each Pokémon
|rule|OHKO Clause: OHKO moves are banned
|rule|Evasion Items Clause: Evasion items are banned
|rule|Evasion Moves Clause: Evasion moves are banned
|rule|Evasion Abilities Clause: Evasion abilities are banned
|rule|Sleep Moves Clause: Sleep-inducing moves are banned
|clearpoke
|poke|p1|Dragonite, M|
|poke|p1|Gholdengo|
|poke|p1|Sinistcha|
|poke|p1|Porygon-Z|
|poke|p1|Ribombee, F|
|poke|p1|Reuniclus, F|
|poke|p2|Staraptor, M|
|poke|p2|Electivire, F|
|poke|p2|Skarmory, F|
|poke|p2|Emboar, F|
|poke|p2|Snorlax, M|
|poke|p2|Iron Hands|
|teampreview
|
|t:|1779847287
|teamsize|p1|6
|teamsize|p2|6
|start
|switch|p1a: Ribombee|Ribombee, F, shiny|100/100
|switch|p2a: Staraptor|Staraptor, M|100/100
|turn|1
|
|t:|1779847297
|move|p1a: Ribombee|Sticky Web|p2a: Staraptor
|-sidestart|p2: Tattersfieldn|move: Sticky Web
|move|p2a: Staraptor|Brave Bird|p1a: Ribombee
|-supereffective|p1a: Ribombee
|-enditem|p1a: Ribombee|Focus Sash
|-damage|p1a: Ribombee|1/100
|-damage|p2a: Staraptor|73/100|[from] Recoil
|
|upkeep
|turn|2
|
|t:|1779847308
|-terastallize|p2a: Staraptor|Flying
|move|p1a: Ribombee|Moonblast|p2a: Staraptor
|-damage|p2a: Staraptor|4/100
|-unboost|p2a: Staraptor|spa|1
|move|p2a: Staraptor|Brave Bird|p1a: Ribombee
|-supereffective|p1a: Ribombee
|-damage|p1a: Ribombee|0 fnt
|faint|p1a: Ribombee
|-damage|p2a: Staraptor|4/100|[from] Recoil
|
|upkeep
|
|t:|1779847328
|switch|p1a: Dragonite|Dragonite, M|100/100
|turn|3
|
|t:|1779847334
|move|p1a: Dragonite|Extreme Speed|p2a: Staraptor
|-damage|p2a: Staraptor|0 fnt
|faint|p2a: Staraptor
|
|upkeep
|
|t:|1779847342
|switch|p2a: Electivire|Electivire, F|100/100
|-item|p2a: Electivire|Air Balloon
|turn|4
|
|t:|1779847356
|move|p1a: Dragonite|Extreme Speed|p2a: Electivire
|-damage|p2a: Electivire|45/100
|-enditem|p2a: Electivire|Air Balloon
|move|p2a: Electivire|Ice Punch|p1a: Dragonite
|-supereffective|p1a: Dragonite
|-damage|p1a: Dragonite|49/100
|
|upkeep
|turn|5
|
|t:|1779847373
|move|p1a: Dragonite|Extreme Speed|p2a: Electivire
|-damage|p2a: Electivire|0 fnt
|faint|p2a: Electivire
|
|upkeep
|
|t:|1779847379
|switch|p2a: Iron Hands|Iron Hands|100/100
|-activate|p2a: Iron Hands|move: Sticky Web
|-unboost|p2a: Iron Hands|spe|1
|turn|6
|
|t:|1779847389
|switch|p1a: Reuniclus|Reuniclus, F, shiny|100/100
|move|p2a: Iron Hands|Ice Punch|p1a: Reuniclus
|-damage|p1a: Reuniclus|71/100
|
|upkeep
|turn|7
|
|t:|1779847401
|-end|p2a: Iron Hands|Quark Drive|[silent]
|switch|p2a: Skarmory|Skarmory, F|100/100
|move|p1a: Reuniclus|Psychic Noise|p2a: Skarmory
|-resisted|p2a: Skarmory
|-damage|p2a: Skarmory|67/100
|-start|p2a: Skarmory|move: Heal Block
|
|upkeep
|turn|8
|
|t:|1779847413
|move|p1a: Reuniclus|Knock Off|p2a: Skarmory
|-damage|p2a: Skarmory|56/100
|-enditem|p2a: Skarmory|Rocky Helmet|[from] move: Knock Off|[of] p1a: Reuniclus
|move|p2a: Skarmory|Whirlwind|p1a: Reuniclus
|drag|p1a: Sinistcha|Sinistcha|100/100
|
|-end|p2a: Skarmory|move: Heal Block
|upkeep
|turn|9
|
|t:|1779847424
|move|p2a: Skarmory|Spikes|p1a: Sinistcha
|-sidestart|p1: skimmelk|Spikes
|move|p1a: Sinistcha|Calm Mind|p1a: Sinistcha
|-boost|p1a: Sinistcha|spa|1
|-boost|p1a: Sinistcha|spd|1
|
|upkeep
|turn|10
|
|t:|1779847430
|move|p1a: Sinistcha|Shadow Ball|p2a: Skarmory
|-damage|p2a: Skarmory|0 fnt
|faint|p2a: Skarmory
|
|upkeep
|
|t:|1779847435
|switch|p2a: Iron Hands|Iron Hands|100/100
|-activate|p2a: Iron Hands|move: Sticky Web
|-unboost|p2a: Iron Hands|spe|1
|turn|11
|
|t:|1779847442
|move|p1a: Sinistcha|Calm Mind|p1a: Sinistcha
|-boost|p1a: Sinistcha|spa|1
|-boost|p1a: Sinistcha|spd|1
|move|p2a: Iron Hands|Ice Punch|p1a: Sinistcha
|-supereffective|p1a: Sinistcha
|-damage|p1a: Sinistcha|62/100
|
|upkeep
|turn|12
|
|t:|1779847473
|move|p1a: Sinistcha|Strength Sap|p2a: Iron Hands
|-unboost|p2a: Iron Hands|atk|1
|-heal|p1a: Sinistcha|100/100
|move|p2a: Iron Hands|Ice Punch|p1a: Sinistcha
|-supereffective|p1a: Sinistcha
|-damage|p1a: Sinistcha|73/100
|
|upkeep
|turn|13
|
|t:|1779847481
|-end|p2a: Iron Hands|Quark Drive|[silent]
|switch|p2a: Emboar|Emboar, F|100/100
|-item|p2a: Emboar|Air Balloon
|move|p1a: Sinistcha|Calm Mind|p1a: Sinistcha
|-boost|p1a: Sinistcha|spa|1
|-boost|p1a: Sinistcha|spd|1
|
|upkeep
|turn|14
|
|t:|1779847492
|move|p1a: Sinistcha|Shadow Ball|p2a: Emboar
|-damage|p2a: Emboar|12/100
|-enditem|p2a: Emboar|Air Balloon
|move|p2a: Emboar|Flare Blitz|p1a: Sinistcha
|-supereffective|p1a: Sinistcha
|-damage|p1a: Sinistcha|19/100
|-damage|p2a: Emboar|0 fnt|[from] Recoil
|faint|p2a: Emboar
|
|upkeep
|
|t:|1779847502
|switch|p2a: Iron Hands|Iron Hands|100/100
|-activate|p2a: Iron Hands|move: Sticky Web
|-unboost|p2a: Iron Hands|spe|1
|turn|15
|
|t:|1779847507
|move|p1a: Sinistcha|Strength Sap|p2a: Iron Hands
|-unboost|p2a: Iron Hands|atk|1
|-heal|p1a: Sinistcha|100/100
|move|p2a: Iron Hands|Ice Punch|p1a: Sinistcha
|-supereffective|p1a: Sinistcha
|-damage|p1a: Sinistcha|74/100
|
|upkeep
|turn|16
|
|t:|1779847519
|move|p1a: Sinistcha|Matcha Gotcha|p2a: Iron Hands
|-crit|p2a: Iron Hands
|-damage|p2a: Iron Hands|29/100
|-heal|p1a: Sinistcha|100/100|[from] drain|[of] p2a: Iron Hands
|move|p2a: Iron Hands|Ice Punch|p1a: Sinistcha
|-supereffective|p1a: Sinistcha
|-damage|p1a: Sinistcha|75/100
|
|upkeep
|turn|17
|
|t:|1779847528
|-end|p2a: Iron Hands|Quark Drive|[silent]
|switch|p2a: Snorlax|Snorlax, M|100/100
|-activate|p2a: Snorlax|move: Sticky Web
|-unboost|p2a: Snorlax|spe|1
|move|p1a: Sinistcha|Shadow Ball|p2a: Snorlax
|-immune|p2a: Snorlax
|
|upkeep
|turn|18
|
|t:|1779847543
|move|p1a: Sinistcha|Strength Sap|p2a: Snorlax
|-unboost|p2a: Snorlax|atk|1
|-heal|p1a: Sinistcha|100/100
|move|p2a: Snorlax|Crunch|p1a: Sinistcha
|-supereffective|p1a: Sinistcha
|-damage|p1a: Sinistcha|81/100
|
|upkeep
|turn|19
|
|t:|1779847563
|move|p1a: Sinistcha|Matcha Gotcha|p2a: Snorlax|[miss]
|-miss|p1a: Sinistcha|p2a: Snorlax
|move|p2a: Snorlax|Crunch|p1a: Sinistcha
|-supereffective|p1a: Sinistcha
|-damage|p1a: Sinistcha|63/100
|
|upkeep
|turn|20
|
|t:|1779847571
|move|p1a: Sinistcha|Matcha Gotcha|p2a: Snorlax
|-damage|p2a: Snorlax|61/100
|-heal|p1a: Sinistcha|92/100|[from] drain|[of] p2a: Snorlax
|move|p2a: Snorlax|Crunch|p1a: Sinistcha
|-supereffective|p1a: Sinistcha
|-damage|p1a: Sinistcha|75/100
|
|-heal|p2a: Snorlax|67/100|[from] item: Leftovers
|upkeep
|turn|21
|
|t:|1779847583
|move|p1a: Sinistcha|Matcha Gotcha|p2a: Snorlax
|-damage|p2a: Snorlax|25/100
|-heal|p1a: Sinistcha|100/100|[from] drain|[of] p2a: Snorlax
|move|p2a: Snorlax|Crunch|p1a: Sinistcha
|-supereffective|p1a: Sinistcha
|-damage|p1a: Sinistcha|83/100
|
|-heal|p2a: Snorlax|32/100|[from] item: Leftovers
|upkeep
|turn|22
|
|t:|1779847592
|move|p1a: Sinistcha|Matcha Gotcha|p2a: Snorlax
|-damage|p2a: Snorlax|0 fnt
|-heal|p1a: Sinistcha|100/100|[from] drain|[of] p2a: Snorlax
|faint|p2a: Snorlax
|
|upkeep
|
|t:|1779847598
|switch|p2a: Iron Hands|Iron Hands|29/100
|-activate|p2a: Iron Hands|move: Sticky Web
|-unboost|p2a: Iron Hands|spe|1
|turn|23
|
|t:|1779847604
|move|p1a: Sinistcha|Shadow Ball|p2a: Iron Hands
|-damage|p2a: Iron Hands|0 fnt
|faint|p2a: Iron Hands
|-end|p2a: Iron Hands|Quark Drive|[silent]
|
|win|skimmelk
