|j|☆fgidfid
|j|☆bring09
|t:|1779861010
|gametype|singles
|player|p1|fgidfid|pokemonranger-gen4|1249
|player|p2|bring09|2|1372
|gen|9
|tier|[Gen 9] OU
|rated|
|rule|HP Percentage Mod: HP is shown in percentages
|rule|Endless Battle Clause: Forcing endless battles is banned
|rule|Species Clause: Limit one of each Pokémon
|rule|OHKO Clause: OHKO moves are banned
|rule|Evasion Items Clause: Evasion items are banned
|rule|Evasion Moves Clause: Evasion moves are banned
|rule|Evasion Abilities Clause: Evasion abilities are banned
|rule|Sleep Moves Clause: Sleep-inducing moves are banned
|clearpoke
|poke|p1|Iron Jugulis|
|poke|p1|Ogerpon-Wellspring, F|
|poke|p1|Iron Treads|
|poke|p1|Samurott-Hisui, M|
|poke|p1|Gholdengo|
|poke|p1|Zamazenta-*|
|poke|p2|Ceruledge, M|
|poke|p2|Dragapult, M|
|poke|p2|Garchomp, M|
|poke|p2|Meowscarada, F|
|poke|p2|Keldeo-Resolute|
|poke|p2|Iron Valiant|
|teampreview
|inactive|Battle timer is ON: inactive players will automatically lose when time's up. (requested by fgidfid)
|
|t:|1779861021
|teamsize|p1|6
|teamsize|p2|6
|start
|switch|p1a: Iron Treadmil|Iron Treads|100/100
|switch|p2a: GATA|Meowscarada, F|100/100
|turn|1
|
|t:|1779861031
|move|p2a: GATA|Knock Off|p1a: Iron Treadmil
|-start|p2a: GATA|typechange|Dark|[from] ability: Protean
|-damage|p1a: Iron Treadmil|59/100
|-enditem|p1a: Iron Treadmil|Leftovers|[from] move: Knock Off|[of] p2a: GATA
|move|p1a: Iron Treadmil|Stealth Rock|p2a: GATA
|-sidestart|p2: bring09|move: Stealth Rock
|
|upkeep
|turn|2
|
|t:|1779861044
|switch|p2a: CHULO|Garchomp, M|100/100
|-damage|p2a: CHULO|94/100|[from] Stealth Rock
|move|p1a: Iron Treadmil|Earthquake|p2a: CHULO
|-damage|p2a: CHULO|43/100
|
|upkeep
|turn|3
|
|t:|1779861051
|move|p1a: Iron Treadmil|Earthquake|p2a: CHULO
|-damage|p2a: CHULO|0 fnt
|faint|p2a: CHULO
|
|upkeep
|
|t:|1779861075
|switch|p2a: Soldier|Iron Valiant, shiny|100/100
|-damage|p2a: Soldier|94/100|[from] Stealth Rock
|-enditem|p2a: Soldier|Booster Energy
|-activate|p2a: Soldier|ability: Quark Drive|[fromitem]
|-start|p2a: Soldier|quarkdrivespe
|turn|4
|
|t:|1779861092
|move|p2a: Soldier|Aura Sphere|p1a: Iron Treadmil
|-supereffective|p1a: Iron Treadmil
|-damage|p1a: Iron Treadmil|0 fnt
|faint|p1a: Iron Treadmil
|-end|p1a: Iron Treadmil|Quark Drive|[silent]
|
|upkeep
|
|t:|1779861096
|switch|p1a: Ghold|Gholdengo|100/100
|turn|5
|
|t:|1779861102
|move|p2a: Soldier|Destiny Bond|p2a: Soldier
|-singlemove|p2a: Soldier|Destiny Bond
|move|p1a: Ghold|Thunder Wave|p2a: Soldier|[miss]
|-miss|p1a: Ghold|p2a: Soldier
|
|upkeep
|turn|6
|
|t:|1779861119
|move|p2a: Soldier|Moonblast|p1a: Ghold
|-resisted|p1a: Ghold
|-damage|p1a: Ghold|74/100
|move|p1a: Ghold|Thunder Wave|p2a: Soldier
|-status|p2a: Soldier|par
|
|upkeep
|turn|7
|
|t:|1779861142
|switch|p1a: Samurai|Samurott-Hisui, M|100/100
|move|p2a: Soldier|Moonblast|p1a: Samurai
|-supereffective|p1a: Samurai
|-crit|p1a: Samurai
|-damage|p1a: Samurai|0 fnt
|faint|p1a: Samurai
|
|upkeep
|
|t:|1779861155
|switch|p1a: Ghold|Gholdengo|74/100
|turn|8
|
|t:|1779861159
|move|p1a: Ghold|Make It Rain|p2a: Soldier
|-supereffective|p2a: Soldier
|-damage|p2a: Soldier|0 fnt
|-unboost|p1a: Ghold|spa|1
|faint|p2a: Soldier
|-end|p2a: Soldier|Quark Drive|[silent]
|
|upkeep
|inactive|bring09 has 120 seconds left.
|
|t:|1779861197
|switch|p2a: RUIN|Dragapult, M|100/100
|-damage|p2a: RUIN|88/100|[from] Stealth Rock
|turn|9
|inactive|bring09 has 120 seconds left.
|
|t:|1779861208
|switch|p1a: BigZah|Zamazenta|100/100
|-ability|p1a: BigZah|Dauntless Shield|boost
|-boost|p1a: BigZah|def|1
|move|p2a: RUIN|Dragon Dance|p2a: RUIN
|-boost|p2a: RUIN|atk|1
|-boost|p2a: RUIN|spe|1
|
|upkeep
|turn|10
|inactive|bring09 has 120 seconds left.
|
|t:|1779861223
|move|p2a: RUIN|Will-O-Wisp|p1a: BigZah
|-status|p1a: BigZah|brn
|move|p1a: BigZah|Roar|p2a: RUIN
|drag|p2a: LATINO|Keldeo-Resolute|100/100
|-damage|p2a: LATINO|94/100|[from] Stealth Rock
|
|-damage|p1a: BigZah|94/100 brn|[from] brn
|upkeep
|turn|11
|inactive|bring09 has 120 seconds left.
|
|t:|1779861243
|-terastallize|p2a: LATINO|Water
|move|p1a: BigZah|Body Press|p2a: LATINO
|-damage|p2a: LATINO|68/100
|move|p2a: LATINO|Surf|p1a: BigZah
|-damage|p1a: BigZah|19/100 brn
|
|-heal|p1a: BigZah|25/100 brn|[from] item: Leftovers
|-damage|p1a: BigZah|19/100 brn|[from] brn
|upkeep
|turn|12
|inactive|bring09 has 120 seconds left.
|
|t:|1779861254
|switch|p1a: Ogerpond|Ogerpon-Wellspring, F|100/100
|switch|p2a: RUIN|Dragapult, M|88/100
|-damage|p2a: RUIN|76/100|[from] Stealth Rock
|
|upkeep
|turn|13
|inactive|bring09 has 120 seconds left.
|
|t:|1779861268
|switch|p1a: BigZah|Zamazenta|19/100 brn
|move|p2a: RUIN|Will-O-Wisp|p1a: BigZah
|-fail|p1a: BigZah|brn
|
|-heal|p1a: BigZah|25/100 brn|[from] item: Leftovers
|-damage|p1a: BigZah|19/100 brn|[from] brn
|upkeep
|turn|14
|
|t:|1779861276
|move|p2a: RUIN|Psychic Fangs|p1a: BigZah
|-supereffective|p1a: BigZah
|-damage|p1a: BigZah|0 fnt
|faint|p1a: BigZah
|-damage|p2a: RUIN|66/100|[from] item: Life Orb
|
|upkeep
|
|t:|1779861279
|switch|p1a: Ghold|Gholdengo|74/100
|turn|15
|
|t:|1779861297
|move|p2a: RUIN|Will-O-Wisp|p1a: Ghold
|-immune|p1a: Ghold|[from] ability: Good as Gold
|move|p1a: Ghold|Thunder Wave|p2a: RUIN
|-status|p2a: RUIN|par
|
|upkeep
|turn|16
|
|t:|1779861313
|switch|p1a: Ogerpond|Ogerpon-Wellspring, F|100/100
|move|p2a: RUIN|Dragon Darts|p1a: Ogerpond
|-damage|p1a: Ogerpond|60/100
|-anim|p2a: RUIN|Dragon Darts|p1a: Ogerpond
|-damage|p1a: Ogerpond|19/100
|-damage|p2a: RUIN|56/100 par|[from] item: Life Orb
|
|upkeep
|turn|17
|
|t:|1779861323
|move|p1a: Ogerpond|Spiky Shield|p1a: Ogerpond
|-singleturn|p1a: Ogerpond|move: Protect
|move|p2a: RUIN|Dragon Darts|p1a: Ogerpond
|-activate|p1a: Ogerpond|move: Protect
|
|upkeep
|turn|18
|
|t:|1779861330
|move|p1a: Ogerpond|Play Rough|p2a: RUIN
|-supereffective|p2a: RUIN
|-damage|p2a: RUIN|0 fnt
|faint|p2a: RUIN
|
|upkeep
|
|t:|1779861351
|switch|p2a: AS|Ceruledge, M, shiny|100/100
|-damage|p2a: AS|75/100|[from] Stealth Rock
|turn|19
|
|t:|1779861356
|move|p2a: AS|Shadow Sneak|p1a: Ogerpond
|-damage|p1a: Ogerpond|0 fnt
|faint|p1a: Ogerpond
|
|upkeep
|
|t:|1779861358
|switch|p1a: ChugJug|Iron Jugulis|100/100
|turn|20
|
|t:|1779861369
|switch|p2a: LATINO|Keldeo-Resolute, tera:Water|68/100
|-damage|p2a: LATINO|56/100|[from] Stealth Rock
|move|p1a: ChugJug|Hurricane|p2a: LATINO
|-damage|p2a: LATINO|0 fnt
|faint|p2a: LATINO
|
|upkeep
|
|t:|1779861385
|switch|p2a: GATA|Meowscarada, F|100/100
|-damage|p2a: GATA|88/100|[from] Stealth Rock
|turn|21
|
|t:|1779861392
|-terastallize|p1a: ChugJug|Fire
|move|p2a: GATA|Triple Axel|p1a: ChugJug
|-start|p2a: GATA|typechange|Ice|[from] ability: Protean
|-resisted|p1a: ChugJug
|-damage|p1a: ChugJug|94/100
|-resisted|p1a: ChugJug
|-damage|p1a: ChugJug|83/100
|-hitcount|p1a: ChugJug|2
|move|p1a: ChugJug|Hurricane|p2a: GATA
|-damage|p2a: GATA|0 fnt
|faint|p2a: GATA
|
|upkeep
|
|t:|1779861403
|switch|p2a: AS|Ceruledge, M, shiny|75/100
|-damage|p2a: AS|50/100|[from] Stealth Rock
|turn|22
|c|☆fgidfid|gg
|
|t:|1779861408
|move|p2a: AS|Shadow Sneak|p1a: ChugJug
|-damage|p1a: ChugJug|57/100
|move|p1a: ChugJug|Hurricane|p2a: AS
|-damage|p2a: AS|0 fnt
|faint|p2a: AS
|
|win|fgidfid
|raw|fgidfid's rating: 1249 &rarr; <strong>1282</strong><br />(+33 for winning)
|raw|bring09's rating: 1372 &rarr; <strong>1345</strong><br />(-27 for losing)
|l|☆bring09
|player|p2|
|l|☆fgidfid
|player|p1|
