|j|☆daisyx3
|j|☆Rapirak
|t:|1779831309
|gametype|singles
|player|p1|daisyx3|beauty-gen4dp|1126
|player|p2|Rapirak|102|1169
|gen|9
|tier|[Gen 9] OU
|rated|
|rule|HP Percentage Mod: HP is shown in percentages
|rule|Endless Battle Clause: Forcing endless battles is banned
|rule|Species Clause: Limit one of each Pokémon
|rule|OHKO Clause: OHKO moves are banned
|rule|Evasion Items Clause: Evasion items are banned
|rule|Evasion Moves Clause: Evasion moves are banned
|rule|Evasion Abilities Clause: Evasion abilities are banned
|rule|Sleep Moves Clause: Sleep-inducing moves are banned
|clearpoke
|poke|p1|Slither Wing|
|poke|p1|Iron Moth|
|poke|p1|Zapdos|
|poke|p1|Tornadus-Therian, M|
|poke|p1|Ogerpon-Wellspring, F|
|poke|p1|Slowking-Galar, F|
|poke|p2|Staraptor, M|
|poke|p2|Dragapult, M|
|poke|p2|Garchomp, F|
|poke|p2|Galvantula, F|
|poke|p2|Ninetales, M|
|poke|p2|Glimmora, F|
|teampreview
|inactive|Battle timer is ON: inactive players will automatically lose when time's up. (requested by Rapirak)
|
|t:|1779831317
|teamsize|p1|6
|teamsize|p2|6
|start
|switch|p1a: Zapdos|Zapdos|100/100
|switch|p2a: Galvantula|Galvantula, F|100/100
|turn|1
|
|t:|1779831327
|move|p2a: Galvantula|Sticky Web|p1a: Zapdos
|-sidestart|p1: daisyx3|move: Sticky Web
|move|p1a: Zapdos|Hurricane|p2a: Galvantula
|-enditem|p2a: Galvantula|Focus Sash
|-damage|p2a: Galvantula|1/100
|-start|p2a: Galvantula|confusion
|
|upkeep
|turn|2
|
|t:|1779831336
|-activate|p2a: Galvantula|confusion
|move|p2a: Galvantula|Bug Buzz|p1a: Zapdos
|-resisted|p1a: Zapdos
|-damage|p1a: Zapdos|65/100
|move|p1a: Zapdos|Discharge|p2a: Galvantula
|-resisted|p2a: Galvantula
|-damage|p2a: Galvantula|0 fnt
|faint|p2a: Galvantula
|
|upkeep
|
|t:|1779831342
|switch|p2a: Ninetales|Ninetales, M|100/100
|-weather|SunnyDay|[from] ability: Drought|[of] p2a: Ninetales
|turn|3
|
|t:|1779831348
|move|p2a: Ninetales|Weather Ball|p1a: Zapdos
|-damage|p1a: Zapdos|0 fnt
|faint|p1a: Zapdos
|
|-weather|SunnyDay|[upkeep]
|upkeep
|
|t:|1779831355
|switch|p1a: Ogerpon|Ogerpon-Wellspring, F|100/100
|-activate|p1a: Ogerpon|move: Sticky Web
|-unboost|p1a: Ogerpon|spe|1
|turn|4
|
|t:|1779831367
|switch|p2a: Glimmora|Glimmora, F|100/100
|-terastallize|p1a: Ogerpon|Water
|detailschange|p1a: Ogerpon|Ogerpon-Wellspring-Tera, F, tera:Water
|-ability|p1a: Ogerpon|Embody Aspect (Wellspring)|boost
|-boost|p1a: Ogerpon|spd|1
|move|p1a: Ogerpon|Spikes|p2a: Glimmora
|-sidestart|p2: Rapirak|Spikes
|
|-weather|SunnyDay|[upkeep]
|upkeep
|turn|5
|
|t:|1779831379
|move|p1a: Ogerpon|Ivy Cudgel|p2a: Glimmora|[anim] Ivy Cudgel Water
|-supereffective|p2a: Glimmora
|-crit|p2a: Glimmora
|-enditem|p2a: Glimmora|Focus Sash
|-damage|p2a: Glimmora|1/100
|-activate|p2a: Glimmora|ability: Toxic Debris
|-sidestart|p1: daisyx3|move: Toxic Spikes
|move|p2a: Glimmora|Mortal Spin|p1a: Ogerpon
|-damage|p1a: Ogerpon|92/100
|-status|p1a: Ogerpon|psn
|-sideend|p2: Rapirak|Spikes|[from] move: Mortal Spin|[of] p2a: Glimmora
|
|-weather|SunnyDay|[upkeep]
|-damage|p1a: Ogerpon|79/100 psn|[from] psn
|upkeep
|turn|6
|
|t:|1779831392
|move|p1a: Ogerpon|Horn Leech|p2a: Glimmora
|-damage|p2a: Glimmora|0 fnt
|-heal|p1a: Ogerpon|80/100 psn|[from] drain|[of] p2a: Glimmora
|-activate|p2a: Glimmora|ability: Toxic Debris
|-sidestart|p1: daisyx3|move: Toxic Spikes
|faint|p2a: Glimmora
|
|-weather|SunnyDay|[upkeep]
|-damage|p1a: Ogerpon|67/100 psn|[from] psn
|upkeep
|l|☆daisyx3
|inactive|daisyx3 disconnected and has a minute to reconnect!
|player|p1|
|
|t:|1779831397
|switch|p2a: Staraptor|Staraptor, M|100/100
|turn|7
|j|☆daisyx3
|inactive|daisyx3 reconnected and has 145 seconds left.
|player|p1|daisyx3|beauty-gen4dp|
|
|t:|1779831409
|switch|p1a: Slowking|Slowking-Galar, F|100/100
|-sideend|p1: daisyx3|move: Toxic Spikes|[of] p1a: Slowking
|move|p2a: Staraptor|Brave Bird|p1a: Slowking
|-damage|p1a: Slowking|49/100
|-damage|p2a: Staraptor|79/100|[from] Recoil
|
|-weather|none
|upkeep
|turn|8
|
|t:|1779831420
|-terastallize|p2a: Staraptor|Flying
|move|p2a: Staraptor|Brave Bird|p1a: Slowking
|-damage|p1a: Slowking|0 fnt
|faint|p1a: Slowking
|-damage|p2a: Staraptor|59/100|[from] Recoil
|
|upkeep
|
|t:|1779831430
|switch|p1a: Slither Wing|Slither Wing|100/100
|-activate|p1a: Slither Wing|move: Sticky Web
|-unboost|p1a: Slither Wing|spe|1
|turn|9
|
|t:|1779831434
|move|p2a: Staraptor|Brave Bird|p1a: Slither Wing
|-supereffective|p1a: Slither Wing
|-damage|p1a: Slither Wing|0 fnt
|faint|p1a: Slither Wing
|-end|p1a: Slither Wing|Protosynthesis|[silent]
|-damage|p2a: Staraptor|26/100|[from] Recoil
|
|upkeep
|
|t:|1779831436
|switch|p1a: Tornadus|Tornadus-Therian, M|100/100
|turn|10
|c|☆Rapirak|Staraptor on top
|
|t:|1779831450
|move|p2a: Staraptor|Brave Bird|p1a: Tornadus
|-damage|p1a: Tornadus|0 fnt
|faint|p1a: Tornadus
|-damage|p2a: Staraptor|0 fnt|[from] Recoil
|faint|p2a: Staraptor
|
|upkeep
|
|t:|1779831462
|switch|p1a: Ogerpon|Ogerpon-Wellspring-Tera, F, tera:Water|67/100 psn
|switch|p2a: Ninetales|Ninetales, M|100/100
|-weather|SunnyDay|[from] ability: Drought|[of] p2a: Ninetales
|-activate|p1a: Ogerpon|move: Sticky Web
|-unboost|p1a: Ogerpon|spe|1
|-ability|p1a: Ogerpon|Embody Aspect (Wellspring)|boost
|-boost|p1a: Ogerpon|spd|1
|turn|11
|
|t:|1779831466
|move|p2a: Ninetales|Solar Beam||[still]
|-prepare|p2a: Ninetales|Solar Beam
|-anim|p2a: Ninetales|Solar Beam|p1a: Ogerpon
|-supereffective|p1a: Ogerpon
|-damage|p1a: Ogerpon|16/100 psn
|move|p1a: Ogerpon|Ivy Cudgel|p2a: Ninetales|[anim] Ivy Cudgel Water
|-supereffective|p2a: Ninetales
|-damage|p2a: Ninetales|0 fnt
|faint|p2a: Ninetales
|
|-weather|SunnyDay|[upkeep]
|-damage|p1a: Ogerpon|4/100 psn|[from] psn
|upkeep
|
|t:|1779831471
|switch|p2a: Dragapult|Dragapult, M|100/100
|turn|12
|
|t:|1779831482
|move|p2a: Dragapult|Dragon Dance|p2a: Dragapult
|-boost|p2a: Dragapult|atk|1
|-boost|p2a: Dragapult|spe|1
|move|p1a: Ogerpon|Ivy Cudgel|p2a: Dragapult|[anim] Ivy Cudgel Water
|-resisted|p2a: Dragapult
|-damage|p2a: Dragapult|71/100
|
|-weather|SunnyDay|[upkeep]
|-damage|p1a: Ogerpon|0 fnt|[from] psn
|faint|p1a: Ogerpon
|detailschange|p1: Ogerpon|Ogerpon-Wellspring, F|[silent]
|upkeep
|
|t:|1779831489
|switch|p1a: Iron Moth|Iron Moth|100/100
|-activate|p1a: Iron Moth|move: Sticky Web
|-unboost|p1a: Iron Moth|spe|1
|-enditem|p1a: Iron Moth|Booster Energy
|-activate|p1a: Iron Moth|ability: Quark Drive|[fromitem]
|-start|p1a: Iron Moth|quarkdrivespa
|turn|13
|
|t:|1779831494
|move|p2a: Dragapult|Dragon Darts|p1a: Iron Moth
|-damage|p1a: Iron Moth|50/100
|-anim|p2a: Dragapult|Dragon Darts|p1a: Iron Moth
|-damage|p1a: Iron Moth|0 fnt
|faint|p1a: Iron Moth
|-end|p1a: Iron Moth|Quark Drive|[silent]
|
|win|Rapirak
|raw|daisyx3's rating: 1126 &rarr; <strong>1104</strong><br />(-22 for losing)
|raw|Rapirak's rating: 1169 &rarr; <strong>1191</strong><br />(+22 for winning)
|c|☆Rapirak|ez
|l|☆daisyx3
|player|p1|
