|j|☆He_52210
|j|☆Cerunights
|t:|1779810508
|gametype|singles
|player|p1|He_52210|dancer|1246
|player|p2|Cerunights|erika-masters|1237
|gen|9
|tier|[Gen 9] OU
|rated|
|rule|HP Percentage Mod: HP is shown in percentages
|rule|Endless Battle Clause: Forcing endless battles is banned
|rule|Species Clause: Limit one of each Pokémon
|rule|OHKO Clause: OHKO moves are banned
|rule|Evasion Items Clause: Evasion items are banned
|rule|Evasion Moves Clause: Evasion moves are banned
|rule|Evasion Abilities Clause: Evasion abilities are banned
|rule|Sleep Moves Clause: Sleep-inducing moves are banned
|clearpoke
|poke|p1|Porygon-Z|
|poke|p1|Corviknight, F|
|poke|p1|Scizor, F|
|poke|p1|Great Tusk|
|poke|p1|Tornadus-Therian, M|
|poke|p1|Ceruledge, F|
|poke|p2|Lokix, M|
|poke|p2|Iron Valiant|
|poke|p2|Ceruledge, F|
|poke|p2|Pecharunt|
|poke|p2|Maushold|
|poke|p2|Ninetales-Alola, F|
|teampreview
|inactive|Battle timer is ON: inactive players will automatically lose when time's up. (requested by Cerunights)
|
|t:|1779810532
|teamsize|p1|6
|teamsize|p2|6
|start
|switch|p1a: Scizor|Scizor, F|100/100
|switch|p2a: Ninetales|Ninetales-Alola, F|100/100
|-weather|Snowscape|[from] ability: Snow Warning|[of] p2a: Ninetales
|turn|1
|
|t:|1779810537
|switch|p2a: Pecharunt|Pecharunt|100/100
|move|p1a: Scizor|Bullet Punch|p2a: Pecharunt
|-damage|p2a: Pecharunt|75/100
|
|-weather|Snowscape|[upkeep]
|-heal|p2a: Pecharunt|81/100|[from] item: Leftovers
|upkeep
|turn|2
|
|t:|1779810542
|move|p1a: Scizor|Swords Dance|p1a: Scizor
|-boost|p1a: Scizor|atk|2
|move|p2a: Pecharunt|Nasty Plot|p2a: Pecharunt
|-boost|p2a: Pecharunt|spa|2
|
|-weather|Snowscape|[upkeep]
|-heal|p2a: Pecharunt|87/100|[from] item: Leftovers
|upkeep
|turn|3
|
|t:|1779810551
|move|p1a: Scizor|Bullet Punch|p2a: Pecharunt
|-damage|p2a: Pecharunt|41/100
|move|p2a: Pecharunt|Hex|p1a: Scizor
|-damage|p1a: Scizor|14/100
|
|-weather|Snowscape|[upkeep]
|-heal|p2a: Pecharunt|47/100|[from] item: Leftovers
|upkeep
|turn|4
|
|t:|1779810557
|move|p1a: Scizor|Bullet Punch|p2a: Pecharunt
|-damage|p2a: Pecharunt|0 fnt
|faint|p2a: Pecharunt
|
|-weather|Snowscape|[upkeep]
|upkeep
|
|t:|1779810562
|switch|p2a: Decade|Lokix, M|100/100
|turn|5
|
|t:|1779810565
|switch|p1a: Corviknight|Corviknight, F|100/100
|-ability|p1a: Corviknight|Pressure
|move|p2a: Decade|Sucker Punch||[still]
|-fail|p2a: Decade
|
|-weather|none
|upkeep
|turn|6
|
|t:|1779810576
|switch|p2a: Ninetales|Ninetales-Alola, F|100/100
|-weather|Snowscape|[from] ability: Snow Warning|[of] p2a: Ninetales
|move|p1a: Corviknight|Body Press|p2a: Ninetales
|-damage|p2a: Ninetales|86/100
|
|-weather|Snowscape|[upkeep]
|upkeep
|turn|7
|
|t:|1779810584
|move|p2a: Ninetales|Aurora Veil|p2a: Ninetales
|-sidestart|p2: Cerunights|move: Aurora Veil
|move|p1a: Corviknight|Defog|p2a: Ninetales
|-unboost|p2a: Ninetales|evasion|1
|-sideend|p2: Cerunights|move: Aurora Veil
|
|-weather|Snowscape|[upkeep]
|upkeep
|turn|8
|
|t:|1779810588
|move|p2a: Ninetales|Blizzard|p1a: Corviknight
|-damage|p1a: Corviknight|70/100
|move|p1a: Corviknight|U-turn|p2a: Ninetales
|-resisted|p2a: Ninetales
|-damage|p2a: Ninetales|82/100
|
|t:|1779810590
|switch|p1a: Scizor|Scizor, F|14/100|[from] U-turn
|
|-weather|Snowscape|[upkeep]
|upkeep
|turn|9
|
|t:|1779810593
|move|p1a: Scizor|Bullet Punch|p2a: Ninetales
|-supereffective|p2a: Ninetales
|-damage|p2a: Ninetales|0 fnt
|faint|p2a: Ninetales
|
|-weather|Snowscape|[upkeep]
|upkeep
|
|t:|1779810596
|switch|p2a: Decade|Lokix, M|100/100
|turn|10
|
|t:|1779810604
|switch|p1a: Corviknight|Corviknight, F|70/100
|-ability|p1a: Corviknight|Pressure
|move|p2a: Decade|Swords Dance|p2a: Decade
|-boost|p2a: Decade|atk|2
|
|-weather|none
|upkeep
|turn|11
|
|t:|1779810609
|-terastallize|p2a: Decade|Dark
|move|p2a: Decade|Knock Off|p1a: Corviknight
|-damage|p1a: Corviknight|0 fnt
|-damage|p2a: Decade|84/100|[from] item: Rocky Helmet|[of] p1a: Corviknight
|-enditem|p1a: Corviknight|Rocky Helmet|[from] move: Knock Off|[of] p2a: Decade
|faint|p1a: Corviknight
|
|upkeep
|
|t:|1779810619
|switch|p1a: Ceruledge|Ceruledge, F|100/100
|turn|12
|
|t:|1779810622
|move|p1a: Ceruledge|Endure|p1a: Ceruledge
|-singleturn|p1a: Ceruledge|move: Endure
|move|p2a: Decade|Knock Off|p1a: Ceruledge
|-supereffective|p1a: Ceruledge
|-activate|p1a: Ceruledge|move: Endure
|-damage|p1a: Ceruledge|1/100
|-ability|p1a: Ceruledge|Weak Armor|boost
|-unboost|p1a: Ceruledge|def|1
|-boost|p1a: Ceruledge|spe|2
|-enditem|p1a: Ceruledge|Weakness Policy
|-boost|p1a: Ceruledge|atk|2|[from] item: Weakness Policy
|-boost|p1a: Ceruledge|spa|2|[from] item: Weakness Policy
|
|upkeep
|turn|13
|
|t:|1779810630
|move|p1a: Ceruledge|Shadow Sneak|p2a: Decade
|-resisted|p2a: Decade
|-damage|p2a: Decade|53/100
|move|p2a: Decade|Sucker Punch||[still]
|-fail|p2a: Decade
|
|upkeep
|turn|14
|
|t:|1779810635
|move|p1a: Ceruledge|Bitter Blade|p2a: Decade
|-damage|p2a: Decade|0 fnt
|-heal|p1a: Ceruledge|27/100|[from] drain|[of] p2a: Decade
|faint|p2a: Decade
|
|upkeep
|
|t:|1779810639
|switch|p2a: Ceruledge|Ceruledge, F|100/100
|turn|15
|
|t:|1779810641
|move|p1a: Ceruledge|Shadow Sneak|p2a: Ceruledge
|-supereffective|p2a: Ceruledge
|-damage|p2a: Ceruledge|0 fnt
|faint|p2a: Ceruledge
|
|upkeep
|-message|Cerunights forfeited.
|
|win|He_52210
|raw|He_52210's rating: 1246 &rarr; <strong>1270</strong><br />(+24 for winning)
|raw|Cerunights's rating: 1237 &rarr; <strong>1213</strong><br />(-24 for losing)
|l|☆Cerunights
|player|p2|
