|j|☆TheManOfSausage
|j|☆pikaragedd
|t:|1779879884
|gametype|singles
|player|p1|TheManOfSausage|miku-water|1406
|player|p2|pikaragedd|170|1374
|gen|9
|tier|[Gen 9] OU
|rated|
|rule|HP Percentage Mod: HP is shown in percentages
|rule|Endless Battle Clause: Forcing endless battles is banned
|rule|Species Clause: Limit one of each Pokémon
|rule|OHKO Clause: OHKO moves are banned
|rule|Evasion Items Clause: Evasion items are banned
|rule|Evasion Moves Clause: Evasion moves are banned
|rule|Evasion Abilities Clause: Evasion abilities are banned
|rule|Sleep Moves Clause: Sleep-inducing moves are banned
|clearpoke
|poke|p1|Tyranitar, M|
|poke|p1|Excadrill, M|
|poke|p1|Gyarados, M|
|poke|p1|Latias, F|
|poke|p1|Scizor, M|
|poke|p1|Zapdos|
|poke|p2|Tyranitar, M|
|poke|p2|Cinderace, M|
|poke|p2|Lokix, M|
|poke|p2|Latios, M|
|poke|p2|Magnezone|
|poke|p2|Alomomola, M|
|teampreview
|inactive|Battle timer is ON: inactive players will automatically lose when time's up. (requested by pikaragedd)
|
|t:|1779879909
|teamsize|p1|6
|teamsize|p2|6
|start
|switch|p1a: Zapdos|Zapdos|100/100
|switch|p2a: Alomomola|Alomomola, M|100/100
|turn|1
|
|t:|1779879924
|switch|p2a: Latios|Latios, M|100/100
|move|p1a: Zapdos|Thunder Wave|p2a: Latios
|-status|p2a: Latios|par
|
|upkeep
|turn|2
|
|t:|1779879932
|move|p2a: Latios|Trick|p1a: Zapdos
|-activate|p2a: Latios|move: Trick|[of] p1a: Zapdos
|-item|p1a: Zapdos|Choice Scarf|[from] move: Trick
|-item|p2a: Latios|Heavy-Duty Boots|[from] move: Trick
|move|p1a: Zapdos|Volt Switch|p2a: Latios
|-resisted|p2a: Latios
|-damage|p2a: Latios|85/100 par
|
|t:|1779879939
|switch|p1a: Tyranitar|Tyranitar, M|100/100|[from] Volt Switch
|-weather|Sandstorm|[from] ability: Sand Stream|[of] p1a: Tyranitar
|
|-weather|Sandstorm|[upkeep]
|-damage|p2a: Latios|79/100 par|[from] Sandstorm
|upkeep
|turn|3
|
|t:|1779879947
|cant|p2a: Latios|par
|move|p1a: Tyranitar|Knock Off|p2a: Latios
|-supereffective|p2a: Latios
|-crit|p2a: Latios
|-damage|p2a: Latios|0 fnt
|-enditem|p2a: Latios|Heavy-Duty Boots|[from] move: Knock Off|[of] p1a: Tyranitar
|faint|p2a: Latios
|
|-weather|Sandstorm|[upkeep]
|upkeep
|
|t:|1779879957
|switch|p2a: Tyranitar|Tyranitar, M|100/100
|turn|4
|
|t:|1779879961
|move|p2a: Tyranitar|Low Kick|p1a: Tyranitar
|-supereffective|p1a: Tyranitar
|-damage|p1a: Tyranitar|0 fnt
|faint|p1a: Tyranitar
|
|-weather|Sandstorm|[upkeep]
|upkeep
|
|t:|1779879968
|switch|p1a: Scizor|Scizor, M|100/100
|turn|5
|
|t:|1779879973
|switch|p2a: Alomomola|Alomomola, M|100/100
|move|p1a: Scizor|U-turn|p2a: Alomomola
|-damage|p2a: Alomomola|81/100
|-damage|p1a: Scizor|84/100|[from] item: Rocky Helmet|[of] p2a: Alomomola
|
|t:|1779879978
|switch|p1a: Gyarados|Gyarados, M|100/100|[from] U-turn
|
|-weather|Sandstorm|[upkeep]
|-damage|p1a: Gyarados|94/100|[from] Sandstorm
|-damage|p2a: Alomomola|74/100|[from] Sandstorm
|-heal|p1a: Gyarados|100/100|[from] item: Leftovers
|upkeep
|turn|6
|
|t:|1779879988
|move|p1a: Gyarados|Dragon Dance|p1a: Gyarados
|-boost|p1a: Gyarados|atk|1
|-boost|p1a: Gyarados|spe|1
|move|p2a: Alomomola|Flip Turn|p1a: Gyarados
|-resisted|p1a: Gyarados
|-damage|p1a: Gyarados|90/100
|inactive|pikaragedd has 120 seconds left.
|inactive|pikaragedd has 90 seconds left.
|
|t:|1779880058
|switch|p2a: Lokix|Lokix, M|100/100|[from] Flip Turn
|
|-weather|Sandstorm|[upkeep]
|-damage|p1a: Gyarados|84/100|[from] Sandstorm
|-damage|p2a: Lokix|95/100|[from] Sandstorm
|-heal|p1a: Gyarados|90/100|[from] item: Leftovers
|upkeep
|turn|7
|inactive|pikaragedd has 90 seconds left.
|
|t:|1779880068
|switch|p2a: Alomomola|Alomomola, M|100/100
|move|p1a: Gyarados|Waterfall|p2a: Alomomola
|-resisted|p2a: Alomomola
|-damage|p2a: Alomomola|83/100
|-damage|p1a: Gyarados|73/100|[from] item: Rocky Helmet|[of] p2a: Alomomola
|
|-weather|Sandstorm|[upkeep]
|-damage|p1a: Gyarados|67/100|[from] Sandstorm
|-damage|p2a: Alomomola|76/100|[from] Sandstorm
|-heal|p1a: Gyarados|73/100|[from] item: Leftovers
|upkeep
|turn|8
|inactive|pikaragedd has 90 seconds left.
|
|t:|1779880084
|switch|p1a: Zapdos|Zapdos|100/100
|move|p2a: Alomomola|Flip Turn|p1a: Zapdos
|-damage|p1a: Zapdos|88/100
|-status|p2a: Alomomola|par|[from] ability: Static|[of] p1a: Zapdos
|
|t:|1779880092
|switch|p2a: Magnezone|Magnezone|100/100|[from] Flip Turn
|
|-weather|Sandstorm|[upkeep]
|-damage|p1a: Zapdos|82/100|[from] Sandstorm
|upkeep
|turn|9
|inactive|pikaragedd has 90 seconds left.
|
|t:|1779880100
|move|p1a: Zapdos|Volt Switch|p2a: Magnezone
|-resisted|p2a: Magnezone
|-damage|p2a: Magnezone|84/100
|
|t:|1779880103
|switch|p1a: Excadrill|Excadrill, M|100/100|[from] Volt Switch
|move|p2a: Magnezone|Magnet Rise|p2a: Magnezone
|-start|p2a: Magnezone|Magnet Rise
|
|-weather|none
|upkeep
|turn|10
|
|t:|1779880115
|move|p1a: Excadrill|Iron Head|p2a: Magnezone
|-resisted|p2a: Magnezone
|-damage|p2a: Magnezone|73/100
|move|p2a: Magnezone|Flash Cannon|p1a: Excadrill
|-resisted|p1a: Excadrill
|-damage|p1a: Excadrill|71/100
|
|upkeep
|turn|11
|
|t:|1779880122
|move|p1a: Excadrill|Iron Head|p2a: Magnezone
|-resisted|p2a: Magnezone
|-damage|p2a: Magnezone|61/100
|cant|p2a: Magnezone|flinch
|
|upkeep
|turn|12
|
|t:|1779880128
|move|p1a: Excadrill|Iron Head|p2a: Magnezone
|-resisted|p2a: Magnezone
|-damage|p2a: Magnezone|51/100
|move|p2a: Magnezone|Flash Cannon|p1a: Excadrill
|-resisted|p1a: Excadrill
|-damage|p1a: Excadrill|42/100
|
|upkeep
|turn|13
|
|t:|1779880135
|move|p1a: Excadrill|Iron Head|p2a: Magnezone
|-resisted|p2a: Magnezone
|-damage|p2a: Magnezone|41/100
|move|p2a: Magnezone|Flash Cannon|p1a: Excadrill
|-resisted|p1a: Excadrill
|-crit|p1a: Excadrill
|-damage|p1a: Excadrill|0 fnt
|faint|p1a: Excadrill
|
|-end|p2a: Magnezone|Magnet Rise
|upkeep
|
|t:|1779880143
|switch|p1a: Gyarados|Gyarados, M|73/100
|turn|14
|
|t:|1779880150
|move|p1a: Gyarados|Dragon Dance|p1a: Gyarados
|-boost|p1a: Gyarados|atk|1
|-boost|p1a: Gyarados|spe|1
|move|p2a: Magnezone|Volt Switch|p1a: Gyarados
|-supereffective|p1a: Gyarados
|-damage|p1a: Gyarados|0 fnt
|faint|p1a: Gyarados
|-message|TheManOfSausage forfeited.
|
|win|pikaragedd
|raw|TheManOfSausage's rating: 1406 &rarr; <strong>1384</strong><br />(-22 for losing)
|raw|pikaragedd's rating: 1374 &rarr; <strong>1396</strong><br />(+22 for winning)
|l|☆TheManOfSausage
|player|p1|
|l|☆pikaragedd
|player|p2|
