|j|☆manaphy michael
|j|☆RomanMawile
|t:|1779879416
|gametype|singles
|player|p1|manaphy michael|biker-gen4|1412
|player|p2|RomanMawile|liza|1370
|gen|9
|tier|[Gen 9] OU
|rated|
|rule|HP Percentage Mod: HP is shown in percentages
|rule|Endless Battle Clause: Forcing endless battles is banned
|rule|Species Clause: Limit one of each Pokémon
|rule|OHKO Clause: OHKO moves are banned
|rule|Evasion Items Clause: Evasion items are banned
|rule|Evasion Moves Clause: Evasion moves are banned
|rule|Evasion Abilities Clause: Evasion abilities are banned
|rule|Sleep Moves Clause: Sleep-inducing moves are banned
|clearpoke
|poke|p1|Cobalion|
|poke|p1|Hydrapple, F|
|poke|p1|Toxapex, F|
|poke|p1|Diancie|
|poke|p1|Umbreon, M|
|poke|p1|Excadrill, M|
|poke|p2|Raging Bolt|
|poke|p2|Ogerpon-Wellspring, F|
|poke|p2|Iron Treads|
|poke|p2|Mandibuzz, F|
|poke|p2|Dragapult, F|
|poke|p2|Blaziken, F|
|teampreview
|inactive|Battle timer is ON: inactive players will automatically lose when time's up. (requested by manaphy michael)
|inactive|RomanMawile also wants the timer to be on.
|
|t:|1779879428
|teamsize|p1|6
|teamsize|p2|6
|start
|switch|p1a: Diancie|Diancie|100/100
|switch|p2a: Dragapult|Dragapult, F, shiny|100/100
|turn|1
|
|t:|1779879430
|move|p2a: Dragapult|U-turn|p1a: Diancie
|-resisted|p1a: Diancie
|-damage|p1a: Diancie|96/100
|
|t:|1779879432
|switch|p2a: Iron Treads|Iron Treads, shiny|100/100|[from] U-turn
|move|p1a: Diancie|Draining Kiss|p2a: Iron Treads
|-resisted|p2a: Iron Treads
|-damage|p2a: Iron Treads|88/100
|-heal|p1a: Diancie|100/100|[from] drain|[of] p2a: Iron Treads
|
|upkeep
|turn|2
|
|t:|1779879436
|-terastallize|p1a: Diancie|Ground
|move|p2a: Iron Treads|Stealth Rock|p1a: Diancie
|-sidestart|p1: manaphy michael|move: Stealth Rock
|move|p1a: Diancie|Calm Mind|p1a: Diancie
|-boost|p1a: Diancie|spa|1
|-boost|p1a: Diancie|spd|1
|
|upkeep
|turn|3
|
|t:|1779879441
|move|p2a: Iron Treads|Iron Head|p1a: Diancie
|-damage|p1a: Diancie|77/100
|move|p1a: Diancie|Draining Kiss|p2a: Iron Treads
|-resisted|p2a: Iron Treads
|-damage|p2a: Iron Treads|71/100
|-heal|p1a: Diancie|90/100|[from] drain|[of] p2a: Iron Treads
|
|-heal|p1a: Diancie|97/100|[from] item: Leftovers
|upkeep
|turn|4
|
|t:|1779879446
|-end|p2a: Iron Treads|Quark Drive|[silent]
|switch|p2a: Ogerpon|Ogerpon-Wellspring, F|100/100
|move|p1a: Diancie|Calm Mind|p1a: Diancie
|-boost|p1a: Diancie|spa|1
|-boost|p1a: Diancie|spd|1
|
|-heal|p1a: Diancie|100/100|[from] item: Leftovers
|upkeep
|turn|5
|
|t:|1779879449
|move|p2a: Ogerpon|Ivy Cudgel|p1a: Diancie|[anim] Ivy Cudgel Water
|-supereffective|p1a: Diancie
|-damage|p1a: Diancie|22/100
|move|p1a: Diancie|Draining Kiss|p2a: Ogerpon
|-crit|p2a: Ogerpon
|-damage|p2a: Ogerpon|36/100
|-heal|p1a: Diancie|69/100|[from] drain|[of] p2a: Ogerpon
|
|-heal|p1a: Diancie|75/100|[from] item: Leftovers
|upkeep
|turn|6
|
|t:|1779879457
|switch|p1a: Hydrapple|Hydrapple, F|100/100
|-damage|p1a: Hydrapple|88/100|[from] Stealth Rock
|move|p2a: Ogerpon|Ivy Cudgel|p1a: Hydrapple|[anim] Ivy Cudgel Water
|-resisted|p1a: Hydrapple
|-damage|p1a: Hydrapple|80/100
|
|upkeep
|turn|7
|
|t:|1779879466
|switch|p2a: Mandibuzz|Mandibuzz, F, shiny|100/100
|move|p1a: Hydrapple|Fickle Beam|p2a: Mandibuzz
|-damage|p2a: Mandibuzz|75/100
|
|upkeep
|turn|8
|
|t:|1779879471
|switch|p1a: Excadrill|Excadrill, M|100/100
|-damage|p1a: Excadrill|97/100|[from] Stealth Rock
|-ability|p1a: Excadrill|Mold Breaker
|move|p2a: Mandibuzz|U-turn|p1a: Excadrill
|-resisted|p1a: Excadrill
|-damage|p1a: Excadrill|90/100
|
|t:|1779879476
|switch|p2a: Ogerpon|Ogerpon-Wellspring, F|36/100|[from] U-turn
|
|-heal|p1a: Excadrill|96/100|[from] item: Leftovers
|upkeep
|turn|9
|
|t:|1779879478
|switch|p1a: Hydrapple|Hydrapple, F|100/100
|-damage|p1a: Hydrapple|88/100|[from] Stealth Rock
|move|p2a: Ogerpon|Knock Off|p1a: Hydrapple
|-damage|p1a: Hydrapple|66/100
|-damage|p2a: Ogerpon|20/100|[from] item: Rocky Helmet|[of] p1a: Hydrapple
|-enditem|p1a: Hydrapple|Rocky Helmet|[from] move: Knock Off|[of] p2a: Ogerpon
|
|upkeep
|turn|10
|
|t:|1779879486
|switch|p2a: Iron Treads|Iron Treads, shiny|71/100
|move|p1a: Hydrapple|Nasty Plot|p1a: Hydrapple
|-boost|p1a: Hydrapple|spa|2
|
|upkeep
|turn|11
|
|t:|1779879490
|move|p2a: Iron Treads|Iron Head|p1a: Hydrapple
|-damage|p1a: Hydrapple|43/100
|cant|p1a: Hydrapple|flinch
|
|upkeep
|turn|12
|
|t:|1779879499
|-end|p2a: Iron Treads|Quark Drive|[silent]
|switch|p2a: Mandibuzz|Mandibuzz, F, shiny|75/100
|move|p1a: Hydrapple|Giga Drain|p2a: Mandibuzz
|-resisted|p2a: Mandibuzz
|-damage|p2a: Mandibuzz|49/100
|-heal|p1a: Hydrapple|56/100|[from] drain|[of] p2a: Mandibuzz
|
|upkeep
|turn|13
|
|t:|1779879503
|move|p2a: Mandibuzz|Roost|p2a: Mandibuzz
|-heal|p2a: Mandibuzz|99/100
|-singleturn|p2a: Mandibuzz|move: Roost
|move|p1a: Hydrapple|Fickle Beam|p2a: Mandibuzz|[anim] Fickle Beam All Out
|-activate|p1a: Hydrapple|move: Fickle Beam
|-damage|p2a: Mandibuzz|0 fnt
|faint|p2a: Mandibuzz
|
|upkeep
|
|t:|1779879510
|switch|p2a: Raging Bolt|Raging Bolt|100/100
|turn|14
|
|t:|1779879513
|move|p2a: Raging Bolt|Dragon Pulse|p1a: Hydrapple
|-supereffective|p1a: Hydrapple
|-damage|p1a: Hydrapple|0 fnt
|faint|p1a: Hydrapple
|
|upkeep
|
|t:|1779879516
|switch|p1a: Toxapex|Toxapex, F|100/100
|-damage|p1a: Toxapex|88/100|[from] Stealth Rock
|turn|15
|
|t:|1779879520
|move|p2a: Raging Bolt|Calm Mind|p2a: Raging Bolt
|-boost|p2a: Raging Bolt|spa|1
|-boost|p2a: Raging Bolt|spd|1
|move|p1a: Toxapex|Acid Spray|p2a: Raging Bolt
|-damage|p2a: Raging Bolt|92/100
|-unboost|p2a: Raging Bolt|spd|2
|
|-heal|p2a: Raging Bolt|98/100|[from] item: Leftovers
|upkeep
|turn|16
|
|t:|1779879523
|move|p2a: Raging Bolt|Thunderbolt|p1a: Toxapex
|-supereffective|p1a: Toxapex
|-damage|p1a: Toxapex|0 fnt
|faint|p1a: Toxapex
|
|-heal|p2a: Raging Bolt|100/100|[from] item: Leftovers
|upkeep
|
|t:|1779879526
|switch|p1a: Diancie|Diancie, tera:Ground|75/100
|-damage|p1a: Diancie|69/100|[from] Stealth Rock
|turn|17
|
|t:|1779879537
|-end|p2a: Raging Bolt|Protosynthesis|[silent]
|switch|p2a: Iron Treads|Iron Treads, shiny|71/100
|move|p1a: Diancie|Draining Kiss|p2a: Iron Treads
|-resisted|p2a: Iron Treads
|-damage|p2a: Iron Treads|59/100
|-heal|p1a: Diancie|79/100|[from] drain|[of] p2a: Iron Treads
|
|-heal|p1a: Diancie|85/100|[from] item: Leftovers
|upkeep
|turn|18
|
|t:|1779879540
|-end|p2a: Iron Treads|Quark Drive|[silent]
|switch|p2a: Ogerpon|Ogerpon-Wellspring, F|20/100
|move|p1a: Diancie|Calm Mind|p1a: Diancie
|-boost|p1a: Diancie|spa|1
|-boost|p1a: Diancie|spd|1
|
|-heal|p1a: Diancie|91/100|[from] item: Leftovers
|upkeep
|turn|19
|
|t:|1779879546
|-terastallize|p2a: Ogerpon|Water
|detailschange|p2a: Ogerpon|Ogerpon-Wellspring-Tera, F, tera:Water
|-ability|p2a: Ogerpon|Embody Aspect (Wellspring)|boost
|-boost|p2a: Ogerpon|spd|1
|move|p2a: Ogerpon|Ivy Cudgel|p1a: Diancie|[anim] Ivy Cudgel Water
|-supereffective|p1a: Diancie
|-damage|p1a: Diancie|0 fnt
|faint|p1a: Diancie
|
|upkeep
|
|t:|1779879548
|switch|p1a: Umbreon|Umbreon, M|100/100
|-damage|p1a: Umbreon|88/100|[from] Stealth Rock
|turn|20
|
|t:|1779879563
|switch|p2a: Blaziken|Blaziken, F, shiny|100/100
|move|p1a: Umbreon|Foul Play|p2a: Blaziken
|-resisted|p2a: Blaziken
|-damage|p2a: Blaziken|59/100
|
|-heal|p1a: Umbreon|94/100|[from] item: Leftovers
|upkeep
|turn|21
|
|t:|1779879567
|move|p2a: Blaziken|Focus Energy|p2a: Blaziken
|-start|p2a: Blaziken|move: Focus Energy
|move|p1a: Umbreon|Toxic|p2a: Blaziken
|-status|p2a: Blaziken|tox
|
|-heal|p1a: Umbreon|99/100|[from] item: Leftovers
|-damage|p2a: Blaziken|53/100 tox|[from] psn
|-ability|p2a: Blaziken|Speed Boost|boost
|-boost|p2a: Blaziken|spe|1
|upkeep
|turn|22
|
|t:|1779879570
|move|p1a: Umbreon|Protect|p1a: Umbreon
|-singleturn|p1a: Umbreon|Protect
|move|p2a: Blaziken|Close Combat|p1a: Umbreon
|-activate|p1a: Umbreon|move: Protect
|
|-heal|p1a: Umbreon|100/100|[from] item: Leftovers
|-damage|p2a: Blaziken|41/100 tox|[from] psn
|-ability|p2a: Blaziken|Speed Boost|boost
|-boost|p2a: Blaziken|spe|1
|upkeep
|turn|23
|
|t:|1779879572
|switch|p1a: Excadrill|Excadrill, M|96/100
|-damage|p1a: Excadrill|93/100|[from] Stealth Rock
|-ability|p1a: Excadrill|Mold Breaker
|move|p2a: Blaziken|Close Combat|p1a: Excadrill
|-supereffective|p1a: Excadrill
|-crit|p1a: Excadrill
|-damage|p1a: Excadrill|0 fnt
|-unboost|p2a: Blaziken|def|1
|-unboost|p2a: Blaziken|spd|1
|faint|p1a: Excadrill
|
|-damage|p2a: Blaziken|23/100 tox|[from] psn
|-ability|p2a: Blaziken|Speed Boost|boost
|-boost|p2a: Blaziken|spe|1
|upkeep
|
|t:|1779879574
|switch|p1a: Umbreon|Umbreon, M|100/100
|-damage|p1a: Umbreon|88/100|[from] Stealth Rock
|turn|24
|
|t:|1779879578
|move|p1a: Umbreon|Protect|p1a: Umbreon
|-singleturn|p1a: Umbreon|Protect
|move|p2a: Blaziken|Close Combat|p1a: Umbreon
|-activate|p1a: Umbreon|move: Protect
|
|-heal|p1a: Umbreon|94/100|[from] item: Leftovers
|-damage|p2a: Blaziken|0 fnt|[from] psn
|faint|p2a: Blaziken
|upkeep
|
|t:|1779879580
|switch|p2a: Ogerpon|Ogerpon-Wellspring-Tera, F, tera:Water|20/100
|-ability|p2a: Ogerpon|Embody Aspect (Wellspring)|boost
|-boost|p2a: Ogerpon|spd|1
|turn|25
|
|t:|1779879583
|move|p2a: Ogerpon|Ivy Cudgel|p1a: Umbreon|[anim] Ivy Cudgel Water
|-damage|p1a: Umbreon|29/100
|move|p1a: Umbreon|Foul Play|p2a: Ogerpon
|-damage|p2a: Ogerpon|0 fnt
|faint|p2a: Ogerpon
|detailschange|p2: Ogerpon|Ogerpon-Wellspring, F|[silent]
|
|-heal|p1a: Umbreon|35/100|[from] item: Leftovers
|upkeep
|
|t:|1779879587
|switch|p2a: Raging Bolt|Raging Bolt|100/100
|turn|26
|
|t:|1779879590
|move|p2a: Raging Bolt|Calm Mind|p2a: Raging Bolt
|-boost|p2a: Raging Bolt|spa|1
|-boost|p2a: Raging Bolt|spd|1
|move|p1a: Umbreon|Toxic|p2a: Raging Bolt
|-status|p2a: Raging Bolt|tox
|
|-heal|p1a: Umbreon|41/100|[from] item: Leftovers
|-damage|p2a: Raging Bolt|94/100 tox|[from] psn
|upkeep
|turn|27
|
|t:|1779879593
|move|p2a: Raging Bolt|Dragon Pulse|p1a: Umbreon
|-damage|p1a: Umbreon|4/100
|move|p1a: Umbreon|Wish|p1a: Umbreon
|
|-heal|p2a: Raging Bolt|100/100 tox|[from] item: Leftovers
|-heal|p1a: Umbreon|10/100|[from] item: Leftovers
|-damage|p2a: Raging Bolt|88/100 tox|[from] psn
|upkeep
|turn|28
|
|t:|1779879598
|move|p1a: Umbreon|Protect|p1a: Umbreon
|-singleturn|p1a: Umbreon|Protect
|move|p2a: Raging Bolt|Calm Mind|p2a: Raging Bolt
|-boost|p2a: Raging Bolt|spa|1
|-boost|p2a: Raging Bolt|spd|1
|
|-heal|p1a: Umbreon|60/100|[from] move: Wish|[wisher] Umbreon
|-heal|p2a: Raging Bolt|94/100 tox|[from] item: Leftovers
|-heal|p1a: Umbreon|66/100|[from] item: Leftovers
|-damage|p2a: Raging Bolt|76/100 tox|[from] psn
|upkeep
|turn|29
|
|t:|1779879601
|move|p2a: Raging Bolt|Thunderbolt|p1a: Umbreon
|-damage|p1a: Umbreon|7/100
|move|p1a: Umbreon|Wish|p1a: Umbreon
|
|-heal|p2a: Raging Bolt|82/100 tox|[from] item: Leftovers
|-heal|p1a: Umbreon|13/100|[from] item: Leftovers
|-damage|p2a: Raging Bolt|58/100 tox|[from] psn
|upkeep
|turn|30
|
|t:|1779879605
|move|p2a: Raging Bolt|Dragon Pulse|p1a: Umbreon
|-damage|p1a: Umbreon|0 fnt
|faint|p1a: Umbreon
|
|-heal|p2a: Raging Bolt|64/100 tox|[from] item: Leftovers
|-damage|p2a: Raging Bolt|33/100 tox|[from] psn
|upkeep
|
|t:|1779879607
|switch|p1a: Cobalion|Cobalion|100/100
|-damage|p1a: Cobalion|97/100|[from] Stealth Rock
|turn|31
|
|t:|1779879611
|move|p1a: Cobalion|Iron Defense|p1a: Cobalion
|-boost|p1a: Cobalion|def|2
|move|p2a: Raging Bolt|Thunderbolt|p1a: Cobalion
|-damage|p1a: Cobalion|0 fnt
|faint|p1a: Cobalion
|
|win|RomanMawile
|raw|manaphy michael's rating: 1412 &rarr; <strong>1390</strong><br />(-22 for losing)
|raw|RomanMawile's rating: 1370 &rarr; <strong>1392</strong><br />(+22 for winning)
|l|☆manaphy michael
|player|p1|
|l|☆RomanMawile
|player|p2|
