|j|☆esotilin6967
|j|☆Lukas21
|t:|1779901566
|gametype|singles
|player|p1|esotilin6967|flannery|1248
|player|p2|Lukas21|266|1269
|gen|9
|tier|[Gen 9] OU
|rated|
|rule|HP Percentage Mod: HP is shown in percentages
|rule|Endless Battle Clause: Forcing endless battles is banned
|rule|Species Clause: Limit one of each Pokémon
|rule|OHKO Clause: OHKO moves are banned
|rule|Evasion Items Clause: Evasion items are banned
|rule|Evasion Moves Clause: Evasion moves are banned
|rule|Evasion Abilities Clause: Evasion abilities are banned
|rule|Sleep Moves Clause: Sleep-inducing moves are banned
|clearpoke
|poke|p1|Gengar, F|
|poke|p1|Avalugg, F|
|poke|p1|Clodsire, F|
|poke|p1|Dragonite, M|
|poke|p1|Kingambit, M|
|poke|p1|Rotom-Heat|
|poke|p2|Scyther, M|
|poke|p2|Incineroar, M|
|poke|p2|Eelektross, M|
|poke|p2|Glimmora, F|
|poke|p2|Registeel|
|poke|p2|Hydrapple, F|
|teampreview
|inactive|Battle timer is ON: inactive players will automatically lose when time's up. (requested by esotilin6967)
|
|t:|1779901588
|teamsize|p1|6
|teamsize|p2|6
|start
|switch|p1a: magic|Gengar, F|100/100
|switch|p2a: Glimmora|Glimmora, F|100/100
|-item|p2a: Glimmora|Air Balloon
|turn|1
|
|t:|1779901595
|move|p1a: magic|Shadow Ball|p2a: Glimmora
|-damage|p2a: Glimmora|60/100
|-enditem|p2a: Glimmora|Air Balloon
|move|p2a: Glimmora|Power Gem|p1a: magic
|-damage|p1a: magic|37/100
|-start|p2a: Glimmora|Disable|Power Gem|[from] ability: Cursed Body|[of] p1a: magic
|
|upkeep
|turn|2
|
|t:|1779901611
|switch|p2a: Registeel|Registeel|100/100
|move|p1a: magic|Destiny Bond|p1a: magic
|-singlemove|p1a: magic|Destiny Bond
|
|upkeep
|turn|3
|
|t:|1779901617
|move|p1a: magic|Focus Blast|p2a: Registeel|[miss]
|-miss|p1a: magic|p2a: Registeel
|move|p2a: Registeel|Curse|p2a: Registeel
|-unboost|p2a: Registeel|spe|1
|-boost|p2a: Registeel|atk|1
|-boost|p2a: Registeel|def|1
|
|upkeep
|turn|4
|
|t:|1779901624
|move|p1a: magic|Destiny Bond|p1a: magic
|-singlemove|p1a: magic|Destiny Bond
|move|p2a: Registeel|Curse|p2a: Registeel
|-unboost|p2a: Registeel|spe|1
|-boost|p2a: Registeel|atk|1
|-boost|p2a: Registeel|def|1
|
|upkeep
|turn|5
|
|t:|1779901630
|move|p1a: magic|Focus Blast|p2a: Registeel
|-supereffective|p2a: Registeel
|-damage|p2a: Registeel|52/100
|move|p2a: Registeel|Shadow Claw|p1a: magic
|-supereffective|p1a: magic
|-crit|p1a: magic
|-damage|p1a: magic|0 fnt
|faint|p1a: magic
|
|-heal|p2a: Registeel|58/100|[from] item: Leftovers
|upkeep
|
|t:|1779901638
|switch|p1a: show|Rotom-Heat|100/100
|turn|6
|
|t:|1779901642
|move|p1a: show|Overheat|p2a: Registeel
|-supereffective|p2a: Registeel
|-damage|p2a: Registeel|0 fnt
|-unboost|p1a: show|spa|2
|faint|p2a: Registeel
|
|upkeep
|
|t:|1779901649
|switch|p2a: Glimmora|Glimmora, F|60/100
|turn|7
|
|t:|1779901664
|switch|p1a: 0|Clodsire, F|100/100
|move|p2a: Glimmora|Power Gem|p1a: 0
|-resisted|p1a: 0
|-damage|p1a: 0|91/100
|
|-heal|p1a: 0|97/100|[from] item: Black Sludge
|upkeep
|turn|8
|
|t:|1779901674
|move|p2a: Glimmora|Energy Ball|p1a: 0
|-damage|p1a: 0|82/100
|move|p1a: 0|Earth Power|p2a: Glimmora
|-supereffective|p2a: Glimmora
|-damage|p2a: Glimmora|0 fnt
|faint|p2a: Glimmora
|
|-heal|p1a: 0|88/100|[from] item: Black Sludge
|upkeep
|
|t:|1779901688
|switch|p2a: Incineroar|Incineroar, M|100/100
|-ability|p2a: Incineroar|Intimidate|boost
|-unboost|p1a: 0|atk|1
|turn|9
|
|t:|1779901692
|move|p2a: Incineroar|Fake Out|p1a: 0
|-damage|p1a: 0|74/100
|cant|p1a: 0|flinch
|
|-heal|p1a: 0|80/100|[from] item: Black Sludge
|upkeep
|turn|10
|
|t:|1779901697
|move|p2a: Incineroar|Flare Blitz|p1a: 0
|-damage|p1a: 0|20/100
|-damage|p2a: Incineroar|75/100|[from] Recoil
|move|p1a: 0|Toxic|p2a: Incineroar
|-status|p2a: Incineroar|tox
|
|-heal|p1a: 0|26/100|[from] item: Black Sludge
|-damage|p2a: Incineroar|69/100 tox|[from] psn
|upkeep
|turn|11
|
|t:|1779901705
|switch|p1a: i´m invincible|Avalugg, F|100/100
|move|p2a: Incineroar|Darkest Lariat|p1a: i´m invincible
|-damage|p1a: i´m invincible|84/100
|
|-damage|p2a: Incineroar|57/100 tox|[from] psn
|upkeep
|turn|12
|
|t:|1779901712
|move|p2a: Incineroar|Parting Shot|p1a: i´m invincible
|-unboost|p1a: i´m invincible|atk|1
|-unboost|p1a: i´m invincible|spa|1
|
|t:|1779901715
|switch|p2a: Eelektross|Eelektross, M|100/100|[from] Parting Shot
|move|p1a: i´m invincible|Recover|p1a: i´m invincible
|-heal|p1a: i´m invincible|100/100
|
|upkeep
|turn|13
|
|t:|1779901720
|switch|p1a: show|Rotom-Heat|100/100
|move|p2a: Eelektross|Flamethrower|p1a: show
|-resisted|p1a: show
|-crit|p1a: show
|-damage|p1a: show|71/100
|
|upkeep
|turn|14
|
|t:|1779901728
|move|p1a: show|Trick|p2a: Eelektross
|-activate|p1a: show|move: Trick|[of] p2a: Eelektross
|-item|p2a: Eelektross|Choice Scarf|[from] move: Trick
|-item|p1a: show|Assault Vest|[from] move: Trick
|move|p2a: Eelektross|Discharge|p1a: show
|-resisted|p1a: show
|-damage|p1a: show|55/100
|
|upkeep
|turn|15
|
|t:|1779901737
|switch|p2a: Hydrapple|Hydrapple, F|100/100
|move|p1a: show|Volt Switch|p2a: Hydrapple
|-resisted|p2a: Hydrapple
|-damage|p2a: Hydrapple|94/100
|
|t:|1779901743
|switch|p1a: mirror|Dragonite, M|100/100|[from] Volt Switch
|
|upkeep
|turn|16
|
|t:|1779901758
|-terastallize|p2a: Hydrapple|Ground
|move|p1a: mirror|Dragon Claw|p2a: Hydrapple
|-damage|p2a: Hydrapple|62/100
|move|p2a: Hydrapple|Giga Drain|p1a: mirror
|-resisted|p1a: mirror
|-damage|p1a: mirror|95/100
|-heal|p2a: Hydrapple|64/100|[from] drain|[of] p1a: mirror
|-damage|p2a: Hydrapple|55/100|[from] item: Life Orb
|
|upkeep
|turn|17
|
|t:|1779901767
|move|p1a: mirror|Dragon Claw|p2a: Hydrapple
|-damage|p2a: Hydrapple|26/100
|move|p2a: Hydrapple|Fickle Beam|p1a: mirror
|-supereffective|p1a: mirror
|-damage|p1a: mirror|0 fnt
|faint|p1a: mirror
|-damage|p2a: Hydrapple|16/100|[from] item: Life Orb
|
|upkeep
|
|t:|1779901774
|switch|p1a: odo|Kingambit, M|100/100
|-activate|p1a: odo|ability: Supreme Overlord
|-start|p1a: odo|fallen2|[silent]
|-item|p1a: odo|Air Balloon
|turn|18
|
|t:|1779901781
|switch|p2a: Eelektross|Eelektross, M|100/100
|move|p1a: odo|Kowtow Cleave|p2a: Eelektross
|-damage|p2a: Eelektross|40/100
|
|upkeep
|turn|19
|
|t:|1779901787
|move|p1a: odo|Sucker Punch|p2a: Eelektross
|-damage|p2a: Eelektross|0 fnt
|faint|p2a: Eelektross
|
|upkeep
|
|t:|1779901798
|switch|p2a: Hydrapple|Hydrapple, F, tera:Ground|49/100
|turn|20
|
|t:|1779901804
|move|p1a: odo|Kowtow Cleave|p2a: Hydrapple
|-damage|p2a: Hydrapple|1/100
|move|p2a: Hydrapple|Giga Drain|p1a: odo
|-resisted|p1a: odo
|-damage|p1a: odo|79/100
|-heal|p2a: Hydrapple|13/100|[from] drain|[of] p1a: odo
|-enditem|p1a: odo|Air Balloon
|-damage|p2a: Hydrapple|4/100|[from] item: Life Orb
|
|upkeep
|turn|21
|
|t:|1779901813
|switch|p2a: Incineroar|Incineroar, M|57/100 tox
|-ability|p2a: Incineroar|Intimidate|boost
|-unboost|p1a: odo|atk|1
|move|p1a: odo|Kowtow Cleave|p2a: Incineroar
|-resisted|p2a: Incineroar
|-damage|p2a: Incineroar|40/100 tox
|
|-damage|p2a: Incineroar|34/100 tox|[from] psn
|upkeep
|turn|22
|
|t:|1779901821
|-end|p1a: odo|fallen2|[silent]
|switch|p1a: 0|Clodsire, F|26/100
|move|p2a: Incineroar|Parting Shot|p1a: 0
|-unboost|p1a: 0|atk|1
|-unboost|p1a: 0|spa|1
|
|t:|1779901826
|switch|p2a: Scyther|Scyther, M|100/100|[from] Parting Shot
|
|-heal|p1a: 0|33/100|[from] item: Black Sludge
|upkeep
|turn|23
|
|t:|1779901831
|move|p2a: Scyther|Dual Wingbeat|p1a: 0
|-crit|p1a: 0
|-damage|p1a: 0|0 fnt
|faint|p1a: 0
|-hitcount|p1: 0|1
|
|upkeep
|
|t:|1779901834
|switch|p1a: i´m invincible|Avalugg, F|100/100
|turn|24
|
|t:|1779901847
|move|p2a: Scyther|U-turn|p1a: i´m invincible
|-damage|p1a: i´m invincible|89/100
|
|t:|1779901849
|switch|p2a: Incineroar|Incineroar, M|34/100 tox|[from] U-turn
|-ability|p2a: Incineroar|Intimidate|boost
|-unboost|p1a: i´m invincible|atk|1
|move|p1a: i´m invincible|Avalanche|p2a: Incineroar
|-resisted|p2a: Incineroar
|-damage|p2a: Incineroar|27/100 tox
|
|-damage|p2a: Incineroar|21/100 tox|[from] psn
|upkeep
|turn|25
|
|t:|1779901858
|move|p2a: Incineroar|Flare Blitz|p1a: i´m invincible
|-supereffective|p1a: i´m invincible
|-damage|p1a: i´m invincible|43/100
|-damage|p2a: Incineroar|5/100 tox|[from] Recoil
|move|p1a: i´m invincible|Recover|p1a: i´m invincible
|-heal|p1a: i´m invincible|93/100
|
|-damage|p2a: Incineroar|0 fnt|[from] psn
|faint|p2a: Incineroar
|upkeep
|
|t:|1779901866
|switch|p2a: Scyther|Scyther, M|100/100
|turn|26
|
|t:|1779901872
|move|p2a: Scyther|Swords Dance|p2a: Scyther
|-boost|p2a: Scyther|atk|2
|move|p1a: i´m invincible|Avalanche|p2a: Scyther
|-supereffective|p2a: Scyther
|-damage|p2a: Scyther|75/100
|
|upkeep
|turn|27
|
|t:|1779901878
|switch|p1a: show|Rotom-Heat|55/100
|move|p2a: Scyther|Swords Dance|p2a: Scyther
|-boost|p2a: Scyther|atk|2
|
|upkeep
|turn|28
|
|t:|1779901890
|move|p2a: Scyther|Quick Attack|p1a: show
|-damage|p1a: show|0 fnt
|faint|p1a: show
|
|upkeep
|
|t:|1779901892
|switch|p1a: i´m invincible|Avalugg, F|93/100
|turn|29
|
|t:|1779901901
|move|p2a: Scyther|Dual Wingbeat|p1a: i´m invincible
|-damage|p1a: i´m invincible|66/100
|-damage|p1a: i´m invincible|39/100
|-hitcount|p1a: i´m invincible|2
|move|p1a: i´m invincible|Avalanche|p2a: Scyther
|-supereffective|p2a: Scyther
|-damage|p2a: Scyther|2/100
|
|upkeep
|turn|30
|
|t:|1779901912
|move|p2a: Scyther|Dual Wingbeat|p1a: i´m invincible
|-damage|p1a: i´m invincible|13/100
|-damage|p1a: i´m invincible|0 fnt
|faint|p1a: i´m invincible
|-hitcount|p1: i´m invincible|2
|
|upkeep
|
|t:|1779901916
|switch|p1a: odo|Kingambit, M|79/100
|-activate|p1a: odo|ability: Supreme Overlord
|-start|p1a: odo|fallen5|[silent]
|turn|31
|
|t:|1779901921
|move|p2a: Scyther|Quick Attack|p1a: odo
|-resisted|p1a: odo
|-damage|p1a: odo|64/100
|move|p1a: odo|Kowtow Cleave|p2a: Scyther
|-damage|p2a: Scyther|0 fnt
|faint|p2a: Scyther
|
|upkeep
|
|t:|1779901927
|switch|p2a: Hydrapple|Hydrapple, F, tera:Ground|37/100
|turn|32
|
|t:|1779901933
|move|p1a: odo|Kowtow Cleave|p2a: Hydrapple
|-damage|p2a: Hydrapple|0 fnt
|faint|p2a: Hydrapple
|
|win|esotilin6967
|raw|esotilin6967's rating: 1248 &rarr; <strong>1275</strong><br />(+27 for winning)
|raw|Lukas21's rating: 1269 &rarr; <strong>1242</strong><br />(-27 for losing)
|l|☆Lukas21
|player|p2|
|l|☆esotilin6967
|player|p1|
