|j|☆gojiratar
|j|☆Igoodnamename
|t:|1779822612
|gametype|singles
|player|p1|gojiratar|rancher|1633
|player|p2|Igoodnamename|aaron|1662
|gen|9
|tier|[Gen 9] OU
|rated|
|rule|HP Percentage Mod: HP is shown in percentages
|rule|Endless Battle Clause: Forcing endless battles is banned
|rule|Species Clause: Limit one of each Pokémon
|rule|OHKO Clause: OHKO moves are banned
|rule|Evasion Items Clause: Evasion items are banned
|rule|Evasion Moves Clause: Evasion moves are banned
|rule|Evasion Abilities Clause: Evasion abilities are banned
|rule|Sleep Moves Clause: Sleep-inducing moves are banned
|clearpoke
|poke|p1|Ting-Lu|
|poke|p1|Raging Bolt|
|poke|p1|Zamazenta-*|
|poke|p1|Ogerpon-Wellspring, F|
|poke|p1|Corviknight, M|
|poke|p1|Slowking-Galar, F|
|poke|p2|Skarmory, M|
|poke|p2|Pecharunt|
|poke|p2|Garganacl, F|
|poke|p2|Sylveon, F|
|poke|p2|Gliscor, F|
|poke|p2|Darkrai|
|teampreview
|
|t:|1779822623
|teamsize|p1|6
|teamsize|p2|6
|start
|switch|p1a: Ogerpon|Ogerpon-Wellspring, F|100/100
|switch|p2a: Garganacl|Garganacl, F|100/100
|turn|1
|
|t:|1779822629
|move|p1a: Ogerpon|U-turn|p2a: Garganacl
|-damage|p2a: Garganacl|83/100
|
|t:|1779822631
|switch|p1a: Slowking|Slowking-Galar, F|100/100|[from] U-turn
|move|p2a: Garganacl|Salt Cure|p1a: Slowking
|-damage|p1a: Slowking|85/100
|-start|p1a: Slowking|Salt Cure
|
|-damage|p1a: Slowking|73/100|[from] Salt Cure
|upkeep
|turn|2
|
|t:|1779822637
|switch|p1a: Ting-Lu|Ting-Lu|100/100
|-ability|p1a: Ting-Lu|Vessel of Ruin
|move|p2a: Garganacl|Stealth Rock|p1a: Ting-Lu
|-sidestart|p1: gojiratar|move: Stealth Rock
|
|upkeep
|turn|3
|
|t:|1779822641
|move|p1a: Ting-Lu|Stealth Rock|p2a: Garganacl
|-sidestart|p2: Igoodnamename|move: Stealth Rock
|move|p2a: Garganacl|Salt Cure|p1a: Ting-Lu
|-resisted|p1a: Ting-Lu
|-damage|p1a: Ting-Lu|97/100
|-start|p1a: Ting-Lu|Salt Cure
|
|-heal|p1a: Ting-Lu|100/100|[from] item: Leftovers
|-damage|p1a: Ting-Lu|88/100|[from] Salt Cure
|upkeep
|turn|4
|
|t:|1779822645
|switch|p1a: Slowking|Slowking-Galar, F|100/100
|-damage|p1a: Slowking|88/100|[from] Stealth Rock
|switch|p2a: Skarmory|Skarmory, M|100/100
|-damage|p2a: Skarmory|88/100|[from] Stealth Rock
|
|upkeep
|turn|5
|
|t:|1779822648
|switch|p2a: Gliscor|Gliscor, F|100/100
|-damage|p2a: Gliscor|88/100|[from] Stealth Rock
|move|p1a: Slowking|Flamethrower|p2a: Gliscor
|-damage|p2a: Gliscor|63/100
|
|-status|p2a: Gliscor|tox|[from] item: Toxic Orb
|upkeep
|turn|6
|
|t:|1779822664
|switch|p2a: Garganacl|Garganacl, F|83/100
|move|p1a: Slowking|Ice Beam|p2a: Garganacl
|-damage|p2a: Garganacl|63/100
|
|upkeep
|turn|7
|
|t:|1779822669
|move|p2a: Garganacl|Recover|p2a: Garganacl
|-heal|p2a: Garganacl|100/100
|move|p1a: Slowking|Psychic Noise|p2a: Garganacl
|-damage|p2a: Garganacl|75/100
|-start|p2a: Garganacl|move: Heal Block
|
|upkeep
|turn|8
|
|t:|1779822675
|move|p2a: Garganacl|Salt Cure|p1a: Slowking
|-damage|p1a: Slowking|73/100
|-start|p1a: Slowking|Salt Cure
|move|p1a: Slowking|Psychic Noise|p2a: Garganacl
|-damage|p2a: Garganacl|51/100
|
|-damage|p1a: Slowking|60/100|[from] Salt Cure
|-end|p2a: Garganacl|move: Heal Block
|upkeep
|turn|9
|
|t:|1779822680
|switch|p1a: Ting-Lu|Ting-Lu|88/100
|-damage|p1a: Ting-Lu|82/100|[from] Stealth Rock
|-ability|p1a: Ting-Lu|Vessel of Ruin
|move|p2a: Garganacl|Recover|p2a: Garganacl
|-heal|p2a: Garganacl|100/100
|
|-heal|p1a: Ting-Lu|88/100|[from] item: Leftovers
|upkeep
|turn|10
|
|t:|1779822684
|switch|p2a: Skarmory|Skarmory, M|88/100
|-damage|p2a: Skarmory|76/100|[from] Stealth Rock
|move|p1a: Ting-Lu|Whirlwind|p2a: Skarmory
|drag|p2a: Pecharunt|Pecharunt|100/100
|
|-heal|p1a: Ting-Lu|94/100|[from] item: Leftovers
|upkeep
|turn|11
|
|t:|1779822689
|switch|p2a: Skarmory|Skarmory, M|76/100
|-damage|p2a: Skarmory|64/100|[from] Stealth Rock
|switch|p1a: Corviknight|Corviknight, M|100/100
|-damage|p1a: Corviknight|88/100|[from] Stealth Rock
|-ability|p1a: Corviknight|Pressure
|
|upkeep
|turn|12
|
|t:|1779822693
|move|p2a: Skarmory|Spikes|p1a: Corviknight
|-sidestart|p1: gojiratar|Spikes
|move|p1a: Corviknight|Defog|p2a: Skarmory
|-unboost|p2a: Skarmory|evasion|1
|-sideend|p2: Igoodnamename|Stealth Rock|[from] move: Defog|[of] p1a: Corviknight
|-sideend|p1: gojiratar|Spikes|[from] move: Defog|[of] p1a: Corviknight
|-sideend|p1: gojiratar|Stealth Rock|[from] move: Defog|[of] p1a: Corviknight
|
|upkeep
|turn|13
|
|t:|1779822703
|move|p2a: Skarmory|Roost|p2a: Skarmory
|-heal|p2a: Skarmory|100/100
|-singleturn|p2a: Skarmory|move: Roost
|move|p1a: Corviknight|U-turn|p2a: Skarmory
|-resisted|p2a: Skarmory
|-damage|p2a: Skarmory|96/100
|-damage|p1a: Corviknight|72/100|[from] item: Rocky Helmet|[of] p2a: Skarmory
|
|t:|1779822708
|switch|p1a: Raging Bolt|Raging Bolt|100/100|[from] U-turn
|
|upkeep
|turn|14
|
|t:|1779822712
|switch|p2a: Sylveon|Sylveon, F|100/100
|move|p1a: Raging Bolt|Calm Mind|p1a: Raging Bolt
|-boost|p1a: Raging Bolt|spa|1
|-boost|p1a: Raging Bolt|spd|1
|
|upkeep
|turn|15
|
|t:|1779822721
|-end|p1a: Raging Bolt|Protosynthesis|[silent]
|switch|p1a: Slowking|Slowking-Galar, F|93/100
|move|p2a: Sylveon|Calm Mind|p2a: Sylveon
|-boost|p2a: Sylveon|spa|1
|-boost|p2a: Sylveon|spd|1
|
|upkeep
|turn|16
|
|t:|1779822737
|-terastallize|p2a: Sylveon|Steel
|move|p2a: Sylveon|Calm Mind|p2a: Sylveon
|-boost|p2a: Sylveon|spa|1
|-boost|p2a: Sylveon|spd|1
|move|p1a: Slowking|Sludge Bomb|p2a: Sylveon
|-immune|p2a: Sylveon
|
|upkeep
|turn|17
|
|t:|1779822747
|switch|p1a: Corviknight|Corviknight, M|72/100
|-ability|p1a: Corviknight|Pressure
|move|p2a: Sylveon|Hyper Voice|p1a: Corviknight
|-resisted|p1a: Corviknight
|-damage|p1a: Corviknight|33/100
|
|upkeep
|turn|18
|
|t:|1779822753
|switch|p1a: Slowking|Slowking-Galar, F|100/100
|move|p2a: Sylveon|Hyper Voice|p1a: Slowking
|-resisted|p1a: Slowking
|-damage|p1a: Slowking|81/100
|
|upkeep
|turn|19
|
|t:|1779822758
|move|p2a: Sylveon|Calm Mind|p2a: Sylveon
|-boost|p2a: Sylveon|spa|1
|-boost|p2a: Sylveon|spd|1
|move|p1a: Slowking|Flamethrower|p2a: Sylveon
|-supereffective|p2a: Sylveon
|-damage|p2a: Sylveon|84/100
|
|upkeep
|turn|20
|
|t:|1779822765
|switch|p1a: Raging Bolt|Raging Bolt|100/100
|move|p2a: Sylveon|Calm Mind|p2a: Sylveon
|-boost|p2a: Sylveon|spa|1
|-boost|p2a: Sylveon|spd|1
|
|upkeep
|turn|21
|
|t:|1779822773
|-end|p1a: Raging Bolt|Protosynthesis|[silent]
|switch|p1a: Ting-Lu|Ting-Lu|94/100
|-ability|p1a: Ting-Lu|Vessel of Ruin
|move|p2a: Sylveon|Hyper Voice|p1a: Ting-Lu
|-supereffective|p1a: Ting-Lu
|-damage|p1a: Ting-Lu|0 fnt
|faint|p1a: Ting-Lu
|
|upkeep
|
|t:|1779822775
|switch|p1a: Zamazenta|Zamazenta|100/100
|-ability|p1a: Zamazenta|Dauntless Shield|boost
|-boost|p1a: Zamazenta|def|1
|turn|22
|
|t:|1779822779
|move|p2a: Sylveon|Protect|p2a: Sylveon
|-singleturn|p2a: Sylveon|Protect
|move|p1a: Zamazenta|Close Combat|p2a: Sylveon
|-activate|p2a: Sylveon|move: Protect
|
|upkeep
|turn|23
|
|t:|1779822786
|switch|p2a: Pecharunt|Pecharunt|100/100
|move|p1a: Zamazenta|Close Combat|p2a: Pecharunt
|-immune|p2a: Pecharunt
|
|upkeep
|turn|24
|
|t:|1779822792
|switch|p1a: Corviknight|Corviknight, M|33/100
|-ability|p1a: Corviknight|Pressure
|move|p2a: Pecharunt|Parting Shot|p1a: Corviknight
|-unboost|p1a: Corviknight|atk|1
|-unboost|p1a: Corviknight|spa|1
|
|t:|1779822799
|switch|p2a: Darkrai|Darkrai|100/100|[from] Parting Shot
|
|upkeep
|turn|25
|
|t:|1779822805
|switch|p1a: Zamazenta|Zamazenta|100/100
|move|p2a: Darkrai|Dark Pulse|p1a: Zamazenta
|-resisted|p1a: Zamazenta
|-damage|p1a: Zamazenta|81/100
|
|upkeep
|turn|26
|
|t:|1779822815
|switch|p1a: Corviknight|Corviknight, M|33/100
|-ability|p1a: Corviknight|Pressure
|move|p2a: Darkrai|Dark Pulse|p1a: Corviknight
|-damage|p1a: Corviknight|0 fnt
|faint|p1a: Corviknight
|
|upkeep
|
|t:|1779822818
|switch|p1a: Zamazenta|Zamazenta|81/100
|turn|27
|
|t:|1779822822
|switch|p2a: Skarmory|Skarmory, M|96/100
|move|p1a: Zamazenta|Crunch|p2a: Skarmory
|-damage|p2a: Skarmory|78/100
|-damage|p1a: Zamazenta|64/100|[from] item: Rocky Helmet|[of] p2a: Skarmory
|
|upkeep
|turn|28
|
|t:|1779822831
|switch|p1a: Raging Bolt|Raging Bolt|100/100
|move|p2a: Skarmory|Spikes|p1a: Raging Bolt
|-sidestart|p1: gojiratar|Spikes
|
|upkeep
|turn|29
|
|t:|1779822835
|switch|p2a: Sylveon|Sylveon, F, tera:Steel|84/100
|move|p1a: Raging Bolt|Calm Mind|p1a: Raging Bolt
|-boost|p1a: Raging Bolt|spa|1
|-boost|p1a: Raging Bolt|spd|1
|
|upkeep
|turn|30
|
|t:|1779822840
|-terastallize|p1a: Raging Bolt|Bug
|move|p1a: Raging Bolt|Thunderbolt|p2a: Sylveon
|-damage|p2a: Sylveon|33/100
|move|p2a: Sylveon|Hyper Voice|p1a: Raging Bolt
|-damage|p1a: Raging Bolt|73/100
|
|-heal|p1a: Raging Bolt|80/100|[from] item: Leftovers
|upkeep
|turn|31
|
|t:|1779822847
|move|p1a: Raging Bolt|Dragon Pulse|p2a: Sylveon
|-resisted|p2a: Sylveon
|-damage|p2a: Sylveon|7/100
|move|p2a: Sylveon|Hyper Voice|p1a: Raging Bolt
|-damage|p1a: Raging Bolt|55/100
|
|-heal|p1a: Raging Bolt|61/100|[from] item: Leftovers
|upkeep
|turn|32
|
|t:|1779822850
|move|p1a: Raging Bolt|Dragon Pulse|p2a: Sylveon
|-resisted|p2a: Sylveon
|-damage|p2a: Sylveon|0 fnt
|faint|p2a: Sylveon
|
|-heal|p1a: Raging Bolt|67/100|[from] item: Leftovers
|upkeep
|
|t:|1779822858
|switch|p2a: Darkrai|Darkrai|100/100
|turn|33
|
|t:|1779822863
|-end|p1a: Raging Bolt|Protosynthesis|[silent]
|switch|p1a: Zamazenta|Zamazenta|64/100
|move|p2a: Darkrai|Trick|p1a: Zamazenta
|-activate|p2a: Darkrai|move: Trick|[of] p1a: Zamazenta
|-item|p1a: Zamazenta|Choice Scarf|[from] move: Trick
|-item|p2a: Darkrai|Heavy-Duty Boots|[from] move: Trick
|
|upkeep
|turn|34
|
|t:|1779822872
|switch|p1a: Slowking|Slowking-Galar, F|100/100
|-damage|p1a: Slowking|88/100|[from] Spikes
|switch|p2a: Pecharunt|Pecharunt|100/100
|
|upkeep
|turn|35
|
|t:|1779822879
|move|p2a: Pecharunt|Parting Shot|p1a: Slowking
|-unboost|p1a: Slowking|atk|1
|-unboost|p1a: Slowking|spa|1
|
|t:|1779822881
|switch|p2a: Gliscor|Gliscor, F|63/100 tox|[from] Parting Shot
|move|p1a: Slowking|Sludge Bomb|p2a: Gliscor
|-resisted|p2a: Gliscor
|-damage|p2a: Gliscor|51/100 tox
|
|-heal|p2a: Gliscor|64/100 tox|[from] ability: Poison Heal
|upkeep
|turn|36
|
|t:|1779822884
|switch|p2a: Garganacl|Garganacl, F|100/100
|move|p1a: Slowking|Ice Beam|p2a: Garganacl
|-damage|p2a: Garganacl|87/100
|
|upkeep
|turn|37
|
|t:|1779822888
|switch|p1a: Zamazenta|Zamazenta|64/100
|-damage|p1a: Zamazenta|52/100|[from] Spikes
|move|p2a: Garganacl|Stealth Rock|p1a: Zamazenta
|-sidestart|p1: gojiratar|move: Stealth Rock
|
|upkeep
|turn|38
|
|t:|1779822892
|move|p2a: Garganacl|Protect|p2a: Garganacl
|-singleturn|p2a: Garganacl|Protect
|move|p1a: Zamazenta|Crunch|p2a: Garganacl
|-activate|p2a: Garganacl|move: Protect
|
|upkeep
|turn|39
|
|t:|1779822896
|switch|p1a: Ogerpon|Ogerpon-Wellspring, F|100/100
|-damage|p1a: Ogerpon|88/100|[from] Spikes
|-damage|p1a: Ogerpon|76/100|[from] Stealth Rock
|move|p2a: Garganacl|Salt Cure|p1a: Ogerpon
|-damage|p1a: Ogerpon|59/100
|-start|p1a: Ogerpon|Salt Cure
|
|-damage|p1a: Ogerpon|34/100|[from] Salt Cure
|upkeep
|turn|40
|
|t:|1779822902
|move|p2a: Garganacl|Protect|p2a: Garganacl
|-singleturn|p2a: Garganacl|Protect
|move|p1a: Ogerpon|Ivy Cudgel|p2a: Garganacl|[anim] Ivy Cudgel Water
|-activate|p2a: Garganacl|move: Protect
|
|-damage|p1a: Ogerpon|9/100|[from] Salt Cure
|upkeep
|turn|41
|
|t:|1779822908
|switch|p2a: Pecharunt|Pecharunt|100/100
|move|p1a: Ogerpon|Ivy Cudgel|p2a: Pecharunt|[anim] Ivy Cudgel Water
|-crit|p2a: Pecharunt
|-damage|p2a: Pecharunt|60/100
|
|-damage|p1a: Ogerpon|0 fnt|[from] Salt Cure
|faint|p1a: Ogerpon
|upkeep
|
|t:|1779822911
|switch|p1a: Raging Bolt|Raging Bolt, tera:Bug|67/100
|-damage|p1a: Raging Bolt|55/100|[from] Spikes
|-damage|p1a: Raging Bolt|30/100|[from] Stealth Rock
|turn|42
|
|t:|1779822919
|switch|p2a: Darkrai|Darkrai|100/100
|move|p1a: Raging Bolt|Calm Mind|p1a: Raging Bolt
|-boost|p1a: Raging Bolt|spa|1
|-boost|p1a: Raging Bolt|spd|1
|
|-heal|p1a: Raging Bolt|36/100|[from] item: Leftovers
|upkeep
|turn|43
|
|t:|1779822926
|move|p2a: Darkrai|Dark Pulse|p1a: Raging Bolt
|-damage|p1a: Raging Bolt|11/100
|move|p1a: Raging Bolt|Thunderbolt|p2a: Darkrai
|-damage|p2a: Darkrai|0 fnt
|faint|p2a: Darkrai
|
|-heal|p1a: Raging Bolt|17/100|[from] item: Leftovers
|upkeep
|
|t:|1779822931
|switch|p2a: Gliscor|Gliscor, F|64/100 tox
|turn|44
|
|t:|1779822936
|move|p1a: Raging Bolt|Dragon Pulse|p2a: Gliscor
|-damage|p2a: Gliscor|2/100 tox
|move|p2a: Gliscor|Knock Off|p1a: Raging Bolt
|-damage|p1a: Raging Bolt|0 fnt
|-enditem|p1a: Raging Bolt|Leftovers|[from] move: Knock Off|[of] p2a: Gliscor
|faint|p1a: Raging Bolt
|-end|p1a: Raging Bolt|Protosynthesis|[silent]
|
|-heal|p2a: Gliscor|15/100 tox|[from] ability: Poison Heal
|upkeep
|
|t:|1779822941
|switch|p1a: Zamazenta|Zamazenta|52/100
|-damage|p1a: Zamazenta|40/100|[from] Spikes
|-damage|p1a: Zamazenta|33/100|[from] Stealth Rock
|turn|45
|-message|gojiratar forfeited.
|
|win|Igoodnamename
|raw|gojiratar's rating: 1633 &rarr; <strong>1615</strong><br />(-18 for losing)
|raw|Igoodnamename's rating: 1662 &rarr; <strong>1680</strong><br />(+18 for winning)
|l|☆gojiratar
|player|p1|
|l|☆Igoodnamename
|player|p2|
