|j|☆encore21768768
|j|☆Abyssal Bot
|t:|1779899501
|gametype|singles
|player|p1|encore21768768|266|
|player|p2|Abyssal Bot|supernerd|
|teamsize|p1|6
|teamsize|p2|6
|gen|9
|tier|[Gen 9] OU
|rule|Species Clause: Limit one of each Pokémon
|rule|OHKO Clause: OHKO moves are banned
|rule|Evasion Items Clause: Evasion items are banned
|rule|Evasion Moves Clause: Evasion moves are banned
|rule|Endless Battle Clause: Forcing endless battles is banned
|rule|HP Percentage Mod: HP is shown in percentages
|rule|Sleep Moves Clause: Sleep-inducing moves are banned
|clearpoke
|poke|p1|Thundurus-Therian, M|
|poke|p1|Mandibuzz, F|
|poke|p1|Tornadus-Therian, M|
|poke|p1|Pelipper, F|
|poke|p1|Gyarados, F|
|poke|p1|Gliscor, M|
|poke|p2|Kingambit, F|
|poke|p2|Cinderace, F|
|poke|p2|Landorus-Therian, M|
|poke|p2|Iron Valiant|
|poke|p2|Kyurem|
|poke|p2|Slowking-Galar, M|
|teampreview
|c|☆Abyssal Bot|**WARNING**: Expect much hax.
|inactive|Battle timer is ON: inactive players will automatically lose when time's up. (requested by Abyssal Bot)
|j|*Turbo Bottttt
|
|t:|1779899507
|start
|switch|p1a: Gliscor|Gliscor, M|100/100
|switch|p2a: SlodogChillionaire|Slowking-Galar, M, shiny|100/100
|turn|1
|
|t:|1779899509
|switch|p2a: Homelandor|Landorus-Therian, M, shiny|100/100
|-ability|p2a: Homelandor|Intimidate|boost
|-unboost|p1a: Gliscor|atk|1
|move|p1a: Gliscor|Stealth Rock|p2a: Homelandor
|-sidestart|p2: Abyssal Bot|move: Stealth Rock
|
|-status|p1a: Gliscor|tox|[from] item: Toxic Orb
|upkeep
|turn|2
|
|t:|1779899512
|move|p1a: Gliscor|Toxic|p2a: Homelandor
|-status|p2a: Homelandor|tox
|move|p2a: Homelandor|Taunt|p1a: Gliscor
|-start|p1a: Gliscor|move: Taunt
|
|-damage|p2a: Homelandor|94/100 tox|[from] psn|[of] p1a: Gliscor
|upkeep
|turn|3
|
|t:|1779899517
|switch|p1a: Mandibuzz|Mandibuzz, F|100/100
|move|p2a: Homelandor|U-turn|p1a: Mandibuzz
|-damage|p1a: Mandibuzz|90/100
|
|t:|1779899517
|switch|p2a: Daenerys|Kingambit, F|100/100|[from] U-turn
|-damage|p2a: Daenerys|94/100|[from] Stealth Rock|[of] p1: Gliscor
|
|-heal|p2a: Daenerys|100/100|[from] item: Leftovers
|upkeep
|turn|4
|
|t:|1779899532
|switch|p1a: Gliscor|Gliscor, M|100/100 tox
|move|p2a: Daenerys|Iron Head|p1a: Gliscor
|-damage|p1a: Gliscor|63/100 tox
|
|-heal|p1a: Gliscor|75/100 tox|[from] ability: Poison Heal
|upkeep
|turn|5
|
|t:|1779899535
|move|p1a: Gliscor|Earthquake|p2a: Daenerys
|-supereffective|p2a: Daenerys
|-damage|p2a: Daenerys|47/100
|move|p2a: Daenerys|Swords Dance|p2a: Daenerys
|-boost|p2a: Daenerys|atk|2
|
|-heal|p2a: Daenerys|53/100|[from] item: Leftovers
|-heal|p1a: Gliscor|88/100 tox|[from] ability: Poison Heal
|upkeep
|turn|6
|
|t:|1779899538
|move|p1a: Gliscor|Earthquake|p2a: Daenerys
|-supereffective|p2a: Daenerys
|-damage|p2a: Daenerys|2/100
|move|p2a: Daenerys|Iron Head|p1a: Gliscor
|-damage|p1a: Gliscor|18/100 tox
|
|-heal|p2a: Daenerys|8/100|[from] item: Leftovers
|-heal|p1a: Gliscor|31/100 tox|[from] ability: Poison Heal
|upkeep
|turn|7
|
|t:|1779899541
|move|p1a: Gliscor|Protect|p1a: Gliscor
|-singleturn|p1a: Gliscor|Protect
|move|p2a: Daenerys|Kowtow Cleave|p1a: Gliscor
|-activate|p1a: Gliscor|move: Protect
|
|-heal|p2a: Daenerys|14/100|[from] item: Leftovers
|-heal|p1a: Gliscor|43/100 tox|[from] ability: Poison Heal
|upkeep
|turn|8
|
|t:|1779899543
|move|p1a: Gliscor|Protect||[still]
|-fail|p1a: Gliscor
|move|p2a: Daenerys|Iron Head|p1a: Gliscor
|-damage|p1a: Gliscor|0 tox
|faint|p1a: Gliscor
|
|-heal|p2a: Daenerys|20/100|[from] item: Leftovers
|upkeep
|
|t:|1779899546
|switch|p1a: Mandibuzz|Mandibuzz, F|90/100
|turn|9
|
|t:|1779899548
|move|p1a: Mandibuzz|Foul Play|p2a: Daenerys
|-resisted|p2a: Daenerys
|-damage|p2a: Daenerys|0
|faint|p2a: Daenerys
|-end|p2a: Daenerys|fallenundefined|[silent]
|
|upkeep
|
|t:|1779899548
|switch|p2a: Mr. Freeze|Kyurem, shiny|100/100
|-damage|p2a: Mr. Freeze|76/100|[from] Stealth Rock|[of] p1: Gliscor
|-ability|p2a: Mr. Freeze|Pressure
|turn|10
|
|t:|1779899565
|move|p2a: Mr. Freeze|Blizzard|p1a: Mandibuzz
|-supereffective|p1a: Mandibuzz
|-damage|p1a: Mandibuzz|0
|faint|p1a: Mandibuzz
|
|upkeep
|
|t:|1779899575
|switch|p1a: Thundurus|Thundurus-Therian, M|100/100
|turn|11
|
|t:|1779899577
|move|p1a: Thundurus|Focus Blast|p2a: Mr. Freeze
|-supereffective|p2a: Mr. Freeze
|-damage|p2a: Mr. Freeze|6/100
|move|p2a: Mr. Freeze|Blizzard|p1a: Thundurus
|-supereffective|p1a: Thundurus
|-damage|p1a: Thundurus|0
|faint|p1a: Thundurus
|
|upkeep
|
|t:|1779899582
|switch|p1a: Tornadus|Tornadus-Therian, M|100/100
|turn|12
|
|t:|1779899585
|move|p1a: Tornadus|Knock Off|p2a: Mr. Freeze
|-damage|p2a: Mr. Freeze|0
|-enditem|p2a: Mr. Freeze|Choice Specs|[from] move: Knock Off|[of] p1a: Tornadus
|faint|p2a: Mr. Freeze
|
|upkeep
|
|t:|1779899585
|switch|p2a: Kristine|Cinderace, F, shiny|100/100
|turn|13
|
|t:|1779899589
|switch|p1a: Pelipper|Pelipper, F|100/100
|-weather|Rain Dance|[from] ability: Drizzle|[of] p1a: Pelipper
|move|p2a: Kristine|Court Change|p2a: Kristine
|-swapsideconditions
|-activate|p2a: Kristine|move: Court Change
|
|-weather|Rain Dance|[upkeep]
|upkeep
|turn|14
|
|t:|1779899592
|switch|p2a: SlodogChillionaire|Slowking-Galar, M, shiny|100/100
|move|p1a: Pelipper|Hurricane|p2a: SlodogChillionaire
|-damage|p2a: SlodogChillionaire|77/100
|-start|p2a: SlodogChillionaire|confusion
|
|-weather|Rain Dance|[upkeep]
|upkeep
|turn|15
|
|t:|1779899599
|move|p1a: Pelipper|U-turn|p2a: SlodogChillionaire
|-damage|p2a: SlodogChillionaire|69/100
|
|t:|1779899602
|switch|p1a: Gyarados|Gyarados, F|100/100|[from] U-turn
|-damage|p1a: Gyarados|75/100|[from] Stealth Rock|[of] p1: Gliscor
|-activate|p2a: SlodogChillionaire|confusion
|move|p2a: SlodogChillionaire|Toxic|p1a: Gyarados
|-status|p1a: Gyarados|tox
|
|-weather|Rain Dance|[upkeep]
|-damage|p1a: Gyarados|69/100 tox|[from] psn|[of] p2a: SlodogChillionaire
|upkeep
|turn|16
|
|t:|1779899604
|move|p1a: Gyarados|Earthquake|p2a: SlodogChillionaire
|-supereffective|p2a: SlodogChillionaire
|-damage|p2a: SlodogChillionaire|0
|faint|p2a: SlodogChillionaire
|-ability|p1a: Gyarados|Moxie|boost
|-boost|p1a: Gyarados|atk|1
|
|-weather|Rain Dance|[upkeep]
|-damage|p1a: Gyarados|57/100 tox|[from] psn|[of] p2: SlodogChillionaire
|upkeep
|
|t:|1779899604
|switch|p2a: WALL-Y|Iron Valiant|100/100
|-enditem|p2a: WALL-Y|Booster Energy
|-activate|p2a: WALL-Y|ability: Quark Drive|[fromitem]
|-start|p2a: WALL-Y|quarkdrivespe
|turn|17
|
|t:|1779899610
|move|p2a: WALL-Y|Moonblast|p1a: Gyarados
|-damage|p1a: Gyarados|35/100 tox
|move|p1a: Gyarados|Waterfall|p2a: WALL-Y
|-damage|p2a: WALL-Y|0
|faint|p2a: WALL-Y
|-end|p2a: WALL-Y|Quark Drive|[silent]
|-ability|p1a: Gyarados|Moxie|boost
|-boost|p1a: Gyarados|atk|1
|
|-weather|Rain Dance|[upkeep]
|-damage|p1a: Gyarados|17/100 tox|[from] psn|[of] p2: SlodogChillionaire
|upkeep
|
|t:|1779899610
|switch|p2a: Kristine|Cinderace, F, shiny|100/100
|turn|18
|
|t:|1779899622
|move|p2a: Kristine|Pyro Ball|p1a: Gyarados
|-resisted|p1a: Gyarados
|-damage|p1a: Gyarados|2/100 tox
|move|p1a: Gyarados|Waterfall|p2a: Kristine
|-supereffective|p2a: Kristine
|-damage|p2a: Kristine|0
|faint|p2a: Kristine
|-ability|p1a: Gyarados|Moxie|boost
|-boost|p1a: Gyarados|atk|1
|
|-weather|Rain Dance|[upkeep]
|-damage|p1a: Gyarados|0 tox|[from] psn|[of] p2: SlodogChillionaire
|faint|p1a: Gyarados
|upkeep
|
|t:|1779899628
|switch|p2a: Homelandor|Landorus-Therian, M, shiny|94/100 tox
|switch|p1a: Pelipper|Pelipper, F|100/100
|-ability|p2a: Homelandor|Intimidate|boost
|-unboost|p1a: Pelipper|atk|1
|-damage|p1a: Pelipper|75/100|[from] Stealth Rock|[of] p1: Gliscor
|turn|19
|
|t:|1779899631
|move|p2a: Homelandor|Stealth Rock||[still]
|-fail|p2a: Homelandor
|move|p1a: Pelipper|Surf|p2a: Homelandor
|-supereffective|p2a: Homelandor
|-damage|p2a: Homelandor|6/100 tox
|
|-weather|Rain Dance|[upkeep]
|-damage|p2a: Homelandor|0 tox|[from] psn|[of] p1: Gliscor
|faint|p2a: Homelandor
|
|win|encore21768768
|upkeep
|c|☆Abyssal Bot|This loss doesn't matter, because I'm just a bot.
|l|☆Abyssal Bot
|player|p2|
|l|*Turbo Bottttt
