|j|☆claudechamp
|j|☆poyoloswag
|t:|1779903144
|gametype|singles
|player|p1|claudechamp|169|1350
|player|p2|poyoloswag|170|1376
|gen|9
|tier|[Gen 9] OU
|rated|
|rule|HP Percentage Mod: HP is shown in percentages
|rule|Endless Battle Clause: Forcing endless battles is banned
|rule|Species Clause: Limit one of each Pokémon
|rule|OHKO Clause: OHKO moves are banned
|rule|Evasion Items Clause: Evasion items are banned
|rule|Evasion Moves Clause: Evasion moves are banned
|rule|Evasion Abilities Clause: Evasion abilities are banned
|rule|Sleep Moves Clause: Sleep-inducing moves are banned
|clearpoke
|poke|p1|Gliscor, M|
|poke|p1|Ogerpon, F|
|poke|p1|Walking Wake|
|poke|p1|Blissey, F|
|poke|p1|Corviknight, F|
|poke|p1|Pecharunt|
|poke|p2|Garchomp, M|
|poke|p2|Latias, F|
|poke|p2|Darkrai|
|poke|p2|Gliscor, M|
|poke|p2|Skarmory, F|
|poke|p2|Mew|
|teampreview
|inactive|Battle timer is ON: inactive players will automatically lose when time's up. (requested by poyoloswag)
|c|☆claudechamp|hf
|inactive|claudechamp also wants the timer to be on.
|
|t:|1779903147
|teamsize|p1|6
|teamsize|p2|6
|start
|switch|p1a: Gliscor|Gliscor, M|100/100
|switch|p2a: Skarmory|Skarmory, F|100/100
|turn|1
|
|t:|1779903155
|move|p1a: Gliscor|Spikes|p2a: Skarmory
|-sidestart|p2: poyoloswag|Spikes
|move|p2a: Skarmory|Spikes|p1a: Gliscor
|-sidestart|p1: claudechamp|Spikes
|
|-status|p1a: Gliscor|tox|[from] item: Toxic Orb
|upkeep
|turn|2
|
|t:|1779903157
|move|p1a: Gliscor|Spikes|p2a: Skarmory
|-sidestart|p2: poyoloswag|Spikes
|move|p2a: Skarmory|Spikes|p1a: Gliscor
|-sidestart|p1: claudechamp|Spikes
|
|upkeep
|turn|3
|
|t:|1779903159
|switch|p1a: Blissey|Blissey, F|100/100
|move|p2a: Skarmory|Spikes|p1a: Blissey
|-sidestart|p1: claudechamp|Spikes
|
|upkeep
|turn|4
|
|t:|1779903163
|move|p1a: Blissey|Stealth Rock|p2a: Skarmory
|-sidestart|p2: poyoloswag|move: Stealth Rock
|move|p2a: Skarmory|Roar|p1a: Blissey
|drag|p1a: Walking Wake|Walking Wake|100/100
|
|upkeep
|turn|5
|
|t:|1779903167
|move|p1a: Walking Wake|Surf|p2a: Skarmory
|-damage|p2a: Skarmory|62/100
|move|p2a: Skarmory|Roar|p1a: Walking Wake
|-end|p1a: Walking Wake|Protosynthesis|[silent]
|drag|p1a: Blissey|Blissey, F|100/100
|
|-heal|p2a: Skarmory|68/100|[from] item: Leftovers
|upkeep
|turn|6
|
|t:|1779903171
|move|p2a: Skarmory|Drill Peck|p1a: Blissey
|-crit|p1a: Blissey
|-damage|p1a: Blissey|63/100
|move|p1a: Blissey|Seismic Toss|p2a: Skarmory
|-damage|p2a: Skarmory|38/100
|
|-heal|p2a: Skarmory|44/100|[from] item: Leftovers
|upkeep
|turn|7
|
|t:|1779903173
|move|p2a: Skarmory|Roost|p2a: Skarmory
|-heal|p2a: Skarmory|94/100
|-singleturn|p2a: Skarmory|move: Roost
|move|p1a: Blissey|Soft-Boiled|p1a: Blissey
|-heal|p1a: Blissey|100/100
|
|-heal|p2a: Skarmory|99/100|[from] item: Leftovers
|upkeep
|turn|8
|
|t:|1779903176
|switch|p1a: Walking Wake|Walking Wake|100/100
|move|p2a: Skarmory|Drill Peck|p1a: Walking Wake
|-damage|p1a: Walking Wake|75/100
|
|-heal|p2a: Skarmory|100/100|[from] item: Leftovers
|upkeep
|turn|9
|
|t:|1779903182
|move|p1a: Walking Wake|Surf|p2a: Skarmory
|-damage|p2a: Skarmory|59/100
|move|p2a: Skarmory|Drill Peck|p1a: Walking Wake
|-damage|p1a: Walking Wake|48/100
|
|-heal|p2a: Skarmory|65/100|[from] item: Leftovers
|upkeep
|turn|10
|
|t:|1779903187
|move|p1a: Walking Wake|Surf|p2a: Skarmory
|-damage|p2a: Skarmory|24/100
|move|p2a: Skarmory|Roost|p2a: Skarmory
|-heal|p2a: Skarmory|74/100
|-singleturn|p2a: Skarmory|move: Roost
|
|-heal|p2a: Skarmory|80/100|[from] item: Leftovers
|upkeep
|turn|11
|
|t:|1779903190
|move|p1a: Walking Wake|Surf|p2a: Skarmory
|-damage|p2a: Skarmory|40/100
|move|p2a: Skarmory|Drill Peck|p1a: Walking Wake
|-damage|p1a: Walking Wake|23/100
|
|-heal|p2a: Skarmory|46/100|[from] item: Leftovers
|upkeep
|turn|12
|
|t:|1779903195
|move|p1a: Walking Wake|Surf|p2a: Skarmory
|-damage|p2a: Skarmory|6/100
|move|p2a: Skarmory|Roost|p2a: Skarmory
|-heal|p2a: Skarmory|56/100
|-singleturn|p2a: Skarmory|move: Roost
|
|-heal|p2a: Skarmory|62/100|[from] item: Leftovers
|upkeep
|turn|13
|
|t:|1779903199
|move|p1a: Walking Wake|Surf|p2a: Skarmory
|-damage|p2a: Skarmory|21/100
|move|p2a: Skarmory|Roost|p2a: Skarmory
|-heal|p2a: Skarmory|71/100
|-singleturn|p2a: Skarmory|move: Roost
|
|-heal|p2a: Skarmory|77/100|[from] item: Leftovers
|upkeep
|turn|14
|
|t:|1779903204
|-end|p1a: Walking Wake|Protosynthesis|[silent]
|switch|p1a: Pecharunt|Pecharunt|100/100
|move|p2a: Skarmory|Drill Peck|p1a: Pecharunt
|-damage|p1a: Pecharunt|89/100
|
|-heal|p2a: Skarmory|83/100|[from] item: Leftovers
|upkeep
|turn|15
|
|t:|1779903208
|move|p1a: Pecharunt|Parting Shot|p2a: Skarmory
|-unboost|p2a: Skarmory|atk|1
|-unboost|p2a: Skarmory|spa|1
|
|t:|1779903210
|switch|p1a: Gliscor|Gliscor, M|100/100 tox|[from] Parting Shot
|move|p2a: Skarmory|Roar|p1a: Gliscor
|drag|p1a: Walking Wake|Walking Wake|23/100
|
|-heal|p2a: Skarmory|89/100|[from] item: Leftovers
|upkeep
|turn|16
|
|t:|1779903216
|move|p1a: Walking Wake|Surf|p2a: Skarmory
|-damage|p2a: Skarmory|50/100
|move|p2a: Skarmory|Drill Peck|p1a: Walking Wake
|-damage|p1a: Walking Wake|6/100
|
|-heal|p2a: Skarmory|56/100|[from] item: Leftovers
|upkeep
|turn|17
|
|t:|1779903219
|move|p1a: Walking Wake|Surf|p2a: Skarmory
|-damage|p2a: Skarmory|14/100
|move|p2a: Skarmory|Drill Peck|p1a: Walking Wake
|-damage|p1a: Walking Wake|0 fnt
|faint|p1a: Walking Wake
|-end|p1a: Walking Wake|Protosynthesis|[silent]
|
|-heal|p2a: Skarmory|20/100|[from] item: Leftovers
|upkeep
|
|t:|1779903224
|switch|p1a: Pecharunt|Pecharunt|89/100
|turn|18
|
|t:|1779903235
|move|p1a: Pecharunt|Parting Shot|p2a: Skarmory
|-unboost|p2a: Skarmory|atk|1
|-unboost|p2a: Skarmory|spa|1
|
|t:|1779903238
|switch|p1a: Blissey|Blissey, F|100/100|[from] Parting Shot
|move|p2a: Skarmory|Roost|p2a: Skarmory
|-heal|p2a: Skarmory|70/100
|-singleturn|p2a: Skarmory|move: Roost
|
|-heal|p2a: Skarmory|76/100|[from] item: Leftovers
|upkeep
|turn|19
|
|t:|1779903242
|switch|p2a: Gliscor|Gliscor, M|100/100
|-damage|p2a: Gliscor|88/100|[from] Stealth Rock
|move|p1a: Blissey|Seismic Toss|p2a: Gliscor
|-damage|p2a: Gliscor|57/100
|
|-status|p2a: Gliscor|tox|[from] item: Toxic Orb
|upkeep
|turn|20
|
|t:|1779903252
|move|p2a: Gliscor|Swords Dance|p2a: Gliscor
|-boost|p2a: Gliscor|atk|2
|move|p1a: Blissey|Seismic Toss|p2a: Gliscor
|-damage|p2a: Gliscor|25/100 tox
|
|-heal|p2a: Gliscor|38/100 tox|[from] ability: Poison Heal
|upkeep
|turn|21
|
|t:|1779903256
|move|p2a: Gliscor|Facade|p1a: Blissey
|-damage|p1a: Blissey|33/100
|move|p1a: Blissey|Seismic Toss|p2a: Gliscor
|-damage|p2a: Gliscor|7/100 tox
|
|-heal|p2a: Gliscor|19/100 tox|[from] ability: Poison Heal
|upkeep
|turn|22
|
|t:|1779903267
|switch|p1a: Pecharunt|Pecharunt|89/100
|move|p2a: Gliscor|Facade|p1a: Pecharunt
|-immune|p1a: Pecharunt
|
|-heal|p2a: Gliscor|32/100 tox|[from] ability: Poison Heal
|upkeep
|turn|23
|
|t:|1779903272
|move|p2a: Gliscor|Earthquake|p1a: Pecharunt
|-supereffective|p1a: Pecharunt
|-damage|p1a: Pecharunt|14/100
|move|p1a: Pecharunt|Foul Play|p2a: Gliscor
|-damage|p2a: Gliscor|0 fnt
|faint|p2a: Gliscor
|
|upkeep
|
|t:|1779903282
|switch|p2a: Mew|Mew|100/100
|-damage|p2a: Mew|84/100|[from] Spikes
|-damage|p2a: Mew|72/100|[from] Stealth Rock
|turn|24
|
|t:|1779903289
|move|p2a: Mew|Knock Off|p1a: Pecharunt
|-supereffective|p1a: Pecharunt
|-damage|p1a: Pecharunt|0 fnt
|-enditem|p1a: Pecharunt|Heavy-Duty Boots|[from] move: Knock Off|[of] p2a: Mew
|faint|p1a: Pecharunt
|
|-heal|p2a: Mew|78/100|[from] item: Leftovers
|upkeep
|
|t:|1779903294
|switch|p1a: Ogerpon|Ogerpon, F|100/100
|turn|25
|
|t:|1779903299
|move|p1a: Ogerpon|Knock Off|p2a: Mew
|-supereffective|p2a: Mew
|-damage|p2a: Mew|37/100
|-enditem|p2a: Mew|Leftovers|[from] move: Knock Off|[of] p1a: Ogerpon
|move|p2a: Mew|Knock Off|p1a: Ogerpon
|-damage|p1a: Ogerpon|70/100
|-enditem|p1a: Ogerpon|Heavy-Duty Boots|[from] move: Knock Off|[of] p2a: Mew
|
|upkeep
|turn|26
|
|t:|1779903304
|move|p1a: Ogerpon|U-turn|p2a: Mew
|-supereffective|p2a: Mew
|-damage|p2a: Mew|7/100
|
|t:|1779903314
|switch|p1a: Corviknight|Corviknight, F|100/100|[from] U-turn
|-ability|p1a: Corviknight|Pressure
|move|p2a: Mew|Toxic|p1a: Corviknight
|-immune|p1a: Corviknight
|
|upkeep
|turn|27
|
|t:|1779903319
|move|p2a: Mew|Knock Off|p1a: Corviknight
|-damage|p1a: Corviknight|86/100
|-enditem|p1a: Corviknight|Heavy-Duty Boots|[from] move: Knock Off|[of] p2a: Mew
|move|p1a: Corviknight|U-turn|p2a: Mew
|-supereffective|p2a: Mew
|-damage|p2a: Mew|0 fnt
|faint|p2a: Mew
|
|t:|1779903332
|switch|p1a: Blissey|Blissey, F|33/100|[from] U-turn
|
|upkeep
|
|t:|1779903338
|switch|p2a: Garchomp|Garchomp, M|100/100
|-damage|p2a: Garchomp|84/100|[from] Spikes
|-damage|p2a: Garchomp|78/100|[from] Stealth Rock
|turn|28
|
|t:|1779903351
|move|p2a: Garchomp|Fire Blast|p1a: Blissey
|-damage|p1a: Blissey|22/100
|-damage|p2a: Garchomp|68/100|[from] item: Life Orb
|move|p1a: Blissey|Soft-Boiled|p1a: Blissey
|-heal|p1a: Blissey|72/100
|
|upkeep
|turn|29
|
|t:|1779903362
|switch|p1a: Gliscor|Gliscor, M|100/100 tox
|move|p2a: Garchomp|Earthquake|p1a: Gliscor
|-immune|p1a: Gliscor
|
|upkeep
|turn|30
|
|t:|1779903373
|move|p2a: Garchomp|Draco Meteor|p1a: Gliscor
|-damage|p1a: Gliscor|44/100 tox
|-unboost|p2a: Garchomp|spa|2
|-damage|p2a: Garchomp|58/100|[from] item: Life Orb
|move|p1a: Gliscor|Spikes|p2a: Garchomp
|-sidestart|p2: poyoloswag|Spikes
|
|-heal|p1a: Gliscor|57/100 tox|[from] ability: Poison Heal
|upkeep
|turn|31
|
|t:|1779903387
|switch|p2a: Latias|Latias, F, shiny|100/100
|-damage|p2a: Latias|88/100|[from] Stealth Rock
|switch|p1a: Corviknight|Corviknight, F|86/100
|-ability|p1a: Corviknight|Pressure
|
|upkeep
|turn|32
|
|t:|1779903398
|move|p2a: Latias|Calm Mind|p2a: Latias
|-boost|p2a: Latias|spa|1
|-boost|p2a: Latias|spd|1
|move|p1a: Corviknight|Thief|p2a: Latias
|-supereffective|p2a: Latias
|-crit|p2a: Latias
|-damage|p2a: Latias|42/100
|-enditem|p2a: Latias|Life Orb|[silent]|[from] move: Thief|[of] p1a: Corviknight
|-item|p1a: Corviknight|Life Orb|[from] move: Thief|[of] p2a: Latias
|-damage|p1a: Corviknight|76/100|[from] item: Life Orb
|
|upkeep
|turn|33
|
|t:|1779903413
|move|p2a: Latias|Recover|p2a: Latias
|-heal|p2a: Latias|92/100
|move|p1a: Corviknight|Thief|p2a: Latias
|-supereffective|p2a: Latias
|-damage|p2a: Latias|51/100
|-damage|p1a: Corviknight|66/100|[from] item: Life Orb
|
|upkeep
|turn|34
|
|t:|1779903432
|move|p2a: Latias|Calm Mind|p2a: Latias
|-boost|p2a: Latias|spa|1
|-boost|p2a: Latias|spd|1
|move|p1a: Corviknight|U-turn|p2a: Latias
|-supereffective|p2a: Latias
|-damage|p2a: Latias|11/100
|-damage|p1a: Corviknight|56/100|[from] item: Life Orb
|
|t:|1779903441
|switch|p1a: Ogerpon|Ogerpon, F|70/100|[from] U-turn
|-damage|p1a: Ogerpon|45/100|[from] Spikes
|
|upkeep
|turn|35
|
|t:|1779903458
|move|p2a: Latias|Alluring Voice|p1a: Ogerpon
|-damage|p1a: Ogerpon|0 fnt
|faint|p1a: Ogerpon
|
|upkeep
|
|t:|1779903472
|switch|p1a: Blissey|Blissey, F|72/100
|turn|36
|
|t:|1779903484
|move|p2a: Latias|Recover|p2a: Latias
|-heal|p2a: Latias|62/100
|move|p1a: Blissey|Seismic Toss|p2a: Latias
|-damage|p2a: Latias|30/100
|
|upkeep
|turn|37
|
|t:|1779903492
|move|p2a: Latias|Recover|p2a: Latias
|-heal|p2a: Latias|80/100
|move|p1a: Blissey|Seismic Toss|p2a: Latias
|-damage|p2a: Latias|49/100
|
|upkeep
|turn|38
|
|t:|1779903499
|move|p2a: Latias|Alluring Voice|p1a: Blissey
|-damage|p1a: Blissey|58/100
|move|p1a: Blissey|Seismic Toss|p2a: Latias
|-damage|p2a: Latias|18/100
|
|upkeep
|turn|39
|
|t:|1779903512
|move|p2a: Latias|Recover|p2a: Latias
|-heal|p2a: Latias|68/100
|move|p1a: Blissey|Seismic Toss|p2a: Latias
|-damage|p2a: Latias|37/100
|
|upkeep
|turn|40
|
|t:|1779903528
|switch|p1a: Corviknight|Corviknight, F|56/100
|-ability|p1a: Corviknight|Pressure
|move|p2a: Latias|Calm Mind|p2a: Latias
|-boost|p2a: Latias|spa|1
|-boost|p2a: Latias|spd|1
|
|upkeep
|turn|41
|
|t:|1779903543
|move|p2a: Latias|Recover|p2a: Latias
|-heal|p2a: Latias|87/100
|move|p1a: Corviknight|U-turn|p2a: Latias
|-supereffective|p2a: Latias
|-damage|p2a: Latias|45/100
|-damage|p1a: Corviknight|46/100|[from] item: Life Orb
|inactive|claudechamp has 120 seconds left.
|
|t:|1779903559
|switch|p1a: Blissey|Blissey, F|58/100|[from] U-turn
|
|upkeep
|turn|42
|inactive|claudechamp has 120 seconds left.
|
|t:|1779903574
|move|p2a: Latias|Calm Mind|p2a: Latias
|-boost|p2a: Latias|spa|1
|-boost|p2a: Latias|spd|1
|move|p1a: Blissey|Seismic Toss|p2a: Latias
|-damage|p2a: Latias|14/100
|
|upkeep
|turn|43
|inactive|claudechamp has 120 seconds left.
|
|t:|1779903581
|move|p2a: Latias|Recover|p2a: Latias
|-heal|p2a: Latias|64/100
|move|p1a: Blissey|Seismic Toss|p2a: Latias
|-damage|p2a: Latias|32/100
|
|upkeep
|turn|44
|inactive|claudechamp has 120 seconds left.
|
|t:|1779903592
|move|p2a: Latias|Calm Mind|p2a: Latias
|-boost|p2a: Latias|spa|1
|-boost|p2a: Latias|spd|1
|move|p1a: Blissey|Seismic Toss|p2a: Latias
|-damage|p2a: Latias|1/100
|
|upkeep
|turn|45
|
|t:|1779903601
|move|p2a: Latias|Recover|p2a: Latias
|-heal|p2a: Latias|51/100
|move|p1a: Blissey|Soft-Boiled|p1a: Blissey
|-heal|p1a: Blissey|100/100
|
|upkeep
|turn|46
|
|t:|1779903611
|move|p2a: Latias|Calm Mind|p2a: Latias
|-boost|p2a: Latias|spa|1
|-boost|p2a: Latias|spd|1
|move|p1a: Blissey|Seismic Toss|p2a: Latias
|-damage|p2a: Latias|20/100
|
|upkeep
|turn|47
|
|t:|1779903621
|switch|p1a: Corviknight|Corviknight, F|46/100
|-ability|p1a: Corviknight|Pressure
|move|p2a: Latias|Recover|p2a: Latias
|-heal|p2a: Latias|70/100
|
|upkeep
|turn|48
|
|t:|1779903633
|switch|p1a: Blissey|Blissey, F|100/100
|move|p2a: Latias|Alluring Voice|p1a: Blissey
|-damage|p1a: Blissey|70/100
|
|upkeep
|turn|49
|inactive|poyoloswag has 120 seconds left.
|
|t:|1779903668
|move|p2a: Latias|Draco Meteor|p1a: Blissey
|-damage|p1a: Blissey|0 fnt
|-unboost|p2a: Latias|spa|2
|faint|p1a: Blissey
|
|upkeep
|
|t:|1779903677
|switch|p1a: Gliscor|Gliscor, M|57/100 tox
|turn|50
|
|t:|1779903689
|move|p2a: Latias|Alluring Voice|p1a: Gliscor
|-damage|p1a: Gliscor|0 fnt
|faint|p1a: Gliscor
|
|upkeep
|
|t:|1779903699
|switch|p1a: Corviknight|Corviknight, F|46/100
|-ability|p1a: Corviknight|Pressure
|turn|51
|
|t:|1779903707
|-terastallize|p2a: Latias|Fairy
|move|p2a: Latias|Alluring Voice|p1a: Corviknight
|-resisted|p1a: Corviknight
|-damage|p1a: Corviknight|0 fnt
|faint|p1a: Corviknight
|
|win|poyoloswag
|raw|claudechamp's rating: 1364 &rarr; <strong>1345</strong><br />(-19 for losing)
|raw|poyoloswag's rating: 1376 &rarr; <strong>1395</strong><br />(+19 for winning)
|c|☆claudechamp|gg
