|j|‽aria4games
|j|☆n-busuis
|t:|1779970495
|gametype|singles
|player|p1|aria4games|baker|1418
|player|p2|n-busuis|preschoolerf|1534
|gen|9
|tier|[Gen 9] OU
|rated|
|rule|HP Percentage Mod: HP is shown in percentages
|rule|Endless Battle Clause: Forcing endless battles is banned
|rule|Species Clause: Limit one of each Pokémon
|rule|OHKO Clause: OHKO moves are banned
|rule|Evasion Items Clause: Evasion items are banned
|rule|Evasion Moves Clause: Evasion moves are banned
|rule|Evasion Abilities Clause: Evasion abilities are banned
|rule|Sleep Moves Clause: Sleep-inducing moves are banned
|clearpoke
|poke|p1|Cinderace, M|
|poke|p1|Reuniclus, M|
|poke|p1|Kyurem|
|poke|p1|Raging Bolt|
|poke|p1|Darkrai|
|poke|p1|Keldeo-Resolute|
|poke|p2|Alomomola, F|
|poke|p2|Weezing-Galar, F|
|poke|p2|Corviknight, F|
|poke|p2|Gliscor, F|
|poke|p2|Darkrai|
|poke|p2|Ogerpon, F|
|teampreview
|
|t:|1779970504
|teamsize|p1|6
|teamsize|p2|6
|start
|switch|p1a: Reuniclus|Reuniclus, M, shiny|100/100
|switch|p2a: Gliscor|Gliscor, F|100/100
|turn|1
|
|t:|1779970515
|move|p2a: Gliscor|Stealth Rock|p1a: Reuniclus
|-sidestart|p1: aria4games|move: Stealth Rock
|move|p1a: Reuniclus|Knock Off|p2a: Gliscor
|-damage|p2a: Gliscor|90/100
|-enditem|p2a: Gliscor|Toxic Orb|[from] move: Knock Off|[of] p1a: Reuniclus
|
|upkeep
|turn|2
|
|t:|1779970521
|move|p2a: Gliscor|Toxic|p1a: Reuniclus
|-status|p1a: Reuniclus|tox
|move|p1a: Reuniclus|Future Sight|p2a: Gliscor
|-start|p1a: Reuniclus|move: Future Sight
|
|upkeep
|turn|3
|
|t:|1779970530
|switch|p2a: Darkrai|Darkrai|100/100
|switch|p1a: Keldeo|Keldeo-Resolute|100/100
|-damage|p1a: Keldeo|94/100|[from] Stealth Rock
|
|upkeep
|turn|4
|
|t:|1779970541
|switch|p2a: Corviknight|Corviknight, F|100/100
|-ability|p2a: Corviknight|Pressure
|move|p1a: Keldeo|Secret Sword|p2a: Corviknight
|-damage|p2a: Corviknight|58/100
|
|-end|p2a: Corviknight|move: Future Sight
|-resisted|p2a: Corviknight
|-damage|p2a: Corviknight|40/100
|-heal|p2a: Corviknight|46/100|[from] item: Leftovers
|upkeep
|turn|5
|
|t:|1779970551
|move|p1a: Keldeo|Secret Sword|p2a: Corviknight
|-damage|p2a: Corviknight|10/100
|move|p2a: Corviknight|Roost|p2a: Corviknight
|-heal|p2a: Corviknight|60/100
|-singleturn|p2a: Corviknight|move: Roost
|
|-heal|p2a: Corviknight|66/100|[from] item: Leftovers
|upkeep
|turn|6
|
|t:|1779970554
|switch|p1a: Reuniclus|Reuniclus, M, shiny|100/100 tox
|move|p2a: Corviknight|Roost|p2a: Corviknight
|-heal|p2a: Corviknight|100/100
|-singleturn|p2a: Corviknight|move: Roost
|
|upkeep
|turn|7
|
|t:|1779970559
|move|p2a: Corviknight|U-turn|p1a: Reuniclus
|-supereffective|p1a: Reuniclus
|-damage|p1a: Reuniclus|80/100 tox
|-damage|p2a: Corviknight|84/100|[from] item: Rocky Helmet|[of] p1a: Reuniclus
|
|t:|1779970564
|switch|p2a: Darkrai|Darkrai|100/100|[from] U-turn
|move|p1a: Reuniclus|Thunder Wave|p2a: Darkrai
|-status|p2a: Darkrai|par
|
|upkeep
|turn|8
|
|t:|1779970573
|move|p2a: Darkrai|Dark Pulse|p1a: Reuniclus
|-supereffective|p1a: Reuniclus
|-damage|p1a: Reuniclus|0 fnt
|faint|p1a: Reuniclus
|
|upkeep
|
|t:|1779970578
|switch|p1a: Cinderace|Cinderace, M|100/100
|turn|9
|
|t:|1779970582
|move|p1a: Cinderace|U-turn|p2a: Darkrai
|-start|p1a: Cinderace|typechange|Bug|[from] ability: Libero
|-supereffective|p2a: Darkrai
|-damage|p2a: Darkrai|19/100 par
|
|t:|1779970584
|switch|p1a: Keldeo|Keldeo-Resolute|94/100|[from] U-turn
|-damage|p1a: Keldeo|88/100|[from] Stealth Rock
|move|p2a: Darkrai|Dark Pulse|p1a: Keldeo
|-resisted|p1a: Keldeo
|-damage|p1a: Keldeo|53/100
|-ability|p1a: Keldeo|Justified|boost
|-boost|p1a: Keldeo|atk|1
|
|upkeep
|turn|10
|
|t:|1779970599
|switch|p2a: Alomomola|Alomomola, F|100/100
|move|p1a: Keldeo|Flip Turn|p2a: Alomomola
|-resisted|p2a: Alomomola
|-damage|p2a: Alomomola|95/100
|-damage|p1a: Keldeo|37/100|[from] item: Rocky Helmet|[of] p2a: Alomomola
|
|t:|1779970605
|switch|p1a: Cinderace|Cinderace, M|100/100|[from] Flip Turn
|
|upkeep
|turn|11
|
|t:|1779970612
|move|p1a: Cinderace|Court Change|p1a: Cinderace
|-start|p1a: Cinderace|typechange|Normal|[from] ability: Libero
|-swapsideconditions
|-activate|p1a: Cinderace|move: Court Change
|move|p2a: Alomomola|Flip Turn|p1a: Cinderace
|-damage|p1a: Cinderace|77/100
|
|t:|1779970621
|switch|p2a: Gliscor|Gliscor, F|90/100|[from] Flip Turn
|-damage|p2a: Gliscor|77/100|[from] Stealth Rock
|
|upkeep
|turn|12
|
|t:|1779970638
|move|p1a: Cinderace|U-turn|p2a: Gliscor
|-resisted|p2a: Gliscor
|-damage|p2a: Gliscor|68/100
|
|t:|1779970640
|switch|p1a: Kyurem|Kyurem, shiny|100/100|[from] U-turn
|-ability|p1a: Kyurem|Pressure
|move|p2a: Gliscor|Stealth Rock|p1a: Kyurem
|-sidestart|p1: aria4games|move: Stealth Rock
|
|upkeep
|turn|13
|
|t:|1779970647
|move|p1a: Kyurem|Freeze-Dry|p2a: Gliscor
|-supereffective|p2a: Gliscor
|-damage|p2a: Gliscor|0 fnt
|faint|p2a: Gliscor
|
|upkeep
|l|☆n-busuis
|player|p2|
|j|☆n-busuis
|player|p2|n-busuis|preschoolerf|
|
|t:|1779970689
|switch|p2a: Corviknight|Corviknight, F|84/100
|-damage|p2a: Corviknight|72/100|[from] Stealth Rock
|-ability|p2a: Corviknight|Pressure
|turn|14
|
|t:|1779970697
|switch|p1a: Cinderace|Cinderace, M|77/100
|move|p2a: Corviknight|Roost|p2a: Corviknight
|-heal|p2a: Corviknight|100/100
|-singleturn|p2a: Corviknight|move: Roost
|
|upkeep
|turn|15
|
|t:|1779970701
|switch|p2a: Alomomola|Alomomola, F|100/100
|-damage|p2a: Alomomola|88/100|[from] Stealth Rock
|move|p1a: Cinderace|Pyro Ball|p2a: Alomomola
|-resisted|p2a: Alomomola
|-damage|p2a: Alomomola|72/100
|
|upkeep
|turn|16
|
|t:|1779970710
|switch|p1a: Raging Bolt|Raging Bolt|100/100
|-damage|p1a: Raging Bolt|88/100|[from] Stealth Rock
|-enditem|p1a: Raging Bolt|Booster Energy
|-activate|p1a: Raging Bolt|ability: Protosynthesis|[fromitem]
|-start|p1a: Raging Bolt|protosynthesisspa
|move|p2a: Alomomola|Flip Turn|p1a: Raging Bolt
|-resisted|p1a: Raging Bolt
|-damage|p1a: Raging Bolt|82/100
|
|t:|1779970734
|switch|p2a: Weezing|Weezing-Galar, F|100/100|[from] Flip Turn
|-ability|p2a: Weezing|Neutralizing Gas
|-damage|p2a: Weezing|88/100|[from] Stealth Rock
|
|-heal|p2a: Weezing|94/100|[from] item: Leftovers
|upkeep
|turn|17
|
|t:|1779970739
|move|p2a: Weezing|Toxic|p1a: Raging Bolt
|-status|p1a: Raging Bolt|tox
|move|p1a: Raging Bolt|Calm Mind|p1a: Raging Bolt
|-boost|p1a: Raging Bolt|spa|1
|-boost|p1a: Raging Bolt|spd|1
|
|-heal|p2a: Weezing|99/100|[from] item: Leftovers
|-damage|p1a: Raging Bolt|76/100 tox|[from] psn
|upkeep
|turn|18
|
|t:|1779970748
|move|p2a: Weezing|Protect|p2a: Weezing
|-singleturn|p2a: Weezing|Protect
|move|p1a: Raging Bolt|Thunderbolt|p2a: Weezing
|-activate|p2a: Weezing|move: Protect
|
|-heal|p2a: Weezing|100/100|[from] item: Leftovers
|-damage|p1a: Raging Bolt|63/100 tox|[from] psn
|upkeep
|turn|19
|
|t:|1779970758
|-end|p2a: Weezing|ability: Neutralizing Gas
|switch|p2a: Darkrai|Darkrai|19/100 par
|-damage|p2a: Darkrai|6/100 par|[from] Stealth Rock
|move|p1a: Raging Bolt|Thunderbolt|p2a: Darkrai
|-damage|p2a: Darkrai|0 fnt
|faint|p2a: Darkrai
|
|-damage|p1a: Raging Bolt|45/100 tox|[from] psn
|upkeep
|
|t:|1779970776
|switch|p2a: Weezing|Weezing-Galar, F|100/100
|-ability|p2a: Weezing|Neutralizing Gas
|-damage|p2a: Weezing|88/100|[from] Stealth Rock
|turn|20
|
|t:|1779970779
|move|p2a: Weezing|Protect|p2a: Weezing
|-singleturn|p2a: Weezing|Protect
|move|p1a: Raging Bolt|Thunderbolt|p2a: Weezing
|-activate|p2a: Weezing|move: Protect
|
|-heal|p2a: Weezing|94/100|[from] item: Leftovers
|-damage|p1a: Raging Bolt|20/100 tox|[from] psn
|upkeep
|turn|21
|
|t:|1779970785
|move|p2a: Weezing|Protect||[still]
|-fail|p2a: Weezing
|move|p1a: Raging Bolt|Thunderbolt|p2a: Weezing
|-damage|p2a: Weezing|0 fnt
|faint|p2a: Weezing
|-end|p2a: Weezing|ability: Neutralizing Gas
|
|-damage|p1a: Raging Bolt|0 fnt|[from] psn
|faint|p1a: Raging Bolt
|-end|p1a: Raging Bolt|Protosynthesis|[silent]
|upkeep
|
|t:|1779970792
|switch|p2a: Ogerpon|Ogerpon, F|100/100
|switch|p1a: Cinderace|Cinderace, M|77/100
|-damage|p2a: Ogerpon|88/100|[from] Stealth Rock
|turn|22
|
|t:|1779970797
|switch|p2a: Alomomola|Alomomola, F|100/100
|-damage|p2a: Alomomola|88/100|[from] Stealth Rock
|move|p1a: Cinderace|Sucker Punch||[still]
|-fail|p1a: Cinderace
|
|upkeep
|turn|23
|
|t:|1779970804
|move|p1a: Cinderace|Pyro Ball|p2a: Alomomola
|-resisted|p2a: Alomomola
|-damage|p2a: Alomomola|74/100
|-status|p2a: Alomomola|brn
|move|p2a: Alomomola|Flip Turn|p1a: Cinderace
|-supereffective|p1a: Cinderace
|-damage|p1a: Cinderace|53/100
|
|t:|1779970812
|switch|p2a: Ogerpon|Ogerpon, F|88/100|[from] Flip Turn
|-damage|p2a: Ogerpon|76/100|[from] Stealth Rock
|
|upkeep
|turn|24
|
|t:|1779970817
|switch|p2a: Alomomola|Alomomola, F|100/100 brn
|-damage|p2a: Alomomola|88/100 brn|[from] Stealth Rock
|move|p1a: Cinderace|Sucker Punch||[still]
|-fail|p1a: Cinderace
|
|-damage|p2a: Alomomola|82/100 brn|[from] brn
|upkeep
|turn|25
|
|t:|1779970827
|switch|p1a: Keldeo|Keldeo-Resolute|37/100
|-damage|p1a: Keldeo|31/100|[from] Stealth Rock
|move|p2a: Alomomola|Wish|p2a: Alomomola
|
|-damage|p2a: Alomomola|76/100 brn|[from] brn
|upkeep
|turn|26
|
|t:|1779970834
|move|p1a: Keldeo|Air Slash|p2a: Alomomola
|-damage|p2a: Alomomola|44/100 brn
|move|p2a: Alomomola|Flip Turn|p1a: Keldeo
|-resisted|p1a: Keldeo
|-damage|p1a: Keldeo|26/100
|
|t:|1779970839
|switch|p2a: Ogerpon|Ogerpon, F|76/100|[from] Flip Turn
|-damage|p2a: Ogerpon|64/100|[from] Stealth Rock
|
|-heal|p2a: Ogerpon|100/100|[from] move: Wish|[wisher] Alomomola
|upkeep
|turn|27
|
|t:|1779970844
|move|p1a: Keldeo|Air Slash|p2a: Ogerpon
|-supereffective|p2a: Ogerpon
|-damage|p2a: Ogerpon|32/100
|cant|p2a: Ogerpon|flinch
|
|upkeep
|turn|28
|
|t:|1779970850
|-terastallize|p2a: Ogerpon|Grass
|detailschange|p2a: Ogerpon|Ogerpon-Teal-Tera, F, tera:Grass
|-ability|p2a: Ogerpon|Embody Aspect (Teal)|boost
|-boost|p2a: Ogerpon|spe|1
|move|p2a: Ogerpon|Ivy Cudgel|p1a: Keldeo
|-supereffective|p1a: Keldeo
|-crit|p1a: Keldeo
|-damage|p1a: Keldeo|0 fnt
|faint|p1a: Keldeo
|
|upkeep
|
|t:|1779970859
|switch|p1a: Cinderace|Cinderace, M|53/100
|turn|29
|
|t:|1779970862
|switch|p2a: Alomomola|Alomomola, F|77/100 brn
|-damage|p2a: Alomomola|65/100 brn|[from] Stealth Rock
|move|p1a: Cinderace|Pyro Ball|p2a: Alomomola
|-resisted|p2a: Alomomola
|-damage|p2a: Alomomola|49/100 brn
|
|-damage|p2a: Alomomola|43/100 brn|[from] brn
|upkeep
|turn|30
|
|t:|1779970868
|move|p1a: Cinderace|U-turn|p2a: Alomomola
|-start|p1a: Cinderace|typechange|Bug|[from] ability: Libero
|-damage|p2a: Alomomola|24/100 brn
|-damage|p1a: Cinderace|36/100|[from] item: Rocky Helmet|[of] p2a: Alomomola
|
|t:|1779970871
|switch|p1a: Kyurem|Kyurem, shiny|100/100|[from] U-turn
|-damage|p1a: Kyurem|76/100|[from] Stealth Rock
|-ability|p1a: Kyurem|Pressure
|move|p2a: Alomomola|Wish|p2a: Alomomola
|
|-damage|p2a: Alomomola|18/100 brn|[from] brn
|upkeep
|turn|31
|
|t:|1779970876
|move|p2a: Alomomola|Protect|p2a: Alomomola
|-singleturn|p2a: Alomomola|Protect
|move|p1a: Kyurem|Freeze-Dry|p2a: Alomomola
|-activate|p2a: Alomomola|move: Protect
|
|-heal|p2a: Alomomola|68/100 brn|[from] move: Wish|[wisher] Alomomola
|-damage|p2a: Alomomola|62/100 brn|[from] brn
|upkeep
|turn|32
|
|t:|1779970881
|switch|p2a: Corviknight|Corviknight, F|100/100
|-damage|p2a: Corviknight|88/100|[from] Stealth Rock
|-ability|p2a: Corviknight|Pressure
|move|p1a: Kyurem|Freeze-Dry|p2a: Corviknight
|-damage|p2a: Corviknight|66/100
|
|-heal|p2a: Corviknight|72/100|[from] item: Leftovers
|upkeep
|turn|33
|
|t:|1779970891
|-terastallize|p1a: Kyurem|Ground
|move|p1a: Kyurem|Freeze-Dry|p2a: Corviknight
|-damage|p2a: Corviknight|52/100
|move|p2a: Corviknight|Brave Bird|p1a: Kyurem
|-damage|p1a: Kyurem|45/100
|-damage|p2a: Corviknight|40/100|[from] Recoil
|
|-heal|p2a: Corviknight|46/100|[from] item: Leftovers
|upkeep
|turn|34
|
|t:|1779970901
|move|p1a: Kyurem|Freeze-Dry|p2a: Corviknight
|-damage|p2a: Corviknight|24/100
|move|p2a: Corviknight|Roost|p2a: Corviknight
|-heal|p2a: Corviknight|74/100
|-singleturn|p2a: Corviknight|move: Roost
|
|-heal|p2a: Corviknight|80/100|[from] item: Leftovers
|upkeep
|turn|35
|
|t:|1779970907
|switch|p1a: Cinderace|Cinderace, M|36/100
|move|p2a: Corviknight|U-turn|p1a: Cinderace
|-resisted|p1a: Cinderace
|-damage|p1a: Cinderace|26/100
|
|t:|1779970913
|switch|p2a: Alomomola|Alomomola, F|95/100 brn|[from] U-turn
|-damage|p2a: Alomomola|83/100 brn|[from] Stealth Rock
|
|-damage|p2a: Alomomola|77/100 brn|[from] brn
|upkeep
|turn|36
|
|t:|1779970921
|move|p1a: Cinderace|Pyro Ball|p2a: Alomomola
|-resisted|p2a: Alomomola
|-damage|p2a: Alomomola|61/100 brn
|move|p2a: Alomomola|Wish|p2a: Alomomola
|
|-damage|p2a: Alomomola|55/100 brn|[from] brn
|upkeep
|turn|37
|
|t:|1779970927
|switch|p1a: Kyurem|Kyurem, shiny, tera:Ground|45/100
|-damage|p1a: Kyurem|38/100|[from] Stealth Rock
|-ability|p1a: Kyurem|Pressure
|move|p2a: Alomomola|Flip Turn|p1a: Kyurem
|-supereffective|p1a: Kyurem
|-damage|p1a: Kyurem|25/100
|
|t:|1779970935
|switch|p2a: Ogerpon|Ogerpon-Teal-Tera, F, tera:Grass|32/100|[from] Flip Turn
|-damage|p2a: Ogerpon|20/100|[from] Stealth Rock
|-ability|p2a: Ogerpon|Embody Aspect (Teal)|boost
|-boost|p2a: Ogerpon|spe|1
|
|-heal|p2a: Ogerpon|100/100|[from] move: Wish|[wisher] Alomomola
|upkeep
|turn|38
|
|t:|1779970946
|switch|p2a: Corviknight|Corviknight, F|80/100
|-damage|p2a: Corviknight|67/100|[from] Stealth Rock
|-ability|p2a: Corviknight|Pressure
|move|p1a: Kyurem|Freeze-Dry|p2a: Corviknight
|-crit|p2a: Corviknight
|-damage|p2a: Corviknight|39/100
|
|-heal|p2a: Corviknight|45/100|[from] item: Leftovers
|upkeep
|turn|39
|
|t:|1779970957
|switch|p1a: Cinderace|Cinderace, M|26/100
|move|p2a: Corviknight|Roost|p2a: Corviknight
|-heal|p2a: Corviknight|95/100
|-singleturn|p2a: Corviknight|move: Roost
|
|-heal|p2a: Corviknight|100/100|[from] item: Leftovers
|upkeep
|turn|40
|
|t:|1779970959
|switch|p2a: Alomomola|Alomomola, F|88/100 brn
|-damage|p2a: Alomomola|76/100 brn|[from] Stealth Rock
|move|p1a: Cinderace|Pyro Ball|p2a: Alomomola
|-resisted|p2a: Alomomola
|-damage|p2a: Alomomola|60/100 brn
|
|-damage|p2a: Alomomola|54/100 brn|[from] brn
|upkeep
|turn|41
|
|t:|1779970965
|move|p1a: Cinderace|U-turn|p2a: Alomomola
|-start|p1a: Cinderace|typechange|Bug|[from] ability: Libero
|-damage|p2a: Alomomola|37/100 brn
|-damage|p1a: Cinderace|9/100|[from] item: Rocky Helmet|[of] p2a: Alomomola
|
|t:|1779970969
|switch|p1a: Darkrai|Darkrai|100/100|[from] U-turn
|-damage|p1a: Darkrai|88/100|[from] Stealth Rock
|move|p2a: Alomomola|Flip Turn|p1a: Darkrai
|-damage|p1a: Darkrai|78/100
|
|t:|1779970978
|switch|p2a: Ogerpon|Ogerpon-Teal-Tera, F, tera:Grass|100/100|[from] Flip Turn
|-damage|p2a: Ogerpon|88/100|[from] Stealth Rock
|-ability|p2a: Ogerpon|Embody Aspect (Teal)|boost
|-boost|p2a: Ogerpon|spe|1
|
|upkeep
|turn|42
|
|t:|1779970985
|move|p2a: Ogerpon|Ivy Cudgel|p1a: Darkrai
|-crit|p1a: Darkrai
|-damage|p1a: Darkrai|0 fnt
|faint|p1a: Darkrai
|
|upkeep
|
|t:|1779970989
|switch|p1a: Cinderace|Cinderace, M|9/100
|turn|43
|
|t:|1779970995
|move|p1a: Cinderace|Sucker Punch|p2a: Ogerpon
|-start|p1a: Cinderace|typechange|Dark|[from] ability: Libero
|-damage|p2a: Ogerpon|46/100
|move|p2a: Ogerpon|Knock Off|p1a: Cinderace
|-resisted|p1a: Cinderace
|-damage|p1a: Cinderace|0 fnt
|-enditem|p1a: Cinderace|Heavy-Duty Boots|[from] move: Knock Off|[of] p2a: Ogerpon
|faint|p1a: Cinderace
|
|upkeep
|
|t:|1779970998
|switch|p1a: Kyurem|Kyurem, shiny, tera:Ground|25/100
|-damage|p1a: Kyurem|19/100|[from] Stealth Rock
|-ability|p1a: Kyurem|Pressure
|turn|44
|
|t:|1779971003
|move|p2a: Ogerpon|Ivy Cudgel|p1a: Kyurem
|-supereffective|p1a: Kyurem
|-crit|p1a: Kyurem
|-damage|p1a: Kyurem|0 fnt
|faint|p1a: Kyurem
|
|win|n-busuis
|raw|aria4games's rating: 1418 &rarr; <strong>1404</strong><br />(-14 for losing)
|raw|n-busuis's rating: 1534 &rarr; <strong>1548</strong><br />(+14 for winning)
|l|‽aria4games
|player|p1|
|l|☆n-busuis
|player|p2|
