|j|☆Rella.kidd
|j|☆Zodiac Senpai
|t:|1779856780
|gametype|singles
|player|p1|Rella.kidd|266|1278
|player|p2|Zodiac Senpai|265|1317
|gen|9
|tier|[Gen 9] OU
|rated|
|rule|HP Percentage Mod: HP is shown in percentages
|rule|Endless Battle Clause: Forcing endless battles is banned
|rule|Species Clause: Limit one of each Pokémon
|rule|OHKO Clause: OHKO moves are banned
|rule|Evasion Items Clause: Evasion items are banned
|rule|Evasion Moves Clause: Evasion moves are banned
|rule|Evasion Abilities Clause: Evasion abilities are banned
|rule|Sleep Moves Clause: Sleep-inducing moves are banned
|clearpoke
|poke|p1|Incineroar, M|
|poke|p1|Noivern, F|
|poke|p1|Meowscarada, M|
|poke|p1|Gholdengo|
|poke|p1|Alomomola, M|
|poke|p1|Hatterene, F|
|poke|p2|Dragapult, M|
|poke|p2|Corviknight, M|
|poke|p2|Cinderace, F|
|poke|p2|Samurott-Hisui, F|
|poke|p2|Great Tusk|
|poke|p2|Primarina, M|
|teampreview
|inactive|Battle timer is ON: inactive players will automatically lose when time's up. (requested by Zodiac Senpai)
|
|t:|1779856788
|teamsize|p1|6
|teamsize|p2|6
|start
|switch|p1a: Incineroar|Incineroar, M|100/100
|switch|p2a: Cinderace|Cinderace, F, shiny|100/100
|-ability|p1a: Incineroar|Intimidate|boost
|-unboost|p2a: Cinderace|atk|1
|turn|1
|
|t:|1779856796
|move|p1a: Incineroar|Fake Out|p2a: Cinderace
|-damage|p2a: Cinderace|79/100
|cant|p2a: Cinderace|flinch
|
|upkeep
|turn|2
|
|t:|1779856804
|move|p2a: Cinderace|U-turn|p1a: Incineroar
|-start|p2a: Cinderace|typechange|Bug|[from] ability: Libero
|-damage|p1a: Incineroar|67/100
|
|t:|1779856808
|switch|p2a: Great Tusk|Great Tusk, shiny|100/100|[from] U-turn
|-enditem|p2a: Great Tusk|Booster Energy
|-activate|p2a: Great Tusk|ability: Protosynthesis|[fromitem]
|-start|p2a: Great Tusk|protosynthesisatk
|move|p1a: Incineroar|Parting Shot|p2a: Great Tusk
|-unboost|p2a: Great Tusk|atk|1
|-unboost|p2a: Great Tusk|spa|1
|
|t:|1779856825
|switch|p1a: Noivern|Noivern, F|100/100|[from] Parting Shot
|
|upkeep
|turn|3
|
|t:|1779856834
|-end|p2a: Great Tusk|Protosynthesis|[silent]
|switch|p2a: Primarina|Primarina, M, shiny|100/100
|move|p1a: Noivern|Psychic Noise|p2a: Primarina
|-damage|p2a: Primarina|82/100
|-start|p2a: Primarina|move: Heal Block
|-enditem|p1a: Noivern|Throat Spray
|-boost|p1a: Noivern|spa|1|[from] item: Throat Spray
|
|upkeep
|turn|4
|
|t:|1779856845
|-terastallize|p1a: Noivern|Normal
|move|p1a: Noivern|Boomburst|p2a: Primarina
|-damage|p2a: Primarina|15/100
|move|p2a: Primarina|Calm Mind|p2a: Primarina
|-boost|p2a: Primarina|spa|1
|-boost|p2a: Primarina|spd|1
|
|-end|p2a: Primarina|move: Heal Block
|upkeep
|turn|5
|
|t:|1779856855
|move|p1a: Noivern|Boomburst|p2a: Primarina
|-damage|p2a: Primarina|0 fnt
|faint|p2a: Primarina
|
|upkeep
|
|t:|1779856862
|switch|p2a: Corviknight|Corviknight, M, shiny|100/100
|turn|6
|
|t:|1779856869
|move|p1a: Noivern|Draco Meteor|p2a: Corviknight
|-resisted|p2a: Corviknight
|-crit|p2a: Corviknight
|-damage|p2a: Corviknight|37/100
|-unboost|p1a: Noivern|spa|2
|move|p2a: Corviknight|Body Press|p1a: Noivern
|-supereffective|p1a: Noivern
|-damage|p1a: Noivern|39/100
|
|upkeep
|turn|7
|
|t:|1779856879
|move|p1a: Noivern|Draco Meteor|p2a: Corviknight
|-resisted|p2a: Corviknight
|-damage|p2a: Corviknight|18/100
|-unboost|p1a: Noivern|spa|2
|move|p2a: Corviknight|Roost|p2a: Corviknight
|-heal|p2a: Corviknight|68/100
|-singleturn|p2a: Corviknight|move: Roost
|
|upkeep
|turn|8
|
|t:|1779856889
|switch|p1a: Incineroar|Incineroar, M|67/100
|-ability|p1a: Incineroar|Intimidate|boost
|-ability|p2a: Corviknight|Mirror Armor
|-unboost|p1a: Incineroar|atk|1
|move|p2a: Corviknight|U-turn|p1a: Incineroar
|-damage|p1a: Incineroar|54/100
|
|t:|1779856898
|switch|p2a: Great Tusk|Great Tusk, shiny|100/100|[from] U-turn
|
|upkeep
|turn|9
|
|t:|1779856903
|move|p1a: Incineroar|Fake Out|p2a: Great Tusk
|-damage|p2a: Great Tusk|93/100
|cant|p2a: Great Tusk|flinch
|
|upkeep
|turn|10
|
|t:|1779856910
|switch|p1a: Alomomola|Alomomola, M|100/100
|move|p2a: Great Tusk|Knock Off|p1a: Alomomola
|-damage|p1a: Alomomola|82/100
|-damage|p2a: Great Tusk|77/100|[from] item: Rocky Helmet|[of] p1a: Alomomola
|-enditem|p1a: Alomomola|Rocky Helmet|[from] move: Knock Off|[of] p2a: Great Tusk
|
|upkeep
|turn|11
|
|t:|1779856920
|-end|p2a: Great Tusk|Protosynthesis|[silent]
|switch|p2a: Corviknight|Corviknight, M, shiny|68/100
|move|p1a: Alomomola|Wish|p1a: Alomomola
|
|upkeep
|turn|12
|
|t:|1779856927
|switch|p2a: Samurott|Samurott-Hisui, F, shiny|100/100
|move|p1a: Alomomola|Flip Turn|p2a: Samurott
|-resisted|p2a: Samurott
|-damage|p2a: Samurott|91/100
|
|t:|1779856934
|switch|p1a: Noivern|Noivern, F, tera:Normal|39/100|[from] Flip Turn
|
|-heal|p1a: Noivern|100/100|[from] move: Wish|[wisher] Alomomola
|upkeep
|turn|13
|
|t:|1779856943
|move|p1a: Noivern|Boomburst|p2a: Samurott
|-damage|p2a: Samurott|35/100
|move|p2a: Samurott|Sacred Sword|p1a: Noivern
|-supereffective|p1a: Noivern
|-damage|p1a: Noivern|0 fnt
|faint|p1a: Noivern
|
|upkeep
|
|t:|1779856952
|switch|p1a: Meowscarada|Meowscarada, M|100/100
|turn|14
|
|t:|1779856963
|switch|p2a: Corviknight|Corviknight, M, shiny|68/100
|move|p1a: Meowscarada|Thunder Punch|p2a: Corviknight
|-start|p1a: Meowscarada|typechange|Electric|[from] ability: Protean
|-supereffective|p2a: Corviknight
|-damage|p2a: Corviknight|0 fnt
|-damage|p1a: Meowscarada|84/100|[from] item: Rocky Helmet|[of] p2a: Corviknight
|faint|p2a: Corviknight
|
|upkeep
|
|t:|1779856976
|switch|p2a: Cinderace|Cinderace, F, shiny|79/100
|turn|15
|
|t:|1779856981
|switch|p1a: Alomomola|Alomomola, M|100/100
|move|p2a: Cinderace|U-turn|p1a: Alomomola
|-start|p2a: Cinderace|typechange|Bug|[from] ability: Libero
|-damage|p1a: Alomomola|74/100
|
|t:|1779856987
|switch|p2a: Dragapult|Dragapult, M, shiny|100/100|[from] U-turn
|
|upkeep
|turn|16
|
|t:|1779856992
|switch|p1a: Hatterene|Hatterene, F|100/100
|move|p2a: Dragapult|Will-O-Wisp|p1a: Hatterene
|move|p1a: Hatterene|Will-O-Wisp|p2a: Dragapult|[from] ability: Magic Bounce
|-status|p2a: Dragapult|brn
|
|-damage|p2a: Dragapult|95/100 brn|[from] brn
|upkeep
|turn|17
|-message|Zodiac Senpai forfeited.
|
|win|Rella.kidd
|raw|Rella.kidd's rating: 1278 &rarr; <strong>1306</strong><br />(+28 for winning)
|raw|Zodiac Senpai's rating: 1317 &rarr; <strong>1295</strong><br />(-22 for losing)
|l|☆Zodiac Senpai
|player|p2|
|l|☆Rella.kidd
|player|p1|
