|j|☆Crafter568
|j|☆jbrunson
|t:|1779889159
|gametype|singles
|player|p1|Crafter568|hilbert|1436
|player|p2|jbrunson|buck|1408
|gen|9
|tier|[Gen 9] OU
|rated|
|rule|HP Percentage Mod: HP is shown in percentages
|rule|Endless Battle Clause: Forcing endless battles is banned
|rule|Species Clause: Limit one of each Pokémon
|rule|OHKO Clause: OHKO moves are banned
|rule|Evasion Items Clause: Evasion items are banned
|rule|Evasion Moves Clause: Evasion moves are banned
|rule|Evasion Abilities Clause: Evasion abilities are banned
|rule|Sleep Moves Clause: Sleep-inducing moves are banned
|clearpoke
|poke|p1|Blissey, F|
|poke|p1|Gliscor, F|
|poke|p1|Glimmora, F|
|poke|p1|Alomomola, M|
|poke|p1|Toxapex, M|
|poke|p1|Ting-Lu|
|poke|p2|Iron Moth|
|poke|p2|Gliscor, F|
|poke|p2|Hatterene, F|
|poke|p2|Ogerpon-Wellspring, F|
|poke|p2|Raging Bolt|
|poke|p2|Zamazenta-*|
|teampreview
|
|t:|1779889176
|teamsize|p1|6
|teamsize|p2|6
|start
|switch|p1a: Glimmora|Glimmora, F|100/100
|switch|p2a: Zamazenta|Zamazenta|100/100
|-ability|p2a: Zamazenta|Dauntless Shield|boost
|-boost|p2a: Zamazenta|def|1
|turn|1
|
|t:|1779889191
|switch|p1a: Toxapex|Toxapex, M|100/100
|move|p2a: Zamazenta|Light Screen|p2a: Zamazenta
|-sidestart|p2: jbrunson|move: Light Screen
|
|upkeep
|turn|2
|
|t:|1779889205
|move|p2a: Zamazenta|Reflect|p2a: Zamazenta
|-sidestart|p2: jbrunson|Reflect
|move|p1a: Toxapex|Infestation|p2a: Zamazenta
|-resisted|p2a: Zamazenta
|-damage|p2a: Zamazenta|99/100
|-activate|p2a: Zamazenta|move: Infestation|[of] p1a: Toxapex
|
|-damage|p2a: Zamazenta|88/100|[from] move: Infestation|[partiallytrapped]
|upkeep
|turn|3
|
|t:|1779889212
|move|p2a: Zamazenta|Ice Fang|p1a: Toxapex
|-resisted|p1a: Toxapex
|-damage|p1a: Toxapex|95/100
|-damage|p2a: Zamazenta|71/100|[from] item: Rocky Helmet|[of] p1a: Toxapex
|move|p1a: Toxapex|Toxic|p2a: Zamazenta
|-status|p2a: Zamazenta|tox
|
|-damage|p2a: Zamazenta|65/100 tox|[from] psn
|-damage|p2a: Zamazenta|52/100 tox|[from] move: Infestation|[partiallytrapped]
|upkeep
|turn|4
|
|t:|1779889223
|move|p2a: Zamazenta|Reflect||[still]
|-fail|p2a: Zamazenta
|move|p1a: Toxapex|Infestation|p2a: Zamazenta
|-resisted|p2a: Zamazenta
|-damage|p2a: Zamazenta|52/100 tox
|
|-damage|p2a: Zamazenta|40/100 tox|[from] psn
|-damage|p2a: Zamazenta|27/100 tox|[from] move: Infestation|[partiallytrapped]
|upkeep
|turn|5
|
|t:|1779889234
|move|p2a: Zamazenta|Close Combat|p1a: Toxapex
|-resisted|p1a: Toxapex
|-damage|p1a: Toxapex|79/100
|-unboost|p2a: Zamazenta|def|1
|-unboost|p2a: Zamazenta|spd|1
|-damage|p2a: Zamazenta|11/100 tox|[from] item: Rocky Helmet|[of] p1a: Toxapex
|move|p1a: Toxapex|Infestation|p2a: Zamazenta
|-resisted|p2a: Zamazenta
|-crit|p2a: Zamazenta
|-damage|p2a: Zamazenta|8/100 tox
|
|-damage|p2a: Zamazenta|0 fnt|[from] psn
|faint|p2a: Zamazenta
|upkeep
|
|t:|1779889249
|switch|p2a: Ogerpon|Ogerpon-Wellspring, F|100/100
|turn|6
|
|t:|1779889254
|move|p2a: Ogerpon|Swords Dance|p2a: Ogerpon
|-boost|p2a: Ogerpon|atk|2
|move|p1a: Toxapex|Toxic|p2a: Ogerpon
|-status|p2a: Ogerpon|tox
|
|-damage|p2a: Ogerpon|95/100 tox|[from] psn
|upkeep
|turn|7
|
|t:|1779889268
|-terastallize|p1a: Toxapex|Grass
|move|p2a: Ogerpon|Trailblaze|p1a: Toxapex
|-resisted|p1a: Toxapex
|-damage|p1a: Toxapex|61/100
|-boost|p2a: Ogerpon|spe|1
|-damage|p2a: Ogerpon|78/100 tox|[from] item: Rocky Helmet|[of] p1a: Toxapex
|move|p1a: Toxapex|Haze|p1a: Toxapex
|-clearallboost
|
|-damage|p2a: Ogerpon|66/100 tox|[from] psn
|upkeep
|turn|8
|
|t:|1779889281
|switch|p2a: Iron Moth|Iron Moth|100/100
|-enditem|p2a: Iron Moth|Booster Energy
|-activate|p2a: Iron Moth|ability: Quark Drive|[fromitem]
|-start|p2a: Iron Moth|quarkdrivespe
|move|p1a: Toxapex|Recover|p1a: Toxapex
|-heal|p1a: Toxapex|100/100
|
|-sideend|p2: jbrunson|move: Light Screen
|upkeep
|turn|9
|
|t:|1779889292
|switch|p1a: Ting-Lu|Ting-Lu|100/100
|-ability|p1a: Ting-Lu|Vessel of Ruin
|move|p2a: Iron Moth|Fiery Dance|p1a: Ting-Lu
|-damage|p1a: Ting-Lu|83/100
|-boost|p2a: Iron Moth|spa|1
|
|-heal|p1a: Ting-Lu|89/100|[from] item: Leftovers
|-sideend|p2: jbrunson|Reflect
|upkeep
|turn|10
|
|t:|1779889304
|-end|p2a: Iron Moth|Quark Drive|[silent]
|switch|p2a: Hatterene|Hatterene, F|100/100
|move|p1a: Ting-Lu|Earthquake|p2a: Hatterene
|-damage|p2a: Hatterene|68/100
|
|-heal|p1a: Ting-Lu|95/100|[from] item: Leftovers
|-heal|p2a: Hatterene|74/100|[from] item: Leftovers
|upkeep
|turn|11
|
|t:|1779889314
|move|p1a: Ting-Lu|Ruination|p2a: Hatterene
|-damage|p2a: Hatterene|37/100
|move|p2a: Hatterene|Calm Mind|p2a: Hatterene
|-boost|p2a: Hatterene|spa|1
|-boost|p2a: Hatterene|spd|1
|
|-heal|p1a: Ting-Lu|100/100|[from] item: Leftovers
|-heal|p2a: Hatterene|43/100|[from] item: Leftovers
|upkeep
|turn|12
|
|t:|1779889323
|move|p1a: Ting-Lu|Earthquake|p2a: Hatterene
|-damage|p2a: Hatterene|11/100
|move|p2a: Hatterene|Draining Kiss|p1a: Ting-Lu
|-supereffective|p1a: Ting-Lu
|-damage|p1a: Ting-Lu|73/100
|-heal|p2a: Hatterene|44/100|[from] drain|[of] p1a: Ting-Lu
|
|-heal|p1a: Ting-Lu|79/100|[from] item: Leftovers
|-heal|p2a: Hatterene|50/100|[from] item: Leftovers
|upkeep
|turn|13
|
|t:|1779889333
|move|p1a: Ting-Lu|Spite|p2a: Hatterene
|move|p2a: Hatterene|Spite|p1a: Ting-Lu|[from] ability: Magic Bounce
|-activate|p1a: Ting-Lu|move: Spite|Spite|4
|move|p2a: Hatterene|Draining Kiss|p1a: Ting-Lu
|-supereffective|p1a: Ting-Lu
|-damage|p1a: Ting-Lu|49/100
|-heal|p2a: Hatterene|88/100|[from] drain|[of] p1a: Ting-Lu
|
|-heal|p1a: Ting-Lu|55/100|[from] item: Leftovers
|-heal|p2a: Hatterene|94/100|[from] item: Leftovers
|upkeep
|turn|14
|
|t:|1779889347
|switch|p1a: Glimmora|Glimmora, F|100/100
|move|p2a: Hatterene|Calm Mind|p2a: Hatterene
|-boost|p2a: Hatterene|spa|1
|-boost|p2a: Hatterene|spd|1
|
|-heal|p2a: Hatterene|99/100|[from] item: Leftovers
|upkeep
|turn|15
|
|t:|1779889355
|move|p1a: Glimmora|Mortal Spin|p2a: Hatterene
|-supereffective|p2a: Hatterene
|-damage|p2a: Hatterene|90/100
|-status|p2a: Hatterene|psn
|move|p2a: Hatterene|Stored Power|p1a: Glimmora
|-supereffective|p1a: Glimmora
|-enditem|p1a: Glimmora|Focus Sash
|-damage|p1a: Glimmora|1/100
|
|-heal|p2a: Hatterene|96/100 psn|[from] item: Leftovers
|-damage|p2a: Hatterene|84/100 psn|[from] psn
|upkeep
|turn|16
|
|t:|1779889373
|move|p1a: Glimmora|Power Gem|p2a: Hatterene
|-damage|p2a: Hatterene|62/100 psn
|move|p2a: Hatterene|Draining Kiss|p1a: Glimmora
|-resisted|p1a: Glimmora
|-damage|p1a: Glimmora|0 fnt
|-heal|p2a: Hatterene|62/100 psn|[from] drain|[of] p1a: Glimmora
|faint|p1a: Glimmora
|
|-heal|p2a: Hatterene|68/100 psn|[from] item: Leftovers
|-damage|p2a: Hatterene|56/100 psn|[from] psn
|upkeep
|
|t:|1779889384
|switch|p1a: Gliscor|Gliscor, F|100/100
|turn|17
|
|t:|1779889394
|move|p1a: Gliscor|Knock Off|p2a: Hatterene
|-damage|p2a: Hatterene|37/100 psn
|-enditem|p2a: Hatterene|Leftovers|[from] move: Knock Off|[of] p1a: Gliscor
|move|p2a: Hatterene|Draining Kiss|p1a: Gliscor
|-damage|p1a: Gliscor|63/100
|-heal|p2a: Hatterene|69/100 psn|[from] drain|[of] p1a: Gliscor
|
|-damage|p2a: Hatterene|56/100 psn|[from] psn
|-status|p1a: Gliscor|tox|[from] item: Toxic Orb
|upkeep
|turn|18
|
|t:|1779889404
|move|p1a: Gliscor|Protect|p1a: Gliscor
|-singleturn|p1a: Gliscor|Protect
|move|p2a: Hatterene|Stored Power|p1a: Gliscor
|-activate|p1a: Gliscor|move: Protect
|
|-heal|p1a: Gliscor|75/100 tox|[from] ability: Poison Heal
|-damage|p2a: Hatterene|44/100 psn|[from] psn
|upkeep
|turn|19
|
|t:|1779889421
|switch|p1a: Blissey|Blissey, F|100/100
|move|p2a: Hatterene|Stored Power|p1a: Blissey
|-damage|p1a: Blissey|72/100
|
|-damage|p2a: Hatterene|32/100 psn|[from] psn
|upkeep
|turn|20
|
|t:|1779889431
|switch|p1a: Toxapex|Toxapex, M, tera:Grass|100/100
|move|p2a: Hatterene|Stored Power|p1a: Toxapex
|-damage|p1a: Toxapex|27/100
|
|-damage|p2a: Hatterene|19/100 psn|[from] psn
|upkeep
|turn|21
|
|t:|1779889441
|switch|p1a: Ting-Lu|Ting-Lu|55/100
|-ability|p1a: Ting-Lu|Vessel of Ruin
|move|p2a: Hatterene|Stored Power|p1a: Ting-Lu
|-immune|p1a: Ting-Lu
|
|-heal|p1a: Ting-Lu|61/100|[from] item: Leftovers
|-damage|p2a: Hatterene|7/100 psn|[from] psn
|upkeep
|turn|22
|
|t:|1779889451
|switch|p2a: Gliscor|Gliscor, F|100/100
|move|p1a: Ting-Lu|Earthquake|p2a: Gliscor
|-immune|p2a: Gliscor
|
|-heal|p1a: Ting-Lu|67/100|[from] item: Leftovers
|-status|p2a: Gliscor|tox|[from] item: Toxic Orb
|upkeep
|turn|23
|
|t:|1779889463
|move|p2a: Gliscor|Agility|p2a: Gliscor
|-boost|p2a: Gliscor|spe|2
|move|p1a: Ting-Lu|Ruination|p2a: Gliscor
|-damage|p2a: Gliscor|50/100 tox
|
|-heal|p1a: Ting-Lu|74/100|[from] item: Leftovers
|-heal|p2a: Gliscor|63/100 tox|[from] ability: Poison Heal
|upkeep
|turn|24
|
|t:|1779889473
|move|p2a: Gliscor|Swords Dance|p2a: Gliscor
|-boost|p2a: Gliscor|atk|2
|move|p1a: Ting-Lu|Whirlwind|p2a: Gliscor
|drag|p2a: Raging Bolt|Raging Bolt|100/100
|-enditem|p2a: Raging Bolt|Booster Energy
|-activate|p2a: Raging Bolt|ability: Protosynthesis|[fromitem]
|-start|p2a: Raging Bolt|protosynthesisspa
|
|-heal|p1a: Ting-Lu|80/100|[from] item: Leftovers
|upkeep
|turn|25
|
|t:|1779889487
|-terastallize|p2a: Raging Bolt|Ghost
|move|p2a: Raging Bolt|Calm Mind|p2a: Raging Bolt
|-boost|p2a: Raging Bolt|spa|1
|-boost|p2a: Raging Bolt|spd|1
|move|p1a: Ting-Lu|Ruination|p2a: Raging Bolt
|-damage|p2a: Raging Bolt|51/100
|
|-heal|p1a: Ting-Lu|86/100|[from] item: Leftovers
|upkeep
|turn|26
|
|t:|1779889499
|move|p2a: Raging Bolt|Dragon Pulse|p1a: Ting-Lu
|-damage|p1a: Ting-Lu|43/100
|move|p1a: Ting-Lu|Whirlwind|p2a: Raging Bolt
|-end|p2a: Raging Bolt|Protosynthesis|[silent]
|drag|p2a: Hatterene|Hatterene, F|7/100 psn
|
|-heal|p1a: Ting-Lu|49/100|[from] item: Leftovers
|-damage|p2a: Hatterene|0 fnt|[from] psn
|faint|p2a: Hatterene
|upkeep
|
|t:|1779889511
|switch|p2a: Gliscor|Gliscor, F|63/100 tox
|turn|27
|
|t:|1779889524
|switch|p1a: Toxapex|Toxapex, M, tera:Grass|61/100
|move|p2a: Gliscor|Earthquake|p1a: Toxapex
|-resisted|p1a: Toxapex
|-damage|p1a: Toxapex|46/100
|
|-heal|p2a: Gliscor|75/100 tox|[from] ability: Poison Heal
|upkeep
|turn|28
|
|t:|1779889533
|move|p2a: Gliscor|Swords Dance|p2a: Gliscor
|-boost|p2a: Gliscor|atk|2
|move|p1a: Toxapex|Recover|p1a: Toxapex
|-heal|p1a: Toxapex|96/100
|
|-heal|p2a: Gliscor|87/100 tox|[from] ability: Poison Heal
|upkeep
|turn|29
|
|t:|1779889544
|move|p2a: Gliscor|Swords Dance|p2a: Gliscor
|-boost|p2a: Gliscor|atk|2
|move|p1a: Toxapex|Haze|p1a: Toxapex
|-clearallboost
|
|-heal|p2a: Gliscor|99/100 tox|[from] ability: Poison Heal
|upkeep
|turn|30
|
|t:|1779889552
|move|p2a: Gliscor|Facade|p1a: Toxapex
|-damage|p1a: Toxapex|69/100
|-damage|p2a: Gliscor|83/100 tox|[from] item: Rocky Helmet|[of] p1a: Toxapex
|move|p1a: Toxapex|Infestation|p2a: Gliscor
|-resisted|p2a: Gliscor
|-damage|p2a: Gliscor|81/100 tox
|-activate|p2a: Gliscor|move: Infestation|[of] p1a: Toxapex
|
|-heal|p2a: Gliscor|94/100 tox|[from] ability: Poison Heal
|-damage|p2a: Gliscor|81/100 tox|[from] move: Infestation|[partiallytrapped]
|upkeep
|turn|31
|
|t:|1779889568
|move|p2a: Gliscor|Facade|p1a: Toxapex
|-crit|p1a: Toxapex
|-damage|p1a: Toxapex|30/100
|-damage|p2a: Gliscor|65/100 tox|[from] item: Rocky Helmet|[of] p1a: Toxapex
|move|p1a: Toxapex|Recover|p1a: Toxapex
|-heal|p1a: Toxapex|80/100
|
|-heal|p2a: Gliscor|77/100 tox|[from] ability: Poison Heal
|-damage|p2a: Gliscor|65/100 tox|[from] move: Infestation|[partiallytrapped]
|upkeep
|turn|32
|
|t:|1779889589
|move|p2a: Gliscor|Earthquake|p1a: Toxapex
|-resisted|p1a: Toxapex
|-damage|p1a: Toxapex|67/100
|move|p1a: Toxapex|Haze|p1a: Toxapex
|-clearallboost
|
|-heal|p2a: Gliscor|77/100 tox|[from] ability: Poison Heal
|-damage|p2a: Gliscor|65/100 tox|[from] move: Infestation|[partiallytrapped]
|upkeep
|turn|33
|
|t:|1779889601
|move|p2a: Gliscor|Earthquake|p1a: Toxapex
|-resisted|p1a: Toxapex
|-damage|p1a: Toxapex|54/100
|move|p1a: Toxapex|Infestation|p2a: Gliscor
|-resisted|p2a: Gliscor
|-damage|p2a: Gliscor|63/100 tox
|
|-heal|p2a: Gliscor|75/100 tox|[from] ability: Poison Heal
|-damage|p2a: Gliscor|63/100 tox|[from] move: Infestation|[partiallytrapped]
|upkeep
|turn|34
|
|t:|1779889611
|move|p2a: Gliscor|Earthquake|p1a: Toxapex
|-resisted|p1a: Toxapex
|-damage|p1a: Toxapex|41/100
|move|p1a: Toxapex|Recover|p1a: Toxapex
|-heal|p1a: Toxapex|91/100
|
|-heal|p2a: Gliscor|75/100 tox|[from] ability: Poison Heal
|-end|p2a: Gliscor|Infestation|[partiallytrapped]
|upkeep
|turn|35
|
|t:|1779889626
|switch|p2a: Iron Moth|Iron Moth|100/100
|move|p1a: Toxapex|Haze|p1a: Toxapex
|-clearallboost
|
|upkeep
|turn|36
|
|t:|1779889638
|switch|p1a: Blissey|Blissey, F|72/100
|move|p2a: Iron Moth|Toxic Spikes|p1a: Blissey
|-sidestart|p1: Crafter568|move: Toxic Spikes
|
|upkeep
|turn|37
|
|t:|1779889646
|move|p2a: Iron Moth|Toxic Spikes|p1a: Blissey
|-sidestart|p1: Crafter568|move: Toxic Spikes
|move|p1a: Blissey|Seismic Toss|p2a: Iron Moth
|-damage|p2a: Iron Moth|70/100
|
|upkeep
|turn|38
|
|t:|1779889652
|move|p1a: Blissey|Seismic Toss|p2a: Iron Moth
|-damage|p2a: Iron Moth|40/100
|move|p2a: Iron Moth|Whirlwind|p1a: Blissey
|drag|p1a: Alomomola|Alomomola, M|100/100
|
|upkeep
|turn|39
|
|t:|1779889661
|move|p2a: Iron Moth|Sludge Wave|p1a: Alomomola
|-damage|p1a: Alomomola|45/100
|move|p1a: Alomomola|Wish|p1a: Alomomola
|
|upkeep
|turn|40
|
|t:|1779889676
|switch|p1a: Ting-Lu|Ting-Lu|49/100
|-status|p1a: Ting-Lu|tox
|-ability|p1a: Ting-Lu|Vessel of Ruin
|move|p2a: Iron Moth|Sludge Wave|p1a: Ting-Lu
|-resisted|p1a: Ting-Lu
|-damage|p1a: Ting-Lu|40/100 tox
|
|-heal|p1a: Ting-Lu|92/100 tox|[from] move: Wish|[wisher] Alomomola
|-heal|p1a: Ting-Lu|98/100 tox|[from] item: Leftovers
|-damage|p1a: Ting-Lu|92/100 tox|[from] psn
|upkeep
|turn|41
|
|t:|1779889694
|-end|p2a: Iron Moth|Quark Drive|[silent]
|switch|p2a: Gliscor|Gliscor, F|75/100 tox
|move|p1a: Ting-Lu|Earthquake|p2a: Gliscor
|-immune|p2a: Gliscor
|
|-heal|p1a: Ting-Lu|98/100 tox|[from] item: Leftovers
|-heal|p2a: Gliscor|88/100 tox|[from] ability: Poison Heal
|-damage|p1a: Ting-Lu|86/100 tox|[from] psn
|upkeep
|turn|42
|
|t:|1779889705
|switch|p1a: Gliscor|Gliscor, F|75/100 tox
|move|p2a: Gliscor|Swords Dance|p2a: Gliscor
|-boost|p2a: Gliscor|atk|2
|
|-heal|p2a: Gliscor|99/100 tox|[from] ability: Poison Heal
|-heal|p1a: Gliscor|88/100 tox|[from] ability: Poison Heal
|upkeep
|turn|43
|
|t:|1779889717
|switch|p1a: Ting-Lu|Ting-Lu|86/100 tox
|-ability|p1a: Ting-Lu|Vessel of Ruin
|move|p2a: Gliscor|Facade|p1a: Ting-Lu
|-damage|p1a: Ting-Lu|36/100 tox
|
|-heal|p1a: Ting-Lu|42/100 tox|[from] item: Leftovers
|-heal|p2a: Gliscor|100/100 tox|[from] ability: Poison Heal
|-damage|p1a: Ting-Lu|36/100 tox|[from] psn
|upkeep
|turn|44
|
|t:|1779889729
|move|p2a: Gliscor|Facade|p1a: Ting-Lu
|-damage|p1a: Ting-Lu|0 fnt
|faint|p1a: Ting-Lu
|
|upkeep
|-message|Crafter568 forfeited.
|
|win|jbrunson
|raw|Crafter568's rating: 1436 &rarr; <strong>1414</strong><br />(-22 for losing)
|raw|jbrunson's rating: 1408 &rarr; <strong>1430</strong><br />(+22 for winning)
|l|☆Crafter568
|player|p1|
|n|☆jbrunson|dahoma
