|j|☆ZeMTiml
|j|☆npctypebeat
|t:|1779933214
|gametype|singles
|player|p1|ZeMTiml|worker-gen4|1039
|player|p2|npctypebeat|102|1053
|gen|9
|tier|[Gen 9] OU
|rated|
|rule|HP Percentage Mod: HP is shown in percentages
|rule|Endless Battle Clause: Forcing endless battles is banned
|rule|Species Clause: Limit one of each Pokémon
|rule|OHKO Clause: OHKO moves are banned
|rule|Evasion Items Clause: Evasion items are banned
|rule|Evasion Moves Clause: Evasion moves are banned
|rule|Evasion Abilities Clause: Evasion abilities are banned
|rule|Sleep Moves Clause: Sleep-inducing moves are banned
|clearpoke
|poke|p1|Blastoise, F|
|poke|p1|Fezandipiti, M|
|poke|p1|Metagross|
|poke|p1|Noivern, M|
|poke|p1|Electabuzz, F|
|poke|p1|Brute Bonnet|
|poke|p2|Gliscor, F|
|poke|p2|Gholdengo|
|poke|p2|Zamazenta-*|
|poke|p2|Blissey, F|
|poke|p2|Skarmory, F|
|poke|p2|Pecharunt|
|teampreview
|c|☆npctypebeat|hf
|inactive|Battle timer is ON: inactive players will automatically lose when time's up. (requested by npctypebeat)
|
|t:|1779933221
|teamsize|p1|6
|teamsize|p2|6
|start
|switch|p1a: Electabuzz|Electabuzz, F|100/100
|switch|p2a: Skarmory|Skarmory, F|100/100
|turn|1
|
|t:|1779933227
|move|p1a: Electabuzz|Light Screen|p1a: Electabuzz
|-sidestart|p1: ZeMTiml|move: Light Screen
|move|p2a: Skarmory|Spikes|p1a: Electabuzz
|-sidestart|p1: ZeMTiml|Spikes
|
|upkeep
|turn|2
|
|t:|1779933232
|move|p1a: Electabuzz|Charge|p1a: Electabuzz
|-boost|p1a: Electabuzz|spd|1
|-start|p1a: Electabuzz|Charge
|move|p2a: Skarmory|Spikes|p1a: Electabuzz
|-sidestart|p1: ZeMTiml|Spikes
|
|upkeep
|turn|3
|
|t:|1779933236
|move|p1a: Electabuzz|Charge Beam|p2a: Skarmory
|-supereffective|p2a: Skarmory
|-ability|p2a: Skarmory|Sturdy
|-damage|p2a: Skarmory|1/100
|-boost|p1a: Electabuzz|spa|1
|-end|p1a: Electabuzz|Charge|[silent]
|move|p2a: Skarmory|Spikes|p1a: Electabuzz
|-sidestart|p1: ZeMTiml|Spikes
|
|upkeep
|turn|4
|
|t:|1779933244
|switch|p2a: Gliscor|Gliscor, F|100/100
|move|p1a: Electabuzz|Charge Beam|p2a: Gliscor
|-immune|p2a: Gliscor
|
|-status|p2a: Gliscor|tox|[from] item: Toxic Orb
|upkeep
|turn|5
|
|t:|1779933255
|-terastallize|p1a: Electabuzz|Flying
|move|p1a: Electabuzz|Charge|p1a: Electabuzz
|-boost|p1a: Electabuzz|spd|1
|-start|p1a: Electabuzz|Charge
|move|p2a: Gliscor|Earthquake|p1a: Electabuzz
|-immune|p1a: Electabuzz
|
|-sideend|p1: ZeMTiml|move: Light Screen
|upkeep
|turn|6
|
|t:|1779933262
|move|p1a: Electabuzz|Light Screen|p1a: Electabuzz
|-sidestart|p1: ZeMTiml|move: Light Screen
|move|p2a: Gliscor|Swords Dance|p2a: Gliscor
|-boost|p2a: Gliscor|atk|2
|
|upkeep
|turn|7
|
|t:|1779933273
|switch|p1a: Blastoise|Blastoise, F|100/100
|move|p2a: Gliscor|Knock Off|p1a: Blastoise
|-crit|p1a: Blastoise
|-damage|p1a: Blastoise|30/100
|-enditem|p1a: Blastoise|Heavy-Duty Boots|[from] move: Knock Off|[of] p2a: Gliscor
|
|upkeep
|turn|8
|
|t:|1779933280
|switch|p2a: Zamazenta|Zamazenta|100/100
|-ability|p2a: Zamazenta|Dauntless Shield|boost
|-boost|p2a: Zamazenta|def|1
|move|p1a: Blastoise|Rapid Spin|p2a: Zamazenta
|-damage|p2a: Zamazenta|95/100
|-boost|p1a: Blastoise|spe|1
|-sideend|p1: ZeMTiml|Spikes|[from] move: Rapid Spin|[of] p1a: Blastoise
|
|upkeep
|turn|9
|
|t:|1779933289
|move|p2a: Zamazenta|Close Combat|p1a: Blastoise
|-damage|p1a: Blastoise|0 fnt
|-unboost|p2a: Zamazenta|def|1
|-unboost|p2a: Zamazenta|spd|1
|faint|p1a: Blastoise
|
|upkeep
|
|t:|1779933295
|switch|p1a: Metagross|Metagross|100/100
|turn|10
|
|t:|1779933299
|move|p2a: Zamazenta|Ice Fang|p1a: Metagross
|-resisted|p1a: Metagross
|-damage|p1a: Metagross|93/100
|cant|p1a: Metagross|flinch
|
|-sideend|p1: ZeMTiml|move: Light Screen
|upkeep
|turn|11
|
|t:|1779933307
|move|p2a: Zamazenta|Heavy Slam|p1a: Metagross
|-resisted|p1a: Metagross
|-damage|p1a: Metagross|88/100
|move|p1a: Metagross|Psychic Fangs|p2a: Zamazenta
|-supereffective|p2a: Zamazenta
|-damage|p2a: Zamazenta|6/100
|
|upkeep
|turn|12
|
|t:|1779933323
|move|p1a: Metagross|Bullet Punch|p2a: Zamazenta
|-damage|p2a: Zamazenta|0 fnt
|faint|p2a: Zamazenta
|
|upkeep
|
|t:|1779933340
|switch|p2a: Gholdengo|Gholdengo|100/100
|turn|13
|
|t:|1779933349
|switch|p1a: Brute Bonnet|Brute Bonnet|100/100
|move|p2a: Gholdengo|Nasty Plot|p2a: Gholdengo
|-boost|p2a: Gholdengo|spa|2
|
|upkeep
|turn|14
|
|t:|1779933355
|move|p2a: Gholdengo|Hex|p1a: Brute Bonnet
|-resisted|p1a: Brute Bonnet
|-damage|p1a: Brute Bonnet|80/100
|move|p1a: Brute Bonnet|Grassy Terrain|p1a: Brute Bonnet
|-fieldstart|move: Grassy Terrain
|
|-heal|p1a: Brute Bonnet|86/100|[from] Grassy Terrain
|upkeep
|turn|15
|
|t:|1779933363
|move|p1a: Brute Bonnet|Sucker Punch||[still]
|-fail|p1a: Brute Bonnet
|move|p2a: Gholdengo|Thunder Wave|p1a: Brute Bonnet
|-status|p1a: Brute Bonnet|par
|
|-heal|p1a: Brute Bonnet|92/100 par|[from] Grassy Terrain
|upkeep
|turn|16
|
|t:|1779933371
|move|p1a: Brute Bonnet|Sucker Punch|p2a: Gholdengo
|-supereffective|p2a: Gholdengo
|-damage|p2a: Gholdengo|46/100
|move|p2a: Gholdengo|Hex|p1a: Brute Bonnet
|-resisted|p1a: Brute Bonnet
|-damage|p1a: Brute Bonnet|47/100 par
|
|-heal|p2a: Gholdengo|52/100|[from] Grassy Terrain
|-heal|p1a: Brute Bonnet|53/100 par|[from] Grassy Terrain
|upkeep
|turn|17
|
|t:|1779933381
|move|p1a: Brute Bonnet|Sucker Punch|p2a: Gholdengo
|-supereffective|p2a: Gholdengo
|-damage|p2a: Gholdengo|0 fnt
|faint|p2a: Gholdengo
|
|-heal|p1a: Brute Bonnet|59/100 par|[from] Grassy Terrain
|upkeep
|
|t:|1779933388
|switch|p2a: Blissey|Blissey, F|100/100
|turn|18
|
|t:|1779933399
|move|p2a: Blissey|Stealth Rock|p1a: Brute Bonnet
|-sidestart|p1: ZeMTiml|move: Stealth Rock
|move|p1a: Brute Bonnet|Synthesis|p1a: Brute Bonnet
|-heal|p1a: Brute Bonnet|100/100 par
|
|-fieldend|move: Grassy Terrain
|upkeep
|turn|19
|
|t:|1779933408
|switch|p2a: Gliscor|Gliscor, F|100/100 tox
|cant|p1a: Brute Bonnet|par
|
|upkeep
|turn|20
|
|t:|1779933414
|move|p2a: Gliscor|Swords Dance|p2a: Gliscor
|-boost|p2a: Gliscor|atk|2
|cant|p1a: Brute Bonnet|par
|
|upkeep
|turn|21
|
|t:|1779933419
|move|p2a: Gliscor|Swords Dance|p2a: Gliscor
|-boost|p2a: Gliscor|atk|2
|move|p1a: Brute Bonnet|Grassy Terrain|p1a: Brute Bonnet
|-fieldstart|move: Grassy Terrain
|
|upkeep
|turn|22
|
|t:|1779933425
|move|p2a: Gliscor|Knock Off|p1a: Brute Bonnet
|-resisted|p1a: Brute Bonnet
|-damage|p1a: Brute Bonnet|76/100 par
|-enditem|p1a: Brute Bonnet|Loaded Dice|[from] move: Knock Off|[of] p2a: Gliscor
|move|p1a: Brute Bonnet|Bullet Seed|p2a: Gliscor
|-damage|p2a: Gliscor|86/100 tox
|-damage|p2a: Gliscor|72/100 tox
|-hitcount|p2a: Gliscor|2
|
|-heal|p1a: Brute Bonnet|83/100 par|[from] Grassy Terrain
|-heal|p2a: Gliscor|85/100 tox|[from] ability: Poison Heal
|upkeep
|turn|23
|
|t:|1779933436
|move|p1a: Brute Bonnet|Sucker Punch||[still]
|-fail|p1a: Brute Bonnet
|move|p2a: Gliscor|Swords Dance|p2a: Gliscor
|-boost|p2a: Gliscor|atk|2
|
|-heal|p1a: Brute Bonnet|89/100 par|[from] Grassy Terrain
|-heal|p2a: Gliscor|97/100 tox|[from] ability: Poison Heal
|upkeep
|turn|24
|
|t:|1779933443
|move|p2a: Gliscor|Earthquake|p1a: Brute Bonnet
|-resisted|p1a: Brute Bonnet
|-damage|p1a: Brute Bonnet|60/100 par
|move|p1a: Brute Bonnet|Bullet Seed|p2a: Gliscor
|-crit|p2a: Gliscor
|-damage|p2a: Gliscor|75/100 tox
|-damage|p2a: Gliscor|61/100 tox
|-damage|p2a: Gliscor|46/100 tox
|-damage|p2a: Gliscor|29/100 tox
|-hitcount|p2a: Gliscor|4
|
|-heal|p1a: Brute Bonnet|66/100 par|[from] Grassy Terrain
|-heal|p2a: Gliscor|42/100 tox|[from] ability: Poison Heal
|upkeep
|turn|25
|
|t:|1779933455
|move|p2a: Gliscor|Protect|p2a: Gliscor
|-singleturn|p2a: Gliscor|Protect
|move|p1a: Brute Bonnet|Bullet Seed|p2a: Gliscor
|-activate|p2a: Gliscor|move: Protect
|
|-heal|p1a: Brute Bonnet|72/100 par|[from] Grassy Terrain
|-heal|p2a: Gliscor|54/100 tox|[from] ability: Poison Heal
|-fieldend|move: Grassy Terrain
|upkeep
|turn|26
|
|t:|1779933463
|move|p2a: Gliscor|Earthquake|p1a: Brute Bonnet
|-resisted|p1a: Brute Bonnet
|-damage|p1a: Brute Bonnet|17/100 par
|move|p1a: Brute Bonnet|Grassy Terrain|p1a: Brute Bonnet
|-fieldstart|move: Grassy Terrain
|
|-heal|p1a: Brute Bonnet|24/100 par|[from] Grassy Terrain
|-heal|p2a: Gliscor|67/100 tox|[from] ability: Poison Heal
|upkeep
|turn|27
|
|t:|1779933471
|-end|p1a: Brute Bonnet|Protosynthesis|[silent]
|switch|p1a: Noivern|Noivern, M|100/100
|-damage|p1a: Noivern|76/100|[from] Stealth Rock
|-item|p2a: Gliscor|Toxic Orb|[from] ability: Frisk|[of] p1a: Noivern
|move|p2a: Gliscor|Earthquake|p1a: Noivern
|-immune|p1a: Noivern
|
|-heal|p2a: Gliscor|79/100 tox|[from] ability: Poison Heal
|upkeep
|turn|28
|
|t:|1779933486
|move|p1a: Noivern|Dragon Pulse|p2a: Gliscor
|-damage|p2a: Gliscor|47/100 tox
|move|p2a: Gliscor|Knock Off|p1a: Noivern
|-damage|p1a: Noivern|0 fnt
|-enditem|p1a: Noivern|Wide Lens|[from] move: Knock Off|[of] p2a: Gliscor
|faint|p1a: Noivern
|
|-heal|p2a: Gliscor|59/100 tox|[from] ability: Poison Heal
|upkeep
|
|t:|1779933503
|switch|p1a: Fezandipiti|Fezandipiti, M|100/100
|-damage|p1a: Fezandipiti|88/100|[from] Stealth Rock
|turn|29
|
|t:|1779933510
|move|p1a: Fezandipiti|Play Rough|p2a: Gliscor
|-damage|p2a: Gliscor|25/100 tox
|move|p2a: Gliscor|Earthquake|p1a: Fezandipiti
|-supereffective|p1a: Fezandipiti
|-damage|p1a: Fezandipiti|0 fnt
|faint|p1a: Fezandipiti
|
|-heal|p2a: Gliscor|38/100 tox|[from] ability: Poison Heal
|upkeep
|
|t:|1779933522
|switch|p1a: Metagross|Metagross|88/100
|-damage|p1a: Metagross|82/100|[from] Stealth Rock
|turn|30
|
|t:|1779933546
|move|p2a: Gliscor|Earthquake|p1a: Metagross
|-supereffective|p1a: Metagross
|-damage|p1a: Metagross|0 fnt
|faint|p1a: Metagross
|
|-heal|p2a: Gliscor|50/100 tox|[from] ability: Poison Heal
|-fieldend|move: Grassy Terrain
|upkeep
|
|t:|1779933553
|switch|p1a: Electabuzz|Electabuzz, F, tera:Flying|100/100
|-damage|p1a: Electabuzz|76/100|[from] Stealth Rock
|turn|31
|
|t:|1779933566
|move|p1a: Electabuzz|Light Screen|p1a: Electabuzz
|-sidestart|p1: ZeMTiml|move: Light Screen
|move|p2a: Gliscor|Knock Off|p1a: Electabuzz
|-damage|p1a: Electabuzz|0 fnt
|-enditem|p1a: Electabuzz|Eviolite|[from] move: Knock Off|[of] p2a: Gliscor
|faint|p1a: Electabuzz
|
|-heal|p2a: Gliscor|63/100 tox|[from] ability: Poison Heal
|upkeep
|
|t:|1779933573
|switch|p1a: Brute Bonnet|Brute Bonnet|24/100 par
|-damage|p1a: Brute Bonnet|11/100 par|[from] Stealth Rock
|turn|32
|
|t:|1779933577
|move|p2a: Gliscor|Earthquake|p1a: Brute Bonnet
|-resisted|p1a: Brute Bonnet
|-damage|p1a: Brute Bonnet|0 fnt
|faint|p1a: Brute Bonnet
|-end|p1a: Brute Bonnet|Protosynthesis|[silent]
|
|win|npctypebeat
|raw|ZeMTiml's rating: 1039 &rarr; <strong>1025</strong><br />(-14 for losing)
|raw|npctypebeat's rating: 1078 &rarr; <strong>1103</strong><br />(+25 for winning)
|c|☆npctypebeat|gg
|c|☆ZeMTiml|gg
|l|☆ZeMTiml
|player|p1|
