|j|☆Natezero58
|j|☆potatobeano
|t:|1779932475
|gametype|singles
|player|p1|Natezero58|102|1220
|player|p2|potatobeano|alder|1259
|gen|9
|tier|[Gen 9] OU
|rated|
|rule|HP Percentage Mod: HP is shown in percentages
|rule|Endless Battle Clause: Forcing endless battles is banned
|rule|Species Clause: Limit one of each Pokémon
|rule|OHKO Clause: OHKO moves are banned
|rule|Evasion Items Clause: Evasion items are banned
|rule|Evasion Moves Clause: Evasion moves are banned
|rule|Evasion Abilities Clause: Evasion abilities are banned
|rule|Sleep Moves Clause: Sleep-inducing moves are banned
|clearpoke
|poke|p1|Alomomola, M|
|poke|p1|Slowking-Galar, F|
|poke|p1|Torkoal, F|
|poke|p1|Galvantula, M|
|poke|p1|Lokix, M|
|poke|p1|Vivillon, M|
|poke|p2|Torkoal, M|
|poke|p2|Pelipper, M|
|poke|p2|Lilligant-Hisui, F|
|poke|p2|Floatzel, M|
|poke|p2|Kingdra, F|
|poke|p2|Skeledirge, M|
|teampreview
|inactive|Battle timer is ON: inactive players will automatically lose when time's up. (requested by potatobeano)
|
|t:|1779932488
|teamsize|p1|6
|teamsize|p2|6
|start
|switch|p1a: Slowking|Slowking-Galar, F|100/100
|switch|p2a: Pelipper|Pelipper, M|100/100
|-weather|RainDance|[from] ability: Drizzle|[of] p2a: Pelipper
|turn|1
|
|t:|1779932496
|move|p2a: Pelipper|Tailwind|p2a: Pelipper
|-sidestart|p2: potatobeano|move: Tailwind
|-prepare|p1a: Slowking|Chilly Reception|[premajor]
|move|p1a: Slowking|Chilly Reception|p1a: Slowking
|-weather|Snowscape
|
|t:|1779932506
|switch|p1a: Vivillon|Vivillon, M|100/100|[from] Chilly Reception
|
|-weather|Snowscape|[upkeep]
|upkeep
|turn|2
|
|t:|1779932513
|switch|p2a: Torkoal|Torkoal, M|100/100
|-weather|SunnyDay|[from] ability: Drought|[of] p2a: Torkoal
|move|p1a: Vivillon|Quiver Dance|p1a: Vivillon
|-boost|p1a: Vivillon|spa|1
|-boost|p1a: Vivillon|spd|1
|-boost|p1a: Vivillon|spe|1
|
|-weather|SunnyDay|[upkeep]
|upkeep
|turn|3
|
|t:|1779932520
|move|p1a: Vivillon|Hurricane|p2a: Torkoal
|-crit|p2a: Torkoal
|-damage|p2a: Torkoal|0 fnt
|faint|p2a: Torkoal
|-damage|p1a: Vivillon|91/100|[from] item: Life Orb
|
|-weather|SunnyDay|[upkeep]
|upkeep
|
|t:|1779932527
|switch|p2a: Lilligant|Lilligant-Hisui, F, shiny|100/100
|turn|4
|
|t:|1779932531
|move|p2a: Lilligant|Triple Axel|p1a: Vivillon
|-supereffective|p1a: Vivillon
|-damage|p1a: Vivillon|58/100
|-supereffective|p1a: Vivillon
|-damage|p1a: Vivillon|0 fnt
|faint|p1a: Vivillon
|-hitcount|p1: Vivillon|2
|-damage|p2a: Lilligant|91/100|[from] item: Life Orb
|
|-weather|SunnyDay|[upkeep]
|-sideend|p2: potatobeano|move: Tailwind
|upkeep
|
|t:|1779932537
|switch|p1a: Galvantula|Galvantula, M|100/100
|turn|5
|
|t:|1779932542
|move|p2a: Lilligant|Swords Dance|p2a: Lilligant
|-boost|p2a: Lilligant|atk|2
|move|p1a: Galvantula|Thunder Wave|p2a: Lilligant
|-status|p2a: Lilligant|par
|
|-weather|SunnyDay|[upkeep]
|upkeep
|turn|6
|
|t:|1779932549
|move|p1a: Galvantula|Sticky Web|p2a: Lilligant
|-sidestart|p2: potatobeano|move: Sticky Web
|move|p2a: Lilligant|Triple Axel|p1a: Galvantula
|-damage|p1a: Galvantula|68/100
|-damage|p1a: Galvantula|1/100
|-damage|p1a: Galvantula|0 fnt
|faint|p1a: Galvantula
|-hitcount|p1: Galvantula|3
|-damage|p2a: Lilligant|81/100 par|[from] item: Life Orb
|
|-weather|SunnyDay|[upkeep]
|upkeep
|
|t:|1779932559
|switch|p1a: Torkoal|Torkoal, F|100/100
|turn|7
|
|t:|1779932562
|cant|p2a: Lilligant|par
|move|p1a: Torkoal|Shell Smash|p1a: Torkoal
|-unboost|p1a: Torkoal|def|1
|-unboost|p1a: Torkoal|spd|1
|-boost|p1a: Torkoal|atk|2
|-boost|p1a: Torkoal|spa|2
|-boost|p1a: Torkoal|spe|2
|
|-weather|SunnyDay|[upkeep]
|upkeep
|turn|8
|
|t:|1779932571
|move|p2a: Lilligant|Close Combat|p1a: Torkoal
|-damage|p1a: Torkoal|0 fnt
|-unboost|p2a: Lilligant|def|1
|-unboost|p2a: Lilligant|spd|1
|faint|p1a: Torkoal
|-damage|p2a: Lilligant|71/100 par|[from] item: Life Orb
|
|-weather|SunnyDay|[upkeep]
|upkeep
|
|t:|1779932576
|switch|p1a: Lokix|Lokix, M|100/100
|turn|9
|
|t:|1779932584
|move|p1a: Lokix|First Impression|p2a: Lilligant
|-damage|p2a: Lilligant|0 fnt
|faint|p2a: Lilligant
|
|-weather|none
|upkeep
|
|t:|1779932589
|switch|p2a: Pelipper|Pelipper, M|100/100
|-weather|RainDance|[from] ability: Drizzle|[of] p2a: Pelipper
|turn|10
|
|t:|1779932595
|switch|p1a: Alomomola|Alomomola, M|100/100
|move|p2a: Pelipper|Hurricane|p1a: Alomomola
|-damage|p1a: Alomomola|39/100
|-start|p1a: Alomomola|confusion
|
|-weather|RainDance|[upkeep]
|upkeep
|turn|11
|
|t:|1779932600
|switch|p1a: Slowking|Slowking-Galar, F|100/100
|move|p2a: Pelipper|Hurricane|p1a: Slowking
|-damage|p1a: Slowking|72/100
|-start|p1a: Slowking|confusion
|
|-weather|RainDance|[upkeep]
|-heal|p1a: Slowking|78/100|[from] item: Leftovers
|upkeep
|turn|12
|
|t:|1779932605
|move|p2a: Pelipper|Weather Ball|p1a: Slowking
|-damage|p1a: Slowking|35/100
|-prepare|p1a: Slowking|Chilly Reception|[premajor]
|-activate|p1a: Slowking|confusion
|move|p1a: Slowking|Chilly Reception|p1a: Slowking
|-weather|Snowscape
|
|t:|1779932612
|switch|p1a: Alomomola|Alomomola, M|73/100|[from] Chilly Reception
|
|-weather|Snowscape|[upkeep]
|upkeep
|turn|13
|
|t:|1779932619
|move|p1a: Alomomola|Flip Turn|p2a: Pelipper
|-resisted|p2a: Pelipper
|-damage|p2a: Pelipper|93/100
|
|t:|1779932621
|switch|p1a: Slowking|Slowking-Galar, F|35/100|[from] Flip Turn
|move|p2a: Pelipper|U-turn|p1a: Slowking
|-damage|p1a: Slowking|25/100
|
|t:|1779932626
|switch|p2a: Floatzel|Floatzel, M, shiny|100/100|[from] U-turn
|-activate|p2a: Floatzel|move: Sticky Web
|-unboost|p2a: Floatzel|spe|1
|
|-weather|Snowscape|[upkeep]
|-heal|p1a: Slowking|31/100|[from] item: Leftovers
|upkeep
|turn|14
|
|t:|1779932629
|switch|p1a: Alomomola|Alomomola, M|100/100
|move|p2a: Floatzel|Aqua Jet|p1a: Alomomola
|-resisted|p1a: Alomomola
|-damage|p1a: Alomomola|93/100
|-damage|p2a: Floatzel|84/100|[from] item: Rocky Helmet|[of] p1a: Alomomola
|
|-weather|Snowscape|[upkeep]
|upkeep
|turn|15
|
|t:|1779932641
|switch|p2a: Pelipper|Pelipper, M|93/100
|-weather|RainDance|[from] ability: Drizzle|[of] p2a: Pelipper
|move|p1a: Alomomola|Scald|p2a: Pelipper
|-resisted|p2a: Pelipper
|-damage|p2a: Pelipper|79/100
|
|-weather|RainDance|[upkeep]
|upkeep
|turn|16
|
|t:|1779932646
|move|p1a: Alomomola|Wish|p1a: Alomomola
|move|p2a: Pelipper|Hurricane|p1a: Alomomola
|-damage|p1a: Alomomola|30/100
|
|-weather|RainDance|[upkeep]
|upkeep
|turn|17
|
|t:|1779932653
|switch|p1a: Slowking|Slowking-Galar, F|31/100
|move|p2a: Pelipper|Hurricane|p1a: Slowking
|-damage|p1a: Slowking|0 fnt
|faint|p1a: Slowking
|
|-weather|RainDance|[upkeep]
|upkeep
|
|t:|1779932658
|switch|p1a: Lokix|Lokix, M|100/100
|turn|18
|
|t:|1779932666
|-terastallize|p1a: Lokix|Bug
|move|p1a: Lokix|First Impression|p2a: Pelipper
|-resisted|p2a: Pelipper
|-damage|p2a: Pelipper|0 fnt
|faint|p2a: Pelipper
|
|-weather|RainDance|[upkeep]
|upkeep
|
|t:|1779932675
|switch|p2a: Skeledirge|Skeledirge, M|100/100
|-activate|p2a: Skeledirge|move: Sticky Web
|-unboost|p2a: Skeledirge|spe|1
|turn|19
|
|t:|1779932678
|switch|p1a: Alomomola|Alomomola, M|63/100
|move|p2a: Skeledirge|Will-O-Wisp|p1a: Alomomola
|-status|p1a: Alomomola|brn
|
|-weather|none
|-damage|p1a: Alomomola|57/100 brn|[from] brn
|upkeep
|turn|20
|
|t:|1779932685
|switch|p2a: Kingdra|Kingdra, F|100/100
|-activate|p2a: Kingdra|move: Sticky Web
|-unboost|p2a: Kingdra|spe|1
|move|p1a: Alomomola|Wish|p1a: Alomomola
|
|-damage|p1a: Alomomola|50/100 brn|[from] brn
|upkeep
|turn|21
|
|t:|1779932691
|move|p1a: Alomomola|Protect|p1a: Alomomola
|-singleturn|p1a: Alomomola|Protect
|move|p2a: Kingdra|Focus Energy|p2a: Kingdra
|-start|p2a: Kingdra|move: Focus Energy
|
|-heal|p1a: Alomomola|100/100 brn|[from] move: Wish|[wisher] Alomomola
|-damage|p1a: Alomomola|94/100 brn|[from] brn
|upkeep
|turn|22
|
|t:|1779932695
|move|p2a: Kingdra|Draco Meteor|p1a: Alomomola
|-crit|p1a: Alomomola
|-damage|p1a: Alomomola|0 fnt
|-unboost|p2a: Kingdra|spa|2
|faint|p1a: Alomomola
|
|upkeep
|
|t:|1779932698
|switch|p1a: Lokix|Lokix, M, tera:Bug|100/100
|turn|23
|
|t:|1779932702
|move|p1a: Lokix|First Impression|p2a: Kingdra
|-damage|p2a: Kingdra|0 fnt
|faint|p2a: Kingdra
|
|upkeep
|
|t:|1779932705
|switch|p2a: Skeledirge|Skeledirge, M|100/100
|-activate|p2a: Skeledirge|move: Sticky Web
|-unboost|p2a: Skeledirge|spe|1
|turn|24
|-message|Natezero58 forfeited.
|
|win|potatobeano
|raw|Natezero58's rating: 1220 &rarr; <strong>1198</strong><br />(-22 for losing)
|raw|potatobeano's rating: 1259 &rarr; <strong>1281</strong><br />(+22 for winning)
|l|☆Natezero58
|player|p1|
|l|☆potatobeano
|player|p2|
