|j|‽Yujiro-Jamon
|j|☆mafuyuyume
|t:|1779942199
|gametype|singles
|player|p1|Yujiro-Jamon|101|1364
|player|p2|mafuyuyume|169|1369
|gen|9
|tier|[Gen 9] OU
|rated|
|rule|HP Percentage Mod: HP is shown in percentages
|rule|Endless Battle Clause: Forcing endless battles is banned
|rule|Species Clause: Limit one of each Pokémon
|rule|OHKO Clause: OHKO moves are banned
|rule|Evasion Items Clause: Evasion items are banned
|rule|Evasion Moves Clause: Evasion moves are banned
|rule|Evasion Abilities Clause: Evasion abilities are banned
|rule|Sleep Moves Clause: Sleep-inducing moves are banned
|clearpoke
|poke|p1|Blaziken, M|
|poke|p1|Conkeldurr, M|
|poke|p1|Corviknight, F|
|poke|p1|Zapdos|
|poke|p1|Landorus-Therian, M|
|poke|p1|Clefable, M|
|poke|p2|Enamorus, F|
|poke|p2|Weavile, M|
|poke|p2|Dragapult, F|
|poke|p2|Gholdengo|
|poke|p2|Great Tusk|
|poke|p2|Samurott-Hisui, M|
|teampreview
|
|t:|1779942207
|teamsize|p1|6
|teamsize|p2|6
|start
|switch|p1a: Conkeldurr|Conkeldurr, M|100/100
|switch|p2a: Gramps|Samurott-Hisui, M|100/100
|turn|1
|
|t:|1779942217
|move|p2a: Gramps|Ceaseless Edge|p1a: Conkeldurr
|-resisted|p1a: Conkeldurr
|-damage|p1a: Conkeldurr|82/100
|-sidestart|p1: Yujiro-Jamon|Spikes
|move|p1a: Conkeldurr|Drain Punch|p2a: Gramps
|-supereffective|p2a: Gramps
|-enditem|p2a: Gramps|Focus Sash
|-damage|p2a: Gramps|1/100
|-heal|p1a: Conkeldurr|100/100|[from] drain|[of] p2a: Gramps
|
|upkeep
|turn|2
|
|t:|1779942225
|move|p1a: Conkeldurr|Mach Punch|p2a: Gramps
|-supereffective|p2a: Gramps
|-damage|p2a: Gramps|0 fnt
|faint|p2a: Gramps
|
|upkeep
|
|t:|1779942235
|switch|p2a: Enamorus|Enamorus, F|100/100
|turn|3
|inactive|Battle timer is ON: inactive players will automatically lose when time's up. (requested by Yujiro-Jamon)
|
|t:|1779942240
|-terastallize|p1a: Conkeldurr|Steel
|move|p2a: Enamorus|Moonblast|p1a: Conkeldurr
|-resisted|p1a: Conkeldurr
|-damage|p1a: Conkeldurr|80/100
|-unboost|p1a: Conkeldurr|spa|1
|move|p1a: Conkeldurr|Ice Punch|p2a: Enamorus
|-supereffective|p2a: Enamorus
|-damage|p2a: Enamorus|5/100
|-start|p1a: Conkeldurr|Attract|[from] ability: Cute Charm|[of] p2a: Enamorus
|
|upkeep
|turn|4
|
|t:|1779942265
|switch|p2a: Great Tusk|Great Tusk|100/100
|-end|p1a: Conkeldurr|Attract|[silent]
|-enditem|p2a: Great Tusk|Booster Energy
|-activate|p2a: Great Tusk|ability: Protosynthesis|[fromitem]
|-start|p2a: Great Tusk|protosynthesisatk
|move|p1a: Conkeldurr|Mach Punch|p2a: Great Tusk
|-crit|p2a: Great Tusk
|-damage|p2a: Great Tusk|72/100
|
|upkeep
|turn|5
|
|t:|1779942271
|switch|p1a: Corviknight|Corviknight, F|100/100
|-ability|p1a: Corviknight|Pressure
|move|p2a: Great Tusk|Close Combat|p1a: Corviknight
|-damage|p1a: Corviknight|51/100
|-unboost|p2a: Great Tusk|def|1
|-unboost|p2a: Great Tusk|spd|1
|-damage|p2a: Great Tusk|56/100|[from] item: Rocky Helmet|[of] p1a: Corviknight
|
|upkeep
|turn|6
|
|t:|1779942279
|move|p2a: Great Tusk|Close Combat|p1a: Corviknight
|-damage|p1a: Corviknight|0 fnt
|-unboost|p2a: Great Tusk|def|1
|-unboost|p2a: Great Tusk|spd|1
|-damage|p2a: Great Tusk|39/100|[from] item: Rocky Helmet|[of] p1a: Corviknight
|faint|p1a: Corviknight
|
|upkeep
|
|t:|1779942298
|switch|p1a: Clefable|Clefable, M|100/100
|-damage|p1a: Clefable|88/100|[from] Spikes
|turn|7
|
|t:|1779942310
|-end|p2a: Great Tusk|Protosynthesis|[silent]
|switch|p2a: Enamorus|Enamorus, F|5/100
|move|p1a: Clefable|Moonblast|p2a: Enamorus
|-damage|p2a: Enamorus|0 fnt
|faint|p2a: Enamorus
|
|-heal|p1a: Clefable|94/100|[from] item: Leftovers
|upkeep
|
|t:|1779942317
|switch|p2a: Gholdengo|Gholdengo|100/100
|-item|p2a: Gholdengo|Air Balloon
|turn|8
|
|t:|1779942325
|move|p1a: Clefable|Protect|p1a: Clefable
|-singleturn|p1a: Clefable|Protect
|move|p2a: Gholdengo|Nasty Plot|p2a: Gholdengo
|-boost|p2a: Gholdengo|spa|2
|
|-heal|p1a: Clefable|99/100|[from] item: Leftovers
|upkeep
|turn|9
|
|t:|1779942333
|move|p2a: Gholdengo|Make It Rain|p1a: Clefable
|-supereffective|p1a: Clefable
|-damage|p1a: Clefable|0 fnt
|-unboost|p2a: Gholdengo|spa|1
|faint|p1a: Clefable
|
|upkeep
|
|t:|1779942338
|switch|p1a: Blaziken|Blaziken, M, shiny|100/100
|-damage|p1a: Blaziken|88/100|[from] Spikes
|turn|10
|inactive|mafuyuyume has 120 seconds left.
|
|t:|1779942377
|move|p1a: Blaziken|Protect|p1a: Blaziken
|-singleturn|p1a: Blaziken|Protect
|move|p2a: Gholdengo|Shadow Ball|p1a: Blaziken
|-activate|p1a: Blaziken|move: Protect
|
|-heal|p1a: Blaziken|94/100|[from] item: Leftovers
|-ability|p1a: Blaziken|Speed Boost|boost
|-boost|p1a: Blaziken|spe|1
|upkeep
|turn|11
|
|t:|1779942384
|move|p1a: Blaziken|Flare Blitz|p2a: Gholdengo
|-supereffective|p2a: Gholdengo
|-damage|p2a: Gholdengo|0 fnt
|-enditem|p2a: Gholdengo|Air Balloon
|faint|p2a: Gholdengo
|-damage|p1a: Blaziken|60/100|[from] Recoil
|
|-heal|p1a: Blaziken|66/100|[from] item: Leftovers
|-ability|p1a: Blaziken|Speed Boost|boost
|-boost|p1a: Blaziken|spe|1
|upkeep
|
|t:|1779942391
|switch|p2a: Queen|Dragapult, F|100/100
|turn|12
|
|t:|1779942402
|switch|p1a: Landorus|Landorus-Therian, M|100/100
|-ability|p1a: Landorus|Intimidate|boost
|-fail|p2a: Queen|unboost|[from] ability: Clear Body|[of] p2a: Queen
|move|p2a: Queen|Shadow Ball|p1a: Landorus
|-damage|p1a: Landorus|36/100
|
|-heal|p1a: Landorus|42/100|[from] item: Leftovers
|upkeep
|turn|13
|
|t:|1779942409
|move|p2a: Queen|Shadow Ball|p1a: Landorus
|-damage|p1a: Landorus|0 fnt
|faint|p1a: Landorus
|
|upkeep
|
|t:|1779942412
|switch|p1a: Conkeldurr|Conkeldurr, M, tera:Steel|80/100
|-damage|p1a: Conkeldurr|68/100|[from] Spikes
|turn|14
|
|t:|1779942436
|switch|p2a: Great Tusk|Great Tusk|39/100
|move|p1a: Conkeldurr|Knock Off|p2a: Great Tusk
|-resisted|p2a: Great Tusk
|-damage|p2a: Great Tusk|30/100
|
|upkeep
|turn|15
|
|t:|1779942452
|switch|p1a: Zapdos|Zapdos|100/100
|-ability|p1a: Zapdos|Pressure
|move|p2a: Great Tusk|Close Combat|p1a: Zapdos
|-resisted|p1a: Zapdos
|-damage|p1a: Zapdos|60/100
|-unboost|p2a: Great Tusk|def|1
|-unboost|p2a: Great Tusk|spd|1
|
|upkeep
|turn|16
|
|t:|1779942466
|-end|p2a: Great Tusk|Protosynthesis|[silent]
|switch|p2a: Weavile|Weavile, M|100/100
|-ability|p2a: Weavile|Pressure
|move|p1a: Zapdos|Heat Wave|p2a: Weavile
|-supereffective|p2a: Weavile
|-damage|p2a: Weavile|0 fnt
|faint|p2a: Weavile
|-damage|p1a: Zapdos|50/100|[from] item: Life Orb
|
|upkeep
|inactive|mafuyuyume has 120 seconds left.
|
|t:|1779942486
|switch|p2a: Great Tusk|Great Tusk|30/100
|turn|17
|inactive|mafuyuyume has 120 seconds left.
|
|t:|1779942496
|move|p2a: Great Tusk|Knock Off|p1a: Zapdos
|-damage|p1a: Zapdos|6/100
|-enditem|p1a: Zapdos|Life Orb|[from] move: Knock Off|[of] p2a: Great Tusk
|move|p1a: Zapdos|Heat Wave|p2a: Great Tusk
|-damage|p2a: Great Tusk|0 fnt
|faint|p2a: Great Tusk
|-end|p2a: Great Tusk|Protosynthesis|[silent]
|
|upkeep
|
|t:|1779942499
|switch|p2a: Queen|Dragapult, F|100/100
|turn|18
|inactive|mafuyuyume has 120 seconds left.
|c|☆mafuyuyume|I SWITCH TO THE WRONG MON NOOO
|c|☆mafuyuyume|aaa gg
|
|t:|1779942526
|move|p2a: Queen|Flamethrower|p1a: Zapdos
|-damage|p1a: Zapdos|0 fnt
|faint|p1a: Zapdos
|
|upkeep
|
|t:|1779942530
|switch|p1a: Blaziken|Blaziken, M, shiny|66/100
|-damage|p1a: Blaziken|53/100|[from] Spikes
|turn|19
|
|t:|1779942532
|move|p1a: Blaziken|Protect|p1a: Blaziken
|-singleturn|p1a: Blaziken|Protect
|move|p2a: Queen|Flamethrower|p1a: Blaziken
|-activate|p1a: Blaziken|move: Protect
|
|-heal|p1a: Blaziken|59/100|[from] item: Leftovers
|-ability|p1a: Blaziken|Speed Boost|boost
|-boost|p1a: Blaziken|spe|1
|upkeep
|turn|20
|
|t:|1779942537
|move|p2a: Queen|Flamethrower|p1a: Blaziken
|-resisted|p1a: Blaziken
|-crit|p1a: Blaziken
|-damage|p1a: Blaziken|17/100
|move|p1a: Blaziken|Swords Dance|p1a: Blaziken
|-boost|p1a: Blaziken|atk|2
|
|-heal|p1a: Blaziken|23/100|[from] item: Leftovers
|-ability|p1a: Blaziken|Speed Boost|boost
|-boost|p1a: Blaziken|spe|1
|upkeep
|turn|21
|
|t:|1779942542
|move|p1a: Blaziken|Protect|p1a: Blaziken
|-singleturn|p1a: Blaziken|Protect
|move|p2a: Queen|Flamethrower|p1a: Blaziken
|-activate|p1a: Blaziken|move: Protect
|
|-heal|p1a: Blaziken|29/100|[from] item: Leftovers
|-ability|p1a: Blaziken|Speed Boost|boost
|-boost|p1a: Blaziken|spe|1
|upkeep
|turn|22
|
|t:|1779942547
|move|p1a: Blaziken|Flare Blitz|p2a: Queen
|-resisted|p2a: Queen
|-damage|p2a: Queen|13/100
|-damage|p1a: Blaziken|0 fnt|[from] Recoil
|faint|p1a: Blaziken
|move|p2a: Queen|Flamethrower|p1: Blaziken|[notarget]
|-fail|p2a: Queen
|
|upkeep
|
|t:|1779942551
|switch|p1a: Conkeldurr|Conkeldurr, M, tera:Steel|68/100
|-damage|p1a: Conkeldurr|55/100|[from] Spikes
|turn|23
|
|t:|1779942555
|move|p2a: Queen|Flamethrower|p1a: Conkeldurr
|-supereffective|p1a: Conkeldurr
|-damage|p1a: Conkeldurr|0 fnt
|faint|p1a: Conkeldurr
|
|win|mafuyuyume
|raw|Yujiro-Jamon's rating: 1364 &rarr; <strong>1344</strong><br />(-20 for losing)
|raw|mafuyuyume's rating: 1369 &rarr; <strong>1389</strong><br />(+20 for winning)
|c|☆mafuyuyume|oh nvm
|c|☆mafuyuyume|gg
|l|‽Yujiro-Jamon
|player|p1|
|c|☆mafuyuyume|haha
