|j|☆RAM1RAZEK
|j|☆ididntsayapple
|t:|1779914101
|gametype|singles
|player|p1|RAM1RAZEK|cynthia|1248
|player|p2|ididntsayapple|wallace|1217
|gen|9
|tier|[Gen 9] OU
|rated|
|rule|HP Percentage Mod: HP is shown in percentages
|rule|Endless Battle Clause: Forcing endless battles is banned
|rule|Species Clause: Limit one of each Pokémon
|rule|OHKO Clause: OHKO moves are banned
|rule|Evasion Items Clause: Evasion items are banned
|rule|Evasion Moves Clause: Evasion moves are banned
|rule|Evasion Abilities Clause: Evasion abilities are banned
|rule|Sleep Moves Clause: Sleep-inducing moves are banned
|clearpoke
|poke|p1|Gholdengo|
|poke|p1|Iron Treads|
|poke|p1|Moltres|
|poke|p1|Zamazenta-*|
|poke|p1|Samurott-Hisui, F|
|poke|p1|Garganacl, F|
|poke|p2|Bombirdier, F|
|poke|p2|Great Tusk|
|poke|p2|Ogerpon, F|
|poke|p2|Pecharunt|
|poke|p2|Darkrai|
|poke|p2|Alomomola, F|
|teampreview
|inactive|Battle timer is ON: inactive players will automatically lose when time's up. (requested by ididntsayapple)
|inactive|ididntsayapple has 120 seconds left.
|
|t:|1779914148
|teamsize|p1|6
|teamsize|p2|6
|start
|switch|p1a: Garganacl|Garganacl, F, shiny|100/100
|switch|p2a: Darkrai|Darkrai|100/100
|turn|1
|inactive|RAM1RAZEK has 120 seconds left.
|
|t:|1779914179
|move|p2a: Darkrai|Trick|p1a: Garganacl
|-activate|p2a: Darkrai|move: Trick|[of] p1a: Garganacl
|-item|p1a: Garganacl|Choice Scarf|[from] move: Trick
|-item|p2a: Darkrai|Leftovers|[from] move: Trick
|move|p1a: Garganacl|Curse|p1a: Garganacl
|-unboost|p1a: Garganacl|spe|1
|-boost|p1a: Garganacl|atk|1
|-boost|p1a: Garganacl|def|1
|
|upkeep
|turn|2
|
|t:|1779914190
|switch|p1a: Moltres|Moltres, shiny|100/100
|move|p2a: Darkrai|Will-O-Wisp|p1a: Moltres
|-immune|p1a: Moltres
|
|upkeep
|turn|3
|
|t:|1779914200
|switch|p2a: Pecharunt|Pecharunt|100/100
|move|p1a: Moltres|Flamethrower|p2a: Pecharunt
|-damage|p2a: Pecharunt|63/100
|
|upkeep
|turn|4
|
|t:|1779914207
|move|p1a: Moltres|Flamethrower|p2a: Pecharunt
|-damage|p2a: Pecharunt|25/100
|move|p2a: Pecharunt|Malignant Chain|p1a: Moltres
|-damage|p1a: Moltres|58/100
|
|upkeep
|turn|5
|
|t:|1779914213
|switch|p2a: Alomomola|Alomomola, F|100/100
|move|p1a: Moltres|Flamethrower|p2a: Alomomola
|-resisted|p2a: Alomomola
|-damage|p2a: Alomomola|86/100
|-enditem|p2a: Alomomola|Eject Button
|
|t:|1779914219
|switch|p2a: Bombirdier|Bombirdier, F, shiny|100/100
|
|upkeep
|turn|6
|
|t:|1779914225
|move|p2a: Bombirdier|Hone Claws|p2a: Bombirdier
|-boost|p2a: Bombirdier|atk|1
|-boost|p2a: Bombirdier|accuracy|1
|move|p1a: Moltres|Roost|p1a: Moltres
|-heal|p1a: Moltres|100/100
|-singleturn|p1a: Moltres|move: Roost
|
|upkeep
|turn|7
|
|t:|1779914239
|move|p2a: Bombirdier|Stone Edge|p1a: Moltres
|-supereffective|p1a: Moltres
|-damage|p1a: Moltres|0 fnt
|faint|p1a: Moltres
|
|upkeep
|
|t:|1779914244
|switch|p1a: Garganacl|Garganacl, F, shiny|100/100
|turn|8
|
|t:|1779914252
|move|p2a: Bombirdier|Stone Edge|p1a: Garganacl
|-damage|p1a: Garganacl|59/100
|move|p1a: Garganacl|Salt Cure|p2a: Bombirdier
|-supereffective|p2a: Bombirdier
|-damage|p2a: Bombirdier|64/100
|-start|p2a: Bombirdier|Salt Cure
|
|-damage|p2a: Bombirdier|52/100|[from] Salt Cure
|upkeep
|turn|9
|
|t:|1779914262
|move|p2a: Bombirdier|Stone Edge|p1a: Garganacl
|-damage|p1a: Garganacl|13/100
|move|p1a: Garganacl|Salt Cure|p2a: Bombirdier
|-supereffective|p2a: Bombirdier
|-damage|p2a: Bombirdier|11/100
|-enditem|p2a: Bombirdier|Salac Berry|[eat]
|-boost|p2a: Bombirdier|spe|1|[from] item: Salac Berry
|
|-damage|p2a: Bombirdier|0 fnt|[from] Salt Cure
|faint|p2a: Bombirdier
|upkeep
|
|t:|1779914275
|switch|p2a: Darkrai|Darkrai|100/100
|turn|10
|
|t:|1779914279
|move|p2a: Darkrai|Dark Pulse|p1a: Garganacl
|-damage|p1a: Garganacl|0 fnt
|faint|p1a: Garganacl
|
|upkeep
|
|t:|1779914294
|switch|p1a: Zamazenta|Zamazenta, shiny|100/100
|-ability|p1a: Zamazenta|Dauntless Shield|boost
|-boost|p1a: Zamazenta|def|1
|turn|11
|
|t:|1779914304
|-terastallize|p2a: Darkrai|Ghost
|move|p1a: Zamazenta|Close Combat|p2a: Darkrai
|-immune|p2a: Darkrai
|move|p2a: Darkrai|Will-O-Wisp|p1a: Zamazenta
|-status|p1a: Zamazenta|brn
|
|-damage|p1a: Zamazenta|94/100 brn|[from] brn
|upkeep
|turn|12
|
|t:|1779914316
|switch|p2a: Alomomola|Alomomola, F|100/100
|move|p1a: Zamazenta|Crunch|p2a: Alomomola
|-damage|p2a: Alomomola|90/100
|
|-damage|p1a: Zamazenta|88/100 brn|[from] brn
|upkeep
|turn|13
|
|t:|1779914327
|switch|p1a: Gholdengo|Gholdengo, shiny|100/100
|-item|p1a: Gholdengo|Air Balloon
|move|p2a: Alomomola|Wish|p2a: Alomomola
|
|upkeep
|turn|14
|
|t:|1779914333
|move|p1a: Gholdengo|Nasty Plot|p1a: Gholdengo
|-boost|p1a: Gholdengo|spa|2
|move|p2a: Alomomola|Flip Turn|p1a: Gholdengo
|-damage|p1a: Gholdengo|85/100
|-enditem|p1a: Gholdengo|Air Balloon
|
|t:|1779914345
|switch|p2a: Great Tusk|Great Tusk|100/100|[from] Flip Turn
|-enditem|p2a: Great Tusk|Booster Energy
|-activate|p2a: Great Tusk|ability: Protosynthesis|[fromitem]
|-start|p2a: Great Tusk|protosynthesisspe
|
|upkeep
|turn|15
|
|t:|1779914358
|-terastallize|p1a: Gholdengo|Flying
|move|p2a: Great Tusk|Headlong Rush|p1a: Gholdengo
|-immune|p1a: Gholdengo
|move|p1a: Gholdengo|Nasty Plot|p1a: Gholdengo
|-boost|p1a: Gholdengo|spa|2
|
|upkeep
|turn|16
|
|t:|1779914369
|move|p2a: Great Tusk|Close Combat|p1a: Gholdengo
|-resisted|p1a: Gholdengo
|-damage|p1a: Gholdengo|60/100
|-unboost|p2a: Great Tusk|def|1
|-unboost|p2a: Great Tusk|spd|1
|move|p1a: Gholdengo|Make It Rain|p2a: Great Tusk
|-damage|p2a: Great Tusk|0 fnt
|-unboost|p1a: Gholdengo|spa|1
|faint|p2a: Great Tusk
|-end|p2a: Great Tusk|Protosynthesis|[silent]
|
|upkeep
|
|t:|1779914388
|switch|p2a: Ogerpon|Ogerpon, F|100/100
|turn|17
|
|t:|1779914394
|move|p2a: Ogerpon|U-turn|p1a: Gholdengo
|-resisted|p1a: Gholdengo
|-damage|p1a: Gholdengo|42/100
|
|t:|1779914397
|switch|p2a: Pecharunt|Pecharunt|25/100|[from] U-turn
|move|p1a: Gholdengo|Recover|p1a: Gholdengo
|-heal|p1a: Gholdengo|92/100
|
|upkeep
|turn|18
|
|t:|1779914404
|move|p1a: Gholdengo|Thunderbolt|p2a: Pecharunt
|-damage|p2a: Pecharunt|0 fnt
|faint|p2a: Pecharunt
|
|upkeep
|
|t:|1779914411
|switch|p2a: Darkrai|Darkrai, tera:Ghost|100/100
|turn|19
|
|t:|1779914416
|move|p2a: Darkrai|Ice Beam|p1a: Gholdengo
|-supereffective|p1a: Gholdengo
|-damage|p1a: Gholdengo|27/100
|move|p1a: Gholdengo|Make It Rain|p2a: Darkrai
|-damage|p2a: Darkrai|0 fnt
|-unboost|p1a: Gholdengo|spa|1
|faint|p2a: Darkrai
|
|upkeep
|
|t:|1779914424
|switch|p2a: Ogerpon|Ogerpon, F|100/100
|turn|20
|
|t:|1779914427
|move|p2a: Ogerpon|Ivy Cudgel|p1a: Gholdengo
|-resisted|p1a: Gholdengo
|-damage|p1a: Gholdengo|0 fnt
|faint|p1a: Gholdengo
|
|upkeep
|
|t:|1779914435
|switch|p1a: Zamazenta|Zamazenta, shiny|88/100 brn
|turn|21
|
|t:|1779914442
|move|p1a: Zamazenta|Ice Fang|p2a: Ogerpon
|-supereffective|p2a: Ogerpon
|-damage|p2a: Ogerpon|69/100
|cant|p2a: Ogerpon|flinch
|
|-damage|p1a: Zamazenta|82/100 brn|[from] brn
|upkeep
|turn|22
|
|t:|1779914448
|move|p1a: Zamazenta|Ice Fang|p2a: Ogerpon
|-supereffective|p2a: Ogerpon
|-damage|p2a: Ogerpon|37/100
|move|p2a: Ogerpon|Ivy Cudgel|p1a: Zamazenta
|-damage|p1a: Zamazenta|13/100 brn
|
|-damage|p1a: Zamazenta|7/100 brn|[from] brn
|upkeep
|turn|23
|
|t:|1779914455
|switch|p2a: Alomomola|Alomomola, F|100/100
|move|p1a: Zamazenta|Ice Fang|p2a: Alomomola
|-resisted|p2a: Alomomola
|-damage|p2a: Alomomola|97/100
|
|-damage|p1a: Zamazenta|1/100 brn|[from] brn
|upkeep
|turn|24
|
|t:|1779914464
|switch|p1a: Samurott|Samurott-Hisui, F, shiny|100/100
|move|p2a: Alomomola|Wish|p2a: Alomomola
|
|upkeep
|turn|25
|
|t:|1779914472
|move|p1a: Samurott|Ceaseless Edge|p2a: Alomomola
|-damage|p2a: Alomomola|65/100
|-sidestart|p2: ididntsayapple|Spikes
|move|p2a: Alomomola|Flip Turn|p1a: Samurott
|-resisted|p1a: Samurott
|-damage|p1a: Samurott|89/100
|
|t:|1779914477
|switch|p2a: Ogerpon|Ogerpon, F|37/100|[from] Flip Turn
|-damage|p2a: Ogerpon|24/100|[from] Spikes
|
|-heal|p2a: Ogerpon|100/100|[from] move: Wish|[wisher] Alomomola
|upkeep
|turn|26
|
|t:|1779914484
|move|p1a: Samurott|Ceaseless Edge|p2a: Ogerpon
|-damage|p2a: Ogerpon|41/100
|-sidestart|p2: ididntsayapple|Spikes
|move|p2a: Ogerpon|Ivy Cudgel|p1a: Samurott
|-supereffective|p1a: Samurott
|-damage|p1a: Samurott|0 fnt
|faint|p1a: Samurott
|
|upkeep
|
|t:|1779914491
|switch|p1a: Zamazenta|Zamazenta, shiny|1/100 brn
|turn|27
|
|t:|1779914496
|switch|p2a: Alomomola|Alomomola, F|98/100
|-damage|p2a: Alomomola|82/100|[from] Spikes
|move|p1a: Zamazenta|Ice Fang|p2a: Alomomola
|-resisted|p2a: Alomomola
|-crit|p2a: Alomomola
|-damage|p2a: Alomomola|75/100
|
|-damage|p1a: Zamazenta|0 fnt|[from] brn
|faint|p1a: Zamazenta
|upkeep
|
|t:|1779914507
|switch|p1a: Iron Treads|Iron Treads, shiny|100/100
|turn|28
|
|t:|1779914513
|move|p1a: Iron Treads|Stealth Rock|p2a: Alomomola
|-sidestart|p2: ididntsayapple|move: Stealth Rock
|move|p2a: Alomomola|Flip Turn|p1a: Iron Treads
|-supereffective|p1a: Iron Treads
|-damage|p1a: Iron Treads|70/100
|
|t:|1779914515
|switch|p2a: Ogerpon|Ogerpon, F|41/100|[from] Flip Turn
|-damage|p2a: Ogerpon|25/100|[from] Spikes
|-damage|p2a: Ogerpon|12/100|[from] Stealth Rock
|
|upkeep
|turn|29
|
|t:|1779914522
|move|p2a: Ogerpon|Ivy Cudgel|p1a: Iron Treads
|-damage|p1a: Iron Treads|7/100
|move|p1a: Iron Treads|Rapid Spin|p2a: Ogerpon
|-damage|p2a: Ogerpon|0 fnt
|-boost|p1a: Iron Treads|spe|1
|faint|p2a: Ogerpon
|
|upkeep
|
|t:|1779914527
|switch|p2a: Alomomola|Alomomola, F|100/100
|-damage|p2a: Alomomola|84/100|[from] Spikes
|-damage|p2a: Alomomola|71/100|[from] Stealth Rock
|turn|30
|
|t:|1779914534
|move|p1a: Iron Treads|Earthquake|p2a: Alomomola
|-damage|p2a: Alomomola|39/100
|move|p2a: Alomomola|Scald|p1a: Iron Treads
|-supereffective|p1a: Iron Treads
|-damage|p1a: Iron Treads|0 fnt
|faint|p1a: Iron Treads
|-end|p1a: Iron Treads|Quark Drive|[silent]
|
|win|ididntsayapple
|raw|RAM1RAZEK's rating: 1248 &rarr; <strong>1221</strong><br />(-27 for losing)
|raw|ididntsayapple's rating: 1217 &rarr; <strong>1244</strong><br />(+27 for winning)
|l|☆RAM1RAZEK
|player|p1|
|l|☆ididntsayapple
|player|p2|
