|j|☆withered777
|j|☆YarMathey
|t:|1779804650
|gametype|singles
|player|p1|withered777|ghetsis|1146
|player|p2|YarMathey|skyla|1117
|gen|9
|tier|[Gen 9] OU
|rated|
|rule|HP Percentage Mod: HP is shown in percentages
|rule|Endless Battle Clause: Forcing endless battles is banned
|rule|Species Clause: Limit one of each Pokémon
|rule|OHKO Clause: OHKO moves are banned
|rule|Evasion Items Clause: Evasion items are banned
|rule|Evasion Moves Clause: Evasion moves are banned
|rule|Evasion Abilities Clause: Evasion abilities are banned
|rule|Sleep Moves Clause: Sleep-inducing moves are banned
|clearpoke
|poke|p1|Dragapult, F|
|poke|p1|Ninetales-Alola, F|
|poke|p1|Landorus-Therian, M|
|poke|p1|Heatran, M|
|poke|p1|Meowscarada, M|
|poke|p1|Corviknight, F|
|poke|p2|Sandslash-Alola, F|
|poke|p2|Slowking, F|
|poke|p2|Raging Bolt|
|poke|p2|Corviknight, F|
|poke|p2|Ting-Lu|
|poke|p2|Primarina, M|
|teampreview
|inactive|Battle timer is ON: inactive players will automatically lose when time's up. (requested by withered777)
|
|t:|1779804659
|teamsize|p1|6
|teamsize|p2|6
|start
|switch|p1a: Meowscarada|Meowscarada, M|100/100
|switch|p2a: Slowking|Slowking, F|100/100
|turn|1
|
|t:|1779804667
|switch|p2a: Ting-Lu|Ting-Lu|100/100
|-ability|p2a: Ting-Lu|Vessel of Ruin
|move|p1a: Meowscarada|Flower Trick|p2a: Ting-Lu
|-start|p1a: Meowscarada|typechange|Grass|[from] ability: Protean
|-supereffective|p2a: Ting-Lu
|-crit|p2a: Ting-Lu
|-damage|p2a: Ting-Lu|64/100
|
|-heal|p2a: Ting-Lu|70/100|[from] item: Leftovers
|upkeep
|turn|2
|
|t:|1779804681
|move|p1a: Meowscarada|Flower Trick|p2a: Ting-Lu
|-supereffective|p2a: Ting-Lu
|-crit|p2a: Ting-Lu
|-damage|p2a: Ting-Lu|30/100
|move|p2a: Ting-Lu|Stealth Rock|p1a: Meowscarada
|-sidestart|p1: withered777|move: Stealth Rock
|
|-heal|p2a: Ting-Lu|37/100|[from] item: Leftovers
|upkeep
|turn|3
|
|t:|1779804690
|switch|p2a: Corviknight|Corviknight, F|100/100
|-ability|p2a: Corviknight|Pressure
|move|p1a: Meowscarada|Flower Trick|p2a: Corviknight
|-resisted|p2a: Corviknight
|-crit|p2a: Corviknight
|-damage|p2a: Corviknight|90/100
|
|-heal|p2a: Corviknight|97/100|[from] item: Leftovers
|upkeep
|turn|4
|
|t:|1779804702
|switch|p1a: Corviknight|Corviknight, F|100/100
|move|p2a: Corviknight|Body Press|p1a: Corviknight
|-damage|p1a: Corviknight|85/100
|
|-heal|p2a: Corviknight|100/100|[from] item: Leftovers
|upkeep
|turn|5
|
|t:|1779804712
|move|p1a: Corviknight|Defog|p2a: Corviknight
|-unboost|p2a: Corviknight|evasion|1
|-sideend|p1: withered777|Stealth Rock|[from] move: Defog|[of] p1a: Corviknight
|move|p2a: Corviknight|Iron Defense|p2a: Corviknight
|-boost|p2a: Corviknight|def|2
|
|upkeep
|turn|6
|
|t:|1779804739
|move|p1a: Corviknight|Iron Defense|p1a: Corviknight
|-boost|p1a: Corviknight|def|2
|move|p2a: Corviknight|Body Press|p1a: Corviknight
|-damage|p1a: Corviknight|68/100
|
|upkeep
|turn|7
|
|t:|1779804746
|move|p2a: Corviknight|Body Press|p1a: Corviknight
|-damage|p1a: Corviknight|53/100
|move|p1a: Corviknight|Iron Defense|p1a: Corviknight
|-boost|p1a: Corviknight|def|2
|
|upkeep
|turn|8
|
|t:|1779804752
|move|p1a: Corviknight|Defog|p2a: Corviknight
|-unboost|p2a: Corviknight|evasion|1
|move|p2a: Corviknight|Iron Defense|p2a: Corviknight
|-boost|p2a: Corviknight|def|2
|
|upkeep
|turn|9
|
|t:|1779804757
|move|p1a: Corviknight|Iron Defense|p1a: Corviknight
|-boost|p1a: Corviknight|def|2
|move|p2a: Corviknight|Body Press|p1a: Corviknight
|-damage|p1a: Corviknight|42/100
|
|upkeep
|turn|10
|
|t:|1779804766
|switch|p1a: Heatran|Heatran, M|100/100
|move|p2a: Corviknight|Body Press|p1a: Heatran
|-supereffective|p1a: Heatran
|-damage|p1a: Heatran|0 fnt
|-damage|p2a: Corviknight|84/100|[from] item: Rocky Helmet|[of] p1a: Heatran
|faint|p1a: Heatran
|
|-heal|p2a: Corviknight|90/100|[from] item: Leftovers
|upkeep
|
|t:|1779804783
|switch|p1a: Ninetales|Ninetales-Alola, F|100/100
|-weather|Snowscape|[from] ability: Snow Warning|[of] p1a: Ninetales
|turn|11
|
|t:|1779804791
|switch|p2a: Primarina|Primarina, M|100/100
|move|p1a: Ninetales|Blizzard|p2a: Primarina
|-resisted|p2a: Primarina
|-damage|p2a: Primarina|82/100
|
|-weather|Snowscape|[upkeep]
|-heal|p2a: Primarina|88/100|[from] item: Leftovers
|upkeep
|turn|12
|
|t:|1779804801
|move|p1a: Ninetales|Freeze-Dry|p2a: Primarina
|-supereffective|p2a: Primarina
|-damage|p2a: Primarina|46/100
|move|p2a: Primarina|Encore|p1a: Ninetales
|-start|p1a: Ninetales|Encore
|
|-weather|Snowscape|[upkeep]
|-heal|p2a: Primarina|52/100|[from] item: Leftovers
|upkeep
|turn|13
|
|t:|1779804807
|move|p1a: Ninetales|Freeze-Dry|p2a: Primarina
|-supereffective|p2a: Primarina
|-damage|p2a: Primarina|5/100
|move|p2a: Primarina|Moonblast|p1a: Ninetales
|-damage|p1a: Ninetales|36/100
|-unboost|p1a: Ninetales|spa|1
|
|-weather|Snowscape|[upkeep]
|-heal|p2a: Primarina|11/100|[from] item: Leftovers
|upkeep
|turn|14
|
|t:|1779804819
|switch|p2a: Sandslash|Sandslash-Alola, F|100/100
|move|p1a: Ninetales|Freeze-Dry|p2a: Sandslash
|-resisted|p2a: Sandslash
|-damage|p2a: Sandslash|95/100
|
|-weather|Snowscape|[upkeep]
|upkeep
|turn|15
|
|t:|1779804833
|switch|p1a: Landorus|Landorus-Therian, M|100/100
|-ability|p1a: Landorus|Intimidate|boost
|-unboost|p2a: Sandslash|atk|1
|move|p2a: Sandslash|Icicle Crash|p1a: Landorus
|-supereffective|p1a: Landorus
|-damage|p1a: Landorus|0 fnt
|faint|p1a: Landorus
|
|-weather|none
|upkeep
|
|t:|1779804849
|switch|p1a: Corviknight|Corviknight, F|42/100
|turn|16
|
|t:|1779804854
|switch|p2a: Slowking|Slowking, F|100/100
|move|p1a: Corviknight|Body Press|p2a: Slowking
|-resisted|p2a: Slowking
|-damage|p2a: Slowking|93/100
|
|upkeep
|turn|17
|l|☆withered777
|inactive|withered777 disconnected and has a minute to reconnect!
|player|p1|
|inactive|withered777 has 30 seconds to reconnect!
|inactive|withered777 has 20 seconds to reconnect!
|inactive|withered777 has 15 seconds to reconnect!
|inactive|withered777 has 10 seconds to reconnect!
|inactive|withered777 has 5 seconds to reconnect!
|-message|withered777 lost due to inactivity.
|
|win|YarMathey
|raw|withered777's rating: 1146 &rarr; <strong>1119</strong><br />(-27 for losing)
|raw|YarMathey's rating: 1117 &rarr; <strong>1144</strong><br />(+27 for winning)
|l|☆YarMathey
|player|p2|
