|j|☆FireSide_01
|j|☆stone douchebag
|t:|1779938353
|gametype|singles
|player|p1|FireSide_01|janine|1448
|player|p2|stone douchebag|265|1467
|gen|9
|tier|[Gen 9] OU
|rated|
|rule|HP Percentage Mod: HP is shown in percentages
|rule|Endless Battle Clause: Forcing endless battles is banned
|rule|Species Clause: Limit one of each Pokémon
|rule|OHKO Clause: OHKO moves are banned
|rule|Evasion Items Clause: Evasion items are banned
|rule|Evasion Moves Clause: Evasion moves are banned
|rule|Evasion Abilities Clause: Evasion abilities are banned
|rule|Sleep Moves Clause: Sleep-inducing moves are banned
|clearpoke
|poke|p1|Ninetales, F|
|poke|p1|Walking Wake|
|poke|p1|Typhlosion-Hisui, F|
|poke|p1|Great Tusk|
|poke|p1|Rillaboom, F|
|poke|p1|Raging Bolt|
|poke|p2|Dondozo, F|
|poke|p2|Skarmory, F|
|poke|p2|Vileplume, F|
|poke|p2|Gliscor, M|
|poke|p2|Blissey, F|
|poke|p2|Clefable, M|
|teampreview
|inactive|Battle timer is ON: inactive players will automatically lose when time's up. (requested by FireSide_01)
|
|t:|1779938383
|teamsize|p1|6
|teamsize|p2|6
|start
|switch|p1a: Ninetales|Ninetales, F|100/100
|switch|p2a: Blissey?|Clefable, M|100/100
|-weather|SunnyDay|[from] ability: Drought|[of] p1a: Ninetales
|turn|1
|
|t:|1779938394
|switch|p1a: Raging Bolt|Raging Bolt|100/100
|-activate|p1a: Raging Bolt|ability: Protosynthesis
|-start|p1a: Raging Bolt|protosynthesisspa
|move|p2a: Blissey?|Stealth Rock|p1a: Raging Bolt
|-sidestart|p1: FireSide_01|move: Stealth Rock
|
|-weather|SunnyDay|[upkeep]
|upkeep
|turn|2
|
|t:|1779938399
|move|p1a: Raging Bolt|Weather Ball|p2a: Blissey?
|-damage|p2a: Blissey?|48/100
|move|p2a: Blissey?|Moonblast|p1a: Raging Bolt
|-supereffective|p1a: Raging Bolt
|-damage|p1a: Raging Bolt|58/100
|
|-weather|SunnyDay|[upkeep]
|-heal|p2a: Blissey?|54/100|[from] item: Leftovers
|upkeep
|turn|3
|
|t:|1779938409
|switch|p2a: Clefable?|Blissey, F|100/100
|move|p1a: Raging Bolt|Volt Switch|p2a: Clefable?
|-damage|p2a: Clefable?|84/100
|
|t:|1779938411
|-end|p1a: Raging Bolt|Protosynthesis|[silent]
|switch|p1a: Walking Wake|Walking Wake|100/100|[from] Volt Switch
|-damage|p1a: Walking Wake|88/100|[from] Stealth Rock
|-activate|p1a: Walking Wake|ability: Protosynthesis
|-start|p1a: Walking Wake|protosynthesisspa
|
|-weather|SunnyDay|[upkeep]
|upkeep
|turn|4
|
|t:|1779938414
|-terastallize|p1a: Walking Wake|Water
|move|p1a: Walking Wake|Hydro Steam|p2a: Clefable?
|-damage|p2a: Clefable?|33/100
|move|p2a: Clefable?|Calm Mind|p2a: Clefable?
|-boost|p2a: Clefable?|spa|1
|-boost|p2a: Clefable?|spd|1
|
|-weather|SunnyDay|[upkeep]
|upkeep
|turn|5
|
|t:|1779938423
|move|p1a: Walking Wake|Hydro Steam|p2a: Clefable?
|-damage|p2a: Clefable?|0 fnt
|faint|p2a: Clefable?
|
|-weather|SunnyDay|[upkeep]
|upkeep
|-message|stone douchebag forfeited.
|
|win|FireSide_01
|raw|FireSide_01's rating: 1448 &rarr; <strong>1469</strong><br />(+21 for winning)
|raw|stone douchebag's rating: 1467 &rarr; <strong>1446</strong><br />(-21 for losing)
|l|☆stone douchebag
|player|p2|
