|j|☆Hi Shush
|j|☆Brooklyn Cafe
|t:|1779815477
|gametype|singles
|player|p1|Hi Shush|102|1336
|player|p2|Brooklyn Cafe|hexmaniac-gen6|1373
|gen|9
|tier|[Gen 9] OU
|rated|
|rule|HP Percentage Mod: HP is shown in percentages
|rule|Endless Battle Clause: Forcing endless battles is banned
|rule|Species Clause: Limit one of each Pokémon
|rule|OHKO Clause: OHKO moves are banned
|rule|Evasion Items Clause: Evasion items are banned
|rule|Evasion Moves Clause: Evasion moves are banned
|rule|Evasion Abilities Clause: Evasion abilities are banned
|rule|Sleep Moves Clause: Sleep-inducing moves are banned
|clearpoke
|poke|p1|Ninetales, M|
|poke|p1|Blaziken, M|
|poke|p1|Walking Wake|
|poke|p1|Whimsicott, F|
|poke|p1|Great Tusk|
|poke|p1|Iron Moth|
|poke|p2|Ogerpon, F|
|poke|p2|Glimmora, M|
|poke|p2|Rillaboom, F|
|poke|p2|Raging Bolt|
|poke|p2|Arboliva, F|
|poke|p2|Heatran, M|
|teampreview
|inactive|Battle timer is ON: inactive players will automatically lose when time's up. (requested by Brooklyn Cafe)
|c|☆Hi Shush|glhf
|c|☆Brooklyn Cafe|hf
|
|t:|1779815492
|teamsize|p1|6
|teamsize|p2|6
|start
|switch|p1a: Great Tusk|Great Tusk|100/100
|switch|p2a: Glimmora|Glimmora, M|100/100
|turn|1
|
|t:|1779815500
|move|p2a: Glimmora|Earth Power|p1a: Great Tusk
|-damage|p1a: Great Tusk|59/100
|move|p1a: Great Tusk|Stealth Rock|p2a: Glimmora
|-sidestart|p2: Brooklyn Cafe|move: Stealth Rock
|
|upkeep
|turn|2
|
|t:|1779815505
|move|p2a: Glimmora|Earth Power|p1a: Great Tusk
|-damage|p1a: Great Tusk|15/100
|move|p1a: Great Tusk|Headlong Rush|p2a: Glimmora
|-supereffective|p2a: Glimmora
|-damage|p2a: Glimmora|0 fnt
|-unboost|p1a: Great Tusk|def|1
|-unboost|p1a: Great Tusk|spd|1
|-activate|p2a: Glimmora|ability: Toxic Debris
|-sidestart|p1: Hi Shush|move: Toxic Spikes
|faint|p2a: Glimmora
|
|upkeep
|
|t:|1779815515
|switch|p2a: Rillaboom|Rillaboom, F|100/100
|-damage|p2a: Rillaboom|88/100|[from] Stealth Rock
|-fieldstart|move: Grassy Terrain|[from] ability: Grassy Surge|[of] p2a: Rillaboom
|turn|3
|
|t:|1779815520
|-end|p1a: Great Tusk|Protosynthesis|[silent]
|switch|p1a: Ninetales|Ninetales, M|100/100
|-status|p1a: Ninetales|psn
|-weather|SunnyDay|[from] ability: Drought|[of] p1a: Ninetales
|move|p2a: Rillaboom|U-turn|p1a: Ninetales
|-resisted|p1a: Ninetales
|-damage|p1a: Ninetales|83/100 psn
|
|t:|1779815530
|switch|p2a: Raging Bolt|Raging Bolt|100/100|[from] U-turn
|-damage|p2a: Raging Bolt|88/100|[from] Stealth Rock
|-enditem|p2a: Raging Bolt|Grassy Seed
|-boost|p2a: Raging Bolt|def|1|[from] item: Grassy Seed
|-activate|p2a: Raging Bolt|ability: Protosynthesis
|-start|p2a: Raging Bolt|protosynthesisspa
|
|-weather|SunnyDay|[upkeep]
|-heal|p1a: Ninetales|90/100 psn|[from] Grassy Terrain
|-heal|p2a: Raging Bolt|94/100|[from] Grassy Terrain
|-damage|p1a: Ninetales|77/100 psn|[from] psn
|upkeep
|turn|4
|
|t:|1779815551
|move|p1a: Ninetales|Encore||[still]
|-fail|p1a: Ninetales
|move|p2a: Raging Bolt|Calm Mind|p2a: Raging Bolt
|-boost|p2a: Raging Bolt|spa|1
|-boost|p2a: Raging Bolt|spd|1
|
|-weather|SunnyDay|[upkeep]
|-heal|p1a: Ninetales|83/100 psn|[from] Grassy Terrain
|-heal|p2a: Raging Bolt|100/100|[from] Grassy Terrain
|-damage|p1a: Ninetales|71/100 psn|[from] psn
|upkeep
|turn|5
|
|t:|1779815564
|move|p2a: Raging Bolt|Thunderclap||[still]
|-fail|p2a: Raging Bolt
|move|p1a: Ninetales|Encore|p2a: Raging Bolt
|-start|p2a: Raging Bolt|Encore
|
|-weather|SunnyDay|[upkeep]
|-heal|p1a: Ninetales|77/100 psn|[from] Grassy Terrain
|-damage|p1a: Ninetales|65/100 psn|[from] psn
|upkeep
|turn|6
|
|t:|1779815570
|move|p2a: Raging Bolt|Thunderclap|p1a: Ninetales
|-damage|p1a: Ninetales|0 fnt
|faint|p1a: Ninetales
|
|-weather|SunnyDay|[upkeep]
|upkeep
|
|t:|1779815582
|switch|p1a: Great Tusk|Great Tusk|15/100
|-status|p1a: Great Tusk|psn
|-activate|p1a: Great Tusk|ability: Protosynthesis
|-start|p1a: Great Tusk|protosynthesisspe
|turn|7
|
|t:|1779815595
|-end|p2a: Raging Bolt|Protosynthesis|[silent]
|switch|p2a: Rillaboom|Rillaboom, F|88/100
|-damage|p2a: Rillaboom|76/100|[from] Stealth Rock
|move|p1a: Great Tusk|Headlong Rush|p2a: Rillaboom
|-resisted|p2a: Rillaboom
|-damage|p2a: Rillaboom|45/100
|-unboost|p1a: Great Tusk|def|1
|-unboost|p1a: Great Tusk|spd|1
|
|-weather|SunnyDay|[upkeep]
|-heal|p1a: Great Tusk|21/100 psn|[from] Grassy Terrain
|-heal|p2a: Rillaboom|52/100|[from] Grassy Terrain
|-damage|p1a: Great Tusk|9/100 psn|[from] psn
|upkeep
|turn|8
|
|t:|1779815602
|-end|p1a: Great Tusk|Protosynthesis|[silent]
|switch|p1a: Iron Moth|Iron Moth|100/100
|-sideend|p1: Hi Shush|move: Toxic Spikes|[of] p1a: Iron Moth
|-enditem|p1a: Iron Moth|Booster Energy
|-activate|p1a: Iron Moth|ability: Quark Drive|[fromitem]
|-start|p1a: Iron Moth|quarkdrivespe
|move|p2a: Rillaboom|Grassy Glide|p1a: Iron Moth
|-resisted|p1a: Iron Moth
|-damage|p1a: Iron Moth|87/100
|
|-weather|SunnyDay|[upkeep]
|-heal|p1a: Iron Moth|93/100|[from] Grassy Terrain
|-heal|p2a: Rillaboom|58/100|[from] Grassy Terrain
|upkeep
|turn|9
|
|t:|1779815608
|switch|p2a: Heatran|Heatran, M|100/100
|-damage|p2a: Heatran|88/100|[from] Stealth Rock
|move|p1a: Iron Moth|Fiery Dance|p2a: Heatran
|-start|p2a: Heatran|ability: Flash Fire
|
|-weather|SunnyDay|[upkeep]
|-heal|p1a: Iron Moth|99/100|[from] Grassy Terrain
|-heal|p2a: Heatran|94/100|[from] Grassy Terrain
|-heal|p2a: Heatran|100/100|[from] item: Leftovers
|upkeep
|turn|10
|
|t:|1779815623
|-end|p1a: Iron Moth|Quark Drive|[silent]
|switch|p1a: Walking Wake|Walking Wake|100/100
|-activate|p1a: Walking Wake|ability: Protosynthesis
|-start|p1a: Walking Wake|protosynthesisspe
|move|p2a: Heatran|Magma Storm|p1a: Walking Wake
|-resisted|p1a: Walking Wake
|-damage|p1a: Walking Wake|77/100
|-activate|p1a: Walking Wake|move: Magma Storm|[of] p2a: Heatran
|
|-weather|none
|-end|p1a: Walking Wake|Protosynthesis
|-heal|p1a: Walking Wake|84/100|[from] Grassy Terrain
|-damage|p1a: Walking Wake|71/100|[from] move: Magma Storm|[partiallytrapped]
|-fieldend|move: Grassy Terrain
|upkeep
|turn|11
|
|t:|1779815632
|-terastallize|p2a: Heatran|Grass
|move|p1a: Walking Wake|Hydro Steam|p2a: Heatran
|-resisted|p2a: Heatran
|-crit|p2a: Heatran
|-damage|p2a: Heatran|75/100
|move|p2a: Heatran|Earth Power|p1a: Walking Wake
|-damage|p1a: Walking Wake|48/100
|
|-heal|p2a: Heatran|82/100|[from] item: Leftovers
|-damage|p1a: Walking Wake|35/100|[from] move: Magma Storm|[partiallytrapped]
|upkeep
|turn|12
|
|t:|1779815643
|move|p1a: Walking Wake|Draco Meteor|p2a: Heatran
|-damage|p2a: Heatran|33/100
|-unboost|p1a: Walking Wake|spa|2
|move|p2a: Heatran|Earth Power|p1a: Walking Wake
|-damage|p1a: Walking Wake|11/100
|
|-heal|p2a: Heatran|40/100|[from] item: Leftovers
|-damage|p1a: Walking Wake|0 fnt|[from] move: Magma Storm|[partiallytrapped]
|faint|p1a: Walking Wake
|-end|p1a: Walking Wake|Protosynthesis|[silent]
|upkeep
|
|t:|1779815646
|switch|p1a: Iron Moth|Iron Moth|99/100
|turn|13
|
|t:|1779815660
|move|p1a: Iron Moth|Sludge Wave|p2a: Heatran
|-supereffective|p2a: Heatran
|-damage|p2a: Heatran|0 fnt
|faint|p2a: Heatran
|
|upkeep
|
|t:|1779815663
|switch|p2a: Rillaboom|Rillaboom, F|58/100
|-damage|p2a: Rillaboom|45/100|[from] Stealth Rock
|-fieldstart|move: Grassy Terrain|[from] ability: Grassy Surge|[of] p2a: Rillaboom
|turn|14
|
|t:|1779815668
|move|p1a: Iron Moth|Sludge Wave|p2a: Rillaboom
|-supereffective|p2a: Rillaboom
|-damage|p2a: Rillaboom|0 fnt
|faint|p2a: Rillaboom
|
|-heal|p1a: Iron Moth|100/100|[from] Grassy Terrain
|upkeep
|
|t:|1779815670
|switch|p2a: Raging Bolt|Raging Bolt|100/100
|-damage|p2a: Raging Bolt|88/100|[from] Stealth Rock
|turn|15
|
|t:|1779815676
|move|p1a: Iron Moth|Sludge Wave|p2a: Raging Bolt
|-crit|p2a: Raging Bolt
|-damage|p2a: Raging Bolt|27/100
|move|p2a: Raging Bolt|Calm Mind|p2a: Raging Bolt
|-boost|p2a: Raging Bolt|spa|1
|-boost|p2a: Raging Bolt|spd|1
|
|-heal|p2a: Raging Bolt|34/100|[from] Grassy Terrain
|upkeep
|turn|16
|
|t:|1779815680
|move|p1a: Iron Moth|Sludge Wave|p2a: Raging Bolt
|-damage|p2a: Raging Bolt|6/100
|move|p2a: Raging Bolt|Calm Mind|p2a: Raging Bolt
|-boost|p2a: Raging Bolt|spa|1
|-boost|p2a: Raging Bolt|spd|1
|
|-heal|p2a: Raging Bolt|13/100|[from] Grassy Terrain
|upkeep
|turn|17
|
|t:|1779815687
|move|p2a: Raging Bolt|Thunderclap|p1a: Iron Moth
|-damage|p1a: Iron Moth|15/100
|move|p1a: Iron Moth|Sludge Wave|p2a: Raging Bolt
|-damage|p2a: Raging Bolt|0 fnt
|faint|p2a: Raging Bolt
|-end|p2a: Raging Bolt|Protosynthesis|[silent]
|
|-heal|p1a: Iron Moth|21/100|[from] Grassy Terrain
|upkeep
|
|t:|1779815692
|switch|p2a: Ogerpon|Ogerpon, F|100/100
|-damage|p2a: Ogerpon|88/100|[from] Stealth Rock
|turn|18
|
|t:|1779815697
|move|p2a: Ogerpon|Rock Tomb|p1a: Iron Moth|[miss]
|-miss|p2a: Ogerpon|p1a: Iron Moth
|move|p1a: Iron Moth|Sludge Wave|p2a: Ogerpon
|-supereffective|p2a: Ogerpon
|-damage|p2a: Ogerpon|0 fnt
|faint|p2a: Ogerpon
|
|-heal|p1a: Iron Moth|27/100|[from] Grassy Terrain
|upkeep
|
|t:|1779815700
|switch|p2a: Arboliva|Arboliva, F|100/100
|-damage|p2a: Arboliva|88/100|[from] Stealth Rock
|turn|19
|c|☆Hi Shush|nooooooooooo
|c|☆Brooklyn Cafe|ggs twin
|c|☆Hi Shush|thats so unlucky
|c|☆Hi Shush|im sorry
|c|☆Brooklyn Cafe|unless you throow
|
|t:|1779815715
|move|p1a: Iron Moth|Overheat|p2a: Arboliva
|-supereffective|p2a: Arboliva
|-damage|p2a: Arboliva|0 fnt
|-unboost|p1a: Iron Moth|spa|2
|faint|p2a: Arboliva
|
|win|Hi Shush
|raw|Hi Shush's rating: 1336 &rarr; <strong>1358</strong><br />(+22 for winning)
|raw|Brooklyn Cafe's rating: 1373 &rarr; <strong>1351</strong><br />(-22 for losing)
|c|☆Brooklyn Cafe|all good
|c|☆Brooklyn Cafe|gg
|c|☆Hi Shush|wp
|l|☆Hi Shush
|player|p1|
