|j|☆critical_32
|j|☆Lesteria
|t:|1779880843
|gametype|singles
|player|p1|critical_32|170|1307
|player|p2|Lesteria|waiter-gen4|1246
|gen|9
|tier|[Gen 9] OU
|rated|
|rule|HP Percentage Mod: HP is shown in percentages
|rule|Endless Battle Clause: Forcing endless battles is banned
|rule|Species Clause: Limit one of each Pokémon
|rule|OHKO Clause: OHKO moves are banned
|rule|Evasion Items Clause: Evasion items are banned
|rule|Evasion Moves Clause: Evasion moves are banned
|rule|Evasion Abilities Clause: Evasion abilities are banned
|rule|Sleep Moves Clause: Sleep-inducing moves are banned
|clearpoke
|poke|p1|Barraskewda, F|
|poke|p1|Basculegion, M|
|poke|p1|Goodra-Hisui, M|
|poke|p1|Kingdra, M|
|poke|p1|Conkeldurr, M|
|poke|p1|Pelipper, M|
|poke|p2|Serperior, F|
|poke|p2|Samurott-Hisui, M|
|poke|p2|Galvantula, F|
|poke|p2|Landorus-Therian, M|
|poke|p2|Zoroark-Hisui, F|
|poke|p2|Bisharp, F|
|teampreview
|inactive|Battle timer is ON: inactive players will automatically lose when time's up. (requested by Lesteria)
|
|t:|1779880860
|teamsize|p1|6
|teamsize|p2|6
|start
|switch|p1a: Goodra|Goodra-Hisui, M|100/100
|switch|p2a: Galvantula|Galvantula, F|100/100
|turn|1
|
|t:|1779880874
|move|p2a: Galvantula|Sticky Web|p1a: Goodra
|-sidestart|p1: critical_32|move: Sticky Web
|move|p1a: Goodra|Sludge Bomb|p2a: Galvantula
|-damage|p2a: Galvantula|13/100
|-status|p2a: Galvantula|psn
|
|-damage|p2a: Galvantula|1/100 psn|[from] psn
|upkeep
|turn|2
|
|t:|1779880886
|switch|p2a: Landorus|Landorus-Therian, M|100/100
|-ability|p2a: Landorus|Intimidate|boost
|-unboost|p1a: Goodra|atk|1
|move|p1a: Goodra|Sludge Bomb|p2a: Landorus
|-resisted|p2a: Landorus
|-damage|p2a: Landorus|71/100
|-status|p2a: Landorus|psn
|
|-damage|p2a: Landorus|59/100 psn|[from] psn
|upkeep
|turn|3
|
|t:|1779880896
|switch|p1a: Pelipper|Pelipper, M|100/100
|-weather|RainDance|[from] ability: Drizzle|[of] p1a: Pelipper
|move|p2a: Landorus|Earthquake|p1a: Pelipper
|-immune|p1a: Pelipper
|
|-weather|RainDance|[upkeep]
|-damage|p2a: Landorus|47/100 psn|[from] psn
|upkeep
|turn|4
|
|t:|1779880903
|switch|p2a: Bisharp|Bisharp, F|100/100
|move|p1a: Pelipper|U-turn|p2a: Bisharp
|-damage|p2a: Bisharp|93/100
|
|t:|1779880911
|switch|p1a: Goodra|Goodra-Hisui, M|100/100|[from] U-turn
|-activate|p1a: Goodra|move: Sticky Web
|-unboost|p1a: Goodra|spe|1
|
|-weather|RainDance|[upkeep]
|upkeep
|turn|5
|
|t:|1779880920
|move|p2a: Bisharp|Low Kick|p1a: Goodra
|-supereffective|p1a: Goodra
|-damage|p1a: Goodra|1/100
|move|p1a: Goodra|Thunder|p2a: Bisharp
|-damage|p2a: Bisharp|36/100
|-status|p2a: Bisharp|par
|
|-weather|RainDance|[upkeep]
|upkeep
|turn|6
|
|t:|1779880928
|move|p2a: Bisharp|Sucker Punch|p1a: Goodra
|-damage|p1a: Goodra|0 fnt
|faint|p1a: Goodra
|
|-weather|RainDance|[upkeep]
|upkeep
|
|t:|1779880934
|switch|p1a: Basculegion|Basculegion, M|100/100
|-activate|p1a: Basculegion|move: Sticky Web
|-unboost|p1a: Basculegion|spe|1
|turn|7
|
|t:|1779880940
|move|p1a: Basculegion|Aqua Jet|p2a: Bisharp
|-damage|p2a: Bisharp|0 fnt
|faint|p2a: Bisharp
|
|-weather|RainDance|[upkeep]
|upkeep
|
|t:|1779880945
|switch|p2a: Samurott|Samurott-Hisui, M|100/100
|turn|8
|
|t:|1779880949
|switch|p1a: Conkeldurr|Conkeldurr, M|100/100
|-activate|p1a: Conkeldurr|move: Sticky Web
|-unboost|p1a: Conkeldurr|spe|1
|move|p2a: Samurott|Ceaseless Edge|p1a: Conkeldurr
|-resisted|p1a: Conkeldurr
|-damage|p1a: Conkeldurr|83/100
|-sidestart|p1: critical_32|Spikes
|
|-weather|RainDance|[upkeep]
|-status|p1a: Conkeldurr|brn|[from] item: Flame Orb
|upkeep
|turn|9
|
|t:|1779880964
|switch|p2a: Serperior|Serperior, F|100/100
|move|p1a: Conkeldurr|Drain Punch|p2a: Serperior
|-immune|p2a: Serperior
|
|-weather|RainDance|[upkeep]
|-damage|p1a: Conkeldurr|77/100 brn|[from] brn
|upkeep
|turn|10
|
|t:|1779880987
|switch|p2a: Samurott|Samurott-Hisui, M|100/100
|move|p1a: Conkeldurr|Knock Off|p2a: Samurott
|-resisted|p2a: Samurott
|-damage|p2a: Samurott|61/100
|-enditem|p2a: Samurott|Choice Scarf|[from] move: Knock Off|[of] p1a: Conkeldurr
|
|-weather|none
|-damage|p1a: Conkeldurr|71/100 brn|[from] brn
|upkeep
|turn|11
|
|t:|1779880999
|move|p2a: Samurott|Sacred Sword|p1a: Conkeldurr
|-damage|p1a: Conkeldurr|39/100 brn
|move|p1a: Conkeldurr|Drain Punch|p2a: Samurott
|-supereffective|p2a: Samurott
|-damage|p2a: Samurott|0 fnt
|-heal|p1a: Conkeldurr|66/100 brn|[from] drain|[of] p2a: Samurott
|faint|p2a: Samurott
|
|-damage|p1a: Conkeldurr|60/100 brn|[from] brn
|upkeep
|
|t:|1779881008
|switch|p2a: Serperior|Serperior, F|100/100
|turn|12
|
|t:|1779881026
|move|p2a: Serperior|Bitter Malice|p1a: Conkeldurr
|-damage|p1a: Conkeldurr|0 fnt
|faint|p1a: Conkeldurr
|-damage|p2a: Serperior|91/100|[from] item: Life Orb
|
|upkeep
|
|t:|1779881036
|switch|p1a: Pelipper|Pelipper, M|100/100
|-weather|RainDance|[from] ability: Drizzle|[of] p1a: Pelipper
|turn|13
|
|t:|1779881045
|move|p2a: Serperior|Bitter Malice|p1a: Pelipper
|-damage|p1a: Pelipper|11/100
|-unboost|p1a: Pelipper|atk|1
|-damage|p2a: Serperior|81/100|[from] item: Life Orb
|move|p1a: Pelipper|U-turn|p2a: Serperior
|-resisted|p2a: Serperior
|-damage|p2a: Serperior|75/100
|replace|p2a: Zoroark|Zoroark-Hisui, F
|-end|p2a: Zoroark|Illusion
|
|t:|1779881064
|switch|p1a: Basculegion|Basculegion, M|100/100|[from] U-turn
|-activate|p1a: Basculegion|move: Sticky Web
|-unboost|p1a: Basculegion|spe|1
|-damage|p1a: Basculegion|88/100|[from] Spikes
|
|-weather|RainDance|[upkeep]
|upkeep
|turn|14
|
|t:|1779881070
|-terastallize|p1a: Basculegion|Water
|move|p2a: Zoroark|Dark Pulse|p1a: Basculegion
|-damage|p1a: Basculegion|49/100
|-damage|p2a: Zoroark|65/100|[from] item: Life Orb
|move|p1a: Basculegion|Wave Crash|p2a: Zoroark
|-damage|p2a: Zoroark|0 fnt
|faint|p2a: Zoroark
|-damage|p1a: Basculegion|35/100|[from] Recoil
|
|-weather|RainDance|[upkeep]
|upkeep
|
|t:|1779881079
|switch|p2a: Serperior|Serperior, F|100/100
|turn|15
|
|t:|1779881082
|move|p2a: Serperior|Leech Seed|p1a: Basculegion
|-start|p1a: Basculegion|move: Leech Seed
|move|p1a: Basculegion|Wave Crash|p2a: Serperior
|-resisted|p2a: Serperior
|-damage|p2a: Serperior|9/100
|-damage|p1a: Basculegion|7/100|[from] Recoil
|
|-weather|RainDance|[upkeep]
|-heal|p2a: Serperior|15/100|[from] item: Leftovers
|-damage|p1a: Basculegion|0 fnt|[from] Leech Seed|[of] p2a: Serperior
|-heal|p2a: Serperior|21/100|[silent]
|faint|p1a: Basculegion
|upkeep
|
|t:|1779881090
|switch|p1a: Barraskewda|Barraskewda, F|100/100
|-activate|p1a: Barraskewda|move: Sticky Web
|-unboost|p1a: Barraskewda|spe|1
|-damage|p1a: Barraskewda|88/100|[from] Spikes
|turn|16
|
|t:|1779881096
|move|p2a: Serperior|Protect|p2a: Serperior
|-singleturn|p2a: Serperior|Protect
|move|p1a: Barraskewda|Liquidation|p2a: Serperior
|-activate|p2a: Serperior|move: Protect
|
|-weather|RainDance|[upkeep]
|-heal|p2a: Serperior|28/100|[from] item: Leftovers
|upkeep
|turn|17
|
|t:|1779881105
|switch|p2a: Landorus|Landorus-Therian, M|47/100 psn
|-ability|p2a: Landorus|Intimidate|boost
|-unboost|p1a: Barraskewda|atk|1
|move|p1a: Barraskewda|Liquidation|p2a: Landorus
|-supereffective|p2a: Landorus
|-damage|p2a: Landorus|0 fnt
|faint|p2a: Landorus
|
|-weather|RainDance|[upkeep]
|upkeep
|
|t:|1779881111
|switch|p2a: Serperior|Serperior, F|28/100
|turn|18
|
|t:|1779881123
|move|p2a: Serperior|Protect|p2a: Serperior
|-singleturn|p2a: Serperior|Protect
|move|p1a: Barraskewda|Liquidation|p2a: Serperior
|-activate|p2a: Serperior|move: Protect
|
|-weather|RainDance|[upkeep]
|-heal|p2a: Serperior|34/100|[from] item: Leftovers
|upkeep
|turn|19
|
|t:|1779881131
|move|p1a: Barraskewda|Liquidation|p2a: Serperior
|-resisted|p2a: Serperior
|-damage|p2a: Serperior|0 fnt
|faint|p2a: Serperior
|
|-weather|RainDance|[upkeep]
|upkeep
|
|t:|1779881134
|switch|p2a: Galvantula|Galvantula, F|1/100 psn
|turn|20
|
|t:|1779881137
|move|p1a: Barraskewda|Liquidation|p2a: Galvantula
|-damage|p2a: Galvantula|0 fnt
|faint|p2a: Galvantula
|
|win|critical_32
|raw|critical_32's rating: 1307 &rarr; <strong>1324</strong><br />(+17 for winning)
|raw|Lesteria's rating: 1246 &rarr; <strong>1225</strong><br />(-21 for losing)
|l|☆Lesteria
|player|p2|
