|j|☆kefflonie
|j|☆ethanolli1
|t:|1779924461
|gametype|singles
|player|p1|kefflonie|policeman|1163
|player|p2|ethanolli1|102|1187
|gen|9
|tier|[Gen 9] OU
|rated|
|rule|HP Percentage Mod: HP is shown in percentages
|rule|Endless Battle Clause: Forcing endless battles is banned
|rule|Species Clause: Limit one of each Pokémon
|rule|OHKO Clause: OHKO moves are banned
|rule|Evasion Items Clause: Evasion items are banned
|rule|Evasion Moves Clause: Evasion moves are banned
|rule|Evasion Abilities Clause: Evasion abilities are banned
|rule|Sleep Moves Clause: Sleep-inducing moves are banned
|clearpoke
|poke|p1|Toucannon, F|
|poke|p1|Gliscor, M|
|poke|p1|Yanmega, M|
|poke|p1|Dewgong, F|
|poke|p1|Cloyster, M|
|poke|p1|Cryogonal|
|poke|p2|Okidogi, M|
|poke|p2|Wo-Chien|
|poke|p2|Landorus-Therian, M|
|poke|p2|Garganacl, M|
|poke|p2|Gholdengo|
|poke|p2|Thundurus-Therian, M|
|teampreview
|
|t:|1779924494
|teamsize|p1|6
|teamsize|p2|6
|start
|switch|p1a: Toucannon|Toucannon, F|100/100
|switch|p2a: Garganacl|Garganacl, M|100/100
|turn|1
|
|t:|1779924506
|-terastallize|p1a: Toucannon|Grass
|move|p1a: Toucannon|Bullet Seed|p2a: Garganacl
|-supereffective|p2a: Garganacl
|-damage|p2a: Garganacl|82/100
|-supereffective|p2a: Garganacl
|-damage|p2a: Garganacl|63/100
|-supereffective|p2a: Garganacl
|-damage|p2a: Garganacl|44/100
|-supereffective|p2a: Garganacl
|-damage|p2a: Garganacl|26/100
|-supereffective|p2a: Garganacl
|-damage|p2a: Garganacl|8/100
|-hitcount|p2a: Garganacl|5
|-damage|p1a: Toucannon|91/100|[from] item: Life Orb
|move|p2a: Garganacl|Salt Cure|p1a: Toucannon
|-damage|p1a: Toucannon|74/100
|-start|p1a: Toucannon|Salt Cure
|
|-damage|p1a: Toucannon|62/100|[from] Salt Cure
|upkeep
|turn|2
|
|t:|1779924524
|move|p2a: Garganacl|Protect|p2a: Garganacl
|-singleturn|p2a: Garganacl|Protect
|move|p1a: Toucannon|Brick Break|p2a: Garganacl
|-activate|p2a: Garganacl|move: Protect
|
|-damage|p1a: Toucannon|49/100|[from] Salt Cure
|upkeep
|turn|3
|
|t:|1779924539
|switch|p2a: Landorus|Landorus-Therian, M|100/100
|-ability|p2a: Landorus|Intimidate|boost
|-unboost|p1a: Toucannon|atk|1
|move|p1a: Toucannon|Bullet Seed|p2a: Landorus
|-damage|p2a: Landorus|87/100
|-damage|p2a: Landorus|72/100
|-damage|p2a: Landorus|58/100
|-damage|p2a: Landorus|44/100
|-damage|p2a: Landorus|30/100
|-hitcount|p2a: Landorus|5
|-damage|p1a: Toucannon|39/100|[from] item: Life Orb
|
|-damage|p1a: Toucannon|27/100|[from] Salt Cure
|upkeep
|turn|4
|
|t:|1779924555
|-singleturn|p1a: Toucannon|move: Beak Blast
|move|p2a: Landorus|U-turn|p1a: Toucannon
|-supereffective|p1a: Toucannon
|-damage|p1a: Toucannon|0 fnt
|-status|p2a: Landorus|brn
|faint|p1a: Toucannon
|inactive|Battle timer is ON: inactive players will automatically lose when time's up. (requested by kefflonie)
|
|t:|1779924601
|switch|p2a: Wo-Chien|Wo-Chien|100/100|[from] U-turn
|-ability|p2a: Wo-Chien|Tablets of Ruin
|
|upkeep
|
|t:|1779924609
|switch|p1a: Cloyster|Cloyster, M|100/100
|turn|5
|inactive|ethanolli1 has 120 seconds left.
|
|t:|1779924640
|move|p1a: Cloyster|Shell Smash|p1a: Cloyster
|-unboost|p1a: Cloyster|def|1
|-unboost|p1a: Cloyster|spd|1
|-boost|p1a: Cloyster|atk|2
|-boost|p1a: Cloyster|spa|2
|-boost|p1a: Cloyster|spe|2
|-enditem|p1a: Cloyster|White Herb
|-clearnegativeboost|p1a: Cloyster|[silent]
|move|p2a: Wo-Chien|Foul Play|p1a: Cloyster
|-crit|p1a: Cloyster
|-damage|p1a: Cloyster|0 fnt
|faint|p1a: Cloyster
|
|upkeep
|
|t:|1779924652
|switch|p1a: Yanmega|Yanmega, M|100/100
|turn|6
|
|t:|1779924664
|switch|p2a: Thundurus|Thundurus-Therian, M|100/100
|move|p1a: Yanmega|Bug Buzz|p2a: Thundurus
|-resisted|p2a: Thundurus
|-damage|p2a: Thundurus|66/100
|-enditem|p1a: Yanmega|Throat Spray
|-boost|p1a: Yanmega|spa|1|[from] item: Throat Spray
|
|-ability|p1a: Yanmega|Speed Boost|boost
|-boost|p1a: Yanmega|spe|1
|upkeep
|turn|7
|
|t:|1779924686
|move|p1a: Yanmega|Bug Buzz|p2a: Thundurus
|-resisted|p2a: Thundurus
|-damage|p2a: Thundurus|15/100
|move|p2a: Thundurus|Thunderbolt|p1a: Yanmega
|-supereffective|p1a: Yanmega
|-damage|p1a: Yanmega|0 fnt
|faint|p1a: Yanmega
|
|upkeep
|
|t:|1779924694
|switch|p1a: Dewgong|Dewgong, F|100/100
|turn|8
|
|t:|1779924701
|move|p1a: Dewgong|Ice Shard|p2a: Thundurus
|-supereffective|p2a: Thundurus
|-damage|p2a: Thundurus|0 fnt
|faint|p2a: Thundurus
|
|upkeep
|
|t:|1779924717
|switch|p2a: Wo-Chien|Wo-Chien|100/100
|-ability|p2a: Wo-Chien|Tablets of Ruin
|turn|9
|inactive|ethanolli1 has 120 seconds left.
|
|t:|1779924737
|move|p2a: Wo-Chien|Leech Seed|p1a: Dewgong
|-start|p1a: Dewgong|move: Leech Seed
|move|p1a: Dewgong|Perish Song|p1a: Dewgong
|-start|p1a: Dewgong|perish3|[silent]
|-start|p2a: Wo-Chien|perish3|[silent]
|-fieldactivate|move: Perish Song
|
|-damage|p1a: Dewgong|88/100|[from] Leech Seed|[of] p2a: Wo-Chien
|-start|p2a: Wo-Chien|perish3
|-start|p1a: Dewgong|perish3
|upkeep
|turn|10
|
|t:|1779924748
|move|p2a: Wo-Chien|Foul Play|p1a: Dewgong
|-damage|p1a: Dewgong|52/100
|-damage|p2a: Wo-Chien|84/100|[from] item: Rocky Helmet|[of] p1a: Dewgong
|move|p1a: Dewgong|Flip Turn|p2a: Wo-Chien
|-resisted|p2a: Wo-Chien
|-damage|p2a: Wo-Chien|78/100
|
|t:|1779924756
|switch|p1a: Cryogonal|Cryogonal|100/100|[from] Flip Turn
|
|-heal|p2a: Wo-Chien|84/100|[from] item: Leftovers
|-start|p2a: Wo-Chien|perish2
|upkeep
|turn|11
|
|t:|1779924775
|switch|p2a: Garganacl|Garganacl, M|8/100
|move|p1a: Cryogonal|Rapid Spin|p2a: Garganacl
|-resisted|p2a: Garganacl
|-damage|p2a: Garganacl|7/100
|-boost|p1a: Cryogonal|spe|1
|-damage|p1a: Cryogonal|84/100|[from] item: Rocky Helmet|[of] p2a: Garganacl
|
|upkeep
|turn|12
|
|t:|1779924786
|move|p1a: Cryogonal|Flash Cannon|p2a: Garganacl
|-supereffective|p2a: Garganacl
|-damage|p2a: Garganacl|0 fnt
|faint|p2a: Garganacl
|
|upkeep
|
|t:|1779924796
|switch|p2a: Okidogi|Okidogi, M|100/100
|turn|13
|
|t:|1779924802
|move|p1a: Cryogonal|Freeze-Dry|p2a: Okidogi
|-damage|p2a: Okidogi|73/100
|move|p2a: Okidogi|Knock Off|p1a: Cryogonal
|-damage|p1a: Cryogonal|14/100
|-status|p1a: Cryogonal|tox|[from] ability: Toxic Chain|[of] p2a: Okidogi
|-enditem|p1a: Cryogonal|Heavy-Duty Boots|[from] move: Knock Off|[of] p2a: Okidogi
|
|-heal|p2a: Okidogi|79/100|[from] item: Leftovers
|-damage|p1a: Cryogonal|8/100 tox|[from] psn
|upkeep
|turn|14
|
|t:|1779924816
|move|p1a: Cryogonal|Freeze-Dry|p2a: Okidogi
|-damage|p2a: Okidogi|49/100
|move|p2a: Okidogi|Bulk Up|p2a: Okidogi
|-boost|p2a: Okidogi|atk|1
|-boost|p2a: Okidogi|def|1
|
|-heal|p2a: Okidogi|55/100|[from] item: Leftovers
|-damage|p1a: Cryogonal|0 fnt|[from] psn
|faint|p1a: Cryogonal
|upkeep
|
|t:|1779924827
|switch|p1a: Gliscor|Gliscor, M|100/100
|turn|15
|
|t:|1779924833
|move|p1a: Gliscor|Swords Dance|p1a: Gliscor
|-boost|p1a: Gliscor|atk|2
|move|p2a: Okidogi|Knock Off|p1a: Gliscor
|-damage|p1a: Gliscor|49/100
|-status|p1a: Gliscor|tox|[from] ability: Toxic Chain|[of] p2a: Okidogi
|-enditem|p1a: Gliscor|Toxic Orb|[from] move: Knock Off|[of] p2a: Okidogi
|
|-heal|p2a: Okidogi|61/100|[from] item: Leftovers
|-heal|p1a: Gliscor|62/100 tox|[from] ability: Poison Heal
|upkeep
|turn|16
|
|t:|1779924847
|move|p1a: Gliscor|Earthquake|p2a: Okidogi
|-supereffective|p2a: Okidogi
|-damage|p2a: Okidogi|0 fnt
|faint|p2a: Okidogi
|
|-heal|p1a: Gliscor|74/100 tox|[from] ability: Poison Heal
|upkeep
|
|t:|1779924857
|switch|p2a: Landorus|Landorus-Therian, M|30/100 brn
|-ability|p2a: Landorus|Intimidate|boost
|-unboost|p1a: Gliscor|atk|1
|turn|17
|
|t:|1779924864
|move|p1a: Gliscor|Facade|p2a: Landorus
|-damage|p2a: Landorus|0 fnt
|faint|p2a: Landorus
|
|-heal|p1a: Gliscor|86/100 tox|[from] ability: Poison Heal
|upkeep
|
|t:|1779924873
|switch|p2a: Wo-Chien|Wo-Chien|84/100
|-ability|p2a: Wo-Chien|Tablets of Ruin
|turn|18
|
|t:|1779924880
|move|p1a: Gliscor|Dual Wingbeat|p2a: Wo-Chien|[miss]
|-miss|p1a: Gliscor|p2a: Wo-Chien
|move|p2a: Wo-Chien|Leech Seed|p1a: Gliscor
|-start|p1a: Gliscor|move: Leech Seed
|
|-heal|p2a: Wo-Chien|90/100|[from] item: Leftovers
|-damage|p1a: Gliscor|74/100 tox|[from] Leech Seed|[of] p2a: Wo-Chien
|-heal|p2a: Wo-Chien|99/100|[silent]
|-heal|p1a: Gliscor|86/100 tox|[from] ability: Poison Heal
|upkeep
|turn|19
|
|t:|1779924892
|move|p1a: Gliscor|Dual Wingbeat|p2a: Wo-Chien
|-supereffective|p2a: Wo-Chien
|-damage|p2a: Wo-Chien|70/100
|-supereffective|p2a: Wo-Chien
|-damage|p2a: Wo-Chien|44/100
|-hitcount|p2a: Wo-Chien|2
|move|p2a: Wo-Chien|Foul Play|p1a: Gliscor
|-damage|p1a: Gliscor|33/100 tox
|
|-heal|p2a: Wo-Chien|50/100|[from] item: Leftovers
|-damage|p1a: Gliscor|21/100 tox|[from] Leech Seed|[of] p2a: Wo-Chien
|-heal|p2a: Wo-Chien|60/100|[silent]
|-heal|p1a: Gliscor|33/100 tox|[from] ability: Poison Heal
|upkeep
|turn|20
|
|t:|1779924912
|move|p1a: Gliscor|Dual Wingbeat|p2a: Wo-Chien
|-supereffective|p2a: Wo-Chien
|-damage|p2a: Wo-Chien|34/100
|-supereffective|p2a: Wo-Chien
|-damage|p2a: Wo-Chien|8/100
|-hitcount|p2a: Wo-Chien|2
|move|p2a: Wo-Chien|Foul Play|p1a: Gliscor
|-damage|p1a: Gliscor|0 fnt
|faint|p1a: Gliscor
|
|-heal|p2a: Wo-Chien|14/100|[from] item: Leftovers
|upkeep
|
|t:|1779924923
|switch|p1a: Dewgong|Dewgong, F|52/100
|turn|21
|
|t:|1779924928
|move|p1a: Dewgong|Ice Shard|p2a: Wo-Chien
|-supereffective|p2a: Wo-Chien
|-damage|p2a: Wo-Chien|0 fnt
|faint|p2a: Wo-Chien
|
|upkeep
|
|t:|1779924933
|switch|p2a: Gholdengo|Gholdengo|100/100
|-item|p2a: Gholdengo|Air Balloon
|turn|22
|
|t:|1779924939
|move|p2a: Gholdengo|Make It Rain|p1a: Dewgong
|-damage|p1a: Dewgong|0 fnt
|-unboost|p2a: Gholdengo|spa|1
|faint|p1a: Dewgong
|
|win|ethanolli1
|raw|kefflonie's rating: 1163 &rarr; <strong>1140</strong><br />(-23 for losing)
|raw|ethanolli1's rating: 1187 &rarr; <strong>1210</strong><br />(+23 for winning)
|l|☆kefflonie
|player|p1|
|l|☆ethanolli1
|player|p2|
