|j|☆Zauxteu
|j|☆He_52210
|t:|1779803680
|gametype|singles
|player|p1|Zauxteu|swimmer|1185
|player|p2|He_52210|dancer|1211
|gen|9
|tier|[Gen 9] OU
|rated|
|rule|HP Percentage Mod: HP is shown in percentages
|rule|Endless Battle Clause: Forcing endless battles is banned
|rule|Species Clause: Limit one of each Pokémon
|rule|OHKO Clause: OHKO moves are banned
|rule|Evasion Items Clause: Evasion items are banned
|rule|Evasion Moves Clause: Evasion moves are banned
|rule|Evasion Abilities Clause: Evasion abilities are banned
|rule|Sleep Moves Clause: Sleep-inducing moves are banned
|clearpoke
|poke|p1|Iron Valiant|
|poke|p1|Ogerpon-Wellspring, F|
|poke|p1|Gholdengo|
|poke|p1|Alomomola, M|
|poke|p1|Cinderace, M|
|poke|p1|Pecharunt|
|poke|p2|Porygon-Z|
|poke|p2|Corviknight, F|
|poke|p2|Scizor, M|
|poke|p2|Great Tusk|
|poke|p2|Tornadus-Therian, M|
|poke|p2|Ceruledge, F|
|teampreview
|
|t:|1779803740
|teamsize|p1|6
|teamsize|p2|6
|start
|switch|p1a: Gholdengo|Gholdengo|100/100
|switch|p2a: Corviknight|Corviknight, F|100/100
|-ability|p2a: Corviknight|Pressure
|turn|1
|
|t:|1779803747
|move|p1a: Gholdengo|Thunderbolt|p2a: Corviknight
|-supereffective|p2a: Corviknight
|-damage|p2a: Corviknight|43/100
|-status|p2a: Corviknight|par
|cant|p2a: Corviknight|par
|
|upkeep
|turn|2
|
|t:|1779803755
|switch|p1a: Alomomola|Alomomola, M|100/100
|switch|p2a: Great Tusk|Great Tusk|100/100
|-enditem|p2a: Great Tusk|Booster Energy
|-activate|p2a: Great Tusk|ability: Protosynthesis|[fromitem]
|-start|p2a: Great Tusk|protosynthesisspe
|
|upkeep
|turn|3
|
|t:|1779803759
|move|p2a: Great Tusk|Stealth Rock|p1a: Alomomola
|-sidestart|p1: Zauxteu|move: Stealth Rock
|move|p1a: Alomomola|Flip Turn|p2a: Great Tusk
|-supereffective|p2a: Great Tusk
|-damage|p2a: Great Tusk|79/100
|
|t:|1779803761
|switch|p1a: Cinderace|Cinderace, M|100/100|[from] Flip Turn
|
|upkeep
|turn|4
|
|t:|1779803774
|switch|p1a: Alomomola|Alomomola, M|100/100
|-damage|p1a: Alomomola|88/100|[from] Stealth Rock
|move|p2a: Great Tusk|Rapid Spin|p1a: Alomomola
|-damage|p1a: Alomomola|80/100
|-boost|p2a: Great Tusk|spe|1
|
|-heal|p1a: Alomomola|86/100|[from] item: Leftovers
|upkeep
|turn|5
|
|t:|1779803782
|-end|p2a: Great Tusk|Protosynthesis|[silent]
|switch|p2a: Porygon-Z|Porygon-Z|100/100
|move|p1a: Alomomola|Flip Turn|p2a: Porygon-Z
|-damage|p2a: Porygon-Z|75/100
|
|t:|1779803785
|switch|p1a: Cinderace|Cinderace, M|100/100|[from] Flip Turn
|
|upkeep
|turn|6
|
|t:|1779803787
|move|p2a: Porygon-Z|Hyper Beam|p1a: Cinderace
|-damage|p1a: Cinderace|0 fnt
|-mustrecharge|p2a: Porygon-Z
|faint|p1a: Cinderace
|
|upkeep
|
|t:|1779803819
|switch|p1a: Ogerpon|Ogerpon-Wellspring, F|100/100
|-damage|p1a: Ogerpon|88/100|[from] Stealth Rock
|turn|7
|
|t:|1779803821
|cant|p2a: Porygon-Z|recharge
|move|p1a: Ogerpon|Swords Dance|p1a: Ogerpon
|-boost|p1a: Ogerpon|atk|2
|
|upkeep
|turn|8
|
|t:|1779803836
|switch|p1a: Pecharunt|Pecharunt|100/100
|-damage|p1a: Pecharunt|88/100|[from] Stealth Rock
|move|p2a: Porygon-Z|Hyper Beam|p1a: Pecharunt
|-immune|p1a: Pecharunt
|
|-heal|p1a: Pecharunt|94/100|[from] item: Black Sludge
|upkeep
|turn|9
|
|t:|1779803846
|switch|p2a: Corviknight|Corviknight, F|43/100 par
|-ability|p2a: Corviknight|Pressure
|move|p1a: Pecharunt|Parting Shot|p2a: Corviknight
|-unboost|p2a: Corviknight|atk|1
|-unboost|p2a: Corviknight|spa|1
|
|t:|1779803873
|switch|p1a: Gholdengo|Gholdengo|100/100|[from] Parting Shot
|-damage|p1a: Gholdengo|94/100|[from] Stealth Rock
|
|upkeep
|turn|10
|
|t:|1779803885
|move|p1a: Gholdengo|Dazzling Gleam|p2a: Corviknight
|-resisted|p2a: Corviknight
|-damage|p2a: Corviknight|31/100 par
|move|p2a: Corviknight|Roost|p2a: Corviknight
|-heal|p2a: Corviknight|81/100 par
|-singleturn|p2a: Corviknight|move: Roost
|
|upkeep
|turn|11
|
|t:|1779803896
|switch|p1a: Pecharunt|Pecharunt|94/100
|-damage|p1a: Pecharunt|82/100|[from] Stealth Rock
|switch|p2a: Tornadus|Tornadus-Therian, M|100/100
|
|-heal|p1a: Pecharunt|88/100|[from] item: Black Sludge
|upkeep
|turn|12
|
|t:|1779803902
|switch|p2a: Corviknight|Corviknight, F|81/100 par
|-ability|p2a: Corviknight|Pressure
|move|p1a: Pecharunt|Malignant Chain|p2a: Corviknight
|-immune|p2a: Corviknight
|
|-heal|p1a: Pecharunt|94/100|[from] item: Black Sludge
|upkeep
|turn|13
|
|t:|1779803908
|move|p1a: Pecharunt|Parting Shot|p2a: Corviknight
|-unboost|p2a: Corviknight|atk|1
|-unboost|p2a: Corviknight|spa|1
|
|t:|1779803915
|switch|p1a: Alomomola|Alomomola, M|100/100|[from] Parting Shot
|-damage|p1a: Alomomola|88/100|[from] Stealth Rock
|move|p2a: Corviknight|Roost|p2a: Corviknight
|-heal|p2a: Corviknight|100/100 par
|-singleturn|p2a: Corviknight|move: Roost
|
|-heal|p1a: Alomomola|94/100|[from] item: Leftovers
|upkeep
|turn|14
|
|t:|1779803924
|move|p1a: Alomomola|Wish|p1a: Alomomola
|cant|p2a: Corviknight|par
|
|-heal|p1a: Alomomola|100/100|[from] item: Leftovers
|upkeep
|turn|15
|
|t:|1779803927
|move|p1a: Alomomola|Flip Turn|p2a: Corviknight
|-damage|p2a: Corviknight|88/100 par
|-damage|p1a: Alomomola|84/100|[from] item: Rocky Helmet|[of] p2a: Corviknight
|
|t:|1779803929
|switch|p1a: Ogerpon|Ogerpon-Wellspring, F|88/100|[from] Flip Turn
|-damage|p1a: Ogerpon|76/100|[from] Stealth Rock
|move|p2a: Corviknight|U-turn|p1a: Ogerpon
|-supereffective|p1a: Ogerpon
|-damage|p1a: Ogerpon|49/100
|
|t:|1779803940
|switch|p2a: Porygon-Z|Porygon-Z|75/100|[from] U-turn
|
|-heal|p1a: Ogerpon|100/100|[from] move: Wish|[wisher] Alomomola
|upkeep
|turn|16
|
|t:|1779803950
|-terastallize|p1a: Ogerpon|Water
|detailschange|p1a: Ogerpon|Ogerpon-Wellspring-Tera, F, tera:Water
|-ability|p1a: Ogerpon|Embody Aspect (Wellspring)|boost
|-boost|p1a: Ogerpon|spd|1
|move|p2a: Porygon-Z|Hyper Beam|p1a: Ogerpon
|-damage|p1a: Ogerpon|10/100
|-mustrecharge|p2a: Porygon-Z
|move|p1a: Ogerpon|Ivy Cudgel|p2a: Porygon-Z|[anim] Ivy Cudgel Water
|-damage|p2a: Porygon-Z|0 fnt
|faint|p2a: Porygon-Z
|
|upkeep
|
|t:|1779803953
|switch|p2a: Scizor|Scizor, M|100/100
|turn|17
|
|t:|1779803961
|move|p2a: Scizor|Bullet Punch|p1a: Ogerpon
|-resisted|p1a: Ogerpon
|-damage|p1a: Ogerpon|0 fnt
|faint|p1a: Ogerpon
|detailschange|p1: Ogerpon|Ogerpon-Wellspring, F|[silent]
|
|upkeep
|
|t:|1779803974
|switch|p1a: Pecharunt|Pecharunt|94/100
|-damage|p1a: Pecharunt|82/100|[from] Stealth Rock
|turn|18
|
|t:|1779803977
|move|p2a: Scizor|Swords Dance|p2a: Scizor
|-boost|p2a: Scizor|atk|2
|move|p1a: Pecharunt|Parting Shot|p2a: Scizor
|-unboost|p2a: Scizor|atk|1
|-unboost|p2a: Scizor|spa|1
|
|t:|1779803982
|switch|p1a: Gholdengo|Gholdengo|94/100|[from] Parting Shot
|-damage|p1a: Gholdengo|88/100|[from] Stealth Rock
|
|upkeep
|turn|19
|
|t:|1779803990
|move|p1a: Gholdengo|Shadow Ball|p2a: Scizor
|-damage|p2a: Scizor|38/100
|move|p2a: Scizor|Swords Dance|p2a: Scizor
|-boost|p2a: Scizor|atk|2
|
|upkeep
|turn|20
|
|t:|1779803997
|move|p2a: Scizor|Bullet Punch|p1a: Gholdengo
|-resisted|p1a: Gholdengo
|-damage|p1a: Gholdengo|33/100
|move|p1a: Gholdengo|Shadow Ball|p2a: Scizor
|-damage|p2a: Scizor|0 fnt
|faint|p2a: Scizor
|
|upkeep
|
|t:|1779803999
|switch|p2a: Ceruledge|Ceruledge, F|100/100
|turn|21
|
|t:|1779804001
|move|p2a: Ceruledge|Endure|p2a: Ceruledge
|-singleturn|p2a: Ceruledge|move: Endure
|move|p1a: Gholdengo|Shadow Ball|p2a: Ceruledge
|-supereffective|p2a: Ceruledge
|-damage|p2a: Ceruledge|4/100
|-enditem|p2a: Ceruledge|Weakness Policy
|-boost|p2a: Ceruledge|atk|2|[from] item: Weakness Policy
|-boost|p2a: Ceruledge|spa|2|[from] item: Weakness Policy
|
|upkeep
|turn|22
|
|t:|1779804005
|move|p2a: Ceruledge|Shadow Sneak|p1a: Gholdengo
|-supereffective|p1a: Gholdengo
|-damage|p1a: Gholdengo|0 fnt
|faint|p1a: Gholdengo
|
|upkeep
|
|t:|1779804008
|switch|p1a: Pecharunt|Pecharunt|82/100
|-damage|p1a: Pecharunt|69/100|[from] Stealth Rock
|turn|23
|c|☆Zauxteu|I wanted to bring out mola
|c|☆Zauxteu|</3
|-message|Zauxteu forfeited.
|
|win|He_52210
|raw|Zauxteu's rating: 1185 &rarr; <strong>1162</strong><br />(-23 for losing)
|raw|He_52210's rating: 1211 &rarr; <strong>1234</strong><br />(+23 for winning)
|l|☆Zauxteu
|player|p1|
|c|☆He_52210|Dang💔💔
