|j|☆pondwaterone
|j|☆getsuna
|t:|1779813957
|gametype|singles
|player|p1|pondwaterone|170|1226
|player|p2|getsuna|169|1221
|gen|9
|tier|[Gen 9] OU
|rated|
|rule|HP Percentage Mod: HP is shown in percentages
|rule|Endless Battle Clause: Forcing endless battles is banned
|rule|Species Clause: Limit one of each Pokémon
|rule|OHKO Clause: OHKO moves are banned
|rule|Evasion Items Clause: Evasion items are banned
|rule|Evasion Moves Clause: Evasion moves are banned
|rule|Evasion Abilities Clause: Evasion abilities are banned
|rule|Sleep Moves Clause: Sleep-inducing moves are banned
|clearpoke
|poke|p1|Skarmory, M|
|poke|p1|Slowking-Galar, M|
|poke|p1|Cobalion|
|poke|p1|Gyarados, F|
|poke|p1|Tyranitar, M|
|poke|p1|Dragapult, M|
|poke|p2|Mew|
|poke|p2|Scyther, F|
|poke|p2|Iron Moth|
|poke|p2|Scizor, M|
|poke|p2|Hydreigon, M|
|poke|p2|Lokix, M|
|teampreview
|
|t:|1779813966
|teamsize|p1|6
|teamsize|p2|6
|start
|switch|p1a: Watre Snek|Gyarados, F|100/100
|switch|p2a: Scyther|Scyther, F|100/100
|-ability|p1a: Watre Snek|Intimidate|boost
|-unboost|p2a: Scyther|atk|1
|turn|1
|
|t:|1779813975
|move|p2a: Scyther|Swords Dance|p2a: Scyther
|-boost|p2a: Scyther|atk|2
|move|p1a: Watre Snek|Dragon Dance|p1a: Watre Snek
|-boost|p1a: Watre Snek|atk|1
|-boost|p1a: Watre Snek|spe|1
|
|upkeep
|turn|2
|
|t:|1779813983
|move|p1a: Watre Snek|Waterfall|p2a: Scyther
|-damage|p2a: Scyther|3/100
|move|p2a: Scyther|Swords Dance|p2a: Scyther
|-boost|p2a: Scyther|atk|2
|
|upkeep
|turn|3
|
|t:|1779813992
|move|p1a: Watre Snek|Iron Head|p2a: Scyther
|-damage|p2a: Scyther|0 fnt
|faint|p2a: Scyther
|
|upkeep
|
|t:|1779814005
|switch|p2a: Mew|Mew|100/100
|turn|4
|
|t:|1779814010
|move|p1a: Watre Snek|Waterfall|p2a: Mew
|-damage|p2a: Mew|35/100
|move|p2a: Mew|Thunderbolt|p1a: Watre Snek
|-supereffective|p1a: Watre Snek
|-damage|p1a: Watre Snek|0 fnt
|faint|p1a: Watre Snek
|
|upkeep
|
|t:|1779814017
|switch|p1a: Rock Lobstre|Tyranitar, M, shiny|100/100
|-weather|Sandstorm|[from] ability: Sand Stream|[of] p1a: Rock Lobstre
|turn|5
|
|t:|1779814026
|switch|p2a: Lokix|Lokix, M|100/100
|move|p1a: Rock Lobstre|Stealth Rock|p2a: Lokix
|-sidestart|p2: getsuna|move: Stealth Rock
|
|-weather|Sandstorm|[upkeep]
|-damage|p2a: Lokix|94/100|[from] Sandstorm
|upkeep
|turn|6
|
|t:|1779814036
|switch|p1a: Byrd Metal|Skarmory, M|100/100
|move|p2a: Lokix|Axe Kick|p1a: Byrd Metal
|-damage|p1a: Byrd Metal|77/100
|
|-weather|Sandstorm|[upkeep]
|-damage|p2a: Lokix|88/100|[from] Sandstorm
|-heal|p1a: Byrd Metal|83/100|[from] item: Leftovers
|upkeep
|turn|7
|
|t:|1779814047
|move|p2a: Lokix|Swords Dance|p2a: Lokix
|-boost|p2a: Lokix|atk|2
|move|p1a: Byrd Metal|Spikes|p2a: Lokix
|-sidestart|p2: getsuna|Spikes
|
|-weather|Sandstorm|[upkeep]
|-damage|p2a: Lokix|82/100|[from] Sandstorm
|-heal|p1a: Byrd Metal|89/100|[from] item: Leftovers
|upkeep
|turn|8
|
|t:|1779814056
|move|p2a: Lokix|Swords Dance|p2a: Lokix
|-boost|p2a: Lokix|atk|2
|move|p1a: Byrd Metal|Iron Defense|p1a: Byrd Metal
|-boost|p1a: Byrd Metal|def|2
|
|-weather|Sandstorm|[upkeep]
|-damage|p2a: Lokix|76/100|[from] Sandstorm
|-heal|p1a: Byrd Metal|95/100|[from] item: Leftovers
|upkeep
|turn|9
|
|t:|1779814066
|switch|p2a: Iron Moth|Iron Moth|100/100
|-damage|p2a: Iron Moth|76/100|[from] Stealth Rock
|-damage|p2a: Iron Moth|63/100|[from] Spikes
|-enditem|p2a: Iron Moth|Booster Energy
|-activate|p2a: Iron Moth|ability: Quark Drive|[fromitem]
|-start|p2a: Iron Moth|quarkdrivespe
|move|p1a: Byrd Metal|Body Press|p2a: Iron Moth
|-resisted|p2a: Iron Moth
|-damage|p2a: Iron Moth|3/100
|
|-weather|none
|-heal|p1a: Byrd Metal|100/100|[from] item: Leftovers
|upkeep
|turn|10
|
|t:|1779814079
|switch|p1a: Rock Lobstre|Tyranitar, M, shiny|100/100
|-weather|Sandstorm|[from] ability: Sand Stream|[of] p1a: Rock Lobstre
|move|p2a: Iron Moth|Fiery Dance|p1a: Rock Lobstre
|-resisted|p1a: Rock Lobstre
|-damage|p1a: Rock Lobstre|92/100
|-boost|p2a: Iron Moth|spa|1
|
|-weather|Sandstorm|[upkeep]
|-damage|p2a: Iron Moth|0 fnt|[from] Sandstorm
|faint|p2a: Iron Moth
|-end|p2a: Iron Moth|Quark Drive|[silent]
|-heal|p1a: Rock Lobstre|98/100|[from] item: Leftovers
|upkeep
|
|t:|1779814093
|switch|p2a: Hydreigon|Hydreigon, M|100/100
|-damage|p2a: Hydreigon|88/100|[from] Stealth Rock
|turn|11
|
|t:|1779814108
|move|p2a: Hydreigon|Earth Power|p1a: Rock Lobstre
|-supereffective|p1a: Rock Lobstre
|-damage|p1a: Rock Lobstre|62/100
|move|p1a: Rock Lobstre|Thunder Wave|p2a: Hydreigon
|-status|p2a: Hydreigon|par
|
|-weather|Sandstorm|[upkeep]
|-damage|p2a: Hydreigon|82/100 par|[from] Sandstorm
|-heal|p1a: Rock Lobstre|68/100|[from] item: Leftovers
|upkeep
|turn|12
|
|t:|1779814121
|move|p2a: Hydreigon|Earth Power|p1a: Rock Lobstre
|-supereffective|p1a: Rock Lobstre
|-damage|p1a: Rock Lobstre|30/100
|move|p1a: Rock Lobstre|Knock Off|p2a: Hydreigon
|-resisted|p2a: Hydreigon
|-damage|p2a: Hydreigon|56/100 par
|-enditem|p2a: Hydreigon|Choice Specs|[from] move: Knock Off|[of] p1a: Rock Lobstre
|
|-weather|Sandstorm|[upkeep]
|-damage|p2a: Hydreigon|50/100 par|[from] Sandstorm
|-heal|p1a: Rock Lobstre|36/100|[from] item: Leftovers
|upkeep
|turn|13
|
|t:|1779814149
|switch|p1a: Geist Draco|Dragapult, M|100/100
|move|p2a: Hydreigon|Draco Meteor|p1a: Geist Draco
|-supereffective|p1a: Geist Draco
|-damage|p1a: Geist Draco|0 fnt
|-unboost|p2a: Hydreigon|spa|2
|faint|p1a: Geist Draco
|
|-weather|Sandstorm|[upkeep]
|-damage|p2a: Hydreigon|44/100 par|[from] Sandstorm
|upkeep
|
|t:|1779814159
|switch|p1a: Poison King|Slowking-Galar, M|100/100
|turn|14
|
|t:|1779814169
|cant|p2a: Hydreigon|par
|move|p1a: Poison King|Calm Mind|p1a: Poison King
|-boost|p1a: Poison King|spa|1
|-boost|p1a: Poison King|spd|1
|
|-weather|none
|upkeep
|turn|15
|inactive|Battle timer is ON: inactive players will automatically lose when time's up. (requested by getsuna)
|
|t:|1779814214
|switch|p2a: Lokix|Lokix, M|76/100
|move|p1a: Poison King|Calm Mind|p1a: Poison King
|-boost|p1a: Poison King|spa|1
|-boost|p1a: Poison King|spd|1
|
|upkeep
|turn|16
|
|t:|1779814229
|move|p2a: Lokix|Swords Dance|p2a: Lokix
|-boost|p2a: Lokix|atk|2
|move|p1a: Poison King|Ice Beam|p2a: Lokix
|-damage|p2a: Lokix|0 fnt
|faint|p2a: Lokix
|
|upkeep
|
|t:|1779814245
|switch|p2a: Scizor|Scizor, M|100/100
|-damage|p2a: Scizor|88/100|[from] Stealth Rock
|-damage|p2a: Scizor|76/100|[from] Spikes
|turn|17
|
|t:|1779814254
|move|p2a: Scizor|Knock Off|p1a: Poison King
|-supereffective|p1a: Poison King
|-damage|p1a: Poison King|3/100
|-enditem|p1a: Poison King|Leftovers|[from] move: Knock Off|[of] p2a: Scizor
|-damage|p2a: Scizor|66/100|[from] item: Life Orb
|move|p1a: Poison King|Psychic Noise|p2a: Scizor
|-resisted|p2a: Scizor
|-damage|p2a: Scizor|32/100
|-start|p2a: Scizor|move: Heal Block
|
|upkeep
|turn|18
|
|t:|1779814267
|switch|p1a: Kobe Lion|Cobalion|100/100
|move|p2a: Scizor|Bullet Punch|p1a: Kobe Lion
|-resisted|p1a: Kobe Lion
|-damage|p1a: Kobe Lion|87/100
|-damage|p2a: Scizor|22/100|[from] item: Life Orb
|
|-heal|p1a: Kobe Lion|93/100|[from] item: Leftovers
|-end|p2a: Scizor|move: Heal Block
|upkeep
|turn|19
|
|t:|1779814279
|move|p1a: Kobe Lion|Iron Defense|p1a: Kobe Lion
|-boost|p1a: Kobe Lion|def|2
|move|p2a: Scizor|Close Combat|p1a: Kobe Lion
|-supereffective|p1a: Kobe Lion
|-damage|p1a: Kobe Lion|56/100
|-unboost|p2a: Scizor|def|1
|-unboost|p2a: Scizor|spd|1
|-damage|p2a: Scizor|12/100|[from] item: Life Orb
|
|-heal|p1a: Kobe Lion|62/100|[from] item: Leftovers
|upkeep
|turn|20
|
|t:|1779814300
|move|p1a: Kobe Lion|Vacuum Wave|p2a: Scizor
|-damage|p2a: Scizor|0 fnt
|faint|p2a: Scizor
|
|-heal|p1a: Kobe Lion|69/100|[from] item: Leftovers
|upkeep
|
|t:|1779814307
|switch|p2a: Mew|Mew|35/100
|-damage|p2a: Mew|22/100|[from] Stealth Rock
|-damage|p2a: Mew|10/100|[from] Spikes
|turn|21
|
|t:|1779814324
|move|p2a: Mew|Aura Sphere|p1a: Kobe Lion
|-supereffective|p1a: Kobe Lion
|-damage|p1a: Kobe Lion|0 fnt
|faint|p1a: Kobe Lion
|
|upkeep
|
|t:|1779814329
|switch|p1a: Rock Lobstre|Tyranitar, M, shiny|36/100
|-weather|Sandstorm|[from] ability: Sand Stream|[of] p1a: Rock Lobstre
|turn|22
|
|t:|1779814334
|move|p2a: Mew|Aura Sphere|p1a: Rock Lobstre
|-supereffective|p1a: Rock Lobstre
|-damage|p1a: Rock Lobstre|0 fnt
|faint|p1a: Rock Lobstre
|
|-weather|Sandstorm|[upkeep]
|-damage|p2a: Mew|4/100|[from] Sandstorm
|upkeep
|
|t:|1779814342
|switch|p1a: Poison King|Slowking-Galar, M|36/100
|turn|23
|
|t:|1779814346
|move|p2a: Mew|Aura Sphere|p1a: Poison King
|-resisted|p1a: Poison King
|-damage|p1a: Poison King|31/100
|move|p1a: Poison King|Slack Off|p1a: Poison King
|-heal|p1a: Poison King|81/100
|
|-weather|Sandstorm|[upkeep]
|-damage|p2a: Mew|0 fnt|[from] Sandstorm
|-damage|p1a: Poison King|75/100|[from] Sandstorm
|faint|p2a: Mew
|upkeep
|
|t:|1779814356
|switch|p2a: Hydreigon|Hydreigon, M|44/100 par
|-damage|p2a: Hydreigon|31/100 par|[from] Stealth Rock
|turn|24
|
|t:|1779814364
|-terastallize|p2a: Hydreigon|Dark
|cant|p2a: Hydreigon|par
|move|p1a: Poison King|Ice Beam|p2a: Hydreigon
|-damage|p2a: Hydreigon|4/100 par
|
|-weather|Sandstorm|[upkeep]
|-damage|p2a: Hydreigon|0 fnt|[from] Sandstorm
|-damage|p1a: Poison King|69/100|[from] Sandstorm
|faint|p2a: Hydreigon
|
|win|pondwaterone
|raw|pondwaterone's rating: 1226 &rarr; <strong>1251</strong><br />(+25 for winning)
|raw|getsuna's rating: 1221 &rarr; <strong>1196</strong><br />(-25 for losing)
|l|☆pondwaterone
|player|p1|
|l|☆getsuna
|player|p2|
