|j|‽NakataASOSHIK
|j|☆dogdayzzz
|t:|1779799871
|gametype|singles
|player|p1|NakataASOSHIK|pokekid|1248
|player|p2|dogdayzzz|nancy|1254
|gen|9
|tier|[Gen 9] OU
|rated|
|rule|HP Percentage Mod: HP is shown in percentages
|rule|Endless Battle Clause: Forcing endless battles is banned
|rule|Species Clause: Limit one of each Pokémon
|rule|OHKO Clause: OHKO moves are banned
|rule|Evasion Items Clause: Evasion items are banned
|rule|Evasion Moves Clause: Evasion moves are banned
|rule|Evasion Abilities Clause: Evasion abilities are banned
|rule|Sleep Moves Clause: Sleep-inducing moves are banned
|clearpoke
|poke|p1|Raikou|
|poke|p1|Incineroar, F|
|poke|p1|Espeon, F|
|poke|p1|Meowstic, M|
|poke|p1|Meowscarada, F|
|poke|p1|Perrserker, M|
|poke|p2|Iron Valiant|
|poke|p2|Darkrai|
|poke|p2|Kingambit, F|
|poke|p2|Cloyster, M|
|poke|p2|Ceruledge, M|
|poke|p2|Corviknight, F|
|teampreview
|inactive|Battle timer is ON: inactive players will automatically lose when time's up. (requested by dogdayzzz)
|inactive|NakataASOSHIK also wants the timer to be on.
|c|☆dogdayzzz|glhf
|
|t:|1779799895
|teamsize|p1|6
|teamsize|p2|6
|start
|switch|p1a: Meowstic|Meowstic, M|100/100
|switch|p2a: the goat|Cloyster, M|100/100
|turn|1
|
|t:|1779799901
|move|p1a: Meowstic|Thunder Wave|p2a: the goat|[miss]
|-miss|p1a: Meowstic|p2a: the goat
|move|p2a: the goat|Shell Smash|p2a: the goat
|-unboost|p2a: the goat|def|1
|-unboost|p2a: the goat|spd|1
|-boost|p2a: the goat|atk|2
|-boost|p2a: the goat|spa|2
|-boost|p2a: the goat|spe|2
|-enditem|p2a: the goat|White Herb
|-clearnegativeboost|p2a: the goat|[silent]
|
|upkeep
|turn|2
|
|t:|1779799906
|move|p1a: Meowstic|Reflect|p1a: Meowstic
|-sidestart|p1: NakataASOSHIK|Reflect
|move|p2a: the goat|Icicle Spear|p1a: Meowstic
|-damage|p1a: Meowstic|87/100
|-damage|p1a: Meowstic|73/100
|-damage|p1a: Meowstic|59/100
|-damage|p1a: Meowstic|45/100
|-damage|p1a: Meowstic|32/100
|-hitcount|p1a: Meowstic|5
|
|upkeep
|turn|3
|
|t:|1779799911
|switch|p1a: Perrserker|Perrserker, M|100/100
|move|p2a: the goat|Icicle Spear|p1a: Perrserker
|-resisted|p1a: Perrserker
|-damage|p1a: Perrserker|95/100
|-resisted|p1a: Perrserker
|-damage|p1a: Perrserker|89/100
|-resisted|p1a: Perrserker
|-damage|p1a: Perrserker|83/100
|-resisted|p1a: Perrserker
|-damage|p1a: Perrserker|77/100
|-resisted|p1a: Perrserker
|-damage|p1a: Perrserker|72/100
|-hitcount|p1a: Perrserker|5
|
|upkeep
|turn|4
|
|t:|1779799914
|move|p1a: Perrserker|Fake Out|p2a: the goat
|-damage|p2a: the goat|85/100
|cant|p2a: the goat|flinch
|
|upkeep
|turn|5
|
|t:|1779799917
|move|p2a: the goat|Hydro Pump|p1a: Perrserker
|-damage|p1a: Perrserker|6/100
|move|p1a: Perrserker|Iron Head|p2a: the goat
|-damage|p2a: the goat|41/100
|
|upkeep
|turn|6
|
|t:|1779799924
|move|p2a: the goat|Icicle Spear|p1a: Perrserker
|-resisted|p1a: Perrserker
|-damage|p1a: Perrserker|0 fnt
|faint|p1a: Perrserker
|-hitcount|p1: Perrserker|1
|
|upkeep
|
|t:|1779799929
|switch|p1a: Meowscarada|Meowscarada, F|100/100
|turn|7
|j| silver jay#2240
|
|t:|1779799934
|move|p1a: Meowscarada|Sucker Punch|p2a: the goat
|-start|p1a: Meowscarada|typechange|Dark|[from] ability: Protean
|-damage|p2a: the goat|0 fnt
|faint|p2a: the goat
|
|upkeep
|
|t:|1779799937
|switch|p2a: perc 30|Iron Valiant|100/100
|-enditem|p2a: perc 30|Booster Energy
|-activate|p2a: perc 30|ability: Quark Drive|[fromitem]
|-start|p2a: perc 30|quarkdrivespe
|turn|8
|c| silver jay#2240|dude youre 1200
|
|t:|1779799942
|switch|p1a: Espeon|Espeon, F|100/100
|move|p2a: perc 30|Moonblast|p1a: Espeon
|-damage|p1a: Espeon|43/100
|
|upkeep
|turn|9
|j| GengarAdept
|l| silver jay#2240
|c|☆dogdayzzz|?
|j| silver jay#2240
|c| silver jay#2240|ofc the teams here r gna be weir
|inactive|dogdayzzz has 120 seconds left.
|
|t:|1779799976
|switch|p1a: Incineroar|Incineroar, F|100/100
|-ability|p1a: Incineroar|Intimidate|boost
|-unboost|p2a: perc 30|atk|1
|move|p2a: perc 30|Moonblast|p1a: Incineroar
|-damage|p1a: Incineroar|55/100
|
|-sideend|p1: NakataASOSHIK|Reflect
|upkeep
|turn|10
|inactive|dogdayzzz has 120 seconds left.
|
|t:|1779799996
|move|p2a: perc 30|Moonblast|p1a: Incineroar
|-damage|p1a: Incineroar|12/100
|-enditem|p1a: Incineroar|Figy Berry|[eat]
|-heal|p1a: Incineroar|45/100|[from] item: Figy Berry
|move|p1a: Incineroar|Will-O-Wisp|p2a: perc 30|[miss]
|-miss|p1a: Incineroar|p2a: perc 30
|
|upkeep
|turn|11
|
|t:|1779800006
|switch|p1a: Raikou|Raikou|100/100
|move|p2a: perc 30|Close Combat|p1a: Raikou
|-damage|p1a: Raikou|54/100
|-unboost|p2a: perc 30|def|1
|-unboost|p2a: perc 30|spd|1
|
|-heal|p1a: Raikou|61/100|[from] item: Leftovers
|upkeep
|turn|12
|
|t:|1779800016
|move|p2a: perc 30|Close Combat|p1a: Raikou
|-damage|p1a: Raikou|12/100
|-unboost|p2a: perc 30|def|1
|-unboost|p2a: perc 30|spd|1
|move|p1a: Raikou|Calm Mind|p1a: Raikou
|-boost|p1a: Raikou|spa|1
|-boost|p1a: Raikou|spd|1
|
|-heal|p1a: Raikou|18/100|[from] item: Leftovers
|upkeep
|turn|13
|
|t:|1779800020
|move|p2a: perc 30|Close Combat|p1a: Raikou
|-damage|p1a: Raikou|0 fnt
|-unboost|p2a: perc 30|def|1
|-unboost|p2a: perc 30|spd|1
|faint|p1a: Raikou
|
|upkeep
|l| silver jay#2240
|
|t:|1779800023
|switch|p1a: Meowstic|Meowstic, M|32/100
|turn|14
|
|t:|1779800026
|move|p1a: Meowstic|Thunder Wave|p2a: perc 30|[miss]
|-miss|p1a: Meowstic|p2a: perc 30
|move|p2a: perc 30|Thunderbolt|p1a: Meowstic
|-damage|p1a: Meowstic|7/100
|
|upkeep
|turn|15
|-message|NakataASOSHIK forfeited.
|
|win|dogdayzzz
|raw|NakataASOSHIK's rating: 1248 &rarr; <strong>1223</strong><br />(-25 for losing)
|raw|dogdayzzz's rating: 1254 &rarr; <strong>1279</strong><br />(+25 for winning)
|l|‽NakataASOSHIK
|player|p1|
|l|☆dogdayzzz
|player|p2|
