|j|☆comeonilikechoco
|j|☆nicilynoc
|t:|1779902605
|gametype|singles
|player|p1|comeonilikechoco|acetrainer-gen2|1328
|player|p2|nicilynoc|2|1305
|gen|9
|tier|[Gen 9] OU
|rated|
|rule|HP Percentage Mod: HP is shown in percentages
|rule|Endless Battle Clause: Forcing endless battles is banned
|rule|Species Clause: Limit one of each Pokémon
|rule|OHKO Clause: OHKO moves are banned
|rule|Evasion Items Clause: Evasion items are banned
|rule|Evasion Moves Clause: Evasion moves are banned
|rule|Evasion Abilities Clause: Evasion abilities are banned
|rule|Sleep Moves Clause: Sleep-inducing moves are banned
|clearpoke
|poke|p1|Zamazenta-*|
|poke|p1|Dragapult, F|
|poke|p1|Pecharunt|
|poke|p1|Ogerpon-Wellspring, F|
|poke|p1|Iron Treads|
|poke|p1|Kingambit, F|
|poke|p2|Alomomola, F|
|poke|p2|Mienshao, M|
|poke|p2|Great Tusk|
|poke|p2|Slowking-Galar, F|
|poke|p2|Kingambit, M|
|poke|p2|Kyurem|
|teampreview
|inactive|Battle timer is ON: inactive players will automatically lose when time's up. (requested by comeonilikechoco)
|
|t:|1779902612
|teamsize|p1|6
|teamsize|p2|6
|start
|switch|p1a: Iron Treads|Iron Treads|100/100
|switch|p2a: Great Tusk|Great Tusk|100/100
|-enditem|p1a: Iron Treads|Booster Energy
|-activate|p1a: Iron Treads|ability: Quark Drive|[fromitem]
|-start|p1a: Iron Treads|quarkdrivespe
|turn|1
|
|t:|1779902625
|move|p1a: Iron Treads|Stealth Rock|p2a: Great Tusk
|-sidestart|p2: nicilynoc|move: Stealth Rock
|move|p2a: Great Tusk|Stealth Rock|p1a: Iron Treads
|-sidestart|p1: comeonilikechoco|move: Stealth Rock
|
|upkeep
|turn|2
|
|t:|1779902628
|move|p1a: Iron Treads|Rapid Spin|p2a: Great Tusk
|-damage|p2a: Great Tusk|91/100
|-boost|p1a: Iron Treads|spe|1
|-sideend|p1: comeonilikechoco|Stealth Rock|[from] move: Rapid Spin|[of] p1a: Iron Treads
|move|p2a: Great Tusk|Rapid Spin|p1a: Iron Treads
|-resisted|p1a: Iron Treads
|-damage|p1a: Iron Treads|92/100
|-boost|p2a: Great Tusk|spe|1
|-sideend|p2: nicilynoc|Stealth Rock|[from] move: Rapid Spin|[of] p2a: Great Tusk
|
|-heal|p2a: Great Tusk|97/100|[from] item: Leftovers
|upkeep
|turn|3
|
|t:|1779902633
|move|p1a: Iron Treads|Knock Off|p2a: Great Tusk
|-resisted|p2a: Great Tusk
|-damage|p2a: Great Tusk|88/100
|-enditem|p2a: Great Tusk|Leftovers|[from] move: Knock Off|[of] p1a: Iron Treads
|move|p2a: Great Tusk|Stealth Rock|p1a: Iron Treads
|-sidestart|p1: comeonilikechoco|move: Stealth Rock
|
|upkeep
|turn|4
|
|t:|1779902638
|move|p1a: Iron Treads|Rapid Spin|p2a: Great Tusk
|-damage|p2a: Great Tusk|79/100
|-boost|p1a: Iron Treads|spe|1
|-sideend|p1: comeonilikechoco|Stealth Rock|[from] move: Rapid Spin|[of] p1a: Iron Treads
|move|p2a: Great Tusk|Headlong Rush|p1a: Iron Treads
|-supereffective|p1a: Iron Treads
|-damage|p1a: Iron Treads|0 fnt
|-unboost|p2a: Great Tusk|def|1
|-unboost|p2a: Great Tusk|spd|1
|faint|p1a: Iron Treads
|-end|p1a: Iron Treads|Quark Drive|[silent]
|
|upkeep
|
|t:|1779902653
|switch|p1a: Ogerpon|Ogerpon-Wellspring, F|100/100
|turn|5
|
|t:|1779902670
|-end|p2a: Great Tusk|Protosynthesis|[silent]
|switch|p2a: Slowking|Slowking-Galar, F|100/100
|move|p1a: Ogerpon|Ivy Cudgel|p2a: Slowking|[anim] Ivy Cudgel Water
|-damage|p2a: Slowking|41/100
|
|upkeep
|turn|6
|
|t:|1779902678
|move|p1a: Ogerpon|Ivy Cudgel|p2a: Slowking|[anim] Ivy Cudgel Water
|-damage|p2a: Slowking|0 fnt
|faint|p2a: Slowking
|
|upkeep
|
|t:|1779902681
|switch|p2a: Kyurem|Kyurem|100/100
|-ability|p2a: Kyurem|Pressure
|turn|7
|
|t:|1779902687
|switch|p1a: Kingambit|Kingambit, F|100/100
|-activate|p1a: Kingambit|ability: Supreme Overlord
|-start|p1a: Kingambit|fallen1|[silent]
|move|p2a: Kyurem|Freeze-Dry|p1a: Kingambit
|-resisted|p1a: Kingambit
|-damage|p1a: Kingambit|71/100
|
|-heal|p1a: Kingambit|78/100|[from] item: Leftovers
|upkeep
|turn|8
|
|t:|1779902700
|switch|p2a: Alomomola|Alomomola, F|100/100
|move|p1a: Kingambit|Low Kick|p2a: Alomomola
|-damage|p2a: Alomomola|85/100
|
|-heal|p1a: Kingambit|84/100|[from] item: Leftovers
|-heal|p2a: Alomomola|92/100|[from] item: Leftovers
|upkeep
|turn|9
|
|t:|1779902706
|-end|p1a: Kingambit|fallen1|[silent]
|switch|p1a: Ogerpon|Ogerpon-Wellspring, F|100/100
|move|p2a: Alomomola|Flip Turn|p1a: Ogerpon
|-immune|p1a: Ogerpon|[from] ability: Water Absorb
|
|-heal|p2a: Alomomola|98/100|[from] item: Leftovers
|upkeep
|turn|10
|
|t:|1779902717
|switch|p2a: Kingambit|Kingambit, M|100/100
|-activate|p2a: Kingambit|ability: Supreme Overlord
|-start|p2a: Kingambit|fallen1|[silent]
|move|p1a: Ogerpon|Substitute|p1a: Ogerpon
|-start|p1a: Ogerpon|Substitute
|-damage|p1a: Ogerpon|76/100
|
|upkeep
|turn|11
|
|t:|1779902723
|move|p1a: Ogerpon|Ivy Cudgel|p2a: Kingambit|[anim] Ivy Cudgel Water
|-damage|p2a: Kingambit|57/100
|move|p2a: Kingambit|Kowtow Cleave|p1a: Ogerpon
|-end|p1a: Ogerpon|Substitute
|
|-heal|p2a: Kingambit|63/100|[from] item: Leftovers
|upkeep
|turn|12
|
|t:|1779902730
|switch|p1a: Zamazenta|Zamazenta|100/100
|-ability|p1a: Zamazenta|Dauntless Shield|boost
|-boost|p1a: Zamazenta|def|1
|move|p2a: Kingambit|Kowtow Cleave|p1a: Zamazenta
|-resisted|p1a: Zamazenta
|-damage|p1a: Zamazenta|86/100
|
|-heal|p2a: Kingambit|69/100|[from] item: Leftovers
|upkeep
|turn|13
|
|t:|1779902756
|-end|p2a: Kingambit|fallen1|[silent]
|switch|p2a: Kyurem|Kyurem|100/100
|-ability|p2a: Kyurem|Pressure
|move|p1a: Zamazenta|Light Screen|p1a: Zamazenta
|-sidestart|p1: comeonilikechoco|move: Light Screen
|
|upkeep
|turn|14
|
|t:|1779902774
|move|p1a: Zamazenta|Close Combat|p2a: Kyurem
|-supereffective|p2a: Kyurem
|-damage|p2a: Kyurem|14/100
|-unboost|p1a: Zamazenta|def|1
|-unboost|p1a: Zamazenta|spd|1
|move|p2a: Kyurem|Ice Beam|p1a: Zamazenta
|-damage|p1a: Zamazenta|42/100
|
|upkeep
|turn|15
|
|t:|1779902784
|switch|p2a: Alomomola|Alomomola, F|100/100
|move|p1a: Zamazenta|Close Combat|p2a: Alomomola
|-damage|p2a: Alomomola|72/100
|-unboost|p1a: Zamazenta|def|1
|-unboost|p1a: Zamazenta|spd|1
|
|-heal|p2a: Alomomola|79/100|[from] item: Leftovers
|upkeep
|turn|16
|
|t:|1779902797
|switch|p1a: Ogerpon|Ogerpon-Wellspring, F|76/100
|move|p2a: Alomomola|Scald|p1a: Ogerpon
|-heal|p1a: Ogerpon|100/100|[from] ability: Water Absorb|[of] p2a: Alomomola
|
|-heal|p2a: Alomomola|85/100|[from] item: Leftovers
|upkeep
|turn|17
|
|t:|1779902806
|move|p1a: Ogerpon|Substitute|p1a: Ogerpon
|-start|p1a: Ogerpon|Substitute
|-damage|p1a: Ogerpon|76/100
|move|p2a: Alomomola|Wish|p2a: Alomomola
|
|-heal|p2a: Alomomola|91/100|[from] item: Leftovers
|upkeep
|turn|18
|
|t:|1779902814
|switch|p2a: Kingambit|Kingambit, M|69/100
|-activate|p2a: Kingambit|ability: Supreme Overlord
|-start|p2a: Kingambit|fallen1|[silent]
|move|p1a: Ogerpon|Swords Dance|p1a: Ogerpon
|-boost|p1a: Ogerpon|atk|2
|
|-heal|p2a: Kingambit|100/100|[from] move: Wish|[wisher] Alomomola
|upkeep
|turn|19
|
|t:|1779902821
|move|p1a: Ogerpon|Ivy Cudgel|p2a: Kingambit|[anim] Ivy Cudgel Water
|-damage|p2a: Kingambit|7/100
|move|p2a: Kingambit|Kowtow Cleave|p1a: Ogerpon
|-end|p1a: Ogerpon|Substitute
|
|-heal|p2a: Kingambit|13/100|[from] item: Leftovers
|upkeep
|turn|20
|
|t:|1779902830
|move|p2a: Kingambit|Sucker Punch||[still]
|-fail|p2a: Kingambit
|move|p1a: Ogerpon|Substitute|p1a: Ogerpon
|-start|p1a: Ogerpon|Substitute
|-damage|p1a: Ogerpon|51/100
|
|-heal|p2a: Kingambit|19/100|[from] item: Leftovers
|-sideend|p1: comeonilikechoco|move: Light Screen
|upkeep
|turn|21
|
|t:|1779902839
|move|p2a: Kingambit|Sucker Punch|p1a: Ogerpon
|-end|p1a: Ogerpon|Substitute
|move|p1a: Ogerpon|Horn Leech|p2a: Kingambit
|-resisted|p2a: Kingambit
|-damage|p2a: Kingambit|0 fnt
|-heal|p1a: Ogerpon|63/100|[from] drain|[of] p2a: Kingambit
|faint|p2a: Kingambit
|-end|p2a: Kingambit|fallen1|[silent]
|
|upkeep
|
|t:|1779902845
|switch|p2a: Mienshao|Mienshao, M|100/100
|turn|22
|
|t:|1779902852
|move|p2a: Mienshao|U-turn|p1a: Ogerpon
|-supereffective|p1a: Ogerpon
|-crit|p1a: Ogerpon
|-damage|p1a: Ogerpon|0 fnt
|faint|p1a: Ogerpon
|
|t:|1779902859
|switch|p2a: Alomomola|Alomomola, F|100/100|[from] U-turn
|
|upkeep
|
|t:|1779902869
|switch|p1a: Dragapult|Dragapult, F|100/100
|turn|23
|
|t:|1779902875
|move|p1a: Dragapult|Substitute|p1a: Dragapult
|-start|p1a: Dragapult|Substitute
|-damage|p1a: Dragapult|76/100
|move|p2a: Alomomola|Wish|p2a: Alomomola
|
|-heal|p1a: Dragapult|82/100|[from] item: Leftovers
|upkeep
|turn|24
|
|t:|1779902880
|move|p1a: Dragapult|Dragon Dance|p1a: Dragapult
|-boost|p1a: Dragapult|atk|1
|-boost|p1a: Dragapult|spe|1
|move|p2a: Alomomola|Flip Turn|p1a: Dragapult
|-resisted|p1a: Dragapult
|-activate|p1a: Dragapult|move: Substitute|[damage]
|
|t:|1779902884
|switch|p2a: Kyurem|Kyurem|14/100|[from] Flip Turn
|-ability|p2a: Kyurem|Pressure
|
|-heal|p2a: Kyurem|75/100|[from] move: Wish|[wisher] Alomomola
|-heal|p1a: Dragapult|88/100|[from] item: Leftovers
|upkeep
|turn|25
|
|t:|1779902894
|move|p1a: Dragapult|Dragon Dance|p1a: Dragapult
|-boost|p1a: Dragapult|atk|1
|-boost|p1a: Dragapult|spe|1
|move|p2a: Kyurem|Ice Beam|p1a: Dragapult
|-supereffective|p1a: Dragapult
|-end|p1a: Dragapult|Substitute
|
|-heal|p1a: Dragapult|94/100|[from] item: Leftovers
|upkeep
|turn|26
|
|t:|1779902902
|-terastallize|p2a: Kyurem|Fairy
|move|p1a: Dragapult|Dragon Darts|p2a: Kyurem
|-immune|p2a: Kyurem
|move|p2a: Kyurem|Ice Beam|p1a: Dragapult
|-supereffective|p1a: Dragapult
|-damage|p1a: Dragapult|0 fnt
|faint|p1a: Dragapult
|
|upkeep
|
|t:|1779902907
|switch|p1a: Kingambit|Kingambit, F|84/100
|-activate|p1a: Kingambit|ability: Supreme Overlord
|-start|p1a: Kingambit|fallen3|[silent]
|turn|27
|
|t:|1779902915
|switch|p2a: Alomomola|Alomomola, F|100/100
|move|p1a: Kingambit|Iron Head|p2a: Alomomola
|-resisted|p2a: Alomomola
|-crit|p2a: Alomomola
|-damage|p2a: Alomomola|72/100
|
|-heal|p1a: Kingambit|90/100|[from] item: Leftovers
|-heal|p2a: Alomomola|79/100|[from] item: Leftovers
|upkeep
|turn|28
|
|t:|1779902922
|-end|p1a: Kingambit|fallen3|[silent]
|switch|p1a: Pecharunt|Pecharunt|100/100
|move|p2a: Alomomola|Flip Turn|p1a: Pecharunt
|-damage|p1a: Pecharunt|92/100
|
|t:|1779902934
|switch|p2a: Great Tusk|Great Tusk|79/100|[from] Flip Turn
|
|-heal|p1a: Pecharunt|98/100|[from] item: Leftovers
|upkeep
|turn|29
|
|t:|1779902942
|switch|p1a: Zamazenta|Zamazenta|42/100
|move|p2a: Great Tusk|Headlong Rush|p1a: Zamazenta
|-damage|p1a: Zamazenta|0 fnt
|-unboost|p2a: Great Tusk|def|1
|-unboost|p2a: Great Tusk|spd|1
|faint|p1a: Zamazenta
|
|upkeep
|
|t:|1779902949
|switch|p1a: Pecharunt|Pecharunt|98/100
|turn|30
|
|t:|1779902958
|move|p1a: Pecharunt|Shadow Ball|p2a: Great Tusk
|-damage|p2a: Great Tusk|31/100
|-unboost|p2a: Great Tusk|spd|1
|move|p2a: Great Tusk|Headlong Rush|p1a: Pecharunt
|-supereffective|p1a: Pecharunt
|-damage|p1a: Pecharunt|25/100
|-unboost|p2a: Great Tusk|def|1
|-unboost|p2a: Great Tusk|spd|1
|
|-heal|p1a: Pecharunt|31/100|[from] item: Leftovers
|upkeep
|turn|31
|
|t:|1779902973
|-end|p2a: Great Tusk|Protosynthesis|[silent]
|switch|p2a: Alomomola|Alomomola, F|100/100
|move|p1a: Pecharunt|Malignant Chain|p2a: Alomomola
|-damage|p2a: Alomomola|72/100
|-status|p2a: Alomomola|tox
|-start|p2a: Alomomola|confusion|[from] ability: Poison Puppeteer|[of] p1a: Pecharunt
|
|-heal|p1a: Pecharunt|37/100|[from] item: Leftovers
|-heal|p2a: Alomomola|78/100 tox|[from] item: Leftovers
|-damage|p2a: Alomomola|72/100 tox|[from] psn
|upkeep
|turn|32
|
|t:|1779902986
|move|p1a: Pecharunt|Nasty Plot|p1a: Pecharunt
|-boost|p1a: Pecharunt|spa|2
|-activate|p2a: Alomomola|confusion
|-damage|p2a: Alomomola|67/100 tox|[from] confusion
|
|-heal|p1a: Pecharunt|43/100|[from] item: Leftovers
|-heal|p2a: Alomomola|74/100 tox|[from] item: Leftovers
|-damage|p2a: Alomomola|61/100 tox|[from] psn
|upkeep
|turn|33
|
|t:|1779902991
|move|p1a: Pecharunt|Malignant Chain|p2a: Alomomola
|-damage|p2a: Alomomola|4/100 tox
|-activate|p2a: Alomomola|confusion
|move|p2a: Alomomola|Flip Turn|p1a: Pecharunt
|-damage|p1a: Pecharunt|33/100
|
|t:|1779903002
|switch|p2a: Kyurem|Kyurem, tera:Fairy|75/100|[from] Flip Turn
|-ability|p2a: Kyurem|Pressure
|
|-heal|p1a: Pecharunt|39/100|[from] item: Leftovers
|upkeep
|turn|34
|
|t:|1779903007
|move|p2a: Kyurem|Earth Power|p1a: Pecharunt
|-supereffective|p1a: Pecharunt
|-damage|p1a: Pecharunt|0 fnt
|faint|p1a: Pecharunt
|
|upkeep
|
|t:|1779903010
|switch|p1a: Kingambit|Kingambit, F|90/100
|-activate|p1a: Kingambit|ability: Supreme Overlord
|-start|p1a: Kingambit|fallen5|[silent]
|turn|35
|
|t:|1779903029
|-terastallize|p1a: Kingambit|Fighting
|move|p2a: Kyurem|Earth Power|p1a: Kingambit
|-damage|p1a: Kingambit|33/100
|move|p1a: Kingambit|Iron Head|p2a: Kyurem
|-supereffective|p2a: Kyurem
|-damage|p2a: Kyurem|0 fnt
|faint|p2a: Kyurem
|
|-heal|p1a: Kingambit|39/100|[from] item: Leftovers
|upkeep
|
|t:|1779903038
|switch|p2a: Mienshao|Mienshao, M|100/100
|turn|36
|
|t:|1779903048
|move|p1a: Kingambit|Sucker Punch|p2a: Mienshao
|-resisted|p2a: Mienshao
|-damage|p2a: Mienshao|46/100
|move|p2a: Mienshao|Close Combat|p1a: Kingambit
|-damage|p1a: Kingambit|0 fnt
|-unboost|p2a: Mienshao|def|1
|-unboost|p2a: Mienshao|spd|1
|faint|p1a: Kingambit
|-end|p1a: Kingambit|fallen5|[silent]
|
|win|nicilynoc
|raw|comeonilikechoco's rating: 1328 &rarr; <strong>1307</strong><br />(-21 for losing)
|raw|nicilynoc's rating: 1305 &rarr; <strong>1326</strong><br />(+21 for winning)
|l|☆comeonilikechoco
|player|p1|
|l|☆nicilynoc
|player|p2|
