|j|☆Yey_97
|j|☆prakshep
|t:|1779910086
|gametype|singles
|player|p1|Yey_97|170|1468
|player|p2|prakshep|nate|1490
|gen|9
|tier|[Gen 9] OU
|rated|
|rule|HP Percentage Mod: HP is shown in percentages
|rule|Endless Battle Clause: Forcing endless battles is banned
|rule|Species Clause: Limit one of each Pokémon
|rule|OHKO Clause: OHKO moves are banned
|rule|Evasion Items Clause: Evasion items are banned
|rule|Evasion Moves Clause: Evasion moves are banned
|rule|Evasion Abilities Clause: Evasion abilities are banned
|rule|Sleep Moves Clause: Sleep-inducing moves are banned
|clearpoke
|poke|p1|Great Tusk|
|poke|p1|Gholdengo|
|poke|p1|Iron Valiant|
|poke|p1|Skeledirge, M|
|poke|p1|Gliscor, M|
|poke|p1|Toxapex, F|
|poke|p2|Cinderace, M|
|poke|p2|Polteageist-Antique|
|poke|p2|Walking Wake|
|poke|p2|Zamazenta-*|
|poke|p2|Maushold-Four|
|poke|p2|Glimmora, M|
|teampreview
|inactive|Battle timer is ON: inactive players will automatically lose when time's up. (requested by Yey_97)
|
|t:|1779910091
|teamsize|p1|6
|teamsize|p2|6
|start
|switch|p1a: Toxapex|Toxapex, F|100/100
|switch|p2a: Cinderace|Cinderace, M, shiny|100/100
|turn|1
|
|t:|1779910099
|move|p2a: Cinderace|High Jump Kick|p1a: Toxapex
|-start|p2a: Cinderace|typechange|Fighting|[from] ability: Libero
|-resisted|p1a: Toxapex
|-damage|p1a: Toxapex|76/100
|move|p1a: Toxapex|Surf|p2a: Cinderace
|-damage|p2a: Cinderace|59/100
|
|upkeep
|turn|2
|
|t:|1779910106
|switch|p2a: Glimmora|Glimmora, M, shiny|100/100
|move|p1a: Toxapex|Recover|p1a: Toxapex
|-heal|p1a: Toxapex|100/100
|
|upkeep
|turn|3
|
|t:|1779910111
|move|p2a: Glimmora|Rock Polish|p2a: Glimmora
|-boost|p2a: Glimmora|spe|2
|move|p1a: Toxapex|Surf|p2a: Glimmora
|-supereffective|p2a: Glimmora
|-damage|p2a: Glimmora|30/100
|
|upkeep
|turn|4
|
|t:|1779910115
|move|p2a: Glimmora|Meteor Beam||[still]
|-prepare|p2a: Glimmora|Meteor Beam
|-boost|p2a: Glimmora|spa|1
|-enditem|p2a: Glimmora|Power Herb
|-anim|p2a: Glimmora|Meteor Beam|p1a: Toxapex
|-damage|p1a: Toxapex|29/100
|move|p1a: Toxapex|Surf|p2a: Glimmora
|-supereffective|p2a: Glimmora
|-damage|p2a: Glimmora|0 fnt
|faint|p2a: Glimmora
|
|upkeep
|
|t:|1779910124
|switch|p2a: Walking Wake|Walking Wake|100/100
|-enditem|p2a: Walking Wake|Booster Energy
|-activate|p2a: Walking Wake|ability: Protosynthesis|[fromitem]
|-start|p2a: Walking Wake|protosynthesisspa
|turn|5
|
|t:|1779910129
|switch|p1a: Gholdengo|Gholdengo|100/100
|move|p2a: Walking Wake|Hurricane|p1a: Gholdengo|[miss]
|-miss|p2a: Walking Wake|p1a: Gholdengo
|
|upkeep
|turn|6
|
|t:|1779910143
|move|p1a: Gholdengo|Trick|p2a: Walking Wake
|-activate|p1a: Gholdengo|move: Trick|[of] p2a: Walking Wake
|-item|p2a: Walking Wake|Choice Scarf|[from] move: Trick
|-enditem|p1a: Gholdengo|Choice Scarf|[silent]|[from] move: Trick
|move|p2a: Walking Wake|Hydro Steam|p1a: Gholdengo
|-damage|p1a: Gholdengo|40/100
|
|upkeep
|turn|7
|
|t:|1779910152
|switch|p1a: Toxapex|Toxapex, F|63/100
|move|p2a: Walking Wake|Hydro Steam|p1a: Toxapex
|-resisted|p1a: Toxapex
|-damage|p1a: Toxapex|42/100
|
|upkeep
|turn|8
|
|t:|1779910157
|move|p2a: Walking Wake|Hydro Steam|p1a: Toxapex
|-resisted|p1a: Toxapex
|-damage|p1a: Toxapex|20/100
|move|p1a: Toxapex|Recover|p1a: Toxapex
|-heal|p1a: Toxapex|70/100
|
|upkeep
|turn|9
|
|t:|1779910163
|-end|p2a: Walking Wake|Protosynthesis|[silent]
|switch|p2a: Cinderace|Cinderace, M, shiny|59/100
|move|p1a: Toxapex|Recover|p1a: Toxapex
|-heal|p1a: Toxapex|100/100
|
|upkeep
|turn|10
|
|t:|1779910171
|switch|p2a: Walking Wake|Walking Wake|100/100
|move|p1a: Toxapex|Surf|p2a: Walking Wake
|-resisted|p2a: Walking Wake
|-damage|p2a: Walking Wake|91/100
|
|upkeep
|turn|11
|
|t:|1779910175
|move|p2a: Walking Wake|Draco Meteor|p1a: Toxapex
|-damage|p1a: Toxapex|50/100
|-unboost|p2a: Walking Wake|spa|2
|move|p1a: Toxapex|Recover|p1a: Toxapex
|-heal|p1a: Toxapex|99/100
|
|upkeep
|turn|12
|
|t:|1779910187
|-end|p2a: Walking Wake|Protosynthesis|[silent]
|switch|p2a: Cinderace|Cinderace, M, shiny|59/100
|move|p1a: Toxapex|Infestation|p2a: Cinderace
|-resisted|p2a: Cinderace
|-damage|p2a: Cinderace|56/100
|-activate|p2a: Cinderace|move: Infestation|[of] p1a: Toxapex
|
|-damage|p2a: Cinderace|44/100|[from] move: Infestation|[partiallytrapped]
|upkeep
|turn|13
|
|t:|1779910192
|move|p2a: Cinderace|High Jump Kick|p1a: Toxapex
|-start|p2a: Cinderace|typechange|Fighting|[from] ability: Libero
|-resisted|p1a: Toxapex
|-damage|p1a: Toxapex|75/100
|move|p1a: Toxapex|Infestation|p2a: Cinderace
|-resisted|p2a: Cinderace
|-damage|p2a: Cinderace|40/100
|
|-damage|p2a: Cinderace|28/100|[from] move: Infestation|[partiallytrapped]
|upkeep
|turn|14
|
|t:|1779910199
|move|p2a: Cinderace|High Jump Kick|p1a: Toxapex
|-resisted|p1a: Toxapex
|-damage|p1a: Toxapex|50/100
|move|p1a: Toxapex|Recover|p1a: Toxapex
|-heal|p1a: Toxapex|99/100
|
|-damage|p2a: Cinderace|16/100|[from] move: Infestation|[partiallytrapped]
|upkeep
|turn|15
|
|t:|1779910204
|move|p2a: Cinderace|High Jump Kick|p1a: Toxapex
|-resisted|p1a: Toxapex
|-damage|p1a: Toxapex|76/100
|move|p1a: Toxapex|Infestation|p2a: Cinderace
|-resisted|p2a: Cinderace
|-damage|p2a: Cinderace|12/100
|
|-damage|p2a: Cinderace|0 fnt|[from] move: Infestation|[partiallytrapped]
|faint|p2a: Cinderace
|upkeep
|
|t:|1779910210
|switch|p2a: Maushold|Maushold-Four, shiny|100/100
|turn|16
|
|t:|1779910215
|switch|p1a: Gholdengo|Gholdengo|40/100
|move|p2a: Maushold|Tidy Up|p2a: Maushold
|-boost|p2a: Maushold|atk|1
|-boost|p2a: Maushold|spe|1
|
|upkeep
|turn|17
|
|t:|1779910226
|move|p2a: Maushold|Bite|p1a: Gholdengo
|-supereffective|p1a: Gholdengo
|-damage|p1a: Gholdengo|0 fnt
|faint|p1a: Gholdengo
|
|upkeep
|
|t:|1779910228
|switch|p1a: Skeledirge|Skeledirge, M|100/100
|turn|18
|l|☆prakshep
|inactive|prakshep disconnected and has a minute to reconnect!
|player|p2|
|j|☆prakshep
|inactive|prakshep reconnected and has 130 seconds left.
|player|p2|prakshep|nate|
|
|t:|1779910254
|switch|p2a: Walking Wake|Walking Wake|91/100
|move|p1a: Skeledirge|Will-O-Wisp|p2a: Walking Wake
|-status|p2a: Walking Wake|brn
|
|-damage|p2a: Walking Wake|85/100 brn|[from] brn
|upkeep
|turn|19
|
|t:|1779910264
|switch|p1a: Toxapex|Toxapex, F|100/100
|move|p2a: Walking Wake|Hurricane|p1a: Toxapex|[miss]
|-miss|p2a: Walking Wake|p1a: Toxapex
|
|-damage|p2a: Walking Wake|79/100 brn|[from] brn
|upkeep
|turn|20
|
|t:|1779910267
|move|p2a: Walking Wake|Hurricane|p1a: Toxapex
|-damage|p1a: Toxapex|70/100
|move|p1a: Toxapex|Infestation|p2a: Walking Wake
|-damage|p2a: Walking Wake|73/100 brn
|-activate|p2a: Walking Wake|move: Infestation|[of] p1a: Toxapex
|
|-damage|p2a: Walking Wake|67/100 brn|[from] brn
|-damage|p2a: Walking Wake|55/100 brn|[from] move: Infestation|[partiallytrapped]
|upkeep
|turn|21
|
|t:|1779910270
|move|p2a: Walking Wake|Hurricane|p1a: Toxapex|[miss]
|-miss|p2a: Walking Wake|p1a: Toxapex
|move|p1a: Toxapex|Recover|p1a: Toxapex
|-heal|p1a: Toxapex|100/100
|
|-damage|p2a: Walking Wake|49/100 brn|[from] brn
|-damage|p2a: Walking Wake|36/100 brn|[from] move: Infestation|[partiallytrapped]
|upkeep
|turn|22
|
|t:|1779910272
|move|p2a: Walking Wake|Hurricane|p1a: Toxapex
|-damage|p1a: Toxapex|69/100
|move|p1a: Toxapex|Sludge Bomb|p2a: Walking Wake
|-damage|p2a: Walking Wake|2/100 brn
|
|-damage|p2a: Walking Wake|0 fnt|[from] brn
|faint|p2a: Walking Wake
|-end|p2a: Walking Wake|Protosynthesis|[silent]
|upkeep
|
|t:|1779910279
|switch|p2a: Maushold|Maushold-Four, shiny|100/100
|turn|23
|
|t:|1779910281
|switch|p1a: Skeledirge|Skeledirge, M|100/100
|move|p2a: Maushold|Population Bomb|p1a: Skeledirge
|-immune|p1a: Skeledirge
|
|upkeep
|turn|24
|
|t:|1779910288
|switch|p2a: Polteageist|Polteageist-Antique|100/100
|move|p1a: Skeledirge|Will-O-Wisp|p2a: Polteageist
|-status|p2a: Polteageist|brn
|
|-damage|p2a: Polteageist|94/100 brn|[from] brn
|upkeep
|turn|25
|
|t:|1779910296
|switch|p1a: Gliscor|Gliscor, M|100/100
|move|p2a: Polteageist|Shadow Ball|p1a: Gliscor
|-damage|p1a: Gliscor|63/100
|
|-damage|p2a: Polteageist|88/100 brn|[from] brn
|-status|p1a: Gliscor|tox|[from] item: Toxic Orb
|upkeep
|turn|26
|
|t:|1779910302
|-terastallize|p2a: Polteageist|Grass
|move|p2a: Polteageist|Shell Smash|p2a: Polteageist
|-unboost|p2a: Polteageist|def|1
|-unboost|p2a: Polteageist|spd|1
|-boost|p2a: Polteageist|atk|2
|-boost|p2a: Polteageist|spa|2
|-boost|p2a: Polteageist|spe|2
|move|p1a: Gliscor|Taunt|p2a: Polteageist
|-start|p2a: Polteageist|move: Taunt
|
|-heal|p1a: Gliscor|75/100 tox|[from] ability: Poison Heal
|-damage|p2a: Polteageist|82/100 brn|[from] brn
|upkeep
|turn|27
|
|t:|1779910310
|move|p1a: Gliscor|Protect|p1a: Gliscor
|-singleturn|p1a: Gliscor|Protect
|move|p2a: Polteageist|Giga Drain|p1a: Gliscor
|-activate|p1a: Gliscor|move: Protect
|
|-heal|p1a: Gliscor|88/100 tox|[from] ability: Poison Heal
|-damage|p2a: Polteageist|76/100 brn|[from] brn
|upkeep
|turn|28
|
|t:|1779910327
|switch|p1a: Skeledirge|Skeledirge, M|100/100
|move|p2a: Polteageist|Shadow Ball|p1a: Skeledirge
|-supereffective|p1a: Skeledirge
|-damage|p1a: Skeledirge|0 fnt
|faint|p1a: Skeledirge
|
|-damage|p2a: Polteageist|70/100 brn|[from] brn
|upkeep
|
|t:|1779910334
|switch|p1a: Iron Valiant|Iron Valiant|100/100
|-enditem|p1a: Iron Valiant|Booster Energy
|-activate|p1a: Iron Valiant|ability: Quark Drive|[fromitem]
|-start|p1a: Iron Valiant|quarkdrivespe
|turn|29
|
|t:|1779910339
|move|p1a: Iron Valiant|Close Combat|p2a: Polteageist
|-damage|p2a: Polteageist|0 fnt
|-unboost|p1a: Iron Valiant|def|1
|-unboost|p1a: Iron Valiant|spd|1
|faint|p2a: Polteageist
|
|upkeep
|
|t:|1779910346
|switch|p2a: Zamazenta|Zamazenta, shiny|100/100
|-ability|p2a: Zamazenta|Dauntless Shield|boost
|-boost|p2a: Zamazenta|def|1
|turn|30
|
|t:|1779910351
|move|p1a: Iron Valiant|Swords Dance|p1a: Iron Valiant
|-boost|p1a: Iron Valiant|atk|2
|move|p2a: Zamazenta|Heavy Slam|p1a: Iron Valiant
|-supereffective|p1a: Iron Valiant
|-damage|p1a: Iron Valiant|0 fnt
|faint|p1a: Iron Valiant
|-end|p1a: Iron Valiant|Quark Drive|[silent]
|
|upkeep
|
|t:|1779910356
|switch|p1a: Toxapex|Toxapex, F|100/100
|turn|31
|
|t:|1779910362
|switch|p2a: Maushold|Maushold-Four, shiny|100/100
|move|p1a: Toxapex|Surf|p2a: Maushold
|-damage|p2a: Maushold|60/100
|
|upkeep
|turn|32
|
|t:|1779910367
|move|p2a: Maushold|Population Bomb|p1a: Toxapex
|-damage|p1a: Toxapex|92/100
|-damage|p1a: Toxapex|83/100
|-damage|p1a: Toxapex|75/100
|-damage|p1a: Toxapex|65/100
|-damage|p1a: Toxapex|56/100
|-damage|p1a: Toxapex|47/100
|-crit|p1a: Toxapex
|-damage|p1a: Toxapex|34/100
|-damage|p1a: Toxapex|25/100
|-crit|p1a: Toxapex
|-damage|p1a: Toxapex|11/100
|-damage|p1a: Toxapex|2/100
|-hitcount|p1a: Toxapex|10
|move|p1a: Toxapex|Sludge Bomb|p2a: Maushold
|-crit|p2a: Maushold
|-damage|p2a: Maushold|0 fnt
|faint|p2a: Maushold
|
|upkeep
|
|t:|1779910371
|switch|p2a: Zamazenta|Zamazenta, shiny|100/100
|turn|33
|
|t:|1779910376
|switch|p1a: Gliscor|Gliscor, M|88/100 tox
|move|p2a: Zamazenta|Crunch|p1a: Gliscor
|-damage|p1a: Gliscor|70/100 tox
|
|-heal|p1a: Gliscor|82/100 tox|[from] ability: Poison Heal
|upkeep
|turn|34
|
|t:|1779910381
|move|p2a: Zamazenta|Iron Defense|p2a: Zamazenta
|-boost|p2a: Zamazenta|def|2
|move|p1a: Gliscor|Knock Off|p2a: Zamazenta
|-resisted|p2a: Zamazenta
|-damage|p2a: Zamazenta|96/100
|-enditem|p2a: Zamazenta|Leftovers|[from] move: Knock Off|[of] p1a: Gliscor
|
|-heal|p1a: Gliscor|95/100 tox|[from] ability: Poison Heal
|upkeep
|turn|35
|
|t:|1779910386
|move|p2a: Zamazenta|Iron Defense|p2a: Zamazenta
|-boost|p2a: Zamazenta|def|2
|move|p1a: Gliscor|Taunt|p2a: Zamazenta
|-start|p2a: Zamazenta|move: Taunt
|
|-heal|p1a: Gliscor|100/100 tox|[from] ability: Poison Heal
|upkeep
|turn|36
|
|t:|1779910390
|switch|p1a: Great Tusk|Great Tusk|100/100
|move|p2a: Zamazenta|Crunch|p1a: Great Tusk
|-resisted|p1a: Great Tusk
|-damage|p1a: Great Tusk|93/100
|
|upkeep
|turn|37
|
|t:|1779910393
|move|p2a: Zamazenta|Body Press|p1a: Great Tusk
|-damage|p1a: Great Tusk|13/100
|move|p1a: Great Tusk|Headlong Rush|p2a: Zamazenta
|-damage|p2a: Zamazenta|79/100
|-unboost|p1a: Great Tusk|def|1
|-unboost|p1a: Great Tusk|spd|1
|
|upkeep
|turn|38
|
|t:|1779910398
|move|p2a: Zamazenta|Body Press|p1a: Great Tusk
|-damage|p1a: Great Tusk|0 fnt
|faint|p1a: Great Tusk
|-end|p1a: Great Tusk|Protosynthesis|[silent]
|
|-end|p2a: Zamazenta|move: Taunt
|upkeep
|
|t:|1779910402
|switch|p1a: Toxapex|Toxapex, F|35/100
|turn|39
|
|t:|1779910408
|move|p2a: Zamazenta|Iron Defense|p2a: Zamazenta
|-boost|p2a: Zamazenta|def|2
|move|p1a: Toxapex|Recover|p1a: Toxapex
|-heal|p1a: Toxapex|85/100
|
|upkeep
|turn|40
|
|t:|1779910410
|move|p2a: Zamazenta|Body Press|p1a: Toxapex
|-resisted|p1a: Toxapex
|-damage|p1a: Toxapex|29/100
|move|p1a: Toxapex|Infestation|p2a: Zamazenta
|-resisted|p2a: Zamazenta
|-damage|p2a: Zamazenta|77/100
|-activate|p2a: Zamazenta|move: Infestation|[of] p1a: Toxapex
|
|-damage|p2a: Zamazenta|65/100|[from] move: Infestation|[partiallytrapped]
|upkeep
|turn|41
|
|t:|1779910415
|move|p2a: Zamazenta|Body Press|p1a: Toxapex
|-resisted|p1a: Toxapex
|-damage|p1a: Toxapex|0 fnt
|faint|p1a: Toxapex
|
|-end|p2a: Zamazenta|Infestation|[partiallytrapped]|[silent]
|upkeep
|
|t:|1779910417
|switch|p1a: Gliscor|Gliscor, M|100/100 tox
|turn|42
|
|t:|1779910420
|move|p2a: Zamazenta|Body Press|p1a: Gliscor
|-resisted|p1a: Gliscor
|-damage|p1a: Gliscor|36/100 tox
|move|p1a: Gliscor|Knock Off|p2a: Zamazenta
|-resisted|p2a: Zamazenta
|-damage|p2a: Zamazenta|64/100
|
|-heal|p1a: Gliscor|48/100 tox|[from] ability: Poison Heal
|upkeep
|turn|43
|
|t:|1779910423
|move|p2a: Zamazenta|Body Press|p1a: Gliscor
|-resisted|p1a: Gliscor
|-damage|p1a: Gliscor|0 fnt
|faint|p1a: Gliscor
|
|win|prakshep
|raw|Yey_97's rating: 1468 &rarr; <strong>1450</strong><br />(-18 for losing)
|raw|prakshep's rating: 1508 &rarr; <strong>1526</strong><br />(+18 for winning)
|l|☆Yey_97
|player|p1|
|l|☆prakshep
|player|p2|
