|j|☆shff as kaito
|j|☆lolman1111
|t:|1779899391
|gametype|singles
|player|p1|shff as kaito|gambler|1118
|player|p2|lolman1111|gentleman-gen4|1205
|gen|9
|tier|[Gen 9] OU
|rated|
|rule|HP Percentage Mod: HP is shown in percentages
|rule|Endless Battle Clause: Forcing endless battles is banned
|rule|Species Clause: Limit one of each Pokémon
|rule|OHKO Clause: OHKO moves are banned
|rule|Evasion Items Clause: Evasion items are banned
|rule|Evasion Moves Clause: Evasion moves are banned
|rule|Evasion Abilities Clause: Evasion abilities are banned
|rule|Sleep Moves Clause: Sleep-inducing moves are banned
|clearpoke
|poke|p1|Corviknight, F|
|poke|p1|Swampert, F|
|poke|p1|Skeledirge, M|
|poke|p1|Gholdengo|
|poke|p1|Iron Valiant|
|poke|p1|Kingambit, F|
|poke|p2|Hoopa|
|poke|p2|Scizor, F|
|poke|p2|Greninja-*, M|
|poke|p2|Tauros, M|
|poke|p2|Samurott-Hisui, F|
|teampreview
|
|t:|1779899402
|teamsize|p1|6
|teamsize|p2|5
|start
|switch|p1a: Corviknight|Corviknight, F|100/100
|switch|p2a: Samurott|Samurott-Hisui, F|100/100
|-ability|p1a: Corviknight|Pressure
|turn|1
|
|t:|1779899426
|move|p2a: Samurott|Ceaseless Edge|p1a: Corviknight
|-damage|p1a: Corviknight|61/100
|-sidestart|p1: shff as kaito|Spikes
|move|p1a: Corviknight|Brave Bird|p2a: Samurott
|-damage|p2a: Samurott|51/100
|-damage|p1a: Corviknight|48/100|[from] Recoil
|
|-heal|p1a: Corviknight|54/100|[from] item: Leftovers
|upkeep
|turn|2
|
|t:|1779899439
|move|p2a: Samurott|Ceaseless Edge|p1a: Corviknight
|-damage|p1a: Corviknight|13/100
|-sidestart|p1: shff as kaito|Spikes
|move|p1a: Corviknight|Roost|p1a: Corviknight
|-heal|p1a: Corviknight|63/100
|-singleturn|p1a: Corviknight|move: Roost
|
|-heal|p1a: Corviknight|69/100|[from] item: Leftovers
|upkeep
|turn|3
|
|t:|1779899451
|move|p2a: Samurott|Ceaseless Edge|p1a: Corviknight
|-damage|p1a: Corviknight|30/100
|-sidestart|p1: shff as kaito|Spikes
|move|p1a: Corviknight|Roost|p1a: Corviknight
|-heal|p1a: Corviknight|80/100
|-singleturn|p1a: Corviknight|move: Roost
|
|-heal|p1a: Corviknight|86/100|[from] item: Leftovers
|upkeep
|turn|4
|
|t:|1779899474
|switch|p2a: Scizor|Scizor, F, shiny|100/100
|move|p1a: Corviknight|Brave Bird|p2a: Scizor
|-damage|p2a: Scizor|66/100
|-damage|p1a: Corviknight|76/100|[from] Recoil
|
|-heal|p1a: Corviknight|83/100|[from] item: Leftovers
|upkeep
|turn|5
|
|t:|1779899487
|move|p1a: Corviknight|Defog|p2a: Scizor
|-unboost|p2a: Scizor|evasion|1
|-sideend|p1: shff as kaito|Spikes|[from] move: Defog|[of] p1a: Corviknight
|move|p2a: Scizor|U-turn|p1a: Corviknight
|-resisted|p1a: Corviknight
|-damage|p1a: Corviknight|77/100
|
|t:|1779899494
|switch|p2a: Hoopa|Hoopa|100/100|[from] U-turn
|
|-heal|p1a: Corviknight|83/100|[from] item: Leftovers
|upkeep
|turn|6
|
|t:|1779899512
|move|p2a: Hoopa|Substitute|p2a: Hoopa
|-start|p2a: Hoopa|Substitute
|-damage|p2a: Hoopa|76/100
|move|p1a: Corviknight|U-turn|p2a: Hoopa
|-activate|p2a: Hoopa|move: Substitute|[damage]
|
|t:|1779899518
|switch|p1a: Gholdengo|Gholdengo|100/100|[from] U-turn
|
|upkeep
|turn|7
|
|t:|1779899529
|move|p1a: Gholdengo|Shadow Ball|p2a: Hoopa
|-supereffective|p2a: Hoopa
|-end|p2a: Hoopa|Substitute
|move|p2a: Hoopa|Shadow Ball|p1a: Gholdengo
|-supereffective|p1a: Gholdengo
|-damage|p1a: Gholdengo|0 fnt
|faint|p1a: Gholdengo
|
|upkeep
|
|t:|1779899551
|switch|p1a: Swampert|Swampert, F|100/100
|turn|8
|
|t:|1779899556
|switch|p2a: walmartlando|Tauros, M|100/100
|move|p1a: Swampert|Knock Off|p2a: walmartlando
|-damage|p2a: walmartlando|61/100
|-enditem|p2a: walmartlando|Life Orb|[from] move: Knock Off|[of] p1a: Swampert
|
|upkeep
|turn|9
|
|t:|1779899567
|move|p2a: walmartlando|Body Slam|p1a: Swampert
|-damage|p1a: Swampert|54/100
|move|p1a: Swampert|Flip Turn|p2a: walmartlando
|-damage|p2a: walmartlando|26/100
|
|t:|1779899576
|switch|p1a: Corviknight|Corviknight, F|83/100|[from] Flip Turn
|-ability|p1a: Corviknight|Pressure
|
|-heal|p1a: Corviknight|89/100|[from] item: Leftovers
|upkeep
|turn|10
|
|t:|1779899585
|move|p2a: walmartlando|Close Combat|p1a: Corviknight
|-damage|p1a: Corviknight|68/100
|-unboost|p2a: walmartlando|def|1
|-unboost|p2a: walmartlando|spd|1
|move|p1a: Corviknight|Brave Bird|p2a: walmartlando
|-damage|p2a: walmartlando|0 fnt
|faint|p2a: walmartlando
|-damage|p1a: Corviknight|62/100|[from] Recoil
|
|-heal|p1a: Corviknight|68/100|[from] item: Leftovers
|upkeep
|
|t:|1779899602
|switch|p2a: Samurott|Samurott-Hisui, F|51/100
|turn|11
|
|t:|1779899615
|move|p2a: Samurott|Razor Shell|p1a: Corviknight
|-damage|p1a: Corviknight|25/100
|-unboost|p1a: Corviknight|def|1
|move|p1a: Corviknight|U-turn|p2a: Samurott
|-supereffective|p2a: Samurott
|-damage|p2a: Samurott|16/100
|
|t:|1779899624
|switch|p1a: Swampert|Swampert, F|54/100|[from] U-turn
|
|-heal|p1a: Swampert|60/100|[from] item: Leftovers
|upkeep
|turn|12
|
|t:|1779899634
|move|p2a: Samurott|Razor Shell|p1a: Swampert
|-damage|p1a: Swampert|0 fnt
|faint|p1a: Swampert
|
|upkeep
|
|t:|1779899642
|switch|p1a: Corviknight|Corviknight, F|25/100
|-ability|p1a: Corviknight|Pressure
|turn|13
|
|t:|1779899648
|move|p2a: Samurott|Razor Shell|p1a: Corviknight
|-crit|p1a: Corviknight
|-damage|p1a: Corviknight|0 fnt
|faint|p1a: Corviknight
|
|upkeep
|
|t:|1779899658
|switch|p1a: Iron Valiant|Iron Valiant|100/100
|-enditem|p1a: Iron Valiant|Booster Energy
|-activate|p1a: Iron Valiant|ability: Quark Drive|[fromitem]
|-start|p1a: Iron Valiant|quarkdrivespe
|turn|14
|
|t:|1779899691
|move|p1a: Iron Valiant|Psychic|p2a: Samurott
|-immune|p2a: Samurott
|move|p2a: Samurott|Razor Shell|p1a: Iron Valiant|[miss]
|-miss|p2a: Samurott|p1a: Iron Valiant
|
|upkeep
|turn|15
|c|☆lolman1111|bruh
|
|t:|1779899704
|switch|p2a: Hoopa|Hoopa|76/100
|move|p1a: Iron Valiant|Moonblast|p2a: Hoopa
|-damage|p2a: Hoopa|41/100
|-unboost|p2a: Hoopa|spa|1
|
|upkeep
|turn|16
|
|t:|1779899719
|switch|p2a: Samurott|Samurott-Hisui, F|16/100
|-terastallize|p1a: Iron Valiant|Fairy
|move|p1a: Iron Valiant|Moonblast|p2a: Samurott
|-supereffective|p2a: Samurott
|-damage|p2a: Samurott|0 fnt
|faint|p2a: Samurott
|
|upkeep
|
|t:|1779899724
|switch|p2a: Scizor|Scizor, F, shiny|66/100
|turn|17
|
|t:|1779899755
|-end|p1a: Iron Valiant|Quark Drive|[silent]
|switch|p1a: Skeledirge|Skeledirge, M|100/100
|move|p2a: Scizor|Swords Dance|p2a: Scizor
|-boost|p2a: Scizor|atk|2
|
|upkeep
|turn|18
|
|t:|1779899763
|move|p1a: Skeledirge|Torch Song|p2a: Scizor
|-supereffective|p2a: Scizor
|-damage|p2a: Scizor|0 fnt
|-boost|p1a: Skeledirge|spa|1
|faint|p2a: Scizor
|
|upkeep
|
|t:|1779899766
|switch|p2a: Greninja|Greninja, M|100/100
|turn|19
|
|t:|1779899786
|move|p2a: Greninja|Water Shuriken|p1a: Skeledirge
|-supereffective|p1a: Skeledirge
|-damage|p1a: Skeledirge|91/100
|-supereffective|p1a: Skeledirge
|-damage|p1a: Skeledirge|81/100
|-supereffective|p1a: Skeledirge
|-damage|p1a: Skeledirge|69/100
|-supereffective|p1a: Skeledirge
|-damage|p1a: Skeledirge|60/100
|-supereffective|p1a: Skeledirge
|-damage|p1a: Skeledirge|49/100
|-hitcount|p1a: Skeledirge|5
|move|p1a: Skeledirge|Will-O-Wisp|p2a: Greninja
|-status|p2a: Greninja|brn
|
|-heal|p1a: Skeledirge|55/100|[from] item: Leftovers
|-damage|p2a: Greninja|95/100 brn|[from] brn
|upkeep
|turn|20
|
|t:|1779899806
|move|p2a: Greninja|Dark Pulse|p1a: Skeledirge
|-supereffective|p1a: Skeledirge
|-damage|p1a: Skeledirge|3/100
|move|p1a: Skeledirge|Slack Off|p1a: Skeledirge
|-heal|p1a: Skeledirge|53/100
|
|-heal|p1a: Skeledirge|59/100|[from] item: Leftovers
|-damage|p2a: Greninja|89/100 brn|[from] brn
|upkeep
|turn|21
|
|t:|1779899824
|move|p2a: Greninja|Dark Pulse|p1a: Skeledirge
|-supereffective|p1a: Skeledirge
|-damage|p1a: Skeledirge|3/100
|move|p1a: Skeledirge|Slack Off|p1a: Skeledirge
|-heal|p1a: Skeledirge|53/100
|
|-heal|p1a: Skeledirge|59/100|[from] item: Leftovers
|-damage|p2a: Greninja|83/100 brn|[from] brn
|upkeep
|turn|22
|
|t:|1779899837
|-terastallize|p2a: Greninja|Water
|move|p2a: Greninja|Water Shuriken|p1a: Skeledirge
|-supereffective|p1a: Skeledirge
|-damage|p1a: Skeledirge|46/100
|-supereffective|p1a: Skeledirge
|-damage|p1a: Skeledirge|32/100
|-supereffective|p1a: Skeledirge
|-damage|p1a: Skeledirge|19/100
|-supereffective|p1a: Skeledirge
|-crit|p1a: Skeledirge
|-damage|p1a: Skeledirge|0 fnt
|faint|p1a: Skeledirge
|-ability|p2a: Greninja|Battle Bond|boost
|-boost|p2a: Greninja|atk|1
|-boost|p2a: Greninja|spa|1
|-boost|p2a: Greninja|spe|1
|-activate|p2a: Greninja|ability: Battle Bond
|-hitcount|p1: Skeledirge|4
|
|-damage|p2a: Greninja|77/100 brn|[from] brn
|upkeep
|
|t:|1779899870
|switch|p1a: Iron Valiant|Iron Valiant, tera:Fairy|100/100
|turn|23
|
|t:|1779899878
|move|p2a: Greninja|Water Shuriken|p1a: Iron Valiant
|-damage|p1a: Iron Valiant|78/100
|-damage|p1a: Iron Valiant|53/100
|-damage|p1a: Iron Valiant|30/100
|-damage|p1a: Iron Valiant|4/100
|-hitcount|p1a: Iron Valiant|4
|move|p1a: Iron Valiant|Moonblast|p2a: Greninja
|-damage|p2a: Greninja|0 fnt
|faint|p2a: Greninja
|
|upkeep
|
|t:|1779899885
|switch|p2a: Hoopa|Hoopa|41/100
|turn|24
|
|t:|1779899895
|move|p1a: Iron Valiant|Moonblast|p2a: Hoopa
|-damage|p2a: Hoopa|0 fnt
|faint|p2a: Hoopa
|
|win|shff as kaito
|raw|shff as kaito's rating: 1118 &rarr; <strong>1149</strong><br />(+31 for winning)
|raw|lolman1111's rating: 1205 &rarr; <strong>1174</strong><br />(-31 for losing)
|c|☆lolman1111|gg
|l|☆shff as kaito
|player|p1|
|l|☆lolman1111
|player|p2|
