|j|☆XM307
|j|☆Nexuscoro
|t:|1779840306
|gametype|singles
|player|p1|XM307|red|1147
|player|p2|Nexuscoro|li|1168
|gen|9
|tier|[Gen 9] OU
|rated|
|rule|HP Percentage Mod: HP is shown in percentages
|rule|Endless Battle Clause: Forcing endless battles is banned
|rule|Species Clause: Limit one of each Pokémon
|rule|OHKO Clause: OHKO moves are banned
|rule|Evasion Items Clause: Evasion items are banned
|rule|Evasion Moves Clause: Evasion moves are banned
|rule|Evasion Abilities Clause: Evasion abilities are banned
|rule|Sleep Moves Clause: Sleep-inducing moves are banned
|clearpoke
|poke|p1|Ceruledge, M|
|poke|p1|Dragonite, M|
|poke|p1|Zamazenta-*|
|poke|p1|Gholdengo|
|poke|p1|Great Tusk|
|poke|p1|Kyurem|
|poke|p2|Hatterene, F|
|poke|p2|Cinderace, F|
|poke|p2|Uxie|
|poke|p2|Ursaluna, F|
|poke|p2|Torkoal, M|
|poke|p2|Regidrago|
|teampreview
|inactive|Battle timer is ON: inactive players will automatically lose when time's up. (requested by XM307)
|
|t:|1779840319
|teamsize|p1|6
|teamsize|p2|6
|start
|switch|p1a: Zero|Ceruledge, M, shiny|100/100
|switch|p2a: An IQ Too High?|Uxie|100/100
|turn|1
|
|t:|1779840338
|move|p1a: Zero|Swords Dance|p1a: Zero
|-boost|p1a: Zero|atk|2
|move|p2a: An IQ Too High?|Stealth Rock|p1a: Zero
|-sidestart|p1: XM307|move: Stealth Rock
|
|upkeep
|turn|2
|
|t:|1779840346
|switch|p2a: Princess|Ursaluna, F|100/100
|move|p1a: Zero|Poltergeist|p2a: Princess
|-immune|p2a: Princess
|
|-status|p2a: Princess|brn|[from] item: Flame Orb
|upkeep
|turn|3
|
|t:|1779840354
|move|p1a: Zero|Brick Break|p2a: Princess
|-supereffective|p2a: Princess
|-damage|p2a: Princess|12/100 brn
|-damage|p1a: Zero|91/100|[from] item: Life Orb
|move|p2a: Princess|Crunch|p1a: Zero
|-supereffective|p1a: Zero
|-damage|p1a: Zero|0 fnt
|faint|p1a: Zero
|
|-damage|p2a: Princess|6/100 brn|[from] brn
|upkeep
|
|t:|1779840363
|switch|p1a: Onaga|Dragonite, M, shiny|100/100
|turn|4
|
|t:|1779840366
|-terastallize|p1a: Onaga|Normal
|move|p1a: Onaga|Extreme Speed|p2a: Princess
|-damage|p2a: Princess|0 fnt
|faint|p2a: Princess
|
|upkeep
|
|t:|1779840389
|switch|p2a: REGIDRA(GOAT)|Regidrago|100/100
|turn|5
|
|t:|1779840397
|move|p1a: Onaga|Dragon Dance|p1a: Onaga
|-boost|p1a: Onaga|atk|1
|-boost|p1a: Onaga|spe|1
|move|p2a: REGIDRA(GOAT)|Draco Meteor|p1a: Onaga
|-crit|p1a: Onaga
|-damage|p1a: Onaga|0 fnt
|-unboost|p2a: REGIDRA(GOAT)|spa|2
|faint|p1a: Onaga
|
|upkeep
|
|t:|1779840405
|switch|p1a: Proto Man|Zamazenta, shiny|100/100
|-damage|p1a: Proto Man|94/100|[from] Stealth Rock
|-ability|p1a: Proto Man|Dauntless Shield|boost
|-boost|p1a: Proto Man|def|1
|turn|6
|
|t:|1779840422
|move|p1a: Proto Man|Howl|p1a: Proto Man
|-boost|p1a: Proto Man|atk|1
|move|p2a: REGIDRA(GOAT)|Draco Meteor|p1a: Proto Man
|-damage|p1a: Proto Man|35/100
|-unboost|p2a: REGIDRA(GOAT)|spa|2
|
|-heal|p1a: Proto Man|41/100|[from] item: Leftovers
|upkeep
|turn|7
|
|t:|1779840430
|switch|p2a: Perky|Hatterene, F|100/100
|move|p1a: Proto Man|Brick Break|p2a: Perky
|-resisted|p2a: Perky
|-damage|p2a: Perky|89/100
|
|-heal|p1a: Proto Man|47/100|[from] item: Leftovers
|upkeep
|turn|8
|
|t:|1779840446
|move|p1a: Proto Man|Fire Fang|p2a: Perky
|-damage|p2a: Perky|62/100
|-status|p2a: Perky|brn
|move|p2a: Perky|Dazzling Gleam|p1a: Proto Man
|-supereffective|p1a: Proto Man
|-damage|p1a: Proto Man|0 fnt
|faint|p1a: Proto Man
|
|-damage|p2a: Perky|56/100 brn|[from] brn
|upkeep
|
|t:|1779840455
|switch|p1a: Coiny|Gholdengo, shiny|100/100
|-damage|p1a: Coiny|94/100|[from] Stealth Rock
|-item|p1a: Coiny|Air Balloon
|turn|9
|
|t:|1779840461
|move|p1a: Coiny|Nasty Plot|p1a: Coiny
|-boost|p1a: Coiny|spa|2
|move|p2a: Perky|Trick Room|p2a: Perky
|-fieldstart|move: Trick Room|[of] p2a: Perky
|
|-damage|p2a: Perky|50/100 brn|[from] brn
|upkeep
|turn|10
|
|t:|1779840467
|move|p2a: Perky|Dazzling Gleam|p1a: Coiny
|-resisted|p1a: Coiny
|-damage|p1a: Coiny|74/100
|-enditem|p1a: Coiny|Air Balloon
|move|p1a: Coiny|Flash Cannon|p2a: Perky
|-supereffective|p2a: Perky
|-damage|p2a: Perky|0 fnt
|faint|p2a: Perky
|
|upkeep
|
|t:|1779840475
|switch|p2a: Uncle Ruckus|Torkoal, M|100/100
|-weather|SunnyDay|[from] ability: Drought|[of] p2a: Uncle Ruckus
|turn|11
|
|t:|1779840479
|switch|p1a: O.Yashiro|Great Tusk, shiny|100/100
|-activate|p1a: O.Yashiro|ability: Protosynthesis
|-start|p1a: O.Yashiro|protosynthesisatk
|-terastallize|p2a: Uncle Ruckus|Fire
|move|p2a: Uncle Ruckus|Eruption|p1a: O.Yashiro
|-damage|p1a: O.Yashiro|0 fnt
|faint|p1a: O.Yashiro
|-end|p1a: O.Yashiro|Protosynthesis|[silent]
|
|-weather|SunnyDay|[upkeep]
|upkeep
|-message|XM307 forfeited.
|
|win|Nexuscoro
|raw|XM307's rating: 1147 &rarr; <strong>1124</strong><br />(-23 for losing)
|raw|Nexuscoro's rating: 1168 &rarr; <strong>1191</strong><br />(+23 for winning)
|l|☆XM307
|player|p1|
|l|☆Nexuscoro
|player|p2|
