|j|☆Eaaarth123
|j|☆shunnybun
|t:|1779868474
|gametype|singles
|player|p1|Eaaarth123|ethan|1139
|player|p2|shunnybun|170|1101
|gen|9
|tier|[Gen 9] OU
|rated|
|rule|HP Percentage Mod: HP is shown in percentages
|rule|Endless Battle Clause: Forcing endless battles is banned
|rule|Species Clause: Limit one of each Pokémon
|rule|OHKO Clause: OHKO moves are banned
|rule|Evasion Items Clause: Evasion items are banned
|rule|Evasion Moves Clause: Evasion moves are banned
|rule|Evasion Abilities Clause: Evasion abilities are banned
|rule|Sleep Moves Clause: Sleep-inducing moves are banned
|clearpoke
|poke|p1|Dragonite, F|
|poke|p1|Tyranitar, M|
|poke|p1|Ninetales-Alola, M|
|poke|p1|Ceruledge, M|
|poke|p1|Primarina, M|
|poke|p1|Raging Bolt|
|poke|p2|Toxapex, F|
|poke|p2|Tropius, M|
|poke|p2|Gliscor, M|
|poke|p2|Sableye, M|
|poke|p2|Great Tusk|
|poke|p2|Zamazenta-*|
|teampreview
|
|t:|1779868483
|teamsize|p1|6
|teamsize|p2|6
|start
|switch|p1a: Ninetales|Ninetales-Alola, M|100/100
|switch|p2a: Sableye|Sableye, M|100/100
|-weather|Snowscape|[from] ability: Snow Warning|[of] p1a: Ninetales
|turn|1
|
|t:|1779868500
|move|p1a: Ninetales|Aurora Veil|p1a: Ninetales
|-sidestart|p1: Eaaarth123|move: Aurora Veil
|move|p2a: Sableye|Knock Off|p1a: Ninetales
|-resisted|p1a: Ninetales
|-damage|p1a: Ninetales|94/100
|-enditem|p1a: Ninetales|Heavy-Duty Boots|[from] move: Knock Off|[of] p2a: Sableye
|
|-weather|Snowscape|[upkeep]
|upkeep
|turn|2
|
|t:|1779868514
|switch|p1a: Primarina|Primarina, M|100/100
|move|p2a: Sableye|Encore||[still]
|-fail|p2a: Sableye
|
|-weather|Snowscape|[upkeep]
|upkeep
|turn|3
|
|t:|1779868524
|switch|p2a: Toxapex|Toxapex, F|100/100
|move|p1a: Primarina|Moonblast|p2a: Toxapex
|-resisted|p2a: Toxapex
|-damage|p2a: Toxapex|81/100
|
|-weather|Snowscape|[upkeep]
|-heal|p2a: Toxapex|87/100|[from] item: Black Sludge
|upkeep
|turn|4
|
|t:|1779868542
|move|p1a: Primarina|Calm Mind|p1a: Primarina
|-boost|p1a: Primarina|spa|1
|-boost|p1a: Primarina|spd|1
|move|p2a: Toxapex|Toxic|p1a: Primarina
|-status|p1a: Primarina|tox
|
|-weather|Snowscape|[upkeep]
|-heal|p2a: Toxapex|93/100|[from] item: Black Sludge
|-damage|p1a: Primarina|94/100 tox|[from] psn
|upkeep
|turn|5
|
|t:|1779868551
|move|p1a: Primarina|Psychic Noise|p2a: Toxapex
|-supereffective|p2a: Toxapex
|-damage|p2a: Toxapex|24/100
|-start|p2a: Toxapex|move: Heal Block
|move|p2a: Toxapex|Haze|p2a: Toxapex
|-clearallboost
|
|-weather|none
|-heal|p1a: Primarina|100/100 tox|[from] item: Leftovers
|-damage|p1a: Primarina|88/100 tox|[from] psn
|-sideend|p1: Eaaarth123|move: Aurora Veil
|upkeep
|turn|6
|
|t:|1779868565
|switch|p2a: Sableye|Sableye, M|100/100
|move|p1a: Primarina|Psychic Noise|p2a: Sableye
|-immune|p2a: Sableye
|
|-heal|p1a: Primarina|94/100 tox|[from] item: Leftovers
|-damage|p1a: Primarina|76/100 tox|[from] psn
|upkeep
|turn|7
|
|t:|1779868577
|switch|p1a: Ninetales|Ninetales-Alola, M|94/100
|-weather|Snowscape|[from] ability: Snow Warning|[of] p1a: Ninetales
|move|p2a: Sableye|Encore||[still]
|-fail|p2a: Sableye
|
|-weather|Snowscape|[upkeep]
|upkeep
|turn|8
|
|t:|1779868589
|move|p1a: Ninetales|Moonblast|p2a: Sableye
|-supereffective|p2a: Sableye
|-damage|p2a: Sableye|7/100
|move|p2a: Sableye|Knock Off|p1a: Ninetales
|-resisted|p1a: Ninetales
|-damage|p1a: Ninetales|86/100
|
|-weather|Snowscape|[upkeep]
|upkeep
|turn|9
|
|t:|1779868601
|switch|p2a: Toxapex|Toxapex, F|57/100
|move|p1a: Ninetales|Moonblast|p2a: Toxapex
|-resisted|p2a: Toxapex
|-damage|p2a: Toxapex|45/100
|
|-weather|Snowscape|[upkeep]
|-heal|p2a: Toxapex|51/100|[from] item: Black Sludge
|upkeep
|turn|10
|
|t:|1779868613
|move|p1a: Ninetales|Encore||[still]
|-fail|p1a: Ninetales
|move|p2a: Toxapex|Recover|p2a: Toxapex
|-heal|p2a: Toxapex|100/100
|
|-weather|Snowscape|[upkeep]
|upkeep
|turn|11
|
|t:|1779868620
|move|p1a: Ninetales|Encore|p2a: Toxapex
|-start|p2a: Toxapex|Encore
|move|p2a: Toxapex|Recover||[still]
|-fail|p2a: Toxapex|heal
|
|-weather|none
|upkeep
|turn|12
|
|t:|1779868639
|switch|p2a: Zamazenta|Zamazenta|100/100
|-ability|p2a: Zamazenta|Dauntless Shield|boost
|-boost|p2a: Zamazenta|def|1
|move|p1a: Ninetales|Aurora Veil||[still]
|-fail|p1a: Ninetales
|
|upkeep
|turn|13
|
|t:|1779868659
|switch|p1a: Primarina|Primarina, M|76/100 tox
|-terastallize|p2a: Zamazenta|Fairy
|move|p2a: Zamazenta|Iron Defense|p2a: Zamazenta
|-boost|p2a: Zamazenta|def|2
|
|-heal|p1a: Primarina|82/100 tox|[from] item: Leftovers
|-damage|p1a: Primarina|76/100 tox|[from] psn
|upkeep
|turn|14
|
|t:|1779868673
|-terastallize|p1a: Primarina|Water
|move|p2a: Zamazenta|Iron Defense|p2a: Zamazenta
|-boost|p2a: Zamazenta|def|2
|move|p1a: Primarina|Hydro Pump|p2a: Zamazenta
|-damage|p2a: Zamazenta|38/100
|
|-heal|p2a: Zamazenta|44/100|[from] item: Leftovers
|-heal|p1a: Primarina|82/100 tox|[from] item: Leftovers
|-damage|p1a: Primarina|70/100 tox|[from] psn
|upkeep
|turn|15
|
|t:|1779868685
|move|p2a: Zamazenta|Body Press|p1a: Primarina
|-damage|p1a: Primarina|0 fnt
|faint|p1a: Primarina
|
|-heal|p2a: Zamazenta|50/100|[from] item: Leftovers
|upkeep
|
|t:|1779868699
|switch|p1a: Ninetales|Ninetales-Alola, M|86/100
|-weather|Snowscape|[from] ability: Snow Warning|[of] p1a: Ninetales
|turn|16
|
|t:|1779868705
|move|p2a: Zamazenta|Body Press|p1a: Ninetales
|-damage|p1a: Ninetales|0 fnt
|faint|p1a: Ninetales
|
|-weather|Snowscape|[upkeep]
|-heal|p2a: Zamazenta|56/100|[from] item: Leftovers
|upkeep
|
|t:|1779868712
|switch|p1a: Raging Bolt|Raging Bolt|100/100
|-enditem|p1a: Raging Bolt|Booster Energy
|-activate|p1a: Raging Bolt|ability: Protosynthesis|[fromitem]
|-start|p1a: Raging Bolt|protosynthesisspa
|turn|17
|
|t:|1779868725
|move|p1a: Raging Bolt|Thunderbolt|p2a: Zamazenta
|-damage|p2a: Zamazenta|5/100
|move|p2a: Zamazenta|Roar|p1a: Raging Bolt
|-end|p1a: Raging Bolt|Protosynthesis|[silent]
|drag|p1a: Ceruledge|Ceruledge, M|100/100
|
|-weather|Snowscape|[upkeep]
|-heal|p2a: Zamazenta|11/100|[from] item: Leftovers
|upkeep
|turn|18
|
|t:|1779868741
|move|p2a: Zamazenta|Crunch|p1a: Ceruledge
|-supereffective|p1a: Ceruledge
|-damage|p1a: Ceruledge|42/100
|-ability|p1a: Ceruledge|Weak Armor|boost
|-unboost|p1a: Ceruledge|def|1
|-boost|p1a: Ceruledge|spe|2
|move|p1a: Ceruledge|Bitter Blade|p2a: Zamazenta
|-damage|p2a: Zamazenta|2/100
|-heal|p1a: Ceruledge|49/100|[from] drain|[of] p2a: Zamazenta
|
|-weather|Snowscape|[upkeep]
|-heal|p2a: Zamazenta|8/100|[from] item: Leftovers
|upkeep
|turn|19
|
|t:|1779868754
|move|p1a: Ceruledge|Bitter Blade|p2a: Zamazenta
|-damage|p2a: Zamazenta|0 fnt
|-heal|p1a: Ceruledge|53/100|[from] drain|[of] p2a: Zamazenta
|faint|p2a: Zamazenta
|
|-weather|Snowscape|[upkeep]
|upkeep
|
|t:|1779868769
|switch|p2a: Toxapex|Toxapex, F|100/100
|turn|20
|
|t:|1779868779
|move|p1a: Ceruledge|Swords Dance|p1a: Ceruledge
|-boost|p1a: Ceruledge|atk|2
|move|p2a: Toxapex|Surf|p1a: Ceruledge
|-supereffective|p1a: Ceruledge
|-damage|p1a: Ceruledge|8/100
|
|-weather|none
|upkeep
|turn|21
|
|t:|1779868788
|move|p1a: Ceruledge|Shadow Sneak|p2a: Toxapex
|-damage|p2a: Toxapex|75/100
|move|p2a: Toxapex|Surf|p1a: Ceruledge
|-supereffective|p1a: Ceruledge
|-damage|p1a: Ceruledge|0 fnt
|faint|p1a: Ceruledge
|
|-heal|p2a: Toxapex|82/100|[from] item: Black Sludge
|upkeep
|
|t:|1779868798
|switch|p1a: Raging Bolt|Raging Bolt|100/100
|turn|22
|
|t:|1779868809
|switch|p2a: Great Tusk|Great Tusk|100/100
|move|p1a: Raging Bolt|Calm Mind|p1a: Raging Bolt
|-boost|p1a: Raging Bolt|spa|1
|-boost|p1a: Raging Bolt|spd|1
|
|upkeep
|turn|23
|
|t:|1779868824
|move|p2a: Great Tusk|Rapid Spin|p1a: Raging Bolt
|-damage|p1a: Raging Bolt|88/100
|-boost|p2a: Great Tusk|spe|1
|move|p1a: Raging Bolt|Draco Meteor|p2a: Great Tusk
|-damage|p2a: Great Tusk|0 fnt
|-unboost|p1a: Raging Bolt|spa|2
|faint|p2a: Great Tusk
|-end|p2a: Great Tusk|Protosynthesis|[silent]
|
|upkeep
|
|t:|1779868837
|switch|p2a: Gliscor|Gliscor, M|100/100
|turn|24
|
|t:|1779868843
|-end|p1a: Raging Bolt|Protosynthesis|[silent]
|switch|p1a: Tyranitar|Tyranitar, M|100/100
|-weather|Sandstorm|[from] ability: Sand Stream|[of] p1a: Tyranitar
|move|p2a: Gliscor|Toxic|p1a: Tyranitar
|-status|p1a: Tyranitar|tox
|
|-weather|Sandstorm|[upkeep]
|-damage|p1a: Tyranitar|94/100 tox|[from] psn
|-status|p2a: Gliscor|tox|[from] item: Toxic Orb
|upkeep
|turn|25
|
|t:|1779868855
|move|p2a: Gliscor|Protect|p2a: Gliscor
|-singleturn|p2a: Gliscor|Protect
|move|p1a: Tyranitar|Dragon Dance|p1a: Tyranitar
|-boost|p1a: Tyranitar|atk|1
|-boost|p1a: Tyranitar|spe|1
|
|-weather|Sandstorm|[upkeep]
|-damage|p1a: Tyranitar|82/100 tox|[from] psn
|upkeep
|turn|26
|
|t:|1779868865
|move|p1a: Tyranitar|Dragon Dance|p1a: Tyranitar
|-boost|p1a: Tyranitar|atk|1
|-boost|p1a: Tyranitar|spe|1
|move|p2a: Gliscor|Spikes|p1a: Tyranitar
|-sidestart|p1: Eaaarth123|Spikes
|
|-weather|Sandstorm|[upkeep]
|-damage|p1a: Tyranitar|64/100 tox|[from] psn
|upkeep
|turn|27
|
|t:|1779868873
|move|p1a: Tyranitar|Knock Off|p2a: Gliscor
|-damage|p2a: Gliscor|28/100 tox
|-enditem|p2a: Gliscor|Toxic Orb|[from] move: Knock Off|[of] p1a: Tyranitar
|move|p2a: Gliscor|Spikes|p1a: Tyranitar
|-sidestart|p1: Eaaarth123|Spikes
|
|-weather|Sandstorm|[upkeep]
|-damage|p1a: Tyranitar|39/100 tox|[from] psn
|-heal|p2a: Gliscor|41/100 tox|[from] ability: Poison Heal
|upkeep
|turn|28
|
|t:|1779868885
|move|p2a: Gliscor|Protect|p2a: Gliscor
|-singleturn|p2a: Gliscor|Protect
|move|p1a: Tyranitar|Knock Off|p2a: Gliscor
|-activate|p2a: Gliscor|move: Protect
|
|-weather|none
|-damage|p1a: Tyranitar|8/100 tox|[from] psn
|-heal|p2a: Gliscor|53/100 tox|[from] ability: Poison Heal
|upkeep
|turn|29
|
|t:|1779868895
|switch|p2a: Toxapex|Toxapex, F|100/100
|move|p1a: Tyranitar|Knock Off|p2a: Toxapex
|-damage|p2a: Toxapex|29/100
|-enditem|p2a: Toxapex|Black Sludge|[from] move: Knock Off|[of] p1a: Tyranitar
|
|-damage|p1a: Tyranitar|0 fnt|[from] psn
|faint|p1a: Tyranitar
|upkeep
|
|t:|1779868906
|switch|p1a: Raging Bolt|Raging Bolt|88/100
|-damage|p1a: Raging Bolt|71/100|[from] Spikes
|turn|30
|
|t:|1779868915
|switch|p2a: Sableye|Sableye, M|7/100
|move|p1a: Raging Bolt|Thunderbolt|p2a: Sableye
|-damage|p2a: Sableye|0 fnt
|faint|p2a: Sableye
|
|upkeep
|
|t:|1779868925
|switch|p2a: Gliscor|Gliscor, M|53/100 tox
|turn|31
|
|t:|1779868931
|move|p2a: Gliscor|Protect|p2a: Gliscor
|-singleturn|p2a: Gliscor|Protect
|move|p1a: Raging Bolt|Draco Meteor|p2a: Gliscor
|-activate|p2a: Gliscor|move: Protect
|
|-heal|p2a: Gliscor|66/100 tox|[from] ability: Poison Heal
|upkeep
|turn|32
|
|t:|1779868954
|switch|p2a: Tropius|Tropius, M|100/100
|move|p1a: Raging Bolt|Draco Meteor|p2a: Tropius
|-damage|p2a: Tropius|21/100
|-unboost|p1a: Raging Bolt|spa|2
|-enditem|p2a: Tropius|Sitrus Berry|[eat]
|-heal|p2a: Tropius|46/100|[from] item: Sitrus Berry
|
|-item|p2a: Tropius|Sitrus Berry|[from] ability: Harvest
|upkeep
|-enditem|p2a: Tropius|Sitrus Berry|[eat]
|-heal|p2a: Tropius|70/100|[from] item: Sitrus Berry
|turn|33
|
|t:|1779868972
|move|p1a: Raging Bolt|Calm Mind|p1a: Raging Bolt
|-boost|p1a: Raging Bolt|spa|1
|-boost|p1a: Raging Bolt|spd|1
|move|p2a: Tropius|Leech Seed|p1a: Raging Bolt
|-start|p1a: Raging Bolt|move: Leech Seed
|
|-damage|p1a: Raging Bolt|59/100|[from] Leech Seed|[of] p2a: Tropius
|-heal|p2a: Tropius|84/100|[silent]
|upkeep
|turn|34
|
|t:|1779868982
|-end|p1a: Raging Bolt|Protosynthesis|[silent]
|switch|p1a: Dragonite|Dragonite, F|100/100
|move|p2a: Tropius|Substitute|p2a: Tropius
|-start|p2a: Tropius|Substitute
|-damage|p2a: Tropius|59/100
|
|-item|p2a: Tropius|Sitrus Berry|[from] ability: Harvest
|upkeep
|turn|35
|
|t:|1779868991
|move|p2a: Tropius|Protect|p2a: Tropius
|-singleturn|p2a: Tropius|Protect
|move|p1a: Dragonite|Dragon Dance|p1a: Dragonite
|-boost|p1a: Dragonite|atk|1
|-boost|p1a: Dragonite|spe|1
|
|upkeep
|turn|36
|
|t:|1779868998
|move|p1a: Dragonite|Dragon Dance|p1a: Dragonite
|-boost|p1a: Dragonite|atk|1
|-boost|p1a: Dragonite|spe|1
|move|p2a: Tropius|Leech Seed|p1a: Dragonite
|-start|p1a: Dragonite|move: Leech Seed
|
|-damage|p1a: Dragonite|88/100|[from] Leech Seed|[of] p2a: Tropius
|-heal|p2a: Tropius|69/100|[silent]
|upkeep
|turn|37
|
|t:|1779869008
|move|p1a: Dragonite|Scale Shot|p2a: Tropius
|-activate|p2a: Tropius|move: Substitute|[damage]
|-end|p2a: Tropius|Substitute
|-damage|p2a: Tropius|49/100
|-enditem|p2a: Tropius|Sitrus Berry|[eat]
|-heal|p2a: Tropius|74/100|[from] item: Sitrus Berry
|-damage|p2a: Tropius|52/100
|-damage|p2a: Tropius|31/100
|-hitcount|p2a: Tropius|5
|-unboost|p1a: Dragonite|def|1
|-boost|p1a: Dragonite|spe|1
|move|p2a: Tropius|Substitute|p2a: Tropius
|-start|p2a: Tropius|Substitute
|-damage|p2a: Tropius|6/100
|
|-damage|p1a: Dragonite|76/100|[from] Leech Seed|[of] p2a: Tropius
|-heal|p2a: Tropius|16/100|[silent]
|-item|p2a: Tropius|Sitrus Berry|[from] ability: Harvest
|upkeep
|-enditem|p2a: Tropius|Sitrus Berry|[eat]
|-heal|p2a: Tropius|41/100|[from] item: Sitrus Berry
|turn|38
|
|t:|1779869031
|move|p2a: Tropius|Protect|p2a: Tropius
|-singleturn|p2a: Tropius|Protect
|move|p1a: Dragonite|Scale Shot|p2a: Tropius
|-activate|p2a: Tropius|move: Protect
|
|-damage|p1a: Dragonite|63/100|[from] Leech Seed|[of] p2a: Tropius
|-heal|p2a: Tropius|50/100|[silent]
|-item|p2a: Tropius|Sitrus Berry|[from] ability: Harvest
|upkeep
|-enditem|p2a: Tropius|Sitrus Berry|[eat]
|-heal|p2a: Tropius|75/100|[from] item: Sitrus Berry
|turn|39
|
|t:|1779869045
|move|p2a: Tropius|Protect||[still]
|-fail|p2a: Tropius
|move|p1a: Dragonite|Scale Shot|p2a: Tropius
|-activate|p2a: Tropius|move: Substitute|[damage]
|-end|p2a: Tropius|Substitute
|-damage|p2a: Tropius|56/100
|-damage|p2a: Tropius|38/100
|-hitcount|p2a: Tropius|4
|-unboost|p1a: Dragonite|def|1
|-boost|p1a: Dragonite|spe|1
|
|-damage|p1a: Dragonite|51/100|[from] Leech Seed|[of] p2a: Tropius
|-heal|p2a: Tropius|48/100|[silent]
|upkeep
|turn|40
|
|t:|1779869061
|move|p2a: Tropius|Protect|p2a: Tropius
|-singleturn|p2a: Tropius|Protect
|move|p1a: Dragonite|Extreme Speed|p2a: Tropius
|-activate|p2a: Tropius|move: Protect
|
|-damage|p1a: Dragonite|39/100|[from] Leech Seed|[of] p2a: Tropius
|-heal|p2a: Tropius|57/100|[silent]
|upkeep
|turn|41
|
|t:|1779869080
|move|p1a: Dragonite|Extreme Speed|p2a: Tropius
|-damage|p2a: Tropius|15/100
|move|p2a: Tropius|Dragon Tail|p1a: Dragonite|[miss]
|-miss|p2a: Tropius|p1a: Dragonite
|
|-damage|p1a: Dragonite|26/100|[from] Leech Seed|[of] p2a: Tropius
|-heal|p2a: Tropius|25/100|[silent]
|-item|p2a: Tropius|Sitrus Berry|[from] ability: Harvest
|upkeep
|-enditem|p2a: Tropius|Sitrus Berry|[eat]
|-heal|p2a: Tropius|50/100|[from] item: Sitrus Berry
|turn|42
|
|t:|1779869094
|move|p2a: Tropius|Protect|p2a: Tropius
|-singleturn|p2a: Tropius|Protect
|move|p1a: Dragonite|Scale Shot|p2a: Tropius
|-activate|p2a: Tropius|move: Protect
|
|-damage|p1a: Dragonite|14/100|[from] Leech Seed|[of] p2a: Tropius
|-heal|p2a: Tropius|60/100|[silent]
|upkeep
|turn|43
|
|t:|1779869107
|move|p2a: Tropius|Protect|p2a: Tropius
|-singleturn|p2a: Tropius|Protect
|move|p1a: Dragonite|Scale Shot|p2a: Tropius
|-activate|p2a: Tropius|move: Protect
|
|-damage|p1a: Dragonite|1/100|[from] Leech Seed|[of] p2a: Tropius
|-heal|p2a: Tropius|70/100|[silent]
|-item|p2a: Tropius|Sitrus Berry|[from] ability: Harvest
|upkeep
|turn|44
|
|t:|1779869119
|move|p1a: Dragonite|Scale Shot|p2a: Tropius
|-damage|p2a: Tropius|50/100
|-enditem|p2a: Tropius|Sitrus Berry|[eat]
|-heal|p2a: Tropius|75/100|[from] item: Sitrus Berry
|-damage|p2a: Tropius|54/100
|-damage|p2a: Tropius|33/100
|-damage|p2a: Tropius|11/100
|-damage|p2a: Tropius|0 fnt
|faint|p2a: Tropius
|-hitcount|p2: Tropius|5
|-unboost|p1a: Dragonite|def|1
|-boost|p1a: Dragonite|spe|1
|
|upkeep
|
|t:|1779869135
|switch|p2a: Gliscor|Gliscor, M|66/100 tox
|turn|45
|
|t:|1779869141
|move|p2a: Gliscor|Protect|p2a: Gliscor
|-singleturn|p2a: Gliscor|Protect
|move|p1a: Dragonite|Extreme Speed|p2a: Gliscor
|-activate|p2a: Gliscor|move: Protect
|
|-damage|p1a: Dragonite|0 fnt|[from] Leech Seed|[of] p2a: Gliscor
|-heal|p2a: Gliscor|66/100 tox|[silent]
|faint|p1a: Dragonite
|-heal|p2a: Gliscor|79/100 tox|[from] ability: Poison Heal
|upkeep
|
|t:|1779869151
|switch|p1a: Raging Bolt|Raging Bolt|59/100
|-damage|p1a: Raging Bolt|43/100|[from] Spikes
|turn|46
|
|t:|1779869157
|move|p2a: Gliscor|Earthquake|p1a: Raging Bolt
|-supereffective|p1a: Raging Bolt
|-crit|p1a: Raging Bolt
|-damage|p1a: Raging Bolt|0 fnt
|faint|p1a: Raging Bolt
|-end|p1a: Raging Bolt|Protosynthesis|[silent]
|
|win|shunnybun
|raw|Eaaarth123's rating: 1139 &rarr; <strong>1111</strong><br />(-28 for losing)
|raw|shunnybun's rating: 1101 &rarr; <strong>1129</strong><br />(+28 for winning)
|c|☆Eaaarth123|gg
|c|☆shunnybun|gg
|l|☆Eaaarth123
|player|p1|
|l|☆shunnybun
|player|p2|
