|j|☆iifisislwlsosos
|j|☆SparkyBoomBoomBoiY
|t:|1779896157
|gametype|singles
|player|p1|iifisislwlsosos|101|1060
|player|p2|SparkyBoomBoomBoiY|marlon|1106
|gen|9
|tier|[Gen 9] OU
|rated|
|rule|HP Percentage Mod: HP is shown in percentages
|rule|Endless Battle Clause: Forcing endless battles is banned
|rule|Species Clause: Limit one of each Pokémon
|rule|OHKO Clause: OHKO moves are banned
|rule|Evasion Items Clause: Evasion items are banned
|rule|Evasion Moves Clause: Evasion moves are banned
|rule|Evasion Abilities Clause: Evasion abilities are banned
|rule|Sleep Moves Clause: Sleep-inducing moves are banned
|clearpoke
|poke|p1|Golem-Alola, F|
|poke|p1|Swampert, F|
|poke|p1|Noivern, F|
|poke|p1|Weavile, M|
|poke|p1|Tsareena, F|
|poke|p1|Skeledirge, F|
|poke|p2|Araquanid, F|
|poke|p2|Ursaluna, F|
|poke|p2|Persian-Alola, F|
|poke|p2|Gholdengo|
|poke|p2|Clefable, F|
|poke|p2|Latias, F|
|teampreview
|
|t:|1779896167
|teamsize|p1|6
|teamsize|p2|6
|start
|switch|p1a: Noivern|Noivern, F|100/100
|switch|p2a: Melon-Head|Persian-Alola, F, shiny|100/100
|turn|1
|j| rickvanderhouwen
|
|t:|1779896187
|move|p2a: Melon-Head|Fake Out|p1a: Noivern
|-damage|p1a: Noivern|93/100
|cant|p1a: Noivern|flinch
|
|upkeep
|turn|2
|
|t:|1779896197
|move|p1a: Noivern|Hurricane|p2a: Melon-Head
|-damage|p2a: Melon-Head|0 fnt
|faint|p2a: Melon-Head
|
|upkeep
|
|t:|1779896222
|switch|p2a: Big-Mama|Ursaluna, F, shiny|100/100
|turn|3
|
|t:|1779896230
|move|p1a: Noivern|Hurricane|p2a: Big-Mama|[miss]
|-miss|p1a: Noivern|p2a: Big-Mama
|move|p2a: Big-Mama|Avalanche|p1a: Noivern
|-supereffective|p1a: Noivern
|-damage|p1a: Noivern|0 fnt
|faint|p1a: Noivern
|
|upkeep
|
|t:|1779896251
|switch|p1a: Weavile|Weavile, M|100/100
|-ability|p1a: Weavile|Pressure
|turn|4
|
|t:|1779896262
|move|p1a: Weavile|Triple Axel|p2a: Big-Mama
|-supereffective|p2a: Big-Mama
|-damage|p2a: Big-Mama|83/100
|-supereffective|p2a: Big-Mama
|-damage|p2a: Big-Mama|43/100
|-supereffective|p2a: Big-Mama
|-damage|p2a: Big-Mama|0 fnt
|faint|p2a: Big-Mama
|-hitcount|p2: Big-Mama|3
|-damage|p1a: Weavile|91/100|[from] item: Life Orb
|
|upkeep
|
|t:|1779896283
|switch|p2a: BugsAlot|Araquanid, F|100/100
|turn|5
|
|t:|1779896306
|switch|p1a: Tsareena|Tsareena, F|100/100
|move|p2a: BugsAlot|Sticky Web|p1a: Tsareena
|-sidestart|p1: iifisislwlsosos|move: Sticky Web
|
|upkeep
|turn|6
|
|t:|1779896316
|switch|p2a: One-Trick|Gholdengo|100/100
|move|p1a: Tsareena|Rapid Spin|p2a: One-Trick
|-immune|p2a: One-Trick
|
|upkeep
|turn|7
|c|☆SparkyBoomBoomBoiY|I also am a dabbler of Tsareena rapid spin
|c|☆SparkyBoomBoomBoiY|You got Queenly majesty right?
|c|☆SparkyBoomBoomBoiY|Such a good ability
|
|t:|1779896390
|move|p2a: One-Trick|Trick|p1a: Tsareena
|-activate|p2a: One-Trick|move: Trick|[of] p1a: Tsareena
|-item|p1a: Tsareena|Toxic Orb|[from] move: Trick
|-item|p2a: One-Trick|Heavy-Duty Boots|[from] move: Trick
|move|p1a: Tsareena|Synthesis|p1a: Tsareena
|-fail|p1a: Tsareena|heal
|
|-status|p1a: Tsareena|tox|[from] item: Toxic Orb
|upkeep
|turn|8
|
|t:|1779896410
|switch|p1a: Swampert|Swampert, F|100/100
|-activate|p1a: Swampert|move: Sticky Web
|-unboost|p1a: Swampert|spe|1
|move|p2a: One-Trick|Trick|p1a: Swampert
|-activate|p2a: One-Trick|move: Trick|[of] p1a: Swampert
|-item|p1a: Swampert|Heavy-Duty Boots|[from] move: Trick
|-item|p2a: One-Trick|Sitrus Berry|[from] move: Trick
|
|upkeep
|turn|9
|
|t:|1779896424
|move|p2a: One-Trick|Shadow Ball|p1a: Swampert
|-damage|p1a: Swampert|72/100
|move|p1a: Swampert|Knock Off|p2a: One-Trick
|-supereffective|p2a: One-Trick
|-damage|p2a: One-Trick|41/100
|-enditem|p2a: One-Trick|Sitrus Berry|[from] move: Knock Off|[of] p1a: Swampert
|
|upkeep
|turn|10
|c|☆SparkyBoomBoomBoiY|Not very nice :(
|
|t:|1779896461
|move|p2a: One-Trick|Make It Rain|p1a: Swampert
|-resisted|p1a: Swampert
|-damage|p1a: Swampert|52/100
|-unboost|p2a: One-Trick|spa|1
|move|p1a: Swampert|Earthquake|p2a: One-Trick
|-supereffective|p2a: One-Trick
|-damage|p2a: One-Trick|0 fnt
|faint|p2a: One-Trick
|
|upkeep
|n|☆iifisislwlsosos|iifisislwlsosos
|
|t:|1779896485
|switch|p2a: Your-Fav|Clefable, F|100/100
|turn|11
|c|☆iifisislwlsosos|Jejeje
|c|☆iifisislwlsosos|Yeee Tsareena's cool
|
|t:|1779896503
|move|p2a: Your-Fav|Cosmic Power|p2a: Your-Fav
|-boost|p2a: Your-Fav|def|1
|-boost|p2a: Your-Fav|spd|1
|move|p1a: Swampert|Mirror Coat||[still]
|-fail|p1a: Swampert
|
|upkeep
|turn|12
|
|t:|1779896510
|move|p2a: Your-Fav|Cosmic Power|p2a: Your-Fav
|-boost|p2a: Your-Fav|def|1
|-boost|p2a: Your-Fav|spd|1
|move|p1a: Swampert|Knock Off|p2a: Your-Fav
|-resisted|p2a: Your-Fav
|-damage|p2a: Your-Fav|95/100
|-enditem|p2a: Your-Fav|Leftovers|[from] move: Knock Off|[of] p1a: Swampert
|
|upkeep
|turn|13
|l| rickvanderhouwen
|c|☆SparkyBoomBoomBoiY|What im about to do here isnt cool thouhh
|c|☆SparkyBoomBoomBoiY|Oh..
|j| rickvanderhouwen
|
|t:|1779896537
|switch|p1a: Golem|Golem-Alola, F|100/100
|-activate|p1a: Golem|move: Sticky Web
|-unboost|p1a: Golem|spe|1
|move|p2a: Your-Fav|Cosmic Power|p2a: Your-Fav
|-boost|p2a: Your-Fav|def|1
|-boost|p2a: Your-Fav|spd|1
|
|upkeep
|turn|14
|c|☆SparkyBoomBoomBoiY|Fair enough
|
|t:|1779896554
|move|p2a: Your-Fav|Cosmic Power|p2a: Your-Fav
|-boost|p2a: Your-Fav|def|1
|-boost|p2a: Your-Fav|spd|1
|move|p1a: Golem|Thunder Wave|p2a: Your-Fav
|-status|p2a: Your-Fav|par
|
|upkeep
|turn|15
|
|t:|1779896572
|move|p1a: Golem|Stealth Rock|p2a: Your-Fav
|-sidestart|p2: SparkyBoomBoomBoiY|move: Stealth Rock
|move|p2a: Your-Fav|Cosmic Power|p2a: Your-Fav
|-boost|p2a: Your-Fav|def|1
|-boost|p2a: Your-Fav|spd|1
|
|upkeep
|turn|16
|
|t:|1779896578
|move|p1a: Golem|Explosion|p2a: Your-Fav
|-damage|p2a: Your-Fav|49/100 par
|faint|p1a: Golem
|move|p2a: Your-Fav|Cosmic Power|p2a: Your-Fav
|-boost|p2a: Your-Fav|def|1
|-boost|p2a: Your-Fav|spd|1
|
|upkeep
|
|t:|1779896602
|switch|p1a: Weavile|Weavile, M|91/100
|-activate|p1a: Weavile|move: Sticky Web
|-unboost|p1a: Weavile|spe|1
|-ability|p1a: Weavile|Pressure
|turn|17
|c|☆SparkyBoomBoomBoiY|Desperate times call for desperate measures
|
|t:|1779896610
|move|p1a: Weavile|Triple Axel|p2a: Your-Fav|[miss]
|-miss|p1a: Weavile|p2a: Your-Fav
|move|p2a: Your-Fav|Moonlight|p2a: Your-Fav
|-heal|p2a: Your-Fav|99/100 par
|
|upkeep
|turn|18
|
|t:|1779896618
|move|p1a: Weavile|Triple Axel|p2a: Your-Fav
|-damage|p2a: Your-Fav|96/100 par
|-damage|p2a: Your-Fav|89/100 par
|-damage|p2a: Your-Fav|81/100 par
|-hitcount|p2a: Your-Fav|3
|-damage|p1a: Weavile|81/100|[from] item: Life Orb
|move|p2a: Your-Fav|Moonblast|p1a: Weavile
|-supereffective|p1a: Weavile
|-damage|p1a: Weavile|0 fnt
|faint|p1a: Weavile
|
|upkeep
|c|☆iifisislwlsosos|Welp
|c|☆SparkyBoomBoomBoiY|Yeah im sorry
|c|☆SparkyBoomBoomBoiY|This is a reall cheap trick
|
|t:|1779896659
|switch|p1a: Skeledirge|Skeledirge, F|100/100
|-activate|p1a: Skeledirge|move: Sticky Web
|-unboost|p1a: Skeledirge|spe|1
|turn|19
|c|☆SparkyBoomBoomBoiY|If you get that refrence
|
|t:|1779896667
|move|p1a: Skeledirge|Torch Song|p2a: Your-Fav
|-damage|p2a: Your-Fav|52/100 par
|-boost|p1a: Skeledirge|spa|1
|-enditem|p1a: Skeledirge|Throat Spray
|-boost|p1a: Skeledirge|spa|1|[from] item: Throat Spray
|move|p2a: Your-Fav|Knock Off|p1a: Skeledirge
|-supereffective|p1a: Skeledirge
|-damage|p1a: Skeledirge|83/100
|
|upkeep
|turn|20
|
|t:|1779896680
|move|p1a: Skeledirge|Torch Song|p2a: Your-Fav
|-damage|p2a: Your-Fav|0 fnt
|-boost|p1a: Skeledirge|spa|1
|faint|p2a: Your-Fav
|
|upkeep
|c|☆iifisislwlsosos|What
|c|☆iifisislwlsosos|You arent unaware?
|c|☆SparkyBoomBoomBoiY|Got it out
|c|☆SparkyBoomBoomBoiY|Nah magic gaurd
|c|☆SparkyBoomBoomBoiY|But yk
|c|☆SparkyBoomBoomBoiY|Unaware prolly is more tanky
|
|t:|1779896729
|switch|p2a: BugsAlot|Araquanid, F|100/100
|-damage|p2a: BugsAlot|76/100|[from] Stealth Rock
|turn|21
|c|☆iifisislwlsosos|I thought you'd be Moonblast + Stored Power or sum
|c|☆SparkyBoomBoomBoiY|Nah
|c|☆SparkyBoomBoomBoiY|I had cosmic power
|c|☆SparkyBoomBoomBoiY|Moonlight
|c|☆SparkyBoomBoomBoiY|Moonblast
|c|☆SparkyBoomBoomBoiY|And knockoff
|
|t:|1779896783
|move|p1a: Skeledirge|Torch Song|p2a: BugsAlot
|-damage|p2a: BugsAlot|45/100
|-boost|p1a: Skeledirge|spa|1
|move|p2a: BugsAlot|Liquidation|p1a: Skeledirge
|-supereffective|p1a: Skeledirge
|-damage|p1a: Skeledirge|0 fnt
|faint|p1a: Skeledirge
|
|upkeep
|c|☆iifisislwlsosos|HE TOOK THAT LIKE A CHAMP
|l| rickvanderhouwen
|c|☆SparkyBoomBoomBoiY|Water bubble
|c|☆SparkyBoomBoomBoiY|Goes crazy for fire damage tanking
|
|t:|1779896815
|switch|p1a: Tsareena|Tsareena, F|100/100 tox
|-activate|p1a: Tsareena|move: Sticky Web
|-unboost|p1a: Tsareena|spe|1
|turn|22
|c|☆iifisislwlsosos|What i forgot
|c|☆iifisislwlsosos|It also reduced fire damage
|
|t:|1779896843
|move|p1a: Tsareena|Trop Kick|p2a: BugsAlot
|-damage|p2a: BugsAlot|8/100
|-unboost|p2a: BugsAlot|atk|1
|move|p2a: BugsAlot|Liquidation|p1a: Tsareena
|-resisted|p1a: Tsareena
|-damage|p1a: Tsareena|75/100 tox
|
|-damage|p1a: Tsareena|69/100 tox|[from] psn
|upkeep
|turn|23
|c|☆iifisislwlsosos|Araquanid is goated
|
|t:|1779896865
|move|p1a: Tsareena|Rapid Spin|p2a: BugsAlot
|-damage|p2a: BugsAlot|0 fnt
|-boost|p1a: Tsareena|spe|1
|-sideend|p1: iifisislwlsosos|Sticky Web|[from] move: Rapid Spin|[of] p1a: Tsareena
|faint|p2a: BugsAlot
|
|-damage|p1a: Tsareena|57/100 tox|[from] psn
|upkeep
|c|☆SparkyBoomBoomBoiY|Yup
|
|t:|1779896872
|switch|p2a: Latinas!|Latias, F|100/100
|-damage|p2a: Latinas!|88/100|[from] Stealth Rock
|turn|24
|
|t:|1779896887
|move|p2a: Latinas!|Mist Ball|p1a: Tsareena
|-damage|p1a: Tsareena|0 fnt
|faint|p1a: Tsareena
|
|upkeep
|
|t:|1779896890
|switch|p1a: Swampert|Swampert, F|52/100
|turn|25
|
|t:|1779896907
|-terastallize|p2a: Latinas!|Dragon
|-terastallize|p1a: Swampert|Fairy
|move|p2a: Latinas!|Draco Meteor|p1a: Swampert
|-immune|p1a: Swampert
|move|p1a: Swampert|Mirror Coat||[still]
|-fail|p1a: Swampert
|
|upkeep
|turn|26
|c|☆SparkyBoomBoomBoiY|I would hope to out spped here
|c|☆SparkyBoomBoomBoiY|What a good tera
|
|t:|1779896929
|move|p2a: Latinas!|Calm Mind|p2a: Latinas!
|-boost|p2a: Latinas!|spa|1
|-boost|p2a: Latinas!|spd|1
|move|p1a: Swampert|Mirror Coat||[still]
|-fail|p1a: Swampert
|
|upkeep
|turn|27
|
|t:|1779896935
|move|p2a: Latinas!|Calm Mind|p2a: Latinas!
|-boost|p2a: Latinas!|spa|1
|-boost|p2a: Latinas!|spd|1
|move|p1a: Swampert|Knock Off|p2a: Latinas!
|-damage|p2a: Latinas!|57/100
|-enditem|p2a: Latinas!|Soul Dew|[from] move: Knock Off|[of] p1a: Swampert
|
|upkeep
|turn|28
|
|t:|1779896942
|move|p2a: Latinas!|Calm Mind|p2a: Latinas!
|-boost|p2a: Latinas!|spa|1
|-boost|p2a: Latinas!|spd|1
|move|p1a: Swampert|Knock Off|p2a: Latinas!
|-damage|p2a: Latinas!|35/100
|
|upkeep
|turn|29
|
|t:|1779896950
|move|p2a: Latinas!|Calm Mind|p2a: Latinas!
|-boost|p2a: Latinas!|spa|1
|-boost|p2a: Latinas!|spd|1
|move|p1a: Swampert|Mirror Coat||[still]
|-fail|p1a: Swampert
|
|upkeep
|turn|30
|
|t:|1779896967
|move|p2a: Latinas!|Calm Mind|p2a: Latinas!
|-boost|p2a: Latinas!|spa|1
|-boost|p2a: Latinas!|spd|1
|move|p1a: Swampert|Mirror Coat||[still]
|-fail|p1a: Swampert
|
|upkeep
|turn|31
|c|☆SparkyBoomBoomBoiY|Im a have to one shot to win
|
|t:|1779896984
|move|p2a: Latinas!|Calm Mind|p2a: Latinas!
|-boost|p2a: Latinas!|spa|1
|-boost|p2a: Latinas!|spd|1
|move|p1a: Swampert|Knock Off|p2a: Latinas!
|-damage|p2a: Latinas!|16/100
|
|upkeep
|turn|32
|
|t:|1779896991
|move|p2a: Latinas!|Mist Ball|p1a: Swampert
|-damage|p1a: Swampert|0 fnt
|faint|p1a: Swampert
|
|win|SparkyBoomBoomBoiY
|raw|iifisislwlsosos's rating: 1060 &rarr; <strong>1044</strong><br />(-16 for losing)
|raw|SparkyBoomBoomBoiY's rating: 1106 &rarr; <strong>1128</strong><br />(+22 for winning)
|c|☆SparkyBoomBoomBoiY|Phew
|c|☆SparkyBoomBoomBoiY|Ggs
|c|☆iifisislwlsosos|Damn
|c|☆iifisislwlsosos|Ggs
|c|☆SparkyBoomBoomBoiY|Was really gun
|c|☆SparkyBoomBoomBoiY|Fun
|c|☆iifisislwlsosos|Nice team
