|j|☆claudechamp
|j|☆ssj_95
|t:|1779837683
|gametype|singles
|player|p1|claudechamp|265|1214
|player|p2|ssj_95|rosa|1231
|gen|9
|tier|[Gen 9] OU
|rated|
|rule|HP Percentage Mod: HP is shown in percentages
|rule|Endless Battle Clause: Forcing endless battles is banned
|rule|Species Clause: Limit one of each Pokémon
|rule|OHKO Clause: OHKO moves are banned
|rule|Evasion Items Clause: Evasion items are banned
|rule|Evasion Moves Clause: Evasion moves are banned
|rule|Evasion Abilities Clause: Evasion abilities are banned
|rule|Sleep Moves Clause: Sleep-inducing moves are banned
|clearpoke
|poke|p1|Gliscor, F|
|poke|p1|Ogerpon, F|
|poke|p1|Walking Wake|
|poke|p1|Blissey, F|
|poke|p1|Corviknight, M|
|poke|p1|Pecharunt|
|poke|p2|Dragonite, M|
|poke|p2|Excadrill, M|
|poke|p2|Blaziken, M|
|poke|p2|Vaporeon, F|
|poke|p2|Gengar, M|
|poke|p2|Rillaboom, M|
|teampreview
|c|☆claudechamp|hf
|inactive|Battle timer is ON: inactive players will automatically lose when time's up. (requested by claudechamp)
|inactive|ssj_95 also wants the timer to be on.
|
|t:|1779837696
|teamsize|p1|6
|teamsize|p2|6
|start
|switch|p1a: Gliscor|Gliscor, F|100/100
|switch|p2a: Dragonite|Dragonite, M|100/100
|turn|1
|
|t:|1779837719
|move|p1a: Gliscor|Spikes|p2a: Dragonite
|-sidestart|p2: ssj_95|Spikes
|move|p2a: Dragonite|Dragon Dance|p2a: Dragonite
|-boost|p2a: Dragonite|atk|1
|-boost|p2a: Dragonite|spe|1
|
|-status|p1a: Gliscor|tox|[from] item: Toxic Orb
|upkeep
|turn|2
|
|t:|1779837721
|move|p2a: Dragonite|Dragon Dance|p2a: Dragonite
|-boost|p2a: Dragonite|atk|1
|-boost|p2a: Dragonite|spe|1
|move|p1a: Gliscor|Toxic|p2a: Dragonite
|-status|p2a: Dragonite|tox
|
|-damage|p2a: Dragonite|94/100 tox|[from] psn
|upkeep
|turn|3
|
|t:|1779837723
|switch|p1a: Pecharunt|Pecharunt|100/100
|move|p2a: Dragonite|Dragon Dance|p2a: Dragonite
|-boost|p2a: Dragonite|atk|1
|-boost|p2a: Dragonite|spe|1
|
|-heal|p2a: Dragonite|100/100 tox|[from] item: Leftovers
|-damage|p2a: Dragonite|88/100 tox|[from] psn
|upkeep
|turn|4
|
|t:|1779837726
|move|p2a: Dragonite|Dragon Claw|p1a: Pecharunt
|-damage|p1a: Pecharunt|43/100
|move|p1a: Pecharunt|Foul Play|p2a: Dragonite
|-damage|p2a: Dragonite|0 fnt
|faint|p2a: Dragonite
|
|upkeep
|
|t:|1779837736
|switch|p2a: Excadrill|Excadrill, M|100/100
|-ability|p2a: Excadrill|Mold Breaker
|-item|p2a: Excadrill|Air Balloon
|turn|5
|
|t:|1779837739
|-terastallize|p1a: Pecharunt|Dark
|move|p2a: Excadrill|Earthquake|p1a: Pecharunt
|-damage|p1a: Pecharunt|15/100
|move|p1a: Pecharunt|Recover|p1a: Pecharunt
|-heal|p1a: Pecharunt|65/100
|
|upkeep
|turn|6
|
|t:|1779837745
|move|p2a: Excadrill|Rapid Spin|p1a: Pecharunt
|-damage|p1a: Pecharunt|57/100
|-boost|p2a: Excadrill|spe|1
|-sideend|p2: ssj_95|Spikes|[from] move: Rapid Spin|[of] p2a: Excadrill
|move|p1a: Pecharunt|Foul Play|p2a: Excadrill
|-damage|p2a: Excadrill|33/100
|-enditem|p2a: Excadrill|Air Balloon
|
|upkeep
|turn|7
|
|t:|1779837747
|move|p2a: Excadrill|Iron Head|p1a: Pecharunt
|-damage|p1a: Pecharunt|38/100
|move|p1a: Pecharunt|Foul Play|p2a: Excadrill
|-damage|p2a: Excadrill|0 fnt
|faint|p2a: Excadrill
|
|upkeep
|
|t:|1779837753
|switch|p2a: Blaziken|Blaziken, M|100/100
|turn|8
|
|t:|1779837755
|move|p2a: Blaziken|Protect|p2a: Blaziken
|-singleturn|p2a: Blaziken|Protect
|move|p1a: Pecharunt|Recover|p1a: Pecharunt
|-heal|p1a: Pecharunt|88/100
|
|-ability|p2a: Blaziken|Speed Boost|boost
|-boost|p2a: Blaziken|spe|1
|upkeep
|turn|9
|
|t:|1779837763
|move|p2a: Blaziken|Close Combat|p1a: Pecharunt
|-supereffective|p1a: Pecharunt
|-damage|p1a: Pecharunt|37/100
|-unboost|p2a: Blaziken|def|1
|-unboost|p2a: Blaziken|spd|1
|move|p1a: Pecharunt|Malignant Chain|p2a: Blaziken
|-damage|p2a: Blaziken|22/100
|-status|p2a: Blaziken|tox
|-start|p2a: Blaziken|confusion|[from] ability: Poison Puppeteer|[of] p1a: Pecharunt
|
|-damage|p2a: Blaziken|16/100 tox|[from] psn
|-ability|p2a: Blaziken|Speed Boost|boost
|-boost|p2a: Blaziken|spe|1
|upkeep
|turn|10
|
|t:|1779837766
|switch|p1a: Gliscor|Gliscor, F|100/100 tox
|-activate|p2a: Blaziken|confusion
|move|p2a: Blaziken|Close Combat|p1a: Gliscor
|-resisted|p1a: Gliscor
|-damage|p1a: Gliscor|79/100 tox
|-unboost|p2a: Blaziken|def|1
|-unboost|p2a: Blaziken|spd|1
|
|-damage|p2a: Blaziken|4/100 tox|[from] psn
|-heal|p1a: Gliscor|92/100 tox|[from] ability: Poison Heal
|-ability|p2a: Blaziken|Speed Boost|boost
|-boost|p2a: Blaziken|spe|1
|upkeep
|turn|11
|
|t:|1779837769
|-activate|p2a: Blaziken|confusion
|move|p2a: Blaziken|Flamethrower|p1a: Gliscor
|-damage|p1a: Gliscor|52/100 tox
|move|p1a: Gliscor|Earthquake|p2a: Blaziken
|-supereffective|p2a: Blaziken
|-damage|p2a: Blaziken|0 fnt
|faint|p2a: Blaziken
|
|-heal|p1a: Gliscor|64/100 tox|[from] ability: Poison Heal
|upkeep
|
|t:|1779837781
|switch|p2a: Vaporeon|Vaporeon, F|100/100
|turn|12
|
|t:|1779837783
|move|p1a: Gliscor|Spikes|p2a: Vaporeon
|-sidestart|p2: ssj_95|Spikes
|move|p2a: Vaporeon|Ice Beam|p1a: Gliscor
|-supereffective|p1a: Gliscor
|-damage|p1a: Gliscor|0 fnt
|faint|p1a: Gliscor
|
|upkeep
|
|t:|1779837786
|switch|p1a: Pecharunt|Pecharunt, tera:Dark|37/100
|turn|13
|
|t:|1779837789
|move|p1a: Pecharunt|Recover|p1a: Pecharunt
|-heal|p1a: Pecharunt|87/100
|move|p2a: Vaporeon|Alluring Voice|p1a: Pecharunt
|-supereffective|p1a: Pecharunt
|-damage|p1a: Pecharunt|28/100
|
|upkeep
|turn|14
|
|t:|1779837793
|move|p1a: Pecharunt|Parting Shot|p2a: Vaporeon
|-unboost|p2a: Vaporeon|atk|1
|-unboost|p2a: Vaporeon|spa|1
|
|t:|1779837795
|switch|p1a: Blissey|Blissey, F|100/100|[from] Parting Shot
|move|p2a: Vaporeon|Substitute|p2a: Vaporeon
|-start|p2a: Vaporeon|Substitute
|-damage|p2a: Vaporeon|76/100
|
|-heal|p2a: Vaporeon|82/100|[from] item: Leftovers
|upkeep
|turn|15
|
|t:|1779837798
|switch|p2a: Rillaboom|Rillaboom, M|100/100
|-damage|p2a: Rillaboom|88/100|[from] Spikes
|-fieldstart|move: Grassy Terrain|[from] ability: Grassy Surge|[of] p2a: Rillaboom
|move|p1a: Blissey|Seismic Toss|p2a: Rillaboom
|-damage|p2a: Rillaboom|59/100
|
|-heal|p2a: Rillaboom|65/100|[from] Grassy Terrain
|upkeep
|turn|16
|
|t:|1779837802
|switch|p1a: Ogerpon|Ogerpon, F|100/100
|move|p2a: Rillaboom|Fake Out|p1a: Ogerpon
|-damage|p1a: Ogerpon|73/100
|-damage|p2a: Rillaboom|55/100|[from] item: Life Orb
|
|-heal|p1a: Ogerpon|79/100|[from] Grassy Terrain
|-heal|p2a: Rillaboom|61/100|[from] Grassy Terrain
|upkeep
|turn|17
|
|t:|1779837810
|move|p1a: Ogerpon|U-turn|p2a: Rillaboom
|-supereffective|p2a: Rillaboom
|-damage|p2a: Rillaboom|17/100
|
|t:|1779837816
|switch|p1a: Corviknight|Corviknight, M|100/100|[from] U-turn
|-ability|p1a: Corviknight|Pressure
|move|p2a: Rillaboom|Knock Off|p1a: Corviknight
|-damage|p1a: Corviknight|70/100
|-enditem|p1a: Corviknight|Heavy-Duty Boots|[from] move: Knock Off|[of] p2a: Rillaboom
|-damage|p2a: Rillaboom|7/100|[from] item: Life Orb
|
|-heal|p2a: Rillaboom|13/100|[from] Grassy Terrain
|upkeep
|turn|18
|
|t:|1779837824
|move|p2a: Rillaboom|Drain Punch|p1a: Corviknight
|-damage|p1a: Corviknight|47/100
|-heal|p2a: Rillaboom|26/100|[from] drain|[of] p1a: Corviknight
|-damage|p2a: Rillaboom|16/100|[from] item: Life Orb
|move|p1a: Corviknight|U-turn|p2a: Rillaboom
|-supereffective|p2a: Rillaboom
|-damage|p2a: Rillaboom|0 fnt
|faint|p2a: Rillaboom
|
|t:|1779837833
|switch|p1a: Pecharunt|Pecharunt, tera:Dark|28/100|[from] U-turn
|
|-heal|p1a: Pecharunt|34/100|[from] Grassy Terrain
|upkeep
|
|t:|1779837837
|switch|p2a: Vaporeon|Vaporeon, F|82/100
|-damage|p2a: Vaporeon|69/100|[from] Spikes
|turn|19
|-message|ssj_95 forfeited.
|
|win|claudechamp
|raw|claudechamp's rating: 1214 &rarr; <strong>1240</strong><br />(+26 for winning)
|raw|ssj_95's rating: 1231 &rarr; <strong>1205</strong><br />(-26 for losing)
|l|☆ssj_95
|player|p2|
|c|☆claudechamp|gg
