|j|☆zekeisacat
|j|☆mcblhyxer
|t:|1779908381
|gametype|singles
|player|p1|zekeisacat|1|1256
|player|p2|mcblhyxer|265|1243
|gen|9
|tier|[Gen 9] OU
|rated|
|rule|HP Percentage Mod: HP is shown in percentages
|rule|Endless Battle Clause: Forcing endless battles is banned
|rule|Species Clause: Limit one of each Pokémon
|rule|OHKO Clause: OHKO moves are banned
|rule|Evasion Items Clause: Evasion items are banned
|rule|Evasion Moves Clause: Evasion moves are banned
|rule|Evasion Abilities Clause: Evasion abilities are banned
|rule|Sleep Moves Clause: Sleep-inducing moves are banned
|clearpoke
|poke|p1|Walking Wake|
|poke|p1|Great Tusk|
|poke|p1|Ninetales, M|
|poke|p1|Cresselia, F|
|poke|p1|Zarude|
|poke|p1|Ceruledge, F|
|poke|p2|Slowking-Galar, F|
|poke|p2|Kyurem|
|poke|p2|Alomomola, M|
|poke|p2|Cinderace, F|
|poke|p2|Great Tusk|
|poke|p2|Dragonite, F|
|teampreview
|inactive|Battle timer is ON: inactive players will automatically lose when time's up. (requested by zekeisacat)
|
|t:|1779908406
|teamsize|p1|6
|teamsize|p2|6
|start
|switch|p1a: Zarude|Zarude|100/100
|switch|p2a: Slowking|Slowking-Galar, F|100/100
|turn|1
|
|t:|1779908420
|switch|p2a: Alomomola|Alomomola, M|100/100
|move|p1a: Zarude|Knock Off|p2a: Alomomola
|-damage|p2a: Alomomola|76/100
|-damage|p1a: Zarude|84/100|[from] item: Rocky Helmet|[of] p2a: Alomomola
|-enditem|p2a: Alomomola|Rocky Helmet|[from] move: Knock Off|[of] p1a: Zarude
|
|-heal|p1a: Zarude|90/100|[from] item: Leftovers
|upkeep
|turn|2
|
|t:|1779908432
|move|p1a: Zarude|Power Whip|p2a: Alomomola|[miss]
|-miss|p1a: Zarude|p2a: Alomomola
|move|p2a: Alomomola|Flip Turn|p1a: Zarude
|-resisted|p1a: Zarude
|-damage|p1a: Zarude|82/100
|
|t:|1779908435
|switch|p2a: Cinderace|Cinderace, F|100/100|[from] Flip Turn
|
|-heal|p1a: Zarude|89/100|[from] item: Leftovers
|upkeep
|turn|3
|
|t:|1779908443
|switch|p1a: Walking Wake|Walking Wake|100/100
|move|p2a: Cinderace|U-turn|p1a: Walking Wake
|-start|p2a: Cinderace|typechange|Bug|[from] ability: Libero
|-damage|p1a: Walking Wake|61/100
|
|t:|1779908452
|switch|p2a: Slowking|Slowking-Galar, F|100/100|[from] U-turn
|
|upkeep
|turn|4
|
|t:|1779908461
|-end|p1a: Walking Wake|Protosynthesis|[silent]
|switch|p1a: Great Tusk|Great Tusk|100/100
|move|p2a: Slowking|Future Sight|p1a: Great Tusk
|-start|p2a: Slowking|move: Future Sight
|
|upkeep
|turn|5
|
|t:|1779908471
|switch|p2a: Alomomola|Alomomola, M|100/100
|move|p1a: Great Tusk|Ice Spinner|p2a: Alomomola
|-resisted|p2a: Alomomola
|-damage|p2a: Alomomola|92/100
|
|upkeep
|turn|6
|
|t:|1779908478
|-end|p1a: Great Tusk|Protosynthesis|[silent]
|switch|p1a: Zarude|Zarude|89/100
|move|p2a: Alomomola|Flip Turn|p1a: Zarude
|-resisted|p1a: Zarude
|-damage|p1a: Zarude|81/100
|
|t:|1779908481
|switch|p2a: Cinderace|Cinderace, F|100/100|[from] Flip Turn
|
|-end|p1a: Zarude|move: Future Sight
|-immune|p1a: Zarude
|-heal|p1a: Zarude|87/100|[from] item: Leftovers
|upkeep
|turn|7
|
|t:|1779908487
|switch|p1a: Ceruledge|Ceruledge, F|100/100
|move|p2a: Cinderace|U-turn|p1a: Ceruledge
|-start|p2a: Cinderace|typechange|Bug|[from] ability: Libero
|-resisted|p1a: Ceruledge
|-damage|p1a: Ceruledge|86/100
|-ability|p1a: Ceruledge|Weak Armor|boost
|-unboost|p1a: Ceruledge|def|1
|-boost|p1a: Ceruledge|spe|2
|
|t:|1779908505
|switch|p2a: Alomomola|Alomomola, M|100/100|[from] U-turn
|
|upkeep
|turn|8
|
|t:|1779908529
|switch|p1a: Zarude|Zarude|87/100
|move|p2a: Alomomola|Flip Turn|p1a: Zarude
|-resisted|p1a: Zarude
|-damage|p1a: Zarude|79/100
|
|t:|1779908533
|switch|p2a: Cinderace|Cinderace, F|100/100|[from] Flip Turn
|
|-heal|p1a: Zarude|85/100|[from] item: Leftovers
|upkeep
|turn|9
|
|t:|1779908540
|switch|p1a: Ceruledge|Ceruledge, F|86/100
|move|p2a: Cinderace|U-turn|p1a: Ceruledge
|-start|p2a: Cinderace|typechange|Bug|[from] ability: Libero
|-resisted|p1a: Ceruledge
|-damage|p1a: Ceruledge|74/100
|-ability|p1a: Ceruledge|Weak Armor|boost
|-unboost|p1a: Ceruledge|def|1
|-boost|p1a: Ceruledge|spe|2
|
|t:|1779908544
|switch|p2a: Alomomola|Alomomola, M|100/100|[from] U-turn
|
|upkeep
|turn|10
|
|t:|1779908547
|switch|p1a: Walking Wake|Walking Wake|61/100
|move|p2a: Alomomola|Scald|p1a: Walking Wake
|-resisted|p1a: Walking Wake
|-damage|p1a: Walking Wake|57/100
|
|upkeep
|turn|11
|
|t:|1779908553
|move|p2a: Alomomola|Flip Turn|p1a: Walking Wake
|-resisted|p1a: Walking Wake
|-damage|p1a: Walking Wake|52/100
|
|t:|1779908560
|switch|p2a: Slowking|Slowking-Galar, F|100/100|[from] Flip Turn
|move|p1a: Walking Wake|Dragon Tail|p2a: Slowking
|-damage|p2a: Slowking|84/100
|drag|p2a: Alomomola|Alomomola, M|100/100
|
|upkeep
|turn|12
|
|t:|1779908567
|move|p2a: Alomomola|Flip Turn|p1a: Walking Wake
|-resisted|p1a: Walking Wake
|-damage|p1a: Walking Wake|48/100
|
|t:|1779908572
|switch|p2a: Slowking|Slowking-Galar, F|100/100|[from] Flip Turn
|move|p1a: Walking Wake|Dragon Tail|p2a: Slowking
|-damage|p2a: Slowking|82/100
|drag|p2a: Great Tusk|Great Tusk|100/100
|
|upkeep
|turn|13
|
|t:|1779908580
|-end|p1a: Walking Wake|Protosynthesis|[silent]
|switch|p1a: Zarude|Zarude|85/100
|move|p2a: Great Tusk|Stealth Rock|p1a: Zarude
|-sidestart|p1: zekeisacat|move: Stealth Rock
|
|-heal|p1a: Zarude|92/100|[from] item: Leftovers
|upkeep
|turn|14
|inactive|mcblhyxer has 120 seconds left.
|
|t:|1779908624
|move|p1a: Zarude|Swords Dance|p1a: Zarude
|-boost|p1a: Zarude|atk|2
|move|p2a: Great Tusk|Ice Spinner|p1a: Zarude
|-supereffective|p1a: Zarude
|-damage|p1a: Zarude|40/100
|
|-heal|p1a: Zarude|46/100|[from] item: Leftovers
|upkeep
|turn|15
|
|t:|1779908630
|-terastallize|p2a: Great Tusk|Steel
|move|p1a: Zarude|Synthesis|p1a: Zarude
|-heal|p1a: Zarude|96/100
|move|p2a: Great Tusk|Ice Spinner|p1a: Zarude
|-supereffective|p1a: Zarude
|-damage|p1a: Zarude|48/100
|
|-heal|p1a: Zarude|54/100|[from] item: Leftovers
|upkeep
|turn|16
|
|t:|1779908636
|move|p1a: Zarude|Knock Off|p2a: Great Tusk
|-damage|p2a: Great Tusk|28/100
|-enditem|p2a: Great Tusk|Heavy-Duty Boots|[from] move: Knock Off|[of] p1a: Zarude
|move|p2a: Great Tusk|Ice Spinner|p1a: Zarude
|-supereffective|p1a: Zarude
|-damage|p1a: Zarude|5/100
|
|-heal|p1a: Zarude|11/100|[from] item: Leftovers
|upkeep
|turn|17
|
|t:|1779908642
|move|p1a: Zarude|Knock Off|p2a: Great Tusk
|-damage|p2a: Great Tusk|0 fnt
|faint|p2a: Great Tusk
|-end|p2a: Great Tusk|Protosynthesis|[silent]
|
|-heal|p1a: Zarude|17/100|[from] item: Leftovers
|upkeep
|
|t:|1779908644
|switch|p2a: Cinderace|Cinderace, F|100/100
|turn|18
|
|t:|1779908652
|move|p2a: Cinderace|Gunk Shot|p1a: Zarude
|-start|p2a: Cinderace|typechange|Poison|[from] ability: Libero
|-supereffective|p1a: Zarude
|-damage|p1a: Zarude|0 fnt
|faint|p1a: Zarude
|
|upkeep
|
|t:|1779908655
|switch|p1a: Great Tusk|Great Tusk|100/100
|-damage|p1a: Great Tusk|97/100|[from] Stealth Rock
|turn|19
|
|t:|1779908659
|switch|p2a: Dragonite|Dragonite, F|100/100
|move|p1a: Great Tusk|Rapid Spin|p2a: Dragonite
|-damage|p2a: Dragonite|90/100
|-boost|p1a: Great Tusk|spe|1
|-sideend|p1: zekeisacat|Stealth Rock|[from] move: Rapid Spin|[of] p1a: Great Tusk
|
|upkeep
|turn|20
|
|t:|1779908680
|switch|p2a: Alomomola|Alomomola, M|100/100
|move|p1a: Great Tusk|Headlong Rush|p2a: Alomomola
|-damage|p2a: Alomomola|65/100
|-unboost|p1a: Great Tusk|def|1
|-unboost|p1a: Great Tusk|spd|1
|
|upkeep
|turn|21
|
|t:|1779908693
|-end|p1a: Great Tusk|Protosynthesis|[silent]
|switch|p1a: Cresselia|Cresselia, F|100/100
|move|p2a: Alomomola|Flip Turn|p1a: Cresselia
|-damage|p1a: Cresselia|90/100
|-enditem|p1a: Cresselia|Eject Button
|
|t:|1779908699
|switch|p1a: Walking Wake|Walking Wake|48/100
|
|upkeep
|turn|22
|
|t:|1779908702
|move|p1a: Walking Wake|Draco Meteor|p2a: Alomomola|[miss]
|-miss|p1a: Walking Wake|p2a: Alomomola
|move|p2a: Alomomola|Wish|p2a: Alomomola
|
|upkeep
|turn|23
|
|t:|1779908710
|move|p2a: Alomomola|Protect|p2a: Alomomola
|-singleturn|p2a: Alomomola|Protect
|move|p1a: Walking Wake|Dragon Tail|p2a: Alomomola
|-activate|p2a: Alomomola|move: Protect
|
|-heal|p2a: Alomomola|100/100|[from] move: Wish|[wisher] Alomomola
|upkeep
|turn|24
|
|t:|1779908715
|-end|p1a: Walking Wake|Protosynthesis|[silent]
|switch|p1a: Ninetales|Ninetales, M|100/100
|-weather|SunnyDay|[from] ability: Drought|[of] p1a: Ninetales
|move|p2a: Alomomola|Flip Turn|p1a: Ninetales
|-supereffective|p1a: Ninetales
|-damage|p1a: Ninetales|80/100
|
|t:|1779908718
|switch|p2a: Slowking|Slowking-Galar, F|100/100|[from] Flip Turn
|
|-weather|SunnyDay|[upkeep]
|upkeep
|turn|25
|
|t:|1779908722
|move|p1a: Ninetales|Will-O-Wisp|p2a: Slowking
|-status|p2a: Slowking|brn
|-prepare|p2a: Slowking|Chilly Reception|[premajor]
|move|p2a: Slowking|Chilly Reception|p2a: Slowking
|-weather|Snowscape
|
|t:|1779908725
|switch|p2a: Kyurem|Kyurem|100/100|[from] Chilly Reception
|-ability|p2a: Kyurem|Pressure
|
|-weather|Snowscape|[upkeep]
|upkeep
|turn|26
|
|t:|1779908736
|switch|p1a: Cresselia|Cresselia, F|90/100
|move|p2a: Kyurem|Blizzard|p1a: Cresselia
|-damage|p1a: Cresselia|44/100
|-status|p1a: Cresselia|frz
|
|-weather|Snowscape|[upkeep]
|upkeep
|turn|27
|l|☆zekeisacat
|inactive|zekeisacat disconnected and has a minute to reconnect!
|player|p1|
|inactive|zekeisacat has 30 seconds to reconnect!
|inactive|zekeisacat has 20 seconds to reconnect!
|inactive|zekeisacat has 15 seconds to reconnect!
|inactive|zekeisacat has 10 seconds to reconnect!
|inactive|zekeisacat has 5 seconds to reconnect!
|-message|zekeisacat lost due to inactivity.
|
|win|mcblhyxer
|raw|zekeisacat's rating: 1256 &rarr; <strong>1230</strong><br />(-26 for losing)
|raw|mcblhyxer's rating: 1243 &rarr; <strong>1269</strong><br />(+26 for winning)
|l|☆mcblhyxer
|player|p2|
|j|☆mcblhyxer
|player|p2|mcblhyxer|265|
