|j|☆zermoon
|j|☆lonoyyy
|t:|1779893271
|gametype|singles
|player|p1|zermoon|265|1248
|player|p2|lonoyyy|miku-ghost|1239
|gen|9
|tier|[Gen 9] OU
|rated|
|rule|HP Percentage Mod: HP is shown in percentages
|rule|Endless Battle Clause: Forcing endless battles is banned
|rule|Species Clause: Limit one of each Pokémon
|rule|OHKO Clause: OHKO moves are banned
|rule|Evasion Items Clause: Evasion items are banned
|rule|Evasion Moves Clause: Evasion moves are banned
|rule|Evasion Abilities Clause: Evasion abilities are banned
|rule|Sleep Moves Clause: Sleep-inducing moves are banned
|clearpoke
|poke|p1|Primarina, M|
|poke|p1|Ceruledge, M|
|poke|p1|Hydrapple, M|
|poke|p1|Gallade, M|
|poke|p1|Gligar, M|
|poke|p1|Kingambit, M|
|poke|p2|Tyranitar, F|
|poke|p2|Excadrill, F|
|poke|p2|Keldeo-Resolute|
|poke|p2|Tornadus-Therian, M|
|poke|p2|Heatran, M|
|poke|p2|Hydrapple, M|
|teampreview
|
|t:|1779893282
|teamsize|p1|6
|teamsize|p2|6
|start
|switch|p1a: Primarina|Primarina, M|100/100
|switch|p2a: Tyranitar|Tyranitar, F|100/100
|-weather|Sandstorm|[from] ability: Sand Stream|[of] p2a: Tyranitar
|turn|1
|inactive|Battle timer is ON: inactive players will automatically lose when time's up. (requested by lonoyyy)
|
|t:|1779893295
|move|p2a: Tyranitar|Stone Edge|p1a: Primarina|[miss]
|-miss|p2a: Tyranitar|p1a: Primarina
|move|p1a: Primarina|Moonblast|p2a: Tyranitar
|-supereffective|p2a: Tyranitar
|-damage|p2a: Tyranitar|34/100
|
|-weather|Sandstorm|[upkeep]
|-damage|p1a: Primarina|94/100|[from] Sandstorm
|upkeep
|turn|2
|
|t:|1779893308
|move|p2a: Tyranitar|Stone Edge|p1a: Primarina
|-crit|p1a: Primarina
|-damage|p1a: Primarina|0 fnt
|faint|p1a: Primarina
|
|-weather|Sandstorm|[upkeep]
|upkeep
|
|t:|1779893315
|switch|p1a: Gligar|Gligar, M, shiny|100/100
|turn|3
|
|t:|1779893325
|switch|p2a: Excadrill|Excadrill, F|100/100
|-item|p2a: Excadrill|Air Balloon
|move|p1a: Gligar|Stealth Rock|p2a: Excadrill
|-sidestart|p2: lonoyyy|move: Stealth Rock
|
|-weather|Sandstorm|[upkeep]
|upkeep
|turn|4
|
|t:|1779893335
|move|p2a: Excadrill|Swords Dance|p2a: Excadrill
|-boost|p2a: Excadrill|atk|2
|move|p1a: Gligar|Spikes|p2a: Excadrill
|-sidestart|p2: lonoyyy|Spikes
|
|-weather|Sandstorm|[upkeep]
|upkeep
|turn|5
|
|t:|1779893345
|move|p2a: Excadrill|Rapid Spin|p1a: Gligar
|-damage|p1a: Gligar|76/100
|-boost|p2a: Excadrill|spe|1
|-sideend|p2: lonoyyy|Spikes|[from] move: Rapid Spin|[of] p2a: Excadrill
|-sideend|p2: lonoyyy|Stealth Rock|[from] move: Rapid Spin|[of] p2a: Excadrill
|move|p1a: Gligar|Spikes|p2a: Excadrill
|-sidestart|p2: lonoyyy|Spikes
|
|-weather|none
|upkeep
|turn|6
|
|t:|1779893354
|move|p2a: Excadrill|Iron Head|p1a: Gligar
|-damage|p1a: Gligar|15/100
|move|p1a: Gligar|U-turn|p2a: Excadrill
|-resisted|p2a: Excadrill
|-damage|p2a: Excadrill|92/100
|-enditem|p2a: Excadrill|Air Balloon
|
|t:|1779893365
|switch|p1a: Gallade|Gallade, M|100/100|[from] U-turn
|
|upkeep
|turn|7
|
|t:|1779893373
|move|p1a: Gallade|Sacred Sword|p2a: Excadrill
|-supereffective|p2a: Excadrill
|-damage|p2a: Excadrill|0 fnt
|faint|p2a: Excadrill
|
|upkeep
|
|t:|1779893387
|switch|p2a: Hydrapple|Hydrapple, M|100/100
|-damage|p2a: Hydrapple|88/100|[from] Spikes
|turn|8
|
|t:|1779893409
|move|p1a: Gallade|Sacred Sword|p2a: Hydrapple
|-damage|p2a: Hydrapple|48/100
|-damage|p1a: Gallade|84/100|[from] item: Rocky Helmet|[of] p2a: Hydrapple
|move|p2a: Hydrapple|Fickle Beam|p1a: Gallade
|-damage|p1a: Gallade|49/100
|
|upkeep
|turn|9
|
|t:|1779893418
|-terastallize|p2a: Hydrapple|Fairy
|move|p1a: Gallade|Sacred Sword|p2a: Hydrapple
|-resisted|p2a: Hydrapple
|-damage|p2a: Hydrapple|28/100
|-damage|p1a: Gallade|33/100|[from] item: Rocky Helmet|[of] p2a: Hydrapple
|move|p2a: Hydrapple|Giga Drain|p1a: Gallade
|-damage|p1a: Gallade|0 fnt
|-heal|p2a: Hydrapple|39/100|[from] drain|[of] p1a: Gallade
|faint|p1a: Gallade
|
|upkeep
|
|t:|1779893432
|switch|p1a: Hydrapple|Hydrapple, M|100/100
|turn|10
|
|t:|1779893441
|-terastallize|p1a: Hydrapple|Fire
|move|p1a: Hydrapple|Giga Drain|p2a: Hydrapple
|-damage|p2a: Hydrapple|0 fnt
|faint|p2a: Hydrapple
|
|upkeep
|
|t:|1779893449
|switch|p2a: Keldeo|Keldeo-Resolute|100/100
|-damage|p2a: Keldeo|88/100|[from] Spikes
|turn|11
|
|t:|1779893456
|move|p2a: Keldeo|Surf|p1a: Hydrapple
|-supereffective|p1a: Hydrapple
|-damage|p1a: Hydrapple|0 fnt
|faint|p1a: Hydrapple
|
|upkeep
|
|t:|1779893470
|switch|p1a: Ceruledge|Ceruledge, M|100/100
|turn|12
|
|t:|1779893484
|switch|p2a: Tornadus|Tornadus-Therian, M|100/100
|move|p1a: Ceruledge|Swords Dance|p1a: Ceruledge
|-boost|p1a: Ceruledge|atk|2
|
|upkeep
|turn|13
|
|t:|1779893498
|move|p2a: Tornadus|U-turn|p1a: Ceruledge
|-resisted|p1a: Ceruledge
|-damage|p1a: Ceruledge|96/100
|-ability|p1a: Ceruledge|Weak Armor|boost
|-unboost|p1a: Ceruledge|def|1
|-boost|p1a: Ceruledge|spe|2
|
|t:|1779893505
|switch|p2a: Tyranitar|Tyranitar, F|34/100|[from] U-turn
|-damage|p2a: Tyranitar|22/100|[from] Spikes
|-weather|Sandstorm|[from] ability: Sand Stream|[of] p2a: Tyranitar
|move|p1a: Ceruledge|Poltergeist|p2a: Tyranitar
|-activate|p2a: Tyranitar|move: Poltergeist|Choice Band
|-resisted|p2a: Tyranitar
|-damage|p2a: Tyranitar|0 fnt
|faint|p2a: Tyranitar
|
|-weather|Sandstorm|[upkeep]
|-damage|p1a: Ceruledge|90/100|[from] Sandstorm
|upkeep
|
|t:|1779893509
|switch|p2a: Keldeo|Keldeo-Resolute|88/100
|-damage|p2a: Keldeo|76/100|[from] Spikes
|turn|14
|
|t:|1779893524
|move|p1a: Ceruledge|Poltergeist|p2a: Keldeo|[miss]
|-miss|p1a: Ceruledge|p2a: Keldeo
|move|p2a: Keldeo|Surf|p1a: Ceruledge
|-supereffective|p1a: Ceruledge
|-damage|p1a: Ceruledge|0 fnt
|faint|p1a: Ceruledge
|
|-weather|Sandstorm|[upkeep]
|-damage|p2a: Keldeo|70/100|[from] Sandstorm
|upkeep
|
|t:|1779893536
|switch|p1a: Gligar|Gligar, M, shiny|15/100
|turn|15
|
|t:|1779893542
|move|p2a: Keldeo|Surf|p1a: Gligar
|-supereffective|p1a: Gligar
|-damage|p1a: Gligar|0 fnt
|faint|p1a: Gligar
|
|-weather|Sandstorm|[upkeep]
|-damage|p2a: Keldeo|63/100|[from] Sandstorm
|upkeep
|
|t:|1779893549
|switch|p1a: Kingambit|Kingambit, M|100/100
|-activate|p1a: Kingambit|ability: Supreme Overlord
|-start|p1a: Kingambit|fallen5|[silent]
|turn|16
|
|t:|1779893556
|switch|p2a: Tornadus|Tornadus-Therian, M|100/100
|move|p1a: Kingambit|Sucker Punch||[still]
|-fail|p1a: Kingambit
|
|-weather|Sandstorm|[upkeep]
|-damage|p2a: Tornadus|94/100|[from] Sandstorm
|upkeep
|turn|17
|
|t:|1779893564
|move|p1a: Kingambit|Sucker Punch|p2a: Tornadus
|-damage|p2a: Tornadus|2/100
|move|p2a: Tornadus|U-turn|p1a: Kingambit
|-damage|p1a: Kingambit|91/100
|
|t:|1779893567
|switch|p2a: Keldeo|Keldeo-Resolute|63/100|[from] U-turn
|-damage|p2a: Keldeo|51/100|[from] Spikes
|
|-weather|none
|upkeep
|turn|18
|
|t:|1779893575
|move|p2a: Keldeo|Vacuum Wave|p1a: Kingambit
|-supereffective|p1a: Kingambit
|-damage|p1a: Kingambit|0 fnt
|faint|p1a: Kingambit
|-end|p1a: Kingambit|fallen5|[silent]
|
|win|lonoyyy
|raw|zermoon's rating: 1248 &rarr; <strong>1222</strong><br />(-26 for losing)
|raw|lonoyyy's rating: 1239 &rarr; <strong>1265</strong><br />(+26 for winning)
|l|☆zermoon
|player|p1|
|l|☆lonoyyy
|player|p2|
