|j|☆billythekid95
|j|☆veronyl
|t:|1779889227
|gametype|singles
|player|p1|billythekid95|266|1450
|player|p2|veronyl|palmer|1408
|gen|9
|tier|[Gen 9] OU
|rated|
|rule|HP Percentage Mod: HP is shown in percentages
|rule|Endless Battle Clause: Forcing endless battles is banned
|rule|Species Clause: Limit one of each Pokémon
|rule|OHKO Clause: OHKO moves are banned
|rule|Evasion Items Clause: Evasion items are banned
|rule|Evasion Moves Clause: Evasion moves are banned
|rule|Evasion Abilities Clause: Evasion abilities are banned
|rule|Sleep Moves Clause: Sleep-inducing moves are banned
|clearpoke
|poke|p1|Quaquaval, M|
|poke|p1|Ninetales-Alola, F|
|poke|p1|Iron Treads|
|poke|p1|Latias, F|
|poke|p1|Ogerpon, F|
|poke|p1|Gholdengo|
|poke|p2|Glaceon, F|
|poke|p2|Ninetales-Alola, F|
|poke|p2|Basculegion-F, F|
|poke|p2|Ogerpon-Wellspring, F|
|poke|p2|Iron Treads|
|poke|p2|Weavile, F|
|teampreview
|inactive|Battle timer is ON: inactive players will automatically lose when time's up. (requested by veronyl)
|
|t:|1779889236
|teamsize|p1|6
|teamsize|p2|6
|start
|switch|p1a: Iron Treads|Iron Treads|100/100
|switch|p2a: Iron Treads|Iron Treads|100/100
|-enditem|p1a: Iron Treads|Booster Energy
|-activate|p1a: Iron Treads|ability: Quark Drive|[fromitem]
|-start|p1a: Iron Treads|quarkdrivespe
|-enditem|p2a: Iron Treads|Booster Energy
|-activate|p2a: Iron Treads|ability: Quark Drive|[fromitem]
|-start|p2a: Iron Treads|quarkdriveatk
|turn|1
|
|t:|1779889246
|move|p1a: Iron Treads|Earthquake|p2a: Iron Treads
|-supereffective|p2a: Iron Treads
|-damage|p2a: Iron Treads|12/100
|move|p2a: Iron Treads|Earthquake|p1a: Iron Treads
|-supereffective|p1a: Iron Treads
|-damage|p1a: Iron Treads|0 fnt
|faint|p1a: Iron Treads
|-end|p1a: Iron Treads|Quark Drive|[silent]
|
|upkeep
|
|t:|1779889253
|switch|p1a: Ogerpon|Ogerpon, F|100/100
|turn|2
|
|t:|1779889260
|move|p1a: Ogerpon|Ivy Cudgel|p2a: Iron Treads
|-damage|p2a: Iron Treads|0 fnt
|faint|p2a: Iron Treads
|-end|p2a: Iron Treads|Quark Drive|[silent]
|
|upkeep
|
|t:|1779889263
|switch|p2a: Ninetales|Ninetales-Alola, F|100/100
|-weather|Snowscape|[from] ability: Snow Warning|[of] p2a: Ninetales
|turn|3
|
|t:|1779889267
|move|p1a: Ogerpon|Taunt|p2a: Ninetales
|-start|p2a: Ninetales|move: Taunt
|cant|p2a: Ninetales|move: Taunt|Aurora Veil
|
|-weather|Snowscape|[upkeep]
|upkeep
|turn|4
|
|t:|1779889272
|move|p1a: Ogerpon|Knock Off|p2a: Ninetales
|-resisted|p2a: Ninetales
|-damage|p2a: Ninetales|86/100
|-enditem|p2a: Ninetales|Light Clay|[from] move: Knock Off|[of] p1a: Ogerpon
|move|p2a: Ninetales|Freeze-Dry|p1a: Ogerpon
|-supereffective|p1a: Ogerpon
|-damage|p1a: Ogerpon|57/100
|
|-weather|Snowscape|[upkeep]
|upkeep
|turn|5
|
|t:|1779889280
|move|p1a: Ogerpon|Swords Dance|p1a: Ogerpon
|-boost|p1a: Ogerpon|atk|2
|move|p2a: Ninetales|Freeze-Dry|p1a: Ogerpon
|-supereffective|p1a: Ogerpon
|-damage|p1a: Ogerpon|12/100
|
|-weather|Snowscape|[upkeep]
|-end|p2a: Ninetales|move: Taunt
|upkeep
|turn|6
|
|t:|1779889287
|move|p1a: Ogerpon|Ivy Cudgel|p2a: Ninetales
|-crit|p2a: Ninetales
|-damage|p2a: Ninetales|0 fnt
|faint|p2a: Ninetales
|
|-weather|Snowscape|[upkeep]
|upkeep
|
|t:|1779889290
|switch|p2a: Weavile|Weavile, F|100/100
|-ability|p2a: Weavile|Pressure
|turn|7
|
|t:|1779889296
|move|p2a: Weavile|Knock Off|p1a: Ogerpon
|-damage|p1a: Ogerpon|0 fnt
|-enditem|p1a: Ogerpon|Heavy-Duty Boots|[from] move: Knock Off|[of] p2a: Weavile
|faint|p1a: Ogerpon
|
|-weather|none
|upkeep
|
|t:|1779889301
|switch|p1a: Ninetales|Ninetales-Alola, F|100/100
|-weather|Snowscape|[from] ability: Snow Warning|[of] p1a: Ninetales
|turn|8
|
|t:|1779889308
|move|p2a: Weavile|Knock Off|p1a: Ninetales
|-resisted|p1a: Ninetales
|-damage|p1a: Ninetales|81/100
|-enditem|p1a: Ninetales|Light Clay|[from] move: Knock Off|[of] p2a: Weavile
|move|p1a: Ninetales|Aurora Veil|p1a: Ninetales
|-sidestart|p1: billythekid95|move: Aurora Veil
|
|-weather|Snowscape|[upkeep]
|upkeep
|turn|9
|
|t:|1779889315
|switch|p2a: Glaceon|Glaceon, F|100/100
|move|p1a: Ninetales|Moonblast|p2a: Glaceon
|-damage|p2a: Glaceon|70/100
|-unboost|p2a: Glaceon|spa|1
|
|-weather|Snowscape|[upkeep]
|-heal|p2a: Glaceon|76/100|[from] ability: Ice Body
|upkeep
|turn|10
|
|t:|1779889323
|move|p1a: Ninetales|Moonblast|p2a: Glaceon
|-damage|p2a: Glaceon|46/100
|move|p2a: Glaceon|Shadow Ball|p1a: Ninetales
|-damage|p1a: Ninetales|66/100
|
|-weather|Snowscape|[upkeep]
|-heal|p2a: Glaceon|52/100|[from] ability: Ice Body
|upkeep
|turn|11
|
|t:|1779889331
|switch|p2a: Basculegion|Basculegion-F, F|100/100
|move|p1a: Ninetales|Moonblast|p2a: Basculegion
|-damage|p2a: Basculegion|71/100
|
|-weather|Snowscape|[upkeep]
|upkeep
|turn|12
|
|t:|1779889337
|move|p2a: Basculegion|Flip Turn|p1a: Ninetales
|-damage|p1a: Ninetales|56/100
|
|t:|1779889339
|switch|p2a: Glaceon|Glaceon, F|52/100|[from] Flip Turn
|move|p1a: Ninetales|Freeze-Dry|p2a: Glaceon
|-resisted|p2a: Glaceon
|-damage|p2a: Glaceon|41/100
|
|-weather|none
|-sideend|p1: billythekid95|move: Aurora Veil
|upkeep
|turn|13
|
|t:|1779889347
|move|p1a: Ninetales|Moonblast|p2a: Glaceon
|-damage|p2a: Glaceon|12/100
|move|p2a: Glaceon|Freeze-Dry|p1a: Ninetales
|-resisted|p1a: Ninetales
|-damage|p1a: Ninetales|24/100
|
|upkeep
|turn|14
|
|t:|1779889353
|move|p1a: Ninetales|Moonblast|p2a: Glaceon
|-damage|p2a: Glaceon|0 fnt
|faint|p2a: Glaceon
|
|upkeep
|
|t:|1779889357
|switch|p2a: Basculegion|Basculegion-F, F|71/100
|turn|15
|
|t:|1779889360
|move|p2a: Basculegion|Shadow Ball|p1a: Ninetales
|-damage|p1a: Ninetales|0 fnt
|faint|p1a: Ninetales
|
|upkeep
|
|t:|1779889371
|switch|p1a: Gholdengo|Gholdengo|100/100
|turn|16
|
|t:|1779889373
|move|p1a: Gholdengo|Shadow Ball|p2a: Basculegion
|-supereffective|p2a: Basculegion
|-damage|p2a: Basculegion|0 fnt
|faint|p2a: Basculegion
|
|upkeep
|
|t:|1779889376
|switch|p2a: Weavile|Weavile, F|100/100
|-ability|p2a: Weavile|Pressure
|turn|17
|
|t:|1779889383
|move|p1a: Gholdengo|Shadow Ball|p2a: Weavile
|-resisted|p2a: Weavile
|-damage|p2a: Weavile|73/100
|move|p2a: Weavile|Knock Off|p1a: Gholdengo
|-supereffective|p1a: Gholdengo
|-damage|p1a: Gholdengo|0 fnt
|-enditem|p1a: Gholdengo|Choice Scarf|[from] move: Knock Off|[of] p2a: Weavile
|faint|p1a: Gholdengo
|
|upkeep
|
|t:|1779889391
|switch|p1a: Quaquaval|Quaquaval, M|100/100
|turn|18
|
|t:|1779889393
|switch|p2a: Ogerpon|Ogerpon-Wellspring, F|100/100
|move|p1a: Quaquaval|Close Combat|p2a: Ogerpon
|-damage|p2a: Ogerpon|26/100
|-unboost|p1a: Quaquaval|def|1
|-unboost|p1a: Quaquaval|spd|1
|
|upkeep
|turn|19
|
|t:|1779889401
|move|p2a: Ogerpon|Horn Leech|p1a: Quaquaval
|-supereffective|p1a: Quaquaval
|-damage|p1a: Quaquaval|0 fnt
|-heal|p2a: Ogerpon|78/100|[from] drain|[of] p1a: Quaquaval
|faint|p1a: Quaquaval
|
|upkeep
|
|t:|1779889406
|switch|p1a: Latias|Latias, F|100/100
|turn|20
|
|t:|1779889413
|move|p2a: Ogerpon|Swords Dance|p2a: Ogerpon
|-boost|p2a: Ogerpon|atk|2
|move|p1a: Latias|Agility|p1a: Latias
|-boost|p1a: Latias|spe|2
|
|upkeep
|turn|21
|
|t:|1779889419
|-terastallize|p2a: Ogerpon|Water
|detailschange|p2a: Ogerpon|Ogerpon-Wellspring-Tera, F, tera:Water
|-ability|p2a: Ogerpon|Embody Aspect (Wellspring)|boost
|-boost|p2a: Ogerpon|spd|1
|move|p1a: Latias|Calm Mind|p1a: Latias
|-boost|p1a: Latias|spa|1
|-boost|p1a: Latias|spd|1
|move|p2a: Ogerpon|Ivy Cudgel|p1a: Latias|[anim] Ivy Cudgel Water
|-resisted|p1a: Latias
|-crit|p1a: Latias
|-damage|p1a: Latias|7/100
|
|-heal|p1a: Latias|13/100|[from] item: Leftovers
|upkeep
|turn|22
|c|☆billythekid95|good crit
|
|t:|1779889435
|move|p1a: Latias|Stored Power|p2a: Ogerpon
|-damage|p2a: Ogerpon|31/100
|move|p2a: Ogerpon|Ivy Cudgel|p1a: Latias|[anim] Ivy Cudgel Water
|-resisted|p1a: Latias
|-damage|p1a: Latias|0 fnt
|faint|p1a: Latias
|
|win|veronyl
|raw|billythekid95's rating: 1450 &rarr; <strong>1428</strong><br />(-22 for losing)
|raw|veronyl's rating: 1408 &rarr; <strong>1430</strong><br />(+22 for winning)
|l|☆veronyl
|player|p2|
|l|☆billythekid95
|player|p1|
