|j|☆MVA Central
|j|☆Ramdilidamdam
|t:|1779862237
|gametype|singles
|player|p1|MVA Central|riley|1489
|player|p2|Ramdilidamdam|nate|1473
|gen|9
|tier|[Gen 9] OU
|rated|
|rule|HP Percentage Mod: HP is shown in percentages
|rule|Endless Battle Clause: Forcing endless battles is banned
|rule|Species Clause: Limit one of each Pokémon
|rule|OHKO Clause: OHKO moves are banned
|rule|Evasion Items Clause: Evasion items are banned
|rule|Evasion Moves Clause: Evasion moves are banned
|rule|Evasion Abilities Clause: Evasion abilities are banned
|rule|Sleep Moves Clause: Sleep-inducing moves are banned
|clearpoke
|poke|p1|Ninetales-Alola, F|
|poke|p1|Polteageist|
|poke|p1|Rillaboom, M|
|poke|p1|Magnezone|
|poke|p1|Haxorus, M|
|poke|p1|Iron Valiant|
|poke|p2|Landorus-Therian, M|
|poke|p2|Samurott-Hisui, M|
|poke|p2|Ogerpon, F|
|poke|p2|Gholdengo|
|poke|p2|Darkrai|
|poke|p2|Dragonite, M|
|teampreview
|inactive|Battle timer is ON: inactive players will automatically lose when time's up. (requested by MVA Central)
|
|t:|1779862243
|teamsize|p1|6
|teamsize|p2|6
|start
|switch|p1a: Rillaboom|Rillaboom, M|100/100
|switch|p2a: Darkrai|Darkrai|100/100
|-fieldstart|move: Grassy Terrain|[from] ability: Grassy Surge|[of] p1a: Rillaboom
|turn|1
|
|t:|1779862253
|-terastallize|p2a: Darkrai|Poison
|move|p2a: Darkrai|Sludge Bomb|p1a: Rillaboom
|-supereffective|p1a: Rillaboom
|-damage|p1a: Rillaboom|7/100
|move|p1a: Rillaboom|U-turn|p2a: Darkrai
|-resisted|p2a: Darkrai
|-damage|p2a: Darkrai|84/100
|
|t:|1779862267
|switch|p1a: Magnezone|Magnezone|100/100|[from] U-turn
|
|-heal|p2a: Darkrai|90/100|[from] Grassy Terrain
|upkeep
|turn|2
|
|t:|1779862275
|switch|p2a: Landorus|Landorus-Therian, M|100/100
|-ability|p2a: Landorus|Intimidate|boost
|-unboost|p1a: Magnezone|atk|1
|move|p1a: Magnezone|Steel Beam|p2a: Landorus
|-damage|p2a: Landorus|6/100
|-damage|p1a: Magnezone|50/100|[from] steelbeam
|-damage|p1a: Magnezone|41/100|[from] item: Life Orb
|
|-heal|p1a: Magnezone|46/100|[from] Grassy Terrain
|upkeep
|turn|3
|
|t:|1779862290
|-terastallize|p1a: Magnezone|Flying
|move|p2a: Landorus|Stealth Rock|p1a: Magnezone
|-sidestart|p1: MVA Central|move: Stealth Rock
|move|p1a: Magnezone|Body Press|p2a: Landorus
|-resisted|p2a: Landorus
|-damage|p2a: Landorus|0 fnt
|-damage|p1a: Magnezone|30/100|[from] item: Rocky Helmet|[of] p2a: Landorus
|faint|p2a: Landorus
|-damage|p1a: Magnezone|20/100|[from] item: Life Orb
|
|upkeep
|
|t:|1779862308
|switch|p2a: Samurott|Samurott-Hisui, M|100/100
|turn|4
|
|t:|1779862321
|switch|p1a: Rillaboom|Rillaboom, M|7/100
|-damage|p1a: Rillaboom|0 fnt|[from] Stealth Rock
|faint|p1a: Rillaboom
|move|p2a: Samurott|Ceaseless Edge|p1: Rillaboom|[notarget]
|-fail|p2a: Samurott
|
|upkeep
|
|t:|1779862328
|switch|p1a: Ninetales|Ninetales-Alola, F|100/100
|-damage|p1a: Ninetales|76/100|[from] Stealth Rock
|-weather|Snowscape|[from] ability: Snow Warning|[of] p1a: Ninetales
|turn|5
|
|t:|1779862333
|move|p1a: Ninetales|Aurora Veil|p1a: Ninetales
|-sidestart|p1: MVA Central|move: Aurora Veil
|move|p2a: Samurott|Ceaseless Edge|p1a: Ninetales
|-resisted|p1a: Ninetales
|-damage|p1a: Ninetales|66/100
|-sidestart|p1: MVA Central|Spikes
|
|-weather|Snowscape|[upkeep]
|-heal|p1a: Ninetales|72/100|[from] Grassy Terrain
|-fieldend|move: Grassy Terrain
|upkeep
|turn|6
|
|t:|1779862346
|move|p1a: Ninetales|Freeze-Dry|p2a: Samurott
|-supereffective|p2a: Samurott
|-damage|p2a: Samurott|57/100
|move|p2a: Samurott|Ceaseless Edge|p1a: Ninetales
|-resisted|p1a: Ninetales
|-damage|p1a: Ninetales|63/100
|-sidestart|p1: MVA Central|Spikes
|
|-weather|Snowscape|[upkeep]
|upkeep
|turn|7
|
|t:|1779862355
|move|p1a: Ninetales|Freeze-Dry|p2a: Samurott
|-supereffective|p2a: Samurott
|-damage|p2a: Samurott|10/100
|move|p2a: Samurott|Ceaseless Edge|p1a: Ninetales
|-resisted|p1a: Ninetales
|-damage|p1a: Ninetales|54/100
|-sidestart|p1: MVA Central|Spikes
|
|-weather|Snowscape|[upkeep]
|upkeep
|turn|8
|
|t:|1779862369
|switch|p1a: Magnezone|Magnezone, tera:Flying|20/100
|-damage|p1a: Magnezone|0 fnt|[from] Stealth Rock
|faint|p1a: Magnezone
|move|p2a: Samurott|Aqua Jet|p1: Magnezone|[notarget]
|-fail|p2a: Samurott
|
|-weather|Snowscape|[upkeep]
|upkeep
|
|t:|1779862371
|switch|p1a: Haxorus|Haxorus, M, shiny|100/100
|-damage|p1a: Haxorus|88/100|[from] Stealth Rock
|-damage|p1a: Haxorus|63/100|[from] Spikes
|-ability|p1a: Haxorus|Mold Breaker
|turn|9
|
|t:|1779862392
|move|p1a: Haxorus|Dragon Claw|p2a: Samurott
|-damage|p2a: Samurott|0 fnt
|faint|p2a: Samurott
|
|-weather|none
|upkeep
|
|t:|1779862399
|switch|p2a: Gholdengo|Gholdengo|100/100
|-item|p2a: Gholdengo|Air Balloon
|turn|10
|
|t:|1779862406
|move|p1a: Haxorus|Dragon Claw|p2a: Gholdengo
|-resisted|p2a: Gholdengo
|-damage|p2a: Gholdengo|79/100
|-enditem|p2a: Gholdengo|Air Balloon
|move|p2a: Gholdengo|Shadow Ball|p1a: Haxorus
|-damage|p1a: Haxorus|25/100
|
|upkeep
|turn|11
|
|t:|1779862414
|move|p1a: Haxorus|Earthquake|p2a: Gholdengo
|-supereffective|p2a: Gholdengo
|-damage|p2a: Gholdengo|2/100
|move|p2a: Gholdengo|Shadow Ball|p1a: Haxorus
|-damage|p1a: Haxorus|0 fnt
|faint|p1a: Haxorus
|
|upkeep
|
|t:|1779862433
|switch|p1a: Polteageist|Polteageist|100/100
|-damage|p1a: Polteageist|88/100|[from] Stealth Rock
|-damage|p1a: Polteageist|63/100|[from] Spikes
|turn|12
|
|t:|1779862438
|move|p2a: Gholdengo|Shadow Ball|p1a: Polteageist
|-supereffective|p1a: Polteageist
|-damage|p1a: Polteageist|11/100
|-unboost|p1a: Polteageist|spd|1
|-enditem|p1a: Polteageist|White Herb
|-clearnegativeboost|p1a: Polteageist|[silent]
|move|p1a: Polteageist|Shell Smash|p1a: Polteageist
|-unboost|p1a: Polteageist|def|1
|-unboost|p1a: Polteageist|spd|1
|-boost|p1a: Polteageist|atk|2
|-boost|p1a: Polteageist|spa|2
|-boost|p1a: Polteageist|spe|2
|
|-sideend|p1: MVA Central|move: Aurora Veil
|upkeep
|turn|13
|
|t:|1779862453
|move|p1a: Polteageist|Shadow Ball|p2a: Gholdengo
|-supereffective|p2a: Gholdengo
|-damage|p2a: Gholdengo|0 fnt
|faint|p2a: Gholdengo
|
|upkeep
|inactive|Ramdilidamdam has 120 seconds left.
|
|t:|1779862489
|switch|p2a: Ogerpon|Ogerpon, F|100/100
|turn|14
|
|t:|1779862499
|move|p1a: Polteageist|Stored Power|p2a: Ogerpon
|-damage|p2a: Ogerpon|0 fnt
|faint|p2a: Ogerpon
|
|upkeep
|
|t:|1779862506
|switch|p2a: Dragonite|Dragonite, M|100/100
|turn|15
|inactive|Ramdilidamdam has 120 seconds left.
|
|t:|1779862513
|move|p1a: Polteageist|Stored Power|p2a: Dragonite
|-damage|p2a: Dragonite|45/100
|move|p2a: Dragonite|Earthquake|p1a: Polteageist
|-damage|p1a: Polteageist|0 fnt
|faint|p1a: Polteageist
|
|upkeep
|
|t:|1779862519
|switch|p1a: Ninetales|Ninetales-Alola, F|54/100
|-damage|p1a: Ninetales|30/100|[from] Stealth Rock
|-damage|p1a: Ninetales|5/100|[from] Spikes
|-weather|Snowscape|[from] ability: Snow Warning|[of] p1a: Ninetales
|turn|16
|
|t:|1779862527
|move|p2a: Dragonite|Extreme Speed|p1a: Ninetales
|-damage|p1a: Ninetales|0 fnt
|faint|p1a: Ninetales
|
|-weather|Snowscape|[upkeep]
|upkeep
|
|t:|1779862529
|switch|p1a: Iron Valiant|Iron Valiant|100/100
|-damage|p1a: Iron Valiant|94/100|[from] Stealth Rock
|-damage|p1a: Iron Valiant|69/100|[from] Spikes
|-enditem|p1a: Iron Valiant|Booster Energy
|-activate|p1a: Iron Valiant|ability: Quark Drive|[fromitem]
|-start|p1a: Iron Valiant|quarkdrivespe
|turn|17
|
|t:|1779862539
|move|p2a: Dragonite|Extreme Speed|p1a: Iron Valiant
|-damage|p1a: Iron Valiant|30/100
|move|p1a: Iron Valiant|Spirit Break|p2a: Dragonite
|-supereffective|p2a: Dragonite
|-damage|p2a: Dragonite|0 fnt
|faint|p2a: Dragonite
|
|-weather|Snowscape|[upkeep]
|upkeep
|
|t:|1779862549
|switch|p2a: Darkrai|Darkrai, tera:Poison|90/100
|turn|18
|
|t:|1779862552
|move|p1a: Iron Valiant|Close Combat|p2a: Darkrai
|-resisted|p2a: Darkrai
|-damage|p2a: Darkrai|50/100
|-unboost|p1a: Iron Valiant|def|1
|-unboost|p1a: Iron Valiant|spd|1
|move|p2a: Darkrai|Sludge Bomb|p1a: Iron Valiant
|-supereffective|p1a: Iron Valiant
|-damage|p1a: Iron Valiant|0 fnt
|faint|p1a: Iron Valiant
|-end|p1a: Iron Valiant|Quark Drive|[silent]
|
|win|Ramdilidamdam
|raw|MVA Central's rating: 1489 &rarr; <strong>1468</strong><br />(-21 for losing)
|raw|Ramdilidamdam's rating: 1473 &rarr; <strong>1494</strong><br />(+21 for winning)
|l|☆MVA Central
|player|p1|
|l|☆Ramdilidamdam
|player|p2|
