|j|☆fly casanova
|j|☆AmygdalanResponse
|t:|1779844229
|gametype|singles
|player|p1|fly casanova|gamer-gen3|1580
|player|p2|AmygdalanResponse|marshal|1540
|gen|9
|tier|[Gen 9] OU
|rated|
|rule|HP Percentage Mod: HP is shown in percentages
|rule|Endless Battle Clause: Forcing endless battles is banned
|rule|Species Clause: Limit one of each Pokémon
|rule|OHKO Clause: OHKO moves are banned
|rule|Evasion Items Clause: Evasion items are banned
|rule|Evasion Moves Clause: Evasion moves are banned
|rule|Evasion Abilities Clause: Evasion abilities are banned
|rule|Sleep Moves Clause: Sleep-inducing moves are banned
|clearpoke
|poke|p1|Iron Valiant|
|poke|p1|Electrode-Hisui|
|poke|p1|Iron Hands|
|poke|p1|Meowscarada, M|
|poke|p1|Slowking-Galar, M|
|poke|p1|Landorus-Therian, M|
|poke|p2|Ribombee, F|
|poke|p2|Manaphy|
|poke|p2|Ceruledge, F|
|poke|p2|Great Tusk|
|poke|p2|Ogerpon-Cornerstone, F|
|poke|p2|Enamorus, F|
|teampreview
|c|☆AmygdalanResponse|gl hf
|inactive|Battle timer is ON: inactive players will automatically lose when time's up. (requested by fly casanova)
|c|☆fly casanova|hf
|j| HonchkrowLover27
|
|t:|1779844275
|teamsize|p1|6
|teamsize|p2|6
|start
|switch|p1a: Electrode|Electrode-Hisui, shiny|100/100
|switch|p2a: Ribombee|Ribombee, F|100/100
|turn|1
|
|t:|1779844289
|move|p1a: Electrode|Taunt|p2a: Ribombee
|-start|p2a: Ribombee|move: Taunt
|move|p2a: Ribombee|Moonblast|p1a: Electrode
|-crit|p1a: Electrode
|-damage|p1a: Electrode|9/100
|
|upkeep
|turn|2
|
|t:|1779844298
|switch|p2a: Great Tusk|Great Tusk|100/100
|move|p1a: Electrode|Volt Switch|p2a: Great Tusk
|-immune|p2a: Great Tusk
|
|upkeep
|turn|3
|
|t:|1779844303
|-end|p2a: Great Tusk|Protosynthesis|[silent]
|switch|p2a: Ceruledge|Ceruledge, F|100/100
|-item|p2a: Ceruledge|Air Balloon
|move|p1a: Electrode|Electric Terrain|p1a: Electrode
|-fieldstart|move: Electric Terrain
|
|upkeep
|turn|4
|
|t:|1779844308
|switch|p1a: Landorus|Landorus-Therian, M|100/100
|-ability|p1a: Landorus|Intimidate|boost
|-unboost|p2a: Ceruledge|atk|1
|move|p2a: Ceruledge|Shadow Sneak|p1a: Landorus
|-damage|p1a: Landorus|86/100
|-damage|p2a: Ceruledge|84/100|[from] item: Rocky Helmet|[of] p1a: Landorus
|
|upkeep
|turn|5
|
|t:|1779844314
|switch|p2a: Ribombee|Ribombee, F|100/100
|move|p1a: Landorus|Taunt|p2a: Ribombee
|-start|p2a: Ribombee|move: Taunt
|
|upkeep
|turn|6
|
|t:|1779844320
|switch|p2a: Great Tusk|Great Tusk|100/100
|move|p1a: Landorus|Stealth Rock|p2a: Great Tusk
|-sidestart|p2: AmygdalanResponse|move: Stealth Rock
|
|upkeep
|turn|7
|
|t:|1779844325
|move|p1a: Landorus|Taunt|p2a: Great Tusk
|-start|p2a: Great Tusk|move: Taunt
|move|p2a: Great Tusk|Ice Spinner|p1a: Landorus
|-supereffective|p1a: Landorus
|-damage|p1a: Landorus|0 fnt
|-damage|p2a: Great Tusk|84/100|[from] item: Rocky Helmet|[of] p1a: Landorus
|-fieldend|move: Electric Terrain
|faint|p1a: Landorus
|
|upkeep
|l| HonchkrowLover27
|
|t:|1779844336
|switch|p1a: Iron Valiant|Iron Valiant, shiny|100/100
|turn|8
|
|t:|1779844341
|-terastallize|p2a: Great Tusk|Steel
|move|p1a: Iron Valiant|Moonblast|p2a: Great Tusk
|-resisted|p2a: Great Tusk
|-damage|p2a: Great Tusk|30/100
|move|p2a: Great Tusk|Rapid Spin|p1a: Iron Valiant
|-damage|p1a: Iron Valiant|79/100
|-boost|p2a: Great Tusk|spe|1
|-sideend|p2: AmygdalanResponse|Stealth Rock|[from] move: Rapid Spin|[of] p2a: Great Tusk
|
|upkeep
|turn|9
|
|t:|1779844350
|move|p2a: Great Tusk|Headlong Rush|p1a: Iron Valiant
|-damage|p1a: Iron Valiant|4/100
|-unboost|p2a: Great Tusk|def|1
|-unboost|p2a: Great Tusk|spd|1
|move|p1a: Iron Valiant|Moonblast|p2a: Great Tusk
|-resisted|p2a: Great Tusk
|-damage|p2a: Great Tusk|0 fnt
|faint|p2a: Great Tusk
|-end|p2a: Great Tusk|Protosynthesis|[silent]
|
|upkeep
|
|t:|1779844353
|switch|p2a: Ribombee|Ribombee, F|100/100
|turn|10
|
|t:|1779844357
|-end|p1a: Iron Valiant|Quark Drive|[silent]
|switch|p1a: Electrode|Electrode-Hisui, shiny|9/100
|move|p2a: Ribombee|Sticky Web|p1a: Electrode
|-sidestart|p1: fly casanova|move: Sticky Web
|
|upkeep
|turn|11
|
|t:|1779844363
|move|p1a: Electrode|Electric Terrain|p1a: Electrode
|-fieldstart|move: Electric Terrain
|move|p2a: Ribombee|Moonblast|p1a: Electrode
|-damage|p1a: Electrode|0 fnt
|faint|p1a: Electrode
|
|upkeep
|
|t:|1779844376
|switch|p1a: Iron Valiant|Iron Valiant, shiny|4/100
|-activate|p1a: Iron Valiant|move: Sticky Web
|-unboost|p1a: Iron Valiant|spe|1
|-activate|p1a: Iron Valiant|ability: Quark Drive
|-start|p1a: Iron Valiant|quarkdrivespa
|turn|12
|
|t:|1779844378
|move|p1a: Iron Valiant|Vacuum Wave|p2a: Ribombee
|-resisted|p2a: Ribombee
|-damage|p2a: Ribombee|83/100
|move|p2a: Ribombee|Moonblast|p1a: Iron Valiant
|-supereffective|p1a: Iron Valiant
|-damage|p1a: Iron Valiant|0 fnt
|faint|p1a: Iron Valiant
|-end|p1a: Iron Valiant|Quark Drive|[silent]
|
|upkeep
|
|t:|1779844382
|switch|p1a: Iron Hands|Iron Hands|100/100
|-activate|p1a: Iron Hands|move: Sticky Web
|-unboost|p1a: Iron Hands|spe|1
|-activate|p1a: Iron Hands|ability: Quark Drive
|-start|p1a: Iron Hands|quarkdriveatk
|turn|13
|
|t:|1779844385
|move|p2a: Ribombee|Moonblast|p1a: Iron Hands
|-supereffective|p1a: Iron Hands
|-damage|p1a: Iron Hands|31/100
|move|p1a: Iron Hands|Thunder Punch|p2a: Ribombee
|-damage|p2a: Ribombee|0 fnt
|faint|p2a: Ribombee
|
|upkeep
|
|t:|1779844390
|switch|p2a: Enamorus|Enamorus, F|100/100
|turn|14
|
|t:|1779844393
|-end|p1a: Iron Hands|Quark Drive|[silent]
|switch|p1a: Slowking|Slowking-Galar, M|100/100
|move|p2a: Enamorus|Moonblast|p1a: Slowking
|-resisted|p1a: Slowking
|-damage|p1a: Slowking|79/100
|
|upkeep
|turn|15
|
|t:|1779844397
|switch|p2a: Ceruledge|Ceruledge, F|84/100
|-item|p2a: Ceruledge|Air Balloon
|move|p1a: Slowking|Sludge Bomb|p2a: Ceruledge
|-resisted|p2a: Ceruledge
|-damage|p2a: Ceruledge|64/100
|-enditem|p2a: Ceruledge|Air Balloon
|
|upkeep
|turn|16
|
|t:|1779844399
|move|p2a: Ceruledge|Poltergeist|p1a: Slowking
|-activate|p1a: Slowking|move: Poltergeist|Heavy-Duty Boots
|-supereffective|p1a: Slowking
|-damage|p1a: Slowking|0 fnt
|faint|p1a: Slowking
|
|upkeep
|-message|fly casanova forfeited.
|
|win|AmygdalanResponse
|raw|fly casanova's rating: 1580 &rarr; <strong>1558</strong><br />(-22 for losing)
|raw|AmygdalanResponse's rating: 1540 &rarr; <strong>1562</strong><br />(+22 for winning)
|l|☆fly casanova
|player|p1|
|l|☆AmygdalanResponse
|player|p2|
