|j|‽arbok fangs
|j|☆VaporeonUser
|t:|1779955559
|gametype|singles
|player|p1|arbok fangs|rocketgrunt|1633
|player|p2|VaporeonUser|volkner|1544
|gen|9
|tier|[Gen 9] OU
|rated|
|rule|HP Percentage Mod: HP is shown in percentages
|rule|Endless Battle Clause: Forcing endless battles is banned
|rule|Species Clause: Limit one of each Pokémon
|rule|OHKO Clause: OHKO moves are banned
|rule|Evasion Items Clause: Evasion items are banned
|rule|Evasion Moves Clause: Evasion moves are banned
|rule|Evasion Abilities Clause: Evasion abilities are banned
|rule|Sleep Moves Clause: Sleep-inducing moves are banned
|clearpoke
|poke|p1|Ninetales-Alola, F|
|poke|p1|Klefki, M|
|poke|p1|Maushold-Four|
|poke|p1|Latias, F|
|poke|p1|Okidogi, M|
|poke|p1|Kyurem|
|poke|p2|Volcanion|
|poke|p2|Pelipper, M|
|poke|p2|Iron Treads|
|poke|p2|Kingdra, M|
|poke|p2|Poliwrath, M|
|poke|p2|Iron Valiant|
|teampreview
|inactive|Battle timer is ON: inactive players will automatically lose when time's up. (requested by arbok fangs)
|
|t:|1779955579
|teamsize|p1|6
|teamsize|p2|6
|start
|switch|p1a: Klefki|Klefki, M|100/100
|switch|p2a: Iron Treads|Iron Treads|100/100
|-enditem|p2a: Iron Treads|Booster Energy
|-activate|p2a: Iron Treads|ability: Quark Drive|[fromitem]
|-start|p2a: Iron Treads|quarkdrivespe
|turn|1
|
|t:|1779955582
|move|p1a: Klefki|Reflect|p1a: Klefki
|-sidestart|p1: arbok fangs|Reflect
|move|p2a: Iron Treads|Stealth Rock|p1a: Klefki
|-sidestart|p1: arbok fangs|move: Stealth Rock
|
|upkeep
|turn|2
|
|t:|1779955586
|move|p1a: Klefki|Light Screen|p1a: Klefki
|-sidestart|p1: arbok fangs|move: Light Screen
|move|p2a: Iron Treads|Earthquake|p1a: Klefki
|-supereffective|p1a: Klefki
|-damage|p1a: Klefki|63/100
|
|upkeep
|turn|3
|
|t:|1779955592
|switch|p1a: Latias|Latias, F|100/100
|-damage|p1a: Latias|88/100|[from] Stealth Rock
|move|p2a: Iron Treads|Earthquake|p1a: Latias
|-immune|p1a: Latias|[from] ability: Levitate
|
|upkeep
|turn|4
|
|t:|1779955595
|-end|p2a: Iron Treads|Quark Drive|[silent]
|switch|p2a: Pelipper|Pelipper, M|100/100
|-weather|RainDance|[from] ability: Drizzle|[of] p2a: Pelipper
|move|p1a: Latias|Agility|p1a: Latias
|-boost|p1a: Latias|spe|2
|
|-weather|RainDance|[upkeep]
|upkeep
|turn|5
|
|t:|1779955606
|switch|p2a: Volcanion|Volcanion|100/100
|move|p1a: Latias|Agility|p1a: Latias
|-boost|p1a: Latias|spe|2
|
|-weather|RainDance|[upkeep]
|upkeep
|turn|6
|
|t:|1779955613
|move|p1a: Latias|Calm Mind|p1a: Latias
|-boost|p1a: Latias|spa|1
|-boost|p1a: Latias|spd|1
|move|p2a: Volcanion|Sludge Bomb|p1a: Latias
|-damage|p1a: Latias|80/100
|
|-weather|RainDance|[upkeep]
|upkeep
|turn|7
|
|t:|1779955619
|move|p1a: Latias|Stored Power|p2a: Volcanion
|-damage|p2a: Volcanion|0 fnt
|faint|p2a: Volcanion
|
|-weather|RainDance|[upkeep]
|upkeep
|
|t:|1779955638
|switch|p2a: Iron Treads|Iron Treads|100/100
|turn|8
|
|t:|1779955640
|move|p1a: Latias|Aura Sphere|p2a: Iron Treads
|-supereffective|p2a: Iron Treads
|-damage|p2a: Iron Treads|9/100
|move|p2a: Iron Treads|Steel Beam|p1a: Latias
|-damage|p1a: Latias|68/100
|-damage|p2a: Iron Treads|0 fnt|[from] steelbeam
|faint|p2a: Iron Treads
|-end|p2a: Iron Treads|Quark Drive|[silent]
|
|-weather|RainDance|[upkeep]
|-sideend|p1: arbok fangs|Reflect
|upkeep
|
|t:|1779955647
|switch|p2a: Kingdra|Kingdra, M|100/100
|turn|9
|
|t:|1779955650
|move|p1a: Latias|Stored Power|p2a: Kingdra
|-damage|p2a: Kingdra|0 fnt
|faint|p2a: Kingdra
|
|-weather|RainDance|[upkeep]
|-sideend|p1: arbok fangs|move: Light Screen
|upkeep
|-message|VaporeonUser forfeited.
|
|win|arbok fangs
|raw|arbok fangs's rating: 1633 &rarr; <strong>1648</strong><br />(+15 for winning)
|raw|VaporeonUser's rating: 1544 &rarr; <strong>1529</strong><br />(-15 for losing)
|l|☆VaporeonUser
|player|p2|
|l|‽arbok fangs
|player|p1|
