|j|☆oreki350
|j|☆Itzjulian101
|t:|1779849244
|gametype|singles
|player|p1|oreki350|169|1092
|player|p2|Itzjulian101|iris|1069
|gen|9
|tier|[Gen 9] OU
|rated|
|rule|HP Percentage Mod: HP is shown in percentages
|rule|Endless Battle Clause: Forcing endless battles is banned
|rule|Species Clause: Limit one of each Pokémon
|rule|OHKO Clause: OHKO moves are banned
|rule|Evasion Items Clause: Evasion items are banned
|rule|Evasion Moves Clause: Evasion moves are banned
|rule|Evasion Abilities Clause: Evasion abilities are banned
|rule|Sleep Moves Clause: Sleep-inducing moves are banned
|clearpoke
|poke|p1|Basculin-White-Striped, M|
|poke|p1|Minior|
|poke|p1|Braviary-Hisui, M|
|poke|p1|Ambipom, M|
|poke|p1|Greninja-*, M|
|poke|p1|Bisharp, M|
|poke|p2|Zoroark-Hisui, F|
|poke|p2|Maushold-Four|
|poke|p2|Meowscarada, M|
|poke|p2|Tinkaton, F|
|poke|p2|Toxtricity, M|
|poke|p2|Greninja-*, M|
|teampreview
|
|t:|1779849251
|teamsize|p1|6
|teamsize|p2|6
|start
|switch|p1a: Basculin|Basculin-White-Striped, M|100/100
|switch|p2a: Greninja|Greninja, M|100/100
|turn|1
|
|t:|1779849260
|move|p2a: Greninja|Gunk Shot|p1a: Basculin|[miss]
|-start|p2a: Greninja|typechange|Poison|[from] ability: Protean
|-miss|p2a: Greninja|p1a: Basculin
|move|p1a: Basculin|Flip Turn|p2a: Greninja
|-damage|p2a: Greninja|38/100
|
|t:|1779849263
|switch|p1a: Ambipom|Ambipom, M|100/100|[from] Flip Turn
|
|upkeep
|turn|2
|
|t:|1779849268
|move|p1a: Ambipom|Fake Out|p2a: Greninja
|-damage|p2a: Greninja|0 fnt
|faint|p2a: Greninja
|
|upkeep
|
|t:|1779849280
|switch|p2a: Toxtricity|Toxtricity, M, shiny|100/100
|turn|3
|
|t:|1779849292
|move|p1a: Ambipom|Covet|p2a: Toxtricity
|-damage|p2a: Toxtricity|40/100
|move|p2a: Toxtricity|Boomburst|p1a: Ambipom
|-damage|p1a: Ambipom|0 fnt
|faint|p1a: Ambipom
|
|upkeep
|
|t:|1779849302
|switch|p1a: Basculin|Basculin-White-Striped, M|100/100
|turn|4
|
|t:|1779849311
|move|p1a: Basculin|Liquidation|p2a: Toxtricity
|-damage|p2a: Toxtricity|0 fnt
|faint|p2a: Toxtricity
|
|upkeep
|
|t:|1779849320
|switch|p2a: Maushold|Maushold-Four, shiny|100/100
|turn|5
|
|t:|1779849332
|move|p2a: Maushold|Hyper Voice|p1a: Basculin
|-damage|p1a: Basculin|7/100
|move|p1a: Basculin|Flip Turn|p2a: Maushold
|-damage|p2a: Maushold|38/100
|replace|p2a: Zoroark|Zoroark-Hisui, F
|-end|p2a: Zoroark|Illusion
|
|t:|1779849344
|switch|p1a: Minior|Minior, shiny|100/100|[from] Flip Turn
|-formechange|p1a: Minior|Minior-Meteor||[from] ability: Shields Down
|
|upkeep
|turn|6
|
|t:|1779849350
|move|p2a: Zoroark|Hyper Voice|p1a: Minior
|-resisted|p1a: Minior
|-damage|p1a: Minior|60/100
|move|p1a: Minior|Shell Smash|p1a: Minior
|-unboost|p1a: Minior|def|1
|-unboost|p1a: Minior|spd|1
|-boost|p1a: Minior|atk|2
|-boost|p1a: Minior|spa|2
|-boost|p1a: Minior|spe|2
|-enditem|p1a: Minior|White Herb
|-clearnegativeboost|p1a: Minior|[silent]
|
|upkeep
|turn|7
|
|t:|1779849366
|move|p1a: Minior|Acrobatics|p2a: Zoroark
|-damage|p2a: Zoroark|0 fnt
|faint|p2a: Zoroark
|
|upkeep
|inactive|Battle timer is ON: inactive players will automatically lose when time's up. (requested by oreki350)
|
|t:|1779849372
|switch|p2a: Meowscarada|Meowscarada, M, shiny|100/100
|turn|8
|
|t:|1779849377
|move|p1a: Minior|Acrobatics|p2a: Meowscarada
|-supereffective|p2a: Meowscarada
|-damage|p2a: Meowscarada|0 fnt
|-damage|p1a: Minior|43/100|[from] item: Rocky Helmet|[of] p2a: Meowscarada
|faint|p2a: Meowscarada
|
|-formechange|p1a: Minior|Minior||[from] ability: Shields Down
|upkeep
|
|t:|1779849381
|switch|p2a: Tinkaton|Tinkaton, F, shiny|100/100
|-ability|p2a: Tinkaton|Mold Breaker
|turn|9
|
|t:|1779849389
|move|p1a: Minior|Earth Power|p2a: Tinkaton
|-supereffective|p2a: Tinkaton
|-damage|p2a: Tinkaton|12/100
|-enditem|p2a: Tinkaton|Salac Berry|[eat]
|-boost|p2a: Tinkaton|spe|1|[from] item: Salac Berry
|move|p2a: Tinkaton|Flash Cannon|p1a: Minior
|-supereffective|p1a: Minior
|-damage|p1a: Minior|0 fnt
|faint|p1a: Minior
|
|upkeep
|
|t:|1779849399
|switch|p1a: Basculin|Basculin-White-Striped, M|7/100
|turn|10
|
|t:|1779849406
|move|p1a: Basculin|Aqua Jet|p2a: Tinkaton
|-damage|p2a: Tinkaton|0 fnt
|faint|p2a: Tinkaton
|
|upkeep
|
|t:|1779849408
|switch|p2a: Maushold|Maushold-Four, shiny|100/100
|turn|11
|
|t:|1779849412
|move|p1a: Basculin|Aqua Jet|p2a: Maushold
|-damage|p2a: Maushold|59/100
|move|p2a: Maushold|Population Bomb|p1a: Basculin
|-damage|p1a: Basculin|0 fnt
|faint|p1a: Basculin
|-hitcount|p1: Basculin|1
|
|upkeep
|
|t:|1779849416
|switch|p1a: Bisharp|Bisharp, M|100/100
|turn|12
|
|t:|1779849421
|-terastallize|p1a: Bisharp|Ghost
|move|p2a: Maushold|Population Bomb|p1a: Bisharp
|-immune|p1a: Bisharp
|move|p1a: Bisharp|Iron Head|p2a: Maushold
|-damage|p2a: Maushold|0 fnt
|faint|p2a: Maushold
|
|win|oreki350
|raw|oreki350's rating: 1092 &rarr; <strong>1116</strong><br />(+24 for winning)
|raw|Itzjulian101's rating: 1069 &rarr; <strong>1050</strong><br />(-19 for losing)
|l|☆oreki350
|player|p1|
|l|☆Itzjulian101
|player|p2|
