|j|‽newgaem
|j|‽danieljonesfan
|t:|1779949377
|gametype|singles
|player|p1|newgaem|blue|1400
|player|p2|danieljonesfan|169|1427
|gen|9
|tier|[Gen 9] OU
|rated|
|rule|HP Percentage Mod: HP is shown in percentages
|rule|Endless Battle Clause: Forcing endless battles is banned
|rule|Species Clause: Limit one of each Pokémon
|rule|OHKO Clause: OHKO moves are banned
|rule|Evasion Items Clause: Evasion items are banned
|rule|Evasion Moves Clause: Evasion moves are banned
|rule|Evasion Abilities Clause: Evasion abilities are banned
|rule|Sleep Moves Clause: Sleep-inducing moves are banned
|clearpoke
|poke|p1|Armarouge, M|
|poke|p1|Kingambit, M|
|poke|p1|Iron Valiant|
|poke|p1|Ceruledge, M|
|poke|p1|Mimikyu, M|
|poke|p1|Cyclizar, M|
|poke|p2|Blaziken, F|
|poke|p2|Kingambit, F|
|poke|p2|Gliscor, M|
|poke|p2|Tentacruel, F|
|poke|p2|Dragapult, M|
|poke|p2|Ogerpon-Wellspring, F|
|teampreview
|inactive|Battle timer is ON: inactive players will automatically lose when time's up. (requested by danieljonesfan)
|
|t:|1779949385
|teamsize|p1|6
|teamsize|p2|6
|start
|switch|p1a: Armarouge|Armarouge, M, shiny|100/100
|switch|p2a: Dragapult|Dragapult, M|100/100
|turn|1
|
|t:|1779949398
|move|p2a: Dragapult|Shadow Ball|p1a: Armarouge
|-supereffective|p1a: Armarouge
|-enditem|p1a: Armarouge|Focus Sash
|-damage|p1a: Armarouge|1/100
|move|p1a: Armarouge|Armor Cannon|p2a: Dragapult
|-resisted|p2a: Dragapult
|-damage|p2a: Dragapult|61/100
|-unboost|p1a: Armarouge|def|1
|-unboost|p1a: Armarouge|spd|1
|
|upkeep
|turn|2
|
|t:|1779949408
|switch|p1a: Cyclizar|Cyclizar, M|100/100
|move|p2a: Dragapult|Shadow Ball|p1a: Cyclizar
|-immune|p1a: Cyclizar
|
|upkeep
|turn|3
|
|t:|1779949415
|switch|p2a: Tentacruel|Tentacruel, F|100/100
|move|p1a: Cyclizar|Draco Meteor|p2a: Tentacruel
|-damage|p2a: Tentacruel|78/100
|-unboost|p1a: Cyclizar|spa|2
|
|upkeep
|turn|4
|
|t:|1779949423
|switch|p1a: Mimikyu|Mimikyu, M|100/100
|move|p2a: Tentacruel|Knock Off|p1a: Mimikyu
|-activate|p1a: Mimikyu|ability: Disguise
|-damage|p1a: Mimikyu|100/100
|-enditem|p1a: Mimikyu|Leftovers|[from] move: Knock Off|[of] p2a: Tentacruel
|detailschange|p1a: Mimikyu|Mimikyu-Busted, M
|-damage|p1a: Mimikyu|88/100|[from] pokemon: Mimikyu-Busted
|
|upkeep
|turn|5
|
|t:|1779949434
|move|p1a: Mimikyu|Taunt|p2a: Tentacruel
|-start|p2a: Tentacruel|move: Taunt
|move|p2a: Tentacruel|Gunk Shot|p1a: Mimikyu
|-crit|p1a: Mimikyu
|-damage|p1a: Mimikyu|23/100
|
|upkeep
|turn|6
|
|t:|1779949441
|move|p1a: Mimikyu|Destiny Bond|p1a: Mimikyu
|-singlemove|p1a: Mimikyu|Destiny Bond
|move|p2a: Tentacruel|Flip Turn|p1a: Mimikyu
|-damage|p1a: Mimikyu|1/100
|
|t:|1779949459
|switch|p2a: Gliscor|Gliscor, M|100/100|[from] Flip Turn
|
|-status|p2a: Gliscor|tox|[from] item: Toxic Orb
|upkeep
|turn|7
|
|t:|1779949464
|move|p1a: Mimikyu|Curse|p2a: Gliscor
|-start|p2a: Gliscor|Curse|[of] p1a: Mimikyu
|-damage|p1a: Mimikyu|0 fnt
|faint|p1a: Mimikyu
|move|p2a: Gliscor|Toxic|p1: Mimikyu|[notarget]
|-fail|p2a: Gliscor
|
|-damage|p2a: Gliscor|75/100 tox|[from] Curse
|upkeep
|
|t:|1779949478
|switch|p1a: Ceruledge|Ceruledge, M, shiny|100/100
|turn|8
|
|t:|1779949491
|switch|p2a: Tentacruel|Tentacruel, F|78/100
|move|p1a: Ceruledge|Bitter Blade|p2a: Tentacruel
|-resisted|p2a: Tentacruel
|-damage|p2a: Tentacruel|32/100
|-damage|p1a: Ceruledge|71/100|[from] ability: Liquid Ooze|[of] p2a: Tentacruel
|-damage|p1a: Ceruledge|61/100|[from] item: Life Orb
|
|upkeep
|turn|9
|
|t:|1779949501
|move|p1a: Ceruledge|Shadow Sneak|p2a: Tentacruel
|-damage|p2a: Tentacruel|0 fnt
|faint|p2a: Tentacruel
|-damage|p1a: Ceruledge|51/100|[from] item: Life Orb
|
|upkeep
|
|t:|1779949506
|switch|p2a: Ogerpon|Ogerpon-Wellspring, F|100/100
|turn|10
|
|t:|1779949509
|move|p1a: Ceruledge|Shadow Sneak|p2a: Ogerpon
|-damage|p2a: Ogerpon|63/100
|-damage|p1a: Ceruledge|41/100|[from] item: Life Orb
|move|p2a: Ogerpon|Ivy Cudgel|p1a: Ceruledge|[anim] Ivy Cudgel Water
|-supereffective|p1a: Ceruledge
|-crit|p1a: Ceruledge
|-damage|p1a: Ceruledge|0 fnt
|faint|p1a: Ceruledge
|
|upkeep
|
|t:|1779949521
|switch|p1a: Armarouge|Armarouge, M, shiny|1/100
|turn|11
|
|t:|1779949528
|move|p1a: Armarouge|Endure|p1a: Armarouge
|-singleturn|p1a: Armarouge|move: Endure
|move|p2a: Ogerpon|Ivy Cudgel|p1a: Armarouge|[anim] Ivy Cudgel Water
|-supereffective|p1a: Armarouge
|-activate|p1a: Armarouge|move: Endure
|-damage|p1a: Armarouge|1/100
|-ability|p1a: Armarouge|Weak Armor|boost
|-unboost|p1a: Armarouge|def|1
|-boost|p1a: Armarouge|spe|2
|
|upkeep
|turn|12
|
|t:|1779949540
|move|p1a: Armarouge|Armor Cannon|p2a: Ogerpon
|-damage|p2a: Ogerpon|0 fnt
|-unboost|p1a: Armarouge|def|1
|-unboost|p1a: Armarouge|spd|1
|faint|p2a: Ogerpon
|
|upkeep
|
|t:|1779949565
|switch|p2a: Kingambit|Kingambit, F|100/100
|-activate|p2a: Kingambit|ability: Supreme Overlord
|-start|p2a: Kingambit|fallen2|[silent]
|turn|13
|
|t:|1779949569
|move|p2a: Kingambit|Sucker Punch||[still]
|-fail|p2a: Kingambit
|move|p1a: Armarouge|Destiny Bond|p1a: Armarouge
|-singlemove|p1a: Armarouge|Destiny Bond
|
|upkeep
|turn|14
|
|t:|1779949575
|move|p2a: Kingambit|Sucker Punch|p1a: Armarouge
|-supereffective|p1a: Armarouge
|-crit|p1a: Armarouge
|-damage|p1a: Armarouge|0 fnt
|faint|p1a: Armarouge
|-activate|p1a: Armarouge|move: Destiny Bond
|faint|p2a: Kingambit
|-end|p2a: Kingambit|fallen2|[silent]
|
|upkeep
|
|t:|1779949587
|switch|p1a: Iron Valiant|Iron Valiant|100/100
|switch|p2a: Gliscor|Gliscor, M|75/100 tox
|-enditem|p1a: Iron Valiant|Booster Energy
|-activate|p1a: Iron Valiant|ability: Quark Drive|[fromitem]
|-start|p1a: Iron Valiant|quarkdrivespe
|turn|15
|
|t:|1779949615
|move|p2a: Gliscor|Protect|p2a: Gliscor
|-singleturn|p2a: Gliscor|Protect
|move|p1a: Iron Valiant|Spirit Break|p2a: Gliscor
|-activate|p2a: Gliscor|move: Protect
|
|-heal|p2a: Gliscor|88/100 tox|[from] ability: Poison Heal
|upkeep
|turn|16
|
|t:|1779949623
|move|p1a: Iron Valiant|Spirit Break|p2a: Gliscor
|-damage|p2a: Gliscor|64/100 tox
|-unboost|p2a: Gliscor|spa|1
|move|p2a: Gliscor|Toxic|p1a: Iron Valiant
|-status|p1a: Iron Valiant|tox
|
|-damage|p1a: Iron Valiant|94/100 tox|[from] psn
|-heal|p2a: Gliscor|76/100 tox|[from] ability: Poison Heal
|upkeep
|turn|17
|
|t:|1779949632
|move|p2a: Gliscor|Protect|p2a: Gliscor
|-singleturn|p2a: Gliscor|Protect
|move|p1a: Iron Valiant|Swords Dance|p1a: Iron Valiant
|-boost|p1a: Iron Valiant|atk|2
|
|-damage|p1a: Iron Valiant|82/100 tox|[from] psn
|-heal|p2a: Gliscor|89/100 tox|[from] ability: Poison Heal
|upkeep
|turn|18
|
|t:|1779949648
|move|p1a: Iron Valiant|Spirit Break|p2a: Gliscor
|-damage|p2a: Gliscor|39/100 tox
|-unboost|p2a: Gliscor|spa|1
|move|p2a: Gliscor|Earthquake|p1a: Iron Valiant
|-damage|p1a: Iron Valiant|38/100 tox
|
|-damage|p1a: Iron Valiant|20/100 tox|[from] psn
|-heal|p2a: Gliscor|52/100 tox|[from] ability: Poison Heal
|upkeep
|turn|19
|
|t:|1779949658
|move|p2a: Gliscor|Protect|p2a: Gliscor
|-singleturn|p2a: Gliscor|Protect
|move|p1a: Iron Valiant|Destiny Bond|p1a: Iron Valiant
|-singlemove|p1a: Iron Valiant|Destiny Bond
|
|-damage|p1a: Iron Valiant|0 fnt|[from] psn
|faint|p1a: Iron Valiant
|-end|p1a: Iron Valiant|Quark Drive|[silent]
|-heal|p2a: Gliscor|64/100 tox|[from] ability: Poison Heal
|upkeep
|
|t:|1779949668
|switch|p1a: Cyclizar|Cyclizar, M|100/100
|turn|20
|
|t:|1779949674
|move|p2a: Gliscor|Protect|p2a: Gliscor
|-singleturn|p2a: Gliscor|Protect
|move|p1a: Cyclizar|Draco Meteor|p2a: Gliscor
|-activate|p2a: Gliscor|move: Protect
|
|-heal|p2a: Gliscor|77/100 tox|[from] ability: Poison Heal
|upkeep
|turn|21
|
|t:|1779949681
|move|p1a: Cyclizar|Draco Meteor|p2a: Gliscor
|-damage|p2a: Gliscor|10/100 tox
|-unboost|p1a: Cyclizar|spa|2
|move|p2a: Gliscor|Knock Off|p1a: Cyclizar
|-damage|p1a: Cyclizar|65/100
|-enditem|p1a: Cyclizar|Heavy-Duty Boots|[from] move: Knock Off|[of] p2a: Gliscor
|
|-heal|p2a: Gliscor|23/100 tox|[from] ability: Poison Heal
|upkeep
|turn|22
|
|t:|1779949690
|switch|p1a: Kingambit|Kingambit, M|100/100
|-activate|p1a: Kingambit|ability: Supreme Overlord
|-start|p1a: Kingambit|fallen4|[silent]
|move|p2a: Gliscor|Protect||[still]
|-fail|p2a: Gliscor
|
|-heal|p2a: Gliscor|35/100 tox|[from] ability: Poison Heal
|upkeep
|turn|23
|
|t:|1779949701
|move|p2a: Gliscor|Earthquake|p1a: Kingambit
|-supereffective|p1a: Kingambit
|-damage|p1a: Kingambit|50/100
|move|p1a: Kingambit|Swords Dance|p1a: Kingambit
|-boost|p1a: Kingambit|atk|2
|
|-heal|p1a: Kingambit|56/100|[from] item: Leftovers
|-heal|p2a: Gliscor|48/100 tox|[from] ability: Poison Heal
|upkeep
|turn|24
|
|t:|1779949710
|move|p1a: Kingambit|Sucker Punch|p2a: Gliscor
|-damage|p2a: Gliscor|0 fnt
|faint|p2a: Gliscor
|
|-heal|p1a: Kingambit|62/100|[from] item: Leftovers
|upkeep
|
|t:|1779949712
|switch|p2a: Blaziken|Blaziken, F|100/100
|turn|25
|
|t:|1779949723
|-terastallize|p1a: Kingambit|Flying
|move|p2a: Blaziken|Upper Hand||[still]
|-fail|p2a: Blaziken
|move|p1a: Kingambit|Kowtow Cleave|p2a: Blaziken
|-resisted|p2a: Blaziken
|-damage|p2a: Blaziken|0 fnt
|faint|p2a: Blaziken
|
|-heal|p1a: Kingambit|68/100|[from] item: Leftovers
|upkeep
|
|t:|1779949728
|switch|p2a: Dragapult|Dragapult, M|61/100
|turn|26
|
|t:|1779949733
|move|p1a: Kingambit|Sucker Punch|p2a: Dragapult
|-supereffective|p2a: Dragapult
|-damage|p2a: Dragapult|0 fnt
|faint|p2a: Dragapult
|
|win|newgaem
|raw|newgaem's rating: 1400 &rarr; <strong>1422</strong><br />(+22 for winning)
|raw|danieljonesfan's rating: 1427 &rarr; <strong>1405</strong><br />(-22 for losing)
|l|‽danieljonesfan
|player|p2|
