|j|☆Chinatownz
|j|☆UltraJoy012
|t:|1779876120
|gametype|singles
|player|p1|Chinatownz|fisherman-gen4|1303
|player|p2|UltraJoy012|cynthia|1304
|gen|9
|tier|[Gen 9] OU
|rated|
|rule|HP Percentage Mod: HP is shown in percentages
|rule|Endless Battle Clause: Forcing endless battles is banned
|rule|Species Clause: Limit one of each Pokémon
|rule|OHKO Clause: OHKO moves are banned
|rule|Evasion Items Clause: Evasion items are banned
|rule|Evasion Moves Clause: Evasion moves are banned
|rule|Evasion Abilities Clause: Evasion abilities are banned
|rule|Sleep Moves Clause: Sleep-inducing moves are banned
|clearpoke
|poke|p1|Pelipper, F|
|poke|p1|Landorus-Therian, M|
|poke|p1|Barraskewda, F|
|poke|p1|Iron Treads|
|poke|p1|Regieleki|
|poke|p1|Honchkrow, F|
|poke|p2|Hawlucha, M|
|poke|p2|Indeedee, M|
|poke|p2|Araquanid, M|
|poke|p2|Garganacl, M|
|poke|p2|Dragonite, M|
|poke|p2|Excadrill, M|
|teampreview
|inactive|Battle timer is ON: inactive players will automatically lose when time's up. (requested by UltraJoy012)
|
|t:|1779876130
|teamsize|p1|6
|teamsize|p2|6
|start
|switch|p1a: Pelipper|Pelipper, F|100/100
|switch|p2a: Araquanid|Araquanid, M|100/100
|-weather|RainDance|[from] ability: Drizzle|[of] p1a: Pelipper
|turn|1
|
|t:|1779876136
|move|p1a: Pelipper|Hurricane|p2a: Araquanid
|-supereffective|p2a: Araquanid
|-crit|p2a: Araquanid
|-damage|p2a: Araquanid|0 fnt
|faint|p2a: Araquanid
|
|-weather|RainDance|[upkeep]
|upkeep
|
|t:|1779876144
|switch|p2a: Indeedee|Indeedee, M|100/100
|-fieldstart|move: Psychic Terrain|[from] ability: Psychic Surge|[of] p2a: Indeedee
|turn|2
|
|t:|1779876150
|switch|p1a: Honchkrow|Honchkrow, F|100/100
|move|p2a: Indeedee|Shadow Ball|p1a: Honchkrow
|-resisted|p1a: Honchkrow
|-damage|p1a: Honchkrow|80/100
|
|-weather|RainDance|[upkeep]
|upkeep
|turn|3
|
|t:|1779876155
|move|p2a: Indeedee|Shadow Ball|p1a: Honchkrow
|-resisted|p1a: Honchkrow
|-damage|p1a: Honchkrow|60/100
|move|p1a: Honchkrow|Night Slash|p2a: Indeedee
|-supereffective|p2a: Indeedee
|-damage|p2a: Indeedee|0 fnt
|faint|p2a: Indeedee
|-ability|p1a: Honchkrow|Moxie|boost
|-boost|p1a: Honchkrow|atk|1
|
|-weather|RainDance|[upkeep]
|upkeep
|
|t:|1779876160
|switch|p2a: Hawlucha|Hawlucha, M|100/100
|-enditem|p2a: Hawlucha|Psychic Seed
|-boost|p2a: Hawlucha|spd|1|[from] item: Psychic Seed
|turn|4
|
|t:|1779876171
|move|p2a: Hawlucha|Rock Slide|p1a: Honchkrow
|-supereffective|p1a: Honchkrow
|-damage|p1a: Honchkrow|0 fnt
|faint|p1a: Honchkrow
|
|-weather|RainDance|[upkeep]
|upkeep
|
|t:|1779876177
|switch|p1a: Barraskewda|Barraskewda, F|100/100
|turn|5
|
|t:|1779876185
|-terastallize|p1a: Barraskewda|Water
|-terastallize|p2a: Hawlucha|Steel
|move|p1a: Barraskewda|Liquidation|p2a: Hawlucha
|-damage|p2a: Hawlucha|0 fnt
|faint|p2a: Hawlucha
|
|-weather|RainDance|[upkeep]
|upkeep
|
|t:|1779876198
|switch|p2a: Dragonite|Dragonite, M|100/100
|turn|6
|
|t:|1779876203
|move|p1a: Barraskewda|Liquidation|p2a: Dragonite
|-resisted|p2a: Dragonite
|-damage|p2a: Dragonite|64/100
|move|p2a: Dragonite|Dragon Dance|p2a: Dragonite
|-boost|p2a: Dragonite|atk|1
|-boost|p2a: Dragonite|spe|1
|
|-weather|RainDance|[upkeep]
|-fieldend|move: Psychic Terrain
|upkeep
|turn|7
|
|t:|1779876207
|move|p2a: Dragonite|Extreme Speed|p1a: Barraskewda
|-damage|p1a: Barraskewda|4/100
|move|p1a: Barraskewda|Liquidation|p2a: Dragonite
|-resisted|p2a: Dragonite
|-damage|p2a: Dragonite|0 fnt
|faint|p2a: Dragonite
|
|-weather|RainDance|[upkeep]
|upkeep
|
|t:|1779876212
|switch|p2a: Excadrill|Excadrill, M|100/100
|-ability|p2a: Excadrill|Mold Breaker
|turn|8
|
|t:|1779876214
|move|p1a: Barraskewda|Liquidation|p2a: Excadrill
|-supereffective|p2a: Excadrill
|-damage|p2a: Excadrill|0 fnt
|faint|p2a: Excadrill
|
|-weather|none
|upkeep
|
|t:|1779876216
|switch|p2a: Garganacl|Garganacl, M, shiny|100/100
|turn|9
|
|t:|1779876221
|switch|p1a: Pelipper|Pelipper, F|100/100
|-weather|RainDance|[from] ability: Drizzle|[of] p1a: Pelipper
|move|p2a: Garganacl|Salt Cure|p1a: Pelipper
|-supereffective|p1a: Pelipper
|-damage|p1a: Pelipper|71/100
|-start|p1a: Pelipper|Salt Cure
|
|-weather|RainDance|[upkeep]
|-damage|p1a: Pelipper|46/100|[from] Salt Cure
|upkeep
|turn|10
|
|t:|1779876224
|move|p1a: Pelipper|Surf|p2a: Garganacl
|-supereffective|p2a: Garganacl
|-damage|p2a: Garganacl|19/100
|move|p2a: Garganacl|Iron Defense|p2a: Garganacl
|-boost|p2a: Garganacl|def|2
|
|-weather|RainDance|[upkeep]
|-heal|p2a: Garganacl|25/100|[from] item: Leftovers
|-damage|p1a: Pelipper|21/100|[from] Salt Cure
|upkeep
|turn|11
|
|t:|1779876227
|move|p1a: Pelipper|Surf|p2a: Garganacl
|-supereffective|p2a: Garganacl
|-damage|p2a: Garganacl|0 fnt
|faint|p2a: Garganacl
|
|win|Chinatownz
|raw|Chinatownz's rating: 1303 &rarr; <strong>1323</strong><br />(+20 for winning)
|raw|UltraJoy012's rating: 1304 &rarr; <strong>1284</strong><br />(-20 for losing)
|l|☆Chinatownz
|player|p1|
