|j|☆chrisfeb1992
|j|☆jetleiroi
|t:|1779813832
|gametype|singles
|player|p1|chrisfeb1992|102|1297
|player|p2|jetleiroi|roxie|1345
|gen|9
|tier|[Gen 9] OU
|rated|
|rule|HP Percentage Mod: HP is shown in percentages
|rule|Endless Battle Clause: Forcing endless battles is banned
|rule|Species Clause: Limit one of each Pokémon
|rule|OHKO Clause: OHKO moves are banned
|rule|Evasion Items Clause: Evasion items are banned
|rule|Evasion Moves Clause: Evasion moves are banned
|rule|Evasion Abilities Clause: Evasion abilities are banned
|rule|Sleep Moves Clause: Sleep-inducing moves are banned
|clearpoke
|poke|p1|Ceruledge, F|
|poke|p1|Ribombee, F|
|poke|p1|Ursaluna, M|
|poke|p1|Darkrai|
|poke|p1|Iron Treads|
|poke|p1|Regieleki|
|poke|p2|Indeedee, M|
|poke|p2|Great Tusk|
|poke|p2|Ogerpon-Wellspring, F|
|poke|p2|Pecharunt|
|poke|p2|Iron Jugulis|
|poke|p2|Diancie|
|teampreview
|inactive|Battle timer is ON: inactive players will automatically lose when time's up. (requested by jetleiroi)
|
|t:|1779813867
|teamsize|p1|6
|teamsize|p2|6
|start
|switch|p1a: Ribombee|Ribombee, F|100/100
|switch|p2a: Yes Indeedee!|Indeedee, M|100/100
|-fieldstart|move: Psychic Terrain|[from] ability: Psychic Surge|[of] p2a: Yes Indeedee!
|turn|1
|l|☆chrisfeb1992
|inactive|chrisfeb1992 disconnected and has a minute to reconnect!
|player|p1|
|j|☆chrisfeb1992
|inactive|chrisfeb1992 reconnected and has 130 seconds left.
|player|p1|chrisfeb1992|102|
|
|t:|1779813890
|move|p2a: Yes Indeedee!|Expanding Force|p1a: Ribombee
|-enditem|p1a: Ribombee|Focus Sash
|-damage|p1a: Ribombee|1/100
|move|p1a: Ribombee|Sticky Web|p2a: Yes Indeedee!
|-sidestart|p2: jetleiroi|move: Sticky Web
|
|upkeep
|turn|2
|
|t:|1779813916
|switch|p2a: Princess Pech|Pecharunt|100/100
|-activate|p2a: Princess Pech|move: Sticky Web
|-unboost|p2a: Princess Pech|spe|1
|switch|p1a: Darkrai|Darkrai|100/100
|
|upkeep
|turn|3
|
|t:|1779813933
|move|p1a: Darkrai|Dark Pulse|p2a: Princess Pech
|-supereffective|p2a: Princess Pech
|-damage|p2a: Princess Pech|14/100
|move|p2a: Princess Pech|Parting Shot|p1a: Darkrai
|-unboost|p1a: Darkrai|atk|1
|-unboost|p1a: Darkrai|spa|1
|
|t:|1779813942
|switch|p2a: 4 Ever|Diancie|100/100|[from] Parting Shot
|-activate|p2a: 4 Ever|move: Sticky Web
|-fail|p2a: 4 Ever|unboost|[from] ability: Clear Body|[of] p2a: 4 Ever
|
|upkeep
|turn|4
|
|t:|1779813952
|switch|p1a: Ursaluna|Ursaluna, M|100/100
|move|p2a: 4 Ever|Diamond Storm|p1a: Ursaluna
|-resisted|p1a: Ursaluna
|-damage|p1a: Ursaluna|88/100
|
|-status|p1a: Ursaluna|brn|[from] item: Flame Orb
|upkeep
|turn|5
|
|t:|1779813977
|switch|p2a: Princess Pech|Pecharunt|14/100
|-activate|p2a: Princess Pech|move: Sticky Web
|-unboost|p2a: Princess Pech|spe|1
|move|p1a: Ursaluna|Trailblaze|p2a: Princess Pech
|-resisted|p2a: Princess Pech
|-damage|p2a: Princess Pech|7/100
|-boost|p1a: Ursaluna|spe|1
|-damage|p1a: Ursaluna|71/100 brn|[from] item: Rocky Helmet|[of] p2a: Princess Pech
|
|-damage|p1a: Ursaluna|65/100 brn|[from] brn
|-fieldend|move: Psychic Terrain
|upkeep
|turn|6
|
|t:|1779813990
|move|p1a: Ursaluna|Earthquake|p2a: Princess Pech
|-supereffective|p2a: Princess Pech
|-damage|p2a: Princess Pech|0 fnt
|faint|p2a: Princess Pech
|
|-damage|p1a: Ursaluna|59/100 brn|[from] brn
|upkeep
|
|t:|1779813997
|switch|p2a: Elon Tusk|Great Tusk|100/100
|-activate|p2a: Elon Tusk|move: Sticky Web
|-unboost|p2a: Elon Tusk|spe|1
|-enditem|p2a: Elon Tusk|Booster Energy
|-activate|p2a: Elon Tusk|ability: Protosynthesis|[fromitem]
|-start|p2a: Elon Tusk|protosynthesisatk
|turn|7
|
|t:|1779814006
|-terastallize|p1a: Ursaluna|Ghost
|move|p1a: Ursaluna|Facade|p2a: Elon Tusk
|-damage|p2a: Elon Tusk|33/100
|move|p2a: Elon Tusk|Earthquake|p1a: Ursaluna
|-damage|p1a: Ursaluna|6/100 brn
|
|-damage|p1a: Ursaluna|0 fnt|[from] brn
|faint|p1a: Ursaluna
|upkeep
|
|t:|1779814022
|switch|p1a: Ceruledge|Ceruledge, F|100/100
|turn|8
|
|t:|1779814027
|-end|p2a: Elon Tusk|Protosynthesis|[silent]
|switch|p2a: Yes Indeedee!|Indeedee, M|100/100
|-activate|p2a: Yes Indeedee!|move: Sticky Web
|-unboost|p2a: Yes Indeedee!|spe|1
|-fieldstart|move: Psychic Terrain|[from] ability: Psychic Surge|[of] p2a: Yes Indeedee!
|move|p1a: Ceruledge|Swords Dance|p1a: Ceruledge
|-boost|p1a: Ceruledge|atk|2
|
|upkeep
|turn|9
|
|t:|1779814036
|move|p1a: Ceruledge|Bitter Blade|p2a: Yes Indeedee!
|-damage|p2a: Yes Indeedee!|0 fnt
|faint|p2a: Yes Indeedee!
|
|upkeep
|
|t:|1779814044
|switch|p2a: 4 Ever|Diancie|100/100
|-activate|p2a: 4 Ever|move: Sticky Web
|-fail|p2a: 4 Ever|unboost|[from] ability: Clear Body|[of] p2a: 4 Ever
|turn|10
|
|t:|1779814050
|move|p1a: Ceruledge|Poltergeist|p2a: 4 Ever
|-activate|p2a: 4 Ever|move: Poltergeist|Leftovers
|-damage|p2a: 4 Ever|18/100
|move|p2a: 4 Ever|Diamond Storm|p1a: Ceruledge
|-supereffective|p1a: Ceruledge
|-crit|p1a: Ceruledge
|-enditem|p1a: Ceruledge|Focus Sash
|-damage|p1a: Ceruledge|1/100
|-ability|p1a: Ceruledge|Weak Armor|boost
|-unboost|p1a: Ceruledge|def|1
|-boost|p1a: Ceruledge|spe|2
|
|-heal|p2a: 4 Ever|25/100|[from] item: Leftovers
|upkeep
|turn|11
|-message|jetleiroi forfeited.
|
|win|chrisfeb1992
|raw|chrisfeb1992's rating: 1297 &rarr; <strong>1325</strong><br />(+28 for winning)
|raw|jetleiroi's rating: 1345 &rarr; <strong>1322</strong><br />(-23 for losing)
|l|☆jetleiroi
|player|p2|
