|j|☆wise plays
|j|☆npctypebeat
|t:|1779938897
|gametype|singles
|player|p1|wise plays|riley|1016
|player|p2|npctypebeat|102|1065
|gen|9
|tier|[Gen 9] OU
|rated|
|rule|HP Percentage Mod: HP is shown in percentages
|rule|Endless Battle Clause: Forcing endless battles is banned
|rule|Species Clause: Limit one of each Pokémon
|rule|OHKO Clause: OHKO moves are banned
|rule|Evasion Items Clause: Evasion items are banned
|rule|Evasion Moves Clause: Evasion moves are banned
|rule|Evasion Abilities Clause: Evasion abilities are banned
|rule|Sleep Moves Clause: Sleep-inducing moves are banned
|clearpoke
|poke|p1|Necrozma|
|poke|p1|Lucario, F|
|poke|p1|Greninja-*, M|
|poke|p1|Skeledirge, M|
|poke|p1|Meowscarada, M|
|poke|p1|Maushold-Four|
|poke|p2|Corviknight, F|
|poke|p2|Ting-Lu|
|poke|p2|Kyurem|
|poke|p2|Dondozo, M|
|poke|p2|Slowking-Galar, F|
|poke|p2|Cinderace, M|
|teampreview
|inactive|Battle timer is ON: inactive players will automatically lose when time's up. (requested by wise plays)
|c|☆npctypebeat|hf
|inactive|npctypebeat also wants the timer to be on.
|
|t:|1779938922
|teamsize|p1|6
|teamsize|p2|6
|start
|switch|p1a: Lucario|Lucario, F|100/100
|switch|p2a: Cinderace|Cinderace, M|100/100
|turn|1
|
|t:|1779938929
|move|p2a: Cinderace|Pyro Ball|p1a: Lucario
|-supereffective|p1a: Lucario
|-enditem|p1a: Lucario|Focus Sash
|-damage|p1a: Lucario|1/100
|move|p1a: Lucario|Swords Dance|p1a: Lucario
|-boost|p1a: Lucario|atk|2
|
|upkeep
|turn|2
|
|t:|1779938940
|-terastallize|p1a: Lucario|Normal
|move|p1a: Lucario|Extreme Speed|p2a: Cinderace
|-damage|p2a: Cinderace|14/100
|move|p2a: Cinderace|Pyro Ball|p1a: Lucario
|-damage|p1a: Lucario|0 fnt
|faint|p1a: Lucario
|
|upkeep
|
|t:|1779938946
|switch|p1a: Necrozma|Necrozma|100/100
|turn|3
|
|t:|1779938947
|move|p2a: Cinderace|Pyro Ball|p1a: Necrozma
|-damage|p1a: Necrozma|32/100
|-status|p1a: Necrozma|brn
|-enditem|p1a: Necrozma|Lum Berry|[eat]
|-curestatus|p1a: Necrozma|brn|[msg]
|move|p1a: Necrozma|Dragon Dance|p1a: Necrozma
|-boost|p1a: Necrozma|atk|1
|-boost|p1a: Necrozma|spe|1
|
|upkeep
|turn|4
|
|t:|1779938956
|move|p1a: Necrozma|Earthquake|p2a: Cinderace
|-supereffective|p2a: Cinderace
|-damage|p2a: Cinderace|0 fnt
|faint|p2a: Cinderace
|
|upkeep
|
|t:|1779938970
|switch|p2a: Ting-Lu|Ting-Lu|100/100
|-ability|p2a: Ting-Lu|Vessel of Ruin
|turn|5
|
|t:|1779938973
|move|p1a: Necrozma|X-Scissor|p2a: Ting-Lu
|-supereffective|p2a: Ting-Lu
|-damage|p2a: Ting-Lu|57/100
|move|p2a: Ting-Lu|Earthquake|p1a: Necrozma
|-damage|p1a: Necrozma|0 fnt
|faint|p1a: Necrozma
|
|-heal|p2a: Ting-Lu|63/100|[from] item: Leftovers
|upkeep
|
|t:|1779938984
|switch|p1a: Meowscarada|Meowscarada, M|100/100
|turn|6
|
|t:|1779938991
|move|p1a: Meowscarada|Knock Off|p2a: Ting-Lu
|-resisted|p2a: Ting-Lu
|-damage|p2a: Ting-Lu|51/100
|-enditem|p2a: Ting-Lu|Leftovers|[from] move: Knock Off|[of] p1a: Meowscarada
|move|p2a: Ting-Lu|Earthquake|p1a: Meowscarada
|-resisted|p1a: Meowscarada
|-damage|p1a: Meowscarada|72/100
|
|-heal|p1a: Meowscarada|78/100|[from] item: Leftovers
|upkeep
|turn|7
|
|t:|1779939000
|switch|p2a: Corviknight|Corviknight, F|100/100
|-ability|p2a: Corviknight|Pressure
|move|p1a: Meowscarada|Flower Trick|p2a: Corviknight
|-resisted|p2a: Corviknight
|-crit|p2a: Corviknight
|-damage|p2a: Corviknight|93/100
|
|-heal|p1a: Meowscarada|84/100|[from] item: Leftovers
|upkeep
|turn|8
|
|t:|1779939017
|move|p1a: Meowscarada|Knock Off|p2a: Corviknight
|-damage|p2a: Corviknight|68/100
|-damage|p1a: Meowscarada|68/100|[from] item: Rocky Helmet|[of] p2a: Corviknight
|-enditem|p2a: Corviknight|Rocky Helmet|[from] move: Knock Off|[of] p1a: Meowscarada
|move|p2a: Corviknight|Brave Bird|p1a: Meowscarada
|-supereffective|p1a: Meowscarada
|-damage|p1a: Meowscarada|0 fnt
|faint|p1a: Meowscarada
|-damage|p2a: Corviknight|51/100|[from] Recoil
|
|upkeep
|
|t:|1779939022
|switch|p1a: Skeledirge|Skeledirge, M|100/100
|turn|9
|
|t:|1779939029
|move|p2a: Corviknight|Brave Bird|p1a: Skeledirge
|-damage|p1a: Skeledirge|73/100
|-damage|p2a: Corviknight|42/100|[from] Recoil
|move|p1a: Skeledirge|Torch Song|p2a: Corviknight
|-supereffective|p2a: Corviknight
|-damage|p2a: Corviknight|0 fnt
|-boost|p1a: Skeledirge|spa|1
|faint|p2a: Corviknight
|
|-heal|p1a: Skeledirge|79/100|[from] item: Leftovers
|upkeep
|
|t:|1779939044
|switch|p2a: Kyurem|Kyurem|100/100
|-ability|p2a: Kyurem|Pressure
|turn|10
|
|t:|1779939052
|move|p2a: Kyurem|Earth Power|p1a: Skeledirge
|-supereffective|p1a: Skeledirge
|-damage|p1a: Skeledirge|36/100
|move|p1a: Skeledirge|Will-O-Wisp|p2a: Kyurem
|-status|p2a: Kyurem|brn
|
|-heal|p1a: Skeledirge|42/100|[from] item: Leftovers
|-damage|p2a: Kyurem|94/100 brn|[from] brn
|upkeep
|turn|11
|
|t:|1779939059
|move|p2a: Kyurem|Earth Power|p1a: Skeledirge
|-supereffective|p1a: Skeledirge
|-damage|p1a: Skeledirge|0 fnt
|faint|p1a: Skeledirge
|
|-heal|p2a: Kyurem|100/100 brn|[from] item: Leftovers
|-damage|p2a: Kyurem|94/100 brn|[from] brn
|upkeep
|-message|wise plays forfeited.
|
|win|npctypebeat
|raw|wise plays's rating: 1016 &rarr; <strong>1005</strong><br />(-11 for losing)
|raw|npctypebeat's rating: 1065 &rarr; <strong>1091</strong><br />(+26 for winning)
|l|☆wise plays
|player|p1|
|c|☆npctypebeat|gg
