|j|☆hattybatty304
|j|☆raven TT
|t:|1779893151
|gametype|singles
|player|p1|hattybatty304|swimmerf|1436
|player|p2|raven TT|rainbowrocketgrunt|1493
|gen|9
|tier|[Gen 9] OU
|rated|
|rule|HP Percentage Mod: HP is shown in percentages
|rule|Endless Battle Clause: Forcing endless battles is banned
|rule|Species Clause: Limit one of each Pokémon
|rule|OHKO Clause: OHKO moves are banned
|rule|Evasion Items Clause: Evasion items are banned
|rule|Evasion Moves Clause: Evasion moves are banned
|rule|Evasion Abilities Clause: Evasion abilities are banned
|rule|Sleep Moves Clause: Sleep-inducing moves are banned
|clearpoke
|poke|p1|Hatterene, F|
|poke|p1|Meowscarada, F|
|poke|p1|Primarina, F|
|poke|p1|Cinderace, F|
|poke|p1|Pecharunt|
|poke|p1|Inteleon, F|
|poke|p2|Iron Moth|
|poke|p2|Gliscor, M|
|poke|p2|Hatterene, F|
|poke|p2|Ogerpon-Wellspring, F|
|poke|p2|Raging Bolt|
|poke|p2|Zamazenta-*|
|teampreview
|inactive|Battle timer is ON: inactive players will automatically lose when time's up. (requested by raven TT)
|inactive|hattybatty304 also wants the timer to be on.
|
|t:|1779893181
|teamsize|p1|6
|teamsize|p2|6
|start
|switch|p1a: WidowMaker|Inteleon, F, shiny|100/100
|switch|p2a: Zamazenta|Zamazenta|100/100
|-ability|p2a: Zamazenta|Dauntless Shield|boost
|-boost|p2a: Zamazenta|def|1
|turn|1
|
|t:|1779893188
|move|p2a: Zamazenta|Light Screen|p2a: Zamazenta
|-sidestart|p2: raven TT|move: Light Screen
|move|p1a: WidowMaker|Snipe Shot|p2a: Zamazenta
|-crit|p2a: Zamazenta
|-damage|p2a: Zamazenta|31/100
|
|upkeep
|turn|2
|
|t:|1779893196
|switch|p2a: Ogerpon|Ogerpon-Wellspring, F|100/100
|switch|p1a: Mosquito|Pecharunt|100/100
|
|upkeep
|turn|3
|
|t:|1779893207
|switch|p2a: Gliscor|Gliscor, M|100/100
|move|p1a: Mosquito|Malignant Chain|p2a: Gliscor
|-resisted|p2a: Gliscor
|-damage|p2a: Gliscor|91/100
|-status|p2a: Gliscor|tox
|-start|p2a: Gliscor|confusion|[from] ability: Poison Puppeteer|[of] p1a: Mosquito
|
|-heal|p2a: Gliscor|100/100 tox|[from] ability: Poison Heal
|upkeep
|turn|4
|
|t:|1779893227
|switch|p1a: Rapunzal|Primarina, F, shiny|100/100
|-activate|p2a: Gliscor|confusion
|move|p2a: Gliscor|Earthquake|p1a: Rapunzal
|-damage|p1a: Rapunzal|49/100
|
|upkeep
|turn|5
|
|t:|1779893235
|-activate|p2a: Gliscor|confusion
|-damage|p2a: Gliscor|90/100 tox|[from] confusion
|move|p1a: Rapunzal|Psychic Noise|p2a: Gliscor
|-supereffective|p2a: Gliscor
|-damage|p2a: Gliscor|40/100 tox
|-start|p2a: Gliscor|move: Heal Block
|
|upkeep
|turn|6
|
|t:|1779893245
|switch|p1a: Miss TakeYoMan|Meowscarada, F|100/100
|-activate|p2a: Gliscor|confusion
|-damage|p2a: Gliscor|30/100 tox|[from] confusion
|
|-end|p2a: Gliscor|move: Heal Block
|upkeep
|turn|7
|
|t:|1779893258
|switch|p2a: Hatterene|Hatterene, F|100/100
|move|p1a: Miss TakeYoMan|Knock Off|p2a: Hatterene
|-start|p1a: Miss TakeYoMan|typechange|Dark|[from] ability: Protean
|-crit|p2a: Hatterene
|-damage|p2a: Hatterene|10/100
|-enditem|p2a: Hatterene|Leftovers|[from] move: Knock Off|[of] p1a: Miss TakeYoMan
|
|upkeep
|turn|8
|
|t:|1779893269
|move|p1a: Miss TakeYoMan|Knock Off|p2a: Hatterene
|-damage|p2a: Hatterene|0 fnt
|faint|p2a: Hatterene
|
|-sideend|p2: raven TT|move: Light Screen
|upkeep
|
|t:|1779893279
|switch|p2a: Iron Moth|Iron Moth|100/100
|-enditem|p2a: Iron Moth|Booster Energy
|-activate|p2a: Iron Moth|ability: Quark Drive|[fromitem]
|-start|p2a: Iron Moth|quarkdrivespe
|turn|9
|
|t:|1779893290
|switch|p1a: Rapunzal|Primarina, F, shiny|49/100
|move|p2a: Iron Moth|Fiery Dance|p1a: Rapunzal
|-resisted|p1a: Rapunzal
|-damage|p1a: Rapunzal|40/100
|-boost|p2a: Iron Moth|spa|1
|
|upkeep
|turn|10
|
|t:|1779893297
|move|p2a: Iron Moth|Sludge Wave|p1a: Rapunzal
|-supereffective|p1a: Rapunzal
|-damage|p1a: Rapunzal|0 fnt
|faint|p1a: Rapunzal
|
|upkeep
|
|t:|1779893303
|switch|p1a: Miss TakeYoMan|Meowscarada, F|100/100
|turn|11
|
|t:|1779893308
|move|p1a: Miss TakeYoMan|Sucker Punch|p2a: Iron Moth
|-start|p1a: Miss TakeYoMan|typechange|Dark|[from] ability: Protean
|-damage|p2a: Iron Moth|26/100
|move|p2a: Iron Moth|Fiery Dance|p1a: Miss TakeYoMan
|-damage|p1a: Miss TakeYoMan|0 fnt
|faint|p1a: Miss TakeYoMan
|
|upkeep
|
|t:|1779893316
|switch|p1a: WidowMaker|Inteleon, F, shiny|100/100
|turn|12
|
|t:|1779893324
|switch|p1a: BATTYGAL|Hatterene, F|100/100
|move|p2a: Iron Moth|Sludge Wave|p1a: BATTYGAL
|-supereffective|p1a: BATTYGAL
|-damage|p1a: BATTYGAL|26/100
|
|upkeep
|turn|13
|
|t:|1779893330
|move|p2a: Iron Moth|Sludge Wave|p1a: BATTYGAL
|-supereffective|p1a: BATTYGAL
|-damage|p1a: BATTYGAL|0 fnt
|faint|p1a: BATTYGAL
|
|upkeep
|
|t:|1779893333
|switch|p1a: Lm10|Cinderace, F|100/100
|turn|14
|
|t:|1779893339
|move|p1a: Lm10|Sucker Punch||[still]
|-fail|p1a: Lm10
|move|p2a: Iron Moth|Whirlwind|p1a: Lm10
|drag|p1a: Mosquito|Pecharunt|100/100
|
|upkeep
|turn|15
|
|t:|1779893345
|move|p2a: Iron Moth|Fiery Dance|p1a: Mosquito
|-damage|p1a: Mosquito|44/100
|-boost|p2a: Iron Moth|spa|1
|move|p1a: Mosquito|Shadow Ball|p2a: Iron Moth
|-damage|p2a: Iron Moth|3/100
|-unboost|p2a: Iron Moth|spd|1
|
|upkeep
|turn|16
|
|t:|1779893353
|move|p2a: Iron Moth|Fiery Dance|p1a: Mosquito
|-damage|p1a: Mosquito|0 fnt
|-boost|p2a: Iron Moth|spa|1
|faint|p1a: Mosquito
|
|upkeep
|
|t:|1779893357
|switch|p1a: Lm10|Cinderace, F|100/100
|turn|17
|
|t:|1779893361
|move|p2a: Iron Moth|Fiery Dance|p1a: Lm10
|-resisted|p1a: Lm10
|-damage|p1a: Lm10|28/100
|-boost|p2a: Iron Moth|spa|1
|move|p1a: Lm10|Pyro Ball|p2a: Iron Moth
|-resisted|p2a: Iron Moth
|-damage|p2a: Iron Moth|0 fnt
|faint|p2a: Iron Moth
|-end|p2a: Iron Moth|Quark Drive|[silent]
|
|upkeep
|
|t:|1779893369
|switch|p2a: Zamazenta|Zamazenta|31/100
|turn|18
|
|t:|1779893373
|move|p2a: Zamazenta|Close Combat|p1a: Lm10
|-damage|p1a: Lm10|0 fnt
|-unboost|p2a: Zamazenta|def|1
|-unboost|p2a: Zamazenta|spd|1
|faint|p1a: Lm10
|
|upkeep
|
|t:|1779893375
|switch|p1a: WidowMaker|Inteleon, F, shiny|100/100
|turn|19
|
|t:|1779893381
|move|p2a: Zamazenta|Close Combat|p1a: WidowMaker
|-damage|p1a: WidowMaker|21/100
|-unboost|p2a: Zamazenta|def|1
|-unboost|p2a: Zamazenta|spd|1
|move|p1a: WidowMaker|Snipe Shot|p2a: Zamazenta
|-damage|p2a: Zamazenta|0 fnt
|faint|p2a: Zamazenta
|
|upkeep
|inactive|raven TT has 120 seconds left.
|inactive|raven TT has 90 seconds left.
|
|t:|1779893465
|switch|p2a: Raging Bolt|Raging Bolt|100/100
|-enditem|p2a: Raging Bolt|Booster Energy
|-activate|p2a: Raging Bolt|ability: Protosynthesis|[fromitem]
|-start|p2a: Raging Bolt|protosynthesisspa
|turn|20
|inactive|raven TT has 60 seconds left.
|
|t:|1779893489
|move|p1a: WidowMaker|Ice Beam|p2a: Raging Bolt
|-supereffective|p2a: Raging Bolt
|-damage|p2a: Raging Bolt|41/100
|move|p2a: Raging Bolt|Thunderbolt|p1a: WidowMaker
|-supereffective|p1a: WidowMaker
|-damage|p1a: WidowMaker|0 fnt
|faint|p1a: WidowMaker
|
|win|raven TT
|raw|hattybatty304's rating: 1436 &rarr; <strong>1419</strong><br />(-17 for losing)
|raw|raven TT's rating: 1493 &rarr; <strong>1510</strong><br />(+17 for winning)
|l|☆hattybatty304
|player|p1|
|l|☆raven TT
|player|p2|
