|j|☆Almighty astraeus
|j|☆Wildkoter
|t:|1779965680
|gametype|singles
|player|p1|Almighty astraeus|2|1321
|player|p2|Wildkoter|swimmer|1287
|gen|9
|tier|[Gen 9] OU
|rated|
|rule|HP Percentage Mod: HP is shown in percentages
|rule|Endless Battle Clause: Forcing endless battles is banned
|rule|Species Clause: Limit one of each Pokémon
|rule|OHKO Clause: OHKO moves are banned
|rule|Evasion Items Clause: Evasion items are banned
|rule|Evasion Moves Clause: Evasion moves are banned
|rule|Evasion Abilities Clause: Evasion abilities are banned
|rule|Sleep Moves Clause: Sleep-inducing moves are banned
|clearpoke
|poke|p1|Araquanid, M|
|poke|p1|Lokix, F|
|poke|p1|Galvantula, M|
|poke|p1|Excadrill, M|
|poke|p1|Noivern, M|
|poke|p1|Arcanine-Hisui, M|
|poke|p2|Ting-Lu|
|poke|p2|Ogerpon-Wellspring, F|
|poke|p2|Raging Bolt|
|poke|p2|Zamazenta-*|
|poke|p2|Corviknight, F|
|poke|p2|Slowking-Galar, M|
|teampreview
|inactive|Battle timer is ON: inactive players will automatically lose when time's up. (requested by Almighty astraeus)
|
|t:|1779965694
|teamsize|p1|6
|teamsize|p2|6
|start
|switch|p1a: Faba|Araquanid, M, shiny|100/100
|switch|p2a: Raging Bolt|Raging Bolt|100/100
|-enditem|p2a: Raging Bolt|Booster Energy
|-activate|p2a: Raging Bolt|ability: Protosynthesis|[fromitem]
|-start|p2a: Raging Bolt|protosynthesisspa
|turn|1
|
|t:|1779965703
|switch|p1a: Simon|Excadrill, M, shiny|100/100
|-ability|p1a: Simon|Mold Breaker
|move|p2a: Raging Bolt|Thunderbolt|p1a: Simon
|-immune|p1a: Simon
|
|upkeep
|turn|2
|
|t:|1779965714
|-end|p2a: Raging Bolt|Protosynthesis|[silent]
|switch|p2a: Ogerpon|Ogerpon-Wellspring, F|100/100
|move|p1a: Simon|Stealth Rock|p2a: Ogerpon
|-sidestart|p2: Wildkoter|move: Stealth Rock
|
|upkeep
|turn|3
|
|t:|1779965721
|switch|p1a: PR|Lokix, F|100/100
|move|p2a: Ogerpon|Ivy Cudgel|p1a: PR|[anim] Ivy Cudgel Water
|-damage|p1a: PR|9/100
|
|upkeep
|turn|4
|
|t:|1779965728
|move|p2a: Ogerpon|U-turn|p1a: PR
|-supereffective|p1a: PR
|-damage|p1a: PR|0 fnt
|faint|p1a: PR
|
|t:|1779965748
|switch|p2a: Zamazenta|Zamazenta|100/100|[from] U-turn
|-damage|p2a: Zamazenta|94/100|[from] Stealth Rock
|-ability|p2a: Zamazenta|Dauntless Shield|boost
|-boost|p2a: Zamazenta|def|1
|
|-heal|p2a: Zamazenta|100/100|[from] item: Leftovers
|upkeep
|
|t:|1779965755
|switch|p1a: Zpidy|Galvantula, M, shiny|100/100
|turn|5
|
|t:|1779965762
|switch|p2a: Corviknight|Corviknight, F|100/100
|-damage|p2a: Corviknight|88/100|[from] Stealth Rock
|-ability|p2a: Corviknight|Pressure
|move|p1a: Zpidy|Thunder|p2a: Corviknight
|-supereffective|p2a: Corviknight
|-damage|p2a: Corviknight|0 fnt
|faint|p2a: Corviknight
|
|upkeep
|
|t:|1779965775
|switch|p2a: Ting-Lu|Ting-Lu|100/100
|-damage|p2a: Ting-Lu|94/100|[from] Stealth Rock
|-ability|p2a: Ting-Lu|Vessel of Ruin
|turn|6
|
|t:|1779965780
|switch|p1a: Dick|Noivern, M|100/100
|move|p2a: Ting-Lu|Ruination|p1a: Dick
|-damage|p1a: Dick|51/100
|
|-heal|p2a: Ting-Lu|100/100|[from] item: Leftovers
|upkeep
|turn|7
|
|t:|1779965787
|switch|p2a: Raging Bolt|Raging Bolt|100/100
|-damage|p2a: Raging Bolt|88/100|[from] Stealth Rock
|move|p1a: Dick|Boomburst|p2a: Raging Bolt
|-damage|p2a: Raging Bolt|49/100
|-enditem|p1a: Dick|Throat Spray
|-boost|p1a: Dick|spa|1|[from] item: Throat Spray
|
|upkeep
|turn|8
|
|t:|1779965795
|move|p1a: Dick|Boomburst|p2a: Raging Bolt
|-damage|p2a: Raging Bolt|0 fnt
|faint|p2a: Raging Bolt
|-end|p2a: Raging Bolt|Protosynthesis|[silent]
|
|upkeep
|
|t:|1779965806
|switch|p2a: Slowking|Slowking-Galar, M|100/100
|turn|9
|
|t:|1779965816
|move|p1a: Dick|Air Slash|p2a: Slowking
|-damage|p2a: Slowking|71/100
|move|p2a: Slowking|Ice Beam|p1a: Dick
|-supereffective|p1a: Dick
|-damage|p1a: Dick|0 fnt
|faint|p1a: Dick
|
|upkeep
|
|t:|1779965833
|switch|p1a: Faba|Araquanid, M, shiny|100/100
|turn|10
|
|t:|1779965841
|move|p1a: Faba|Sticky Web|p2a: Slowking
|-sidestart|p2: Wildkoter|move: Sticky Web
|move|p2a: Slowking|Sludge Bomb|p1a: Faba
|-damage|p1a: Faba|76/100
|
|upkeep
|turn|11
|
|t:|1779965845
|switch|p1a: Simon|Excadrill, M, shiny|100/100
|-ability|p1a: Simon|Mold Breaker
|move|p2a: Slowking|Psychic Noise|p1a: Simon
|-resisted|p1a: Simon
|-damage|p1a: Simon|83/100
|-start|p1a: Simon|move: Heal Block
|
|upkeep
|turn|12
|
|t:|1779965859
|switch|p2a: Ogerpon|Ogerpon-Wellspring, F|100/100
|-damage|p2a: Ogerpon|88/100|[from] Stealth Rock
|-activate|p2a: Ogerpon|move: Sticky Web
|-unboost|p2a: Ogerpon|spe|1
|move|p1a: Simon|Earthquake|p2a: Ogerpon
|-resisted|p2a: Ogerpon
|-crit|p2a: Ogerpon
|-damage|p2a: Ogerpon|36/100
|
|-end|p1a: Simon|move: Heal Block
|upkeep
|turn|13
|
|t:|1779965869
|move|p1a: Simon|Iron Head|p2a: Ogerpon
|-resisted|p2a: Ogerpon
|-damage|p2a: Ogerpon|6/100
|cant|p2a: Ogerpon|flinch
|
|upkeep
|turn|14
|
|t:|1779965874
|move|p1a: Simon|Iron Head|p2a: Ogerpon
|-resisted|p2a: Ogerpon
|-damage|p2a: Ogerpon|0 fnt
|faint|p2a: Ogerpon
|
|upkeep
|
|t:|1779965879
|switch|p2a: Ting-Lu|Ting-Lu|100/100
|-damage|p2a: Ting-Lu|94/100|[from] Stealth Rock
|-activate|p2a: Ting-Lu|move: Sticky Web
|-unboost|p2a: Ting-Lu|spe|1
|-ability|p2a: Ting-Lu|Vessel of Ruin
|turn|15
|
|t:|1779965888
|switch|p1a: Faba|Araquanid, M, shiny|76/100
|move|p2a: Ting-Lu|Earthquake|p1a: Faba
|-resisted|p1a: Faba
|-damage|p1a: Faba|55/100
|
|-heal|p2a: Ting-Lu|100/100|[from] item: Leftovers
|upkeep
|turn|16
|
|t:|1779965899
|move|p1a: Faba|Liquidation|p2a: Ting-Lu
|-supereffective|p2a: Ting-Lu
|-damage|p2a: Ting-Lu|2/100
|move|p2a: Ting-Lu|Ruination|p1a: Faba
|-damage|p1a: Faba|28/100
|
|-heal|p2a: Ting-Lu|8/100|[from] item: Leftovers
|upkeep
|turn|17
|
|t:|1779965907
|switch|p2a: Zamazenta|Zamazenta|100/100
|-damage|p2a: Zamazenta|94/100|[from] Stealth Rock
|-activate|p2a: Zamazenta|move: Sticky Web
|-unboost|p2a: Zamazenta|spe|1
|move|p1a: Faba|Liquidation|p2a: Zamazenta
|-crit|p2a: Zamazenta
|-damage|p2a: Zamazenta|0 fnt
|faint|p2a: Zamazenta
|
|upkeep
|
|t:|1779965917
|switch|p2a: Slowking|Slowking-Galar, M|100/100
|turn|18
|
|t:|1779965919
|move|p1a: Faba|Liquidation|p2a: Slowking
|-damage|p2a: Slowking|3/100
|-unboost|p2a: Slowking|def|1
|move|p2a: Slowking|Ice Beam|p1a: Faba
|-resisted|p1a: Faba
|-damage|p1a: Faba|19/100
|-status|p1a: Faba|frz
|
|upkeep
|turn|19
|-message|Wildkoter forfeited.
|
|win|Almighty astraeus
|raw|Almighty astraeus's rating: 1321 &rarr; <strong>1339</strong><br />(+18 for winning)
|raw|Wildkoter's rating: 1287 &rarr; <strong>1264</strong><br />(-23 for losing)
|l|☆Wildkoter
|player|p2|
|l|☆Almighty astraeus
|player|p1|
