|j|☆teapause
|j|☆Andher
|t:|1779880080
|gametype|singles
|player|p1|teapause|waiter|1457
|player|p2|Andher|shadowtriad|1505
|gen|9
|tier|[Gen 9] OU
|rated|
|rule|HP Percentage Mod: HP is shown in percentages
|rule|Endless Battle Clause: Forcing endless battles is banned
|rule|Species Clause: Limit one of each Pokémon
|rule|OHKO Clause: OHKO moves are banned
|rule|Evasion Items Clause: Evasion items are banned
|rule|Evasion Moves Clause: Evasion moves are banned
|rule|Evasion Abilities Clause: Evasion abilities are banned
|rule|Sleep Moves Clause: Sleep-inducing moves are banned
|clearpoke
|poke|p1|Lanturn, M|
|poke|p1|Ninetales-Alola, M|
|poke|p1|Slowking-Galar, M|
|poke|p1|Corviknight, F|
|poke|p1|Garchomp, F|
|poke|p1|Ceruledge, F|
|poke|p2|Samurott-Hisui, F|
|poke|p2|Corviknight, M|
|poke|p2|Kingambit, M|
|poke|p2|Skeledirge, M|
|poke|p2|Gengar, F|
|poke|p2|Dragapult, M|
|teampreview
|inactive|Battle timer is ON: inactive players will automatically lose when time's up. (requested by teapause)
|
|t:|1779880091
|teamsize|p1|6
|teamsize|p2|6
|start
|switch|p1a: Garchomp|Garchomp, F|100/100
|switch|p2a: Mort|Skeledirge, M|100/100
|turn|1
|
|t:|1779880101
|-terastallize|p2a: Mort|Fairy
|move|p1a: Garchomp|Earthquake|p2a: Mort
|-damage|p2a: Mort|56/100
|move|p2a: Mort|Torch Song|p1a: Garchomp
|-resisted|p1a: Garchomp
|-damage|p1a: Garchomp|88/100
|-boost|p2a: Mort|spa|1
|-enditem|p1a: Garchomp|Red Card|[of] p2a: Mort
|drag|p2a: Ronin|Samurott-Hisui, F|100/100
|
|upkeep
|turn|2
|
|t:|1779880122
|move|p2a: Ronin|Flip Turn|p1a: Garchomp
|-damage|p1a: Garchomp|64/100
|-damage|p2a: Ronin|88/100|[from] ability: Rough Skin|[of] p1a: Garchomp
|
|t:|1779880131
|switch|p2a: Corax|Corviknight, M|100/100|[from] Flip Turn
|-ability|p2a: Corax|Pressure
|move|p1a: Garchomp|Stealth Rock|p2a: Corax
|-sidestart|p2: Andher|move: Stealth Rock
|
|upkeep
|turn|3
|
|t:|1779880151
|switch|p1a: Lanturn|Lanturn, M|100/100
|move|p2a: Corax|Defog|p1a: Lanturn
|-unboost|p1a: Lanturn|evasion|1
|-sideend|p2: Andher|Stealth Rock|[from] move: Defog|[of] p2a: Corax
|
|upkeep
|turn|4
|
|t:|1779880170
|switch|p2a: Ombra|Dragapult, M|100/100
|move|p1a: Lanturn|Thunder|p2a: Ombra
|-resisted|p2a: Ombra
|-damage|p2a: Ombra|71/100
|-status|p2a: Ombra|par
|
|upkeep
|turn|5
|j| chillncurry
|
|t:|1779880181
|move|p2a: Ombra|Fire Blast|p1a: Lanturn
|-resisted|p1a: Lanturn
|-damage|p1a: Lanturn|82/100
|move|p1a: Lanturn|Blizzard|p2a: Ombra
|-supereffective|p2a: Ombra
|-damage|p2a: Ombra|0 fnt
|faint|p2a: Ombra
|
|upkeep
|
|t:|1779880190
|switch|p2a: Shogun|Kingambit, M|100/100
|-activate|p2a: Shogun|ability: Supreme Overlord
|-start|p2a: Shogun|fallen1|[silent]
|turn|6
|
|t:|1779880194
|move|p1a: Lanturn|Soak|p2a: Shogun
|-start|p2a: Shogun|typechange|Water
|move|p2a: Shogun|Kowtow Cleave|p1a: Lanturn
|-damage|p1a: Lanturn|34/100
|
|upkeep
|turn|7
|
|t:|1779880204
|move|p1a: Lanturn|Rest|p1a: Lanturn
|-status|p1a: Lanturn|slp|[from] move: Rest
|-heal|p1a: Lanturn|100/100 slp|[silent]
|-enditem|p1a: Lanturn|Chesto Berry|[eat]
|-curestatus|p1a: Lanturn|slp|[msg]
|move|p2a: Shogun|Iron Head|p1a: Lanturn
|-resisted|p1a: Lanturn
|-damage|p1a: Lanturn|91/100
|
|upkeep
|turn|8
|
|t:|1779880217
|move|p1a: Lanturn|Thunder|p2a: Shogun
|-supereffective|p2a: Shogun
|-damage|p2a: Shogun|26/100
|move|p2a: Shogun|Swords Dance|p2a: Shogun
|-boost|p2a: Shogun|atk|2
|
|-heal|p2a: Shogun|32/100|[from] item: Leftovers
|upkeep
|turn|9
|
|t:|1779880226
|move|p2a: Shogun|Sucker Punch|p1a: Lanturn
|-damage|p1a: Lanturn|21/100
|move|p1a: Lanturn|Thunder|p2a: Shogun
|-supereffective|p2a: Shogun
|-crit|p2a: Shogun
|-damage|p2a: Shogun|0 fnt
|faint|p2a: Shogun
|-end|p2a: Shogun|fallen1|[silent]
|
|upkeep
|c| chillncurry|God dang this lanturn doesn't miss
|c|☆Andher|i know XD
|
|t:|1779880239
|switch|p2a: Malson|Gengar, F, shiny|100/100
|turn|10
|c|☆Andher|gg
|c|☆Andher|nice set anyway
|
|t:|1779880268
|move|p2a: Malson|Shadow Ball|p1a: Lanturn
|-damage|p1a: Lanturn|0 fnt
|faint|p1a: Lanturn
|
|upkeep
|inactive|teapause has 120 seconds left.
|
|t:|1779880278
|switch|p1a: Garchomp|Garchomp, F|64/100
|turn|11
|
|t:|1779880291
|switch|p2a: Corax|Corviknight, M|100/100
|-ability|p2a: Corax|Pressure
|move|p1a: Garchomp|Earthquake|p2a: Corax
|-immune|p2a: Corax
|
|upkeep
|turn|12
|
|t:|1779880301
|switch|p1a: Slowking|Slowking-Galar, M|100/100
|move|p2a: Corax|Brave Bird|p1a: Slowking
|-damage|p1a: Slowking|61/100
|-damage|p2a: Corax|84/100|[from] item: Rocky Helmet|[of] p1a: Slowking
|-damage|p2a: Corax|71/100|[from] Recoil
|
|upkeep
|turn|13
|
|t:|1779880311
|switch|p2a: Malson|Gengar, F, shiny|100/100
|move|p1a: Slowking|Flamethrower|p2a: Malson
|-crit|p2a: Malson
|-damage|p2a: Malson|52/100
|
|upkeep
|turn|14
|inactive|teapause has 120 seconds left.
|
|t:|1779880340
|-terastallize|p1a: Slowking|Fire
|move|p2a: Malson|Shadow Ball|p1a: Slowking
|-damage|p1a: Slowking|38/100
|move|p1a: Slowking|Eerie Spell|p2a: Malson
|-supereffective|p2a: Malson
|-damage|p2a: Malson|0 fnt
|faint|p2a: Malson
|
|upkeep
|
|t:|1779880349
|switch|p2a: Ronin|Samurott-Hisui, F|88/100
|turn|15
|
|t:|1779880354
|switch|p1a: Corviknight|Corviknight, F|100/100
|-ability|p1a: Corviknight|Pressure
|move|p2a: Ronin|Flip Turn|p1a: Corviknight
|-damage|p1a: Corviknight|85/100
|
|t:|1779880360
|switch|p2a: Mort|Skeledirge, M, tera:Fairy|56/100|[from] Flip Turn
|
|-heal|p1a: Corviknight|91/100|[from] item: Leftovers
|upkeep
|turn|16
|
|t:|1779880367
|move|p1a: Corviknight|Flash Cannon|p2a: Mort
|-supereffective|p2a: Mort
|-damage|p2a: Mort|28/100
|move|p2a: Mort|Torch Song|p1a: Corviknight
|-supereffective|p1a: Corviknight
|-damage|p1a: Corviknight|28/100
|-boost|p2a: Mort|spa|1
|
|-heal|p1a: Corviknight|34/100|[from] item: Leftovers
|upkeep
|turn|17
|c|☆Andher|such an interesting choice of attacks
|c|☆Andher|love it
|
|t:|1779880383
|move|p1a: Corviknight|Flash Cannon|p2a: Mort
|-supereffective|p2a: Mort
|-damage|p2a: Mort|2/100
|move|p2a: Mort|Slack Off|p2a: Mort
|-heal|p2a: Mort|52/100
|
|-heal|p1a: Corviknight|40/100|[from] item: Leftovers
|upkeep
|turn|18
|
|t:|1779880395
|move|p1a: Corviknight|Spite|p2a: Mort
|-activate|p2a: Mort|move: Spite|Slack Off|4
|move|p2a: Mort|Slack Off|p2a: Mort
|-heal|p2a: Mort|100/100
|
|-heal|p1a: Corviknight|47/100|[from] item: Leftovers
|upkeep
|turn|19
|
|t:|1779880404
|move|p1a: Corviknight|Spite|p2a: Mort
|-activate|p2a: Mort|move: Spite|Slack Off|2
|move|p2a: Mort|Torch Song|p1a: Corviknight
|-supereffective|p1a: Corviknight
|-damage|p1a: Corviknight|0 fnt
|-boost|p2a: Mort|spa|1
|faint|p1a: Corviknight
|
|upkeep
|
|t:|1779880424
|switch|p1a: Garchomp|Garchomp, F|64/100
|turn|20
|
|t:|1779880429
|move|p1a: Garchomp|Earthquake|p2a: Mort
|-damage|p2a: Mort|56/100
|move|p2a: Mort|Alluring Voice|p1a: Garchomp
|-supereffective|p1a: Garchomp
|-damage|p1a: Garchomp|0 fnt
|faint|p1a: Garchomp
|
|upkeep
|
|t:|1779880456
|switch|p1a: Slowking|Slowking-Galar, M, tera:Fire|72/100
|turn|21
|
|t:|1779880465
|switch|p2a: Ronin|Samurott-Hisui, F|88/100
|move|p1a: Slowking|Eerie Spell|p2a: Ronin
|-immune|p2a: Ronin
|
|upkeep
|turn|22
|
|t:|1779880482
|switch|p1a: Ninetales|Ninetales-Alola, M|100/100
|-weather|Snowscape|[from] ability: Snow Warning|[of] p1a: Ninetales
|move|p2a: Ronin|Ceaseless Edge|p1a: Ninetales|[miss]
|-miss|p2a: Ronin|p1a: Ninetales
|
|-weather|Snowscape|[upkeep]
|upkeep
|turn|23
|
|t:|1779880494
|switch|p2a: Mort|Skeledirge, M, tera:Fairy|56/100
|move|p1a: Ninetales|Calm Mind|p1a: Ninetales
|-boost|p1a: Ninetales|spa|1
|-boost|p1a: Ninetales|spd|1
|
|-weather|Snowscape|[upkeep]
|upkeep
|turn|24
|
|t:|1779880503
|switch|p1a: Ceruledge|Ceruledge, F|100/100
|-item|p1a: Ceruledge|Air Balloon
|move|p2a: Mort|Torch Song|p1a: Ceruledge
|-start|p1a: Ceruledge|ability: Flash Fire
|
|-weather|Snowscape|[upkeep]
|upkeep
|turn|25
|
|t:|1779880512
|move|p1a: Ceruledge|Bitter Blade|p2a: Mort
|-crit|p2a: Mort
|-damage|p2a: Mort|0 fnt
|faint|p2a: Mort
|
|-weather|Snowscape|[upkeep]
|upkeep
|
|t:|1779880523
|switch|p2a: Ronin|Samurott-Hisui, F|88/100
|turn|26
|
|t:|1779880529
|-end|p1a: Ceruledge|ability: Flash Fire|[silent]
|switch|p1a: Ninetales|Ninetales-Alola, M|100/100
|move|p2a: Ronin|Flip Turn|p1a: Ninetales
|-damage|p1a: Ninetales|75/100
|
|t:|1779880536
|switch|p2a: Corax|Corviknight, M|71/100|[from] Flip Turn
|-ability|p2a: Corax|Pressure
|
|-weather|none
|upkeep
|turn|27
|
|t:|1779880543
|switch|p1a: Slowking|Slowking-Galar, M, tera:Fire|100/100
|move|p2a: Corax|Body Press|p1a: Slowking
|-damage|p1a: Slowking|78/100
|-damage|p2a: Corax|55/100|[from] item: Rocky Helmet|[of] p1a: Slowking
|
|upkeep
|turn|28
|
|t:|1779880555
|switch|p2a: Ronin|Samurott-Hisui, F|88/100
|move|p1a: Slowking|Flamethrower|p2a: Ronin
|-resisted|p2a: Ronin
|-damage|p2a: Ronin|64/100
|
|upkeep
|turn|29
|
|t:|1779880562
|switch|p1a: Ninetales|Ninetales-Alola, M|75/100
|-weather|Snowscape|[from] ability: Snow Warning|[of] p1a: Ninetales
|move|p2a: Ronin|Ceaseless Edge|p1a: Ninetales
|-resisted|p1a: Ninetales
|-damage|p1a: Ninetales|53/100
|-sidestart|p1: teapause|Spikes
|
|-weather|Snowscape|[upkeep]
|upkeep
|turn|30
|
|t:|1779880574
|switch|p2a: Corax|Corviknight, M|55/100
|-ability|p2a: Corax|Pressure
|move|p1a: Ninetales|Aurora Veil|p1a: Ninetales
|-sidestart|p1: teapause|move: Aurora Veil
|
|-weather|Snowscape|[upkeep]
|upkeep
|turn|31
|
|t:|1779880582
|switch|p1a: Ceruledge|Ceruledge, F|100/100
|-item|p1a: Ceruledge|Air Balloon
|move|p2a: Corax|Defog|p1a: Ceruledge
|-unboost|p1a: Ceruledge|evasion|1
|-sideend|p1: teapause|move: Aurora Veil
|-sideend|p1: teapause|Spikes|[from] move: Defog|[of] p2a: Corax
|
|-weather|Snowscape|[upkeep]
|upkeep
|turn|32
|
|t:|1779880596
|switch|p2a: Ronin|Samurott-Hisui, F|64/100
|move|p1a: Ceruledge|Will-O-Wisp|p2a: Ronin
|-status|p2a: Ronin|brn
|
|-weather|Snowscape|[upkeep]
|-damage|p2a: Ronin|58/100 brn|[from] brn
|upkeep
|turn|33
|
|t:|1779880606
|switch|p1a: Ninetales|Ninetales-Alola, M|53/100
|move|p2a: Ronin|Ceaseless Edge|p1a: Ninetales
|-resisted|p1a: Ninetales
|-damage|p1a: Ninetales|43/100
|-sidestart|p1: teapause|Spikes
|
|-weather|none
|-damage|p2a: Ronin|51/100 brn|[from] brn
|upkeep
|turn|34
|c|☆Andher|gg wp
|c|☆Andher|loved the movesets
|c|☆Andher|super creative
|-message|Andher forfeited.
|
|win|teapause
|raw|teapause's rating: 1457 &rarr; <strong>1480</strong><br />(+23 for winning)
|raw|Andher's rating: 1505 &rarr; <strong>1482</strong><br />(-23 for losing)
|l|☆teapause
|player|p1|
|l| chillncurry
|l|☆Andher
|player|p2|
