|j|☆blueThe12thman
|j|☆NewGenLaw
|t:|1779928959
|gametype|singles
|player|p1|blueThe12thman|silver|1422
|player|p2|NewGenLaw|blue|1466
|gen|9
|tier|[Gen 9] OU
|rated|
|rule|HP Percentage Mod: HP is shown in percentages
|rule|Endless Battle Clause: Forcing endless battles is banned
|rule|Species Clause: Limit one of each Pokémon
|rule|OHKO Clause: OHKO moves are banned
|rule|Evasion Items Clause: Evasion items are banned
|rule|Evasion Moves Clause: Evasion moves are banned
|rule|Evasion Abilities Clause: Evasion abilities are banned
|rule|Sleep Moves Clause: Sleep-inducing moves are banned
|clearpoke
|poke|p1|Tyranitar, F|
|poke|p1|Skarmory, F|
|poke|p1|Scizor, M|
|poke|p1|Slowking, F|
|poke|p1|Gliscor, M|
|poke|p1|Espeon, F|
|poke|p2|Dragonite, M|
|poke|p2|Jirachi|
|poke|p2|Samurott-Hisui, F|
|poke|p2|Kyurem|
|poke|p2|Great Tusk|
|poke|p2|Iron Valiant|
|teampreview
|c|☆NewGenLaw|hf
|inactive|Battle timer is ON: inactive players will automatically lose when time's up. (requested by NewGenLaw)
|c|☆blueThe12thman|zu2
|
|t:|1779928988
|teamsize|p1|6
|teamsize|p2|6
|start
|switch|p1a: Gliscor|Gliscor, M|100/100
|switch|p2a: Jirachi|Jirachi|100/100
|turn|1
|
|t:|1779929013
|move|p1a: Gliscor|Protect|p1a: Gliscor
|-singleturn|p1a: Gliscor|Protect
|move|p2a: Jirachi|Doom Desire|p1a: Gliscor
|-start|p2a: Jirachi|Doom Desire
|
|-status|p1a: Gliscor|tox|[from] item: Toxic Orb
|upkeep
|turn|2
|
|t:|1779929026
|switch|p2a: Samurott|Samurott-Hisui, F|100/100
|move|p1a: Gliscor|Stealth Rock|p2a: Samurott
|-sidestart|p2: NewGenLaw|move: Stealth Rock
|
|upkeep
|turn|3
|inactive|blueThe12thman has 120 seconds left.
|
|t:|1779929050
|switch|p1a: Scizor|Scizor, M|100/100
|move|p2a: Samurott|Razor Shell|p1a: Scizor
|-damage|p1a: Scizor|40/100
|
|-end|p1a: Scizor|move: Doom Desire
|-resisted|p1a: Scizor
|-damage|p1a: Scizor|9/100
|upkeep
|turn|4
|inactive|blueThe12thman has 120 seconds left.
|
|t:|1779929068
|switch|p1a: Skarmory|Skarmory, F|100/100
|move|p2a: Samurott|Aqua Jet|p1a: Skarmory
|-damage|p1a: Skarmory|89/100
|-damage|p2a: Samurott|84/100|[from] item: Rocky Helmet|[of] p1a: Skarmory
|
|upkeep
|turn|5
|inactive|blueThe12thman has 120 seconds left.
|
|t:|1779929081
|switch|p2a: Great Tusk|Great Tusk|100/100
|-damage|p2a: Great Tusk|98/100|[from] Stealth Rock
|move|p1a: Skarmory|Iron Defense|p1a: Skarmory
|-boost|p1a: Skarmory|def|2
|
|upkeep
|turn|6
|inactive|blueThe12thman has 120 seconds left.
|
|t:|1779929088
|move|p2a: Great Tusk|Rapid Spin|p1a: Skarmory
|-resisted|p1a: Skarmory
|-damage|p1a: Skarmory|87/100
|-boost|p2a: Great Tusk|spe|1
|-damage|p2a: Great Tusk|81/100|[from] item: Rocky Helmet|[of] p1a: Skarmory
|-sideend|p2: NewGenLaw|Stealth Rock|[from] move: Rapid Spin|[of] p2a: Great Tusk
|move|p1a: Skarmory|Iron Defense|p1a: Skarmory
|-boost|p1a: Skarmory|def|2
|
|upkeep
|turn|7
|
|t:|1779929096
|move|p2a: Great Tusk|Stealth Rock|p1a: Skarmory
|-sidestart|p1: blueThe12thman|move: Stealth Rock
|move|p1a: Skarmory|Body Press|p2a: Great Tusk
|-damage|p2a: Great Tusk|35/100
|-damage|p1a: Skarmory|71/100|[from] item: Rocky Helmet|[of] p2a: Great Tusk
|
|upkeep
|turn|8
|
|t:|1779929114
|-end|p2a: Great Tusk|Protosynthesis|[silent]
|switch|p2a: Iron Valiant|Iron Valiant|100/100
|-enditem|p2a: Iron Valiant|Booster Energy
|-activate|p2a: Iron Valiant|ability: Quark Drive|[fromitem]
|-start|p2a: Iron Valiant|quarkdrivespe
|move|p1a: Skarmory|Spikes|p2a: Iron Valiant
|-sidestart|p2: NewGenLaw|Spikes
|
|upkeep
|turn|9
|
|t:|1779929124
|move|p2a: Iron Valiant|Calm Mind|p2a: Iron Valiant
|-boost|p2a: Iron Valiant|spa|1
|-boost|p2a: Iron Valiant|spd|1
|move|p1a: Skarmory|Body Press|p2a: Iron Valiant
|-resisted|p2a: Iron Valiant
|-damage|p2a: Iron Valiant|34/100
|
|upkeep
|turn|10
|
|t:|1779929134
|switch|p1a: Gliscor|Gliscor, M|100/100 tox
|-damage|p1a: Gliscor|88/100 tox|[from] Stealth Rock
|-terastallize|p2a: Iron Valiant|Ghost
|move|p2a: Iron Valiant|Calm Mind|p2a: Iron Valiant
|-boost|p2a: Iron Valiant|spa|1
|-boost|p2a: Iron Valiant|spd|1
|
|-heal|p1a: Gliscor|100/100 tox|[from] ability: Poison Heal
|upkeep
|turn|11
|
|t:|1779929146
|switch|p1a: Tyranitar|Tyranitar, F|100/100
|-damage|p1a: Tyranitar|88/100|[from] Stealth Rock
|-weather|Sandstorm|[from] ability: Sand Stream|[of] p1a: Tyranitar
|move|p2a: Iron Valiant|Moonblast|p1a: Tyranitar
|-supereffective|p1a: Tyranitar
|-damage|p1a: Tyranitar|0 fnt
|faint|p1a: Tyranitar
|
|-weather|Sandstorm|[upkeep]
|-damage|p2a: Iron Valiant|27/100|[from] Sandstorm
|upkeep
|
|t:|1779929160
|switch|p1a: Slowking|Slowking, F|100/100
|turn|12
|
|t:|1779929164
|move|p2a: Iron Valiant|Shadow Ball|p1a: Slowking
|-supereffective|p1a: Slowking
|-damage|p1a: Slowking|2/100
|-unboost|p1a: Slowking|spd|1
|move|p1a: Slowking|Scald|p2a: Iron Valiant
|-damage|p2a: Iron Valiant|0 fnt
|faint|p2a: Iron Valiant
|-end|p2a: Iron Valiant|Quark Drive|[silent]
|
|-weather|Sandstorm|[upkeep]
|-damage|p1a: Slowking|0 fnt|[from] Sandstorm
|faint|p1a: Slowking
|upkeep
|
|t:|1779929193
|switch|p2a: Samurott|Samurott-Hisui, F|84/100
|switch|p1a: Skarmory|Skarmory, F|71/100
|-damage|p2a: Samurott|72/100|[from] Spikes
|-damage|p1a: Skarmory|59/100|[from] Stealth Rock
|turn|13
|
|t:|1779929212
|move|p2a: Samurott|Knock Off|p1a: Skarmory
|-damage|p1a: Skarmory|33/100
|-damage|p2a: Samurott|55/100|[from] item: Rocky Helmet|[of] p1a: Skarmory
|-enditem|p1a: Skarmory|Rocky Helmet|[from] move: Knock Off|[of] p2a: Samurott
|move|p1a: Skarmory|Roost|p1a: Skarmory
|-heal|p1a: Skarmory|83/100
|-singleturn|p1a: Skarmory|move: Roost
|
|-weather|Sandstorm|[upkeep]
|-damage|p2a: Samurott|49/100|[from] Sandstorm
|upkeep
|turn|14
|inactive|blueThe12thman has 120 seconds left.
|
|t:|1779929241
|move|p2a: Samurott|Razor Shell|p1a: Skarmory
|-damage|p1a: Skarmory|51/100
|-unboost|p1a: Skarmory|def|1
|move|p1a: Skarmory|Iron Defense|p1a: Skarmory
|-boost|p1a: Skarmory|def|2
|
|-weather|Sandstorm|[upkeep]
|-damage|p2a: Samurott|43/100|[from] Sandstorm
|upkeep
|turn|15
|inactive|blueThe12thman has 120 seconds left.
|
|t:|1779929253
|switch|p2a: Great Tusk|Great Tusk|35/100
|-damage|p2a: Great Tusk|23/100|[from] Spikes
|move|p1a: Skarmory|Roost|p1a: Skarmory
|-heal|p1a: Skarmory|100/100
|-singleturn|p1a: Skarmory|move: Roost
|
|-weather|none
|upkeep
|turn|16
|inactive|blueThe12thman has 120 seconds left.
|
|t:|1779929264
|move|p2a: Great Tusk|Rapid Spin|p1a: Skarmory
|-resisted|p1a: Skarmory
|-damage|p1a: Skarmory|98/100
|-boost|p2a: Great Tusk|spe|1
|-sideend|p2: NewGenLaw|Spikes|[from] move: Rapid Spin|[of] p2a: Great Tusk
|move|p1a: Skarmory|Iron Defense|p1a: Skarmory
|-boost|p1a: Skarmory|def|2
|
|upkeep
|turn|17
|inactive|blueThe12thman has 120 seconds left.
|
|t:|1779929281
|-end|p2a: Great Tusk|Protosynthesis|[silent]
|switch|p2a: Dragonite|Dragonite, M|100/100
|move|p1a: Skarmory|Body Press|p2a: Dragonite
|-resisted|p2a: Dragonite
|-damage|p2a: Dragonite|79/100
|
|upkeep
|turn|18
|inactive|blueThe12thman has 120 seconds left.
|
|t:|1779929310
|move|p2a: Dragonite|Encore|p1a: Skarmory
|-start|p1a: Skarmory|Encore
|move|p1a: Skarmory|Body Press|p2a: Dragonite
|-resisted|p2a: Dragonite
|-damage|p2a: Dragonite|33/100
|
|upkeep
|turn|19
|
|t:|1779929316
|switch|p2a: Great Tusk|Great Tusk|23/100
|move|p1a: Skarmory|Body Press|p2a: Great Tusk
|-damage|p2a: Great Tusk|0 fnt
|-damage|p1a: Skarmory|81/100|[from] item: Rocky Helmet|[of] p2a: Great Tusk
|faint|p2a: Great Tusk
|-end|p2a: Great Tusk|Protosynthesis|[silent]
|
|upkeep
|
|t:|1779929329
|switch|p2a: Kyurem|Kyurem|100/100
|-ability|p2a: Kyurem|Pressure
|turn|20
|inactive|blueThe12thman has 120 seconds left.
|
|t:|1779929339
|switch|p1a: Scizor|Scizor, M|9/100
|-damage|p1a: Scizor|0 fnt|[from] Stealth Rock
|faint|p1a: Scizor
|move|p2a: Kyurem|Ice Beam|p1: Scizor|[notarget]
|-fail|p2a: Kyurem
|
|upkeep
|inactive|blueThe12thman has 120 seconds left.
|
|t:|1779929359
|switch|p1a: Espeon|Espeon, F|100/100
|-damage|p1a: Espeon|88/100|[from] Stealth Rock
|turn|21
|
|t:|1779929369
|switch|p2a: Samurott|Samurott-Hisui, F|43/100
|move|p1a: Espeon|Light Screen|p1a: Espeon
|-sidestart|p1: blueThe12thman|move: Light Screen
|
|upkeep
|turn|22
|
|t:|1779929379
|switch|p1a: Gliscor|Gliscor, M|100/100 tox
|-damage|p1a: Gliscor|88/100 tox|[from] Stealth Rock
|move|p2a: Samurott|Ceaseless Edge|p1a: Gliscor
|-damage|p1a: Gliscor|62/100 tox
|-sidestart|p1: blueThe12thman|Spikes
|
|-heal|p1a: Gliscor|74/100 tox|[from] ability: Poison Heal
|upkeep
|turn|23
|
|t:|1779929388
|move|p2a: Samurott|Razor Shell|p1a: Gliscor
|-supereffective|p1a: Gliscor
|-damage|p1a: Gliscor|10/100 tox
|-unboost|p1a: Gliscor|def|1
|move|p1a: Gliscor|Toxic|p2a: Samurott
|-status|p2a: Samurott|tox
|
|-damage|p2a: Samurott|36/100 tox|[from] psn
|-heal|p1a: Gliscor|23/100 tox|[from] ability: Poison Heal
|upkeep
|turn|24
|
|t:|1779929397
|switch|p2a: Dragonite|Dragonite, M|33/100
|move|p1a: Gliscor|Protect||[still]
|-fail|p1a: Gliscor
|
|-heal|p1a: Gliscor|35/100 tox|[from] ability: Poison Heal
|upkeep
|turn|25
|
|t:|1779929402
|switch|p1a: Skarmory|Skarmory, F|81/100
|-damage|p1a: Skarmory|69/100|[from] Stealth Rock
|move|p2a: Dragonite|Dragon Dance|p2a: Dragonite
|-boost|p2a: Dragonite|atk|1
|-boost|p2a: Dragonite|spe|1
|
|upkeep
|turn|26
|
|t:|1779929413
|move|p2a: Dragonite|Fire Punch|p1a: Skarmory
|-supereffective|p1a: Skarmory
|-damage|p1a: Skarmory|15/100
|-status|p1a: Skarmory|brn
|move|p1a: Skarmory|Body Press|p2a: Dragonite
|-resisted|p2a: Dragonite
|-damage|p2a: Dragonite|23/100
|
|-damage|p1a: Skarmory|9/100 brn|[from] brn
|upkeep
|turn|27
|
|t:|1779929426
|move|p2a: Dragonite|Fire Punch|p1a: Skarmory
|-supereffective|p1a: Skarmory
|-damage|p1a: Skarmory|0 fnt
|faint|p1a: Skarmory
|
|upkeep
|
|t:|1779929430
|switch|p1a: Espeon|Espeon, F|88/100
|-damage|p1a: Espeon|76/100|[from] Stealth Rock
|-damage|p1a: Espeon|64/100|[from] Spikes
|turn|28
|
|t:|1779929438
|move|p2a: Dragonite|Extreme Speed|p1a: Espeon
|-damage|p1a: Espeon|0 fnt
|faint|p1a: Espeon
|
|-sideend|p1: blueThe12thman|move: Light Screen
|upkeep
|
|t:|1779929440
|switch|p1a: Gliscor|Gliscor, M|35/100 tox
|-damage|p1a: Gliscor|23/100 tox|[from] Stealth Rock
|turn|29
|
|t:|1779929446
|move|p2a: Dragonite|Extreme Speed|p1a: Gliscor
|-damage|p1a: Gliscor|0 fnt
|faint|p1a: Gliscor
|
|win|NewGenLaw
|raw|blueThe12thman's rating: 1422 &rarr; <strong>1405</strong><br />(-17 for losing)
|raw|NewGenLaw's rating: 1466 &rarr; <strong>1483</strong><br />(+17 for winning)
|l|☆NewGenLaw
|player|p2|
|l|☆blueThe12thman
|player|p1|
