|j|☆prepare 4 die
|j|☆dudemf33
|t:|1779963642
|gametype|singles
|player|p1|prepare 4 die|wallace|1441
|player|p2|dudemf33|scientist-gen4dp|1378
|gen|9
|tier|[Gen 9] OU
|rated|
|rule|HP Percentage Mod: HP is shown in percentages
|rule|Endless Battle Clause: Forcing endless battles is banned
|rule|Species Clause: Limit one of each Pokémon
|rule|OHKO Clause: OHKO moves are banned
|rule|Evasion Items Clause: Evasion items are banned
|rule|Evasion Moves Clause: Evasion moves are banned
|rule|Evasion Abilities Clause: Evasion abilities are banned
|rule|Sleep Moves Clause: Sleep-inducing moves are banned
|clearpoke
|poke|p1|Darkrai|
|poke|p1|Lilligant-Hisui, F|
|poke|p1|Dragapult, M|
|poke|p1|Zapdos|
|poke|p1|Cinderace, F|
|poke|p1|Slowking-Galar, M|
|poke|p2|Serperior, F|
|poke|p2|Ribombee, F|
|poke|p2|Dragapult, F|
|poke|p2|Corviknight, M|
|poke|p2|Kingambit, F|
|poke|p2|Iron Valiant|
|teampreview
|inactive|Battle timer is ON: inactive players will automatically lose when time's up. (requested by dudemf33)
|inactive|prepare 4 die has 120 seconds left.
|
|t:|1779963690
|teamsize|p1|6
|teamsize|p2|6
|start
|switch|p1a: Dragapult|Dragapult, M|100/100
|switch|p2a: Ribombee|Ribombee, F|100/100
|turn|1
|
|t:|1779963696
|move|p1a: Dragapult|U-turn|p2a: Ribombee
|-resisted|p2a: Ribombee
|-damage|p2a: Ribombee|81/100
|
|t:|1779963701
|switch|p1a: Zapdos|Zapdos|100/100|[from] U-turn
|move|p2a: Ribombee|Stun Spore|p1a: Zapdos
|-immune|p1a: Zapdos
|
|upkeep
|turn|2
|
|t:|1779963721
|move|p2a: Ribombee|Sticky Web|p1a: Zapdos
|-sidestart|p1: prepare 4 die|move: Sticky Web
|move|p1a: Zapdos|Hurricane|p2a: Ribombee
|-supereffective|p2a: Ribombee
|-damage|p2a: Ribombee|0 fnt
|faint|p2a: Ribombee
|
|upkeep
|
|t:|1779963728
|switch|p2a: Dragapult|Dragapult, F|100/100
|turn|3
|
|t:|1779963736
|move|p2a: Dragapult|Dragon Darts|p1a: Zapdos
|-damage|p1a: Zapdos|72/100
|-anim|p2a: Dragapult|Dragon Darts|p1a: Zapdos
|-damage|p1a: Zapdos|45/100
|move|p1a: Zapdos|Thunder Wave|p2a: Dragapult
|-status|p2a: Dragapult|par
|
|upkeep
|turn|4
|
|t:|1779963745
|move|p1a: Zapdos|Volt Switch|p2a: Dragapult
|-resisted|p2a: Dragapult
|-damage|p2a: Dragapult|81/100 par
|
|t:|1779963750
|switch|p1a: Cinderace|Cinderace, F|100/100|[from] Volt Switch
|move|p2a: Dragapult|Dragon Darts|p1a: Cinderace
|-damage|p1a: Cinderace|52/100
|-anim|p2a: Dragapult|Dragon Darts|p1a: Cinderace
|-damage|p1a: Cinderace|0 fnt
|faint|p1a: Cinderace
|
|upkeep
|inactive|prepare 4 die has 120 seconds left.
|
|t:|1779963788
|switch|p1a: Darkrai|Darkrai|100/100
|-activate|p1a: Darkrai|move: Sticky Web
|-unboost|p1a: Darkrai|spe|1
|turn|5
|inactive|prepare 4 die has 120 seconds left.
|
|t:|1779963797
|move|p1a: Darkrai|Confuse Ray|p2a: Dragapult
|-start|p2a: Dragapult|confusion
|-activate|p2a: Dragapult|confusion
|cant|p2a: Dragapult|par
|
|upkeep
|turn|6
|
|t:|1779963802
|move|p1a: Darkrai|Dark Pulse|p2a: Dragapult
|-supereffective|p2a: Dragapult
|-crit|p2a: Dragapult
|-damage|p2a: Dragapult|0 fnt
|faint|p2a: Dragapult
|
|upkeep
|
|t:|1779963814
|switch|p2a: Iron Valiant|Iron Valiant|100/100
|-enditem|p2a: Iron Valiant|Booster Energy
|-activate|p2a: Iron Valiant|ability: Quark Drive|[fromitem]
|-start|p2a: Iron Valiant|quarkdrivespe
|turn|7
|
|t:|1779963820
|-terastallize|p1a: Darkrai|Poison
|move|p2a: Iron Valiant|Calm Mind|p2a: Iron Valiant
|-boost|p2a: Iron Valiant|spa|1
|-boost|p2a: Iron Valiant|spd|1
|move|p1a: Darkrai|Sludge Bomb|p2a: Iron Valiant
|-supereffective|p2a: Iron Valiant
|-damage|p2a: Iron Valiant|0 fnt
|faint|p2a: Iron Valiant
|-end|p2a: Iron Valiant|Quark Drive|[silent]
|
|upkeep
|
|t:|1779963831
|switch|p2a: Kingambit|Kingambit, F|100/100
|-activate|p2a: Kingambit|ability: Supreme Overlord
|-start|p2a: Kingambit|fallen3|[silent]
|turn|8
|
|t:|1779963837
|move|p1a: Darkrai|Will-O-Wisp|p2a: Kingambit
|-status|p2a: Kingambit|brn
|move|p2a: Kingambit|Swords Dance|p2a: Kingambit
|-boost|p2a: Kingambit|atk|2
|
|-damage|p2a: Kingambit|94/100 brn|[from] brn
|upkeep
|turn|9
|
|t:|1779963844
|move|p1a: Darkrai|Confuse Ray|p2a: Kingambit
|-start|p2a: Kingambit|confusion
|-activate|p2a: Kingambit|confusion
|move|p2a: Kingambit|Swords Dance|p2a: Kingambit
|-boost|p2a: Kingambit|atk|2
|
|-heal|p2a: Kingambit|100/100 brn|[from] item: Leftovers
|-damage|p2a: Kingambit|94/100 brn|[from] brn
|upkeep
|turn|10
|
|t:|1779963850
|move|p1a: Darkrai|Dark Pulse|p2a: Kingambit
|-resisted|p2a: Kingambit
|-damage|p2a: Kingambit|66/100 brn
|cant|p2a: Kingambit|flinch
|
|-heal|p2a: Kingambit|72/100 brn|[from] item: Leftovers
|-damage|p2a: Kingambit|66/100 brn|[from] brn
|upkeep
|turn|11
|
|t:|1779963855
|-activate|p2a: Kingambit|confusion
|move|p2a: Kingambit|Sucker Punch|p1a: Darkrai
|-damage|p1a: Darkrai|0 fnt
|faint|p1a: Darkrai
|
|-heal|p2a: Kingambit|72/100 brn|[from] item: Leftovers
|-damage|p2a: Kingambit|66/100 brn|[from] brn
|upkeep
|
|t:|1779963862
|switch|p1a: Lilligant|Lilligant-Hisui, F|100/100
|-activate|p1a: Lilligant|move: Sticky Web
|-unboost|p1a: Lilligant|spe|1
|turn|12
|
|t:|1779963865
|move|p1a: Lilligant|Victory Dance|p1a: Lilligant
|-boost|p1a: Lilligant|atk|1
|-boost|p1a: Lilligant|def|1
|-boost|p1a: Lilligant|spe|1
|-activate|p2a: Kingambit|confusion
|move|p2a: Kingambit|Iron Head|p1a: Lilligant
|-damage|p1a: Lilligant|6/100
|
|-heal|p2a: Kingambit|72/100 brn|[from] item: Leftovers
|-damage|p2a: Kingambit|66/100 brn|[from] brn
|upkeep
|turn|13
|
|t:|1779963876
|-end|p2a: Kingambit|confusion
|move|p2a: Kingambit|Sucker Punch||[still]
|-fail|p2a: Kingambit
|move|p1a: Lilligant|Victory Dance|p1a: Lilligant
|-boost|p1a: Lilligant|atk|1
|-boost|p1a: Lilligant|def|1
|-boost|p1a: Lilligant|spe|1
|
|-heal|p2a: Kingambit|72/100 brn|[from] item: Leftovers
|-damage|p2a: Kingambit|66/100 brn|[from] brn
|upkeep
|turn|14
|
|t:|1779963883
|move|p2a: Kingambit|Sucker Punch||[still]
|-fail|p2a: Kingambit
|move|p1a: Lilligant|Teeter Dance|p2a: Kingambit
|-start|p2a: Kingambit|confusion
|
|-heal|p2a: Kingambit|72/100 brn|[from] item: Leftovers
|-damage|p2a: Kingambit|66/100 brn|[from] brn
|upkeep
|turn|15
|
|t:|1779963888
|-activate|p2a: Kingambit|confusion
|-damage|p2a: Kingambit|30/100 brn|[from] confusion
|move|p1a: Lilligant|Victory Dance|p1a: Lilligant
|-boost|p1a: Lilligant|atk|1
|-boost|p1a: Lilligant|def|1
|-boost|p1a: Lilligant|spe|1
|
|-heal|p2a: Kingambit|36/100 brn|[from] item: Leftovers
|-damage|p2a: Kingambit|30/100 brn|[from] brn
|upkeep
|turn|16
|
|t:|1779963892
|-activate|p2a: Kingambit|confusion
|move|p2a: Kingambit|Sucker Punch||[still]
|-fail|p2a: Kingambit
|move|p1a: Lilligant|Victory Dance|p1a: Lilligant
|-boost|p1a: Lilligant|atk|1
|-boost|p1a: Lilligant|def|1
|-boost|p1a: Lilligant|spe|1
|
|-heal|p2a: Kingambit|36/100 brn|[from] item: Leftovers
|-damage|p2a: Kingambit|30/100 brn|[from] brn
|upkeep
|turn|17
|
|t:|1779963895
|move|p1a: Lilligant|Victory Dance|p1a: Lilligant
|-boost|p1a: Lilligant|atk|1
|-boost|p1a: Lilligant|def|1
|-boost|p1a: Lilligant|spe|1
|-activate|p2a: Kingambit|confusion
|-damage|p2a: Kingambit|0 fnt|[from] confusion
|faint|p2a: Kingambit
|-end|p2a: Kingambit|fallen3|[silent]
|
|upkeep
|
|t:|1779963898
|switch|p2a: Corviknight|Corviknight, M|100/100
|-ability|p2a: Corviknight|Pressure
|turn|18
|
|t:|1779963902
|move|p1a: Lilligant|Close Combat|p2a: Corviknight
|-damage|p2a: Corviknight|0 fnt
|-unboost|p1a: Lilligant|def|1
|-unboost|p1a: Lilligant|spd|1
|faint|p2a: Corviknight
|
|upkeep
|
|t:|1779963909
|switch|p2a: Serperior|Serperior, F|100/100
|turn|19
|
|t:|1779963913
|move|p1a: Lilligant|Close Combat|p2a: Serperior
|-damage|p2a: Serperior|0 fnt
|-unboost|p1a: Lilligant|def|1
|-unboost|p1a: Lilligant|spd|1
|faint|p2a: Serperior
|
|win|prepare 4 die
|raw|prepare 4 die's rating: 1441 &rarr; <strong>1457</strong><br />(+16 for winning)
|raw|dudemf33's rating: 1378 &rarr; <strong>1362</strong><br />(-16 for losing)
|l|☆dudemf33
|player|p2|
|l|☆prepare 4 die
|player|p1|
