|j|☆iosoyio
|j|☆claudechamp
|t:|1779871713
|gametype|singles
|player|p1|iosoyio|102|1230
|player|p2|claudechamp|169|1267
|gen|9
|tier|[Gen 9] OU
|rated|
|rule|HP Percentage Mod: HP is shown in percentages
|rule|Endless Battle Clause: Forcing endless battles is banned
|rule|Species Clause: Limit one of each Pokémon
|rule|OHKO Clause: OHKO moves are banned
|rule|Evasion Items Clause: Evasion items are banned
|rule|Evasion Moves Clause: Evasion moves are banned
|rule|Evasion Abilities Clause: Evasion abilities are banned
|rule|Sleep Moves Clause: Sleep-inducing moves are banned
|clearpoke
|poke|p1|Grafaiai, M|
|poke|p1|Kilowattrel, M|
|poke|p1|Meowscarada, M|
|poke|p1|Garganacl, F|
|poke|p1|Ceruledge, M|
|poke|p1|Rillaboom, M|
|poke|p2|Corviknight, F|
|poke|p2|Ting-Lu|
|poke|p2|Kyurem|
|poke|p2|Dondozo, F|
|poke|p2|Slowking-Galar, M|
|poke|p2|Cinderace, M|
|teampreview
|c|☆claudechamp|hf
|
|t:|1779871719
|teamsize|p1|6
|teamsize|p2|6
|start
|switch|p1a: Rillaboom|Rillaboom, M|100/100
|switch|p2a: Cinderace|Cinderace, M|100/100
|-fieldstart|move: Grassy Terrain|[from] ability: Grassy Surge|[of] p1a: Rillaboom
|turn|1
|inactive|Battle timer is ON: inactive players will automatically lose when time's up. (requested by claudechamp)
|
|t:|1779871735
|switch|p1a: Ceruledge|Ceruledge, M|100/100
|move|p2a: Cinderace|U-turn|p1a: Ceruledge
|-resisted|p1a: Ceruledge
|-damage|p1a: Ceruledge|94/100
|-ability|p1a: Ceruledge|Weak Armor|boost
|-unboost|p1a: Ceruledge|def|1
|-boost|p1a: Ceruledge|spe|2
|
|t:|1779871739
|switch|p2a: Kyurem|Kyurem|100/100|[from] U-turn
|-ability|p2a: Kyurem|Pressure
|
|-heal|p1a: Ceruledge|100/100|[from] Grassy Terrain
|upkeep
|turn|2
|
|t:|1779871749
|move|p1a: Ceruledge|Poltergeist|p2a: Kyurem
|-activate|p2a: Kyurem|move: Poltergeist|Leftovers
|-damage|p2a: Kyurem|45/100
|move|p2a: Kyurem|Freeze-Dry|p1a: Ceruledge
|-resisted|p1a: Ceruledge
|-damage|p1a: Ceruledge|81/100
|
|-heal|p1a: Ceruledge|87/100|[from] Grassy Terrain
|-heal|p2a: Kyurem|51/100|[from] Grassy Terrain
|-heal|p2a: Kyurem|57/100|[from] item: Leftovers
|upkeep
|turn|3
|
|t:|1779871756
|-terastallize|p2a: Kyurem|Ground
|move|p1a: Ceruledge|Swords Dance|p1a: Ceruledge
|-boost|p1a: Ceruledge|atk|2
|move|p2a: Kyurem|Earth Power|p1a: Ceruledge
|-supereffective|p1a: Ceruledge
|-damage|p1a: Ceruledge|0 fnt
|faint|p1a: Ceruledge
|
|-heal|p2a: Kyurem|63/100|[from] Grassy Terrain
|-heal|p2a: Kyurem|69/100|[from] item: Leftovers
|upkeep
|
|t:|1779871765
|switch|p1a: Rillaboom|Rillaboom, M|100/100
|turn|4
|
|t:|1779871767
|move|p2a: Kyurem|Freeze-Dry|p1a: Rillaboom
|-supereffective|p1a: Rillaboom
|-damage|p1a: Rillaboom|8/100
|move|p1a: Rillaboom|Drum Beating|p2a: Kyurem
|-supereffective|p2a: Kyurem
|-damage|p2a: Kyurem|0 fnt
|faint|p2a: Kyurem
|
|-heal|p1a: Rillaboom|14/100|[from] Grassy Terrain
|upkeep
|
|t:|1779871776
|switch|p2a: Cinderace|Cinderace, M|100/100
|turn|5
|
|t:|1779871783
|switch|p1a: Garganacl|Garganacl, F, shiny|100/100
|move|p2a: Cinderace|Pyro Ball|p1a: Garganacl|[miss]
|-miss|p2a: Cinderace|p1a: Garganacl
|
|-fieldend|move: Grassy Terrain
|upkeep
|turn|6
|
|t:|1779871791
|move|p2a: Cinderace|U-turn|p1a: Garganacl
|-damage|p1a: Garganacl|90/100
|-damage|p2a: Cinderace|84/100|[from] item: Rocky Helmet|[of] p1a: Garganacl
|
|t:|1779871797
|switch|p2a: Slowking|Slowking-Galar, M|100/100|[from] U-turn
|move|p1a: Garganacl|Iron Defense|p1a: Garganacl
|-boost|p1a: Garganacl|def|2
|
|upkeep
|turn|7
|
|t:|1779871801
|move|p1a: Garganacl|Salt Cure|p2a: Slowking
|-damage|p2a: Slowking|90/100
|-start|p2a: Slowking|Salt Cure
|move|p2a: Slowking|Ice Beam|p1a: Garganacl
|-damage|p1a: Garganacl|72/100
|
|-damage|p2a: Slowking|77/100|[from] Salt Cure
|upkeep
|turn|8
|
|t:|1779871811
|move|p1a: Garganacl|Body Press|p2a: Slowking
|-resisted|p2a: Slowking
|-crit|p2a: Slowking
|-damage|p2a: Slowking|63/100
|move|p2a: Slowking|Future Sight|p1a: Garganacl
|-start|p2a: Slowking|move: Future Sight
|
|-damage|p2a: Slowking|50/100|[from] Salt Cure
|upkeep
|turn|9
|
|t:|1779871824
|switch|p2a: Dondozo|Dondozo, F|100/100
|move|p1a: Garganacl|Recover|p1a: Garganacl
|-heal|p1a: Garganacl|100/100
|
|upkeep
|turn|10
|
|t:|1779871830
|switch|p1a: Meowscarada|Meowscarada, M|100/100
|move|p2a: Dondozo|Waterfall|p1a: Meowscarada
|-resisted|p1a: Meowscarada
|-damage|p1a: Meowscarada|80/100
|
|-end|p1a: Meowscarada|move: Future Sight
|-immune|p1a: Meowscarada
|upkeep
|turn|11
|
|t:|1779871847
|switch|p2a: Slowking|Slowking-Galar, M|84/100
|move|p1a: Meowscarada|Flower Trick|p2a: Slowking
|-start|p1a: Meowscarada|typechange|Grass|[from] ability: Protean
|-resisted|p2a: Slowking
|-crit|p2a: Slowking
|-damage|p2a: Slowking|59/100
|-damage|p1a: Meowscarada|70/100|[from] item: Life Orb
|
|upkeep
|turn|12
|
|t:|1779871855
|switch|p2a: Corviknight|Corviknight, F|100/100
|-ability|p2a: Corviknight|Pressure
|move|p1a: Meowscarada|Knock Off|p2a: Corviknight
|-damage|p2a: Corviknight|77/100
|-damage|p1a: Meowscarada|54/100|[from] item: Rocky Helmet|[of] p2a: Corviknight
|-enditem|p2a: Corviknight|Rocky Helmet|[from] move: Knock Off|[of] p1a: Meowscarada
|-damage|p1a: Meowscarada|44/100|[from] item: Life Orb
|
|upkeep
|turn|13
|
|t:|1779871868
|switch|p1a: Rillaboom|Rillaboom, M|14/100
|-fieldstart|move: Grassy Terrain|[from] ability: Grassy Surge|[of] p1a: Rillaboom
|move|p2a: Corviknight|Roost|p2a: Corviknight
|-heal|p2a: Corviknight|100/100
|-singleturn|p2a: Corviknight|move: Roost
|
|-heal|p1a: Rillaboom|20/100|[from] Grassy Terrain
|upkeep
|turn|14
|
|t:|1779871874
|move|p1a: Rillaboom|U-turn|p2a: Corviknight
|-resisted|p2a: Corviknight
|-damage|p2a: Corviknight|97/100
|
|t:|1779871883
|switch|p1a: Kilowattrel|Kilowattrel, M|100/100|[from] U-turn
|move|p2a: Corviknight|U-turn|p1a: Kilowattrel
|-resisted|p1a: Kilowattrel
|-damage|p1a: Kilowattrel|88/100
|
|t:|1779871898
|switch|p2a: Cinderace|Cinderace, M|84/100|[from] U-turn
|
|-heal|p2a: Cinderace|90/100|[from] Grassy Terrain
|upkeep
|turn|15
|
|t:|1779871903
|move|p1a: Kilowattrel|Volt Switch|p2a: Cinderace
|-damage|p2a: Cinderace|34/100
|
|t:|1779871905
|switch|p1a: Garganacl|Garganacl, F, shiny|100/100|[from] Volt Switch
|move|p2a: Cinderace|Will-O-Wisp|p1a: Garganacl
|-immune|p1a: Garganacl|[from] ability: Purifying Salt
|
|-heal|p2a: Cinderace|40/100|[from] Grassy Terrain
|upkeep
|turn|16
|
|t:|1779871918
|switch|p2a: Slowking|Slowking-Galar, M|92/100
|switch|p1a: Rillaboom|Rillaboom, M|20/100
|
|-heal|p1a: Rillaboom|26/100|[from] Grassy Terrain
|-heal|p2a: Slowking|98/100|[from] Grassy Terrain
|upkeep
|turn|17
|
|t:|1779871926
|move|p1a: Rillaboom|Knock Off|p2a: Slowking
|-supereffective|p2a: Slowking
|-crit|p2a: Slowking
|-damage|p2a: Slowking|29/100
|-enditem|p2a: Slowking|Shuca Berry|[from] move: Knock Off|[of] p1a: Rillaboom
|move|p2a: Slowking|Ice Beam|p1a: Rillaboom
|-supereffective|p1a: Rillaboom
|-damage|p1a: Rillaboom|0 fnt
|faint|p1a: Rillaboom
|
|-heal|p2a: Slowking|35/100|[from] Grassy Terrain
|-fieldend|move: Grassy Terrain
|upkeep
|
|t:|1779871938
|switch|p1a: Meowscarada|Meowscarada, M|44/100
|turn|18
|
|t:|1779871945
|switch|p2a: Corviknight|Corviknight, F|97/100
|-ability|p2a: Corviknight|Pressure
|move|p1a: Meowscarada|Flower Trick|p2a: Corviknight
|-start|p1a: Meowscarada|typechange|Grass|[from] ability: Protean
|-resisted|p2a: Corviknight
|-crit|p2a: Corviknight
|-damage|p2a: Corviknight|87/100
|-damage|p1a: Meowscarada|34/100|[from] item: Life Orb
|
|upkeep
|turn|19
|
|t:|1779871949
|move|p1a: Meowscarada|U-turn|p2a: Corviknight
|-resisted|p2a: Corviknight
|-damage|p2a: Corviknight|83/100
|-damage|p1a: Meowscarada|24/100|[from] item: Life Orb
|
|t:|1779871954
|switch|p1a: Grafaiai|Grafaiai, M|100/100|[from] U-turn
|move|p2a: Corviknight|U-turn|p1a: Grafaiai
|-resisted|p1a: Grafaiai
|-damage|p1a: Grafaiai|90/100
|
|t:|1779871958
|switch|p2a: Slowking|Slowking-Galar, M|68/100|[from] U-turn
|
|-heal|p1a: Grafaiai|96/100|[from] item: Black Sludge
|upkeep
|turn|20
|
|t:|1779871962
|move|p1a: Grafaiai|Taunt|p2a: Slowking
|-start|p2a: Slowking|move: Taunt
|move|p2a: Slowking|Ice Beam|p1a: Grafaiai
|-damage|p1a: Grafaiai|64/100
|
|-heal|p1a: Grafaiai|70/100|[from] item: Black Sludge
|upkeep
|turn|21
|
|t:|1779871969
|move|p1a: Grafaiai|Knock Off|p2a: Slowking
|-supereffective|p2a: Slowking
|-damage|p2a: Slowking|43/100
|move|p2a: Slowking|Future Sight|p1a: Grafaiai
|-start|p2a: Slowking|move: Future Sight
|
|-heal|p1a: Grafaiai|76/100|[from] item: Black Sludge
|upkeep
|turn|22
|
|t:|1779871974
|switch|p2a: Ting-Lu|Ting-Lu|100/100
|-ability|p2a: Ting-Lu|Vessel of Ruin
|move|p1a: Grafaiai|Knock Off|p2a: Ting-Lu
|-resisted|p2a: Ting-Lu
|-crit|p2a: Ting-Lu
|-damage|p2a: Ting-Lu|90/100
|-enditem|p2a: Ting-Lu|Leftovers|[from] move: Knock Off|[of] p1a: Grafaiai
|
|-heal|p1a: Grafaiai|82/100|[from] item: Black Sludge
|upkeep
|turn|23
|
|t:|1779871982
|switch|p1a: Meowscarada|Meowscarada, M|24/100
|move|p2a: Ting-Lu|Earthquake|p1a: Meowscarada
|-resisted|p1a: Meowscarada
|-damage|p1a: Meowscarada|0 fnt
|faint|p1a: Meowscarada
|
|-hint|Future Sight did not hit because the target is fainted.
|upkeep
|
|t:|1779871986
|switch|p1a: Garganacl|Garganacl, F, shiny|100/100
|turn|24
|
|t:|1779871992
|move|p2a: Ting-Lu|Earthquake|p1a: Garganacl
|-supereffective|p1a: Garganacl
|-damage|p1a: Garganacl|57/100
|move|p1a: Garganacl|Iron Defense|p1a: Garganacl
|-boost|p1a: Garganacl|def|2
|
|upkeep
|turn|25
|
|t:|1779872003
|switch|p2a: Slowking|Slowking-Galar, M|77/100
|move|p1a: Garganacl|Recover|p1a: Garganacl
|-heal|p1a: Garganacl|100/100
|
|upkeep
|turn|26
|
|t:|1779872008
|move|p1a: Garganacl|Salt Cure|p2a: Slowking
|-damage|p2a: Slowking|67/100
|-start|p2a: Slowking|Salt Cure
|move|p2a: Slowking|Future Sight|p1a: Garganacl
|-start|p2a: Slowking|move: Future Sight
|
|-damage|p2a: Slowking|54/100|[from] Salt Cure
|upkeep
|turn|27
|
|t:|1779872019
|move|p1a: Garganacl|Body Press|p2a: Slowking
|-resisted|p2a: Slowking
|-damage|p2a: Slowking|44/100
|move|p2a: Slowking|Future Sight||[still]
|-fail|p2a: Slowking
|
|-damage|p2a: Slowking|32/100|[from] Salt Cure
|upkeep
|turn|28
|
|t:|1779872028
|switch|p2a: Dondozo|Dondozo, F|100/100
|move|p1a: Garganacl|Body Press|p2a: Dondozo
|-damage|p2a: Dondozo|83/100
|
|-end|p1a: Garganacl|move: Future Sight
|-damage|p1a: Garganacl|67/100
|-heal|p2a: Dondozo|89/100|[from] item: Leftovers
|upkeep
|turn|29
|
|t:|1779872039
|move|p2a: Dondozo|Waterfall|p1a: Garganacl
|-supereffective|p1a: Garganacl
|-damage|p1a: Garganacl|34/100
|-damage|p2a: Dondozo|72/100|[from] item: Rocky Helmet|[of] p1a: Garganacl
|move|p1a: Garganacl|Recover|p1a: Garganacl
|-heal|p1a: Garganacl|84/100
|
|-heal|p2a: Dondozo|78/100|[from] item: Leftovers
|upkeep
|turn|30
|
|t:|1779872053
|switch|p2a: Slowking|Slowking-Galar, M|65/100
|-terastallize|p1a: Garganacl|Fairy
|move|p1a: Garganacl|Salt Cure|p2a: Slowking
|-damage|p2a: Slowking|55/100
|-start|p2a: Slowking|Salt Cure
|
|-damage|p2a: Slowking|42/100|[from] Salt Cure
|upkeep
|turn|31
|
|t:|1779872064
|move|p1a: Garganacl|Iron Defense|p1a: Garganacl
|-boost|p1a: Garganacl|def|2
|move|p2a: Slowking|Future Sight|p1a: Garganacl
|-start|p2a: Slowking|move: Future Sight
|
|-damage|p2a: Slowking|30/100|[from] Salt Cure
|upkeep
|turn|32
|
|t:|1779872078
|switch|p2a: Dondozo|Dondozo, F|78/100
|move|p1a: Garganacl|Iron Defense|p1a: Garganacl
|-boost|p1a: Garganacl|def|2
|
|-heal|p2a: Dondozo|85/100|[from] item: Leftovers
|upkeep
|turn|33
|
|t:|1779872090
|move|p1a: Garganacl|Recover|p1a: Garganacl
|-heal|p1a: Garganacl|100/100
|move|p2a: Dondozo|Waterfall|p1a: Garganacl
|-damage|p1a: Garganacl|86/100
|-damage|p2a: Dondozo|68/100|[from] item: Rocky Helmet|[of] p1a: Garganacl
|
|-end|p1a: Garganacl|move: Future Sight
|-damage|p1a: Garganacl|47/100
|-heal|p2a: Dondozo|74/100|[from] item: Leftovers
|upkeep
|turn|34
|
|t:|1779872100
|switch|p2a: Slowking|Slowking-Galar, M|63/100
|move|p1a: Garganacl|Recover|p1a: Garganacl
|-heal|p1a: Garganacl|97/100
|
|upkeep
|turn|35
|
|t:|1779872111
|move|p1a: Garganacl|Body Press|p2a: Slowking
|-resisted|p2a: Slowking
|-damage|p2a: Slowking|43/100
|move|p2a: Slowking|Future Sight|p1a: Garganacl
|-start|p2a: Slowking|move: Future Sight
|
|upkeep
|turn|36
|
|t:|1779872123
|move|p1a: Garganacl|Salt Cure|p2a: Slowking
|-damage|p2a: Slowking|34/100
|-start|p2a: Slowking|Salt Cure
|move|p2a: Slowking|Sludge Bomb|p1a: Garganacl
|-supereffective|p1a: Garganacl
|-damage|p1a: Garganacl|40/100
|
|-damage|p2a: Slowking|22/100|[from] Salt Cure
|upkeep
|turn|37
|
|t:|1779872136
|move|p1a: Garganacl|Recover|p1a: Garganacl
|-heal|p1a: Garganacl|90/100
|move|p2a: Slowking|Sludge Bomb|p1a: Garganacl
|-supereffective|p1a: Garganacl
|-damage|p1a: Garganacl|36/100
|
|-end|p1a: Garganacl|move: Future Sight
|-damage|p1a: Garganacl|2/100
|-damage|p2a: Slowking|9/100|[from] Salt Cure
|upkeep
|turn|38
|
|t:|1779872150
|move|p1a: Garganacl|Body Press|p2a: Slowking
|-resisted|p2a: Slowking
|-damage|p2a: Slowking|0 fnt
|faint|p2a: Slowking
|
|upkeep
|
|t:|1779872159
|switch|p2a: Ting-Lu|Ting-Lu|90/100
|-ability|p2a: Ting-Lu|Vessel of Ruin
|turn|39
|
|t:|1779872163
|switch|p1a: Kilowattrel|Kilowattrel, M|88/100
|move|p2a: Ting-Lu|Earthquake|p1a: Kilowattrel
|-immune|p1a: Kilowattrel
|
|upkeep
|turn|40
|
|t:|1779872174
|move|p1a: Kilowattrel|Hurricane|p2a: Ting-Lu
|-damage|p2a: Ting-Lu|58/100
|-start|p2a: Ting-Lu|confusion
|-activate|p2a: Ting-Lu|confusion
|move|p2a: Ting-Lu|Payback|p1a: Kilowattrel
|-damage|p1a: Kilowattrel|14/100
|
|upkeep
|turn|41
|
|t:|1779872187
|move|p1a: Kilowattrel|Hurricane|p2a: Ting-Lu
|-damage|p2a: Ting-Lu|29/100
|-activate|p2a: Ting-Lu|confusion
|move|p2a: Ting-Lu|Payback|p1a: Kilowattrel
|-crit|p1a: Kilowattrel
|-damage|p1a: Kilowattrel|0 fnt
|faint|p1a: Kilowattrel
|
|upkeep
|
|t:|1779872193
|switch|p1a: Grafaiai|Grafaiai, M|82/100
|turn|42
|
|t:|1779872202
|move|p1a: Grafaiai|Knock Off|p2a: Ting-Lu
|-resisted|p2a: Ting-Lu
|-damage|p2a: Ting-Lu|24/100
|-activate|p2a: Ting-Lu|confusion
|move|p2a: Ting-Lu|Earthquake|p1a: Grafaiai
|-supereffective|p1a: Grafaiai
|-damage|p1a: Grafaiai|0 fnt
|faint|p1a: Grafaiai
|
|upkeep
|
|t:|1779872207
|switch|p1a: Garganacl|Garganacl, F, shiny, tera:Fairy|2/100
|turn|43
|
|t:|1779872209
|-activate|p2a: Ting-Lu|confusion
|move|p2a: Ting-Lu|Earthquake|p1a: Garganacl
|-crit|p1a: Garganacl
|-damage|p1a: Garganacl|0 fnt
|faint|p1a: Garganacl
|
|win|claudechamp
|raw|iosoyio's rating: 1230 &rarr; <strong>1208</strong><br />(-22 for losing)
|raw|claudechamp's rating: 1271 &rarr; <strong>1293</strong><br />(+22 for winning)
|c|☆claudechamp|gg
|l|☆iosoyio
|player|p1|
|j|☆iosoyio
|player|p1|iosoyio|102|
|c|☆iosoyio|Ggwp
|l|☆iosoyio
|player|p1|
