|j|☆ImperialGo
|j|☆Dat boii fam
|t:|1779958936
|gametype|singles
|player|p1|ImperialGo|cynthia-gen4|1459
|player|p2|Dat boii fam|li|1536
|gen|9
|tier|[Gen 9] OU
|rated|
|rule|HP Percentage Mod: HP is shown in percentages
|rule|Endless Battle Clause: Forcing endless battles is banned
|rule|Species Clause: Limit one of each Pokémon
|rule|OHKO Clause: OHKO moves are banned
|rule|Evasion Items Clause: Evasion items are banned
|rule|Evasion Moves Clause: Evasion moves are banned
|rule|Evasion Abilities Clause: Evasion abilities are banned
|rule|Sleep Moves Clause: Sleep-inducing moves are banned
|clearpoke
|poke|p1|Volcanion|
|poke|p1|Pelipper, M|
|poke|p1|Iron Treads|
|poke|p1|Kingdra, M|
|poke|p1|Poliwrath, M|
|poke|p1|Iron Valiant|
|poke|p2|Alomomola, F|
|poke|p2|Landorus-Therian, M|
|poke|p2|Zapdos|
|poke|p2|Tornadus-Therian, M|
|poke|p2|Scizor, M|
|poke|p2|Amoonguss, F|
|teampreview
|inactive|Battle timer is ON: inactive players will automatically lose when time's up. (requested by ImperialGo)
|
|t:|1779958948
|teamsize|p1|6
|teamsize|p2|6
|start
|switch|p1a: Sit on dat face|Pelipper, M|100/100
|switch|p2a: Zapdos|Zapdos|100/100
|-weather|RainDance|[from] ability: Drizzle|[of] p1a: Sit on dat face
|turn|1
|
|t:|1779958954
|switch|p1a: skrrt|Iron Treads|100/100
|-enditem|p1a: skrrt|Booster Energy
|-activate|p1a: skrrt|ability: Quark Drive|[fromitem]
|-start|p1a: skrrt|quarkdrivespe
|move|p2a: Zapdos|Heat Wave|p1a: skrrt
|-supereffective|p1a: skrrt
|-damage|p1a: skrrt|61/100
|
|-weather|RainDance|[upkeep]
|upkeep
|turn|2
|
|t:|1779958963
|move|p1a: skrrt|Stealth Rock|p2a: Zapdos
|-sidestart|p2: Dat boii fam|move: Stealth Rock
|move|p2a: Zapdos|Hurricane|p1a: skrrt
|-resisted|p1a: skrrt
|-damage|p1a: skrrt|27/100
|
|-weather|RainDance|[upkeep]
|upkeep
|turn|3
|
|t:|1779958972
|switch|p2a: Alomomola|Alomomola, F|100/100
|move|p1a: skrrt|Steel Beam|p2a: Alomomola
|-resisted|p2a: Alomomola
|-damage|p2a: Alomomola|83/100
|-damage|p1a: skrrt|0 fnt|[from] steelbeam
|faint|p1a: skrrt
|-end|p1a: skrrt|Quark Drive|[silent]
|
|-weather|RainDance|[upkeep]
|upkeep
|
|t:|1779958979
|switch|p1a: Put a ring on it|Volcanion|100/100
|turn|4
|
|t:|1779958983
|move|p2a: Alomomola|Protect|p2a: Alomomola
|-singleturn|p2a: Alomomola|Protect
|move|p1a: Put a ring on it|Steam Eruption|p2a: Alomomola
|-activate|p2a: Alomomola|move: Protect
|
|-weather|RainDance|[upkeep]
|upkeep
|turn|5
|
|t:|1779958990
|move|p1a: Put a ring on it|Steam Eruption|p2a: Alomomola
|-resisted|p2a: Alomomola
|-damage|p2a: Alomomola|48/100
|move|p2a: Alomomola|Wish|p2a: Alomomola
|
|-weather|RainDance|[upkeep]
|upkeep
|turn|6
|
|t:|1779958996
|switch|p1a: Skinny legend|Iron Valiant|100/100
|-enditem|p1a: Skinny legend|Booster Energy
|-activate|p1a: Skinny legend|ability: Quark Drive|[fromitem]
|-start|p1a: Skinny legend|quarkdrivespe
|move|p2a: Alomomola|Protect||[still]
|-fail|p2a: Alomomola
|
|-weather|RainDance|[upkeep]
|-heal|p2a: Alomomola|98/100|[from] move: Wish|[wisher] Alomomola
|upkeep
|turn|7
|
|t:|1779959005
|switch|p2a: Amoonguss|Amoonguss, F|100/100
|-damage|p2a: Amoonguss|88/100|[from] Stealth Rock
|move|p1a: Skinny legend|Encore||[still]
|-fail|p1a: Skinny legend
|
|-weather|RainDance|[upkeep]
|upkeep
|turn|8
|
|t:|1779959012
|move|p1a: Skinny legend|Knock Off|p2a: Amoonguss
|-damage|p2a: Amoonguss|62/100
|-damage|p1a: Skinny legend|84/100|[from] item: Rocky Helmet|[of] p2a: Amoonguss
|-enditem|p2a: Amoonguss|Rocky Helmet|[from] move: Knock Off|[of] p1a: Skinny legend
|move|p2a: Amoonguss|Stun Spore|p1a: Skinny legend
|-status|p1a: Skinny legend|par
|
|-weather|none
|upkeep
|turn|9
|
|t:|1779959021
|-end|p1a: Skinny legend|Quark Drive|[silent]
|switch|p1a: Sit on dat face|Pelipper, M|100/100
|-weather|RainDance|[from] ability: Drizzle|[of] p1a: Sit on dat face
|switch|p2a: Scizor|Scizor, M|100/100
|
|-weather|RainDance|[upkeep]
|upkeep
|turn|10
|
|t:|1779959033
|move|p1a: Sit on dat face|U-turn|p2a: Scizor
|-resisted|p2a: Scizor
|-damage|p2a: Scizor|96/100
|
|t:|1779959042
|switch|p1a: Put a ring on it|Volcanion|100/100|[from] U-turn
|move|p2a: Scizor|Knock Off|p1a: Put a ring on it
|-damage|p1a: Put a ring on it|84/100
|-enditem|p1a: Put a ring on it|Heavy-Duty Boots|[from] move: Knock Off|[of] p2a: Scizor
|
|-weather|RainDance|[upkeep]
|upkeep
|turn|11
|
|t:|1779959049
|switch|p2a: Alomomola|Alomomola, F|100/100
|move|p1a: Put a ring on it|Steam Eruption|p2a: Alomomola|[miss]
|-miss|p1a: Put a ring on it|p2a: Alomomola
|
|-weather|RainDance|[upkeep]
|upkeep
|turn|12
|
|t:|1779959058
|move|p1a: Put a ring on it|Steam Eruption|p2a: Alomomola
|-resisted|p2a: Alomomola
|-damage|p2a: Alomomola|62/100
|move|p2a: Alomomola|Wish|p2a: Alomomola
|
|-weather|RainDance|[upkeep]
|upkeep
|turn|13
|
|t:|1779959064
|switch|p1a: looksmaxxer|Kingdra, M|100/100
|move|p2a: Alomomola|Protect||[still]
|-fail|p2a: Alomomola
|
|-weather|RainDance|[upkeep]
|-heal|p2a: Alomomola|100/100|[from] move: Wish|[wisher] Alomomola
|upkeep
|turn|14
|
|t:|1779959071
|move|p1a: looksmaxxer|Draco Meteor|p2a: Alomomola
|-damage|p2a: Alomomola|15/100
|-unboost|p1a: looksmaxxer|spa|2
|move|p2a: Alomomola|Alluring Voice|p1a: looksmaxxer
|-supereffective|p1a: looksmaxxer
|-damage|p1a: looksmaxxer|77/100
|
|-weather|RainDance|[upkeep]
|upkeep
|turn|15
|
|t:|1779959080
|switch|p1a: Dad bod|Poliwrath, M|100/100
|switch|p2a: Scizor|Scizor, M|96/100
|
|-weather|RainDance|[upkeep]
|upkeep
|turn|16
|
|t:|1779959086
|move|p1a: Dad bod|Liquidation|p2a: Scizor
|-damage|p2a: Scizor|9/100
|move|p2a: Scizor|Knock Off|p1a: Dad bod
|-resisted|p1a: Dad bod
|-damage|p1a: Dad bod|85/100
|-enditem|p1a: Dad bod|Choice Band|[from] move: Knock Off|[of] p2a: Scizor
|
|-weather|none
|upkeep
|turn|17
|
|t:|1779959095
|switch|p2a: Amoonguss|Amoonguss, F|95/100
|-damage|p2a: Amoonguss|83/100|[from] Stealth Rock
|move|p1a: Dad bod|Liquidation|p2a: Amoonguss
|-resisted|p2a: Amoonguss
|-damage|p2a: Amoonguss|68/100
|
|upkeep
|turn|18
|
|t:|1779959103
|switch|p1a: Sit on dat face|Pelipper, M|100/100
|-weather|RainDance|[from] ability: Drizzle|[of] p1a: Sit on dat face
|move|p2a: Amoonguss|Sludge Bomb|p1a: Sit on dat face
|-damage|p1a: Sit on dat face|59/100
|
|-weather|RainDance|[upkeep]
|upkeep
|turn|19
|
|t:|1779959110
|move|p1a: Sit on dat face|Hurricane|p2a: Amoonguss
|-supereffective|p2a: Amoonguss
|-damage|p2a: Amoonguss|0 fnt
|faint|p2a: Amoonguss
|
|-weather|RainDance|[upkeep]
|upkeep
|
|t:|1779959115
|switch|p2a: Zapdos|Zapdos|100/100
|turn|20
|
|t:|1779959119
|-terastallize|p1a: Sit on dat face|Ground
|move|p2a: Zapdos|Discharge|p1a: Sit on dat face
|-immune|p1a: Sit on dat face
|move|p1a: Sit on dat face|Surf|p2a: Zapdos
|-damage|p2a: Zapdos|57/100
|
|-weather|RainDance|[upkeep]
|upkeep
|turn|21
|
|t:|1779959127
|move|p2a: Zapdos|Hurricane|p1a: Sit on dat face
|-damage|p1a: Sit on dat face|0 fnt
|faint|p1a: Sit on dat face
|
|-weather|RainDance|[upkeep]
|upkeep
|
|t:|1779959130
|switch|p1a: Dad bod|Poliwrath, M|85/100
|turn|22
|
|t:|1779959137
|switch|p2a: Scizor|Scizor, M|9/100
|move|p1a: Dad bod|Liquidation|p2a: Scizor
|-damage|p2a: Scizor|0 fnt
|faint|p2a: Scizor
|
|-weather|RainDance|[upkeep]
|upkeep
|
|t:|1779959143
|switch|p2a: Alomomola|Alomomola, F|49/100
|turn|23
|
|t:|1779959150
|move|p1a: Dad bod|Knock Off|p2a: Alomomola
|-damage|p2a: Alomomola|31/100
|-enditem|p2a: Alomomola|Heavy-Duty Boots|[from] move: Knock Off|[of] p1a: Dad bod
|move|p2a: Alomomola|Wish|p2a: Alomomola
|
|-weather|RainDance|[upkeep]
|upkeep
|turn|24
|
|t:|1779959155
|switch|p1a: looksmaxxer|Kingdra, M|77/100
|move|p2a: Alomomola|Protect||[still]
|-fail|p2a: Alomomola
|
|-weather|RainDance|[upkeep]
|-heal|p2a: Alomomola|81/100|[from] move: Wish|[wisher] Alomomola
|upkeep
|turn|25
|
|t:|1779959162
|move|p2a: Alomomola|Protect|p2a: Alomomola
|-singleturn|p2a: Alomomola|Protect
|move|p1a: looksmaxxer|Draco Meteor|p2a: Alomomola
|-activate|p2a: Alomomola|move: Protect
|
|-weather|none
|upkeep
|turn|26
|inactive|Dat boii fam has 120 seconds left.
|
|t:|1779959195
|switch|p2a: Zapdos|Zapdos|57/100
|move|p1a: looksmaxxer|Draco Meteor|p2a: Zapdos
|-damage|p2a: Zapdos|0 fnt
|-unboost|p1a: looksmaxxer|spa|2
|faint|p2a: Zapdos
|
|upkeep
|inactive|Dat boii fam has 120 seconds left.
|
|t:|1779959202
|switch|p2a: Landorus|Landorus-Therian, M|100/100
|-damage|p2a: Landorus|88/100|[from] Stealth Rock
|-ability|p2a: Landorus|Intimidate|boost
|-unboost|p1a: looksmaxxer|atk|1
|turn|27
|
|t:|1779959208
|switch|p1a: Dad bod|Poliwrath, M|85/100
|-terastallize|p2a: Landorus|Ground
|move|p2a: Landorus|Earthquake|p1a: Dad bod
|-damage|p1a: Dad bod|0 fnt
|faint|p1a: Dad bod
|
|upkeep
|
|t:|1779959212
|switch|p1a: looksmaxxer|Kingdra, M|77/100
|turn|28
|
|t:|1779959217
|move|p2a: Landorus|Earthquake|p1a: looksmaxxer
|-damage|p1a: looksmaxxer|0 fnt
|faint|p1a: looksmaxxer
|
|upkeep
|-message|ImperialGo forfeited.
|
|win|Dat boii fam
|raw|ImperialGo's rating: 1459 &rarr; <strong>1443</strong><br />(-16 for losing)
|raw|Dat boii fam's rating: 1536 &rarr; <strong>1552</strong><br />(+16 for winning)
|l|☆ImperialGo
|player|p1|
|l|☆Dat boii fam
|player|p2|
