|j|‽zamrod0303
|j|☆badteamsub
|t:|1779946435
|gametype|singles
|player|p1|zamrod0303|swimmerf|1425
|player|p2|badteamsub|backersf|1449
|gen|9
|tier|[Gen 9] OU
|rated|
|rule|HP Percentage Mod: HP is shown in percentages
|rule|Endless Battle Clause: Forcing endless battles is banned
|rule|Species Clause: Limit one of each Pokémon
|rule|OHKO Clause: OHKO moves are banned
|rule|Evasion Items Clause: Evasion items are banned
|rule|Evasion Moves Clause: Evasion moves are banned
|rule|Evasion Abilities Clause: Evasion abilities are banned
|rule|Sleep Moves Clause: Sleep-inducing moves are banned
|clearpoke
|poke|p1|Slowking-Galar, M|
|poke|p1|Rillaboom, M|
|poke|p1|Great Tusk|
|poke|p1|Clefable, F|
|poke|p1|Hydreigon, F|
|poke|p1|Gholdengo|
|poke|p2|Great Tusk|
|poke|p2|Slowking-Galar, F|
|poke|p2|Rotom-Wash|
|poke|p2|Blaziken, F|
|poke|p2|Enamorus, F|
|poke|p2|Dragonite, F|
|teampreview
|inactive|Battle timer is ON: inactive players will automatically lose when time's up. (requested by zamrod0303)
|j| Leamper
|
|t:|1779946455
|teamsize|p1|6
|teamsize|p2|6
|start
|switch|p1a: Gholdengo|Gholdengo|100/100
|switch|p2a: Slowking|Slowking-Galar, F|100/100
|turn|1
|
|t:|1779946461
|move|p1a: Gholdengo|Trick|p2a: Slowking
|-activate|p1a: Gholdengo|move: Trick|[of] p2a: Slowking
|-item|p2a: Slowking|Choice Scarf|[from] move: Trick
|-item|p1a: Gholdengo|Leftovers|[from] move: Trick
|-prepare|p2a: Slowking|Chilly Reception|[premajor]
|move|p2a: Slowking|Chilly Reception|p2a: Slowking
|-weather|Snowscape
|
|t:|1779946465
|switch|p2a: Great Tusk|Great Tusk|100/100|[from] Chilly Reception
|
|-weather|Snowscape|[upkeep]
|upkeep
|turn|2
|
|t:|1779946470
|switch|p1a: Clefable|Clefable, F|100/100
|move|p2a: Great Tusk|Stealth Rock|p1a: Clefable
|-sidestart|p1: zamrod0303|move: Stealth Rock
|
|-weather|Snowscape|[upkeep]
|upkeep
|turn|3
|
|t:|1779946480
|-end|p2a: Great Tusk|Protosynthesis|[silent]
|switch|p2a: Slowking|Slowking-Galar, F|100/100
|move|p1a: Clefable|Stealth Rock|p2a: Slowking
|-sidestart|p2: badteamsub|move: Stealth Rock
|
|-weather|Snowscape|[upkeep]
|upkeep
|turn|4
|
|t:|1779946490
|switch|p1a: Great Tusk|Great Tusk|100/100
|-damage|p1a: Great Tusk|98/100|[from] Stealth Rock
|-prepare|p2a: Slowking|Chilly Reception|[premajor]
|move|p2a: Slowking|Chilly Reception|p2a: Slowking
|
|t:|1779946500
|switch|p2a: Enamorus|Enamorus, F|100/100|[from] Chilly Reception
|-damage|p2a: Enamorus|76/100|[from] Stealth Rock
|
|-weather|Snowscape|[upkeep]
|upkeep
|turn|5
|
|t:|1779946508
|-end|p1a: Great Tusk|Protosynthesis|[silent]
|switch|p1a: Slowking|Slowking-Galar, M|100/100
|-damage|p1a: Slowking|88/100|[from] Stealth Rock
|move|p2a: Enamorus|Earth Power|p1a: Slowking
|-supereffective|p1a: Slowking
|-damage|p1a: Slowking|51/100
|
|-weather|none
|upkeep
|turn|6
|l| Leamper
|
|t:|1779946524
|switch|p2a: Great Tusk|Great Tusk|100/100
|move|p1a: Slowking|Future Sight|p2a: Great Tusk
|-start|p1a: Slowking|move: Future Sight
|
|upkeep
|turn|7
|
|t:|1779946536
|switch|p1a: Clefable|Clefable, F|100/100
|move|p2a: Great Tusk|Rapid Spin|p1a: Clefable
|-damage|p1a: Clefable|87/100
|-boost|p2a: Great Tusk|spe|1
|-sideend|p2: badteamsub|Stealth Rock|[from] move: Rapid Spin|[of] p2a: Great Tusk
|
|upkeep
|turn|8
|
|t:|1779946547
|-end|p2a: Great Tusk|Protosynthesis|[silent]
|switch|p2a: Slowking|Slowking-Galar, F|100/100
|move|p1a: Clefable|Stealth Rock|p2a: Slowking
|-sidestart|p2: badteamsub|move: Stealth Rock
|
|-end|p2a: Slowking|move: Future Sight
|-damage|p2a: Slowking|62/100
|upkeep
|turn|9
|
|t:|1779946560
|move|p1a: Clefable|Thunder Wave|p2a: Slowking
|-status|p2a: Slowking|par
|-prepare|p2a: Slowking|Chilly Reception|[premajor]
|move|p2a: Slowking|Chilly Reception|p2a: Slowking
|-weather|Snowscape
|
|t:|1779946565
|switch|p2a: Rotom|Rotom-Wash|100/100|[from] Chilly Reception
|-damage|p2a: Rotom|88/100|[from] Stealth Rock
|
|-weather|Snowscape|[upkeep]
|-heal|p2a: Rotom|94/100|[from] item: Leftovers
|upkeep
|turn|10
|
|t:|1779946588
|switch|p1a: Gholdengo|Gholdengo|100/100
|-damage|p1a: Gholdengo|94/100|[from] Stealth Rock
|move|p2a: Rotom|Volt Switch|p1a: Gholdengo
|-damage|p1a: Gholdengo|66/100
|
|t:|1779946599
|switch|p2a: Great Tusk|Great Tusk|100/100|[from] Volt Switch
|
|-weather|Snowscape|[upkeep]
|-heal|p1a: Gholdengo|72/100|[from] item: Leftovers
|upkeep
|turn|11
|
|t:|1779946609
|switch|p1a: Clefable|Clefable, F|87/100
|move|p2a: Great Tusk|Headlong Rush|p1a: Clefable
|-damage|p1a: Clefable|38/100
|-unboost|p2a: Great Tusk|def|1
|-unboost|p2a: Great Tusk|spd|1
|
|-weather|Snowscape|[upkeep]
|upkeep
|turn|12
|
|t:|1779946625
|switch|p1a: Rillaboom|Rillaboom, M|100/100
|-damage|p1a: Rillaboom|88/100|[from] Stealth Rock
|-fieldstart|move: Grassy Terrain|[from] ability: Grassy Surge|[of] p1a: Rillaboom
|move|p2a: Great Tusk|Headlong Rush|p1a: Rillaboom
|-resisted|p1a: Rillaboom
|-damage|p1a: Rillaboom|55/100
|-unboost|p2a: Great Tusk|def|1
|-unboost|p2a: Great Tusk|spd|1
|
|-weather|Snowscape|[upkeep]
|-heal|p1a: Rillaboom|61/100|[from] Grassy Terrain
|upkeep
|turn|13
|
|t:|1779946636
|-end|p2a: Great Tusk|Protosynthesis|[silent]
|switch|p2a: Slowking|Slowking-Galar, F|96/100 par
|-damage|p2a: Slowking|83/100 par|[from] Stealth Rock
|move|p1a: Rillaboom|Wood Hammer|p2a: Slowking
|-resisted|p2a: Slowking
|-damage|p2a: Slowking|19/100 par
|-damage|p1a: Rillaboom|36/100|[from] Recoil
|
|-weather|none
|-heal|p1a: Rillaboom|42/100|[from] Grassy Terrain
|-heal|p2a: Slowking|25/100 par|[from] Grassy Terrain
|upkeep
|turn|14
|
|t:|1779946642
|move|p1a: Rillaboom|Wood Hammer|p2a: Slowking
|-resisted|p2a: Slowking
|-damage|p2a: Slowking|0 fnt
|faint|p2a: Slowking
|-damage|p1a: Rillaboom|33/100|[from] Recoil
|
|-heal|p1a: Rillaboom|40/100|[from] Grassy Terrain
|upkeep
|
|t:|1779946651
|switch|p2a: Dragonite|Dragonite, F|100/100
|-damage|p2a: Dragonite|76/100|[from] Stealth Rock
|turn|15
|
|t:|1779946659
|switch|p1a: Gholdengo|Gholdengo|72/100
|-damage|p1a: Gholdengo|66/100|[from] Stealth Rock
|move|p2a: Dragonite|Ice Spinner|p1a: Gholdengo
|-resisted|p1a: Gholdengo
|-damage|p1a: Gholdengo|40/100
|-fieldend|move: Grassy Terrain
|
|-heal|p1a: Gholdengo|46/100|[from] item: Leftovers
|upkeep
|turn|16
|
|t:|1779946666
|switch|p2a: Rotom|Rotom-Wash|94/100
|-damage|p2a: Rotom|82/100|[from] Stealth Rock
|move|p1a: Gholdengo|Thunder Wave|p2a: Rotom
|-immune|p2a: Rotom
|
|-heal|p1a: Gholdengo|52/100|[from] item: Leftovers
|-heal|p2a: Rotom|88/100|[from] item: Leftovers
|upkeep
|turn|17
|
|t:|1779946677
|switch|p1a: Great Tusk|Great Tusk|98/100
|-damage|p1a: Great Tusk|95/100|[from] Stealth Rock
|move|p2a: Rotom|Volt Switch|p1a: Great Tusk
|-immune|p1a: Great Tusk
|
|-heal|p2a: Rotom|94/100|[from] item: Leftovers
|upkeep
|turn|18
|
|t:|1779946683
|move|p1a: Great Tusk|Rapid Spin|p2a: Rotom
|-damage|p2a: Rotom|80/100
|-boost|p1a: Great Tusk|spe|1
|-sideend|p1: zamrod0303|Stealth Rock|[from] move: Rapid Spin|[of] p1a: Great Tusk
|move|p2a: Rotom|Will-O-Wisp|p1a: Great Tusk
|-status|p1a: Great Tusk|brn
|
|-heal|p2a: Rotom|87/100|[from] item: Leftovers
|-damage|p1a: Great Tusk|88/100 brn|[from] brn
|upkeep
|turn|19
|
|t:|1779946690
|move|p1a: Great Tusk|Knock Off|p2a: Rotom
|-damage|p2a: Rotom|72/100
|-enditem|p2a: Rotom|Leftovers|[from] move: Knock Off|[of] p1a: Great Tusk
|move|p2a: Rotom|Volt Switch|p1a: Great Tusk
|-immune|p1a: Great Tusk
|
|-damage|p1a: Great Tusk|82/100 brn|[from] brn
|upkeep
|turn|20
|
|t:|1779946700
|move|p1a: Great Tusk|Knock Off|p2a: Rotom
|-damage|p2a: Rotom|63/100
|move|p2a: Rotom|Volt Switch|p1a: Great Tusk
|-immune|p1a: Great Tusk
|
|-damage|p1a: Great Tusk|76/100 brn|[from] brn
|upkeep
|turn|21
|
|t:|1779946706
|move|p1a: Great Tusk|Knock Off|p2a: Rotom
|-damage|p2a: Rotom|53/100
|move|p2a: Rotom|Volt Switch|p1a: Great Tusk
|-immune|p1a: Great Tusk
|
|-damage|p1a: Great Tusk|70/100 brn|[from] brn
|upkeep
|turn|22
|
|t:|1779946710
|move|p1a: Great Tusk|Knock Off|p2a: Rotom
|-damage|p2a: Rotom|43/100
|move|p2a: Rotom|Pain Split|p1a: Great Tusk
|-sethp|p1a: Great Tusk|53/100 brn|[from] move: Pain Split|[silent]
|-sethp|p2a: Rotom|64/100|[from] move: Pain Split
|
|-damage|p1a: Great Tusk|46/100 brn|[from] brn
|upkeep
|turn|23
|
|t:|1779946714
|move|p1a: Great Tusk|Knock Off|p2a: Rotom
|-damage|p2a: Rotom|55/100
|move|p2a: Rotom|Hydro Pump|p1a: Great Tusk
|-supereffective|p1a: Great Tusk
|-damage|p1a: Great Tusk|0 fnt
|faint|p1a: Great Tusk
|-end|p1a: Great Tusk|Protosynthesis|[silent]
|
|upkeep
|
|t:|1779946729
|switch|p1a: Hydreigon|Hydreigon, F|100/100
|turn|24
|
|t:|1779946734
|move|p1a: Hydreigon|Draco Meteor|p2a: Rotom
|-damage|p2a: Rotom|0 fnt
|-unboost|p1a: Hydreigon|spa|2
|faint|p2a: Rotom
|
|upkeep
|
|t:|1779946738
|switch|p2a: Great Tusk|Great Tusk|100/100
|turn|25
|
|t:|1779946746
|switch|p1a: Gholdengo|Gholdengo|52/100
|move|p2a: Great Tusk|Rapid Spin|p1a: Gholdengo
|-immune|p1a: Gholdengo
|
|-heal|p1a: Gholdengo|58/100|[from] item: Leftovers
|upkeep
|turn|26
|
|t:|1779946770
|switch|p1a: Rillaboom|Rillaboom, M|40/100
|-fieldstart|move: Grassy Terrain|[from] ability: Grassy Surge|[of] p1a: Rillaboom
|move|p2a: Great Tusk|Stealth Rock|p1a: Rillaboom
|-sidestart|p1: zamrod0303|move: Stealth Rock
|
|-heal|p1a: Rillaboom|46/100|[from] Grassy Terrain
|upkeep
|turn|27
|inactive|badteamsub has 120 seconds left.
|
|t:|1779946795
|move|p2a: Great Tusk|Rapid Spin|p1a: Rillaboom
|-damage|p1a: Rillaboom|27/100
|-boost|p2a: Great Tusk|spe|1
|-sideend|p2: badteamsub|Stealth Rock|[from] move: Rapid Spin|[of] p2a: Great Tusk
|move|p1a: Rillaboom|Wood Hammer|p2a: Great Tusk
|-supereffective|p2a: Great Tusk
|-damage|p2a: Great Tusk|0 fnt
|faint|p2a: Great Tusk
|-end|p2a: Great Tusk|Protosynthesis|[silent]
|-damage|p1a: Rillaboom|0 fnt|[from] Recoil
|faint|p1a: Rillaboom
|
|upkeep
|inactive|badteamsub has 120 seconds left.
|
|t:|1779946808
|switch|p2a: Enamorus|Enamorus, F|76/100
|switch|p1a: Clefable|Clefable, F|38/100
|turn|28
|inactive|badteamsub has 120 seconds left.
|
|t:|1779946816
|move|p2a: Enamorus|Moonblast|p1a: Clefable
|-damage|p1a: Clefable|0 fnt
|faint|p1a: Clefable
|
|upkeep
|
|t:|1779946820
|switch|p1a: Slowking|Slowking-Galar, M|84/100
|-damage|p1a: Slowking|72/100|[from] Stealth Rock
|turn|29
|
|t:|1779946825
|switch|p2a: Dragonite|Dragonite, F|76/100
|move|p1a: Slowking|Future Sight|p2a: Dragonite
|-start|p1a: Slowking|move: Future Sight
|
|-heal|p1a: Slowking|78/100|[from] Grassy Terrain
|upkeep
|turn|30
|
|t:|1779946832
|move|p2a: Dragonite|Outrage|p1a: Slowking
|-damage|p1a: Slowking|0 fnt
|faint|p1a: Slowking
|
|-fieldend|move: Grassy Terrain
|upkeep
|
|t:|1779946836
|switch|p1a: Gholdengo|Gholdengo|58/100
|-damage|p1a: Gholdengo|52/100|[from] Stealth Rock
|turn|31
|
|t:|1779946864
|move|p1a: Gholdengo|Shadow Ball|p2a: Dragonite
|-damage|p2a: Dragonite|30/100
|move|p2a: Dragonite|Outrage|p1a: Gholdengo|[from] lockedmove
|-resisted|p1a: Gholdengo
|-damage|p1a: Gholdengo|0 fnt
|faint|p1a: Gholdengo
|-start|p2a: Dragonite|confusion|[fatigue]
|
|-end|p2a: Dragonite|move: Future Sight
|-damage|p2a: Dragonite|0 fnt
|faint|p2a: Dragonite
|upkeep
|
|t:|1779946871
|switch|p1a: Hydreigon|Hydreigon, F|100/100
|switch|p2a: Enamorus|Enamorus, F|76/100
|-damage|p1a: Hydreigon|88/100|[from] Stealth Rock
|turn|32
|
|t:|1779946878
|-terastallize|p1a: Hydreigon|Steel
|move|p2a: Enamorus|Moonblast|p1a: Hydreigon
|-resisted|p1a: Hydreigon
|-damage|p1a: Hydreigon|58/100
|move|p1a: Hydreigon|Flash Cannon|p2a: Enamorus
|-supereffective|p2a: Enamorus
|-damage|p2a: Enamorus|0 fnt
|faint|p2a: Enamorus
|
|upkeep
|
|t:|1779946882
|switch|p2a: Blaziken|Blaziken, F|100/100
|-item|p2a: Blaziken|Air Balloon
|turn|33
|
|t:|1779946887
|-terastallize|p2a: Blaziken|Fighting
|move|p1a: Hydreigon|Flash Cannon|p2a: Blaziken
|-damage|p2a: Blaziken|1/100
|-enditem|p2a: Blaziken|Air Balloon
|move|p2a: Blaziken|Close Combat|p1a: Hydreigon
|-supereffective|p1a: Hydreigon
|-damage|p1a: Hydreigon|0 fnt
|-unboost|p2a: Blaziken|def|1
|-unboost|p2a: Blaziken|spd|1
|faint|p1a: Hydreigon
|
|win|badteamsub
|raw|zamrod0303's rating: 1425 &rarr; <strong>1406</strong><br />(-19 for losing)
|raw|badteamsub's rating: 1449 &rarr; <strong>1468</strong><br />(+19 for winning)
|l|‽zamrod0303
|player|p1|
|c|☆badteamsub|ur specs?
|l|☆badteamsub
|player|p2|
