|j|☆Zephyri
|j|☆ThiefYT
|t:|1779897933
|gametype|singles
|player|p1|Zephyri|#zephyri|1425
|player|p2|ThiefYT|dawn|1406
|gen|9
|tier|[Gen 9] OU
|rated|
|rule|HP Percentage Mod: HP is shown in percentages
|rule|Endless Battle Clause: Forcing endless battles is banned
|rule|Species Clause: Limit one of each Pokémon
|rule|OHKO Clause: OHKO moves are banned
|rule|Evasion Items Clause: Evasion items are banned
|rule|Evasion Moves Clause: Evasion moves are banned
|rule|Evasion Abilities Clause: Evasion abilities are banned
|rule|Sleep Moves Clause: Sleep-inducing moves are banned
|clearpoke
|poke|p1|Hatterene, F|
|poke|p1|Great Tusk|
|poke|p1|Tornadus-Therian, M|
|poke|p1|Kyurem|
|poke|p1|Slowking-Galar, F|
|poke|p1|Kingambit, M|
|poke|p2|Great Tusk|
|poke|p2|Pecharunt|
|poke|p2|Iron Valiant|
|poke|p2|Iron Crown|
|poke|p2|Samurott-Hisui, F|
|poke|p2|Minior-Indigo|
|teampreview
|
|t:|1779897977
|teamsize|p1|6
|teamsize|p2|6
|start
|switch|p1a: Tornadus|Tornadus-Therian, M|100/100
|switch|p2a: Iron Crown|Iron Crown|100/100
|turn|1
|
|t:|1779898022
|move|p1a: Tornadus|Knock Off|p2a: Iron Crown
|-supereffective|p2a: Iron Crown
|-damage|p2a: Iron Crown|59/100
|-enditem|p2a: Iron Crown|Assault Vest|[from] move: Knock Off|[of] p1a: Tornadus
|move|p2a: Iron Crown|Volt Switch|p1a: Tornadus
|-supereffective|p1a: Tornadus
|-damage|p1a: Tornadus|72/100
|
|t:|1779898033
|-end|p2a: Iron Crown|Quark Drive|[silent]
|switch|p2a: Samurott|Samurott-Hisui, F|100/100|[from] Volt Switch
|
|upkeep
|turn|2
|
|t:|1779898037
|switch|p2a: Pecharunt|Pecharunt|100/100
|move|p1a: Tornadus|U-turn|p2a: Pecharunt
|-resisted|p2a: Pecharunt
|-damage|p2a: Pecharunt|99/100
|-damage|p1a: Tornadus|55/100|[from] item: Rocky Helmet|[of] p2a: Pecharunt
|
|t:|1779898048
|switch|p1a: Kyurem|Kyurem|100/100|[from] U-turn
|-ability|p1a: Kyurem|Pressure
|
|upkeep
|turn|3
|
|t:|1779898054
|move|p1a: Kyurem|Earth Power|p2a: Pecharunt
|-supereffective|p2a: Pecharunt
|-damage|p2a: Pecharunt|8/100
|move|p2a: Pecharunt|Parting Shot|p1a: Kyurem
|-unboost|p1a: Kyurem|atk|1
|-unboost|p1a: Kyurem|spa|1
|
|t:|1779898062
|switch|p2a: Iron Crown|Iron Crown|59/100|[from] Parting Shot
|
|upkeep
|turn|4
|
|t:|1779898069
|switch|p1a: Tornadus|Tornadus-Therian, M|89/100
|move|p2a: Iron Crown|Tachyon Cutter|p1a: Tornadus
|-damage|p1a: Tornadus|71/100
|-damage|p1a: Tornadus|52/100
|-hitcount|p1a: Tornadus|2
|
|upkeep
|turn|5
|
|t:|1779898077
|move|p1a: Tornadus|Heat Wave|p2a: Iron Crown
|-supereffective|p2a: Iron Crown
|-damage|p2a: Iron Crown|15/100
|move|p2a: Iron Crown|Volt Switch|p1a: Tornadus
|-supereffective|p1a: Tornadus
|-damage|p1a: Tornadus|23/100
|
|t:|1779898084
|-end|p2a: Iron Crown|Quark Drive|[silent]
|switch|p2a: Samurott|Samurott-Hisui, F|100/100|[from] Volt Switch
|
|upkeep
|turn|6
|inactive|Battle timer is ON: inactive players will automatically lose when time's up. (requested by ThiefYT)
|
|t:|1779898089
|switch|p1a: Hatterene|Hatterene, F|100/100
|move|p2a: Samurott|Sucker Punch||[still]
|-fail|p2a: Samurott
|
|upkeep
|turn|7
|
|t:|1779898099
|move|p2a: Samurott|Flip Turn|p1a: Hatterene
|-damage|p1a: Hatterene|75/100
|-damage|p2a: Samurott|84/100|[from] item: Rocky Helmet|[of] p1a: Hatterene
|
|t:|1779898105
|switch|p2a: Iron Crown|Iron Crown|15/100|[from] Flip Turn
|move|p1a: Hatterene|Nuzzle|p2a: Iron Crown
|-damage|p2a: Iron Crown|10/100
|-status|p2a: Iron Crown|par
|
|upkeep
|turn|8
|
|t:|1779898114
|switch|p1a: Kingambit|Kingambit, M|100/100
|move|p2a: Iron Crown|Tachyon Cutter|p1a: Kingambit
|-resisted|p1a: Kingambit
|-damage|p1a: Kingambit|89/100
|-resisted|p1a: Kingambit
|-damage|p1a: Kingambit|77/100
|-hitcount|p1a: Kingambit|2
|
|-heal|p1a: Kingambit|84/100|[from] item: Leftovers
|upkeep
|turn|9
|
|t:|1779898120
|move|p1a: Kingambit|Sucker Punch|p2a: Iron Crown
|-supereffective|p2a: Iron Crown
|-damage|p2a: Iron Crown|0 fnt
|faint|p2a: Iron Crown
|-end|p2a: Iron Crown|Quark Drive|[silent]
|
|-heal|p1a: Kingambit|90/100|[from] item: Leftovers
|upkeep
|
|t:|1779898129
|switch|p2a: Samurott|Samurott-Hisui, F|84/100
|turn|10
|
|t:|1779898134
|-end|p1a: Kingambit|fallenundefined|[silent]
|switch|p1a: Hatterene|Hatterene, F|75/100
|move|p2a: Samurott|Knock Off|p1a: Hatterene
|-damage|p1a: Hatterene|26/100
|-damage|p2a: Samurott|67/100|[from] item: Rocky Helmet|[of] p1a: Hatterene
|-enditem|p1a: Hatterene|Rocky Helmet|[from] move: Knock Off|[of] p2a: Samurott
|
|upkeep
|turn|11
|
|t:|1779898141
|move|p2a: Samurott|Ceaseless Edge|p1a: Hatterene
|-damage|p1a: Hatterene|0 fnt
|-sidestart|p1: Zephyri|Spikes
|faint|p1a: Hatterene
|
|upkeep
|inactive|Zephyri has 120 seconds left.
|
|t:|1779898178
|switch|p1a: Great Tusk|Great Tusk|100/100
|-damage|p1a: Great Tusk|88/100|[from] Spikes
|turn|12
|
|t:|1779898184
|move|p1a: Great Tusk|Headlong Rush|p2a: Samurott
|-damage|p2a: Samurott|0 fnt
|-unboost|p1a: Great Tusk|def|1
|-unboost|p1a: Great Tusk|spd|1
|faint|p2a: Samurott
|
|upkeep
|
|t:|1779898202
|switch|p2a: The GSOAT|Iron Valiant|100/100
|-enditem|p2a: The GSOAT|Booster Energy
|-activate|p2a: The GSOAT|ability: Quark Drive|[fromitem]
|-start|p2a: The GSOAT|quarkdrivespe
|turn|13
|l|☆ThiefYT
|inactive|ThiefYT disconnected and has a minute to reconnect!
|player|p2|
|inactive|Zephyri has 120 seconds left.
|
|t:|1779898229
|-terastallize|p1a: Great Tusk|Steel
|move|p2a: The GSOAT|Calm Mind|p2a: The GSOAT
|-boost|p2a: The GSOAT|spa|1
|-boost|p2a: The GSOAT|spd|1
|move|p1a: Great Tusk|Headlong Rush|p2a: The GSOAT
|-damage|p2a: The GSOAT|22/100
|-unboost|p1a: Great Tusk|def|1
|-unboost|p1a: Great Tusk|spd|1
|
|upkeep
|turn|14
|j|☆ThiefYT
|inactive|ThiefYT reconnected and has 140 seconds left.
|player|p2|ThiefYT|dawn|
|
|t:|1779898252
|-end|p1a: Great Tusk|Protosynthesis|[silent]
|switch|p1a: Slowking|Slowking-Galar, F|100/100
|-damage|p1a: Slowking|88/100|[from] Spikes
|move|p2a: The GSOAT|Vacuum Wave|p1a: Slowking
|-resisted|p1a: Slowking
|-damage|p1a: Slowking|82/100
|
|-heal|p1a: Slowking|88/100|[from] item: Black Sludge
|upkeep
|turn|15
|
|t:|1779898259
|-terastallize|p2a: The GSOAT|Ghost
|move|p2a: The GSOAT|Shadow Ball|p1a: Slowking
|-supereffective|p1a: Slowking
|-damage|p1a: Slowking|0 fnt
|faint|p1a: Slowking
|
|upkeep
|
|t:|1779898264
|switch|p1a: Kingambit|Kingambit, M|90/100
|-damage|p1a: Kingambit|77/100|[from] Spikes
|-activate|p1a: Kingambit|ability: Supreme Overlord
|-start|p1a: Kingambit|fallen2|[silent]
|turn|16
|
|t:|1779898285
|-end|p1a: Kingambit|fallen2|[silent]
|switch|p1a: Tornadus|Tornadus-Therian, M|56/100
|move|p2a: The GSOAT|Vacuum Wave|p1a: Tornadus
|-resisted|p1a: Tornadus
|-damage|p1a: Tornadus|46/100
|
|upkeep
|turn|17
|
|t:|1779898290
|switch|p1a: Kingambit|Kingambit, M|77/100
|-damage|p1a: Kingambit|65/100|[from] Spikes
|-activate|p1a: Kingambit|ability: Supreme Overlord
|-start|p1a: Kingambit|fallen2|[silent]
|move|p2a: The GSOAT|Moonblast|p1a: Kingambit
|-crit|p1a: Kingambit
|-damage|p1a: Kingambit|0 fnt
|faint|p1a: Kingambit
|-end|p1a: Kingambit|fallen2|[silent]
|
|upkeep
|
|t:|1779898292
|switch|p1a: Tornadus|Tornadus-Therian, M|80/100
|turn|18
|
|t:|1779898299
|move|p2a: The GSOAT|Moonblast|p1a: Tornadus
|-damage|p1a: Tornadus|37/100
|-unboost|p1a: Tornadus|spa|1
|move|p1a: Tornadus|Knock Off|p2a: The GSOAT
|-supereffective|p2a: The GSOAT
|-damage|p2a: The GSOAT|0 fnt
|faint|p2a: The GSOAT
|-end|p2a: The GSOAT|Quark Drive|[silent]
|
|upkeep
|
|t:|1779898312
|switch|p2a: Minior|Minior-Indigo|100/100
|-formechange|p2a: Minior|Minior-Meteor||[from] ability: Shields Down
|turn|19
|inactive|Zephyri has 120 seconds left.
|
|t:|1779898344
|move|p1a: Tornadus|Knock Off|p2a: Minior
|-damage|p2a: Minior|74/100
|-enditem|p2a: Minior|White Herb|[from] move: Knock Off|[of] p1a: Tornadus
|move|p2a: Minior|Shell Smash|p2a: Minior
|-unboost|p2a: Minior|def|1
|-unboost|p2a: Minior|spd|1
|-boost|p2a: Minior|atk|2
|-boost|p2a: Minior|spa|2
|-boost|p2a: Minior|spe|2
|
|upkeep
|turn|20
|
|t:|1779898354
|switch|p1a: Great Tusk|Great Tusk, tera:Steel|88/100
|-damage|p1a: Great Tusk|76/100|[from] Spikes
|move|p2a: Minior|Acrobatics|p1a: Great Tusk
|-resisted|p1a: Great Tusk
|-damage|p1a: Great Tusk|48/100
|-damage|p2a: Minior|58/100|[from] item: Rocky Helmet|[of] p1a: Great Tusk
|
|upkeep
|turn|21
|
|t:|1779898361
|move|p2a: Minior|Earthquake|p1a: Great Tusk
|-supereffective|p1a: Great Tusk
|-damage|p1a: Great Tusk|0 fnt
|faint|p1a: Great Tusk
|-end|p1a: Great Tusk|Protosynthesis|[silent]
|
|upkeep
|
|t:|1779898374
|switch|p1a: Kyurem|Kyurem|100/100
|-damage|p1a: Kyurem|88/100|[from] Spikes
|-ability|p1a: Kyurem|Pressure
|turn|22
|
|t:|1779898376
|move|p2a: Minior|Stone Edge|p1a: Kyurem
|-supereffective|p1a: Kyurem
|-damage|p1a: Kyurem|0 fnt
|faint|p1a: Kyurem
|
|upkeep
|
|t:|1779898380
|switch|p1a: Tornadus|Tornadus-Therian, M|70/100
|turn|23
|
|t:|1779898382
|move|p2a: Minior|Stone Edge|p1a: Tornadus
|-supereffective|p1a: Tornadus
|-damage|p1a: Tornadus|0 fnt
|faint|p1a: Tornadus
|
|win|ThiefYT
|raw|Zephyri's rating: 1425 &rarr; <strong>1404</strong><br />(-21 for losing)
|raw|ThiefYT's rating: 1406 &rarr; <strong>1427</strong><br />(+21 for winning)
|c|☆ThiefYT|Ggs
|l|☆Zephyri
|player|p1|
|c|☆ThiefYT|Zu threat ftw 🥹
|l|☆ThiefYT
|player|p2|
