|j|☆azureflatlands
|j|☆prepare 4 die
|t:|1779957757
|gametype|singles
|player|p1|azureflatlands|preschoolerf|1463
|player|p2|prepare 4 die|wallace|1395
|gen|9
|tier|[Gen 9] OU
|rated|
|rule|HP Percentage Mod: HP is shown in percentages
|rule|Endless Battle Clause: Forcing endless battles is banned
|rule|Species Clause: Limit one of each Pokémon
|rule|OHKO Clause: OHKO moves are banned
|rule|Evasion Items Clause: Evasion items are banned
|rule|Evasion Moves Clause: Evasion moves are banned
|rule|Evasion Abilities Clause: Evasion abilities are banned
|rule|Sleep Moves Clause: Sleep-inducing moves are banned
|clearpoke
|poke|p1|Clodsire, M|
|poke|p1|Pecharunt|
|poke|p1|Talonflame, F|
|poke|p1|Weezing-Galar, F|
|poke|p1|Gliscor, F|
|poke|p1|Blissey, F|
|poke|p2|Palossand, F|
|poke|p2|Iron Crown|
|poke|p2|Ogerpon-Wellspring, F|
|poke|p2|Glimmora, F|
|poke|p2|Tyranitar, M|
|poke|p2|Kyurem|
|teampreview
|
|t:|1779957792
|teamsize|p1|6
|teamsize|p2|6
|start
|switch|p1a: Pecharunt|Pecharunt|100/100
|switch|p2a: Kyurem|Kyurem|100/100
|-ability|p2a: Kyurem|Pressure
|turn|1
|
|t:|1779957824
|switch|p1a: Blissey|Blissey, F|100/100
|move|p2a: Kyurem|Earth Power|p1a: Blissey
|-damage|p1a: Blissey|91/100
|
|-heal|p1a: Blissey|97/100|[from] item: Leftovers
|upkeep
|turn|2
|
|t:|1779957835
|-terastallize|p2a: Kyurem|Ice
|move|p2a: Kyurem|Icicle Spear|p1a: Blissey
|-damage|p1a: Blissey|82/100
|-damage|p1a: Blissey|66/100
|-crit|p1a: Blissey
|-damage|p1a: Blissey|40/100
|-hitcount|p1a: Blissey|3
|move|p1a: Blissey|Stealth Rock|p2a: Kyurem
|-sidestart|p2: prepare 4 die|move: Stealth Rock
|
|-heal|p1a: Blissey|47/100|[from] item: Leftovers
|upkeep
|turn|3
|
|t:|1779957846
|move|p2a: Kyurem|Freeze-Dry|p1a: Blissey
|-damage|p1a: Blissey|32/100
|-status|p1a: Blissey|frz
|cant|p1a: Blissey|frz
|
|-heal|p1a: Blissey|38/100 frz|[from] item: Leftovers
|upkeep
|turn|4
|inactive|Battle timer is ON: inactive players will automatically lose when time's up. (requested by prepare 4 die)
|
|t:|1779957896
|-curestatus|p1a: Blissey|frz|[from] ability: Natural Cure|[silent]
|switch|p1a: Talonflame|Talonflame, F|100/100
|move|p2a: Kyurem|Freeze-Dry|p1a: Talonflame
|-damage|p1a: Talonflame|43/100
|
|upkeep
|turn|5
|
|t:|1779957906
|switch|p2a: Glimmora|Glimmora, F|100/100
|-damage|p2a: Glimmora|88/100|[from] Stealth Rock
|move|p1a: Talonflame|Will-O-Wisp|p2a: Glimmora
|-status|p2a: Glimmora|brn
|
|-damage|p2a: Glimmora|82/100 brn|[from] brn
|upkeep
|turn|6
|
|t:|1779957919
|switch|p1a: Blissey|Blissey, F|38/100
|move|p2a: Glimmora|Stealth Rock|p1a: Blissey
|-sidestart|p1: azureflatlands|move: Stealth Rock
|
|-heal|p1a: Blissey|44/100|[from] item: Leftovers
|-damage|p2a: Glimmora|76/100 brn|[from] brn
|upkeep
|turn|7
|
|t:|1779957923
|move|p2a: Glimmora|Mortal Spin|p1a: Blissey
|-damage|p1a: Blissey|42/100
|-status|p1a: Blissey|psn
|-sideend|p2: prepare 4 die|Stealth Rock|[from] move: Mortal Spin|[of] p2a: Glimmora
|move|p1a: Blissey|Soft-Boiled|p1a: Blissey
|-heal|p1a: Blissey|92/100 psn
|
|-heal|p1a: Blissey|98/100 psn|[from] item: Leftovers
|-damage|p1a: Blissey|85/100 psn|[from] psn
|-damage|p2a: Glimmora|70/100 brn|[from] brn
|upkeep
|turn|8
|
|t:|1779957942
|switch|p2a: Ogerpon|Ogerpon-Wellspring, F|100/100
|move|p1a: Blissey|Stealth Rock|p2a: Ogerpon
|-sidestart|p2: prepare 4 die|move: Stealth Rock
|
|-heal|p1a: Blissey|91/100 psn|[from] item: Leftovers
|-damage|p1a: Blissey|79/100 psn|[from] psn
|upkeep
|turn|9
|
|t:|1779957950
|-curestatus|p1a: Blissey|psn|[from] ability: Natural Cure|[silent]
|switch|p1a: Pecharunt|Pecharunt|100/100
|-damage|p1a: Pecharunt|88/100|[from] Stealth Rock
|move|p2a: Ogerpon|Knock Off|p1a: Pecharunt
|-supereffective|p1a: Pecharunt
|-damage|p1a: Pecharunt|51/100
|-damage|p2a: Ogerpon|84/100|[from] item: Rocky Helmet|[of] p1a: Pecharunt
|-enditem|p1a: Pecharunt|Rocky Helmet|[from] move: Knock Off|[of] p2a: Ogerpon
|
|upkeep
|turn|10
|
|t:|1779957957
|move|p2a: Ogerpon|Spikes|p1a: Pecharunt
|-sidestart|p1: azureflatlands|Spikes
|move|p1a: Pecharunt|Recover|p1a: Pecharunt
|-heal|p1a: Pecharunt|100/100
|
|upkeep
|turn|11
|
|t:|1779957962
|move|p2a: Ogerpon|U-turn|p1a: Pecharunt
|-resisted|p1a: Pecharunt
|-damage|p1a: Pecharunt|97/100
|
|t:|1779957974
|switch|p2a: Iron Crown|Iron Crown|100/100|[from] U-turn
|-damage|p2a: Iron Crown|94/100|[from] Stealth Rock
|move|p1a: Pecharunt|Malignant Chain|p2a: Iron Crown
|-immune|p2a: Iron Crown
|
|upkeep
|turn|12
|
|t:|1779957982
|switch|p1a: Blissey|Blissey, F|79/100
|-damage|p1a: Blissey|67/100|[from] Stealth Rock
|-damage|p1a: Blissey|54/100|[from] Spikes
|move|p2a: Iron Crown|Tachyon Cutter|p1a: Blissey
|-damage|p1a: Blissey|42/100
|-damage|p1a: Blissey|29/100
|-hitcount|p1a: Blissey|2
|
|-heal|p1a: Blissey|35/100|[from] item: Leftovers
|upkeep
|turn|13
|
|t:|1779958003
|-end|p2a: Iron Crown|Quark Drive|[silent]
|switch|p2a: Tyranitar|Tyranitar, M|100/100
|-damage|p2a: Tyranitar|88/100|[from] Stealth Rock
|-weather|Sandstorm|[from] ability: Sand Stream|[of] p2a: Tyranitar
|move|p1a: Blissey|Soft-Boiled|p1a: Blissey
|-heal|p1a: Blissey|85/100
|
|-weather|Sandstorm|[upkeep]
|-damage|p1a: Blissey|79/100|[from] Sandstorm
|-heal|p1a: Blissey|85/100|[from] item: Leftovers
|upkeep
|turn|14
|
|t:|1779958010
|switch|p1a: Weezing|Weezing-Galar, F|100/100
|-ability|p1a: Weezing|Neutralizing Gas
|move|p2a: Tyranitar|Stone Edge|p1a: Weezing
|-damage|p1a: Weezing|44/100
|
|-weather|Sandstorm|[upkeep]
|-damage|p1a: Weezing|38/100|[from] Sandstorm
|upkeep
|turn|15
|
|t:|1779958018
|move|p2a: Tyranitar|Stone Edge|p1a: Weezing
|-damage|p1a: Weezing|0 fnt
|faint|p1a: Weezing
|-end|p1a: Weezing|ability: Neutralizing Gas
|
|-weather|Sandstorm|[upkeep]
|upkeep
|
|t:|1779958020
|switch|p1a: Talonflame|Talonflame, F|43/100
|turn|16
|
|t:|1779958040
|switch|p2a: Iron Crown|Iron Crown|94/100
|-damage|p2a: Iron Crown|88/100|[from] Stealth Rock
|move|p1a: Talonflame|Defog|p2a: Iron Crown
|-unboost|p2a: Iron Crown|evasion|1
|-sideend|p2: prepare 4 die|Stealth Rock|[from] move: Defog|[of] p1a: Talonflame
|-sideend|p1: azureflatlands|Spikes|[from] move: Defog|[of] p1a: Talonflame
|-sideend|p1: azureflatlands|Stealth Rock|[from] move: Defog|[of] p1a: Talonflame
|
|-weather|Sandstorm|[upkeep]
|-damage|p1a: Talonflame|37/100|[from] Sandstorm
|upkeep
|turn|17
|
|t:|1779958045
|switch|p1a: Blissey|Blissey, F|85/100
|move|p2a: Iron Crown|Psyshock|p1a: Blissey
|-damage|p1a: Blissey|28/100
|
|-weather|none
|-heal|p1a: Blissey|34/100|[from] item: Leftovers
|upkeep
|turn|18
|
|t:|1779958050
|-end|p2a: Iron Crown|Quark Drive|[silent]
|switch|p2a: Glimmora|Glimmora, F|70/100 brn
|-terastallize|p1a: Blissey|Dark
|move|p1a: Blissey|Soft-Boiled|p1a: Blissey
|-heal|p1a: Blissey|84/100
|
|-heal|p1a: Blissey|90/100|[from] item: Leftovers
|-damage|p2a: Glimmora|63/100 brn|[from] brn
|upkeep
|turn|19
|
|t:|1779958058
|switch|p1a: Clodsire|Clodsire, M|100/100
|move|p2a: Glimmora|Stealth Rock|p1a: Clodsire
|-sidestart|p1: azureflatlands|move: Stealth Rock
|
|-damage|p2a: Glimmora|57/100 brn|[from] brn
|upkeep
|turn|20
|
|t:|1779958064
|switch|p2a: Tyranitar|Tyranitar, M|88/100
|-weather|Sandstorm|[from] ability: Sand Stream|[of] p2a: Tyranitar
|move|p1a: Clodsire|Bulldoze|p2a: Tyranitar
|-supereffective|p2a: Tyranitar
|-damage|p2a: Tyranitar|58/100
|-unboost|p2a: Tyranitar|spe|1
|
|-weather|Sandstorm|[upkeep]
|upkeep
|turn|21
|
|t:|1779958075
|switch|p1a: Gliscor|Gliscor, F|100/100
|-damage|p1a: Gliscor|88/100|[from] Stealth Rock
|move|p2a: Tyranitar|Knock Off|p1a: Gliscor
|-damage|p1a: Gliscor|30/100
|-enditem|p1a: Gliscor|Toxic Orb|[from] move: Knock Off|[of] p2a: Tyranitar
|
|-weather|Sandstorm|[upkeep]
|upkeep
|turn|22
|
|t:|1779958085
|switch|p2a: Palossand|Palossand, F|100/100
|move|p1a: Gliscor|Toxic|p2a: Palossand
|-status|p2a: Palossand|tox
|
|-weather|Sandstorm|[upkeep]
|-damage|p2a: Palossand|94/100 tox|[from] psn
|upkeep
|turn|23
|
|t:|1779958097
|switch|p2a: Iron Crown|Iron Crown|88/100
|move|p1a: Gliscor|Protect||[still]
|-fail|p1a: Gliscor
|
|-weather|Sandstorm|[upkeep]
|upkeep
|turn|24
|
|t:|1779958105
|switch|p1a: Blissey|Blissey, F, tera:Dark|90/100
|-damage|p1a: Blissey|78/100|[from] Stealth Rock
|move|p2a: Iron Crown|Tachyon Cutter|p1a: Blissey
|-damage|p1a: Blissey|66/100
|-damage|p1a: Blissey|53/100
|-hitcount|p1a: Blissey|2
|
|-weather|none
|-heal|p1a: Blissey|59/100|[from] item: Leftovers
|upkeep
|turn|25
|
|t:|1779958113
|-end|p2a: Iron Crown|Quark Drive|[silent]
|switch|p2a: Ogerpon|Ogerpon-Wellspring, F|84/100
|move|p1a: Blissey|Stealth Rock|p2a: Ogerpon
|-sidestart|p2: prepare 4 die|move: Stealth Rock
|
|-heal|p1a: Blissey|65/100|[from] item: Leftovers
|upkeep
|turn|26
|
|t:|1779958121
|switch|p1a: Pecharunt|Pecharunt|97/100
|-damage|p1a: Pecharunt|85/100|[from] Stealth Rock
|move|p2a: Ogerpon|U-turn|p1a: Pecharunt
|-resisted|p1a: Pecharunt
|-damage|p1a: Pecharunt|82/100
|
|t:|1779958132
|switch|p2a: Tyranitar|Tyranitar, M|58/100|[from] U-turn
|-damage|p2a: Tyranitar|46/100|[from] Stealth Rock
|-weather|Sandstorm|[from] ability: Sand Stream|[of] p2a: Tyranitar
|
|-weather|Sandstorm|[upkeep]
|-damage|p1a: Pecharunt|76/100|[from] Sandstorm
|upkeep
|turn|27
|
|t:|1779958137
|move|p2a: Tyranitar|Knock Off|p1a: Pecharunt
|-supereffective|p1a: Pecharunt
|-damage|p1a: Pecharunt|19/100
|move|p1a: Pecharunt|Recover|p1a: Pecharunt
|-heal|p1a: Pecharunt|69/100
|
|-weather|Sandstorm|[upkeep]
|-damage|p1a: Pecharunt|63/100|[from] Sandstorm
|upkeep
|turn|28
|
|t:|1779958146
|move|p2a: Tyranitar|Knock Off|p1a: Pecharunt
|-supereffective|p1a: Pecharunt
|-damage|p1a: Pecharunt|14/100
|move|p1a: Pecharunt|Malignant Chain|p2a: Tyranitar
|-resisted|p2a: Tyranitar
|-damage|p2a: Tyranitar|36/100
|
|-weather|Sandstorm|[upkeep]
|-damage|p1a: Pecharunt|8/100|[from] Sandstorm
|upkeep
|turn|29
|
|t:|1779958153
|move|p2a: Tyranitar|Knock Off|p1a: Pecharunt
|-supereffective|p1a: Pecharunt
|-damage|p1a: Pecharunt|0 fnt
|faint|p1a: Pecharunt
|
|-weather|Sandstorm|[upkeep]
|upkeep
|-message|azureflatlands forfeited.
|
|win|prepare 4 die
|raw|azureflatlands's rating: 1463 &rarr; <strong>1439</strong><br />(-24 for losing)
|raw|prepare 4 die's rating: 1395 &rarr; <strong>1419</strong><br />(+24 for winning)
|l|☆azureflatlands
|player|p1|
|l|☆prepare 4 die
|player|p2|
