|j|☆BrainOffHeadEmpty
|j|☆stone douchebag
|t:|1779936767
|gametype|singles
|player|p1|BrainOffHeadEmpty|hilda-wonderlauncher|1432
|player|p2|stone douchebag|265|1415
|gen|9
|tier|[Gen 9] OU
|rated|
|rule|HP Percentage Mod: HP is shown in percentages
|rule|Endless Battle Clause: Forcing endless battles is banned
|rule|Species Clause: Limit one of each Pokémon
|rule|OHKO Clause: OHKO moves are banned
|rule|Evasion Items Clause: Evasion items are banned
|rule|Evasion Moves Clause: Evasion moves are banned
|rule|Evasion Abilities Clause: Evasion abilities are banned
|rule|Sleep Moves Clause: Sleep-inducing moves are banned
|clearpoke
|poke|p1|Great Tusk|
|poke|p1|Walking Wake|
|poke|p1|Kingambit, F|
|poke|p1|Venusaur, F|
|poke|p1|Ninetales, F|
|poke|p1|Raging Bolt|
|poke|p2|Dondozo, F|
|poke|p2|Skarmory, F|
|poke|p2|Vileplume, M|
|poke|p2|Gliscor, M|
|poke|p2|Blissey, F|
|poke|p2|Clefable, M|
|teampreview
|inactive|Battle timer is ON: inactive players will automatically lose when time's up. (requested by BrainOffHeadEmpty)
|
|t:|1779936797
|teamsize|p1|6
|teamsize|p2|6
|start
|switch|p1a: Ninetales|Ninetales, F|100/100
|switch|p2a: Clefable?|Blissey, F|100/100
|-weather|SunnyDay|[from] ability: Drought|[of] p1a: Ninetales
|turn|1
|
|t:|1779936809
|move|p1a: Ninetales|Will-O-Wisp|p2a: Clefable?
|-status|p2a: Clefable?|brn
|move|p2a: Clefable?|Calm Mind|p2a: Clefable?
|-boost|p2a: Clefable?|spa|1
|-boost|p2a: Clefable?|spd|1
|
|-weather|SunnyDay|[upkeep]
|-damage|p2a: Clefable?|94/100 brn|[from] brn
|upkeep
|turn|2
|
|t:|1779936818
|switch|p1a: Venusaur|Venusaur, F|100/100
|-curestatus|p2a: Clefable?|brn|[from] ability: Natural Cure|[silent]
|switch|p2a: Blissey?|Clefable, M|100/100
|
|-weather|SunnyDay|[upkeep]
|upkeep
|turn|3
|inactive|stone douchebag has 120 seconds left.
|
|t:|1779936851
|switch|p2a: Clefable?|Blissey, F|94/100
|move|p1a: Venusaur|Growth|p1a: Venusaur
|-boost|p1a: Venusaur|atk|2
|-boost|p1a: Venusaur|spa|2
|
|-weather|SunnyDay|[upkeep]
|upkeep
|turn|4
|
|t:|1779936861
|move|p1a: Venusaur|Sludge Bomb|p2a: Clefable?
|-damage|p2a: Clefable?|65/100
|-damage|p1a: Venusaur|91/100|[from] item: Life Orb
|move|p2a: Clefable?|Ice Beam|p1a: Venusaur
|-supereffective|p1a: Venusaur
|-damage|p1a: Venusaur|48/100
|
|-weather|SunnyDay|[upkeep]
|upkeep
|turn|5
|inactive|stone douchebag has 120 seconds left.
|inactive|BrainOffHeadEmpty has 120 seconds left.
|inactive|stone douchebag has 90 seconds left.
|
|t:|1779936919
|switch|p1a: Ninetales|Ninetales, F|100/100
|move|p2a: Clefable?|Calm Mind|p2a: Clefable?
|-boost|p2a: Clefable?|spa|1
|-boost|p2a: Clefable?|spd|1
|
|-weather|SunnyDay|[upkeep]
|upkeep
|turn|6
|
|t:|1779936924
|move|p1a: Ninetales|Encore|p2a: Clefable?
|-start|p2a: Clefable?|Encore
|move|p2a: Clefable?|Calm Mind|p2a: Clefable?
|-boost|p2a: Clefable?|spa|1
|-boost|p2a: Clefable?|spd|1
|
|-weather|SunnyDay|[upkeep]
|upkeep
|turn|7
|
|t:|1779936928
|switch|p1a: Kingambit|Kingambit, F|100/100
|-item|p1a: Kingambit|Air Balloon
|switch|p2a: Blissey?|Clefable, M|100/100
|
|-weather|SunnyDay|[upkeep]
|upkeep
|turn|8
|
|t:|1779936944
|-end|p1a: Kingambit|fallenundefined|[silent]
|switch|p1a: Venusaur|Venusaur, F|48/100
|switch|p2a: Amoongus?|Vileplume, M|100/100
|
|-weather|none
|upkeep
|turn|9
|
|t:|1779936964
|switch|p1a: Ninetales|Ninetales, F|100/100
|-weather|SunnyDay|[from] ability: Drought|[of] p1a: Ninetales
|move|p2a: Amoongus?|Moonblast|p1a: Ninetales
|-resisted|p1a: Ninetales
|-damage|p1a: Ninetales|88/100
|
|-weather|SunnyDay|[upkeep]
|upkeep
|turn|10
|
|t:|1779936976
|switch|p1a: Kingambit|Kingambit, F|100/100
|-item|p1a: Kingambit|Air Balloon
|switch|p2a: Clefable?|Blissey, F|65/100
|
|-weather|SunnyDay|[upkeep]
|upkeep
|turn|11
|
|t:|1779936994
|switch|p2a: Amoongus?|Vileplume, M|100/100
|move|p1a: Kingambit|Kowtow Cleave|p2a: Amoongus?
|-damage|p2a: Amoongus?|60/100
|
|-weather|SunnyDay|[upkeep]
|upkeep
|turn|12
|
|t:|1779937011
|-end|p1a: Kingambit|fallenundefined|[silent]
|switch|p1a: Venusaur|Venusaur, F|48/100
|move|p2a: Amoongus?|Strength Sap|p1a: Venusaur
|-unboost|p1a: Venusaur|atk|1
|-heal|p2a: Amoongus?|100/100
|
|-weather|SunnyDay|[upkeep]
|upkeep
|turn|13
|inactive|stone douchebag has 120 seconds left.
|
|t:|1779937019
|move|p1a: Venusaur|Weather Ball|p2a: Amoongus?
|-supereffective|p2a: Amoongus?
|-damage|p2a: Amoongus?|0 fnt
|faint|p2a: Amoongus?
|-damage|p1a: Venusaur|38/100|[from] item: Life Orb
|
|-weather|SunnyDay|[upkeep]
|upkeep
|inactive|stone douchebag has 120 seconds left.
|c|☆stone douchebag|tfw you forget weather ball exists
|
|t:|1779937034
|switch|p2a: Clefable?|Blissey, F|65/100
|turn|14
|c|☆BrainOffHeadEmpty|I understand
|
|t:|1779937047
|switch|p1a: Ninetales|Ninetales, F|88/100
|move|p2a: Clefable?|Ice Beam|p1a: Ninetales
|-resisted|p1a: Ninetales
|-damage|p1a: Ninetales|79/100
|
|-weather|SunnyDay|[upkeep]
|upkeep
|turn|15
|inactive|stone douchebag has 120 seconds left.
|
|t:|1779937065
|move|p1a: Ninetales|Will-O-Wisp|p2a: Clefable?
|-status|p2a: Clefable?|brn
|move|p2a: Clefable?|Shadow Ball|p1a: Ninetales
|-damage|p1a: Ninetales|62/100
|
|-weather|SunnyDay|[upkeep]
|-damage|p2a: Clefable?|59/100 brn|[from] brn
|upkeep
|turn|16
|
|t:|1779937074
|move|p1a: Ninetales|Weather Ball|p2a: Clefable?
|-damage|p2a: Clefable?|46/100 brn
|move|p2a: Clefable?|Calm Mind|p2a: Clefable?
|-boost|p2a: Clefable?|spa|1
|-boost|p2a: Clefable?|spd|1
|
|-weather|none
|-damage|p2a: Clefable?|40/100 brn|[from] brn
|upkeep
|turn|17
|
|t:|1779937077
|move|p1a: Ninetales|Encore|p2a: Clefable?
|-start|p2a: Clefable?|Encore
|move|p2a: Clefable?|Calm Mind|p2a: Clefable?
|-boost|p2a: Clefable?|spa|1
|-boost|p2a: Clefable?|spd|1
|
|-damage|p2a: Clefable?|34/100 brn|[from] brn
|upkeep
|turn|18
|
|t:|1779937082
|switch|p1a: Kingambit|Kingambit, F|100/100
|-item|p1a: Kingambit|Air Balloon
|-curestatus|p2a: Clefable?|brn|[from] ability: Natural Cure|[silent]
|switch|p2a: Landorus-Therian?|Gliscor, M|100/100
|
|-status|p2a: Landorus-Therian?|tox|[from] item: Toxic Orb
|upkeep
|turn|19
|
|t:|1779937093
|-end|p1a: Kingambit|fallenundefined|[silent]
|switch|p1a: Ninetales|Ninetales, F|62/100
|-weather|SunnyDay|[from] ability: Drought|[of] p1a: Ninetales
|move|p2a: Landorus-Therian?|Earthquake|p1a: Ninetales
|-supereffective|p1a: Ninetales
|-damage|p1a: Ninetales|0 fnt
|faint|p1a: Ninetales
|
|-weather|SunnyDay|[upkeep]
|upkeep
|
|t:|1779937100
|switch|p1a: Kingambit|Kingambit, F|100/100
|-activate|p1a: Kingambit|ability: Supreme Overlord
|-start|p1a: Kingambit|fallen1|[silent]
|-item|p1a: Kingambit|Air Balloon
|turn|20
|
|t:|1779937118
|move|p2a: Landorus-Therian?|Knock Off|p1a: Kingambit
|-resisted|p1a: Kingambit
|-damage|p1a: Kingambit|92/100
|-enditem|p1a: Kingambit|Air Balloon
|move|p1a: Kingambit|Kowtow Cleave|p2a: Landorus-Therian?
|-damage|p2a: Landorus-Therian?|63/100 tox
|
|-weather|SunnyDay|[upkeep]
|-heal|p2a: Landorus-Therian?|75/100 tox|[from] ability: Poison Heal
|upkeep
|turn|21
|
|t:|1779937125
|-end|p1a: Kingambit|fallen1|[silent]
|switch|p1a: Walking Wake|Walking Wake|100/100
|-activate|p1a: Walking Wake|ability: Protosynthesis
|-start|p1a: Walking Wake|protosynthesisspe
|move|p2a: Landorus-Therian?|Earthquake|p1a: Walking Wake
|-damage|p1a: Walking Wake|62/100
|
|-weather|SunnyDay|[upkeep]
|-heal|p2a: Landorus-Therian?|88/100 tox|[from] ability: Poison Heal
|upkeep
|turn|22
|inactive|stone douchebag has 120 seconds left.
|
|t:|1779937180
|switch|p2a: Blissey?|Clefable, M|100/100
|move|p1a: Walking Wake|Hydro Steam|p2a: Blissey?
|-crit|p2a: Blissey?
|-damage|p2a: Blissey?|30/100
|
|-weather|SunnyDay|[upkeep]
|-heal|p2a: Blissey?|36/100|[from] item: Leftovers
|upkeep
|turn|23
|
|t:|1779937188
|switch|p2a: Quagsire?|Dondozo, F|100/100
|move|p1a: Walking Wake|Hydro Steam|p2a: Quagsire?
|-resisted|p2a: Quagsire?
|-damage|p2a: Quagsire?|71/100
|
|-weather|SunnyDay|[upkeep]
|upkeep
|turn|24
|
|t:|1779937208
|move|p1a: Walking Wake|Draco Meteor|p2a: Quagsire?
|-damage|p2a: Quagsire?|0 fnt
|-unboost|p1a: Walking Wake|spa|2
|faint|p2a: Quagsire?
|
|-weather|SunnyDay|[upkeep]
|upkeep
|
|t:|1779937211
|switch|p2a: Blissey?|Clefable, M|36/100
|turn|25
|
|t:|1779937216
|move|p1a: Walking Wake|Flip Turn|p2a: Blissey?
|-damage|p2a: Blissey?|27/100
|
|t:|1779937218
|-end|p1a: Walking Wake|Protosynthesis|[silent]
|switch|p1a: Venusaur|Venusaur, F|38/100|[from] Flip Turn
|move|p2a: Blissey?|Moonlight|p2a: Blissey?
|-heal|p2a: Blissey?|94/100
|
|-weather|SunnyDay|[upkeep]
|-heal|p2a: Blissey?|99/100|[from] item: Leftovers
|upkeep
|turn|26
|
|t:|1779937227
|switch|p2a: Clefable?|Blissey, F|34/100
|move|p1a: Venusaur|Sludge Bomb|p2a: Clefable?
|-damage|p2a: Clefable?|18/100
|-damage|p1a: Venusaur|28/100|[from] item: Life Orb
|
|-weather|none
|upkeep
|turn|27
|
|t:|1779937237
|move|p1a: Venusaur|Growth|p1a: Venusaur
|-boost|p1a: Venusaur|atk|1
|-boost|p1a: Venusaur|spa|1
|move|p2a: Clefable?|Soft-Boiled|p2a: Clefable?
|-heal|p2a: Clefable?|68/100
|
|upkeep
|turn|28
|
|t:|1779937242
|move|p1a: Venusaur|Sludge Bomb|p2a: Clefable?
|-damage|p2a: Clefable?|44/100
|-damage|p1a: Venusaur|18/100|[from] item: Life Orb
|move|p2a: Clefable?|Soft-Boiled|p2a: Clefable?
|-heal|p2a: Clefable?|94/100
|
|upkeep
|turn|29
|
|t:|1779937249
|switch|p1a: Great Tusk|Great Tusk|100/100
|move|p2a: Clefable?|Ice Beam|p1a: Great Tusk
|-supereffective|p1a: Great Tusk
|-damage|p1a: Great Tusk|67/100
|
|upkeep
|turn|30
|
|t:|1779937255
|switch|p2a: Corviknight?|Skarmory, F|100/100
|move|p1a: Great Tusk|Ice Spinner|p2a: Corviknight?
|-damage|p2a: Corviknight?|83/100
|-damage|p1a: Great Tusk|51/100|[from] item: Rocky Helmet|[of] p2a: Corviknight?
|
|upkeep
|turn|31
|
|t:|1779937260
|-end|p1a: Great Tusk|Protosynthesis|[silent]
|switch|p1a: Raging Bolt|Raging Bolt|100/100
|-item|p1a: Raging Bolt|Air Balloon
|move|p2a: Corviknight?|Spikes|p1a: Raging Bolt
|-sidestart|p1: BrainOffHeadEmpty|Spikes
|
|upkeep
|turn|32
|
|t:|1779937265
|switch|p2a: Blissey?|Clefable, M|99/100
|move|p1a: Raging Bolt|Dragon Pulse|p2a: Blissey?
|-immune|p2a: Blissey?
|
|-heal|p2a: Blissey?|100/100|[from] item: Leftovers
|upkeep
|turn|33
|
|t:|1779937279
|-terastallize|p1a: Raging Bolt|Fairy
|move|p1a: Raging Bolt|Thunderbolt|p2a: Blissey?
|-damage|p2a: Blissey?|64/100
|move|p2a: Blissey?|Moonblast|p1a: Raging Bolt
|-damage|p1a: Raging Bolt|71/100
|-unboost|p1a: Raging Bolt|spa|1
|-enditem|p1a: Raging Bolt|Air Balloon
|
|-heal|p2a: Blissey?|70/100|[from] item: Leftovers
|upkeep
|turn|34
|
|t:|1779937291
|-end|p1a: Raging Bolt|Protosynthesis|[silent]
|switch|p1a: Kingambit|Kingambit, F|92/100
|-damage|p1a: Kingambit|80/100|[from] Spikes
|-activate|p1a: Kingambit|ability: Supreme Overlord
|-start|p1a: Kingambit|fallen1|[silent]
|move|p2a: Blissey?|Stealth Rock|p1a: Kingambit
|-sidestart|p1: BrainOffHeadEmpty|move: Stealth Rock
|
|-heal|p2a: Blissey?|76/100|[from] item: Leftovers
|upkeep
|turn|35
|l|☆stone douchebag
|inactive|stone douchebag disconnected and has a minute to reconnect!
|player|p2|
|j|☆stone douchebag
|inactive|stone douchebag reconnected and has 120 seconds left.
|player|p2|stone douchebag|265|
|inactive|BrainOffHeadEmpty has 120 seconds left.
|
|t:|1779937342
|-end|p1a: Kingambit|fallen1|[silent]
|switch|p1a: Raging Bolt|Raging Bolt, tera:Fairy|71/100
|-damage|p1a: Raging Bolt|59/100|[from] Spikes
|-damage|p1a: Raging Bolt|46/100|[from] Stealth Rock
|switch|p2a: Corviknight?|Skarmory, F|83/100
|
|upkeep
|turn|36
|
|t:|1779937348
|switch|p2a: Blissey?|Clefable, M|76/100
|move|p1a: Raging Bolt|Calm Mind|p1a: Raging Bolt
|-boost|p1a: Raging Bolt|spa|1
|-boost|p1a: Raging Bolt|spd|1
|
|-heal|p2a: Blissey?|82/100|[from] item: Leftovers
|upkeep
|turn|37
|
|t:|1779937360
|switch|p2a: Clefable?|Blissey, F|94/100
|move|p1a: Raging Bolt|Thunderbolt|p2a: Clefable?
|-damage|p2a: Clefable?|69/100
|
|upkeep
|turn|38
|
|t:|1779937369
|-end|p1a: Raging Bolt|Protosynthesis|[silent]
|switch|p1a: Kingambit|Kingambit, F|80/100
|-damage|p1a: Kingambit|67/100|[from] Spikes
|-damage|p1a: Kingambit|61/100|[from] Stealth Rock
|-activate|p1a: Kingambit|ability: Supreme Overlord
|-start|p1a: Kingambit|fallen1|[silent]
|move|p2a: Clefable?|Calm Mind|p2a: Clefable?
|-boost|p2a: Clefable?|spa|1
|-boost|p2a: Clefable?|spd|1
|
|upkeep
|turn|39
|
|t:|1779937375
|switch|p2a: Corviknight?|Skarmory, F|83/100
|move|p1a: Kingambit|Swords Dance|p1a: Kingambit
|-boost|p1a: Kingambit|atk|2
|
|upkeep
|turn|40
|
|t:|1779937381
|move|p2a: Corviknight?|Body Press|p1a: Kingambit
|-supereffective|p1a: Kingambit
|-damage|p1a: Kingambit|0 fnt
|faint|p1a: Kingambit
|-end|p1a: Kingambit|fallen1|[silent]
|
|upkeep
|
|t:|1779937385
|switch|p1a: Raging Bolt|Raging Bolt, tera:Fairy|46/100
|-damage|p1a: Raging Bolt|34/100|[from] Spikes
|-damage|p1a: Raging Bolt|21/100|[from] Stealth Rock
|turn|41
|
|t:|1779937395
|-end|p1a: Raging Bolt|Protosynthesis|[silent]
|switch|p1a: Walking Wake|Walking Wake|62/100
|-damage|p1a: Walking Wake|50/100|[from] Spikes
|-damage|p1a: Walking Wake|38/100|[from] Stealth Rock
|switch|p2a: Clefable?|Blissey, F|69/100
|
|upkeep
|turn|42
|
|t:|1779937403
|move|p1a: Walking Wake|Flamethrower|p2a: Clefable?
|-damage|p2a: Clefable?|58/100
|move|p2a: Clefable?|Ice Beam|p1a: Walking Wake
|-damage|p1a: Walking Wake|18/100
|
|upkeep
|turn|43
|
|t:|1779937408
|move|p1a: Walking Wake|Flip Turn|p2a: Clefable?
|-crit|p2a: Clefable?
|-damage|p2a: Clefable?|30/100
|
|t:|1779937412
|-end|p1a: Walking Wake|Protosynthesis|[silent]
|switch|p1a: Venusaur|Venusaur, F|18/100|[from] Flip Turn
|-damage|p1a: Venusaur|6/100|[from] Spikes
|-damage|p1a: Venusaur|0 fnt|[from] Stealth Rock
|faint|p1a: Venusaur
|move|p2a: Clefable?|Soft-Boiled|p2a: Clefable?
|-heal|p2a: Clefable?|80/100
|
|upkeep
|
|t:|1779937416
|switch|p1a: Great Tusk|Great Tusk|51/100
|-damage|p1a: Great Tusk|38/100|[from] Spikes
|-damage|p1a: Great Tusk|36/100|[from] Stealth Rock
|turn|44
|
|t:|1779937425
|switch|p2a: Corviknight?|Skarmory, F|83/100
|move|p1a: Great Tusk|Rapid Spin|p2a: Corviknight?
|-resisted|p2a: Corviknight?
|-damage|p2a: Corviknight?|78/100
|-boost|p1a: Great Tusk|spe|1
|-damage|p1a: Great Tusk|19/100|[from] item: Rocky Helmet|[of] p2a: Corviknight?
|-sideend|p1: BrainOffHeadEmpty|Spikes|[from] move: Rapid Spin|[of] p1a: Great Tusk
|-sideend|p1: BrainOffHeadEmpty|Stealth Rock|[from] move: Rapid Spin|[of] p1a: Great Tusk
|
|upkeep
|turn|45
|
|t:|1779937434
|-end|p1a: Great Tusk|Protosynthesis|[silent]
|switch|p1a: Raging Bolt|Raging Bolt, tera:Fairy|21/100
|move|p2a: Corviknight?|Spikes|p1a: Raging Bolt
|-sidestart|p1: BrainOffHeadEmpty|Spikes
|
|upkeep
|turn|46
|
|t:|1779937442
|switch|p2a: Clefable?|Blissey, F|80/100
|move|p1a: Raging Bolt|Thunderbolt|p2a: Clefable?
|-damage|p2a: Clefable?|63/100
|
|upkeep
|turn|47
|-message|BrainOffHeadEmpty forfeited.
|
|win|stone douchebag
|raw|BrainOffHeadEmpty's rating: 1432 &rarr; <strong>1412</strong><br />(-20 for losing)
|raw|stone douchebag's rating: 1429 &rarr; <strong>1449</strong><br />(+20 for winning)
|l|☆BrainOffHeadEmpty
|player|p1|
|l|☆stone douchebag
|player|p2|
