|j|☆SkibidiPoopyButt
|j|☆oreki350
|t:|1779903243
|gametype|singles
|player|p1|SkibidiPoopyButt|hilbert|1133
|player|p2|oreki350|1|1125
|gen|9
|tier|[Gen 9] OU
|rated|
|rule|HP Percentage Mod: HP is shown in percentages
|rule|Endless Battle Clause: Forcing endless battles is banned
|rule|Species Clause: Limit one of each Pokémon
|rule|OHKO Clause: OHKO moves are banned
|rule|Evasion Items Clause: Evasion items are banned
|rule|Evasion Moves Clause: Evasion moves are banned
|rule|Evasion Abilities Clause: Evasion abilities are banned
|rule|Sleep Moves Clause: Sleep-inducing moves are banned
|clearpoke
|poke|p1|Serperior, M|
|poke|p1|Galvantula, M|
|poke|p1|Krookodile, M|
|poke|p1|Haxorus, M|
|poke|p1|Braviary, M|
|poke|p1|Chandelure, M|
|poke|p2|Arcanine-Hisui, M|
|poke|p2|Squawkabilly, F|
|poke|p2|Minior|
|poke|p2|Bellibolt, F|
|poke|p2|Scyther, F|
|poke|p2|Cinccino, M|
|teampreview
|inactive|Battle timer is ON: inactive players will automatically lose when time's up. (requested by oreki350)
|
|t:|1779903261
|teamsize|p1|6
|teamsize|p2|6
|start
|switch|p1a: Galvantula|Galvantula, M|100/100
|switch|p2a: Squawkabilly|Squawkabilly, F|100/100
|-ability|p2a: Squawkabilly|Intimidate|boost
|-unboost|p1a: Galvantula|atk|1
|turn|1
|
|t:|1779903271
|move|p2a: Squawkabilly|Parting Shot|p1a: Galvantula
|-unboost|p1a: Galvantula|atk|1
|-unboost|p1a: Galvantula|spa|1
|
|t:|1779903273
|switch|p2a: Cinccino|Cinccino, M|100/100|[from] Parting Shot
|move|p1a: Galvantula|Thunder|p2a: Cinccino
|-damage|p2a: Cinccino|50/100
|-status|p2a: Cinccino|par
|
|upkeep
|turn|2
|
|t:|1779903280
|move|p1a: Galvantula|Sticky Web|p2a: Cinccino
|-sidestart|p2: oreki350|move: Sticky Web
|move|p2a: Cinccino|Tail Slap|p1a: Galvantula
|-damage|p1a: Galvantula|73/100
|-damage|p1a: Galvantula|44/100
|-damage|p1a: Galvantula|15/100
|-damage|p1a: Galvantula|0 fnt
|faint|p1a: Galvantula
|-hitcount|p1: Galvantula|4
|
|upkeep
|
|t:|1779903297
|switch|p1a: Krookodile|Krookodile, M|100/100
|turn|3
|
|t:|1779903316
|move|p1a: Krookodile|Earthquake|p2a: Cinccino
|-damage|p2a: Cinccino|0 fnt
|faint|p2a: Cinccino
|-ability|p1a: Krookodile|Moxie|boost
|-boost|p1a: Krookodile|atk|1
|
|upkeep
|
|t:|1779903323
|switch|p2a: Scyther|Scyther, F|100/100
|turn|4
|
|t:|1779903332
|switch|p1a: Chandelure|Chandelure, M|100/100
|move|p2a: Scyther|Bug Bite|p1a: Chandelure
|-resisted|p1a: Chandelure
|-damage|p1a: Chandelure|87/100
|
|upkeep
|turn|5
|
|t:|1779903339
|-terastallize|p2a: Scyther|Ground
|move|p2a: Scyther|Swords Dance|p2a: Scyther
|-boost|p2a: Scyther|atk|2
|move|p1a: Chandelure|Fire Blast|p2a: Scyther
|-damage|p2a: Scyther|10/100
|-status|p2a: Scyther|brn
|
|-damage|p2a: Scyther|4/100 brn|[from] brn
|upkeep
|turn|6
|
|t:|1779903349
|move|p2a: Scyther|Dual Wingbeat|p1a: Chandelure
|-damage|p1a: Chandelure|50/100
|-damage|p1a: Chandelure|7/100
|-hitcount|p1a: Chandelure|2
|move|p1a: Chandelure|Fire Blast|p2a: Scyther|[miss]
|-miss|p1a: Chandelure|p2a: Scyther
|
|-damage|p2a: Scyther|0 fnt|[from] brn
|faint|p2a: Scyther
|upkeep
|
|t:|1779903370
|switch|p2a: Bellibolt|Bellibolt, F|100/100
|-activate|p2a: Bellibolt|move: Sticky Web
|-unboost|p2a: Bellibolt|spe|1
|turn|7
|
|t:|1779903374
|move|p1a: Chandelure|Fire Blast|p2a: Bellibolt
|-damage|p2a: Bellibolt|17/100
|-start|p2a: Bellibolt|Charge|Fire Blast|[from] ability: Electromorphosis
|move|p2a: Bellibolt|Chilling Water|p1a: Chandelure
|-supereffective|p1a: Chandelure
|-damage|p1a: Chandelure|0 fnt
|faint|p1a: Chandelure
|
|-heal|p2a: Bellibolt|23/100|[from] item: Leftovers
|upkeep
|
|t:|1779903378
|switch|p1a: Krookodile|Krookodile, M|100/100
|turn|8
|
|t:|1779903381
|move|p1a: Krookodile|Earthquake|p2a: Bellibolt
|-supereffective|p2a: Bellibolt
|-damage|p2a: Bellibolt|0 fnt
|faint|p2a: Bellibolt
|-ability|p1a: Krookodile|Moxie|boost
|-boost|p1a: Krookodile|atk|1
|
|upkeep
|
|t:|1779903387
|switch|p2a: Squawkabilly|Squawkabilly, F|100/100
|-ability|p2a: Squawkabilly|Intimidate|boost
|-unboost|p1a: Krookodile|atk|1
|turn|9
|inactive|oreki350 has 120 seconds left.
|
|t:|1779903425
|move|p2a: Squawkabilly|Brave Bird|p1a: Krookodile
|-damage|p1a: Krookodile|29/100
|-damage|p2a: Squawkabilly|75/100|[from] Recoil
|move|p1a: Krookodile|Stone Edge|p2a: Squawkabilly
|-supereffective|p2a: Squawkabilly
|-damage|p2a: Squawkabilly|0 fnt
|faint|p2a: Squawkabilly
|-ability|p1a: Krookodile|Moxie|boost
|-boost|p1a: Krookodile|atk|1
|
|upkeep
|
|t:|1779903434
|switch|p2a: Arcanine|Arcanine-Hisui, M|100/100
|-activate|p2a: Arcanine|move: Sticky Web
|-unboost|p2a: Arcanine|spe|1
|turn|10
|inactive|oreki350 has 120 seconds left.
|
|t:|1779903443
|move|p1a: Krookodile|Earthquake|p2a: Arcanine
|-supereffective|p2a: Arcanine
|-enditem|p2a: Arcanine|Focus Sash
|-damage|p2a: Arcanine|1/100
|move|p2a: Arcanine|Flame Charge|p1a: Krookodile
|-damage|p1a: Krookodile|0 fnt
|-boost|p2a: Arcanine|spe|1
|faint|p1a: Krookodile
|
|upkeep
|
|t:|1779903450
|switch|p1a: Serperior|Serperior, M|100/100
|turn|11
|
|t:|1779903454
|move|p1a: Serperior|Leaf Storm|p2a: Arcanine
|-damage|p2a: Arcanine|0 fnt
|-boost|p1a: Serperior|spa|2
|faint|p2a: Arcanine
|-damage|p1a: Serperior|91/100|[from] item: Life Orb
|
|upkeep
|
|t:|1779903456
|switch|p2a: Minior|Minior, shiny|100/100
|-formechange|p2a: Minior|Minior-Meteor||[from] ability: Shields Down
|turn|12
|
|t:|1779903483
|move|p1a: Serperior|Leaf Storm|p2a: Minior
|-damage|p2a: Minior|0 fnt
|-boost|p1a: Serperior|spa|2
|faint|p2a: Minior
|-damage|p1a: Serperior|81/100|[from] item: Life Orb
|
|win|SkibidiPoopyButt
|raw|SkibidiPoopyButt's rating: 1151 &rarr; <strong>1174</strong><br />(+23 for winning)
|raw|oreki350's rating: 1125 &rarr; <strong>1102</strong><br />(-23 for losing)
|l|☆SkibidiPoopyButt
|player|p1|
|l|☆oreki350
|player|p2|
