|j|‽MadKingKen
|j|☆monday2026
|t:|1779926501
|gametype|singles
|player|p1|MadKingKen|102|1141
|player|p2|monday2026|169|1147
|gen|9
|tier|[Gen 9] OU
|rated|
|rule|HP Percentage Mod: HP is shown in percentages
|rule|Endless Battle Clause: Forcing endless battles is banned
|rule|Species Clause: Limit one of each Pokémon
|rule|OHKO Clause: OHKO moves are banned
|rule|Evasion Items Clause: Evasion items are banned
|rule|Evasion Moves Clause: Evasion moves are banned
|rule|Evasion Abilities Clause: Evasion abilities are banned
|rule|Sleep Moves Clause: Sleep-inducing moves are banned
|clearpoke
|poke|p1|Weezing-Galar, M|
|poke|p1|Quagsire, F|
|poke|p1|Bastiodon, F|
|poke|p1|Regieleki|
|poke|p1|Sableye, M|
|poke|p1|Chansey, F|
|poke|p2|Hoopa-Unbound|
|poke|p2|Regidrago|
|poke|p2|Ditto|
|poke|p2|Dondozo, M|
|poke|p2|Tyranitar, M|
|poke|p2|Necrozma|
|teampreview
|
|t:|1779926527
|teamsize|p1|6
|teamsize|p2|6
|start
|switch|p1a: Sableye|Sableye, M|100/100
|switch|p2a: Hoopa|Hoopa-Unbound|100/100
|turn|1
|inactive|Battle timer is ON: inactive players will automatically lose when time's up. (requested by monday2026)
|
|t:|1779926540
|switch|p2a: Necrozma|Necrozma|100/100
|move|p1a: Sableye|Fake Out|p2a: Necrozma
|-damage|p2a: Necrozma|95/100
|
|-heal|p2a: Necrozma|100/100|[from] item: Leftovers
|upkeep
|turn|2
|
|t:|1779926549
|move|p2a: Necrozma|Stealth Rock|p1a: Sableye
|-sidestart|p1: MadKingKen|move: Stealth Rock
|move|p1a: Sableye|Foul Play|p2a: Necrozma
|-supereffective|p2a: Necrozma
|-damage|p2a: Necrozma|71/100
|
|-heal|p2a: Necrozma|77/100|[from] item: Leftovers
|upkeep
|turn|3
|
|t:|1779926559
|switch|p1a: Regieleki|Regieleki|100/100
|-damage|p1a: Regieleki|88/100|[from] Stealth Rock
|move|p2a: Necrozma|Charge Beam|p1a: Regieleki
|-resisted|p1a: Regieleki
|-damage|p1a: Regieleki|77/100
|-boost|p2a: Necrozma|spa|1
|
|-heal|p2a: Necrozma|83/100|[from] item: Leftovers
|upkeep
|turn|4
|
|t:|1779926573
|move|p1a: Regieleki|Rapid Spin|p2a: Necrozma
|-damage|p2a: Necrozma|74/100
|-boost|p1a: Regieleki|spe|1
|-sideend|p1: MadKingKen|Stealth Rock|[from] move: Rapid Spin|[of] p1a: Regieleki
|-damage|p1a: Regieleki|68/100|[from] item: Life Orb
|move|p2a: Necrozma|Photon Geyser|p1a: Regieleki
|-damage|p1a: Regieleki|0 fnt
|faint|p1a: Regieleki
|
|-heal|p2a: Necrozma|80/100|[from] item: Leftovers
|upkeep
|
|t:|1779926589
|switch|p1a: Weezing|Weezing-Galar, M|100/100
|-ability|p1a: Weezing|Neutralizing Gas
|turn|5
|
|t:|1779926599
|-terastallize|p1a: Weezing|Electric
|move|p2a: Necrozma|Photon Geyser|p1a: Weezing
|-damage|p1a: Weezing|12/100
|move|p1a: Weezing|Strange Steam|p2a: Necrozma
|-damage|p2a: Necrozma|24/100
|
|-heal|p2a: Necrozma|30/100|[from] item: Leftovers
|upkeep
|turn|6
|
|t:|1779926612
|move|p2a: Necrozma|Charge Beam|p1a: Weezing|[miss]
|-miss|p2a: Necrozma|p1a: Weezing
|move|p1a: Weezing|Strange Steam|p2a: Necrozma
|-damage|p2a: Necrozma|0 fnt
|faint|p2a: Necrozma
|
|upkeep
|
|t:|1779926629
|switch|p2a: Regidrago|Regidrago, shiny|100/100
|turn|7
|
|t:|1779926635
|-terastallize|p2a: Regidrago|Dragon
|move|p2a: Regidrago|Dragon Energy|p1a: Weezing
|-damage|p1a: Weezing|0 fnt
|faint|p1a: Weezing
|-end|p1a: Weezing|ability: Neutralizing Gas
|
|upkeep
|
|t:|1779926643
|switch|p1a: Bastiodon|Bastiodon, F|100/100
|turn|8
|
|t:|1779926648
|switch|p2a: Dondozo|Dondozo, M|100/100
|move|p1a: Bastiodon|Curse|p1a: Bastiodon
|-unboost|p1a: Bastiodon|spe|1
|-boost|p1a: Bastiodon|atk|1
|-boost|p1a: Bastiodon|def|1
|
|upkeep
|turn|9
|
|t:|1779926656
|move|p2a: Dondozo|Earthquake|p1a: Bastiodon
|-supereffective|p1a: Bastiodon
|-damage|p1a: Bastiodon|0 fnt
|faint|p1a: Bastiodon
|
|upkeep
|
|t:|1779926663
|switch|p1a: Sableye|Sableye, M|100/100
|turn|10
|
|t:|1779926668
|move|p1a: Sableye|Fake Out|p2a: Dondozo
|-damage|p2a: Dondozo|96/100
|cant|p2a: Dondozo|flinch
|
|upkeep
|turn|11
|
|t:|1779926672
|move|p1a: Sableye|Will-O-Wisp|p2a: Dondozo
|-status|p2a: Dondozo|brn
|move|p2a: Dondozo|Earthquake|p1a: Sableye
|-damage|p1a: Sableye|65/100
|-enditem|p1a: Sableye|Eject Button
|
|t:|1779926678
|switch|p1a: Chansey|Chansey, F|100/100
|
|-damage|p2a: Dondozo|90/100 brn|[from] brn
|upkeep
|turn|12
|
|t:|1779926685
|switch|p2a: Tyranitar|Tyranitar, M|100/100
|-weather|Sandstorm|[from] ability: Sand Stream|[of] p2a: Tyranitar
|move|p1a: Chansey|Seismic Toss|p2a: Tyranitar
|-damage|p2a: Tyranitar|71/100
|
|-weather|Sandstorm|[upkeep]
|-damage|p1a: Chansey|94/100|[from] Sandstorm
|upkeep
|turn|13
|
|t:|1779926698
|move|p2a: Tyranitar|Knock Off|p1a: Chansey
|-damage|p1a: Chansey|67/100
|-enditem|p1a: Chansey|Eviolite|[from] move: Knock Off|[of] p2a: Tyranitar
|move|p1a: Chansey|Seismic Toss|p2a: Tyranitar
|-damage|p2a: Tyranitar|42/100
|
|-weather|Sandstorm|[upkeep]
|-damage|p1a: Chansey|61/100|[from] Sandstorm
|upkeep
|turn|14
|
|t:|1779926715
|move|p2a: Tyranitar|Stone Edge|p1a: Chansey
|-damage|p1a: Chansey|18/100
|move|p1a: Chansey|Soft-Boiled|p1a: Chansey
|-heal|p1a: Chansey|68/100
|
|-weather|Sandstorm|[upkeep]
|-damage|p1a: Chansey|62/100|[from] Sandstorm
|upkeep
|turn|15
|
|t:|1779926722
|move|p2a: Tyranitar|Stone Edge|p1a: Chansey|[miss]
|-miss|p2a: Tyranitar|p1a: Chansey
|move|p1a: Chansey|Seismic Toss|p2a: Tyranitar
|-damage|p2a: Tyranitar|13/100
|
|-weather|Sandstorm|[upkeep]
|-damage|p1a: Chansey|55/100|[from] Sandstorm
|upkeep
|turn|16
|
|t:|1779926729
|move|p2a: Tyranitar|Stone Edge|p1a: Chansey
|-damage|p1a: Chansey|11/100
|move|p1a: Chansey|Soft-Boiled|p1a: Chansey
|-heal|p1a: Chansey|61/100
|
|-weather|none
|upkeep
|turn|17
|
|t:|1779926735
|move|p2a: Tyranitar|Stone Edge|p1a: Chansey
|-damage|p1a: Chansey|18/100
|move|p1a: Chansey|Seismic Toss|p2a: Tyranitar
|-damage|p2a: Tyranitar|0 fnt
|faint|p2a: Tyranitar
|
|upkeep
|
|t:|1779926742
|switch|p2a: Regidrago|Regidrago, shiny, tera:Dragon|100/100
|turn|18
|
|t:|1779926746
|move|p1a: Chansey|Protect|p1a: Chansey
|-singleturn|p1a: Chansey|Protect
|move|p2a: Regidrago|Dragon Energy|p1a: Chansey
|-activate|p1a: Chansey|move: Protect
|
|upkeep
|turn|19
|
|t:|1779926771
|move|p2a: Regidrago|Dragon Energy|p1a: Chansey
|-damage|p1a: Chansey|0 fnt
|faint|p1a: Chansey
|
|upkeep
|
|t:|1779926781
|switch|p1a: Sableye|Sableye, M|65/100
|turn|20
|
|t:|1779926784
|move|p1a: Sableye|Fake Out|p2a: Regidrago
|-damage|p2a: Regidrago|93/100
|cant|p2a: Regidrago|flinch
|
|upkeep
|turn|21
|
|t:|1779926789
|move|p1a: Sableye|Recover|p1a: Sableye
|-heal|p1a: Sableye|100/100
|move|p2a: Regidrago|Dragon Energy|p1a: Sableye
|-crit|p1a: Sableye
|-damage|p1a: Sableye|0 fnt
|faint|p1a: Sableye
|
|upkeep
|
|t:|1779926795
|switch|p1a: Quagsire|Quagsire, F|100/100
|turn|22
|
|t:|1779926799
|move|p2a: Regidrago|Dragon Energy|p1a: Quagsire
|-damage|p1a: Quagsire|0 fnt
|faint|p1a: Quagsire
|
|win|monday2026
|raw|MadKingKen's rating: 1141 &rarr; <strong>1116</strong><br />(-25 for losing)
|raw|monday2026's rating: 1147 &rarr; <strong>1172</strong><br />(+25 for winning)
|l|‽MadKingKen
|player|p1|
