|j|☆TalesOfZodiac
|j|☆Exceperojo
|t:|1779952090
|gametype|singles
|player|p1|TalesOfZodiac|102|1348
|player|p2|Exceperojo|lillie-masters|1318
|gen|9
|tier|[Gen 9] OU
|rated|
|rule|HP Percentage Mod: HP is shown in percentages
|rule|Endless Battle Clause: Forcing endless battles is banned
|rule|Species Clause: Limit one of each Pokémon
|rule|OHKO Clause: OHKO moves are banned
|rule|Evasion Items Clause: Evasion items are banned
|rule|Evasion Moves Clause: Evasion moves are banned
|rule|Evasion Abilities Clause: Evasion abilities are banned
|rule|Sleep Moves Clause: Sleep-inducing moves are banned
|clearpoke
|poke|p1|Ogerpon-Cornerstone, F|
|poke|p1|Kingambit, M|
|poke|p1|Zoroark-Hisui, F|
|poke|p1|Great Tusk|
|poke|p1|Rotom-Wash|
|poke|p1|Iron Valiant|
|poke|p2|Pawmot, F|
|poke|p2|Kingambit, F|
|poke|p2|Ceruledge, F|
|poke|p2|Corviknight, M|
|poke|p2|Zapdos|
|poke|p2|Meowscarada, M|
|teampreview
|inactive|Battle timer is ON: inactive players will automatically lose when time's up. (requested by Exceperojo)
|inactive|TalesOfZodiac has 120 seconds left.
|
|t:|1779952130
|teamsize|p1|6
|teamsize|p2|6
|start
|switch|p1a: Iron Valiant|Iron Valiant|100/100
|switch|p2a: Corviknight|Corviknight, M|100/100
|-enditem|p1a: Iron Valiant|Booster Energy
|-activate|p1a: Iron Valiant|ability: Quark Drive|[fromitem]
|-start|p1a: Iron Valiant|quarkdrivespe
|turn|1
|
|t:|1779952147
|move|p1a: Iron Valiant|Thunderbolt|p2a: Corviknight
|-supereffective|p2a: Corviknight
|-damage|p2a: Corviknight|40/100
|move|p2a: Corviknight|Brave Bird|p1a: Iron Valiant
|-supereffective|p1a: Iron Valiant
|-damage|p1a: Iron Valiant|9/100
|-damage|p2a: Corviknight|18/100|[from] Recoil
|
|upkeep
|turn|2
|
|t:|1779952163
|move|p1a: Iron Valiant|Moonblast|p2a: Corviknight
|-resisted|p2a: Corviknight
|-damage|p2a: Corviknight|0 fnt
|faint|p2a: Corviknight
|
|upkeep
|
|t:|1779952166
|switch|p2a: Charlotte|Ceruledge, F, shiny|100/100
|turn|3
|
|t:|1779952173
|-end|p1a: Iron Valiant|Quark Drive|[silent]
|switch|p1a: Kingambit|Kingambit, M|100/100
|move|p2a: Charlotte|Shadow Sneak|p1a: Kingambit
|-immune|p1a: Kingambit
|
|upkeep
|turn|4
|
|t:|1779952184
|move|p1a: Kingambit|Shadow Ball|p2a: Charlotte
|-supereffective|p2a: Charlotte
|-enditem|p2a: Charlotte|Focus Sash
|-damage|p2a: Charlotte|1/100
|-damage|p1a: Kingambit|91/100|[from] item: Life Orb
|move|p2a: Charlotte|Close Combat|p1a: Kingambit
|-immune|p1a: Kingambit
|
|upkeep
|turn|5
|c|☆Exceperojo|Wow, that's what I get for not paying attention
|inactive|Exceperojo has 120 seconds left.
|
|t:|1779952215
|move|p1a: Kingambit|Shadow Ball|p2a: Charlotte
|-supereffective|p2a: Charlotte
|-damage|p2a: Charlotte|0 fnt
|faint|p2a: Charlotte
|-damage|p1a: Kingambit|81/100|[from] item: Life Orb
|
|upkeep
|
|t:|1779952217
|switch|p2a: Nate|Meowscarada, M, shiny|100/100
|turn|6
|c|☆TalesOfZodiac|yeahh
|c|☆TalesOfZodiac|it's early in the day tho
|
|t:|1779952227
|switch|p1a: Iron Valiant|Iron Valiant|9/100
|move|p2a: Nate|Knock Off|p1a: Iron Valiant
|-start|p2a: Nate|typechange|Dark|[from] ability: Protean
|-resisted|p1a: Iron Valiant
|-damage|p1a: Iron Valiant|0 fnt
|faint|p1a: Iron Valiant
|-end|p1a: Iron Valiant|Quark Drive|[silent]
|
|upkeep
|c|☆Exceperojo|Yeah tru
|
|t:|1779952247
|switch|p1a: Great Tusk|Great Tusk|100/100
|-enditem|p1a: Great Tusk|Booster Energy
|-activate|p1a: Great Tusk|ability: Protosynthesis|[fromitem]
|-start|p1a: Great Tusk|protosynthesisatk
|turn|7
|c|☆Exceperojo|Not that that's an excuse, I've been awake since 6 so
|
|t:|1779952263
|move|p2a: Nate|Triple Axel|p1a: Great Tusk
|-supereffective|p1a: Great Tusk
|-damage|p1a: Great Tusk|93/100
|-supereffective|p1a: Great Tusk
|-damage|p1a: Great Tusk|76/100
|-supereffective|p1a: Great Tusk
|-damage|p1a: Great Tusk|55/100
|-hitcount|p1a: Great Tusk|3
|move|p1a: Great Tusk|Headlong Rush|p2a: Nate
|-enditem|p2a: Nate|Focus Sash
|-damage|p2a: Nate|1/100
|-unboost|p1a: Great Tusk|def|1
|-unboost|p1a: Great Tusk|spd|1
|
|upkeep
|turn|8
|c|☆TalesOfZodiac|xD
|inactive|TalesOfZodiac has 120 seconds left.
|
|t:|1779952302
|-end|p1a: Great Tusk|Protosynthesis|[silent]
|switch|p1a: Kingambit|Kingambit, M|100/100
|move|p2a: Nate|Triple Axel|p1a: Kingambit
|-resisted|p1a: Kingambit
|-damage|p1a: Kingambit|98/100
|-resisted|p1a: Kingambit
|-damage|p1a: Kingambit|94/100
|-resisted|p1a: Kingambit
|-damage|p1a: Kingambit|87/100
|-hitcount|p1a: Kingambit|3
|
|upkeep
|turn|9
|
|t:|1779952311
|move|p1a: Kingambit|Sucker Punch|p2a: Nate
|-resisted|p2a: Nate
|-damage|p2a: Nate|0 fnt
|faint|p2a: Nate
|
|upkeep
|
|t:|1779952321
|switch|p2a: Zapdos|Zapdos|100/100
|turn|10
|inactive|TalesOfZodiac has 120 seconds left.
|c|☆TalesOfZodiac|so how does pawmot work with fallen 5? does it go to 6?
|
|t:|1779952346
|switch|p1a: Rotom|Rotom-Wash|100/100
|move|p2a: Zapdos|Heat Wave|p1a: Rotom
|-resisted|p1a: Rotom
|-damage|p1a: Rotom|83/100
|
|upkeep
|turn|11
|c|☆Exceperojo|You mean with revival blessing?
|c|☆TalesOfZodiac|ye
|c|☆Exceperojo|I think so ye, but that's not how I usually use it
|inactive|Exceperojo has 120 seconds left.
|c|☆TalesOfZodiac|ah
|
|t:|1779952379
|switch|p2a: Kingambit|Kingambit, F|100/100
|-activate|p2a: Kingambit|ability: Supreme Overlord
|-start|p2a: Kingambit|fallen3|[silent]
|move|p1a: Rotom|Hydro Pump|p2a: Kingambit
|-damage|p2a: Kingambit|74/100
|
|upkeep
|turn|12
|
|t:|1779952389
|move|p1a: Rotom|Volt Switch|p2a: Kingambit
|-damage|p2a: Kingambit|57/100
|
|t:|1779952394
|switch|p1a: Great Tusk|Great Tusk|55/100|[from] Volt Switch
|move|p2a: Kingambit|Kowtow Cleave|p1a: Great Tusk
|-resisted|p1a: Great Tusk
|-damage|p1a: Great Tusk|37/100
|
|upkeep
|turn|13
|inactive|TalesOfZodiac has 120 seconds left.
|
|t:|1779952407
|-end|p2a: Kingambit|fallen3|[silent]
|switch|p2a: Zapdos|Zapdos|100/100
|move|p1a: Great Tusk|Headlong Rush|p2a: Zapdos
|-immune|p2a: Zapdos
|
|upkeep
|turn|14
|
|t:|1779952413
|move|p1a: Great Tusk|Ice Spinner|p2a: Zapdos
|-supereffective|p2a: Zapdos
|-damage|p2a: Zapdos|53/100
|-status|p1a: Great Tusk|par|[from] ability: Static|[of] p2a: Zapdos
|move|p2a: Zapdos|Hurricane|p1a: Great Tusk
|-supereffective|p1a: Great Tusk
|-damage|p1a: Great Tusk|0 fnt
|faint|p1a: Great Tusk
|-end|p1a: Great Tusk|Protosynthesis|[silent]
|
|upkeep
|
|t:|1779952422
|switch|p1a: Rotom|Rotom-Wash|83/100
|turn|15
|c|☆Exceperojo|Yippe, the biggest threat against kingambit is gone
|
|t:|1779952442
|move|p2a: Zapdos|Hurricane|p1a: Rotom|[miss]
|-miss|p2a: Zapdos|p1a: Rotom
|move|p1a: Rotom|Thunderbolt|p2a: Zapdos
|-damage|p2a: Zapdos|21/100
|
|upkeep
|turn|16
|inactive|TalesOfZodiac has 120 seconds left.
|c|☆TalesOfZodiac|no.. I think tusk takes his damage best- but not the biggest threat-
|
|t:|1779952475
|move|p2a: Zapdos|Hurricane|p1a: Rotom
|-resisted|p1a: Rotom
|-damage|p1a: Rotom|53/100
|-start|p1a: Rotom|confusion
|-activate|p1a: Rotom|confusion
|-damage|p1a: Rotom|49/100|[from] confusion
|
|upkeep
|turn|17
|inactive|TalesOfZodiac has 120 seconds left.
|c|☆Exceperojo|Oh no it definitely is
|
|t:|1779952498
|move|p2a: Zapdos|Hurricane|p1a: Rotom
|-resisted|p1a: Rotom
|-damage|p1a: Rotom|22/100
|-activate|p1a: Rotom|confusion
|move|p1a: Rotom|Thunderbolt|p2a: Zapdos
|-damage|p2a: Zapdos|0 fnt
|faint|p2a: Zapdos
|
|upkeep
|
|t:|1779952508
|switch|p2a: Kingambit|Kingambit, F|57/100
|-activate|p2a: Kingambit|ability: Supreme Overlord
|-start|p2a: Kingambit|fallen4|[silent]
|turn|18
|c|☆TalesOfZodiac|I don't run cc on him tho? so far oger has been the gambit killer-
|inactive|TalesOfZodiac has 120 seconds left.
|
|t:|1779952526
|move|p2a: Kingambit|Sucker Punch|p1a: Rotom
|-damage|p1a: Rotom|0 fnt
|faint|p1a: Rotom
|
|upkeep
|
|t:|1779952529
|switch|p1a: Ogerpon|Ogerpon-Cornerstone, F|100/100
|turn|19
|inactive|TalesOfZodiac has 120 seconds left.
|c|☆Exceperojo|Huh, did not see it was corner stone
|
|t:|1779952553
|move|p2a: Kingambit|Sucker Punch|p1a: Ogerpon
|-damage|p1a: Ogerpon|29/100
|move|p1a: Ogerpon|Low Kick|p2a: Kingambit
|-supereffective|p2a: Kingambit
|-damage|p2a: Kingambit|0 fnt
|faint|p2a: Kingambit
|-end|p2a: Kingambit|fallen4|[silent]
|
|upkeep
|
|t:|1779952560
|switch|p2a: Magi|Pawmot, F|100/100
|turn|20
|inactive|TalesOfZodiac has 120 seconds left.
|c|☆Exceperojo|Ah now I get why you said so
|c|☆TalesOfZodiac|but ur right if tera flying gambit or fairy then I die to the second sucker..
|c|☆TalesOfZodiac|hm
|c|☆TalesOfZodiac|maybe tusk is a better answer after all
|inactive|TalesOfZodiac has 90 seconds left.
|
|t:|1779952603
|move|p2a: Magi|Fake Out|p1a: Ogerpon
|-resisted|p1a: Ogerpon
|-damage|p1a: Ogerpon|21/100
|cant|p1a: Ogerpon|flinch
|
|upkeep
|turn|21
|c|☆Exceperojo|It's a huge pain to get rid of with kingambit
|c|☆Exceperojo|type advantage and all
|c|☆TalesOfZodiac|teach grass knot to any mon
|inactive|Exceperojo has 120 seconds left.
|
|t:|1779952635
|move|p1a: Ogerpon|Horn Leech|p2a: Magi
|-damage|p2a: Magi|33/100
|-heal|p1a: Ogerpon|50/100|[from] drain|[of] p2a: Magi
|move|p2a: Magi|Revival Blessing|p2a: Magi
|
|t:|1779952640
|-heal|p2: Kingambit|50/100|[from] move: Revival Blessing
|
|upkeep
|turn|22
|c|☆TalesOfZodiac|it falls over unless with av
|c|☆TalesOfZodiac|oh you DO run revival blessing hehe
|c|☆TalesOfZodiac|let's go
|inactive|TalesOfZodiac has 90 seconds left.
|
|t:|1779952661
|move|p1a: Ogerpon|Horn Leech|p2a: Magi
|-damage|p2a: Magi|0 fnt
|-heal|p1a: Ogerpon|64/100|[from] drain|[of] p2a: Magi
|faint|p2a: Magi
|
|upkeep
|c|☆Exceperojo|Yezzir
|
|t:|1779952672
|switch|p2a: Kingambit|Kingambit, F|50/100
|-activate|p2a: Kingambit|ability: Supreme Overlord
|-start|p2a: Kingambit|fallen5|[silent]
|turn|23
|inactive|TalesOfZodiac has 90 seconds left.
|inactive|Exceperojo has 120 seconds left.
|
|t:|1779952689
|move|p2a: Kingambit|Sucker Punch|p1a: Ogerpon
|-damage|p1a: Ogerpon|0 fnt
|faint|p1a: Ogerpon
|
|upkeep
|inactive|TalesOfZodiac has 90 seconds left.
|
|t:|1779952695
|switch|p1a: Kingambit|Kingambit, M|81/100
|turn|24
|inactive|Exceperojo has 120 seconds left.
|c|☆Exceperojo|Now which of the two is it
|c|☆TalesOfZodiac|shrug
|inactive|Exceperojo has 90 seconds left.
|c|☆TalesOfZodiac|do you run low kick tho
|c|☆Exceperojo|nope
|c|☆TalesOfZodiac|am I will o maybe
|c|☆TalesOfZodiac|xd
|
|t:|1779952761
|-terastallize|p2a: Kingambit|Ghost
|move|p1a: Kingambit|Flamethrower|p2a: Kingambit
|-damage|p2a: Kingambit|24/100
|-damage|p1a: Kingambit|71/100|[from] item: Life Orb
|move|p2a: Kingambit|Brick Break|p1a: Kingambit
|-immune|p1a: Kingambit
|
|upkeep
|turn|25
|c|☆TalesOfZodiac|evil 50 50
|
|t:|1779952772
|move|p2a: Kingambit|Sucker Punch|p1a: Kingambit
|-supereffective|p1a: Kingambit
|-damage|p1a: Kingambit|0 fnt
|replace|p1a: Zoroark|Zoroark-Hisui, F
|-end|p1a: Zoroark|Illusion
|faint|p1a: Zoroark
|
|upkeep
|c|☆Exceperojo|Fuck
|
|t:|1779952775
|switch|p1a: Kingambit|Kingambit, M|87/100
|turn|26
|c|☆Exceperojo|I thought it was kinggambit, cuz of the hp
|
|t:|1779952798
|move|p1a: Kingambit|Sucker Punch|p2a: Kingambit
|-supereffective|p2a: Kingambit
|-damage|p2a: Kingambit|0 fnt
|faint|p2a: Kingambit
|-end|p2a: Kingambit|fallen5|[silent]
|
|win|TalesOfZodiac
|raw|TalesOfZodiac's rating: 1348 &rarr; <strong>1366</strong><br />(+18 for winning)
|raw|Exceperojo's rating: 1318 &rarr; <strong>1300</strong><br />(-18 for losing)
|c|☆TalesOfZodiac|yeah that worked out insanely well..
|c|☆TalesOfZodiac|gg  <3
|c|☆Exceperojo|Gg
|l|☆Exceperojo
|player|p2|
|l|☆TalesOfZodiac
|player|p1|
