|j|☆qwp1027
|j|☆togekaiser
|t:|1779800359
|gametype|singles
|player|p1|qwp1027|pokemonrangerf-gen4|1430
|player|p2|togekaiser|wattson|1462
|gen|9
|tier|[Gen 9] OU
|rated|
|rule|HP Percentage Mod: HP is shown in percentages
|rule|Endless Battle Clause: Forcing endless battles is banned
|rule|Species Clause: Limit one of each Pokémon
|rule|OHKO Clause: OHKO moves are banned
|rule|Evasion Items Clause: Evasion items are banned
|rule|Evasion Moves Clause: Evasion moves are banned
|rule|Evasion Abilities Clause: Evasion abilities are banned
|rule|Sleep Moves Clause: Sleep-inducing moves are banned
|clearpoke
|poke|p1|Slither Wing|
|poke|p1|Ursaluna, M|
|poke|p1|Torkoal, M|
|poke|p1|Hatterene, F|
|poke|p1|Farigiraf, M|
|poke|p1|Mimikyu, F|
|poke|p2|Darkrai|
|poke|p2|Slowking-Galar, M|
|poke|p2|Great Tusk|
|poke|p2|Ogerpon, F|
|poke|p2|Skarmory, M|
|poke|p2|Alomomola, F|
|teampreview
|
|t:|1779800374
|teamsize|p1|6
|teamsize|p2|6
|start
|switch|p1a: Hatterene|Hatterene, F|100/100
|switch|p2a: Slowking|Slowking-Galar, M|100/100
|turn|1
|
|t:|1779800385
|move|p2a: Slowking|Sludge Bomb|p1a: Hatterene
|-supereffective|p1a: Hatterene
|-crit|p1a: Hatterene
|-enditem|p1a: Hatterene|Focus Sash
|-damage|p1a: Hatterene|1/100
|-status|p1a: Hatterene|psn
|move|p1a: Hatterene|Trick Room|p1a: Hatterene
|-fieldstart|move: Trick Room|[of] p1a: Hatterene
|
|-damage|p1a: Hatterene|0 fnt|[from] psn
|faint|p1a: Hatterene
|upkeep
|
|t:|1779800388
|switch|p1a: Ursaluna|Ursaluna, M|100/100
|turn|2
|
|t:|1779800399
|switch|p2a: Skarmory|Skarmory, M|100/100
|move|p1a: Ursaluna|Swords Dance|p1a: Ursaluna
|-boost|p1a: Ursaluna|atk|2
|
|-status|p1a: Ursaluna|brn|[from] item: Flame Orb
|upkeep
|turn|3
|
|t:|1779800413
|move|p1a: Ursaluna|Crunch|p2a: Skarmory
|-damage|p2a: Skarmory|43/100
|-damage|p1a: Ursaluna|84/100 brn|[from] item: Rocky Helmet|[of] p2a: Skarmory
|move|p2a: Skarmory|Whirlwind|p1a: Ursaluna
|drag|p1a: Slither Wing|Slither Wing|100/100
|
|upkeep
|turn|4
|
|t:|1779800447
|-terastallize|p2a: Skarmory|Dragon
|move|p2a: Skarmory|Roost|p2a: Skarmory
|-heal|p2a: Skarmory|93/100
|move|p1a: Slither Wing|Flare Blitz|p2a: Skarmory
|-resisted|p2a: Skarmory
|-damage|p2a: Skarmory|74/100
|-damage|p1a: Slither Wing|84/100|[from] item: Rocky Helmet|[of] p2a: Skarmory
|-damage|p1a: Slither Wing|78/100|[from] Recoil
|
|upkeep
|turn|5
|
|t:|1779800453
|-end|p1a: Slither Wing|Protosynthesis|[silent]
|switch|p1a: Ursaluna|Ursaluna, M|84/100 brn
|move|p2a: Skarmory|Spikes|p1a: Ursaluna
|-sidestart|p1: qwp1027|Spikes
|
|-damage|p1a: Ursaluna|78/100 brn|[from] brn
|-fieldend|move: Trick Room
|upkeep
|turn|6
|
|t:|1779800500
|switch|p2a: Slowking|Slowking-Galar, M|100/100
|-terastallize|p1a: Ursaluna|Normal
|move|p1a: Ursaluna|Facade|p2a: Slowking
|-damage|p2a: Slowking|0 fnt
|faint|p2a: Slowking
|
|-damage|p1a: Ursaluna|72/100 brn|[from] brn
|upkeep
|
|t:|1779800525
|switch|p2a: Darkrai|Darkrai|100/100
|turn|7
|
|t:|1779800538
|switch|p1a: Slither Wing|Slither Wing|78/100
|-damage|p1a: Slither Wing|65/100|[from] Spikes
|move|p2a: Darkrai|Focus Blast|p1a: Slither Wing|[miss]
|-miss|p2a: Darkrai|p1a: Slither Wing
|
|upkeep
|turn|8
|
|t:|1779800547
|switch|p2a: Skarmory|Skarmory, M, tera:Dragon|74/100
|move|p1a: Slither Wing|U-turn|p2a: Skarmory
|-damage|p2a: Skarmory|34/100
|-damage|p1a: Slither Wing|49/100|[from] item: Rocky Helmet|[of] p2a: Skarmory
|
|t:|1779800551
|-end|p1a: Slither Wing|Protosynthesis|[silent]
|switch|p1a: Farigiraf|Farigiraf, M|100/100|[from] U-turn
|-damage|p1a: Farigiraf|88/100|[from] Spikes
|
|upkeep
|turn|9
|
|t:|1779800554
|move|p2a: Skarmory|Roost|p2a: Skarmory
|-heal|p2a: Skarmory|84/100
|move|p1a: Farigiraf|Trick Room|p1a: Farigiraf
|-fieldstart|move: Trick Room|[of] p1a: Farigiraf
|
|upkeep
|turn|10
|
|t:|1779800563
|move|p1a: Farigiraf|Nasty Plot|p1a: Farigiraf
|-boost|p1a: Farigiraf|spa|2
|move|p2a: Skarmory|Body Press|p1a: Farigiraf
|-damage|p1a: Farigiraf|54/100
|
|upkeep
|turn|11
|
|t:|1779800565
|switch|p2a: Alomomola|Alomomola, F|100/100
|move|p1a: Farigiraf|Hyper Voice|p2a: Alomomola
|-damage|p2a: Alomomola|58/100
|-enditem|p1a: Farigiraf|Throat Spray
|-boost|p1a: Farigiraf|spa|1|[from] item: Throat Spray
|
|upkeep
|turn|12
|
|t:|1779800569
|move|p1a: Farigiraf|Hyper Voice|p2a: Alomomola
|-damage|p2a: Alomomola|5/100
|move|p2a: Alomomola|Mirror Coat|p1a: Farigiraf
|-damage|p1a: Farigiraf|0 fnt
|faint|p1a: Farigiraf
|
|upkeep
|
|t:|1779800575
|switch|p1a: Slither Wing|Slither Wing|49/100
|-damage|p1a: Slither Wing|36/100|[from] Spikes
|turn|13
|
|t:|1779800577
|switch|p2a: Skarmory|Skarmory, M, tera:Dragon|84/100
|move|p1a: Slither Wing|U-turn|p2a: Skarmory
|-damage|p2a: Skarmory|45/100
|-damage|p1a: Slither Wing|20/100|[from] item: Rocky Helmet|[of] p2a: Skarmory
|
|t:|1779800579
|-end|p1a: Slither Wing|Protosynthesis|[silent]
|switch|p1a: Ursaluna|Ursaluna, M, tera:Normal|72/100 brn|[from] U-turn
|-damage|p1a: Ursaluna|59/100 brn|[from] Spikes
|
|-damage|p1a: Ursaluna|53/100 brn|[from] brn
|-fieldend|move: Trick Room
|upkeep
|turn|14
|
|t:|1779800584
|move|p2a: Skarmory|Body Press|p1a: Ursaluna
|-supereffective|p1a: Ursaluna
|-damage|p1a: Ursaluna|8/100 brn
|move|p1a: Ursaluna|Facade|p2a: Skarmory
|-damage|p2a: Skarmory|0 fnt
|-damage|p1a: Ursaluna|0 fnt|[from] item: Rocky Helmet|[of] p2a: Skarmory
|faint|p2a: Skarmory
|faint|p1a: Ursaluna
|
|upkeep
|
|t:|1779800596
|switch|p2a: Alomomola|Alomomola, F|38/100
|switch|p1a: Mimikyu|Mimikyu, F|100/100
|-damage|p1a: Mimikyu|88/100|[from] Spikes
|turn|15
|
|t:|1779800599
|move|p1a: Mimikyu|Play Rough|p2a: Alomomola
|-damage|p2a: Alomomola|0 fnt
|faint|p2a: Alomomola
|-damage|p1a: Mimikyu|78/100|[from] item: Life Orb
|
|upkeep
|
|t:|1779800603
|switch|p2a: Ogerpon|Ogerpon, F|100/100
|turn|16
|
|t:|1779800605
|move|p2a: Ogerpon|U-turn|p1a: Mimikyu
|-activate|p1a: Mimikyu|ability: Disguise
|-damage|p1a: Mimikyu|78/100
|detailschange|p1a: Mimikyu|Mimikyu-Busted, F
|-damage|p1a: Mimikyu|66/100|[from] pokemon: Mimikyu-Busted
|
|t:|1779800611
|switch|p2a: Darkrai|Darkrai|100/100|[from] U-turn
|move|p1a: Mimikyu|Trick Room|p1a: Mimikyu
|-fieldstart|move: Trick Room|[of] p1a: Mimikyu
|
|upkeep
|turn|17
|
|t:|1779800625
|switch|p2a: Ogerpon|Ogerpon, F|100/100
|move|p1a: Mimikyu|Destiny Bond|p1a: Mimikyu
|-singlemove|p1a: Mimikyu|Destiny Bond
|
|upkeep
|turn|18
|
|t:|1779800630
|switch|p1a: Slither Wing|Slither Wing|20/100
|-damage|p1a: Slither Wing|7/100|[from] Spikes
|move|p2a: Ogerpon|Ivy Cudgel|p1a: Slither Wing
|-resisted|p1a: Slither Wing
|-damage|p1a: Slither Wing|0 fnt
|faint|p1a: Slither Wing
|-end|p1a: Slither Wing|Protosynthesis|[silent]
|
|upkeep
|
|t:|1779800632
|switch|p1a: Torkoal|Torkoal, M|100/100
|-damage|p1a: Torkoal|88/100|[from] Spikes
|-weather|SunnyDay|[from] ability: Drought|[of] p1a: Torkoal
|turn|19
|
|t:|1779800645
|move|p1a: Torkoal|Flamethrower|p2a: Ogerpon
|-supereffective|p2a: Ogerpon
|-damage|p2a: Ogerpon|0 fnt
|faint|p2a: Ogerpon
|
|-weather|SunnyDay|[upkeep]
|upkeep
|
|t:|1779800648
|switch|p2a: Great Tusk|Great Tusk|100/100
|-activate|p2a: Great Tusk|ability: Protosynthesis
|-start|p2a: Great Tusk|protosynthesisatk
|turn|20
|
|t:|1779800661
|move|p1a: Torkoal|Flamethrower|p2a: Great Tusk
|-damage|p2a: Great Tusk|0 fnt
|faint|p2a: Great Tusk
|-end|p2a: Great Tusk|Protosynthesis|[silent]
|
|-weather|SunnyDay|[upkeep]
|-fieldend|move: Trick Room
|upkeep
|
|t:|1779800666
|switch|p2a: Darkrai|Darkrai|100/100
|turn|21
|
|t:|1779800685
|move|p2a: Darkrai|Dark Pulse|p1a: Torkoal
|-damage|p1a: Torkoal|0 fnt
|faint|p1a: Torkoal
|
|-weather|SunnyDay|[upkeep]
|upkeep
|
|t:|1779800687
|switch|p1a: Mimikyu|Mimikyu-Busted, F|66/100
|-damage|p1a: Mimikyu|54/100|[from] Spikes
|turn|22
|
|t:|1779800689
|move|p2a: Darkrai|Dark Pulse|p1a: Mimikyu
|-damage|p1a: Mimikyu|0 fnt
|faint|p1a: Mimikyu
|
|win|togekaiser
|raw|qwp1027's rating: 1430 &rarr; <strong>1412</strong><br />(-18 for losing)
|raw|togekaiser's rating: 1462 &rarr; <strong>1480</strong><br />(+18 for winning)
|l|☆qwp1027
|player|p1|
