|j|☆uminini
|j|☆claudechamp
|t:|1779881838
|gametype|singles
|player|p1|uminini|102|1290
|player|p2|claudechamp|169|1328
|gen|9
|tier|[Gen 9] OU
|rated|
|rule|HP Percentage Mod: HP is shown in percentages
|rule|Endless Battle Clause: Forcing endless battles is banned
|rule|Species Clause: Limit one of each Pokémon
|rule|OHKO Clause: OHKO moves are banned
|rule|Evasion Items Clause: Evasion items are banned
|rule|Evasion Moves Clause: Evasion moves are banned
|rule|Evasion Abilities Clause: Evasion abilities are banned
|rule|Sleep Moves Clause: Sleep-inducing moves are banned
|clearpoke
|poke|p1|Kingambit, F|
|poke|p1|Moltres|
|poke|p1|Gliscor, F|
|poke|p1|Raging Bolt|
|poke|p1|Great Tusk|
|poke|p1|Iron Valiant|
|poke|p2|Gliscor, M|
|poke|p2|Gholdengo|
|poke|p2|Zamazenta-*|
|poke|p2|Blissey, F|
|poke|p2|Skarmory, M|
|poke|p2|Pecharunt|
|teampreview
|c|☆claudechamp|hf
|inactive|Battle timer is ON: inactive players will automatically lose when time's up. (requested by claudechamp)
|
|t:|1779881843
|teamsize|p1|6
|teamsize|p2|6
|start
|switch|p1a: Garnet|Great Tusk|100/100
|switch|p2a: Skarmory|Skarmory, M|100/100
|turn|1
|
|t:|1779881850
|-end|p1a: Garnet|Protosynthesis|[silent]
|switch|p1a: Dumbledore|Moltres|100/100
|move|p2a: Skarmory|Spikes|p1a: Dumbledore
|-sidestart|p1: uminini|Spikes
|
|upkeep
|turn|2
|
|t:|1779881853
|move|p1a: Dumbledore|Flamethrower|p2a: Skarmory
|-supereffective|p2a: Skarmory
|-damage|p2a: Skarmory|2/100
|move|p2a: Skarmory|Spikes|p1a: Dumbledore
|-sidestart|p1: uminini|Spikes
|
|upkeep
|turn|3
|
|t:|1779881861
|switch|p2a: Blissey|Blissey, F|100/100
|move|p1a: Dumbledore|Flamethrower|p2a: Blissey
|-damage|p2a: Blissey|89/100
|
|upkeep
|turn|4
|
|t:|1779881865
|move|p1a: Dumbledore|U-turn|p2a: Blissey
|-damage|p2a: Blissey|73/100
|
|t:|1779881875
|switch|p1a: Cassie|Gliscor, F|100/100|[from] U-turn
|move|p2a: Blissey|Stealth Rock|p1a: Cassie
|-sidestart|p1: uminini|move: Stealth Rock
|
|-status|p1a: Cassie|tox|[from] item: Toxic Orb
|upkeep
|turn|5
|
|t:|1779881882
|move|p1a: Cassie|Toxic|p2a: Blissey
|-status|p2a: Blissey|tox
|move|p2a: Blissey|Calm Mind|p2a: Blissey
|-boost|p2a: Blissey|spa|1
|-boost|p2a: Blissey|spd|1
|
|-damage|p2a: Blissey|67/100 tox|[from] psn
|upkeep
|turn|6
|
|t:|1779881886
|-curestatus|p2a: Blissey|tox|[from] ability: Natural Cure|[silent]
|switch|p2a: Pecharunt|Pecharunt|100/100
|move|p1a: Cassie|Substitute|p1a: Cassie
|-start|p1a: Cassie|Substitute
|-damage|p1a: Cassie|76/100 tox
|
|-heal|p1a: Cassie|88/100 tox|[from] ability: Poison Heal
|upkeep
|turn|7
|
|t:|1779881897
|switch|p2a: Gliscor|Gliscor, M|100/100
|move|p1a: Cassie|Earthquake|p2a: Gliscor
|-immune|p2a: Gliscor
|
|-heal|p1a: Cassie|100/100 tox|[from] ability: Poison Heal
|-status|p2a: Gliscor|tox|[from] item: Toxic Orb
|upkeep
|turn|8
|
|t:|1779881907
|switch|p1a: Garnet|Great Tusk|100/100
|move|p2a: Gliscor|Knock Off|p1a: Garnet
|-resisted|p1a: Garnet
|-damage|p1a: Garnet|92/100
|-enditem|p1a: Garnet|Heavy-Duty Boots|[from] move: Knock Off|[of] p2a: Gliscor
|
|upkeep
|turn|9
|
|t:|1779881910
|move|p1a: Garnet|Ice Spinner|p2a: Gliscor
|-supereffective|p2a: Gliscor
|-damage|p2a: Gliscor|10/100 tox
|move|p2a: Gliscor|Swords Dance|p2a: Gliscor
|-boost|p2a: Gliscor|atk|2
|
|-heal|p2a: Gliscor|22/100 tox|[from] ability: Poison Heal
|upkeep
|turn|10
|
|t:|1779881916
|move|p2a: Gliscor|Protect|p2a: Gliscor
|-singleturn|p2a: Gliscor|Protect
|move|p1a: Garnet|Ice Spinner|p2a: Gliscor
|-activate|p2a: Gliscor|move: Protect
|
|-heal|p2a: Gliscor|35/100 tox|[from] ability: Poison Heal
|upkeep
|turn|11
|
|t:|1779881918
|switch|p2a: Pecharunt|Pecharunt|100/100
|move|p1a: Garnet|Ice Spinner|p2a: Pecharunt
|-damage|p2a: Pecharunt|88/100
|
|upkeep
|turn|12
|
|t:|1779881923
|move|p1a: Garnet|Headlong Rush|p2a: Pecharunt
|-supereffective|p2a: Pecharunt
|-damage|p2a: Pecharunt|30/100
|-unboost|p1a: Garnet|def|1
|-unboost|p1a: Garnet|spd|1
|move|p2a: Pecharunt|Recover|p2a: Pecharunt
|-heal|p2a: Pecharunt|80/100
|
|upkeep
|turn|13
|
|t:|1779881930
|move|p1a: Garnet|Headlong Rush|p2a: Pecharunt
|-supereffective|p2a: Pecharunt
|-damage|p2a: Pecharunt|26/100
|-unboost|p1a: Garnet|def|1
|-unboost|p1a: Garnet|spd|1
|move|p2a: Pecharunt|Recover|p2a: Pecharunt
|-heal|p2a: Pecharunt|76/100
|
|upkeep
|turn|14
|
|t:|1779881936
|-end|p1a: Garnet|Protosynthesis|[silent]
|switch|p1a: Cassie|Gliscor, F|100/100 tox
|-damage|p1a: Cassie|88/100 tox|[from] Stealth Rock
|move|p2a: Pecharunt|Shadow Ball|p1a: Cassie
|-damage|p1a: Cassie|55/100 tox
|
|-heal|p1a: Cassie|67/100 tox|[from] ability: Poison Heal
|upkeep
|turn|15
|
|t:|1779881947
|move|p1a: Cassie|Protect|p1a: Cassie
|-singleturn|p1a: Cassie|Protect
|move|p2a: Pecharunt|Recover|p2a: Pecharunt
|-heal|p2a: Pecharunt|100/100
|
|-heal|p1a: Cassie|80/100 tox|[from] ability: Poison Heal
|upkeep
|turn|16
|
|t:|1779881955
|switch|p2a: Gliscor|Gliscor, M|35/100 tox
|move|p1a: Cassie|Earthquake|p2a: Gliscor
|-immune|p2a: Gliscor
|
|-heal|p2a: Gliscor|47/100 tox|[from] ability: Poison Heal
|-heal|p1a: Cassie|92/100 tox|[from] ability: Poison Heal
|upkeep
|turn|17
|
|t:|1779881967
|switch|p2a: Pecharunt|Pecharunt|100/100
|move|p1a: Cassie|Substitute|p1a: Cassie
|-start|p1a: Cassie|Substitute
|-damage|p1a: Cassie|67/100 tox
|
|-heal|p1a: Cassie|80/100 tox|[from] ability: Poison Heal
|upkeep
|turn|18
|
|t:|1779881971
|switch|p2a: Gliscor|Gliscor, M|47/100 tox
|move|p1a: Cassie|Earthquake|p2a: Gliscor
|-immune|p2a: Gliscor
|
|-heal|p2a: Gliscor|60/100 tox|[from] ability: Poison Heal
|-heal|p1a: Cassie|92/100 tox|[from] ability: Poison Heal
|upkeep
|turn|19
|
|t:|1779881976
|switch|p2a: Pecharunt|Pecharunt|100/100
|move|p1a: Cassie|Protect||[still]
|-fail|p1a: Cassie
|
|-heal|p1a: Cassie|100/100 tox|[from] ability: Poison Heal
|upkeep
|turn|20
|
|t:|1779881980
|switch|p1a: Garnet|Great Tusk|92/100
|-damage|p1a: Garnet|76/100|[from] Spikes
|-damage|p1a: Garnet|73/100|[from] Stealth Rock
|switch|p2a: Gliscor|Gliscor, M|60/100 tox
|
|-heal|p2a: Gliscor|72/100 tox|[from] ability: Poison Heal
|upkeep
|turn|21
|
|t:|1779881985
|move|p2a: Gliscor|Protect|p2a: Gliscor
|-singleturn|p2a: Gliscor|Protect
|move|p1a: Garnet|Ice Spinner|p2a: Gliscor
|-activate|p2a: Gliscor|move: Protect
|
|-heal|p2a: Gliscor|85/100 tox|[from] ability: Poison Heal
|upkeep
|turn|22
|
|t:|1779881991
|-terastallize|p2a: Gliscor|Dark
|move|p1a: Garnet|Ice Spinner|p2a: Gliscor
|-damage|p2a: Gliscor|63/100 tox
|move|p2a: Gliscor|Swords Dance|p2a: Gliscor
|-boost|p2a: Gliscor|atk|2
|
|-heal|p2a: Gliscor|75/100 tox|[from] ability: Poison Heal
|upkeep
|turn|23
|
|t:|1779882002
|move|p2a: Gliscor|Protect|p2a: Gliscor
|-singleturn|p2a: Gliscor|Protect
|move|p1a: Garnet|Headlong Rush|p2a: Gliscor
|-activate|p2a: Gliscor|move: Protect
|
|-heal|p2a: Gliscor|88/100 tox|[from] ability: Poison Heal
|upkeep
|turn|24
|
|t:|1779882007
|move|p1a: Garnet|Headlong Rush|p2a: Gliscor
|-damage|p2a: Gliscor|35/100 tox
|-unboost|p1a: Garnet|def|1
|-unboost|p1a: Garnet|spd|1
|move|p2a: Gliscor|Earthquake|p1a: Garnet
|-damage|p1a: Garnet|0 fnt
|faint|p1a: Garnet
|-end|p1a: Garnet|Protosynthesis|[silent]
|
|-heal|p2a: Gliscor|47/100 tox|[from] ability: Poison Heal
|upkeep
|
|t:|1779882011
|switch|p1a: Dohko|Iron Valiant|100/100
|-damage|p1a: Dohko|84/100|[from] Spikes
|-damage|p1a: Dohko|78/100|[from] Stealth Rock
|-enditem|p1a: Dohko|Booster Energy
|-activate|p1a: Dohko|ability: Quark Drive|[fromitem]
|-start|p1a: Dohko|quarkdrivespe
|turn|25
|
|t:|1779882016
|move|p2a: Gliscor|Protect|p2a: Gliscor
|-singleturn|p2a: Gliscor|Protect
|move|p1a: Dohko|Moonblast|p2a: Gliscor
|-activate|p2a: Gliscor|move: Protect
|
|-heal|p2a: Gliscor|60/100 tox|[from] ability: Poison Heal
|upkeep
|turn|26
|
|t:|1779882021
|switch|p2a: Blissey|Blissey, F|67/100
|move|p1a: Dohko|Moonblast|p2a: Blissey
|-damage|p2a: Blissey|52/100
|
|upkeep
|turn|27
|
|t:|1779882031
|-end|p1a: Dohko|Quark Drive|[silent]
|switch|p1a: Cassie|Gliscor, F|100/100 tox
|-damage|p1a: Cassie|88/100 tox|[from] Stealth Rock
|move|p2a: Blissey|Soft-Boiled|p2a: Blissey
|-heal|p2a: Blissey|100/100
|
|-heal|p1a: Cassie|100/100 tox|[from] ability: Poison Heal
|upkeep
|turn|28
|
|t:|1779882036
|switch|p2a: Skarmory|Skarmory, M|2/100
|move|p1a: Cassie|Toxic|p2a: Skarmory
|-immune|p2a: Skarmory
|
|upkeep
|turn|29
|
|t:|1779882042
|switch|p1a: Dumbledore|Moltres|100/100
|move|p2a: Skarmory|Roost|p2a: Skarmory
|-heal|p2a: Skarmory|52/100
|-singleturn|p2a: Skarmory|move: Roost
|
|upkeep
|turn|30
|
|t:|1779882048
|switch|p2a: Blissey|Blissey, F|100/100
|move|p1a: Dumbledore|Flamethrower|p2a: Blissey
|-damage|p2a: Blissey|89/100
|
|upkeep
|turn|31
|
|t:|1779882058
|move|p1a: Dumbledore|Will-O-Wisp|p2a: Blissey
|-status|p2a: Blissey|brn
|move|p2a: Blissey|Soft-Boiled|p2a: Blissey
|-heal|p2a: Blissey|100/100 brn
|
|-damage|p2a: Blissey|94/100 brn|[from] brn
|upkeep
|turn|32
|
|t:|1779882067
|move|p1a: Dumbledore|U-turn|p2a: Blissey
|-damage|p2a: Blissey|79/100 brn
|
|t:|1779882082
|switch|p1a: Cassie|Gliscor, F|100/100 tox|[from] U-turn
|-damage|p1a: Cassie|88/100 tox|[from] Stealth Rock
|move|p2a: Blissey|Calm Mind|p2a: Blissey
|-boost|p2a: Blissey|spa|1
|-boost|p2a: Blissey|spd|1
|
|-heal|p1a: Cassie|100/100 tox|[from] ability: Poison Heal
|-damage|p2a: Blissey|73/100 brn|[from] brn
|upkeep
|turn|33
|
|t:|1779882092
|-curestatus|p2a: Blissey|brn|[from] ability: Natural Cure|[silent]
|switch|p2a: Skarmory|Skarmory, M|52/100
|move|p1a: Cassie|Earthquake|p2a: Skarmory
|-immune|p2a: Skarmory
|
|upkeep
|turn|34
|
|t:|1779882102
|switch|p1a: Dumbledore|Moltres|100/100
|move|p2a: Skarmory|Roost|p2a: Skarmory
|-heal|p2a: Skarmory|100/100
|-singleturn|p2a: Skarmory|move: Roost
|
|upkeep
|turn|35
|
|t:|1779882109
|switch|p2a: Blissey|Blissey, F|73/100
|move|p1a: Dumbledore|U-turn|p2a: Blissey
|-damage|p2a: Blissey|57/100
|
|t:|1779882112
|switch|p1a: Cassie|Gliscor, F|100/100 tox|[from] U-turn
|-damage|p1a: Cassie|88/100 tox|[from] Stealth Rock
|
|-heal|p1a: Cassie|100/100 tox|[from] ability: Poison Heal
|upkeep
|turn|36
|
|t:|1779882120
|move|p1a: Cassie|Earthquake|p2a: Blissey
|-damage|p2a: Blissey|23/100
|move|p2a: Blissey|Soft-Boiled|p2a: Blissey
|-heal|p2a: Blissey|73/100
|
|upkeep
|turn|37
|
|t:|1779882133
|switch|p1a: Dumbledore|Moltres|100/100
|move|p2a: Blissey|Soft-Boiled|p2a: Blissey
|-heal|p2a: Blissey|100/100
|
|upkeep
|turn|38
|
|t:|1779882144
|move|p1a: Dumbledore|U-turn|p2a: Blissey
|-damage|p2a: Blissey|85/100
|
|t:|1779882155
|switch|p1a: Cassie|Gliscor, F|100/100 tox|[from] U-turn
|-damage|p1a: Cassie|88/100 tox|[from] Stealth Rock
|move|p2a: Blissey|Calm Mind|p2a: Blissey
|-boost|p2a: Blissey|spa|1
|-boost|p2a: Blissey|spd|1
|
|-heal|p1a: Cassie|100/100 tox|[from] ability: Poison Heal
|upkeep
|turn|39
|
|t:|1779882162
|move|p1a: Cassie|Earthquake|p2a: Blissey
|-damage|p2a: Blissey|50/100
|move|p2a: Blissey|Soft-Boiled|p2a: Blissey
|-heal|p2a: Blissey|99/100
|
|upkeep
|turn|40
|
|t:|1779882172
|switch|p2a: Gliscor|Gliscor, M, tera:Dark|60/100 tox
|move|p1a: Cassie|Toxic|p2a: Gliscor
|-fail|p2a: Gliscor|tox
|
|-heal|p2a: Gliscor|72/100 tox|[from] ability: Poison Heal
|upkeep
|turn|41
|
|t:|1779882183
|move|p2a: Gliscor|Swords Dance|p2a: Gliscor
|-boost|p2a: Gliscor|atk|2
|move|p1a: Cassie|Earthquake|p2a: Gliscor
|-damage|p2a: Gliscor|47/100 tox
|
|-heal|p2a: Gliscor|60/100 tox|[from] ability: Poison Heal
|upkeep
|turn|42
|
|t:|1779882197
|move|p2a: Gliscor|Knock Off|p1a: Cassie
|-damage|p1a: Cassie|64/100 tox
|-enditem|p1a: Cassie|Toxic Orb|[from] move: Knock Off|[of] p2a: Gliscor
|move|p1a: Cassie|Earthquake|p2a: Gliscor
|-damage|p2a: Gliscor|34/100 tox
|
|-heal|p2a: Gliscor|47/100 tox|[from] ability: Poison Heal
|-heal|p1a: Cassie|76/100 tox|[from] ability: Poison Heal
|upkeep
|turn|43
|
|t:|1779882203
|move|p2a: Gliscor|Protect|p2a: Gliscor
|-singleturn|p2a: Gliscor|Protect
|move|p1a: Cassie|Earthquake|p2a: Gliscor
|-activate|p2a: Gliscor|move: Protect
|
|-heal|p2a: Gliscor|59/100 tox|[from] ability: Poison Heal
|-heal|p1a: Cassie|89/100 tox|[from] ability: Poison Heal
|upkeep
|turn|44
|
|t:|1779882213
|move|p2a: Gliscor|Swords Dance|p2a: Gliscor
|-boost|p2a: Gliscor|atk|2
|move|p1a: Cassie|Earthquake|p2a: Gliscor
|-damage|p2a: Gliscor|32/100 tox
|
|-heal|p2a: Gliscor|44/100 tox|[from] ability: Poison Heal
|-heal|p1a: Cassie|100/100 tox|[from] ability: Poison Heal
|upkeep
|turn|45
|
|t:|1779882223
|move|p2a: Gliscor|Protect|p2a: Gliscor
|-singleturn|p2a: Gliscor|Protect
|move|p1a: Cassie|Earthquake|p2a: Gliscor
|-activate|p2a: Gliscor|move: Protect
|
|-heal|p2a: Gliscor|57/100 tox|[from] ability: Poison Heal
|upkeep
|turn|46
|
|t:|1779882239
|move|p2a: Gliscor|Knock Off|p1a: Cassie
|-damage|p1a: Cassie|63/100 tox
|move|p1a: Cassie|Earthquake|p2a: Gliscor
|-damage|p2a: Gliscor|33/100 tox
|
|-heal|p2a: Gliscor|45/100 tox|[from] ability: Poison Heal
|-heal|p1a: Cassie|76/100 tox|[from] ability: Poison Heal
|upkeep
|turn|47
|
|t:|1779882247
|switch|p1a: Dohko|Iron Valiant|78/100
|-damage|p1a: Dohko|61/100|[from] Spikes
|-damage|p1a: Dohko|55/100|[from] Stealth Rock
|move|p2a: Gliscor|Knock Off|p1a: Dohko
|-resisted|p1a: Dohko
|-damage|p1a: Dohko|33/100
|
|-heal|p2a: Gliscor|58/100 tox|[from] ability: Poison Heal
|upkeep
|turn|48
|
|t:|1779882258
|move|p2a: Gliscor|Protect|p2a: Gliscor
|-singleturn|p2a: Gliscor|Protect
|move|p1a: Dohko|Moonblast|p2a: Gliscor
|-activate|p2a: Gliscor|move: Protect
|
|-heal|p2a: Gliscor|70/100 tox|[from] ability: Poison Heal
|upkeep
|turn|49
|
|t:|1779882271
|switch|p2a: Pecharunt|Pecharunt|100/100
|move|p1a: Dohko|Aura Sphere|p2a: Pecharunt
|-immune|p2a: Pecharunt
|
|upkeep
|turn|50
|
|t:|1779882276
|-end|p1a: Dohko|Quark Drive|[silent]
|switch|p1a: Cassie|Gliscor, F|76/100 tox
|-damage|p1a: Cassie|63/100 tox|[from] Stealth Rock
|move|p2a: Pecharunt|Shadow Ball|p1a: Cassie
|-damage|p1a: Cassie|34/100 tox
|
|-heal|p1a: Cassie|47/100 tox|[from] ability: Poison Heal
|upkeep
|turn|51
|
|t:|1779882288
|switch|p2a: Gliscor|Gliscor, M, tera:Dark|70/100 tox
|move|p1a: Cassie|Earthquake|p2a: Gliscor
|-damage|p2a: Gliscor|46/100 tox
|
|-heal|p2a: Gliscor|58/100 tox|[from] ability: Poison Heal
|-heal|p1a: Cassie|59/100 tox|[from] ability: Poison Heal
|upkeep
|turn|52
|
|t:|1779882299
|move|p2a: Gliscor|Swords Dance|p2a: Gliscor
|-boost|p2a: Gliscor|atk|2
|move|p1a: Cassie|Earthquake|p2a: Gliscor
|-damage|p2a: Gliscor|31/100 tox
|
|-heal|p2a: Gliscor|44/100 tox|[from] ability: Poison Heal
|-heal|p1a: Cassie|71/100 tox|[from] ability: Poison Heal
|upkeep
|turn|53
|
|t:|1779882320
|move|p2a: Gliscor|Knock Off|p1a: Cassie
|-damage|p1a: Cassie|42/100 tox
|move|p1a: Cassie|Earthquake|p2a: Gliscor
|-damage|p2a: Gliscor|17/100 tox
|
|-heal|p2a: Gliscor|30/100 tox|[from] ability: Poison Heal
|-heal|p1a: Cassie|55/100 tox|[from] ability: Poison Heal
|upkeep
|turn|54
|
|t:|1779882334
|switch|p1a: Dohko|Iron Valiant|33/100
|-damage|p1a: Dohko|17/100|[from] Spikes
|-damage|p1a: Dohko|11/100|[from] Stealth Rock
|move|p2a: Gliscor|Knock Off|p1a: Dohko
|-resisted|p1a: Dohko
|-damage|p1a: Dohko|0 fnt
|faint|p1a: Dohko
|-end|p1a: Dohko|Quark Drive|[silent]
|
|-heal|p2a: Gliscor|42/100 tox|[from] ability: Poison Heal
|upkeep
|
|t:|1779882336
|switch|p1a: Cassie|Gliscor, F|55/100 tox
|-damage|p1a: Cassie|42/100 tox|[from] Stealth Rock
|turn|55
|
|t:|1779882342
|move|p2a: Gliscor|Swords Dance|p2a: Gliscor
|-boost|p2a: Gliscor|atk|2
|move|p1a: Cassie|Earthquake|p2a: Gliscor
|-damage|p2a: Gliscor|17/100 tox
|
|-heal|p2a: Gliscor|29/100 tox|[from] ability: Poison Heal
|-heal|p1a: Cassie|55/100 tox|[from] ability: Poison Heal
|upkeep
|turn|56
|
|t:|1779882349
|switch|p1a: Pé Pequeno|Raging Bolt|100/100
|-damage|p1a: Pé Pequeno|84/100|[from] Spikes
|-damage|p1a: Pé Pequeno|72/100|[from] Stealth Rock
|-enditem|p1a: Pé Pequeno|Booster Energy
|-activate|p1a: Pé Pequeno|ability: Protosynthesis|[fromitem]
|-start|p1a: Pé Pequeno|protosynthesisspa
|move|p2a: Gliscor|Knock Off|p1a: Pé Pequeno
|-damage|p1a: Pé Pequeno|11/100
|
|-heal|p2a: Gliscor|42/100 tox|[from] ability: Poison Heal
|upkeep
|turn|57
|
|t:|1779882356
|switch|p2a: Blissey|Blissey, F|99/100
|move|p1a: Pé Pequeno|Thunderclap||[still]
|-fail|p1a: Pé Pequeno
|
|upkeep
|turn|58
|
|t:|1779882368
|-end|p1a: Pé Pequeno|Protosynthesis|[silent]
|switch|p1a: Beth|Kingambit, F|100/100
|-damage|p1a: Beth|84/100|[from] Spikes
|-damage|p1a: Beth|78/100|[from] Stealth Rock
|-activate|p1a: Beth|ability: Supreme Overlord
|-start|p1a: Beth|fallen2|[silent]
|move|p2a: Blissey|Calm Mind|p2a: Blissey
|-boost|p2a: Blissey|spa|1
|-boost|p2a: Blissey|spd|1
|
|upkeep
|turn|59
|
|t:|1779882376
|switch|p2a: Gliscor|Gliscor, M, tera:Dark|42/100 tox
|move|p1a: Beth|Low Kick|p2a: Gliscor
|-supereffective|p2a: Gliscor
|-damage|p2a: Gliscor|0 fnt
|faint|p2a: Gliscor
|
|upkeep
|
|t:|1779882383
|switch|p2a: Gholdengo|Gholdengo|100/100
|turn|60
|
|t:|1779882388
|-end|p1a: Beth|fallen2|[silent]
|switch|p1a: Pé Pequeno|Raging Bolt|11/100
|-damage|p1a: Pé Pequeno|0 fnt|[from] Spikes
|faint|p1a: Pé Pequeno
|-end|p1a: Pé Pequeno|Protosynthesis|[silent]
|move|p2a: Gholdengo|Hex|p1: Pé Pequeno|[notarget]
|-fail|p2a: Gholdengo
|
|upkeep
|
|t:|1779882393
|switch|p1a: Dumbledore|Moltres|100/100
|turn|61
|
|t:|1779882402
|switch|p2a: Blissey|Blissey, F|99/100
|move|p1a: Dumbledore|Flamethrower|p2a: Blissey
|-damage|p2a: Blissey|89/100
|
|upkeep
|turn|62
|
|t:|1779882412
|move|p1a: Dumbledore|U-turn|p2a: Blissey
|-damage|p2a: Blissey|72/100
|
|t:|1779882416
|switch|p1a: Cassie|Gliscor, F|55/100 tox|[from] U-turn
|-damage|p1a: Cassie|42/100 tox|[from] Stealth Rock
|move|p2a: Blissey|Soft-Boiled|p2a: Blissey
|-heal|p2a: Blissey|100/100
|
|-heal|p1a: Cassie|55/100 tox|[from] ability: Poison Heal
|upkeep
|turn|63
|
|t:|1779882426
|switch|p2a: Gholdengo|Gholdengo|100/100
|move|p1a: Cassie|Toxic|p2a: Gholdengo
|-immune|p2a: Gholdengo|[from] ability: Good as Gold
|
|-heal|p1a: Cassie|67/100 tox|[from] ability: Poison Heal
|upkeep
|turn|64
|
|t:|1779882435
|move|p1a: Cassie|Substitute|p1a: Cassie
|-start|p1a: Cassie|Substitute
|-damage|p1a: Cassie|42/100 tox
|move|p2a: Gholdengo|Nasty Plot|p2a: Gholdengo
|-boost|p2a: Gholdengo|spa|2
|
|-heal|p1a: Cassie|55/100 tox|[from] ability: Poison Heal
|upkeep
|turn|65
|
|t:|1779882440
|switch|p1a: Dumbledore|Moltres|100/100
|move|p2a: Gholdengo|Hex|p1a: Dumbledore
|-damage|p1a: Dumbledore|39/100
|
|upkeep
|turn|66
|
|t:|1779882448
|move|p1a: Dumbledore|Flamethrower|p2a: Gholdengo
|-supereffective|p2a: Gholdengo
|-damage|p2a: Gholdengo|32/100
|move|p2a: Gholdengo|Hex|p1a: Dumbledore
|-damage|p1a: Dumbledore|0 fnt
|faint|p1a: Dumbledore
|
|upkeep
|
|t:|1779882451
|switch|p1a: Beth|Kingambit, F|78/100
|-damage|p1a: Beth|61/100|[from] Spikes
|-damage|p1a: Beth|55/100|[from] Stealth Rock
|-activate|p1a: Beth|ability: Supreme Overlord
|-start|p1a: Beth|fallen4|[silent]
|turn|67
|
|t:|1779882459
|move|p1a: Beth|Sucker Punch|p2a: Gholdengo
|-supereffective|p2a: Gholdengo
|-damage|p2a: Gholdengo|0 fnt
|faint|p2a: Gholdengo
|
|upkeep
|
|t:|1779882470
|switch|p2a: Zamazenta|Zamazenta|100/100
|-ability|p2a: Zamazenta|Dauntless Shield|boost
|-boost|p2a: Zamazenta|def|1
|turn|68
|
|t:|1779882474
|-end|p1a: Beth|fallen4|[silent]
|switch|p1a: Cassie|Gliscor, F|55/100 tox
|-damage|p1a: Cassie|42/100 tox|[from] Stealth Rock
|move|p2a: Zamazenta|Close Combat|p1a: Cassie
|-resisted|p1a: Cassie
|-damage|p1a: Cassie|23/100 tox
|-unboost|p2a: Zamazenta|def|1
|-unboost|p2a: Zamazenta|spd|1
|
|-heal|p1a: Cassie|36/100 tox|[from] ability: Poison Heal
|upkeep
|turn|69
|
|t:|1779882477
|move|p2a: Zamazenta|Ice Fang|p1a: Cassie
|-supereffective|p1a: Cassie
|-damage|p1a: Cassie|0 fnt
|faint|p1a: Cassie
|
|upkeep
|
|t:|1779882480
|switch|p1a: Beth|Kingambit, F|55/100
|-damage|p1a: Beth|38/100|[from] Spikes
|-damage|p1a: Beth|32/100|[from] Stealth Rock
|-activate|p1a: Beth|ability: Supreme Overlord
|-start|p1a: Beth|fallen5|[silent]
|turn|70
|
|t:|1779882483
|move|p2a: Zamazenta|Close Combat|p1a: Beth
|-supereffective|p1a: Beth
|-damage|p1a: Beth|0 fnt
|-unboost|p2a: Zamazenta|def|1
|-unboost|p2a: Zamazenta|spd|1
|faint|p1a: Beth
|-end|p1a: Beth|fallen5|[silent]
|
|win|claudechamp
|raw|uminini's rating: 1290 &rarr; <strong>1265</strong><br />(-25 for losing)
|raw|claudechamp's rating: 1290 &rarr; <strong>1315</strong><br />(+25 for winning)
|c|☆claudechamp|gg
|l|☆uminini
|player|p1|
