|j|☆chancha12suizo
|j|☆rolanstuff
|t:|1779922489
|gametype|singles
|player|p1|chancha12suizo|marshal|1280
|player|p2|rolanstuff|lucas|1209
|gen|9
|tier|[Gen 9] OU
|rated|
|rule|HP Percentage Mod: HP is shown in percentages
|rule|Endless Battle Clause: Forcing endless battles is banned
|rule|Species Clause: Limit one of each Pokémon
|rule|OHKO Clause: OHKO moves are banned
|rule|Evasion Items Clause: Evasion items are banned
|rule|Evasion Moves Clause: Evasion moves are banned
|rule|Evasion Abilities Clause: Evasion abilities are banned
|rule|Sleep Moves Clause: Sleep-inducing moves are banned
|clearpoke
|poke|p1|Muk-Alola, M|
|poke|p1|Dragapult, M|
|poke|p1|Gliscor, M|
|poke|p1|Great Tusk|
|poke|p1|Skeledirge, F|
|poke|p1|Gholdengo|
|poke|p2|Dragonite, F|
|poke|p2|Garganacl, M|
|poke|p2|Cinderace, M|
|poke|p2|Raging Bolt|
|poke|p2|Kingambit, F|
|poke|p2|Iron Valiant|
|teampreview
|inactive|Battle timer is ON: inactive players will automatically lose when time's up. (requested by rolanstuff)
|c|☆chancha12suizo|glhf
|
|t:|1779922510
|teamsize|p1|6
|teamsize|p2|6
|start
|switch|p1a: Muk|Muk-Alola, M|100/100
|switch|p2a: Garganacl|Garganacl, M|100/100
|turn|1
|
|t:|1779922517
|move|p2a: Garganacl|Iron Defense|p2a: Garganacl
|-boost|p2a: Garganacl|def|2
|move|p1a: Muk|Knock Off|p2a: Garganacl
|-damage|p2a: Garganacl|90/100
|-enditem|p2a: Garganacl|Maranga Berry|[from] move: Knock Off|[of] p1a: Muk
|
|upkeep
|turn|2
|c|☆chancha12suizo|!dt maranga berry
|c|☆chancha12suizo|/raw <ul class="utilichart"><li class="result"><span class="col itemiconcol"><psicon item="marangaberry"></span> <span class="col namecol"><a href="https://dex.pokemonshowdown.com/items/marangaberry">Maranga Berry</a></span> <span class="col itemdesccol">Raises holder's Sp. Def by 1 stage after it is hit by a special attack. Single use.</span> </li><li style="clear:both"></li></ul>
|c|☆chancha12suizo|/raw <font size="1"><font color="#686868">Gen:</font> 6&nbsp;|&ThickSpace;<font color="#686868">Fling Base Power:</font> 10&nbsp;|&ThickSpace;<font color="#686868">Fling Effect:</font> Activates the Berry's effect on the target.&nbsp;|&ThickSpace;<font color="#686868">Natural Gift Type:</font> Dark&nbsp;|&ThickSpace;<font color="#686868">Natural Gift Base Power:</font> 100</font>

|
|t:|1779922532
|move|p2a: Garganacl|Salt Cure|p1a: Muk
|-damage|p1a: Muk|87/100
|-start|p1a: Muk|Salt Cure
|move|p1a: Muk|Clear Smog|p2a: Garganacl
|-resisted|p2a: Garganacl
|-damage|p2a: Garganacl|84/100
|-clearboost|p2a: Garganacl
|
|-damage|p1a: Muk|75/100|[from] Salt Cure
|upkeep
|turn|3
|inactive|chancha12suizo has 120 seconds left.
|
|t:|1779922559
|switch|p1a: Gholdengo|Gholdengo|100/100
|move|p2a: Garganacl|Body Press|p1a: Gholdengo
|-immune|p1a: Gholdengo
|
|upkeep
|turn|4
|
|t:|1779922568
|-terastallize|p2a: Garganacl|Water
|move|p1a: Gholdengo|Make It Rain|p2a: Garganacl
|-resisted|p2a: Garganacl
|-damage|p2a: Garganacl|53/100
|-unboost|p1a: Gholdengo|spa|1
|move|p2a: Garganacl|Salt Cure|p1a: Gholdengo
|-resisted|p1a: Gholdengo
|-damage|p1a: Gholdengo|93/100
|-start|p1a: Gholdengo|Salt Cure
|
|-damage|p1a: Gholdengo|68/100|[from] Salt Cure
|upkeep
|turn|5
|
|t:|1779922580
|switch|p1a: Dragapult|Dragapult, M|100/100
|move|p2a: Garganacl|Recover|p2a: Garganacl
|-heal|p2a: Garganacl|100/100
|
|upkeep
|turn|6
|
|t:|1779922587
|move|p1a: Dragapult|U-turn|p2a: Garganacl
|-damage|p2a: Garganacl|92/100
|
|t:|1779922589
|switch|p1a: Gliscor|Gliscor, M|100/100|[from] U-turn
|move|p2a: Garganacl|Iron Defense|p2a: Garganacl
|-boost|p2a: Garganacl|def|2
|
|-status|p1a: Gliscor|tox|[from] item: Toxic Orb
|upkeep
|turn|7
|
|t:|1779922593
|move|p1a: Gliscor|Stealth Rock|p2a: Garganacl
|-sidestart|p2: rolanstuff|move: Stealth Rock
|move|p2a: Garganacl|Salt Cure|p1a: Gliscor
|-damage|p1a: Gliscor|93/100 tox
|-start|p1a: Gliscor|Salt Cure
|
|-heal|p1a: Gliscor|100/100 tox|[from] ability: Poison Heal
|-damage|p1a: Gliscor|88/100 tox|[from] Salt Cure
|upkeep
|turn|8
|
|t:|1779922610
|switch|p1a: Gholdengo|Gholdengo|68/100
|move|p2a: Garganacl|Iron Defense|p2a: Garganacl
|-boost|p2a: Garganacl|def|2
|
|upkeep
|turn|9
|
|t:|1779922614
|move|p1a: Gholdengo|Trick|p2a: Garganacl
|-activate|p1a: Gholdengo|move: Trick|[of] p2a: Garganacl
|-item|p2a: Garganacl|Choice Scarf|[from] move: Trick
|-enditem|p1a: Gholdengo|Choice Scarf|[silent]|[from] move: Trick
|move|p2a: Garganacl|Salt Cure|p1a: Gholdengo
|-resisted|p1a: Gholdengo
|-damage|p1a: Gholdengo|60/100
|-start|p1a: Gholdengo|Salt Cure
|
|-damage|p1a: Gholdengo|36/100|[from] Salt Cure
|upkeep
|turn|10
|
|t:|1779922623
|switch|p1a: Gliscor|Gliscor, M|88/100 tox
|move|p2a: Garganacl|Salt Cure|p1a: Gliscor
|-damage|p1a: Gliscor|80/100 tox
|-start|p1a: Gliscor|Salt Cure
|
|-heal|p1a: Gliscor|93/100 tox|[from] ability: Poison Heal
|-damage|p1a: Gliscor|80/100 tox|[from] Salt Cure
|upkeep
|turn|11
|
|t:|1779922645
|move|p1a: Gliscor|Earthquake|p2a: Garganacl
|-damage|p2a: Garganacl|85/100
|move|p2a: Garganacl|Salt Cure|p1a: Gliscor
|-damage|p1a: Gliscor|71/100 tox
|
|-heal|p1a: Gliscor|83/100 tox|[from] ability: Poison Heal
|-damage|p1a: Gliscor|71/100 tox|[from] Salt Cure
|upkeep
|turn|12
|inactive|chancha12suizo has 120 seconds left.
|
|t:|1779922672
|switch|p1a: Muk|Muk-Alola, M|75/100
|move|p2a: Garganacl|Salt Cure|p1a: Muk
|-damage|p1a: Muk|61/100
|-start|p1a: Muk|Salt Cure
|
|-damage|p1a: Muk|49/100|[from] Salt Cure
|upkeep
|turn|13
|
|t:|1779922685
|move|p2a: Garganacl|Salt Cure|p1a: Muk
|-damage|p1a: Muk|33/100
|move|p1a: Muk|Clear Smog|p2a: Garganacl
|-damage|p2a: Garganacl|74/100
|-clearboost|p2a: Garganacl
|
|-damage|p1a: Muk|21/100|[from] Salt Cure
|upkeep
|turn|14
|
|t:|1779922691
|switch|p1a: Gliscor|Gliscor, M|71/100 tox
|move|p2a: Garganacl|Salt Cure|p1a: Gliscor
|-crit|p1a: Gliscor
|-damage|p1a: Gliscor|57/100 tox
|-start|p1a: Gliscor|Salt Cure
|
|-heal|p1a: Gliscor|69/100 tox|[from] ability: Poison Heal
|-damage|p1a: Gliscor|57/100 tox|[from] Salt Cure
|upkeep
|turn|15
|
|t:|1779922696
|move|p1a: Gliscor|Earthquake|p2a: Garganacl
|-damage|p2a: Garganacl|57/100
|move|p2a: Garganacl|Salt Cure|p1a: Gliscor
|-damage|p1a: Gliscor|48/100 tox
|
|-heal|p1a: Gliscor|60/100 tox|[from] ability: Poison Heal
|-damage|p1a: Gliscor|48/100 tox|[from] Salt Cure
|upkeep
|turn|16
|
|t:|1779922703
|move|p1a: Gliscor|Earthquake|p2a: Garganacl
|-damage|p2a: Garganacl|42/100
|move|p2a: Garganacl|Salt Cure|p1a: Gliscor
|-damage|p1a: Gliscor|39/100 tox
|
|-heal|p1a: Gliscor|52/100 tox|[from] ability: Poison Heal
|-damage|p1a: Gliscor|39/100 tox|[from] Salt Cure
|upkeep
|turn|17
|
|t:|1779922708
|switch|p2a: Dragonite|Dragonite, F, shiny|100/100
|move|p1a: Gliscor|Earthquake|p2a: Dragonite
|-immune|p2a: Dragonite
|
|-heal|p1a: Gliscor|52/100 tox|[from] ability: Poison Heal
|-damage|p1a: Gliscor|39/100 tox|[from] Salt Cure
|upkeep
|turn|18
|
|t:|1779922715
|move|p2a: Dragonite|Dragon Dance|p2a: Dragonite
|-boost|p2a: Dragonite|atk|1
|-boost|p2a: Dragonite|spe|1
|move|p1a: Gliscor|Toxic|p2a: Dragonite|[miss]
|-miss|p1a: Gliscor|p2a: Dragonite
|
|-heal|p1a: Gliscor|52/100 tox|[from] ability: Poison Heal
|-damage|p1a: Gliscor|39/100 tox|[from] Salt Cure
|upkeep
|turn|19
|
|t:|1779922722
|move|p2a: Dragonite|Extreme Speed|p1a: Gliscor
|-damage|p1a: Gliscor|12/100 tox
|move|p1a: Gliscor|Toxic|p2a: Dragonite|[miss]
|-miss|p1a: Gliscor|p2a: Dragonite
|
|-heal|p1a: Gliscor|25/100 tox|[from] ability: Poison Heal
|-damage|p1a: Gliscor|12/100 tox|[from] Salt Cure
|upkeep
|turn|20
|c|☆chancha12suizo|bruh
|c|☆chancha12suizo|BRUH
|
|t:|1779922734
|move|p2a: Dragonite|Extreme Speed|p1a: Gliscor
|-damage|p1a: Gliscor|0 fnt
|faint|p1a: Gliscor
|
|upkeep
|
|t:|1779922747
|switch|p1a: Skeledirge|Skeledirge, F|100/100
|turn|21
|
|t:|1779922752
|move|p2a: Dragonite|Earthquake|p1a: Skeledirge
|-supereffective|p1a: Skeledirge
|-damage|p1a: Skeledirge|37/100
|move|p1a: Skeledirge|Will-O-Wisp|p2a: Dragonite
|-status|p2a: Dragonite|brn
|
|-damage|p2a: Dragonite|94/100 brn|[from] brn
|upkeep
|turn|22
|
|t:|1779922773
|switch|p1a: Muk|Muk-Alola, M|21/100
|move|p2a: Dragonite|Earthquake|p1a: Muk
|-supereffective|p1a: Muk
|-damage|p1a: Muk|0 fnt
|faint|p1a: Muk
|
|-damage|p2a: Dragonite|88/100 brn|[from] brn
|upkeep
|
|t:|1779922781
|switch|p1a: Great Tusk|Great Tusk|100/100
|turn|23
|
|t:|1779922786
|move|p2a: Dragonite|Dragon Dance|p2a: Dragonite
|-boost|p2a: Dragonite|atk|1
|-boost|p2a: Dragonite|spe|1
|move|p1a: Great Tusk|Rapid Spin|p2a: Dragonite
|-damage|p2a: Dragonite|68/100 brn
|-boost|p1a: Great Tusk|spe|1
|
|-damage|p2a: Dragonite|61/100 brn|[from] brn
|upkeep
|turn|24
|
|t:|1779922804
|move|p2a: Dragonite|Dragon Dance|p2a: Dragonite
|-boost|p2a: Dragonite|atk|1
|-boost|p2a: Dragonite|spe|1
|move|p1a: Great Tusk|Rapid Spin|p2a: Dragonite
|-damage|p2a: Dragonite|41/100 brn
|-boost|p1a: Great Tusk|spe|1
|
|-damage|p2a: Dragonite|35/100 brn|[from] brn
|upkeep
|turn|25
|
|t:|1779922811
|move|p2a: Dragonite|Roost|p2a: Dragonite
|-heal|p2a: Dragonite|85/100 brn
|-singleturn|p2a: Dragonite|move: Roost
|move|p1a: Great Tusk|Ice Spinner|p2a: Dragonite
|-supereffective|p2a: Dragonite
|-damage|p2a: Dragonite|22/100 brn
|
|-damage|p2a: Dragonite|16/100 brn|[from] brn
|upkeep
|turn|26
|
|t:|1779922819
|move|p2a: Dragonite|Extreme Speed|p1a: Great Tusk
|-damage|p1a: Great Tusk|72/100
|move|p1a: Great Tusk|Ice Spinner|p2a: Dragonite
|-supereffective|p2a: Dragonite
|-damage|p2a: Dragonite|0 fnt
|faint|p2a: Dragonite
|
|upkeep
|
|t:|1779922834
|switch|p2a: Cinderace|Cinderace, M|100/100
|turn|27
|
|t:|1779922839
|move|p1a: Great Tusk|Headlong Rush|p2a: Cinderace
|-supereffective|p2a: Cinderace
|-damage|p2a: Cinderace|0 fnt
|-unboost|p1a: Great Tusk|def|1
|-unboost|p1a: Great Tusk|spd|1
|faint|p2a: Cinderace
|
|upkeep
|
|t:|1779922858
|switch|p2a: Garganacl|Garganacl, M, tera:Water|42/100
|-damage|p2a: Garganacl|29/100|[from] Stealth Rock
|turn|28
|
|t:|1779922866
|move|p1a: Great Tusk|Headlong Rush|p2a: Garganacl
|-damage|p2a: Garganacl|0 fnt
|-unboost|p1a: Great Tusk|def|1
|-unboost|p1a: Great Tusk|spd|1
|faint|p2a: Garganacl
|
|upkeep
|
|t:|1779922874
|switch|p2a: Kingambit|Kingambit, F, shiny|100/100
|-damage|p2a: Kingambit|94/100|[from] Stealth Rock
|-activate|p2a: Kingambit|ability: Supreme Overlord
|-start|p2a: Kingambit|fallen3|[silent]
|turn|29
|
|t:|1779922883
|move|p2a: Kingambit|Sucker Punch|p1a: Great Tusk
|-resisted|p1a: Great Tusk
|-damage|p1a: Great Tusk|25/100
|move|p1a: Great Tusk|Close Combat|p2a: Kingambit
|-supereffective|p2a: Kingambit
|-damage|p2a: Kingambit|0 fnt
|-unboost|p1a: Great Tusk|def|1
|-unboost|p1a: Great Tusk|spd|1
|faint|p2a: Kingambit
|-end|p2a: Kingambit|fallen3|[silent]
|
|upkeep
|
|t:|1779922898
|switch|p2a: Iron Valiant|Iron Valiant|100/100
|-damage|p2a: Iron Valiant|94/100|[from] Stealth Rock
|-enditem|p2a: Iron Valiant|Booster Energy
|-activate|p2a: Iron Valiant|ability: Quark Drive|[fromitem]
|-start|p2a: Iron Valiant|quarkdrivespe
|turn|30
|
|t:|1779922910
|move|p1a: Great Tusk|Headlong Rush|p2a: Iron Valiant
|-damage|p2a: Iron Valiant|9/100
|-unboost|p1a: Great Tusk|def|1
|-unboost|p1a: Great Tusk|spd|1
|move|p2a: Iron Valiant|Moonblast|p1a: Great Tusk
|-supereffective|p1a: Great Tusk
|-damage|p1a: Great Tusk|0 fnt
|faint|p1a: Great Tusk
|-end|p1a: Great Tusk|Protosynthesis|[silent]
|
|upkeep
|
|t:|1779922917
|switch|p1a: Skeledirge|Skeledirge, F|37/100
|turn|31
|
|t:|1779922945
|-terastallize|p1a: Skeledirge|Fairy
|move|p2a: Iron Valiant|Moonblast|p1a: Skeledirge
|-damage|p1a: Skeledirge|3/100
|move|p1a: Skeledirge|Torch Song|p2a: Iron Valiant
|-crit|p2a: Iron Valiant
|-damage|p2a: Iron Valiant|0 fnt
|-boost|p1a: Skeledirge|spa|1
|faint|p2a: Iron Valiant
|-end|p2a: Iron Valiant|Quark Drive|[silent]
|
|upkeep
|
|t:|1779922948
|switch|p2a: Raging Bolt|Raging Bolt|100/100
|-damage|p2a: Raging Bolt|88/100|[from] Stealth Rock
|-enditem|p2a: Raging Bolt|Booster Energy
|-activate|p2a: Raging Bolt|ability: Protosynthesis|[fromitem]
|-start|p2a: Raging Bolt|protosynthesisspa
|turn|32
|
|t:|1779922959
|move|p2a: Raging Bolt|Substitute|p2a: Raging Bolt
|-start|p2a: Raging Bolt|Substitute
|-damage|p2a: Raging Bolt|63/100
|move|p1a: Skeledirge|Will-O-Wisp||[still]
|-fail|p1a: Skeledirge
|
|upkeep
|turn|33
|
|t:|1779922963
|move|p2a: Raging Bolt|Calm Mind|p2a: Raging Bolt
|-boost|p2a: Raging Bolt|spa|1
|-boost|p2a: Raging Bolt|spd|1
|move|p1a: Skeledirge|Torch Song|p2a: Raging Bolt
|-resisted|p2a: Raging Bolt
|-damage|p2a: Raging Bolt|43/100
|-boost|p1a: Skeledirge|spa|1
|
|upkeep
|turn|34
|
|t:|1779922972
|move|p2a: Raging Bolt|Thunderclap|p1a: Skeledirge
|-damage|p1a: Skeledirge|0 fnt
|faint|p1a: Skeledirge
|
|upkeep
|
|t:|1779922984
|switch|p1a: Gholdengo|Gholdengo|36/100
|turn|35
|
|t:|1779922997
|move|p2a: Raging Bolt|Thunderclap||[still]
|-fail|p2a: Raging Bolt
|move|p1a: Gholdengo|Trick||[still]
|-fail|p1a: Gholdengo
|
|upkeep
|turn|36
|
|t:|1779923018
|switch|p1a: Dragapult|Dragapult, M|100/100
|move|p2a: Raging Bolt|Thunderclap||[still]
|-fail|p2a: Raging Bolt
|
|upkeep
|turn|37
|
|t:|1779923032
|move|p1a: Dragapult|U-turn|p2a: Raging Bolt
|-damage|p2a: Raging Bolt|29/100
|
|t:|1779923039
|switch|p1a: Gholdengo|Gholdengo|36/100|[from] U-turn
|move|p2a: Raging Bolt|Dragon Pulse|p1a: Gholdengo
|-resisted|p1a: Gholdengo
|-damage|p1a: Gholdengo|0 fnt
|faint|p1a: Gholdengo
|
|upkeep
|
|t:|1779923046
|switch|p1a: Dragapult|Dragapult, M|100/100
|turn|38
|c|☆chancha12suizo|bro what
|c|☆chancha12suizo|oh i forgot
|
|t:|1779923058
|move|p1a: Dragapult|Draco Meteor|p2a: Raging Bolt
|-supereffective|p2a: Raging Bolt
|-damage|p2a: Raging Bolt|0 fnt
|-unboost|p1a: Dragapult|spa|2
|faint|p2a: Raging Bolt
|-end|p2a: Raging Bolt|Protosynthesis|[silent]
|
|win|chancha12suizo
|raw|chancha12suizo's rating: 1280 &rarr; <strong>1300</strong><br />(+20 for winning)
|raw|rolanstuff's rating: 1209 &rarr; <strong>1189</strong><br />(-20 for losing)
|c|☆chancha12suizo|lmao
|c|☆chancha12suizo|ggs
|l|☆rolanstuff
|player|p2|
|l|☆chancha12suizo
|player|p1|
|j|☆chancha12suizo
|player|p1|chancha12suizo|marshal|
