|j|☆manaphy michael
|j|☆ZaneTx
|t:|1779881373
|gametype|singles
|player|p1|manaphy michael|biker-gen4|1237
|player|p2|ZaneTx|265|1135
|gen|9
|tier|[Gen 9] OU
|rated|
|rule|HP Percentage Mod: HP is shown in percentages
|rule|Endless Battle Clause: Forcing endless battles is banned
|rule|Species Clause: Limit one of each Pokémon
|rule|OHKO Clause: OHKO moves are banned
|rule|Evasion Items Clause: Evasion items are banned
|rule|Evasion Moves Clause: Evasion moves are banned
|rule|Evasion Abilities Clause: Evasion abilities are banned
|rule|Sleep Moves Clause: Sleep-inducing moves are banned
|clearpoke
|poke|p1|Corviknight, M|
|poke|p1|Suicune|
|poke|p1|Slowking-Galar, M|
|poke|p1|Sinistcha|
|poke|p1|Garchomp, F|
|poke|p1|Florges, F|
|poke|p2|Dragapult, M|
|poke|p2|Kingambit, M|
|poke|p2|Garganacl, F|
|poke|p2|Rotom-Wash|
|poke|p2|Slowking-Galar, M|
|poke|p2|Gliscor, F|
|teampreview
|inactive|Battle timer is ON: inactive players will automatically lose when time's up. (requested by manaphy michael)
|
|t:|1779881383
|teamsize|p1|6
|teamsize|p2|6
|start
|switch|p1a: Suicune|Suicune|100/100
|switch|p2a: Dragapult|Dragapult, M, shiny|100/100
|-ability|p1a: Suicune|Pressure
|turn|1
|
|t:|1779881386
|move|p1a: Suicune|Protect|p1a: Suicune
|-singleturn|p1a: Suicune|Protect
|move|p2a: Dragapult|U-turn|p1a: Suicune
|-activate|p1a: Suicune|move: Protect
|
|upkeep
|turn|2
|
|t:|1779881392
|move|p2a: Dragapult|U-turn|p1a: Suicune
|-damage|p1a: Suicune|91/100
|
|t:|1779881396
|switch|p2a: Slowking|Slowking-Galar, M|100/100|[from] U-turn
|move|p1a: Suicune|Substitute|p1a: Suicune
|-start|p1a: Suicune|Substitute
|-damage|p1a: Suicune|66/100
|
|-heal|p1a: Suicune|72/100|[from] item: Leftovers
|upkeep
|turn|3
|
|t:|1779881402
|move|p1a: Suicune|Calm Mind|p1a: Suicune
|-boost|p1a: Suicune|spa|1
|-boost|p1a: Suicune|spd|1
|move|p2a: Slowking|Psychic|p1a: Suicune
|-activate|p1a: Suicune|move: Substitute|[damage]
|
|-heal|p1a: Suicune|78/100|[from] item: Leftovers
|upkeep
|turn|4
|
|t:|1779881407
|switch|p2a: Rotom|Rotom-Wash|100/100
|move|p1a: Suicune|Calm Mind|p1a: Suicune
|-boost|p1a: Suicune|spa|1
|-boost|p1a: Suicune|spd|1
|
|-heal|p1a: Suicune|85/100|[from] item: Leftovers
|upkeep
|turn|5
|
|t:|1779881414
|move|p1a: Suicune|Protect|p1a: Suicune
|-singleturn|p1a: Suicune|Protect
|move|p2a: Rotom|Nasty Plot|p2a: Rotom
|-boost|p2a: Rotom|spa|2
|
|-heal|p1a: Suicune|91/100|[from] item: Leftovers
|upkeep
|turn|6
|
|t:|1779881418
|-terastallize|p1a: Suicune|Poison
|move|p2a: Rotom|Nasty Plot|p2a: Rotom
|-boost|p2a: Rotom|spa|2
|move|p1a: Suicune|Calm Mind|p1a: Suicune
|-boost|p1a: Suicune|spa|1
|-boost|p1a: Suicune|spd|1
|
|-heal|p1a: Suicune|97/100|[from] item: Leftovers
|upkeep
|turn|7
|
|t:|1779881425
|move|p2a: Rotom|Hyper Voice|p1a: Suicune
|-damage|p1a: Suicune|77/100
|move|p1a: Suicune|Scald|p2a: Rotom
|-resisted|p2a: Rotom
|-crit|p2a: Rotom
|-damage|p2a: Rotom|35/100
|-status|p2a: Rotom|brn
|
|-heal|p2a: Rotom|41/100 brn|[from] item: Leftovers
|-heal|p1a: Suicune|84/100|[from] item: Leftovers
|-damage|p2a: Rotom|35/100 brn|[from] brn
|upkeep
|turn|8
|
|t:|1779881430
|move|p1a: Suicune|Protect|p1a: Suicune
|-singleturn|p1a: Suicune|Protect
|move|p2a: Rotom|Hyper Voice|p1a: Suicune
|-activate|p1a: Suicune|move: Protect
|
|-heal|p2a: Rotom|41/100 brn|[from] item: Leftovers
|-heal|p1a: Suicune|90/100|[from] item: Leftovers
|-damage|p2a: Rotom|35/100 brn|[from] brn
|upkeep
|turn|9
|
|t:|1779881432
|move|p2a: Rotom|Hyper Voice|p1a: Suicune
|-damage|p1a: Suicune|67/100
|move|p1a: Suicune|Calm Mind|p1a: Suicune
|-boost|p1a: Suicune|spa|1
|-boost|p1a: Suicune|spd|1
|
|-heal|p2a: Rotom|41/100 brn|[from] item: Leftovers
|-heal|p1a: Suicune|73/100|[from] item: Leftovers
|-damage|p2a: Rotom|35/100 brn|[from] brn
|upkeep
|turn|10
|
|t:|1779881437
|move|p2a: Rotom|Volt Switch|p1a: Suicune
|-end|p1a: Suicune|Substitute
|
|t:|1779881445
|switch|p2a: Garganacl|Garganacl, F, shiny|100/100|[from] Volt Switch
|move|p1a: Suicune|Scald|p2a: Garganacl
|-supereffective|p2a: Garganacl
|-damage|p2a: Garganacl|0 fnt
|faint|p2a: Garganacl
|
|-heal|p1a: Suicune|79/100|[from] item: Leftovers
|upkeep
|
|t:|1779881448
|switch|p2a: Kingambit|Kingambit, M, shiny|100/100
|-activate|p2a: Kingambit|ability: Supreme Overlord
|-start|p2a: Kingambit|fallen1|[silent]
|turn|11
|
|t:|1779881452
|move|p1a: Suicune|Scald|p2a: Kingambit
|-damage|p2a: Kingambit|31/100
|-status|p2a: Kingambit|brn
|move|p2a: Kingambit|Iron Head|p1a: Suicune
|-damage|p1a: Suicune|65/100
|
|-heal|p1a: Suicune|71/100|[from] item: Leftovers
|-heal|p2a: Kingambit|38/100 brn|[from] item: Leftovers
|-damage|p2a: Kingambit|31/100 brn|[from] brn
|upkeep
|turn|12
|-message|ZaneTx forfeited.
|
|win|manaphy michael
|raw|manaphy michael's rating: 1237 &rarr; <strong>1255</strong><br />(+18 for winning)
|raw|ZaneTx's rating: 1135 &rarr; <strong>1117</strong><br />(-18 for losing)
|l|☆ZaneTx
|player|p2|
