|j|☆the_bob_blobby
|j|☆zyvism
|t:|1779804205
|gametype|singles
|player|p1|the_bob_blobby|265|1044
|player|p2|zyvism|will|1061
|gen|9
|tier|[Gen 9] OU
|rated|
|rule|HP Percentage Mod: HP is shown in percentages
|rule|Endless Battle Clause: Forcing endless battles is banned
|rule|Species Clause: Limit one of each Pokémon
|rule|OHKO Clause: OHKO moves are banned
|rule|Evasion Items Clause: Evasion items are banned
|rule|Evasion Moves Clause: Evasion moves are banned
|rule|Evasion Abilities Clause: Evasion abilities are banned
|rule|Sleep Moves Clause: Sleep-inducing moves are banned
|clearpoke
|poke|p1|Ceruledge, M|
|poke|p1|Regieleki|
|poke|p1|Clefable, M|
|poke|p1|Glimmora, F|
|poke|p1|Darkrai|
|poke|p1|Walking Wake|
|poke|p2|Zoroark-Hisui, F|
|poke|p2|Hatterene, F|
|poke|p2|Clodsire, M|
|poke|p2|Zapdos-Galar|
|poke|p2|Revavroom, M|
|poke|p2|Kingambit, M|
|teampreview
|
|t:|1779804215
|teamsize|p1|6
|teamsize|p2|6
|start
|switch|p1a: Glimmora|Glimmora, F|100/100
|switch|p2a: Serenity|Hatterene, F, shiny|100/100
|turn|1
|
|t:|1779804239
|switch|p1a: Regieleki|Regieleki|100/100
|-item|p1a: Regieleki|Air Balloon
|-terastallize|p2a: Serenity|Water
|move|p2a: Serenity|Psychic Noise|p1a: Regieleki
|-damage|p1a: Regieleki|20/100
|-start|p1a: Regieleki|move: Heal Block
|-enditem|p1a: Regieleki|Air Balloon
|
|upkeep
|turn|2
|
|t:|1779804266
|move|p1a: Regieleki|Thunder|p2a: Serenity
|-supereffective|p2a: Serenity
|-damage|p2a: Serenity|0 fnt
|faint|p2a: Serenity
|
|-end|p1a: Regieleki|move: Heal Block
|upkeep
|
|t:|1779804276
|switch|p2a: BlueberryJam|Clodsire, M, shiny|100/100
|turn|3
|
|t:|1779804284
|move|p1a: Regieleki|Extreme Speed|p2a: BlueberryJam
|-damage|p2a: BlueberryJam|77/100
|move|p2a: BlueberryJam|Earthquake|p1a: Regieleki
|-supereffective|p1a: Regieleki
|-damage|p1a: Regieleki|0 fnt
|faint|p1a: Regieleki
|
|upkeep
|
|t:|1779804290
|switch|p1a: Glimmora|Glimmora, F|100/100
|turn|4
|
|t:|1779804301
|switch|p1a: Walking Wake|Walking Wake|100/100
|-enditem|p1a: Walking Wake|Booster Energy
|-activate|p1a: Walking Wake|ability: Protosynthesis|[fromitem]
|-start|p1a: Walking Wake|protosynthesisspa
|move|p2a: BlueberryJam|Earthquake|p1a: Walking Wake
|-damage|p1a: Walking Wake|75/100
|
|upkeep
|turn|5
|
|t:|1779804312
|move|p1a: Walking Wake|Scald|p2a: BlueberryJam
|-heal|p2a: BlueberryJam|100/100|[from] ability: Water Absorb|[of] p1a: Walking Wake
|move|p2a: BlueberryJam|Toxic|p1a: Walking Wake
|-status|p1a: Walking Wake|tox
|
|-damage|p1a: Walking Wake|69/100 tox|[from] psn
|upkeep
|turn|6
|
|t:|1779804333
|move|p1a: Walking Wake|Outrage|p2a: BlueberryJam
|-damage|p2a: BlueberryJam|64/100
|move|p2a: BlueberryJam|Spikes|p1a: Walking Wake
|-sidestart|p1: the_bob_blobby|Spikes
|
|-damage|p1a: Walking Wake|57/100 tox|[from] psn
|upkeep
|turn|7
|
|t:|1779804341
|move|p1a: Walking Wake|Outrage|p2a: BlueberryJam|[from] lockedmove
|-damage|p2a: BlueberryJam|26/100
|-start|p1a: Walking Wake|confusion|[fatigue]
|move|p2a: BlueberryJam|Spikes|p1a: Walking Wake
|-sidestart|p1: the_bob_blobby|Spikes
|
|-damage|p1a: Walking Wake|39/100 tox|[from] psn
|upkeep
|turn|8
|
|t:|1779804350
|-activate|p1a: Walking Wake|confusion
|move|p1a: Walking Wake|Dragon Pulse|p2a: BlueberryJam
|-damage|p2a: BlueberryJam|0 fnt
|faint|p2a: BlueberryJam
|
|-damage|p1a: Walking Wake|14/100 tox|[from] psn
|upkeep
|
|t:|1779804360
|switch|p2a: Reynard|Zapdos-Galar|100/100
|turn|9
|
|t:|1779804368
|move|p2a: Reynard|Thunderous Kick|p1a: Walking Wake
|-damage|p1a: Walking Wake|0 fnt
|faint|p1a: Walking Wake
|-end|p1a: Walking Wake|Protosynthesis|[silent]
|
|upkeep
|
|t:|1779804372
|switch|p1a: Glimmora|Glimmora, F|100/100
|-damage|p1a: Glimmora|84/100|[from] Spikes
|turn|10
|
|t:|1779804379
|move|p2a: Reynard|Thunderous Kick|p1a: Glimmora
|-damage|p1a: Glimmora|4/100
|-unboost|p1a: Glimmora|def|1
|move|p1a: Glimmora|Explosion|p2a: Reynard
|-damage|p2a: Reynard|44/100
|faint|p1a: Glimmora
|
|upkeep
|
|t:|1779804389
|switch|p1a: Darkrai|Darkrai|100/100
|-damage|p1a: Darkrai|84/100|[from] Spikes
|turn|11
|
|t:|1779804402
|-terastallize|p1a: Darkrai|Ghost
|move|p1a: Darkrai|Shadow Ball|p2a: Reynard
|-damage|p2a: Reynard|0 fnt
|faint|p2a: Reynard
|-damage|p1a: Darkrai|74/100|[from] item: Life Orb
|
|upkeep
|
|t:|1779804415
|switch|p2a: Elighmos|Kingambit, M, shiny|100/100
|-activate|p2a: Elighmos|ability: Supreme Overlord
|-start|p2a: Elighmos|fallen3|[silent]
|turn|12
|
|t:|1779804425
|move|p2a: Elighmos|Sucker Punch||[still]
|-fail|p2a: Elighmos
|move|p1a: Darkrai|Haze|p1a: Darkrai
|-clearallboost
|
|upkeep
|turn|13
|
|t:|1779804437
|switch|p1a: Ceruledge|Ceruledge, M|100/100
|-damage|p1a: Ceruledge|84/100|[from] Spikes
|move|p2a: Elighmos|Sucker Punch||[still]
|-fail|p2a: Elighmos
|
|upkeep
|turn|14
|
|t:|1779804455
|move|p1a: Ceruledge|Flame Charge|p2a: Elighmos
|-supereffective|p2a: Elighmos
|-damage|p2a: Elighmos|59/100
|-boost|p1a: Ceruledge|spe|1
|move|p2a: Elighmos|Swords Dance|p2a: Elighmos
|-boost|p2a: Elighmos|atk|2
|
|upkeep
|turn|15
|
|t:|1779804464
|move|p2a: Elighmos|Sucker Punch|p1a: Ceruledge
|-supereffective|p1a: Ceruledge
|-damage|p1a: Ceruledge|0 fnt
|faint|p1a: Ceruledge
|
|upkeep
|
|t:|1779804466
|switch|p1a: Clefable|Clefable, M|100/100
|turn|16
|
|t:|1779804471
|-end|p2a: Elighmos|fallen3|[silent]
|switch|p2a: Toyota Camry|Revavroom, M, shiny|100/100
|-item|p2a: Toyota Camry|Air Balloon
|move|p1a: Clefable|Protect||[still]
|-fail|p1a: Clefable
|
|upkeep
|turn|17
|
|t:|1779804480
|move|p2a: Toyota Camry|Gunk Shot|p1a: Clefable
|-supereffective|p1a: Clefable
|-damage|p1a: Clefable|0 fnt
|faint|p1a: Clefable
|
|upkeep
|
|t:|1779804492
|switch|p1a: Darkrai|Darkrai, tera:Ghost|74/100
|-damage|p1a: Darkrai|58/100|[from] Spikes
|turn|18
|
|t:|1779804498
|switch|p2a: Elighmos|Kingambit, M, shiny|100/100
|move|p1a: Darkrai|Dark Pulse|p2a: Elighmos
|-supereffective|p2a: Elighmos
|-damage|p2a: Elighmos|0 fnt
|replace|p2a: Zyriel|Zoroark-Hisui, F, shiny
|-end|p2a: Zyriel|Illusion
|faint|p2a: Zyriel
|-damage|p1a: Darkrai|48/100|[from] item: Life Orb
|
|upkeep
|
|t:|1779804510
|switch|p2a: Toyota Camry|Revavroom, M, shiny|100/100
|-item|p2a: Toyota Camry|Air Balloon
|turn|19
|
|t:|1779804522
|move|p1a: Darkrai|Dark Pulse|p2a: Toyota Camry
|-damage|p2a: Toyota Camry|11/100
|-enditem|p2a: Toyota Camry|Air Balloon
|-damage|p1a: Darkrai|38/100|[from] item: Life Orb
|move|p2a: Toyota Camry|High Horsepower|p1a: Darkrai
|-damage|p1a: Darkrai|0 fnt
|faint|p1a: Darkrai
|
|win|zyvism
|raw|the_bob_blobby's rating: 1044 &rarr; <strong>1028</strong><br />(-16 for losing)
|raw|zyvism's rating: 1061 &rarr; <strong>1090</strong><br />(+29 for winning)
|l|☆the_bob_blobby
|player|p1|
