|j|☆Pcao
|j|‽Tame Impino
|t:|1779933448
|gametype|singles
|player|p1|Pcao|265|1000
|player|p2|Tame Impino|waiter|1026
|gen|9
|tier|[Gen 9] OU
|rated|
|rule|HP Percentage Mod: HP is shown in percentages
|rule|Endless Battle Clause: Forcing endless battles is banned
|rule|Species Clause: Limit one of each Pokémon
|rule|OHKO Clause: OHKO moves are banned
|rule|Evasion Items Clause: Evasion items are banned
|rule|Evasion Moves Clause: Evasion moves are banned
|rule|Evasion Abilities Clause: Evasion abilities are banned
|rule|Sleep Moves Clause: Sleep-inducing moves are banned
|clearpoke
|poke|p1|Breloom, F|
|poke|p1|Corviknight, M|
|poke|p1|Rotom-Wash|
|poke|p1|Heatran, F|
|poke|p1|Ceruledge, F|
|poke|p1|Ting-Lu|
|poke|p2|Weezing-Galar, F|
|poke|p2|Ogerpon, F|
|poke|p2|Skarmory, F|
|poke|p2|Alomomola, F|
|poke|p2|Clodsire, F|
|poke|p2|Hydreigon, F|
|teampreview
|
|t:|1779933463
|teamsize|p1|6
|teamsize|p2|6
|start
|switch|p1a: Beltram|Heatran, F|100/100
|switch|p2a: Skarmory|Skarmory, F, shiny|100/100
|-item|p1a: Beltram|Air Balloon
|turn|1
|
|t:|1779933473
|switch|p2a: Alomomola|Alomomola, F|100/100
|move|p1a: Beltram|Stealth Rock|p2a: Alomomola
|-sidestart|p2: Tame Impino|move: Stealth Rock
|
|upkeep
|turn|2
|
|t:|1779933483
|switch|p1a: Coitoboy|Breloom, F|100/100
|move|p2a: Alomomola|Flip Turn|p1a: Coitoboy
|-resisted|p1a: Coitoboy
|-damage|p1a: Coitoboy|87/100
|
|t:|1779933486
|switch|p2a: Skarmory|Skarmory, F, shiny|100/100|[from] Flip Turn
|-damage|p2a: Skarmory|88/100|[from] Stealth Rock
|
|upkeep
|turn|3
|
|t:|1779933507
|move|p1a: Coitoboy|Rock Tomb|p2a: Skarmory
|-damage|p2a: Skarmory|69/100
|-unboost|p2a: Skarmory|spe|1
|move|p2a: Skarmory|Spikes|p1a: Coitoboy
|-sidestart|p1: Pcao|Spikes
|
|upkeep
|turn|4
|
|t:|1779933536
|move|p1a: Coitoboy|Bullet Seed|p2a: Skarmory
|-resisted|p2a: Skarmory
|-damage|p2a: Skarmory|66/100
|-resisted|p2a: Skarmory
|-damage|p2a: Skarmory|63/100
|-resisted|p2a: Skarmory
|-damage|p2a: Skarmory|60/100
|-resisted|p2a: Skarmory
|-damage|p2a: Skarmory|56/100
|-resisted|p2a: Skarmory
|-damage|p2a: Skarmory|54/100
|-hitcount|p2a: Skarmory|5
|move|p2a: Skarmory|Taunt|p1a: Coitoboy
|-start|p1a: Coitoboy|move: Taunt
|
|upkeep
|turn|5
|
|t:|1779933551
|move|p1a: Coitoboy|Rock Tomb|p2a: Skarmory|[miss]
|-miss|p1a: Coitoboy|p2a: Skarmory
|move|p2a: Skarmory|Spikes|p1a: Coitoboy
|-sidestart|p1: Pcao|Spikes
|
|upkeep
|turn|6
|
|t:|1779933556
|move|p1a: Coitoboy|Rock Tomb|p2a: Skarmory
|-damage|p2a: Skarmory|34/100
|-unboost|p2a: Skarmory|spe|1
|move|p2a: Skarmory|Roost|p2a: Skarmory
|-heal|p2a: Skarmory|84/100
|-singleturn|p2a: Skarmory|move: Roost
|
|upkeep
|turn|7
|
|t:|1779933564
|move|p1a: Coitoboy|Rock Tomb|p2a: Skarmory
|-damage|p2a: Skarmory|65/100
|-unboost|p2a: Skarmory|spe|1
|move|p2a: Skarmory|Spikes|p1a: Coitoboy
|-sidestart|p1: Pcao|Spikes
|
|-end|p1a: Coitoboy|move: Taunt
|upkeep
|turn|8
|
|t:|1779933572
|move|p1a: Coitoboy|Rock Tomb|p2a: Skarmory
|-damage|p2a: Skarmory|45/100
|-unboost|p2a: Skarmory|spe|1
|move|p2a: Skarmory|Body Press|p1a: Coitoboy
|-damage|p1a: Coitoboy|38/100
|
|upkeep
|turn|9
|
|t:|1779933592
|switch|p1a: GenderBender|Rotom-Wash, shiny|100/100
|move|p2a: Skarmory|Roost|p2a: Skarmory
|-heal|p2a: Skarmory|95/100
|-singleturn|p2a: Skarmory|move: Roost
|
|upkeep
|turn|10
|
|t:|1779933606
|switch|p2a: Clodsire|Clodsire, F, shiny|100/100
|-damage|p2a: Clodsire|94/100|[from] Stealth Rock
|move|p1a: GenderBender|Volt Switch|p2a: Clodsire
|-immune|p2a: Clodsire
|
|upkeep
|turn|11
|
|t:|1779933624
|switch|p1a: Beltram|Heatran, F|100/100
|-item|p1a: Beltram|Air Balloon
|move|p2a: Clodsire|Stealth Rock|p1a: Beltram
|-sidestart|p1: Pcao|move: Stealth Rock
|
|upkeep
|turn|12
|
|t:|1779933633
|switch|p2a: Alomomola|Alomomola, F|100/100
|-damage|p2a: Alomomola|88/100|[from] Stealth Rock
|move|p1a: Beltram|Flash Cannon|p2a: Alomomola
|-resisted|p2a: Alomomola
|-damage|p2a: Alomomola|80/100
|
|upkeep
|turn|13
|
|t:|1779933652
|switch|p1a: Coitoboy|Breloom, F|38/100
|-damage|p1a: Coitoboy|13/100|[from] Spikes
|-damage|p1a: Coitoboy|7/100|[from] Stealth Rock
|move|p2a: Alomomola|Flip Turn|p1a: Coitoboy
|-resisted|p1a: Coitoboy
|-damage|p1a: Coitoboy|0 fnt
|faint|p1a: Coitoboy
|
|t:|1779933667
|switch|p2a: Hydreigon|Hydreigon, F|100/100|[from] Flip Turn
|-damage|p2a: Hydreigon|88/100|[from] Stealth Rock
|
|upkeep
|
|t:|1779933677
|switch|p1a: Kato|Corviknight, M|100/100
|-damage|p1a: Kato|88/100|[from] Stealth Rock
|turn|14
|
|t:|1779933686
|move|p2a: Hydreigon|Dark Pulse|p1a: Kato
|-damage|p1a: Kato|28/100
|move|p1a: Kato|U-turn|p2a: Hydreigon
|-supereffective|p2a: Hydreigon
|-damage|p2a: Hydreigon|53/100
|
|t:|1779933692
|switch|p1a: Beltram|Heatran, F|100/100|[from] U-turn
|-damage|p1a: Beltram|88/100|[from] Stealth Rock
|-item|p1a: Beltram|Air Balloon
|
|upkeep
|turn|15
|
|t:|1779933700
|switch|p2a: Alomomola|Alomomola, F|100/100
|-damage|p2a: Alomomola|88/100|[from] Stealth Rock
|move|p1a: Beltram|Flamethrower|p2a: Alomomola
|-resisted|p2a: Alomomola
|-damage|p2a: Alomomola|79/100
|
|upkeep
|turn|16
|
|t:|1779933708
|switch|p1a: Alysa Liu|Ting-Lu|100/100
|-damage|p1a: Alysa Liu|76/100|[from] Spikes
|-damage|p1a: Alysa Liu|69/100|[from] Stealth Rock
|-ability|p1a: Alysa Liu|Vessel of Ruin
|move|p2a: Alomomola|Flip Turn|p1a: Alysa Liu
|-supereffective|p1a: Alysa Liu
|-damage|p1a: Alysa Liu|50/100
|
|t:|1779933713
|switch|p2a: Ogerpon|Ogerpon, F|100/100|[from] Flip Turn
|-damage|p2a: Ogerpon|88/100|[from] Stealth Rock
|
|-heal|p1a: Alysa Liu|57/100|[from] item: Leftovers
|upkeep
|turn|17
|
|t:|1779933729
|move|p2a: Ogerpon|U-turn|p1a: Alysa Liu
|-supereffective|p1a: Alysa Liu
|-damage|p1a: Alysa Liu|17/100
|
|t:|1779933734
|switch|p2a: Alomomola|Alomomola, F|100/100|[from] U-turn
|-damage|p2a: Alomomola|88/100|[from] Stealth Rock
|move|p1a: Alysa Liu|Whirlwind|p2a: Alomomola
|drag|p2a: Weezing|Weezing-Galar, F|100/100
|-ability|p2a: Weezing|Neutralizing Gas
|
|-heal|p1a: Alysa Liu|23/100|[from] item: Leftovers
|upkeep
|turn|18
|
|t:|1779933745
|move|p2a: Weezing|Will-O-Wisp|p1a: Alysa Liu
|-status|p1a: Alysa Liu|brn
|move|p1a: Alysa Liu|Stomping Tantrum|p2a: Weezing
|-supereffective|p2a: Weezing
|-damage|p2a: Weezing|82/100
|
|-heal|p1a: Alysa Liu|30/100 brn|[from] item: Leftovers
|-damage|p1a: Alysa Liu|23/100 brn|[from] brn
|upkeep
|turn|19
|
|t:|1779933766
|-end|p2a: Weezing|ability: Neutralizing Gas
|-ability|p1a: Alysa Liu|Vessel of Ruin
|switch|p2a: Skarmory|Skarmory, F, shiny|95/100
|-damage|p2a: Skarmory|82/100|[from] Stealth Rock
|move|p1a: Alysa Liu|Stomping Tantrum|p2a: Skarmory
|-immune|p2a: Skarmory
|
|-heal|p1a: Alysa Liu|30/100 brn|[from] item: Leftovers
|-damage|p1a: Alysa Liu|23/100 brn|[from] brn
|upkeep
|turn|20
|
|t:|1779933782
|switch|p1a: Chauvin|Ceruledge, F|100/100
|move|p2a: Skarmory|Taunt|p1a: Chauvin
|-start|p1a: Chauvin|move: Taunt
|
|upkeep
|turn|21
|
|t:|1779933795
|switch|p2a: Clodsire|Clodsire, F, shiny|94/100
|-damage|p2a: Clodsire|88/100|[from] Stealth Rock
|move|p1a: Chauvin|Bitter Blade|p2a: Clodsire
|-damage|p2a: Clodsire|41/100
|
|upkeep
|turn|22
|
|t:|1779933805
|switch|p2a: Alomomola|Alomomola, F|100/100
|-damage|p2a: Alomomola|88/100|[from] Stealth Rock
|move|p1a: Chauvin|Bitter Blade|p2a: Alomomola
|-resisted|p2a: Alomomola
|-damage|p2a: Alomomola|70/100
|
|-end|p1a: Chauvin|move: Taunt
|upkeep
|turn|23
|
|t:|1779933819
|switch|p2a: Hydreigon|Hydreigon, F|53/100
|-damage|p2a: Hydreigon|41/100|[from] Stealth Rock
|move|p1a: Chauvin|Close Combat|p2a: Hydreigon
|-supereffective|p2a: Hydreigon
|-damage|p2a: Hydreigon|0 fnt
|-unboost|p1a: Chauvin|def|1
|-unboost|p1a: Chauvin|spd|1
|faint|p2a: Hydreigon
|
|upkeep
|
|t:|1779933828
|switch|p2a: Ogerpon|Ogerpon, F|88/100
|-damage|p2a: Ogerpon|76/100|[from] Stealth Rock
|turn|24
|
|t:|1779933833
|move|p2a: Ogerpon|Knock Off|p1a: Chauvin
|-supereffective|p1a: Chauvin
|-damage|p1a: Chauvin|0 fnt
|-enditem|p1a: Chauvin|Heavy-Duty Boots|[from] move: Knock Off|[of] p2a: Ogerpon
|faint|p1a: Chauvin
|
|upkeep
|
|t:|1779933841
|switch|p1a: Beltram|Heatran, F|88/100
|-damage|p1a: Beltram|76/100|[from] Stealth Rock
|-item|p1a: Beltram|Air Balloon
|turn|25
|
|t:|1779933846
|switch|p2a: Alomomola|Alomomola, F|100/100
|-damage|p2a: Alomomola|88/100|[from] Stealth Rock
|move|p1a: Beltram|Flamethrower|p2a: Alomomola
|-resisted|p2a: Alomomola
|-damage|p2a: Alomomola|79/100
|
|upkeep
|turn|26
|
|t:|1779933859
|move|p1a: Beltram|Stealth Rock||[still]
|-fail|p1a: Beltram
|move|p2a: Alomomola|Flip Turn|p1a: Beltram
|-supereffective|p1a: Beltram
|-damage|p1a: Beltram|47/100
|-enditem|p1a: Beltram|Air Balloon
|
|t:|1779933864
|switch|p2a: Clodsire|Clodsire, F, shiny|41/100|[from] Flip Turn
|-damage|p2a: Clodsire|35/100|[from] Stealth Rock
|
|upkeep
|turn|27
|
|t:|1779933879
|switch|p2a: Alomomola|Alomomola, F|100/100
|-damage|p2a: Alomomola|88/100|[from] Stealth Rock
|move|p1a: Beltram|Earth Power|p2a: Alomomola
|-damage|p2a: Alomomola|75/100
|-unboost|p2a: Alomomola|spd|1
|
|upkeep
|turn|28
|
|t:|1779933896
|switch|p1a: GenderBender|Rotom-Wash, shiny|100/100
|-damage|p1a: GenderBender|88/100|[from] Stealth Rock
|move|p2a: Alomomola|Flip Turn|p1a: GenderBender
|-resisted|p1a: GenderBender
|-damage|p1a: GenderBender|81/100
|
|t:|1779933906
|switch|p2a: Ogerpon|Ogerpon, F|76/100|[from] Flip Turn
|-damage|p2a: Ogerpon|64/100|[from] Stealth Rock
|
|upkeep
|turn|29
|
|t:|1779933917
|move|p2a: Ogerpon|U-turn|p1a: GenderBender
|-damage|p1a: GenderBender|57/100
|
|t:|1779933923
|switch|p2a: Alomomola|Alomomola, F|100/100|[from] U-turn
|-damage|p2a: Alomomola|88/100|[from] Stealth Rock
|move|p1a: GenderBender|Will-O-Wisp|p2a: Alomomola
|-status|p2a: Alomomola|brn
|
|-damage|p2a: Alomomola|82/100 brn|[from] brn
|upkeep
|turn|30
|
|t:|1779933942
|switch|p1a: Kato|Corviknight, M|28/100
|-damage|p1a: Kato|15/100|[from] Stealth Rock
|move|p2a: Alomomola|Mirror Coat||[still]
|-fail|p2a: Alomomola
|
|-heal|p1a: Kato|22/100|[from] item: Leftovers
|-damage|p2a: Alomomola|76/100 brn|[from] brn
|upkeep
|turn|31
|
|t:|1779933953
|move|p1a: Kato|Roost|p1a: Kato
|-heal|p1a: Kato|72/100
|-singleturn|p1a: Kato|move: Roost
|move|p2a: Alomomola|Flip Turn|p1a: Kato
|-damage|p1a: Kato|67/100
|
|t:|1779933961
|switch|p2a: Skarmory|Skarmory, F, shiny|82/100|[from] Flip Turn
|-damage|p2a: Skarmory|70/100|[from] Stealth Rock
|
|-heal|p1a: Kato|73/100|[from] item: Leftovers
|upkeep
|turn|32
|
|t:|1779933979
|switch|p1a: GenderBender|Rotom-Wash, shiny|57/100
|-damage|p1a: GenderBender|44/100|[from] Stealth Rock
|move|p2a: Skarmory|Taunt|p1a: GenderBender
|-start|p1a: GenderBender|move: Taunt
|
|upkeep
|turn|33
|
|t:|1779933991
|switch|p2a: Alomomola|Alomomola, F|100/100 brn
|-damage|p2a: Alomomola|88/100 brn|[from] Stealth Rock
|move|p1a: GenderBender|Volt Switch|p2a: Alomomola
|-supereffective|p2a: Alomomola
|-damage|p2a: Alomomola|54/100 brn
|
|t:|1779934010
|switch|p1a: Kato|Corviknight, M|73/100|[from] Volt Switch
|-damage|p1a: Kato|61/100|[from] Stealth Rock
|
|-heal|p1a: Kato|67/100|[from] item: Leftovers
|-damage|p2a: Alomomola|48/100 brn|[from] brn
|upkeep
|turn|34
|
|t:|1779934019
|move|p1a: Kato|U-turn|p2a: Alomomola
|-damage|p2a: Alomomola|37/100 brn
|
|t:|1779934023
|switch|p1a: GenderBender|Rotom-Wash, shiny|44/100|[from] U-turn
|-damage|p1a: GenderBender|32/100|[from] Stealth Rock
|move|p2a: Alomomola|Flip Turn|p1a: GenderBender
|-resisted|p1a: GenderBender
|-damage|p1a: GenderBender|29/100
|
|t:|1779934032
|switch|p2a: Ogerpon|Ogerpon, F|64/100|[from] Flip Turn
|-damage|p2a: Ogerpon|51/100|[from] Stealth Rock
|
|upkeep
|turn|35
|
|t:|1779934049
|switch|p1a: Beltram|Heatran, F|47/100
|-damage|p1a: Beltram|22/100|[from] Spikes
|-damage|p1a: Beltram|10/100|[from] Stealth Rock
|move|p2a: Ogerpon|Knock Off|p1a: Beltram
|-damage|p1a: Beltram|0 fnt
|faint|p1a: Beltram
|
|upkeep
|
|t:|1779934056
|switch|p1a: Kato|Corviknight, M|67/100
|-damage|p1a: Kato|55/100|[from] Stealth Rock
|turn|36
|
|t:|1779934063
|switch|p2a: Skarmory|Skarmory, F, shiny|70/100
|-damage|p2a: Skarmory|58/100|[from] Stealth Rock
|move|p1a: Kato|U-turn|p2a: Skarmory
|-resisted|p2a: Skarmory
|-damage|p2a: Skarmory|56/100
|-damage|p1a: Kato|38/100|[from] item: Rocky Helmet|[of] p2a: Skarmory
|
|t:|1779934072
|switch|p1a: Alysa Liu|Ting-Lu|23/100 brn|[from] U-turn
|-damage|p1a: Alysa Liu|0 fnt|[from] Spikes
|faint|p1a: Alysa Liu
|
|upkeep
|
|t:|1779934077
|switch|p1a: GenderBender|Rotom-Wash, shiny|29/100
|-damage|p1a: GenderBender|16/100|[from] Stealth Rock
|turn|37
|
|t:|1779934091
|switch|p2a: Clodsire|Clodsire, F, shiny|35/100
|-damage|p2a: Clodsire|29/100|[from] Stealth Rock
|move|p1a: GenderBender|Volt Switch|p2a: Clodsire
|-immune|p2a: Clodsire
|
|upkeep
|turn|38
|
|t:|1779934104
|switch|p1a: Kato|Corviknight, M|38/100
|-damage|p1a: Kato|26/100|[from] Stealth Rock
|move|p2a: Clodsire|Toxic|p1a: Kato
|-immune|p1a: Kato
|
|-heal|p1a: Kato|32/100|[from] item: Leftovers
|upkeep
|turn|39
|
|t:|1779934112
|move|p1a: Kato|Roost|p1a: Kato
|-heal|p1a: Kato|82/100
|-singleturn|p1a: Kato|move: Roost
|move|p2a: Clodsire|Recover|p2a: Clodsire
|-heal|p2a: Clodsire|79/100
|
|-heal|p1a: Kato|88/100|[from] item: Leftovers
|upkeep
|turn|40
|
|t:|1779934124
|switch|p2a: Skarmory|Skarmory, F, shiny|56/100
|-damage|p2a: Skarmory|43/100|[from] Stealth Rock
|move|p1a: Kato|Brave Bird|p2a: Skarmory
|-resisted|p2a: Skarmory
|-damage|p2a: Skarmory|32/100
|-damage|p1a: Kato|72/100|[from] item: Rocky Helmet|[of] p2a: Skarmory
|-damage|p1a: Kato|69/100|[from] Recoil
|
|-heal|p1a: Kato|75/100|[from] item: Leftovers
|upkeep
|turn|41
|
|t:|1779934137
|move|p2a: Skarmory|Roost|p2a: Skarmory
|-heal|p2a: Skarmory|82/100
|-singleturn|p2a: Skarmory|move: Roost
|move|p1a: Kato|Brave Bird|p2a: Skarmory
|-resisted|p2a: Skarmory
|-damage|p2a: Skarmory|69/100
|-damage|p1a: Kato|58/100|[from] item: Rocky Helmet|[of] p2a: Skarmory
|-damage|p1a: Kato|55/100|[from] Recoil
|
|-heal|p1a: Kato|61/100|[from] item: Leftovers
|upkeep
|turn|42
|
|t:|1779934160
|move|p2a: Skarmory|Body Press|p1a: Kato
|-damage|p1a: Kato|41/100
|move|p1a: Kato|Roost|p1a: Kato
|-heal|p1a: Kato|91/100
|-singleturn|p1a: Kato|move: Roost
|
|-heal|p1a: Kato|97/100|[from] item: Leftovers
|upkeep
|turn|43
|
|t:|1779934171
|move|p2a: Skarmory|Body Press|p1a: Kato
|-damage|p1a: Kato|76/100
|move|p1a: Kato|Brave Bird|p2a: Skarmory
|-resisted|p2a: Skarmory
|-damage|p2a: Skarmory|58/100
|-damage|p1a: Kato|60/100|[from] item: Rocky Helmet|[of] p2a: Skarmory
|-damage|p1a: Kato|57/100|[from] Recoil
|
|-heal|p1a: Kato|63/100|[from] item: Leftovers
|upkeep
|turn|44
|
|t:|1779934181
|move|p2a: Skarmory|Taunt|p1a: Kato
|-start|p1a: Kato|move: Taunt
|move|p1a: Kato|Brave Bird|p2a: Skarmory
|-resisted|p2a: Skarmory
|-damage|p2a: Skarmory|47/100
|-damage|p1a: Kato|47/100|[from] item: Rocky Helmet|[of] p2a: Skarmory
|-damage|p1a: Kato|44/100|[from] Recoil
|
|-heal|p1a: Kato|50/100|[from] item: Leftovers
|upkeep
|turn|45
|
|t:|1779934191
|move|p2a: Skarmory|Body Press|p1a: Kato
|-damage|p1a: Kato|30/100
|move|p1a: Kato|Brave Bird|p2a: Skarmory
|-resisted|p2a: Skarmory
|-damage|p2a: Skarmory|35/100
|-damage|p1a: Kato|13/100|[from] item: Rocky Helmet|[of] p2a: Skarmory
|-damage|p1a: Kato|10/100|[from] Recoil
|
|-heal|p1a: Kato|16/100|[from] item: Leftovers
|upkeep
|turn|46
|
|t:|1779934203
|switch|p1a: GenderBender|Rotom-Wash, shiny|16/100
|-damage|p1a: GenderBender|4/100|[from] Stealth Rock
|move|p2a: Skarmory|Body Press|p1a: GenderBender
|-damage|p1a: GenderBender|0 fnt
|faint|p1a: GenderBender
|
|upkeep
|
|t:|1779934211
|switch|p1a: Kato|Corviknight, M|16/100
|-damage|p1a: Kato|4/100|[from] Stealth Rock
|turn|47
|
|t:|1779934215
|move|p2a: Skarmory|Body Press|p1a: Kato
|-damage|p1a: Kato|0 fnt
|faint|p1a: Kato
|
|win|Tame Impino
|raw|Pcao's rating: 1000 &rarr; <strong>1000</strong><br />(+0 for losing)
|raw|Tame Impino's rating: 1026 &rarr; <strong>1059</strong><br />(+33 for winning)
