|j|☆titantvman
|j|☆eserraba
|t:|1779894930
|gametype|singles
|player|p1|titantvman|2|1136
|player|p2|eserraba|101|1119
|gen|9
|tier|[Gen 9] OU
|rated|
|rule|HP Percentage Mod: HP is shown in percentages
|rule|Endless Battle Clause: Forcing endless battles is banned
|rule|Species Clause: Limit one of each Pokémon
|rule|OHKO Clause: OHKO moves are banned
|rule|Evasion Items Clause: Evasion items are banned
|rule|Evasion Moves Clause: Evasion moves are banned
|rule|Evasion Abilities Clause: Evasion abilities are banned
|rule|Sleep Moves Clause: Sleep-inducing moves are banned
|clearpoke
|poke|p1|Pelipper, M|
|poke|p1|Barraskewda, F|
|poke|p1|Keldeo-Resolute|
|poke|p1|Raging Bolt|
|poke|p1|Great Tusk|
|poke|p1|Kingambit, F|
|poke|p2|Masquerain, F|
|poke|p2|Eelektross, F|
|poke|p2|Shiftry, M|
|poke|p2|Volbeat, M|
|poke|p2|Seviper, F|
|poke|p2|Golduck, M|
|teampreview
|inactive|Battle timer is ON: inactive players will automatically lose when time's up. (requested by eserraba)
|
|t:|1779894946
|teamsize|p1|6
|teamsize|p2|6
|start
|switch|p1a: Pelipper|Pelipper, M|100/100
|switch|p2a: Golduck|Golduck, M|100/100
|-ability|p2a: Golduck|Cloud Nine
|-weather|RainDance|[from] ability: Drizzle|[of] p1a: Pelipper
|turn|1
|
|t:|1779894959
|move|p2a: Golduck|Nasty Plot|p2a: Golduck
|-boost|p2a: Golduck|spa|2
|move|p1a: Pelipper|U-turn|p2a: Golduck
|-damage|p2a: Golduck|89/100
|
|t:|1779894966
|switch|p1a: Raging Bolt|Raging Bolt|100/100|[from] U-turn
|
|-weather|RainDance|[upkeep]
|upkeep
|turn|2
|
|t:|1779894977
|-terastallize|p2a: Golduck|Grass
|move|p2a: Golduck|Nasty Plot|p2a: Golduck
|-boost|p2a: Golduck|spa|2
|move|p1a: Raging Bolt|Calm Mind|p1a: Raging Bolt
|-boost|p1a: Raging Bolt|spa|1
|-boost|p1a: Raging Bolt|spd|1
|
|-weather|RainDance|[upkeep]
|upkeep
|turn|3
|
|t:|1779894991
|move|p2a: Golduck|Psychic Noise|p1a: Raging Bolt
|-damage|p1a: Raging Bolt|67/100
|-start|p1a: Raging Bolt|move: Heal Block
|move|p1a: Raging Bolt|Dragon Pulse|p2a: Golduck
|-damage|p2a: Golduck|0 fnt
|faint|p2a: Golduck
|
|-weather|RainDance|[upkeep]
|upkeep
|
|t:|1779895000
|switch|p2a: Seviper|Seviper, F|100/100
|turn|4
|
|t:|1779895008
|move|p1a: Raging Bolt|Thunderclap||[still]
|-fail|p1a: Raging Bolt
|move|p2a: Seviper|Switcheroo|p1a: Raging Bolt
|-activate|p2a: Seviper|move: Trick|[of] p1a: Raging Bolt
|-item|p1a: Raging Bolt|Choice Scarf|[from] move: Switcheroo
|-item|p2a: Seviper|Leftovers|[from] move: Switcheroo
|
|-weather|RainDance|[upkeep]
|-end|p1a: Raging Bolt|move: Heal Block
|upkeep
|turn|5
|
|t:|1779895016
|switch|p2a: Eelektross|Eelektross, F|100/100
|move|p1a: Raging Bolt|Dragon Pulse|p2a: Eelektross
|-damage|p2a: Eelektross|42/100
|
|-weather|RainDance|[upkeep]
|upkeep
|turn|6
|
|t:|1779895024
|switch|p2a: Volbeat|Volbeat, M|100/100
|move|p1a: Raging Bolt|Dragon Pulse|p2a: Volbeat
|-damage|p2a: Volbeat|6/100
|-enditem|p2a: Volbeat|Red Card|[of] p1a: Raging Bolt
|-end|p1a: Raging Bolt|Protosynthesis|[silent]
|drag|p1a: Pelipper|Pelipper, M|100/100
|
|-weather|RainDance|[upkeep]
|upkeep
|turn|7
|
|t:|1779895034
|switch|p2a: Shiftry|Shiftry, M|100/100
|move|p1a: Pelipper|U-turn|p2a: Shiftry
|-supereffective|p2a: Shiftry
|-damage|p2a: Shiftry|49/100
|
|t:|1779895046
|switch|p1a: Barraskewda|Barraskewda, F|100/100|[from] U-turn
|
|-weather|RainDance|[upkeep]
|upkeep
|turn|8
|
|t:|1779895053
|move|p2a: Shiftry|Sucker Punch|p1a: Barraskewda
|-damage|p1a: Barraskewda|39/100
|move|p1a: Barraskewda|Close Combat|p2a: Shiftry
|-supereffective|p2a: Shiftry
|-damage|p2a: Shiftry|0 fnt
|-unboost|p1a: Barraskewda|def|1
|-unboost|p1a: Barraskewda|spd|1
|faint|p2a: Shiftry
|
|-weather|none
|upkeep
|
|t:|1779895062
|switch|p2a: Masquerain|Masquerain, F|100/100
|-ability|p2a: Masquerain|Intimidate|boost
|-unboost|p1a: Barraskewda|atk|1
|turn|9
|
|t:|1779895072
|switch|p1a: Great Tusk|Great Tusk|100/100
|move|p2a: Masquerain|Quiver Dance|p2a: Masquerain
|-boost|p2a: Masquerain|spa|1
|-boost|p2a: Masquerain|spd|1
|-boost|p2a: Masquerain|spe|1
|
|upkeep
|turn|10
|
|t:|1779895081
|-terastallize|p1a: Great Tusk|Steel
|move|p2a: Masquerain|Quiver Dance|p2a: Masquerain
|-boost|p2a: Masquerain|spa|1
|-boost|p2a: Masquerain|spd|1
|-boost|p2a: Masquerain|spe|1
|move|p1a: Great Tusk|Stealth Rock|p2a: Masquerain
|-sidestart|p2: eserraba|move: Stealth Rock
|
|upkeep
|turn|11
|
|t:|1779895093
|move|p2a: Masquerain|Quiver Dance|p2a: Masquerain
|-boost|p2a: Masquerain|spa|1
|-boost|p2a: Masquerain|spd|1
|-boost|p2a: Masquerain|spe|1
|move|p1a: Great Tusk|Knock Off|p2a: Masquerain
|-damage|p2a: Masquerain|51/100
|-enditem|p2a: Masquerain|Heavy-Duty Boots|[from] move: Knock Off|[of] p1a: Great Tusk
|
|upkeep
|turn|12
|
|t:|1779895102
|move|p2a: Masquerain|Mud Shot|p1a: Great Tusk
|-supereffective|p1a: Great Tusk
|-damage|p1a: Great Tusk|0 fnt
|faint|p1a: Great Tusk
|-end|p1a: Great Tusk|Protosynthesis|[silent]
|
|upkeep
|
|t:|1779895108
|switch|p1a: Barraskewda|Barraskewda, F|39/100
|turn|13
|
|t:|1779895112
|move|p1a: Barraskewda|Aqua Jet|p2a: Masquerain
|-crit|p2a: Masquerain
|-damage|p2a: Masquerain|0 fnt
|faint|p2a: Masquerain
|
|upkeep
|
|t:|1779895117
|switch|p2a: Seviper|Seviper, F|100/100
|-damage|p2a: Seviper|88/100|[from] Stealth Rock
|turn|14
|
|t:|1779895125
|switch|p1a: Kingambit|Kingambit, F|100/100
|-activate|p1a: Kingambit|ability: Supreme Overlord
|-start|p1a: Kingambit|fallen1|[silent]
|move|p2a: Seviper|Earthquake|p1a: Kingambit
|-supereffective|p1a: Kingambit
|-damage|p1a: Kingambit|54/100
|
|-heal|p2a: Seviper|94/100|[from] item: Leftovers
|upkeep
|turn|15
|
|t:|1779895137
|-end|p1a: Kingambit|fallen1|[silent]
|switch|p1a: Pelipper|Pelipper, M|100/100
|-weather|RainDance|[from] ability: Drizzle|[of] p1a: Pelipper
|move|p2a: Seviper|Flamethrower|p1a: Pelipper
|-resisted|p1a: Pelipper
|-damage|p1a: Pelipper|93/100
|
|-weather|RainDance|[upkeep]
|-heal|p2a: Seviper|99/100|[from] item: Leftovers
|upkeep
|turn|16
|
|t:|1779895149
|move|p2a: Seviper|Poison Jab|p1a: Pelipper
|-damage|p1a: Pelipper|68/100
|move|p1a: Pelipper|Surf|p2a: Seviper
|-crit|p2a: Seviper
|-damage|p2a: Seviper|0 fnt
|faint|p2a: Seviper
|
|-weather|RainDance|[upkeep]
|upkeep
|-message|eserraba forfeited.
|
|win|titantvman
|raw|titantvman's rating: 1136 &rarr; <strong>1160</strong><br />(+24 for winning)
|raw|eserraba's rating: 1119 &rarr; <strong>1095</strong><br />(-24 for losing)
|l|☆eserraba
|player|p2|
|l|☆titantvman
|player|p1|
