|j|☆Vbbjjj
|j|☆Docter_Peng99
|t:|1779827693
|gametype|singles
|player|p1|Vbbjjj|picnicker|1337
|player|p2|Docter_Peng99|corbeau|1339
|gen|9
|tier|[Gen 9] OU
|rated|
|rule|HP Percentage Mod: HP is shown in percentages
|rule|Endless Battle Clause: Forcing endless battles is banned
|rule|Species Clause: Limit one of each Pokémon
|rule|OHKO Clause: OHKO moves are banned
|rule|Evasion Items Clause: Evasion items are banned
|rule|Evasion Moves Clause: Evasion moves are banned
|rule|Evasion Abilities Clause: Evasion abilities are banned
|rule|Sleep Moves Clause: Sleep-inducing moves are banned
|clearpoke
|poke|p1|Gliscor, M|
|poke|p1|Umbreon, F|
|poke|p1|Dragapult, M|
|poke|p1|Gholdengo|
|poke|p1|Cinderace, F|
|poke|p1|Ditto|
|poke|p2|Ting-Lu|
|poke|p2|Great Tusk|
|poke|p2|Tornadus-Therian, M|
|poke|p2|Ogerpon-Wellspring, F|
|poke|p2|Gholdengo|
|poke|p2|Kingambit, M|
|teampreview
|inactive|Battle timer is ON: inactive players will automatically lose when time's up. (requested by Vbbjjj)
|
|t:|1779827697
|teamsize|p1|6
|teamsize|p2|6
|start
|switch|p1a: Gliscor|Gliscor, M, shiny|100/100
|switch|p2a: Ruinous Bowl|Ting-Lu|100/100
|-ability|p2a: Ruinous Bowl|Vessel of Ruin
|turn|1
|
|t:|1779827705
|move|p1a: Gliscor|Toxic|p2a: Ruinous Bowl
|-status|p2a: Ruinous Bowl|tox
|move|p2a: Ruinous Bowl|Spikes|p1a: Gliscor
|-sidestart|p1: Vbbjjj|Spikes
|
|-damage|p2a: Ruinous Bowl|94/100 tox|[from] psn
|-status|p1a: Gliscor|tox|[from] item: Toxic Orb
|upkeep
|turn|2
|
|t:|1779827722
|move|p1a: Gliscor|Substitute|p1a: Gliscor
|-start|p1a: Gliscor|Substitute
|-damage|p1a: Gliscor|76/100 tox
|move|p2a: Ruinous Bowl|Spikes|p1a: Gliscor
|-sidestart|p1: Vbbjjj|Spikes
|
|-heal|p2a: Ruinous Bowl|100/100 tox|[from] item: Leftovers
|-heal|p1a: Gliscor|88/100 tox|[from] ability: Poison Heal
|-damage|p2a: Ruinous Bowl|88/100 tox|[from] psn
|upkeep
|turn|3
|
|t:|1779827727
|move|p1a: Gliscor|Earthquake|p2a: Ruinous Bowl
|-damage|p2a: Ruinous Bowl|71/100 tox
|move|p2a: Ruinous Bowl|Spikes|p1a: Gliscor
|-sidestart|p1: Vbbjjj|Spikes
|
|-heal|p2a: Ruinous Bowl|77/100 tox|[from] item: Leftovers
|-heal|p1a: Gliscor|100/100 tox|[from] ability: Poison Heal
|-damage|p2a: Ruinous Bowl|58/100 tox|[from] psn
|upkeep
|turn|4
|
|t:|1779827732
|move|p1a: Gliscor|Earthquake|p2a: Ruinous Bowl
|-damage|p2a: Ruinous Bowl|42/100 tox
|move|p2a: Ruinous Bowl|Whirlwind|p1a: Gliscor
|drag|p1a: Gholdengo|Gholdengo, shiny|100/100
|-damage|p1a: Gholdengo|76/100|[from] Spikes
|
|-heal|p2a: Ruinous Bowl|48/100 tox|[from] item: Leftovers
|-damage|p2a: Ruinous Bowl|23/100 tox|[from] psn
|upkeep
|turn|5
|
|t:|1779827745
|switch|p1a: Gliscor|Gliscor, M, shiny|100/100 tox
|move|p2a: Ruinous Bowl|Ruination|p1a: Gliscor
|-damage|p1a: Gliscor|50/100 tox
|
|-heal|p2a: Ruinous Bowl|29/100 tox|[from] item: Leftovers
|-heal|p1a: Gliscor|63/100 tox|[from] ability: Poison Heal
|-damage|p2a: Ruinous Bowl|0 fnt|[from] psn
|faint|p2a: Ruinous Bowl
|upkeep
|
|t:|1779827749
|switch|p2a: Mr. Moneybags|Gholdengo|100/100
|turn|6
|
|t:|1779827755
|move|p1a: Gliscor|Protect|p1a: Gliscor
|-singleturn|p1a: Gliscor|Protect
|move|p2a: Mr. Moneybags|Trick|p1a: Gliscor
|-activate|p1a: Gliscor|move: Protect
|
|-heal|p1a: Gliscor|75/100 tox|[from] ability: Poison Heal
|upkeep
|turn|7
|
|t:|1779827760
|switch|p2a: Ancient Elephant|Great Tusk|100/100
|switch|p1a: Gholdengo|Gholdengo, shiny|76/100
|-damage|p1a: Gholdengo|51/100|[from] Spikes
|
|upkeep
|turn|8
|
|t:|1779827768
|move|p1a: Gholdengo|Trick|p2a: Ancient Elephant
|-activate|p1a: Gholdengo|move: Trick|[of] p2a: Ancient Elephant
|-item|p2a: Ancient Elephant|Choice Scarf|[from] move: Trick
|-item|p1a: Gholdengo|Heavy-Duty Boots|[from] move: Trick
|move|p2a: Ancient Elephant|Headlong Rush|p1a: Gholdengo
|-supereffective|p1a: Gholdengo
|-damage|p1a: Gholdengo|0 fnt
|-unboost|p2a: Ancient Elephant|def|1
|-unboost|p2a: Ancient Elephant|spd|1
|faint|p1a: Gholdengo
|
|upkeep
|
|t:|1779827775
|switch|p1a: Gliscor|Gliscor, M, shiny|75/100 tox
|turn|9
|
|t:|1779827779
|-end|p2a: Ancient Elephant|Protosynthesis|[silent]
|switch|p2a: Mr. Moneybags|Gholdengo|100/100
|move|p1a: Gliscor|Substitute|p1a: Gliscor
|-start|p1a: Gliscor|Substitute
|-damage|p1a: Gliscor|50/100 tox
|
|-heal|p1a: Gliscor|63/100 tox|[from] ability: Poison Heal
|upkeep
|turn|10
|
|t:|1779827786
|move|p2a: Mr. Moneybags|Shadow Ball|p1a: Gliscor
|-end|p1a: Gliscor|Substitute
|move|p1a: Gliscor|Earthquake|p2a: Mr. Moneybags
|-supereffective|p2a: Mr. Moneybags
|-damage|p2a: Mr. Moneybags|29/100
|
|-heal|p1a: Gliscor|75/100 tox|[from] ability: Poison Heal
|upkeep
|turn|11
|
|t:|1779827790
|move|p1a: Gliscor|Protect|p1a: Gliscor
|-singleturn|p1a: Gliscor|Protect
|move|p2a: Mr. Moneybags|Shadow Ball|p1a: Gliscor
|-activate|p1a: Gliscor|move: Protect
|
|-heal|p1a: Gliscor|88/100 tox|[from] ability: Poison Heal
|upkeep
|turn|12
|
|t:|1779827796
|switch|p1a: Umbreon|Umbreon, F, shiny|100/100
|-damage|p1a: Umbreon|76/100|[from] Spikes
|move|p2a: Mr. Moneybags|Shadow Ball|p1a: Umbreon
|-resisted|p1a: Umbreon
|-damage|p1a: Umbreon|64/100
|
|-heal|p1a: Umbreon|70/100|[from] item: Leftovers
|upkeep
|turn|13
|inactive|Vbbjjj has 120 seconds left.
|
|t:|1779827855
|switch|p2a: Fujin|Tornadus-Therian, M|100/100
|move|p1a: Umbreon|Wish|p1a: Umbreon
|
|-heal|p1a: Umbreon|76/100|[from] item: Leftovers
|upkeep
|turn|14
|
|t:|1779827859
|move|p2a: Fujin|U-turn|p1a: Umbreon
|-supereffective|p1a: Umbreon
|-damage|p1a: Umbreon|54/100
|
|t:|1779827862
|switch|p2a: Mr. Moneybags|Gholdengo|29/100|[from] U-turn
|move|p1a: Umbreon|Toxic|p2a: Mr. Moneybags
|-immune|p2a: Mr. Moneybags|[from] ability: Good as Gold
|
|-heal|p1a: Umbreon|100/100|[from] move: Wish|[wisher] Umbreon
|upkeep
|turn|15
|
|t:|1779827865
|move|p2a: Mr. Moneybags|Trick|p1a: Umbreon
|-activate|p2a: Mr. Moneybags|move: Trick|[of] p1a: Umbreon
|-item|p1a: Umbreon|Choice Scarf|[from] move: Trick
|-item|p2a: Mr. Moneybags|Leftovers|[from] move: Trick
|move|p1a: Umbreon|Foul Play|p2a: Mr. Moneybags
|-supereffective|p2a: Mr. Moneybags
|-damage|p2a: Mr. Moneybags|0 fnt
|faint|p2a: Mr. Moneybags
|
|upkeep
|
|t:|1779827871
|switch|p2a: Ancient Elephant|Great Tusk|100/100
|turn|16
|
|t:|1779827885
|switch|p1a: Dragapult|Dragapult, M, shiny|100/100
|-damage|p1a: Dragapult|76/100|[from] Spikes
|move|p2a: Ancient Elephant|Ice Spinner|p1a: Dragapult
|-supereffective|p1a: Dragapult
|-damage|p1a: Dragapult|0 fnt
|faint|p1a: Dragapult
|
|upkeep
|inactive|Vbbjjj has 120 seconds left.
|
|t:|1779827902
|switch|p1a: Gliscor|Gliscor, M, shiny|88/100 tox
|turn|17
|
|t:|1779827907
|-terastallize|p1a: Gliscor|Water
|move|p2a: Ancient Elephant|Ice Spinner|p1a: Gliscor
|-resisted|p1a: Gliscor
|-damage|p1a: Gliscor|80/100 tox
|move|p1a: Gliscor|Toxic|p2a: Ancient Elephant
|-status|p2a: Ancient Elephant|tox
|
|-damage|p2a: Ancient Elephant|94/100 tox|[from] psn
|-heal|p1a: Gliscor|92/100 tox|[from] ability: Poison Heal
|upkeep
|turn|18
|
|t:|1779827918
|move|p2a: Ancient Elephant|Ice Spinner|p1a: Gliscor
|-resisted|p1a: Gliscor
|-damage|p1a: Gliscor|84/100 tox
|move|p1a: Gliscor|Substitute|p1a: Gliscor
|-start|p1a: Gliscor|Substitute
|-damage|p1a: Gliscor|59/100 tox
|
|-damage|p2a: Ancient Elephant|82/100 tox|[from] psn
|-heal|p1a: Gliscor|71/100 tox|[from] ability: Poison Heal
|upkeep
|turn|19
|
|t:|1779827923
|move|p1a: Gliscor|Protect|p1a: Gliscor
|-singleturn|p1a: Gliscor|Protect
|move|p2a: Ancient Elephant|Ice Spinner|p1a: Gliscor
|-activate|p1a: Gliscor|move: Protect
|
|-damage|p2a: Ancient Elephant|63/100 tox|[from] psn
|-heal|p1a: Gliscor|84/100 tox|[from] ability: Poison Heal
|upkeep
|turn|20
|
|t:|1779827925
|move|p2a: Ancient Elephant|Ice Spinner|p1a: Gliscor
|-resisted|p1a: Gliscor
|-activate|p1a: Gliscor|move: Substitute|[damage]
|move|p1a: Gliscor|Substitute|p1a: Gliscor
|-fail|p1a: Gliscor|move: Substitute
|
|-damage|p2a: Ancient Elephant|39/100 tox|[from] psn
|-heal|p1a: Gliscor|96/100 tox|[from] ability: Poison Heal
|upkeep
|turn|21
|
|t:|1779827927
|move|p1a: Gliscor|Protect|p1a: Gliscor
|-singleturn|p1a: Gliscor|Protect
|move|p2a: Ancient Elephant|Ice Spinner|p1a: Gliscor
|-activate|p1a: Gliscor|move: Protect
|
|-damage|p2a: Ancient Elephant|8/100 tox|[from] psn
|-heal|p1a: Gliscor|100/100 tox|[from] ability: Poison Heal
|upkeep
|turn|22
|
|t:|1779827930
|move|p2a: Ancient Elephant|Ice Spinner|p1a: Gliscor
|-resisted|p1a: Gliscor
|-activate|p1a: Gliscor|move: Substitute|[damage]
|move|p1a: Gliscor|Substitute|p1a: Gliscor
|-fail|p1a: Gliscor|move: Substitute
|
|-damage|p2a: Ancient Elephant|0 fnt|[from] psn
|faint|p2a: Ancient Elephant
|-end|p2a: Ancient Elephant|Protosynthesis|[silent]
|upkeep
|
|t:|1779827931
|switch|p2a: Fujin|Tornadus-Therian, M|100/100
|turn|23
|
|t:|1779827933
|move|p2a: Fujin|Bleakwind Storm|p1a: Gliscor
|-end|p1a: Gliscor|Substitute
|move|p1a: Gliscor|Toxic|p2a: Fujin
|-status|p2a: Fujin|tox
|
|-damage|p2a: Fujin|94/100 tox|[from] psn
|upkeep
|turn|24
|
|t:|1779827938
|move|p1a: Gliscor|Protect|p1a: Gliscor
|-singleturn|p1a: Gliscor|Protect
|move|p2a: Fujin|Knock Off|p1a: Gliscor
|-activate|p1a: Gliscor|move: Protect
|
|-damage|p2a: Fujin|82/100 tox|[from] psn
|upkeep
|turn|25
|
|t:|1779827940
|switch|p1a: Umbreon|Umbreon, F, shiny|100/100
|-damage|p1a: Umbreon|76/100|[from] Spikes
|move|p2a: Fujin|Knock Off|p1a: Umbreon
|-resisted|p1a: Umbreon
|-damage|p1a: Umbreon|68/100
|-enditem|p1a: Umbreon|Choice Scarf|[from] move: Knock Off|[of] p2a: Fujin
|
|-damage|p2a: Fujin|64/100 tox|[from] psn
|upkeep
|turn|26
|c|☆Vbbjjj|Gracias
|c|☆Vbbjjj|Uwu
|
|t:|1779827960
|move|p2a: Fujin|Bleakwind Storm|p1a: Umbreon
|-damage|p1a: Umbreon|47/100
|-unboost|p1a: Umbreon|spe|1
|move|p1a: Umbreon|Wish|p1a: Umbreon
|
|-damage|p2a: Fujin|39/100 tox|[from] psn
|upkeep
|turn|27
|
|t:|1779827966
|move|p1a: Umbreon|Protect|p1a: Umbreon
|-singleturn|p1a: Umbreon|Protect
|move|p2a: Fujin|Bleakwind Storm|p1a: Umbreon
|-activate|p1a: Umbreon|move: Protect
|
|-heal|p1a: Umbreon|97/100|[from] move: Wish|[wisher] Umbreon
|-damage|p2a: Fujin|9/100 tox|[from] psn
|upkeep
|turn|28
|
|t:|1779827969
|move|p2a: Fujin|Bleakwind Storm|p1a: Umbreon
|-damage|p1a: Umbreon|78/100
|move|p1a: Umbreon|Wish|p1a: Umbreon
|
|-damage|p2a: Fujin|0 fnt|[from] psn
|faint|p2a: Fujin
|upkeep
|
|t:|1779827971
|switch|p2a: WarCrimes|Ogerpon-Wellspring, F|100/100
|turn|29
|
|t:|1779827978
|move|p2a: WarCrimes|Swords Dance|p2a: WarCrimes
|-boost|p2a: WarCrimes|atk|2
|move|p1a: Umbreon|Foul Play|p2a: WarCrimes
|-damage|p2a: WarCrimes|0 fnt
|faint|p2a: WarCrimes
|
|-heal|p1a: Umbreon|100/100|[from] move: Wish|[wisher] Umbreon
|upkeep
|
|t:|1779827980
|switch|p2a: Checkmate|Kingambit, M, shiny|100/100
|-activate|p2a: Checkmate|ability: Supreme Overlord
|-start|p2a: Checkmate|fallen5|[silent]
|-item|p2a: Checkmate|Air Balloon
|turn|30
|c|☆Vbbjjj|:3
|
|t:|1779827993
|switch|p1a: Gliscor|Gliscor, M, shiny, tera:Water|100/100 tox
|-damage|p1a: Gliscor|76/100 tox|[from] Spikes
|move|p2a: Checkmate|Low Kick|p1a: Gliscor
|-damage|p1a: Gliscor|53/100 tox
|
|-heal|p1a: Gliscor|65/100 tox|[from] ability: Poison Heal
|upkeep
|turn|31
|
|t:|1779827999
|move|p1a: Gliscor|Substitute|p1a: Gliscor
|-start|p1a: Gliscor|Substitute
|-damage|p1a: Gliscor|40/100 tox
|move|p2a: Checkmate|Swords Dance|p2a: Checkmate
|-boost|p2a: Checkmate|atk|2
|
|-heal|p1a: Gliscor|53/100 tox|[from] ability: Poison Heal
|upkeep
|turn|32
|
|t:|1779828015
|move|p1a: Gliscor|Earthquake|p2a: Checkmate
|-immune|p2a: Checkmate
|move|p2a: Checkmate|Swords Dance|p2a: Checkmate
|-boost|p2a: Checkmate|atk|2
|
|-heal|p1a: Gliscor|65/100 tox|[from] ability: Poison Heal
|upkeep
|turn|33
|
|t:|1779828027
|switch|p1a: Umbreon|Umbreon, F, shiny|100/100
|-damage|p1a: Umbreon|76/100|[from] Spikes
|move|p2a: Checkmate|Swords Dance|p2a: Checkmate
|-boost|p2a: Checkmate|atk|2
|
|upkeep
|turn|34
|
|t:|1779828029
|move|p2a: Checkmate|Low Kick|p1a: Umbreon
|-supereffective|p1a: Umbreon
|-damage|p1a: Umbreon|0 fnt
|faint|p1a: Umbreon
|
|upkeep
|
|t:|1779828035
|switch|p1a: Cinderace|Cinderace, F, shiny|100/100
|turn|35
|
|t:|1779828040
|move|p1a: Cinderace|Sucker Punch|p2a: Checkmate
|-start|p1a: Cinderace|typechange|Dark|[from] ability: Libero
|-resisted|p2a: Checkmate
|-damage|p2a: Checkmate|86/100
|-enditem|p2a: Checkmate|Air Balloon
|move|p2a: Checkmate|Sucker Punch||[still]
|-fail|p2a: Checkmate
|
|upkeep
|turn|36
|
|t:|1779828047
|move|p2a: Checkmate|Sucker Punch|p1a: Cinderace
|-resisted|p1a: Cinderace
|-damage|p1a: Cinderace|0 fnt
|faint|p1a: Cinderace
|
|upkeep
|
|t:|1779828058
|switch|p1a: Gliscor|Gliscor, M, shiny, tera:Water|65/100 tox
|-damage|p1a: Gliscor|40/100 tox|[from] Spikes
|turn|37
|
|t:|1779828061
|move|p1a: Gliscor|Protect|p1a: Gliscor
|-singleturn|p1a: Gliscor|Protect
|move|p2a: Checkmate|Kowtow Cleave|p1a: Gliscor
|-activate|p1a: Gliscor|move: Protect
|
|-heal|p1a: Gliscor|53/100 tox|[from] ability: Poison Heal
|upkeep
|turn|38
|
|t:|1779828074
|move|p1a: Gliscor|Earthquake|p2a: Checkmate
|-supereffective|p2a: Checkmate
|-damage|p2a: Checkmate|25/100
|move|p2a: Checkmate|Kowtow Cleave|p1a: Gliscor
|-damage|p1a: Gliscor|0 fnt
|faint|p1a: Gliscor
|
|upkeep
|
|t:|1779828080
|switch|p1a: Ditto|Ditto, shiny|100/100
|-damage|p1a: Ditto|76/100|[from] Spikes
|-transform|p1a: Ditto|p2a: Checkmate|[from] ability: Imposter
|-activate|p1a: Ditto|ability: Supreme Overlord
|-start|p1a: Ditto|fallen5|[silent]
|turn|39
|
|t:|1779828085
|-terastallize|p2a: Checkmate|Ghost
|move|p1a: Ditto|Low Kick|p2a: Checkmate
|-immune|p2a: Checkmate
|move|p2a: Checkmate|Low Kick|p1a: Ditto
|-supereffective|p1a: Ditto
|-damage|p1a: Ditto|0 fnt
|faint|p1a: Ditto
|-end|p1a: Ditto|fallen5|[silent]
|
|win|Docter_Peng99
|raw|Vbbjjj's rating: 1360 &rarr; <strong>1339</strong><br />(-21 for losing)
|raw|Docter_Peng99's rating: 1339 &rarr; <strong>1360</strong><br />(+21 for winning)
|l|☆Vbbjjj
|player|p1|
|c|☆Docter_Peng99|gg
