|j|☆Traffalgaar
|j|☆Ecrypsel
|t:|1779806802
|gametype|singles
|player|p1|Traffalgaar|koga|1190
|player|p2|Ecrypsel|lady|1217
|gen|9
|tier|[Gen 9] OU
|rated|
|rule|HP Percentage Mod: HP is shown in percentages
|rule|Endless Battle Clause: Forcing endless battles is banned
|rule|Species Clause: Limit one of each Pokémon
|rule|OHKO Clause: OHKO moves are banned
|rule|Evasion Items Clause: Evasion items are banned
|rule|Evasion Moves Clause: Evasion moves are banned
|rule|Evasion Abilities Clause: Evasion abilities are banned
|rule|Sleep Moves Clause: Sleep-inducing moves are banned
|clearpoke
|poke|p1|Hydrapple, M|
|poke|p1|Toxapex, M|
|poke|p1|Tornadus-Therian, M|
|poke|p1|Slowking-Galar, M|
|poke|p1|Mienshao, F|
|poke|p1|Cyclizar, F|
|poke|p2|Great Tusk|
|poke|p2|Kingambit, F|
|poke|p2|Dragapult, M|
|poke|p2|Iron Valiant|
|poke|p2|Gholdengo|
|poke|p2|Dragonite, M|
|teampreview
|inactive|Battle timer is ON: inactive players will automatically lose when time's up. (requested by Ecrypsel)
|
|t:|1779806808
|teamsize|p1|6
|teamsize|p2|6
|start
|switch|p1a: Shifu|Mienshao, F|100/100
|switch|p2a: Great Tusk|Great Tusk, shiny|100/100
|turn|1
|
|t:|1779806816
|move|p1a: Shifu|Ice Spinner|p2a: Great Tusk
|-supereffective|p2a: Great Tusk
|-damage|p2a: Great Tusk|73/100
|move|p2a: Great Tusk|Stealth Rock|p1a: Shifu
|-sidestart|p1: Traffalgaar|move: Stealth Rock
|
|-heal|p2a: Great Tusk|79/100|[from] item: Leftovers
|upkeep
|turn|2
|
|t:|1779806835
|-end|p2a: Great Tusk|Protosynthesis|[silent]
|switch|p2a: Iron Valiant|Iron Valiant, shiny|100/100
|-enditem|p2a: Iron Valiant|Booster Energy
|-activate|p2a: Iron Valiant|ability: Quark Drive|[fromitem]
|-start|p2a: Iron Valiant|quarkdrivespe
|move|p1a: Shifu|High Jump Kick|p2a: Iron Valiant
|-resisted|p2a: Iron Valiant
|-damage|p2a: Iron Valiant|53/100
|
|upkeep
|turn|3
|
|t:|1779806847
|switch|p1a: Kancer|Toxapex, M|100/100
|-damage|p1a: Kancer|88/100|[from] Stealth Rock
|move|p2a: Iron Valiant|Moonblast|p1a: Kancer
|-resisted|p1a: Kancer
|-damage|p1a: Kancer|70/100
|
|-heal|p1a: Kancer|76/100|[from] item: Leftovers
|upkeep
|turn|4
|
|t:|1779806857
|move|p2a: Iron Valiant|Thunderbolt|p1a: Kancer
|-supereffective|p1a: Kancer
|-damage|p1a: Kancer|30/100
|move|p1a: Kancer|Toxic|p2a: Iron Valiant
|-status|p2a: Iron Valiant|tox
|
|-heal|p1a: Kancer|37/100|[from] item: Leftovers
|-damage|p2a: Iron Valiant|47/100 tox|[from] psn
|upkeep
|turn|5
|
|t:|1779806867
|switch|p1a: Slowmaster|Slowking-Galar, M|100/100
|-damage|p1a: Slowmaster|88/100|[from] Stealth Rock
|move|p2a: Iron Valiant|Thunderbolt|p1a: Slowmaster
|-damage|p1a: Slowmaster|65/100
|
|-damage|p2a: Iron Valiant|34/100 tox|[from] psn
|upkeep
|turn|6
|
|t:|1779806878
|-end|p2a: Iron Valiant|Quark Drive|[silent]
|switch|p2a: Gholdengo|Gholdengo, shiny|100/100
|-item|p2a: Gholdengo|Air Balloon
|move|p1a: Slowmaster|Fire Blast|p2a: Gholdengo
|-supereffective|p2a: Gholdengo
|-damage|p2a: Gholdengo|0 fnt
|-enditem|p2a: Gholdengo|Air Balloon
|faint|p2a: Gholdengo
|
|upkeep
|
|t:|1779806882
|switch|p2a: Kingambit|Kingambit, F, shiny|100/100
|-activate|p2a: Kingambit|ability: Supreme Overlord
|-start|p2a: Kingambit|fallen1|[silent]
|turn|7
|
|t:|1779806893
|switch|p1a: Shifu|Mienshao, F|100/100
|-damage|p1a: Shifu|95/100|[from] Stealth Rock
|move|p2a: Kingambit|Kowtow Cleave|p1a: Shifu
|-resisted|p1a: Shifu
|-damage|p1a: Shifu|35/100
|
|upkeep
|turn|8
|
|t:|1779806906
|-end|p2a: Kingambit|fallen1|[silent]
|switch|p2a: Dragapult|Dragapult, M, shiny|100/100
|move|p1a: Shifu|U-turn|p2a: Dragapult
|-resisted|p2a: Dragapult
|-damage|p2a: Dragapult|81/100
|
|t:|1779806912
|switch|p1a: Bourvil|Cyclizar, F|100/100|[from] U-turn
|-damage|p1a: Bourvil|88/100|[from] Stealth Rock
|
|upkeep
|turn|9
|inactive|Ecrypsel has 120 seconds left.
|
|t:|1779806944
|-terastallize|p1a: Bourvil|Fairy
|move|p2a: Dragapult|Draco Meteor|p1a: Bourvil
|-immune|p1a: Bourvil
|move|p1a: Bourvil|Draco Meteor|p2a: Dragapult
|-supereffective|p2a: Dragapult
|-damage|p2a: Dragapult|0 fnt
|-unboost|p1a: Bourvil|spa|2
|faint|p2a: Dragapult
|
|upkeep
|inactive|Ecrypsel has 120 seconds left.
|
|t:|1779806957
|switch|p2a: Dragonite|Dragonite, M, shiny|100/100
|turn|10
|
|t:|1779806961
|-terastallize|p2a: Dragonite|Normal
|move|p1a: Bourvil|Rapid Spin|p2a: Dragonite
|-damage|p2a: Dragonite|92/100
|-boost|p1a: Bourvil|spe|1
|-sideend|p1: Traffalgaar|Stealth Rock|[from] move: Rapid Spin|[of] p1a: Bourvil
|move|p2a: Dragonite|Dragon Dance|p2a: Dragonite
|-boost|p2a: Dragonite|atk|1
|-boost|p2a: Dragonite|spe|1
|
|upkeep
|turn|11
|
|t:|1779806971
|move|p1a: Bourvil|U-turn|p2a: Dragonite
|-damage|p2a: Dragonite|78/100
|
|t:|1779806976
|switch|p1a: Kancer|Toxapex, M|70/100|[from] U-turn
|move|p2a: Dragonite|Dragon Dance|p2a: Dragonite
|-boost|p2a: Dragonite|atk|1
|-boost|p2a: Dragonite|spe|1
|
|-heal|p1a: Kancer|76/100|[from] item: Leftovers
|upkeep
|turn|12
|
|t:|1779806986
|move|p2a: Dragonite|Earthquake|p1a: Kancer
|-supereffective|p1a: Kancer
|-damage|p1a: Kancer|0 fnt
|faint|p1a: Kancer
|
|upkeep
|
|t:|1779806993
|switch|p1a: Zeus|Tornadus-Therian, M|100/100
|turn|13
|
|t:|1779806996
|move|p2a: Dragonite|Ice Spinner|p1a: Zeus
|-supereffective|p1a: Zeus
|-damage|p1a: Zeus|0 fnt
|faint|p1a: Zeus
|
|upkeep
|
|t:|1779807008
|switch|p1a: Pink Smith|Hydrapple, M|100/100
|turn|14
|
|t:|1779807013
|move|p1a: Pink Smith|Sucker Punch|p2a: Dragonite
|-damage|p2a: Dragonite|62/100
|move|p2a: Dragonite|Ice Spinner|p1a: Pink Smith
|-supereffective|p1a: Pink Smith
|-damage|p1a: Pink Smith|0 fnt
|faint|p1a: Pink Smith
|
|upkeep
|
|t:|1779807022
|switch|p1a: Slowmaster|Slowking-Galar, M|98/100
|turn|15
|
|t:|1779807030
|move|p2a: Dragonite|Earthquake|p1a: Slowmaster
|-supereffective|p1a: Slowmaster
|-damage|p1a: Slowmaster|0 fnt
|faint|p1a: Slowmaster
|
|upkeep
|-message|Traffalgaar forfeited.
|
|win|Ecrypsel
|raw|Traffalgaar's rating: 1190 &rarr; <strong>1167</strong><br />(-23 for losing)
|raw|Ecrypsel's rating: 1217 &rarr; <strong>1240</strong><br />(+23 for winning)
|l|☆Traffalgaar
|player|p1|
