|j|☆UltraJoy012
|j|☆Abracadaver
|t:|1779888461
|gametype|singles
|player|p1|UltraJoy012|cynthia|1306
|player|p2|Abracadaver|102|1280
|gen|9
|tier|[Gen 9] OU
|rated|
|rule|HP Percentage Mod: HP is shown in percentages
|rule|Endless Battle Clause: Forcing endless battles is banned
|rule|Species Clause: Limit one of each Pokémon
|rule|OHKO Clause: OHKO moves are banned
|rule|Evasion Items Clause: Evasion items are banned
|rule|Evasion Moves Clause: Evasion moves are banned
|rule|Evasion Abilities Clause: Evasion abilities are banned
|rule|Sleep Moves Clause: Sleep-inducing moves are banned
|clearpoke
|poke|p1|Hawlucha, M|
|poke|p1|Indeedee, M|
|poke|p1|Araquanid, M|
|poke|p1|Garganacl, M|
|poke|p1|Dragonite, M|
|poke|p1|Glimmora, M|
|poke|p2|Umbreon, F|
|poke|p2|Mimikyu, F|
|poke|p2|Dragonite, F|
|poke|p2|Gastrodon-East, F|
|poke|p2|Zapdos|
|poke|p2|Rillaboom, F|
|teampreview
|inactive|Battle timer is ON: inactive players will automatically lose when time's up. (requested by UltraJoy012)
|
|t:|1779888471
|teamsize|p1|6
|teamsize|p2|6
|start
|switch|p1a: Araquanid|Araquanid, M|100/100
|switch|p2a: Dragonite|Dragonite, F|100/100
|turn|1
|
|t:|1779888486
|move|p2a: Dragonite|Dragon Dance|p2a: Dragonite
|-boost|p2a: Dragonite|atk|1
|-boost|p2a: Dragonite|spe|1
|move|p1a: Araquanid|Sticky Web|p2a: Dragonite
|-sidestart|p2: Abracadaver|move: Sticky Web
|
|upkeep
|turn|2
|
|t:|1779888491
|move|p2a: Dragonite|Dragon Dance|p2a: Dragonite
|-boost|p2a: Dragonite|atk|1
|-boost|p2a: Dragonite|spe|1
|move|p1a: Araquanid|Liquidation|p2a: Dragonite
|-resisted|p2a: Dragonite
|-damage|p2a: Dragonite|79/100
|
|upkeep
|turn|3
|
|t:|1779888498
|move|p2a: Dragonite|Dragon Dance|p2a: Dragonite
|-boost|p2a: Dragonite|atk|1
|-boost|p2a: Dragonite|spe|1
|move|p1a: Araquanid|Liquidation|p2a: Dragonite
|-resisted|p2a: Dragonite
|-damage|p2a: Dragonite|38/100
|
|upkeep
|turn|4
|
|t:|1779888505
|move|p2a: Dragonite|Thunder Punch|p1a: Araquanid
|-supereffective|p1a: Araquanid
|-damage|p1a: Araquanid|0 fnt
|faint|p1a: Araquanid
|
|upkeep
|
|t:|1779888508
|switch|p1a: Glimmora|Glimmora, M|100/100
|turn|5
|
|t:|1779888517
|move|p2a: Dragonite|Earthquake|p1a: Glimmora
|-supereffective|p1a: Glimmora
|-crit|p1a: Glimmora
|-enditem|p1a: Glimmora|Focus Sash
|-damage|p1a: Glimmora|1/100
|-activate|p1a: Glimmora|ability: Toxic Debris
|-sidestart|p2: Abracadaver|move: Toxic Spikes
|move|p1a: Glimmora|Mortal Spin|p2a: Dragonite
|-damage|p2a: Dragonite|32/100
|-status|p2a: Dragonite|psn
|
|-damage|p2a: Dragonite|20/100 psn|[from] psn
|upkeep
|turn|6
|
|t:|1779888530
|move|p1a: Glimmora|Spiky Shield|p1a: Glimmora
|-singleturn|p1a: Glimmora|move: Protect
|move|p2a: Dragonite|Thunder Punch|p1a: Glimmora
|-activate|p1a: Glimmora|move: Protect
|-damage|p2a: Dragonite|7/100 psn|[from] Spiky Shield|[of] p1a: Glimmora
|
|-damage|p2a: Dragonite|0 fnt|[from] psn
|faint|p2a: Dragonite
|upkeep
|
|t:|1779888538
|switch|p2a: Zapdos|Zapdos|100/100
|turn|7
|
|t:|1779888544
|move|p1a: Glimmora|Mortal Spin|p2a: Zapdos
|-damage|p2a: Zapdos|95/100
|-status|p2a: Zapdos|psn
|move|p2a: Zapdos|Thunderbolt|p1a: Glimmora
|-damage|p1a: Glimmora|0 fnt
|faint|p1a: Glimmora
|
|-damage|p2a: Zapdos|82/100 psn|[from] psn
|upkeep
|
|t:|1779888549
|switch|p1a: Indeedee|Indeedee, M|100/100
|-fieldstart|move: Psychic Terrain|[from] ability: Psychic Surge|[of] p1a: Indeedee
|turn|8
|
|t:|1779888558
|move|p1a: Indeedee|Shadow Ball|p2a: Zapdos
|-damage|p2a: Zapdos|59/100 psn
|move|p2a: Zapdos|Hurricane|p1a: Indeedee|[miss]
|-miss|p2a: Zapdos|p1a: Indeedee
|
|-damage|p2a: Zapdos|46/100 psn|[from] psn
|upkeep
|turn|9
|
|t:|1779888565
|move|p1a: Indeedee|Expanding Force|p2a: Zapdos
|-damage|p2a: Zapdos|0 fnt
|faint|p2a: Zapdos
|
|upkeep
|
|t:|1779888580
|switch|p2a: Umbreon|Umbreon, F, shiny|100/100
|-activate|p2a: Umbreon|move: Sticky Web
|-unboost|p2a: Umbreon|spe|1
|-status|p2a: Umbreon|psn
|turn|10
|
|t:|1779888591
|switch|p2a: Rillaboom|Rillaboom, F|100/100
|-activate|p2a: Rillaboom|move: Sticky Web
|-unboost|p2a: Rillaboom|spe|1
|-status|p2a: Rillaboom|psn
|-fieldstart|move: Grassy Terrain|[from] ability: Grassy Surge|[of] p2a: Rillaboom
|move|p1a: Indeedee|Draining Kiss|p2a: Rillaboom
|-damage|p2a: Rillaboom|84/100 psn
|
|-heal|p2a: Rillaboom|91/100 psn|[from] Grassy Terrain
|-damage|p2a: Rillaboom|78/100 psn|[from] psn
|upkeep
|turn|11
|
|t:|1779888603
|move|p1a: Indeedee|Expanding Force|p2a: Rillaboom
|-damage|p2a: Rillaboom|42/100 psn
|move|p2a: Rillaboom|Wood Hammer|p1a: Indeedee
|-damage|p1a: Indeedee|0 fnt
|faint|p1a: Indeedee
|-damage|p2a: Rillaboom|21/100 psn|[from] Recoil
|
|-heal|p2a: Rillaboom|27/100 psn|[from] Grassy Terrain
|-damage|p2a: Rillaboom|15/100 psn|[from] psn
|upkeep
|
|t:|1779888609
|switch|p1a: Dragonite|Dragonite, M|100/100
|turn|12
|
|t:|1779888618
|move|p1a: Dragonite|Extreme Speed|p2a: Rillaboom
|-damage|p2a: Rillaboom|0 fnt
|faint|p2a: Rillaboom
|
|upkeep
|
|t:|1779888623
|switch|p2a: Mimikyu|Mimikyu, F|100/100
|-activate|p2a: Mimikyu|move: Sticky Web
|-unboost|p2a: Mimikyu|spe|1
|-status|p2a: Mimikyu|psn
|turn|13
|
|t:|1779888630
|move|p1a: Dragonite|Dragon Dance|p1a: Dragonite
|-boost|p1a: Dragonite|atk|1
|-boost|p1a: Dragonite|spe|1
|move|p2a: Mimikyu|Swords Dance|p2a: Mimikyu
|-boost|p2a: Mimikyu|atk|2
|
|-damage|p2a: Mimikyu|88/100 psn|[from] psn
|upkeep
|turn|14
|
|t:|1779888637
|move|p1a: Dragonite|Earthquake|p2a: Mimikyu
|-activate|p2a: Mimikyu|ability: Disguise
|-damage|p2a: Mimikyu|88/100 psn
|detailschange|p2a: Mimikyu|Mimikyu-Busted, F
|-damage|p2a: Mimikyu|76/100 psn|[from] pokemon: Mimikyu-Busted
|move|p2a: Mimikyu|Play Rough|p1a: Dragonite
|-supereffective|p1a: Dragonite
|-damage|p1a: Dragonite|1/100
|-enditem|p1a: Dragonite|Weakness Policy
|-boost|p1a: Dragonite|atk|2|[from] item: Weakness Policy
|-boost|p1a: Dragonite|spa|2|[from] item: Weakness Policy
|-damage|p2a: Mimikyu|66/100 psn|[from] item: Life Orb
|
|-heal|p2a: Mimikyu|72/100 psn|[from] Grassy Terrain
|-damage|p2a: Mimikyu|60/100 psn|[from] psn
|-fieldend|move: Grassy Terrain
|upkeep
|turn|15
|
|t:|1779888652
|move|p2a: Mimikyu|Shadow Sneak|p1a: Dragonite
|-damage|p1a: Dragonite|0 fnt
|faint|p1a: Dragonite
|-damage|p2a: Mimikyu|50/100 psn|[from] item: Life Orb
|
|-damage|p2a: Mimikyu|37/100 psn|[from] psn
|upkeep
|
|t:|1779888659
|switch|p1a: Hawlucha|Hawlucha, M|100/100
|turn|16
|
|t:|1779888671
|move|p2a: Mimikyu|Shadow Sneak|p1a: Hawlucha
|-damage|p1a: Hawlucha|45/100
|-damage|p2a: Mimikyu|27/100 psn|[from] item: Life Orb
|move|p1a: Hawlucha|Acrobatics|p2a: Mimikyu
|-damage|p2a: Mimikyu|0 fnt
|faint|p2a: Mimikyu
|
|upkeep
|
|t:|1779888679
|switch|p2a: Gastrodon|Gastrodon-East, F|100/100
|-activate|p2a: Gastrodon|move: Sticky Web
|-unboost|p2a: Gastrodon|spe|1
|-status|p2a: Gastrodon|psn
|turn|17
|
|t:|1779888688
|move|p1a: Hawlucha|Drain Punch|p2a: Gastrodon
|-damage|p2a: Gastrodon|60/100 psn
|-heal|p1a: Hawlucha|72/100|[from] drain|[of] p2a: Gastrodon
|move|p2a: Gastrodon|Ice Beam|p1a: Hawlucha
|-supereffective|p1a: Hawlucha
|-damage|p1a: Hawlucha|0 fnt
|faint|p1a: Hawlucha
|
|-heal|p2a: Gastrodon|66/100 psn|[from] item: Leftovers
|-damage|p2a: Gastrodon|54/100 psn|[from] psn
|upkeep
|
|t:|1779888691
|switch|p1a: Garganacl|Garganacl, M, shiny|100/100
|turn|18
|
|t:|1779888700
|-terastallize|p1a: Garganacl|Ghost
|move|p1a: Garganacl|Salt Cure|p2a: Gastrodon
|-resisted|p2a: Gastrodon
|-damage|p2a: Gastrodon|43/100 psn
|-start|p2a: Gastrodon|Salt Cure
|move|p2a: Gastrodon|Earth Power|p1a: Garganacl
|-damage|p1a: Garganacl|64/100
|
|-heal|p1a: Garganacl|70/100|[from] item: Leftovers
|-heal|p2a: Gastrodon|49/100 psn|[from] item: Leftovers
|-damage|p2a: Gastrodon|36/100 psn|[from] psn
|-damage|p2a: Gastrodon|11/100 psn|[from] Salt Cure
|upkeep
|turn|19
|
|t:|1779888712
|move|p1a: Garganacl|Recover|p1a: Garganacl
|-heal|p1a: Garganacl|100/100
|move|p2a: Gastrodon|Hydro Pump|p1a: Garganacl
|-damage|p1a: Garganacl|61/100
|
|-heal|p1a: Garganacl|67/100|[from] item: Leftovers
|-heal|p2a: Gastrodon|17/100 psn|[from] item: Leftovers
|-damage|p2a: Gastrodon|5/100 psn|[from] psn
|-damage|p2a: Gastrodon|0 fnt|[from] Salt Cure
|faint|p2a: Gastrodon
|upkeep
|
|t:|1779888722
|switch|p2a: Umbreon|Umbreon, F, shiny|100/100 psn
|-activate|p2a: Umbreon|move: Sticky Web
|-unboost|p2a: Umbreon|spe|1
|turn|20
|
|t:|1779888726
|move|p2a: Umbreon|Foul Play|p1a: Garganacl
|-supereffective|p1a: Garganacl
|-damage|p1a: Garganacl|3/100
|move|p1a: Garganacl|Recover|p1a: Garganacl
|-heal|p1a: Garganacl|53/100
|
|-heal|p1a: Garganacl|59/100|[from] item: Leftovers
|-damage|p2a: Umbreon|88/100 psn|[from] psn
|upkeep
|turn|21
|
|t:|1779888735
|-terastallize|p2a: Umbreon|Dark
|move|p2a: Umbreon|Foul Play|p1a: Garganacl
|-supereffective|p1a: Garganacl
|-damage|p1a: Garganacl|0 fnt
|faint|p1a: Garganacl
|
|win|Abracadaver
|raw|UltraJoy012's rating: 1306 &rarr; <strong>1285</strong><br />(-21 for losing)
|raw|Abracadaver's rating: 1280 &rarr; <strong>1307</strong><br />(+27 for winning)
|l|☆Abracadaver
|player|p2|
