|j|☆Avv2121
|j|☆LaportaPotty
|t:|1779859590
|gametype|singles
|player|p1|Avv2121|janine|1294
|player|p2|LaportaPotty|1|1358
|gen|9
|tier|[Gen 9] OU
|rated|
|rule|HP Percentage Mod: HP is shown in percentages
|rule|Endless Battle Clause: Forcing endless battles is banned
|rule|Species Clause: Limit one of each Pokémon
|rule|OHKO Clause: OHKO moves are banned
|rule|Evasion Items Clause: Evasion items are banned
|rule|Evasion Moves Clause: Evasion moves are banned
|rule|Evasion Abilities Clause: Evasion abilities are banned
|rule|Sleep Moves Clause: Sleep-inducing moves are banned
|clearpoke
|poke|p1|Garganacl, F|
|poke|p1|Dragapult, F|
|poke|p1|Kingambit, F|
|poke|p1|Iron Moth|
|poke|p1|Corviknight, M|
|poke|p1|Meowstic-F, F|
|poke|p2|Clefable, M|
|poke|p2|Glimmora, M|
|poke|p2|Kyurem|
|poke|p2|Wo-Chien|
|poke|p2|Gholdengo|
|poke|p2|Iron Treads|
|teampreview
|inactive|Battle timer is ON: inactive players will automatically lose when time's up. (requested by Avv2121)
|
|t:|1779859602
|teamsize|p1|6
|teamsize|p2|6
|start
|switch|p1a: Corviknight|Corviknight, M|100/100
|switch|p2a: Wo-Chien|Wo-Chien|100/100
|-ability|p2a: Wo-Chien|Tablets of Ruin
|turn|1
|
|t:|1779859610
|switch|p2a: Glimmora|Glimmora, M|100/100
|move|p1a: Corviknight|Brave Bird|p2a: Glimmora
|-resisted|p2a: Glimmora
|-damage|p2a: Glimmora|88/100
|-activate|p2a: Glimmora|ability: Toxic Debris
|-sidestart|p1: Avv2121|move: Toxic Spikes
|-damage|p1a: Corviknight|96/100|[from] Recoil
|
|-heal|p2a: Glimmora|94/100|[from] item: Leftovers
|upkeep
|turn|2
|
|t:|1779859624
|move|p2a: Glimmora|Mortal Spin|p1a: Corviknight
|-immune|p1a: Corviknight
|move|p1a: Corviknight|Defog|p2a: Glimmora
|-unboost|p2a: Glimmora|evasion|1
|-sideend|p1: Avv2121|Toxic Spikes|[from] move: Defog|[of] p1a: Corviknight
|
|-heal|p2a: Glimmora|99/100|[from] item: Leftovers
|upkeep
|turn|3
|
|t:|1779859631
|move|p2a: Glimmora|Power Gem|p1a: Corviknight
|-damage|p1a: Corviknight|71/100
|move|p1a: Corviknight|Brave Bird|p2a: Glimmora
|-resisted|p2a: Glimmora
|-damage|p2a: Glimmora|87/100
|-activate|p2a: Glimmora|ability: Toxic Debris
|-sidestart|p1: Avv2121|move: Toxic Spikes
|-damage|p1a: Corviknight|67/100|[from] Recoil
|
|-heal|p2a: Glimmora|93/100|[from] item: Leftovers
|upkeep
|turn|4
|
|t:|1779859637
|move|p2a: Glimmora|Power Gem|p1a: Corviknight
|-damage|p1a: Corviknight|46/100
|move|p1a: Corviknight|Defog|p2a: Glimmora
|-unboost|p2a: Glimmora|evasion|1
|-sideend|p1: Avv2121|Toxic Spikes|[from] move: Defog|[of] p1a: Corviknight
|
|-heal|p2a: Glimmora|99/100|[from] item: Leftovers
|upkeep
|turn|5
|
|t:|1779859645
|move|p2a: Glimmora|Power Gem|p1a: Corviknight
|-damage|p1a: Corviknight|21/100
|move|p1a: Corviknight|Roost|p1a: Corviknight
|-heal|p1a: Corviknight|71/100
|-singleturn|p1a: Corviknight|move: Roost
|
|-heal|p2a: Glimmora|100/100|[from] item: Leftovers
|upkeep
|turn|6
|
|t:|1779859652
|switch|p1a: Meowstic|Meowstic-F, F|100/100
|move|p2a: Glimmora|Power Gem|p1a: Meowstic
|-damage|p1a: Meowstic|53/100
|
|upkeep
|turn|7
|
|t:|1779859659
|move|p1a: Meowstic|Trick|p2a: Glimmora
|-activate|p1a: Meowstic|move: Trick|[of] p2a: Glimmora
|-item|p2a: Glimmora|Choice Scarf|[from] move: Trick
|-item|p1a: Meowstic|Leftovers|[from] move: Trick
|move|p2a: Glimmora|Mortal Spin|p1a: Meowstic
|-damage|p1a: Meowstic|44/100
|-status|p1a: Meowstic|psn
|
|-heal|p1a: Meowstic|50/100 psn|[from] item: Leftovers
|-damage|p1a: Meowstic|38/100 psn|[from] psn
|upkeep
|turn|8
|
|t:|1779859670
|switch|p2a: Gholdengo|Gholdengo|100/100
|-item|p2a: Gholdengo|Air Balloon
|move|p1a: Meowstic|Thunder Wave|p2a: Gholdengo
|-immune|p2a: Gholdengo|[from] ability: Good as Gold
|
|-heal|p1a: Meowstic|44/100 psn|[from] item: Leftovers
|-damage|p1a: Meowstic|31/100 psn|[from] psn
|upkeep
|turn|9
|
|t:|1779859678
|switch|p1a: Corviknight|Corviknight, M|71/100
|move|p2a: Gholdengo|Nasty Plot|p2a: Gholdengo
|-boost|p2a: Gholdengo|spa|2
|
|upkeep
|turn|10
|
|t:|1779859684
|move|p2a: Gholdengo|Thunder Wave|p1a: Corviknight
|-status|p1a: Corviknight|par
|cant|p1a: Corviknight|par
|
|upkeep
|turn|11
|
|t:|1779859689
|move|p2a: Gholdengo|Nasty Plot|p2a: Gholdengo
|-boost|p2a: Gholdengo|spa|2
|cant|p1a: Corviknight|par
|
|upkeep
|turn|12
|
|t:|1779859695
|move|p2a: Gholdengo|Make It Rain|p1a: Corviknight
|-resisted|p1a: Corviknight
|-damage|p1a: Corviknight|18/100 par
|-unboost|p2a: Gholdengo|spa|1
|move|p1a: Corviknight|U-turn|p2a: Gholdengo
|-resisted|p2a: Gholdengo
|-damage|p2a: Gholdengo|98/100
|-enditem|p2a: Gholdengo|Air Balloon
|
|t:|1779859699
|switch|p1a: Dragapult|Dragapult, F|100/100|[from] U-turn
|
|upkeep
|turn|13
|
|t:|1779859703
|-terastallize|p2a: Gholdengo|Steel
|move|p1a: Dragapult|Shadow Ball|p2a: Gholdengo
|-damage|p2a: Gholdengo|67/100
|-unboost|p2a: Gholdengo|spd|1
|move|p2a: Gholdengo|Make It Rain|p1a: Dragapult
|-damage|p1a: Dragapult|0 fnt
|-unboost|p2a: Gholdengo|spa|1
|faint|p1a: Dragapult
|
|upkeep
|
|t:|1779859706
|switch|p1a: Iron Moth|Iron Moth|100/100
|-enditem|p1a: Iron Moth|Booster Energy
|-activate|p1a: Iron Moth|ability: Quark Drive|[fromitem]
|-start|p1a: Iron Moth|quarkdrivespe
|turn|14
|
|t:|1779859721
|switch|p2a: Glimmora|Glimmora, M|100/100
|move|p1a: Iron Moth|Fiery Dance|p2a: Glimmora
|-resisted|p2a: Glimmora
|-damage|p2a: Glimmora|79/100
|
|upkeep
|turn|15
|
|t:|1779859730
|-end|p1a: Iron Moth|Quark Drive|[silent]
|switch|p1a: Corviknight|Corviknight, M|18/100 par
|move|p2a: Glimmora|Earth Power|p1a: Corviknight
|-immune|p1a: Corviknight
|
|upkeep
|turn|16
|
|t:|1779859735
|switch|p2a: Iron Treads|Iron Treads|100/100
|-enditem|p2a: Iron Treads|Booster Energy
|-activate|p2a: Iron Treads|ability: Quark Drive|[fromitem]
|-start|p2a: Iron Treads|quarkdrivespe
|cant|p1a: Corviknight|par
|
|upkeep
|turn|17
|
|t:|1779859742
|move|p2a: Iron Treads|Iron Defense|p2a: Iron Treads
|-boost|p2a: Iron Treads|def|2
|cant|p1a: Corviknight|par
|
|upkeep
|turn|18
|
|t:|1779859747
|move|p2a: Iron Treads|Iron Defense|p2a: Iron Treads
|-boost|p2a: Iron Treads|def|2
|cant|p1a: Corviknight|par
|
|upkeep
|turn|19
|
|t:|1779859753
|move|p2a: Iron Treads|Body Press|p1a: Corviknight
|-damage|p1a: Corviknight|0 fnt
|-damage|p2a: Iron Treads|84/100|[from] item: Rocky Helmet|[of] p1a: Corviknight
|faint|p1a: Corviknight
|
|upkeep
|
|t:|1779859758
|switch|p1a: Meowstic|Meowstic-F, F|31/100 psn
|turn|20
|
|t:|1779859771
|move|p2a: Iron Treads|Iron Head|p1a: Meowstic
|-damage|p1a: Meowstic|0 fnt
|faint|p1a: Meowstic
|
|upkeep
|
|t:|1779859777
|switch|p1a: Garganacl|Garganacl, F|100/100
|turn|21
|
|t:|1779859781
|move|p1a: Garganacl|Protect|p1a: Garganacl
|-singleturn|p1a: Garganacl|Protect
|move|p2a: Iron Treads|Body Press|p1a: Garganacl
|-activate|p1a: Garganacl|move: Protect
|
|upkeep
|turn|22
|
|t:|1779859786
|-terastallize|p1a: Garganacl|Ghost
|move|p2a: Iron Treads|Body Press|p1a: Garganacl
|-immune|p1a: Garganacl
|move|p1a: Garganacl|Salt Cure|p2a: Iron Treads
|-resisted|p2a: Iron Treads
|-damage|p2a: Iron Treads|83/100
|-start|p2a: Iron Treads|Salt Cure
|
|-damage|p2a: Iron Treads|58/100|[from] Salt Cure
|upkeep
|turn|23
|
|t:|1779859790
|-end|p2a: Iron Treads|Quark Drive|[silent]
|switch|p2a: Clefable|Clefable, M|100/100
|move|p1a: Garganacl|Recover||[still]
|-fail|p1a: Garganacl|heal
|
|upkeep
|turn|24
|
|t:|1779859796
|move|p2a: Clefable|Knock Off|p1a: Garganacl
|-supereffective|p1a: Garganacl
|-damage|p1a: Garganacl|82/100
|-enditem|p1a: Garganacl|Leftovers|[from] move: Knock Off|[of] p2a: Clefable
|move|p1a: Garganacl|Salt Cure|p2a: Clefable
|-damage|p2a: Clefable|91/100
|-start|p2a: Clefable|Salt Cure
|
|-heal|p2a: Clefable|97/100|[from] item: Leftovers
|upkeep
|turn|25
|
|t:|1779859802
|switch|p1a: Iron Moth|Iron Moth|100/100
|move|p2a: Clefable|Calm Mind|p2a: Clefable
|-boost|p2a: Clefable|spa|1
|-boost|p2a: Clefable|spd|1
|
|-heal|p2a: Clefable|100/100|[from] item: Leftovers
|upkeep
|turn|26
|
|t:|1779859814
|switch|p2a: Glimmora|Glimmora, M|79/100
|move|p1a: Iron Moth|Fiery Dance|p2a: Glimmora
|-resisted|p2a: Glimmora
|-damage|p2a: Glimmora|58/100
|-boost|p1a: Iron Moth|spa|1
|
|upkeep
|turn|27
|
|t:|1779859822
|move|p1a: Iron Moth|Fiery Dance|p2a: Glimmora
|-resisted|p2a: Glimmora
|-damage|p2a: Glimmora|25/100
|move|p2a: Glimmora|Earth Power|p1a: Iron Moth
|-supereffective|p1a: Iron Moth
|-damage|p1a: Iron Moth|1/100
|
|upkeep
|turn|28
|
|t:|1779859829
|move|p1a: Iron Moth|Fiery Dance|p2a: Glimmora
|-resisted|p2a: Glimmora
|-damage|p2a: Glimmora|0 fnt
|-boost|p1a: Iron Moth|spa|1
|faint|p2a: Glimmora
|
|upkeep
|
|t:|1779859840
|switch|p2a: Clefable|Clefable, M|100/100
|turn|29
|
|t:|1779859844
|move|p1a: Iron Moth|Sludge Wave|p2a: Clefable
|-supereffective|p2a: Clefable
|-damage|p2a: Clefable|0 fnt
|faint|p2a: Clefable
|
|upkeep
|
|t:|1779859846
|switch|p2a: Wo-Chien|Wo-Chien|100/100
|-ability|p2a: Wo-Chien|Tablets of Ruin
|turn|30
|
|t:|1779859851
|move|p1a: Iron Moth|Fiery Dance|p2a: Wo-Chien
|-supereffective|p2a: Wo-Chien
|-damage|p2a: Wo-Chien|7/100
|move|p2a: Wo-Chien|Knock Off|p1a: Iron Moth
|-damage|p1a: Iron Moth|0 fnt
|faint|p1a: Iron Moth
|-end|p1a: Iron Moth|Quark Drive|[silent]
|
|-heal|p2a: Wo-Chien|13/100|[from] item: Leftovers
|upkeep
|
|t:|1779859859
|switch|p1a: Kingambit|Kingambit, F|100/100
|-activate|p1a: Kingambit|ability: Supreme Overlord
|-start|p1a: Kingambit|fallen4|[silent]
|turn|31
|
|t:|1779859865
|move|p1a: Kingambit|Swords Dance|p1a: Kingambit
|-boost|p1a: Kingambit|atk|2
|move|p2a: Wo-Chien|Leech Seed|p1a: Kingambit
|-start|p1a: Kingambit|move: Leech Seed
|
|-heal|p2a: Wo-Chien|19/100|[from] item: Leftovers
|-damage|p1a: Kingambit|88/100|[from] Leech Seed|[of] p2a: Wo-Chien
|-heal|p2a: Wo-Chien|30/100|[silent]
|upkeep
|turn|32
|
|t:|1779859875
|move|p1a: Kingambit|Iron Head|p2a: Wo-Chien
|-damage|p2a: Wo-Chien|0 fnt
|faint|p2a: Wo-Chien
|
|upkeep
|
|t:|1779859880
|switch|p2a: Iron Treads|Iron Treads|58/100
|turn|33
|
|t:|1779859886
|move|p1a: Kingambit|Sucker Punch|p2a: Iron Treads
|-damage|p2a: Iron Treads|0 fnt
|faint|p2a: Iron Treads
|-end|p2a: Iron Treads|Quark Drive|[silent]
|
|upkeep
|
|t:|1779859889
|switch|p2a: Kyurem|Kyurem|100/100
|-ability|p2a: Kyurem|Pressure
|turn|34
|
|t:|1779859893
|move|p2a: Kyurem|Substitute|p2a: Kyurem
|-start|p2a: Kyurem|Substitute
|-damage|p2a: Kyurem|76/100
|move|p1a: Kingambit|Kowtow Cleave|p2a: Kyurem
|-end|p2a: Kyurem|Substitute
|
|-heal|p2a: Kyurem|82/100|[from] item: Leftovers
|-damage|p1a: Kingambit|76/100|[from] Leech Seed|[of] p2a: Kyurem
|-heal|p2a: Kyurem|92/100|[silent]
|upkeep
|turn|35
|
|t:|1779859904
|-end|p1a: Kingambit|fallen4|[silent]
|switch|p1a: Garganacl|Garganacl, F, tera:Ghost|82/100
|move|p2a: Kyurem|Substitute|p2a: Kyurem
|-start|p2a: Kyurem|Substitute
|-damage|p2a: Kyurem|67/100
|
|-heal|p2a: Kyurem|74/100|[from] item: Leftovers
|upkeep
|turn|36
|
|t:|1779859916
|move|p2a: Kyurem|Freeze-Dry|p1a: Garganacl
|-damage|p1a: Garganacl|55/100
|move|p1a: Garganacl|Curse|p2a: Kyurem
|-start|p2a: Kyurem|Curse|[of] p1a: Garganacl
|-damage|p1a: Garganacl|5/100
|
|-heal|p2a: Kyurem|80/100|[from] item: Leftovers
|-damage|p2a: Kyurem|55/100|[from] Curse
|upkeep
|turn|37
|
|t:|1779859924
|switch|p2a: Gholdengo|Gholdengo, tera:Steel|67/100
|move|p1a: Garganacl|Protect||[still]
|-fail|p1a: Garganacl
|
|upkeep
|turn|38
|
|t:|1779859930
|move|p2a: Gholdengo|Make It Rain|p1a: Garganacl
|-damage|p1a: Garganacl|0 fnt
|-unboost|p2a: Gholdengo|spa|1
|faint|p1a: Garganacl
|
|upkeep
|
|t:|1779859932
|switch|p1a: Kingambit|Kingambit, F|76/100
|-activate|p1a: Kingambit|ability: Supreme Overlord
|-start|p1a: Kingambit|fallen5|[silent]
|turn|39
|
|t:|1779859935
|move|p1a: Kingambit|Sucker Punch||[still]
|-fail|p1a: Kingambit
|move|p2a: Gholdengo|Thunder Wave|p1a: Kingambit
|-status|p1a: Kingambit|par
|
|upkeep
|turn|40
|
|t:|1779859940
|switch|p2a: Kyurem|Kyurem|55/100
|-ability|p2a: Kyurem|Pressure
|move|p1a: Kingambit|Iron Head|p2a: Kyurem
|-supereffective|p2a: Kyurem
|-damage|p2a: Kyurem|0 fnt
|faint|p2a: Kyurem
|
|upkeep
|
|t:|1779859946
|switch|p2a: Gholdengo|Gholdengo, tera:Steel|67/100
|turn|41
|
|t:|1779859951
|move|p2a: Gholdengo|Nasty Plot|p2a: Gholdengo
|-boost|p2a: Gholdengo|spa|2
|cant|p1a: Kingambit|par
|
|upkeep
|turn|42
|
|t:|1779859957
|move|p1a: Kingambit|Sucker Punch||[still]
|-fail|p1a: Kingambit
|move|p2a: Gholdengo|Recover|p2a: Gholdengo
|-heal|p2a: Gholdengo|100/100
|
|upkeep
|turn|43
|
|t:|1779859963
|move|p1a: Kingambit|Sucker Punch||[still]
|-fail|p1a: Kingambit
|move|p2a: Gholdengo|Nasty Plot|p2a: Gholdengo
|-boost|p2a: Gholdengo|spa|2
|
|upkeep
|turn|44
|
|t:|1779859966
|move|p2a: Gholdengo|Make It Rain|p1a: Kingambit
|-resisted|p1a: Kingambit
|-damage|p1a: Kingambit|0 fnt
|-unboost|p2a: Gholdengo|spa|1
|faint|p1a: Kingambit
|-end|p1a: Kingambit|fallen5|[silent]
|
|win|LaportaPotty
|raw|Avv2121's rating: 1294 &rarr; <strong>1274</strong><br />(-20 for losing)
|raw|LaportaPotty's rating: 1358 &rarr; <strong>1374</strong><br />(+16 for winning)
|l|☆Avv2121
|player|p1|
|l|☆LaportaPotty
|player|p2|
