|j|☆KC177
|j|☆hat_fm
|t:|1779897414
|gametype|singles
|player|p1|KC177|unknown|1288
|player|p2|hat_fm|pilot|1344
|gen|9
|tier|[Gen 9] OU
|rated|
|rule|HP Percentage Mod: HP is shown in percentages
|rule|Endless Battle Clause: Forcing endless battles is banned
|rule|Species Clause: Limit one of each Pokémon
|rule|OHKO Clause: OHKO moves are banned
|rule|Evasion Items Clause: Evasion items are banned
|rule|Evasion Moves Clause: Evasion moves are banned
|rule|Evasion Abilities Clause: Evasion abilities are banned
|rule|Sleep Moves Clause: Sleep-inducing moves are banned
|clearpoke
|poke|p1|Mew|
|poke|p1|Zapdos|
|poke|p1|Moltres|
|poke|p1|Iron Treads|
|poke|p1|Dragapult, M|
|poke|p1|Ogerpon-Wellspring, F|
|poke|p2|Zamazenta-*|
|poke|p2|Ceruledge, M|
|poke|p2|Scizor, F|
|poke|p2|Donphan, M|
|poke|p2|Lycanroc-Dusk, M|
|poke|p2|Florges, F|
|teampreview
|
|t:|1779897420
|teamsize|p1|6
|teamsize|p2|6
|start
|switch|p1a: Dragapult|Dragapult, M|100/100
|switch|p2a: Donphan|Donphan, M|100/100
|turn|1
|
|t:|1779897424
|move|p1a: Dragapult|Will-O-Wisp|p2a: Donphan
|-status|p2a: Donphan|brn
|move|p2a: Donphan|Stealth Rock|p1a: Dragapult
|-sidestart|p1: KC177|move: Stealth Rock
|
|-damage|p2a: Donphan|94/100 brn|[from] brn
|upkeep
|turn|2
|
|t:|1779897427
|move|p1a: Dragapult|Hex|p2a: Donphan
|-damage|p2a: Donphan|16/100 brn
|move|p2a: Donphan|Knock Off|p1a: Dragapult
|-supereffective|p1a: Dragapult
|-damage|p1a: Dragapult|66/100
|-enditem|p1a: Dragapult|Focus Sash|[from] move: Knock Off|[of] p2a: Donphan
|
|-damage|p2a: Donphan|10/100 brn|[from] brn
|upkeep
|turn|3
|
|t:|1779897436
|move|p1a: Dragapult|Hex|p2a: Donphan
|-damage|p2a: Donphan|0 fnt
|faint|p2a: Donphan
|
|upkeep
|
|t:|1779897440
|switch|p2a: Ceruledge|Ceruledge, M|100/100
|turn|4
|
|t:|1779897446
|move|p1a: Dragapult|Thunder Wave|p2a: Ceruledge
|-status|p2a: Ceruledge|par
|move|p2a: Ceruledge|Swords Dance|p2a: Ceruledge
|-boost|p2a: Ceruledge|atk|2
|
|upkeep
|turn|5
|
|t:|1779897449
|move|p2a: Ceruledge|Shadow Sneak|p1a: Dragapult
|-supereffective|p1a: Dragapult
|-damage|p1a: Dragapult|0 fnt
|faint|p1a: Dragapult
|
|upkeep
|
|t:|1779897453
|switch|p1a: Iron Treads|Iron Treads|100/100
|-damage|p1a: Iron Treads|98/100|[from] Stealth Rock
|turn|6
|
|t:|1779897455
|move|p1a: Iron Treads|Earthquake|p2a: Ceruledge
|-supereffective|p2a: Ceruledge
|-enditem|p2a: Ceruledge|Focus Sash
|-damage|p2a: Ceruledge|1/100 par
|-ability|p2a: Ceruledge|Weak Armor|boost
|-unboost|p2a: Ceruledge|def|1
|-boost|p2a: Ceruledge|spe|2
|move|p2a: Ceruledge|Bitter Blade|p1a: Iron Treads
|-supereffective|p1a: Iron Treads
|-damage|p1a: Iron Treads|0 fnt
|-heal|p2a: Ceruledge|65/100 par|[from] drain|[of] p1a: Iron Treads
|faint|p1a: Iron Treads
|-end|p1a: Iron Treads|Quark Drive|[silent]
|
|upkeep
|
|t:|1779897462
|switch|p1a: Ogerpon|Ogerpon-Wellspring, F|100/100
|-damage|p1a: Ogerpon|88/100|[from] Stealth Rock
|turn|7
|
|t:|1779897470
|move|p2a: Ceruledge|Shadow Sneak|p1a: Ogerpon
|-damage|p1a: Ogerpon|38/100
|move|p1a: Ogerpon|Ivy Cudgel|p2a: Ceruledge|[anim] Ivy Cudgel Water
|-supereffective|p2a: Ceruledge
|-crit|p2a: Ceruledge
|-damage|p2a: Ceruledge|0 fnt
|faint|p2a: Ceruledge
|
|upkeep
|
|t:|1779897473
|switch|p2a: Scizor|Scizor, F|100/100
|turn|8
|
|t:|1779897476
|move|p1a: Ogerpon|Ivy Cudgel|p2a: Scizor|[anim] Ivy Cudgel Water
|-damage|p2a: Scizor|41/100
|move|p2a: Scizor|U-turn|p1a: Ogerpon
|-supereffective|p1a: Ogerpon
|-damage|p1a: Ogerpon|0 fnt
|faint|p1a: Ogerpon
|-damage|p2a: Scizor|31/100|[from] item: Life Orb
|
|t:|1779897480
|switch|p2a: Lycanroc|Lycanroc-Dusk, M|100/100|[from] U-turn
|
|upkeep
|
|t:|1779897484
|switch|p1a: Mew|Mew|100/100
|-damage|p1a: Mew|88/100|[from] Stealth Rock
|turn|9
|
|t:|1779897493
|move|p2a: Lycanroc|Accelerock|p1a: Mew
|-damage|p1a: Mew|53/100
|-damage|p2a: Lycanroc|91/100|[from] item: Life Orb
|move|p1a: Mew|Nasty Plot|p1a: Mew
|-boost|p1a: Mew|spa|2
|
|-heal|p1a: Mew|59/100|[from] item: Leftovers
|upkeep
|turn|10
|
|t:|1779897516
|switch|p2a: Florges|Florges, F|100/100
|move|p1a: Mew|Draining Kiss|p2a: Florges
|-damage|p2a: Florges|82/100
|-heal|p1a: Mew|71/100|[from] drain|[of] p2a: Florges
|
|-heal|p1a: Mew|77/100|[from] item: Leftovers
|-heal|p2a: Florges|88/100|[from] item: Leftovers
|upkeep
|turn|11
|
|t:|1779897523
|switch|p1a: Moltres|Moltres|100/100
|move|p2a: Florges|Calm Mind|p2a: Florges
|-boost|p2a: Florges|spa|1
|-boost|p2a: Florges|spd|1
|
|-heal|p2a: Florges|94/100|[from] item: Leftovers
|upkeep
|turn|12
|
|t:|1779897530
|move|p2a: Florges|Calm Mind|p2a: Florges
|-boost|p2a: Florges|spa|1
|-boost|p2a: Florges|spd|1
|move|p1a: Moltres|Roar|p2a: Florges
|drag|p2a: Lycanroc|Lycanroc-Dusk, M|91/100
|
|upkeep
|turn|13
|
|t:|1779897546
|switch|p1a: Mew|Mew|77/100
|-damage|p1a: Mew|65/100|[from] Stealth Rock
|move|p2a: Lycanroc|Stone Edge|p1a: Mew
|-damage|p1a: Mew|2/100
|-damage|p2a: Lycanroc|81/100|[from] item: Life Orb
|
|-heal|p1a: Mew|8/100|[from] item: Leftovers
|upkeep
|turn|14
|
|t:|1779897553
|move|p2a: Lycanroc|Accelerock|p1a: Mew
|-damage|p1a: Mew|0 fnt
|faint|p1a: Mew
|-damage|p2a: Lycanroc|71/100|[from] item: Life Orb
|
|upkeep
|-message|KC177 forfeited.
|
|win|hat_fm
|raw|KC177's rating: 1288 &rarr; <strong>1267</strong><br />(-21 for losing)
|raw|hat_fm's rating: 1344 &rarr; <strong>1361</strong><br />(+17 for winning)
|l|☆KC177
|player|p1|
