|j|☆getreyal
|j|☆testdwe
|t:|1779865398
|gametype|singles
|player|p1|getreyal|pokemaniac-gen6|1599
|player|p2|testdwe|102|1634
|gen|9
|tier|[Gen 9] OU
|rated|
|rule|HP Percentage Mod: HP is shown in percentages
|rule|Endless Battle Clause: Forcing endless battles is banned
|rule|Species Clause: Limit one of each Pokémon
|rule|OHKO Clause: OHKO moves are banned
|rule|Evasion Items Clause: Evasion items are banned
|rule|Evasion Moves Clause: Evasion moves are banned
|rule|Evasion Abilities Clause: Evasion abilities are banned
|rule|Sleep Moves Clause: Sleep-inducing moves are banned
|clearpoke
|poke|p1|Alomomola, M|
|poke|p1|Hatterene, F|
|poke|p1|Corviknight, F|
|poke|p1|Great Tusk|
|poke|p1|Ogerpon, F|
|poke|p1|Cinderace, M|
|poke|p2|Alomomola, M|
|poke|p2|Garganacl, M|
|poke|p2|Tyranitar, F|
|poke|p2|Excadrill, F|
|poke|p2|Hydrapple, M|
|poke|p2|Enamorus, F|
|teampreview
|
|t:|1779865413
|teamsize|p1|6
|teamsize|p2|6
|start
|switch|p1a: Cinderace|Cinderace, M|100/100
|switch|p2a: Hydrapple|Hydrapple, M|100/100
|turn|1
|inactive|Battle timer is ON: inactive players will automatically lose when time's up. (requested by testdwe)
|
|t:|1779865425
|move|p1a: Cinderace|U-turn|p2a: Hydrapple
|-start|p1a: Cinderace|typechange|Bug|[from] ability: Libero
|-supereffective|p2a: Hydrapple
|-damage|p2a: Hydrapple|44/100
|-damage|p1a: Cinderace|84/100|[from] item: Rocky Helmet|[of] p2a: Hydrapple
|
|t:|1779865429
|switch|p1a: Hatterene|Hatterene, F|100/100|[from] U-turn
|move|p2a: Hydrapple|Nasty Plot|p2a: Hydrapple
|-boost|p2a: Hydrapple|spa|2
|
|upkeep
|turn|2
|
|t:|1779865457
|switch|p2a: Garganacl|Garganacl, M|100/100
|move|p1a: Hatterene|Psychic Noise|p2a: Garganacl
|-damage|p2a: Garganacl|73/100
|-start|p2a: Garganacl|move: Heal Block
|
|upkeep
|turn|3
|
|t:|1779865467
|switch|p2a: Tyranitar|Tyranitar, F|100/100
|-weather|Sandstorm|[from] ability: Sand Stream|[of] p2a: Tyranitar
|move|p1a: Hatterene|Draining Kiss|p2a: Tyranitar
|-supereffective|p2a: Tyranitar
|-damage|p2a: Tyranitar|62/100
|
|-weather|Sandstorm|[upkeep]
|-damage|p1a: Hatterene|95/100|[from] Sandstorm
|upkeep
|turn|4
|
|t:|1779865475
|switch|p1a: Great Tusk|Great Tusk|100/100
|move|p2a: Tyranitar|Knock Off|p1a: Great Tusk
|-resisted|p1a: Great Tusk
|-damage|p1a: Great Tusk|72/100
|-enditem|p1a: Great Tusk|Heavy-Duty Boots|[from] move: Knock Off|[of] p2a: Tyranitar
|
|-weather|Sandstorm|[upkeep]
|upkeep
|turn|5
|
|t:|1779865480
|switch|p2a: Hydrapple|Hydrapple, M|77/100
|move|p1a: Great Tusk|Stealth Rock|p2a: Hydrapple
|-sidestart|p2: testdwe|move: Stealth Rock
|
|-weather|Sandstorm|[upkeep]
|-damage|p2a: Hydrapple|71/100|[from] Sandstorm
|upkeep
|turn|6
|
|t:|1779865491
|-end|p1a: Great Tusk|Protosynthesis|[silent]
|switch|p1a: Hatterene|Hatterene, F|95/100
|switch|p2a: Excadrill|Excadrill, F|100/100
|-damage|p2a: Excadrill|97/100|[from] Stealth Rock
|
|-weather|Sandstorm|[upkeep]
|-damage|p1a: Hatterene|89/100|[from] Sandstorm
|-heal|p2a: Excadrill|100/100|[from] item: Leftovers
|upkeep
|turn|7
|
|t:|1779865496
|switch|p1a: Corviknight|Corviknight, F|100/100
|-ability|p1a: Corviknight|Pressure
|move|p2a: Excadrill|Rapid Spin|p1a: Corviknight
|-resisted|p1a: Corviknight
|-damage|p1a: Corviknight|94/100
|-boost|p2a: Excadrill|spe|1
|-damage|p2a: Excadrill|84/100|[from] item: Rocky Helmet|[of] p1a: Corviknight
|-sideend|p2: testdwe|Stealth Rock|[from] move: Rapid Spin|[of] p2a: Excadrill
|
|-weather|none
|-heal|p2a: Excadrill|90/100|[from] item: Leftovers
|upkeep
|turn|8
|
|t:|1779865505
|switch|p2a: Hydrapple|Hydrapple, M|100/100
|move|p1a: Corviknight|U-turn|p2a: Hydrapple
|-supereffective|p2a: Hydrapple
|-crit|p2a: Hydrapple
|-damage|p2a: Hydrapple|76/100
|-damage|p1a: Corviknight|77/100|[from] item: Rocky Helmet|[of] p2a: Hydrapple
|
|t:|1779865507
|switch|p1a: Cinderace|Cinderace, M|84/100|[from] U-turn
|
|upkeep
|turn|9
|
|t:|1779865524
|move|p1a: Cinderace|Gunk Shot|p2a: Hydrapple
|-start|p1a: Cinderace|typechange|Poison|[from] ability: Libero
|-supereffective|p2a: Hydrapple
|-damage|p2a: Hydrapple|0 fnt
|faint|p2a: Hydrapple
|
|upkeep
|
|t:|1779865536
|switch|p2a: Excadrill|Excadrill, F|90/100
|turn|10
|
|t:|1779865540
|switch|p1a: Alomomola|Alomomola, M|100/100
|switch|p2a: Garganacl|Garganacl, M|73/100
|
|-heal|p2a: Garganacl|79/100|[from] item: Leftovers
|upkeep
|turn|11
|
|t:|1779865546
|move|p1a: Alomomola|Wish|p1a: Alomomola
|move|p2a: Garganacl|Stealth Rock|p1a: Alomomola
|-sidestart|p1: getreyal|move: Stealth Rock
|
|-heal|p2a: Garganacl|85/100|[from] item: Leftovers
|upkeep
|turn|12
|
|t:|1779865579
|switch|p2a: Enamorus|Enamorus, F|100/100
|move|p1a: Alomomola|Flip Turn|p2a: Enamorus
|-damage|p2a: Enamorus|76/100
|
|t:|1779865583
|switch|p1a: Corviknight|Corviknight, F|77/100|[from] Flip Turn
|-damage|p1a: Corviknight|65/100|[from] Stealth Rock
|-ability|p1a: Corviknight|Pressure
|
|-heal|p1a: Corviknight|100/100|[from] move: Wish|[wisher] Alomomola
|upkeep
|turn|13
|inactive|testdwe has 120 seconds left.
|
|t:|1779865607
|move|p2a: Enamorus|Mystical Fire|p1a: Corviknight
|-supereffective|p1a: Corviknight
|-damage|p1a: Corviknight|43/100
|-unboost|p1a: Corviknight|spa|1
|move|p1a: Corviknight|Defog|p2a: Enamorus
|-boost|p2a: Enamorus|evasion|1
|-sideend|p1: getreyal|Stealth Rock|[from] move: Defog|[of] p1a: Corviknight
|
|upkeep
|turn|14
|
|t:|1779865615
|switch|p2a: Garganacl|Garganacl, M|85/100
|switch|p1a: Cinderace|Cinderace, M|84/100
|
|-heal|p2a: Garganacl|92/100|[from] item: Leftovers
|upkeep
|turn|15
|
|t:|1779865621
|move|p2a: Garganacl|Protect|p2a: Garganacl
|-singleturn|p2a: Garganacl|Protect
|move|p1a: Cinderace|U-turn|p2a: Garganacl
|-start|p1a: Cinderace|typechange|Bug|[from] ability: Libero
|-activate|p2a: Garganacl|move: Protect
|
|-heal|p2a: Garganacl|98/100|[from] item: Leftovers
|upkeep
|turn|16
|
|t:|1779865630
|move|p1a: Cinderace|U-turn|p2a: Garganacl
|-damage|p2a: Garganacl|65/100
|
|t:|1779865631
|switch|p1a: Great Tusk|Great Tusk|72/100|[from] U-turn
|move|p2a: Garganacl|Stealth Rock|p1a: Great Tusk
|-sidestart|p1: getreyal|move: Stealth Rock
|
|-heal|p2a: Garganacl|71/100|[from] item: Leftovers
|upkeep
|turn|17
|
|t:|1779865642
|move|p2a: Garganacl|Protect|p2a: Garganacl
|-singleturn|p2a: Garganacl|Protect
|move|p1a: Great Tusk|Rapid Spin|p2a: Garganacl
|-activate|p2a: Garganacl|move: Protect
|
|-heal|p2a: Garganacl|77/100|[from] item: Leftovers
|upkeep
|turn|18
|
|t:|1779865660
|-terastallize|p2a: Garganacl|Fairy
|move|p1a: Great Tusk|Rapid Spin|p2a: Garganacl
|-damage|p2a: Garganacl|67/100
|-boost|p1a: Great Tusk|spe|1
|-sideend|p1: getreyal|Stealth Rock|[from] move: Rapid Spin|[of] p1a: Great Tusk
|move|p2a: Garganacl|Salt Cure|p1a: Great Tusk
|-resisted|p1a: Great Tusk
|-damage|p1a: Great Tusk|70/100
|-start|p1a: Great Tusk|Salt Cure
|
|-heal|p2a: Garganacl|73/100|[from] item: Leftovers
|-damage|p1a: Great Tusk|57/100|[from] Salt Cure
|upkeep
|turn|19
|
|t:|1779865664
|move|p1a: Great Tusk|Stealth Rock|p2a: Garganacl
|-sidestart|p2: testdwe|move: Stealth Rock
|move|p2a: Garganacl|Stealth Rock|p1a: Great Tusk
|-sidestart|p1: getreyal|move: Stealth Rock
|
|-heal|p2a: Garganacl|79/100|[from] item: Leftovers
|-damage|p1a: Great Tusk|45/100|[from] Salt Cure
|upkeep
|turn|20
|
|t:|1779865673
|-end|p1a: Great Tusk|Protosynthesis|[silent]
|switch|p1a: Ogerpon|Ogerpon, F|100/100
|switch|p2a: Excadrill|Excadrill, F|90/100
|-damage|p2a: Excadrill|87/100|[from] Stealth Rock
|
|-heal|p2a: Excadrill|93/100|[from] item: Leftovers
|upkeep
|turn|21
|
|t:|1779865678
|move|p1a: Ogerpon|Ivy Cudgel|p2a: Excadrill
|-damage|p2a: Excadrill|20/100
|move|p2a: Excadrill|Rapid Spin|p1a: Ogerpon
|-damage|p1a: Ogerpon|75/100
|-boost|p2a: Excadrill|spe|1
|-sideend|p2: testdwe|Stealth Rock|[from] move: Rapid Spin|[of] p2a: Excadrill
|
|-heal|p2a: Excadrill|26/100|[from] item: Leftovers
|upkeep
|turn|22
|j| chillncurry
|
|t:|1779865682
|switch|p1a: Alomomola|Alomomola, M|100/100
|move|p2a: Excadrill|Iron Head|p1a: Alomomola
|-resisted|p1a: Alomomola
|-damage|p1a: Alomomola|87/100
|
|-heal|p2a: Excadrill|32/100|[from] item: Leftovers
|upkeep
|turn|23
|
|t:|1779865689
|switch|p2a: Garganacl|Garganacl, M, tera:Fairy|79/100
|move|p1a: Alomomola|Wish|p1a: Alomomola
|
|-heal|p2a: Garganacl|86/100|[from] item: Leftovers
|upkeep
|turn|24
|
|t:|1779865706
|switch|p1a: Great Tusk|Great Tusk|45/100
|-damage|p1a: Great Tusk|42/100|[from] Stealth Rock
|move|p2a: Garganacl|Salt Cure|p1a: Great Tusk
|-resisted|p1a: Great Tusk
|-damage|p1a: Great Tusk|40/100
|-start|p1a: Great Tusk|Salt Cure
|
|-heal|p1a: Great Tusk|100/100|[from] move: Wish|[wisher] Alomomola
|-heal|p2a: Garganacl|92/100|[from] item: Leftovers
|-damage|p1a: Great Tusk|88/100|[from] Salt Cure
|upkeep
|turn|25
|
|t:|1779865716
|move|p2a: Garganacl|Protect|p2a: Garganacl
|-singleturn|p2a: Garganacl|Protect
|move|p1a: Great Tusk|Stealth Rock|p2a: Garganacl
|-sidestart|p2: testdwe|move: Stealth Rock
|
|-heal|p2a: Garganacl|98/100|[from] item: Leftovers
|-damage|p1a: Great Tusk|76/100|[from] Salt Cure
|upkeep
|turn|26
|inactive|testdwe has 120 seconds left.
|
|t:|1779865747
|move|p1a: Great Tusk|Rapid Spin|p2a: Garganacl
|-damage|p2a: Garganacl|88/100
|-boost|p1a: Great Tusk|spe|1
|-sideend|p1: getreyal|Stealth Rock|[from] move: Rapid Spin|[of] p1a: Great Tusk
|move|p2a: Garganacl|Salt Cure|p1a: Great Tusk
|-resisted|p1a: Great Tusk
|-damage|p1a: Great Tusk|74/100
|
|-heal|p2a: Garganacl|95/100|[from] item: Leftovers
|-damage|p1a: Great Tusk|61/100|[from] Salt Cure
|upkeep
|turn|27
|
|t:|1779865754
|-end|p1a: Great Tusk|Protosynthesis|[silent]
|switch|p1a: Hatterene|Hatterene, F|89/100
|move|p2a: Garganacl|Stealth Rock|p1a: Hatterene
|move|p1a: Hatterene|Stealth Rock||[from] ability: Magic Bounce|[still]
|-fail|p1a: Hatterene
|
|-heal|p2a: Garganacl|100/100|[from] item: Leftovers
|upkeep
|turn|28
|
|t:|1779865760
|move|p2a: Garganacl|Protect|p2a: Garganacl
|-singleturn|p2a: Garganacl|Protect
|move|p1a: Hatterene|Psychic Noise|p2a: Garganacl
|-activate|p2a: Garganacl|move: Protect
|
|upkeep
|turn|29
|
|t:|1779865763
|switch|p2a: Tyranitar|Tyranitar, F|62/100
|-damage|p2a: Tyranitar|49/100|[from] Stealth Rock
|-weather|Sandstorm|[from] ability: Sand Stream|[of] p2a: Tyranitar
|move|p1a: Hatterene|Psychic Noise|p2a: Tyranitar
|-immune|p2a: Tyranitar
|
|-weather|Sandstorm|[upkeep]
|-damage|p1a: Hatterene|83/100|[from] Sandstorm
|upkeep
|turn|30
|
|t:|1779865768
|switch|p1a: Alomomola|Alomomola, M|100/100
|move|p2a: Tyranitar|Ice Punch|p1a: Alomomola
|-resisted|p1a: Alomomola
|-damage|p1a: Alomomola|90/100
|
|-weather|Sandstorm|[upkeep]
|-damage|p1a: Alomomola|84/100|[from] Sandstorm
|upkeep
|turn|31
|
|t:|1779865776
|switch|p2a: Excadrill|Excadrill, F|32/100
|-damage|p2a: Excadrill|29/100|[from] Stealth Rock
|move|p1a: Alomomola|Wish|p1a: Alomomola
|
|-weather|Sandstorm|[upkeep]
|-damage|p1a: Alomomola|77/100|[from] Sandstorm
|-heal|p2a: Excadrill|35/100|[from] item: Leftovers
|upkeep
|turn|32
|
|t:|1779865780
|move|p2a: Excadrill|Rapid Spin|p1a: Alomomola
|-damage|p1a: Alomomola|68/100
|-boost|p2a: Excadrill|spe|1
|-sideend|p2: testdwe|Stealth Rock|[from] move: Rapid Spin|[of] p2a: Excadrill
|move|p1a: Alomomola|Flip Turn|p2a: Excadrill
|-supereffective|p2a: Excadrill
|-damage|p2a: Excadrill|0 fnt
|faint|p2a: Excadrill
|
|t:|1779865783
|switch|p1a: Corviknight|Corviknight, F|43/100|[from] Flip Turn
|-ability|p1a: Corviknight|Pressure
|
|-weather|Sandstorm|[upkeep]
|-heal|p1a: Corviknight|100/100|[from] move: Wish|[wisher] Alomomola
|upkeep
|
|t:|1779865789
|switch|p2a: Tyranitar|Tyranitar, F|49/100
|turn|33
|
|t:|1779865791
|move|p2a: Tyranitar|Knock Off|p1a: Corviknight
|-crit|p1a: Corviknight
|-damage|p1a: Corviknight|19/100
|-damage|p2a: Tyranitar|33/100|[from] item: Rocky Helmet|[of] p1a: Corviknight
|-enditem|p1a: Corviknight|Rocky Helmet|[from] move: Knock Off|[of] p2a: Tyranitar
|move|p1a: Corviknight|U-turn|p2a: Tyranitar
|-supereffective|p2a: Tyranitar
|-damage|p2a: Tyranitar|8/100
|
|t:|1779865795
|switch|p1a: Alomomola|Alomomola, M|100/100|[from] U-turn
|
|-weather|none
|upkeep
|turn|34
|
|t:|1779865798
|move|p2a: Tyranitar|Knock Off|p1a: Alomomola
|-damage|p1a: Alomomola|55/100
|-enditem|p1a: Alomomola|Heavy-Duty Boots|[from] move: Knock Off|[of] p2a: Tyranitar
|move|p1a: Alomomola|Wish|p1a: Alomomola
|
|upkeep
|turn|35
|
|t:|1779865816
|switch|p2a: Garganacl|Garganacl, M, tera:Fairy|100/100
|move|p1a: Alomomola|Flip Turn|p2a: Garganacl
|-damage|p2a: Garganacl|90/100
|
|t:|1779865818
|switch|p1a: Corviknight|Corviknight, F|19/100|[from] Flip Turn
|-ability|p1a: Corviknight|Pressure
|
|-heal|p1a: Corviknight|86/100|[from] move: Wish|[wisher] Alomomola
|-heal|p2a: Garganacl|96/100|[from] item: Leftovers
|upkeep
|turn|36
|
|t:|1779865832
|move|p1a: Corviknight|U-turn|p2a: Garganacl
|-resisted|p2a: Garganacl
|-damage|p2a: Garganacl|92/100
|
|t:|1779865835
|switch|p1a: Great Tusk|Great Tusk|61/100|[from] U-turn
|move|p2a: Garganacl|Stealth Rock|p1a: Great Tusk
|-sidestart|p1: getreyal|move: Stealth Rock
|
|-heal|p2a: Garganacl|98/100|[from] item: Leftovers
|upkeep
|turn|37
|
|t:|1779865839
|move|p1a: Great Tusk|Stealth Rock|p2a: Garganacl
|-sidestart|p2: testdwe|move: Stealth Rock
|move|p2a: Garganacl|Salt Cure|p1a: Great Tusk
|-resisted|p1a: Great Tusk
|-damage|p1a: Great Tusk|59/100
|-start|p1a: Great Tusk|Salt Cure
|
|-heal|p2a: Garganacl|100/100|[from] item: Leftovers
|-damage|p1a: Great Tusk|46/100|[from] Salt Cure
|upkeep
|turn|38
|j| nsdede
|
|t:|1779865845
|move|p2a: Garganacl|Protect|p2a: Garganacl
|-singleturn|p2a: Garganacl|Protect
|move|p1a: Great Tusk|Rapid Spin|p2a: Garganacl
|-activate|p2a: Garganacl|move: Protect
|
|-damage|p1a: Great Tusk|34/100|[from] Salt Cure
|upkeep
|turn|39
|
|t:|1779865851
|-end|p1a: Great Tusk|Protosynthesis|[silent]
|switch|p1a: Alomomola|Alomomola, M|89/100
|-damage|p1a: Alomomola|76/100|[from] Stealth Rock
|move|p2a: Garganacl|Stealth Rock||[still]
|-fail|p2a: Garganacl
|
|upkeep
|turn|40
|
|t:|1779865854
|move|p1a: Alomomola|Wish|p1a: Alomomola
|move|p2a: Garganacl|Salt Cure|p1a: Alomomola
|-damage|p1a: Alomomola|68/100
|-start|p1a: Alomomola|Salt Cure
|
|-damage|p1a: Alomomola|44/100|[from] Salt Cure
|upkeep
|turn|41
|
|t:|1779865862
|switch|p1a: Great Tusk|Great Tusk|34/100
|-damage|p1a: Great Tusk|31/100|[from] Stealth Rock
|switch|p2a: Enamorus|Enamorus, F|76/100
|-damage|p2a: Enamorus|51/100|[from] Stealth Rock
|
|-heal|p1a: Great Tusk|92/100|[from] move: Wish|[wisher] Alomomola
|upkeep
|turn|42
|
|t:|1779865870
|-end|p1a: Great Tusk|Protosynthesis|[silent]
|switch|p1a: Corviknight|Corviknight, F|86/100
|-damage|p1a: Corviknight|74/100|[from] Stealth Rock
|-ability|p1a: Corviknight|Pressure
|move|p2a: Enamorus|Healing Wish|p2a: Enamorus
|faint|p2a: Enamorus
|
|upkeep
|
|t:|1779865872
|switch|p2a: Tyranitar|Tyranitar, F|8/100
|-heal|p2a: Tyranitar|100/100|[from] move: Healing Wish
|-damage|p2a: Tyranitar|88/100|[from] Stealth Rock
|-weather|Sandstorm|[from] ability: Sand Stream|[of] p2a: Tyranitar
|turn|43
|
|t:|1779865880
|switch|p2a: Garganacl|Garganacl, M, tera:Fairy|100/100
|-damage|p2a: Garganacl|88/100|[from] Stealth Rock
|move|p1a: Corviknight|Defog|p2a: Garganacl
|-unboost|p2a: Garganacl|evasion|1
|-sideend|p2: testdwe|Stealth Rock|[from] move: Defog|[of] p1a: Corviknight
|-sideend|p1: getreyal|Stealth Rock|[from] move: Defog|[of] p1a: Corviknight
|
|-weather|Sandstorm|[upkeep]
|-damage|p2a: Garganacl|82/100|[from] Sandstorm
|-heal|p2a: Garganacl|88/100|[from] item: Leftovers
|upkeep
|turn|44
|
|t:|1779865901
|move|p1a: Corviknight|U-turn|p2a: Garganacl
|-resisted|p2a: Garganacl
|-damage|p2a: Garganacl|84/100
|
|t:|1779865907
|switch|p1a: Hatterene|Hatterene, F|83/100|[from] U-turn
|move|p2a: Garganacl|Stealth Rock|p1a: Hatterene
|move|p1a: Hatterene|Stealth Rock|p2a: Garganacl|[from] ability: Magic Bounce
|-sidestart|p2: testdwe|move: Stealth Rock
|
|-weather|Sandstorm|[upkeep]
|-damage|p1a: Hatterene|77/100|[from] Sandstorm
|-damage|p2a: Garganacl|77/100|[from] Sandstorm
|-heal|p2a: Garganacl|84/100|[from] item: Leftovers
|upkeep
|turn|45
|
|t:|1779865912
|switch|p2a: Tyranitar|Tyranitar, F|88/100
|-damage|p2a: Tyranitar|76/100|[from] Stealth Rock
|move|p1a: Hatterene|Psychic Noise|p2a: Tyranitar
|-immune|p2a: Tyranitar
|
|-weather|Sandstorm|[upkeep]
|-damage|p1a: Hatterene|71/100|[from] Sandstorm
|upkeep
|turn|46
|
|t:|1779865918
|switch|p1a: Alomomola|Alomomola, M|77/100
|move|p2a: Tyranitar|Knock Off|p1a: Alomomola
|-damage|p1a: Alomomola|49/100
|
|-weather|Sandstorm|[upkeep]
|-damage|p1a: Alomomola|42/100|[from] Sandstorm
|upkeep
|turn|47
|
|t:|1779865926
|move|p2a: Tyranitar|Knock Off|p1a: Alomomola
|-crit|p1a: Alomomola
|-damage|p1a: Alomomola|0 fnt
|faint|p1a: Alomomola
|
|-weather|none
|upkeep
|
|t:|1779865929
|switch|p1a: Ogerpon|Ogerpon, F|75/100
|turn|48
|
|t:|1779865933
|switch|p2a: Garganacl|Garganacl, M, tera:Fairy|84/100
|-damage|p2a: Garganacl|71/100|[from] Stealth Rock
|-terastallize|p1a: Ogerpon|Grass
|detailschange|p1a: Ogerpon|Ogerpon-Teal-Tera, F, tera:Grass
|-ability|p1a: Ogerpon|Embody Aspect (Teal)|boost
|-boost|p1a: Ogerpon|spe|1
|move|p1a: Ogerpon|Ivy Cudgel|p2a: Garganacl
|-damage|p2a: Garganacl|26/100
|
|-heal|p2a: Garganacl|32/100|[from] item: Leftovers
|upkeep
|turn|49
|
|t:|1779865936
|move|p2a: Garganacl|Protect|p2a: Garganacl
|-singleturn|p2a: Garganacl|Protect
|move|p1a: Ogerpon|Ivy Cudgel|p2a: Garganacl
|-activate|p2a: Garganacl|move: Protect
|
|-heal|p2a: Garganacl|38/100|[from] item: Leftovers
|upkeep
|turn|50
|
|t:|1779865946
|move|p2a: Garganacl|Protect||[still]
|-fail|p2a: Garganacl
|move|p1a: Ogerpon|Ivy Cudgel|p2a: Garganacl
|-damage|p2a: Garganacl|0 fnt
|faint|p2a: Garganacl
|
|upkeep
|-message|testdwe forfeited.
|
|win|getreyal
|raw|getreyal's rating: 1599 &rarr; <strong>1621</strong><br />(+22 for winning)
|raw|testdwe's rating: 1634 &rarr; <strong>1612</strong><br />(-22 for losing)
|l|☆testdwe
|player|p2|
|l| nsdede
|l|☆getreyal
|player|p1|
