|j|☆Bigbloset
|j|☆TeamPlasmaGrunt704
|t:|1779830547
|gametype|singles
|player|p1|Bigbloset|brycenman|1060
|player|p2|TeamPlasmaGrunt704|plasmagrunt|1116
|gen|9
|tier|[Gen 9] OU
|rated|
|rule|HP Percentage Mod: HP is shown in percentages
|rule|Endless Battle Clause: Forcing endless battles is banned
|rule|Species Clause: Limit one of each Pokémon
|rule|OHKO Clause: OHKO moves are banned
|rule|Evasion Items Clause: Evasion items are banned
|rule|Evasion Moves Clause: Evasion moves are banned
|rule|Evasion Abilities Clause: Evasion abilities are banned
|rule|Sleep Moves Clause: Sleep-inducing moves are banned
|clearpoke
|poke|p1|Darkrai|
|poke|p1|Garganacl, F|
|poke|p1|Enamorus, F|
|poke|p1|Gholdengo|
|poke|p1|Alomomola, M|
|poke|p1|Great Tusk|
|poke|p2|Haxorus, M|
|poke|p2|Golurk|
|poke|p2|Kingambit, F|
|poke|p2|Landorus-Therian, M|
|poke|p2|Iron Moth|
|poke|p2|Scrafty, M|
|teampreview
|inactive|Battle timer is ON: inactive players will automatically lose when time's up. (requested by Bigbloset)
|
|t:|1779830568
|teamsize|p1|6
|teamsize|p2|6
|start
|switch|p1a: Enamorus|Enamorus, F|100/100
|switch|p2a: Him|Landorus-Therian, M|100/100
|-ability|p2a: Him|Intimidate|boost
|-boost|p1a: Enamorus|atk|1
|turn|1
|
|t:|1779830582
|move|p1a: Enamorus|Superpower|p2a: Him
|-resisted|p2a: Him
|-crit|p2a: Him
|-damage|p2a: Him|50/100
|-boost|p1a: Enamorus|atk|1
|-boost|p1a: Enamorus|def|1
|-damage|p1a: Enamorus|84/100|[from] item: Rocky Helmet|[of] p2a: Him
|move|p2a: Him|Sludge Bomb|p1a: Enamorus
|-supereffective|p1a: Enamorus
|-damage|p1a: Enamorus|24/100
|
|upkeep
|turn|2
|
|t:|1779830591
|switch|p2a: Sentinel|Golurk, shiny|100/100
|move|p1a: Enamorus|Superpower|p2a: Sentinel
|-immune|p2a: Sentinel
|
|upkeep
|turn|3
|
|t:|1779830597
|move|p1a: Enamorus|Play Rough|p2a: Sentinel
|-damage|p2a: Sentinel|9/100
|move|p2a: Sentinel|Thunder Punch|p1a: Enamorus
|-supereffective|p1a: Enamorus
|-damage|p1a: Enamorus|0 fnt
|faint|p1a: Enamorus
|
|upkeep
|inactive|Bigbloset has 120 seconds left.
|
|t:|1779830629
|switch|p1a: Darkrai|Darkrai|100/100
|turn|4
|
|t:|1779830635
|move|p1a: Darkrai|Dark Pulse|p2a: Sentinel
|-supereffective|p2a: Sentinel
|-damage|p2a: Sentinel|0 fnt
|faint|p2a: Sentinel
|
|upkeep
|
|t:|1779830654
|switch|p2a: The Scrafty|Scrafty, M|100/100
|turn|5
|inactive|Bigbloset has 120 seconds left.
|
|t:|1779830701
|switch|p1a: Gholdengo|Gholdengo|100/100
|-item|p1a: Gholdengo|Air Balloon
|move|p2a: The Scrafty|Bulk Up|p2a: The Scrafty
|-boost|p2a: The Scrafty|atk|1
|-boost|p2a: The Scrafty|def|1
|
|upkeep
|turn|6
|
|t:|1779830711
|switch|p1a: Alomomola|Alomomola, M|100/100
|move|p2a: The Scrafty|Knock Off|p1a: Alomomola
|-damage|p1a: Alomomola|68/100
|-enditem|p1a: Alomomola|Leftovers|[from] move: Knock Off|[of] p2a: The Scrafty
|
|upkeep
|turn|7
|
|t:|1779830718
|move|p1a: Alomomola|Scald|p2a: The Scrafty
|-damage|p2a: The Scrafty|87/100
|move|p2a: The Scrafty|Bulk Up|p2a: The Scrafty
|-boost|p2a: The Scrafty|atk|1
|-boost|p2a: The Scrafty|def|1
|
|-heal|p2a: The Scrafty|93/100|[from] item: Leftovers
|upkeep
|turn|8
|inactive|Bigbloset has 120 seconds left.
|
|t:|1779830724
|move|p1a: Alomomola|Scald|p2a: The Scrafty
|-damage|p2a: The Scrafty|81/100
|move|p2a: The Scrafty|Bulk Up|p2a: The Scrafty
|-boost|p2a: The Scrafty|atk|1
|-boost|p2a: The Scrafty|def|1
|
|-heal|p2a: The Scrafty|87/100|[from] item: Leftovers
|upkeep
|turn|9
|
|t:|1779830727
|move|p1a: Alomomola|Scald|p2a: The Scrafty
|-damage|p2a: The Scrafty|76/100
|-status|p2a: The Scrafty|brn
|move|p2a: The Scrafty|Bulk Up|p2a: The Scrafty
|-boost|p2a: The Scrafty|atk|1
|-boost|p2a: The Scrafty|def|1
|
|-activate|p2a: The Scrafty|ability: Shed Skin
|-curestatus|p2a: The Scrafty|brn|[msg]
|-heal|p2a: The Scrafty|82/100|[from] item: Leftovers
|upkeep
|turn|10
|
|t:|1779830731
|move|p1a: Alomomola|Scald|p2a: The Scrafty
|-damage|p2a: The Scrafty|71/100
|move|p2a: The Scrafty|Drain Punch|p1a: Alomomola
|-damage|p1a: Alomomola|21/100
|-heal|p2a: The Scrafty|100/100|[from] drain|[of] p1a: Alomomola
|
|upkeep
|turn|11
|
|t:|1779830739
|move|p1a: Alomomola|Scald|p2a: The Scrafty
|-damage|p2a: The Scrafty|89/100
|move|p2a: The Scrafty|Knock Off|p1a: Alomomola
|-damage|p1a: Alomomola|0 fnt
|faint|p1a: Alomomola
|
|-heal|p2a: The Scrafty|96/100|[from] item: Leftovers
|upkeep
|
|t:|1779830742
|switch|p1a: Great Tusk|Great Tusk|100/100
|-enditem|p1a: Great Tusk|Booster Energy
|-activate|p1a: Great Tusk|ability: Protosynthesis|[fromitem]
|-start|p1a: Great Tusk|protosynthesisatk
|turn|12
|inactive|TeamPlasmaGrunt704 has 120 seconds left.
|
|t:|1779830783
|-terastallize|p2a: The Scrafty|Poison
|move|p1a: Great Tusk|Close Combat|p2a: The Scrafty
|-resisted|p2a: The Scrafty
|-damage|p2a: The Scrafty|82/100
|-unboost|p1a: Great Tusk|def|1
|-unboost|p1a: Great Tusk|spd|1
|move|p2a: The Scrafty|Knock Off|p1a: Great Tusk
|-resisted|p1a: Great Tusk
|-damage|p1a: Great Tusk|57/100
|
|-heal|p2a: The Scrafty|89/100|[from] item: Leftovers
|upkeep
|turn|13
|
|t:|1779830799
|switch|p2a: Him|Landorus-Therian, M|50/100
|-ability|p2a: Him|Intimidate|boost
|-unboost|p1a: Great Tusk|atk|1
|move|p1a: Great Tusk|Earthquake|p2a: Him
|-immune|p2a: Him
|
|upkeep
|turn|14
|
|t:|1779830806
|-end|p1a: Great Tusk|Protosynthesis|[silent]
|switch|p1a: Darkrai|Darkrai|100/100
|move|p2a: Him|Grass Knot|p1a: Darkrai
|-damage|p1a: Darkrai|66/100
|
|upkeep
|turn|15
|
|t:|1779830813
|switch|p2a: The Scrafty|Scrafty, M, tera:Poison|89/100
|move|p1a: Darkrai|Ice Beam|p2a: The Scrafty
|-damage|p2a: The Scrafty|58/100
|
|-heal|p2a: The Scrafty|64/100|[from] item: Leftovers
|upkeep
|turn|16
|inactive|TeamPlasmaGrunt704 has 120 seconds left.
|
|t:|1779830820
|switch|p1a: Gholdengo|Gholdengo|100/100
|-item|p1a: Gholdengo|Air Balloon
|move|p2a: The Scrafty|Drain Punch|p1a: Gholdengo
|-immune|p1a: Gholdengo
|
|-heal|p2a: The Scrafty|70/100|[from] item: Leftovers
|upkeep
|turn|17
|
|t:|1779830825
|move|p1a: Gholdengo|Make It Rain|p2a: The Scrafty
|-damage|p2a: The Scrafty|15/100
|-unboost|p1a: Gholdengo|spa|1
|move|p2a: The Scrafty|Knock Off|p1a: Gholdengo
|-supereffective|p1a: Gholdengo
|-damage|p1a: Gholdengo|10/100
|-enditem|p1a: Gholdengo|Air Balloon
|
|-heal|p2a: The Scrafty|21/100|[from] item: Leftovers
|upkeep
|turn|18
|
|t:|1779830838
|move|p1a: Gholdengo|Make It Rain|p2a: The Scrafty
|-damage|p2a: The Scrafty|0 fnt
|-unboost|p1a: Gholdengo|spa|1
|faint|p2a: The Scrafty
|
|upkeep
|
|t:|1779830843
|switch|p2a: Shiroyama|Kingambit, F|100/100
|-activate|p2a: Shiroyama|ability: Supreme Overlord
|-start|p2a: Shiroyama|fallen2|[silent]
|turn|19
|
|t:|1779830846
|switch|p1a: Garganacl|Garganacl, F|100/100
|move|p2a: Shiroyama|Sucker Punch||[still]
|-fail|p2a: Shiroyama
|
|upkeep
|turn|20
|
|t:|1779830853
|move|p1a: Garganacl|Stealth Rock|p2a: Shiroyama
|-sidestart|p2: TeamPlasmaGrunt704|move: Stealth Rock
|move|p2a: Shiroyama|Low Kick|p1a: Garganacl
|-supereffective|p1a: Garganacl
|-damage|p1a: Garganacl|55/100
|-damage|p2a: Shiroyama|84/100|[from] item: Rocky Helmet|[of] p1a: Garganacl
|
|upkeep
|turn|21
|
|t:|1779830859
|-end|p2a: Shiroyama|fallen2|[silent]
|switch|p2a: Him|Landorus-Therian, M|50/100
|-damage|p2a: Him|38/100|[from] Stealth Rock
|-ability|p2a: Him|Intimidate|boost
|-unboost|p1a: Garganacl|atk|1
|move|p1a: Garganacl|Salt Cure|p2a: Him
|-damage|p2a: Him|28/100
|-start|p2a: Him|Salt Cure
|
|-damage|p2a: Him|16/100|[from] Salt Cure
|upkeep
|turn|22
|
|t:|1779830868
|switch|p1a: Gholdengo|Gholdengo|10/100
|move|p2a: Him|Sandsear Storm|p1a: Gholdengo
|-supereffective|p1a: Gholdengo
|-damage|p1a: Gholdengo|0 fnt
|faint|p1a: Gholdengo
|
|-damage|p2a: Him|3/100|[from] Salt Cure
|upkeep
|
|t:|1779830874
|switch|p1a: Garganacl|Garganacl, F|55/100
|turn|23
|
|t:|1779830878
|move|p2a: Him|Sandsear Storm|p1a: Garganacl
|-supereffective|p1a: Garganacl
|-damage|p1a: Garganacl|0 fnt
|faint|p1a: Garganacl
|
|-damage|p2a: Him|0 fnt|[from] Salt Cure
|faint|p2a: Him
|upkeep
|
|t:|1779830892
|switch|p2a: Scaley|Haxorus, M, shiny|100/100
|switch|p1a: Darkrai|Darkrai|66/100
|-ability|p2a: Scaley|Unnerve
|-damage|p2a: Scaley|88/100|[from] Stealth Rock
|turn|24
|
|t:|1779830900
|move|p2a: Scaley|First Impression|p1a: Darkrai
|-supereffective|p1a: Darkrai
|-damage|p1a: Darkrai|0 fnt
|faint|p1a: Darkrai
|-damage|p2a: Scaley|78/100|[from] item: Life Orb
|
|upkeep
|
|t:|1779830902
|switch|p1a: Great Tusk|Great Tusk|57/100
|turn|25
|
|t:|1779830909
|-terastallize|p1a: Great Tusk|Ground
|move|p2a: Scaley|Outrage|p1a: Great Tusk
|-damage|p1a: Great Tusk|0 fnt
|faint|p1a: Great Tusk
|-end|p1a: Great Tusk|Protosynthesis|[silent]
|-damage|p2a: Scaley|68/100|[from] item: Life Orb
|
|win|TeamPlasmaGrunt704
|raw|Bigbloset's rating: 1060 &rarr; <strong>1044</strong><br />(-16 for losing)
|raw|TeamPlasmaGrunt704's rating: 1116 &rarr; <strong>1137</strong><br />(+21 for winning)
|l|☆Bigbloset
|player|p1|
