|j|☆spindle pit
|j|☆bigant40007
|t:|1779972248
|gametype|singles
|player|p1|spindle pit|ethan|1320
|player|p2|bigant40007|265|1352
|gen|9
|tier|[Gen 9] OU
|rated|
|rule|HP Percentage Mod: HP is shown in percentages
|rule|Endless Battle Clause: Forcing endless battles is banned
|rule|Species Clause: Limit one of each Pokémon
|rule|OHKO Clause: OHKO moves are banned
|rule|Evasion Items Clause: Evasion items are banned
|rule|Evasion Moves Clause: Evasion moves are banned
|rule|Evasion Abilities Clause: Evasion abilities are banned
|rule|Sleep Moves Clause: Sleep-inducing moves are banned
|clearpoke
|poke|p1|Minior-Green|
|poke|p1|Scizor, F|
|poke|p1|Dragapult, M|
|poke|p1|Iron Treads|
|poke|p1|Greninja-*, M|
|poke|p1|Iron Valiant|
|poke|p2|Gengar, F|
|poke|p2|Conkeldurr, M|
|poke|p2|Scream Tail|
|poke|p2|Mandibuzz, F|
|poke|p2|Volcanion|
|poke|p2|Dragonite, F|
|teampreview
|inactive|Battle timer is ON: inactive players will automatically lose when time's up. (requested by spindle pit)
|
|t:|1779972260
|teamsize|p1|6
|teamsize|p2|6
|start
|switch|p1a: Mancarhookdoorhand|Dragapult, M|100/100
|switch|p2a: Conkeldurr|Conkeldurr, M|100/100
|turn|1
|
|t:|1779972266
|move|p1a: Mancarhookdoorhand|U-turn|p2a: Conkeldurr
|-resisted|p2a: Conkeldurr
|-damage|p2a: Conkeldurr|94/100
|
|t:|1779972269
|switch|p1a: Valtna|Iron Valiant|100/100|[from] U-turn
|move|p2a: Conkeldurr|Ice Punch|p1a: Valtna
|-damage|p1a: Valtna|48/100
|
|upkeep
|turn|2
|
|t:|1779972278
|switch|p2a: Gengar|Gengar, F, shiny|100/100
|move|p1a: Valtna|Moonblast|p2a: Gengar
|-resisted|p2a: Gengar
|-damage|p2a: Gengar|50/100
|-damage|p1a: Valtna|38/100|[from] item: Life Orb
|
|upkeep
|turn|3
|
|t:|1779972287
|move|p2a: Gengar|Dazzling Gleam|p1a: Valtna
|-supereffective|p1a: Valtna
|-damage|p1a: Valtna|0 fnt
|faint|p1a: Valtna
|-end|p1a: Valtna|Quark Drive|[silent]
|
|upkeep
|
|t:|1779972292
|switch|p1a: Mizer|Scizor, F|100/100
|turn|4
|
|t:|1779972295
|switch|p2a: Mandibuzz|Mandibuzz, F|100/100
|move|p1a: Mizer|Knock Off|p2a: Mandibuzz
|-resisted|p2a: Mandibuzz
|-damage|p2a: Mandibuzz|91/100
|-damage|p1a: Mizer|84/100|[from] item: Rocky Helmet|[of] p2a: Mandibuzz
|-enditem|p2a: Mandibuzz|Rocky Helmet|[from] move: Knock Off|[of] p1a: Mizer
|
|upkeep
|turn|5
|
|t:|1779972304
|move|p2a: Mandibuzz|Foul Play|p1a: Mizer
|-damage|p1a: Mizer|30/100
|move|p1a: Mizer|U-turn|p2a: Mandibuzz
|-damage|p2a: Mandibuzz|66/100
|
|t:|1779972310
|switch|p1a: Silo|Minior-Green|100/100|[from] U-turn
|-formechange|p1a: Silo|Minior-Meteor||[from] ability: Shields Down
|
|upkeep
|turn|6
|
|t:|1779972316
|move|p1a: Silo|Shell Smash|p1a: Silo
|-unboost|p1a: Silo|def|1
|-unboost|p1a: Silo|spd|1
|-boost|p1a: Silo|atk|2
|-boost|p1a: Silo|spa|2
|-boost|p1a: Silo|spe|2
|move|p2a: Mandibuzz|Whirlwind|p1a: Silo
|drag|p1a: Mizer|Scizor, F|30/100
|
|upkeep
|turn|7
|
|t:|1779972325
|move|p1a: Mizer|Bullet Punch|p2a: Mandibuzz
|-damage|p2a: Mandibuzz|45/100
|move|p2a: Mandibuzz|Foul Play|p1a: Mizer
|-damage|p1a: Mizer|0 fnt
|faint|p1a: Mizer
|
|upkeep
|
|t:|1779972330
|switch|p1a: Grenjamin|Greninja, M|100/100
|turn|8
|
|t:|1779972335
|switch|p2a: Volcanion|Volcanion|100/100
|move|p1a: Grenjamin|Ice Beam|p2a: Volcanion
|-resisted|p2a: Volcanion
|-damage|p2a: Volcanion|91/100
|-damage|p1a: Grenjamin|91/100|[from] item: Life Orb
|
|upkeep
|turn|9
|
|t:|1779972342
|move|p1a: Grenjamin|U-turn|p2a: Volcanion
|-resisted|p2a: Volcanion
|-damage|p2a: Volcanion|84/100
|-damage|p1a: Grenjamin|81/100|[from] item: Life Orb
|-message|spindle pit forfeited.
|
|win|bigant40007
|raw|spindle pit's rating: 1320 &rarr; <strong>1302</strong><br />(-18 for losing)
|raw|bigant40007's rating: 1352 &rarr; <strong>1370</strong><br />(+18 for winning)
|l|☆spindle pit
|player|p1|
|l|☆bigant40007
|player|p2|
