|j|☆dalucu23
|j|☆sturdy gengar
|t:|1779908735
|gametype|singles
|player|p1|dalucu23|biker|1246
|player|p2|sturdy gengar|101|1233
|gen|9
|tier|[Gen 9] OU
|rated|
|rule|HP Percentage Mod: HP is shown in percentages
|rule|Endless Battle Clause: Forcing endless battles is banned
|rule|Species Clause: Limit one of each Pokémon
|rule|OHKO Clause: OHKO moves are banned
|rule|Evasion Items Clause: Evasion items are banned
|rule|Evasion Moves Clause: Evasion moves are banned
|rule|Evasion Abilities Clause: Evasion abilities are banned
|rule|Sleep Moves Clause: Sleep-inducing moves are banned
|clearpoke
|poke|p1|Kingdra, F|
|poke|p1|Pelipper, F|
|poke|p1|Barraskewda, M|
|poke|p1|Iron Treads|
|poke|p1|Dragapult, F|
|poke|p1|Sableye, M|
|poke|p2|Azumarill, F|
|poke|p2|Dragonite, M|
|poke|p2|Rotom-Wash|
|poke|p2|Gloom, M|
|poke|p2|Alomomola, F|
|poke|p2|Heatran, M|
|teampreview
|inactive|Battle timer is ON: inactive players will automatically lose when time's up. (requested by dalucu23)
|
|t:|1779908746
|teamsize|p1|6
|teamsize|p2|6
|start
|switch|p1a: Sableye|Sableye, M|100/100
|switch|p2a: Rotom|Rotom-Wash|100/100
|turn|1
|
|t:|1779908753
|move|p2a: Rotom|Trick|p1a: Sableye
|-activate|p2a: Rotom|move: Trick|[of] p1a: Sableye
|-item|p1a: Sableye|Choice Scarf|[from] move: Trick
|-item|p2a: Rotom|Leftovers|[from] move: Trick
|move|p1a: Sableye|Knock Off|p2a: Rotom
|-damage|p2a: Rotom|80/100
|-enditem|p2a: Rotom|Leftovers|[from] move: Knock Off|[of] p1a: Sableye
|
|upkeep
|turn|2
|
|t:|1779908761
|move|p2a: Rotom|Will-O-Wisp|p1a: Sableye|[miss]
|-miss|p2a: Rotom|p1a: Sableye
|move|p1a: Sableye|Knock Off|p2a: Rotom
|-damage|p2a: Rotom|66/100
|
|upkeep
|turn|3
|
|t:|1779908774
|switch|p1a: Dragapult|Dragapult, F|100/100
|move|p2a: Rotom|Will-O-Wisp|p1a: Dragapult|[miss]
|-miss|p2a: Rotom|p1a: Dragapult
|
|upkeep
|turn|4
|
|t:|1779908782
|switch|p2a: Azumarill|Azumarill, F|100/100
|move|p1a: Dragapult|Shadow Ball|p2a: Azumarill
|-damage|p2a: Azumarill|62/100
|
|-heal|p2a: Azumarill|68/100|[from] item: Leftovers
|upkeep
|turn|5
|
|t:|1779908793
|switch|p1a: Sableye|Sableye, M|100/100
|move|p2a: Azumarill|Knock Off|p1a: Sableye
|-damage|p1a: Sableye|88/100
|-enditem|p1a: Sableye|Choice Scarf|[from] move: Knock Off|[of] p2a: Azumarill
|
|-heal|p2a: Azumarill|74/100|[from] item: Leftovers
|upkeep
|turn|6
|
|t:|1779908804
|switch|p2a: Rotom|Rotom-Wash|66/100
|move|p1a: Sableye|Encore||[still]
|-fail|p1a: Sableye
|
|upkeep
|turn|7
|
|t:|1779908811
|switch|p1a: Dragapult|Dragapult, F|100/100
|move|p2a: Rotom|Will-O-Wisp|p1a: Dragapult
|-status|p1a: Dragapult|brn
|
|-damage|p1a: Dragapult|95/100 brn|[from] brn
|upkeep
|turn|8
|
|t:|1779908820
|switch|p2a: Gloom|Gloom, M|100/100
|move|p1a: Dragapult|Thunder|p2a: Gloom
|-resisted|p2a: Gloom
|-crit|p2a: Gloom
|-damage|p2a: Gloom|73/100
|-status|p2a: Gloom|par
|
|-damage|p1a: Dragapult|89/100 brn|[from] brn
|upkeep
|turn|9
|
|t:|1779908830
|switch|p1a: Pelipper|Pelipper, F|100/100
|-weather|RainDance|[from] ability: Drizzle|[of] p1a: Pelipper
|cant|p2a: Gloom|par
|
|-weather|RainDance|[upkeep]
|upkeep
|turn|10
|
|t:|1779908851
|switch|p1a: Dragapult|Dragapult, F|89/100 brn
|switch|p2a: Rotom|Rotom-Wash|66/100
|
|-weather|RainDance|[upkeep]
|-damage|p1a: Dragapult|83/100 brn|[from] brn
|upkeep
|turn|11
|inactive|sturdy gengar has 120 seconds left.
|
|t:|1779908889
|move|p1a: Dragapult|Shadow Ball|p2a: Rotom
|-damage|p2a: Rotom|10/100
|move|p2a: Rotom|Hydro Pump|p1a: Dragapult
|-resisted|p1a: Dragapult
|-damage|p1a: Dragapult|46/100 brn
|
|-weather|RainDance|[upkeep]
|-damage|p1a: Dragapult|40/100 brn|[from] brn
|upkeep
|turn|12
|inactive|sturdy gengar has 120 seconds left.
|
|t:|1779908900
|switch|p2a: Heatran|Heatran, M|100/100
|move|p1a: Dragapult|Shadow Ball|p2a: Heatran
|-damage|p2a: Heatran|75/100
|
|-weather|RainDance|[upkeep]
|-damage|p1a: Dragapult|34/100 brn|[from] brn
|upkeep
|turn|13
|inactive|sturdy gengar has 120 seconds left.
|
|t:|1779908912
|switch|p1a: Barraskewda|Barraskewda, M|100/100
|move|p2a: Heatran|Dragon Pulse|p1a: Barraskewda
|-damage|p1a: Barraskewda|33/100
|
|-weather|RainDance|[upkeep]
|upkeep
|turn|14
|
|t:|1779908923
|switch|p2a: Alomomola|Alomomola, F|100/100
|move|p1a: Barraskewda|Waterfall|p2a: Alomomola
|-resisted|p2a: Alomomola
|-damage|p2a: Alomomola|72/100
|-damage|p1a: Barraskewda|17/100|[from] item: Rocky Helmet|[of] p2a: Alomomola
|
|-weather|RainDance|[upkeep]
|upkeep
|turn|15
|
|t:|1779908941
|switch|p1a: Pelipper|Pelipper, F|100/100
|move|p2a: Alomomola|Wish|p2a: Alomomola
|
|-weather|RainDance|[upkeep]
|upkeep
|turn|16
|
|t:|1779908947
|move|p2a: Alomomola|Flip Turn|p1a: Pelipper
|-resisted|p1a: Pelipper
|-damage|p1a: Pelipper|89/100
|
|t:|1779908955
|switch|p2a: Rotom|Rotom-Wash|10/100|[from] Flip Turn
|move|p1a: Pelipper|Hurricane|p2a: Rotom
|-resisted|p2a: Rotom
|-damage|p2a: Rotom|0 fnt
|faint|p2a: Rotom
|
|-weather|none
|upkeep
|
|t:|1779908966
|switch|p2a: Dragonite|Dragonite, M|100/100
|turn|17
|
|t:|1779908970
|switch|p1a: Sableye|Sableye, M|88/100
|move|p2a: Dragonite|Dragon Dance|p2a: Dragonite
|-boost|p2a: Dragonite|atk|1
|-boost|p2a: Dragonite|spe|1
|
|upkeep
|turn|18
|
|t:|1779908976
|move|p1a: Sableye|Encore|p2a: Dragonite
|-start|p2a: Dragonite|Encore
|move|p2a: Dragonite|Dragon Dance|p2a: Dragonite
|-boost|p2a: Dragonite|atk|1
|-boost|p2a: Dragonite|spe|1
|
|upkeep
|turn|19
|
|t:|1779908982
|move|p2a: Dragonite|Dragon Dance|p2a: Dragonite
|-boost|p2a: Dragonite|atk|1
|-boost|p2a: Dragonite|spe|1
|move|p1a: Sableye|Knock Off|p2a: Dragonite
|-damage|p2a: Dragonite|89/100
|-enditem|p2a: Dragonite|Leftovers|[from] move: Knock Off|[of] p1a: Sableye
|
|upkeep
|turn|20
|
|t:|1779908991
|move|p2a: Dragonite|Dragon Dance|p2a: Dragonite
|-boost|p2a: Dragonite|atk|1
|-boost|p2a: Dragonite|spe|1
|move|p1a: Sableye|Knock Off|p2a: Dragonite
|-damage|p2a: Dragonite|72/100
|
|-end|p2a: Dragonite|Encore
|upkeep
|turn|21
|
|t:|1779909002
|move|p1a: Sableye|Encore|p2a: Dragonite
|-start|p2a: Dragonite|Encore
|move|p2a: Dragonite|Dragon Dance|p2a: Dragonite
|-boost|p2a: Dragonite|atk|1
|-boost|p2a: Dragonite|spe|1
|
|upkeep
|turn|22
|
|t:|1779909015
|switch|p2a: Alomomola|Alomomola, F|100/100
|switch|p1a: Dragapult|Dragapult, F|34/100 brn
|
|-damage|p1a: Dragapult|28/100 brn|[from] brn
|upkeep
|turn|23
|
|t:|1779909021
|move|p1a: Dragapult|Thunder|p2a: Alomomola
|-supereffective|p2a: Alomomola
|-damage|p2a: Alomomola|0 fnt
|faint|p2a: Alomomola
|
|-damage|p1a: Dragapult|22/100 brn|[from] brn
|upkeep
|
|t:|1779909029
|switch|p2a: Heatran|Heatran, M|75/100
|turn|24
|
|t:|1779909037
|move|p1a: Dragapult|Thunder|p2a: Heatran|[miss]
|-miss|p1a: Dragapult|p2a: Heatran
|move|p2a: Heatran|Magma Storm|p1a: Dragapult
|-resisted|p1a: Dragapult
|-damage|p1a: Dragapult|0 fnt
|faint|p1a: Dragapult
|
|upkeep
|
|t:|1779909045
|switch|p1a: Pelipper|Pelipper, F|89/100
|-weather|RainDance|[from] ability: Drizzle|[of] p1a: Pelipper
|turn|25
|
|t:|1779909058
|-terastallize|p2a: Heatran|Ghost
|move|p2a: Heatran|Dragon Pulse|p1a: Pelipper
|-damage|p1a: Pelipper|47/100
|move|p1a: Pelipper|Surf|p2a: Heatran
|-damage|p2a: Heatran|50/100
|
|-weather|RainDance|[upkeep]
|upkeep
|turn|26
|
|t:|1779909066
|move|p2a: Heatran|Dragon Pulse|p1a: Pelipper
|-damage|p1a: Pelipper|8/100
|move|p1a: Pelipper|Roost|p1a: Pelipper
|-heal|p1a: Pelipper|58/100
|-singleturn|p1a: Pelipper|move: Roost
|
|-weather|RainDance|[upkeep]
|upkeep
|turn|27
|
|t:|1779909076
|move|p2a: Heatran|Dragon Pulse|p1a: Pelipper
|-damage|p1a: Pelipper|17/100
|move|p1a: Pelipper|Tailwind|p1a: Pelipper
|-sidestart|p1: dalucu23|move: Tailwind
|
|-weather|RainDance|[upkeep]
|upkeep
|turn|28
|
|t:|1779909084
|move|p1a: Pelipper|Surf|p2a: Heatran
|-damage|p2a: Heatran|24/100
|move|p2a: Heatran|Dragon Pulse|p1a: Pelipper
|-damage|p1a: Pelipper|0 fnt
|faint|p1a: Pelipper
|
|-weather|RainDance|[upkeep]
|upkeep
|
|t:|1779909094
|switch|p1a: Kingdra|Kingdra, F|100/100
|turn|29
|
|t:|1779909113
|move|p1a: Kingdra|Hurricane|p2a: Heatran
|-damage|p2a: Heatran|2/100
|-damage|p1a: Kingdra|91/100|[from] item: Life Orb
|move|p2a: Heatran|Dragon Pulse|p1a: Kingdra
|-supereffective|p1a: Kingdra
|-damage|p1a: Kingdra|14/100
|
|-weather|RainDance|[upkeep]
|upkeep
|turn|30
|
|t:|1779909122
|move|p1a: Kingdra|Flash Cannon|p2a: Heatran
|-damage|p2a: Heatran|0 fnt
|faint|p2a: Heatran
|-damage|p1a: Kingdra|4/100|[from] item: Life Orb
|
|-weather|RainDance|[upkeep]
|-sideend|p1: dalucu23|move: Tailwind
|upkeep
|
|t:|1779909129
|switch|p2a: Dragonite|Dragonite, M|72/100
|turn|31
|
|t:|1779909132
|move|p1a: Kingdra|Draco Meteor|p2a: Dragonite
|-supereffective|p2a: Dragonite
|-damage|p2a: Dragonite|0 fnt
|-unboost|p1a: Kingdra|spa|2
|faint|p2a: Dragonite
|-damage|p1a: Kingdra|0 fnt|[from] item: Life Orb
|faint|p1a: Kingdra
|
|-weather|RainDance|[upkeep]
|upkeep
|
|t:|1779909148
|switch|p1a: Barraskewda|Barraskewda, M|17/100
|switch|p2a: Gloom|Gloom, M|73/100 par
|turn|32
|
|t:|1779909166
|move|p1a: Barraskewda|Psychic Fangs|p2a: Gloom
|-supereffective|p2a: Gloom
|-damage|p2a: Gloom|0 fnt
|faint|p2a: Gloom
|
|-weather|none
|upkeep
|
|t:|1779909171
|switch|p2a: Azumarill|Azumarill, F|74/100
|turn|33
|
|t:|1779909178
|move|p1a: Barraskewda|Psychic Fangs|p2a: Azumarill
|-damage|p2a: Azumarill|24/100
|move|p2a: Azumarill|Knock Off|p1a: Barraskewda
|-damage|p1a: Barraskewda|0 fnt
|-enditem|p1a: Barraskewda|Choice Band|[from] move: Knock Off|[of] p2a: Azumarill
|faint|p1a: Barraskewda
|
|-heal|p2a: Azumarill|30/100|[from] item: Leftovers
|upkeep
|
|t:|1779909184
|switch|p1a: Iron Treads|Iron Treads|100/100
|turn|34
|
|t:|1779909190
|move|p1a: Iron Treads|Earthquake|p2a: Azumarill
|-damage|p2a: Azumarill|0 fnt
|faint|p2a: Azumarill
|
|win|dalucu23
|raw|dalucu23's rating: 1246 &rarr; <strong>1270</strong><br />(+24 for winning)
|raw|sturdy gengar's rating: 1233 &rarr; <strong>1209</strong><br />(-24 for losing)
|l|☆sturdy gengar
|player|p2|
|c|☆dalucu23|Gg
|l|☆dalucu23
|player|p1|
