|j|☆Gking10
|j|☆pineapplefred1
|t:|1779950216
|gametype|singles
|player|p1|Gking10|cheryl|1473
|player|p2|pineapplefred1|red|1358
|gen|9
|tier|[Gen 9] OU
|rated|
|rule|HP Percentage Mod: HP is shown in percentages
|rule|Endless Battle Clause: Forcing endless battles is banned
|rule|Species Clause: Limit one of each Pokémon
|rule|OHKO Clause: OHKO moves are banned
|rule|Evasion Items Clause: Evasion items are banned
|rule|Evasion Moves Clause: Evasion moves are banned
|rule|Evasion Abilities Clause: Evasion abilities are banned
|rule|Sleep Moves Clause: Sleep-inducing moves are banned
|clearpoke
|poke|p1|Skeledirge, M|
|poke|p1|Rillaboom, M|
|poke|p1|Great Tusk|
|poke|p1|Gholdengo|
|poke|p1|Ogerpon-Wellspring, F|
|poke|p1|Enamorus, F|
|poke|p2|Kingambit, F|
|poke|p2|Cinderace, F|
|poke|p2|Landorus-Therian, M|
|poke|p2|Iron Valiant|
|poke|p2|Kyurem|
|poke|p2|Slowking-Galar, M|
|teampreview
|
|t:|1779950284
|teamsize|p1|6
|teamsize|p2|6
|start
|switch|p1a: Rillaboom|Rillaboom, M|100/100
|switch|p2a: Cinderace|Cinderace, F, shiny|100/100
|-fieldstart|move: Grassy Terrain|[from] ability: Grassy Surge|[of] p1a: Rillaboom
|turn|1
|
|t:|1779950297
|switch|p1a: Great Tusk|Great Tusk|100/100
|move|p2a: Cinderace|U-turn|p1a: Great Tusk
|-start|p2a: Cinderace|typechange|Bug|[from] ability: Libero
|-resisted|p1a: Great Tusk
|-damage|p1a: Great Tusk|89/100
|
|t:|1779950306
|switch|p2a: Kyurem|Kyurem|100/100|[from] U-turn
|-ability|p2a: Kyurem|Pressure
|
|-heal|p1a: Great Tusk|96/100|[from] Grassy Terrain
|upkeep
|turn|2
|
|t:|1779950314
|-end|p1a: Great Tusk|Protosynthesis|[silent]
|switch|p1a: Gholdengo|Gholdengo|100/100
|-item|p1a: Gholdengo|Air Balloon
|move|p2a: Kyurem|Substitute|p2a: Kyurem
|-start|p2a: Kyurem|Substitute
|-damage|p2a: Kyurem|75/100
|
|-heal|p2a: Kyurem|82/100|[from] Grassy Terrain
|-heal|p2a: Kyurem|88/100|[from] item: Leftovers
|upkeep
|turn|3
|
|t:|1779950340
|move|p2a: Kyurem|Freeze-Dry|p1a: Gholdengo
|-resisted|p1a: Gholdengo
|-damage|p1a: Gholdengo|83/100
|-enditem|p1a: Gholdengo|Air Balloon
|move|p1a: Gholdengo|Make It Rain|p2a: Kyurem
|-supereffective|p2a: Kyurem
|-end|p2a: Kyurem|Substitute
|-unboost|p1a: Gholdengo|spa|1
|
|-heal|p2a: Kyurem|94/100|[from] Grassy Terrain
|-heal|p2a: Kyurem|99/100|[from] item: Leftovers
|-heal|p1a: Gholdengo|89/100|[from] Grassy Terrain
|upkeep
|turn|4
|
|t:|1779950366
|move|p2a: Kyurem|Substitute|p2a: Kyurem
|-start|p2a: Kyurem|Substitute
|-damage|p2a: Kyurem|75/100
|move|p1a: Gholdengo|Make It Rain|p2a: Kyurem
|-supereffective|p2a: Kyurem
|-end|p2a: Kyurem|Substitute
|-unboost|p1a: Gholdengo|spa|1
|
|-heal|p2a: Kyurem|81/100|[from] Grassy Terrain
|-heal|p2a: Kyurem|88/100|[from] item: Leftovers
|-heal|p1a: Gholdengo|95/100|[from] Grassy Terrain
|upkeep
|turn|5
|
|t:|1779950390
|move|p2a: Kyurem|Protect|p2a: Kyurem
|-singleturn|p2a: Kyurem|Protect
|move|p1a: Gholdengo|Make It Rain|p2a: Kyurem
|-activate|p2a: Kyurem|move: Protect
|
|-heal|p2a: Kyurem|94/100|[from] Grassy Terrain
|-heal|p2a: Kyurem|99/100|[from] item: Leftovers
|-heal|p1a: Gholdengo|100/100|[from] Grassy Terrain
|upkeep
|turn|6
|inactive|Battle timer is ON: inactive players will automatically lose when time's up. (requested by pineapplefred1)
|
|t:|1779950422
|move|p2a: Kyurem|Substitute|p2a: Kyurem
|-start|p2a: Kyurem|Substitute
|-damage|p2a: Kyurem|75/100
|move|p1a: Gholdengo|Thunder Wave||[still]
|-fail|p1a: Gholdengo
|
|-heal|p2a: Kyurem|81/100|[from] Grassy Terrain
|-heal|p2a: Kyurem|87/100|[from] item: Leftovers
|upkeep
|turn|7
|
|t:|1779950433
|move|p2a: Kyurem|Earth Power|p1a: Gholdengo
|-supereffective|p1a: Gholdengo
|-damage|p1a: Gholdengo|41/100
|move|p1a: Gholdengo|Recover|p1a: Gholdengo
|-heal|p1a: Gholdengo|91/100
|
|-heal|p2a: Kyurem|94/100|[from] Grassy Terrain
|-heal|p2a: Kyurem|99/100|[from] item: Leftovers
|-heal|p1a: Gholdengo|97/100|[from] Grassy Terrain
|upkeep
|turn|8
|inactive|Gking10 has 120 seconds left.
|
|t:|1779950467
|switch|p1a: Skeledirge|Skeledirge, M|100/100
|-enditem|p1a: Skeledirge|Grassy Seed
|-boost|p1a: Skeledirge|def|1|[from] item: Grassy Seed
|move|p2a: Kyurem|Earth Power|p1a: Skeledirge
|-supereffective|p1a: Skeledirge
|-damage|p1a: Skeledirge|33/100
|
|-heal|p2a: Kyurem|100/100|[from] Grassy Terrain
|-heal|p1a: Skeledirge|39/100|[from] Grassy Terrain
|-fieldend|move: Grassy Terrain
|upkeep
|turn|9
|inactive|Gking10 has 120 seconds left.
|inactive|Gking10 has 90 seconds left.
|c|☆pineapplefred1|test
|inactive|Gking10 has 60 seconds left.
|
|t:|1779950539
|move|p2a: Kyurem|Earth Power|p1a: Skeledirge
|-supereffective|p1a: Skeledirge
|-damage|p1a: Skeledirge|0 fnt
|faint|p1a: Skeledirge
|
|upkeep
|inactive|Gking10 has 60 seconds left.
|-message|Gking10 forfeited.
|
|win|pineapplefred1
|raw|Gking10's rating: 1473 &rarr; <strong>1447</strong><br />(-26 for losing)
|raw|pineapplefred1's rating: 1358 &rarr; <strong>1384</strong><br />(+26 for winning)
|l|☆Gking10
|player|p1|
