|j|☆Iker69420
|j|☆claudechamp
|t:|1779890132
|gametype|singles
|player|p1|Iker69420|169|1328
|player|p2|claudechamp|169|1262
|gen|9
|tier|[Gen 9] OU
|rated|
|rule|HP Percentage Mod: HP is shown in percentages
|rule|Endless Battle Clause: Forcing endless battles is banned
|rule|Species Clause: Limit one of each Pokémon
|rule|OHKO Clause: OHKO moves are banned
|rule|Evasion Items Clause: Evasion items are banned
|rule|Evasion Moves Clause: Evasion moves are banned
|rule|Evasion Abilities Clause: Evasion abilities are banned
|rule|Sleep Moves Clause: Sleep-inducing moves are banned
|clearpoke
|poke|p1|Walking Wake|
|poke|p1|Great Tusk|
|poke|p1|Ceruledge, F|
|poke|p1|Iron Moth|
|poke|p1|Raging Bolt|
|poke|p1|Torkoal, F|
|poke|p2|Corviknight, M|
|poke|p2|Ting-Lu|
|poke|p2|Kyurem|
|poke|p2|Dondozo, F|
|poke|p2|Slowking-Galar, F|
|poke|p2|Cinderace, F|
|teampreview
|c|☆claudechamp|hf
|inactive|Battle timer is ON: inactive players will automatically lose when time's up. (requested by Iker69420)
|inactive|claudechamp also wants the timer to be on.
|
|t:|1779890139
|teamsize|p1|6
|teamsize|p2|6
|start
|switch|p1a: Torkoal|Torkoal, F|100/100
|switch|p2a: Cinderace|Cinderace, F|100/100
|-weather|SunnyDay|[from] ability: Drought|[of] p1a: Torkoal
|turn|1
|
|t:|1779890148
|switch|p2a: Kyurem|Kyurem|100/100
|-ability|p2a: Kyurem|Pressure
|move|p1a: Torkoal|Eruption|p2a: Kyurem
|-damage|p2a: Kyurem|33/100
|
|-weather|SunnyDay|[upkeep]
|-heal|p2a: Kyurem|40/100|[from] item: Leftovers
|upkeep
|turn|2
|
|t:|1779890157
|move|p2a: Kyurem|Earth Power|p1a: Torkoal
|-supereffective|p1a: Torkoal
|-damage|p1a: Torkoal|45/100
|move|p1a: Torkoal|Stealth Rock|p2a: Kyurem
|-sidestart|p2: claudechamp|move: Stealth Rock
|
|-weather|SunnyDay|[upkeep]
|-heal|p2a: Kyurem|46/100|[from] item: Leftovers
|upkeep
|turn|3
|
|t:|1779890166
|switch|p1a: Walking Wake|Walking Wake|100/100
|-activate|p1a: Walking Wake|ability: Protosynthesis
|-start|p1a: Walking Wake|protosynthesisspe
|move|p2a: Kyurem|Earth Power|p1a: Walking Wake
|-damage|p1a: Walking Wake|65/100
|
|-weather|SunnyDay|[upkeep]
|-heal|p2a: Kyurem|52/100|[from] item: Leftovers
|upkeep
|turn|4
|
|t:|1779890181
|move|p1a: Walking Wake|Draco Meteor|p2a: Kyurem
|-supereffective|p2a: Kyurem
|-damage|p2a: Kyurem|0 fnt
|-unboost|p1a: Walking Wake|spa|2
|faint|p2a: Kyurem
|
|-weather|SunnyDay|[upkeep]
|upkeep
|
|t:|1779890185
|switch|p2a: Cinderace|Cinderace, F|100/100
|turn|5
|
|t:|1779890191
|-end|p1a: Walking Wake|Protosynthesis|[silent]
|switch|p1a: Great Tusk|Great Tusk|100/100
|-activate|p1a: Great Tusk|ability: Protosynthesis
|-start|p1a: Great Tusk|protosynthesisatk
|move|p2a: Cinderace|Court Change|p2a: Cinderace
|-swapsideconditions
|-activate|p2a: Cinderace|move: Court Change
|
|-weather|SunnyDay|[upkeep]
|upkeep
|turn|6
|
|t:|1779890205
|switch|p2a: Ting-Lu|Ting-Lu|100/100
|-ability|p2a: Ting-Lu|Vessel of Ruin
|move|p1a: Great Tusk|Headlong Rush|p2a: Ting-Lu
|-damage|p2a: Ting-Lu|56/100
|-unboost|p1a: Great Tusk|def|1
|-unboost|p1a: Great Tusk|spd|1
|
|-weather|SunnyDay|[upkeep]
|-heal|p2a: Ting-Lu|62/100|[from] item: Leftovers
|upkeep
|turn|7
|
|t:|1779890212
|switch|p2a: Corviknight|Corviknight, M|100/100
|-ability|p2a: Corviknight|Pressure
|move|p1a: Great Tusk|Rapid Spin|p2a: Corviknight
|-resisted|p2a: Corviknight
|-damage|p2a: Corviknight|93/100
|-boost|p1a: Great Tusk|spe|1
|-damage|p1a: Great Tusk|84/100|[from] item: Rocky Helmet|[of] p2a: Corviknight
|-sideend|p1: Iker69420|Stealth Rock|[from] move: Rapid Spin|[of] p1a: Great Tusk
|
|-weather|SunnyDay|[upkeep]
|upkeep
|turn|8
|
|t:|1779890218
|move|p1a: Great Tusk|Knock Off|p2a: Corviknight
|-damage|p2a: Corviknight|67/100
|-damage|p1a: Great Tusk|67/100|[from] item: Rocky Helmet|[of] p2a: Corviknight
|-enditem|p2a: Corviknight|Rocky Helmet|[from] move: Knock Off|[of] p1a: Great Tusk
|move|p2a: Corviknight|Brave Bird|p1a: Great Tusk
|-supereffective|p1a: Great Tusk
|-damage|p1a: Great Tusk|0 fnt
|faint|p1a: Great Tusk
|-end|p1a: Great Tusk|Protosynthesis|[silent]
|-damage|p2a: Corviknight|46/100|[from] Recoil
|
|-weather|none
|upkeep
|
|t:|1779890225
|switch|p1a: Torkoal|Torkoal, F|45/100
|-weather|SunnyDay|[from] ability: Drought|[of] p1a: Torkoal
|turn|9
|
|t:|1779890233
|switch|p2a: Ting-Lu|Ting-Lu|62/100
|-ability|p2a: Ting-Lu|Vessel of Ruin
|switch|p1a: Ceruledge|Ceruledge, F|100/100
|
|-weather|SunnyDay|[upkeep]
|-heal|p2a: Ting-Lu|68/100|[from] item: Leftovers
|upkeep
|turn|10
|
|t:|1779890240
|switch|p1a: Torkoal|Torkoal, F|45/100
|move|p2a: Ting-Lu|Earthquake|p1a: Torkoal
|-supereffective|p1a: Torkoal
|-damage|p1a: Torkoal|0 fnt
|faint|p1a: Torkoal
|
|-weather|SunnyDay|[upkeep]
|-heal|p2a: Ting-Lu|74/100|[from] item: Leftovers
|upkeep
|
|t:|1779890247
|switch|p1a: Ceruledge|Ceruledge, F|100/100
|turn|11
|
|t:|1779890249
|move|p1a: Ceruledge|Swords Dance|p1a: Ceruledge
|-boost|p1a: Ceruledge|atk|2
|move|p2a: Ting-Lu|Earthquake|p1a: Ceruledge
|-supereffective|p1a: Ceruledge
|-enditem|p1a: Ceruledge|Focus Sash
|-damage|p1a: Ceruledge|1/100
|-ability|p1a: Ceruledge|Weak Armor|boost
|-unboost|p1a: Ceruledge|def|1
|-boost|p1a: Ceruledge|spe|2
|
|-weather|SunnyDay|[upkeep]
|-heal|p2a: Ting-Lu|80/100|[from] item: Leftovers
|upkeep
|turn|12
|
|t:|1779890256
|move|p1a: Ceruledge|Close Combat|p2a: Ting-Lu
|-supereffective|p2a: Ting-Lu
|-damage|p2a: Ting-Lu|0 fnt
|-unboost|p1a: Ceruledge|def|1
|-unboost|p1a: Ceruledge|spd|1
|faint|p2a: Ting-Lu
|
|-weather|SunnyDay|[upkeep]
|upkeep
|
|t:|1779890258
|switch|p2a: Slowking|Slowking-Galar, F|100/100
|turn|13
|
|t:|1779890273
|move|p1a: Ceruledge|Bitter Blade|p2a: Slowking
|-damage|p2a: Slowking|0 fnt
|-heal|p1a: Ceruledge|69/100|[from] drain|[of] p2a: Slowking
|faint|p2a: Slowking
|
|-weather|SunnyDay|[upkeep]
|upkeep
|
|t:|1779890275
|switch|p2a: Dondozo|Dondozo, F|100/100
|turn|14
|
|t:|1779890283
|switch|p1a: Raging Bolt|Raging Bolt|100/100
|-item|p1a: Raging Bolt|Air Balloon
|-activate|p1a: Raging Bolt|ability: Protosynthesis
|-start|p1a: Raging Bolt|protosynthesisspa
|move|p2a: Dondozo|Waterfall|p1a: Raging Bolt
|-resisted|p1a: Raging Bolt
|-damage|p1a: Raging Bolt|95/100
|-enditem|p1a: Raging Bolt|Air Balloon
|
|-weather|SunnyDay|[upkeep]
|upkeep
|turn|15
|
|t:|1779890292
|-terastallize|p2a: Dondozo|Dark
|move|p1a: Raging Bolt|Calm Mind|p1a: Raging Bolt
|-boost|p1a: Raging Bolt|spa|1
|-boost|p1a: Raging Bolt|spd|1
|move|p2a: Dondozo|Body Press|p1a: Raging Bolt
|-damage|p1a: Raging Bolt|77/100
|
|-weather|SunnyDay|[upkeep]
|upkeep
|turn|16
|
|t:|1779890305
|move|p1a: Raging Bolt|Thunderbolt|p2a: Dondozo
|-damage|p2a: Dondozo|54/100
|move|p2a: Dondozo|Body Press|p1a: Raging Bolt
|-damage|p1a: Raging Bolt|58/100
|
|-weather|none
|-end|p1a: Raging Bolt|Protosynthesis
|-heal|p2a: Dondozo|60/100|[from] item: Leftovers
|upkeep
|turn|17
|
|t:|1779890313
|move|p1a: Raging Bolt|Thunderbolt|p2a: Dondozo
|-damage|p2a: Dondozo|24/100
|move|p2a: Dondozo|Body Press|p1a: Raging Bolt
|-damage|p1a: Raging Bolt|40/100
|
|-heal|p2a: Dondozo|30/100|[from] item: Leftovers
|upkeep
|turn|18
|
|t:|1779890322
|move|p1a: Raging Bolt|Thunderbolt|p2a: Dondozo
|-damage|p2a: Dondozo|0 fnt
|faint|p2a: Dondozo
|
|upkeep
|
|t:|1779890326
|switch|p2a: Cinderace|Cinderace, F|100/100
|turn|19
|
|t:|1779890330
|move|p1a: Raging Bolt|Thunderclap|p2a: Cinderace
|-damage|p2a: Cinderace|24/100
|move|p2a: Cinderace|Pyro Ball|p1a: Raging Bolt|[miss]
|-miss|p2a: Cinderace|p1a: Raging Bolt
|
|upkeep
|turn|20
|
|t:|1779890336
|move|p1a: Raging Bolt|Thunderclap|p2a: Cinderace
|-damage|p2a: Cinderace|0 fnt
|faint|p2a: Cinderace
|
|upkeep
|
|t:|1779890342
|switch|p2a: Corviknight|Corviknight, M|46/100
|-ability|p2a: Corviknight|Pressure
|turn|21
|
|t:|1779890351
|move|p1a: Raging Bolt|Thunderbolt|p2a: Corviknight
|-supereffective|p2a: Corviknight
|-damage|p2a: Corviknight|0 fnt
|faint|p2a: Corviknight
|
|win|Iker69420
|raw|Iker69420's rating: 1328 &rarr; <strong>1346</strong><br />(+18 for winning)
|raw|claudechamp's rating: 1286 &rarr; <strong>1264</strong><br />(-22 for losing)
|l|☆Iker69420
|player|p1|
|c|☆claudechamp|gg
