|j|☆deathprofessor21
|j|☆poppydiaper
|t:|1779860126
|gametype|singles
|player|p1|deathprofessor21|266|1541
|player|p2|poppydiaper|pokemonbreeder-gen4|1569
|gen|9
|tier|[Gen 9] OU
|rated|
|rule|HP Percentage Mod: HP is shown in percentages
|rule|Endless Battle Clause: Forcing endless battles is banned
|rule|Species Clause: Limit one of each Pokémon
|rule|OHKO Clause: OHKO moves are banned
|rule|Evasion Items Clause: Evasion items are banned
|rule|Evasion Moves Clause: Evasion moves are banned
|rule|Evasion Abilities Clause: Evasion abilities are banned
|rule|Sleep Moves Clause: Sleep-inducing moves are banned
|clearpoke
|poke|p1|Hydrapple, M|
|poke|p1|Moltres|
|poke|p1|Great Tusk|
|poke|p1|Gholdengo|
|poke|p1|Slowking-Galar, M|
|poke|p1|Lokix, M|
|poke|p2|Great Tusk|
|poke|p2|Darkrai|
|poke|p2|Iron Valiant|
|poke|p2|Iron Crown|
|poke|p2|Samurott-Hisui, F|
|poke|p2|Dragonite, F|
|teampreview
|inactive|Battle timer is ON: inactive players will automatically lose when time's up. (requested by deathprofessor21)
|
|t:|1779860153
|teamsize|p1|6
|teamsize|p2|6
|start
|switch|p1a: Hydrapple|Hydrapple, M|100/100
|switch|p2a: Iron Crown|Iron Crown|100/100
|turn|1
|inactive|poppydiaper has 120 seconds left.
|
|t:|1779860189
|move|p2a: Iron Crown|Future Sight|p1a: Hydrapple
|-start|p2a: Iron Crown|move: Future Sight
|move|p1a: Hydrapple|Earth Power|p2a: Iron Crown
|-supereffective|p2a: Iron Crown
|-damage|p2a: Iron Crown|45/100
|-damage|p1a: Hydrapple|91/100|[from] item: Life Orb
|
|upkeep
|turn|2
|
|t:|1779860203
|move|p2a: Iron Crown|Volt Switch|p1a: Hydrapple
|-resisted|p1a: Hydrapple
|-damage|p1a: Hydrapple|85/100
|
|t:|1779860209
|-end|p2a: Iron Crown|Quark Drive|[silent]
|switch|p2a: Dragonite|Dragonite, F|100/100|[from] Volt Switch
|move|p1a: Hydrapple|Fickle Beam|p2a: Dragonite|[anim] Fickle Beam All Out
|-activate|p1a: Hydrapple|move: Fickle Beam
|-supereffective|p2a: Dragonite
|-damage|p2a: Dragonite|0 fnt
|faint|p2a: Dragonite
|-damage|p1a: Hydrapple|75/100|[from] item: Life Orb
|
|upkeep
|
|t:|1779860217
|switch|p2a: Great Tusk|Great Tusk, shiny|100/100
|turn|3
|
|t:|1779860220
|switch|p1a: Moltres|Moltres|100/100
|move|p2a: Great Tusk|Ice Spinner|p1a: Moltres
|-damage|p1a: Moltres|80/100
|
|-end|p1a: Moltres|move: Future Sight
|-damage|p1a: Moltres|20/100
|upkeep
|turn|4
|j| isaac_gam3r
|
|t:|1779860229
|move|p2a: Great Tusk|Ice Spinner|p1a: Moltres
|-damage|p1a: Moltres|0 fnt
|faint|p1a: Moltres
|
|upkeep
|l| isaac_gam3r
|
|t:|1779860244
|switch|p1a: Great Tusk|Great Tusk|100/100
|turn|5
|
|t:|1779860252
|-end|p2a: Great Tusk|Protosynthesis|[silent]
|switch|p2a: Iron Valiant|Iron Valiant|100/100
|move|p1a: Great Tusk|Rapid Spin|p2a: Iron Valiant
|-damage|p2a: Iron Valiant|78/100
|-boost|p1a: Great Tusk|spe|1
|
|upkeep
|turn|6
|
|t:|1779860264
|-terastallize|p1a: Great Tusk|Steel
|move|p1a: Great Tusk|Bulk Up|p1a: Great Tusk
|-boost|p1a: Great Tusk|atk|1
|-boost|p1a: Great Tusk|def|1
|move|p2a: Iron Valiant|Moonblast|p1a: Great Tusk
|-resisted|p1a: Great Tusk
|-damage|p1a: Great Tusk|52/100
|
|-heal|p1a: Great Tusk|58/100|[from] item: Leftovers
|upkeep
|turn|7
|
|t:|1779860288
|-end|p2a: Iron Valiant|Quark Drive|[silent]
|switch|p2a: Great Tusk|Great Tusk, shiny|100/100
|move|p1a: Great Tusk|Headlong Rush|p2a: Great Tusk
|-damage|p2a: Great Tusk|37/100
|-unboost|p1a: Great Tusk|def|1
|-unboost|p1a: Great Tusk|spd|1
|
|-heal|p1a: Great Tusk|64/100|[from] item: Leftovers
|upkeep
|turn|8
|
|t:|1779860298
|move|p1a: Great Tusk|Ice Spinner|p2a: Great Tusk
|-supereffective|p2a: Great Tusk
|-damage|p2a: Great Tusk|0 fnt
|faint|p2a: Great Tusk
|-end|p2a: Great Tusk|Protosynthesis|[silent]
|
|-heal|p1a: Great Tusk|70/100|[from] item: Leftovers
|upkeep
|
|t:|1779860300
|switch|p2a: Iron Valiant|Iron Valiant|78/100
|turn|9
|
|t:|1779860305
|move|p2a: Iron Valiant|Vacuum Wave|p1a: Great Tusk
|-supereffective|p1a: Great Tusk
|-damage|p1a: Great Tusk|0 fnt
|faint|p1a: Great Tusk
|-end|p1a: Great Tusk|Protosynthesis|[silent]
|
|upkeep
|
|t:|1779860313
|switch|p1a: Gholdengo|Gholdengo|100/100
|turn|10
|
|t:|1779860320
|-end|p2a: Iron Valiant|Quark Drive|[silent]
|switch|p2a: Samurott|Samurott-Hisui, F|100/100
|move|p1a: Gholdengo|Thunder Wave|p2a: Samurott|[miss]
|-miss|p1a: Gholdengo|p2a: Samurott
|
|upkeep
|turn|11
|
|t:|1779860326
|switch|p1a: Lokix|Lokix, M|100/100
|move|p2a: Samurott|Ceaseless Edge|p1a: Lokix
|-resisted|p1a: Lokix
|-damage|p1a: Lokix|56/100
|-sidestart|p1: deathprofessor21|Spikes
|
|upkeep
|turn|12
|
|t:|1779860346
|switch|p2a: Iron Valiant|Iron Valiant|78/100
|move|p1a: Lokix|U-turn|p2a: Iron Valiant
|-resisted|p2a: Iron Valiant
|-damage|p2a: Iron Valiant|54/100
|
|t:|1779860351
|switch|p1a: Slowking|Slowking-Galar, M|100/100|[from] U-turn
|-damage|p1a: Slowking|88/100|[from] Spikes
|
|upkeep
|turn|13
|
|t:|1779860359
|move|p2a: Iron Valiant|Shadow Ball|p1a: Slowking
|-supereffective|p1a: Slowking
|-damage|p1a: Slowking|45/100
|-unboost|p1a: Slowking|spd|1
|move|p1a: Slowking|Sludge Bomb|p2a: Iron Valiant
|-supereffective|p2a: Iron Valiant
|-damage|p2a: Iron Valiant|0 fnt
|faint|p2a: Iron Valiant
|-end|p2a: Iron Valiant|Quark Drive|[silent]
|
|upkeep
|
|t:|1779860367
|switch|p2a: Darkrai|Darkrai, shiny|100/100
|turn|14
|
|t:|1779860377
|move|p2a: Darkrai|Dark Pulse|p1a: Slowking
|-supereffective|p1a: Slowking
|-damage|p1a: Slowking|0 fnt
|faint|p1a: Slowking
|
|upkeep
|j| turquoiselink
|
|t:|1779860390
|switch|p1a: Hydrapple|Hydrapple, M|100/100
|-damage|p1a: Hydrapple|88/100|[from] Spikes
|turn|15
|
|t:|1779860407
|switch|p2a: Iron Crown|Iron Crown|45/100
|move|p1a: Hydrapple|Fickle Beam|p2a: Iron Crown
|-resisted|p2a: Iron Crown
|-damage|p2a: Iron Crown|25/100
|-damage|p1a: Hydrapple|78/100|[from] item: Life Orb
|
|upkeep
|turn|16
|
|t:|1779860422
|switch|p1a: Gholdengo|Gholdengo|100/100
|-damage|p1a: Gholdengo|88/100|[from] Spikes
|move|p2a: Iron Crown|Tachyon Cutter|p1a: Gholdengo
|-resisted|p1a: Gholdengo
|-damage|p1a: Gholdengo|78/100
|-resisted|p1a: Gholdengo
|-damage|p1a: Gholdengo|67/100
|-hitcount|p1a: Gholdengo|2
|
|-heal|p1a: Gholdengo|74/100|[from] item: Leftovers
|upkeep
|turn|17
|
|t:|1779860432
|move|p2a: Iron Crown|Volt Switch|p1a: Gholdengo
|-damage|p1a: Gholdengo|56/100
|
|t:|1779860436
|-end|p2a: Iron Crown|Quark Drive|[silent]
|switch|p2a: Darkrai|Darkrai, shiny|100/100|[from] Volt Switch
|move|p1a: Gholdengo|Focus Blast|p2a: Darkrai|[miss]
|-miss|p1a: Gholdengo|p2a: Darkrai
|
|-heal|p1a: Gholdengo|62/100|[from] item: Leftovers
|upkeep
|turn|18
|
|t:|1779860446
|switch|p1a: Hydrapple|Hydrapple, M|100/100
|-damage|p1a: Hydrapple|88/100|[from] Spikes
|move|p2a: Darkrai|Dark Pulse|p1a: Hydrapple
|-damage|p1a: Hydrapple|43/100
|
|upkeep
|turn|19
|
|t:|1779860452
|move|p2a: Darkrai|Dark Pulse|p1a: Hydrapple
|-damage|p1a: Hydrapple|1/100
|move|p1a: Hydrapple|Draco Meteor|p2a: Darkrai
|-damage|p2a: Darkrai|0 fnt
|-unboost|p1a: Hydrapple|spa|2
|faint|p2a: Darkrai
|-damage|p1a: Hydrapple|0 fnt|[from] item: Life Orb
|faint|p1a: Hydrapple
|
|upkeep
|
|t:|1779860463
|switch|p2a: Samurott|Samurott-Hisui, F|100/100
|switch|p1a: Lokix|Lokix, M|56/100
|-damage|p1a: Lokix|44/100|[from] Spikes
|turn|20
|
|t:|1779860478
|-terastallize|p2a: Samurott|Water
|move|p1a: Lokix|U-turn|p2a: Samurott
|-damage|p2a: Samurott|57/100
|
|t:|1779860481
|switch|p1a: Gholdengo|Gholdengo|62/100|[from] U-turn
|-damage|p1a: Gholdengo|49/100|[from] Spikes
|move|p2a: Samurott|Flip Turn|p1a: Gholdengo
|-damage|p1a: Gholdengo|12/100
|
|t:|1779860487
|switch|p2a: Iron Crown|Iron Crown|25/100|[from] Flip Turn
|
|-heal|p1a: Gholdengo|18/100|[from] item: Leftovers
|upkeep
|turn|21
|
|t:|1779860493
|move|p2a: Iron Crown|Tachyon Cutter|p1a: Gholdengo
|-resisted|p1a: Gholdengo
|-damage|p1a: Gholdengo|9/100
|-resisted|p1a: Gholdengo
|-damage|p1a: Gholdengo|0 fnt
|faint|p1a: Gholdengo
|-hitcount|p1: Gholdengo|2
|
|upkeep
|
|t:|1779860496
|switch|p1a: Lokix|Lokix, M|44/100
|-damage|p1a: Lokix|31/100|[from] Spikes
|turn|22
|
|t:|1779860505
|move|p1a: Lokix|First Impression|p2a: Iron Crown
|-damage|p2a: Iron Crown|0 fnt
|faint|p2a: Iron Crown
|-end|p2a: Iron Crown|Quark Drive|[silent]
|
|upkeep
|
|t:|1779860509
|switch|p2a: Samurott|Samurott-Hisui, F, tera:Water|57/100
|turn|23
|
|t:|1779860520
|move|p1a: Lokix|Sucker Punch|p2a: Samurott
|-damage|p2a: Samurott|18/100
|move|p2a: Samurott|Sucker Punch||[still]
|-fail|p2a: Samurott
|
|upkeep
|turn|24
|c|☆poppydiaper|im a bot
|
|t:|1779860528
|move|p1a: Lokix|Sucker Punch|p2a: Samurott
|-damage|p2a: Samurott|0 fnt
|faint|p2a: Samurott
|
|win|deathprofessor21
|raw|deathprofessor21's rating: 1541 &rarr; <strong>1563</strong><br />(+22 for winning)
|raw|poppydiaper's rating: 1569 &rarr; <strong>1547</strong><br />(-22 for losing)
|l|☆poppydiaper
|player|p2|
|c|☆deathprofessor21|Gh
|l| turquoiselink
|l|☆deathprofessor21
|player|p1|
