|j|☆DuckyBro
|j|☆sicns
|t:|1779944006
|gametype|singles
|player|p1|DuckyBro|dragontamer|1507
|player|p2|sicns|cynthia-gen4|1435
|gen|9
|tier|[Gen 9] OU
|rated|
|rule|HP Percentage Mod: HP is shown in percentages
|rule|Endless Battle Clause: Forcing endless battles is banned
|rule|Species Clause: Limit one of each Pokémon
|rule|OHKO Clause: OHKO moves are banned
|rule|Evasion Items Clause: Evasion items are banned
|rule|Evasion Moves Clause: Evasion moves are banned
|rule|Evasion Abilities Clause: Evasion abilities are banned
|rule|Sleep Moves Clause: Sleep-inducing moves are banned
|clearpoke
|poke|p1|Cinderace, M|
|poke|p1|Dondozo, M|
|poke|p1|Zapdos|
|poke|p1|Garchomp, M|
|poke|p1|Kyurem|
|poke|p1|Volcanion|
|poke|p2|Gliscor, F|
|poke|p2|Heatran, F|
|poke|p2|Sinistcha|
|poke|p2|Corviknight, M|
|poke|p2|Tentacruel, M|
|poke|p2|Darkrai|
|teampreview
|
|t:|1779944013
|teamsize|p1|6
|teamsize|p2|6
|start
|switch|p1a: Kyurem|Kyurem|100/100
|switch|p2a: Heatran|Heatran, F|100/100
|-ability|p1a: Kyurem|Pressure
|turn|1
|
|t:|1779944024
|switch|p2a: Corviknight|Corviknight, M|100/100
|-ability|p2a: Corviknight|Pressure
|move|p1a: Kyurem|Earth Power|p2a: Corviknight
|-immune|p2a: Corviknight
|
|upkeep
|turn|2
|
|t:|1779944034
|switch|p1a: Zapdos|Zapdos|100/100
|move|p2a: Corviknight|U-turn|p1a: Zapdos
|-resisted|p1a: Zapdos
|-damage|p1a: Zapdos|92/100
|
|t:|1779944043
|switch|p2a: Heatran|Heatran, F|100/100|[from] U-turn
|
|upkeep
|turn|3
|
|t:|1779944049
|move|p1a: Zapdos|Discharge|p2a: Heatran
|-damage|p2a: Heatran|55/100
|move|p2a: Heatran|Stealth Rock|p1a: Zapdos
|-sidestart|p1: DuckyBro|move: Stealth Rock
|
|-heal|p2a: Heatran|61/100|[from] item: Leftovers
|upkeep
|turn|4
|
|t:|1779944062
|switch|p2a: Gliscor|Gliscor, F|100/100
|move|p1a: Zapdos|Discharge|p2a: Gliscor
|-immune|p2a: Gliscor
|
|-status|p2a: Gliscor|tox|[from] item: Toxic Orb
|upkeep
|turn|5
|
|t:|1779944070
|switch|p1a: Kyurem|Kyurem|100/100
|-damage|p1a: Kyurem|76/100|[from] Stealth Rock
|-ability|p1a: Kyurem|Pressure
|move|p2a: Gliscor|Knock Off|p1a: Kyurem
|-damage|p1a: Kyurem|55/100
|-enditem|p1a: Kyurem|Choice Specs|[from] move: Knock Off|[of] p2a: Gliscor
|
|upkeep
|turn|6
|
|t:|1779944082
|switch|p2a: Tentacruel|Tentacruel, M|100/100
|move|p1a: Kyurem|Freeze-Dry|p2a: Tentacruel
|-supereffective|p2a: Tentacruel
|-damage|p2a: Tentacruel|32/100
|
|upkeep
|turn|7
|
|t:|1779944106
|move|p2a: Tentacruel|Sludge Bomb|p1a: Kyurem
|-damage|p1a: Kyurem|21/100
|move|p1a: Kyurem|Freeze-Dry|p2a: Tentacruel
|-supereffective|p2a: Tentacruel
|-damage|p2a: Tentacruel|0 fnt
|faint|p2a: Tentacruel
|
|upkeep
|
|t:|1779944115
|switch|p2a: Darkrai|Darkrai|100/100
|turn|8
|
|t:|1779944130
|switch|p1a: Cinderace|Cinderace, M|100/100
|move|p2a: Darkrai|Dark Pulse|p1a: Cinderace
|-damage|p1a: Cinderace|28/100
|
|upkeep
|turn|9
|
|t:|1779944139
|move|p2a: Darkrai|Dark Pulse|p1a: Cinderace
|-damage|p1a: Cinderace|0 fnt
|faint|p1a: Cinderace
|
|upkeep
|
|t:|1779944145
|switch|p1a: Volcanion|Volcanion|100/100
|-damage|p1a: Volcanion|76/100|[from] Stealth Rock
|turn|10
|
|t:|1779944150
|move|p2a: Darkrai|Dark Pulse|p1a: Volcanion
|-damage|p1a: Volcanion|39/100
|move|p1a: Volcanion|Steam Eruption|p2a: Darkrai
|-damage|p2a: Darkrai|14/100
|-status|p2a: Darkrai|brn
|
|-damage|p2a: Darkrai|8/100 brn|[from] brn
|upkeep
|turn|11
|
|t:|1779944166
|switch|p2a: Sinistcha|Sinistcha|100/100
|move|p1a: Volcanion|Scorching Sands|p2a: Sinistcha
|-resisted|p2a: Sinistcha
|-damage|p2a: Sinistcha|83/100
|
|upkeep
|turn|12
|
|t:|1779944176
|move|p2a: Sinistcha|Calm Mind|p2a: Sinistcha
|-boost|p2a: Sinistcha|spa|1
|-boost|p2a: Sinistcha|spd|1
|move|p1a: Volcanion|Fire Blast|p2a: Sinistcha
|-supereffective|p2a: Sinistcha
|-damage|p2a: Sinistcha|35/100
|
|upkeep
|turn|13
|
|t:|1779944191
|move|p2a: Sinistcha|Matcha Gotcha|p1a: Volcanion
|-damage|p1a: Volcanion|8/100
|-heal|p2a: Sinistcha|51/100|[from] drain|[of] p1a: Volcanion
|move|p1a: Volcanion|Fire Blast|p2a: Sinistcha|[miss]
|-miss|p1a: Volcanion|p2a: Sinistcha
|
|upkeep
|turn|14
|
|t:|1779944200
|move|p2a: Sinistcha|Matcha Gotcha|p1a: Volcanion
|-damage|p1a: Volcanion|0 fnt
|-heal|p2a: Sinistcha|55/100|[from] drain|[of] p1a: Volcanion
|faint|p1a: Volcanion
|
|upkeep
|
|t:|1779944203
|switch|p1a: Zapdos|Zapdos|92/100
|-damage|p1a: Zapdos|67/100|[from] Stealth Rock
|turn|15
|
|t:|1779944212
|move|p1a: Zapdos|Hurricane|p2a: Sinistcha
|-supereffective|p2a: Sinistcha
|-damage|p2a: Sinistcha|0 fnt
|faint|p2a: Sinistcha
|
|upkeep
|
|t:|1779944218
|switch|p2a: Gliscor|Gliscor, F|100/100 tox
|turn|16
|
|t:|1779944222
|-terastallize|p1a: Zapdos|Flying
|move|p1a: Zapdos|Hurricane|p2a: Gliscor
|-damage|p2a: Gliscor|0 fnt
|faint|p2a: Gliscor
|
|upkeep
|
|t:|1779944229
|switch|p2a: Darkrai|Darkrai|8/100 brn
|turn|17
|
|t:|1779944239
|switch|p1a: Garchomp|Garchomp, M|100/100
|-damage|p1a: Garchomp|94/100|[from] Stealth Rock
|-terastallize|p2a: Darkrai|Dark
|move|p2a: Darkrai|Dark Pulse|p1a: Garchomp
|-damage|p1a: Garchomp|4/100
|
|-damage|p2a: Darkrai|2/100 brn|[from] brn
|upkeep
|turn|18
|
|t:|1779944248
|move|p2a: Darkrai|Dark Pulse|p1a: Garchomp
|-damage|p1a: Garchomp|0 fnt
|faint|p1a: Garchomp
|
|-damage|p2a: Darkrai|0 fnt|[from] brn
|faint|p2a: Darkrai
|upkeep
|
|t:|1779944254
|switch|p2a: Heatran|Heatran, F|61/100
|switch|p1a: Dondozo|Dondozo, M|100/100
|-damage|p1a: Dondozo|88/100|[from] Stealth Rock
|turn|19
|
|t:|1779944263
|move|p2a: Heatran|Will-O-Wisp|p1a: Dondozo
|-status|p1a: Dondozo|brn
|move|p1a: Dondozo|Liquidation|p2a: Heatran
|-supereffective|p2a: Heatran
|-damage|p2a: Heatran|36/100
|-unboost|p2a: Heatran|def|1
|
|-heal|p2a: Heatran|42/100|[from] item: Leftovers
|-damage|p1a: Dondozo|82/100 brn|[from] brn
|upkeep
|turn|20
|
|t:|1779944274
|switch|p2a: Corviknight|Corviknight, M|100/100
|-ability|p2a: Corviknight|Pressure
|move|p1a: Dondozo|Rest|p1a: Dondozo
|-status|p1a: Dondozo|slp|[from] move: Rest
|-heal|p1a: Dondozo|100/100 slp|[silent]
|
|upkeep
|turn|21
|
|t:|1779944283
|move|p2a: Corviknight|Brave Bird|p1a: Dondozo
|-damage|p1a: Dondozo|84/100 slp
|-damage|p2a: Corviknight|93/100|[from] Recoil
|cant|p1a: Dondozo|slp
|move|p1a: Dondozo|Sleep Talk|p1a: Dondozo
|move|p1a: Dondozo|Curse|p1a: Dondozo|[from] move: Sleep Talk
|-unboost|p1a: Dondozo|spe|1
|-boost|p1a: Dondozo|atk|1
|-boost|p1a: Dondozo|def|1
|
|upkeep
|turn|22
|-message|sicns forfeited.
|
|win|DuckyBro
|raw|DuckyBro's rating: 1507 &rarr; <strong>1523</strong><br />(+16 for winning)
|raw|sicns's rating: 1435 &rarr; <strong>1419</strong><br />(-16 for losing)
|l|☆sicns
|player|p2|
|l|☆DuckyBro
|player|p1|
