|j|☆ditissjoerd
|j|☆somsleep
|t:|1779818725
|gametype|singles
|player|p1|ditissjoerd|clown|1496
|player|p2|somsleep|102|1448
|gen|9
|tier|[Gen 9] OU
|rated|
|rule|HP Percentage Mod: HP is shown in percentages
|rule|Endless Battle Clause: Forcing endless battles is banned
|rule|Species Clause: Limit one of each Pokémon
|rule|OHKO Clause: OHKO moves are banned
|rule|Evasion Items Clause: Evasion items are banned
|rule|Evasion Moves Clause: Evasion moves are banned
|rule|Evasion Abilities Clause: Evasion abilities are banned
|rule|Sleep Moves Clause: Sleep-inducing moves are banned
|clearpoke
|poke|p1|Tyranitar, M|
|poke|p1|Excadrill, F|
|poke|p1|Magnezone|
|poke|p1|Moltres|
|poke|p1|Sinistcha|
|poke|p1|Lokix, F|
|poke|p2|Abomasnow, M|
|poke|p2|Cetitan, M|
|poke|p2|Rotom|
|poke|p2|Illumise, F|
|poke|p2|Keldeo-Resolute|
|poke|p2|Iron Treads|
|teampreview
|inactive|Battle timer is ON: inactive players will automatically lose when time's up. (requested by somsleep)
|
|t:|1779818755
|teamsize|p1|6
|teamsize|p2|6
|start
|switch|p1a: Lokix|Lokix, F|100/100
|switch|p2a: Rotom|Rotom|100/100
|turn|1
|
|t:|1779818759
|move|p2a: Rotom|Trick|p1a: Lokix
|-activate|p2a: Rotom|move: Trick|[of] p1a: Lokix
|-item|p1a: Lokix|Choice Scarf|[from] move: Trick
|-item|p2a: Rotom|Choice Band|[from] move: Trick
|move|p1a: Lokix|Knock Off|p2a: Rotom
|-supereffective|p2a: Rotom
|-damage|p2a: Rotom|0 fnt
|-enditem|p2a: Rotom|Choice Band|[from] move: Knock Off|[of] p1a: Lokix
|faint|p2a: Rotom
|
|upkeep
|
|t:|1779818767
|switch|p2a: Iron Treads|Iron Treads|100/100
|-enditem|p2a: Iron Treads|Booster Energy
|-activate|p2a: Iron Treads|ability: Quark Drive|[fromitem]
|-start|p2a: Iron Treads|quarkdrivespe
|turn|2
|
|t:|1779818770
|move|p2a: Iron Treads|Stealth Rock|p1a: Lokix
|-sidestart|p1: ditissjoerd|move: Stealth Rock
|move|p1a: Lokix|Knock Off|p2a: Iron Treads
|-damage|p2a: Iron Treads|72/100
|
|upkeep
|turn|3
|
|t:|1779818773
|switch|p1a: Moltres|Moltres|100/100
|move|p2a: Iron Treads|Iron Head|p1a: Moltres
|-resisted|p1a: Moltres
|-damage|p1a: Moltres|87/100
|
|upkeep
|turn|4
|
|t:|1779818777
|-end|p2a: Iron Treads|Quark Drive|[silent]
|switch|p2a: Keldeo|Keldeo-Resolute|100/100
|move|p1a: Moltres|U-turn|p2a: Keldeo
|-resisted|p2a: Keldeo
|-damage|p2a: Keldeo|92/100
|
|t:|1779818781
|switch|p1a: Lokix|Lokix, F|100/100|[from] U-turn
|-damage|p1a: Lokix|76/100|[from] Stealth Rock
|
|-heal|p2a: Keldeo|98/100|[from] item: Leftovers
|upkeep
|turn|5
|
|t:|1779818790
|switch|p2a: Illumise|Illumise, F|100/100
|move|p1a: Lokix|U-turn|p2a: Illumise
|-damage|p2a: Illumise|71/100
|-enditem|p2a: Illumise|Eject Button
|
|t:|1779818810
|switch|p2a: Abomasnow|Abomasnow, M, shiny|100/100
|-weather|Snowscape|[from] ability: Snow Warning|[of] p2a: Abomasnow
|
|-weather|Snowscape|[upkeep]
|upkeep
|turn|6
|
|t:|1779818815
|move|p1a: Lokix|U-turn|p2a: Abomasnow
|-supereffective|p2a: Abomasnow
|-damage|p2a: Abomasnow|44/100
|
|t:|1779818818
|switch|p1a: Moltres|Moltres|87/100|[from] U-turn
|move|p2a: Abomasnow|Leaf Storm|p1a: Moltres
|-resisted|p1a: Moltres
|-damage|p1a: Moltres|72/100
|-unboost|p2a: Abomasnow|spa|2
|-enditem|p2a: Abomasnow|Eject Pack
|
|t:|1779818824
|switch|p2a: Keldeo|Keldeo-Resolute|98/100
|
|-weather|Snowscape|[upkeep]
|-heal|p2a: Keldeo|100/100|[from] item: Leftovers
|upkeep
|turn|7
|
|t:|1779818827
|move|p2a: Keldeo|Surf|p1a: Moltres
|-supereffective|p1a: Moltres
|-damage|p1a: Moltres|0 fnt
|faint|p1a: Moltres
|
|-weather|Snowscape|[upkeep]
|upkeep
|
|t:|1779818831
|switch|p1a: Sinistcha|Sinistcha|100/100
|turn|8
|
|t:|1779818836
|switch|p2a: Illumise|Illumise, F|71/100
|move|p1a: Sinistcha|Calm Mind|p1a: Sinistcha
|-boost|p1a: Sinistcha|spa|1
|-boost|p1a: Sinistcha|spd|1
|
|-weather|Snowscape|[upkeep]
|upkeep
|turn|9
|
|t:|1779818839
|move|p2a: Illumise|Encore|p1a: Sinistcha
|-start|p1a: Sinistcha|Encore
|move|p1a: Sinistcha|Calm Mind|p1a: Sinistcha
|-boost|p1a: Sinistcha|spa|1
|-boost|p1a: Sinistcha|spd|1
|
|-weather|none
|upkeep
|turn|10
|
|t:|1779818842
|switch|p1a: Magnezone|Magnezone|100/100
|-damage|p1a: Magnezone|94/100|[from] Stealth Rock
|move|p2a: Illumise|Mud-Slap|p1a: Magnezone
|-supereffective|p1a: Magnezone
|-damage|p1a: Magnezone|76/100
|-unboost|p1a: Magnezone|accuracy|1
|
|-heal|p1a: Magnezone|82/100|[from] item: Leftovers
|upkeep
|turn|11
|
|t:|1779818847
|move|p2a: Illumise|Mud-Slap|p1a: Magnezone
|-supereffective|p1a: Magnezone
|-damage|p1a: Magnezone|66/100
|-unboost|p1a: Magnezone|accuracy|1
|move|p1a: Magnezone|Flash Cannon|p2a: Illumise
|-damage|p2a: Illumise|19/100
|
|-heal|p1a: Magnezone|72/100|[from] item: Leftovers
|upkeep
|turn|12
|
|t:|1779818851
|switch|p1a: Sinistcha|Sinistcha|100/100
|move|p2a: Illumise|Wish|p2a: Illumise
|
|upkeep
|turn|13
|
|t:|1779818853
|move|p2a: Illumise|Mud-Slap|p1a: Sinistcha
|-resisted|p1a: Sinistcha
|-damage|p1a: Sinistcha|98/100
|-unboost|p1a: Sinistcha|accuracy|1
|move|p1a: Sinistcha|Shadow Ball|p2a: Illumise
|-crit|p2a: Illumise
|-damage|p2a: Illumise|0 fnt
|faint|p2a: Illumise
|
|upkeep
|
|t:|1779818856
|switch|p2a: Abomasnow|Abomasnow, M, shiny|44/100
|-weather|Snowscape|[from] ability: Snow Warning|[of] p2a: Abomasnow
|turn|14
|
|t:|1779818859
|switch|p1a: Magnezone|Magnezone|72/100
|-damage|p1a: Magnezone|66/100|[from] Stealth Rock
|move|p2a: Abomasnow|Blizzard|p1a: Magnezone
|-resisted|p1a: Magnezone
|-damage|p1a: Magnezone|39/100
|-status|p1a: Magnezone|frz
|
|-weather|Snowscape|[upkeep]
|-heal|p1a: Magnezone|45/100 frz|[from] item: Leftovers
|upkeep
|turn|15
|
|t:|1779818862
|move|p2a: Abomasnow|Earth Power|p1a: Magnezone
|-supereffective|p1a: Magnezone
|-damage|p1a: Magnezone|0 fnt
|faint|p1a: Magnezone
|
|-weather|Snowscape|[upkeep]
|upkeep
|
|t:|1779818865
|switch|p1a: Tyranitar|Tyranitar, M|100/100
|-damage|p1a: Tyranitar|88/100|[from] Stealth Rock
|-weather|Sandstorm|[from] ability: Sand Stream|[of] p1a: Tyranitar
|turn|16
|
|t:|1779818867
|switch|p2a: Iron Treads|Iron Treads|72/100
|move|p1a: Tyranitar|Stone Edge|p2a: Iron Treads|[miss]
|-miss|p1a: Tyranitar|p2a: Iron Treads
|
|-weather|Sandstorm|[upkeep]
|upkeep
|turn|17
|
|t:|1779818872
|switch|p1a: Sinistcha|Sinistcha|98/100
|move|p2a: Iron Treads|Rapid Spin|p1a: Sinistcha
|-immune|p1a: Sinistcha
|
|-weather|Sandstorm|[upkeep]
|-damage|p1a: Sinistcha|92/100|[from] Sandstorm
|upkeep
|turn|18
|
|t:|1779818876
|-end|p2a: Iron Treads|Quark Drive|[silent]
|switch|p2a: Abomasnow|Abomasnow, M, shiny|44/100
|-weather|Snowscape|[from] ability: Snow Warning|[of] p2a: Abomasnow
|move|p1a: Sinistcha|Calm Mind|p1a: Sinistcha
|-boost|p1a: Sinistcha|spa|1
|-boost|p1a: Sinistcha|spd|1
|
|-weather|Snowscape|[upkeep]
|upkeep
|turn|19
|
|t:|1779818879
|-terastallize|p1a: Sinistcha|Poison
|move|p2a: Abomasnow|Blizzard|p1a: Sinistcha
|-damage|p1a: Sinistcha|53/100
|move|p1a: Sinistcha|Shadow Ball|p2a: Abomasnow
|-damage|p2a: Abomasnow|0 fnt
|faint|p2a: Abomasnow
|
|-weather|Snowscape|[upkeep]
|upkeep
|
|t:|1779818884
|switch|p2a: Iron Treads|Iron Treads|72/100
|turn|20
|
|t:|1779818886
|move|p2a: Iron Treads|Earthquake|p1a: Sinistcha
|-supereffective|p1a: Sinistcha
|-damage|p1a: Sinistcha|0 fnt
|faint|p1a: Sinistcha
|
|-weather|Snowscape|[upkeep]
|upkeep
|
|t:|1779818889
|switch|p1a: Tyranitar|Tyranitar, M|88/100
|-damage|p1a: Tyranitar|76/100|[from] Stealth Rock
|-weather|Sandstorm|[from] ability: Sand Stream|[of] p1a: Tyranitar
|turn|21
|
|t:|1779818895
|move|p2a: Iron Treads|Earthquake|p1a: Tyranitar
|-supereffective|p1a: Tyranitar
|-damage|p1a: Tyranitar|0 fnt
|faint|p1a: Tyranitar
|
|-weather|Sandstorm|[upkeep]
|upkeep
|
|t:|1779818897
|switch|p1a: Excadrill|Excadrill, F|100/100
|-damage|p1a: Excadrill|97/100|[from] Stealth Rock
|-item|p1a: Excadrill|Air Balloon
|turn|22
|
|t:|1779818902
|move|p1a: Excadrill|Earthquake|p2a: Iron Treads
|-supereffective|p2a: Iron Treads
|-damage|p2a: Iron Treads|0 fnt
|faint|p2a: Iron Treads
|-end|p2a: Iron Treads|Quark Drive|[silent]
|
|-weather|Sandstorm|[upkeep]
|upkeep
|
|t:|1779818904
|switch|p2a: Keldeo|Keldeo-Resolute|100/100
|turn|23
|
|t:|1779818907
|move|p1a: Excadrill|Earthquake|p2a: Keldeo
|-damage|p2a: Keldeo|35/100
|move|p2a: Keldeo|Surf|p1a: Excadrill
|-supereffective|p1a: Excadrill
|-damage|p1a: Excadrill|0 fnt
|-enditem|p1a: Excadrill|Air Balloon
|faint|p1a: Excadrill
|
|-weather|Sandstorm|[upkeep]
|-damage|p2a: Keldeo|29/100|[from] Sandstorm
|-heal|p2a: Keldeo|35/100|[from] item: Leftovers
|upkeep
|
|t:|1779818909
|switch|p1a: Lokix|Lokix, F|76/100
|-damage|p1a: Lokix|51/100|[from] Stealth Rock
|turn|24
|
|t:|1779818912
|move|p1a: Lokix|Leech Life|p2a: Keldeo
|-resisted|p2a: Keldeo
|-damage|p2a: Keldeo|0 fnt
|-heal|p1a: Lokix|71/100|[from] drain|[of] p2a: Keldeo
|faint|p2a: Keldeo
|
|-weather|Sandstorm|[upkeep]
|-damage|p1a: Lokix|65/100|[from] Sandstorm
|upkeep
|
|t:|1779818915
|switch|p2a: Cetitan|Cetitan, M|100/100
|turn|25
|
|t:|1779818917
|-terastallize|p2a: Cetitan|Water
|move|p1a: Lokix|Leech Life|p2a: Cetitan
|-damage|p2a: Cetitan|68/100
|-heal|p1a: Lokix|92/100|[from] drain|[of] p2a: Cetitan
|move|p2a: Cetitan|Liquidation|p1a: Lokix
|-damage|p1a: Lokix|25/100
|
|-weather|Sandstorm|[upkeep]
|-damage|p1a: Lokix|19/100|[from] Sandstorm
|-damage|p2a: Cetitan|62/100|[from] Sandstorm
|upkeep
|turn|26
|
|t:|1779818926
|move|p2a: Cetitan|Ice Shard|p1a: Lokix
|-damage|p1a: Lokix|0 fnt
|faint|p1a: Lokix
|
|win|somsleep
|raw|ditissjoerd's rating: 1496 &rarr; <strong>1473</strong><br />(-23 for losing)
|raw|somsleep's rating: 1448 &rarr; <strong>1471</strong><br />(+23 for winning)
|c|☆ditissjoerd|gg
|l|☆ditissjoerd
|player|p1|
|l|☆somsleep
|player|p2|
