|j|☆Tantsuchiplouploup
|j|☆neith1506
|t:|1779861812
|gametype|singles
|player|p1|Tantsuchiplouploup|hilbert-wonderlauncher|1104
|player|p2|neith1506|selene|1116
|gen|9
|tier|[Gen 9] OU
|rated|
|rule|HP Percentage Mod: HP is shown in percentages
|rule|Endless Battle Clause: Forcing endless battles is banned
|rule|Species Clause: Limit one of each Pokémon
|rule|OHKO Clause: OHKO moves are banned
|rule|Evasion Items Clause: Evasion items are banned
|rule|Evasion Moves Clause: Evasion moves are banned
|rule|Evasion Abilities Clause: Evasion abilities are banned
|rule|Sleep Moves Clause: Sleep-inducing moves are banned
|clearpoke
|poke|p1|Gastrodon-East, M|
|poke|p1|Chandelure, F|
|poke|p1|Goodra, M|
|poke|p1|Tauros-Paldea-Aqua, M|
|poke|p1|Mabosstiff, M|
|poke|p1|Corviknight, F|
|poke|p2|Great Tusk|
|poke|p2|Gholdengo|
|poke|p2|Dragapult, M|
|poke|p2|Kingambit, M|
|poke|p2|Ogerpon-Wellspring, F|
|poke|p2|Slowking-Galar, M|
|teampreview
|inactive|Battle timer is ON: inactive players will automatically lose when time's up. (requested by neith1506)
|
|t:|1779861820
|teamsize|p1|6
|teamsize|p2|6
|start
|switch|p1a: Tauros|Tauros-Paldea-Aqua, M|100/100
|switch|p2a: Great Tusk|Great Tusk, shiny|100/100
|turn|1
|
|t:|1779861840
|-end|p2a: Great Tusk|Protosynthesis|[silent]
|switch|p2a: Ogerpon|Ogerpon-Wellspring, F|100/100
|move|p1a: Tauros|Raging Bull|p2a: Ogerpon
|-immune|p2a: Ogerpon|[from] ability: Water Absorb
|
|upkeep
|turn|2
|
|t:|1779861849
|move|p2a: Ogerpon|Horn Leech|p1a: Tauros
|-supereffective|p1a: Tauros
|-crit|p1a: Tauros
|-damage|p1a: Tauros|0 fnt
|faint|p1a: Tauros
|
|upkeep
|
|t:|1779861869
|switch|p1a: Goodra|Goodra, M|100/100
|turn|3
|
|t:|1779861882
|move|p2a: Ogerpon|U-turn|p1a: Goodra
|-damage|p1a: Goodra|70/100
|
|t:|1779861889
|switch|p2a: Kingambit|Kingambit, M, shiny|100/100|[from] U-turn
|move|p1a: Goodra|Power Whip|p2a: Kingambit
|-resisted|p2a: Kingambit
|-damage|p2a: Kingambit|88/100
|
|-heal|p1a: Goodra|76/100|[from] item: Leftovers
|upkeep
|turn|4
|
|t:|1779861900
|move|p1a: Goodra|Fire Punch|p2a: Kingambit
|-supereffective|p2a: Kingambit
|-damage|p2a: Kingambit|51/100
|move|p2a: Kingambit|Kowtow Cleave|p1a: Goodra
|-damage|p1a: Goodra|15/100
|
|-heal|p1a: Goodra|21/100|[from] item: Leftovers
|upkeep
|turn|5
|
|t:|1779861917
|switch|p1a: Mabosstiff|Mabosstiff, M|100/100
|move|p2a: Kingambit|Kowtow Cleave|p1a: Mabosstiff
|-resisted|p1a: Mabosstiff
|-damage|p1a: Mabosstiff|72/100
|
|upkeep
|turn|6
|
|t:|1779861929
|-end|p2a: Kingambit|fallenundefined|[silent]
|switch|p2a: Great Tusk|Great Tusk, shiny|100/100
|move|p1a: Mabosstiff|Play Rough|p2a: Great Tusk
|-supereffective|p2a: Great Tusk
|-damage|p2a: Great Tusk|42/100
|
|-heal|p2a: Great Tusk|49/100|[from] item: Leftovers
|upkeep
|turn|7
|
|t:|1779861942
|move|p2a: Great Tusk|Earthquake|p1a: Mabosstiff
|-damage|p1a: Mabosstiff|27/100
|move|p1a: Mabosstiff|Play Rough|p2a: Great Tusk
|-supereffective|p2a: Great Tusk
|-damage|p2a: Great Tusk|23/100
|
|-heal|p2a: Great Tusk|30/100|[from] item: Leftovers
|upkeep
|turn|8
|
|t:|1779861956
|switch|p1a: Corviknight|Corviknight, F|100/100
|move|p2a: Great Tusk|Earthquake|p1a: Corviknight
|-immune|p1a: Corviknight
|
|-heal|p2a: Great Tusk|36/100|[from] item: Leftovers
|upkeep
|turn|9
|
|t:|1779861972
|move|p2a: Great Tusk|Stealth Rock|p1a: Corviknight
|-sidestart|p1: Tantsuchiplouploup|move: Stealth Rock
|move|p1a: Corviknight|Curse|p1a: Corviknight
|-unboost|p1a: Corviknight|spe|1
|-boost|p1a: Corviknight|atk|1
|-boost|p1a: Corviknight|def|1
|
|-heal|p2a: Great Tusk|42/100|[from] item: Leftovers
|upkeep
|turn|10
|
|t:|1779861982
|move|p2a: Great Tusk|Knock Off|p1a: Corviknight
|-damage|p1a: Corviknight|85/100
|-enditem|p1a: Corviknight|Leftovers|[from] move: Knock Off|[of] p2a: Great Tusk
|move|p1a: Corviknight|Curse|p1a: Corviknight
|-unboost|p1a: Corviknight|spe|1
|-boost|p1a: Corviknight|atk|1
|-boost|p1a: Corviknight|def|1
|
|-heal|p2a: Great Tusk|48/100|[from] item: Leftovers
|upkeep
|turn|11
|
|t:|1779861992
|-end|p2a: Great Tusk|Protosynthesis|[silent]
|switch|p2a: Slowking|Slowking-Galar, M, shiny|100/100
|move|p1a: Corviknight|Body Press|p2a: Slowking
|-resisted|p2a: Slowking
|-damage|p2a: Slowking|90/100
|
|upkeep
|turn|12
|
|t:|1779862001
|move|p2a: Slowking|Flamethrower|p1a: Corviknight
|-supereffective|p1a: Corviknight
|-damage|p1a: Corviknight|37/100
|move|p1a: Corviknight|Iron Head|p2a: Slowking
|-damage|p2a: Slowking|29/100
|
|upkeep
|turn|13
|
|t:|1779862010
|switch|p1a: Chandelure|Chandelure, F|100/100
|-damage|p1a: Chandelure|76/100|[from] Stealth Rock
|move|p2a: Slowking|Flamethrower|p1a: Chandelure
|-start|p1a: Chandelure|ability: Flash Fire
|
|upkeep
|turn|14
|
|t:|1779862025
|switch|p2a: Great Tusk|Great Tusk, shiny|48/100
|move|p1a: Chandelure|Dark Pulse|p2a: Great Tusk
|-resisted|p2a: Great Tusk
|-damage|p2a: Great Tusk|31/100
|
|-heal|p2a: Great Tusk|37/100|[from] item: Leftovers
|upkeep
|turn|15
|-activate|p1a: Chandelure|item: Quick Claw
|
|t:|1779862035
|move|p1a: Chandelure|Psychic|p2a: Great Tusk
|-supereffective|p2a: Great Tusk
|-damage|p2a: Great Tusk|0 fnt
|faint|p2a: Great Tusk
|-end|p2a: Great Tusk|Protosynthesis|[silent]
|
|upkeep
|
|t:|1779862042
|switch|p2a: Dragapult|Dragapult, M, shiny|100/100
|turn|16
|
|t:|1779862050
|-terastallize|p1a: Chandelure|Dark
|move|p2a: Dragapult|Shadow Ball|p1a: Chandelure
|-resisted|p1a: Chandelure
|-damage|p1a: Chandelure|40/100
|move|p1a: Chandelure|Dark Pulse|p2a: Dragapult
|-supereffective|p2a: Dragapult
|-damage|p2a: Dragapult|0 fnt
|faint|p2a: Dragapult
|
|upkeep
|
|t:|1779862057
|switch|p2a: Ogerpon|Ogerpon-Wellspring, F|100/100
|turn|17
|
|t:|1779862068
|-end|p1a: Chandelure|ability: Flash Fire|[silent]
|switch|p1a: Goodra|Goodra, M|21/100
|-damage|p1a: Goodra|8/100|[from] Stealth Rock
|move|p2a: Ogerpon|U-turn|p1a: Goodra
|-damage|p1a: Goodra|0 fnt
|faint|p1a: Goodra
|
|t:|1779862071
|switch|p2a: Slowking|Slowking-Galar, M, shiny|63/100|[from] U-turn
|
|upkeep
|
|t:|1779862079
|switch|p1a: Chandelure|Chandelure, F, tera:Dark|40/100
|-damage|p1a: Chandelure|27/100|[from] Stealth Rock
|turn|18
|-activate|p1a: Chandelure|item: Quick Claw
|
|t:|1779862086
|move|p1a: Chandelure|Dark Pulse|p2a: Slowking
|-supereffective|p2a: Slowking
|-damage|p2a: Slowking|27/100
|move|p2a: Slowking|Sludge Bomb|p1a: Chandelure
|-damage|p1a: Chandelure|0 fnt
|faint|p1a: Chandelure
|
|upkeep
|
|t:|1779862103
|switch|p1a: Mabosstiff|Mabosstiff, M|27/100
|-damage|p1a: Mabosstiff|14/100|[from] Stealth Rock
|turn|19
|
|t:|1779862110
|switch|p2a: Kingambit|Kingambit, M, shiny|51/100
|-activate|p2a: Kingambit|ability: Supreme Overlord
|-start|p2a: Kingambit|fallen2|[silent]
|move|p1a: Mabosstiff|Crunch|p2a: Kingambit
|-resisted|p2a: Kingambit
|-damage|p2a: Kingambit|26/100
|
|upkeep
|turn|20
|
|t:|1779862121
|move|p1a: Mabosstiff|Play Rough|p2a: Kingambit|[miss]
|-miss|p1a: Mabosstiff|p2a: Kingambit
|move|p2a: Kingambit|Kowtow Cleave|p1a: Mabosstiff
|-resisted|p1a: Mabosstiff
|-damage|p1a: Mabosstiff|0 fnt
|faint|p1a: Mabosstiff
|
|upkeep
|
|t:|1779862130
|switch|p1a: Corviknight|Corviknight, F|37/100
|-damage|p1a: Corviknight|25/100|[from] Stealth Rock
|turn|21
|
|t:|1779862142
|move|p1a: Corviknight|Roost|p1a: Corviknight
|-heal|p1a: Corviknight|75/100
|-singleturn|p1a: Corviknight|move: Roost
|move|p2a: Kingambit|Kowtow Cleave|p1a: Corviknight
|-damage|p1a: Corviknight|12/100
|
|upkeep
|turn|22
|
|t:|1779862151
|move|p1a: Corviknight|Roost|p1a: Corviknight
|-heal|p1a: Corviknight|62/100
|-singleturn|p1a: Corviknight|move: Roost
|move|p2a: Kingambit|Kowtow Cleave|p1a: Corviknight
|-damage|p1a: Corviknight|1/100
|
|upkeep
|turn|23
|
|t:|1779862161
|move|p1a: Corviknight|Body Press|p2a: Kingambit
|-supereffective|p2a: Kingambit
|-damage|p2a: Kingambit|0 fnt
|faint|p2a: Kingambit
|-end|p2a: Kingambit|fallen2|[silent]
|
|upkeep
|
|t:|1779862167
|switch|p2a: Ogerpon|Ogerpon-Wellspring, F|100/100
|turn|24
|
|t:|1779862171
|move|p2a: Ogerpon|Ivy Cudgel|p1a: Corviknight|[anim] Ivy Cudgel Water
|-damage|p1a: Corviknight|0 fnt
|faint|p1a: Corviknight
|
|upkeep
|
|t:|1779862176
|switch|p1a: Gastrodon|Gastrodon-East, M, shiny|100/100
|-damage|p1a: Gastrodon|94/100|[from] Stealth Rock
|turn|25
|
|t:|1779862185
|move|p2a: Ogerpon|Horn Leech|p1a: Gastrodon
|-supereffective|p1a: Gastrodon
|-damage|p1a: Gastrodon|0 fnt
|faint|p1a: Gastrodon
|
|win|neith1506
|raw|Tantsuchiplouploup's rating: 1104 &rarr; <strong>1080</strong><br />(-24 for losing)
|raw|neith1506's rating: 1116 &rarr; <strong>1140</strong><br />(+24 for winning)
|l|☆Tantsuchiplouploup
|player|p1|
|l|☆neith1506
|player|p2|
