|j|☆godletmegooverkill
|j|☆npctypebeat
|t:|1779939831
|gametype|singles
|player|p1|godletmegooverkill|169|1164
|player|p2|npctypebeat|102|1164
|gen|9
|tier|[Gen 9] OU
|rated|
|rule|HP Percentage Mod: HP is shown in percentages
|rule|Endless Battle Clause: Forcing endless battles is banned
|rule|Species Clause: Limit one of each Pokémon
|rule|OHKO Clause: OHKO moves are banned
|rule|Evasion Items Clause: Evasion items are banned
|rule|Evasion Moves Clause: Evasion moves are banned
|rule|Evasion Abilities Clause: Evasion abilities are banned
|rule|Sleep Moves Clause: Sleep-inducing moves are banned
|clearpoke
|poke|p1|Dragapult, F|
|poke|p1|Gliscor, M|
|poke|p1|Ogerpon-Wellspring, F|
|poke|p1|Iron Crown|
|poke|p1|Blaziken, M|
|poke|p1|Ursaluna, M|
|poke|p2|Corviknight, M|
|poke|p2|Ting-Lu|
|poke|p2|Kyurem|
|poke|p2|Dondozo, M|
|poke|p2|Slowking-Galar, F|
|poke|p2|Cinderace, F|
|teampreview
|c|☆npctypebeat|hf
|c|☆godletmegooverkill|you too
|
|t:|1779939842
|teamsize|p1|6
|teamsize|p2|6
|start
|switch|p1a: Blaziken|Blaziken, M|100/100
|switch|p2a: Cinderace|Cinderace, F|100/100
|turn|1
|inactive|Battle timer is ON: inactive players will automatically lose when time's up. (requested by npctypebeat)
|
|t:|1779939860
|move|p1a: Blaziken|Protect|p1a: Blaziken
|-singleturn|p1a: Blaziken|Protect
|move|p2a: Cinderace|Pyro Ball|p1a: Blaziken
|-activate|p1a: Blaziken|move: Protect
|
|-ability|p1a: Blaziken|Speed Boost|boost
|-boost|p1a: Blaziken|spe|1
|upkeep
|turn|2
|
|t:|1779939869
|move|p1a: Blaziken|Swords Dance|p1a: Blaziken
|-boost|p1a: Blaziken|atk|2
|move|p2a: Cinderace|Pyro Ball|p1a: Blaziken
|-resisted|p1a: Blaziken
|-damage|p1a: Blaziken|64/100
|
|-ability|p1a: Blaziken|Speed Boost|boost
|-boost|p1a: Blaziken|spe|1
|upkeep
|turn|3
|
|t:|1779939877
|move|p1a: Blaziken|Close Combat|p2a: Cinderace
|-crit|p2a: Cinderace
|-damage|p2a: Cinderace|0 fnt
|-unboost|p1a: Blaziken|def|1
|-unboost|p1a: Blaziken|spd|1
|faint|p2a: Cinderace
|
|-ability|p1a: Blaziken|Speed Boost|boost
|-boost|p1a: Blaziken|spe|1
|upkeep
|
|t:|1779939886
|switch|p2a: Slowking|Slowking-Galar, F|100/100
|turn|4
|
|t:|1779939890
|move|p1a: Blaziken|Fire Punch|p2a: Slowking
|-damage|p2a: Slowking|47/100
|move|p2a: Slowking|Future Sight|p1a: Blaziken
|-start|p2a: Slowking|move: Future Sight
|
|-ability|p1a: Blaziken|Speed Boost|boost
|-boost|p1a: Blaziken|spe|1
|upkeep
|turn|5
|
|t:|1779939895
|switch|p2a: Dondozo|Dondozo, M|100/100
|move|p1a: Blaziken|Fire Punch|p2a: Dondozo
|-resisted|p2a: Dondozo
|-damage|p2a: Dondozo|88/100
|-status|p2a: Dondozo|brn
|
|-heal|p2a: Dondozo|94/100 brn|[from] item: Leftovers
|-damage|p2a: Dondozo|88/100 brn|[from] brn
|-ability|p1a: Blaziken|Speed Boost|boost
|-boost|p1a: Blaziken|spe|1
|upkeep
|turn|6
|
|t:|1779939900
|switch|p1a: Ursaluna|Ursaluna, M|100/100
|move|p2a: Dondozo|Waterfall|p1a: Ursaluna
|-supereffective|p1a: Ursaluna
|-crit|p1a: Ursaluna
|-damage|p1a: Ursaluna|71/100
|
|-end|p1a: Ursaluna|move: Future Sight
|-damage|p1a: Ursaluna|32/100
|-heal|p2a: Dondozo|94/100 brn|[from] item: Leftovers
|-damage|p2a: Dondozo|88/100 brn|[from] brn
|-status|p1a: Ursaluna|brn|[from] item: Flame Orb
|upkeep
|turn|7
|
|t:|1779939911
|switch|p2a: Corviknight|Corviknight, M|100/100
|-ability|p2a: Corviknight|Pressure
|-terastallize|p1a: Ursaluna|Normal
|move|p1a: Ursaluna|Facade|p2a: Corviknight
|-resisted|p2a: Corviknight
|-damage|p2a: Corviknight|50/100
|-damage|p1a: Ursaluna|15/100 brn|[from] item: Rocky Helmet|[of] p2a: Corviknight
|
|-damage|p1a: Ursaluna|9/100 brn|[from] brn
|upkeep
|turn|8
|
|t:|1779939919
|move|p2a: Corviknight|Roost|p2a: Corviknight
|-heal|p2a: Corviknight|100/100
|-singleturn|p2a: Corviknight|move: Roost
|move|p1a: Ursaluna|Facade|p2a: Corviknight
|-resisted|p2a: Corviknight
|-damage|p2a: Corviknight|50/100
|-damage|p1a: Ursaluna|0 fnt|[from] item: Rocky Helmet|[of] p2a: Corviknight
|faint|p1a: Ursaluna
|
|upkeep
|
|t:|1779939926
|switch|p1a: Dragapult|Dragapult, F|100/100
|turn|9
|
|t:|1779939929
|switch|p2a: Ting-Lu|Ting-Lu|100/100
|-ability|p2a: Ting-Lu|Vessel of Ruin
|move|p1a: Dragapult|Will-O-Wisp|p2a: Ting-Lu
|-status|p2a: Ting-Lu|brn
|
|-damage|p2a: Ting-Lu|94/100 brn|[from] brn
|upkeep
|turn|10
|
|t:|1779939933
|switch|p2a: Slowking|Slowking-Galar, F|80/100
|move|p1a: Dragapult|U-turn|p2a: Slowking
|-damage|p2a: Slowking|68/100
|
|t:|1779939937
|switch|p1a: Iron Crown|Iron Crown|100/100|[from] U-turn
|-enditem|p1a: Iron Crown|Booster Energy
|-activate|p1a: Iron Crown|ability: Quark Drive|[fromitem]
|-start|p1a: Iron Crown|quarkdrivespe
|
|upkeep
|turn|11
|
|t:|1779939942
|switch|p2a: Ting-Lu|Ting-Lu|94/100 brn
|-ability|p2a: Ting-Lu|Vessel of Ruin
|move|p1a: Iron Crown|Calm Mind|p1a: Iron Crown
|-boost|p1a: Iron Crown|spa|1
|-boost|p1a: Iron Crown|spd|1
|
|-heal|p2a: Ting-Lu|100/100 brn|[from] item: Leftovers
|-damage|p2a: Ting-Lu|94/100 brn|[from] brn
|upkeep
|turn|12
|
|t:|1779939947
|move|p1a: Iron Crown|Focus Blast|p2a: Ting-Lu
|-supereffective|p2a: Ting-Lu
|-damage|p2a: Ting-Lu|46/100 brn
|move|p2a: Ting-Lu|Earthquake|p1a: Iron Crown
|-supereffective|p1a: Iron Crown
|-damage|p1a: Iron Crown|64/100
|
|-heal|p2a: Ting-Lu|53/100 brn|[from] item: Leftovers
|-damage|p2a: Ting-Lu|46/100 brn|[from] brn
|upkeep
|turn|13
|
|t:|1779939959
|switch|p2a: Slowking|Slowking-Galar, F|100/100
|move|p1a: Iron Crown|Focus Blast|p2a: Slowking
|-resisted|p2a: Slowking
|-damage|p2a: Slowking|90/100
|
|upkeep
|turn|14
|
|t:|1779939962
|move|p1a: Iron Crown|Calm Mind|p1a: Iron Crown
|-boost|p1a: Iron Crown|spa|1
|-boost|p1a: Iron Crown|spd|1
|move|p2a: Slowking|Future Sight|p1a: Iron Crown
|-start|p2a: Slowking|move: Future Sight
|
|upkeep
|turn|15
|
|t:|1779939967
|move|p1a: Iron Crown|Calm Mind|p1a: Iron Crown
|-boost|p1a: Iron Crown|spa|1
|-boost|p1a: Iron Crown|spd|1
|move|p2a: Slowking|Future Sight||[still]
|-fail|p2a: Slowking
|
|upkeep
|turn|16
|
|t:|1779939971
|switch|p2a: Dondozo|Dondozo, M|88/100 brn
|move|p1a: Iron Crown|Tachyon Cutter|p2a: Dondozo
|-resisted|p2a: Dondozo
|-damage|p2a: Dondozo|80/100 brn
|-resisted|p2a: Dondozo
|-damage|p2a: Dondozo|72/100 brn
|-hitcount|p2a: Dondozo|2
|
|-end|p1a: Iron Crown|move: Future Sight
|-resisted|p1a: Iron Crown
|-damage|p1a: Iron Crown|61/100
|-heal|p2a: Dondozo|78/100 brn|[from] item: Leftovers
|-damage|p2a: Dondozo|72/100 brn|[from] brn
|upkeep
|turn|17
|
|t:|1779939979
|move|p1a: Iron Crown|Psychic|p2a: Dondozo
|-damage|p2a: Dondozo|47/100 brn
|move|p2a: Dondozo|Waterfall|p1a: Iron Crown
|-damage|p1a: Iron Crown|47/100
|
|-heal|p2a: Dondozo|53/100 brn|[from] item: Leftovers
|-damage|p2a: Dondozo|47/100 brn|[from] brn
|upkeep
|turn|18
|
|t:|1779939988
|move|p1a: Iron Crown|Focus Blast|p2a: Dondozo
|-damage|p2a: Dondozo|23/100 brn
|move|p2a: Dondozo|Waterfall|p1a: Iron Crown
|-damage|p1a: Iron Crown|34/100
|
|-heal|p2a: Dondozo|29/100 brn|[from] item: Leftovers
|-damage|p2a: Dondozo|23/100 brn|[from] brn
|upkeep
|turn|19
|
|t:|1779939996
|switch|p2a: Ting-Lu|Ting-Lu|46/100 brn
|-ability|p2a: Ting-Lu|Vessel of Ruin
|move|p1a: Iron Crown|Psychic|p2a: Ting-Lu
|-immune|p2a: Ting-Lu
|
|-heal|p2a: Ting-Lu|53/100 brn|[from] item: Leftovers
|-damage|p2a: Ting-Lu|46/100 brn|[from] brn
|upkeep
|turn|20
|
|t:|1779940004
|move|p1a: Iron Crown|Tachyon Cutter|p2a: Ting-Lu
|-damage|p2a: Ting-Lu|23/100 brn
|-damage|p2a: Ting-Lu|0 fnt
|faint|p2a: Ting-Lu
|-hitcount|p2: Ting-Lu|2
|
|upkeep
|
|t:|1779940011
|switch|p2a: Corviknight|Corviknight, M|50/100
|-ability|p2a: Corviknight|Pressure
|turn|21
|
|t:|1779940019
|move|p1a: Iron Crown|Tachyon Cutter|p2a: Corviknight
|-resisted|p2a: Corviknight
|-damage|p2a: Corviknight|24/100
|-resisted|p2a: Corviknight
|-crit|p2a: Corviknight
|-damage|p2a: Corviknight|0 fnt
|faint|p2a: Corviknight
|-hitcount|p2: Corviknight|2
|
|upkeep
|
|t:|1779940023
|switch|p2a: Slowking|Slowking-Galar, F|100/100
|turn|22
|
|t:|1779940027
|move|p1a: Iron Crown|Tachyon Cutter|p2a: Slowking
|-damage|p2a: Slowking|51/100
|-damage|p2a: Slowking|7/100
|-hitcount|p2a: Slowking|2
|move|p2a: Slowking|Ice Beam|p1a: Iron Crown
|-resisted|p1a: Iron Crown
|-damage|p1a: Iron Crown|30/100
|
|upkeep
|turn|23
|
|t:|1779940038
|move|p1a: Iron Crown|Psychic|p2a: Slowking
|-damage|p2a: Slowking|0 fnt
|faint|p2a: Slowking
|
|upkeep
|
|t:|1779940046
|switch|p2a: Dondozo|Dondozo, M|23/100 brn
|turn|24
|
|t:|1779940053
|move|p1a: Iron Crown|Psychic|p2a: Dondozo
|-damage|p2a: Dondozo|0 fnt
|faint|p2a: Dondozo
|
|upkeep
|c|☆godletmegooverkill|ggs
|
|t:|1779940061
|switch|p2a: Kyurem|Kyurem|100/100
|-ability|p2a: Kyurem|Pressure
|turn|25
|
|t:|1779940072
|move|p1a: Iron Crown|Tachyon Cutter|p2a: Kyurem
|-supereffective|p2a: Kyurem
|-damage|p2a: Kyurem|0 fnt
|faint|p2a: Kyurem
|-hitcount|p2: Kyurem|1
|
|win|godletmegooverkill
|raw|godletmegooverkill's rating: 1164 &rarr; <strong>1187</strong><br />(+23 for winning)
|raw|npctypebeat's rating: 1133 &rarr; <strong>1110</strong><br />(-23 for losing)
|l|☆godletmegooverkill
|player|p1|
|c|☆npctypebeat|gg
