|j|☆Fear covraa
|j|‽Gowtered
|t:|1779844721
|gametype|singles
|player|p1|Fear covraa|waiter-gen4|1415
|player|p2|Gowtered|crasherwake|1376
|gen|9
|tier|[Gen 9] OU
|rated|
|rule|HP Percentage Mod: HP is shown in percentages
|rule|Endless Battle Clause: Forcing endless battles is banned
|rule|Species Clause: Limit one of each Pokémon
|rule|OHKO Clause: OHKO moves are banned
|rule|Evasion Items Clause: Evasion items are banned
|rule|Evasion Moves Clause: Evasion moves are banned
|rule|Evasion Abilities Clause: Evasion abilities are banned
|rule|Sleep Moves Clause: Sleep-inducing moves are banned
|clearpoke
|poke|p1|Great Tusk|
|poke|p1|Thundurus, M|
|poke|p1|Polteageist-Antique|
|poke|p1|Glimmora, M|
|poke|p1|Darkrai|
|poke|p1|Zamazenta-*|
|poke|p2|Darkrai|
|poke|p2|Great Tusk|
|poke|p2|Ceruledge, M|
|poke|p2|Heatran, F|
|poke|p2|Toxapex, M|
|poke|p2|Landorus-Therian, M|
|teampreview
|inactive|Battle timer is ON: inactive players will automatically lose when time's up. (requested by Fear covraa)
|
|t:|1779844731
|teamsize|p1|6
|teamsize|p2|6
|start
|switch|p1a: Glimmora|Glimmora, M|100/100
|switch|p2a: Darkrai|Darkrai|100/100
|turn|1
|
|t:|1779844735
|-terastallize|p2a: Darkrai|Dark
|move|p2a: Darkrai|Dark Pulse|p1a: Glimmora
|-damage|p1a: Glimmora|2/100
|move|p1a: Glimmora|Stealth Rock|p2a: Darkrai
|-sidestart|p2: Gowtered|move: Stealth Rock
|
|upkeep
|turn|2
|
|t:|1779844742
|move|p2a: Darkrai|Dark Pulse|p1a: Glimmora
|-damage|p1a: Glimmora|0 fnt
|faint|p1a: Glimmora
|
|upkeep
|
|t:|1779844764
|switch|p1a: Zamazenta|Zamazenta|100/100
|-ability|p1a: Zamazenta|Dauntless Shield|boost
|-boost|p1a: Zamazenta|def|1
|turn|3
|
|t:|1779844766
|switch|p2a: Toxapex|Toxapex, M|100/100
|-damage|p2a: Toxapex|88/100|[from] Stealth Rock
|move|p1a: Zamazenta|Crunch|p2a: Toxapex
|-damage|p2a: Toxapex|76/100
|-damage|p1a: Zamazenta|84/100|[from] item: Rocky Helmet|[of] p2a: Toxapex
|
|-heal|p1a: Zamazenta|90/100|[from] item: Leftovers
|upkeep
|turn|4
|
|t:|1779844771
|switch|p1a: Great Tusk|Great Tusk|100/100
|move|p2a: Toxapex|Toxic|p1a: Great Tusk
|-status|p1a: Great Tusk|tox
|
|-damage|p1a: Great Tusk|94/100 tox|[from] psn
|upkeep
|turn|5
|
|t:|1779844777
|move|p1a: Great Tusk|Headlong Rush|p2a: Toxapex
|-supereffective|p2a: Toxapex
|-damage|p2a: Toxapex|4/100
|-unboost|p1a: Great Tusk|def|1
|-unboost|p1a: Great Tusk|spd|1
|-damage|p1a: Great Tusk|78/100 tox|[from] item: Rocky Helmet|[of] p2a: Toxapex
|move|p2a: Toxapex|Chilling Water|p1a: Great Tusk
|-supereffective|p1a: Great Tusk
|-damage|p1a: Great Tusk|48/100 tox
|-unboost|p1a: Great Tusk|atk|1
|
|-damage|p1a: Great Tusk|36/100 tox|[from] psn
|upkeep
|turn|6
|
|t:|1779844781
|switch|p2a: Landorus|Landorus-Therian, M|100/100
|-damage|p2a: Landorus|88/100|[from] Stealth Rock
|-ability|p2a: Landorus|Intimidate|boost
|-unboost|p1a: Great Tusk|atk|1
|move|p1a: Great Tusk|Knock Off|p2a: Landorus
|-damage|p2a: Landorus|67/100
|-enditem|p2a: Landorus|Choice Scarf|[from] move: Knock Off|[of] p1a: Great Tusk
|
|-damage|p1a: Great Tusk|17/100 tox|[from] psn
|upkeep
|turn|7
|
|t:|1779844790
|move|p2a: Landorus|Stealth Rock|p1a: Great Tusk
|-sidestart|p1: Fear covraa|move: Stealth Rock
|move|p1a: Great Tusk|Ice Spinner|p2a: Landorus
|-supereffective|p2a: Landorus
|-damage|p2a: Landorus|0 fnt
|faint|p2a: Landorus
|
|-damage|p1a: Great Tusk|0 fnt|[from] psn
|faint|p1a: Great Tusk
|-end|p1a: Great Tusk|Protosynthesis|[silent]
|upkeep
|
|t:|1779844796
|switch|p2a: Great Tusk|Great Tusk|100/100
|switch|p1a: Tea|Polteageist-Antique|100/100
|-damage|p1a: Tea|88/100|[from] Stealth Rock
|-damage|p2a: Great Tusk|98/100|[from] Stealth Rock
|turn|8
|
|t:|1779844799
|move|p1a: Tea|Shell Smash|p1a: Tea
|-unboost|p1a: Tea|def|1
|-unboost|p1a: Tea|spd|1
|-boost|p1a: Tea|atk|2
|-boost|p1a: Tea|spa|2
|-boost|p1a: Tea|spe|2
|move|p2a: Great Tusk|Knock Off|p1a: Tea
|-supereffective|p1a: Tea
|-damage|p1a: Tea|0 fnt
|-enditem|p1a: Tea|Focus Sash|[from] move: Knock Off|[of] p2a: Great Tusk
|faint|p1a: Tea
|
|upkeep
|
|t:|1779844808
|switch|p1a: Thundurus|Thundurus, M|100/100
|-damage|p1a: Thundurus|76/100|[from] Stealth Rock
|turn|9
|
|t:|1779844810
|move|p1a: Thundurus|Agility|p1a: Thundurus
|-boost|p1a: Thundurus|spe|2
|move|p2a: Great Tusk|Rapid Spin|p1a: Thundurus
|-damage|p1a: Thundurus|45/100
|-boost|p2a: Great Tusk|spe|1
|-sideend|p2: Gowtered|Stealth Rock|[from] move: Rapid Spin|[of] p2a: Great Tusk
|-enditem|p1a: Thundurus|Mirror Herb
|-boost|p1a: Thundurus|spe|1|[from] item: Mirror Herb
|
|upkeep
|turn|10
|
|t:|1779844815
|move|p1a: Thundurus|Acrobatics|p2a: Great Tusk
|-supereffective|p2a: Great Tusk
|-damage|p2a: Great Tusk|25/100
|move|p2a: Great Tusk|Close Combat|p1a: Thundurus
|-resisted|p1a: Thundurus
|-damage|p1a: Thundurus|0 fnt
|-unboost|p2a: Great Tusk|def|1
|-unboost|p2a: Great Tusk|spd|1
|faint|p1a: Thundurus
|
|upkeep
|
|t:|1779844820
|switch|p1a: Darkrai|Darkrai|100/100
|-damage|p1a: Darkrai|88/100|[from] Stealth Rock
|turn|11
|
|t:|1779844828
|-terastallize|p1a: Darkrai|Poison
|move|p1a: Darkrai|Nasty Plot|p1a: Darkrai
|-boost|p1a: Darkrai|spa|2
|move|p2a: Great Tusk|Close Combat|p1a: Darkrai
|-resisted|p1a: Darkrai
|-damage|p1a: Darkrai|41/100
|-unboost|p2a: Great Tusk|def|1
|-unboost|p2a: Great Tusk|spd|1
|
|upkeep
|turn|12
|
|t:|1779844835
|move|p1a: Darkrai|Sludge Bomb|p2a: Great Tusk
|-resisted|p2a: Great Tusk
|-damage|p2a: Great Tusk|0 fnt
|faint|p2a: Great Tusk
|-end|p2a: Great Tusk|Protosynthesis|[silent]
|
|upkeep
|
|t:|1779844841
|switch|p2a: Ceruledge|Ceruledge, M|100/100
|turn|13
|
|t:|1779844860
|move|p1a: Darkrai|Dark Pulse|p2a: Ceruledge
|-supereffective|p2a: Ceruledge
|-crit|p2a: Ceruledge
|-enditem|p2a: Ceruledge|Focus Sash
|-damage|p2a: Ceruledge|1/100
|move|p2a: Ceruledge|Poltergeist|p1a: Darkrai
|-activate|p1a: Darkrai|move: Poltergeist|Focus Sash
|-crit|p1a: Darkrai
|-damage|p1a: Darkrai|0 fnt
|faint|p1a: Darkrai
|
|upkeep
|
|t:|1779844867
|switch|p1a: Zamazenta|Zamazenta|90/100
|-damage|p1a: Zamazenta|84/100|[from] Stealth Rock
|turn|14
|
|t:|1779844872
|move|p1a: Zamazenta|Crunch|p2a: Ceruledge
|-supereffective|p2a: Ceruledge
|-damage|p2a: Ceruledge|0 fnt
|faint|p2a: Ceruledge
|
|-heal|p1a: Zamazenta|90/100|[from] item: Leftovers
|upkeep
|
|t:|1779844885
|switch|p2a: Toxapex|Toxapex, M|37/100
|turn|15
|
|t:|1779844888
|move|p1a: Zamazenta|Iron Defense|p1a: Zamazenta
|-boost|p1a: Zamazenta|def|2
|move|p2a: Toxapex|Toxic|p1a: Zamazenta
|-status|p1a: Zamazenta|tox
|
|-heal|p1a: Zamazenta|96/100 tox|[from] item: Leftovers
|-damage|p1a: Zamazenta|90/100 tox|[from] psn
|upkeep
|turn|16
|
|t:|1779844892
|switch|p2a: Heatran|Heatran, F|100/100
|-item|p2a: Heatran|Air Balloon
|move|p1a: Zamazenta|Body Press|p2a: Heatran
|-supereffective|p2a: Heatran
|-damage|p2a: Heatran|0 fnt
|-enditem|p2a: Heatran|Air Balloon
|faint|p2a: Heatran
|
|-heal|p1a: Zamazenta|96/100 tox|[from] item: Leftovers
|-damage|p1a: Zamazenta|84/100 tox|[from] psn
|upkeep
|
|t:|1779844901
|switch|p2a: Toxapex|Toxapex, M|71/100
|turn|17
|
|t:|1779844904
|move|p1a: Zamazenta|Iron Defense|p1a: Zamazenta
|-boost|p1a: Zamazenta|def|2
|move|p2a: Toxapex|Haze|p2a: Toxapex
|-clearallboost
|
|-heal|p1a: Zamazenta|90/100 tox|[from] item: Leftovers
|-damage|p1a: Zamazenta|72/100 tox|[from] psn
|upkeep
|turn|18
|
|t:|1779844906
|move|p1a: Zamazenta|Body Press|p2a: Toxapex
|-resisted|p2a: Toxapex
|-damage|p2a: Toxapex|59/100
|-damage|p1a: Zamazenta|55/100 tox|[from] item: Rocky Helmet|[of] p2a: Toxapex
|move|p2a: Toxapex|Chilling Water|p1a: Zamazenta
|-damage|p1a: Zamazenta|46/100 tox
|-unboost|p1a: Zamazenta|atk|1
|
|-heal|p1a: Zamazenta|52/100 tox|[from] item: Leftovers
|-damage|p1a: Zamazenta|27/100 tox|[from] psn
|upkeep
|turn|19
|-message|Fear covraa forfeited.
|
|win|Gowtered
|raw|Fear covraa's rating: 1415 &rarr; <strong>1393</strong><br />(-22 for losing)
|raw|Gowtered's rating: 1376 &rarr; <strong>1398</strong><br />(+22 for winning)
|l|☆Fear covraa
|player|p1|
|l|‽Gowtered
|player|p2|
