|j|☆Dat boii fam
|j|☆pigperfect9831
|t:|1779898977
|gametype|singles
|player|p1|Dat boii fam|li|1491
|player|p2|pigperfect9831|workerice|1524
|gen|9
|tier|[Gen 9] OU
|rated|
|rule|HP Percentage Mod: HP is shown in percentages
|rule|Endless Battle Clause: Forcing endless battles is banned
|rule|Species Clause: Limit one of each Pokémon
|rule|OHKO Clause: OHKO moves are banned
|rule|Evasion Items Clause: Evasion items are banned
|rule|Evasion Moves Clause: Evasion moves are banned
|rule|Evasion Abilities Clause: Evasion abilities are banned
|rule|Sleep Moves Clause: Sleep-inducing moves are banned
|clearpoke
|poke|p1|Alomomola, F|
|poke|p1|Landorus-Therian, M|
|poke|p1|Zapdos|
|poke|p1|Tornadus-Therian, M|
|poke|p1|Scizor, M|
|poke|p1|Amoonguss, M|
|poke|p2|Great Tusk|
|poke|p2|Hatterene, F|
|poke|p2|Ninetales, M|
|poke|p2|Slither Wing|
|poke|p2|Talonflame, F|
|poke|p2|Walking Wake|
|teampreview
|inactive|Battle timer is ON: inactive players will automatically lose when time's up. (requested by Dat boii fam)
|
|t:|1779899000
|teamsize|p1|6
|teamsize|p2|6
|start
|switch|p1a: Landorus|Landorus-Therian, M|100/100
|switch|p2a: Ninetales|Ninetales, M|100/100
|-ability|p1a: Landorus|Intimidate|boost
|-unboost|p2a: Ninetales|atk|1
|-weather|SunnyDay|[from] ability: Drought|[of] p2a: Ninetales
|turn|1
|
|t:|1779899017
|switch|p2a: Hatterene|Hatterene, F|100/100
|move|p1a: Landorus|Earthquake|p2a: Hatterene
|-damage|p2a: Hatterene|47/100
|-enditem|p2a: Hatterene|Eject Button
|
|t:|1779899027
|switch|p2a: Walking Wake|Walking Wake|100/100
|-activate|p2a: Walking Wake|ability: Protosynthesis
|-start|p2a: Walking Wake|protosynthesisspe
|
|-weather|SunnyDay|[upkeep]
|upkeep
|turn|2
|
|t:|1779899034
|switch|p1a: Alomomola|Alomomola, F|100/100
|move|p2a: Walking Wake|Draco Meteor|p1a: Alomomola
|-damage|p1a: Alomomola|0 fnt
|-unboost|p2a: Walking Wake|spa|2
|faint|p1a: Alomomola
|
|-weather|SunnyDay|[upkeep]
|upkeep
|
|t:|1779899043
|switch|p1a: Zapdos|Zapdos|100/100
|turn|3
|
|t:|1779899051
|-end|p2a: Walking Wake|Protosynthesis|[silent]
|switch|p2a: Hatterene|Hatterene, F|47/100
|move|p1a: Zapdos|Hurricane|p2a: Hatterene|[miss]
|-miss|p1a: Zapdos|p2a: Hatterene
|
|-weather|SunnyDay|[upkeep]
|upkeep
|turn|4
|
|t:|1779899061
|move|p1a: Zapdos|Discharge|p2a: Hatterene
|-damage|p2a: Hatterene|3/100
|move|p2a: Hatterene|Mystical Fire|p1a: Zapdos
|-damage|p1a: Zapdos|68/100
|-unboost|p1a: Zapdos|spa|1
|
|-weather|SunnyDay|[upkeep]
|upkeep
|turn|5
|
|t:|1779899070
|move|p1a: Zapdos|Discharge|p2a: Hatterene
|-damage|p2a: Hatterene|0 fnt
|faint|p2a: Hatterene
|
|-weather|SunnyDay|[upkeep]
|upkeep
|
|t:|1779899073
|switch|p2a: Walking Wake|Walking Wake|100/100
|-activate|p2a: Walking Wake|ability: Protosynthesis
|-start|p2a: Walking Wake|protosynthesisspe
|turn|6
|
|t:|1779899078
|move|p2a: Walking Wake|Flamethrower|p1a: Zapdos
|-damage|p1a: Zapdos|9/100
|move|p1a: Zapdos|Discharge|p2a: Walking Wake
|-damage|p2a: Walking Wake|64/100
|-status|p2a: Walking Wake|par
|
|-weather|SunnyDay|[upkeep]
|upkeep
|turn|7
|
|t:|1779899092
|move|p2a: Walking Wake|Flamethrower|p1a: Zapdos
|-damage|p1a: Zapdos|0 fnt
|faint|p1a: Zapdos
|
|-weather|SunnyDay|[upkeep]
|upkeep
|
|t:|1779899100
|switch|p1a: Landorus|Landorus-Therian, M|100/100
|-ability|p1a: Landorus|Intimidate|boost
|-unboost|p2a: Walking Wake|atk|1
|turn|8
|
|t:|1779899104
|-end|p2a: Walking Wake|Protosynthesis|[silent]
|switch|p2a: Talonflame|Talonflame, F|100/100
|move|p1a: Landorus|Rock Slide|p2a: Talonflame|[miss]
|-miss|p1a: Landorus|p2a: Talonflame
|
|-weather|none
|upkeep
|turn|9
|
|t:|1779899112
|switch|p1a: Tornadus|Tornadus-Therian, M|100/100
|switch|p2a: Great Tusk|Great Tusk|100/100
|
|upkeep
|turn|10
|
|t:|1779899119
|-end|p2a: Great Tusk|Protosynthesis|[silent]
|switch|p2a: Ninetales|Ninetales, M|100/100
|-weather|SunnyDay|[from] ability: Drought|[of] p2a: Ninetales
|move|p1a: Tornadus|Bleakwind Storm|p2a: Ninetales
|-damage|p2a: Ninetales|56/100
|
|-weather|SunnyDay|[upkeep]
|upkeep
|turn|11
|
|t:|1779899141
|move|p1a: Tornadus|Bleakwind Storm|p2a: Ninetales
|-damage|p2a: Ninetales|12/100
|move|p2a: Ninetales|Healing Wish|p2a: Ninetales
|faint|p2a: Ninetales
|
|-weather|SunnyDay|[upkeep]
|upkeep
|
|t:|1779899144
|switch|p2a: Walking Wake|Walking Wake|64/100 par
|-heal|p2a: Walking Wake|100/100|[from] move: Healing Wish
|-activate|p2a: Walking Wake|ability: Protosynthesis
|-start|p2a: Walking Wake|protosynthesisspe
|turn|12
|
|t:|1779899153
|-end|p2a: Walking Wake|Protosynthesis|[silent]
|switch|p2a: Talonflame|Talonflame, F|100/100
|move|p1a: Tornadus|Bleakwind Storm|p2a: Talonflame
|-damage|p2a: Talonflame|26/100
|
|-weather|SunnyDay|[upkeep]
|upkeep
|turn|13
|
|t:|1779899166
|switch|p1a: Scizor|Scizor, M|100/100
|move|p2a: Talonflame|Flare Blitz|p1a: Scizor
|-supereffective|p1a: Scizor
|-damage|p1a: Scizor|0 fnt
|faint|p1a: Scizor
|-damage|p2a: Talonflame|0 fnt|[from] Recoil
|faint|p2a: Talonflame
|
|-weather|SunnyDay|[upkeep]
|upkeep
|
|t:|1779899188
|switch|p2a: Slither Wing|Slither Wing|100/100
|switch|p1a: Amoonguss|Amoonguss, M|100/100
|-activate|p2a: Slither Wing|ability: Protosynthesis
|-start|p2a: Slither Wing|protosynthesisatk
|turn|14
|
|t:|1779899197
|move|p2a: Slither Wing|First Impression|p1a: Amoonguss
|-damage|p1a: Amoonguss|61/100
|-damage|p2a: Slither Wing|84/100|[from] item: Rocky Helmet|[of] p1a: Amoonguss
|move|p1a: Amoonguss|Toxic|p2a: Slither Wing
|-status|p2a: Slither Wing|tox
|
|-weather|SunnyDay|[upkeep]
|-damage|p2a: Slither Wing|78/100 tox|[from] psn
|upkeep
|turn|15
|
|t:|1779899205
|move|p2a: Slither Wing|Will-O-Wisp|p1a: Amoonguss|[miss]
|-miss|p2a: Slither Wing|p1a: Amoonguss
|move|p1a: Amoonguss|Stun Spore|p2a: Slither Wing|[miss]
|-miss|p1a: Amoonguss|p2a: Slither Wing
|
|-weather|SunnyDay|[upkeep]
|-damage|p2a: Slither Wing|65/100 tox|[from] psn
|upkeep
|turn|16
|
|t:|1779899213
|move|p2a: Slither Wing|Will-O-Wisp|p1a: Amoonguss
|-status|p1a: Amoonguss|brn
|move|p1a: Amoonguss|Stun Spore||[still]
|-fail|p1a: Amoonguss
|
|-weather|SunnyDay|[upkeep]
|-damage|p2a: Slither Wing|47/100 tox|[from] psn
|-damage|p1a: Amoonguss|55/100 brn|[from] brn
|upkeep
|turn|17
|
|t:|1779899221
|switch|p1a: Tornadus|Tornadus-Therian, M|100/100
|move|p2a: Slither Wing|Morning Sun|p2a: Slither Wing
|-heal|p2a: Slither Wing|100/100 tox
|
|-weather|none
|-end|p2a: Slither Wing|Protosynthesis
|-damage|p2a: Slither Wing|76/100 tox|[from] psn
|upkeep
|turn|18
|
|t:|1779899234
|move|p1a: Tornadus|Bleakwind Storm|p2a: Slither Wing
|-supereffective|p2a: Slither Wing
|-damage|p2a: Slither Wing|0 fnt
|faint|p2a: Slither Wing
|-end|p2a: Slither Wing|Protosynthesis|[silent]
|
|upkeep
|
|t:|1779899246
|switch|p2a: Great Tusk|Great Tusk|100/100
|turn|19
|
|t:|1779899255
|-terastallize|p2a: Great Tusk|Steel
|move|p1a: Tornadus|Bleakwind Storm|p2a: Great Tusk
|-resisted|p2a: Great Tusk
|-damage|p2a: Great Tusk|64/100
|move|p2a: Great Tusk|Ice Spinner|p1a: Tornadus
|-supereffective|p1a: Tornadus
|-damage|p1a: Tornadus|24/100
|
|upkeep
|turn|20
|
|t:|1779899263
|-end|p2a: Great Tusk|Protosynthesis|[silent]
|switch|p2a: Walking Wake|Walking Wake|100/100
|move|p1a: Tornadus|Focus Blast|p2a: Walking Wake
|-damage|p2a: Walking Wake|56/100
|
|upkeep
|turn|21
|
|t:|1779899273
|move|p1a: Tornadus|Bleakwind Storm|p2a: Walking Wake
|-damage|p2a: Walking Wake|2/100
|move|p2a: Walking Wake|Dragon Pulse|p1a: Tornadus
|-damage|p1a: Tornadus|0 fnt
|faint|p1a: Tornadus
|
|upkeep
|c|☆Dat boii fam|gg
|
|t:|1779899280
|switch|p1a: Landorus|Landorus-Therian, M|100/100
|-ability|p1a: Landorus|Intimidate|boost
|-unboost|p2a: Walking Wake|atk|1
|turn|22
|
|t:|1779899284
|move|p1a: Landorus|Earthquake|p2a: Walking Wake
|-damage|p2a: Walking Wake|0 fnt
|faint|p2a: Walking Wake
|-end|p2a: Walking Wake|Protosynthesis|[silent]
|
|upkeep
|
|t:|1779899285
|switch|p2a: Great Tusk|Great Tusk, tera:Steel|64/100
|turn|23
|
|t:|1779899289
|switch|p1a: Amoonguss|Amoonguss, M|88/100 brn
|move|p2a: Great Tusk|Ice Spinner|p1a: Amoonguss
|-supereffective|p1a: Amoonguss
|-damage|p1a: Amoonguss|44/100 brn
|-damage|p2a: Great Tusk|48/100|[from] item: Rocky Helmet|[of] p1a: Amoonguss
|
|-damage|p1a: Amoonguss|38/100 brn|[from] brn
|upkeep
|turn|24
|
|t:|1779899298
|move|p2a: Great Tusk|Rapid Spin|p1a: Amoonguss
|-damage|p1a: Amoonguss|25/100 brn
|-boost|p2a: Great Tusk|spe|1
|-damage|p2a: Great Tusk|31/100|[from] item: Rocky Helmet|[of] p1a: Amoonguss
|move|p1a: Amoonguss|Giga Drain|p2a: Great Tusk
|-resisted|p2a: Great Tusk
|-damage|p2a: Great Tusk|15/100
|-heal|p1a: Amoonguss|32/100 brn|[from] drain|[of] p2a: Great Tusk
|
|-damage|p1a: Amoonguss|26/100 brn|[from] brn
|upkeep
|turn|25
|
|t:|1779899308
|move|p2a: Great Tusk|Ice Spinner|p1a: Amoonguss
|-supereffective|p1a: Amoonguss
|-damage|p1a: Amoonguss|0 fnt
|-damage|p2a: Great Tusk|0 fnt|[from] item: Rocky Helmet|[of] p1a: Amoonguss
|faint|p1a: Amoonguss
|faint|p2a: Great Tusk
|-end|p2a: Great Tusk|Protosynthesis|[silent]
|
|win|Dat boii fam
|raw|Dat boii fam's rating: 1491 &rarr; <strong>1513</strong><br />(+22 for winning)
|raw|pigperfect9831's rating: 1524 &rarr; <strong>1502</strong><br />(-22 for losing)
|c|☆pigperfect9831|ggwp
|l|☆pigperfect9831
|player|p2|
|l|☆Dat boii fam
|player|p1|
