|j|☆IAmNotAmanda
|j|☆Fiexthur0314
|t:|1779894996
|gametype|singles
|player|p1|IAmNotAmanda|iris-gen5bw2|1419
|player|p2|Fiexthur0314|101|1457
|gen|9
|tier|[Gen 9] OU
|rated|
|rule|HP Percentage Mod: HP is shown in percentages
|rule|Endless Battle Clause: Forcing endless battles is banned
|rule|Species Clause: Limit one of each Pokémon
|rule|OHKO Clause: OHKO moves are banned
|rule|Evasion Items Clause: Evasion items are banned
|rule|Evasion Moves Clause: Evasion moves are banned
|rule|Evasion Abilities Clause: Evasion abilities are banned
|rule|Sleep Moves Clause: Sleep-inducing moves are banned
|clearpoke
|poke|p1|Ting-Lu|
|poke|p1|Alomomola, M|
|poke|p1|Gholdengo|
|poke|p1|Iron Valiant|
|poke|p1|Ogerpon-Wellspring, F|
|poke|p1|Great Tusk|
|poke|p2|Pelipper, F|
|poke|p2|Barraskewda, M|
|poke|p2|Tyranitar, F|
|poke|p2|Coalossal, M|
|poke|p2|Thundurus-Therian, M|
|poke|p2|Iron Treads|
|teampreview
|inactive|Battle timer is ON: inactive players will automatically lose when time's up. (requested by IAmNotAmanda)
|
|t:|1779895002
|teamsize|p1|6
|teamsize|p2|6
|start
|switch|p1a: Ting-Lu|Ting-Lu|100/100
|switch|p2a: Tyranitar|Tyranitar, F|100/100
|-weather|Sandstorm|[from] ability: Sand Stream|[of] p2a: Tyranitar
|-ability|p1a: Ting-Lu|Vessel of Ruin
|turn|1
|
|t:|1779895009
|move|p2a: Tyranitar|Low Kick|p1a: Ting-Lu
|-supereffective|p1a: Ting-Lu
|-damage|p1a: Ting-Lu|52/100
|move|p1a: Ting-Lu|Stealth Rock|p2a: Tyranitar
|-sidestart|p2: Fiexthur0314|move: Stealth Rock
|
|-weather|Sandstorm|[upkeep]
|-heal|p1a: Ting-Lu|58/100|[from] item: Leftovers
|upkeep
|turn|2
|
|t:|1779895017
|move|p2a: Tyranitar|Low Kick|p1a: Ting-Lu
|-supereffective|p1a: Ting-Lu
|-damage|p1a: Ting-Lu|3/100
|move|p1a: Ting-Lu|Spikes|p2a: Tyranitar
|-sidestart|p2: Fiexthur0314|Spikes
|
|-weather|Sandstorm|[upkeep]
|-heal|p1a: Ting-Lu|9/100|[from] item: Leftovers
|upkeep
|turn|3
|
|t:|1779895020
|switch|p1a: Alomomola|Alomomola, M|100/100
|move|p2a: Tyranitar|Low Kick|p1a: Alomomola
|-damage|p1a: Alomomola|87/100
|
|-weather|Sandstorm|[upkeep]
|-damage|p1a: Alomomola|81/100|[from] Sandstorm
|upkeep
|turn|4
|
|t:|1779895027
|move|p2a: Tyranitar|Knock Off|p1a: Alomomola
|-damage|p1a: Alomomola|53/100
|-enditem|p1a: Alomomola|Heavy-Duty Boots|[from] move: Knock Off|[of] p2a: Tyranitar
|move|p1a: Alomomola|Scald|p2a: Tyranitar
|-supereffective|p2a: Tyranitar
|-damage|p2a: Tyranitar|90/100
|
|-weather|Sandstorm|[upkeep]
|-damage|p1a: Alomomola|47/100|[from] Sandstorm
|upkeep
|turn|5
|
|t:|1779895037
|switch|p2a: Pelipper|Pelipper, F|100/100
|-damage|p2a: Pelipper|76/100|[from] Stealth Rock
|-weather|RainDance|[from] ability: Drizzle|[of] p2a: Pelipper
|move|p1a: Alomomola|Wish|p1a: Alomomola
|
|-weather|RainDance|[upkeep]
|upkeep
|turn|6
|
|t:|1779895043
|move|p2a: Pelipper|U-turn|p1a: Alomomola
|-damage|p1a: Alomomola|43/100
|
|t:|1779895053
|switch|p2a: Tyranitar|Tyranitar, F|90/100|[from] U-turn
|-damage|p2a: Tyranitar|77/100|[from] Stealth Rock
|-damage|p2a: Tyranitar|65/100|[from] Spikes
|-weather|Sandstorm|[from] ability: Sand Stream|[of] p2a: Tyranitar
|move|p1a: Alomomola|Flip Turn|p2a: Tyranitar
|-supereffective|p2a: Tyranitar
|-damage|p2a: Tyranitar|38/100
|
|t:|1779895063
|switch|p1a: Ting-Lu|Ting-Lu|9/100|[from] Flip Turn
|-ability|p1a: Ting-Lu|Vessel of Ruin
|
|-weather|Sandstorm|[upkeep]
|-heal|p1a: Ting-Lu|61/100|[from] move: Wish|[wisher] Alomomola
|-heal|p1a: Ting-Lu|68/100|[from] item: Leftovers
|upkeep
|turn|7
|
|t:|1779895073
|switch|p2a: Iron Treads|Iron Treads|100/100
|-damage|p2a: Iron Treads|97/100|[from] Stealth Rock
|-damage|p2a: Iron Treads|85/100|[from] Spikes
|switch|p1a: Alomomola|Alomomola, M|76/100
|
|-weather|Sandstorm|[upkeep]
|-damage|p1a: Alomomola|70/100|[from] Sandstorm
|-heal|p2a: Iron Treads|91/100|[from] item: Leftovers
|upkeep
|turn|8
|
|t:|1779895080
|switch|p1a: Gholdengo|Gholdengo|100/100
|-item|p1a: Gholdengo|Air Balloon
|move|p2a: Iron Treads|Stealth Rock|p1a: Gholdengo
|-sidestart|p1: IAmNotAmanda|move: Stealth Rock
|
|-weather|Sandstorm|[upkeep]
|-heal|p2a: Iron Treads|97/100|[from] item: Leftovers
|upkeep
|turn|9
|
|t:|1779895086
|move|p2a: Iron Treads|Ice Spinner|p1a: Gholdengo
|-resisted|p1a: Gholdengo
|-damage|p1a: Gholdengo|89/100
|-enditem|p1a: Gholdengo|Air Balloon
|move|p1a: Gholdengo|Shadow Ball|p2a: Iron Treads
|-damage|p2a: Iron Treads|37/100
|
|-weather|Sandstorm|[upkeep]
|-heal|p2a: Iron Treads|43/100|[from] item: Leftovers
|upkeep
|turn|10
|
|t:|1779895101
|move|p2a: Iron Treads|Earthquake|p1a: Gholdengo
|-supereffective|p1a: Gholdengo
|-damage|p1a: Gholdengo|1/100
|move|p1a: Gholdengo|Shadow Ball|p2a: Iron Treads
|-damage|p2a: Iron Treads|0 fnt
|faint|p2a: Iron Treads
|-end|p2a: Iron Treads|Quark Drive|[silent]
|
|-weather|none
|upkeep
|
|t:|1779895111
|switch|p2a: Barraskewda|Barraskewda, M|100/100
|-damage|p2a: Barraskewda|88/100|[from] Stealth Rock
|-damage|p2a: Barraskewda|76/100|[from] Spikes
|turn|11
|
|t:|1779895120
|switch|p1a: Alomomola|Alomomola, M|100/100
|-damage|p1a: Alomomola|88/100|[from] Stealth Rock
|move|p2a: Barraskewda|Flip Turn|p1a: Alomomola
|-resisted|p1a: Alomomola
|-damage|p1a: Alomomola|75/100
|
|t:|1779895123
|switch|p2a: Coalossal|Coalossal, M|100/100|[from] Flip Turn
|-damage|p2a: Coalossal|75/100|[from] Stealth Rock
|-damage|p2a: Coalossal|63/100|[from] Spikes
|
|upkeep
|turn|12
|
|t:|1779895130
|move|p1a: Alomomola|Flip Turn|p2a: Coalossal
|-supereffective|p2a: Coalossal
|-damage|p2a: Coalossal|31/100
|-damage|p1a: Alomomola|58/100|[from] item: Rocky Helmet|[of] p2a: Coalossal
|
|t:|1779895140
|switch|p1a: Great Tusk|Great Tusk|100/100|[from] Flip Turn
|-damage|p1a: Great Tusk|97/100|[from] Stealth Rock
|-enditem|p1a: Great Tusk|Booster Energy
|-activate|p1a: Great Tusk|ability: Protosynthesis|[fromitem]
|-start|p1a: Great Tusk|protosynthesisspe
|move|p2a: Coalossal|Rapid Spin|p1a: Great Tusk
|-damage|p1a: Great Tusk|91/100
|-boost|p2a: Coalossal|spe|1
|-sideend|p2: Fiexthur0314|Spikes|[from] move: Rapid Spin|[of] p2a: Coalossal
|-sideend|p2: Fiexthur0314|Stealth Rock|[from] move: Rapid Spin|[of] p2a: Coalossal
|
|upkeep
|turn|13
|inactive|Fiexthur0314 has 120 seconds left.
|inactive|Fiexthur0314 has 90 seconds left.
|inactive|Fiexthur0314 has 60 seconds left.
|
|t:|1779895253
|switch|p2a: Pelipper|Pelipper, F|76/100
|-weather|RainDance|[from] ability: Drizzle|[of] p2a: Pelipper
|move|p1a: Great Tusk|Rapid Spin|p2a: Pelipper
|-damage|p2a: Pelipper|65/100
|-boost|p1a: Great Tusk|spe|1
|-sideend|p1: IAmNotAmanda|Stealth Rock|[from] move: Rapid Spin|[of] p1a: Great Tusk
|
|-weather|RainDance|[upkeep]
|upkeep
|turn|14
|inactive|Fiexthur0314 has 30 seconds left.
|inactive|IAmNotAmanda has 120 seconds left.
|inactive|Fiexthur0314 has 20 seconds left.
|inactive|Fiexthur0314 has 15 seconds left.
|inactive|Fiexthur0314 has 10 seconds left.
|inactive|Fiexthur0314 has 5 seconds left.
|
|t:|1779895299
|move|p1a: Great Tusk|Rapid Spin|p2a: Pelipper
|-damage|p2a: Pelipper|53/100
|-boost|p1a: Great Tusk|spe|1
|move|p2a: Pelipper|U-turn|p1a: Great Tusk
|-resisted|p1a: Great Tusk
|-damage|p1a: Great Tusk|89/100
|inactive|Fiexthur0314 has 10 seconds left this turn.
|inactive|Fiexthur0314 has 5 seconds left.
|-message|Fiexthur0314 lost due to inactivity.
|
|win|IAmNotAmanda
|raw|IAmNotAmanda's rating: 1419 &rarr; <strong>1441</strong><br />(+22 for winning)
|raw|Fiexthur0314's rating: 1457 &rarr; <strong>1435</strong><br />(-22 for losing)
|l|☆IAmNotAmanda
|player|p1|
|l|☆Fiexthur0314
|player|p2|
