|badge|p2|bronze|gen9ou|100-9
|uhtml|medal-msg|<div class="broadcast-blue">Curious what those medals under the avatar are? PS now has Ladder Seasons! For more information, check out the <a href="https://www.smogon.com/forums/threads/3740067/">thread on Smogon.</a></div>
|j|☆glimpseman
|j|☆Rexydoodlesss
|t:|1779916072
|gametype|singles
|player|p1|glimpseman|#wcor2025canada|1631
|player|p2|Rexydoodlesss|adaman|1863
|gen|9
|tier|[Gen 9] OU
|rated|
|rule|HP Percentage Mod: HP is shown in percentages
|rule|Endless Battle Clause: Forcing endless battles is banned
|rule|Species Clause: Limit one of each Pokémon
|rule|OHKO Clause: OHKO moves are banned
|rule|Evasion Items Clause: Evasion items are banned
|rule|Evasion Moves Clause: Evasion moves are banned
|rule|Evasion Abilities Clause: Evasion abilities are banned
|rule|Sleep Moves Clause: Sleep-inducing moves are banned
|clearpoke
|poke|p1|Toxtricity, M|
|poke|p1|Gholdengo|
|poke|p1|Ting-Lu|
|poke|p1|Glimmora, F|
|poke|p1|Iron Valiant|
|poke|p1|Rillaboom, F|
|poke|p2|Ribombee, F|
|poke|p2|Gholdengo|
|poke|p2|Ogerpon-Cornerstone, F|
|poke|p2|Ceruledge, F|
|poke|p2|Raging Bolt|
|poke|p2|Cinderace, F|
|teampreview
|inactive|Battle timer is ON: inactive players will automatically lose when time's up. (requested by glimpseman)
|
|t:|1779916082
|teamsize|p1|6
|teamsize|p2|6
|start
|switch|p1a: Glimmora|Glimmora, F|100/100
|switch|p2a: Ogerpon|Ogerpon-Cornerstone, F|100/100
|turn|1
|inactive|Rexydoodlesss has 120 seconds left.
|
|t:|1779916129
|switch|p1a: Gholdengo|Gholdengo|100/100
|move|p2a: Ogerpon|Ivy Cudgel|p1a: Gholdengo|[anim] Ivy Cudgel Rock
|-resisted|p1a: Gholdengo
|-damage|p1a: Gholdengo|70/100
|
|upkeep
|turn|2
|
|t:|1779916139
|switch|p2a: Cinderace|Cinderace, F, shiny|100/100
|move|p1a: Gholdengo|Make It Rain|p2a: Cinderace
|-resisted|p2a: Cinderace
|-damage|p2a: Cinderace|54/100
|-unboost|p1a: Gholdengo|spa|1
|
|upkeep
|turn|3
|inactive|Rexydoodlesss has 90 seconds left.
|
|t:|1779916176
|switch|p2a: Ogerpon|Ogerpon-Cornerstone, F|100/100
|switch|p1a: Glimmora|Glimmora, F|100/100
|
|upkeep
|turn|4
|inactive|Rexydoodlesss has 90 seconds left.
|
|t:|1779916182
|move|p2a: Ogerpon|Ivy Cudgel|p1a: Glimmora|[anim] Ivy Cudgel Rock
|-damage|p1a: Glimmora|58/100
|move|p1a: Glimmora|Power Gem|p2a: Ogerpon
|-damage|p2a: Ogerpon|60/100
|
|upkeep
|turn|5
|inactive|Rexydoodlesss has 90 seconds left.
|
|t:|1779916194
|move|p2a: Ogerpon|Ivy Cudgel|p1a: Glimmora|[anim] Ivy Cudgel Rock
|-damage|p1a: Glimmora|9/100
|move|p1a: Glimmora|Mortal Spin|p2a: Ogerpon
|-crit|p2a: Ogerpon
|-damage|p2a: Ogerpon|48/100
|-status|p2a: Ogerpon|psn
|
|-damage|p2a: Ogerpon|36/100 psn|[from] psn
|upkeep
|turn|6
|
|t:|1779916198
|move|p2a: Ogerpon|Ivy Cudgel|p1a: Glimmora|[anim] Ivy Cudgel Rock
|-crit|p1a: Glimmora
|-damage|p1a: Glimmora|0 fnt
|faint|p1a: Glimmora
|
|-damage|p2a: Ogerpon|24/100 psn|[from] psn
|upkeep
|
|t:|1779916201
|switch|p1a: Rillaboom|Rillaboom, F|100/100
|-fieldstart|move: Grassy Terrain|[from] ability: Grassy Surge|[of] p1a: Rillaboom
|turn|7
|
|t:|1779916218
|move|p2a: Ogerpon|Spiky Shield|p2a: Ogerpon
|-singleturn|p2a: Ogerpon|move: Protect
|move|p1a: Rillaboom|U-turn|p2a: Ogerpon
|-activate|p2a: Ogerpon|move: Protect
|-damage|p1a: Rillaboom|88/100|[from] Spiky Shield|[of] p2a: Ogerpon
|
|-heal|p2a: Ogerpon|30/100 psn|[from] Grassy Terrain
|-heal|p1a: Rillaboom|94/100|[from] Grassy Terrain
|-damage|p2a: Ogerpon|17/100 psn|[from] psn
|upkeep
|turn|8
|
|t:|1779916223
|switch|p2a: Cinderace|Cinderace, F, shiny|54/100
|move|p1a: Rillaboom|Grassy Glide|p2a: Cinderace
|-resisted|p2a: Cinderace
|-damage|p2a: Cinderace|28/100
|
|-heal|p2a: Cinderace|34/100|[from] Grassy Terrain
|-heal|p1a: Rillaboom|100/100|[from] Grassy Terrain
|upkeep
|turn|9
|
|t:|1779916230
|switch|p1a: Ting-Lu|Ting-Lu|100/100
|-ability|p1a: Ting-Lu|Vessel of Ruin
|move|p2a: Cinderace|Pyro Ball|p1a: Ting-Lu
|-damage|p1a: Ting-Lu|70/100
|
|-heal|p2a: Cinderace|40/100|[from] Grassy Terrain
|-heal|p1a: Ting-Lu|76/100|[from] Grassy Terrain
|-heal|p1a: Ting-Lu|82/100|[from] item: Leftovers
|upkeep
|turn|10
|inactive|Rexydoodlesss has 120 seconds left.
|
|t:|1779916235
|switch|p2a: Ogerpon|Ogerpon-Cornerstone, F|17/100 psn
|move|p1a: Ting-Lu|Stomping Tantrum|p2a: Ogerpon
|-damage|p2a: Ogerpon|0 fnt
|faint|p2a: Ogerpon
|
|-heal|p1a: Ting-Lu|89/100|[from] Grassy Terrain
|-heal|p1a: Ting-Lu|95/100|[from] item: Leftovers
|upkeep
|inactive|Rexydoodlesss has 120 seconds left.
|
|t:|1779916244
|switch|p2a: Ceruledge|Ceruledge, F, shiny|100/100
|turn|11
|
|t:|1779916250
|move|p2a: Ceruledge|Swords Dance|p2a: Ceruledge
|-boost|p2a: Ceruledge|atk|2
|move|p1a: Ting-Lu|Payback|p2a: Ceruledge
|-supereffective|p2a: Ceruledge
|-enditem|p2a: Ceruledge|Focus Sash
|-damage|p2a: Ceruledge|1/100
|-ability|p2a: Ceruledge|Weak Armor|boost
|-unboost|p2a: Ceruledge|def|1
|-boost|p2a: Ceruledge|spe|2
|
|-heal|p2a: Ceruledge|7/100|[from] Grassy Terrain
|-heal|p1a: Ting-Lu|100/100|[from] Grassy Terrain
|-fieldend|move: Grassy Terrain
|upkeep
|turn|12
|
|t:|1779916254
|move|p2a: Ceruledge|Close Combat|p1a: Ting-Lu
|-supereffective|p1a: Ting-Lu
|-damage|p1a: Ting-Lu|5/100
|-unboost|p2a: Ceruledge|def|1
|-unboost|p2a: Ceruledge|spd|1
|move|p1a: Ting-Lu|Payback|p2a: Ceruledge
|-supereffective|p2a: Ceruledge
|-damage|p2a: Ceruledge|0 fnt
|faint|p2a: Ceruledge
|
|-heal|p1a: Ting-Lu|11/100|[from] item: Leftovers
|upkeep
|
|t:|1779916258
|switch|p2a: Ribombee|Ribombee, F, shiny|100/100
|turn|13
|
|t:|1779916263
|switch|p1a: Gholdengo|Gholdengo|70/100
|move|p2a: Ribombee|Moonblast|p1a: Gholdengo
|-resisted|p1a: Gholdengo
|-damage|p1a: Gholdengo|46/100
|
|upkeep
|turn|14
|
|t:|1779916265
|move|p2a: Ribombee|Sticky Web|p1a: Gholdengo
|-sidestart|p1: glimpseman|move: Sticky Web
|move|p1a: Gholdengo|Recover|p1a: Gholdengo
|-heal|p1a: Gholdengo|96/100
|
|upkeep
|turn|15
|
|t:|1779916279
|switch|p2a: Raging Bolt|Raging Bolt|100/100
|-enditem|p2a: Raging Bolt|Booster Energy
|-activate|p2a: Raging Bolt|ability: Protosynthesis|[fromitem]
|-start|p2a: Raging Bolt|protosynthesisspa
|move|p1a: Gholdengo|Make It Rain|p2a: Raging Bolt
|-resisted|p2a: Raging Bolt
|-damage|p2a: Raging Bolt|66/100
|-unboost|p1a: Gholdengo|spa|1
|
|upkeep
|turn|16
|
|t:|1779916285
|switch|p1a: Ting-Lu|Ting-Lu|11/100
|-activate|p1a: Ting-Lu|move: Sticky Web
|-unboost|p1a: Ting-Lu|spe|1
|-ability|p1a: Ting-Lu|Vessel of Ruin
|move|p2a: Raging Bolt|Calm Mind|p2a: Raging Bolt
|-boost|p2a: Raging Bolt|spa|1
|-boost|p2a: Raging Bolt|spd|1
|
|-heal|p1a: Ting-Lu|17/100|[from] item: Leftovers
|upkeep
|turn|17
|
|t:|1779916287
|move|p2a: Raging Bolt|Dragon Pulse|p1a: Ting-Lu
|-damage|p1a: Ting-Lu|0 fnt
|faint|p1a: Ting-Lu
|
|upkeep
|
|t:|1779916289
|switch|p1a: Rillaboom|Rillaboom, F|100/100
|-activate|p1a: Rillaboom|move: Sticky Web
|-unboost|p1a: Rillaboom|spe|1
|-fieldstart|move: Grassy Terrain|[from] ability: Grassy Surge|[of] p1a: Rillaboom
|turn|18
|
|t:|1779916291
|move|p2a: Raging Bolt|Dragon Pulse|p1a: Rillaboom
|-damage|p1a: Rillaboom|45/100
|move|p1a: Rillaboom|High Horsepower|p2a: Raging Bolt
|-supereffective|p2a: Raging Bolt
|-damage|p2a: Raging Bolt|6/100
|
|-heal|p2a: Raging Bolt|12/100|[from] Grassy Terrain
|-heal|p1a: Rillaboom|51/100|[from] Grassy Terrain
|upkeep
|turn|19
|
|t:|1779916300
|move|p2a: Raging Bolt|Thunderclap|p1a: Rillaboom
|-resisted|p1a: Rillaboom
|-damage|p1a: Rillaboom|25/100
|move|p1a: Rillaboom|U-turn|p2a: Raging Bolt
|-damage|p2a: Raging Bolt|0 fnt
|faint|p2a: Raging Bolt
|-end|p2a: Raging Bolt|Protosynthesis|[silent]
|
|t:|1779916306
|switch|p1a: Toxtricity|Toxtricity, M, shiny|100/100|[from] U-turn
|-activate|p1a: Toxtricity|move: Sticky Web
|-unboost|p1a: Toxtricity|spe|1
|
|upkeep
|
|t:|1779916316
|switch|p2a: Cinderace|Cinderace, F, shiny|40/100
|turn|20
|
|t:|1779916320
|switch|p1a: Rillaboom|Rillaboom, F|25/100
|-activate|p1a: Rillaboom|move: Sticky Web
|-unboost|p1a: Rillaboom|spe|1
|move|p2a: Cinderace|Pyro Ball|p1a: Rillaboom|[miss]
|-miss|p2a: Cinderace|p1a: Rillaboom
|
|-heal|p2a: Cinderace|46/100|[from] Grassy Terrain
|-heal|p1a: Rillaboom|31/100|[from] Grassy Terrain
|upkeep
|turn|21
|
|t:|1779916329
|move|p1a: Rillaboom|Grassy Glide|p2a: Cinderace
|-resisted|p2a: Cinderace
|-damage|p2a: Cinderace|22/100
|move|p2a: Cinderace|Pyro Ball|p1a: Rillaboom
|-supereffective|p1a: Rillaboom
|-damage|p1a: Rillaboom|0 fnt
|faint|p1a: Rillaboom
|
|-heal|p2a: Cinderace|28/100|[from] Grassy Terrain
|upkeep
|
|t:|1779916338
|switch|p1a: Iron Valiant|Iron Valiant|100/100
|-activate|p1a: Iron Valiant|move: Sticky Web
|-unboost|p1a: Iron Valiant|spe|1
|-enditem|p1a: Iron Valiant|Booster Energy
|-activate|p1a: Iron Valiant|ability: Quark Drive|[fromitem]
|-start|p1a: Iron Valiant|quarkdriveatk
|turn|22
|
|t:|1779916341
|move|p2a: Cinderace|Pyro Ball|p1a: Iron Valiant
|-damage|p1a: Iron Valiant|0 fnt
|faint|p1a: Iron Valiant
|-end|p1a: Iron Valiant|Quark Drive|[silent]
|
|-heal|p2a: Cinderace|34/100|[from] Grassy Terrain
|-fieldend|move: Grassy Terrain
|upkeep
|
|t:|1779916345
|switch|p1a: Gholdengo|Gholdengo|96/100
|-activate|p1a: Gholdengo|move: Sticky Web
|-unboost|p1a: Gholdengo|spe|1
|turn|23
|
|t:|1779916347
|move|p2a: Cinderace|Pyro Ball|p1a: Gholdengo
|-supereffective|p1a: Gholdengo
|-damage|p1a: Gholdengo|0 fnt
|faint|p1a: Gholdengo
|
|upkeep
|-message|glimpseman forfeited.
|
|win|Rexydoodlesss
|raw|glimpseman's rating: 1631 &rarr; <strong>1623</strong><br />(-8 for losing)
|raw|Rexydoodlesss's rating: 1883 &rarr; <strong>1891</strong><br />(+8 for winning)
|l|☆glimpseman
|player|p1|
|l|☆Rexydoodlesss
|player|p2|
