|j|☆bbbbbbbbbbfs
|j|☆Firewolf blue
|t:|1779848035
|gametype|singles
|player|p1|bbbbbbbbbbfs|265|1123
|player|p2|Firewolf blue|1|1139
|gen|9
|tier|[Gen 9] OU
|rated|
|rule|HP Percentage Mod: HP is shown in percentages
|rule|Endless Battle Clause: Forcing endless battles is banned
|rule|Species Clause: Limit one of each Pokémon
|rule|OHKO Clause: OHKO moves are banned
|rule|Evasion Items Clause: Evasion items are banned
|rule|Evasion Moves Clause: Evasion moves are banned
|rule|Evasion Abilities Clause: Evasion abilities are banned
|rule|Sleep Moves Clause: Sleep-inducing moves are banned
|clearpoke
|poke|p1|Tyranitar, M|
|poke|p1|Excadrill, M|
|poke|p1|Lycanroc, F|
|poke|p1|Houndstone, M|
|poke|p1|Hydrapple, M|
|poke|p1|Minior|
|poke|p2|Weavile, M|
|poke|p2|Garchomp, M|
|poke|p2|Metagross|
|poke|p2|Slowbro, F|
|poke|p2|Kingambit, M|
|poke|p2|Raging Bolt|
|teampreview
|inactive|Battle timer is ON: inactive players will automatically lose when time's up. (requested by bbbbbbbbbbfs)
|
|t:|1779848063
|teamsize|p1|6
|teamsize|p2|6
|start
|switch|p1a: Houndstone|Houndstone, M|100/100
|switch|p2a: Slowbro|Slowbro, F|100/100
|turn|1
|
|t:|1779848067
|move|p1a: Houndstone|Poltergeist|p2a: Slowbro
|-activate|p2a: Slowbro|move: Poltergeist|Sitrus Berry
|-supereffective|p2a: Slowbro
|-damage|p2a: Slowbro|35/100
|-enditem|p2a: Slowbro|Sitrus Berry|[eat]
|-heal|p2a: Slowbro|59/100|[from] item: Sitrus Berry
|move|p2a: Slowbro|Trick Room|p2a: Slowbro
|-fieldstart|move: Trick Room|[of] p2a: Slowbro
|
|upkeep
|turn|2
|
|t:|1779848081
|switch|p1a: Hydrapple|Hydrapple, M|100/100
|move|p2a: Slowbro|Hydro Pump|p1a: Hydrapple
|-resisted|p1a: Hydrapple
|-damage|p1a: Hydrapple|92/100
|
|upkeep
|turn|3
|
|t:|1779848093
|switch|p1a: Tyranitar|Tyranitar, M|100/100
|-weather|Sandstorm|[from] ability: Sand Stream|[of] p1a: Tyranitar
|move|p2a: Slowbro|Iron Defense|p2a: Slowbro
|-boost|p2a: Slowbro|def|2
|
|-weather|Sandstorm|[upkeep]
|-damage|p2a: Slowbro|53/100|[from] Sandstorm
|upkeep
|turn|4
|
|t:|1779848117
|switch|p1a: Hydrapple|Hydrapple, M|100/100
|move|p2a: Slowbro|Body Press|p1a: Hydrapple
|-damage|p1a: Hydrapple|70/100
|-damage|p2a: Slowbro|37/100|[from] item: Rocky Helmet|[of] p1a: Hydrapple
|
|-weather|Sandstorm|[upkeep]
|-damage|p2a: Slowbro|31/100|[from] Sandstorm
|-damage|p1a: Hydrapple|64/100|[from] Sandstorm
|upkeep
|turn|5
|
|t:|1779848143
|switch|p2a: Weavile|Weavile, M|100/100
|-ability|p2a: Weavile|Pressure
|move|p1a: Hydrapple|Giga Drain|p2a: Weavile
|-damage|p2a: Weavile|56/100
|-heal|p1a: Hydrapple|79/100|[from] drain|[of] p2a: Weavile
|
|-weather|Sandstorm|[upkeep]
|-damage|p1a: Hydrapple|72/100|[from] Sandstorm
|-damage|p2a: Weavile|50/100|[from] Sandstorm
|-fieldend|move: Trick Room
|upkeep
|turn|6
|
|t:|1779848155
|switch|p1a: Houndstone|Houndstone, M|100/100
|move|p2a: Weavile|Triple Axel|p1a: Houndstone
|-damage|p1a: Houndstone|85/100
|-damage|p2a: Weavile|34/100|[from] item: Rocky Helmet|[of] p1a: Houndstone
|-crit|p1a: Houndstone
|-damage|p1a: Houndstone|36/100
|-damage|p2a: Weavile|18/100|[from] item: Rocky Helmet|[of] p1a: Houndstone
|-damage|p1a: Houndstone|0 fnt
|-damage|p2a: Weavile|1/100|[from] item: Rocky Helmet|[of] p1a: Houndstone
|faint|p1a: Houndstone
|-hitcount|p1: Houndstone|3
|-damage|p2a: Weavile|0 fnt|[from] item: Life Orb
|faint|p2a: Weavile
|
|-weather|Sandstorm|[upkeep]
|upkeep
|inactive|Firewolf blue has 120 seconds left.
|
|t:|1779848171
|switch|p2a: Slowbro|Slowbro, F|64/100
|switch|p1a: Lycanroc|Lycanroc, F|100/100
|turn|7
|inactive|bbbbbbbbbbfs has 120 seconds left.
|
|t:|1779848199
|move|p1a: Lycanroc|Stone Edge|p2a: Slowbro
|-damage|p2a: Slowbro|14/100
|-damage|p1a: Lycanroc|91/100|[from] item: Life Orb
|move|p2a: Slowbro|Trick Room|p2a: Slowbro
|-fieldstart|move: Trick Room|[of] p2a: Slowbro
|
|-weather|Sandstorm|[upkeep]
|-damage|p2a: Slowbro|8/100|[from] Sandstorm
|upkeep
|turn|8
|
|t:|1779848205
|move|p1a: Lycanroc|Accelerock|p2a: Slowbro
|-crit|p2a: Slowbro
|-damage|p2a: Slowbro|0 fnt
|faint|p2a: Slowbro
|-damage|p1a: Lycanroc|81/100|[from] item: Life Orb
|
|-weather|Sandstorm|[upkeep]
|upkeep
|
|t:|1779848210
|switch|p2a: Metagross|Metagross|100/100
|turn|9
|
|t:|1779848215
|move|p2a: Metagross|Body Press|p1a: Lycanroc
|-supereffective|p1a: Lycanroc
|-damage|p1a: Lycanroc|0 fnt
|faint|p1a: Lycanroc
|
|-weather|Sandstorm|[upkeep]
|upkeep
|
|t:|1779848219
|switch|p1a: Hydrapple|Hydrapple, M|100/100
|turn|10
|
|t:|1779848224
|switch|p2a: Raging Bolt|Raging Bolt|100/100
|-enditem|p2a: Raging Bolt|Booster Energy
|-activate|p2a: Raging Bolt|ability: Protosynthesis|[fromitem]
|-start|p2a: Raging Bolt|protosynthesisspa
|move|p1a: Hydrapple|Earth Power|p2a: Raging Bolt
|-supereffective|p2a: Raging Bolt
|-damage|p2a: Raging Bolt|60/100
|
|-weather|none
|upkeep
|turn|11
|
|t:|1779848236
|switch|p1a: Tyranitar|Tyranitar, M|100/100
|-weather|Sandstorm|[from] ability: Sand Stream|[of] p1a: Tyranitar
|move|p2a: Raging Bolt|Dragon Pulse|p1a: Tyranitar
|-damage|p1a: Tyranitar|73/100
|
|-weather|Sandstorm|[upkeep]
|-damage|p2a: Raging Bolt|54/100|[from] Sandstorm
|-fieldend|move: Trick Room
|upkeep
|turn|12
|
|t:|1779848244
|-end|p2a: Raging Bolt|Protosynthesis|[silent]
|switch|p2a: Metagross|Metagross|100/100
|move|p1a: Tyranitar|Ice Beam|p2a: Metagross
|-resisted|p2a: Metagross
|-damage|p2a: Metagross|89/100
|
|-weather|Sandstorm|[upkeep]
|upkeep
|turn|13
|
|t:|1779848255
|switch|p1a: Hydrapple|Hydrapple, M|100/100
|switch|p2a: Raging Bolt|Raging Bolt|54/100
|
|-weather|Sandstorm|[upkeep]
|-damage|p2a: Raging Bolt|48/100|[from] Sandstorm
|-damage|p1a: Hydrapple|94/100|[from] Sandstorm
|upkeep
|turn|14
|
|t:|1779848270
|switch|p1a: Tyranitar|Tyranitar, M|73/100
|move|p2a: Raging Bolt|Volt Switch|p1a: Tyranitar
|-damage|p1a: Tyranitar|54/100
|
|t:|1779848278
|-end|p2a: Raging Bolt|Protosynthesis|[silent]
|switch|p2a: Garchomp|Garchomp, M|100/100|[from] Volt Switch
|
|-weather|Sandstorm|[upkeep]
|upkeep
|turn|15
|
|t:|1779848285
|move|p2a: Garchomp|Swords Dance|p2a: Garchomp
|-boost|p2a: Garchomp|atk|2
|move|p1a: Tyranitar|Ice Beam|p2a: Garchomp
|-supereffective|p2a: Garchomp
|-damage|p2a: Garchomp|20/100
|
|-weather|Sandstorm|[upkeep]
|upkeep
|turn|16
|
|t:|1779848297
|switch|p1a: Minior|Minior|100/100
|-formechange|p1a: Minior|Minior-Meteor||[from] ability: Shields Down
|move|p2a: Garchomp|Earthquake|p1a: Minior
|-immune|p1a: Minior
|
|-weather|Sandstorm|[upkeep]
|upkeep
|turn|17
|inactive|bbbbbbbbbbfs has 120 seconds left.
|
|t:|1779848330
|move|p1a: Minior|Acrobatics|p2a: Garchomp
|-damage|p2a: Garchomp|0 fnt
|-damage|p1a: Minior|88/100|[from] ability: Rough Skin|[of] p2a: Garchomp
|-damage|p1a: Minior|72/100|[from] item: Rocky Helmet|[of] p2a: Garchomp
|faint|p2a: Garchomp
|
|-weather|Sandstorm|[upkeep]
|upkeep
|
|t:|1779848337
|switch|p2a: Metagross|Metagross|89/100
|turn|18
|
|t:|1779848346
|switch|p1a: Hydrapple|Hydrapple, M|100/100
|move|p2a: Metagross|Bullet Punch|p1a: Hydrapple
|-damage|p1a: Hydrapple|87/100
|-damage|p2a: Metagross|72/100|[from] item: Rocky Helmet|[of] p1a: Hydrapple
|
|-weather|none
|upkeep
|turn|19
|
|t:|1779848367
|switch|p2a: Kingambit|Kingambit, M|100/100
|-activate|p2a: Kingambit|ability: Supreme Overlord
|-start|p2a: Kingambit|fallen3|[silent]
|move|p1a: Hydrapple|Earth Power|p2a: Kingambit
|-supereffective|p2a: Kingambit
|-damage|p2a: Kingambit|50/100
|
|upkeep
|turn|20
|
|t:|1779848379
|-terastallize|p2a: Kingambit|Dark
|move|p2a: Kingambit|Kowtow Cleave|p1a: Hydrapple
|-damage|p1a: Hydrapple|33/100
|-damage|p2a: Kingambit|34/100|[from] item: Rocky Helmet|[of] p1a: Hydrapple
|move|p1a: Hydrapple|Earth Power|p2a: Kingambit
|-damage|p2a: Kingambit|7/100
|
|upkeep
|turn|21
|
|t:|1779848401
|switch|p1a: Tyranitar|Tyranitar, M|54/100
|-weather|Sandstorm|[from] ability: Sand Stream|[of] p1a: Tyranitar
|move|p2a: Kingambit|Kowtow Cleave|p1a: Tyranitar
|-resisted|p1a: Tyranitar
|-damage|p1a: Tyranitar|13/100
|
|-weather|Sandstorm|[upkeep]
|-damage|p2a: Kingambit|1/100|[from] Sandstorm
|upkeep
|turn|22
|
|t:|1779848418
|move|p2a: Kingambit|Sucker Punch||[still]
|-fail|p2a: Kingambit
|move|p1a: Tyranitar|Stealth Rock|p2a: Kingambit
|-sidestart|p2: Firewolf blue|move: Stealth Rock
|
|-weather|Sandstorm|[upkeep]
|-damage|p2a: Kingambit|0 fnt|[from] Sandstorm
|faint|p2a: Kingambit
|-end|p2a: Kingambit|fallen3|[silent]
|upkeep
|
|t:|1779848424
|switch|p2a: Raging Bolt|Raging Bolt|48/100
|-damage|p2a: Raging Bolt|36/100|[from] Stealth Rock
|turn|23
|
|t:|1779848427
|move|p2a: Raging Bolt|Thunderclap|p1a: Tyranitar
|-damage|p1a: Tyranitar|0 fnt
|faint|p1a: Tyranitar
|
|-weather|Sandstorm|[upkeep]
|-damage|p2a: Raging Bolt|29/100|[from] Sandstorm
|upkeep
|
|t:|1779848429
|switch|p1a: Excadrill|Excadrill, M|100/100
|turn|24
|
|t:|1779848440
|-end|p2a: Raging Bolt|Protosynthesis|[silent]
|switch|p2a: Metagross|Metagross|72/100
|-damage|p2a: Metagross|66/100|[from] Stealth Rock
|move|p1a: Excadrill|Swords Dance|p1a: Excadrill
|-boost|p1a: Excadrill|atk|2
|
|-weather|Sandstorm|[upkeep]
|upkeep
|turn|25
|
|t:|1779848462
|move|p1a: Excadrill|Substitute|p1a: Excadrill
|-start|p1a: Excadrill|Substitute
|-damage|p1a: Excadrill|76/100
|move|p2a: Metagross|Body Press|p1a: Excadrill
|-supereffective|p1a: Excadrill
|-end|p1a: Excadrill|Substitute
|
|-weather|Sandstorm|[upkeep]
|-heal|p1a: Excadrill|82/100|[from] item: Leftovers
|upkeep
|turn|26
|
|t:|1779848468
|move|p1a: Excadrill|Earthquake|p2a: Metagross
|-supereffective|p2a: Metagross
|-damage|p2a: Metagross|0 fnt
|faint|p2a: Metagross
|
|-weather|Sandstorm|[upkeep]
|-heal|p1a: Excadrill|88/100|[from] item: Leftovers
|upkeep
|
|t:|1779848470
|switch|p2a: Raging Bolt|Raging Bolt|29/100
|-damage|p2a: Raging Bolt|17/100|[from] Stealth Rock
|turn|27
|
|t:|1779848489
|move|p1a: Excadrill|Earthquake|p2a: Raging Bolt
|-supereffective|p2a: Raging Bolt
|-damage|p2a: Raging Bolt|0 fnt
|faint|p2a: Raging Bolt
|-end|p2a: Raging Bolt|Protosynthesis|[silent]
|
|win|bbbbbbbbbbfs
|raw|bbbbbbbbbbfs's rating: 1096 &rarr; <strong>1125</strong><br />(+29 for winning)
|raw|Firewolf blue's rating: 1139 &rarr; <strong>1111</strong><br />(-28 for losing)
|l|☆Firewolf blue
|player|p2|
|l|☆bbbbbbbbbbfs
|player|p1|
