|j|☆Desmoxytes
|j|☆DaddyPigIsThiqq
|t:|1779854829
|gametype|singles
|player|p1|Desmoxytes|102|1543
|player|p2|DaddyPigIsThiqq|266|1608
|gen|9
|tier|[Gen 9] OU
|rated|
|rule|HP Percentage Mod: HP is shown in percentages
|rule|Endless Battle Clause: Forcing endless battles is banned
|rule|Species Clause: Limit one of each Pokémon
|rule|OHKO Clause: OHKO moves are banned
|rule|Evasion Items Clause: Evasion items are banned
|rule|Evasion Moves Clause: Evasion moves are banned
|rule|Evasion Abilities Clause: Evasion abilities are banned
|rule|Sleep Moves Clause: Sleep-inducing moves are banned
|clearpoke
|poke|p1|Indeedee, M|
|poke|p1|Hatterene, F|
|poke|p1|Ursaluna, F|
|poke|p1|Iron Hands|
|poke|p1|Hoopa-Unbound|
|poke|p1|Mimikyu, F|
|poke|p2|Great Tusk|
|poke|p2|Pecharunt|
|poke|p2|Iron Valiant|
|poke|p2|Iron Crown|
|poke|p2|Samurott-Hisui, M|
|poke|p2|Dragonite, M|
|teampreview
|inactive|Battle timer is ON: inactive players will automatically lose when time's up. (requested by Desmoxytes)
|
|t:|1779854844
|teamsize|p1|6
|teamsize|p2|6
|start
|switch|p1a: LEBRON|Iron Hands, shiny|100/100
|switch|p2a: Iron Valiant|Iron Valiant, shiny|100/100
|-enditem|p1a: LEBRON|Booster Energy
|-activate|p1a: LEBRON|ability: Quark Drive|[fromitem]
|-start|p1a: LEBRON|quarkdriveatk
|turn|1
|
|t:|1779854851
|-terastallize|p2a: Iron Valiant|Fairy
|move|p2a: Iron Valiant|Moonblast|p1a: LEBRON
|-supereffective|p1a: LEBRON
|-damage|p1a: LEBRON|0 fnt
|faint|p1a: LEBRON
|-end|p1a: LEBRON|Quark Drive|[silent]
|
|upkeep
|
|t:|1779854859
|switch|p1a: Mimi|Mimikyu, F, shiny|100/100
|turn|2
|
|t:|1779854869
|move|p2a: Iron Valiant|Moonblast|p1a: Mimi
|-activate|p1a: Mimi|ability: Disguise
|-damage|p1a: Mimi|100/100
|-unboost|p1a: Mimi|spa|1
|detailschange|p1a: Mimi|Mimikyu-Busted, F, shiny
|-damage|p1a: Mimi|88/100|[from] pokemon: Mimikyu-Busted
|-enditem|p1a: Mimi|Red Card|[of] p2a: Iron Valiant
|-end|p2a: Iron Valiant|Quark Drive|[silent]
|drag|p2a: Pecharunt|Pecharunt|100/100
|move|p1a: Mimi|Trick Room|p1a: Mimi
|-fieldstart|move: Trick Room|[of] p1a: Mimi
|
|upkeep
|turn|3
|
|t:|1779854881
|switch|p1a: Subaru|Indeedee, M, shiny|100/100
|-fieldstart|move: Psychic Terrain|[from] ability: Psychic Surge|[of] p1a: Subaru
|move|p2a: Pecharunt|Malignant Chain|p1a: Subaru
|-damage|p1a: Subaru|63/100
|
|upkeep
|turn|4
|j| hgghgbc
|
|t:|1779854892
|switch|p2a: Samurott|Samurott-Hisui, M, shiny|100/100
|switch|p1a: Satella|Hatterene, F, shiny|100/100
|
|upkeep
|turn|5
|
|t:|1779854898
|move|p1a: Satella|Draining Kiss|p2a: Samurott
|-supereffective|p2a: Samurott
|-damage|p2a: Samurott|0 fnt
|faint|p2a: Samurott
|-damage|p1a: Satella|91/100|[from] item: Life Orb
|
|upkeep
|
|t:|1779854901
|switch|p2a: Iron Crown|Iron Crown|100/100
|turn|6
|
|t:|1779854918
|move|p1a: Satella|Mystical Fire|p2a: Iron Crown
|-supereffective|p2a: Iron Crown
|-damage|p2a: Iron Crown|47/100
|-unboost|p2a: Iron Crown|spa|1
|-damage|p1a: Satella|81/100|[from] item: Life Orb
|move|p2a: Iron Crown|Volt Switch|p1a: Satella
|-damage|p1a: Satella|65/100
|
|t:|1779854922
|-end|p2a: Iron Crown|Quark Drive|[silent]
|switch|p2a: Iron Valiant|Iron Valiant, shiny, tera:Fairy|100/100|[from] Volt Switch
|
|-fieldend|move: Trick Room
|upkeep
|turn|7
|
|t:|1779854926
|move|p2a: Iron Valiant|Moonblast|p1a: Satella
|-damage|p1a: Satella|0 fnt
|faint|p1a: Satella
|
|upkeep
|
|t:|1779854929
|switch|p1a: Mimi|Mimikyu-Busted, F, shiny|88/100
|turn|8
|
|t:|1779854937
|move|p2a: Iron Valiant|Moonblast|p1a: Mimi
|-damage|p1a: Mimi|0 fnt
|faint|p1a: Mimi
|
|upkeep
|
|t:|1779854946
|switch|p1a: Crashout YN|Ursaluna, F, shiny|100/100
|turn|9
|
|t:|1779854952
|-end|p2a: Iron Valiant|Quark Drive|[silent]
|switch|p2a: Great Tusk|Great Tusk, shiny|100/100
|move|p1a: Crashout YN|Headlong Rush|p2a: Great Tusk
|-damage|p2a: Great Tusk|51/100
|-unboost|p1a: Crashout YN|def|1
|-unboost|p1a: Crashout YN|spd|1
|
|-status|p1a: Crashout YN|brn|[from] item: Flame Orb
|upkeep
|turn|10
|
|t:|1779854960
|move|p2a: Great Tusk|Headlong Rush|p1a: Crashout YN
|-damage|p1a: Crashout YN|35/100 brn
|-unboost|p2a: Great Tusk|def|1
|-unboost|p2a: Great Tusk|spd|1
|move|p1a: Crashout YN|Headlong Rush|p2a: Great Tusk
|-damage|p2a: Great Tusk|0 fnt
|-unboost|p1a: Crashout YN|def|1
|-unboost|p1a: Crashout YN|spd|1
|faint|p2a: Great Tusk
|-end|p2a: Great Tusk|Protosynthesis|[silent]
|
|-damage|p1a: Crashout YN|29/100 brn|[from] brn
|-fieldend|move: Psychic Terrain
|upkeep
|
|t:|1779854964
|switch|p2a: Iron Valiant|Iron Valiant, shiny, tera:Fairy|100/100
|turn|11
|
|t:|1779854966
|move|p2a: Iron Valiant|Moonblast|p1a: Crashout YN
|-damage|p1a: Crashout YN|0 fnt
|faint|p1a: Crashout YN
|
|upkeep
|
|t:|1779854967
|switch|p1a: Subaru|Indeedee, M, shiny|63/100
|-fieldstart|move: Psychic Terrain|[from] ability: Psychic Surge|[of] p1a: Subaru
|turn|12
|
|t:|1779854973
|-end|p2a: Iron Valiant|Quark Drive|[silent]
|switch|p2a: Iron Crown|Iron Crown|47/100
|move|p1a: Subaru|Trick Room|p1a: Subaru
|-fieldstart|move: Trick Room|[of] p1a: Subaru
|
|upkeep
|turn|13
|
|t:|1779854978
|move|p1a: Subaru|Healing Wish|p1a: Subaru
|faint|p1a: Subaru
|move|p2a: Iron Crown|Tachyon Cutter|p1: Subaru|[notarget]
|-fail|p2a: Iron Crown
|
|upkeep
|
|t:|1779854980
|switch|p1a: King Von|Hoopa-Unbound|100/100
|-enditem|p1a: King Von|Psychic Seed
|-boost|p1a: King Von|spd|1|[from] item: Psychic Seed
|turn|14
|
|t:|1779854987
|move|p1a: King Von|Hyperspace Fury|p2a: Iron Crown
|-supereffective|p2a: Iron Crown
|-damage|p2a: Iron Crown|0 fnt
|-unboost|p1a: King Von|def|1
|faint|p2a: Iron Crown
|-end|p2a: Iron Crown|Quark Drive|[silent]
|-item|p1a: King Von|Assault Vest|[from] ability: Magician|[of] p2: Iron Crown
|
|upkeep
|
|t:|1779854994
|switch|p2a: Pecharunt|Pecharunt|100/100
|turn|15
|
|t:|1779854996
|move|p1a: King Von|Expanding Force|p2a: Pecharunt
|-supereffective|p2a: Pecharunt
|-damage|p2a: Pecharunt|0 fnt
|faint|p2a: Pecharunt
|
|upkeep
|
|t:|1779855000
|switch|p2a: Dragonite|Dragonite, M, shiny|100/100
|turn|16
|
|t:|1779855007
|-terastallize|p1a: King Von|Psychic
|move|p1a: King Von|Expanding Force|p2a: Dragonite
|-crit|p2a: Dragonite
|-damage|p2a: Dragonite|0 fnt
|faint|p2a: Dragonite
|
|-fieldend|move: Trick Room
|upkeep
|
|t:|1779855012
|switch|p2a: Iron Valiant|Iron Valiant, shiny, tera:Fairy|100/100
|turn|17
|
|t:|1779855019
|move|p2a: Iron Valiant|Moonblast|p1a: King Von
|-damage|p1a: King Von|67/100
|-unboost|p1a: King Von|spa|1
|move|p1a: King Von|Expanding Force|p2a: Iron Valiant
|-damage|p2a: Iron Valiant|0 fnt
|faint|p2a: Iron Valiant
|-end|p2a: Iron Valiant|Quark Drive|[silent]
|
|win|Desmoxytes
|raw|Desmoxytes's rating: 1543 &rarr; <strong>1567</strong><br />(+24 for winning)
|raw|DaddyPigIsThiqq's rating: 1608 &rarr; <strong>1584</strong><br />(-24 for losing)
|l|☆DaddyPigIsThiqq
|player|p2|
|l| hgghgbc
|l|☆Desmoxytes
|player|p1|
