|j|☆Chadmcpoon
|j|☆femotoz
|t:|1779935736
|gametype|singles
|player|p1|Chadmcpoon|ghetsis-gen5bw|1512
|player|p2|femotoz|169|1502
|gen|9
|tier|[Gen 9] OU
|rated|
|rule|HP Percentage Mod: HP is shown in percentages
|rule|Endless Battle Clause: Forcing endless battles is banned
|rule|Species Clause: Limit one of each Pokémon
|rule|OHKO Clause: OHKO moves are banned
|rule|Evasion Items Clause: Evasion items are banned
|rule|Evasion Moves Clause: Evasion moves are banned
|rule|Evasion Abilities Clause: Evasion abilities are banned
|rule|Sleep Moves Clause: Sleep-inducing moves are banned
|clearpoke
|poke|p1|Zamazenta-*|
|poke|p1|Meowscarada, M|
|poke|p1|Azumarill, M|
|poke|p1|Pecharunt|
|poke|p1|Iron Treads|
|poke|p1|Hoopa-Unbound|
|poke|p2|Garchomp, F|
|poke|p2|Zamazenta-*|
|poke|p2|Kingambit, F|
|poke|p2|Enamorus, F|
|poke|p2|Iron Treads|
|poke|p2|Pecharunt|
|teampreview
|inactive|Battle timer is ON: inactive players will automatically lose when time's up. (requested by Chadmcpoon)
|inactive|femotoz has 120 seconds left.
|
|t:|1779935785
|teamsize|p1|6
|teamsize|p2|6
|start
|switch|p1a: Azumarill|Azumarill, M, shiny|100/100
|switch|p2a: Iron Treads|Iron Treads|100/100
|-enditem|p2a: Iron Treads|Booster Energy
|-activate|p2a: Iron Treads|ability: Quark Drive|[fromitem]
|-start|p2a: Iron Treads|quarkdrivespe
|turn|1
|
|t:|1779935791
|move|p2a: Iron Treads|Earth Power|p1a: Azumarill
|-damage|p1a: Azumarill|61/100
|move|p1a: Azumarill|Liquidation|p2a: Iron Treads
|-supereffective|p2a: Iron Treads
|-damage|p2a: Iron Treads|0 fnt
|faint|p2a: Iron Treads
|-end|p2a: Iron Treads|Quark Drive|[silent]
|
|upkeep
|
|t:|1779935813
|switch|p2a: Pecharunt|Pecharunt|100/100
|turn|2
|
|t:|1779935821
|switch|p1a: Iron Treads|Iron Treads, shiny|100/100
|-item|p1a: Iron Treads|Air Balloon
|move|p2a: Pecharunt|Malignant Chain|p1a: Iron Treads
|-immune|p1a: Iron Treads
|
|upkeep
|turn|3
|inactive|femotoz has 120 seconds left.
|
|t:|1779935857
|move|p1a: Iron Treads|Stealth Rock|p2a: Pecharunt
|-sidestart|p2: femotoz|move: Stealth Rock
|move|p2a: Pecharunt|Parting Shot|p1a: Iron Treads
|-unboost|p1a: Iron Treads|atk|1
|-unboost|p1a: Iron Treads|spa|1
|
|t:|1779935859
|switch|p2a: Garchomp|Garchomp, F|100/100|[from] Parting Shot
|-damage|p2a: Garchomp|94/100|[from] Stealth Rock
|
|upkeep
|turn|4
|
|t:|1779935862
|move|p1a: Iron Treads|Ice Spinner|p2a: Garchomp
|-supereffective|p2a: Garchomp
|-damage|p2a: Garchomp|40/100
|-damage|p1a: Iron Treads|88/100|[from] ability: Rough Skin|[of] p2a: Garchomp
|move|p2a: Garchomp|Fire Fang|p1a: Iron Treads
|-supereffective|p1a: Iron Treads
|-damage|p1a: Iron Treads|45/100
|-status|p1a: Iron Treads|brn
|-enditem|p1a: Iron Treads|Air Balloon
|-damage|p2a: Garchomp|30/100|[from] item: Life Orb
|
|-damage|p1a: Iron Treads|39/100 brn|[from] brn
|upkeep
|turn|5
|inactive|femotoz has 120 seconds left.
|
|t:|1779935907
|move|p1a: Iron Treads|Ice Spinner|p2a: Garchomp
|-supereffective|p2a: Garchomp
|-damage|p2a: Garchomp|4/100
|-damage|p1a: Iron Treads|27/100 brn|[from] ability: Rough Skin|[of] p2a: Garchomp
|move|p2a: Garchomp|Fire Fang|p1a: Iron Treads
|-supereffective|p1a: Iron Treads
|-damage|p1a: Iron Treads|0 fnt
|faint|p1a: Iron Treads
|-end|p1a: Iron Treads|Quark Drive|[silent]
|-damage|p2a: Garchomp|0 fnt|[from] item: Life Orb
|faint|p2a: Garchomp
|
|upkeep
|inactive|femotoz has 90 seconds left.
|inactive|Chadmcpoon has 120 seconds left.
|inactive|femotoz has 60 seconds left.
|inactive|femotoz has 30 seconds left.
|inactive|femotoz has 20 seconds left.
|
|t:|1779935995
|switch|p1a: Meowscarada|Meowscarada, M|100/100
|switch|p2a: Zamazenta|Zamazenta|100/100
|-damage|p2a: Zamazenta|94/100|[from] Stealth Rock
|-ability|p2a: Zamazenta|Dauntless Shield|boost
|-boost|p2a: Zamazenta|def|1
|turn|6
|inactive|femotoz has 30 seconds left this turn.
|inactive|Chadmcpoon has 120 seconds left.
|
|t:|1779936003
|switch|p2a: Enamorus|Enamorus, F|100/100
|-damage|p2a: Enamorus|76/100|[from] Stealth Rock
|move|p1a: Meowscarada|U-turn|p2a: Enamorus
|-start|p1a: Meowscarada|typechange|Bug|[from] ability: Protean
|-resisted|p2a: Enamorus
|-damage|p2a: Enamorus|61/100
|inactive|Chadmcpoon has 120 seconds left.
|
|t:|1779936029
|switch|p1a: Hoopa|Hoopa-Unbound|100/100|[from] U-turn
|
|upkeep
|turn|7
|
|t:|1779936037
|move|p2a: Enamorus|Moonblast|p1a: Hoopa
|-supereffective|p1a: Hoopa
|-damage|p1a: Hoopa|43/100
|move|p1a: Hoopa|Psychic|p2a: Enamorus
|-damage|p2a: Enamorus|0 fnt
|faint|p2a: Enamorus
|
|upkeep
|
|t:|1779936043
|switch|p2a: Zamazenta|Zamazenta|94/100
|-damage|p2a: Zamazenta|88/100|[from] Stealth Rock
|turn|8
|
|t:|1779936048
|switch|p1a: Pecharunt|Pecharunt|100/100
|move|p2a: Zamazenta|Substitute|p2a: Zamazenta
|-start|p2a: Zamazenta|Substitute
|-damage|p2a: Zamazenta|63/100
|
|-heal|p2a: Zamazenta|69/100|[from] item: Leftovers
|upkeep
|turn|9
|
|t:|1779936062
|-terastallize|p2a: Zamazenta|Steel
|move|p2a: Zamazenta|Iron Defense|p2a: Zamazenta
|-boost|p2a: Zamazenta|def|2
|move|p1a: Pecharunt|Shadow Ball|p2a: Zamazenta
|-activate|p2a: Zamazenta|move: Substitute|[damage]
|
|-heal|p2a: Zamazenta|75/100|[from] item: Leftovers
|upkeep
|turn|10
|
|t:|1779936069
|move|p2a: Zamazenta|Crunch|p1a: Pecharunt
|-supereffective|p1a: Pecharunt
|-crit|p1a: Pecharunt
|-damage|p1a: Pecharunt|71/100
|-damage|p2a: Zamazenta|59/100|[from] item: Rocky Helmet|[of] p1a: Pecharunt
|move|p1a: Pecharunt|Shadow Ball|p2a: Zamazenta
|-end|p2a: Zamazenta|Substitute
|
|-heal|p2a: Zamazenta|65/100|[from] item: Leftovers
|upkeep
|turn|11
|
|t:|1779936077
|-terastallize|p1a: Pecharunt|Ghost
|move|p2a: Zamazenta|Substitute|p2a: Zamazenta
|-start|p2a: Zamazenta|Substitute
|-damage|p2a: Zamazenta|40/100
|move|p1a: Pecharunt|Shadow Ball|p2a: Zamazenta
|-end|p2a: Zamazenta|Substitute
|
|-heal|p2a: Zamazenta|47/100|[from] item: Leftovers
|upkeep
|turn|12
|
|t:|1779936079
|switch|p2a: Kingambit|Kingambit, F|100/100
|-damage|p2a: Kingambit|94/100|[from] Stealth Rock
|-activate|p2a: Kingambit|ability: Supreme Overlord
|-start|p2a: Kingambit|fallen3|[silent]
|move|p1a: Pecharunt|Shadow Ball|p2a: Kingambit
|-resisted|p2a: Kingambit
|-damage|p2a: Kingambit|77/100
|
|-heal|p2a: Kingambit|83/100|[from] item: Leftovers
|upkeep
|turn|13
|
|t:|1779936085
|switch|p1a: Zamazenta|Zamazenta|100/100
|-ability|p1a: Zamazenta|Dauntless Shield|boost
|-boost|p1a: Zamazenta|def|1
|move|p2a: Kingambit|Kowtow Cleave|p1a: Zamazenta
|-resisted|p1a: Zamazenta
|-damage|p1a: Zamazenta|83/100
|
|-heal|p1a: Zamazenta|90/100|[from] item: Leftovers
|-heal|p2a: Kingambit|89/100|[from] item: Leftovers
|upkeep
|turn|14
|
|t:|1779936092
|switch|p1a: Hoopa|Hoopa-Unbound|43/100
|-end|p2a: Kingambit|fallen3|[silent]
|switch|p2a: Pecharunt|Pecharunt|100/100
|
|upkeep
|turn|15
|inactive|femotoz has 90 seconds left.
|inactive|femotoz has 60 seconds left.
|
|t:|1779936156
|move|p2a: Pecharunt|Destiny Bond|p2a: Pecharunt
|-singlemove|p2a: Pecharunt|Destiny Bond
|move|p1a: Hoopa|Drain Punch|p2a: Pecharunt
|-immune|p2a: Pecharunt
|
|upkeep
|turn|16
|
|t:|1779936162
|move|p2a: Pecharunt|Malignant Chain|p1a: Hoopa
|-damage|p1a: Hoopa|26/100
|-status|p1a: Hoopa|tox
|-start|p1a: Hoopa|confusion|[from] ability: Poison Puppeteer|[of] p2a: Pecharunt
|-activate|p1a: Hoopa|confusion
|-damage|p1a: Hoopa|0 fnt|[from] confusion
|faint|p1a: Hoopa
|
|upkeep
|
|t:|1779936177
|switch|p1a: Meowscarada|Meowscarada, M|100/100
|turn|17
|
|t:|1779936181
|move|p1a: Meowscarada|Knock Off|p2a: Pecharunt
|-start|p1a: Meowscarada|typechange|Dark|[from] ability: Protean
|-supereffective|p2a: Pecharunt
|-damage|p2a: Pecharunt|56/100
|-enditem|p2a: Pecharunt|Heavy-Duty Boots|[from] move: Knock Off|[of] p1a: Meowscarada
|move|p2a: Pecharunt|Parting Shot|p1a: Meowscarada
|-unboost|p1a: Meowscarada|atk|1
|-unboost|p1a: Meowscarada|spa|1
|
|t:|1779936186
|switch|p2a: Kingambit|Kingambit, F|89/100|[from] Parting Shot
|-damage|p2a: Kingambit|83/100|[from] Stealth Rock
|-activate|p2a: Kingambit|ability: Supreme Overlord
|-start|p2a: Kingambit|fallen3|[silent]
|
|-heal|p2a: Kingambit|89/100|[from] item: Leftovers
|upkeep
|turn|18
|
|t:|1779936192
|switch|p1a: Zamazenta|Zamazenta|90/100
|move|p2a: Kingambit|Iron Head|p1a: Zamazenta
|-damage|p1a: Zamazenta|47/100
|
|-heal|p1a: Zamazenta|53/100|[from] item: Leftovers
|-heal|p2a: Kingambit|95/100|[from] item: Leftovers
|upkeep
|turn|19
|inactive|femotoz has 60 seconds left.
|inactive|femotoz has 30 seconds left.
|
|t:|1779936248
|-end|p2a: Kingambit|fallen3|[silent]
|switch|p2a: Pecharunt|Pecharunt|56/100
|-damage|p2a: Pecharunt|44/100|[from] Stealth Rock
|move|p1a: Zamazenta|Body Press|p2a: Pecharunt
|-immune|p2a: Pecharunt
|
|-heal|p1a: Zamazenta|59/100|[from] item: Leftovers
|upkeep
|turn|20
|
|t:|1779936251
|switch|p1a: Pecharunt|Pecharunt, tera:Ghost|71/100
|move|p2a: Pecharunt|Recover|p2a: Pecharunt
|-heal|p2a: Pecharunt|94/100
|
|upkeep
|turn|21
|
|t:|1779936255
|move|p2a: Pecharunt|Malignant Chain|p1a: Pecharunt
|-resisted|p1a: Pecharunt
|-damage|p1a: Pecharunt|56/100
|-status|p1a: Pecharunt|tox
|-start|p1a: Pecharunt|confusion|[from] ability: Poison Puppeteer|[of] p2a: Pecharunt
|-activate|p1a: Pecharunt|confusion
|move|p1a: Pecharunt|Shadow Ball|p2a: Pecharunt
|-supereffective|p2a: Pecharunt
|-damage|p2a: Pecharunt|27/100
|
|-damage|p1a: Pecharunt|50/100 tox|[from] psn
|upkeep
|turn|22
|
|t:|1779936261
|switch|p2a: Kingambit|Kingambit, F|95/100
|-damage|p2a: Kingambit|89/100|[from] Stealth Rock
|-activate|p2a: Kingambit|ability: Supreme Overlord
|-start|p2a: Kingambit|fallen3|[silent]
|-end|p1a: Pecharunt|confusion
|move|p1a: Pecharunt|Shadow Ball|p2a: Kingambit
|-resisted|p2a: Kingambit
|-damage|p2a: Kingambit|71/100
|
|-heal|p2a: Kingambit|77/100|[from] item: Leftovers
|-damage|p1a: Pecharunt|37/100 tox|[from] psn
|upkeep
|turn|23
|
|t:|1779936265
|switch|p1a: Azumarill|Azumarill, M, shiny|61/100
|move|p2a: Kingambit|Iron Head|p1a: Azumarill
|-damage|p1a: Azumarill|0 fnt
|faint|p1a: Azumarill
|
|-heal|p2a: Kingambit|83/100|[from] item: Leftovers
|upkeep
|
|t:|1779936267
|switch|p1a: Zamazenta|Zamazenta|59/100
|turn|24
|
|t:|1779936272
|-end|p2a: Kingambit|fallen3|[silent]
|switch|p2a: Pecharunt|Pecharunt|27/100
|-damage|p2a: Pecharunt|15/100|[from] Stealth Rock
|move|p1a: Zamazenta|Body Press|p2a: Pecharunt
|-immune|p2a: Pecharunt
|
|-heal|p1a: Zamazenta|66/100|[from] item: Leftovers
|upkeep
|turn|25
|
|t:|1779936276
|move|p1a: Zamazenta|Crunch|p2a: Pecharunt
|-supereffective|p2a: Pecharunt
|-damage|p2a: Pecharunt|0 fnt
|faint|p2a: Pecharunt
|
|-heal|p1a: Zamazenta|72/100|[from] item: Leftovers
|upkeep
|
|t:|1779936277
|switch|p2a: Zamazenta|Zamazenta, tera:Steel|47/100
|-damage|p2a: Zamazenta|40/100|[from] Stealth Rock
|turn|26
|
|t:|1779936283
|move|p1a: Zamazenta|Body Press|p2a: Zamazenta
|-supereffective|p2a: Zamazenta
|-damage|p2a: Zamazenta|0 fnt
|faint|p2a: Zamazenta
|
|-heal|p1a: Zamazenta|78/100|[from] item: Leftovers
|upkeep
|
|t:|1779936285
|switch|p2a: Kingambit|Kingambit, F|83/100
|-damage|p2a: Kingambit|77/100|[from] Stealth Rock
|-activate|p2a: Kingambit|ability: Supreme Overlord
|-start|p2a: Kingambit|fallen5|[silent]
|turn|27
|
|t:|1779936288
|move|p1a: Zamazenta|Body Press|p2a: Kingambit
|-supereffective|p2a: Kingambit
|-damage|p2a: Kingambit|0 fnt
|faint|p2a: Kingambit
|-end|p2a: Kingambit|fallen5|[silent]
|
|win|Chadmcpoon
|raw|Chadmcpoon's rating: 1512 &rarr; <strong>1531</strong><br />(+19 for winning)
|raw|femotoz's rating: 1502 &rarr; <strong>1483</strong><br />(-19 for losing)
|l|☆femotoz
|player|p2|
|l|☆Chadmcpoon
|player|p1|
