|j|☆tankyteamwins
|j|☆DemonicPath
|t:|1779944577
|gametype|singles
|player|p1|tankyteamwins|blue|1088
|player|p2|DemonicPath|steven|1096
|gen|9
|tier|[Gen 9] OU
|rated|
|rule|HP Percentage Mod: HP is shown in percentages
|rule|Endless Battle Clause: Forcing endless battles is banned
|rule|Species Clause: Limit one of each Pokémon
|rule|OHKO Clause: OHKO moves are banned
|rule|Evasion Items Clause: Evasion items are banned
|rule|Evasion Moves Clause: Evasion moves are banned
|rule|Evasion Abilities Clause: Evasion abilities are banned
|rule|Sleep Moves Clause: Sleep-inducing moves are banned
|clearpoke
|poke|p1|Tropius, M|
|poke|p1|Garganacl, F|
|poke|p1|Clefable, F|
|poke|p1|Arcanine-Hisui, M|
|poke|p1|Breloom, M|
|poke|p1|Rotom-Wash|
|poke|p2|Dragonite, F|
|poke|p2|Gholdengo|
|poke|p2|Iron Treads|
|poke|p2|Quaquaval, M|
|poke|p2|Slowking-Galar, F|
|poke|p2|Ting-Lu|
|teampreview
|inactive|Battle timer is ON: inactive players will automatically lose when time's up. (requested by tankyteamwins)
|
|t:|1779944585
|teamsize|p1|6
|teamsize|p2|6
|start
|switch|p1a: Saltz Taker|Garganacl, F|100/100
|switch|p2a: Quaquaval|Quaquaval, M|100/100
|turn|1
|inactive|tankyteamwins has 120 seconds left.
|inactive|tankyteamwins has 90 seconds left.
|inactive|tankyteamwins has 60 seconds left.
|
|t:|1779944675
|move|p2a: Quaquaval|Close Combat|p1a: Saltz Taker
|-supereffective|p1a: Saltz Taker
|-damage|p1a: Saltz Taker|7/100
|-unboost|p2a: Quaquaval|def|1
|-unboost|p2a: Quaquaval|spd|1
|move|p1a: Saltz Taker|Salt Cure|p2a: Quaquaval
|-resisted|p2a: Quaquaval
|-damage|p2a: Quaquaval|87/100
|-start|p2a: Quaquaval|Salt Cure
|
|-heal|p1a: Saltz Taker|13/100|[from] item: Leftovers
|-damage|p2a: Quaquaval|62/100|[from] Salt Cure
|upkeep
|turn|2
|inactive|tankyteamwins has 60 seconds left.
|
|t:|1779944688
|switch|p2a: Iron Treads|Iron Treads|100/100
|move|p1a: Saltz Taker|Protect||[still]
|-fail|p1a: Saltz Taker
|
|-heal|p1a: Saltz Taker|19/100|[from] item: Leftovers
|upkeep
|turn|3
|inactive|tankyteamwins has 60 seconds left.
|
|t:|1779944699
|switch|p1a: Wishy Washy|Rotom-Wash|100/100
|move|p2a: Iron Treads|Earthquake|p1a: Wishy Washy
|-immune|p1a: Wishy Washy|[from] ability: Levitate
|
|upkeep
|turn|4
|
|t:|1779944706
|move|p2a: Iron Treads|Stealth Rock|p1a: Wishy Washy
|-sidestart|p1: tankyteamwins|move: Stealth Rock
|move|p1a: Wishy Washy|Will-O-Wisp|p2a: Iron Treads
|-status|p2a: Iron Treads|brn
|
|-damage|p2a: Iron Treads|94/100 brn|[from] brn
|upkeep
|turn|5
|
|t:|1779944715
|move|p2a: Iron Treads|Knock Off|p1a: Wishy Washy
|-damage|p1a: Wishy Washy|85/100
|-enditem|p1a: Wishy Washy|Leftovers|[from] move: Knock Off|[of] p2a: Iron Treads
|move|p1a: Wishy Washy|Hydro Pump|p2a: Iron Treads
|-supereffective|p2a: Iron Treads
|-damage|p2a: Iron Treads|0 fnt
|faint|p2a: Iron Treads
|-end|p2a: Iron Treads|Quark Drive|[silent]
|
|upkeep
|
|t:|1779944723
|switch|p2a: Gholdengo|Gholdengo|100/100
|turn|6
|
|t:|1779944738
|move|p2a: Gholdengo|Shadow Ball|p1a: Wishy Washy
|-damage|p1a: Wishy Washy|49/100
|move|p1a: Wishy Washy|Hydro Pump|p2a: Gholdengo|[miss]
|-miss|p1a: Wishy Washy|p2a: Gholdengo
|
|upkeep
|turn|7
|
|t:|1779944745
|move|p2a: Gholdengo|Shadow Ball|p1a: Wishy Washy
|-damage|p1a: Wishy Washy|14/100
|move|p1a: Wishy Washy|Confuse Ray|p2a: Gholdengo
|-immune|p2a: Gholdengo|[from] ability: Good as Gold
|
|upkeep
|turn|8
|
|t:|1779944754
|move|p2a: Gholdengo|Shadow Ball|p1a: Wishy Washy
|-damage|p1a: Wishy Washy|0 fnt
|faint|p1a: Wishy Washy
|
|upkeep
|
|t:|1779944761
|switch|p1a: Saltz Taker|Garganacl, F|19/100
|-damage|p1a: Saltz Taker|7/100|[from] Stealth Rock
|turn|9
|inactive|tankyteamwins has 90 seconds left.
|
|t:|1779944766
|move|p1a: Saltz Taker|Protect|p1a: Saltz Taker
|-singleturn|p1a: Saltz Taker|Protect
|move|p2a: Gholdengo|Shadow Ball|p1a: Saltz Taker
|-activate|p1a: Saltz Taker|move: Protect
|
|-heal|p1a: Saltz Taker|13/100|[from] item: Leftovers
|upkeep
|turn|10
|
|t:|1779944774
|move|p2a: Gholdengo|Shadow Ball|p1a: Saltz Taker
|-damage|p1a: Saltz Taker|0 fnt
|faint|p1a: Saltz Taker
|
|upkeep
|
|t:|1779944780
|switch|p1a: Toby|Arcanine-Hisui, M|100/100
|-damage|p1a: Toby|76/100|[from] Stealth Rock
|turn|11
|
|t:|1779944789
|switch|p2a: Quaquaval|Quaquaval, M|62/100
|move|p1a: Toby|Flame Charge|p2a: Quaquaval
|-resisted|p2a: Quaquaval
|-damage|p2a: Quaquaval|46/100
|-boost|p1a: Toby|spe|1
|
|upkeep
|turn|12
|
|t:|1779944797
|move|p2a: Quaquaval|Aqua Jet|p1a: Toby
|-supereffective|p1a: Toby
|-crit|p1a: Toby
|-damage|p1a: Toby|0 fnt
|faint|p1a: Toby
|-ability|p2a: Quaquaval|Moxie|boost
|-boost|p2a: Quaquaval|atk|1
|
|upkeep
|
|t:|1779944805
|switch|p1a: Luigi|Breloom, M|100/100
|-damage|p1a: Luigi|94/100|[from] Stealth Rock
|turn|13
|
|t:|1779944810
|switch|p2a: Gholdengo|Gholdengo|100/100
|move|p1a: Luigi|Bullet Seed|p2a: Gholdengo
|-resisted|p2a: Gholdengo
|-damage|p2a: Gholdengo|90/100
|-resisted|p2a: Gholdengo
|-damage|p2a: Gholdengo|80/100
|-resisted|p2a: Gholdengo
|-damage|p2a: Gholdengo|69/100
|-resisted|p2a: Gholdengo
|-damage|p2a: Gholdengo|58/100
|-hitcount|p2a: Gholdengo|4
|
|upkeep
|turn|14
|inactive|tankyteamwins has 120 seconds left.
|
|t:|1779944821
|move|p2a: Gholdengo|Shadow Ball|p1a: Luigi
|-damage|p1a: Luigi|17/100
|-unboost|p1a: Luigi|spd|1
|move|p1a: Luigi|Swords Dance|p1a: Luigi
|-boost|p1a: Luigi|atk|2
|
|upkeep
|turn|15
|inactive|tankyteamwins has 120 seconds left.
|
|t:|1779944830
|move|p2a: Gholdengo|Shadow Ball|p1a: Luigi
|-damage|p1a: Luigi|0 fnt
|faint|p1a: Luigi
|
|upkeep
|inactive|tankyteamwins has 120 seconds left.
|
|t:|1779944836
|switch|p1a: Nanner Beard|Tropius, M, shiny|100/100
|-damage|p1a: Nanner Beard|75/100|[from] Stealth Rock
|turn|16
|
|t:|1779944841
|-terastallize|p1a: Nanner Beard|Ghost
|move|p2a: Gholdengo|Shadow Ball|p1a: Nanner Beard
|-supereffective|p1a: Nanner Beard
|-damage|p1a: Nanner Beard|23/100
|-enditem|p1a: Nanner Beard|Sitrus Berry|[eat]
|-heal|p1a: Nanner Beard|48/100|[from] item: Sitrus Berry
|move|p1a: Nanner Beard|Curse|p2a: Gholdengo
|-immune|p2a: Gholdengo|[from] ability: Good as Gold
|
|-item|p1a: Nanner Beard|Sitrus Berry|[from] ability: Harvest
|upkeep
|-enditem|p1a: Nanner Beard|Sitrus Berry|[eat]
|-heal|p1a: Nanner Beard|73/100|[from] item: Sitrus Berry
|turn|17
|inactive|tankyteamwins has 120 seconds left.
|-message|tankyteamwins forfeited.
|
|win|DemonicPath
|raw|tankyteamwins's rating: 1088 &rarr; <strong>1065</strong><br />(-23 for losing)
|raw|DemonicPath's rating: 1096 &rarr; <strong>1121</strong><br />(+25 for winning)
|l|☆tankyteamwins
|player|p1|
|l|☆DemonicPath
|player|p2|
