|j|☆elementpigeon
|j|☆kopv18
|t:|1779909047
|gametype|singles
|player|p1|elementpigeon|lady|1477
|player|p2|kopv18|bugcatcher-gen4dp|1428
|gen|9
|tier|[Gen 9] OU
|rated|
|rule|HP Percentage Mod: HP is shown in percentages
|rule|Endless Battle Clause: Forcing endless battles is banned
|rule|Species Clause: Limit one of each Pokémon
|rule|OHKO Clause: OHKO moves are banned
|rule|Evasion Items Clause: Evasion items are banned
|rule|Evasion Moves Clause: Evasion moves are banned
|rule|Evasion Abilities Clause: Evasion abilities are banned
|rule|Sleep Moves Clause: Sleep-inducing moves are banned
|clearpoke
|poke|p1|Great Tusk|
|poke|p1|Gholdengo|
|poke|p1|Slowking-Galar, F|
|poke|p1|Iron Valiant|
|poke|p1|Dragonite, M|
|poke|p1|Kingambit, F|
|poke|p2|Rabsca, F|
|poke|p2|Walking Wake|
|poke|p2|Torkoal, F|
|poke|p2|Great Tusk|
|poke|p2|Cresselia, F|
|poke|p2|Zarude|
|teampreview
|
|t:|1779909055
|teamsize|p1|6
|teamsize|p2|6
|start
|switch|p1a: Great Tusk|Great Tusk|100/100
|switch|p2a: Torkoal|Torkoal, F|100/100
|-weather|SunnyDay|[from] ability: Drought|[of] p2a: Torkoal
|-activate|p1a: Great Tusk|ability: Protosynthesis
|-start|p1a: Great Tusk|protosynthesisdef
|turn|1
|inactive|Battle timer is ON: inactive players will automatically lose when time's up. (requested by elementpigeon)
|
|t:|1779909062
|move|p1a: Great Tusk|Stealth Rock|p2a: Torkoal
|-sidestart|p2: kopv18|move: Stealth Rock
|move|p2a: Torkoal|Eruption|p1a: Great Tusk
|-damage|p1a: Great Tusk|0 fnt
|faint|p1a: Great Tusk
|-end|p1a: Great Tusk|Protosynthesis|[silent]
|
|-weather|SunnyDay|[upkeep]
|upkeep
|
|t:|1779909066
|switch|p1a: Slowking|Slowking-Galar, F|100/100
|turn|2
|
|t:|1779909069
|move|p1a: Slowking|Fire Blast|p2a: Torkoal|[miss]
|-miss|p1a: Slowking|p2a: Torkoal
|move|p2a: Torkoal|Eruption|p1a: Slowking
|-damage|p1a: Slowking|62/100
|
|-weather|SunnyDay|[upkeep]
|upkeep
|turn|3
|
|t:|1779909081
|switch|p2a: Cresselia|Cresselia, F|100/100
|-damage|p2a: Cresselia|88/100|[from] Stealth Rock
|move|p1a: Slowking|Sludge Bomb|p2a: Cresselia
|-damage|p2a: Cresselia|73/100
|-status|p2a: Cresselia|psn
|
|-weather|SunnyDay|[upkeep]
|-heal|p2a: Cresselia|79/100 psn|[from] item: Leftovers
|-damage|p2a: Cresselia|66/100 psn|[from] psn
|upkeep
|turn|4
|
|t:|1779909086
|switch|p1a: Iron Valiant|Iron Valiant|100/100
|-enditem|p1a: Iron Valiant|Booster Energy
|-activate|p1a: Iron Valiant|ability: Quark Drive|[fromitem]
|-start|p1a: Iron Valiant|quarkdrivespe
|move|p2a: Cresselia|Trick Room|p2a: Cresselia
|-fieldstart|move: Trick Room|[of] p2a: Cresselia
|
|-weather|SunnyDay|[upkeep]
|-heal|p2a: Cresselia|72/100 psn|[from] item: Leftovers
|-damage|p2a: Cresselia|60/100 psn|[from] psn
|upkeep
|turn|5
|
|t:|1779909106
|move|p2a: Cresselia|Moonblast|p1a: Iron Valiant
|-supereffective|p1a: Iron Valiant
|-damage|p1a: Iron Valiant|39/100
|-unboost|p1a: Iron Valiant|spa|1
|move|p1a: Iron Valiant|Encore|p2a: Cresselia
|-start|p2a: Cresselia|Encore
|
|-weather|SunnyDay|[upkeep]
|-heal|p2a: Cresselia|66/100 psn|[from] item: Leftovers
|-damage|p2a: Cresselia|54/100 psn|[from] psn
|upkeep
|turn|6
|
|t:|1779909114
|switch|p2a: Rabsca|Rabsca, F|100/100
|-damage|p2a: Rabsca|76/100|[from] Stealth Rock
|-end|p1a: Iron Valiant|Quark Drive|[silent]
|switch|p1a: Slowking|Slowking-Galar, F|95/100
|
|-weather|SunnyDay|[upkeep]
|upkeep
|turn|7
|
|t:|1779909127
|-terastallize|p2a: Rabsca|Fire
|move|p2a: Rabsca|Weather Ball|p1a: Slowking
|-damage|p1a: Slowking|67/100
|move|p1a: Slowking|Fire Blast|p2a: Rabsca
|-resisted|p2a: Rabsca
|-damage|p2a: Rabsca|54/100
|
|-weather|SunnyDay|[upkeep]
|upkeep
|turn|8
|
|t:|1779909141
|move|p2a: Rabsca|Psyshock|p1a: Slowking
|-damage|p1a: Slowking|25/100
|move|p1a: Slowking|Future Sight|p2a: Rabsca
|-start|p1a: Slowking|move: Future Sight
|
|-weather|none
|-fieldend|move: Trick Room
|upkeep
|turn|9
|
|t:|1779909154
|switch|p1a: Kingambit|Kingambit, F|100/100
|-activate|p1a: Kingambit|ability: Supreme Overlord
|-start|p1a: Kingambit|fallen1|[silent]
|move|p2a: Rabsca|Psyshock|p1a: Kingambit
|-immune|p1a: Kingambit
|
|upkeep
|turn|10
|
|t:|1779909162
|-end|p1a: Kingambit|fallen1|[silent]
|switch|p1a: Iron Valiant|Iron Valiant|39/100
|switch|p2a: Zarude|Zarude|100/100
|-damage|p2a: Zarude|88/100|[from] Stealth Rock
|
|-end|p2a: Zarude|move: Future Sight
|-immune|p2a: Zarude
|-heal|p2a: Zarude|94/100|[from] item: Leftovers
|upkeep
|turn|11
|
|t:|1779909167
|move|p1a: Iron Valiant|Moonblast|p2a: Zarude
|-supereffective|p2a: Zarude
|-damage|p2a: Zarude|7/100
|-unboost|p2a: Zarude|spa|1
|move|p2a: Zarude|Power Whip|p1a: Iron Valiant
|-damage|p1a: Iron Valiant|0 fnt
|faint|p1a: Iron Valiant
|-end|p1a: Iron Valiant|Quark Drive|[silent]
|
|-heal|p2a: Zarude|13/100|[from] item: Leftovers
|upkeep
|
|t:|1779909172
|switch|p1a: Dragonite|Dragonite, M|100/100
|turn|12
|
|t:|1779909176
|move|p2a: Zarude|Knock Off|p1a: Dragonite
|-damage|p1a: Dragonite|82/100
|-enditem|p1a: Dragonite|Covert Cloak|[from] move: Knock Off|[of] p2a: Zarude
|move|p1a: Dragonite|Dragon Dance|p1a: Dragonite
|-boost|p1a: Dragonite|atk|1
|-boost|p1a: Dragonite|spe|1
|
|-heal|p2a: Zarude|19/100|[from] item: Leftovers
|upkeep
|turn|13
|
|t:|1779909181
|move|p1a: Dragonite|Dragon Dance|p1a: Dragonite
|-boost|p1a: Dragonite|atk|1
|-boost|p1a: Dragonite|spe|1
|move|p2a: Zarude|Knock Off|p1a: Dragonite
|-damage|p1a: Dragonite|58/100
|
|-heal|p2a: Zarude|25/100|[from] item: Leftovers
|upkeep
|turn|14
|
|t:|1779909186
|move|p1a: Dragonite|Roost|p1a: Dragonite
|-heal|p1a: Dragonite|100/100
|-singleturn|p1a: Dragonite|move: Roost
|move|p2a: Zarude|Knock Off|p1a: Dragonite
|-damage|p1a: Dragonite|87/100
|
|-heal|p2a: Zarude|31/100|[from] item: Leftovers
|upkeep
|turn|15
|
|t:|1779909192
|switch|p2a: Great Tusk|Great Tusk|100/100
|-damage|p2a: Great Tusk|98/100|[from] Stealth Rock
|move|p1a: Dragonite|Dragon Dance|p1a: Dragonite
|-boost|p1a: Dragonite|atk|1
|-boost|p1a: Dragonite|spe|1
|
|-heal|p2a: Great Tusk|100/100|[from] item: Leftovers
|upkeep
|turn|16
|
|t:|1779909195
|move|p1a: Dragonite|Ice Spinner|p2a: Great Tusk
|-supereffective|p2a: Great Tusk
|-damage|p2a: Great Tusk|17/100
|move|p2a: Great Tusk|Ice Spinner|p1a: Dragonite
|-supereffective|p1a: Dragonite
|-damage|p1a: Dragonite|3/100
|
|-heal|p2a: Great Tusk|23/100|[from] item: Leftovers
|upkeep
|turn|17
|
|t:|1779909202
|move|p1a: Dragonite|Ice Spinner|p2a: Great Tusk
|-supereffective|p2a: Great Tusk
|-damage|p2a: Great Tusk|0 fnt
|faint|p2a: Great Tusk
|-end|p2a: Great Tusk|Protosynthesis|[silent]
|
|upkeep
|-message|kopv18 forfeited.
|
|win|elementpigeon
|raw|elementpigeon's rating: 1477 &rarr; <strong>1494</strong><br />(+17 for winning)
|raw|kopv18's rating: 1428 &rarr; <strong>1411</strong><br />(-17 for losing)
|l|☆kopv18
|player|p2|
