|j|☆Ivan_2oo8
|j|☆JuriTheHuman
|t:|1779814711
|gametype|singles
|player|p1|Ivan_2oo8|ethan|1054
|player|p2|JuriTheHuman|lusamine-nihilego|1094
|gen|9
|tier|[Gen 9] OU
|rated|
|rule|HP Percentage Mod: HP is shown in percentages
|rule|Endless Battle Clause: Forcing endless battles is banned
|rule|Species Clause: Limit one of each Pokémon
|rule|OHKO Clause: OHKO moves are banned
|rule|Evasion Items Clause: Evasion items are banned
|rule|Evasion Moves Clause: Evasion moves are banned
|rule|Evasion Abilities Clause: Evasion abilities are banned
|rule|Sleep Moves Clause: Sleep-inducing moves are banned
|clearpoke
|poke|p1|Gyarados, M|
|poke|p1|Ceruledge, M|
|poke|p1|Ampharos, F|
|poke|p1|Lucario, M|
|poke|p1|Garchomp, M|
|poke|p1|Corviknight, M|
|poke|p2|Flygon, F|
|poke|p2|Minior-Indigo|
|poke|p2|Hydreigon, F|
|poke|p2|Skarmory, F|
|poke|p2|Frosmoth, M|
|poke|p2|Reuniclus, M|
|teampreview
|inactive|Battle timer is ON: inactive players will automatically lose when time's up. (requested by JuriTheHuman)
|
|t:|1779814717
|teamsize|p1|6
|teamsize|p2|6
|start
|switch|p1a: Garchomp|Garchomp, M|100/100
|switch|p2a: Flygon|Flygon, F|100/100
|turn|1
|
|t:|1779814725
|move|p2a: Flygon|Dragon Dance|p2a: Flygon
|-boost|p2a: Flygon|atk|1
|-boost|p2a: Flygon|spe|1
|move|p1a: Garchomp|Stealth Rock|p2a: Flygon
|-sidestart|p2: JuriTheHuman|move: Stealth Rock
|
|upkeep
|turn|2
|
|t:|1779814731
|move|p2a: Flygon|Outrage|p1a: Garchomp
|-supereffective|p1a: Garchomp
|-damage|p1a: Garchomp|0 fnt
|-damage|p2a: Flygon|88/100|[from] ability: Rough Skin|[of] p1a: Garchomp
|-damage|p2a: Flygon|72/100|[from] item: Rocky Helmet|[of] p1a: Garchomp
|faint|p1a: Garchomp
|
|upkeep
|
|t:|1779814751
|switch|p1a: Gyarados|Gyarados, M, shiny|100/100
|-ability|p1a: Gyarados|Intimidate|boost
|-unboost|p2a: Flygon|atk|1
|turn|3
|
|t:|1779814760
|move|p2a: Flygon|Outrage|p1a: Gyarados|[from] lockedmove
|-damage|p1a: Gyarados|26/100
|-start|p2a: Flygon|confusion|[fatigue]
|move|p1a: Gyarados|Ice Fang|p2a: Flygon
|-supereffective|p2a: Flygon
|-damage|p2a: Flygon|0 fnt
|faint|p2a: Flygon
|
|upkeep
|
|t:|1779814774
|switch|p2a: Hydreigon|Hydreigon, F|100/100
|-damage|p2a: Hydreigon|88/100|[from] Stealth Rock
|turn|4
|
|t:|1779814781
|move|p2a: Hydreigon|Crunch|p1a: Gyarados
|-damage|p1a: Gyarados|0 fnt
|faint|p1a: Gyarados
|
|upkeep
|
|t:|1779814793
|switch|p1a: Lucario|Lucario, M|100/100
|turn|5
|
|t:|1779814802
|move|p1a: Lucario|Swords Dance|p1a: Lucario
|-boost|p1a: Lucario|atk|2
|move|p2a: Hydreigon|Outrage|p1a: Lucario
|-resisted|p1a: Lucario
|-damage|p1a: Lucario|49/100
|
|upkeep
|turn|6
|
|t:|1779814814
|move|p1a: Lucario|Close Combat|p2a: Hydreigon
|-supereffective|p2a: Hydreigon
|-damage|p2a: Hydreigon|0 fnt
|-unboost|p1a: Lucario|def|1
|-unboost|p1a: Lucario|spd|1
|faint|p2a: Hydreigon
|
|upkeep
|
|t:|1779814827
|switch|p2a: Skarmory|Skarmory, F|100/100
|-damage|p2a: Skarmory|88/100|[from] Stealth Rock
|turn|7
|
|t:|1779814838
|move|p1a: Lucario|Close Combat|p2a: Skarmory
|-damage|p2a: Skarmory|23/100
|-unboost|p1a: Lucario|def|1
|-unboost|p1a: Lucario|spd|1
|move|p2a: Skarmory|Body Press|p1a: Lucario
|-supereffective|p1a: Lucario
|-damage|p1a: Lucario|0 fnt
|faint|p1a: Lucario
|
|-heal|p2a: Skarmory|29/100|[from] item: Leftovers
|upkeep
|
|t:|1779814854
|switch|p1a: Ceruledge|Ceruledge, M|100/100
|turn|8
|
|t:|1779814861
|switch|p2a: Minior|Minior-Indigo, shiny|100/100
|-damage|p2a: Minior|76/100|[from] Stealth Rock
|-formechange|p2a: Minior|Minior-Meteor||[from] ability: Shields Down
|move|p1a: Ceruledge|Swords Dance|p1a: Ceruledge
|-boost|p1a: Ceruledge|atk|2
|
|upkeep
|turn|9
|
|t:|1779814874
|move|p1a: Ceruledge|Shadow Sneak|p2a: Minior
|-damage|p2a: Minior|21/100
|move|p2a: Minior|Stone Edge|p1a: Ceruledge
|-supereffective|p1a: Ceruledge
|-damage|p1a: Ceruledge|10/100
|
|-formechange|p2a: Minior|Minior-Indigo||[from] ability: Shields Down
|upkeep
|turn|10
|
|t:|1779814883
|move|p1a: Ceruledge|Shadow Sneak|p2a: Minior
|-damage|p2a: Minior|0 fnt
|faint|p2a: Minior
|
|upkeep
|
|t:|1779814888
|switch|p2a: Reuniclus|Reuniclus, M|100/100
|turn|11
|
|t:|1779814897
|move|p1a: Ceruledge|Shadow Sneak|p2a: Reuniclus
|-supereffective|p2a: Reuniclus
|-damage|p2a: Reuniclus|14/100
|move|p2a: Reuniclus|Shadow Ball|p1a: Ceruledge
|-supereffective|p1a: Ceruledge
|-damage|p1a: Ceruledge|0 fnt
|faint|p1a: Ceruledge
|
|upkeep
|
|t:|1779814906
|switch|p1a: Corviknight|Corviknight, M|100/100
|-ability|p1a: Corviknight|Pressure
|turn|12
|
|t:|1779814916
|switch|p2a: Skarmory|Skarmory, F|29/100
|-damage|p2a: Skarmory|17/100|[from] Stealth Rock
|move|p1a: Corviknight|Iron Head|p2a: Skarmory
|-resisted|p2a: Skarmory
|-crit|p2a: Skarmory
|-damage|p2a: Skarmory|7/100
|
|-heal|p2a: Skarmory|13/100|[from] item: Leftovers
|upkeep
|turn|13
|
|t:|1779814929
|move|p2a: Skarmory|Body Press|p1a: Corviknight
|-damage|p1a: Corviknight|81/100
|move|p1a: Corviknight|Body Press|p2a: Skarmory
|-damage|p2a: Skarmory|0 fnt
|faint|p2a: Skarmory
|
|-heal|p1a: Corviknight|87/100|[from] item: Leftovers
|upkeep
|
|t:|1779814943
|switch|p2a: Frosmoth|Frosmoth, M|100/100
|turn|14
|inactive|Ivan_2oo8 has 120 seconds left.
|inactive|Ivan_2oo8 has 90 seconds left.
|inactive|Ivan_2oo8 has 60 seconds left.
|
|t:|1779815039
|-terastallize|p2a: Frosmoth|Ice
|move|p2a: Frosmoth|Quiver Dance|p2a: Frosmoth
|-boost|p2a: Frosmoth|spa|1
|-boost|p2a: Frosmoth|spd|1
|-boost|p2a: Frosmoth|spe|1
|move|p1a: Corviknight|Iron Head|p2a: Frosmoth
|-supereffective|p2a: Frosmoth
|-damage|p2a: Frosmoth|8/100
|
|-heal|p1a: Corviknight|94/100|[from] item: Leftovers
|upkeep
|turn|15
|inactive|Ivan_2oo8 has 60 seconds left.
|
|t:|1779815066
|move|p2a: Frosmoth|Ice Beam|p1a: Corviknight
|-damage|p1a: Corviknight|8/100
|move|p1a: Corviknight|Iron Head|p2a: Frosmoth
|-supereffective|p2a: Frosmoth
|-damage|p2a: Frosmoth|0 fnt
|faint|p2a: Frosmoth
|
|-heal|p1a: Corviknight|14/100|[from] item: Leftovers
|upkeep
|
|t:|1779815071
|switch|p2a: Reuniclus|Reuniclus, M|47/100
|turn|16
|inactive|Ivan_2oo8 has 60 seconds left.
|
|t:|1779815077
|move|p1a: Corviknight|Iron Head|p2a: Reuniclus
|-damage|p2a: Reuniclus|22/100
|cant|p2a: Reuniclus|flinch
|
|-heal|p1a: Corviknight|21/100|[from] item: Leftovers
|upkeep
|turn|17
|-message|JuriTheHuman forfeited.
|
|win|Ivan_2oo8
|raw|Ivan_2oo8's rating: 1054 &rarr; <strong>1090</strong><br />(+36 for winning)
|raw|JuriTheHuman's rating: 1094 &rarr; <strong>1067</strong><br />(-27 for losing)
|l|☆JuriTheHuman
|player|p2|
|l|☆Ivan_2oo8
|player|p1|
