|j|☆ck2024
|j|☆Caps15
|t:|1779884960
|gametype|singles
|player|p1|ck2024|clemont|1272
|player|p2|Caps15|brycenman|1196
|gen|9
|tier|[Gen 9] OU
|rated|
|rule|HP Percentage Mod: HP is shown in percentages
|rule|Endless Battle Clause: Forcing endless battles is banned
|rule|Species Clause: Limit one of each Pokémon
|rule|OHKO Clause: OHKO moves are banned
|rule|Evasion Items Clause: Evasion items are banned
|rule|Evasion Moves Clause: Evasion moves are banned
|rule|Evasion Abilities Clause: Evasion abilities are banned
|rule|Sleep Moves Clause: Sleep-inducing moves are banned
|clearpoke
|poke|p1|Iron Moth|
|poke|p1|Gliscor, M|
|poke|p1|Hatterene, F|
|poke|p1|Ogerpon-Wellspring, F|
|poke|p1|Raging Bolt|
|poke|p1|Zamazenta-*|
|poke|p2|Kingambit, F|
|poke|p2|Dragonite, F|
|poke|p2|Iron Valiant|
|poke|p2|Shiftry, F|
|poke|p2|Grimmsnarl, M|
|poke|p2|Polteageist|
|teampreview
|inactive|Battle timer is ON: inactive players will automatically lose when time's up. (requested by Caps15)
|
|t:|1779884983
|teamsize|p1|6
|teamsize|p2|6
|start
|switch|p1a: Iron Moth|Iron Moth|100/100
|switch|p2a: Shiftry|Shiftry, F|100/100
|-enditem|p1a: Iron Moth|Booster Energy
|-activate|p1a: Iron Moth|ability: Quark Drive|[fromitem]
|-start|p1a: Iron Moth|quarkdrivespe
|turn|1
|
|t:|1779884996
|move|p1a: Iron Moth|Fiery Dance|p2a: Shiftry
|-supereffective|p2a: Shiftry
|-enditem|p2a: Shiftry|Focus Sash
|-damage|p2a: Shiftry|1/100
|-boost|p1a: Iron Moth|spa|1
|move|p2a: Shiftry|Tailwind|p2a: Shiftry
|-sidestart|p2: Caps15|move: Tailwind
|-ability|p2a: Shiftry|Wind Rider|boost
|-boost|p2a: Shiftry|atk|1
|
|upkeep
|turn|2
|
|t:|1779885019
|move|p1a: Iron Moth|Fiery Dance|p2a: Shiftry
|-supereffective|p2a: Shiftry
|-damage|p2a: Shiftry|0 fnt
|-boost|p1a: Iron Moth|spa|1
|faint|p2a: Shiftry
|
|upkeep
|
|t:|1779885039
|switch|p2a: FortniteBattlePass|Dragonite, F|100/100
|turn|3
|inactive|ck2024 has 120 seconds left.
|
|t:|1779885067
|move|p1a: Iron Moth|Toxic Spikes|p2a: FortniteBattlePass
|-sidestart|p2: Caps15|move: Toxic Spikes
|move|p2a: FortniteBattlePass|Earthquake|p1a: Iron Moth
|-supereffective|p1a: Iron Moth
|-damage|p1a: Iron Moth|0 fnt
|faint|p1a: Iron Moth
|-end|p1a: Iron Moth|Quark Drive|[silent]
|
|upkeep
|inactive|ck2024 has 120 seconds left.
|
|t:|1779885074
|switch|p1a: Hatterene|Hatterene, F|100/100
|turn|4
|
|t:|1779885077
|move|p2a: FortniteBattlePass|Dragon Dance|p2a: FortniteBattlePass
|-boost|p2a: FortniteBattlePass|atk|1
|-boost|p2a: FortniteBattlePass|spe|1
|move|p1a: Hatterene|Nuzzle|p2a: FortniteBattlePass
|-damage|p2a: FortniteBattlePass|98/100
|-status|p2a: FortniteBattlePass|par
|
|-sideend|p2: Caps15|move: Tailwind
|upkeep
|turn|5
|
|t:|1779885084
|move|p2a: FortniteBattlePass|Dragon Dance|p2a: FortniteBattlePass
|-boost|p2a: FortniteBattlePass|atk|1
|-boost|p2a: FortniteBattlePass|spe|1
|move|p1a: Hatterene|Draining Kiss|p2a: FortniteBattlePass
|-supereffective|p2a: FortniteBattlePass
|-crit|p2a: FortniteBattlePass
|-damage|p2a: FortniteBattlePass|34/100 par
|
|upkeep
|turn|6
|
|t:|1779885111
|-terastallize|p2a: FortniteBattlePass|Normal
|move|p2a: FortniteBattlePass|Extreme Speed|p1a: Hatterene
|-damage|p1a: Hatterene|28/100
|move|p1a: Hatterene|Draining Kiss|p2a: FortniteBattlePass
|-damage|p2a: FortniteBattlePass|11/100 par
|-heal|p1a: Hatterene|47/100|[from] drain|[of] p2a: FortniteBattlePass
|
|-heal|p1a: Hatterene|53/100|[from] item: Leftovers
|upkeep
|turn|7
|
|t:|1779885122
|move|p2a: FortniteBattlePass|Extreme Speed|p1a: Hatterene
|-damage|p1a: Hatterene|0 fnt
|faint|p1a: Hatterene
|
|upkeep
|
|t:|1779885133
|switch|p1a: Zamazenta|Zamazenta|100/100
|-ability|p1a: Zamazenta|Dauntless Shield|boost
|-boost|p1a: Zamazenta|def|1
|turn|8
|
|t:|1779885147
|move|p1a: Zamazenta|Reflect|p1a: Zamazenta
|-sidestart|p1: ck2024|Reflect
|cant|p2a: FortniteBattlePass|par
|
|upkeep
|turn|9
|
|t:|1779885154
|move|p2a: FortniteBattlePass|Extreme Speed|p1a: Zamazenta
|-damage|p1a: Zamazenta|78/100
|move|p1a: Zamazenta|Body Press|p2a: FortniteBattlePass
|-supereffective|p2a: FortniteBattlePass
|-damage|p2a: FortniteBattlePass|0 fnt
|faint|p2a: FortniteBattlePass
|
|upkeep
|-message|Caps15 forfeited.
|
|win|ck2024
|raw|ck2024's rating: 1272 &rarr; <strong>1290</strong><br />(+18 for winning)
|raw|Caps15's rating: 1169 &rarr; <strong>1151</strong><br />(-18 for losing)
|l|☆Caps15
|player|p2|
|l|☆ck2024
|player|p1|
