|j|☆Qbreezy
|j|☆Sluttina
|t:|1779857590
|gametype|singles
|player|p1|Qbreezy|cilan|1376
|player|p2|Sluttina|170|1364
|gen|9
|tier|[Gen 9] OU
|rated|
|rule|HP Percentage Mod: HP is shown in percentages
|rule|Endless Battle Clause: Forcing endless battles is banned
|rule|Species Clause: Limit one of each Pokémon
|rule|OHKO Clause: OHKO moves are banned
|rule|Evasion Items Clause: Evasion items are banned
|rule|Evasion Moves Clause: Evasion moves are banned
|rule|Evasion Abilities Clause: Evasion abilities are banned
|rule|Sleep Moves Clause: Sleep-inducing moves are banned
|clearpoke
|poke|p1|Sinistcha|
|poke|p1|Rotom-Wash|
|poke|p1|Kyurem|
|poke|p1|Iron Valiant|
|poke|p1|Arcanine-Hisui, M|
|poke|p1|Mandibuzz, F|
|poke|p2|Darkrai|
|poke|p2|Raging Bolt|
|poke|p2|Ogerpon-Wellspring, F|
|poke|p2|Great Tusk|
|poke|p2|Slowking-Galar, F|
|poke|p2|Corviknight, F|
|teampreview
|inactive|Battle timer is ON: inactive players will automatically lose when time's up. (requested by Sluttina)
|
|t:|1779857618
|teamsize|p1|6
|teamsize|p2|6
|start
|switch|p1a: FAHHHH|Kyurem|100/100
|switch|p2a: Ogerpon|Ogerpon-Wellspring, F|100/100
|-ability|p1a: FAHHHH|Pressure
|turn|1
|
|t:|1779857631
|-terastallize|p1a: FAHHHH|Ice
|move|p2a: Ogerpon|U-turn|p1a: FAHHHH
|-crit|p1a: FAHHHH
|-damage|p1a: FAHHHH|64/100
|
|t:|1779857637
|switch|p2a: Corviknight|Corviknight, F|100/100|[from] U-turn
|-ability|p2a: Corviknight|Pressure
|move|p1a: FAHHHH|Freeze-Dry|p2a: Corviknight
|-damage|p2a: Corviknight|52/100
|
|upkeep
|turn|2
|
|t:|1779857647
|move|p1a: FAHHHH|Freeze-Dry|p2a: Corviknight
|-crit|p2a: Corviknight
|-damage|p2a: Corviknight|0 fnt
|faint|p2a: Corviknight
|
|upkeep
|
|t:|1779857658
|switch|p2a: Slowking|Slowking-Galar, F|100/100
|turn|3
|
|t:|1779857663
|switch|p1a: I miss you|Arcanine-Hisui, M|100/100
|move|p2a: Slowking|Psychic Noise|p1a: I miss you
|-damage|p1a: I miss you|65/100
|-start|p1a: I miss you|move: Heal Block
|
|upkeep
|turn|4
|
|t:|1779857674
|switch|p2a: Great Tusk|Great Tusk|100/100
|move|p1a: I miss you|Flare Blitz|p2a: Great Tusk
|-damage|p2a: Great Tusk|30/100
|
|-end|p1a: I miss you|move: Heal Block
|upkeep
|turn|5
|
|t:|1779857684
|switch|p1a: Spin Cycle|Rotom-Wash|100/100
|move|p2a: Great Tusk|Stealth Rock|p1a: Spin Cycle
|-sidestart|p1: Qbreezy|move: Stealth Rock
|
|upkeep
|turn|6
|
|t:|1779857691
|-end|p2a: Great Tusk|Protosynthesis|[silent]
|switch|p2a: Ogerpon|Ogerpon-Wellspring, F|100/100
|move|p1a: Spin Cycle|Hydro Pump|p2a: Ogerpon
|-immune|p2a: Ogerpon|[from] ability: Water Absorb
|
|upkeep
|turn|7
|
|t:|1779857700
|move|p2a: Ogerpon|Power Whip|p1a: Spin Cycle
|-supereffective|p1a: Spin Cycle
|-damage|p1a: Spin Cycle|0 fnt
|-damage|p2a: Ogerpon|84/100|[from] item: Rocky Helmet|[of] p1a: Spin Cycle
|faint|p1a: Spin Cycle
|
|upkeep
|
|t:|1779857711
|switch|p1a: No Lefties|Mandibuzz, F|100/100
|turn|8
|
|t:|1779857719
|move|p2a: Ogerpon|U-turn|p1a: No Lefties
|-damage|p1a: No Lefties|84/100
|
|t:|1779857721
|switch|p2a: Raging Bolt|Raging Bolt|100/100|[from] U-turn
|move|p1a: No Lefties|Defog|p2a: Raging Bolt
|-unboost|p2a: Raging Bolt|evasion|1
|-sideend|p1: Qbreezy|Stealth Rock|[from] move: Defog|[of] p1a: No Lefties
|
|upkeep
|turn|9
|
|t:|1779857736
|move|p1a: No Lefties|Toxic|p2a: Raging Bolt
|-status|p2a: Raging Bolt|tox
|move|p2a: Raging Bolt|Volt Switch|p1a: No Lefties
|-supereffective|p1a: No Lefties
|-damage|p1a: No Lefties|0 fnt
|faint|p1a: No Lefties
|
|t:|1779857743
|-end|p2a: Raging Bolt|Protosynthesis|[silent]
|switch|p2a: Great Tusk|Great Tusk|30/100|[from] Volt Switch
|
|upkeep
|
|t:|1779857748
|switch|p1a: FAHHHH|Kyurem, tera:Ice|64/100
|-ability|p1a: FAHHHH|Pressure
|turn|10
|
|t:|1779857754
|move|p1a: FAHHHH|Ice Beam|p2a: Great Tusk
|-supereffective|p2a: Great Tusk
|-damage|p2a: Great Tusk|0 fnt
|faint|p2a: Great Tusk
|-end|p2a: Great Tusk|Protosynthesis|[silent]
|
|upkeep
|
|t:|1779857762
|switch|p2a: Ogerpon|Ogerpon-Wellspring, F|84/100
|turn|11
|
|t:|1779857771
|switch|p1a: Tcha-Tcha-Tcha|Sinistcha|100/100
|move|p2a: Ogerpon|Ivy Cudgel|p1a: Tcha-Tcha-Tcha|[anim] Ivy Cudgel Water
|-resisted|p1a: Tcha-Tcha-Tcha
|-damage|p1a: Tcha-Tcha-Tcha|78/100
|
|-heal|p1a: Tcha-Tcha-Tcha|84/100|[from] item: Leftovers
|upkeep
|turn|12
|
|t:|1779857779
|move|p2a: Ogerpon|U-turn|p1a: Tcha-Tcha-Tcha
|-damage|p1a: Tcha-Tcha-Tcha|62/100
|
|t:|1779857782
|switch|p2a: Slowking|Slowking-Galar, F|100/100|[from] U-turn
|move|p1a: Tcha-Tcha-Tcha|Calm Mind|p1a: Tcha-Tcha-Tcha
|-boost|p1a: Tcha-Tcha-Tcha|spa|1
|-boost|p1a: Tcha-Tcha-Tcha|spd|1
|
|-heal|p1a: Tcha-Tcha-Tcha|68/100|[from] item: Leftovers
|upkeep
|turn|13
|
|t:|1779857789
|move|p1a: Tcha-Tcha-Tcha|Calm Mind|p1a: Tcha-Tcha-Tcha
|-boost|p1a: Tcha-Tcha-Tcha|spa|1
|-boost|p1a: Tcha-Tcha-Tcha|spd|1
|move|p2a: Slowking|Toxic|p1a: Tcha-Tcha-Tcha
|-status|p1a: Tcha-Tcha-Tcha|tox
|
|-heal|p1a: Tcha-Tcha-Tcha|74/100 tox|[from] item: Leftovers
|-damage|p1a: Tcha-Tcha-Tcha|68/100 tox|[from] psn
|upkeep
|turn|14
|
|t:|1779857797
|move|p1a: Tcha-Tcha-Tcha|Hex|p2a: Slowking
|-supereffective|p2a: Slowking
|-damage|p2a: Slowking|38/100
|move|p2a: Slowking|Psychic Noise|p1a: Tcha-Tcha-Tcha
|-damage|p1a: Tcha-Tcha-Tcha|52/100 tox
|-start|p1a: Tcha-Tcha-Tcha|move: Heal Block
|
|-damage|p1a: Tcha-Tcha-Tcha|40/100 tox|[from] psn
|upkeep
|turn|15
|
|t:|1779857806
|switch|p2a: Darkrai|Darkrai|100/100
|move|p1a: Tcha-Tcha-Tcha|Hex|p2a: Darkrai
|-resisted|p2a: Darkrai
|-damage|p2a: Darkrai|65/100
|
|-damage|p1a: Tcha-Tcha-Tcha|21/100 tox|[from] psn
|-end|p1a: Tcha-Tcha-Tcha|move: Heal Block
|upkeep
|turn|16
|
|t:|1779857817
|move|p2a: Darkrai|Ice Beam|p1a: Tcha-Tcha-Tcha
|-supereffective|p1a: Tcha-Tcha-Tcha
|-damage|p1a: Tcha-Tcha-Tcha|0 fnt
|faint|p1a: Tcha-Tcha-Tcha
|
|upkeep
|
|t:|1779857828
|switch|p1a: Non-Binary 🌈|Iron Valiant|100/100
|-enditem|p1a: Non-Binary 🌈|Booster Energy
|-activate|p1a: Non-Binary 🌈|ability: Quark Drive|[fromitem]
|-start|p1a: Non-Binary 🌈|quarkdrivespe
|turn|17
|
|t:|1779857840
|switch|p2a: Slowking|Slowking-Galar, F|71/100
|move|p1a: Non-Binary 🌈|Knock Off|p2a: Slowking
|-supereffective|p2a: Slowking
|-damage|p2a: Slowking|10/100
|-enditem|p2a: Slowking|Heavy-Duty Boots|[from] move: Knock Off|[of] p1a: Non-Binary 🌈
|
|upkeep
|turn|18
|
|t:|1779857846
|move|p1a: Non-Binary 🌈|Moonblast|p2a: Slowking
|-resisted|p2a: Slowking
|-damage|p2a: Slowking|0 fnt
|faint|p2a: Slowking
|
|upkeep
|
|t:|1779857857
|switch|p2a: Ogerpon|Ogerpon-Wellspring, F|84/100
|turn|19
|
|t:|1779857866
|-terastallize|p2a: Ogerpon|Water
|detailschange|p2a: Ogerpon|Ogerpon-Wellspring-Tera, F, tera:Water
|-ability|p2a: Ogerpon|Embody Aspect (Wellspring)|boost
|-boost|p2a: Ogerpon|spd|1
|move|p1a: Non-Binary 🌈|Moonblast|p2a: Ogerpon
|-damage|p2a: Ogerpon|45/100
|move|p2a: Ogerpon|Play Rough|p1a: Non-Binary 🌈
|-supereffective|p1a: Non-Binary 🌈
|-damage|p1a: Non-Binary 🌈|1/100
|
|upkeep
|turn|20
|
|t:|1779857883
|move|p1a: Non-Binary 🌈|Close Combat|p2a: Ogerpon
|-damage|p2a: Ogerpon|0 fnt
|-unboost|p1a: Non-Binary 🌈|def|1
|-unboost|p1a: Non-Binary 🌈|spd|1
|faint|p2a: Ogerpon
|detailschange|p2: Ogerpon|Ogerpon-Wellspring, F|[silent]
|
|upkeep
|
|t:|1779857887
|switch|p2a: Raging Bolt|Raging Bolt|100/100 tox
|turn|21
|
|t:|1779857909
|move|p2a: Raging Bolt|Thunderclap||[still]
|-fail|p2a: Raging Bolt
|move|p1a: Non-Binary 🌈|Encore|p2a: Raging Bolt
|-start|p2a: Raging Bolt|Encore
|
|-damage|p2a: Raging Bolt|94/100 tox|[from] psn
|upkeep
|turn|22
|
|t:|1779857915
|-end|p2a: Raging Bolt|Protosynthesis|[silent]
|switch|p2a: Darkrai|Darkrai|65/100
|move|p1a: Non-Binary 🌈|Encore||[still]
|-fail|p1a: Non-Binary 🌈
|
|upkeep
|turn|23
|
|t:|1779857924
|move|p2a: Darkrai|Sucker Punch|p1a: Non-Binary 🌈
|-resisted|p1a: Non-Binary 🌈
|-damage|p1a: Non-Binary 🌈|0 fnt
|faint|p1a: Non-Binary 🌈
|-end|p1a: Non-Binary 🌈|Quark Drive|[silent]
|
|upkeep
|
|t:|1779857933
|switch|p1a: I miss you|Arcanine-Hisui, M|65/100
|turn|24
|
|t:|1779857939
|move|p1a: I miss you|Extreme Speed|p2a: Darkrai
|-damage|p2a: Darkrai|4/100
|move|p2a: Darkrai|Dark Pulse|p1a: I miss you
|-damage|p1a: I miss you|10/100
|
|upkeep
|turn|25
|
|t:|1779857958
|switch|p2a: Raging Bolt|Raging Bolt|94/100 tox
|move|p1a: I miss you|Extreme Speed|p2a: Raging Bolt
|-damage|p2a: Raging Bolt|62/100 tox
|
|-damage|p2a: Raging Bolt|56/100 tox|[from] psn
|upkeep
|turn|26
|
|t:|1779857967
|switch|p1a: FAHHHH|Kyurem, tera:Ice|64/100
|-ability|p1a: FAHHHH|Pressure
|move|p2a: Raging Bolt|Volt Switch|p1a: FAHHHH
|-damage|p1a: FAHHHH|1/100
|
|t:|1779857973
|-end|p2a: Raging Bolt|Protosynthesis|[silent]
|switch|p2a: Darkrai|Darkrai|4/100|[from] Volt Switch
|
|upkeep
|turn|27
|
|t:|1779857979
|move|p2a: Darkrai|Dark Pulse|p1a: FAHHHH
|-damage|p1a: FAHHHH|0 fnt
|faint|p1a: FAHHHH
|
|upkeep
|
|t:|1779857983
|switch|p1a: I miss you|Arcanine-Hisui, M|10/100
|turn|28
|
|t:|1779857987
|move|p1a: I miss you|Extreme Speed|p2a: Darkrai
|-damage|p2a: Darkrai|0 fnt
|faint|p2a: Darkrai
|
|upkeep
|
|t:|1779857990
|switch|p2a: Raging Bolt|Raging Bolt|56/100 tox
|turn|29
|
|t:|1779857993
|move|p1a: I miss you|Extreme Speed|p2a: Raging Bolt
|-damage|p2a: Raging Bolt|20/100 tox
|move|p2a: Raging Bolt|Thunderbolt|p1a: I miss you
|-damage|p1a: I miss you|0 fnt
|faint|p1a: I miss you
|
|win|Sluttina
|raw|Qbreezy's rating: 1376 &rarr; <strong>1355</strong><br />(-21 for losing)
|raw|Sluttina's rating: 1364 &rarr; <strong>1385</strong><br />(+21 for winning)
|l|☆Qbreezy
|player|p1|
|l|☆Sluttina
|player|p2|
