|j|☆rebaar
|j|☆maximilk
|t:|1779943672
|gametype|singles
|player|p1|rebaar|psychic-gen4|1561
|player|p2|maximilk|baker|1527
|gen|9
|tier|[Gen 9] OU
|rated|
|rule|HP Percentage Mod: HP is shown in percentages
|rule|Endless Battle Clause: Forcing endless battles is banned
|rule|Species Clause: Limit one of each Pokémon
|rule|OHKO Clause: OHKO moves are banned
|rule|Evasion Items Clause: Evasion items are banned
|rule|Evasion Moves Clause: Evasion moves are banned
|rule|Evasion Abilities Clause: Evasion abilities are banned
|rule|Sleep Moves Clause: Sleep-inducing moves are banned
|clearpoke
|poke|p1|Ogerpon-Wellspring, F|
|poke|p1|Kingambit, M|
|poke|p1|Landorus-Therian, M|
|poke|p1|Glimmora, M|
|poke|p1|Dragapult, F|
|poke|p1|Iron Valiant|
|poke|p2|Metagross|
|poke|p2|Alomomola, F|
|poke|p2|Hydrapple, M|
|poke|p2|Cinderace, M|
|poke|p2|Dragonite, F|
|poke|p2|Ting-Lu|
|teampreview
|inactive|Battle timer is ON: inactive players will automatically lose when time's up. (requested by maximilk)
|
|t:|1779943689
|teamsize|p1|6
|teamsize|p2|6
|start
|switch|p1a: Glimmora|Glimmora, M|100/100
|switch|p2a: Metagross|Metagross, shiny|100/100
|turn|1
|
|t:|1779943696
|move|p1a: Glimmora|Earth Power|p2a: Metagross
|-supereffective|p2a: Metagross
|-damage|p2a: Metagross|53/100
|move|p2a: Metagross|Psychic Fangs|p1a: Glimmora
|-supereffective|p1a: Glimmora
|-damage|p1a: Glimmora|0 fnt
|-activate|p1a: Glimmora|ability: Toxic Debris
|-sidestart|p2: maximilk|move: Toxic Spikes
|faint|p1a: Glimmora
|
|upkeep
|
|t:|1779943699
|switch|p1a: Landorus|Landorus-Therian, M|100/100
|-ability|p1a: Landorus|Intimidate|boost
|-fail|p2a: Metagross|unboost|[from] ability: Clear Body|[of] p2a: Metagross
|turn|2
|
|t:|1779943719
|switch|p2a: Alomomola|Alomomola, F|100/100
|move|p1a: Landorus|U-turn|p2a: Alomomola
|-damage|p2a: Alomomola|89/100
|
|t:|1779943735
|switch|p1a: Ogerpon|Ogerpon-Wellspring, F|100/100|[from] U-turn
|
|upkeep
|turn|3
|
|t:|1779943740
|switch|p2a: Dragonite|Dragonite, F|100/100
|move|p1a: Ogerpon|Play Rough|p2a: Dragonite
|-supereffective|p2a: Dragonite
|-damage|p2a: Dragonite|67/100
|
|upkeep
|turn|4
|
|t:|1779943759
|-terastallize|p2a: Dragonite|Normal
|move|p1a: Ogerpon|Play Rough|p2a: Dragonite
|-damage|p2a: Dragonite|31/100
|move|p2a: Dragonite|Dragon Dance|p2a: Dragonite
|-boost|p2a: Dragonite|atk|1
|-boost|p2a: Dragonite|spe|1
|
|upkeep
|turn|5
|
|t:|1779943767
|switch|p1a: Landorus|Landorus-Therian, M|100/100
|-ability|p1a: Landorus|Intimidate|boost
|-unboost|p2a: Dragonite|atk|1
|move|p2a: Dragonite|Extreme Speed|p1a: Landorus
|-damage|p1a: Landorus|57/100
|-damage|p2a: Dragonite|15/100|[from] item: Rocky Helmet|[of] p1a: Landorus
|
|upkeep
|turn|6
|
|t:|1779943777
|move|p2a: Dragonite|Roost|p2a: Dragonite
|-heal|p2a: Dragonite|65/100
|move|p1a: Landorus|Earthquake|p2a: Dragonite
|-damage|p2a: Dragonite|15/100
|
|upkeep
|turn|7
|
|t:|1779943790
|switch|p2a: Alomomola|Alomomola, F|100/100
|move|p1a: Landorus|Earthquake|p2a: Alomomola
|-damage|p2a: Alomomola|76/100
|
|upkeep
|turn|8
|
|t:|1779943797
|move|p1a: Landorus|Stealth Rock|p2a: Alomomola
|-sidestart|p2: maximilk|move: Stealth Rock
|move|p2a: Alomomola|Wish|p2a: Alomomola
|
|upkeep
|turn|9
|
|t:|1779943814
|move|p1a: Landorus|U-turn|p2a: Alomomola
|-damage|p2a: Alomomola|65/100
|
|t:|1779943819
|switch|p1a: Ogerpon|Ogerpon-Wellspring, F|100/100|[from] U-turn
|move|p2a: Alomomola|Flip Turn|p1a: Ogerpon
|-immune|p1a: Ogerpon|[from] ability: Water Absorb
|
|-heal|p2a: Alomomola|100/100|[from] move: Wish|[wisher] Alomomola
|upkeep
|turn|10
|
|t:|1779943825
|move|p1a: Ogerpon|Horn Leech|p2a: Alomomola
|-supereffective|p2a: Alomomola
|-damage|p2a: Alomomola|54/100
|move|p2a: Alomomola|Wish|p2a: Alomomola
|
|upkeep
|turn|11
|
|t:|1779943829
|switch|p2a: Metagross|Metagross, shiny|53/100
|-damage|p2a: Metagross|47/100|[from] Stealth Rock
|move|p1a: Ogerpon|Taunt|p2a: Metagross
|-start|p2a: Metagross|move: Taunt
|
|-heal|p2a: Metagross|100/100|[from] move: Wish|[wisher] Alomomola
|upkeep
|turn|12
|
|t:|1779943838
|switch|p1a: Landorus|Landorus-Therian, M|57/100
|-ability|p1a: Landorus|Intimidate|boost
|-fail|p2a: Metagross|unboost|[from] ability: Clear Body|[of] p2a: Metagross
|move|p2a: Metagross|Ice Punch|p1a: Landorus
|-supereffective|p1a: Landorus
|-damage|p1a: Landorus|0 fnt
|-damage|p2a: Metagross|84/100|[from] item: Rocky Helmet|[of] p1a: Landorus
|faint|p1a: Landorus
|
|upkeep
|
|t:|1779943856
|switch|p1a: Dragapult|Dragapult, F|100/100
|turn|13
|
|t:|1779943876
|move|p1a: Dragapult|Shadow Ball|p2a: Metagross
|-supereffective|p2a: Metagross
|-damage|p2a: Metagross|10/100
|move|p2a: Metagross|Ice Punch|p1a: Dragapult
|-supereffective|p1a: Dragapult
|-crit|p1a: Dragapult
|-damage|p1a: Dragapult|0 fnt
|faint|p1a: Dragapult
|
|-end|p2a: Metagross|move: Taunt
|upkeep
|c|☆rebaar|son
|c|☆rebaar|that mattered
|c|☆rebaar|sad stuff
|c|☆maximilk|no
|
|t:|1779943905
|switch|p1a: Ogerpon|Ogerpon-Wellspring, F|100/100
|turn|14
|c|☆maximilk|i have bp
|inactive|rebaar has 120 seconds left.
|c|☆rebaar|well yeah
|c|☆rebaar|you are metagross
|c|☆rebaar|i could have switched no problem
|inactive|maximilk has 120 seconds left.
|
|t:|1779943944
|move|p2a: Metagross|Bullet Punch|p1a: Ogerpon
|-resisted|p1a: Ogerpon
|-damage|p1a: Ogerpon|84/100
|move|p1a: Ogerpon|Ivy Cudgel|p2a: Metagross|[anim] Ivy Cudgel Water
|-damage|p2a: Metagross|0 fnt
|faint|p2a: Metagross
|
|upkeep
|
|t:|1779943947
|switch|p2a: Cinderace|Cinderace, M|100/100
|turn|15
|
|t:|1779943953
|-terastallize|p1a: Ogerpon|Water
|detailschange|p1a: Ogerpon|Ogerpon-Wellspring-Tera, F, tera:Water
|-ability|p1a: Ogerpon|Embody Aspect (Wellspring)|boost
|-boost|p1a: Ogerpon|spd|1
|move|p2a: Cinderace|Court Change|p2a: Cinderace
|-start|p2a: Cinderace|typechange|Normal|[from] ability: Libero
|-swapsideconditions
|-activate|p2a: Cinderace|move: Court Change
|move|p1a: Ogerpon|Ivy Cudgel|p2a: Cinderace|[anim] Ivy Cudgel Water
|-damage|p2a: Cinderace|0 fnt
|faint|p2a: Cinderace
|
|upkeep
|
|t:|1779943965
|switch|p2a: Hydrapple|Hydrapple, M|100/100
|turn|16
|
|t:|1779943973
|switch|p1a: Kingambit|Kingambit, M|100/100
|-damage|p1a: Kingambit|94/100|[from] Stealth Rock
|-activate|p1a: Kingambit|ability: Supreme Overlord
|-start|p1a: Kingambit|fallen3|[silent]
|move|p2a: Hydrapple|Giga Drain|p1a: Kingambit
|-resisted|p1a: Kingambit
|-damage|p1a: Kingambit|71/100
|-damage|p2a: Hydrapple|91/100|[from] item: Life Orb
|
|-heal|p1a: Kingambit|77/100|[from] item: Leftovers
|upkeep
|turn|17
|
|t:|1779943980
|move|p1a: Kingambit|Kowtow Cleave|p2a: Hydrapple
|-damage|p2a: Hydrapple|43/100
|move|p2a: Hydrapple|Earth Power|p1a: Kingambit
|-supereffective|p1a: Kingambit
|-damage|p1a: Kingambit|0 fnt
|faint|p1a: Kingambit
|-end|p1a: Kingambit|fallen3|[silent]
|-damage|p2a: Hydrapple|34/100|[from] item: Life Orb
|
|upkeep
|
|t:|1779943995
|switch|p1a: Ogerpon|Ogerpon-Wellspring-Tera, F, tera:Water|84/100
|-status|p1a: Ogerpon|psn
|-damage|p1a: Ogerpon|72/100 psn|[from] Stealth Rock
|-ability|p1a: Ogerpon|Embody Aspect (Wellspring)|boost
|-boost|p1a: Ogerpon|spd|1
|turn|18
|
|t:|1779944005
|switch|p2a: Alomomola|Alomomola, F|87/100
|move|p1a: Ogerpon|Play Rough|p2a: Alomomola
|-damage|p2a: Alomomola|69/100
|
|-damage|p1a: Ogerpon|59/100 psn|[from] psn
|upkeep
|turn|19
|
|t:|1779944007
|move|p2a: Alomomola|Protect|p2a: Alomomola
|-singleturn|p2a: Alomomola|Protect
|move|p1a: Ogerpon|Horn Leech|p2a: Alomomola
|-activate|p2a: Alomomola|move: Protect
|
|-damage|p1a: Ogerpon|47/100 psn|[from] psn
|upkeep
|turn|20
|
|t:|1779944015
|move|p1a: Ogerpon|Play Rough|p2a: Alomomola
|-damage|p2a: Alomomola|51/100
|move|p2a: Alomomola|Flip Turn|p1a: Ogerpon
|-resisted|p1a: Ogerpon
|-damage|p1a: Ogerpon|38/100 psn
|
|t:|1779944020
|switch|p2a: Dragonite|Dragonite, F, tera:Normal|15/100|[from] Flip Turn
|
|-damage|p1a: Ogerpon|26/100 psn|[from] psn
|upkeep
|turn|21
|
|t:|1779944023
|move|p2a: Dragonite|Extreme Speed|p1a: Ogerpon
|-damage|p1a: Ogerpon|0 fnt
|faint|p1a: Ogerpon
|detailschange|p1: Ogerpon|Ogerpon-Wellspring, F|[silent]
|
|upkeep
|
|t:|1779944027
|switch|p1a: Iron Valiant|Iron Valiant|100/100
|-status|p1a: Iron Valiant|psn
|-damage|p1a: Iron Valiant|94/100 psn|[from] Stealth Rock
|-enditem|p1a: Iron Valiant|Booster Energy
|-activate|p1a: Iron Valiant|ability: Quark Drive|[fromitem]
|-start|p1a: Iron Valiant|quarkdrivespe
|turn|22
|
|t:|1779944036
|move|p2a: Dragonite|Extreme Speed|p1a: Iron Valiant
|-damage|p1a: Iron Valiant|32/100 psn
|move|p1a: Iron Valiant|Spirit Break|p2a: Dragonite
|-damage|p2a: Dragonite|0 fnt
|faint|p2a: Dragonite
|
|-damage|p1a: Iron Valiant|20/100 psn|[from] psn
|upkeep
|
|t:|1779944040
|switch|p2a: Alomomola|Alomomola, F|84/100
|turn|23
|
|t:|1779944042
|move|p1a: Iron Valiant|Swords Dance|p1a: Iron Valiant
|-boost|p1a: Iron Valiant|atk|2
|move|p2a: Alomomola|Flip Turn|p1a: Iron Valiant
|-damage|p1a: Iron Valiant|2/100 psn
|
|t:|1779944047
|switch|p2a: Hydrapple|Hydrapple, M|67/100|[from] Flip Turn
|
|-damage|p1a: Iron Valiant|0 fnt|[from] psn
|faint|p1a: Iron Valiant
|-end|p1a: Iron Valiant|Quark Drive|[silent]
|
|win|maximilk
|raw|rebaar's rating: 1561 &rarr; <strong>1539</strong><br />(-22 for losing)
|raw|maximilk's rating: 1527 &rarr; <strong>1549</strong><br />(+22 for winning)
|c|☆rebaar|gg
|c|☆maximilk|gg
|l|☆rebaar
|player|p1|
|l|☆maximilk
|player|p2|
