|badge|p2|silver|gen9ou|30-9
|uhtml|medal-msg|<div class="broadcast-blue">Curious what those medals under the avatar are? PS now has Ladder Seasons! For more information, check out the <a href="https://www.smogon.com/forums/threads/3740067/">thread on Smogon.</a></div>
|j|☆manabi.portoviejo
|j|☆slitherwing ily ><
|t:|1779888951
|gametype|singles
|player|p1|manabi.portoviejo|101|1662
|player|p2|slitherwing ily ><|iono-masters|1908
|gen|9
|tier|[Gen 9] OU
|rated|
|rule|HP Percentage Mod: HP is shown in percentages
|rule|Endless Battle Clause: Forcing endless battles is banned
|rule|Species Clause: Limit one of each Pokémon
|rule|OHKO Clause: OHKO moves are banned
|rule|Evasion Items Clause: Evasion items are banned
|rule|Evasion Moves Clause: Evasion moves are banned
|rule|Evasion Abilities Clause: Evasion abilities are banned
|rule|Sleep Moves Clause: Sleep-inducing moves are banned
|clearpoke
|poke|p1|Indeedee-F, F|
|poke|p1|Hoopa-Unbound|
|poke|p1|Hawlucha, M|
|poke|p1|Iron Crown|
|poke|p1|Hatterene, F|
|poke|p1|Cloyster, M|
|poke|p2|Great Tusk|
|poke|p2|Kingambit, M|
|poke|p2|Raging Bolt|
|poke|p2|Walking Wake|
|poke|p2|Ninetales, F|
|poke|p2|Ceruledge, F|
|teampreview
|inactive|Battle timer is ON: inactive players will automatically lose when time's up. (requested by manabi.portoviejo)
|c|☆slitherwing ily ><|hf
|
|t:|1779888964
|teamsize|p1|6
|teamsize|p2|6
|start
|switch|p1a: Indeedee|Indeedee-F, F|100/100
|switch|p2a: Naruto|Ninetales, F|100/100
|-weather|SunnyDay|[from] ability: Drought|[of] p2a: Naruto
|-fieldstart|move: Psychic Terrain|[from] ability: Psychic Surge|[of] p1a: Indeedee
|turn|1
|
|t:|1779888971
|move|p2a: Naruto|Overheat|p1a: Indeedee
|-damage|p1a: Indeedee|37/100
|-unboost|p2a: Naruto|spa|2
|move|p1a: Indeedee|Trick Room|p1a: Indeedee
|-fieldstart|move: Trick Room|[of] p1a: Indeedee
|
|-weather|SunnyDay|[upkeep]
|upkeep
|turn|2
|
|t:|1779888984
|switch|p1a: Hoopa|Hoopa-Unbound|100/100
|move|p2a: Naruto|Will-O-Wisp|p1a: Hoopa|[miss]
|-miss|p2a: Naruto|p1a: Hoopa
|
|-weather|SunnyDay|[upkeep]
|upkeep
|turn|3
|
|t:|1779888990
|switch|p2a: 2.f4|Kingambit, M|100/100
|-item|p2a: 2.f4|Air Balloon
|move|p1a: Hoopa|Expanding Force|p2a: 2.f4
|-immune|p2a: 2.f4
|
|-weather|SunnyDay|[upkeep]
|upkeep
|turn|4
|
|t:|1779888993
|-end|p2a: 2.f4|fallenundefined|[silent]
|switch|p2a: Red judas|Ceruledge, F|100/100
|-item|p2a: Red judas|Air Balloon
|move|p1a: Hoopa|Brick Break|p2a: Red judas
|-immune|p2a: Red judas
|
|-weather|SunnyDay|[upkeep]
|upkeep
|turn|5
|
|t:|1779889000
|switch|p2a: 2.f4|Kingambit, M|100/100
|-item|p2a: 2.f4|Air Balloon
|move|p1a: Hoopa|Knock Off|p2a: 2.f4
|-resisted|p2a: 2.f4
|-damage|p2a: 2.f4|75/100
|-enditem|p2a: 2.f4|Air Balloon
|
|-weather|SunnyDay|[upkeep]
|-fieldend|move: Trick Room
|upkeep
|turn|6
|
|t:|1779889006
|move|p2a: 2.f4|Kowtow Cleave|p1a: Hoopa
|-damage|p1a: Hoopa|32/100
|move|p1a: Hoopa|Brick Break|p2a: 2.f4
|-supereffective|p2a: 2.f4
|-damage|p2a: 2.f4|0 fnt
|faint|p2a: 2.f4
|-end|p2a: 2.f4|fallenundefined|[silent]
|
|-weather|SunnyDay|[upkeep]
|upkeep
|
|t:|1779889015
|switch|p2a: nah i'd spin|Great Tusk|100/100
|-activate|p2a: nah i'd spin|ability: Protosynthesis
|-start|p2a: nah i'd spin|protosynthesisatk
|turn|7
|
|t:|1779889026
|switch|p1a: Hatterene|Hatterene, F|100/100
|move|p2a: nah i'd spin|Rapid Spin|p1a: Hatterene
|-damage|p1a: Hatterene|78/100
|-boost|p2a: nah i'd spin|spe|1
|-enditem|p1a: Hatterene|Eject Button
|
|t:|1779889047
|switch|p1a: Cloyster|Cloyster, M|100/100
|
|-weather|SunnyDay|[upkeep]
|upkeep
|turn|8
|
|t:|1779889053
|move|p2a: nah i'd spin|Close Combat|p1a: Cloyster
|-supereffective|p1a: Cloyster
|-enditem|p1a: Cloyster|Focus Sash
|-damage|p1a: Cloyster|1/100
|-unboost|p2a: nah i'd spin|def|1
|-unboost|p2a: nah i'd spin|spd|1
|move|p1a: Cloyster|Shell Smash|p1a: Cloyster
|-unboost|p1a: Cloyster|def|1
|-unboost|p1a: Cloyster|spd|1
|-boost|p1a: Cloyster|atk|2
|-boost|p1a: Cloyster|spa|2
|-boost|p1a: Cloyster|spe|2
|
|-weather|none
|-end|p2a: nah i'd spin|Protosynthesis
|-fieldend|move: Psychic Terrain
|upkeep
|turn|9
|
|t:|1779889064
|-end|p2a: nah i'd spin|Protosynthesis|[silent]
|switch|p2a: Naruto|Ninetales, F|100/100
|-weather|SunnyDay|[from] ability: Drought|[of] p2a: Naruto
|move|p1a: Cloyster|Icicle Spear|p2a: Naruto
|-resisted|p2a: Naruto
|-damage|p2a: Naruto|85/100
|-resisted|p2a: Naruto
|-damage|p2a: Naruto|68/100
|-resisted|p2a: Naruto
|-damage|p2a: Naruto|52/100
|-resisted|p2a: Naruto
|-damage|p2a: Naruto|35/100
|-resisted|p2a: Naruto
|-damage|p2a: Naruto|17/100
|-hitcount|p2a: Naruto|5
|
|-weather|SunnyDay|[upkeep]
|upkeep
|turn|10
|
|t:|1779889078
|move|p1a: Cloyster|Icicle Spear|p2a: Naruto
|-resisted|p2a: Naruto
|-damage|p2a: Naruto|0 fnt
|faint|p2a: Naruto
|-hitcount|p2: Naruto|1
|
|-weather|SunnyDay|[upkeep]
|upkeep
|
|t:|1779889081
|switch|p2a: Resevoir slogs|Walking Wake|100/100
|-activate|p2a: Resevoir slogs|ability: Protosynthesis
|-start|p2a: Resevoir slogs|protosynthesisspe
|turn|11
|
|t:|1779889101
|move|p2a: Resevoir slogs|Hydro Steam|p1a: Cloyster
|-resisted|p1a: Cloyster
|-damage|p1a: Cloyster|0 fnt
|faint|p1a: Cloyster
|
|-weather|SunnyDay|[upkeep]
|upkeep
|
|t:|1779889119
|switch|p1a: Indeedee|Indeedee-F, F|37/100
|-fieldstart|move: Psychic Terrain|[from] ability: Psychic Surge|[of] p1a: Indeedee
|turn|12
|
|t:|1779889121
|move|p2a: Resevoir slogs|Hydro Steam|p1a: Indeedee
|-damage|p1a: Indeedee|0 fnt
|faint|p1a: Indeedee
|
|-weather|SunnyDay|[upkeep]
|upkeep
|
|t:|1779889123
|switch|p1a: Hatterene|Hatterene, F|78/100
|turn|13
|
|t:|1779889127
|-terastallize|p2a: Resevoir slogs|Water
|move|p2a: Resevoir slogs|Hydro Steam|p1a: Hatterene
|-damage|p1a: Hatterene|0 fnt
|faint|p1a: Hatterene
|
|-weather|SunnyDay|[upkeep]
|upkeep
|
|t:|1779889145
|switch|p1a: Hawlucha|Hawlucha, M|100/100
|-enditem|p1a: Hawlucha|Psychic Seed
|-boost|p1a: Hawlucha|spd|1|[from] item: Psychic Seed
|turn|14
|
|t:|1779889161
|move|p1a: Hawlucha|Acrobatics|p2a: Resevoir slogs
|-damage|p2a: Resevoir slogs|45/100
|move|p2a: Resevoir slogs|Hydro Steam|p1a: Hawlucha
|-damage|p1a: Hawlucha|11/100
|
|-weather|SunnyDay|[upkeep]
|upkeep
|turn|15
|
|t:|1779889168
|move|p1a: Hawlucha|Acrobatics|p2a: Resevoir slogs
|-damage|p2a: Resevoir slogs|0 fnt
|faint|p2a: Resevoir slogs
|-end|p2a: Resevoir slogs|Protosynthesis|[silent]
|
|-weather|SunnyDay|[upkeep]
|upkeep
|
|t:|1779889172
|switch|p2a: nah i'd spin|Great Tusk|100/100
|-activate|p2a: nah i'd spin|ability: Protosynthesis
|-start|p2a: nah i'd spin|protosynthesisatk
|turn|16
|
|t:|1779889178
|move|p1a: Hawlucha|Acrobatics|p2a: nah i'd spin
|-supereffective|p2a: nah i'd spin
|-damage|p2a: nah i'd spin|27/100
|move|p2a: nah i'd spin|Rapid Spin|p1a: Hawlucha
|-damage|p1a: Hawlucha|0 fnt
|-boost|p2a: nah i'd spin|spe|1
|faint|p1a: Hawlucha
|
|-weather|none
|-end|p2a: nah i'd spin|Protosynthesis
|upkeep
|
|t:|1779889189
|switch|p1a: Iron Crown|Iron Crown|100/100
|-enditem|p1a: Iron Crown|Booster Energy
|-activate|p1a: Iron Crown|ability: Quark Drive|[fromitem]
|-start|p1a: Iron Crown|quarkdrivespa
|turn|17
|
|t:|1779889203
|-terastallize|p1a: Iron Crown|Dark
|move|p2a: nah i'd spin|Headlong Rush|p1a: Iron Crown
|-damage|p1a: Iron Crown|39/100
|-unboost|p2a: nah i'd spin|def|1
|-unboost|p2a: nah i'd spin|spd|1
|move|p1a: Iron Crown|Agility|p1a: Iron Crown
|-boost|p1a: Iron Crown|spe|2
|
|upkeep
|turn|18
|
|t:|1779889209
|move|p1a: Iron Crown|Expanding Force|p2a: nah i'd spin
|-supereffective|p2a: nah i'd spin
|-damage|p2a: nah i'd spin|0 fnt
|faint|p2a: nah i'd spin
|-end|p2a: nah i'd spin|Protosynthesis|[silent]
|
|upkeep
|
|t:|1779889216
|switch|p2a: Angry Nut|Raging Bolt|100/100
|turn|19
|
|t:|1779889222
|move|p1a: Iron Crown|Expanding Force|p2a: Angry Nut
|-crit|p2a: Angry Nut
|-damage|p2a: Angry Nut|0 fnt
|faint|p2a: Angry Nut
|-end|p2a: Angry Nut|Protosynthesis|[silent]
|
|-fieldend|move: Psychic Terrain
|upkeep
|
|t:|1779889225
|switch|p2a: Red judas|Ceruledge, F|100/100
|-item|p2a: Red judas|Air Balloon
|turn|20
|
|t:|1779889237
|move|p1a: Iron Crown|Expanding Force|p2a: Red judas
|-crit|p2a: Red judas
|-damage|p2a: Red judas|4/100
|-enditem|p2a: Red judas|Air Balloon
|move|p2a: Red judas|Bitter Blade|p1a: Iron Crown
|-damage|p1a: Iron Crown|0 fnt
|-heal|p2a: Red judas|28/100|[from] drain|[of] p1a: Iron Crown
|faint|p1a: Iron Crown
|-end|p1a: Iron Crown|Quark Drive|[silent]
|
|upkeep
|
|t:|1779889241
|switch|p1a: Hoopa|Hoopa-Unbound|32/100
|turn|21
|
|t:|1779889243
|move|p2a: Red judas|Bitter Blade|p1a: Hoopa
|-damage|p1a: Hoopa|0 fnt
|-heal|p2a: Red judas|46/100|[from] drain|[of] p1a: Hoopa
|faint|p1a: Hoopa
|
|win|slitherwing ily ><
|raw|manabi.portoviejo's rating: 1662 &rarr; <strong>1654</strong><br />(-8 for losing)
|raw|slitherwing ily &gt;&lt;'s rating: 1908 &rarr; <strong>1916</strong><br />(+8 for winning)
|l|☆slitherwing ily ><
|player|p2|
|j| samurajen
