|j|☆randomefre
|j|☆ggs stall!
|t:|1779929157
|gametype|singles
|player|p1|randomefre|dawn|1210
|player|p2|ggs stall!|alain|1209
|gen|9
|tier|[Gen 9] OU
|rated|
|rule|HP Percentage Mod: HP is shown in percentages
|rule|Endless Battle Clause: Forcing endless battles is banned
|rule|Species Clause: Limit one of each Pokémon
|rule|OHKO Clause: OHKO moves are banned
|rule|Evasion Items Clause: Evasion items are banned
|rule|Evasion Moves Clause: Evasion moves are banned
|rule|Evasion Abilities Clause: Evasion abilities are banned
|rule|Sleep Moves Clause: Sleep-inducing moves are banned
|clearpoke
|poke|p1|Polteageist-Antique|
|poke|p1|Corviknight, M|
|poke|p1|Sinistcha-Masterpiece|
|poke|p1|Skeledirge, F|
|poke|p1|Meowscarada, M|
|poke|p1|Cinderace, M|
|poke|p2|Kyurem|
|poke|p2|Corviknight, M|
|poke|p2|Ting-Lu|
|poke|p2|Dondozo, M|
|poke|p2|Slowking-Galar, M|
|poke|p2|Cinderace, M|
|teampreview
|inactive|Battle timer is ON: inactive players will automatically lose when time's up. (requested by randomefre)
|inactive|ggs stall! also wants the timer to be on.
|
|t:|1779929176
|teamsize|p1|6
|teamsize|p2|6
|start
|switch|p1a: Meowscarada|Meowscarada, M|100/100
|switch|p2a: Cinderace|Cinderace, M|100/100
|turn|1
|
|t:|1779929186
|move|p1a: Meowscarada|U-turn|p2a: Cinderace
|-start|p1a: Meowscarada|typechange|Bug|[from] ability: Protean
|-resisted|p2a: Cinderace
|-damage|p2a: Cinderace|73/100
|
|t:|1779929197
|switch|p1a: Skeledirge|Skeledirge, F|100/100|[from] U-turn
|move|p2a: Cinderace|Will-O-Wisp|p1a: Skeledirge
|-immune|p1a: Skeledirge
|
|upkeep
|turn|2
|
|t:|1779929205
|switch|p2a: Ting-Lu|Ting-Lu|100/100
|-ability|p2a: Ting-Lu|Vessel of Ruin
|move|p1a: Skeledirge|Hex|p2a: Ting-Lu
|-resisted|p2a: Ting-Lu
|-damage|p2a: Ting-Lu|95/100
|
|-heal|p2a: Ting-Lu|100/100|[from] item: Leftovers
|upkeep
|turn|3
|
|t:|1779929215
|switch|p1a: Corviknight|Corviknight, M|100/100
|move|p2a: Ting-Lu|Payback|p1a: Corviknight
|-damage|p1a: Corviknight|84/100
|-damage|p2a: Ting-Lu|84/100|[from] item: Rocky Helmet|[of] p1a: Corviknight
|
|-heal|p2a: Ting-Lu|90/100|[from] item: Leftovers
|upkeep
|turn|4
|
|t:|1779929225
|switch|p2a: Dondozo|Dondozo, M|100/100
|move|p1a: Corviknight|Iron Defense|p1a: Corviknight
|-boost|p1a: Corviknight|def|2
|
|upkeep
|turn|5
|
|t:|1779929235
|switch|p1a: Meowscarada|Meowscarada, M|100/100
|move|p2a: Dondozo|Curse|p2a: Dondozo
|-unboost|p2a: Dondozo|spe|1
|-boost|p2a: Dondozo|atk|1
|-boost|p2a: Dondozo|def|1
|
|upkeep
|turn|6
|
|t:|1779929243
|switch|p2a: Corviknight|Corviknight, M|100/100
|-ability|p2a: Corviknight|Pressure
|move|p1a: Meowscarada|Flower Trick|p2a: Corviknight
|-start|p1a: Meowscarada|typechange|Grass|[from] ability: Protean
|-resisted|p2a: Corviknight
|-crit|p2a: Corviknight
|-damage|p2a: Corviknight|90/100
|
|upkeep
|turn|7
|
|t:|1779929273
|switch|p1a: Skeledirge|Skeledirge, F|100/100
|move|p2a: Corviknight|Roost|p2a: Corviknight
|-heal|p2a: Corviknight|100/100
|-singleturn|p2a: Corviknight|move: Roost
|
|upkeep
|turn|8
|
|t:|1779929281
|switch|p2a: Ting-Lu|Ting-Lu|90/100
|-ability|p2a: Ting-Lu|Vessel of Ruin
|move|p1a: Skeledirge|Will-O-Wisp|p2a: Ting-Lu
|-status|p2a: Ting-Lu|brn
|
|-heal|p2a: Ting-Lu|96/100 brn|[from] item: Leftovers
|-damage|p2a: Ting-Lu|90/100 brn|[from] brn
|upkeep
|turn|9
|
|t:|1779929293
|switch|p1a: Corviknight|Corviknight, M|84/100
|move|p2a: Ting-Lu|Earthquake|p1a: Corviknight
|-immune|p1a: Corviknight
|
|-heal|p2a: Ting-Lu|96/100 brn|[from] item: Leftovers
|-damage|p2a: Ting-Lu|90/100 brn|[from] brn
|upkeep
|turn|10
|
|t:|1779929305
|switch|p1a: Meowscarada|Meowscarada, M|100/100
|switch|p2a: Dondozo|Dondozo, M|100/100
|
|upkeep
|turn|11
|
|t:|1779929312
|switch|p2a: Corviknight|Corviknight, M|100/100
|-ability|p2a: Corviknight|Pressure
|move|p1a: Meowscarada|Knock Off|p2a: Corviknight
|-start|p1a: Meowscarada|typechange|Dark|[from] ability: Protean
|-damage|p2a: Corviknight|63/100
|-damage|p1a: Meowscarada|84/100|[from] item: Rocky Helmet|[of] p2a: Corviknight
|-enditem|p2a: Corviknight|Rocky Helmet|[from] move: Knock Off|[of] p1a: Meowscarada
|
|upkeep
|turn|12
|
|t:|1779929329
|switch|p1a: Skeledirge|Skeledirge, F|100/100
|move|p2a: Corviknight|U-turn|p1a: Skeledirge
|-resisted|p1a: Skeledirge
|-damage|p1a: Skeledirge|98/100
|
|t:|1779929336
|switch|p2a: Ting-Lu|Ting-Lu|90/100 brn|[from] U-turn
|-ability|p2a: Ting-Lu|Vessel of Ruin
|
|-heal|p1a: Skeledirge|100/100|[from] item: Leftovers
|-heal|p2a: Ting-Lu|96/100 brn|[from] item: Leftovers
|-damage|p2a: Ting-Lu|90/100 brn|[from] brn
|upkeep
|turn|13
|
|t:|1779929348
|switch|p1a: Corviknight|Corviknight, M|84/100
|move|p2a: Ting-Lu|Earthquake|p1a: Corviknight
|-immune|p1a: Corviknight
|
|-heal|p2a: Ting-Lu|96/100 brn|[from] item: Leftovers
|-damage|p2a: Ting-Lu|90/100 brn|[from] brn
|upkeep
|turn|14
|
|t:|1779929359
|switch|p1a: Sinistcha|Sinistcha-Masterpiece|100/100
|switch|p2a: Kyurem|Kyurem|100/100
|-ability|p2a: Kyurem|Pressure
|
|upkeep
|turn|15
|
|t:|1779929371
|switch|p1a: Cinderace|Cinderace, M|100/100
|move|p2a: Kyurem|Freeze-Dry|p1a: Cinderace
|-resisted|p1a: Cinderace
|-damage|p1a: Cinderace|75/100
|
|upkeep
|turn|16
|
|t:|1779929387
|switch|p2a: Dondozo|Dondozo, M|100/100
|move|p1a: Cinderace|Pyro Ball|p2a: Dondozo
|-resisted|p2a: Dondozo
|-damage|p2a: Dondozo|88/100
|
|-heal|p2a: Dondozo|94/100|[from] item: Leftovers
|upkeep
|turn|17
|
|t:|1779929396
|move|p1a: Cinderace|U-turn|p2a: Dondozo
|-start|p1a: Cinderace|typechange|Bug|[from] ability: Libero
|-damage|p2a: Dondozo|79/100
|
|t:|1779929403
|switch|p1a: Sinistcha|Sinistcha-Masterpiece|100/100|[from] U-turn
|move|p2a: Dondozo|Body Press|p1a: Sinistcha
|-immune|p1a: Sinistcha
|
|-heal|p2a: Dondozo|85/100|[from] item: Leftovers
|upkeep
|turn|18
|
|t:|1779929415
|switch|p2a: Ting-Lu|Ting-Lu|90/100 brn
|-ability|p2a: Ting-Lu|Vessel of Ruin
|move|p1a: Sinistcha|Matcha Gotcha|p2a: Ting-Lu
|-supereffective|p2a: Ting-Lu
|-damage|p2a: Ting-Lu|57/100 brn
|
|-heal|p2a: Ting-Lu|63/100 brn|[from] item: Leftovers
|-damage|p2a: Ting-Lu|57/100 brn|[from] brn
|upkeep
|turn|19
|
|t:|1779929428
|switch|p1a: Corviknight|Corviknight, M|84/100
|move|p2a: Ting-Lu|Rest|p2a: Ting-Lu
|-status|p2a: Ting-Lu|slp|[from] move: Rest
|-heal|p2a: Ting-Lu|100/100 slp|[silent]
|
|upkeep
|turn|20
|
|t:|1779929438
|move|p1a: Corviknight|Heavy Slam|p2a: Ting-Lu
|-damage|p2a: Ting-Lu|93/100 slp
|cant|p2a: Ting-Lu|slp
|move|p2a: Ting-Lu|Sleep Talk|p2a: Ting-Lu
|move|p2a: Ting-Lu|Rest||[from] move: Sleep Talk|[still]
|-fail|p2a: Ting-Lu
|
|-heal|p2a: Ting-Lu|99/100 slp|[from] item: Leftovers
|upkeep
|turn|21
|
|t:|1779929457
|switch|p2a: Dondozo|Dondozo, M|85/100
|move|p1a: Corviknight|Body Press|p2a: Dondozo
|-damage|p2a: Dondozo|77/100
|
|-heal|p2a: Dondozo|83/100|[from] item: Leftovers
|upkeep
|turn|22
|
|t:|1779929468
|switch|p1a: Sinistcha|Sinistcha-Masterpiece|100/100
|move|p2a: Dondozo|Waterfall|p1a: Sinistcha
|-resisted|p1a: Sinistcha
|-damage|p1a: Sinistcha|88/100
|
|-heal|p2a: Dondozo|89/100|[from] item: Leftovers
|upkeep
|turn|23
|
|t:|1779929480
|switch|p2a: Ting-Lu|Ting-Lu|99/100 slp
|-ability|p2a: Ting-Lu|Vessel of Ruin
|move|p1a: Sinistcha|Strength Sap|p2a: Ting-Lu
|-unboost|p2a: Ting-Lu|atk|1
|-heal|p1a: Sinistcha|100/100
|
|-heal|p2a: Ting-Lu|100/100 slp|[from] item: Leftovers
|upkeep
|turn|24
|
|t:|1779929491
|move|p1a: Sinistcha|Matcha Gotcha|p2a: Ting-Lu
|-supereffective|p2a: Ting-Lu
|-damage|p2a: Ting-Lu|63/100 slp
|cant|p2a: Ting-Lu|slp
|move|p2a: Ting-Lu|Sleep Talk|p2a: Ting-Lu
|move|p2a: Ting-Lu|Earthquake|p1a: Sinistcha|[from] move: Sleep Talk
|-resisted|p1a: Sinistcha
|-damage|p1a: Sinistcha|90/100
|
|-heal|p2a: Ting-Lu|69/100 slp|[from] item: Leftovers
|upkeep
|turn|25
|
|t:|1779929504
|move|p1a: Sinistcha|Matcha Gotcha|p2a: Ting-Lu
|-supereffective|p2a: Ting-Lu
|-damage|p2a: Ting-Lu|32/100 slp
|-heal|p1a: Sinistcha|100/100|[from] drain|[of] p2a: Ting-Lu
|-curestatus|p2a: Ting-Lu|slp|[msg]
|move|p2a: Ting-Lu|Rest|p2a: Ting-Lu
|-status|p2a: Ting-Lu|slp|[from] move: Rest
|-heal|p2a: Ting-Lu|100/100 slp|[silent]
|
|upkeep
|turn|26
|
|t:|1779929518
|switch|p2a: Slowking|Slowking-Galar, M|100/100
|move|p1a: Sinistcha|Matcha Gotcha|p2a: Slowking
|-resisted|p2a: Slowking
|-damage|p2a: Slowking|87/100
|
|upkeep
|turn|27
|
|t:|1779929530
|switch|p1a: Corviknight|Corviknight, M|84/100
|move|p2a: Slowking|Toxic|p1a: Corviknight
|-immune|p1a: Corviknight
|
|upkeep
|turn|28
|
|t:|1779929538
|switch|p2a: Dondozo|Dondozo, M|89/100
|move|p1a: Corviknight|Heavy Slam|p2a: Dondozo
|-resisted|p2a: Dondozo
|-damage|p2a: Dondozo|86/100
|
|-heal|p2a: Dondozo|93/100|[from] item: Leftovers
|upkeep
|turn|29
|
|t:|1779929548
|switch|p1a: Sinistcha|Sinistcha-Masterpiece|100/100
|move|p2a: Dondozo|Waterfall|p1a: Sinistcha
|-resisted|p1a: Sinistcha
|-damage|p1a: Sinistcha|88/100
|
|-heal|p2a: Dondozo|99/100|[from] item: Leftovers
|upkeep
|turn|30
|
|t:|1779929557
|switch|p2a: Slowking|Slowking-Galar, M|100/100
|move|p1a: Sinistcha|Calm Mind|p1a: Sinistcha
|-boost|p1a: Sinistcha|spa|1
|-boost|p1a: Sinistcha|spd|1
|
|upkeep
|turn|31
|
|t:|1779929563
|move|p1a: Sinistcha|Shadow Ball|p2a: Slowking
|-supereffective|p2a: Slowking
|-damage|p2a: Slowking|30/100
|move|p2a: Slowking|Toxic|p1a: Sinistcha
|-status|p1a: Sinistcha|tox
|
|-damage|p1a: Sinistcha|82/100 tox|[from] psn
|upkeep
|turn|32
|
|t:|1779929577
|switch|p2a: Cinderace|Cinderace, M|73/100
|move|p1a: Sinistcha|Shadow Ball|p2a: Cinderace
|-damage|p2a: Cinderace|0 fnt
|faint|p2a: Cinderace
|
|-damage|p1a: Sinistcha|70/100 tox|[from] psn
|upkeep
|
|t:|1779929585
|switch|p2a: Kyurem|Kyurem|100/100
|-ability|p2a: Kyurem|Pressure
|turn|33
|
|t:|1779929593
|switch|p1a: Skeledirge|Skeledirge, F|100/100
|move|p2a: Kyurem|Earth Power|p1a: Skeledirge
|-supereffective|p1a: Skeledirge
|-damage|p1a: Skeledirge|53/100
|-unboost|p1a: Skeledirge|spd|1
|
|-heal|p1a: Skeledirge|59/100|[from] item: Leftovers
|upkeep
|turn|34
|
|t:|1779929603
|switch|p1a: Corviknight|Corviknight, M|84/100
|move|p2a: Kyurem|Earth Power|p1a: Corviknight
|-immune|p1a: Corviknight
|
|upkeep
|turn|35
|
|t:|1779929610
|move|p2a: Kyurem|Substitute|p2a: Kyurem
|-start|p2a: Kyurem|Substitute
|-damage|p2a: Kyurem|75/100
|move|p1a: Corviknight|Body Press|p2a: Kyurem
|-supereffective|p2a: Kyurem
|-end|p2a: Kyurem|Substitute
|
|-heal|p2a: Kyurem|82/100|[from] item: Leftovers
|upkeep
|turn|36
|
|t:|1779929618
|move|p2a: Kyurem|Protect|p2a: Kyurem
|-singleturn|p2a: Kyurem|Protect
|move|p1a: Corviknight|Body Press|p2a: Kyurem
|-activate|p2a: Kyurem|move: Protect
|
|-heal|p2a: Kyurem|88/100|[from] item: Leftovers
|upkeep
|turn|37
|
|t:|1779929628
|switch|p2a: Corviknight|Corviknight, M|63/100
|-ability|p2a: Corviknight|Pressure
|move|p1a: Corviknight|Heavy Slam|p2a: Corviknight
|-resisted|p2a: Corviknight
|-damage|p2a: Corviknight|59/100
|
|upkeep
|turn|38
|
|t:|1779929637
|move|p2a: Corviknight|Roost|p2a: Corviknight
|-heal|p2a: Corviknight|100/100
|-singleturn|p2a: Corviknight|move: Roost
|move|p1a: Corviknight|Iron Defense|p1a: Corviknight
|-boost|p1a: Corviknight|def|2
|
|upkeep
|turn|39
|
|t:|1779929654
|switch|p2a: Dondozo|Dondozo, M|99/100
|move|p1a: Corviknight|Iron Defense|p1a: Corviknight
|-boost|p1a: Corviknight|def|2
|
|-heal|p2a: Dondozo|100/100|[from] item: Leftovers
|upkeep
|turn|40
|
|t:|1779929666
|switch|p1a: Sinistcha|Sinistcha-Masterpiece|70/100 tox
|move|p2a: Dondozo|Body Press|p1a: Sinistcha
|-immune|p1a: Sinistcha
|
|-damage|p1a: Sinistcha|64/100 tox|[from] psn
|upkeep
|turn|41
|
|t:|1779929679
|switch|p2a: Corviknight|Corviknight, M|100/100
|-ability|p2a: Corviknight|Pressure
|move|p1a: Sinistcha|Matcha Gotcha|p2a: Corviknight
|-resisted|p2a: Corviknight
|-damage|p2a: Corviknight|89/100
|-heal|p1a: Sinistcha|71/100 tox|[from] drain|[of] p2a: Corviknight
|
|-damage|p1a: Sinistcha|59/100 tox|[from] psn
|upkeep
|turn|42
|
|t:|1779929690
|move|p1a: Sinistcha|Strength Sap|p2a: Corviknight
|-unboost|p2a: Corviknight|atk|1
|-heal|p1a: Sinistcha|100/100 tox
|move|p2a: Corviknight|Brave Bird|p1a: Sinistcha
|-supereffective|p1a: Sinistcha
|-damage|p1a: Sinistcha|57/100 tox
|-damage|p2a: Corviknight|77/100|[from] Recoil
|
|-damage|p1a: Sinistcha|39/100 tox|[from] psn
|upkeep
|turn|43
|
|t:|1779929702
|switch|p2a: Ting-Lu|Ting-Lu|100/100 slp
|-ability|p2a: Ting-Lu|Vessel of Ruin
|move|p1a: Sinistcha|Strength Sap|p2a: Ting-Lu
|-unboost|p2a: Ting-Lu|atk|1
|-heal|p1a: Sinistcha|100/100 tox
|
|-damage|p1a: Sinistcha|76/100 tox|[from] psn
|upkeep
|turn|44
|
|t:|1779929718
|switch|p1a: Corviknight|Corviknight, M|84/100
|switch|p2a: Corviknight|Corviknight, M|77/100
|-ability|p2a: Corviknight|Pressure
|
|upkeep
|turn|45
|
|t:|1779929727
|switch|p2a: Slowking|Slowking-Galar, M|63/100
|switch|p1a: Polteageist|Polteageist-Antique|100/100
|
|upkeep
|turn|46
|
|t:|1779929745
|move|p1a: Polteageist|Shell Smash|p1a: Polteageist
|-unboost|p1a: Polteageist|def|1
|-unboost|p1a: Polteageist|spd|1
|-boost|p1a: Polteageist|atk|2
|-boost|p1a: Polteageist|spa|2
|-boost|p1a: Polteageist|spe|2
|-enditem|p1a: Polteageist|White Herb
|-clearnegativeboost|p1a: Polteageist|[silent]
|move|p2a: Slowking|Toxic|p1a: Polteageist
|-status|p1a: Polteageist|tox
|
|-damage|p1a: Polteageist|94/100 tox|[from] psn
|upkeep
|turn|47
|
|t:|1779929757
|switch|p2a: Ting-Lu|Ting-Lu|100/100 slp
|-ability|p2a: Ting-Lu|Vessel of Ruin
|move|p1a: Polteageist|Shadow Ball|p2a: Ting-Lu
|-resisted|p2a: Ting-Lu
|-damage|p2a: Ting-Lu|80/100 slp
|
|-heal|p2a: Ting-Lu|87/100 slp|[from] item: Leftovers
|-damage|p1a: Polteageist|82/100 tox|[from] psn
|upkeep
|turn|48
|
|t:|1779929771
|move|p1a: Polteageist|Strength Sap|p2a: Ting-Lu
|-unboost|p2a: Ting-Lu|atk|1
|-heal|p1a: Polteageist|100/100 tox
|cant|p2a: Ting-Lu|slp
|move|p2a: Ting-Lu|Sleep Talk|p2a: Ting-Lu
|move|p2a: Ting-Lu|Payback|p1a: Polteageist|[from] move: Sleep Talk
|-supereffective|p1a: Polteageist
|-damage|p1a: Polteageist|5/100 tox
|-start|p2a: Ting-Lu|Disable|Sleep Talk|[from] ability: Cursed Body|[of] p1a: Polteageist
|
|-heal|p2a: Ting-Lu|93/100 slp|[from] item: Leftovers
|-damage|p1a: Polteageist|0 fnt|[from] psn
|faint|p1a: Polteageist
|upkeep
|
|t:|1779929787
|switch|p1a: Meowscarada|Meowscarada, M|84/100
|turn|49
|
|t:|1779929801
|switch|p2a: Corviknight|Corviknight, M|77/100
|-ability|p2a: Corviknight|Pressure
|move|p1a: Meowscarada|Triple Axel|p2a: Corviknight
|-start|p1a: Meowscarada|typechange|Ice|[from] ability: Protean
|-damage|p2a: Corviknight|68/100
|-damage|p2a: Corviknight|51/100
|-damage|p2a: Corviknight|26/100
|-hitcount|p2a: Corviknight|3
|
|upkeep
|turn|50
|
|t:|1779929814
|switch|p2a: Dondozo|Dondozo, M|100/100
|move|p1a: Meowscarada|Triple Axel|p2a: Dondozo
|-resisted|p2a: Dondozo
|-crit|p2a: Dondozo
|-damage|p2a: Dondozo|96/100
|-resisted|p2a: Dondozo
|-crit|p2a: Dondozo
|-damage|p2a: Dondozo|86/100
|-resisted|p2a: Dondozo
|-damage|p2a: Dondozo|77/100
|-hitcount|p2a: Dondozo|3
|
|-heal|p2a: Dondozo|83/100|[from] item: Leftovers
|upkeep
|turn|51
|
|t:|1779929829
|switch|p1a: Sinistcha|Sinistcha-Masterpiece|76/100 tox
|switch|p2a: Slowking|Slowking-Galar, M|96/100
|
|-damage|p1a: Sinistcha|70/100 tox|[from] psn
|upkeep
|turn|52
|
|t:|1779929842
|switch|p1a: Corviknight|Corviknight, M|84/100
|switch|p2a: Ting-Lu|Ting-Lu|93/100 slp
|-ability|p2a: Ting-Lu|Vessel of Ruin
|
|-heal|p2a: Ting-Lu|99/100 slp|[from] item: Leftovers
|upkeep
|turn|53
|
|t:|1779929855
|switch|p1a: Meowscarada|Meowscarada, M|84/100
|switch|p2a: Corviknight|Corviknight, M|26/100
|-ability|p2a: Corviknight|Pressure
|
|upkeep
|turn|54
|
|t:|1779929866
|move|p1a: Meowscarada|Flower Trick|p2a: Corviknight
|-start|p1a: Meowscarada|typechange|Grass|[from] ability: Protean
|-resisted|p2a: Corviknight
|-crit|p2a: Corviknight
|-damage|p2a: Corviknight|16/100
|move|p2a: Corviknight|Roost|p2a: Corviknight
|-heal|p2a: Corviknight|66/100
|-singleturn|p2a: Corviknight|move: Roost
|
|upkeep
|turn|55
|
|t:|1779929878
|switch|p1a: Cinderace|Cinderace, M|75/100
|move|p2a: Corviknight|Roost|p2a: Corviknight
|-heal|p2a: Corviknight|100/100
|-singleturn|p2a: Corviknight|move: Roost
|
|upkeep
|turn|56
|
|t:|1779929888
|switch|p2a: Dondozo|Dondozo, M|83/100
|move|p1a: Cinderace|Pyro Ball|p2a: Dondozo
|-resisted|p2a: Dondozo
|-damage|p2a: Dondozo|71/100
|
|-heal|p2a: Dondozo|78/100|[from] item: Leftovers
|upkeep
|turn|57
|
|t:|1779929897
|move|p1a: Cinderace|Gunk Shot|p2a: Dondozo
|-start|p1a: Cinderace|typechange|Poison|[from] ability: Libero
|-damage|p2a: Dondozo|52/100
|-status|p2a: Dondozo|psn
|move|p2a: Dondozo|Body Press|p1a: Cinderace
|-resisted|p1a: Cinderace
|-damage|p1a: Cinderace|53/100
|
|-heal|p2a: Dondozo|58/100 psn|[from] item: Leftovers
|-damage|p2a: Dondozo|46/100 psn|[from] psn
|upkeep
|turn|58
|
|t:|1779929910
|move|p1a: Cinderace|U-turn|p2a: Dondozo
|-damage|p2a: Dondozo|36/100 psn
|
|t:|1779929917
|switch|p1a: Sinistcha|Sinistcha-Masterpiece|70/100 tox|[from] U-turn
|move|p2a: Dondozo|Rest|p2a: Dondozo
|-status|p2a: Dondozo|slp|[from] move: Rest
|-heal|p2a: Dondozo|100/100 slp|[silent]
|
|-damage|p1a: Sinistcha|64/100 tox|[from] psn
|upkeep
|turn|59
|
|t:|1779929928
|switch|p2a: Corviknight|Corviknight, M|100/100
|-ability|p2a: Corviknight|Pressure
|move|p1a: Sinistcha|Strength Sap|p2a: Corviknight
|-unboost|p2a: Corviknight|atk|1
|-heal|p1a: Sinistcha|100/100 tox
|
|-damage|p1a: Sinistcha|88/100 tox|[from] psn
|upkeep
|turn|60
|
|t:|1779929939
|switch|p1a: Skeledirge|Skeledirge, F|59/100
|switch|p2a: Ting-Lu|Ting-Lu|99/100 slp
|-ability|p2a: Ting-Lu|Vessel of Ruin
|
|-heal|p1a: Skeledirge|65/100|[from] item: Leftovers
|-heal|p2a: Ting-Lu|100/100 slp|[from] item: Leftovers
|upkeep
|turn|61
|
|t:|1779929948
|move|p1a: Skeledirge|Torch Song|p2a: Ting-Lu
|-damage|p2a: Ting-Lu|88/100 slp
|-boost|p1a: Skeledirge|spa|1
|cant|p2a: Ting-Lu|slp
|move|p2a: Ting-Lu|Sleep Talk|p2a: Ting-Lu
|move|p2a: Ting-Lu|Rest||[from] move: Sleep Talk|[still]
|-fail|p2a: Ting-Lu
|
|-heal|p1a: Skeledirge|71/100|[from] item: Leftovers
|-heal|p2a: Ting-Lu|94/100 slp|[from] item: Leftovers
|upkeep
|turn|62
|
|t:|1779929960
|move|p1a: Skeledirge|Torch Song|p2a: Ting-Lu
|-crit|p2a: Ting-Lu
|-damage|p2a: Ting-Lu|65/100 slp
|-boost|p1a: Skeledirge|spa|1
|-curestatus|p2a: Ting-Lu|slp|[msg]
|move|p2a: Ting-Lu|Earthquake|p1a: Skeledirge
|-supereffective|p1a: Skeledirge
|-damage|p1a: Skeledirge|8/100
|
|-heal|p1a: Skeledirge|14/100|[from] item: Leftovers
|-heal|p2a: Ting-Lu|72/100|[from] item: Leftovers
|upkeep
|turn|63
|
|t:|1779929973
|move|p1a: Skeledirge|Torch Song|p2a: Ting-Lu
|-damage|p2a: Ting-Lu|48/100
|-boost|p1a: Skeledirge|spa|1
|move|p2a: Ting-Lu|Payback|p1a: Skeledirge
|-supereffective|p1a: Skeledirge
|-crit|p1a: Skeledirge
|-damage|p1a: Skeledirge|0 fnt
|faint|p1a: Skeledirge
|
|-heal|p2a: Ting-Lu|54/100|[from] item: Leftovers
|upkeep
|-message|randomefre forfeited.
|
|win|ggs stall!
|raw|randomefre's rating: 1210 &rarr; <strong>1185</strong><br />(-25 for losing)
|raw|ggs stall!'s rating: 1209 &rarr; <strong>1234</strong><br />(+25 for winning)
|l|☆randomefre
|player|p1|
