|j|☆Rubicouss
|j|☆AmygdalanResponse
|t:|1779853391
|gametype|singles
|player|p1|Rubicouss|gambler|1470
|player|p2|AmygdalanResponse|marshal|1545
|gen|9
|tier|[Gen 9] OU
|rated|
|rule|HP Percentage Mod: HP is shown in percentages
|rule|Endless Battle Clause: Forcing endless battles is banned
|rule|Species Clause: Limit one of each Pokémon
|rule|OHKO Clause: OHKO moves are banned
|rule|Evasion Items Clause: Evasion items are banned
|rule|Evasion Moves Clause: Evasion moves are banned
|rule|Evasion Abilities Clause: Evasion abilities are banned
|rule|Sleep Moves Clause: Sleep-inducing moves are banned
|clearpoke
|poke|p1|Abomasnow, F|
|poke|p1|Krookodile, F|
|poke|p1|Flygon, M|
|poke|p1|Hippowdon, F|
|poke|p1|Venusaur, F|
|poke|p1|Shiftry, M|
|poke|p2|Ribombee, F|
|poke|p2|Manaphy|
|poke|p2|Ceruledge, F|
|poke|p2|Great Tusk|
|poke|p2|Ogerpon-Cornerstone, F|
|poke|p2|Enamorus, F|
|teampreview
|c|☆AmygdalanResponse|gl hf
|
|t:|1779853404
|teamsize|p1|6
|teamsize|p2|6
|start
|switch|p1a: Abomasnow|Abomasnow, F|100/100
|switch|p2a: Ribombee|Ribombee, F|100/100
|-weather|Snowscape|[from] ability: Snow Warning|[of] p1a: Abomasnow
|turn|1
|
|t:|1779853410
|move|p2a: Ribombee|Sticky Web|p1a: Abomasnow
|-sidestart|p1: Rubicouss|move: Sticky Web
|move|p1a: Abomasnow|Aurora Veil|p1a: Abomasnow
|-sidestart|p1: Rubicouss|move: Aurora Veil
|
|-weather|Snowscape|[upkeep]
|upkeep
|turn|2
|
|t:|1779853417
|move|p2a: Ribombee|Moonblast|p1a: Abomasnow
|-damage|p1a: Abomasnow|86/100
|move|p1a: Abomasnow|Swords Dance|p1a: Abomasnow
|-boost|p1a: Abomasnow|atk|2
|
|-weather|Snowscape|[upkeep]
|upkeep
|turn|3
|
|t:|1779853423
|move|p2a: Ribombee|Moonblast|p1a: Abomasnow
|-damage|p1a: Abomasnow|71/100
|move|p1a: Abomasnow|Ice Spinner|p2a: Ribombee
|-enditem|p2a: Ribombee|Focus Sash
|-damage|p2a: Ribombee|1/100
|
|-weather|Snowscape|[upkeep]
|upkeep
|turn|4
|
|t:|1779853428
|move|p2a: Ribombee|Moonblast|p1a: Abomasnow
|-damage|p1a: Abomasnow|58/100
|move|p1a: Abomasnow|Ice Spinner|p2a: Ribombee
|-damage|p2a: Ribombee|0 fnt
|faint|p2a: Ribombee
|
|-weather|Snowscape|[upkeep]
|upkeep
|
|t:|1779853430
|switch|p2a: Ogerpon|Ogerpon-Cornerstone, F|100/100
|turn|5
|
|t:|1779853434
|move|p2a: Ogerpon|Ivy Cudgel|p1a: Abomasnow|[anim] Ivy Cudgel Rock
|-supereffective|p1a: Abomasnow
|-damage|p1a: Abomasnow|13/100
|move|p1a: Abomasnow|Ice Spinner|p2a: Ogerpon
|-supereffective|p2a: Ogerpon
|-ability|p2a: Ogerpon|Sturdy
|-damage|p2a: Ogerpon|1/100
|
|-weather|none
|upkeep
|turn|6
|
|t:|1779853448
|move|p2a: Ogerpon|Low Kick|p1a: Abomasnow
|-supereffective|p1a: Abomasnow
|-damage|p1a: Abomasnow|0 fnt
|faint|p1a: Abomasnow
|
|upkeep
|
|t:|1779853457
|switch|p1a: Shiftry|Shiftry, M|100/100
|turn|7
|
|t:|1779853472
|-terastallize|p1a: Shiftry|Fairy
|move|p2a: Ogerpon|Ivy Cudgel|p1a: Shiftry|[anim] Ivy Cudgel Rock
|-damage|p1a: Shiftry|59/100
|move|p1a: Shiftry|Tailwind|p1a: Shiftry
|-sidestart|p1: Rubicouss|move: Tailwind
|-ability|p1a: Shiftry|Wind Rider|boost
|-boost|p1a: Shiftry|atk|1
|
|upkeep
|turn|8
|
|t:|1779853518
|move|p1a: Shiftry|Defog|p2a: Ogerpon
|-unboost|p2a: Ogerpon|evasion|1
|-sideend|p1: Rubicouss|Sticky Web|[from] move: Defog|[of] p1a: Shiftry
|move|p2a: Ogerpon|Ivy Cudgel|p1a: Shiftry|[anim] Ivy Cudgel Rock
|-damage|p1a: Shiftry|22/100
|
|-sideend|p1: Rubicouss|move: Aurora Veil
|upkeep
|turn|9
|
|t:|1779853546
|move|p1a: Shiftry|Knock Off|p2a: Ogerpon
|-damage|p2a: Ogerpon|0 fnt
|faint|p2a: Ogerpon
|
|upkeep
|
|t:|1779853553
|switch|p2a: Enamorus|Enamorus, F|100/100
|turn|10
|
|t:|1779853558
|move|p1a: Shiftry|Knock Off|p2a: Enamorus
|-resisted|p2a: Enamorus
|-damage|p2a: Enamorus|59/100
|-enditem|p2a: Enamorus|Choice Specs|[from] move: Knock Off|[of] p1a: Shiftry
|move|p2a: Enamorus|Moonblast|p1a: Shiftry
|-damage|p1a: Shiftry|0 fnt
|faint|p1a: Shiftry
|
|-sideend|p1: Rubicouss|move: Tailwind
|upkeep
|
|t:|1779853579
|switch|p1a: Krookodile|Krookodile, F|100/100
|turn|11
|
|t:|1779853587
|move|p1a: Krookodile|Endure|p1a: Krookodile
|-singleturn|p1a: Krookodile|move: Endure
|move|p2a: Enamorus|Moonblast|p1a: Krookodile
|-supereffective|p1a: Krookodile
|-activate|p1a: Krookodile|move: Endure
|-damage|p1a: Krookodile|1/100
|-enditem|p1a: Krookodile|Salac Berry|[eat]
|-boost|p1a: Krookodile|spe|1|[from] item: Salac Berry
|
|upkeep
|turn|12
|-message|Rubicouss forfeited.
|
|win|AmygdalanResponse
|raw|Rubicouss's rating: 1470 &rarr; <strong>1454</strong><br />(-16 for losing)
|raw|AmygdalanResponse's rating: 1545 &rarr; <strong>1561</strong><br />(+16 for winning)
|l|☆Rubicouss
|player|p1|
