|j|☆KupiKun
|j|☆JoaMidgard
|t:|1779883633
|gametype|singles
|player|p1|KupiKun|265|1078
|player|p2|JoaMidgard|veteran|1131
|gen|9
|tier|[Gen 9] OU
|rated|
|rule|HP Percentage Mod: HP is shown in percentages
|rule|Endless Battle Clause: Forcing endless battles is banned
|rule|Species Clause: Limit one of each Pokémon
|rule|OHKO Clause: OHKO moves are banned
|rule|Evasion Items Clause: Evasion items are banned
|rule|Evasion Moves Clause: Evasion moves are banned
|rule|Evasion Abilities Clause: Evasion abilities are banned
|rule|Sleep Moves Clause: Sleep-inducing moves are banned
|clearpoke
|poke|p1|Florges-Yellow, F|
|poke|p1|Klefki, F|
|poke|p1|Cryogonal|
|poke|p1|Mienshao, F|
|poke|p1|Victreebel, M|
|poke|p1|Chandelure, M|
|poke|p2|Tyranitar, M|
|poke|p2|Excadrill, F|
|poke|p2|Landorus-Therian, M|
|poke|p2|Ogerpon-Wellspring, F|
|poke|p2|Hatterene, F|
|poke|p2|Dragapult, F|
|teampreview
|
|t:|1779883650
|teamsize|p1|6
|teamsize|p2|6
|start
|switch|p1a: Pink Panther|Mienshao, F, shiny|100/100
|switch|p2a: Ogerpon|Ogerpon-Wellspring, F|100/100
|turn|1
|
|t:|1779883663
|switch|p2a: Dragapult|Dragapult, F|100/100
|move|p1a: Pink Panther|U-turn|p2a: Dragapult
|-resisted|p2a: Dragapult
|-damage|p2a: Dragapult|88/100
|
|t:|1779883669
|switch|p1a: Pot of Greed|Victreebel, M, shiny|100/100|[from] U-turn
|
|upkeep
|turn|2
|
|t:|1779883677
|move|p2a: Dragapult|Light Screen|p2a: Dragapult
|-sidestart|p2: JoaMidgard|move: Light Screen
|move|p1a: Pot of Greed|Knock Off|p2a: Dragapult
|-supereffective|p2a: Dragapult
|-damage|p2a: Dragapult|24/100
|-enditem|p2a: Dragapult|Light Clay|[from] move: Knock Off|[of] p1a: Pot of Greed
|
|upkeep
|turn|3
|
|t:|1779883684
|move|p2a: Dragapult|Reflect|p2a: Dragapult
|-sidestart|p2: JoaMidgard|Reflect
|move|p1a: Pot of Greed|Knock Off|p2a: Dragapult
|-supereffective|p2a: Dragapult
|-damage|p2a: Dragapult|4/100
|
|upkeep
|turn|4
|
|t:|1779883690
|move|p2a: Dragapult|Will-O-Wisp|p1a: Pot of Greed|[miss]
|-miss|p2a: Dragapult|p1a: Pot of Greed
|move|p1a: Pot of Greed|Toxic|p2a: Dragapult
|-status|p2a: Dragapult|tox
|
|-damage|p2a: Dragapult|0 fnt|[from] psn
|faint|p2a: Dragapult
|upkeep
|
|t:|1779883705
|switch|p2a: Hatterene|Hatterene, F|100/100
|turn|5
|
|t:|1779883713
|move|p1a: Pot of Greed|Acid Spray|p2a: Hatterene
|-supereffective|p2a: Hatterene
|-damage|p2a: Hatterene|84/100
|-unboost|p2a: Hatterene|spd|2
|move|p2a: Hatterene|Mystical Fire|p1a: Pot of Greed
|-supereffective|p1a: Pot of Greed
|-damage|p1a: Pot of Greed|16/100
|-unboost|p1a: Pot of Greed|spa|1
|
|upkeep
|turn|6
|-enditem|p1a: Pot of Greed|Custap Berry|[eat]
|-activate|p1a: Pot of Greed|item: Custap Berry|[consumed]
|
|t:|1779883723
|move|p1a: Pot of Greed|Leaf Storm|p2a: Hatterene
|-damage|p2a: Hatterene|46/100
|-unboost|p1a: Pot of Greed|spa|2
|move|p2a: Hatterene|Psyshock|p1a: Pot of Greed
|-supereffective|p1a: Pot of Greed
|-damage|p1a: Pot of Greed|0 fnt
|faint|p1a: Pot of Greed
|
|upkeep
|
|t:|1779883738
|switch|p1a: Sectonia|Florges-Yellow, F, shiny|100/100
|turn|7
|
|t:|1779883745
|move|p1a: Sectonia|Copycat|p1a: Sectonia
|move|p1a: Sectonia|Psyshock|p2a: Hatterene|[from] move: Copycat
|-resisted|p2a: Hatterene
|-damage|p2a: Hatterene|40/100
|move|p2a: Hatterene|Gravity|p2a: Hatterene
|-fieldstart|move: Gravity
|
|-sideend|p2: JoaMidgard|Reflect
|upkeep
|turn|8
|
|t:|1779883757
|switch|p2a: Tyranitar|Tyranitar, M|100/100
|-weather|Sandstorm|[from] ability: Sand Stream|[of] p2a: Tyranitar
|move|p1a: Sectonia|Psychic Noise|p2a: Tyranitar
|-immune|p2a: Tyranitar
|
|-weather|Sandstorm|[upkeep]
|-damage|p1a: Sectonia|94/100|[from] Sandstorm
|upkeep
|turn|9
|
|t:|1779883769
|move|p1a: Sectonia|Moonblast|p2a: Tyranitar
|-supereffective|p2a: Tyranitar
|-damage|p2a: Tyranitar|81/100
|move|p2a: Tyranitar|Ice Beam|p1a: Sectonia
|-damage|p1a: Sectonia|82/100
|
|-weather|Sandstorm|[upkeep]
|-damage|p1a: Sectonia|76/100|[from] Sandstorm
|-sideend|p2: JoaMidgard|move: Light Screen
|upkeep
|turn|10
|
|t:|1779883781
|switch|p2a: Excadrill|Excadrill, F|100/100
|move|p1a: Sectonia|Moonblast|p2a: Excadrill
|-resisted|p2a: Excadrill
|-damage|p2a: Excadrill|69/100
|-unboost|p2a: Excadrill|spa|1
|
|-weather|Sandstorm|[upkeep]
|-damage|p1a: Sectonia|70/100|[from] Sandstorm
|upkeep
|turn|11
|
|t:|1779883794
|switch|p1a: Pink Panther|Mienshao, F, shiny|100/100
|-terastallize|p2a: Excadrill|Ground
|move|p2a: Excadrill|Earthquake|p1a: Pink Panther
|-damage|p1a: Pink Panther|0 fnt
|faint|p1a: Pink Panther
|
|-weather|Sandstorm|[upkeep]
|-fieldend|move: Gravity
|upkeep
|
|t:|1779883806
|switch|p1a: Ren|Cryogonal|100/100
|turn|12
|
|t:|1779883820
|switch|p2a: Ogerpon|Ogerpon-Wellspring, F|100/100
|move|p1a: Ren|Ice Beam|p2a: Ogerpon
|-damage|p2a: Ogerpon|57/100
|
|-weather|Sandstorm|[upkeep]
|-damage|p2a: Ogerpon|51/100|[from] Sandstorm
|-damage|p1a: Ren|95/100|[from] Sandstorm
|upkeep
|turn|13
|
|t:|1779883825
|switch|p2a: Hatterene|Hatterene, F|40/100
|move|p1a: Ren|Freeze-Dry|p2a: Hatterene
|-damage|p2a: Hatterene|6/100
|
|-weather|Sandstorm|[upkeep]
|-damage|p1a: Ren|89/100|[from] Sandstorm
|upkeep
|turn|14
|
|t:|1779883834
|move|p1a: Ren|Freeze-Dry|p2a: Hatterene
|-damage|p2a: Hatterene|0 fnt
|faint|p2a: Hatterene
|
|-weather|Sandstorm|[upkeep]
|-damage|p1a: Ren|83/100|[from] Sandstorm
|upkeep
|
|t:|1779883838
|switch|p2a: Landorus|Landorus-Therian, M|100/100
|-ability|p2a: Landorus|Intimidate|boost
|-unboost|p1a: Ren|atk|1
|turn|15
|
|t:|1779883848
|move|p1a: Ren|Freeze-Dry|p2a: Landorus
|-supereffective|p2a: Landorus
|-damage|p2a: Landorus|0 fnt
|faint|p2a: Landorus
|
|-weather|none
|upkeep
|
|t:|1779883860
|switch|p2a: Tyranitar|Tyranitar, M|81/100
|-weather|Sandstorm|[from] ability: Sand Stream|[of] p2a: Tyranitar
|turn|16
|
|t:|1779883866
|move|p1a: Ren|Chilling Water|p2a: Tyranitar
|-supereffective|p2a: Tyranitar
|-damage|p2a: Tyranitar|70/100
|-unboost|p2a: Tyranitar|atk|1
|move|p2a: Tyranitar|Roar|p1a: Ren
|drag|p1a: Sectonia|Florges-Yellow, F, shiny|70/100
|
|-weather|Sandstorm|[upkeep]
|-damage|p1a: Sectonia|63/100|[from] Sandstorm
|upkeep
|turn|17
|
|t:|1779883876
|switch|p2a: Excadrill|Excadrill, F, tera:Ground|69/100
|move|p1a: Sectonia|Moonblast|p2a: Excadrill
|-damage|p2a: Excadrill|11/100
|
|-weather|Sandstorm|[upkeep]
|-damage|p1a: Sectonia|57/100|[from] Sandstorm
|upkeep
|turn|18
|
|t:|1779883889
|switch|p1a: Ren|Cryogonal|83/100
|move|p2a: Excadrill|Iron Head|p1a: Ren
|-supereffective|p1a: Ren
|-damage|p1a: Ren|0 fnt
|faint|p1a: Ren
|
|-weather|Sandstorm|[upkeep]
|upkeep
|
|t:|1779883900
|switch|p1a: Keyblade|Klefki, F, shiny|100/100
|turn|19
|
|t:|1779883909
|switch|p2a: Ogerpon|Ogerpon-Wellspring, F|51/100
|move|p1a: Keyblade|Dazzling Gleam|p2a: Ogerpon
|-damage|p2a: Ogerpon|19/100
|
|-weather|Sandstorm|[upkeep]
|-damage|p2a: Ogerpon|13/100|[from] Sandstorm
|upkeep
|turn|20
|
|t:|1779883925
|move|p2a: Ogerpon|Horn Leech|p1a: Keyblade
|-resisted|p1a: Keyblade
|-damage|p1a: Keyblade|73/100
|-heal|p2a: Ogerpon|26/100|[from] drain|[of] p1a: Keyblade
|move|p1a: Keyblade|Dazzling Gleam|p2a: Ogerpon
|-damage|p2a: Ogerpon|0 fnt
|faint|p2a: Ogerpon
|
|-weather|Sandstorm|[upkeep]
|upkeep
|
|t:|1779883936
|switch|p2a: Excadrill|Excadrill, F, tera:Ground|11/100
|turn|21
|
|t:|1779883947
|move|p2a: Excadrill|Rock Slide|p1a: Keyblade
|-resisted|p1a: Keyblade
|-damage|p1a: Keyblade|48/100
|-enditem|p1a: Keyblade|Sitrus Berry|[eat]
|-heal|p1a: Keyblade|73/100|[from] item: Sitrus Berry
|move|p1a: Keyblade|Dazzling Gleam|p2a: Excadrill
|-damage|p2a: Excadrill|0 fnt
|faint|p2a: Excadrill
|-item|p1a: Keyblade|Choice Band|[from] ability: Magician|[of] p2: Excadrill
|
|-weather|Sandstorm|[upkeep]
|upkeep
|
|t:|1779883950
|switch|p2a: Tyranitar|Tyranitar, M|70/100
|turn|22
|
|t:|1779883960
|-terastallize|p1a: Keyblade|Steel
|move|p1a: Keyblade|Steel Beam|p2a: Tyranitar
|-supereffective|p2a: Tyranitar
|-damage|p2a: Tyranitar|14/100
|-damage|p1a: Keyblade|23/100|[from] steelbeam
|move|p2a: Tyranitar|Roar|p1a: Keyblade
|drag|p1a: Sectonia|Florges-Yellow, F, shiny|57/100
|
|-weather|Sandstorm|[upkeep]
|-damage|p1a: Sectonia|51/100|[from] Sandstorm
|upkeep
|turn|23
|
|t:|1779883971
|move|p2a: Tyranitar|Protect|p2a: Tyranitar
|-singleturn|p2a: Tyranitar|Protect
|move|p1a: Sectonia|Moonblast|p2a: Tyranitar
|-activate|p2a: Tyranitar|move: Protect
|
|-weather|none
|upkeep
|turn|24
|
|t:|1779883980
|move|p1a: Sectonia|Moonblast|p2a: Tyranitar
|-supereffective|p2a: Tyranitar
|-damage|p2a: Tyranitar|0 fnt
|faint|p2a: Tyranitar
|
|win|KupiKun
|raw|KupiKun's rating: 1078 &rarr; <strong>1111</strong><br />(+33 for winning)
|raw|JoaMidgard's rating: 1131 &rarr; <strong>1102</strong><br />(-29 for losing)
|l|☆JoaMidgard
|player|p2|
|l|☆KupiKun
|player|p1|
