|j|☆sturdy gengar
|j|☆lilith q
|t:|1779900694
|gametype|singles
|player|p1|sturdy gengar|101|1105
|player|p2|lilith q|clair|1112
|gen|9
|tier|[Gen 9] OU
|rated|
|rule|HP Percentage Mod: HP is shown in percentages
|rule|Endless Battle Clause: Forcing endless battles is banned
|rule|Species Clause: Limit one of each Pokémon
|rule|OHKO Clause: OHKO moves are banned
|rule|Evasion Items Clause: Evasion items are banned
|rule|Evasion Moves Clause: Evasion moves are banned
|rule|Evasion Abilities Clause: Evasion abilities are banned
|rule|Sleep Moves Clause: Sleep-inducing moves are banned
|clearpoke
|poke|p1|Azumarill, F|
|poke|p1|Dragonite, F|
|poke|p1|Rotom-Wash|
|poke|p1|Kingambit, F|
|poke|p1|Gloom, F|
|poke|p1|Conkeldurr, M|
|poke|p2|Ninetales, F|
|poke|p2|Venusaur, F|
|poke|p2|Walking Wake|
|poke|p2|Cresselia, F|
|poke|p2|Great Tusk|
|poke|p2|Cinderace, F|
|teampreview
|inactive|Battle timer is ON: inactive players will automatically lose when time's up. (requested by lilith q)
|c|☆lilith q|glhf
|c|☆lilith q|!dt iron fist
|c|☆lilith q|/raw <ul class="utilichart"><li class="result"><span class="col namecol"><a href="https://dex.pokemonshowdown.com/abilities/ironfist">Iron Fist</a></span> <span class="col abilitydesccol">This Pokemon's punch-based attacks have 1.2x power. Sucker Punch is not boosted.</span> </li><li style="clear:both"></li></ul>
|c|☆lilith q|/raw <font size="1"><font color="#686868">Gen:</font> 4</font>

|c|☆lilith q|!dt sheer force
|c|☆lilith q|/raw <ul class="utilichart"><li class="result"><span class="col namecol"><a href="https://dex.pokemonshowdown.com/abilities/sheerforce">Sheer Force</a></span> <span class="col abilitydesccol">This Pokemon's attacks with secondary effects have 1.3x power; nullifies the effects.</span> </li><li style="clear:both"></li></ul>
|c|☆lilith q|/raw <font size="1"><font color="#686868">Gen:</font> 5</font>

|inactive|sturdy gengar has 120 seconds left.
|
|t:|1779900735
|teamsize|p1|6
|teamsize|p2|6
|start
|switch|p1a: Gloom|Gloom, F|100/100
|switch|p2a: Ninetales|Ninetales, F, shiny|100/100
|-weather|SunnyDay|[from] ability: Drought|[of] p2a: Ninetales
|turn|1
|c|☆lilith q|!dt stench
|c|☆lilith q|/raw <ul class="utilichart"><li class="result"><span class="col namecol"><a href="https://dex.pokemonshowdown.com/abilities/stench">Stench</a></span> <span class="col abilitydesccol">This Pokemon's attacks without a chance to flinch gain a 10% chance to flinch.</span> </li><li style="clear:both"></li></ul>
|c|☆lilith q|/raw <font size="1"><font color="#686868">Gen:</font> 3</font>

|
|t:|1779900752
|switch|p2a: Venusaur|Venusaur, F|100/100
|switch|p1a: Rotom|Rotom-Wash|100/100
|
|-weather|SunnyDay|[upkeep]
|upkeep
|turn|2
|
|t:|1779900764
|move|p2a: Venusaur|Growth|p2a: Venusaur
|-boost|p2a: Venusaur|atk|2
|-boost|p2a: Venusaur|spa|2
|move|p1a: Rotom|Trick|p2a: Venusaur
|-activate|p1a: Rotom|move: Trick|[of] p2a: Venusaur
|-item|p2a: Venusaur|Choice Scarf|[from] move: Trick
|-item|p1a: Rotom|Leftovers|[from] move: Trick
|
|-weather|SunnyDay|[upkeep]
|upkeep
|turn|3
|
|t:|1779900775
|move|p2a: Venusaur|Solar Beam||[still]
|-prepare|p2a: Venusaur|Solar Beam
|-anim|p2a: Venusaur|Solar Beam|p1a: Rotom
|-supereffective|p1a: Rotom
|-damage|p1a: Rotom|0 fnt
|faint|p1a: Rotom
|
|-weather|SunnyDay|[upkeep]
|upkeep
|
|t:|1779900784
|switch|p1a: Azumarill|Azumarill, F|100/100
|turn|4
|
|t:|1779900789
|move|p2a: Venusaur|Solar Beam||[still]
|-prepare|p2a: Venusaur|Solar Beam
|-anim|p2a: Venusaur|Solar Beam|p1a: Azumarill
|-ability|p1a: Azumarill|Sap Sipper|boost
|-boost|p1a: Azumarill|atk|1
|move|p1a: Azumarill|Whirlpool|p2a: Venusaur
|-resisted|p2a: Venusaur
|-damage|p2a: Venusaur|99/100
|-activate|p2a: Venusaur|move: Whirlpool|[of] p1a: Azumarill
|
|-weather|SunnyDay|[upkeep]
|-damage|p2a: Venusaur|86/100|[from] move: Whirlpool|[partiallytrapped]
|upkeep
|turn|5
|c|☆lilith q|!dt sap sipper
|c|☆lilith q|/raw <ul class="utilichart"><li class="result"><span class="col namecol"><a href="https://dex.pokemonshowdown.com/abilities/sapsipper">Sap Sipper</a></span> <span class="col abilitydesccol">This Pokemon's Attack is raised 1 stage if hit by a Grass move; Grass immunity.</span> </li><li style="clear:both"></li></ul>
|c|☆lilith q|/raw <font size="1"><font color="#686868">Gen:</font> 5&nbsp;|&ThickSpace;&#10003; Ignored by Mold Breaker</font>

|
|t:|1779900806
|-terastallize|p1a: Azumarill|Water
|move|p2a: Venusaur|Solar Beam||[still]
|-prepare|p2a: Venusaur|Solar Beam
|-anim|p2a: Venusaur|Solar Beam|p1a: Azumarill
|-ability|p1a: Azumarill|Sap Sipper|boost
|-boost|p1a: Azumarill|atk|1
|move|p1a: Azumarill|Perish Song|p1a: Azumarill
|-start|p1a: Azumarill|perish3|[silent]
|-start|p2a: Venusaur|perish3|[silent]
|-fieldactivate|move: Perish Song
|
|-weather|SunnyDay|[upkeep]
|-damage|p2a: Venusaur|74/100|[from] move: Whirlpool|[partiallytrapped]
|-start|p2a: Venusaur|perish3
|-start|p1a: Azumarill|perish3
|upkeep
|turn|6
|
|t:|1779900818
|move|p2a: Venusaur|Solar Beam||[still]
|-prepare|p2a: Venusaur|Solar Beam
|-anim|p2a: Venusaur|Solar Beam|p1a: Azumarill
|-ability|p1a: Azumarill|Sap Sipper|boost
|-boost|p1a: Azumarill|atk|1
|move|p1a: Azumarill|Whirlpool|p2a: Venusaur
|-resisted|p2a: Venusaur
|-damage|p2a: Venusaur|69/100
|
|-weather|SunnyDay|[upkeep]
|-damage|p2a: Venusaur|56/100|[from] move: Whirlpool|[partiallytrapped]
|-start|p2a: Venusaur|perish2
|-start|p1a: Azumarill|perish2
|upkeep
|turn|7
|
|t:|1779900830
|move|p2a: Venusaur|Solar Beam||[still]
|-prepare|p2a: Venusaur|Solar Beam
|-anim|p2a: Venusaur|Solar Beam|p1a: Azumarill
|-ability|p1a: Azumarill|Sap Sipper|boost
|-boost|p1a: Azumarill|atk|1
|move|p1a: Azumarill|Whirlpool|p2a: Venusaur
|-resisted|p2a: Venusaur
|-damage|p2a: Venusaur|51/100
|
|-weather|SunnyDay|[upkeep]
|-damage|p2a: Venusaur|39/100|[from] move: Whirlpool|[partiallytrapped]
|-start|p2a: Venusaur|perish1
|-start|p1a: Azumarill|perish1
|upkeep
|turn|8
|c|☆lilith q|!dt perish song
|c|☆lilith q|/raw <ul class="utilichart"><li class="result"><span class="col movenamecol"><a href="https://dex.pokemonshowdown.com/moves/perishsong">Perish Song</a></span> <span class="col typecol"><img src="//play.pokemonshowdown.com/sprites/types/Normal.png" alt="Normal" width="32" height="14"><img src="//play.pokemonshowdown.com/sprites/categories/Status.png" alt="Status" width="32" height="14"></span> <span class="col widelabelcol"><em>Accuracy</em><br>—</span> <span class="col pplabelcol"><em>PP</em><br>8</span> <span class="col movedesccol">All active Pokemon will faint in 3 turns.</span> </li><li style="clear:both"></li></ul>
|c|☆lilith q|/raw <font size="1"><font color="#686868">Priority:</font> 0&nbsp;|&ThickSpace;<font color="#686868">Gen:</font> 2&nbsp;|&ThickSpace;&#10003; Sound&nbsp;|&ThickSpace;&#10003; Bypasses Protect&nbsp;|&ThickSpace;&#10003; Bypasses Substitutes&nbsp;|&ThickSpace;<font color="#686868">Z-Effect:</font> Restores negative stat stages to 0&nbsp;|&ThickSpace;<font color="#686868">Target:</font> All Pokémon</font>

|
|t:|1779900845
|switch|p1a: Gloom|Gloom, F|100/100
|move|p2a: Venusaur|Solar Beam||[still]
|-prepare|p2a: Venusaur|Solar Beam
|-anim|p2a: Venusaur|Solar Beam|p1a: Gloom
|-resisted|p1a: Gloom
|-damage|p1a: Gloom|80/100
|
|-weather|none
|-end|p2a: Venusaur|Whirlpool|[partiallytrapped]|[silent]
|-start|p2a: Venusaur|perish0
|upkeep
|faint|p2a: Venusaur
|
|t:|1779900856
|switch|p2a: Ninetales|Ninetales, F, shiny|100/100
|-weather|SunnyDay|[from] ability: Drought|[of] p2a: Ninetales
|turn|9
|
|t:|1779900867
|switch|p2a: Great Tusk|Great Tusk|100/100
|-activate|p2a: Great Tusk|ability: Protosynthesis
|-start|p2a: Great Tusk|protosynthesisatk
|switch|p1a: Azumarill|Azumarill, F, tera:Water|100/100
|
|-weather|SunnyDay|[upkeep]
|upkeep
|turn|10
|
|t:|1779900879
|move|p2a: Great Tusk|Headlong Rush|p1a: Azumarill
|-damage|p1a: Azumarill|17/100
|-unboost|p2a: Great Tusk|def|1
|-unboost|p2a: Great Tusk|spd|1
|-enditem|p2a: Great Tusk|Eject Pack
|
|t:|1779900884
|-end|p2a: Great Tusk|Protosynthesis|[silent]
|switch|p2a: Cresselia|Cresselia, F|100/100
|move|p1a: Azumarill|Whirlpool|p2a: Cresselia
|-damage|p2a: Cresselia|94/100
|-activate|p2a: Cresselia|move: Whirlpool|[of] p1a: Azumarill
|
|-weather|SunnyDay|[upkeep]
|-heal|p2a: Cresselia|99/100|[from] item: Leftovers
|-heal|p1a: Azumarill|23/100|[from] item: Leftovers
|-damage|p2a: Cresselia|88/100|[from] move: Whirlpool|[partiallytrapped]
|upkeep
|turn|11
|
|t:|1779900899
|move|p1a: Azumarill|Protect|p1a: Azumarill
|-singleturn|p1a: Azumarill|Protect
|move|p2a: Cresselia|Moonblast|p1a: Azumarill
|-activate|p1a: Azumarill|move: Protect
|
|-weather|SunnyDay|[upkeep]
|-heal|p2a: Cresselia|94/100|[from] item: Leftovers
|-heal|p1a: Azumarill|29/100|[from] item: Leftovers
|-damage|p2a: Cresselia|82/100|[from] move: Whirlpool|[partiallytrapped]
|upkeep
|turn|12
|
|t:|1779900910
|switch|p1a: Gloom|Gloom, F|80/100
|move|p2a: Cresselia|Ice Beam|p1a: Gloom
|-supereffective|p1a: Gloom
|-damage|p1a: Gloom|54/100
|
|-weather|SunnyDay|[upkeep]
|-heal|p2a: Cresselia|88/100|[from] item: Leftovers
|-end|p2a: Cresselia|Whirlpool|[partiallytrapped]|[silent]
|upkeep
|turn|13
|
|t:|1779900919
|move|p2a: Cresselia|Ice Beam|p1a: Gloom
|-supereffective|p1a: Gloom
|-damage|p1a: Gloom|27/100
|move|p1a: Gloom|Strength Sap|p2a: Cresselia
|-unboost|p2a: Cresselia|atk|1
|-heal|p1a: Gloom|77/100
|
|-weather|SunnyDay|[upkeep]
|-heal|p2a: Cresselia|94/100|[from] item: Leftovers
|upkeep
|turn|14
|c|☆lilith q|!dt strength sap
|c|☆lilith q|/raw <ul class="utilichart"><li class="result"><span class="col movenamecol"><a href="https://dex.pokemonshowdown.com/moves/strengthsap">Strength Sap</a></span> <span class="col typecol"><img src="//play.pokemonshowdown.com/sprites/types/Grass.png" alt="Grass" width="32" height="14"><img src="//play.pokemonshowdown.com/sprites/categories/Status.png" alt="Status" width="32" height="14"></span> <span class="col widelabelcol"><em>Accuracy</em><br>100%</span> <span class="col pplabelcol"><em>PP</em><br>16</span> <span class="col movedesccol">User heals HP=target's Atk stat. Lowers Atk by 1.</span> </li><li style="clear:both"></li></ul>
|c|☆lilith q|/raw <font size="1"><font color="#686868">Priority:</font> 0&nbsp;|&ThickSpace;<font color="#686868">Gen:</font> 7&nbsp;|&ThickSpace;&#10003; Bounceable&nbsp;|&ThickSpace;<font color="#686868">Z-Effect:</font>  Defense +1&nbsp;|&ThickSpace;<font color="#686868">Target:</font> One Adjacent Pokémon</font>

|
|t:|1779900938
|switch|p2a: Ninetales|Ninetales, F, shiny|100/100
|move|p1a: Gloom|Leech Seed|p2a: Ninetales
|-start|p2a: Ninetales|move: Leech Seed
|
|-weather|SunnyDay|[upkeep]
|-damage|p2a: Ninetales|88/100|[from] Leech Seed|[of] p1a: Gloom
|-heal|p1a: Gloom|93/100|[silent]
|upkeep
|turn|15
|
|t:|1779900949
|switch|p1a: Azumarill|Azumarill, F, tera:Water|29/100
|move|p2a: Ninetales|Encore||[still]
|-fail|p2a: Ninetales
|
|-weather|SunnyDay|[upkeep]
|-heal|p1a: Azumarill|35/100|[from] item: Leftovers
|-damage|p2a: Ninetales|76/100|[from] Leech Seed|[of] p1a: Azumarill
|-heal|p1a: Azumarill|46/100|[silent]
|upkeep
|turn|16
|
|t:|1779900960
|switch|p2a: Great Tusk|Great Tusk|100/100
|-activate|p2a: Great Tusk|ability: Protosynthesis
|-start|p2a: Great Tusk|protosynthesisatk
|move|p1a: Azumarill|Whirlpool|p2a: Great Tusk
|-supereffective|p2a: Great Tusk
|-damage|p2a: Great Tusk|75/100
|-activate|p2a: Great Tusk|move: Whirlpool|[of] p1a: Azumarill
|
|-weather|none
|-end|p2a: Great Tusk|Protosynthesis
|-heal|p1a: Azumarill|52/100|[from] item: Leftovers
|-damage|p2a: Great Tusk|62/100|[from] move: Whirlpool|[partiallytrapped]
|upkeep
|turn|17
|
|t:|1779900976
|move|p1a: Azumarill|Protect|p1a: Azumarill
|-singleturn|p1a: Azumarill|Protect
|move|p2a: Great Tusk|Close Combat|p1a: Azumarill
|-activate|p1a: Azumarill|move: Protect
|
|-heal|p1a: Azumarill|58/100|[from] item: Leftovers
|-damage|p2a: Great Tusk|50/100|[from] move: Whirlpool|[partiallytrapped]
|upkeep
|turn|18
|
|t:|1779900987
|switch|p1a: Dragonite|Dragonite, F|100/100
|move|p2a: Great Tusk|Close Combat|p1a: Dragonite
|-resisted|p1a: Dragonite
|-damage|p1a: Dragonite|87/100
|-unboost|p2a: Great Tusk|def|1
|-unboost|p2a: Great Tusk|spd|1
|
|-heal|p1a: Dragonite|93/100|[from] item: Leftovers
|-end|p2a: Great Tusk|Whirlpool|[partiallytrapped]|[silent]
|upkeep
|turn|19
|
|t:|1779900999
|-end|p2a: Great Tusk|Protosynthesis|[silent]
|switch|p2a: Cinderace|Cinderace, F|100/100
|move|p1a: Dragonite|Extreme Speed|p2a: Cinderace
|-damage|p2a: Cinderace|53/100
|
|-heal|p1a: Dragonite|99/100|[from] item: Leftovers
|upkeep
|turn|20
|
|t:|1779901008
|move|p2a: Cinderace|Sucker Punch|p1a: Dragonite
|-start|p2a: Cinderace|typechange|Dark|[from] ability: Libero
|-damage|p1a: Dragonite|69/100
|move|p1a: Dragonite|Earthquake|p2a: Cinderace
|-damage|p2a: Cinderace|0 fnt
|faint|p2a: Cinderace
|
|-heal|p1a: Dragonite|75/100|[from] item: Leftovers
|upkeep
|
|t:|1779901020
|switch|p2a: Walking Wake|Walking Wake|100/100
|turn|21
|
|t:|1779901032
|switch|p1a: Azumarill|Azumarill, F, tera:Water|58/100
|move|p2a: Walking Wake|Dragon Pulse|p1a: Azumarill
|-damage|p1a: Azumarill|15/100
|
|-heal|p1a: Azumarill|21/100|[from] item: Leftovers
|upkeep
|turn|22
|
|t:|1779901051
|switch|p1a: Gloom|Gloom, F|93/100
|move|p2a: Walking Wake|Dragon Pulse|p1a: Gloom
|-damage|p1a: Gloom|46/100
|
|upkeep
|turn|23
|
|t:|1779901061
|move|p2a: Walking Wake|Dragon Pulse|p1a: Gloom
|-damage|p1a: Gloom|0 fnt
|faint|p1a: Gloom
|
|upkeep
|
|t:|1779901067
|switch|p1a: Conkeldurr|Conkeldurr, M|100/100
|turn|24
|
|t:|1779901076
|move|p2a: Walking Wake|Dragon Pulse|p1a: Conkeldurr
|-damage|p1a: Conkeldurr|31/100
|move|p1a: Conkeldurr|Ice Punch|p2a: Walking Wake
|-damage|p2a: Walking Wake|60/100
|
|-heal|p1a: Conkeldurr|37/100|[from] item: Leftovers
|upkeep
|turn|25
|
|t:|1779901085
|move|p1a: Conkeldurr|Mach Punch|p2a: Walking Wake
|-damage|p2a: Walking Wake|28/100
|move|p2a: Walking Wake|Dragon Pulse|p1a: Conkeldurr
|-damage|p1a: Conkeldurr|0 fnt
|faint|p1a: Conkeldurr
|
|upkeep
|c|☆lilith q|!dt mach punch
|c|☆lilith q|/raw <ul class="utilichart"><li class="result"><span class="col movenamecol"><a href="https://dex.pokemonshowdown.com/moves/machpunch">Mach Punch</a></span> <span class="col typecol"><img src="//play.pokemonshowdown.com/sprites/types/Fighting.png" alt="Fighting" width="32" height="14"><img src="//play.pokemonshowdown.com/sprites/categories/Physical.png" alt="Physical" width="32" height="14"></span> <span class="col labelcol"><em>Power</em><br>40</span> <span class="col widelabelcol"><em>Accuracy</em><br>100%</span> <span class="col pplabelcol"><em>PP</em><br>48</span> <span class="col movedesccol">Usually goes first.</span> </li><li style="clear:both"></li></ul>
|c|☆lilith q|/raw <font size="1"><font color="#686868">Priority:</font> 1&nbsp;|&ThickSpace;<font color="#686868">Gen:</font> 2&nbsp;|&ThickSpace;&#10003; Contact&nbsp;|&ThickSpace;&#10003; Punch&nbsp;|&ThickSpace;<font color="#686868">Z-Power:</font> 100&nbsp;|&ThickSpace;<font color="#686868">Target:</font> One Adjacent Pokémon</font>

|
|t:|1779901091
|switch|p1a: Dragonite|Dragonite, F|75/100
|turn|26
|
|t:|1779901093
|move|p1a: Dragonite|Extreme Speed|p2a: Walking Wake
|-damage|p2a: Walking Wake|0 fnt
|faint|p2a: Walking Wake
|-end|p2a: Walking Wake|Protosynthesis|[silent]
|
|-heal|p1a: Dragonite|81/100|[from] item: Leftovers
|upkeep
|
|t:|1779901099
|switch|p2a: Cresselia|Cresselia, F|94/100
|turn|27
|
|t:|1779901103
|move|p2a: Cresselia|Moonblast|p1a: Dragonite
|-supereffective|p1a: Dragonite
|-damage|p1a: Dragonite|53/100
|move|p1a: Dragonite|Dragon Dance|p1a: Dragonite
|-boost|p1a: Dragonite|atk|1
|-boost|p1a: Dragonite|spe|1
|
|-heal|p2a: Cresselia|99/100|[from] item: Leftovers
|-heal|p1a: Dragonite|59/100|[from] item: Leftovers
|upkeep
|turn|28
|
|t:|1779901117
|move|p2a: Cresselia|Ice Beam|p1a: Dragonite
|-supereffective|p1a: Dragonite
|-crit|p1a: Dragonite
|-damage|p1a: Dragonite|0 fnt
|faint|p1a: Dragonite
|
|-heal|p2a: Cresselia|100/100|[from] item: Leftovers
|upkeep
|
|t:|1779901128
|switch|p1a: Azumarill|Azumarill, F, tera:Water|21/100
|turn|29
|
|t:|1779901133
|move|p2a: Cresselia|Moonblast|p1a: Azumarill
|-damage|p1a: Azumarill|8/100
|-unboost|p1a: Azumarill|spa|1
|move|p1a: Azumarill|Whirlpool|p2a: Cresselia
|-damage|p2a: Cresselia|92/100
|-activate|p2a: Cresselia|move: Whirlpool|[of] p1a: Azumarill
|
|-heal|p2a: Cresselia|98/100|[from] item: Leftovers
|-heal|p1a: Azumarill|15/100|[from] item: Leftovers
|-damage|p2a: Cresselia|86/100|[from] move: Whirlpool|[partiallytrapped]
|upkeep
|turn|30
|
|t:|1779901144
|move|p1a: Azumarill|Protect|p1a: Azumarill
|-singleturn|p1a: Azumarill|Protect
|move|p2a: Cresselia|Ice Beam|p1a: Azumarill
|-activate|p1a: Azumarill|move: Protect
|
|-heal|p2a: Cresselia|92/100|[from] item: Leftovers
|-heal|p1a: Azumarill|21/100|[from] item: Leftovers
|-damage|p2a: Cresselia|80/100|[from] move: Whirlpool|[partiallytrapped]
|upkeep
|turn|31
|
|t:|1779901154
|move|p2a: Cresselia|Moonblast|p1a: Azumarill
|-damage|p1a: Azumarill|8/100
|move|p1a: Azumarill|Perish Song|p1a: Azumarill
|-start|p1a: Azumarill|perish3|[silent]
|-start|p2a: Cresselia|perish3|[silent]
|-fieldactivate|move: Perish Song
|
|-heal|p2a: Cresselia|86/100|[from] item: Leftovers
|-heal|p1a: Azumarill|14/100|[from] item: Leftovers
|-damage|p2a: Cresselia|73/100|[from] move: Whirlpool|[partiallytrapped]
|-start|p2a: Cresselia|perish3
|-start|p1a: Azumarill|perish3
|upkeep
|turn|32
|
|t:|1779901172
|move|p1a: Azumarill|Protect|p1a: Azumarill
|-singleturn|p1a: Azumarill|Protect
|move|p2a: Cresselia|Moonblast|p1a: Azumarill
|-activate|p1a: Azumarill|move: Protect
|
|-heal|p2a: Cresselia|80/100|[from] item: Leftovers
|-heal|p1a: Azumarill|20/100|[from] item: Leftovers
|-damage|p2a: Cresselia|67/100|[from] move: Whirlpool|[partiallytrapped]
|-start|p2a: Cresselia|perish2
|-start|p1a: Azumarill|perish2
|upkeep
|turn|33
|c|☆lilith q|i fw the azumarill build i havent seen it before
|
|t:|1779901193
|move|p2a: Cresselia|Moonblast|p1a: Azumarill
|-damage|p1a: Azumarill|7/100
|-unboost|p1a: Azumarill|spa|1
|move|p1a: Azumarill|Whirlpool|p2a: Cresselia
|-damage|p2a: Cresselia|61/100
|
|-heal|p2a: Cresselia|67/100|[from] item: Leftovers
|-heal|p1a: Azumarill|13/100|[from] item: Leftovers
|-damage|p2a: Cresselia|55/100|[from] move: Whirlpool|[partiallytrapped]
|-start|p2a: Cresselia|perish1
|-start|p1a: Azumarill|perish1
|upkeep
|turn|34
|
|t:|1779901209
|move|p1a: Azumarill|Protect|p1a: Azumarill
|-singleturn|p1a: Azumarill|Protect
|move|p2a: Cresselia|Moonblast|p1a: Azumarill
|-activate|p1a: Azumarill|move: Protect
|
|-heal|p2a: Cresselia|61/100|[from] item: Leftovers
|-heal|p1a: Azumarill|20/100|[from] item: Leftovers
|-end|p2a: Cresselia|Whirlpool|[partiallytrapped]
|-start|p2a: Cresselia|perish0
|-start|p1a: Azumarill|perish0
|faint|p2a: Cresselia
|faint|p1a: Azumarill
|upkeep
|
|t:|1779901219
|switch|p2a: Ninetales|Ninetales, F, shiny|76/100
|switch|p1a: Kingambit|Kingambit, F|100/100
|-weather|SunnyDay|[from] ability: Drought|[of] p2a: Ninetales
|-activate|p1a: Kingambit|ability: Supreme Overlord
|-start|p1a: Kingambit|fallen5|[silent]
|turn|35
|
|t:|1779901229
|move|p1a: Kingambit|Sucker Punch||[still]
|-fail|p1a: Kingambit
|move|p2a: Ninetales|Encore|p1a: Kingambit
|-start|p1a: Kingambit|Encore
|
|-weather|SunnyDay|[upkeep]
|upkeep
|turn|36
|
|t:|1779901236
|switch|p2a: Great Tusk|Great Tusk|50/100
|-activate|p2a: Great Tusk|ability: Protosynthesis
|-start|p2a: Great Tusk|protosynthesisatk
|move|p1a: Kingambit|Sucker Punch||[still]
|-fail|p1a: Kingambit
|
|-weather|SunnyDay|[upkeep]
|upkeep
|turn|37
|
|t:|1779901246
|-end|p2a: Great Tusk|Protosynthesis|[silent]
|switch|p2a: Ninetales|Ninetales, F, shiny|76/100
|move|p1a: Kingambit|Sucker Punch||[still]
|-fail|p1a: Kingambit
|
|-weather|SunnyDay|[upkeep]
|upkeep
|turn|38
|
|t:|1779901255
|move|p1a: Kingambit|Sucker Punch||[still]
|-fail|p1a: Kingambit
|move|p2a: Ninetales|Encore||[still]
|-fail|p2a: Ninetales
|
|-weather|SunnyDay|[upkeep]
|-end|p1a: Kingambit|Encore
|upkeep
|turn|39
|
|t:|1779901264
|move|p2a: Ninetales|Encore|p1a: Kingambit
|-start|p1a: Kingambit|Encore
|move|p1a: Kingambit|Sucker Punch||[still]
|-fail|p1a: Kingambit
|
|-weather|SunnyDay|[upkeep]
|upkeep
|turn|40
|
|t:|1779901270
|switch|p2a: Great Tusk|Great Tusk|50/100
|-activate|p2a: Great Tusk|ability: Protosynthesis
|-start|p2a: Great Tusk|protosynthesisatk
|move|p1a: Kingambit|Sucker Punch||[still]
|-fail|p1a: Kingambit
|
|-weather|SunnyDay|[upkeep]
|upkeep
|turn|41
|
|t:|1779901277
|-end|p2a: Great Tusk|Protosynthesis|[silent]
|switch|p2a: Ninetales|Ninetales, F, shiny|76/100
|move|p1a: Kingambit|Sucker Punch||[still]
|-fail|p1a: Kingambit
|
|-weather|SunnyDay|[upkeep]
|-end|p1a: Kingambit|Encore
|upkeep
|turn|42
|
|t:|1779901284
|move|p2a: Ninetales|Encore|p1a: Kingambit
|-start|p1a: Kingambit|Encore
|move|p1a: Kingambit|Sucker Punch||[still]
|-fail|p1a: Kingambit
|
|-weather|none
|-end|p1a: Kingambit|Encore
|upkeep
|turn|43
|
|t:|1779901290
|move|p2a: Ninetales|Overheat|p1a: Kingambit
|-supereffective|p1a: Kingambit
|-damage|p1a: Kingambit|22/100
|-unboost|p2a: Ninetales|spa|2
|move|p1a: Kingambit|Kowtow Cleave|p2a: Ninetales
|-damage|p2a: Ninetales|0 fnt
|faint|p2a: Ninetales
|
|upkeep
|
|t:|1779901299
|switch|p2a: Great Tusk|Great Tusk|50/100
|turn|44
|
|t:|1779901303
|-terastallize|p2a: Great Tusk|Ground
|move|p2a: Great Tusk|Close Combat|p1a: Kingambit
|-supereffective|p1a: Kingambit
|-damage|p1a: Kingambit|0 fnt
|-unboost|p2a: Great Tusk|def|1
|-unboost|p2a: Great Tusk|spd|1
|faint|p1a: Kingambit
|-end|p1a: Kingambit|fallen5|[silent]
|
|win|lilith q
|raw|sturdy gengar's rating: 1105 &rarr; <strong>1081</strong><br />(-24 for losing)
|raw|lilith q's rating: 1112 &rarr; <strong>1136</strong><br />(+24 for winning)
|c|☆lilith q|gg
|c|☆sturdy gengar|gg
|l|☆lilith q
|player|p2|
|l|☆sturdy gengar
|player|p1|
