|j|☆sh3wn
|j|☆Free6lackpanther
|t:|1779844367
|gametype|singles
|player|p1|sh3wn|101|1338
|player|p2|Free6lackpanther|102|1416
|gen|9
|tier|[Gen 9] OU
|rated|
|rule|HP Percentage Mod: HP is shown in percentages
|rule|Endless Battle Clause: Forcing endless battles is banned
|rule|Species Clause: Limit one of each Pokémon
|rule|OHKO Clause: OHKO moves are banned
|rule|Evasion Items Clause: Evasion items are banned
|rule|Evasion Moves Clause: Evasion moves are banned
|rule|Evasion Abilities Clause: Evasion abilities are banned
|rule|Sleep Moves Clause: Sleep-inducing moves are banned
|clearpoke
|poke|p1|Drednaw, F|
|poke|p1|Pelipper, F|
|poke|p1|Indeedee, M|
|poke|p1|Hatterene, F|
|poke|p1|Barraskewda, M|
|poke|p1|Samurott-Hisui, M|
|poke|p2|Primarina, M|
|poke|p2|Slowking-Galar, M|
|poke|p2|Great Tusk|
|poke|p2|Tyranitar, M|
|poke|p2|Scizor, M|
|poke|p2|Skeledirge, M|
|teampreview
|inactive|Battle timer is ON: inactive players will automatically lose when time's up. (requested by Free6lackpanther)
|inactive|sh3wn has 120 seconds left.
|
|t:|1779844411
|teamsize|p1|6
|teamsize|p2|6
|start
|switch|p1a: Samurott|Samurott-Hisui, M|100/100
|switch|p2a: Slowking|Slowking-Galar, M|100/100
|turn|1
|
|t:|1779844418
|switch|p2a: Primarina|Primarina, M|100/100
|move|p1a: Samurott|Ceaseless Edge|p2a: Primarina
|-resisted|p2a: Primarina
|-crit|p2a: Primarina
|-damage|p2a: Primarina|59/100
|-sidestart|p2: Free6lackpanther|Spikes
|
|upkeep
|turn|2
|inactive|sh3wn has 120 seconds left.
|
|t:|1779844463
|move|p1a: Samurott|Knock Off|p2a: Primarina
|-resisted|p2a: Primarina
|-damage|p2a: Primarina|32/100
|-enditem|p2a: Primarina|Assault Vest|[from] move: Knock Off|[of] p1a: Samurott
|move|p2a: Primarina|Moonblast|p1a: Samurott
|-supereffective|p1a: Samurott
|-enditem|p1a: Samurott|Focus Sash
|-damage|p1a: Samurott|1/100
|
|upkeep
|turn|3
|
|t:|1779844476
|move|p1a: Samurott|Razor Shell|p2a: Primarina
|-resisted|p2a: Primarina
|-damage|p2a: Primarina|2/100
|-unboost|p2a: Primarina|def|1
|move|p2a: Primarina|Moonblast|p1a: Samurott
|-supereffective|p1a: Samurott
|-damage|p1a: Samurott|0 fnt
|faint|p1a: Samurott
|
|upkeep
|inactive|sh3wn has 90 seconds left.
|
|t:|1779844510
|switch|p1a: Barraskewda|Barraskewda, M|100/100
|turn|4
|
|t:|1779844517
|move|p1a: Barraskewda|Flip Turn|p2a: Primarina
|-resisted|p2a: Primarina
|-damage|p2a: Primarina|0 fnt
|faint|p2a: Primarina
|inactive|sh3wn has 90 seconds left.
|j| samurajen
|
|t:|1779844552
|switch|p1a: Pelipper|Pelipper, F|100/100|[from] Flip Turn
|-weather|RainDance|[from] ability: Drizzle|[of] p1a: Pelipper
|
|-weather|RainDance|[upkeep]
|upkeep
|
|t:|1779844567
|switch|p2a: Slowking|Slowking-Galar, M|100/100
|-damage|p2a: Slowking|88/100|[from] Spikes
|turn|5
|
|t:|1779844581
|move|p1a: Pelipper|Weather Ball|p2a: Slowking
|-damage|p2a: Slowking|58/100
|move|p2a: Slowking|Future Sight|p1a: Pelipper
|-start|p2a: Slowking|move: Future Sight
|
|-weather|RainDance|[upkeep]
|-heal|p2a: Slowking|64/100|[from] item: Black Sludge
|upkeep
|turn|6
|
|t:|1779844592
|move|p1a: Pelipper|Weather Ball|p2a: Slowking
|-damage|p2a: Slowking|36/100
|-prepare|p2a: Slowking|Chilly Reception|[premajor]
|move|p2a: Slowking|Chilly Reception|p2a: Slowking
|-weather|Snowscape
|
|t:|1779844605
|switch|p2a: Tyranitar|Tyranitar, M|100/100|[from] Chilly Reception
|-damage|p2a: Tyranitar|88/100|[from] Spikes
|-weather|Sandstorm|[from] ability: Sand Stream|[of] p2a: Tyranitar
|
|-weather|Sandstorm|[upkeep]
|-damage|p1a: Pelipper|94/100|[from] Sandstorm
|upkeep
|turn|7
|inactive|sh3wn has 90 seconds left.
|
|t:|1779844626
|switch|p1a: Hatterene|Hatterene, F|100/100
|move|p2a: Tyranitar|Knock Off|p1a: Hatterene
|-damage|p1a: Hatterene|56/100
|-enditem|p1a: Hatterene|Leftovers|[from] move: Knock Off|[of] p2a: Tyranitar
|
|-weather|Sandstorm|[upkeep]
|-damage|p1a: Hatterene|50/100|[from] Sandstorm
|-end|p1a: Hatterene|move: Future Sight
|-resisted|p1a: Hatterene
|-damage|p1a: Hatterene|28/100
|upkeep
|turn|8
|
|t:|1779844641
|move|p2a: Tyranitar|Heavy Slam|p1a: Hatterene
|-supereffective|p1a: Hatterene
|-damage|p1a: Hatterene|0 fnt
|faint|p1a: Hatterene
|
|-weather|Sandstorm|[upkeep]
|upkeep
|
|t:|1779844644
|switch|p1a: Pelipper|Pelipper, F|94/100
|-weather|RainDance|[from] ability: Drizzle|[of] p1a: Pelipper
|turn|9
|
|t:|1779844653
|switch|p2a: Slowking|Slowking-Galar, M|70/100
|-damage|p2a: Slowking|57/100|[from] Spikes
|move|p1a: Pelipper|Weather Ball|p2a: Slowking
|-damage|p2a: Slowking|29/100
|
|-weather|RainDance|[upkeep]
|-heal|p2a: Slowking|35/100|[from] item: Black Sludge
|upkeep
|turn|10
|inactive|sh3wn has 90 seconds left.
|
|t:|1779844664
|-terastallize|p1a: Pelipper|Water
|move|p1a: Pelipper|Weather Ball|p2a: Slowking
|-damage|p2a: Slowking|0 fnt
|faint|p2a: Slowking
|
|-weather|RainDance|[upkeep]
|upkeep
|
|t:|1779844673
|switch|p2a: Tyranitar|Tyranitar, M|88/100
|-damage|p2a: Tyranitar|76/100|[from] Spikes
|-weather|Sandstorm|[from] ability: Sand Stream|[of] p2a: Tyranitar
|turn|11
|
|t:|1779844679
|switch|p1a: Indeedee|Indeedee, M|100/100
|-fieldstart|move: Psychic Terrain|[from] ability: Psychic Surge|[of] p1a: Indeedee
|move|p2a: Tyranitar|Knock Off|p1a: Indeedee
|-supereffective|p1a: Indeedee
|-damage|p1a: Indeedee|0 fnt
|-enditem|p1a: Indeedee|Terrain Extender|[from] move: Knock Off|[of] p2a: Tyranitar
|faint|p1a: Indeedee
|
|-weather|Sandstorm|[upkeep]
|upkeep
|
|t:|1779844683
|switch|p1a: Pelipper|Pelipper, F, tera:Water|94/100
|-weather|RainDance|[from] ability: Drizzle|[of] p1a: Pelipper
|turn|12
|
|t:|1779844696
|switch|p2a: Great Tusk|Great Tusk|100/100
|-damage|p2a: Great Tusk|88/100|[from] Spikes
|-enditem|p2a: Great Tusk|Booster Energy
|-activate|p2a: Great Tusk|ability: Protosynthesis|[fromitem]
|-start|p2a: Great Tusk|protosynthesisatk
|move|p1a: Pelipper|Weather Ball|p2a: Great Tusk
|-supereffective|p2a: Great Tusk
|-crit|p2a: Great Tusk
|-damage|p2a: Great Tusk|0 fnt
|faint|p2a: Great Tusk
|-end|p2a: Great Tusk|Protosynthesis|[silent]
|
|-weather|RainDance|[upkeep]
|upkeep
|
|t:|1779844708
|switch|p2a: Tyranitar|Tyranitar, M|76/100
|-damage|p2a: Tyranitar|64/100|[from] Spikes
|-weather|Sandstorm|[from] ability: Sand Stream|[of] p2a: Tyranitar
|turn|13
|
|t:|1779844715
|move|p1a: Pelipper|U-turn|p2a: Tyranitar
|-supereffective|p2a: Tyranitar
|-damage|p2a: Tyranitar|47/100
|
|t:|1779844718
|switch|p1a: Drednaw|Drednaw, F|100/100|[from] U-turn
|move|p2a: Tyranitar|Knock Off|p1a: Drednaw
|-damage|p1a: Drednaw|39/100
|-enditem|p1a: Drednaw|White Herb|[from] move: Knock Off|[of] p2a: Tyranitar
|
|-weather|Sandstorm|[upkeep]
|upkeep
|turn|14
|
|t:|1779844732
|move|p1a: Drednaw|Liquidation|p2a: Tyranitar
|-supereffective|p2a: Tyranitar
|-damage|p2a: Tyranitar|0 fnt
|faint|p2a: Tyranitar
|
|-weather|Sandstorm|[upkeep]
|upkeep
|
|t:|1779844754
|switch|p2a: Scizor|Scizor, M|100/100
|-damage|p2a: Scizor|88/100|[from] Spikes
|turn|15
|
|t:|1779844764
|move|p1a: Drednaw|Liquidation|p2a: Scizor
|-damage|p2a: Scizor|45/100
|move|p2a: Scizor|Close Combat|p1a: Drednaw
|-supereffective|p1a: Drednaw
|-damage|p1a: Drednaw|0 fnt
|-unboost|p2a: Scizor|def|1
|-unboost|p2a: Scizor|spd|1
|faint|p1a: Drednaw
|
|-weather|Sandstorm|[upkeep]
|-heal|p2a: Scizor|51/100|[from] item: Leftovers
|upkeep
|
|t:|1779844771
|switch|p1a: Pelipper|Pelipper, F, tera:Water|94/100
|-weather|RainDance|[from] ability: Drizzle|[of] p1a: Pelipper
|turn|16
|
|t:|1779844781
|move|p2a: Scizor|Dual Wingbeat|p1a: Pelipper
|-crit|p1a: Pelipper
|-damage|p1a: Pelipper|68/100
|-damage|p1a: Pelipper|50/100
|-hitcount|p1a: Pelipper|2
|move|p1a: Pelipper|Weather Ball|p2a: Scizor
|-damage|p2a: Scizor|0 fnt
|faint|p2a: Scizor
|
|-weather|RainDance|[upkeep]
|upkeep
|
|t:|1779844792
|switch|p2a: Skeledirge|Skeledirge, M|100/100
|-damage|p2a: Skeledirge|88/100|[from] Spikes
|turn|17
|
|t:|1779844799
|-terastallize|p2a: Skeledirge|Fairy
|move|p2a: Skeledirge|Will-O-Wisp|p1a: Pelipper
|-status|p1a: Pelipper|brn
|move|p1a: Pelipper|Weather Ball|p2a: Skeledirge
|-damage|p2a: Skeledirge|12/100
|
|-weather|RainDance|[upkeep]
|-heal|p2a: Skeledirge|18/100|[from] item: Leftovers
|-damage|p1a: Pelipper|44/100 brn|[from] brn
|upkeep
|turn|18
|-message|Free6lackpanther forfeited.
|
|win|sh3wn
|raw|sh3wn's rating: 1317 &rarr; <strong>1343</strong><br />(+26 for winning)
|raw|Free6lackpanther's rating: 1416 &rarr; <strong>1390</strong><br />(-26 for losing)
|l|☆Free6lackpanther
|player|p2|
|l|☆sh3wn
|player|p1|
