|j|☆Fortune 0
|j|☆xtyswklg
|t:|1779872458
|gametype|singles
|player|p1|Fortune 0|unknown|1143
|player|p2|xtyswklg|rosa|1162
|gen|9
|tier|[Gen 9] OU
|rated|
|rule|HP Percentage Mod: HP is shown in percentages
|rule|Endless Battle Clause: Forcing endless battles is banned
|rule|Species Clause: Limit one of each Pokémon
|rule|OHKO Clause: OHKO moves are banned
|rule|Evasion Items Clause: Evasion items are banned
|rule|Evasion Moves Clause: Evasion moves are banned
|rule|Evasion Abilities Clause: Evasion abilities are banned
|rule|Sleep Moves Clause: Sleep-inducing moves are banned
|clearpoke
|poke|p1|Mimikyu, M|
|poke|p1|Iron Moth|
|poke|p1|Quaquaval, M|
|poke|p1|Gliscor, M|
|poke|p1|Eevee, F|
|poke|p1|Dragapult, M|
|poke|p2|Hatterene, F|
|poke|p2|Hoopa-Unbound|
|poke|p2|Iron Hands|
|poke|p2|Ursaluna, F|
|poke|p2|Volcanion|
|poke|p2|Azumarill, M|
|teampreview
|inactive|Battle timer is ON: inactive players will automatically lose when time's up. (requested by Fortune 0)
|
|t:|1779872463
|teamsize|p1|6
|teamsize|p2|6
|start
|switch|p1a: Silver|Eevee, F, shiny|100/100
|switch|p2a: Hatterene|Hatterene, F|100/100
|turn|1
|
|t:|1779872469
|move|p1a: Silver|Protect|p1a: Silver
|-singleturn|p1a: Silver|Protect
|move|p2a: Hatterene|Trick Room|p2a: Hatterene
|-fieldstart|move: Trick Room|[of] p2a: Hatterene
|
|upkeep
|turn|2
|
|t:|1779872479
|move|p2a: Hatterene|Psychic|p1a: Silver
|-damage|p1a: Silver|2/100
|move|p1a: Silver|Last Resort|p2a: Hatterene
|-damage|p2a: Hatterene|36/100
|
|-heal|p2a: Hatterene|42/100|[from] item: Leftovers
|upkeep
|turn|3
|
|t:|1779872487
|move|p1a: Silver|Protect|p1a: Silver
|-singleturn|p1a: Silver|Protect
|move|p2a: Hatterene|Draining Kiss|p1a: Silver
|-activate|p1a: Silver|move: Protect
|
|-heal|p2a: Hatterene|48/100|[from] item: Leftovers
|upkeep
|turn|4
|
|t:|1779872495
|move|p2a: Hatterene|Draining Kiss|p1a: Silver
|-damage|p1a: Silver|0 fnt
|-heal|p2a: Hatterene|49/100|[from] drain|[of] p1a: Silver
|faint|p1a: Silver
|
|-heal|p2a: Hatterene|55/100|[from] item: Leftovers
|upkeep
|
|t:|1779872500
|switch|p1a: Mika|Mimikyu, M, shiny|100/100
|turn|5
|
|t:|1779872508
|move|p2a: Hatterene|Psychic|p1a: Mika
|-activate|p1a: Mika|ability: Disguise
|-damage|p1a: Mika|100/100
|detailschange|p1a: Mika|Mimikyu-Busted, M, shiny
|-damage|p1a: Mika|88/100|[from] pokemon: Mimikyu-Busted
|move|p1a: Mika|Shadow Claw|p2a: Hatterene
|-supereffective|p2a: Hatterene
|-damage|p2a: Hatterene|0 fnt
|faint|p2a: Hatterene
|
|-heal|p1a: Mika|94/100|[from] item: Leftovers
|-fieldend|move: Trick Room
|upkeep
|
|t:|1779872522
|switch|p2a: Hoopa|Hoopa-Unbound|100/100
|turn|6
|c|☆Fortune 0|Was that your only trick room setter?
|
|t:|1779872537
|move|p1a: Mika|Play Rough|p2a: Hoopa
|-supereffective|p2a: Hoopa
|-damage|p2a: Hoopa|0 fnt
|faint|p2a: Hoopa
|
|-heal|p1a: Mika|99/100|[from] item: Leftovers
|upkeep
|
|t:|1779872545
|switch|p2a: Azumarill|Azumarill, M|100/100
|turn|7
|
|t:|1779872552
|move|p1a: Mika|Shadow Claw|p2a: Azumarill
|-damage|p2a: Azumarill|70/100
|move|p2a: Azumarill|Belly Drum|p2a: Azumarill
|-damage|p2a: Azumarill|20/100
|-setboost|p2a: Azumarill|atk|6|[from] move: Belly Drum
|-enditem|p2a: Azumarill|Sitrus Berry|[eat]
|-heal|p2a: Azumarill|45/100|[from] item: Sitrus Berry
|
|-heal|p1a: Mika|100/100|[from] item: Leftovers
|upkeep
|turn|8
|
|t:|1779872566
|move|p2a: Azumarill|Aqua Jet|p1a: Mika
|-damage|p1a: Mika|0 fnt
|faint|p1a: Mika
|
|upkeep
|
|t:|1779872578
|switch|p1a: Quaquaval|Quaquaval, M, shiny|100/100
|turn|9
|
|t:|1779872588
|-terastallize|p2a: Azumarill|Water
|move|p2a: Azumarill|Aqua Jet|p1a: Quaquaval
|-resisted|p1a: Quaquaval
|-crit|p1a: Quaquaval
|-damage|p1a: Quaquaval|0 fnt
|faint|p1a: Quaquaval
|
|upkeep
|
|t:|1779872599
|switch|p1a: Dragapult|Dragapult, M, shiny|100/100
|turn|10
|
|t:|1779872605
|move|p2a: Azumarill|Aqua Jet|p1a: Dragapult
|-resisted|p1a: Dragapult
|-damage|p1a: Dragapult|40/100
|move|p1a: Dragapult|Phantom Force||[still]
|-prepare|p1a: Dragapult|Phantom Force
|
|-heal|p1a: Dragapult|46/100|[from] item: Leftovers
|upkeep
|turn|11
|
|t:|1779872616
|switch|p2a: Ursaluna|Ursaluna, F|100/100
|move|p1a: Dragapult|Phantom Force|p2a: Ursaluna|[from] lockedmove
|-immune|p2a: Ursaluna
|
|-heal|p1a: Dragapult|52/100|[from] item: Leftovers
|-status|p2a: Ursaluna|brn|[from] item: Flame Orb
|upkeep
|turn|12
|
|t:|1779872626
|move|p1a: Dragapult|Protect|p1a: Dragapult
|-singleturn|p1a: Dragapult|Protect
|move|p2a: Ursaluna|Ice Punch|p1a: Dragapult
|-activate|p1a: Dragapult|move: Protect
|
|-heal|p1a: Dragapult|58/100|[from] item: Leftovers
|-damage|p2a: Ursaluna|94/100 brn|[from] brn
|upkeep
|turn|13
|
|t:|1779872635
|move|p1a: Dragapult|Dragon Darts|p2a: Ursaluna
|-damage|p2a: Ursaluna|81/100 brn
|-anim|p1a: Dragapult|Dragon Darts|p2a: Ursaluna
|-damage|p2a: Ursaluna|67/100 brn
|move|p2a: Ursaluna|Ice Punch|p1a: Dragapult
|-supereffective|p1a: Dragapult
|-damage|p1a: Dragapult|0 fnt
|faint|p1a: Dragapult
|
|-damage|p2a: Ursaluna|60/100 brn|[from] brn
|upkeep
|
|t:|1779872642
|switch|p1a: Lampshade|Iron Moth, shiny|100/100
|-enditem|p1a: Lampshade|Booster Energy
|-activate|p1a: Lampshade|ability: Quark Drive|[fromitem]
|-start|p1a: Lampshade|quarkdrivespe
|turn|14
|
|t:|1779872654
|move|p1a: Lampshade|Fiery Dance|p2a: Ursaluna
|-damage|p2a: Ursaluna|22/100 brn
|move|p2a: Ursaluna|Earthquake|p1a: Lampshade
|-supereffective|p1a: Lampshade
|-damage|p1a: Lampshade|0 fnt
|faint|p1a: Lampshade
|-end|p1a: Lampshade|Quark Drive|[silent]
|
|-damage|p2a: Ursaluna|16/100 brn|[from] brn
|upkeep
|
|t:|1779872659
|switch|p1a: Gliscor|Gliscor, M, shiny|100/100
|turn|15
|
|t:|1779872666
|move|p1a: Gliscor|Earthquake|p2a: Ursaluna
|-damage|p2a: Ursaluna|0 fnt
|faint|p2a: Ursaluna
|
|-status|p1a: Gliscor|tox|[from] item: Toxic Orb
|upkeep
|
|t:|1779872673
|switch|p2a: Iron Hands|Iron Hands|100/100
|-enditem|p2a: Iron Hands|Booster Energy
|-activate|p2a: Iron Hands|ability: Quark Drive|[fromitem]
|-start|p2a: Iron Hands|quarkdriveatk
|turn|16
|
|t:|1779872679
|move|p1a: Gliscor|Fling|p2a: Iron Hands
|-resisted|p2a: Iron Hands
|-damage|p2a: Iron Hands|98/100
|-status|p2a: Iron Hands|tox
|-enditem|p1a: Gliscor|Toxic Orb|[from] move: Fling
|move|p2a: Iron Hands|Ice Punch|p1a: Gliscor
|-supereffective|p1a: Gliscor
|-damage|p1a: Gliscor|0 fnt
|faint|p1a: Gliscor
|
|win|xtyswklg
|raw|Fortune 0's rating: 1143 &rarr; <strong>1119</strong><br />(-24 for losing)
|raw|xtyswklg's rating: 1162 &rarr; <strong>1186</strong><br />(+24 for winning)
|l|☆Fortune 0
|player|p1|
|l|☆xtyswklg
|player|p2|
