|j|☆lolcano46
|j|☆Trainer #39
|t:|1779903169
|gametype|singles
|player|p1|lolcano46|fisherman-gen4|1719
|player|p2|Trainer #39|bugsy|1778
|gen|9
|tier|[Gen 9] OU
|rated|
|rule|HP Percentage Mod: HP is shown in percentages
|rule|Endless Battle Clause: Forcing endless battles is banned
|rule|Species Clause: Limit one of each Pokémon
|rule|OHKO Clause: OHKO moves are banned
|rule|Evasion Items Clause: Evasion items are banned
|rule|Evasion Moves Clause: Evasion moves are banned
|rule|Evasion Abilities Clause: Evasion abilities are banned
|rule|Sleep Moves Clause: Sleep-inducing moves are banned
|clearpoke
|poke|p1|Azelf|
|poke|p1|Ogerpon-Wellspring, F|
|poke|p1|Scizor, M|
|poke|p1|Gengar, M|
|poke|p1|Raging Bolt|
|poke|p1|Cinderace, F|
|poke|p2|Blissey, F|
|poke|p2|Corviknight, M|
|poke|p2|Dondozo, M|
|poke|p2|Gliscor, M|
|poke|p2|Clefable, M|
|poke|p2|Slowking-Galar, M|
|teampreview
|inactive|Battle timer is ON: inactive players will automatically lose when time's up. (requested by lolcano46)
|
|t:|1779903178
|teamsize|p1|6
|teamsize|p2|6
|start
|switch|p1a: Cinderace|Cinderace, F|100/100
|switch|p2a: Free Palestine|Gliscor, M|100/100
|turn|1
|
|t:|1779903182
|move|p2a: Free Palestine|Protect|p2a: Free Palestine
|-singleturn|p2a: Free Palestine|Protect
|move|p1a: Cinderace|Will-O-Wisp|p2a: Free Palestine
|-activate|p2a: Free Palestine|move: Protect
|
|-status|p2a: Free Palestine|tox|[from] item: Toxic Orb
|upkeep
|turn|2
|
|t:|1779903184
|move|p1a: Cinderace|Pyro Ball|p2a: Free Palestine
|-damage|p2a: Free Palestine|65/100 tox
|move|p2a: Free Palestine|Toxic|p1a: Cinderace|[miss]
|-miss|p2a: Free Palestine|p1a: Cinderace
|
|-heal|p2a: Free Palestine|77/100 tox|[from] ability: Poison Heal
|upkeep
|turn|3
|
|t:|1779903188
|move|p1a: Cinderace|Pyro Ball|p2a: Free Palestine
|-damage|p2a: Free Palestine|38/100 tox
|move|p2a: Free Palestine|Substitute|p2a: Free Palestine
|-start|p2a: Free Palestine|Substitute
|-damage|p2a: Free Palestine|13/100 tox
|
|-heal|p2a: Free Palestine|25/100 tox|[from] ability: Poison Heal
|upkeep
|turn|4
|
|t:|1779903192
|move|p2a: Free Palestine|Protect|p2a: Free Palestine
|-singleturn|p2a: Free Palestine|Protect
|move|p1a: Cinderace|Pyro Ball|p2a: Free Palestine
|-activate|p2a: Free Palestine|move: Protect
|
|-heal|p2a: Free Palestine|38/100 tox|[from] ability: Poison Heal
|upkeep
|turn|5
|
|t:|1779903194
|move|p1a: Cinderace|Pyro Ball|p2a: Free Palestine
|-end|p2a: Free Palestine|Substitute
|move|p2a: Free Palestine|Toxic|p1a: Cinderace
|-status|p1a: Cinderace|tox
|
|-damage|p1a: Cinderace|95/100 tox|[from] psn
|-heal|p2a: Free Palestine|50/100 tox|[from] ability: Poison Heal
|upkeep
|turn|6
|
|t:|1779903196
|switch|p1a: Ogerpon|Ogerpon-Wellspring, F|100/100
|move|p2a: Free Palestine|Protect||[still]
|-fail|p2a: Free Palestine
|
|-heal|p2a: Free Palestine|63/100 tox|[from] ability: Poison Heal
|upkeep
|turn|7
|
|t:|1779903198
|move|p2a: Free Palestine|Protect|p2a: Free Palestine
|-singleturn|p2a: Free Palestine|Protect
|move|p1a: Ogerpon|Swords Dance|p1a: Ogerpon
|-boost|p1a: Ogerpon|atk|2
|
|-heal|p2a: Free Palestine|75/100 tox|[from] ability: Poison Heal
|upkeep
|turn|8
|
|t:|1779903201
|switch|p2a: 808 and curses|Dondozo, M|100/100
|move|p1a: Ogerpon|Horn Leech|p2a: 808 and curses
|-supereffective|p2a: 808 and curses
|-damage|p2a: 808 and curses|62/100
|
|-heal|p2a: 808 and curses|68/100|[from] item: Leftovers
|upkeep
|turn|9
|
|t:|1779903206
|move|p1a: Ogerpon|Play Rough|p2a: 808 and curses
|-damage|p2a: 808 and curses|52/100
|-unboost|p2a: 808 and curses|atk|1
|move|p2a: 808 and curses|Curse|p2a: 808 and curses
|-unboost|p2a: 808 and curses|spe|1
|-boost|p2a: 808 and curses|atk|1
|-boost|p2a: 808 and curses|def|1
|
|-heal|p2a: 808 and curses|58/100|[from] item: Leftovers
|upkeep
|turn|10
|
|t:|1779903209
|move|p1a: Ogerpon|Horn Leech|p2a: 808 and curses
|-supereffective|p2a: 808 and curses
|-damage|p2a: 808 and curses|30/100
|move|p2a: 808 and curses|Curse|p2a: 808 and curses
|-unboost|p2a: 808 and curses|spe|1
|-boost|p2a: 808 and curses|atk|1
|-boost|p2a: 808 and curses|def|1
|
|-heal|p2a: 808 and curses|36/100|[from] item: Leftovers
|upkeep
|turn|11
|
|t:|1779903213
|move|p1a: Ogerpon|Horn Leech|p2a: 808 and curses
|-supereffective|p2a: 808 and curses
|-damage|p2a: 808 and curses|16/100
|move|p2a: 808 and curses|Rest|p2a: 808 and curses
|-status|p2a: 808 and curses|slp|[from] move: Rest
|-heal|p2a: 808 and curses|100/100 slp|[silent]
|
|upkeep
|turn|12
|
|t:|1779903218
|switch|p1a: Gengar|Gengar, M|100/100
|cant|p2a: 808 and curses|slp
|move|p2a: 808 and curses|Sleep Talk|p2a: 808 and curses
|move|p2a: 808 and curses|Curse|p2a: 808 and curses|[from] move: Sleep Talk
|-unboost|p2a: 808 and curses|spe|1
|-boost|p2a: 808 and curses|atk|1
|-boost|p2a: 808 and curses|def|1
|
|upkeep
|turn|13
|
|t:|1779903222
|switch|p2a: Save Sudan|Slowking-Galar, M|100/100
|move|p1a: Gengar|Trick|p2a: Save Sudan
|-activate|p1a: Gengar|move: Trick|[of] p2a: Save Sudan
|-item|p2a: Save Sudan|Choice Scarf|[from] move: Trick
|-item|p1a: Gengar|Choice Scarf|[from] move: Trick
|
|upkeep
|turn|14
|
|t:|1779903228
|move|p1a: Gengar|Shadow Ball|p2a: Save Sudan
|-supereffective|p2a: Save Sudan
|-damage|p2a: Save Sudan|32/100
|move|p2a: Save Sudan|Future Sight|p1a: Gengar
|-start|p2a: Save Sudan|move: Future Sight
|
|upkeep
|turn|15
|j| bhybhww
|
|t:|1779903233
|switch|p1a: Scizor|Scizor, M|100/100
|switch|p2a: brat|Blissey, F|100/100
|
|upkeep
|turn|16
|
|t:|1779903235
|switch|p2a: Free Palestine|Gliscor, M|75/100 tox
|move|p1a: Scizor|Swords Dance|p1a: Scizor
|-boost|p1a: Scizor|atk|2
|
|-end|p1a: Scizor|move: Future Sight
|-resisted|p1a: Scizor
|-damage|p1a: Scizor|69/100
|-heal|p2a: Free Palestine|88/100 tox|[from] ability: Poison Heal
|upkeep
|turn|17
|
|t:|1779903238
|move|p2a: Free Palestine|Earthquake|p1a: Scizor
|-damage|p1a: Scizor|38/100
|move|p1a: Scizor|Knock Off|p2a: Free Palestine
|-damage|p2a: Free Palestine|45/100 tox
|-enditem|p2a: Free Palestine|Toxic Orb|[from] move: Knock Off|[of] p1a: Scizor
|
|-heal|p2a: Free Palestine|58/100 tox|[from] ability: Poison Heal
|upkeep
|turn|18
|
|t:|1779903241
|move|p1a: Scizor|Bullet Punch|p2a: Free Palestine
|-damage|p2a: Free Palestine|9/100 tox
|move|p2a: Free Palestine|Earthquake|p1a: Scizor
|-damage|p1a: Scizor|2/100
|
|-heal|p2a: Free Palestine|22/100 tox|[from] ability: Poison Heal
|upkeep
|turn|19
|
|t:|1779903249
|move|p2a: Free Palestine|Protect|p2a: Free Palestine
|-singleturn|p2a: Free Palestine|Protect
|move|p1a: Scizor|Swords Dance|p1a: Scizor
|-boost|p1a: Scizor|atk|2
|
|-heal|p2a: Free Palestine|34/100 tox|[from] ability: Poison Heal
|upkeep
|turn|20
|
|t:|1779903251
|switch|p2a: Trump is low IQ|Corviknight, M|100/100
|-ability|p2a: Trump is low IQ|Pressure
|move|p1a: Scizor|Knock Off|p2a: Trump is low IQ
|-damage|p2a: Trump is low IQ|35/100
|-damage|p1a: Scizor|0 fnt|[from] item: Rocky Helmet|[of] p2a: Trump is low IQ
|faint|p1a: Scizor
|
|upkeep
|
|t:|1779903254
|switch|p1a: Raging Bolt|Raging Bolt|100/100
|-enditem|p1a: Raging Bolt|Booster Energy
|-activate|p1a: Raging Bolt|ability: Protosynthesis|[fromitem]
|-start|p1a: Raging Bolt|protosynthesisspa
|turn|21
|j| nepturee
|
|t:|1779903259
|switch|p2a: Save Sudan|Slowking-Galar, M|66/100
|move|p1a: Raging Bolt|Thunderbolt|p2a: Save Sudan
|-damage|p2a: Save Sudan|16/100
|-status|p2a: Save Sudan|par
|
|upkeep
|turn|22
|
|t:|1779903262
|switch|p2a: brat|Blissey, F|100/100
|move|p1a: Raging Bolt|Dragon Pulse|p2a: brat
|-damage|p2a: brat|77/100
|
|upkeep
|turn|23
|
|t:|1779903264
|-end|p1a: Raging Bolt|Protosynthesis|[silent]
|switch|p1a: Gengar|Gengar, M|100/100
|move|p2a: brat|Stealth Rock|p1a: Gengar
|-sidestart|p1: lolcano46|move: Stealth Rock
|
|upkeep
|turn|24
|
|t:|1779903267
|switch|p2a: Save Sudan|Slowking-Galar, M|49/100 par
|move|p1a: Gengar|Shadow Ball|p2a: Save Sudan
|-supereffective|p2a: Save Sudan
|-damage|p2a: Save Sudan|0 fnt
|faint|p2a: Save Sudan
|
|upkeep
|
|t:|1779903269
|switch|p2a: Free Palestine|Gliscor, M|34/100 tox
|turn|25
|
|t:|1779903272
|switch|p1a: Ogerpon|Ogerpon-Wellspring, F|100/100
|-damage|p1a: Ogerpon|88/100|[from] Stealth Rock
|move|p2a: Free Palestine|Protect||[still]
|-fail|p2a: Free Palestine
|
|-heal|p2a: Free Palestine|47/100 tox|[from] ability: Poison Heal
|upkeep
|turn|26
|
|t:|1779903276
|move|p2a: Free Palestine|Protect|p2a: Free Palestine
|-singleturn|p2a: Free Palestine|Protect
|move|p1a: Ogerpon|Swords Dance|p1a: Ogerpon
|-boost|p1a: Ogerpon|atk|2
|
|-heal|p2a: Free Palestine|59/100 tox|[from] ability: Poison Heal
|upkeep
|turn|27
|
|t:|1779903278
|switch|p2a: 808 and curses|Dondozo, M|100/100 slp
|move|p1a: Ogerpon|Ivy Cudgel|p2a: 808 and curses|[anim] Ivy Cudgel Water
|-resisted|p2a: 808 and curses
|-damage|p2a: 808 and curses|87/100 slp
|
|-heal|p2a: 808 and curses|93/100 slp|[from] item: Leftovers
|upkeep
|turn|28
|
|t:|1779903280
|move|p1a: Ogerpon|Horn Leech|p2a: 808 and curses
|-supereffective|p2a: 808 and curses
|-damage|p2a: 808 and curses|52/100 slp
|-heal|p1a: Ogerpon|100/100|[from] drain|[of] p2a: 808 and curses
|cant|p2a: 808 and curses|slp
|move|p2a: 808 and curses|Sleep Talk|p2a: 808 and curses
|move|p2a: 808 and curses|Rest||[from] move: Sleep Talk|[still]
|-fail|p2a: 808 and curses
|
|-heal|p2a: 808 and curses|59/100 slp|[from] item: Leftovers
|upkeep
|turn|29
|
|t:|1779903284
|move|p1a: Ogerpon|Horn Leech|p2a: 808 and curses
|-supereffective|p2a: 808 and curses
|-damage|p2a: 808 and curses|22/100 slp
|-curestatus|p2a: 808 and curses|slp|[msg]
|move|p2a: 808 and curses|Curse|p2a: 808 and curses
|-unboost|p2a: 808 and curses|spe|1
|-boost|p2a: 808 and curses|atk|1
|-boost|p2a: 808 and curses|def|1
|
|-heal|p2a: 808 and curses|28/100|[from] item: Leftovers
|upkeep
|turn|30
|
|t:|1779903288
|move|p1a: Ogerpon|Horn Leech|p2a: 808 and curses
|-supereffective|p2a: 808 and curses
|-damage|p2a: 808 and curses|0 fnt
|faint|p2a: 808 and curses
|
|upkeep
|
|t:|1779903294
|switch|p2a: Free Palestine|Gliscor, M|59/100 tox
|turn|31
|
|t:|1779903296
|move|p2a: Free Palestine|Protect|p2a: Free Palestine
|-singleturn|p2a: Free Palestine|Protect
|move|p1a: Ogerpon|Ivy Cudgel|p2a: Free Palestine|[anim] Ivy Cudgel Water
|-activate|p2a: Free Palestine|move: Protect
|
|-heal|p2a: Free Palestine|71/100 tox|[from] ability: Poison Heal
|upkeep
|turn|32
|
|t:|1779903299
|-terastallize|p2a: Free Palestine|Water
|move|p1a: Ogerpon|Ivy Cudgel|p2a: Free Palestine|[anim] Ivy Cudgel Water
|-resisted|p2a: Free Palestine
|-crit|p2a: Free Palestine
|-damage|p2a: Free Palestine|14/100 tox
|move|p2a: Free Palestine|Toxic|p1a: Ogerpon
|-status|p1a: Ogerpon|tox
|
|-damage|p1a: Ogerpon|95/100 tox|[from] psn
|-heal|p2a: Free Palestine|26/100 tox|[from] ability: Poison Heal
|upkeep
|turn|33
|
|t:|1779903304
|move|p2a: Free Palestine|Protect|p2a: Free Palestine
|-singleturn|p2a: Free Palestine|Protect
|move|p1a: Ogerpon|Swords Dance|p1a: Ogerpon
|-boost|p1a: Ogerpon|atk|2
|
|-damage|p1a: Ogerpon|83/100 tox|[from] psn
|-heal|p2a: Free Palestine|39/100 tox|[from] ability: Poison Heal
|upkeep
|turn|34
|
|t:|1779903306
|switch|p2a: Trump is low IQ|Corviknight, M|35/100
|-ability|p2a: Trump is low IQ|Pressure
|move|p1a: Ogerpon|Horn Leech|p2a: Trump is low IQ
|-resisted|p2a: Trump is low IQ
|-damage|p2a: Trump is low IQ|13/100
|-heal|p1a: Ogerpon|97/100 tox|[from] drain|[of] p2a: Trump is low IQ
|-damage|p1a: Ogerpon|80/100 tox|[from] item: Rocky Helmet|[of] p2a: Trump is low IQ
|
|-damage|p1a: Ogerpon|62/100 tox|[from] psn
|upkeep
|turn|35
|
|t:|1779903310
|move|p1a: Ogerpon|Ivy Cudgel|p2a: Trump is low IQ|[anim] Ivy Cudgel Water
|-damage|p2a: Trump is low IQ|0 fnt
|faint|p2a: Trump is low IQ
|
|-damage|p1a: Ogerpon|38/100 tox|[from] psn
|upkeep
|
|t:|1779903313
|switch|p2a: Free Palestine|Gliscor, M, tera:Water|39/100 tox
|turn|36
|
|t:|1779903317
|move|p2a: Free Palestine|Protect|p2a: Free Palestine
|-singleturn|p2a: Free Palestine|Protect
|move|p1a: Ogerpon|Swords Dance|p1a: Ogerpon
|-boost|p1a: Ogerpon|atk|2
|
|-damage|p1a: Ogerpon|8/100 tox|[from] psn
|-heal|p2a: Free Palestine|51/100 tox|[from] ability: Poison Heal
|upkeep
|turn|37
|
|t:|1779903319
|switch|p2a: Free Lebanon|Clefable, M|100/100
|move|p1a: Ogerpon|Horn Leech|p2a: Free Lebanon
|-damage|p2a: Free Lebanon|47/100
|-heal|p1a: Ogerpon|43/100 tox|[from] drain|[of] p2a: Free Lebanon
|
|-damage|p1a: Ogerpon|7/100 tox|[from] psn
|upkeep
|turn|38
|
|t:|1779903322
|move|p2a: Free Lebanon|Protect|p2a: Free Lebanon
|-singleturn|p2a: Free Lebanon|Protect
|move|p1a: Ogerpon|Horn Leech|p2a: Free Lebanon
|-activate|p2a: Free Lebanon|move: Protect
|
|-damage|p1a: Ogerpon|0 fnt|[from] psn
|faint|p1a: Ogerpon
|upkeep
|
|t:|1779903333
|switch|p1a: Cinderace|Cinderace, F|95/100 tox
|turn|39
|
|t:|1779903336
|move|p1a: Cinderace|Court Change|p1a: Cinderace
|-start|p1a: Cinderace|typechange|Normal|[from] ability: Libero
|-swapsideconditions
|-activate|p1a: Cinderace|move: Court Change
|move|p2a: Free Lebanon|Wish|p2a: Free Lebanon
|
|-damage|p1a: Cinderace|89/100 tox|[from] psn
|upkeep
|turn|40
|
|t:|1779903339
|move|p2a: Free Lebanon|Protect|p2a: Free Lebanon
|-singleturn|p2a: Free Lebanon|Protect
|move|p1a: Cinderace|Pyro Ball|p2a: Free Lebanon
|-activate|p2a: Free Lebanon|move: Protect
|
|-heal|p2a: Free Lebanon|97/100|[from] move: Wish|[wisher] Free Lebanon
|-damage|p1a: Cinderace|77/100 tox|[from] psn
|upkeep
|turn|41
|
|t:|1779903341
|switch|p2a: Free Palestine|Gliscor, M, tera:Water|51/100 tox
|-damage|p2a: Free Palestine|39/100 tox|[from] Stealth Rock
|move|p1a: Cinderace|Pyro Ball|p2a: Free Palestine
|-resisted|p2a: Free Palestine
|-damage|p2a: Free Palestine|28/100 tox
|
|-damage|p1a: Cinderace|59/100 tox|[from] psn
|-heal|p2a: Free Palestine|40/100 tox|[from] ability: Poison Heal
|upkeep
|turn|42
|
|t:|1779903345
|switch|p1a: Gengar|Gengar, M|100/100
|move|p2a: Free Palestine|Substitute|p2a: Free Palestine
|-start|p2a: Free Palestine|Substitute
|-damage|p2a: Free Palestine|15/100 tox
|
|-heal|p2a: Free Palestine|28/100 tox|[from] ability: Poison Heal
|upkeep
|turn|43
|
|t:|1779903351
|move|p2a: Free Palestine|Protect|p2a: Free Palestine
|-singleturn|p2a: Free Palestine|Protect
|move|p1a: Gengar|Sludge Bomb|p2a: Free Palestine
|-activate|p2a: Free Palestine|move: Protect
|
|-heal|p2a: Free Palestine|40/100 tox|[from] ability: Poison Heal
|upkeep
|turn|44
|
|t:|1779903355
|switch|p1a: Azelf|Azelf|100/100
|move|p2a: Free Palestine|Earthquake|p1a: Azelf
|-immune|p1a: Azelf|[from] ability: Levitate
|
|-heal|p2a: Free Palestine|53/100 tox|[from] ability: Poison Heal
|upkeep
|turn|45
|
|t:|1779903357
|move|p1a: Azelf|Psychic|p2a: Free Palestine
|-end|p2a: Free Palestine|Substitute
|move|p2a: Free Palestine|Toxic|p1a: Azelf
|-status|p1a: Azelf|tox
|
|-damage|p1a: Azelf|94/100 tox|[from] psn
|-heal|p2a: Free Palestine|65/100 tox|[from] ability: Poison Heal
|upkeep
|turn|46
|
|t:|1779903359
|move|p2a: Free Palestine|Protect|p2a: Free Palestine
|-singleturn|p2a: Free Palestine|Protect
|move|p1a: Azelf|Thunderbolt|p2a: Free Palestine
|-activate|p2a: Free Palestine|move: Protect
|
|-damage|p1a: Azelf|82/100 tox|[from] psn
|-heal|p2a: Free Palestine|78/100 tox|[from] ability: Poison Heal
|upkeep
|turn|47
|
|t:|1779903363
|switch|p2a: brat|Blissey, F|77/100
|move|p1a: Azelf|Thunderbolt|p2a: brat
|-damage|p2a: brat|67/100
|
|-damage|p1a: Azelf|64/100 tox|[from] psn
|upkeep
|turn|48
|
|t:|1779903365
|switch|p1a: Gengar|Gengar, M|100/100
|move|p2a: brat|Stealth Rock|p1a: Gengar
|-sidestart|p1: lolcano46|move: Stealth Rock
|
|upkeep
|turn|49
|
|t:|1779903370
|switch|p2a: Free Lebanon|Clefable, M|97/100
|move|p1a: Gengar|Sludge Bomb|p2a: Free Lebanon
|-supereffective|p2a: Free Lebanon
|-damage|p2a: Free Lebanon|35/100
|
|upkeep
|turn|50
|
|t:|1779903373
|move|p2a: Free Lebanon|Protect|p2a: Free Lebanon
|-singleturn|p2a: Free Lebanon|Protect
|move|p1a: Gengar|Sludge Bomb|p2a: Free Lebanon
|-activate|p2a: Free Lebanon|move: Protect
|
|upkeep
|turn|51
|
|t:|1779903375
|switch|p2a: brat|Blissey, F|67/100
|move|p1a: Gengar|Sludge Bomb|p2a: brat
|-damage|p2a: brat|50/100
|
|upkeep
|turn|52
|
|t:|1779903377
|move|p1a: Gengar|Sludge Bomb|p2a: brat
|-damage|p2a: brat|35/100
|-status|p2a: brat|psn
|move|p2a: brat|Soft-Boiled|p2a: brat
|-heal|p2a: brat|85/100 psn
|
|-damage|p2a: brat|72/100 psn|[from] psn
|upkeep
|turn|53
|
|t:|1779903384
|switch|p1a: Raging Bolt|Raging Bolt|100/100
|-damage|p1a: Raging Bolt|88/100|[from] Stealth Rock
|-curestatus|p2a: brat|psn|[from] ability: Natural Cure|[silent]
|switch|p2a: Free Lebanon|Clefable, M|35/100
|
|upkeep
|turn|54
|
|t:|1779903389
|move|p1a: Raging Bolt|Thunderbolt|p2a: Free Lebanon
|-damage|p2a: Free Lebanon|0 fnt
|faint|p2a: Free Lebanon
|
|upkeep
|
|t:|1779903392
|switch|p2a: brat|Blissey, F|72/100
|turn|55
|
|t:|1779903396
|-end|p1a: Raging Bolt|Protosynthesis|[silent]
|switch|p1a: Gengar|Gengar, M|100/100
|-damage|p1a: Gengar|88/100|[from] Stealth Rock
|move|p2a: brat|Calm Mind|p2a: brat
|-boost|p2a: brat|spa|1
|-boost|p2a: brat|spd|1
|
|upkeep
|turn|56
|
|t:|1779903402
|move|p1a: Gengar|Trick|p2a: brat
|-activate|p1a: Gengar|move: Trick|[of] p2a: brat
|-item|p2a: brat|Choice Scarf|[from] move: Trick
|-item|p1a: Gengar|Heavy-Duty Boots|[from] move: Trick
|move|p2a: brat|Shadow Ball|p1a: Gengar
|-supereffective|p1a: Gengar
|-damage|p1a: Gengar|15/100
|
|upkeep
|turn|57
|
|t:|1779903430
|switch|p1a: Azelf|Azelf|64/100 tox
|-damage|p1a: Azelf|51/100 tox|[from] Stealth Rock
|move|p2a: brat|Shadow Ball|p1a: Azelf
|-supereffective|p1a: Azelf
|-damage|p1a: Azelf|0 fnt
|faint|p1a: Azelf
|
|upkeep
|
|t:|1779903433
|switch|p1a: Cinderace|Cinderace, F|59/100 tox
|turn|58
|
|t:|1779903435
|switch|p2a: Free Palestine|Gliscor, M, tera:Water|78/100 tox
|-damage|p2a: Free Palestine|65/100 tox|[from] Stealth Rock
|move|p1a: Cinderace|Court Change|p1a: Cinderace
|-start|p1a: Cinderace|typechange|Normal|[from] ability: Libero
|-swapsideconditions
|-activate|p1a: Cinderace|move: Court Change
|
|-damage|p1a: Cinderace|53/100 tox|[from] psn
|-heal|p2a: Free Palestine|78/100 tox|[from] ability: Poison Heal
|upkeep
|turn|59
|
|t:|1779903440
|move|p1a: Cinderace|Pyro Ball|p2a: Free Palestine
|-resisted|p2a: Free Palestine
|-damage|p2a: Free Palestine|65/100 tox
|move|p2a: Free Palestine|Substitute|p2a: Free Palestine
|-start|p2a: Free Palestine|Substitute
|-damage|p2a: Free Palestine|40/100 tox
|
|-damage|p1a: Cinderace|41/100 tox|[from] psn
|-heal|p2a: Free Palestine|52/100 tox|[from] ability: Poison Heal
|upkeep
|turn|60
|
|t:|1779903447
|switch|p1a: Raging Bolt|Raging Bolt|88/100
|-damage|p1a: Raging Bolt|75/100|[from] Stealth Rock
|move|p2a: Free Palestine|Earthquake|p1a: Raging Bolt
|-supereffective|p1a: Raging Bolt
|-damage|p1a: Raging Bolt|17/100
|
|-heal|p2a: Free Palestine|65/100 tox|[from] ability: Poison Heal
|upkeep
|turn|61
|
|t:|1779903453
|move|p2a: Free Palestine|Protect|p2a: Free Palestine
|-singleturn|p2a: Free Palestine|Protect
|move|p1a: Raging Bolt|Thunderbolt|p2a: Free Palestine
|-activate|p2a: Free Palestine|move: Protect
|
|-heal|p2a: Free Palestine|77/100 tox|[from] ability: Poison Heal
|upkeep
|turn|62
|
|t:|1779903455
|move|p1a: Raging Bolt|Thunderbolt|p2a: Free Palestine
|-supereffective|p2a: Free Palestine
|-end|p2a: Free Palestine|Substitute
|move|p2a: Free Palestine|Earthquake|p1a: Raging Bolt
|-supereffective|p1a: Raging Bolt
|-damage|p1a: Raging Bolt|0 fnt
|faint|p1a: Raging Bolt
|-end|p1a: Raging Bolt|Protosynthesis|[silent]
|
|-heal|p2a: Free Palestine|89/100 tox|[from] ability: Poison Heal
|upkeep
|
|t:|1779903460
|switch|p1a: Gengar|Gengar, M|15/100
|turn|63
|
|t:|1779903462
|move|p1a: Gengar|Shadow Ball|p2a: Free Palestine
|-damage|p2a: Free Palestine|38/100 tox
|move|p2a: Free Palestine|Earthquake|p1a: Gengar
|-supereffective|p1a: Gengar
|-damage|p1a: Gengar|0 fnt
|faint|p1a: Gengar
|
|-heal|p2a: Free Palestine|51/100 tox|[from] ability: Poison Heal
|upkeep
|-message|lolcano46 forfeited.
|
|win|Trainer #39
|raw|lolcano46's rating: 1719 &rarr; <strong>1702</strong><br />(-17 for losing)
|raw|Trainer #39's rating: 1778 &rarr; <strong>1795</strong><br />(+17 for winning)
|l|☆lolcano46
|player|p1|
|l|☆Trainer #39
|player|p2|
|l| nepturee
|l| bhybhww
