|j|☆MrRodeo
|j|☆okavi
|t:|1779957393
|gametype|singles
|player|p1|MrRodeo|lance|1160
|player|p2|okavi|doubleteam|1181
|gen|9
|tier|[Gen 9] OU
|rated|
|rule|HP Percentage Mod: HP is shown in percentages
|rule|Endless Battle Clause: Forcing endless battles is banned
|rule|Species Clause: Limit one of each Pokémon
|rule|OHKO Clause: OHKO moves are banned
|rule|Evasion Items Clause: Evasion items are banned
|rule|Evasion Moves Clause: Evasion moves are banned
|rule|Evasion Abilities Clause: Evasion abilities are banned
|rule|Sleep Moves Clause: Sleep-inducing moves are banned
|clearpoke
|poke|p1|Hawlucha, M|
|poke|p1|Rillaboom, F|
|poke|p1|Gliscor, F|
|poke|p1|Volcanion|
|poke|p1|Gholdengo|
|poke|p1|Grimmsnarl, M|
|poke|p2|Mandibuzz, F|
|poke|p2|Goodra-Hisui, M|
|poke|p2|Registeel|
|poke|p2|Jumpluff, M|
|poke|p2|Vaporeon, M|
|poke|p2|Mudsdale, M|
|teampreview
|inactive|Battle timer is ON: inactive players will automatically lose when time's up. (requested by okavi)
|
|t:|1779957404
|teamsize|p1|6
|teamsize|p2|6
|start
|switch|p1a: WHY|Volcanion|100/100
|switch|p2a: Vaporeon|Vaporeon, M|100/100
|turn|1
|
|t:|1779957417
|switch|p2a: Mandibuzz|Mandibuzz, F|100/100
|move|p1a: WHY|Sludge Bomb|p2a: Mandibuzz
|-damage|p2a: Mandibuzz|54/100
|
|upkeep
|turn|2
|
|t:|1779957440
|switch|p1a: Please just work|Gliscor, F|100/100
|move|p2a: Mandibuzz|Toxic|p1a: Please just work
|-status|p1a: Please just work|tox
|
|upkeep
|turn|3
|
|t:|1779957450
|switch|p2a: Goodra|Goodra-Hisui, M|100/100
|move|p1a: Please just work|Toxic|p2a: Goodra
|-immune|p2a: Goodra
|
|upkeep
|turn|4
|
|t:|1779957466
|switch|p1a: Moneyyyyy|Gholdengo|100/100
|-item|p1a: Moneyyyyy|Air Balloon
|move|p2a: Goodra|Surf|p1a: Moneyyyyy
|-damage|p1a: Moneyyyyy|66/100
|-enditem|p1a: Moneyyyyy|Air Balloon
|
|upkeep
|turn|5
|
|t:|1779957476
|move|p1a: Moneyyyyy|Shadow Ball|p2a: Goodra
|-damage|p2a: Goodra|80/100
|move|p2a: Goodra|Fire Blast|p1a: Moneyyyyy
|-supereffective|p1a: Moneyyyyy
|-damage|p1a: Moneyyyyy|0 fnt
|faint|p1a: Moneyyyyy
|
|upkeep
|
|t:|1779957491
|switch|p1a: dnd rogue|Grimmsnarl, M|100/100
|turn|6
|
|t:|1779957500
|move|p1a: dnd rogue|Sucker Punch|p2a: Goodra
|-damage|p2a: Goodra|52/100
|move|p2a: Goodra|Flash Cannon|p1a: dnd rogue
|-supereffective|p1a: dnd rogue
|-damage|p1a: dnd rogue|44/100
|
|-heal|p1a: dnd rogue|50/100|[from] item: Leftovers
|upkeep
|turn|7
|
|t:|1779957517
|switch|p2a: Vaporeon|Vaporeon, M|100/100
|switch|p1a: WHY|Volcanion|100/100
|
|upkeep
|turn|8
|
|t:|1779957527
|move|p1a: WHY|Sludge Bomb|p2a: Vaporeon
|-damage|p2a: Vaporeon|71/100
|move|p2a: Vaporeon|Wish|p2a: Vaporeon
|
|-heal|p2a: Vaporeon|77/100|[from] item: Leftovers
|upkeep
|turn|9
|
|t:|1779957535
|switch|p2a: Goodra|Goodra-Hisui, M|52/100
|move|p1a: WHY|Sludge Bomb|p2a: Goodra
|-immune|p2a: Goodra
|
|-heal|p2a: Goodra|100/100|[from] move: Wish|[wisher] Vaporeon
|upkeep
|turn|10
|inactive|MrRodeo has 120 seconds left.
|
|t:|1779957563
|switch|p1a: Clyde|Rillaboom, F|100/100
|-fieldstart|move: Grassy Terrain|[from] ability: Grassy Surge|[of] p1a: Clyde
|switch|p2a: Mandibuzz|Mandibuzz, F|54/100
|
|upkeep
|turn|11
|inactive|MrRodeo has 120 seconds left.
|
|t:|1779957573
|move|p1a: Clyde|U-turn|p2a: Mandibuzz
|-damage|p2a: Mandibuzz|33/100
|inactive|MrRodeo has 120 seconds left.
|
|t:|1779957587
|switch|p1a: dnd rogue|Grimmsnarl, M|50/100|[from] U-turn
|move|p2a: Mandibuzz|Roost|p2a: Mandibuzz
|-heal|p2a: Mandibuzz|83/100
|-singleturn|p2a: Mandibuzz|move: Roost
|
|-heal|p2a: Mandibuzz|89/100|[from] Grassy Terrain
|-heal|p1a: dnd rogue|56/100|[from] Grassy Terrain
|-heal|p1a: dnd rogue|62/100|[from] item: Leftovers
|upkeep
|turn|12
|inactive|MrRodeo has 120 seconds left.
|
|t:|1779957602
|move|p2a: Mandibuzz|Toxic|p1a: dnd rogue
|-status|p1a: dnd rogue|tox
|move|p1a: dnd rogue|Play Rough|p2a: Mandibuzz
|-supereffective|p2a: Mandibuzz
|-damage|p2a: Mandibuzz|50/100
|
|-heal|p1a: dnd rogue|68/100 tox|[from] Grassy Terrain
|-heal|p1a: dnd rogue|74/100 tox|[from] item: Leftovers
|-damage|p1a: dnd rogue|68/100 tox|[from] psn
|upkeep
|turn|13
|inactive|MrRodeo has 120 seconds left.
|
|t:|1779957613
|move|p2a: Mandibuzz|Roost|p2a: Mandibuzz
|-heal|p2a: Mandibuzz|99/100
|-singleturn|p2a: Mandibuzz|move: Roost
|move|p1a: dnd rogue|Play Rough|p2a: Mandibuzz|[miss]
|-miss|p1a: dnd rogue|p2a: Mandibuzz
|
|-heal|p2a: Mandibuzz|100/100|[from] Grassy Terrain
|-heal|p1a: dnd rogue|74/100 tox|[from] Grassy Terrain
|-heal|p1a: dnd rogue|80/100 tox|[from] item: Leftovers
|-damage|p1a: dnd rogue|68/100 tox|[from] psn
|upkeep
|turn|14
|inactive|MrRodeo has 120 seconds left.
|
|t:|1779957627
|switch|p2a: Mudsdale|Mudsdale, M|100/100
|move|p1a: dnd rogue|Thunder Wave|p2a: Mudsdale
|-immune|p2a: Mudsdale
|
|-heal|p1a: dnd rogue|74/100 tox|[from] Grassy Terrain
|-heal|p1a: dnd rogue|80/100 tox|[from] item: Leftovers
|-damage|p1a: dnd rogue|62/100 tox|[from] psn
|-fieldend|move: Grassy Terrain
|upkeep
|turn|15
|inactive|MrRodeo has 120 seconds left.
|
|t:|1779957648
|switch|p1a: Best boi|Hawlucha, M|100/100
|move|p2a: Mudsdale|Stealth Rock|p1a: Best boi
|-sidestart|p1: MrRodeo|move: Stealth Rock
|
|upkeep
|turn|16
|
|t:|1779957656
|move|p1a: Best boi|Close Combat|p2a: Mudsdale
|-damage|p2a: Mudsdale|68/100
|-unboost|p1a: Best boi|def|1
|-unboost|p1a: Best boi|spd|1
|-damage|p1a: Best boi|84/100|[from] item: Rocky Helmet|[of] p2a: Mudsdale
|-ability|p2a: Mudsdale|Stamina|boost
|-boost|p2a: Mudsdale|def|1
|move|p2a: Mudsdale|Roar|p1a: Best boi
|drag|p1a: WHY|Volcanion|100/100
|-damage|p1a: WHY|75/100|[from] Stealth Rock
|
|upkeep
|turn|17
|
|t:|1779957670
|-terastallize|p2a: Mudsdale|Water
|move|p1a: WHY|Steam Eruption|p2a: Mudsdale
|-resisted|p2a: Mudsdale
|-damage|p2a: Mudsdale|25/100
|-status|p2a: Mudsdale|brn
|-ability|p2a: Mudsdale|Stamina|boost
|-boost|p2a: Mudsdale|def|1
|move|p2a: Mudsdale|Body Press|p1a: WHY
|-damage|p1a: WHY|54/100
|
|-damage|p2a: Mudsdale|19/100 brn|[from] brn
|upkeep
|turn|18
|
|t:|1779957684
|switch|p2a: Vaporeon|Vaporeon, M|77/100
|move|p1a: WHY|Steam Eruption|p2a: Vaporeon
|-heal|p2a: Vaporeon|100/100|[from] ability: Water Absorb|[of] p1a: WHY
|
|upkeep
|turn|19
|
|t:|1779957701
|switch|p1a: Clyde|Rillaboom, F|100/100
|-damage|p1a: Clyde|88/100|[from] Stealth Rock
|-fieldstart|move: Grassy Terrain|[from] ability: Grassy Surge|[of] p1a: Clyde
|move|p2a: Vaporeon|Wish|p2a: Vaporeon
|
|-heal|p1a: Clyde|94/100|[from] Grassy Terrain
|upkeep
|turn|20
|
|t:|1779957712
|move|p1a: Clyde|Knock Off|p2a: Vaporeon
|-damage|p2a: Vaporeon|43/100
|-enditem|p2a: Vaporeon|Leftovers|[from] move: Knock Off|[of] p1a: Clyde
|move|p2a: Vaporeon|Ice Beam|p1a: Clyde
|-supereffective|p1a: Clyde
|-damage|p1a: Clyde|39/100
|
|-heal|p2a: Vaporeon|93/100|[from] move: Wish|[wisher] Vaporeon
|-heal|p1a: Clyde|45/100|[from] Grassy Terrain
|-heal|p2a: Vaporeon|99/100|[from] Grassy Terrain
|upkeep
|turn|21
|
|t:|1779957733
|switch|p1a: WHY|Volcanion|54/100
|-damage|p1a: WHY|29/100|[from] Stealth Rock
|move|p2a: Vaporeon|Wish|p2a: Vaporeon
|
|-heal|p1a: WHY|35/100|[from] Grassy Terrain
|-heal|p2a: Vaporeon|100/100|[from] Grassy Terrain
|upkeep
|turn|22
|
|t:|1779957752
|switch|p2a: Mudsdale|Mudsdale, M, tera:Water|19/100 brn
|move|p1a: WHY|Earth Power|p2a: Mudsdale
|-damage|p2a: Mudsdale|0 fnt
|faint|p2a: Mudsdale
|
|-heal|p1a: WHY|41/100|[from] Grassy Terrain
|upkeep
|
|t:|1779957759
|switch|p2a: Mandibuzz|Mandibuzz, F|100/100
|turn|23
|
|t:|1779957773
|switch|p1a: dnd rogue|Grimmsnarl, M|62/100 tox
|-damage|p1a: dnd rogue|49/100 tox|[from] Stealth Rock
|move|p2a: Mandibuzz|Toxic|p1a: dnd rogue|[miss]
|-miss|p2a: Mandibuzz|p1a: dnd rogue
|
|-heal|p1a: dnd rogue|56/100 tox|[from] Grassy Terrain
|-heal|p1a: dnd rogue|62/100 tox|[from] item: Leftovers
|-damage|p1a: dnd rogue|56/100 tox|[from] psn
|-fieldend|move: Grassy Terrain
|upkeep
|turn|24
|
|t:|1779957788
|move|p2a: Mandibuzz|Foul Play|p1a: dnd rogue
|-resisted|p1a: dnd rogue
|-damage|p1a: dnd rogue|44/100 tox
|move|p1a: dnd rogue|Play Rough|p2a: Mandibuzz
|-supereffective|p2a: Mandibuzz
|-damage|p2a: Mandibuzz|55/100
|
|-heal|p1a: dnd rogue|50/100 tox|[from] item: Leftovers
|-damage|p1a: dnd rogue|38/100 tox|[from] psn
|upkeep
|turn|25
|
|t:|1779957802
|switch|p2a: Registeel|Registeel, shiny|100/100
|move|p1a: dnd rogue|Play Rough|p2a: Registeel|[miss]
|-miss|p1a: dnd rogue|p2a: Registeel
|
|-heal|p1a: dnd rogue|44/100 tox|[from] item: Leftovers
|-damage|p1a: dnd rogue|26/100 tox|[from] psn
|upkeep
|turn|26
|
|t:|1779957824
|move|p1a: dnd rogue|Parting Shot|p2a: Registeel
|-fail|p2a: Registeel|unboost|[from] ability: Clear Body|[of] p2a: Registeel
|move|p2a: Registeel|Iron Defense|p2a: Registeel
|-boost|p2a: Registeel|def|2
|
|-heal|p1a: dnd rogue|32/100 tox|[from] item: Leftovers
|-damage|p1a: dnd rogue|8/100 tox|[from] psn
|upkeep
|turn|27
|
|t:|1779957836
|move|p1a: dnd rogue|Sucker Punch|p2a: Registeel
|-damage|p2a: Registeel|91/100
|move|p2a: Registeel|Body Press|p1a: dnd rogue
|-damage|p1a: dnd rogue|0 fnt
|faint|p1a: dnd rogue
|
|-heal|p2a: Registeel|97/100|[from] item: Leftovers
|upkeep
|inactive|MrRodeo has 90 seconds left.
|
|t:|1779957851
|switch|p1a: WHY|Volcanion|41/100
|-damage|p1a: WHY|16/100|[from] Stealth Rock
|turn|28
|
|t:|1779957858
|move|p1a: WHY|Flamethrower|p2a: Registeel
|-supereffective|p2a: Registeel
|-damage|p2a: Registeel|18/100
|-status|p2a: Registeel|brn
|move|p2a: Registeel|Body Press|p1a: WHY
|-damage|p1a: WHY|0 fnt
|faint|p1a: WHY
|
|-heal|p2a: Registeel|24/100 brn|[from] item: Leftovers
|-damage|p2a: Registeel|18/100 brn|[from] brn
|upkeep
|inactive|MrRodeo has 90 seconds left.
|
|t:|1779957875
|switch|p1a: Best boi|Hawlucha, M|84/100
|-damage|p1a: Best boi|72/100|[from] Stealth Rock
|turn|29
|inactive|MrRodeo has 90 seconds left.
|
|t:|1779957883
|move|p1a: Best boi|Close Combat|p2a: Registeel
|-supereffective|p2a: Registeel
|-damage|p2a: Registeel|0 fnt
|-unboost|p1a: Best boi|def|1
|-unboost|p1a: Best boi|spd|1
|faint|p2a: Registeel
|
|upkeep
|
|t:|1779957888
|switch|p2a: Vaporeon|Vaporeon, M|100/100
|turn|30
|
|t:|1779957897
|move|p1a: Best boi|Close Combat|p2a: Vaporeon
|-damage|p2a: Vaporeon|47/100
|-unboost|p1a: Best boi|def|1
|-unboost|p1a: Best boi|spd|1
|move|p2a: Vaporeon|Ice Beam|p1a: Best boi
|-supereffective|p1a: Best boi
|-damage|p1a: Best boi|0 fnt
|faint|p1a: Best boi
|
|upkeep
|
|t:|1779957906
|switch|p1a: Clyde|Rillaboom, F|45/100
|-damage|p1a: Clyde|33/100|[from] Stealth Rock
|-fieldstart|move: Grassy Terrain|[from] ability: Grassy Surge|[of] p1a: Clyde
|turn|31
|
|t:|1779957915
|switch|p2a: Goodra|Goodra-Hisui, M|100/100
|move|p1a: Clyde|Grassy Glide|p2a: Goodra
|-ability|p2a: Goodra|Sap Sipper|boost
|-boost|p2a: Goodra|atk|1
|
|-heal|p1a: Clyde|39/100|[from] Grassy Terrain
|upkeep
|turn|32
|
|t:|1779957930
|switch|p1a: Please just work|Gliscor, F|100/100 tox
|-damage|p1a: Please just work|88/100 tox|[from] Stealth Rock
|move|p2a: Goodra|Fire Blast|p1a: Please just work
|-damage|p1a: Please just work|42/100 tox
|
|-heal|p1a: Please just work|54/100 tox|[from] ability: Poison Heal
|upkeep
|turn|33
|
|t:|1779957941
|move|p1a: Please just work|High Horsepower|p2a: Goodra
|-supereffective|p2a: Goodra
|-damage|p2a: Goodra|43/100
|move|p2a: Goodra|Surf|p1a: Please just work
|-supereffective|p1a: Please just work
|-damage|p1a: Please just work|0 fnt
|faint|p1a: Please just work
|
|-heal|p2a: Goodra|49/100|[from] Grassy Terrain
|upkeep
|
|t:|1779957951
|switch|p1a: Clyde|Rillaboom, F|39/100
|-damage|p1a: Clyde|27/100|[from] Stealth Rock
|turn|34
|
|t:|1779957958
|move|p1a: Clyde|Knock Off|p2a: Goodra
|-damage|p2a: Goodra|0 fnt
|-enditem|p2a: Goodra|Assault Vest|[from] move: Knock Off|[of] p1a: Clyde
|faint|p2a: Goodra
|
|-heal|p1a: Clyde|33/100|[from] Grassy Terrain
|upkeep
|
|t:|1779957963
|switch|p2a: Jumpluff|Jumpluff, M, shiny|100/100
|turn|35
|
|t:|1779957970
|-terastallize|p1a: Clyde|Grass
|move|p2a: Jumpluff|Encore|p1a: Clyde
|-start|p1a: Clyde|Encore
|move|p1a: Clyde|Knock Off|p2a: Jumpluff
|-damage|p2a: Jumpluff|30/100
|-enditem|p2a: Jumpluff|Toxic Orb|[from] move: Knock Off|[of] p1a: Clyde
|
|-heal|p1a: Clyde|39/100|[from] Grassy Terrain
|-fieldend|move: Grassy Terrain
|upkeep
|turn|36
|inactive|MrRodeo has 120 seconds left.
|
|t:|1779957981
|move|p2a: Jumpluff|Switcheroo|p1a: Clyde
|-activate|p2a: Jumpluff|move: Trick|[of] p1a: Clyde
|-enditem|p1a: Clyde|Choice Band|[silent]|[from] move: Switcheroo
|-item|p2a: Jumpluff|Choice Band|[from] move: Switcheroo
|move|p1a: Clyde|Knock Off|p2a: Jumpluff
|-damage|p2a: Jumpluff|0 fnt
|-enditem|p2a: Jumpluff|Choice Band|[from] move: Knock Off|[of] p1a: Clyde
|faint|p2a: Jumpluff
|
|upkeep
|
|t:|1779957987
|switch|p2a: Mandibuzz|Mandibuzz, F|55/100
|turn|37
|
|t:|1779957994
|move|p1a: Clyde|Knock Off|p2a: Mandibuzz
|-resisted|p2a: Mandibuzz
|-damage|p2a: Mandibuzz|46/100
|-enditem|p2a: Mandibuzz|Heavy-Duty Boots|[from] move: Knock Off|[of] p1a: Clyde
|move|p2a: Mandibuzz|Roost|p2a: Mandibuzz
|-heal|p2a: Mandibuzz|96/100
|-singleturn|p2a: Mandibuzz|move: Roost
|
|-end|p1a: Clyde|Encore
|upkeep
|turn|38
|inactive|MrRodeo has 120 seconds left.
|
|t:|1779958011
|move|p1a: Clyde|U-turn|p2a: Mandibuzz
|-damage|p2a: Mandibuzz|81/100
|move|p2a: Mandibuzz|Foul Play|p1a: Clyde
|-damage|p1a: Clyde|0 fnt
|faint|p1a: Clyde
|
|win|okavi
|raw|MrRodeo's rating: 1160 &rarr; <strong>1137</strong><br />(-23 for losing)
|raw|okavi's rating: 1181 &rarr; <strong>1204</strong><br />(+23 for winning)
|l|☆MrRodeo
|player|p1|
