|j|☆CopiumBathTub
|j|☆zxrkawa
|t:|1779908202
|gametype|singles
|player|p1|CopiumBathTub|psychic-gen4|1563
|player|p2|zxrkawa|elesa|1561
|gen|9
|tier|[Gen 9] OU
|rated|
|rule|HP Percentage Mod: HP is shown in percentages
|rule|Endless Battle Clause: Forcing endless battles is banned
|rule|Species Clause: Limit one of each Pokémon
|rule|OHKO Clause: OHKO moves are banned
|rule|Evasion Items Clause: Evasion items are banned
|rule|Evasion Moves Clause: Evasion moves are banned
|rule|Evasion Abilities Clause: Evasion abilities are banned
|rule|Sleep Moves Clause: Sleep-inducing moves are banned
|clearpoke
|poke|p1|Hoopa-Unbound|
|poke|p1|Araquanid, M|
|poke|p1|Gholdengo|
|poke|p1|Great Tusk|
|poke|p1|Dragapult, M|
|poke|p1|Moltres|
|poke|p2|Meowscarada, M|
|poke|p2|Pecharunt|
|poke|p2|Enamorus, F|
|poke|p2|Iron Treads|
|poke|p2|Skarmory, F|
|poke|p2|Slowking, F|
|teampreview
|inactive|Battle timer is ON: inactive players will automatically lose when time's up. (requested by zxrkawa)
|j| SSZB
|
|t:|1779908214
|teamsize|p1|6
|teamsize|p2|6
|start
|switch|p1a: Araquanid|Araquanid, M|100/100
|switch|p2a: Meowscarada|Meowscarada, M|100/100
|turn|1
|
|t:|1779908217
|move|p2a: Meowscarada|U-turn|p1a: Araquanid
|-start|p2a: Meowscarada|typechange|Bug|[from] ability: Protean
|-damage|p1a: Araquanid|54/100
|
|t:|1779908221
|switch|p2a: Pecharunt|Pecharunt|100/100|[from] U-turn
|move|p1a: Araquanid|Leech Life|p2a: Pecharunt
|-resisted|p2a: Pecharunt
|-damage|p2a: Pecharunt|97/100
|-heal|p1a: Araquanid|56/100|[from] drain|[of] p2a: Pecharunt
|-damage|p1a: Araquanid|39/100|[from] item: Rocky Helmet|[of] p2a: Pecharunt
|
|upkeep
|turn|2
|
|t:|1779908226
|switch|p1a: Gholdengo|Gholdengo|100/100
|-item|p1a: Gholdengo|Air Balloon
|move|p2a: Pecharunt|Malignant Chain|p1a: Gholdengo
|-immune|p1a: Gholdengo
|
|upkeep
|turn|3
|
|t:|1779908230
|switch|p2a: Slowking|Slowking, F|100/100
|move|p1a: Gholdengo|Shadow Ball|p2a: Slowking
|-supereffective|p2a: Slowking
|-damage|p2a: Slowking|60/100
|
|upkeep
|turn|4
|
|t:|1779908233
|switch|p1a: Araquanid|Araquanid, M|39/100
|move|p2a: Slowking|Flamethrower|p1a: Araquanid
|-damage|p1a: Araquanid|30/100
|
|upkeep
|turn|5
|l| SSZB
|j| VicBossMG
|
|t:|1779908240
|switch|p2a: Enamorus|Enamorus, F|100/100
|move|p1a: Araquanid|Sticky Web|p2a: Enamorus
|-sidestart|p2: zxrkawa|move: Sticky Web
|
|upkeep
|turn|6
|
|t:|1779908247
|switch|p1a: Moltres|Moltres|100/100
|move|p2a: Enamorus|Moonblast|p1a: Moltres
|-resisted|p1a: Moltres
|-damage|p1a: Moltres|70/100
|
|upkeep
|turn|7
|
|t:|1779908251
|switch|p2a: Slowking|Slowking, F|94/100
|-activate|p2a: Slowking|move: Sticky Web
|-unboost|p2a: Slowking|spe|1
|move|p1a: Moltres|U-turn|p2a: Slowking
|-supereffective|p2a: Slowking
|-crit|p2a: Slowking
|-damage|p2a: Slowking|49/100
|
|t:|1779908253
|switch|p1a: Hoopa|Hoopa-Unbound|100/100|[from] U-turn
|
|upkeep
|turn|8
|
|t:|1779908258
|switch|p2a: Skarmory|Skarmory, F|100/100
|move|p1a: Hoopa|Hyperspace Fury|p2a: Skarmory
|-damage|p2a: Skarmory|47/100
|-unboost|p1a: Hoopa|def|1
|
|upkeep
|turn|9
|
|t:|1779908273
|move|p1a: Hoopa|Hyperspace Fury|p2a: Skarmory
|-damage|p2a: Skarmory|0 fnt
|-unboost|p1a: Hoopa|def|1
|faint|p2a: Skarmory
|
|upkeep
|
|t:|1779908276
|switch|p2a: Iron Treads|Iron Treads|100/100
|-activate|p2a: Iron Treads|move: Sticky Web
|-unboost|p2a: Iron Treads|spe|1
|turn|10
|
|t:|1779908279
|move|p1a: Hoopa|Hyperspace Fury|p2a: Iron Treads
|-damage|p2a: Iron Treads|36/100
|-unboost|p1a: Hoopa|def|1
|move|p2a: Iron Treads|Knock Off|p1a: Hoopa
|-damage|p1a: Hoopa|0 fnt
|-enditem|p1a: Hoopa|Choice Band|[from] move: Knock Off|[of] p2a: Iron Treads
|faint|p1a: Hoopa
|
|-heal|p2a: Iron Treads|42/100|[from] item: Leftovers
|upkeep
|
|t:|1779908282
|switch|p1a: Dragapult|Dragapult, M|100/100
|turn|11
|
|t:|1779908294
|move|p1a: Dragapult|Shadow Ball|p2a: Iron Treads
|-damage|p2a: Iron Treads|4/100
|-unboost|p2a: Iron Treads|spd|1
|-damage|p1a: Dragapult|91/100|[from] item: Life Orb
|move|p2a: Iron Treads|Knock Off|p1a: Dragapult
|-supereffective|p1a: Dragapult
|-damage|p1a: Dragapult|18/100
|-enditem|p1a: Dragapult|Life Orb|[from] move: Knock Off|[of] p2a: Iron Treads
|
|-heal|p2a: Iron Treads|10/100|[from] item: Leftovers
|upkeep
|turn|12
|
|t:|1779908306
|-end|p2a: Iron Treads|Quark Drive|[silent]
|switch|p2a: Slowking|Slowking, F|83/100
|-activate|p2a: Slowking|move: Sticky Web
|-unboost|p2a: Slowking|spe|1
|move|p1a: Dragapult|Shadow Ball|p2a: Slowking
|-supereffective|p2a: Slowking
|-damage|p2a: Slowking|52/100
|
|upkeep
|turn|13
|
|t:|1779908313
|switch|p1a: Araquanid|Araquanid, M|30/100
|move|p2a: Slowking|Psyshock|p1a: Araquanid
|-damage|p1a: Araquanid|0 fnt
|faint|p1a: Araquanid
|
|upkeep
|
|t:|1779908315
|switch|p1a: Gholdengo|Gholdengo|100/100
|-item|p1a: Gholdengo|Air Balloon
|turn|14
|
|t:|1779908331
|-terastallize|p2a: Slowking|Steel
|move|p1a: Gholdengo|Nasty Plot|p1a: Gholdengo
|-boost|p1a: Gholdengo|spa|2
|move|p2a: Slowking|Flamethrower|p1a: Gholdengo
|-supereffective|p1a: Gholdengo
|-damage|p1a: Gholdengo|45/100
|-enditem|p1a: Gholdengo|Air Balloon
|
|upkeep
|turn|15
|
|t:|1779908339
|move|p1a: Gholdengo|Make It Rain|p2a: Slowking
|-resisted|p2a: Slowking
|-damage|p2a: Slowking|22/100
|-unboost|p1a: Gholdengo|spa|1
|move|p2a: Slowking|Flamethrower|p1a: Gholdengo
|-supereffective|p1a: Gholdengo
|-damage|p1a: Gholdengo|0 fnt
|faint|p1a: Gholdengo
|
|upkeep
|
|t:|1779908342
|switch|p1a: Dragapult|Dragapult, M|18/100
|turn|16
|
|t:|1779908360
|switch|p2a: Iron Treads|Iron Treads|10/100
|-activate|p2a: Iron Treads|move: Sticky Web
|-unboost|p2a: Iron Treads|spe|1
|move|p1a: Dragapult|Fire Blast|p2a: Iron Treads
|-supereffective|p2a: Iron Treads
|-damage|p2a: Iron Treads|0 fnt
|faint|p2a: Iron Treads
|-end|p2a: Iron Treads|Quark Drive|[silent]
|
|upkeep
|
|t:|1779908368
|switch|p2a: Enamorus|Enamorus, F|100/100
|turn|17
|
|t:|1779908372
|switch|p1a: Moltres|Moltres|70/100
|move|p2a: Enamorus|Moonblast|p1a: Moltres
|-resisted|p1a: Moltres
|-crit|p1a: Moltres
|-damage|p1a: Moltres|29/100
|
|upkeep
|turn|18
|
|t:|1779908377
|move|p2a: Enamorus|Moonblast|p1a: Moltres
|-resisted|p1a: Moltres
|-damage|p1a: Moltres|1/100
|move|p1a: Moltres|Roost|p1a: Moltres
|-heal|p1a: Moltres|51/100
|-singleturn|p1a: Moltres|move: Roost
|
|upkeep
|turn|19
|
|t:|1779908382
|switch|p2a: Pecharunt|Pecharunt|97/100
|-activate|p2a: Pecharunt|move: Sticky Web
|-unboost|p2a: Pecharunt|spe|1
|move|p1a: Moltres|Flamethrower|p2a: Pecharunt
|-damage|p2a: Pecharunt|58/100
|
|upkeep
|turn|20
|
|t:|1779908386
|move|p1a: Moltres|U-turn|p2a: Pecharunt
|-resisted|p2a: Pecharunt
|-damage|p2a: Pecharunt|56/100
|-damage|p1a: Moltres|35/100|[from] item: Rocky Helmet|[of] p2a: Pecharunt
|
|t:|1779908388
|switch|p1a: Great Tusk|Great Tusk|100/100|[from] U-turn
|move|p2a: Pecharunt|Malignant Chain|p1a: Great Tusk
|-resisted|p1a: Great Tusk
|-damage|p1a: Great Tusk|78/100
|-status|p1a: Great Tusk|tox
|-start|p1a: Great Tusk|confusion|[from] ability: Poison Puppeteer|[of] p2a: Pecharunt
|
|-damage|p1a: Great Tusk|71/100 tox|[from] psn
|upkeep
|turn|21
|
|t:|1779908399
|switch|p2a: Enamorus|Enamorus, F|100/100
|-activate|p1a: Great Tusk|confusion
|move|p1a: Great Tusk|Knock Off|p2a: Enamorus
|-resisted|p2a: Enamorus
|-damage|p2a: Enamorus|72/100
|-enditem|p2a: Enamorus|Choice Scarf|[from] move: Knock Off|[of] p1a: Great Tusk
|
|-damage|p1a: Great Tusk|59/100 tox|[from] psn
|upkeep
|turn|22
|
|t:|1779908404
|move|p2a: Enamorus|Moonblast|p1a: Great Tusk
|-supereffective|p1a: Great Tusk
|-damage|p1a: Great Tusk|0 fnt
|faint|p1a: Great Tusk
|-end|p1a: Great Tusk|Protosynthesis|[silent]
|
|upkeep
|
|t:|1779908405
|switch|p1a: Dragapult|Dragapult, M|18/100
|turn|23
|
|t:|1779908411
|move|p1a: Dragapult|Shadow Ball|p2a: Enamorus
|-damage|p2a: Enamorus|24/100
|move|p2a: Enamorus|Moonblast|p1a: Dragapult
|-supereffective|p1a: Dragapult
|-damage|p1a: Dragapult|0 fnt
|faint|p1a: Dragapult
|
|upkeep
|
|t:|1779908413
|switch|p1a: Moltres|Moltres|35/100
|turn|24
|
|t:|1779908420
|switch|p2a: Pecharunt|Pecharunt|56/100
|-activate|p2a: Pecharunt|move: Sticky Web
|-unboost|p2a: Pecharunt|spe|1
|move|p1a: Moltres|Roost|p1a: Moltres
|-heal|p1a: Moltres|85/100
|-singleturn|p1a: Moltres|move: Roost
|
|upkeep
|turn|25
|
|t:|1779908423
|move|p1a: Moltres|Flamethrower|p2a: Pecharunt
|-damage|p2a: Pecharunt|19/100
|-status|p2a: Pecharunt|brn
|move|p2a: Pecharunt|Malignant Chain|p1a: Moltres
|-damage|p1a: Moltres|53/100
|-status|p1a: Moltres|tox
|-start|p1a: Moltres|confusion|[from] ability: Poison Puppeteer|[of] p2a: Pecharunt
|
|-damage|p1a: Moltres|47/100 tox|[from] psn
|-damage|p2a: Pecharunt|13/100 brn|[from] brn
|upkeep
|turn|26
|
|t:|1779908435
|-activate|p1a: Moltres|confusion
|-damage|p1a: Moltres|41/100 tox|[from] confusion
|move|p2a: Pecharunt|Recover|p2a: Pecharunt
|-heal|p2a: Pecharunt|63/100 brn
|
|-damage|p1a: Moltres|29/100 tox|[from] psn
|-damage|p2a: Pecharunt|57/100 brn|[from] brn
|upkeep
|turn|27
|-message|CopiumBathTub forfeited.
|
|win|zxrkawa
|raw|CopiumBathTub's rating: 1563 &rarr; <strong>1543</strong><br />(-20 for losing)
|raw|zxrkawa's rating: 1561 &rarr; <strong>1581</strong><br />(+20 for winning)
|l|☆CopiumBathTub
|player|p1|
|c|☆zxrkawa|gg
