|j|☆santhanam
|j|☆inferno_on_top
|t:|1779950399
|gametype|singles
|player|p1|santhanam|2|1303
|player|p2|inferno_on_top|gentleman-gen4|1322
|gen|9
|tier|[Gen 9] OU
|rated|
|rule|HP Percentage Mod: HP is shown in percentages
|rule|Endless Battle Clause: Forcing endless battles is banned
|rule|Species Clause: Limit one of each Pokémon
|rule|OHKO Clause: OHKO moves are banned
|rule|Evasion Items Clause: Evasion items are banned
|rule|Evasion Moves Clause: Evasion moves are banned
|rule|Evasion Abilities Clause: Evasion abilities are banned
|rule|Sleep Moves Clause: Sleep-inducing moves are banned
|clearpoke
|poke|p1|Zamazenta-*|
|poke|p1|Great Tusk|
|poke|p1|Gholdengo|
|poke|p1|Kingambit, F|
|poke|p1|Slowking-Galar, M|
|poke|p1|Kyurem|
|poke|p2|Pikachu-Kalos, M|
|poke|p2|Talonflame, M|
|poke|p2|Greninja-*, M|
|poke|p2|Goodra, M|
|poke|p2|Noivern, M|
|poke|p2|Hawlucha, F|
|teampreview
|inactive|Battle timer is ON: inactive players will automatically lose when time's up. (requested by inferno_on_top)
|
|t:|1779950420
|teamsize|p1|6
|teamsize|p2|6
|start
|switch|p1a: Great Tusk|Great Tusk|100/100
|switch|p2a: Pikachu|Pikachu-Kalos, M|100/100
|-enditem|p1a: Great Tusk|Booster Energy
|-activate|p1a: Great Tusk|ability: Protosynthesis|[fromitem]
|-start|p1a: Great Tusk|protosynthesisatk
|turn|1
|
|t:|1779950431
|move|p2a: Pikachu|Surf|p1a: Great Tusk
|-supereffective|p1a: Great Tusk
|-damage|p1a: Great Tusk|14/100
|move|p1a: Great Tusk|Headlong Rush|p2a: Pikachu
|-supereffective|p2a: Pikachu
|-damage|p2a: Pikachu|0 fnt
|-unboost|p1a: Great Tusk|def|1
|-unboost|p1a: Great Tusk|spd|1
|faint|p2a: Pikachu
|
|upkeep
|
|t:|1779950446
|switch|p2a: Hawlucha|Hawlucha, F|100/100
|turn|2
|
|t:|1779950456
|move|p2a: Hawlucha|Close Combat|p1a: Great Tusk
|-damage|p1a: Great Tusk|0 fnt
|-unboost|p2a: Hawlucha|def|1
|-unboost|p2a: Hawlucha|spd|1
|faint|p1a: Great Tusk
|-end|p1a: Great Tusk|Protosynthesis|[silent]
|
|upkeep
|inactive|santhanam has 120 seconds left.
|
|t:|1779950489
|switch|p1a: Kyurem|Kyurem|100/100
|-ability|p1a: Kyurem|Pressure
|turn|3
|inactive|santhanam has 120 seconds left.
|
|t:|1779950502
|-terastallize|p1a: Kyurem|Fairy
|move|p2a: Hawlucha|Endure|p2a: Hawlucha
|-singleturn|p2a: Hawlucha|move: Endure
|move|p1a: Kyurem|Icicle Spear|p2a: Hawlucha
|-supereffective|p2a: Hawlucha
|-damage|p2a: Hawlucha|46/100
|-supereffective|p2a: Hawlucha
|-activate|p2a: Hawlucha|move: Endure
|-damage|p2a: Hawlucha|1/100
|-supereffective|p2a: Hawlucha
|-activate|p2a: Hawlucha|move: Endure
|-damage|p2a: Hawlucha|1/100
|-supereffective|p2a: Hawlucha
|-activate|p2a: Hawlucha|move: Endure
|-damage|p2a: Hawlucha|1/100
|-supereffective|p2a: Hawlucha
|-activate|p2a: Hawlucha|move: Endure
|-damage|p2a: Hawlucha|1/100
|-hitcount|p2a: Hawlucha|5
|-enditem|p2a: Hawlucha|Red Card|[of] p1a: Kyurem
|drag|p1a: Gholdengo|Gholdengo|100/100
|
|upkeep
|turn|4
|inactive|santhanam has 120 seconds left.
|
|t:|1779950525
|move|p2a: Hawlucha|Acrobatics|p1a: Gholdengo
|-resisted|p1a: Gholdengo
|-damage|p1a: Gholdengo|75/100
|move|p1a: Gholdengo|Thunderbolt|p2a: Hawlucha
|-supereffective|p2a: Hawlucha
|-damage|p2a: Hawlucha|0 fnt
|faint|p2a: Hawlucha
|
|upkeep
|inactive|inferno_on_top has 120 seconds left.
|
|t:|1779950554
|switch|p2a: Talonflame|Talonflame, M|100/100
|turn|5
|inactive|santhanam has 120 seconds left.
|
|t:|1779950566
|switch|p1a: Slowking|Slowking-Galar, M|100/100
|move|p2a: Talonflame|Flare Blitz|p1a: Slowking
|-damage|p1a: Slowking|45/100
|-damage|p2a: Talonflame|76/100|[from] Recoil
|
|-heal|p1a: Slowking|52/100|[from] item: Leftovers
|upkeep
|turn|6
|inactive|santhanam has 120 seconds left.
|
|t:|1779950578
|move|p2a: Talonflame|Flare Blitz|p1a: Slowking
|-damage|p1a: Slowking|0 fnt
|faint|p1a: Slowking
|-damage|p2a: Talonflame|54/100|[from] Recoil
|
|upkeep
|
|t:|1779950585
|switch|p1a: Zamazenta|Zamazenta|100/100
|-ability|p1a: Zamazenta|Dauntless Shield|boost
|-boost|p1a: Zamazenta|def|1
|turn|7
|inactive|santhanam has 120 seconds left.
|
|t:|1779950601
|switch|p2a: Noivern|Noivern, M|100/100
|-item|p1a: Zamazenta|Leftovers|[from] ability: Frisk|[of] p2a: Noivern
|move|p1a: Zamazenta|Substitute|p1a: Zamazenta
|-start|p1a: Zamazenta|Substitute
|-damage|p1a: Zamazenta|76/100
|
|-heal|p1a: Zamazenta|82/100|[from] item: Leftovers
|upkeep
|turn|8
|inactive|santhanam has 120 seconds left.
|
|t:|1779950614
|move|p1a: Zamazenta|Crunch|p2a: Noivern
|-damage|p2a: Noivern|67/100
|move|p2a: Noivern|Defog||[still]
|-fail|p2a: Noivern
|
|-heal|p1a: Zamazenta|88/100|[from] item: Leftovers
|upkeep
|turn|9
|
|t:|1779950623
|move|p1a: Zamazenta|Body Press|p2a: Noivern
|-resisted|p2a: Noivern
|-damage|p2a: Noivern|34/100
|move|p2a: Noivern|Hurricane|p1a: Zamazenta
|-supereffective|p1a: Zamazenta
|-end|p1a: Zamazenta|Substitute
|
|-heal|p1a: Zamazenta|94/100|[from] item: Leftovers
|upkeep
|turn|10
|inactive|santhanam has 120 seconds left.
|
|t:|1779950660
|switch|p1a: Gholdengo|Gholdengo|75/100
|move|p2a: Noivern|Hurricane|p1a: Gholdengo
|-resisted|p1a: Gholdengo
|-damage|p1a: Gholdengo|47/100
|
|upkeep
|turn|11
|
|t:|1779950674
|move|p2a: Noivern|Hurricane|p1a: Gholdengo
|-resisted|p1a: Gholdengo
|-damage|p1a: Gholdengo|22/100
|move|p1a: Gholdengo|Make It Rain|p2a: Noivern
|-damage|p2a: Noivern|0 fnt
|-unboost|p1a: Gholdengo|spa|1
|faint|p2a: Noivern
|
|upkeep
|
|t:|1779950682
|switch|p2a: Greninja|Greninja, M|100/100
|turn|12
|
|t:|1779950692
|move|p2a: Greninja|Water Shuriken|p1a: Gholdengo
|-damage|p1a: Gholdengo|12/100
|-damage|p1a: Gholdengo|2/100
|-hitcount|p1a: Gholdengo|2
|-damage|p2a: Greninja|91/100|[from] item: Life Orb
|move|p1a: Gholdengo|Thunderbolt|p2a: Greninja
|-supereffective|p2a: Greninja
|-damage|p2a: Greninja|22/100
|
|upkeep
|turn|13
|inactive|santhanam has 120 seconds left.
|
|t:|1779950708
|move|p2a: Greninja|Ice Beam|p1a: Gholdengo
|-resisted|p1a: Gholdengo
|-damage|p1a: Gholdengo|0 fnt
|faint|p1a: Gholdengo
|-ability|p2a: Greninja|Battle Bond|boost
|-boost|p2a: Greninja|atk|1
|-boost|p2a: Greninja|spa|1
|-boost|p2a: Greninja|spe|1
|-activate|p2a: Greninja|ability: Battle Bond
|-damage|p2a: Greninja|13/100|[from] item: Life Orb
|
|upkeep
|
|t:|1779950724
|switch|p1a: Zamazenta|Zamazenta|94/100
|turn|14
|
|t:|1779950732
|move|p2a: Greninja|Ice Beam|p1a: Zamazenta
|-damage|p1a: Zamazenta|49/100
|-status|p1a: Zamazenta|frz
|-damage|p2a: Greninja|3/100|[from] item: Life Orb
|cant|p1a: Zamazenta|frz
|
|-heal|p1a: Zamazenta|55/100 frz|[from] item: Leftovers
|upkeep
|turn|15
|inactive|santhanam has 120 seconds left.
|
|t:|1779950744
|move|p2a: Greninja|Ice Beam|p1a: Zamazenta
|-crit|p1a: Zamazenta
|-damage|p1a: Zamazenta|0 fnt
|faint|p1a: Zamazenta
|-damage|p2a: Greninja|0 fnt|[from] item: Life Orb
|faint|p2a: Greninja
|
|upkeep
|
|t:|1779950758
|switch|p1a: Kyurem|Kyurem, tera:Fairy|100/100
|switch|p2a: Talonflame|Talonflame, M|54/100
|-ability|p1a: Kyurem|Pressure
|turn|16
|
|t:|1779950765
|-terastallize|p2a: Talonflame|Fire
|move|p2a: Talonflame|Flare Blitz|p1a: Kyurem
|-damage|p1a: Kyurem|41/100
|-status|p1a: Kyurem|brn
|-damage|p2a: Talonflame|28/100|[from] Recoil
|move|p1a: Kyurem|Icicle Spear|p2a: Talonflame
|-resisted|p2a: Talonflame
|-damage|p2a: Talonflame|24/100
|-resisted|p2a: Talonflame
|-damage|p2a: Talonflame|19/100
|-resisted|p2a: Talonflame
|-damage|p2a: Talonflame|14/100
|-resisted|p2a: Talonflame
|-crit|p2a: Talonflame
|-damage|p2a: Talonflame|7/100
|-resisted|p2a: Talonflame
|-damage|p2a: Talonflame|2/100
|-hitcount|p2a: Talonflame|5
|
|-damage|p1a: Kyurem|35/100 brn|[from] brn
|upkeep
|turn|17
|inactive|santhanam has 120 seconds left.
|
|t:|1779950790
|move|p2a: Talonflame|Flare Blitz|p1a: Kyurem
|-damage|p1a: Kyurem|0 fnt
|faint|p1a: Kyurem
|-damage|p2a: Talonflame|0 fnt|[from] Recoil
|faint|p2a: Talonflame
|
|upkeep
|inactive|santhanam has 90 seconds left.
|
|t:|1779950832
|switch|p2a: Goodra|Goodra, M|100/100
|switch|p1a: Kingambit|Kingambit, F|100/100
|-activate|p1a: Kingambit|ability: Supreme Overlord
|-start|p1a: Kingambit|fallen5|[silent]
|turn|18
|l|☆inferno_on_top
|inactive|inferno_on_top disconnected and has a minute to reconnect!
|player|p2|
|j|☆inferno_on_top
|inactive|inferno_on_top reconnected and has 145 seconds left.
|player|p2|inferno_on_top|gentleman-gen4|
|inactive|santhanam has 60 seconds left.
|
|t:|1779950856
|move|p1a: Kingambit|Sucker Punch||[still]
|-fail|p1a: Kingambit
|move|p2a: Goodra|Acid Armor|p2a: Goodra
|-boost|p2a: Goodra|def|2
|
|upkeep
|turn|19
|
|t:|1779950862
|move|p2a: Goodra|Body Press|p1a: Kingambit
|-supereffective|p1a: Kingambit
|-damage|p1a: Kingambit|0 fnt
|faint|p1a: Kingambit
|-end|p1a: Kingambit|fallen5|[silent]
|
|win|inferno_on_top
|raw|santhanam's rating: 1303 &rarr; <strong>1284</strong><br />(-19 for losing)
|raw|inferno_on_top's rating: 1322 &rarr; <strong>1341</strong><br />(+19 for winning)
|l|☆santhanam
|player|p1|
