|j|☆J1mothy20
|j|☆senpako
|t:|1779876063
|gametype|singles
|player|p1|J1mothy20|wally|1394
|player|p2|senpako|koga|1405
|gen|9
|tier|[Gen 9] OU
|rated|
|rule|HP Percentage Mod: HP is shown in percentages
|rule|Endless Battle Clause: Forcing endless battles is banned
|rule|Species Clause: Limit one of each Pokémon
|rule|OHKO Clause: OHKO moves are banned
|rule|Evasion Items Clause: Evasion items are banned
|rule|Evasion Moves Clause: Evasion moves are banned
|rule|Evasion Abilities Clause: Evasion abilities are banned
|rule|Sleep Moves Clause: Sleep-inducing moves are banned
|clearpoke
|poke|p1|Alomomola, F|
|poke|p1|Regigigas|
|poke|p1|Kingambit, M|
|poke|p1|Enamorus, F|
|poke|p1|Samurott-Hisui, M|
|poke|p1|Great Tusk|
|poke|p2|Ceruledge, M|
|poke|p2|Garchomp, M|
|poke|p2|Moltres-Galar|
|poke|p2|Iron Valiant|
|poke|p2|Walking Wake|
|poke|p2|Gholdengo|
|teampreview
|inactive|Battle timer is ON: inactive players will automatically lose when time's up. (requested by J1mothy20)
|inactive|senpako also wants the timer to be on.
|
|t:|1779876080
|teamsize|p1|6
|teamsize|p2|6
|start
|switch|p1a: Samurott|Samurott-Hisui, M|100/100
|switch|p2a: Iron Valiant|Iron Valiant|100/100
|-enditem|p2a: Iron Valiant|Booster Energy
|-activate|p2a: Iron Valiant|ability: Quark Drive|[fromitem]
|-start|p2a: Iron Valiant|quarkdrivespe
|turn|1
|inactive|J1mothy20 has 120 seconds left.
|
|t:|1779876114
|switch|p1a: Regigigas|Regigigas|100/100
|-start|p1a: Regigigas|ability: Slow Start
|move|p2a: Iron Valiant|Aura Sphere|p1a: Regigigas
|-supereffective|p1a: Regigigas
|-damage|p1a: Regigigas|73/100
|
|upkeep
|turn|2
|inactive|J1mothy20 has 120 seconds left.
|
|t:|1779876126
|move|p2a: Iron Valiant|Calm Mind|p2a: Iron Valiant
|-boost|p2a: Iron Valiant|spa|1
|-boost|p2a: Iron Valiant|spd|1
|move|p1a: Regigigas|Knock Off|p2a: Iron Valiant
|-resisted|p2a: Iron Valiant
|-damage|p2a: Iron Valiant|97/100
|
|upkeep
|turn|3
|
|t:|1779876133
|move|p2a: Iron Valiant|Aura Sphere|p1a: Regigigas
|-supereffective|p1a: Regigigas
|-damage|p1a: Regigigas|30/100
|move|p1a: Regigigas|Icy Wind|p2a: Iron Valiant
|-damage|p2a: Iron Valiant|84/100
|-unboost|p2a: Iron Valiant|spe|1
|
|upkeep
|turn|4
|inactive|J1mothy20 has 120 seconds left.
|
|t:|1779876161
|move|p2a: Iron Valiant|Aura Sphere|p1a: Regigigas
|-supereffective|p1a: Regigigas
|-damage|p1a: Regigigas|0 fnt
|faint|p1a: Regigigas
|-end|p1a: Regigigas|Slow Start|[silent]
|
|upkeep
|
|t:|1779876177
|switch|p1a: Samurott|Samurott-Hisui, M|100/100
|turn|5
|
|t:|1779876188
|move|p1a: Samurott|Flip Turn|p2a: Iron Valiant
|-damage|p2a: Iron Valiant|45/100
|
|t:|1779876207
|switch|p1a: Alomomola|Alomomola, F|100/100|[from] Flip Turn
|move|p2a: Iron Valiant|Aura Sphere|p1a: Alomomola
|-damage|p1a: Alomomola|31/100
|
|upkeep
|turn|6
|
|t:|1779876215
|move|p2a: Iron Valiant|Aura Sphere|p1a: Alomomola
|-crit|p1a: Alomomola
|-damage|p1a: Alomomola|0 fnt
|faint|p1a: Alomomola
|
|upkeep
|
|t:|1779876217
|switch|p1a: Samurott|Samurott-Hisui, M|100/100
|turn|7
|
|t:|1779876222
|move|p1a: Samurott|Aqua Cutter|p2a: Iron Valiant
|-damage|p2a: Iron Valiant|0 fnt
|faint|p2a: Iron Valiant
|-end|p2a: Iron Valiant|Quark Drive|[silent]
|
|upkeep
|
|t:|1779876228
|switch|p2a: Ceruledge|Ceruledge, M|100/100
|turn|8
|
|t:|1779876239
|switch|p1a: Enamorus|Enamorus, F|100/100
|move|p2a: Ceruledge|Swords Dance|p2a: Ceruledge
|-boost|p2a: Ceruledge|atk|2
|
|upkeep
|turn|9
|
|t:|1779876264
|move|p1a: Enamorus|Earth Power|p2a: Ceruledge
|-supereffective|p2a: Ceruledge
|-enditem|p2a: Ceruledge|Focus Sash
|-damage|p2a: Ceruledge|1/100
|-unboost|p2a: Ceruledge|spd|1
|move|p2a: Ceruledge|Bitter Blade|p1a: Enamorus
|-damage|p1a: Enamorus|0 fnt
|-heal|p2a: Ceruledge|50/100|[from] drain|[of] p1a: Enamorus
|faint|p1a: Enamorus
|
|upkeep
|
|t:|1779876281
|switch|p1a: Samurott|Samurott-Hisui, M|100/100
|turn|10
|
|t:|1779876284
|move|p2a: Ceruledge|Shadow Sneak|p1a: Samurott
|-resisted|p1a: Samurott
|-damage|p1a: Samurott|72/100
|move|p1a: Samurott|Ceaseless Edge|p2a: Ceruledge
|-supereffective|p2a: Ceruledge
|-damage|p2a: Ceruledge|0 fnt
|-sidestart|p2: senpako|Spikes
|faint|p2a: Ceruledge
|
|upkeep
|
|t:|1779876290
|switch|p2a: Moltres|Moltres-Galar, shiny|100/100
|turn|11
|
|t:|1779876298
|switch|p1a: Kingambit|Kingambit, M|100/100
|-activate|p1a: Kingambit|ability: Supreme Overlord
|-start|p1a: Kingambit|fallen3|[silent]
|move|p2a: Moltres|Agility|p2a: Moltres
|-boost|p2a: Moltres|spe|2
|
|upkeep
|turn|12
|
|t:|1779876308
|move|p2a: Moltres|Air Slash|p1a: Kingambit
|-resisted|p1a: Kingambit
|-damage|p1a: Kingambit|79/100
|move|p1a: Kingambit|Swords Dance|p1a: Kingambit
|-boost|p1a: Kingambit|atk|2
|
|upkeep
|turn|13
|
|t:|1779876315
|move|p2a: Moltres|Nasty Plot|p2a: Moltres
|-boost|p2a: Moltres|spa|2
|move|p1a: Kingambit|Iron Head|p2a: Moltres
|-damage|p2a: Moltres|0 fnt
|faint|p2a: Moltres
|
|upkeep
|
|t:|1779876320
|switch|p2a: Gholdengo|Gholdengo|100/100
|-damage|p2a: Gholdengo|88/100|[from] Spikes
|turn|14
|
|t:|1779876326
|move|p2a: Gholdengo|Trick|p1a: Kingambit
|-activate|p2a: Gholdengo|move: Trick|[of] p1a: Kingambit
|-item|p1a: Kingambit|Choice Scarf|[from] move: Trick
|-item|p2a: Gholdengo|Black Glasses|[from] move: Trick
|move|p1a: Kingambit|Kowtow Cleave|p2a: Gholdengo
|-supereffective|p2a: Gholdengo
|-damage|p2a: Gholdengo|0 fnt
|faint|p2a: Gholdengo
|
|upkeep
|
|t:|1779876334
|switch|p2a: Walking Wake|Walking Wake|100/100
|-damage|p2a: Walking Wake|88/100|[from] Spikes
|-enditem|p2a: Walking Wake|Booster Energy
|-activate|p2a: Walking Wake|ability: Protosynthesis|[fromitem]
|-start|p2a: Walking Wake|protosynthesisspa
|turn|15
|
|t:|1779876344
|-terastallize|p1a: Kingambit|Flying
|move|p2a: Walking Wake|Agility|p2a: Walking Wake
|-boost|p2a: Walking Wake|spe|2
|move|p1a: Kingambit|Kowtow Cleave|p2a: Walking Wake
|-damage|p2a: Walking Wake|0 fnt
|faint|p2a: Walking Wake
|-end|p2a: Walking Wake|Protosynthesis|[silent]
|
|upkeep
|
|t:|1779876367
|switch|p2a: Garchomp|Garchomp, M|100/100
|-damage|p2a: Garchomp|88/100|[from] Spikes
|turn|16
|
|t:|1779876376
|move|p2a: Garchomp|Swords Dance|p2a: Garchomp
|-boost|p2a: Garchomp|atk|2
|move|p1a: Kingambit|Kowtow Cleave|p2a: Garchomp
|-damage|p2a: Garchomp|0 fnt
|-damage|p1a: Kingambit|67/100|[from] ability: Rough Skin|[of] p2a: Garchomp
|faint|p2a: Garchomp
|
|win|J1mothy20
|raw|J1mothy20's rating: 1394 &rarr; <strong>1415</strong><br />(+21 for winning)
|raw|senpako's rating: 1405 &rarr; <strong>1384</strong><br />(-21 for losing)
|l|☆senpako
|player|p2|
|l|☆J1mothy20
|player|p1|
