|j|‽Jirachi in Jordans
|j|☆psygoat12
|t:|1779805090
|gametype|singles
|player|p1|Jirachi in Jordans|unknown|1359
|player|p2|psygoat12|chuck|1359
|gen|9
|tier|[Gen 9] OU
|rated|
|rule|HP Percentage Mod: HP is shown in percentages
|rule|Endless Battle Clause: Forcing endless battles is banned
|rule|Species Clause: Limit one of each Pokémon
|rule|OHKO Clause: OHKO moves are banned
|rule|Evasion Items Clause: Evasion items are banned
|rule|Evasion Moves Clause: Evasion moves are banned
|rule|Evasion Abilities Clause: Evasion abilities are banned
|rule|Sleep Moves Clause: Sleep-inducing moves are banned
|clearpoke
|poke|p1|Crawdaunt, M|
|poke|p1|Alomomola, F|
|poke|p1|Zapdos|
|poke|p1|Great Tusk|
|poke|p1|Iron Valiant|
|poke|p1|Dragapult, F|
|poke|p2|Pelipper, M|
|poke|p2|Iron Treads|
|poke|p2|Zapdos|
|poke|p2|Kingdra, M|
|poke|p2|Kingambit, F|
|poke|p2|Hariyama, F|
|teampreview
|inactive|Battle timer is ON: inactive players will automatically lose when time's up. (requested by Jirachi in Jordans)
|inactive|psygoat12 has 120 seconds left.
|
|t:|1779805132
|teamsize|p1|6
|teamsize|p2|6
|start
|switch|p1a: Dragapult|Dragapult, F|100/100
|switch|p2a: Zapdos|Zapdos|100/100
|turn|1
|
|t:|1779805135
|move|p1a: Dragapult|Will-O-Wisp|p2a: Zapdos
|-status|p2a: Zapdos|brn
|move|p2a: Zapdos|Hurricane|p1a: Dragapult|[miss]
|-miss|p2a: Zapdos|p1a: Dragapult
|
|-damage|p2a: Zapdos|94/100 brn|[from] brn
|upkeep
|turn|2
|
|t:|1779805138
|move|p1a: Dragapult|Hex|p2a: Zapdos
|-damage|p2a: Zapdos|30/100 brn
|move|p2a: Zapdos|Hurricane|p1a: Dragapult
|-damage|p1a: Dragapult|0 fnt
|faint|p1a: Dragapult
|
|-damage|p2a: Zapdos|24/100 brn|[from] brn
|upkeep
|
|t:|1779805149
|switch|p1a: Zapdos|Zapdos|100/100
|turn|3
|
|t:|1779805157
|switch|p2a: Iron Treads|Iron Treads|100/100
|-enditem|p2a: Iron Treads|Booster Energy
|-activate|p2a: Iron Treads|ability: Quark Drive|[fromitem]
|-start|p2a: Iron Treads|quarkdrivespe
|move|p1a: Zapdos|Volt Switch|p2a: Iron Treads
|-immune|p2a: Iron Treads
|
|upkeep
|turn|4
|
|t:|1779805160
|switch|p1a: Great Tusk|Great Tusk|100/100
|move|p2a: Iron Treads|Stealth Rock|p1a: Great Tusk
|-sidestart|p1: Jirachi in Jordans|move: Stealth Rock
|
|upkeep
|turn|5
|
|t:|1779805167
|-end|p2a: Iron Treads|Quark Drive|[silent]
|switch|p2a: Zapdos|Zapdos|24/100 brn
|move|p1a: Great Tusk|Rapid Spin|p2a: Zapdos
|-damage|p2a: Zapdos|7/100 brn
|-boost|p1a: Great Tusk|spe|1
|-status|p1a: Great Tusk|par|[from] ability: Static|[of] p2a: Zapdos
|-sideend|p1: Jirachi in Jordans|Stealth Rock|[from] move: Rapid Spin|[of] p1a: Great Tusk
|
|-damage|p2a: Zapdos|1/100 brn|[from] brn
|upkeep
|turn|6
|
|t:|1779805173
|move|p2a: Zapdos|Hurricane|p1a: Great Tusk|[miss]
|-miss|p2a: Zapdos|p1a: Great Tusk
|move|p1a: Great Tusk|Rapid Spin|p2a: Zapdos
|-damage|p2a: Zapdos|0 fnt
|-boost|p1a: Great Tusk|spe|1
|faint|p2a: Zapdos
|
|upkeep
|
|t:|1779805180
|switch|p2a: Pelipper|Pelipper, M|100/100
|-weather|RainDance|[from] ability: Drizzle|[of] p2a: Pelipper
|turn|7
|
|t:|1779805187
|-end|p1a: Great Tusk|Protosynthesis|[silent]
|switch|p1a: Alomomola|Alomomola, F|100/100
|move|p2a: Pelipper|Hurricane|p1a: Alomomola
|-damage|p1a: Alomomola|72/100
|
|-weather|RainDance|[upkeep]
|upkeep
|turn|8
|
|t:|1779805191
|move|p2a: Pelipper|U-turn|p1a: Alomomola
|-damage|p1a: Alomomola|65/100
|
|t:|1779805203
|switch|p2a: Kingdra|Kingdra, M|100/100|[from] U-turn
|move|p1a: Alomomola|Flip Turn|p2a: Kingdra
|-resisted|p2a: Kingdra
|-damage|p2a: Kingdra|93/100
|
|t:|1779805207
|switch|p1a: Iron Valiant|Iron Valiant|100/100|[from] Flip Turn
|-enditem|p1a: Iron Valiant|Booster Energy
|-activate|p1a: Iron Valiant|ability: Quark Drive|[fromitem]
|-start|p1a: Iron Valiant|quarkdrivespe
|
|-weather|RainDance|[upkeep]
|upkeep
|turn|9
|
|t:|1779805213
|move|p1a: Iron Valiant|Moonblast|p2a: Kingdra
|-supereffective|p2a: Kingdra
|-damage|p2a: Kingdra|0 fnt
|faint|p2a: Kingdra
|
|-weather|RainDance|[upkeep]
|upkeep
|inactive|psygoat12 has 120 seconds left.
|
|t:|1779805271
|switch|p2a: Kingambit|Kingambit, F|100/100
|-activate|p2a: Kingambit|ability: Supreme Overlord
|-start|p2a: Kingambit|fallen2|[silent]
|turn|10
|
|t:|1779805277
|-terastallize|p2a: Kingambit|Dark
|move|p1a: Iron Valiant|Close Combat|p2a: Kingambit
|-supereffective|p2a: Kingambit
|-damage|p2a: Kingambit|20/100
|-unboost|p1a: Iron Valiant|def|1
|-unboost|p1a: Iron Valiant|spd|1
|move|p2a: Kingambit|Iron Head|p1a: Iron Valiant
|-supereffective|p1a: Iron Valiant
|-damage|p1a: Iron Valiant|0 fnt
|faint|p1a: Iron Valiant
|-end|p1a: Iron Valiant|Quark Drive|[silent]
|
|-weather|RainDance|[upkeep]
|-heal|p2a: Kingambit|26/100|[from] item: Leftovers
|upkeep
|
|t:|1779805288
|switch|p1a: Crawdaunt|Crawdaunt, M|100/100
|turn|11
|
|t:|1779805305
|-end|p2a: Kingambit|fallen2|[silent]
|switch|p2a: Pelipper|Pelipper, M|100/100
|move|p1a: Crawdaunt|Aqua Jet|p2a: Pelipper
|-resisted|p2a: Pelipper
|-damage|p2a: Pelipper|75/100
|
|-weather|RainDance|[upkeep]
|upkeep
|turn|12
|
|t:|1779805316
|switch|p1a: Alomomola|Alomomola, F|98/100
|move|p2a: Pelipper|Hurricane|p1a: Alomomola
|-damage|p1a: Alomomola|72/100
|
|-weather|RainDance|[upkeep]
|upkeep
|turn|13
|
|t:|1779805320
|move|p2a: Pelipper|Hurricane|p1a: Alomomola
|-damage|p1a: Alomomola|45/100
|-start|p1a: Alomomola|confusion
|-activate|p1a: Alomomola|confusion
|-damage|p1a: Alomomola|40/100|[from] confusion
|
|-weather|RainDance|[upkeep]
|upkeep
|turn|14
|
|t:|1779805326
|move|p2a: Pelipper|Hurricane|p1a: Alomomola
|-damage|p1a: Alomomola|16/100
|-activate|p1a: Alomomola|confusion
|move|p1a: Alomomola|Wish|p1a: Alomomola
|
|-weather|none
|upkeep
|turn|15
|
|t:|1779805333
|switch|p1a: Crawdaunt|Crawdaunt, M|100/100
|move|p2a: Pelipper|Roost|p2a: Pelipper
|-heal|p2a: Pelipper|100/100
|-singleturn|p2a: Pelipper|move: Roost
|
|upkeep
|turn|16
|
|t:|1779805340
|move|p1a: Crawdaunt|Knock Off|p2a: Pelipper
|-damage|p2a: Pelipper|22/100
|-enditem|p2a: Pelipper|Damp Rock|[from] move: Knock Off|[of] p1a: Crawdaunt
|move|p2a: Pelipper|Hurricane|p1a: Crawdaunt
|-damage|p1a: Crawdaunt|23/100
|
|upkeep
|turn|17
|
|t:|1779805347
|switch|p1a: Alomomola|Alomomola, F|49/100
|move|p2a: Pelipper|Roost|p2a: Pelipper
|-heal|p2a: Pelipper|72/100
|-singleturn|p2a: Pelipper|move: Roost
|
|upkeep
|turn|18
|
|t:|1779805352
|move|p2a: Pelipper|U-turn|p1a: Alomomola
|-damage|p1a: Alomomola|43/100
|
|t:|1779805355
|switch|p2a: Iron Treads|Iron Treads|100/100|[from] U-turn
|move|p1a: Alomomola|Flip Turn|p2a: Iron Treads
|-supereffective|p2a: Iron Treads
|-damage|p2a: Iron Treads|76/100
|
|t:|1779805359
|switch|p1a: Great Tusk|Great Tusk|100/100 par|[from] Flip Turn
|
|upkeep
|turn|19
|
|t:|1779805366
|move|p2a: Iron Treads|Stealth Rock|p1a: Great Tusk
|-sidestart|p1: Jirachi in Jordans|move: Stealth Rock
|move|p1a: Great Tusk|Rapid Spin|p2a: Iron Treads
|-resisted|p2a: Iron Treads
|-damage|p2a: Iron Treads|72/100
|-boost|p1a: Great Tusk|spe|1
|-sideend|p1: Jirachi in Jordans|Stealth Rock|[from] move: Rapid Spin|[of] p1a: Great Tusk
|
|upkeep
|turn|20
|
|t:|1779805371
|move|p2a: Iron Treads|Earthquake|p1a: Great Tusk
|-damage|p1a: Great Tusk|83/100 par
|move|p1a: Great Tusk|Stealth Rock|p2a: Iron Treads
|-sidestart|p2: psygoat12|move: Stealth Rock
|
|upkeep
|turn|21
|
|t:|1779805375
|-end|p2a: Iron Treads|Quark Drive|[silent]
|switch|p2a: Pelipper|Pelipper, M|72/100
|-damage|p2a: Pelipper|47/100|[from] Stealth Rock
|-weather|RainDance|[from] ability: Drizzle|[of] p2a: Pelipper
|move|p1a: Great Tusk|Rapid Spin|p2a: Pelipper
|-damage|p2a: Pelipper|35/100
|-boost|p1a: Great Tusk|spe|1
|
|-weather|RainDance|[upkeep]
|upkeep
|turn|22
|
|t:|1779805379
|-end|p1a: Great Tusk|Protosynthesis|[silent]
|switch|p1a: Alomomola|Alomomola, F|76/100
|move|p2a: Pelipper|Hurricane|p1a: Alomomola
|-damage|p1a: Alomomola|49/100
|
|-weather|RainDance|[upkeep]
|upkeep
|turn|23
|
|t:|1779805383
|move|p2a: Pelipper|Roost|p2a: Pelipper
|-heal|p2a: Pelipper|86/100
|-singleturn|p2a: Pelipper|move: Roost
|move|p1a: Alomomola|Flip Turn|p2a: Pelipper
|-resisted|p2a: Pelipper
|-damage|p2a: Pelipper|77/100
|
|t:|1779805386
|switch|p1a: Crawdaunt|Crawdaunt, M|23/100|[from] Flip Turn
|
|-weather|RainDance|[upkeep]
|upkeep
|turn|24
|
|t:|1779805391
|move|p1a: Crawdaunt|Crabhammer|p2a: Pelipper
|-resisted|p2a: Pelipper
|-crit|p2a: Pelipper
|-damage|p2a: Pelipper|0 fnt
|faint|p2a: Pelipper
|
|-weather|RainDance|[upkeep]
|upkeep
|
|t:|1779805411
|switch|p2a: Hariyama|Hariyama, F|100/100
|-damage|p2a: Hariyama|94/100|[from] Stealth Rock
|turn|25
|
|t:|1779805415
|move|p1a: Crawdaunt|Crabhammer|p2a: Hariyama|[miss]
|-miss|p1a: Crawdaunt|p2a: Hariyama
|move|p2a: Hariyama|Drain Punch|p1a: Crawdaunt
|-supereffective|p1a: Crawdaunt
|-damage|p1a: Crawdaunt|0 fnt
|-heal|p2a: Hariyama|100/100|[from] drain|[of] p1a: Crawdaunt
|faint|p1a: Crawdaunt
|
|-weather|none
|upkeep
|
|t:|1779805426
|switch|p1a: Zapdos|Zapdos|100/100
|turn|26
|
|t:|1779805435
|move|p1a: Zapdos|Hurricane|p2a: Hariyama
|-supereffective|p2a: Hariyama
|-damage|p2a: Hariyama|60/100
|move|p2a: Hariyama|Ice Punch|p1a: Zapdos
|-supereffective|p1a: Zapdos
|-damage|p1a: Zapdos|59/100
|-status|p1a: Zapdos|frz
|
|upkeep
|turn|27
|
|t:|1779805443
|switch|p2a: Iron Treads|Iron Treads|72/100
|-damage|p2a: Iron Treads|69/100|[from] Stealth Rock
|cant|p1a: Zapdos|frz
|
|upkeep
|turn|28
|
|t:|1779805449
|switch|p1a: Alomomola|Alomomola, F|83/100
|move|p2a: Iron Treads|Rapid Spin|p1a: Alomomola
|-damage|p1a: Alomomola|72/100
|-boost|p2a: Iron Treads|spe|1
|-sideend|p2: psygoat12|Stealth Rock|[from] move: Rapid Spin|[of] p2a: Iron Treads
|
|upkeep
|turn|29
|
|t:|1779805457
|move|p2a: Iron Treads|Stealth Rock|p1a: Alomomola
|-sidestart|p1: Jirachi in Jordans|move: Stealth Rock
|move|p1a: Alomomola|Flip Turn|p2a: Iron Treads
|-supereffective|p2a: Iron Treads
|-damage|p2a: Iron Treads|46/100
|
|t:|1779805459
|switch|p1a: Great Tusk|Great Tusk|83/100 par|[from] Flip Turn
|-damage|p1a: Great Tusk|80/100 par|[from] Stealth Rock
|
|upkeep
|turn|30
|
|t:|1779805464
|-end|p2a: Iron Treads|Quark Drive|[silent]
|switch|p2a: Hariyama|Hariyama, F|60/100
|move|p1a: Great Tusk|Body Press|p2a: Hariyama
|-damage|p2a: Hariyama|12/100
|
|upkeep
|turn|31
|
|t:|1779805468
|-end|p1a: Great Tusk|Protosynthesis|[silent]
|switch|p1a: Alomomola|Alomomola, F|100/100
|move|p2a: Hariyama|Ice Punch|p1a: Alomomola
|-resisted|p1a: Alomomola
|-damage|p1a: Alomomola|93/100
|
|upkeep
|turn|32
|
|t:|1779805474
|move|p1a: Alomomola|Flip Turn|p2a: Hariyama
|-damage|p2a: Hariyama|0 fnt
|faint|p2a: Hariyama
|
|t:|1779805477
|switch|p1a: Great Tusk|Great Tusk|80/100 par|[from] Flip Turn
|-damage|p1a: Great Tusk|77/100 par|[from] Stealth Rock
|
|upkeep
|
|t:|1779805484
|switch|p2a: Kingambit|Kingambit, F, tera:Dark|26/100
|-activate|p2a: Kingambit|ability: Supreme Overlord
|-start|p2a: Kingambit|fallen4|[silent]
|turn|33
|
|t:|1779805491
|move|p2a: Kingambit|Swords Dance|p2a: Kingambit
|-boost|p2a: Kingambit|atk|2
|move|p1a: Great Tusk|Body Press|p2a: Kingambit
|-supereffective|p2a: Kingambit
|-damage|p2a: Kingambit|0 fnt
|faint|p2a: Kingambit
|-end|p2a: Kingambit|fallen4|[silent]
|
|upkeep
|
|t:|1779805494
|switch|p2a: Iron Treads|Iron Treads|46/100
|turn|34
|-message|psygoat12 forfeited.
|
|win|Jirachi in Jordans
|raw|Jirachi in Jordans's rating: 1359 &rarr; <strong>1379</strong><br />(+20 for winning)
|raw|psygoat12's rating: 1359 &rarr; <strong>1339</strong><br />(-20 for losing)
|l|☆psygoat12
|player|p2|
|l|‽Jirachi in Jordans
|player|p1|
