|j|☆ArmpitLickerr
|j|☆yoony1
|t:|1779861504
|gametype|singles
|player|p1|ArmpitLickerr|102|1322
|player|p2|yoony1|plasmagrunt-gen5bw|1371
|gen|9
|tier|[Gen 9] OU
|rated|
|rule|HP Percentage Mod: HP is shown in percentages
|rule|Endless Battle Clause: Forcing endless battles is banned
|rule|Species Clause: Limit one of each Pokémon
|rule|OHKO Clause: OHKO moves are banned
|rule|Evasion Items Clause: Evasion items are banned
|rule|Evasion Moves Clause: Evasion moves are banned
|rule|Evasion Abilities Clause: Evasion abilities are banned
|rule|Sleep Moves Clause: Sleep-inducing moves are banned
|clearpoke
|poke|p1|Garganacl, F|
|poke|p1|Quaquaval, F|
|poke|p1|Dragapult, M|
|poke|p1|Pecharunt|
|poke|p1|Maushold-Four|
|poke|p1|Alomomola, F|
|poke|p2|Slowking-Galar, L99, M|
|poke|p2|Gholdengo|
|poke|p2|Samurott-Hisui, F|
|poke|p2|Great Tusk|
|poke|p2|Skarmory, F|
|poke|p2|Ogerpon-Wellspring, F|
|teampreview
|inactive|Battle timer is ON: inactive players will automatically lose when time's up. (requested by ArmpitLickerr)
|
|t:|1779861520
|teamsize|p1|6
|teamsize|p2|6
|start
|switch|p1a: Quaquaval|Quaquaval, F|100/100
|switch|p2a: Samurott|Samurott-Hisui, F|100/100
|turn|1
|
|t:|1779861526
|switch|p2a: Skarmory|Skarmory, F|100/100
|move|p1a: Quaquaval|Aqua Step|p2a: Skarmory
|-damage|p2a: Skarmory|75/100
|-boost|p1a: Quaquaval|spe|1
|-damage|p1a: Quaquaval|84/100|[from] item: Rocky Helmet|[of] p2a: Skarmory
|
|-heal|p1a: Quaquaval|90/100|[from] item: Leftovers
|upkeep
|turn|2
|
|t:|1779861538
|move|p1a: Quaquaval|Knock Off|p2a: Skarmory
|-damage|p2a: Skarmory|57/100
|-damage|p1a: Quaquaval|74/100|[from] item: Rocky Helmet|[of] p2a: Skarmory
|-enditem|p2a: Skarmory|Rocky Helmet|[from] move: Knock Off|[of] p1a: Quaquaval
|move|p2a: Skarmory|Brave Bird|p1a: Quaquaval
|-supereffective|p1a: Quaquaval
|-damage|p1a: Quaquaval|0 fnt
|faint|p1a: Quaquaval
|-damage|p2a: Skarmory|35/100|[from] Recoil
|
|upkeep
|
|t:|1779861549
|switch|p1a: Maushold|Maushold-Four|100/100
|turn|3
|
|t:|1779861553
|move|p1a: Maushold|Tidy Up|p1a: Maushold
|-boost|p1a: Maushold|atk|1
|-boost|p1a: Maushold|spe|1
|move|p2a: Skarmory|Roost|p2a: Skarmory
|-heal|p2a: Skarmory|85/100
|-singleturn|p2a: Skarmory|move: Roost
|
|upkeep
|turn|4
|
|t:|1779861561
|move|p1a: Maushold|Encore|p2a: Skarmory
|-start|p2a: Skarmory|Encore
|move|p2a: Skarmory|Roost|p2a: Skarmory
|-heal|p2a: Skarmory|100/100
|-singleturn|p2a: Skarmory|move: Roost
|
|upkeep
|turn|5
|
|t:|1779861573
|switch|p2a: Great Tusk|Great Tusk|100/100
|-enditem|p2a: Great Tusk|Booster Energy
|-activate|p2a: Great Tusk|ability: Protosynthesis|[fromitem]
|-start|p2a: Great Tusk|protosynthesisatk
|move|p1a: Maushold|Tidy Up|p1a: Maushold
|-boost|p1a: Maushold|atk|1
|-boost|p1a: Maushold|spe|1
|
|upkeep
|turn|6
|
|t:|1779861593
|-terastallize|p2a: Great Tusk|Steel
|move|p1a: Maushold|Population Bomb|p2a: Great Tusk
|-resisted|p2a: Great Tusk
|-damage|p2a: Great Tusk|92/100
|-resisted|p2a: Great Tusk
|-damage|p2a: Great Tusk|85/100
|-resisted|p2a: Great Tusk
|-damage|p2a: Great Tusk|77/100
|-resisted|p2a: Great Tusk
|-damage|p2a: Great Tusk|69/100
|-resisted|p2a: Great Tusk
|-damage|p2a: Great Tusk|61/100
|-resisted|p2a: Great Tusk
|-damage|p2a: Great Tusk|54/100
|-resisted|p2a: Great Tusk
|-damage|p2a: Great Tusk|46/100
|-resisted|p2a: Great Tusk
|-damage|p2a: Great Tusk|37/100
|-resisted|p2a: Great Tusk
|-damage|p2a: Great Tusk|29/100
|-resisted|p2a: Great Tusk
|-damage|p2a: Great Tusk|22/100
|-hitcount|p2a: Great Tusk|10
|move|p2a: Great Tusk|Headlong Rush|p1a: Maushold
|-damage|p1a: Maushold|0 fnt
|-unboost|p2a: Great Tusk|def|1
|-unboost|p2a: Great Tusk|spd|1
|faint|p1a: Maushold
|
|upkeep
|inactive|ArmpitLickerr has 120 seconds left.
|
|t:|1779861633
|switch|p1a: Garganacl|Garganacl, F|100/100
|turn|7
|
|t:|1779861654
|-terastallize|p1a: Garganacl|Bug
|move|p2a: Great Tusk|Headlong Rush|p1a: Garganacl
|-resisted|p1a: Garganacl
|-damage|p1a: Garganacl|75/100
|-unboost|p2a: Great Tusk|def|1
|-unboost|p2a: Great Tusk|spd|1
|move|p1a: Garganacl|Salt Cure|p2a: Great Tusk
|-resisted|p2a: Great Tusk
|-damage|p2a: Great Tusk|12/100
|-start|p2a: Great Tusk|Salt Cure
|
|-heal|p1a: Garganacl|81/100|[from] item: Leftovers
|-damage|p2a: Great Tusk|0 fnt|[from] Salt Cure
|faint|p2a: Great Tusk
|-end|p2a: Great Tusk|Protosynthesis|[silent]
|upkeep
|inactive|yoony1 has 120 seconds left.
|
|t:|1779861687
|switch|p2a: Ogerpon|Ogerpon-Wellspring, F|100/100
|turn|8
|
|t:|1779861693
|move|p2a: Ogerpon|Swords Dance|p2a: Ogerpon
|-boost|p2a: Ogerpon|atk|2
|move|p1a: Garganacl|Salt Cure|p2a: Ogerpon
|-damage|p2a: Ogerpon|84/100
|-start|p2a: Ogerpon|Salt Cure
|
|-heal|p1a: Garganacl|87/100|[from] item: Leftovers
|-damage|p2a: Ogerpon|59/100|[from] Salt Cure
|upkeep
|turn|9
|
|t:|1779861702
|move|p2a: Ogerpon|Ivy Cudgel|p1a: Garganacl|[anim] Ivy Cudgel Water
|-damage|p1a: Garganacl|10/100
|move|p1a: Garganacl|Iron Defense|p1a: Garganacl
|-boost|p1a: Garganacl|def|2
|
|-heal|p1a: Garganacl|16/100|[from] item: Leftovers
|-damage|p2a: Ogerpon|34/100|[from] Salt Cure
|upkeep
|turn|10
|inactive|yoony1 has 120 seconds left.
|
|t:|1779861715
|switch|p1a: Alomomola|Alomomola, F|100/100
|move|p2a: Ogerpon|Knock Off|p1a: Alomomola
|-damage|p1a: Alomomola|63/100
|-damage|p2a: Ogerpon|17/100|[from] item: Rocky Helmet|[of] p1a: Alomomola
|-enditem|p1a: Alomomola|Rocky Helmet|[from] move: Knock Off|[of] p2a: Ogerpon
|
|-damage|p2a: Ogerpon|0 fnt|[from] Salt Cure
|faint|p2a: Ogerpon
|upkeep
|inactive|yoony1 has 120 seconds left.
|
|t:|1779861728
|switch|p2a: Skarmory|Skarmory, F|100/100
|turn|11
|
|t:|1779861733
|move|p2a: Skarmory|Stealth Rock|p1a: Alomomola
|-sidestart|p1: ArmpitLickerr|move: Stealth Rock
|move|p1a: Alomomola|Wish|p1a: Alomomola
|
|upkeep
|turn|12
|
|t:|1779861745
|move|p1a: Alomomola|Flip Turn|p2a: Skarmory
|-damage|p2a: Skarmory|90/100
|
|t:|1779861748
|switch|p1a: Pecharunt|Pecharunt|100/100|[from] Flip Turn
|-damage|p1a: Pecharunt|88/100|[from] Stealth Rock
|move|p2a: Skarmory|Whirlwind|p1a: Pecharunt
|drag|p1a: Dragapult|Dragapult, M|100/100
|-damage|p1a: Dragapult|88/100|[from] Stealth Rock
|
|-heal|p1a: Dragapult|100/100|[from] move: Wish|[wisher] Alomomola
|upkeep
|turn|13
|
|t:|1779861760
|switch|p2a: Slowking|Slowking-Galar, L99, M|100/100
|move|p1a: Dragapult|Flamethrower|p2a: Slowking
|-damage|p2a: Slowking|85/100
|-damage|p1a: Dragapult|91/100|[from] item: Life Orb
|
|upkeep
|turn|14
|
|t:|1779861770
|move|p1a: Dragapult|Sucker Punch|p2a: Slowking
|-supereffective|p2a: Slowking
|-damage|p2a: Slowking|20/100
|-damage|p1a: Dragapult|81/100|[from] item: Life Orb
|move|p2a: Slowking|Future Sight|p1a: Dragapult
|-start|p2a: Slowking|move: Future Sight
|
|upkeep
|turn|15
|
|t:|1779861781
|switch|p2a: Samurott|Samurott-Hisui, F|100/100
|move|p1a: Dragapult|Dragon Darts|p2a: Samurott
|-damage|p2a: Samurott|58/100
|-anim|p1a: Dragapult|Dragon Darts|p2a: Samurott
|-damage|p2a: Samurott|18/100
|-damage|p1a: Dragapult|71/100|[from] item: Life Orb
|
|upkeep
|turn|16
|
|t:|1779861790
|switch|p1a: Alomomola|Alomomola, F|96/100
|-damage|p1a: Alomomola|84/100|[from] Stealth Rock
|move|p2a: Samurott|Ceaseless Edge|p1a: Alomomola
|-damage|p1a: Alomomola|62/100
|-sidestart|p1: ArmpitLickerr|Spikes
|
|-end|p1a: Alomomola|move: Future Sight
|-damage|p1a: Alomomola|9/100
|upkeep
|turn|17
|
|t:|1779861800
|move|p2a: Samurott|Ceaseless Edge|p1a: Alomomola
|-damage|p1a: Alomomola|0 fnt
|-sidestart|p1: ArmpitLickerr|Spikes
|faint|p1a: Alomomola
|
|upkeep
|
|t:|1779861807
|switch|p1a: Dragapult|Dragapult, M|71/100
|-damage|p1a: Dragapult|59/100|[from] Stealth Rock
|-damage|p1a: Dragapult|42/100|[from] Spikes
|turn|18
|
|t:|1779861821
|move|p1a: Dragapult|Sucker Punch|p2a: Samurott
|-resisted|p2a: Samurott
|-damage|p2a: Samurott|0 fnt
|faint|p2a: Samurott
|-damage|p1a: Dragapult|33/100|[from] item: Life Orb
|
|upkeep
|
|t:|1779861836
|switch|p2a: Slowking|Slowking-Galar, L99, M|54/100
|turn|19
|
|t:|1779861839
|move|p1a: Dragapult|Sucker Punch|p2a: Slowking
|-supereffective|p2a: Slowking
|-damage|p2a: Slowking|0 fnt
|faint|p2a: Slowking
|-damage|p1a: Dragapult|23/100|[from] item: Life Orb
|
|upkeep
|
|t:|1779861842
|switch|p2a: Skarmory|Skarmory, F|90/100
|turn|20
|
|t:|1779861847
|move|p1a: Dragapult|Flamethrower|p2a: Skarmory
|-supereffective|p2a: Skarmory
|-damage|p2a: Skarmory|12/100
|-damage|p1a: Dragapult|13/100|[from] item: Life Orb
|move|p2a: Skarmory|Brave Bird|p1a: Dragapult
|-damage|p1a: Dragapult|0 fnt
|faint|p1a: Dragapult
|-damage|p2a: Skarmory|9/100|[from] Recoil
|
|upkeep
|
|t:|1779861860
|switch|p1a: Pecharunt|Pecharunt|88/100
|-damage|p1a: Pecharunt|76/100|[from] Stealth Rock
|-damage|p1a: Pecharunt|59/100|[from] Spikes
|turn|21
|
|t:|1779861866
|move|p1a: Pecharunt|Recover|p1a: Pecharunt
|-heal|p1a: Pecharunt|100/100
|move|p2a: Skarmory|Whirlwind|p1a: Pecharunt
|drag|p1a: Garganacl|Garganacl, F, tera:Bug|16/100
|-damage|p1a: Garganacl|0 fnt|[from] Stealth Rock
|faint|p1a: Garganacl
|
|upkeep
|
|t:|1779861873
|switch|p1a: Pecharunt|Pecharunt|100/100
|-damage|p1a: Pecharunt|88/100|[from] Stealth Rock
|-damage|p1a: Pecharunt|72/100|[from] Spikes
|turn|22
|
|t:|1779861879
|move|p1a: Pecharunt|Shadow Ball|p2a: Skarmory
|-damage|p2a: Skarmory|0 fnt
|faint|p2a: Skarmory
|
|-heal|p1a: Pecharunt|78/100|[from] item: Leftovers
|upkeep
|
|t:|1779861882
|switch|p2a: Gholdengo|Gholdengo|100/100
|-item|p2a: Gholdengo|Air Balloon
|turn|23
|
|t:|1779861888
|move|p2a: Gholdengo|Nasty Plot|p2a: Gholdengo
|-boost|p2a: Gholdengo|spa|2
|move|p1a: Pecharunt|Shadow Ball|p2a: Gholdengo
|-supereffective|p2a: Gholdengo
|-damage|p2a: Gholdengo|14/100
|-enditem|p2a: Gholdengo|Air Balloon
|
|-heal|p1a: Pecharunt|84/100|[from] item: Leftovers
|upkeep
|turn|24
|
|t:|1779861898
|move|p2a: Gholdengo|Shadow Ball|p1a: Pecharunt
|-supereffective|p1a: Pecharunt
|-damage|p1a: Pecharunt|0 fnt
|faint|p1a: Pecharunt
|
|win|yoony1
|raw|ArmpitLickerr's rating: 1322 &rarr; <strong>1305</strong><br />(-17 for losing)
|raw|yoony1's rating: 1371 &rarr; <strong>1388</strong><br />(+17 for winning)
|l|☆ArmpitLickerr
|player|p1|
|l|☆yoony1
|player|p2|
