|badge|p1|bronze|gen9ou|100-9
|uhtml|medal-msg|<div class="broadcast-blue">Curious what those medals under the avatar are? PS now has Ladder Seasons! For more information, check out the <a href="https://www.smogon.com/forums/threads/3740067/">thread on Smogon.</a></div>
|badge|p2|silver|gen9ou|30-9
|uhtml|medal-msg|<div class="broadcast-blue">Curious what those medals under the avatar are? PS now has Ladder Seasons! For more information, check out the <a href="https://www.smogon.com/forums/threads/3740067/">thread on Smogon.</a></div>
|j|☆spudcutter
|j|☆RedemptiveSketch
|t:|1779900480
|gametype|singles
|player|p1|spudcutter|ghetsis-gen5bw|1830
|player|p2|RedemptiveSketch|boarder-gen2|1884
|gen|9
|tier|[Gen 9] OU
|rated|
|rule|HP Percentage Mod: HP is shown in percentages
|rule|Endless Battle Clause: Forcing endless battles is banned
|rule|Species Clause: Limit one of each Pokémon
|rule|OHKO Clause: OHKO moves are banned
|rule|Evasion Items Clause: Evasion items are banned
|rule|Evasion Moves Clause: Evasion moves are banned
|rule|Evasion Abilities Clause: Evasion abilities are banned
|rule|Sleep Moves Clause: Sleep-inducing moves are banned
|clearpoke
|poke|p1|Tyranitar, F|
|poke|p1|Deoxys-Speed|
|poke|p1|Slowking-Galar, M|
|poke|p1|Great Tusk|
|poke|p1|Raging Bolt|
|poke|p1|Dondozo, F|
|poke|p2|Kingambit, F|
|poke|p2|Cinderace, F|
|poke|p2|Corviknight, F|
|poke|p2|Electrode-Hisui|
|poke|p2|Kyurem|
|poke|p2|Darkrai|
|teampreview
|inactive|Battle timer is ON: inactive players will automatically lose when time's up. (requested by RedemptiveSketch)
|inactive|spudcutter also wants the timer to be on.
|j| Almirante Matthew
|inactive|spudcutter has 120 seconds left.
|
|t:|1779900525
|teamsize|p1|6
|teamsize|p2|6
|start
|switch|p1a: Great Tusk|Great Tusk|100/100
|switch|p2a: Electrode|Electrode-Hisui|100/100
|turn|1
|
|t:|1779900532
|-end|p1a: Great Tusk|Protosynthesis|[silent]
|switch|p1a: Slowking|Slowking-Galar, M|100/100
|move|p2a: Electrode|Volt Switch|p1a: Slowking
|-damage|p1a: Slowking|87/100
|
|t:|1779900542
|switch|p2a: Kingambit|Kingambit, F|100/100|[from] Volt Switch
|
|upkeep
|turn|2
|
|t:|1779900545
|switch|p1a: Great Tusk|Great Tusk|100/100
|move|p2a: Kingambit|Kowtow Cleave|p1a: Great Tusk
|-resisted|p1a: Great Tusk
|-damage|p1a: Great Tusk|90/100
|
|-heal|p1a: Great Tusk|96/100|[from] item: Leftovers
|upkeep
|turn|3
|
|t:|1779900557
|-end|p2a: Kingambit|fallenundefined|[silent]
|switch|p2a: Electrode|Electrode-Hisui|100/100
|move|p1a: Great Tusk|Knock Off|p2a: Electrode
|-damage|p2a: Electrode|52/100
|-enditem|p2a: Electrode|Expert Belt|[from] move: Knock Off|[of] p1a: Great Tusk
|
|-heal|p1a: Great Tusk|100/100|[from] item: Leftovers
|upkeep
|turn|4
|
|t:|1779900561
|-end|p1a: Great Tusk|Protosynthesis|[silent]
|switch|p1a: Slowking|Slowking-Galar, M|100/100
|move|p2a: Electrode|Energy Ball|p1a: Slowking
|-resisted|p1a: Slowking
|-crit|p1a: Slowking
|-damage|p1a: Slowking|86/100
|
|upkeep
|turn|5
|
|t:|1779900565
|move|p2a: Electrode|Volt Switch|p1a: Slowking
|-damage|p1a: Slowking|72/100
|
|t:|1779900569
|switch|p2a: Kyurem|Kyurem|100/100|[from] Volt Switch
|-ability|p2a: Kyurem|Pressure
|move|p1a: Slowking|Flamethrower|p2a: Kyurem
|-damage|p2a: Kyurem|83/100
|
|upkeep
|turn|6
|
|t:|1779900577
|move|p2a: Kyurem|Earth Power|p1a: Slowking
|-supereffective|p1a: Slowking
|-damage|p1a: Slowking|38/100
|move|p1a: Slowking|Sludge Bomb|p2a: Kyurem
|-damage|p2a: Kyurem|57/100
|-status|p2a: Kyurem|psn
|
|-damage|p2a: Kyurem|45/100 psn|[from] psn
|upkeep
|turn|7
|
|t:|1779900581
|switch|p1a: Tyranitar|Tyranitar, F|100/100
|-weather|Sandstorm|[from] ability: Sand Stream|[of] p1a: Tyranitar
|move|p2a: Kyurem|Earth Power|p1a: Tyranitar
|-supereffective|p1a: Tyranitar
|-damage|p1a: Tyranitar|79/100
|
|-weather|Sandstorm|[upkeep]
|-damage|p2a: Kyurem|39/100 psn|[from] Sandstorm
|-damage|p2a: Kyurem|26/100 psn|[from] psn
|upkeep
|turn|8
|
|t:|1779900601
|switch|p2a: Corviknight|Corviknight, F|100/100
|-ability|p2a: Corviknight|Pressure
|move|p1a: Tyranitar|Knock Off|p2a: Corviknight
|-damage|p2a: Corviknight|67/100
|-damage|p1a: Tyranitar|63/100|[from] item: Rocky Helmet|[of] p2a: Corviknight
|-enditem|p2a: Corviknight|Rocky Helmet|[from] move: Knock Off|[of] p1a: Tyranitar
|
|-weather|Sandstorm|[upkeep]
|upkeep
|turn|9
|
|t:|1779900620
|switch|p1a: Dondozo|Dondozo, F|100/100
|move|p2a: Corviknight|Body Press|p1a: Dondozo
|-damage|p1a: Dondozo|89/100
|-damage|p2a: Corviknight|51/100|[from] item: Rocky Helmet|[of] p1a: Dondozo
|
|-weather|Sandstorm|[upkeep]
|-damage|p1a: Dondozo|83/100|[from] Sandstorm
|upkeep
|turn|10
|
|t:|1779900625
|switch|p1a: Raging Bolt|Raging Bolt|100/100
|move|p2a: Corviknight|Roost|p2a: Corviknight
|-heal|p2a: Corviknight|100/100
|-singleturn|p2a: Corviknight|move: Roost
|
|-weather|Sandstorm|[upkeep]
|-damage|p1a: Raging Bolt|94/100|[from] Sandstorm
|-heal|p1a: Raging Bolt|100/100|[from] item: Leftovers
|upkeep
|turn|11
|
|t:|1779900632
|switch|p2a: Electrode|Electrode-Hisui|52/100
|move|p1a: Raging Bolt|Calm Mind|p1a: Raging Bolt
|-boost|p1a: Raging Bolt|spa|1
|-boost|p1a: Raging Bolt|spd|1
|
|-weather|none
|upkeep
|turn|12
|
|t:|1779900637
|move|p2a: Electrode|Volt Switch|p1a: Raging Bolt
|-resisted|p1a: Raging Bolt
|-damage|p1a: Raging Bolt|97/100
|
|t:|1779900647
|switch|p2a: Kingambit|Kingambit, F|100/100|[from] Volt Switch
|move|p1a: Raging Bolt|Dragon Pulse|p2a: Kingambit
|-resisted|p2a: Kingambit
|-damage|p2a: Kingambit|61/100
|
|-heal|p1a: Raging Bolt|100/100|[from] item: Leftovers
|-heal|p2a: Kingambit|67/100|[from] item: Leftovers
|upkeep
|turn|13
|
|t:|1779900656
|move|p2a: Kingambit|Sucker Punch|p1a: Raging Bolt
|-damage|p1a: Raging Bolt|69/100
|move|p1a: Raging Bolt|Thunderbolt|p2a: Kingambit
|-damage|p2a: Kingambit|0 fnt
|faint|p2a: Kingambit
|-end|p2a: Kingambit|fallenundefined|[silent]
|
|-heal|p1a: Raging Bolt|75/100|[from] item: Leftovers
|upkeep
|
|t:|1779900659
|switch|p2a: Kyurem|Kyurem|26/100 psn
|-ability|p2a: Kyurem|Pressure
|turn|14
|
|t:|1779900664
|move|p1a: Raging Bolt|Thunderclap|p2a: Kyurem
|-resisted|p2a: Kyurem
|-damage|p2a: Kyurem|9/100 psn
|move|p2a: Kyurem|Ice Beam|p1a: Raging Bolt
|-supereffective|p1a: Raging Bolt
|-damage|p1a: Raging Bolt|26/100
|
|-heal|p1a: Raging Bolt|32/100|[from] item: Leftovers
|-damage|p2a: Kyurem|0 fnt|[from] psn
|faint|p2a: Kyurem
|upkeep
|
|t:|1779900675
|switch|p2a: Cinderace|Cinderace, F|100/100
|turn|15
|
|t:|1779900678
|move|p2a: Cinderace|High Jump Kick|p1a: Raging Bolt
|-start|p2a: Cinderace|typechange|Fighting|[from] ability: Libero
|-damage|p1a: Raging Bolt|0 fnt
|faint|p1a: Raging Bolt
|-end|p1a: Raging Bolt|Protosynthesis|[silent]
|
|upkeep
|
|t:|1779900681
|switch|p1a: Great Tusk|Great Tusk|100/100
|turn|16
|
|t:|1779900687
|switch|p2a: Corviknight|Corviknight, F|100/100
|-ability|p2a: Corviknight|Pressure
|move|p1a: Great Tusk|Knock Off|p2a: Corviknight
|-damage|p2a: Corviknight|90/100
|
|upkeep
|turn|17
|
|t:|1779900694
|switch|p2a: Electrode|Electrode-Hisui|52/100
|move|p1a: Great Tusk|Stealth Rock|p2a: Electrode
|-sidestart|p2: RedemptiveSketch|move: Stealth Rock
|
|upkeep
|turn|18
|
|t:|1779900698
|-end|p1a: Great Tusk|Protosynthesis|[silent]
|switch|p1a: Slowking|Slowking-Galar, M|71/100
|move|p2a: Electrode|Volt Switch|p1a: Slowking
|-damage|p1a: Slowking|57/100
|
|t:|1779900702
|switch|p2a: Cinderace|Cinderace, F|100/100|[from] Volt Switch
|
|upkeep
|turn|19
|
|t:|1779900706
|switch|p1a: Great Tusk|Great Tusk|100/100
|move|p2a: Cinderace|Court Change|p2a: Cinderace
|-start|p2a: Cinderace|typechange|Normal|[from] ability: Libero
|-swapsideconditions
|-activate|p2a: Cinderace|move: Court Change
|
|upkeep
|turn|20
|
|t:|1779900710
|switch|p2a: Darkrai|Darkrai, shiny|100/100
|move|p1a: Great Tusk|Stealth Rock|p2a: Darkrai
|-sidestart|p2: RedemptiveSketch|move: Stealth Rock
|
|upkeep
|turn|21
|
|t:|1779900713
|-end|p1a: Great Tusk|Protosynthesis|[silent]
|switch|p1a: Tyranitar|Tyranitar, F|63/100
|-damage|p1a: Tyranitar|50/100|[from] Stealth Rock
|-weather|Sandstorm|[from] ability: Sand Stream|[of] p1a: Tyranitar
|move|p2a: Darkrai|Nasty Plot|p2a: Darkrai
|-boost|p2a: Darkrai|spa|2
|
|-weather|Sandstorm|[upkeep]
|-damage|p2a: Darkrai|94/100|[from] Sandstorm
|upkeep
|turn|22
|
|t:|1779900720
|move|p2a: Darkrai|Focus Blast|p1a: Tyranitar|[miss]
|-miss|p2a: Darkrai|p1a: Tyranitar
|move|p1a: Tyranitar|Knock Off|p2a: Darkrai
|-resisted|p2a: Darkrai
|-damage|p2a: Darkrai|55/100
|-enditem|p2a: Darkrai|Focus Sash|[from] move: Knock Off|[of] p1a: Tyranitar
|
|-weather|Sandstorm|[upkeep]
|-damage|p2a: Darkrai|49/100|[from] Sandstorm
|upkeep
|turn|23
|
|t:|1779900723
|move|p2a: Darkrai|Focus Blast|p1a: Tyranitar|[miss]
|-miss|p2a: Darkrai|p1a: Tyranitar
|move|p1a: Tyranitar|Low Kick|p2a: Darkrai
|-supereffective|p2a: Darkrai
|-damage|p2a: Darkrai|0 fnt
|faint|p2a: Darkrai
|
|-weather|Sandstorm|[upkeep]
|upkeep
|c|☆RedemptiveSketch|bruh
|-message|RedemptiveSketch forfeited.
|
|win|spudcutter
|raw|spudcutter's rating: 1830 &rarr; <strong>1853</strong><br />(+23 for winning)
|raw|RedemptiveSketch's rating: 1884 &rarr; <strong>1861</strong><br />(-23 for losing)
|c|☆spudcutter|Gg
|l|☆spudcutter
|player|p1|
|l|☆RedemptiveSketch
|player|p2|
|l| Almirante Matthew
