|j|☆Kakimori
|j|☆thepokepersonthing
|t:|1779936405
|gametype|singles
|player|p1|Kakimori|2|1412
|player|p2|thepokepersonthing|miku-ghost|1392
|gen|9
|tier|[Gen 9] OU
|rated|
|rule|HP Percentage Mod: HP is shown in percentages
|rule|Endless Battle Clause: Forcing endless battles is banned
|rule|Species Clause: Limit one of each Pokémon
|rule|OHKO Clause: OHKO moves are banned
|rule|Evasion Items Clause: Evasion items are banned
|rule|Evasion Moves Clause: Evasion moves are banned
|rule|Evasion Abilities Clause: Evasion abilities are banned
|rule|Sleep Moves Clause: Sleep-inducing moves are banned
|clearpoke
|poke|p1|Skeledirge, F|
|poke|p1|Mandibuzz, F|
|poke|p1|Gliscor, F|
|poke|p1|Milotic, F|
|poke|p1|Conkeldurr, M|
|poke|p1|Sylveon, F|
|poke|p2|Rillaboom, M|
|poke|p2|Latios, M|
|poke|p2|Alomomola, F|
|poke|p2|Pecharunt|
|poke|p2|Clodsire, M|
|poke|p2|Corviknight, M|
|teampreview
|inactive|Battle timer is ON: inactive players will automatically lose when time's up. (requested by thepokepersonthing)
|
|t:|1779936423
|teamsize|p1|6
|teamsize|p2|6
|start
|switch|p1a: Mandibuzz|Mandibuzz, F|100/100
|switch|p2a: monke|Rillaboom, M|100/100
|-fieldstart|move: Grassy Terrain|[from] ability: Grassy Surge|[of] p2a: monke
|turn|1
|
|t:|1779936431
|move|p2a: monke|U-turn|p1a: Mandibuzz
|-damage|p1a: Mandibuzz|77/100
|-damage|p2a: monke|84/100|[from] item: Rocky Helmet|[of] p1a: Mandibuzz
|
|t:|1779936447
|switch|p2a: skarm impostor|Corviknight, M, shiny|100/100|[from] U-turn
|-ability|p2a: skarm impostor|Pressure
|move|p1a: Mandibuzz|Foul Play|p2a: skarm impostor
|-damage|p2a: skarm impostor|82/100
|-damage|p1a: Mandibuzz|60/100|[from] item: Rocky Helmet|[of] p2a: skarm impostor
|
|upkeep
|turn|2
|
|t:|1779936462
|move|p1a: Mandibuzz|Roost|p1a: Mandibuzz
|-heal|p1a: Mandibuzz|100/100
|-singleturn|p1a: Mandibuzz|move: Roost
|move|p2a: skarm impostor|U-turn|p1a: Mandibuzz
|-supereffective|p1a: Mandibuzz
|-damage|p1a: Mandibuzz|85/100
|-damage|p2a: skarm impostor|66/100|[from] item: Rocky Helmet|[of] p1a: Mandibuzz
|
|t:|1779936471
|switch|p2a: F-35 Lightning II|Latios, M, shiny|100/100|[from] U-turn
|
|-heal|p1a: Mandibuzz|91/100|[from] Grassy Terrain
|upkeep
|turn|3
|
|t:|1779936480
|switch|p1a: Sylveon|Sylveon, F, shiny|100/100
|move|p2a: F-35 Lightning II|Thunderbolt|p1a: Sylveon
|-damage|p1a: Sylveon|71/100
|
|-heal|p1a: Sylveon|77/100|[from] Grassy Terrain
|-heal|p1a: Sylveon|83/100|[from] item: Leftovers
|upkeep
|turn|4
|
|t:|1779936504
|switch|p2a: blobby|Clodsire, M|100/100
|switch|p1a: Gliscor|Gliscor, F|100/100
|
|-status|p1a: Gliscor|tox|[from] item: Toxic Orb
|upkeep
|turn|5
|
|t:|1779936516
|switch|p2a: skarm impostor|Corviknight, M, shiny|66/100
|-ability|p2a: skarm impostor|Pressure
|move|p1a: Gliscor|Stealth Rock|p2a: skarm impostor
|-sidestart|p2: thepokepersonthing|move: Stealth Rock
|
|-fieldend|move: Grassy Terrain
|upkeep
|turn|6
|
|t:|1779936523
|move|p1a: Gliscor|Knock Off|p2a: skarm impostor
|-damage|p2a: skarm impostor|53/100
|-damage|p1a: Gliscor|84/100 tox|[from] item: Rocky Helmet|[of] p2a: skarm impostor
|-enditem|p2a: skarm impostor|Rocky Helmet|[from] move: Knock Off|[of] p1a: Gliscor
|move|p2a: skarm impostor|Defog|p1a: Gliscor
|-unboost|p1a: Gliscor|evasion|1
|-sideend|p2: thepokepersonthing|Stealth Rock|[from] move: Defog|[of] p2a: skarm impostor
|
|-heal|p1a: Gliscor|97/100 tox|[from] ability: Poison Heal
|upkeep
|turn|7
|
|t:|1779936534
|move|p1a: Gliscor|Stealth Rock|p2a: skarm impostor
|-sidestart|p2: thepokepersonthing|move: Stealth Rock
|move|p2a: skarm impostor|Roost|p2a: skarm impostor
|-heal|p2a: skarm impostor|100/100
|-singleturn|p2a: skarm impostor|move: Roost
|
|-heal|p1a: Gliscor|100/100 tox|[from] ability: Poison Heal
|upkeep
|turn|8
|
|t:|1779936542
|switch|p1a: Skeledirge|Skeledirge, F|100/100
|move|p2a: skarm impostor|Defog|p1a: Skeledirge
|-unboost|p1a: Skeledirge|evasion|1
|-sideend|p2: thepokepersonthing|Stealth Rock|[from] move: Defog|[of] p2a: skarm impostor
|
|upkeep
|turn|9
|
|t:|1779936551
|switch|p2a: Crazy Diamond|Alomomola, F|100/100
|move|p1a: Skeledirge|Will-O-Wisp|p2a: Crazy Diamond
|-status|p2a: Crazy Diamond|brn
|
|-damage|p2a: Crazy Diamond|94/100 brn|[from] brn
|upkeep
|turn|10
|
|t:|1779936571
|move|p1a: Skeledirge|Torch Song|p2a: Crazy Diamond
|-resisted|p2a: Crazy Diamond
|-damage|p2a: Crazy Diamond|87/100 brn
|-boost|p1a: Skeledirge|spa|1
|move|p2a: Crazy Diamond|Flip Turn|p1a: Skeledirge
|-supereffective|p1a: Skeledirge
|-damage|p1a: Skeledirge|87/100
|
|t:|1779936579
|switch|p2a: F-35 Lightning II|Latios, M, shiny|100/100|[from] Flip Turn
|
|-heal|p1a: Skeledirge|93/100|[from] item: Leftovers
|upkeep
|turn|11
|
|t:|1779936592
|-terastallize|p1a: Skeledirge|Fairy
|move|p2a: F-35 Lightning II|Luster Purge|p1a: Skeledirge
|-damage|p1a: Skeledirge|39/100
|-unboost|p1a: Skeledirge|spd|1
|move|p1a: Skeledirge|Torch Song|p2a: F-35 Lightning II
|-resisted|p2a: F-35 Lightning II
|-damage|p2a: F-35 Lightning II|79/100
|-boost|p1a: Skeledirge|spa|1
|
|-heal|p1a: Skeledirge|45/100|[from] item: Leftovers
|upkeep
|turn|12
|
|t:|1779936608
|switch|p2a: monke|Rillaboom, M|84/100
|-fieldstart|move: Grassy Terrain|[from] ability: Grassy Surge|[of] p2a: monke
|switch|p1a: Mandibuzz|Mandibuzz, F|91/100
|
|-heal|p2a: monke|90/100|[from] Grassy Terrain
|upkeep
|turn|13
|
|t:|1779936624
|switch|p2a: skarm impostor|Corviknight, M, shiny|100/100
|-ability|p2a: skarm impostor|Pressure
|move|p1a: Mandibuzz|Foul Play|p2a: skarm impostor
|-damage|p2a: skarm impostor|82/100
|
|upkeep
|turn|14
|
|t:|1779936633
|switch|p1a: Skeledirge|Skeledirge, F, tera:Fairy|45/100
|move|p2a: skarm impostor|U-turn|p1a: Skeledirge
|-resisted|p1a: Skeledirge
|-damage|p1a: Skeledirge|39/100
|
|t:|1779936638
|switch|p2a: F-35 Lightning II|Latios, M, shiny|79/100|[from] U-turn
|
|-heal|p1a: Skeledirge|45/100|[from] Grassy Terrain
|-heal|p1a: Skeledirge|51/100|[from] item: Leftovers
|upkeep
|turn|15
|
|t:|1779936646
|switch|p1a: Mandibuzz|Mandibuzz, F|91/100
|move|p2a: F-35 Lightning II|Thunderbolt|p1a: Mandibuzz
|-supereffective|p1a: Mandibuzz
|-damage|p1a: Mandibuzz|14/100
|
|upkeep
|turn|16
|
|t:|1779936659
|switch|p2a: Crazy Diamond|Alomomola, F|100/100 brn
|move|p1a: Mandibuzz|Roost|p1a: Mandibuzz
|-heal|p1a: Mandibuzz|64/100
|-singleturn|p1a: Mandibuzz|move: Roost
|
|-heal|p1a: Mandibuzz|70/100|[from] Grassy Terrain
|-damage|p2a: Crazy Diamond|94/100 brn|[from] brn
|-fieldend|move: Grassy Terrain
|upkeep
|turn|17
|
|t:|1779936678
|move|p1a: Mandibuzz|Roost|p1a: Mandibuzz
|-heal|p1a: Mandibuzz|100/100
|-singleturn|p1a: Mandibuzz|move: Roost
|move|p2a: Crazy Diamond|Flip Turn|p1a: Mandibuzz
|-damage|p1a: Mandibuzz|96/100
|-damage|p2a: Crazy Diamond|78/100 brn|[from] item: Rocky Helmet|[of] p1a: Mandibuzz
|
|t:|1779936685
|switch|p2a: F-35 Lightning II|Latios, M, shiny|79/100|[from] Flip Turn
|
|upkeep
|turn|18
|
|t:|1779936704
|switch|p1a: Sylveon|Sylveon, F, shiny|83/100
|-terastallize|p2a: F-35 Lightning II|Dragon
|move|p2a: F-35 Lightning II|Draco Meteor|p1a: Sylveon
|-immune|p1a: Sylveon
|
|-heal|p1a: Sylveon|90/100|[from] item: Leftovers
|upkeep
|turn|19
|
|t:|1779936716
|switch|p2a: Crazy Diamond|Alomomola, F|100/100 brn
|move|p1a: Sylveon|Hyper Voice|p2a: Crazy Diamond
|-damage|p2a: Crazy Diamond|82/100 brn
|
|-heal|p1a: Sylveon|96/100|[from] item: Leftovers
|-damage|p2a: Crazy Diamond|76/100 brn|[from] brn
|upkeep
|turn|20
|
|t:|1779936728
|move|p1a: Sylveon|Calm Mind|p1a: Sylveon
|-boost|p1a: Sylveon|spa|1
|-boost|p1a: Sylveon|spd|1
|move|p2a: Crazy Diamond|Flip Turn|p1a: Sylveon
|-damage|p1a: Sylveon|88/100
|
|t:|1779936731
|switch|p2a: monke|Rillaboom, M|90/100|[from] Flip Turn
|-fieldstart|move: Grassy Terrain|[from] ability: Grassy Surge|[of] p2a: monke
|
|-heal|p2a: monke|96/100|[from] Grassy Terrain
|-heal|p1a: Sylveon|94/100|[from] Grassy Terrain
|-heal|p1a: Sylveon|99/100|[from] item: Leftovers
|upkeep
|turn|21
|
|t:|1779936744
|move|p2a: monke|Wood Hammer|p1a: Sylveon
|-damage|p1a: Sylveon|0 fnt
|faint|p1a: Sylveon
|-damage|p2a: monke|58/100|[from] Recoil
|
|-heal|p2a: monke|64/100|[from] Grassy Terrain
|upkeep
|
|t:|1779936756
|switch|p1a: Skeledirge|Skeledirge, F, tera:Fairy|51/100
|turn|22
|
|t:|1779936767
|switch|p1a: Mandibuzz|Mandibuzz, F|96/100
|move|p2a: monke|Wood Hammer|p1a: Mandibuzz
|-resisted|p1a: Mandibuzz
|-damage|p1a: Mandibuzz|61/100
|-damage|p2a: monke|48/100|[from] item: Rocky Helmet|[of] p1a: Mandibuzz
|-damage|p2a: monke|34/100|[from] Recoil
|
|-heal|p2a: monke|40/100|[from] Grassy Terrain
|upkeep
|turn|23
|
|t:|1779936787
|switch|p2a: blobby|Clodsire, M|100/100
|move|p1a: Mandibuzz|Roost|p1a: Mandibuzz
|-heal|p1a: Mandibuzz|100/100
|-singleturn|p1a: Mandibuzz|move: Roost
|
|upkeep
|turn|24
|
|t:|1779936797
|switch|p1a: Skeledirge|Skeledirge, F, tera:Fairy|51/100
|move|p2a: blobby|Stealth Rock|p1a: Skeledirge
|-sidestart|p1: Kakimori|move: Stealth Rock
|
|-heal|p1a: Skeledirge|57/100|[from] Grassy Terrain
|-heal|p1a: Skeledirge|64/100|[from] item: Leftovers
|-fieldend|move: Grassy Terrain
|upkeep
|turn|25
|
|t:|1779936809
|move|p1a: Skeledirge|Will-O-Wisp|p2a: blobby
|-status|p2a: blobby|brn
|move|p2a: blobby|Poison Jab|p1a: Skeledirge
|-supereffective|p1a: Skeledirge
|-damage|p1a: Skeledirge|46/100
|
|-heal|p1a: Skeledirge|52/100|[from] item: Leftovers
|-damage|p2a: blobby|94/100 brn|[from] brn
|upkeep
|turn|26
|
|t:|1779936820
|move|p1a: Skeledirge|Slack Off|p1a: Skeledirge
|-heal|p1a: Skeledirge|100/100
|move|p2a: blobby|Poison Jab|p1a: Skeledirge
|-supereffective|p1a: Skeledirge
|-damage|p1a: Skeledirge|84/100
|
|-heal|p1a: Skeledirge|90/100|[from] item: Leftovers
|-damage|p2a: blobby|88/100 brn|[from] brn
|upkeep
|turn|27
|
|t:|1779936829
|switch|p1a: Gliscor|Gliscor, F|100/100 tox
|-damage|p1a: Gliscor|88/100 tox|[from] Stealth Rock
|move|p2a: blobby|Poison Jab|p1a: Gliscor
|-resisted|p1a: Gliscor
|-damage|p1a: Gliscor|84/100 tox
|
|-heal|p1a: Gliscor|97/100 tox|[from] ability: Poison Heal
|-damage|p2a: blobby|82/100 brn|[from] brn
|upkeep
|turn|28
|
|t:|1779936847
|switch|p2a: skarm impostor|Corviknight, M, shiny|82/100
|-ability|p2a: skarm impostor|Pressure
|move|p1a: Gliscor|Stealth Rock|p2a: skarm impostor
|-sidestart|p2: thepokepersonthing|move: Stealth Rock
|
|-heal|p1a: Gliscor|100/100 tox|[from] ability: Poison Heal
|upkeep
|turn|29
|
|t:|1779936861
|move|p1a: Gliscor|Knock Off|p2a: skarm impostor
|-damage|p2a: skarm impostor|73/100
|move|p2a: skarm impostor|Defog|p1a: Gliscor
|-unboost|p1a: Gliscor|evasion|1
|-sideend|p1: Kakimori|Stealth Rock|[from] move: Defog|[of] p2a: skarm impostor
|-sideend|p2: thepokepersonthing|Stealth Rock|[from] move: Defog|[of] p2a: skarm impostor
|
|upkeep
|turn|30
|
|t:|1779936867
|move|p1a: Gliscor|Stealth Rock|p2a: skarm impostor
|-sidestart|p2: thepokepersonthing|move: Stealth Rock
|move|p2a: skarm impostor|U-turn|p1a: Gliscor
|-resisted|p1a: Gliscor
|-damage|p1a: Gliscor|95/100 tox
|
|t:|1779936873
|switch|p2a: F-35 Lightning II|Latios, M, shiny, tera:Dragon|79/100|[from] U-turn
|-damage|p2a: F-35 Lightning II|67/100|[from] Stealth Rock
|
|-heal|p1a: Gliscor|100/100 tox|[from] ability: Poison Heal
|upkeep
|turn|31
|
|t:|1779936882
|move|p1a: Gliscor|Protect|p1a: Gliscor
|-singleturn|p1a: Gliscor|Protect
|move|p2a: F-35 Lightning II|Luster Purge|p1a: Gliscor
|-activate|p1a: Gliscor|move: Protect
|
|upkeep
|turn|32
|
|t:|1779936889
|switch|p2a: skarm impostor|Corviknight, M, shiny|73/100
|-damage|p2a: skarm impostor|61/100|[from] Stealth Rock
|-ability|p2a: skarm impostor|Pressure
|move|p1a: Gliscor|Knock Off|p2a: skarm impostor
|-damage|p2a: skarm impostor|52/100
|
|upkeep
|turn|33
|
|t:|1779936897
|switch|p1a: Skeledirge|Skeledirge, F, tera:Fairy|90/100
|move|p2a: skarm impostor|Roost|p2a: skarm impostor
|-heal|p2a: skarm impostor|100/100
|-singleturn|p2a: skarm impostor|move: Roost
|
|-heal|p1a: Skeledirge|96/100|[from] item: Leftovers
|upkeep
|turn|34
|
|t:|1779936913
|switch|p2a: Crazy Diamond|Alomomola, F|100/100 brn
|-damage|p2a: Crazy Diamond|88/100 brn|[from] Stealth Rock
|move|p1a: Skeledirge|Torch Song|p2a: Crazy Diamond
|-resisted|p2a: Crazy Diamond
|-damage|p2a: Crazy Diamond|81/100 brn
|-boost|p1a: Skeledirge|spa|1
|
|-heal|p1a: Skeledirge|100/100|[from] item: Leftovers
|-damage|p2a: Crazy Diamond|75/100 brn|[from] brn
|upkeep
|turn|35
|
|t:|1779936925
|move|p1a: Skeledirge|Torch Song|p2a: Crazy Diamond
|-resisted|p2a: Crazy Diamond
|-damage|p2a: Crazy Diamond|63/100 brn
|-boost|p1a: Skeledirge|spa|1
|move|p2a: Crazy Diamond|Flip Turn|p1a: Skeledirge
|-damage|p1a: Skeledirge|94/100
|
|t:|1779936932
|switch|p2a: F-35 Lightning II|Latios, M, shiny, tera:Dragon|67/100|[from] Flip Turn
|-damage|p2a: F-35 Lightning II|55/100|[from] Stealth Rock
|
|-heal|p1a: Skeledirge|99/100|[from] item: Leftovers
|upkeep
|turn|36
|
|t:|1779936942
|move|p2a: F-35 Lightning II|Luster Purge|p1a: Skeledirge
|-damage|p1a: Skeledirge|49/100
|move|p1a: Skeledirge|Hex|p2a: F-35 Lightning II
|-crit|p2a: F-35 Lightning II
|-damage|p2a: F-35 Lightning II|0 fnt
|faint|p2a: F-35 Lightning II
|
|-heal|p1a: Skeledirge|55/100|[from] item: Leftovers
|upkeep
|
|t:|1779936958
|switch|p2a: nutter|Pecharunt|100/100
|turn|37
|
|t:|1779936983
|move|p2a: nutter|Malignant Chain|p1a: Skeledirge
|-supereffective|p1a: Skeledirge
|-damage|p1a: Skeledirge|7/100
|move|p1a: Skeledirge|Hex|p2a: nutter
|-supereffective|p2a: nutter
|-damage|p2a: nutter|10/100
|
|-heal|p1a: Skeledirge|13/100|[from] item: Leftovers
|upkeep
|turn|38
|
|t:|1779936994
|move|p2a: nutter|Malignant Chain|p1a: Skeledirge
|-supereffective|p1a: Skeledirge
|-damage|p1a: Skeledirge|0 fnt
|faint|p1a: Skeledirge
|
|upkeep
|inactive|Kakimori has 120 seconds left.
|
|t:|1779937005
|switch|p1a: Gliscor|Gliscor, F|100/100 tox
|turn|39
|
|t:|1779937018
|switch|p1a: Conkeldurr|Conkeldurr, M|100/100
|move|p2a: nutter|Parting Shot|p1a: Conkeldurr
|-unboost|p1a: Conkeldurr|atk|1
|-unboost|p1a: Conkeldurr|spa|1
|
|t:|1779937022
|switch|p2a: skarm impostor|Corviknight, M, shiny|100/100|[from] Parting Shot
|-damage|p2a: skarm impostor|88/100|[from] Stealth Rock
|-ability|p2a: skarm impostor|Pressure
|
|upkeep
|turn|40
|
|t:|1779937033
|move|p2a: skarm impostor|Defog|p1a: Conkeldurr
|-unboost|p1a: Conkeldurr|evasion|1
|-sideend|p2: thepokepersonthing|Stealth Rock|[from] move: Defog|[of] p2a: skarm impostor
|move|p1a: Conkeldurr|Bulk Up|p1a: Conkeldurr
|-boost|p1a: Conkeldurr|atk|1
|-boost|p1a: Conkeldurr|def|1
|
|upkeep
|turn|41
|
|t:|1779937056
|move|p2a: skarm impostor|U-turn|p1a: Conkeldurr
|-resisted|p1a: Conkeldurr
|-damage|p1a: Conkeldurr|96/100
|
|t:|1779937059
|switch|p2a: nutter|Pecharunt|10/100|[from] U-turn
|move|p1a: Conkeldurr|Ice Punch|p2a: nutter
|-damage|p2a: nutter|0 fnt
|faint|p2a: nutter
|
|-heal|p1a: Conkeldurr|100/100|[from] item: Leftovers
|upkeep
|
|t:|1779937077
|switch|p2a: Crazy Diamond|Alomomola, F|96/100 brn
|turn|42
|
|t:|1779937081
|move|p1a: Conkeldurr|Bulk Up|p1a: Conkeldurr
|-boost|p1a: Conkeldurr|atk|1
|-boost|p1a: Conkeldurr|def|1
|move|p2a: Crazy Diamond|Scald|p1a: Conkeldurr
|-damage|p1a: Conkeldurr|86/100
|-status|p1a: Conkeldurr|brn
|
|-heal|p1a: Conkeldurr|92/100 brn|[from] item: Leftovers
|-damage|p1a: Conkeldurr|86/100 brn|[from] brn
|-damage|p2a: Crazy Diamond|90/100 brn|[from] brn
|upkeep
|turn|43
|
|t:|1779937098
|move|p1a: Conkeldurr|Bulk Up|p1a: Conkeldurr
|-boost|p1a: Conkeldurr|atk|1
|-boost|p1a: Conkeldurr|def|1
|move|p2a: Crazy Diamond|Scald|p1a: Conkeldurr
|-damage|p1a: Conkeldurr|72/100 brn
|
|-heal|p1a: Conkeldurr|78/100 brn|[from] item: Leftovers
|-damage|p1a: Conkeldurr|72/100 brn|[from] brn
|-damage|p2a: Crazy Diamond|84/100 brn|[from] brn
|upkeep
|turn|44
|
|t:|1779937110
|move|p1a: Conkeldurr|Bulk Up|p1a: Conkeldurr
|-boost|p1a: Conkeldurr|atk|1
|-boost|p1a: Conkeldurr|def|1
|move|p2a: Crazy Diamond|Scald|p1a: Conkeldurr
|-damage|p1a: Conkeldurr|59/100 brn
|
|-heal|p1a: Conkeldurr|65/100 brn|[from] item: Leftovers
|-damage|p1a: Conkeldurr|59/100 brn|[from] brn
|-damage|p2a: Crazy Diamond|78/100 brn|[from] brn
|upkeep
|turn|45
|
|t:|1779937122
|move|p1a: Conkeldurr|Drain Punch|p2a: Crazy Diamond
|-damage|p2a: Crazy Diamond|0 fnt
|-heal|p1a: Conkeldurr|100/100 brn|[from] drain|[of] p2a: Crazy Diamond
|faint|p2a: Crazy Diamond
|
|-damage|p1a: Conkeldurr|94/100 brn|[from] brn
|upkeep
|
|t:|1779937126
|switch|p2a: skarm impostor|Corviknight, M, shiny|88/100
|-ability|p2a: skarm impostor|Pressure
|turn|46
|
|t:|1779937132
|move|p2a: skarm impostor|Brave Bird|p1a: Conkeldurr
|-supereffective|p1a: Conkeldurr
|-damage|p1a: Conkeldurr|69/100 brn
|-damage|p2a: skarm impostor|80/100|[from] Recoil
|move|p1a: Conkeldurr|Drain Punch|p2a: skarm impostor
|-damage|p2a: skarm impostor|0 fnt
|-heal|p1a: Conkeldurr|100/100 brn|[from] drain|[of] p2a: skarm impostor
|faint|p2a: skarm impostor
|
|-damage|p1a: Conkeldurr|94/100 brn|[from] brn
|upkeep
|-message|thepokepersonthing forfeited.
|
|win|Kakimori
|raw|Kakimori's rating: 1412 &rarr; <strong>1431</strong><br />(+19 for winning)
|raw|thepokepersonthing's rating: 1392 &rarr; <strong>1373</strong><br />(-19 for losing)
|l|☆thepokepersonthing
|player|p2|
