|j|☆fregene97
|j|☆TheRegisAreCool
|t:|1779808947
|gametype|singles
|player|p1|fregene97|169|1394
|player|p2|TheRegisAreCool|fisherman-gen4|1358
|gen|9
|tier|[Gen 9] OU
|rated|
|rule|HP Percentage Mod: HP is shown in percentages
|rule|Endless Battle Clause: Forcing endless battles is banned
|rule|Species Clause: Limit one of each Pokémon
|rule|OHKO Clause: OHKO moves are banned
|rule|Evasion Items Clause: Evasion items are banned
|rule|Evasion Moves Clause: Evasion moves are banned
|rule|Evasion Abilities Clause: Evasion abilities are banned
|rule|Sleep Moves Clause: Sleep-inducing moves are banned
|clearpoke
|poke|p1|Regieleki|
|poke|p1|Haxorus, M|
|poke|p1|Ogerpon-Cornerstone, F|
|poke|p1|Iron Moth|
|poke|p1|Greninja-*, M|
|poke|p1|Hoopa-Unbound|
|poke|p2|Garganacl, M|
|poke|p2|Ceruledge, F|
|poke|p2|Sinistcha|
|poke|p2|Ting-Lu|
|poke|p2|Quaquaval, F|
|poke|p2|Clefable, F|
|teampreview
|
|t:|1779808960
|teamsize|p1|6
|teamsize|p2|6
|start
|switch|p1a: Ogerpon|Ogerpon-Cornerstone, F|100/100
|switch|p2a: Ceruledge|Ceruledge, F|100/100
|turn|1
|inactive|Battle timer is ON: inactive players will automatically lose when time's up. (requested by TheRegisAreCool)
|inactive|fregene97 also wants the timer to be on.
|
|t:|1779808970
|-terastallize|p1a: Ogerpon|Rock
|detailschange|p1a: Ogerpon|Ogerpon-Cornerstone-Tera, F, tera:Rock
|-ability|p1a: Ogerpon|Embody Aspect (Cornerstone)|boost
|-boost|p1a: Ogerpon|def|1
|move|p1a: Ogerpon|Ivy Cudgel|p2a: Ceruledge|[anim] Ivy Cudgel Rock
|-supereffective|p2a: Ceruledge
|-enditem|p2a: Ceruledge|Focus Sash
|-damage|p2a: Ceruledge|1/100
|-ability|p2a: Ceruledge|Weak Armor|boost
|-unboost|p2a: Ceruledge|def|1
|-boost|p2a: Ceruledge|spe|2
|move|p2a: Ceruledge|Bitter Blade|p1a: Ogerpon
|-resisted|p1a: Ogerpon
|-damage|p1a: Ogerpon|80/100
|-heal|p2a: Ceruledge|11/100|[from] drain|[of] p1a: Ogerpon
|
|upkeep
|turn|2
|
|t:|1779808977
|move|p2a: Ceruledge|Poltergeist|p1a: Ogerpon
|-activate|p1a: Ogerpon|move: Poltergeist|Cornerstone Mask
|-damage|p1a: Ogerpon|28/100
|move|p1a: Ogerpon|Ivy Cudgel|p2a: Ceruledge|[anim] Ivy Cudgel Rock
|-supereffective|p2a: Ceruledge
|-damage|p2a: Ceruledge|0 fnt
|faint|p2a: Ceruledge
|
|upkeep
|
|t:|1779808991
|switch|p2a: Sinistcha|Sinistcha|100/100
|turn|3
|
|t:|1779808994
|move|p1a: Ogerpon|Ivy Cudgel|p2a: Sinistcha|[anim] Ivy Cudgel Rock
|-damage|p2a: Sinistcha|37/100
|move|p2a: Sinistcha|Strength Sap|p1a: Ogerpon
|-unboost|p1a: Ogerpon|atk|1
|-heal|p2a: Sinistcha|100/100
|
|upkeep
|turn|4
|
|t:|1779808999
|switch|p1a: Hoopa|Hoopa-Unbound|100/100
|move|p2a: Sinistcha|Strength Sap|p1a: Hoopa
|-unboost|p1a: Hoopa|atk|1
|
|upkeep
|turn|5
|
|t:|1779809003
|move|p1a: Hoopa|Drain Punch|p2a: Sinistcha
|-immune|p2a: Sinistcha
|move|p2a: Sinistcha|Stun Spore|p1a: Hoopa
|-status|p1a: Hoopa|par
|
|upkeep
|turn|6
|
|t:|1779809011
|move|p2a: Sinistcha|Hex|p1a: Hoopa
|-damage|p1a: Hoopa|64/100 par
|cant|p1a: Hoopa|par
|
|upkeep
|turn|7
|
|t:|1779809020
|move|p2a: Sinistcha|Hex|p1a: Hoopa
|-damage|p1a: Hoopa|25/100 par
|move|p1a: Hoopa|Hyperspace Fury|p2a: Sinistcha
|-supereffective|p2a: Sinistcha
|-damage|p2a: Sinistcha|52/100
|-unboost|p1a: Hoopa|def|1
|
|-heal|p2a: Sinistcha|58/100|[from] item: Leftovers
|upkeep
|turn|8
|
|t:|1779809023
|move|p2a: Sinistcha|Matcha Gotcha|p1a: Hoopa|[miss]
|-miss|p2a: Sinistcha|p1a: Hoopa
|move|p1a: Hoopa|Dark Pulse|p2a: Sinistcha
|-supereffective|p2a: Sinistcha
|-damage|p2a: Sinistcha|0 fnt
|faint|p2a: Sinistcha
|
|upkeep
|
|t:|1779809028
|switch|p2a: Quaquaval|Quaquaval, F|100/100
|turn|9
|
|t:|1779809041
|move|p2a: Quaquaval|Aqua Step|p1a: Hoopa
|-damage|p1a: Hoopa|0 fnt
|-boost|p2a: Quaquaval|spe|1
|faint|p1a: Hoopa
|-ability|p2a: Quaquaval|Moxie|boost
|-boost|p2a: Quaquaval|atk|1
|
|upkeep
|
|t:|1779809048
|switch|p1a: Regieleki|Regieleki|100/100
|turn|10
|
|t:|1779809054
|switch|p2a: Ting-Lu|Ting-Lu|100/100
|-ability|p2a: Ting-Lu|Vessel of Ruin
|move|p1a: Regieleki|Thunderbolt|p2a: Ting-Lu
|-immune|p2a: Ting-Lu
|
|upkeep
|turn|11
|
|t:|1779809057
|move|p1a: Regieleki|Explosion|p2a: Ting-Lu
|-damage|p2a: Ting-Lu|72/100
|faint|p1a: Regieleki
|move|p2a: Ting-Lu|Earthquake|p1: Regieleki|[notarget]
|-fail|p2a: Ting-Lu
|
|-heal|p2a: Ting-Lu|78/100|[from] item: Leftovers
|upkeep
|
|t:|1779809060
|switch|p1a: Haxorus|Haxorus, M|100/100
|-ability|p1a: Haxorus|Mold Breaker
|turn|12
|
|t:|1779809064
|move|p1a: Haxorus|First Impression|p2a: Ting-Lu
|-supereffective|p2a: Ting-Lu
|-damage|p2a: Ting-Lu|30/100
|move|p2a: Ting-Lu|Stealth Rock|p1a: Haxorus
|-sidestart|p1: fregene97|move: Stealth Rock
|
|-heal|p2a: Ting-Lu|36/100|[from] item: Leftovers
|upkeep
|turn|13
|
|t:|1779809069
|switch|p1a: Ogerpon|Ogerpon-Cornerstone-Tera, F, tera:Rock|28/100
|-damage|p1a: Ogerpon|15/100|[from] Stealth Rock
|-ability|p1a: Ogerpon|Embody Aspect (Cornerstone)|boost
|-boost|p1a: Ogerpon|def|1
|move|p2a: Ting-Lu|Whirlwind|p1a: Ogerpon
|drag|p1a: Iron Moth|Iron Moth|100/100
|-damage|p1a: Iron Moth|76/100|[from] Stealth Rock
|-enditem|p1a: Iron Moth|Booster Energy
|-activate|p1a: Iron Moth|ability: Quark Drive|[fromitem]
|-start|p1a: Iron Moth|quarkdrivespe
|
|-heal|p2a: Ting-Lu|42/100|[from] item: Leftovers
|upkeep
|turn|14
|
|t:|1779809075
|move|p1a: Iron Moth|Dazzling Gleam|p2a: Ting-Lu
|-supereffective|p2a: Ting-Lu
|-damage|p2a: Ting-Lu|16/100
|move|p2a: Ting-Lu|Earthquake|p1a: Iron Moth
|-supereffective|p1a: Iron Moth
|-damage|p1a: Iron Moth|0 fnt
|faint|p1a: Iron Moth
|-end|p1a: Iron Moth|Quark Drive|[silent]
|
|-heal|p2a: Ting-Lu|22/100|[from] item: Leftovers
|upkeep
|
|t:|1779809086
|switch|p1a: Greninja|Greninja, M|100/100
|-damage|p1a: Greninja|88/100|[from] Stealth Rock
|turn|15
|inactive|TheRegisAreCool has 120 seconds left.
|
|t:|1779809119
|move|p1a: Greninja|Ice Beam|p2a: Ting-Lu
|-supereffective|p2a: Ting-Lu
|-damage|p2a: Ting-Lu|0 fnt
|faint|p2a: Ting-Lu
|-ability|p1a: Greninja|Battle Bond|boost
|-boost|p1a: Greninja|atk|1
|-boost|p1a: Greninja|spa|1
|-boost|p1a: Greninja|spe|1
|-activate|p1a: Greninja|ability: Battle Bond
|-damage|p1a: Greninja|78/100|[from] item: Life Orb
|
|upkeep
|inactive|TheRegisAreCool has 120 seconds left.
|
|t:|1779809130
|switch|p2a: Clefable|Clefable, F|100/100
|turn|16
|inactive|TheRegisAreCool has 120 seconds left.
|
|t:|1779809141
|move|p1a: Greninja|Hydro Pump|p2a: Clefable|[miss]
|-miss|p1a: Greninja|p2a: Clefable
|move|p2a: Clefable|Moonblast|p1a: Greninja
|-supereffective|p1a: Greninja
|-damage|p1a: Greninja|0 fnt
|faint|p1a: Greninja
|
|upkeep
|
|t:|1779809144
|switch|p1a: Ogerpon|Ogerpon-Cornerstone-Tera, F, tera:Rock|15/100
|-damage|p1a: Ogerpon|3/100|[from] Stealth Rock
|-ability|p1a: Ogerpon|Embody Aspect (Cornerstone)|boost
|-boost|p1a: Ogerpon|def|1
|turn|17
|
|t:|1779809147
|switch|p2a: Garganacl|Garganacl, M|100/100
|move|p1a: Ogerpon|Ivy Cudgel|p2a: Garganacl|[anim] Ivy Cudgel Rock
|-damage|p2a: Garganacl|50/100
|
|-heal|p2a: Garganacl|56/100|[from] item: Leftovers
|upkeep
|turn|18
|
|t:|1779809152
|move|p1a: Ogerpon|Low Kick|p2a: Garganacl
|-supereffective|p2a: Garganacl
|-damage|p2a: Garganacl|0 fnt
|faint|p2a: Garganacl
|
|upkeep
|
|t:|1779809154
|switch|p2a: Quaquaval|Quaquaval, F|100/100
|turn|19
|
|t:|1779809159
|move|p1a: Ogerpon|Power Whip|p2a: Quaquaval
|-supereffective|p2a: Quaquaval
|-damage|p2a: Quaquaval|0 fnt
|faint|p2a: Quaquaval
|
|upkeep
|
|t:|1779809161
|switch|p2a: Clefable|Clefable, F|100/100
|turn|20
|
|t:|1779809169
|-terastallize|p2a: Clefable|Fairy
|move|p1a: Ogerpon|Ivy Cudgel|p2a: Clefable|[anim] Ivy Cudgel Rock
|-damage|p2a: Clefable|18/100
|move|p2a: Clefable|Moonblast|p1a: Ogerpon
|-damage|p1a: Ogerpon|0 fnt
|faint|p1a: Ogerpon
|detailschange|p1: Ogerpon|Ogerpon-Cornerstone, F|[silent]
|
|upkeep
|
|t:|1779809174
|switch|p1a: Haxorus|Haxorus, M|100/100
|-damage|p1a: Haxorus|88/100|[from] Stealth Rock
|-ability|p1a: Haxorus|Mold Breaker
|turn|21
|
|t:|1779809178
|move|p1a: Haxorus|Poison Jab|p2a: Clefable
|-supereffective|p2a: Clefable
|-damage|p2a: Clefable|0 fnt
|faint|p2a: Clefable
|
|win|fregene97
|raw|fregene97's rating: 1394 &rarr; <strong>1412</strong><br />(+18 for winning)
|raw|TheRegisAreCool's rating: 1358 &rarr; <strong>1340</strong><br />(-18 for losing)
