|j|☆newgensbetter
|j|☆AmygdalanResponse
|t:|1779844078
|gametype|singles
|player|p1|newgensbetter|unknownf|1568
|player|p2|AmygdalanResponse|marshal|1517
|gen|9
|tier|[Gen 9] OU
|rated|
|rule|HP Percentage Mod: HP is shown in percentages
|rule|Endless Battle Clause: Forcing endless battles is banned
|rule|Species Clause: Limit one of each Pokémon
|rule|OHKO Clause: OHKO moves are banned
|rule|Evasion Items Clause: Evasion items are banned
|rule|Evasion Moves Clause: Evasion moves are banned
|rule|Evasion Abilities Clause: Evasion abilities are banned
|rule|Sleep Moves Clause: Sleep-inducing moves are banned
|clearpoke
|poke|p1|Dragonite, F|
|poke|p1|Great Tusk|
|poke|p1|Deoxys-Speed|
|poke|p1|Gholdengo|
|poke|p1|Zamazenta-*|
|poke|p1|Iron Valiant|
|poke|p2|Ribombee, F|
|poke|p2|Manaphy|
|poke|p2|Ceruledge, M|
|poke|p2|Great Tusk|
|poke|p2|Ogerpon-Cornerstone, F|
|poke|p2|Enamorus, F|
|teampreview
|c|☆AmygdalanResponse|gl hf
|
|t:|1779844092
|teamsize|p1|6
|teamsize|p2|6
|start
|switch|p1a: Deoxys|Deoxys-Speed|100/100
|switch|p2a: Ribombee|Ribombee, F|100/100
|-ability|p1a: Deoxys|Pressure
|turn|1
|c|☆newgensbetter|hf
|
|t:|1779844097
|move|p1a: Deoxys|Taunt|p2a: Ribombee
|-start|p2a: Ribombee|move: Taunt
|move|p2a: Ribombee|Moonblast|p1a: Deoxys
|-damage|p1a: Deoxys|56/100
|
|upkeep
|turn|2
|
|t:|1779844100
|move|p1a: Deoxys|Stealth Rock|p2a: Ribombee
|-sidestart|p2: AmygdalanResponse|move: Stealth Rock
|move|p2a: Ribombee|Moonblast|p1a: Deoxys
|-damage|p1a: Deoxys|8/100
|-unboost|p1a: Deoxys|spa|1
|
|upkeep
|turn|3
|
|t:|1779844102
|move|p1a: Deoxys|Spikes|p2a: Ribombee
|-sidestart|p2: AmygdalanResponse|Spikes
|move|p2a: Ribombee|Moonblast|p1a: Deoxys
|-damage|p1a: Deoxys|0 fnt
|faint|p1a: Deoxys
|
|-end|p2a: Ribombee|move: Taunt
|upkeep
|
|t:|1779844108
|switch|p1a: Iron Valiant|Iron Valiant|100/100
|-enditem|p1a: Iron Valiant|Booster Energy
|-activate|p1a: Iron Valiant|ability: Quark Drive|[fromitem]
|-start|p1a: Iron Valiant|quarkdrivespe
|turn|4
|
|t:|1779844111
|move|p1a: Iron Valiant|Taunt|p2a: Ribombee
|-start|p2a: Ribombee|move: Taunt
|cant|p2a: Ribombee|move: Taunt|Stun Spore
|
|upkeep
|turn|5
|
|t:|1779844114
|move|p1a: Iron Valiant|Destiny Bond|p1a: Iron Valiant
|-singlemove|p1a: Iron Valiant|Destiny Bond
|move|p2a: Ribombee|Moonblast|p1a: Iron Valiant
|-supereffective|p1a: Iron Valiant
|-damage|p1a: Iron Valiant|0 fnt
|faint|p1a: Iron Valiant
|-activate|p1a: Iron Valiant|move: Destiny Bond
|-end|p1a: Iron Valiant|Quark Drive|[silent]
|faint|p2a: Ribombee
|
|upkeep
|
|t:|1779844128
|switch|p2a: Great Tusk|Great Tusk|100/100
|switch|p1a: Gholdengo|Gholdengo|100/100
|turn|6
|
|t:|1779844132
|move|p2a: Great Tusk|Headlong Rush|p1a: Gholdengo
|-supereffective|p1a: Gholdengo
|-damage|p1a: Gholdengo|0 fnt
|-unboost|p2a: Great Tusk|def|1
|-unboost|p2a: Great Tusk|spd|1
|faint|p1a: Gholdengo
|
|upkeep
|
|t:|1779844141
|switch|p1a: Great Tusk|Great Tusk|100/100
|-enditem|p1a: Great Tusk|Booster Energy
|-activate|p1a: Great Tusk|ability: Protosynthesis|[fromitem]
|-start|p1a: Great Tusk|protosynthesisspe
|turn|7
|
|t:|1779844146
|-end|p2a: Great Tusk|Protosynthesis|[silent]
|switch|p2a: Ceruledge|Ceruledge, M|100/100
|-damage|p2a: Ceruledge|76/100|[from] Stealth Rock
|-item|p2a: Ceruledge|Air Balloon
|-terastallize|p1a: Great Tusk|Ghost
|move|p1a: Great Tusk|Ice Spinner|p2a: Ceruledge
|-resisted|p2a: Ceruledge
|-damage|p2a: Ceruledge|58/100
|-ability|p2a: Ceruledge|Weak Armor|boost
|-unboost|p2a: Ceruledge|def|1
|-boost|p2a: Ceruledge|spe|2
|-enditem|p2a: Ceruledge|Air Balloon
|
|upkeep
|turn|8
|
|t:|1779844157
|move|p2a: Ceruledge|Bitter Blade|p1a: Great Tusk
|-damage|p1a: Great Tusk|73/100
|-heal|p2a: Ceruledge|79/100|[from] drain|[of] p1a: Great Tusk
|move|p1a: Great Tusk|Headlong Rush|p2a: Ceruledge
|-supereffective|p2a: Ceruledge
|-damage|p2a: Ceruledge|0 fnt
|-unboost|p1a: Great Tusk|def|1
|-unboost|p1a: Great Tusk|spd|1
|faint|p2a: Ceruledge
|
|upkeep
|
|t:|1779844164
|switch|p2a: Manaphy|Manaphy|100/100
|-damage|p2a: Manaphy|88/100|[from] Stealth Rock
|-damage|p2a: Manaphy|76/100|[from] Spikes
|turn|9
|
|t:|1779844166
|move|p1a: Great Tusk|Taunt|p2a: Manaphy
|-start|p2a: Manaphy|move: Taunt
|move|p2a: Manaphy|Surf|p1a: Great Tusk
|-crit|p1a: Great Tusk
|-damage|p1a: Great Tusk|0 fnt
|faint|p1a: Great Tusk
|-end|p1a: Great Tusk|Protosynthesis|[silent]
|
|-heal|p2a: Manaphy|82/100|[from] item: Leftovers
|upkeep
|
|t:|1779844169
|switch|p1a: Dragonite|Dragonite, F|100/100
|turn|10
|
|t:|1779844173
|switch|p2a: Great Tusk|Great Tusk|100/100
|move|p1a: Dragonite|Dragon Dance|p1a: Dragonite
|-boost|p1a: Dragonite|atk|1
|-boost|p1a: Dragonite|spe|1
|
|upkeep
|turn|11
|
|t:|1779844176
|switch|p1a: Zamazenta|Zamazenta|100/100
|-ability|p1a: Zamazenta|Dauntless Shield|boost
|-boost|p1a: Zamazenta|def|1
|move|p2a: Great Tusk|Rapid Spin|p1a: Zamazenta
|-damage|p1a: Zamazenta|90/100
|-boost|p2a: Great Tusk|spe|1
|-sideend|p2: AmygdalanResponse|Spikes|[from] move: Rapid Spin|[of] p2a: Great Tusk
|-sideend|p2: AmygdalanResponse|Stealth Rock|[from] move: Rapid Spin|[of] p2a: Great Tusk
|
|upkeep
|turn|12
|
|t:|1779844184
|-end|p2a: Great Tusk|Protosynthesis|[silent]
|switch|p2a: Manaphy|Manaphy|82/100
|move|p1a: Zamazenta|Close Combat|p2a: Manaphy
|-damage|p2a: Manaphy|1/100
|-unboost|p1a: Zamazenta|def|1
|-unboost|p1a: Zamazenta|spd|1
|-damage|p1a: Zamazenta|80/100|[from] item: Life Orb
|
|-heal|p2a: Manaphy|7/100|[from] item: Leftovers
|upkeep
|turn|13
|
|t:|1779844189
|move|p1a: Zamazenta|Crunch|p2a: Manaphy
|-damage|p2a: Manaphy|0 fnt
|faint|p2a: Manaphy
|-damage|p1a: Zamazenta|70/100|[from] item: Life Orb
|
|upkeep
|
|t:|1779844191
|switch|p2a: Enamorus|Enamorus, F|100/100
|turn|14
|
|t:|1779844193
|move|p1a: Zamazenta|Heavy Slam|p2a: Enamorus
|-supereffective|p2a: Enamorus
|-damage|p2a: Enamorus|0 fnt
|faint|p2a: Enamorus
|-damage|p1a: Zamazenta|60/100|[from] item: Life Orb
|
|upkeep
|
|t:|1779844195
|switch|p2a: Great Tusk|Great Tusk|100/100
|turn|15
|
|t:|1779844199
|move|p1a: Zamazenta|Close Combat|p2a: Great Tusk
|-damage|p2a: Great Tusk|36/100
|-unboost|p1a: Zamazenta|def|1
|-unboost|p1a: Zamazenta|spd|1
|-damage|p1a: Zamazenta|51/100|[from] item: Life Orb
|move|p2a: Great Tusk|Headlong Rush|p1a: Zamazenta
|-damage|p1a: Zamazenta|0 fnt
|-unboost|p2a: Great Tusk|def|1
|-unboost|p2a: Great Tusk|spd|1
|faint|p1a: Zamazenta
|
|upkeep
|
|t:|1779844203
|switch|p1a: Dragonite|Dragonite, F|100/100
|turn|16
|
|t:|1779844207
|move|p1a: Dragonite|Extreme Speed|p2a: Great Tusk
|-damage|p2a: Great Tusk|0 fnt
|faint|p2a: Great Tusk
|-end|p2a: Great Tusk|Protosynthesis|[silent]
|-damage|p1a: Dragonite|91/100|[from] item: Life Orb
|
|upkeep
|
|t:|1779844210
|switch|p2a: Ogerpon|Ogerpon-Cornerstone, F|100/100
|turn|17
|
|t:|1779844212
|move|p2a: Ogerpon|Ivy Cudgel|p1a: Dragonite|[anim] Ivy Cudgel Rock
|-supereffective|p1a: Dragonite
|-damage|p1a: Dragonite|0 fnt
|faint|p1a: Dragonite
|
|win|AmygdalanResponse
|raw|newgensbetter's rating: 1568 &rarr; <strong>1545</strong><br />(-23 for losing)
|raw|AmygdalanResponse's rating: 1517 &rarr; <strong>1540</strong><br />(+23 for winning)
|c|☆AmygdalanResponse|gg
|l|☆newgensbetter
|player|p1|
