|j|☆Yuansu123
|j|☆monday2026
|t:|1779858346
|gametype|singles
|player|p1|Yuansu123|265|1279
|player|p2|monday2026|2|1314
|gen|9
|tier|[Gen 9] OU
|rated|
|rule|HP Percentage Mod: HP is shown in percentages
|rule|Endless Battle Clause: Forcing endless battles is banned
|rule|Species Clause: Limit one of each Pokémon
|rule|OHKO Clause: OHKO moves are banned
|rule|Evasion Items Clause: Evasion items are banned
|rule|Evasion Moves Clause: Evasion moves are banned
|rule|Evasion Abilities Clause: Evasion abilities are banned
|rule|Sleep Moves Clause: Sleep-inducing moves are banned
|clearpoke
|poke|p1|Ogerpon, F|
|poke|p1|Rillaboom, M|
|poke|p1|Cinderace, F|
|poke|p1|Garganacl, M|
|poke|p1|Alomomola, M|
|poke|p1|Latios, M|
|poke|p2|Hoopa-Unbound|
|poke|p2|Regidrago|
|poke|p2|Ditto|
|poke|p2|Dondozo, M|
|poke|p2|Tyranitar, F|
|poke|p2|Pecharunt|
|teampreview
|inactive|Battle timer is ON: inactive players will automatically lose when time's up. (requested by Yuansu123)
|
|t:|1779858365
|teamsize|p1|6
|teamsize|p2|6
|start
|switch|p1a: Rillaboom|Rillaboom, M|100/100
|switch|p2a: Hoopa|Hoopa-Unbound|100/100
|-fieldstart|move: Grassy Terrain|[from] ability: Grassy Surge|[of] p1a: Rillaboom
|turn|1
|
|t:|1779858374
|-terastallize|p2a: Hoopa|Fighting
|move|p1a: Rillaboom|U-turn|p2a: Hoopa
|-resisted|p2a: Hoopa
|-damage|p2a: Hoopa|82/100
|
|t:|1779858386
|switch|p1a: Alomomola|Alomomola, M|100/100|[from] U-turn
|move|p2a: Hoopa|Knock Off|p1a: Alomomola
|-damage|p1a: Alomomola|69/100
|-enditem|p1a: Alomomola|Leftovers|[from] move: Knock Off|[of] p2a: Hoopa
|
|-heal|p2a: Hoopa|88/100|[from] Grassy Terrain
|-heal|p1a: Alomomola|75/100|[from] Grassy Terrain
|upkeep
|turn|2
|
|t:|1779858395
|move|p2a: Hoopa|Psychic|p1a: Alomomola
|-damage|p1a: Alomomola|19/100
|move|p1a: Alomomola|Flip Turn|p2a: Hoopa
|-damage|p2a: Hoopa|62/100
|
|t:|1779858398
|switch|p1a: Latios|Latios, M|100/100|[from] Flip Turn
|
|-heal|p2a: Hoopa|68/100|[from] Grassy Terrain
|upkeep
|turn|3
|
|t:|1779858403
|move|p1a: Latios|Luster Purge|p2a: Hoopa
|-supereffective|p2a: Hoopa
|-damage|p2a: Hoopa|29/100
|-unboost|p2a: Hoopa|spd|1
|move|p2a: Hoopa|Psychic|p1a: Latios
|-resisted|p1a: Latios
|-damage|p1a: Latios|76/100
|
|-heal|p2a: Hoopa|36/100|[from] Grassy Terrain
|upkeep
|turn|4
|
|t:|1779858406
|move|p1a: Latios|Luster Purge|p2a: Hoopa
|-supereffective|p2a: Hoopa
|-damage|p2a: Hoopa|0 fnt
|faint|p2a: Hoopa
|
|upkeep
|
|t:|1779858432
|switch|p2a: Tyranitar|Tyranitar, F|100/100
|-weather|Sandstorm|[from] ability: Sand Stream|[of] p2a: Tyranitar
|turn|5
|
|t:|1779858442
|switch|p1a: Alomomola|Alomomola, M|53/100
|move|p2a: Tyranitar|Knock Off|p1a: Alomomola
|-damage|p1a: Alomomola|37/100
|
|-weather|Sandstorm|[upkeep]
|-damage|p1a: Alomomola|31/100|[from] Sandstorm
|-heal|p1a: Alomomola|37/100|[from] Grassy Terrain
|-fieldend|move: Grassy Terrain
|upkeep
|turn|6
|
|t:|1779858458
|move|p1a: Alomomola|Flip Turn|p2a: Tyranitar
|-supereffective|p2a: Tyranitar
|-damage|p2a: Tyranitar|76/100
|
|t:|1779858462
|switch|p1a: Rillaboom|Rillaboom, M|100/100|[from] Flip Turn
|-fieldstart|move: Grassy Terrain|[from] ability: Grassy Surge|[of] p1a: Rillaboom
|move|p2a: Tyranitar|Stone Edge|p1a: Rillaboom|[miss]
|-miss|p2a: Tyranitar|p1a: Rillaboom
|
|-weather|Sandstorm|[upkeep]
|-damage|p1a: Rillaboom|94/100|[from] Sandstorm
|-heal|p1a: Rillaboom|100/100|[from] Grassy Terrain
|-heal|p2a: Tyranitar|82/100|[from] Grassy Terrain
|upkeep
|turn|7
|inactive|monday2026 has 120 seconds left.
|inactive|monday2026 has 90 seconds left.
|
|t:|1779858538
|move|p1a: Rillaboom|Knock Off|p2a: Tyranitar
|-resisted|p2a: Tyranitar
|-damage|p2a: Tyranitar|69/100
|-enditem|p2a: Tyranitar|Assault Vest|[from] move: Knock Off|[of] p1a: Rillaboom
|move|p2a: Tyranitar|Ice Punch|p1a: Rillaboom
|-supereffective|p1a: Rillaboom
|-damage|p1a: Rillaboom|57/100
|
|-weather|Sandstorm|[upkeep]
|-damage|p1a: Rillaboom|51/100|[from] Sandstorm
|-heal|p1a: Rillaboom|57/100|[from] Grassy Terrain
|-heal|p2a: Tyranitar|76/100|[from] Grassy Terrain
|upkeep
|turn|8
|
|t:|1779858548
|switch|p2a: Pecharunt|Pecharunt|100/100
|-item|p2a: Pecharunt|Air Balloon
|move|p1a: Rillaboom|U-turn|p2a: Pecharunt
|-resisted|p2a: Pecharunt
|-crit|p2a: Pecharunt
|-damage|p2a: Pecharunt|97/100
|-enditem|p2a: Pecharunt|Air Balloon
|
|t:|1779858556
|switch|p1a: Latios|Latios, M|76/100|[from] U-turn
|
|-weather|Sandstorm|[upkeep]
|-damage|p1a: Latios|70/100|[from] Sandstorm
|-damage|p2a: Pecharunt|90/100|[from] Sandstorm
|-heal|p2a: Pecharunt|97/100|[from] Grassy Terrain
|upkeep
|turn|9
|
|t:|1779858567
|switch|p2a: Tyranitar|Tyranitar, F|76/100
|move|p1a: Latios|Luster Purge|p2a: Tyranitar
|-immune|p2a: Tyranitar
|
|-weather|none
|-heal|p2a: Tyranitar|82/100|[from] Grassy Terrain
|upkeep
|turn|10
|
|t:|1779858581
|switch|p1a: Alomomola|Alomomola, M|70/100
|move|p2a: Tyranitar|Knock Off|p1a: Alomomola
|-damage|p1a: Alomomola|53/100
|
|-heal|p1a: Alomomola|59/100|[from] Grassy Terrain
|-heal|p2a: Tyranitar|88/100|[from] Grassy Terrain
|-fieldend|move: Grassy Terrain
|upkeep
|turn|11
|
|t:|1779858590
|move|p1a: Alomomola|Flip Turn|p2a: Tyranitar
|-supereffective|p2a: Tyranitar
|-damage|p2a: Tyranitar|61/100
|
|t:|1779858596
|switch|p1a: Rillaboom|Rillaboom, M|57/100|[from] Flip Turn
|-fieldstart|move: Grassy Terrain|[from] ability: Grassy Surge|[of] p1a: Rillaboom
|move|p2a: Tyranitar|Stone Edge|p1a: Rillaboom
|-damage|p1a: Rillaboom|12/100
|
|-heal|p1a: Rillaboom|19/100|[from] Grassy Terrain
|-heal|p2a: Tyranitar|67/100|[from] Grassy Terrain
|upkeep
|turn|12
|inactive|monday2026 has 90 seconds left.
|
|t:|1779858628
|switch|p2a: Pecharunt|Pecharunt|97/100
|move|p1a: Rillaboom|Wood Hammer|p2a: Pecharunt
|-resisted|p2a: Pecharunt
|-damage|p2a: Pecharunt|79/100
|-damage|p1a: Rillaboom|13/100|[from] Recoil
|
|-heal|p2a: Pecharunt|85/100|[from] Grassy Terrain
|-heal|p1a: Rillaboom|19/100|[from] Grassy Terrain
|upkeep
|turn|13
|inactive|monday2026 has 60 seconds left.
|
|t:|1779858658
|switch|p1a: Garganacl|Garganacl, M|100/100
|move|p2a: Pecharunt|Toxic|p1a: Garganacl
|-immune|p1a: Garganacl|[from] ability: Purifying Salt
|
|-heal|p2a: Pecharunt|91/100|[from] Grassy Terrain
|upkeep
|turn|14
|
|t:|1779858673
|switch|p2a: Dondozo|Dondozo, M|100/100
|move|p1a: Garganacl|Salt Cure|p2a: Dondozo
|-damage|p2a: Dondozo|92/100
|-start|p2a: Dondozo|Salt Cure
|
|-heal|p2a: Dondozo|98/100|[from] Grassy Terrain
|-damage|p2a: Dondozo|73/100|[from] Salt Cure
|upkeep
|turn|15
|
|t:|1779858684
|switch|p1a: Latios|Latios, M|70/100
|move|p2a: Dondozo|Wave Crash|p1a: Latios
|-resisted|p1a: Latios
|-damage|p1a: Latios|14/100
|-damage|p2a: Dondozo|62/100|[from] Recoil
|
|-heal|p2a: Dondozo|68/100|[from] Grassy Terrain
|-damage|p2a: Dondozo|44/100|[from] Salt Cure
|-fieldend|move: Grassy Terrain
|upkeep
|turn|16
|inactive|monday2026 has 60 seconds left.
|
|t:|1779858700
|move|p1a: Latios|Draco Meteor|p2a: Dondozo
|-damage|p2a: Dondozo|0 fnt
|-unboost|p1a: Latios|spa|2
|faint|p2a: Dondozo
|
|upkeep
|
|t:|1779858708
|switch|p2a: Regidrago|Regidrago, shiny|100/100
|turn|17
|
|t:|1779858712
|move|p1a: Latios|Draco Meteor|p2a: Regidrago
|-supereffective|p2a: Regidrago
|-damage|p2a: Regidrago|33/100
|-unboost|p1a: Latios|spa|2
|move|p2a: Regidrago|Dragon Energy|p1a: Latios
|-supereffective|p1a: Latios
|-damage|p1a: Latios|0 fnt
|faint|p1a: Latios
|
|upkeep
|
|t:|1779858727
|switch|p1a: Garganacl|Garganacl, M|100/100
|turn|18
|
|t:|1779858738
|switch|p2a: Tyranitar|Tyranitar, F|67/100
|-weather|Sandstorm|[from] ability: Sand Stream|[of] p2a: Tyranitar
|move|p1a: Garganacl|Salt Cure|p2a: Tyranitar
|-damage|p2a: Tyranitar|57/100
|-start|p2a: Tyranitar|Salt Cure
|
|-weather|Sandstorm|[upkeep]
|-damage|p2a: Tyranitar|45/100|[from] Salt Cure
|upkeep
|turn|19
|
|t:|1779858746
|move|p2a: Tyranitar|Earthquake|p1a: Garganacl
|-supereffective|p1a: Garganacl
|-damage|p1a: Garganacl|68/100
|move|p1a: Garganacl|Body Press|p2a: Tyranitar
|-supereffective|p2a: Tyranitar
|-damage|p2a: Tyranitar|0 fnt
|faint|p2a: Tyranitar
|
|-weather|Sandstorm|[upkeep]
|-heal|p1a: Garganacl|75/100|[from] item: Leftovers
|upkeep
|inactive|monday2026 has 60 seconds left.
|l|☆Yuansu123
|inactive|Yuansu123 disconnected and has a minute to reconnect!
|player|p1|
|j|☆Yuansu123
|inactive|Yuansu123 reconnected.
|player|p1|Yuansu123|265|
|inactive|monday2026 has 30 seconds left.
|inactiveoff|Battle timer is now OFF.
|
|t:|1779858810
|switch|p2a: Regidrago|Regidrago, shiny|33/100
|turn|20
|
|t:|1779858821
|move|p2a: Regidrago|Draco Meteor|p1a: Garganacl
|-damage|p1a: Garganacl|17/100
|-unboost|p2a: Regidrago|spa|2
|move|p1a: Garganacl|Salt Cure|p2a: Regidrago
|-damage|p2a: Regidrago|17/100
|-start|p2a: Regidrago|Salt Cure
|
|-weather|Sandstorm|[upkeep]
|-damage|p2a: Regidrago|11/100|[from] Sandstorm
|-heal|p1a: Garganacl|23/100|[from] item: Leftovers
|-damage|p2a: Regidrago|0 fnt|[from] Salt Cure
|faint|p2a: Regidrago
|upkeep
|-message|monday2026 forfeited.
|
|win|Yuansu123
|raw|Yuansu123's rating: 1279 &rarr; <strong>1307</strong><br />(+28 for winning)
|raw|monday2026's rating: 1314 &rarr; <strong>1292</strong><br />(-22 for losing)
|l|☆Yuansu123
|player|p1|
