|j|☆Rbtnk
|j|☆Kazzimer
|t:|1779863220
|gametype|singles
|player|p1|Rbtnk|aromalady|1062
|player|p2|Kazzimer|benga|1064
|gen|9
|tier|[Gen 9] OU
|rated|
|rule|HP Percentage Mod: HP is shown in percentages
|rule|Endless Battle Clause: Forcing endless battles is banned
|rule|Species Clause: Limit one of each Pokémon
|rule|OHKO Clause: OHKO moves are banned
|rule|Evasion Items Clause: Evasion items are banned
|rule|Evasion Moves Clause: Evasion moves are banned
|rule|Evasion Abilities Clause: Evasion abilities are banned
|rule|Sleep Moves Clause: Sleep-inducing moves are banned
|clearpoke
|poke|p1|Girafarig, M|
|poke|p1|Gliscor, M|
|poke|p1|Meowscarada, F|
|poke|p1|Glimmora, F|
|poke|p1|Dewgong, M|
|poke|p1|Clefable, M|
|poke|p2|Gliscor, M|
|poke|p2|Ogerpon-Wellspring, F|
|poke|p2|Dragapult, M|
|poke|p2|Iron Crown|
|poke|p2|Ting-Lu|
|poke|p2|Kingambit, M|
|teampreview
|inactive|Battle timer is ON: inactive players will automatically lose when time's up. (requested by Rbtnk)
|
|t:|1779863226
|teamsize|p1|6
|teamsize|p2|6
|start
|switch|p1a: Glimmora|Glimmora, F|100/100
|switch|p2a: I'm Sorry|Gliscor, M|100/100
|turn|1
|
|t:|1779863232
|move|p1a: Glimmora|Stealth Rock|p2a: I'm Sorry
|-sidestart|p2: Kazzimer|move: Stealth Rock
|move|p2a: I'm Sorry|Toxic Spikes|p1a: Glimmora
|-sidestart|p1: Rbtnk|move: Toxic Spikes
|
|-status|p2a: I'm Sorry|tox|[from] item: Toxic Orb
|upkeep
|turn|2
|
|t:|1779863249
|move|p1a: Glimmora|Mortal Spin|p2a: I'm Sorry
|-resisted|p2a: I'm Sorry
|-damage|p2a: I'm Sorry|98/100 tox
|-sideend|p1: Rbtnk|Toxic Spikes|[from] move: Mortal Spin|[of] p1a: Glimmora
|move|p2a: I'm Sorry|Earthquake|p1a: Glimmora
|-supereffective|p1a: Glimmora
|-enditem|p1a: Glimmora|Focus Sash
|-damage|p1a: Glimmora|1/100
|-activate|p1a: Glimmora|ability: Toxic Debris
|-sidestart|p2: Kazzimer|move: Toxic Spikes
|
|-heal|p2a: I'm Sorry|100/100 tox|[from] ability: Poison Heal
|upkeep
|turn|3
|
|t:|1779863264
|move|p1a: Glimmora|Power Gem|p2a: I'm Sorry
|-damage|p2a: I'm Sorry|60/100 tox
|move|p2a: I'm Sorry|Toxic Spikes|p1a: Glimmora
|-sidestart|p1: Rbtnk|move: Toxic Spikes
|
|-heal|p2a: I'm Sorry|73/100 tox|[from] ability: Poison Heal
|upkeep
|turn|4
|
|t:|1779863273
|move|p1a: Glimmora|Mortal Spin|p2a: I'm Sorry
|-resisted|p2a: I'm Sorry
|-damage|p2a: I'm Sorry|70/100 tox
|-sideend|p1: Rbtnk|Toxic Spikes|[from] move: Mortal Spin|[of] p1a: Glimmora
|move|p2a: I'm Sorry|Earthquake|p1a: Glimmora
|-supereffective|p1a: Glimmora
|-damage|p1a: Glimmora|0 fnt
|-activate|p1a: Glimmora|ability: Toxic Debris
|-sidestart|p2: Kazzimer|move: Toxic Spikes
|faint|p1a: Glimmora
|
|-heal|p2a: I'm Sorry|83/100 tox|[from] ability: Poison Heal
|upkeep
|
|t:|1779863288
|switch|p1a: Meowscarada|Meowscarada, F, shiny|100/100
|turn|5
|
|t:|1779863294
|move|p1a: Meowscarada|Triple Axel|p2a: I'm Sorry
|-start|p1a: Meowscarada|typechange|Ice|[from] ability: Protean
|-supereffective|p2a: I'm Sorry
|-damage|p2a: I'm Sorry|41/100 tox
|-supereffective|p2a: I'm Sorry
|-damage|p2a: I'm Sorry|0 fnt
|faint|p2a: I'm Sorry
|-hitcount|p2: I'm Sorry|2
|-damage|p1a: Meowscarada|91/100|[from] item: Life Orb
|
|upkeep
|inactive|Kazzimer has 120 seconds left.
|
|t:|1779863324
|switch|p2a: Dingle-Ling|Ting-Lu|100/100
|-damage|p2a: Dingle-Ling|94/100|[from] Stealth Rock
|-status|p2a: Dingle-Ling|tox
|-ability|p2a: Dingle-Ling|Vessel of Ruin
|turn|6
|
|t:|1779863333
|move|p1a: Meowscarada|U-turn|p2a: Dingle-Ling
|-supereffective|p2a: Dingle-Ling
|-damage|p2a: Dingle-Ling|61/100 tox
|-damage|p1a: Meowscarada|74/100|[from] item: Rocky Helmet|[of] p2a: Dingle-Ling
|-damage|p1a: Meowscarada|64/100|[from] item: Life Orb
|
|t:|1779863342
|switch|p1a: Gliscor|Gliscor, M|100/100|[from] U-turn
|move|p2a: Dingle-Ling|Heavy Slam|p1a: Gliscor
|-damage|p1a: Gliscor|81/100
|
|-damage|p2a: Dingle-Ling|55/100 tox|[from] psn
|-status|p1a: Gliscor|tox|[from] item: Toxic Orb
|upkeep
|turn|7
|
|t:|1779863357
|move|p1a: Gliscor|Substitute|p1a: Gliscor
|-start|p1a: Gliscor|Substitute
|-damage|p1a: Gliscor|56/100 tox
|move|p2a: Dingle-Ling|Taunt|p1a: Gliscor
|-start|p1a: Gliscor|move: Taunt
|
|-heal|p1a: Gliscor|69/100 tox|[from] ability: Poison Heal
|-damage|p2a: Dingle-Ling|43/100 tox|[from] psn
|upkeep
|turn|8
|
|t:|1779863368
|move|p1a: Gliscor|Earthquake|p2a: Dingle-Ling
|-damage|p2a: Dingle-Ling|22/100 tox
|move|p2a: Dingle-Ling|Stealth Rock|p1a: Gliscor
|-sidestart|p1: Rbtnk|move: Stealth Rock
|
|-heal|p1a: Gliscor|81/100 tox|[from] ability: Poison Heal
|-damage|p2a: Dingle-Ling|3/100 tox|[from] psn
|upkeep
|turn|9
|
|t:|1779863378
|move|p1a: Gliscor|Earthquake|p2a: Dingle-Ling
|-damage|p2a: Dingle-Ling|0 fnt
|faint|p2a: Dingle-Ling
|
|-heal|p1a: Gliscor|94/100 tox|[from] ability: Poison Heal
|upkeep
|
|t:|1779863388
|switch|p2a: Dragapult|Dragapult, M, shiny|100/100
|turn|10
|inactive|Kazzimer has 120 seconds left.
|
|t:|1779863414
|move|p2a: Dragapult|Hex|p1a: Gliscor
|-damage|p1a: Gliscor|23/100 tox
|move|p1a: Gliscor|Earthquake|p2a: Dragapult
|-damage|p2a: Dragapult|56/100
|
|-heal|p1a: Gliscor|35/100 tox|[from] ability: Poison Heal
|-end|p1a: Gliscor|move: Taunt
|upkeep
|turn|11
|
|t:|1779863425
|move|p1a: Gliscor|Protect|p1a: Gliscor
|-singleturn|p1a: Gliscor|Protect
|move|p2a: Dragapult|Hex|p1a: Gliscor
|-activate|p1a: Gliscor|move: Protect
|
|-heal|p1a: Gliscor|47/100 tox|[from] ability: Poison Heal
|upkeep
|turn|12
|inactive|Kazzimer has 120 seconds left.
|
|t:|1779863436
|move|p2a: Dragapult|Hex|p1a: Gliscor
|-damage|p1a: Gliscor|0 fnt
|faint|p1a: Gliscor
|
|upkeep
|
|t:|1779863444
|switch|p1a: Clefable|Clefable, M|100/100
|-damage|p1a: Clefable|88/100|[from] Stealth Rock
|turn|13
|inactive|Kazzimer has 120 seconds left.
|
|t:|1779863463
|-terastallize|p2a: Dragapult|Fairy
|move|p2a: Dragapult|Will-O-Wisp|p1a: Clefable
|-status|p1a: Clefable|brn
|move|p1a: Clefable|Cosmic Power|p1a: Clefable
|-boost|p1a: Clefable|def|1
|-boost|p1a: Clefable|spd|1
|
|-heal|p1a: Clefable|94/100 brn|[from] item: Leftovers
|-damage|p1a: Clefable|88/100 brn|[from] brn
|upkeep
|turn|14
|inactive|Kazzimer has 120 seconds left.
|
|t:|1779863477
|move|p2a: Dragapult|Hex|p1a: Clefable
|-damage|p1a: Clefable|53/100 brn
|move|p1a: Clefable|Fire Blast|p2a: Dragapult
|-damage|p2a: Dragapult|1/100
|
|-heal|p1a: Clefable|59/100 brn|[from] item: Leftovers
|-damage|p1a: Clefable|53/100 brn|[from] brn
|upkeep
|turn|15
|inactive|Kazzimer has 120 seconds left.
|
|t:|1779863489
|move|p2a: Dragapult|Hex|p1a: Clefable
|-damage|p1a: Clefable|17/100 brn
|move|p1a: Clefable|Moonlight|p1a: Clefable
|-heal|p1a: Clefable|67/100 brn
|
|-heal|p1a: Clefable|73/100 brn|[from] item: Leftovers
|-damage|p1a: Clefable|67/100 brn|[from] brn
|upkeep
|turn|16
|inactive|Kazzimer has 120 seconds left.
|
|t:|1779863499
|move|p2a: Dragapult|Hex|p1a: Clefable
|-damage|p1a: Clefable|33/100 brn
|move|p1a: Clefable|Cosmic Power|p1a: Clefable
|-boost|p1a: Clefable|def|1
|-boost|p1a: Clefable|spd|1
|
|-heal|p1a: Clefable|39/100 brn|[from] item: Leftovers
|-damage|p1a: Clefable|33/100 brn|[from] brn
|upkeep
|turn|17
|
|t:|1779863507
|move|p2a: Dragapult|Hex|p1a: Clefable
|-damage|p1a: Clefable|7/100 brn
|move|p1a: Clefable|Moonlight|p1a: Clefable
|-heal|p1a: Clefable|57/100 brn
|
|-heal|p1a: Clefable|63/100 brn|[from] item: Leftovers
|-damage|p1a: Clefable|57/100 brn|[from] brn
|upkeep
|turn|18
|
|t:|1779863520
|move|p2a: Dragapult|Hex|p1a: Clefable
|-damage|p1a: Clefable|32/100 brn
|move|p1a: Clefable|Moonlight|p1a: Clefable
|-heal|p1a: Clefable|82/100 brn
|
|-heal|p1a: Clefable|88/100 brn|[from] item: Leftovers
|-damage|p1a: Clefable|82/100 brn|[from] brn
|upkeep
|turn|19
|
|t:|1779863531
|switch|p2a: Ogerpon|Ogerpon-Wellspring, F|100/100
|-damage|p2a: Ogerpon|88/100|[from] Stealth Rock
|-status|p2a: Ogerpon|tox
|move|p1a: Clefable|Cosmic Power|p1a: Clefable
|-boost|p1a: Clefable|def|1
|-boost|p1a: Clefable|spd|1
|
|-heal|p1a: Clefable|88/100 brn|[from] item: Leftovers
|-damage|p2a: Ogerpon|82/100 tox|[from] psn
|-damage|p1a: Clefable|82/100 brn|[from] brn
|upkeep
|turn|20
|
|t:|1779863549
|move|p2a: Ogerpon|Taunt|p1a: Clefable
|-start|p1a: Clefable|move: Taunt
|move|p1a: Clefable|Moonblast|p2a: Ogerpon
|-damage|p2a: Ogerpon|33/100 tox
|
|-heal|p1a: Clefable|88/100 brn|[from] item: Leftovers
|-damage|p2a: Ogerpon|21/100 tox|[from] psn
|-damage|p1a: Clefable|82/100 brn|[from] brn
|upkeep
|turn|21
|
|t:|1779863561
|move|p2a: Ogerpon|Knock Off|p1a: Clefable
|-resisted|p1a: Clefable
|-damage|p1a: Clefable|73/100 brn
|-start|p2a: Ogerpon|Attract|[from] ability: Cute Charm|[of] p1a: Clefable
|-enditem|p1a: Clefable|Leftovers|[from] move: Knock Off|[of] p2a: Ogerpon
|move|p1a: Clefable|Moonblast|p2a: Ogerpon
|-damage|p2a: Ogerpon|0 fnt
|faint|p2a: Ogerpon
|
|-damage|p1a: Clefable|67/100 brn|[from] brn
|upkeep
|inactive|Kazzimer has 120 seconds left.
|
|t:|1779863587
|switch|p2a: Dragapult|Dragapult, M, shiny, tera:Fairy|1/100
|turn|22
|
|t:|1779863592
|move|p2a: Dragapult|Hex|p1a: Clefable
|-damage|p1a: Clefable|44/100 brn
|move|p1a: Clefable|Moonblast|p2a: Dragapult
|-damage|p2a: Dragapult|0 fnt
|faint|p2a: Dragapult
|
|-damage|p1a: Clefable|38/100 brn|[from] brn
|-end|p1a: Clefable|move: Taunt
|upkeep
|
|t:|1779863603
|switch|p2a: Mahwife|Iron Crown|100/100
|-damage|p2a: Mahwife|94/100|[from] Stealth Rock
|-enditem|p2a: Mahwife|Booster Energy
|-activate|p2a: Mahwife|ability: Quark Drive|[fromitem]
|-start|p2a: Mahwife|quarkdrivespe
|turn|23
|
|t:|1779863612
|move|p2a: Mahwife|Tachyon Cutter|p1a: Clefable
|-supereffective|p1a: Clefable
|-damage|p1a: Clefable|19/100 brn
|-supereffective|p1a: Clefable
|-damage|p1a: Clefable|1/100 brn
|-hitcount|p1a: Clefable|2
|move|p1a: Clefable|Moonlight|p1a: Clefable
|-heal|p1a: Clefable|51/100 brn
|
|-damage|p1a: Clefable|45/100 brn|[from] brn
|upkeep
|turn|24
|inactive|Kazzimer has 120 seconds left.
|
|t:|1779863629
|move|p2a: Mahwife|Calm Mind|p2a: Mahwife
|-boost|p2a: Mahwife|spa|1
|-boost|p2a: Mahwife|spd|1
|move|p1a: Clefable|Fire Blast|p2a: Mahwife
|-supereffective|p2a: Mahwife
|-damage|p2a: Mahwife|49/100
|-status|p2a: Mahwife|brn
|
|-damage|p2a: Mahwife|42/100 brn|[from] brn
|-damage|p1a: Clefable|39/100 brn|[from] brn
|upkeep
|turn|25
|
|t:|1779863640
|move|p2a: Mahwife|Tachyon Cutter|p1a: Clefable
|-supereffective|p1a: Clefable
|-damage|p1a: Clefable|11/100 brn
|-supereffective|p1a: Clefable
|-damage|p1a: Clefable|0 fnt
|faint|p1a: Clefable
|-hitcount|p1: Clefable|2
|
|-damage|p2a: Mahwife|36/100 brn|[from] brn
|upkeep
|
|t:|1779863651
|switch|p1a: Dewgong|Dewgong, M|100/100
|turn|26
|
|t:|1779863656
|move|p1a: Dewgong|Fake Out|p2a: Mahwife
|-resisted|p2a: Mahwife
|-crit|p2a: Mahwife
|-damage|p2a: Mahwife|29/100 brn
|cant|p2a: Mahwife|flinch
|
|-damage|p2a: Mahwife|23/100 brn|[from] brn
|upkeep
|turn|27
|
|t:|1779863666
|move|p2a: Mahwife|Focus Blast|p1a: Dewgong|[miss]
|-miss|p2a: Mahwife|p1a: Dewgong
|move|p1a: Dewgong|Liquidation|p2a: Mahwife
|-damage|p2a: Mahwife|0 fnt
|faint|p2a: Mahwife
|-end|p2a: Mahwife|Quark Drive|[silent]
|
|upkeep
|
|t:|1779863674
|switch|p2a: Wewuzkangz|Kingambit, M|100/100
|-damage|p2a: Wewuzkangz|94/100|[from] Stealth Rock
|-activate|p2a: Wewuzkangz|ability: Supreme Overlord
|-start|p2a: Wewuzkangz|fallen5|[silent]
|-item|p2a: Wewuzkangz|Air Balloon
|turn|28
|
|t:|1779863686
|move|p2a: Wewuzkangz|Low Kick|p1a: Dewgong
|-supereffective|p1a: Dewgong
|-damage|p1a: Dewgong|0 fnt
|faint|p1a: Dewgong
|
|upkeep
|
|t:|1779863692
|switch|p1a: Girafarig|Girafarig, M|100/100
|-damage|p1a: Girafarig|88/100|[from] Stealth Rock
|turn|29
|
|t:|1779863699
|move|p2a: Wewuzkangz|Kowtow Cleave|p1a: Girafarig
|-supereffective|p1a: Girafarig
|-damage|p1a: Girafarig|0 fnt
|faint|p1a: Girafarig
|
|upkeep
|
|t:|1779863703
|switch|p1a: Meowscarada|Meowscarada, F, shiny|64/100
|-damage|p1a: Meowscarada|52/100|[from] Stealth Rock
|turn|30
|
|t:|1779863710
|move|p1a: Meowscarada|Knock Off|p2a: Wewuzkangz
|-start|p1a: Meowscarada|typechange|Dark|[from] ability: Protean
|-resisted|p2a: Wewuzkangz
|-damage|p2a: Wewuzkangz|69/100
|-enditem|p2a: Wewuzkangz|Air Balloon
|-damage|p1a: Meowscarada|42/100|[from] item: Life Orb
|move|p2a: Wewuzkangz|Low Kick|p1a: Meowscarada
|-supereffective|p1a: Meowscarada
|-damage|p1a: Meowscarada|0 fnt
|faint|p1a: Meowscarada
|
|win|Kazzimer
|raw|Rbtnk's rating: 1062 &rarr; <strong>1043</strong><br />(-19 for losing)
|raw|Kazzimer's rating: 1064 &rarr; <strong>1094</strong><br />(+30 for winning)
|l|☆Rbtnk
|player|p1|
|c|☆Kazzimer|gg
|l|☆Kazzimer
|player|p2|
