|j|☆RandumbRaccoon
|j|☆raptors in 6
|t:|1779857643
|gametype|singles
|player|p1|RandumbRaccoon|ingo|1280
|player|p2|raptors in 6|265|1318
|gen|9
|tier|[Gen 9] OU
|rated|
|rule|HP Percentage Mod: HP is shown in percentages
|rule|Endless Battle Clause: Forcing endless battles is banned
|rule|Species Clause: Limit one of each Pokémon
|rule|OHKO Clause: OHKO moves are banned
|rule|Evasion Items Clause: Evasion items are banned
|rule|Evasion Moves Clause: Evasion moves are banned
|rule|Evasion Abilities Clause: Evasion abilities are banned
|rule|Sleep Moves Clause: Sleep-inducing moves are banned
|clearpoke
|poke|p1|Ogerpon-Wellspring, F|
|poke|p1|Garganacl, F|
|poke|p1|Great Tusk|
|poke|p1|Dragonite, M|
|poke|p1|Moltres|
|poke|p1|Darkrai|
|poke|p2|Walking Wake|
|poke|p2|Cinderace, M|
|poke|p2|Wo-Chien|
|poke|p2|Slither Wing|
|poke|p2|Torkoal, M|
|poke|p2|Hatterene, F|
|teampreview
|inactive|Battle timer is ON: inactive players will automatically lose when time's up. (requested by RandumbRaccoon)
|
|t:|1779857650
|teamsize|p1|6
|teamsize|p2|6
|start
|switch|p1a: Moltres|Moltres|100/100
|switch|p2a: Hatterene|Hatterene, F|100/100
|-item|p2a: Hatterene|Air Balloon
|turn|1
|
|t:|1779857659
|move|p1a: Moltres|Flamethrower|p2a: Hatterene
|-damage|p2a: Hatterene|64/100
|-enditem|p2a: Hatterene|Air Balloon
|move|p2a: Hatterene|Nuzzle|p1a: Moltres
|-supereffective|p1a: Moltres
|-damage|p1a: Moltres|95/100
|-status|p1a: Moltres|par
|
|upkeep
|turn|2
|
|t:|1779857666
|switch|p1a: Darkrai|Darkrai|100/100
|move|p2a: Hatterene|Psychic Noise|p1a: Darkrai
|-immune|p1a: Darkrai
|
|upkeep
|turn|3
|
|t:|1779857670
|move|p1a: Darkrai|Sludge Bomb|p2a: Hatterene
|-supereffective|p2a: Hatterene
|-damage|p2a: Hatterene|0 fnt
|faint|p2a: Hatterene
|
|upkeep
|
|t:|1779857673
|switch|p2a: Slither Wing|Slither Wing|100/100
|turn|4
|
|t:|1779857677
|switch|p1a: Moltres|Moltres|95/100 par
|move|p2a: Slither Wing|First Impression|p1a: Moltres
|-resisted|p1a: Moltres
|-damage|p1a: Moltres|85/100 par
|-status|p2a: Slither Wing|brn|[from] ability: Flame Body|[of] p1a: Moltres
|
|-damage|p2a: Slither Wing|95/100 brn|[from] brn
|upkeep
|turn|5
|
|t:|1779857681
|move|p2a: Slither Wing|U-turn|p1a: Moltres
|-resisted|p1a: Moltres
|-damage|p1a: Moltres|81/100 par
|
|t:|1779857684
|-end|p2a: Slither Wing|Protosynthesis|[silent]
|switch|p2a: Torkoal|Torkoal, M|100/100|[from] U-turn
|-weather|SunnyDay|[from] ability: Drought|[of] p2a: Torkoal
|cant|p1a: Moltres|par
|
|-weather|SunnyDay|[upkeep]
|upkeep
|turn|6
|
|t:|1779857688
|move|p1a: Moltres|Flamethrower|p2a: Torkoal
|-resisted|p2a: Torkoal
|-damage|p2a: Torkoal|79/100
|move|p2a: Torkoal|Stealth Rock|p1a: Moltres
|-sidestart|p1: RandumbRaccoon|move: Stealth Rock
|
|-weather|SunnyDay|[upkeep]
|upkeep
|turn|7
|
|t:|1779857696
|switch|p1a: Darkrai|Darkrai|100/100
|-damage|p1a: Darkrai|88/100|[from] Stealth Rock
|switch|p2a: Walking Wake|Walking Wake|100/100
|-activate|p2a: Walking Wake|ability: Protosynthesis
|-start|p2a: Walking Wake|protosynthesisspe
|
|-weather|SunnyDay|[upkeep]
|upkeep
|turn|8
|
|t:|1779857701
|move|p1a: Darkrai|Sludge Bomb|p2a: Walking Wake
|-damage|p2a: Walking Wake|64/100
|move|p2a: Walking Wake|Draco Meteor|p1a: Darkrai
|-damage|p1a: Darkrai|0 fnt
|-unboost|p2a: Walking Wake|spa|2
|faint|p1a: Darkrai
|
|-weather|SunnyDay|[upkeep]
|upkeep
|
|t:|1779857709
|switch|p1a: Ogerpon|Ogerpon-Wellspring, F|100/100
|-damage|p1a: Ogerpon|88/100|[from] Stealth Rock
|turn|9
|
|t:|1779857713
|move|p2a: Walking Wake|Draco Meteor|p1a: Ogerpon|[miss]
|-miss|p2a: Walking Wake|p1a: Ogerpon
|move|p1a: Ogerpon|Spikes|p2a: Walking Wake
|-sidestart|p2: raptors in 6|Spikes
|
|-weather|SunnyDay|[upkeep]
|upkeep
|turn|10
|
|t:|1779857717
|move|p2a: Walking Wake|Draco Meteor|p1a: Ogerpon
|-damage|p1a: Ogerpon|33/100
|-unboost|p2a: Walking Wake|spa|2
|move|p1a: Ogerpon|Knock Off|p2a: Walking Wake
|-damage|p2a: Walking Wake|21/100
|-enditem|p2a: Walking Wake|Choice Specs|[from] move: Knock Off|[of] p1a: Ogerpon
|
|-weather|SunnyDay|[upkeep]
|upkeep
|turn|11
|
|t:|1779857728
|move|p2a: Walking Wake|Draco Meteor|p1a: Ogerpon
|-damage|p1a: Ogerpon|5/100
|-unboost|p2a: Walking Wake|spa|2
|move|p1a: Ogerpon|U-turn|p2a: Walking Wake
|-damage|p2a: Walking Wake|0 fnt
|faint|p2a: Walking Wake
|-end|p2a: Walking Wake|Protosynthesis|[silent]
|
|t:|1779857733
|switch|p1a: Great Tusk|Great Tusk|100/100|[from] U-turn
|-activate|p1a: Great Tusk|ability: Protosynthesis
|-start|p1a: Great Tusk|protosynthesisatk
|
|-weather|SunnyDay|[upkeep]
|upkeep
|
|t:|1779857741
|switch|p2a: wochieniunely|Wo-Chien|100/100
|-damage|p2a: wochieniunely|88/100|[from] Spikes
|-ability|p2a: wochieniunely|Tablets of Ruin
|turn|12
|
|t:|1779857743
|-terastallize|p1a: Great Tusk|Ice
|move|p1a: Great Tusk|Ice Spinner|p2a: wochieniunely
|-supereffective|p2a: wochieniunely
|-damage|p2a: wochieniunely|0 fnt
|faint|p2a: wochieniunely
|
|-weather|none
|-end|p1a: Great Tusk|Protosynthesis
|upkeep
|
|t:|1779857750
|switch|p2a: Torkoal|Torkoal, M|79/100
|-damage|p2a: Torkoal|66/100|[from] Spikes
|-weather|SunnyDay|[from] ability: Drought|[of] p2a: Torkoal
|-activate|p1a: Great Tusk|ability: Protosynthesis
|-start|p1a: Great Tusk|protosynthesisatk
|turn|13
|
|t:|1779857756
|move|p1a: Great Tusk|Rapid Spin|p2a: Torkoal
|-damage|p2a: Torkoal|51/100
|-boost|p1a: Great Tusk|spe|1
|-sideend|p1: RandumbRaccoon|Stealth Rock|[from] move: Rapid Spin|[of] p1a: Great Tusk
|move|p2a: Torkoal|Rapid Spin|p1a: Great Tusk
|-damage|p1a: Great Tusk|94/100
|-boost|p2a: Torkoal|spe|1
|-sideend|p2: raptors in 6|Spikes|[from] move: Rapid Spin|[of] p2a: Torkoal
|
|-weather|SunnyDay|[upkeep]
|upkeep
|turn|14
|
|t:|1779857759
|move|p1a: Great Tusk|Headlong Rush|p2a: Torkoal
|-supereffective|p2a: Torkoal
|-damage|p2a: Torkoal|0 fnt
|-unboost|p1a: Great Tusk|def|1
|-unboost|p1a: Great Tusk|spd|1
|faint|p2a: Torkoal
|
|-weather|SunnyDay|[upkeep]
|upkeep
|
|t:|1779857761
|switch|p2a: Cinderace|Cinderace, M|100/100
|-item|p2a: Cinderace|Air Balloon
|turn|15
|
|t:|1779857766
|move|p1a: Great Tusk|Headlong Rush|p2a: Cinderace
|-immune|p2a: Cinderace
|move|p2a: Cinderace|Pyro Ball|p1a: Great Tusk
|-supereffective|p1a: Great Tusk
|-damage|p1a: Great Tusk|0 fnt
|faint|p1a: Great Tusk
|-end|p1a: Great Tusk|Protosynthesis|[silent]
|
|-weather|SunnyDay|[upkeep]
|upkeep
|
|t:|1779857769
|switch|p1a: Moltres|Moltres|81/100 par
|turn|16
|-message|raptors in 6 forfeited.
|
|win|RandumbRaccoon
|raw|RandumbRaccoon's rating: 1280 &rarr; <strong>1308</strong><br />(+28 for winning)
|raw|raptors in 6's rating: 1318 &rarr; <strong>1296</strong><br />(-22 for losing)
|l|☆raptors in 6
|player|p2|
|l|☆RandumbRaccoon
|player|p1|
