|j|☆mastermar22
|j|☆Nickthenickthenick
|t:|1779900249
|gametype|singles
|player|p1|mastermar22|volkner|1416
|player|p2|Nickthenickthenick|169|1432
|gen|9
|tier|[Gen 9] OU
|rated|
|rule|HP Percentage Mod: HP is shown in percentages
|rule|Endless Battle Clause: Forcing endless battles is banned
|rule|Species Clause: Limit one of each Pokémon
|rule|OHKO Clause: OHKO moves are banned
|rule|Evasion Items Clause: Evasion items are banned
|rule|Evasion Moves Clause: Evasion moves are banned
|rule|Evasion Abilities Clause: Evasion abilities are banned
|rule|Sleep Moves Clause: Sleep-inducing moves are banned
|clearpoke
|poke|p1|Dragapult, M|
|poke|p1|Gliscor, M|
|poke|p1|Ogerpon-Wellspring, F|
|poke|p1|Iron Crown|
|poke|p1|Ting-Lu|
|poke|p1|Kingambit, F|
|poke|p2|Raikou|
|poke|p2|Entei|
|poke|p2|Suicune|
|poke|p2|Tyranitar, M|
|poke|p2|Porygon2|
|poke|p2|Hatterene, F|
|teampreview
|inactive|Battle timer is ON: inactive players will automatically lose when time's up. (requested by mastermar22)
|
|t:|1779900271
|teamsize|p1|6
|teamsize|p2|6
|start
|switch|p1a: Ogerpon|Ogerpon-Wellspring, F|100/100
|switch|p2a: Suicune|Suicune|100/100
|-ability|p2a: Suicune|Pressure
|turn|1
|
|t:|1779900276
|switch|p2a: Porygon2|Porygon2|100/100
|-ability|p2a: Porygon2|Water Absorb|Trace|[from] ability: Trace|[of] p1a: Ogerpon
|move|p1a: Ogerpon|Swords Dance|p1a: Ogerpon
|-boost|p1a: Ogerpon|atk|2
|
|upkeep
|turn|2
|
|t:|1779900286
|move|p1a: Ogerpon|Knock Off|p2a: Porygon2
|-damage|p2a: Porygon2|67/100
|-enditem|p2a: Porygon2|Eviolite|[from] move: Knock Off|[of] p1a: Ogerpon
|move|p2a: Porygon2|Foul Play|p1a: Ogerpon
|-damage|p1a: Ogerpon|16/100
|
|upkeep
|turn|3
|
|t:|1779900297
|switch|p1a: Ting-Lu|Ting-Lu|100/100
|-ability|p1a: Ting-Lu|Vessel of Ruin
|move|p2a: Porygon2|Foul Play|p1a: Ting-Lu
|-resisted|p1a: Ting-Lu
|-damage|p1a: Ting-Lu|93/100
|-damage|p2a: Porygon2|50/100|[from] item: Rocky Helmet|[of] p1a: Ting-Lu
|
|upkeep
|turn|4
|
|t:|1779900301
|switch|p2a: Hatterene|Hatterene, F|100/100
|move|p1a: Ting-Lu|Stealth Rock|p2a: Hatterene
|move|p2a: Hatterene|Stealth Rock|p1a: Ting-Lu|[from] ability: Magic Bounce
|-sidestart|p1: mastermar22|move: Stealth Rock
|
|upkeep
|turn|5
|
|t:|1779900306
|move|p1a: Ting-Lu|Heavy Slam|p2a: Hatterene
|-supereffective|p2a: Hatterene
|-damage|p2a: Hatterene|53/100
|-damage|p1a: Ting-Lu|77/100|[from] item: Rocky Helmet|[of] p2a: Hatterene
|move|p2a: Hatterene|Draining Kiss|p1a: Ting-Lu
|-supereffective|p1a: Ting-Lu
|-damage|p1a: Ting-Lu|51/100
|-heal|p2a: Hatterene|80/100|[from] drain|[of] p1a: Ting-Lu
|-damage|p2a: Hatterene|64/100|[from] item: Rocky Helmet|[of] p1a: Ting-Lu
|
|upkeep
|turn|6
|
|t:|1779900313
|move|p1a: Ting-Lu|Heavy Slam|p2a: Hatterene
|-supereffective|p2a: Hatterene
|-damage|p2a: Hatterene|16/100
|-damage|p1a: Ting-Lu|35/100|[from] item: Rocky Helmet|[of] p2a: Hatterene
|move|p2a: Hatterene|Draining Kiss|p1a: Ting-Lu
|-supereffective|p1a: Ting-Lu
|-damage|p1a: Ting-Lu|12/100
|-heal|p2a: Hatterene|40/100|[from] drain|[of] p1a: Ting-Lu
|-damage|p2a: Hatterene|24/100|[from] item: Rocky Helmet|[of] p1a: Ting-Lu
|
|upkeep
|turn|7
|
|t:|1779900319
|switch|p2a: Suicune|Suicune|100/100
|-ability|p2a: Suicune|Pressure
|move|p1a: Ting-Lu|Heavy Slam|p2a: Suicune
|-resisted|p2a: Suicune
|-damage|p2a: Suicune|93/100
|
|-heal|p2a: Suicune|99/100|[from] item: Leftovers
|upkeep
|turn|8
|
|t:|1779900330
|switch|p1a: Iron Crown|Iron Crown|100/100
|-damage|p1a: Iron Crown|94/100|[from] Stealth Rock
|-enditem|p1a: Iron Crown|Booster Energy
|-activate|p1a: Iron Crown|ability: Quark Drive|[fromitem]
|-start|p1a: Iron Crown|quarkdrivespe
|move|p2a: Suicune|Ice Beam|p1a: Iron Crown
|-resisted|p1a: Iron Crown
|-damage|p1a: Iron Crown|85/100
|
|-heal|p2a: Suicune|100/100|[from] item: Leftovers
|upkeep
|turn|9
|
|t:|1779900342
|switch|p2a: Tyranitar|Tyranitar, M|100/100
|-weather|Sandstorm|[from] ability: Sand Stream|[of] p2a: Tyranitar
|move|p1a: Iron Crown|Calm Mind|p1a: Iron Crown
|-boost|p1a: Iron Crown|spa|1
|-boost|p1a: Iron Crown|spd|1
|
|-weather|Sandstorm|[upkeep]
|upkeep
|turn|10
|
|t:|1779900349
|move|p1a: Iron Crown|Focus Blast|p2a: Tyranitar
|-supereffective|p2a: Tyranitar
|-damage|p2a: Tyranitar|16/100
|move|p2a: Tyranitar|Knock Off|p1a: Iron Crown
|-supereffective|p1a: Iron Crown
|-damage|p1a: Iron Crown|29/100
|
|-weather|Sandstorm|[upkeep]
|-heal|p2a: Tyranitar|23/100|[from] item: Leftovers
|upkeep
|turn|11
|
|t:|1779900356
|switch|p2a: Porygon2|Porygon2|50/100
|move|p1a: Iron Crown|Tachyon Cutter|p2a: Porygon2
|-damage|p2a: Porygon2|15/100
|-damage|p2a: Porygon2|0 fnt
|faint|p2a: Porygon2
|-hitcount|p2: Porygon2|2
|
|-weather|Sandstorm|[upkeep]
|upkeep
|
|t:|1779900373
|switch|p2a: Entei|Entei|100/100
|-ability|p2a: Entei|Pressure
|turn|12
|
|t:|1779900376
|move|p1a: Iron Crown|Psychic|p2a: Entei
|-damage|p2a: Entei|37/100
|move|p2a: Entei|Sacred Fire|p1a: Iron Crown
|-supereffective|p1a: Iron Crown
|-damage|p1a: Iron Crown|0 fnt
|faint|p1a: Iron Crown
|-end|p1a: Iron Crown|Quark Drive|[silent]
|
|-weather|Sandstorm|[upkeep]
|-damage|p2a: Entei|31/100|[from] Sandstorm
|upkeep
|
|t:|1779900383
|switch|p1a: Gliscor|Gliscor, M|100/100
|-damage|p1a: Gliscor|88/100|[from] Stealth Rock
|turn|13
|
|t:|1779900387
|switch|p2a: Hatterene|Hatterene, F|24/100
|move|p1a: Gliscor|Earthquake|p2a: Hatterene
|-damage|p2a: Hatterene|0 fnt
|faint|p2a: Hatterene
|
|-weather|none
|-status|p1a: Gliscor|tox|[from] item: Toxic Orb
|upkeep
|
|t:|1779900394
|switch|p2a: Suicune|Suicune|100/100
|-ability|p2a: Suicune|Pressure
|turn|14
|
|t:|1779900405
|switch|p1a: Ting-Lu|Ting-Lu|12/100
|-damage|p1a: Ting-Lu|6/100|[from] Stealth Rock
|-ability|p1a: Ting-Lu|Vessel of Ruin
|move|p2a: Suicune|Ice Beam|p1a: Ting-Lu
|-supereffective|p1a: Ting-Lu
|-damage|p1a: Ting-Lu|0 fnt
|faint|p1a: Ting-Lu
|
|upkeep
|
|t:|1779900406
|switch|p1a: Ogerpon|Ogerpon-Wellspring, F|16/100
|-damage|p1a: Ogerpon|4/100|[from] Stealth Rock
|turn|15
|
|t:|1779900418
|switch|p2a: Tyranitar|Tyranitar, M|23/100
|-weather|Sandstorm|[from] ability: Sand Stream|[of] p2a: Tyranitar
|move|p1a: Ogerpon|Horn Leech|p2a: Tyranitar
|-supereffective|p2a: Tyranitar
|-damage|p2a: Tyranitar|0 fnt
|-heal|p1a: Ogerpon|19/100|[from] drain|[of] p2a: Tyranitar
|faint|p2a: Tyranitar
|
|-weather|Sandstorm|[upkeep]
|-damage|p1a: Ogerpon|13/100|[from] Sandstorm
|upkeep
|
|t:|1779900425
|switch|p2a: Raikou|Raikou|100/100
|-ability|p2a: Raikou|Pressure
|turn|16
|
|t:|1779900429
|switch|p1a: Gliscor|Gliscor, M|88/100 tox
|-damage|p1a: Gliscor|75/100 tox|[from] Stealth Rock
|move|p2a: Raikou|Discharge|p1a: Gliscor
|-immune|p1a: Gliscor
|
|-weather|Sandstorm|[upkeep]
|-damage|p2a: Raikou|94/100|[from] Sandstorm
|-heal|p2a: Raikou|100/100|[from] item: Leftovers
|-heal|p1a: Gliscor|88/100 tox|[from] ability: Poison Heal
|upkeep
|turn|17
|
|t:|1779900439
|-terastallize|p2a: Raikou|Water
|move|p2a: Raikou|Scald|p1a: Gliscor
|-supereffective|p1a: Gliscor
|-damage|p1a: Gliscor|18/100 tox
|move|p1a: Gliscor|Toxic|p2a: Raikou
|-status|p2a: Raikou|tox
|
|-weather|Sandstorm|[upkeep]
|-damage|p2a: Raikou|94/100 tox|[from] Sandstorm
|-heal|p2a: Raikou|100/100 tox|[from] item: Leftovers
|-damage|p2a: Raikou|94/100 tox|[from] psn
|-heal|p1a: Gliscor|30/100 tox|[from] ability: Poison Heal
|upkeep
|turn|18
|
|t:|1779900448
|switch|p1a: Ogerpon|Ogerpon-Wellspring, F|13/100
|-damage|p1a: Ogerpon|1/100|[from] Stealth Rock
|move|p2a: Raikou|Calm Mind|p2a: Raikou
|-boost|p2a: Raikou|spa|1
|-boost|p2a: Raikou|spd|1
|
|-weather|Sandstorm|[upkeep]
|-damage|p2a: Raikou|88/100 tox|[from] Sandstorm
|-damage|p1a: Ogerpon|0 fnt|[from] Sandstorm
|faint|p1a: Ogerpon
|-heal|p2a: Raikou|94/100 tox|[from] item: Leftovers
|-damage|p2a: Raikou|82/100 tox|[from] psn
|upkeep
|
|t:|1779900454
|switch|p1a: Dragapult|Dragapult, M|100/100
|turn|19
|
|t:|1779900458
|move|p1a: Dragapult|Dragon Darts|p2a: Raikou
|-damage|p2a: Raikou|55/100 tox
|-anim|p1a: Dragapult|Dragon Darts|p2a: Raikou
|-damage|p2a: Raikou|28/100 tox
|move|p2a: Raikou|Scald|p1a: Dragapult
|-resisted|p1a: Dragapult
|-damage|p1a: Dragapult|56/100
|
|-weather|none
|-heal|p2a: Raikou|35/100 tox|[from] item: Leftovers
|-damage|p2a: Raikou|16/100 tox|[from] psn
|upkeep
|turn|20
|
|t:|1779900461
|move|p1a: Dragapult|Dragon Darts|p2a: Raikou
|-damage|p2a: Raikou|0 fnt
|faint|p2a: Raikou
|
|upkeep
|
|t:|1779900465
|switch|p2a: Suicune|Suicune|100/100
|-ability|p2a: Suicune|Pressure
|turn|21
|
|t:|1779900487
|move|p1a: Dragapult|Will-O-Wisp|p2a: Suicune
|-status|p2a: Suicune|brn
|move|p2a: Suicune|Ice Beam|p1a: Dragapult
|-supereffective|p1a: Dragapult
|-damage|p1a: Dragapult|0 fnt
|faint|p1a: Dragapult
|
|-damage|p2a: Suicune|94/100 brn|[from] brn
|upkeep
|
|t:|1779900500
|switch|p1a: Kingambit|Kingambit, F|100/100
|-damage|p1a: Kingambit|94/100|[from] Stealth Rock
|-activate|p1a: Kingambit|ability: Supreme Overlord
|-start|p1a: Kingambit|fallen4|[silent]
|-item|p1a: Kingambit|Air Balloon
|turn|22
|
|t:|1779900507
|move|p1a: Kingambit|Kowtow Cleave|p2a: Suicune
|-damage|p2a: Suicune|46/100 brn
|move|p2a: Suicune|Scald|p1a: Kingambit
|-damage|p1a: Kingambit|66/100
|-enditem|p1a: Kingambit|Air Balloon
|
|-heal|p2a: Suicune|52/100 brn|[from] item: Leftovers
|-damage|p2a: Suicune|46/100 brn|[from] brn
|upkeep
|turn|23
|
|t:|1779900516
|move|p1a: Kingambit|Kowtow Cleave|p2a: Suicune
|-damage|p2a: Suicune|0 fnt
|faint|p2a: Suicune
|
|upkeep
|
|t:|1779900518
|switch|p2a: Entei|Entei|31/100
|-ability|p2a: Entei|Pressure
|turn|24
|
|t:|1779900524
|move|p1a: Kingambit|Sucker Punch|p2a: Entei
|-damage|p2a: Entei|0 fnt
|faint|p2a: Entei
|
|win|mastermar22
|raw|mastermar22's rating: 1416 &rarr; <strong>1437</strong><br />(+21 for winning)
|raw|Nickthenickthenick's rating: 1432 &rarr; <strong>1411</strong><br />(-21 for losing)
|l|☆mastermar22
|player|p1|
|l|☆Nickthenickthenick
|player|p2|
