|j|☆yaretherenooonames
|j|☆Senpai_4884
|t:|1779840119
|gametype|singles
|player|p1|yaretherenooonames|102|1215
|player|p2|Senpai_4884|1|1292
|gen|9
|tier|[Gen 9] OU
|rated|
|rule|HP Percentage Mod: HP is shown in percentages
|rule|Endless Battle Clause: Forcing endless battles is banned
|rule|Species Clause: Limit one of each Pokémon
|rule|OHKO Clause: OHKO moves are banned
|rule|Evasion Items Clause: Evasion items are banned
|rule|Evasion Moves Clause: Evasion moves are banned
|rule|Evasion Abilities Clause: Evasion abilities are banned
|rule|Sleep Moves Clause: Sleep-inducing moves are banned
|clearpoke
|poke|p1|Gengar, M|
|poke|p1|Regidrago|
|poke|p1|Toxapex, M|
|poke|p1|Brute Bonnet|
|poke|p1|Ting-Lu|
|poke|p1|Cresselia, F|
|poke|p2|Walking Wake|
|poke|p2|Salamence, M|
|poke|p2|Cinderace, M|
|poke|p2|Ninetales, F|
|poke|p2|Conkeldurr, F|
|poke|p2|Comfey, M|
|teampreview
|
|t:|1779840139
|teamsize|p1|6
|teamsize|p2|6
|start
|switch|p1a: Gengar|Gengar, M|100/100
|switch|p2a: Ninetales|Ninetales, F|100/100
|-weather|SunnyDay|[from] ability: Drought|[of] p2a: Ninetales
|turn|1
|
|t:|1779840149
|move|p1a: Gengar|Mean Look|p2a: Ninetales
|-activate|p2a: Ninetales|trapped
|move|p2a: Ninetales|Heat Wave|p1a: Gengar
|-damage|p1a: Gengar|25/100
|-status|p1a: Gengar|brn
|
|-weather|SunnyDay|[upkeep]
|-damage|p1a: Gengar|19/100 brn|[from] brn
|upkeep
|turn|2
|inactive|Battle timer is ON: inactive players will automatically lose when time's up. (requested by yaretherenooonames)
|
|t:|1779840166
|move|p1a: Gengar|Destiny Bond|p1a: Gengar
|-singlemove|p1a: Gengar|Destiny Bond
|move|p2a: Ninetales|Heat Wave|p1a: Gengar
|-damage|p1a: Gengar|0 fnt
|faint|p1a: Gengar
|-activate|p1a: Gengar|move: Destiny Bond
|faint|p2a: Ninetales
|
|-weather|SunnyDay|[upkeep]
|upkeep
|
|t:|1779840181
|switch|p1a: Toxapex|Toxapex, M|100/100
|switch|p2a: Conkeldurr|Conkeldurr, F|100/100
|turn|3
|
|t:|1779840187
|move|p2a: Conkeldurr|Thunder Punch|p1a: Toxapex
|-supereffective|p1a: Toxapex
|-damage|p1a: Toxapex|43/100
|move|p1a: Toxapex|Toxic|p2a: Conkeldurr
|-status|p2a: Conkeldurr|tox
|
|-weather|SunnyDay|[upkeep]
|-heal|p1a: Toxapex|49/100|[from] item: Leftovers
|-damage|p2a: Conkeldurr|95/100 tox|[from] psn
|upkeep
|turn|4
|
|t:|1779840214
|switch|p2a: Walking Wake|Walking Wake|100/100
|-activate|p2a: Walking Wake|ability: Protosynthesis
|-start|p2a: Walking Wake|protosynthesisspa
|move|p1a: Toxapex|Baneful Bunker||[still]
|-fail|p1a: Toxapex
|
|-weather|SunnyDay|[upkeep]
|-heal|p1a: Toxapex|55/100|[from] item: Leftovers
|upkeep
|turn|5
|
|t:|1779840222
|move|p2a: Walking Wake|Dragon Pulse|p1a: Toxapex
|-damage|p1a: Toxapex|18/100
|move|p1a: Toxapex|Toxic|p2a: Walking Wake
|-status|p2a: Walking Wake|tox
|
|-weather|SunnyDay|[upkeep]
|-heal|p1a: Toxapex|24/100|[from] item: Leftovers
|-damage|p2a: Walking Wake|94/100 tox|[from] psn
|upkeep
|turn|6
|
|t:|1779840237
|switch|p1a: Cresselia|Cresselia, F|100/100
|move|p2a: Walking Wake|Dragon Pulse|p1a: Cresselia
|-damage|p1a: Cresselia|66/100
|
|-weather|SunnyDay|[upkeep]
|-heal|p1a: Cresselia|72/100|[from] item: Leftovers
|-damage|p2a: Walking Wake|82/100 tox|[from] psn
|upkeep
|turn|7
|
|t:|1779840242
|move|p2a: Walking Wake|Hydro Steam|p1a: Cresselia
|-damage|p1a: Cresselia|19/100
|move|p1a: Cresselia|Calm Mind|p1a: Cresselia
|-boost|p1a: Cresselia|spa|1
|-boost|p1a: Cresselia|spd|1
|
|-weather|SunnyDay|[upkeep]
|-heal|p1a: Cresselia|25/100|[from] item: Leftovers
|-damage|p2a: Walking Wake|63/100 tox|[from] psn
|upkeep
|turn|8
|
|t:|1779840250
|move|p2a: Walking Wake|Hydro Steam|p1a: Cresselia
|-damage|p1a: Cresselia|0 fnt
|faint|p1a: Cresselia
|
|-weather|none
|-end|p2a: Walking Wake|Protosynthesis
|-damage|p2a: Walking Wake|39/100 tox|[from] psn
|upkeep
|
|t:|1779840255
|switch|p1a: Toxapex|Toxapex, M|57/100
|turn|9
|
|t:|1779840259
|move|p2a: Walking Wake|Dragon Pulse|p1a: Toxapex
|-damage|p1a: Toxapex|31/100
|move|p1a: Toxapex|Recover|p1a: Toxapex
|-heal|p1a: Toxapex|81/100
|
|-heal|p1a: Toxapex|87/100|[from] item: Leftovers
|-damage|p2a: Walking Wake|8/100 tox|[from] psn
|upkeep
|turn|10
|
|t:|1779840265
|move|p1a: Toxapex|Baneful Bunker|p1a: Toxapex
|-singleturn|p1a: Toxapex|move: Protect
|move|p2a: Walking Wake|Dragon Pulse|p1a: Toxapex
|-activate|p1a: Toxapex|move: Protect
|
|-heal|p1a: Toxapex|93/100|[from] item: Leftovers
|-damage|p2a: Walking Wake|0 fnt|[from] psn
|faint|p2a: Walking Wake
|-end|p2a: Walking Wake|Protosynthesis|[silent]
|upkeep
|
|t:|1779840295
|switch|p2a: Conkeldurr|Conkeldurr, F|95/100 tox
|turn|11
|
|t:|1779840300
|move|p1a: Toxapex|Baneful Bunker||[still]
|-fail|p1a: Toxapex
|move|p2a: Conkeldurr|Knock Off|p1a: Toxapex
|-damage|p1a: Toxapex|63/100
|-enditem|p1a: Toxapex|Leftovers|[from] move: Knock Off|[of] p2a: Conkeldurr
|
|-damage|p2a: Conkeldurr|89/100 tox|[from] psn
|upkeep
|turn|12
|
|t:|1779840309
|move|p2a: Conkeldurr|Thunder Punch|p1a: Toxapex
|-supereffective|p1a: Toxapex
|-damage|p1a: Toxapex|2/100
|move|p1a: Toxapex|Pain Split|p2a: Conkeldurr
|-sethp|p2a: Conkeldurr|45/100 tox|[from] move: Pain Split|[silent]
|-sethp|p1a: Toxapex|52/100|[from] move: Pain Split
|
|-damage|p2a: Conkeldurr|33/100 tox|[from] psn
|upkeep
|turn|13
|
|t:|1779840320
|switch|p1a: Ting-Lu|Ting-Lu|100/100
|-ability|p1a: Ting-Lu|Vessel of Ruin
|move|p2a: Conkeldurr|Thunder Punch|p1a: Ting-Lu
|-immune|p1a: Ting-Lu
|
|-damage|p2a: Conkeldurr|15/100 tox|[from] psn
|upkeep
|turn|14
|
|t:|1779840328
|switch|p1a: Toxapex|Toxapex, M|86/100
|move|p2a: Conkeldurr|Drain Punch|p1a: Toxapex
|-resisted|p1a: Toxapex
|-damage|p1a: Toxapex|66/100
|-heal|p2a: Conkeldurr|24/100 tox|[from] drain|[of] p1a: Toxapex
|
|-damage|p2a: Conkeldurr|0 fnt|[from] psn
|faint|p2a: Conkeldurr
|upkeep
|
|t:|1779840333
|switch|p2a: Salamence|Salamence, M|100/100
|turn|15
|
|t:|1779840342
|move|p2a: Salamence|Earthquake|p1a: Toxapex
|-supereffective|p1a: Toxapex
|-damage|p1a: Toxapex|0 fnt
|faint|p1a: Toxapex
|-ability|p2a: Salamence|Moxie|boost
|-boost|p2a: Salamence|atk|1
|
|upkeep
|
|t:|1779840347
|switch|p1a: Regidrago|Regidrago|100/100
|turn|16
|
|t:|1779840355
|move|p1a: Regidrago|Dragon Energy|p2a: Salamence
|-supereffective|p2a: Salamence
|-damage|p2a: Salamence|0 fnt
|faint|p2a: Salamence
|
|upkeep
|
|t:|1779840360
|switch|p2a: Comfey|Comfey, M|100/100
|turn|17
|
|t:|1779840364
|switch|p1a: Ting-Lu|Ting-Lu|100/100
|-ability|p1a: Ting-Lu|Vessel of Ruin
|move|p2a: Comfey|Calm Mind|p2a: Comfey
|-boost|p2a: Comfey|spa|1
|-boost|p2a: Comfey|spd|1
|
|upkeep
|turn|18
|
|t:|1779840371
|move|p2a: Comfey|Leech Seed|p1a: Ting-Lu
|-start|p1a: Ting-Lu|move: Leech Seed
|move|p1a: Ting-Lu|Ruination|p2a: Comfey
|-damage|p2a: Comfey|51/100
|
|-heal|p2a: Comfey|57/100|[from] item: Leftovers
|-damage|p1a: Ting-Lu|88/100|[from] Leech Seed|[of] p2a: Comfey
|-heal|p2a: Comfey|83/100|[silent]
|upkeep
|turn|19
|
|t:|1779840387
|switch|p1a: Brute Bonnet|Brute Bonnet|100/100
|move|p2a: Comfey|Calm Mind|p2a: Comfey
|-boost|p2a: Comfey|spa|1
|-boost|p2a: Comfey|spd|1
|
|-heal|p2a: Comfey|89/100|[from] item: Leftovers
|upkeep
|turn|20
|
|t:|1779840403
|-terastallize|p1a: Brute Bonnet|Ghost
|move|p2a: Comfey|Draining Kiss|p1a: Brute Bonnet
|-damage|p1a: Brute Bonnet|68/100
|-heal|p2a: Comfey|100/100|[from] drain|[of] p1a: Brute Bonnet
|move|p1a: Brute Bonnet|Clear Smog|p2a: Comfey
|-supereffective|p2a: Comfey
|-damage|p2a: Comfey|88/100
|-clearboost|p2a: Comfey
|
|-heal|p2a: Comfey|94/100|[from] item: Leftovers
|upkeep
|turn|21
|
|t:|1779840413
|move|p2a: Comfey|Leech Seed|p1a: Brute Bonnet
|-start|p1a: Brute Bonnet|move: Leech Seed
|move|p1a: Brute Bonnet|Seed Bomb|p2a: Comfey
|-damage|p2a: Comfey|36/100
|
|-heal|p2a: Comfey|42/100|[from] item: Leftovers
|-damage|p1a: Brute Bonnet|55/100|[from] Leech Seed|[of] p2a: Comfey
|-heal|p2a: Comfey|64/100|[silent]
|upkeep
|turn|22
|
|t:|1779840420
|-end|p1a: Brute Bonnet|Protosynthesis|[silent]
|switch|p1a: Regidrago|Regidrago|100/100
|move|p2a: Comfey|Calm Mind|p2a: Comfey
|-boost|p2a: Comfey|spa|1
|-boost|p2a: Comfey|spd|1
|
|-heal|p2a: Comfey|70/100|[from] item: Leftovers
|upkeep
|turn|23
|
|t:|1779840427
|move|p2a: Comfey|Draining Kiss|p1a: Regidrago
|-supereffective|p1a: Regidrago
|-damage|p1a: Regidrago|27/100
|-heal|p2a: Comfey|100/100|[from] drain|[of] p1a: Regidrago
|move|p1a: Regidrago|Hyper Beam|p2a: Comfey
|-damage|p2a: Comfey|61/100
|-mustrecharge|p1a: Regidrago
|
|-heal|p2a: Comfey|67/100|[from] item: Leftovers
|upkeep
|turn|24
|
|t:|1779840434
|cant|p1a: Regidrago|recharge
|move|p2a: Comfey|Calm Mind|p2a: Comfey
|-boost|p2a: Comfey|spa|1
|-boost|p2a: Comfey|spd|1
|
|-heal|p2a: Comfey|73/100|[from] item: Leftovers
|upkeep
|turn|25
|
|t:|1779840442
|move|p2a: Comfey|Draining Kiss|p1a: Regidrago
|-supereffective|p1a: Regidrago
|-damage|p1a: Regidrago|0 fnt
|-heal|p2a: Comfey|100/100|[from] drain|[of] p1a: Regidrago
|faint|p1a: Regidrago
|
|upkeep
|
|t:|1779840445
|switch|p1a: Brute Bonnet|Brute Bonnet, tera:Ghost|55/100
|turn|26
|-message|yaretherenooonames forfeited.
|
|win|Senpai_4884
|raw|yaretherenooonames's rating: 1215 &rarr; <strong>1195</strong><br />(-20 for losing)
|raw|Senpai_4884's rating: 1292 &rarr; <strong>1312</strong><br />(+20 for winning)
|l|☆yaretherenooonames
|player|p1|
|l|☆Senpai_4884
|player|p2|
