|j|☆le soleil dance
|j|☆Rubicouss
|t:|1779862377
|gametype|singles
|player|p1|le soleil dance|iris-gen5bw2|1401
|player|p2|Rubicouss|gambler|1308
|gen|9
|tier|[Gen 9] OU
|rated|
|rule|HP Percentage Mod: HP is shown in percentages
|rule|Endless Battle Clause: Forcing endless battles is banned
|rule|Species Clause: Limit one of each Pokémon
|rule|OHKO Clause: OHKO moves are banned
|rule|Evasion Items Clause: Evasion items are banned
|rule|Evasion Moves Clause: Evasion moves are banned
|rule|Evasion Abilities Clause: Evasion abilities are banned
|rule|Sleep Moves Clause: Sleep-inducing moves are banned
|clearpoke
|poke|p1|Cinderace, F|
|poke|p1|Zapdos|
|poke|p1|Gholdengo|
|poke|p1|Dragonite, M|
|poke|p1|Dondozo, F|
|poke|p1|Enamorus, F|
|poke|p2|Kingdra, M|
|poke|p2|Kingambit, F|
|poke|p2|Slowking-Galar, L99, F|
|poke|p2|Ninetales-Alola, M|
|poke|p2|Talonflame, M|
|poke|p2|Amoonguss, M|
|teampreview
|inactive|Battle timer is ON: inactive players will automatically lose when time's up. (requested by Rubicouss)
|
|t:|1779862426
|teamsize|p1|6
|teamsize|p2|6
|start
|switch|p1a: Cinderace|Cinderace, F|100/100
|switch|p2a: Ninetales|Ninetales-Alola, M|100/100
|-weather|Snowscape|[from] ability: Snow Warning|[of] p2a: Ninetales
|turn|1
|
|t:|1779862439
|switch|p2a: Slowking|Slowking-Galar, L99, F|100/100
|move|p1a: Cinderace|Pyro Ball|p2a: Slowking|[miss]
|-miss|p1a: Cinderace|p2a: Slowking
|
|-weather|Snowscape|[upkeep]
|upkeep
|turn|2
|
|t:|1779862449
|move|p1a: Cinderace|Pyro Ball|p2a: Slowking
|-damage|p2a: Slowking|34/100
|move|p2a: Slowking|Future Sight|p1a: Cinderace
|-start|p2a: Slowking|move: Future Sight
|
|-weather|Snowscape|[upkeep]
|-heal|p2a: Slowking|40/100|[from] item: Black Sludge
|upkeep
|turn|3
|
|t:|1779862456
|switch|p2a: Talonflame|Talonflame, M|100/100
|move|p1a: Cinderace|U-turn|p2a: Talonflame
|-start|p1a: Cinderace|typechange|Bug|[from] ability: Libero
|-resisted|p2a: Talonflame
|-damage|p2a: Talonflame|90/100
|
|t:|1779862462
|switch|p1a: Zapdos|Zapdos|100/100|[from] U-turn
|
|-weather|Snowscape|[upkeep]
|upkeep
|turn|4
|
|t:|1779862470
|switch|p2a: Slowking|Slowking-Galar, L99, F|74/100
|move|p1a: Zapdos|Volt Switch|p2a: Slowking
|-damage|p2a: Slowking|57/100
|
|t:|1779862475
|switch|p1a: Gholdengo|Gholdengo|100/100|[from] Volt Switch
|
|-weather|Snowscape|[upkeep]
|-end|p1a: Gholdengo|move: Future Sight
|-resisted|p1a: Gholdengo
|-damage|p1a: Gholdengo|75/100
|-heal|p2a: Slowking|63/100|[from] item: Black Sludge
|upkeep
|turn|5
|
|t:|1779862494
|switch|p2a: Talonflame|Talonflame, M|90/100
|move|p1a: Gholdengo|Shadow Ball|p2a: Talonflame
|-damage|p2a: Talonflame|39/100
|
|-weather|none
|upkeep
|turn|6
|
|t:|1779862503
|move|p1a: Gholdengo|Shadow Ball|p2a: Talonflame
|-damage|p2a: Talonflame|0 fnt
|faint|p2a: Talonflame
|
|upkeep
|
|t:|1779862509
|switch|p2a: Ninetales|Ninetales-Alola, M|100/100
|-weather|Snowscape|[from] ability: Snow Warning|[of] p2a: Ninetales
|turn|7
|
|t:|1779862515
|switch|p1a: Cinderace|Cinderace, F|100/100
|move|p2a: Ninetales|Aurora Veil|p2a: Ninetales
|-sidestart|p2: Rubicouss|move: Aurora Veil
|
|-weather|Snowscape|[upkeep]
|upkeep
|turn|8
|
|t:|1779862520
|move|p1a: Cinderace|Court Change|p1a: Cinderace
|-start|p1a: Cinderace|typechange|Normal|[from] ability: Libero
|-swapsideconditions
|-activate|p1a: Cinderace|move: Court Change
|move|p2a: Ninetales|Aurora Veil|p2a: Ninetales
|-sidestart|p2: Rubicouss|move: Aurora Veil
|
|-weather|Snowscape|[upkeep]
|upkeep
|turn|9
|
|t:|1779862527
|switch|p2a: Kingdra|Kingdra, M|100/100
|move|p1a: Cinderace|U-turn|p2a: Kingdra
|-damage|p2a: Kingdra|89/100
|
|t:|1779862537
|switch|p1a: Enamorus|Enamorus, F|100/100|[from] U-turn
|
|-weather|Snowscape|[upkeep]
|upkeep
|turn|10
|
|t:|1779862546
|-terastallize|p2a: Kingdra|Water
|move|p1a: Enamorus|Calm Mind|p1a: Enamorus
|-boost|p1a: Enamorus|spa|1
|-boost|p1a: Enamorus|spd|1
|move|p2a: Kingdra|Agility|p2a: Kingdra
|-boost|p2a: Kingdra|spe|2
|
|-weather|Snowscape|[upkeep]
|upkeep
|turn|11
|
|t:|1779862555
|move|p2a: Kingdra|Focus Energy|p2a: Kingdra
|-start|p2a: Kingdra|move: Focus Energy
|move|p1a: Enamorus|Calm Mind|p1a: Enamorus
|-boost|p1a: Enamorus|spa|1
|-boost|p1a: Enamorus|spd|1
|
|-weather|none
|upkeep
|turn|12
|
|t:|1779862567
|move|p2a: Kingdra|Hydro Pump|p1a: Enamorus
|-crit|p1a: Enamorus
|-damage|p1a: Enamorus|0 fnt
|faint|p1a: Enamorus
|
|upkeep
|
|t:|1779862580
|switch|p1a: Zapdos|Zapdos|100/100
|turn|13
|
|t:|1779862592
|-terastallize|p1a: Zapdos|Water
|move|p2a: Kingdra|Draco Meteor|p1a: Zapdos
|-crit|p1a: Zapdos
|-damage|p1a: Zapdos|0 fnt
|-unboost|p2a: Kingdra|spa|2
|faint|p1a: Zapdos
|
|upkeep
|-message|le soleil dance forfeited.
|
|win|Rubicouss
|raw|le soleil dance's rating: 1401 &rarr; <strong>1376</strong><br />(-25 for losing)
|raw|Rubicouss's rating: 1308 &rarr; <strong>1333</strong><br />(+25 for winning)
|l|☆le soleil dance
|player|p1|
|l|☆Rubicouss
|player|p2|
