|j|☆fifodrummer
|j|‽darkandre202
|t:|1779870579
|gametype|singles
|player|p1|fifodrummer|pokemaniac|1431
|player|p2|darkandre202|benga|1353
|gen|9
|tier|[Gen 9] OU
|rated|
|rule|HP Percentage Mod: HP is shown in percentages
|rule|Endless Battle Clause: Forcing endless battles is banned
|rule|Species Clause: Limit one of each Pokémon
|rule|OHKO Clause: OHKO moves are banned
|rule|Evasion Items Clause: Evasion items are banned
|rule|Evasion Moves Clause: Evasion moves are banned
|rule|Evasion Abilities Clause: Evasion abilities are banned
|rule|Sleep Moves Clause: Sleep-inducing moves are banned
|clearpoke
|poke|p1|Pelipper, M|
|poke|p1|Raging Bolt|
|poke|p1|Overqwil, M|
|poke|p1|Ogerpon-Wellspring, F|
|poke|p1|Scizor, M|
|poke|p1|Kingdra, F|
|poke|p2|Torkoal, M|
|poke|p2|Hatterene, F|
|poke|p2|Great Tusk|
|poke|p2|Walking Wake|
|poke|p2|Arcanine-Hisui, F|
|poke|p2|Raging Bolt|
|teampreview
|inactive|Battle timer is ON: inactive players will automatically lose when time's up. (requested by fifodrummer)
|
|t:|1779870598
|teamsize|p1|6
|teamsize|p2|6
|start
|switch|p1a: High AF|Raging Bolt|100/100
|switch|p2a: Torkoal|Torkoal, M|100/100
|-weather|SunnyDay|[from] ability: Drought|[of] p2a: Torkoal
|-activate|p1a: High AF|ability: Protosynthesis
|-start|p1a: High AF|protosynthesisspa
|turn|1
|
|t:|1779870608
|switch|p2a: Hatterene|Hatterene, F|100/100
|move|p1a: High AF|Weather Ball|p2a: Hatterene
|-damage|p2a: Hatterene|25/100
|-enditem|p2a: Hatterene|Eject Button
|
|t:|1779870622
|switch|p2a: Walking Wake|Walking Wake|100/100
|-activate|p2a: Walking Wake|ability: Protosynthesis
|-start|p2a: Walking Wake|protosynthesisspa
|
|-weather|SunnyDay|[upkeep]
|upkeep
|turn|2
|
|t:|1779870629
|-end|p1a: High AF|Protosynthesis|[silent]
|switch|p1a: Nigel|Pelipper, M|100/100
|-weather|RainDance|[from] ability: Drizzle|[of] p1a: Nigel
|-end|p2a: Walking Wake|Protosynthesis
|move|p2a: Walking Wake|Draco Meteor|p1a: Nigel
|-damage|p1a: Nigel|0 fnt
|-unboost|p2a: Walking Wake|spa|2
|faint|p1a: Nigel
|
|-weather|RainDance|[upkeep]
|upkeep
|
|t:|1779870641
|switch|p1a: The Mask|Ogerpon-Wellspring, F|100/100
|turn|3
|inactive|darkandre202 has 120 seconds left.
|inactive|darkandre202 has 90 seconds left.
|
|t:|1779870727
|move|p1a: The Mask|Swords Dance|p1a: The Mask
|-boost|p1a: The Mask|atk|2
|move|p2a: Walking Wake|Draco Meteor|p1a: The Mask
|-damage|p1a: The Mask|47/100
|-unboost|p2a: Walking Wake|spa|2
|
|-weather|RainDance|[upkeep]
|upkeep
|turn|4
|
|t:|1779870736
|-end|p2a: Walking Wake|Protosynthesis|[silent]
|switch|p2a: Torkoal|Torkoal, M|100/100
|-weather|SunnyDay|[from] ability: Drought|[of] p2a: Torkoal
|move|p1a: The Mask|Ivy Cudgel|p2a: Torkoal|[anim] Ivy Cudgel Water
|-supereffective|p2a: Torkoal
|-crit|p2a: Torkoal
|-damage|p2a: Torkoal|0 fnt
|faint|p2a: Torkoal
|
|-weather|SunnyDay|[upkeep]
|upkeep
|inactive|darkandre202 has 60 seconds left.
|
|t:|1779870756
|switch|p2a: Walking Wake|Walking Wake|100/100
|-activate|p2a: Walking Wake|ability: Protosynthesis
|-start|p2a: Walking Wake|protosynthesisspa
|turn|5
|
|t:|1779870762
|move|p1a: The Mask|Quick Attack|p2a: Walking Wake
|-damage|p2a: Walking Wake|65/100
|move|p2a: Walking Wake|Dragon Pulse|p1a: The Mask
|-damage|p1a: The Mask|0 fnt
|faint|p1a: The Mask
|
|-weather|SunnyDay|[upkeep]
|upkeep
|
|t:|1779870778
|switch|p1a: Iron Claw|Scizor, M, shiny|100/100
|turn|6
|
|t:|1779870783
|move|p2a: Walking Wake|Dragon Pulse|p1a: Iron Claw
|-resisted|p1a: Iron Claw
|-damage|p1a: Iron Claw|45/100
|move|p1a: Iron Claw|Dual Wingbeat|p2a: Walking Wake
|-damage|p2a: Walking Wake|39/100
|-damage|p2a: Walking Wake|16/100
|-hitcount|p2a: Walking Wake|2
|
|-weather|SunnyDay|[upkeep]
|upkeep
|turn|7
|
|t:|1779870793
|move|p1a: Iron Claw|Bullet Punch|p2a: Walking Wake
|-resisted|p2a: Walking Wake
|-damage|p2a: Walking Wake|0 fnt
|faint|p2a: Walking Wake
|-end|p2a: Walking Wake|Protosynthesis|[silent]
|
|-weather|SunnyDay|[upkeep]
|upkeep
|
|t:|1779870799
|switch|p2a: Arcanine|Arcanine-Hisui, F|100/100
|turn|8
|
|t:|1779870805
|move|p1a: Iron Claw|Bullet Punch|p2a: Arcanine
|-damage|p2a: Arcanine|58/100
|move|p2a: Arcanine|Flare Blitz|p1a: Iron Claw
|-supereffective|p1a: Iron Claw
|-damage|p1a: Iron Claw|0 fnt
|faint|p1a: Iron Claw
|
|-weather|SunnyDay|[upkeep]
|upkeep
|
|t:|1779870821
|switch|p1a: I'm a Dragon!?|Kingdra, F|100/100
|turn|9
|
|t:|1779870831
|switch|p2a: Hatterene|Hatterene, F|25/100
|move|p1a: I'm a Dragon!?|Flip Turn|p2a: Hatterene
|-damage|p2a: Hatterene|17/100
|
|t:|1779870837
|switch|p1a: Spike|Overqwil, M, shiny|100/100|[from] Flip Turn
|
|-weather|SunnyDay|[upkeep]
|upkeep
|turn|10
|
|t:|1779870842
|move|p1a: Spike|Fell Stinger|p2a: Hatterene
|-damage|p2a: Hatterene|0 fnt
|faint|p2a: Hatterene
|-boost|p1a: Spike|atk|3
|-damage|p1a: Spike|91/100|[from] item: Life Orb
|
|-weather|SunnyDay|[upkeep]
|upkeep
|
|t:|1779870851
|switch|p2a: Arcanine|Arcanine-Hisui, F|58/100
|turn|11
|
|t:|1779870858
|-terastallize|p1a: Spike|Water
|move|p2a: Arcanine|Flare Blitz|p1a: Spike
|-resisted|p1a: Spike
|-damage|p1a: Spike|23/100
|move|p1a: Spike|Liquidation|p2a: Arcanine
|-supereffective|p2a: Arcanine
|-damage|p2a: Arcanine|0 fnt
|faint|p2a: Arcanine
|-damage|p1a: Spike|13/100|[from] item: Life Orb
|
|-weather|none
|upkeep
|
|t:|1779870869
|switch|p2a: Great Tusk|Great Tusk|100/100
|-enditem|p2a: Great Tusk|Booster Energy
|-activate|p2a: Great Tusk|ability: Protosynthesis|[fromitem]
|-start|p2a: Great Tusk|protosynthesisspe
|turn|12
|
|t:|1779870877
|move|p2a: Great Tusk|Rapid Spin|p1a: Spike
|-damage|p1a: Spike|0 fnt
|-boost|p2a: Great Tusk|spe|1
|faint|p1a: Spike
|
|upkeep
|
|t:|1779870882
|switch|p1a: I'm a Dragon!?|Kingdra, F|100/100
|turn|13
|
|t:|1779870888
|-terastallize|p2a: Great Tusk|Poison
|move|p2a: Great Tusk|Bulk Up|p2a: Great Tusk
|-boost|p2a: Great Tusk|atk|1
|-boost|p2a: Great Tusk|def|1
|move|p1a: I'm a Dragon!?|Surf|p2a: Great Tusk
|-damage|p2a: Great Tusk|27/100
|
|upkeep
|turn|14
|
|t:|1779870896
|move|p2a: Great Tusk|Headlong Rush|p1a: I'm a Dragon!?
|-damage|p1a: I'm a Dragon!?|0 fnt
|-unboost|p2a: Great Tusk|def|1
|-unboost|p2a: Great Tusk|spd|1
|faint|p1a: I'm a Dragon!?
|
|upkeep
|
|t:|1779870903
|switch|p1a: High AF|Raging Bolt|100/100
|turn|15
|
|t:|1779870906
|move|p2a: Great Tusk|Headlong Rush|p1a: High AF
|-supereffective|p1a: High AF
|-damage|p1a: High AF|0 fnt
|-unboost|p2a: Great Tusk|def|1
|-unboost|p2a: Great Tusk|spd|1
|faint|p1a: High AF
|-end|p1a: High AF|Protosynthesis|[silent]
|
|win|darkandre202
|raw|fifodrummer's rating: 1431 &rarr; <strong>1407</strong><br />(-24 for losing)
|raw|darkandre202's rating: 1353 &rarr; <strong>1377</strong><br />(+24 for winning)
|c|☆fifodrummer|Ggs
|l|‽darkandre202
|player|p2|
