|j|☆diegi120
|j|☆Gadriel_Khan
|t:|1779958158
|gametype|singles
|player|p1|diegi120|265|1192
|player|p2|Gadriel_Khan|1|1247
|gen|9
|tier|[Gen 9] OU
|rated|
|rule|HP Percentage Mod: HP is shown in percentages
|rule|Endless Battle Clause: Forcing endless battles is banned
|rule|Species Clause: Limit one of each Pokémon
|rule|OHKO Clause: OHKO moves are banned
|rule|Evasion Items Clause: Evasion items are banned
|rule|Evasion Moves Clause: Evasion moves are banned
|rule|Evasion Abilities Clause: Evasion abilities are banned
|rule|Sleep Moves Clause: Sleep-inducing moves are banned
|clearpoke
|poke|p1|Gyarados, M|
|poke|p1|Glimmora, F|
|poke|p1|Alomomola, M|
|poke|p1|Lokix, F|
|poke|p1|Maushold-Four|
|poke|p1|Gurdurr, M|
|poke|p2|Excadrill, F|
|poke|p2|Tyranitar, M|
|poke|p2|Ogerpon-Wellspring, F|
|poke|p2|Dragapult, M|
|poke|p2|Corviknight, F|
|poke|p2|Jirachi|
|teampreview
|inactive|Battle timer is ON: inactive players will automatically lose when time's up. (requested by diegi120)
|
|t:|1779958164
|teamsize|p1|6
|teamsize|p2|6
|start
|switch|p1a: Gurdurr|Gurdurr, M|100/100
|switch|p2a: Jirachi|Jirachi|100/100
|turn|1
|
|t:|1779958172
|move|p2a: Jirachi|Psychic|p1a: Gurdurr
|-supereffective|p1a: Gurdurr
|-damage|p1a: Gurdurr|34/100
|move|p1a: Gurdurr|Knock Off|p2a: Jirachi
|-supereffective|p2a: Jirachi
|-damage|p2a: Jirachi|47/100
|-enditem|p2a: Jirachi|Eject Button|[from] move: Knock Off|[of] p1a: Gurdurr
|
|upkeep
|turn|2
|
|t:|1779958176
|move|p1a: Gurdurr|Mach Punch|p2a: Jirachi
|-damage|p2a: Jirachi|29/100
|move|p2a: Jirachi|Psychic|p1a: Gurdurr
|-supereffective|p1a: Gurdurr
|-damage|p1a: Gurdurr|0 fnt
|faint|p1a: Gurdurr
|
|upkeep
|
|t:|1779958181
|switch|p1a: Lokix|Lokix, F|100/100
|turn|3
|
|t:|1779958186
|switch|p2a: Corviknight|Corviknight, F|100/100
|move|p1a: Lokix|Knock Off|p2a: Corviknight
|-damage|p2a: Corviknight|59/100
|-damage|p1a: Lokix|84/100|[from] item: Rocky Helmet|[of] p2a: Corviknight
|-enditem|p2a: Corviknight|Rocky Helmet|[from] move: Knock Off|[of] p1a: Lokix
|
|upkeep
|turn|4
|
|t:|1779958191
|switch|p1a: Maushold|Maushold-Four|100/100
|move|p2a: Corviknight|Roost|p2a: Corviknight
|-heal|p2a: Corviknight|100/100
|-singleturn|p2a: Corviknight|move: Roost
|
|upkeep
|turn|5
|
|t:|1779958202
|move|p1a: Maushold|Encore|p2a: Corviknight
|-start|p2a: Corviknight|Encore
|move|p2a: Corviknight|Roost||[still]
|-fail|p2a: Corviknight|heal
|
|upkeep
|turn|6
|
|t:|1779958207
|switch|p2a: Tyranitar|Tyranitar, M|100/100
|-weather|Sandstorm|[from] ability: Sand Stream|[of] p2a: Tyranitar
|move|p1a: Maushold|Tidy Up|p1a: Maushold
|-boost|p1a: Maushold|atk|1
|-boost|p1a: Maushold|spe|1
|
|-weather|Sandstorm|[upkeep]
|-damage|p1a: Maushold|94/100|[from] Sandstorm
|upkeep
|turn|7
|
|t:|1779958212
|switch|p2a: Corviknight|Corviknight, F|100/100
|move|p1a: Maushold|Tidy Up|p1a: Maushold
|-boost|p1a: Maushold|atk|1
|-boost|p1a: Maushold|spe|1
|
|-weather|Sandstorm|[upkeep]
|-damage|p1a: Maushold|88/100|[from] Sandstorm
|upkeep
|turn|8
|
|t:|1779958216
|move|p1a: Maushold|Bite|p2a: Corviknight
|-damage|p2a: Corviknight|76/100
|move|p2a: Corviknight|Brave Bird|p1a: Maushold
|-damage|p1a: Maushold|26/100
|-damage|p2a: Corviknight|62/100|[from] Recoil
|
|-weather|Sandstorm|[upkeep]
|-damage|p1a: Maushold|20/100|[from] Sandstorm
|upkeep
|turn|9
|
|t:|1779958224
|switch|p1a: Alomomola|Alomomola, M|100/100
|move|p2a: Corviknight|U-turn|p1a: Alomomola
|-damage|p1a: Alomomola|93/100
|
|t:|1779958230
|switch|p2a: Ogerpon|Ogerpon-Wellspring, F|100/100|[from] U-turn
|
|-weather|Sandstorm|[upkeep]
|-damage|p2a: Ogerpon|95/100|[from] Sandstorm
|-damage|p1a: Alomomola|87/100|[from] Sandstorm
|upkeep
|turn|10
|
|t:|1779958236
|move|p2a: Ogerpon|Ivy Cudgel|p1a: Alomomola|[anim] Ivy Cudgel Water
|-resisted|p1a: Alomomola
|-damage|p1a: Alomomola|72/100
|move|p1a: Alomomola|Wish|p1a: Alomomola
|
|-weather|Sandstorm|[upkeep]
|-damage|p2a: Ogerpon|89/100|[from] Sandstorm
|-damage|p1a: Alomomola|66/100|[from] Sandstorm
|upkeep
|turn|11
|
|t:|1779958241
|move|p2a: Ogerpon|Ivy Cudgel|p1a: Alomomola|[anim] Ivy Cudgel Water
|-resisted|p1a: Alomomola
|-damage|p1a: Alomomola|51/100
|move|p1a: Alomomola|Flip Turn|p2a: Ogerpon
|-heal|p2a: Ogerpon|100/100|[from] ability: Water Absorb|[of] p1a: Alomomola
|
|-weather|Sandstorm|[upkeep]
|-damage|p2a: Ogerpon|95/100|[from] Sandstorm
|-damage|p1a: Alomomola|45/100|[from] Sandstorm
|-heal|p1a: Alomomola|95/100|[from] move: Wish|[wisher] Alomomola
|upkeep
|turn|12
|
|t:|1779958250
|move|p2a: Ogerpon|Encore|p1a: Alomomola
|-start|p1a: Alomomola|Encore
|move|p1a: Alomomola|Flip Turn|p2a: Ogerpon
|-heal|p2a: Ogerpon|100/100|[from] ability: Water Absorb|[of] p1a: Alomomola
|
|-weather|Sandstorm|[upkeep]
|-damage|p2a: Ogerpon|95/100|[from] Sandstorm
|-damage|p1a: Alomomola|89/100|[from] Sandstorm
|upkeep
|turn|13
|
|t:|1779958255
|switch|p1a: Gyarados|Gyarados, M|100/100
|move|p2a: Ogerpon|Horn Leech|p1a: Gyarados
|-damage|p1a: Gyarados|48/100
|-heal|p2a: Ogerpon|100/100|[from] drain|[of] p1a: Gyarados
|
|-weather|none
|upkeep
|turn|14
|
|t:|1779958270
|switch|p1a: Lokix|Lokix, F|84/100
|move|p2a: Ogerpon|Ivy Cudgel|p1a: Lokix|[anim] Ivy Cudgel Water
|-damage|p1a: Lokix|2/100
|
|upkeep
|turn|15
|
|t:|1779958278
|switch|p2a: Tyranitar|Tyranitar, M|100/100
|-weather|Sandstorm|[from] ability: Sand Stream|[of] p2a: Tyranitar
|move|p1a: Lokix|First Impression|p2a: Tyranitar
|-supereffective|p2a: Tyranitar
|-crit|p2a: Tyranitar
|-damage|p2a: Tyranitar|0 fnt
|faint|p2a: Tyranitar
|
|-weather|Sandstorm|[upkeep]
|-damage|p1a: Lokix|0 fnt|[from] Sandstorm
|faint|p1a: Lokix
|upkeep
|
|t:|1779958285
|switch|p1a: Alomomola|Alomomola, M|100/100
|switch|p2a: Jirachi|Jirachi|29/100
|turn|16
|
|t:|1779958289
|move|p2a: Jirachi|Gravity|p2a: Jirachi
|-fieldstart|move: Gravity
|move|p1a: Alomomola|Wish|p1a: Alomomola
|
|-weather|Sandstorm|[upkeep]
|-damage|p1a: Alomomola|94/100|[from] Sandstorm
|upkeep
|turn|17
|
|t:|1779958295
|move|p2a: Jirachi|U-turn|p1a: Alomomola
|-damage|p1a: Alomomola|87/100
|
|t:|1779958299
|switch|p2a: Excadrill|Excadrill, F|100/100|[from] U-turn
|move|p1a: Alomomola|Flip Turn|p2a: Excadrill
|-supereffective|p2a: Excadrill
|-damage|p2a: Excadrill|62/100
|
|t:|1779958302
|switch|p1a: Gyarados|Gyarados, M|48/100|[from] Flip Turn
|
|-weather|Sandstorm|[upkeep]
|-damage|p1a: Gyarados|42/100|[from] Sandstorm
|-heal|p1a: Gyarados|100/100|[from] move: Wish|[wisher] Alomomola
|upkeep
|turn|18
|
|t:|1779958306
|-terastallize|p2a: Excadrill|Ground
|move|p2a: Excadrill|Earthquake|p1a: Gyarados
|-damage|p1a: Gyarados|0 fnt
|faint|p1a: Gyarados
|
|-weather|Sandstorm|[upkeep]
|upkeep
|
|t:|1779958310
|switch|p1a: Maushold|Maushold-Four|20/100
|turn|19
|
|t:|1779958312
|move|p2a: Excadrill|Earthquake|p1a: Maushold
|-damage|p1a: Maushold|0 fnt
|faint|p1a: Maushold
|
|-weather|Sandstorm|[upkeep]
|upkeep
|
|t:|1779958314
|switch|p1a: Alomomola|Alomomola, M|100/100
|turn|20
|
|t:|1779958319
|move|p2a: Excadrill|Earthquake|p1a: Alomomola
|-damage|p1a: Alomomola|48/100
|move|p1a: Alomomola|Scald|p2a: Excadrill
|-supereffective|p2a: Excadrill
|-damage|p2a: Excadrill|27/100
|
|-weather|Sandstorm|[upkeep]
|-damage|p1a: Alomomola|42/100|[from] Sandstorm
|-fieldend|move: Gravity
|upkeep
|turn|21
|
|t:|1779958322
|move|p1a: Alomomola|Protect|p1a: Alomomola
|-singleturn|p1a: Alomomola|Protect
|move|p2a: Excadrill|Earthquake|p1a: Alomomola
|-activate|p1a: Alomomola|move: Protect
|
|-weather|Sandstorm|[upkeep]
|-damage|p1a: Alomomola|35/100|[from] Sandstorm
|upkeep
|turn|22
|
|t:|1779958324
|move|p2a: Excadrill|Earthquake|p1a: Alomomola
|-damage|p1a: Alomomola|0 fnt
|faint|p1a: Alomomola
|
|-weather|none
|upkeep
|
|t:|1779958326
|switch|p1a: Glimmora|Glimmora, F|100/100
|turn|23
|
|t:|1779958329
|move|p2a: Excadrill|Earthquake|p1a: Glimmora
|-supereffective|p1a: Glimmora
|-enditem|p1a: Glimmora|Focus Sash
|-damage|p1a: Glimmora|1/100
|-activate|p1a: Glimmora|ability: Toxic Debris
|-sidestart|p2: Gadriel_Khan|move: Toxic Spikes
|move|p1a: Glimmora|Earth Power|p2a: Excadrill
|-damage|p2a: Excadrill|0 fnt
|faint|p2a: Excadrill
|
|upkeep
|
|t:|1779958333
|switch|p2a: Dragapult|Dragapult, M|100/100
|-status|p2a: Dragapult|psn
|turn|24
|
|t:|1779958337
|move|p2a: Dragapult|Hex|p1a: Glimmora
|-damage|p1a: Glimmora|0 fnt
|faint|p1a: Glimmora
|
|win|Gadriel_Khan
|raw|diegi120's rating: 1192 &rarr; <strong>1171</strong><br />(-21 for losing)
|raw|Gadriel_Khan's rating: 1247 &rarr; <strong>1268</strong><br />(+21 for winning)
|l|☆diegi120
|player|p1|
|l|☆Gadriel_Khan
|player|p2|
