|j|☆clovercif
|j|☆lzinnrlk
|t:|1779814851
|gametype|singles
|player|p1|clovercif|lass-gen4dp|1146
|player|p2|lzinnrlk|brycenman|1148
|gen|9
|tier|[Gen 9] OU
|rated|
|rule|HP Percentage Mod: HP is shown in percentages
|rule|Endless Battle Clause: Forcing endless battles is banned
|rule|Species Clause: Limit one of each Pokémon
|rule|OHKO Clause: OHKO moves are banned
|rule|Evasion Items Clause: Evasion items are banned
|rule|Evasion Moves Clause: Evasion moves are banned
|rule|Evasion Abilities Clause: Evasion abilities are banned
|rule|Sleep Moves Clause: Sleep-inducing moves are banned
|clearpoke
|poke|p1|Moltres|
|poke|p1|Garchomp, F|
|poke|p1|Weavile, F|
|poke|p1|Dragapult, F|
|poke|p1|Primarina, F|
|poke|p1|Ogerpon, F|
|poke|p2|Great Tusk|
|poke|p2|Hatterene, F|
|poke|p2|Dragonite, M|
|poke|p2|Kyurem|
|poke|p2|Kingambit, F|
|poke|p2|Darkrai|
|teampreview
|inactive|Battle timer is ON: inactive players will automatically lose when time's up. (requested by lzinnrlk)
|
|t:|1779814858
|teamsize|p1|6
|teamsize|p2|6
|start
|switch|p1a: 抓撓的蜥蜴|Garchomp, F|100/100
|switch|p2a: Great Tusk|Great Tusk|100/100
|turn|1
|
|t:|1779814868
|-end|p2a: Great Tusk|Protosynthesis|[silent]
|switch|p2a: Hatterene|Hatterene, F|100/100
|-item|p2a: Hatterene|Air Balloon
|move|p1a: 抓撓的蜥蜴|Stealth Rock|p2a: Hatterene
|move|p2a: Hatterene|Stealth Rock|p1a: 抓撓的蜥蜴|[from] ability: Magic Bounce
|-sidestart|p1: clovercif|move: Stealth Rock
|
|upkeep
|turn|2
|
|t:|1779814883
|switch|p1a: 著火的鳥|Moltres|100/100
|switch|p2a: Dragonite|Dragonite, M|100/100
|
|upkeep
|turn|3
|
|t:|1779814889
|move|p2a: Dragonite|Dragon Dance|p2a: Dragonite
|-boost|p2a: Dragonite|atk|1
|-boost|p2a: Dragonite|spe|1
|move|p1a: 著火的鳥|Roar|p2a: Dragonite
|drag|p2a: Great Tusk|Great Tusk|100/100
|
|upkeep
|turn|4
|
|t:|1779814901
|move|p2a: Great Tusk|Ice Spinner|p1a: 著火的鳥
|-damage|p1a: 著火的鳥|80/100
|move|p1a: 著火的鳥|Air Slash|p2a: Great Tusk
|-supereffective|p2a: Great Tusk
|-damage|p2a: Great Tusk|9/100
|
|upkeep
|turn|5
|
|t:|1779814912
|move|p2a: Great Tusk|Ice Spinner|p1a: 著火的鳥
|-damage|p1a: 著火的鳥|59/100
|-status|p2a: Great Tusk|brn|[from] ability: Flame Body|[of] p1a: 著火的鳥
|move|p1a: 著火的鳥|Air Slash|p2a: Great Tusk
|-supereffective|p2a: Great Tusk
|-damage|p2a: Great Tusk|0 fnt
|faint|p2a: Great Tusk
|-end|p2a: Great Tusk|Protosynthesis|[silent]
|
|upkeep
|
|t:|1779814919
|switch|p2a: Darkrai|Darkrai|100/100
|turn|6
|
|t:|1779814930
|move|p2a: Darkrai|Sludge Bomb|p1a: 著火的鳥
|-damage|p1a: 著火的鳥|27/100
|move|p1a: 著火的鳥|Roar|p2a: Darkrai
|drag|p2a: Hatterene|Hatterene, F|100/100
|-item|p2a: Hatterene|Air Balloon
|
|upkeep
|turn|7
|
|t:|1779814941
|move|p1a: 著火的鳥|Roost|p1a: 著火的鳥
|-heal|p1a: 著火的鳥|77/100
|-singleturn|p1a: 著火的鳥|move: Roost
|move|p2a: Hatterene|Nuzzle|p1a: 著火的鳥
|-damage|p1a: 著火的鳥|74/100
|-status|p1a: 著火的鳥|par
|-status|p2a: Hatterene|brn|[from] ability: Flame Body|[of] p1a: 著火的鳥
|
|-damage|p2a: Hatterene|95/100 brn|[from] brn
|upkeep
|turn|8
|
|t:|1779814966
|move|p1a: 著火的鳥|Air Slash|p2a: Hatterene
|-damage|p2a: Hatterene|64/100 brn
|-enditem|p2a: Hatterene|Air Balloon
|move|p2a: Hatterene|Psychic Noise|p1a: 著火的鳥
|-damage|p1a: 著火的鳥|40/100 par
|-start|p1a: 著火的鳥|move: Heal Block
|
|-damage|p2a: Hatterene|58/100 brn|[from] brn
|upkeep
|turn|9
|
|t:|1779814977
|move|p1a: 著火的鳥|Flamethrower|p2a: Hatterene
|-crit|p2a: Hatterene
|-damage|p2a: Hatterene|0 fnt
|faint|p2a: Hatterene
|
|-end|p1a: 著火的鳥|move: Heal Block
|upkeep
|
|t:|1779814981
|switch|p2a: Kyurem|Kyurem|100/100
|-ability|p2a: Kyurem|Pressure
|turn|10
|
|t:|1779814994
|switch|p1a: 印章 :3|Primarina, F|100/100
|-damage|p1a: 印章 :3|88/100|[from] Stealth Rock
|move|p2a: Kyurem|Ice Beam|p1a: 印章 :3
|-resisted|p1a: 印章 :3
|-damage|p1a: 印章 :3|74/100
|
|upkeep
|turn|11
|
|t:|1779815007
|move|p2a: Kyurem|Freeze-Dry|p1a: 印章 :3
|-supereffective|p1a: 印章 :3
|-damage|p1a: 印章 :3|25/100
|move|p1a: 印章 :3|Draining Kiss|p2a: Kyurem
|-supereffective|p2a: Kyurem
|-damage|p2a: Kyurem|65/100
|-heal|p1a: 印章 :3|58/100|[from] drain|[of] p2a: Kyurem
|
|upkeep
|turn|12
|
|t:|1779815021
|move|p2a: Kyurem|Freeze-Dry|p1a: 印章 :3
|-supereffective|p1a: 印章 :3
|-damage|p1a: 印章 :3|12/100
|move|p1a: 印章 :3|Moonblast|p2a: Kyurem
|-supereffective|p2a: Kyurem
|-damage|p2a: Kyurem|0 fnt
|faint|p2a: Kyurem
|
|upkeep
|
|t:|1779815025
|switch|p2a: Kingambit|Kingambit, F|100/100
|-activate|p2a: Kingambit|ability: Supreme Overlord
|-start|p2a: Kingambit|fallen3|[silent]
|turn|13
|inactive|clovercif has 120 seconds left.
|
|t:|1779815052
|move|p1a: 印章 :3|Flip Turn|p2a: Kingambit
|-damage|p2a: Kingambit|84/100
|inactive|clovercif has 120 seconds left.
|
|t:|1779815057
|switch|p1a: 抓撓的蜥蜴|Garchomp, F|100/100|[from] Flip Turn
|-damage|p1a: 抓撓的蜥蜴|94/100|[from] Stealth Rock
|move|p2a: Kingambit|Swords Dance|p2a: Kingambit
|-boost|p2a: Kingambit|atk|2
|
|-heal|p2a: Kingambit|90/100|[from] item: Leftovers
|upkeep
|turn|14
|inactive|clovercif has 120 seconds left.
|
|t:|1779815068
|-terastallize|p2a: Kingambit|Ghost
|move|p1a: 抓撓的蜥蜴|Earthquake|p2a: Kingambit
|-damage|p2a: Kingambit|59/100
|move|p2a: Kingambit|Kowtow Cleave|p1a: 抓撓的蜥蜴
|-damage|p1a: 抓撓的蜥蜴|13/100
|-damage|p2a: Kingambit|47/100|[from] ability: Rough Skin|[of] p1a: 抓撓的蜥蜴
|-damage|p2a: Kingambit|30/100|[from] item: Rocky Helmet|[of] p1a: 抓撓的蜥蜴
|
|-heal|p2a: Kingambit|36/100|[from] item: Leftovers
|upkeep
|turn|15
|inactive|clovercif has 120 seconds left.
|
|t:|1779815080
|move|p2a: Kingambit|Sucker Punch|p1a: 抓撓的蜥蜴
|-damage|p1a: 抓撓的蜥蜴|0 fnt
|-damage|p2a: Kingambit|24/100|[from] ability: Rough Skin|[of] p1a: 抓撓的蜥蜴
|-damage|p2a: Kingambit|7/100|[from] item: Rocky Helmet|[of] p1a: 抓撓的蜥蜴
|faint|p1a: 抓撓的蜥蜴
|
|-heal|p2a: Kingambit|13/100|[from] item: Leftovers
|upkeep
|inactive|clovercif has 120 seconds left.
|
|t:|1779815088
|switch|p1a: 著火的鳥|Moltres|40/100 par
|turn|16
|
|t:|1779815093
|move|p2a: Kingambit|Kowtow Cleave|p1a: 著火的鳥
|-damage|p1a: 著火的鳥|0 fnt
|faint|p1a: 著火的鳥
|
|-heal|p2a: Kingambit|20/100|[from] item: Leftovers
|upkeep
|
|t:|1779815103
|switch|p1a: 酷葉女人|Ogerpon, F|100/100
|turn|17
|
|t:|1779815107
|move|p2a: Kingambit|Sucker Punch||[still]
|-fail|p2a: Kingambit
|move|p1a: 酷葉女人|Taunt|p2a: Kingambit
|-start|p2a: Kingambit|move: Taunt
|
|-heal|p2a: Kingambit|26/100|[from] item: Leftovers
|upkeep
|turn|18
|
|t:|1779815116
|move|p2a: Kingambit|Sucker Punch|p1a: 酷葉女人
|-damage|p1a: 酷葉女人|0 fnt
|faint|p1a: 酷葉女人
|
|-heal|p2a: Kingambit|32/100|[from] item: Leftovers
|upkeep
|
|t:|1779815126
|switch|p1a: 有趣的快速囓齒動物|Weavile, F|100/100
|turn|19
|
|t:|1779815133
|move|p2a: Kingambit|Sucker Punch||[still]
|-fail|p2a: Kingambit
|move|p1a: 有趣的快速囓齒動物|Swords Dance|p1a: 有趣的快速囓齒動物
|-boost|p1a: 有趣的快速囓齒動物|atk|2
|
|-heal|p2a: Kingambit|38/100|[from] item: Leftovers
|upkeep
|turn|20
|c|☆clovercif|lowk just hoping you die of boredom at this point
|
|t:|1779815149
|move|p1a: 有趣的快速囓齒動物|Swords Dance|p1a: 有趣的快速囓齒動物
|-boost|p1a: 有趣的快速囓齒動物|atk|2
|move|p2a: Kingambit|Iron Head|p1a: 有趣的快速囓齒動物
|-supereffective|p1a: 有趣的快速囓齒動物
|-damage|p1a: 有趣的快速囓齒動物|0 fnt
|faint|p1a: 有趣的快速囓齒動物
|
|-heal|p2a: Kingambit|44/100|[from] item: Leftovers
|-end|p2a: Kingambit|move: Taunt
|upkeep
|
|t:|1779815162
|switch|p1a: 印章 :3|Primarina, F|12/100
|-damage|p1a: 印章 :3|0 fnt|[from] Stealth Rock
|faint|p1a: 印章 :3
|
|t:|1779815166
|switch|p1a: 三角形|Dragapult, F|100/100
|turn|21
|
|t:|1779815173
|-terastallize|p1a: 三角形|Fairy
|move|p2a: Kingambit|Sucker Punch|p1a: 三角形
|-resisted|p1a: 三角形
|-crit|p1a: 三角形
|-damage|p1a: 三角形|0 fnt
|faint|p1a: 三角形
|
|win|lzinnrlk
|raw|clovercif's rating: 1146 &rarr; <strong>1121</strong><br />(-25 for losing)
|raw|lzinnrlk's rating: 1148 &rarr; <strong>1173</strong><br />(+25 for winning)
|c|☆clovercif|crit is crazy
