|j|☆zappyzaap
|j|☆davespekkie
|t:|1779956056
|gametype|singles
|player|p1|zappyzaap|nate|1168
|player|p2|davespekkie|265|1188
|gen|9
|tier|[Gen 9] OU
|rated|
|rule|HP Percentage Mod: HP is shown in percentages
|rule|Endless Battle Clause: Forcing endless battles is banned
|rule|Species Clause: Limit one of each Pokémon
|rule|OHKO Clause: OHKO moves are banned
|rule|Evasion Items Clause: Evasion items are banned
|rule|Evasion Moves Clause: Evasion moves are banned
|rule|Evasion Abilities Clause: Evasion abilities are banned
|rule|Sleep Moves Clause: Sleep-inducing moves are banned
|clearpoke
|poke|p1|Grimmsnarl, M|
|poke|p1|Great Tusk|
|poke|p1|Slowking-Galar, M|
|poke|p1|Kingambit, M|
|poke|p1|Ogerpon-Wellspring, F|
|poke|p1|Gliscor, M|
|poke|p2|Rotom-Wash|
|poke|p2|Iron Valiant|
|poke|p2|Landorus-Therian, M|
|poke|p2|Copperajah, F|
|poke|p2|Polteageist|
|poke|p2|Mandibuzz, F|
|teampreview
|
|t:|1779956077
|teamsize|p1|6
|teamsize|p2|6
|start
|switch|p1a: Grimmsnarl|Grimmsnarl, M, shiny|100/100
|switch|p2a: Polteageist|Polteageist|100/100
|turn|1
|inactive|Battle timer is ON: inactive players will automatically lose when time's up. (requested by davespekkie)
|
|t:|1779956084
|move|p1a: Grimmsnarl|Trick|p2a: Polteageist
|-activate|p1a: Grimmsnarl|move: Trick|[of] p2a: Polteageist
|-item|p2a: Polteageist|Toxic Orb|[from] move: Trick
|-item|p1a: Grimmsnarl|White Herb|[from] move: Trick
|move|p2a: Polteageist|Shell Smash|p2a: Polteageist
|-unboost|p2a: Polteageist|def|1
|-unboost|p2a: Polteageist|spd|1
|-boost|p2a: Polteageist|atk|2
|-boost|p2a: Polteageist|spa|2
|-boost|p2a: Polteageist|spe|2
|
|-status|p2a: Polteageist|tox|[from] item: Toxic Orb
|upkeep
|turn|2
|
|t:|1779956105
|move|p1a: Grimmsnarl|Parting Shot|p2a: Polteageist
|-unboost|p2a: Polteageist|atk|1
|-unboost|p2a: Polteageist|spa|1
|
|t:|1779956111
|switch|p1a: Kingambit|Kingambit, M, shiny|100/100|[from] Parting Shot
|move|p2a: Polteageist|Giga Drain|p1a: Kingambit
|-resisted|p1a: Kingambit
|-damage|p1a: Kingambit|79/100
|
|-damage|p2a: Polteageist|94/100 tox|[from] psn
|upkeep
|turn|3
|
|t:|1779956121
|switch|p2a: Landorus|Landorus-Therian, M|100/100
|-ability|p2a: Landorus|Intimidate|boost
|-unboost|p1a: Kingambit|atk|1
|move|p1a: Kingambit|Swords Dance|p1a: Kingambit
|-boost|p1a: Kingambit|atk|2
|
|upkeep
|turn|4
|
|t:|1779956136
|-end|p1a: Kingambit|fallenundefined|[silent]
|switch|p1a: Ogerpon|Ogerpon-Wellspring, F|100/100
|move|p2a: Landorus|Earthquake|p1a: Ogerpon
|-resisted|p1a: Ogerpon
|-damage|p1a: Ogerpon|67/100
|
|upkeep
|turn|5
|
|t:|1779956149
|switch|p2a: Mandibuzz|Mandibuzz, F|100/100
|move|p1a: Ogerpon|Ivy Cudgel|p2a: Mandibuzz|[anim] Ivy Cudgel Water
|-damage|p2a: Mandibuzz|68/100
|
|upkeep
|turn|6
|
|t:|1779956160
|switch|p1a: Great Tusk|Great Tusk|100/100
|move|p2a: Mandibuzz|Foul Play|p1a: Great Tusk
|-resisted|p1a: Great Tusk
|-damage|p1a: Great Tusk|91/100
|
|-heal|p1a: Great Tusk|97/100|[from] item: Leftovers
|upkeep
|turn|7
|
|t:|1779956173
|move|p1a: Great Tusk|Ice Spinner|p2a: Mandibuzz
|-supereffective|p2a: Mandibuzz
|-damage|p2a: Mandibuzz|41/100
|move|p2a: Mandibuzz|Roost|p2a: Mandibuzz
|-heal|p2a: Mandibuzz|92/100
|-singleturn|p2a: Mandibuzz|move: Roost
|
|-heal|p1a: Great Tusk|100/100|[from] item: Leftovers
|upkeep
|turn|8
|
|t:|1779956192
|move|p1a: Great Tusk|Stealth Rock|p2a: Mandibuzz
|-sidestart|p2: davespekkie|move: Stealth Rock
|move|p2a: Mandibuzz|U-turn|p1a: Great Tusk
|-resisted|p1a: Great Tusk
|-damage|p1a: Great Tusk|98/100
|
|t:|1779956201
|switch|p2a: Landorus|Landorus-Therian, M|100/100|[from] U-turn
|-damage|p2a: Landorus|88/100|[from] Stealth Rock
|-ability|p2a: Landorus|Intimidate|boost
|-unboost|p1a: Great Tusk|atk|1
|
|-heal|p1a: Great Tusk|100/100|[from] item: Leftovers
|upkeep
|turn|9
|
|t:|1779956212
|-end|p1a: Great Tusk|Protosynthesis|[silent]
|switch|p1a: Ogerpon|Ogerpon-Wellspring, F|67/100
|move|p2a: Landorus|Stealth Rock|p1a: Ogerpon
|-sidestart|p1: zappyzaap|move: Stealth Rock
|
|upkeep
|turn|10
|
|t:|1779956223
|switch|p2a: Mandibuzz|Mandibuzz, F|92/100
|move|p1a: Ogerpon|Swords Dance|p1a: Ogerpon
|-boost|p1a: Ogerpon|atk|2
|
|upkeep
|turn|11
|
|t:|1779956231
|move|p1a: Ogerpon|Ivy Cudgel|p2a: Mandibuzz|[anim] Ivy Cudgel Water
|-damage|p2a: Mandibuzz|26/100
|move|p2a: Mandibuzz|Foul Play|p1a: Ogerpon
|-damage|p1a: Ogerpon|0 fnt
|faint|p1a: Ogerpon
|
|upkeep
|
|t:|1779956239
|switch|p1a: Great Tusk|Great Tusk|100/100
|-damage|p1a: Great Tusk|98/100|[from] Stealth Rock
|turn|12
|
|t:|1779956247
|switch|p2a: Rotom|Rotom-Wash|100/100
|-damage|p2a: Rotom|88/100|[from] Stealth Rock
|move|p1a: Great Tusk|Rapid Spin|p2a: Rotom
|-damage|p2a: Rotom|76/100
|-boost|p1a: Great Tusk|spe|1
|-sideend|p1: zappyzaap|Stealth Rock|[from] move: Rapid Spin|[of] p1a: Great Tusk
|
|-heal|p1a: Great Tusk|100/100|[from] item: Leftovers
|-heal|p2a: Rotom|82/100|[from] item: Leftovers
|upkeep
|turn|13
|
|t:|1779956268
|-end|p1a: Great Tusk|Protosynthesis|[silent]
|switch|p1a: Grimmsnarl|Grimmsnarl, M, shiny|100/100
|move|p2a: Rotom|Will-O-Wisp|p1a: Grimmsnarl
|-status|p1a: Grimmsnarl|brn
|
|-heal|p2a: Rotom|88/100|[from] item: Leftovers
|-damage|p1a: Grimmsnarl|94/100 brn|[from] brn
|upkeep
|turn|14
|
|t:|1779956283
|switch|p2a: Mandibuzz|Mandibuzz, F|26/100
|move|p1a: Grimmsnarl|Parting Shot|p2a: Mandibuzz
|-hint|Since gen 7, Dark is immune to Prankster moves.
|-immune|p2a: Mandibuzz
|
|-damage|p1a: Grimmsnarl|88/100 brn|[from] brn
|upkeep
|turn|15
|c|☆zappyzaap|!dt white herb
|c|☆zappyzaap|/raw <ul class="utilichart"><li class="result"><span class="col itemiconcol"><psicon item="whiteherb"></span> <span class="col namecol"><a href="https://dex.pokemonshowdown.com/items/whiteherb">White Herb</a></span> <span class="col itemdesccol">Restores all lowered stat stages to 0 when one is less than 0. Single use.</span> </li><li style="clear:both"></li></ul>
|c|☆zappyzaap|/raw <font size="1"><font color="#686868">Gen:</font> 3&nbsp;|&ThickSpace;<font color="#686868">Fling Base Power:</font> 10&nbsp;|&ThickSpace;<font color="#686868">Fling Effect:</font> Restores the target's negative stat stages to 0.</font>

|
|t:|1779956302
|move|p2a: Mandibuzz|Defog|p1a: Grimmsnarl
|-unboost|p1a: Grimmsnarl|evasion|1
|-sideend|p2: davespekkie|Stealth Rock|[from] move: Defog|[of] p2a: Mandibuzz
|-enditem|p1a: Grimmsnarl|White Herb
|-clearnegativeboost|p1a: Grimmsnarl|[silent]
|move|p1a: Grimmsnarl|Spirit Break|p2a: Mandibuzz
|-supereffective|p2a: Mandibuzz
|-damage|p2a: Mandibuzz|5/100
|-unboost|p2a: Mandibuzz|spa|1
|
|-damage|p1a: Grimmsnarl|82/100 brn|[from] brn
|upkeep
|turn|16
|
|t:|1779956313
|move|p2a: Mandibuzz|Roost|p2a: Mandibuzz
|-heal|p2a: Mandibuzz|55/100
|-singleturn|p2a: Mandibuzz|move: Roost
|move|p1a: Grimmsnarl|Spirit Break|p2a: Mandibuzz
|-supereffective|p2a: Mandibuzz
|-damage|p2a: Mandibuzz|34/100
|-unboost|p2a: Mandibuzz|spa|1
|
|-damage|p1a: Grimmsnarl|76/100 brn|[from] brn
|upkeep
|turn|17
|
|t:|1779956323
|move|p2a: Mandibuzz|Roost|p2a: Mandibuzz
|-heal|p2a: Mandibuzz|84/100
|-singleturn|p2a: Mandibuzz|move: Roost
|move|p1a: Grimmsnarl|Spirit Break|p2a: Mandibuzz
|-supereffective|p2a: Mandibuzz
|-damage|p2a: Mandibuzz|63/100
|-unboost|p2a: Mandibuzz|spa|1
|
|-damage|p1a: Grimmsnarl|70/100 brn|[from] brn
|upkeep
|turn|18
|
|t:|1779956338
|switch|p1a: Gliscor|Gliscor, M, shiny|100/100
|move|p2a: Mandibuzz|Roost|p2a: Mandibuzz
|-heal|p2a: Mandibuzz|100/100
|-singleturn|p2a: Mandibuzz|move: Roost
|
|-status|p1a: Gliscor|tox|[from] item: Toxic Orb
|upkeep
|turn|19
|
|t:|1779956347
|move|p1a: Gliscor|Toxic|p2a: Mandibuzz
|-status|p2a: Mandibuzz|tox
|move|p2a: Mandibuzz|Foul Play|p1a: Gliscor
|-crit|p1a: Gliscor
|-damage|p1a: Gliscor|49/100 tox
|
|-heal|p1a: Gliscor|62/100 tox|[from] ability: Poison Heal
|-damage|p2a: Mandibuzz|94/100 tox|[from] psn
|upkeep
|turn|20
|
|t:|1779956355
|move|p1a: Gliscor|Protect|p1a: Gliscor
|-singleturn|p1a: Gliscor|Protect
|move|p2a: Mandibuzz|Foul Play|p1a: Gliscor
|-activate|p1a: Gliscor|move: Protect
|
|-heal|p1a: Gliscor|74/100 tox|[from] ability: Poison Heal
|-damage|p2a: Mandibuzz|82/100 tox|[from] psn
|upkeep
|turn|21
|
|t:|1779956366
|switch|p1a: Kingambit|Kingambit, M, shiny|79/100
|-activate|p1a: Kingambit|ability: Supreme Overlord
|-start|p1a: Kingambit|fallen1|[silent]
|move|p2a: Mandibuzz|U-turn|p1a: Kingambit
|-damage|p1a: Kingambit|69/100
|
|t:|1779956372
|switch|p2a: Landorus|Landorus-Therian, M|88/100|[from] U-turn
|-ability|p2a: Landorus|Intimidate|boost
|-unboost|p1a: Kingambit|atk|1
|
|upkeep
|turn|22
|
|t:|1779956385
|-end|p1a: Kingambit|fallen1|[silent]
|switch|p1a: Grimmsnarl|Grimmsnarl, M, shiny|70/100 brn
|move|p2a: Landorus|Earthquake|p1a: Grimmsnarl
|-damage|p1a: Grimmsnarl|26/100 brn
|
|-damage|p1a: Grimmsnarl|20/100 brn|[from] brn
|upkeep
|turn|23
|
|t:|1779956401
|move|p1a: Grimmsnarl|Parting Shot|p2a: Landorus
|-unboost|p2a: Landorus|atk|1
|-unboost|p2a: Landorus|spa|1
|
|t:|1779956408
|switch|p1a: Slowking|Slowking-Galar, M, shiny|100/100|[from] Parting Shot
|move|p2a: Landorus|U-turn|p1a: Slowking
|-damage|p1a: Slowking|83/100
|
|t:|1779956425
|switch|p2a: Copperajah|Copperajah, F|100/100|[from] U-turn
|
|upkeep
|turn|24
|
|t:|1779956434
|move|p1a: Slowking|Chilling Water|p2a: Copperajah
|-damage|p2a: Copperajah|85/100
|-unboost|p2a: Copperajah|atk|1
|-damage|p1a: Slowking|73/100|[from] item: Life Orb
|move|p2a: Copperajah|Knock Off|p1a: Slowking
|-supereffective|p1a: Slowking
|-damage|p1a: Slowking|13/100
|-enditem|p1a: Slowking|Life Orb|[from] move: Knock Off|[of] p2a: Copperajah
|
|upkeep
|turn|25
|
|t:|1779956452
|switch|p1a: Great Tusk|Great Tusk|100/100
|move|p2a: Copperajah|Earthquake|p1a: Great Tusk
|-damage|p1a: Great Tusk|89/100
|
|-heal|p1a: Great Tusk|95/100|[from] item: Leftovers
|upkeep
|turn|26
|
|t:|1779956460
|switch|p2a: Landorus|Landorus-Therian, M|88/100
|-ability|p2a: Landorus|Intimidate|boost
|-unboost|p1a: Great Tusk|atk|1
|move|p1a: Great Tusk|Stealth Rock|p2a: Landorus
|-sidestart|p2: davespekkie|move: Stealth Rock
|
|-heal|p1a: Great Tusk|100/100|[from] item: Leftovers
|upkeep
|turn|27
|
|t:|1779956470
|move|p1a: Great Tusk|Ice Spinner|p2a: Landorus
|-supereffective|p2a: Landorus
|-damage|p2a: Landorus|42/100
|-damage|p1a: Great Tusk|84/100|[from] item: Rocky Helmet|[of] p2a: Landorus
|move|p2a: Landorus|Earthquake|p1a: Great Tusk
|-damage|p1a: Great Tusk|62/100
|
|-heal|p1a: Great Tusk|68/100|[from] item: Leftovers
|upkeep
|turn|28
|
|t:|1779956487
|switch|p2a: Rotom|Rotom-Wash|88/100
|-damage|p2a: Rotom|76/100|[from] Stealth Rock
|move|p1a: Great Tusk|Ice Spinner|p2a: Rotom
|-resisted|p2a: Rotom
|-damage|p2a: Rotom|70/100
|
|-heal|p1a: Great Tusk|74/100|[from] item: Leftovers
|-heal|p2a: Rotom|76/100|[from] item: Leftovers
|upkeep
|turn|29
|
|t:|1779956497
|-end|p1a: Great Tusk|Protosynthesis|[silent]
|switch|p1a: Grimmsnarl|Grimmsnarl, M, shiny|20/100 brn
|move|p2a: Rotom|Hydro Pump|p1a: Grimmsnarl
|-damage|p1a: Grimmsnarl|0 fnt
|faint|p1a: Grimmsnarl
|
|-heal|p2a: Rotom|82/100|[from] item: Leftovers
|upkeep
|
|t:|1779956506
|switch|p1a: Kingambit|Kingambit, M, shiny|69/100
|-activate|p1a: Kingambit|ability: Supreme Overlord
|-start|p1a: Kingambit|fallen2|[silent]
|turn|30
|
|t:|1779956511
|move|p2a: Rotom|Will-O-Wisp|p1a: Kingambit
|-status|p1a: Kingambit|brn
|move|p1a: Kingambit|Swords Dance|p1a: Kingambit
|-boost|p1a: Kingambit|atk|2
|
|-heal|p2a: Rotom|89/100|[from] item: Leftovers
|-damage|p1a: Kingambit|63/100 brn|[from] brn
|upkeep
|turn|31
|-message|zappyzaap forfeited.
|
|win|davespekkie
|raw|zappyzaap's rating: 1168 &rarr; <strong>1144</strong><br />(-24 for losing)
|raw|davespekkie's rating: 1188 &rarr; <strong>1212</strong><br />(+24 for winning)
|l|☆zappyzaap
|player|p1|
|l|☆davespekkie
|player|p2|
