|j|☆busto2412
|j|☆amiruae
|t:|1779815634
|gametype|singles
|player|p1|busto2412|hilbert|1541
|player|p2|amiruae|psychic-gen4|1477
|gen|9
|tier|[Gen 9] OU
|rated|
|rule|HP Percentage Mod: HP is shown in percentages
|rule|Endless Battle Clause: Forcing endless battles is banned
|rule|Species Clause: Limit one of each Pokémon
|rule|OHKO Clause: OHKO moves are banned
|rule|Evasion Items Clause: Evasion items are banned
|rule|Evasion Moves Clause: Evasion moves are banned
|rule|Evasion Abilities Clause: Evasion abilities are banned
|rule|Sleep Moves Clause: Sleep-inducing moves are banned
|clearpoke
|poke|p1|Ursaluna, M|
|poke|p1|Dragapult, M|
|poke|p1|Zapdos|
|poke|p1|Goodra-Hisui, F|
|poke|p1|Greninja-*, M|
|poke|p1|Zamazenta-*|
|poke|p2|Moltres-Galar|
|poke|p2|Arcanine-Hisui, M|
|poke|p2|Volcanion|
|poke|p2|Latias, F|
|poke|p2|Scizor, M|
|poke|p2|Krookodile, M|
|teampreview
|inactive|Battle timer is ON: inactive players will automatically lose when time's up. (requested by amiruae)
|c|☆busto2412|GL
|
|t:|1779815666
|teamsize|p1|6
|teamsize|p2|6
|start
|switch|p1a: Dragapult|Dragapult, M, shiny|100/100
|switch|p2a: Latias|Latias, F|100/100
|turn|1
|
|t:|1779815673
|move|p1a: Dragapult|U-turn|p2a: Latias
|-supereffective|p2a: Latias
|-damage|p2a: Latias|75/100
|-enditem|p2a: Latias|Weakness Policy
|-boost|p2a: Latias|atk|2|[from] item: Weakness Policy
|-boost|p2a: Latias|spa|2|[from] item: Weakness Policy
|
|t:|1779815678
|switch|p1a: Goodra|Goodra-Hisui, F|100/100|[from] U-turn
|move|p2a: Latias|Agility|p2a: Latias
|-boost|p2a: Latias|spe|2
|
|upkeep
|turn|2
|
|t:|1779815687
|move|p2a: Latias|Aura Sphere|p1a: Goodra
|-supereffective|p1a: Goodra
|-damage|p1a: Goodra|43/100
|move|p1a: Goodra|Draco Meteor|p2a: Latias
|-supereffective|p2a: Latias
|-damage|p2a: Latias|0 fnt
|-unboost|p1a: Goodra|spa|2
|faint|p2a: Latias
|
|-heal|p1a: Goodra|49/100|[from] item: Leftovers
|upkeep
|
|t:|1779815713
|switch|p2a: Moltres|Moltres-Galar|100/100
|turn|3
|
|t:|1779815728
|switch|p1a: Ursaluna|Ursaluna, M, shiny|100/100
|move|p2a: Moltres|Agility|p2a: Moltres
|-boost|p2a: Moltres|spe|2
|
|-status|p1a: Ursaluna|brn|[from] item: Flame Orb
|upkeep
|turn|4
|
|t:|1779815743
|move|p2a: Moltres|Fiery Wrath|p1a: Ursaluna
|-damage|p1a: Ursaluna|63/100 brn
|cant|p1a: Ursaluna|flinch
|
|-damage|p1a: Ursaluna|57/100 brn|[from] brn
|upkeep
|turn|5
|
|t:|1779815749
|move|p2a: Moltres|Hurricane|p1a: Ursaluna
|-damage|p1a: Ursaluna|11/100 brn
|-start|p1a: Ursaluna|confusion
|-activate|p1a: Ursaluna|confusion
|move|p1a: Ursaluna|Facade|p2a: Moltres
|-damage|p2a: Moltres|0 fnt
|faint|p2a: Moltres
|
|-damage|p1a: Ursaluna|5/100 brn|[from] brn
|upkeep
|
|t:|1779815759
|switch|p2a: Scizor|Scizor, M|100/100
|turn|6
|
|t:|1779815762
|move|p2a: Scizor|Bullet Punch|p1a: Ursaluna
|-damage|p1a: Ursaluna|0 fnt
|faint|p1a: Ursaluna
|
|upkeep
|
|t:|1779815766
|switch|p1a: Zapdos|Zapdos, shiny|100/100
|turn|7
|
|t:|1779815770
|switch|p2a: Krookodile|Krookodile, M|100/100
|-ability|p2a: Krookodile|Intimidate|boost
|-unboost|p1a: Zapdos|atk|1
|move|p1a: Zapdos|Heat Wave|p2a: Krookodile
|-damage|p2a: Krookodile|79/100
|-status|p2a: Krookodile|brn
|
|-damage|p2a: Krookodile|73/100 brn|[from] brn
|upkeep
|turn|8
|
|t:|1779815779
|move|p1a: Zapdos|Hurricane|p2a: Krookodile|[miss]
|-miss|p1a: Zapdos|p2a: Krookodile
|move|p2a: Krookodile|Knock Off|p1a: Zapdos
|-damage|p1a: Zapdos|82/100
|-enditem|p1a: Zapdos|Heavy-Duty Boots|[from] move: Knock Off|[of] p2a: Krookodile
|
|-damage|p2a: Krookodile|67/100 brn|[from] brn
|upkeep
|turn|9
|
|t:|1779815794
|move|p1a: Zapdos|Hurricane|p2a: Krookodile|[miss]
|-miss|p1a: Zapdos|p2a: Krookodile
|move|p2a: Krookodile|Dragon Tail|p1a: Zapdos
|-damage|p1a: Zapdos|75/100
|drag|p1a: Dragapult|Dragapult, M, shiny|100/100
|
|-damage|p2a: Krookodile|61/100 brn|[from] brn
|upkeep
|turn|10
|
|t:|1779815805
|move|p1a: Dragapult|U-turn|p2a: Krookodile
|-supereffective|p2a: Krookodile
|-damage|p2a: Krookodile|23/100 brn
|
|t:|1779815808
|switch|p1a: Zapdos|Zapdos, shiny|75/100|[from] U-turn
|move|p2a: Krookodile|Knock Off|p1a: Zapdos
|-damage|p1a: Zapdos|62/100
|
|-damage|p2a: Krookodile|17/100 brn|[from] brn
|upkeep
|turn|11
|
|t:|1779815820
|move|p1a: Zapdos|Heat Wave|p2a: Krookodile
|-damage|p2a: Krookodile|0 fnt
|faint|p2a: Krookodile
|
|upkeep
|
|t:|1779815833
|switch|p2a: Arcanine|Arcanine-Hisui, M|100/100
|turn|12
|
|t:|1779815845
|switch|p1a: Goodra|Goodra-Hisui, F|49/100
|move|p2a: Arcanine|Flare Blitz|p1a: Goodra
|-damage|p1a: Goodra|0 fnt
|-ability|p1a: Goodra|Gooey
|-unboost|p2a: Arcanine|spe|1
|faint|p1a: Goodra
|-damage|p2a: Arcanine|91/100|[from] item: Life Orb
|
|upkeep
|
|t:|1779815854
|switch|p1a: Greninja|Greninja, M|100/100
|turn|13
|
|t:|1779815858
|switch|p2a: Volcanion|Volcanion|100/100
|move|p1a: Greninja|Dark Pulse|p2a: Volcanion
|-damage|p2a: Volcanion|69/100
|-damage|p1a: Greninja|91/100|[from] item: Life Orb
|
|upkeep
|turn|14
|
|t:|1779815868
|move|p1a: Greninja|Dark Pulse|p2a: Volcanion
|-damage|p2a: Volcanion|37/100
|-damage|p1a: Greninja|81/100|[from] item: Life Orb
|move|p2a: Volcanion|Steam Eruption|p1a: Greninja
|-resisted|p1a: Greninja
|-damage|p1a: Greninja|28/100
|
|upkeep
|turn|15
|
|t:|1779815875
|move|p1a: Greninja|Dark Pulse|p2a: Volcanion
|-damage|p2a: Volcanion|4/100
|-damage|p1a: Greninja|18/100|[from] item: Life Orb
|cant|p2a: Volcanion|flinch
|
|upkeep
|turn|16
|
|t:|1779815882
|move|p1a: Greninja|Dark Pulse|p2a: Volcanion
|-damage|p2a: Volcanion|0 fnt
|faint|p2a: Volcanion
|-ability|p1a: Greninja|Battle Bond|boost
|-boost|p1a: Greninja|atk|1
|-boost|p1a: Greninja|spa|1
|-boost|p1a: Greninja|spe|1
|-activate|p1a: Greninja|ability: Battle Bond
|-damage|p1a: Greninja|8/100|[from] item: Life Orb
|
|upkeep
|
|t:|1779815887
|switch|p2a: Scizor|Scizor, M|100/100
|turn|17
|
|t:|1779815892
|move|p2a: Scizor|Bullet Punch|p1a: Greninja
|-resisted|p1a: Greninja
|-damage|p1a: Greninja|0 fnt
|faint|p1a: Greninja
|
|upkeep
|
|t:|1779815897
|switch|p1a: Zapdos|Zapdos, shiny|62/100
|turn|18
|
|t:|1779815913
|switch|p2a: Arcanine|Arcanine-Hisui, M|91/100
|move|p1a: Zapdos|Discharge|p2a: Arcanine
|-damage|p2a: Arcanine|54/100
|
|upkeep
|turn|19
|inactive|busto2412 has 120 seconds left.
|
|t:|1779815943
|move|p1a: Zapdos|Discharge|p2a: Arcanine
|-damage|p2a: Arcanine|21/100
|-status|p2a: Arcanine|par
|move|p2a: Arcanine|Agility|p2a: Arcanine
|-boost|p2a: Arcanine|spe|2
|
|upkeep
|turn|20
|
|t:|1779815951
|move|p1a: Zapdos|Discharge|p2a: Arcanine
|-damage|p2a: Arcanine|0 fnt
|faint|p2a: Arcanine
|
|upkeep
|
|t:|1779815955
|switch|p2a: Scizor|Scizor, M|100/100
|turn|21
|
|t:|1779815957
|move|p1a: Zapdos|Heat Wave|p2a: Scizor
|-supereffective|p2a: Scizor
|-damage|p2a: Scizor|0 fnt
|faint|p2a: Scizor
|
|win|busto2412
|raw|busto2412's rating: 1541 &rarr; <strong>1557</strong><br />(+16 for winning)
|raw|amiruae's rating: 1477 &rarr; <strong>1461</strong><br />(-16 for losing)
|l|☆amiruae
|player|p2|
|l|☆busto2412
|player|p1|
