|j|☆femboyjoystick
|j|☆Hunter_of_Keys
|t:|1779820294
|gametype|singles
|player|p1|femboyjoystick|265|1467
|player|p2|Hunter_of_Keys|veteran|1528
|gen|9
|tier|[Gen 9] OU
|rated|
|rule|HP Percentage Mod: HP is shown in percentages
|rule|Endless Battle Clause: Forcing endless battles is banned
|rule|Species Clause: Limit one of each Pokémon
|rule|OHKO Clause: OHKO moves are banned
|rule|Evasion Items Clause: Evasion items are banned
|rule|Evasion Moves Clause: Evasion moves are banned
|rule|Evasion Abilities Clause: Evasion abilities are banned
|rule|Sleep Moves Clause: Sleep-inducing moves are banned
|clearpoke
|poke|p1|Keldeo-Resolute|
|poke|p1|Great Tusk|
|poke|p1|Kingambit, F|
|poke|p1|Raging Bolt|
|poke|p1|Kyurem|
|poke|p1|Pecharunt|
|poke|p2|Gallade, M|
|poke|p2|Armarouge, M|
|poke|p2|Indeedee, M|
|poke|p2|Cresselia, F|
|poke|p2|Rabsca, M|
|poke|p2|Espeon, M|
|teampreview
|inactive|Battle timer is ON: inactive players will automatically lose when time's up. (requested by Hunter_of_Keys)
|inactive|femboyjoystick has 120 seconds left.
|
|t:|1779820327
|teamsize|p1|6
|teamsize|p2|6
|start
|switch|p1a: Kingambit|Kingambit, F|100/100
|switch|p2a: Indeedee|Indeedee, M|100/100
|-fieldstart|move: Psychic Terrain|[from] ability: Psychic Surge|[of] p2a: Indeedee
|turn|1
|
|t:|1779820352
|move|p2a: Indeedee|Healing Wish|p2a: Indeedee
|faint|p2a: Indeedee
|move|p1a: Kingambit|Kowtow Cleave|p2: Indeedee|[notarget]
|-fail|p1a: Kingambit
|
|upkeep
|
|t:|1779820356
|switch|p2a: Gallade|Gallade, M|100/100
|turn|2
|
|t:|1779820367
|-end|p1a: Kingambit|fallenundefined|[silent]
|switch|p1a: Pecharunt|Pecharunt|100/100
|move|p2a: Gallade|Psycho Cut|p1a: Pecharunt
|-supereffective|p1a: Pecharunt
|-damage|p1a: Pecharunt|26/100
|
|-heal|p1a: Pecharunt|32/100|[from] item: Leftovers
|upkeep
|turn|3
|
|t:|1779820382
|move|p2a: Gallade|Psycho Cut|p1a: Pecharunt
|-supereffective|p1a: Pecharunt
|-damage|p1a: Pecharunt|0 fnt
|faint|p1a: Pecharunt
|
|upkeep
|inactive|femboyjoystick has 120 seconds left.
|
|t:|1779820406
|switch|p1a: Great Tusk|Great Tusk|100/100
|turn|4
|inactive|femboyjoystick has 120 seconds left.
|
|t:|1779820413
|switch|p2a: Espeon|Espeon, M|100/100
|move|p1a: Great Tusk|Headlong Rush|p2a: Espeon
|-damage|p2a: Espeon|28/100
|-unboost|p1a: Great Tusk|def|1
|-unboost|p1a: Great Tusk|spd|1
|
|upkeep
|turn|5
|inactive|femboyjoystick has 120 seconds left.
|
|t:|1779820427
|-end|p1a: Great Tusk|Protosynthesis|[silent]
|switch|p1a: Kingambit|Kingambit, F|100/100
|-activate|p1a: Kingambit|ability: Supreme Overlord
|-start|p1a: Kingambit|fallen1|[silent]
|move|p2a: Espeon|Psychic Noise|p1a: Kingambit
|-immune|p1a: Kingambit
|
|upkeep
|turn|6
|
|t:|1779820435
|move|p2a: Espeon|Thunder Wave|p1a: Kingambit
|-status|p1a: Kingambit|par
|move|p1a: Kingambit|Kowtow Cleave|p2a: Espeon
|-supereffective|p2a: Espeon
|-damage|p2a: Espeon|0 fnt
|faint|p2a: Espeon
|
|upkeep
|inactive|Hunter_of_Keys has 120 seconds left.
|
|t:|1779820483
|switch|p2a: Gallade|Gallade, M|100/100
|turn|7
|
|t:|1779820498
|-end|p1a: Kingambit|fallen1|[silent]
|switch|p1a: Keldeo|Keldeo-Resolute|100/100
|move|p2a: Gallade|Sacred Sword|p1a: Keldeo
|-damage|p1a: Keldeo|22/100
|
|upkeep
|turn|8
|inactive|Hunter_of_Keys has 120 seconds left.
|inactive|Hunter_of_Keys has 90 seconds left.
|inactive|Hunter_of_Keys has 60 seconds left.
|inactive|Hunter_of_Keys has 30 seconds left.
|
|t:|1779820598
|move|p1a: Keldeo|Surf|p2a: Gallade
|-damage|p2a: Gallade|42/100
|move|p2a: Gallade|Sacred Sword|p1a: Keldeo
|-damage|p1a: Keldeo|0 fnt
|faint|p1a: Keldeo
|
|-fieldend|move: Psychic Terrain
|upkeep
|inactive|femboyjoystick has 120 seconds left.
|
|t:|1779820632
|switch|p1a: Kyurem|Kyurem|100/100
|-ability|p1a: Kyurem|Pressure
|turn|9
|
|t:|1779820642
|move|p1a: Kyurem|Ice Beam|p2a: Gallade
|-damage|p2a: Gallade|0 fnt
|faint|p2a: Gallade
|
|upkeep
|
|t:|1779820645
|switch|p2a: Cresselia|Cresselia, F|100/100
|turn|10
|inactive|femboyjoystick has 90 seconds left.
|
|t:|1779820683
|move|p1a: Kyurem|Ice Beam|p2a: Cresselia
|-damage|p2a: Cresselia|69/100
|move|p2a: Cresselia|Thunder Wave|p1a: Kyurem
|-status|p1a: Kyurem|par
|
|upkeep
|turn|11
|inactive|femboyjoystick has 90 seconds left.
|inactive|Hunter_of_Keys has 60 seconds left.
|
|t:|1779820696
|move|p1a: Kyurem|Ice Beam|p2a: Cresselia
|-damage|p2a: Cresselia|40/100
|move|p2a: Cresselia|Ice Beam|p1a: Kyurem
|-damage|p1a: Kyurem|85/100 par
|
|upkeep
|turn|12
|inactive|Hunter_of_Keys has 60 seconds left.
|
|t:|1779820708
|move|p1a: Kyurem|Ice Beam|p2a: Cresselia
|-damage|p2a: Cresselia|9/100
|move|p2a: Cresselia|Lunar Dance|p2a: Cresselia
|faint|p2a: Cresselia
|
|upkeep
|
|t:|1779820711
|switch|p2a: Rabsca|Rabsca, M|100/100
|turn|13
|
|t:|1779820726
|move|p1a: Kyurem|Ice Beam|p2a: Rabsca
|-damage|p2a: Rabsca|60/100
|move|p2a: Rabsca|Revival Blessing|p2a: Rabsca
|-enditem|p2a: Rabsca|Leppa Berry|[eat]
|-activate|p2a: Rabsca|item: Leppa Berry|Revival Blessing|[consumed]
|
|t:|1779820733
|-heal|p2: Indeedee|50/100|[from] move: Revival Blessing
|
|upkeep
|turn|14
|inactive|femboyjoystick has 90 seconds left.
|
|t:|1779820757
|switch|p1a: Kingambit|Kingambit, F|100/100 par
|-activate|p1a: Kingambit|ability: Supreme Overlord
|-start|p1a: Kingambit|fallen2|[silent]
|move|p2a: Rabsca|Speed Swap|p1a: Kingambit
|-activate|p2a: Rabsca|move: Speed Swap|[of] p1a: Kingambit
|
|upkeep
|turn|15
|
|t:|1779820762
|move|p2a: Rabsca|Revival Blessing|p2a: Rabsca
|
|t:|1779820765
|-heal|p2: Gallade|50/100|[from] move: Revival Blessing
|move|p1a: Kingambit|Swords Dance|p1a: Kingambit
|-boost|p1a: Kingambit|atk|2
|
|upkeep
|turn|16
|
|t:|1779820787
|move|p2a: Rabsca|Bug Buzz|p1a: Kingambit
|-damage|p1a: Kingambit|68/100 par
|move|p1a: Kingambit|Kowtow Cleave|p2a: Rabsca
|-supereffective|p2a: Rabsca
|-damage|p2a: Rabsca|0 fnt
|faint|p2a: Rabsca
|
|upkeep
|
|t:|1779820798
|switch|p2a: Gallade|Gallade, M|50/100
|-heal|p2a: Gallade|100/100|[from] move: Healing Wish
|-heal|p2a: Gallade|100/100|[from] move: Lunar Dance
|turn|17
|
|t:|1779820806
|-terastallize|p1a: Kingambit|Dark
|move|p1a: Kingambit|Sucker Punch|p2a: Gallade
|-enditem|p2a: Gallade|Focus Sash
|-damage|p2a: Gallade|1/100
|move|p2a: Gallade|Sacred Sword|p1a: Kingambit
|-supereffective|p1a: Kingambit
|-damage|p1a: Kingambit|0 fnt
|faint|p1a: Kingambit
|-end|p1a: Kingambit|fallen2|[silent]
|
|upkeep
|
|t:|1779820814
|switch|p1a: Great Tusk|Great Tusk|100/100
|turn|18
|
|t:|1779820821
|switch|p2a: Indeedee|Indeedee, M|50/100
|-fieldstart|move: Psychic Terrain|[from] ability: Psychic Surge|[of] p2a: Indeedee
|move|p1a: Great Tusk|Rapid Spin|p2a: Indeedee
|-damage|p2a: Indeedee|7/100
|-boost|p1a: Great Tusk|spe|1
|
|upkeep
|turn|19
|
|t:|1779820827
|move|p1a: Great Tusk|Rapid Spin|p2a: Indeedee
|-damage|p2a: Indeedee|0 fnt
|-boost|p1a: Great Tusk|spe|1
|faint|p2a: Indeedee
|
|upkeep
|
|t:|1779820830
|switch|p2a: Armarouge|Armarouge, M|100/100
|turn|20
|inactive|femboyjoystick has 120 seconds left.
|
|t:|1779820848
|-terastallize|p2a: Armarouge|Psychic
|move|p1a: Great Tusk|Headlong Rush|p2a: Armarouge
|-damage|p2a: Armarouge|20/100
|-unboost|p1a: Great Tusk|def|1
|-unboost|p1a: Great Tusk|spd|1
|-ability|p2a: Armarouge|Weak Armor|boost
|-unboost|p2a: Armarouge|def|1
|-boost|p2a: Armarouge|spe|2
|move|p2a: Armarouge|Expanding Force|p1a: Great Tusk
|-supereffective|p1a: Great Tusk
|-damage|p1a: Great Tusk|0 fnt
|faint|p1a: Great Tusk
|-end|p1a: Great Tusk|Protosynthesis|[silent]
|
|upkeep
|
|t:|1779820858
|switch|p1a: Kyurem|Kyurem|85/100 par
|-ability|p1a: Kyurem|Pressure
|turn|21
|inactive|femboyjoystick has 120 seconds left.
|
|t:|1779820869
|move|p2a: Armarouge|Expanding Force|p1a: Kyurem
|-damage|p1a: Kyurem|0 fnt
|faint|p1a: Kyurem
|
|upkeep
|inactive|femboyjoystick has 120 seconds left.
|
|t:|1779820881
|switch|p1a: Raging Bolt|Raging Bolt|100/100
|-enditem|p1a: Raging Bolt|Booster Energy
|-activate|p1a: Raging Bolt|ability: Protosynthesis|[fromitem]
|-start|p1a: Raging Bolt|protosynthesisspa
|turn|22
|inactive|femboyjoystick has 120 seconds left.
|
|t:|1779820887
|move|p2a: Armarouge|Expanding Force|p1a: Raging Bolt
|-damage|p1a: Raging Bolt|19/100
|move|p1a: Raging Bolt|Dragon Pulse|p2a: Armarouge
|-damage|p2a: Armarouge|0 fnt
|faint|p2a: Armarouge
|
|upkeep
|
|t:|1779820891
|switch|p2a: Gallade|Gallade, M|1/100
|turn|23
|
|t:|1779820893
|move|p2a: Gallade|Psycho Cut|p1a: Raging Bolt
|-damage|p1a: Raging Bolt|0 fnt
|faint|p1a: Raging Bolt
|-end|p1a: Raging Bolt|Protosynthesis|[silent]
|
|win|Hunter_of_Keys
|raw|femboyjoystick's rating: 1467 &rarr; <strong>1450</strong><br />(-17 for losing)
|raw|Hunter_of_Keys's rating: 1528 &rarr; <strong>1545</strong><br />(+17 for winning)
|l|☆Hunter_of_Keys
|player|p2|
|l|☆femboyjoystick
|player|p1|
