|j|☆blazingshadow46
|j|☆KungFuCutman1
|t:|1779806303
|gametype|singles
|player|p1|blazingshadow46|byron|1356
|player|p2|KungFuCutman1|ethan|1407
|gen|9
|tier|[Gen 9] OU
|rated|
|rule|HP Percentage Mod: HP is shown in percentages
|rule|Endless Battle Clause: Forcing endless battles is banned
|rule|Species Clause: Limit one of each Pokémon
|rule|OHKO Clause: OHKO moves are banned
|rule|Evasion Items Clause: Evasion items are banned
|rule|Evasion Moves Clause: Evasion moves are banned
|rule|Evasion Abilities Clause: Evasion abilities are banned
|rule|Sleep Moves Clause: Sleep-inducing moves are banned
|clearpoke
|poke|p1|Garchomp, M|
|poke|p1|Sableye, M|
|poke|p1|Cyclizar, F|
|poke|p1|Scizor, F|
|poke|p1|Reuniclus, M|
|poke|p1|Salamence, F|
|poke|p2|Sinistcha|
|poke|p2|Gliscor, F|
|poke|p2|Iron Treads|
|poke|p2|Ogerpon-Wellspring, F|
|poke|p2|Tornadus-Therian, M|
|poke|p2|Kingambit, F|
|teampreview
|inactive|Battle timer is ON: inactive players will automatically lose when time's up. (requested by blazingshadow46)
|
|t:|1779806313
|teamsize|p1|6
|teamsize|p2|6
|start
|switch|p1a: Garchomp|Garchomp, M|100/100
|switch|p2a: Gliscor|Gliscor, F|100/100
|turn|1
|
|t:|1779806318
|move|p1a: Garchomp|Stealth Rock|p2a: Gliscor
|-sidestart|p2: KungFuCutman1|move: Stealth Rock
|move|p2a: Gliscor|Toxic|p1a: Garchomp
|-status|p1a: Garchomp|tox
|
|-damage|p1a: Garchomp|94/100 tox|[from] psn
|-status|p2a: Gliscor|tox|[from] item: Toxic Orb
|upkeep
|turn|2
|
|t:|1779806325
|move|p1a: Garchomp|Spikes|p2a: Gliscor
|-sidestart|p2: KungFuCutman1|Spikes
|move|p2a: Gliscor|Spikes|p1a: Garchomp
|-sidestart|p1: blazingshadow46|Spikes
|
|-damage|p1a: Garchomp|82/100 tox|[from] psn
|upkeep
|turn|3
|
|t:|1779806329
|move|p1a: Garchomp|Spikes|p2a: Gliscor
|-sidestart|p2: KungFuCutman1|Spikes
|move|p2a: Gliscor|Spikes|p1a: Garchomp
|-sidestart|p1: blazingshadow46|Spikes
|
|-damage|p1a: Garchomp|63/100 tox|[from] psn
|upkeep
|turn|4
|
|t:|1779806334
|move|p1a: Garchomp|Spikes|p2a: Gliscor
|-sidestart|p2: KungFuCutman1|Spikes
|move|p2a: Gliscor|Spikes|p1a: Garchomp
|-sidestart|p1: blazingshadow46|Spikes
|
|-damage|p1a: Garchomp|38/100 tox|[from] psn
|upkeep
|turn|5
|
|t:|1779806340
|move|p2a: Gliscor|Knock Off|p1a: Garchomp
|-damage|p1a: Garchomp|25/100 tox
|-damage|p2a: Gliscor|88/100 tox|[from] ability: Rough Skin|[of] p1a: Garchomp
|-damage|p2a: Gliscor|72/100 tox|[from] item: Rocky Helmet|[of] p1a: Garchomp
|-enditem|p1a: Garchomp|Rocky Helmet|[from] move: Knock Off|[of] p2a: Gliscor
|move|p1a: Garchomp|Dragon Tail|p2a: Gliscor
|-damage|p2a: Gliscor|49/100 tox
|drag|p2a: Kingambit|Kingambit, F|100/100
|-damage|p2a: Kingambit|94/100|[from] Stealth Rock
|-damage|p2a: Kingambit|70/100|[from] Spikes
|
|-heal|p2a: Kingambit|76/100|[from] item: Leftovers
|-damage|p1a: Garchomp|0 fnt|[from] psn
|faint|p1a: Garchomp
|upkeep
|
|t:|1779806346
|switch|p1a: Cyclizar|Cyclizar, F, shiny|100/100
|-damage|p1a: Cyclizar|76/100|[from] Spikes
|turn|6
|
|t:|1779806350
|-end|p2a: Kingambit|fallenundefined|[silent]
|switch|p2a: Sinistcha|Sinistcha|100/100
|-damage|p2a: Sinistcha|88/100|[from] Stealth Rock
|-damage|p2a: Sinistcha|63/100|[from] Spikes
|move|p1a: Cyclizar|Rapid Spin|p2a: Sinistcha
|-immune|p2a: Sinistcha
|
|-heal|p2a: Sinistcha|69/100|[from] item: Leftovers
|upkeep
|turn|7
|
|t:|1779806352
|move|p1a: Cyclizar|Overheat|p2a: Sinistcha
|-supereffective|p2a: Sinistcha
|-damage|p2a: Sinistcha|36/100
|-unboost|p1a: Cyclizar|spa|2
|move|p2a: Sinistcha|Strength Sap|p1a: Cyclizar
|-unboost|p1a: Cyclizar|atk|1
|-heal|p2a: Sinistcha|94/100
|
|-heal|p2a: Sinistcha|100/100|[from] item: Leftovers
|upkeep
|turn|8
|
|t:|1779806358
|move|p1a: Cyclizar|U-turn|p2a: Sinistcha
|-damage|p2a: Sinistcha|93/100
|
|t:|1779806360
|switch|p1a: Reuniclus|Reuniclus, M|100/100|[from] U-turn
|move|p2a: Sinistcha|Matcha Gotcha|p1a: Reuniclus
|-damage|p1a: Reuniclus|78/100
|-heal|p2a: Sinistcha|100/100|[from] drain|[of] p1a: Reuniclus
|
|upkeep
|turn|9
|
|t:|1779806370
|move|p2a: Sinistcha|Shadow Ball|p1a: Reuniclus
|-supereffective|p1a: Reuniclus
|-damage|p1a: Reuniclus|32/100
|move|p1a: Reuniclus|Future Sight|p2a: Sinistcha
|-start|p1a: Reuniclus|move: Future Sight
|
|upkeep
|turn|10
|
|t:|1779806378
|-terastallize|p1a: Reuniclus|Fighting
|move|p2a: Sinistcha|Shadow Ball|p1a: Reuniclus
|-damage|p1a: Reuniclus|12/100
|-unboost|p1a: Reuniclus|spd|1
|move|p1a: Reuniclus|Knock Off|p2a: Sinistcha
|-supereffective|p2a: Sinistcha
|-damage|p2a: Sinistcha|71/100
|-enditem|p2a: Sinistcha|Leftovers|[from] move: Knock Off|[of] p1a: Reuniclus
|
|upkeep
|turn|11
|
|t:|1779806387
|move|p2a: Sinistcha|Matcha Gotcha|p1a: Reuniclus
|-damage|p1a: Reuniclus|0 fnt
|-heal|p2a: Sinistcha|79/100|[from] drain|[of] p1a: Reuniclus
|faint|p1a: Reuniclus
|
|-end|p2a: Sinistcha|move: Future Sight
|-damage|p2a: Sinistcha|24/100
|upkeep
|
|t:|1779806394
|switch|p1a: Cyclizar|Cyclizar, F, shiny|100/100
|-damage|p1a: Cyclizar|76/100|[from] Spikes
|turn|12
|
|t:|1779806400
|-terastallize|p2a: Sinistcha|Poison
|move|p1a: Cyclizar|Overheat|p2a: Sinistcha
|-damage|p2a: Sinistcha|9/100
|-unboost|p1a: Cyclizar|spa|2
|move|p2a: Sinistcha|Strength Sap|p1a: Cyclizar
|-unboost|p1a: Cyclizar|atk|1
|-heal|p2a: Sinistcha|68/100
|
|upkeep
|turn|13
|
|t:|1779806404
|move|p1a: Cyclizar|Rapid Spin|p2a: Sinistcha
|-damage|p2a: Sinistcha|61/100
|-boost|p1a: Cyclizar|spe|1
|-sideend|p1: blazingshadow46|Spikes|[from] move: Rapid Spin|[of] p1a: Cyclizar
|move|p2a: Sinistcha|Strength Sap|p1a: Cyclizar
|-unboost|p1a: Cyclizar|atk|1
|-heal|p2a: Sinistcha|100/100
|
|upkeep
|turn|14
|
|t:|1779806416
|move|p1a: Cyclizar|U-turn|p2a: Sinistcha
|-resisted|p2a: Sinistcha
|-damage|p2a: Sinistcha|98/100
|
|t:|1779806418
|switch|p1a: Sableye|Sableye, M|100/100|[from] U-turn
|move|p2a: Sinistcha|Calm Mind|p2a: Sinistcha
|-boost|p2a: Sinistcha|spa|1
|-boost|p2a: Sinistcha|spd|1
|
|upkeep
|turn|15
|
|t:|1779806424
|move|p1a: Sableye|Encore|p2a: Sinistcha
|-start|p2a: Sinistcha|Encore
|move|p2a: Sinistcha|Calm Mind|p2a: Sinistcha
|-boost|p2a: Sinistcha|spa|1
|-boost|p2a: Sinistcha|spd|1
|
|upkeep
|turn|16
|
|t:|1779806426
|switch|p1a: Salamence|Salamence, F|100/100
|move|p2a: Sinistcha|Calm Mind|p2a: Sinistcha
|-boost|p2a: Sinistcha|spa|1
|-boost|p2a: Sinistcha|spd|1
|
|upkeep
|turn|17
|
|t:|1779806430
|move|p1a: Salamence|Dragon Dance|p1a: Salamence
|-boost|p1a: Salamence|atk|1
|-boost|p1a: Salamence|spe|1
|move|p2a: Sinistcha|Calm Mind|p2a: Sinistcha
|-boost|p2a: Sinistcha|spa|1
|-boost|p2a: Sinistcha|spd|1
|
|-end|p2a: Sinistcha|Encore
|upkeep
|turn|18
|
|t:|1779806433
|move|p1a: Salamence|Earthquake|p2a: Sinistcha
|-supereffective|p2a: Sinistcha
|-damage|p2a: Sinistcha|29/100
|move|p2a: Sinistcha|Shadow Ball|p1a: Salamence
|-damage|p1a: Salamence|0 fnt
|faint|p1a: Salamence
|
|upkeep
|
|t:|1779806441
|switch|p1a: Scizor|Scizor, F|100/100
|turn|19
|
|t:|1779806445
|move|p1a: Scizor|Bullet Punch|p2a: Sinistcha
|-damage|p2a: Sinistcha|6/100
|move|p2a: Sinistcha|Strength Sap|p1a: Scizor
|-unboost|p1a: Scizor|atk|1
|-heal|p2a: Sinistcha|100/100
|
|upkeep
|turn|20
|-message|blazingshadow46 forfeited.
|
|win|KungFuCutman1
|raw|blazingshadow46's rating: 1356 &rarr; <strong>1339</strong><br />(-17 for losing)
|raw|KungFuCutman1's rating: 1407 &rarr; <strong>1424</strong><br />(+17 for winning)
|l|☆blazingshadow46
|player|p1|
