|j|☆metallettuce52
|j|☆vitos86
|t:|1779799381
|gametype|singles
|player|p1|metallettuce52|elesa|1129
|player|p2|vitos86|biker-gen4|1160
|gen|9
|tier|[Gen 9] OU
|rated|
|rule|HP Percentage Mod: HP is shown in percentages
|rule|Endless Battle Clause: Forcing endless battles is banned
|rule|Species Clause: Limit one of each Pokémon
|rule|OHKO Clause: OHKO moves are banned
|rule|Evasion Items Clause: Evasion items are banned
|rule|Evasion Moves Clause: Evasion moves are banned
|rule|Evasion Abilities Clause: Evasion abilities are banned
|rule|Sleep Moves Clause: Sleep-inducing moves are banned
|clearpoke
|poke|p1|Lilligant-Hisui, F|
|poke|p1|Torkoal, M|
|poke|p1|Maushold-Four|
|poke|p1|Cinderace, F|
|poke|p1|Samurott-Hisui, F|
|poke|p1|Zamazenta-*|
|poke|p2|Mightyena, M|
|poke|p2|Ninetales-Alola, M|
|poke|p2|Beartic, M|
|poke|p2|Articuno|
|poke|p2|Lapras, M|
|poke|p2|Weavile, M|
|teampreview
|inactive|Battle timer is ON: inactive players will automatically lose when time's up. (requested by metallettuce52)
|
|t:|1779799390
|teamsize|p1|6
|teamsize|p2|6
|start
|switch|p1a: Tortoise|Torkoal, M|100/100
|switch|p2a: Weavile|Weavile, M|100/100
|-ability|p2a: Weavile|Pressure
|-weather|SunnyDay|[from] ability: Drought|[of] p1a: Tortoise
|turn|1
|
|t:|1779799399
|move|p2a: Weavile|Swords Dance|p2a: Weavile
|-boost|p2a: Weavile|atk|2
|move|p1a: Tortoise|Heat Wave|p2a: Weavile
|-supereffective|p2a: Weavile
|-enditem|p2a: Weavile|Focus Sash
|-damage|p2a: Weavile|1/100
|
|-weather|SunnyDay|[upkeep]
|upkeep
|turn|2
|
|t:|1779799410
|move|p2a: Weavile|Knock Off|p1a: Tortoise
|-damage|p1a: Tortoise|26/100
|-enditem|p1a: Tortoise|Heat Rock|[from] move: Knock Off|[of] p2a: Weavile
|move|p1a: Tortoise|Rapid Spin|p2a: Weavile
|-damage|p2a: Weavile|0 fnt
|-boost|p1a: Tortoise|spe|1
|faint|p2a: Weavile
|
|-weather|SunnyDay|[upkeep]
|upkeep
|
|t:|1779799423
|switch|p2a: Lapras|Lapras, M|100/100
|turn|3
|
|t:|1779799434
|move|p2a: Lapras|Rain Dance|p2a: Lapras
|-weather|RainDance
|move|p1a: Tortoise|Solar Beam||[still]
|-prepare|p1a: Tortoise|Solar Beam
|
|-weather|RainDance|[upkeep]
|upkeep
|turn|4
|
|t:|1779799442
|move|p2a: Lapras|Protect|p2a: Lapras
|-singleturn|p2a: Lapras|Protect
|move|p1a: Tortoise|Solar Beam|p2a: Lapras|[from] lockedmove
|-activate|p2a: Lapras|move: Protect
|
|-weather|RainDance|[upkeep]
|upkeep
|turn|5
|
|t:|1779799450
|switch|p1a: John Sharp|Samurott-Hisui, F|100/100
|move|p2a: Lapras|Whirlpool|p1a: John Sharp
|-resisted|p1a: John Sharp
|-damage|p1a: John Sharp|89/100
|-activate|p1a: John Sharp|move: Whirlpool|[of] p2a: Lapras
|
|-weather|RainDance|[upkeep]
|-damage|p1a: John Sharp|77/100|[from] move: Whirlpool|[partiallytrapped]
|upkeep
|turn|6
|
|t:|1779799460
|move|p2a: Lapras|Protect|p2a: Lapras
|-singleturn|p2a: Lapras|Protect
|move|p1a: John Sharp|Flip Turn|p2a: Lapras
|-activate|p2a: Lapras|move: Protect
|
|-weather|RainDance|[upkeep]
|-damage|p1a: John Sharp|64/100|[from] move: Whirlpool|[partiallytrapped]
|upkeep
|turn|7
|
|t:|1779799472
|move|p1a: John Sharp|Flip Turn|p2a: Lapras
|-resisted|p2a: Lapras
|-damage|p2a: Lapras|87/100
|-damage|p1a: John Sharp|48/100|[from] item: Rocky Helmet|[of] p2a: Lapras
|
|t:|1779799482
|switch|p1a: Tortoise|Torkoal, M|26/100|[from] Flip Turn
|-weather|SunnyDay|[from] ability: Drought|[of] p1a: Tortoise
|move|p2a: Lapras|Rest|p2a: Lapras
|-status|p2a: Lapras|slp|[from] move: Rest
|-heal|p2a: Lapras|100/100 slp|[silent]
|
|-weather|SunnyDay|[upkeep]
|upkeep
|turn|8
|
|t:|1779799496
|switch|p1a: Gooner Bair|Lilligant-Hisui, F|100/100
|cant|p2a: Lapras|slp
|
|-weather|SunnyDay|[upkeep]
|upkeep
|turn|9
|
|t:|1779799503
|move|p1a: Gooner Bair|Victory Dance|p1a: Gooner Bair
|-boost|p1a: Gooner Bair|atk|1
|-boost|p1a: Gooner Bair|def|1
|-boost|p1a: Gooner Bair|spe|1
|cant|p2a: Lapras|slp
|
|-weather|SunnyDay|[upkeep]
|upkeep
|turn|10
|
|t:|1779799510
|move|p1a: Gooner Bair|Solar Blade||[still]
|-prepare|p1a: Gooner Bair|Solar Blade
|-anim|p1a: Gooner Bair|Solar Blade|p2a: Lapras
|-supereffective|p2a: Lapras
|-damage|p2a: Lapras|0 fnt
|-damage|p1a: Gooner Bair|84/100|[from] item: Rocky Helmet|[of] p2a: Lapras
|faint|p2a: Lapras
|
|-weather|SunnyDay|[upkeep]
|upkeep
|
|t:|1779799526
|switch|p2a: Articuno|Articuno|100/100
|-ability|p2a: Articuno|Pressure
|turn|11
|
|t:|1779799533
|move|p1a: Gooner Bair|Close Combat|p2a: Articuno
|-damage|p2a: Articuno|17/100
|-unboost|p1a: Gooner Bair|def|1
|-unboost|p1a: Gooner Bair|spd|1
|move|p2a: Articuno|Freeze-Dry|p1a: Gooner Bair
|-supereffective|p1a: Gooner Bair
|-damage|p1a: Gooner Bair|0 fnt
|faint|p1a: Gooner Bair
|
|-weather|none
|upkeep
|
|t:|1779799542
|switch|p1a: Tortoise|Torkoal, M|26/100
|-weather|SunnyDay|[from] ability: Drought|[of] p1a: Tortoise
|turn|12
|
|t:|1779799552
|switch|p1a: John Sharp|Samurott-Hisui, F|48/100
|move|p2a: Articuno|Hurricane|p1a: John Sharp
|-damage|p1a: John Sharp|0 fnt
|faint|p1a: John Sharp
|
|-weather|SunnyDay|[upkeep]
|upkeep
|
|t:|1779799566
|switch|p1a: Disney World|Maushold-Four|100/100
|turn|13
|
|t:|1779799572
|move|p1a: Disney World|Population Bomb|p2a: Articuno
|-damage|p2a: Articuno|8/100
|-damage|p2a: Articuno|0 fnt
|faint|p2a: Articuno
|-hitcount|p2: Articuno|2
|
|-weather|SunnyDay|[upkeep]
|upkeep
|
|t:|1779799581
|switch|p2a: Ninetales|Ninetales-Alola, M|100/100
|-weather|Snowscape|[from] ability: Snow Warning|[of] p2a: Ninetales
|turn|14
|
|t:|1779799591
|move|p1a: Disney World|Tidy Up|p1a: Disney World
|-boost|p1a: Disney World|atk|1
|-boost|p1a: Disney World|spe|1
|move|p2a: Ninetales|Aurora Veil|p2a: Ninetales
|-sidestart|p2: vitos86|move: Aurora Veil
|
|-weather|Snowscape|[upkeep]
|upkeep
|turn|15
|
|t:|1779799599
|move|p1a: Disney World|Tidy Up|p1a: Disney World
|-boost|p1a: Disney World|atk|1
|-boost|p1a: Disney World|spe|1
|move|p2a: Ninetales|Calm Mind|p2a: Ninetales
|-boost|p2a: Ninetales|spa|1
|-boost|p2a: Ninetales|spd|1
|
|-weather|Snowscape|[upkeep]
|upkeep
|turn|16
|
|t:|1779799611
|move|p1a: Disney World|Population Bomb|p2a: Ninetales
|-damage|p2a: Ninetales|94/100
|-damage|p2a: Ninetales|87/100
|-damage|p2a: Ninetales|81/100
|-damage|p2a: Ninetales|76/100
|-damage|p2a: Ninetales|70/100
|-damage|p2a: Ninetales|63/100
|-damage|p2a: Ninetales|56/100
|-damage|p2a: Ninetales|50/100
|-damage|p2a: Ninetales|43/100
|-damage|p2a: Ninetales|37/100
|-hitcount|p2a: Ninetales|10
|move|p2a: Ninetales|Calm Mind|p2a: Ninetales
|-boost|p2a: Ninetales|spa|1
|-boost|p2a: Ninetales|spd|1
|
|-weather|Snowscape|[upkeep]
|-heal|p2a: Ninetales|43/100|[from] item: Leftovers
|upkeep
|turn|17
|
|t:|1779799632
|move|p1a: Disney World|Population Bomb|p2a: Ninetales
|-damage|p2a: Ninetales|37/100
|-damage|p2a: Ninetales|30/100
|-damage|p2a: Ninetales|24/100
|-damage|p2a: Ninetales|18/100
|-hitcount|p2a: Ninetales|4
|move|p2a: Ninetales|Draining Kiss|p1a: Disney World
|-crit|p1a: Disney World
|-damage|p1a: Disney World|35/100
|-heal|p2a: Ninetales|58/100|[from] drain|[of] p1a: Disney World
|
|-weather|Snowscape|[upkeep]
|-heal|p2a: Ninetales|64/100|[from] item: Leftovers
|upkeep
|turn|18
|
|t:|1779799646
|move|p1a: Disney World|Population Bomb|p2a: Ninetales
|-damage|p2a: Ninetales|58/100
|-damage|p2a: Ninetales|52/100
|-damage|p2a: Ninetales|46/100
|-damage|p2a: Ninetales|40/100
|-damage|p2a: Ninetales|33/100
|-hitcount|p2a: Ninetales|5
|move|p2a: Ninetales|Draining Kiss|p1a: Disney World
|-damage|p1a: Disney World|0 fnt
|-heal|p2a: Ninetales|54/100|[from] drain|[of] p1a: Disney World
|faint|p1a: Disney World
|
|-weather|none
|-heal|p2a: Ninetales|60/100|[from] item: Leftovers
|-sideend|p2: vitos86|move: Aurora Veil
|upkeep
|
|t:|1779799659
|switch|p1a: Hare|Cinderace, F|100/100
|turn|19
|
|t:|1779799677
|move|p1a: Hare|Pyro Ball|p2a: Ninetales
|-supereffective|p2a: Ninetales
|-damage|p2a: Ninetales|0 fnt
|faint|p2a: Ninetales
|
|upkeep
|
|t:|1779799682
|switch|p2a: Beartic|Beartic, M|100/100
|turn|20
|
|t:|1779799690
|move|p2a: Beartic|Aqua Jet|p1a: Hare
|-supereffective|p1a: Hare
|-damage|p1a: Hare|59/100
|move|p1a: Hare|Pyro Ball|p2a: Beartic
|-supereffective|p2a: Beartic
|-damage|p2a: Beartic|0 fnt
|faint|p2a: Beartic
|
|upkeep
|
|t:|1779799698
|switch|p2a: Mightyena|Mightyena, M|100/100
|turn|21
|
|t:|1779799704
|-terastallize|p2a: Mightyena|Dark
|move|p2a: Mightyena|Sucker Punch|p1a: Hare
|-damage|p1a: Hare|0 fnt
|faint|p1a: Hare
|-ability|p2a: Mightyena|Moxie|boost
|-boost|p2a: Mightyena|atk|1
|-damage|p2a: Mightyena|91/100|[from] item: Life Orb
|
|upkeep
|
|t:|1779799711
|switch|p1a: Salt Shaker|Zamazenta|100/100
|-ability|p1a: Salt Shaker|Dauntless Shield|boost
|-boost|p1a: Salt Shaker|def|1
|turn|22
|
|t:|1779799717
|move|p1a: Salt Shaker|Body Press|p2a: Mightyena
|-supereffective|p2a: Mightyena
|-damage|p2a: Mightyena|0 fnt
|faint|p2a: Mightyena
|
|win|metallettuce52
|raw|metallettuce52's rating: 1129 &rarr; <strong>1156</strong><br />(+27 for winning)
|raw|vitos86's rating: 1160 &rarr; <strong>1133</strong><br />(-27 for losing)
|l|☆metallettuce52
|player|p1|
|l|☆vitos86
|player|p2|
