|j|☆Free6lackpanther
|j|☆ZeeVeeAy
|t:|1779854527
|gametype|singles
|player|p1|Free6lackpanther|2|1333
|player|p2|ZeeVeeAy|daisy|1343
|gen|9
|tier|[Gen 9] OU
|rated|
|rule|HP Percentage Mod: HP is shown in percentages
|rule|Endless Battle Clause: Forcing endless battles is banned
|rule|Species Clause: Limit one of each Pokémon
|rule|OHKO Clause: OHKO moves are banned
|rule|Evasion Items Clause: Evasion items are banned
|rule|Evasion Moves Clause: Evasion moves are banned
|rule|Evasion Abilities Clause: Evasion abilities are banned
|rule|Sleep Moves Clause: Sleep-inducing moves are banned
|clearpoke
|poke|p1|Primarina, F|
|poke|p1|Slowking-Galar, M|
|poke|p1|Great Tusk|
|poke|p1|Zapdos|
|poke|p1|Tyranitar, F|
|poke|p1|Skeledirge, M|
|poke|p2|Hatterene, F|
|poke|p2|Heatran, M|
|poke|p2|Dragapult, M|
|poke|p2|Gliscor, M|
|poke|p2|Kyurem|
|poke|p2|Alomomola, F|
|teampreview
|inactive|Battle timer is ON: inactive players will automatically lose when time's up. (requested by ZeeVeeAy)
|inactive|Free6lackpanther also wants the timer to be on.
|inactive|ZeeVeeAy has 120 seconds left.
|
|t:|1779854565
|teamsize|p1|6
|teamsize|p2|6
|start
|switch|p1a: Primarina|Primarina, F|100/100
|switch|p2a: Hatterene|Hatterene, F|100/100
|turn|1
|
|t:|1779854581
|move|p1a: Primarina|Flip Turn|p2a: Hatterene
|-damage|p2a: Hatterene|84/100
|
|t:|1779854588
|switch|p1a: Slowking|Slowking-Galar, M|100/100|[from] Flip Turn
|move|p2a: Hatterene|Psyshock|p1a: Slowking
|-damage|p1a: Slowking|22/100
|
|-heal|p1a: Slowking|28/100|[from] item: Black Sludge
|upkeep
|turn|2
|
|t:|1779854598
|switch|p2a: Gliscor|Gliscor, M|100/100
|switch|p1a: Tyranitar|Tyranitar, F|100/100
|-weather|Sandstorm|[from] ability: Sand Stream|[of] p1a: Tyranitar
|
|-weather|Sandstorm|[upkeep]
|-status|p2a: Gliscor|tox|[from] item: Toxic Orb
|upkeep
|turn|3
|
|t:|1779854608
|move|p2a: Gliscor|Toxic|p1a: Tyranitar
|-status|p1a: Tyranitar|tox
|move|p1a: Tyranitar|Ice Punch|p2a: Gliscor
|-supereffective|p2a: Gliscor
|-damage|p2a: Gliscor|6/100 tox
|
|-weather|Sandstorm|[upkeep]
|-heal|p2a: Gliscor|19/100 tox|[from] ability: Poison Heal
|-damage|p1a: Tyranitar|94/100 tox|[from] psn
|upkeep
|turn|4
|
|t:|1779854620
|switch|p1a: Skeledirge|Skeledirge, M|100/100
|move|p2a: Gliscor|Protect||[still]
|-fail|p2a: Gliscor
|
|-weather|Sandstorm|[upkeep]
|-damage|p1a: Skeledirge|94/100|[from] Sandstorm
|-heal|p1a: Skeledirge|100/100|[from] item: Leftovers
|-heal|p2a: Gliscor|31/100 tox|[from] ability: Poison Heal
|upkeep
|turn|5
|
|t:|1779854631
|move|p2a: Gliscor|Toxic|p1a: Skeledirge
|-status|p1a: Skeledirge|tox
|move|p1a: Skeledirge|Torch Song|p2a: Gliscor
|-crit|p2a: Gliscor
|-damage|p2a: Gliscor|0 fnt
|-boost|p1a: Skeledirge|spa|1
|faint|p2a: Gliscor
|
|-weather|Sandstorm|[upkeep]
|-damage|p1a: Skeledirge|94/100 tox|[from] Sandstorm
|-heal|p1a: Skeledirge|100/100 tox|[from] item: Leftovers
|-damage|p1a: Skeledirge|94/100 tox|[from] psn
|upkeep
|
|t:|1779854637
|switch|p2a: Heatran|Heatran, M|100/100
|turn|6
|
|t:|1779854651
|switch|p1a: Slowking|Slowking-Galar, M|61/100
|move|p2a: Heatran|Stealth Rock|p1a: Slowking
|-sidestart|p1: Free6lackpanther|move: Stealth Rock
|
|-weather|none
|-heal|p1a: Slowking|68/100|[from] item: Black Sludge
|upkeep
|turn|7
|
|t:|1779854660
|move|p2a: Heatran|Taunt|p1a: Slowking
|-start|p1a: Slowking|move: Taunt
|cant|p1a: Slowking|move: Taunt|Trick
|
|-heal|p1a: Slowking|74/100|[from] item: Black Sludge
|upkeep
|turn|8
|
|t:|1779854673
|switch|p1a: Tyranitar|Tyranitar, F|94/100 tox
|-damage|p1a: Tyranitar|82/100 tox|[from] Stealth Rock
|-weather|Sandstorm|[from] ability: Sand Stream|[of] p1a: Tyranitar
|move|p2a: Heatran|Earth Power|p1a: Tyranitar
|-supereffective|p1a: Tyranitar
|-damage|p1a: Tyranitar|62/100 tox
|
|-weather|Sandstorm|[upkeep]
|-damage|p1a: Tyranitar|56/100 tox|[from] psn
|upkeep
|turn|9
|
|t:|1779854685
|switch|p2a: Alomomola|Alomomola, F|100/100
|move|p1a: Tyranitar|Earthquake|p2a: Alomomola
|-damage|p2a: Alomomola|78/100
|
|-weather|Sandstorm|[upkeep]
|-damage|p2a: Alomomola|72/100|[from] Sandstorm
|-damage|p1a: Tyranitar|44/100 tox|[from] psn
|upkeep
|turn|10
|
|t:|1779854697
|switch|p1a: Slowking|Slowking-Galar, M|100/100
|-damage|p1a: Slowking|88/100|[from] Stealth Rock
|move|p2a: Alomomola|Wish|p2a: Alomomola
|
|-weather|Sandstorm|[upkeep]
|-damage|p2a: Alomomola|66/100|[from] Sandstorm
|-damage|p1a: Slowking|82/100|[from] Sandstorm
|-heal|p1a: Slowking|88/100|[from] item: Black Sludge
|upkeep
|turn|11
|
|t:|1779854709
|move|p2a: Alomomola|Flip Turn|p1a: Slowking
|-damage|p1a: Slowking|71/100
|
|t:|1779854712
|switch|p2a: Hatterene|Hatterene, F|84/100|[from] Flip Turn
|move|p1a: Slowking|Trick|p2a: Hatterene
|-activate|p1a: Slowking|move: Trick|[of] p2a: Hatterene
|-item|p2a: Hatterene|Black Sludge|[from] move: Trick
|-item|p1a: Slowking|Choice Specs|[from] move: Trick
|
|-weather|Sandstorm|[upkeep]
|-damage|p2a: Hatterene|78/100|[from] Sandstorm
|-damage|p1a: Slowking|64/100|[from] Sandstorm
|-heal|p2a: Hatterene|100/100|[from] move: Wish|[wisher] Alomomola
|-damage|p2a: Hatterene|88/100|[from] item: Black Sludge
|upkeep
|turn|12
|
|t:|1779854726
|move|p2a: Hatterene|Psyshock|p1a: Slowking
|-damage|p1a: Slowking|15/100
|move|p1a: Slowking|Future Sight|p2a: Hatterene
|-start|p1a: Slowking|move: Future Sight
|
|-weather|none
|-damage|p2a: Hatterene|76/100|[from] item: Black Sludge
|upkeep
|turn|13
|
|t:|1779854743
|switch|p1a: Tyranitar|Tyranitar, F|44/100 tox
|-damage|p1a: Tyranitar|31/100 tox|[from] Stealth Rock
|-weather|Sandstorm|[from] ability: Sand Stream|[of] p1a: Tyranitar
|move|p2a: Hatterene|Draining Kiss|p1a: Tyranitar
|-supereffective|p1a: Tyranitar
|-damage|p1a: Tyranitar|8/100 tox
|-heal|p2a: Hatterene|96/100|[from] drain|[of] p1a: Tyranitar
|
|-weather|Sandstorm|[upkeep]
|-damage|p2a: Hatterene|90/100|[from] Sandstorm
|-damage|p2a: Hatterene|77/100|[from] item: Black Sludge
|-damage|p1a: Tyranitar|2/100 tox|[from] psn
|upkeep
|turn|14
|
|t:|1779854762
|switch|p2a: Alomomola|Alomomola, F|99/100
|move|p1a: Tyranitar|Earthquake|p2a: Alomomola
|-damage|p2a: Alomomola|77/100
|
|-weather|Sandstorm|[upkeep]
|-damage|p2a: Alomomola|71/100|[from] Sandstorm
|-end|p2a: Alomomola|move: Future Sight
|-damage|p2a: Alomomola|17/100
|-damage|p1a: Tyranitar|0 fnt|[from] psn
|faint|p1a: Tyranitar
|upkeep
|
|t:|1779854776
|switch|p1a: Zapdos|Zapdos|100/100
|-damage|p1a: Zapdos|75/100|[from] Stealth Rock
|turn|15
|
|t:|1779854782
|switch|p2a: Kyurem|Kyurem|100/100
|-ability|p2a: Kyurem|Pressure
|move|p1a: Zapdos|Volt Switch|p2a: Kyurem
|-resisted|p2a: Kyurem
|-damage|p2a: Kyurem|91/100
|-message|Free6lackpanther forfeited.
|
|win|ZeeVeeAy
|raw|Free6lackpanther's rating: 1333 &rarr; <strong>1314</strong><br />(-19 for losing)
|raw|ZeeVeeAy's rating: 1343 &rarr; <strong>1362</strong><br />(+19 for winning)
|l|☆Free6lackpanther
|player|p1|
|l|☆ZeeVeeAy
|player|p2|
