|j|☆thegreatestnone
|j|☆Zovafire
|t:|1779811614
|gametype|singles
|player|p1|thegreatestnone|266|1513
|player|p2|Zovafire|mina-masters|1581
|gen|9
|tier|[Gen 9] OU
|rated|
|rule|HP Percentage Mod: HP is shown in percentages
|rule|Endless Battle Clause: Forcing endless battles is banned
|rule|Species Clause: Limit one of each Pokémon
|rule|OHKO Clause: OHKO moves are banned
|rule|Evasion Items Clause: Evasion items are banned
|rule|Evasion Moves Clause: Evasion moves are banned
|rule|Evasion Abilities Clause: Evasion abilities are banned
|rule|Sleep Moves Clause: Sleep-inducing moves are banned
|clearpoke
|poke|p1|Rillaboom, M|
|poke|p1|Ting-Lu|
|poke|p1|Skeledirge, M|
|poke|p1|Greninja-*, F|
|poke|p1|Weezing-Galar, F|
|poke|p1|Slowking, M|
|poke|p2|Tornadus-Therian, M|
|poke|p2|Great Tusk|
|poke|p2|Kingambit, F|
|poke|p2|Pecharunt|
|poke|p2|Latios, M|
|poke|p2|Iron Valiant|
|teampreview
|inactive|Battle timer is ON: inactive players will automatically lose when time's up. (requested by Zovafire)
|
|t:|1779811640
|teamsize|p1|6
|teamsize|p2|6
|start
|switch|p1a: Greninja|Greninja, F|100/100
|switch|p2a: Tornadus|Tornadus-Therian, M|100/100
|turn|1
|
|t:|1779811647
|move|p1a: Greninja|Ice Beam|p2a: Tornadus
|-start|p1a: Greninja|typechange|Ice|[from] ability: Protean
|-supereffective|p2a: Tornadus
|-damage|p2a: Tornadus|17/100
|move|p2a: Tornadus|Focus Blast|p1a: Greninja|[miss]
|-miss|p2a: Tornadus|p1a: Greninja
|
|upkeep
|turn|2
|
|t:|1779811654
|switch|p2a: Kingambit|Kingambit, F|100/100
|move|p1a: Greninja|Ice Beam|p2a: Kingambit
|-resisted|p2a: Kingambit
|-damage|p2a: Kingambit|74/100
|
|-heal|p2a: Kingambit|80/100|[from] item: Leftovers
|upkeep
|turn|3
|
|t:|1779811657
|switch|p1a: Ting-Lu|Ting-Lu|100/100
|-ability|p1a: Ting-Lu|Vessel of Ruin
|move|p2a: Kingambit|Kowtow Cleave|p1a: Ting-Lu
|-resisted|p1a: Ting-Lu
|-crit|p1a: Ting-Lu
|-damage|p1a: Ting-Lu|80/100
|
|-heal|p2a: Kingambit|86/100|[from] item: Leftovers
|-heal|p1a: Ting-Lu|86/100|[from] item: Leftovers
|upkeep
|turn|4
|
|t:|1779811662
|-end|p2a: Kingambit|fallenundefined|[silent]
|switch|p2a: Tornadus|Tornadus-Therian, M|50/100
|move|p1a: Ting-Lu|Stealth Rock|p2a: Tornadus
|-sidestart|p2: Zovafire|move: Stealth Rock
|
|-heal|p1a: Ting-Lu|92/100|[from] item: Leftovers
|upkeep
|turn|5
|
|t:|1779811673
|move|p2a: Tornadus|Knock Off|p1a: Ting-Lu
|-resisted|p1a: Ting-Lu
|-damage|p1a: Ting-Lu|87/100
|-enditem|p1a: Ting-Lu|Leftovers|[from] move: Knock Off|[of] p2a: Tornadus
|move|p1a: Ting-Lu|Ruination|p2a: Tornadus
|-damage|p2a: Tornadus|25/100
|
|upkeep
|turn|6
|
|t:|1779811679
|switch|p1a: Weezing|Weezing-Galar, F|100/100
|move|p2a: Tornadus|U-turn|p1a: Weezing
|-resisted|p1a: Weezing
|-damage|p1a: Weezing|98/100
|
|t:|1779811682
|switch|p2a: Latios|Latios, M|100/100|[from] U-turn
|-damage|p2a: Latios|88/100|[from] Stealth Rock
|
|-heal|p1a: Weezing|100/100|[from] item: Leftovers
|upkeep
|turn|7
|
|t:|1779811689
|switch|p1a: Slowking|Slowking, M|100/100
|move|p2a: Latios|Flip Turn|p1a: Slowking
|-resisted|p1a: Slowking
|-damage|p1a: Slowking|95/100
|
|t:|1779811694
|switch|p2a: Kingambit|Kingambit, F|86/100|[from] Flip Turn
|-damage|p2a: Kingambit|80/100|[from] Stealth Rock
|
|-heal|p2a: Kingambit|86/100|[from] item: Leftovers
|upkeep
|turn|8
|
|t:|1779811701
|switch|p1a: Ting-Lu|Ting-Lu|87/100
|-ability|p1a: Ting-Lu|Vessel of Ruin
|move|p2a: Kingambit|Iron Head|p1a: Ting-Lu
|-damage|p1a: Ting-Lu|63/100
|
|-heal|p2a: Kingambit|93/100|[from] item: Leftovers
|upkeep
|turn|9
|
|t:|1779811708
|-end|p2a: Kingambit|fallenundefined|[silent]
|switch|p2a: Great Tusk|Great Tusk|100/100
|move|p1a: Ting-Lu|Spikes|p2a: Great Tusk
|-sidestart|p2: Zovafire|Spikes
|
|upkeep
|turn|10
|
|t:|1779811712
|move|p2a: Great Tusk|Stealth Rock|p1a: Ting-Lu
|-sidestart|p1: thegreatestnone|move: Stealth Rock
|move|p1a: Ting-Lu|Ruination|p2a: Great Tusk
|-damage|p2a: Great Tusk|51/100
|
|upkeep
|turn|11
|
|t:|1779811719
|switch|p1a: Skeledirge|Skeledirge, M|100/100
|move|p2a: Great Tusk|Rapid Spin|p1a: Skeledirge
|-immune|p1a: Skeledirge
|
|upkeep
|turn|12
|
|t:|1779811725
|-end|p2a: Great Tusk|Protosynthesis|[silent]
|switch|p2a: Tornadus|Tornadus-Therian, M|59/100
|-damage|p2a: Tornadus|34/100|[from] Stealth Rock
|-terastallize|p1a: Skeledirge|Water
|move|p1a: Skeledirge|Will-O-Wisp|p2a: Tornadus
|-status|p2a: Tornadus|brn
|
|-damage|p2a: Tornadus|27/100 brn|[from] brn
|upkeep
|turn|13
|
|t:|1779811732
|move|p2a: Tornadus|U-turn|p1a: Skeledirge
|-damage|p1a: Skeledirge|96/100
|
|t:|1779811735
|switch|p2a: Great Tusk|Great Tusk|51/100|[from] U-turn
|move|p1a: Skeledirge|Hex|p2a: Great Tusk
|-damage|p2a: Great Tusk|16/100
|
|upkeep
|turn|14
|
|t:|1779811741
|move|p2a: Great Tusk|Rapid Spin|p1a: Skeledirge
|-damage|p1a: Skeledirge|86/100
|-boost|p2a: Great Tusk|spe|1
|-sideend|p2: Zovafire|Spikes|[from] move: Rapid Spin|[of] p2a: Great Tusk
|-sideend|p2: Zovafire|Stealth Rock|[from] move: Rapid Spin|[of] p2a: Great Tusk
|move|p1a: Skeledirge|Torch Song|p2a: Great Tusk
|-damage|p2a: Great Tusk|0 fnt
|-boost|p1a: Skeledirge|spa|1
|faint|p2a: Great Tusk
|-end|p2a: Great Tusk|Protosynthesis|[silent]
|
|upkeep
|
|t:|1779811745
|switch|p2a: Pecharunt|Pecharunt|100/100
|-item|p2a: Pecharunt|Air Balloon
|turn|15
|
|t:|1779811770
|switch|p1a: Ting-Lu|Ting-Lu|63/100
|-damage|p1a: Ting-Lu|57/100|[from] Stealth Rock
|-ability|p1a: Ting-Lu|Vessel of Ruin
|move|p2a: Pecharunt|Malignant Chain|p1a: Ting-Lu
|-resisted|p1a: Ting-Lu
|-damage|p1a: Ting-Lu|50/100
|
|upkeep
|turn|16
|
|t:|1779811776
|switch|p2a: Tornadus|Tornadus-Therian, M|61/100 brn
|move|p1a: Ting-Lu|Ruination|p2a: Tornadus
|-damage|p2a: Tornadus|31/100 brn
|
|-damage|p2a: Tornadus|24/100 brn|[from] brn
|upkeep
|turn|17
|
|t:|1779811781
|move|p2a: Tornadus|Focus Blast|p1a: Ting-Lu
|-supereffective|p1a: Ting-Lu
|-damage|p1a: Ting-Lu|25/100
|move|p1a: Ting-Lu|Stealth Rock|p2a: Tornadus
|-sidestart|p2: Zovafire|move: Stealth Rock
|
|-damage|p2a: Tornadus|18/100 brn|[from] brn
|upkeep
|turn|18
|
|t:|1779811788
|switch|p1a: Slowking|Slowking, M|100/100
|move|p2a: Tornadus|Focus Blast|p1a: Slowking
|-resisted|p1a: Slowking
|-damage|p1a: Slowking|92/100
|
|-damage|p2a: Tornadus|12/100 brn|[from] brn
|upkeep
|turn|19
|
|t:|1779811791
|move|p2a: Tornadus|Knock Off|p1a: Slowking
|-supereffective|p1a: Slowking
|-damage|p1a: Slowking|71/100
|-enditem|p1a: Slowking|Heavy-Duty Boots|[from] move: Knock Off|[of] p2a: Tornadus
|move|p1a: Slowking|Scald|p2a: Tornadus
|-damage|p2a: Tornadus|0 fnt
|faint|p2a: Tornadus
|
|upkeep
|
|t:|1779811798
|switch|p2a: Kingambit|Kingambit, F|93/100
|-damage|p2a: Kingambit|86/100|[from] Stealth Rock
|-activate|p2a: Kingambit|ability: Supreme Overlord
|-start|p2a: Kingambit|fallen2|[silent]
|turn|20
|inactive|thegreatestnone has 120 seconds left.
|
|t:|1779811837
|switch|p1a: Rillaboom|Rillaboom, M|100/100
|-damage|p1a: Rillaboom|88/100|[from] Stealth Rock
|-fieldstart|move: Grassy Terrain|[from] ability: Grassy Surge|[of] p1a: Rillaboom
|move|p2a: Kingambit|Kowtow Cleave|p1a: Rillaboom
|-damage|p1a: Rillaboom|28/100
|
|-heal|p1a: Rillaboom|34/100|[from] Grassy Terrain
|-heal|p2a: Kingambit|93/100|[from] Grassy Terrain
|-heal|p2a: Kingambit|99/100|[from] item: Leftovers
|upkeep
|turn|21
|
|t:|1779811841
|move|p1a: Rillaboom|Drain Punch|p2a: Kingambit
|-supereffective|p2a: Kingambit
|-damage|p2a: Kingambit|0 fnt
|-heal|p1a: Rillaboom|83/100|[from] drain|[of] p2a: Kingambit
|faint|p2a: Kingambit
|-end|p2a: Kingambit|fallen2|[silent]
|
|-heal|p1a: Rillaboom|89/100|[from] Grassy Terrain
|upkeep
|
|t:|1779811844
|switch|p2a: Pecharunt|Pecharunt|100/100
|-damage|p2a: Pecharunt|88/100|[from] Stealth Rock
|-item|p2a: Pecharunt|Air Balloon
|turn|22
|
|t:|1779811864
|switch|p1a: Weezing|Weezing-Galar, F|100/100
|-damage|p1a: Weezing|88/100|[from] Stealth Rock
|move|p2a: Pecharunt|Malignant Chain|p1a: Weezing
|-damage|p1a: Weezing|45/100
|
|-heal|p1a: Weezing|51/100|[from] item: Leftovers
|upkeep
|turn|23
|
|t:|1779811867
|move|p2a: Pecharunt|Nasty Plot|p2a: Pecharunt
|-boost|p2a: Pecharunt|spa|2
|move|p1a: Weezing|Pain Split|p2a: Pecharunt
|-sethp|p2a: Pecharunt|67/100|[from] move: Pain Split|[silent]
|-sethp|p1a: Weezing|75/100|[from] move: Pain Split
|
|-heal|p1a: Weezing|81/100|[from] item: Leftovers
|upkeep
|turn|24
|
|t:|1779811872
|move|p2a: Pecharunt|Malignant Chain|p1a: Weezing
|-damage|p1a: Weezing|0 fnt
|faint|p1a: Weezing
|
|-fieldend|move: Grassy Terrain
|upkeep
|
|t:|1779811876
|switch|p1a: Greninja|Greninja, F|100/100
|-damage|p1a: Greninja|88/100|[from] Stealth Rock
|turn|25
|
|t:|1779811883
|move|p1a: Greninja|Surf|p2a: Pecharunt
|-start|p1a: Greninja|typechange|Water|[from] ability: Protean
|-damage|p2a: Pecharunt|9/100
|-enditem|p2a: Pecharunt|Air Balloon
|move|p2a: Pecharunt|Malignant Chain|p1a: Greninja
|-damage|p1a: Greninja|0 fnt
|faint|p1a: Greninja
|
|upkeep
|
|t:|1779811888
|switch|p1a: Rillaboom|Rillaboom, M|89/100
|-damage|p1a: Rillaboom|77/100|[from] Stealth Rock
|-fieldstart|move: Grassy Terrain|[from] ability: Grassy Surge|[of] p1a: Rillaboom
|turn|26
|
|t:|1779811890
|move|p1a: Rillaboom|Grassy Glide|p2a: Pecharunt
|-resisted|p2a: Pecharunt
|-damage|p2a: Pecharunt|0 fnt
|faint|p2a: Pecharunt
|
|-heal|p1a: Rillaboom|83/100|[from] Grassy Terrain
|upkeep
|
|t:|1779811893
|switch|p2a: Latios|Latios, M|88/100
|-damage|p2a: Latios|76/100|[from] Stealth Rock
|turn|27
|
|t:|1779811897
|switch|p1a: Ting-Lu|Ting-Lu|25/100
|-damage|p1a: Ting-Lu|19/100|[from] Stealth Rock
|-ability|p1a: Ting-Lu|Vessel of Ruin
|move|p2a: Latios|Trick|p1a: Ting-Lu
|-activate|p2a: Latios|move: Trick|[of] p1a: Ting-Lu
|-item|p1a: Ting-Lu|Choice Scarf|[from] move: Trick
|-enditem|p2a: Latios|Choice Scarf|[silent]|[from] move: Trick
|
|-heal|p1a: Ting-Lu|25/100|[from] Grassy Terrain
|upkeep
|turn|28
|
|t:|1779811902
|move|p2a: Latios|Flip Turn|p1a: Ting-Lu
|-supereffective|p1a: Ting-Lu
|-damage|p1a: Ting-Lu|12/100
|
|t:|1779811904
|switch|p2a: Iron Valiant|Iron Valiant|100/100|[from] Flip Turn
|-damage|p2a: Iron Valiant|94/100|[from] Stealth Rock
|-enditem|p2a: Iron Valiant|Booster Energy
|-activate|p2a: Iron Valiant|ability: Quark Drive|[fromitem]
|-start|p2a: Iron Valiant|quarkdrivespe
|move|p1a: Ting-Lu|Ruination|p2a: Iron Valiant
|-damage|p2a: Iron Valiant|48/100
|
|-heal|p2a: Iron Valiant|54/100|[from] Grassy Terrain
|-heal|p1a: Ting-Lu|18/100|[from] Grassy Terrain
|upkeep
|turn|29
|
|t:|1779811916
|move|p2a: Iron Valiant|Moonblast|p1a: Ting-Lu
|-supereffective|p1a: Ting-Lu
|-damage|p1a: Ting-Lu|0 fnt
|faint|p1a: Ting-Lu
|
|-heal|p2a: Iron Valiant|60/100|[from] Grassy Terrain
|upkeep
|
|t:|1779811920
|switch|p1a: Rillaboom|Rillaboom, M|83/100
|-damage|p1a: Rillaboom|71/100|[from] Stealth Rock
|turn|30
|
|t:|1779811921
|move|p1a: Rillaboom|Grassy Glide|p2a: Iron Valiant
|-damage|p2a: Iron Valiant|0 fnt
|faint|p2a: Iron Valiant
|-end|p2a: Iron Valiant|Quark Drive|[silent]
|
|-heal|p1a: Rillaboom|77/100|[from] Grassy Terrain
|-fieldend|move: Grassy Terrain
|upkeep
|
|t:|1779811923
|switch|p2a: Latios|Latios, M|76/100
|-damage|p2a: Latios|64/100|[from] Stealth Rock
|turn|31
|
|t:|1779811936
|switch|p1a: Slowking|Slowking, M|100/100
|-damage|p1a: Slowking|88/100|[from] Stealth Rock
|-terastallize|p2a: Latios|Dragon
|move|p2a: Latios|Draco Meteor|p1a: Slowking
|-damage|p1a: Slowking|36/100
|-unboost|p2a: Latios|spa|2
|
|upkeep
|turn|32
|
|t:|1779811943
|switch|p1a: Skeledirge|Skeledirge, M, tera:Water|86/100
|move|p2a: Latios|Draco Meteor|p1a: Skeledirge
|-damage|p1a: Skeledirge|0 fnt
|-unboost|p2a: Latios|spa|2
|faint|p1a: Skeledirge
|
|upkeep
|
|t:|1779811946
|switch|p1a: Rillaboom|Rillaboom, M|77/100
|-damage|p1a: Rillaboom|65/100|[from] Stealth Rock
|-fieldstart|move: Grassy Terrain|[from] ability: Grassy Surge|[of] p1a: Rillaboom
|turn|33
|
|t:|1779811949
|move|p1a: Rillaboom|Grassy Glide|p2a: Latios
|-resisted|p2a: Latios
|-damage|p2a: Latios|26/100
|move|p2a: Latios|Draco Meteor|p1a: Rillaboom
|-damage|p1a: Rillaboom|28/100
|-unboost|p2a: Latios|spa|2
|
|-heal|p1a: Rillaboom|34/100|[from] Grassy Terrain
|upkeep
|turn|34
|
|t:|1779811955
|move|p1a: Rillaboom|Grassy Glide|p2a: Latios
|-resisted|p2a: Latios
|-damage|p2a: Latios|0 fnt
|faint|p2a: Latios
|
|win|thegreatestnone
|raw|thegreatestnone's rating: 1513 &rarr; <strong>1537</strong><br />(+24 for winning)
|raw|Zovafire's rating: 1581 &rarr; <strong>1557</strong><br />(-24 for losing)
|l|☆Zovafire
|player|p2|
|l|☆thegreatestnone
|player|p1|
