|j|☆KOSEKlBIJOU
|j|☆blazingshadow46
|t:|1779805560
|gametype|singles
|player|p1|KOSEKlBIJOU|red|1351
|player|p2|blazingshadow46|byron|1312
|gen|9
|tier|[Gen 9] OU
|rated|
|rule|HP Percentage Mod: HP is shown in percentages
|rule|Endless Battle Clause: Forcing endless battles is banned
|rule|Species Clause: Limit one of each Pokémon
|rule|OHKO Clause: OHKO moves are banned
|rule|Evasion Items Clause: Evasion items are banned
|rule|Evasion Moves Clause: Evasion moves are banned
|rule|Evasion Abilities Clause: Evasion abilities are banned
|rule|Sleep Moves Clause: Sleep-inducing moves are banned
|clearpoke
|poke|p1|Ribombee, M|
|poke|p1|Meloetta|
|poke|p1|Gholdengo|
|poke|p1|Great Tusk|
|poke|p1|Kingambit, M|
|poke|p1|Raging Bolt|
|poke|p2|Garchomp, M|
|poke|p2|Sableye, F|
|poke|p2|Cyclizar, F|
|poke|p2|Scizor, F|
|poke|p2|Reuniclus, F|
|poke|p2|Salamence, M|
|teampreview
|inactive|Battle timer is ON: inactive players will automatically lose when time's up. (requested by blazingshadow46)
|
|t:|1779805573
|teamsize|p1|6
|teamsize|p2|6
|start
|switch|p1a: Ribombee|Ribombee, M|100/100
|switch|p2a: Cyclizar|Cyclizar, F, shiny|100/100
|turn|1
|
|t:|1779805580
|move|p1a: Ribombee|U-turn|p2a: Cyclizar
|-damage|p2a: Cyclizar|80/100
|
|t:|1779805588
|switch|p1a: Gholdengo|Gholdengo|100/100|[from] U-turn
|-item|p1a: Gholdengo|Air Balloon
|move|p2a: Cyclizar|Overheat|p1a: Gholdengo
|-supereffective|p1a: Gholdengo
|-damage|p1a: Gholdengo|40/100
|-unboost|p2a: Cyclizar|spa|2
|-enditem|p1a: Gholdengo|Air Balloon
|
|upkeep
|turn|2
|
|t:|1779805603
|move|p2a: Cyclizar|U-turn|p1a: Gholdengo
|-resisted|p1a: Gholdengo
|-damage|p1a: Gholdengo|37/100
|
|t:|1779805606
|switch|p2a: Reuniclus|Reuniclus, F|100/100|[from] U-turn
|move|p1a: Gholdengo|Recover|p1a: Gholdengo
|-heal|p1a: Gholdengo|87/100
|
|upkeep
|turn|3
|
|t:|1779805627
|switch|p2a: Cyclizar|Cyclizar, F, shiny|100/100
|move|p1a: Gholdengo|Shadow Ball|p2a: Cyclizar
|-immune|p2a: Cyclizar
|
|upkeep
|turn|4
|
|t:|1779805631
|move|p2a: Cyclizar|Overheat|p1a: Gholdengo
|-supereffective|p1a: Gholdengo
|-damage|p1a: Gholdengo|21/100
|-unboost|p2a: Cyclizar|spa|2
|move|p1a: Gholdengo|Make It Rain|p2a: Cyclizar
|-damage|p2a: Cyclizar|45/100
|-unboost|p1a: Gholdengo|spa|1
|
|upkeep
|turn|5
|
|t:|1779805637
|move|p2a: Cyclizar|Overheat|p1a: Gholdengo
|-supereffective|p1a: Gholdengo
|-damage|p1a: Gholdengo|0 fnt
|-unboost|p2a: Cyclizar|spa|2
|faint|p1a: Gholdengo
|
|upkeep
|
|t:|1779805643
|switch|p1a: Ribombee|Ribombee, M|100/100
|turn|6
|
|t:|1779805664
|move|p1a: Ribombee|Moonblast|p2a: Cyclizar
|-supereffective|p2a: Cyclizar
|-damage|p2a: Cyclizar|0 fnt
|faint|p2a: Cyclizar
|
|upkeep
|
|t:|1779805678
|switch|p2a: Sableye|Sableye, F|100/100
|turn|7
|
|t:|1779805684
|move|p2a: Sableye|Encore|p1a: Ribombee
|-start|p1a: Ribombee|Encore
|move|p1a: Ribombee|Moonblast|p2a: Sableye
|-supereffective|p2a: Sableye
|-damage|p2a: Sableye|9/100
|-unboost|p2a: Sableye|spa|1
|
|upkeep
|turn|8
|
|t:|1779805690
|switch|p2a: Scizor|Scizor, F|100/100
|move|p1a: Ribombee|Moonblast|p2a: Scizor
|-resisted|p2a: Scizor
|-damage|p2a: Scizor|75/100
|
|-heal|p2a: Scizor|81/100|[from] item: Leftovers
|upkeep
|turn|9
|
|t:|1779805695
|switch|p1a: Raging Bolt|Raging Bolt|100/100
|move|p2a: Scizor|Dual Wingbeat|p1a: Raging Bolt
|-resisted|p1a: Raging Bolt
|-damage|p1a: Raging Bolt|91/100
|-resisted|p1a: Raging Bolt
|-damage|p1a: Raging Bolt|82/100
|-hitcount|p1a: Raging Bolt|2
|
|-heal|p1a: Raging Bolt|88/100|[from] item: Leftovers
|-heal|p2a: Scizor|87/100|[from] item: Leftovers
|upkeep
|turn|10
|
|t:|1779805701
|switch|p2a: Garchomp|Garchomp, M|100/100
|move|p1a: Raging Bolt|Calm Mind|p1a: Raging Bolt
|-boost|p1a: Raging Bolt|spa|1
|-boost|p1a: Raging Bolt|spd|1
|
|-heal|p1a: Raging Bolt|94/100|[from] item: Leftovers
|upkeep
|turn|11
|
|t:|1779805705
|-terastallize|p1a: Raging Bolt|Fairy
|move|p2a: Garchomp|Earthquake|p1a: Raging Bolt
|-damage|p1a: Raging Bolt|58/100
|move|p1a: Raging Bolt|Dragon Pulse|p2a: Garchomp
|-supereffective|p2a: Garchomp
|-damage|p2a: Garchomp|0 fnt
|faint|p2a: Garchomp
|
|-heal|p1a: Raging Bolt|64/100|[from] item: Leftovers
|upkeep
|
|t:|1779805713
|switch|p2a: Sableye|Sableye, F|9/100
|turn|12
|
|t:|1779805717
|move|p2a: Sableye|Encore|p1a: Raging Bolt
|-start|p1a: Raging Bolt|Encore
|move|p1a: Raging Bolt|Dragon Pulse|p2a: Sableye
|-damage|p2a: Sableye|0 fnt
|faint|p2a: Sableye
|
|-heal|p1a: Raging Bolt|70/100|[from] item: Leftovers
|upkeep
|
|t:|1779805718
|switch|p2a: Scizor|Scizor, F|87/100
|turn|13
|
|t:|1779805723
|move|p1a: Raging Bolt|Dragon Pulse|p2a: Scizor
|-resisted|p2a: Scizor
|-damage|p2a: Scizor|39/100
|move|p2a: Scizor|Swords Dance|p2a: Scizor
|-boost|p2a: Scizor|atk|2
|
|-heal|p1a: Raging Bolt|76/100|[from] item: Leftovers
|-heal|p2a: Scizor|45/100|[from] item: Leftovers
|upkeep
|turn|14
|
|t:|1779805736
|move|p2a: Scizor|Bullet Punch|p1a: Raging Bolt
|-supereffective|p1a: Raging Bolt
|-damage|p1a: Raging Bolt|0 fnt
|faint|p1a: Raging Bolt
|-end|p1a: Raging Bolt|Protosynthesis|[silent]
|
|-heal|p2a: Scizor|51/100|[from] item: Leftovers
|upkeep
|
|t:|1779805739
|switch|p1a: Kingambit|Kingambit, M|100/100
|-activate|p1a: Kingambit|ability: Supreme Overlord
|-start|p1a: Kingambit|fallen2|[silent]
|turn|15
|
|t:|1779805753
|switch|p2a: Reuniclus|Reuniclus, F|100/100
|move|p1a: Kingambit|Sucker Punch||[still]
|-fail|p1a: Kingambit
|
|upkeep
|turn|16
|
|t:|1779805758
|-terastallize|p2a: Reuniclus|Fighting
|move|p1a: Kingambit|Kowtow Cleave|p2a: Reuniclus
|-resisted|p2a: Reuniclus
|-damage|p2a: Reuniclus|62/100
|move|p2a: Reuniclus|Focus Blast|p1a: Kingambit
|-supereffective|p1a: Kingambit
|-damage|p1a: Kingambit|0 fnt
|faint|p1a: Kingambit
|-end|p1a: Kingambit|fallen2|[silent]
|
|upkeep
|
|t:|1779805762
|switch|p1a: Ribombee|Ribombee, M|100/100
|turn|17
|
|t:|1779805766
|move|p1a: Ribombee|Moonblast|p2a: Reuniclus
|-supereffective|p2a: Reuniclus
|-damage|p2a: Reuniclus|9/100
|move|p2a: Reuniclus|Future Sight|p1a: Ribombee
|-start|p2a: Reuniclus|move: Future Sight
|
|upkeep
|turn|18
|
|t:|1779805771
|move|p1a: Ribombee|Moonblast|p2a: Reuniclus
|-supereffective|p2a: Reuniclus
|-damage|p2a: Reuniclus|0 fnt
|faint|p2a: Reuniclus
|
|upkeep
|
|t:|1779805774
|switch|p2a: Scizor|Scizor, F|51/100
|turn|19
|
|t:|1779805788
|switch|p1a: Meloetta|Meloetta|100/100
|move|p2a: Scizor|Bullet Punch|p1a: Meloetta
|-damage|p1a: Meloetta|54/100
|
|-end|p1a: Meloetta|move: Future Sight
|-resisted|p1a: Meloetta
|-damage|p1a: Meloetta|35/100
|-heal|p2a: Scizor|57/100|[from] item: Leftovers
|upkeep
|turn|20
|
|t:|1779805797
|move|p2a: Scizor|Bullet Punch|p1a: Meloetta
|-damage|p1a: Meloetta|0 fnt
|faint|p1a: Meloetta
|
|-heal|p2a: Scizor|63/100|[from] item: Leftovers
|upkeep
|
|t:|1779805799
|switch|p1a: Great Tusk|Great Tusk|100/100
|turn|21
|
|t:|1779805803
|switch|p2a: Salamence|Salamence, M|100/100
|move|p1a: Great Tusk|Knock Off|p2a: Salamence
|-damage|p2a: Salamence|59/100
|-enditem|p2a: Salamence|Heavy-Duty Boots|[from] move: Knock Off|[of] p1a: Great Tusk
|
|upkeep
|turn|22
|
|t:|1779805815
|move|p2a: Salamence|Dual Wingbeat|p1a: Great Tusk
|-supereffective|p1a: Great Tusk
|-crit|p1a: Great Tusk
|-damage|p1a: Great Tusk|49/100
|-supereffective|p1a: Great Tusk
|-damage|p1a: Great Tusk|16/100
|-hitcount|p1a: Great Tusk|2
|move|p1a: Great Tusk|Stealth Rock|p2a: Salamence
|-sidestart|p2: blazingshadow46|move: Stealth Rock
|
|-heal|p1a: Great Tusk|23/100|[from] item: Leftovers
|upkeep
|turn|23
|
|t:|1779805822
|move|p2a: Salamence|Dual Wingbeat|p1a: Great Tusk|[miss]
|-miss|p2a: Salamence|p1a: Great Tusk
|move|p1a: Great Tusk|Knock Off|p2a: Salamence
|-damage|p2a: Salamence|32/100
|
|-heal|p1a: Great Tusk|29/100|[from] item: Leftovers
|upkeep
|turn|24
|
|t:|1779805832
|move|p2a: Salamence|Dual Wingbeat|p1a: Great Tusk
|-supereffective|p1a: Great Tusk
|-crit|p1a: Great Tusk
|-damage|p1a: Great Tusk|0 fnt
|faint|p1a: Great Tusk
|-end|p1a: Great Tusk|Protosynthesis|[silent]
|-ability|p2a: Salamence|Moxie|boost
|-boost|p2a: Salamence|atk|1
|-hitcount|p1: Great Tusk|1
|
|upkeep
|
|t:|1779805834
|switch|p1a: Ribombee|Ribombee, M|100/100
|turn|25
|
|t:|1779805837
|move|p1a: Ribombee|Moonblast|p2a: Salamence
|-supereffective|p2a: Salamence
|-damage|p2a: Salamence|0 fnt
|faint|p2a: Salamence
|
|upkeep
|
|t:|1779805839
|switch|p2a: Scizor|Scizor, F|63/100
|-damage|p2a: Scizor|51/100|[from] Stealth Rock
|turn|26
|
|t:|1779805845
|move|p2a: Scizor|Bullet Punch|p1a: Ribombee
|-supereffective|p1a: Ribombee
|-enditem|p1a: Ribombee|Focus Sash
|-damage|p1a: Ribombee|1/100
|move|p1a: Ribombee|Moonblast|p2a: Scizor
|-resisted|p2a: Scizor
|-crit|p2a: Scizor
|-damage|p2a: Scizor|18/100
|-unboost|p2a: Scizor|spa|1
|
|-heal|p2a: Scizor|24/100|[from] item: Leftovers
|upkeep
|turn|27
|-message|KOSEKlBIJOU forfeited.
|
|win|blazingshadow46
|raw|KOSEKlBIJOU's rating: 1351 &rarr; <strong>1329</strong><br />(-22 for losing)
|raw|blazingshadow46's rating: 1312 &rarr; <strong>1334</strong><br />(+22 for winning)
|l|☆KOSEKlBIJOU
|player|p1|
|c|☆blazingshadow46|gg
|l|☆blazingshadow46
|player|p2|
