|j|☆Glocksucker
|j|☆chessmaster 2000
|t:|1779967628
|gametype|singles
|player|p1|Glocksucker|169|1324
|player|p2|chessmaster 2000|firebreather|1418
|gen|9
|tier|[Gen 9] OU
|rated|
|rule|HP Percentage Mod: HP is shown in percentages
|rule|Endless Battle Clause: Forcing endless battles is banned
|rule|Species Clause: Limit one of each Pokémon
|rule|OHKO Clause: OHKO moves are banned
|rule|Evasion Items Clause: Evasion items are banned
|rule|Evasion Moves Clause: Evasion moves are banned
|rule|Evasion Abilities Clause: Evasion abilities are banned
|rule|Sleep Moves Clause: Sleep-inducing moves are banned
|clearpoke
|poke|p1|Blissey, F|
|poke|p1|Gliscor, F|
|poke|p1|Corviknight, M|
|poke|p1|Dondozo, M|
|poke|p1|Clodsire, M|
|poke|p1|Toxapex, M|
|poke|p2|Blaziken, M|
|poke|p2|Ninetales, M|
|poke|p2|Venusaur, F|
|poke|p2|Hatterene, F|
|poke|p2|Great Tusk|
|poke|p2|Walking Wake|
|teampreview
|inactive|Battle timer is ON: inactive players will automatically lose when time's up. (requested by chessmaster 2000)
|
|t:|1779967642
|teamsize|p1|6
|teamsize|p2|6
|start
|switch|p1a: Gliscor|Gliscor, F|100/100
|switch|p2a: Ninetales|Ninetales, M|100/100
|-weather|SunnyDay|[from] ability: Drought|[of] p2a: Ninetales
|turn|1
|
|t:|1779967648
|move|p2a: Ninetales|Will-O-Wisp|p1a: Gliscor
|-status|p1a: Gliscor|brn
|move|p1a: Gliscor|Knock Off|p2a: Ninetales
|-damage|p2a: Ninetales|88/100
|-enditem|p2a: Ninetales|Heat Rock|[from] move: Knock Off|[of] p1a: Gliscor
|
|-weather|SunnyDay|[upkeep]
|-damage|p1a: Gliscor|94/100 brn|[from] brn
|upkeep
|turn|2
|
|t:|1779967662
|move|p2a: Ninetales|Encore|p1a: Gliscor
|-start|p1a: Gliscor|Encore
|move|p1a: Gliscor|Knock Off|p2a: Ninetales
|-damage|p2a: Ninetales|80/100
|
|-weather|SunnyDay|[upkeep]
|-damage|p1a: Gliscor|88/100 brn|[from] brn
|upkeep
|turn|3
|
|t:|1779967668
|move|p2a: Ninetales|Flamethrower|p1a: Gliscor
|-damage|p1a: Gliscor|54/100 brn
|move|p1a: Gliscor|Knock Off|p2a: Ninetales
|-damage|p2a: Ninetales|71/100
|
|-weather|SunnyDay|[upkeep]
|-damage|p1a: Gliscor|48/100 brn|[from] brn
|upkeep
|turn|4
|
|t:|1779967685
|switch|p1a: Hella Bliss|Blissey, F|100/100
|move|p2a: Ninetales|Flamethrower|p1a: Hella Bliss
|-crit|p1a: Hella Bliss
|-damage|p1a: Hella Bliss|83/100
|
|-weather|SunnyDay|[upkeep]
|upkeep
|turn|5
|
|t:|1779967690
|switch|p2a: Hatterene|Hatterene, F|100/100
|move|p1a: Hella Bliss|Heal Bell|p1a: Hella Bliss
|-activate|p1a: Hella Bliss|move: Heal Bell
|-curestatus|p1: Gliscor|brn|[msg]
|
|-weather|SunnyDay|[upkeep]
|upkeep
|turn|6
|
|t:|1779967700
|move|p1a: Hella Bliss|Seismic Toss|p2a: Hatterene
|-damage|p2a: Hatterene|69/100
|-enditem|p2a: Hatterene|Eject Button
|
|t:|1779967702
|switch|p2a: Blaziken|Blaziken, M|100/100
|
|-weather|SunnyDay|[upkeep]
|upkeep
|turn|7
|inactive|Glocksucker has 120 seconds left.
|
|t:|1779967758
|switch|p1a: Toxapex|Toxapex, M|100/100
|move|p2a: Blaziken|Focus Energy|p2a: Blaziken
|-start|p2a: Blaziken|move: Focus Energy
|
|-weather|SunnyDay|[upkeep]
|-ability|p2a: Blaziken|Speed Boost|boost
|-boost|p2a: Blaziken|spe|1
|upkeep
|turn|8
|
|t:|1779967763
|-terastallize|p2a: Blaziken|Fire
|move|p2a: Blaziken|Overheat|p1a: Toxapex
|-resisted|p1a: Toxapex
|-crit|p1a: Toxapex
|-damage|p1a: Toxapex|32/100
|-unboost|p2a: Blaziken|spa|2
|move|p1a: Toxapex|Haze|p1a: Toxapex
|-clearallboost
|
|-weather|none
|-ability|p2a: Blaziken|Speed Boost|boost
|-boost|p2a: Blaziken|spe|1
|upkeep
|turn|9
|
|t:|1779967772
|move|p1a: Toxapex|Baneful Bunker|p1a: Toxapex
|-singleturn|p1a: Toxapex|move: Protect
|move|p2a: Blaziken|Overheat|p1a: Toxapex
|-activate|p1a: Toxapex|move: Protect
|
|-ability|p2a: Blaziken|Speed Boost|boost
|-boost|p2a: Blaziken|spe|1
|upkeep
|turn|10
|inactive|Glocksucker has 90 seconds left.
|inactive|Glocksucker has 60 seconds left.
|
|t:|1779967846
|switch|p1a: Hella Bliss|Blissey, F|83/100
|move|p2a: Blaziken|Close Combat|p1a: Hella Bliss
|-supereffective|p1a: Hella Bliss
|-crit|p1a: Hella Bliss
|-damage|p1a: Hella Bliss|0 fnt
|-unboost|p2a: Blaziken|def|1
|-unboost|p2a: Blaziken|spd|1
|faint|p1a: Hella Bliss
|
|-ability|p2a: Blaziken|Speed Boost|boost
|-boost|p2a: Blaziken|spe|1
|upkeep
|
|t:|1779967870
|switch|p1a: Clodsire|Clodsire, M|100/100
|turn|11
|
|t:|1779967882
|move|p2a: Blaziken|Overheat|p1a: Clodsire
|-crit|p1a: Clodsire
|-damage|p1a: Clodsire|24/100
|-unboost|p2a: Blaziken|spa|2
|move|p1a: Clodsire|Earthquake|p2a: Blaziken
|-supereffective|p2a: Blaziken
|-damage|p2a: Blaziken|13/100
|
|-ability|p2a: Blaziken|Speed Boost|boost
|-boost|p2a: Blaziken|spe|1
|upkeep
|turn|12
|inactive|Glocksucker has 30 seconds left.
|
|t:|1779967910
|move|p2a: Blaziken|Overheat|p1a: Clodsire
|-crit|p1a: Clodsire
|-damage|p1a: Clodsire|0 fnt
|-unboost|p2a: Blaziken|spa|2
|faint|p1a: Clodsire
|
|-ability|p2a: Blaziken|Speed Boost|boost
|-boost|p2a: Blaziken|spe|1
|upkeep
|
|t:|1779967912
|switch|p1a: HELP THE DONDOZO|Dondozo, M|100/100
|turn|13
|
|t:|1779967931
|switch|p2a: Ninetales|Ninetales, M|71/100
|-weather|SunnyDay|[from] ability: Drought|[of] p2a: Ninetales
|move|p1a: HELP THE DONDOZO|Body Press|p2a: Ninetales
|-damage|p2a: Ninetales|37/100
|
|-weather|SunnyDay|[upkeep]
|upkeep
|turn|14
|
|t:|1779967948
|switch|p2a: Hatterene|Hatterene, F|69/100
|move|p1a: HELP THE DONDOZO|Body Press|p2a: Hatterene
|-resisted|p2a: Hatterene
|-damage|p2a: Hatterene|62/100
|
|-weather|SunnyDay|[upkeep]
|upkeep
|turn|15
|
|t:|1779967961
|switch|p1a: Gliscor|Gliscor, F|48/100
|move|p2a: Hatterene|Psychic Noise|p1a: Gliscor
|-damage|p1a: Gliscor|19/100
|-start|p1a: Gliscor|move: Heal Block
|
|-weather|SunnyDay|[upkeep]
|-status|p1a: Gliscor|tox|[from] item: Toxic Orb
|upkeep
|turn|16
|
|t:|1779967971
|move|p1a: Gliscor|Protect|p1a: Gliscor
|-singleturn|p1a: Gliscor|Protect
|move|p2a: Hatterene|Psychic Noise|p1a: Gliscor
|-activate|p1a: Gliscor|move: Protect
|
|-weather|SunnyDay|[upkeep]
|-end|p1a: Gliscor|move: Heal Block
|upkeep
|turn|17
|
|t:|1779967976
|switch|p1a: HELP THE DONDOZO|Dondozo, M|100/100
|move|p2a: Hatterene|Psychic Noise|p1a: HELP THE DONDOZO
|-damage|p1a: HELP THE DONDOZO|69/100
|-start|p1a: HELP THE DONDOZO|move: Heal Block
|
|-weather|none
|upkeep
|turn|18
|
|t:|1779967989
|switch|p1a: Corviknight|Corviknight, M|100/100
|-ability|p1a: Corviknight|Pressure
|move|p2a: Hatterene|Psychic Noise|p1a: Corviknight
|-resisted|p1a: Corviknight
|-damage|p1a: Corviknight|85/100
|-start|p1a: Corviknight|move: Heal Block
|
|upkeep
|turn|19
|
|t:|1779967997
|move|p1a: Corviknight|Iron Defense|p1a: Corviknight
|-boost|p1a: Corviknight|def|2
|move|p2a: Hatterene|Nuzzle|p1a: Corviknight
|-supereffective|p1a: Corviknight
|-damage|p1a: Corviknight|82/100
|-status|p1a: Corviknight|par
|-damage|p2a: Hatterene|46/100|[from] item: Rocky Helmet|[of] p1a: Corviknight
|
|-end|p1a: Corviknight|move: Heal Block
|upkeep
|turn|20
|inactive|Glocksucker has 60 seconds left.
|
|t:|1779968008
|move|p2a: Hatterene|Healing Wish|p2a: Hatterene
|faint|p2a: Hatterene
|move|p1a: Corviknight|Iron Defense|p1a: Corviknight
|-boost|p1a: Corviknight|def|2
|
|upkeep
|
|t:|1779968012
|switch|p2a: Blaziken|Blaziken, M, tera:Fire|13/100
|-heal|p2a: Blaziken|100/100|[from] move: Healing Wish
|turn|21
|
|t:|1779968019
|-terastallize|p1a: Corviknight|Dragon
|move|p2a: Blaziken|Overheat|p1a: Corviknight
|-resisted|p1a: Corviknight
|-damage|p1a: Corviknight|37/100 par
|-unboost|p2a: Blaziken|spa|2
|move|p1a: Corviknight|Body Press|p2a: Blaziken
|-damage|p2a: Blaziken|0 fnt
|faint|p2a: Blaziken
|
|upkeep
|
|t:|1779968038
|switch|p2a: Walking Wake|Walking Wake|100/100
|turn|22
|inactive|Glocksucker has 60 seconds left.
|inactive|Glocksucker has 30 seconds left.
|
|t:|1779968090
|switch|p1a: Toxapex|Toxapex, M|65/100
|move|p2a: Walking Wake|Dragon Pulse|p1a: Toxapex
|-damage|p1a: Toxapex|24/100
|
|upkeep
|turn|23
|inactive|Glocksucker has 30 seconds left.
|
|t:|1779968104
|switch|p1a: HELP THE DONDOZO|Dondozo, M|69/100
|move|p2a: Walking Wake|Dragon Pulse|p1a: HELP THE DONDOZO
|-damage|p1a: HELP THE DONDOZO|6/100
|
|-heal|p1a: HELP THE DONDOZO|12/100|[from] item: Leftovers
|upkeep
|turn|24
|
|t:|1779968111
|move|p2a: Walking Wake|Dragon Pulse|p1a: HELP THE DONDOZO
|-damage|p1a: HELP THE DONDOZO|0 fnt
|faint|p1a: HELP THE DONDOZO
|
|upkeep
|
|t:|1779968121
|switch|p1a: Toxapex|Toxapex, M|57/100
|turn|25
|
|t:|1779968125
|-end|p2a: Walking Wake|Protosynthesis|[silent]
|switch|p2a: Ninetales|Ninetales, M|37/100
|-weather|SunnyDay|[from] ability: Drought|[of] p2a: Ninetales
|move|p1a: Toxapex|Recover|p1a: Toxapex
|-heal|p1a: Toxapex|100/100
|
|-weather|SunnyDay|[upkeep]
|upkeep
|turn|26
|
|t:|1779968133
|move|p1a: Toxapex|Baneful Bunker|p1a: Toxapex
|-singleturn|p1a: Toxapex|move: Protect
|move|p2a: Ninetales|Encore|p1a: Toxapex
|-activate|p1a: Toxapex|move: Protect
|
|-weather|SunnyDay|[upkeep]
|upkeep
|turn|27
|
|t:|1779968144
|switch|p2a: Venusaur|Venusaur, F|100/100
|switch|p1a: Gliscor|Gliscor, F|19/100 tox
|
|-weather|SunnyDay|[upkeep]
|-heal|p1a: Gliscor|32/100 tox|[from] ability: Poison Heal
|upkeep
|turn|28
|
|t:|1779968168
|switch|p1a: Toxapex|Toxapex, M|100/100
|move|p2a: Venusaur|Growth|p2a: Venusaur
|-boost|p2a: Venusaur|atk|2
|-boost|p2a: Venusaur|spa|2
|
|-weather|SunnyDay|[upkeep]
|upkeep
|turn|29
|
|t:|1779968177
|move|p2a: Venusaur|Giga Drain|p1a: Toxapex
|-damage|p1a: Toxapex|42/100
|-damage|p2a: Venusaur|91/100|[from] item: Life Orb
|move|p1a: Toxapex|Haze|p1a: Toxapex
|-clearallboost
|
|-weather|none
|upkeep
|turn|30
|
|t:|1779968194
|move|p2a: Venusaur|Giga Drain|p1a: Toxapex
|-damage|p1a: Toxapex|12/100
|-heal|p2a: Venusaur|100/100|[from] drain|[of] p1a: Toxapex
|-damage|p2a: Venusaur|91/100|[from] item: Life Orb
|move|p1a: Toxapex|Recover|p1a: Toxapex
|-heal|p1a: Toxapex|62/100
|
|upkeep
|turn|31
|
|t:|1779968200
|move|p2a: Venusaur|Giga Drain|p1a: Toxapex
|-damage|p1a: Toxapex|32/100
|-heal|p2a: Venusaur|100/100|[from] drain|[of] p1a: Toxapex
|-damage|p2a: Venusaur|91/100|[from] item: Life Orb
|move|p1a: Toxapex|Recover|p1a: Toxapex
|-heal|p1a: Toxapex|82/100
|
|upkeep
|turn|32
|
|t:|1779968207
|move|p2a: Venusaur|Giga Drain|p1a: Toxapex
|-damage|p1a: Toxapex|55/100
|-heal|p2a: Venusaur|100/100|[from] drain|[of] p1a: Toxapex
|-damage|p2a: Venusaur|91/100|[from] item: Life Orb
|move|p1a: Toxapex|Lunge|p2a: Venusaur
|-damage|p2a: Venusaur|74/100
|-unboost|p2a: Venusaur|atk|1
|
|upkeep
|turn|33
|
|t:|1779968218
|switch|p2a: Ninetales|Ninetales, M|37/100
|-weather|SunnyDay|[from] ability: Drought|[of] p2a: Ninetales
|move|p1a: Toxapex|Recover|p1a: Toxapex
|-heal|p1a: Toxapex|100/100
|
|-weather|SunnyDay|[upkeep]
|upkeep
|turn|34
|
|t:|1779968229
|switch|p2a: Walking Wake|Walking Wake|100/100
|-activate|p2a: Walking Wake|ability: Protosynthesis
|-start|p2a: Walking Wake|protosynthesisspe
|switch|p1a: Gliscor|Gliscor, F|32/100 tox
|
|-weather|SunnyDay|[upkeep]
|-heal|p1a: Gliscor|44/100 tox|[from] ability: Poison Heal
|upkeep
|turn|35
|inactive|Glocksucker has 90 seconds left.
|
|t:|1779968243
|move|p1a: Gliscor|Protect|p1a: Gliscor
|-singleturn|p1a: Gliscor|Protect
|move|p2a: Walking Wake|Draco Meteor|p1a: Gliscor
|-activate|p1a: Gliscor|move: Protect
|
|-weather|SunnyDay|[upkeep]
|-heal|p1a: Gliscor|57/100 tox|[from] ability: Poison Heal
|upkeep
|turn|36
|inactive|Glocksucker has 90 seconds left.
|
|t:|1779968256
|switch|p1a: Toxapex|Toxapex, M|100/100
|move|p2a: Walking Wake|Draco Meteor|p1a: Toxapex
|-damage|p1a: Toxapex|34/100
|-unboost|p2a: Walking Wake|spa|2
|
|-weather|SunnyDay|[upkeep]
|upkeep
|turn|37
|inactive|Glocksucker has 90 seconds left.
|
|t:|1779968287
|move|p1a: Toxapex|Baneful Bunker|p1a: Toxapex
|-singleturn|p1a: Toxapex|move: Protect
|move|p2a: Walking Wake|Draco Meteor|p1a: Toxapex
|-activate|p1a: Toxapex|move: Protect
|
|-weather|none
|-end|p2a: Walking Wake|Protosynthesis
|upkeep
|turn|38
|
|t:|1779968292
|move|p2a: Walking Wake|Draco Meteor|p1a: Toxapex
|-damage|p1a: Toxapex|0 fnt
|-unboost|p2a: Walking Wake|spa|2
|faint|p1a: Toxapex
|
|upkeep
|
|t:|1779968300
|switch|p1a: Gliscor|Gliscor, F|57/100 tox
|turn|39
|
|t:|1779968308
|-end|p2a: Walking Wake|Protosynthesis|[silent]
|switch|p2a: Great Tusk|Great Tusk|100/100
|move|p1a: Gliscor|Toxic|p2a: Great Tusk
|-status|p2a: Great Tusk|tox
|
|-damage|p2a: Great Tusk|94/100 tox|[from] psn
|-heal|p1a: Gliscor|69/100 tox|[from] ability: Poison Heal
|upkeep
|turn|40
|
|t:|1779968318
|move|p1a: Gliscor|Protect|p1a: Gliscor
|-singleturn|p1a: Gliscor|Protect
|move|p2a: Great Tusk|Ice Spinner|p1a: Gliscor
|-activate|p1a: Gliscor|move: Protect
|
|-damage|p2a: Great Tusk|82/100 tox|[from] psn
|-heal|p1a: Gliscor|82/100 tox|[from] ability: Poison Heal
|upkeep
|turn|41
|
|t:|1779968330
|switch|p1a: Corviknight|Corviknight, M, tera:Dragon|37/100 par
|-ability|p1a: Corviknight|Pressure
|move|p2a: Great Tusk|Ice Spinner|p1a: Corviknight
|-supereffective|p1a: Corviknight
|-damage|p1a: Corviknight|5/100 par
|-damage|p2a: Great Tusk|65/100 tox|[from] item: Rocky Helmet|[of] p1a: Corviknight
|
|-damage|p2a: Great Tusk|47/100 tox|[from] psn
|upkeep
|turn|42
|
|t:|1779968339
|move|p2a: Great Tusk|Ice Spinner|p1a: Corviknight
|-supereffective|p1a: Corviknight
|-damage|p1a: Corviknight|0 fnt
|-damage|p2a: Great Tusk|30/100 tox|[from] item: Rocky Helmet|[of] p1a: Corviknight
|faint|p1a: Corviknight
|
|-damage|p2a: Great Tusk|6/100 tox|[from] psn
|upkeep
|
|t:|1779968341
|switch|p1a: Gliscor|Gliscor, F|82/100 tox
|turn|43
|
|t:|1779968343
|move|p1a: Gliscor|Protect|p1a: Gliscor
|-singleturn|p1a: Gliscor|Protect
|move|p2a: Great Tusk|Stealth Rock|p1a: Gliscor
|-sidestart|p1: Glocksucker|move: Stealth Rock
|
|-damage|p2a: Great Tusk|0 fnt|[from] psn
|faint|p2a: Great Tusk
|-end|p2a: Great Tusk|Protosynthesis|[silent]
|-heal|p1a: Gliscor|94/100 tox|[from] ability: Poison Heal
|upkeep
|
|t:|1779968346
|switch|p2a: Ninetales|Ninetales, M|37/100
|-weather|SunnyDay|[from] ability: Drought|[of] p2a: Ninetales
|turn|44
|
|t:|1779968363
|move|p2a: Ninetales|Encore|p1a: Gliscor
|-start|p1a: Gliscor|Encore
|move|p1a: Gliscor|Protect||[still]
|-fail|p1a: Gliscor
|
|-weather|SunnyDay|[upkeep]
|-heal|p1a: Gliscor|100/100 tox|[from] ability: Poison Heal
|upkeep
|turn|45
|
|t:|1779968374
|switch|p2a: Walking Wake|Walking Wake|100/100
|-activate|p2a: Walking Wake|ability: Protosynthesis
|-start|p2a: Walking Wake|protosynthesisspe
|move|p1a: Gliscor|Protect||[still]
|-fail|p1a: Gliscor
|
|-weather|SunnyDay|[upkeep]
|upkeep
|turn|46
|
|t:|1779968380
|move|p1a: Gliscor|Protect|p1a: Gliscor
|-singleturn|p1a: Gliscor|Protect
|move|p2a: Walking Wake|Hydro Steam|p1a: Gliscor
|-activate|p1a: Gliscor|move: Protect
|
|-weather|SunnyDay|[upkeep]
|-end|p1a: Gliscor|Encore
|upkeep
|turn|47
|c|☆chessmaster 2000|Gg
|
|t:|1779968388
|move|p2a: Walking Wake|Hydro Steam|p1a: Gliscor
|-supereffective|p1a: Gliscor
|-damage|p1a: Gliscor|0 fnt
|faint|p1a: Gliscor
|
|win|chessmaster 2000
|raw|Glocksucker's rating: 1324 &rarr; <strong>1309</strong><br />(-15 for losing)
|raw|chessmaster 2000's rating: 1418 &rarr; <strong>1433</strong><br />(+15 for winning)
|l|☆Glocksucker
|player|p1|
