|j|☆Sluttina
|j|☆Alakazam darnold
|t:|1779858478
|gametype|singles
|player|p1|Sluttina|170|1402
|player|p2|Alakazam darnold|musician|1353
|gen|9
|tier|[Gen 9] OU
|rated|
|rule|HP Percentage Mod: HP is shown in percentages
|rule|Endless Battle Clause: Forcing endless battles is banned
|rule|Species Clause: Limit one of each Pokémon
|rule|OHKO Clause: OHKO moves are banned
|rule|Evasion Items Clause: Evasion items are banned
|rule|Evasion Moves Clause: Evasion moves are banned
|rule|Evasion Abilities Clause: Evasion abilities are banned
|rule|Sleep Moves Clause: Sleep-inducing moves are banned
|clearpoke
|poke|p1|Darkrai|
|poke|p1|Raging Bolt|
|poke|p1|Ogerpon-Wellspring, F|
|poke|p1|Great Tusk|
|poke|p1|Slowking-Galar, M|
|poke|p1|Corviknight, F|
|poke|p2|Tinkaton, F|
|poke|p2|Grafaiai, F|
|poke|p2|Skeledirge, F|
|poke|p2|Alomomola, M|
|poke|p2|Tornadus-Therian, M|
|poke|p2|Great Tusk|
|teampreview
|inactive|Battle timer is ON: inactive players will automatically lose when time's up. (requested by Sluttina)
|
|t:|1779858494
|teamsize|p1|6
|teamsize|p2|6
|start
|switch|p1a: Great Tusk|Great Tusk|100/100
|switch|p2a: Tornadus|Tornadus-Therian, M|100/100
|turn|1
|
|t:|1779858500
|-end|p1a: Great Tusk|Protosynthesis|[silent]
|switch|p1a: Corviknight|Corviknight, F|100/100
|-ability|p1a: Corviknight|Pressure
|move|p2a: Tornadus|U-turn|p1a: Corviknight
|-resisted|p1a: Corviknight
|-damage|p1a: Corviknight|97/100
|-damage|p2a: Tornadus|84/100|[from] item: Rocky Helmet|[of] p1a: Corviknight
|
|t:|1779858507
|switch|p2a: Skeledirge|Skeledirge, F|100/100|[from] U-turn
|
|upkeep
|turn|2
|
|t:|1779858517
|switch|p1a: Ogerpon|Ogerpon-Wellspring, F|100/100
|move|p2a: Skeledirge|Will-O-Wisp|p1a: Ogerpon|[miss]
|-miss|p2a: Skeledirge|p1a: Ogerpon
|
|upkeep
|turn|3
|
|t:|1779858534
|switch|p2a: Tornadus|Tornadus-Therian, M|100/100
|move|p1a: Ogerpon|Ivy Cudgel|p2a: Tornadus|[anim] Ivy Cudgel Water
|-damage|p2a: Tornadus|23/100
|
|upkeep
|turn|4
|
|t:|1779858545
|switch|p1a: Corviknight|Corviknight, F|97/100
|-ability|p1a: Corviknight|Pressure
|move|p2a: Tornadus|Hurricane|p1a: Corviknight
|-resisted|p1a: Corviknight
|-damage|p1a: Corviknight|72/100
|
|upkeep
|turn|5
|
|t:|1779858555
|switch|p2a: Alomomola|Alomomola, M|100/100
|move|p1a: Corviknight|Brave Bird|p2a: Alomomola
|-damage|p2a: Alomomola|74/100
|-damage|p1a: Corviknight|60/100|[from] Recoil
|
|upkeep
|turn|6
|
|t:|1779858560
|move|p1a: Corviknight|Roost|p1a: Corviknight
|-heal|p1a: Corviknight|100/100
|-singleturn|p1a: Corviknight|move: Roost
|move|p2a: Alomomola|Flip Turn|p1a: Corviknight
|-damage|p1a: Corviknight|87/100
|-damage|p2a: Alomomola|57/100|[from] item: Rocky Helmet|[of] p1a: Corviknight
|
|t:|1779858563
|switch|p2a: Skeledirge|Skeledirge, F|100/100|[from] Flip Turn
|
|upkeep
|turn|7
|
|t:|1779858571
|switch|p1a: Slowking|Slowking-Galar, M|100/100
|move|p2a: Skeledirge|Will-O-Wisp|p1a: Slowking
|-status|p1a: Slowking|brn
|
|-damage|p1a: Slowking|94/100 brn|[from] brn
|upkeep
|turn|8
|
|t:|1779858577
|move|p2a: Skeledirge|Hex|p1a: Slowking
|-supereffective|p1a: Slowking
|-damage|p1a: Slowking|36/100 brn
|move|p1a: Slowking|Toxic|p2a: Skeledirge
|-status|p2a: Skeledirge|tox
|
|-damage|p2a: Skeledirge|94/100 tox|[from] psn
|-damage|p1a: Slowking|30/100 brn|[from] brn
|upkeep
|turn|9
|
|t:|1779858584
|switch|p1a: Darkrai|Darkrai|100/100
|move|p2a: Skeledirge|Will-O-Wisp|p1a: Darkrai
|-status|p1a: Darkrai|brn
|
|-damage|p2a: Skeledirge|82/100 tox|[from] psn
|-damage|p1a: Darkrai|94/100 brn|[from] brn
|upkeep
|turn|10
|
|t:|1779858589
|switch|p2a: Tinkaton|Tinkaton, F|100/100
|-item|p2a: Tinkaton|Air Balloon
|move|p1a: Darkrai|Dark Pulse|p2a: Tinkaton
|-resisted|p2a: Tinkaton
|-damage|p2a: Tinkaton|81/100
|-enditem|p2a: Tinkaton|Air Balloon
|
|-damage|p1a: Darkrai|88/100 brn|[from] brn
|upkeep
|turn|11
|
|t:|1779858594
|switch|p1a: Corviknight|Corviknight, F|87/100
|-ability|p1a: Corviknight|Pressure
|move|p2a: Tinkaton|Stealth Rock|p1a: Corviknight
|-sidestart|p1: Sluttina|move: Stealth Rock
|
|upkeep
|turn|12
|
|t:|1779858606
|move|p2a: Tinkaton|Thunder Wave|p1a: Corviknight
|-status|p1a: Corviknight|par
|move|p1a: Corviknight|Brave Bird|p2a: Tinkaton
|-resisted|p2a: Tinkaton
|-damage|p2a: Tinkaton|60/100
|-damage|p1a: Corviknight|80/100 par|[from] Recoil
|-enditem|p1a: Corviknight|Rocky Helmet|[silent]|[from] ability: Pickpocket|[of] p1a: Corviknight
|-item|p2a: Tinkaton|Rocky Helmet|[from] ability: Pickpocket|[of] p1a: Corviknight
|
|upkeep
|turn|13
|
|t:|1779858620
|move|p2a: Tinkaton|Encore|p1a: Corviknight
|-start|p1a: Corviknight|Encore
|move|p1a: Corviknight|Brave Bird|p2a: Tinkaton
|-resisted|p2a: Tinkaton
|-damage|p2a: Tinkaton|39/100
|-damage|p1a: Corviknight|63/100 par|[from] item: Rocky Helmet|[of] p2a: Tinkaton
|-damage|p1a: Corviknight|57/100 par|[from] Recoil
|
|upkeep
|turn|14
|
|t:|1779858630
|switch|p2a: Tornadus|Tornadus-Therian, M|56/100
|cant|p1a: Corviknight|par
|
|upkeep
|turn|15
|
|t:|1779858638
|move|p2a: Tornadus|Heat Wave|p1a: Corviknight
|-supereffective|p1a: Corviknight
|-damage|p1a: Corviknight|0 fnt
|faint|p1a: Corviknight
|
|upkeep
|
|t:|1779858647
|switch|p1a: Raging Bolt|Raging Bolt|100/100
|-damage|p1a: Raging Bolt|88/100|[from] Stealth Rock
|turn|16
|
|t:|1779858653
|switch|p2a: Tinkaton|Tinkaton, F|39/100
|move|p1a: Raging Bolt|Draco Meteor|p2a: Tinkaton
|-immune|p2a: Tinkaton
|
|upkeep
|turn|17
|
|t:|1779858665
|-end|p1a: Raging Bolt|Protosynthesis|[silent]
|switch|p1a: Ogerpon|Ogerpon-Wellspring, F|100/100
|-damage|p1a: Ogerpon|88/100|[from] Stealth Rock
|move|p2a: Tinkaton|Gigaton Hammer|p1a: Ogerpon
|-resisted|p1a: Ogerpon
|-damage|p1a: Ogerpon|58/100
|
|upkeep
|turn|18
|
|t:|1779858678
|-terastallize|p2a: Tinkaton|Water
|move|p1a: Ogerpon|Ivy Cudgel|p2a: Tinkaton|[anim] Ivy Cudgel Water
|-resisted|p2a: Tinkaton
|-damage|p2a: Tinkaton|6/100
|move|p2a: Tinkaton|Thunder Wave|p1a: Ogerpon
|-status|p1a: Ogerpon|par
|
|upkeep
|turn|19
|
|t:|1779858687
|move|p2a: Tinkaton|Gigaton Hammer|p1a: Ogerpon
|-resisted|p1a: Ogerpon
|-crit|p1a: Ogerpon
|-damage|p1a: Ogerpon|19/100 par
|cant|p1a: Ogerpon|par
|
|upkeep
|turn|20
|
|t:|1779858693
|move|p2a: Tinkaton|Thunder Wave|p1a: Ogerpon
|-fail|p1a: Ogerpon|par
|cant|p1a: Ogerpon|par
|
|upkeep
|turn|21
|
|t:|1779858701
|move|p2a: Tinkaton|Gigaton Hammer|p1a: Ogerpon
|-resisted|p1a: Ogerpon
|-damage|p1a: Ogerpon|0 fnt
|faint|p1a: Ogerpon
|
|upkeep
|
|t:|1779858708
|switch|p1a: Great Tusk|Great Tusk|100/100
|turn|22
|
|t:|1779858712
|switch|p2a: Skeledirge|Skeledirge, F|82/100 tox
|move|p1a: Great Tusk|Rapid Spin|p2a: Skeledirge
|-immune|p2a: Skeledirge
|
|-damage|p2a: Skeledirge|76/100 tox|[from] psn
|upkeep
|turn|23
|
|t:|1779858717
|move|p1a: Great Tusk|Earthquake|p2a: Skeledirge
|-supereffective|p2a: Skeledirge
|-damage|p2a: Skeledirge|14/100 tox
|move|p2a: Skeledirge|Will-O-Wisp|p1a: Great Tusk
|-status|p1a: Great Tusk|brn
|
|-damage|p2a: Skeledirge|2/100 tox|[from] psn
|-damage|p1a: Great Tusk|94/100 brn|[from] brn
|upkeep
|turn|24
|
|t:|1779858720
|move|p1a: Great Tusk|Stealth Rock|p2a: Skeledirge
|-sidestart|p2: Alakazam darnold|move: Stealth Rock
|move|p2a: Skeledirge|Torch Song|p1a: Great Tusk
|-damage|p1a: Great Tusk|46/100 brn
|-boost|p2a: Skeledirge|spa|1
|
|-damage|p2a: Skeledirge|0 fnt|[from] psn
|faint|p2a: Skeledirge
|-damage|p1a: Great Tusk|39/100 brn|[from] brn
|upkeep
|
|t:|1779858733
|switch|p2a: Great Tusk|Great Tusk|100/100
|-damage|p2a: Great Tusk|98/100|[from] Stealth Rock
|-enditem|p2a: Great Tusk|Booster Energy
|-activate|p2a: Great Tusk|ability: Protosynthesis|[fromitem]
|-start|p2a: Great Tusk|protosynthesisspe
|turn|25
|
|t:|1779858736
|move|p2a: Great Tusk|Bulk Up|p2a: Great Tusk
|-boost|p2a: Great Tusk|atk|1
|-boost|p2a: Great Tusk|def|1
|move|p1a: Great Tusk|Rapid Spin|p2a: Great Tusk
|-damage|p2a: Great Tusk|94/100
|-boost|p1a: Great Tusk|spe|1
|-sideend|p1: Sluttina|Stealth Rock|[from] move: Rapid Spin|[of] p1a: Great Tusk
|
|-damage|p1a: Great Tusk|33/100 brn|[from] brn
|upkeep
|turn|26
|
|t:|1779858742
|move|p2a: Great Tusk|Bulk Up|p2a: Great Tusk
|-boost|p2a: Great Tusk|atk|1
|-boost|p2a: Great Tusk|def|1
|move|p1a: Great Tusk|Ice Spinner|p2a: Great Tusk
|-supereffective|p2a: Great Tusk
|-damage|p2a: Great Tusk|85/100
|
|-damage|p1a: Great Tusk|27/100 brn|[from] brn
|upkeep
|turn|27
|
|t:|1779858749
|move|p2a: Great Tusk|Rapid Spin|p1a: Great Tusk
|-damage|p1a: Great Tusk|7/100 brn
|-boost|p2a: Great Tusk|spe|1
|-sideend|p2: Alakazam darnold|Stealth Rock|[from] move: Rapid Spin|[of] p2a: Great Tusk
|move|p1a: Great Tusk|Ice Spinner|p2a: Great Tusk
|-supereffective|p2a: Great Tusk
|-damage|p2a: Great Tusk|76/100
|
|-damage|p1a: Great Tusk|1/100 brn|[from] brn
|upkeep
|turn|28
|
|t:|1779858754
|move|p2a: Great Tusk|Bulk Up|p2a: Great Tusk
|-boost|p2a: Great Tusk|atk|1
|-boost|p2a: Great Tusk|def|1
|move|p1a: Great Tusk|Stealth Rock|p2a: Great Tusk
|-sidestart|p2: Alakazam darnold|move: Stealth Rock
|
|-damage|p1a: Great Tusk|0 fnt|[from] brn
|faint|p1a: Great Tusk
|-end|p1a: Great Tusk|Protosynthesis|[silent]
|upkeep
|-message|Sluttina forfeited.
|
|win|Alakazam darnold
|raw|Sluttina's rating: 1402 &rarr; <strong>1379</strong><br />(-23 for losing)
|raw|Alakazam darnold's rating: 1353 &rarr; <strong>1376</strong><br />(+23 for winning)
|l|☆Sluttina
|player|p1|
|l|☆Alakazam darnold
|player|p2|
|j|☆Alakazam darnold
|player|p2|Alakazam darnold|musician|
|l|☆Alakazam darnold
|player|p2|
