|j|☆Tesmon
|j|☆nzzygo
|t:|1779949579
|gametype|singles
|player|p1|Tesmon|steven|1136
|player|p2|nzzygo|1|1109
|gen|9
|tier|[Gen 9] OU
|rated|
|rule|HP Percentage Mod: HP is shown in percentages
|rule|Endless Battle Clause: Forcing endless battles is banned
|rule|Species Clause: Limit one of each Pokémon
|rule|OHKO Clause: OHKO moves are banned
|rule|Evasion Items Clause: Evasion items are banned
|rule|Evasion Moves Clause: Evasion moves are banned
|rule|Evasion Abilities Clause: Evasion abilities are banned
|rule|Sleep Moves Clause: Sleep-inducing moves are banned
|clearpoke
|poke|p1|Salamence, M|
|poke|p1|Breloom, M|
|poke|p1|Banette, M|
|poke|p1|Sableye, M|
|poke|p1|Lanturn, M|
|poke|p1|Corviknight, M|
|poke|p2|Dragonite, M|
|poke|p2|Great Tusk|
|poke|p2|Deoxys-Speed|
|poke|p2|Gholdengo|
|poke|p2|Zamazenta-*|
|poke|p2|Iron Valiant|
|teampreview
|inactive|Battle timer is ON: inactive players will automatically lose when time's up. (requested by nzzygo)
|
|t:|1779949583
|teamsize|p1|6
|teamsize|p2|6
|start
|switch|p1a: Banette|Banette, M, shiny|100/100
|switch|p2a: Deoxys|Deoxys-Speed|100/100
|-ability|p2a: Deoxys|Pressure
|-item|p2a: Deoxys|Focus Sash|[from] ability: Frisk|[of] p1a: Banette
|turn|1
|
|t:|1779949595
|move|p2a: Deoxys|Stealth Rock|p1a: Banette
|-sidestart|p1: Tesmon|move: Stealth Rock
|move|p1a: Banette|Swords Dance|p1a: Banette
|-boost|p1a: Banette|atk|2
|
|upkeep
|turn|2
|
|t:|1779949614
|move|p1a: Banette|Sucker Punch||[still]
|-fail|p1a: Banette
|move|p2a: Deoxys|Taunt|p1a: Banette
|-start|p1a: Banette|move: Taunt
|
|upkeep
|turn|3
|
|t:|1779949620
|move|p1a: Banette|Shadow Sneak|p2a: Deoxys
|-supereffective|p2a: Deoxys
|-enditem|p2a: Deoxys|Focus Sash
|-damage|p2a: Deoxys|1/100
|-damage|p1a: Banette|91/100|[from] item: Life Orb
|move|p2a: Deoxys|Spikes|p1a: Banette
|-sidestart|p1: Tesmon|Spikes
|
|upkeep
|turn|4
|
|t:|1779949629
|move|p1a: Banette|Shadow Sneak|p2a: Deoxys
|-supereffective|p2a: Deoxys
|-damage|p2a: Deoxys|0 fnt
|faint|p2a: Deoxys
|-damage|p1a: Banette|81/100|[from] item: Life Orb
|
|upkeep
|
|t:|1779949638
|switch|p2a: Zamazenta|Zamazenta|100/100
|-ability|p2a: Zamazenta|Dauntless Shield|boost
|-boost|p2a: Zamazenta|def|1
|turn|5
|
|t:|1779949645
|switch|p1a: Corviknight|Corviknight, M, shiny|100/100
|-damage|p1a: Corviknight|88/100|[from] Stealth Rock
|move|p2a: Zamazenta|Crunch|p1a: Corviknight
|-damage|p1a: Corviknight|68/100
|-damage|p2a: Zamazenta|84/100|[from] item: Rocky Helmet|[of] p1a: Corviknight
|-damage|p2a: Zamazenta|74/100|[from] item: Life Orb
|
|upkeep
|turn|6
|
|t:|1779949657
|move|p2a: Zamazenta|Body Press|p1a: Corviknight
|-damage|p1a: Corviknight|34/100
|-damage|p2a: Zamazenta|57/100|[from] item: Rocky Helmet|[of] p1a: Corviknight
|-damage|p2a: Zamazenta|48/100|[from] item: Life Orb
|move|p1a: Corviknight|U-turn|p2a: Zamazenta
|-resisted|p2a: Zamazenta
|-damage|p2a: Zamazenta|43/100
|
|t:|1779949666
|switch|p1a: Sableye|Sableye, M|100/100|[from] U-turn
|-damage|p1a: Sableye|88/100|[from] Stealth Rock
|-damage|p1a: Sableye|76/100|[from] Spikes
|
|-heal|p1a: Sableye|82/100|[from] item: Leftovers
|upkeep
|turn|7
|
|t:|1779949677
|switch|p2a: Iron Valiant|Iron Valiant|100/100
|-enditem|p2a: Iron Valiant|Booster Energy
|-activate|p2a: Iron Valiant|ability: Quark Drive|[fromitem]
|-start|p2a: Iron Valiant|quarkdrivespe
|move|p1a: Sableye|Encore||[still]
|-fail|p1a: Sableye
|
|-heal|p1a: Sableye|88/100|[from] item: Leftovers
|upkeep
|turn|8
|
|t:|1779949687
|move|p1a: Sableye|Substitute|p1a: Sableye
|-start|p1a: Sableye|Substitute
|-damage|p1a: Sableye|63/100
|move|p2a: Iron Valiant|Taunt|p1a: Sableye
|-start|p1a: Sableye|move: Taunt
|
|-heal|p1a: Sableye|69/100|[from] item: Leftovers
|upkeep
|turn|9
|
|t:|1779949698
|move|p2a: Iron Valiant|Moonblast|p1a: Sableye
|-supereffective|p1a: Sableye
|-end|p1a: Sableye|Substitute
|move|p1a: Sableye|Night Shade|p2a: Iron Valiant
|-damage|p2a: Iron Valiant|66/100
|
|-heal|p1a: Sableye|75/100|[from] item: Leftovers
|upkeep
|turn|10
|
|t:|1779949708
|switch|p1a: Lanturn|Lanturn, M|100/100
|-damage|p1a: Lanturn|88/100|[from] Stealth Rock
|-damage|p1a: Lanturn|76/100|[from] Spikes
|move|p2a: Iron Valiant|Moonblast|p1a: Lanturn
|-damage|p1a: Lanturn|47/100
|
|-heal|p1a: Lanturn|53/100|[from] item: Leftovers
|upkeep
|turn|11
|
|t:|1779949719
|move|p2a: Iron Valiant|Knock Off|p1a: Lanturn
|-damage|p1a: Lanturn|19/100
|-enditem|p1a: Lanturn|Leftovers|[from] move: Knock Off|[of] p2a: Iron Valiant
|move|p1a: Lanturn|Thunder Wave|p2a: Iron Valiant
|-status|p2a: Iron Valiant|par
|
|upkeep
|turn|12
|
|t:|1779949727
|cant|p2a: Iron Valiant|par
|move|p1a: Lanturn|Rest|p1a: Lanturn
|-status|p1a: Lanturn|slp|[from] move: Rest
|-heal|p1a: Lanturn|100/100 slp|[silent]
|
|upkeep
|turn|13
|
|t:|1779949739
|cant|p2a: Iron Valiant|par
|cant|p1a: Lanturn|slp
|
|upkeep
|turn|14
|
|t:|1779949745
|move|p2a: Iron Valiant|Moonblast|p1a: Lanturn
|-damage|p1a: Lanturn|71/100 slp
|cant|p1a: Lanturn|slp
|
|upkeep
|turn|15
|
|t:|1779949751
|move|p2a: Iron Valiant|Moonblast|p1a: Lanturn
|-damage|p1a: Lanturn|39/100 slp
|-curestatus|p1a: Lanturn|slp|[msg]
|move|p1a: Lanturn|Flip Turn|p2a: Iron Valiant
|-damage|p2a: Iron Valiant|49/100 par
|
|t:|1779949754
|switch|p1a: Salamence|Salamence, M|100/100|[from] Flip Turn
|-damage|p1a: Salamence|76/100|[from] Stealth Rock
|
|upkeep
|turn|16
|
|t:|1779949762
|move|p1a: Salamence|Dual Wingbeat|p2a: Iron Valiant
|-supereffective|p2a: Iron Valiant
|-damage|p2a: Iron Valiant|0 fnt
|faint|p2a: Iron Valiant
|-end|p2a: Iron Valiant|Quark Drive|[silent]
|-ability|p1a: Salamence|Moxie|boost
|-boost|p1a: Salamence|atk|1
|-hitcount|p2: Iron Valiant|1
|
|upkeep
|
|t:|1779949771
|switch|p2a: Dragonite|Dragonite, M|100/100
|turn|17
|
|t:|1779949775
|move|p1a: Salamence|Rock Slide|p2a: Dragonite
|-supereffective|p2a: Dragonite
|-damage|p2a: Dragonite|56/100
|-enditem|p2a: Dragonite|Weakness Policy
|-boost|p2a: Dragonite|atk|2|[from] item: Weakness Policy
|-boost|p2a: Dragonite|spa|2|[from] item: Weakness Policy
|move|p2a: Dragonite|Dragon Dance|p2a: Dragonite
|-boost|p2a: Dragonite|atk|1
|-boost|p2a: Dragonite|spe|1
|
|upkeep
|turn|18
|
|t:|1779949795
|switch|p1a: Corviknight|Corviknight, M, shiny|34/100
|-damage|p1a: Corviknight|22/100|[from] Stealth Rock
|move|p2a: Dragonite|Outrage|p1a: Corviknight
|-resisted|p1a: Corviknight
|-damage|p1a: Corviknight|0 fnt
|-damage|p2a: Dragonite|40/100|[from] item: Rocky Helmet|[of] p1a: Corviknight
|faint|p1a: Corviknight
|
|upkeep
|
|t:|1779949801
|switch|p1a: Sableye|Sableye, M|75/100
|-damage|p1a: Sableye|63/100|[from] Stealth Rock
|-damage|p1a: Sableye|51/100|[from] Spikes
|turn|19
|
|t:|1779949810
|move|p1a: Sableye|Disable|p2a: Dragonite
|-start|p2a: Dragonite|Disable|Outrage
|cant|p2a: Dragonite|Disable|Outrage
|
|-heal|p1a: Sableye|57/100|[from] item: Leftovers
|upkeep
|turn|20
|
|t:|1779949820
|switch|p1a: Lanturn|Lanturn, M|39/100
|-damage|p1a: Lanturn|27/100|[from] Stealth Rock
|-damage|p1a: Lanturn|15/100|[from] Spikes
|move|p2a: Dragonite|Fire Punch|p1a: Lanturn
|-resisted|p1a: Lanturn
|-damage|p1a: Lanturn|0 fnt
|faint|p1a: Lanturn
|
|upkeep
|
|t:|1779949833
|switch|p1a: Banette|Banette, M, shiny|81/100
|-damage|p1a: Banette|68/100|[from] Stealth Rock
|-damage|p1a: Banette|56/100|[from] Spikes
|turn|21
|
|t:|1779949840
|move|p1a: Banette|Sucker Punch|p2a: Dragonite
|-damage|p2a: Dragonite|4/100
|-damage|p1a: Banette|46/100|[from] item: Life Orb
|move|p2a: Dragonite|Fire Punch|p1a: Banette
|-damage|p1a: Banette|0 fnt
|faint|p1a: Banette
|
|upkeep
|
|t:|1779949844
|switch|p1a: Breloom|Breloom, M, shiny|100/100
|-damage|p1a: Breloom|94/100|[from] Stealth Rock
|-damage|p1a: Breloom|82/100|[from] Spikes
|turn|22
|
|t:|1779949854
|move|p2a: Dragonite|Extreme Speed|p1a: Breloom
|-damage|p1a: Breloom|0 fnt
|faint|p1a: Breloom
|
|-end|p2a: Dragonite|Disable
|upkeep
|
|t:|1779949857
|switch|p1a: Sableye|Sableye, M|57/100
|-damage|p1a: Sableye|44/100|[from] Stealth Rock
|-damage|p1a: Sableye|32/100|[from] Spikes
|turn|23
|
|t:|1779949867
|move|p1a: Sableye|Encore|p2a: Dragonite
|-start|p2a: Dragonite|Encore
|move|p2a: Dragonite|Extreme Speed|p1a: Sableye
|-immune|p1a: Sableye
|
|-heal|p1a: Sableye|38/100|[from] item: Leftovers
|upkeep
|turn|24
|
|t:|1779949876
|move|p2a: Dragonite|Extreme Speed|p1a: Sableye
|-immune|p1a: Sableye
|move|p1a: Sableye|Night Shade|p2a: Dragonite
|-damage|p2a: Dragonite|0 fnt
|faint|p2a: Dragonite
|
|-heal|p1a: Sableye|44/100|[from] item: Leftovers
|upkeep
|
|t:|1779949889
|switch|p2a: Gholdengo|Gholdengo|100/100
|turn|25
|
|t:|1779949895
|move|p2a: Gholdengo|Nasty Plot|p2a: Gholdengo
|-boost|p2a: Gholdengo|spa|2
|move|p1a: Sableye|Night Shade|p2a: Gholdengo
|-damage|p2a: Gholdengo|74/100
|
|-heal|p1a: Sableye|50/100|[from] item: Leftovers
|upkeep
|turn|26
|
|t:|1779949903
|move|p2a: Gholdengo|Shadow Ball|p1a: Sableye
|-damage|p1a: Sableye|0 fnt
|faint|p1a: Sableye
|
|upkeep
|
|t:|1779949906
|switch|p1a: Salamence|Salamence, M|76/100
|-damage|p1a: Salamence|51/100|[from] Stealth Rock
|turn|27
|
|t:|1779949912
|move|p1a: Salamence|Earthquake|p2a: Gholdengo
|-supereffective|p2a: Gholdengo
|-damage|p2a: Gholdengo|17/100
|move|p2a: Gholdengo|Make It Rain|p1a: Salamence
|-damage|p1a: Salamence|0 fnt
|-unboost|p2a: Gholdengo|spa|1
|faint|p1a: Salamence
|
|win|nzzygo
|raw|Tesmon's rating: 1136 &rarr; <strong>1109</strong><br />(-27 for losing)
|raw|nzzygo's rating: 1109 &rarr; <strong>1136</strong><br />(+27 for winning)
|l|☆Tesmon
|player|p1|
|l|☆nzzygo
|player|p2|
