|j|‽mantikarp2.0
|j|☆gekichumai
|t:|1779871045
|gametype|singles
|player|p1|mantikarp2.0|101|1453
|player|p2|gekichumai|miku-psychic|1452
|gen|9
|tier|[Gen 9] OU
|rated|
|rule|HP Percentage Mod: HP is shown in percentages
|rule|Endless Battle Clause: Forcing endless battles is banned
|rule|Species Clause: Limit one of each Pokémon
|rule|OHKO Clause: OHKO moves are banned
|rule|Evasion Items Clause: Evasion items are banned
|rule|Evasion Moves Clause: Evasion moves are banned
|rule|Evasion Abilities Clause: Evasion abilities are banned
|rule|Sleep Moves Clause: Sleep-inducing moves are banned
|clearpoke
|poke|p1|Ribombee, M|
|poke|p1|Gholdengo|
|poke|p1|Great Tusk|
|poke|p1|Raging Bolt|
|poke|p1|Ogerpon-Cornerstone, F|
|poke|p1|Ceruledge, M|
|poke|p2|Ninetales, M|
|poke|p2|Blaziken, F|
|poke|p2|Great Tusk|
|poke|p2|Hatterene, F|
|poke|p2|Walking Wake|
|poke|p2|Venusaur, M|
|teampreview
|inactive|Battle timer is ON: inactive players will automatically lose when time's up. (requested by gekichumai)
|
|t:|1779871067
|teamsize|p1|6
|teamsize|p2|6
|start
|switch|p1a: Ribombee|Ribombee, M, shiny|100/100
|switch|p2a: Ninetales|Ninetales, M|100/100
|-weather|SunnyDay|[from] ability: Drought|[of] p2a: Ninetales
|turn|1
|
|t:|1779871070
|switch|p2a: Hatterene|Hatterene, F|100/100
|move|p1a: Ribombee|Sticky Web|p2a: Hatterene
|move|p2a: Hatterene|Sticky Web|p1a: Ribombee|[from] ability: Magic Bounce
|-sidestart|p1: mantikarp2.0|move: Sticky Web
|
|-weather|SunnyDay|[upkeep]
|upkeep
|turn|2
|
|t:|1779871074
|move|p1a: Ribombee|Skill Swap|p2a: Hatterene
|-activate|p1a: Ribombee|Skill Swap|Magic Bounce|Shield Dust|[of] p2a: Hatterene
|move|p2a: Hatterene|Nuzzle|p1a: Ribombee
|-damage|p1a: Ribombee|92/100
|-status|p1a: Ribombee|par
|
|-weather|SunnyDay|[upkeep]
|upkeep
|turn|3
|
|t:|1779871083
|switch|p2a: Blaziken|Blaziken, F|100/100
|move|p1a: Ribombee|Sticky Web|p2a: Blaziken
|-sidestart|p2: gekichumai|move: Sticky Web
|
|-weather|SunnyDay|[upkeep]
|upkeep
|turn|4
|l|‽mantikarp2.0
|inactive|mantikarp2.0 disconnected and has a minute to reconnect!
|player|p1|
|j|‽mantikarp2.0
|inactive|mantikarp2.0 reconnected and has 120 seconds left.
|player|p1|mantikarp2.0|101|
|n|‽mantikarp2.0|mantikarp20
|n|‽mantikarp2.0|mantikarp20
|
|t:|1779871118
|move|p2a: Blaziken|Focus Energy|p2a: Blaziken
|-start|p2a: Blaziken|move: Focus Energy
|move|p1a: Ribombee|Skill Swap|p2a: Blaziken
|-activate|p1a: Ribombee|Skill Swap|Speed Boost|Magic Bounce|[of] p2a: Blaziken
|
|-weather|SunnyDay|[upkeep]
|-ability|p1a: Ribombee|Speed Boost|boost
|-boost|p1a: Ribombee|spe|1
|upkeep
|turn|5
|inactive|mantikarp2.0 has 120 seconds left.
|
|t:|1779871138
|move|p1a: Ribombee|Psychic Noise|p2a: Blaziken
|-supereffective|p2a: Blaziken
|-damage|p2a: Blaziken|39/100
|-start|p2a: Blaziken|move: Heal Block
|move|p2a: Blaziken|Overheat|p1a: Ribombee|[miss]
|-miss|p2a: Blaziken|p1a: Ribombee
|
|-weather|SunnyDay|[upkeep]
|-ability|p1a: Ribombee|Speed Boost|boost
|-boost|p1a: Ribombee|spe|1
|upkeep
|turn|6
|
|t:|1779871152
|cant|p1a: Ribombee|par
|move|p2a: Blaziken|Overheat|p1a: Ribombee|[miss]
|-miss|p2a: Blaziken|p1a: Ribombee
|
|-weather|SunnyDay|[upkeep]
|-end|p2a: Blaziken|move: Heal Block
|-ability|p1a: Ribombee|Speed Boost|boost
|-boost|p1a: Ribombee|spe|1
|upkeep
|turn|7
|
|t:|1779871165
|move|p1a: Ribombee|Psychic Noise|p2a: Blaziken
|-supereffective|p2a: Blaziken
|-damage|p2a: Blaziken|0 fnt
|faint|p2a: Blaziken
|
|-weather|SunnyDay|[upkeep]
|-ability|p1a: Ribombee|Speed Boost|boost
|-boost|p1a: Ribombee|spe|1
|upkeep
|
|t:|1779871180
|switch|p2a: Great Tusk|Great Tusk|100/100
|-activate|p2a: Great Tusk|ability: Protosynthesis
|-start|p2a: Great Tusk|protosynthesisatk
|turn|8
|
|t:|1779871188
|-terastallize|p2a: Great Tusk|Fire
|move|p1a: Ribombee|Moonblast|p2a: Great Tusk
|-resisted|p2a: Great Tusk
|-damage|p2a: Great Tusk|71/100
|move|p2a: Great Tusk|Rapid Spin|p1a: Ribombee
|-damage|p1a: Ribombee|46/100 par
|-boost|p2a: Great Tusk|spe|1
|-sideend|p2: gekichumai|Sticky Web|[from] move: Rapid Spin|[of] p2a: Great Tusk
|
|-weather|none
|-end|p2a: Great Tusk|Protosynthesis
|-ability|p1a: Ribombee|Speed Boost|boost
|-boost|p1a: Ribombee|spe|1
|upkeep
|turn|9
|
|t:|1779871196
|cant|p1a: Ribombee|par
|move|p2a: Great Tusk|Ice Spinner|p1a: Ribombee
|-damage|p1a: Ribombee|0 fnt
|faint|p1a: Ribombee
|
|upkeep
|
|t:|1779871199
|switch|p1a: Great Tusk|Great Tusk, shiny|100/100
|-activate|p1a: Great Tusk|move: Sticky Web
|-unboost|p1a: Great Tusk|spe|1
|-enditem|p1a: Great Tusk|Booster Energy
|-activate|p1a: Great Tusk|ability: Protosynthesis|[fromitem]
|-start|p1a: Great Tusk|protosynthesisatk
|turn|10
|
|t:|1779871209
|move|p2a: Great Tusk|Headlong Rush|p1a: Great Tusk
|-damage|p1a: Great Tusk|55/100
|-unboost|p2a: Great Tusk|def|1
|-unboost|p2a: Great Tusk|spd|1
|move|p1a: Great Tusk|Rapid Spin|p2a: Great Tusk
|-damage|p2a: Great Tusk|46/100
|-boost|p1a: Great Tusk|spe|1
|-sideend|p1: mantikarp2.0|Sticky Web|[from] move: Rapid Spin|[of] p1a: Great Tusk
|
|upkeep
|turn|11
|
|t:|1779871214
|move|p2a: Great Tusk|Headlong Rush|p1a: Great Tusk
|-damage|p1a: Great Tusk|13/100
|-unboost|p2a: Great Tusk|def|1
|-unboost|p2a: Great Tusk|spd|1
|move|p1a: Great Tusk|Rapid Spin|p2a: Great Tusk
|-damage|p2a: Great Tusk|13/100
|-boost|p1a: Great Tusk|spe|1
|
|upkeep
|turn|12
|
|t:|1779871219
|move|p2a: Great Tusk|Headlong Rush|p1a: Great Tusk
|-damage|p1a: Great Tusk|0 fnt
|-unboost|p2a: Great Tusk|def|1
|-unboost|p2a: Great Tusk|spd|1
|faint|p1a: Great Tusk
|-end|p1a: Great Tusk|Protosynthesis|[silent]
|
|upkeep
|
|t:|1779871229
|switch|p1a: Ceruledge|Ceruledge, M, shiny|100/100
|turn|13
|
|t:|1779871232
|-end|p2a: Great Tusk|Protosynthesis|[silent]
|switch|p2a: Ninetales|Ninetales, M|100/100
|-weather|SunnyDay|[from] ability: Drought|[of] p2a: Ninetales
|move|p1a: Ceruledge|Shadow Sneak|p2a: Ninetales
|-damage|p2a: Ninetales|72/100
|
|-weather|SunnyDay|[upkeep]
|upkeep
|turn|14
|
|t:|1779871235
|move|p2a: Ninetales|Encore|p1a: Ceruledge
|-start|p1a: Ceruledge|Encore
|move|p1a: Ceruledge|Shadow Sneak|p2a: Ninetales
|-damage|p2a: Ninetales|45/100
|
|-weather|SunnyDay|[upkeep]
|upkeep
|turn|15
|
|t:|1779871241
|move|p1a: Ceruledge|Shadow Sneak|p2a: Ninetales
|-damage|p2a: Ninetales|17/100
|move|p2a: Ninetales|Memento|p1a: Ceruledge
|-unboost|p1a: Ceruledge|atk|2
|-unboost|p1a: Ceruledge|spa|2
|faint|p2a: Ninetales
|
|-weather|SunnyDay|[upkeep]
|upkeep
|
|t:|1779871250
|switch|p2a: Venusaur|Venusaur, M|100/100
|turn|16
|
|t:|1779871257
|switch|p1a: Gholdengo|Gholdengo, shiny|100/100
|-item|p1a: Gholdengo|Air Balloon
|move|p2a: Venusaur|Growth|p2a: Venusaur
|-boost|p2a: Venusaur|atk|2
|-boost|p2a: Venusaur|spa|2
|
|-weather|SunnyDay|[upkeep]
|upkeep
|turn|17
|
|t:|1779871266
|move|p2a: Venusaur|Weather Ball|p1a: Gholdengo
|-supereffective|p1a: Gholdengo
|-crit|p1a: Gholdengo
|-damage|p1a: Gholdengo|0 fnt
|-enditem|p1a: Gholdengo|Air Balloon
|faint|p1a: Gholdengo
|-damage|p2a: Venusaur|91/100|[from] item: Life Orb
|
|-weather|SunnyDay|[upkeep]
|upkeep
|
|t:|1779871268
|switch|p1a: Ceruledge|Ceruledge, M, shiny|100/100
|turn|18
|
|t:|1779871271
|move|p2a: Venusaur|Sludge Bomb|p1a: Ceruledge
|-resisted|p1a: Ceruledge
|-damage|p1a: Ceruledge|39/100
|-status|p1a: Ceruledge|psn
|-damage|p2a: Venusaur|81/100|[from] item: Life Orb
|move|p1a: Ceruledge|Bitter Blade|p2a: Venusaur
|-supereffective|p2a: Venusaur
|-damage|p2a: Venusaur|0 fnt
|-heal|p1a: Ceruledge|81/100 psn|[from] drain|[of] p2a: Venusaur
|faint|p2a: Venusaur
|
|-weather|SunnyDay|[upkeep]
|-damage|p1a: Ceruledge|68/100 psn|[from] psn
|upkeep
|
|t:|1779871283
|switch|p2a: Walking Wake|Walking Wake|100/100
|-activate|p2a: Walking Wake|ability: Protosynthesis
|-start|p2a: Walking Wake|protosynthesisspe
|turn|19
|inactive|mantikarp2.0 has 120 seconds left.
|
|t:|1779871319
|move|p1a: Ceruledge|Shadow Sneak|p2a: Walking Wake
|-damage|p2a: Walking Wake|75/100
|move|p2a: Walking Wake|Hydro Steam|p1a: Ceruledge
|-supereffective|p1a: Ceruledge
|-damage|p1a: Ceruledge|0 fnt
|faint|p1a: Ceruledge
|
|-weather|SunnyDay|[upkeep]
|upkeep
|
|t:|1779871341
|switch|p1a: Raging Bolt|Raging Bolt|100/100
|-activate|p1a: Raging Bolt|ability: Protosynthesis
|-start|p1a: Raging Bolt|protosynthesisspa
|turn|20
|
|t:|1779871351
|-end|p2a: Walking Wake|Protosynthesis|[silent]
|switch|p2a: Hatterene|Hatterene, F|100/100
|move|p1a: Raging Bolt|Calm Mind|p1a: Raging Bolt
|-boost|p1a: Raging Bolt|spa|1
|-boost|p1a: Raging Bolt|spd|1
|
|-weather|none
|-end|p1a: Raging Bolt|Protosynthesis
|upkeep
|-enditem|p1a: Raging Bolt|Booster Energy
|-activate|p1a: Raging Bolt|ability: Protosynthesis|[fromitem]
|-start|p1a: Raging Bolt|protosynthesisspa
|turn|21
|
|t:|1779871362
|-terastallize|p1a: Raging Bolt|Bug
|move|p1a: Raging Bolt|Thunderbolt|p2a: Hatterene
|-damage|p2a: Hatterene|0 fnt
|faint|p2a: Hatterene
|
|upkeep
|
|t:|1779871368
|switch|p2a: Great Tusk|Great Tusk, tera:Fire|13/100
|turn|22
|
|t:|1779871374
|move|p1a: Raging Bolt|Thunderclap|p2a: Great Tusk
|-damage|p2a: Great Tusk|0 fnt
|faint|p2a: Great Tusk
|-end|p2a: Great Tusk|Protosynthesis|[silent]
|
|upkeep
|
|t:|1779871377
|switch|p2a: Walking Wake|Walking Wake|75/100
|turn|23
|
|t:|1779871382
|move|p1a: Raging Bolt|Thunderclap|p2a: Walking Wake
|-damage|p2a: Walking Wake|0 fnt
|faint|p2a: Walking Wake
|-end|p2a: Walking Wake|Protosynthesis|[silent]
|
|win|mantikarp2.0
|raw|mantikarp2.0's rating: 1453 &rarr; <strong>1473</strong><br />(+20 for winning)
|raw|gekichumai's rating: 1452 &rarr; <strong>1432</strong><br />(-20 for losing)
|l|☆gekichumai
|player|p2|
|l|‽mantikarp2.0
|player|p1|
