|j|☆prophet1lya
|j|☆KeIpie
|t:|1779903356
|gametype|singles
|player|p1|prophet1lya|ghetsis|1103
|player|p2|KeIpie|rocketgruntf|1118
|gen|9
|tier|[Gen 9] OU
|rated|
|rule|HP Percentage Mod: HP is shown in percentages
|rule|Endless Battle Clause: Forcing endless battles is banned
|rule|Species Clause: Limit one of each Pokémon
|rule|OHKO Clause: OHKO moves are banned
|rule|Evasion Items Clause: Evasion items are banned
|rule|Evasion Moves Clause: Evasion moves are banned
|rule|Evasion Abilities Clause: Evasion abilities are banned
|rule|Sleep Moves Clause: Sleep-inducing moves are banned
|clearpoke
|poke|p1|Deoxys-Speed|
|poke|p1|Gholdengo|
|poke|p1|Iron Valiant|
|poke|p1|Dragonite, M|
|poke|p1|Great Tusk|
|poke|p1|Zamazenta-*|
|poke|p2|Bastiodon, F|
|poke|p2|Mew|
|poke|p2|Garchomp, M|
|poke|p2|Gengar, F|
|poke|p2|Charizard, F|
|poke|p2|Gyarados, F|
|teampreview
|inactive|Battle timer is ON: inactive players will automatically lose when time's up. (requested by prophet1lya)
|
|t:|1779903361
|teamsize|p1|6
|teamsize|p2|6
|start
|switch|p1a: Deoxys|Deoxys-Speed, shiny|100/100
|switch|p2a: Mew|Mew, shiny|100/100
|-ability|p1a: Deoxys|Pressure
|turn|1
|j| cappie648
|
|t:|1779903369
|-terastallize|p2a: Mew|Fire
|move|p1a: Deoxys|Spikes|p2a: Mew
|-sidestart|p2: KeIpie|Spikes
|move|p2a: Mew|Toxic Spikes|p1a: Deoxys
|-sidestart|p1: prophet1lya|move: Toxic Spikes
|
|upkeep
|turn|2
|
|t:|1779903376
|move|p1a: Deoxys|Spikes|p2a: Mew
|-sidestart|p2: KeIpie|Spikes
|move|p2a: Mew|Dragon Tail|p1a: Deoxys
|-damage|p1a: Deoxys|84/100
|drag|p1a: Great Tusk|Great Tusk|100/100
|-status|p1a: Great Tusk|psn
|-enditem|p1a: Great Tusk|Booster Energy
|-activate|p1a: Great Tusk|ability: Protosynthesis|[fromitem]
|-start|p1a: Great Tusk|protosynthesisspe
|
|-damage|p1a: Great Tusk|88/100 psn|[from] psn
|upkeep
|turn|3
|
|t:|1779903385
|move|p1a: Great Tusk|Headlong Rush|p2a: Mew
|-supereffective|p2a: Mew
|-damage|p2a: Mew|0 fnt
|-unboost|p1a: Great Tusk|def|1
|-unboost|p1a: Great Tusk|spd|1
|faint|p2a: Mew
|
|-damage|p1a: Great Tusk|76/100 psn|[from] psn
|upkeep
|
|t:|1779903390
|switch|p2a: Bastiodon|Bastiodon, F, shiny|100/100
|-damage|p2a: Bastiodon|84/100|[from] Spikes
|turn|4
|
|t:|1779903401
|switch|p2a: Gyarados|Gyarados, F, shiny|100/100
|-ability|p2a: Gyarados|Intimidate|boost
|-unboost|p1a: Great Tusk|atk|1
|move|p1a: Great Tusk|Headlong Rush|p2a: Gyarados
|-immune|p2a: Gyarados
|
|-damage|p1a: Great Tusk|63/100 psn|[from] psn
|upkeep
|turn|5
|
|t:|1779903411
|-end|p1a: Great Tusk|Protosynthesis|[silent]
|switch|p1a: Deoxys|Deoxys-Speed, shiny|84/100
|-status|p1a: Deoxys|psn
|-ability|p1a: Deoxys|Pressure
|move|p2a: Gyarados|Dragon Tail|p1a: Deoxys
|-damage|p1a: Deoxys|59/100 psn
|drag|p1a: Great Tusk|Great Tusk|63/100 psn
|
|-damage|p1a: Great Tusk|51/100 psn|[from] psn
|upkeep
|turn|6
|
|t:|1779903423
|-end|p1a: Great Tusk|Protosynthesis|[silent]
|switch|p1a: Gholdengo|Gholdengo|100/100
|move|p2a: Gyarados|Waterfall|p1a: Gholdengo
|-damage|p1a: Gholdengo|69/100
|
|upkeep
|turn|7
|
|t:|1779903430
|move|p2a: Gyarados|Waterfall|p1a: Gholdengo
|-damage|p1a: Gholdengo|39/100
|move|p1a: Gholdengo|Shadow Ball|p2a: Gyarados
|-damage|p2a: Gyarados|71/100
|
|upkeep
|turn|8
|
|t:|1779903433
|move|p2a: Gyarados|Earthquake|p1a: Gholdengo
|-supereffective|p1a: Gholdengo
|-damage|p1a: Gholdengo|0 fnt
|faint|p1a: Gholdengo
|
|upkeep
|
|t:|1779903436
|switch|p1a: Great Tusk|Great Tusk|51/100 psn
|turn|9
|
|t:|1779903440
|move|p1a: Great Tusk|Ice Spinner|p2a: Gyarados
|-damage|p2a: Gyarados|45/100
|move|p2a: Gyarados|Waterfall|p1a: Great Tusk
|-supereffective|p1a: Great Tusk
|-damage|p1a: Great Tusk|0 fnt
|faint|p1a: Great Tusk
|-end|p1a: Great Tusk|Protosynthesis|[silent]
|
|upkeep
|
|t:|1779903444
|switch|p1a: Iron Valiant|Iron Valiant, shiny|100/100
|-status|p1a: Iron Valiant|psn
|-enditem|p1a: Iron Valiant|Booster Energy
|-activate|p1a: Iron Valiant|ability: Quark Drive|[fromitem]
|-start|p1a: Iron Valiant|quarkdrivespe
|turn|10
|
|t:|1779903451
|move|p1a: Iron Valiant|Destiny Bond|p1a: Iron Valiant
|-singlemove|p1a: Iron Valiant|Destiny Bond
|move|p2a: Gyarados|Endeavor|p1a: Iron Valiant
|-damage|p1a: Iron Valiant|53/100 psn
|
|-damage|p1a: Iron Valiant|40/100 psn|[from] psn
|upkeep
|turn|11
|
|t:|1779903461
|switch|p2a: Bastiodon|Bastiodon, F, shiny|84/100
|-damage|p2a: Bastiodon|67/100|[from] Spikes
|move|p1a: Iron Valiant|Moonblast|p2a: Bastiodon
|-resisted|p2a: Bastiodon
|-damage|p2a: Bastiodon|49/100
|-unboost|p2a: Bastiodon|spa|1
|-enditem|p2a: Bastiodon|Red Card|[of] p1a: Iron Valiant
|-end|p1a: Iron Valiant|Quark Drive|[silent]
|drag|p1a: Zamazenta|Zamazenta, shiny|100/100
|-status|p1a: Zamazenta|psn
|-ability|p1a: Zamazenta|Dauntless Shield|boost
|-boost|p1a: Zamazenta|def|1
|
|-damage|p1a: Zamazenta|88/100 psn|[from] psn
|upkeep
|turn|12
|
|t:|1779903476
|switch|p1a: Iron Valiant|Iron Valiant, shiny|40/100 psn
|move|p2a: Bastiodon|Roar|p1a: Iron Valiant
|-end|p1a: Iron Valiant|Quark Drive|[silent]
|drag|p1a: Dragonite|Dragonite, M, shiny|100/100
|
|upkeep
|turn|13
|l|☆KeIpie
|inactive|KeIpie disconnected and has a minute to reconnect!
|player|p2|
|j|☆KeIpie
|inactive|KeIpie reconnected and has 125 seconds left.
|player|p2|KeIpie|rocketgruntf|
|
|t:|1779903501
|switch|p1a: Iron Valiant|Iron Valiant, shiny|40/100 psn
|move|p2a: Bastiodon|Stealth Rock|p1a: Iron Valiant
|-sidestart|p1: prophet1lya|move: Stealth Rock
|
|-damage|p1a: Iron Valiant|28/100 psn|[from] psn
|upkeep
|turn|14
|l|☆KeIpie
|inactive|KeIpie disconnected and has a minute to reconnect!
|player|p2|
|j|☆KeIpie
|inactive|KeIpie reconnected and has 120 seconds left.
|player|p2|KeIpie|rocketgruntf|
|
|t:|1779903525
|move|p1a: Iron Valiant|Destiny Bond|p1a: Iron Valiant
|-singlemove|p1a: Iron Valiant|Destiny Bond
|move|p2a: Bastiodon|Roar|p1a: Iron Valiant
|-end|p1a: Iron Valiant|Quark Drive|[silent]
|drag|p1a: Deoxys|Deoxys-Speed, shiny|59/100 psn
|-damage|p1a: Deoxys|47/100 psn|[from] Stealth Rock
|-ability|p1a: Deoxys|Pressure
|
|-damage|p1a: Deoxys|35/100 psn|[from] psn
|upkeep
|turn|15
|inactive|KeIpie has 120 seconds left.
|
|t:|1779903552
|move|p1a: Deoxys|Spikes|p2a: Bastiodon
|-sidestart|p2: KeIpie|Spikes
|move|p2a: Bastiodon|Roar|p1a: Deoxys
|drag|p1a: Dragonite|Dragonite, M, shiny|100/100
|-damage|p1a: Dragonite|76/100|[from] Stealth Rock
|
|upkeep
|turn|16
|
|t:|1779903568
|move|p1a: Dragonite|Fire Punch|p2a: Bastiodon
|-damage|p2a: Bastiodon|21/100
|-damage|p1a: Dragonite|66/100|[from] item: Life Orb
|move|p2a: Bastiodon|Roar|p1a: Dragonite
|drag|p1a: Iron Valiant|Iron Valiant, shiny|28/100 psn
|-damage|p1a: Iron Valiant|22/100 psn|[from] Stealth Rock
|
|-damage|p1a: Iron Valiant|9/100 psn|[from] psn
|upkeep
|turn|17
|inactive|KeIpie has 90 seconds left.
|
|t:|1779903603
|move|p1a: Iron Valiant|Destiny Bond|p1a: Iron Valiant
|-singlemove|p1a: Iron Valiant|Destiny Bond
|move|p2a: Bastiodon|Flamethrower|p1a: Iron Valiant
|-damage|p1a: Iron Valiant|0 fnt
|faint|p1a: Iron Valiant
|-activate|p1a: Iron Valiant|move: Destiny Bond
|-end|p1a: Iron Valiant|Quark Drive|[silent]
|faint|p2a: Bastiodon
|
|upkeep
|
|t:|1779903615
|switch|p1a: Dragonite|Dragonite, M, shiny|66/100
|switch|p2a: Gyarados|Gyarados, F, shiny|45/100
|-damage|p1a: Dragonite|41/100|[from] Stealth Rock
|-ability|p2a: Gyarados|Intimidate|boost
|-unboost|p1a: Dragonite|atk|1
|turn|18
|inactive|KeIpie has 90 seconds left.
|inactive|prophet1lya has 120 seconds left.
|
|t:|1779903635
|move|p1a: Dragonite|Extreme Speed|p2a: Gyarados
|-damage|p2a: Gyarados|15/100
|-damage|p1a: Dragonite|31/100|[from] item: Life Orb
|move|p2a: Gyarados|Dragon Tail|p1a: Dragonite
|-supereffective|p1a: Dragonite
|-damage|p1a: Dragonite|0 fnt
|faint|p1a: Dragonite
|
|upkeep
|inactive|prophet1lya has 120 seconds left.
|
|t:|1779903648
|switch|p1a: Zamazenta|Zamazenta, shiny|88/100 psn
|-damage|p1a: Zamazenta|82/100 psn|[from] Stealth Rock
|turn|19
|inactive|prophet1lya has 120 seconds left.
|
|t:|1779903654
|move|p1a: Zamazenta|Crunch|p2a: Gyarados
|-damage|p2a: Gyarados|0 fnt
|faint|p2a: Gyarados
|-damage|p1a: Zamazenta|72/100 psn|[from] item: Life Orb
|
|-damage|p1a: Zamazenta|60/100 psn|[from] psn
|upkeep
|
|t:|1779903658
|switch|p2a: Garchomp|Garchomp, M, shiny|100/100
|-damage|p2a: Garchomp|76/100|[from] Spikes
|turn|20
|inactive|prophet1lya has 120 seconds left.
|
|t:|1779903675
|move|p1a: Zamazenta|Close Combat|p2a: Garchomp
|-damage|p2a: Garchomp|0 fnt
|-unboost|p1a: Zamazenta|def|1
|-unboost|p1a: Zamazenta|spd|1
|-damage|p1a: Zamazenta|48/100 psn|[from] ability: Rough Skin|[of] p2a: Garchomp
|faint|p2a: Garchomp
|-damage|p1a: Zamazenta|38/100 psn|[from] item: Life Orb
|
|-damage|p1a: Zamazenta|25/100 psn|[from] psn
|upkeep
|
|t:|1779903678
|switch|p2a: Charizard|Charizard, F, shiny|100/100
|turn|21
|inactive|prophet1lya has 120 seconds left.
|
|t:|1779903703
|move|p1a: Zamazenta|Ice Fang|p2a: Charizard
|-damage|p2a: Charizard|57/100
|-damage|p1a: Zamazenta|16/100 psn|[from] item: Life Orb
|move|p2a: Charizard|Air Slash|p1a: Zamazenta
|-supereffective|p1a: Zamazenta
|-damage|p1a: Zamazenta|0 fnt
|faint|p1a: Zamazenta
|
|upkeep
|
|t:|1779903727
|switch|p1a: Deoxys|Deoxys-Speed, shiny|35/100 psn
|-damage|p1a: Deoxys|23/100 psn|[from] Stealth Rock
|-ability|p1a: Deoxys|Pressure
|turn|22
|
|t:|1779903740
|move|p1a: Deoxys|Skill Swap|p2a: Charizard
|-activate|p1a: Deoxys|Skill Swap|Blaze|Pressure|[of] p2a: Charizard
|-ability|p2a: Charizard|Pressure
|move|p2a: Charizard|Air Slash|p1a: Deoxys
|-damage|p1a: Deoxys|0 fnt
|faint|p1a: Deoxys
|
|win|KeIpie
|raw|prophet1lya's rating: 1103 &rarr; <strong>1079</strong><br />(-24 for losing)
|raw|KeIpie's rating: 1118 &rarr; <strong>1142</strong><br />(+24 for winning)
|l|☆prophet1lya
|player|p1|
|l|☆KeIpie
|player|p2|
|l| cappie648
