|j|☆yoyo112
|j|☆patchworrk
|t:|1779891132
|gametype|singles
|player|p1|yoyo112|barry|1244
|player|p2|patchworrk|rosa|1192
|gen|9
|tier|[Gen 9] OU
|rated|
|rule|HP Percentage Mod: HP is shown in percentages
|rule|Endless Battle Clause: Forcing endless battles is banned
|rule|Species Clause: Limit one of each Pokémon
|rule|OHKO Clause: OHKO moves are banned
|rule|Evasion Items Clause: Evasion items are banned
|rule|Evasion Moves Clause: Evasion moves are banned
|rule|Evasion Abilities Clause: Evasion abilities are banned
|rule|Sleep Moves Clause: Sleep-inducing moves are banned
|clearpoke
|poke|p1|Torkoal, F|
|poke|p1|Walking Wake|
|poke|p1|Venusaur, M|
|poke|p1|Great Tusk|
|poke|p1|Scream Tail|
|poke|p1|Arcanine-Hisui, M|
|poke|p2|Latios, M|
|poke|p2|Great Tusk|
|poke|p2|Ogerpon-Wellspring, F|
|poke|p2|Kingambit, M|
|poke|p2|Ribombee, F|
|poke|p2|Enamorus, F|
|teampreview
|inactive|Battle timer is ON: inactive players will automatically lose when time's up. (requested by yoyo112)
|
|t:|1779891148
|teamsize|p1|6
|teamsize|p2|6
|start
|switch|p1a: Torkoal|Torkoal, F|100/100
|switch|p2a: Vi|Ribombee, F|100/100
|-weather|SunnyDay|[from] ability: Drought|[of] p1a: Torkoal
|turn|1
|
|t:|1779891168
|switch|p2a: Zasp|Latios, M, shiny|100/100
|move|p1a: Torkoal|Rapid Spin|p2a: Zasp
|-damage|p2a: Zasp|88/100
|-boost|p1a: Torkoal|spe|1
|
|-weather|SunnyDay|[upkeep]
|upkeep
|turn|2
|
|t:|1779891178
|switch|p1a: Scream Tail|Scream Tail|100/100
|-activate|p1a: Scream Tail|ability: Protosynthesis
|-start|p1a: Scream Tail|protosynthesisspd
|move|p2a: Zasp|Draco Meteor|p1a: Scream Tail
|-immune|p1a: Scream Tail
|
|-weather|SunnyDay|[upkeep]
|upkeep
|turn|3
|
|t:|1779891194
|switch|p2a: Leif|Ogerpon-Wellspring, F|100/100
|move|p1a: Scream Tail|Dazzling Gleam|p2a: Leif
|-damage|p2a: Leif|78/100
|
|-weather|SunnyDay|[upkeep]
|upkeep
|turn|4
|
|t:|1779891216
|-end|p1a: Scream Tail|Protosynthesis|[silent]
|switch|p1a: Venusaur|Venusaur, M|100/100
|move|p2a: Leif|Swords Dance|p2a: Leif
|-boost|p2a: Leif|atk|2
|
|-weather|SunnyDay|[upkeep]
|upkeep
|turn|5
|inactive|patchworrk has 120 seconds left.
|
|t:|1779891243
|switch|p2a: Dead Lander Ω|Kingambit, M|100/100
|move|p1a: Venusaur|Growth|p1a: Venusaur
|-boost|p1a: Venusaur|atk|2
|-boost|p1a: Venusaur|spa|2
|
|-weather|SunnyDay|[upkeep]
|upkeep
|turn|6
|
|t:|1779891249
|-end|p2a: Dead Lander Ω|fallenundefined|[silent]
|switch|p2a: Zasp|Latios, M, shiny|88/100
|move|p1a: Venusaur|Weather Ball|p2a: Zasp
|-resisted|p2a: Zasp
|-damage|p2a: Zasp|18/100
|-damage|p1a: Venusaur|91/100|[from] item: Life Orb
|
|-weather|SunnyDay|[upkeep]
|upkeep
|turn|7
|
|t:|1779891263
|move|p1a: Venusaur|Giga Drain|p2a: Zasp
|-resisted|p2a: Zasp
|-damage|p2a: Zasp|0 fnt
|-heal|p1a: Venusaur|99/100|[from] drain|[of] p2a: Zasp
|faint|p2a: Zasp
|-damage|p1a: Venusaur|89/100|[from] item: Life Orb
|
|-weather|SunnyDay|[upkeep]
|upkeep
|
|t:|1779891267
|switch|p2a: Vi|Ribombee, F|100/100
|turn|8
|
|t:|1779891274
|move|p2a: Vi|Switcheroo|p1a: Venusaur
|-activate|p2a: Vi|move: Trick|[of] p1a: Venusaur
|-item|p1a: Venusaur|Choice Scarf|[from] move: Switcheroo
|-item|p2a: Vi|Life Orb|[from] move: Switcheroo
|move|p1a: Venusaur|Sludge Bomb|p2a: Vi
|-supereffective|p2a: Vi
|-damage|p2a: Vi|0 fnt
|faint|p2a: Vi
|
|-weather|none
|upkeep
|
|t:|1779891280
|switch|p2a: Dead Lander Ω|Kingambit, M|100/100
|-activate|p2a: Dead Lander Ω|ability: Supreme Overlord
|-start|p2a: Dead Lander Ω|fallen2|[silent]
|turn|9
|
|t:|1779891293
|switch|p1a: Torkoal|Torkoal, F|100/100
|-weather|SunnyDay|[from] ability: Drought|[of] p1a: Torkoal
|move|p2a: Dead Lander Ω|Swords Dance|p2a: Dead Lander Ω
|-boost|p2a: Dead Lander Ω|atk|2
|
|-weather|SunnyDay|[upkeep]
|upkeep
|turn|10
|
|t:|1779891305
|move|p2a: Dead Lander Ω|Sucker Punch||[still]
|-fail|p2a: Dead Lander Ω
|move|p1a: Torkoal|Will-O-Wisp|p2a: Dead Lander Ω
|-status|p2a: Dead Lander Ω|brn
|-enditem|p2a: Dead Lander Ω|Lum Berry|[eat]
|-curestatus|p2a: Dead Lander Ω|brn|[msg]
|
|-weather|SunnyDay|[upkeep]
|upkeep
|turn|11
|
|t:|1779891322
|move|p2a: Dead Lander Ω|Kowtow Cleave|p1a: Torkoal
|-damage|p1a: Torkoal|33/100
|move|p1a: Torkoal|Will-O-Wisp|p2a: Dead Lander Ω
|-status|p2a: Dead Lander Ω|brn
|
|-weather|SunnyDay|[upkeep]
|-damage|p2a: Dead Lander Ω|94/100 brn|[from] brn
|upkeep
|turn|12
|
|t:|1779891329
|switch|p1a: Great Tusk|Great Tusk|100/100
|-activate|p1a: Great Tusk|ability: Protosynthesis
|-start|p1a: Great Tusk|protosynthesisatk
|move|p2a: Dead Lander Ω|Kowtow Cleave|p1a: Great Tusk
|-resisted|p1a: Great Tusk
|-damage|p1a: Great Tusk|79/100
|
|-weather|SunnyDay|[upkeep]
|-damage|p2a: Dead Lander Ω|88/100 brn|[from] brn
|upkeep
|turn|13
|
|t:|1779891334
|-end|p2a: Dead Lander Ω|fallen2|[silent]
|switch|p2a: Mothiva|Enamorus, F|100/100
|move|p1a: Great Tusk|Rapid Spin|p2a: Mothiva
|-damage|p2a: Mothiva|58/100
|-boost|p1a: Great Tusk|spe|1
|
|-weather|SunnyDay|[upkeep]
|upkeep
|turn|14
|
|t:|1779891355
|-terastallize|p1a: Great Tusk|Steel
|move|p1a: Great Tusk|Ice Spinner|p2a: Mothiva
|-supereffective|p2a: Mothiva
|-damage|p2a: Mothiva|0 fnt
|faint|p2a: Mothiva
|
|-weather|SunnyDay|[upkeep]
|upkeep
|
|t:|1779891365
|switch|p2a: Kabbu|Great Tusk, shiny|100/100
|-activate|p2a: Kabbu|ability: Protosynthesis
|-start|p2a: Kabbu|protosynthesisspe
|turn|15
|
|t:|1779891385
|move|p2a: Kabbu|Headlong Rush|p1a: Great Tusk
|-supereffective|p1a: Great Tusk
|-damage|p1a: Great Tusk|8/100
|-unboost|p2a: Kabbu|def|1
|-unboost|p2a: Kabbu|spd|1
|move|p1a: Great Tusk|Ice Spinner|p2a: Kabbu
|-supereffective|p2a: Kabbu
|-damage|p2a: Kabbu|28/100
|
|-weather|SunnyDay|[upkeep]
|upkeep
|turn|16
|
|t:|1779891399
|move|p1a: Great Tusk|Ice Spinner|p2a: Kabbu
|-supereffective|p2a: Kabbu
|-damage|p2a: Kabbu|0 fnt
|faint|p2a: Kabbu
|-end|p2a: Kabbu|Protosynthesis|[silent]
|
|-weather|none
|-end|p1a: Great Tusk|Protosynthesis
|upkeep
|
|t:|1779891403
|switch|p2a: Dead Lander Ω|Kingambit, M|88/100 brn
|-activate|p2a: Dead Lander Ω|ability: Supreme Overlord
|-start|p2a: Dead Lander Ω|fallen4|[silent]
|turn|17
|
|t:|1779891408
|move|p2a: Dead Lander Ω|Sucker Punch|p1a: Great Tusk
|-damage|p1a: Great Tusk|0 fnt
|faint|p1a: Great Tusk
|-end|p1a: Great Tusk|Protosynthesis|[silent]
|
|-damage|p2a: Dead Lander Ω|82/100 brn|[from] brn
|upkeep
|
|t:|1779891411
|switch|p1a: Torkoal|Torkoal, F|33/100
|-weather|SunnyDay|[from] ability: Drought|[of] p1a: Torkoal
|turn|18
|
|t:|1779891414
|-end|p2a: Dead Lander Ω|fallen4|[silent]
|switch|p2a: Leif|Ogerpon-Wellspring, F|78/100
|move|p1a: Torkoal|Lava Plume|p2a: Leif
|-damage|p2a: Leif|32/100
|
|-weather|SunnyDay|[upkeep]
|upkeep
|turn|19
|
|t:|1779891426
|move|p2a: Leif|Ivy Cudgel|p1a: Torkoal|[anim] Ivy Cudgel Water
|-supereffective|p1a: Torkoal
|-damage|p1a: Torkoal|1/100
|move|p1a: Torkoal|Will-O-Wisp|p2a: Leif
|-status|p2a: Leif|brn
|
|-weather|SunnyDay|[upkeep]
|-damage|p2a: Leif|26/100 brn|[from] brn
|upkeep
|turn|20
|
|t:|1779891433
|move|p2a: Leif|U-turn|p1a: Torkoal
|-resisted|p1a: Torkoal
|-damage|p1a: Torkoal|0 fnt
|faint|p1a: Torkoal
|
|t:|1779891435
|switch|p2a: Dead Lander Ω|Kingambit, M|82/100 brn|[from] U-turn
|-activate|p2a: Dead Lander Ω|ability: Supreme Overlord
|-start|p2a: Dead Lander Ω|fallen4|[silent]
|
|-weather|SunnyDay|[upkeep]
|-damage|p2a: Dead Lander Ω|76/100 brn|[from] brn
|upkeep
|
|t:|1779891440
|switch|p1a: Venusaur|Venusaur, M|89/100
|turn|21
|
|t:|1779891454
|move|p1a: Venusaur|Weather Ball|p2a: Dead Lander Ω
|-supereffective|p2a: Dead Lander Ω
|-damage|p2a: Dead Lander Ω|0 fnt
|faint|p2a: Dead Lander Ω
|-end|p2a: Dead Lander Ω|fallen4|[silent]
|
|-weather|SunnyDay|[upkeep]
|upkeep
|
|t:|1779891457
|switch|p2a: Leif|Ogerpon-Wellspring, F|26/100 brn
|turn|22
|c|☆patchworrk|ggwp
|
|t:|1779891473
|move|p1a: Venusaur|Weather Ball|p2a: Leif
|-damage|p2a: Leif|0 fnt
|faint|p2a: Leif
|
|win|yoyo112
|raw|yoyo112's rating: 1244 &rarr; <strong>1265</strong><br />(+21 for winning)
|raw|patchworrk's rating: 1192 &rarr; <strong>1171</strong><br />(-21 for losing)
|l|☆yoyo112
|player|p1|
