|j|☆Gking10
|j|☆DJ Shindig
|t:|1779943227
|gametype|singles
|player|p1|Gking10|cheryl|1594
|player|p2|DJ Shindig|2|1551
|gen|9
|tier|[Gen 9] OU
|rated|
|rule|HP Percentage Mod: HP is shown in percentages
|rule|Endless Battle Clause: Forcing endless battles is banned
|rule|Species Clause: Limit one of each Pokémon
|rule|OHKO Clause: OHKO moves are banned
|rule|Evasion Items Clause: Evasion items are banned
|rule|Evasion Moves Clause: Evasion moves are banned
|rule|Evasion Abilities Clause: Evasion abilities are banned
|rule|Sleep Moves Clause: Sleep-inducing moves are banned
|clearpoke
|poke|p1|Skeledirge, M|
|poke|p1|Rillaboom, M|
|poke|p1|Iron Treads|
|poke|p1|Raging Bolt|
|poke|p1|Ogerpon-Wellspring, F|
|poke|p1|Enamorus, F|
|poke|p2|Gholdengo|
|poke|p2|Cinderace, M|
|poke|p2|Samurott-Hisui, F|
|poke|p2|Slowking-Galar, F|
|poke|p2|Great Tusk|
|poke|p2|Tornadus-Therian, M|
|teampreview
|
|t:|1779943249
|teamsize|p1|6
|teamsize|p2|6
|start
|switch|p1a: Rillaboom|Rillaboom, M|100/100
|switch|p2a: Tornadus|Tornadus-Therian, M|100/100
|-fieldstart|move: Grassy Terrain|[from] ability: Grassy Surge|[of] p1a: Rillaboom
|turn|1
|
|t:|1779943282
|switch|p1a: Iron Treads|Iron Treads|100/100
|move|p2a: Tornadus|Bleakwind Storm|p1a: Iron Treads|[miss]
|-miss|p2a: Tornadus|p1a: Iron Treads
|
|upkeep
|turn|2
|
|t:|1779943293
|move|p2a: Tornadus|Heat Wave|p1a: Iron Treads
|-supereffective|p1a: Iron Treads
|-crit|p1a: Iron Treads
|-damage|p1a: Iron Treads|6/100
|-damage|p2a: Tornadus|91/100|[from] item: Life Orb
|move|p1a: Iron Treads|Stealth Rock|p2a: Tornadus
|-sidestart|p2: DJ Shindig|move: Stealth Rock
|
|-heal|p1a: Iron Treads|12/100|[from] Grassy Terrain
|upkeep
|turn|3
|
|t:|1779943306
|-end|p1a: Iron Treads|Quark Drive|[silent]
|switch|p1a: Raging Bolt|Raging Bolt|100/100
|move|p2a: Tornadus|Grass Knot|p1a: Raging Bolt
|-resisted|p1a: Raging Bolt
|-damage|p1a: Raging Bolt|79/100
|-damage|p2a: Tornadus|81/100|[from] item: Life Orb
|
|-heal|p1a: Raging Bolt|85/100|[from] Grassy Terrain
|upkeep
|turn|4
|
|t:|1779943324
|switch|p2a: Cinderace|Cinderace, M|100/100
|move|p1a: Raging Bolt|Draco Meteor|p2a: Cinderace
|-damage|p2a: Cinderace|0 fnt
|-unboost|p1a: Raging Bolt|spa|2
|faint|p2a: Cinderace
|
|-heal|p1a: Raging Bolt|92/100|[from] Grassy Terrain
|upkeep
|
|t:|1779943331
|switch|p2a: Great Tusk|Great Tusk|100/100
|-damage|p2a: Great Tusk|98/100|[from] Stealth Rock
|turn|5
|
|t:|1779943344
|-end|p1a: Raging Bolt|Protosynthesis|[silent]
|switch|p1a: Enamorus|Enamorus, F|100/100
|move|p2a: Great Tusk|Stealth Rock|p1a: Enamorus
|-sidestart|p1: Gking10|move: Stealth Rock
|
|-heal|p2a: Great Tusk|100/100|[from] Grassy Terrain
|-fieldend|move: Grassy Terrain
|upkeep
|turn|6
|
|t:|1779943356
|-end|p2a: Great Tusk|Protosynthesis|[silent]
|switch|p2a: Slowking|Slowking-Galar, F|100/100
|-damage|p2a: Slowking|88/100|[from] Stealth Rock
|move|p1a: Enamorus|Earth Power|p2a: Slowking
|-supereffective|p2a: Slowking
|-damage|p2a: Slowking|32/100
|
|-heal|p2a: Slowking|38/100|[from] item: Black Sludge
|upkeep
|turn|7
|
|t:|1779943378
|switch|p1a: Raging Bolt|Raging Bolt|92/100
|-damage|p1a: Raging Bolt|79/100|[from] Stealth Rock
|switch|p2a: Samurott|Samurott-Hisui, F|100/100
|-damage|p2a: Samurott|88/100|[from] Stealth Rock
|
|upkeep
|turn|8
|
|t:|1779943416
|move|p1a: Raging Bolt|Draco Meteor|p2a: Samurott
|-damage|p2a: Samurott|11/100
|-unboost|p1a: Raging Bolt|spa|2
|move|p2a: Samurott|Ceaseless Edge|p1a: Raging Bolt
|-damage|p1a: Raging Bolt|39/100
|-sidestart|p1: Gking10|Spikes
|
|upkeep
|turn|9
|
|t:|1779943451
|move|p2a: Samurott|Sucker Punch|p1a: Raging Bolt
|-damage|p1a: Raging Bolt|10/100
|move|p1a: Raging Bolt|Draco Meteor|p2a: Samurott
|-damage|p2a: Samurott|0 fnt
|-unboost|p1a: Raging Bolt|spa|2
|faint|p2a: Samurott
|
|upkeep
|
|t:|1779943458
|switch|p2a: Great Tusk|Great Tusk|100/100
|-damage|p2a: Great Tusk|98/100|[from] Stealth Rock
|turn|10
|
|t:|1779943474
|-end|p1a: Raging Bolt|Protosynthesis|[silent]
|switch|p1a: Enamorus|Enamorus, F|100/100
|-damage|p1a: Enamorus|76/100|[from] Stealth Rock
|move|p2a: Great Tusk|Rapid Spin|p1a: Enamorus
|-damage|p1a: Enamorus|45/100
|-boost|p2a: Great Tusk|spe|1
|-sideend|p2: DJ Shindig|Stealth Rock|[from] move: Rapid Spin|[of] p2a: Great Tusk
|
|upkeep
|turn|11
|
|t:|1779943491
|-end|p2a: Great Tusk|Protosynthesis|[silent]
|switch|p2a: Slowking|Slowking-Galar, F|71/100
|move|p1a: Enamorus|Healing Wish|p1a: Enamorus
|faint|p1a: Enamorus
|
|-heal|p2a: Slowking|78/100|[from] item: Black Sludge
|upkeep
|
|t:|1779943498
|switch|p1a: Iron Treads|Iron Treads|12/100
|-heal|p1a: Iron Treads|100/100|[from] move: Healing Wish
|turn|12
|
|t:|1779943518
|switch|p2a: Gholdengo|Gholdengo|100/100
|move|p1a: Iron Treads|Rapid Spin|p2a: Gholdengo
|-immune|p2a: Gholdengo
|
|upkeep
|turn|13
|
|t:|1779943534
|move|p2a: Gholdengo|Focus Blast|p1a: Iron Treads
|-supereffective|p1a: Iron Treads
|-damage|p1a: Iron Treads|31/100
|-unboost|p1a: Iron Treads|spd|1
|move|p1a: Iron Treads|High Horsepower|p2a: Gholdengo
|-supereffective|p2a: Gholdengo
|-damage|p2a: Gholdengo|17/100
|
|upkeep
|turn|14
|
|t:|1779943554
|switch|p2a: Tornadus|Tornadus-Therian, M|100/100
|-end|p1a: Iron Treads|Quark Drive|[silent]
|switch|p1a: Raging Bolt|Raging Bolt|10/100
|-damage|p1a: Raging Bolt|0 fnt|[from] Stealth Rock
|faint|p1a: Raging Bolt
|-end|p1a: Raging Bolt|Protosynthesis|[silent]
|
|upkeep
|
|t:|1779943567
|switch|p1a: Rillaboom|Rillaboom, M|100/100
|-damage|p1a: Rillaboom|88/100|[from] Stealth Rock
|-damage|p1a: Rillaboom|76/100|[from] Spikes
|-fieldstart|move: Grassy Terrain|[from] ability: Grassy Surge|[of] p1a: Rillaboom
|turn|15
|inactive|Battle timer is ON: inactive players will automatically lose when time's up. (requested by DJ Shindig)
|
|t:|1779943631
|switch|p1a: Iron Treads|Iron Treads|31/100
|move|p2a: Tornadus|Bleakwind Storm|p1a: Iron Treads|[miss]
|-miss|p2a: Tornadus|p1a: Iron Treads
|
|-heal|p1a: Iron Treads|37/100|[from] Grassy Terrain
|upkeep
|turn|16
|inactive|Gking10 has 120 seconds left.
|inactive|DJ Shindig has 120 seconds left.
|
|t:|1779943687
|-terastallize|p1a: Iron Treads|Ghost
|move|p2a: Tornadus|Grass Knot|p1a: Iron Treads
|-damage|p1a: Iron Treads|0 fnt
|faint|p1a: Iron Treads
|-end|p1a: Iron Treads|Quark Drive|[silent]
|-damage|p2a: Tornadus|91/100|[from] item: Life Orb
|
|upkeep
|inactive|Gking10 has 90 seconds left.
|
|t:|1779943710
|switch|p1a: Skeledirge|Skeledirge, M|100/100
|-damage|p1a: Skeledirge|76/100|[from] Stealth Rock
|-damage|p1a: Skeledirge|63/100|[from] Spikes
|-enditem|p1a: Skeledirge|Grassy Seed
|-boost|p1a: Skeledirge|def|1|[from] item: Grassy Seed
|turn|17
|
|t:|1779943736
|move|p2a: Tornadus|Bleakwind Storm|p1a: Skeledirge
|-damage|p1a: Skeledirge|5/100
|-damage|p2a: Tornadus|81/100|[from] item: Life Orb
|move|p1a: Skeledirge|Flame Charge|p2a: Tornadus
|-damage|p2a: Tornadus|65/100
|-boost|p1a: Skeledirge|spe|1
|
|-heal|p1a: Skeledirge|11/100|[from] Grassy Terrain
|upkeep
|turn|18
|
|t:|1779943748
|move|p1a: Skeledirge|Slack Off|p1a: Skeledirge
|-heal|p1a: Skeledirge|61/100
|move|p2a: Tornadus|Grass Knot|p1a: Skeledirge
|-resisted|p1a: Skeledirge
|-damage|p1a: Skeledirge|35/100
|-damage|p2a: Tornadus|55/100|[from] item: Life Orb
|
|-heal|p1a: Skeledirge|41/100|[from] Grassy Terrain
|upkeep
|turn|19
|inactive|Gking10 has 60 seconds left.
|
|t:|1779943766
|move|p1a: Skeledirge|Slack Off|p1a: Skeledirge
|-heal|p1a: Skeledirge|91/100
|move|p2a: Tornadus|Bleakwind Storm|p1a: Skeledirge
|-damage|p1a: Skeledirge|33/100
|-damage|p2a: Tornadus|45/100|[from] item: Life Orb
|
|-heal|p1a: Skeledirge|39/100|[from] Grassy Terrain
|-fieldend|move: Grassy Terrain
|upkeep
|turn|20
|inactive|Gking10 has 60 seconds left.
|
|t:|1779943778
|move|p1a: Skeledirge|Slack Off|p1a: Skeledirge
|-heal|p1a: Skeledirge|89/100
|move|p2a: Tornadus|Bleakwind Storm|p1a: Skeledirge
|-damage|p1a: Skeledirge|31/100
|-damage|p2a: Tornadus|36/100|[from] item: Life Orb
|
|upkeep
|turn|21
|inactive|DJ Shindig has 120 seconds left.
|
|t:|1779943788
|move|p1a: Skeledirge|Slack Off|p1a: Skeledirge
|-heal|p1a: Skeledirge|81/100
|move|p2a: Tornadus|Bleakwind Storm|p1a: Skeledirge|[miss]
|-miss|p2a: Tornadus|p1a: Skeledirge
|
|upkeep
|turn|22
|inactive|Gking10 has 60 seconds left.
|
|t:|1779943803
|move|p1a: Skeledirge|Torch Song|p2a: Tornadus
|-damage|p2a: Tornadus|0 fnt
|-boost|p1a: Skeledirge|spa|1
|faint|p2a: Tornadus
|
|upkeep
|
|t:|1779943805
|switch|p2a: Gholdengo|Gholdengo|17/100
|turn|23
|inactive|Gking10 has 60 seconds left.
|
|t:|1779943823
|move|p2a: Gholdengo|Shadow Ball|p1a: Skeledirge
|-supereffective|p1a: Skeledirge
|-damage|p1a: Skeledirge|0 fnt
|faint|p1a: Skeledirge
|
|upkeep
|inactive|Gking10 has 60 seconds left.
|
|t:|1779943830
|switch|p1a: Rillaboom|Rillaboom, M|76/100
|-damage|p1a: Rillaboom|64/100|[from] Stealth Rock
|-damage|p1a: Rillaboom|51/100|[from] Spikes
|-fieldstart|move: Grassy Terrain|[from] ability: Grassy Surge|[of] p1a: Rillaboom
|turn|24
|inactive|Gking10 has 60 seconds left.
|
|t:|1779943856
|move|p2a: Gholdengo|Shadow Ball|p1a: Rillaboom
|-damage|p1a: Rillaboom|0 fnt
|faint|p1a: Rillaboom
|
|-heal|p2a: Gholdengo|23/100|[from] Grassy Terrain
|upkeep
|
|t:|1779943863
|switch|p1a: Ogerpon|Ogerpon-Wellspring, F|100/100
|-damage|p1a: Ogerpon|88/100|[from] Stealth Rock
|-damage|p1a: Ogerpon|76/100|[from] Spikes
|turn|25
|
|t:|1779943875
|move|p1a: Ogerpon|Grassy Glide|p2a: Gholdengo
|-resisted|p2a: Gholdengo
|-damage|p2a: Gholdengo|0 fnt
|faint|p2a: Gholdengo
|
|-heal|p1a: Ogerpon|82/100|[from] Grassy Terrain
|upkeep
|
|t:|1779943881
|switch|p2a: Slowking|Slowking-Galar, F|100/100
|turn|26
|
|t:|1779943901
|-terastallize|p2a: Slowking|Grass
|move|p1a: Ogerpon|Swords Dance|p1a: Ogerpon
|-boost|p1a: Ogerpon|atk|2
|move|p2a: Slowking|Sludge Bomb|p1a: Ogerpon
|-supereffective|p1a: Ogerpon
|-damage|p1a: Ogerpon|5/100
|
|-heal|p1a: Ogerpon|11/100|[from] Grassy Terrain
|-damage|p2a: Slowking|88/100|[from] item: Black Sludge
|upkeep
|turn|27
|
|t:|1779943915
|move|p1a: Ogerpon|Knock Off|p2a: Slowking
|-crit|p2a: Slowking
|-damage|p2a: Slowking|12/100
|-enditem|p2a: Slowking|Black Sludge|[from] move: Knock Off|[of] p1a: Ogerpon
|move|p2a: Slowking|Sludge Bomb|p1a: Ogerpon
|-supereffective|p1a: Ogerpon
|-damage|p1a: Ogerpon|0 fnt
|faint|p1a: Ogerpon
|
|win|DJ Shindig
|raw|Gking10's rating: 1594 &rarr; <strong>1572</strong><br />(-22 for losing)
|raw|DJ Shindig's rating: 1551 &rarr; <strong>1573</strong><br />(+22 for winning)
|l|☆DJ Shindig
|player|p2|
|l|☆Gking10
|player|p1|
