|j|☆oreki350
|j|☆Drez420
|t:|1779840339
|gametype|singles
|player|p1|oreki350|169|1131
|player|p2|Drez420|102|1071
|gen|9
|tier|[Gen 9] OU
|rated|
|rule|HP Percentage Mod: HP is shown in percentages
|rule|Endless Battle Clause: Forcing endless battles is banned
|rule|Species Clause: Limit one of each Pokémon
|rule|OHKO Clause: OHKO moves are banned
|rule|Evasion Items Clause: Evasion items are banned
|rule|Evasion Moves Clause: Evasion moves are banned
|rule|Evasion Abilities Clause: Evasion abilities are banned
|rule|Sleep Moves Clause: Sleep-inducing moves are banned
|clearpoke
|poke|p1|Scyther, F|
|poke|p1|Minior|
|poke|p1|Qwilfish-Hisui, F|
|poke|p1|Ambipom, M|
|poke|p1|Bisharp, M|
|poke|p1|Greninja-*, M|
|poke|p2|Cinderace, M|
|poke|p2|Gliscor, M|
|poke|p2|Grimmsnarl, M|
|poke|p2|Goodra-Hisui, M|
|poke|p2|Vaporeon, M|
|poke|p2|Overqwil, F|
|teampreview
|inactive|Battle timer is ON: inactive players will automatically lose when time's up. (requested by Drez420)
|
|t:|1779840345
|teamsize|p1|6
|teamsize|p2|6
|start
|switch|p1a: Ambipom|Ambipom, M|100/100
|switch|p2a: Grimmsnarl|Grimmsnarl, M|100/100
|turn|1
|
|t:|1779840353
|move|p1a: Ambipom|Fake Out|p2a: Grimmsnarl
|-damage|p2a: Grimmsnarl|72/100
|cant|p2a: Grimmsnarl|flinch
|
|upkeep
|turn|2
|
|t:|1779840361
|move|p2a: Grimmsnarl|Reflect|p2a: Grimmsnarl
|-sidestart|p2: Drez420|Reflect
|move|p1a: Ambipom|Covet|p2a: Grimmsnarl
|-damage|p2a: Grimmsnarl|50/100
|-item|p1a: Ambipom|Light Clay|[from] move: Covet|[of] p2a: Grimmsnarl
|
|upkeep
|turn|3
|
|t:|1779840378
|move|p2a: Grimmsnarl|Parting Shot|p1a: Ambipom
|-unboost|p1a: Ambipom|atk|1
|-unboost|p1a: Ambipom|spa|1
|
|t:|1779840381
|switch|p2a: Gliscor|Gliscor, M|100/100|[from] Parting Shot
|move|p1a: Ambipom|Triple Axel|p2a: Gliscor
|-supereffective|p2a: Gliscor
|-damage|p2a: Gliscor|91/100
|-supereffective|p2a: Gliscor
|-damage|p2a: Gliscor|71/100
|-supereffective|p2a: Gliscor
|-damage|p2a: Gliscor|42/100
|-hitcount|p2a: Gliscor|3
|
|-status|p2a: Gliscor|tox|[from] item: Toxic Orb
|upkeep
|turn|4
|
|t:|1779840401
|switch|p2a: Cinderace|Cinderace, M|100/100
|move|p1a: Ambipom|Triple Axel|p2a: Cinderace
|-resisted|p2a: Cinderace
|-damage|p2a: Cinderace|99/100
|-resisted|p2a: Cinderace
|-damage|p2a: Cinderace|96/100
|-resisted|p2a: Cinderace
|-damage|p2a: Cinderace|91/100
|-hitcount|p2a: Cinderace|3
|
|upkeep
|turn|5
|inactive|oreki350 has 120 seconds left.
|
|t:|1779840449
|move|p1a: Ambipom|Covet|p2a: Cinderace
|-crit|p2a: Cinderace
|-damage|p2a: Cinderace|22/100
|move|p2a: Cinderace|Will-O-Wisp|p1a: Ambipom
|-status|p1a: Ambipom|brn
|
|-damage|p1a: Ambipom|94/100 brn|[from] brn
|upkeep
|turn|6
|
|t:|1779840471
|switch|p2a: Vaporeon|Vaporeon, M|100/100
|move|p1a: Ambipom|Covet|p2a: Vaporeon
|-damage|p2a: Vaporeon|94/100
|
|-heal|p2a: Vaporeon|99/100|[from] item: Leftovers
|-damage|p1a: Ambipom|88/100 brn|[from] brn
|upkeep
|turn|7
|inactive|oreki350 has 120 seconds left.
|
|t:|1779840486
|switch|p1a: Scyther|Scyther, F|100/100
|move|p2a: Vaporeon|Scald|p1a: Scyther
|-damage|p1a: Scyther|61/100
|-status|p1a: Scyther|brn
|
|-heal|p2a: Vaporeon|100/100|[from] item: Leftovers
|-damage|p1a: Scyther|55/100 brn|[from] brn
|upkeep
|turn|8
|inactive|oreki350 has 120 seconds left.
|
|t:|1779840497
|move|p1a: Scyther|Swords Dance|p1a: Scyther
|-boost|p1a: Scyther|atk|2
|move|p2a: Vaporeon|Scald|p1a: Scyther
|-damage|p1a: Scyther|17/100 brn
|
|-damage|p1a: Scyther|11/100 brn|[from] brn
|upkeep
|turn|9
|
|t:|1779840506
|move|p1a: Scyther|Dual Wingbeat|p2a: Vaporeon
|-damage|p2a: Vaporeon|85/100
|-damage|p2a: Vaporeon|72/100
|-hitcount|p2a: Vaporeon|2
|move|p2a: Vaporeon|Scald|p1a: Scyther
|-damage|p1a: Scyther|0 fnt
|faint|p1a: Scyther
|
|-heal|p2a: Vaporeon|79/100|[from] item: Leftovers
|-sideend|p2: Drez420|Reflect
|upkeep
|inactive|oreki350 has 120 seconds left.
|
|t:|1779840542
|switch|p1a: Qwilfish|Qwilfish-Hisui, F|100/100
|-ability|p1a: Qwilfish|Intimidate|boost
|-unboost|p2a: Vaporeon|atk|1
|turn|10
|
|t:|1779840547
|move|p1a: Qwilfish|Swords Dance|p1a: Qwilfish
|-boost|p1a: Qwilfish|atk|2
|move|p2a: Vaporeon|Scald|p1a: Qwilfish
|-damage|p1a: Qwilfish|54/100
|
|-heal|p2a: Vaporeon|85/100|[from] item: Leftovers
|upkeep
|turn|11
|
|t:|1779840559
|switch|p2a: Overqwil|Overqwil, F|100/100
|-ability|p2a: Overqwil|Intimidate|boost
|-unboost|p1a: Qwilfish|atk|1
|move|p1a: Qwilfish|Gunk Shot|p2a: Overqwil
|-resisted|p2a: Overqwil
|-damage|p2a: Overqwil|67/100
|
|-heal|p2a: Overqwil|73/100|[from] item: Leftovers
|upkeep
|turn|12
|inactive|oreki350 has 120 seconds left.
|
|t:|1779840569
|move|p1a: Qwilfish|Liquidation|p2a: Overqwil
|-crit|p2a: Overqwil
|-damage|p2a: Overqwil|25/100
|-unboost|p2a: Overqwil|def|1
|move|p2a: Overqwil|Liquidation|p1a: Qwilfish
|-damage|p1a: Qwilfish|26/100
|-unboost|p1a: Qwilfish|def|1
|
|-heal|p2a: Overqwil|32/100|[from] item: Leftovers
|upkeep
|turn|13
|
|t:|1779840586
|switch|p2a: Goodra|Goodra-Hisui, M, shiny|100/100
|move|p1a: Qwilfish|Lash Out|p2a: Goodra
|-damage|p2a: Goodra|62/100
|
|-heal|p2a: Goodra|68/100|[from] item: Leftovers
|upkeep
|turn|14
|
|t:|1779840595
|move|p1a: Qwilfish|Lash Out|p2a: Goodra
|-damage|p2a: Goodra|25/100
|move|p2a: Goodra|Thunderbolt|p1a: Qwilfish
|-damage|p1a: Qwilfish|0 fnt
|faint|p1a: Qwilfish
|
|-heal|p2a: Goodra|31/100|[from] item: Leftovers
|upkeep
|
|t:|1779840604
|switch|p1a: Greninja|Greninja, M|100/100
|turn|15
|
|t:|1779840607
|move|p1a: Greninja|Dark Pulse|p2a: Goodra
|-damage|p2a: Goodra|0 fnt
|faint|p2a: Goodra
|-ability|p1a: Greninja|Battle Bond|boost
|-boost|p1a: Greninja|atk|1
|-boost|p1a: Greninja|spa|1
|-boost|p1a: Greninja|spe|1
|-activate|p1a: Greninja|ability: Battle Bond
|
|upkeep
|
|t:|1779840619
|switch|p2a: Grimmsnarl|Grimmsnarl, M|50/100
|turn|16
|
|t:|1779840624
|move|p2a: Grimmsnarl|Light Screen|p2a: Grimmsnarl
|-sidestart|p2: Drez420|move: Light Screen
|move|p1a: Greninja|Dark Pulse|p2a: Grimmsnarl
|-resisted|p2a: Grimmsnarl
|-damage|p2a: Grimmsnarl|41/100
|
|upkeep
|turn|17
|
|t:|1779840635
|switch|p1a: Ambipom|Ambipom, M|88/100 brn
|move|p2a: Grimmsnarl|Spirit Break|p1a: Ambipom
|-damage|p1a: Ambipom|36/100 brn
|-unboost|p1a: Ambipom|spa|1
|
|-damage|p1a: Ambipom|30/100 brn|[from] brn
|upkeep
|turn|18
|
|t:|1779840647
|move|p1a: Ambipom|Fake Out|p2a: Grimmsnarl
|-damage|p2a: Grimmsnarl|26/100
|cant|p2a: Grimmsnarl|flinch
|
|-damage|p1a: Ambipom|24/100 brn|[from] brn
|upkeep
|turn|19
|
|t:|1779840655
|move|p2a: Grimmsnarl|Parting Shot|p1a: Ambipom
|-unboost|p1a: Ambipom|atk|1
|-unboost|p1a: Ambipom|spa|1
|
|t:|1779840661
|switch|p2a: Vaporeon|Vaporeon, M|85/100|[from] Parting Shot
|move|p1a: Ambipom|Triple Axel|p2a: Vaporeon|[miss]
|-miss|p1a: Ambipom|p2a: Vaporeon
|
|-heal|p2a: Vaporeon|91/100|[from] item: Leftovers
|-damage|p1a: Ambipom|18/100 brn|[from] brn
|upkeep
|turn|20
|-message|oreki350 forfeited.
|
|win|Drez420
|raw|oreki350's rating: 1131 &rarr; <strong>1102</strong><br />(-29 for losing)
|raw|Drez420's rating: 1071 &rarr; <strong>1105</strong><br />(+34 for winning)
|l|☆oreki350
|player|p1|
|l|☆Drez420
|player|p2|
