|j|☆Senatorlokix
|j|☆yourmomishotfgc
|t:|1779823214
|gametype|singles
|player|p1|Senatorlokix|169|1295
|player|p2|yourmomishotfgc|riley|1321
|gen|9
|tier|[Gen 9] OU
|rated|
|rule|HP Percentage Mod: HP is shown in percentages
|rule|Endless Battle Clause: Forcing endless battles is banned
|rule|Species Clause: Limit one of each Pokémon
|rule|OHKO Clause: OHKO moves are banned
|rule|Evasion Items Clause: Evasion items are banned
|rule|Evasion Moves Clause: Evasion moves are banned
|rule|Evasion Abilities Clause: Evasion abilities are banned
|rule|Sleep Moves Clause: Sleep-inducing moves are banned
|clearpoke
|poke|p1|Bruxish, M|
|poke|p1|Ribombee, M|
|poke|p1|Great Tusk|
|poke|p1|Gholdengo|
|poke|p1|Mimikyu, M|
|poke|p1|Blaziken, M|
|poke|p2|Araquanid, M|
|poke|p2|Cinderace, F|
|poke|p2|Kingambit, M|
|poke|p2|Enamorus, F|
|poke|p2|Kilowattrel, M|
|poke|p2|Falinks|
|teampreview
|
|t:|1779823227
|teamsize|p1|6
|teamsize|p2|6
|start
|switch|p1a: Ribombee|Ribombee, M|100/100
|switch|p2a: Araquanid|Araquanid, M|100/100
|turn|1
|
|t:|1779823242
|move|p1a: Ribombee|Moonblast|p2a: Araquanid
|-damage|p2a: Araquanid|78/100
|move|p2a: Araquanid|Sticky Web|p1a: Ribombee
|-sidestart|p1: Senatorlokix|move: Sticky Web
|
|upkeep
|turn|2
|
|t:|1779823249
|move|p1a: Ribombee|Sticky Web|p2a: Araquanid
|-sidestart|p2: yourmomishotfgc|move: Sticky Web
|move|p2a: Araquanid|Surf|p1a: Ribombee
|-damage|p1a: Ribombee|34/100
|
|upkeep
|turn|3
|
|t:|1779823256
|move|p1a: Ribombee|Moonblast|p2a: Araquanid
|-damage|p2a: Araquanid|54/100
|move|p2a: Araquanid|Surf|p1a: Ribombee
|-damage|p1a: Ribombee|0 fnt
|faint|p1a: Ribombee
|
|upkeep
|
|t:|1779823284
|switch|p1a: Bruxish|Bruxish, M, shiny|100/100
|-activate|p1a: Bruxish|move: Sticky Web
|-unboost|p1a: Bruxish|spe|1
|turn|4
|
|t:|1779823303
|move|p1a: Bruxish|Psychic Fangs|p2a: Araquanid
|-damage|p2a: Araquanid|2/100
|-damage|p1a: Bruxish|91/100|[from] item: Life Orb
|move|p2a: Araquanid|Endeavor|p1a: Bruxish
|-damage|p1a: Bruxish|3/100
|
|upkeep
|turn|5
|c|☆Senatorlokix|Cmon bro
|c|☆yourmomishotfgc|llol
|-enditem|p2a: Araquanid|Custap Berry|[eat]
|-activate|p2a: Araquanid|item: Custap Berry|[consumed]
|
|t:|1779823318
|move|p2a: Araquanid|Surf|p1a: Bruxish
|-resisted|p1a: Bruxish
|-damage|p1a: Bruxish|0 fnt
|faint|p1a: Bruxish
|
|upkeep
|
|t:|1779823322
|switch|p1a: Great Tusk|Great Tusk|100/100
|-activate|p1a: Great Tusk|move: Sticky Web
|-unboost|p1a: Great Tusk|spe|1
|-enditem|p1a: Great Tusk|Booster Energy
|-activate|p1a: Great Tusk|ability: Protosynthesis|[fromitem]
|-start|p1a: Great Tusk|protosynthesisatk
|turn|6
|
|t:|1779823329
|move|p1a: Great Tusk|Rapid Spin|p2a: Araquanid
|-damage|p2a: Araquanid|0 fnt
|-boost|p1a: Great Tusk|spe|1
|-sideend|p1: Senatorlokix|Sticky Web|[from] move: Rapid Spin|[of] p1a: Great Tusk
|faint|p2a: Araquanid
|
|upkeep
|
|t:|1779823348
|switch|p2a: Enamorus|Enamorus, F, shiny|100/100
|turn|7
|
|t:|1779823360
|-terastallize|p1a: Great Tusk|Steel
|move|p2a: Enamorus|Play Rough|p1a: Great Tusk|[miss]
|-miss|p2a: Enamorus|p1a: Great Tusk
|move|p1a: Great Tusk|Rapid Spin|p2a: Enamorus
|-damage|p2a: Enamorus|64/100
|-boost|p1a: Great Tusk|spe|1
|
|upkeep
|turn|8
|
|t:|1779823377
|switch|p2a: Cinderace|Cinderace, F|100/100
|move|p1a: Great Tusk|Ice Spinner|p2a: Cinderace
|-resisted|p2a: Cinderace
|-damage|p2a: Cinderace|73/100
|
|upkeep
|turn|9
|
|t:|1779823392
|move|p1a: Great Tusk|Ice Spinner|p2a: Cinderace
|-resisted|p2a: Cinderace
|-damage|p2a: Cinderace|48/100
|move|p2a: Cinderace|Will-O-Wisp|p1a: Great Tusk
|-status|p1a: Great Tusk|brn
|
|-damage|p1a: Great Tusk|94/100 brn|[from] brn
|upkeep
|turn|10
|
|t:|1779823400
|move|p1a: Great Tusk|Headlong Rush|p2a: Cinderace
|-supereffective|p2a: Cinderace
|-damage|p2a: Cinderace|0 fnt
|-unboost|p1a: Great Tusk|def|1
|-unboost|p1a: Great Tusk|spd|1
|faint|p2a: Cinderace
|
|-damage|p1a: Great Tusk|88/100 brn|[from] brn
|upkeep
|
|t:|1779823415
|switch|p2a: Kingambit|Kingambit, M|100/100
|-activate|p2a: Kingambit|move: Sticky Web
|-unboost|p2a: Kingambit|spe|1
|-ability|p2a: Kingambit|Defiant|boost
|-boost|p2a: Kingambit|atk|2
|turn|11
|
|t:|1779823422
|move|p2a: Kingambit|Sucker Punch|p1a: Great Tusk
|-damage|p1a: Great Tusk|0 fnt
|faint|p1a: Great Tusk
|-end|p1a: Great Tusk|Protosynthesis|[silent]
|
|upkeep
|
|t:|1779823430
|switch|p1a: Mimikyu|Mimikyu, M|100/100
|turn|12
|
|t:|1779823447
|move|p1a: Mimikyu|Drain Punch|p2a: Kingambit
|-supereffective|p2a: Kingambit
|-damage|p2a: Kingambit|19/100
|-damage|p1a: Mimikyu|91/100|[from] item: Life Orb
|move|p2a: Kingambit|Iron Head|p1a: Mimikyu
|-activate|p1a: Mimikyu|ability: Disguise
|-damage|p1a: Mimikyu|91/100
|detailschange|p1a: Mimikyu|Mimikyu-Busted, M
|-damage|p1a: Mimikyu|78/100|[from] pokemon: Mimikyu-Busted
|
|upkeep
|turn|13
|
|t:|1779823454
|move|p1a: Mimikyu|Shadow Sneak|p2a: Kingambit
|-resisted|p2a: Kingambit
|-damage|p2a: Kingambit|11/100
|-damage|p1a: Mimikyu|68/100|[from] item: Life Orb
|move|p2a: Kingambit|Sucker Punch||[still]
|-fail|p2a: Kingambit
|
|upkeep
|turn|14
|
|t:|1779823466
|move|p1a: Mimikyu|Shadow Sneak|p2a: Kingambit
|-resisted|p2a: Kingambit
|-damage|p2a: Kingambit|2/100
|-damage|p1a: Mimikyu|58/100|[from] item: Life Orb
|move|p2a: Kingambit|Kowtow Cleave|p1a: Mimikyu
|-damage|p1a: Mimikyu|0 fnt
|faint|p1a: Mimikyu
|
|upkeep
|
|t:|1779823470
|switch|p1a: Blaziken|Blaziken, M|100/100
|turn|15
|
|t:|1779823480
|-terastallize|p2a: Kingambit|Dark
|move|p2a: Kingambit|Sucker Punch||[still]
|-fail|p2a: Kingambit
|move|p1a: Blaziken|Focus Energy|p1a: Blaziken
|-start|p1a: Blaziken|move: Focus Energy
|
|-ability|p1a: Blaziken|Speed Boost|boost
|-boost|p1a: Blaziken|spe|1
|upkeep
|turn|16
|
|t:|1779823485
|move|p1a: Blaziken|Upper Hand|p2a: Kingambit
|-supereffective|p2a: Kingambit
|-crit|p2a: Kingambit
|-damage|p2a: Kingambit|0 fnt
|faint|p2a: Kingambit
|
|-ability|p1a: Blaziken|Speed Boost|boost
|-boost|p1a: Blaziken|spe|1
|upkeep
|
|t:|1779823504
|switch|p2a: Falinks|Falinks|100/100
|-activate|p2a: Falinks|move: Sticky Web
|-unboost|p2a: Falinks|spe|1
|-ability|p2a: Falinks|Defiant|boost
|-boost|p2a: Falinks|atk|2
|turn|17
|c|☆Senatorlokix|It's now or never cuz
|
|t:|1779823516
|move|p1a: Blaziken|Overheat|p2a: Falinks
|-crit|p2a: Falinks
|-damage|p2a: Falinks|0 fnt
|-unboost|p1a: Blaziken|spa|2
|faint|p2a: Falinks
|
|-ability|p1a: Blaziken|Speed Boost|boost
|-boost|p1a: Blaziken|spe|1
|upkeep
|
|t:|1779823529
|switch|p2a: Enamorus|Enamorus, F, shiny|64/100
|turn|18
|
|t:|1779823533
|move|p1a: Blaziken|Overheat|p2a: Enamorus
|-crit|p2a: Enamorus
|-damage|p2a: Enamorus|0 fnt
|-unboost|p1a: Blaziken|spa|2
|faint|p2a: Enamorus
|
|-ability|p1a: Blaziken|Speed Boost|boost
|-boost|p1a: Blaziken|spe|1
|upkeep
|
|t:|1779823536
|switch|p2a: meridon|Kilowattrel, M|100/100
|turn|19
|
|t:|1779823542
|move|p1a: Blaziken|Overheat|p2a: meridon|[miss]
|-miss|p1a: Blaziken|p2a: meridon
|move|p2a: meridon|Hurricane|p1a: Blaziken|[miss]
|-miss|p2a: meridon|p1a: Blaziken
|
|-ability|p1a: Blaziken|Speed Boost|boost
|-boost|p1a: Blaziken|spe|1
|upkeep
|turn|20
|
|t:|1779823552
|move|p1a: Blaziken|Overheat|p2a: meridon
|-crit|p2a: meridon
|-damage|p2a: meridon|0 fnt
|-unboost|p1a: Blaziken|spa|2
|faint|p2a: meridon
|
|win|Senatorlokix
|raw|Senatorlokix's rating: 1295 &rarr; <strong>1322</strong><br />(+27 for winning)
|raw|yourmomishotfgc's rating: 1321 &rarr; <strong>1300</strong><br />(-21 for losing)
|c|☆Senatorlokix|RAAAAAAHHHH
|l|☆yourmomishotfgc
|player|p2|
|l|☆Senatorlokix
|player|p1|
