|j|☆YumeKasumi76
|j|☆natty dice
|t:|1779899026
|gametype|singles
|player|p1|YumeKasumi76|1|1368
|player|p2|natty dice|bugcatcher-gen4dp|1336
|gen|9
|tier|[Gen 9] OU
|rated|
|rule|HP Percentage Mod: HP is shown in percentages
|rule|Endless Battle Clause: Forcing endless battles is banned
|rule|Species Clause: Limit one of each Pokémon
|rule|OHKO Clause: OHKO moves are banned
|rule|Evasion Items Clause: Evasion items are banned
|rule|Evasion Moves Clause: Evasion moves are banned
|rule|Evasion Abilities Clause: Evasion abilities are banned
|rule|Sleep Moves Clause: Sleep-inducing moves are banned
|clearpoke
|poke|p1|Dragapult, M|
|poke|p1|Bisharp, F|
|poke|p1|Glimmora, F|
|poke|p1|Entei|
|poke|p1|Braviary-Hisui, M|
|poke|p1|Cloyster, F|
|poke|p2|Arcanine-Hisui, M|
|poke|p2|Quaquaval, F|
|poke|p2|Gholdengo|
|poke|p2|Iron Moth|
|poke|p2|Ting-Lu|
|poke|p2|Hydrapple, M|
|teampreview
|inactive|Battle timer is ON: inactive players will automatically lose when time's up. (requested by YumeKasumi76)
|inactive|natty dice has 120 seconds left.
|
|t:|1779899081
|teamsize|p1|6
|teamsize|p2|6
|start
|switch|p1a: Shellussy|Cloyster, F|100/100
|switch|p2a: Ting-Lu|Ting-Lu|100/100
|-ability|p2a: Ting-Lu|Vessel of Ruin
|turn|1
|
|t:|1779899088
|move|p1a: Shellussy|Icicle Spear|p2a: Ting-Lu
|-supereffective|p2a: Ting-Lu
|-crit|p2a: Ting-Lu
|-damage|p2a: Ting-Lu|82/100
|-supereffective|p2a: Ting-Lu
|-damage|p2a: Ting-Lu|69/100
|-supereffective|p2a: Ting-Lu
|-damage|p2a: Ting-Lu|55/100
|-supereffective|p2a: Ting-Lu
|-damage|p2a: Ting-Lu|41/100
|-supereffective|p2a: Ting-Lu
|-damage|p2a: Ting-Lu|28/100
|-hitcount|p2a: Ting-Lu|5
|move|p2a: Ting-Lu|Whirlwind|p1a: Shellussy
|drag|p1a: Railgun|Dragapult, M|100/100
|
|-heal|p2a: Ting-Lu|34/100|[from] item: Leftovers
|upkeep
|turn|2
|
|t:|1779899095
|move|p1a: Railgun|Dragon Darts|p2a: Ting-Lu
|-damage|p2a: Ting-Lu|24/100
|-anim|p1a: Railgun|Dragon Darts|p2a: Ting-Lu
|-damage|p2a: Ting-Lu|12/100
|move|p2a: Ting-Lu|Stealth Rock|p1a: Railgun
|-sidestart|p1: YumeKasumi76|move: Stealth Rock
|
|-heal|p2a: Ting-Lu|18/100|[from] item: Leftovers
|upkeep
|turn|3
|
|t:|1779899109
|move|p1a: Railgun|Reflect|p1a: Railgun
|-sidestart|p1: YumeKasumi76|Reflect
|move|p2a: Ting-Lu|Throat Chop|p1a: Railgun
|-supereffective|p1a: Railgun
|-damage|p1a: Railgun|50/100
|-start|p1a: Railgun|Throat Chop|[silent]
|
|-heal|p2a: Ting-Lu|25/100|[from] item: Leftovers
|upkeep
|turn|4
|
|t:|1779899114
|move|p1a: Railgun|Light Screen|p1a: Railgun
|-sidestart|p1: YumeKasumi76|move: Light Screen
|move|p2a: Ting-Lu|Throat Chop|p1a: Railgun
|-supereffective|p1a: Railgun
|-damage|p1a: Railgun|0 fnt
|faint|p1a: Railgun
|
|-heal|p2a: Ting-Lu|31/100|[from] item: Leftovers
|upkeep
|
|t:|1779899119
|switch|p1a: Hikari|Glimmora, F|100/100
|-damage|p1a: Hikari|88/100|[from] Stealth Rock
|turn|5
|
|t:|1779899123
|move|p1a: Hikari|Mortal Spin|p2a: Ting-Lu
|-resisted|p2a: Ting-Lu
|-damage|p2a: Ting-Lu|29/100
|-status|p2a: Ting-Lu|psn
|-sideend|p1: YumeKasumi76|Stealth Rock|[from] move: Mortal Spin|[of] p1a: Hikari
|move|p2a: Ting-Lu|Earthquake|p1a: Hikari
|-supereffective|p1a: Hikari
|-damage|p1a: Hikari|0 fnt
|-activate|p1a: Hikari|ability: Toxic Debris
|-sidestart|p2: natty dice|move: Toxic Spikes
|faint|p1a: Hikari
|
|-heal|p2a: Ting-Lu|35/100 psn|[from] item: Leftovers
|-damage|p2a: Ting-Lu|23/100 psn|[from] psn
|upkeep
|
|t:|1779899127
|switch|p1a: Shellussy|Cloyster, F|100/100
|turn|6
|
|t:|1779899130
|move|p1a: Shellussy|Icicle Spear|p2a: Ting-Lu
|-supereffective|p2a: Ting-Lu
|-damage|p2a: Ting-Lu|10/100 psn
|-supereffective|p2a: Ting-Lu
|-damage|p2a: Ting-Lu|0 fnt
|faint|p2a: Ting-Lu
|-hitcount|p2: Ting-Lu|2
|
|upkeep
|
|t:|1779899140
|switch|p2a: Quaquaval|Quaquaval, F|100/100
|-status|p2a: Quaquaval|psn
|turn|7
|
|t:|1779899142
|move|p2a: Quaquaval|Close Combat|p1a: Shellussy
|-supereffective|p1a: Shellussy
|-damage|p1a: Shellussy|49/100
|-unboost|p2a: Quaquaval|def|1
|-unboost|p2a: Quaquaval|spd|1
|move|p1a: Shellussy|Shell Smash|p1a: Shellussy
|-unboost|p1a: Shellussy|def|1
|-unboost|p1a: Shellussy|spd|1
|-boost|p1a: Shellussy|atk|2
|-boost|p1a: Shellussy|spa|2
|-boost|p1a: Shellussy|spe|2
|-enditem|p1a: Shellussy|White Herb
|-clearnegativeboost|p1a: Shellussy|[silent]
|
|-damage|p2a: Quaquaval|88/100 psn|[from] psn
|upkeep
|turn|8
|
|t:|1779899149
|move|p1a: Shellussy|Icicle Spear|p2a: Quaquaval
|-resisted|p2a: Quaquaval
|-damage|p2a: Quaquaval|63/100 psn
|-resisted|p2a: Quaquaval
|-damage|p2a: Quaquaval|39/100 psn
|-resisted|p2a: Quaquaval
|-damage|p2a: Quaquaval|16/100 psn
|-resisted|p2a: Quaquaval
|-damage|p2a: Quaquaval|0 fnt
|faint|p2a: Quaquaval
|-hitcount|p2: Quaquaval|4
|
|upkeep
|
|t:|1779899163
|switch|p2a: Gholdengo|Gholdengo|100/100
|turn|9
|
|t:|1779899169
|move|p1a: Shellussy|Icicle Spear|p2a: Gholdengo
|-resisted|p2a: Gholdengo
|-damage|p2a: Gholdengo|88/100
|-resisted|p2a: Gholdengo
|-damage|p2a: Gholdengo|75/100
|-resisted|p2a: Gholdengo
|-damage|p2a: Gholdengo|62/100
|-resisted|p2a: Gholdengo
|-damage|p2a: Gholdengo|50/100
|-resisted|p2a: Gholdengo
|-damage|p2a: Gholdengo|36/100
|-hitcount|p2a: Gholdengo|5
|move|p2a: Gholdengo|Thunder Wave|p1a: Shellussy
|-status|p1a: Shellussy|par
|
|upkeep
|turn|10
|
|t:|1779899172
|move|p2a: Gholdengo|Make It Rain|p1a: Shellussy
|-crit|p1a: Shellussy
|-damage|p1a: Shellussy|0 fnt
|-unboost|p2a: Gholdengo|spa|1
|faint|p1a: Shellussy
|
|-sideend|p1: YumeKasumi76|Reflect
|upkeep
|
|t:|1779899175
|switch|p1a: Mentalist|Braviary-Hisui, M|100/100
|turn|11
|
|t:|1779899178
|switch|p2a: Iron Moth|Iron Moth|100/100
|-sideend|p2: natty dice|move: Toxic Spikes|[of] p2a: Iron Moth
|move|p1a: Mentalist|Esper Wing|p2a: Iron Moth
|-supereffective|p2a: Iron Moth
|-damage|p2a: Iron Moth|21/100
|-boost|p1a: Mentalist|spe|1
|
|-sideend|p1: YumeKasumi76|move: Light Screen
|upkeep
|turn|12
|
|t:|1779899188
|move|p2a: Iron Moth|U-turn|p1a: Mentalist
|-damage|p1a: Mentalist|86/100
|
|t:|1779899192
|-end|p2a: Iron Moth|Quark Drive|[silent]
|switch|p2a: Gholdengo|Gholdengo|36/100|[from] U-turn
|move|p1a: Mentalist|Esper Wing|p2a: Gholdengo
|-resisted|p2a: Gholdengo
|-damage|p2a: Gholdengo|0 fnt
|-boost|p1a: Mentalist|spe|1
|faint|p2a: Gholdengo
|
|upkeep
|
|t:|1779899194
|switch|p2a: Arcanine|Arcanine-Hisui, M, shiny|100/100
|turn|13
|
|t:|1779899203
|-terastallize|p2a: Arcanine|Normal
|move|p2a: Arcanine|Extreme Speed|p1a: Mentalist
|-damage|p1a: Mentalist|12/100
|-damage|p2a: Arcanine|91/100|[from] item: Life Orb
|move|p1a: Mentalist|Hurricane|p2a: Arcanine|[miss]
|-miss|p1a: Mentalist|p2a: Arcanine
|
|upkeep
|turn|14
|
|t:|1779899215
|switch|p1a: Bellator|Bisharp, F, shiny|100/100
|move|p2a: Arcanine|Extreme Speed|p1a: Bellator
|-resisted|p1a: Bellator
|-damage|p1a: Bellator|81/100
|-damage|p2a: Arcanine|81/100|[from] item: Life Orb
|
|upkeep
|turn|15
|
|t:|1779899218
|move|p1a: Bellator|Sucker Punch|p2a: Arcanine
|-damage|p2a: Arcanine|35/100
|move|p2a: Arcanine|Flare Blitz|p1a: Bellator
|-supereffective|p1a: Bellator
|-damage|p1a: Bellator|0 fnt
|faint|p1a: Bellator
|-damage|p2a: Arcanine|25/100|[from] item: Life Orb
|
|upkeep
|
|t:|1779899221
|switch|p1a: Sovereign|Entei|100/100
|turn|16
|
|t:|1779899223
|move|p2a: Arcanine|Extreme Speed|p1a: Sovereign
|-damage|p1a: Sovereign|49/100
|-damage|p2a: Arcanine|16/100|[from] item: Life Orb
|move|p1a: Sovereign|Extreme Speed|p2a: Arcanine
|-damage|p2a: Arcanine|0 fnt
|faint|p2a: Arcanine
|
|upkeep
|
|t:|1779899232
|switch|p2a: Iron Moth|Iron Moth|21/100
|turn|17
|
|t:|1779899235
|move|p1a: Sovereign|Extreme Speed|p2a: Iron Moth
|-damage|p2a: Iron Moth|0 fnt
|faint|p2a: Iron Moth
|-end|p2a: Iron Moth|Quark Drive|[silent]
|
|upkeep
|
|t:|1779899237
|switch|p2a: Hydrapple|Hydrapple, M|100/100
|turn|18
|
|t:|1779899240
|move|p1a: Sovereign|Sacred Fire|p2a: Hydrapple
|-damage|p2a: Hydrapple|68/100
|move|p2a: Hydrapple|Earth Power|p1a: Sovereign
|-supereffective|p1a: Sovereign
|-damage|p1a: Sovereign|0 fnt
|faint|p1a: Sovereign
|
|-heal|p2a: Hydrapple|74/100|[from] item: Leftovers
|upkeep
|
|t:|1779899245
|switch|p1a: Mentalist|Braviary-Hisui, M|12/100
|turn|19
|
|t:|1779899248
|move|p1a: Mentalist|Hurricane|p2a: Hydrapple|[miss]
|-miss|p1a: Mentalist|p2a: Hydrapple
|move|p2a: Hydrapple|Fickle Beam|p1a: Mentalist
|-damage|p1a: Mentalist|0 fnt
|faint|p1a: Mentalist
|
|win|natty dice
|raw|YumeKasumi76's rating: 1368 &rarr; <strong>1346</strong><br />(-22 for losing)
|raw|natty dice's rating: 1336 &rarr; <strong>1358</strong><br />(+22 for winning)
|l|☆natty dice
|player|p2|
|l|☆YumeKasumi76
|player|p1|
