|j|☆22dt
|j|☆An rua
|t:|1779907913
|gametype|singles
|player|p1|22dt|169|1490
|player|p2|An rua|bugcatcher-gen4dp|1495
|gen|9
|tier|[Gen 9] OU
|rated|
|rule|HP Percentage Mod: HP is shown in percentages
|rule|Endless Battle Clause: Forcing endless battles is banned
|rule|Species Clause: Limit one of each Pokémon
|rule|OHKO Clause: OHKO moves are banned
|rule|Evasion Items Clause: Evasion items are banned
|rule|Evasion Moves Clause: Evasion moves are banned
|rule|Evasion Abilities Clause: Evasion abilities are banned
|rule|Sleep Moves Clause: Sleep-inducing moves are banned
|clearpoke
|poke|p1|Kyurem|
|poke|p1|Corviknight, M|
|poke|p1|Ting-Lu|
|poke|p1|Dondozo, M|
|poke|p1|Slowking-Galar, M|
|poke|p1|Cinderace, F|
|poke|p2|Great Tusk|
|poke|p2|Kyurem|
|poke|p2|Hatterene, F|
|poke|p2|Corviknight, M|
|poke|p2|Slowking-Galar, M|
|poke|p2|Zamazenta-*|
|teampreview
|inactive|Battle timer is ON: inactive players will automatically lose when time's up. (requested by An rua)
|inactive|22dt also wants the timer to be on.
|c|☆22dt|glhf
|
|t:|1779907940
|teamsize|p1|6
|teamsize|p2|6
|start
|switch|p1a: Cinderace|Cinderace, F|100/100
|switch|p2a: Kyurem|Kyurem|100/100
|-ability|p2a: Kyurem|Pressure
|turn|1
|
|t:|1779907946
|-terastallize|p2a: Kyurem|Ground
|move|p1a: Cinderace|U-turn|p2a: Kyurem
|-damage|p2a: Kyurem|81/100
|
|t:|1779907952
|switch|p1a: Corviknight|Corviknight, M|100/100|[from] U-turn
|-ability|p1a: Corviknight|Pressure
|move|p2a: Kyurem|Earth Power|p1a: Corviknight
|-immune|p1a: Corviknight
|
|upkeep
|turn|2
|
|t:|1779907958
|switch|p2a: Corviknight|Corviknight, M, shiny|100/100
|move|p1a: Corviknight|U-turn|p2a: Corviknight
|-resisted|p2a: Corviknight
|-damage|p2a: Corviknight|98/100
|-damage|p1a: Corviknight|84/100|[from] item: Rocky Helmet|[of] p2a: Corviknight
|
|t:|1779907964
|switch|p1a: Cinderace|Cinderace, F|100/100|[from] U-turn
|
|upkeep
|turn|3
|
|t:|1779907977
|switch|p2a: Great Tusk|Great Tusk|100/100
|move|p1a: Cinderace|Pyro Ball|p2a: Great Tusk
|-damage|p2a: Great Tusk|67/100
|
|upkeep
|turn|4
|
|t:|1779907983
|move|p1a: Cinderace|Will-O-Wisp|p2a: Great Tusk
|-status|p2a: Great Tusk|brn
|move|p2a: Great Tusk|Rapid Spin|p1a: Cinderace
|-damage|p1a: Cinderace|90/100
|-boost|p2a: Great Tusk|spe|1
|
|-damage|p2a: Great Tusk|61/100 brn|[from] brn
|upkeep
|turn|5
|c|☆An rua|WILL O WISP CINDE???
|c|☆An rua|DUDE
|c|☆22dt|yes
|c|☆22dt|XD
|c|☆An rua|THAT IS GENIUS
|inactive|An rua has 120 seconds left.
|c|☆An rua|I thought it was choice
|c|☆22dt|nope
|
|t:|1779908021
|switch|p1a: Corviknight|Corviknight, M|84/100
|-ability|p1a: Corviknight|Pressure
|move|p2a: Great Tusk|Headlong Rush|p1a: Corviknight
|-immune|p1a: Corviknight
|
|-damage|p2a: Great Tusk|55/100 brn|[from] brn
|upkeep
|turn|6
|c|☆22dt|it's bulky
|
|t:|1779908031
|move|p2a: Great Tusk|Close Combat|p1a: Corviknight
|-damage|p1a: Corviknight|65/100
|-unboost|p2a: Great Tusk|def|1
|-unboost|p2a: Great Tusk|spd|1
|-damage|p2a: Great Tusk|39/100 brn|[from] item: Rocky Helmet|[of] p1a: Corviknight
|move|p1a: Corviknight|Brave Bird|p2a: Great Tusk
|-supereffective|p2a: Great Tusk
|-damage|p2a: Great Tusk|0 fnt
|faint|p2a: Great Tusk
|-end|p2a: Great Tusk|Protosynthesis|[silent]
|-damage|p1a: Corviknight|53/100|[from] Recoil
|
|upkeep
|
|t:|1779908039
|switch|p2a: Corviknight|Corviknight, M, shiny|98/100
|turn|7
|
|t:|1779908044
|move|p2a: Corviknight|Brave Bird|p1a: Corviknight
|-resisted|p1a: Corviknight
|-damage|p1a: Corviknight|42/100
|-damage|p2a: Corviknight|82/100|[from] item: Rocky Helmet|[of] p1a: Corviknight
|-damage|p2a: Corviknight|78/100|[from] Recoil
|move|p1a: Corviknight|Roost|p1a: Corviknight
|-heal|p1a: Corviknight|92/100
|-singleturn|p1a: Corviknight|move: Roost
|
|upkeep
|turn|8
|
|t:|1779908063
|move|p1a: Corviknight|U-turn|p2a: Corviknight
|-resisted|p2a: Corviknight
|-damage|p2a: Corviknight|76/100
|-damage|p1a: Corviknight|76/100|[from] item: Rocky Helmet|[of] p2a: Corviknight
|
|t:|1779908071
|switch|p1a: Dondozo|Dondozo, M|100/100|[from] U-turn
|move|p2a: Corviknight|Bulk Up|p2a: Corviknight
|-boost|p2a: Corviknight|atk|1
|-boost|p2a: Corviknight|def|1
|
|upkeep
|turn|9
|
|t:|1779908089
|move|p2a: Corviknight|Brave Bird|p1a: Dondozo
|-damage|p1a: Dondozo|84/100
|-damage|p2a: Corviknight|69/100|[from] Recoil
|move|p1a: Dondozo|Body Press|p2a: Corviknight
|-damage|p2a: Corviknight|49/100
|-damage|p1a: Dondozo|67/100|[from] item: Rocky Helmet|[of] p2a: Corviknight
|
|-heal|p1a: Dondozo|73/100|[from] item: Leftovers
|upkeep
|turn|10
|
|t:|1779908096
|move|p2a: Corviknight|Roost|p2a: Corviknight
|-heal|p2a: Corviknight|99/100
|-singleturn|p2a: Corviknight|move: Roost
|move|p1a: Dondozo|Curse|p1a: Dondozo
|-unboost|p1a: Dondozo|spe|1
|-boost|p1a: Dondozo|atk|1
|-boost|p1a: Dondozo|def|1
|
|-heal|p1a: Dondozo|79/100|[from] item: Leftovers
|upkeep
|turn|11
|
|t:|1779908102
|move|p2a: Corviknight|Brave Bird|p1a: Dondozo
|-damage|p1a: Dondozo|67/100
|-damage|p2a: Corviknight|94/100|[from] Recoil
|move|p1a: Dondozo|Body Press|p2a: Corviknight
|-damage|p2a: Corviknight|64/100
|-damage|p1a: Dondozo|51/100|[from] item: Rocky Helmet|[of] p2a: Corviknight
|
|-heal|p1a: Dondozo|57/100|[from] item: Leftovers
|upkeep
|turn|12
|
|t:|1779908106
|move|p2a: Corviknight|Brave Bird|p1a: Dondozo
|-damage|p1a: Dondozo|44/100
|-damage|p2a: Corviknight|59/100|[from] Recoil
|move|p1a: Dondozo|Curse|p1a: Dondozo
|-unboost|p1a: Dondozo|spe|1
|-boost|p1a: Dondozo|atk|1
|-boost|p1a: Dondozo|def|1
|
|-heal|p1a: Dondozo|51/100|[from] item: Leftovers
|upkeep
|turn|13
|
|t:|1779908112
|move|p2a: Corviknight|Iron Head|p1a: Dondozo
|-resisted|p1a: Dondozo
|-damage|p1a: Dondozo|48/100
|move|p1a: Dondozo|Rest|p1a: Dondozo
|-status|p1a: Dondozo|slp|[from] move: Rest
|-heal|p1a: Dondozo|100/100 slp|[silent]
|
|upkeep
|turn|14
|
|t:|1779908118
|switch|p2a: Kyurem|Kyurem, tera:Ground|81/100
|-ability|p2a: Kyurem|Pressure
|cant|p1a: Dondozo|slp
|
|upkeep
|turn|15
|
|t:|1779908133
|switch|p1a: Corviknight|Corviknight, M|76/100
|-ability|p1a: Corviknight|Pressure
|move|p2a: Kyurem|Freeze-Dry|p1a: Corviknight
|-damage|p1a: Corviknight|20/100
|
|upkeep
|turn|16
|
|t:|1779908142
|switch|p1a: Slowking|Slowking-Galar, M|100/100
|move|p2a: Kyurem|Freeze-Dry|p1a: Slowking
|-damage|p1a: Slowking|69/100
|-status|p1a: Slowking|frz
|
|upkeep
|turn|17
|c|☆An rua|I am lucky
|c|☆22dt|fr XD
|c|☆An rua|After 5 round of unlucky yayyy
|
|t:|1779908170
|move|p2a: Kyurem|Freeze-Dry|p1a: Slowking
|-damage|p1a: Slowking|36/100 frz
|cant|p1a: Slowking|frz
|
|upkeep
|turn|18
|c|☆An rua|I just get 3 crit last battle
|c|☆22dt|that's nuts
|
|t:|1779908183
|switch|p1a: Cinderace|Cinderace, F|90/100
|move|p2a: Kyurem|Freeze-Dry|p1a: Cinderace
|-resisted|p1a: Cinderace
|-damage|p1a: Cinderace|58/100
|-status|p1a: Cinderace|frz
|
|upkeep
|turn|19
|c|☆An rua|Yooo
|c|☆An rua|How
|
|t:|1779908207
|-curestatus|p1a: Cinderace|frz|[from] move: Pyro Ball
|move|p1a: Cinderace|Pyro Ball|p2a: Kyurem
|-damage|p2a: Kyurem|32/100
|move|p2a: Kyurem|Freeze-Dry|p1a: Cinderace
|-resisted|p1a: Cinderace
|-damage|p1a: Cinderace|22/100
|
|upkeep
|turn|20
|
|t:|1779908219
|switch|p2a: Slowking|Slowking-Galar, M, shiny|100/100
|move|p1a: Cinderace|Pyro Ball|p2a: Slowking
|-damage|p2a: Slowking|46/100
|
|upkeep
|turn|21
|
|t:|1779908225
|move|p1a: Cinderace|Pyro Ball|p2a: Slowking
|-damage|p2a: Slowking|0 fnt
|faint|p2a: Slowking
|
|upkeep
|
|t:|1779908228
|switch|p2a: Zamazenta|Zamazenta|100/100
|-ability|p2a: Zamazenta|Dauntless Shield|boost
|-boost|p2a: Zamazenta|def|1
|turn|22
|
|t:|1779908237
|switch|p1a: Corviknight|Corviknight, M|20/100
|-ability|p1a: Corviknight|Pressure
|move|p2a: Zamazenta|Body Press|p1a: Corviknight
|-crit|p1a: Corviknight
|-damage|p1a: Corviknight|0 fnt
|-damage|p2a: Zamazenta|84/100|[from] item: Rocky Helmet|[of] p1a: Corviknight
|faint|p1a: Corviknight
|
|-heal|p2a: Zamazenta|90/100|[from] item: Leftovers
|upkeep
|
|t:|1779908254
|switch|p1a: Dondozo|Dondozo, M|100/100 slp
|turn|23
|
|t:|1779908259
|move|p2a: Zamazenta|Body Press|p1a: Dondozo
|-damage|p1a: Dondozo|87/100 slp
|cant|p1a: Dondozo|slp
|
|-heal|p2a: Zamazenta|96/100|[from] item: Leftovers
|-heal|p1a: Dondozo|93/100 slp|[from] item: Leftovers
|upkeep
|turn|24
|
|t:|1779908267
|switch|p2a: Hatterene|Hatterene, F|100/100
|-curestatus|p1a: Dondozo|slp|[msg]
|move|p1a: Dondozo|Body Press|p2a: Hatterene
|-resisted|p2a: Hatterene
|-damage|p2a: Hatterene|95/100
|
|-heal|p2a: Hatterene|100/100|[from] item: Leftovers
|-heal|p1a: Dondozo|99/100|[from] item: Leftovers
|upkeep
|turn|25
|
|t:|1779908277
|switch|p1a: Slowking|Slowking-Galar, M|70/100 frz
|move|p2a: Hatterene|Nuzzle|p1a: Slowking
|-damage|p1a: Slowking|66/100 frz
|
|upkeep
|turn|26
|
|t:|1779908282
|move|p2a: Hatterene|Psychic Noise|p1a: Slowking
|-damage|p1a: Slowking|47/100 frz
|-start|p1a: Slowking|move: Heal Block
|-prepare|p1a: Slowking|Chilly Reception|[premajor]
|cant|p1a: Slowking|frz
|
|upkeep
|turn|27
|
|t:|1779908287
|switch|p1a: Ting-Lu|Ting-Lu|100/100
|-ability|p1a: Ting-Lu|Vessel of Ruin
|move|p2a: Hatterene|Psychic Noise|p1a: Ting-Lu
|-immune|p1a: Ting-Lu
|
|upkeep
|turn|28
|
|t:|1779908293
|switch|p1a: Slowking|Slowking-Galar, M|80/100 frz
|switch|p2a: Corviknight|Corviknight, M, shiny|59/100
|
|upkeep
|turn|29
|
|t:|1779908305
|move|p2a: Corviknight|Roost|p2a: Corviknight
|-heal|p2a: Corviknight|100/100
|-singleturn|p2a: Corviknight|move: Roost
|-prepare|p1a: Slowking|Chilly Reception|[premajor]
|-curestatus|p1a: Slowking|frz|[msg]
|move|p1a: Slowking|Chilly Reception|p1a: Slowking
|-weather|Snowscape
|
|t:|1779908329
|switch|p1a: Kyurem|Kyurem|100/100|[from] Chilly Reception
|-ability|p1a: Kyurem|Pressure
|
|-weather|Snowscape|[upkeep]
|upkeep
|turn|30
|c|☆An rua|Pls not tera electric pls
|c|☆22dt|we'll see
|c|☆22dt|👀
|
|t:|1779908354
|-terastallize|p1a: Kyurem|Ground
|move|p1a: Kyurem|Freeze-Dry|p2a: Corviknight
|-damage|p2a: Corviknight|68/100
|move|p2a: Corviknight|Iron Head|p1a: Kyurem
|-damage|p1a: Kyurem|76/100
|
|-weather|Snowscape|[upkeep]
|-heal|p1a: Kyurem|82/100|[from] item: Leftovers
|upkeep
|turn|31
|c|☆An rua|Better than my last battle
|c|☆An rua|:)
|
|t:|1779908371
|move|p1a: Kyurem|Protect|p1a: Kyurem
|-singleturn|p1a: Kyurem|Protect
|move|p2a: Corviknight|Roost|p2a: Corviknight
|-heal|p2a: Corviknight|100/100
|-singleturn|p2a: Corviknight|move: Roost
|
|-weather|Snowscape|[upkeep]
|-heal|p1a: Kyurem|88/100|[from] item: Leftovers
|upkeep
|turn|32
|
|t:|1779908375
|move|p1a: Kyurem|Substitute|p1a: Kyurem
|-start|p1a: Kyurem|Substitute
|-damage|p1a: Kyurem|63/100
|move|p2a: Corviknight|Brave Bird|p1a: Kyurem
|-end|p1a: Kyurem|Substitute
|-damage|p2a: Corviknight|92/100|[from] Recoil|[of] p1a: Kyurem
|
|-weather|Snowscape|[upkeep]
|-heal|p1a: Kyurem|69/100|[from] item: Leftovers
|upkeep
|turn|33
|
|t:|1779908384
|switch|p1a: Dondozo|Dondozo, M|99/100
|move|p2a: Corviknight|Brave Bird|p1a: Dondozo
|-damage|p1a: Dondozo|81/100
|-damage|p2a: Corviknight|85/100|[from] Recoil
|
|-weather|none
|-heal|p1a: Dondozo|88/100|[from] item: Leftovers
|upkeep
|turn|34
|
|t:|1779908395
|switch|p2a: Hatterene|Hatterene, F|100/100
|switch|p1a: Slowking|Slowking-Galar, M|100/100
|
|upkeep
|turn|35
|
|t:|1779908402
|switch|p1a: Ting-Lu|Ting-Lu|100/100
|-ability|p1a: Ting-Lu|Vessel of Ruin
|move|p2a: Hatterene|Healing Wish|p2a: Hatterene
|faint|p2a: Hatterene
|
|upkeep
|
|t:|1779908403
|switch|p2a: Kyurem|Kyurem, tera:Ground|32/100
|-heal|p2a: Kyurem|100/100|[from] move: Healing Wish
|-ability|p2a: Kyurem|Pressure
|turn|36
|c|☆22dt|sheeeesh
|
|t:|1779908413
|move|p2a: Kyurem|Ice Beam|p1a: Ting-Lu
|-supereffective|p1a: Ting-Lu
|-damage|p1a: Ting-Lu|39/100
|-status|p1a: Ting-Lu|frz
|cant|p1a: Ting-Lu|frz
|
|-heal|p1a: Ting-Lu|46/100 frz|[from] item: Leftovers
|upkeep
|turn|37
|c|☆22dt|WOW
|c|☆An rua|NO WAYTY
|c|☆An rua|HOW
|c|☆22dt|3 freezes this game dawg
|
|t:|1779908442
|switch|p1a: Slowking|Slowking-Galar, M|100/100
|move|p2a: Kyurem|Ice Beam|p1a: Slowking
|-damage|p1a: Slowking|58/100
|-status|p1a: Slowking|frz
|
|upkeep
|turn|38
|c|☆An rua|Legend KYUREM confirm
|c|☆22dt|dawg
|c|☆An rua|no way
|inactive|22dt has 120 seconds left.
|c|☆An rua|LEGEND KYUREM IS CONFIRMED
|c|☆22dt|I literally lost to hax 😭
|c|☆22dt|that's literally a 0.001% chance
|c|☆An rua|I know 😭
|
|t:|1779908484
|switch|p1a: Ting-Lu|Ting-Lu|46/100 frz
|-ability|p1a: Ting-Lu|Vessel of Ruin
|move|p2a: Kyurem|Ice Beam|p1a: Ting-Lu
|-supereffective|p1a: Ting-Lu
|-damage|p1a: Ting-Lu|0 fnt
|faint|p1a: Ting-Lu
|
|upkeep
|
|t:|1779908486
|switch|p1a: Cinderace|Cinderace, F|22/100
|turn|39
|
|t:|1779908492
|switch|p2a: Zamazenta|Zamazenta|96/100
|move|p1a: Cinderace|Pyro Ball|p2a: Zamazenta
|-damage|p2a: Zamazenta|43/100
|
|-heal|p2a: Zamazenta|49/100|[from] item: Leftovers
|upkeep
|turn|40
|
|t:|1779908501
|switch|p1a: Dondozo|Dondozo, M|88/100
|move|p2a: Zamazenta|Body Press|p1a: Dondozo
|-damage|p1a: Dondozo|71/100
|
|-heal|p2a: Zamazenta|55/100|[from] item: Leftovers
|-heal|p1a: Dondozo|78/100|[from] item: Leftovers
|upkeep
|turn|41
|
|t:|1779908508
|move|p2a: Zamazenta|Substitute|p2a: Zamazenta
|-start|p2a: Zamazenta|Substitute
|-damage|p2a: Zamazenta|30/100
|move|p1a: Dondozo|Curse|p1a: Dondozo
|-unboost|p1a: Dondozo|spe|1
|-boost|p1a: Dondozo|atk|1
|-boost|p1a: Dondozo|def|1
|
|-heal|p2a: Zamazenta|36/100|[from] item: Leftovers
|-heal|p1a: Dondozo|84/100|[from] item: Leftovers
|upkeep
|turn|42
|
|t:|1779908514
|move|p2a: Zamazenta|Body Press|p1a: Dondozo
|-damage|p1a: Dondozo|74/100
|move|p1a: Dondozo|Curse|p1a: Dondozo
|-unboost|p1a: Dondozo|spe|1
|-boost|p1a: Dondozo|atk|1
|-boost|p1a: Dondozo|def|1
|
|-heal|p2a: Zamazenta|43/100|[from] item: Leftovers
|-heal|p1a: Dondozo|80/100|[from] item: Leftovers
|upkeep
|turn|43
|
|t:|1779908519
|move|p2a: Zamazenta|Body Press|p1a: Dondozo
|-damage|p1a: Dondozo|72/100
|move|p1a: Dondozo|Body Press|p2a: Zamazenta
|-end|p2a: Zamazenta|Substitute
|
|-heal|p2a: Zamazenta|49/100|[from] item: Leftovers
|-heal|p1a: Dondozo|79/100|[from] item: Leftovers
|upkeep
|turn|44
|
|t:|1779908524
|move|p2a: Zamazenta|Body Press|p1a: Dondozo
|-damage|p1a: Dondozo|71/100
|move|p1a: Dondozo|Waterfall|p2a: Zamazenta
|-damage|p2a: Zamazenta|7/100
|
|-heal|p2a: Zamazenta|13/100|[from] item: Leftovers
|-heal|p1a: Dondozo|77/100|[from] item: Leftovers
|upkeep
|turn|45
|
|t:|1779908530
|move|p2a: Zamazenta|Body Press|p1a: Dondozo
|-damage|p1a: Dondozo|69/100
|move|p1a: Dondozo|Curse|p1a: Dondozo
|-unboost|p1a: Dondozo|spe|1
|-boost|p1a: Dondozo|atk|1
|-boost|p1a: Dondozo|def|1
|
|-heal|p2a: Zamazenta|19/100|[from] item: Leftovers
|-heal|p1a: Dondozo|75/100|[from] item: Leftovers
|upkeep
|turn|46
|
|t:|1779908537
|move|p2a: Zamazenta|Body Press|p1a: Dondozo
|-damage|p1a: Dondozo|69/100
|move|p1a: Dondozo|Waterfall|p2a: Zamazenta
|-damage|p2a: Zamazenta|0 fnt
|faint|p2a: Zamazenta
|
|-heal|p1a: Dondozo|76/100|[from] item: Leftovers
|upkeep
|
|t:|1779908539
|switch|p2a: Kyurem|Kyurem, tera:Ground|100/100
|-ability|p2a: Kyurem|Pressure
|turn|47
|
|t:|1779908545
|switch|p1a: Slowking|Slowking-Galar, M|91/100 frz
|move|p2a: Kyurem|Freeze-Dry|p1a: Slowking
|-damage|p1a: Slowking|56/100 frz
|
|upkeep
|turn|48
|
|t:|1779908552
|move|p2a: Kyurem|Freeze-Dry|p1a: Slowking
|-damage|p1a: Slowking|23/100 frz
|cant|p1a: Slowking|frz
|
|upkeep
|turn|49
|
|t:|1779908561
|move|p2a: Kyurem|Freeze-Dry|p1a: Slowking
|-damage|p1a: Slowking|0 fnt
|faint|p1a: Slowking
|
|upkeep
|
|t:|1779908564
|switch|p1a: Cinderace|Cinderace, F|22/100
|turn|50
|
|t:|1779908572
|move|p1a: Cinderace|Pyro Ball|p2a: Kyurem
|-damage|p2a: Kyurem|33/100
|move|p2a: Kyurem|Freeze-Dry|p1a: Cinderace
|-resisted|p1a: Cinderace
|-damage|p1a: Cinderace|0 fnt
|faint|p1a: Cinderace
|
|upkeep
|
|t:|1779908577
|switch|p1a: Kyurem|Kyurem, tera:Ground|69/100
|-ability|p1a: Kyurem|Pressure
|turn|51
|c|☆22dt|speed tie time
|c|☆22dt|but I'll probably lose cause I'm not lucky
|c|☆An rua|R u sure
|
|t:|1779908598
|switch|p2a: Corviknight|Corviknight, M, shiny|85/100
|move|p1a: Kyurem|Protect||[still]
|-fail|p1a: Kyurem
|
|-heal|p1a: Kyurem|75/100|[from] item: Leftovers
|upkeep
|turn|52
|
|t:|1779908609
|switch|p1a: Dondozo|Dondozo, M|76/100
|move|p2a: Corviknight|Brave Bird|p1a: Dondozo
|-damage|p1a: Dondozo|57/100
|-damage|p2a: Corviknight|77/100|[from] Recoil
|
|-heal|p1a: Dondozo|63/100|[from] item: Leftovers
|upkeep
|turn|53
|
|t:|1779908617
|move|p2a: Corviknight|Iron Head|p1a: Dondozo
|-resisted|p1a: Dondozo
|-damage|p1a: Dondozo|57/100
|move|p1a: Dondozo|Waterfall|p2a: Corviknight
|-damage|p2a: Corviknight|57/100
|-damage|p1a: Dondozo|41/100|[from] item: Rocky Helmet|[of] p2a: Corviknight
|
|-heal|p1a: Dondozo|47/100|[from] item: Leftovers
|upkeep
|turn|54
|
|t:|1779908621
|move|p2a: Corviknight|Iron Head|p1a: Dondozo
|-resisted|p1a: Dondozo
|-damage|p1a: Dondozo|41/100
|move|p1a: Dondozo|Curse|p1a: Dondozo
|-unboost|p1a: Dondozo|spe|1
|-boost|p1a: Dondozo|atk|1
|-boost|p1a: Dondozo|def|1
|
|-heal|p1a: Dondozo|47/100|[from] item: Leftovers
|upkeep
|turn|55
|
|t:|1779908628
|switch|p2a: Kyurem|Kyurem, tera:Ground|33/100
|-ability|p2a: Kyurem|Pressure
|move|p1a: Dondozo|Curse|p1a: Dondozo
|-unboost|p1a: Dondozo|spe|1
|-boost|p1a: Dondozo|atk|1
|-boost|p1a: Dondozo|def|1
|
|-heal|p1a: Dondozo|54/100|[from] item: Leftovers
|upkeep
|turn|56
|
|t:|1779908634
|move|p2a: Kyurem|Freeze-Dry|p1a: Dondozo
|-supereffective|p1a: Dondozo
|-damage|p1a: Dondozo|0 fnt
|faint|p1a: Dondozo
|
|upkeep
|
|t:|1779908637
|switch|p1a: Kyurem|Kyurem, tera:Ground|75/100
|-ability|p1a: Kyurem|Pressure
|turn|57
|
|t:|1779908640
|switch|p2a: Corviknight|Corviknight, M, shiny|57/100
|move|p1a: Kyurem|Freeze-Dry|p2a: Corviknight
|-damage|p2a: Corviknight|20/100
|
|-heal|p1a: Kyurem|82/100|[from] item: Leftovers
|upkeep
|turn|58
|
|t:|1779908645
|move|p1a: Kyurem|Freeze-Dry|p2a: Corviknight
|-damage|p2a: Corviknight|0 fnt
|faint|p2a: Corviknight
|
|-heal|p1a: Kyurem|88/100|[from] item: Leftovers
|upkeep
|
|t:|1779908647
|switch|p2a: Kyurem|Kyurem, tera:Ground|33/100
|-ability|p2a: Kyurem|Pressure
|turn|59
|c|☆22dt|now it's properly down to luck
|c|☆An rua|Luck time
|c|☆22dt|r u sure?
|c|☆An rua|cowboy movie ahh situation
|c|☆22dt|fr
|c|☆22dt|are you irish btw?
|inactive|An rua has 120 seconds left.
|c|☆22dt|An rua is Irish
|c|☆An rua|I am Viet
|
|t:|1779908702
|move|p1a: Kyurem|Protect|p1a: Kyurem
|-singleturn|p1a: Kyurem|Protect
|move|p2a: Kyurem|Ice Beam|p1a: Kyurem
|-activate|p1a: Kyurem|move: Protect
|
|-heal|p1a: Kyurem|94/100|[from] item: Leftovers
|upkeep
|turn|60
|c|☆22dt|Ah I see
|c|☆22dt|ggs
|
|t:|1779908714
|move|p1a: Kyurem|Freeze-Dry|p2a: Kyurem
|-supereffective|p2a: Kyurem
|-damage|p2a: Kyurem|0 fnt
|faint|p2a: Kyurem
|
|win|22dt
|raw|22dt's rating: 1490 &rarr; <strong>1510</strong><br />(+20 for winning)
|raw|An rua's rating: 1495 &rarr; <strong>1475</strong><br />(-20 for losing)
|c|☆An rua|gg
|c|☆22dt|YESSSSSSSSSSS
|c|☆22dt|HAX COULDN'T STOP ME
|c|☆An rua|Yehh
|c|☆An rua|ggs
