|j|☆maxcondones
|j|☆blake-mamba
|t:|1779943718
|gametype|singles
|player|p1|maxcondones|102|1581
|player|p2|blake-mamba|lance|1548
|gen|9
|tier|[Gen 9] OU
|rated|
|rule|HP Percentage Mod: HP is shown in percentages
|rule|Endless Battle Clause: Forcing endless battles is banned
|rule|Species Clause: Limit one of each Pokémon
|rule|OHKO Clause: OHKO moves are banned
|rule|Evasion Items Clause: Evasion items are banned
|rule|Evasion Moves Clause: Evasion moves are banned
|rule|Evasion Abilities Clause: Evasion abilities are banned
|rule|Sleep Moves Clause: Sleep-inducing moves are banned
|clearpoke
|poke|p1|Excadrill, M|
|poke|p1|Landorus-Therian, M|
|poke|p1|Deoxys-Speed|
|poke|p1|Tyranitar, M|
|poke|p1|Tornadus-Therian, M|
|poke|p1|Hippowdon, F|
|poke|p2|Kleavor, M|
|poke|p2|Glimmora, F|
|poke|p2|Iron Boulder|
|poke|p2|Arcanine-Hisui, F|
|poke|p2|Ogerpon-Cornerstone, F|
|poke|p2|Minior|
|teampreview
|
|t:|1779943739
|teamsize|p1|6
|teamsize|p2|6
|start
|switch|p1a: Excadrill|Excadrill, M|100/100
|switch|p2a: Kleavor|Kleavor, M|100/100
|turn|1
|
|t:|1779943745
|move|p2a: Kleavor|Close Combat|p1a: Excadrill
|-supereffective|p1a: Excadrill
|-damage|p1a: Excadrill|0 fnt
|-unboost|p2a: Kleavor|def|1
|-unboost|p2a: Kleavor|spd|1
|faint|p1a: Excadrill
|
|upkeep
|
|t:|1779943749
|switch|p1a: Landorus|Landorus-Therian, M|100/100
|-ability|p1a: Landorus|Intimidate|boost
|-unboost|p2a: Kleavor|atk|1
|turn|2
|
|t:|1779943757
|switch|p2a: Minior|Minior|100/100
|-formechange|p2a: Minior|Minior-Meteor||[from] ability: Shields Down
|move|p1a: Landorus|Earth Power|p2a: Minior
|-immune|p2a: Minior
|
|upkeep
|turn|3
|
|t:|1779943764
|move|p1a: Landorus|Taunt|p2a: Minior
|-start|p2a: Minior|move: Taunt
|cant|p2a: Minior|move: Taunt|Shell Smash
|
|upkeep
|turn|4
|
|t:|1779943770
|switch|p2a: Kleavor|Kleavor, M|100/100
|move|p1a: Landorus|Gravity|p1a: Landorus
|-fieldstart|move: Gravity
|
|upkeep
|turn|5
|
|t:|1779943781
|move|p2a: Kleavor|Stone Axe|p1a: Landorus
|-damage|p1a: Landorus|40/100
|-damage|p2a: Kleavor|84/100|[from] item: Rocky Helmet|[of] p1a: Landorus
|-sidestart|p1: maxcondones|move: Stealth Rock
|move|p1a: Landorus|Earth Power|p2a: Kleavor
|-damage|p2a: Kleavor|33/100
|
|upkeep
|turn|6
|
|t:|1779943789
|switch|p1a: Hippowdon|Hippowdon, F|100/100
|-damage|p1a: Hippowdon|94/100|[from] Stealth Rock
|-weather|Sandstorm|[from] ability: Sand Stream|[of] p1a: Hippowdon
|move|p2a: Kleavor|Stone Axe|p1a: Hippowdon
|-resisted|p1a: Hippowdon
|-damage|p1a: Hippowdon|79/100
|-enditem|p1a: Hippowdon|Eject Button
|
|t:|1779943792
|switch|p1a: Deoxys|Deoxys-Speed|100/100
|-damage|p1a: Deoxys|88/100|[from] Stealth Rock
|-ability|p1a: Deoxys|Pressure
|
|-weather|Sandstorm|[upkeep]
|-damage|p1a: Deoxys|82/100|[from] Sandstorm
|upkeep
|turn|7
|
|t:|1779943806
|move|p1a: Deoxys|Psycho Boost|p2a: Kleavor
|-damage|p2a: Kleavor|0 fnt
|-unboost|p1a: Deoxys|spa|2
|faint|p2a: Kleavor
|-enditem|p1a: Deoxys|Eject Pack
|
|t:|1779943817
|switch|p1a: Landorus|Landorus-Therian, M|40/100
|-damage|p1a: Landorus|28/100|[from] Stealth Rock
|
|-weather|Sandstorm|[upkeep]
|upkeep
|
|t:|1779943825
|switch|p2a: Ogerpon|Ogerpon-Cornerstone, F|100/100
|turn|8
|
|t:|1779943836
|move|p2a: Ogerpon|Trailblaze|p1a: Landorus
|-damage|p1a: Landorus|0 fnt
|-boost|p2a: Ogerpon|spe|1
|-damage|p2a: Ogerpon|84/100|[from] item: Rocky Helmet|[of] p1a: Landorus
|faint|p1a: Landorus
|
|-weather|Sandstorm|[upkeep]
|-fieldend|move: Gravity
|upkeep
|
|t:|1779943857
|switch|p1a: Tornadus|Tornadus-Therian, M|100/100
|-damage|p1a: Tornadus|76/100|[from] Stealth Rock
|turn|9
|
|t:|1779943863
|-terastallize|p1a: Tornadus|Ground
|move|p2a: Ogerpon|Ivy Cudgel|p1a: Tornadus|[anim] Ivy Cudgel Rock
|-resisted|p1a: Tornadus
|-damage|p1a: Tornadus|39/100
|move|p1a: Tornadus|Focus Blast|p2a: Ogerpon|[miss]
|-miss|p1a: Tornadus|p2a: Ogerpon
|
|-weather|Sandstorm|[upkeep]
|upkeep
|turn|10
|
|t:|1779943873
|move|p2a: Ogerpon|Trailblaze|p1a: Tornadus
|-supereffective|p1a: Tornadus
|-damage|p1a: Tornadus|0 fnt
|-boost|p2a: Ogerpon|spe|1
|faint|p1a: Tornadus
|
|-weather|none
|upkeep
|-message|maxcondones forfeited.
|
|win|blake-mamba
|raw|maxcondones's rating: 1581 &rarr; <strong>1559</strong><br />(-22 for losing)
|raw|blake-mamba's rating: 1548 &rarr; <strong>1570</strong><br />(+22 for winning)
|l|☆maxcondones
|player|p1|
|l|☆blake-mamba
|player|p2|
