|j|☆purestyle
|j|☆big liquidd
|t:|1779955290
|gametype|singles
|player|p1|purestyle|cynthia-gen4|1284
|player|p2|big liquidd|265|1287
|gen|9
|tier|[Gen 9] OU
|rated|
|rule|HP Percentage Mod: HP is shown in percentages
|rule|Endless Battle Clause: Forcing endless battles is banned
|rule|Species Clause: Limit one of each Pokémon
|rule|OHKO Clause: OHKO moves are banned
|rule|Evasion Items Clause: Evasion items are banned
|rule|Evasion Moves Clause: Evasion moves are banned
|rule|Evasion Abilities Clause: Evasion abilities are banned
|rule|Sleep Moves Clause: Sleep-inducing moves are banned
|clearpoke
|poke|p1|Pecharunt|
|poke|p1|Ursaluna, F|
|poke|p1|Moltres|
|poke|p1|Iron Hands|
|poke|p1|Tornadus-Therian, M|
|poke|p1|Chesnaught, M|
|poke|p2|Samurott-Hisui, M|
|poke|p2|Gholdengo|
|poke|p2|Raging Bolt|
|poke|p2|Rillaboom, F|
|poke|p2|Great Tusk|
|poke|p2|Moltres|
|teampreview
|
|t:|1779955305
|teamsize|p1|6
|teamsize|p2|6
|start
|switch|p1a: Tornadus|Tornadus-Therian, M|100/100
|switch|p2a: Gholdengo|Gholdengo|100/100
|-item|p2a: Gholdengo|Air Balloon
|turn|1
|
|t:|1779955312
|switch|p2a: Moltres|Moltres|100/100
|move|p1a: Tornadus|Heat Wave|p2a: Moltres
|-resisted|p2a: Moltres
|-damage|p2a: Moltres|86/100
|
|upkeep
|turn|2
|
|t:|1779955318
|move|p1a: Tornadus|U-turn|p2a: Moltres
|-resisted|p2a: Moltres
|-damage|p2a: Moltres|84/100
|inactive|Battle timer is ON: inactive players will automatically lose when time's up. (requested by big liquidd)
|
|t:|1779955329
|switch|p1a: Ursaluna|Ursaluna, F, shiny|100/100|[from] U-turn
|move|p2a: Moltres|U-turn|p1a: Ursaluna
|-damage|p1a: Ursaluna|90/100
|
|t:|1779955341
|switch|p2a: Rillaboom|Rillaboom, F|100/100|[from] U-turn
|-fieldstart|move: Grassy Terrain|[from] ability: Grassy Surge|[of] p2a: Rillaboom
|
|-heal|p1a: Ursaluna|96/100|[from] Grassy Terrain
|-heal|p1a: Ursaluna|100/100|[from] item: Leftovers
|upkeep
|turn|3
|
|t:|1779955349
|-terastallize|p1a: Ursaluna|Ghost
|move|p2a: Rillaboom|Knock Off|p1a: Ursaluna
|-supereffective|p1a: Ursaluna
|-damage|p1a: Ursaluna|45/100
|-enditem|p1a: Ursaluna|Leftovers|[from] move: Knock Off|[of] p2a: Rillaboom
|move|p1a: Ursaluna|Bulk Up|p1a: Ursaluna
|-boost|p1a: Ursaluna|atk|1
|-boost|p1a: Ursaluna|def|1
|
|-heal|p1a: Ursaluna|51/100|[from] Grassy Terrain
|upkeep
|turn|4
|
|t:|1779955360
|move|p2a: Rillaboom|Knock Off|p1a: Ursaluna
|-supereffective|p1a: Ursaluna
|-damage|p1a: Ursaluna|27/100
|move|p1a: Ursaluna|Bulk Up|p1a: Ursaluna
|-boost|p1a: Ursaluna|atk|1
|-boost|p1a: Ursaluna|def|1
|
|-heal|p1a: Ursaluna|33/100|[from] Grassy Terrain
|upkeep
|turn|5
|
|t:|1779955370
|move|p2a: Rillaboom|Grassy Glide|p1a: Ursaluna
|-damage|p1a: Ursaluna|17/100
|move|p1a: Ursaluna|Drain Punch|p2a: Rillaboom
|-damage|p2a: Rillaboom|57/100
|-heal|p1a: Ursaluna|36/100|[from] drain|[of] p2a: Rillaboom
|
|-heal|p2a: Rillaboom|63/100|[from] Grassy Terrain
|-heal|p1a: Ursaluna|42/100|[from] Grassy Terrain
|upkeep
|turn|6
|
|t:|1779955379
|switch|p2a: Gholdengo|Gholdengo|100/100
|-item|p2a: Gholdengo|Air Balloon
|move|p1a: Ursaluna|Body Slam|p2a: Gholdengo
|-immune|p2a: Gholdengo
|
|-heal|p1a: Ursaluna|48/100|[from] Grassy Terrain
|-fieldend|move: Grassy Terrain
|upkeep
|turn|7
|
|t:|1779955390
|switch|p2a: Moltres|Moltres|84/100
|switch|p1a: Chesnaught|Chesnaught, M|100/100
|
|upkeep
|turn|8
|
|t:|1779955399
|switch|p1a: Moltres|Moltres|100/100
|move|p2a: Moltres|Flamethrower|p1a: Moltres
|-resisted|p1a: Moltres
|-damage|p1a: Moltres|78/100
|
|upkeep
|turn|9
|
|t:|1779955405
|move|p2a: Moltres|U-turn|p1a: Moltres
|-resisted|p1a: Moltres
|-damage|p1a: Moltres|75/100
|
|t:|1779955408
|switch|p2a: Samurott|Samurott-Hisui, M|100/100|[from] U-turn
|move|p1a: Moltres|Flamethrower|p2a: Samurott
|-resisted|p2a: Samurott
|-damage|p2a: Samurott|84/100
|
|upkeep
|turn|10
|
|t:|1779955417
|switch|p1a: Chesnaught|Chesnaught, M|100/100
|move|p2a: Samurott|Ceaseless Edge|p1a: Chesnaught
|-resisted|p1a: Chesnaught
|-damage|p1a: Chesnaught|84/100
|-damage|p2a: Samurott|67/100|[from] item: Rocky Helmet|[of] p1a: Chesnaught
|-sidestart|p1: purestyle|Spikes
|
|upkeep
|turn|11
|
|t:|1779955431
|switch|p2a: Moltres|Moltres|84/100
|move|p1a: Chesnaught|Knock Off|p2a: Moltres
|-damage|p2a: Moltres|62/100
|-status|p1a: Chesnaught|brn|[from] ability: Flame Body|[of] p2a: Moltres
|-enditem|p2a: Moltres|Heavy-Duty Boots|[from] move: Knock Off|[of] p1a: Chesnaught
|
|-damage|p1a: Chesnaught|78/100 brn|[from] brn
|upkeep
|turn|12
|c|☆purestyle|of course
|c|☆purestyle|I hate this game
|inactive|purestyle has 120 seconds left.
|
|t:|1779955461
|switch|p1a: Ursaluna|Ursaluna, F, shiny, tera:Ghost|48/100
|-damage|p1a: Ursaluna|35/100|[from] Spikes
|move|p2a: Moltres|Flamethrower|p1a: Ursaluna
|-damage|p1a: Ursaluna|14/100
|
|upkeep
|turn|13
|
|t:|1779955467
|move|p2a: Moltres|Flamethrower|p1a: Ursaluna
|-damage|p1a: Ursaluna|0 fnt
|faint|p1a: Ursaluna
|
|upkeep
|
|t:|1779955472
|switch|p1a: Iron Hands|Iron Hands|100/100
|-damage|p1a: Iron Hands|88/100|[from] Spikes
|turn|14
|
|t:|1779955478
|move|p1a: Iron Hands|Play Rough|p2a: Moltres
|-resisted|p2a: Moltres
|-damage|p2a: Moltres|51/100
|move|p2a: Moltres|Roar|p1a: Iron Hands
|-end|p1a: Iron Hands|Quark Drive|[silent]
|drag|p1a: Tornadus|Tornadus-Therian, M|100/100
|
|upkeep
|turn|15
|
|t:|1779955484
|move|p1a: Tornadus|Hurricane|p2a: Moltres
|-damage|p2a: Moltres|0 fnt
|faint|p2a: Moltres
|
|upkeep
|
|t:|1779955500
|switch|p2a: Raging Bolt|Raging Bolt|100/100
|-enditem|p2a: Raging Bolt|Booster Energy
|-activate|p2a: Raging Bolt|ability: Protosynthesis|[fromitem]
|-start|p2a: Raging Bolt|protosynthesisspa
|turn|16
|
|t:|1779955508
|switch|p1a: Chesnaught|Chesnaught, M|78/100 brn
|-damage|p1a: Chesnaught|65/100 brn|[from] Spikes
|move|p2a: Raging Bolt|Calm Mind|p2a: Raging Bolt
|-boost|p2a: Raging Bolt|spa|1
|-boost|p2a: Raging Bolt|spd|1
|
|-damage|p1a: Chesnaught|59/100 brn|[from] brn
|upkeep
|turn|17
|
|t:|1779955516
|move|p2a: Raging Bolt|Dragon Pulse|p1a: Chesnaught
|-damage|p1a: Chesnaught|0 fnt
|faint|p1a: Chesnaught
|
|upkeep
|
|t:|1779955524
|switch|p1a: Iron Hands|Iron Hands|88/100
|-damage|p1a: Iron Hands|76/100|[from] Spikes
|turn|18
|
|t:|1779955528
|move|p2a: Raging Bolt|Dragon Pulse|p1a: Iron Hands
|-damage|p1a: Iron Hands|12/100
|move|p1a: Iron Hands|Play Rough|p2a: Raging Bolt|[miss]
|-miss|p1a: Iron Hands|p2a: Raging Bolt
|
|upkeep
|turn|19
|c|☆purestyle|omg
|
|t:|1779955535
|move|p2a: Raging Bolt|Dragon Pulse|p1a: Iron Hands
|-damage|p1a: Iron Hands|0 fnt
|faint|p1a: Iron Hands
|-end|p1a: Iron Hands|Quark Drive|[silent]
|
|upkeep
|-message|purestyle forfeited.
|
|win|big liquidd
|raw|purestyle's rating: 1284 &rarr; <strong>1259</strong><br />(-25 for losing)
|raw|big liquidd's rating: 1287 &rarr; <strong>1312</strong><br />(+25 for winning)
|l|☆purestyle
|player|p1|
|l|☆big liquidd
|player|p2|
