|j|☆sammichael
|j|☆eserraba
|t:|1779957051
|gametype|singles
|player|p1|sammichael|n|1080
|player|p2|eserraba|1|1134
|gen|9
|tier|[Gen 9] OU
|rated|
|rule|HP Percentage Mod: HP is shown in percentages
|rule|Endless Battle Clause: Forcing endless battles is banned
|rule|Species Clause: Limit one of each Pokémon
|rule|OHKO Clause: OHKO moves are banned
|rule|Evasion Items Clause: Evasion items are banned
|rule|Evasion Moves Clause: Evasion moves are banned
|rule|Evasion Abilities Clause: Evasion abilities are banned
|rule|Sleep Moves Clause: Sleep-inducing moves are banned
|clearpoke
|poke|p1|Toxtricity-Low-Key, M|
|poke|p1|Greninja-*, M|
|poke|p1|Rillaboom, M|
|poke|p1|Hawlucha, M|
|poke|p1|Hatterene, F|
|poke|p1|Iron Moth|
|poke|p2|Masquerain, M|
|poke|p2|Eelektross, F|
|poke|p2|Shiftry, M|
|poke|p2|Volbeat, M|
|poke|p2|Seviper, F|
|poke|p2|Golduck, M|
|teampreview
|inactive|Battle timer is ON: inactive players will automatically lose when time's up. (requested by eserraba)
|
|t:|1779957060
|teamsize|p1|6
|teamsize|p2|6
|start
|switch|p1a: Iron Moth|Iron Moth|100/100
|switch|p2a: Shiftry|Shiftry, M|100/100
|-enditem|p1a: Iron Moth|Booster Energy
|-activate|p1a: Iron Moth|ability: Quark Drive|[fromitem]
|-start|p1a: Iron Moth|quarkdrivespa
|turn|1
|
|t:|1779957079
|move|p1a: Iron Moth|Energy Ball|p2a: Shiftry
|-resisted|p2a: Shiftry
|-damage|p2a: Shiftry|63/100
|move|p2a: Shiftry|Explosion|p1a: Iron Moth
|-damage|p1a: Iron Moth|0 fnt
|faint|p2a: Shiftry
|faint|p1a: Iron Moth
|-end|p1a: Iron Moth|Quark Drive|[silent]
|
|upkeep
|inactive|sammichael has 120 seconds left.
|
|t:|1779957100
|switch|p1a: Greninja|Greninja, M|100/100
|switch|p2a: Seviper|Seviper, F|100/100
|turn|2
|
|t:|1779957109
|move|p2a: Seviper|Poison Jab|p1a: Greninja
|-damage|p1a: Greninja|40/100
|-status|p1a: Greninja|psn
|move|p1a: Greninja|Surf|p2a: Seviper
|-damage|p2a: Seviper|0 fnt
|faint|p2a: Seviper
|-ability|p1a: Greninja|Battle Bond|boost
|-boost|p1a: Greninja|atk|1
|-boost|p1a: Greninja|spa|1
|-boost|p1a: Greninja|spe|1
|-activate|p1a: Greninja|ability: Battle Bond
|-damage|p1a: Greninja|31/100 psn|[from] item: Life Orb
|
|-damage|p1a: Greninja|18/100 psn|[from] psn
|upkeep
|
|t:|1779957121
|switch|p2a: Golduck|Golduck, M|100/100
|-ability|p2a: Golduck|Cloud Nine
|turn|3
|
|t:|1779957133
|move|p2a: Golduck|Vacuum Wave|p1a: Greninja
|-supereffective|p1a: Greninja
|-damage|p1a: Greninja|0 fnt
|faint|p1a: Greninja
|
|upkeep
|
|t:|1779957144
|switch|p1a: Rillaboom|Rillaboom, M|100/100
|-fieldstart|move: Grassy Terrain|[from] ability: Grassy Surge|[of] p1a: Rillaboom
|turn|4
|
|t:|1779957151
|switch|p2a: Masquerain|Masquerain, M|100/100
|-ability|p2a: Masquerain|Intimidate|boost
|-unboost|p1a: Rillaboom|atk|1
|move|p1a: Rillaboom|Grassy Glide|p2a: Masquerain
|-resisted|p2a: Masquerain
|-damage|p2a: Masquerain|88/100
|
|upkeep
|turn|5
|
|t:|1779957163
|switch|p1a: Toxtricity|Toxtricity-Low-Key, M|100/100
|move|p2a: Masquerain|Quiver Dance|p2a: Masquerain
|-boost|p2a: Masquerain|spa|1
|-boost|p2a: Masquerain|spd|1
|-boost|p2a: Masquerain|spe|1
|
|upkeep
|turn|6
|
|t:|1779957172
|move|p2a: Masquerain|Mud Shot|p1a: Toxtricity
|-supereffective|p1a: Toxtricity
|-damage|p1a: Toxtricity|0 fnt
|faint|p1a: Toxtricity
|
|upkeep
|
|t:|1779957179
|switch|p1a: Hatterene|Hatterene, F|100/100
|turn|7
|
|t:|1779957191
|-terastallize|p2a: Masquerain|Ground
|move|p2a: Masquerain|Ice Beam|p1a: Hatterene
|-damage|p1a: Hatterene|40/100
|move|p1a: Hatterene|Trick Room|p1a: Hatterene
|-fieldstart|move: Trick Room|[of] p1a: Hatterene
|
|-heal|p1a: Hatterene|46/100|[from] Grassy Terrain
|-heal|p2a: Masquerain|94/100|[from] Grassy Terrain
|upkeep
|turn|8
|
|t:|1779957210
|move|p1a: Hatterene|Expanding Force|p2a: Masquerain
|-damage|p2a: Masquerain|39/100
|-damage|p1a: Hatterene|36/100|[from] item: Life Orb
|move|p2a: Masquerain|Ice Beam|p1a: Hatterene
|-damage|p1a: Hatterene|0 fnt
|faint|p1a: Hatterene
|
|-heal|p2a: Masquerain|45/100|[from] Grassy Terrain
|-fieldend|move: Grassy Terrain
|upkeep
|
|t:|1779957221
|switch|p1a: Rillaboom|Rillaboom, M|100/100
|-fieldstart|move: Grassy Terrain|[from] ability: Grassy Surge|[of] p1a: Rillaboom
|turn|9
|
|t:|1779957228
|switch|p2a: Volbeat|Volbeat, M|100/100
|move|p1a: Rillaboom|Wood Hammer|p2a: Volbeat
|-resisted|p2a: Volbeat
|-damage|p2a: Volbeat|57/100
|-damage|p1a: Rillaboom|86/100|[from] Recoil
|-enditem|p2a: Volbeat|Red Card|[of] p1a: Rillaboom
|drag|p1a: Hawlucha|Hawlucha, M|100/100
|-ability|p1a: Hawlucha|Mold Breaker
|
|-heal|p2a: Volbeat|63/100|[from] Grassy Terrain
|upkeep
|turn|10
|
|t:|1779957244
|switch|p2a: Masquerain|Masquerain, M, tera:Ground|45/100
|-ability|p2a: Masquerain|Intimidate|boost
|-unboost|p1a: Hawlucha|atk|1
|move|p1a: Hawlucha|Acrobatics|p2a: Masquerain
|-damage|p2a: Masquerain|20/100
|
|-heal|p2a: Masquerain|26/100|[from] Grassy Terrain
|upkeep
|turn|11
|inactive|sammichael has 120 seconds left.
|
|t:|1779957282
|move|p2a: Masquerain|Ice Beam|p1a: Hawlucha
|-supereffective|p1a: Hawlucha
|-damage|p1a: Hawlucha|7/100
|move|p1a: Hawlucha|Roost|p1a: Hawlucha
|-heal|p1a: Hawlucha|57/100
|-singleturn|p1a: Hawlucha|move: Roost
|
|-heal|p2a: Masquerain|32/100|[from] Grassy Terrain
|-heal|p1a: Hawlucha|63/100|[from] Grassy Terrain
|-fieldend|move: Trick Room
|upkeep
|turn|12
|
|t:|1779957294
|move|p1a: Hawlucha|Acrobatics|p2a: Masquerain
|-damage|p2a: Masquerain|7/100
|move|p2a: Masquerain|Ice Beam|p1a: Hawlucha
|-supereffective|p1a: Hawlucha
|-damage|p1a: Hawlucha|0 fnt
|faint|p1a: Hawlucha
|
|-heal|p2a: Masquerain|13/100|[from] Grassy Terrain
|upkeep
|
|t:|1779957304
|switch|p1a: Rillaboom|Rillaboom, M|86/100
|turn|13
|
|t:|1779957308
|move|p1a: Rillaboom|Grassy Glide|p2a: Masquerain
|-supereffective|p2a: Masquerain
|-damage|p2a: Masquerain|0 fnt
|faint|p2a: Masquerain
|
|-heal|p1a: Rillaboom|93/100|[from] Grassy Terrain
|-fieldend|move: Grassy Terrain
|upkeep
|
|t:|1779957315
|switch|p2a: Volbeat|Volbeat, M|63/100
|turn|14
|
|t:|1779957321
|move|p1a: Rillaboom|High Horsepower|p2a: Volbeat
|-resisted|p2a: Volbeat
|-damage|p2a: Volbeat|48/100
|move|p2a: Volbeat|Counter|p1a: Rillaboom
|-damage|p1a: Rillaboom|63/100
|
|upkeep
|turn|15
|
|t:|1779957330
|move|p2a: Volbeat|Encore|p1a: Rillaboom
|-start|p1a: Rillaboom|Encore
|move|p1a: Rillaboom|High Horsepower|p2a: Volbeat
|-resisted|p2a: Volbeat
|-damage|p2a: Volbeat|33/100
|
|upkeep
|turn|16
|
|t:|1779957339
|switch|p2a: Eelektross|Eelektross, F|100/100
|-terastallize|p1a: Rillaboom|Grass
|move|p1a: Rillaboom|High Horsepower|p2a: Eelektross
|-immune|p2a: Eelektross|[from] ability: Levitate
|
|upkeep
|turn|17
|
|t:|1779957349
|move|p1a: Rillaboom|High Horsepower|p2a: Eelektross
|-immune|p2a: Eelektross|[from] ability: Levitate
|move|p2a: Eelektross|U-turn|p1a: Rillaboom
|-supereffective|p1a: Rillaboom
|-damage|p1a: Rillaboom|11/100
|
|t:|1779957354
|switch|p2a: Volbeat|Volbeat, M|33/100|[from] U-turn
|
|-end|p1a: Rillaboom|Encore
|upkeep
|turn|18
|
|t:|1779957364
|move|p2a: Volbeat|Encore|p1a: Rillaboom
|-start|p1a: Rillaboom|Encore
|move|p1a: Rillaboom|High Horsepower|p2a: Volbeat
|-resisted|p2a: Volbeat
|-damage|p2a: Volbeat|19/100
|
|upkeep
|turn|19
|
|t:|1779957372
|move|p1a: Rillaboom|High Horsepower|p2a: Volbeat
|-resisted|p2a: Volbeat
|-damage|p2a: Volbeat|6/100
|move|p2a: Volbeat|Counter|p1a: Rillaboom
|-damage|p1a: Rillaboom|0 fnt
|faint|p1a: Rillaboom
|
|win|eserraba
|raw|sammichael's rating: 1080 &rarr; <strong>1061</strong><br />(-19 for losing)
|raw|eserraba's rating: 1134 &rarr; <strong>1155</strong><br />(+21 for winning)
