|j|☆asdddddddssd
|j|☆BarqsGotBite
|t:|1779850961
|gametype|singles
|player|p1|asdddddddssd|1|1308
|player|p2|BarqsGotBite|ethan|1279
|gen|9
|tier|[Gen 9] OU
|rated|
|rule|HP Percentage Mod: HP is shown in percentages
|rule|Endless Battle Clause: Forcing endless battles is banned
|rule|Species Clause: Limit one of each Pokémon
|rule|OHKO Clause: OHKO moves are banned
|rule|Evasion Items Clause: Evasion items are banned
|rule|Evasion Moves Clause: Evasion moves are banned
|rule|Evasion Abilities Clause: Evasion abilities are banned
|rule|Sleep Moves Clause: Sleep-inducing moves are banned
|clearpoke
|poke|p1|Zamazenta-*|
|poke|p1|Dragapult, M|
|poke|p1|Gliscor, F|
|poke|p1|Raging Bolt|
|poke|p1|Blissey, F|
|poke|p1|Weezing-Galar, M|
|poke|p2|Ariados, F|
|poke|p2|Zapdos|
|poke|p2|Garganacl, M|
|poke|p2|Dragapult, F|
|poke|p2|Iron Moth|
|poke|p2|Iron Treads|
|teampreview
|
|t:|1779850967
|teamsize|p1|6
|teamsize|p2|6
|start
|switch|p1a: Gliscor|Gliscor, F|100/100
|switch|p2a: Ariados|Ariados, F|100/100
|turn|1
|
|t:|1779850974
|move|p1a: Gliscor|Substitute|p1a: Gliscor
|-start|p1a: Gliscor|Substitute
|-damage|p1a: Gliscor|76/100
|move|p2a: Ariados|Knock Off|p1a: Gliscor
|-activate|p1a: Gliscor|move: Substitute|[damage]
|
|-status|p1a: Gliscor|tox|[from] item: Toxic Orb
|upkeep
|turn|2
|
|t:|1779850982
|move|p1a: Gliscor|Knock Off|p2a: Ariados
|-damage|p2a: Ariados|73/100
|-enditem|p2a: Ariados|Focus Sash|[from] move: Knock Off|[of] p1a: Gliscor
|move|p2a: Ariados|Sticky Web|p1a: Gliscor
|-sidestart|p1: asdddddddssd|move: Sticky Web
|
|-heal|p1a: Gliscor|88/100 tox|[from] ability: Poison Heal
|upkeep
|turn|3
|
|t:|1779850995
|move|p1a: Gliscor|Knock Off|p2a: Ariados
|-damage|p2a: Ariados|54/100
|move|p2a: Ariados|Knock Off|p1a: Gliscor
|-end|p1a: Gliscor|Substitute
|
|-heal|p1a: Gliscor|100/100 tox|[from] ability: Poison Heal
|upkeep
|turn|4
|
|t:|1779851011
|switch|p2a: Iron Treads|Iron Treads, shiny|100/100
|move|p1a: Gliscor|Substitute|p1a: Gliscor
|-start|p1a: Gliscor|Substitute
|-damage|p1a: Gliscor|76/100 tox
|
|-heal|p1a: Gliscor|88/100 tox|[from] ability: Poison Heal
|upkeep
|turn|5
|
|t:|1779851018
|move|p2a: Iron Treads|Ice Spinner|p1a: Gliscor
|-supereffective|p1a: Gliscor
|-end|p1a: Gliscor|Substitute
|move|p1a: Gliscor|Knock Off|p2a: Iron Treads
|-damage|p2a: Iron Treads|80/100
|-enditem|p2a: Iron Treads|Heavy-Duty Boots|[from] move: Knock Off|[of] p1a: Gliscor
|
|-heal|p1a: Gliscor|100/100 tox|[from] ability: Poison Heal
|upkeep
|turn|6
|
|t:|1779851040
|switch|p1a: Weezing|Weezing-Galar, M|100/100
|-ability|p1a: Weezing|Neutralizing Gas
|-activate|p1a: Weezing|move: Sticky Web
|-unboost|p1a: Weezing|spe|1
|move|p2a: Iron Treads|Ice Spinner|p1a: Weezing
|-damage|p1a: Weezing|83/100
|
|-heal|p1a: Weezing|89/100|[from] item: Leftovers
|upkeep
|turn|7
|
|t:|1779851051
|move|p2a: Iron Treads|Knock Off|p1a: Weezing
|-resisted|p1a: Weezing
|-crit|p1a: Weezing
|-damage|p1a: Weezing|72/100
|-enditem|p1a: Weezing|Leftovers|[from] move: Knock Off|[of] p2a: Iron Treads
|move|p1a: Weezing|Defog|p2a: Iron Treads
|-unboost|p2a: Iron Treads|evasion|1
|-sideend|p1: asdddddddssd|Sticky Web|[from] move: Defog|[of] p1a: Weezing
|
|upkeep
|turn|8
|
|t:|1779851058
|move|p2a: Iron Treads|Earthquake|p1a: Weezing
|-supereffective|p1a: Weezing
|-damage|p1a: Weezing|8/100
|move|p1a: Weezing|Pain Split|p2a: Iron Treads
|-sethp|p2a: Iron Treads|44/100|[from] move: Pain Split|[silent]
|-sethp|p1a: Weezing|43/100|[from] move: Pain Split
|
|upkeep
|turn|9
|
|t:|1779851077
|-end|p1a: Weezing|ability: Neutralizing Gas
|switch|p1a: Zamazenta|Zamazenta|100/100
|-ability|p1a: Zamazenta|Dauntless Shield|boost
|-boost|p1a: Zamazenta|def|1
|move|p2a: Iron Treads|Earthquake|p1a: Zamazenta
|-damage|p1a: Zamazenta|78/100
|
|upkeep
|turn|10
|
|t:|1779851090
|-end|p2a: Iron Treads|Quark Drive|[silent]
|switch|p2a: Zapdos|Zapdos|100/100
|move|p1a: Zamazenta|Iron Head|p2a: Zapdos
|-resisted|p2a: Zapdos
|-damage|p2a: Zapdos|92/100
|
|upkeep
|turn|11
|
|t:|1779851098
|switch|p1a: Weezing|Weezing-Galar, M|43/100
|-ability|p1a: Weezing|Neutralizing Gas
|move|p2a: Zapdos|Hurricane|p1a: Weezing|[miss]
|-miss|p2a: Zapdos|p1a: Weezing
|
|upkeep
|turn|12
|
|t:|1779851107
|move|p2a: Zapdos|U-turn|p1a: Weezing
|-resisted|p1a: Weezing
|-damage|p1a: Weezing|41/100
|
|t:|1779851110
|switch|p2a: Ariados|Ariados, F|54/100|[from] U-turn
|move|p1a: Weezing|Toxic|p2a: Ariados
|-immune|p2a: Ariados
|
|upkeep
|turn|13
|
|t:|1779851122
|move|p1a: Weezing|Defog|p2a: Ariados
|-unboost|p2a: Ariados|evasion|1
|move|p2a: Ariados|Sticky Web|p1a: Weezing
|-sidestart|p1: asdddddddssd|move: Sticky Web
|
|upkeep
|turn|14
|
|t:|1779851130
|move|p1a: Weezing|Defog|p2a: Ariados
|-unboost|p2a: Ariados|evasion|1
|-sideend|p1: asdddddddssd|Sticky Web|[from] move: Defog|[of] p1a: Weezing
|move|p2a: Ariados|Acid Spray|p1a: Weezing
|-damage|p1a: Weezing|29/100
|-unboost|p1a: Weezing|spd|2
|
|upkeep
|turn|15
|
|t:|1779851142
|-end|p1a: Weezing|ability: Neutralizing Gas
|switch|p1a: Raging Bolt|Raging Bolt|100/100
|-enditem|p1a: Raging Bolt|Booster Energy
|-activate|p1a: Raging Bolt|ability: Protosynthesis|[fromitem]
|-start|p1a: Raging Bolt|protosynthesisspa
|move|p2a: Ariados|Sticky Web|p1a: Raging Bolt
|-sidestart|p1: asdddddddssd|move: Sticky Web
|
|upkeep
|turn|16
|
|t:|1779851150
|move|p1a: Raging Bolt|Draco Meteor|p2a: Ariados
|-damage|p2a: Ariados|0 fnt
|-unboost|p1a: Raging Bolt|spa|2
|faint|p2a: Ariados
|
|upkeep
|
|t:|1779851159
|switch|p2a: Dragapult|Dragapult, F|100/100
|turn|17
|
|t:|1779851169
|-end|p1a: Raging Bolt|Protosynthesis|[silent]
|switch|p1a: Weezing|Weezing-Galar, M|29/100
|-ability|p1a: Weezing|Neutralizing Gas
|-activate|p1a: Weezing|move: Sticky Web
|-unboost|p1a: Weezing|spe|1
|-terastallize|p2a: Dragapult|Fairy
|move|p2a: Dragapult|Dragon Dance|p2a: Dragapult
|-boost|p2a: Dragapult|atk|1
|-boost|p2a: Dragapult|spe|1
|
|upkeep
|turn|18
|
|t:|1779851180
|move|p2a: Dragapult|Psychic Fangs|p1a: Weezing
|-supereffective|p1a: Weezing
|-damage|p1a: Weezing|0 fnt
|faint|p1a: Weezing
|-end|p1a: Weezing|ability: Neutralizing Gas
|-damage|p2a: Dragapult|91/100|[from] item: Life Orb
|
|upkeep
|
|t:|1779851187
|switch|p1a: Dragapult|Dragapult, M|100/100
|-activate|p1a: Dragapult|move: Sticky Web
|-fail|p1a: Dragapult|unboost|[from] ability: Clear Body|[of] p1a: Dragapult
|turn|19
|
|t:|1779851194
|-terastallize|p1a: Dragapult|Dragon
|move|p2a: Dragapult|Psychic Fangs|p1a: Dragapult
|-damage|p1a: Dragapult|32/100
|-damage|p2a: Dragapult|81/100|[from] item: Life Orb
|move|p1a: Dragapult|Shadow Ball|p2a: Dragapult
|-damage|p2a: Dragapult|16/100
|
|upkeep
|turn|20
|
|t:|1779851212
|switch|p1a: Blissey|Blissey, F|100/100
|-activate|p1a: Blissey|move: Sticky Web
|-unboost|p1a: Blissey|spe|1
|move|p2a: Dragapult|Dragon Darts|p1a: Blissey
|-damage|p1a: Blissey|56/100
|-anim|p2a: Dragapult|Dragon Darts|p1a: Blissey
|-damage|p1a: Blissey|14/100
|-damage|p2a: Dragapult|6/100|[from] item: Life Orb
|
|-heal|p1a: Blissey|20/100|[from] item: Leftovers
|upkeep
|turn|21
|
|t:|1779851225
|move|p2a: Dragapult|Dragon Darts|p1a: Blissey
|-damage|p1a: Blissey|0 fnt
|faint|p1a: Blissey
|-damage|p2a: Dragapult|0 fnt|[from] item: Life Orb
|faint|p2a: Dragapult
|
|upkeep
|
|t:|1779851237
|switch|p2a: Iron Moth|Iron Moth, shiny|100/100
|switch|p1a: Dragapult|Dragapult, M, tera:Dragon|32/100
|-activate|p1a: Dragapult|move: Sticky Web
|-fail|p1a: Dragapult|unboost|[from] ability: Clear Body|[of] p1a: Dragapult
|-enditem|p2a: Iron Moth|Booster Energy
|-activate|p2a: Iron Moth|ability: Quark Drive|[fromitem]
|-start|p2a: Iron Moth|quarkdrivespe
|turn|22
|
|t:|1779851245
|move|p2a: Iron Moth|Sludge Wave|p1a: Dragapult
|-damage|p1a: Dragapult|0 fnt
|faint|p1a: Dragapult
|
|upkeep
|
|t:|1779851262
|switch|p1a: Raging Bolt|Raging Bolt|100/100
|-activate|p1a: Raging Bolt|move: Sticky Web
|-unboost|p1a: Raging Bolt|spe|1
|turn|23
|
|t:|1779851269
|move|p2a: Iron Moth|Sludge Wave|p1a: Raging Bolt
|-damage|p1a: Raging Bolt|64/100
|move|p1a: Raging Bolt|Discharge|p2a: Iron Moth
|-damage|p2a: Iron Moth|57/100
|
|upkeep
|turn|24
|
|t:|1779851276
|move|p2a: Iron Moth|Sludge Wave|p1a: Raging Bolt
|-damage|p1a: Raging Bolt|31/100
|move|p1a: Raging Bolt|Discharge|p2a: Iron Moth
|-damage|p2a: Iron Moth|15/100
|
|upkeep
|turn|25
|
|t:|1779851282
|move|p1a: Raging Bolt|Thunderclap|p2a: Iron Moth
|-damage|p2a: Iron Moth|0 fnt
|faint|p2a: Iron Moth
|-end|p2a: Iron Moth|Quark Drive|[silent]
|
|upkeep
|
|t:|1779851288
|switch|p2a: Iron Treads|Iron Treads, shiny|44/100
|turn|26
|
|t:|1779851295
|move|p2a: Iron Treads|Ice Spinner|p1a: Raging Bolt
|-supereffective|p1a: Raging Bolt
|-damage|p1a: Raging Bolt|0 fnt
|faint|p1a: Raging Bolt
|-end|p1a: Raging Bolt|Protosynthesis|[silent]
|
|upkeep
|
|t:|1779851301
|switch|p1a: Zamazenta|Zamazenta|78/100
|-activate|p1a: Zamazenta|move: Sticky Web
|-unboost|p1a: Zamazenta|spe|1
|turn|27
|
|t:|1779851305
|-end|p2a: Iron Treads|Quark Drive|[silent]
|switch|p2a: Zapdos|Zapdos|92/100
|move|p1a: Zamazenta|Iron Defense|p1a: Zamazenta
|-boost|p1a: Zamazenta|def|2
|
|upkeep
|turn|28
|
|t:|1779851312
|switch|p1a: Gliscor|Gliscor, F|100/100 tox
|move|p2a: Zapdos|Hurricane|p1a: Gliscor
|-damage|p1a: Gliscor|55/100 tox
|
|-heal|p1a: Gliscor|68/100 tox|[from] ability: Poison Heal
|upkeep
|turn|29
|
|t:|1779851324
|move|p2a: Zapdos|Hurricane|p1a: Gliscor
|-damage|p1a: Gliscor|20/100 tox
|-start|p1a: Gliscor|confusion
|-activate|p1a: Gliscor|confusion
|move|p1a: Gliscor|Knock Off|p2a: Zapdos
|-damage|p2a: Zapdos|74/100
|-enditem|p2a: Zapdos|Heavy-Duty Boots|[from] move: Knock Off|[of] p1a: Gliscor
|
|-heal|p1a: Gliscor|33/100 tox|[from] ability: Poison Heal
|upkeep
|turn|30
|
|t:|1779851335
|-activate|p1a: Gliscor|confusion
|move|p1a: Gliscor|Protect|p1a: Gliscor
|-singleturn|p1a: Gliscor|Protect
|move|p2a: Zapdos|Hurricane|p1a: Gliscor
|-activate|p1a: Gliscor|move: Protect
|
|-heal|p1a: Gliscor|45/100 tox|[from] ability: Poison Heal
|upkeep
|turn|31
|
|t:|1779851342
|move|p2a: Zapdos|U-turn|p1a: Gliscor
|-resisted|p1a: Gliscor
|-damage|p1a: Gliscor|40/100 tox
|
|t:|1779851344
|switch|p2a: Iron Treads|Iron Treads, shiny|44/100|[from] U-turn
|-activate|p1a: Gliscor|confusion
|move|p1a: Gliscor|Toxic|p2a: Iron Treads
|-immune|p2a: Iron Treads
|
|-heal|p1a: Gliscor|52/100 tox|[from] ability: Poison Heal
|upkeep
|turn|32
|
|t:|1779851352
|move|p2a: Iron Treads|Ice Spinner|p1a: Gliscor
|-supereffective|p1a: Gliscor
|-damage|p1a: Gliscor|0 fnt
|faint|p1a: Gliscor
|
|upkeep
|
|t:|1779851357
|switch|p1a: Zamazenta|Zamazenta|78/100
|-activate|p1a: Zamazenta|move: Sticky Web
|-unboost|p1a: Zamazenta|spe|1
|turn|33
|
|t:|1779851369
|move|p2a: Iron Treads|Earthquake|p1a: Zamazenta
|-damage|p1a: Zamazenta|48/100
|move|p1a: Zamazenta|Body Press|p2a: Iron Treads
|-supereffective|p2a: Iron Treads
|-damage|p2a: Iron Treads|0 fnt
|faint|p2a: Iron Treads
|-end|p2a: Iron Treads|Quark Drive|[silent]
|
|upkeep
|
|t:|1779851372
|switch|p2a: Zapdos|Zapdos|74/100
|turn|34
|
|t:|1779851377
|move|p1a: Zamazenta|Body Press|p2a: Zapdos
|-resisted|p2a: Zapdos
|-damage|p2a: Zapdos|56/100
|move|p2a: Zapdos|Hurricane|p1a: Zamazenta
|-supereffective|p1a: Zamazenta
|-damage|p1a: Zamazenta|0 fnt
|faint|p1a: Zamazenta
|
|win|BarqsGotBite
|raw|asdddddddssd's rating: 1308 &rarr; <strong>1286</strong><br />(-22 for losing)
|raw|BarqsGotBite's rating: 1279 &rarr; <strong>1306</strong><br />(+27 for winning)
|l|☆asdddddddssd
|player|p1|
|l|☆BarqsGotBite
|player|p2|
