|j|☆itxpapon
|j|☆claudechamp
|t:|1779818857
|gametype|singles
|player|p1|itxpapon|101|1120
|player|p2|claudechamp|265|1164
|gen|9
|tier|[Gen 9] OU
|rated|
|rule|HP Percentage Mod: HP is shown in percentages
|rule|Endless Battle Clause: Forcing endless battles is banned
|rule|Species Clause: Limit one of each Pokémon
|rule|OHKO Clause: OHKO moves are banned
|rule|Evasion Items Clause: Evasion items are banned
|rule|Evasion Moves Clause: Evasion moves are banned
|rule|Evasion Abilities Clause: Evasion abilities are banned
|rule|Sleep Moves Clause: Sleep-inducing moves are banned
|clearpoke
|poke|p1|Weavile, F|
|poke|p1|Orthworm, M|
|poke|p1|Quaquaval, M|
|poke|p1|Pelipper, F|
|poke|p1|Barraskewda, F|
|poke|p1|Zamazenta-*|
|poke|p2|Gliscor, F|
|poke|p2|Gholdengo|
|poke|p2|Zamazenta-*|
|poke|p2|Blissey, F|
|poke|p2|Skarmory, M|
|poke|p2|Pecharunt|
|teampreview
|c|☆claudechamp|hf
|inactive|Battle timer is ON: inactive players will automatically lose when time's up. (requested by claudechamp)
|
|t:|1779818870
|teamsize|p1|6
|teamsize|p2|6
|start
|switch|p1a: Pelipper|Pelipper, F|100/100
|switch|p2a: Skarmory|Skarmory, M|100/100
|-weather|RainDance|[from] ability: Drizzle|[of] p1a: Pelipper
|turn|1
|
|t:|1779818877
|move|p2a: Skarmory|Body Press|p1a: Pelipper
|-resisted|p1a: Pelipper
|-damage|p1a: Pelipper|84/100
|move|p1a: Pelipper|U-turn|p2a: Skarmory
|-resisted|p2a: Skarmory
|-damage|p2a: Skarmory|98/100
|
|t:|1779818885
|switch|p1a: Barraskewda|Barraskewda, F|100/100|[from] U-turn
|
|-weather|RainDance|[upkeep]
|upkeep
|turn|2
|
|t:|1779818891
|move|p1a: Barraskewda|Liquidation|p2a: Skarmory
|-damage|p2a: Skarmory|33/100
|move|p2a: Skarmory|Spikes|p1a: Barraskewda
|-sidestart|p1: itxpapon|Spikes
|
|-weather|RainDance|[upkeep]
|upkeep
|turn|3
|
|t:|1779818897
|-terastallize|p2a: Skarmory|Dragon
|move|p1a: Barraskewda|Liquidation|p2a: Skarmory
|-resisted|p2a: Skarmory
|-damage|p2a: Skarmory|0 fnt
|faint|p2a: Skarmory
|
|-weather|RainDance|[upkeep]
|upkeep
|
|t:|1779818903
|switch|p2a: Zamazenta|Zamazenta|100/100
|-ability|p2a: Zamazenta|Dauntless Shield|boost
|-boost|p2a: Zamazenta|def|1
|turn|4
|
|t:|1779818910
|move|p1a: Barraskewda|Liquidation|p2a: Zamazenta
|-damage|p2a: Zamazenta|38/100
|move|p2a: Zamazenta|Close Combat|p1a: Barraskewda
|-damage|p1a: Barraskewda|0 fnt
|-unboost|p2a: Zamazenta|def|1
|-unboost|p2a: Zamazenta|spd|1
|faint|p1a: Barraskewda
|
|-weather|RainDance|[upkeep]
|upkeep
|
|t:|1779818921
|switch|p1a: Quaquaval|Quaquaval, M|100/100
|-damage|p1a: Quaquaval|88/100|[from] Spikes
|turn|5
|
|t:|1779818929
|move|p2a: Zamazenta|Close Combat|p1a: Quaquaval
|-damage|p1a: Quaquaval|5/100
|-unboost|p2a: Zamazenta|def|1
|-unboost|p2a: Zamazenta|spd|1
|move|p1a: Quaquaval|Aqua Step|p2a: Zamazenta
|-damage|p2a: Zamazenta|0 fnt
|-boost|p1a: Quaquaval|spe|1
|faint|p2a: Zamazenta
|-ability|p1a: Quaquaval|Moxie|boost
|-boost|p1a: Quaquaval|atk|1
|
|-weather|RainDance|[upkeep]
|upkeep
|
|t:|1779818936
|switch|p2a: Pecharunt|Pecharunt|100/100
|turn|6
|
|t:|1779818944
|move|p1a: Quaquaval|Aqua Step|p2a: Pecharunt
|-damage|p2a: Pecharunt|56/100
|-boost|p1a: Quaquaval|spe|1
|move|p2a: Pecharunt|Shadow Ball|p1a: Quaquaval
|-damage|p1a: Quaquaval|0 fnt
|faint|p1a: Quaquaval
|
|-weather|RainDance|[upkeep]
|upkeep
|
|t:|1779818956
|switch|p1a: Weavile|Weavile, F|100/100
|-damage|p1a: Weavile|88/100|[from] Spikes
|-ability|p1a: Weavile|Pressure
|turn|7
|
|t:|1779818963
|move|p1a: Weavile|Knock Off|p2a: Pecharunt
|-supereffective|p2a: Pecharunt
|-damage|p2a: Pecharunt|0 fnt
|-enditem|p2a: Pecharunt|Heavy-Duty Boots|[from] move: Knock Off|[of] p1a: Weavile
|faint|p2a: Pecharunt
|-damage|p1a: Weavile|78/100|[from] item: Life Orb
|
|-weather|RainDance|[upkeep]
|upkeep
|
|t:|1779818968
|switch|p2a: Gholdengo|Gholdengo|100/100
|turn|8
|
|t:|1779818976
|-terastallize|p1a: Weavile|Ghost
|move|p1a: Weavile|Knock Off|p2a: Gholdengo
|-supereffective|p2a: Gholdengo
|-damage|p2a: Gholdengo|3/100
|-enditem|p2a: Gholdengo|Ability Shield|[from] move: Knock Off|[of] p1a: Weavile
|-damage|p1a: Weavile|68/100|[from] item: Life Orb
|move|p2a: Gholdengo|Thunder Wave|p1a: Weavile
|-status|p1a: Weavile|par
|
|-weather|none
|upkeep
|turn|9
|
|t:|1779818986
|move|p2a: Gholdengo|Hex|p1a: Weavile
|-supereffective|p1a: Weavile
|-damage|p1a: Weavile|0 fnt
|faint|p1a: Weavile
|
|upkeep
|
|t:|1779819004
|switch|p1a: Zamazenta|Zamazenta|100/100
|-damage|p1a: Zamazenta|88/100|[from] Spikes
|-ability|p1a: Zamazenta|Dauntless Shield|boost
|-boost|p1a: Zamazenta|def|1
|turn|10
|
|t:|1779819012
|move|p1a: Zamazenta|Wild Charge|p2a: Gholdengo
|-damage|p2a: Gholdengo|0 fnt
|faint|p2a: Gholdengo
|-damage|p1a: Zamazenta|88/100|[from] Recoil
|-damage|p1a: Zamazenta|78/100|[from] item: Life Orb
|
|upkeep
|
|t:|1779819014
|switch|p2a: Gliscor|Gliscor, F|100/100
|turn|11
|
|t:|1779819023
|switch|p1a: Pelipper|Pelipper, F|84/100
|-weather|RainDance|[from] ability: Drizzle|[of] p1a: Pelipper
|move|p2a: Gliscor|Swords Dance|p2a: Gliscor
|-boost|p2a: Gliscor|atk|2
|
|-weather|RainDance|[upkeep]
|-status|p2a: Gliscor|tox|[from] item: Toxic Orb
|upkeep
|turn|12
|
|t:|1779819038
|switch|p2a: Blissey|Blissey, F|100/100
|move|p1a: Pelipper|Weather Ball|p2a: Blissey
|-damage|p2a: Blissey|86/100
|
|-weather|RainDance|[upkeep]
|upkeep
|turn|13
|
|t:|1779819045
|switch|p1a: Zamazenta|Zamazenta|78/100
|-damage|p1a: Zamazenta|65/100|[from] Spikes
|move|p2a: Blissey|Stealth Rock|p1a: Zamazenta
|-sidestart|p1: itxpapon|move: Stealth Rock
|
|-weather|RainDance|[upkeep]
|upkeep
|turn|14
|
|t:|1779819055
|switch|p2a: Gliscor|Gliscor, F|100/100 tox
|move|p1a: Zamazenta|Stone Edge|p2a: Gliscor
|-damage|p2a: Gliscor|61/100 tox
|-damage|p1a: Zamazenta|56/100|[from] item: Life Orb
|
|-weather|RainDance|[upkeep]
|-heal|p2a: Gliscor|74/100 tox|[from] ability: Poison Heal
|upkeep
|turn|15
|
|t:|1779819067
|switch|p1a: Orthworm|Orthworm, M|100/100
|-damage|p1a: Orthworm|88/100|[from] Spikes
|-damage|p1a: Orthworm|82/100|[from] Stealth Rock
|move|p2a: Gliscor|Swords Dance|p2a: Gliscor
|-boost|p2a: Gliscor|atk|2
|
|-weather|RainDance|[upkeep]
|-heal|p1a: Orthworm|88/100|[from] item: Leftovers
|-heal|p2a: Gliscor|86/100 tox|[from] ability: Poison Heal
|upkeep
|turn|16
|
|t:|1779819080
|move|p2a: Gliscor|Knock Off|p1a: Orthworm
|-damage|p1a: Orthworm|63/100
|-enditem|p1a: Orthworm|Leftovers|[from] move: Knock Off|[of] p2a: Gliscor
|move|p1a: Orthworm|Iron Defense|p1a: Orthworm
|-boost|p1a: Orthworm|def|2
|
|-weather|RainDance|[upkeep]
|-heal|p2a: Gliscor|99/100 tox|[from] ability: Poison Heal
|upkeep
|turn|17
|
|t:|1779819088
|move|p2a: Gliscor|Knock Off|p1a: Orthworm
|-damage|p1a: Orthworm|55/100
|move|p1a: Orthworm|Stealth Rock|p2a: Gliscor
|-sidestart|p2: claudechamp|move: Stealth Rock
|
|-weather|RainDance|[upkeep]
|-heal|p2a: Gliscor|100/100 tox|[from] ability: Poison Heal
|upkeep
|turn|18
|
|t:|1779819096
|move|p2a: Gliscor|Swords Dance|p2a: Gliscor
|-boost|p2a: Gliscor|atk|2
|move|p1a: Orthworm|Iron Defense|p1a: Orthworm
|-boost|p1a: Orthworm|def|2
|
|-weather|none
|upkeep
|turn|19
|
|t:|1779819103
|move|p2a: Gliscor|Knock Off|p1a: Orthworm
|-damage|p1a: Orthworm|48/100
|move|p1a: Orthworm|Iron Defense|p1a: Orthworm
|-boost|p1a: Orthworm|def|2
|
|upkeep
|turn|20
|
|t:|1779819112
|move|p2a: Gliscor|Knock Off|p1a: Orthworm
|-damage|p1a: Orthworm|41/100
|move|p1a: Orthworm|Body Press|p2a: Gliscor
|-resisted|p2a: Gliscor
|-damage|p2a: Gliscor|47/100 tox
|
|-heal|p2a: Gliscor|59/100 tox|[from] ability: Poison Heal
|upkeep
|turn|21
|
|t:|1779819120
|switch|p2a: Blissey|Blissey, F|86/100
|move|p1a: Orthworm|Body Press|p2a: Blissey
|-supereffective|p2a: Blissey
|-damage|p2a: Blissey|0 fnt
|faint|p2a: Blissey
|
|upkeep
|
|t:|1779819123
|switch|p2a: Gliscor|Gliscor, F|59/100 tox
|-damage|p2a: Gliscor|47/100 tox|[from] Stealth Rock
|turn|22
|
|t:|1779819129
|move|p2a: Gliscor|Knock Off|p1a: Orthworm
|-damage|p1a: Orthworm|39/100
|move|p1a: Orthworm|Body Press|p2a: Gliscor
|-resisted|p2a: Gliscor
|-crit|p2a: Gliscor
|-damage|p2a: Gliscor|0 fnt
|faint|p2a: Gliscor
|
|win|itxpapon
|raw|itxpapon's rating: 1120 &rarr; <strong>1152</strong><br />(+32 for winning)
|raw|claudechamp's rating: 1218 &rarr; <strong>1186</strong><br />(-32 for losing)
|c|☆claudechamp|gg
|c|☆itxpapon|gg
