|j|☆yyb2009
|j|☆banhquy
|t:|1779803135
|gametype|singles
|player|p1|yyb2009|169|1103
|player|p2|banhquy|roxie|1158
|gen|9
|tier|[Gen 9] OU
|rated|
|rule|HP Percentage Mod: HP is shown in percentages
|rule|Endless Battle Clause: Forcing endless battles is banned
|rule|Species Clause: Limit one of each Pokémon
|rule|OHKO Clause: OHKO moves are banned
|rule|Evasion Items Clause: Evasion items are banned
|rule|Evasion Moves Clause: Evasion moves are banned
|rule|Evasion Abilities Clause: Evasion abilities are banned
|rule|Sleep Moves Clause: Sleep-inducing moves are banned
|clearpoke
|poke|p1|Dragapult, M|
|poke|p1|Garganacl, F|
|poke|p1|Gliscor, F|
|poke|p1|Regieleki|
|poke|p1|Kingambit, F|
|poke|p1|Politoed, F|
|poke|p2|Blaziken, F|
|poke|p2|Ninetales, F|
|poke|p2|Venusaur, F|
|poke|p2|Charizard, F|
|poke|p2|Walking Wake|
|poke|p2|Ogerpon, F|
|teampreview
|
|t:|1779803145
|teamsize|p1|6
|teamsize|p2|6
|start
|switch|p1a: Gliscor|Gliscor, F|100/100
|switch|p2a: chick|Blaziken, F, shiny|100/100
|turn|1
|
|t:|1779803154
|move|p1a: Gliscor|Tailwind|p1a: Gliscor
|-sidestart|p1: yyb2009|move: Tailwind
|move|p2a: chick|Focus Energy|p2a: chick
|-start|p2a: chick|move: Focus Energy
|
|-status|p1a: Gliscor|tox|[from] item: Toxic Orb
|-ability|p2a: chick|Speed Boost|boost
|-boost|p2a: chick|spe|1
|upkeep
|turn|2
|
|t:|1779803164
|move|p1a: Gliscor|Dual Wingbeat|p2a: chick
|-supereffective|p2a: chick
|-damage|p2a: chick|40/100
|-supereffective|p2a: chick
|-damage|p2a: chick|0 fnt
|faint|p2a: chick
|-hitcount|p2: chick|2
|
|upkeep
|
|t:|1779803170
|switch|p2a: Fox|Ninetales, F|100/100
|-weather|SunnyDay|[from] ability: Drought|[of] p2a: Fox
|turn|3
|
|t:|1779803178
|move|p1a: Gliscor|Earthquake|p2a: Fox
|-supereffective|p2a: Fox
|-damage|p2a: Fox|4/100
|move|p2a: Fox|Fire Blast|p1a: Gliscor|[miss]
|-miss|p2a: Fox|p1a: Gliscor
|
|-weather|SunnyDay|[upkeep]
|upkeep
|turn|4
|
|t:|1779803188
|switch|p2a: venu|Venusaur, F, shiny|100/100
|move|p1a: Gliscor|Knock Off|p2a: venu
|-damage|p2a: venu|66/100
|-enditem|p2a: venu|Life Orb|[from] move: Knock Off|[of] p1a: Gliscor
|
|-weather|SunnyDay|[upkeep]
|-sideend|p1: yyb2009|move: Tailwind
|upkeep
|turn|5
|
|t:|1779803202
|move|p2a: venu|Weather Ball|p1a: Gliscor
|-damage|p1a: Gliscor|35/100 tox
|move|p1a: Gliscor|Dual Wingbeat|p2a: venu
|-supereffective|p2a: venu
|-damage|p2a: venu|22/100
|-supereffective|p2a: venu
|-damage|p2a: venu|0 fnt
|faint|p2a: venu
|-hitcount|p2: venu|2
|
|-weather|SunnyDay|[upkeep]
|-heal|p1a: Gliscor|47/100 tox|[from] ability: Poison Heal
|upkeep
|
|t:|1779803210
|switch|p2a: cha|Charizard, F, shiny|100/100
|turn|6
|
|t:|1779803227
|move|p2a: cha|Flamethrower|p1a: Gliscor
|-damage|p1a: Gliscor|0 fnt
|faint|p1a: Gliscor
|
|-weather|SunnyDay|[upkeep]
|-damage|p2a: cha|88/100|[from] ability: Solar Power|[of] p2a: cha
|upkeep
|
|t:|1779803234
|switch|p1a: Politoed|Politoed, F|100/100
|-weather|RainDance|[from] ability: Drizzle|[of] p1a: Politoed
|turn|7
|
|t:|1779803239
|switch|p2a: Fox|Ninetales, F|4/100
|-weather|SunnyDay|[from] ability: Drought|[of] p2a: Fox
|move|p1a: Politoed|Weather Ball|p2a: Fox
|-resisted|p2a: Fox
|-damage|p2a: Fox|0 fnt
|faint|p2a: Fox
|
|-weather|SunnyDay|[upkeep]
|upkeep
|
|t:|1779803241
|switch|p2a: cha|Charizard, F, shiny|88/100
|turn|8
|
|t:|1779803254
|switch|p1a: Garganacl|Garganacl, F|100/100
|move|p2a: cha|Air Slash|p1a: Garganacl
|-resisted|p1a: Garganacl
|-damage|p1a: Garganacl|84/100
|
|-weather|SunnyDay|[upkeep]
|-damage|p2a: cha|76/100|[from] ability: Solar Power|[of] p2a: cha
|-heal|p1a: Garganacl|91/100|[from] item: Leftovers
|upkeep
|turn|9
|
|t:|1779803266
|switch|p2a: oger|Ogerpon, F|100/100
|move|p1a: Garganacl|Iron Defense|p1a: Garganacl
|-boost|p1a: Garganacl|def|2
|
|-weather|SunnyDay|[upkeep]
|-heal|p1a: Garganacl|97/100|[from] item: Leftovers
|upkeep
|turn|10
|
|t:|1779803277
|-terastallize|p2a: oger|Grass
|detailschange|p2a: oger|Ogerpon-Teal-Tera, F, tera:Grass
|-ability|p2a: oger|Embody Aspect (Teal)|boost
|-boost|p2a: oger|spe|1
|-terastallize|p1a: Garganacl|Fighting
|move|p2a: oger|Ivy Cudgel|p1a: Garganacl
|-damage|p1a: Garganacl|75/100
|move|p1a: Garganacl|Body Press|p2a: oger
|-damage|p2a: oger|8/100
|
|-weather|SunnyDay|[upkeep]
|-heal|p1a: Garganacl|82/100|[from] item: Leftovers
|upkeep
|turn|11
|
|t:|1779803292
|move|p2a: oger|Play Rough|p1a: Garganacl
|-supereffective|p1a: Garganacl
|-crit|p1a: Garganacl
|-damage|p1a: Garganacl|20/100
|move|p1a: Garganacl|Stealth Rock|p2a: oger
|-sidestart|p2: banhquy|move: Stealth Rock
|
|-weather|SunnyDay|[upkeep]
|-heal|p1a: Garganacl|26/100|[from] item: Leftovers
|upkeep
|turn|12
|
|t:|1779803302
|move|p2a: oger|Play Rough|p1a: Garganacl
|-supereffective|p1a: Garganacl
|-damage|p1a: Garganacl|6/100
|move|p1a: Garganacl|Body Press|p2a: oger
|-damage|p2a: oger|0 fnt
|faint|p2a: oger
|detailschange|p2: oger|Ogerpon, F|[silent]
|
|-weather|SunnyDay|[upkeep]
|-heal|p1a: Garganacl|12/100|[from] item: Leftovers
|upkeep
|
|t:|1779803306
|switch|p2a: Dragon|Walking Wake|100/100
|-damage|p2a: Dragon|88/100|[from] Stealth Rock
|-activate|p2a: Dragon|ability: Protosynthesis
|-start|p2a: Dragon|protosynthesisspa
|turn|13
|
|t:|1779803319
|move|p2a: Dragon|Dragon Pulse|p1a: Garganacl
|-damage|p1a: Garganacl|0 fnt
|faint|p1a: Garganacl
|
|-weather|SunnyDay|[upkeep]
|upkeep
|
|t:|1779803325
|switch|p1a: Dragapult|Dragapult, M|100/100
|turn|14
|
|t:|1779803331
|move|p2a: Dragon|Dragon Pulse|p1a: Dragapult
|-supereffective|p1a: Dragapult
|-damage|p1a: Dragapult|0 fnt
|faint|p1a: Dragapult
|
|-weather|none
|-end|p2a: Dragon|Protosynthesis
|upkeep
|
|t:|1779803338
|switch|p1a: Regieleki|Regieleki|100/100
|-item|p1a: Regieleki|Air Balloon
|turn|15
|
|t:|1779803345
|move|p1a: Regieleki|Thunder Cage|p2a: Dragon
|-damage|p2a: Dragon|32/100
|-activate|p2a: Dragon|move: Thunder Cage|[of] p1a: Regieleki
|move|p2a: Dragon|Dragon Pulse|p1a: Regieleki
|-damage|p1a: Regieleki|16/100
|-enditem|p1a: Regieleki|Air Balloon
|
|-damage|p2a: Dragon|20/100|[from] move: Thunder Cage|[partiallytrapped]
|upkeep
|turn|16
|
|t:|1779803356
|move|p1a: Regieleki|Volt Switch|p2a: Dragon
|-damage|p2a: Dragon|0 fnt
|faint|p2a: Dragon
|-end|p2a: Dragon|Protosynthesis|[silent]
|
|t:|1779803361
|switch|p1a: Politoed|Politoed, F|100/100|[from] Volt Switch
|-weather|RainDance|[from] ability: Drizzle|[of] p1a: Politoed
|
|-weather|RainDance|[upkeep]
|upkeep
|
|t:|1779803363
|switch|p2a: cha|Charizard, F, shiny|76/100
|-damage|p2a: cha|26/100|[from] Stealth Rock
|turn|17
|
|t:|1779803371
|move|p2a: cha|Focus Blast|p1a: Politoed|[miss]
|-miss|p2a: cha|p1a: Politoed
|move|p1a: Politoed|Weather Ball|p2a: cha
|-supereffective|p2a: cha
|-damage|p2a: cha|0 fnt
|faint|p2a: cha
|
|win|yyb2009
|raw|yyb2009's rating: 1103 &rarr; <strong>1132</strong><br />(+29 for winning)
|raw|banhquy's rating: 1158 &rarr; <strong>1129</strong><br />(-29 for losing)
|l|☆banhquy
|player|p2|
|l|☆yyb2009
|player|p1|
