|j|☆just.mr.himself
|j|☆npctypebeat
|t:|1779930934
|gametype|singles
|player|p1|just.mr.himself|steven|1216
|player|p2|npctypebeat|102|1203
|gen|9
|tier|[Gen 9] OU
|rated|
|rule|HP Percentage Mod: HP is shown in percentages
|rule|Endless Battle Clause: Forcing endless battles is banned
|rule|Species Clause: Limit one of each Pokémon
|rule|OHKO Clause: OHKO moves are banned
|rule|Evasion Items Clause: Evasion items are banned
|rule|Evasion Moves Clause: Evasion moves are banned
|rule|Evasion Abilities Clause: Evasion abilities are banned
|rule|Sleep Moves Clause: Sleep-inducing moves are banned
|clearpoke
|poke|p1|Excadrill, M|
|poke|p1|Tyranitar, F|
|poke|p1|Zapdos|
|poke|p1|Garganacl, M|
|poke|p1|Iron Valiant|
|poke|p1|Greninja-*, M|
|poke|p2|Gliscor, F|
|poke|p2|Ogerpon, F|
|poke|p2|Walking Wake|
|poke|p2|Blissey, F|
|poke|p2|Corviknight, M|
|poke|p2|Pecharunt|
|teampreview
|c|☆npctypebeat|hf
|inactive|Battle timer is ON: inactive players will automatically lose when time's up. (requested by npctypebeat)
|
|t:|1779930957
|teamsize|p1|6
|teamsize|p2|6
|start
|switch|p1a: Zapdos|Zapdos|100/100
|switch|p2a: Gliscor|Gliscor, F|100/100
|turn|1
|
|t:|1779930963
|move|p1a: Zapdos|Hurricane|p2a: Gliscor
|-damage|p2a: Gliscor|62/100
|move|p2a: Gliscor|Spikes|p1a: Zapdos
|-sidestart|p1: just.mr.himself|Spikes
|
|-status|p2a: Gliscor|tox|[from] item: Toxic Orb
|upkeep
|turn|2
|
|t:|1779930970
|switch|p1a: Tyranitar|Tyranitar, F|100/100
|-damage|p1a: Tyranitar|88/100|[from] Spikes
|-weather|Sandstorm|[from] ability: Sand Stream|[of] p1a: Tyranitar
|move|p2a: Gliscor|Protect||[still]
|-fail|p2a: Gliscor
|
|-weather|Sandstorm|[upkeep]
|-heal|p2a: Gliscor|75/100 tox|[from] ability: Poison Heal
|upkeep
|turn|3
|
|t:|1779930977
|move|p2a: Gliscor|Earthquake|p1a: Tyranitar
|-supereffective|p1a: Tyranitar
|-damage|p1a: Tyranitar|21/100
|move|p1a: Tyranitar|Knock Off|p2a: Gliscor
|-damage|p2a: Gliscor|11/100 tox
|-enditem|p2a: Gliscor|Toxic Orb|[from] move: Knock Off|[of] p1a: Tyranitar
|
|-weather|Sandstorm|[upkeep]
|-heal|p2a: Gliscor|23/100 tox|[from] ability: Poison Heal
|upkeep
|turn|4
|
|t:|1779930994
|switch|p1a: Zapdos|Zapdos|100/100
|move|p2a: Gliscor|Earthquake|p1a: Zapdos
|-immune|p1a: Zapdos
|
|-weather|Sandstorm|[upkeep]
|-damage|p1a: Zapdos|94/100|[from] Sandstorm
|-heal|p2a: Gliscor|36/100 tox|[from] ability: Poison Heal
|upkeep
|turn|5
|inactive|just.mr.himself has 120 seconds left.
|
|t:|1779931026
|move|p2a: Gliscor|Protect|p2a: Gliscor
|-singleturn|p2a: Gliscor|Protect
|move|p1a: Zapdos|Hurricane|p2a: Gliscor
|-activate|p2a: Gliscor|move: Protect
|
|-weather|Sandstorm|[upkeep]
|-damage|p1a: Zapdos|88/100|[from] Sandstorm
|-heal|p2a: Gliscor|48/100 tox|[from] ability: Poison Heal
|upkeep
|turn|6
|inactive|just.mr.himself has 120 seconds left.
|
|t:|1779931035
|switch|p1a: Excadrill|Excadrill, M|100/100
|-item|p1a: Excadrill|Air Balloon
|switch|p2a: Blissey|Blissey, F|100/100
|
|-weather|none
|upkeep
|turn|7
|
|t:|1779931042
|switch|p2a: Corviknight|Corviknight, M|100/100
|-ability|p2a: Corviknight|Pressure
|move|p1a: Excadrill|Rapid Spin|p2a: Corviknight
|-resisted|p2a: Corviknight
|-damage|p2a: Corviknight|94/100
|-boost|p1a: Excadrill|spe|1
|-sideend|p1: just.mr.himself|Spikes|[from] move: Rapid Spin|[of] p1a: Excadrill
|
|upkeep
|turn|8
|
|t:|1779931052
|switch|p1a: Zapdos|Zapdos|88/100
|move|p2a: Corviknight|Body Press|p1a: Zapdos
|-resisted|p1a: Zapdos
|-damage|p1a: Zapdos|80/100
|
|upkeep
|turn|9
|
|t:|1779931058
|switch|p2a: Blissey|Blissey, F|100/100
|move|p1a: Zapdos|Heat Wave|p2a: Blissey
|-damage|p2a: Blissey|92/100
|
|upkeep
|turn|10
|
|t:|1779931067
|move|p1a: Zapdos|Volt Switch|p2a: Blissey
|-damage|p2a: Blissey|84/100
|
|t:|1779931071
|switch|p1a: Garganacl|Garganacl, M|100/100|[from] Volt Switch
|move|p2a: Blissey|Stealth Rock|p1a: Garganacl
|-sidestart|p1: just.mr.himself|move: Stealth Rock
|
|upkeep
|turn|11
|
|t:|1779931078
|switch|p2a: Walking Wake|Walking Wake|100/100
|move|p1a: Garganacl|Salt Cure|p2a: Walking Wake
|-damage|p2a: Walking Wake|86/100
|-start|p2a: Walking Wake|Salt Cure
|
|-damage|p2a: Walking Wake|62/100|[from] Salt Cure
|upkeep
|turn|12
|
|t:|1779931088
|move|p1a: Garganacl|Protect|p1a: Garganacl
|-singleturn|p1a: Garganacl|Protect
|move|p2a: Walking Wake|Surf|p1a: Garganacl
|-activate|p1a: Garganacl|move: Protect
|
|-damage|p2a: Walking Wake|37/100|[from] Salt Cure
|upkeep
|turn|13
|
|t:|1779931117
|switch|p1a: Tyranitar|Tyranitar, F|21/100
|-damage|p1a: Tyranitar|9/100|[from] Stealth Rock
|-weather|Sandstorm|[from] ability: Sand Stream|[of] p1a: Tyranitar
|move|p2a: Walking Wake|Surf|p1a: Tyranitar
|-supereffective|p1a: Tyranitar
|-damage|p1a: Tyranitar|0 fnt
|faint|p1a: Tyranitar
|
|-weather|Sandstorm|[upkeep]
|-damage|p2a: Walking Wake|31/100|[from] Sandstorm
|-damage|p2a: Walking Wake|6/100|[from] Salt Cure
|upkeep
|inactive|just.mr.himself has 120 seconds left.
|
|t:|1779931151
|switch|p1a: Excadrill|Excadrill, M|100/100
|-damage|p1a: Excadrill|97/100|[from] Stealth Rock
|-item|p1a: Excadrill|Air Balloon
|turn|14
|
|t:|1779931159
|-end|p2a: Walking Wake|Protosynthesis|[silent]
|switch|p2a: Pecharunt|Pecharunt|100/100
|move|p1a: Excadrill|Rapid Spin|p2a: Pecharunt
|-immune|p2a: Pecharunt
|
|-weather|Sandstorm|[upkeep]
|-damage|p2a: Pecharunt|94/100|[from] Sandstorm
|upkeep
|turn|15
|
|t:|1779931165
|move|p1a: Excadrill|Earthquake|p2a: Pecharunt
|-supereffective|p2a: Pecharunt
|-damage|p2a: Pecharunt|42/100
|move|p2a: Pecharunt|Foul Play|p1a: Excadrill
|-damage|p1a: Excadrill|45/100
|-enditem|p1a: Excadrill|Air Balloon
|
|-weather|Sandstorm|[upkeep]
|-damage|p2a: Pecharunt|36/100|[from] Sandstorm
|upkeep
|turn|16
|
|t:|1779931180
|move|p1a: Excadrill|Rapid Spin|p2a: Pecharunt
|-immune|p2a: Pecharunt
|move|p2a: Pecharunt|Foul Play|p1a: Excadrill
|-damage|p1a: Excadrill|0 fnt
|faint|p1a: Excadrill
|
|-weather|Sandstorm|[upkeep]
|-damage|p2a: Pecharunt|30/100|[from] Sandstorm
|upkeep
|inactive|just.mr.himself has 120 seconds left.
|
|t:|1779931200
|switch|p1a: Greninja|Greninja, M|100/100
|-damage|p1a: Greninja|88/100|[from] Stealth Rock
|turn|17
|
|t:|1779931208
|move|p1a: Greninja|Switcheroo|p2a: Pecharunt
|-start|p1a: Greninja|typechange|Dark|[from] ability: Protean
|-activate|p1a: Greninja|move: Trick|[of] p2a: Pecharunt
|-item|p2a: Pecharunt|Choice Scarf|[from] move: Switcheroo
|-item|p1a: Greninja|Heavy-Duty Boots|[from] move: Switcheroo
|move|p2a: Pecharunt|Recover|p2a: Pecharunt
|-heal|p2a: Pecharunt|80/100
|
|-weather|none
|upkeep
|turn|18
|inactive|just.mr.himself has 120 seconds left.
|
|t:|1779931228
|switch|p2a: Walking Wake|Walking Wake|6/100
|move|p1a: Greninja|Dark Pulse|p2a: Walking Wake
|-damage|p2a: Walking Wake|0 fnt
|faint|p2a: Walking Wake
|-end|p2a: Walking Wake|Protosynthesis|[silent]
|
|upkeep
|
|t:|1779931241
|switch|p2a: Gliscor|Gliscor, F|48/100 tox
|turn|19
|
|t:|1779931254
|move|p1a: Greninja|Ice Beam|p2a: Gliscor
|-supereffective|p2a: Gliscor
|-crit|p2a: Gliscor
|-damage|p2a: Gliscor|0 fnt
|faint|p2a: Gliscor
|
|upkeep
|
|t:|1779931266
|switch|p2a: Blissey|Blissey, F|84/100
|turn|20
|inactive|just.mr.himself has 120 seconds left.
|
|t:|1779931296
|switch|p1a: Garganacl|Garganacl, M|100/100
|-damage|p1a: Garganacl|88/100|[from] Stealth Rock
|move|p2a: Blissey|Seismic Toss|p1a: Garganacl
|-damage|p1a: Garganacl|63/100
|
|-heal|p1a: Garganacl|70/100|[from] item: Leftovers
|upkeep
|turn|21
|
|t:|1779931304
|move|p2a: Blissey|Seismic Toss|p1a: Garganacl
|-damage|p1a: Garganacl|45/100
|move|p1a: Garganacl|Salt Cure|p2a: Blissey
|-damage|p2a: Blissey|71/100
|-start|p2a: Blissey|Salt Cure
|
|-heal|p1a: Garganacl|51/100|[from] item: Leftovers
|-damage|p2a: Blissey|58/100|[from] Salt Cure
|upkeep
|turn|22
|inactive|just.mr.himself has 120 seconds left.
|inactive|npctypebeat has 120 seconds left.
|inactive|just.mr.himself has 90 seconds left.
|
|t:|1779931358
|switch|p1a: Zapdos|Zapdos|80/100
|move|p2a: Blissey|Calm Mind|p2a: Blissey
|-boost|p2a: Blissey|spa|1
|-boost|p2a: Blissey|spd|1
|
|-damage|p2a: Blissey|46/100|[from] Salt Cure
|upkeep
|turn|23
|inactive|npctypebeat has 120 seconds left.
|
|t:|1779931374
|move|p1a: Zapdos|Volt Switch|p2a: Blissey
|-damage|p2a: Blissey|40/100
|
|t:|1779931378
|switch|p1a: Garganacl|Garganacl, M|51/100|[from] Volt Switch
|-damage|p1a: Garganacl|39/100|[from] Stealth Rock
|move|p2a: Blissey|Soft-Boiled|p2a: Blissey
|-heal|p2a: Blissey|90/100
|
|-heal|p1a: Garganacl|45/100|[from] item: Leftovers
|-damage|p2a: Blissey|77/100|[from] Salt Cure
|upkeep
|turn|24
|
|t:|1779931387
|move|p1a: Garganacl|Protect|p1a: Garganacl
|-singleturn|p1a: Garganacl|Protect
|move|p2a: Blissey|Calm Mind|p2a: Blissey
|-boost|p2a: Blissey|spa|1
|-boost|p2a: Blissey|spd|1
|
|-heal|p1a: Garganacl|51/100|[from] item: Leftovers
|-damage|p2a: Blissey|65/100|[from] Salt Cure
|upkeep
|turn|25
|
|t:|1779931400
|move|p2a: Blissey|Seismic Toss|p1a: Garganacl
|-damage|p1a: Garganacl|26/100
|move|p1a: Garganacl|Body Press|p2a: Blissey
|-supereffective|p2a: Blissey
|-damage|p2a: Blissey|14/100
|
|-heal|p1a: Garganacl|32/100|[from] item: Leftovers
|-damage|p2a: Blissey|1/100|[from] Salt Cure
|upkeep
|turn|26
|inactive|just.mr.himself has 120 seconds left.
|inactive|npctypebeat has 120 seconds left.
|
|t:|1779931427
|move|p1a: Garganacl|Protect|p1a: Garganacl
|-singleturn|p1a: Garganacl|Protect
|move|p2a: Blissey|Soft-Boiled|p2a: Blissey
|-heal|p2a: Blissey|51/100
|
|-heal|p1a: Garganacl|39/100|[from] item: Leftovers
|-damage|p2a: Blissey|39/100|[from] Salt Cure
|upkeep
|turn|27
|inactive|npctypebeat has 120 seconds left.
|
|t:|1779931448
|switch|p2a: Ogerpon|Ogerpon, F|100/100
|move|p1a: Garganacl|Body Press|p2a: Ogerpon
|-damage|p2a: Ogerpon|68/100
|
|-heal|p1a: Garganacl|45/100|[from] item: Leftovers
|upkeep
|turn|28
|inactive|just.mr.himself has 120 seconds left.
|
|t:|1779931477
|-terastallize|p1a: Garganacl|Ghost
|move|p2a: Ogerpon|Ivy Cudgel|p1a: Garganacl
|-damage|p1a: Garganacl|10/100
|move|p1a: Garganacl|Salt Cure|p2a: Ogerpon
|-damage|p2a: Ogerpon|51/100
|-start|p2a: Ogerpon|Salt Cure
|
|-heal|p1a: Garganacl|16/100|[from] item: Leftovers
|-damage|p2a: Ogerpon|39/100|[from] Salt Cure
|upkeep
|turn|29
|
|t:|1779931488
|move|p1a: Garganacl|Protect|p1a: Garganacl
|-singleturn|p1a: Garganacl|Protect
|move|p2a: Ogerpon|Ivy Cudgel|p1a: Garganacl
|-activate|p1a: Garganacl|move: Protect
|
|-heal|p1a: Garganacl|22/100|[from] item: Leftovers
|-damage|p2a: Ogerpon|27/100|[from] Salt Cure
|upkeep
|turn|30
|
|t:|1779931501
|switch|p1a: Zapdos|Zapdos|80/100
|move|p2a: Ogerpon|Ivy Cudgel|p1a: Zapdos
|-resisted|p1a: Zapdos
|-damage|p1a: Zapdos|61/100
|
|-damage|p2a: Ogerpon|14/100|[from] Salt Cure
|upkeep
|turn|31
|inactive|npctypebeat has 120 seconds left.
|
|t:|1779931517
|switch|p2a: Blissey|Blissey, F|39/100
|move|p1a: Zapdos|Volt Switch|p2a: Blissey
|-damage|p2a: Blissey|30/100
|
|t:|1779931528
|switch|p1a: Garganacl|Garganacl, M, tera:Ghost|22/100|[from] Volt Switch
|-damage|p1a: Garganacl|10/100|[from] Stealth Rock
|
|-heal|p1a: Garganacl|16/100|[from] item: Leftovers
|upkeep
|turn|32
|inactive|npctypebeat has 120 seconds left.
|
|t:|1779931541
|move|p2a: Blissey|Soft-Boiled|p2a: Blissey
|-heal|p2a: Blissey|80/100
|move|p1a: Garganacl|Stealth Rock|p2a: Blissey
|-sidestart|p2: npctypebeat|move: Stealth Rock
|
|-heal|p1a: Garganacl|22/100|[from] item: Leftovers
|upkeep
|turn|33
|inactive|npctypebeat has 120 seconds left.
|
|t:|1779931571
|switch|p2a: Pecharunt|Pecharunt|80/100
|-damage|p2a: Pecharunt|67/100|[from] Stealth Rock
|move|p1a: Garganacl|Salt Cure|p2a: Pecharunt
|-damage|p2a: Pecharunt|60/100
|-start|p2a: Pecharunt|Salt Cure
|
|-heal|p1a: Garganacl|28/100|[from] item: Leftovers
|-damage|p2a: Pecharunt|48/100|[from] Salt Cure
|upkeep
|turn|34
|inactive|just.mr.himself has 120 seconds left.
|inactive|npctypebeat has 90 seconds left.
|
|t:|1779931596
|move|p1a: Garganacl|Protect|p1a: Garganacl
|-singleturn|p1a: Garganacl|Protect
|move|p2a: Pecharunt|Foul Play|p1a: Garganacl
|-activate|p1a: Garganacl|move: Protect
|
|-heal|p1a: Garganacl|35/100|[from] item: Leftovers
|-damage|p2a: Pecharunt|35/100|[from] Salt Cure
|upkeep
|turn|35
|inactive|just.mr.himself has 120 seconds left.
|
|t:|1779931613
|switch|p1a: Zapdos|Zapdos|61/100
|move|p2a: Pecharunt|Foul Play|p1a: Zapdos
|-damage|p1a: Zapdos|49/100
|-status|p2a: Pecharunt|par|[from] ability: Static|[of] p1a: Zapdos
|
|-damage|p2a: Pecharunt|23/100 par|[from] Salt Cure
|upkeep
|turn|36
|
|t:|1779931626
|switch|p2a: Blissey|Blissey, F|80/100
|move|p1a: Zapdos|Roost|p1a: Zapdos
|-heal|p1a: Zapdos|99/100
|-singleturn|p1a: Zapdos|move: Roost
|
|upkeep
|turn|37
|
|t:|1779931638
|move|p1a: Zapdos|Volt Switch|p2a: Blissey
|-damage|p2a: Blissey|71/100
|
|t:|1779931641
|switch|p1a: Garganacl|Garganacl, M, tera:Ghost|35/100|[from] Volt Switch
|-damage|p1a: Garganacl|22/100|[from] Stealth Rock
|move|p2a: Blissey|Calm Mind|p2a: Blissey
|-boost|p2a: Blissey|spa|1
|-boost|p2a: Blissey|spd|1
|
|-heal|p1a: Garganacl|28/100|[from] item: Leftovers
|upkeep
|turn|38
|
|t:|1779931648
|move|p2a: Blissey|Soft-Boiled|p2a: Blissey
|-heal|p2a: Blissey|100/100
|move|p1a: Garganacl|Body Press|p2a: Blissey
|-supereffective|p2a: Blissey
|-damage|p2a: Blissey|52/100
|
|-heal|p1a: Garganacl|35/100|[from] item: Leftovers
|upkeep
|turn|39
|
|t:|1779931665
|switch|p2a: Pecharunt|Pecharunt|23/100 par
|-damage|p2a: Pecharunt|11/100 par|[from] Stealth Rock
|move|p1a: Garganacl|Salt Cure|p2a: Pecharunt
|-damage|p2a: Pecharunt|4/100 par
|-start|p2a: Pecharunt|Salt Cure
|
|-heal|p1a: Garganacl|41/100|[from] item: Leftovers
|-damage|p2a: Pecharunt|0 fnt|[from] Salt Cure
|faint|p2a: Pecharunt
|upkeep
|
|t:|1779931680
|switch|p2a: Ogerpon|Ogerpon, F|14/100
|turn|40
|inactive|npctypebeat has 90 seconds left.
|
|t:|1779931695
|move|p1a: Garganacl|Protect|p1a: Garganacl
|-singleturn|p1a: Garganacl|Protect
|move|p2a: Ogerpon|Ivy Cudgel|p1a: Garganacl
|-activate|p1a: Garganacl|move: Protect
|
|-heal|p1a: Garganacl|47/100|[from] item: Leftovers
|upkeep
|turn|41
|inactive|npctypebeat has 90 seconds left.
|
|t:|1779931711
|switch|p1a: Zapdos|Zapdos|99/100
|move|p2a: Ogerpon|Ivy Cudgel|p1a: Zapdos
|-resisted|p1a: Zapdos
|-damage|p1a: Zapdos|83/100
|
|upkeep
|turn|42
|inactive|npctypebeat has 90 seconds left.
|
|t:|1779931727
|move|p2a: Ogerpon|U-turn|p1a: Zapdos
|-resisted|p1a: Zapdos
|-damage|p1a: Zapdos|75/100
|
|t:|1779931750
|switch|p2a: Blissey|Blissey, F|52/100|[from] U-turn
|move|p1a: Zapdos|Volt Switch|p2a: Blissey
|-damage|p2a: Blissey|43/100
|
|t:|1779931764
|switch|p1a: Garganacl|Garganacl, M, tera:Ghost|47/100|[from] Volt Switch
|-damage|p1a: Garganacl|35/100|[from] Stealth Rock
|
|-heal|p1a: Garganacl|41/100|[from] item: Leftovers
|upkeep
|turn|43
|
|t:|1779931779
|move|p2a: Blissey|Soft-Boiled|p2a: Blissey
|-heal|p2a: Blissey|93/100
|move|p1a: Garganacl|Body Press|p2a: Blissey
|-supereffective|p2a: Blissey
|-damage|p2a: Blissey|47/100
|
|-heal|p1a: Garganacl|47/100|[from] item: Leftovers
|upkeep
|turn|44
|inactive|npctypebeat has 60 seconds left.
|
|t:|1779931805
|switch|p2a: Corviknight|Corviknight, M|94/100
|-ability|p2a: Corviknight|Pressure
|move|p1a: Garganacl|Body Press|p2a: Corviknight
|-damage|p2a: Corviknight|79/100
|
|-heal|p1a: Garganacl|53/100|[from] item: Leftovers
|upkeep
|turn|45
|inactive|npctypebeat has 60 seconds left.
|
|t:|1779931826
|move|p2a: Corviknight|U-turn|p1a: Garganacl
|-resisted|p1a: Garganacl
|-damage|p1a: Garganacl|49/100
|
|t:|1779931843
|switch|p2a: Blissey|Blissey, F|47/100|[from] U-turn
|move|p1a: Garganacl|Salt Cure|p2a: Blissey
|-damage|p2a: Blissey|33/100
|-start|p2a: Blissey|Salt Cure
|
|-heal|p1a: Garganacl|55/100|[from] item: Leftovers
|-damage|p2a: Blissey|20/100|[from] Salt Cure
|upkeep
|turn|46
|
|t:|1779931852
|switch|p2a: Corviknight|Corviknight, M|79/100
|-ability|p2a: Corviknight|Pressure
|move|p1a: Garganacl|Body Press|p2a: Corviknight
|-damage|p2a: Corviknight|64/100
|
|-heal|p1a: Garganacl|61/100|[from] item: Leftovers
|upkeep
|turn|47
|
|t:|1779931860
|move|p2a: Corviknight|Roost|p2a: Corviknight
|-heal|p2a: Corviknight|100/100
|-singleturn|p2a: Corviknight|move: Roost
|move|p1a: Garganacl|Salt Cure|p2a: Corviknight
|-resisted|p2a: Corviknight
|-damage|p2a: Corviknight|96/100
|-start|p2a: Corviknight|Salt Cure
|
|-heal|p1a: Garganacl|67/100|[from] item: Leftovers
|-damage|p2a: Corviknight|71/100|[from] Salt Cure
|upkeep
|turn|48
|
|t:|1779931867
|move|p2a: Corviknight|U-turn|p1a: Garganacl
|-resisted|p1a: Garganacl
|-damage|p1a: Garganacl|62/100
|
|t:|1779931872
|switch|p2a: Blissey|Blissey, F|20/100|[from] U-turn
|move|p1a: Garganacl|Salt Cure|p2a: Blissey
|-damage|p2a: Blissey|5/100
|-start|p2a: Blissey|Salt Cure
|
|-heal|p1a: Garganacl|69/100|[from] item: Leftovers
|-damage|p2a: Blissey|0 fnt|[from] Salt Cure
|faint|p2a: Blissey
|upkeep
|
|t:|1779931879
|switch|p2a: Corviknight|Corviknight, M|71/100
|-ability|p2a: Corviknight|Pressure
|turn|49
|
|t:|1779931888
|switch|p1a: Zapdos|Zapdos|75/100
|move|p2a: Corviknight|Roost|p2a: Corviknight
|-heal|p2a: Corviknight|100/100
|-singleturn|p2a: Corviknight|move: Roost
|
|upkeep
|turn|50
|inactive|npctypebeat has 60 seconds left.
|
|t:|1779931897
|move|p1a: Zapdos|Volt Switch|p2a: Corviknight
|-supereffective|p2a: Corviknight
|-damage|p2a: Corviknight|39/100
|
|t:|1779931900
|switch|p1a: Greninja|Greninja, M|88/100|[from] Volt Switch
|move|p2a: Corviknight|U-turn|p1a: Greninja
|-supereffective|p1a: Greninja
|-damage|p1a: Greninja|43/100
|inactive|npctypebeat has 60 seconds left.
|
|t:|1779931917
|switch|p2a: Ogerpon|Ogerpon, F|14/100|[from] U-turn
|
|upkeep
|turn|51
|inactive|npctypebeat has 60 seconds left.
|
|t:|1779931935
|move|p1a: Greninja|Dark Pulse|p2a: Ogerpon
|-start|p1a: Greninja|typechange|Dark|[from] ability: Protean
|-damage|p2a: Ogerpon|0 fnt
|faint|p2a: Ogerpon
|
|upkeep
|c|☆just.mr.himself|gg
|
|t:|1779931952
|switch|p2a: Corviknight|Corviknight, M|39/100
|-ability|p2a: Corviknight|Pressure
|turn|52
|
|t:|1779931957
|move|p1a: Greninja|Dark Pulse|p2a: Corviknight
|-damage|p2a: Corviknight|4/100
|move|p2a: Corviknight|Body Press|p1a: Greninja
|-supereffective|p1a: Greninja
|-damage|p1a: Greninja|0 fnt
|faint|p1a: Greninja
|
|upkeep
|
|t:|1779931961
|switch|p1a: Iron Valiant|Iron Valiant, shiny|100/100
|-damage|p1a: Iron Valiant|94/100|[from] Stealth Rock
|-enditem|p1a: Iron Valiant|Booster Energy
|-activate|p1a: Iron Valiant|ability: Quark Drive|[fromitem]
|-start|p1a: Iron Valiant|quarkdrivespe
|turn|53
|
|t:|1779931965
|move|p1a: Iron Valiant|Shadow Ball|p2a: Corviknight
|-damage|p2a: Corviknight|0 fnt
|faint|p2a: Corviknight
|
|win|just.mr.himself
|raw|just.mr.himself's rating: 1216 &rarr; <strong>1238</strong><br />(+22 for winning)
|raw|npctypebeat's rating: 1178 &rarr; <strong>1156</strong><br />(-22 for losing)
|c|☆npctypebeat|gg
|l|☆just.mr.himself
|player|p1|
