|j|☆Cantarope
|j|☆Mothnimon
|t:|1779915280
|gametype|singles
|player|p1|Cantarope|kieran|1555
|player|p2|Mothnimon|dawn|1480
|gen|9
|tier|[Gen 9] OU
|rated|
|rule|HP Percentage Mod: HP is shown in percentages
|rule|Endless Battle Clause: Forcing endless battles is banned
|rule|Species Clause: Limit one of each Pokémon
|rule|OHKO Clause: OHKO moves are banned
|rule|Evasion Items Clause: Evasion items are banned
|rule|Evasion Moves Clause: Evasion moves are banned
|rule|Evasion Abilities Clause: Evasion abilities are banned
|rule|Sleep Moves Clause: Sleep-inducing moves are banned
|clearpoke
|poke|p1|Muk-Alola, F|
|poke|p1|Corviknight, M|
|poke|p1|Darkrai|
|poke|p1|Enamorus, F|
|poke|p1|Ogerpon-Wellspring, F|
|poke|p1|Cinderace, F|
|poke|p2|Venusaur, F|
|poke|p2|Kingambit, M|
|poke|p2|Alomomola, F|
|poke|p2|Iron Moth|
|poke|p2|Hatterene, F|
|poke|p2|Dragapult, M|
|teampreview
|inactive|Battle timer is ON: inactive players will automatically lose when time's up. (requested by Cantarope)
|c|☆Cantarope|glhf
|
|t:|1779915295
|teamsize|p1|6
|teamsize|p2|6
|start
|switch|p1a: Me Ne Sbatto G!|Muk-Alola, F, shiny|100/100
|switch|p2a: Hattington|Hatterene, F|100/100
|turn|1
|
|t:|1779915305
|move|p1a: Me Ne Sbatto G!|Drain Punch|p2a: Hattington
|-resisted|p2a: Hattington
|-damage|p2a: Hattington|96/100
|-status|p2a: Hattington|psn|[from] ability: Poison Touch|[of] p1a: Me Ne Sbatto G!
|move|p2a: Hattington|Nuzzle|p1a: Me Ne Sbatto G!
|-damage|p1a: Me Ne Sbatto G!|97/100
|-status|p1a: Me Ne Sbatto G!|par
|
|-heal|p2a: Hattington|100/100 psn|[from] item: Leftovers
|-damage|p2a: Hattington|88/100 psn|[from] psn
|upkeep
|turn|2
|
|t:|1779915322
|switch|p2a: Fishy Face|Alomomola, F|100/100
|move|p1a: Me Ne Sbatto G!|Poison Jab|p2a: Fishy Face
|-damage|p2a: Fishy Face|69/100
|-status|p2a: Fishy Face|psn
|
|-damage|p2a: Fishy Face|56/100 psn|[from] psn
|upkeep
|turn|3
|
|t:|1779915329
|move|p2a: Fishy Face|Flip Turn|p1a: Me Ne Sbatto G!
|-damage|p1a: Me Ne Sbatto G!|79/100 par
|
|t:|1779915334
|switch|p2a: Solar Panel|Iron Moth|100/100|[from] Flip Turn
|-enditem|p2a: Solar Panel|Booster Energy
|-activate|p2a: Solar Panel|ability: Quark Drive|[fromitem]
|-start|p2a: Solar Panel|quarkdrivespa
|cant|p1a: Me Ne Sbatto G!|par
|
|upkeep
|turn|4
|
|t:|1779915353
|move|p2a: Solar Panel|Agility|p2a: Solar Panel
|-boost|p2a: Solar Panel|spe|2
|move|p1a: Me Ne Sbatto G!|Ice Punch|p2a: Solar Panel
|-resisted|p2a: Solar Panel
|-damage|p2a: Solar Panel|80/100
|
|upkeep
|turn|5
|
|t:|1779915365
|move|p2a: Solar Panel|Fiery Dance|p1a: Me Ne Sbatto G!
|-damage|p1a: Me Ne Sbatto G!|45/100 par
|-boost|p2a: Solar Panel|spa|1
|move|p1a: Me Ne Sbatto G!|Ice Punch|p2a: Solar Panel
|-resisted|p2a: Solar Panel
|-damage|p2a: Solar Panel|59/100
|
|upkeep
|turn|6
|
|t:|1779915373
|move|p2a: Solar Panel|Fiery Dance|p1a: Me Ne Sbatto G!
|-damage|p1a: Me Ne Sbatto G!|0 fnt
|faint|p1a: Me Ne Sbatto G!
|
|upkeep
|
|t:|1779915397
|switch|p1a: Enamorus|Enamorus, F|100/100
|turn|7
|
|t:|1779915400
|move|p2a: Solar Panel|Sludge Wave|p1a: Enamorus
|-supereffective|p1a: Enamorus
|-damage|p1a: Enamorus|0 fnt
|faint|p1a: Enamorus
|
|upkeep
|
|t:|1779915411
|switch|p1a: Ogerpon|Ogerpon-Wellspring, F|100/100
|turn|8
|
|t:|1779915413
|-terastallize|p1a: Ogerpon|Water
|detailschange|p1a: Ogerpon|Ogerpon-Wellspring-Tera, F, tera:Water
|-ability|p1a: Ogerpon|Embody Aspect (Wellspring)|boost
|-boost|p1a: Ogerpon|spd|1
|move|p2a: Solar Panel|Sludge Wave|p1a: Ogerpon
|-damage|p1a: Ogerpon|13/100
|move|p1a: Ogerpon|Ivy Cudgel|p2a: Solar Panel|[anim] Ivy Cudgel Water
|-supereffective|p2a: Solar Panel
|-damage|p2a: Solar Panel|0 fnt
|faint|p2a: Solar Panel
|-end|p2a: Solar Panel|Quark Drive|[silent]
|
|upkeep
|
|t:|1779915423
|switch|p2a: Jet|Dragapult, M|100/100
|turn|9
|
|t:|1779915426
|switch|p1a: Corviknight|Corviknight, M|100/100
|-ability|p1a: Corviknight|Pressure
|move|p2a: Jet|U-turn|p1a: Corviknight
|-resisted|p1a: Corviknight
|-damage|p1a: Corviknight|98/100
|-damage|p2a: Jet|84/100|[from] item: Rocky Helmet|[of] p1a: Corviknight
|
|t:|1779915434
|switch|p2a: Hattington|Hatterene, F|88/100 psn|[from] U-turn
|
|-heal|p2a: Hattington|94/100 psn|[from] item: Leftovers
|-damage|p2a: Hattington|82/100 psn|[from] psn
|upkeep
|turn|10
|
|t:|1779915455
|move|p1a: Corviknight|Body Press|p2a: Hattington
|-resisted|p2a: Hattington
|-damage|p2a: Hattington|77/100 psn
|move|p2a: Hattington|Nuzzle|p1a: Corviknight
|-supereffective|p1a: Corviknight
|-damage|p1a: Corviknight|94/100
|-status|p1a: Corviknight|par
|-damage|p2a: Hattington|60/100 psn|[from] item: Rocky Helmet|[of] p1a: Corviknight
|
|-heal|p2a: Hattington|66/100 psn|[from] item: Leftovers
|-damage|p2a: Hattington|54/100 psn|[from] psn
|upkeep
|turn|11
|
|t:|1779915467
|move|p2a: Hattington|Pain Split|p1a: Corviknight
|-sethp|p1a: Corviknight|68/100 par|[from] move: Pain Split|[silent]
|-sethp|p2a: Hattington|86/100 psn|[from] move: Pain Split
|move|p1a: Corviknight|Body Press|p2a: Hattington
|-resisted|p2a: Hattington
|-damage|p2a: Hattington|81/100 psn
|
|-heal|p2a: Hattington|87/100 psn|[from] item: Leftovers
|-damage|p2a: Hattington|75/100 psn|[from] psn
|upkeep
|turn|12
|
|t:|1779915474
|switch|p2a: Fishy Face|Alomomola, F|90/100 psn
|move|p1a: Corviknight|Body Press|p2a: Fishy Face
|-damage|p2a: Fishy Face|70/100 psn
|
|-damage|p2a: Fishy Face|58/100 psn|[from] psn
|upkeep
|turn|13
|
|t:|1779915484
|switch|p2a: Jet|Dragapult, M|84/100
|switch|p1a: Ogerpon|Ogerpon-Wellspring-Tera, F, tera:Water|13/100
|-ability|p1a: Ogerpon|Embody Aspect (Wellspring)|boost
|-boost|p1a: Ogerpon|spd|1
|
|upkeep
|turn|14
|
|t:|1779915491
|switch|p1a: Corviknight|Corviknight, M|68/100 par
|-ability|p1a: Corviknight|Pressure
|move|p2a: Jet|Hex|p1a: Corviknight
|-damage|p1a: Corviknight|0 fnt
|faint|p1a: Corviknight
|
|upkeep
|
|t:|1779915503
|switch|p1a: Cinderace|Cinderace, F|100/100
|turn|15
|
|t:|1779915508
|switch|p2a: Hattington|Hatterene, F|75/100 psn
|move|p1a: Cinderace|U-turn|p2a: Hattington
|-start|p1a: Cinderace|typechange|Bug|[from] ability: Libero
|-damage|p2a: Hattington|47/100 psn
|
|t:|1779915513
|switch|p1a: Ogerpon|Ogerpon-Wellspring-Tera, F, tera:Water|13/100|[from] U-turn
|-ability|p1a: Ogerpon|Embody Aspect (Wellspring)|boost
|-boost|p1a: Ogerpon|spd|1
|
|-heal|p2a: Hattington|53/100 psn|[from] item: Leftovers
|-damage|p2a: Hattington|41/100 psn|[from] psn
|upkeep
|turn|16
|
|t:|1779915520
|move|p1a: Ogerpon|Horn Leech|p2a: Hattington
|-damage|p2a: Hattington|7/100 psn
|-heal|p1a: Ogerpon|30/100|[from] drain|[of] p2a: Hattington
|move|p2a: Hattington|Nuzzle|p1a: Ogerpon
|-supereffective|p1a: Ogerpon
|-damage|p1a: Ogerpon|20/100
|-status|p1a: Ogerpon|par
|
|-heal|p2a: Hattington|13/100 psn|[from] item: Leftovers
|-damage|p2a: Hattington|1/100 psn|[from] psn
|upkeep
|turn|17
|
|t:|1779915531
|move|p1a: Ogerpon|Horn Leech|p2a: Hattington
|-damage|p2a: Hattington|0 fnt
|-heal|p1a: Ogerpon|21/100 par|[from] drain|[of] p2a: Hattington
|faint|p2a: Hattington
|
|upkeep
|
|t:|1779915534
|switch|p2a: Jet|Dragapult, M|84/100
|turn|18
|
|t:|1779915537
|move|p2a: Jet|U-turn|p1a: Ogerpon
|-damage|p1a: Ogerpon|0 fnt
|faint|p1a: Ogerpon
|detailschange|p1: Ogerpon|Ogerpon-Wellspring, F|[silent]
|
|t:|1779915543
|switch|p2a: Warrior King|Kingambit, M|100/100|[from] U-turn
|-activate|p2a: Warrior King|ability: Supreme Overlord
|-start|p2a: Warrior King|fallen2|[silent]
|
|upkeep
|
|t:|1779915559
|switch|p1a: Darkrai|Darkrai|100/100
|turn|19
|
|t:|1779915563
|-end|p2a: Warrior King|fallen2|[silent]
|switch|p2a: Fishy Face|Alomomola, F|91/100 psn
|move|p1a: Darkrai|Focus Blast|p2a: Fishy Face|[miss]
|-miss|p1a: Darkrai|p2a: Fishy Face
|
|-damage|p2a: Fishy Face|79/100 psn|[from] psn
|upkeep
|turn|20
|
|t:|1779915575
|move|p1a: Darkrai|Dark Pulse|p2a: Fishy Face
|-damage|p2a: Fishy Face|50/100 psn
|-damage|p1a: Darkrai|91/100|[from] item: Life Orb
|move|p2a: Fishy Face|Body Slam|p1a: Darkrai
|-damage|p1a: Darkrai|69/100
|
|-damage|p2a: Fishy Face|38/100 psn|[from] psn
|upkeep
|turn|21
|
|t:|1779915586
|move|p1a: Darkrai|Dark Pulse|p2a: Fishy Face
|-damage|p2a: Fishy Face|10/100 psn
|-damage|p1a: Darkrai|59/100|[from] item: Life Orb
|cant|p2a: Fishy Face|flinch
|
|-damage|p2a: Fishy Face|0 fnt|[from] psn
|faint|p2a: Fishy Face
|upkeep
|
|t:|1779915595
|switch|p2a: Jet|Dragapult, M|84/100
|turn|22
|
|t:|1779915600
|move|p2a: Jet|Draco Meteor|p1a: Darkrai
|-damage|p1a: Darkrai|0 fnt
|-unboost|p2a: Jet|spa|2
|faint|p1a: Darkrai
|
|upkeep
|
|t:|1779915602
|switch|p1a: Cinderace|Cinderace, F|100/100
|turn|23
|
|t:|1779915612
|switch|p2a: Grassious|Venusaur, F|100/100
|move|p1a: Cinderace|Gunk Shot|p2a: Grassious
|-start|p1a: Cinderace|typechange|Poison|[from] ability: Libero
|-damage|p2a: Grassious|40/100
|
|-heal|p2a: Grassious|46/100|[from] item: Leftovers
|upkeep
|turn|24
|
|t:|1779915618
|move|p1a: Cinderace|Pyro Ball|p2a: Grassious
|-supereffective|p2a: Grassious
|-damage|p2a: Grassious|0 fnt
|faint|p2a: Grassious
|
|upkeep
|
|t:|1779915623
|switch|p2a: Jet|Dragapult, M|84/100
|turn|25
|
|t:|1779915626
|move|p2a: Jet|Draco Meteor|p1a: Cinderace
|-damage|p1a: Cinderace|0 fnt
|-unboost|p2a: Jet|spa|2
|faint|p1a: Cinderace
|
|win|Mothnimon
|raw|Cantarope's rating: 1555 &rarr; <strong>1531</strong><br />(-24 for losing)
|raw|Mothnimon's rating: 1480 &rarr; <strong>1504</strong><br />(+24 for winning)
|c|☆Cantarope|gg wp
|l|☆Mothnimon
|player|p2|
|l|☆Cantarope
|player|p1|
