|j|☆slowlyfadingaway
|j|☆zxrkawa
|t:|1779894123
|gametype|singles
|player|p1|slowlyfadingaway|veteran|1457
|player|p2|zxrkawa|elesa|1531
|gen|9
|tier|[Gen 9] OU
|rated|
|rule|HP Percentage Mod: HP is shown in percentages
|rule|Endless Battle Clause: Forcing endless battles is banned
|rule|Species Clause: Limit one of each Pokémon
|rule|OHKO Clause: OHKO moves are banned
|rule|Evasion Items Clause: Evasion items are banned
|rule|Evasion Moves Clause: Evasion moves are banned
|rule|Evasion Abilities Clause: Evasion abilities are banned
|rule|Sleep Moves Clause: Sleep-inducing moves are banned
|clearpoke
|poke|p1|Greninja-*, M|
|poke|p1|Forretress, F|
|poke|p1|Samurott-Hisui, F|
|poke|p1|Garchomp, M|
|poke|p1|Scizor, F|
|poke|p1|Diancie|
|poke|p2|Meowscarada, F|
|poke|p2|Pecharunt|
|poke|p2|Enamorus, F|
|poke|p2|Iron Treads|
|poke|p2|Skarmory, M|
|poke|p2|Slowking, M|
|teampreview
|inactive|Battle timer is ON: inactive players will automatically lose when time's up. (requested by zxrkawa)
|inactive|slowlyfadingaway also wants the timer to be on.
|
|t:|1779894134
|teamsize|p1|6
|teamsize|p2|6
|start
|switch|p1a: Samurott|Samurott-Hisui, F|100/100
|switch|p2a: Meowscarada|Meowscarada, F|100/100
|turn|1
|
|t:|1779894141
|switch|p1a: Forretress|Forretress, F|100/100
|move|p2a: Meowscarada|Flower Trick|p1a: Forretress
|-start|p2a: Meowscarada|typechange|Grass|[from] ability: Protean
|-resisted|p1a: Forretress
|-crit|p1a: Forretress
|-damage|p1a: Forretress|91/100
|
|upkeep
|turn|2
|
|t:|1779894145
|switch|p2a: Enamorus|Enamorus, F|100/100
|move|p1a: Forretress|Stealth Rock|p2a: Enamorus
|-sidestart|p2: zxrkawa|move: Stealth Rock
|
|upkeep
|turn|3
|
|t:|1779894148
|move|p2a: Enamorus|Mystical Fire|p1a: Forretress
|-supereffective|p1a: Forretress
|-damage|p1a: Forretress|0 fnt
|faint|p1a: Forretress
|
|upkeep
|
|t:|1779894151
|switch|p1a: Diancie|Diancie|100/100
|turn|4
|
|t:|1779894156
|switch|p2a: Iron Treads|Iron Treads|100/100
|-damage|p2a: Iron Treads|98/100|[from] Stealth Rock
|-terastallize|p1a: Diancie|Dragon
|move|p1a: Diancie|Rock Polish|p1a: Diancie
|-boost|p1a: Diancie|spe|2
|
|-heal|p2a: Iron Treads|100/100|[from] item: Leftovers
|upkeep
|turn|5
|
|t:|1779894163
|move|p1a: Diancie|Earth Power|p2a: Iron Treads
|-supereffective|p2a: Iron Treads
|-damage|p2a: Iron Treads|57/100
|move|p2a: Iron Treads|Rapid Spin|p1a: Diancie
|-damage|p1a: Diancie|89/100
|-boost|p2a: Iron Treads|spe|1
|-sideend|p2: zxrkawa|Stealth Rock|[from] move: Rapid Spin|[of] p2a: Iron Treads
|
|-heal|p2a: Iron Treads|63/100|[from] item: Leftovers
|upkeep
|turn|6
|
|t:|1779894175
|switch|p1a: Scizor|Scizor, F|100/100
|move|p2a: Iron Treads|Knock Off|p1a: Scizor
|-damage|p1a: Scizor|75/100
|-enditem|p1a: Scizor|Focus Sash|[from] move: Knock Off|[of] p2a: Iron Treads
|
|-heal|p2a: Iron Treads|69/100|[from] item: Leftovers
|upkeep
|turn|7
|
|t:|1779894186
|-end|p2a: Iron Treads|Quark Drive|[silent]
|switch|p2a: Pecharunt|Pecharunt|100/100
|move|p1a: Scizor|U-turn|p2a: Pecharunt
|-resisted|p2a: Pecharunt
|-damage|p2a: Pecharunt|96/100
|-damage|p1a: Scizor|59/100|[from] item: Rocky Helmet|[of] p2a: Pecharunt
|
|t:|1779894191
|switch|p1a: Samurott|Samurott-Hisui, F|100/100|[from] U-turn
|
|upkeep
|turn|8
|
|t:|1779894197
|move|p1a: Samurott|Ceaseless Edge|p2a: Pecharunt
|-supereffective|p2a: Pecharunt
|-damage|p2a: Pecharunt|52/100
|-damage|p1a: Samurott|84/100|[from] item: Rocky Helmet|[of] p2a: Pecharunt
|-sidestart|p2: zxrkawa|Spikes
|move|p2a: Pecharunt|Malignant Chain|p1a: Samurott
|-damage|p1a: Samurott|34/100
|-status|p1a: Samurott|tox
|-start|p1a: Samurott|confusion|[from] ability: Poison Puppeteer|[of] p2a: Pecharunt
|
|-damage|p1a: Samurott|27/100 tox|[from] psn
|upkeep
|turn|9
|
|t:|1779894205
|-activate|p1a: Samurott|confusion
|-damage|p1a: Samurott|13/100 tox|[from] confusion
|move|p2a: Pecharunt|Recover|p2a: Pecharunt
|-heal|p2a: Pecharunt|100/100
|
|-damage|p1a: Samurott|0 fnt|[from] psn
|faint|p1a: Samurott
|upkeep
|
|t:|1779894211
|switch|p1a: Garchomp|Garchomp, M|100/100
|turn|10
|
|t:|1779894218
|switch|p1a: Scizor|Scizor, F|59/100
|switch|p2a: Enamorus|Enamorus, F|100/100
|
|upkeep
|turn|11
|
|t:|1779894223
|switch|p2a: Pecharunt|Pecharunt|100/100
|-damage|p2a: Pecharunt|88/100|[from] Spikes
|move|p1a: Scizor|Bullet Punch|p2a: Pecharunt
|-damage|p2a: Pecharunt|71/100
|-damage|p1a: Scizor|42/100|[from] item: Rocky Helmet|[of] p2a: Pecharunt
|
|upkeep
|turn|12
|
|t:|1779894231
|move|p2a: Pecharunt|Parting Shot|p1a: Scizor
|-unboost|p1a: Scizor|atk|1
|-unboost|p1a: Scizor|spa|1
|
|t:|1779894234
|switch|p2a: Skarmory|Skarmory, M|100/100|[from] Parting Shot
|move|p1a: Scizor|U-turn|p2a: Skarmory
|-resisted|p2a: Skarmory
|-damage|p2a: Skarmory|96/100
|
|t:|1779894239
|switch|p1a: Diancie|Diancie, tera:Dragon|89/100|[from] U-turn
|
|upkeep
|turn|13
|
|t:|1779894257
|switch|p2a: Slowking|Slowking, M|100/100
|-damage|p2a: Slowking|88/100|[from] Spikes
|move|p1a: Diancie|Rock Polish|p1a: Diancie
|-boost|p1a: Diancie|spe|2
|
|upkeep
|turn|14
|
|t:|1779894265
|move|p1a: Diancie|Meteor Beam||[still]
|-prepare|p1a: Diancie|Meteor Beam
|-boost|p1a: Diancie|spa|1
|-enditem|p1a: Diancie|Power Herb
|-anim|p1a: Diancie|Meteor Beam|p2a: Slowking
|-damage|p2a: Slowking|49/100
|move|p2a: Slowking|Future Sight|p1a: Diancie
|-start|p2a: Slowking|move: Future Sight
|
|upkeep
|turn|15
|
|t:|1779894276
|move|p1a: Diancie|Meteor Beam||[still]
|-prepare|p1a: Diancie|Meteor Beam
|-boost|p1a: Diancie|spa|1
|move|p2a: Slowking|Psyshock|p1a: Diancie
|-damage|p1a: Diancie|60/100
|
|upkeep
|turn|16
|
|t:|1779894283
|move|p1a: Diancie|Meteor Beam|p2a: Slowking|[from] lockedmove
|-damage|p2a: Slowking|0 fnt
|faint|p2a: Slowking
|
|-end|p1a: Diancie|move: Future Sight
|-damage|p1a: Diancie|12/100
|upkeep
|
|t:|1779894290
|switch|p2a: Enamorus|Enamorus, F|100/100
|turn|17
|c|☆slowlyfadingaway|you got priority?
|
|t:|1779894299
|move|p2a: Enamorus|Moonblast|p1a: Diancie
|-supereffective|p1a: Diancie
|-damage|p1a: Diancie|0 fnt
|faint|p1a: Diancie
|
|upkeep
|
|t:|1779894305
|switch|p1a: Scizor|Scizor, F|42/100
|turn|18
|
|t:|1779894308
|switch|p2a: Pecharunt|Pecharunt|71/100
|-damage|p2a: Pecharunt|59/100|[from] Spikes
|move|p1a: Scizor|Bullet Punch|p2a: Pecharunt
|-damage|p2a: Pecharunt|43/100
|-damage|p1a: Scizor|26/100|[from] item: Rocky Helmet|[of] p2a: Pecharunt
|
|upkeep
|turn|19
|
|t:|1779894316
|move|p2a: Pecharunt|Recover|p2a: Pecharunt
|-heal|p2a: Pecharunt|93/100
|move|p1a: Scizor|U-turn|p2a: Pecharunt
|-resisted|p2a: Pecharunt
|-damage|p2a: Pecharunt|88/100
|-damage|p1a: Scizor|9/100|[from] item: Rocky Helmet|[of] p2a: Pecharunt
|
|t:|1779894319
|switch|p1a: Greninja|Greninja, M|100/100|[from] U-turn
|
|upkeep
|turn|20
|
|t:|1779894330
|switch|p2a: Iron Treads|Iron Treads|69/100
|-damage|p2a: Iron Treads|56/100|[from] Spikes
|move|p1a: Greninja|Sludge Wave|p2a: Iron Treads
|-immune|p2a: Iron Treads
|
|-heal|p2a: Iron Treads|62/100|[from] item: Leftovers
|upkeep
|turn|21
|
|t:|1779894340
|move|p1a: Greninja|Water Shuriken|p2a: Iron Treads
|-supereffective|p2a: Iron Treads
|-damage|p2a: Iron Treads|51/100
|-supereffective|p2a: Iron Treads
|-crit|p2a: Iron Treads
|-damage|p2a: Iron Treads|32/100
|-supereffective|p2a: Iron Treads
|-damage|p2a: Iron Treads|19/100
|-supereffective|p2a: Iron Treads
|-damage|p2a: Iron Treads|8/100
|-supereffective|p2a: Iron Treads
|-damage|p2a: Iron Treads|0 fnt
|faint|p2a: Iron Treads
|-end|p2a: Iron Treads|Quark Drive|[silent]
|-ability|p1a: Greninja|Battle Bond|boost
|-boost|p1a: Greninja|atk|1
|-boost|p1a: Greninja|spa|1
|-boost|p1a: Greninja|spe|1
|-activate|p1a: Greninja|ability: Battle Bond
|-hitcount|p2: Iron Treads|5
|
|upkeep
|
|t:|1779894361
|switch|p2a: Skarmory|Skarmory, M|96/100
|turn|22
|
|t:|1779894363
|move|p1a: Greninja|Dark Pulse|p2a: Skarmory
|-damage|p2a: Skarmory|21/100
|move|p2a: Skarmory|Body Press|p1a: Greninja
|-supereffective|p1a: Greninja
|-damage|p1a: Greninja|0 fnt
|faint|p1a: Greninja
|
|upkeep
|
|t:|1779894367
|switch|p1a: Garchomp|Garchomp, M|100/100
|turn|23
|
|t:|1779894375
|move|p1a: Garchomp|Fire Fang|p2a: Skarmory
|-supereffective|p2a: Skarmory
|-damage|p2a: Skarmory|0 fnt
|faint|p2a: Skarmory
|
|upkeep
|
|t:|1779894380
|switch|p2a: Enamorus|Enamorus, F|100/100
|turn|24
|
|t:|1779894385
|move|p2a: Enamorus|Moonblast|p1a: Garchomp
|-supereffective|p1a: Garchomp
|-damage|p1a: Garchomp|0 fnt
|faint|p1a: Garchomp
|
|upkeep
|
|t:|1779894388
|switch|p1a: Scizor|Scizor, F|9/100
|turn|25
|
|t:|1779894391
|switch|p2a: Pecharunt|Pecharunt|88/100
|-damage|p2a: Pecharunt|76/100|[from] Spikes
|move|p1a: Scizor|Bullet Punch|p2a: Pecharunt
|-damage|p2a: Pecharunt|58/100
|-damage|p1a: Scizor|0 fnt|[from] item: Rocky Helmet|[of] p2a: Pecharunt
|faint|p1a: Scizor
|
|win|zxrkawa
|raw|slowlyfadingaway's rating: 1457 &rarr; <strong>1441</strong><br />(-16 for losing)
|raw|zxrkawa's rating: 1531 &rarr; <strong>1547</strong><br />(+16 for winning)
|l|☆slowlyfadingaway
|player|p1|
|c|☆zxrkawa|gg
