|j|☆2gundo
|j|☆davespekkie
|t:|1779886259
|gametype|singles
|player|p1|2gundo|doubleteam|1131
|player|p2|davespekkie|102|1164
|gen|9
|tier|[Gen 9] OU
|rated|
|rule|HP Percentage Mod: HP is shown in percentages
|rule|Endless Battle Clause: Forcing endless battles is banned
|rule|Species Clause: Limit one of each Pokémon
|rule|OHKO Clause: OHKO moves are banned
|rule|Evasion Items Clause: Evasion items are banned
|rule|Evasion Moves Clause: Evasion moves are banned
|rule|Evasion Abilities Clause: Evasion abilities are banned
|rule|Sleep Moves Clause: Sleep-inducing moves are banned
|clearpoke
|poke|p1|Politoed, M|
|poke|p1|Dondozo, F|
|poke|p1|Ogerpon-Wellspring, F|
|poke|p1|Raging Bolt|
|poke|p1|Dragonite, F|
|poke|p1|Alomomola, M|
|poke|p2|Rotom-Wash|
|poke|p2|Iron Valiant|
|poke|p2|Landorus-Therian, M|
|poke|p2|Copperajah, F|
|poke|p2|Polteageist|
|poke|p2|Mandibuzz, F|
|teampreview
|
|t:|1779886283
|teamsize|p1|6
|teamsize|p2|6
|start
|switch|p1a: Politoed|Politoed, M|100/100
|switch|p2a: Polteageist|Polteageist|100/100
|-weather|RainDance|[from] ability: Drizzle|[of] p1a: Politoed
|turn|1
|inactive|Battle timer is ON: inactive players will automatically lose when time's up. (requested by davespekkie)
|
|t:|1779886311
|move|p2a: Polteageist|Shell Smash|p2a: Polteageist
|-unboost|p2a: Polteageist|def|1
|-unboost|p2a: Polteageist|spd|1
|-boost|p2a: Polteageist|atk|2
|-boost|p2a: Polteageist|spa|2
|-boost|p2a: Polteageist|spe|2
|-enditem|p2a: Polteageist|White Herb
|-clearnegativeboost|p2a: Polteageist|[silent]
|move|p1a: Politoed|Chilling Water|p2a: Polteageist
|-damage|p2a: Polteageist|64/100
|-unboost|p2a: Polteageist|atk|1
|
|-weather|RainDance|[upkeep]
|upkeep
|turn|2
|
|t:|1779886330
|move|p2a: Polteageist|Giga Drain|p1a: Politoed
|-supereffective|p1a: Politoed
|-damage|p1a: Politoed|13/100
|-heal|p2a: Polteageist|100/100|[from] drain|[of] p1a: Politoed
|move|p1a: Politoed|Chilling Water|p2a: Polteageist
|-damage|p2a: Polteageist|59/100
|-unboost|p2a: Polteageist|atk|1
|
|-weather|RainDance|[upkeep]
|upkeep
|turn|3
|
|t:|1779886354
|switch|p1a: Dragonite|Dragonite, F|100/100
|move|p2a: Polteageist|Giga Drain|p1a: Dragonite
|-resisted|p1a: Dragonite
|-crit|p1a: Dragonite
|-damage|p1a: Dragonite|90/100
|-heal|p2a: Polteageist|66/100|[from] drain|[of] p1a: Dragonite
|
|-weather|RainDance|[upkeep]
|upkeep
|turn|4
|
|t:|1779886371
|move|p2a: Polteageist|Shadow Ball|p1a: Dragonite
|-damage|p1a: Dragonite|0 fnt
|faint|p1a: Dragonite
|
|-weather|RainDance|[upkeep]
|upkeep
|inactive|2gundo has 120 seconds left.
|
|t:|1779886381
|switch|p1a: Raging Bolt|Raging Bolt|100/100
|-enditem|p1a: Raging Bolt|Booster Energy
|-activate|p1a: Raging Bolt|ability: Protosynthesis|[fromitem]
|-start|p1a: Raging Bolt|protosynthesisspa
|turn|5
|inactive|2gundo has 120 seconds left.
|
|t:|1779886397
|move|p1a: Raging Bolt|Thunderclap|p2a: Polteageist
|-damage|p2a: Polteageist|0 fnt
|-start|p1a: Raging Bolt|Disable|Thunderclap|[from] ability: Cursed Body|[of] p2a: Polteageist
|faint|p2a: Polteageist
|
|-weather|RainDance|[upkeep]
|upkeep
|
|t:|1779886408
|switch|p2a: Landorus|Landorus-Therian, M|100/100
|-ability|p2a: Landorus|Intimidate|boost
|-unboost|p1a: Raging Bolt|atk|1
|turn|6
|
|t:|1779886413
|move|p2a: Landorus|Stealth Rock|p1a: Raging Bolt
|-sidestart|p1: 2gundo|move: Stealth Rock
|move|p1a: Raging Bolt|Weather Ball|p2a: Landorus
|-supereffective|p2a: Landorus
|-damage|p2a: Landorus|0 fnt
|faint|p2a: Landorus
|
|-weather|RainDance|[upkeep]
|upkeep
|
|t:|1779886431
|switch|p2a: Iron Valiant|Iron Valiant, shiny|100/100
|-enditem|p2a: Iron Valiant|Booster Energy
|-activate|p2a: Iron Valiant|ability: Quark Drive|[fromitem]
|-start|p2a: Iron Valiant|quarkdrivespe
|turn|7
|
|t:|1779886442
|move|p2a: Iron Valiant|Moonblast|p1a: Raging Bolt
|-supereffective|p1a: Raging Bolt
|-damage|p1a: Raging Bolt|18/100
|-unboost|p1a: Raging Bolt|spa|1
|move|p1a: Raging Bolt|Thunder|p2a: Iron Valiant
|-damage|p2a: Iron Valiant|4/100
|
|-weather|RainDance|[upkeep]
|upkeep
|turn|8
|
|t:|1779886457
|move|p2a: Iron Valiant|Moonblast|p1a: Raging Bolt
|-supereffective|p1a: Raging Bolt
|-damage|p1a: Raging Bolt|0 fnt
|faint|p1a: Raging Bolt
|-end|p1a: Raging Bolt|Protosynthesis|[silent]
|
|-weather|none
|upkeep
|
|t:|1779886463
|switch|p1a: Politoed|Politoed, M|13/100
|-damage|p1a: Politoed|0 fnt|[from] Stealth Rock
|faint|p1a: Politoed
|
|t:|1779886474
|switch|p1a: Dondozo|Dondozo, F|100/100
|-damage|p1a: Dondozo|88/100|[from] Stealth Rock
|turn|9
|
|t:|1779886486
|move|p2a: Iron Valiant|Moonblast|p1a: Dondozo
|-damage|p1a: Dondozo|40/100
|-unboost|p1a: Dondozo|spa|1
|move|p1a: Dondozo|Wave Crash|p2a: Iron Valiant
|-damage|p2a: Iron Valiant|0 fnt
|faint|p2a: Iron Valiant
|-end|p2a: Iron Valiant|Quark Drive|[silent]
|-damage|p1a: Dondozo|39/100|[from] Recoil
|
|-heal|p1a: Dondozo|45/100|[from] item: Leftovers
|upkeep
|
|t:|1779886499
|switch|p2a: Rotom|Rotom-Wash|100/100
|turn|10
|
|t:|1779886509
|move|p2a: Rotom|Will-O-Wisp|p1a: Dondozo
|-status|p1a: Dondozo|brn
|move|p1a: Dondozo|Rest|p1a: Dondozo
|-status|p1a: Dondozo|slp|[from] move: Rest
|-heal|p1a: Dondozo|100/100 slp|[silent]
|
|upkeep
|turn|11
|
|t:|1779886524
|switch|p1a: Ogerpon|Ogerpon-Wellspring, F|100/100
|-damage|p1a: Ogerpon|88/100|[from] Stealth Rock
|move|p2a: Rotom|Volt Switch|p1a: Ogerpon
|-damage|p1a: Ogerpon|60/100
|
|t:|1779886534
|switch|p2a: Mandibuzz|Mandibuzz, F|100/100|[from] Volt Switch
|
|upkeep
|turn|12
|
|t:|1779886546
|move|p1a: Ogerpon|Play Rough|p2a: Mandibuzz
|-supereffective|p2a: Mandibuzz
|-damage|p2a: Mandibuzz|64/100
|move|p2a: Mandibuzz|Foul Play|p1a: Ogerpon
|-damage|p1a: Ogerpon|4/100
|
|upkeep
|turn|13
|
|t:|1779886555
|move|p1a: Ogerpon|Spiky Shield|p1a: Ogerpon
|-singleturn|p1a: Ogerpon|move: Protect
|move|p2a: Mandibuzz|U-turn|p1a: Ogerpon
|-activate|p1a: Ogerpon|move: Protect
|-damage|p2a: Mandibuzz|51/100|[from] Spiky Shield|[of] p1a: Ogerpon
|
|upkeep
|turn|14
|
|t:|1779886564
|move|p1a: Ogerpon|Ivy Cudgel|p2a: Mandibuzz|[anim] Ivy Cudgel Water
|-damage|p2a: Mandibuzz|17/100
|move|p2a: Mandibuzz|U-turn|p1a: Ogerpon
|-supereffective|p1a: Ogerpon
|-damage|p1a: Ogerpon|0 fnt
|faint|p1a: Ogerpon
|
|t:|1779886572
|switch|p2a: Rotom|Rotom-Wash|100/100|[from] U-turn
|
|upkeep
|
|t:|1779886579
|switch|p1a: Alomomola|Alomomola, M|100/100
|-damage|p1a: Alomomola|88/100|[from] Stealth Rock
|turn|15
|
|t:|1779886584
|move|p2a: Rotom|Volt Switch|p1a: Alomomola
|-supereffective|p1a: Alomomola
|-damage|p1a: Alomomola|32/100
|
|t:|1779886587
|switch|p2a: Copperajah|Copperajah, F|100/100|[from] Volt Switch
|move|p1a: Alomomola|Rain Dance|p1a: Alomomola
|-weather|RainDance
|
|-weather|RainDance|[upkeep]
|-heal|p1a: Alomomola|38/100|[from] item: Leftovers
|upkeep
|turn|16
|
|t:|1779886597
|move|p1a: Alomomola|Flip Turn|p2a: Copperajah
|-damage|p2a: Copperajah|75/100
|
|t:|1779886600
|switch|p1a: Dondozo|Dondozo, F|100/100 slp|[from] Flip Turn
|-damage|p1a: Dondozo|88/100 slp|[from] Stealth Rock
|move|p2a: Copperajah|Knock Off|p1a: Dondozo
|-damage|p1a: Dondozo|73/100 slp
|-enditem|p1a: Dondozo|Leftovers|[from] move: Knock Off|[of] p2a: Copperajah
|
|-weather|RainDance|[upkeep]
|upkeep
|turn|17
|l|☆2gundo
|inactive|2gundo disconnected and has a minute to reconnect!
|player|p1|
|inactive|2gundo has 30 seconds to reconnect!
|inactive|2gundo has 20 seconds to reconnect!
|inactive|2gundo has 15 seconds to reconnect!
|inactive|2gundo has 10 seconds to reconnect!
|inactive|2gundo has 5 seconds to reconnect!
|-message|2gundo lost due to inactivity.
|
|win|davespekkie
|raw|2gundo's rating: 1131 &rarr; <strong>1108</strong><br />(-23 for losing)
|raw|davespekkie's rating: 1164 &rarr; <strong>1187</strong><br />(+23 for winning)
|l|☆davespekkie
|player|p2|
