|j|‽danieljonesfan
|j|☆liannian
|t:|1779948208
|gametype|singles
|player|p1|danieljonesfan|169|1479
|player|p2|liannian|cynthia-gen4|1555
|gen|9
|tier|[Gen 9] OU
|rated|
|rule|HP Percentage Mod: HP is shown in percentages
|rule|Endless Battle Clause: Forcing endless battles is banned
|rule|Species Clause: Limit one of each Pokémon
|rule|OHKO Clause: OHKO moves are banned
|rule|Evasion Items Clause: Evasion items are banned
|rule|Evasion Moves Clause: Evasion moves are banned
|rule|Evasion Abilities Clause: Evasion abilities are banned
|rule|Sleep Moves Clause: Sleep-inducing moves are banned
|clearpoke
|poke|p1|Blaziken, M|
|poke|p1|Kingambit, M|
|poke|p1|Gliscor, F|
|poke|p1|Tentacruel, M|
|poke|p1|Dragapult, M|
|poke|p1|Ogerpon-Wellspring, F|
|poke|p2|Talonflame, F|
|poke|p2|Pelipper, F|
|poke|p2|Hatterene, F|
|poke|p2|Raging Bolt|
|poke|p2|Barraskewda, M|
|poke|p2|Iron Treads|
|teampreview
|inactive|Battle timer is ON: inactive players will automatically lose when time's up. (requested by liannian)
|
|t:|1779948222
|teamsize|p1|6
|teamsize|p2|6
|start
|switch|p1a: Dragapult|Dragapult, M|100/100
|switch|p2a: Pelipper|Pelipper, F, shiny|100/100
|-weather|RainDance|[from] ability: Drizzle|[of] p2a: Pelipper
|turn|1
|
|t:|1779948231
|move|p1a: Dragapult|Draco Meteor|p2a: Pelipper|[miss]
|-miss|p1a: Dragapult|p2a: Pelipper
|move|p2a: Pelipper|U-turn|p1a: Dragapult
|-resisted|p1a: Dragapult
|-damage|p1a: Dragapult|94/100
|
|t:|1779948234
|switch|p2a: 疾风之翼！|Talonflame, F, shiny|100/100|[from] U-turn
|
|-weather|RainDance|[upkeep]
|upkeep
|turn|2
|
|t:|1779948238
|-terastallize|p2a: 疾风之翼！|Flying
|move|p2a: 疾风之翼！|Hurricane|p1a: Dragapult
|-damage|p1a: Dragapult|0 fnt
|faint|p1a: Dragapult
|
|-weather|RainDance|[upkeep]
|upkeep
|
|t:|1779948243
|switch|p1a: Tentacruel|Tentacruel, M|100/100
|turn|3
|
|t:|1779948249
|switch|p2a: 雷电士兵|Raging Bolt|100/100
|move|p1a: Tentacruel|Knock Off|p2a: 雷电士兵
|-damage|p2a: 雷电士兵|85/100
|-enditem|p2a: 雷电士兵|Assault Vest|[from] move: Knock Off|[of] p1a: Tentacruel
|
|-weather|RainDance|[upkeep]
|upkeep
|turn|4
|
|t:|1779948254
|move|p1a: Tentacruel|Flip Turn|p2a: 雷电士兵
|-resisted|p2a: 雷电士兵
|-damage|p2a: 雷电士兵|75/100
|
|t:|1779948269
|switch|p1a: Kingambit|Kingambit, M|100/100|[from] Flip Turn
|-activate|p1a: Kingambit|ability: Supreme Overlord
|-start|p1a: Kingambit|fallen1|[silent]
|move|p2a: 雷电士兵|Volt Switch|p1a: Kingambit
|-damage|p1a: Kingambit|59/100
|
|t:|1779948281
|-end|p2a: 雷电士兵|Protosynthesis|[silent]
|switch|p2a: 最快的男人|Barraskewda, M, shiny|100/100|[from] Volt Switch
|
|-weather|RainDance|[upkeep]
|upkeep
|turn|5
|
|t:|1779948287
|-end|p1a: Kingambit|fallen1|[silent]
|switch|p1a: Ogerpon|Ogerpon-Wellspring, F|100/100
|move|p2a: 最快的男人|Close Combat|p1a: Ogerpon
|-damage|p1a: Ogerpon|15/100
|-unboost|p2a: 最快的男人|def|1
|-unboost|p2a: 最快的男人|spd|1
|
|-weather|RainDance|[upkeep]
|upkeep
|turn|6
|
|t:|1779948299
|switch|p2a: 工具象|Iron Treads|100/100
|-item|p2a: 工具象|Air Balloon
|switch|p1a: Tentacruel|Tentacruel, M|100/100
|
|-weather|RainDance|[upkeep]
|upkeep
|turn|7
|
|t:|1779948303
|move|p2a: 工具象|Earthquake|p1a: Tentacruel
|-supereffective|p1a: Tentacruel
|-damage|p1a: Tentacruel|0 fnt
|faint|p1a: Tentacruel
|
|-weather|RainDance|[upkeep]
|upkeep
|
|t:|1779948316
|switch|p1a: Gliscor|Gliscor, F|100/100
|turn|8
|
|t:|1779948318
|move|p2a: 工具象|Stealth Rock|p1a: Gliscor
|-sidestart|p1: danieljonesfan|move: Stealth Rock
|move|p1a: Gliscor|Knock Off|p2a: 工具象
|-damage|p2a: 工具象|81/100
|-enditem|p2a: 工具象|Air Balloon
|
|-weather|none
|-status|p1a: Gliscor|tox|[from] item: Toxic Orb
|upkeep
|turn|9
|
|t:|1779948323
|move|p2a: 工具象|Ice Spinner|p1a: Gliscor
|-supereffective|p1a: Gliscor
|-damage|p1a: Gliscor|38/100 tox
|move|p1a: Gliscor|Toxic|p2a: 工具象
|-immune|p2a: 工具象
|
|-heal|p1a: Gliscor|50/100 tox|[from] ability: Poison Heal
|upkeep
|turn|10
|
|t:|1779948327
|move|p1a: Gliscor|Protect|p1a: Gliscor
|-singleturn|p1a: Gliscor|Protect
|move|p2a: 工具象|Ice Spinner|p1a: Gliscor
|-activate|p1a: Gliscor|move: Protect
|
|-heal|p1a: Gliscor|63/100 tox|[from] ability: Poison Heal
|upkeep
|turn|11
|
|t:|1779948339
|-terastallize|p1a: Gliscor|Water
|move|p2a: 工具象|Ice Spinner|p1a: Gliscor
|-resisted|p1a: Gliscor
|-damage|p1a: Gliscor|54/100 tox
|move|p1a: Gliscor|Earthquake|p2a: 工具象
|-supereffective|p2a: 工具象
|-damage|p2a: 工具象|19/100
|
|-heal|p1a: Gliscor|67/100 tox|[from] ability: Poison Heal
|upkeep
|turn|12
|
|t:|1779948344
|-end|p2a: 工具象|Quark Drive|[silent]
|switch|p2a: Pelipper|Pelipper, F, shiny|100/100
|-weather|RainDance|[from] ability: Drizzle|[of] p2a: Pelipper
|move|p1a: Gliscor|Toxic|p2a: Pelipper
|-status|p2a: Pelipper|tox
|
|-weather|RainDance|[upkeep]
|-heal|p1a: Gliscor|79/100 tox|[from] ability: Poison Heal
|-damage|p2a: Pelipper|94/100 tox|[from] psn
|upkeep
|turn|13
|
|t:|1779948350
|move|p1a: Gliscor|Knock Off|p2a: Pelipper
|-damage|p2a: Pelipper|78/100 tox
|-enditem|p2a: Pelipper|Damp Rock|[from] move: Knock Off|[of] p1a: Gliscor
|move|p2a: Pelipper|U-turn|p1a: Gliscor
|-crit|p1a: Gliscor
|-damage|p1a: Gliscor|71/100 tox
|
|t:|1779948353
|switch|p2a: 雷电士兵|Raging Bolt|75/100|[from] U-turn
|
|-weather|RainDance|[upkeep]
|-heal|p1a: Gliscor|84/100 tox|[from] ability: Poison Heal
|upkeep
|turn|14
|
|t:|1779948362
|switch|p1a: Ogerpon|Ogerpon-Wellspring, F|15/100
|-damage|p1a: Ogerpon|2/100|[from] Stealth Rock
|move|p2a: 雷电士兵|Volt Switch|p1a: Ogerpon
|-damage|p1a: Ogerpon|0 fnt
|faint|p1a: Ogerpon
|
|t:|1779948366
|-end|p2a: 雷电士兵|Protosynthesis|[silent]
|switch|p2a: 疾风之翼！|Talonflame, F, shiny, tera:Flying|100/100|[from] Volt Switch
|
|-weather|RainDance|[upkeep]
|upkeep
|
|t:|1779948373
|switch|p1a: Kingambit|Kingambit, M|59/100
|-damage|p1a: Kingambit|53/100|[from] Stealth Rock
|-activate|p1a: Kingambit|ability: Supreme Overlord
|-start|p1a: Kingambit|fallen3|[silent]
|turn|15
|
|t:|1779948376
|move|p1a: Kingambit|Sucker Punch|p2a: 疾风之翼！
|-damage|p2a: 疾风之翼！|25/100
|move|p2a: 疾风之翼！|U-turn|p1a: Kingambit
|-damage|p1a: Kingambit|42/100
|
|t:|1779948379
|switch|p2a: 最快的男人|Barraskewda, M, shiny|100/100|[from] U-turn
|
|-weather|RainDance|[upkeep]
|upkeep
|turn|16
|
|t:|1779948383
|-end|p1a: Kingambit|fallen3|[silent]
|switch|p1a: Gliscor|Gliscor, F, tera:Water|84/100 tox
|-damage|p1a: Gliscor|71/100 tox|[from] Stealth Rock
|move|p2a: 最快的男人|Aqua Jet|p1a: Gliscor
|-resisted|p1a: Gliscor
|-damage|p1a: Gliscor|57/100 tox
|
|-weather|RainDance|[upkeep]
|-heal|p1a: Gliscor|69/100 tox|[from] ability: Poison Heal
|upkeep
|turn|17
|
|t:|1779948387
|switch|p2a: 雷电士兵|Raging Bolt|75/100
|move|p1a: Gliscor|Toxic|p2a: 雷电士兵
|-status|p2a: 雷电士兵|tox
|
|-weather|RainDance|[upkeep]
|-heal|p1a: Gliscor|82/100 tox|[from] ability: Poison Heal
|-damage|p2a: 雷电士兵|69/100 tox|[from] psn
|upkeep
|turn|18
|
|t:|1779948391
|move|p1a: Gliscor|Protect|p1a: Gliscor
|-singleturn|p1a: Gliscor|Protect
|move|p2a: 雷电士兵|Volt Switch|p1a: Gliscor
|-activate|p1a: Gliscor|move: Protect
|
|-weather|RainDance|[upkeep]
|-heal|p1a: Gliscor|94/100 tox|[from] ability: Poison Heal
|-damage|p2a: 雷电士兵|57/100 tox|[from] psn
|upkeep
|turn|19
|
|t:|1779948398
|move|p1a: Gliscor|Earthquake|p2a: 雷电士兵
|-supereffective|p2a: 雷电士兵
|-damage|p2a: 雷电士兵|3/100 tox
|move|p2a: 雷电士兵|Volt Switch|p1a: Gliscor
|-supereffective|p1a: Gliscor
|-damage|p1a: Gliscor|2/100 tox
|
|t:|1779948402
|-end|p2a: 雷电士兵|Protosynthesis|[silent]
|switch|p2a: 最快的男人|Barraskewda, M, shiny|100/100|[from] Volt Switch
|
|-weather|none
|-heal|p1a: Gliscor|14/100 tox|[from] ability: Poison Heal
|upkeep
|turn|20
|
|t:|1779948405
|move|p1a: Gliscor|Protect|p1a: Gliscor
|-singleturn|p1a: Gliscor|Protect
|move|p2a: 最快的男人|Liquidation|p1a: Gliscor
|-activate|p1a: Gliscor|move: Protect
|
|-heal|p1a: Gliscor|27/100 tox|[from] ability: Poison Heal
|upkeep
|turn|21
|
|t:|1779948408
|move|p2a: 最快的男人|Liquidation|p1a: Gliscor
|-resisted|p1a: Gliscor
|-damage|p1a: Gliscor|6/100 tox
|move|p1a: Gliscor|Earthquake|p2a: 最快的男人
|-damage|p2a: 最快的男人|32/100
|
|-heal|p1a: Gliscor|19/100 tox|[from] ability: Poison Heal
|upkeep
|turn|22
|
|t:|1779948413
|switch|p2a: Pelipper|Pelipper, F, shiny|78/100 tox
|-weather|RainDance|[from] ability: Drizzle|[of] p2a: Pelipper
|move|p1a: Gliscor|Protect||[still]
|-fail|p1a: Gliscor
|
|-weather|RainDance|[upkeep]
|-heal|p1a: Gliscor|31/100 tox|[from] ability: Poison Heal
|-damage|p2a: Pelipper|72/100 tox|[from] psn
|upkeep
|turn|23
|
|t:|1779948421
|move|p1a: Gliscor|Knock Off|p2a: Pelipper
|-damage|p2a: Pelipper|60/100 tox
|move|p2a: Pelipper|U-turn|p1a: Gliscor
|-damage|p1a: Gliscor|26/100 tox
|
|t:|1779948423
|switch|p2a: 疾风之翼！|Talonflame, F, shiny, tera:Flying|25/100|[from] U-turn
|
|-weather|RainDance|[upkeep]
|-heal|p1a: Gliscor|38/100 tox|[from] ability: Poison Heal
|upkeep
|turn|24
|
|t:|1779948425
|move|p1a: Gliscor|Protect|p1a: Gliscor
|-singleturn|p1a: Gliscor|Protect
|move|p2a: 疾风之翼！|Hurricane|p1a: Gliscor
|-activate|p1a: Gliscor|move: Protect
|
|-weather|RainDance|[upkeep]
|-heal|p1a: Gliscor|51/100 tox|[from] ability: Poison Heal
|upkeep
|turn|25
|
|t:|1779948431
|move|p2a: 疾风之翼！|Hurricane|p1a: Gliscor
|-damage|p1a: Gliscor|0 fnt
|faint|p1a: Gliscor
|
|-weather|RainDance|[upkeep]
|upkeep
|
|t:|1779948453
|switch|p1a: Kingambit|Kingambit, M|42/100
|-damage|p1a: Kingambit|36/100|[from] Stealth Rock
|-activate|p1a: Kingambit|ability: Supreme Overlord
|-start|p1a: Kingambit|fallen4|[silent]
|turn|26
|
|t:|1779948462
|switch|p2a: 工具帽|Hatterene, F, shiny|100/100
|move|p1a: Kingambit|Swords Dance|p1a: Kingambit
|-boost|p1a: Kingambit|atk|2
|
|-weather|none
|upkeep
|turn|27
|
|t:|1779948467
|move|p1a: Kingambit|Iron Head|p2a: 工具帽
|-supereffective|p2a: 工具帽
|-damage|p2a: 工具帽|0 fnt
|faint|p2a: 工具帽
|
|upkeep
|
|t:|1779948469
|switch|p2a: Pelipper|Pelipper, F, shiny|60/100 tox
|-weather|RainDance|[from] ability: Drizzle|[of] p2a: Pelipper
|turn|28
|
|t:|1779948474
|switch|p2a: 雷电士兵|Raging Bolt|3/100 tox
|move|p1a: Kingambit|Sucker Punch||[still]
|-fail|p1a: Kingambit
|
|-weather|RainDance|[upkeep]
|-damage|p2a: 雷电士兵|0 fnt|[from] psn
|faint|p2a: 雷电士兵
|-end|p2a: 雷电士兵|Protosynthesis|[silent]
|upkeep
|
|t:|1779948476
|switch|p2a: 最快的男人|Barraskewda, M, shiny|32/100
|turn|29
|
|t:|1779948478
|move|p2a: 最快的男人|Aqua Jet|p1a: Kingambit
|-damage|p1a: Kingambit|1/100
|move|p1a: Kingambit|Sucker Punch||[still]
|-fail|p1a: Kingambit
|
|-weather|RainDance|[upkeep]
|upkeep
|turn|30
|
|t:|1779948484
|move|p2a: 最快的男人|Aqua Jet|p1a: Kingambit
|-damage|p1a: Kingambit|0 fnt
|faint|p1a: Kingambit
|-end|p1a: Kingambit|fallen4|[silent]
|
|-weather|RainDance|[upkeep]
|upkeep
|
|t:|1779948486
|switch|p1a: Blaziken|Blaziken, M|100/100
|-damage|p1a: Blaziken|88/100|[from] Stealth Rock
|turn|31
|
|t:|1779948494
|move|p1a: Blaziken|Upper Hand|p2a: 最快的男人
|-damage|p2a: 最快的男人|0 fnt
|faint|p2a: 最快的男人
|
|-weather|RainDance|[upkeep]
|-ability|p1a: Blaziken|Speed Boost|boost
|-boost|p1a: Blaziken|spe|1
|upkeep
|
|t:|1779948499
|switch|p2a: Pelipper|Pelipper, F, shiny|60/100 tox
|turn|32
|
|t:|1779948503
|move|p1a: Blaziken|Endure|p1a: Blaziken
|-singleturn|p1a: Blaziken|move: Endure
|move|p2a: Pelipper|Surf|p1a: Blaziken
|-supereffective|p1a: Blaziken
|-activate|p1a: Blaziken|move: Endure
|-damage|p1a: Blaziken|1/100
|
|-weather|none
|-damage|p2a: Pelipper|54/100 tox|[from] psn
|-ability|p1a: Blaziken|Speed Boost|boost
|-boost|p1a: Blaziken|spe|1
|upkeep
|turn|33
|
|t:|1779948507
|move|p1a: Blaziken|Reversal|p2a: Pelipper
|-resisted|p2a: Pelipper
|-crit|p2a: Pelipper
|-damage|p2a: Pelipper|0 fnt
|faint|p2a: Pelipper
|
|-ability|p1a: Blaziken|Speed Boost|boost
|-boost|p1a: Blaziken|spe|1
|upkeep
|
|t:|1779948508
|switch|p2a: 疾风之翼！|Talonflame, F, shiny, tera:Flying|25/100
|turn|34
|
|t:|1779948511
|move|p2a: 疾风之翼！|Quick Attack|p1a: Blaziken
|-damage|p1a: Blaziken|0 fnt
|faint|p1a: Blaziken
|
|win|liannian
|raw|danieljonesfan's rating: 1479 &rarr; <strong>1462</strong><br />(-17 for losing)
|raw|liannian's rating: 1529 &rarr; <strong>1546</strong><br />(+17 for winning)
|l|‽danieljonesfan
|player|p1|
|l|☆liannian
|player|p2|
