|j|☆roddyj
|j|☆glimpseman
|t:|1779858247
|gametype|singles
|player|p1|roddyj|ethan|1526
|player|p2|glimpseman|#wcor2025canada|1510
|gen|9
|tier|[Gen 9] OU
|rated|
|rule|HP Percentage Mod: HP is shown in percentages
|rule|Endless Battle Clause: Forcing endless battles is banned
|rule|Species Clause: Limit one of each Pokémon
|rule|OHKO Clause: OHKO moves are banned
|rule|Evasion Items Clause: Evasion items are banned
|rule|Evasion Moves Clause: Evasion moves are banned
|rule|Evasion Abilities Clause: Evasion abilities are banned
|rule|Sleep Moves Clause: Sleep-inducing moves are banned
|clearpoke
|poke|p1|Mamoswine, M|
|poke|p1|Kingambit, M|
|poke|p1|Serperior, F|
|poke|p1|Gyarados, M|
|poke|p1|Weezing-Galar, F|
|poke|p1|Milotic, M|
|poke|p2|Gliscor, M|
|poke|p2|Heatran, M|
|poke|p2|Weezing-Galar, M|
|poke|p2|Zamazenta-*|
|poke|p2|Ogerpon, F|
|poke|p2|Samurott-Hisui, M|
|teampreview
|inactive|Battle timer is ON: inactive players will automatically lose when time's up. (requested by glimpseman)
|inactive|roddyj has 120 seconds left.
|inactive|roddyj has 90 seconds left.
|
|t:|1779858320
|teamsize|p1|6
|teamsize|p2|6
|start
|switch|p1a: Serperior|Serperior, F, shiny|100/100
|switch|p2a: Heatran|Heatran, M|100/100
|-item|p2a: Heatran|Air Balloon
|turn|1
|
|t:|1779858329
|move|p1a: Serperior|Glare|p2a: Heatran
|-status|p2a: Heatran|par
|cant|p2a: Heatran|par
|
|upkeep
|turn|2
|c|☆glimpseman|aight bro
|
|t:|1779858339
|move|p1a: Serperior|Substitute|p1a: Serperior
|-start|p1a: Serperior|Substitute
|-damage|p1a: Serperior|76/100
|move|p2a: Heatran|Will-O-Wisp||[still]
|-fail|p2a: Heatran
|
|-heal|p1a: Serperior|82/100|[from] item: Leftovers
|upkeep
|turn|3
|
|t:|1779858344
|move|p1a: Serperior|Leech Seed|p2a: Heatran|[miss]
|-miss|p1a: Serperior|p2a: Heatran
|move|p2a: Heatran|Magma Storm|p1a: Serperior
|-supereffective|p1a: Serperior
|-end|p1a: Serperior|Substitute
|
|-heal|p1a: Serperior|88/100|[from] item: Leftovers
|upkeep
|turn|4
|
|t:|1779858353
|switch|p2a: Gliscor|Gliscor, M|100/100
|move|p1a: Serperior|Substitute|p1a: Serperior
|-start|p1a: Serperior|Substitute
|-damage|p1a: Serperior|63/100
|
|-heal|p1a: Serperior|69/100|[from] item: Leftovers
|-status|p2a: Gliscor|tox|[from] item: Toxic Orb
|upkeep
|turn|5
|
|t:|1779858355
|move|p1a: Serperior|Substitute|p1a: Serperior
|-fail|p1a: Serperior|move: Substitute
|move|p2a: Gliscor|U-turn|p1a: Serperior
|-supereffective|p1a: Serperior
|-crit|p1a: Serperior
|-end|p1a: Serperior|Substitute
|
|t:|1779858360
|switch|p2a: Weezing|Weezing-Galar, M|100/100|[from] U-turn
|-ability|p2a: Weezing|Neutralizing Gas
|
|-heal|p1a: Serperior|76/100|[from] item: Leftovers
|upkeep
|turn|6
|
|t:|1779858363
|-end|p2a: Weezing|ability: Neutralizing Gas
|switch|p2a: Gliscor|Gliscor, M|100/100 tox
|move|p1a: Serperior|Substitute|p1a: Serperior
|-start|p1a: Serperior|Substitute
|-damage|p1a: Serperior|51/100
|
|-heal|p1a: Serperior|57/100|[from] item: Leftovers
|upkeep
|turn|7
|
|t:|1779858365
|move|p1a: Serperior|Leech Seed|p2a: Gliscor
|-start|p2a: Gliscor|move: Leech Seed
|move|p2a: Gliscor|U-turn|p1a: Serperior
|-supereffective|p1a: Serperior
|-end|p1a: Serperior|Substitute
|
|t:|1779858376
|switch|p2a: Ogerpon|Ogerpon, F|100/100|[from] U-turn
|
|-heal|p1a: Serperior|63/100|[from] item: Leftovers
|upkeep
|turn|8
|
|t:|1779858379
|switch|p1a: Weezing|Weezing-Galar, F, shiny|100/100
|-terastallize|p2a: Ogerpon|Grass
|detailschange|p2a: Ogerpon|Ogerpon-Teal-Tera, F, tera:Grass
|-ability|p2a: Ogerpon|Embody Aspect (Teal)|boost
|-boost|p2a: Ogerpon|spe|1
|move|p2a: Ogerpon|U-turn|p1a: Weezing
|-resisted|p1a: Weezing
|-damage|p1a: Weezing|95/100
|
|t:|1779858386
|switch|p2a: Heatran|Heatran, M|100/100 par|[from] U-turn
|-item|p2a: Heatran|Air Balloon
|
|-heal|p1a: Weezing|100/100|[from] item: Leftovers
|upkeep
|turn|9
|
|t:|1779858392
|switch|p1a: Milotic|Milotic, M, shiny|100/100
|move|p2a: Heatran|Will-O-Wisp|p1a: Milotic
|-status|p1a: Milotic|brn
|
|-damage|p1a: Milotic|94/100 brn|[from] brn
|upkeep
|turn|10
|
|t:|1779858397
|switch|p2a: Samurott|Samurott-Hisui, M|100/100
|move|p1a: Milotic|Flip Turn|p2a: Samurott
|-resisted|p2a: Samurott
|-damage|p2a: Samurott|97/100
|
|t:|1779858407
|switch|p1a: Weezing|Weezing-Galar, F, shiny|100/100|[from] Flip Turn
|
|upkeep
|turn|11
|
|t:|1779858410
|switch|p2a: Heatran|Heatran, M|100/100 par
|-item|p2a: Heatran|Air Balloon
|move|p1a: Weezing|Strange Steam|p2a: Heatran
|-resisted|p2a: Heatran
|-damage|p2a: Heatran|94/100 par
|-enditem|p2a: Heatran|Air Balloon
|
|upkeep
|turn|12
|
|t:|1779858414
|switch|p1a: Milotic|Milotic, M, shiny|94/100 brn
|move|p2a: Heatran|Stealth Rock|p1a: Milotic
|-sidestart|p1: roddyj|move: Stealth Rock
|
|-damage|p1a: Milotic|88/100 brn|[from] brn
|upkeep
|turn|13
|
|t:|1779858420
|switch|p2a: Samurott|Samurott-Hisui, M|97/100
|move|p1a: Milotic|Surf|p2a: Samurott
|-resisted|p2a: Samurott
|-damage|p2a: Samurott|86/100
|
|-damage|p1a: Milotic|82/100 brn|[from] brn
|upkeep
|turn|14
|
|t:|1779858426
|move|p2a: Samurott|Knock Off|p1a: Milotic
|-damage|p1a: Milotic|48/100 brn
|-enditem|p1a: Milotic|Assault Vest|[from] move: Knock Off|[of] p2a: Samurott
|move|p1a: Milotic|Alluring Voice|p2a: Samurott
|-supereffective|p2a: Samurott
|-damage|p2a: Samurott|57/100
|
|-damage|p1a: Milotic|42/100 brn|[from] brn
|upkeep
|turn|15
|
|t:|1779858430
|switch|p1a: Weezing|Weezing-Galar, F, shiny|100/100
|-damage|p1a: Weezing|88/100|[from] Stealth Rock
|move|p2a: Samurott|Ceaseless Edge|p1a: Weezing
|-resisted|p1a: Weezing
|-damage|p1a: Weezing|77/100
|-sidestart|p1: roddyj|Spikes
|
|-heal|p1a: Weezing|83/100|[from] item: Leftovers
|upkeep
|turn|16
|
|t:|1779858434
|switch|p2a: Heatran|Heatran, M|94/100 par
|move|p1a: Weezing|Defog|p2a: Heatran
|-unboost|p2a: Heatran|evasion|1
|-sideend|p1: roddyj|Spikes|[from] move: Defog|[of] p1a: Weezing
|-sideend|p1: roddyj|Stealth Rock|[from] move: Defog|[of] p1a: Weezing
|
|-heal|p1a: Weezing|89/100|[from] item: Leftovers
|upkeep
|turn|17
|
|t:|1779858440
|switch|p1a: Milotic|Milotic, M, shiny|42/100 brn
|switch|p2a: Samurott|Samurott-Hisui, M|57/100
|
|-damage|p1a: Milotic|36/100 brn|[from] brn
|upkeep
|turn|18
|
|t:|1779858447
|switch|p1a: Weezing|Weezing-Galar, F, shiny|89/100
|move|p2a: Samurott|Ceaseless Edge|p1a: Weezing
|-resisted|p1a: Weezing
|-damage|p1a: Weezing|78/100
|-sidestart|p1: roddyj|Spikes
|
|-heal|p1a: Weezing|84/100|[from] item: Leftovers
|upkeep
|turn|19
|
|t:|1779858451
|move|p2a: Samurott|Knock Off|p1a: Weezing
|-resisted|p1a: Weezing
|-damage|p1a: Weezing|73/100
|-enditem|p1a: Weezing|Leftovers|[from] move: Knock Off|[of] p2a: Samurott
|move|p1a: Weezing|Defog|p2a: Samurott
|-unboost|p2a: Samurott|evasion|1
|-sideend|p1: roddyj|Spikes|[from] move: Defog|[of] p1a: Weezing
|
|upkeep
|turn|20
|
|t:|1779858460
|switch|p2a: Heatran|Heatran, M|94/100 par
|move|p1a: Weezing|Strange Steam|p2a: Heatran
|-resisted|p2a: Heatran
|-damage|p2a: Heatran|87/100 par
|
|upkeep
|turn|21
|
|t:|1779858467
|switch|p1a: Milotic|Milotic, M, shiny|36/100 brn
|move|p2a: Heatran|Magma Storm|p1a: Milotic|[miss]
|-miss|p2a: Heatran|p1a: Milotic
|
|-damage|p1a: Milotic|30/100 brn|[from] brn
|upkeep
|turn|22
|
|t:|1779858472
|switch|p2a: Ogerpon|Ogerpon-Teal-Tera, F, tera:Grass|100/100
|-ability|p2a: Ogerpon|Embody Aspect (Teal)|boost
|-boost|p2a: Ogerpon|spe|1
|move|p1a: Milotic|Alluring Voice|p2a: Ogerpon
|-damage|p2a: Ogerpon|70/100
|-start|p2a: Ogerpon|confusion
|
|-damage|p1a: Milotic|23/100 brn|[from] brn
|upkeep
|turn|23
|
|t:|1779858475
|-activate|p2a: Ogerpon|confusion
|-damage|p2a: Ogerpon|53/100|[from] confusion
|move|p1a: Milotic|Ice Beam|p2a: Ogerpon
|-supereffective|p2a: Ogerpon
|-damage|p2a: Ogerpon|0 fnt
|faint|p2a: Ogerpon
|detailschange|p2: Ogerpon|Ogerpon, F|[silent]
|
|-damage|p1a: Milotic|17/100 brn|[from] brn
|upkeep
|c|☆glimpseman|DUDE
|
|t:|1779858485
|switch|p2a: Samurott|Samurott-Hisui, M|57/100
|turn|24
|
|t:|1779858493
|switch|p1a: Weezing|Weezing-Galar, F, shiny|73/100
|move|p2a: Samurott|Ceaseless Edge|p1a: Weezing
|-resisted|p1a: Weezing
|-damage|p1a: Weezing|62/100
|-sidestart|p1: roddyj|Spikes
|
|upkeep
|turn|25
|
|t:|1779858499
|move|p2a: Samurott|Razor Shell|p1a: Weezing
|-damage|p1a: Weezing|35/100
|-unboost|p1a: Weezing|def|1
|move|p1a: Weezing|Defog|p2a: Samurott
|-unboost|p2a: Samurott|evasion|1
|-sideend|p1: roddyj|Spikes|[from] move: Defog|[of] p1a: Weezing
|
|upkeep
|turn|26
|
|t:|1779858508
|move|p2a: Samurott|Ceaseless Edge|p1a: Weezing|[miss]
|-miss|p2a: Samurott|p1a: Weezing
|move|p1a: Weezing|Will-O-Wisp|p2a: Samurott
|-status|p2a: Samurott|brn
|
|-damage|p2a: Samurott|51/100 brn|[from] brn
|upkeep
|turn|27
|
|t:|1779858523
|move|p2a: Samurott|Ceaseless Edge|p1a: Weezing
|-resisted|p1a: Weezing
|-crit|p1a: Weezing
|-damage|p1a: Weezing|22/100
|-sidestart|p1: roddyj|Spikes
|move|p1a: Weezing|Strange Steam|p2a: Samurott
|-supereffective|p2a: Samurott
|-damage|p2a: Samurott|19/100 brn
|
|-damage|p2a: Samurott|13/100 brn|[from] brn
|upkeep
|turn|28
|
|t:|1779858530
|switch|p1a: Milotic|Milotic, M, shiny|17/100 brn
|-damage|p1a: Milotic|5/100 brn|[from] Spikes
|move|p2a: Samurott|Razor Shell|p1a: Milotic
|-resisted|p1a: Milotic
|-damage|p1a: Milotic|0 fnt
|faint|p1a: Milotic
|
|-damage|p2a: Samurott|7/100 brn|[from] brn
|upkeep
|
|t:|1779858549
|switch|p1a: Weezing|Weezing-Galar, F, shiny|22/100
|turn|29
|
|t:|1779858558
|switch|p2a: Heatran|Heatran, M|87/100 par
|move|p1a: Weezing|Defog|p2a: Heatran
|-unboost|p2a: Heatran|evasion|1
|-sideend|p1: roddyj|Spikes|[from] move: Defog|[of] p1a: Weezing
|
|upkeep
|turn|30
|
|t:|1779858570
|switch|p1a: Mamoswine|Mamoswine, M, shiny|100/100
|move|p2a: Heatran|Magma Storm|p1a: Mamoswine
|-supereffective|p1a: Mamoswine
|-enditem|p1a: Mamoswine|Focus Sash
|-damage|p1a: Mamoswine|1/100
|-activate|p1a: Mamoswine|move: Magma Storm|[of] p2a: Heatran
|
|-damage|p1a: Mamoswine|0 fnt|[from] move: Magma Storm|[partiallytrapped]
|faint|p1a: Mamoswine
|upkeep
|
|t:|1779858583
|switch|p1a: Gyarados|Gyarados, M, shiny|100/100
|turn|31
|
|t:|1779858593
|switch|p2a: Samurott|Samurott-Hisui, M|7/100 brn
|move|p1a: Gyarados|Substitute|p1a: Gyarados
|-start|p1a: Gyarados|Substitute
|-damage|p1a: Gyarados|76/100
|
|-heal|p1a: Gyarados|82/100|[from] item: Leftovers
|-damage|p2a: Samurott|1/100 brn|[from] brn
|upkeep
|turn|32
|
|t:|1779858598
|move|p1a: Gyarados|Dragon Dance|p1a: Gyarados
|-boost|p1a: Gyarados|atk|1
|-boost|p1a: Gyarados|spe|1
|move|p2a: Samurott|Ceaseless Edge|p1a: Gyarados
|-activate|p1a: Gyarados|move: Substitute|[damage]
|-sidestart|p1: roddyj|Spikes
|
|-heal|p1a: Gyarados|88/100|[from] item: Leftovers
|-damage|p2a: Samurott|0 fnt|[from] brn
|faint|p2a: Samurott
|upkeep
|
|t:|1779858607
|switch|p2a: Zamazenta|Zamazenta|100/100
|-ability|p2a: Zamazenta|Dauntless Shield|boost
|-boost|p2a: Zamazenta|def|1
|turn|33
|
|t:|1779858613
|move|p1a: Gyarados|Waterfall|p2a: Zamazenta
|-crit|p2a: Zamazenta
|-damage|p2a: Zamazenta|28/100
|move|p2a: Zamazenta|Iron Defense|p2a: Zamazenta
|-boost|p2a: Zamazenta|def|2
|
|-heal|p1a: Gyarados|94/100|[from] item: Leftovers
|-heal|p2a: Zamazenta|34/100|[from] item: Leftovers
|upkeep
|turn|34
|c|☆glimpseman|are you serious
|
|t:|1779858619
|move|p1a: Gyarados|Waterfall|p2a: Zamazenta
|-damage|p2a: Zamazenta|14/100
|move|p2a: Zamazenta|Body Press|p1a: Gyarados
|-resisted|p1a: Gyarados
|-end|p1a: Gyarados|Substitute
|
|-heal|p1a: Gyarados|99/100|[from] item: Leftovers
|-heal|p2a: Zamazenta|21/100|[from] item: Leftovers
|upkeep
|turn|35
|
|t:|1779858633
|-terastallize|p1a: Gyarados|Ground
|move|p1a: Gyarados|Earthquake|p2a: Zamazenta
|-damage|p2a: Zamazenta|0 fnt
|faint|p2a: Zamazenta
|-ability|p1a: Gyarados|Moxie|boost
|-boost|p1a: Gyarados|atk|1
|
|-heal|p1a: Gyarados|100/100|[from] item: Leftovers
|upkeep
|
|t:|1779858640
|switch|p2a: Weezing|Weezing-Galar, M|100/100
|-ability|p2a: Weezing|Neutralizing Gas
|turn|36
|
|t:|1779858644
|-end|p2a: Weezing|ability: Neutralizing Gas
|switch|p2a: Gliscor|Gliscor, M|100/100 tox
|move|p1a: Gyarados|Substitute|p1a: Gyarados
|-start|p1a: Gyarados|Substitute
|-damage|p1a: Gyarados|76/100
|
|-heal|p1a: Gyarados|82/100|[from] item: Leftovers
|upkeep
|turn|37
|
|t:|1779858648
|move|p1a: Gyarados|Dragon Dance|p1a: Gyarados
|-boost|p1a: Gyarados|atk|1
|-boost|p1a: Gyarados|spe|1
|move|p2a: Gliscor|Earthquake|p1a: Gyarados
|-end|p1a: Gyarados|Substitute
|
|-heal|p1a: Gyarados|88/100|[from] item: Leftovers
|upkeep
|turn|38
|-message|glimpseman forfeited.
|
|win|roddyj
|raw|roddyj's rating: 1526 &rarr; <strong>1545</strong><br />(+19 for winning)
|raw|glimpseman's rating: 1510 &rarr; <strong>1491</strong><br />(-19 for losing)
|l|☆glimpseman
|player|p2|
|l|☆roddyj
|player|p1|
