|j|☆darkandgothicmaga
|j|☆jessies boyfriend
|t:|1779914245
|gametype|singles
|player|p1|darkandgothicmaga|brycen|1350
|player|p2|jessies boyfriend|brock|1391
|gen|9
|tier|[Gen 9] OU
|rated|
|rule|HP Percentage Mod: HP is shown in percentages
|rule|Endless Battle Clause: Forcing endless battles is banned
|rule|Species Clause: Limit one of each Pokémon
|rule|OHKO Clause: OHKO moves are banned
|rule|Evasion Items Clause: Evasion items are banned
|rule|Evasion Moves Clause: Evasion moves are banned
|rule|Evasion Abilities Clause: Evasion abilities are banned
|rule|Sleep Moves Clause: Sleep-inducing moves are banned
|clearpoke
|poke|p1|Kingambit, F|
|poke|p1|Pelipper, F|
|poke|p1|Mamoswine, F|
|poke|p1|Iron Valiant|
|poke|p1|Barraskewda, M|
|poke|p1|Slowking-Galar, F|
|poke|p2|Houndstone, M|
|poke|p2|Glimmora, F|
|poke|p2|Scrafty, M|
|poke|p2|Samurott-Hisui, F|
|poke|p2|Great Tusk|
|poke|p2|Milotic, M|
|teampreview
|inactive|Battle timer is ON: inactive players will automatically lose when time's up. (requested by jessies boyfriend)
|
|t:|1779914257
|teamsize|p1|6
|teamsize|p2|6
|start
|switch|p1a: Mamoswine|Mamoswine, F|100/100
|switch|p2a: Samurott|Samurott-Hisui, F, shiny|100/100
|turn|1
|
|t:|1779914262
|move|p1a: Mamoswine|Earthquake|p2a: Samurott
|-damage|p2a: Samurott|47/100
|move|p2a: Samurott|Ceaseless Edge|p1a: Mamoswine|[miss]
|-miss|p2a: Samurott|p1a: Mamoswine
|
|upkeep
|turn|2
|
|t:|1779914265
|move|p1a: Mamoswine|Earthquake|p2a: Samurott
|-damage|p2a: Samurott|0 fnt
|faint|p2a: Samurott
|
|upkeep
|
|t:|1779914268
|switch|p2a: Scrafty|Scrafty, M, shiny|100/100
|-ability|p2a: Scrafty|Intimidate|boost
|-unboost|p1a: Mamoswine|atk|1
|turn|3
|
|t:|1779914272
|move|p1a: Mamoswine|Stealth Rock|p2a: Scrafty
|-sidestart|p2: jessies boyfriend|move: Stealth Rock
|move|p2a: Scrafty|Knock Off|p1a: Mamoswine
|-damage|p1a: Mamoswine|59/100
|-enditem|p1a: Mamoswine|Focus Sash|[from] move: Knock Off|[of] p2a: Scrafty
|
|upkeep
|turn|4
|
|t:|1779914276
|move|p1a: Mamoswine|Earthquake|p2a: Scrafty
|-damage|p2a: Scrafty|75/100
|move|p2a: Scrafty|Drain Punch|p1a: Mamoswine
|-supereffective|p1a: Mamoswine
|-damage|p1a: Mamoswine|0 fnt
|-heal|p2a: Scrafty|100/100|[from] drain|[of] p1a: Mamoswine
|faint|p1a: Mamoswine
|
|upkeep
|
|t:|1779914279
|switch|p1a: Iron Valiant|Iron Valiant|100/100
|-enditem|p1a: Iron Valiant|Booster Energy
|-activate|p1a: Iron Valiant|ability: Quark Drive|[fromitem]
|-start|p1a: Iron Valiant|quarkdrivespe
|turn|5
|
|t:|1779914281
|switch|p2a: Glimmora|Glimmora, F|100/100
|-damage|p2a: Glimmora|88/100|[from] Stealth Rock
|-item|p2a: Glimmora|Air Balloon
|move|p1a: Iron Valiant|Calm Mind|p1a: Iron Valiant
|-boost|p1a: Iron Valiant|spa|1
|-boost|p1a: Iron Valiant|spd|1
|
|upkeep
|turn|6
|
|t:|1779914283
|move|p1a: Iron Valiant|Psychic|p2a: Glimmora
|-supereffective|p2a: Glimmora
|-damage|p2a: Glimmora|0 fnt
|-enditem|p2a: Glimmora|Air Balloon
|faint|p2a: Glimmora
|
|upkeep
|
|t:|1779914292
|switch|p2a: Milotic|Milotic, M|100/100
|-damage|p2a: Milotic|88/100|[from] Stealth Rock
|turn|7
|
|t:|1779914294
|-terastallize|p1a: Iron Valiant|Electric
|-terastallize|p2a: Milotic|Fairy
|move|p1a: Iron Valiant|Thunderbolt|p2a: Milotic
|-damage|p2a: Milotic|56/100
|move|p2a: Milotic|Draining Kiss|p1a: Iron Valiant
|-damage|p1a: Iron Valiant|65/100
|-heal|p2a: Milotic|77/100|[from] drain|[of] p1a: Iron Valiant
|
|upkeep
|turn|8
|
|t:|1779914305
|-end|p1a: Iron Valiant|Quark Drive|[silent]
|switch|p1a: Slowking|Slowking-Galar, F|100/100
|move|p2a: Milotic|Dragon Tail|p1a: Slowking
|-damage|p1a: Slowking|92/100
|drag|p1a: Kingambit|Kingambit, F|100/100
|-activate|p1a: Kingambit|ability: Supreme Overlord
|-start|p1a: Kingambit|fallen1|[silent]
|
|upkeep
|turn|9
|
|t:|1779914311
|switch|p2a: Great Tusk|Great Tusk|100/100
|-damage|p2a: Great Tusk|97/100|[from] Stealth Rock
|move|p1a: Kingambit|Iron Head|p2a: Great Tusk
|-damage|p2a: Great Tusk|72/100
|
|-heal|p2a: Great Tusk|79/100|[from] item: Leftovers
|upkeep
|turn|10
|
|t:|1779914316
|-end|p1a: Kingambit|fallen1|[silent]
|switch|p1a: Pelipper|Pelipper, F|100/100
|-weather|RainDance|[from] ability: Drizzle|[of] p1a: Pelipper
|move|p2a: Great Tusk|Rapid Spin|p1a: Pelipper
|-damage|p1a: Pelipper|84/100
|-boost|p2a: Great Tusk|spe|1
|-sideend|p2: jessies boyfriend|Stealth Rock|[from] move: Rapid Spin|[of] p2a: Great Tusk
|
|-weather|RainDance|[upkeep]
|-heal|p2a: Great Tusk|85/100|[from] item: Leftovers
|upkeep
|turn|11
|
|t:|1779914325
|-end|p2a: Great Tusk|Protosynthesis|[silent]
|switch|p2a: Milotic|Milotic, M, tera:Fairy|77/100
|move|p1a: Pelipper|Hurricane|p2a: Milotic
|-damage|p2a: Milotic|38/100
|
|-weather|RainDance|[upkeep]
|upkeep
|turn|12
|
|t:|1779914330
|move|p2a: Milotic|Draining Kiss|p1a: Pelipper
|-damage|p1a: Pelipper|46/100
|-heal|p2a: Milotic|63/100|[from] drain|[of] p1a: Pelipper
|move|p1a: Pelipper|Hurricane|p2a: Milotic
|-damage|p2a: Milotic|27/100
|-start|p2a: Milotic|confusion
|
|-weather|RainDance|[upkeep]
|upkeep
|turn|13
|
|t:|1779914338
|-activate|p2a: Milotic|confusion
|move|p2a: Milotic|Draining Kiss|p1a: Pelipper
|-damage|p1a: Pelipper|5/100
|-heal|p2a: Milotic|53/100|[from] drain|[of] p1a: Pelipper
|move|p1a: Pelipper|Hurricane|p2a: Milotic
|-damage|p2a: Milotic|14/100
|
|-weather|RainDance|[upkeep]
|upkeep
|turn|14
|
|t:|1779914346
|switch|p1a: Slowking|Slowking-Galar, F|100/100
|-activate|p2a: Milotic|confusion
|move|p2a: Milotic|Draining Kiss|p1a: Slowking
|-resisted|p1a: Slowking
|-damage|p1a: Slowking|93/100
|-heal|p2a: Milotic|20/100|[from] drain|[of] p1a: Slowking
|
|-weather|none
|upkeep
|turn|15
|
|t:|1779914354
|switch|p2a: Scrafty|Scrafty, M, shiny|100/100
|-ability|p2a: Scrafty|Intimidate|boost
|-unboost|p1a: Slowking|atk|1
|-prepare|p1a: Slowking|Chilly Reception|[premajor]
|move|p1a: Slowking|Chilly Reception|p1a: Slowking
|-weather|Snowscape
|
|t:|1779914356
|switch|p1a: Iron Valiant|Iron Valiant, tera:Electric|65/100|[from] Chilly Reception
|
|-weather|Snowscape|[upkeep]
|upkeep
|turn|16
|
|t:|1779914370
|switch|p2a: Milotic|Milotic, M, tera:Fairy|20/100
|move|p1a: Iron Valiant|Moonblast|p2a: Milotic
|-damage|p2a: Milotic|0 fnt
|faint|p2a: Milotic
|
|-weather|Snowscape|[upkeep]
|upkeep
|
|t:|1779914372
|switch|p2a: Houndstone|Houndstone, M|100/100
|turn|17
|
|t:|1779914376
|-end|p1a: Iron Valiant|Quark Drive|[silent]
|switch|p1a: Kingambit|Kingambit, F|100/100
|-activate|p1a: Kingambit|ability: Supreme Overlord
|-start|p1a: Kingambit|fallen1|[silent]
|move|p2a: Houndstone|Phantom Force||[still]
|-prepare|p2a: Houndstone|Phantom Force
|
|-weather|Snowscape|[upkeep]
|upkeep
|turn|18
|
|t:|1779914379
|move|p2a: Houndstone|Phantom Force|p1a: Kingambit|[from] lockedmove
|-resisted|p1a: Kingambit
|-damage|p1a: Kingambit|90/100
|move|p1a: Kingambit|Swords Dance|p1a: Kingambit
|-boost|p1a: Kingambit|atk|2
|
|-weather|Snowscape|[upkeep]
|upkeep
|turn|19
|
|t:|1779914384
|switch|p2a: Scrafty|Scrafty, M, shiny|100/100
|-ability|p2a: Scrafty|Intimidate|boost
|-unboost|p1a: Kingambit|atk|1
|move|p1a: Kingambit|Iron Head|p2a: Scrafty
|-damage|p2a: Scrafty|47/100
|
|-weather|none
|upkeep
|turn|20
|
|t:|1779914389
|-end|p1a: Kingambit|fallen1|[silent]
|switch|p1a: Slowking|Slowking-Galar, F|100/100
|move|p2a: Scrafty|Drain Punch|p1a: Slowking
|-resisted|p1a: Slowking
|-damage|p1a: Slowking|93/100
|-heal|p2a: Scrafty|51/100|[from] drain|[of] p1a: Slowking
|
|upkeep
|turn|21
|
|t:|1779914393
|switch|p1a: Iron Valiant|Iron Valiant, tera:Electric|65/100
|move|p2a: Scrafty|Knock Off|p1a: Iron Valiant
|-damage|p1a: Iron Valiant|33/100
|
|upkeep
|turn|22
|
|t:|1779914398
|switch|p2a: Houndstone|Houndstone, M|100/100
|move|p1a: Iron Valiant|Moonblast|p2a: Houndstone
|-damage|p2a: Houndstone|66/100
|
|-heal|p2a: Houndstone|73/100|[from] item: Leftovers
|upkeep
|turn|23
|
|t:|1779914404
|move|p1a: Iron Valiant|Moonblast|p2a: Houndstone
|-damage|p2a: Houndstone|36/100
|-unboost|p2a: Houndstone|spa|1
|move|p2a: Houndstone|Roar|p1a: Iron Valiant
|-end|p1a: Iron Valiant|Quark Drive|[silent]
|drag|p1a: Barraskewda|Barraskewda, M|100/100
|
|-heal|p2a: Houndstone|42/100|[from] item: Leftovers
|upkeep
|turn|24
|
|t:|1779914410
|move|p2a: Houndstone|Protect|p2a: Houndstone
|-singleturn|p2a: Houndstone|Protect
|move|p1a: Barraskewda|Flip Turn|p2a: Houndstone
|-activate|p2a: Houndstone|move: Protect
|
|-heal|p2a: Houndstone|48/100|[from] item: Leftovers
|upkeep
|turn|25
|
|t:|1779914411
|move|p1a: Barraskewda|Flip Turn|p2a: Houndstone
|-damage|p2a: Houndstone|26/100
|
|t:|1779914413
|switch|p1a: Pelipper|Pelipper, F|5/100|[from] Flip Turn
|-weather|RainDance|[from] ability: Drizzle|[of] p1a: Pelipper
|move|p2a: Houndstone|Pain Split|p1a: Pelipper
|-sethp|p1a: Pelipper|16/100|[from] move: Pain Split|[silent]
|-sethp|p2a: Houndstone|15/100|[from] move: Pain Split
|
|-weather|RainDance|[upkeep]
|-heal|p2a: Houndstone|21/100|[from] item: Leftovers
|upkeep
|turn|26
|
|t:|1779914418
|move|p2a: Houndstone|Protect|p2a: Houndstone
|-singleturn|p2a: Houndstone|Protect
|move|p1a: Pelipper|U-turn|p2a: Houndstone
|-activate|p2a: Houndstone|move: Protect
|
|-weather|RainDance|[upkeep]
|-heal|p2a: Houndstone|27/100|[from] item: Leftovers
|upkeep
|turn|27
|
|t:|1779914420
|move|p2a: Houndstone|Phantom Force||[still]
|-prepare|p2a: Houndstone|Phantom Force
|move|p1a: Pelipper|U-turn|p2a: Houndstone|[miss]
|-miss|p1a: Pelipper|p2a: Houndstone
|
|-weather|RainDance|[upkeep]
|-heal|p2a: Houndstone|33/100|[from] item: Leftovers
|upkeep
|turn|28
|
|t:|1779914423
|switch|p1a: Kingambit|Kingambit, F|90/100
|-activate|p1a: Kingambit|ability: Supreme Overlord
|-start|p1a: Kingambit|fallen1|[silent]
|move|p2a: Houndstone|Phantom Force|p1a: Kingambit|[from] lockedmove
|-resisted|p1a: Kingambit
|-damage|p1a: Kingambit|79/100
|
|-weather|RainDance|[upkeep]
|-heal|p2a: Houndstone|39/100|[from] item: Leftovers
|upkeep
|turn|29
|
|t:|1779914427
|-end|p1a: Kingambit|fallen1|[silent]
|switch|p1a: Pelipper|Pelipper, F|16/100
|move|p2a: Houndstone|Pain Split|p1a: Pelipper
|-sethp|p1a: Pelipper|29/100|[from] move: Pain Split|[silent]
|-sethp|p2a: Houndstone|27/100|[from] move: Pain Split
|
|-weather|none
|-heal|p2a: Houndstone|33/100|[from] item: Leftovers
|upkeep
|turn|30
|
|t:|1779914430
|switch|p1a: Iron Valiant|Iron Valiant, tera:Electric|33/100
|move|p2a: Houndstone|Protect||[still]
|-fail|p2a: Houndstone
|
|-heal|p2a: Houndstone|39/100|[from] item: Leftovers
|upkeep
|turn|31
|
|t:|1779914434
|move|p2a: Houndstone|Protect|p2a: Houndstone
|-singleturn|p2a: Houndstone|Protect
|move|p1a: Iron Valiant|Calm Mind|p1a: Iron Valiant
|-boost|p1a: Iron Valiant|spa|1
|-boost|p1a: Iron Valiant|spd|1
|
|-heal|p2a: Houndstone|45/100|[from] item: Leftovers
|upkeep
|turn|32
|
|t:|1779914438
|move|p1a: Iron Valiant|Moonblast|p2a: Houndstone
|-damage|p2a: Houndstone|0 fnt
|faint|p2a: Houndstone
|
|upkeep
|
|t:|1779914441
|switch|p2a: Scrafty|Scrafty, M, shiny|51/100
|-ability|p2a: Scrafty|Intimidate|boost
|-unboost|p1a: Iron Valiant|atk|1
|turn|33
|
|t:|1779914443
|move|p1a: Iron Valiant|Moonblast|p2a: Scrafty
|-supereffective|p2a: Scrafty
|-crit|p2a: Scrafty
|-damage|p2a: Scrafty|0 fnt
|faint|p2a: Scrafty
|
|upkeep
|-message|jessies boyfriend forfeited.
|
|win|darkandgothicmaga
|raw|darkandgothicmaga's rating: 1350 &rarr; <strong>1372</strong><br />(+22 for winning)
|raw|jessies boyfriend's rating: 1391 &rarr; <strong>1369</strong><br />(-22 for losing)
|l|☆jessies boyfriend
|player|p2|
