|j|☆I'm evil and spicy
|j|☆Volga123
|t:|1779970344
|gametype|singles
|player|p1|I'm evil and spicy|clair|1553
|player|p2|Volga123|cynthia|1503
|gen|9
|tier|[Gen 9] OU
|rated|
|rule|HP Percentage Mod: HP is shown in percentages
|rule|Endless Battle Clause: Forcing endless battles is banned
|rule|Species Clause: Limit one of each Pokémon
|rule|OHKO Clause: OHKO moves are banned
|rule|Evasion Items Clause: Evasion items are banned
|rule|Evasion Moves Clause: Evasion moves are banned
|rule|Evasion Abilities Clause: Evasion abilities are banned
|rule|Sleep Moves Clause: Sleep-inducing moves are banned
|clearpoke
|poke|p1|Regieleki|
|poke|p1|Walking Wake|
|poke|p1|Whimsicott, F|
|poke|p1|Ninetales, M|
|poke|p1|Great Tusk|
|poke|p1|Iron Moth|
|poke|p2|Clodsire, F|
|poke|p2|Cinccino, M|
|poke|p2|Milotic, F|
|poke|p2|Arcanine-Hisui, F|
|poke|p2|Houndstone, M|
|poke|p2|Lurantis, M|
|teampreview
|inactive|Battle timer is ON: inactive players will automatically lose when time's up. (requested by Volga123)
|
|t:|1779970369
|teamsize|p1|6
|teamsize|p2|6
|start
|switch|p1a: Ninetales|Ninetales, M|100/100
|switch|p2a: Cinccino|Cinccino, M|100/100
|-weather|SunnyDay|[from] ability: Drought|[of] p1a: Ninetales
|turn|1
|
|t:|1779970382
|switch|p1a: Great Tusk|Great Tusk|100/100
|-activate|p1a: Great Tusk|ability: Protosynthesis
|-start|p1a: Great Tusk|protosynthesisspe
|move|p2a: Cinccino|Rock Blast|p1a: Great Tusk
|-resisted|p1a: Great Tusk
|-damage|p1a: Great Tusk|99/100
|-resisted|p1a: Great Tusk
|-damage|p1a: Great Tusk|97/100
|-resisted|p1a: Great Tusk
|-damage|p1a: Great Tusk|95/100
|-resisted|p1a: Great Tusk
|-damage|p1a: Great Tusk|93/100
|-hitcount|p1a: Great Tusk|4
|
|-weather|SunnyDay|[upkeep]
|upkeep
|turn|2
|
|t:|1779970389
|switch|p2a: Houndstone|Houndstone, M|100/100
|move|p1a: Great Tusk|Headlong Rush|p2a: Houndstone
|-damage|p2a: Houndstone|81/100
|-unboost|p1a: Great Tusk|def|1
|-unboost|p1a: Great Tusk|spd|1
|-damage|p1a: Great Tusk|77/100|[from] item: Rocky Helmet|[of] p2a: Houndstone
|
|-weather|SunnyDay|[upkeep]
|upkeep
|turn|3
|
|t:|1779970402
|-end|p1a: Great Tusk|Protosynthesis|[silent]
|switch|p1a: Iron Moth|Iron Moth|100/100
|move|p2a: Houndstone|Poltergeist|p1a: Iron Moth
|-activate|p1a: Iron Moth|move: Poltergeist|Life Orb
|-damage|p1a: Iron Moth|29/100
|
|-weather|SunnyDay|[upkeep]
|upkeep
|turn|4
|
|t:|1779970412
|switch|p2a: Milotic|Milotic, F|100/100
|move|p1a: Iron Moth|Morning Sun|p1a: Iron Moth
|-heal|p1a: Iron Moth|96/100
|
|-weather|SunnyDay|[upkeep]
|upkeep
|turn|5
|
|t:|1779970433
|-end|p1a: Iron Moth|Quark Drive|[silent]
|switch|p1a: Walking Wake|Walking Wake|100/100
|-activate|p1a: Walking Wake|ability: Protosynthesis
|-start|p1a: Walking Wake|protosynthesisspa
|move|p2a: Milotic|Flip Turn|p1a: Walking Wake
|-resisted|p1a: Walking Wake
|-damage|p1a: Walking Wake|99/100
|
|t:|1779970437
|switch|p2a: Clodsire|Clodsire, F|100/100|[from] Flip Turn
|
|-weather|SunnyDay|[upkeep]
|upkeep
|turn|6
|
|t:|1779970443
|move|p1a: Walking Wake|Draco Meteor|p2a: Clodsire
|-damage|p2a: Clodsire|0 fnt
|-unboost|p1a: Walking Wake|spa|2
|faint|p2a: Clodsire
|
|-weather|SunnyDay|[upkeep]
|upkeep
|
|t:|1779970469
|switch|p2a: Lurantis|Lurantis, M, shiny|100/100
|turn|7
|
|t:|1779970478
|-end|p1a: Walking Wake|Protosynthesis|[silent]
|switch|p1a: Iron Moth|Iron Moth|96/100
|move|p2a: Lurantis|Leaf Storm|p1a: Iron Moth
|-resisted|p1a: Iron Moth
|-damage|p1a: Iron Moth|86/100
|-boost|p2a: Lurantis|spa|2
|
|-weather|SunnyDay|[upkeep]
|upkeep
|turn|8
|l|☆Volga123
|inactive|Volga123 disconnected and has a minute to reconnect!
|player|p2|
|inactive|Volga123 has 30 seconds to reconnect!
|inactive|Volga123 has 20 seconds to reconnect!
|inactive|Volga123 has 15 seconds to reconnect!
|inactive|Volga123 has 10 seconds to reconnect!
|inactive|Volga123 has 5 seconds to reconnect!
|-message|Volga123 lost due to inactivity.
|
|win|I'm evil and spicy
|raw|I&apos;m evil and spicy's rating: 1553 &rarr; <strong>1570</strong><br />(+17 for winning)
|raw|Volga123's rating: 1503 &rarr; <strong>1486</strong><br />(-17 for losing)
|l|☆I'm evil and spicy
|player|p1|
