|j|☆a19a19
|j|‽kingofkanto69
|t:|1779830335
|gametype|singles
|player|p1|a19a19|red|1405
|player|p2|kingofkanto69|red|1434
|gen|9
|tier|[Gen 9] OU
|rated|
|rule|HP Percentage Mod: HP is shown in percentages
|rule|Endless Battle Clause: Forcing endless battles is banned
|rule|Species Clause: Limit one of each Pokémon
|rule|OHKO Clause: OHKO moves are banned
|rule|Evasion Items Clause: Evasion items are banned
|rule|Evasion Moves Clause: Evasion moves are banned
|rule|Evasion Abilities Clause: Evasion abilities are banned
|rule|Sleep Moves Clause: Sleep-inducing moves are banned
|clearpoke
|poke|p1|Kyurem|
|poke|p1|Great Tusk|
|poke|p1|Entei|
|poke|p1|Ting-Lu|
|poke|p1|Tornadus-Therian, M|
|poke|p1|Dragapult, F|
|poke|p2|Ninetales, F|
|poke|p2|Walking Wake|
|poke|p2|Great Tusk|
|poke|p2|Ceruledge, M|
|poke|p2|Dragonite, F|
|poke|p2|Cinderace, M|
|teampreview
|inactive|Battle timer is ON: inactive players will automatically lose when time's up. (requested by a19a19)
|
|t:|1779830370
|teamsize|p1|6
|teamsize|p2|6
|start
|switch|p1a: Tornadus|Tornadus-Therian, M|100/100
|switch|p2a: Ceruledge|Ceruledge, M, shiny|100/100
|turn|1
|
|t:|1779830379
|switch|p2a: Ninetales|Ninetales, F|100/100
|-weather|SunnyDay|[from] ability: Drought|[of] p2a: Ninetales
|move|p1a: Tornadus|Taunt|p2a: Ninetales
|-start|p2a: Ninetales|move: Taunt
|
|-weather|SunnyDay|[upkeep]
|upkeep
|turn|2
|
|t:|1779830388
|move|p2a: Ninetales|Weather Ball|p1a: Tornadus
|-damage|p1a: Tornadus|65/100
|move|p1a: Tornadus|Knock Off|p2a: Ninetales
|-damage|p2a: Ninetales|78/100
|-enditem|p2a: Ninetales|Heat Rock|[from] move: Knock Off|[of] p1a: Tornadus
|
|-weather|SunnyDay|[upkeep]
|upkeep
|turn|3
|
|t:|1779830407
|move|p2a: Ninetales|Weather Ball|p1a: Tornadus
|-damage|p1a: Tornadus|33/100
|move|p1a: Tornadus|Knock Off|p2a: Ninetales
|-damage|p2a: Ninetales|60/100
|
|-weather|SunnyDay|[upkeep]
|-end|p2a: Ninetales|move: Taunt
|upkeep
|turn|4
|
|t:|1779830417
|switch|p1a: Dragapult|Dragapult, F|100/100
|move|p2a: Ninetales|Weather Ball|p1a: Dragapult
|-resisted|p1a: Dragapult
|-crit|p1a: Dragapult
|-damage|p1a: Dragapult|59/100
|
|-weather|SunnyDay|[upkeep]
|upkeep
|turn|5
|
|t:|1779830428
|move|p1a: Dragapult|Draco Meteor|p2a: Ninetales|[miss]
|-miss|p1a: Dragapult|p2a: Ninetales
|move|p2a: Ninetales|Will-O-Wisp|p1a: Dragapult|[miss]
|-miss|p2a: Ninetales|p1a: Dragapult
|
|-weather|SunnyDay|[upkeep]
|upkeep
|turn|6
|inactive|kingofkanto69 has 120 seconds left.
|
|t:|1779830460
|switch|p2a: Great Tusk|Great Tusk, shiny|100/100
|-activate|p2a: Great Tusk|ability: Protosynthesis
|-start|p2a: Great Tusk|protosynthesisatk
|move|p1a: Dragapult|Draco Meteor|p2a: Great Tusk
|-damage|p2a: Great Tusk|0 fnt
|-unboost|p1a: Dragapult|spa|2
|faint|p2a: Great Tusk
|-end|p2a: Great Tusk|Protosynthesis|[silent]
|
|-weather|SunnyDay|[upkeep]
|upkeep
|inactive|kingofkanto69 has 120 seconds left.
|
|t:|1779830467
|switch|p2a: Walking Wake|Walking Wake|100/100
|-activate|p2a: Walking Wake|ability: Protosynthesis
|-start|p2a: Walking Wake|protosynthesisspe
|turn|7
|
|t:|1779830481
|switch|p1a: Entei|Entei|100/100
|-terastallize|p2a: Walking Wake|Water
|move|p2a: Walking Wake|Hydro Steam|p1a: Entei
|-supereffective|p1a: Entei
|-damage|p1a: Entei|0 fnt
|faint|p1a: Entei
|
|-weather|SunnyDay|[upkeep]
|upkeep
|inactive|a19a19 has 120 seconds left.
|inactive|a19a19 has 90 seconds left.
|
|t:|1779830543
|switch|p1a: Kyurem|Kyurem|100/100
|-ability|p1a: Kyurem|Pressure
|turn|8
|inactive|a19a19 has 90 seconds left.
|
|t:|1779830555
|-end|p2a: Walking Wake|Protosynthesis|[silent]
|switch|p2a: Cinderace|Cinderace, M, shiny|100/100
|move|p1a: Kyurem|Dragon Dance|p1a: Kyurem
|-boost|p1a: Kyurem|atk|1
|-boost|p1a: Kyurem|spe|1
|
|-weather|none
|upkeep
|turn|9
|
|t:|1779830563
|move|p1a: Kyurem|Earth Power|p2a: Cinderace
|-supereffective|p2a: Cinderace
|-damage|p2a: Cinderace|33/100
|-unboost|p2a: Cinderace|spd|1
|move|p2a: Cinderace|Will-O-Wisp|p1a: Kyurem|[miss]
|-miss|p2a: Cinderace|p1a: Kyurem
|
|upkeep
|turn|10
|
|t:|1779830572
|move|p1a: Kyurem|Earth Power|p2a: Cinderace
|-supereffective|p2a: Cinderace
|-damage|p2a: Cinderace|0 fnt
|faint|p2a: Cinderace
|
|upkeep
|
|t:|1779830576
|switch|p2a: Ninetales|Ninetales, F|60/100
|-weather|SunnyDay|[from] ability: Drought|[of] p2a: Ninetales
|turn|11
|
|t:|1779830581
|move|p1a: Kyurem|Dragon Dance|p1a: Kyurem
|-boost|p1a: Kyurem|atk|1
|-boost|p1a: Kyurem|spe|1
|move|p2a: Ninetales|Encore|p1a: Kyurem
|-start|p1a: Kyurem|Encore
|
|-weather|SunnyDay|[upkeep]
|upkeep
|turn|12
|inactive|a19a19 has 120 seconds left.
|
|t:|1779830589
|switch|p1a: Tornadus|Tornadus-Therian, M|66/100
|switch|p2a: Walking Wake|Walking Wake, tera:Water|100/100
|-activate|p2a: Walking Wake|ability: Protosynthesis
|-start|p2a: Walking Wake|protosynthesisspe
|
|-weather|SunnyDay|[upkeep]
|upkeep
|turn|13
|inactive|a19a19 has 120 seconds left.
|
|t:|1779830609
|switch|p1a: Up Bowl On Em|Ting-Lu|100/100
|-ability|p1a: Up Bowl On Em|Vessel of Ruin
|move|p2a: Walking Wake|Hydro Steam|p1a: Up Bowl On Em
|-supereffective|p1a: Up Bowl On Em
|-damage|p1a: Up Bowl On Em|0 fnt
|faint|p1a: Up Bowl On Em
|
|-weather|SunnyDay|[upkeep]
|upkeep
|
|t:|1779830622
|switch|p1a: Tornadus|Tornadus-Therian, M|99/100
|turn|14
|
|t:|1779830633
|move|p2a: Walking Wake|Hydro Steam|p1a: Tornadus
|-damage|p1a: Tornadus|9/100
|move|p1a: Tornadus|Knock Off|p2a: Walking Wake
|-damage|p2a: Walking Wake|78/100
|-enditem|p2a: Walking Wake|Choice Specs|[from] move: Knock Off|[of] p1a: Tornadus
|
|-weather|SunnyDay|[upkeep]
|upkeep
|turn|15
|
|t:|1779830643
|move|p2a: Walking Wake|Dragon Pulse|p1a: Tornadus
|-damage|p1a: Tornadus|0 fnt
|faint|p1a: Tornadus
|
|-weather|none
|-end|p2a: Walking Wake|Protosynthesis
|upkeep
|inactive|a19a19 has 120 seconds left.
|
|t:|1779830654
|switch|p1a: Dragapult|Dragapult, F|59/100
|turn|16
|
|t:|1779830660
|-end|p2a: Walking Wake|Protosynthesis|[silent]
|switch|p2a: Ninetales|Ninetales, F|60/100
|-weather|SunnyDay|[from] ability: Drought|[of] p2a: Ninetales
|move|p1a: Dragapult|Draco Meteor|p2a: Ninetales
|-damage|p2a: Ninetales|0 fnt
|-unboost|p1a: Dragapult|spa|2
|faint|p2a: Ninetales
|
|-weather|SunnyDay|[upkeep]
|upkeep
|
|t:|1779830666
|switch|p2a: Walking Wake|Walking Wake, tera:Water|78/100
|-activate|p2a: Walking Wake|ability: Protosynthesis
|-start|p2a: Walking Wake|protosynthesisspe
|turn|17
|inactive|a19a19 has 120 seconds left.
|
|t:|1779830692
|move|p2a: Walking Wake|Dragon Pulse|p1a: Dragapult
|-supereffective|p1a: Dragapult
|-damage|p1a: Dragapult|0 fnt
|faint|p1a: Dragapult
|
|-weather|SunnyDay|[upkeep]
|upkeep
|inactive|a19a19 has 120 seconds left.
|
|t:|1779830699
|switch|p1a: Kyurem|Kyurem|100/100
|-ability|p1a: Kyurem|Pressure
|turn|18
|
|t:|1779830723
|-terastallize|p1a: Kyurem|Ice
|move|p2a: Walking Wake|Dragon Pulse|p1a: Kyurem
|-damage|p1a: Kyurem|58/100
|move|p1a: Kyurem|Freeze-Dry|p2a: Walking Wake
|-supereffective|p2a: Walking Wake
|-damage|p2a: Walking Wake|0 fnt
|faint|p2a: Walking Wake
|-end|p2a: Walking Wake|Protosynthesis|[silent]
|
|-weather|SunnyDay|[upkeep]
|upkeep
|
|t:|1779830731
|switch|p2a: Ceruledge|Ceruledge, M, shiny|100/100
|turn|19
|
|t:|1779830743
|move|p1a: Kyurem|Icicle Spear|p2a: Ceruledge
|-resisted|p2a: Ceruledge
|-damage|p2a: Ceruledge|89/100
|-ability|p2a: Ceruledge|Weak Armor|boost
|-unboost|p2a: Ceruledge|def|1
|-boost|p2a: Ceruledge|spe|2
|-resisted|p2a: Ceruledge
|-damage|p2a: Ceruledge|72/100
|-ability|p2a: Ceruledge|Weak Armor|boost
|-unboost|p2a: Ceruledge|def|1
|-boost|p2a: Ceruledge|spe|2
|-hitcount|p2a: Ceruledge|2
|move|p2a: Ceruledge|Bitter Blade|p1a: Kyurem
|-supereffective|p1a: Kyurem
|-damage|p1a: Kyurem|0 fnt
|-heal|p2a: Ceruledge|100/100|[from] drain|[of] p1a: Kyurem
|faint|p1a: Kyurem
|
|-weather|SunnyDay|[upkeep]
|upkeep
|inactive|a19a19 has 120 seconds left.
|
|t:|1779830761
|switch|p1a: Great Tusk|Great Tusk|100/100
|-activate|p1a: Great Tusk|ability: Protosynthesis
|-start|p1a: Great Tusk|protosynthesisatk
|turn|20
|
|t:|1779830768
|move|p2a: Ceruledge|Bitter Blade|p1a: Great Tusk
|-crit|p1a: Great Tusk
|-damage|p1a: Great Tusk|12/100
|move|p1a: Great Tusk|Knock Off|p2a: Ceruledge
|-supereffective|p2a: Ceruledge
|-enditem|p2a: Ceruledge|Focus Sash
|-damage|p2a: Ceruledge|1/100
|-ability|p2a: Ceruledge|Weak Armor|boost
|-unboost|p2a: Ceruledge|def|1
|-boost|p2a: Ceruledge|spe|2
|
|-weather|none
|-end|p1a: Great Tusk|Protosynthesis
|upkeep
|-enditem|p1a: Great Tusk|Booster Energy
|-activate|p1a: Great Tusk|ability: Protosynthesis|[fromitem]
|-start|p1a: Great Tusk|protosynthesisatk
|turn|21
|-message|a19a19 forfeited.
|
|win|kingofkanto69
|raw|a19a19's rating: 1405 &rarr; <strong>1387</strong><br />(-18 for losing)
|raw|kingofkanto69's rating: 1434 &rarr; <strong>1452</strong><br />(+18 for winning)
|l|☆a19a19
|player|p1|
