|j|‽vanllesco
|j|☆menma0823
|t:|1779888583
|gametype|singles
|player|p1|vanllesco|hilbert|1127
|player|p2|menma0823|2|1108
|gen|9
|tier|[Gen 9] OU
|rated|
|rule|HP Percentage Mod: HP is shown in percentages
|rule|Endless Battle Clause: Forcing endless battles is banned
|rule|Species Clause: Limit one of each Pokémon
|rule|OHKO Clause: OHKO moves are banned
|rule|Evasion Items Clause: Evasion items are banned
|rule|Evasion Moves Clause: Evasion moves are banned
|rule|Evasion Abilities Clause: Evasion abilities are banned
|rule|Sleep Moves Clause: Sleep-inducing moves are banned
|clearpoke
|poke|p1|Samurott-Hisui, M|
|poke|p1|Corviknight, M|
|poke|p1|Hatterene, F|
|poke|p1|Umbreon, F|
|poke|p1|Toxtricity-Low-Key, M|
|poke|p1|Garchomp, M|
|poke|p2|Landorus-Therian, M|
|poke|p2|Venusaur, F|
|poke|p2|Pikachu-Alola, M|
|poke|p2|Quaquaval, F|
|poke|p2|Sableye, F|
|poke|p2|Torkoal, M|
|teampreview
|inactive|Battle timer is ON: inactive players will automatically lose when time's up. (requested by menma0823)
|inactive|vanllesco has 120 seconds left.
|
|t:|1779888639
|teamsize|p1|6
|teamsize|p2|6
|start
|switch|p1a: Garchomp|Garchomp, M|100/100
|switch|p2a: Landorus|Landorus-Therian, M, shiny|100/100
|-ability|p2a: Landorus|Intimidate|boost
|-unboost|p1a: Garchomp|atk|1
|turn|1
|
|t:|1779888649
|switch|p1a: Corviknight|Corviknight, M|100/100
|move|p2a: Landorus|Swords Dance|p2a: Landorus
|-boost|p2a: Landorus|atk|2
|
|upkeep
|turn|2
|
|t:|1779888663
|move|p2a: Landorus|Swords Dance|p2a: Landorus
|-boost|p2a: Landorus|atk|2
|move|p1a: Corviknight|U-turn|p2a: Landorus
|-resisted|p2a: Landorus
|-damage|p2a: Landorus|93/100
|
|t:|1779888665
|switch|p1a: Umbreon|Umbreon, F, shiny|100/100|[from] U-turn
|
|upkeep
|turn|3
|
|t:|1779888675
|move|p2a: Landorus|Earthquake|p1a: Umbreon
|-damage|p1a: Umbreon|0 fnt
|faint|p1a: Umbreon
|-damage|p2a: Landorus|83/100|[from] item: Life Orb
|
|upkeep
|
|t:|1779888681
|switch|p1a: Toxtricity|Toxtricity-Low-Key, M|100/100
|turn|4
|
|t:|1779888687
|-terastallize|p1a: Toxtricity|Flying
|move|p1a: Toxtricity|Boomburst|p2a: Landorus
|-damage|p2a: Landorus|0 fnt
|faint|p2a: Landorus
|
|upkeep
|
|t:|1779888700
|switch|p2a: Pikachu|Pikachu-Alola, M|100/100
|turn|5
|
|t:|1779888719
|switch|p1a: Garchomp|Garchomp, M|100/100
|move|p2a: Pikachu|Wild Charge|p1a: Garchomp
|-immune|p1a: Garchomp
|
|upkeep
|turn|6
|
|t:|1779888726
|move|p1a: Garchomp|Earthquake|p2a: Pikachu
|-supereffective|p2a: Pikachu
|-damage|p2a: Pikachu|0 fnt
|faint|p2a: Pikachu
|
|upkeep
|
|t:|1779888732
|switch|p2a: Torkoal|Torkoal, M, shiny|100/100
|-weather|SunnyDay|[from] ability: Drought|[of] p2a: Torkoal
|turn|7
|
|t:|1779888739
|move|p1a: Garchomp|Earthquake|p2a: Torkoal
|-supereffective|p2a: Torkoal
|-damage|p2a: Torkoal|15/100
|move|p2a: Torkoal|Eruption|p1a: Garchomp
|-resisted|p1a: Garchomp
|-damage|p1a: Garchomp|94/100
|
|-weather|SunnyDay|[upkeep]
|upkeep
|turn|8
|
|t:|1779888753
|switch|p2a: Sableye|Sableye, F, shiny|100/100
|move|p1a: Garchomp|Earthquake|p2a: Sableye
|-damage|p2a: Sableye|46/100
|
|-weather|SunnyDay|[upkeep]
|-heal|p2a: Sableye|52/100|[from] item: Leftovers
|upkeep
|turn|9
|
|t:|1779888768
|switch|p1a: Hatterene|Hatterene, F|100/100
|switch|p2a: Venusaur|Venusaur, F, shiny|100/100
|
|-weather|SunnyDay|[upkeep]
|upkeep
|turn|10
|
|t:|1779888777
|move|p2a: Venusaur|Sludge Bomb|p1a: Hatterene
|-supereffective|p1a: Hatterene
|-damage|p1a: Hatterene|13/100
|move|p1a: Hatterene|Mystical Fire|p2a: Venusaur
|-supereffective|p2a: Venusaur
|-damage|p2a: Venusaur|25/100
|-unboost|p2a: Venusaur|spa|1
|
|-weather|SunnyDay|[upkeep]
|-heal|p2a: Venusaur|31/100|[from] item: Leftovers
|upkeep
|turn|11
|
|t:|1779888788
|switch|p2a: Sableye|Sableye, F, shiny|52/100
|switch|p1a: Corviknight|Corviknight, M|100/100
|
|-weather|none
|-heal|p2a: Sableye|59/100|[from] item: Leftovers
|upkeep
|turn|12
|
|t:|1779888798
|switch|p1a: Samurott|Samurott-Hisui, M|100/100
|move|p2a: Sableye|Light Screen|p2a: Sableye
|-sidestart|p2: menma0823|move: Light Screen
|
|-heal|p2a: Sableye|65/100|[from] item: Leftovers
|upkeep
|turn|13
|inactive|menma0823 has 120 seconds left.
|
|t:|1779888834
|move|p1a: Samurott|Ceaseless Edge|p2a: Sableye
|-damage|p2a: Sableye|15/100
|-sidestart|p2: menma0823|Spikes
|move|p2a: Sableye|Foul Play|p1a: Samurott
|-resisted|p1a: Samurott
|-damage|p1a: Samurott|72/100
|
|-heal|p1a: Samurott|78/100|[from] item: Leftovers
|-heal|p2a: Sableye|21/100|[from] item: Leftovers
|upkeep
|turn|14
|inactive|menma0823 has 120 seconds left.
|
|t:|1779888854
|move|p2a: Sableye|Recover|p2a: Sableye
|-heal|p2a: Sableye|71/100
|move|p1a: Samurott|Ceaseless Edge|p2a: Sableye
|-damage|p2a: Sableye|26/100
|-sidestart|p2: menma0823|Spikes
|
|-heal|p1a: Samurott|84/100|[from] item: Leftovers
|-heal|p2a: Sableye|32/100|[from] item: Leftovers
|upkeep
|turn|15
|
|t:|1779888868
|switch|p2a: Torkoal|Torkoal, M, shiny|15/100
|-damage|p2a: Torkoal|0 fnt|[from] Spikes
|faint|p2a: Torkoal
|move|p1a: Samurott|Ceaseless Edge|p2: Torkoal|[notarget]
|-fail|p1a: Samurott
|
|-heal|p1a: Samurott|91/100|[from] item: Leftovers
|upkeep
|
|t:|1779888879
|switch|p2a: Quaquaval|Quaquaval, F, shiny|100/100
|-damage|p2a: Quaquaval|84/100|[from] Spikes
|turn|16
|
|t:|1779888887
|switch|p1a: Corviknight|Corviknight, M|100/100
|move|p2a: Quaquaval|Close Combat|p1a: Corviknight
|-damage|p1a: Corviknight|63/100
|-unboost|p2a: Quaquaval|def|1
|-unboost|p2a: Quaquaval|spd|1
|-damage|p2a: Quaquaval|67/100|[from] item: Rocky Helmet|[of] p1a: Corviknight
|
|-sideend|p2: menma0823|move: Light Screen
|upkeep
|turn|17
|
|t:|1779888901
|switch|p2a: Sableye|Sableye, F, shiny|32/100
|-damage|p2a: Sableye|16/100|[from] Spikes
|move|p1a: Corviknight|Brave Bird|p2a: Sableye
|-damage|p2a: Sableye|0 fnt
|faint|p2a: Sableye
|-damage|p1a: Corviknight|59/100|[from] Recoil
|
|upkeep
|
|t:|1779888911
|switch|p2a: Venusaur|Venusaur, F, shiny|31/100
|-damage|p2a: Venusaur|14/100|[from] Spikes
|turn|18
|
|t:|1779888918
|move|p2a: Venusaur|Giga Drain|p1a: Corviknight
|-resisted|p1a: Corviknight
|-damage|p1a: Corviknight|50/100
|-heal|p2a: Venusaur|20/100|[from] drain|[of] p1a: Corviknight
|move|p1a: Corviknight|Roost|p1a: Corviknight
|-heal|p1a: Corviknight|99/100
|-singleturn|p1a: Corviknight|move: Roost
|
|-heal|p2a: Venusaur|26/100|[from] item: Leftovers
|upkeep
|turn|19
|inactive|menma0823 has 120 seconds left.
|
|t:|1779888929
|move|p2a: Venusaur|Solar Beam||[still]
|-prepare|p2a: Venusaur|Solar Beam
|move|p1a: Corviknight|Brave Bird|p2a: Venusaur
|-supereffective|p2a: Venusaur
|-damage|p2a: Venusaur|0 fnt
|faint|p2a: Venusaur
|-damage|p1a: Corviknight|94/100|[from] Recoil
|
|upkeep
|
|t:|1779888937
|switch|p2a: Quaquaval|Quaquaval, F, shiny|67/100
|-damage|p2a: Quaquaval|50/100|[from] Spikes
|turn|20
|
|t:|1779888941
|move|p2a: Quaquaval|Aqua Step|p1a: Corviknight
|-damage|p1a: Corviknight|69/100
|-boost|p2a: Quaquaval|spe|1
|-damage|p2a: Quaquaval|34/100|[from] item: Rocky Helmet|[of] p1a: Corviknight
|move|p1a: Corviknight|Brave Bird|p2a: Quaquaval
|-supereffective|p2a: Quaquaval
|-damage|p2a: Quaquaval|0 fnt
|faint|p2a: Quaquaval
|-damage|p1a: Corviknight|59/100|[from] Recoil
|
|win|vanllesco
|raw|vanllesco's rating: 1127 &rarr; <strong>1151</strong><br />(+24 for winning)
|raw|menma0823's rating: 1108 &rarr; <strong>1084</strong><br />(-24 for losing)
|l|‽vanllesco
|player|p1|
|l|☆menma0823
|player|p2|
