|j|☆Demostert
|j|☆baakrisht
|t:|1779878882
|gametype|singles
|player|p1|Demostert|barry|1290
|player|p2|baakrisht|102|1261
|gen|9
|tier|[Gen 9] OU
|rated|
|rule|HP Percentage Mod: HP is shown in percentages
|rule|Endless Battle Clause: Forcing endless battles is banned
|rule|Species Clause: Limit one of each Pokémon
|rule|OHKO Clause: OHKO moves are banned
|rule|Evasion Items Clause: Evasion items are banned
|rule|Evasion Moves Clause: Evasion moves are banned
|rule|Evasion Abilities Clause: Evasion abilities are banned
|rule|Sleep Moves Clause: Sleep-inducing moves are banned
|clearpoke
|poke|p1|Heatran, F|
|poke|p1|Samurott-Hisui, M|
|poke|p1|Garchomp, F|
|poke|p1|Corviknight, M|
|poke|p1|Zamazenta-*|
|poke|p1|Ogerpon, F|
|poke|p2|Espeon, F|
|poke|p2|Goodra, F|
|poke|p2|Weezing-Galar, M|
|poke|p2|Orthworm, F|
|poke|p2|Suicune|
|poke|p2|Muk-Alola, M|
|teampreview
|
|t:|1779878903
|teamsize|p1|6
|teamsize|p2|6
|start
|switch|p1a: Samurott|Samurott-Hisui, M, shiny|100/100
|switch|p2a: दील दो 💖|Orthworm, F|100/100
|turn|1
|
|t:|1779878912
|move|p1a: Samurott|Knock Off|p2a: दील दो 💖
|-damage|p2a: दील दो 💖|79/100
|-enditem|p2a: दील दो 💖|Leftovers|[from] move: Knock Off|[of] p1a: Samurott
|move|p2a: दील दो 💖|Body Press|p1a: Samurott
|-supereffective|p1a: Samurott
|-damage|p1a: Samurott|26/100
|
|upkeep
|turn|2
|
|t:|1779878920
|switch|p1a: Garchomp|Garchomp, F, shiny|100/100
|move|p2a: दील दो 💖|Body Press|p1a: Garchomp
|-damage|p1a: Garchomp|80/100
|-damage|p2a: दील दो 💖|66/100|[from] ability: Rough Skin|[of] p1a: Garchomp
|-damage|p2a: दील दो 💖|50/100|[from] item: Rocky Helmet|[of] p1a: Garchomp
|
|upkeep
|turn|3
|
|t:|1779878931
|move|p1a: Garchomp|Stealth Rock|p2a: दील दो 💖
|-sidestart|p2: baakrisht|move: Stealth Rock
|move|p2a: दील दो 💖|Iron Defense|p2a: दील दो 💖
|-boost|p2a: दील दो 💖|def|2
|
|upkeep
|turn|4
|
|t:|1779878936
|move|p2a: दील दो 💖|Iron Defense|p2a: दील दो 💖
|-boost|p2a: दील दो 💖|def|2
|move|p1a: Garchomp|Dragon Tail|p2a: दील दो 💖|[miss]
|-miss|p1a: Garchomp|p2a: दील दो 💖
|
|upkeep
|turn|5
|
|t:|1779878941
|move|p2a: दील दो 💖|Body Press|p1a: Garchomp
|-damage|p1a: Garchomp|14/100
|-damage|p2a: दील दो 💖|37/100|[from] ability: Rough Skin|[of] p1a: Garchomp
|-damage|p2a: दील दो 💖|21/100|[from] item: Rocky Helmet|[of] p1a: Garchomp
|move|p1a: Garchomp|Dragon Tail|p2a: दील दो 💖
|-resisted|p2a: दील दो 💖
|-damage|p2a: दील दो 💖|18/100
|drag|p2a: बिलाई मौसी|Espeon, F|100/100
|-damage|p2a: बिलाई मौसी|88/100|[from] Stealth Rock
|
|upkeep
|turn|6
|
|t:|1779878946
|switch|p1a: Samurott|Samurott-Hisui, M, shiny|26/100
|move|p2a: बिलाई मौसी|Psychic|p1a: Samurott
|-immune|p1a: Samurott
|
|upkeep
|turn|7
|
|t:|1779878954
|switch|p2a: लाठ साहब|Weezing-Galar, M, shiny|100/100
|-damage|p2a: लाठ साहब|88/100|[from] Stealth Rock
|move|p1a: Samurott|Sucker Punch||[still]
|-fail|p1a: Samurott
|
|upkeep
|turn|8
|
|t:|1779878961
|move|p1a: Samurott|Razor Shell|p2a: लाठ साहब|[miss]
|-miss|p1a: Samurott|p2a: लाठ साहब
|move|p2a: लाठ साहब|Toxic Spikes|p1a: Samurott
|-sidestart|p1: Demostert|move: Toxic Spikes
|
|upkeep
|turn|9
|
|t:|1779878969
|move|p1a: Samurott|Ceaseless Edge|p2a: लाठ साहब
|-resisted|p2a: लाठ साहब
|-damage|p2a: लाठ साहब|76/100
|-damage|p1a: Samurott|9/100|[from] item: Rocky Helmet|[of] p2a: लाठ साहब
|-sidestart|p2: baakrisht|Spikes
|move|p2a: लाठ साहब|Clear Smog|p1a: Samurott
|-damage|p1a: Samurott|0 fnt
|-clearboost|p1a: Samurott
|faint|p1a: Samurott
|
|upkeep
|
|t:|1779878977
|switch|p1a: Corviknight|Corviknight, M, shiny|100/100
|-ability|p1a: Corviknight|Pressure
|turn|10
|
|t:|1779878986
|move|p1a: Corviknight|Defog|p2a: लाठ साहब
|-unboost|p2a: लाठ साहब|evasion|1
|-sideend|p2: baakrisht|Spikes|[from] move: Defog|[of] p1a: Corviknight
|-sideend|p2: baakrisht|Stealth Rock|[from] move: Defog|[of] p1a: Corviknight
|-sideend|p1: Demostert|Toxic Spikes|[from] move: Defog|[of] p1a: Corviknight
|move|p2a: लाठ साहब|Flamethrower|p1a: Corviknight
|-supereffective|p1a: Corviknight
|-damage|p1a: Corviknight|67/100
|
|upkeep
|turn|11
|
|t:|1779878995
|switch|p2a: लसलस|Goodra, F|100/100
|move|p1a: Corviknight|U-turn|p2a: लसलस
|-damage|p2a: लसलस|82/100
|
|t:|1779879000
|switch|p1a: Heatran|Heatran, F, shiny|100/100|[from] U-turn
|
|upkeep
|turn|12
|
|t:|1779879004
|switch|p2a: बिलाई मौसी|Espeon, F|88/100
|move|p1a: Heatran|Stealth Rock|p2a: बिलाई मौसी
|move|p2a: बिलाई मौसी|Stealth Rock|p1a: Heatran|[from] ability: Magic Bounce
|-sidestart|p1: Demostert|move: Stealth Rock
|
|upkeep
|turn|13
|
|t:|1779879013
|move|p2a: बिलाई मौसी|Trick|p1a: Heatran
|-activate|p2a: बिलाई मौसी|move: Trick|[of] p1a: Heatran
|-item|p1a: Heatran|Choice Scarf|[from] move: Trick
|-item|p2a: बिलाई मौसी|Leftovers|[from] move: Trick
|move|p1a: Heatran|Magma Storm|p2a: बिलाई मौसी
|-damage|p2a: बिलाई मौसी|56/100
|-activate|p2a: बिलाई मौसी|move: Magma Storm|[of] p1a: Heatran
|
|-heal|p2a: बिलाई मौसी|62/100|[from] item: Leftovers
|-damage|p2a: बिलाई मौसी|49/100|[from] move: Magma Storm|[partiallytrapped]
|upkeep
|turn|14
|
|t:|1779879023
|move|p1a: Heatran|Magma Storm|p2a: बिलाई मौसी
|-damage|p2a: बिलाई मौसी|15/100
|move|p2a: बिलाई मौसी|Future Sight|p1a: Heatran
|-start|p2a: बिलाई मौसी|move: Future Sight
|
|-heal|p2a: बिलाई मौसी|21/100|[from] item: Leftovers
|-damage|p2a: बिलाई मौसी|9/100|[from] move: Magma Storm|[partiallytrapped]
|upkeep
|turn|15
|
|t:|1779879033
|move|p1a: Heatran|Magma Storm|p2a: बिलाई मौसी
|-damage|p2a: बिलाई मौसी|0 fnt
|faint|p2a: बिलाई मौसी
|
|upkeep
|
|t:|1779879036
|switch|p2a: Suicune|Suicune|100/100
|-ability|p2a: Suicune|Pressure
|turn|16
|
|t:|1779879042
|switch|p1a: Corviknight|Corviknight, M, shiny|67/100
|-damage|p1a: Corviknight|55/100|[from] Stealth Rock
|-ability|p1a: Corviknight|Pressure
|switch|p2a: लसलस|Goodra, F|82/100
|
|-end|p1a: Corviknight|move: Future Sight
|-resisted|p1a: Corviknight
|-damage|p1a: Corviknight|28/100
|upkeep
|turn|17
|
|t:|1779879050
|move|p2a: लसलस|Thunder|p1a: Corviknight
|-supereffective|p1a: Corviknight
|-damage|p1a: Corviknight|0 fnt
|faint|p1a: Corviknight
|
|upkeep
|
|t:|1779879056
|switch|p1a: Ogerpon|Ogerpon, F|100/100
|turn|18
|
|t:|1779879064
|switch|p2a: लाठ साहब|Weezing-Galar, M, shiny|76/100
|move|p1a: Ogerpon|Knock Off|p2a: लाठ साहब
|-resisted|p2a: लाठ साहब
|-damage|p2a: लाठ साहब|66/100
|-damage|p1a: Ogerpon|84/100|[from] item: Rocky Helmet|[of] p2a: लाठ साहब
|-enditem|p2a: लाठ साहब|Rocky Helmet|[from] move: Knock Off|[of] p1a: Ogerpon
|
|upkeep
|turn|19
|
|t:|1779879074
|move|p1a: Ogerpon|U-turn|p2a: लाठ साहब
|-resisted|p2a: लाठ साहब
|-damage|p2a: लाठ साहब|62/100
|
|t:|1779879077
|switch|p1a: Heatran|Heatran, F, shiny|100/100|[from] U-turn
|-damage|p1a: Heatran|88/100|[from] Stealth Rock
|move|p2a: लाठ साहब|Destiny Bond|p2a: लाठ साहब
|-singlemove|p2a: लाठ साहब|Destiny Bond
|
|upkeep
|turn|20
|
|t:|1779879085
|move|p1a: Heatran|Stealth Rock|p2a: लाठ साहब
|-sidestart|p2: baakrisht|move: Stealth Rock
|move|p2a: लाठ साहब|Toxic Spikes|p1a: Heatran
|-sidestart|p1: Demostert|move: Toxic Spikes
|
|upkeep
|turn|21
|
|t:|1779879104
|switch|p1a: Garchomp|Garchomp, F, shiny|14/100
|-damage|p1a: Garchomp|8/100|[from] Stealth Rock
|-status|p1a: Garchomp|psn
|move|p2a: लाठ साहब|Destiny Bond|p2a: लाठ साहब
|-singlemove|p2a: लाठ साहब|Destiny Bond
|
|-damage|p1a: Garchomp|0 fnt|[from] psn
|faint|p1a: Garchomp
|upkeep
|
|t:|1779879119
|switch|p1a: Ogerpon|Ogerpon, F|84/100
|turn|22
|
|t:|1779879124
|move|p1a: Ogerpon|Encore|p2a: लाठ साहब
|-start|p2a: लाठ साहब|Encore
|move|p2a: लाठ साहब|Destiny Bond||[still]
|-fail|p2a: लाठ साहब
|
|upkeep
|turn|23
|
|t:|1779879129
|move|p1a: Ogerpon|Ivy Cudgel|p2a: लाठ साहब
|-resisted|p2a: लाठ साहब
|-damage|p2a: लाठ साहब|46/100
|move|p2a: लाठ साहब|Destiny Bond|p2a: लाठ साहब
|-singlemove|p2a: लाठ साहब|Destiny Bond
|
|upkeep
|turn|24
|
|t:|1779879135
|switch|p2a: Suicune|Suicune|100/100
|-damage|p2a: Suicune|88/100|[from] Stealth Rock
|-ability|p2a: Suicune|Pressure
|move|p1a: Ogerpon|Ivy Cudgel|p2a: Suicune
|-supereffective|p2a: Suicune
|-damage|p2a: Suicune|35/100
|
|-heal|p2a: Suicune|41/100|[from] item: Leftovers
|upkeep
|turn|25
|
|t:|1779879144
|-terastallize|p2a: Suicune|Steel
|move|p1a: Ogerpon|Ivy Cudgel|p2a: Suicune
|-resisted|p2a: Suicune
|-crit|p2a: Suicune
|-damage|p2a: Suicune|20/100
|move|p2a: Suicune|Ice Beam|p1a: Ogerpon
|-supereffective|p1a: Ogerpon
|-damage|p1a: Ogerpon|41/100
|
|-heal|p2a: Suicune|26/100|[from] item: Leftovers
|upkeep
|turn|26
|
|t:|1779879155
|switch|p1a: Heatran|Heatran, F, shiny|88/100
|-damage|p1a: Heatran|76/100|[from] Stealth Rock
|move|p2a: Suicune|Ice Beam|p1a: Heatran
|-resisted|p1a: Heatran
|-damage|p1a: Heatran|73/100
|
|-heal|p2a: Suicune|33/100|[from] item: Leftovers
|upkeep
|turn|27
|
|t:|1779879162
|switch|p2a: लसलस|Goodra, F|82/100
|-damage|p2a: लसलस|70/100|[from] Stealth Rock
|move|p1a: Heatran|Magma Storm|p2a: लसलस|[miss]
|-miss|p1a: Heatran|p2a: लसलस
|
|upkeep
|turn|28
|
|t:|1779879172
|move|p1a: Heatran|Magma Storm|p2a: लसलस
|-resisted|p2a: लसलस
|-damage|p2a: लसलस|57/100
|-activate|p2a: लसलस|move: Magma Storm|[of] p1a: Heatran
|move|p2a: लसलस|Rain Dance|p2a: लसलस
|-weather|RainDance
|
|-weather|RainDance|[upkeep]
|-damage|p2a: लसलस|44/100|[from] move: Magma Storm|[partiallytrapped]
|upkeep
|turn|29
|
|t:|1779879180
|move|p1a: Heatran|Magma Storm|p2a: लसलस
|-resisted|p2a: लसलस
|-damage|p2a: लसलस|38/100
|move|p2a: लसलस|Rest|p2a: लसलस
|-status|p2a: लसलस|slp|[from] move: Rest
|-heal|p2a: लसलस|100/100 slp|[silent]
|
|-weather|RainDance|[upkeep]
|-activate|p2a: लसलस|ability: Hydration
|-curestatus|p2a: लसलस|slp|[msg]
|-damage|p2a: लसलस|88/100|[from] move: Magma Storm|[partiallytrapped]
|upkeep
|turn|30
|
|t:|1779879187
|move|p1a: Heatran|Magma Storm|p2a: लसलस
|-resisted|p2a: लसलस
|-crit|p2a: लसलस
|-damage|p2a: लसलस|79/100
|move|p2a: लसलस|Thunder|p1a: Heatran
|-damage|p1a: Heatran|55/100
|-status|p1a: Heatran|par
|
|-weather|RainDance|[upkeep]
|-damage|p2a: लसलस|66/100|[from] move: Magma Storm|[partiallytrapped]
|upkeep
|turn|31
|
|t:|1779879199
|switch|p1a: Ogerpon|Ogerpon, F|41/100
|move|p2a: लसलस|Thunder|p1a: Ogerpon
|-resisted|p1a: Ogerpon
|-damage|p1a: Ogerpon|25/100
|-status|p1a: Ogerpon|par
|
|-weather|RainDance|[upkeep]
|-end|p2a: लसलस|Magma Storm|[partiallytrapped]|[silent]
|upkeep
|turn|32
|
|t:|1779879205
|move|p2a: लसलस|Sludge Bomb|p1a: Ogerpon
|-supereffective|p1a: Ogerpon
|-damage|p1a: Ogerpon|0 fnt
|faint|p1a: Ogerpon
|
|-weather|RainDance|[upkeep]
|upkeep
|-message|Demostert forfeited.
|
|win|baakrisht
|raw|Demostert's rating: 1290 &rarr; <strong>1263</strong><br />(-27 for losing)
|raw|baakrisht's rating: 1261 &rarr; <strong>1288</strong><br />(+27 for winning)
|l|☆Demostert
|player|p1|
|l|☆baakrisht
|player|p2|
