|j|☆AutisticKid64
|j|☆sanicnate
|t:|1779809505
|gametype|singles
|player|p1|AutisticKid64|ethan-masters|1478
|player|p2|sanicnate|lucas-gen4pt|1506
|gen|9
|tier|[Gen 9] OU
|rated|
|rule|HP Percentage Mod: HP is shown in percentages
|rule|Endless Battle Clause: Forcing endless battles is banned
|rule|Species Clause: Limit one of each Pokémon
|rule|OHKO Clause: OHKO moves are banned
|rule|Evasion Items Clause: Evasion items are banned
|rule|Evasion Moves Clause: Evasion moves are banned
|rule|Evasion Abilities Clause: Evasion abilities are banned
|rule|Sleep Moves Clause: Sleep-inducing moves are banned
|clearpoke
|poke|p1|Cloyster, M|
|poke|p1|Iron Valiant|
|poke|p1|Avalugg-Hisui, F|
|poke|p1|Iron Moth|
|poke|p1|Weezing-Galar, F|
|poke|p1|Tsareena, F|
|poke|p2|Dragonite, M|
|poke|p2|Dragapult, M|
|poke|p2|Fezandipiti, M|
|poke|p2|Great Tusk|
|poke|p2|Rotom-Wash|
|poke|p2|Kingambit, M|
|teampreview
|inactive|Battle timer is ON: inactive players will automatically lose when time's up. (requested by sanicnate)
|
|t:|1779809520
|teamsize|p1|6
|teamsize|p2|6
|start
|switch|p1a: Avalugg|Avalugg-Hisui, F|100/100
|switch|p2a: Rotom|Rotom-Wash|100/100
|turn|1
|
|t:|1779809528
|move|p2a: Rotom|Will-O-Wisp|p1a: Avalugg
|-status|p1a: Avalugg|brn
|move|p1a: Avalugg|Stealth Rock|p2a: Rotom
|-sidestart|p2: sanicnate|move: Stealth Rock
|
|-damage|p1a: Avalugg|94/100 brn|[from] brn
|upkeep
|turn|2
|
|t:|1779809534
|move|p2a: Rotom|Hydro Pump|p1a: Avalugg|[miss]
|-miss|p2a: Rotom|p1a: Avalugg
|move|p1a: Avalugg|Mountain Gale|p2a: Rotom
|-resisted|p2a: Rotom
|-damage|p2a: Rotom|89/100
|
|-heal|p2a: Rotom|95/100|[from] item: Leftovers
|-damage|p1a: Avalugg|88/100 brn|[from] brn
|upkeep
|turn|3
|
|t:|1779809541
|move|p2a: Rotom|Volt Switch|p1a: Avalugg
|-damage|p1a: Avalugg|34/100 brn
|
|t:|1779809547
|switch|p2a: Kingambit|Kingambit, M|100/100|[from] Volt Switch
|-damage|p2a: Kingambit|94/100|[from] Stealth Rock
|move|p1a: Avalugg|Mountain Gale|p2a: Kingambit
|-resisted|p2a: Kingambit
|-damage|p2a: Kingambit|82/100
|
|-heal|p2a: Kingambit|88/100|[from] item: Leftovers
|-damage|p1a: Avalugg|28/100 brn|[from] brn
|upkeep
|turn|4
|
|t:|1779809551
|move|p2a: Kingambit|Iron Head|p1a: Avalugg
|-supereffective|p1a: Avalugg
|-damage|p1a: Avalugg|0 fnt
|faint|p1a: Avalugg
|
|-heal|p2a: Kingambit|95/100|[from] item: Leftovers
|upkeep
|
|t:|1779809557
|switch|p1a: Iron Moth|Iron Moth|100/100
|-enditem|p1a: Iron Moth|Booster Energy
|-activate|p1a: Iron Moth|ability: Quark Drive|[fromitem]
|-start|p1a: Iron Moth|quarkdrivespe
|turn|5
|
|t:|1779809560
|-end|p2a: Kingambit|fallenundefined|[silent]
|switch|p2a: Fezandipiti|Fezandipiti, M|100/100
|move|p1a: Iron Moth|Fiery Dance|p2a: Fezandipiti
|-damage|p2a: Fezandipiti|75/100
|
|upkeep
|turn|6
|
|t:|1779809564
|move|p1a: Iron Moth|Fiery Dance|p2a: Fezandipiti
|-damage|p2a: Fezandipiti|49/100
|move|p2a: Fezandipiti|U-turn|p1a: Iron Moth
|-resisted|p1a: Iron Moth
|-damage|p1a: Iron Moth|94/100
|
|t:|1779809571
|switch|p2a: Dragonite|Dragonite, M|100/100|[from] U-turn
|
|upkeep
|turn|7
|
|t:|1779809576
|move|p1a: Iron Moth|Sludge Wave|p2a: Dragonite
|-damage|p2a: Dragonite|75/100
|move|p2a: Dragonite|Dragon Dance|p2a: Dragonite
|-boost|p2a: Dragonite|atk|1
|-boost|p2a: Dragonite|spe|1
|
|upkeep
|turn|8
|
|t:|1779809584
|move|p1a: Iron Moth|Sludge Wave|p2a: Dragonite
|-damage|p2a: Dragonite|25/100
|move|p2a: Dragonite|Earthquake|p1a: Iron Moth
|-supereffective|p1a: Iron Moth
|-damage|p1a: Iron Moth|0 fnt
|faint|p1a: Iron Moth
|-end|p1a: Iron Moth|Quark Drive|[silent]
|
|upkeep
|
|t:|1779809587
|switch|p1a: Weezing|Weezing-Galar, F|100/100
|-ability|p1a: Weezing|Neutralizing Gas
|turn|9
|
|t:|1779809591
|move|p2a: Dragonite|Earthquake|p1a: Weezing
|-supereffective|p1a: Weezing
|-damage|p1a: Weezing|22/100
|move|p1a: Weezing|Strange Steam|p2a: Dragonite
|-supereffective|p2a: Dragonite
|-damage|p2a: Dragonite|0 fnt
|faint|p2a: Dragonite
|
|upkeep
|
|t:|1779809595
|switch|p2a: Dragapult|Dragapult, M, shiny|100/100
|-damage|p2a: Dragapult|88/100|[from] Stealth Rock
|turn|10
|
|t:|1779809605
|move|p2a: Dragapult|Shadow Ball|p1a: Weezing
|-damage|p1a: Weezing|0 fnt
|faint|p1a: Weezing
|-end|p1a: Weezing|ability: Neutralizing Gas
|
|upkeep
|
|t:|1779809610
|switch|p1a: Tsareena|Tsareena, F|100/100
|turn|11
|
|t:|1779809615
|move|p2a: Dragapult|Shadow Ball|p1a: Tsareena
|-damage|p1a: Tsareena|63/100
|move|p1a: Tsareena|Knock Off|p2a: Dragapult
|-supereffective|p2a: Dragapult
|-damage|p2a: Dragapult|0 fnt
|-enditem|p2a: Dragapult|Choice Specs|[from] move: Knock Off|[of] p1a: Tsareena
|faint|p2a: Dragapult
|
|upkeep
|
|t:|1779809621
|switch|p2a: Rotom|Rotom-Wash|95/100
|-damage|p2a: Rotom|83/100|[from] Stealth Rock
|turn|12
|
|t:|1779809624
|-terastallize|p2a: Rotom|Grass
|move|p2a: Rotom|Will-O-Wisp|p1a: Tsareena|[miss]
|-miss|p2a: Rotom|p1a: Tsareena
|move|p1a: Tsareena|Power Whip|p2a: Rotom
|-resisted|p2a: Rotom
|-damage|p2a: Rotom|59/100
|
|-heal|p2a: Rotom|65/100|[from] item: Leftovers
|upkeep
|turn|13
|
|t:|1779809629
|switch|p1a: Iron Valiant|Iron Valiant|100/100
|-enditem|p1a: Iron Valiant|Booster Energy
|-activate|p1a: Iron Valiant|ability: Quark Drive|[fromitem]
|-start|p1a: Iron Valiant|quarkdrivespe
|move|p2a: Rotom|Will-O-Wisp|p1a: Iron Valiant
|-status|p1a: Iron Valiant|brn
|
|-heal|p2a: Rotom|71/100|[from] item: Leftovers
|-damage|p1a: Iron Valiant|94/100 brn|[from] brn
|upkeep
|turn|14
|
|t:|1779809633
|move|p1a: Iron Valiant|Calm Mind|p1a: Iron Valiant
|-boost|p1a: Iron Valiant|spa|1
|-boost|p1a: Iron Valiant|spd|1
|move|p2a: Rotom|Volt Switch|p1a: Iron Valiant
|-damage|p1a: Iron Valiant|64/100 brn
|
|t:|1779809641
|switch|p2a: Fezandipiti|Fezandipiti, M|49/100|[from] Volt Switch
|
|-damage|p1a: Iron Valiant|58/100 brn|[from] brn
|upkeep
|turn|15
|
|t:|1779809644
|move|p1a: Iron Valiant|Thunderbolt|p2a: Fezandipiti
|-damage|p2a: Fezandipiti|17/100
|move|p2a: Fezandipiti|Roost|p2a: Fezandipiti
|-heal|p2a: Fezandipiti|68/100
|-singleturn|p2a: Fezandipiti|move: Roost
|
|-damage|p1a: Iron Valiant|52/100 brn|[from] brn
|upkeep
|turn|16
|
|t:|1779809647
|-terastallize|p1a: Iron Valiant|Electric
|move|p1a: Iron Valiant|Thunderbolt|p2a: Fezandipiti
|-damage|p2a: Fezandipiti|25/100
|move|p2a: Fezandipiti|Play Rough|p1a: Iron Valiant
|-damage|p1a: Iron Valiant|10/100 brn
|
|-damage|p1a: Iron Valiant|4/100 brn|[from] brn
|upkeep
|turn|17
|
|t:|1779809650
|switch|p2a: Great Tusk|Great Tusk|100/100
|-damage|p2a: Great Tusk|98/100|[from] Stealth Rock
|move|p1a: Iron Valiant|Thunderbolt|p2a: Great Tusk
|-immune|p2a: Great Tusk
|
|-heal|p2a: Great Tusk|100/100|[from] item: Leftovers
|-damage|p1a: Iron Valiant|0 fnt|[from] brn
|faint|p1a: Iron Valiant
|-end|p1a: Iron Valiant|Quark Drive|[silent]
|upkeep
|
|t:|1779809652
|switch|p1a: Cloyster|Cloyster, M|100/100
|turn|18
|
|t:|1779809664
|move|p1a: Cloyster|Shell Smash|p1a: Cloyster
|-unboost|p1a: Cloyster|def|1
|-unboost|p1a: Cloyster|spd|1
|-boost|p1a: Cloyster|atk|2
|-boost|p1a: Cloyster|spa|2
|-boost|p1a: Cloyster|spe|2
|move|p2a: Great Tusk|Knock Off|p1a: Cloyster
|-damage|p1a: Cloyster|67/100
|-enditem|p1a: Cloyster|Focus Sash|[from] move: Knock Off|[of] p2a: Great Tusk
|
|upkeep
|turn|19
|
|t:|1779809669
|move|p1a: Cloyster|Icicle Spear|p2a: Great Tusk
|-supereffective|p2a: Great Tusk
|-damage|p2a: Great Tusk|77/100
|-supereffective|p2a: Great Tusk
|-damage|p2a: Great Tusk|54/100
|-supereffective|p2a: Great Tusk
|-damage|p2a: Great Tusk|35/100
|-supereffective|p2a: Great Tusk
|-damage|p2a: Great Tusk|12/100
|-supereffective|p2a: Great Tusk
|-damage|p2a: Great Tusk|0 fnt
|faint|p2a: Great Tusk
|-end|p2a: Great Tusk|Protosynthesis|[silent]
|-hitcount|p2: Great Tusk|5
|
|upkeep
|
|t:|1779809671
|switch|p2a: Kingambit|Kingambit, M|95/100
|-damage|p2a: Kingambit|88/100|[from] Stealth Rock
|-activate|p2a: Kingambit|ability: Supreme Overlord
|-start|p2a: Kingambit|fallen3|[silent]
|turn|20
|
|t:|1779809673
|move|p1a: Cloyster|Drill Run|p2a: Kingambit
|-supereffective|p2a: Kingambit
|-damage|p2a: Kingambit|12/100
|move|p2a: Kingambit|Swords Dance|p2a: Kingambit
|-boost|p2a: Kingambit|atk|2
|
|-heal|p2a: Kingambit|18/100|[from] item: Leftovers
|upkeep
|turn|21
|
|t:|1779809676
|move|p2a: Kingambit|Sucker Punch|p1a: Cloyster
|-damage|p1a: Cloyster|0 fnt
|faint|p1a: Cloyster
|
|-heal|p2a: Kingambit|24/100|[from] item: Leftovers
|upkeep
|
|t:|1779809678
|switch|p1a: Tsareena|Tsareena, F|63/100
|turn|22
|
|t:|1779809681
|move|p2a: Kingambit|Kowtow Cleave|p1a: Tsareena
|-damage|p1a: Tsareena|0 fnt
|faint|p1a: Tsareena
|
|win|sanicnate
|raw|AutisticKid64's rating: 1478 &rarr; <strong>1460</strong><br />(-18 for losing)
|raw|sanicnate's rating: 1506 &rarr; <strong>1524</strong><br />(+18 for winning)
|l|☆AutisticKid64
|player|p1|
|l|☆sanicnate
|player|p2|
