|j|☆llachiee
|j|☆Gunkip
|t:|1779948738
|gametype|singles
|player|p1|llachiee|1|1606
|player|p2|Gunkip|misty|1696
|gen|9
|tier|[Gen 9] OU
|rated|
|rule|HP Percentage Mod: HP is shown in percentages
|rule|Endless Battle Clause: Forcing endless battles is banned
|rule|Species Clause: Limit one of each Pokémon
|rule|OHKO Clause: OHKO moves are banned
|rule|Evasion Items Clause: Evasion items are banned
|rule|Evasion Moves Clause: Evasion moves are banned
|rule|Evasion Abilities Clause: Evasion abilities are banned
|rule|Sleep Moves Clause: Sleep-inducing moves are banned
|clearpoke
|poke|p1|Gliscor, F|
|poke|p1|Blissey, F|
|poke|p1|Clefable, F|
|poke|p1|Toxapex, F|
|poke|p1|Dondozo, F|
|poke|p1|Corviknight, F|
|poke|p2|Samurott-Hisui, F|
|poke|p2|Dragonite, F|
|poke|p2|Kingambit, F|
|poke|p2|Iron Moth|
|poke|p2|Iron Valiant|
|poke|p2|Moltres-Galar|
|teampreview
|inactive|Battle timer is ON: inactive players will automatically lose when time's up. (requested by llachiee)
|
|t:|1779948764
|teamsize|p1|6
|teamsize|p2|6
|start
|switch|p1a: Adder|Gliscor, F|100/100
|switch|p2a: 90% accurate|Samurott-Hisui, F|100/100
|turn|1
|
|t:|1779948774
|move|p1a: Adder|Protect|p1a: Adder
|-singleturn|p1a: Adder|Protect
|move|p2a: 90% accurate|Razor Shell|p1a: Adder
|-activate|p1a: Adder|move: Protect
|
|-status|p1a: Adder|tox|[from] item: Toxic Orb
|upkeep
|turn|2
|
|t:|1779948783
|move|p2a: 90% accurate|Razor Shell|p1a: Adder
|-supereffective|p1a: Adder
|-damage|p1a: Adder|37/100 tox
|-unboost|p1a: Adder|def|1
|move|p1a: Adder|Toxic|p2a: 90% accurate
|-status|p2a: 90% accurate|tox
|
|-damage|p2a: 90% accurate|94/100 tox|[from] psn
|-heal|p1a: Adder|50/100 tox|[from] ability: Poison Heal
|upkeep
|turn|3
|
|t:|1779948791
|move|p1a: Adder|Protect|p1a: Adder
|-singleturn|p1a: Adder|Protect
|move|p2a: 90% accurate|Knock Off|p1a: Adder
|-activate|p1a: Adder|move: Protect
|
|-damage|p2a: 90% accurate|82/100 tox|[from] psn
|-heal|p1a: Adder|62/100 tox|[from] ability: Poison Heal
|upkeep
|turn|4
|
|t:|1779948798
|switch|p1a: Nell|Clefable, F|100/100
|move|p2a: 90% accurate|Razor Shell|p1a: Nell
|-damage|p1a: Nell|59/100
|-unboost|p1a: Nell|def|1
|
|-damage|p2a: 90% accurate|63/100 tox|[from] psn
|upkeep
|turn|5
|
|t:|1779948805
|move|p2a: 90% accurate|Razor Shell|p1a: Nell|[miss]
|-miss|p2a: 90% accurate|p1a: Nell
|move|p1a: Nell|Stealth Rock|p2a: 90% accurate
|-sidestart|p2: Gunkip|move: Stealth Rock
|
|-damage|p2a: 90% accurate|38/100 tox|[from] psn
|upkeep
|turn|6
|
|t:|1779948812
|switch|p1a: Lash|Toxapex, F, shiny|100/100
|move|p2a: 90% accurate|Razor Shell|p1a: Lash
|-resisted|p1a: Lash
|-damage|p1a: Lash|79/100
|
|-damage|p2a: 90% accurate|7/100 tox|[from] psn
|upkeep
|turn|7
|
|t:|1779948814
|move|p2a: 90% accurate|Knock Off|p1a: Lash
|-damage|p1a: Lash|39/100
|-enditem|p1a: Lash|Heavy-Duty Boots|[from] move: Knock Off|[of] p2a: 90% accurate
|move|p1a: Lash|Recover|p1a: Lash
|-heal|p1a: Lash|89/100
|
|-damage|p2a: 90% accurate|0 fnt|[from] psn
|faint|p2a: 90% accurate
|upkeep
|
|t:|1779948820
|switch|p2a: tony soprano|Kingambit, F|100/100
|-damage|p2a: tony soprano|94/100|[from] Stealth Rock
|-activate|p2a: tony soprano|ability: Supreme Overlord
|-start|p2a: tony soprano|fallen1|[silent]
|-item|p2a: tony soprano|Air Balloon
|turn|8
|
|t:|1779948833
|switch|p1a: Jugger|Dondozo, F, shiny|100/100
|move|p2a: tony soprano|Swords Dance|p2a: tony soprano
|-boost|p2a: tony soprano|atk|2
|
|upkeep
|turn|9
|
|t:|1779948837
|-end|p2a: tony soprano|fallen1|[silent]
|switch|p2a: fight the power|Iron Valiant|100/100
|-damage|p2a: fight the power|94/100|[from] Stealth Rock
|-enditem|p2a: fight the power|Booster Energy
|-activate|p2a: fight the power|ability: Quark Drive|[fromitem]
|-start|p2a: fight the power|quarkdrivespe
|move|p1a: Jugger|Body Press|p2a: fight the power
|-resisted|p2a: fight the power
|-damage|p2a: fight the power|77/100
|
|upkeep
|turn|10
|
|t:|1779948845
|switch|p1a: Lash|Toxapex, F, shiny|100/100
|move|p2a: fight the power|Moonblast|p1a: Lash
|-resisted|p1a: Lash
|-damage|p1a: Lash|86/100
|
|upkeep
|turn|11
|
|t:|1779948847
|move|p2a: fight the power|Knock Off|p1a: Lash
|-damage|p1a: Lash|70/100
|move|p1a: Lash|Toxic|p2a: fight the power
|-status|p2a: fight the power|tox
|
|-damage|p2a: fight the power|70/100 tox|[from] psn
|upkeep
|turn|12
|
|t:|1779948853
|-end|p2a: fight the power|Quark Drive|[silent]
|switch|p2a: bird is the word|Moltres-Galar|100/100
|-damage|p2a: bird is the word|76/100|[from] Stealth Rock
|move|p1a: Lash|Recover|p1a: Lash
|-heal|p1a: Lash|100/100
|
|upkeep
|turn|13
|
|t:|1779948856
|move|p2a: bird is the word|Nasty Plot|p2a: bird is the word
|-boost|p2a: bird is the word|spa|2
|move|p1a: Lash|Toxic|p2a: bird is the word
|-status|p2a: bird is the word|tox
|
|-damage|p2a: bird is the word|69/100 tox|[from] psn
|upkeep
|turn|14
|
|t:|1779948860
|move|p2a: bird is the word|Nasty Plot|p2a: bird is the word
|-boost|p2a: bird is the word|spa|2
|move|p1a: Lash|Haze|p1a: Lash
|-clearallboost
|
|-damage|p2a: bird is the word|57/100 tox|[from] psn
|upkeep
|turn|15
|
|t:|1779948863
|move|p2a: bird is the word|Fiery Wrath|p1a: Lash
|-damage|p1a: Lash|75/100
|move|p1a: Lash|Infestation|p2a: bird is the word
|-damage|p2a: bird is the word|54/100 tox
|-activate|p2a: bird is the word|move: Infestation|[of] p1a: Lash
|
|-damage|p2a: bird is the word|36/100 tox|[from] psn
|-damage|p2a: bird is the word|23/100 tox|[from] move: Infestation|[partiallytrapped]
|upkeep
|-enditem|p2a: bird is the word|Sitrus Berry|[eat]
|-heal|p2a: bird is the word|48/100 tox|[from] item: Sitrus Berry
|turn|16
|
|t:|1779948869
|move|p2a: bird is the word|Nasty Plot|p2a: bird is the word
|-boost|p2a: bird is the word|spa|2
|move|p1a: Lash|Haze|p1a: Lash
|-clearallboost
|
|-damage|p2a: bird is the word|23/100 tox|[from] psn
|-damage|p2a: bird is the word|11/100 tox|[from] move: Infestation|[partiallytrapped]
|upkeep
|turn|17
|
|t:|1779948871
|move|p2a: bird is the word|Fiery Wrath|p1a: Lash
|-damage|p1a: Lash|50/100
|move|p1a: Lash|Haze|p1a: Lash
|-clearallboost
|
|-damage|p2a: bird is the word|0 fnt|[from] psn
|faint|p2a: bird is the word
|upkeep
|
|t:|1779948875
|switch|p2a: definitely|Iron Moth|100/100
|-damage|p2a: definitely|76/100|[from] Stealth Rock
|-enditem|p2a: definitely|Booster Energy
|-activate|p2a: definitely|ability: Quark Drive|[fromitem]
|-start|p2a: definitely|quarkdrivespe
|turn|18
|
|t:|1779948879
|switch|p1a: Flesh Tutu|Blissey, F|100/100
|move|p2a: definitely|Fiery Dance|p1a: Flesh Tutu
|-damage|p1a: Flesh Tutu|89/100
|
|upkeep
|turn|19
|
|t:|1779948881
|move|p2a: definitely|Fiery Dance|p1a: Flesh Tutu
|-damage|p1a: Flesh Tutu|76/100
|move|p1a: Flesh Tutu|Calm Mind|p1a: Flesh Tutu
|-boost|p1a: Flesh Tutu|spa|1
|-boost|p1a: Flesh Tutu|spd|1
|
|upkeep
|turn|20
|
|t:|1779948883
|move|p2a: definitely|Fiery Dance|p1a: Flesh Tutu
|-damage|p1a: Flesh Tutu|68/100
|-boost|p2a: definitely|spa|1
|move|p1a: Flesh Tutu|Calm Mind|p1a: Flesh Tutu
|-boost|p1a: Flesh Tutu|spa|1
|-boost|p1a: Flesh Tutu|spd|1
|
|upkeep
|turn|21
|
|t:|1779948886
|move|p2a: definitely|Fiery Dance|p1a: Flesh Tutu
|-crit|p1a: Flesh Tutu
|-damage|p1a: Flesh Tutu|43/100
|-boost|p2a: definitely|spa|1
|move|p1a: Flesh Tutu|Calm Mind|p1a: Flesh Tutu
|-boost|p1a: Flesh Tutu|spa|1
|-boost|p1a: Flesh Tutu|spd|1
|
|upkeep
|turn|22
|
|t:|1779948890
|move|p2a: definitely|Fiery Dance|p1a: Flesh Tutu
|-damage|p1a: Flesh Tutu|32/100
|move|p1a: Flesh Tutu|Soft-Boiled|p1a: Flesh Tutu
|-heal|p1a: Flesh Tutu|82/100
|
|upkeep
|turn|23
|
|t:|1779948893
|move|p2a: definitely|Fiery Dance|p1a: Flesh Tutu
|-damage|p1a: Flesh Tutu|73/100
|move|p1a: Flesh Tutu|Calm Mind|p1a: Flesh Tutu
|-boost|p1a: Flesh Tutu|spa|1
|-boost|p1a: Flesh Tutu|spd|1
|
|upkeep
|turn|24
|
|t:|1779948895
|move|p2a: definitely|Fiery Dance|p1a: Flesh Tutu
|-damage|p1a: Flesh Tutu|64/100
|move|p1a: Flesh Tutu|Shadow Ball|p2a: definitely
|-damage|p2a: definitely|26/100
|
|upkeep
|turn|25
|
|t:|1779948901
|move|p2a: definitely|Sludge Wave|p1a: Flesh Tutu
|-damage|p1a: Flesh Tutu|55/100
|move|p1a: Flesh Tutu|Soft-Boiled|p1a: Flesh Tutu
|-heal|p1a: Flesh Tutu|100/100
|
|upkeep
|turn|26
|
|t:|1779948904
|move|p2a: definitely|Fiery Dance|p1a: Flesh Tutu
|-damage|p1a: Flesh Tutu|92/100
|-boost|p2a: definitely|spa|1
|move|p1a: Flesh Tutu|Shadow Ball|p2a: definitely
|-damage|p2a: definitely|0 fnt
|faint|p2a: definitely
|-end|p2a: definitely|Quark Drive|[silent]
|
|upkeep
|
|t:|1779948915
|switch|p2a: feels the aura|Dragonite, F|100/100
|turn|27
|
|t:|1779948920
|switch|p1a: Jugger|Dondozo, F, shiny|100/100
|move|p2a: feels the aura|Dragon Dance|p2a: feels the aura
|-boost|p2a: feels the aura|atk|1
|-boost|p2a: feels the aura|spe|1
|
|upkeep
|turn|28
|
|t:|1779948922
|move|p2a: feels the aura|Outrage|p1a: Jugger
|-damage|p1a: Jugger|68/100
|move|p1a: Jugger|Avalanche|p2a: feels the aura
|-supereffective|p2a: feels the aura
|-damage|p2a: feels the aura|43/100
|
|upkeep
|turn|29
|
|t:|1779948928
|move|p2a: feels the aura|Outrage|p1a: Jugger|[from] lockedmove
|-damage|p1a: Jugger|38/100
|-start|p2a: feels the aura|confusion|[fatigue]
|move|p1a: Jugger|Rest|p1a: Jugger
|-status|p1a: Jugger|slp|[from] move: Rest
|-heal|p1a: Jugger|100/100 slp|[silent]
|
|upkeep
|turn|30
|
|t:|1779948935
|-activate|p2a: feels the aura|confusion
|move|p2a: feels the aura|Outrage|p1a: Jugger
|-damage|p1a: Jugger|70/100 slp
|cant|p1a: Jugger|slp
|
|upkeep
|turn|31
|
|t:|1779948938
|-activate|p2a: feels the aura|confusion
|move|p2a: feels the aura|Outrage|p1a: Jugger|[from] lockedmove
|-damage|p1a: Jugger|39/100 slp
|cant|p1a: Jugger|slp
|
|upkeep
|turn|32
|
|t:|1779948944
|-end|p2a: feels the aura|confusion
|move|p2a: feels the aura|Outrage|p1a: Jugger|[from] lockedmove
|-damage|p1a: Jugger|5/100 slp
|-start|p2a: feels the aura|confusion|[fatigue]
|-curestatus|p1a: Jugger|slp|[msg]
|move|p1a: Jugger|Rest|p1a: Jugger
|-status|p1a: Jugger|slp|[from] move: Rest
|-heal|p1a: Jugger|100/100 slp|[silent]
|
|upkeep
|turn|33
|
|t:|1779948953
|-activate|p2a: feels the aura|confusion
|move|p2a: feels the aura|Outrage|p1a: Jugger
|-damage|p1a: Jugger|68/100 slp
|cant|p1a: Jugger|slp
|
|upkeep
|turn|34
|
|t:|1779948958
|-activate|p2a: feels the aura|confusion
|move|p2a: feels the aura|Outrage|p1a: Jugger|[from] lockedmove
|-damage|p1a: Jugger|36/100 slp
|cant|p1a: Jugger|slp
|
|upkeep
|turn|35
|
|t:|1779948961
|-activate|p2a: feels the aura|confusion
|move|p2a: feels the aura|Outrage|p1a: Jugger|[from] lockedmove
|-damage|p1a: Jugger|7/100 slp
|-curestatus|p1a: Jugger|slp|[msg]
|move|p1a: Jugger|Rest|p1a: Jugger
|-status|p1a: Jugger|slp|[from] move: Rest
|-heal|p1a: Jugger|100/100 slp|[silent]
|
|upkeep
|turn|36
|
|t:|1779948969
|switch|p1a: Nell|Clefable, F|59/100
|-end|p2a: feels the aura|confusion
|move|p2a: feels the aura|Outrage|p1a: Nell
|-immune|p1a: Nell
|
|upkeep
|turn|37
|
|t:|1779948975
|move|p2a: feels the aura|Earthquake|p1a: Nell
|-damage|p1a: Nell|13/100
|move|p1a: Nell|Moonblast|p2a: feels the aura
|-supereffective|p2a: feels the aura
|-damage|p2a: feels the aura|0 fnt
|faint|p2a: feels the aura
|
|upkeep
|
|t:|1779948982
|switch|p2a: fight the power|Iron Valiant|70/100 tox
|-damage|p2a: fight the power|64/100 tox|[from] Stealth Rock
|turn|38
|
|t:|1779948990
|switch|p1a: Adder|Gliscor, F|62/100 tox
|move|p2a: fight the power|Moonblast|p1a: Adder
|-damage|p1a: Adder|10/100 tox
|
|-damage|p2a: fight the power|58/100 tox|[from] psn
|-heal|p1a: Adder|22/100 tox|[from] ability: Poison Heal
|upkeep
|turn|39
|
|t:|1779948996
|move|p2a: fight the power|Knock Off|p1a: Adder
|-damage|p1a: Adder|4/100 tox
|-enditem|p1a: Adder|Toxic Orb|[from] move: Knock Off|[of] p2a: fight the power
|move|p1a: Adder|Spikes|p2a: fight the power
|-sidestart|p2: Gunkip|Spikes
|
|-damage|p2a: fight the power|45/100 tox|[from] psn
|-heal|p1a: Adder|17/100 tox|[from] ability: Poison Heal
|upkeep
|turn|40
|
|t:|1779949002
|move|p1a: Adder|Protect|p1a: Adder
|-singleturn|p1a: Adder|Protect
|move|p2a: fight the power|Moonblast|p1a: Adder
|-activate|p1a: Adder|move: Protect
|
|-damage|p2a: fight the power|27/100 tox|[from] psn
|-heal|p1a: Adder|29/100 tox|[from] ability: Poison Heal
|upkeep
|turn|41
|
|t:|1779949006
|move|p2a: fight the power|Moonblast|p1a: Adder
|-damage|p1a: Adder|0 fnt
|faint|p1a: Adder
|
|-damage|p2a: fight the power|2/100 tox|[from] psn
|upkeep
|
|t:|1779949010
|switch|p1a: Sturm|Corviknight, F, shiny|100/100
|-ability|p1a: Sturm|Pressure
|turn|42
|
|t:|1779949016
|move|p1a: Sturm|Protect|p1a: Sturm
|-singleturn|p1a: Sturm|Protect
|move|p2a: fight the power|Close Combat|p1a: Sturm
|-activate|p1a: Sturm|move: Protect
|
|-damage|p2a: fight the power|0 fnt|[from] psn
|faint|p2a: fight the power
|-end|p2a: fight the power|Quark Drive|[silent]
|upkeep
|
|t:|1779949018
|switch|p2a: tony soprano|Kingambit, F|94/100
|-damage|p2a: tony soprano|88/100|[from] Stealth Rock
|-activate|p2a: tony soprano|ability: Supreme Overlord
|-start|p2a: tony soprano|fallen5|[silent]
|-item|p2a: tony soprano|Air Balloon
|turn|43
|
|t:|1779949021
|-terastallize|p2a: tony soprano|Ghost
|move|p1a: Sturm|Substitute|p1a: Sturm
|-start|p1a: Sturm|Substitute
|-damage|p1a: Sturm|76/100
|move|p2a: tony soprano|Swords Dance|p2a: tony soprano
|-boost|p2a: tony soprano|atk|2
|
|-heal|p1a: Sturm|82/100|[from] item: Leftovers
|upkeep
|turn|44
|
|t:|1779949030
|move|p1a: Sturm|Protect|p1a: Sturm
|-singleturn|p1a: Sturm|Protect
|move|p2a: tony soprano|Swords Dance|p2a: tony soprano
|-boost|p2a: tony soprano|atk|2
|
|-heal|p1a: Sturm|88/100|[from] item: Leftovers
|upkeep
|turn|45
|
|t:|1779949036
|move|p1a: Sturm|Substitute|p1a: Sturm
|-fail|p1a: Sturm|move: Substitute
|move|p2a: tony soprano|Low Kick|p1a: Sturm
|-end|p1a: Sturm|Substitute
|
|-heal|p1a: Sturm|94/100|[from] item: Leftovers
|upkeep
|turn|46
|
|t:|1779949040
|move|p1a: Sturm|Substitute|p1a: Sturm
|-start|p1a: Sturm|Substitute
|-damage|p1a: Sturm|69/100
|move|p2a: tony soprano|Swords Dance|p2a: tony soprano
|-boost|p2a: tony soprano|atk|2
|
|-heal|p1a: Sturm|75/100|[from] item: Leftovers
|upkeep
|turn|47
|
|t:|1779949046
|move|p1a: Sturm|Protect|p1a: Sturm
|-singleturn|p1a: Sturm|Protect
|move|p2a: tony soprano|Iron Head|p1a: Sturm
|-activate|p1a: Sturm|move: Protect
|
|-heal|p1a: Sturm|81/100|[from] item: Leftovers
|upkeep
|turn|48
|
|t:|1779949055
|move|p1a: Sturm|Spite|p2a: tony soprano
|-activate|p2a: tony soprano|move: Spite|Iron Head|4
|move|p2a: tony soprano|Low Kick|p1a: Sturm
|-end|p1a: Sturm|Substitute
|
|-heal|p1a: Sturm|87/100|[from] item: Leftovers
|upkeep
|turn|49
|
|t:|1779949061
|move|p1a: Sturm|Protect|p1a: Sturm
|-singleturn|p1a: Sturm|Protect
|move|p2a: tony soprano|Low Kick|p1a: Sturm
|-activate|p1a: Sturm|move: Protect
|
|-heal|p1a: Sturm|93/100|[from] item: Leftovers
|upkeep
|turn|50
|
|t:|1779949064
|move|p1a: Sturm|Substitute|p1a: Sturm
|-start|p1a: Sturm|Substitute
|-damage|p1a: Sturm|68/100
|move|p2a: tony soprano|Iron Head|p1a: Sturm
|-resisted|p1a: Sturm
|-end|p1a: Sturm|Substitute
|
|-heal|p1a: Sturm|74/100|[from] item: Leftovers
|upkeep
|turn|51
|
|t:|1779949069
|move|p1a: Sturm|Protect|p1a: Sturm
|-singleturn|p1a: Sturm|Protect
|move|p2a: tony soprano|Low Kick|p1a: Sturm
|-activate|p1a: Sturm|move: Protect
|
|-heal|p1a: Sturm|80/100|[from] item: Leftovers
|upkeep
|turn|52
|
|t:|1779949073
|move|p1a: Sturm|Substitute|p1a: Sturm
|-start|p1a: Sturm|Substitute
|-damage|p1a: Sturm|55/100
|move|p2a: tony soprano|Low Kick|p1a: Sturm
|-end|p1a: Sturm|Substitute
|
|-heal|p1a: Sturm|61/100|[from] item: Leftovers
|upkeep
|turn|53
|
|t:|1779949077
|move|p1a: Sturm|Protect|p1a: Sturm
|-singleturn|p1a: Sturm|Protect
|move|p2a: tony soprano|Iron Head|p1a: Sturm
|-activate|p1a: Sturm|move: Protect
|
|-heal|p1a: Sturm|67/100|[from] item: Leftovers
|upkeep
|turn|54
|
|t:|1779949083
|move|p1a: Sturm|Substitute|p1a: Sturm
|-start|p1a: Sturm|Substitute
|-damage|p1a: Sturm|43/100
|move|p2a: tony soprano|Low Kick|p1a: Sturm
|-end|p1a: Sturm|Substitute
|
|-heal|p1a: Sturm|49/100|[from] item: Leftovers
|upkeep
|turn|55
|
|t:|1779949090
|move|p1a: Sturm|Protect|p1a: Sturm
|-singleturn|p1a: Sturm|Protect
|move|p2a: tony soprano|Low Kick|p1a: Sturm
|-activate|p1a: Sturm|move: Protect
|
|-heal|p1a: Sturm|55/100|[from] item: Leftovers
|upkeep
|turn|56
|
|t:|1779949100
|switch|p1a: Lash|Toxapex, F, shiny|83/100
|move|p2a: tony soprano|Low Kick|p1a: Lash
|-resisted|p1a: Lash
|-damage|p1a: Lash|45/100
|
|upkeep
|turn|57
|
|t:|1779949106
|switch|p1a: Flesh Tutu|Blissey, F|92/100
|move|p2a: tony soprano|Iron Head|p1a: Flesh Tutu
|-damage|p1a: Flesh Tutu|0 fnt
|faint|p1a: Flesh Tutu
|
|upkeep
|
|t:|1779949110
|switch|p1a: Lash|Toxapex, F, shiny|78/100
|turn|58
|
|t:|1779949114
|move|p2a: tony soprano|Iron Head|p1a: Lash
|-resisted|p1a: Lash
|-damage|p1a: Lash|0 fnt
|faint|p1a: Lash
|
|upkeep
|
|t:|1779949117
|switch|p1a: Nell|Clefable, F|13/100
|turn|59
|
|t:|1779949119
|move|p2a: tony soprano|Iron Head|p1a: Nell
|-supereffective|p1a: Nell
|-damage|p1a: Nell|0 fnt
|faint|p1a: Nell
|
|upkeep
|
|t:|1779949123
|switch|p1a: Sturm|Corviknight, F, shiny|55/100
|-ability|p1a: Sturm|Pressure
|turn|60
|
|t:|1779949133
|move|p1a: Sturm|Protect|p1a: Sturm
|-singleturn|p1a: Sturm|Protect
|move|p2a: tony soprano|Low Kick|p1a: Sturm
|-activate|p1a: Sturm|move: Protect
|
|-heal|p1a: Sturm|61/100|[from] item: Leftovers
|upkeep
|turn|61
|
|t:|1779949137
|move|p1a: Sturm|Substitute|p1a: Sturm
|-start|p1a: Sturm|Substitute
|-damage|p1a: Sturm|36/100
|move|p2a: tony soprano|Low Kick|p1a: Sturm
|-end|p1a: Sturm|Substitute
|
|-heal|p1a: Sturm|42/100|[from] item: Leftovers
|upkeep
|turn|62
|
|t:|1779949143
|move|p1a: Sturm|Protect|p1a: Sturm
|-singleturn|p1a: Sturm|Protect
|move|p2a: tony soprano|Swords Dance|p2a: tony soprano
|-boost|p2a: tony soprano|atk|0
|
|-heal|p1a: Sturm|48/100|[from] item: Leftovers
|upkeep
|turn|63
|
|t:|1779949146
|move|p1a: Sturm|Substitute|p1a: Sturm
|-start|p1a: Sturm|Substitute
|-damage|p1a: Sturm|23/100
|move|p2a: tony soprano|Low Kick|p1a: Sturm
|-end|p1a: Sturm|Substitute
|
|-heal|p1a: Sturm|29/100|[from] item: Leftovers
|upkeep
|turn|64
|
|t:|1779949152
|move|p1a: Sturm|Protect|p1a: Sturm
|-singleturn|p1a: Sturm|Protect
|move|p2a: tony soprano|Iron Head|p1a: Sturm
|-activate|p1a: Sturm|move: Protect
|
|-heal|p1a: Sturm|35/100|[from] item: Leftovers
|upkeep
|turn|65
|
|t:|1779949163
|move|p1a: Sturm|Substitute|p1a: Sturm
|-start|p1a: Sturm|Substitute
|-damage|p1a: Sturm|10/100
|move|p2a: tony soprano|Iron Head|p1a: Sturm
|-resisted|p1a: Sturm
|-end|p1a: Sturm|Substitute
|
|-heal|p1a: Sturm|16/100|[from] item: Leftovers
|upkeep
|turn|66
|
|t:|1779949175
|move|p1a: Sturm|Spite|p2a: tony soprano
|-activate|p2a: tony soprano|move: Spite|Iron Head|4
|move|p2a: tony soprano|Iron Head|p1a: Sturm
|-resisted|p1a: Sturm
|-damage|p1a: Sturm|0 fnt
|faint|p1a: Sturm
|
|upkeep
|
|t:|1779949180
|switch|p1a: Jugger|Dondozo, F, shiny|100/100 slp
|turn|67
|
|t:|1779949183
|move|p2a: tony soprano|Low Kick|p1a: Jugger
|-damage|p1a: Jugger|69/100 slp
|cant|p1a: Jugger|slp
|
|upkeep
|turn|68
|
|t:|1779949192
|move|p2a: tony soprano|Low Kick|p1a: Jugger
|-damage|p1a: Jugger|35/100 slp
|cant|p1a: Jugger|slp
|
|upkeep
|turn|69
|
|t:|1779949203
|move|p2a: tony soprano|Iron Head|p1a: Jugger
|-resisted|p1a: Jugger
|-damage|p1a: Jugger|21/100 slp
|-curestatus|p1a: Jugger|slp|[msg]
|move|p1a: Jugger|Rest|p1a: Jugger
|-status|p1a: Jugger|slp|[from] move: Rest
|-heal|p1a: Jugger|100/100 slp|[silent]
|
|upkeep
|turn|70
|
|t:|1779949211
|move|p2a: tony soprano|Low Kick|p1a: Jugger
|-damage|p1a: Jugger|68/100 slp
|cant|p1a: Jugger|slp
|move|p1a: Jugger|Sleep Talk|p1a: Jugger
|move|p1a: Jugger|Body Press|p2a: tony soprano|[from] move: Sleep Talk
|-immune|p2a: tony soprano
|
|upkeep
|turn|71
|
|t:|1779949216
|move|p2a: tony soprano|Low Kick|p1a: Jugger
|-damage|p1a: Jugger|36/100 slp
|cant|p1a: Jugger|slp
|move|p1a: Jugger|Sleep Talk|p1a: Jugger
|move|p1a: Jugger|Rest||[from] move: Sleep Talk|[still]
|-fail|p1a: Jugger
|
|upkeep
|turn|72
|
|t:|1779949223
|move|p2a: tony soprano|Low Kick|p1a: Jugger
|-damage|p1a: Jugger|4/100 slp
|-curestatus|p1a: Jugger|slp|[msg]
|move|p1a: Jugger|Rest|p1a: Jugger
|-status|p1a: Jugger|slp|[from] move: Rest
|-heal|p1a: Jugger|100/100 slp|[silent]
|
|upkeep
|turn|73
|
|t:|1779949231
|move|p2a: tony soprano|Low Kick|p1a: Jugger
|-damage|p1a: Jugger|68/100 slp
|cant|p1a: Jugger|slp
|
|upkeep
|turn|74
|
|t:|1779949236
|move|p2a: tony soprano|Low Kick|p1a: Jugger
|-damage|p1a: Jugger|35/100 slp
|cant|p1a: Jugger|slp
|
|upkeep
|turn|75
|
|t:|1779949239
|move|p2a: tony soprano|Low Kick|p1a: Jugger
|-damage|p1a: Jugger|2/100 slp
|-curestatus|p1a: Jugger|slp|[msg]
|move|p1a: Jugger|Rest|p1a: Jugger
|-status|p1a: Jugger|slp|[from] move: Rest
|-heal|p1a: Jugger|100/100 slp|[silent]
|
|upkeep
|turn|76
|
|t:|1779949247
|move|p2a: tony soprano|Low Kick|p1a: Jugger
|-damage|p1a: Jugger|67/100 slp
|cant|p1a: Jugger|slp
|
|upkeep
|turn|77
|
|t:|1779949249
|move|p2a: tony soprano|Low Kick|p1a: Jugger
|-damage|p1a: Jugger|36/100 slp
|cant|p1a: Jugger|slp
|
|upkeep
|turn|78
|
|t:|1779949254
|move|p2a: tony soprano|Low Kick|p1a: Jugger
|-damage|p1a: Jugger|3/100 slp
|-curestatus|p1a: Jugger|slp|[msg]
|move|p1a: Jugger|Rest|p1a: Jugger
|-status|p1a: Jugger|slp|[from] move: Rest
|-heal|p1a: Jugger|100/100 slp|[silent]
|
|upkeep
|turn|79
|
|t:|1779949262
|move|p2a: tony soprano|Swords Dance|p2a: tony soprano
|-boost|p2a: tony soprano|atk|0
|cant|p1a: Jugger|slp
|
|upkeep
|turn|80
|
|t:|1779949266
|move|p2a: tony soprano|Swords Dance|p2a: tony soprano
|-boost|p2a: tony soprano|atk|0
|cant|p1a: Jugger|slp
|
|upkeep
|turn|81
|
|t:|1779949271
|move|p2a: tony soprano|Swords Dance|p2a: tony soprano
|-boost|p2a: tony soprano|atk|0
|-curestatus|p1a: Jugger|slp|[msg]
|move|p1a: Jugger|Body Press|p2a: tony soprano
|-immune|p2a: tony soprano
|
|upkeep
|turn|82
|
|t:|1779949280
|move|p2a: tony soprano|Sucker Punch|p1a: Jugger
|-damage|p1a: Jugger|74/100
|move|p1a: Jugger|Avalanche|p2a: tony soprano
|-damage|p2a: tony soprano|66/100
|-enditem|p2a: tony soprano|Air Balloon
|
|upkeep
|turn|83
|
|t:|1779949286
|move|p2a: tony soprano|Sucker Punch|p1a: Jugger
|-damage|p1a: Jugger|49/100
|move|p1a: Jugger|Avalanche|p2a: tony soprano
|-damage|p2a: tony soprano|41/100
|
|upkeep
|turn|84
|
|t:|1779949291
|move|p2a: tony soprano|Sucker Punch|p1a: Jugger
|-damage|p1a: Jugger|21/100
|move|p1a: Jugger|Avalanche|p2a: tony soprano
|-damage|p2a: tony soprano|19/100
|
|upkeep
|turn|85
|
|t:|1779949298
|move|p2a: tony soprano|Sucker Punch||[still]
|-fail|p2a: tony soprano
|move|p1a: Jugger|Rest|p1a: Jugger
|-status|p1a: Jugger|slp|[from] move: Rest
|-heal|p1a: Jugger|100/100 slp|[silent]
|
|upkeep
|turn|86
|j| andalusiae
|
|t:|1779949302
|move|p2a: tony soprano|Swords Dance|p2a: tony soprano
|-boost|p2a: tony soprano|atk|0
|cant|p1a: Jugger|slp
|move|p1a: Jugger|Sleep Talk|p1a: Jugger
|move|p1a: Jugger|Avalanche|p2a: tony soprano|[from] move: Sleep Talk
|-damage|p2a: tony soprano|6/100
|
|upkeep
|turn|87
|
|t:|1779949304
|move|p2a: tony soprano|Swords Dance|p2a: tony soprano
|-boost|p2a: tony soprano|atk|0
|cant|p1a: Jugger|slp
|move|p1a: Jugger|Sleep Talk|p1a: Jugger
|move|p1a: Jugger|Avalanche|p2a: tony soprano|[from] move: Sleep Talk
|-damage|p2a: tony soprano|0 fnt
|faint|p2a: tony soprano
|-end|p2a: tony soprano|fallen5|[silent]
|
|win|llachiee
|raw|llachiee's rating: 1606 &rarr; <strong>1631</strong><br />(+25 for winning)
|raw|Gunkip's rating: 1696 &rarr; <strong>1671</strong><br />(-25 for losing)
|l|☆Gunkip
|player|p2|
|l|☆llachiee
|player|p1|
