|j|‽ayerbe
|j|☆isaac_gam3r
|t:|1779859737
|gametype|singles
|player|p1|ayerbe|blackbelt-gen4dp|1630
|player|p2|isaac_gam3r|acetrainer-gen4dp|1705
|gen|9
|tier|[Gen 9] OU
|rated|
|rule|HP Percentage Mod: HP is shown in percentages
|rule|Endless Battle Clause: Forcing endless battles is banned
|rule|Species Clause: Limit one of each Pokémon
|rule|OHKO Clause: OHKO moves are banned
|rule|Evasion Items Clause: Evasion items are banned
|rule|Evasion Moves Clause: Evasion moves are banned
|rule|Evasion Abilities Clause: Evasion abilities are banned
|rule|Sleep Moves Clause: Sleep-inducing moves are banned
|clearpoke
|poke|p1|Great Tusk|
|poke|p1|Scizor, M|
|poke|p1|Garganacl, M|
|poke|p1|Ting-Lu|
|poke|p1|Raging Bolt|
|poke|p1|Gholdengo|
|poke|p2|Primarina, F|
|poke|p2|Raging Bolt|
|poke|p2|Heatran, M|
|poke|p2|Weezing-Galar, M|
|poke|p2|Garchomp, M|
|poke|p2|Weavile, F|
|teampreview
|inactive|Battle timer is ON: inactive players will automatically lose when time's up. (requested by ayerbe)
|
|t:|1779859741
|teamsize|p1|6
|teamsize|p2|6
|start
|switch|p1a: Ting-Lu|Ting-Lu|100/100
|switch|p2a: Primarina|Primarina, F, shiny|100/100
|-ability|p1a: Ting-Lu|Vessel of Ruin
|turn|1
|
|t:|1779859744
|switch|p1a: Raging Bolt|Raging Bolt|100/100
|move|p2a: Primarina|Calm Mind|p2a: Primarina
|-boost|p2a: Primarina|spa|1
|-boost|p2a: Primarina|spd|1
|
|upkeep
|turn|2
|
|t:|1779859747
|move|p2a: Primarina|Protect|p2a: Primarina
|-singleturn|p2a: Primarina|Protect
|move|p1a: Raging Bolt|Volt Switch|p2a: Primarina
|-activate|p2a: Primarina|move: Protect
|
|upkeep
|turn|3
|
|t:|1779859751
|move|p1a: Raging Bolt|Volt Switch|p2a: Primarina
|-supereffective|p2a: Primarina
|-damage|p2a: Primarina|54/100
|
|t:|1779859755
|-end|p1a: Raging Bolt|Protosynthesis|[silent]
|switch|p1a: Gholdengo|Gholdengo|100/100|[from] Volt Switch
|move|p2a: Primarina|Draining Kiss|p1a: Gholdengo
|-resisted|p1a: Gholdengo
|-damage|p1a: Gholdengo|77/100
|-heal|p2a: Primarina|69/100|[from] drain|[of] p1a: Gholdengo
|
|-heal|p2a: Primarina|75/100|[from] item: Leftovers
|upkeep
|turn|4
|
|t:|1779859760
|move|p1a: Gholdengo|Thunderbolt|p2a: Primarina
|-supereffective|p2a: Primarina
|-damage|p2a: Primarina|37/100
|move|p2a: Primarina|Sparkling Aria|p1a: Gholdengo
|-damage|p1a: Gholdengo|0 fnt
|faint|p1a: Gholdengo
|
|-heal|p2a: Primarina|43/100|[from] item: Leftovers
|upkeep
|
|t:|1779859764
|switch|p1a: Raging Bolt|Raging Bolt|100/100
|turn|5
|
|t:|1779859767
|move|p2a: Primarina|Protect|p2a: Primarina
|-singleturn|p2a: Primarina|Protect
|move|p1a: Raging Bolt|Volt Switch|p2a: Primarina
|-activate|p2a: Primarina|move: Protect
|
|-heal|p2a: Primarina|49/100|[from] item: Leftovers
|upkeep
|turn|6
|
|t:|1779859771
|switch|p2a: Garchomp|Garchomp, M|100/100
|move|p1a: Raging Bolt|Volt Switch|p2a: Garchomp
|-immune|p2a: Garchomp
|
|upkeep
|turn|7
|j| Kyurem
|
|t:|1779859774
|switch|p2a: Primarina|Primarina, F, shiny|49/100
|move|p1a: Raging Bolt|Dragon Pulse|p2a: Primarina
|-immune|p2a: Primarina
|
|-heal|p2a: Primarina|55/100|[from] item: Leftovers
|upkeep
|turn|8
|
|t:|1779859777
|move|p2a: Primarina|Protect|p2a: Primarina
|-singleturn|p2a: Primarina|Protect
|move|p1a: Raging Bolt|Volt Switch|p2a: Primarina
|-activate|p2a: Primarina|move: Protect
|
|-heal|p2a: Primarina|61/100|[from] item: Leftovers
|upkeep
|turn|9
|
|t:|1779859779
|move|p1a: Raging Bolt|Volt Switch|p2a: Primarina
|-supereffective|p2a: Primarina
|-damage|p2a: Primarina|0 fnt
|faint|p2a: Primarina
|
|t:|1779859784
|-end|p1a: Raging Bolt|Protosynthesis|[silent]
|switch|p1a: Great Tusk|Great Tusk|100/100|[from] Volt Switch
|
|upkeep
|
|t:|1779859786
|switch|p2a: Weezing|Weezing-Galar, M, shiny|100/100
|turn|10
|
|t:|1779859791
|-end|p1a: Great Tusk|Protosynthesis|[silent]
|switch|p1a: Garganacl|Garganacl, M|100/100
|move|p2a: Weezing|Strange Steam|p1a: Garganacl
|-damage|p1a: Garganacl|76/100
|
|-heal|p1a: Garganacl|82/100|[from] item: Leftovers
|upkeep
|turn|11
|
|t:|1779859794
|move|p2a: Weezing|Strange Steam|p1a: Garganacl
|-damage|p1a: Garganacl|54/100
|move|p1a: Garganacl|Block|p2a: Weezing
|-activate|p2a: Weezing|trapped
|
|-heal|p1a: Garganacl|61/100|[from] item: Leftovers
|upkeep
|turn|12
|
|t:|1779859797
|move|p2a: Weezing|Strange Steam|p1a: Garganacl
|-damage|p1a: Garganacl|35/100
|-start|p1a: Garganacl|confusion
|-activate|p1a: Garganacl|confusion
|move|p1a: Garganacl|Curse|p1a: Garganacl
|-unboost|p1a: Garganacl|spe|1
|-boost|p1a: Garganacl|atk|1
|-boost|p1a: Garganacl|def|1
|
|-heal|p1a: Garganacl|42/100|[from] item: Leftovers
|upkeep
|turn|13
|
|t:|1779859800
|move|p2a: Weezing|Strange Steam|p1a: Garganacl
|-damage|p1a: Garganacl|17/100
|-activate|p1a: Garganacl|confusion
|move|p1a: Garganacl|Recover|p1a: Garganacl
|-heal|p1a: Garganacl|67/100
|
|-heal|p1a: Garganacl|73/100|[from] item: Leftovers
|upkeep
|turn|14
|
|t:|1779859803
|move|p2a: Weezing|Strange Steam|p1a: Garganacl
|-damage|p1a: Garganacl|47/100
|-end|p1a: Garganacl|confusion
|move|p1a: Garganacl|Salt Cure|p2a: Weezing
|-damage|p2a: Weezing|87/100
|-start|p2a: Weezing|Salt Cure
|
|-heal|p2a: Weezing|93/100|[from] item: Black Sludge
|-heal|p1a: Garganacl|53/100|[from] item: Leftovers
|-damage|p2a: Weezing|80/100|[from] Salt Cure
|upkeep
|turn|15
|
|t:|1779859805
|move|p2a: Weezing|Strange Steam|p1a: Garganacl
|-damage|p1a: Garganacl|29/100
|move|p1a: Garganacl|Recover|p1a: Garganacl
|-heal|p1a: Garganacl|79/100
|
|-heal|p2a: Weezing|86/100|[from] item: Black Sludge
|-heal|p1a: Garganacl|85/100|[from] item: Leftovers
|-damage|p2a: Weezing|74/100|[from] Salt Cure
|upkeep
|turn|16
|
|t:|1779859808
|move|p2a: Weezing|Strange Steam|p1a: Garganacl
|-damage|p1a: Garganacl|57/100
|-start|p1a: Garganacl|confusion
|-activate|p1a: Garganacl|confusion
|move|p1a: Garganacl|Curse|p1a: Garganacl
|-unboost|p1a: Garganacl|spe|1
|-boost|p1a: Garganacl|atk|1
|-boost|p1a: Garganacl|def|1
|
|-heal|p2a: Weezing|80/100|[from] item: Black Sludge
|-heal|p1a: Garganacl|64/100|[from] item: Leftovers
|-damage|p2a: Weezing|68/100|[from] Salt Cure
|upkeep
|turn|17
|
|t:|1779859810
|move|p2a: Weezing|Strange Steam|p1a: Garganacl
|-damage|p1a: Garganacl|38/100
|-activate|p1a: Garganacl|confusion
|-damage|p1a: Garganacl|34/100|[from] confusion
|
|-heal|p2a: Weezing|74/100|[from] item: Black Sludge
|-heal|p1a: Garganacl|40/100|[from] item: Leftovers
|-damage|p2a: Weezing|62/100|[from] Salt Cure
|upkeep
|turn|18
|
|t:|1779859813
|move|p2a: Weezing|Strange Steam|p1a: Garganacl
|-damage|p1a: Garganacl|16/100
|-activate|p1a: Garganacl|confusion
|move|p1a: Garganacl|Recover|p1a: Garganacl
|-heal|p1a: Garganacl|66/100
|
|-heal|p2a: Weezing|68/100|[from] item: Black Sludge
|-heal|p1a: Garganacl|72/100|[from] item: Leftovers
|-damage|p2a: Weezing|55/100|[from] Salt Cure
|upkeep
|turn|19
|
|t:|1779859816
|move|p2a: Weezing|Strange Steam|p1a: Garganacl
|-damage|p1a: Garganacl|48/100
|-activate|p1a: Garganacl|confusion
|move|p1a: Garganacl|Salt Cure|p2a: Weezing
|-damage|p2a: Weezing|37/100
|
|-heal|p2a: Weezing|43/100|[from] item: Black Sludge
|-heal|p1a: Garganacl|54/100|[from] item: Leftovers
|-damage|p2a: Weezing|31/100|[from] Salt Cure
|upkeep
|turn|20
|
|t:|1779859819
|move|p2a: Weezing|Strange Steam|p1a: Garganacl
|-damage|p1a: Garganacl|27/100
|-end|p1a: Garganacl|confusion
|move|p1a: Garganacl|Salt Cure|p2a: Weezing
|-damage|p2a: Weezing|13/100
|
|-heal|p2a: Weezing|19/100|[from] item: Black Sludge
|-heal|p1a: Garganacl|33/100|[from] item: Leftovers
|-damage|p2a: Weezing|6/100|[from] Salt Cure
|upkeep
|turn|21
|
|t:|1779859822
|move|p2a: Weezing|Strange Steam|p1a: Garganacl
|-damage|p1a: Garganacl|7/100
|move|p1a: Garganacl|Salt Cure|p2a: Weezing
|-damage|p2a: Weezing|0 fnt
|faint|p2a: Weezing
|
|-heal|p1a: Garganacl|13/100|[from] item: Leftovers
|upkeep
|j| turquoiselink
|
|t:|1779859825
|switch|p2a: Weavile|Weavile, F|100/100
|-ability|p2a: Weavile|Pressure
|turn|22
|
|t:|1779859827
|move|p2a: Weavile|Low Kick|p1a: Garganacl
|-supereffective|p1a: Garganacl
|-damage|p1a: Garganacl|0 fnt
|faint|p1a: Garganacl
|
|upkeep
|
|t:|1779859830
|switch|p1a: Scizor|Scizor, M|100/100
|turn|23
|
|t:|1779859832
|switch|p1a: Ting-Lu|Ting-Lu|100/100
|-ability|p1a: Ting-Lu|Vessel of Ruin
|move|p2a: Weavile|Knock Off|p1a: Ting-Lu
|-resisted|p1a: Ting-Lu
|-damage|p1a: Ting-Lu|87/100
|-enditem|p1a: Ting-Lu|Leftovers|[from] move: Knock Off|[of] p2a: Weavile
|
|upkeep
|turn|24
|
|t:|1779859835
|switch|p1a: Scizor|Scizor, M|100/100
|move|p2a: Weavile|Triple Axel|p1a: Scizor
|-resisted|p1a: Scizor
|-damage|p1a: Scizor|95/100
|-resisted|p1a: Scizor
|-damage|p1a: Scizor|83/100
|-resisted|p1a: Scizor
|-crit|p1a: Scizor
|-damage|p1a: Scizor|60/100
|-hitcount|p1a: Scizor|3
|
|upkeep
|turn|25
|
|t:|1779859838
|move|p1a: Scizor|Bullet Punch|p2a: Weavile
|-supereffective|p2a: Weavile
|-enditem|p2a: Weavile|Focus Sash
|-damage|p2a: Weavile|1/100
|move|p2a: Weavile|Knock Off|p1a: Scizor
|-damage|p1a: Scizor|11/100
|-enditem|p1a: Scizor|Expert Belt|[from] move: Knock Off|[of] p2a: Weavile
|
|upkeep
|turn|26
|
|t:|1779859840
|move|p2a: Weavile|Ice Shard|p1a: Scizor
|-resisted|p1a: Scizor
|-damage|p1a: Scizor|0 fnt
|faint|p1a: Scizor
|
|upkeep
|
|t:|1779859845
|switch|p1a: Great Tusk|Great Tusk|100/100
|turn|27
|
|t:|1779859847
|move|p2a: Weavile|Triple Axel|p1a: Great Tusk
|-supereffective|p1a: Great Tusk
|-damage|p1a: Great Tusk|87/100
|-hitcount|p1a: Great Tusk|1
|move|p1a: Great Tusk|Rapid Spin|p2a: Weavile
|-damage|p2a: Weavile|0 fnt
|-boost|p1a: Great Tusk|spe|1
|faint|p2a: Weavile
|
|upkeep
|
|t:|1779859857
|switch|p2a: Garchomp|Garchomp, M|100/100
|turn|28
|
|t:|1779859859
|move|p2a: Garchomp|Outrage|p1a: Great Tusk
|-damage|p1a: Great Tusk|48/100
|move|p1a: Great Tusk|Ice Spinner|p2a: Garchomp
|-supereffective|p2a: Garchomp
|-damage|p2a: Garchomp|1/100
|-damage|p1a: Great Tusk|35/100|[from] ability: Rough Skin|[of] p2a: Garchomp
|
|upkeep
|turn|29
|
|t:|1779859866
|-end|p1a: Great Tusk|Protosynthesis|[silent]
|switch|p1a: Ting-Lu|Ting-Lu|87/100
|-ability|p1a: Ting-Lu|Vessel of Ruin
|move|p2a: Garchomp|Outrage|p1a: Ting-Lu|[from] lockedmove
|-damage|p1a: Ting-Lu|54/100
|
|upkeep
|turn|30
|
|t:|1779859869
|move|p2a: Garchomp|Outrage|p1a: Ting-Lu|[from] lockedmove
|-damage|p1a: Ting-Lu|20/100
|-start|p2a: Garchomp|confusion|[fatigue]
|move|p1a: Ting-Lu|Stealth Rock|p2a: Garchomp
|-sidestart|p2: isaac_gam3r|move: Stealth Rock
|
|upkeep
|turn|31
|
|t:|1779859873
|-activate|p2a: Garchomp|confusion
|move|p2a: Garchomp|Outrage|p1a: Ting-Lu
|-damage|p1a: Ting-Lu|0 fnt
|faint|p1a: Ting-Lu
|
|upkeep
|
|t:|1779859881
|switch|p1a: Great Tusk|Great Tusk|35/100
|turn|32
|
|t:|1779859884
|-terastallize|p1a: Great Tusk|Steel
|-activate|p2a: Garchomp|confusion
|move|p2a: Garchomp|Outrage|p1a: Great Tusk|[from] lockedmove
|-resisted|p1a: Great Tusk
|-damage|p1a: Great Tusk|14/100
|move|p1a: Great Tusk|Rapid Spin|p2a: Garchomp
|-damage|p2a: Garchomp|0 fnt
|-boost|p1a: Great Tusk|spe|1
|-damage|p1a: Great Tusk|2/100|[from] ability: Rough Skin|[of] p2a: Garchomp
|faint|p2a: Garchomp
|
|upkeep
|
|t:|1779859887
|switch|p2a: Raging Bolt|Raging Bolt|100/100
|-damage|p2a: Raging Bolt|88/100|[from] Stealth Rock
|turn|33
|
|t:|1779859889
|-end|p1a: Great Tusk|Protosynthesis|[silent]
|switch|p1a: Raging Bolt|Raging Bolt|100/100
|move|p2a: Raging Bolt|Thunderclap||[still]
|-fail|p2a: Raging Bolt
|
|-heal|p2a: Raging Bolt|94/100|[from] item: Leftovers
|upkeep
|turn|34
|
|t:|1779859891
|-terastallize|p2a: Raging Bolt|Fairy
|move|p1a: Raging Bolt|Dragon Pulse|p2a: Raging Bolt
|-immune|p2a: Raging Bolt
|move|p2a: Raging Bolt|Dragon Pulse|p1a: Raging Bolt
|-supereffective|p1a: Raging Bolt
|-damage|p1a: Raging Bolt|49/100
|
|-heal|p2a: Raging Bolt|100/100|[from] item: Leftovers
|upkeep
|turn|35
|
|t:|1779859894
|move|p1a: Raging Bolt|Volt Switch|p2a: Raging Bolt
|-damage|p2a: Raging Bolt|68/100
|
|t:|1779859895
|-end|p1a: Raging Bolt|Protosynthesis|[silent]
|switch|p1a: Great Tusk|Great Tusk, tera:Steel|2/100|[from] Volt Switch
|move|p2a: Raging Bolt|Dragon Pulse|p1a: Great Tusk
|-resisted|p1a: Great Tusk
|-damage|p1a: Great Tusk|0 fnt
|faint|p1a: Great Tusk
|-end|p1a: Great Tusk|Protosynthesis|[silent]
|
|-heal|p2a: Raging Bolt|74/100|[from] item: Leftovers
|upkeep
|-message|ayerbe forfeited.
|
|win|isaac_gam3r
|raw|ayerbe's rating: 1630 &rarr; <strong>1614</strong><br />(-16 for losing)
|raw|isaac_gam3r's rating: 1705 &rarr; <strong>1721</strong><br />(+16 for winning)
|l|‽ayerbe
|player|p1|
|l|☆isaac_gam3r
|player|p2|
|l| Kyurem
|j|☆isaac_gam3r
|player|p2|isaac_gam3r|acetrainer-gen4dp|
|l|☆isaac_gam3r
|player|p2|
