|j|☆backpackio
|j|☆claudechamp
|t:|1779815188
|gametype|singles
|player|p1|backpackio|harlequin|1180
|player|p2|claudechamp|265|1204
|gen|9
|tier|[Gen 9] OU
|rated|
|rule|HP Percentage Mod: HP is shown in percentages
|rule|Endless Battle Clause: Forcing endless battles is banned
|rule|Species Clause: Limit one of each Pokémon
|rule|OHKO Clause: OHKO moves are banned
|rule|Evasion Items Clause: Evasion items are banned
|rule|Evasion Moves Clause: Evasion moves are banned
|rule|Evasion Abilities Clause: Evasion abilities are banned
|rule|Sleep Moves Clause: Sleep-inducing moves are banned
|clearpoke
|poke|p1|Corviknight, F|
|poke|p1|Slowking-Galar, M|
|poke|p1|Deoxys-Speed|
|poke|p1|Ogerpon, F|
|poke|p1|Great Tusk|
|poke|p1|Darkrai|
|poke|p2|Gliscor, F|
|poke|p2|Gholdengo|
|poke|p2|Zamazenta-*|
|poke|p2|Blissey, F|
|poke|p2|Skarmory, F|
|poke|p2|Pecharunt|
|teampreview
|c|☆claudechamp|hf
|
|t:|1779815207
|teamsize|p1|6
|teamsize|p2|6
|start
|switch|p1a: Deoxys|Deoxys-Speed|100/100
|switch|p2a: Skarmory|Skarmory, F|100/100
|-ability|p1a: Deoxys|Pressure
|turn|1
|inactive|Battle timer is ON: inactive players will automatically lose when time's up. (requested by claudechamp)
|inactive|claudechamp has 120 seconds left.
|
|t:|1779815252
|move|p1a: Deoxys|Stealth Rock|p2a: Skarmory
|-sidestart|p2: claudechamp|move: Stealth Rock
|move|p2a: Skarmory|Spikes|p1a: Deoxys
|-sidestart|p1: backpackio|Spikes
|
|upkeep
|turn|2
|
|t:|1779815256
|switch|p2a: Gliscor|Gliscor, F|100/100
|-damage|p2a: Gliscor|88/100|[from] Stealth Rock
|move|p1a: Deoxys|Knock Off|p2a: Gliscor
|-crit|p2a: Gliscor
|-damage|p2a: Gliscor|62/100
|-enditem|p2a: Gliscor|Toxic Orb|[from] move: Knock Off|[of] p1a: Deoxys
|
|upkeep
|turn|3
|
|t:|1779815269
|move|p1a: Deoxys|Spikes|p2a: Gliscor
|-sidestart|p2: claudechamp|Spikes
|move|p2a: Gliscor|Swords Dance|p2a: Gliscor
|-boost|p2a: Gliscor|atk|2
|
|upkeep
|turn|4
|
|t:|1779815275
|move|p1a: Deoxys|Psycho Boost|p2a: Gliscor|[miss]
|-miss|p1a: Deoxys|p2a: Gliscor
|move|p2a: Gliscor|Knock Off|p1a: Deoxys
|-supereffective|p1a: Deoxys
|-enditem|p1a: Deoxys|Focus Sash
|-damage|p1a: Deoxys|1/100
|
|upkeep
|turn|5
|
|t:|1779815279
|move|p1a: Deoxys|Psycho Boost|p2a: Gliscor
|-damage|p2a: Gliscor|20/100
|-unboost|p1a: Deoxys|spa|2
|move|p2a: Gliscor|Earthquake|p1a: Deoxys
|-damage|p1a: Deoxys|0 fnt
|faint|p1a: Deoxys
|
|upkeep
|
|t:|1779815286
|switch|p1a: Darkrai|Darkrai|100/100
|-damage|p1a: Darkrai|88/100|[from] Spikes
|turn|6
|
|t:|1779815288
|move|p1a: Darkrai|Dark Pulse|p2a: Gliscor
|-damage|p2a: Gliscor|0 fnt
|faint|p2a: Gliscor
|
|upkeep
|
|t:|1779815290
|switch|p2a: Zamazenta|Zamazenta|100/100
|-ability|p2a: Zamazenta|Dauntless Shield|boost
|-boost|p2a: Zamazenta|def|1
|turn|7
|
|t:|1779815304
|switch|p1a: Corviknight|Corviknight, F|100/100
|-ability|p1a: Corviknight|Pressure
|move|p2a: Zamazenta|Close Combat|p1a: Corviknight
|-damage|p1a: Corviknight|64/100
|-unboost|p2a: Zamazenta|def|1
|-unboost|p2a: Zamazenta|spd|1
|
|upkeep
|turn|8
|
|t:|1779815313
|switch|p2a: Gholdengo|Gholdengo|100/100
|-damage|p2a: Gholdengo|94/100|[from] Stealth Rock
|-damage|p2a: Gholdengo|82/100|[from] Spikes
|move|p1a: Corviknight|U-turn|p2a: Gholdengo
|-resisted|p2a: Gholdengo
|-damage|p2a: Gholdengo|79/100
|
|t:|1779815317
|switch|p1a: Darkrai|Darkrai|88/100|[from] U-turn
|-damage|p1a: Darkrai|76/100|[from] Spikes
|
|upkeep
|turn|9
|
|t:|1779815329
|switch|p2a: Blissey|Blissey, F|100/100
|move|p1a: Darkrai|Dark Pulse|p2a: Blissey
|-damage|p2a: Blissey|88/100
|
|upkeep
|turn|10
|
|t:|1779815334
|switch|p1a: Great Tusk|Great Tusk|100/100
|-damage|p1a: Great Tusk|88/100|[from] Spikes
|move|p2a: Blissey|Stealth Rock|p1a: Great Tusk
|-sidestart|p1: backpackio|move: Stealth Rock
|
|-heal|p1a: Great Tusk|94/100|[from] item: Leftovers
|upkeep
|turn|11
|
|t:|1779815347
|move|p1a: Great Tusk|Knock Off|p2a: Blissey
|-damage|p2a: Blissey|56/100
|-enditem|p2a: Blissey|Heavy-Duty Boots|[from] move: Knock Off|[of] p1a: Great Tusk
|move|p2a: Blissey|Soft-Boiled|p2a: Blissey
|-heal|p2a: Blissey|100/100
|
|-heal|p1a: Great Tusk|100/100|[from] item: Leftovers
|upkeep
|turn|12
|
|t:|1779815357
|switch|p2a: Pecharunt|Pecharunt|100/100
|move|p1a: Great Tusk|Knock Off|p2a: Pecharunt
|-supereffective|p2a: Pecharunt
|-damage|p2a: Pecharunt|74/100
|-enditem|p2a: Pecharunt|Heavy-Duty Boots|[from] move: Knock Off|[of] p1a: Great Tusk
|
|upkeep
|turn|13
|
|t:|1779815368
|-end|p1a: Great Tusk|Protosynthesis|[silent]
|switch|p1a: Corviknight|Corviknight, F|64/100
|-ability|p1a: Corviknight|Pressure
|move|p2a: Pecharunt|Recover|p2a: Pecharunt
|-heal|p2a: Pecharunt|100/100
|
|upkeep
|turn|14
|
|t:|1779815378
|move|p2a: Pecharunt|Shadow Ball|p1a: Corviknight
|-damage|p1a: Corviknight|39/100
|move|p1a: Corviknight|Roost|p1a: Corviknight
|-heal|p1a: Corviknight|89/100
|-singleturn|p1a: Corviknight|move: Roost
|
|upkeep
|turn|15
|
|t:|1779815387
|move|p2a: Pecharunt|Shadow Ball|p1a: Corviknight
|-damage|p1a: Corviknight|64/100
|move|p1a: Corviknight|U-turn|p2a: Pecharunt
|-resisted|p2a: Pecharunt
|-damage|p2a: Pecharunt|99/100
|
|t:|1779815391
|switch|p1a: Darkrai|Darkrai|76/100|[from] U-turn
|-damage|p1a: Darkrai|63/100|[from] Spikes
|-damage|p1a: Darkrai|51/100|[from] Stealth Rock
|
|upkeep
|turn|16
|
|t:|1779815395
|-terastallize|p2a: Pecharunt|Fairy
|move|p1a: Darkrai|Dark Pulse|p2a: Pecharunt
|-resisted|p2a: Pecharunt
|-damage|p2a: Pecharunt|76/100
|move|p2a: Pecharunt|Toxic|p1a: Darkrai
|-status|p1a: Darkrai|tox
|-start|p1a: Darkrai|confusion|[from] ability: Poison Puppeteer|[of] p2a: Pecharunt
|
|-damage|p1a: Darkrai|45/100 tox|[from] psn
|upkeep
|turn|17
|
|t:|1779815405
|switch|p1a: Slowking|Slowking-Galar, M|100/100
|-damage|p1a: Slowking|88/100|[from] Spikes
|-damage|p1a: Slowking|76/100|[from] Stealth Rock
|move|p2a: Pecharunt|Recover|p2a: Pecharunt
|-heal|p2a: Pecharunt|100/100
|
|-heal|p1a: Slowking|82/100|[from] item: Black Sludge
|upkeep
|turn|18
|
|t:|1779815411
|move|p2a: Pecharunt|Parting Shot|p1a: Slowking
|-unboost|p1a: Slowking|atk|1
|-unboost|p1a: Slowking|spa|1
|
|t:|1779815418
|switch|p2a: Gholdengo|Gholdengo|79/100|[from] Parting Shot
|-damage|p2a: Gholdengo|73/100|[from] Stealth Rock
|-damage|p2a: Gholdengo|61/100|[from] Spikes
|move|p1a: Slowking|Future Sight|p2a: Gholdengo
|-start|p1a: Slowking|move: Future Sight
|
|-heal|p1a: Slowking|88/100|[from] item: Black Sludge
|upkeep
|turn|19
|
|t:|1779815425
|move|p2a: Gholdengo|Hex|p1a: Slowking
|-supereffective|p1a: Slowking
|-damage|p1a: Slowking|54/100
|-prepare|p1a: Slowking|Chilly Reception|[premajor]
|move|p1a: Slowking|Chilly Reception|p1a: Slowking
|-weather|Snowscape
|
|t:|1779815433
|switch|p1a: Darkrai|Darkrai|45/100 tox|[from] Chilly Reception
|-damage|p1a: Darkrai|32/100 tox|[from] Spikes
|-damage|p1a: Darkrai|20/100 tox|[from] Stealth Rock
|
|-weather|Snowscape|[upkeep]
|-damage|p1a: Darkrai|14/100 tox|[from] psn
|upkeep
|turn|20
|
|t:|1779815440
|switch|p2a: Pecharunt|Pecharunt, tera:Fairy|100/100
|-damage|p2a: Pecharunt|88/100|[from] Stealth Rock
|-damage|p2a: Pecharunt|76/100|[from] Spikes
|move|p1a: Darkrai|Sludge Bomb|p2a: Pecharunt
|-supereffective|p2a: Pecharunt
|-damage|p2a: Pecharunt|8/100
|-status|p2a: Pecharunt|psn
|
|-weather|Snowscape|[upkeep]
|-end|p2a: Pecharunt|move: Future Sight
|-crit|p2a: Pecharunt
|-damage|p2a: Pecharunt|0 fnt
|faint|p2a: Pecharunt
|-damage|p1a: Darkrai|2/100 tox|[from] psn
|upkeep
|
|t:|1779815451
|switch|p2a: Zamazenta|Zamazenta|100/100
|turn|21
|
|t:|1779815463
|move|p1a: Darkrai|Sludge Bomb|p2a: Zamazenta
|-damage|p2a: Zamazenta|73/100
|move|p2a: Zamazenta|Ice Fang|p1a: Darkrai
|-damage|p1a: Darkrai|0 fnt
|faint|p1a: Darkrai
|
|-weather|Snowscape|[upkeep]
|upkeep
|
|t:|1779815473
|switch|p1a: Corviknight|Corviknight, F|64/100
|-ability|p1a: Corviknight|Pressure
|turn|22
|
|t:|1779815477
|move|p2a: Zamazenta|Close Combat|p1a: Corviknight
|-damage|p1a: Corviknight|30/100
|-unboost|p2a: Zamazenta|def|1
|-unboost|p2a: Zamazenta|spd|1
|move|p1a: Corviknight|Roost|p1a: Corviknight
|-heal|p1a: Corviknight|80/100
|-singleturn|p1a: Corviknight|move: Roost
|
|-weather|Snowscape|[upkeep]
|upkeep
|turn|23
|
|t:|1779815487
|move|p2a: Zamazenta|Close Combat|p1a: Corviknight
|-damage|p1a: Corviknight|46/100
|-unboost|p2a: Zamazenta|def|1
|-unboost|p2a: Zamazenta|spd|1
|move|p1a: Corviknight|U-turn|p2a: Zamazenta
|-resisted|p2a: Zamazenta
|-damage|p2a: Zamazenta|59/100
|
|t:|1779815493
|switch|p1a: Ogerpon|Ogerpon, F|100/100|[from] U-turn
|-damage|p1a: Ogerpon|88/100|[from] Spikes
|-damage|p1a: Ogerpon|76/100|[from] Stealth Rock
|
|-weather|none
|upkeep
|turn|24
|
|t:|1779815504
|switch|p2a: Gholdengo|Gholdengo|61/100
|-damage|p2a: Gholdengo|55/100|[from] Stealth Rock
|-damage|p2a: Gholdengo|42/100|[from] Spikes
|-terastallize|p1a: Ogerpon|Grass
|detailschange|p1a: Ogerpon|Ogerpon-Teal-Tera, F, tera:Grass
|-ability|p1a: Ogerpon|Embody Aspect (Teal)|boost
|-boost|p1a: Ogerpon|spe|1
|move|p1a: Ogerpon|U-turn|p2a: Gholdengo
|-resisted|p2a: Gholdengo
|-damage|p2a: Gholdengo|36/100
|
|t:|1779815518
|switch|p1a: Great Tusk|Great Tusk|100/100|[from] U-turn
|-damage|p1a: Great Tusk|88/100|[from] Spikes
|-damage|p1a: Great Tusk|85/100|[from] Stealth Rock
|
|-heal|p1a: Great Tusk|91/100|[from] item: Leftovers
|upkeep
|turn|25
|
|t:|1779815526
|move|p2a: Gholdengo|Recover|p2a: Gholdengo
|-heal|p2a: Gholdengo|86/100
|move|p1a: Great Tusk|Knock Off|p2a: Gholdengo
|-supereffective|p2a: Gholdengo
|-damage|p2a: Gholdengo|42/100
|-enditem|p2a: Gholdengo|Ability Shield|[from] move: Knock Off|[of] p1a: Great Tusk
|
|-heal|p1a: Great Tusk|98/100|[from] item: Leftovers
|upkeep
|turn|26
|
|t:|1779815536
|switch|p2a: Skarmory|Skarmory, F|100/100
|move|p1a: Great Tusk|Knock Off|p2a: Skarmory
|-damage|p2a: Skarmory|84/100
|-enditem|p2a: Skarmory|Heavy-Duty Boots|[from] move: Knock Off|[of] p1a: Great Tusk
|
|-heal|p1a: Great Tusk|100/100|[from] item: Leftovers
|upkeep
|turn|27
|
|t:|1779815544
|move|p1a: Great Tusk|Rapid Spin|p2a: Skarmory
|-resisted|p2a: Skarmory
|-damage|p2a: Skarmory|80/100
|-boost|p1a: Great Tusk|spe|1
|-sideend|p1: backpackio|Spikes|[from] move: Rapid Spin|[of] p1a: Great Tusk
|-sideend|p1: backpackio|Stealth Rock|[from] move: Rapid Spin|[of] p1a: Great Tusk
|move|p2a: Skarmory|Spikes|p1a: Great Tusk
|-sidestart|p1: backpackio|Spikes
|
|upkeep
|turn|28
|
|t:|1779815558
|move|p1a: Great Tusk|Body Press|p2a: Skarmory
|-damage|p2a: Skarmory|49/100
|move|p2a: Skarmory|Body Press|p1a: Great Tusk
|-damage|p1a: Great Tusk|86/100
|
|-heal|p1a: Great Tusk|92/100|[from] item: Leftovers
|upkeep
|turn|29
|
|t:|1779815566
|move|p1a: Great Tusk|Body Press|p2a: Skarmory
|-damage|p2a: Skarmory|21/100
|move|p2a: Skarmory|Roost|p2a: Skarmory
|-heal|p2a: Skarmory|71/100
|-singleturn|p2a: Skarmory|move: Roost
|
|-heal|p1a: Great Tusk|98/100|[from] item: Leftovers
|upkeep
|turn|30
|
|t:|1779815590
|move|p1a: Great Tusk|Body Press|p2a: Skarmory
|-damage|p2a: Skarmory|43/100
|move|p2a: Skarmory|Whirlwind|p1a: Great Tusk
|-end|p1a: Great Tusk|Protosynthesis|[silent]
|drag|p1a: Slowking|Slowking-Galar, M|87/100
|-damage|p1a: Slowking|75/100|[from] Spikes
|
|-heal|p1a: Slowking|81/100|[from] item: Black Sludge
|upkeep
|turn|31
|
|t:|1779815599
|move|p2a: Skarmory|Roost|p2a: Skarmory
|-heal|p2a: Skarmory|93/100
|-singleturn|p2a: Skarmory|move: Roost
|move|p1a: Slowking|Trick|p2a: Skarmory
|-activate|p1a: Slowking|move: Trick|[of] p2a: Skarmory
|-item|p2a: Skarmory|Black Sludge|[from] move: Trick
|-enditem|p1a: Slowking|Black Sludge|[silent]|[from] move: Trick
|
|-damage|p2a: Skarmory|81/100|[from] item: Black Sludge
|upkeep
|turn|32
|
|t:|1779815612
|move|p2a: Skarmory|Spikes|p1a: Slowking
|-sidestart|p1: backpackio|Spikes
|move|p1a: Slowking|Future Sight|p2a: Skarmory
|-start|p1a: Slowking|move: Future Sight
|
|-damage|p2a: Skarmory|69/100|[from] item: Black Sludge
|upkeep
|turn|33
|
|t:|1779815620
|-prepare|p1a: Slowking|Chilly Reception|[premajor]
|move|p1a: Slowking|Chilly Reception|p1a: Slowking
|-weather|Snowscape
|
|t:|1779815627
|switch|p1a: Great Tusk|Great Tusk|98/100|[from] Chilly Reception
|-damage|p1a: Great Tusk|82/100|[from] Spikes
|move|p2a: Skarmory|Whirlwind|p1a: Great Tusk
|-end|p1a: Great Tusk|Protosynthesis|[silent]
|drag|p1a: Corviknight|Corviknight, F|46/100
|-ability|p1a: Corviknight|Pressure
|
|-weather|Snowscape|[upkeep]
|-damage|p2a: Skarmory|56/100|[from] item: Black Sludge
|upkeep
|turn|34
|
|t:|1779815634
|move|p2a: Skarmory|Roost|p2a: Skarmory
|-heal|p2a: Skarmory|100/100
|-singleturn|p2a: Skarmory|move: Roost
|move|p1a: Corviknight|Roost|p1a: Corviknight
|-heal|p1a: Corviknight|96/100
|-singleturn|p1a: Corviknight|move: Roost
|
|-weather|Snowscape|[upkeep]
|-end|p2a: Skarmory|move: Future Sight
|-resisted|p2a: Skarmory
|-damage|p2a: Skarmory|68/100
|-damage|p2a: Skarmory|55/100|[from] item: Black Sludge
|upkeep
|turn|35
|
|t:|1779815643
|move|p1a: Corviknight|Body Press|p2a: Skarmory
|-damage|p2a: Skarmory|40/100
|move|p2a: Skarmory|Whirlwind|p1a: Corviknight
|drag|p1a: Slowking|Slowking-Galar, M|100/100
|-damage|p1a: Slowking|84/100|[from] Spikes
|
|-weather|Snowscape|[upkeep]
|-damage|p2a: Skarmory|28/100|[from] item: Black Sludge
|upkeep
|turn|36
|
|t:|1779815653
|move|p2a: Skarmory|Roost|p2a: Skarmory
|-heal|p2a: Skarmory|78/100
|-singleturn|p2a: Skarmory|move: Roost
|move|p1a: Slowking|Future Sight|p2a: Skarmory
|-start|p1a: Slowking|move: Future Sight
|
|-weather|Snowscape|[upkeep]
|-damage|p2a: Skarmory|65/100|[from] item: Black Sludge
|upkeep
|turn|37
|
|t:|1779815663
|-prepare|p1a: Slowking|Chilly Reception|[premajor]
|move|p1a: Slowking|Chilly Reception|p1a: Slowking
|
|t:|1779815665
|switch|p1a: Great Tusk|Great Tusk|82/100|[from] Chilly Reception
|-damage|p1a: Great Tusk|65/100|[from] Spikes
|move|p2a: Skarmory|Whirlwind|p1a: Great Tusk
|-end|p1a: Great Tusk|Protosynthesis|[silent]
|drag|p1a: Slowking|Slowking-Galar, M|100/100
|-damage|p1a: Slowking|84/100|[from] Spikes
|
|-weather|none
|-damage|p2a: Skarmory|53/100|[from] item: Black Sludge
|upkeep
|turn|38
|
|t:|1779815676
|move|p2a: Skarmory|Roost|p2a: Skarmory
|-heal|p2a: Skarmory|100/100
|-singleturn|p2a: Skarmory|move: Roost
|move|p1a: Slowking|Future Sight||[still]
|-fail|p1a: Slowking
|
|-end|p2a: Skarmory|move: Future Sight
|-resisted|p2a: Skarmory
|-crit|p2a: Skarmory
|-damage|p2a: Skarmory|55/100
|-damage|p2a: Skarmory|42/100|[from] item: Black Sludge
|upkeep
|turn|39
|
|t:|1779815687
|switch|p2a: Gholdengo|Gholdengo|42/100
|-damage|p2a: Gholdengo|35/100|[from] Stealth Rock
|-damage|p2a: Gholdengo|23/100|[from] Spikes
|move|p1a: Slowking|Future Sight|p2a: Gholdengo
|-start|p1a: Slowking|move: Future Sight
|
|upkeep
|turn|40
|
|t:|1779815699
|move|p2a: Gholdengo|Hex|p1a: Slowking
|-supereffective|p1a: Slowking
|-damage|p1a: Slowking|52/100
|-prepare|p1a: Slowking|Chilly Reception|[premajor]
|move|p1a: Slowking|Chilly Reception|p1a: Slowking
|-weather|Snowscape
|
|t:|1779815702
|switch|p1a: Ogerpon|Ogerpon-Teal-Tera, F, tera:Grass|76/100|[from] Chilly Reception
|-damage|p1a: Ogerpon|59/100|[from] Spikes
|-ability|p1a: Ogerpon|Embody Aspect (Teal)|boost
|-boost|p1a: Ogerpon|spe|1
|
|-weather|Snowscape|[upkeep]
|upkeep
|turn|41
|
|t:|1779815712
|move|p1a: Ogerpon|Horn Leech|p2a: Gholdengo
|-resisted|p2a: Gholdengo
|-crit|p2a: Gholdengo
|-damage|p2a: Gholdengo|0 fnt
|-heal|p1a: Ogerpon|74/100|[from] drain|[of] p2a: Gholdengo
|faint|p2a: Gholdengo
|
|-weather|Snowscape|[upkeep]
|-hint|Future Sight did not hit because the target is fainted.
|upkeep
|
|t:|1779815725
|switch|p2a: Skarmory|Skarmory, F|42/100
|-damage|p2a: Skarmory|30/100|[from] Stealth Rock
|turn|42
|
|t:|1779815735
|switch|p1a: Corviknight|Corviknight, F|96/100
|-ability|p1a: Corviknight|Pressure
|move|p2a: Skarmory|Roost|p2a: Skarmory
|-heal|p2a: Skarmory|80/100
|-singleturn|p2a: Skarmory|move: Roost
|
|-weather|Snowscape|[upkeep]
|-damage|p2a: Skarmory|68/100|[from] item: Black Sludge
|upkeep
|turn|43
|
|t:|1779815749
|move|p1a: Corviknight|Body Press|p2a: Skarmory
|-damage|p2a: Skarmory|52/100
|move|p2a: Skarmory|Whirlwind|p1a: Corviknight
|drag|p1a: Slowking|Slowking-Galar, M|85/100
|-damage|p1a: Slowking|68/100|[from] Spikes
|
|-weather|Snowscape|[upkeep]
|-damage|p2a: Skarmory|39/100|[from] item: Black Sludge
|upkeep
|turn|44
|
|t:|1779815762
|move|p2a: Skarmory|Roost|p2a: Skarmory
|-heal|p2a: Skarmory|89/100
|-singleturn|p2a: Skarmory|move: Roost
|move|p1a: Slowking|Future Sight|p2a: Skarmory
|-start|p1a: Slowking|move: Future Sight
|
|-weather|none
|-damage|p2a: Skarmory|77/100|[from] item: Black Sludge
|upkeep
|turn|45
|
|t:|1779815773
|move|p1a: Slowking|Future Sight||[still]
|-fail|p1a: Slowking
|move|p2a: Skarmory|Whirlwind|p1a: Slowking
|drag|p1a: Corviknight|Corviknight, F|96/100
|-ability|p1a: Corviknight|Pressure
|
|-damage|p2a: Skarmory|65/100|[from] item: Black Sludge
|upkeep
|turn|46
|
|t:|1779815782
|move|p2a: Skarmory|Roost|p2a: Skarmory
|-heal|p2a: Skarmory|100/100
|-singleturn|p2a: Skarmory|move: Roost
|move|p1a: Corviknight|Body Press|p2a: Skarmory
|-supereffective|p2a: Skarmory
|-damage|p2a: Skarmory|70/100
|
|-end|p2a: Skarmory|move: Future Sight
|-resisted|p2a: Skarmory
|-damage|p2a: Skarmory|40/100
|-damage|p2a: Skarmory|27/100|[from] item: Black Sludge
|upkeep
|turn|47
|
|t:|1779815792
|move|p2a: Skarmory|Spikes|p1a: Corviknight
|-sidestart|p1: backpackio|Spikes
|move|p1a: Corviknight|Body Press|p2a: Skarmory
|-damage|p2a: Skarmory|9/100
|
|-damage|p2a: Skarmory|0 fnt|[from] item: Black Sludge
|faint|p2a: Skarmory
|upkeep
|
|t:|1779815806
|switch|p2a: Zamazenta|Zamazenta|59/100
|turn|48
|
|t:|1779815821
|move|p2a: Zamazenta|Ice Fang|p1a: Corviknight
|-damage|p1a: Corviknight|83/100
|move|p1a: Corviknight|U-turn|p2a: Zamazenta
|-resisted|p2a: Zamazenta
|-damage|p2a: Zamazenta|52/100
|
|t:|1779815824
|switch|p1a: Ogerpon|Ogerpon-Teal-Tera, F, tera:Grass|74/100|[from] U-turn
|-damage|p1a: Ogerpon|49/100|[from] Spikes
|-ability|p1a: Ogerpon|Embody Aspect (Teal)|boost
|-boost|p1a: Ogerpon|spe|1
|
|upkeep
|turn|49
|
|t:|1779815834
|move|p1a: Ogerpon|Horn Leech|p2a: Zamazenta
|-damage|p2a: Zamazenta|0 fnt
|-heal|p1a: Ogerpon|77/100|[from] drain|[of] p2a: Zamazenta
|faint|p2a: Zamazenta
|
|upkeep
|
|t:|1779815846
|switch|p2a: Blissey|Blissey, F|100/100
|-damage|p2a: Blissey|88/100|[from] Stealth Rock
|-damage|p2a: Blissey|76/100|[from] Spikes
|turn|50
|
|t:|1779815865
|move|p1a: Ogerpon|Horn Leech|p2a: Blissey
|-damage|p2a: Blissey|0 fnt
|-heal|p1a: Ogerpon|100/100|[from] drain|[of] p2a: Blissey
|faint|p2a: Blissey
|
|win|backpackio
|raw|backpackio's rating: 1180 &rarr; <strong>1205</strong><br />(+25 for winning)
|raw|claudechamp's rating: 1181 &rarr; <strong>1156</strong><br />(-25 for losing)
|c|☆claudechamp|gg
|c|☆backpackio|gg
|l|☆backpackio
|player|p1|
