|j|☆cyphertests
|j|☆MAZiATi
|t:|1779807711
|gametype|singles
|player|p1|cyphertests|265|
|player|p2|MAZiATi|leaf-gen3|
|gen|9
|tier|[Gen 9] OU
|rule|HP Percentage Mod: HP is shown in percentages
|rule|Endless Battle Clause: Forcing endless battles is banned
|rule|Species Clause: Limit one of each Pokémon
|rule|OHKO Clause: OHKO moves are banned
|rule|Evasion Items Clause: Evasion items are banned
|rule|Evasion Moves Clause: Evasion moves are banned
|rule|Evasion Abilities Clause: Evasion abilities are banned
|rule|Sleep Moves Clause: Sleep-inducing moves are banned
|clearpoke
|poke|p1|Ninetales-Alola, F|
|poke|p1|Hatterene, F|
|poke|p1|Maushold-Four|
|poke|p1|Azumarill, M|
|poke|p1|Sinistcha|
|poke|p1|Dragonite, M|
|poke|p2|Arcanine-Hisui, M|
|poke|p2|Cinccino, M|
|poke|p2|Weavile, F|
|poke|p2|Espeon, F|
|poke|p2|Torkoal, F|
|poke|p2|Lilligant-Hisui, F|
|teampreview
|c|☆cyphertests|dood
|c|☆MAZiATi|gl hf hi5
|c|☆cyphertests|gl hf my dood*
|c|☆cyphertests|:SGM:
|c|☆MAZiATi|dood
|c|☆MAZiATi|:sgm':
|c|☆cyphertests|not sure why it only typed dood wen i typed the whole thing
|
|t:|1779807819
|teamsize|p1|6
|teamsize|p2|6
|start
|switch|p1a: Azumarill|Azumarill, M|100/100
|switch|p2a: Espeon|Espeon, F|100/100
|turn|1
|
|t:|1779807869
|move|p2a: Espeon|Psychic|p1a: Azumarill
|-damage|p1a: Azumarill|48/100
|-enditem|p1a: Azumarill|Sitrus Berry|[eat]
|-heal|p1a: Azumarill|73/100|[from] item: Sitrus Berry
|move|p1a: Azumarill|Play Rough|p2a: Espeon
|-damage|p2a: Espeon|2/100
|
|-heal|p2a: Espeon|8/100|[from] item: Leftovers
|upkeep
|turn|2
|
|t:|1779807895
|move|p1a: Azumarill|Aqua Jet|p2a: Espeon
|-damage|p2a: Espeon|0 fnt
|faint|p2a: Espeon
|
|upkeep
|c|☆MAZiATi|Oh yeah duh
|c|☆MAZiATi|lol
|c|☆cyphertests|lol
|c|☆cyphertests|im guessing ur running some defense in that espeon?
|c|☆MAZiATi|idk how I didn't think of that when I always literally wonder when you're gonna aqua jet
|c|☆cyphertests|cuz play rough shud have killed it
|c|☆MAZiATi|I'm surprised too actually
|c|☆cyphertests|oh hp maybe
|c|☆cyphertests|or*
|c|☆MAZiATi|I think I evd spA and Speed
|c|☆MAZiATi|Or ho
|c|☆MAZiATi|Ho*
|c|☆MAZiATi|Hp dammit
|
|t:|1779808000
|switch|p2a: Torkoal|Torkoal, F|100/100
|-weather|SunnyDay|[from] ability: Drought|[of] p2a: Torkoal
|turn|3
|
|t:|1779808059
|switch|p1a: Ninetales|Ninetales-Alola, F, shiny|100/100
|-weather|Snowscape|[from] ability: Snow Warning|[of] p1a: Ninetales
|move|p2a: Torkoal|Lava Plume|p1a: Ninetales
|-supereffective|p1a: Ninetales
|-damage|p1a: Ninetales|49/100
|-status|p1a: Ninetales|brn
|
|-weather|Snowscape|[upkeep]
|-damage|p1a: Ninetales|43/100 brn|[from] brn
|upkeep
|turn|4
|
|t:|1779808089
|move|p1a: Ninetales|Aurora Veil|p1a: Ninetales
|-sidestart|p1: cyphertests|move: Aurora Veil
|move|p2a: Torkoal|Stealth Rock|p1a: Ninetales
|-sidestart|p1: cyphertests|move: Stealth Rock
|
|-weather|Snowscape|[upkeep]
|-damage|p1a: Ninetales|37/100 brn|[from] brn
|upkeep
|turn|5
|
|t:|1779808154
|switch|p1a: Sinistcha|Sinistcha|100/100
|-damage|p1a: Sinistcha|88/100|[from] Stealth Rock
|switch|p2a: Cinccino|Cinccino, M|100/100
|
|-weather|Snowscape|[upkeep]
|-heal|p1a: Sinistcha|94/100|[from] item: Leftovers
|upkeep
|turn|6
|
|t:|1779808175
|move|p2a: Cinccino|Encore||[still]
|-fail|p2a: Cinccino
|move|p1a: Sinistcha|Matcha Gotcha|p2a: Cinccino
|-damage|p2a: Cinccino|45/100
|-heal|p1a: Sinistcha|100/100|[from] drain|[of] p2a: Cinccino
|
|-weather|Snowscape|[upkeep]
|upkeep
|turn|7
|c|☆cyphertests|huh?
|c|☆MAZiATi|Ez free move
|c|☆MAZiATi|I thought it was something else for a sec
|c|☆MAZiATi|lol
|c|☆cyphertests|lol
|c|☆MAZiATi|No it's exactly what it looks like ma dood
|
|t:|1779808246
|switch|p2a: Torkoal|Torkoal, F|100/100
|-weather|SunnyDay|[from] ability: Drought|[of] p2a: Torkoal
|move|p1a: Sinistcha|Matcha Gotcha|p2a: Torkoal
|-resisted|p2a: Torkoal
|-damage|p2a: Torkoal|82/100
|
|-weather|SunnyDay|[upkeep]
|upkeep
|turn|8
|
|t:|1779808256
|move|p1a: Sinistcha|Calm Mind|p1a: Sinistcha
|-boost|p1a: Sinistcha|spa|1
|-boost|p1a: Sinistcha|spd|1
|move|p2a: Torkoal|Lava Plume|p1a: Sinistcha
|-supereffective|p1a: Sinistcha
|-damage|p1a: Sinistcha|86/100
|
|-weather|SunnyDay|[upkeep]
|-heal|p1a: Sinistcha|92/100|[from] item: Leftovers
|upkeep
|turn|9
|
|t:|1779808267
|move|p1a: Sinistcha|Shadow Ball|p2a: Torkoal
|-damage|p2a: Torkoal|20/100
|move|p2a: Torkoal|Clear Smog|p1a: Sinistcha
|-damage|p1a: Sinistcha|88/100
|-clearboost|p1a: Sinistcha
|
|-weather|SunnyDay|[upkeep]
|-heal|p1a: Sinistcha|94/100|[from] item: Leftovers
|upkeep
|turn|10
|
|t:|1779808296
|switch|p2a: Weavile|Weavile, F|100/100
|-ability|p2a: Weavile|Pressure
|move|p1a: Sinistcha|Matcha Gotcha|p2a: Weavile
|-crit|p2a: Weavile
|-damage|p2a: Weavile|35/100
|-heal|p1a: Sinistcha|100/100|[from] drain|[of] p2a: Weavile
|
|-weather|SunnyDay|[upkeep]
|upkeep
|turn|11
|c|☆MAZiATi|Huh
|c|☆MAZiATi|I thought Aurora veil would go away this turn
|c|☆cyphertests|nah it goes away after this turn
|c|☆MAZiATi|Did you predict I'd switch to weavile?
|c|☆MAZiATi|I was expecting shadow ball for sure
|c|☆cyphertests|i predicted urd switch to weavile or cincino yeh
|c|☆MAZiATi|Ok
|c|☆MAZiATi|Good move :sgm:
|c|☆cyphertests|but torkoal mightve died to a matcha neway
|c|☆cyphertests|so it was a safe prediction
|
|t:|1779808440
|switch|p2a: Lilligant|Lilligant-Hisui, F|100/100
|-terastallize|p1a: Sinistcha|Poison
|move|p1a: Sinistcha|Matcha Gotcha|p2a: Lilligant
|-resisted|p2a: Lilligant
|-damage|p2a: Lilligant|74/100
|
|-weather|SunnyDay|[upkeep]
|-sideend|p1: cyphertests|move: Aurora Veil
|upkeep
|turn|12
|
|t:|1779808537
|switch|p2a: Arcanine|Arcanine-Hisui, M|100/100
|move|p1a: Sinistcha|Shadow Ball|p2a: Arcanine
|-damage|p2a: Arcanine|61/100
|
|-weather|SunnyDay|[upkeep]
|upkeep
|turn|13
|
|t:|1779808557
|-terastallize|p2a: Arcanine|Normal
|move|p2a: Arcanine|Flare Blitz|p1a: Sinistcha
|-damage|p1a: Sinistcha|73/100
|move|p1a: Sinistcha|Strength Sap|p2a: Arcanine
|-unboost|p2a: Arcanine|atk|1
|-heal|p1a: Sinistcha|100/100
|
|-weather|SunnyDay|[upkeep]
|upkeep
|turn|14
|
|t:|1779808598
|move|p2a: Arcanine|Head Smash|p1a: Sinistcha
|-damage|p1a: Sinistcha|68/100
|move|p1a: Sinistcha|Matcha Gotcha|p2a: Arcanine
|-damage|p2a: Arcanine|22/100
|-heal|p1a: Sinistcha|86/100|[from] drain|[of] p2a: Arcanine
|
|-weather|none
|-heal|p1a: Sinistcha|92/100|[from] item: Leftovers
|upkeep
|turn|15
|
|t:|1779808739
|switch|p2a: Cinccino|Cinccino, M|45/100
|move|p1a: Sinistcha|Matcha Gotcha|p2a: Cinccino|[miss]
|-miss|p1a: Sinistcha|p2a: Cinccino
|
|-heal|p1a: Sinistcha|98/100|[from] item: Leftovers
|upkeep
|turn|16
|
|t:|1779808798
|move|p2a: Cinccino|Tail Slap|p1a: Sinistcha
|-damage|p1a: Sinistcha|87/100
|-damage|p1a: Sinistcha|76/100
|-damage|p1a: Sinistcha|66/100
|-damage|p1a: Sinistcha|54/100
|-crit|p1a: Sinistcha
|-damage|p1a: Sinistcha|37/100
|-hitcount|p1a: Sinistcha|5
|move|p1a: Sinistcha|Matcha Gotcha|p2a: Cinccino
|-damage|p2a: Cinccino|0 fnt
|-heal|p1a: Sinistcha|55/100|[from] drain|[of] p2a: Cinccino
|faint|p2a: Cinccino
|
|-heal|p1a: Sinistcha|61/100|[from] item: Leftovers
|upkeep
|
|t:|1779808873
|switch|p2a: Weavile|Weavile, F|35/100
|-ability|p2a: Weavile|Pressure
|turn|17
|
|t:|1779808890
|move|p2a: Weavile|Triple Axel|p1a: Sinistcha|[miss]
|-miss|p2a: Weavile|p1a: Sinistcha
|move|p1a: Sinistcha|Strength Sap|p2a: Weavile
|-unboost|p2a: Weavile|atk|1
|-heal|p1a: Sinistcha|100/100
|
|upkeep
|turn|18
|c|☆cyphertests|rip
|
|t:|1779809001
|move|p2a: Weavile|Swords Dance|p2a: Weavile
|-boost|p2a: Weavile|atk|2
|move|p1a: Sinistcha|Matcha Gotcha|p2a: Weavile
|-damage|p2a: Weavile|0 fnt
|faint|p2a: Weavile
|
|upkeep
|
|t:|1779809019
|switch|p2a: Torkoal|Torkoal, F|20/100
|-weather|SunnyDay|[from] ability: Drought|[of] p2a: Torkoal
|turn|19
|
|t:|1779809026
|move|p1a: Sinistcha|Shadow Ball|p2a: Torkoal
|-damage|p2a: Torkoal|0 fnt
|faint|p2a: Torkoal
|
|-weather|SunnyDay|[upkeep]
|upkeep
|
|t:|1779809051
|switch|p2a: Arcanine|Arcanine-Hisui, M, tera:Normal|22/100
|turn|20
|
|t:|1779809070
|move|p2a: Arcanine|Flare Blitz|p1a: Sinistcha
|-damage|p1a: Sinistcha|71/100
|move|p1a: Sinistcha|Strength Sap|p2a: Arcanine
|-unboost|p2a: Arcanine|atk|1
|-heal|p1a: Sinistcha|100/100
|
|-weather|SunnyDay|[upkeep]
|upkeep
|turn|21
|c|☆MAZiATi|I thought heat proof only worked for the first fire attack only?
|c|☆cyphertests|nah its all fire attacks
|c|☆MAZiATi|Oh you're tera poison
|c|☆cyphertests|yeh now that im poison ur doin actual half, n not super effective half
|
|t:|1779809147
|move|p2a: Arcanine|Extreme Speed|p1a: Sinistcha
|-damage|p1a: Sinistcha|82/100
|move|p1a: Sinistcha|Matcha Gotcha|p2a: Arcanine
|-damage|p2a: Arcanine|0 fnt
|-heal|p1a: Sinistcha|93/100|[from] drain|[of] p2a: Arcanine
|faint|p2a: Arcanine
|
|-weather|SunnyDay|[upkeep]
|-heal|p1a: Sinistcha|99/100|[from] item: Leftovers
|upkeep
|
|t:|1779809159
|switch|p2a: Lilligant|Lilligant-Hisui, F|74/100
|turn|22
|
|t:|1779809191
|move|p2a: Lilligant|Victory Dance|p2a: Lilligant
|-boost|p2a: Lilligant|atk|1
|-boost|p2a: Lilligant|def|1
|-boost|p2a: Lilligant|spe|1
|move|p1a: Sinistcha|Shadow Ball|p2a: Lilligant
|-damage|p2a: Lilligant|26/100
|
|-weather|SunnyDay|[upkeep]
|-heal|p1a: Sinistcha|100/100|[from] item: Leftovers
|upkeep
|turn|23
|
|t:|1779809223
|move|p2a: Lilligant|Triple Axel|p1a: Sinistcha
|-damage|p1a: Sinistcha|92/100
|-hitcount|p1a: Sinistcha|1
|-damage|p2a: Lilligant|16/100|[from] item: Life Orb
|move|p1a: Sinistcha|Shadow Ball|p2a: Lilligant
|-damage|p2a: Lilligant|0 fnt
|faint|p2a: Lilligant
|
|win|cyphertests
|c|☆cyphertests|ggs my dood
|c|☆MAZiATi|Oh c'mon at least let it hit 3 times I'ma die anyway!
|c|☆MAZiATi|lol
|c|☆cyphertests|lol
|c|☆MAZiATi|GG ma dood
|c|☆MAZiATi|I can do another match
|c|☆cyphertests|yeh unfortunate with the axel misses
|c|☆cyphertests|okok lets do it
|c|☆MAZiATi|I may gotta go after that for a bit tho
