|j|☆l5king
|j|☆Made in BraziL
|t:|1779801622
|gametype|singles
|player|p1|l5king|palmer|1311
|player|p2|Made in BraziL|gentleman|1325
|gen|9
|tier|[Gen 9] OU
|rated|
|rule|HP Percentage Mod: HP is shown in percentages
|rule|Endless Battle Clause: Forcing endless battles is banned
|rule|Species Clause: Limit one of each Pokémon
|rule|OHKO Clause: OHKO moves are banned
|rule|Evasion Items Clause: Evasion items are banned
|rule|Evasion Moves Clause: Evasion moves are banned
|rule|Evasion Abilities Clause: Evasion abilities are banned
|rule|Sleep Moves Clause: Sleep-inducing moves are banned
|clearpoke
|poke|p1|Kingambit, M|
|poke|p1|Ogerpon-Wellspring, F|
|poke|p1|Chandelure, M|
|poke|p1|Gyarados, M|
|poke|p1|Gengar, M|
|poke|p1|Salamence, F|
|poke|p2|Jirachi|
|poke|p2|Serperior, F|
|poke|p2|Gyarados, M|
|poke|p2|Blissey, F|
|poke|p2|Garchomp, M|
|poke|p2|Hippowdon, F|
|teampreview
|inactive|Battle timer is ON: inactive players will automatically lose when time's up. (requested by Made in BraziL)
|
|t:|1779801629
|teamsize|p1|6
|teamsize|p2|6
|start
|switch|p1a: Gengar|Gengar, M|100/100
|switch|p2a: Serperior|Serperior, F|100/100
|turn|1
|
|t:|1779801634
|move|p2a: Serperior|Knock Off|p1a: Gengar
|-supereffective|p1a: Gengar
|-damage|p1a: Gengar|35/100
|-start|p2a: Serperior|Disable|Knock Off|[from] ability: Cursed Body|[of] p1a: Gengar
|-enditem|p1a: Gengar|Focus Sash|[from] move: Knock Off|[of] p2a: Serperior
|move|p1a: Gengar|Toxic Spikes|p2a: Serperior
|-sidestart|p2: Made in BraziL|move: Toxic Spikes
|
|upkeep
|turn|2
|
|t:|1779801644
|move|p2a: Serperior|Leaf Storm|p1a: Gengar
|-resisted|p1a: Gengar
|-damage|p1a: Gengar|5/100
|-boost|p2a: Serperior|spa|2
|move|p1a: Gengar|Destiny Bond|p1a: Gengar
|-singlemove|p1a: Gengar|Destiny Bond
|
|upkeep
|turn|3
|
|t:|1779801653
|move|p2a: Serperior|Leech Seed|p1a: Gengar
|-start|p1a: Gengar|move: Leech Seed
|move|p1a: Gengar|Sludge Bomb|p2a: Serperior
|-supereffective|p2a: Serperior
|-damage|p2a: Serperior|8/100
|
|-heal|p2a: Serperior|15/100|[from] item: Leftovers
|-damage|p1a: Gengar|0 fnt|[from] Leech Seed|[of] p2a: Serperior
|-heal|p2a: Serperior|18/100|[silent]
|faint|p1a: Gengar
|upkeep
|
|t:|1779801666
|switch|p1a: Chandelure|Chandelure, M|100/100
|turn|4
|
|t:|1779801672
|move|p1a: Chandelure|Hex|p2a: Serperior
|-damage|p2a: Serperior|0 fnt
|faint|p2a: Serperior
|
|upkeep
|
|t:|1779801677
|switch|p2a: Blissey|Blissey, F|100/100
|-status|p2a: Blissey|psn
|turn|5
|
|t:|1779801692
|switch|p1a: Salamence|Salamence, F|100/100
|-terastallize|p2a: Blissey|Poison
|move|p2a: Blissey|Thunder Wave|p1a: Salamence
|-status|p1a: Salamence|par
|
|-damage|p2a: Blissey|88/100 psn|[from] psn
|upkeep
|turn|6
|
|t:|1779801712
|-curestatus|p2a: Blissey|psn|[from] ability: Natural Cure|[silent]
|switch|p2a: Jirachi|Jirachi|100/100
|cant|p1a: Salamence|par
|
|upkeep
|turn|7
|inactive|Made in BraziL has 120 seconds left.
|
|t:|1779801766
|switch|p1a: Chandelure|Chandelure, M|100/100
|move|p2a: Jirachi|Charge Beam|p1a: Chandelure
|-damage|p1a: Chandelure|85/100
|-boost|p2a: Jirachi|spa|1
|
|upkeep
|turn|8
|
|t:|1779801775
|switch|p2a: Blissey|Blissey, F, tera:Poison|88/100
|-sideend|p2: Made in BraziL|move: Toxic Spikes|[of] p2a: Blissey
|move|p1a: Chandelure|Flamethrower|p2a: Blissey
|-damage|p2a: Blissey|70/100
|
|-heal|p2a: Blissey|76/100|[from] item: Leftovers
|upkeep
|turn|9
|
|t:|1779801786
|switch|p1a: Salamence|Salamence, F|100/100 par
|move|p2a: Blissey|Thunder Wave|p1a: Salamence
|-fail|p1a: Salamence|par
|
|-heal|p2a: Blissey|82/100|[from] item: Leftovers
|upkeep
|turn|10
|
|t:|1779801797
|move|p1a: Salamence|Dragon Dance|p1a: Salamence
|-boost|p1a: Salamence|atk|1
|-boost|p1a: Salamence|spe|1
|move|p2a: Blissey|Ice Beam|p1a: Salamence
|-supereffective|p1a: Salamence
|-damage|p1a: Salamence|16/100 par
|-enditem|p1a: Salamence|Salac Berry|[eat]
|-boost|p1a: Salamence|spe|1|[from] item: Salac Berry
|
|-heal|p2a: Blissey|88/100|[from] item: Leftovers
|upkeep
|turn|11
|
|t:|1779801808
|move|p1a: Salamence|Dragon Claw|p2a: Blissey
|-damage|p2a: Blissey|28/100
|move|p2a: Blissey|Ice Beam|p1a: Salamence
|-supereffective|p1a: Salamence
|-crit|p1a: Salamence
|-damage|p1a: Salamence|0 fnt
|faint|p1a: Salamence
|
|-heal|p2a: Blissey|34/100|[from] item: Leftovers
|upkeep
|
|t:|1779801819
|switch|p1a: Gyarados|Gyarados, M|100/100
|turn|12
|inactive|Made in BraziL has 120 seconds left.
|
|t:|1779801832
|move|p1a: Gyarados|Waterfall|p2a: Blissey
|-damage|p2a: Blissey|0 fnt
|faint|p2a: Blissey
|-ability|p1a: Gyarados|Moxie|boost
|-boost|p1a: Gyarados|atk|1
|
|upkeep
|inactive|Made in BraziL has 120 seconds left.
|
|t:|1779801837
|switch|p2a: Jirachi|Jirachi|100/100
|turn|13
|
|t:|1779801841
|-terastallize|p1a: Gyarados|Ground
|move|p2a: Jirachi|Body Slam|p1a: Gyarados
|-damage|p1a: Gyarados|77/100
|-status|p1a: Gyarados|par
|move|p1a: Gyarados|Dragon Dance|p1a: Gyarados
|-boost|p1a: Gyarados|atk|1
|-boost|p1a: Gyarados|spe|1
|
|upkeep
|turn|14
|
|t:|1779801852
|move|p2a: Jirachi|Iron Head|p1a: Gyarados
|-damage|p1a: Gyarados|44/100 par
|cant|p1a: Gyarados|flinch
|
|upkeep
|turn|15
|
|t:|1779801858
|move|p2a: Jirachi|Iron Head|p1a: Gyarados
|-damage|p1a: Gyarados|6/100 par
|-enditem|p1a: Gyarados|Salac Berry|[eat]
|-boost|p1a: Gyarados|spe|1|[from] item: Salac Berry
|move|p1a: Gyarados|Crunch|p2a: Jirachi
|-supereffective|p2a: Jirachi
|-damage|p2a: Jirachi|0 fnt
|faint|p2a: Jirachi
|-ability|p1a: Gyarados|Moxie|boost
|-boost|p1a: Gyarados|atk|1
|
|upkeep
|
|t:|1779801869
|switch|p2a: Garchomp|Garchomp, M|100/100
|turn|16
|
|t:|1779801873
|move|p2a: Garchomp|Scale Shot|p1a: Gyarados
|-damage|p1a: Gyarados|0 fnt
|faint|p1a: Gyarados
|-hitcount|p1: Gyarados|1
|-unboost|p2a: Garchomp|def|1
|-boost|p2a: Garchomp|spe|1
|
|upkeep
|
|t:|1779801882
|switch|p1a: Ogerpon|Ogerpon-Wellspring, F|100/100
|turn|17
|
|t:|1779801888
|move|p1a: Ogerpon|Spiky Shield|p1a: Ogerpon
|-singleturn|p1a: Ogerpon|move: Protect
|move|p2a: Garchomp|Scale Shot|p1a: Ogerpon
|-activate|p1a: Ogerpon|move: Protect
|
|upkeep
|turn|18
|
|t:|1779801900
|move|p2a: Garchomp|Substitute|p2a: Garchomp
|-start|p2a: Garchomp|Substitute
|-damage|p2a: Garchomp|76/100
|move|p1a: Ogerpon|Wood Hammer|p2a: Garchomp
|-end|p2a: Garchomp|Substitute
|-damage|p1a: Ogerpon|91/100|[from] Recoil|[of] p2a: Garchomp
|
|upkeep
|turn|19
|
|t:|1779801908
|move|p2a: Garchomp|Swords Dance|p2a: Garchomp
|-boost|p2a: Garchomp|atk|2
|move|p1a: Ogerpon|Wood Hammer|p2a: Garchomp
|-damage|p2a: Garchomp|0 fnt
|-damage|p1a: Ogerpon|79/100|[from] ability: Rough Skin|[of] p2a: Garchomp
|faint|p2a: Garchomp
|-damage|p1a: Ogerpon|49/100|[from] Recoil
|
|upkeep
|
|t:|1779801916
|switch|p2a: UtGyarados|Gyarados, M, shiny|100/100
|turn|20
|
|t:|1779801919
|move|p1a: Ogerpon|Wood Hammer|p2a: UtGyarados
|-damage|p2a: UtGyarados|9/100
|-damage|p1a: Ogerpon|16/100|[from] Recoil
|move|p2a: UtGyarados|Dragon Dance|p2a: UtGyarados
|-boost|p2a: UtGyarados|atk|1
|-boost|p2a: UtGyarados|spe|1
|
|upkeep
|turn|21
|
|t:|1779801927
|move|p1a: Ogerpon|Spiky Shield|p1a: Ogerpon
|-singleturn|p1a: Ogerpon|move: Protect
|move|p2a: UtGyarados|Earthquake|p1a: Ogerpon
|-activate|p1a: Ogerpon|move: Protect
|
|upkeep
|turn|22
|
|t:|1779801934
|move|p2a: UtGyarados|Earthquake|p1a: Ogerpon
|-resisted|p1a: Ogerpon
|-damage|p1a: Ogerpon|0 fnt
|faint|p1a: Ogerpon
|-ability|p2a: UtGyarados|Moxie|boost
|-boost|p2a: UtGyarados|atk|1
|
|upkeep
|
|t:|1779801941
|switch|p1a: Chandelure|Chandelure, M|85/100
|turn|23
|
|t:|1779801948
|move|p2a: UtGyarados|Waterfall|p1a: Chandelure
|-supereffective|p1a: Chandelure
|-damage|p1a: Chandelure|0 fnt
|faint|p1a: Chandelure
|-ability|p2a: UtGyarados|Moxie|boost
|-boost|p2a: UtGyarados|atk|1
|
|upkeep
|
|t:|1779801955
|switch|p1a: Kingambit|Kingambit, M|100/100
|-activate|p1a: Kingambit|ability: Supreme Overlord
|-start|p1a: Kingambit|fallen5|[silent]
|-item|p1a: Kingambit|Air Balloon
|turn|24
|
|t:|1779801961
|move|p1a: Kingambit|Sucker Punch||[still]
|-fail|p1a: Kingambit
|move|p2a: UtGyarados|Dragon Dance|p2a: UtGyarados
|-boost|p2a: UtGyarados|atk|1
|-boost|p2a: UtGyarados|spe|1
|
|upkeep
|turn|25
|
|t:|1779801968
|move|p2a: UtGyarados|Dragon Dance|p2a: UtGyarados
|-boost|p2a: UtGyarados|atk|1
|-boost|p2a: UtGyarados|spe|1
|move|p1a: Kingambit|Kowtow Cleave|p2a: UtGyarados
|-crit|p2a: UtGyarados
|-damage|p2a: UtGyarados|0 fnt
|faint|p2a: UtGyarados
|
|upkeep
|
|t:|1779801975
|switch|p2a: Hippowdon|Hippowdon, F|100/100
|-weather|Sandstorm|[from] ability: Sand Stream|[of] p2a: Hippowdon
|turn|26
|
|t:|1779801980
|move|p1a: Kingambit|Kowtow Cleave|p2a: Hippowdon
|-damage|p2a: Hippowdon|52/100
|move|p2a: Hippowdon|Body Slam|p1a: Kingambit
|-resisted|p1a: Kingambit
|-damage|p1a: Kingambit|93/100
|-enditem|p1a: Kingambit|Air Balloon
|
|-weather|Sandstorm|[upkeep]
|upkeep
|turn|27
|
|t:|1779801988
|move|p1a: Kingambit|Kowtow Cleave|p2a: Hippowdon
|-damage|p2a: Hippowdon|0 fnt
|faint|p2a: Hippowdon
|
|win|l5king
|raw|l5king's rating: 1311 &rarr; <strong>1332</strong><br />(+21 for winning)
|raw|Made in BraziL's rating: 1325 &rarr; <strong>1304</strong><br />(-21 for losing)
|l|☆Made in BraziL
|player|p2|
|l|☆l5king
|player|p1|
