|j|☆gayspain
|j|☆jsmeyo
|t:|1779963539
|gametype|singles
|player|p1|gayspain|acetrainer-gen4dp|1129
|player|p2|jsmeyo|170|1147
|gen|9
|tier|[Gen 9] OU
|rated|
|rule|HP Percentage Mod: HP is shown in percentages
|rule|Endless Battle Clause: Forcing endless battles is banned
|rule|Species Clause: Limit one of each Pokémon
|rule|OHKO Clause: OHKO moves are banned
|rule|Evasion Items Clause: Evasion items are banned
|rule|Evasion Moves Clause: Evasion moves are banned
|rule|Evasion Abilities Clause: Evasion abilities are banned
|rule|Sleep Moves Clause: Sleep-inducing moves are banned
|clearpoke
|poke|p1|Garchomp, F|
|poke|p1|Corviknight, F|
|poke|p1|Iron Moth|
|poke|p1|Dragapult, M|
|poke|p1|Great Tusk|
|poke|p1|Forretress, M|
|poke|p2|Hoopa|
|poke|p2|Cinderace, M|
|poke|p2|Mandibuzz, F|
|poke|p2|Kyurem|
|poke|p2|Ting-Lu|
|poke|p2|Manaphy|
|teampreview
|
|t:|1779963556
|teamsize|p1|6
|teamsize|p2|6
|start
|switch|p1a: Forretress|Forretress, M|100/100
|switch|p2a: Ting-Lucifer|Ting-Lu|100/100
|-ability|p2a: Ting-Lucifer|Vessel of Ruin
|turn|1
|
|t:|1779963566
|move|p2a: Ting-Lucifer|Stealth Rock|p1a: Forretress
|-sidestart|p1: gayspain|move: Stealth Rock
|move|p1a: Forretress|Spikes|p2a: Ting-Lucifer
|-sidestart|p2: jsmeyo|Spikes
|
|upkeep
|turn|2
|
|t:|1779963581
|move|p2a: Ting-Lucifer|Heavy Slam|p1a: Forretress
|-resisted|p1a: Forretress
|-damage|p1a: Forretress|88/100
|move|p1a: Forretress|Spikes|p2a: Ting-Lucifer
|-sidestart|p2: jsmeyo|Spikes
|
|-heal|p1a: Forretress|94/100|[from] item: Leftovers
|upkeep
|turn|3
|inactive|Battle timer is ON: inactive players will automatically lose when time's up. (requested by gayspain)
|
|t:|1779963600
|move|p2a: Ting-Lucifer|Stealth Rock||[still]
|-fail|p2a: Ting-Lucifer
|move|p1a: Forretress|Rapid Spin|p2a: Ting-Lucifer
|-damage|p2a: Ting-Lucifer|94/100
|-boost|p1a: Forretress|spe|1
|-sideend|p1: gayspain|Stealth Rock|[from] move: Rapid Spin|[of] p1a: Forretress
|
|-heal|p1a: Forretress|100/100|[from] item: Leftovers
|upkeep
|turn|4
|
|t:|1779963618
|switch|p1a: Iron Moth|Iron Moth|100/100
|-enditem|p1a: Iron Moth|Booster Energy
|-activate|p1a: Iron Moth|ability: Quark Drive|[fromitem]
|-start|p1a: Iron Moth|quarkdrivespa
|switch|p2a: Mandibuzz|Mandibuzz, F, shiny|100/100
|
|upkeep
|turn|5
|
|t:|1779963633
|move|p1a: Iron Moth|Fiery Dance|p2a: Mandibuzz
|-crit|p2a: Mandibuzz
|-damage|p2a: Mandibuzz|25/100
|move|p2a: Mandibuzz|Defog|p1a: Iron Moth
|-unboost|p1a: Iron Moth|evasion|1
|-sideend|p2: jsmeyo|Spikes|[from] move: Defog|[of] p2a: Mandibuzz
|
|upkeep
|turn|6
|
|t:|1779963641
|switch|p2a: Cinderace|Cinderace, M|100/100
|move|p1a: Iron Moth|Fiery Dance|p2a: Cinderace
|-resisted|p2a: Cinderace
|-damage|p2a: Cinderace|58/100
|
|upkeep
|turn|7
|
|t:|1779963650
|move|p2a: Cinderace|U-turn|p1a: Iron Moth
|-start|p2a: Cinderace|typechange|Bug|[from] ability: Libero
|-resisted|p1a: Iron Moth
|-damage|p1a: Iron Moth|85/100
|
|t:|1779963657
|switch|p2a: Kyurem|Kyurem|100/100|[from] U-turn
|-ability|p2a: Kyurem|Pressure
|move|p1a: Iron Moth|Sludge Wave|p2a: Kyurem
|-damage|p2a: Kyurem|36/100
|
|upkeep
|turn|8
|
|t:|1779963665
|move|p2a: Kyurem|Draco Meteor|p1a: Iron Moth
|-damage|p1a: Iron Moth|16/100
|-unboost|p2a: Kyurem|spa|2
|move|p1a: Iron Moth|Sludge Wave|p2a: Kyurem
|-damage|p2a: Kyurem|0 fnt
|faint|p2a: Kyurem
|
|upkeep
|
|t:|1779963673
|switch|p2a: Ting-Lucifer|Ting-Lu|94/100
|-ability|p2a: Ting-Lucifer|Vessel of Ruin
|turn|9
|
|t:|1779963680
|move|p1a: Iron Moth|Energy Ball|p2a: Ting-Lucifer
|-supereffective|p2a: Ting-Lucifer
|-damage|p2a: Ting-Lucifer|49/100
|-enditem|p2a: Ting-Lucifer|Weakness Policy
|-boost|p2a: Ting-Lucifer|atk|2|[from] item: Weakness Policy
|-boost|p2a: Ting-Lucifer|spa|2|[from] item: Weakness Policy
|move|p2a: Ting-Lucifer|Heavy Slam|p1a: Iron Moth
|-resisted|p1a: Iron Moth
|-damage|p1a: Iron Moth|0 fnt
|faint|p1a: Iron Moth
|-end|p1a: Iron Moth|Quark Drive|[silent]
|
|upkeep
|
|t:|1779963691
|switch|p1a: Corviknight|Corviknight, F|100/100
|-ability|p1a: Corviknight|Pressure
|turn|10
|
|t:|1779963697
|move|p1a: Corviknight|Brave Bird|p2a: Ting-Lucifer
|-damage|p2a: Ting-Lucifer|27/100
|-damage|p1a: Corviknight|91/100|[from] Recoil
|move|p2a: Ting-Lucifer|Stealth Rock|p1a: Corviknight
|-sidestart|p1: gayspain|move: Stealth Rock
|
|-heal|p1a: Corviknight|98/100|[from] item: Leftovers
|upkeep
|turn|11
|
|t:|1779963707
|move|p1a: Corviknight|Brave Bird|p2a: Ting-Lucifer
|-damage|p2a: Ting-Lucifer|5/100
|-damage|p1a: Corviknight|89/100|[from] Recoil
|move|p2a: Ting-Lucifer|Stone Edge|p1a: Corviknight
|-damage|p1a: Corviknight|39/100
|
|-heal|p1a: Corviknight|45/100|[from] item: Leftovers
|upkeep
|turn|12
|
|t:|1779963719
|switch|p2a: Hoopa|Hoopa|100/100
|move|p1a: Corviknight|Defog|p2a: Hoopa
|-unboost|p2a: Hoopa|evasion|1
|-sideend|p1: gayspain|Stealth Rock|[from] move: Defog|[of] p1a: Corviknight
|
|-heal|p1a: Corviknight|51/100|[from] item: Leftovers
|upkeep
|turn|13
|
|t:|1779963732
|move|p2a: Hoopa|Shadow Ball|p1a: Corviknight
|-damage|p1a: Corviknight|12/100
|move|p1a: Corviknight|U-turn|p2a: Hoopa
|-damage|p2a: Hoopa|77/100
|
|t:|1779963742
|switch|p1a: Forretress|Forretress, M|100/100|[from] U-turn
|
|upkeep
|turn|14
|
|t:|1779963753
|move|p2a: Hoopa|Substitute|p2a: Hoopa
|-start|p2a: Hoopa|Substitute
|-damage|p2a: Hoopa|52/100
|move|p1a: Forretress|Spikes|p2a: Hoopa
|-sidestart|p2: jsmeyo|Spikes
|
|upkeep
|turn|15
|
|t:|1779963762
|move|p2a: Hoopa|Calm Mind|p2a: Hoopa
|-boost|p2a: Hoopa|spa|1
|-boost|p2a: Hoopa|spd|1
|move|p1a: Forretress|Iron Head|p2a: Hoopa
|-end|p2a: Hoopa|Substitute
|
|upkeep
|turn|16
|
|t:|1779963772
|move|p2a: Hoopa|Shadow Ball|p1a: Forretress
|-ability|p1a: Forretress|Sturdy
|-damage|p1a: Forretress|1/100
|move|p1a: Forretress|Iron Head|p2a: Hoopa
|-damage|p2a: Hoopa|11/100
|-enditem|p2a: Hoopa|Aguav Berry|[eat]
|-heal|p2a: Hoopa|45/100|[from] item: Aguav Berry
|
|-heal|p1a: Forretress|7/100|[from] item: Leftovers
|upkeep
|turn|17
|
|t:|1779963784
|move|p2a: Hoopa|Focus Blast|p1a: Forretress
|-damage|p1a: Forretress|0 fnt
|faint|p1a: Forretress
|-item|p2a: Hoopa|Leftovers|[from] ability: Magician|[of] p1: Forretress
|
|-heal|p2a: Hoopa|51/100|[from] item: Leftovers
|upkeep
|
|t:|1779963794
|switch|p1a: Dragapult|Dragapult, M|100/100
|turn|18
|
|t:|1779963801
|move|p1a: Dragapult|Shadow Ball|p2a: Hoopa
|-supereffective|p2a: Hoopa
|-damage|p2a: Hoopa|0 fnt
|faint|p2a: Hoopa
|
|upkeep
|
|t:|1779963808
|switch|p2a: Manaphy|Manaphy|100/100
|-damage|p2a: Manaphy|88/100|[from] Spikes
|turn|19
|
|t:|1779963816
|move|p1a: Dragapult|Shadow Ball|p2a: Manaphy
|-damage|p2a: Manaphy|45/100
|move|p2a: Manaphy|Alluring Voice|p1a: Dragapult
|-supereffective|p1a: Dragapult
|-damage|p1a: Dragapult|49/100
|
|-heal|p2a: Manaphy|51/100|[from] item: Leftovers
|upkeep
|turn|20
|
|t:|1779963829
|-terastallize|p2a: Manaphy|Poison
|move|p1a: Dragapult|Shadow Ball|p2a: Manaphy
|-damage|p2a: Manaphy|10/100
|move|p2a: Manaphy|Take Heart|p2a: Manaphy
|-boost|p2a: Manaphy|spa|1
|-boost|p2a: Manaphy|spd|1
|
|-heal|p2a: Manaphy|17/100|[from] item: Leftovers
|upkeep
|turn|21
|inactive|gayspain has 120 seconds left.
|
|t:|1779963869
|switch|p2a: Ting-Lucifer|Ting-Lu|5/100
|-damage|p2a: Ting-Lucifer|0 fnt|[from] Spikes
|faint|p2a: Ting-Lucifer
|move|p1a: Dragapult|Shadow Ball|p2: Ting-Lucifer|[notarget]
|-fail|p1a: Dragapult
|
|upkeep
|
|t:|1779963877
|switch|p2a: Mandibuzz|Mandibuzz, F, shiny|25/100
|turn|22
|
|t:|1779963882
|move|p1a: Dragapult|Shadow Ball|p2a: Mandibuzz
|-resisted|p2a: Mandibuzz
|-damage|p2a: Mandibuzz|3/100
|move|p2a: Mandibuzz|Roost|p2a: Mandibuzz
|-heal|p2a: Mandibuzz|53/100
|-singleturn|p2a: Mandibuzz|move: Roost
|
|upkeep
|turn|23
|
|t:|1779963890
|switch|p1a: Great Tusk|Great Tusk|100/100
|-enditem|p1a: Great Tusk|Booster Energy
|-activate|p1a: Great Tusk|ability: Protosynthesis|[fromitem]
|-start|p1a: Great Tusk|protosynthesisatk
|move|p2a: Mandibuzz|Roost|p2a: Mandibuzz
|-heal|p2a: Mandibuzz|100/100
|-singleturn|p2a: Mandibuzz|move: Roost
|
|upkeep
|turn|24
|j| Daicario74
|
|t:|1779963901
|move|p1a: Great Tusk|Ice Spinner|p2a: Mandibuzz
|-supereffective|p2a: Mandibuzz
|-damage|p2a: Mandibuzz|58/100
|-damage|p1a: Great Tusk|84/100|[from] item: Rocky Helmet|[of] p2a: Mandibuzz
|move|p2a: Mandibuzz|Defog|p1a: Great Tusk
|-unboost|p1a: Great Tusk|evasion|1
|-sideend|p2: jsmeyo|Spikes|[from] move: Defog|[of] p2a: Mandibuzz
|
|upkeep
|turn|25
|
|t:|1779963927
|switch|p2a: Manaphy|Manaphy, tera:Poison|17/100
|move|p1a: Great Tusk|Ice Spinner|p2a: Manaphy
|-damage|p2a: Manaphy|0 fnt
|faint|p2a: Manaphy
|
|upkeep
|
|t:|1779963935
|switch|p2a: Cinderace|Cinderace, M|58/100
|turn|26
|
|t:|1779963939
|move|p2a: Cinderace|High Jump Kick|p1a: Great Tusk
|-start|p2a: Cinderace|typechange|Fighting|[from] ability: Libero
|-damage|p1a: Great Tusk|39/100
|move|p1a: Great Tusk|Headlong Rush|p2a: Cinderace
|-damage|p2a: Cinderace|0 fnt
|-unboost|p1a: Great Tusk|def|1
|-unboost|p1a: Great Tusk|spd|1
|faint|p2a: Cinderace
|
|upkeep
|
|t:|1779963944
|switch|p2a: Mandibuzz|Mandibuzz, F, shiny|58/100
|turn|27
|
|t:|1779963952
|move|p1a: Great Tusk|Ice Spinner|p2a: Mandibuzz
|-supereffective|p2a: Mandibuzz
|-damage|p2a: Mandibuzz|19/100
|-damage|p1a: Great Tusk|22/100|[from] item: Rocky Helmet|[of] p2a: Mandibuzz
|move|p2a: Mandibuzz|Foul Play|p1a: Great Tusk
|-resisted|p1a: Great Tusk
|-damage|p1a: Great Tusk|0 fnt
|faint|p1a: Great Tusk
|-end|p1a: Great Tusk|Protosynthesis|[silent]
|
|upkeep
|
|t:|1779963962
|switch|p1a: Dragapult|Dragapult, M|49/100
|turn|28
|
|t:|1779963967
|move|p1a: Dragapult|Draco Meteor|p2a: Mandibuzz
|-damage|p2a: Mandibuzz|0 fnt
|-unboost|p1a: Dragapult|spa|2
|faint|p2a: Mandibuzz
|
|win|gayspain
|raw|gayspain's rating: 1129 &rarr; <strong>1155</strong><br />(+26 for winning)
|raw|jsmeyo's rating: 1147 &rarr; <strong>1121</strong><br />(-26 for losing)
|l|☆jsmeyo
|player|p2|
|l|☆gayspain
|player|p1|
|l| Daicario74
