|j|☆encore21768768
|j|☆Abyssal Bot
|t:|1779898901
|gametype|singles
|player|p1|encore21768768|266|
|player|p2|Abyssal Bot|supernerd|
|teamsize|p1|6
|teamsize|p2|6
|gen|9
|tier|[Gen 9] OU
|rule|Species Clause: Limit one of each Pokémon
|rule|OHKO Clause: OHKO moves are banned
|rule|Evasion Items Clause: Evasion items are banned
|rule|Evasion Moves Clause: Evasion moves are banned
|rule|Endless Battle Clause: Forcing endless battles is banned
|rule|HP Percentage Mod: HP is shown in percentages
|rule|Sleep Moves Clause: Sleep-inducing moves are banned
|clearpoke
|poke|p1|Clefable, M|
|poke|p1|Kommo-o, M|
|poke|p1|Deoxys-Speed|
|poke|p1|Arboliva, M|
|poke|p1|Dragalge, M|
|poke|p1|Ogerpon, F|
|poke|p2|Iron Moth|
|poke|p2|Kingambit, M|
|poke|p2|Iron Valiant|
|poke|p2|Rillaboom, M|
|poke|p2|Ogerpon-Cornerstone, F|
|poke|p2|Raging Bolt|
|teampreview
|c|☆Abyssal Bot|Good Luck and Have Fun my Friend!
|inactive|Battle timer is ON: inactive players will automatically lose when time's up. (requested by Abyssal Bot)
|j|*Turbo Bottttt
|
|t:|1779898912
|start
|switch|p1a: financial|Deoxys-Speed|100/100
|switch|p2a: Symbolism|Iron Moth, shiny|100/100
|-ability|p1a: financial|Pressure
|-enditem|p2a: Symbolism|Booster Energy
|-activate|p2a: Symbolism|ability: Quark Drive|[fromitem]
|-start|p2a: Symbolism|quarkdrivespe
|turn|1
|
|t:|1779898917
|move|p1a: financial|Psychic Noise|p2a: Symbolism
|-supereffective|p2a: Symbolism
|-damage|p2a: Symbolism|38/100
|-start|p2a: Symbolism|move: Heal Block
|move|p2a: Symbolism|Substitute|p2a: Symbolism
|-start|p2a: Symbolism|Substitute
|-damage|p2a: Symbolism|13/100
|
|upkeep
|turn|2
|
|t:|1779898919
|move|p1a: financial|Psychic Noise|p2a: Symbolism
|-supereffective|p2a: Symbolism
|-damage|p2a: Symbolism|0
|faint|p2a: Symbolism
|-end|p2a: Symbolism|Quark Drive|[silent]
|
|upkeep
|
|t:|1779898919
|switch|p2a: Overgod|Kingambit, M, shiny|100/100
|-activate|p2a: Overgod|ability: Supreme Overlord
|-start|p2a: Overgod|fallen1|[silent]
|turn|3
|
|t:|1779898922
|switch|p1a: coconut|Kommo-o, M|100/100
|move|p2a: Overgod|Kowtow Cleave|p1a: coconut
|-resisted|p1a: coconut
|-damage|p1a: coconut|81/100
|
|upkeep
|turn|4
|
|t:|1779898925
|move|p1a: coconut|Flamethrower|p2a: Overgod
|-supereffective|p2a: Overgod
|-damage|p2a: Overgod|48/100
|-damage|p1a: coconut|71/100|[from] item: Life Orb
|move|p2a: Overgod|Swords Dance|p2a: Overgod
|-boost|p2a: Overgod|atk|2
|
|upkeep
|turn|5
|
|t:|1779898929
|move|p1a: coconut|Low Kick|p2a: Overgod
|-supereffective|p2a: Overgod
|-damage|p2a: Overgod|0
|faint|p2a: Overgod
|-end|p2a: Overgod|fallen1|[silent]
|-damage|p1a: coconut|61/100|[from] item: Life Orb
|
|upkeep
|
|t:|1779898929
|switch|p2a: Calamity|Iron Valiant, shiny|100/100
|-enditem|p2a: Calamity|Booster Energy
|-activate|p2a: Calamity|ability: Quark Drive|[fromitem]
|-start|p2a: Calamity|quarkdrivespe
|turn|6
|
|t:|1779898936
|switch|p1a: financial|Deoxys-Speed|100/100
|-ability|p1a: financial|Pressure
|move|p2a: Calamity|Moonblast|p1a: financial
|-damage|p1a: financial|22/100
|-unboost|p1a: financial|spa|1
|
|upkeep
|turn|7
|
|t:|1779898947
|move|p1a: financial|Stealth Rock|p2a: Calamity
|-sidestart|p2: Abyssal Bot|move: Stealth Rock
|move|p2a: Calamity|Moonblast|p1a: financial
|-damage|p1a: financial|0
|faint|p1a: financial
|
|upkeep
|
|t:|1779898950
|switch|p1a: i know|Dragalge, M|100/100
|turn|8
|
|t:|1779898952
|move|p2a: Calamity|Calm Mind|p2a: Calamity
|-boost|p2a: Calamity|spa|1
|-boost|p2a: Calamity|spd|1
|move|p1a: i know|Sludge Bomb|p2a: Calamity
|-supereffective|p2a: Calamity
|-damage|p2a: Calamity|0
|faint|p2a: Calamity
|-end|p2a: Calamity|Quark Drive|[silent]
|
|upkeep
|
|t:|1779898952
|switch|p2a: Spirit Monger|Ogerpon-Cornerstone, F|100/100
|-damage|p2a: Spirit Monger|88/100|[from] Stealth Rock|[of] p1: financial
|turn|9
|
|t:|1779898957
|switch|p1a: coconut|Kommo-o, M|61/100
|move|p2a: Spirit Monger|Taunt|p1a: coconut
|-start|p1a: coconut|move: Taunt
|
|upkeep
|turn|10
|
|t:|1779898961
|move|p2a: Spirit Monger|Spikes|p1a: coconut
|-sidestart|p1: encore21768768|Spikes
|move|p1a: coconut|Low Kick|p2a: Spirit Monger
|-supereffective|p2a: Spirit Monger
|-damage|p2a: Spirit Monger|17/100
|-damage|p1a: coconut|51/100|[from] item: Life Orb
|
|upkeep
|turn|11
|
|t:|1779898963
|move|p2a: Spirit Monger|Spikes|p1a: coconut
|-sidestart|p1: encore21768768|Spikes
|move|p1a: coconut|Ice Punch|p2a: Spirit Monger
|-supereffective|p2a: Spirit Monger
|-damage|p2a: Spirit Monger|0
|faint|p2a: Spirit Monger
|-damage|p1a: coconut|41/100|[from] item: Life Orb
|
|-end|p1a: coconut|move: Taunt
|upkeep
|
|t:|1779898963
|switch|p2a: Kong|Rillaboom, M, shiny|100/100
|-damage|p2a: Kong|88/100|[from] Stealth Rock|[of] p1: financial
|-fieldstart|move: Grassy Terrain|[from] ability: Grassy Surge|[of] p2a: Kong
|turn|12
|
|t:|1779898966
|move|p2a: Kong|Grassy Glide|p1a: coconut
|-resisted|p1a: coconut
|-damage|p1a: coconut|19/100
|move|p1a: coconut|Flamethrower|p2a: Kong
|-supereffective|p2a: Kong
|-damage|p2a: Kong|19/100
|-damage|p1a: coconut|10/100|[from] item: Life Orb
|
|-heal|p1a: coconut|16/100|[from] Grassy Terrain
|-heal|p2a: Kong|25/100|[from] Grassy Terrain
|upkeep
|turn|13
|
|t:|1779898975
|switch|p1a: i know|Dragalge, M|100/100
|-damage|p1a: i know|84/100|[from] Spikes|[of] p2: Spirit Monger
|move|p2a: Kong|Grassy Glide|p1a: i know
|-resisted|p1a: i know
|-damage|p1a: i know|73/100
|
|-heal|p2a: Kong|31/100|[from] Grassy Terrain
|-heal|p1a: i know|79/100|[from] Grassy Terrain
|upkeep
|turn|14
|
|t:|1779898980
|switch|p2a: Byakko|Raging Bolt|100/100
|-damage|p2a: Byakko|88/100|[from] Stealth Rock|[of] p1: financial
|-enditem|p2a: Byakko|Booster Energy
|-activate|p2a: Byakko|ability: Protosynthesis|[fromitem]
|-start|p2a: Byakko|protosynthesisspa
|move|p1a: i know|Draco Meteor|p2a: Byakko
|-supereffective|p2a: Byakko
|-damage|p2a: Byakko|0
|-unboost|p1a: i know|spa|2
|faint|p2a: Byakko
|-end|p2a: Byakko|Protosynthesis|[silent]
|
|-heal|p1a: i know|85/100|[from] Grassy Terrain
|upkeep
|
|t:|1779898980
|switch|p2a: Kong|Rillaboom, M, shiny|31/100
|-damage|p2a: Kong|19/100|[from] Stealth Rock|[of] p1: financial
|turn|15
|
|t:|1779898982
|move|p2a: Kong|Wood Hammer|p1a: i know
|-resisted|p1a: i know
|-damage|p1a: i know|58/100
|-damage|p2a: Kong|10/100|[from] Recoil
|move|p1a: i know|Draco Meteor|p2a: Kong
|-damage|p2a: Kong|0
|-unboost|p1a: i know|spa|2
|faint|p2a: Kong
|
|win|encore21768768
|c|☆Abyssal Bot|Well Played.
|l|☆Abyssal Bot
|player|p2|
|l|*Turbo Bottttt
