|j|☆claudechamp
|j|☆critical_32
|t:|1779882582
|gametype|singles
|player|p1|claudechamp|169|1334
|player|p2|critical_32|170|1284
|gen|9
|tier|[Gen 9] OU
|rated|
|rule|HP Percentage Mod: HP is shown in percentages
|rule|Endless Battle Clause: Forcing endless battles is banned
|rule|Species Clause: Limit one of each Pokémon
|rule|OHKO Clause: OHKO moves are banned
|rule|Evasion Items Clause: Evasion items are banned
|rule|Evasion Moves Clause: Evasion moves are banned
|rule|Evasion Abilities Clause: Evasion abilities are banned
|rule|Sleep Moves Clause: Sleep-inducing moves are banned
|clearpoke
|poke|p1|Gliscor, M|
|poke|p1|Ogerpon, F|
|poke|p1|Walking Wake|
|poke|p1|Blissey, F|
|poke|p1|Corviknight, M|
|poke|p1|Pecharunt|
|poke|p2|Barraskewda, F|
|poke|p2|Basculegion, M|
|poke|p2|Goodra-Hisui, M|
|poke|p2|Kingdra, M|
|poke|p2|Conkeldurr, M|
|poke|p2|Pelipper, F|
|teampreview
|c|☆claudechamp|hf
|inactive|Battle timer is ON: inactive players will automatically lose when time's up. (requested by critical_32)
|
|t:|1779882588
|teamsize|p1|6
|teamsize|p2|6
|start
|switch|p1a: Gliscor|Gliscor, M|100/100
|switch|p2a: Pelipper|Pelipper, F|100/100
|-weather|RainDance|[from] ability: Drizzle|[of] p2a: Pelipper
|turn|1
|inactive|claudechamp also wants the timer to be on.
|
|t:|1779882601
|switch|p1a: Blissey|Blissey, F|100/100
|move|p2a: Pelipper|Surf|p1a: Blissey
|-damage|p1a: Blissey|81/100
|
|-weather|RainDance|[upkeep]
|upkeep
|turn|2
|
|t:|1779882610
|switch|p2a: Goodra|Goodra-Hisui, M|100/100
|move|p1a: Blissey|Stealth Rock|p2a: Goodra
|-sidestart|p2: critical_32|move: Stealth Rock
|
|-weather|RainDance|[upkeep]
|upkeep
|turn|3
|
|t:|1779882621
|move|p2a: Goodra|Sludge Bomb|p1a: Blissey
|-damage|p1a: Blissey|67/100
|move|p1a: Blissey|Seismic Toss|p2a: Goodra
|-damage|p2a: Goodra|67/100
|
|-weather|RainDance|[upkeep]
|upkeep
|turn|4
|
|t:|1779882626
|switch|p2a: Basculegion|Basculegion, M|100/100
|-damage|p2a: Basculegion|88/100|[from] Stealth Rock
|move|p1a: Blissey|Soft-Boiled|p1a: Blissey
|-heal|p1a: Blissey|100/100
|
|-weather|RainDance|[upkeep]
|upkeep
|turn|5
|
|t:|1779882638
|switch|p1a: Gliscor|Gliscor, M|100/100
|-terastallize|p2a: Basculegion|Water
|move|p2a: Basculegion|Wave Crash|p1a: Gliscor
|-supereffective|p1a: Gliscor
|-damage|p1a: Gliscor|0 fnt
|faint|p1a: Gliscor
|-damage|p2a: Basculegion|57/100|[from] Recoil
|
|-weather|RainDance|[upkeep]
|upkeep
|
|t:|1779882648
|switch|p1a: Ogerpon|Ogerpon, F|100/100
|turn|6
|
|t:|1779882657
|move|p2a: Basculegion|Wave Crash|p1a: Ogerpon
|-resisted|p1a: Ogerpon
|-damage|p1a: Ogerpon|0 fnt
|faint|p1a: Ogerpon
|-damage|p2a: Basculegion|31/100|[from] Recoil
|
|-weather|RainDance|[upkeep]
|upkeep
|
|t:|1779882664
|switch|p1a: Walking Wake|Walking Wake|100/100
|turn|7
|
|t:|1779882667
|move|p2a: Basculegion|Wave Crash|p1a: Walking Wake
|-resisted|p1a: Walking Wake
|-damage|p1a: Walking Wake|50/100
|-damage|p2a: Basculegion|17/100|[from] Recoil
|move|p1a: Walking Wake|Surf|p2a: Basculegion
|-resisted|p2a: Basculegion
|-damage|p2a: Basculegion|0 fnt
|faint|p2a: Basculegion
|
|-weather|RainDance|[upkeep]
|upkeep
|
|t:|1779882683
|switch|p2a: Barraskewda|Barraskewda, F|100/100
|-damage|p2a: Barraskewda|88/100|[from] Stealth Rock
|turn|8
|
|t:|1779882688
|move|p2a: Barraskewda|Liquidation|p1a: Walking Wake
|-resisted|p1a: Walking Wake
|-damage|p1a: Walking Wake|21/100
|-unboost|p1a: Walking Wake|def|1
|move|p1a: Walking Wake|Draco Meteor|p2a: Barraskewda
|-crit|p2a: Barraskewda
|-damage|p2a: Barraskewda|0 fnt
|-unboost|p1a: Walking Wake|spa|2
|faint|p2a: Barraskewda
|
|-weather|none
|upkeep
|
|t:|1779882691
|switch|p2a: Pelipper|Pelipper, F|100/100
|-damage|p2a: Pelipper|76/100|[from] Stealth Rock
|-weather|RainDance|[from] ability: Drizzle|[of] p2a: Pelipper
|turn|9
|
|t:|1779882701
|move|p1a: Walking Wake|Draco Meteor|p2a: Pelipper
|-damage|p2a: Pelipper|22/100
|-unboost|p1a: Walking Wake|spa|2
|move|p2a: Pelipper|U-turn|p1a: Walking Wake
|-damage|p1a: Walking Wake|7/100
|
|t:|1779882712
|switch|p2a: Conkeldurr|Conkeldurr, M|100/100|[from] U-turn
|-damage|p2a: Conkeldurr|94/100|[from] Stealth Rock
|
|-weather|RainDance|[upkeep]
|-status|p2a: Conkeldurr|brn|[from] item: Flame Orb
|upkeep
|turn|10
|
|t:|1779882723
|-end|p1a: Walking Wake|Protosynthesis|[silent]
|switch|p1a: Corviknight|Corviknight, M|100/100
|-ability|p1a: Corviknight|Pressure
|move|p2a: Conkeldurr|Bulk Up|p2a: Conkeldurr
|-boost|p2a: Conkeldurr|atk|1
|-boost|p2a: Conkeldurr|def|1
|
|-weather|RainDance|[upkeep]
|-damage|p2a: Conkeldurr|88/100 brn|[from] brn
|upkeep
|turn|11
|
|t:|1779882732
|move|p1a: Corviknight|Body Press|p2a: Conkeldurr
|-damage|p2a: Conkeldurr|74/100 brn
|move|p2a: Conkeldurr|Drain Punch|p1a: Corviknight
|-damage|p1a: Corviknight|41/100
|-heal|p2a: Conkeldurr|100/100 brn|[from] drain|[of] p1a: Corviknight
|
|-weather|RainDance|[upkeep]
|-damage|p2a: Conkeldurr|94/100 brn|[from] brn
|upkeep
|turn|12
|
|t:|1779882739
|-terastallize|p1a: Corviknight|Ghost
|move|p1a: Corviknight|Roost|p1a: Corviknight
|-heal|p1a: Corviknight|91/100
|move|p2a: Conkeldurr|Bulk Up|p2a: Conkeldurr
|-boost|p2a: Conkeldurr|atk|1
|-boost|p2a: Conkeldurr|def|1
|
|-weather|RainDance|[upkeep]
|-damage|p2a: Conkeldurr|88/100 brn|[from] brn
|upkeep
|turn|13
|
|t:|1779882743
|move|p1a: Corviknight|Body Press|p2a: Conkeldurr
|-damage|p2a: Conkeldurr|78/100 brn
|move|p2a: Conkeldurr|Knock Off|p1a: Corviknight
|-supereffective|p1a: Corviknight
|-damage|p1a: Corviknight|0 fnt
|-enditem|p1a: Corviknight|Heavy-Duty Boots|[from] move: Knock Off|[of] p2a: Conkeldurr
|faint|p1a: Corviknight
|
|-weather|RainDance|[upkeep]
|-damage|p2a: Conkeldurr|72/100 brn|[from] brn
|upkeep
|
|t:|1779882746
|switch|p1a: Walking Wake|Walking Wake|7/100
|turn|14
|
|t:|1779882750
|move|p2a: Conkeldurr|Mach Punch|p1a: Walking Wake
|-damage|p1a: Walking Wake|0 fnt
|faint|p1a: Walking Wake
|-end|p1a: Walking Wake|Protosynthesis|[silent]
|
|-weather|RainDance|[upkeep]
|-damage|p2a: Conkeldurr|65/100 brn|[from] brn
|upkeep
|
|t:|1779882750
|switch|p1a: Pecharunt|Pecharunt|100/100
|turn|15
|
|t:|1779882755
|move|p1a: Pecharunt|Malignant Chain|p2a: Conkeldurr
|-damage|p2a: Conkeldurr|22/100 brn
|move|p2a: Conkeldurr|Knock Off|p1a: Pecharunt
|-supereffective|p1a: Pecharunt
|-damage|p1a: Pecharunt|0 fnt
|-enditem|p1a: Pecharunt|Heavy-Duty Boots|[from] move: Knock Off|[of] p2a: Conkeldurr
|faint|p1a: Pecharunt
|
|-weather|RainDance|[upkeep]
|-damage|p2a: Conkeldurr|16/100 brn|[from] brn
|upkeep
|
|t:|1779882758
|switch|p1a: Blissey|Blissey, F|100/100
|turn|16
|
|t:|1779882769
|move|p2a: Conkeldurr|Mach Punch|p1a: Blissey
|-supereffective|p1a: Blissey
|-damage|p1a: Blissey|0 fnt
|faint|p1a: Blissey
|
|win|critical_32
|raw|claudechamp's rating: 1376 &rarr; <strong>1351</strong><br />(-25 for losing)
|raw|critical_32's rating: 1284 &rarr; <strong>1315</strong><br />(+31 for winning)
|c|☆claudechamp|gg
