|j|☆sled gas
|j|☆Sh4dowth33dgyh0g
|t:|1779914055
|gametype|singles
|player|p1|sled gas|boarder|1382
|player|p2|Sh4dowth33dgyh0g|shadowtriad|1430
|gen|9
|tier|[Gen 9] OU
|rated|
|rule|HP Percentage Mod: HP is shown in percentages
|rule|Endless Battle Clause: Forcing endless battles is banned
|rule|Species Clause: Limit one of each Pokémon
|rule|OHKO Clause: OHKO moves are banned
|rule|Evasion Items Clause: Evasion items are banned
|rule|Evasion Moves Clause: Evasion moves are banned
|rule|Evasion Abilities Clause: Evasion abilities are banned
|rule|Sleep Moves Clause: Sleep-inducing moves are banned
|clearpoke
|poke|p1|Rhyperior, M|
|poke|p1|Landorus-Therian, M|
|poke|p1|Moltres|
|poke|p1|Gholdengo|
|poke|p1|Kyurem|
|poke|p1|Ogerpon-Wellspring, F|
|poke|p2|Meowscarada, F|
|poke|p2|Zamazenta-*|
|poke|p2|Iron Treads|
|poke|p2|Raging Bolt|
|poke|p2|Corviknight, M|
|poke|p2|Dragapult, F|
|teampreview
|inactive|Battle timer is ON: inactive players will automatically lose when time's up. (requested by sled gas)
|inactive|sled gas has 120 seconds left.
|
|t:|1779914108
|teamsize|p1|6
|teamsize|p2|6
|start
|switch|p1a: Kyurem|Kyurem|100/100
|switch|p2a: Dragapult|Dragapult, F|100/100
|-ability|p1a: Kyurem|Pressure
|turn|1
|
|t:|1779914117
|move|p2a: Dragapult|Draco Meteor|p1a: Kyurem
|-supereffective|p1a: Kyurem
|-damage|p1a: Kyurem|0 fnt
|-unboost|p2a: Dragapult|spa|2
|faint|p1a: Kyurem
|
|upkeep
|
|t:|1779914124
|switch|p1a: Moltres|Moltres|100/100
|turn|2
|
|t:|1779914129
|switch|p2a: Raging Bolt|Raging Bolt|100/100
|switch|p1a: Landorus|Landorus-Therian, M|100/100
|-ability|p1a: Landorus|Intimidate|boost
|-unboost|p2a: Raging Bolt|atk|1
|
|upkeep
|turn|3
|
|t:|1779914135
|-end|p2a: Raging Bolt|Protosynthesis|[silent]
|switch|p2a: Corviknight|Corviknight, M, shiny|100/100
|-ability|p2a: Corviknight|Pressure
|move|p1a: Landorus|Stealth Rock|p2a: Corviknight
|-sidestart|p2: Sh4dowth33dgyh0g|move: Stealth Rock
|
|upkeep
|turn|4
|
|t:|1779914138
|move|p1a: Landorus|Taunt|p2a: Corviknight
|-start|p2a: Corviknight|move: Taunt
|move|p2a: Corviknight|U-turn|p1a: Landorus
|-resisted|p1a: Landorus
|-damage|p1a: Landorus|96/100
|-damage|p2a: Corviknight|84/100|[from] item: Rocky Helmet|[of] p1a: Landorus
|
|t:|1779914146
|switch|p2a: Iron Treads|Iron Treads|100/100|[from] U-turn
|-damage|p2a: Iron Treads|97/100|[from] Stealth Rock
|
|upkeep
|turn|5
|
|t:|1779914151
|move|p2a: Iron Treads|Ice Spinner|p1a: Landorus
|-supereffective|p1a: Landorus
|-damage|p1a: Landorus|21/100
|-damage|p2a: Iron Treads|81/100|[from] item: Rocky Helmet|[of] p1a: Landorus
|move|p1a: Landorus|Earthquake|p2a: Iron Treads
|-supereffective|p2a: Iron Treads
|-damage|p2a: Iron Treads|0 fnt
|faint|p2a: Iron Treads
|-end|p2a: Iron Treads|Quark Drive|[silent]
|
|upkeep
|
|t:|1779914161
|switch|p2a: Meowscarada|Meowscarada, F, shiny|100/100
|-damage|p2a: Meowscarada|88/100|[from] Stealth Rock
|turn|6
|
|t:|1779914178
|switch|p1a: Moltres|Moltres|100/100
|move|p2a: Meowscarada|Knock Off|p1a: Moltres
|-start|p2a: Meowscarada|typechange|Dark|[from] ability: Protean
|-damage|p1a: Moltres|59/100
|-enditem|p1a: Moltres|Heavy-Duty Boots|[from] move: Knock Off|[of] p2a: Meowscarada
|
|upkeep
|turn|7
|
|t:|1779914189
|switch|p2a: Raging Bolt|Raging Bolt|100/100
|-damage|p2a: Raging Bolt|88/100|[from] Stealth Rock
|move|p1a: Moltres|Roost|p1a: Moltres
|-heal|p1a: Moltres|100/100
|-singleturn|p1a: Moltres|move: Roost
|
|-heal|p2a: Raging Bolt|94/100|[from] item: Leftovers
|upkeep
|turn|8
|
|t:|1779914202
|switch|p1a: Landorus|Landorus-Therian, M|21/100
|-ability|p1a: Landorus|Intimidate|boost
|-unboost|p2a: Raging Bolt|atk|1
|move|p2a: Raging Bolt|Calm Mind|p2a: Raging Bolt
|-boost|p2a: Raging Bolt|spa|1
|-boost|p2a: Raging Bolt|spd|1
|
|-heal|p2a: Raging Bolt|100/100|[from] item: Leftovers
|upkeep
|turn|9
|
|t:|1779914212
|move|p1a: Landorus|Earthquake|p2a: Raging Bolt
|-supereffective|p2a: Raging Bolt
|-damage|p2a: Raging Bolt|29/100
|move|p2a: Raging Bolt|Dragon Pulse|p1a: Landorus
|-damage|p1a: Landorus|0 fnt
|faint|p1a: Landorus
|
|-heal|p2a: Raging Bolt|35/100|[from] item: Leftovers
|upkeep
|
|t:|1779914227
|switch|p1a: Rhyperior|Rhyperior, M|100/100
|-item|p1a: Rhyperior|Air Balloon
|turn|10
|
|t:|1779914234
|-end|p2a: Raging Bolt|Protosynthesis|[silent]
|switch|p2a: Corviknight|Corviknight, M, shiny|84/100
|-damage|p2a: Corviknight|72/100|[from] Stealth Rock
|-ability|p2a: Corviknight|Pressure
|move|p1a: Rhyperior|Earthquake|p2a: Corviknight
|-immune|p2a: Corviknight
|
|-heal|p2a: Corviknight|78/100|[from] item: Leftovers
|upkeep
|turn|11
|
|t:|1779914239
|move|p2a: Corviknight|U-turn|p1a: Rhyperior
|-damage|p1a: Rhyperior|90/100
|-enditem|p1a: Rhyperior|Air Balloon
|
|t:|1779914252
|switch|p2a: Zamazenta|Zamazenta, shiny|100/100|[from] U-turn
|-damage|p2a: Zamazenta|94/100|[from] Stealth Rock
|-ability|p2a: Zamazenta|Dauntless Shield|boost
|-boost|p2a: Zamazenta|def|1
|move|p1a: Rhyperior|Swords Dance|p1a: Rhyperior
|-boost|p1a: Rhyperior|atk|2
|
|-heal|p2a: Zamazenta|100/100|[from] item: Leftovers
|upkeep
|turn|12
|
|t:|1779914259
|switch|p1a: Gholdengo|Gholdengo|100/100
|move|p2a: Zamazenta|Iron Defense|p2a: Zamazenta
|-boost|p2a: Zamazenta|def|2
|
|upkeep
|turn|13
|
|t:|1779914268
|move|p1a: Gholdengo|Shadow Ball|p2a: Zamazenta
|-damage|p2a: Zamazenta|67/100
|move|p2a: Zamazenta|Crunch|p1a: Gholdengo
|-supereffective|p1a: Gholdengo
|-damage|p1a: Gholdengo|53/100
|
|-heal|p2a: Zamazenta|73/100|[from] item: Leftovers
|upkeep
|turn|14
|
|t:|1779914275
|-terastallize|p2a: Zamazenta|Dark
|move|p1a: Gholdengo|Shadow Ball|p2a: Zamazenta
|-resisted|p2a: Zamazenta
|-damage|p2a: Zamazenta|56/100
|move|p2a: Zamazenta|Crunch|p1a: Gholdengo
|-supereffective|p1a: Gholdengo
|-damage|p1a: Gholdengo|0 fnt
|faint|p1a: Gholdengo
|
|-heal|p2a: Zamazenta|63/100|[from] item: Leftovers
|upkeep
|
|t:|1779914280
|switch|p1a: Moltres|Moltres|100/100
|turn|15
|
|t:|1779914285
|move|p2a: Zamazenta|Stone Edge|p1a: Moltres
|-supereffective|p1a: Moltres
|-crit|p1a: Moltres
|-damage|p1a: Moltres|0 fnt
|faint|p1a: Moltres
|
|-heal|p2a: Zamazenta|69/100|[from] item: Leftovers
|upkeep
|-message|sled gas forfeited.
|
|win|Sh4dowth33dgyh0g
|raw|sled gas's rating: 1382 &rarr; <strong>1365</strong><br />(-17 for losing)
|raw|Sh4dowth33dgyh0g's rating: 1430 &rarr; <strong>1447</strong><br />(+17 for winning)
|l|☆sled gas
|player|p1|
|l|☆Sh4dowth33dgyh0g
|player|p2|
