|j|☆Witherfan
|j|☆Archerdadon
|t:|1779944798
|gametype|singles
|player|p1|Witherfan|falkner|1485
|player|p2|Archerdadon|marshal|1595
|gen|9
|tier|[Gen 9] OU
|rated|
|rule|HP Percentage Mod: HP is shown in percentages
|rule|Endless Battle Clause: Forcing endless battles is banned
|rule|Species Clause: Limit one of each Pokémon
|rule|OHKO Clause: OHKO moves are banned
|rule|Evasion Items Clause: Evasion items are banned
|rule|Evasion Moves Clause: Evasion moves are banned
|rule|Evasion Abilities Clause: Evasion abilities are banned
|rule|Sleep Moves Clause: Sleep-inducing moves are banned
|clearpoke
|poke|p1|Weezing-Galar, M|
|poke|p1|Ogerpon, F|
|poke|p1|Skarmory, M|
|poke|p1|Alomomola, M|
|poke|p1|Clodsire, M|
|poke|p1|Hydreigon, M|
|poke|p2|Dondozo, F|
|poke|p2|Great Tusk|
|poke|p2|Ting-Lu|
|poke|p2|Glimmora, F|
|poke|p2|Scizor, M|
|poke|p2|Weezing-Galar, F|
|teampreview
|inactive|Battle timer is ON: inactive players will automatically lose when time's up. (requested by Archerdadon)
|
|t:|1779944810
|teamsize|p1|6
|teamsize|p2|6
|start
|switch|p1a: Clodsire|Clodsire, M, shiny|100/100
|switch|p2a: Scizor|Scizor, M|100/100
|turn|1
|
|t:|1779944818
|switch|p1a: Skarmory|Skarmory, M, shiny|100/100
|move|p2a: Scizor|Knock Off|p1a: Skarmory
|-damage|p1a: Skarmory|67/100
|-damage|p2a: Scizor|84/100|[from] item: Rocky Helmet|[of] p1a: Skarmory
|-enditem|p1a: Skarmory|Rocky Helmet|[from] move: Knock Off|[of] p2a: Scizor
|
|upkeep
|turn|2
|
|t:|1779944823
|switch|p2a: Great Tusk|Great Tusk|100/100
|move|p1a: Skarmory|Roost|p1a: Skarmory
|-heal|p1a: Skarmory|100/100
|-singleturn|p1a: Skarmory|move: Roost
|
|upkeep
|turn|3
|
|t:|1779944832
|move|p2a: Great Tusk|Temper Flare|p1a: Skarmory
|-supereffective|p1a: Skarmory
|-damage|p1a: Skarmory|71/100
|move|p1a: Skarmory|Taunt|p2a: Great Tusk
|-start|p2a: Great Tusk|move: Taunt
|
|upkeep
|turn|4
|
|t:|1779944856
|move|p2a: Great Tusk|Temper Flare|p1a: Skarmory
|-supereffective|p1a: Skarmory
|-damage|p1a: Skarmory|42/100
|move|p1a: Skarmory|Roost|p1a: Skarmory
|-heal|p1a: Skarmory|92/100
|-singleturn|p1a: Skarmory|move: Roost
|
|upkeep
|turn|5
|
|t:|1779944876
|-end|p2a: Great Tusk|Protosynthesis|[silent]
|switch|p2a: Scizor|Scizor, M|84/100
|switch|p1a: Alomomola|Alomomola, M, shiny|100/100
|
|upkeep
|turn|6
|
|t:|1779944881
|switch|p1a: Skarmory|Skarmory, M, shiny|92/100
|move|p2a: Scizor|Knock Off|p1a: Skarmory
|-damage|p1a: Skarmory|70/100
|
|upkeep
|turn|7
|
|t:|1779944891
|switch|p2a: Weezing|Weezing-Galar, F|100/100
|-ability|p2a: Weezing|Neutralizing Gas
|move|p1a: Skarmory|Spikes|p2a: Weezing
|-sidestart|p2: Archerdadon|Spikes
|
|upkeep
|turn|8
|
|t:|1779944897
|move|p1a: Skarmory|Taunt|p2a: Weezing
|-start|p2a: Weezing|move: Taunt
|cant|p2a: Weezing|move: Taunt|Will-O-Wisp
|
|upkeep
|turn|9
|
|t:|1779944910
|switch|p1a: Clodsire|Clodsire, M, shiny|100/100
|-end|p2a: Weezing|ability: Neutralizing Gas
|switch|p2a: Great Tusk|Great Tusk|100/100
|
|upkeep
|turn|10
|
|t:|1779944916
|switch|p1a: Skarmory|Skarmory, M, shiny|70/100
|move|p2a: Great Tusk|Rapid Spin|p1a: Skarmory
|-resisted|p1a: Skarmory
|-damage|p1a: Skarmory|65/100
|-boost|p2a: Great Tusk|spe|1
|-sideend|p2: Archerdadon|Spikes|[from] move: Rapid Spin|[of] p2a: Great Tusk
|
|upkeep
|turn|11
|
|t:|1779944923
|-end|p2a: Great Tusk|Protosynthesis|[silent]
|switch|p2a: Scizor|Scizor, M|84/100
|move|p1a: Skarmory|Roost|p1a: Skarmory
|-heal|p1a: Skarmory|100/100
|-singleturn|p1a: Skarmory|move: Roost
|
|upkeep
|turn|12
|
|t:|1779944927
|move|p1a: Skarmory|Body Press|p2a: Scizor
|-damage|p2a: Scizor|50/100
|move|p2a: Scizor|Close Combat|p1a: Skarmory
|-damage|p1a: Skarmory|56/100
|-unboost|p2a: Scizor|def|1
|-unboost|p2a: Scizor|spd|1
|
|upkeep
|turn|13
|
|t:|1779944937
|switch|p2a: Great Tusk|Great Tusk|100/100
|move|p1a: Skarmory|Body Press|p2a: Great Tusk
|-damage|p2a: Great Tusk|85/100
|
|upkeep
|turn|14
|
|t:|1779944942
|move|p2a: Great Tusk|Temper Flare|p1a: Skarmory
|-supereffective|p1a: Skarmory
|-damage|p1a: Skarmory|24/100
|move|p1a: Skarmory|Roost|p1a: Skarmory
|-heal|p1a: Skarmory|75/100
|-singleturn|p1a: Skarmory|move: Roost
|
|upkeep
|turn|15
|
|t:|1779944950
|move|p2a: Great Tusk|Rapid Spin|p1a: Skarmory
|-resisted|p1a: Skarmory
|-damage|p1a: Skarmory|70/100
|-boost|p2a: Great Tusk|spe|1
|move|p1a: Skarmory|Roost|p1a: Skarmory
|-heal|p1a: Skarmory|100/100
|-singleturn|p1a: Skarmory|move: Roost
|
|upkeep
|turn|16
|
|t:|1779944954
|move|p2a: Great Tusk|Rapid Spin|p1a: Skarmory
|-resisted|p1a: Skarmory
|-damage|p1a: Skarmory|96/100
|-boost|p2a: Great Tusk|spe|1
|move|p1a: Skarmory|Body Press|p2a: Great Tusk
|-damage|p2a: Great Tusk|67/100
|
|upkeep
|turn|17
|
|t:|1779944960
|switch|p1a: Alomomola|Alomomola, M, shiny|100/100
|move|p2a: Great Tusk|Temper Flare|p1a: Alomomola
|-resisted|p1a: Alomomola
|-damage|p1a: Alomomola|91/100
|
|upkeep
|turn|18
|
|t:|1779944966
|-end|p2a: Great Tusk|Protosynthesis|[silent]
|switch|p2a: Glimmora|Glimmora, F|100/100
|move|p1a: Alomomola|Flip Turn|p2a: Glimmora
|-supereffective|p2a: Glimmora
|-damage|p2a: Glimmora|61/100
|-activate|p2a: Glimmora|ability: Toxic Debris
|-sidestart|p1: Witherfan|move: Toxic Spikes
|
|t:|1779944972
|switch|p1a: Clodsire|Clodsire, M, shiny|100/100|[from] Flip Turn
|-sideend|p1: Witherfan|move: Toxic Spikes|[of] p1a: Clodsire
|
|upkeep
|turn|19
|
|t:|1779944977
|switch|p2a: Ting-Lu|Ting-Lu|100/100
|-ability|p2a: Ting-Lu|Vessel of Ruin
|move|p1a: Clodsire|Earthquake|p2a: Ting-Lu
|-damage|p2a: Ting-Lu|85/100
|
|-heal|p2a: Ting-Lu|91/100|[from] item: Leftovers
|upkeep
|turn|20
|
|t:|1779945003
|switch|p1a: Ogerpon|Ogerpon, F|100/100
|move|p2a: Ting-Lu|Stealth Rock|p1a: Ogerpon
|-sidestart|p1: Witherfan|move: Stealth Rock
|
|-heal|p2a: Ting-Lu|98/100|[from] item: Leftovers
|upkeep
|turn|21
|
|t:|1779945007
|switch|p2a: Weezing|Weezing-Galar, F|100/100
|-ability|p2a: Weezing|Neutralizing Gas
|move|p1a: Ogerpon|U-turn|p2a: Weezing
|-resisted|p2a: Weezing
|-damage|p2a: Weezing|92/100
|
|t:|1779945023
|switch|p1a: Hydreigon|Hydreigon, M, shiny|100/100|[from] U-turn
|-damage|p1a: Hydreigon|88/100|[from] Stealth Rock
|
|-heal|p2a: Weezing|98/100|[from] item: Leftovers
|upkeep
|turn|22
|
|t:|1779945026
|-end|p2a: Weezing|ability: Neutralizing Gas
|switch|p2a: Ting-Lu|Ting-Lu|98/100
|-ability|p2a: Ting-Lu|Vessel of Ruin
|move|p1a: Hydreigon|Flash Cannon|p2a: Ting-Lu
|-damage|p2a: Ting-Lu|81/100
|
|-heal|p2a: Ting-Lu|87/100|[from] item: Leftovers
|upkeep
|turn|23
|
|t:|1779945035
|switch|p1a: Skarmory|Skarmory, M, shiny|96/100
|-damage|p1a: Skarmory|83/100|[from] Stealth Rock
|move|p2a: Ting-Lu|Payback|p1a: Skarmory
|-damage|p1a: Skarmory|71/100
|
|-heal|p2a: Ting-Lu|93/100|[from] item: Leftovers
|upkeep
|turn|24
|
|t:|1779945044
|switch|p2a: Great Tusk|Great Tusk|67/100
|move|p1a: Skarmory|Taunt|p2a: Great Tusk
|-start|p2a: Great Tusk|move: Taunt
|
|upkeep
|turn|25
|
|t:|1779945053
|switch|p1a: Alomomola|Alomomola, M, shiny|100/100
|-damage|p1a: Alomomola|88/100|[from] Stealth Rock
|move|p2a: Great Tusk|Temper Flare|p1a: Alomomola
|-resisted|p1a: Alomomola
|-damage|p1a: Alomomola|78/100
|
|upkeep
|turn|26
|
|t:|1779945060
|-end|p2a: Great Tusk|Protosynthesis|[silent]
|switch|p2a: Weezing|Weezing-Galar, F|98/100
|-ability|p2a: Weezing|Neutralizing Gas
|move|p1a: Alomomola|Flip Turn|p2a: Weezing
|-damage|p2a: Weezing|83/100
|inactive|Witherfan has 120 seconds left.
|
|t:|1779945103
|switch|p1a: Weezing|Weezing-Galar, M, shiny|100/100|[from] Flip Turn
|-ability|p1a: Weezing|Neutralizing Gas
|
|-heal|p2a: Weezing|89/100|[from] item: Leftovers
|upkeep
|turn|27
|
|t:|1779945108
|move|p2a: Weezing|Sludge Bomb|p1a: Weezing
|-damage|p1a: Weezing|67/100
|move|p1a: Weezing|Sludge Bomb|p2a: Weezing
|-damage|p2a: Weezing|66/100
|
|-heal|p2a: Weezing|72/100|[from] item: Leftovers
|upkeep
|turn|28
|inactive|Witherfan has 120 seconds left.
|
|t:|1779945119
|switch|p1a: Clodsire|Clodsire, M, shiny|100/100
|-damage|p1a: Clodsire|94/100|[from] Stealth Rock
|move|p2a: Weezing|Will-O-Wisp|p1a: Clodsire
|-status|p1a: Clodsire|brn
|
|-heal|p2a: Weezing|78/100|[from] item: Leftovers
|-damage|p1a: Clodsire|88/100 brn|[from] brn
|upkeep
|turn|29
|
|t:|1779945128
|-end|p2a: Weezing|ability: Neutralizing Gas
|switch|p2a: Ting-Lu|Ting-Lu|93/100
|-ability|p2a: Ting-Lu|Vessel of Ruin
|move|p1a: Clodsire|Earthquake|p2a: Ting-Lu
|-damage|p2a: Ting-Lu|86/100
|
|-heal|p2a: Ting-Lu|93/100|[from] item: Leftovers
|-damage|p1a: Clodsire|82/100 brn|[from] brn
|upkeep
|turn|30
|
|t:|1779945136
|move|p2a: Ting-Lu|Payback|p1a: Clodsire
|-damage|p1a: Clodsire|62/100 brn
|move|p1a: Clodsire|Toxic|p2a: Ting-Lu
|-status|p2a: Ting-Lu|tox
|
|-heal|p2a: Ting-Lu|99/100 tox|[from] item: Leftovers
|-damage|p2a: Ting-Lu|93/100 tox|[from] psn
|-damage|p1a: Clodsire|56/100 brn|[from] brn
|upkeep
|turn|31
|
|t:|1779945145
|switch|p1a: Skarmory|Skarmory, M, shiny|71/100
|-damage|p1a: Skarmory|59/100|[from] Stealth Rock
|move|p2a: Ting-Lu|Earthquake|p1a: Skarmory
|-immune|p1a: Skarmory
|
|-heal|p2a: Ting-Lu|99/100 tox|[from] item: Leftovers
|-damage|p2a: Ting-Lu|86/100 tox|[from] psn
|upkeep
|turn|32
|
|t:|1779945158
|move|p1a: Skarmory|Body Press|p2a: Ting-Lu
|-supereffective|p2a: Ting-Lu
|-damage|p2a: Ting-Lu|48/100 tox
|move|p2a: Ting-Lu|Rest|p2a: Ting-Lu
|-status|p2a: Ting-Lu|slp|[from] move: Rest
|-heal|p2a: Ting-Lu|100/100 slp|[silent]
|
|upkeep
|turn|33
|
|t:|1779945171
|switch|p2a: Great Tusk|Great Tusk|67/100
|move|p1a: Skarmory|Roost|p1a: Skarmory
|-heal|p1a: Skarmory|100/100
|-singleturn|p1a: Skarmory|move: Roost
|
|upkeep
|turn|34
|
|t:|1779945192
|switch|p1a: Alomomola|Alomomola, M, shiny|78/100
|-damage|p1a: Alomomola|66/100|[from] Stealth Rock
|move|p2a: Great Tusk|Headlong Rush|p1a: Alomomola
|-damage|p1a: Alomomola|19/100
|-unboost|p2a: Great Tusk|def|1
|-unboost|p2a: Great Tusk|spd|1
|
|upkeep
|turn|35
|
|t:|1779945201
|switch|p1a: Skarmory|Skarmory, M, shiny|100/100
|-damage|p1a: Skarmory|88/100|[from] Stealth Rock
|move|p2a: Great Tusk|Ice Spinner|p1a: Skarmory
|-damage|p1a: Skarmory|73/100
|
|upkeep
|turn|36
|
|t:|1779945210
|move|p2a: Great Tusk|Temper Flare|p1a: Skarmory
|-supereffective|p1a: Skarmory
|-damage|p1a: Skarmory|45/100
|move|p1a: Skarmory|Body Press|p2a: Great Tusk
|-damage|p2a: Great Tusk|42/100
|
|upkeep
|turn|37
|
|t:|1779945216
|move|p2a: Great Tusk|Headlong Rush|p1a: Skarmory
|-immune|p1a: Skarmory
|move|p1a: Skarmory|Roost|p1a: Skarmory
|-heal|p1a: Skarmory|95/100
|-singleturn|p1a: Skarmory|move: Roost
|
|upkeep
|turn|38
|
|t:|1779945220
|-end|p2a: Great Tusk|Protosynthesis|[silent]
|switch|p2a: Glimmora|Glimmora, F|61/100
|move|p1a: Skarmory|Body Press|p2a: Glimmora
|-damage|p2a: Glimmora|21/100
|-activate|p2a: Glimmora|ability: Toxic Debris
|-sidestart|p1: Witherfan|move: Toxic Spikes
|
|upkeep
|turn|39
|
|t:|1779945225
|switch|p1a: Clodsire|Clodsire, M, shiny|56/100 brn
|-damage|p1a: Clodsire|50/100 brn|[from] Stealth Rock
|-sideend|p1: Witherfan|move: Toxic Spikes|[of] p1a: Clodsire
|move|p2a: Glimmora|Power Gem|p1a: Clodsire
|-resisted|p1a: Clodsire
|-damage|p1a: Clodsire|39/100 brn
|
|-damage|p1a: Clodsire|33/100 brn|[from] brn
|upkeep
|turn|40
|
|t:|1779945232
|move|p2a: Glimmora|Earth Power|p1a: Clodsire
|-supereffective|p1a: Clodsire
|-damage|p1a: Clodsire|1/100 brn
|move|p1a: Clodsire|Recover|p1a: Clodsire
|-heal|p1a: Clodsire|51/100 brn
|
|-damage|p1a: Clodsire|45/100 brn|[from] brn
|upkeep
|turn|41
|
|t:|1779945240
|switch|p2a: Great Tusk|Great Tusk|42/100
|move|p1a: Clodsire|Recover|p1a: Clodsire
|-heal|p1a: Clodsire|95/100 brn
|
|-damage|p1a: Clodsire|89/100 brn|[from] brn
|upkeep
|turn|42
|
|t:|1779945245
|switch|p1a: Skarmory|Skarmory, M, shiny|95/100
|-damage|p1a: Skarmory|83/100|[from] Stealth Rock
|move|p2a: Great Tusk|Headlong Rush|p1a: Skarmory
|-immune|p1a: Skarmory
|
|upkeep
|turn|43
|
|t:|1779945252
|-end|p2a: Great Tusk|Protosynthesis|[silent]
|switch|p2a: Weezing|Weezing-Galar, F|78/100
|-ability|p2a: Weezing|Neutralizing Gas
|move|p1a: Skarmory|Body Press|p2a: Weezing
|-resisted|p2a: Weezing
|-damage|p2a: Weezing|71/100
|
|-heal|p2a: Weezing|77/100|[from] item: Leftovers
|upkeep
|turn|44
|
|t:|1779945263
|switch|p1a: Clodsire|Clodsire, M, shiny|89/100 brn
|-damage|p1a: Clodsire|83/100 brn|[from] Stealth Rock
|move|p2a: Weezing|Will-O-Wisp|p1a: Clodsire
|-fail|p1a: Clodsire|brn
|
|-heal|p2a: Weezing|83/100|[from] item: Leftovers
|-damage|p1a: Clodsire|77/100 brn|[from] brn
|upkeep
|turn|45
|
|t:|1779945272
|-end|p2a: Weezing|ability: Neutralizing Gas
|switch|p2a: Dondozo|Dondozo, F|100/100
|move|p1a: Clodsire|Stealth Rock|p2a: Dondozo
|-sidestart|p2: Archerdadon|move: Stealth Rock
|
|-damage|p1a: Clodsire|71/100 brn|[from] brn
|upkeep
|turn|46
|inactive|Witherfan has 120 seconds left.
|
|t:|1779945306
|switch|p1a: Weezing|Weezing-Galar, M, shiny|67/100
|-ability|p1a: Weezing|Neutralizing Gas
|move|p2a: Dondozo|Curse|p2a: Dondozo
|-unboost|p2a: Dondozo|spe|1
|-boost|p2a: Dondozo|atk|1
|-boost|p2a: Dondozo|def|1
|
|upkeep
|turn|47
|inactive|Witherfan has 120 seconds left.
|
|t:|1779945332
|switch|p2a: Weezing|Weezing-Galar, F|83/100
|-ability|p2a: Weezing|Neutralizing Gas
|-damage|p2a: Weezing|71/100|[from] Stealth Rock
|move|p1a: Weezing|Will-O-Wisp|p2a: Weezing
|-status|p2a: Weezing|brn
|
|-heal|p2a: Weezing|77/100 brn|[from] item: Leftovers
|-damage|p2a: Weezing|71/100 brn|[from] brn
|upkeep
|turn|48
|
|t:|1779945342
|switch|p1a: Clodsire|Clodsire, M, shiny|71/100 brn
|-damage|p1a: Clodsire|65/100 brn|[from] Stealth Rock
|move|p2a: Weezing|Will-O-Wisp|p1a: Clodsire
|-fail|p1a: Clodsire|brn
|
|-heal|p2a: Weezing|77/100 brn|[from] item: Leftovers
|-damage|p2a: Weezing|71/100 brn|[from] brn
|-damage|p1a: Clodsire|59/100 brn|[from] brn
|upkeep
|turn|49
|
|t:|1779945351
|-end|p2a: Weezing|ability: Neutralizing Gas
|switch|p2a: Great Tusk|Great Tusk|42/100
|move|p1a: Clodsire|Recover|p1a: Clodsire
|-heal|p1a: Clodsire|100/100 brn
|
|-damage|p1a: Clodsire|94/100 brn|[from] brn
|upkeep
|turn|50
|
|t:|1779945355
|switch|p1a: Skarmory|Skarmory, M, shiny|83/100
|-damage|p1a: Skarmory|70/100|[from] Stealth Rock
|move|p2a: Great Tusk|Rapid Spin|p1a: Skarmory
|-resisted|p1a: Skarmory
|-damage|p1a: Skarmory|65/100
|-boost|p2a: Great Tusk|spe|1
|-sideend|p2: Archerdadon|Stealth Rock|[from] move: Rapid Spin|[of] p2a: Great Tusk
|
|upkeep
|turn|51
|inactive|Witherfan has 120 seconds left.
|
|t:|1779945371
|-end|p2a: Great Tusk|Protosynthesis|[silent]
|switch|p2a: Dondozo|Dondozo, F|100/100
|move|p1a: Skarmory|Roost|p1a: Skarmory
|-heal|p1a: Skarmory|100/100
|-singleturn|p1a: Skarmory|move: Roost
|
|upkeep
|turn|52
|
|t:|1779945377
|move|p1a: Skarmory|Taunt|p2a: Dondozo
|-start|p2a: Dondozo|move: Taunt
|move|p2a: Dondozo|Waterfall|p1a: Skarmory
|-damage|p1a: Skarmory|83/100
|
|upkeep
|turn|53
|
|t:|1779945388
|switch|p1a: Weezing|Weezing-Galar, M, shiny|67/100
|-ability|p1a: Weezing|Neutralizing Gas
|switch|p2a: Great Tusk|Great Tusk|42/100
|
|upkeep
|turn|54
|inactive|Witherfan has 120 seconds left.
|
|t:|1779945418
|move|p2a: Great Tusk|Headlong Rush|p1a: Weezing
|-supereffective|p1a: Weezing
|-crit|p1a: Weezing
|-damage|p1a: Weezing|0 fnt
|-unboost|p2a: Great Tusk|def|1
|-unboost|p2a: Great Tusk|spd|1
|faint|p1a: Weezing
|-end|p1a: Weezing|ability: Neutralizing Gas
|
|upkeep
|inactive|Witherfan has 90 seconds left.
|
|t:|1779945443
|switch|p1a: Ogerpon|Ogerpon, F|100/100
|-damage|p1a: Ogerpon|88/100|[from] Stealth Rock
|turn|55
|
|t:|1779945455
|-end|p2a: Great Tusk|Protosynthesis|[silent]
|switch|p2a: Glimmora|Glimmora, F|21/100
|-terastallize|p1a: Ogerpon|Grass
|detailschange|p1a: Ogerpon|Ogerpon-Teal-Tera, F, tera:Grass
|-ability|p1a: Ogerpon|Embody Aspect (Teal)|boost
|-boost|p1a: Ogerpon|spe|1
|move|p1a: Ogerpon|Ivy Cudgel|p2a: Glimmora
|-crit|p2a: Glimmora
|-damage|p2a: Glimmora|0 fnt
|-activate|p2a: Glimmora|ability: Toxic Debris
|-sidestart|p1: Witherfan|move: Toxic Spikes
|faint|p2a: Glimmora
|
|upkeep
|
|t:|1779945471
|switch|p2a: Dondozo|Dondozo, F|100/100
|turn|56
|
|t:|1779945474
|-terastallize|p2a: Dondozo|Dark
|move|p1a: Ogerpon|Ivy Cudgel|p2a: Dondozo
|-damage|p2a: Dondozo|60/100
|move|p2a: Dondozo|Curse|p2a: Dondozo
|-unboost|p2a: Dondozo|spe|1
|-boost|p2a: Dondozo|atk|1
|-boost|p2a: Dondozo|def|1
|
|-heal|p2a: Dondozo|66/100|[from] item: Leftovers
|upkeep
|turn|57
|
|t:|1779945490
|switch|p1a: Hydreigon|Hydreigon, M, shiny|88/100
|-damage|p1a: Hydreigon|76/100|[from] Stealth Rock
|move|p2a: Dondozo|Rest|p2a: Dondozo
|-status|p2a: Dondozo|slp|[from] move: Rest
|-heal|p2a: Dondozo|100/100 slp|[silent]
|
|upkeep
|turn|58
|
|t:|1779945509
|switch|p2a: Ting-Lu|Ting-Lu|100/100 slp
|-ability|p2a: Ting-Lu|Vessel of Ruin
|move|p1a: Hydreigon|Earth Power|p2a: Ting-Lu
|-damage|p2a: Ting-Lu|81/100 slp
|
|-heal|p2a: Ting-Lu|88/100 slp|[from] item: Leftovers
|upkeep
|turn|59
|
|t:|1779945515
|switch|p1a: Alomomola|Alomomola, M, shiny|52/100
|-damage|p1a: Alomomola|39/100|[from] Stealth Rock
|-status|p1a: Alomomola|psn
|cant|p2a: Ting-Lu|slp
|
|-heal|p2a: Ting-Lu|94/100 slp|[from] item: Leftovers
|-damage|p1a: Alomomola|27/100 psn|[from] psn
|upkeep
|turn|60
|
|t:|1779945523
|switch|p2a: Weezing|Weezing-Galar, F|71/100 brn
|-ability|p2a: Weezing|Neutralizing Gas
|move|p1a: Alomomola|Flip Turn|p2a: Weezing
|-crit|p2a: Weezing
|-damage|p2a: Weezing|51/100 brn
|inactive|Witherfan has 90 seconds left.
|
|t:|1779945561
|switch|p1a: Clodsire|Clodsire, M, shiny|94/100 brn|[from] Flip Turn
|-damage|p1a: Clodsire|88/100 brn|[from] Stealth Rock
|-sideend|p1: Witherfan|move: Toxic Spikes|[of] p1a: Clodsire
|
|-heal|p2a: Weezing|57/100 brn|[from] item: Leftovers
|-damage|p2a: Weezing|51/100 brn|[from] brn
|-damage|p1a: Clodsire|82/100 brn|[from] brn
|upkeep
|turn|61
|inactive|Witherfan has 90 seconds left.
|
|t:|1779945574
|-end|p2a: Weezing|ability: Neutralizing Gas
|switch|p2a: Great Tusk|Great Tusk|42/100
|switch|p1a: Skarmory|Skarmory, M, shiny|83/100
|-damage|p1a: Skarmory|70/100|[from] Stealth Rock
|
|upkeep
|turn|62
|
|t:|1779945583
|move|p2a: Great Tusk|Temper Flare|p1a: Skarmory
|-supereffective|p1a: Skarmory
|-damage|p1a: Skarmory|41/100
|move|p1a: Skarmory|Body Press|p2a: Great Tusk
|-damage|p2a: Great Tusk|25/100
|
|upkeep
|turn|63
|
|t:|1779945594
|move|p2a: Great Tusk|Temper Flare|p1a: Skarmory
|-supereffective|p1a: Skarmory
|-damage|p1a: Skarmory|10/100
|move|p1a: Skarmory|Body Press|p2a: Great Tusk
|-damage|p2a: Great Tusk|9/100
|
|upkeep
|turn|64
|
|t:|1779945602
|move|p2a: Great Tusk|Ice Spinner|p1a: Skarmory
|-damage|p1a: Skarmory|0 fnt
|faint|p1a: Skarmory
|
|upkeep
|inactive|Witherfan has 90 seconds left.
|
|t:|1779945628
|switch|p1a: Ogerpon|Ogerpon-Teal-Tera, F, tera:Grass|88/100
|-damage|p1a: Ogerpon|76/100|[from] Stealth Rock
|-ability|p1a: Ogerpon|Embody Aspect (Teal)|boost
|-boost|p1a: Ogerpon|spe|1
|turn|65
|inactive|Witherfan has 90 seconds left.
|
|t:|1779945635
|move|p1a: Ogerpon|Knock Off|p2a: Great Tusk
|-resisted|p2a: Great Tusk
|-damage|p2a: Great Tusk|0 fnt
|-enditem|p2a: Great Tusk|Heavy-Duty Boots|[from] move: Knock Off|[of] p1a: Ogerpon
|faint|p2a: Great Tusk
|-end|p2a: Great Tusk|Protosynthesis|[silent]
|
|upkeep
|
|t:|1779945639
|switch|p2a: Weezing|Weezing-Galar, F|51/100 brn
|-ability|p2a: Weezing|Neutralizing Gas
|turn|66
|
|t:|1779945646
|switch|p1a: Clodsire|Clodsire, M, shiny|82/100 brn
|-damage|p1a: Clodsire|76/100 brn|[from] Stealth Rock
|move|p2a: Weezing|Will-O-Wisp|p1a: Clodsire
|-fail|p1a: Clodsire|brn
|
|-heal|p2a: Weezing|57/100 brn|[from] item: Leftovers
|-damage|p2a: Weezing|51/100 brn|[from] brn
|-damage|p1a: Clodsire|70/100 brn|[from] brn
|upkeep
|turn|67
|inactive|Witherfan has 90 seconds left.
|
|t:|1779945671
|-end|p2a: Weezing|ability: Neutralizing Gas
|switch|p2a: Scizor|Scizor, M|50/100
|switch|p1a: Ogerpon|Ogerpon-Teal-Tera, F, tera:Grass|76/100
|-damage|p1a: Ogerpon|64/100|[from] Stealth Rock
|-ability|p1a: Ogerpon|Embody Aspect (Teal)|boost
|-boost|p1a: Ogerpon|spe|1
|
|upkeep
|turn|68
|inactive|Witherfan has 90 seconds left.
|
|t:|1779945680
|switch|p1a: Alomomola|Alomomola, M, shiny|27/100 psn
|-damage|p1a: Alomomola|15/100 psn|[from] Stealth Rock
|move|p2a: Scizor|U-turn|p1a: Alomomola
|-damage|p1a: Alomomola|0 fnt
|faint|p1a: Alomomola
|
|t:|1779945689
|switch|p2a: Weezing|Weezing-Galar, F|51/100 brn|[from] U-turn
|-ability|p2a: Weezing|Neutralizing Gas
|
|-heal|p2a: Weezing|57/100 brn|[from] item: Leftovers
|-damage|p2a: Weezing|51/100 brn|[from] brn
|upkeep
|
|t:|1779945697
|switch|p1a: Hydreigon|Hydreigon, M, shiny|76/100
|-damage|p1a: Hydreigon|64/100|[from] Stealth Rock
|turn|69
|
|t:|1779945701
|move|p1a: Hydreigon|Flash Cannon|p2a: Weezing
|-supereffective|p2a: Weezing
|-damage|p2a: Weezing|0 fnt
|faint|p2a: Weezing
|-end|p2a: Weezing|ability: Neutralizing Gas
|
|upkeep
|
|t:|1779945705
|switch|p2a: Scizor|Scizor, M|50/100
|turn|70
|
|t:|1779945719
|move|p1a: Hydreigon|Flash Cannon|p2a: Scizor
|-resisted|p2a: Scizor
|-damage|p2a: Scizor|25/100
|move|p2a: Scizor|U-turn|p1a: Hydreigon
|-supereffective|p1a: Hydreigon
|-damage|p1a: Hydreigon|0 fnt
|faint|p1a: Hydreigon
|
|t:|1779945730
|switch|p2a: Ting-Lu|Ting-Lu|94/100 slp|[from] U-turn
|-ability|p2a: Ting-Lu|Vessel of Ruin
|
|-heal|p2a: Ting-Lu|99/100 slp|[from] item: Leftovers
|upkeep
|
|t:|1779945735
|switch|p1a: Ogerpon|Ogerpon-Teal-Tera, F, tera:Grass|64/100
|-damage|p1a: Ogerpon|51/100|[from] Stealth Rock
|-ability|p1a: Ogerpon|Embody Aspect (Teal)|boost
|-boost|p1a: Ogerpon|spe|1
|turn|71
|
|t:|1779945739
|move|p1a: Ogerpon|Ivy Cudgel|p2a: Ting-Lu
|-supereffective|p2a: Ting-Lu
|-damage|p2a: Ting-Lu|0 fnt
|faint|p2a: Ting-Lu
|
|upkeep
|
|t:|1779945741
|switch|p2a: Dondozo|Dondozo, F, tera:Dark|100/100 slp
|turn|72
|
|t:|1779945745
|move|p1a: Ogerpon|Ivy Cudgel|p2a: Dondozo
|-damage|p2a: Dondozo|57/100 slp
|cant|p2a: Dondozo|slp
|move|p2a: Dondozo|Sleep Talk|p2a: Dondozo
|move|p2a: Dondozo|Waterfall|p1a: Ogerpon|[from] move: Sleep Talk
|-resisted|p1a: Ogerpon
|-damage|p1a: Ogerpon|32/100
|
|-heal|p2a: Dondozo|63/100 slp|[from] item: Leftovers
|upkeep
|turn|73
|
|t:|1779945749
|move|p1a: Ogerpon|Ivy Cudgel|p2a: Dondozo
|-damage|p2a: Dondozo|19/100 slp
|cant|p2a: Dondozo|slp
|move|p2a: Dondozo|Sleep Talk|p2a: Dondozo
|move|p2a: Dondozo|Curse|p2a: Dondozo|[from] move: Sleep Talk
|-unboost|p2a: Dondozo|spe|1
|-boost|p2a: Dondozo|atk|1
|-boost|p2a: Dondozo|def|1
|
|-heal|p2a: Dondozo|25/100 slp|[from] item: Leftovers
|upkeep
|turn|74
|
|t:|1779945756
|move|p1a: Ogerpon|Ivy Cudgel|p2a: Dondozo
|-crit|p2a: Dondozo
|-damage|p2a: Dondozo|0 fnt
|faint|p2a: Dondozo
|
|upkeep
|
|t:|1779945758
|switch|p2a: Scizor|Scizor, M|25/100
|turn|75
|
|t:|1779945764
|move|p2a: Scizor|Bullet Punch|p1a: Ogerpon
|-damage|p1a: Ogerpon|0 fnt
|faint|p1a: Ogerpon
|detailschange|p1: Ogerpon|Ogerpon, F|[silent]
|
|upkeep
|
|t:|1779945766
|switch|p1a: Clodsire|Clodsire, M, shiny|70/100 brn
|-damage|p1a: Clodsire|64/100 brn|[from] Stealth Rock
|turn|76
|
|t:|1779945794
|move|p2a: Scizor|Bullet Punch|p1a: Clodsire
|-damage|p1a: Clodsire|11/100 brn
|move|p1a: Clodsire|Earthquake|p2a: Scizor
|-damage|p2a: Scizor|12/100
|
|-damage|p1a: Clodsire|5/100 brn|[from] brn
|upkeep
|turn|77
|
|t:|1779945799
|move|p2a: Scizor|Bullet Punch|p1a: Clodsire
|-crit|p1a: Clodsire
|-damage|p1a: Clodsire|0 fnt
|faint|p1a: Clodsire
|
|win|Archerdadon
|raw|Witherfan's rating: 1485 &rarr; <strong>1471</strong><br />(-14 for losing)
|raw|Archerdadon's rating: 1595 &rarr; <strong>1609</strong><br />(+14 for winning)
|c|☆Witherfan|gg
|c|☆Archerdadon|Woah
|c|☆Archerdadon|gg man wp
|c|☆Archerdadon|that was tough
|c|☆Archerdadon|I was worried at the end
|c|☆Witherfan|opp weezing sucks i just realized
|c|☆Archerdadon|What’s opp?
|c|☆Witherfan|nothing could break it with the tinglu in the back
|c|☆Witherfan|opposing
|c|☆Archerdadon|Ahh gotcha
|c|☆Archerdadon|dude I didn’t even have pain split
|c|☆Archerdadon|I was like why did I change that???
|c|☆Witherfan|the hell was the ev on that actually
|c|☆Archerdadon|Thought it lost me the game
|c|☆Archerdadon|oh it’s specially defensive
|c|☆Witherfan|cuz mine did like nothing with slduge
|c|☆Witherfan|ah
|c|☆Archerdadon|Yeah specially defensive
|c|☆Archerdadon|honestly cuz of its typing a lot of physical mobs don’t do a lot
|c|☆Witherfan|may have been able to break thorugh with oger then sooner
|c|☆Archerdadon|I don’t switch it into something that can hit it hard anyways
|c|☆Archerdadon|unless I’m autopiloting
|c|☆Witherfan|yeah that might actually be the call
|c|☆Archerdadon|i just fought one calm mind mon that made me switch pain split to clear smog then I never fought one again lmao
|c|☆Witherfan|this weezing not been doing too much in any game
|c|☆Witherfan|i just sack most of the time
|c|☆Witherfan|oh unaware clod is good for that
|c|☆Archerdadon|Yeah I mean in general it’s almost just a pesk really
|c|☆Witherfan|beats almost any set up
|c|☆Witherfan|especially on the special side
|c|☆Archerdadon|yeah I can’t really stop calm mind with my team lmao I’m just like kill it fast or rip
|c|☆Witherfan|aight well ggs
|l|☆Witherfan
|player|p1|
|c|☆Archerdadon|yeah got to go too good luck out there!
|l|☆Archerdadon
|player|p2|
