|j|☆capitolg
|j|☆claudechamp
|t:|1779852494
|gametype|singles
|player|p1|capitolg|bellelba|1232
|player|p2|claudechamp|169|1256
|gen|9
|tier|[Gen 9] OU
|rated|
|rule|HP Percentage Mod: HP is shown in percentages
|rule|Endless Battle Clause: Forcing endless battles is banned
|rule|Species Clause: Limit one of each Pokémon
|rule|OHKO Clause: OHKO moves are banned
|rule|Evasion Items Clause: Evasion items are banned
|rule|Evasion Moves Clause: Evasion moves are banned
|rule|Evasion Abilities Clause: Evasion abilities are banned
|rule|Sleep Moves Clause: Sleep-inducing moves are banned
|clearpoke
|poke|p1|Ribombee, M|
|poke|p1|Serperior, M|
|poke|p1|Kingambit, M|
|poke|p1|Skeledirge, F|
|poke|p1|Milotic, F|
|poke|p1|Cinderace, M|
|poke|p2|Gliscor, F|
|poke|p2|Ogerpon, F|
|poke|p2|Walking Wake|
|poke|p2|Blissey, F|
|poke|p2|Corviknight, F|
|poke|p2|Pecharunt|
|teampreview
|c|☆claudechamp|hf
|inactive|Battle timer is ON: inactive players will automatically lose when time's up. (requested by claudechamp)
|
|t:|1779852499
|teamsize|p1|6
|teamsize|p2|6
|start
|switch|p1a: Ribombee|Ribombee, M|100/100
|switch|p2a: Gliscor|Gliscor, F|100/100
|turn|1
|
|t:|1779852504
|move|p1a: Ribombee|Sticky Web|p2a: Gliscor
|-sidestart|p2: claudechamp|move: Sticky Web
|move|p2a: Gliscor|Toxic|p1a: Ribombee
|-status|p1a: Ribombee|tox
|
|-damage|p1a: Ribombee|94/100 tox|[from] psn
|-status|p2a: Gliscor|tox|[from] item: Toxic Orb
|upkeep
|turn|2
|
|t:|1779852506
|move|p1a: Ribombee|Skill Swap|p2a: Gliscor
|-activate|p1a: Ribombee|Skill Swap|Poison Heal|Shield Dust|[of] p2a: Gliscor
|move|p2a: Gliscor|Spikes|p1a: Ribombee
|-sidestart|p1: capitolg|Spikes
|
|-heal|p1a: Ribombee|100/100 tox|[from] ability: Poison Heal
|-damage|p2a: Gliscor|94/100 tox|[from] psn
|upkeep
|turn|3
|
|t:|1779852509
|move|p1a: Ribombee|Moonblast|p2a: Gliscor
|-damage|p2a: Gliscor|62/100 tox
|move|p2a: Gliscor|Spikes|p1a: Ribombee
|-sidestart|p1: capitolg|Spikes
|
|-damage|p2a: Gliscor|50/100 tox|[from] psn
|upkeep
|turn|4
|
|t:|1779852513
|switch|p2a: Blissey|Blissey, F|100/100
|move|p1a: Ribombee|Moonblast|p2a: Blissey
|-damage|p2a: Blissey|87/100
|
|upkeep
|turn|5
|
|t:|1779852518
|move|p1a: Ribombee|Skill Swap|p2a: Blissey
|-activate|p1a: Ribombee|Skill Swap|Natural Cure|Poison Heal|[of] p2a: Blissey
|move|p2a: Blissey|Stealth Rock|p1a: Ribombee
|-sidestart|p1: capitolg|move: Stealth Rock
|
|-damage|p1a: Ribombee|70/100 tox|[from] psn
|upkeep
|turn|6
|
|t:|1779852525
|-curestatus|p1a: Ribombee|tox|[from] ability: Natural Cure|[silent]
|switch|p1a: Cinderace|Cinderace, M|100/100
|move|p2a: Blissey|Seismic Toss|p1a: Cinderace
|-damage|p1a: Cinderace|67/100
|
|upkeep
|turn|7
|
|t:|1779852535
|switch|p2a: Walking Wake|Walking Wake|100/100
|move|p1a: Cinderace|Taunt|p2a: Walking Wake
|-start|p1a: Cinderace|typechange|Dark|[from] ability: Libero
|-start|p2a: Walking Wake|move: Taunt
|
|upkeep
|turn|8
|
|t:|1779852537
|move|p2a: Walking Wake|Surf|p1a: Cinderace
|-damage|p1a: Cinderace|2/100
|move|p1a: Cinderace|Court Change|p1a: Cinderace
|-swapsideconditions
|-activate|p1a: Cinderace|move: Court Change
|
|upkeep
|turn|9
|
|t:|1779852541
|move|p1a: Cinderace|Sucker Punch|p2a: Walking Wake
|-damage|p2a: Walking Wake|60/100
|move|p2a: Walking Wake|Draco Meteor|p1a: Cinderace
|-crit|p1a: Cinderace
|-damage|p1a: Cinderace|0 fnt
|-unboost|p2a: Walking Wake|spa|2
|faint|p1a: Cinderace
|
|-end|p2a: Walking Wake|move: Taunt
|upkeep
|
|t:|1779852547
|switch|p1a: Serperior|Serperior, M|100/100
|-activate|p1a: Serperior|move: Sticky Web
|-boost|p1a: Serperior|spe|1
|turn|10
|
|t:|1779852549
|move|p1a: Serperior|Leaf Storm|p2a: Walking Wake
|-damage|p2a: Walking Wake|8/100
|-boost|p1a: Serperior|spa|2
|move|p2a: Walking Wake|Surf|p1a: Serperior
|-resisted|p1a: Serperior
|-damage|p1a: Serperior|87/100
|
|-heal|p1a: Serperior|93/100|[from] item: Leftovers
|upkeep
|turn|11
|
|t:|1779852553
|-end|p2a: Walking Wake|Protosynthesis|[silent]
|switch|p2a: Corviknight|Corviknight, F|100/100
|-ability|p2a: Corviknight|Pressure
|move|p1a: Serperior|Leaf Storm|p2a: Corviknight
|-resisted|p2a: Corviknight
|-damage|p2a: Corviknight|76/100
|-boost|p1a: Serperior|spa|2
|
|-heal|p1a: Serperior|99/100|[from] item: Leftovers
|upkeep
|turn|12
|
|t:|1779852556
|move|p1a: Serperior|Substitute|p1a: Serperior
|-start|p1a: Serperior|Substitute
|-damage|p1a: Serperior|74/100
|move|p2a: Corviknight|U-turn|p1a: Serperior
|-supereffective|p1a: Serperior
|-end|p1a: Serperior|Substitute
|
|t:|1779852559
|switch|p2a: Pecharunt|Pecharunt|100/100|[from] U-turn
|
|-heal|p1a: Serperior|81/100|[from] item: Leftovers
|upkeep
|turn|13
|
|t:|1779852563
|move|p1a: Serperior|Glare|p2a: Pecharunt
|-status|p2a: Pecharunt|par
|move|p2a: Pecharunt|Malignant Chain|p1a: Serperior
|-supereffective|p1a: Serperior
|-damage|p1a: Serperior|10/100
|
|-heal|p1a: Serperior|17/100|[from] item: Leftovers
|upkeep
|turn|14
|
|t:|1779852569
|move|p1a: Serperior|Leaf Storm|p2a: Pecharunt
|-resisted|p2a: Pecharunt
|-damage|p2a: Pecharunt|33/100 par
|-boost|p1a: Serperior|spa|2
|cant|p2a: Pecharunt|par
|
|-heal|p1a: Serperior|23/100|[from] item: Leftovers
|upkeep
|turn|15
|
|t:|1779852572
|move|p1a: Serperior|Leaf Storm|p2a: Pecharunt
|-resisted|p2a: Pecharunt
|-damage|p2a: Pecharunt|0 fnt
|faint|p2a: Pecharunt
|
|-heal|p1a: Serperior|29/100|[from] item: Leftovers
|upkeep
|
|t:|1779852578
|switch|p2a: Blissey|Blissey, F|87/100
|turn|16
|
|t:|1779852585
|move|p1a: Serperior|Substitute|p1a: Serperior
|-start|p1a: Serperior|Substitute
|-damage|p1a: Serperior|4/100
|move|p2a: Blissey|Seismic Toss|p1a: Serperior
|-end|p1a: Serperior|Substitute
|
|-heal|p1a: Serperior|10/100|[from] item: Leftovers
|upkeep
|turn|17
|
|t:|1779852588
|move|p1a: Serperior|Leaf Storm|p2a: Blissey
|-damage|p2a: Blissey|26/100
|move|p2a: Blissey|Seismic Toss|p1a: Serperior
|-damage|p1a: Serperior|0 fnt
|faint|p1a: Serperior
|
|upkeep
|
|t:|1779852592
|switch|p1a: Skeledirge|Skeledirge, F|100/100
|-item|p1a: Skeledirge|Air Balloon
|turn|18
|
|t:|1779852598
|move|p1a: Skeledirge|Torch Song|p2a: Blissey
|-damage|p2a: Blissey|14/100
|-boost|p1a: Skeledirge|spa|1
|move|p2a: Blissey|Soft-Boiled|p2a: Blissey
|-heal|p2a: Blissey|64/100
|
|upkeep
|turn|19
|
|t:|1779852602
|-terastallize|p2a: Blissey|Dark
|move|p1a: Skeledirge|Torch Song|p2a: Blissey
|-damage|p2a: Blissey|45/100
|-boost|p1a: Skeledirge|spa|1
|move|p2a: Blissey|Soft-Boiled|p2a: Blissey
|-heal|p2a: Blissey|95/100
|
|upkeep
|turn|20
|
|t:|1779852607
|switch|p2a: Gliscor|Gliscor, F|50/100 tox
|-damage|p2a: Gliscor|37/100 tox|[from] Stealth Rock
|move|p1a: Skeledirge|Torch Song|p2a: Gliscor
|-damage|p2a: Gliscor|0 fnt
|-boost|p1a: Skeledirge|spa|1
|faint|p2a: Gliscor
|
|upkeep
|
|t:|1779852614
|switch|p2a: Walking Wake|Walking Wake|8/100
|turn|21
|inactive|capitolg has 120 seconds left.
|inactive|capitolg has 90 seconds left.
|inactive|capitolg has 60 seconds left.
|inactive|capitolg has 30 seconds left.
|inactive|capitolg has 20 seconds left.
|inactive|capitolg has 15 seconds left.
|inactive|capitolg has 10 seconds left.
|inactive|capitolg has 5 seconds left.
|-message|capitolg lost due to inactivity.
|
|win|claudechamp
|raw|capitolg's rating: 1232 &rarr; <strong>1212</strong><br />(-20 for losing)
|raw|claudechamp's rating: 1300 &rarr; <strong>1320</strong><br />(+20 for winning)
|c|☆claudechamp|gg
