|j|☆estoespokemonpapa
|j|☆vietdz
|t:|1779956182
|gametype|singles
|player|p1|estoespokemonpapa|ghetsis-gen5bw|1098
|player|p2|vietdz|266|1089
|gen|9
|tier|[Gen 9] OU
|rated|
|rule|HP Percentage Mod: HP is shown in percentages
|rule|Endless Battle Clause: Forcing endless battles is banned
|rule|Species Clause: Limit one of each Pokémon
|rule|OHKO Clause: OHKO moves are banned
|rule|Evasion Items Clause: Evasion items are banned
|rule|Evasion Moves Clause: Evasion moves are banned
|rule|Evasion Abilities Clause: Evasion abilities are banned
|rule|Sleep Moves Clause: Sleep-inducing moves are banned
|clearpoke
|poke|p1|Dondozo, M|
|poke|p1|Blissey, F|
|poke|p1|Great Tusk|
|poke|p1|Gliscor, M|
|poke|p1|Garganacl, F|
|poke|p1|Gholdengo|
|poke|p2|Cloyster, M|
|poke|p2|Forretress, F|
|poke|p2|Cinderace, M|
|poke|p2|Crawdaunt, F|
|poke|p2|Glimmora, F|
|poke|p2|Garganacl, F|
|teampreview
|
|t:|1779956186
|teamsize|p1|6
|teamsize|p2|6
|start
|switch|p1a: Gliscor|Gliscor, M|100/100
|switch|p2a: Forretress|Forretress, F, shiny|100/100
|turn|1
|
|t:|1779956191
|move|p1a: Gliscor|Spikes|p2a: Forretress
|-sidestart|p2: vietdz|Spikes
|move|p2a: Forretress|Toxic Spikes|p1a: Gliscor
|-sidestart|p1: estoespokemonpapa|move: Toxic Spikes
|
|-status|p1a: Gliscor|tox|[from] item: Toxic Orb
|upkeep
|turn|2
|
|t:|1779956198
|move|p1a: Gliscor|Spikes|p2a: Forretress
|-sidestart|p2: vietdz|Spikes
|move|p2a: Forretress|Iron Defense|p2a: Forretress
|-boost|p2a: Forretress|def|2
|
|upkeep
|turn|3
|
|t:|1779956206
|move|p1a: Gliscor|Spikes|p2a: Forretress
|-sidestart|p2: vietdz|Spikes
|move|p2a: Forretress|Toxic Spikes|p1a: Gliscor
|-sidestart|p1: estoespokemonpapa|move: Toxic Spikes
|
|upkeep
|turn|4
|
|t:|1779956210
|move|p1a: Gliscor|Earthquake|p2a: Forretress
|-damage|p2a: Forretress|91/100
|move|p2a: Forretress|Spikes|p1a: Gliscor
|-sidestart|p1: estoespokemonpapa|Spikes
|
|-heal|p2a: Forretress|97/100|[from] item: Leftovers
|upkeep
|turn|5
|
|t:|1779956217
|switch|p1a: Great Tusk|Great Tusk|100/100
|-status|p1a: Great Tusk|tox
|-damage|p1a: Great Tusk|88/100 tox|[from] Spikes
|move|p2a: Forretress|Spikes|p1a: Great Tusk
|-sidestart|p1: estoespokemonpapa|Spikes
|
|-heal|p1a: Great Tusk|94/100 tox|[from] item: Leftovers
|-heal|p2a: Forretress|100/100|[from] item: Leftovers
|-damage|p1a: Great Tusk|88/100 tox|[from] psn
|upkeep
|turn|6
|
|t:|1779956223
|move|p1a: Great Tusk|Rapid Spin|p2a: Forretress
|-resisted|p2a: Forretress
|-damage|p2a: Forretress|98/100
|-boost|p1a: Great Tusk|spe|1
|-sideend|p1: estoespokemonpapa|Spikes|[from] move: Rapid Spin|[of] p1a: Great Tusk
|-sideend|p1: estoespokemonpapa|Toxic Spikes|[from] move: Rapid Spin|[of] p1a: Great Tusk
|move|p2a: Forretress|Spikes|p1a: Great Tusk
|-sidestart|p1: estoespokemonpapa|Spikes
|
|-heal|p1a: Great Tusk|94/100 tox|[from] item: Leftovers
|-heal|p2a: Forretress|100/100|[from] item: Leftovers
|-damage|p1a: Great Tusk|82/100 tox|[from] psn
|upkeep
|turn|7
|
|t:|1779956230
|move|p1a: Great Tusk|Knock Off|p2a: Forretress
|-damage|p2a: Forretress|93/100
|-enditem|p2a: Forretress|Leftovers|[from] move: Knock Off|[of] p1a: Great Tusk
|move|p2a: Forretress|Iron Defense|p2a: Forretress
|-boost|p2a: Forretress|def|2
|
|-heal|p1a: Great Tusk|88/100 tox|[from] item: Leftovers
|-damage|p1a: Great Tusk|69/100 tox|[from] psn
|upkeep
|turn|8
|
|t:|1779956242
|-end|p1a: Great Tusk|Protosynthesis|[silent]
|switch|p1a: Blissey|Blissey, F|100/100
|move|p2a: Forretress|Iron Defense|p2a: Forretress
|-boost|p2a: Forretress|def|2
|
|upkeep
|turn|9
|
|t:|1779956248
|move|p1a: Blissey|Heal Bell|p1a: Blissey
|-activate|p1a: Blissey|move: Heal Bell
|-curestatus|p1: Great Tusk|tox|[msg]
|-curestatus|p1: Gliscor|tox|[msg]
|move|p2a: Forretress|Toxic Spikes|p1a: Blissey
|-sidestart|p1: estoespokemonpapa|move: Toxic Spikes
|
|upkeep
|turn|10
|
|t:|1779956259
|switch|p1a: Gliscor|Gliscor, M|100/100
|move|p2a: Forretress|Toxic Spikes|p1a: Gliscor
|-sidestart|p1: estoespokemonpapa|move: Toxic Spikes
|
|-status|p1a: Gliscor|tox|[from] item: Toxic Orb
|upkeep
|turn|11
|
|t:|1779956272
|move|p1a: Gliscor|Earthquake|p2a: Forretress
|-damage|p2a: Forretress|89/100
|move|p2a: Forretress|Spikes|p1a: Gliscor
|-sidestart|p1: estoespokemonpapa|Spikes
|
|upkeep
|turn|12
|
|t:|1779956277
|move|p1a: Gliscor|Earthquake|p2a: Forretress
|-damage|p2a: Forretress|84/100
|move|p2a: Forretress|Spikes|p1a: Gliscor
|-sidestart|p1: estoespokemonpapa|Spikes
|
|upkeep
|turn|13
|
|t:|1779956279
|move|p1a: Gliscor|Earthquake|p2a: Forretress
|-damage|p2a: Forretress|80/100
|move|p2a: Forretress|Spikes||[still]
|-fail|p2a: Forretress
|
|upkeep
|turn|14
|
|t:|1779956292
|switch|p1a: Great Tusk|Great Tusk|69/100
|-damage|p1a: Great Tusk|45/100|[from] Spikes
|-status|p1a: Great Tusk|tox
|move|p2a: Forretress|Gyro Ball|p1a: Great Tusk
|-damage|p1a: Great Tusk|37/100 tox
|
|-heal|p1a: Great Tusk|44/100 tox|[from] item: Leftovers
|-damage|p1a: Great Tusk|37/100 tox|[from] psn
|upkeep
|turn|15
|
|t:|1779956305
|move|p1a: Great Tusk|Rapid Spin|p2a: Forretress
|-resisted|p2a: Forretress
|-damage|p2a: Forretress|79/100
|-boost|p1a: Great Tusk|spe|1
|-sideend|p1: estoespokemonpapa|Spikes|[from] move: Rapid Spin|[of] p1a: Great Tusk
|-sideend|p1: estoespokemonpapa|Toxic Spikes|[from] move: Rapid Spin|[of] p1a: Great Tusk
|move|p2a: Forretress|Gyro Ball|p1a: Great Tusk
|-damage|p1a: Great Tusk|26/100 tox
|
|-heal|p1a: Great Tusk|33/100 tox|[from] item: Leftovers
|-damage|p1a: Great Tusk|20/100 tox|[from] psn
|upkeep
|turn|16
|
|t:|1779956312
|-end|p1a: Great Tusk|Protosynthesis|[silent]
|switch|p1a: Gholdengo|Gholdengo|100/100
|-item|p1a: Gholdengo|Air Balloon
|move|p2a: Forretress|Gyro Ball|p1a: Gholdengo
|-resisted|p1a: Gholdengo
|-damage|p1a: Gholdengo|95/100
|-enditem|p1a: Gholdengo|Air Balloon
|
|upkeep
|turn|17
|
|t:|1779956315
|move|p1a: Gholdengo|Nasty Plot|p1a: Gholdengo
|-boost|p1a: Gholdengo|spa|2
|move|p2a: Forretress|Toxic Spikes|p1a: Gholdengo
|-sidestart|p1: estoespokemonpapa|move: Toxic Spikes
|
|upkeep
|turn|18
|
|t:|1779956319
|move|p1a: Gholdengo|Nasty Plot|p1a: Gholdengo
|-boost|p1a: Gholdengo|spa|2
|move|p2a: Forretress|Spikes|p1a: Gholdengo
|-sidestart|p1: estoespokemonpapa|Spikes
|
|upkeep
|turn|19
|
|t:|1779956321
|move|p1a: Gholdengo|Nasty Plot|p1a: Gholdengo
|-boost|p1a: Gholdengo|spa|2
|move|p2a: Forretress|Spikes|p1a: Gholdengo
|-sidestart|p1: estoespokemonpapa|Spikes
|
|upkeep
|turn|20
|
|t:|1779956325
|move|p1a: Gholdengo|Shadow Ball|p2a: Forretress
|-damage|p2a: Forretress|0 fnt
|faint|p2a: Forretress
|
|upkeep
|
|t:|1779956331
|switch|p2a: Cinderace|Cinderace, M, shiny|100/100
|turn|21
|
|t:|1779956339
|-terastallize|p1a: Gholdengo|Flying
|move|p2a: Cinderace|Sucker Punch|p1a: Gholdengo
|-start|p2a: Cinderace|typechange|Dark|[from] ability: Libero
|-damage|p1a: Gholdengo|71/100
|move|p1a: Gholdengo|Shadow Ball|p2a: Cinderace
|-resisted|p2a: Cinderace
|-crit|p2a: Cinderace
|-damage|p2a: Cinderace|0 fnt
|faint|p2a: Cinderace
|
|upkeep
|
|t:|1779956352
|switch|p2a: Glimmora|Glimmora, F, shiny|100/100
|-damage|p2a: Glimmora|75/100|[from] Spikes
|turn|22
|
|t:|1779956356
|move|p2a: Glimmora|Power Gem|p1a: Gholdengo
|-supereffective|p1a: Gholdengo
|-damage|p1a: Gholdengo|0 fnt
|faint|p1a: Gholdengo
|
|upkeep
|
|t:|1779956369
|switch|p1a: Gliscor|Gliscor, M|100/100 tox
|turn|23
|
|t:|1779956377
|move|p2a: Glimmora|Spiky Shield|p2a: Glimmora
|-singleturn|p2a: Glimmora|move: Protect
|move|p1a: Gliscor|Earthquake|p2a: Glimmora
|-activate|p2a: Glimmora|move: Protect
|
|upkeep
|turn|24
|
|t:|1779956385
|move|p2a: Glimmora|Power Gem|p1a: Gliscor
|-crit|p1a: Gliscor
|-damage|p1a: Gliscor|47/100 tox
|move|p1a: Gliscor|Earthquake|p2a: Glimmora
|-supereffective|p2a: Glimmora
|-damage|p2a: Glimmora|0 fnt
|-activate|p2a: Glimmora|ability: Toxic Debris
|-sidestart|p1: estoespokemonpapa|move: Toxic Spikes
|faint|p2a: Glimmora
|
|-heal|p1a: Gliscor|59/100 tox|[from] ability: Poison Heal
|upkeep
|
|t:|1779956391
|switch|p2a: Crawdaunt|Crawdaunt, F, shiny|100/100
|-damage|p2a: Crawdaunt|75/100|[from] Spikes
|turn|25
|
|t:|1779956402
|move|p1a: Gliscor|Toxic|p2a: Crawdaunt
|-status|p2a: Crawdaunt|tox
|move|p2a: Crawdaunt|Crabhammer|p1a: Gliscor
|-supereffective|p1a: Gliscor
|-damage|p1a: Gliscor|0 fnt
|faint|p1a: Gliscor
|
|-damage|p2a: Crawdaunt|70/100 tox|[from] psn
|upkeep
|
|t:|1779956410
|switch|p1a: Blissey|Blissey, F|100/100
|turn|26
|
|t:|1779956418
|move|p2a: Crawdaunt|Knock Off|p1a: Blissey
|-damage|p1a: Blissey|44/100
|-enditem|p1a: Blissey|Heavy-Duty Boots|[from] move: Knock Off|[of] p2a: Crawdaunt
|move|p1a: Blissey|Heal Bell|p1a: Blissey
|-activate|p1a: Blissey|move: Heal Bell
|-curestatus|p1: Great Tusk|tox|[msg]
|
|-damage|p2a: Crawdaunt|58/100 tox|[from] psn
|upkeep
|turn|27
|
|t:|1779956436
|move|p2a: Crawdaunt|Dragon Dance|p2a: Crawdaunt
|-boost|p2a: Crawdaunt|atk|1
|-boost|p2a: Crawdaunt|spe|1
|move|p1a: Blissey|Soft-Boiled|p1a: Blissey
|-heal|p1a: Blissey|94/100
|
|-damage|p2a: Crawdaunt|40/100 tox|[from] psn
|upkeep
|turn|28
|
|t:|1779956442
|move|p2a: Crawdaunt|Dragon Dance|p2a: Crawdaunt
|-boost|p2a: Crawdaunt|atk|1
|-boost|p2a: Crawdaunt|spe|1
|move|p1a: Blissey|Seismic Toss|p2a: Crawdaunt
|-damage|p2a: Crawdaunt|2/100 tox
|
|-damage|p2a: Crawdaunt|0 fnt|[from] psn
|faint|p2a: Crawdaunt
|upkeep
|
|t:|1779956455
|switch|p2a: Garganacl|Garganacl, F, shiny|100/100
|-damage|p2a: Garganacl|75/100|[from] Spikes
|turn|29
|
|t:|1779956460
|move|p1a: Blissey|Seismic Toss|p2a: Garganacl
|-damage|p2a: Garganacl|51/100
|move|p2a: Garganacl|Salt Cure|p1a: Blissey
|-damage|p1a: Blissey|83/100
|-start|p1a: Blissey|Salt Cure
|
|-heal|p2a: Garganacl|57/100|[from] item: Leftovers
|-damage|p1a: Blissey|71/100|[from] Salt Cure
|upkeep
|turn|30
|
|t:|1779956464
|move|p2a: Garganacl|Protect|p2a: Garganacl
|-singleturn|p2a: Garganacl|Protect
|move|p1a: Blissey|Seismic Toss|p2a: Garganacl
|-activate|p2a: Garganacl|move: Protect
|
|-heal|p2a: Garganacl|63/100|[from] item: Leftovers
|-damage|p1a: Blissey|58/100|[from] Salt Cure
|upkeep
|turn|31
|
|t:|1779956469
|move|p1a: Blissey|Seismic Toss|p2a: Garganacl
|-damage|p2a: Garganacl|38/100
|move|p2a: Garganacl|Recover|p2a: Garganacl
|-heal|p2a: Garganacl|88/100
|
|-heal|p2a: Garganacl|95/100|[from] item: Leftovers
|-damage|p1a: Blissey|46/100|[from] Salt Cure
|upkeep
|turn|32
|
|t:|1779956481
|switch|p1a: Dondozo|Dondozo, M|100/100
|move|p2a: Garganacl|Protect||[still]
|-fail|p2a: Garganacl
|
|-heal|p2a: Garganacl|100/100|[from] item: Leftovers
|upkeep
|turn|33
|
|t:|1779956486
|move|p2a: Garganacl|Salt Cure|p1a: Dondozo
|-damage|p1a: Dondozo|95/100
|-start|p1a: Dondozo|Salt Cure
|move|p1a: Dondozo|Wave Crash|p2a: Garganacl
|-supereffective|p2a: Garganacl
|-damage|p2a: Garganacl|58/100
|-damage|p1a: Dondozo|83/100|[from] Recoil
|
|-heal|p2a: Garganacl|65/100|[from] item: Leftovers
|-damage|p1a: Dondozo|58/100|[from] Salt Cure
|upkeep
|turn|34
|
|t:|1779956496
|-terastallize|p2a: Garganacl|Flying
|move|p1a: Dondozo|Wave Crash|p2a: Garganacl
|-damage|p2a: Garganacl|45/100
|-damage|p1a: Dondozo|53/100|[from] Recoil
|move|p2a: Garganacl|Salt Cure|p1a: Dondozo
|-damage|p1a: Dondozo|48/100
|
|-heal|p2a: Garganacl|51/100|[from] item: Leftovers
|-damage|p1a: Dondozo|23/100|[from] Salt Cure
|upkeep
|turn|35
|
|t:|1779956510
|switch|p1a: Great Tusk|Great Tusk|20/100
|-status|p1a: Great Tusk|tox
|-damage|p1a: Great Tusk|3/100 tox|[from] Spikes
|move|p2a: Garganacl|Protect||[still]
|-fail|p2a: Garganacl
|
|-heal|p1a: Great Tusk|10/100 tox|[from] item: Leftovers
|-heal|p2a: Garganacl|57/100|[from] item: Leftovers
|-damage|p1a: Great Tusk|3/100 tox|[from] psn
|upkeep
|turn|36
|
|t:|1779956516
|move|p2a: Garganacl|Protect|p2a: Garganacl
|-singleturn|p2a: Garganacl|Protect
|move|p1a: Great Tusk|Rapid Spin|p2a: Garganacl
|-activate|p2a: Garganacl|move: Protect
|
|-heal|p1a: Great Tusk|10/100 tox|[from] item: Leftovers
|-heal|p2a: Garganacl|64/100|[from] item: Leftovers
|-damage|p1a: Great Tusk|0 fnt|[from] psn
|faint|p1a: Great Tusk
|-end|p1a: Great Tusk|Protosynthesis|[silent]
|upkeep
|
|t:|1779956521
|switch|p1a: Garganacl|Garganacl, F|100/100
|-damage|p1a: Garganacl|84/100|[from] Spikes
|turn|37
|
|t:|1779956529
|move|p1a: Garganacl|Salt Cure|p2a: Garganacl
|-supereffective|p2a: Garganacl
|-damage|p2a: Garganacl|49/100
|-start|p2a: Garganacl|Salt Cure
|move|p2a: Garganacl|Salt Cure|p1a: Garganacl
|-damage|p1a: Garganacl|74/100
|-start|p1a: Garganacl|Salt Cure
|
|-heal|p2a: Garganacl|55/100|[from] item: Leftovers
|-heal|p1a: Garganacl|80/100|[from] item: Leftovers
|-damage|p1a: Garganacl|68/100|[from] Salt Cure
|-damage|p2a: Garganacl|43/100|[from] Salt Cure
|upkeep
|turn|38
|
|t:|1779956535
|move|p1a: Garganacl|Iron Defense|p1a: Garganacl
|-boost|p1a: Garganacl|def|2
|move|p2a: Garganacl|Recover|p2a: Garganacl
|-heal|p2a: Garganacl|93/100
|
|-heal|p1a: Garganacl|74/100|[from] item: Leftovers
|-heal|p2a: Garganacl|99/100|[from] item: Leftovers
|-damage|p2a: Garganacl|86/100|[from] Salt Cure
|-damage|p1a: Garganacl|62/100|[from] Salt Cure
|upkeep
|turn|39
|
|t:|1779956545
|move|p2a: Garganacl|Rock Slide|p1a: Garganacl
|-damage|p1a: Garganacl|53/100
|move|p1a: Garganacl|Iron Defense|p1a: Garganacl
|-boost|p1a: Garganacl|def|2
|
|-heal|p1a: Garganacl|59/100|[from] item: Leftovers
|-heal|p2a: Garganacl|93/100|[from] item: Leftovers
|-damage|p2a: Garganacl|80/100|[from] Salt Cure
|-damage|p1a: Garganacl|47/100|[from] Salt Cure
|upkeep
|turn|40
|
|t:|1779956563
|switch|p2a: Cloyster|Cloyster, M, shiny|100/100
|-damage|p2a: Cloyster|76/100|[from] Spikes
|move|p1a: Garganacl|Recover|p1a: Garganacl
|-heal|p1a: Garganacl|97/100
|
|-heal|p1a: Garganacl|100/100|[from] item: Leftovers
|-damage|p1a: Garganacl|88/100|[from] Salt Cure
|upkeep
|turn|41
|
|t:|1779956569
|move|p2a: Cloyster|Icicle Crash|p1a: Garganacl
|-damage|p1a: Garganacl|80/100
|move|p1a: Garganacl|Salt Cure|p2a: Cloyster
|-supereffective|p2a: Cloyster
|-damage|p2a: Cloyster|50/100
|-start|p2a: Cloyster|Salt Cure
|
|-heal|p1a: Garganacl|86/100|[from] item: Leftovers
|-damage|p2a: Cloyster|25/100|[from] Salt Cure
|-damage|p1a: Garganacl|74/100|[from] Salt Cure
|upkeep
|turn|42
|
|t:|1779956580
|move|p2a: Cloyster|Shell Smash|p2a: Cloyster
|-unboost|p2a: Cloyster|def|1
|-unboost|p2a: Cloyster|spd|1
|-boost|p2a: Cloyster|atk|2
|-boost|p2a: Cloyster|spa|2
|-boost|p2a: Cloyster|spe|2
|move|p1a: Garganacl|Salt Cure|p2a: Cloyster
|-supereffective|p2a: Cloyster
|-damage|p2a: Cloyster|0 fnt
|faint|p2a: Cloyster
|
|-heal|p1a: Garganacl|80/100|[from] item: Leftovers
|-damage|p1a: Garganacl|67/100|[from] Salt Cure
|upkeep
|
|t:|1779956588
|switch|p2a: Garganacl|Garganacl, F, shiny, tera:Flying|80/100
|turn|43
|
|t:|1779956594
|move|p2a: Garganacl|Protect|p2a: Garganacl
|-singleturn|p2a: Garganacl|Protect
|move|p1a: Garganacl|Salt Cure|p2a: Garganacl
|-activate|p2a: Garganacl|move: Protect
|
|-heal|p2a: Garganacl|86/100|[from] item: Leftovers
|-heal|p1a: Garganacl|74/100|[from] item: Leftovers
|-damage|p1a: Garganacl|61/100|[from] Salt Cure
|upkeep
|turn|44
|
|t:|1779956606
|move|p1a: Garganacl|Salt Cure|p2a: Garganacl
|-supereffective|p2a: Garganacl
|-damage|p2a: Garganacl|73/100
|-start|p2a: Garganacl|Salt Cure
|move|p2a: Garganacl|Rock Slide|p1a: Garganacl
|-damage|p1a: Garganacl|54/100
|
|-heal|p2a: Garganacl|79/100|[from] item: Leftovers
|-heal|p1a: Garganacl|61/100|[from] item: Leftovers
|-damage|p2a: Garganacl|66/100|[from] Salt Cure
|-damage|p1a: Garganacl|48/100|[from] Salt Cure
|upkeep
|turn|45
|
|t:|1779956617
|move|p2a: Garganacl|Recover|p2a: Garganacl
|-heal|p2a: Garganacl|100/100
|move|p1a: Garganacl|Recover|p1a: Garganacl
|-heal|p1a: Garganacl|98/100
|
|-heal|p1a: Garganacl|100/100|[from] item: Leftovers
|-damage|p2a: Garganacl|88/100|[from] Salt Cure
|-damage|p1a: Garganacl|88/100|[from] Salt Cure
|upkeep
|turn|46
|
|t:|1779956629
|move|p2a: Garganacl|Rock Slide|p1a: Garganacl|[miss]
|-miss|p2a: Garganacl|p1a: Garganacl
|move|p1a: Garganacl|Salt Cure|p2a: Garganacl
|-supereffective|p2a: Garganacl
|-damage|p2a: Garganacl|73/100
|
|-heal|p1a: Garganacl|94/100|[from] item: Leftovers
|-heal|p2a: Garganacl|79/100|[from] item: Leftovers
|-damage|p1a: Garganacl|82/100|[from] Salt Cure
|-damage|p2a: Garganacl|67/100|[from] Salt Cure
|upkeep
|turn|47
|
|t:|1779956642
|move|p2a: Garganacl|Recover|p2a: Garganacl
|-heal|p2a: Garganacl|100/100
|move|p1a: Garganacl|Iron Defense|p1a: Garganacl
|-boost|p1a: Garganacl|def|2
|
|-heal|p1a: Garganacl|88/100|[from] item: Leftovers
|-damage|p2a: Garganacl|88/100|[from] Salt Cure
|-damage|p1a: Garganacl|76/100|[from] Salt Cure
|upkeep
|turn|48
|
|t:|1779956654
|move|p2a: Garganacl|Rock Slide|p1a: Garganacl
|-damage|p1a: Garganacl|71/100
|move|p1a: Garganacl|Salt Cure|p2a: Garganacl
|-supereffective|p2a: Garganacl
|-crit|p2a: Garganacl
|-damage|p2a: Garganacl|64/100
|
|-heal|p1a: Garganacl|77/100|[from] item: Leftovers
|-heal|p2a: Garganacl|70/100|[from] item: Leftovers
|-damage|p2a: Garganacl|58/100|[from] Salt Cure
|-damage|p1a: Garganacl|64/100|[from] Salt Cure
|upkeep
|turn|49
|
|t:|1779956664
|move|p1a: Garganacl|Salt Cure|p2a: Garganacl
|-supereffective|p2a: Garganacl
|-damage|p2a: Garganacl|42/100
|move|p2a: Garganacl|Salt Cure|p1a: Garganacl
|-damage|p1a: Garganacl|62/100
|
|-heal|p1a: Garganacl|68/100|[from] item: Leftovers
|-heal|p2a: Garganacl|49/100|[from] item: Leftovers
|-damage|p2a: Garganacl|36/100|[from] Salt Cure
|-damage|p1a: Garganacl|56/100|[from] Salt Cure
|upkeep
|turn|50
|c|☆estoespokemonpapa|bro you lose forfait pls
|
|t:|1779956679
|move|p1a: Garganacl|Recover|p1a: Garganacl
|-heal|p1a: Garganacl|100/100
|move|p2a: Garganacl|Recover|p2a: Garganacl
|-heal|p2a: Garganacl|86/100
|
|-heal|p2a: Garganacl|92/100|[from] item: Leftovers
|-damage|p2a: Garganacl|80/100|[from] Salt Cure
|-damage|p1a: Garganacl|88/100|[from] Salt Cure
|upkeep
|turn|51
|
|t:|1779956687
|move|p2a: Garganacl|Protect|p2a: Garganacl
|-singleturn|p2a: Garganacl|Protect
|move|p1a: Garganacl|Salt Cure|p2a: Garganacl
|-activate|p2a: Garganacl|move: Protect
|
|-heal|p2a: Garganacl|86/100|[from] item: Leftovers
|-heal|p1a: Garganacl|94/100|[from] item: Leftovers
|-damage|p2a: Garganacl|74/100|[from] Salt Cure
|-damage|p1a: Garganacl|82/100|[from] Salt Cure
|upkeep
|turn|52
|inactive|Battle timer is ON: inactive players will automatically lose when time's up. (requested by estoespokemonpapa)
|
|t:|1779956735
|move|p2a: Garganacl|Rock Slide|p1a: Garganacl|[miss]
|-miss|p2a: Garganacl|p1a: Garganacl
|move|p1a: Garganacl|Salt Cure|p2a: Garganacl
|-supereffective|p2a: Garganacl
|-damage|p2a: Garganacl|60/100
|
|-heal|p1a: Garganacl|88/100|[from] item: Leftovers
|-heal|p2a: Garganacl|66/100|[from] item: Leftovers
|-damage|p2a: Garganacl|54/100|[from] Salt Cure
|-damage|p1a: Garganacl|76/100|[from] Salt Cure
|upkeep
|turn|53
|
|t:|1779956745
|move|p2a: Garganacl|Recover|p2a: Garganacl
|-heal|p2a: Garganacl|100/100
|move|p1a: Garganacl|Salt Cure|p2a: Garganacl
|-supereffective|p2a: Garganacl
|-damage|p2a: Garganacl|86/100
|
|-heal|p2a: Garganacl|92/100|[from] item: Leftovers
|-heal|p1a: Garganacl|82/100|[from] item: Leftovers
|-damage|p1a: Garganacl|70/100|[from] Salt Cure
|-damage|p2a: Garganacl|79/100|[from] Salt Cure
|upkeep
|turn|54
|-message|vietdz forfeited.
|
|win|estoespokemonpapa
|raw|estoespokemonpapa's rating: 1098 &rarr; <strong>1123</strong><br />(+25 for winning)
|raw|vietdz's rating: 1089 &rarr; <strong>1066</strong><br />(-23 for losing)
|l|☆vietdz
|player|p2|
|l|☆estoespokemonpapa
|player|p1|
