|j|☆yaboynam
|j|☆hieunvt91233
|t:|1779958452
|gametype|singles
|player|p1|yaboynam|ruinmaniac|1076
|player|p2|hieunvt91233|266|1103
|gen|9
|tier|[Gen 9] OU
|rated|
|rule|HP Percentage Mod: HP is shown in percentages
|rule|Endless Battle Clause: Forcing endless battles is banned
|rule|Species Clause: Limit one of each Pokémon
|rule|OHKO Clause: OHKO moves are banned
|rule|Evasion Items Clause: Evasion items are banned
|rule|Evasion Moves Clause: Evasion moves are banned
|rule|Evasion Abilities Clause: Evasion abilities are banned
|rule|Sleep Moves Clause: Sleep-inducing moves are banned
|clearpoke
|poke|p1|Araquanid, F|
|poke|p1|Heracross, M|
|poke|p1|Yanmega, F|
|poke|p1|Vikavolt, F|
|poke|p1|Forretress, F|
|poke|p1|Pelipper, F|
|poke|p2|Scizor, M|
|poke|p2|Meowscarada, F|
|poke|p2|Ambipom, F|
|poke|p2|Heatran, M|
|poke|p2|Alomomola, M|
|poke|p2|Pecharunt|
|teampreview
|
|t:|1779958457
|teamsize|p1|6
|teamsize|p2|6
|start
|switch|p1a: Pelipper|Pelipper, F|100/100
|switch|p2a: Heatran|Heatran, M|100/100
|-item|p2a: Heatran|Air Balloon
|-weather|RainDance|[from] ability: Drizzle|[of] p1a: Pelipper
|turn|1
|
|t:|1779958464
|switch|p2a: Meowscarada|Meowscarada, F|100/100
|move|p1a: Pelipper|Liquidation|p2a: Meowscarada
|-resisted|p2a: Meowscarada
|-damage|p2a: Meowscarada|80/100
|
|-weather|RainDance|[upkeep]
|upkeep
|turn|2
|
|t:|1779958471
|switch|p1a: Araquanid|Araquanid, F, shiny|100/100
|move|p2a: Meowscarada|Flower Trick|p1a: Araquanid
|-start|p2a: Meowscarada|typechange|Grass|[from] ability: Protean
|-crit|p1a: Araquanid
|-damage|p1a: Araquanid|24/100
|-damage|p2a: Meowscarada|71/100|[from] item: Life Orb
|
|-weather|RainDance|[upkeep]
|-heal|p1a: Araquanid|30/100|[from] item: Leftovers
|upkeep
|turn|3
|
|t:|1779958481
|move|p2a: Meowscarada|Flower Trick|p1a: Araquanid
|-crit|p1a: Araquanid
|-damage|p1a: Araquanid|0 fnt
|faint|p1a: Araquanid
|-damage|p2a: Meowscarada|61/100|[from] item: Life Orb
|
|-weather|RainDance|[upkeep]
|upkeep
|
|t:|1779958496
|switch|p1a: Yanmega|Yanmega, F|100/100
|turn|4
|
|t:|1779958501
|move|p2a: Meowscarada|U-turn|p1a: Yanmega
|-resisted|p1a: Yanmega
|-damage|p1a: Yanmega|82/100
|-damage|p2a: Meowscarada|51/100|[from] item: Life Orb
|
|t:|1779958508
|switch|p2a: Ambipom|Ambipom, F|100/100|[from] U-turn
|move|p1a: Yanmega|Swords Dance|p1a: Yanmega
|-boost|p1a: Yanmega|atk|2
|
|-weather|RainDance|[upkeep]
|-ability|p1a: Yanmega|Speed Boost|boost
|-boost|p1a: Yanmega|spe|1
|upkeep
|turn|5
|
|t:|1779958536
|move|p2a: Ambipom|Fake Out|p1a: Yanmega
|-damage|p1a: Yanmega|40/100
|cant|p1a: Yanmega|flinch
|
|-weather|none
|-ability|p1a: Yanmega|Speed Boost|boost
|-boost|p1a: Yanmega|spe|1
|upkeep
|turn|6
|
|t:|1779958547
|move|p1a: Yanmega|Lunge|p2a: Ambipom
|-damage|p2a: Ambipom|0 fnt
|faint|p2a: Ambipom
|
|-ability|p1a: Yanmega|Speed Boost|boost
|-boost|p1a: Yanmega|spe|1
|upkeep
|
|t:|1779958552
|switch|p2a: Scizor|Scizor, M|100/100
|turn|7
|
|t:|1779958558
|-terastallize|p2a: Scizor|Steel
|move|p2a: Scizor|Bullet Punch|p1a: Yanmega
|-damage|p1a: Yanmega|0 fnt
|faint|p1a: Yanmega
|
|upkeep
|
|t:|1779958561
|switch|p1a: Heracross|Heracross, M, shiny|100/100
|turn|8
|
|t:|1779958566
|move|p1a: Heracross|Endure|p1a: Heracross
|-singleturn|p1a: Heracross|move: Endure
|move|p2a: Scizor|Bullet Punch|p1a: Heracross
|-damage|p1a: Heracross|3/100
|-enditem|p1a: Heracross|Salac Berry|[eat]
|-boost|p1a: Heracross|spe|1|[from] item: Salac Berry
|
|upkeep
|turn|9
|
|t:|1779958571
|move|p2a: Scizor|Bullet Punch|p1a: Heracross
|-damage|p1a: Heracross|0 fnt
|faint|p1a: Heracross
|
|upkeep
|
|t:|1779958579
|switch|p1a: Pelipper|Pelipper, F|100/100
|-weather|RainDance|[from] ability: Drizzle|[of] p1a: Pelipper
|turn|10
|
|t:|1779958585
|switch|p2a: Alomomola|Alomomola, M|100/100
|switch|p1a: Forretress|Forretress, F|100/100
|
|-weather|RainDance|[upkeep]
|upkeep
|turn|11
|
|t:|1779958589
|move|p2a: Alomomola|Flip Turn|p1a: Forretress
|-crit|p1a: Forretress
|-damage|p1a: Forretress|79/100
|
|t:|1779958592
|switch|p2a: Heatran|Heatran, M|100/100|[from] Flip Turn
|-item|p2a: Heatran|Air Balloon
|move|p1a: Forretress|Toxic Spikes|p2a: Heatran
|-sidestart|p2: hieunvt91233|move: Toxic Spikes
|
|-weather|RainDance|[upkeep]
|-heal|p1a: Forretress|86/100|[from] item: Leftovers
|upkeep
|turn|12
|
|t:|1779958599
|move|p2a: Heatran|Flamethrower|p1a: Forretress
|-supereffective|p1a: Forretress
|-damage|p1a: Forretress|0 fnt
|faint|p1a: Forretress
|
|-weather|RainDance|[upkeep]
|upkeep
|
|t:|1779958602
|switch|p1a: Pelipper|Pelipper, F|100/100
|turn|13
|
|t:|1779958607
|switch|p2a: Pecharunt|Pecharunt|100/100
|-sideend|p2: hieunvt91233|move: Toxic Spikes|[of] p2a: Pecharunt
|move|p1a: Pelipper|Blizzard|p2a: Pecharunt
|-damage|p2a: Pecharunt|58/100
|
|-weather|RainDance|[upkeep]
|-heal|p2a: Pecharunt|64/100|[from] item: Leftovers
|upkeep
|turn|14
|
|t:|1779958614
|move|p2a: Pecharunt|Toxic|p1a: Pelipper
|-status|p1a: Pelipper|tox
|-start|p1a: Pelipper|confusion|[from] ability: Poison Puppeteer|[of] p2a: Pecharunt
|-activate|p1a: Pelipper|confusion
|move|p1a: Pelipper|Blizzard|p2a: Pecharunt|[miss]
|-miss|p1a: Pelipper|p2a: Pecharunt
|
|-weather|none
|-heal|p2a: Pecharunt|70/100|[from] item: Leftovers
|-damage|p1a: Pelipper|94/100 tox|[from] psn
|upkeep
|turn|15
|
|t:|1779958620
|switch|p1a: Vikavolt|Vikavolt, F, shiny|100/100
|move|p2a: Pecharunt|Substitute|p2a: Pecharunt
|-start|p2a: Pecharunt|Substitute
|-damage|p2a: Pecharunt|45/100
|
|-heal|p2a: Pecharunt|52/100|[from] item: Leftovers
|upkeep
|turn|16
|inactive|Battle timer is ON: inactive players will automatically lose when time's up. (requested by yaboynam)
|
|t:|1779958623
|move|p2a: Pecharunt|Toxic|p1a: Vikavolt
|-status|p1a: Vikavolt|tox
|-start|p1a: Vikavolt|confusion|[from] ability: Poison Puppeteer|[of] p2a: Pecharunt
|-activate|p1a: Vikavolt|confusion
|move|p1a: Vikavolt|Agility|p1a: Vikavolt
|-boost|p1a: Vikavolt|spe|2
|
|-heal|p2a: Pecharunt|58/100|[from] item: Leftovers
|-damage|p1a: Vikavolt|94/100 tox|[from] psn
|upkeep
|turn|17
|
|t:|1779958637
|-activate|p1a: Vikavolt|confusion
|-damage|p1a: Vikavolt|88/100 tox|[from] confusion
|move|p2a: Pecharunt|Recover|p2a: Pecharunt
|-heal|p2a: Pecharunt|100/100
|
|-damage|p1a: Vikavolt|75/100 tox|[from] psn
|upkeep
|turn|18
|
|t:|1779958641
|move|p2a: Pecharunt|Protect|p2a: Pecharunt
|-singleturn|p2a: Pecharunt|Protect
|-activate|p1a: Vikavolt|confusion
|move|p1a: Vikavolt|Flash Cannon|p2a: Pecharunt
|-activate|p2a: Pecharunt|move: Protect
|
|-damage|p1a: Vikavolt|57/100 tox|[from] psn
|upkeep
|turn|19
|
|t:|1779958649
|-activate|p1a: Vikavolt|confusion
|-damage|p1a: Vikavolt|50/100 tox|[from] confusion
|move|p2a: Pecharunt|Substitute|p2a: Pecharunt
|-fail|p2a: Pecharunt|move: Substitute
|
|-damage|p1a: Vikavolt|26/100 tox|[from] psn
|upkeep
|turn|20
|c|☆yaboynam|Hèn vlon
|
|t:|1779958664
|move|p2a: Pecharunt|Protect|p2a: Pecharunt
|-singleturn|p2a: Pecharunt|Protect
|-end|p1a: Vikavolt|confusion
|move|p1a: Vikavolt|Thunderbolt|p2a: Pecharunt
|-activate|p2a: Pecharunt|move: Protect
|
|-damage|p1a: Vikavolt|0 fnt|[from] psn
|faint|p1a: Vikavolt
|upkeep
|
|t:|1779958666
|switch|p1a: Pelipper|Pelipper, F|94/100 tox
|-weather|RainDance|[from] ability: Drizzle|[of] p1a: Pelipper
|turn|21
|c|☆hieunvt91233|đánh ngu chịu đi em =))
|
|t:|1779958688
|-terastallize|p1a: Pelipper|Ground
|move|p2a: Pecharunt|Protect||[still]
|-fail|p2a: Pecharunt
|move|p1a: Pelipper|Blizzard|p2a: Pecharunt
|-end|p2a: Pecharunt|Substitute
|
|-weather|RainDance|[upkeep]
|-damage|p1a: Pelipper|88/100 tox|[from] psn
|upkeep
|turn|22
|
|t:|1779958697
|move|p2a: Pecharunt|Substitute|p2a: Pecharunt
|-start|p2a: Pecharunt|Substitute
|-damage|p2a: Pecharunt|75/100
|move|p1a: Pelipper|Blizzard|p2a: Pecharunt
|-end|p2a: Pecharunt|Substitute
|
|-weather|RainDance|[upkeep]
|-heal|p2a: Pecharunt|82/100|[from] item: Leftovers
|-damage|p1a: Pelipper|76/100 tox|[from] psn
|upkeep
|turn|23
|c|☆hieunvt91233|trời mưa đem theo blizzard ko mang hurri thì trách ai
|
|t:|1779958716
|move|p2a: Pecharunt|Protect|p2a: Pecharunt
|-singleturn|p2a: Pecharunt|Protect
|move|p1a: Pelipper|Blizzard|p2a: Pecharunt
|-activate|p2a: Pecharunt|move: Protect
|
|-weather|RainDance|[upkeep]
|-heal|p2a: Pecharunt|88/100|[from] item: Leftovers
|-damage|p1a: Pelipper|57/100 tox|[from] psn
|upkeep
|turn|24
|c|☆hieunvt91233|não
|c|☆yaboynam|Ngu lol j toxic spam protect lạy bố
|-message|yaboynam forfeited.
|
|win|hieunvt91233
|raw|yaboynam's rating: 1076 &rarr; <strong>1056</strong><br />(-20 for losing)
|raw|hieunvt91233's rating: 1103 &rarr; <strong>1126</strong><br />(+23 for winning)
|l|☆yaboynam
|player|p1|
|c|☆hieunvt91233|ko biết sài mấy con hệ thép né
|c|☆hieunvt91233|ngu học
|l|☆hieunvt91233
|player|p2|
