|j|☆ballred
|j|☆AmygdalanResponse
|t:|1779851817
|gametype|singles
|player|p1|ballred|hoopster|1496
|player|p2|AmygdalanResponse|marshal|1507
|gen|9
|tier|[Gen 9] OU
|rated|
|rule|HP Percentage Mod: HP is shown in percentages
|rule|Endless Battle Clause: Forcing endless battles is banned
|rule|Species Clause: Limit one of each Pokémon
|rule|OHKO Clause: OHKO moves are banned
|rule|Evasion Items Clause: Evasion items are banned
|rule|Evasion Moves Clause: Evasion moves are banned
|rule|Evasion Abilities Clause: Evasion abilities are banned
|rule|Sleep Moves Clause: Sleep-inducing moves are banned
|clearpoke
|poke|p1|Metagross|
|poke|p1|Cinderace, F|
|poke|p1|Hydrapple, F|
|poke|p1|Landorus-Therian, M|
|poke|p1|Raging Bolt|
|poke|p1|Alomomola, M|
|poke|p2|Ribombee, F|
|poke|p2|Manaphy|
|poke|p2|Ceruledge, M|
|poke|p2|Great Tusk|
|poke|p2|Ogerpon-Cornerstone, F|
|poke|p2|Enamorus, F|
|teampreview
|c|☆AmygdalanResponse|gl hf
|j| balenciagaloot
|
|t:|1779851851
|teamsize|p1|6
|teamsize|p2|6
|start
|switch|p1a: Professor X|Metagross, shiny|100/100
|switch|p2a: Ogerpon|Ogerpon-Cornerstone, F|100/100
|turn|1
|inactive|Battle timer is ON: inactive players will automatically lose when time's up. (requested by ballred)
|
|t:|1779851918
|switch|p2a: Manaphy|Manaphy|100/100
|move|p1a: Professor X|Psychic Fangs|p2a: Manaphy
|-damage|p2a: Manaphy|50/100
|
|-heal|p2a: Manaphy|56/100|[from] item: Leftovers
|upkeep
|turn|2
|
|t:|1779851924
|move|p2a: Manaphy|Surf|p1a: Professor X
|-damage|p1a: Professor X|57/100
|move|p1a: Professor X|Knock Off|p2a: Manaphy
|-damage|p2a: Manaphy|20/100
|-enditem|p2a: Manaphy|Leftovers|[from] move: Knock Off|[of] p1a: Professor X
|
|-heal|p1a: Professor X|63/100|[from] item: Leftovers
|upkeep
|turn|3
|
|t:|1779851930
|switch|p1a: Applecrisp|Hydrapple, F|100/100
|move|p2a: Manaphy|Surf|p1a: Applecrisp
|-resisted|p1a: Applecrisp
|-damage|p1a: Applecrisp|95/100
|
|upkeep
|turn|4
|
|t:|1779851932
|move|p2a: Manaphy|Alluring Voice|p1a: Applecrisp
|-supereffective|p1a: Applecrisp
|-damage|p1a: Applecrisp|64/100
|move|p1a: Applecrisp|Giga Drain|p2a: Manaphy
|-supereffective|p2a: Manaphy
|-damage|p2a: Manaphy|0 fnt
|-heal|p1a: Applecrisp|72/100|[from] drain|[of] p2a: Manaphy
|faint|p2a: Manaphy
|
|upkeep
|
|t:|1779851936
|switch|p2a: Ribombee|Ribombee, F|100/100
|turn|5
|
|t:|1779851941
|switch|p1a: Chucharito|Cinderace, F, shiny|100/100
|move|p2a: Ribombee|Sticky Web|p1a: Chucharito
|-sidestart|p1: ballred|move: Sticky Web
|
|upkeep
|turn|6
|
|t:|1779851942
|move|p2a: Ribombee|Stun Spore|p1a: Chucharito
|-status|p1a: Chucharito|par
|move|p1a: Chucharito|Pyro Ball|p2a: Ribombee
|-supereffective|p2a: Ribombee
|-enditem|p2a: Ribombee|Focus Sash
|-damage|p2a: Ribombee|1/100
|
|upkeep
|turn|7
|
|t:|1779851951
|move|p2a: Ribombee|Moonblast|p1a: Chucharito
|-resisted|p1a: Chucharito
|-damage|p1a: Chucharito|71/100 par
|move|p1a: Chucharito|Pyro Ball|p2a: Ribombee
|-supereffective|p2a: Ribombee
|-damage|p2a: Ribombee|0 fnt
|faint|p2a: Ribombee
|
|upkeep
|
|t:|1779851955
|switch|p2a: Ogerpon|Ogerpon-Cornerstone, F|100/100
|turn|8
|
|t:|1779851960
|switch|p1a: Feisimo|Landorus-Therian, M|100/100
|-ability|p1a: Feisimo|Intimidate|boost
|-unboost|p2a: Ogerpon|atk|1
|move|p2a: Ogerpon|Swords Dance|p2a: Ogerpon
|-boost|p2a: Ogerpon|atk|2
|
|upkeep
|turn|9
|
|t:|1779851962
|move|p2a: Ogerpon|Power Whip|p1a: Feisimo|[miss]
|-miss|p2a: Ogerpon|p1a: Feisimo
|move|p1a: Feisimo|U-turn|p2a: Ogerpon
|-supereffective|p2a: Ogerpon
|-damage|p2a: Ogerpon|27/100
|
|t:|1779851965
|switch|p1a: Professor X|Metagross, shiny|63/100|[from] U-turn
|-activate|p1a: Professor X|move: Sticky Web
|-fail|p1a: Professor X|unboost|[from] ability: Clear Body|[of] p1a: Professor X
|
|-heal|p1a: Professor X|69/100|[from] item: Leftovers
|upkeep
|turn|10
|
|t:|1779851968
|move|p1a: Professor X|Bullet Punch|p2a: Ogerpon
|-supereffective|p2a: Ogerpon
|-damage|p2a: Ogerpon|0 fnt
|faint|p2a: Ogerpon
|
|-heal|p1a: Professor X|76/100|[from] item: Leftovers
|upkeep
|
|t:|1779851973
|switch|p2a: Ceruledge|Ceruledge, M|100/100
|-item|p2a: Ceruledge|Air Balloon
|turn|11
|
|t:|1779851981
|move|p2a: Ceruledge|Poltergeist|p1a: Professor X
|-activate|p1a: Professor X|move: Poltergeist|Leftovers
|-supereffective|p1a: Professor X
|-damage|p1a: Professor X|0 fnt
|faint|p1a: Professor X
|
|upkeep
|
|t:|1779851985
|switch|p1a: Feisimo|Landorus-Therian, M|100/100
|-ability|p1a: Feisimo|Intimidate|boost
|-unboost|p2a: Ceruledge|atk|1
|turn|12
|
|t:|1779851989
|move|p1a: Feisimo|Stone Edge|p2a: Ceruledge
|-supereffective|p2a: Ceruledge
|-damage|p2a: Ceruledge|0 fnt
|-enditem|p2a: Ceruledge|Air Balloon
|faint|p2a: Ceruledge
|
|upkeep
|
|t:|1779851992
|switch|p2a: Great Tusk|Great Tusk|100/100
|turn|13
|
|t:|1779851995
|move|p1a: Feisimo|U-turn|p2a: Great Tusk
|-resisted|p2a: Great Tusk
|-damage|p2a: Great Tusk|91/100
|
|t:|1779851997
|switch|p1a: Bubba|Alomomola, M|100/100|[from] U-turn
|-activate|p1a: Bubba|move: Sticky Web
|-unboost|p1a: Bubba|spe|1
|move|p2a: Great Tusk|Ice Spinner|p1a: Bubba
|-resisted|p1a: Bubba
|-crit|p1a: Bubba
|-damage|p1a: Bubba|89/100
|-damage|p2a: Great Tusk|75/100|[from] item: Rocky Helmet|[of] p1a: Bubba
|
|upkeep
|turn|14
|
|t:|1779852000
|-end|p2a: Great Tusk|Protosynthesis|[silent]
|switch|p2a: Enamorus|Enamorus, F|100/100
|move|p1a: Bubba|Scald|p2a: Enamorus
|-damage|p2a: Enamorus|80/100
|
|upkeep
|turn|15
|
|t:|1779852002
|move|p2a: Enamorus|Moonblast|p1a: Bubba
|-damage|p1a: Bubba|0 fnt
|faint|p1a: Bubba
|
|upkeep
|
|t:|1779852007
|switch|p1a: Chucharito|Cinderace, F, shiny|71/100 par
|turn|16
|
|t:|1779852011
|-terastallize|p2a: Enamorus|Fairy
|move|p2a: Enamorus|Moonblast|p1a: Chucharito
|-resisted|p1a: Chucharito
|-damage|p1a: Chucharito|0 fnt
|faint|p1a: Chucharito
|
|upkeep
|
|t:|1779852017
|switch|p1a: Applecrisp|Hydrapple, F|100/100
|-activate|p1a: Applecrisp|move: Sticky Web
|-unboost|p1a: Applecrisp|spe|1
|turn|17
|
|t:|1779852023
|switch|p2a: Great Tusk|Great Tusk|75/100
|-terastallize|p1a: Applecrisp|Fire
|move|p1a: Applecrisp|Giga Drain|p2a: Great Tusk
|-supereffective|p2a: Great Tusk
|-damage|p2a: Great Tusk|0 fnt
|faint|p2a: Great Tusk
|-end|p2a: Great Tusk|Protosynthesis|[silent]
|
|upkeep
|
|t:|1779852026
|switch|p2a: Enamorus|Enamorus, F, tera:Fairy|80/100
|turn|18
|
|t:|1779852031
|switch|p1a: Chernobyl|Raging Bolt|100/100
|-activate|p1a: Chernobyl|move: Sticky Web
|-unboost|p1a: Chernobyl|spe|1
|move|p2a: Enamorus|Moonblast|p1a: Chernobyl
|-supereffective|p1a: Chernobyl
|-damage|p1a: Chernobyl|0 fnt
|faint|p1a: Chernobyl
|-end|p1a: Chernobyl|Protosynthesis|[silent]
|
|upkeep
|
|t:|1779852037
|switch|p1a: Applecrisp|Hydrapple, F, tera:Fire|100/100
|-activate|p1a: Applecrisp|move: Sticky Web
|-unboost|p1a: Applecrisp|spe|1
|turn|19
|
|t:|1779852039
|move|p2a: Enamorus|Moonblast|p1a: Applecrisp
|-resisted|p1a: Applecrisp
|-damage|p1a: Applecrisp|68/100
|move|p1a: Applecrisp|Giga Drain|p2a: Enamorus
|-damage|p2a: Enamorus|23/100
|-heal|p1a: Applecrisp|89/100|[from] drain|[of] p2a: Enamorus
|
|upkeep
|turn|20
|
|t:|1779852043
|move|p2a: Enamorus|Moonblast|p1a: Applecrisp
|-resisted|p1a: Applecrisp
|-damage|p1a: Applecrisp|57/100
|move|p1a: Applecrisp|Giga Drain|p2a: Enamorus
|-damage|p2a: Enamorus|0 fnt
|-heal|p1a: Applecrisp|65/100|[from] drain|[of] p2a: Enamorus
|faint|p2a: Enamorus
|
|win|ballred
|raw|ballred's rating: 1496 &rarr; <strong>1517</strong><br />(+21 for winning)
|raw|AmygdalanResponse's rating: 1507 &rarr; <strong>1486</strong><br />(-21 for losing)
|l|☆ballred
|player|p1|
|c|☆AmygdalanResponse|gg
|l|☆AmygdalanResponse
|player|p2|
|l| balenciagaloot
