|j|☆22dt
|j|☆nwalesu
|t:|1779912663
|gametype|singles
|player|p1|22dt|169|1501
|player|p2|nwalesu|pokemaniac|1516
|gen|9
|tier|[Gen 9] OU
|rated|
|rule|HP Percentage Mod: HP is shown in percentages
|rule|Endless Battle Clause: Forcing endless battles is banned
|rule|Species Clause: Limit one of each Pokémon
|rule|OHKO Clause: OHKO moves are banned
|rule|Evasion Items Clause: Evasion items are banned
|rule|Evasion Moves Clause: Evasion moves are banned
|rule|Evasion Abilities Clause: Evasion abilities are banned
|rule|Sleep Moves Clause: Sleep-inducing moves are banned
|clearpoke
|poke|p1|Regieleki|
|poke|p1|Moltres-Galar|
|poke|p1|Ceruledge, M|
|poke|p1|Torterra, M|
|poke|p1|Ogerpon-Wellspring, F|
|poke|p1|Kyurem|
|poke|p2|Dragapult, M|
|poke|p2|Rotom-Heat|
|poke|p2|Clodsire, F|
|poke|p2|Mandibuzz, F|
|poke|p2|Dragonite, F|
|poke|p2|Iron Valiant|
|teampreview
|inactive|Battle timer is ON: inactive players will automatically lose when time's up. (requested by nwalesu)
|inactive|22dt also wants the timer to be on.
|
|t:|1779912691
|teamsize|p1|6
|teamsize|p2|6
|start
|switch|p1a: Torterra|Torterra, M|100/100
|switch|p2a: Drippy|Dragapult, M|100/100
|turn|1
|
|t:|1779912695
|move|p2a: Drippy|Will-O-Wisp|p1a: Torterra
|-status|p1a: Torterra|brn
|move|p1a: Torterra|Shell Smash|p1a: Torterra
|-unboost|p1a: Torterra|def|1
|-unboost|p1a: Torterra|spd|1
|-boost|p1a: Torterra|atk|2
|-boost|p1a: Torterra|spa|2
|-boost|p1a: Torterra|spe|2
|
|-damage|p1a: Torterra|94/100 brn|[from] brn
|upkeep
|turn|2
|
|t:|1779912701
|move|p1a: Torterra|Earthquake|p2a: Drippy
|-crit|p2a: Drippy
|-damage|p2a: Drippy|13/100
|move|p2a: Drippy|U-turn|p1a: Torterra
|-supereffective|p1a: Torterra
|-damage|p1a: Torterra|31/100 brn
|
|t:|1779912706
|switch|p2a: Dragonite|Dragonite, F|100/100|[from] U-turn
|
|-damage|p1a: Torterra|25/100 brn|[from] brn
|upkeep
|turn|3
|
|t:|1779912709
|move|p2a: Dragonite|Extreme Speed|p1a: Torterra
|-damage|p1a: Torterra|0 fnt
|faint|p1a: Torterra
|
|upkeep
|
|t:|1779912734
|switch|p1a: Kyurem|Kyurem|100/100
|-ability|p1a: Kyurem|Pressure
|turn|4
|
|t:|1779912738
|switch|p2a: Cookie maker|Rotom-Heat|100/100
|move|p1a: Kyurem|Freeze-Dry|p2a: Cookie maker
|-resisted|p2a: Cookie maker
|-damage|p2a: Cookie maker|82/100
|
|upkeep
|turn|5
|
|t:|1779912746
|switch|p1a: Regieleki|Regieleki|100/100
|move|p2a: Cookie maker|Nasty Plot|p2a: Cookie maker
|-boost|p2a: Cookie maker|spa|2
|
|upkeep
|turn|6
|
|t:|1779912752
|move|p1a: Regieleki|Light Screen|p1a: Regieleki
|-sidestart|p1: 22dt|move: Light Screen
|move|p2a: Cookie maker|Overheat|p1a: Regieleki
|-damage|p1a: Regieleki|16/100
|-unboost|p2a: Cookie maker|spa|2
|
|upkeep
|turn|7
|
|t:|1779912766
|switch|p2a: Clodsire|Clodsire, F|100/100
|move|p1a: Regieleki|Reflect|p1a: Regieleki
|-sidestart|p1: 22dt|Reflect
|
|upkeep
|turn|8
|
|t:|1779912776
|switch|p1a: Ceruledge|Ceruledge, M|100/100
|move|p2a: Clodsire|Stealth Rock|p1a: Ceruledge
|-sidestart|p1: 22dt|move: Stealth Rock
|
|upkeep
|turn|9
|
|t:|1779912781
|move|p1a: Ceruledge|Swords Dance|p1a: Ceruledge
|-boost|p1a: Ceruledge|atk|2
|move|p2a: Clodsire|Toxic|p1a: Ceruledge
|-status|p1a: Ceruledge|tox
|
|-damage|p1a: Ceruledge|94/100 tox|[from] psn
|upkeep
|turn|10
|
|t:|1779912788
|switch|p2a: Drippy|Dragapult, M|13/100
|move|p1a: Ceruledge|Poltergeist|p2a: Drippy
|-activate|p2a: Drippy|move: Poltergeist|Heavy-Duty Boots
|-supereffective|p2a: Drippy
|-damage|p2a: Drippy|0 fnt
|faint|p2a: Drippy
|
|-damage|p1a: Ceruledge|82/100 tox|[from] psn
|-sideend|p1: 22dt|move: Light Screen
|upkeep
|
|t:|1779912797
|switch|p2a: Mandibuzz|Mandibuzz, F|100/100
|turn|11
|
|t:|1779912799
|move|p1a: Ceruledge|Bitter Blade|p2a: Mandibuzz
|-damage|p2a: Mandibuzz|47/100
|-heal|p1a: Ceruledge|100/100 tox|[from] drain|[of] p2a: Mandibuzz
|move|p2a: Mandibuzz|Foul Play|p1a: Ceruledge
|-supereffective|p1a: Ceruledge
|-enditem|p1a: Ceruledge|Focus Sash
|-damage|p1a: Ceruledge|1/100 tox
|-ability|p1a: Ceruledge|Weak Armor|boost
|-unboost|p1a: Ceruledge|def|1
|-boost|p1a: Ceruledge|spe|2
|
|-damage|p1a: Ceruledge|0 fnt|[from] psn
|faint|p1a: Ceruledge
|-sideend|p1: 22dt|Reflect
|upkeep
|
|t:|1779912808
|switch|p1a: Regieleki|Regieleki|16/100
|turn|12
|
|t:|1779912814
|move|p1a: Regieleki|Rapid Spin|p2a: Mandibuzz
|-damage|p2a: Mandibuzz|41/100
|-boost|p1a: Regieleki|spe|1
|-sideend|p1: 22dt|Stealth Rock|[from] move: Rapid Spin|[of] p1a: Regieleki
|move|p2a: Mandibuzz|U-turn|p1a: Regieleki
|-damage|p1a: Regieleki|0 fnt
|faint|p1a: Regieleki
|
|t:|1779912824
|switch|p2a: Cookie maker|Rotom-Heat|82/100|[from] U-turn
|
|upkeep
|
|t:|1779912833
|switch|p1a: Ogerpon|Ogerpon-Wellspring, F|100/100
|turn|13
|
|t:|1779912843
|switch|p2a: Clodsire|Clodsire, F|100/100
|move|p1a: Ogerpon|Swords Dance|p1a: Ogerpon
|-boost|p1a: Ogerpon|atk|2
|
|upkeep
|turn|14
|
|t:|1779912851
|move|p1a: Ogerpon|Power Whip|p2a: Clodsire
|-damage|p2a: Clodsire|0 fnt
|faint|p2a: Clodsire
|
|upkeep
|
|t:|1779912858
|switch|p2a: Dragonite|Dragonite, F|100/100
|turn|15
|
|t:|1779912869
|move|p1a: Ogerpon|Ivy Cudgel|p2a: Dragonite|[anim] Ivy Cudgel Water
|-resisted|p2a: Dragonite
|-damage|p2a: Dragonite|68/100
|move|p2a: Dragonite|Dragon Dance|p2a: Dragonite
|-boost|p2a: Dragonite|atk|1
|-boost|p2a: Dragonite|spe|1
|
|upkeep
|turn|16
|
|t:|1779912878
|move|p2a: Dragonite|Dragon Dance|p2a: Dragonite
|-boost|p2a: Dragonite|atk|1
|-boost|p2a: Dragonite|spe|1
|move|p1a: Ogerpon|Ivy Cudgel|p2a: Dragonite|[anim] Ivy Cudgel Water
|-resisted|p2a: Dragonite
|-crit|p2a: Dragonite
|-damage|p2a: Dragonite|0 fnt
|faint|p2a: Dragonite
|
|upkeep
|c|☆22dt|ouch
|
|t:|1779912895
|switch|p2a: Iron Valiant|Iron Valiant|100/100
|-enditem|p2a: Iron Valiant|Booster Energy
|-activate|p2a: Iron Valiant|ability: Quark Drive|[fromitem]
|-start|p2a: Iron Valiant|quarkdrivespe
|turn|17
|c|☆nwalesu|u won on luck but okay
|c|☆nwalesu|gg
|c|☆nwalesu|its part of the game
|-message|nwalesu forfeited.
|
|win|22dt
|raw|22dt's rating: 1501 &rarr; <strong>1522</strong><br />(+21 for winning)
|raw|nwalesu's rating: 1516 &rarr; <strong>1495</strong><br />(-21 for losing)
|l|☆nwalesu
|player|p2|
|c|☆22dt|gg
|l|☆22dt
|player|p1|
