|j|☆sanguchitoo
|j|☆vick69
|t:|1779819945
|gametype|singles
|player|p1|sanguchitoo|hilbert-wonderlauncher|1065
|player|p2|vick69|265|1085
|gen|9
|tier|[Gen 9] OU
|rated|
|rule|HP Percentage Mod: HP is shown in percentages
|rule|Endless Battle Clause: Forcing endless battles is banned
|rule|Species Clause: Limit one of each Pokémon
|rule|OHKO Clause: OHKO moves are banned
|rule|Evasion Items Clause: Evasion items are banned
|rule|Evasion Moves Clause: Evasion moves are banned
|rule|Evasion Abilities Clause: Evasion abilities are banned
|rule|Sleep Moves Clause: Sleep-inducing moves are banned
|clearpoke
|poke|p1|Minior-Orange|
|poke|p1|Araquanid, M|
|poke|p1|Revavroom, F|
|poke|p1|Exeggutor, M|
|poke|p1|Klefki, F|
|poke|p1|Oricorio-Pom-Pom, F|
|poke|p2|Clodsire, M|
|poke|p2|Dondozo, F|
|poke|p2|Gliscor, M|
|poke|p2|Corviknight, M|
|poke|p2|Toxapex, M|
|poke|p2|Blissey, F|
|teampreview
|
|t:|1779819956
|teamsize|p1|6
|teamsize|p2|6
|start
|switch|p1a: Araquanid|Araquanid, M|100/100
|switch|p2a: Clodsire|Clodsire, M|100/100
|turn|1
|
|t:|1779819962
|move|p1a: Araquanid|Liquidation|p2a: Clodsire
|-supereffective|p2a: Clodsire
|-damage|p2a: Clodsire|0 fnt
|faint|p2a: Clodsire
|
|upkeep
|inactive|Battle timer is ON: inactive players will automatically lose when time's up. (requested by sanguchitoo)
|
|t:|1779819985
|switch|p2a: Blissey|Blissey, F|100/100
|turn|2
|
|t:|1779819992
|switch|p2a: Toxapex|Toxapex, M|100/100
|move|p1a: Araquanid|Poison Jab|p2a: Toxapex
|-resisted|p2a: Toxapex
|-damage|p2a: Toxapex|95/100
|
|upkeep
|turn|3
|
|t:|1779820007
|switch|p1a: Revavroom|Revavroom, F|100/100
|move|p2a: Toxapex|Toxic|p1a: Revavroom
|-immune|p1a: Revavroom
|
|upkeep
|turn|4
|
|t:|1779820014
|switch|p2a: Gliscor|Gliscor, M|100/100
|move|p1a: Revavroom|Shift Gear|p1a: Revavroom
|-boost|p1a: Revavroom|spe|2
|-boost|p1a: Revavroom|atk|1
|
|-status|p2a: Gliscor|tox|[from] item: Toxic Orb
|upkeep
|turn|5
|
|t:|1779820028
|move|p1a: Revavroom|Iron Head|p2a: Gliscor
|-damage|p2a: Gliscor|52/100 tox
|move|p2a: Gliscor|Earthquake|p1a: Revavroom
|-supereffective|p1a: Revavroom
|-damage|p1a: Revavroom|0 fnt
|faint|p1a: Revavroom
|
|-heal|p2a: Gliscor|64/100 tox|[from] ability: Poison Heal
|upkeep
|
|t:|1779820039
|switch|p1a: Klefki|Klefki, F|100/100
|turn|6
|
|t:|1779820050
|move|p2a: Gliscor|Protect|p2a: Gliscor
|-singleturn|p2a: Gliscor|Protect
|move|p1a: Klefki|Draining Kiss|p2a: Gliscor
|-activate|p2a: Gliscor|move: Protect
|
|-heal|p2a: Gliscor|77/100 tox|[from] ability: Poison Heal
|upkeep
|turn|7
|
|t:|1779820059
|move|p2a: Gliscor|Spikes|p1a: Klefki
|-sidestart|p1: sanguchitoo|Spikes
|move|p1a: Klefki|Calm Mind|p1a: Klefki
|-boost|p1a: Klefki|spa|1
|-boost|p1a: Klefki|spd|1
|
|-heal|p2a: Gliscor|89/100 tox|[from] ability: Poison Heal
|upkeep
|turn|8
|
|t:|1779820067
|move|p2a: Gliscor|Spikes|p1a: Klefki
|-sidestart|p1: sanguchitoo|Spikes
|move|p1a: Klefki|Calm Mind|p1a: Klefki
|-boost|p1a: Klefki|spa|1
|-boost|p1a: Klefki|spd|1
|
|-heal|p2a: Gliscor|100/100 tox|[from] ability: Poison Heal
|upkeep
|turn|9
|
|t:|1779820074
|move|p2a: Gliscor|Spikes|p1a: Klefki
|-sidestart|p1: sanguchitoo|Spikes
|move|p1a: Klefki|Draining Kiss|p2a: Gliscor
|-damage|p2a: Gliscor|63/100 tox
|-item|p1a: Klefki|Toxic Orb|[from] ability: Magician|[of] p2a: Gliscor
|
|-heal|p2a: Gliscor|75/100 tox|[from] ability: Poison Heal
|upkeep
|turn|10
|
|t:|1779820081
|switch|p2a: Dondozo|Dondozo, F|100/100
|move|p1a: Klefki|Calm Mind|p1a: Klefki
|-boost|p1a: Klefki|spa|1
|-boost|p1a: Klefki|spd|1
|
|upkeep
|turn|11
|
|t:|1779820088
|move|p1a: Klefki|Stored Power|p2a: Dondozo
|-damage|p2a: Dondozo|63/100
|move|p2a: Dondozo|Body Press|p1a: Klefki
|-damage|p1a: Klefki|68/100
|
|upkeep
|turn|12
|
|t:|1779820096
|move|p1a: Klefki|Calm Mind|p1a: Klefki
|-boost|p1a: Klefki|spa|1
|-boost|p1a: Klefki|spd|1
|move|p2a: Dondozo|Rest|p2a: Dondozo
|-status|p2a: Dondozo|slp|[from] move: Rest
|-heal|p2a: Dondozo|100/100 slp|[silent]
|
|upkeep
|turn|13
|
|t:|1779820099
|move|p1a: Klefki|Draining Kiss|p2a: Dondozo
|-damage|p2a: Dondozo|80/100 slp
|-heal|p1a: Klefki|93/100|[from] drain|[of] p2a: Dondozo
|cant|p2a: Dondozo|slp
|move|p2a: Dondozo|Sleep Talk|p2a: Dondozo
|move|p2a: Dondozo|Body Press|p1a: Klefki|[from] move: Sleep Talk
|-damage|p1a: Klefki|61/100
|
|upkeep
|turn|14
|
|t:|1779820111
|move|p1a: Klefki|Calm Mind|p1a: Klefki
|-boost|p1a: Klefki|spa|1
|-boost|p1a: Klefki|spd|1
|cant|p2a: Dondozo|slp
|
|upkeep
|turn|15
|
|t:|1779820116
|move|p1a: Klefki|Stored Power|p2a: Dondozo
|-damage|p2a: Dondozo|26/100 slp
|-curestatus|p2a: Dondozo|slp|[msg]
|move|p2a: Dondozo|Body Press|p1a: Klefki
|-damage|p1a: Klefki|25/100
|
|upkeep
|turn|16
|
|t:|1779820124
|move|p1a: Klefki|Stored Power|p2a: Dondozo
|-damage|p2a: Dondozo|0 fnt
|faint|p2a: Dondozo
|
|upkeep
|
|t:|1779820131
|switch|p2a: Blissey|Blissey, F|100/100
|turn|17
|
|t:|1779820136
|move|p1a: Klefki|Stored Power|p2a: Blissey
|-damage|p2a: Blissey|41/100
|move|p2a: Blissey|Seismic Toss|p1a: Klefki
|-damage|p1a: Klefki|0 fnt
|faint|p1a: Klefki
|
|upkeep
|
|t:|1779820141
|switch|p1a: Oricorio|Oricorio-Pom-Pom, F|100/100
|turn|18
|
|t:|1779820147
|move|p1a: Oricorio|Defog|p2a: Blissey
|-unboost|p2a: Blissey|evasion|1
|-sideend|p1: sanguchitoo|Spikes|[from] move: Defog|[of] p1a: Oricorio
|move|p2a: Blissey|Soft-Boiled|p2a: Blissey
|-heal|p2a: Blissey|91/100
|
|upkeep
|turn|19
|
|t:|1779820154
|move|p1a: Oricorio|Revelation Dance|p2a: Blissey
|-damage|p2a: Blissey|81/100
|move|p2a: Blissey|Calm Mind|p2a: Blissey
|-boost|p2a: Blissey|spa|1
|-boost|p2a: Blissey|spd|1
|
|upkeep
|turn|20
|
|t:|1779820161
|switch|p1a: Exeggutor|Exeggutor, M|100/100
|move|p2a: Blissey|Calm Mind|p2a: Blissey
|-boost|p2a: Blissey|spa|1
|-boost|p2a: Blissey|spd|1
|
|upkeep
|turn|21
|
|t:|1779820164
|move|p2a: Blissey|Shadow Ball|p1a: Exeggutor
|-supereffective|p1a: Exeggutor
|-damage|p1a: Exeggutor|38/100
|-enditem|p1a: Exeggutor|Sitrus Berry|[eat]
|-heal|p1a: Exeggutor|62/100|[from] item: Sitrus Berry
|move|p1a: Exeggutor|Calm Mind|p1a: Exeggutor
|-boost|p1a: Exeggutor|spa|1
|-boost|p1a: Exeggutor|spd|1
|
|-item|p1a: Exeggutor|Sitrus Berry|[from] ability: Harvest
|upkeep
|turn|22
|
|t:|1779820173
|move|p1a: Exeggutor|Calm Mind|p1a: Exeggutor
|-boost|p1a: Exeggutor|spa|1
|-boost|p1a: Exeggutor|spd|1
|move|p2a: Blissey|Calm Mind|p2a: Blissey
|-boost|p2a: Blissey|spa|1
|-boost|p2a: Blissey|spd|1
|
|upkeep
|turn|23
|
|t:|1779820175
|move|p2a: Blissey|Calm Mind|p2a: Blissey
|-boost|p2a: Blissey|spa|1
|-boost|p2a: Blissey|spd|1
|move|p1a: Exeggutor|Calm Mind|p1a: Exeggutor
|-boost|p1a: Exeggutor|spa|1
|-boost|p1a: Exeggutor|spd|1
|
|upkeep
|turn|24
|
|t:|1779820177
|move|p1a: Exeggutor|Calm Mind|p1a: Exeggutor
|-boost|p1a: Exeggutor|spa|1
|-boost|p1a: Exeggutor|spd|1
|move|p2a: Blissey|Calm Mind|p2a: Blissey
|-boost|p2a: Blissey|spa|1
|-boost|p2a: Blissey|spd|1
|
|upkeep
|turn|25
|
|t:|1779820192
|-terastallize|p1a: Exeggutor|Poison
|move|p1a: Exeggutor|Sludge Bomb|p2a: Blissey
|-damage|p2a: Blissey|69/100
|-status|p2a: Blissey|psn
|move|p2a: Blissey|Calm Mind|p2a: Blissey
|-boost|p2a: Blissey|spa|1
|-boost|p2a: Blissey|spd|1
|
|-damage|p2a: Blissey|57/100 psn|[from] psn
|upkeep
|turn|26
|
|t:|1779820199
|move|p1a: Exeggutor|Calm Mind|p1a: Exeggutor
|-boost|p1a: Exeggutor|spa|1
|-boost|p1a: Exeggutor|spd|1
|move|p2a: Blissey|Shadow Ball|p1a: Exeggutor
|-damage|p1a: Exeggutor|44/100
|-unboost|p1a: Exeggutor|spd|1
|-enditem|p1a: Exeggutor|Sitrus Berry|[eat]
|-heal|p1a: Exeggutor|69/100|[from] item: Sitrus Berry
|
|-damage|p2a: Blissey|44/100 psn|[from] psn
|-item|p1a: Exeggutor|Sitrus Berry|[from] ability: Harvest
|upkeep
|turn|27
|
|t:|1779820212
|-curestatus|p2a: Blissey|psn|[from] ability: Natural Cure|[silent]
|switch|p2a: Corviknight|Corviknight, M|100/100
|-ability|p2a: Corviknight|Pressure
|move|p1a: Exeggutor|Calm Mind|p1a: Exeggutor
|-boost|p1a: Exeggutor|spa|1
|-boost|p1a: Exeggutor|spd|1
|
|upkeep
|turn|28
|
|t:|1779820224
|move|p2a: Corviknight|Body Press|p1a: Exeggutor
|-resisted|p1a: Exeggutor
|-damage|p1a: Exeggutor|57/100
|move|p1a: Exeggutor|Stored Power|p2a: Corviknight
|-resisted|p2a: Corviknight
|-damage|p2a: Corviknight|0 fnt
|faint|p2a: Corviknight
|
|upkeep
|
|t:|1779820227
|switch|p2a: Toxapex|Toxapex, M|100/100
|turn|29
|
|t:|1779820230
|move|p1a: Exeggutor|Stored Power|p2a: Toxapex
|-supereffective|p2a: Toxapex
|-damage|p2a: Toxapex|0 fnt
|faint|p2a: Toxapex
|
|upkeep
|
|t:|1779820234
|switch|p2a: Blissey|Blissey, F|44/100
|turn|30
|
|t:|1779820237
|move|p2a: Blissey|Soft-Boiled|p2a: Blissey
|-heal|p2a: Blissey|94/100
|move|p1a: Exeggutor|Stored Power|p2a: Blissey
|-damage|p2a: Blissey|0 fnt
|faint|p2a: Blissey
|
|upkeep
|
|t:|1779820239
|switch|p2a: Gliscor|Gliscor, M|75/100 tox
|turn|31
|
|t:|1779820243
|move|p2a: Gliscor|Protect|p2a: Gliscor
|-singleturn|p2a: Gliscor|Protect
|move|p1a: Exeggutor|Calm Mind|p1a: Exeggutor
|-boost|p1a: Exeggutor|spa|0
|-boost|p1a: Exeggutor|spd|1
|
|-heal|p2a: Gliscor|88/100 tox|[from] ability: Poison Heal
|upkeep
|turn|32
|
|t:|1779820249
|move|p2a: Gliscor|Earthquake|p1a: Exeggutor
|-supereffective|p1a: Exeggutor
|-damage|p1a: Exeggutor|0 fnt
|faint|p1a: Exeggutor
|
|-heal|p2a: Gliscor|99/100 tox|[from] ability: Poison Heal
|upkeep
|
|t:|1779820256
|switch|p1a: Araquanid|Araquanid, M|100/100
|turn|33
|
|t:|1779820263
|move|p2a: Gliscor|Toxic|p1a: Araquanid
|-status|p1a: Araquanid|tox
|move|p1a: Araquanid|Liquidation|p2a: Gliscor
|-supereffective|p2a: Gliscor
|-damage|p2a: Gliscor|3/100 tox
|
|-heal|p2a: Gliscor|16/100 tox|[from] ability: Poison Heal
|-damage|p1a: Araquanid|94/100 tox|[from] psn
|upkeep
|turn|34
|
|t:|1779820268
|move|p2a: Gliscor|Protect|p2a: Gliscor
|-singleturn|p2a: Gliscor|Protect
|move|p1a: Araquanid|Liquidation|p2a: Gliscor
|-activate|p2a: Gliscor|move: Protect
|
|-heal|p1a: Araquanid|100/100 tox|[from] item: Leftovers
|-heal|p2a: Gliscor|28/100 tox|[from] ability: Poison Heal
|-damage|p1a: Araquanid|88/100 tox|[from] psn
|upkeep
|turn|35
|
|t:|1779820271
|move|p2a: Gliscor|Protect||[still]
|-fail|p2a: Gliscor
|move|p1a: Araquanid|Liquidation|p2a: Gliscor
|-supereffective|p2a: Gliscor
|-damage|p2a: Gliscor|0 fnt
|faint|p2a: Gliscor
|
|win|sanguchitoo
|raw|sanguchitoo's rating: 1065 &rarr; <strong>1097</strong><br />(+32 for winning)
|raw|vick69's rating: 1085 &rarr; <strong>1061</strong><br />(-24 for losing)
|l|☆vick69
|player|p2|
|c|☆sanguchitoo|gg
