|j|☆goderockthetrashed
|j|☆cocomendos
|t:|1779958097
|gametype|singles
|player|p1|goderockthetrashed|worker-gen4|1082
|player|p2|cocomendos|falkner|1054
|gen|9
|tier|[Gen 9] OU
|rated|
|rule|HP Percentage Mod: HP is shown in percentages
|rule|Endless Battle Clause: Forcing endless battles is banned
|rule|Species Clause: Limit one of each Pokémon
|rule|OHKO Clause: OHKO moves are banned
|rule|Evasion Items Clause: Evasion items are banned
|rule|Evasion Moves Clause: Evasion moves are banned
|rule|Evasion Abilities Clause: Evasion abilities are banned
|rule|Sleep Moves Clause: Sleep-inducing moves are banned
|clearpoke
|poke|p1|Magnezone|
|poke|p1|Dragapult, M|
|poke|p1|Typhlosion-Hisui, F|
|poke|p1|Registeel|
|poke|p1|Ursaluna, M|
|poke|p1|Primarina, F|
|poke|p2|Skarmory, F|
|poke|p2|Garganacl, M|
|poke|p2|Talonflame, F|
|poke|p2|Poliwrath, M|
|poke|p2|Electrode|
|poke|p2|Froslass, F|
|teampreview
|
|t:|1779958106
|teamsize|p1|6
|teamsize|p2|6
|start
|switch|p1a: Lanza bebes|Dragapult, M|100/100
|switch|p2a: Skarmory|Skarmory, F|100/100
|turn|1
|
|t:|1779958115
|move|p1a: Lanza bebes|Fire Blast|p2a: Skarmory
|-supereffective|p2a: Skarmory
|-damage|p2a: Skarmory|22/100
|move|p2a: Skarmory|Spikes|p1a: Lanza bebes
|-sidestart|p1: goderockthetrashed|Spikes
|
|-heal|p2a: Skarmory|28/100|[from] item: Leftovers
|upkeep
|turn|2
|
|t:|1779958154
|-terastallize|p2a: Skarmory|Ground
|move|p1a: Lanza bebes|Fire Blast|p2a: Skarmory
|-damage|p2a: Skarmory|0 fnt
|faint|p2a: Skarmory
|
|upkeep
|
|t:|1779958162
|switch|p2a: Froslass|Froslass, F|100/100
|turn|3
|
|t:|1779958167
|-terastallize|p1a: Lanza bebes|Fire
|move|p1a: Lanza bebes|Fire Blast|p2a: Froslass|[miss]
|-miss|p1a: Lanza bebes|p2a: Froslass
|move|p2a: Froslass|Destiny Bond|p2a: Froslass
|-singlemove|p2a: Froslass|Destiny Bond
|
|upkeep
|turn|4
|
|t:|1779958193
|move|p1a: Lanza bebes|Fire Blast|p2a: Froslass
|-supereffective|p2a: Froslass
|-damage|p2a: Froslass|0 fnt
|faint|p2a: Froslass
|-activate|p2a: Froslass|move: Destiny Bond
|faint|p1a: Lanza bebes
|
|upkeep
|
|t:|1779958202
|switch|p1a: Bola di metano|Registeel|100/100
|switch|p2a: Garganacl|Garganacl, M, shiny|100/100
|-damage|p1a: Bola di metano|88/100|[from] Spikes
|turn|5
|
|t:|1779958211
|move|p2a: Garganacl|Salt Cure|p1a: Bola di metano
|-resisted|p1a: Bola di metano
|-damage|p1a: Bola di metano|83/100
|-start|p1a: Bola di metano|Salt Cure
|move|p1a: Bola di metano|Heavy Slam|p2a: Garganacl
|-supereffective|p2a: Garganacl
|-damage|p2a: Garganacl|75/100
|
|-heal|p2a: Garganacl|81/100|[from] item: Leftovers
|-damage|p1a: Bola di metano|58/100|[from] Salt Cure
|upkeep
|turn|6
|
|t:|1779958222
|move|p2a: Garganacl|Protect|p2a: Garganacl
|-singleturn|p2a: Garganacl|Protect
|move|p1a: Bola di metano|Earthquake|p2a: Garganacl
|-activate|p2a: Garganacl|move: Protect
|
|-heal|p2a: Garganacl|88/100|[from] item: Leftovers
|-damage|p1a: Bola di metano|33/100|[from] Salt Cure
|upkeep
|turn|7
|
|t:|1779958241
|switch|p2a: Talonflame|Talonflame, F|100/100
|move|p1a: Bola di metano|Earthquake|p2a: Talonflame
|-immune|p2a: Talonflame
|
|-damage|p1a: Bola di metano|8/100|[from] Salt Cure
|upkeep
|turn|8
|
|t:|1779958270
|move|p2a: Talonflame|U-turn|p1a: Bola di metano
|-resisted|p1a: Bola di metano
|-damage|p1a: Bola di metano|0 fnt
|faint|p1a: Bola di metano
|
|t:|1779958277
|switch|p2a: Garganacl|Garganacl, M, shiny|88/100|[from] U-turn
|
|-heal|p2a: Garganacl|94/100|[from] item: Leftovers
|upkeep
|
|t:|1779958286
|switch|p1a: BEAR WITNESS|Ursaluna, M|100/100
|-damage|p1a: BEAR WITNESS|88/100|[from] Spikes
|turn|9
|c|☆goderockthetrashed|hello bear now witness the stall
|
|t:|1779958296
|move|p2a: Garganacl|Salt Cure|p1a: BEAR WITNESS
|-resisted|p1a: BEAR WITNESS
|-damage|p1a: BEAR WITNESS|82/100
|-start|p1a: BEAR WITNESS|Salt Cure
|move|p1a: BEAR WITNESS|Earthquake|p2a: Garganacl
|-supereffective|p2a: Garganacl
|-damage|p2a: Garganacl|0 fnt
|faint|p2a: Garganacl
|
|-damage|p1a: BEAR WITNESS|70/100|[from] Salt Cure
|upkeep
|
|t:|1779958307
|switch|p2a: Poliwrath|Poliwrath, M|100/100
|turn|10
|
|t:|1779958327
|move|p2a: Poliwrath|Encore|p1a: BEAR WITNESS
|-start|p1a: BEAR WITNESS|Encore
|move|p1a: BEAR WITNESS|Earthquake|p2a: Poliwrath
|-damage|p2a: Poliwrath|35/100
|
|-damage|p1a: BEAR WITNESS|58/100|[from] Salt Cure
|upkeep
|turn|11
|
|t:|1779958337
|switch|p2a: Talonflame|Talonflame, F|100/100
|move|p1a: BEAR WITNESS|Earthquake|p2a: Talonflame
|-immune|p2a: Talonflame
|
|-damage|p1a: BEAR WITNESS|45/100|[from] Salt Cure
|upkeep
|turn|12
|
|t:|1779958348
|switch|p1a: ௹௹௹௹௹௹|Primarina, F|100/100
|-damage|p1a: ௹௹௹௹௹௹|88/100|[from] Spikes
|move|p2a: Talonflame|Brave Bird|p1a: ௹௹௹௹௹௹
|-damage|p1a: ௹௹௹௹௹௹|2/100
|-damage|p2a: Talonflame|68/100|[from] Recoil
|
|-heal|p1a: ௹௹௹௹௹௹|8/100|[from] item: Leftovers
|upkeep
|turn|13
|
|t:|1779958360
|move|p2a: Talonflame|Brave Bird|p1a: ௹௹௹௹௹௹
|-damage|p1a: ௹௹௹௹௹௹|0 fnt
|faint|p1a: ௹௹௹௹௹௹
|-damage|p2a: Talonflame|65/100|[from] Recoil
|
|upkeep
|
|t:|1779958367
|switch|p1a: Reparteputazos|Magnezone|100/100
|-damage|p1a: Reparteputazos|88/100|[from] Spikes
|turn|14
|
|t:|1779958376
|switch|p2a: Electrode|Electrode|100/100
|move|p1a: Reparteputazos|Zap Cannon|p2a: Electrode
|-resisted|p2a: Electrode
|-damage|p2a: Electrode|21/100
|
|upkeep
|turn|15
|inactive|Battle timer is ON: inactive players will automatically lose when time's up. (requested by goderockthetrashed)
|
|t:|1779958414
|move|p2a: Electrode|Foul Play|p1a: Reparteputazos
|-damage|p1a: Reparteputazos|76/100
|move|p1a: Reparteputazos|Charge Beam|p2a: Electrode
|-resisted|p2a: Electrode
|-damage|p2a: Electrode|0 fnt
|-boost|p1a: Reparteputazos|spa|1
|faint|p2a: Electrode
|
|upkeep
|
|t:|1779958424
|switch|p2a: Talonflame|Talonflame, F|65/100
|turn|16
|
|t:|1779958429
|move|p2a: Talonflame|Flame Charge|p1a: Reparteputazos
|-supereffective|p1a: Reparteputazos
|-damage|p1a: Reparteputazos|27/100
|-boost|p2a: Talonflame|spe|1
|move|p1a: Reparteputazos|Zap Cannon|p2a: Talonflame
|-supereffective|p2a: Talonflame
|-damage|p2a: Talonflame|0 fnt
|faint|p2a: Talonflame
|
|upkeep
|
|t:|1779958439
|switch|p2a: Poliwrath|Poliwrath, M|35/100
|turn|17
|
|t:|1779958445
|move|p2a: Poliwrath|Waterfall|p1a: Reparteputazos
|-damage|p1a: Reparteputazos|0 fnt
|faint|p1a: Reparteputazos
|
|upkeep
|
|t:|1779958449
|switch|p1a: avernus|Typhlosion-Hisui, F|100/100
|-damage|p1a: avernus|88/100|[from] Spikes
|turn|18
|
|t:|1779958454
|move|p1a: avernus|Extrasensory|p2a: Poliwrath
|-supereffective|p2a: Poliwrath
|-damage|p2a: Poliwrath|0 fnt
|faint|p2a: Poliwrath
|
|win|goderockthetrashed
|raw|goderockthetrashed's rating: 1082 &rarr; <strong>1107</strong><br />(+25 for winning)
|raw|cocomendos's rating: 1054 &rarr; <strong>1037</strong><br />(-17 for losing)
|l|☆cocomendos
|player|p2|
|c|☆goderockthetrashed|gg
|l|☆goderockthetrashed
|player|p1|
