|j|☆Alvarenga150
|j|☆DarkMonoTypeLegend
|t:|1779944758
|gametype|singles
|player|p1|Alvarenga150|ethan|1124
|player|p2|DarkMonoTypeLegend|cyrus|1182
|gen|9
|tier|[Gen 9] OU
|rated|
|rule|HP Percentage Mod: HP is shown in percentages
|rule|Endless Battle Clause: Forcing endless battles is banned
|rule|Species Clause: Limit one of each Pokémon
|rule|OHKO Clause: OHKO moves are banned
|rule|Evasion Items Clause: Evasion items are banned
|rule|Evasion Moves Clause: Evasion moves are banned
|rule|Evasion Abilities Clause: Evasion abilities are banned
|rule|Sleep Moves Clause: Sleep-inducing moves are banned
|clearpoke
|poke|p1|Gliscor, M|
|poke|p1|Iron Valiant|
|poke|p1|Quaquaval, F|
|poke|p1|Ceruledge, M|
|poke|p1|Umbreon, F|
|poke|p1|Pecharunt|
|poke|p2|Zamazenta-*|
|poke|p2|Moltres|
|poke|p2|Landorus-Therian, M|
|poke|p2|Porygon2|
|poke|p2|Dragapult, M|
|poke|p2|Kingambit, F|
|teampreview
|inactive|Battle timer is ON: inactive players will automatically lose when time's up. (requested by DarkMonoTypeLegend)
|
|t:|1779944768
|teamsize|p1|6
|teamsize|p2|6
|start
|switch|p1a: Gliscor|Gliscor, M|100/100
|switch|p2a: Dragapult|Dragapult, M|100/100
|turn|1
|
|t:|1779944780
|move|p2a: Dragapult|Will-O-Wisp|p1a: Gliscor
|-status|p1a: Gliscor|brn
|move|p1a: Gliscor|Toxic|p2a: Dragapult
|-status|p2a: Dragapult|tox
|
|-damage|p2a: Dragapult|95/100 tox|[from] psn
|-damage|p1a: Gliscor|94/100 brn|[from] brn
|upkeep
|turn|2
|
|t:|1779944793
|switch|p2a: Moltres|Moltres|100/100
|move|p1a: Gliscor|Swords Dance|p1a: Gliscor
|-boost|p1a: Gliscor|atk|2
|
|-damage|p1a: Gliscor|88/100 brn|[from] brn
|upkeep
|turn|3
|
|t:|1779944800
|move|p1a: Gliscor|Toxic|p2a: Moltres|[miss]
|-miss|p1a: Gliscor|p2a: Moltres
|move|p2a: Moltres|Overheat|p1a: Gliscor
|-damage|p1a: Gliscor|0 fnt
|-unboost|p2a: Moltres|spa|2
|faint|p1a: Gliscor
|
|upkeep
|
|t:|1779944806
|switch|p1a: Quaquaval|Quaquaval, F|100/100
|turn|4
|
|t:|1779944813
|switch|p2a: Zamazenta|Zamazenta|100/100
|-ability|p2a: Zamazenta|Dauntless Shield|boost
|-boost|p2a: Zamazenta|def|1
|move|p1a: Quaquaval|Aqua Cutter|p2a: Zamazenta
|-damage|p2a: Zamazenta|72/100
|-damage|p1a: Quaquaval|91/100|[from] item: Life Orb
|
|upkeep
|turn|5
|
|t:|1779944820
|move|p2a: Zamazenta|Moonblast|p1a: Quaquaval
|-supereffective|p1a: Quaquaval
|-damage|p1a: Quaquaval|0 fnt
|faint|p1a: Quaquaval
|
|upkeep
|
|t:|1779944834
|switch|p1a: Iron Valiant|Iron Valiant|100/100
|-enditem|p1a: Iron Valiant|Booster Energy
|-activate|p1a: Iron Valiant|ability: Quark Drive|[fromitem]
|-start|p1a: Iron Valiant|quarkdrivespa
|turn|6
|
|t:|1779944839
|-terastallize|p2a: Zamazenta|Fairy
|move|p1a: Iron Valiant|Calm Mind|p1a: Iron Valiant
|-boost|p1a: Iron Valiant|spa|1
|-boost|p1a: Iron Valiant|spd|1
|move|p2a: Zamazenta|Moonblast|p1a: Iron Valiant
|-supereffective|p1a: Iron Valiant
|-damage|p1a: Iron Valiant|0 fnt
|faint|p1a: Iron Valiant
|-end|p1a: Iron Valiant|Quark Drive|[silent]
|
|upkeep
|
|t:|1779944847
|switch|p1a: Ceruledge|Ceruledge, M|100/100
|turn|7
|
|t:|1779944851
|switch|p2a: Landorus|Landorus-Therian, M|100/100
|-ability|p2a: Landorus|Intimidate|boost
|-unboost|p1a: Ceruledge|atk|1
|move|p1a: Ceruledge|Swords Dance|p1a: Ceruledge
|-boost|p1a: Ceruledge|atk|2
|
|upkeep
|turn|8
|
|t:|1779944862
|move|p1a: Ceruledge|Shadow Sneak|p2a: Landorus
|-damage|p2a: Landorus|63/100
|-damage|p1a: Ceruledge|91/100|[from] item: Life Orb
|move|p2a: Landorus|Earthquake|p1a: Ceruledge
|-supereffective|p1a: Ceruledge
|-damage|p1a: Ceruledge|0 fnt
|faint|p1a: Ceruledge
|
|upkeep
|
|t:|1779944870
|switch|p1a: Umbreon|Umbreon, F|100/100
|turn|9
|
|t:|1779944872
|move|p2a: Landorus|Earthquake|p1a: Umbreon
|-damage|p1a: Umbreon|33/100
|move|p1a: Umbreon|Toxic|p2a: Landorus|[miss]
|-miss|p1a: Umbreon|p2a: Landorus
|
|-heal|p1a: Umbreon|39/100|[from] item: Leftovers
|upkeep
|turn|10
|
|t:|1779944877
|move|p2a: Landorus|Earthquake|p1a: Umbreon
|-damage|p1a: Umbreon|0 fnt
|faint|p1a: Umbreon
|
|upkeep
|
|t:|1779944879
|switch|p1a: Pecharunt|Pecharunt|100/100
|turn|11
|
|t:|1779944882
|-terastallize|p1a: Pecharunt|Flying
|move|p1a: Pecharunt|Malignant Chain|p2a: Landorus
|-resisted|p2a: Landorus
|-damage|p2a: Landorus|42/100
|-status|p2a: Landorus|tox
|-start|p2a: Landorus|confusion|[from] ability: Poison Puppeteer|[of] p1a: Pecharunt
|-damage|p1a: Pecharunt|91/100|[from] item: Life Orb
|-activate|p2a: Landorus|confusion
|move|p2a: Landorus|Earthquake|p1a: Pecharunt
|-immune|p1a: Pecharunt
|
|-damage|p2a: Landorus|36/100 tox|[from] psn
|upkeep
|turn|12
|
|t:|1779944892
|switch|p2a: Porygon2|Porygon2|100/100
|-ability|p2a: Porygon2|Download|boost
|-boost|p2a: Porygon2|spa|1
|move|p1a: Pecharunt|Nasty Plot|p1a: Pecharunt
|-boost|p1a: Pecharunt|spa|2
|
|upkeep
|turn|13
|
|t:|1779944898
|move|p1a: Pecharunt|Malignant Chain|p2a: Porygon2
|-damage|p2a: Porygon2|44/100
|-damage|p1a: Pecharunt|81/100|[from] item: Life Orb
|move|p2a: Porygon2|Thunderbolt|p1a: Pecharunt
|-supereffective|p1a: Pecharunt
|-crit|p1a: Pecharunt
|-damage|p1a: Pecharunt|0 fnt
|faint|p1a: Pecharunt
|
|win|DarkMonoTypeLegend
|raw|Alvarenga150's rating: 1124 &rarr; <strong>1103</strong><br />(-21 for losing)
|raw|DarkMonoTypeLegend's rating: 1182 &rarr; <strong>1203</strong><br />(+21 for winning)
|l|☆Alvarenga150
|player|p1|
|l|☆DarkMonoTypeLegend
|player|p2|
