|j|☆Velcrostuck
|j|☆BiggieChed66
|t:|1779940940
|gametype|singles
|player|p1|Velcrostuck|265|1358
|player|p2|BiggieChed66|ghetsis-gen5bw|1326
|gen|9
|tier|[Gen 9] OU
|rated|
|rule|HP Percentage Mod: HP is shown in percentages
|rule|Endless Battle Clause: Forcing endless battles is banned
|rule|Species Clause: Limit one of each Pokémon
|rule|OHKO Clause: OHKO moves are banned
|rule|Evasion Items Clause: Evasion items are banned
|rule|Evasion Moves Clause: Evasion moves are banned
|rule|Evasion Abilities Clause: Evasion abilities are banned
|rule|Sleep Moves Clause: Sleep-inducing moves are banned
|clearpoke
|poke|p1|Lokix, F|
|poke|p1|Pecharunt|
|poke|p1|Ting-Lu|
|poke|p1|Gliscor, F|
|poke|p1|Great Tusk|
|poke|p1|Iron Moth|
|poke|p2|Gholdengo|
|poke|p2|Iron Treads|
|poke|p2|Zamazenta-*|
|poke|p2|Samurott-Hisui, F|
|poke|p2|Garganacl, F|
|poke|p2|Gliscor, F|
|teampreview
|inactive|Battle timer is ON: inactive players will automatically lose when time's up. (requested by Velcrostuck)
|
|t:|1779940943
|teamsize|p1|6
|teamsize|p2|6
|start
|switch|p1a: Gliscor|Gliscor, F, shiny|100/100
|switch|p2a: Iron Treads|Iron Treads|100/100
|-enditem|p2a: Iron Treads|Booster Energy
|-activate|p2a: Iron Treads|ability: Quark Drive|[fromitem]
|-start|p2a: Iron Treads|quarkdrivespe
|turn|1
|
|t:|1779940950
|move|p1a: Gliscor|Protect|p1a: Gliscor
|-singleturn|p1a: Gliscor|Protect
|move|p2a: Iron Treads|Knock Off|p1a: Gliscor
|-activate|p1a: Gliscor|move: Protect
|
|-status|p1a: Gliscor|tox|[from] item: Toxic Orb
|upkeep
|turn|2
|
|t:|1779940958
|move|p2a: Iron Treads|Stealth Rock|p1a: Gliscor
|-sidestart|p1: Velcrostuck|move: Stealth Rock
|move|p1a: Gliscor|Spikes|p2a: Iron Treads
|-sidestart|p2: BiggieChed66|Spikes
|
|upkeep
|turn|3
|
|t:|1779940966
|-end|p2a: Iron Treads|Quark Drive|[silent]
|switch|p2a: Garganacl|Garganacl, F|100/100
|-damage|p2a: Garganacl|88/100|[from] Spikes
|move|p1a: Gliscor|Knock Off|p2a: Garganacl
|-damage|p2a: Garganacl|73/100
|-enditem|p2a: Garganacl|Leftovers|[from] move: Knock Off|[of] p1a: Gliscor
|
|upkeep
|turn|4
|
|t:|1779940973
|-terastallize|p2a: Garganacl|Water
|move|p1a: Gliscor|Spikes|p2a: Garganacl
|-sidestart|p2: BiggieChed66|Spikes
|move|p2a: Garganacl|Curse|p2a: Garganacl
|-unboost|p2a: Garganacl|spe|1
|-boost|p2a: Garganacl|atk|1
|-boost|p2a: Garganacl|def|1
|
|upkeep
|turn|5
|
|t:|1779940981
|move|p1a: Gliscor|Spikes|p2a: Garganacl
|-sidestart|p2: BiggieChed66|Spikes
|move|p2a: Garganacl|Salt Cure|p1a: Gliscor
|-damage|p1a: Gliscor|83/100 tox
|-start|p1a: Gliscor|Salt Cure
|
|-heal|p1a: Gliscor|96/100 tox|[from] ability: Poison Heal
|-damage|p1a: Gliscor|83/100 tox|[from] Salt Cure
|upkeep
|turn|6
|
|t:|1779940990
|switch|p1a: Ting-Lu|Ting-Lu|100/100
|-damage|p1a: Ting-Lu|94/100|[from] Stealth Rock
|-ability|p1a: Ting-Lu|Vessel of Ruin
|move|p2a: Garganacl|Curse|p2a: Garganacl
|-unboost|p2a: Garganacl|spe|1
|-boost|p2a: Garganacl|atk|1
|-boost|p2a: Garganacl|def|1
|
|-heal|p1a: Ting-Lu|100/100|[from] item: Leftovers
|upkeep
|turn|7
|
|t:|1779941000
|move|p1a: Ting-Lu|Stealth Rock|p2a: Garganacl
|-sidestart|p2: BiggieChed66|move: Stealth Rock
|move|p2a: Garganacl|Salt Cure|p1a: Ting-Lu
|-resisted|p1a: Ting-Lu
|-damage|p1a: Ting-Lu|93/100
|-start|p1a: Ting-Lu|Salt Cure
|
|-heal|p1a: Ting-Lu|99/100|[from] item: Leftovers
|-damage|p1a: Ting-Lu|87/100|[from] Salt Cure
|upkeep
|turn|8
|
|t:|1779941010
|move|p2a: Garganacl|Protect|p2a: Garganacl
|-singleturn|p2a: Garganacl|Protect
|move|p1a: Ting-Lu|Whirlwind|p2a: Garganacl
|drag|p2a: Zamazenta|Zamazenta|100/100
|-ability|p2a: Zamazenta|Dauntless Shield|boost
|-boost|p2a: Zamazenta|def|1
|
|-heal|p1a: Ting-Lu|93/100|[from] item: Leftovers
|-damage|p1a: Ting-Lu|81/100|[from] Salt Cure
|upkeep
|turn|9
|
|t:|1779941019
|move|p2a: Zamazenta|Close Combat|p1a: Ting-Lu
|-supereffective|p1a: Ting-Lu
|-damage|p1a: Ting-Lu|15/100
|-unboost|p2a: Zamazenta|def|1
|-unboost|p2a: Zamazenta|spd|1
|move|p1a: Ting-Lu|Whirlwind|p2a: Zamazenta
|drag|p2a: Samurott|Samurott-Hisui, F|100/100
|-damage|p2a: Samurott|76/100|[from] Spikes
|-damage|p2a: Samurott|63/100|[from] Stealth Rock
|
|-heal|p1a: Ting-Lu|22/100|[from] item: Leftovers
|-damage|p1a: Ting-Lu|9/100|[from] Salt Cure
|upkeep
|turn|10
|
|t:|1779941033
|move|p2a: Samurott|Ceaseless Edge|p1a: Ting-Lu
|-resisted|p1a: Ting-Lu
|-damage|p1a: Ting-Lu|0 fnt
|-sidestart|p1: Velcrostuck|Spikes
|faint|p1a: Ting-Lu
|
|upkeep
|
|t:|1779941038
|switch|p1a: Lokix|Lokix, F, shiny|100/100
|turn|11
|
|t:|1779941044
|switch|p2a: Gholdengo|Gholdengo|100/100
|-damage|p2a: Gholdengo|75/100|[from] Spikes
|-damage|p2a: Gholdengo|69/100|[from] Stealth Rock
|move|p1a: Lokix|First Impression|p2a: Gholdengo
|-resisted|p2a: Gholdengo
|-damage|p2a: Gholdengo|44/100
|
|upkeep
|turn|12
|
|t:|1779941054
|move|p1a: Lokix|Sucker Punch|p2a: Gholdengo
|-supereffective|p2a: Gholdengo
|-damage|p2a: Gholdengo|0 fnt
|faint|p2a: Gholdengo
|
|upkeep
|
|t:|1779941062
|switch|p2a: Zamazenta|Zamazenta|100/100
|turn|13
|
|t:|1779941066
|move|p2a: Zamazenta|Heavy Slam|p1a: Lokix
|-damage|p1a: Lokix|41/100
|move|p1a: Lokix|Knock Off|p2a: Zamazenta
|-resisted|p2a: Zamazenta
|-damage|p2a: Zamazenta|56/100
|-enditem|p2a: Zamazenta|Heavy-Duty Boots|[from] move: Knock Off|[of] p1a: Lokix
|
|upkeep
|turn|14
|
|t:|1779941074
|switch|p1a: Pecharunt|Pecharunt|100/100
|move|p2a: Zamazenta|Heavy Slam|p1a: Pecharunt
|-damage|p1a: Pecharunt|83/100
|
|upkeep
|turn|15
|
|t:|1779941079
|move|p2a: Zamazenta|Crunch|p1a: Pecharunt
|-supereffective|p1a: Pecharunt
|-damage|p1a: Pecharunt|59/100
|-unboost|p1a: Pecharunt|def|1
|move|p1a: Pecharunt|Malignant Chain|p2a: Zamazenta
|-damage|p2a: Zamazenta|26/100
|-status|p2a: Zamazenta|tox
|-start|p2a: Zamazenta|confusion|[from] ability: Poison Puppeteer|[of] p1a: Pecharunt
|
|-damage|p2a: Zamazenta|20/100 tox|[from] psn
|upkeep
|turn|16
|
|t:|1779941091
|-activate|p2a: Zamazenta|confusion
|move|p2a: Zamazenta|Crunch|p1a: Pecharunt
|-supereffective|p1a: Pecharunt
|-crit|p1a: Pecharunt
|-damage|p1a: Pecharunt|8/100
|move|p1a: Pecharunt|Recover|p1a: Pecharunt
|-heal|p1a: Pecharunt|58/100
|
|-damage|p2a: Zamazenta|7/100 tox|[from] psn
|upkeep
|turn|17
|
|t:|1779941099
|-activate|p2a: Zamazenta|confusion
|move|p2a: Zamazenta|Crunch|p1a: Pecharunt
|-supereffective|p1a: Pecharunt
|-damage|p1a: Pecharunt|22/100
|move|p1a: Pecharunt|Foul Play|p2a: Zamazenta
|-resisted|p2a: Zamazenta
|-damage|p2a: Zamazenta|0 fnt
|faint|p2a: Zamazenta
|
|upkeep
|
|t:|1779941106
|switch|p2a: Samurott|Samurott-Hisui, F|63/100
|-damage|p2a: Samurott|38/100|[from] Spikes
|-damage|p2a: Samurott|26/100|[from] Stealth Rock
|turn|18
|
|t:|1779941112
|move|p2a: Samurott|Sucker Punch|p1a: Pecharunt
|-supereffective|p1a: Pecharunt
|-damage|p1a: Pecharunt|0 fnt
|faint|p1a: Pecharunt
|
|upkeep
|
|t:|1779941116
|switch|p1a: Lokix|Lokix, F, shiny|41/100
|turn|19
|
|t:|1779941121
|move|p1a: Lokix|First Impression|p2a: Samurott
|-supereffective|p2a: Samurott
|-damage|p2a: Samurott|0 fnt
|faint|p2a: Samurott
|
|upkeep
|
|t:|1779941128
|switch|p2a: Gliscor|Gliscor, F|100/100
|-damage|p2a: Gliscor|88/100|[from] Stealth Rock
|turn|20
|
|t:|1779941131
|move|p1a: Lokix|Knock Off|p2a: Gliscor
|-damage|p2a: Gliscor|50/100
|-enditem|p2a: Gliscor|Toxic Orb|[from] move: Knock Off|[of] p1a: Lokix
|move|p2a: Gliscor|Swords Dance|p2a: Gliscor
|-boost|p2a: Gliscor|atk|2
|
|upkeep
|turn|21
|
|t:|1779941143
|switch|p1a: Gliscor|Gliscor, F, shiny|83/100 tox
|-damage|p1a: Gliscor|71/100 tox|[from] Stealth Rock
|move|p2a: Gliscor|Facade|p1a: Gliscor
|-damage|p1a: Gliscor|48/100 tox
|
|-heal|p1a: Gliscor|60/100 tox|[from] ability: Poison Heal
|upkeep
|turn|22
|-message|BiggieChed66 forfeited.
|
|win|Velcrostuck
|raw|Velcrostuck's rating: 1358 &rarr; <strong>1376</strong><br />(+18 for winning)
|raw|BiggieChed66's rating: 1326 &rarr; <strong>1308</strong><br />(-18 for losing)
|l|☆BiggieChed66
|player|p2|
|l|☆Velcrostuck
|player|p1|
