|j|☆rillastalla
|j|☆glimpseman
|t:|1779852896
|gametype|singles
|player|p1|rillastalla|101|1430
|player|p2|glimpseman|#wcor2025canada|1391
|gen|9
|tier|[Gen 9] OU
|rated|
|rule|HP Percentage Mod: HP is shown in percentages
|rule|Endless Battle Clause: Forcing endless battles is banned
|rule|Species Clause: Limit one of each Pokémon
|rule|OHKO Clause: OHKO moves are banned
|rule|Evasion Items Clause: Evasion items are banned
|rule|Evasion Moves Clause: Evasion moves are banned
|rule|Evasion Abilities Clause: Evasion abilities are banned
|rule|Sleep Moves Clause: Sleep-inducing moves are banned
|clearpoke
|poke|p1|Talonflame, M|
|poke|p1|Kyurem|
|poke|p1|Dondozo, F|
|poke|p1|Cresselia, F|
|poke|p1|Pawmot, F|
|poke|p1|Clodsire, M|
|poke|p2|Gliscor, M|
|poke|p2|Heatran, M|
|poke|p2|Weezing-Galar, M|
|poke|p2|Zamazenta-*|
|poke|p2|Ogerpon, F|
|poke|p2|Samurott-Hisui, M|
|teampreview
|inactive|Battle timer is ON: inactive players will automatically lose when time's up. (requested by glimpseman)
|
|t:|1779852924
|teamsize|p1|6
|teamsize|p2|6
|start
|switch|p1a: Dondozo|Dondozo, F|100/100
|switch|p2a: Gliscor|Gliscor, M|100/100
|turn|1
|
|t:|1779852930
|move|p2a: Gliscor|Toxic|p1a: Dondozo
|-status|p1a: Dondozo|tox
|move|p1a: Dondozo|Ice Fang|p2a: Gliscor
|-supereffective|p2a: Gliscor
|-damage|p2a: Gliscor|51/100
|
|-damage|p1a: Dondozo|94/100 tox|[from] psn
|-status|p2a: Gliscor|tox|[from] item: Toxic Orb
|upkeep
|turn|2
|
|t:|1779852935
|switch|p1a: Kyurem|Kyurem|100/100
|-ability|p1a: Kyurem|Pressure
|move|p2a: Gliscor|U-turn|p1a: Kyurem
|-damage|p1a: Kyurem|88/100
|
|t:|1779852941
|switch|p2a: Heatran|Heatran, M|100/100|[from] U-turn
|-item|p2a: Heatran|Air Balloon
|
|-heal|p1a: Kyurem|95/100|[from] item: Leftovers
|upkeep
|turn|3
|
|t:|1779852951
|move|p1a: Kyurem|Protect|p1a: Kyurem
|-singleturn|p1a: Kyurem|Protect
|move|p2a: Heatran|Stealth Rock|p1a: Kyurem
|-sidestart|p1: rillastalla|move: Stealth Rock
|
|-heal|p1a: Kyurem|100/100|[from] item: Leftovers
|upkeep
|turn|4
|
|t:|1779852956
|-terastallize|p1a: Kyurem|Steel
|move|p1a: Kyurem|Substitute|p1a: Kyurem
|-start|p1a: Kyurem|Substitute
|-damage|p1a: Kyurem|75/100
|move|p2a: Heatran|Magma Storm|p1a: Kyurem
|-supereffective|p1a: Kyurem
|-end|p1a: Kyurem|Substitute
|
|-heal|p1a: Kyurem|82/100|[from] item: Leftovers
|upkeep
|turn|5
|
|t:|1779852958
|move|p1a: Kyurem|Protect|p1a: Kyurem
|-singleturn|p1a: Kyurem|Protect
|move|p2a: Heatran|Earth Power|p1a: Kyurem
|-activate|p1a: Kyurem|move: Protect
|
|-heal|p1a: Kyurem|88/100|[from] item: Leftovers
|upkeep
|turn|6
|
|t:|1779852961
|move|p1a: Kyurem|Substitute|p1a: Kyurem
|-start|p1a: Kyurem|Substitute
|-damage|p1a: Kyurem|63/100
|move|p2a: Heatran|Earth Power|p1a: Kyurem
|-supereffective|p1a: Kyurem
|-end|p1a: Kyurem|Substitute
|
|-heal|p1a: Kyurem|69/100|[from] item: Leftovers
|upkeep
|turn|7
|
|t:|1779852965
|move|p1a: Kyurem|Protect|p1a: Kyurem
|-singleturn|p1a: Kyurem|Protect
|move|p2a: Heatran|Earth Power|p1a: Kyurem
|-activate|p1a: Kyurem|move: Protect
|
|-heal|p1a: Kyurem|75/100|[from] item: Leftovers
|upkeep
|turn|8
|
|t:|1779852967
|move|p1a: Kyurem|Substitute|p1a: Kyurem
|-start|p1a: Kyurem|Substitute
|-damage|p1a: Kyurem|50/100
|move|p2a: Heatran|Earth Power|p1a: Kyurem
|-supereffective|p1a: Kyurem
|-end|p1a: Kyurem|Substitute
|
|-heal|p1a: Kyurem|56/100|[from] item: Leftovers
|upkeep
|turn|9
|
|t:|1779852969
|switch|p2a: Zamazenta|Zamazenta|100/100
|-ability|p2a: Zamazenta|Dauntless Shield|boost
|-boost|p2a: Zamazenta|def|1
|move|p1a: Kyurem|Substitute|p1a: Kyurem
|-start|p1a: Kyurem|Substitute
|-damage|p1a: Kyurem|31/100
|
|-heal|p1a: Kyurem|38/100|[from] item: Leftovers
|upkeep
|turn|10
|
|t:|1779852973
|move|p2a: Zamazenta|Substitute|p2a: Zamazenta
|-start|p2a: Zamazenta|Substitute
|-damage|p2a: Zamazenta|76/100
|move|p1a: Kyurem|Dragon Dance|p1a: Kyurem
|-boost|p1a: Kyurem|atk|1
|-boost|p1a: Kyurem|spe|1
|
|-heal|p1a: Kyurem|44/100|[from] item: Leftovers
|-heal|p2a: Zamazenta|82/100|[from] item: Leftovers
|upkeep
|turn|11
|
|t:|1779852976
|move|p1a: Kyurem|Protect|p1a: Kyurem
|-singleturn|p1a: Kyurem|Protect
|move|p2a: Zamazenta|Body Press|p1a: Kyurem
|-activate|p1a: Kyurem|move: Protect
|
|-heal|p1a: Kyurem|50/100|[from] item: Leftovers
|-heal|p2a: Zamazenta|88/100|[from] item: Leftovers
|upkeep
|turn|12
|
|t:|1779852980
|move|p1a: Kyurem|Protect||[still]
|-fail|p1a: Kyurem
|move|p2a: Zamazenta|Iron Defense|p2a: Zamazenta
|-boost|p2a: Zamazenta|def|2
|
|-heal|p1a: Kyurem|56/100|[from] item: Leftovers
|-heal|p2a: Zamazenta|94/100|[from] item: Leftovers
|upkeep
|turn|13
|
|t:|1779852983
|move|p1a: Kyurem|Protect|p1a: Kyurem
|-singleturn|p1a: Kyurem|Protect
|move|p2a: Zamazenta|Body Press|p1a: Kyurem
|-activate|p1a: Kyurem|move: Protect
|
|-heal|p1a: Kyurem|62/100|[from] item: Leftovers
|-heal|p2a: Zamazenta|100/100|[from] item: Leftovers
|upkeep
|turn|14
|
|t:|1779852987
|move|p1a: Kyurem|Protect|p1a: Kyurem
|-singleturn|p1a: Kyurem|Protect
|move|p2a: Zamazenta|Iron Defense|p2a: Zamazenta
|-boost|p2a: Zamazenta|def|2
|
|-heal|p1a: Kyurem|69/100|[from] item: Leftovers
|upkeep
|turn|15
|
|t:|1779852991
|move|p1a: Kyurem|Dragon Dance|p1a: Kyurem
|-boost|p1a: Kyurem|atk|1
|-boost|p1a: Kyurem|spe|1
|move|p2a: Zamazenta|Body Press|p1a: Kyurem
|-supereffective|p1a: Kyurem
|-end|p1a: Kyurem|Substitute
|
|-heal|p1a: Kyurem|75/100|[from] item: Leftovers
|upkeep
|turn|16
|
|t:|1779852994
|move|p1a: Kyurem|Protect|p1a: Kyurem
|-singleturn|p1a: Kyurem|Protect
|move|p2a: Zamazenta|Iron Defense|p2a: Zamazenta
|-boost|p2a: Zamazenta|def|1
|
|-heal|p1a: Kyurem|81/100|[from] item: Leftovers
|upkeep
|turn|17
|
|t:|1779852996
|move|p1a: Kyurem|Substitute|p1a: Kyurem
|-start|p1a: Kyurem|Substitute
|-damage|p1a: Kyurem|56/100
|move|p2a: Zamazenta|Body Press|p1a: Kyurem
|-supereffective|p1a: Kyurem
|-end|p1a: Kyurem|Substitute
|
|-heal|p1a: Kyurem|62/100|[from] item: Leftovers
|upkeep
|turn|18
|
|t:|1779852998
|move|p1a: Kyurem|Protect|p1a: Kyurem
|-singleturn|p1a: Kyurem|Protect
|move|p2a: Zamazenta|Crunch|p1a: Kyurem
|-activate|p1a: Kyurem|move: Protect
|
|-heal|p1a: Kyurem|68/100|[from] item: Leftovers
|upkeep
|turn|19
|
|t:|1779853000
|move|p1a: Kyurem|Substitute|p1a: Kyurem
|-start|p1a: Kyurem|Substitute
|-damage|p1a: Kyurem|43/100
|move|p2a: Zamazenta|Substitute|p2a: Zamazenta
|-fail|p2a: Zamazenta|move: Substitute
|
|-heal|p1a: Kyurem|50/100|[from] item: Leftovers
|upkeep
|turn|20
|
|t:|1779853002
|move|p1a: Kyurem|Protect|p1a: Kyurem
|-singleturn|p1a: Kyurem|Protect
|move|p2a: Zamazenta|Body Press|p1a: Kyurem
|-activate|p1a: Kyurem|move: Protect
|
|-heal|p1a: Kyurem|56/100|[from] item: Leftovers
|upkeep
|turn|21
|
|t:|1779853003
|move|p1a: Kyurem|Dragon Dance|p1a: Kyurem
|-boost|p1a: Kyurem|atk|1
|-boost|p1a: Kyurem|spe|1
|move|p2a: Zamazenta|Crunch|p1a: Kyurem
|-activate|p1a: Kyurem|move: Substitute|[damage]
|
|-heal|p1a: Kyurem|62/100|[from] item: Leftovers
|upkeep
|turn|22
|
|t:|1779853010
|move|p1a: Kyurem|Dragon Dance|p1a: Kyurem
|-boost|p1a: Kyurem|atk|1
|-boost|p1a: Kyurem|spe|1
|move|p2a: Zamazenta|Iron Defense|p2a: Zamazenta
|-boost|p2a: Zamazenta|def|0
|
|-heal|p1a: Kyurem|68/100|[from] item: Leftovers
|upkeep
|turn|23
|
|t:|1779853012
|move|p1a: Kyurem|Dragon Dance|p1a: Kyurem
|-boost|p1a: Kyurem|atk|1
|-boost|p1a: Kyurem|spe|1
|move|p2a: Zamazenta|Iron Defense|p2a: Zamazenta
|-boost|p2a: Zamazenta|def|0
|
|-heal|p1a: Kyurem|74/100|[from] item: Leftovers
|upkeep
|turn|24
|
|t:|1779853017
|move|p1a: Kyurem|Dragon Dance|p1a: Kyurem
|-boost|p1a: Kyurem|atk|1
|-boost|p1a: Kyurem|spe|1
|move|p2a: Zamazenta|Crunch|p1a: Kyurem
|-crit|p1a: Kyurem
|-end|p1a: Kyurem|Substitute
|
|-heal|p1a: Kyurem|80/100|[from] item: Leftovers
|upkeep
|turn|25
|
|t:|1779853020
|move|p1a: Kyurem|Substitute|p1a: Kyurem
|-start|p1a: Kyurem|Substitute
|-damage|p1a: Kyurem|55/100
|move|p2a: Zamazenta|Substitute|p2a: Zamazenta
|-fail|p2a: Zamazenta|move: Substitute
|
|-heal|p1a: Kyurem|62/100|[from] item: Leftovers
|upkeep
|turn|26
|
|t:|1779853023
|move|p1a: Kyurem|Dragon Dance|p1a: Kyurem
|-boost|p1a: Kyurem|atk|0
|-boost|p1a: Kyurem|spe|0
|move|p2a: Zamazenta|Crunch|p1a: Kyurem
|-activate|p1a: Kyurem|move: Substitute|[damage]
|
|-heal|p1a: Kyurem|68/100|[from] item: Leftovers
|upkeep
|turn|27
|
|t:|1779853025
|move|p1a: Kyurem|Dragon Dance|p1a: Kyurem
|-boost|p1a: Kyurem|atk|0
|-boost|p1a: Kyurem|spe|0
|move|p2a: Zamazenta|Crunch|p1a: Kyurem
|-end|p1a: Kyurem|Substitute
|
|-heal|p1a: Kyurem|74/100|[from] item: Leftovers
|upkeep
|turn|28
|
|t:|1779853029
|move|p1a: Kyurem|Substitute|p1a: Kyurem
|-start|p1a: Kyurem|Substitute
|-damage|p1a: Kyurem|49/100
|move|p2a: Zamazenta|Crunch|p1a: Kyurem
|-activate|p1a: Kyurem|move: Substitute|[damage]
|
|-heal|p1a: Kyurem|55/100|[from] item: Leftovers
|upkeep
|turn|29
|
|t:|1779853032
|move|p1a: Kyurem|Protect|p1a: Kyurem
|-singleturn|p1a: Kyurem|Protect
|move|p2a: Zamazenta|Substitute|p2a: Zamazenta
|-fail|p2a: Zamazenta|move: Substitute
|
|-heal|p1a: Kyurem|61/100|[from] item: Leftovers
|upkeep
|turn|30
|
|t:|1779853034
|move|p1a: Kyurem|Dragon Dance|p1a: Kyurem
|-boost|p1a: Kyurem|atk|0
|-boost|p1a: Kyurem|spe|0
|move|p2a: Zamazenta|Crunch|p1a: Kyurem
|-end|p1a: Kyurem|Substitute
|
|-heal|p1a: Kyurem|68/100|[from] item: Leftovers
|upkeep
|turn|31
|
|t:|1779853041
|move|p1a: Kyurem|Substitute|p1a: Kyurem
|-start|p1a: Kyurem|Substitute
|-damage|p1a: Kyurem|43/100
|move|p2a: Zamazenta|Substitute|p2a: Zamazenta
|-fail|p2a: Zamazenta|move: Substitute
|
|-heal|p1a: Kyurem|49/100|[from] item: Leftovers
|upkeep
|turn|32
|
|t:|1779853045
|move|p1a: Kyurem|Icicle Spear|p2a: Zamazenta
|-activate|p2a: Zamazenta|move: Substitute|[damage]
|-activate|p2a: Zamazenta|move: Substitute|[damage]
|-hitcount|p2a: Zamazenta|2
|move|p2a: Zamazenta|Crunch|p1a: Kyurem
|-activate|p1a: Kyurem|move: Substitute|[damage]
|
|-heal|p1a: Kyurem|55/100|[from] item: Leftovers
|upkeep
|turn|33
|
|t:|1779853054
|move|p1a: Kyurem|Protect|p1a: Kyurem
|-singleturn|p1a: Kyurem|Protect
|move|p2a: Zamazenta|Crunch|p1a: Kyurem
|-activate|p1a: Kyurem|move: Protect
|
|-heal|p1a: Kyurem|61/100|[from] item: Leftovers
|upkeep
|turn|34
|
|t:|1779853057
|move|p1a: Kyurem|Icicle Spear|p2a: Zamazenta
|-end|p2a: Zamazenta|Substitute
|-damage|p2a: Zamazenta|92/100
|-hitcount|p2a: Zamazenta|2
|move|p2a: Zamazenta|Iron Defense|p2a: Zamazenta
|-boost|p2a: Zamazenta|def|0
|
|-heal|p1a: Kyurem|67/100|[from] item: Leftovers
|-heal|p2a: Zamazenta|98/100|[from] item: Leftovers
|upkeep
|turn|35
|
|t:|1779853063
|move|p1a: Kyurem|Icicle Spear|p2a: Zamazenta
|-damage|p2a: Zamazenta|89/100
|-damage|p2a: Zamazenta|80/100
|-hitcount|p2a: Zamazenta|2
|move|p2a: Zamazenta|Substitute|p2a: Zamazenta
|-start|p2a: Zamazenta|Substitute
|-damage|p2a: Zamazenta|56/100
|
|-heal|p1a: Kyurem|74/100|[from] item: Leftovers
|-heal|p2a: Zamazenta|62/100|[from] item: Leftovers
|upkeep
|turn|36
|
|t:|1779853067
|move|p1a: Kyurem|Icicle Spear|p2a: Zamazenta
|-activate|p2a: Zamazenta|move: Substitute|[damage]
|-activate|p2a: Zamazenta|move: Substitute|[damage]
|-hitcount|p2a: Zamazenta|2
|move|p2a: Zamazenta|Iron Defense|p2a: Zamazenta
|-boost|p2a: Zamazenta|def|0
|
|-heal|p1a: Kyurem|80/100|[from] item: Leftovers
|-heal|p2a: Zamazenta|68/100|[from] item: Leftovers
|upkeep
|turn|37
|
|t:|1779853084
|move|p1a: Kyurem|Icicle Spear|p2a: Zamazenta
|-end|p2a: Zamazenta|Substitute
|-damage|p2a: Zamazenta|59/100
|-damage|p2a: Zamazenta|51/100
|-hitcount|p2a: Zamazenta|3
|move|p2a: Zamazenta|Crunch|p1a: Kyurem
|-end|p1a: Kyurem|Substitute
|
|-heal|p1a: Kyurem|86/100|[from] item: Leftovers
|-heal|p2a: Zamazenta|57/100|[from] item: Leftovers
|upkeep
|turn|38
|
|t:|1779853095
|move|p1a: Kyurem|Substitute|p1a: Kyurem
|-start|p1a: Kyurem|Substitute
|-damage|p1a: Kyurem|61/100
|move|p2a: Zamazenta|Body Press|p1a: Kyurem
|-supereffective|p1a: Kyurem
|-end|p1a: Kyurem|Substitute
|
|-heal|p1a: Kyurem|67/100|[from] item: Leftovers
|-heal|p2a: Zamazenta|63/100|[from] item: Leftovers
|upkeep
|turn|39
|
|t:|1779853100
|move|p1a: Kyurem|Protect|p1a: Kyurem
|-singleturn|p1a: Kyurem|Protect
|move|p2a: Zamazenta|Substitute|p2a: Zamazenta
|-start|p2a: Zamazenta|Substitute
|-damage|p2a: Zamazenta|38/100
|
|-heal|p1a: Kyurem|73/100|[from] item: Leftovers
|-heal|p2a: Zamazenta|45/100|[from] item: Leftovers
|upkeep
|turn|40
|
|t:|1779853102
|move|p1a: Kyurem|Substitute|p1a: Kyurem
|-start|p1a: Kyurem|Substitute
|-damage|p1a: Kyurem|48/100
|move|p2a: Zamazenta|Body Press|p1a: Kyurem
|-supereffective|p1a: Kyurem
|-end|p1a: Kyurem|Substitute
|
|-heal|p1a: Kyurem|54/100|[from] item: Leftovers
|-heal|p2a: Zamazenta|51/100|[from] item: Leftovers
|upkeep
|turn|41
|
|t:|1779853105
|move|p1a: Kyurem|Substitute|p1a: Kyurem
|-start|p1a: Kyurem|Substitute
|-damage|p1a: Kyurem|29/100
|move|p2a: Zamazenta|Crunch|p1a: Kyurem
|-activate|p1a: Kyurem|move: Substitute|[damage]
|
|-heal|p1a: Kyurem|36/100|[from] item: Leftovers
|-heal|p2a: Zamazenta|57/100|[from] item: Leftovers
|upkeep
|turn|42
|
|t:|1779853112
|switch|p2a: Heatran|Heatran, M|100/100
|-item|p2a: Heatran|Air Balloon
|move|p1a: Kyurem|Protect||[still]
|-fail|p1a: Kyurem
|
|-heal|p1a: Kyurem|42/100|[from] item: Leftovers
|upkeep
|turn|43
|
|t:|1779853115
|move|p1a: Kyurem|Icicle Spear|p2a: Heatran
|-resisted|p2a: Heatran
|-damage|p2a: Heatran|90/100
|-enditem|p2a: Heatran|Air Balloon
|-resisted|p2a: Heatran
|-damage|p2a: Heatran|78/100
|-hitcount|p2a: Heatran|2
|move|p2a: Heatran|Earth Power|p1a: Kyurem
|-supereffective|p1a: Kyurem
|-end|p1a: Kyurem|Substitute
|
|-heal|p1a: Kyurem|48/100|[from] item: Leftovers
|upkeep
|turn|44
|
|t:|1779853122
|move|p1a: Kyurem|Protect|p1a: Kyurem
|-singleturn|p1a: Kyurem|Protect
|move|p2a: Heatran|Earth Power|p1a: Kyurem
|-activate|p1a: Kyurem|move: Protect
|
|-heal|p1a: Kyurem|54/100|[from] item: Leftovers
|upkeep
|turn|45
|
|t:|1779853125
|move|p1a: Kyurem|Substitute|p1a: Kyurem
|-start|p1a: Kyurem|Substitute
|-damage|p1a: Kyurem|29/100
|move|p2a: Heatran|Earth Power|p1a: Kyurem
|-supereffective|p1a: Kyurem
|-end|p1a: Kyurem|Substitute
|
|-heal|p1a: Kyurem|35/100|[from] item: Leftovers
|upkeep
|turn|46
|
|t:|1779853127
|move|p1a: Kyurem|Protect|p1a: Kyurem
|-singleturn|p1a: Kyurem|Protect
|move|p2a: Heatran|Stealth Rock||[still]
|-fail|p2a: Heatran
|
|-heal|p1a: Kyurem|42/100|[from] item: Leftovers
|upkeep
|turn|47
|
|t:|1779853130
|move|p1a: Kyurem|Substitute|p1a: Kyurem
|-start|p1a: Kyurem|Substitute
|-damage|p1a: Kyurem|17/100
|move|p2a: Heatran|Earth Power|p1a: Kyurem
|-supereffective|p1a: Kyurem
|-end|p1a: Kyurem|Substitute
|
|-heal|p1a: Kyurem|23/100|[from] item: Leftovers
|upkeep
|turn|48
|
|t:|1779853134
|switch|p1a: Cresselia|Cresselia, F|100/100
|-damage|p1a: Cresselia|88/100|[from] Stealth Rock
|move|p2a: Heatran|Stealth Rock||[still]
|-fail|p2a: Heatran
|
|upkeep
|turn|49
|
|t:|1779853138
|move|p2a: Heatran|Magma Storm|p1a: Cresselia|[miss]
|-miss|p2a: Heatran|p1a: Cresselia
|move|p1a: Cresselia|Thunder Wave|p2a: Heatran
|-status|p2a: Heatran|par
|
|upkeep
|turn|50
|
|t:|1779853141
|move|p1a: Cresselia|Lunar Dance|p1a: Cresselia
|faint|p1a: Cresselia
|cant|p2a: Heatran|par
|
|upkeep
|
|t:|1779853143
|switch|p1a: Kyurem|Kyurem, tera:Steel|23/100
|-heal|p1a: Kyurem|100/100|[from] move: Lunar Dance
|-damage|p1a: Kyurem|94/100|[from] Stealth Rock
|-ability|p1a: Kyurem|Pressure
|turn|51
|
|t:|1779853148
|switch|p2a: Zamazenta|Zamazenta|57/100
|move|p1a: Kyurem|Substitute|p1a: Kyurem
|-start|p1a: Kyurem|Substitute
|-damage|p1a: Kyurem|69/100
|
|-heal|p2a: Zamazenta|63/100|[from] item: Leftovers
|-heal|p1a: Kyurem|75/100|[from] item: Leftovers
|upkeep
|turn|52
|
|t:|1779853152
|switch|p2a: Samurott|Samurott-Hisui, M|100/100
|move|p1a: Kyurem|Dragon Dance|p1a: Kyurem
|-boost|p1a: Kyurem|atk|1
|-boost|p1a: Kyurem|spe|1
|
|-heal|p1a: Kyurem|82/100|[from] item: Leftovers
|upkeep
|turn|53
|
|t:|1779853155
|move|p1a: Kyurem|Protect|p1a: Kyurem
|-singleturn|p1a: Kyurem|Protect
|move|p2a: Samurott|Ceaseless Edge|p1a: Kyurem
|-activate|p1a: Kyurem|move: Protect
|
|-heal|p1a: Kyurem|88/100|[from] item: Leftovers
|upkeep
|turn|54
|
|t:|1779853163
|move|p1a: Kyurem|Icicle Spear|p2a: Samurott
|-resisted|p2a: Samurott
|-damage|p2a: Samurott|92/100
|-resisted|p2a: Samurott
|-damage|p2a: Samurott|84/100
|-resisted|p2a: Samurott
|-damage|p2a: Samurott|76/100
|-resisted|p2a: Samurott
|-damage|p2a: Samurott|67/100
|-resisted|p2a: Samurott
|-damage|p2a: Samurott|59/100
|-hitcount|p2a: Samurott|5
|move|p2a: Samurott|Ceaseless Edge|p1a: Kyurem
|-activate|p1a: Kyurem|move: Substitute|[damage]
|-sidestart|p1: rillastalla|Spikes
|
|-heal|p1a: Kyurem|94/100|[from] item: Leftovers
|upkeep
|turn|55
|
|t:|1779853169
|move|p1a: Kyurem|Protect|p1a: Kyurem
|-singleturn|p1a: Kyurem|Protect
|move|p2a: Samurott|Knock Off|p1a: Kyurem
|-activate|p1a: Kyurem|move: Protect
|
|-heal|p1a: Kyurem|99/100|[from] item: Leftovers
|upkeep
|turn|56
|
|t:|1779853173
|move|p1a: Kyurem|Dragon Dance|p1a: Kyurem
|-boost|p1a: Kyurem|atk|1
|-boost|p1a: Kyurem|spe|1
|move|p2a: Samurott|Knock Off|p1a: Kyurem
|-end|p1a: Kyurem|Substitute
|
|-heal|p1a: Kyurem|100/100|[from] item: Leftovers
|upkeep
|turn|57
|
|t:|1779853175
|move|p1a: Kyurem|Substitute|p1a: Kyurem
|-start|p1a: Kyurem|Substitute
|-damage|p1a: Kyurem|75/100
|move|p2a: Samurott|Knock Off|p1a: Kyurem
|-end|p1a: Kyurem|Substitute
|
|-heal|p1a: Kyurem|82/100|[from] item: Leftovers
|upkeep
|turn|58
|
|t:|1779853180
|move|p1a: Kyurem|Protect|p1a: Kyurem
|-singleturn|p1a: Kyurem|Protect
|move|p2a: Samurott|Knock Off|p1a: Kyurem
|-activate|p1a: Kyurem|move: Protect
|
|-heal|p1a: Kyurem|88/100|[from] item: Leftovers
|upkeep
|turn|59
|
|t:|1779853182
|move|p1a: Kyurem|Substitute|p1a: Kyurem
|-start|p1a: Kyurem|Substitute
|-damage|p1a: Kyurem|63/100
|move|p2a: Samurott|Knock Off|p1a: Kyurem
|-end|p1a: Kyurem|Substitute
|
|-heal|p1a: Kyurem|69/100|[from] item: Leftovers
|upkeep
|turn|60
|
|t:|1779853184
|move|p1a: Kyurem|Protect|p1a: Kyurem
|-singleturn|p1a: Kyurem|Protect
|move|p2a: Samurott|Knock Off|p1a: Kyurem
|-activate|p1a: Kyurem|move: Protect
|
|-heal|p1a: Kyurem|75/100|[from] item: Leftovers
|upkeep
|turn|61
|
|t:|1779853186
|move|p1a: Kyurem|Substitute|p1a: Kyurem
|-start|p1a: Kyurem|Substitute
|-damage|p1a: Kyurem|50/100
|move|p2a: Samurott|Knock Off|p1a: Kyurem
|-end|p1a: Kyurem|Substitute
|
|-heal|p1a: Kyurem|56/100|[from] item: Leftovers
|upkeep
|turn|62
|
|t:|1779853188
|move|p1a: Kyurem|Protect|p1a: Kyurem
|-singleturn|p1a: Kyurem|Protect
|move|p2a: Samurott|Knock Off|p1a: Kyurem
|-activate|p1a: Kyurem|move: Protect
|
|-heal|p1a: Kyurem|63/100|[from] item: Leftovers
|upkeep
|turn|63
|
|t:|1779853189
|move|p1a: Kyurem|Substitute|p1a: Kyurem
|-start|p1a: Kyurem|Substitute
|-damage|p1a: Kyurem|38/100
|move|p2a: Samurott|Knock Off|p1a: Kyurem
|-end|p1a: Kyurem|Substitute
|
|-heal|p1a: Kyurem|44/100|[from] item: Leftovers
|upkeep
|turn|64
|inactive|rillastalla has 120 seconds left.
|inactive|rillastalla has 90 seconds left.
|-message|rillastalla forfeited.
|
|win|glimpseman
|raw|rillastalla's rating: 1430 &rarr; <strong>1408</strong><br />(-22 for losing)
|raw|glimpseman's rating: 1391 &rarr; <strong>1413</strong><br />(+22 for winning)
|l|☆rillastalla
|player|p1|
|l|☆glimpseman
|player|p2|
|j|☆glimpseman
|player|p2|glimpseman|#wcor2025canada|
|l|☆glimpseman
|player|p2|
|j|☆glimpseman
|player|p2|glimpseman|#wcor2025canada|
|l|☆glimpseman
|player|p2|
|j|☆glimpseman
|player|p2|glimpseman|#wcor2025canada|
|l|☆glimpseman
|player|p2|
|j|☆glimpseman
|player|p2|glimpseman|#wcor2025canada|
|l|☆glimpseman
|player|p2|
|j|☆glimpseman
|player|p2|glimpseman|#wcor2025canada|
