|j|☆DEEZ NUTHS
|j|☆iamnew2024
|t:|1779855980
|gametype|singles
|player|p1|DEEZ NUTHS|steven|1372
|player|p2|iamnew2024|101|1428
|gen|9
|tier|[Gen 9] OU
|rated|
|rule|HP Percentage Mod: HP is shown in percentages
|rule|Endless Battle Clause: Forcing endless battles is banned
|rule|Species Clause: Limit one of each Pokémon
|rule|OHKO Clause: OHKO moves are banned
|rule|Evasion Items Clause: Evasion items are banned
|rule|Evasion Moves Clause: Evasion moves are banned
|rule|Evasion Abilities Clause: Evasion abilities are banned
|rule|Sleep Moves Clause: Sleep-inducing moves are banned
|clearpoke
|poke|p1|Primarina, F|
|poke|p1|Weavile, F|
|poke|p1|Corviknight, F|
|poke|p1|Garchomp, F|
|poke|p1|Enamorus, F|
|poke|p1|Slowking-Galar, M|
|poke|p2|Iron Crown|
|poke|p2|Slowking-Galar, F|
|poke|p2|Ting-Lu|
|poke|p2|Great Tusk|
|poke|p2|Kingambit, F|
|poke|p2|Darkrai|
|teampreview
|inactive|Battle timer is ON: inactive players will automatically lose when time's up. (requested by iamnew2024)
|
|t:|1779856001
|teamsize|p1|6
|teamsize|p2|6
|start
|switch|p1a: Iceman|Weavile, F|100/100
|switch|p2a: Darkrai|Darkrai|100/100
|turn|1
|
|t:|1779856009
|move|p2a: Darkrai|Focus Blast|p1a: Iceman|[miss]
|-miss|p2a: Darkrai|p1a: Iceman
|move|p1a: Iceman|Triple Axel|p2a: Darkrai
|-crit|p2a: Darkrai
|-damage|p2a: Darkrai|72/100
|-damage|p2a: Darkrai|31/100
|-damage|p2a: Darkrai|0 fnt
|faint|p2a: Darkrai
|-hitcount|p2: Darkrai|3
|
|upkeep
|
|t:|1779856023
|switch|p2a: Iron Crown|Iron Crown|100/100
|turn|2
|
|t:|1779856051
|switch|p1a: Navy seal|Primarina, F|100/100
|-terastallize|p2a: Iron Crown|Steel
|move|p2a: Iron Crown|Tachyon Cutter|p1a: Navy seal
|-damage|p1a: Navy seal|64/100
|-damage|p1a: Navy seal|27/100
|-hitcount|p1a: Navy seal|2
|
|upkeep
|turn|3
|
|t:|1779856061
|switch|p1a: Corviknight|Corviknight, F|100/100
|move|p2a: Iron Crown|Tachyon Cutter|p1a: Corviknight
|-resisted|p1a: Corviknight
|-damage|p1a: Corviknight|73/100
|-resisted|p1a: Corviknight
|-damage|p1a: Corviknight|46/100
|-hitcount|p1a: Corviknight|2
|
|upkeep
|turn|4
|
|t:|1779856070
|move|p2a: Iron Crown|Tachyon Cutter|p1a: Corviknight
|-resisted|p1a: Corviknight
|-damage|p1a: Corviknight|20/100
|-resisted|p1a: Corviknight
|-damage|p1a: Corviknight|0 fnt
|faint|p1a: Corviknight
|-hitcount|p1: Corviknight|2
|
|upkeep
|
|t:|1779856080
|switch|p1a: Iceman|Weavile, F|100/100
|turn|5
|
|t:|1779856090
|-end|p2a: Iron Crown|Quark Drive|[silent]
|switch|p2a: Kingambit|Kingambit, F|100/100
|-activate|p2a: Kingambit|ability: Supreme Overlord
|-start|p2a: Kingambit|fallen1|[silent]
|move|p1a: Iceman|Low Kick|p2a: Kingambit
|-supereffective|p2a: Kingambit
|-damage|p2a: Kingambit|0 fnt
|faint|p2a: Kingambit
|-end|p2a: Kingambit|fallen1|[silent]
|
|upkeep
|
|t:|1779856100
|switch|p2a: Great Tusk|Great Tusk|100/100
|turn|6
|
|t:|1779856108
|switch|p1a: Big G (nie)|Enamorus, F|100/100
|move|p2a: Great Tusk|Knock Off|p1a: Big G (nie)
|-resisted|p1a: Big G (nie)
|-damage|p1a: Big G (nie)|74/100
|-enditem|p1a: Big G (nie)|Choice Scarf|[from] move: Knock Off|[of] p2a: Great Tusk
|
|upkeep
|turn|7
|
|t:|1779856116
|-end|p2a: Great Tusk|Protosynthesis|[silent]
|switch|p2a: Slowking|Slowking-Galar, F|100/100
|move|p1a: Big G (nie)|Moonblast|p2a: Slowking
|-resisted|p2a: Slowking
|-damage|p2a: Slowking|85/100
|
|upkeep
|turn|8
|
|t:|1779856125
|switch|p1a: Beeheader|Slowking-Galar, M, shiny|100/100
|move|p2a: Slowking|Toxic|p1a: Beeheader
|-immune|p1a: Beeheader
|
|upkeep
|turn|9
|
|t:|1779856131
|move|p2a: Slowking|Future Sight|p1a: Beeheader
|-start|p2a: Slowking|move: Future Sight
|move|p1a: Beeheader|Future Sight|p2a: Slowking
|-start|p1a: Beeheader|move: Future Sight
|
|upkeep
|turn|10
|
|t:|1779856139
|move|p2a: Slowking|Toxic|p1a: Beeheader
|-immune|p1a: Beeheader
|move|p1a: Beeheader|Sludge Bomb|p2a: Slowking
|-resisted|p2a: Slowking
|-damage|p2a: Slowking|75/100
|
|upkeep
|turn|11
|
|t:|1779856148
|-prepare|p2a: Slowking|Chilly Reception|[premajor]
|move|p2a: Slowking|Chilly Reception|p2a: Slowking
|-weather|Snowscape
|
|t:|1779856153
|switch|p2a: Ting-Lu|Ting-Lu|100/100|[from] Chilly Reception
|-ability|p2a: Ting-Lu|Vessel of Ruin
|-prepare|p1a: Beeheader|Chilly Reception|[premajor]
|move|p1a: Beeheader|Chilly Reception|p1a: Beeheader
|
|t:|1779856161
|switch|p1a: Iceman|Weavile, F|100/100|[from] Chilly Reception
|
|-weather|Snowscape|[upkeep]
|-end|p1a: Iceman|move: Future Sight
|-immune|p1a: Iceman
|-end|p2a: Ting-Lu|move: Future Sight
|-immune|p2a: Ting-Lu
|upkeep
|turn|12
|
|t:|1779856172
|move|p1a: Iceman|Triple Axel|p2a: Ting-Lu
|-supereffective|p2a: Ting-Lu
|-damage|p2a: Ting-Lu|89/100
|-supereffective|p2a: Ting-Lu
|-damage|p2a: Ting-Lu|63/100
|-supereffective|p2a: Ting-Lu
|-damage|p2a: Ting-Lu|27/100
|-hitcount|p2a: Ting-Lu|3
|move|p2a: Ting-Lu|Stealth Rock|p1a: Iceman
|-sidestart|p1: DEEZ NUTHS|move: Stealth Rock
|
|-weather|Snowscape|[upkeep]
|-heal|p2a: Ting-Lu|33/100|[from] item: Leftovers
|upkeep
|turn|13
|
|t:|1779856184
|switch|p2a: Iron Crown|Iron Crown, tera:Steel|100/100
|move|p1a: Iceman|Triple Axel|p2a: Iron Crown
|-resisted|p2a: Iron Crown
|-damage|p2a: Iron Crown|93/100
|-hitcount|p2a: Iron Crown|1
|
|-weather|Snowscape|[upkeep]
|upkeep
|turn|14
|
|t:|1779856193
|switch|p1a: Jet2Holiday|Garchomp, F|100/100
|-damage|p1a: Jet2Holiday|94/100|[from] Stealth Rock
|move|p2a: Iron Crown|Tachyon Cutter|p1a: Jet2Holiday
|-damage|p1a: Jet2Holiday|47/100
|-damage|p1a: Jet2Holiday|0 fnt
|faint|p1a: Jet2Holiday
|-hitcount|p1: Jet2Holiday|2
|
|-weather|Snowscape|[upkeep]
|upkeep
|
|t:|1779856202
|switch|p1a: Iceman|Weavile, F|100/100
|-damage|p1a: Iceman|76/100|[from] Stealth Rock
|turn|15
|
|t:|1779856213
|-terastallize|p1a: Iceman|Dark
|move|p1a: Iceman|Knock Off|p2a: Iron Crown
|-damage|p2a: Iron Crown|0 fnt
|-enditem|p2a: Iron Crown|Choice Specs|[from] move: Knock Off|[of] p1a: Iceman
|faint|p2a: Iron Crown
|-end|p2a: Iron Crown|Quark Drive|[silent]
|
|-weather|none
|upkeep
|
|t:|1779856222
|switch|p2a: Great Tusk|Great Tusk|100/100
|turn|16
|
|t:|1779856229
|switch|p1a: Beeheader|Slowking-Galar, M, shiny|100/100
|move|p2a: Great Tusk|Rapid Spin|p1a: Beeheader
|-damage|p1a: Beeheader|82/100
|-boost|p2a: Great Tusk|spe|1
|
|upkeep
|turn|17
|
|t:|1779856236
|switch|p1a: Big G (nie)|Enamorus, F|74/100
|-damage|p1a: Big G (nie)|49/100|[from] Stealth Rock
|move|p2a: Great Tusk|Headlong Rush|p1a: Big G (nie)
|-immune|p1a: Big G (nie)
|
|upkeep
|turn|18
|
|t:|1779856245
|move|p2a: Great Tusk|Ice Spinner|p1a: Big G (nie)
|-supereffective|p1a: Big G (nie)
|-damage|p1a: Big G (nie)|0 fnt
|faint|p1a: Big G (nie)
|
|upkeep
|
|t:|1779856254
|switch|p1a: Navy seal|Primarina, F|27/100
|-damage|p1a: Navy seal|15/100|[from] Stealth Rock
|turn|19
|-message|DEEZ NUTHS forfeited.
|
|win|iamnew2024
|raw|DEEZ NUTHS's rating: 1372 &rarr; <strong>1355</strong><br />(-17 for losing)
|raw|iamnew2024's rating: 1428 &rarr; <strong>1445</strong><br />(+17 for winning)
|l|☆DEEZ NUTHS
|player|p1|
|l|☆iamnew2024
|player|p2|
