|j|☆claudechamp
|j|☆Huntail_Biden711
|t:|1779872466
|gametype|singles
|player|p1|claudechamp|169|1223
|player|p2|Huntail_Biden711|blue|1220
|gen|9
|tier|[Gen 9] OU
|rated|
|rule|HP Percentage Mod: HP is shown in percentages
|rule|Endless Battle Clause: Forcing endless battles is banned
|rule|Species Clause: Limit one of each Pokémon
|rule|OHKO Clause: OHKO moves are banned
|rule|Evasion Items Clause: Evasion items are banned
|rule|Evasion Moves Clause: Evasion moves are banned
|rule|Evasion Abilities Clause: Evasion abilities are banned
|rule|Sleep Moves Clause: Sleep-inducing moves are banned
|clearpoke
|poke|p1|Corviknight, F|
|poke|p1|Ting-Lu|
|poke|p1|Kyurem|
|poke|p1|Dondozo, F|
|poke|p1|Slowking-Galar, F|
|poke|p1|Cinderace, F|
|poke|p2|Ting-Lu|
|poke|p2|Hatterene, F|
|poke|p2|Great Tusk|
|poke|p2|Ceruledge, M|
|poke|p2|Dragonite, F|
|poke|p2|Kyurem|
|teampreview
|c|☆claudechamp|hf
|inactive|Battle timer is ON: inactive players will automatically lose when time's up. (requested by Huntail_Biden711)
|inactive|claudechamp also wants the timer to be on.
|
|t:|1779872480
|teamsize|p1|6
|teamsize|p2|6
|start
|switch|p1a: Corviknight|Corviknight, F|100/100
|switch|p2a: Hatterene|Hatterene, F|100/100
|-ability|p1a: Corviknight|Pressure
|turn|1
|
|t:|1779872487
|switch|p1a: Kyurem|Kyurem|100/100
|-ability|p1a: Kyurem|Pressure
|move|p2a: Hatterene|Nuzzle|p1a: Kyurem
|-resisted|p1a: Kyurem
|-damage|p1a: Kyurem|99/100
|-status|p1a: Kyurem|par
|
|-heal|p1a: Kyurem|100/100 par|[from] item: Leftovers
|upkeep
|turn|2
|
|t:|1779872497
|move|p1a: Kyurem|Freeze-Dry|p2a: Hatterene
|-damage|p2a: Hatterene|76/100
|move|p2a: Hatterene|Draining Kiss|p1a: Kyurem
|-supereffective|p1a: Kyurem
|-damage|p1a: Kyurem|51/100 par
|-heal|p2a: Hatterene|100/100|[from] drain|[of] p1a: Kyurem
|
|-heal|p1a: Kyurem|57/100 par|[from] item: Leftovers
|upkeep
|turn|3
|
|t:|1779872507
|switch|p1a: Slowking|Slowking-Galar, F|100/100
|move|p2a: Hatterene|Draining Kiss|p1a: Slowking
|-resisted|p1a: Slowking
|-damage|p1a: Slowking|90/100
|
|upkeep
|turn|4
|
|t:|1779872518
|switch|p2a: Ting-Lu|Ting-Lu|100/100
|-ability|p2a: Ting-Lu|Vessel of Ruin
|move|p1a: Slowking|Sludge Bomb|p2a: Ting-Lu
|-resisted|p2a: Ting-Lu
|-damage|p2a: Ting-Lu|93/100
|-status|p2a: Ting-Lu|psn
|
|-heal|p2a: Ting-Lu|99/100 psn|[from] item: Leftovers
|-damage|p2a: Ting-Lu|87/100 psn|[from] psn
|upkeep
|turn|5
|
|t:|1779872530
|switch|p1a: Corviknight|Corviknight, F|100/100
|-ability|p1a: Corviknight|Pressure
|move|p2a: Ting-Lu|Stealth Rock|p1a: Corviknight
|-sidestart|p1: claudechamp|move: Stealth Rock
|
|-heal|p2a: Ting-Lu|93/100 psn|[from] item: Leftovers
|-damage|p2a: Ting-Lu|80/100 psn|[from] psn
|upkeep
|turn|6
|
|t:|1779872542
|move|p1a: Corviknight|Defog|p2a: Ting-Lu
|-unboost|p2a: Ting-Lu|evasion|1
|-sideend|p1: claudechamp|Stealth Rock|[from] move: Defog|[of] p1a: Corviknight
|move|p2a: Ting-Lu|Ruination|p1a: Corviknight
|-damage|p1a: Corviknight|51/100
|
|-heal|p2a: Ting-Lu|87/100 psn|[from] item: Leftovers
|-damage|p2a: Ting-Lu|74/100 psn|[from] psn
|upkeep
|turn|7
|
|t:|1779872555
|switch|p2a: Ceruledge|Ceruledge, M|100/100
|move|p1a: Corviknight|Roost|p1a: Corviknight
|-heal|p1a: Corviknight|100/100
|-singleturn|p1a: Corviknight|move: Roost
|
|upkeep
|turn|8
|
|t:|1779872564
|move|p2a: Ceruledge|Bitter Blade|p1a: Corviknight
|-supereffective|p1a: Corviknight
|-damage|p1a: Corviknight|43/100
|-damage|p2a: Ceruledge|84/100|[from] item: Rocky Helmet|[of] p1a: Corviknight
|move|p1a: Corviknight|U-turn|p2a: Ceruledge
|-resisted|p2a: Ceruledge
|-damage|p2a: Ceruledge|80/100
|-ability|p2a: Ceruledge|Weak Armor|boost
|-unboost|p2a: Ceruledge|def|1
|-boost|p2a: Ceruledge|spe|2
|
|t:|1779872575
|switch|p1a: Dondozo|Dondozo, F|100/100|[from] U-turn
|
|upkeep
|turn|9
|
|t:|1779872582
|switch|p2a: Hatterene|Hatterene, F|100/100
|move|p1a: Dondozo|Waterfall|p2a: Hatterene
|-damage|p2a: Hatterene|75/100
|
|upkeep
|turn|10
|
|t:|1779872594
|switch|p1a: Corviknight|Corviknight, F|43/100
|-ability|p1a: Corviknight|Pressure
|move|p2a: Hatterene|Nuzzle|p1a: Corviknight
|-supereffective|p1a: Corviknight
|-damage|p1a: Corviknight|39/100
|-status|p1a: Corviknight|par
|-damage|p2a: Hatterene|58/100|[from] item: Rocky Helmet|[of] p1a: Corviknight
|
|upkeep
|turn|11
|
|t:|1779872603
|move|p2a: Hatterene|Mystical Fire|p1a: Corviknight
|-supereffective|p1a: Corviknight
|-damage|p1a: Corviknight|0 fnt
|faint|p1a: Corviknight
|
|upkeep
|
|t:|1779872606
|switch|p1a: Cinderace|Cinderace, F|100/100
|turn|12
|
|t:|1779872617
|switch|p2a: Ting-Lu|Ting-Lu|74/100 psn
|-ability|p2a: Ting-Lu|Vessel of Ruin
|move|p1a: Cinderace|Pyro Ball|p2a: Ting-Lu
|-damage|p2a: Ting-Lu|49/100 psn
|
|-heal|p2a: Ting-Lu|55/100 psn|[from] item: Leftovers
|-damage|p2a: Ting-Lu|43/100 psn|[from] psn
|upkeep
|turn|13
|
|t:|1779872628
|move|p1a: Cinderace|U-turn|p2a: Ting-Lu
|-supereffective|p2a: Ting-Lu
|-damage|p2a: Ting-Lu|23/100 psn
|
|t:|1779872633
|switch|p1a: Dondozo|Dondozo, F|100/100|[from] U-turn
|move|p2a: Ting-Lu|Earthquake|p1a: Dondozo
|-damage|p1a: Dondozo|78/100
|
|-heal|p2a: Ting-Lu|30/100 psn|[from] item: Leftovers
|-heal|p1a: Dondozo|84/100|[from] item: Leftovers
|-damage|p2a: Ting-Lu|17/100 psn|[from] psn
|upkeep
|turn|14
|
|t:|1779872643
|move|p2a: Ting-Lu|Stealth Rock|p1a: Dondozo
|-sidestart|p1: claudechamp|move: Stealth Rock
|move|p1a: Dondozo|Waterfall|p2a: Ting-Lu
|-supereffective|p2a: Ting-Lu
|-damage|p2a: Ting-Lu|0 fnt
|faint|p2a: Ting-Lu
|
|-heal|p1a: Dondozo|90/100|[from] item: Leftovers
|upkeep
|
|t:|1779872650
|switch|p2a: Kyurem|Kyurem|100/100
|-ability|p2a: Kyurem|Pressure
|turn|15
|
|t:|1779872656
|move|p2a: Kyurem|Draco Meteor|p1a: Dondozo
|-damage|p1a: Dondozo|27/100
|-unboost|p2a: Kyurem|spa|2
|move|p1a: Dondozo|Body Press|p2a: Kyurem
|-supereffective|p2a: Kyurem
|-damage|p2a: Kyurem|61/100
|
|-heal|p1a: Dondozo|34/100|[from] item: Leftovers
|upkeep
|turn|16
|
|t:|1779872667
|switch|p1a: Ting-Lu|Ting-Lu|100/100
|-damage|p1a: Ting-Lu|94/100|[from] Stealth Rock
|-ability|p1a: Ting-Lu|Vessel of Ruin
|move|p2a: Kyurem|Draco Meteor|p1a: Ting-Lu
|-damage|p1a: Ting-Lu|73/100
|-unboost|p2a: Kyurem|spa|2
|
|-heal|p1a: Ting-Lu|79/100|[from] item: Leftovers
|upkeep
|turn|17
|
|t:|1779872679
|switch|p2a: Great Tusk|Great Tusk|100/100
|move|p1a: Ting-Lu|Earthquake|p2a: Great Tusk
|-damage|p2a: Great Tusk|82/100
|
|-heal|p2a: Great Tusk|88/100|[from] item: Leftovers
|-heal|p1a: Ting-Lu|85/100|[from] item: Leftovers
|upkeep
|turn|18
|
|t:|1779872687
|move|p2a: Great Tusk|Knock Off|p1a: Ting-Lu
|-resisted|p1a: Ting-Lu
|-damage|p1a: Ting-Lu|77/100
|-enditem|p1a: Ting-Lu|Leftovers|[from] move: Knock Off|[of] p2a: Great Tusk
|move|p1a: Ting-Lu|Earthquake|p2a: Great Tusk
|-damage|p2a: Great Tusk|69/100
|
|-heal|p2a: Great Tusk|75/100|[from] item: Leftovers
|upkeep
|turn|19
|
|t:|1779872703
|switch|p1a: Cinderace|Cinderace, F|100/100
|move|p2a: Great Tusk|Ice Spinner|p1a: Cinderace
|-resisted|p1a: Cinderace
|-damage|p1a: Cinderace|86/100
|
|-heal|p2a: Great Tusk|82/100|[from] item: Leftovers
|upkeep
|turn|20
|
|t:|1779872711
|move|p1a: Cinderace|Will-O-Wisp|p2a: Great Tusk
|-status|p2a: Great Tusk|brn
|move|p2a: Great Tusk|Headlong Rush|p1a: Cinderace
|-supereffective|p1a: Cinderace
|-damage|p1a: Cinderace|29/100
|-unboost|p2a: Great Tusk|def|1
|-unboost|p2a: Great Tusk|spd|1
|
|-heal|p2a: Great Tusk|88/100 brn|[from] item: Leftovers
|-damage|p2a: Great Tusk|82/100 brn|[from] brn
|upkeep
|turn|21
|
|t:|1779872724
|move|p1a: Cinderace|Court Change|p1a: Cinderace
|-swapsideconditions
|-activate|p1a: Cinderace|move: Court Change
|move|p2a: Great Tusk|Headlong Rush|p1a: Cinderace
|-supereffective|p1a: Cinderace
|-damage|p1a: Cinderace|0 fnt
|-unboost|p2a: Great Tusk|def|1
|-unboost|p2a: Great Tusk|spd|1
|faint|p1a: Cinderace
|
|-heal|p2a: Great Tusk|88/100 brn|[from] item: Leftovers
|-damage|p2a: Great Tusk|82/100 brn|[from] brn
|upkeep
|
|t:|1779872730
|switch|p1a: Dondozo|Dondozo, F|34/100
|turn|22
|
|t:|1779872737
|move|p2a: Great Tusk|Rapid Spin|p1a: Dondozo
|-damage|p1a: Dondozo|30/100
|-boost|p2a: Great Tusk|spe|1
|-sideend|p2: Huntail_Biden711|Stealth Rock|[from] move: Rapid Spin|[of] p2a: Great Tusk
|move|p1a: Dondozo|Rest|p1a: Dondozo
|-status|p1a: Dondozo|slp|[from] move: Rest
|-heal|p1a: Dondozo|100/100 slp|[silent]
|
|-heal|p2a: Great Tusk|88/100 brn|[from] item: Leftovers
|-damage|p2a: Great Tusk|82/100 brn|[from] brn
|upkeep
|turn|23
|
|t:|1779872751
|switch|p1a: Slowking|Slowking-Galar, F|100/100
|move|p2a: Great Tusk|Knock Off|p1a: Slowking
|-supereffective|p1a: Slowking
|-damage|p1a: Slowking|79/100
|-enditem|p1a: Slowking|Shuca Berry|[from] move: Knock Off|[of] p2a: Great Tusk
|
|-heal|p2a: Great Tusk|88/100 brn|[from] item: Leftovers
|-damage|p2a: Great Tusk|82/100 brn|[from] brn
|upkeep
|turn|24
|
|t:|1779872774
|move|p2a: Great Tusk|Headlong Rush|p1a: Slowking
|-supereffective|p1a: Slowking
|-damage|p1a: Slowking|43/100
|-unboost|p2a: Great Tusk|def|1
|-unboost|p2a: Great Tusk|spd|1
|move|p1a: Slowking|Sludge Bomb|p2a: Great Tusk
|-resisted|p2a: Great Tusk
|-damage|p2a: Great Tusk|28/100 brn
|
|-heal|p2a: Great Tusk|35/100 brn|[from] item: Leftovers
|-damage|p2a: Great Tusk|28/100 brn|[from] brn
|upkeep
|turn|25
|
|t:|1779872785
|-end|p2a: Great Tusk|Protosynthesis|[silent]
|switch|p2a: Hatterene|Hatterene, F|58/100
|move|p1a: Slowking|Sludge Bomb|p2a: Hatterene
|-supereffective|p2a: Hatterene
|-damage|p2a: Hatterene|14/100
|
|upkeep
|turn|26
|
|t:|1779872793
|move|p2a: Hatterene|Psyshock|p1a: Slowking
|-damage|p1a: Slowking|12/100
|move|p1a: Slowking|Future Sight|p2a: Hatterene
|-start|p1a: Slowking|move: Future Sight
|
|upkeep
|turn|27
|
|t:|1779872800
|move|p2a: Hatterene|Draining Kiss|p1a: Slowking
|-resisted|p1a: Slowking
|-damage|p1a: Slowking|1/100
|-heal|p2a: Hatterene|24/100|[from] drain|[of] p1a: Slowking
|-prepare|p1a: Slowking|Chilly Reception|[premajor]
|move|p1a: Slowking|Chilly Reception|p1a: Slowking
|-weather|Snowscape
|
|t:|1779872805
|switch|p1a: Kyurem|Kyurem|57/100 par|[from] Chilly Reception
|-ability|p1a: Kyurem|Pressure
|
|-weather|Snowscape|[upkeep]
|-heal|p1a: Kyurem|63/100 par|[from] item: Leftovers
|upkeep
|turn|28
|
|t:|1779872813
|switch|p1a: Slowking|Slowking-Galar, F|34/100
|move|p2a: Hatterene|Draining Kiss|p1a: Slowking
|-resisted|p1a: Slowking
|-damage|p1a: Slowking|24/100
|-heal|p2a: Hatterene|33/100|[from] drain|[of] p1a: Slowking
|
|-weather|Snowscape|[upkeep]
|-end|p2a: Hatterene|move: Future Sight
|-resisted|p2a: Hatterene
|-damage|p2a: Hatterene|19/100
|upkeep
|turn|29
|
|t:|1779872823
|move|p2a: Hatterene|Psyshock|p1a: Slowking
|-damage|p1a: Slowking|0 fnt
|faint|p1a: Slowking
|
|-weather|Snowscape|[upkeep]
|upkeep
|
|t:|1779872830
|switch|p1a: Kyurem|Kyurem|63/100 par
|-ability|p1a: Kyurem|Pressure
|turn|30
|
|t:|1779872837
|cant|p1a: Kyurem|par
|move|p2a: Hatterene|Draining Kiss|p1a: Kyurem
|-supereffective|p1a: Kyurem
|-damage|p1a: Kyurem|14/100 par
|-heal|p2a: Hatterene|66/100|[from] drain|[of] p1a: Kyurem
|
|-weather|Snowscape|[upkeep]
|-heal|p1a: Kyurem|21/100 par|[from] item: Leftovers
|upkeep
|turn|31
|
|t:|1779872851
|move|p1a: Kyurem|Freeze-Dry|p2a: Hatterene
|-damage|p2a: Hatterene|43/100
|move|p2a: Hatterene|Draining Kiss|p1a: Kyurem
|-supereffective|p1a: Kyurem
|-damage|p1a: Kyurem|0 fnt
|-heal|p2a: Hatterene|62/100|[from] drain|[of] p1a: Kyurem
|faint|p1a: Kyurem
|
|-weather|none
|upkeep
|
|t:|1779872861
|switch|p1a: Ting-Lu|Ting-Lu|77/100
|-ability|p1a: Ting-Lu|Vessel of Ruin
|turn|32
|
|t:|1779872873
|-terastallize|p1a: Ting-Lu|Water
|move|p1a: Ting-Lu|Earthquake|p2a: Hatterene
|-damage|p2a: Hatterene|26/100
|move|p2a: Hatterene|Draining Kiss|p1a: Ting-Lu
|-damage|p1a: Ting-Lu|66/100
|-heal|p2a: Hatterene|39/100|[from] drain|[of] p1a: Ting-Lu
|
|upkeep
|turn|33
|
|t:|1779872882
|move|p1a: Ting-Lu|Earthquake|p2a: Hatterene
|-damage|p2a: Hatterene|4/100
|move|p2a: Hatterene|Nuzzle|p1a: Ting-Lu
|-supereffective|p1a: Ting-Lu
|-damage|p1a: Ting-Lu|61/100
|-status|p1a: Ting-Lu|par
|
|upkeep
|turn|34
|
|t:|1779872890
|switch|p2a: Dragonite|Dragonite, F|100/100
|cant|p1a: Ting-Lu|par
|
|upkeep
|turn|35
|
|t:|1779872901
|switch|p2a: Hatterene|Hatterene, F|4/100
|move|p1a: Ting-Lu|Rest|p1a: Ting-Lu
|-status|p1a: Ting-Lu|slp|[from] move: Rest
|-heal|p1a: Ting-Lu|100/100 slp|[silent]
|
|upkeep
|turn|36
|
|t:|1779872911
|cant|p1a: Ting-Lu|slp
|move|p1a: Ting-Lu|Sleep Talk|p1a: Ting-Lu
|move|p1a: Ting-Lu|Payback|p2a: Hatterene|[from] move: Sleep Talk
|-damage|p2a: Hatterene|0 fnt
|faint|p2a: Hatterene
|
|upkeep
|
|t:|1779872918
|switch|p2a: Kyurem|Kyurem|61/100
|-ability|p2a: Kyurem|Pressure
|turn|37
|
|t:|1779872924
|move|p2a: Kyurem|Freeze-Dry|p1a: Ting-Lu
|-supereffective|p1a: Ting-Lu
|-damage|p1a: Ting-Lu|51/100 slp
|cant|p1a: Ting-Lu|slp
|move|p1a: Ting-Lu|Sleep Talk|p1a: Ting-Lu
|move|p1a: Ting-Lu|Earthquake|p2a: Kyurem|[from] move: Sleep Talk
|-damage|p2a: Kyurem|28/100
|
|upkeep
|turn|38
|
|t:|1779872935
|move|p2a: Kyurem|Freeze-Dry|p1a: Ting-Lu
|-supereffective|p1a: Ting-Lu
|-damage|p1a: Ting-Lu|7/100 slp
|-curestatus|p1a: Ting-Lu|slp|[msg]
|move|p1a: Ting-Lu|Earthquake|p2a: Kyurem
|-damage|p2a: Kyurem|0 fnt
|faint|p2a: Kyurem
|
|upkeep
|
|t:|1779872943
|switch|p2a: Ceruledge|Ceruledge, M|80/100
|turn|39
|
|t:|1779872948
|switch|p1a: Dondozo|Dondozo, F|100/100 slp
|move|p2a: Ceruledge|Close Combat|p1a: Dondozo
|-damage|p1a: Dondozo|77/100 slp
|-unboost|p2a: Ceruledge|def|1
|-unboost|p2a: Ceruledge|spd|1
|
|-heal|p1a: Dondozo|83/100 slp|[from] item: Leftovers
|upkeep
|turn|40
|
|t:|1779872964
|move|p2a: Ceruledge|Close Combat|p1a: Dondozo
|-damage|p1a: Dondozo|57/100 slp
|-unboost|p2a: Ceruledge|def|1
|-unboost|p2a: Ceruledge|spd|1
|cant|p1a: Dondozo|slp
|
|-heal|p1a: Dondozo|63/100 slp|[from] item: Leftovers
|upkeep
|turn|41
|
|t:|1779872978
|switch|p2a: Dragonite|Dragonite, F|100/100
|cant|p1a: Dondozo|slp
|
|-heal|p1a: Dondozo|69/100 slp|[from] item: Leftovers
|upkeep
|turn|42
|
|t:|1779872987
|move|p2a: Dragonite|Earthquake|p1a: Dondozo
|-damage|p1a: Dondozo|49/100 slp
|-curestatus|p1a: Dondozo|slp|[msg]
|move|p1a: Dondozo|Waterfall|p2a: Dragonite
|-resisted|p2a: Dragonite
|-damage|p2a: Dragonite|94/100
|
|-heal|p1a: Dondozo|55/100|[from] item: Leftovers
|upkeep
|turn|43
|
|t:|1779873000
|move|p2a: Dragonite|Earthquake|p1a: Dondozo
|-damage|p1a: Dondozo|33/100
|move|p1a: Dondozo|Curse|p1a: Dondozo
|-unboost|p1a: Dondozo|spe|1
|-boost|p1a: Dondozo|atk|1
|-boost|p1a: Dondozo|def|1
|
|-heal|p1a: Dondozo|39/100|[from] item: Leftovers
|upkeep
|turn|44
|
|t:|1779873014
|move|p2a: Dragonite|Earthquake|p1a: Dondozo
|-damage|p1a: Dondozo|25/100
|move|p1a: Dondozo|Curse|p1a: Dondozo
|-unboost|p1a: Dondozo|spe|1
|-boost|p1a: Dondozo|atk|1
|-boost|p1a: Dondozo|def|1
|
|-heal|p1a: Dondozo|31/100|[from] item: Leftovers
|upkeep
|turn|45
|
|t:|1779873022
|move|p2a: Dragonite|Earthquake|p1a: Dondozo
|-damage|p1a: Dondozo|19/100
|move|p1a: Dondozo|Waterfall|p2a: Dragonite
|-resisted|p2a: Dragonite
|-damage|p2a: Dragonite|70/100
|
|-heal|p1a: Dondozo|26/100|[from] item: Leftovers
|upkeep
|turn|46
|
|t:|1779873031
|move|p2a: Dragonite|Earthquake|p1a: Dondozo
|-damage|p1a: Dondozo|15/100
|move|p1a: Dondozo|Waterfall|p2a: Dragonite
|-resisted|p2a: Dragonite
|-damage|p2a: Dragonite|45/100
|
|-heal|p1a: Dondozo|21/100|[from] item: Leftovers
|upkeep
|turn|47
|
|t:|1779873038
|move|p2a: Dragonite|Earthquake|p1a: Dondozo
|-damage|p1a: Dondozo|10/100
|move|p1a: Dondozo|Waterfall|p2a: Dragonite
|-resisted|p2a: Dragonite
|-crit|p2a: Dragonite
|-damage|p2a: Dragonite|6/100
|
|-heal|p1a: Dondozo|16/100|[from] item: Leftovers
|upkeep
|turn|48
|
|t:|1779873048
|move|p2a: Dragonite|Roost|p2a: Dragonite
|-heal|p2a: Dragonite|56/100
|-singleturn|p2a: Dragonite|move: Roost
|move|p1a: Dondozo|Rest|p1a: Dondozo
|-status|p1a: Dondozo|slp|[from] move: Rest
|-heal|p1a: Dondozo|100/100 slp|[silent]
|
|upkeep
|turn|49
|
|t:|1779873056
|move|p2a: Dragonite|Earthquake|p1a: Dondozo
|-damage|p1a: Dondozo|91/100 slp
|cant|p1a: Dondozo|slp
|
|-heal|p1a: Dondozo|97/100 slp|[from] item: Leftovers
|upkeep
|turn|50
|
|t:|1779873062
|move|p2a: Dragonite|Earthquake|p1a: Dondozo
|-damage|p1a: Dondozo|86/100 slp
|cant|p1a: Dondozo|slp
|
|-heal|p1a: Dondozo|93/100 slp|[from] item: Leftovers
|upkeep
|turn|51
|
|t:|1779873071
|move|p2a: Dragonite|Earthquake|p1a: Dondozo
|-damage|p1a: Dondozo|83/100 slp
|-curestatus|p1a: Dondozo|slp|[msg]
|move|p1a: Dondozo|Curse|p1a: Dondozo
|-unboost|p1a: Dondozo|spe|1
|-boost|p1a: Dondozo|atk|1
|-boost|p1a: Dondozo|def|1
|
|-heal|p1a: Dondozo|89/100|[from] item: Leftovers
|upkeep
|turn|52
|
|t:|1779873081
|move|p2a: Dragonite|Roost|p2a: Dragonite
|-heal|p2a: Dragonite|100/100
|-singleturn|p2a: Dragonite|move: Roost
|move|p1a: Dondozo|Curse|p1a: Dondozo
|-unboost|p1a: Dondozo|spe|1
|-boost|p1a: Dondozo|atk|1
|-boost|p1a: Dondozo|def|1
|
|-heal|p1a: Dondozo|95/100|[from] item: Leftovers
|upkeep
|turn|53
|
|t:|1779873095
|move|p2a: Dragonite|Dragon Dance|p2a: Dragonite
|-boost|p2a: Dragonite|atk|1
|-boost|p2a: Dragonite|spe|1
|move|p1a: Dondozo|Waterfall|p2a: Dragonite
|-resisted|p2a: Dragonite
|-damage|p2a: Dragonite|81/100
|
|-heal|p1a: Dondozo|100/100|[from] item: Leftovers
|upkeep
|turn|54
|
|t:|1779873104
|move|p2a: Dragonite|Earthquake|p1a: Dondozo
|-damage|p1a: Dondozo|93/100
|move|p1a: Dondozo|Waterfall|p2a: Dragonite
|-resisted|p2a: Dragonite
|-damage|p2a: Dragonite|40/100
|
|-heal|p1a: Dondozo|99/100|[from] item: Leftovers
|upkeep
|turn|55
|
|t:|1779873116
|move|p2a: Dragonite|Roost|p2a: Dragonite
|-heal|p2a: Dragonite|90/100
|-singleturn|p2a: Dragonite|move: Roost
|move|p1a: Dondozo|Body Press|p2a: Dragonite
|-damage|p2a: Dragonite|29/100
|
|-heal|p1a: Dondozo|100/100|[from] item: Leftovers
|upkeep
|turn|56
|-message|Huntail_Biden711 forfeited.
|
|win|claudechamp
|raw|claudechamp's rating: 1161 &rarr; <strong>1190</strong><br />(+29 for winning)
|raw|Huntail_Biden711's rating: 1220 &rarr; <strong>1191</strong><br />(-29 for losing)
|l|☆Huntail_Biden711
|player|p2|
|c|☆claudechamp|gg
