|j|☆kefflonie
|j|☆Joyera.
|t:|1779970050
|gametype|singles
|player|p1|kefflonie|policeman|1117
|player|p2|Joyera.|volkner|1100
|gen|9
|tier|[Gen 9] OU
|rated|
|rule|HP Percentage Mod: HP is shown in percentages
|rule|Endless Battle Clause: Forcing endless battles is banned
|rule|Species Clause: Limit one of each Pokémon
|rule|OHKO Clause: OHKO moves are banned
|rule|Evasion Items Clause: Evasion items are banned
|rule|Evasion Moves Clause: Evasion moves are banned
|rule|Evasion Abilities Clause: Evasion abilities are banned
|rule|Sleep Moves Clause: Sleep-inducing moves are banned
|clearpoke
|poke|p1|Toucannon, M|
|poke|p1|Scovillain, M|
|poke|p1|Ninetales, M|
|poke|p1|Gliscor, F|
|poke|p1|Brambleghast, M|
|poke|p1|Dewgong, M|
|poke|p2|Cinderace, M|
|poke|p2|Landorus-Therian, M|
|poke|p2|Kingambit, M|
|poke|p2|Dragapult, F|
|poke|p2|Greninja-*, M|
|poke|p2|Rillaboom, M|
|teampreview
|
|t:|1779970053
|teamsize|p1|6
|teamsize|p2|6
|start
|switch|p1a: Toucannon|Toucannon, M|100/100
|switch|p2a: Landorus|Landorus-Therian, M, shiny|100/100
|-ability|p2a: Landorus|Intimidate|boost
|-unboost|p1a: Toucannon|atk|1
|turn|1
|
|t:|1779970062
|move|p2a: Landorus|Stealth Rock|p1a: Toucannon
|-sidestart|p1: kefflonie|move: Stealth Rock
|move|p1a: Toucannon|Rock Blast|p2a: Landorus
|-damage|p2a: Landorus|91/100
|-damage|p2a: Landorus|82/100
|-damage|p2a: Landorus|73/100
|-damage|p2a: Landorus|64/100
|-damage|p2a: Landorus|54/100
|-hitcount|p2a: Landorus|5
|-damage|p1a: Toucannon|91/100|[from] item: Life Orb
|
|upkeep
|turn|2
|
|t:|1779970074
|-singleturn|p1a: Toucannon|move: Beak Blast
|move|p2a: Landorus|Stone Edge|p1a: Toucannon
|-supereffective|p1a: Toucannon
|-damage|p1a: Toucannon|0 fnt
|faint|p1a: Toucannon
|
|upkeep
|
|t:|1779970082
|switch|p1a: Brambleghast|Brambleghast, M|100/100
|turn|3
|
|t:|1779970086
|move|p1a: Brambleghast|Rapid Spin|p2a: Landorus
|-damage|p2a: Landorus|35/100
|-boost|p1a: Brambleghast|spe|1
|-damage|p1a: Brambleghast|84/100|[from] item: Rocky Helmet|[of] p2a: Landorus
|-sideend|p1: kefflonie|Stealth Rock|[from] move: Rapid Spin|[of] p1a: Brambleghast
|move|p2a: Landorus|U-turn|p1a: Brambleghast
|-damage|p1a: Brambleghast|33/100
|
|t:|1779970098
|switch|p2a: Greninja|Greninja, M, shiny|100/100|[from] U-turn
|
|upkeep
|turn|4
|
|t:|1779970107
|move|p1a: Brambleghast|Power Whip|p2a: Greninja
|-supereffective|p2a: Greninja
|-enditem|p2a: Greninja|Focus Sash
|-damage|p2a: Greninja|1/100
|move|p2a: Greninja|Night Slash|p1a: Brambleghast
|-start|p2a: Greninja|typechange|Dark|[from] ability: Protean
|-supereffective|p1a: Brambleghast
|-crit|p1a: Brambleghast
|-damage|p1a: Brambleghast|0 fnt
|faint|p1a: Brambleghast
|
|upkeep
|
|t:|1779970120
|switch|p1a: Dewgong|Dewgong, M|100/100
|turn|5
|
|t:|1779970124
|move|p1a: Dewgong|Fake Out|p2a: Greninja
|-damage|p2a: Greninja|0 fnt
|faint|p2a: Greninja
|
|upkeep
|
|t:|1779970132
|switch|p2a: Landorus|Landorus-Therian, M, shiny|35/100
|-ability|p2a: Landorus|Intimidate|boost
|-unboost|p1a: Dewgong|atk|1
|turn|6
|
|t:|1779970139
|move|p1a: Dewgong|Ice Shard|p2a: Landorus
|-supereffective|p2a: Landorus
|-damage|p2a: Landorus|0 fnt
|faint|p2a: Landorus
|
|upkeep
|
|t:|1779970145
|switch|p2a: Rillaboom|Rillaboom, M, shiny|100/100
|-fieldstart|move: Grassy Terrain|[from] ability: Grassy Surge|[of] p2a: Rillaboom
|turn|7
|
|t:|1779970151
|move|p2a: Rillaboom|Grassy Glide|p1a: Dewgong
|-supereffective|p1a: Dewgong
|-damage|p1a: Dewgong|17/100
|-damage|p2a: Rillaboom|84/100|[from] item: Rocky Helmet|[of] p1a: Dewgong
|move|p1a: Dewgong|Perish Song|p1a: Dewgong
|-start|p1a: Dewgong|perish3|[silent]
|-start|p2a: Rillaboom|perish3|[silent]
|-fieldactivate|move: Perish Song
|
|-heal|p2a: Rillaboom|90/100|[from] Grassy Terrain
|-heal|p2a: Rillaboom|96/100|[from] item: Leftovers
|-heal|p1a: Dewgong|23/100|[from] Grassy Terrain
|-start|p2a: Rillaboom|perish3
|-start|p1a: Dewgong|perish3
|upkeep
|turn|8
|
|t:|1779970165
|move|p2a: Rillaboom|Grassy Glide|p1a: Dewgong
|-supereffective|p1a: Dewgong
|-damage|p1a: Dewgong|0 fnt
|-damage|p2a: Rillaboom|79/100|[from] item: Rocky Helmet|[of] p1a: Dewgong
|faint|p1a: Dewgong
|
|-heal|p2a: Rillaboom|86/100|[from] Grassy Terrain
|-heal|p2a: Rillaboom|92/100|[from] item: Leftovers
|-start|p2a: Rillaboom|perish2
|upkeep
|
|t:|1779970176
|switch|p1a: Ninetales|Ninetales, M|100/100
|-weather|SunnyDay|[from] ability: Drought|[of] p1a: Ninetales
|turn|9
|
|t:|1779970186
|move|p1a: Ninetales|Weather Ball|p2a: Rillaboom
|-supereffective|p2a: Rillaboom
|-crit|p2a: Rillaboom
|-damage|p2a: Rillaboom|0 fnt
|faint|p2a: Rillaboom
|
|-weather|SunnyDay|[upkeep]
|upkeep
|
|t:|1779970197
|switch|p2a: Dragapult|Dragapult, F, shiny|100/100
|turn|10
|
|t:|1779970203
|move|p2a: Dragapult|Dragon Darts|p1a: Ninetales
|-damage|p1a: Ninetales|63/100
|-anim|p2a: Dragapult|Dragon Darts|p1a: Ninetales
|-damage|p1a: Ninetales|22/100
|move|p1a: Ninetales|Dark Pulse|p2a: Dragapult
|-supereffective|p2a: Dragapult
|-damage|p2a: Dragapult|41/100
|
|-weather|SunnyDay|[upkeep]
|-heal|p2a: Dragapult|47/100|[from] Grassy Terrain
|-heal|p1a: Ninetales|28/100|[from] Grassy Terrain
|upkeep
|turn|11
|
|t:|1779970215
|move|p2a: Dragapult|Dragon Darts|p1a: Ninetales
|-damage|p1a: Ninetales|0 fnt
|faint|p1a: Ninetales
|
|-weather|SunnyDay|[upkeep]
|-heal|p2a: Dragapult|53/100|[from] Grassy Terrain
|-fieldend|move: Grassy Terrain
|upkeep
|
|t:|1779970222
|switch|p1a: Scovillain|Scovillain, M|100/100
|turn|12
|
|t:|1779970233
|move|p1a: Scovillain|Solar Beam||[still]
|-prepare|p1a: Scovillain|Solar Beam
|-anim|p1a: Scovillain|Solar Beam|p2a: Dragapult
|-resisted|p2a: Dragapult
|-damage|p2a: Dragapult|15/100
|move|p2a: Dragapult|U-turn|p1a: Scovillain
|-damage|p1a: Scovillain|62/100
|
|t:|1779970240
|switch|p2a: Cinderace|Cinderace, M, shiny|100/100|[from] U-turn
|
|-weather|SunnyDay|[upkeep]
|upkeep
|turn|13
|
|t:|1779970249
|move|p1a: Scovillain|Fire Blast|p2a: Cinderace
|-resisted|p2a: Cinderace
|-damage|p2a: Cinderace|38/100
|move|p2a: Cinderace|Pyro Ball|p1a: Scovillain
|-damage|p1a: Scovillain|0 fnt
|faint|p1a: Scovillain
|-damage|p2a: Cinderace|28/100|[from] item: Life Orb
|
|-weather|SunnyDay|[upkeep]
|upkeep
|
|t:|1779970260
|switch|p1a: Gliscor|Gliscor, F|100/100
|turn|14
|
|t:|1779970264
|move|p2a: Cinderace|Pyro Ball|p1a: Gliscor|[miss]
|-miss|p2a: Cinderace|p1a: Gliscor
|move|p1a: Gliscor|Earthquake|p2a: Cinderace
|-supereffective|p2a: Cinderace
|-damage|p2a: Cinderace|0 fnt
|faint|p2a: Cinderace
|
|-weather|SunnyDay|[upkeep]
|-status|p1a: Gliscor|tox|[from] item: Toxic Orb
|upkeep
|
|t:|1779970275
|switch|p2a: Dragapult|Dragapult, F, shiny|15/100
|turn|15
|
|t:|1779970280
|move|p2a: Dragapult|Dragon Darts|p1a: Gliscor
|-damage|p1a: Gliscor|77/100 tox
|-anim|p2a: Dragapult|Dragon Darts|p1a: Gliscor
|-damage|p1a: Gliscor|51/100 tox
|move|p1a: Gliscor|Earthquake|p2a: Dragapult
|-damage|p2a: Dragapult|0 fnt
|faint|p2a: Dragapult
|
|-weather|SunnyDay|[upkeep]
|-heal|p1a: Gliscor|64/100 tox|[from] ability: Poison Heal
|upkeep
|
|t:|1779970291
|switch|p2a: Kingambit|Kingambit, M, shiny|100/100
|-activate|p2a: Kingambit|ability: Supreme Overlord
|-start|p2a: Kingambit|fallen5|[silent]
|turn|16
|
|t:|1779970299
|-terastallize|p1a: Gliscor|Ground
|-terastallize|p2a: Kingambit|Flying
|move|p1a: Gliscor|Earthquake|p2a: Kingambit
|-immune|p2a: Kingambit
|move|p2a: Kingambit|Kowtow Cleave|p1a: Gliscor
|-damage|p1a: Gliscor|0 fnt
|faint|p1a: Gliscor
|
|win|Joyera.
|raw|kefflonie's rating: 1117 &rarr; <strong>1091</strong><br />(-26 for losing)
|raw|Joyera.'s rating: 1100 &rarr; <strong>1126</strong><br />(+26 for winning)
|l|☆kefflonie
|player|p1|
|n|☆Joyera.|joyera
