|j|☆falinks_testing
|j|☆poopy soup
|t:|1779927471
|gametype|singles
|player|p1|falinks_testing|roughneck|1295
|player|p2|poopy soup|1|1288
|gen|9
|tier|[Gen 9] OU
|rated|
|rule|HP Percentage Mod: HP is shown in percentages
|rule|Endless Battle Clause: Forcing endless battles is banned
|rule|Species Clause: Limit one of each Pokémon
|rule|OHKO Clause: OHKO moves are banned
|rule|Evasion Items Clause: Evasion items are banned
|rule|Evasion Moves Clause: Evasion moves are banned
|rule|Evasion Abilities Clause: Evasion abilities are banned
|rule|Sleep Moves Clause: Sleep-inducing moves are banned
|clearpoke
|poke|p1|Vikavolt, F|
|poke|p1|Gholdengo|
|poke|p1|Great Tusk|
|poke|p1|Typhlosion-Hisui, F|
|poke|p1|Meowscarada, F|
|poke|p1|Kyurem|
|poke|p2|Articuno|
|poke|p2|Ninetales-Alola, M|
|poke|p2|Iron Hands|
|poke|p2|Azumarill, M|
|poke|p2|Iron Treads|
|poke|p2|Slowking-Galar, M|
|teampreview
|inactive|Battle timer is ON: inactive players will automatically lose when time's up. (requested by falinks_testing)
|
|t:|1779927480
|teamsize|p1|6
|teamsize|p2|6
|start
|switch|p1a: Vikavolt|Vikavolt, F|100/100
|switch|p2a: Slowking|Slowking-Galar, M|100/100
|turn|1
|
|t:|1779927485
|move|p1a: Vikavolt|Thunder Wave|p2a: Slowking
|-status|p2a: Slowking|par
|move|p2a: Slowking|Sludge Bomb|p1a: Vikavolt
|-damage|p1a: Vikavolt|60/100
|-status|p1a: Vikavolt|psn
|
|-damage|p1a: Vikavolt|48/100 psn|[from] psn
|upkeep
|turn|2
|
|t:|1779927488
|move|p1a: Vikavolt|Sticky Web|p2a: Slowking
|-sidestart|p2: poopy soup|move: Sticky Web
|move|p2a: Slowking|Future Sight|p1a: Vikavolt
|-start|p2a: Slowking|move: Future Sight
|
|-damage|p1a: Vikavolt|36/100 psn|[from] psn
|upkeep
|turn|3
|
|t:|1779927492
|switch|p2a: Iron Treads|Iron Treads|100/100
|-item|p2a: Iron Treads|Air Balloon
|move|p1a: Vikavolt|Volt Switch|p2a: Iron Treads
|-immune|p2a: Iron Treads
|
|-damage|p1a: Vikavolt|23/100 psn|[from] psn
|upkeep
|turn|4
|
|t:|1779927497
|switch|p1a: Gholdengo|Gholdengo|100/100
|-item|p1a: Gholdengo|Air Balloon
|move|p2a: Iron Treads|Ice Spinner|p1a: Gholdengo
|-resisted|p1a: Gholdengo
|-damage|p1a: Gholdengo|90/100
|-enditem|p1a: Gholdengo|Air Balloon
|
|-end|p1a: Gholdengo|move: Future Sight
|-resisted|p1a: Gholdengo
|-damage|p1a: Gholdengo|65/100
|upkeep
|turn|5
|
|t:|1779927501
|move|p2a: Iron Treads|Earthquake|p1a: Gholdengo
|-supereffective|p1a: Gholdengo
|-damage|p1a: Gholdengo|0 fnt
|faint|p1a: Gholdengo
|
|upkeep
|
|t:|1779927509
|switch|p1a: Typhlosion|Typhlosion-Hisui, F|100/100
|-item|p2a: Iron Treads|Air Balloon|[from] ability: Frisk|[of] p1a: Typhlosion
|turn|6
|
|t:|1779927515
|-end|p2a: Iron Treads|Quark Drive|[silent]
|switch|p2a: Azumarill|Azumarill, M|100/100
|-activate|p2a: Azumarill|move: Sticky Web
|-unboost|p2a: Azumarill|spe|1
|move|p1a: Typhlosion|Flamethrower|p2a: Azumarill
|-resisted|p2a: Azumarill
|-damage|p2a: Azumarill|66/100
|
|upkeep
|turn|7
|
|t:|1779927524
|switch|p1a: Vikavolt|Vikavolt, F|23/100 psn
|move|p2a: Azumarill|Liquidation|p1a: Vikavolt
|-damage|p1a: Vikavolt|0 fnt
|faint|p1a: Vikavolt
|
|upkeep
|
|t:|1779927528
|switch|p1a: Meowscarada|Meowscarada, F|100/100
|turn|8
|
|t:|1779927532
|switch|p2a: Articuno|Articuno|100/100
|-ability|p2a: Articuno|Pressure
|move|p1a: Meowscarada|U-turn|p2a: Articuno
|-start|p1a: Meowscarada|typechange|Bug|[from] ability: Protean
|-resisted|p2a: Articuno
|-damage|p2a: Articuno|86/100
|
|t:|1779927537
|switch|p1a: Typhlosion|Typhlosion-Hisui, F|100/100|[from] U-turn
|-item|p2a: Articuno|Covert Cloak|[from] ability: Frisk|[of] p1a: Typhlosion
|
|upkeep
|turn|9
|
|t:|1779927540
|move|p1a: Typhlosion|Eruption|p2a: Articuno
|-supereffective|p2a: Articuno
|-damage|p2a: Articuno|0 fnt
|faint|p2a: Articuno
|
|upkeep
|
|t:|1779927548
|switch|p2a: Azumarill|Azumarill, M|66/100
|-activate|p2a: Azumarill|move: Sticky Web
|-unboost|p2a: Azumarill|spe|1
|turn|10
|
|t:|1779927552
|-terastallize|p1a: Typhlosion|Fire
|move|p2a: Azumarill|Aqua Jet|p1a: Typhlosion
|-supereffective|p1a: Typhlosion
|-damage|p1a: Typhlosion|12/100
|move|p1a: Typhlosion|Eruption|p2a: Azumarill
|-resisted|p2a: Azumarill
|-damage|p2a: Azumarill|56/100
|
|upkeep
|turn|11
|-message|falinks_testing forfeited.
|
|win|poopy soup
|raw|falinks_testing's rating: 1295 &rarr; <strong>1269</strong><br />(-26 for losing)
|raw|poopy soup's rating: 1288 &rarr; <strong>1314</strong><br />(+26 for winning)
|l|☆falinks_testing
|player|p1|
|l|☆poopy soup
|player|p2|
