|j|☆claudechamp
|j|☆FairyManiac0108
|t:|1779801006
|gametype|singles
|player|p1|claudechamp|265|1266
|player|p2|FairyManiac0108|aromalady|1255
|gen|9
|tier|[Gen 9] OU
|rated|
|rule|HP Percentage Mod: HP is shown in percentages
|rule|Endless Battle Clause: Forcing endless battles is banned
|rule|Species Clause: Limit one of each Pokémon
|rule|OHKO Clause: OHKO moves are banned
|rule|Evasion Items Clause: Evasion items are banned
|rule|Evasion Moves Clause: Evasion moves are banned
|rule|Evasion Abilities Clause: Evasion abilities are banned
|rule|Sleep Moves Clause: Sleep-inducing moves are banned
|clearpoke
|poke|p1|Corviknight, M|
|poke|p1|Ting-Lu|
|poke|p1|Kyurem|
|poke|p1|Dondozo, M|
|poke|p1|Slowking-Galar, F|
|poke|p1|Cinderace, F|
|poke|p2|Weezing-Galar, M|
|poke|p2|Vileplume, M|
|poke|p2|Seviper, L1, M|
|poke|p2|Glimmora, M|
|poke|p2|Gengar, M|
|poke|p2|Muk-Alola, M|
|teampreview
|c|☆claudechamp|hf
|inactive|Battle timer is ON: inactive players will automatically lose when time's up. (requested by claudechamp)
|
|t:|1779801015
|teamsize|p1|6
|teamsize|p2|6
|start
|switch|p1a: Cinderace|Cinderace, F|100/100
|switch|p2a: Gengar|Gengar, M|100/100
|turn|1
|
|t:|1779801020
|move|p2a: Gengar|Destiny Bond|p2a: Gengar
|-singlemove|p2a: Gengar|Destiny Bond
|move|p1a: Cinderace|Pyro Ball|p2a: Gengar
|-damage|p2a: Gengar|0 fnt
|faint|p2a: Gengar
|-activate|p2a: Gengar|move: Destiny Bond
|faint|p1a: Cinderace
|
|upkeep
|
|t:|1779801029
|switch|p1a: Kyurem|Kyurem|100/100
|switch|p2a: Seviper|Seviper, L1, M|100/100
|-ability|p1a: Kyurem|Pressure
|turn|2
|
|t:|1779801031
|move|p1a: Kyurem|Earth Power|p2a: Seviper
|-supereffective|p2a: Seviper
|-enditem|p2a: Seviper|Focus Sash
|-damage|p2a: Seviper|9/100
|move|p2a: Seviper|Endeavor|p1a: Kyurem
|-damage|p1a: Kyurem|1/100
|
|-heal|p1a: Kyurem|7/100|[from] item: Leftovers
|upkeep
|turn|3
|
|t:|1779801037
|move|p2a: Seviper|Feint|p1a: Kyurem
|-damage|p1a: Kyurem|7/100
|move|p1a: Kyurem|Freeze-Dry|p2a: Seviper
|-damage|p2a: Seviper|0 fnt
|faint|p2a: Seviper
|
|-heal|p1a: Kyurem|13/100|[from] item: Leftovers
|upkeep
|
|t:|1779801039
|switch|p2a: Muk|Muk-Alola, M|100/100
|turn|4
|
|t:|1779801042
|-terastallize|p1a: Kyurem|Ground
|move|p2a: Muk|Shadow Sneak|p1a: Kyurem
|-damage|p1a: Kyurem|0 fnt
|faint|p1a: Kyurem
|
|upkeep
|
|t:|1779801045
|switch|p1a: Ting-Lu|Ting-Lu|100/100
|-ability|p1a: Ting-Lu|Vessel of Ruin
|turn|5
|
|t:|1779801048
|switch|p2a: Weezing|Weezing-Galar, M|100/100
|move|p1a: Ting-Lu|Earthquake|p2a: Weezing
|-immune|p2a: Weezing|[from] ability: Levitate
|
|upkeep
|turn|6
|
|t:|1779801050
|move|p2a: Weezing|Will-O-Wisp|p1a: Ting-Lu
|-status|p1a: Ting-Lu|brn
|move|p1a: Ting-Lu|Payback|p2a: Weezing
|-resisted|p2a: Weezing
|-damage|p2a: Weezing|94/100
|-damage|p1a: Ting-Lu|84/100 brn|[from] item: Rocky Helmet|[of] p2a: Weezing
|
|-heal|p1a: Ting-Lu|90/100 brn|[from] item: Leftovers
|-damage|p1a: Ting-Lu|84/100 brn|[from] brn
|upkeep
|turn|7
|
|t:|1779801056
|move|p2a: Weezing|Strange Steam|p1a: Ting-Lu
|-supereffective|p1a: Ting-Lu
|-damage|p1a: Ting-Lu|63/100 brn
|move|p1a: Ting-Lu|Rest|p1a: Ting-Lu
|-status|p1a: Ting-Lu|slp|[from] move: Rest
|-heal|p1a: Ting-Lu|100/100 slp|[silent]
|
|upkeep
|turn|8
|
|t:|1779801060
|switch|p2a: Vileplume|Vileplume, M|100/100
|switch|p1a: Slowking|Slowking-Galar, F|100/100
|
|upkeep
|turn|9
|
|t:|1779801062
|switch|p2a: Muk|Muk-Alola, M|100/100
|move|p1a: Slowking|Ice Beam|p2a: Muk
|-damage|p2a: Muk|89/100
|-status|p2a: Muk|frz
|
|upkeep
|turn|10
|
|t:|1779801068
|cant|p2a: Muk|frz
|move|p1a: Slowking|Ice Beam|p2a: Muk
|-damage|p2a: Muk|78/100 frz
|
|upkeep
|turn|11
|
|t:|1779801071
|cant|p2a: Muk|frz
|move|p1a: Slowking|Ice Beam|p2a: Muk
|-damage|p2a: Muk|65/100 frz
|
|upkeep
|turn|12
|
|t:|1779801075
|cant|p2a: Muk|frz
|move|p1a: Slowking|Ice Beam|p2a: Muk
|-damage|p2a: Muk|52/100 frz
|
|upkeep
|turn|13
|
|t:|1779801080
|cant|p2a: Muk|frz
|move|p1a: Slowking|Sludge Bomb|p2a: Muk
|-resisted|p2a: Muk
|-damage|p2a: Muk|43/100 frz
|
|upkeep
|turn|14
|
|t:|1779801086
|cant|p2a: Muk|frz
|move|p1a: Slowking|Sludge Bomb|p2a: Muk
|-resisted|p2a: Muk
|-damage|p2a: Muk|34/100 frz
|
|upkeep
|turn|15
|
|t:|1779801091
|cant|p2a: Muk|frz
|move|p1a: Slowking|Ice Beam|p2a: Muk
|-damage|p2a: Muk|21/100 frz
|
|upkeep
|turn|16
|
|t:|1779801097
|cant|p2a: Muk|frz
|move|p1a: Slowking|Ice Beam|p2a: Muk
|-damage|p2a: Muk|9/100 frz
|
|upkeep
|turn|17
|
|t:|1779801103
|cant|p2a: Muk|frz
|move|p1a: Slowking|Ice Beam|p2a: Muk
|-damage|p2a: Muk|0 fnt
|faint|p2a: Muk
|
|upkeep
|
|t:|1779801105
|switch|p2a: Glimmora|Glimmora, M|100/100
|-item|p2a: Glimmora|Air Balloon
|turn|18
|
|t:|1779801110
|move|p2a: Glimmora|Earth Power|p1a: Slowking
|-supereffective|p1a: Slowking
|-enditem|p1a: Slowking|Shuca Berry|[eat]
|-enditem|p1a: Slowking|Shuca Berry|[weaken]
|-damage|p1a: Slowking|73/100
|move|p1a: Slowking|Future Sight|p2a: Glimmora
|-start|p1a: Slowking|move: Future Sight
|
|upkeep
|turn|19
|
|t:|1779801117
|switch|p1a: Corviknight|Corviknight, M|100/100
|-ability|p1a: Corviknight|Pressure
|move|p2a: Glimmora|Power Gem|p1a: Corviknight
|-damage|p1a: Corviknight|63/100
|
|upkeep
|turn|20
|
|t:|1779801124
|move|p2a: Glimmora|Power Gem|p1a: Corviknight
|-damage|p1a: Corviknight|21/100
|move|p1a: Corviknight|Roost|p1a: Corviknight
|-heal|p1a: Corviknight|71/100
|-singleturn|p1a: Corviknight|move: Roost
|
|-end|p2a: Glimmora|move: Future Sight
|-supereffective|p2a: Glimmora
|-damage|p2a: Glimmora|0 fnt
|-enditem|p2a: Glimmora|Air Balloon
|faint|p2a: Glimmora
|upkeep
|
|t:|1779801126
|switch|p2a: Weezing|Weezing-Galar, M|94/100
|turn|21
|
|t:|1779801130
|switch|p1a: Slowking|Slowking-Galar, F|100/100
|move|p2a: Weezing|Will-O-Wisp|p1a: Slowking
|-status|p1a: Slowking|brn
|
|-damage|p1a: Slowking|94/100 brn|[from] brn
|upkeep
|turn|22
|
|t:|1779801138
|switch|p2a: Vileplume|Vileplume, M|100/100
|move|p1a: Slowking|Future Sight|p2a: Vileplume
|-start|p1a: Slowking|move: Future Sight
|
|-damage|p1a: Slowking|88/100 brn|[from] brn
|upkeep
|turn|23
|
|t:|1779801145
|-terastallize|p2a: Vileplume|Water
|move|p2a: Vileplume|Leech Seed|p1a: Slowking
|-start|p1a: Slowking|move: Leech Seed
|move|p1a: Slowking|Sludge Bomb|p2a: Vileplume
|-damage|p2a: Vileplume|63/100
|-status|p2a: Vileplume|psn
|
|-heal|p2a: Vileplume|69/100 psn|[from] item: Leftovers
|-damage|p1a: Slowking|76/100 brn|[from] Leech Seed|[of] p2a: Vileplume
|-heal|p2a: Vileplume|83/100 psn|[silent]
|-damage|p2a: Vileplume|71/100 psn|[from] psn
|-damage|p1a: Slowking|70/100 brn|[from] brn
|upkeep
|turn|24
|
|t:|1779801154
|move|p2a: Vileplume|Sludge Wave|p1a: Slowking
|-resisted|p1a: Slowking
|-damage|p1a: Slowking|56/100 brn
|move|p1a: Slowking|Sludge Bomb|p2a: Vileplume
|-damage|p2a: Vileplume|34/100 psn
|
|-end|p2a: Vileplume|move: Future Sight
|-damage|p2a: Vileplume|0 fnt
|faint|p2a: Vileplume
|-damage|p1a: Slowking|50/100 brn|[from] brn
|upkeep
|-message|FairyManiac0108 forfeited.
|
|win|claudechamp
|raw|claudechamp's rating: 1266 &rarr; <strong>1290</strong><br />(+24 for winning)
|raw|FairyManiac0108's rating: 1255 &rarr; <strong>1231</strong><br />(-24 for losing)
|l|☆FairyManiac0108
|player|p2|
|c|☆claudechamp|gg
