|j|☆claudechamp
|j|☆dudunfartss
|t:|1779800971
|gametype|singles
|player|p1|claudechamp|265|1216
|player|p2|dudunfartss|102|1278
|gen|9
|tier|[Gen 9] OU
|rated|
|rule|HP Percentage Mod: HP is shown in percentages
|rule|Endless Battle Clause: Forcing endless battles is banned
|rule|Species Clause: Limit one of each Pokémon
|rule|OHKO Clause: OHKO moves are banned
|rule|Evasion Items Clause: Evasion items are banned
|rule|Evasion Moves Clause: Evasion moves are banned
|rule|Evasion Abilities Clause: Evasion abilities are banned
|rule|Sleep Moves Clause: Sleep-inducing moves are banned
|clearpoke
|poke|p1|Gliscor, M|
|poke|p1|Gholdengo|
|poke|p1|Zamazenta-*|
|poke|p1|Blissey, F|
|poke|p1|Skarmory, F|
|poke|p1|Pecharunt|
|poke|p2|Primarina, M|
|poke|p2|Great Tusk|
|poke|p2|Moltres|
|poke|p2|Sinistcha|
|poke|p2|Hydreigon, F|
|poke|p2|Iron Crown|
|teampreview
|c|☆claudechamp|hf
|inactive|Battle timer is ON: inactive players will automatically lose when time's up. (requested by claudechamp)
|
|t:|1779800981
|teamsize|p1|6
|teamsize|p2|6
|start
|switch|p1a: Skarmory|Skarmory, F|100/100
|switch|p2a: Moltres|Moltres|100/100
|turn|1
|
|t:|1779800986
|switch|p1a: Blissey|Blissey, F|100/100
|move|p2a: Moltres|Will-O-Wisp|p1a: Blissey
|-status|p1a: Blissey|brn
|
|-damage|p1a: Blissey|94/100 brn|[from] brn
|upkeep
|turn|2
|
|t:|1779800997
|switch|p2a: Great Tusk|Great Tusk|100/100
|move|p1a: Blissey|Stealth Rock|p2a: Great Tusk
|-sidestart|p2: dudunfartss|move: Stealth Rock
|
|-damage|p1a: Blissey|88/100 brn|[from] brn
|upkeep
|turn|3
|
|t:|1779801001
|move|p2a: Great Tusk|Ice Spinner|p1a: Blissey
|-damage|p1a: Blissey|63/100 brn
|move|p1a: Blissey|Calm Mind|p1a: Blissey
|-boost|p1a: Blissey|spa|1
|-boost|p1a: Blissey|spd|1
|
|-damage|p1a: Blissey|57/100 brn|[from] brn
|upkeep
|turn|4
|
|t:|1779801004
|move|p2a: Great Tusk|Earthquake|p1a: Blissey
|-crit|p1a: Blissey
|-damage|p1a: Blissey|0 fnt
|faint|p1a: Blissey
|
|upkeep
|
|t:|1779801007
|switch|p1a: Pecharunt|Pecharunt|100/100
|turn|5
|
|t:|1779801023
|-end|p2a: Great Tusk|Protosynthesis|[silent]
|switch|p2a: Hydreigon|Hydreigon, F|100/100
|-damage|p2a: Hydreigon|88/100|[from] Stealth Rock
|move|p1a: Pecharunt|Toxic|p2a: Hydreigon
|-status|p2a: Hydreigon|tox
|-start|p2a: Hydreigon|confusion|[from] ability: Poison Puppeteer|[of] p1a: Pecharunt
|
|-damage|p2a: Hydreigon|82/100 tox|[from] psn
|upkeep
|turn|6
|
|t:|1779801028
|-activate|p2a: Hydreigon|confusion
|move|p2a: Hydreigon|Dark Pulse|p1a: Pecharunt
|-supereffective|p1a: Pecharunt
|-damage|p1a: Pecharunt|38/100
|move|p1a: Pecharunt|Shadow Ball|p2a: Hydreigon
|-resisted|p2a: Hydreigon
|-damage|p2a: Hydreigon|76/100 tox
|
|-damage|p2a: Hydreigon|63/100 tox|[from] psn
|upkeep
|turn|7
|
|t:|1779801035
|-activate|p2a: Hydreigon|confusion
|-damage|p2a: Hydreigon|56/100 tox|[from] confusion
|move|p1a: Pecharunt|Recover|p1a: Pecharunt
|-heal|p1a: Pecharunt|88/100
|
|-damage|p2a: Hydreigon|37/100 tox|[from] psn
|upkeep
|turn|8
|
|t:|1779801038
|switch|p1a: Gliscor|Gliscor, M|100/100
|-activate|p2a: Hydreigon|confusion
|move|p2a: Hydreigon|Dark Pulse|p1a: Gliscor
|-damage|p1a: Gliscor|68/100
|
|-damage|p2a: Hydreigon|12/100 tox|[from] psn
|-status|p1a: Gliscor|tox|[from] item: Toxic Orb
|upkeep
|turn|9
|
|t:|1779801043
|-terastallize|p1a: Gliscor|Dark
|-activate|p2a: Hydreigon|confusion
|move|p2a: Hydreigon|Draco Meteor|p1a: Gliscor
|-damage|p1a: Gliscor|21/100 tox
|-unboost|p2a: Hydreigon|spa|2
|move|p1a: Gliscor|Swords Dance|p1a: Gliscor
|-boost|p1a: Gliscor|atk|2
|
|-damage|p2a: Hydreigon|0 fnt|[from] psn
|faint|p2a: Hydreigon
|-heal|p1a: Gliscor|33/100 tox|[from] ability: Poison Heal
|upkeep
|
|t:|1779801051
|switch|p2a: Primarina|Primarina, M|100/100
|-damage|p2a: Primarina|88/100|[from] Stealth Rock
|turn|10
|
|t:|1779801057
|move|p1a: Gliscor|Earthquake|p2a: Primarina
|-crit|p2a: Primarina
|-damage|p2a: Primarina|0 fnt
|faint|p2a: Primarina
|
|-heal|p1a: Gliscor|46/100 tox|[from] ability: Poison Heal
|upkeep
|
|t:|1779801063
|switch|p2a: Moltres|Moltres|100/100
|turn|11
|
|t:|1779801068
|move|p1a: Gliscor|Knock Off|p2a: Moltres
|-damage|p2a: Moltres|60/100
|-enditem|p2a: Moltres|Heavy-Duty Boots|[from] move: Knock Off|[of] p1a: Gliscor
|move|p2a: Moltres|Flamethrower|p1a: Gliscor
|-damage|p1a: Gliscor|14/100 tox
|
|-heal|p1a: Gliscor|26/100 tox|[from] ability: Poison Heal
|upkeep
|turn|12
|
|t:|1779801073
|move|p1a: Gliscor|Protect|p1a: Gliscor
|-singleturn|p1a: Gliscor|Protect
|move|p2a: Moltres|Flamethrower|p1a: Gliscor
|-activate|p1a: Gliscor|move: Protect
|
|-heal|p1a: Gliscor|39/100 tox|[from] ability: Poison Heal
|upkeep
|turn|13
|
|t:|1779801078
|move|p1a: Gliscor|Knock Off|p2a: Moltres
|-damage|p2a: Moltres|33/100
|move|p2a: Moltres|Flamethrower|p1a: Gliscor
|-damage|p1a: Gliscor|1/100 tox
|
|-heal|p1a: Gliscor|14/100 tox|[from] ability: Poison Heal
|upkeep
|turn|14
|
|t:|1779801083
|move|p1a: Gliscor|Knock Off|p2a: Moltres
|-damage|p2a: Moltres|3/100
|move|p2a: Moltres|Roost|p2a: Moltres
|-heal|p2a: Moltres|53/100
|-singleturn|p2a: Moltres|move: Roost
|
|-heal|p1a: Gliscor|26/100 tox|[from] ability: Poison Heal
|upkeep
|turn|15
|
|t:|1779801088
|move|p1a: Gliscor|Protect|p1a: Gliscor
|-singleturn|p1a: Gliscor|Protect
|move|p2a: Moltres|Roost|p2a: Moltres
|-heal|p2a: Moltres|100/100
|-singleturn|p2a: Moltres|move: Roost
|
|-heal|p1a: Gliscor|39/100 tox|[from] ability: Poison Heal
|upkeep
|turn|16
|
|t:|1779801094
|switch|p1a: Pecharunt|Pecharunt|88/100
|move|p2a: Moltres|Flamethrower|p1a: Pecharunt
|-damage|p1a: Pecharunt|52/100
|
|upkeep
|turn|17
|
|t:|1779801100
|switch|p2a: Iron Crown|Iron Crown|100/100
|-damage|p2a: Iron Crown|94/100|[from] Stealth Rock
|move|p1a: Pecharunt|Recover|p1a: Pecharunt
|-heal|p1a: Pecharunt|100/100
|
|upkeep
|turn|18
|
|t:|1779801107
|move|p2a: Iron Crown|Tachyon Cutter|p1a: Pecharunt
|-damage|p1a: Pecharunt|81/100
|-damage|p1a: Pecharunt|60/100
|-hitcount|p1a: Pecharunt|2
|move|p1a: Pecharunt|Parting Shot|p2a: Iron Crown
|-unboost|p2a: Iron Crown|atk|1
|-unboost|p2a: Iron Crown|spa|1
|
|t:|1779801114
|switch|p1a: Gliscor|Gliscor, M, tera:Dark|39/100 tox|[from] Parting Shot
|
|-heal|p1a: Gliscor|51/100 tox|[from] ability: Poison Heal
|upkeep
|turn|19
|
|t:|1779801121
|move|p1a: Gliscor|Swords Dance|p1a: Gliscor
|-boost|p1a: Gliscor|atk|2
|move|p2a: Iron Crown|Volt Switch|p1a: Gliscor
|-damage|p1a: Gliscor|40/100 tox
|
|t:|1779801128
|-end|p2a: Iron Crown|Quark Drive|[silent]
|switch|p2a: Moltres|Moltres|100/100|[from] Volt Switch
|-damage|p2a: Moltres|50/100|[from] Stealth Rock
|
|-heal|p1a: Gliscor|53/100 tox|[from] ability: Poison Heal
|upkeep
|turn|20
|
|t:|1779801134
|move|p1a: Gliscor|Knock Off|p2a: Moltres
|-damage|p2a: Moltres|19/100
|move|p2a: Moltres|Roar|p1a: Gliscor
|drag|p1a: Skarmory|Skarmory, F|100/100
|
|upkeep
|turn|21
|
|t:|1779801141
|switch|p1a: Pecharunt|Pecharunt|60/100
|move|p2a: Moltres|Roost|p2a: Moltres
|-heal|p2a: Moltres|69/100
|-singleturn|p2a: Moltres|move: Roost
|
|upkeep
|turn|22
|
|t:|1779801150
|move|p1a: Pecharunt|Recover|p1a: Pecharunt
|-heal|p1a: Pecharunt|100/100
|move|p2a: Moltres|Will-O-Wisp|p1a: Pecharunt
|-status|p1a: Pecharunt|brn
|
|-damage|p1a: Pecharunt|94/100 brn|[from] brn
|upkeep
|turn|23
|
|t:|1779801158
|move|p1a: Pecharunt|Parting Shot|p2a: Moltres
|-unboost|p2a: Moltres|atk|1
|-unboost|p2a: Moltres|spa|1
|
|t:|1779801163
|switch|p1a: Gliscor|Gliscor, M, tera:Dark|53/100 tox|[from] Parting Shot
|move|p2a: Moltres|Flamethrower|p1a: Gliscor
|-damage|p1a: Gliscor|30/100 tox
|
|-heal|p1a: Gliscor|42/100 tox|[from] ability: Poison Heal
|upkeep
|turn|24
|
|t:|1779801169
|switch|p2a: Great Tusk|Great Tusk|100/100
|move|p1a: Gliscor|Knock Off|p2a: Great Tusk
|-resisted|p2a: Great Tusk
|-damage|p2a: Great Tusk|93/100
|-enditem|p2a: Great Tusk|Heavy-Duty Boots|[from] move: Knock Off|[of] p1a: Gliscor
|
|-heal|p1a: Gliscor|55/100 tox|[from] ability: Poison Heal
|upkeep
|turn|25
|
|t:|1779801174
|move|p1a: Gliscor|Protect|p1a: Gliscor
|-singleturn|p1a: Gliscor|Protect
|move|p2a: Great Tusk|Rapid Spin|p1a: Gliscor
|-activate|p1a: Gliscor|move: Protect
|
|-heal|p1a: Gliscor|67/100 tox|[from] ability: Poison Heal
|upkeep
|turn|26
|
|t:|1779801178
|switch|p1a: Pecharunt|Pecharunt|94/100 brn
|move|p2a: Great Tusk|Earthquake|p1a: Pecharunt
|-supereffective|p1a: Pecharunt
|-damage|p1a: Pecharunt|53/100 brn
|
|-damage|p1a: Pecharunt|47/100 brn|[from] brn
|upkeep
|turn|27
|
|t:|1779801184
|-end|p2a: Great Tusk|Protosynthesis|[silent]
|switch|p2a: Iron Crown|Iron Crown|94/100
|-damage|p2a: Iron Crown|88/100|[from] Stealth Rock
|move|p1a: Pecharunt|Toxic|p2a: Iron Crown
|-immune|p2a: Iron Crown
|
|-damage|p1a: Pecharunt|41/100 brn|[from] brn
|upkeep
|turn|28
|
|t:|1779801190
|switch|p1a: Gliscor|Gliscor, M, tera:Dark|67/100 tox
|move|p2a: Iron Crown|Tachyon Cutter|p1a: Gliscor
|-crit|p1a: Gliscor
|-damage|p1a: Gliscor|39/100 tox
|-crit|p1a: Gliscor
|-damage|p1a: Gliscor|12/100 tox
|-hitcount|p1a: Gliscor|2
|
|-heal|p1a: Gliscor|24/100 tox|[from] ability: Poison Heal
|upkeep
|turn|29
|
|t:|1779801195
|move|p1a: Gliscor|Protect|p1a: Gliscor
|-singleturn|p1a: Gliscor|Protect
|move|p2a: Iron Crown|Tachyon Cutter|p1a: Gliscor
|-activate|p1a: Gliscor|move: Protect
|
|-heal|p1a: Gliscor|37/100 tox|[from] ability: Poison Heal
|upkeep
|turn|30
|
|t:|1779801201
|move|p1a: Gliscor|Earthquake|p2a: Iron Crown
|-supereffective|p2a: Iron Crown
|-damage|p2a: Iron Crown|25/100
|move|p2a: Iron Crown|Tachyon Cutter|p1a: Gliscor
|-damage|p1a: Gliscor|18/100 tox
|-damage|p1a: Gliscor|0 fnt
|faint|p1a: Gliscor
|-hitcount|p1: Gliscor|2
|
|upkeep
|
|t:|1779801206
|switch|p1a: Gholdengo|Gholdengo|100/100
|turn|31
|
|t:|1779801213
|move|p2a: Iron Crown|Tachyon Cutter|p1a: Gholdengo
|-resisted|p1a: Gholdengo
|-damage|p1a: Gholdengo|91/100
|-resisted|p1a: Gholdengo
|-crit|p1a: Gholdengo
|-damage|p1a: Gholdengo|76/100
|-hitcount|p1a: Gholdengo|2
|move|p1a: Gholdengo|Nasty Plot|p1a: Gholdengo
|-boost|p1a: Gholdengo|spa|2
|
|upkeep
|turn|32
|
|t:|1779801218
|move|p2a: Iron Crown|Tachyon Cutter|p1a: Gholdengo
|-resisted|p1a: Gholdengo
|-damage|p1a: Gholdengo|65/100
|-resisted|p1a: Gholdengo
|-damage|p1a: Gholdengo|55/100
|-hitcount|p1a: Gholdengo|2
|move|p1a: Gholdengo|Recover|p1a: Gholdengo
|-heal|p1a: Gholdengo|100/100
|
|upkeep
|turn|33
|
|t:|1779801223
|move|p2a: Iron Crown|Tachyon Cutter|p1a: Gholdengo
|-resisted|p1a: Gholdengo
|-damage|p1a: Gholdengo|91/100
|-resisted|p1a: Gholdengo
|-damage|p1a: Gholdengo|81/100
|-hitcount|p1a: Gholdengo|2
|move|p1a: Gholdengo|Hex|p2a: Iron Crown
|-supereffective|p2a: Iron Crown
|-damage|p2a: Iron Crown|0 fnt
|faint|p2a: Iron Crown
|-end|p2a: Iron Crown|Quark Drive|[silent]
|
|upkeep
|
|t:|1779801225
|switch|p2a: Moltres|Moltres|69/100
|-damage|p2a: Moltres|19/100|[from] Stealth Rock
|turn|34
|
|t:|1779801227
|move|p1a: Gholdengo|Hex|p2a: Moltres
|-damage|p2a: Moltres|0 fnt
|faint|p2a: Moltres
|
|upkeep
|
|t:|1779801230
|switch|p2a: Sinistcha|Sinistcha|100/100
|turn|35
|
|t:|1779801235
|-terastallize|p2a: Sinistcha|Poison
|move|p1a: Gholdengo|Hex|p2a: Sinistcha
|-damage|p2a: Sinistcha|37/100
|move|p2a: Sinistcha|Shadow Ball|p1a: Gholdengo
|-supereffective|p1a: Gholdengo
|-damage|p1a: Gholdengo|14/100
|
|upkeep
|turn|36
|
|t:|1779801241
|move|p1a: Gholdengo|Hex|p2a: Sinistcha
|-damage|p2a: Sinistcha|0 fnt
|faint|p2a: Sinistcha
|
|upkeep
|
|t:|1779801243
|switch|p2a: Great Tusk|Great Tusk|93/100
|-damage|p2a: Great Tusk|90/100|[from] Stealth Rock
|turn|37
|
|t:|1779801248
|move|p1a: Gholdengo|Hex|p2a: Great Tusk
|-crit|p2a: Great Tusk
|-damage|p2a: Great Tusk|0 fnt
|faint|p2a: Great Tusk
|-end|p2a: Great Tusk|Protosynthesis|[silent]
|
|win|claudechamp
|raw|claudechamp's rating: 1290 &rarr; <strong>1314</strong><br />(+24 for winning)
|raw|dudunfartss's rating: 1278 &rarr; <strong>1254</strong><br />(-24 for losing)
|c|☆claudechamp|gg
|l|☆dudunfartss
|player|p2|
