|badge|p2|bronze|gen9ou|100-9
|uhtml|medal-msg|<div class="broadcast-blue">Curious what those medals under the avatar are? PS now has Ladder Seasons! For more information, check out the <a href="https://www.smogon.com/forums/threads/3740067/">thread on Smogon.</a></div>
|j|☆Indigo Disk CJ
|j|☆slitherwing ily ><
|t:|1779892260
|gametype|singles
|player|p1|Indigo Disk CJ|265|1703
|player|p2|slitherwing ily ><|iono-masters|1835
|gen|9
|tier|[Gen 9] OU
|rated|
|rule|HP Percentage Mod: HP is shown in percentages
|rule|Endless Battle Clause: Forcing endless battles is banned
|rule|Species Clause: Limit one of each Pokémon
|rule|OHKO Clause: OHKO moves are banned
|rule|Evasion Items Clause: Evasion items are banned
|rule|Evasion Moves Clause: Evasion moves are banned
|rule|Evasion Abilities Clause: Evasion abilities are banned
|rule|Sleep Moves Clause: Sleep-inducing moves are banned
|clearpoke
|poke|p1|Landorus-Therian, M|
|poke|p1|Ogerpon-Wellspring, F|
|poke|p1|Gholdengo|
|poke|p1|Tyranitar, F|
|poke|p1|Raging Bolt|
|poke|p1|Cinderace, F|
|poke|p2|Rillaboom, M|
|poke|p2|Zamazenta-*|
|poke|p2|Ceruledge, M|
|poke|p2|Samurott-Hisui, F|
|poke|p2|Latias, F|
|poke|p2|Iron Treads|
|teampreview
|inactive|Battle timer is ON: inactive players will automatically lose when time's up. (requested by Indigo Disk CJ)
|c|☆slitherwing ily ><|hf
|
|t:|1779892270
|teamsize|p1|6
|teamsize|p2|6
|start
|switch|p1a: Cinderace|Cinderace, F, shiny|100/100
|switch|p2a: Dawg|Zamazenta|100/100
|-ability|p2a: Dawg|Dauntless Shield|boost
|-boost|p2a: Dawg|def|1
|turn|1
|
|t:|1779892274
|switch|p1a: Landorus|Landorus-Therian, M|100/100
|-ability|p1a: Landorus|Intimidate|boost
|-unboost|p2a: Dawg|atk|1
|move|p2a: Dawg|Reflect|p2a: Dawg
|-sidestart|p2: slitherwing ily ><|Reflect
|
|upkeep
|turn|2
|
|t:|1779892281
|switch|p2a: Avalon|Latias, F, shiny|100/100
|move|p1a: Landorus|Taunt|p2a: Avalon
|-start|p2a: Avalon|move: Taunt
|
|upkeep
|turn|3
|
|t:|1779892289
|switch|p2a: Samurott|Samurott-Hisui, F|100/100
|move|p1a: Landorus|U-turn|p2a: Samurott
|-supereffective|p2a: Samurott
|-damage|p2a: Samurott|72/100
|
|t:|1779892293
|switch|p1a: Cinderace|Cinderace, F, shiny|100/100|[from] U-turn
|
|upkeep
|turn|4
|
|t:|1779892296
|move|p1a: Cinderace|Court Change|p1a: Cinderace
|-start|p1a: Cinderace|typechange|Normal|[from] ability: Libero
|-swapsideconditions
|-activate|p1a: Cinderace|move: Court Change
|move|p2a: Samurott|Razor Shell|p1a: Cinderace
|-damage|p1a: Cinderace|59/100
|
|upkeep
|turn|5
|
|t:|1779892302
|move|p1a: Cinderace|U-turn|p2a: Samurott
|-supereffective|p2a: Samurott
|-damage|p2a: Samurott|12/100
|
|t:|1779892305
|switch|p1a: Ogerpon|Ogerpon-Wellspring, F|100/100|[from] U-turn
|move|p2a: Samurott|Ceaseless Edge|p1a: Ogerpon
|-damage|p1a: Ogerpon|63/100
|-sidestart|p1: Indigo Disk CJ|Spikes
|
|upkeep
|turn|6
|
|t:|1779892307
|move|p2a: Samurott|Sucker Punch|p1a: Ogerpon
|-damage|p1a: Ogerpon|33/100
|move|p1a: Ogerpon|Ivy Cudgel|p2a: Samurott|[anim] Ivy Cudgel Water
|-resisted|p2a: Samurott
|-damage|p2a: Samurott|0 fnt
|faint|p2a: Samurott
|
|upkeep
|
|t:|1779892310
|switch|p2a: Dawg|Zamazenta|100/100
|turn|7
|
|t:|1779892313
|move|p2a: Dawg|Reflect|p2a: Dawg
|-sidestart|p2: slitherwing ily ><|Reflect
|move|p1a: Ogerpon|Encore|p2a: Dawg
|-start|p2a: Dawg|Encore
|
|upkeep
|turn|8
|
|t:|1779892316
|switch|p2a: Avalon|Latias, F, shiny|100/100
|move|p1a: Ogerpon|U-turn|p2a: Avalon
|-supereffective|p2a: Avalon
|-damage|p2a: Avalon|67/100
|-enditem|p2a: Avalon|Weakness Policy
|-boost|p2a: Avalon|atk|2|[from] item: Weakness Policy
|-boost|p2a: Avalon|spa|2|[from] item: Weakness Policy
|
|t:|1779892320
|switch|p1a: Tyranitar|Tyranitar, F, shiny|100/100|[from] U-turn
|-damage|p1a: Tyranitar|88/100|[from] Spikes
|-weather|Sandstorm|[from] ability: Sand Stream|[of] p1a: Tyranitar
|
|-weather|Sandstorm|[upkeep]
|-damage|p2a: Avalon|61/100|[from] Sandstorm
|-sideend|p1: Indigo Disk CJ|Reflect
|upkeep
|turn|9
|
|t:|1779892329
|-terastallize|p2a: Avalon|Fairy
|move|p2a: Avalon|Agility|p2a: Avalon
|-boost|p2a: Avalon|spe|2
|move|p1a: Tyranitar|Knock Off|p2a: Avalon
|-resisted|p2a: Avalon
|-damage|p2a: Avalon|45/100
|
|-weather|Sandstorm|[upkeep]
|-damage|p2a: Avalon|39/100|[from] Sandstorm
|upkeep
|turn|10
|
|t:|1779892334
|switch|p1a: Gholdengo|Gholdengo, shiny|100/100
|-item|p1a: Gholdengo|Air Balloon
|move|p2a: Avalon|Draining Kiss|p1a: Gholdengo
|-resisted|p1a: Gholdengo
|-damage|p1a: Gholdengo|69/100
|-heal|p2a: Avalon|67/100|[from] drain|[of] p1a: Gholdengo
|-enditem|p1a: Gholdengo|Air Balloon
|
|-weather|Sandstorm|[upkeep]
|-damage|p2a: Avalon|61/100|[from] Sandstorm
|upkeep
|turn|11
|
|t:|1779892337
|move|p2a: Avalon|Stored Power|p1a: Gholdengo
|-resisted|p1a: Gholdengo
|-damage|p1a: Gholdengo|0 fnt
|faint|p1a: Gholdengo
|
|-weather|Sandstorm|[upkeep]
|-damage|p2a: Avalon|55/100|[from] Sandstorm
|upkeep
|-message|Indigo Disk CJ forfeited.
|
|win|slitherwing ily ><
|raw|Indigo Disk CJ's rating: 1703 &rarr; <strong>1690</strong><br />(-13 for losing)
|raw|slitherwing ily &gt;&lt;'s rating: 1835 &rarr; <strong>1848</strong><br />(+13 for winning)
|l|☆Indigo Disk CJ
|player|p1|
|l|☆slitherwing ily ><
|player|p2|
