|j|☆Psypedro
|j|☆sagey39
|t:|1779953018
|gametype|singles
|player|p1|Psypedro|dragontamer|1237
|player|p2|sagey39|chuck|1244
|gen|9
|tier|[Gen 9] OU
|rated|
|rule|HP Percentage Mod: HP is shown in percentages
|rule|Endless Battle Clause: Forcing endless battles is banned
|rule|Species Clause: Limit one of each Pokémon
|rule|OHKO Clause: OHKO moves are banned
|rule|Evasion Items Clause: Evasion items are banned
|rule|Evasion Moves Clause: Evasion moves are banned
|rule|Evasion Abilities Clause: Evasion abilities are banned
|rule|Sleep Moves Clause: Sleep-inducing moves are banned
|clearpoke
|poke|p1|Grimmsnarl, M|
|poke|p1|Glimmora, M|
|poke|p1|Dragonite, M|
|poke|p1|Iron Moth|
|poke|p1|Iron Valiant|
|poke|p1|Kingambit, F|
|poke|p2|Dragalge, M|
|poke|p2|Alcremie, F|
|poke|p2|Azelf|
|poke|p2|Volcanion|
|poke|p2|Kyurem|
|poke|p2|Hoopa-Unbound|
|teampreview
|inactive|Battle timer is ON: inactive players will automatically lose when time's up. (requested by sagey39)
|
|t:|1779953031
|teamsize|p1|6
|teamsize|p2|6
|start
|switch|p1a: Grimmsnarl|Grimmsnarl, M|100/100
|switch|p2a: N|Azelf|100/100
|turn|1
|
|t:|1779953037
|move|p1a: Grimmsnarl|Taunt|p2a: N
|-start|p2a: N|move: Taunt
|cant|p2a: N|move: Taunt|Trick
|
|upkeep
|turn|2
|
|t:|1779953045
|move|p1a: Grimmsnarl|Light Screen|p1a: Grimmsnarl
|-sidestart|p1: Psypedro|move: Light Screen
|move|p2a: N|Flamethrower|p1a: Grimmsnarl
|-damage|p1a: Grimmsnarl|83/100
|
|upkeep
|turn|3
|
|t:|1779953067
|switch|p2a: Z|Alcremie, F|100/100
|move|p1a: Grimmsnarl|Reflect|p1a: Grimmsnarl
|-sidestart|p1: Psypedro|Reflect
|
|upkeep
|turn|4
|
|t:|1779953076
|move|p1a: Grimmsnarl|Parting Shot|p2a: Z
|-unboost|p2a: Z|atk|1
|-unboost|p2a: Z|spa|1
|
|t:|1779953098
|switch|p1a: Glimmora|Glimmora, M|100/100|[from] Parting Shot
|move|p2a: Z|Calm Mind|p2a: Z
|-boost|p2a: Z|spa|1
|-boost|p2a: Z|spd|1
|
|upkeep
|turn|5
|
|t:|1779953107
|-terastallize|p2a: Z|Poison
|move|p1a: Glimmora|Mortal Spin|p2a: Z
|-resisted|p2a: Z
|-damage|p2a: Z|98/100
|-damage|p1a: Glimmora|84/100|[from] item: Rocky Helmet|[of] p2a: Z
|move|p2a: Z|Calm Mind|p2a: Z
|-boost|p2a: Z|spa|1
|-boost|p2a: Z|spd|1
|
|upkeep
|turn|6
|
|t:|1779953123
|switch|p1a: Kingambit|Kingambit, F|100/100
|move|p2a: Z|Calm Mind|p2a: Z
|-boost|p2a: Z|spa|1
|-boost|p2a: Z|spd|1
|
|upkeep
|turn|7
|
|t:|1779953134
|move|p1a: Kingambit|Kowtow Cleave|p2a: Z
|-damage|p2a: Z|43/100
|-damage|p1a: Kingambit|84/100|[from] item: Rocky Helmet|[of] p2a: Z
|move|p2a: Z|Calm Mind|p2a: Z
|-boost|p2a: Z|spa|1
|-boost|p2a: Z|spd|1
|
|upkeep
|turn|8
|
|t:|1779953143
|move|p1a: Kingambit|Kowtow Cleave|p2a: Z
|-damage|p2a: Z|0 fnt
|-damage|p1a: Kingambit|67/100|[from] item: Rocky Helmet|[of] p2a: Z
|faint|p2a: Z
|
|upkeep
|
|t:|1779953151
|switch|p2a: U|Hoopa-Unbound|100/100
|turn|9
|
|t:|1779953168
|-end|p1a: Kingambit|fallenundefined|[silent]
|switch|p1a: Grimmsnarl|Grimmsnarl, M|83/100
|move|p2a: U|Drain Punch|p1a: Grimmsnarl
|-damage|p1a: Grimmsnarl|68/100
|
|-sideend|p1: Psypedro|move: Light Screen
|upkeep
|turn|10
|
|t:|1779953177
|move|p1a: Grimmsnarl|Light Screen|p1a: Grimmsnarl
|-sidestart|p1: Psypedro|move: Light Screen
|move|p2a: U|Knock Off|p1a: Grimmsnarl
|-resisted|p1a: Grimmsnarl
|-damage|p1a: Grimmsnarl|59/100
|-enditem|p1a: Grimmsnarl|Light Clay|[from] move: Knock Off|[of] p2a: U
|
|-sideend|p1: Psypedro|Reflect
|upkeep
|turn|11
|
|t:|1779953187
|move|p1a: Grimmsnarl|Reflect|p1a: Grimmsnarl
|-sidestart|p1: Psypedro|Reflect
|move|p2a: U|Drain Punch|p1a: Grimmsnarl
|-damage|p1a: Grimmsnarl|42/100
|
|upkeep
|turn|12
|
|t:|1779953200
|switch|p1a: Iron Valiant|Iron Valiant|100/100
|-enditem|p1a: Iron Valiant|Booster Energy
|-activate|p1a: Iron Valiant|ability: Quark Drive|[fromitem]
|-start|p1a: Iron Valiant|quarkdrivespe
|move|p2a: U|Thunderbolt|p1a: Iron Valiant
|-damage|p1a: Iron Valiant|70/100
|
|upkeep
|turn|13
|
|t:|1779953211
|move|p1a: Iron Valiant|Moonblast|p2a: U
|-supereffective|p2a: U
|-damage|p2a: U|47/100
|move|p2a: U|Psychic Noise|p1a: Iron Valiant
|-supereffective|p1a: Iron Valiant
|-damage|p1a: Iron Valiant|0 fnt
|faint|p1a: Iron Valiant
|-end|p1a: Iron Valiant|Quark Drive|[silent]
|
|upkeep
|
|t:|1779953230
|switch|p1a: Glimmora|Glimmora, M|84/100
|turn|14
|
|t:|1779953234
|move|p1a: Glimmora|Mortal Spin|p2a: U
|-damage|p2a: U|40/100
|-status|p2a: U|psn
|move|p2a: U|Psychic Noise|p1a: Glimmora
|-supereffective|p1a: Glimmora
|-damage|p1a: Glimmora|31/100
|-start|p1a: Glimmora|move: Heal Block
|
|-damage|p2a: U|27/100 psn|[from] psn
|upkeep
|turn|15
|
|t:|1779953249
|move|p1a: Glimmora|Stealth Rock|p2a: U
|-sidestart|p2: sagey39|move: Stealth Rock
|move|p2a: U|Psychic Noise|p1a: Glimmora
|-supereffective|p1a: Glimmora
|-damage|p1a: Glimmora|0 fnt
|faint|p1a: Glimmora
|
|-damage|p2a: U|15/100 psn|[from] psn
|-sideend|p1: Psypedro|Reflect
|upkeep
|
|t:|1779953261
|switch|p1a: Iron Moth|Iron Moth|100/100
|-enditem|p1a: Iron Moth|Booster Energy
|-activate|p1a: Iron Moth|ability: Quark Drive|[fromitem]
|-start|p1a: Iron Moth|quarkdrivespe
|turn|16
|
|t:|1779953273
|switch|p2a: R|Volcanion|100/100
|-damage|p2a: R|76/100|[from] Stealth Rock
|move|p1a: Iron Moth|Fiery Dance|p2a: R
|-resisted|p2a: R
|-damage|p2a: R|63/100
|-boost|p1a: Iron Moth|spa|1
|
|upkeep
|turn|17
|
|t:|1779953290
|move|p1a: Iron Moth|Sludge Wave|p2a: R
|-damage|p2a: R|0 fnt
|faint|p2a: R
|
|-sideend|p1: Psypedro|move: Light Screen
|upkeep
|inactive|sagey39 has 120 seconds left.
|
|t:|1779953312
|switch|p2a: P|Dragalge, M|100/100
|-damage|p2a: P|88/100|[from] Stealth Rock
|turn|18
|
|t:|1779953328
|move|p1a: Iron Moth|Fiery Dance|p2a: P
|-resisted|p2a: P
|-damage|p2a: P|61/100
|-boost|p1a: Iron Moth|spa|1
|move|p2a: P|Dragon Pulse|p1a: Iron Moth
|-damage|p1a: Iron Moth|30/100
|-damage|p2a: P|52/100|[from] item: Life Orb
|
|upkeep
|turn|19
|
|t:|1779953337
|move|p1a: Iron Moth|Fiery Dance|p2a: P
|-resisted|p2a: P
|-damage|p2a: P|18/100
|move|p2a: P|Dragon Pulse|p1a: Iron Moth
|-damage|p1a: Iron Moth|0 fnt
|faint|p1a: Iron Moth
|-end|p1a: Iron Moth|Quark Drive|[silent]
|-damage|p2a: P|8/100|[from] item: Life Orb
|
|upkeep
|
|t:|1779953347
|switch|p1a: Grimmsnarl|Grimmsnarl, M|42/100
|turn|20
|
|t:|1779953351
|move|p1a: Grimmsnarl|Light Screen|p1a: Grimmsnarl
|-sidestart|p1: Psypedro|move: Light Screen
|move|p2a: P|Sludge Wave|p1a: Grimmsnarl
|-supereffective|p1a: Grimmsnarl
|-crit|p1a: Grimmsnarl
|-damage|p1a: Grimmsnarl|0 fnt
|faint|p1a: Grimmsnarl
|-damage|p2a: P|0 fnt|[from] item: Life Orb
|faint|p2a: P
|
|upkeep
|
|t:|1779953368
|switch|p1a: Dragonite|Dragonite, M|100/100
|switch|p2a: O|Kyurem|100/100
|-damage|p2a: O|75/100|[from] Stealth Rock
|-ability|p2a: O|Pressure
|turn|21
|
|t:|1779953379
|-terastallize|p1a: Dragonite|Normal
|move|p1a: Dragonite|Extreme Speed|p2a: O
|-damage|p2a: O|47/100
|move|p2a: O|Freeze-Dry|p1a: Dragonite
|-damage|p1a: Dragonite|93/100
|
|-heal|p2a: O|53/100|[from] item: Leftovers
|upkeep
|turn|22
|
|t:|1779953390
|move|p1a: Dragonite|Extreme Speed|p2a: O
|-damage|p2a: O|23/100
|move|p2a: O|Body Press|p1a: Dragonite
|-supereffective|p1a: Dragonite
|-damage|p1a: Dragonite|43/100
|
|-heal|p2a: O|29/100|[from] item: Leftovers
|upkeep
|turn|23
|
|t:|1779953399
|move|p1a: Dragonite|Extreme Speed|p2a: O
|-damage|p2a: O|0 fnt
|faint|p2a: O
|
|upkeep
|
|t:|1779953409
|switch|p2a: N|Azelf|100/100
|-damage|p2a: N|88/100|[from] Stealth Rock
|turn|24
|
|t:|1779953422
|switch|p2a: U|Hoopa-Unbound|15/100 psn
|-damage|p2a: U|3/100 psn|[from] Stealth Rock
|move|p1a: Dragonite|Extreme Speed|p2a: U
|-damage|p2a: U|0 fnt
|faint|p2a: U
|
|-sideend|p1: Psypedro|move: Light Screen
|upkeep
|
|t:|1779953431
|switch|p2a: N|Azelf|88/100
|-damage|p2a: N|76/100|[from] Stealth Rock
|turn|25
|
|t:|1779953435
|move|p1a: Dragonite|Extreme Speed|p2a: N
|-damage|p2a: N|0 fnt
|faint|p2a: N
|
|win|Psypedro
|raw|Psypedro's rating: 1237 &rarr; <strong>1263</strong><br />(+26 for winning)
|raw|sagey39's rating: 1244 &rarr; <strong>1218</strong><br />(-26 for losing)
|l|☆Psypedro
|player|p1|
|l|☆sagey39
|player|p2|
