|j|☆claudechamp
|j|☆sp1tf1r3
|t:|1779878982
|gametype|singles
|player|p1|claudechamp|169|1316
|player|p2|sp1tf1r3|266|1260
|gen|9
|tier|[Gen 9] OU
|rated|
|rule|HP Percentage Mod: HP is shown in percentages
|rule|Endless Battle Clause: Forcing endless battles is banned
|rule|Species Clause: Limit one of each Pokémon
|rule|OHKO Clause: OHKO moves are banned
|rule|Evasion Items Clause: Evasion items are banned
|rule|Evasion Moves Clause: Evasion moves are banned
|rule|Evasion Abilities Clause: Evasion abilities are banned
|rule|Sleep Moves Clause: Sleep-inducing moves are banned
|clearpoke
|poke|p1|Gliscor, M|
|poke|p1|Gholdengo|
|poke|p1|Zamazenta-*|
|poke|p1|Blissey, F|
|poke|p1|Skarmory, M|
|poke|p1|Pecharunt|
|poke|p2|Rillaboom, M|
|poke|p2|Enamorus, F|
|poke|p2|Garganacl, F|
|poke|p2|Mandibuzz, F|
|poke|p2|Hawlucha, F|
|poke|p2|Lokix, M|
|teampreview
|inactive|Battle timer is ON: inactive players will automatically lose when time's up. (requested by sp1tf1r3)
|c|☆claudechamp|hf
|inactive|claudechamp also wants the timer to be on.
|c|☆sp1tf1r3|u2
|
|t:|1779879002
|teamsize|p1|6
|teamsize|p2|6
|start
|switch|p1a: Skarmory|Skarmory, M|100/100
|switch|p2a: Garganacl|Garganacl, F|100/100
|turn|1
|
|t:|1779879006
|move|p1a: Skarmory|Spikes|p2a: Garganacl
|-sidestart|p2: sp1tf1r3|Spikes
|move|p2a: Garganacl|Salt Cure|p1a: Skarmory
|-damage|p1a: Skarmory|92/100
|-start|p1a: Skarmory|Salt Cure
|
|-damage|p1a: Skarmory|68/100|[from] Salt Cure
|upkeep
|turn|2
|
|t:|1779879013
|switch|p1a: Gliscor|Gliscor, M|100/100
|move|p2a: Garganacl|Stealth Rock|p1a: Gliscor
|-sidestart|p1: claudechamp|move: Stealth Rock
|
|-status|p1a: Gliscor|tox|[from] item: Toxic Orb
|upkeep
|turn|3
|inactive|sp1tf1r3 has 120 seconds left.
|
|t:|1779879054
|switch|p2a: Rillaboom|Rillaboom, M|100/100
|-damage|p2a: Rillaboom|88/100|[from] Spikes
|-fieldstart|move: Grassy Terrain|[from] ability: Grassy Surge|[of] p2a: Rillaboom
|move|p1a: Gliscor|Knock Off|p2a: Rillaboom
|-damage|p2a: Rillaboom|64/100
|-enditem|p2a: Rillaboom|Choice Band|[from] move: Knock Off|[of] p1a: Gliscor
|
|-heal|p2a: Rillaboom|70/100|[from] Grassy Terrain
|upkeep
|turn|4
|
|t:|1779879067
|move|p2a: Rillaboom|Grassy Glide|p1a: Gliscor
|-damage|p1a: Gliscor|71/100 tox
|move|p1a: Gliscor|Swords Dance|p1a: Gliscor
|-boost|p1a: Gliscor|atk|2
|
|-heal|p2a: Rillaboom|76/100|[from] Grassy Terrain
|-heal|p1a: Gliscor|83/100 tox|[from] ability: Poison Heal
|upkeep
|turn|5
|
|t:|1779879076
|move|p1a: Gliscor|Protect|p1a: Gliscor
|-singleturn|p1a: Gliscor|Protect
|move|p2a: Rillaboom|U-turn|p1a: Gliscor
|-activate|p1a: Gliscor|move: Protect
|
|-heal|p2a: Rillaboom|82/100|[from] Grassy Terrain
|-heal|p1a: Gliscor|96/100 tox|[from] ability: Poison Heal
|upkeep
|turn|6
|inactive|sp1tf1r3 has 120 seconds left.
|
|t:|1779879087
|move|p2a: Rillaboom|U-turn|p1a: Gliscor
|-resisted|p1a: Gliscor
|-damage|p1a: Gliscor|85/100 tox
|
|t:|1779879090
|switch|p2a: Mandibuzz|Mandibuzz, F|100/100|[from] U-turn
|move|p1a: Gliscor|Knock Off|p2a: Mandibuzz
|-resisted|p2a: Mandibuzz
|-damage|p2a: Mandibuzz|89/100
|-enditem|p2a: Mandibuzz|Heavy-Duty Boots|[from] move: Knock Off|[of] p1a: Gliscor
|
|-heal|p1a: Gliscor|97/100 tox|[from] ability: Poison Heal
|upkeep
|turn|7
|
|t:|1779879099
|move|p1a: Gliscor|Knock Off|p2a: Mandibuzz
|-resisted|p2a: Mandibuzz
|-damage|p2a: Mandibuzz|81/100
|move|p2a: Mandibuzz|Foul Play|p1a: Gliscor
|-damage|p1a: Gliscor|47/100 tox
|
|-heal|p1a: Gliscor|59/100 tox|[from] ability: Poison Heal
|-fieldend|move: Grassy Terrain
|upkeep
|turn|8
|
|t:|1779879109
|switch|p1a: Blissey|Blissey, F|100/100
|move|p2a: Mandibuzz|Foul Play|p1a: Blissey
|-damage|p1a: Blissey|97/100
|
|upkeep
|turn|9
|
|t:|1779879119
|move|p2a: Mandibuzz|U-turn|p1a: Blissey
|-damage|p1a: Blissey|88/100
|
|t:|1779879131
|switch|p2a: Garganacl|Garganacl, F|100/100|[from] U-turn
|-damage|p2a: Garganacl|88/100|[from] Spikes
|move|p1a: Blissey|Stealth Rock|p2a: Garganacl
|-sidestart|p2: sp1tf1r3|move: Stealth Rock
|
|-heal|p2a: Garganacl|94/100|[from] item: Leftovers
|upkeep
|turn|10
|
|t:|1779879136
|move|p1a: Blissey|Calm Mind|p1a: Blissey
|-boost|p1a: Blissey|spa|1
|-boost|p1a: Blissey|spd|1
|move|p2a: Garganacl|Salt Cure|p1a: Blissey
|-damage|p1a: Blissey|74/100
|-start|p1a: Blissey|Salt Cure
|
|-heal|p2a: Garganacl|100/100|[from] item: Leftovers
|-damage|p1a: Blissey|62/100|[from] Salt Cure
|upkeep
|turn|11
|
|t:|1779879141
|move|p1a: Blissey|Soft-Boiled|p1a: Blissey
|-heal|p1a: Blissey|100/100
|move|p2a: Garganacl|Salt Cure|p1a: Blissey
|-damage|p1a: Blissey|85/100
|
|-damage|p1a: Blissey|72/100|[from] Salt Cure
|upkeep
|turn|12
|
|t:|1779879150
|switch|p2a: Mandibuzz|Mandibuzz, F|81/100
|-damage|p2a: Mandibuzz|56/100|[from] Stealth Rock
|move|p1a: Blissey|Calm Mind|p1a: Blissey
|-boost|p1a: Blissey|spa|1
|-boost|p1a: Blissey|spd|1
|
|-damage|p1a: Blissey|60/100|[from] Salt Cure
|upkeep
|turn|13
|
|t:|1779879162
|move|p2a: Mandibuzz|Defog|p1a: Blissey
|-unboost|p1a: Blissey|evasion|1
|-sideend|p1: claudechamp|Stealth Rock|[from] move: Defog|[of] p2a: Mandibuzz
|-sideend|p2: sp1tf1r3|Spikes|[from] move: Defog|[of] p2a: Mandibuzz
|-sideend|p2: sp1tf1r3|Stealth Rock|[from] move: Defog|[of] p2a: Mandibuzz
|move|p1a: Blissey|Soft-Boiled|p1a: Blissey
|-heal|p1a: Blissey|100/100
|
|-damage|p1a: Blissey|88/100|[from] Salt Cure
|upkeep
|turn|14
|
|t:|1779879170
|move|p2a: Mandibuzz|Roost|p2a: Mandibuzz
|-heal|p2a: Mandibuzz|100/100
|-singleturn|p2a: Mandibuzz|move: Roost
|move|p1a: Blissey|Stealth Rock|p2a: Mandibuzz
|-sidestart|p2: sp1tf1r3|move: Stealth Rock
|
|-damage|p1a: Blissey|76/100|[from] Salt Cure
|upkeep
|turn|15
|
|t:|1779879174
|move|p2a: Mandibuzz|Defog|p1a: Blissey
|-unboost|p1a: Blissey|evasion|1
|-sideend|p2: sp1tf1r3|Stealth Rock|[from] move: Defog|[of] p2a: Mandibuzz
|move|p1a: Blissey|Shadow Ball|p2a: Mandibuzz
|-resisted|p2a: Mandibuzz
|-damage|p2a: Mandibuzz|89/100
|
|-damage|p1a: Blissey|63/100|[from] Salt Cure
|upkeep
|turn|16
|
|t:|1779879191
|move|p2a: Mandibuzz|Foul Play|p1a: Blissey
|-damage|p1a: Blissey|60/100
|move|p1a: Blissey|Stealth Rock|p2a: Mandibuzz
|-sidestart|p2: sp1tf1r3|move: Stealth Rock
|
|-damage|p1a: Blissey|48/100|[from] Salt Cure
|upkeep
|turn|17
|
|t:|1779879199
|move|p2a: Mandibuzz|Foul Play|p1a: Blissey
|-damage|p1a: Blissey|45/100
|move|p1a: Blissey|Shadow Ball|p2a: Mandibuzz
|-resisted|p2a: Mandibuzz
|-damage|p2a: Mandibuzz|76/100
|
|-damage|p1a: Blissey|32/100|[from] Salt Cure
|upkeep
|turn|18
|
|t:|1779879212
|switch|p1a: Gholdengo|Gholdengo|100/100
|move|p2a: Mandibuzz|Defog|p1a: Gholdengo
|-immune|p1a: Gholdengo|[from] ability: Good as Gold
|
|upkeep
|turn|19
|
|t:|1779879230
|switch|p2a: Rillaboom|Rillaboom, M|82/100
|-damage|p2a: Rillaboom|70/100|[from] Stealth Rock
|-fieldstart|move: Grassy Terrain|[from] ability: Grassy Surge|[of] p2a: Rillaboom
|move|p1a: Gholdengo|Thunder Wave|p2a: Rillaboom
|-status|p2a: Rillaboom|par
|
|-heal|p2a: Rillaboom|76/100 par|[from] Grassy Terrain
|upkeep
|turn|20
|
|t:|1779879238
|move|p1a: Gholdengo|Hex|p2a: Rillaboom
|-damage|p2a: Rillaboom|0 fnt
|faint|p2a: Rillaboom
|
|upkeep
|c|☆sp1tf1r3|//weak gholdengo
|c|☆sp1tf1r3|uhh
|inactive|sp1tf1r3 has 120 seconds left.
|c|☆sp1tf1r3|does that not work?
|inactive|sp1tf1r3 has 90 seconds left.
|
|t:|1779879328
|switch|p2a: Lokix|Lokix, M|100/100
|-damage|p2a: Lokix|76/100|[from] Stealth Rock
|turn|21
|
|t:|1779879332
|switch|p1a: Blissey|Blissey, F|32/100
|move|p2a: Lokix|Knock Off|p1a: Blissey
|-damage|p1a: Blissey|0 fnt
|-enditem|p1a: Blissey|Heavy-Duty Boots|[from] move: Knock Off|[of] p2a: Lokix
|faint|p1a: Blissey
|
|-heal|p2a: Lokix|82/100|[from] Grassy Terrain
|upkeep
|
|t:|1779879340
|switch|p1a: Zamazenta|Zamazenta|100/100
|-ability|p1a: Zamazenta|Dauntless Shield|boost
|-boost|p1a: Zamazenta|def|1
|turn|22
|
|t:|1779879346
|switch|p2a: Enamorus|Enamorus, F|100/100
|-damage|p2a: Enamorus|76/100|[from] Stealth Rock
|move|p1a: Zamazenta|Close Combat|p2a: Enamorus
|-resisted|p2a: Enamorus
|-damage|p2a: Enamorus|54/100
|-unboost|p1a: Zamazenta|def|1
|-unboost|p1a: Zamazenta|spd|1
|
|upkeep
|turn|23
|inactive|sp1tf1r3 has 90 seconds left.
|
|t:|1779879359
|move|p2a: Enamorus|Moonblast|p1a: Zamazenta
|-supereffective|p1a: Zamazenta
|-damage|p1a: Zamazenta|0 fnt
|faint|p1a: Zamazenta
|
|-fieldend|move: Grassy Terrain
|upkeep
|
|t:|1779879367
|switch|p1a: Pecharunt|Pecharunt|100/100
|turn|24
|
|t:|1779879375
|switch|p2a: Mandibuzz|Mandibuzz, F|76/100
|-damage|p2a: Mandibuzz|51/100|[from] Stealth Rock
|move|p1a: Pecharunt|Toxic|p2a: Mandibuzz
|-status|p2a: Mandibuzz|tox
|-start|p2a: Mandibuzz|confusion|[from] ability: Poison Puppeteer|[of] p1a: Pecharunt
|
|-damage|p2a: Mandibuzz|45/100 tox|[from] psn
|upkeep
|turn|25
|inactive|sp1tf1r3 has 90 seconds left.
|
|t:|1779879390
|move|p1a: Pecharunt|Shadow Ball|p2a: Mandibuzz
|-resisted|p2a: Mandibuzz
|-damage|p2a: Mandibuzz|35/100 tox
|-activate|p2a: Mandibuzz|confusion
|-damage|p2a: Mandibuzz|31/100 tox|[from] confusion
|
|-damage|p2a: Mandibuzz|19/100 tox|[from] psn
|upkeep
|turn|26
|
|t:|1779879400
|move|p1a: Pecharunt|Shadow Ball|p2a: Mandibuzz
|-resisted|p2a: Mandibuzz
|-damage|p2a: Mandibuzz|8/100 tox
|-unboost|p2a: Mandibuzz|spd|1
|-activate|p2a: Mandibuzz|confusion
|move|p2a: Mandibuzz|Foul Play|p1a: Pecharunt
|-supereffective|p1a: Pecharunt
|-damage|p1a: Pecharunt|80/100
|
|-damage|p2a: Mandibuzz|0 fnt|[from] psn
|faint|p2a: Mandibuzz
|upkeep
|inactive|sp1tf1r3 has 90 seconds left.
|
|t:|1779879427
|switch|p2a: Garganacl|Garganacl, F|100/100
|-damage|p2a: Garganacl|88/100|[from] Stealth Rock
|turn|27
|
|t:|1779879434
|move|p1a: Pecharunt|Parting Shot|p2a: Garganacl
|-unboost|p2a: Garganacl|atk|1
|-unboost|p2a: Garganacl|spa|1
|
|t:|1779879446
|switch|p1a: Gliscor|Gliscor, M|59/100 tox|[from] Parting Shot
|move|p2a: Garganacl|Salt Cure|p1a: Gliscor
|-crit|p1a: Gliscor
|-damage|p1a: Gliscor|42/100 tox
|-start|p1a: Gliscor|Salt Cure
|
|-heal|p2a: Garganacl|94/100|[from] item: Leftovers
|-heal|p1a: Gliscor|55/100 tox|[from] ability: Poison Heal
|-damage|p1a: Gliscor|42/100 tox|[from] Salt Cure
|upkeep
|turn|28
|inactive|sp1tf1r3 has 90 seconds left.
|
|t:|1779879469
|-terastallize|p2a: Garganacl|Fairy
|move|p1a: Gliscor|Knock Off|p2a: Garganacl
|-resisted|p2a: Garganacl
|-damage|p2a: Garganacl|87/100
|-enditem|p2a: Garganacl|Leftovers|[from] move: Knock Off|[of] p1a: Gliscor
|move|p2a: Garganacl|Salt Cure|p1a: Gliscor
|-damage|p1a: Gliscor|34/100 tox
|
|-heal|p1a: Gliscor|47/100 tox|[from] ability: Poison Heal
|-damage|p1a: Gliscor|34/100 tox|[from] Salt Cure
|upkeep
|turn|29
|
|t:|1779879479
|switch|p1a: Pecharunt|Pecharunt|80/100
|move|p2a: Garganacl|Salt Cure|p1a: Pecharunt
|-damage|p1a: Pecharunt|76/100
|-start|p1a: Pecharunt|Salt Cure
|
|-damage|p1a: Pecharunt|63/100|[from] Salt Cure
|upkeep
|turn|30
|inactive|sp1tf1r3 has 90 seconds left.
|
|t:|1779879489
|move|p1a: Pecharunt|Recover|p1a: Pecharunt
|-heal|p1a: Pecharunt|100/100
|move|p2a: Garganacl|Salt Cure|p1a: Pecharunt
|-damage|p1a: Pecharunt|96/100
|
|-damage|p1a: Pecharunt|83/100|[from] Salt Cure
|upkeep
|turn|31
|
|t:|1779879499
|switch|p1a: Gliscor|Gliscor, M|34/100 tox
|move|p2a: Garganacl|Salt Cure|p1a: Gliscor
|-damage|p1a: Gliscor|27/100 tox
|-start|p1a: Gliscor|Salt Cure
|
|-heal|p1a: Gliscor|39/100 tox|[from] ability: Poison Heal
|-damage|p1a: Gliscor|27/100 tox|[from] Salt Cure
|upkeep
|turn|32
|
|t:|1779879509
|switch|p1a: Pecharunt|Pecharunt|83/100
|move|p2a: Garganacl|Salt Cure|p1a: Pecharunt
|-damage|p1a: Pecharunt|79/100
|-start|p1a: Pecharunt|Salt Cure
|
|-damage|p1a: Pecharunt|67/100|[from] Salt Cure
|upkeep
|turn|33
|
|t:|1779879519
|move|p1a: Pecharunt|Recover|p1a: Pecharunt
|-heal|p1a: Pecharunt|100/100
|move|p2a: Garganacl|Salt Cure|p1a: Pecharunt
|-damage|p1a: Pecharunt|96/100
|
|-damage|p1a: Pecharunt|84/100|[from] Salt Cure
|upkeep
|turn|34
|
|t:|1779879531
|switch|p1a: Gliscor|Gliscor, M|27/100 tox
|move|p2a: Garganacl|Salt Cure|p1a: Gliscor
|-damage|p1a: Gliscor|18/100 tox
|-start|p1a: Gliscor|Salt Cure
|
|-heal|p1a: Gliscor|31/100 tox|[from] ability: Poison Heal
|-damage|p1a: Gliscor|18/100 tox|[from] Salt Cure
|upkeep
|turn|35
|
|t:|1779879543
|move|p1a: Gliscor|Earthquake|p2a: Garganacl
|-damage|p2a: Garganacl|64/100
|move|p2a: Garganacl|Salt Cure|p1a: Gliscor
|-damage|p1a: Gliscor|11/100 tox
|
|-heal|p1a: Gliscor|24/100 tox|[from] ability: Poison Heal
|-damage|p1a: Gliscor|11/100 tox|[from] Salt Cure
|upkeep
|turn|36
|
|t:|1779879555
|move|p1a: Gliscor|Earthquake|p2a: Garganacl
|-damage|p2a: Garganacl|44/100
|move|p2a: Garganacl|Stealth Rock|p1a: Gliscor
|-sidestart|p1: claudechamp|move: Stealth Rock
|
|-heal|p1a: Gliscor|24/100 tox|[from] ability: Poison Heal
|-damage|p1a: Gliscor|11/100 tox|[from] Salt Cure
|upkeep
|turn|37
|
|t:|1779879568
|move|p1a: Gliscor|Swords Dance|p1a: Gliscor
|-boost|p1a: Gliscor|atk|2
|move|p2a: Garganacl|Recover|p2a: Garganacl
|-heal|p2a: Garganacl|94/100
|
|-heal|p1a: Gliscor|24/100 tox|[from] ability: Poison Heal
|-damage|p1a: Gliscor|11/100 tox|[from] Salt Cure
|upkeep
|turn|38
|
|t:|1779879582
|move|p1a: Gliscor|Earthquake|p2a: Garganacl
|-damage|p2a: Garganacl|51/100
|move|p2a: Garganacl|Salt Cure|p1a: Gliscor
|-damage|p1a: Gliscor|4/100 tox
|
|-heal|p1a: Gliscor|16/100 tox|[from] ability: Poison Heal
|-damage|p1a: Gliscor|4/100 tox|[from] Salt Cure
|upkeep
|turn|39
|
|t:|1779879595
|move|p1a: Gliscor|Earthquake|p2a: Garganacl
|-damage|p2a: Garganacl|8/100
|move|p2a: Garganacl|Salt Cure|p1a: Gliscor
|-damage|p1a: Gliscor|0 fnt
|faint|p1a: Gliscor
|
|upkeep
|
|t:|1779879607
|switch|p1a: Pecharunt|Pecharunt|84/100
|turn|40
|
|t:|1779879614
|move|p1a: Pecharunt|Shadow Ball|p2a: Garganacl
|-damage|p2a: Garganacl|0 fnt
|faint|p2a: Garganacl
|
|upkeep
|inactive|sp1tf1r3 has 120 seconds left.
|
|t:|1779879639
|switch|p2a: Lokix|Lokix, M|82/100
|-damage|p2a: Lokix|57/100|[from] Stealth Rock
|turn|41
|inactive|sp1tf1r3 has 120 seconds left.
|
|t:|1779879651
|-terastallize|p1a: Pecharunt|Fairy
|move|p2a: Lokix|Knock Off|p1a: Pecharunt
|-resisted|p1a: Pecharunt
|-damage|p1a: Pecharunt|52/100
|-enditem|p1a: Pecharunt|Heavy-Duty Boots|[from] move: Knock Off|[of] p2a: Lokix
|move|p1a: Pecharunt|Toxic|p2a: Lokix
|-status|p2a: Lokix|tox
|-start|p2a: Lokix|confusion|[from] ability: Poison Puppeteer|[of] p1a: Pecharunt
|
|-damage|p2a: Lokix|51/100 tox|[from] psn
|upkeep
|turn|42
|inactive|sp1tf1r3 has 120 seconds left.
|
|t:|1779879665
|switch|p2a: Hawlucha|Hawlucha, F|100/100
|-damage|p2a: Hawlucha|88/100|[from] Stealth Rock
|move|p1a: Pecharunt|Recover|p1a: Pecharunt
|-heal|p1a: Pecharunt|100/100
|
|upkeep
|turn|43
|
|t:|1779879678
|move|p2a: Hawlucha|Encore|p1a: Pecharunt
|-start|p1a: Pecharunt|Encore
|move|p1a: Pecharunt|Recover||[still]
|-fail|p1a: Pecharunt|heal
|
|upkeep
|turn|44
|
|t:|1779879690
|switch|p1a: Gholdengo|Gholdengo|100/100
|-damage|p1a: Gholdengo|94/100|[from] Stealth Rock
|move|p2a: Hawlucha|Swords Dance|p2a: Hawlucha
|-boost|p2a: Hawlucha|atk|2
|
|upkeep
|turn|45
|
|t:|1779879699
|move|p2a: Hawlucha|Acrobatics|p1a: Gholdengo
|-resisted|p1a: Gholdengo
|-damage|p1a: Gholdengo|77/100
|move|p1a: Gholdengo|Hex|p2a: Hawlucha
|-damage|p2a: Hawlucha|47/100
|
|upkeep
|turn|46
|
|t:|1779879714
|move|p2a: Hawlucha|Acrobatics|p1a: Gholdengo
|-resisted|p1a: Gholdengo
|-damage|p1a: Gholdengo|57/100
|move|p1a: Gholdengo|Hex|p2a: Hawlucha
|-damage|p2a: Hawlucha|5/100
|
|upkeep
|turn|47
|
|t:|1779879730
|move|p2a: Hawlucha|Acrobatics|p1a: Gholdengo
|-resisted|p1a: Gholdengo
|-damage|p1a: Gholdengo|38/100
|move|p1a: Gholdengo|Recover|p1a: Gholdengo
|-heal|p1a: Gholdengo|88/100
|
|upkeep
|turn|48
|
|t:|1779879750
|switch|p1a: Skarmory|Skarmory, M|68/100
|move|p2a: Hawlucha|Acrobatics|p1a: Skarmory
|-resisted|p1a: Skarmory
|-damage|p1a: Skarmory|52/100
|
|upkeep
|turn|49
|inactive|claudechamp has 120 seconds left.
|
|t:|1779879766
|move|p2a: Hawlucha|Close Combat|p1a: Skarmory
|-damage|p1a: Skarmory|0 fnt
|-unboost|p2a: Hawlucha|def|1
|-unboost|p2a: Hawlucha|spd|1
|faint|p1a: Skarmory
|
|upkeep
|inactive|claudechamp has 120 seconds left.
|
|t:|1779879775
|switch|p1a: Gholdengo|Gholdengo|88/100
|-damage|p1a: Gholdengo|81/100|[from] Stealth Rock
|turn|50
|inactive|claudechamp has 120 seconds left.
|
|t:|1779879792
|move|p2a: Hawlucha|Acrobatics|p1a: Gholdengo
|-resisted|p1a: Gholdengo
|-damage|p1a: Gholdengo|62/100
|move|p1a: Gholdengo|Hex|p2a: Hawlucha
|-damage|p2a: Hawlucha|0 fnt
|faint|p2a: Hawlucha
|
|upkeep
|
|t:|1779879802
|switch|p2a: Enamorus|Enamorus, F|54/100
|-damage|p2a: Enamorus|29/100|[from] Stealth Rock
|turn|51
|inactive|claudechamp has 120 seconds left.
|
|t:|1779879817
|move|p2a: Enamorus|Earth Power|p1a: Gholdengo
|-supereffective|p1a: Gholdengo
|-damage|p1a: Gholdengo|0 fnt
|faint|p1a: Gholdengo
|
|upkeep
|inactive|claudechamp has 120 seconds left.
|
|t:|1779879826
|switch|p1a: Pecharunt|Pecharunt, tera:Fairy|100/100
|-damage|p1a: Pecharunt|88/100|[from] Stealth Rock
|turn|52
|
|t:|1779879835
|move|p2a: Enamorus|Earth Power|p1a: Pecharunt
|-damage|p1a: Pecharunt|50/100
|move|p1a: Pecharunt|Shadow Ball|p2a: Enamorus
|-damage|p2a: Enamorus|0 fnt
|faint|p2a: Enamorus
|
|upkeep
|
|t:|1779879839
|switch|p2a: Lokix|Lokix, M|51/100 tox
|-damage|p2a: Lokix|26/100 tox|[from] Stealth Rock
|turn|53
|
|t:|1779879856
|move|p2a: Lokix|First Impression|p1a: Pecharunt
|-resisted|p1a: Pecharunt
|-damage|p1a: Pecharunt|18/100
|move|p1a: Pecharunt|Recover|p1a: Pecharunt
|-heal|p1a: Pecharunt|68/100
|
|-damage|p2a: Lokix|20/100 tox|[from] psn
|upkeep
|turn|54
|
|t:|1779879865
|move|p2a: Lokix|First Impression||[still]
|-hint|First Impression only works on your first turn out.
|-fail|p2a: Lokix
|move|p1a: Pecharunt|Recover|p1a: Pecharunt
|-heal|p1a: Pecharunt|100/100
|
|-damage|p2a: Lokix|8/100 tox|[from] psn
|upkeep
|turn|55
|-message|sp1tf1r3 forfeited.
|
|win|claudechamp
|raw|claudechamp's rating: 1297 &rarr; <strong>1319</strong><br />(+22 for winning)
|raw|sp1tf1r3's rating: 1260 &rarr; <strong>1238</strong><br />(-22 for losing)
|l|☆sp1tf1r3
|player|p2|
|c|☆claudechamp|gg
