|badge|p1|silver|gen9ou|30-9
|uhtml|medal-msg|<div class="broadcast-blue">Curious what those medals under the avatar are? PS now has Ladder Seasons! For more information, check out the <a href="https://www.smogon.com/forums/threads/3740067/">thread on Smogon.</a></div>
|badge|p2|bronze|gen9ou|100-9
|uhtml|medal-msg|<div class="broadcast-blue">Curious what those medals under the avatar are? PS now has Ladder Seasons! For more information, check out the <a href="https://www.smogon.com/forums/threads/3740067/">thread on Smogon.</a></div>
|j|☆RedemptiveSketch
|j|☆Superhjkdetective
|t:|1779901248
|gametype|singles
|player|p1|RedemptiveSketch|boarder-gen2|1872
|player|p2|Superhjkdetective|1|1825
|gen|9
|tier|[Gen 9] OU
|rated|
|rule|HP Percentage Mod: HP is shown in percentages
|rule|Endless Battle Clause: Forcing endless battles is banned
|rule|Species Clause: Limit one of each Pokémon
|rule|OHKO Clause: OHKO moves are banned
|rule|Evasion Items Clause: Evasion items are banned
|rule|Evasion Moves Clause: Evasion moves are banned
|rule|Evasion Abilities Clause: Evasion abilities are banned
|rule|Sleep Moves Clause: Sleep-inducing moves are banned
|clearpoke
|poke|p1|Kingambit, F|
|poke|p1|Cinderace, M|
|poke|p1|Corviknight, M|
|poke|p1|Electrode-Hisui|
|poke|p1|Kyurem|
|poke|p1|Darkrai|
|poke|p2|Pecharunt|
|poke|p2|Samurott-Hisui, F|
|poke|p2|Hatterene, F|
|poke|p2|Great Tusk|
|poke|p2|Garganacl, F|
|poke|p2|Kyurem|
|teampreview
|inactive|Battle timer is ON: inactive players will automatically lose when time's up. (requested by RedemptiveSketch)
|
|t:|1779901274
|teamsize|p1|6
|teamsize|p2|6
|start
|switch|p1a: Electrode|Electrode-Hisui|100/100
|switch|p2a: Great Tusk|Great Tusk|100/100
|turn|1
|j| Monkey D MinMin
|
|t:|1779901282
|-end|p2a: Great Tusk|Protosynthesis|[silent]
|switch|p2a: Kyurem|Kyurem|100/100
|-ability|p2a: Kyurem|Pressure
|move|p1a: Electrode|Energy Ball|p2a: Kyurem
|-resisted|p2a: Kyurem
|-crit|p2a: Kyurem
|-damage|p2a: Kyurem|74/100
|
|upkeep
|turn|2
|
|t:|1779901291
|move|p1a: Electrode|Volt Switch|p2a: Kyurem
|-resisted|p2a: Kyurem
|-damage|p2a: Kyurem|62/100
|j| W80
|
|t:|1779901295
|switch|p1a: Kyurem|Kyurem|100/100|[from] Volt Switch
|-ability|p1a: Kyurem|Pressure
|move|p2a: Kyurem|Draco Meteor|p1a: Kyurem
|-supereffective|p1a: Kyurem
|-damage|p1a: Kyurem|0 fnt
|-unboost|p2a: Kyurem|spa|2
|faint|p1a: Kyurem
|
|upkeep
|
|t:|1779901301
|switch|p1a: Cinderace|Cinderace, M|100/100
|turn|3
|
|t:|1779901304
|switch|p2a: Pecharunt|Pecharunt|100/100
|move|p1a: Cinderace|Pyro Ball|p2a: Pecharunt|[miss]
|-miss|p1a: Cinderace|p2a: Pecharunt
|
|upkeep
|turn|4
|
|t:|1779901311
|switch|p1a: Kingambit|Kingambit, F|100/100
|-activate|p1a: Kingambit|ability: Supreme Overlord
|-start|p1a: Kingambit|fallen1|[silent]
|move|p2a: Pecharunt|Parting Shot|p1a: Kingambit
|-unboost|p1a: Kingambit|atk|1
|-unboost|p1a: Kingambit|spa|1
|
|t:|1779901318
|switch|p2a: Great Tusk|Great Tusk|100/100|[from] Parting Shot
|
|upkeep
|turn|5
|
|t:|1779901323
|-end|p1a: Kingambit|fallen1|[silent]
|switch|p1a: Corviknight|Corviknight, M|100/100
|-ability|p1a: Corviknight|Pressure
|move|p2a: Great Tusk|Close Combat|p1a: Corviknight
|-damage|p1a: Corviknight|62/100
|-unboost|p2a: Great Tusk|def|1
|-unboost|p2a: Great Tusk|spd|1
|-damage|p2a: Great Tusk|84/100|[from] item: Rocky Helmet|[of] p1a: Corviknight
|
|upkeep
|turn|6
|
|t:|1779901330
|-end|p2a: Great Tusk|Protosynthesis|[silent]
|switch|p2a: Kyurem|Kyurem|62/100
|-ability|p2a: Kyurem|Pressure
|move|p1a: Corviknight|Roost|p1a: Corviknight
|-heal|p1a: Corviknight|100/100
|-singleturn|p1a: Corviknight|move: Roost
|
|upkeep
|turn|7
|
|t:|1779901335
|move|p2a: Kyurem|Ice Beam|p1a: Corviknight
|-damage|p1a: Corviknight|33/100
|move|p1a: Corviknight|Body Press|p2a: Kyurem
|-supereffective|p2a: Kyurem
|-damage|p2a: Kyurem|15/100
|
|upkeep
|turn|8
|
|t:|1779901339
|switch|p1a: Kingambit|Kingambit, F|100/100
|-activate|p1a: Kingambit|ability: Supreme Overlord
|-start|p1a: Kingambit|fallen1|[silent]
|move|p2a: Kyurem|Ice Beam|p1a: Kingambit
|-resisted|p1a: Kingambit
|-damage|p1a: Kingambit|65/100
|
|-heal|p1a: Kingambit|71/100|[from] item: Leftovers
|upkeep
|turn|9
|
|t:|1779901342
|move|p2a: Kyurem|Ice Beam|p1a: Kingambit
|-resisted|p1a: Kingambit
|-damage|p1a: Kingambit|38/100
|move|p1a: Kingambit|Iron Head|p2a: Kyurem
|-supereffective|p2a: Kyurem
|-damage|p2a: Kyurem|0 fnt
|faint|p2a: Kyurem
|
|-heal|p1a: Kingambit|44/100|[from] item: Leftovers
|upkeep
|
|t:|1779901345
|switch|p2a: Samurott|Samurott-Hisui, F|100/100
|turn|10
|
|t:|1779901359
|move|p2a: Samurott|Swords Dance|p2a: Samurott
|-boost|p2a: Samurott|atk|2
|move|p1a: Kingambit|Kowtow Cleave|p2a: Samurott
|-resisted|p2a: Samurott
|-damage|p2a: Samurott|66/100
|
|-heal|p1a: Kingambit|50/100|[from] item: Leftovers
|upkeep
|turn|11
|
|t:|1779901371
|-end|p1a: Kingambit|fallen1|[silent]
|switch|p1a: Corviknight|Corviknight, M|33/100
|-ability|p1a: Corviknight|Pressure
|move|p2a: Samurott|Ceaseless Edge|p1a: Corviknight
|-damage|p1a: Corviknight|0 fnt
|-damage|p2a: Samurott|49/100|[from] item: Rocky Helmet|[of] p1a: Corviknight
|-sidestart|p1: RedemptiveSketch|Spikes
|faint|p1a: Corviknight
|
|upkeep
|
|t:|1779901384
|switch|p1a: Cinderace|Cinderace, M|100/100
|turn|12
|j| Lowladderubersnoob
|
|t:|1779901399
|move|p2a: Samurott|Sucker Punch||[still]
|-fail|p2a: Samurott
|move|p1a: Cinderace|Court Change|p1a: Cinderace
|-start|p1a: Cinderace|typechange|Normal|[from] ability: Libero
|-swapsideconditions
|-activate|p1a: Cinderace|move: Court Change
|
|upkeep
|turn|13
|
|t:|1779901405
|switch|p1a: Kingambit|Kingambit, F|50/100
|-activate|p1a: Kingambit|ability: Supreme Overlord
|-start|p1a: Kingambit|fallen2|[silent]
|move|p2a: Samurott|Sucker Punch||[still]
|-fail|p2a: Samurott
|
|-heal|p1a: Kingambit|56/100|[from] item: Leftovers
|upkeep
|turn|14
|
|t:|1779901410
|move|p1a: Kingambit|Sucker Punch|p2a: Samurott
|-resisted|p2a: Samurott
|-damage|p2a: Samurott|20/100
|move|p2a: Samurott|Ceaseless Edge|p1a: Kingambit
|-resisted|p1a: Kingambit
|-damage|p1a: Kingambit|19/100
|-sidestart|p1: RedemptiveSketch|Spikes
|
|-heal|p1a: Kingambit|25/100|[from] item: Leftovers
|upkeep
|turn|15
|
|t:|1779901423
|move|p2a: Samurott|Ceaseless Edge|p1a: Kingambit
|-resisted|p1a: Kingambit
|-damage|p1a: Kingambit|0 fnt
|-sidestart|p1: RedemptiveSketch|Spikes
|faint|p1a: Kingambit
|-end|p1a: Kingambit|fallen2|[silent]
|
|upkeep
|
|t:|1779901430
|switch|p1a: Darkrai|Darkrai, shiny|100/100
|-damage|p1a: Darkrai|84/100|[from] Spikes
|turn|16
|
|t:|1779901455
|move|p2a: Samurott|Sucker Punch|p1a: Darkrai
|-resisted|p1a: Darkrai
|-damage|p1a: Darkrai|34/100
|move|p1a: Darkrai|Dark Pulse|p2a: Samurott
|-resisted|p2a: Samurott
|-damage|p2a: Samurott|0 fnt
|faint|p2a: Samurott
|
|upkeep
|j| nsdede
|
|t:|1779901462
|switch|p2a: Great Tusk|Great Tusk|84/100
|-damage|p2a: Great Tusk|72/100|[from] Spikes
|turn|17
|
|t:|1779901465
|move|p2a: Great Tusk|Headlong Rush|p1a: Darkrai
|-damage|p1a: Darkrai|0 fnt
|-unboost|p2a: Great Tusk|def|1
|-unboost|p2a: Great Tusk|spd|1
|faint|p1a: Darkrai
|
|upkeep
|-message|RedemptiveSketch forfeited.
|
|win|Superhjkdetective
|raw|RedemptiveSketch's rating: 1872 &rarr; <strong>1849</strong><br />(-23 for losing)
|raw|Superhjkdetective's rating: 1825 &rarr; <strong>1848</strong><br />(+23 for winning)
|l|☆RedemptiveSketch
|player|p1|
|l| Lowladderubersnoob
|l| W80
|l| Monkey D MinMin
|l| nsdede
