|j|☆strifepk
|j|☆sturdy gengar
|t:|1779906239
|gametype|singles
|player|p1|strifepk|265|1196
|player|p2|sturdy gengar|101|1156
|gen|9
|tier|[Gen 9] OU
|rated|
|rule|HP Percentage Mod: HP is shown in percentages
|rule|Endless Battle Clause: Forcing endless battles is banned
|rule|Species Clause: Limit one of each Pokémon
|rule|OHKO Clause: OHKO moves are banned
|rule|Evasion Items Clause: Evasion items are banned
|rule|Evasion Moves Clause: Evasion moves are banned
|rule|Evasion Abilities Clause: Evasion abilities are banned
|rule|Sleep Moves Clause: Sleep-inducing moves are banned
|clearpoke
|poke|p1|Pikachu, M|
|poke|p1|Greninja-*, F|
|poke|p1|Talonflame, F|
|poke|p1|Hawlucha, F|
|poke|p1|Goodra, F|
|poke|p1|Noivern, M|
|poke|p2|Azumarill, F|
|poke|p2|Dragonite, F|
|poke|p2|Rotom-Wash|
|poke|p2|Gloom, M|
|poke|p2|Alomomola, F|
|poke|p2|Heatran, F|
|teampreview
|
|t:|1779906249
|teamsize|p1|6
|teamsize|p2|6
|start
|switch|p1a: Greninja|Greninja, F|100/100
|switch|p2a: Alomomola|Alomomola, F|100/100
|turn|1
|
|t:|1779906256
|switch|p1a: Goodra|Goodra, F|100/100
|move|p2a: Alomomola|Flip Turn|p1a: Goodra
|-resisted|p1a: Goodra
|-damage|p1a: Goodra|90/100
|
|t:|1779906263
|switch|p2a: Gloom|Gloom, M|100/100|[from] Flip Turn
|
|upkeep
|turn|2
|
|t:|1779906269
|move|p1a: Goodra|Flamethrower|p2a: Gloom
|-supereffective|p2a: Gloom
|-damage|p2a: Gloom|53/100
|-status|p2a: Gloom|brn
|move|p2a: Gloom|Toxic|p1a: Goodra
|-status|p1a: Goodra|tox
|
|-damage|p1a: Goodra|84/100 tox|[from] psn
|-damage|p2a: Gloom|47/100 brn|[from] brn
|upkeep
|turn|3
|
|t:|1779906279
|switch|p2a: Alomomola|Alomomola, F|100/100
|move|p1a: Goodra|Flamethrower|p2a: Alomomola
|-resisted|p2a: Alomomola
|-damage|p2a: Alomomola|84/100
|
|-damage|p1a: Goodra|72/100 tox|[from] psn
|upkeep
|turn|4
|
|t:|1779906287
|move|p1a: Goodra|Thunderbolt|p2a: Alomomola
|-supereffective|p2a: Alomomola
|-damage|p2a: Alomomola|16/100
|move|p2a: Alomomola|Wish|p2a: Alomomola
|
|-damage|p1a: Goodra|54/100 tox|[from] psn
|upkeep
|turn|5
|
|t:|1779906295
|switch|p2a: Gloom|Gloom, M|47/100 brn
|move|p1a: Goodra|Sludge Bomb|p2a: Gloom
|-damage|p2a: Gloom|25/100 brn
|
|-heal|p2a: Gloom|100/100 brn|[from] move: Wish|[wisher] Alomomola
|-damage|p1a: Goodra|30/100 tox|[from] psn
|-damage|p2a: Gloom|94/100 brn|[from] brn
|upkeep
|turn|6
|
|t:|1779906308
|move|p1a: Goodra|Flamethrower|p2a: Gloom
|-supereffective|p2a: Gloom
|-damage|p2a: Gloom|44/100 brn
|move|p2a: Gloom|Strength Sap|p1a: Goodra
|-ability|p1a: Goodra|Sap Sipper|boost
|-boost|p1a: Goodra|atk|1
|
|-damage|p1a: Goodra|0 fnt|[from] psn
|faint|p1a: Goodra
|-damage|p2a: Gloom|38/100 brn|[from] brn
|upkeep
|
|t:|1779906312
|switch|p1a: Talonflame|Talonflame, F|100/100
|turn|7
|
|t:|1779906322
|switch|p2a: Alomomola|Alomomola, F|49/100
|move|p1a: Talonflame|Brave Bird|p2a: Alomomola
|-damage|p2a: Alomomola|27/100
|-damage|p1a: Talonflame|84/100|[from] item: Rocky Helmet|[of] p2a: Alomomola
|-damage|p1a: Talonflame|73/100|[from] Recoil
|
|upkeep
|turn|8
|
|t:|1779906334
|move|p1a: Talonflame|Brave Bird|p2a: Alomomola
|-damage|p2a: Alomomola|5/100
|-damage|p1a: Talonflame|57/100|[from] item: Rocky Helmet|[of] p2a: Alomomola
|-damage|p1a: Talonflame|46/100|[from] Recoil
|move|p2a: Alomomola|Wish|p2a: Alomomola
|
|upkeep
|turn|9
|
|t:|1779906341
|move|p2a: Alomomola|Protect|p2a: Alomomola
|-singleturn|p2a: Alomomola|Protect
|move|p1a: Talonflame|Brave Bird|p2a: Alomomola
|-activate|p2a: Alomomola|move: Protect
|
|-heal|p2a: Alomomola|55/100|[from] move: Wish|[wisher] Alomomola
|upkeep
|turn|10
|
|t:|1779906348
|move|p1a: Talonflame|Brave Bird|p2a: Alomomola
|-damage|p2a: Alomomola|36/100
|-damage|p1a: Talonflame|30/100|[from] item: Rocky Helmet|[of] p2a: Alomomola
|-damage|p1a: Talonflame|20/100|[from] Recoil
|move|p2a: Alomomola|Wish|p2a: Alomomola
|
|upkeep
|turn|11
|
|t:|1779906357
|move|p2a: Alomomola|Protect|p2a: Alomomola
|-singleturn|p2a: Alomomola|Protect
|move|p1a: Talonflame|Roost|p1a: Talonflame
|-heal|p1a: Talonflame|70/100
|-singleturn|p1a: Talonflame|move: Roost
|
|-heal|p2a: Alomomola|86/100|[from] move: Wish|[wisher] Alomomola
|upkeep
|turn|12
|
|t:|1779906366
|switch|p1a: Pikachu|Pikachu, M|100/100
|move|p2a: Alomomola|Scald|p1a: Pikachu
|-damage|p1a: Pikachu|59/100
|-status|p1a: Pikachu|brn
|
|-damage|p1a: Pikachu|53/100 brn|[from] brn
|upkeep
|turn|13
|
|t:|1779906376
|switch|p2a: Rotom|Rotom-Wash|100/100
|move|p1a: Pikachu|Fake Out|p2a: Rotom
|-damage|p2a: Rotom|94/100
|
|-damage|p1a: Pikachu|46/100 brn|[from] brn
|upkeep
|turn|14
|
|t:|1779906385
|switch|p1a: Noivern|Noivern, M|100/100
|move|p2a: Rotom|Volt Switch|p1a: Noivern
|-damage|p1a: Noivern|67/100
|
|t:|1779906399
|switch|p2a: Azumarill|Azumarill, F|100/100|[from] Volt Switch
|
|upkeep
|turn|15
|
|t:|1779906404
|-terastallize|p1a: Noivern|Normal
|move|p1a: Noivern|Boomburst|p2a: Azumarill
|-damage|p2a: Azumarill|56/100
|-enditem|p1a: Noivern|Throat Spray
|-boost|p1a: Noivern|spa|1|[from] item: Throat Spray
|move|p2a: Azumarill|Whirlpool|p1a: Noivern
|-damage|p1a: Noivern|55/100
|-activate|p1a: Noivern|move: Whirlpool|[of] p2a: Azumarill
|
|-heal|p2a: Azumarill|63/100|[from] item: Leftovers
|-damage|p1a: Noivern|43/100|[from] move: Whirlpool|[partiallytrapped]
|upkeep
|turn|16
|
|t:|1779906416
|switch|p2a: Heatran|Heatran, F|100/100
|move|p1a: Noivern|Boomburst|p2a: Heatran
|-resisted|p2a: Heatran
|-damage|p2a: Heatran|78/100
|
|-end|p1a: Noivern|Whirlpool|[partiallytrapped]|[silent]
|upkeep
|turn|17
|
|t:|1779906426
|move|p1a: Noivern|Hurricane|p2a: Heatran
|-resisted|p2a: Heatran
|-damage|p2a: Heatran|59/100
|move|p2a: Heatran|Dragon Pulse|p1a: Noivern
|-damage|p1a: Noivern|2/100
|
|upkeep
|turn|18
|
|t:|1779906433
|move|p1a: Noivern|Hurricane|p2a: Heatran
|-resisted|p2a: Heatran
|-damage|p2a: Heatran|39/100
|move|p2a: Heatran|Dragon Pulse|p1a: Noivern
|-damage|p1a: Noivern|0 fnt
|faint|p1a: Noivern
|
|upkeep
|
|t:|1779906444
|switch|p1a: Greninja|Greninja, F|100/100
|turn|19
|
|t:|1779906449
|switch|p2a: Alomomola|Alomomola, F|100/100
|move|p1a: Greninja|Hydro Pump|p2a: Alomomola|[miss]
|-start|p1a: Greninja|typechange|Water|[from] ability: Protean
|-miss|p1a: Greninja|p2a: Alomomola
|
|upkeep
|turn|20
|l|☆strifepk
|player|p1|
|inactive|Battle timer is ON: inactive players will automatically lose when time's up. (requested by sturdy gengar)
|inactive|strifepk has 30 seconds to reconnect!
|inactive|strifepk has 20 seconds to reconnect!
|inactive|strifepk has 15 seconds to reconnect!
|inactive|strifepk has 10 seconds to reconnect!
|inactive|strifepk has 5 seconds to reconnect!
|-message|strifepk lost due to inactivity.
|
|win|sturdy gengar
|raw|strifepk's rating: 1196 &rarr; <strong>1168</strong><br />(-28 for losing)
|raw|sturdy gengar's rating: 1156 &rarr; <strong>1184</strong><br />(+28 for winning)
|l|☆sturdy gengar
|player|p2|
|j|☆strifepk
|player|p1|strifepk|265|
|l|☆strifepk
|player|p1|
