|j|☆Theux6740
|j|☆ChicomeOllin
|t:|1779892164
|gametype|singles
|player|p1|Theux6740|1|1172
|player|p2|ChicomeOllin|harlequin|1153
|gen|9
|tier|[Gen 9] OU
|rated|
|rule|HP Percentage Mod: HP is shown in percentages
|rule|Endless Battle Clause: Forcing endless battles is banned
|rule|Species Clause: Limit one of each Pokémon
|rule|OHKO Clause: OHKO moves are banned
|rule|Evasion Items Clause: Evasion items are banned
|rule|Evasion Moves Clause: Evasion moves are banned
|rule|Evasion Abilities Clause: Evasion abilities are banned
|rule|Sleep Moves Clause: Sleep-inducing moves are banned
|clearpoke
|poke|p1|Garchomp, F|
|poke|p1|Blaziken, M|
|poke|p1|Greninja-*, M|
|poke|p1|Metagross|
|poke|p1|Sylveon, F|
|poke|p1|Scizor, M|
|poke|p2|Sylveon, M|
|poke|p2|Falinks|
|poke|p2|Ceruledge, M|
|poke|p2|Dedenne, M|
|poke|p2|Quaquaval, F|
|poke|p2|Ursaluna, F|
|teampreview
|
|t:|1779892180
|teamsize|p1|6
|teamsize|p2|6
|start
|switch|p1a: Blaziken|Blaziken, M, shiny|100/100
|switch|p2a: Coyolxauhqui|Ursaluna, F|100/100
|turn|1
|
|t:|1779892199
|-terastallize|p2a: Coyolxauhqui|Ground
|move|p1a: Blaziken|Swords Dance|p1a: Blaziken
|-boost|p1a: Blaziken|atk|2
|move|p2a: Coyolxauhqui|Headlong Rush|p1a: Blaziken
|-supereffective|p1a: Blaziken
|-damage|p1a: Blaziken|0 fnt
|-unboost|p2a: Coyolxauhqui|def|1
|-unboost|p2a: Coyolxauhqui|spd|1
|faint|p1a: Blaziken
|
|-status|p2a: Coyolxauhqui|brn|[from] item: Flame Orb
|upkeep
|
|t:|1779892213
|switch|p1a: Greninja|Greninja, M|100/100
|turn|2
|
|t:|1779892230
|switch|p2a: Shiva|Quaquaval, F|100/100
|move|p1a: Greninja|Hydro Pump|p2a: Shiva
|-resisted|p2a: Shiva
|-damage|p2a: Shiva|78/100
|
|upkeep
|turn|3
|
|t:|1779892243
|move|p1a: Greninja|Extrasensory|p2a: Shiva
|-supereffective|p2a: Shiva
|-damage|p2a: Shiva|32/100
|move|p2a: Shiva|Close Combat|p1a: Greninja
|-supereffective|p1a: Greninja
|-enditem|p1a: Greninja|Focus Sash
|-damage|p1a: Greninja|1/100
|-unboost|p2a: Shiva|def|1
|-unboost|p2a: Shiva|spd|1
|
|upkeep
|turn|4
|
|t:|1779892308
|switch|p2a: Huitzilopochtli|Ceruledge, M|100/100
|move|p1a: Greninja|Extrasensory|p2a: Huitzilopochtli
|-damage|p2a: Huitzilopochtli|72/100
|
|upkeep
|turn|5
|
|t:|1779892317
|move|p2a: Huitzilopochtli|Shadow Sneak|p1a: Greninja
|-resisted|p1a: Greninja
|-damage|p1a: Greninja|0 fnt
|faint|p1a: Greninja
|
|upkeep
|
|t:|1779892323
|switch|p1a: Garchomp|Garchomp, F|100/100
|turn|6
|
|t:|1779892372
|switch|p2a: Oberon|Sylveon, M|100/100
|move|p1a: Garchomp|Earthquake|p2a: Oberon
|-damage|p2a: Oberon|8/100
|
|upkeep
|turn|7
|
|t:|1779892381
|move|p1a: Garchomp|Poison Jab|p2a: Oberon
|-supereffective|p2a: Oberon
|-damage|p2a: Oberon|0 fnt
|faint|p2a: Oberon
|
|upkeep
|
|t:|1779892389
|switch|p2a: Coyolxauhqui|Ursaluna, F, tera:Ground|100/100 brn
|turn|8
|
|t:|1779892405
|move|p1a: Garchomp|Earthquake|p2a: Coyolxauhqui
|-damage|p2a: Coyolxauhqui|61/100 brn
|move|p2a: Coyolxauhqui|Avalanche|p1a: Garchomp
|-supereffective|p1a: Garchomp
|-damage|p1a: Garchomp|0 fnt
|-damage|p2a: Coyolxauhqui|49/100 brn|[from] ability: Rough Skin|[of] p1a: Garchomp
|faint|p1a: Garchomp
|
|-damage|p2a: Coyolxauhqui|43/100 brn|[from] brn
|upkeep
|inactive|Battle timer is ON: inactive players will automatically lose when time's up. (requested by ChicomeOllin)
|
|t:|1779892433
|switch|p1a: Scizor|Scizor, M|100/100
|turn|9
|
|t:|1779892448
|move|p1a: Scizor|Swords Dance|p1a: Scizor
|-boost|p1a: Scizor|atk|2
|move|p2a: Coyolxauhqui|Headlong Rush|p1a: Scizor
|-damage|p1a: Scizor|0 fnt
|-unboost|p2a: Coyolxauhqui|def|1
|-unboost|p2a: Coyolxauhqui|spd|1
|faint|p1a: Scizor
|
|-damage|p2a: Coyolxauhqui|37/100 brn|[from] brn
|upkeep
|
|t:|1779892469
|switch|p1a: Sylveon|Sylveon, F|100/100
|turn|10
|
|t:|1779892486
|move|p1a: Sylveon|Reflect|p1a: Sylveon
|-sidestart|p1: Theux6740|Reflect
|move|p2a: Coyolxauhqui|Facade|p1a: Sylveon
|-damage|p1a: Sylveon|28/100
|
|-damage|p2a: Coyolxauhqui|31/100 brn|[from] brn
|upkeep
|turn|11
|
|t:|1779892504
|move|p1a: Sylveon|Hyper Voice|p2a: Coyolxauhqui
|-damage|p2a: Coyolxauhqui|0 fnt
|faint|p2a: Coyolxauhqui
|
|upkeep
|inactive|ChicomeOllin has 120 seconds left.
|
|t:|1779892535
|switch|p2a: Peréz|Dedenne, M|100/100
|turn|12
|
|t:|1779892542
|move|p2a: Peréz|Nuzzle|p1a: Sylveon
|-damage|p1a: Sylveon|25/100
|-status|p1a: Sylveon|par
|move|p1a: Sylveon|Hyper Beam|p2a: Peréz
|-damage|p2a: Peréz|0 fnt
|-mustrecharge|p1a: Sylveon
|faint|p2a: Peréz
|
|upkeep
|
|t:|1779892556
|switch|p2a: Huitzilopochtli|Ceruledge, M|72/100
|turn|13
|inactive|ChicomeOllin has 90 seconds left.
|
|t:|1779892587
|move|p2a: Huitzilopochtli|Bitter Blade|p1a: Sylveon
|-damage|p1a: Sylveon|1/100 par
|-heal|p2a: Huitzilopochtli|85/100|[from] drain|[of] p1a: Sylveon
|cant|p1a: Sylveon|recharge
|
|upkeep
|turn|14
|inactive|ChicomeOllin has 90 seconds left.
|
|t:|1779892602
|move|p2a: Huitzilopochtli|Shadow Sneak|p1a: Sylveon
|-damage|p1a: Sylveon|0 fnt
|faint|p1a: Sylveon
|
|-sideend|p1: Theux6740|Reflect
|upkeep
|
|t:|1779892608
|switch|p1a: Metagross|Metagross|100/100
|turn|15
|inactive|ChicomeOllin has 90 seconds left.
|
|t:|1779892639
|-terastallize|p1a: Metagross|Steel
|move|p2a: Huitzilopochtli|Bitter Blade|p1a: Metagross
|-supereffective|p1a: Metagross
|-damage|p1a: Metagross|22/100
|-heal|p2a: Huitzilopochtli|100/100|[from] drain|[of] p1a: Metagross
|move|p1a: Metagross|Earthquake|p2a: Huitzilopochtli
|-supereffective|p2a: Huitzilopochtli
|-damage|p2a: Huitzilopochtli|0 fnt
|faint|p2a: Huitzilopochtli
|
|upkeep
|inactive|ChicomeOllin has 60 seconds left.
|
|t:|1779892656
|switch|p2a: Shiva|Quaquaval, F|32/100
|turn|16
|
|t:|1779892661
|move|p2a: Shiva|Close Combat|p1a: Metagross
|-supereffective|p1a: Metagross
|-damage|p1a: Metagross|0 fnt
|-unboost|p2a: Shiva|def|1
|-unboost|p2a: Shiva|spd|1
|faint|p1a: Metagross
|
|win|ChicomeOllin
|raw|Theux6740's rating: 1172 &rarr; <strong>1146</strong><br />(-26 for losing)
|raw|ChicomeOllin's rating: 1153 &rarr; <strong>1179</strong><br />(+26 for winning)
|l|☆Theux6740
|player|p1|
|l|☆ChicomeOllin
|player|p2|
