|j|☆iamnew2024
|j|☆Witherfan
|t:|1779947587
|gametype|singles
|player|p1|iamnew2024|101|1445
|player|p2|Witherfan|falkner|1489
|gen|9
|tier|[Gen 9] OU
|rated|
|rule|HP Percentage Mod: HP is shown in percentages
|rule|Endless Battle Clause: Forcing endless battles is banned
|rule|Species Clause: Limit one of each Pokémon
|rule|OHKO Clause: OHKO moves are banned
|rule|Evasion Items Clause: Evasion items are banned
|rule|Evasion Moves Clause: Evasion moves are banned
|rule|Evasion Abilities Clause: Evasion abilities are banned
|rule|Sleep Moves Clause: Sleep-inducing moves are banned
|clearpoke
|poke|p1|Iron Crown|
|poke|p1|Slowking-Galar, F|
|poke|p1|Ting-Lu|
|poke|p1|Great Tusk|
|poke|p1|Kingambit, F|
|poke|p1|Darkrai|
|poke|p2|Weezing-Galar, M|
|poke|p2|Ogerpon, F|
|poke|p2|Skarmory, M|
|poke|p2|Alomomola, M|
|poke|p2|Clodsire, M|
|poke|p2|Hydreigon, M|
|teampreview
|inactive|Battle timer is ON: inactive players will automatically lose when time's up. (requested by iamnew2024)
|
|t:|1779947612
|teamsize|p1|6
|teamsize|p2|6
|start
|switch|p1a: Darkrai|Darkrai|100/100
|switch|p2a: Ogerpon|Ogerpon, F|100/100
|turn|1
|
|t:|1779947622
|-terastallize|p2a: Ogerpon|Grass
|detailschange|p2a: Ogerpon|Ogerpon-Teal-Tera, F, tera:Grass
|-ability|p2a: Ogerpon|Embody Aspect (Teal)|boost
|-boost|p2a: Ogerpon|spe|1
|move|p1a: Darkrai|Sludge Bomb|p2a: Ogerpon
|-supereffective|p2a: Ogerpon
|-damage|p2a: Ogerpon|19/100
|move|p2a: Ogerpon|U-turn|p1a: Darkrai
|-supereffective|p1a: Darkrai
|-damage|p1a: Darkrai|10/100
|inactive|Witherfan has 120 seconds left.
|
|t:|1779947672
|switch|p2a: Skarmory|Skarmory, M, shiny|100/100|[from] U-turn
|
|upkeep
|turn|2
|
|t:|1779947678
|switch|p1a: Iron Crown|Iron Crown|100/100
|switch|p2a: Hydreigon|Hydreigon, M, shiny|100/100
|
|upkeep
|turn|3
|
|t:|1779947705
|-terastallize|p1a: Iron Crown|Steel
|move|p2a: Hydreigon|Draco Meteor|p1a: Iron Crown
|-resisted|p1a: Iron Crown
|-damage|p1a: Iron Crown|48/100
|-unboost|p2a: Hydreigon|spa|2
|move|p1a: Iron Crown|Tachyon Cutter|p2a: Hydreigon
|-damage|p2a: Hydreigon|34/100
|-damage|p2a: Hydreigon|0 fnt
|faint|p2a: Hydreigon
|-hitcount|p2: Hydreigon|2
|
|upkeep
|inactive|Witherfan has 90 seconds left.
|inactive|Witherfan has 60 seconds left.
|
|t:|1779947757
|switch|p2a: Alomomola|Alomomola, M, shiny|100/100
|turn|4
|
|t:|1779947760
|-end|p1a: Iron Crown|Quark Drive|[silent]
|switch|p1a: Slowking|Slowking-Galar, F|100/100
|move|p2a: Alomomola|Flip Turn|p1a: Slowking
|-damage|p1a: Slowking|84/100
|inactive|Witherfan has 60 seconds left.
|
|t:|1779947779
|switch|p2a: Ogerpon|Ogerpon-Teal-Tera, F, tera:Grass|19/100|[from] Flip Turn
|-ability|p2a: Ogerpon|Embody Aspect (Teal)|boost
|-boost|p2a: Ogerpon|spe|1
|
|upkeep
|turn|5
|inactive|Witherfan has 60 seconds left.
|
|t:|1779947792
|switch|p1a: Kingambit|Kingambit, F|100/100
|move|p2a: Ogerpon|U-turn|p1a: Kingambit
|-damage|p1a: Kingambit|76/100
|inactive|Witherfan has 60 seconds left.
|
|t:|1779947797
|switch|p2a: Skarmory|Skarmory, M, shiny|100/100|[from] U-turn
|
|-heal|p1a: Kingambit|82/100|[from] item: Leftovers
|upkeep
|turn|6
|inactive|Witherfan has 60 seconds left.
|
|t:|1779947809
|-end|p1a: Kingambit|fallenundefined|[silent]
|switch|p1a: Ting-Lu|Ting-Lu|100/100
|-ability|p1a: Ting-Lu|Vessel of Ruin
|move|p2a: Skarmory|Spikes|p1a: Ting-Lu
|-sidestart|p1: iamnew2024|Spikes
|
|upkeep
|turn|7
|
|t:|1779947818
|move|p2a: Skarmory|Taunt|p1a: Ting-Lu
|-start|p1a: Ting-Lu|move: Taunt
|cant|p1a: Ting-Lu|move: Taunt|Stealth Rock
|
|upkeep
|turn|8
|
|t:|1779947825
|switch|p1a: Great Tusk|Great Tusk|100/100
|move|p2a: Skarmory|Spikes|p1a: Great Tusk
|-sidestart|p1: iamnew2024|Spikes
|
|upkeep
|turn|9
|
|t:|1779947831
|move|p1a: Great Tusk|Rapid Spin|p2a: Skarmory
|-resisted|p2a: Skarmory
|-damage|p2a: Skarmory|95/100
|-boost|p1a: Great Tusk|spe|1
|-damage|p1a: Great Tusk|84/100|[from] item: Rocky Helmet|[of] p2a: Skarmory
|-sideend|p1: iamnew2024|Spikes|[from] move: Rapid Spin|[of] p1a: Great Tusk
|move|p2a: Skarmory|Body Press|p1a: Great Tusk
|-damage|p1a: Great Tusk|61/100
|
|upkeep
|turn|10
|
|t:|1779947841
|move|p1a: Great Tusk|Knock Off|p2a: Skarmory
|-damage|p2a: Skarmory|76/100
|-damage|p1a: Great Tusk|44/100|[from] item: Rocky Helmet|[of] p2a: Skarmory
|-enditem|p2a: Skarmory|Rocky Helmet|[from] move: Knock Off|[of] p1a: Great Tusk
|move|p2a: Skarmory|Body Press|p1a: Great Tusk
|-damage|p1a: Great Tusk|19/100
|
|upkeep
|turn|11
|inactive|Witherfan has 90 seconds left.
|
|t:|1779947865
|-end|p1a: Great Tusk|Protosynthesis|[silent]
|switch|p1a: Darkrai|Darkrai|10/100
|move|p2a: Skarmory|Spikes|p1a: Darkrai
|-sidestart|p1: iamnew2024|Spikes
|
|upkeep
|turn|12
|
|t:|1779947871
|switch|p2a: Alomomola|Alomomola, M, shiny|100/100
|move|p1a: Darkrai|Dark Pulse|p2a: Alomomola
|-damage|p2a: Alomomola|80/100
|
|upkeep
|turn|13
|
|t:|1779947887
|switch|p1a: Ting-Lu|Ting-Lu|100/100
|-damage|p1a: Ting-Lu|88/100|[from] Spikes
|-ability|p1a: Ting-Lu|Vessel of Ruin
|move|p2a: Alomomola|Flip Turn|p1a: Ting-Lu
|-supereffective|p1a: Ting-Lu
|-damage|p1a: Ting-Lu|75/100
|
|t:|1779947898
|switch|p2a: Ogerpon|Ogerpon-Teal-Tera, F, tera:Grass|19/100|[from] Flip Turn
|-ability|p2a: Ogerpon|Embody Aspect (Teal)|boost
|-boost|p2a: Ogerpon|spe|1
|
|-heal|p1a: Ting-Lu|81/100|[from] item: Leftovers
|upkeep
|turn|14
|
|t:|1779947907
|move|p2a: Ogerpon|Ivy Cudgel|p1a: Ting-Lu
|-supereffective|p1a: Ting-Lu
|-damage|p1a: Ting-Lu|0 fnt
|faint|p1a: Ting-Lu
|
|upkeep
|
|t:|1779947918
|switch|p1a: Kingambit|Kingambit, F|82/100
|-damage|p1a: Kingambit|70/100|[from] Spikes
|-activate|p1a: Kingambit|ability: Supreme Overlord
|-start|p1a: Kingambit|fallen1|[silent]
|turn|15
|
|t:|1779947930
|switch|p2a: Weezing|Weezing-Galar, M, shiny|100/100
|-ability|p2a: Weezing|Neutralizing Gas
|move|p1a: Kingambit|Swords Dance|p1a: Kingambit
|-boost|p1a: Kingambit|atk|2
|
|-heal|p1a: Kingambit|76/100|[from] item: Leftovers
|upkeep
|turn|16
|
|t:|1779947940
|-end|p1a: Kingambit|fallen1|[silent]
|switch|p1a: Iron Crown|Iron Crown, tera:Steel|48/100
|-damage|p1a: Iron Crown|36/100|[from] Spikes
|move|p2a: Weezing|Will-O-Wisp|p1a: Iron Crown|[miss]
|-miss|p2a: Weezing|p1a: Iron Crown
|
|upkeep
|turn|17
|inactive|Witherfan has 120 seconds left.
|
|t:|1779947953
|-end|p2a: Weezing|ability: Neutralizing Gas
|switch|p2a: Alomomola|Alomomola, M, shiny|100/100
|move|p1a: Iron Crown|Tachyon Cutter|p2a: Alomomola
|-resisted|p2a: Alomomola
|-damage|p2a: Alomomola|87/100
|-resisted|p2a: Alomomola
|-damage|p2a: Alomomola|73/100
|-hitcount|p2a: Alomomola|2
|
|upkeep
|turn|18
|inactive|Witherfan has 120 seconds left.
|
|t:|1779947963
|move|p1a: Iron Crown|Tachyon Cutter|p2a: Alomomola
|-resisted|p2a: Alomomola
|-damage|p2a: Alomomola|59/100
|-resisted|p2a: Alomomola
|-damage|p2a: Alomomola|47/100
|-hitcount|p2a: Alomomola|2
|move|p2a: Alomomola|Flip Turn|p1a: Iron Crown
|-damage|p1a: Iron Crown|19/100
|inactive|Witherfan has 120 seconds left.
|
|t:|1779947970
|switch|p2a: Ogerpon|Ogerpon-Teal-Tera, F, tera:Grass|19/100|[from] Flip Turn
|-ability|p2a: Ogerpon|Embody Aspect (Teal)|boost
|-boost|p2a: Ogerpon|spe|1
|
|upkeep
|turn|19
|inactive|Witherfan has 120 seconds left.
|
|t:|1779947988
|move|p2a: Ogerpon|Ivy Cudgel|p1a: Iron Crown
|-resisted|p1a: Iron Crown
|-damage|p1a: Iron Crown|0 fnt
|faint|p1a: Iron Crown
|-end|p1a: Iron Crown|Quark Drive|[silent]
|
|upkeep
|
|t:|1779948000
|switch|p1a: Kingambit|Kingambit, F|76/100
|-damage|p1a: Kingambit|63/100|[from] Spikes
|-activate|p1a: Kingambit|ability: Supreme Overlord
|-start|p1a: Kingambit|fallen2|[silent]
|turn|20
|-message|iamnew2024 forfeited.
|
|win|Witherfan
|raw|iamnew2024's rating: 1445 &rarr; <strong>1428</strong><br />(-17 for losing)
|raw|Witherfan's rating: 1489 &rarr; <strong>1506</strong><br />(+17 for winning)
|l|☆iamnew2024
|player|p1|
|l|☆Witherfan
|player|p2|
