|j|☆RAM1RAZEK
|j|☆falinks_testing
|t:|1779913300
|gametype|singles
|player|p1|RAM1RAZEK|cynthia|1272
|player|p2|falinks_testing|roughneck|1284
|gen|9
|tier|[Gen 9] OU
|rated|
|rule|HP Percentage Mod: HP is shown in percentages
|rule|Endless Battle Clause: Forcing endless battles is banned
|rule|Species Clause: Limit one of each Pokémon
|rule|OHKO Clause: OHKO moves are banned
|rule|Evasion Items Clause: Evasion items are banned
|rule|Evasion Moves Clause: Evasion moves are banned
|rule|Evasion Abilities Clause: Evasion abilities are banned
|rule|Sleep Moves Clause: Sleep-inducing moves are banned
|clearpoke
|poke|p1|Dragonite, M|
|poke|p1|Great Tusk|
|poke|p1|Deoxys-Speed|
|poke|p1|Gholdengo|
|poke|p1|Zamazenta-*|
|poke|p1|Iron Valiant|
|poke|p2|Vikavolt, F|
|poke|p2|Gholdengo|
|poke|p2|Great Tusk|
|poke|p2|Typhlosion-Hisui, F|
|poke|p2|Meowscarada, M|
|poke|p2|Kyurem|
|teampreview
|inactive|Battle timer is ON: inactive players will automatically lose when time's up. (requested by falinks_testing)
|
|t:|1779913312
|teamsize|p1|6
|teamsize|p2|6
|start
|switch|p1a: Deoxys|Deoxys-Speed|100/100
|switch|p2a: Meowscarada|Meowscarada, M|100/100
|-ability|p1a: Deoxys|Pressure
|turn|1
|
|t:|1779913328
|move|p2a: Meowscarada|U-turn|p1a: Deoxys
|-supereffective|p1a: Deoxys
|-damage|p1a: Deoxys|37/100
|
|t:|1779913339
|switch|p2a: Vikavolt|Vikavolt, F|100/100|[from] U-turn
|move|p1a: Deoxys|Skill Swap|p2a: Vikavolt
|-activate|p1a: Deoxys|Skill Swap|Levitate|Pressure|[of] p2a: Vikavolt
|-ability|p2a: Vikavolt|Pressure
|
|upkeep
|turn|2
|
|t:|1779913349
|move|p1a: Deoxys|Psycho Boost|p2a: Vikavolt
|-damage|p2a: Vikavolt|31/100
|-unboost|p1a: Deoxys|spa|2
|move|p2a: Vikavolt|Sticky Web|p1a: Deoxys
|-sidestart|p1: RAM1RAZEK|move: Sticky Web
|
|upkeep
|turn|3
|
|t:|1779913358
|move|p1a: Deoxys|Stealth Rock|p2a: Vikavolt
|-sidestart|p2: falinks_testing|move: Stealth Rock
|move|p2a: Vikavolt|Volt Switch|p1a: Deoxys
|-damage|p1a: Deoxys|0 fnt
|faint|p1a: Deoxys
|
|t:|1779913365
|switch|p2a: Great Tusk|Great Tusk|100/100|[from] Volt Switch
|-damage|p2a: Great Tusk|98/100|[from] Stealth Rock
|
|-heal|p2a: Great Tusk|100/100|[from] item: Leftovers
|upkeep
|
|t:|1779913391
|switch|p1a: Dragonite|Dragonite, M, shiny|100/100
|turn|4
|
|t:|1779913393
|move|p2a: Great Tusk|Rapid Spin|p1a: Dragonite
|-damage|p1a: Dragonite|93/100
|-boost|p2a: Great Tusk|spe|1
|-sideend|p2: falinks_testing|Stealth Rock|[from] move: Rapid Spin|[of] p2a: Great Tusk
|move|p1a: Dragonite|Dragon Dance|p1a: Dragonite
|-boost|p1a: Dragonite|atk|1
|-boost|p1a: Dragonite|spe|1
|
|upkeep
|turn|5
|
|t:|1779913408
|move|p2a: Great Tusk|Stealth Rock|p1a: Dragonite
|-sidestart|p1: RAM1RAZEK|move: Stealth Rock
|move|p1a: Dragonite|Dragon Dance|p1a: Dragonite
|-boost|p1a: Dragonite|atk|1
|-boost|p1a: Dragonite|spe|1
|
|upkeep
|turn|6
|
|t:|1779913416
|move|p1a: Dragonite|Dragon Dance|p1a: Dragonite
|-boost|p1a: Dragonite|atk|1
|-boost|p1a: Dragonite|spe|1
|move|p2a: Great Tusk|Knock Off|p1a: Dragonite
|-damage|p1a: Dragonite|64/100
|-enditem|p1a: Dragonite|Life Orb|[from] move: Knock Off|[of] p2a: Great Tusk
|
|upkeep
|turn|7
|
|t:|1779913430
|move|p1a: Dragonite|Outrage|p2a: Great Tusk
|-damage|p2a: Great Tusk|0 fnt
|faint|p2a: Great Tusk
|-end|p2a: Great Tusk|Protosynthesis|[silent]
|
|upkeep
|
|t:|1779913438
|switch|p2a: Gholdengo|Gholdengo|100/100
|-item|p2a: Gholdengo|Air Balloon
|turn|8
|
|t:|1779913443
|move|p1a: Dragonite|Outrage|p2a: Gholdengo|[from] lockedmove
|-resisted|p2a: Gholdengo
|-damage|p2a: Gholdengo|6/100
|-enditem|p2a: Gholdengo|Air Balloon
|move|p2a: Gholdengo|Make It Rain|p1a: Dragonite
|-damage|p1a: Dragonite|0 fnt
|-unboost|p2a: Gholdengo|spa|1
|faint|p1a: Dragonite
|
|upkeep
|
|t:|1779913472
|switch|p1a: Iron Valiant|Iron Valiant, shiny|100/100
|-activate|p1a: Iron Valiant|move: Sticky Web
|-unboost|p1a: Iron Valiant|spe|1
|-damage|p1a: Iron Valiant|94/100|[from] Stealth Rock
|-enditem|p1a: Iron Valiant|Booster Energy
|-activate|p1a: Iron Valiant|ability: Quark Drive|[fromitem]
|-start|p1a: Iron Valiant|quarkdrivespa
|turn|9
|
|t:|1779913483
|move|p1a: Iron Valiant|Knock Off|p2a: Gholdengo
|-supereffective|p2a: Gholdengo
|-damage|p2a: Gholdengo|0 fnt
|faint|p2a: Gholdengo
|
|upkeep
|
|t:|1779913491
|switch|p2a: Typhlosion|Typhlosion-Hisui, F|100/100
|turn|10
|
|t:|1779913500
|move|p2a: Typhlosion|Eruption|p1a: Iron Valiant
|-damage|p1a: Iron Valiant|0 fnt
|faint|p1a: Iron Valiant
|-end|p1a: Iron Valiant|Quark Drive|[silent]
|
|upkeep
|
|t:|1779913508
|switch|p1a: Great Tusk|Great Tusk|100/100
|-activate|p1a: Great Tusk|move: Sticky Web
|-unboost|p1a: Great Tusk|spe|1
|-damage|p1a: Great Tusk|97/100|[from] Stealth Rock
|-enditem|p1a: Great Tusk|Booster Energy
|-activate|p1a: Great Tusk|ability: Protosynthesis|[fromitem]
|-start|p1a: Great Tusk|protosynthesisatk
|turn|11
|
|t:|1779913515
|move|p2a: Typhlosion|Eruption|p1a: Great Tusk
|-damage|p1a: Great Tusk|0 fnt
|faint|p1a: Great Tusk
|-end|p1a: Great Tusk|Protosynthesis|[silent]
|
|upkeep
|
|t:|1779913519
|switch|p1a: Zamazenta|Zamazenta, shiny|100/100
|-activate|p1a: Zamazenta|move: Sticky Web
|-unboost|p1a: Zamazenta|spe|1
|-damage|p1a: Zamazenta|94/100|[from] Stealth Rock
|-ability|p1a: Zamazenta|Dauntless Shield|boost
|-boost|p1a: Zamazenta|def|1
|turn|12
|
|t:|1779913534
|move|p2a: Typhlosion|Eruption|p1a: Zamazenta
|-damage|p1a: Zamazenta|0 fnt
|faint|p1a: Zamazenta
|
|upkeep
|c|☆RAM1RAZEK|bruh
|
|t:|1779913546
|switch|p1a: Gholdengo|Gholdengo, shiny|100/100
|-activate|p1a: Gholdengo|move: Sticky Web
|-unboost|p1a: Gholdengo|spe|1
|-damage|p1a: Gholdengo|94/100|[from] Stealth Rock
|turn|13
|c|☆falinks_testing|Lmao
|c|☆falinks_testing|Modest specs brother
|
|t:|1779913558
|-terastallize|p1a: Gholdengo|Fairy
|move|p2a: Typhlosion|Eruption|p1a: Gholdengo
|-damage|p1a: Gholdengo|0 fnt
|faint|p1a: Gholdengo
|
|win|falinks_testing
|raw|RAM1RAZEK's rating: 1272 &rarr; <strong>1248</strong><br />(-24 for losing)
|raw|falinks_testing's rating: 1284 &rarr; <strong>1308</strong><br />(+24 for winning)
|c|☆falinks_testing|U really should add a choice scarf mon to ur team btw
|l|☆falinks_testing
|player|p2|
