|j|☆AllHailDudunsparce
|j|☆TheQuesadillaman
|inactive|Battle timer is ON: inactive players will automatically lose when time's up.
|t:|1779825582
|gametype|singles
|player|p1|AllHailDudunsparce|elesa-masters|
|player|p2|TheQuesadillaman|steven|
|gen|9
|tier|[Gen 9] OU
|rated|Tournament battle
|rule|HP Percentage Mod: HP is shown in percentages
|rule|Endless Battle Clause: Forcing endless battles is banned
|rule|Species Clause: Limit one of each Pokémon
|rule|OHKO Clause: OHKO moves are banned
|rule|Evasion Items Clause: Evasion items are banned
|rule|Evasion Moves Clause: Evasion moves are banned
|rule|Evasion Abilities Clause: Evasion abilities are banned
|rule|Sleep Moves Clause: Sleep-inducing moves are banned
|raw|<div class="infobox"><details class="readmore" open><summary><strong>1 custom rule:</strong></summary> + Tera Blast</details></div>
|clearpoke
|poke|p1|Litleo, F|
|poke|p1|Florges-White, F|
|poke|p1|Corviknight, M|
|poke|p1|Zebstrika, M|
|poke|p2|Crabominable, M|
|poke|p2|Meowscarada, F|
|poke|p2|Scrafty, F|
|poke|p2|Magmar, M|
|teampreview
|inactive|AllHailDudunsparce also wants the timer to be on.
|j|*Lady Monita 
|
|t:|1779825604
|teamsize|p1|4
|teamsize|p2|4
|start
|switch|p1a: Litleo|Litleo, F|100/100
|switch|p2a: Crabominable|Crabominable, M|100/100
|-ability|p1a: Litleo|Unnerve
|turn|1
|
|t:|1779825607
|move|p1a: Litleo|Fire Blast|p2a: Crabominable
|-supereffective|p2a: Crabominable
|-damage|p2a: Crabominable|4/100
|move|p2a: Crabominable|Drain Punch|p1a: Litleo
|-supereffective|p1a: Litleo
|-damage|p1a: Litleo|0 fnt
|-heal|p2a: Crabominable|45/100|[from] drain|[of] p1a: Litleo
|faint|p1a: Litleo
|
|upkeep
|j| The impimp
|
|t:|1779825613
|switch|p1a: Zebstrika|Zebstrika, M|100/100
|turn|2
|
|t:|1779825617
|move|p1a: Zebstrika|Low Kick|p2a: Crabominable
|-supereffective|p2a: Crabominable
|-damage|p2a: Crabominable|0 fnt
|faint|p2a: Crabominable
|-damage|p1a: Zebstrika|91/100|[from] item: Life Orb
|
|upkeep
|c| The impimp|Yay
|c| The impimp|Drummer
|
|t:|1779825630
|switch|p2a: Weed Cat|Meowscarada, F|100/100
|turn|3
|j| Walrus0
|
|t:|1779825640
|move|p2a: Weed Cat|Flower Trick|p1a: Zebstrika
|-start|p2a: Weed Cat|typechange|Grass|[from] ability: Protean
|-ability|p1a: Zebstrika|Sap Sipper|boost
|-boost|p1a: Zebstrika|atk|1
|move|p1a: Zebstrika|Low Kick|p2a: Weed Cat
|-damage|p2a: Weed Cat|50/100
|-damage|p1a: Zebstrika|81/100|[from] item: Life Orb
|
|upkeep
|turn|4
|c|☆TheQuesadillaman|wow im dumb
|
|t:|1779825656
|switch|p2a: Emo Guy|Scrafty, F|100/100
|move|p1a: Zebstrika|Body Slam|p2a: Emo Guy
|-damage|p2a: Emo Guy|51/100
|-damage|p1a: Zebstrika|71/100|[from] item: Life Orb
|
|-heal|p2a: Emo Guy|57/100|[from] item: Leftovers
|upkeep
|turn|5
|c|☆AllHailDudunsparce|damn
|c| The impimp|You are not
|c| The impimp|Why body slam
|c| The impimp|On not a normal type
|c|☆AllHailDudunsparce|because this damn zebra barely has physical moves
|inactive|AllHailDudunsparce has 120 seconds left.
|j| Iexisttosuffer
|
|t:|1779825689
|-terastallize|p2a: Emo Guy|Fire
|move|p1a: Zebstrika|Low Kick|p2a: Emo Guy
|-damage|p2a: Emo Guy|20/100
|-damage|p1a: Zebstrika|61/100|[from] item: Life Orb
|move|p2a: Emo Guy|Drain Punch|p1a: Zebstrika
|-damage|p1a: Zebstrika|6/100
|-heal|p2a: Emo Guy|50/100|[from] drain|[of] p1a: Zebstrika
|
|-heal|p2a: Emo Guy|55/100|[from] item: Leftovers
|upkeep
|turn|6
|
|t:|1779825696
|move|p1a: Zebstrika|High Horsepower|p2a: Emo Guy
|-supereffective|p2a: Emo Guy
|-damage|p2a: Emo Guy|0 fnt
|faint|p2a: Emo Guy
|-damage|p1a: Zebstrika|0 fnt|[from] item: Life Orb
|faint|p1a: Zebstrika
|
|upkeep
|c| The impimp|So why not special
|j| 5penny
|inactive|AllHailDudunsparce has 120 seconds left.
|c|☆AllHailDudunsparce|because I'm an idiot, and its physical was higher
|
|t:|1779825724
|switch|p1a: Florges|Florges-White, F|100/100
|switch|p2a: DrummerV2|Magmar, M|100/100
|turn|7
|
|t:|1779825728
|-terastallize|p1a: Florges|Ground
|move|p2a: DrummerV2|Belly Drum|p2a: DrummerV2
|-damage|p2a: DrummerV2|50/100
|-setboost|p2a: DrummerV2|atk|6|[from] move: Belly Drum
|-enditem|p2a: DrummerV2|Sitrus Berry|[eat]
|-heal|p2a: DrummerV2|75/100|[from] item: Sitrus Berry
|move|p1a: Florges|Tera Blast|p2a: DrummerV2|[anim] Tera Blast Ground
|-supereffective|p2a: DrummerV2
|-damage|p2a: DrummerV2|0 fnt
|faint|p2a: DrummerV2
|
|upkeep
|
|t:|1779825733
|switch|p2a: Weed Cat|Meowscarada, F|50/100
|turn|8
|c| The impimp|Only a 20
|c| The impimp|YAY belly drum
|
|t:|1779825740
|switch|p1a: Corviknight|Corviknight, M|100/100
|move|p2a: Weed Cat|Triple Axel|p1a: Corviknight
|-start|p2a: Weed Cat|typechange|Ice|[from] ability: Protean
|-damage|p1a: Corviknight|93/100
|-damage|p1a: Corviknight|78/100
|-damage|p1a: Corviknight|54/100
|-hitcount|p1a: Corviknight|3
|
|-heal|p1a: Corviknight|60/100|[from] item: Leftovers
|upkeep
|turn|9
|
|t:|1779825744
|move|p2a: Weed Cat|Triple Axel|p1a: Corviknight
|-damage|p1a: Corviknight|52/100
|-damage|p1a: Corviknight|37/100
|-damage|p1a: Corviknight|13/100
|-hitcount|p1a: Corviknight|3
|move|p1a: Corviknight|Iron Head|p2a: Weed Cat
|-supereffective|p2a: Weed Cat
|-damage|p2a: Weed Cat|0 fnt
|faint|p2a: Weed Cat
|
|win|AllHailDudunsparce
|n|☆AllHailDudunsparce|allhaildudunsparce
|n|☆TheQuesadillaman|thequesadillaman
|n|*Lady Monita |ladymonita
|n| The impimp|theimpimp
|n| Walrus0|walrus0
|n| Iexisttosuffer|iexisttosuffer
|n| 5penny|5penny
|c|☆AllHailDudunsparce|gg
|l|*Lady Monita 
|c|☆TheQuesadillaman|GG
|c| The impimp|Take drummer
|l| 5penny
|l|☆TheQuesadillaman
|player|p2|
|l|☆AllHailDudunsparce
|player|p1|
|c| The impimp|please
|l| Walrus0
