|j|☆Brooklyn Cafe
|j|☆Negative1stClass
|t:|1779815229
|gametype|singles
|player|p1|Brooklyn Cafe|hexmaniac-gen6|1353
|player|p2|Negative1stClass|hilbert|1350
|gen|9
|tier|[Gen 9] OU
|rated|
|rule|HP Percentage Mod: HP is shown in percentages
|rule|Endless Battle Clause: Forcing endless battles is banned
|rule|Species Clause: Limit one of each Pokémon
|rule|OHKO Clause: OHKO moves are banned
|rule|Evasion Items Clause: Evasion items are banned
|rule|Evasion Moves Clause: Evasion moves are banned
|rule|Evasion Abilities Clause: Evasion abilities are banned
|rule|Sleep Moves Clause: Sleep-inducing moves are banned
|clearpoke
|poke|p1|Ogerpon, F|
|poke|p1|Glimmora, M|
|poke|p1|Rillaboom, F|
|poke|p1|Raging Bolt|
|poke|p1|Arboliva, M|
|poke|p1|Heatran, M|
|poke|p2|Pelipper, M|
|poke|p2|Raging Bolt|
|poke|p2|Overqwil, M|
|poke|p2|Barraskewda, M|
|poke|p2|Iron Treads|
|poke|p2|Azelf|
|teampreview
|inactive|Battle timer is ON: inactive players will automatically lose when time's up. (requested by Brooklyn Cafe)
|
|t:|1779815237
|teamsize|p1|6
|teamsize|p2|6
|start
|switch|p1a: Rillaboom|Rillaboom, F|100/100
|switch|p2a: Pelipper|Pelipper, M|100/100
|-fieldstart|move: Grassy Terrain|[from] ability: Grassy Surge|[of] p1a: Rillaboom
|-weather|RainDance|[from] ability: Drizzle|[of] p2a: Pelipper
|turn|1
|
|t:|1779815245
|move|p1a: Rillaboom|Wood Hammer|p2a: Pelipper
|-damage|p2a: Pelipper|36/100
|-damage|p1a: Rillaboom|81/100|[from] Recoil
|move|p2a: Pelipper|Hurricane|p1a: Rillaboom
|-supereffective|p1a: Rillaboom
|-damage|p1a: Rillaboom|0 fnt
|faint|p1a: Rillaboom
|
|-weather|RainDance|[upkeep]
|upkeep
|
|t:|1779815255
|switch|p1a: Glimmora|Glimmora, M|100/100
|turn|2
|
|t:|1779815260
|switch|p2a: Iron Treads|Iron Treads|100/100
|-enditem|p2a: Iron Treads|Booster Energy
|-activate|p2a: Iron Treads|ability: Quark Drive|[fromitem]
|-start|p2a: Iron Treads|quarkdrivespe
|move|p1a: Glimmora|Power Gem|p2a: Iron Treads
|-resisted|p2a: Iron Treads
|-damage|p2a: Iron Treads|84/100
|
|-weather|RainDance|[upkeep]
|-heal|p2a: Iron Treads|90/100|[from] Grassy Terrain
|upkeep
|turn|3
|
|t:|1779815270
|switch|p1a: Arboliva|Arboliva, M|100/100
|move|p2a: Iron Treads|Earth Power|p1a: Arboliva
|-resisted|p1a: Arboliva
|-crit|p1a: Arboliva
|-damage|p1a: Arboliva|79/100
|
|-weather|RainDance|[upkeep]
|-heal|p2a: Iron Treads|96/100|[from] Grassy Terrain
|-heal|p1a: Arboliva|85/100|[from] Grassy Terrain
|upkeep
|turn|4
|
|t:|1779815284
|move|p2a: Iron Treads|Stealth Rock|p1a: Arboliva
|-sidestart|p1: Brooklyn Cafe|move: Stealth Rock
|move|p1a: Arboliva|Leaf Storm|p2a: Iron Treads
|-damage|p2a: Iron Treads|0 fnt
|-unboost|p1a: Arboliva|spa|2
|faint|p2a: Iron Treads
|-end|p2a: Iron Treads|Quark Drive|[silent]
|
|-weather|RainDance|[upkeep]
|-heal|p1a: Arboliva|92/100|[from] Grassy Terrain
|upkeep
|
|t:|1779815292
|switch|p2a: Overqwil|Overqwil, M|100/100
|turn|5
|
|t:|1779815302
|switch|p1a: Heatran|Heatran, M|100/100
|-damage|p1a: Heatran|88/100|[from] Stealth Rock
|move|p2a: Overqwil|Swords Dance|p2a: Overqwil
|-boost|p2a: Overqwil|atk|2
|
|-weather|RainDance|[upkeep]
|-heal|p1a: Heatran|94/100|[from] Grassy Terrain
|-heal|p1a: Heatran|100/100|[from] item: Leftovers
|upkeep
|turn|6
|
|t:|1779815313
|-terastallize|p1a: Heatran|Grass
|move|p2a: Overqwil|Liquidation|p1a: Heatran
|-resisted|p1a: Heatran
|-damage|p1a: Heatran|53/100
|-damage|p2a: Overqwil|91/100|[from] item: Life Orb
|move|p1a: Heatran|Earth Power|p2a: Overqwil
|-supereffective|p2a: Overqwil
|-damage|p2a: Overqwil|0 fnt
|faint|p2a: Overqwil
|
|-weather|RainDance|[upkeep]
|-heal|p1a: Heatran|59/100|[from] Grassy Terrain
|-heal|p1a: Heatran|65/100|[from] item: Leftovers
|upkeep
|
|t:|1779815321
|switch|p2a: Barraskewda|Barraskewda, M|100/100
|turn|7
|
|t:|1779815328
|move|p2a: Barraskewda|Close Combat|p1a: Heatran
|-damage|p1a: Heatran|8/100
|-unboost|p2a: Barraskewda|def|1
|-unboost|p2a: Barraskewda|spd|1
|move|p1a: Heatran|Stealth Rock|p2a: Barraskewda
|-sidestart|p2: Negative1stClass|move: Stealth Rock
|
|-weather|RainDance|[upkeep]
|-heal|p1a: Heatran|14/100|[from] Grassy Terrain
|-heal|p1a: Heatran|20/100|[from] item: Leftovers
|upkeep
|turn|8
|
|t:|1779815332
|move|p2a: Barraskewda|Close Combat|p1a: Heatran
|-damage|p1a: Heatran|0 fnt
|-unboost|p2a: Barraskewda|def|1
|-unboost|p2a: Barraskewda|spd|1
|faint|p1a: Heatran
|
|-weather|none
|-fieldend|move: Grassy Terrain
|upkeep
|
|t:|1779815334
|switch|p1a: Glimmora|Glimmora, M|100/100
|-damage|p1a: Glimmora|88/100|[from] Stealth Rock
|turn|9
|
|t:|1779815342
|move|p1a: Glimmora|Mortal Spin|p2a: Barraskewda
|-damage|p2a: Barraskewda|77/100
|-status|p2a: Barraskewda|psn
|-sideend|p1: Brooklyn Cafe|Stealth Rock|[from] move: Mortal Spin|[of] p1a: Glimmora
|move|p2a: Barraskewda|Close Combat|p1a: Glimmora
|-damage|p1a: Glimmora|3/100
|-unboost|p2a: Barraskewda|def|1
|-unboost|p2a: Barraskewda|spd|1
|-activate|p1a: Glimmora|ability: Toxic Debris
|-sidestart|p2: Negative1stClass|move: Toxic Spikes
|
|-damage|p2a: Barraskewda|64/100 psn|[from] psn
|upkeep
|turn|10
|
|t:|1779815354
|move|p1a: Glimmora|Mortal Spin|p2a: Barraskewda
|-damage|p2a: Barraskewda|36/100 psn
|move|p2a: Barraskewda|Close Combat|p1a: Glimmora
|-damage|p1a: Glimmora|0 fnt
|-unboost|p2a: Barraskewda|def|1
|-unboost|p2a: Barraskewda|spd|1
|-activate|p1a: Glimmora|ability: Toxic Debris
|-sidestart|p2: Negative1stClass|move: Toxic Spikes
|faint|p1a: Glimmora
|
|-damage|p2a: Barraskewda|24/100 psn|[from] psn
|upkeep
|
|t:|1779815357
|switch|p1a: Raging Bolt|Raging Bolt|100/100
|turn|11
|
|t:|1779815360
|switch|p2a: Pelipper|Pelipper, M|36/100
|-damage|p2a: Pelipper|12/100|[from] Stealth Rock
|-weather|RainDance|[from] ability: Drizzle|[of] p2a: Pelipper
|-end|p1a: Raging Bolt|Protosynthesis|[silent]
|switch|p1a: Arboliva|Arboliva, M|92/100
|
|-weather|RainDance|[upkeep]
|upkeep
|turn|12
|
|t:|1779815369
|move|p2a: Pelipper|Hurricane|p1a: Arboliva
|-supereffective|p1a: Arboliva
|-damage|p1a: Arboliva|23/100
|-fieldstart|move: Grassy Terrain|[from] ability: Seed Sower|[of] p1a: Arboliva
|move|p1a: Arboliva|Hyper Voice|p2a: Pelipper
|-damage|p2a: Pelipper|0 fnt
|faint|p2a: Pelipper
|
|-weather|RainDance|[upkeep]
|-heal|p1a: Arboliva|29/100|[from] Grassy Terrain
|upkeep
|
|t:|1779815383
|switch|p2a: Barraskewda|Barraskewda, M|24/100 psn
|-damage|p2a: Barraskewda|11/100 psn|[from] Stealth Rock
|turn|13
|
|t:|1779815388
|move|p2a: Barraskewda|Close Combat|p1a: Arboliva
|-supereffective|p1a: Arboliva
|-damage|p1a: Arboliva|0 fnt
|-unboost|p2a: Barraskewda|def|1
|-unboost|p2a: Barraskewda|spd|1
|faint|p1a: Arboliva
|
|-weather|RainDance|[upkeep]
|-heal|p2a: Barraskewda|18/100 psn|[from] Grassy Terrain
|-damage|p2a: Barraskewda|5/100 psn|[from] psn
|upkeep
|
|t:|1779815390
|switch|p1a: Raging Bolt|Raging Bolt|100/100
|-enditem|p1a: Raging Bolt|Grassy Seed
|-boost|p1a: Raging Bolt|def|1|[from] item: Grassy Seed
|turn|14
|
|t:|1779815395
|move|p2a: Barraskewda|Close Combat|p1a: Raging Bolt
|-damage|p1a: Raging Bolt|67/100
|-unboost|p2a: Barraskewda|def|1
|-unboost|p2a: Barraskewda|spd|1
|move|p1a: Raging Bolt|Calm Mind|p1a: Raging Bolt
|-boost|p1a: Raging Bolt|spa|1
|-boost|p1a: Raging Bolt|spd|1
|
|-weather|RainDance|[upkeep]
|-heal|p2a: Barraskewda|11/100 psn|[from] Grassy Terrain
|-heal|p1a: Raging Bolt|74/100|[from] Grassy Terrain
|-damage|p2a: Barraskewda|0 fnt|[from] psn
|faint|p2a: Barraskewda
|upkeep
|
|t:|1779815402
|switch|p2a: Azelf|Azelf|100/100
|-damage|p2a: Azelf|88/100|[from] Stealth Rock
|turn|15
|
|t:|1779815407
|move|p1a: Raging Bolt|Thunderclap||[still]
|-fail|p1a: Raging Bolt
|move|p2a: Azelf|Taunt|p1a: Raging Bolt
|-start|p1a: Raging Bolt|move: Taunt
|
|-weather|RainDance|[upkeep]
|-heal|p1a: Raging Bolt|80/100|[from] Grassy Terrain
|upkeep
|turn|16
|
|t:|1779815415
|move|p1a: Raging Bolt|Thunderclap||[still]
|-fail|p1a: Raging Bolt
|move|p2a: Azelf|Nasty Plot|p2a: Azelf
|-boost|p2a: Azelf|spa|2
|
|-weather|RainDance|[upkeep]
|-heal|p1a: Raging Bolt|86/100|[from] Grassy Terrain
|-fieldend|move: Grassy Terrain
|upkeep
|turn|17
|
|t:|1779815422
|move|p1a: Raging Bolt|Thunderclap||[still]
|-fail|p1a: Raging Bolt
|move|p2a: Azelf|Nasty Plot|p2a: Azelf
|-boost|p2a: Azelf|spa|2
|
|-weather|RainDance|[upkeep]
|upkeep
|turn|18
|
|t:|1779815429
|move|p2a: Azelf|Nasty Plot|p2a: Azelf
|-boost|p2a: Azelf|spa|2
|move|p1a: Raging Bolt|Thunderbolt|p2a: Azelf
|-damage|p2a: Azelf|0 fnt
|faint|p2a: Azelf
|
|-weather|none
|-end|p1a: Raging Bolt|move: Taunt
|upkeep
|
|t:|1779815432
|switch|p2a: Raging Bolt|Raging Bolt|100/100
|-damage|p2a: Raging Bolt|88/100|[from] Stealth Rock
|-status|p2a: Raging Bolt|tox
|-enditem|p2a: Raging Bolt|Booster Energy
|-activate|p2a: Raging Bolt|ability: Protosynthesis|[fromitem]
|-start|p2a: Raging Bolt|protosynthesisspa
|turn|19
|
|t:|1779815439
|-terastallize|p2a: Raging Bolt|Fairy
|move|p2a: Raging Bolt|Draco Meteor|p1a: Raging Bolt
|-supereffective|p1a: Raging Bolt
|-crit|p1a: Raging Bolt
|-damage|p1a: Raging Bolt|0 fnt
|-unboost|p2a: Raging Bolt|spa|2
|faint|p1a: Raging Bolt
|-end|p1a: Raging Bolt|Protosynthesis|[silent]
|
|-damage|p2a: Raging Bolt|82/100 tox|[from] psn
|upkeep
|
|t:|1779815441
|switch|p1a: Ogerpon|Ogerpon, F|100/100
|turn|20
|
|t:|1779815445
|move|p1a: Ogerpon|Ivy Cudgel|p2a: Raging Bolt
|-damage|p2a: Raging Bolt|13/100 tox
|move|p2a: Raging Bolt|Thunder|p1a: Ogerpon|[miss]
|-miss|p2a: Raging Bolt|p1a: Ogerpon
|
|-damage|p2a: Raging Bolt|0 fnt|[from] psn
|faint|p2a: Raging Bolt
|-end|p2a: Raging Bolt|Protosynthesis|[silent]
|
|win|Brooklyn Cafe
|raw|Brooklyn Cafe's rating: 1353 &rarr; <strong>1373</strong><br />(+20 for winning)
|raw|Negative1stClass's rating: 1350 &rarr; <strong>1330</strong><br />(-20 for losing)
|l|☆Negative1stClass
|player|p2|
