|j|☆yungmeggydwine
|j|☆rfouqjFOEJ
|t:|1779857029
|gametype|singles
|player|p1|yungmeggydwine|n|1111
|player|p2|rfouqjFOEJ|266|1000
|gen|9
|tier|[Gen 9] OU
|rated|
|rule|HP Percentage Mod: HP is shown in percentages
|rule|Endless Battle Clause: Forcing endless battles is banned
|rule|Species Clause: Limit one of each Pokémon
|rule|OHKO Clause: OHKO moves are banned
|rule|Evasion Items Clause: Evasion items are banned
|rule|Evasion Moves Clause: Evasion moves are banned
|rule|Evasion Abilities Clause: Evasion abilities are banned
|rule|Sleep Moves Clause: Sleep-inducing moves are banned
|clearpoke
|poke|p1|Zoroark-Hisui, M|
|poke|p1|Toxapex, F|
|poke|p1|Gholdengo|
|poke|p1|Gliscor, M|
|poke|p1|Sinistcha|
|poke|p1|Dragonite, M|
|poke|p2|Moltres|
|poke|p2|Ogerpon-Cornerstone, F|
|poke|p2|Tinkaton, F|
|poke|p2|Zamazenta-*|
|poke|p2|Mandibuzz, F|
|poke|p2|Porygon-Z|
|teampreview
|
|t:|1779857050
|teamsize|p1|6
|teamsize|p2|6
|start
|switch|p1a: Gliscor|Gliscor, M|100/100
|switch|p2a: Porygon-Z|Porygon-Z|100/100
|-ability|p2a: Porygon-Z|Download|boost
|-boost|p2a: Porygon-Z|spa|1
|turn|1
|
|t:|1779857058
|move|p2a: Porygon-Z|Ice Beam|p1a: Gliscor
|-supereffective|p1a: Gliscor
|-damage|p1a: Gliscor|0 fnt
|faint|p1a: Gliscor
|
|upkeep
|
|t:|1779857078
|switch|p1a: Dragonite|Dragonite, M|100/100
|turn|2
|
|t:|1779857082
|move|p1a: Dragonite|Focus Blast|p2a: Porygon-Z
|-supereffective|p2a: Porygon-Z
|-damage|p2a: Porygon-Z|0 fnt
|faint|p2a: Porygon-Z
|
|upkeep
|
|t:|1779857095
|switch|p2a: Ogerpon|Ogerpon-Cornerstone, F|100/100
|turn|3
|
|t:|1779857098
|move|p1a: Dragonite|Focus Blast|p2a: Ogerpon
|-supereffective|p2a: Ogerpon
|-ability|p2a: Ogerpon|Sturdy
|-damage|p2a: Ogerpon|1/100
|move|p2a: Ogerpon|Swords Dance|p2a: Ogerpon
|-boost|p2a: Ogerpon|atk|2
|
|upkeep
|turn|4
|
|t:|1779857112
|switch|p2a: Moltres|Moltres|100/100
|move|p1a: Dragonite|Focus Blast|p2a: Moltres
|-resisted|p2a: Moltres
|-damage|p2a: Moltres|80/100
|-unboost|p2a: Moltres|spd|1
|
|upkeep
|turn|5
|
|t:|1779857123
|switch|p1a: Toxapex|Toxapex, F|100/100
|move|p2a: Moltres|Flamethrower|p1a: Toxapex
|-resisted|p1a: Toxapex
|-damage|p1a: Toxapex|85/100
|
|-heal|p1a: Toxapex|92/100|[from] item: Black Sludge
|upkeep
|turn|6
|
|t:|1779857132
|move|p2a: Moltres|U-turn|p1a: Toxapex
|-resisted|p1a: Toxapex
|-damage|p1a: Toxapex|87/100
|
|t:|1779857137
|switch|p2a: Tinkaton|Tinkaton, F|100/100|[from] U-turn
|-item|p2a: Tinkaton|Air Balloon
|move|p1a: Toxapex|Surf|p2a: Tinkaton
|-damage|p2a: Tinkaton|84/100
|-enditem|p2a: Tinkaton|Air Balloon
|
|-heal|p1a: Toxapex|93/100|[from] item: Black Sludge
|upkeep
|turn|7
|
|t:|1779857160
|switch|p1a: Dragonite|Dragonite, M|100/100
|move|p2a: Tinkaton|Knock Off|p1a: Dragonite
|-damage|p1a: Dragonite|91/100
|-enditem|p1a: Dragonite|Heavy-Duty Boots|[from] move: Knock Off|[of] p2a: Tinkaton
|
|upkeep
|turn|8
|
|t:|1779857173
|switch|p2a: Moltres|Moltres|80/100
|move|p1a: Dragonite|Earthquake|p2a: Moltres
|-immune|p2a: Moltres
|
|upkeep
|turn|9
|
|t:|1779857188
|switch|p1a: Toxapex|Toxapex, F|100/100
|move|p2a: Moltres|U-turn|p1a: Toxapex
|-resisted|p1a: Toxapex
|-damage|p1a: Toxapex|96/100
|
|t:|1779857197
|switch|p2a: Tinkaton|Tinkaton, F|84/100|[from] U-turn
|
|-heal|p1a: Toxapex|100/100|[from] item: Black Sludge
|upkeep
|turn|10
|
|t:|1779857208
|switch|p1a: Dragonite|Dragonite, M|100/100
|move|p2a: Tinkaton|Stealth Rock|p1a: Dragonite
|-sidestart|p1: yungmeggydwine|move: Stealth Rock
|
|upkeep
|turn|11
|
|t:|1779857215
|switch|p2a: Moltres|Moltres|80/100
|move|p1a: Dragonite|Flamethrower|p2a: Moltres
|-resisted|p2a: Moltres
|-damage|p2a: Moltres|64/100
|
|upkeep
|turn|12
|
|t:|1779857225
|switch|p1a: Toxapex|Toxapex, F|100/100
|-damage|p1a: Toxapex|88/100|[from] Stealth Rock
|move|p2a: Moltres|Roost|p2a: Moltres
|-heal|p2a: Moltres|100/100
|-singleturn|p2a: Moltres|move: Roost
|
|-heal|p1a: Toxapex|94/100|[from] item: Black Sludge
|upkeep
|turn|13
|
|t:|1779857236
|move|p2a: Moltres|U-turn|p1a: Toxapex
|-resisted|p1a: Toxapex
|-damage|p1a: Toxapex|90/100
|
|t:|1779857238
|switch|p2a: Tinkaton|Tinkaton, F|84/100|[from] U-turn
|move|p1a: Toxapex|Surf|p2a: Tinkaton
|-damage|p2a: Tinkaton|69/100
|
|-heal|p1a: Toxapex|96/100|[from] item: Black Sludge
|upkeep
|turn|14
|
|t:|1779857247
|switch|p1a: Dragonite|Dragonite, M|100/100
|-damage|p1a: Dragonite|88/100|[from] Stealth Rock
|move|p2a: Tinkaton|Knock Off|p1a: Dragonite
|-supereffective|p1a: Dragonite
|-damage|p1a: Dragonite|16/100
|replace|p1a: Zoroark|Zoroark-Hisui, M
|-end|p1a: Zoroark|Illusion
|-enditem|p1a: Zoroark|Choice Specs|[from] move: Knock Off|[of] p2a: Tinkaton
|
|upkeep
|turn|15
|
|t:|1779857272
|switch|p2a: Mandibuzz|Mandibuzz, F|100/100
|move|p1a: Zoroark|Shadow Ball|p2a: Mandibuzz
|-resisted|p2a: Mandibuzz
|-damage|p2a: Mandibuzz|83/100
|
|upkeep
|turn|16
|
|t:|1779857285
|switch|p1a: Gholdengo|Gholdengo|100/100
|-damage|p1a: Gholdengo|94/100|[from] Stealth Rock
|-item|p1a: Gholdengo|Air Balloon
|move|p2a: Mandibuzz|Foul Play|p1a: Gholdengo
|-supereffective|p1a: Gholdengo
|-damage|p1a: Gholdengo|56/100
|-enditem|p1a: Gholdengo|Air Balloon
|
|upkeep
|turn|17
|
|t:|1779857297
|switch|p2a: Moltres|Moltres|100/100
|move|p1a: Gholdengo|Make It Rain|p2a: Moltres
|-resisted|p2a: Moltres
|-damage|p2a: Moltres|76/100
|-unboost|p1a: Gholdengo|spa|1
|
|upkeep
|turn|18
|
|t:|1779857308
|switch|p1a: Toxapex|Toxapex, F|100/100
|-damage|p1a: Toxapex|88/100|[from] Stealth Rock
|move|p2a: Moltres|Flamethrower|p1a: Toxapex
|-resisted|p1a: Toxapex
|-damage|p1a: Toxapex|72/100
|
|-heal|p1a: Toxapex|78/100|[from] item: Black Sludge
|upkeep
|turn|19
|
|t:|1779857319
|move|p1a: Toxapex|Baneful Bunker|p1a: Toxapex
|-singleturn|p1a: Toxapex|move: Protect
|move|p2a: Moltres|U-turn|p1a: Toxapex
|-activate|p1a: Toxapex|move: Protect
|-status|p2a: Moltres|psn
|
|-heal|p1a: Toxapex|84/100|[from] item: Black Sludge
|-damage|p2a: Moltres|64/100 psn|[from] psn
|upkeep
|turn|20
|
|t:|1779857330
|switch|p2a: Tinkaton|Tinkaton, F|69/100
|move|p1a: Toxapex|Surf|p2a: Tinkaton
|-damage|p2a: Tinkaton|52/100
|
|-heal|p1a: Toxapex|91/100|[from] item: Black Sludge
|upkeep
|turn|21
|
|t:|1779857339
|move|p1a: Toxapex|Baneful Bunker|p1a: Toxapex
|-singleturn|p1a: Toxapex|move: Protect
|move|p2a: Tinkaton|Gigaton Hammer|p1a: Toxapex
|-activate|p1a: Toxapex|move: Protect
|
|-heal|p1a: Toxapex|97/100|[from] item: Black Sludge
|upkeep
|turn|22
|
|t:|1779857351
|switch|p1a: Dragonite|Dragonite, M|91/100
|-damage|p1a: Dragonite|66/100|[from] Stealth Rock
|move|p2a: Tinkaton|Knock Off|p1a: Dragonite
|-damage|p1a: Dragonite|53/100
|
|upkeep
|turn|23
|
|t:|1779857358
|switch|p2a: Mandibuzz|Mandibuzz, F|83/100
|move|p1a: Dragonite|Earthquake|p2a: Mandibuzz
|-immune|p2a: Mandibuzz
|
|upkeep
|turn|24
|
|t:|1779857397
|switch|p1a: Toxapex|Toxapex, F|100/100
|-damage|p1a: Toxapex|88/100|[from] Stealth Rock
|move|p2a: Mandibuzz|U-turn|p1a: Toxapex
|-resisted|p1a: Toxapex
|-damage|p1a: Toxapex|85/100
|
|t:|1779857405
|switch|p2a: Tinkaton|Tinkaton, F|52/100|[from] U-turn
|
|-heal|p1a: Toxapex|91/100|[from] item: Black Sludge
|upkeep
|turn|25
|
|t:|1779857416
|switch|p1a: Dragonite|Dragonite, M|53/100
|-damage|p1a: Dragonite|28/100|[from] Stealth Rock
|move|p2a: Tinkaton|Gigaton Hammer|p1a: Dragonite
|-damage|p1a: Dragonite|0 fnt
|faint|p1a: Dragonite
|
|upkeep
|
|t:|1779857424
|switch|p1a: Sinistcha|Sinistcha|100/100
|-damage|p1a: Sinistcha|88/100|[from] Stealth Rock
|turn|26
|
|t:|1779857432
|move|p2a: Tinkaton|Knock Off|p1a: Sinistcha
|-supereffective|p1a: Sinistcha
|-crit|p1a: Sinistcha
|-damage|p1a: Sinistcha|46/100
|-enditem|p1a: Sinistcha|Leftovers|[from] move: Knock Off|[of] p2a: Tinkaton
|move|p1a: Sinistcha|Strength Sap|p2a: Tinkaton
|-unboost|p2a: Tinkaton|atk|1
|-heal|p1a: Sinistcha|99/100
|
|upkeep
|turn|27
|
|t:|1779857443
|move|p2a: Tinkaton|Encore|p1a: Sinistcha
|-start|p1a: Sinistcha|Encore
|move|p1a: Sinistcha|Strength Sap|p2a: Tinkaton
|-unboost|p2a: Tinkaton|atk|1
|-heal|p1a: Sinistcha|100/100
|
|upkeep
|turn|28
|
|t:|1779857457
|switch|p2a: Ogerpon|Ogerpon-Cornerstone, F|1/100
|move|p1a: Sinistcha|Strength Sap|p2a: Ogerpon
|-unboost|p2a: Ogerpon|atk|1
|
|upkeep
|turn|29
|
|t:|1779857472
|switch|p1a: Toxapex|Toxapex, F|100/100
|-damage|p1a: Toxapex|88/100|[from] Stealth Rock
|move|p2a: Ogerpon|Swords Dance|p2a: Ogerpon
|-boost|p2a: Ogerpon|atk|2
|
|-heal|p1a: Toxapex|94/100|[from] item: Black Sludge
|upkeep
|turn|30
|
|t:|1779857485
|move|p2a: Ogerpon|Ivy Cudgel|p1a: Toxapex|[anim] Ivy Cudgel Rock
|-damage|p1a: Toxapex|44/100
|move|p1a: Toxapex|Surf|p2a: Ogerpon
|-damage|p2a: Ogerpon|0 fnt
|faint|p2a: Ogerpon
|
|-heal|p1a: Toxapex|50/100|[from] item: Black Sludge
|upkeep
|
|t:|1779857493
|switch|p2a: Tinkaton|Tinkaton, F|52/100
|turn|31
|
|t:|1779857504
|move|p1a: Toxapex|Baneful Bunker|p1a: Toxapex
|-singleturn|p1a: Toxapex|move: Protect
|move|p2a: Tinkaton|Gigaton Hammer|p1a: Toxapex
|-activate|p1a: Toxapex|move: Protect
|
|-heal|p1a: Toxapex|56/100|[from] item: Black Sludge
|upkeep
|turn|32
|
|t:|1779857512
|move|p2a: Tinkaton|Knock Off|p1a: Toxapex
|-damage|p1a: Toxapex|46/100
|-enditem|p1a: Toxapex|Black Sludge|[from] move: Knock Off|[of] p2a: Tinkaton
|move|p1a: Toxapex|Surf|p2a: Tinkaton
|-damage|p2a: Tinkaton|36/100
|
|upkeep
|turn|33
|
|t:|1779857521
|move|p2a: Tinkaton|Gigaton Hammer|p1a: Toxapex
|-resisted|p1a: Toxapex
|-damage|p1a: Toxapex|33/100
|move|p1a: Toxapex|Recover|p1a: Toxapex
|-heal|p1a: Toxapex|83/100
|
|upkeep
|turn|34
|
|t:|1779857527
|move|p2a: Tinkaton|Encore|p1a: Toxapex
|-start|p1a: Toxapex|Encore
|move|p1a: Toxapex|Recover|p1a: Toxapex
|-heal|p1a: Toxapex|100/100
|
|upkeep
|turn|35
|
|t:|1779857535
|move|p2a: Tinkaton|Knock Off|p1a: Toxapex
|-damage|p1a: Toxapex|93/100
|move|p1a: Toxapex|Recover|p1a: Toxapex
|-heal|p1a: Toxapex|100/100
|
|upkeep
|turn|36
|
|t:|1779857541
|move|p2a: Tinkaton|Gigaton Hammer|p1a: Toxapex
|-resisted|p1a: Toxapex
|-damage|p1a: Toxapex|88/100
|move|p1a: Toxapex|Recover|p1a: Toxapex
|-heal|p1a: Toxapex|100/100
|
|-end|p1a: Toxapex|Encore
|upkeep
|turn|37
|
|t:|1779857549
|move|p2a: Tinkaton|Encore|p1a: Toxapex
|-start|p1a: Toxapex|Encore
|move|p1a: Toxapex|Recover||[still]
|-fail|p1a: Toxapex|heal
|
|upkeep
|turn|38
|
|t:|1779857556
|switch|p1a: Sinistcha|Sinistcha|100/100
|-damage|p1a: Sinistcha|88/100|[from] Stealth Rock
|move|p2a: Tinkaton|Gigaton Hammer|p1a: Sinistcha
|-damage|p1a: Sinistcha|59/100
|
|upkeep
|turn|39
|
|t:|1779857577
|switch|p2a: Mandibuzz|Mandibuzz, F|83/100
|move|p1a: Sinistcha|Shadow Ball|p2a: Mandibuzz
|-resisted|p2a: Mandibuzz
|-damage|p2a: Mandibuzz|68/100
|
|upkeep
|turn|40
|
|t:|1779857589
|switch|p1a: Toxapex|Toxapex, F|100/100
|-damage|p1a: Toxapex|88/100|[from] Stealth Rock
|move|p2a: Mandibuzz|Foul Play|p1a: Toxapex
|-damage|p1a: Toxapex|78/100
|
|upkeep
|turn|41
|
|t:|1779857610
|move|p2a: Mandibuzz|Roost|p2a: Mandibuzz
|-heal|p2a: Mandibuzz|100/100
|-singleturn|p2a: Mandibuzz|move: Roost
|move|p1a: Toxapex|Toxic|p2a: Mandibuzz
|-status|p2a: Mandibuzz|tox
|
|-damage|p2a: Mandibuzz|94/100 tox|[from] psn
|upkeep
|turn|42
|
|t:|1779857619
|switch|p2a: Tinkaton|Tinkaton, F|36/100
|move|p1a: Toxapex|Surf|p2a: Tinkaton
|-damage|p2a: Tinkaton|21/100
|
|upkeep
|turn|43
|
|t:|1779857630
|move|p2a: Tinkaton|Gigaton Hammer|p1a: Toxapex
|-resisted|p1a: Toxapex
|-damage|p1a: Toxapex|64/100
|move|p1a: Toxapex|Surf|p2a: Tinkaton
|-damage|p2a: Tinkaton|5/100
|
|upkeep
|turn|44
|
|t:|1779857637
|move|p2a: Tinkaton|Knock Off|p1a: Toxapex
|-damage|p1a: Toxapex|57/100
|move|p1a: Toxapex|Surf|p2a: Tinkaton
|-damage|p2a: Tinkaton|0 fnt
|faint|p2a: Tinkaton
|
|upkeep
|
|t:|1779857644
|switch|p2a: Zamazenta|Zamazenta|100/100
|-ability|p2a: Zamazenta|Dauntless Shield|boost
|-boost|p2a: Zamazenta|def|1
|turn|45
|
|t:|1779857659
|move|p1a: Toxapex|Baneful Bunker|p1a: Toxapex
|-singleturn|p1a: Toxapex|move: Protect
|move|p2a: Zamazenta|Crunch|p1a: Toxapex
|-activate|p1a: Toxapex|move: Protect
|-status|p2a: Zamazenta|psn
|
|-damage|p2a: Zamazenta|88/100 psn|[from] psn
|upkeep
|turn|46
|
|t:|1779857670
|move|p2a: Zamazenta|Crunch|p1a: Toxapex
|-damage|p1a: Toxapex|40/100
|move|p1a: Toxapex|Recover|p1a: Toxapex
|-heal|p1a: Toxapex|90/100
|
|-heal|p2a: Zamazenta|94/100 psn|[from] item: Leftovers
|-damage|p2a: Zamazenta|82/100 psn|[from] psn
|upkeep
|turn|47
|
|t:|1779857681
|switch|p2a: Mandibuzz|Mandibuzz, F|94/100 tox
|move|p1a: Toxapex|Surf|p2a: Mandibuzz
|-damage|p2a: Mandibuzz|80/100 tox
|
|-damage|p2a: Mandibuzz|74/100 tox|[from] psn
|upkeep
|turn|48
|
|t:|1779857691
|move|p2a: Mandibuzz|U-turn|p1a: Toxapex
|-resisted|p1a: Toxapex
|-damage|p1a: Toxapex|86/100
|
|t:|1779857693
|switch|p2a: Moltres|Moltres|64/100 psn|[from] U-turn
|move|p1a: Toxapex|Surf|p2a: Moltres
|-supereffective|p2a: Moltres
|-damage|p2a: Moltres|38/100 psn
|
|-damage|p2a: Moltres|26/100 psn|[from] psn
|upkeep
|turn|49
|
|t:|1779857703
|-terastallize|p2a: Moltres|Fairy
|move|p2a: Moltres|Roost|p2a: Moltres
|-heal|p2a: Moltres|76/100 psn
|move|p1a: Toxapex|Surf|p2a: Moltres
|-damage|p2a: Moltres|62/100 psn
|
|-damage|p2a: Moltres|50/100 psn|[from] psn
|upkeep
|turn|50
|
|t:|1779857714
|move|p1a: Toxapex|Baneful Bunker|p1a: Toxapex
|-singleturn|p1a: Toxapex|move: Protect
|move|p2a: Moltres|Roost|p2a: Moltres
|-heal|p2a: Moltres|99/100 psn
|
|-damage|p2a: Moltres|87/100 psn|[from] psn
|upkeep
|turn|51
|
|t:|1779857723
|move|p1a: Toxapex|Surf|p2a: Moltres
|-crit|p2a: Moltres
|-damage|p2a: Moltres|68/100 psn
|move|p2a: Moltres|Roar|p1a: Toxapex
|drag|p1a: Sinistcha|Sinistcha|59/100
|-damage|p1a: Sinistcha|47/100|[from] Stealth Rock
|
|-damage|p2a: Moltres|56/100 psn|[from] psn
|upkeep
|turn|52
|
|t:|1779857740
|move|p2a: Moltres|Roost|p2a: Moltres
|-heal|p2a: Moltres|100/100 psn
|move|p1a: Sinistcha|Strength Sap|p2a: Moltres
|-unboost|p2a: Moltres|atk|1
|-heal|p1a: Sinistcha|100/100
|
|-damage|p2a: Moltres|88/100 psn|[from] psn
|upkeep
|turn|53
|
|t:|1779857752
|move|p2a: Moltres|Flamethrower|p1a: Sinistcha
|-supereffective|p1a: Sinistcha
|-damage|p1a: Sinistcha|26/100
|move|p1a: Sinistcha|Matcha Gotcha|p2a: Moltres
|-damage|p2a: Moltres|67/100 psn
|-heal|p1a: Sinistcha|38/100|[from] drain|[of] p2a: Moltres
|
|-damage|p2a: Moltres|55/100 psn|[from] psn
|upkeep
|turn|54
|
|t:|1779857768
|switch|p1a: Toxapex|Toxapex, F|100/100
|-damage|p1a: Toxapex|88/100|[from] Stealth Rock
|move|p2a: Moltres|Flamethrower|p1a: Toxapex
|-resisted|p1a: Toxapex
|-damage|p1a: Toxapex|73/100
|
|-damage|p2a: Moltres|42/100 psn|[from] psn
|upkeep
|turn|55
|
|t:|1779857777
|move|p2a: Moltres|Roost|p2a: Moltres
|-heal|p2a: Moltres|92/100 psn
|move|p1a: Toxapex|Surf|p2a: Moltres
|-damage|p2a: Moltres|80/100 psn
|
|-damage|p2a: Moltres|67/100 psn|[from] psn
|upkeep
|turn|56
|
|t:|1779857788
|move|p1a: Toxapex|Surf|p2a: Moltres
|-damage|p2a: Moltres|55/100 psn
|move|p2a: Moltres|Roar|p1a: Toxapex
|drag|p1a: Sinistcha|Sinistcha|38/100
|-damage|p1a: Sinistcha|25/100|[from] Stealth Rock
|
|-damage|p2a: Moltres|42/100 psn|[from] psn
|upkeep
|turn|57
|
|t:|1779857799
|switch|p1a: Toxapex|Toxapex, F|100/100
|-damage|p1a: Toxapex|88/100|[from] Stealth Rock
|move|p2a: Moltres|Flamethrower|p1a: Toxapex
|-resisted|p1a: Toxapex
|-damage|p1a: Toxapex|73/100
|
|-damage|p2a: Moltres|30/100 psn|[from] psn
|upkeep
|turn|58
|
|t:|1779857809
|move|p2a: Moltres|Roost|p2a: Moltres
|-heal|p2a: Moltres|80/100 psn
|move|p1a: Toxapex|Surf|p2a: Moltres
|-damage|p2a: Moltres|68/100 psn
|
|-damage|p2a: Moltres|55/100 psn|[from] psn
|upkeep
|turn|59
|
|t:|1779857818
|move|p1a: Toxapex|Surf|p2a: Moltres
|-damage|p2a: Moltres|42/100 psn
|move|p2a: Moltres|Roar|p1a: Toxapex
|drag|p1a: Sinistcha|Sinistcha|16/100
|-damage|p1a: Sinistcha|4/100|[from] Stealth Rock
|
|-damage|p2a: Moltres|30/100 psn|[from] psn
|upkeep
|turn|60
|
|t:|1779857828
|move|p1a: Sinistcha|Bitter Malice|p2a: Moltres
|-damage|p2a: Moltres|4/100 psn
|-unboost|p2a: Moltres|atk|1
|move|p2a: Moltres|Roost|p2a: Moltres
|-heal|p2a: Moltres|54/100 psn
|
|-damage|p2a: Moltres|42/100 psn|[from] psn
|upkeep
|turn|61
|
|t:|1779857842
|move|p1a: Sinistcha|Shadow Ball|p2a: Moltres
|-damage|p2a: Moltres|13/100 psn
|move|p2a: Moltres|Roost|p2a: Moltres
|-heal|p2a: Moltres|63/100 psn
|
|-damage|p2a: Moltres|51/100 psn|[from] psn
|upkeep
|turn|62
|
|t:|1779857855
|move|p1a: Sinistcha|Bitter Malice|p2a: Moltres
|-damage|p2a: Moltres|25/100 psn
|-unboost|p2a: Moltres|atk|1
|move|p2a: Moltres|Roar|p1a: Sinistcha
|drag|p1a: Toxapex|Toxapex, F|100/100
|-damage|p1a: Toxapex|88/100|[from] Stealth Rock
|
|-damage|p2a: Moltres|13/100 psn|[from] psn
|upkeep
|turn|63
|
|t:|1779857868
|move|p1a: Toxapex|Surf|p2a: Moltres
|-damage|p2a: Moltres|0 fnt
|faint|p2a: Moltres
|
|upkeep
|
|t:|1779857871
|switch|p2a: Mandibuzz|Mandibuzz, F|74/100 tox
|turn|64
|
|t:|1779857880
|move|p2a: Mandibuzz|Foul Play|p1a: Toxapex
|-damage|p1a: Toxapex|79/100
|move|p1a: Toxapex|Surf|p2a: Mandibuzz
|-damage|p2a: Mandibuzz|58/100 tox
|
|-damage|p2a: Mandibuzz|52/100 tox|[from] psn
|upkeep
|turn|65
|
|t:|1779857891
|move|p2a: Mandibuzz|Foul Play|p1a: Toxapex
|-damage|p1a: Toxapex|69/100
|move|p1a: Toxapex|Surf|p2a: Mandibuzz
|-damage|p2a: Mandibuzz|35/100 tox
|
|-damage|p2a: Mandibuzz|22/100 tox|[from] psn
|upkeep
|turn|66
|
|t:|1779857898
|switch|p2a: Zamazenta|Zamazenta|82/100 psn
|move|p1a: Toxapex|Surf|p2a: Zamazenta
|-damage|p2a: Zamazenta|65/100 psn
|
|-heal|p2a: Zamazenta|72/100 psn|[from] item: Leftovers
|-damage|p2a: Zamazenta|59/100 psn|[from] psn
|upkeep
|turn|67
|-message|rfouqjFOEJ forfeited.
|
|win|yungmeggydwine
|raw|yungmeggydwine's rating: 1111 &rarr; <strong>1128</strong><br />(+17 for winning)
|raw|rfouqjFOEJ's rating: 1000 &rarr; <strong>1000</strong><br />(+0 for losing)
|l|☆rfouqjFOEJ
|player|p2|
|c|☆yungmeggydwine|ay gg brov
|c|☆yungmeggydwine|crazy game lad
