|j|☆yobluntsoskimpy
|j|☆claudechamp
|t:|1779901862
|gametype|singles
|player|p1|yobluntsoskimpy|rancher|1392
|player|p2|claudechamp|169|1373
|gen|9
|tier|[Gen 9] OU
|rated|
|rule|HP Percentage Mod: HP is shown in percentages
|rule|Endless Battle Clause: Forcing endless battles is banned
|rule|Species Clause: Limit one of each Pokémon
|rule|OHKO Clause: OHKO moves are banned
|rule|Evasion Items Clause: Evasion items are banned
|rule|Evasion Moves Clause: Evasion moves are banned
|rule|Evasion Abilities Clause: Evasion abilities are banned
|rule|Sleep Moves Clause: Sleep-inducing moves are banned
|clearpoke
|poke|p1|Empoleon, F|
|poke|p1|Cinderace, M|
|poke|p1|Vikavolt, F|
|poke|p1|Hatterene, F|
|poke|p1|Sinistcha|
|poke|p1|Hoopa-Unbound|
|poke|p2|Gliscor, M|
|poke|p2|Gholdengo|
|poke|p2|Zamazenta-*|
|poke|p2|Blissey, F|
|poke|p2|Skarmory, F|
|poke|p2|Pecharunt|
|teampreview
|c|☆claudechamp|hf
|inactive|Battle timer is ON: inactive players will automatically lose when time's up. (requested by yobluntsoskimpy)
|inactive|claudechamp also wants the timer to be on.
|
|t:|1779901871
|teamsize|p1|6
|teamsize|p2|6
|start
|switch|p1a: Cinderace|Cinderace, M|100/100
|switch|p2a: Skarmory|Skarmory, F|100/100
|turn|1
|
|t:|1779901873
|switch|p2a: Gliscor|Gliscor, M|100/100
|move|p1a: Cinderace|Will-O-Wisp|p2a: Gliscor
|-status|p2a: Gliscor|brn
|
|-damage|p2a: Gliscor|94/100 brn|[from] brn
|upkeep
|turn|2
|
|t:|1779901878
|switch|p1a: Vikavolt|Vikavolt, F|100/100
|move|p2a: Gliscor|Swords Dance|p2a: Gliscor
|-boost|p2a: Gliscor|atk|2
|
|-damage|p2a: Gliscor|88/100 brn|[from] brn
|upkeep
|turn|3
|
|t:|1779901883
|move|p2a: Gliscor|Knock Off|p1a: Vikavolt
|-damage|p1a: Vikavolt|83/100
|-enditem|p1a: Vikavolt|Leftovers|[from] move: Knock Off|[of] p2a: Gliscor
|move|p1a: Vikavolt|Sticky Web|p2a: Gliscor
|-sidestart|p2: claudechamp|move: Sticky Web
|
|-damage|p2a: Gliscor|82/100 brn|[from] brn
|upkeep
|turn|4
|
|t:|1779901886
|switch|p2a: Blissey|Blissey, F|100/100
|move|p1a: Vikavolt|Energy Ball|p2a: Blissey
|-crit|p2a: Blissey
|-damage|p2a: Blissey|85/100
|
|upkeep
|turn|5
|
|t:|1779901888
|move|p2a: Blissey|Stealth Rock|p1a: Vikavolt
|-sidestart|p1: yobluntsoskimpy|move: Stealth Rock
|move|p1a: Vikavolt|Volt Switch|p2a: Blissey
|-damage|p2a: Blissey|75/100
|
|t:|1779901890
|switch|p1a: Cinderace|Cinderace, M|100/100|[from] Volt Switch
|
|upkeep
|turn|6
|
|t:|1779901892
|move|p1a: Cinderace|Court Change|p1a: Cinderace
|-start|p1a: Cinderace|typechange|Normal|[from] ability: Libero
|-swapsideconditions
|-activate|p1a: Cinderace|move: Court Change
|move|p2a: Blissey|Calm Mind|p2a: Blissey
|-boost|p2a: Blissey|spa|1
|-boost|p2a: Blissey|spd|1
|
|upkeep
|turn|7
|
|t:|1779901901
|switch|p1a: Hatterene|Hatterene, F|100/100
|-activate|p1a: Hatterene|move: Sticky Web
|-unboost|p1a: Hatterene|spe|1
|move|p2a: Blissey|Calm Mind|p2a: Blissey
|-boost|p2a: Blissey|spa|1
|-boost|p2a: Blissey|spd|1
|
|upkeep
|turn|8
|
|t:|1779901913
|switch|p1a: Hoopa|Hoopa-Unbound|100/100
|-activate|p1a: Hoopa|move: Sticky Web
|-unboost|p1a: Hoopa|spe|1
|move|p2a: Blissey|Shadow Ball|p1a: Hoopa
|-damage|p1a: Hoopa|80/100
|
|-heal|p1a: Hoopa|86/100|[from] item: Leftovers
|upkeep
|turn|9
|
|t:|1779901921
|move|p2a: Blissey|Stealth Rock|p1a: Hoopa
|-sidestart|p1: yobluntsoskimpy|move: Stealth Rock
|move|p1a: Hoopa|Psychic Noise|p2a: Blissey
|-damage|p2a: Blissey|69/100
|-start|p2a: Blissey|move: Heal Block
|
|-heal|p1a: Hoopa|93/100|[from] item: Leftovers
|upkeep
|turn|10
|
|t:|1779901929
|-terastallize|p2a: Blissey|Dark
|move|p2a: Blissey|Shadow Ball|p1a: Hoopa
|-damage|p1a: Hoopa|71/100
|move|p1a: Hoopa|Trick Room|p1a: Hoopa
|-fieldstart|move: Trick Room|[of] p1a: Hoopa
|
|-heal|p1a: Hoopa|77/100|[from] item: Leftovers
|-end|p2a: Blissey|move: Heal Block
|upkeep
|turn|11
|
|t:|1779901938
|move|p1a: Hoopa|Drain Punch|p2a: Blissey
|-supereffective|p2a: Blissey
|-damage|p2a: Blissey|2/100
|-heal|p1a: Hoopa|100/100|[from] drain|[of] p2a: Blissey
|move|p2a: Blissey|Soft-Boiled|p2a: Blissey
|-heal|p2a: Blissey|52/100
|
|upkeep
|turn|12
|
|t:|1779901949
|switch|p2a: Skarmory|Skarmory, F|100/100
|move|p1a: Hoopa|Drain Punch|p2a: Skarmory
|-damage|p2a: Skarmory|81/100
|
|upkeep
|turn|13
|
|t:|1779901959
|move|p1a: Hoopa|Psychic Noise|p2a: Skarmory
|-resisted|p2a: Skarmory
|-damage|p2a: Skarmory|55/100
|-start|p2a: Skarmory|move: Heal Block
|move|p2a: Skarmory|Body Press|p1a: Hoopa
|-damage|p1a: Hoopa|56/100
|
|-heal|p1a: Hoopa|62/100|[from] item: Leftovers
|upkeep
|turn|14
|
|t:|1779901972
|switch|p1a: Vikavolt|Vikavolt, F|83/100
|-damage|p1a: Vikavolt|58/100|[from] Stealth Rock
|move|p2a: Skarmory|Body Press|p1a: Vikavolt
|-resisted|p1a: Vikavolt
|-damage|p1a: Vikavolt|46/100
|
|-end|p2a: Skarmory|move: Heal Block
|-fieldend|move: Trick Room
|upkeep
|turn|15
|
|t:|1779901979
|move|p2a: Skarmory|Roost|p2a: Skarmory
|-heal|p2a: Skarmory|100/100
|-singleturn|p2a: Skarmory|move: Roost
|move|p1a: Vikavolt|Volt Switch|p2a: Skarmory
|-damage|p2a: Skarmory|51/100
|
|t:|1779901988
|switch|p1a: Cinderace|Cinderace, M|100/100|[from] Volt Switch
|
|upkeep
|turn|16
|
|t:|1779902000
|move|p1a: Cinderace|Pyro Ball|p2a: Skarmory
|-supereffective|p2a: Skarmory
|-damage|p2a: Skarmory|0 fnt
|faint|p2a: Skarmory
|
|upkeep
|
|t:|1779902009
|switch|p2a: Zamazenta|Zamazenta|100/100
|-ability|p2a: Zamazenta|Dauntless Shield|boost
|-boost|p2a: Zamazenta|def|1
|turn|17
|
|t:|1779902021
|move|p2a: Zamazenta|Close Combat|p1a: Cinderace
|-damage|p1a: Cinderace|30/100
|-unboost|p2a: Zamazenta|def|1
|-unboost|p2a: Zamazenta|spd|1
|move|p1a: Cinderace|Will-O-Wisp|p2a: Zamazenta
|-status|p2a: Zamazenta|brn
|
|-damage|p2a: Zamazenta|94/100 brn|[from] brn
|upkeep
|turn|18
|
|t:|1779902027
|switch|p1a: Vikavolt|Vikavolt, F|46/100
|-damage|p1a: Vikavolt|21/100|[from] Stealth Rock
|move|p2a: Zamazenta|Close Combat|p1a: Vikavolt
|-resisted|p1a: Vikavolt
|-damage|p1a: Vikavolt|9/100
|-unboost|p2a: Zamazenta|def|1
|-unboost|p2a: Zamazenta|spd|1
|
|-damage|p2a: Zamazenta|88/100 brn|[from] brn
|upkeep
|turn|19
|
|t:|1779902033
|move|p2a: Zamazenta|Close Combat|p1a: Vikavolt
|-resisted|p1a: Vikavolt
|-damage|p1a: Vikavolt|0 fnt
|-unboost|p2a: Zamazenta|def|1
|-unboost|p2a: Zamazenta|spd|1
|faint|p1a: Vikavolt
|
|-damage|p2a: Zamazenta|82/100 brn|[from] brn
|upkeep
|
|t:|1779902051
|switch|p1a: Hatterene|Hatterene, F|100/100
|-activate|p1a: Hatterene|move: Sticky Web
|-unboost|p1a: Hatterene|spe|1
|-damage|p1a: Hatterene|88/100|[from] Stealth Rock
|turn|20
|
|t:|1779902059
|move|p2a: Zamazenta|Close Combat|p1a: Hatterene
|-resisted|p1a: Hatterene
|-damage|p1a: Hatterene|82/100
|-unboost|p2a: Zamazenta|def|1
|-unboost|p2a: Zamazenta|spd|1
|move|p1a: Hatterene|Trick Room|p1a: Hatterene
|-fieldstart|move: Trick Room|[of] p1a: Hatterene
|
|-damage|p2a: Zamazenta|76/100 brn|[from] brn
|upkeep
|turn|21
|
|t:|1779902085
|switch|p2a: Gliscor|Gliscor, M|82/100 brn
|-damage|p2a: Gliscor|69/100 brn|[from] Stealth Rock
|move|p1a: Hatterene|Misty Explosion|p2a: Gliscor
|-damage|p2a: Gliscor|31/100 brn
|faint|p1a: Hatterene
|
|-damage|p2a: Gliscor|25/100 brn|[from] brn
|upkeep
|
|t:|1779902089
|switch|p1a: Hoopa|Hoopa-Unbound|62/100
|-activate|p1a: Hoopa|move: Sticky Web
|-unboost|p1a: Hoopa|spe|1
|-damage|p1a: Hoopa|49/100|[from] Stealth Rock
|turn|22
|
|t:|1779902093
|move|p2a: Gliscor|Protect|p2a: Gliscor
|-singleturn|p2a: Gliscor|Protect
|move|p1a: Hoopa|Hyperspace Fury|p2a: Gliscor
|-activate|p2a: Gliscor|move: Hyperspace Fury|[broken]
|-damage|p2a: Gliscor|0 fnt
|-unboost|p1a: Hoopa|def|1
|faint|p2a: Gliscor
|
|-heal|p1a: Hoopa|55/100|[from] item: Leftovers
|upkeep
|
|t:|1779902097
|switch|p2a: Zamazenta|Zamazenta|76/100 brn
|turn|23
|
|t:|1779902105
|move|p1a: Hoopa|Psychic Noise|p2a: Zamazenta
|-supereffective|p2a: Zamazenta
|-damage|p2a: Zamazenta|1/100 brn
|-start|p2a: Zamazenta|move: Heal Block
|move|p2a: Zamazenta|Close Combat|p1a: Hoopa
|-damage|p1a: Hoopa|0 fnt
|-unboost|p2a: Zamazenta|def|1
|-unboost|p2a: Zamazenta|spd|1
|faint|p1a: Hoopa
|
|-damage|p2a: Zamazenta|0 fnt|[from] brn
|faint|p2a: Zamazenta
|upkeep
|
|t:|1779902118
|switch|p1a: Cinderace|Cinderace, M|30/100
|switch|p2a: Gholdengo|Gholdengo|100/100
|-damage|p2a: Gholdengo|94/100|[from] Stealth Rock
|turn|24
|
|t:|1779902123
|move|p1a: Cinderace|Sucker Punch|p2a: Gholdengo
|-start|p1a: Cinderace|typechange|Dark|[from] ability: Libero
|-supereffective|p2a: Gholdengo
|-damage|p2a: Gholdengo|51/100
|move|p2a: Gholdengo|Hex|p1a: Cinderace
|-resisted|p1a: Cinderace
|-damage|p1a: Cinderace|11/100
|
|-fieldend|move: Trick Room
|upkeep
|turn|25
|
|t:|1779902131
|move|p1a: Cinderace|Pyro Ball|p2a: Gholdengo
|-supereffective|p2a: Gholdengo
|-damage|p2a: Gholdengo|3/100
|move|p2a: Gholdengo|Hex|p1a: Cinderace
|-resisted|p1a: Cinderace
|-damage|p1a: Cinderace|0 fnt
|faint|p1a: Cinderace
|
|upkeep
|
|t:|1779902144
|switch|p1a: Empoleon|Empoleon, F, shiny|100/100
|-activate|p1a: Empoleon|move: Sticky Web
|-unboost|p1a: Empoleon|spe|1
|-ability|p1a: Empoleon|Competitive|boost
|-boost|p1a: Empoleon|spa|2
|-damage|p1a: Empoleon|94/100|[from] Stealth Rock
|turn|26
|
|t:|1779902149
|move|p2a: Gholdengo|Recover|p2a: Gholdengo
|-heal|p2a: Gholdengo|53/100
|move|p1a: Empoleon|Surf|p2a: Gholdengo
|-damage|p2a: Gholdengo|0 fnt
|faint|p2a: Gholdengo
|
|upkeep
|
|t:|1779902161
|switch|p2a: Blissey|Blissey, F, tera:Dark|52/100
|turn|27
|
|t:|1779902178
|-terastallize|p1a: Empoleon|Water
|move|p2a: Blissey|Shadow Ball|p1a: Empoleon
|-damage|p1a: Empoleon|86/100
|move|p1a: Empoleon|Surf|p2a: Blissey
|-damage|p2a: Blissey|17/100
|
|upkeep
|turn|28
|
|t:|1779902207
|move|p2a: Blissey|Soft-Boiled|p2a: Blissey
|-heal|p2a: Blissey|67/100
|move|p1a: Empoleon|Surf|p2a: Blissey
|-damage|p2a: Blissey|30/100
|
|upkeep
|turn|29
|
|t:|1779902223
|switch|p2a: Pecharunt|Pecharunt|100/100
|move|p1a: Empoleon|Surf|p2a: Pecharunt
|-damage|p2a: Pecharunt|0 fnt
|faint|p2a: Pecharunt
|
|upkeep
|inactive|claudechamp has 120 seconds left.
|
|t:|1779902238
|switch|p2a: Blissey|Blissey, F, tera:Dark|30/100
|turn|30
|inactive|claudechamp has 120 seconds left.
|
|t:|1779902254
|move|p2a: Blissey|Shadow Ball|p1a: Empoleon
|-damage|p1a: Empoleon|77/100
|move|p1a: Empoleon|Surf|p2a: Blissey
|-damage|p2a: Blissey|0 fnt
|faint|p2a: Blissey
|
|win|yobluntsoskimpy
|raw|yobluntsoskimpy's rating: 1392 &rarr; <strong>1411</strong><br />(+19 for winning)
|raw|claudechamp's rating: 1373 &rarr; <strong>1354</strong><br />(-19 for losing)
|c|☆claudechamp|gg
|c|☆yobluntsoskimpy|Vg
|c|☆yobluntsoskimpy|Gg
|l|☆yobluntsoskimpy
|player|p1|
