|j|☆Magicsalt
|j|☆Bert_90sS
|t:|1779804842
|gametype|singles
|player|p1|Magicsalt|scientist|1000
|player|p2|Bert_90sS|roxie|1013
|gen|9
|tier|[Gen 9] OU
|rated|
|rule|HP Percentage Mod: HP is shown in percentages
|rule|Endless Battle Clause: Forcing endless battles is banned
|rule|Species Clause: Limit one of each Pokémon
|rule|OHKO Clause: OHKO moves are banned
|rule|Evasion Items Clause: Evasion items are banned
|rule|Evasion Moves Clause: Evasion moves are banned
|rule|Evasion Abilities Clause: Evasion abilities are banned
|rule|Sleep Moves Clause: Sleep-inducing moves are banned
|clearpoke
|poke|p1|Salazzle, F|
|poke|p1|Glimmora, M|
|poke|p1|Darkrai|
|poke|p1|Toxapex, F|
|poke|p1|Corviknight, M|
|poke|p1|Blissey, F|
|poke|p2|Dragapult, M|
|poke|p2|Ursaluna, F|
|poke|p2|Kingambit, M|
|poke|p2|Hatterene, F|
|poke|p2|Gliscor, M|
|poke|p2|Skeledirge, F|
|teampreview
|inactive|Battle timer is ON: inactive players will automatically lose when time's up. (requested by Magicsalt)
|
|t:|1779804882
|teamsize|p1|6
|teamsize|p2|6
|start
|switch|p1a: A roc|Glimmora, M, shiny|100/100
|switch|p2a: Gliscor|Gliscor, M|100/100
|turn|1
|
|t:|1779804898
|switch|p1a: Fatty whopper|Blissey, F|100/100
|move|p2a: Gliscor|Earthquake|p1a: Fatty whopper
|-damage|p1a: Fatty whopper|73/100
|
|-heal|p1a: Fatty whopper|79/100|[from] item: Leftovers
|-status|p2a: Gliscor|tox|[from] item: Toxic Orb
|upkeep
|turn|2
|
|t:|1779804906
|move|p2a: Gliscor|Toxic|p1a: Fatty whopper
|-status|p1a: Fatty whopper|tox
|move|p1a: Fatty whopper|Seismic Toss|p2a: Gliscor
|-damage|p2a: Gliscor|66/100 tox
|
|-heal|p1a: Fatty whopper|85/100 tox|[from] item: Leftovers
|-heal|p2a: Gliscor|79/100 tox|[from] ability: Poison Heal
|-damage|p1a: Fatty whopper|79/100 tox|[from] psn
|upkeep
|turn|3
|
|t:|1779804918
|move|p2a: Gliscor|Protect|p2a: Gliscor
|-singleturn|p2a: Gliscor|Protect
|move|p1a: Fatty whopper|Heal Bell|p1a: Fatty whopper
|-activate|p1a: Fatty whopper|move: Heal Bell
|-curestatus|p1a: Fatty whopper|tox|[msg]
|
|-heal|p1a: Fatty whopper|85/100|[from] item: Leftovers
|-heal|p2a: Gliscor|91/100 tox|[from] ability: Poison Heal
|upkeep
|turn|4
|
|t:|1779804930
|move|p2a: Gliscor|Earthquake|p1a: Fatty whopper
|-damage|p1a: Fatty whopper|55/100
|move|p1a: Fatty whopper|Seismic Toss|p2a: Gliscor
|-damage|p2a: Gliscor|57/100 tox
|
|-heal|p1a: Fatty whopper|61/100|[from] item: Leftovers
|-heal|p2a: Gliscor|69/100 tox|[from] ability: Poison Heal
|upkeep
|turn|5
|
|t:|1779804959
|move|p2a: Gliscor|Acrobatics|p1a: Fatty whopper
|-damage|p1a: Fatty whopper|46/100
|move|p1a: Fatty whopper|Seismic Toss|p2a: Gliscor
|-damage|p2a: Gliscor|35/100 tox
|
|-heal|p1a: Fatty whopper|52/100|[from] item: Leftovers
|-heal|p2a: Gliscor|47/100 tox|[from] ability: Poison Heal
|upkeep
|turn|6
|
|t:|1779804971
|switch|p2a: Ursaluna|Ursaluna, F|100/100
|move|p1a: Fatty whopper|Soft-Boiled|p1a: Fatty whopper
|-heal|p1a: Fatty whopper|100/100
|
|-status|p2a: Ursaluna|brn|[from] item: Flame Orb
|upkeep
|turn|7
|
|t:|1779804989
|switch|p1a: Arkham birbby|Corviknight, M|100/100
|-ability|p1a: Arkham birbby|Unnerve
|-terastallize|p2a: Ursaluna|Normal
|move|p2a: Ursaluna|Bulk Up|p2a: Ursaluna
|-boost|p2a: Ursaluna|atk|1
|-boost|p2a: Ursaluna|def|1
|
|-damage|p2a: Ursaluna|94/100 brn|[from] brn
|upkeep
|turn|8
|
|t:|1779805003
|move|p1a: Arkham birbby|Iron Defense|p1a: Arkham birbby
|-boost|p1a: Arkham birbby|def|2
|move|p2a: Ursaluna|Facade|p1a: Arkham birbby
|-resisted|p1a: Arkham birbby
|-damage|p1a: Arkham birbby|52/100
|
|-heal|p1a: Arkham birbby|59/100|[from] item: Leftovers
|-damage|p2a: Ursaluna|88/100 brn|[from] brn
|upkeep
|turn|9
|
|t:|1779805020
|move|p1a: Arkham birbby|Roost|p1a: Arkham birbby
|-heal|p1a: Arkham birbby|100/100
|-singleturn|p1a: Arkham birbby|move: Roost
|move|p2a: Ursaluna|Facade|p1a: Arkham birbby
|-resisted|p1a: Arkham birbby
|-damage|p1a: Arkham birbby|53/100
|
|-heal|p1a: Arkham birbby|59/100|[from] item: Leftovers
|-damage|p2a: Ursaluna|82/100 brn|[from] brn
|upkeep
|turn|10
|inactive|Bert_90sS has 120 seconds left.
|
|t:|1779805041
|switch|p2a: Dragapult|Dragapult, M|100/100
|move|p1a: Arkham birbby|Body Press|p2a: Dragapult
|-immune|p2a: Dragapult
|
|-heal|p1a: Arkham birbby|65/100|[from] item: Leftovers
|upkeep
|turn|11
|
|t:|1779805055
|switch|p1a: Spikey thingy|Toxapex, F|100/100
|move|p2a: Dragapult|Thunderbolt|p1a: Spikey thingy
|-supereffective|p1a: Spikey thingy
|-damage|p1a: Spikey thingy|35/100
|
|-heal|p1a: Spikey thingy|42/100|[from] item: Leftovers
|upkeep
|turn|12
|inactive|Magicsalt has 120 seconds left.
|
|t:|1779805072
|-terastallize|p1a: Spikey thingy|Fairy
|move|p2a: Dragapult|Thunderbolt|p1a: Spikey thingy
|-damage|p1a: Spikey thingy|8/100
|move|p1a: Spikey thingy|Recover|p1a: Spikey thingy
|-heal|p1a: Spikey thingy|58/100
|
|-heal|p1a: Spikey thingy|65/100|[from] item: Leftovers
|upkeep
|turn|13
|
|t:|1779805081
|switch|p2a: Kingambit|Kingambit, M|100/100
|move|p1a: Spikey thingy|Infestation|p2a: Kingambit
|-damage|p2a: Kingambit|97/100
|-activate|p2a: Kingambit|move: Infestation|[of] p1a: Spikey thingy
|
|-heal|p1a: Spikey thingy|71/100|[from] item: Leftovers
|-damage|p2a: Kingambit|85/100|[from] move: Infestation|[partiallytrapped]
|upkeep
|turn|14
|
|t:|1779805093
|move|p1a: Spikey thingy|Baneful Bunker|p1a: Spikey thingy
|-singleturn|p1a: Spikey thingy|move: Protect
|move|p2a: Kingambit|Iron Head|p1a: Spikey thingy
|-activate|p1a: Spikey thingy|move: Protect
|
|-heal|p1a: Spikey thingy|77/100|[from] item: Leftovers
|-damage|p2a: Kingambit|72/100|[from] move: Infestation|[partiallytrapped]
|upkeep
|turn|15
|
|t:|1779805102
|switch|p1a: Arkham birbby|Corviknight, M|65/100
|-ability|p1a: Arkham birbby|Unnerve
|move|p2a: Kingambit|Iron Head|p1a: Arkham birbby
|-resisted|p1a: Arkham birbby
|-damage|p1a: Arkham birbby|46/100
|
|-heal|p1a: Arkham birbby|52/100|[from] item: Leftovers
|-end|p2a: Kingambit|Infestation|[partiallytrapped]|[silent]
|upkeep
|turn|16
|
|t:|1779805115
|-end|p2a: Kingambit|fallenundefined|[silent]
|switch|p2a: Dragapult|Dragapult, M|100/100
|move|p1a: Arkham birbby|Roost|p1a: Arkham birbby
|-heal|p1a: Arkham birbby|100/100
|-singleturn|p1a: Arkham birbby|move: Roost
|
|upkeep
|turn|17
|
|t:|1779805130
|switch|p1a: Spikey thingy|Toxapex, F, tera:Fairy|100/100
|move|p2a: Dragapult|Thunderbolt|p1a: Spikey thingy
|-damage|p1a: Spikey thingy|69/100
|
|-heal|p1a: Spikey thingy|75/100|[from] item: Leftovers
|upkeep
|turn|18
|
|t:|1779805143
|switch|p2a: Skeledirge|Skeledirge, F|100/100
|move|p1a: Spikey thingy|Infestation|p2a: Skeledirge
|-resisted|p2a: Skeledirge
|-damage|p2a: Skeledirge|99/100
|-activate|p2a: Skeledirge|move: Infestation|[of] p1a: Spikey thingy
|
|-heal|p2a: Skeledirge|100/100|[from] item: Leftovers
|-heal|p1a: Spikey thingy|81/100|[from] item: Leftovers
|-damage|p2a: Skeledirge|88/100|[from] move: Infestation|[partiallytrapped]
|upkeep
|turn|19
|
|t:|1779805161
|move|p1a: Spikey thingy|Baneful Bunker|p1a: Spikey thingy
|-singleturn|p1a: Spikey thingy|move: Protect
|move|p2a: Skeledirge|Torch Song|p1a: Spikey thingy
|-activate|p1a: Spikey thingy|move: Protect
|
|-heal|p2a: Skeledirge|94/100|[from] item: Leftovers
|-heal|p1a: Spikey thingy|88/100|[from] item: Leftovers
|-damage|p2a: Skeledirge|82/100|[from] move: Infestation|[partiallytrapped]
|upkeep
|turn|20
|
|t:|1779805176
|move|p2a: Skeledirge|Torch Song|p1a: Spikey thingy
|-damage|p1a: Spikey thingy|53/100
|-boost|p2a: Skeledirge|spa|1
|move|p1a: Spikey thingy|Haze|p1a: Spikey thingy
|-clearallboost
|
|-heal|p2a: Skeledirge|88/100|[from] item: Leftovers
|-heal|p1a: Spikey thingy|59/100|[from] item: Leftovers
|-damage|p2a: Skeledirge|76/100|[from] move: Infestation|[partiallytrapped]
|upkeep
|turn|21
|
|t:|1779805188
|move|p1a: Spikey thingy|Baneful Bunker|p1a: Spikey thingy
|-singleturn|p1a: Spikey thingy|move: Protect
|move|p2a: Skeledirge|Curse|p1a: Spikey thingy
|-start|p1a: Spikey thingy|Curse|[of] p2a: Skeledirge
|-damage|p2a: Skeledirge|26/100
|
|-heal|p2a: Skeledirge|32/100|[from] item: Leftovers
|-heal|p1a: Spikey thingy|65/100|[from] item: Leftovers
|-damage|p1a: Spikey thingy|40/100|[from] Curse
|-damage|p2a: Skeledirge|19/100|[from] move: Infestation|[partiallytrapped]
|upkeep
|turn|22
|
|t:|1779805205
|switch|p1a: A roc|Glimmora, M, shiny|100/100
|move|p2a: Skeledirge|Torch Song|p1a: A roc
|-resisted|p1a: A roc
|-damage|p1a: A roc|79/100
|-boost|p2a: Skeledirge|spa|1
|
|-heal|p2a: Skeledirge|25/100|[from] item: Leftovers
|-end|p2a: Skeledirge|Infestation|[partiallytrapped]|[silent]
|upkeep
|turn|23
|
|t:|1779805217
|move|p1a: A roc|Toxic|p2a: Skeledirge
|-status|p2a: Skeledirge|tox
|move|p2a: Skeledirge|Shadow Ball|p1a: A roc
|-damage|p1a: A roc|8/100
|-unboost|p1a: A roc|spd|1
|
|-heal|p2a: Skeledirge|31/100 tox|[from] item: Leftovers
|-damage|p2a: Skeledirge|25/100 tox|[from] psn
|upkeep
|turn|24
|
|t:|1779805229
|move|p1a: A roc|Spiky Shield|p1a: A roc
|-singleturn|p1a: A roc|move: Protect
|move|p2a: Skeledirge|Shadow Ball|p1a: A roc
|-activate|p1a: A roc|move: Protect
|
|-heal|p2a: Skeledirge|31/100 tox|[from] item: Leftovers
|-damage|p2a: Skeledirge|19/100 tox|[from] psn
|upkeep
|turn|25
|
|t:|1779805237
|move|p1a: A roc|Stealth Rock|p2a: Skeledirge
|-sidestart|p2: Bert_90sS|move: Stealth Rock
|move|p2a: Skeledirge|Shadow Ball|p1a: A roc
|-damage|p1a: A roc|0 fnt
|faint|p1a: A roc
|
|-heal|p2a: Skeledirge|25/100 tox|[from] item: Leftovers
|-damage|p2a: Skeledirge|7/100 tox|[from] psn
|upkeep
|
|t:|1779805256
|switch|p1a: Spikey thingy|Toxapex, F, tera:Fairy|74/100
|turn|26
|
|t:|1779805264
|move|p1a: Spikey thingy|Baneful Bunker|p1a: Spikey thingy
|-singleturn|p1a: Spikey thingy|move: Protect
|move|p2a: Skeledirge|Earth Power|p1a: Spikey thingy
|-activate|p1a: Spikey thingy|move: Protect
|
|-heal|p2a: Skeledirge|13/100 tox|[from] item: Leftovers
|-heal|p1a: Spikey thingy|80/100|[from] item: Leftovers
|-damage|p2a: Skeledirge|0 fnt|[from] psn
|faint|p2a: Skeledirge
|upkeep
|inactive|Bert_90sS has 120 seconds left.
|inactive|Bert_90sS has 90 seconds left.
|
|t:|1779805352
|switch|p2a: Hatterene|Hatterene, F|100/100
|-damage|p2a: Hatterene|88/100|[from] Stealth Rock
|turn|27
|
|t:|1779805358
|move|p1a: Spikey thingy|Infestation|p2a: Hatterene
|-damage|p2a: Hatterene|85/100
|-activate|p2a: Hatterene|move: Infestation|[of] p1a: Spikey thingy
|move|p2a: Hatterene|Trick Room|p2a: Hatterene
|-fieldstart|move: Trick Room|[of] p2a: Hatterene
|
|-heal|p2a: Hatterene|91/100|[from] item: Leftovers
|-heal|p1a: Spikey thingy|86/100|[from] item: Leftovers
|-damage|p2a: Hatterene|79/100|[from] move: Infestation|[partiallytrapped]
|upkeep
|turn|28
|
|t:|1779805367
|move|p1a: Spikey thingy|Baneful Bunker|p1a: Spikey thingy
|-singleturn|p1a: Spikey thingy|move: Protect
|move|p2a: Hatterene|Dazzling Gleam|p1a: Spikey thingy
|-activate|p1a: Spikey thingy|move: Protect
|
|-heal|p2a: Hatterene|85/100|[from] item: Leftovers
|-heal|p1a: Spikey thingy|92/100|[from] item: Leftovers
|-damage|p2a: Hatterene|73/100|[from] move: Infestation|[partiallytrapped]
|upkeep
|turn|29
|
|t:|1779805378
|move|p2a: Hatterene|Dazzling Gleam|p1a: Spikey thingy
|-damage|p1a: Spikey thingy|65/100
|move|p1a: Spikey thingy|Recover|p1a: Spikey thingy
|-heal|p1a: Spikey thingy|100/100
|
|-heal|p2a: Hatterene|79/100|[from] item: Leftovers
|-damage|p2a: Hatterene|66/100|[from] move: Infestation|[partiallytrapped]
|upkeep
|turn|30
|
|t:|1779805395
|move|p1a: Spikey thingy|Baneful Bunker|p1a: Spikey thingy
|-singleturn|p1a: Spikey thingy|move: Protect
|move|p2a: Hatterene|Psychic|p1a: Spikey thingy
|-activate|p1a: Spikey thingy|move: Protect
|
|-heal|p2a: Hatterene|72/100|[from] item: Leftovers
|-damage|p2a: Hatterene|60/100|[from] move: Infestation|[partiallytrapped]
|upkeep
|turn|31
|
|t:|1779805408
|move|p2a: Hatterene|Psychic|p1a: Spikey thingy
|-damage|p1a: Spikey thingy|68/100
|move|p1a: Spikey thingy|Infestation|p2a: Hatterene
|-damage|p2a: Hatterene|57/100
|
|-heal|p2a: Hatterene|63/100|[from] item: Leftovers
|-heal|p1a: Spikey thingy|74/100|[from] item: Leftovers
|-end|p2a: Hatterene|Infestation|[partiallytrapped]
|-fieldend|move: Trick Room
|upkeep
|turn|32
|
|t:|1779805417
|move|p1a: Spikey thingy|Recover|p1a: Spikey thingy
|-heal|p1a: Spikey thingy|100/100
|move|p2a: Hatterene|Calm Mind|p2a: Hatterene
|-boost|p2a: Hatterene|spa|1
|-boost|p2a: Hatterene|spd|1
|
|-heal|p2a: Hatterene|69/100|[from] item: Leftovers
|upkeep
|turn|33
|
|t:|1779805424
|move|p1a: Spikey thingy|Haze|p1a: Spikey thingy
|-clearallboost
|move|p2a: Hatterene|Calm Mind|p2a: Hatterene
|-boost|p2a: Hatterene|spa|1
|-boost|p2a: Hatterene|spd|1
|
|-heal|p2a: Hatterene|75/100|[from] item: Leftovers
|upkeep
|turn|34
|inactive|Bert_90sS has 90 seconds left.
|
|t:|1779805432
|move|p1a: Spikey thingy|Haze|p1a: Spikey thingy
|-clearallboost
|move|p2a: Hatterene|Calm Mind|p2a: Hatterene
|-boost|p2a: Hatterene|spa|1
|-boost|p2a: Hatterene|spd|1
|
|-heal|p2a: Hatterene|80/100|[from] item: Leftovers
|upkeep
|turn|35
|inactive|Bert_90sS has 90 seconds left.
|
|t:|1779805446
|move|p1a: Spikey thingy|Haze|p1a: Spikey thingy
|-clearallboost
|move|p2a: Hatterene|Psychic|p1a: Spikey thingy
|-damage|p1a: Spikey thingy|65/100
|
|-heal|p1a: Spikey thingy|71/100|[from] item: Leftovers
|-heal|p2a: Hatterene|86/100|[from] item: Leftovers
|upkeep
|turn|36
|
|t:|1779805455
|move|p1a: Spikey thingy|Infestation|p2a: Hatterene
|-damage|p2a: Hatterene|84/100
|-activate|p2a: Hatterene|move: Infestation|[of] p1a: Spikey thingy
|move|p2a: Hatterene|Psychic|p1a: Spikey thingy
|-damage|p1a: Spikey thingy|35/100
|-unboost|p1a: Spikey thingy|spd|1
|
|-heal|p1a: Spikey thingy|42/100|[from] item: Leftovers
|-heal|p2a: Hatterene|90/100|[from] item: Leftovers
|-damage|p2a: Hatterene|77/100|[from] move: Infestation|[partiallytrapped]
|upkeep
|turn|37
|
|t:|1779805466
|move|p1a: Spikey thingy|Baneful Bunker|p1a: Spikey thingy
|-singleturn|p1a: Spikey thingy|move: Protect
|move|p2a: Hatterene|Psychic|p1a: Spikey thingy
|-activate|p1a: Spikey thingy|move: Protect
|
|-heal|p1a: Spikey thingy|48/100|[from] item: Leftovers
|-heal|p2a: Hatterene|83/100|[from] item: Leftovers
|-damage|p2a: Hatterene|71/100|[from] move: Infestation|[partiallytrapped]
|upkeep
|turn|38
|
|t:|1779805474
|move|p1a: Spikey thingy|Recover|p1a: Spikey thingy
|-heal|p1a: Spikey thingy|98/100
|move|p2a: Hatterene|Psychic|p1a: Spikey thingy
|-damage|p1a: Spikey thingy|43/100
|
|-heal|p1a: Spikey thingy|50/100|[from] item: Leftovers
|-heal|p2a: Hatterene|77/100|[from] item: Leftovers
|-damage|p2a: Hatterene|65/100|[from] move: Infestation|[partiallytrapped]
|upkeep
|turn|39
|
|t:|1779805484
|move|p1a: Spikey thingy|Baneful Bunker|p1a: Spikey thingy
|-singleturn|p1a: Spikey thingy|move: Protect
|move|p2a: Hatterene|Psychic|p1a: Spikey thingy
|-activate|p1a: Spikey thingy|move: Protect
|
|-heal|p1a: Spikey thingy|56/100|[from] item: Leftovers
|-heal|p2a: Hatterene|71/100|[from] item: Leftovers
|-damage|p2a: Hatterene|59/100|[from] move: Infestation|[partiallytrapped]
|upkeep
|turn|40
|
|t:|1779805494
|move|p1a: Spikey thingy|Recover|p1a: Spikey thingy
|-heal|p1a: Spikey thingy|100/100
|move|p2a: Hatterene|Calm Mind|p2a: Hatterene
|-boost|p2a: Hatterene|spa|1
|-boost|p2a: Hatterene|spd|1
|
|-heal|p2a: Hatterene|64/100|[from] item: Leftovers
|-damage|p2a: Hatterene|52/100|[from] move: Infestation|[partiallytrapped]
|upkeep
|turn|41
|inactive|Bert_90sS has 120 seconds left.
|
|t:|1779805502
|move|p1a: Spikey thingy|Haze|p1a: Spikey thingy
|-clearallboost
|move|p2a: Hatterene|Psychic|p1a: Spikey thingy
|-damage|p1a: Spikey thingy|67/100
|
|-heal|p1a: Spikey thingy|73/100|[from] item: Leftovers
|-heal|p2a: Hatterene|58/100|[from] item: Leftovers
|-end|p2a: Hatterene|Infestation|[partiallytrapped]
|upkeep
|turn|42
|inactive|Bert_90sS has 120 seconds left.
|
|t:|1779805513
|switch|p2a: Ursaluna|Ursaluna, F, tera:Normal|82/100 brn
|-damage|p2a: Ursaluna|69/100 brn|[from] Stealth Rock
|move|p1a: Spikey thingy|Infestation|p2a: Ursaluna
|-damage|p2a: Ursaluna|66/100 brn
|-activate|p2a: Ursaluna|move: Infestation|[of] p1a: Spikey thingy
|
|-heal|p1a: Spikey thingy|79/100|[from] item: Leftovers
|-damage|p2a: Ursaluna|60/100 brn|[from] brn
|-damage|p2a: Ursaluna|48/100 brn|[from] move: Infestation|[partiallytrapped]
|upkeep
|turn|43
|inactive|Bert_90sS has 120 seconds left.
|
|t:|1779805524
|move|p1a: Spikey thingy|Baneful Bunker|p1a: Spikey thingy
|-singleturn|p1a: Spikey thingy|move: Protect
|move|p2a: Ursaluna|Bulk Up|p2a: Ursaluna
|-boost|p2a: Ursaluna|atk|1
|-boost|p2a: Ursaluna|def|1
|
|-heal|p1a: Spikey thingy|86/100|[from] item: Leftovers
|-damage|p2a: Ursaluna|42/100 brn|[from] brn
|-damage|p2a: Ursaluna|29/100 brn|[from] move: Infestation|[partiallytrapped]
|upkeep
|turn|44
|
|t:|1779805540
|move|p2a: Ursaluna|Facade|p1a: Spikey thingy
|-damage|p1a: Spikey thingy|0 fnt
|faint|p1a: Spikey thingy
|
|-damage|p2a: Ursaluna|23/100 brn|[from] brn
|-end|p2a: Ursaluna|Infestation|[partiallytrapped]|[silent]
|upkeep
|
|t:|1779805546
|switch|p1a: Arkham birbby|Corviknight, M|100/100
|-ability|p1a: Arkham birbby|Unnerve
|turn|45
|
|t:|1779805553
|move|p1a: Arkham birbby|Iron Defense|p1a: Arkham birbby
|-boost|p1a: Arkham birbby|def|2
|move|p2a: Ursaluna|Facade|p1a: Arkham birbby
|-resisted|p1a: Arkham birbby
|-damage|p1a: Arkham birbby|44/100
|
|-heal|p1a: Arkham birbby|51/100|[from] item: Leftovers
|-damage|p2a: Ursaluna|17/100 brn|[from] brn
|upkeep
|turn|46
|
|t:|1779805567
|switch|p2a: Dragapult|Dragapult, M|100/100
|-damage|p2a: Dragapult|88/100|[from] Stealth Rock
|move|p1a: Arkham birbby|Roost|p1a: Arkham birbby
|-heal|p1a: Arkham birbby|100/100
|-singleturn|p1a: Arkham birbby|move: Roost
|
|upkeep
|turn|47
|
|t:|1779805584
|switch|p1a: Edgey|Darkrai, shiny|100/100
|move|p2a: Dragapult|Thunderbolt|p1a: Edgey
|-crit|p1a: Edgey
|-damage|p1a: Edgey|22/100
|
|upkeep
|turn|48
|
|t:|1779805592
|move|p1a: Edgey|Dark Pulse|p2a: Dragapult
|-supereffective|p2a: Dragapult
|-damage|p2a: Dragapult|0 fnt
|faint|p2a: Dragapult
|
|upkeep
|inactive|Bert_90sS has 120 seconds left.
|
|t:|1779805621
|switch|p2a: Kingambit|Kingambit, M|72/100
|-damage|p2a: Kingambit|66/100|[from] Stealth Rock
|-activate|p2a: Kingambit|ability: Supreme Overlord
|-start|p2a: Kingambit|fallen2|[silent]
|turn|49
|
|t:|1779805634
|switch|p1a: Arkham birbby|Corviknight, M|100/100
|-ability|p1a: Arkham birbby|Unnerve
|move|p2a: Kingambit|Iron Head|p1a: Arkham birbby
|-resisted|p1a: Arkham birbby
|-damage|p1a: Arkham birbby|75/100
|
|-heal|p1a: Arkham birbby|82/100|[from] item: Leftovers
|upkeep
|turn|50
|
|t:|1779805644
|move|p2a: Kingambit|Sucker Punch||[still]
|-fail|p2a: Kingambit
|move|p1a: Arkham birbby|Iron Defense|p1a: Arkham birbby
|-boost|p1a: Arkham birbby|def|2
|
|-heal|p1a: Arkham birbby|88/100|[from] item: Leftovers
|upkeep
|turn|51
|
|t:|1779805651
|move|p2a: Kingambit|Sucker Punch||[still]
|-fail|p2a: Kingambit
|move|p1a: Arkham birbby|Iron Defense|p1a: Arkham birbby
|-boost|p1a: Arkham birbby|def|2
|
|-heal|p1a: Arkham birbby|94/100|[from] item: Leftovers
|upkeep
|turn|52
|
|t:|1779805660
|move|p1a: Arkham birbby|Iron Defense|p1a: Arkham birbby
|-boost|p1a: Arkham birbby|def|2
|move|p2a: Kingambit|Kowtow Cleave|p1a: Arkham birbby
|-damage|p1a: Arkham birbby|80/100
|
|-heal|p1a: Arkham birbby|86/100|[from] item: Leftovers
|upkeep
|turn|53
|-message|Bert_90sS forfeited.
|
|win|Magicsalt
|raw|Magicsalt's rating: 1000 &rarr; <strong>1041</strong><br />(+41 for winning)
|raw|Bert_90sS's rating: 1013 &rarr; <strong>1001</strong><br />(-12 for losing)
|l|☆Bert_90sS
|player|p2|
