|j|☆hyuzhyuz
|j|☆safroabr
|t:|1779800548
|gametype|singles
|player|p1|hyuzhyuz|266|1112
|player|p2|safroabr|schoolkid-gen4|1077
|gen|9
|tier|[Gen 9] OU
|rated|
|rule|HP Percentage Mod: HP is shown in percentages
|rule|Endless Battle Clause: Forcing endless battles is banned
|rule|Species Clause: Limit one of each Pokémon
|rule|OHKO Clause: OHKO moves are banned
|rule|Evasion Items Clause: Evasion items are banned
|rule|Evasion Moves Clause: Evasion moves are banned
|rule|Evasion Abilities Clause: Evasion abilities are banned
|rule|Sleep Moves Clause: Sleep-inducing moves are banned
|clearpoke
|poke|p1|Corviknight, M|
|poke|p1|Umbreon, M|
|poke|p1|Malamar, M|
|poke|p1|Cinderace, M|
|poke|p1|Manaphy|
|poke|p1|Serperior, M|
|poke|p2|Chansey, F|
|poke|p2|Toxtricity-Low-Key, M|
|poke|p2|Honchkrow, M|
|poke|p2|Quagsire, F|
|poke|p2|Yanmega, M|
|poke|p2|Cinccino, M|
|teampreview
|inactive|Battle timer is ON: inactive players will automatically lose when time's up. (requested by hyuzhyuz)
|
|t:|1779800552
|teamsize|p1|6
|teamsize|p2|6
|start
|switch|p1a: Manaphy|Manaphy|100/100
|switch|p2a: Fatass pink ball|Chansey, F|100/100
|turn|1
|
|t:|1779800559
|move|p1a: Manaphy|Take Heart|p1a: Manaphy
|-boost|p1a: Manaphy|spa|1
|-boost|p1a: Manaphy|spd|1
|move|p2a: Fatass pink ball|Stealth Rock|p1a: Manaphy
|-sidestart|p1: hyuzhyuz|move: Stealth Rock
|
|upkeep
|turn|2
|
|t:|1779800565
|move|p1a: Manaphy|Acid Armor|p1a: Manaphy
|-boost|p1a: Manaphy|def|2
|move|p2a: Fatass pink ball|Thunder Wave|p1a: Manaphy|[miss]
|-miss|p2a: Fatass pink ball|p1a: Manaphy
|
|upkeep
|turn|3
|
|t:|1779800572
|move|p1a: Manaphy|Take Heart|p1a: Manaphy
|-boost|p1a: Manaphy|spa|1
|-boost|p1a: Manaphy|spd|1
|move|p2a: Fatass pink ball|Thunder Wave|p1a: Manaphy
|-status|p1a: Manaphy|par
|
|upkeep
|turn|4
|
|t:|1779800579
|move|p2a: Fatass pink ball|Seismic Toss|p1a: Manaphy
|-damage|p1a: Manaphy|76/100 par
|cant|p1a: Manaphy|par
|
|-heal|p1a: Manaphy|82/100 par|[from] item: Leftovers
|upkeep
|turn|5
|
|t:|1779800587
|move|p2a: Fatass pink ball|Seismic Toss|p1a: Manaphy
|-damage|p1a: Manaphy|57/100 par
|cant|p1a: Manaphy|par
|
|-heal|p1a: Manaphy|63/100 par|[from] item: Leftovers
|upkeep
|turn|6
|
|t:|1779800595
|move|p2a: Fatass pink ball|Seismic Toss|p1a: Manaphy
|-damage|p1a: Manaphy|39/100 par
|move|p1a: Manaphy|Acid Armor|p1a: Manaphy
|-boost|p1a: Manaphy|def|2
|
|-heal|p1a: Manaphy|45/100 par|[from] item: Leftovers
|upkeep
|turn|7
|
|t:|1779800604
|move|p2a: Fatass pink ball|Seismic Toss|p1a: Manaphy
|-damage|p1a: Manaphy|20/100 par
|move|p1a: Manaphy|Take Heart|p1a: Manaphy
|-boost|p1a: Manaphy|spa|1
|-boost|p1a: Manaphy|spd|1
|-curestatus|p1a: Manaphy|par|[msg]
|
|-heal|p1a: Manaphy|26/100|[from] item: Leftovers
|upkeep
|turn|8
|
|t:|1779800615
|move|p1a: Manaphy|Stored Power|p2a: Fatass pink ball
|-damage|p2a: Fatass pink ball|51/100
|move|p2a: Fatass pink ball|Seismic Toss|p1a: Manaphy
|-damage|p1a: Manaphy|1/100
|
|-heal|p1a: Manaphy|8/100|[from] item: Leftovers
|upkeep
|turn|9
|
|t:|1779800624
|move|p1a: Manaphy|Stored Power|p2a: Fatass pink ball
|-damage|p2a: Fatass pink ball|0 fnt
|faint|p2a: Fatass pink ball
|
|-heal|p1a: Manaphy|14/100|[from] item: Leftovers
|upkeep
|
|t:|1779800630
|switch|p2a: Chinchillo|Cinccino, M, shiny|100/100
|turn|10
|
|t:|1779800637
|move|p2a: Chinchillo|Tail Slap|p1a: Manaphy
|-crit|p1a: Manaphy
|-damage|p1a: Manaphy|0 fnt
|faint|p1a: Manaphy
|-hitcount|p1: Manaphy|1
|-damage|p2a: Chinchillo|91/100|[from] item: Life Orb
|
|upkeep
|
|t:|1779800644
|switch|p1a: Umbreon|Umbreon, M|100/100
|-damage|p1a: Umbreon|88/100|[from] Stealth Rock
|turn|11
|
|t:|1779800649
|move|p2a: Chinchillo|Tail Slap|p1a: Umbreon
|-damage|p1a: Umbreon|76/100
|-damage|p1a: Umbreon|65/100
|-damage|p1a: Umbreon|53/100
|-damage|p1a: Umbreon|42/100
|-damage|p1a: Umbreon|31/100
|-hitcount|p1a: Umbreon|5
|-damage|p2a: Chinchillo|81/100|[from] item: Life Orb
|move|p1a: Umbreon|Toxic|p2a: Chinchillo
|-status|p2a: Chinchillo|tox
|
|-heal|p1a: Umbreon|37/100|[from] item: Leftovers
|-damage|p2a: Chinchillo|74/100 tox|[from] psn
|upkeep
|turn|12
|
|t:|1779800664
|move|p1a: Umbreon|Protect|p1a: Umbreon
|-singleturn|p1a: Umbreon|Protect
|move|p2a: Chinchillo|Tail Slap|p1a: Umbreon
|-activate|p1a: Umbreon|move: Protect
|
|-heal|p1a: Umbreon|43/100|[from] item: Leftovers
|-damage|p2a: Chinchillo|62/100 tox|[from] psn
|upkeep
|turn|13
|
|t:|1779800674
|switch|p1a: Corviknight|Corviknight, M|100/100
|-damage|p1a: Corviknight|88/100|[from] Stealth Rock
|move|p2a: Chinchillo|Tail Slap|p1a: Corviknight
|-resisted|p1a: Corviknight
|-damage|p1a: Corviknight|83/100
|-damage|p2a: Chinchillo|46/100 tox|[from] item: Rocky Helmet|[of] p1a: Corviknight
|-resisted|p1a: Corviknight
|-damage|p1a: Corviknight|77/100
|-damage|p2a: Chinchillo|29/100 tox|[from] item: Rocky Helmet|[of] p1a: Corviknight
|-resisted|p1a: Corviknight
|-damage|p1a: Corviknight|72/100
|-damage|p2a: Chinchillo|13/100 tox|[from] item: Rocky Helmet|[of] p1a: Corviknight
|-resisted|p1a: Corviknight
|-damage|p1a: Corviknight|66/100
|-damage|p2a: Chinchillo|0 fnt|[from] item: Rocky Helmet|[of] p1a: Corviknight
|faint|p2a: Chinchillo
|-hitcount|p1a: Corviknight|4
|
|upkeep
|
|t:|1779800677
|switch|p2a: Lowkey|Toxtricity-Low-Key, M|100/100
|turn|14
|
|t:|1779800706
|-terastallize|p1a: Corviknight|Electric
|move|p2a: Lowkey|Overdrive|p1a: Corviknight
|-resisted|p1a: Corviknight
|-crit|p1a: Corviknight
|-damage|p1a: Corviknight|37/100
|-enditem|p2a: Lowkey|Throat Spray
|-boost|p2a: Lowkey|spa|1|[from] item: Throat Spray
|move|p1a: Corviknight|Roost|p1a: Corviknight
|-heal|p1a: Corviknight|87/100
|
|upkeep
|turn|15
|
|t:|1779800720
|move|p2a: Lowkey|Psychic Noise|p1a: Corviknight
|-damage|p1a: Corviknight|54/100
|-start|p1a: Corviknight|move: Heal Block
|move|p1a: Corviknight|Brave Bird|p2a: Lowkey
|-resisted|p2a: Lowkey
|-damage|p2a: Lowkey|72/100
|-damage|p1a: Corviknight|47/100|[from] Recoil
|
|upkeep
|turn|16
|inactive|hyuzhyuz has 120 seconds left.
|
|t:|1779800736
|switch|p1a: Umbreon|Umbreon, M|43/100
|-damage|p1a: Umbreon|31/100|[from] Stealth Rock
|move|p2a: Lowkey|Boomburst|p1a: Umbreon
|-damage|p1a: Umbreon|0 fnt
|faint|p1a: Umbreon
|
|upkeep
|inactive|hyuzhyuz has 120 seconds left.
|
|t:|1779800750
|switch|p1a: Cinderace|Cinderace, M|100/100
|-damage|p1a: Cinderace|76/100|[from] Stealth Rock
|turn|17
|inactive|hyuzhyuz has 120 seconds left.
|
|t:|1779800756
|move|p1a: Cinderace|Zen Headbutt|p2a: Lowkey|[miss]
|-start|p1a: Cinderace|typechange|Psychic|[from] ability: Libero
|-miss|p1a: Cinderace|p2a: Lowkey
|move|p2a: Lowkey|Boomburst|p1a: Cinderace
|-damage|p1a: Cinderace|0 fnt
|faint|p1a: Cinderace
|
|upkeep
|inactive|hyuzhyuz has 120 seconds left.
|
|t:|1779800765
|switch|p1a: Malamar|Malamar, M|100/100
|-damage|p1a: Malamar|88/100|[from] Stealth Rock
|turn|18
|
|t:|1779800771
|move|p2a: Lowkey|Boomburst|p1a: Malamar
|-damage|p1a: Malamar|0 fnt
|faint|p1a: Malamar
|
|upkeep
|-message|hyuzhyuz forfeited.
|
|win|safroabr
|raw|hyuzhyuz's rating: 1112 &rarr; <strong>1084</strong><br />(-28 for losing)
|raw|safroabr's rating: 1077 &rarr; <strong>1108</strong><br />(+31 for winning)
|l|☆hyuzhyuz
|player|p1|
|l|☆safroabr
|player|p2|
