|j|‽aaagislash
|j|☆FiiFiFoFum
|t:|1779876308
|gametype|singles
|player|p1|aaagislash|266|1635
|player|p2|FiiFiFoFum|erika-gen1rb|1625
|gen|9
|tier|[Gen 9] OU
|rated|
|rule|HP Percentage Mod: HP is shown in percentages
|rule|Endless Battle Clause: Forcing endless battles is banned
|rule|Species Clause: Limit one of each Pokémon
|rule|OHKO Clause: OHKO moves are banned
|rule|Evasion Items Clause: Evasion items are banned
|rule|Evasion Moves Clause: Evasion moves are banned
|rule|Evasion Abilities Clause: Evasion abilities are banned
|rule|Sleep Moves Clause: Sleep-inducing moves are banned
|clearpoke
|poke|p1|Yanmega, M|
|poke|p1|Moltres|
|poke|p1|Great Tusk|
|poke|p1|Primarina, F|
|poke|p1|Landorus-Therian, M|
|poke|p1|Meowscarada, M|
|poke|p2|Scizor, F|
|poke|p2|Samurott-Hisui, F|
|poke|p2|Gholdengo|
|poke|p2|Landorus-Therian, M|
|poke|p2|Great Tusk|
|poke|p2|Raging Bolt|
|teampreview
|
|t:|1779876335
|teamsize|p1|6
|teamsize|p2|6
|start
|switch|p1a: Primarina|Primarina, F|100/100
|switch|p2a: Samurott|Samurott-Hisui, F|100/100
|turn|1
|
|t:|1779876342
|move|p2a: Samurott|Ceaseless Edge|p1a: Primarina
|-resisted|p1a: Primarina
|-damage|p1a: Primarina|74/100
|-sidestart|p1: aaagislash|Spikes
|move|p1a: Primarina|Moonblast|p2a: Samurott
|-supereffective|p2a: Samurott
|-damage|p2a: Samurott|2/100
|
|upkeep
|turn|2
|
|t:|1779876357
|switch|p2a: Scizor|Scizor, F|100/100
|move|p1a: Primarina|Moonblast|p2a: Scizor
|-resisted|p2a: Scizor
|-damage|p2a: Scizor|57/100
|
|upkeep
|turn|3
|
|t:|1779876365
|move|p2a: Scizor|Knock Off|p1a: Primarina
|-resisted|p1a: Primarina
|-damage|p1a: Primarina|43/100
|-enditem|p1a: Primarina|Choice Specs|[from] move: Knock Off|[of] p2a: Scizor
|move|p1a: Primarina|Moonblast|p2a: Scizor
|-resisted|p2a: Scizor
|-damage|p2a: Scizor|28/100
|
|upkeep
|turn|4
|
|t:|1779876382
|switch|p2a: Samurott|Samurott-Hisui, F|2/100
|move|p1a: Primarina|Shadow Ball|p2a: Samurott
|-resisted|p2a: Samurott
|-damage|p2a: Samurott|0 fnt
|faint|p2a: Samurott
|
|upkeep
|
|t:|1779876386
|switch|p2a: Raging Bolt|Raging Bolt|100/100
|turn|5
|
|t:|1779876391
|switch|p1a: Landorus|Landorus-Therian, M|100/100
|-ability|p1a: Landorus|Intimidate|boost
|-unboost|p2a: Raging Bolt|atk|1
|move|p2a: Raging Bolt|Volt Switch|p1a: Landorus
|-immune|p1a: Landorus
|
|upkeep
|turn|6
|
|t:|1779876399
|-end|p2a: Raging Bolt|Protosynthesis|[silent]
|switch|p2a: Landorus|Landorus-Therian, M|100/100
|-ability|p2a: Landorus|Intimidate|boost
|-unboost|p1a: Landorus|atk|1
|move|p1a: Landorus|Stealth Rock|p2a: Landorus
|-sidestart|p2: FiiFiFoFum|move: Stealth Rock
|
|upkeep
|turn|7
|
|t:|1779876402
|move|p1a: Landorus|Taunt|p2a: Landorus
|-start|p2a: Landorus|move: Taunt
|cant|p2a: Landorus|move: Taunt|Stealth Rock
|
|upkeep
|turn|8
|
|t:|1779876405
|switch|p1a: Moltres|Moltres|100/100
|move|p2a: Landorus|Earth Power|p1a: Moltres
|-immune|p1a: Moltres
|
|upkeep
|turn|9
|
|t:|1779876412
|move|p1a: Moltres|Flamethrower|p2a: Landorus
|-damage|p2a: Landorus|36/100
|-damage|p1a: Moltres|91/100|[from] item: Life Orb
|move|p2a: Landorus|Earth Power|p1a: Moltres
|-immune|p1a: Moltres
|
|-end|p2a: Landorus|move: Taunt
|upkeep
|turn|10
|
|t:|1779876420
|switch|p2a: Raging Bolt|Raging Bolt|100/100
|-damage|p2a: Raging Bolt|88/100|[from] Stealth Rock
|move|p1a: Moltres|Agility|p1a: Moltres
|-boost|p1a: Moltres|spe|2
|
|upkeep
|turn|11
|
|t:|1779876427
|-terastallize|p1a: Moltres|Ground
|move|p1a: Moltres|Scorching Sands|p2a: Raging Bolt
|-supereffective|p2a: Raging Bolt
|-damage|p2a: Raging Bolt|11/100
|-damage|p1a: Moltres|81/100|[from] item: Life Orb
|move|p2a: Raging Bolt|Draco Meteor|p1a: Moltres
|-damage|p1a: Moltres|0 fnt
|-unboost|p2a: Raging Bolt|spa|2
|faint|p1a: Moltres
|
|upkeep
|
|t:|1779876450
|switch|p1a: Yanmega|Yanmega, M|100/100
|turn|12
|
|t:|1779876459
|move|p1a: Yanmega|Bug Buzz|p2a: Raging Bolt
|-damage|p2a: Raging Bolt|0 fnt
|faint|p2a: Raging Bolt
|-end|p2a: Raging Bolt|Protosynthesis|[silent]
|-enditem|p1a: Yanmega|Throat Spray
|-boost|p1a: Yanmega|spa|1|[from] item: Throat Spray
|
|-ability|p1a: Yanmega|Speed Boost|boost
|-boost|p1a: Yanmega|spe|1
|upkeep
|
|t:|1779876468
|switch|p2a: Scizor|Scizor, F|28/100
|-damage|p2a: Scizor|16/100|[from] Stealth Rock
|turn|13
|
|t:|1779876471
|move|p1a: Yanmega|Protect|p1a: Yanmega
|-singleturn|p1a: Yanmega|Protect
|move|p2a: Scizor|Bullet Punch|p1a: Yanmega
|-activate|p1a: Yanmega|move: Protect
|
|-ability|p1a: Yanmega|Speed Boost|boost
|-boost|p1a: Yanmega|spe|1
|upkeep
|turn|14
|
|t:|1779876476
|move|p2a: Scizor|Bullet Punch|p1a: Yanmega
|-damage|p1a: Yanmega|36/100
|move|p1a: Yanmega|Bug Buzz|p2a: Scizor
|-resisted|p2a: Scizor
|-damage|p2a: Scizor|0 fnt
|faint|p2a: Scizor
|
|-ability|p1a: Yanmega|Speed Boost|boost
|-boost|p1a: Yanmega|spe|1
|upkeep
|
|t:|1779876480
|switch|p2a: Gholdengo|Gholdengo|100/100
|-damage|p2a: Gholdengo|94/100|[from] Stealth Rock
|turn|15
|
|t:|1779876484
|move|p1a: Yanmega|Shadow Ball|p2a: Gholdengo
|-supereffective|p2a: Gholdengo
|-damage|p2a: Gholdengo|0 fnt
|faint|p2a: Gholdengo
|
|-ability|p1a: Yanmega|Speed Boost|boost
|-boost|p1a: Yanmega|spe|1
|upkeep
|
|t:|1779876487
|switch|p2a: Great Tusk|Great Tusk|100/100
|-damage|p2a: Great Tusk|98/100|[from] Stealth Rock
|-enditem|p2a: Great Tusk|Booster Energy
|-activate|p2a: Great Tusk|ability: Protosynthesis|[fromitem]
|-start|p2a: Great Tusk|protosynthesisspe
|turn|16
|
|t:|1779876492
|-terastallize|p2a: Great Tusk|Fire
|move|p1a: Yanmega|Psychic Noise|p2a: Great Tusk
|-damage|p2a: Great Tusk|47/100
|-start|p2a: Great Tusk|move: Heal Block
|move|p2a: Great Tusk|Ice Spinner|p1a: Yanmega
|-supereffective|p1a: Yanmega
|-damage|p1a: Yanmega|0 fnt
|faint|p1a: Yanmega
|
|upkeep
|
|t:|1779876497
|switch|p1a: Landorus|Landorus-Therian, M|100/100
|-ability|p1a: Landorus|Intimidate|boost
|-unboost|p2a: Great Tusk|atk|1
|turn|17
|
|t:|1779876501
|-end|p2a: Great Tusk|Protosynthesis|[silent]
|switch|p2a: Landorus|Landorus-Therian, M|36/100
|-damage|p2a: Landorus|24/100|[from] Stealth Rock
|-ability|p2a: Landorus|Intimidate|boost
|-unboost|p1a: Landorus|atk|1
|move|p1a: Landorus|Earthquake|p2a: Landorus
|-immune|p2a: Landorus
|
|upkeep
|turn|18
|
|t:|1779876505
|switch|p1a: Great Tusk|Great Tusk|100/100
|-damage|p1a: Great Tusk|88/100|[from] Spikes
|-enditem|p1a: Great Tusk|Booster Energy
|-activate|p1a: Great Tusk|ability: Protosynthesis|[fromitem]
|-start|p1a: Great Tusk|protosynthesisatk
|move|p2a: Landorus|Stealth Rock|p1a: Great Tusk
|-sidestart|p1: aaagislash|move: Stealth Rock
|
|upkeep
|turn|19
|
|t:|1779876508
|move|p2a: Landorus|Earth Power|p1a: Great Tusk
|-damage|p1a: Great Tusk|38/100
|move|p1a: Great Tusk|Rapid Spin|p2a: Landorus
|-damage|p2a: Landorus|0 fnt
|-boost|p1a: Great Tusk|spe|1
|-damage|p1a: Great Tusk|21/100|[from] item: Rocky Helmet|[of] p2a: Landorus
|-sideend|p1: aaagislash|Spikes|[from] move: Rapid Spin|[of] p1a: Great Tusk
|-sideend|p1: aaagislash|Stealth Rock|[from] move: Rapid Spin|[of] p1a: Great Tusk
|faint|p2a: Landorus
|
|upkeep
|
|t:|1779876512
|switch|p2a: Great Tusk|Great Tusk, tera:Fire|47/100
|-damage|p2a: Great Tusk|22/100|[from] Stealth Rock
|turn|20
|
|t:|1779876515
|move|p1a: Great Tusk|Close Combat|p2a: Great Tusk
|-damage|p2a: Great Tusk|0 fnt
|-unboost|p1a: Great Tusk|def|1
|-unboost|p1a: Great Tusk|spd|1
|faint|p2a: Great Tusk
|-end|p2a: Great Tusk|Protosynthesis|[silent]
|
|win|aaagislash
|raw|aaagislash's rating: 1635 &rarr; <strong>1654</strong><br />(+19 for winning)
|raw|FiiFiFoFum's rating: 1625 &rarr; <strong>1606</strong><br />(-19 for losing)
|l|☆FiiFiFoFum
|player|p2|
|l|‽aaagislash
|player|p1|
