|j|☆breakway
|j|☆buyijklkm
|t:|1779971893
|gametype|singles
|player|p1|breakway|red|1218
|player|p2|buyijklkm|266|1262
|gen|9
|tier|[Gen 9] OU
|rated|
|rule|HP Percentage Mod: HP is shown in percentages
|rule|Endless Battle Clause: Forcing endless battles is banned
|rule|Species Clause: Limit one of each Pokémon
|rule|OHKO Clause: OHKO moves are banned
|rule|Evasion Items Clause: Evasion items are banned
|rule|Evasion Moves Clause: Evasion moves are banned
|rule|Evasion Abilities Clause: Evasion abilities are banned
|rule|Sleep Moves Clause: Sleep-inducing moves are banned
|clearpoke
|poke|p1|Arcanine-Hisui, F|
|poke|p1|Greninja-*, M|
|poke|p1|Deoxys-Speed|
|poke|p1|Excadrill, M|
|poke|p1|Zoroark-Hisui, M|
|poke|p1|Haxorus, F|
|poke|p2|Feraligatr, F|
|poke|p2|Araquanid, M|
|poke|p2|Gholdengo|
|poke|p2|Ceruledge, F|
|poke|p2|Raging Bolt|
|poke|p2|Iron Valiant|
|teampreview
|inactive|Battle timer is ON: inactive players will automatically lose when time's up. (requested by buyijklkm)
|
|t:|1779971913
|teamsize|p1|6
|teamsize|p2|6
|start
|switch|p1a: Deoxys|Deoxys-Speed|100/100
|switch|p2a: Freshwater|Feraligatr, F|100/100
|-ability|p1a: Deoxys|Pressure
|turn|1
|
|t:|1779971917
|move|p1a: Deoxys|Energy Ball|p2a: Freshwater
|-supereffective|p2a: Freshwater
|-damage|p2a: Freshwater|23/100
|move|p2a: Freshwater|Crunch|p1a: Deoxys
|-supereffective|p1a: Deoxys
|-damage|p1a: Deoxys|0 fnt
|faint|p1a: Deoxys
|
|upkeep
|
|t:|1779971936
|switch|p1a: Haxorus|Haxorus, F, shiny|100/100
|-ability|p1a: Haxorus|Mold Breaker
|turn|2
|
|t:|1779971940
|switch|p2a: Dewdrop|Araquanid, M|100/100
|-terastallize|p1a: Haxorus|Fairy
|move|p1a: Haxorus|Dragon Dance|p1a: Haxorus
|-boost|p1a: Haxorus|atk|1
|-boost|p1a: Haxorus|spe|1
|
|upkeep
|turn|3
|
|t:|1779971958
|move|p1a: Haxorus|Dragon Claw|p2a: Dewdrop
|-damage|p2a: Dewdrop|15/100
|move|p2a: Dewdrop|Sticky Web|p1a: Haxorus
|-sidestart|p1: breakway|move: Sticky Web
|
|upkeep
|turn|4
|-enditem|p2a: Dewdrop|Custap Berry|[eat]
|-activate|p2a: Dewdrop|item: Custap Berry|[consumed]
|
|t:|1779971962
|move|p2a: Dewdrop|Endure|p2a: Dewdrop
|-singleturn|p2a: Dewdrop|move: Endure
|move|p1a: Haxorus|Dragon Dance|p1a: Haxorus
|-boost|p1a: Haxorus|atk|1
|-boost|p1a: Haxorus|spe|1
|
|upkeep
|turn|5
|
|t:|1779971969
|move|p1a: Haxorus|Dragon Claw|p2a: Dewdrop
|-damage|p2a: Dewdrop|0 fnt
|faint|p2a: Dewdrop
|
|upkeep
|
|t:|1779971978
|switch|p2a: Hellblade|Ceruledge, F|100/100
|turn|6
|
|t:|1779971983
|move|p1a: Haxorus|Earthquake|p2a: Hellblade
|-supereffective|p2a: Hellblade
|-enditem|p2a: Hellblade|Focus Sash
|-damage|p2a: Hellblade|1/100
|-ability|p2a: Hellblade|Weak Armor|boost
|-unboost|p2a: Hellblade|def|1
|-boost|p2a: Hellblade|spe|2
|move|p2a: Hellblade|Bitter Blade|p1a: Haxorus
|-damage|p1a: Haxorus|37/100
|-heal|p2a: Hellblade|33/100|[from] drain|[of] p1a: Haxorus
|
|-heal|p1a: Haxorus|43/100|[from] item: Leftovers
|upkeep
|turn|7
|
|t:|1779971990
|move|p2a: Hellblade|Shadow Sneak|p1a: Haxorus
|-damage|p1a: Haxorus|15/100
|move|p1a: Haxorus|Earthquake|p2a: Hellblade
|-supereffective|p2a: Hellblade
|-damage|p2a: Hellblade|0 fnt
|faint|p2a: Hellblade
|
|-heal|p1a: Haxorus|22/100|[from] item: Leftovers
|upkeep
|
|t:|1779971993
|switch|p2a: Zeus|Raging Bolt|100/100
|-enditem|p2a: Zeus|Booster Energy
|-activate|p2a: Zeus|ability: Protosynthesis|[fromitem]
|-start|p2a: Zeus|protosynthesisspa
|turn|8
|
|t:|1779971997
|move|p2a: Zeus|Thunderclap|p1a: Haxorus
|-damage|p1a: Haxorus|0 fnt
|faint|p1a: Haxorus
|
|upkeep
|
|t:|1779972001
|switch|p1a: Excadrill|Excadrill, M, shiny|100/100
|-activate|p1a: Excadrill|move: Sticky Web
|-unboost|p1a: Excadrill|spe|1
|-ability|p1a: Excadrill|Mold Breaker
|turn|9
|
|t:|1779972017
|-end|p2a: Zeus|Protosynthesis|[silent]
|switch|p2a: Apollo|Iron Valiant|100/100
|-enditem|p2a: Apollo|Booster Energy
|-activate|p2a: Apollo|ability: Quark Drive|[fromitem]
|-start|p2a: Apollo|quarkdrivespe
|move|p1a: Excadrill|Rapid Spin|p2a: Apollo
|-damage|p2a: Apollo|74/100
|-boost|p1a: Excadrill|spe|1
|-sideend|p1: breakway|Sticky Web|[from] move: Rapid Spin|[of] p1a: Excadrill
|
|upkeep
|turn|10
|
|t:|1779972021
|move|p2a: Apollo|Close Combat|p1a: Excadrill
|-supereffective|p1a: Excadrill
|-crit|p1a: Excadrill
|-damage|p1a: Excadrill|0 fnt
|-unboost|p2a: Apollo|def|1
|-unboost|p2a: Apollo|spd|1
|faint|p1a: Excadrill
|
|upkeep
|
|t:|1779972033
|switch|p1a: Void Walker|Greninja, M, shiny|100/100
|turn|11
|
|t:|1779972038
|-end|p2a: Apollo|Quark Drive|[silent]
|switch|p2a: Zeus|Raging Bolt|100/100
|move|p1a: Void Walker|Bitter Malice|p2a: Zeus
|-damage|p2a: Zeus|65/100
|-unboost|p2a: Zeus|atk|1
|
|upkeep
|turn|12
|
|t:|1779972046
|move|p1a: Void Walker|Hyper Voice|p2a: Zeus
|-damage|p2a: Zeus|22/100
|move|p2a: Zeus|Thunderbolt|p1a: Void Walker
|-enditem|p1a: Void Walker|Focus Sash
|-damage|p1a: Void Walker|1/100
|replace|p1a: Zoroark|Zoroark-Hisui, M
|-end|p1a: Zoroark|Illusion
|
|upkeep
|turn|13
|
|t:|1779972049
|move|p2a: Zeus|Thunderclap|p1a: Zoroark
|-damage|p1a: Zoroark|0 fnt
|faint|p1a: Zoroark
|
|upkeep
|
|t:|1779972054
|switch|p1a: Golden Spark|Arcanine-Hisui, F, shiny|100/100
|turn|14
|
|t:|1779972069
|-end|p2a: Zeus|Protosynthesis|[silent]
|switch|p2a: Freshwater|Feraligatr, F|23/100
|move|p1a: Golden Spark|Iron Head|p2a: Freshwater
|-resisted|p2a: Freshwater
|-damage|p2a: Freshwater|7/100
|
|upkeep
|turn|15
|
|t:|1779972075
|move|p1a: Golden Spark|Iron Head|p2a: Freshwater
|-resisted|p2a: Freshwater
|-damage|p2a: Freshwater|0 fnt
|faint|p2a: Freshwater
|
|upkeep
|
|t:|1779972076
|switch|p2a: Apollo|Iron Valiant|74/100
|turn|16
|
|t:|1779972079
|move|p2a: Apollo|Close Combat|p1a: Golden Spark
|-supereffective|p1a: Golden Spark
|-damage|p1a: Golden Spark|0 fnt
|-unboost|p2a: Apollo|def|1
|-unboost|p2a: Apollo|spd|1
|faint|p1a: Golden Spark
|
|upkeep
|
|t:|1779972086
|switch|p1a: Void Walker|Greninja, M, shiny|100/100
|turn|17
|
|t:|1779972093
|move|p1a: Void Walker|Sludge Wave|p2a: Apollo
|-start|p1a: Void Walker|typechange|Poison|[from] ability: Protean
|-supereffective|p2a: Apollo
|-damage|p2a: Apollo|0 fnt
|faint|p2a: Apollo
|-end|p2a: Apollo|Quark Drive|[silent]
|-damage|p1a: Void Walker|91/100|[from] item: Life Orb
|
|upkeep
|
|t:|1779972097
|switch|p2a: Goldylocks|Gholdengo|100/100
|-item|p2a: Goldylocks|Air Balloon
|turn|18
|
|t:|1779972100
|move|p1a: Void Walker|Dark Pulse|p2a: Goldylocks
|-supereffective|p2a: Goldylocks
|-damage|p2a: Goldylocks|25/100
|-enditem|p2a: Goldylocks|Air Balloon
|-damage|p1a: Void Walker|81/100|[from] item: Life Orb
|move|p2a: Goldylocks|Shadow Ball|p1a: Void Walker
|-damage|p1a: Void Walker|2/100
|-unboost|p1a: Void Walker|spd|1
|
|upkeep
|turn|19
|
|t:|1779972104
|move|p1a: Void Walker|Dark Pulse|p2a: Goldylocks
|-supereffective|p2a: Goldylocks
|-damage|p2a: Goldylocks|0 fnt
|faint|p2a: Goldylocks
|-damage|p1a: Void Walker|0 fnt|[from] item: Life Orb
|faint|p1a: Void Walker
|
|win|buyijklkm
|raw|breakway's rating: 1218 &rarr; <strong>1196</strong><br />(-22 for losing)
|raw|buyijklkm's rating: 1262 &rarr; <strong>1284</strong><br />(+22 for winning)
|l|☆breakway
|player|p1|
|l|☆buyijklkm
|player|p2|
