|j|☆AKGD
|j|☆Dreadblaze
|t:|1779909858
|gametype|singles
|player|p1|AKGD|miku-flying|1536
|player|p2|Dreadblaze|burglar|1448
|gen|9
|tier|[Gen 9] OU
|rated|
|rule|HP Percentage Mod: HP is shown in percentages
|rule|Endless Battle Clause: Forcing endless battles is banned
|rule|Species Clause: Limit one of each Pokémon
|rule|OHKO Clause: OHKO moves are banned
|rule|Evasion Items Clause: Evasion items are banned
|rule|Evasion Moves Clause: Evasion moves are banned
|rule|Evasion Abilities Clause: Evasion abilities are banned
|rule|Sleep Moves Clause: Sleep-inducing moves are banned
|clearpoke
|poke|p1|Iron Moth|
|poke|p1|Ogerpon-Wellspring, F|
|poke|p1|Raging Bolt|
|poke|p1|Great Tusk|
|poke|p1|Darkrai|
|poke|p1|Deoxys-Speed|
|poke|p2|Weavile, M|
|poke|p2|Zamazenta-*|
|poke|p2|Iron Moth|
|poke|p2|Necrozma|
|poke|p2|Iron Treads|
|poke|p2|Ursaring, M|
|teampreview
|inactive|Battle timer is ON: inactive players will automatically lose when time's up. (requested by AKGD)
|
|t:|1779909872
|teamsize|p1|6
|teamsize|p2|6
|start
|switch|p1a: Deoxys|Deoxys-Speed|100/100
|switch|p2a: Weavile|Weavile, M|100/100
|-ability|p1a: Deoxys|Pressure
|turn|1
|c|☆AKGD|Oh no. Not the high damage and speed ice mon
|
|t:|1779909880
|-terastallize|p2a: Weavile|Ghost
|move|p1a: Deoxys|Taunt|p2a: Weavile
|-start|p2a: Weavile|move: Taunt
|move|p2a: Weavile|Knock Off|p1a: Deoxys
|-supereffective|p1a: Deoxys
|-damage|p1a: Deoxys|0 fnt
|-enditem|p1a: Deoxys|Light Clay|[from] move: Knock Off|[of] p2a: Weavile
|faint|p1a: Deoxys
|
|upkeep
|
|t:|1779909891
|switch|p1a: Darkrai|Darkrai|100/100
|turn|2
|
|t:|1779909898
|switch|p2a: Iron Treads|Iron Treads|100/100
|move|p1a: Darkrai|Dark Pulse|p2a: Iron Treads
|-damage|p2a: Iron Treads|59/100
|
|upkeep
|turn|3
|
|t:|1779909908
|move|p1a: Darkrai|Dark Pulse|p2a: Iron Treads
|-damage|p2a: Iron Treads|19/100
|move|p2a: Iron Treads|Knock Off|p1a: Darkrai
|-resisted|p1a: Darkrai
|-damage|p1a: Darkrai|82/100
|-enditem|p1a: Darkrai|Wide Lens|[from] move: Knock Off|[of] p2a: Iron Treads
|
|upkeep
|turn|4
|
|t:|1779909919
|-end|p2a: Iron Treads|Quark Drive|[silent]
|switch|p2a: Ursaring|Ursaring, M|100/100
|move|p1a: Darkrai|Dark Pulse|p2a: Ursaring
|-damage|p2a: Ursaring|76/100
|
|upkeep
|turn|5
|
|t:|1779909929
|move|p1a: Darkrai|Focus Blast|p2a: Ursaring
|-supereffective|p2a: Ursaring
|-damage|p2a: Ursaring|27/100
|move|p2a: Ursaring|Body Slam|p1a: Darkrai
|-damage|p1a: Darkrai|30/100
|-status|p1a: Darkrai|par
|
|upkeep
|turn|6
|
|t:|1779909938
|move|p1a: Darkrai|Dark Pulse|p2a: Ursaring
|-damage|p2a: Ursaring|3/100
|move|p2a: Ursaring|Body Slam|p1a: Darkrai
|-damage|p1a: Darkrai|0 fnt
|faint|p1a: Darkrai
|
|upkeep
|
|t:|1779909949
|switch|p1a: Dragonship|Great Tusk|100/100
|-enditem|p1a: Dragonship|Booster Energy
|-activate|p1a: Dragonship|ability: Protosynthesis|[fromitem]
|-start|p1a: Dragonship|protosynthesisspe
|turn|7
|
|t:|1779909956
|switch|p2a: Necrozma|Necrozma|100/100
|move|p1a: Dragonship|Bulk Up|p1a: Dragonship
|-boost|p1a: Dragonship|atk|1
|-boost|p1a: Dragonship|def|1
|
|upkeep
|turn|8
|
|t:|1779909966
|-terastallize|p1a: Dragonship|Steel
|move|p1a: Dragonship|Headlong Rush|p2a: Necrozma
|-damage|p2a: Necrozma|54/100
|-unboost|p1a: Dragonship|def|1
|-unboost|p1a: Dragonship|spd|1
|-damage|p1a: Dragonship|84/100|[from] item: Rocky Helmet|[of] p2a: Necrozma
|move|p2a: Necrozma|Psychic|p1a: Dragonship
|-resisted|p1a: Dragonship
|-damage|p1a: Dragonship|45/100
|
|upkeep
|turn|9
|
|t:|1779909988
|move|p1a: Dragonship|Bulk Up|p1a: Dragonship
|-boost|p1a: Dragonship|atk|1
|-boost|p1a: Dragonship|def|1
|move|p2a: Necrozma|Heat Wave|p1a: Dragonship
|-supereffective|p1a: Dragonship
|-damage|p1a: Dragonship|0 fnt
|faint|p1a: Dragonship
|-end|p1a: Dragonship|Protosynthesis|[silent]
|
|upkeep
|
|t:|1779910003
|switch|p1a: Ogerpon|Ogerpon-Wellspring, F|100/100
|turn|10
|inactive|Dreadblaze has 120 seconds left.
|
|t:|1779910047
|move|p1a: Ogerpon|Trailblaze|p2a: Necrozma
|-damage|p2a: Necrozma|37/100
|-boost|p1a: Ogerpon|spe|1
|-damage|p1a: Ogerpon|84/100|[from] item: Rocky Helmet|[of] p2a: Necrozma
|move|p2a: Necrozma|Morning Sun|p2a: Necrozma
|-heal|p2a: Necrozma|87/100
|
|upkeep
|turn|11
|
|t:|1779910057
|move|p1a: Ogerpon|Swords Dance|p1a: Ogerpon
|-boost|p1a: Ogerpon|atk|2
|move|p2a: Necrozma|Psychic|p1a: Ogerpon
|-damage|p1a: Ogerpon|43/100
|
|upkeep
|turn|12
|inactive|Dreadblaze has 90 seconds left.
|inactive|Dreadblaze has 60 seconds left.
|inactive|Dreadblaze has 30 seconds left.
|inactive|Dreadblaze has 20 seconds left.
|inactive|Dreadblaze has 15 seconds left.
|inactive|Dreadblaze has 10 seconds left.
|inactive|Dreadblaze has 5 seconds left.
|-message|Dreadblaze lost due to inactivity.
|
|win|AKGD
|raw|AKGD's rating: 1536 &rarr; <strong>1551</strong><br />(+15 for winning)
|raw|Dreadblaze's rating: 1448 &rarr; <strong>1433</strong><br />(-15 for losing)
|c|☆AKGD|Gg
|l|☆Dreadblaze
|player|p2|
|l|☆AKGD
|player|p1|
