|badge|p2|bronze|gen9ou|100-9
|uhtml|medal-msg|<div class="broadcast-blue">Curious what those medals under the avatar are? PS now has Ladder Seasons! For more information, check out the <a href="https://www.smogon.com/forums/threads/3740067/">thread on Smogon.</a></div>
|j|☆Aguila74
|j|☆spudcutter
|t:|1779816791
|gametype|singles
|player|p1|Aguila74|ethan|1677
|player|p2|spudcutter|ghetsis-gen5bw|1807
|gen|9
|tier|[Gen 9] OU
|rated|
|rule|HP Percentage Mod: HP is shown in percentages
|rule|Endless Battle Clause: Forcing endless battles is banned
|rule|Species Clause: Limit one of each Pokémon
|rule|OHKO Clause: OHKO moves are banned
|rule|Evasion Items Clause: Evasion items are banned
|rule|Evasion Moves Clause: Evasion moves are banned
|rule|Evasion Abilities Clause: Evasion abilities are banned
|rule|Sleep Moves Clause: Sleep-inducing moves are banned
|clearpoke
|poke|p1|Dragapult, M|
|poke|p1|Iron Moth|
|poke|p1|Meowscarada, F|
|poke|p1|Iron Treads|
|poke|p1|Primarina, M|
|poke|p1|Conkeldurr, F|
|poke|p2|Tyranitar, F|
|poke|p2|Deoxys-Speed|
|poke|p2|Slowking-Galar, M|
|poke|p2|Great Tusk|
|poke|p2|Raging Bolt|
|poke|p2|Dondozo, F|
|teampreview
|inactive|Battle timer is ON: inactive players will automatically lose when time's up. (requested by spudcutter)
|
|t:|1779816798
|teamsize|p1|6
|teamsize|p2|6
|start
|switch|p1a: Iron Treads|Iron Treads|100/100
|switch|p2a: Raging Bolt|Raging Bolt|100/100
|turn|1
|
|t:|1779816802
|-end|p2a: Raging Bolt|Protosynthesis|[silent]
|switch|p2a: Great Tusk|Great Tusk|100/100
|move|p1a: Iron Treads|Earthquake|p2a: Great Tusk
|-damage|p2a: Great Tusk|76/100
|
|-heal|p2a: Great Tusk|83/100|[from] item: Leftovers
|upkeep
|turn|2
|
|t:|1779816807
|-end|p1a: Iron Treads|Quark Drive|[silent]
|switch|p1a: Primarina|Primarina, M|100/100
|move|p2a: Great Tusk|Knock Off|p1a: Primarina
|-resisted|p1a: Primarina
|-damage|p1a: Primarina|89/100
|-enditem|p1a: Primarina|Leftovers|[from] move: Knock Off|[of] p2a: Great Tusk
|
|-heal|p2a: Great Tusk|89/100|[from] item: Leftovers
|upkeep
|turn|3
|
|t:|1779816818
|switch|p1a: Conkeldurr|Conkeldurr, F|100/100
|move|p2a: Great Tusk|Earthquake|p1a: Conkeldurr
|-damage|p1a: Conkeldurr|61/100
|
|-heal|p2a: Great Tusk|95/100|[from] item: Leftovers
|upkeep
|turn|4
|j| ty-tyui↻
|
|t:|1779816824
|move|p2a: Great Tusk|Knock Off|p1a: Conkeldurr
|-resisted|p1a: Conkeldurr
|-damage|p1a: Conkeldurr|49/100
|-enditem|p1a: Conkeldurr|Assault Vest|[from] move: Knock Off|[of] p2a: Great Tusk
|move|p1a: Conkeldurr|Knock Off|p2a: Great Tusk
|-resisted|p2a: Great Tusk
|-damage|p2a: Great Tusk|86/100
|-enditem|p2a: Great Tusk|Leftovers|[from] move: Knock Off|[of] p1a: Conkeldurr
|
|upkeep
|turn|5
|
|t:|1779816834
|switch|p1a: Primarina|Primarina, M|89/100
|move|p2a: Great Tusk|Earthquake|p1a: Primarina
|-damage|p1a: Primarina|55/100
|
|upkeep
|turn|6
|j| MVA Central
|
|t:|1779816841
|-end|p2a: Great Tusk|Protosynthesis|[silent]
|switch|p2a: Slowking|Slowking-Galar, M|100/100
|move|p1a: Primarina|Draining Kiss|p2a: Slowking
|-resisted|p2a: Slowking
|-damage|p2a: Slowking|94/100
|-heal|p1a: Primarina|60/100|[from] drain|[of] p2a: Slowking
|
|upkeep
|turn|7
|
|t:|1779816844
|switch|p1a: Iron Treads|Iron Treads|100/100
|move|p2a: Slowking|Flamethrower|p1a: Iron Treads
|-supereffective|p1a: Iron Treads
|-damage|p1a: Iron Treads|20/100
|
|-heal|p1a: Iron Treads|26/100|[from] item: Leftovers
|upkeep
|turn|8
|
|t:|1779816847
|switch|p2a: Great Tusk|Great Tusk|86/100
|move|p1a: Iron Treads|Stealth Rock|p2a: Great Tusk
|-sidestart|p2: spudcutter|move: Stealth Rock
|
|-heal|p1a: Iron Treads|33/100|[from] item: Leftovers
|upkeep
|turn|9
|
|t:|1779816851
|-end|p1a: Iron Treads|Quark Drive|[silent]
|switch|p1a: Primarina|Primarina, M|60/100
|move|p2a: Great Tusk|Stealth Rock|p1a: Primarina
|-sidestart|p1: Aguila74|move: Stealth Rock
|
|upkeep
|turn|10
|
|t:|1779816854
|-end|p2a: Great Tusk|Protosynthesis|[silent]
|switch|p2a: Slowking|Slowking-Galar, M|100/100
|-damage|p2a: Slowking|88/100|[from] Stealth Rock
|move|p1a: Primarina|Psychic Noise|p2a: Slowking
|-damage|p2a: Slowking|72/100
|-start|p2a: Slowking|move: Heal Block
|
|upkeep
|turn|11
|
|t:|1779816857
|switch|p1a: Conkeldurr|Conkeldurr, F|49/100
|-damage|p1a: Conkeldurr|43/100|[from] Stealth Rock
|move|p2a: Slowking|Flamethrower|p1a: Conkeldurr
|-damage|p1a: Conkeldurr|8/100
|
|-end|p2a: Slowking|move: Heal Block
|upkeep
|turn|12
|
|t:|1779816869
|switch|p2a: Dondozo|Dondozo, F|100/100
|-damage|p2a: Dondozo|88/100|[from] Stealth Rock
|move|p1a: Conkeldurr|Ice Punch|p2a: Dondozo
|-resisted|p2a: Dondozo
|-damage|p2a: Dondozo|81/100
|-damage|p1a: Conkeldurr|0 fnt|[from] item: Rocky Helmet|[of] p2a: Dondozo
|faint|p1a: Conkeldurr
|
|upkeep
|
|t:|1779816874
|switch|p1a: Meowscarada|Meowscarada, F|100/100
|-damage|p1a: Meowscarada|88/100|[from] Stealth Rock
|turn|13
|
|t:|1779816879
|switch|p2a: Raging Bolt|Raging Bolt|100/100
|-damage|p2a: Raging Bolt|88/100|[from] Stealth Rock
|move|p1a: Meowscarada|Knock Off|p2a: Raging Bolt
|-start|p1a: Meowscarada|typechange|Dark|[from] ability: Protean
|-damage|p2a: Raging Bolt|38/100
|-enditem|p2a: Raging Bolt|Leftovers|[from] move: Knock Off|[of] p1a: Meowscarada
|-damage|p1a: Meowscarada|78/100|[from] item: Life Orb
|
|upkeep
|turn|14
|
|t:|1779816883
|move|p1a: Meowscarada|Triple Axel|p2a: Raging Bolt
|-supereffective|p2a: Raging Bolt
|-damage|p2a: Raging Bolt|25/100
|-hitcount|p2a: Raging Bolt|1
|-damage|p1a: Meowscarada|68/100|[from] item: Life Orb
|move|p2a: Raging Bolt|Dragon Pulse|p1a: Meowscarada
|-damage|p1a: Meowscarada|0 fnt
|faint|p1a: Meowscarada
|
|upkeep
|c|☆spudcutter|Sorry
|
|t:|1779816890
|switch|p1a: Iron Treads|Iron Treads|33/100
|-damage|p1a: Iron Treads|29/100|[from] Stealth Rock
|turn|15
|c|☆spudcutter|Damn
|
|t:|1779816894
|-end|p2a: Raging Bolt|Protosynthesis|[silent]
|switch|p2a: Great Tusk|Great Tusk|86/100
|-damage|p2a: Great Tusk|83/100|[from] Stealth Rock
|move|p1a: Iron Treads|Rapid Spin|p2a: Great Tusk
|-damage|p2a: Great Tusk|75/100
|-boost|p1a: Iron Treads|spe|1
|-sideend|p1: Aguila74|Stealth Rock|[from] move: Rapid Spin|[of] p1a: Iron Treads
|
|-heal|p1a: Iron Treads|36/100|[from] item: Leftovers
|upkeep
|turn|16
|
|t:|1779816905
|move|p1a: Iron Treads|Earthquake|p2a: Great Tusk
|-damage|p2a: Great Tusk|54/100
|move|p2a: Great Tusk|Stealth Rock|p1a: Iron Treads
|-sidestart|p1: Aguila74|move: Stealth Rock
|
|-heal|p1a: Iron Treads|42/100|[from] item: Leftovers
|upkeep
|turn|17
|
|t:|1779816908
|move|p1a: Iron Treads|Rapid Spin|p2a: Great Tusk
|-damage|p2a: Great Tusk|47/100
|-boost|p1a: Iron Treads|spe|1
|-sideend|p1: Aguila74|Stealth Rock|[from] move: Rapid Spin|[of] p1a: Iron Treads
|move|p2a: Great Tusk|Rapid Spin|p1a: Iron Treads
|-resisted|p1a: Iron Treads
|-damage|p1a: Iron Treads|35/100
|-boost|p2a: Great Tusk|spe|1
|-sideend|p2: spudcutter|Stealth Rock|[from] move: Rapid Spin|[of] p2a: Great Tusk
|
|-heal|p1a: Iron Treads|41/100|[from] item: Leftovers
|upkeep
|turn|18
|
|t:|1779816911
|move|p1a: Iron Treads|Earthquake|p2a: Great Tusk
|-damage|p2a: Great Tusk|24/100
|move|p2a: Great Tusk|Earthquake|p1a: Iron Treads
|-supereffective|p1a: Iron Treads
|-damage|p1a: Iron Treads|0 fnt
|faint|p1a: Iron Treads
|-end|p1a: Iron Treads|Quark Drive|[silent]
|
|upkeep
|
|t:|1779816915
|switch|p1a: Iron Moth|Iron Moth|100/100
|-enditem|p1a: Iron Moth|Booster Energy
|-activate|p1a: Iron Moth|ability: Quark Drive|[fromitem]
|-start|p1a: Iron Moth|quarkdrivespe
|turn|19
|
|t:|1779816920
|-end|p2a: Great Tusk|Protosynthesis|[silent]
|switch|p2a: Tyranitar|Tyranitar, F|100/100
|-weather|Sandstorm|[from] ability: Sand Stream|[of] p2a: Tyranitar
|move|p1a: Iron Moth|Fiery Dance|p2a: Tyranitar
|-resisted|p2a: Tyranitar
|-damage|p2a: Tyranitar|93/100
|-boost|p1a: Iron Moth|spa|1
|
|-weather|Sandstorm|[upkeep]
|-damage|p1a: Iron Moth|95/100|[from] Sandstorm
|upkeep
|turn|20
|
|t:|1779816924
|-terastallize|p1a: Iron Moth|Grass
|move|p1a: Iron Moth|Energy Ball|p2a: Tyranitar
|-supereffective|p2a: Tyranitar
|-damage|p2a: Tyranitar|41/100
|-unboost|p2a: Tyranitar|spd|1
|move|p2a: Tyranitar|Knock Off|p1a: Iron Moth
|-damage|p1a: Iron Moth|38/100
|
|-weather|Sandstorm|[upkeep]
|-damage|p1a: Iron Moth|32/100|[from] Sandstorm
|upkeep
|turn|21
|
|t:|1779816928
|move|p1a: Iron Moth|Energy Ball|p2a: Tyranitar
|-supereffective|p2a: Tyranitar
|-damage|p2a: Tyranitar|0 fnt
|faint|p2a: Tyranitar
|
|-weather|Sandstorm|[upkeep]
|-damage|p1a: Iron Moth|26/100|[from] Sandstorm
|upkeep
|
|t:|1779816930
|switch|p2a: Slowking|Slowking-Galar, M|100/100
|turn|22
|
|t:|1779816933
|move|p1a: Iron Moth|Fiery Dance|p2a: Slowking
|-damage|p2a: Slowking|67/100
|move|p2a: Slowking|Sludge Bomb|p1a: Iron Moth
|-supereffective|p1a: Iron Moth
|-damage|p1a: Iron Moth|0 fnt
|faint|p1a: Iron Moth
|-end|p1a: Iron Moth|Quark Drive|[silent]
|
|-weather|Sandstorm|[upkeep]
|-damage|p2a: Slowking|61/100|[from] Sandstorm
|upkeep
|
|t:|1779816935
|switch|p1a: Dragapult|Dragapult, M|100/100
|turn|23
|
|t:|1779816939
|switch|p2a: Raging Bolt|Raging Bolt|25/100
|move|p1a: Dragapult|Dragon Dance|p1a: Dragapult
|-boost|p1a: Dragapult|atk|1
|-boost|p1a: Dragapult|spe|1
|
|-weather|none
|upkeep
|turn|24
|
|t:|1779816941
|move|p1a: Dragapult|Dragon Darts|p2a: Raging Bolt
|-supereffective|p2a: Raging Bolt
|-damage|p2a: Raging Bolt|0 fnt
|faint|p2a: Raging Bolt
|-end|p2a: Raging Bolt|Protosynthesis|[silent]
|-damage|p1a: Dragapult|91/100|[from] item: Life Orb
|
|upkeep
|
|t:|1779816946
|switch|p2a: Dondozo|Dondozo, F|81/100
|turn|25
|
|t:|1779816951
|switch|p1a: Primarina|Primarina, M|60/100
|move|p2a: Dondozo|Curse|p2a: Dondozo
|-unboost|p2a: Dondozo|spe|1
|-boost|p2a: Dondozo|atk|1
|-boost|p2a: Dondozo|def|1
|
|upkeep
|turn|26
|
|t:|1779816955
|switch|p2a: Great Tusk|Great Tusk|24/100
|move|p1a: Primarina|Calm Mind|p1a: Primarina
|-boost|p1a: Primarina|spa|1
|-boost|p1a: Primarina|spd|1
|
|upkeep
|turn|27
|
|t:|1779816969
|move|p2a: Great Tusk|Earthquake|p1a: Primarina
|-damage|p1a: Primarina|27/100
|move|p1a: Primarina|Draining Kiss|p2a: Great Tusk
|-supereffective|p2a: Great Tusk
|-damage|p2a: Great Tusk|0 fnt
|-heal|p1a: Primarina|48/100|[from] drain|[of] p2a: Great Tusk
|faint|p2a: Great Tusk
|-end|p2a: Great Tusk|Protosynthesis|[silent]
|
|upkeep
|j| yuureisuisei
|inactive|spudcutter has 120 seconds left.
|
|t:|1779817004
|switch|p2a: Slowking|Slowking-Galar, M|94/100
|turn|28
|
|t:|1779817008
|move|p1a: Primarina|Psychic Noise|p2a: Slowking
|-damage|p2a: Slowking|69/100
|-start|p2a: Slowking|move: Heal Block
|move|p2a: Slowking|Sludge Bomb|p1a: Primarina
|-supereffective|p1a: Primarina
|-damage|p1a: Primarina|0 fnt
|faint|p1a: Primarina
|
|upkeep
|
|t:|1779817012
|switch|p1a: Dragapult|Dragapult, M|91/100
|turn|29
|
|t:|1779817026
|move|p1a: Dragapult|Dragon Darts|p2a: Slowking
|-damage|p2a: Slowking|33/100
|-anim|p1a: Dragapult|Dragon Darts|p2a: Slowking
|-damage|p2a: Slowking|0 fnt
|faint|p2a: Slowking
|-damage|p1a: Dragapult|81/100|[from] item: Life Orb
|
|upkeep
|
|t:|1779817028
|switch|p2a: Deoxys|Deoxys-Speed|100/100
|-ability|p2a: Deoxys|Pressure
|turn|30
|
|t:|1779817032
|-terastallize|p2a: Deoxys|Dark
|move|p1a: Dragapult|Sucker Punch|p2a: Deoxys
|-resisted|p2a: Deoxys
|-damage|p2a: Deoxys|76/100
|-damage|p1a: Dragapult|71/100|[from] item: Life Orb
|move|p2a: Deoxys|Knock Off|p1a: Dragapult
|-supereffective|p1a: Dragapult
|-damage|p1a: Dragapult|0 fnt
|-enditem|p1a: Dragapult|Life Orb|[from] move: Knock Off|[of] p2a: Deoxys
|faint|p1a: Dragapult
|-damage|p2a: Deoxys|66/100|[from] item: Life Orb
|
|win|spudcutter
|raw|Aguila74's rating: 1677 &rarr; <strong>1664</strong><br />(-13 for losing)
|raw|spudcutter's rating: 1807 &rarr; <strong>1820</strong><br />(+13 for winning)
|l|☆Aguila74
|player|p1|
|l|☆spudcutter
|player|p2|
|l| ty-tyui↻
|l| yuureisuisei
