|j|☆jyj_52
|j|☆ChillLanturnYT
|t:|1779950785
|gametype|singles
|player|p1|jyj_52|n|1030
|player|p2|ChillLanturnYT|palmer|1092
|gen|9
|tier|[Gen 9] OU
|rated|
|rule|HP Percentage Mod: HP is shown in percentages
|rule|Endless Battle Clause: Forcing endless battles is banned
|rule|Species Clause: Limit one of each Pokémon
|rule|OHKO Clause: OHKO moves are banned
|rule|Evasion Items Clause: Evasion items are banned
|rule|Evasion Moves Clause: Evasion moves are banned
|rule|Evasion Abilities Clause: Evasion abilities are banned
|rule|Sleep Moves Clause: Sleep-inducing moves are banned
|clearpoke
|poke|p1|Minior-Violet|
|poke|p1|Meowscarada, M|
|poke|p1|Gliscor, M|
|poke|p1|Iron Valiant|
|poke|p1|Volcanion|
|poke|p1|Raging Bolt|
|poke|p2|Exeggutor, M|
|poke|p2|Dragonite, M|
|poke|p2|Samurott-Hisui, M|
|poke|p2|Jirachi|
|poke|p2|Iron Treads|
|poke|p2|Raging Bolt|
|teampreview
|inactive|Battle timer is ON: inactive players will automatically lose when time's up. (requested by ChillLanturnYT)
|
|t:|1779950790
|teamsize|p1|6
|teamsize|p2|6
|start
|switch|p1a: Minor|Minior-Violet, shiny|100/100
|switch|p2a: Samurott|Samurott-Hisui, M|100/100
|-formechange|p1a: Minor|Minior-Meteor||[from] ability: Shields Down
|turn|1
|
|t:|1779950797
|move|p2a: Samurott|Razor Shell|p1a: Minor
|-supereffective|p1a: Minor
|-enditem|p1a: Minor|Focus Sash
|-damage|p1a: Minor|1/100
|-unboost|p1a: Minor|def|1
|move|p1a: Minor|Shell Smash|p1a: Minor
|-unboost|p1a: Minor|def|1
|-unboost|p1a: Minor|spd|1
|-boost|p1a: Minor|atk|2
|-boost|p1a: Minor|spa|2
|-boost|p1a: Minor|spe|2
|
|-formechange|p1a: Minor|Minior-Violet||[from] ability: Shields Down
|upkeep
|turn|2
|
|t:|1779950813
|move|p1a: Minor|Acrobatics|p2a: Samurott
|-damage|p2a: Samurott|0 fnt
|faint|p2a: Samurott
|
|upkeep
|
|t:|1779950818
|switch|p2a: Dragonite|Dragonite, M|100/100
|turn|3
|
|t:|1779950822
|move|p1a: Minor|Power Gem|p2a: Dragonite
|-supereffective|p2a: Dragonite
|-damage|p2a: Dragonite|56/100
|move|p2a: Dragonite|Fire Punch|p1a: Minor
|-resisted|p1a: Minor
|-damage|p1a: Minor|0 fnt
|faint|p1a: Minor
|
|-heal|p2a: Dragonite|62/100|[from] item: Leftovers
|upkeep
|
|t:|1779950831
|switch|p1a: Pred|Meowscarada, M, shiny|100/100
|turn|4
|
|t:|1779950835
|switch|p2a: Jirachi|Jirachi|100/100
|move|p1a: Pred|Triple Axel|p2a: Jirachi
|-start|p1a: Pred|typechange|Ice|[from] ability: Protean
|-resisted|p2a: Jirachi
|-damage|p2a: Jirachi|98/100
|-resisted|p2a: Jirachi
|-damage|p2a: Jirachi|91/100
|-resisted|p2a: Jirachi
|-damage|p2a: Jirachi|82/100
|-hitcount|p2a: Jirachi|3
|
|-heal|p2a: Jirachi|88/100|[from] item: Leftovers
|upkeep
|turn|5
|
|t:|1779950858
|switch|p1a: Zyklon B|Gliscor, M, shiny|100/100
|switch|p2a: Iron Treads|Iron Treads|100/100
|
|-status|p1a: Zyklon B|tox|[from] item: Toxic Orb
|upkeep
|turn|6
|
|t:|1779950868
|move|p2a: Iron Treads|Stealth Rock|p1a: Zyklon B
|-sidestart|p1: jyj_52|move: Stealth Rock
|move|p1a: Zyklon B|Earthquake|p2a: Iron Treads
|-supereffective|p2a: Iron Treads
|-damage|p2a: Iron Treads|42/100
|
|-heal|p2a: Iron Treads|48/100|[from] item: Leftovers
|upkeep
|turn|7
|
|t:|1779950873
|-end|p2a: Iron Treads|Quark Drive|[silent]
|switch|p2a: Dragonite|Dragonite, M|62/100
|move|p1a: Zyklon B|Earthquake|p2a: Dragonite
|-immune|p2a: Dragonite
|
|-heal|p2a: Dragonite|68/100|[from] item: Leftovers
|upkeep
|turn|8
|
|t:|1779950876
|move|p1a: Zyklon B|Toxic|p2a: Dragonite
|-status|p2a: Dragonite|tox
|move|p2a: Dragonite|Dragon Dance|p2a: Dragonite
|-boost|p2a: Dragonite|atk|1
|-boost|p2a: Dragonite|spe|1
|
|-heal|p2a: Dragonite|75/100 tox|[from] item: Leftovers
|-damage|p2a: Dragonite|68/100 tox|[from] psn
|upkeep
|turn|9
|
|t:|1779950886
|switch|p1a: Pred|Meowscarada, M, shiny|100/100
|move|p2a: Dragonite|Dragon Dance|p2a: Dragonite
|-boost|p2a: Dragonite|atk|1
|-boost|p2a: Dragonite|spe|1
|
|-heal|p2a: Dragonite|75/100 tox|[from] item: Leftovers
|-damage|p2a: Dragonite|62/100 tox|[from] psn
|upkeep
|turn|10
|
|t:|1779950897
|move|p2a: Dragonite|Fire Punch|p1a: Pred
|-supereffective|p1a: Pred
|-damage|p1a: Pred|0 fnt
|faint|p1a: Pred
|
|-heal|p2a: Dragonite|68/100 tox|[from] item: Leftovers
|-damage|p2a: Dragonite|50/100 tox|[from] psn
|upkeep
|
|t:|1779950901
|switch|p1a: Zyklon B|Gliscor, M, shiny|100/100 tox
|-damage|p1a: Zyklon B|88/100 tox|[from] Stealth Rock
|turn|11
|
|t:|1779950904
|move|p2a: Dragonite|Roost|p2a: Dragonite
|-heal|p2a: Dragonite|99/100 tox
|-singleturn|p2a: Dragonite|move: Roost
|move|p1a: Zyklon B|Stealth Rock|p2a: Dragonite
|-sidestart|p2: ChillLanturnYT|move: Stealth Rock
|
|-heal|p2a: Dragonite|100/100 tox|[from] item: Leftovers
|-damage|p2a: Dragonite|76/100 tox|[from] psn
|-heal|p1a: Zyklon B|100/100 tox|[from] ability: Poison Heal
|upkeep
|turn|12
|
|t:|1779950912
|move|p1a: Zyklon B|Protect|p1a: Zyklon B
|-singleturn|p1a: Zyklon B|Protect
|move|p2a: Dragonite|Fire Punch|p1a: Zyklon B
|-activate|p1a: Zyklon B|move: Protect
|
|-heal|p2a: Dragonite|82/100 tox|[from] item: Leftovers
|-damage|p2a: Dragonite|51/100 tox|[from] psn
|upkeep
|turn|13
|
|t:|1779950919
|move|p2a: Dragonite|Earthquake|p1a: Zyklon B
|-immune|p1a: Zyklon B
|move|p1a: Zyklon B|Earthquake|p2a: Dragonite
|-immune|p2a: Dragonite
|
|-heal|p2a: Dragonite|58/100 tox|[from] item: Leftovers
|-damage|p2a: Dragonite|21/100 tox|[from] psn
|upkeep
|turn|14
|
|t:|1779950925
|move|p2a: Dragonite|Roost|p2a: Dragonite
|-heal|p2a: Dragonite|71/100 tox
|-singleturn|p2a: Dragonite|move: Roost
|move|p1a: Zyklon B|Earthquake|p2a: Dragonite
|-damage|p2a: Dragonite|39/100 tox
|
|-heal|p2a: Dragonite|45/100 tox|[from] item: Leftovers
|-damage|p2a: Dragonite|2/100 tox|[from] psn
|upkeep
|turn|15
|
|t:|1779950933
|move|p1a: Zyklon B|Protect|p1a: Zyklon B
|-singleturn|p1a: Zyklon B|Protect
|move|p2a: Dragonite|Roost|p2a: Dragonite
|-heal|p2a: Dragonite|52/100 tox
|-singleturn|p2a: Dragonite|move: Roost
|
|-heal|p2a: Dragonite|58/100 tox|[from] item: Leftovers
|-damage|p2a: Dragonite|9/100 tox|[from] psn
|upkeep
|turn|16
|
|t:|1779950940
|move|p1a: Zyklon B|Protect||[still]
|-fail|p1a: Zyklon B
|move|p2a: Dragonite|Fire Punch|p1a: Zyklon B
|-damage|p1a: Zyklon B|68/100 tox
|
|-heal|p2a: Dragonite|16/100 tox|[from] item: Leftovers
|-damage|p2a: Dragonite|0 fnt|[from] psn
|faint|p2a: Dragonite
|-heal|p1a: Zyklon B|80/100 tox|[from] ability: Poison Heal
|upkeep
|
|t:|1779950946
|switch|p2a: Exeggutor|Exeggutor, M|100/100
|-damage|p2a: Exeggutor|88/100|[from] Stealth Rock
|turn|17
|
|t:|1779950949
|move|p2a: Exeggutor|Substitute|p2a: Exeggutor
|-start|p2a: Exeggutor|Substitute
|-damage|p2a: Exeggutor|63/100
|move|p1a: Zyklon B|Toxic||[still]
|-fail|p1a: Zyklon B
|
|-heal|p1a: Zyklon B|93/100 tox|[from] ability: Poison Heal
|upkeep
|turn|18
|
|t:|1779950958
|switch|p1a: Gas Chamber|Volcanion|100/100
|move|p2a: Exeggutor|Giga Drain|p1a: Gas Chamber
|-damage|p1a: Gas Chamber|53/100
|-heal|p2a: Exeggutor|85/100|[from] drain|[of] p1a: Gas Chamber
|
|upkeep
|turn|19
|
|t:|1779950964
|move|p1a: Gas Chamber|Flamethrower|p2a: Exeggutor
|-supereffective|p2a: Exeggutor
|-end|p2a: Exeggutor|Substitute
|move|p2a: Exeggutor|Giga Drain|p1a: Gas Chamber
|-damage|p1a: Gas Chamber|6/100
|-heal|p2a: Exeggutor|100/100|[from] drain|[of] p1a: Gas Chamber
|
|upkeep
|turn|20
|
|t:|1779950971
|switch|p2a: Raging Bolt|Raging Bolt|100/100
|-damage|p2a: Raging Bolt|88/100|[from] Stealth Rock
|move|p1a: Gas Chamber|Flamethrower|p2a: Raging Bolt
|-resisted|p2a: Raging Bolt
|-damage|p2a: Raging Bolt|62/100
|
|upkeep
|turn|21
|
|t:|1779950979
|move|p2a: Raging Bolt|Dragon Pulse|p1a: Gas Chamber
|-damage|p1a: Gas Chamber|0 fnt
|faint|p1a: Gas Chamber
|
|upkeep
|
|t:|1779950982
|switch|p1a: Femboy|Iron Valiant|100/100
|-damage|p1a: Femboy|94/100|[from] Stealth Rock
|-enditem|p1a: Femboy|Booster Energy
|-activate|p1a: Femboy|ability: Quark Drive|[fromitem]
|-start|p1a: Femboy|quarkdrivespe
|turn|22
|
|t:|1779950984
|move|p1a: Femboy|Moonblast|p2a: Raging Bolt
|-supereffective|p2a: Raging Bolt
|-damage|p2a: Raging Bolt|0 fnt
|faint|p2a: Raging Bolt
|-end|p2a: Raging Bolt|Protosynthesis|[silent]
|
|upkeep
|
|t:|1779950989
|switch|p2a: Iron Treads|Iron Treads|48/100
|-damage|p2a: Iron Treads|45/100|[from] Stealth Rock
|turn|23
|
|t:|1779950994
|move|p1a: Femboy|Brick Break|p2a: Iron Treads
|-supereffective|p2a: Iron Treads
|-damage|p2a: Iron Treads|0 fnt
|faint|p2a: Iron Treads
|-end|p2a: Iron Treads|Quark Drive|[silent]
|
|upkeep
|
|t:|1779950997
|switch|p2a: Jirachi|Jirachi|88/100
|-damage|p2a: Jirachi|82/100|[from] Stealth Rock
|turn|24
|
|t:|1779951003
|-terastallize|p1a: Femboy|Ghost
|move|p1a: Femboy|Shadow Ball|p2a: Jirachi
|-supereffective|p2a: Jirachi
|-damage|p2a: Jirachi|22/100
|move|p2a: Jirachi|Wish|p2a: Jirachi
|
|-heal|p2a: Jirachi|28/100|[from] item: Leftovers
|upkeep
|turn|25
|
|t:|1779951012
|move|p1a: Femboy|Shadow Ball|p2a: Jirachi
|-supereffective|p2a: Jirachi
|-damage|p2a: Jirachi|0 fnt
|faint|p2a: Jirachi
|
|upkeep
|
|t:|1779951014
|switch|p2a: Exeggutor|Exeggutor, M|100/100
|-damage|p2a: Exeggutor|88/100|[from] Stealth Rock
|turn|26
|
|t:|1779951021
|-terastallize|p2a: Exeggutor|Fairy
|move|p1a: Femboy|Shadow Ball|p2a: Exeggutor
|-damage|p2a: Exeggutor|26/100
|move|p2a: Exeggutor|Substitute|p2a: Exeggutor
|-start|p2a: Exeggutor|Substitute
|-damage|p2a: Exeggutor|1/100
|-enditem|p2a: Exeggutor|Starf Berry|[eat]
|-boost|p2a: Exeggutor|spe|2|[from] item: Starf Berry
|
|-item|p2a: Exeggutor|Starf Berry|[from] ability: Harvest
|upkeep
|-enditem|p2a: Exeggutor|Starf Berry|[eat]
|-boost|p2a: Exeggutor|spa|2|[from] item: Starf Berry
|turn|27
|
|t:|1779951046
|move|p1a: Femboy|Shadow Ball|p2a: Exeggutor
|-crit|p2a: Exeggutor
|-end|p2a: Exeggutor|Substitute
|move|p2a: Exeggutor|Giga Drain|p1a: Femboy
|-damage|p1a: Femboy|0 fnt
|-heal|p2a: Exeggutor|42/100|[from] drain|[of] p1a: Femboy
|faint|p1a: Femboy
|-end|p1a: Femboy|Quark Drive|[silent]
|
|-item|p2a: Exeggutor|Starf Berry|[from] ability: Harvest
|upkeep
|
|t:|1779951052
|switch|p1a: Huge Dih|Raging Bolt|100/100
|-damage|p1a: Huge Dih|88/100|[from] Stealth Rock
|-enditem|p1a: Huge Dih|Booster Energy
|-activate|p1a: Huge Dih|ability: Protosynthesis|[fromitem]
|-start|p1a: Huge Dih|protosynthesisspa
|turn|28
|
|t:|1779951055
|move|p1a: Huge Dih|Thunderclap||[still]
|-fail|p1a: Huge Dih
|move|p2a: Exeggutor|Substitute|p2a: Exeggutor
|-start|p2a: Exeggutor|Substitute
|-damage|p2a: Exeggutor|17/100
|-enditem|p2a: Exeggutor|Starf Berry|[eat]
|-boost|p2a: Exeggutor|atk|2|[from] item: Starf Berry
|
|upkeep
|turn|29
|
|t:|1779951063
|move|p2a: Exeggutor|Stored Power|p1a: Huge Dih
|-damage|p1a: Huge Dih|0 fnt
|faint|p1a: Huge Dih
|-end|p1a: Huge Dih|Protosynthesis|[silent]
|
|upkeep
|
|t:|1779951070
|switch|p1a: Zyklon B|Gliscor, M, shiny|93/100 tox
|-damage|p1a: Zyklon B|80/100 tox|[from] Stealth Rock
|turn|30
|
|t:|1779951074
|move|p2a: Exeggutor|Stored Power|p1a: Zyklon B
|-damage|p1a: Zyklon B|0 fnt
|faint|p1a: Zyklon B
|
|win|ChillLanturnYT
|raw|jyj_52's rating: 1030 &rarr; <strong>1018</strong><br />(-12 for losing)
|raw|ChillLanturnYT's rating: 1092 &rarr; <strong>1114</strong><br />(+22 for winning)
|l|☆jyj_52
|player|p1|
