|j|☆Tankman123
|j|☆JotaroTheGreat
|t:|1779860773
|gametype|singles
|player|p1|Tankman123|1|1572
|player|p2|JotaroTheGreat|266|1609
|gen|9
|tier|[Gen 9] OU
|rated|
|rule|HP Percentage Mod: HP is shown in percentages
|rule|Endless Battle Clause: Forcing endless battles is banned
|rule|Species Clause: Limit one of each Pokémon
|rule|OHKO Clause: OHKO moves are banned
|rule|Evasion Items Clause: Evasion items are banned
|rule|Evasion Moves Clause: Evasion moves are banned
|rule|Evasion Abilities Clause: Evasion abilities are banned
|rule|Sleep Moves Clause: Sleep-inducing moves are banned
|clearpoke
|poke|p1|Hatterene, F|
|poke|p1|Great Tusk|
|poke|p1|Tornadus-Therian, M|
|poke|p1|Kyurem|
|poke|p1|Slowking-Galar, F|
|poke|p1|Kingambit, M|
|poke|p2|Ceruledge, F|
|poke|p2|Great Tusk|
|poke|p2|Ting-Lu|
|poke|p2|Gholdengo|
|poke|p2|Dragonite, F|
|poke|p2|Kyurem|
|teampreview
|inactive|Battle timer is ON: inactive players will automatically lose when time's up. (requested by JotaroTheGreat)
|
|t:|1779860787
|teamsize|p1|6
|teamsize|p2|6
|start
|switch|p1a: Slowking|Slowking-Galar, F|100/100
|switch|p2a: VANILITE|Kyurem|100/100
|-ability|p2a: VANILITE|Pressure
|turn|1
|
|t:|1779860797
|move|p2a: VANILITE|Ice Beam|p1a: Slowking
|-damage|p1a: Slowking|41/100
|move|p1a: Slowking|Sludge Bomb|p2a: VANILITE
|-damage|p2a: VANILITE|71/100
|
|-heal|p1a: Slowking|47/100|[from] item: Black Sludge
|upkeep
|turn|2
|
|t:|1779860803
|switch|p1a: Kingambit|Kingambit, M|100/100
|move|p2a: VANILITE|Ice Beam|p1a: Kingambit
|-resisted|p1a: Kingambit
|-damage|p1a: Kingambit|68/100
|
|-heal|p1a: Kingambit|75/100|[from] item: Leftovers
|upkeep
|turn|3
|
|t:|1779860811
|switch|p2a: TUSK ACT 4|Great Tusk|100/100
|-enditem|p2a: TUSK ACT 4|Booster Energy
|-activate|p2a: TUSK ACT 4|ability: Protosynthesis|[fromitem]
|-start|p2a: TUSK ACT 4|protosynthesisatk
|move|p1a: Kingambit|Iron Head|p2a: TUSK ACT 4
|-damage|p2a: TUSK ACT 4|64/100
|
|-heal|p1a: Kingambit|81/100|[from] item: Leftovers
|upkeep
|turn|4
|
|t:|1779860817
|-end|p1a: Kingambit|fallenundefined|[silent]
|switch|p1a: Hatterene|Hatterene, F|100/100
|move|p2a: TUSK ACT 4|Knock Off|p1a: Hatterene
|-damage|p1a: Hatterene|62/100
|-damage|p2a: TUSK ACT 4|47/100|[from] item: Rocky Helmet|[of] p1a: Hatterene
|-enditem|p1a: Hatterene|Rocky Helmet|[from] move: Knock Off|[of] p2a: TUSK ACT 4
|
|upkeep
|turn|5
|
|t:|1779860825
|move|p2a: TUSK ACT 4|Headlong Rush|p1a: Hatterene
|-damage|p1a: Hatterene|0 fnt
|-unboost|p2a: TUSK ACT 4|def|1
|-unboost|p2a: TUSK ACT 4|spd|1
|faint|p1a: Hatterene
|
|upkeep
|
|t:|1779860836
|switch|p1a: Tornadus|Tornadus-Therian, M|100/100
|turn|6
|
|t:|1779860841
|-end|p2a: TUSK ACT 4|Protosynthesis|[silent]
|switch|p2a: WAMMU|Ting-Lu|100/100
|-ability|p2a: WAMMU|Vessel of Ruin
|move|p1a: Tornadus|Bleakwind Storm|p2a: WAMMU
|-damage|p2a: WAMMU|79/100
|
|-heal|p2a: WAMMU|85/100|[from] item: Leftovers
|upkeep
|turn|7
|
|t:|1779860848
|move|p1a: Tornadus|U-turn|p2a: WAMMU
|-supereffective|p2a: WAMMU
|-damage|p2a: WAMMU|72/100
|
|t:|1779860851
|switch|p1a: Kyurem|Kyurem|100/100|[from] U-turn
|-ability|p1a: Kyurem|Pressure
|move|p2a: WAMMU|Stealth Rock|p1a: Kyurem
|-sidestart|p1: Tankman123|move: Stealth Rock
|
|-heal|p2a: WAMMU|79/100|[from] item: Leftovers
|upkeep
|turn|8
|
|t:|1779860857
|move|p1a: Kyurem|Ice Beam|p2a: WAMMU
|-supereffective|p2a: WAMMU
|-damage|p2a: WAMMU|2/100
|move|p2a: WAMMU|Whirlwind|p1a: Kyurem
|drag|p1a: Tornadus|Tornadus-Therian, M|100/100
|-damage|p1a: Tornadus|76/100|[from] Stealth Rock
|
|-heal|p2a: WAMMU|9/100|[from] item: Leftovers
|upkeep
|turn|9
|
|t:|1779860863
|move|p1a: Tornadus|Knock Off|p2a: WAMMU
|-resisted|p2a: WAMMU
|-damage|p2a: WAMMU|4/100
|-enditem|p2a: WAMMU|Leftovers|[from] move: Knock Off|[of] p1a: Tornadus
|move|p2a: WAMMU|Spikes|p1a: Tornadus
|-sidestart|p1: Tankman123|Spikes
|
|upkeep
|turn|10
|
|t:|1779860868
|move|p1a: Tornadus|Heat Wave|p2a: WAMMU
|-damage|p2a: WAMMU|0 fnt
|faint|p2a: WAMMU
|
|upkeep
|
|t:|1779860872
|switch|p2a: VANILITE|Kyurem|71/100
|-ability|p2a: VANILITE|Pressure
|turn|11
|
|t:|1779860878
|move|p1a: Tornadus|Knock Off|p2a: VANILITE
|-damage|p2a: VANILITE|52/100
|-enditem|p2a: VANILITE|Choice Specs|[from] move: Knock Off|[of] p1a: Tornadus
|move|p2a: VANILITE|Earth Power|p1a: Tornadus
|-immune|p1a: Tornadus
|
|upkeep
|turn|12
|
|t:|1779860882
|move|p1a: Tornadus|Bleakwind Storm|p2a: VANILITE
|-damage|p2a: VANILITE|18/100
|move|p2a: VANILITE|Ice Beam|p1a: Tornadus
|-supereffective|p1a: Tornadus
|-damage|p1a: Tornadus|10/100
|
|upkeep
|turn|13
|
|t:|1779860895
|move|p1a: Tornadus|Bleakwind Storm|p2a: VANILITE
|-crit|p2a: VANILITE
|-damage|p2a: VANILITE|0 fnt
|faint|p2a: VANILITE
|
|upkeep
|
|t:|1779860900
|switch|p2a: Silver chariot|Ceruledge, F|100/100
|turn|14
|
|t:|1779860904
|switch|p1a: Great Tusk|Great Tusk|100/100
|-damage|p1a: Great Tusk|98/100|[from] Stealth Rock
|-damage|p1a: Great Tusk|85/100|[from] Spikes
|move|p2a: Silver chariot|Swords Dance|p2a: Silver chariot
|-boost|p2a: Silver chariot|atk|2
|
|upkeep
|turn|15
|
|t:|1779860914
|move|p1a: Great Tusk|Headlong Rush|p2a: Silver chariot
|-supereffective|p2a: Silver chariot
|-enditem|p2a: Silver chariot|Focus Sash
|-damage|p2a: Silver chariot|1/100
|-unboost|p1a: Great Tusk|def|1
|-unboost|p1a: Great Tusk|spd|1
|-ability|p2a: Silver chariot|Weak Armor|boost
|-unboost|p2a: Silver chariot|def|1
|-boost|p2a: Silver chariot|spe|2
|move|p2a: Silver chariot|Swords Dance|p2a: Silver chariot
|-boost|p2a: Silver chariot|atk|2
|
|upkeep
|turn|16
|
|t:|1779860928
|-end|p1a: Great Tusk|Protosynthesis|[silent]
|switch|p1a: Tornadus|Tornadus-Therian, M|44/100
|-damage|p1a: Tornadus|19/100|[from] Stealth Rock
|move|p2a: Silver chariot|Bitter Blade|p1a: Tornadus
|-damage|p1a: Tornadus|0 fnt
|-heal|p2a: Silver chariot|12/100|[from] drain|[of] p1a: Tornadus
|faint|p1a: Tornadus
|
|upkeep
|
|t:|1779860934
|switch|p1a: Kingambit|Kingambit, M|81/100
|-damage|p1a: Kingambit|75/100|[from] Stealth Rock
|-damage|p1a: Kingambit|62/100|[from] Spikes
|-activate|p1a: Kingambit|ability: Supreme Overlord
|-start|p1a: Kingambit|fallen2|[silent]
|turn|17
|
|t:|1779860944
|move|p2a: Silver chariot|Shadow Sneak|p1a: Kingambit
|-resisted|p1a: Kingambit
|-damage|p1a: Kingambit|39/100
|move|p1a: Kingambit|Sucker Punch||[still]
|-fail|p1a: Kingambit
|
|-heal|p1a: Kingambit|46/100|[from] item: Leftovers
|upkeep
|turn|18
|
|t:|1779860949
|move|p2a: Silver chariot|Shadow Sneak|p1a: Kingambit
|-resisted|p1a: Kingambit
|-damage|p1a: Kingambit|22/100
|move|p1a: Kingambit|Sucker Punch||[still]
|-fail|p1a: Kingambit
|
|-heal|p1a: Kingambit|28/100|[from] item: Leftovers
|upkeep
|turn|19
|
|t:|1779860958
|move|p2a: Silver chariot|Bitter Blade|p1a: Kingambit
|-supereffective|p1a: Kingambit
|-damage|p1a: Kingambit|0 fnt
|-heal|p2a: Silver chariot|31/100|[from] drain|[of] p1a: Kingambit
|faint|p1a: Kingambit
|-end|p1a: Kingambit|fallen2|[silent]
|
|upkeep
|-message|Tankman123 forfeited.
|
|win|JotaroTheGreat
|raw|Tankman123's rating: 1572 &rarr; <strong>1554</strong><br />(-18 for losing)
|raw|JotaroTheGreat's rating: 1609 &rarr; <strong>1627</strong><br />(+18 for winning)
|l|☆JotaroTheGreat
|player|p2|
