|j|☆Cheesefriezz
|j|☆Jpglark
|t:|1779824552
|gametype|singles
|player|p1|Cheesefriezz|n|1063
|player|p2|Jpglark|1|1098
|gen|9
|tier|[Gen 9] OU
|rated|
|rule|HP Percentage Mod: HP is shown in percentages
|rule|Endless Battle Clause: Forcing endless battles is banned
|rule|Species Clause: Limit one of each Pokémon
|rule|OHKO Clause: OHKO moves are banned
|rule|Evasion Items Clause: Evasion items are banned
|rule|Evasion Moves Clause: Evasion moves are banned
|rule|Evasion Abilities Clause: Evasion abilities are banned
|rule|Sleep Moves Clause: Sleep-inducing moves are banned
|clearpoke
|poke|p1|Samurott-Hisui, M|
|poke|p1|Leafeon, M|
|poke|p1|Moltres|
|poke|p1|Ninetales, F|
|poke|p1|Kommo-o, M|
|poke|p1|Krookodile, F|
|poke|p2|Garganacl, F|
|poke|p2|Iron Valiant|
|poke|p2|Dondozo, M|
|poke|p2|Dragonite, F|
|poke|p2|Landorus-Therian, M|
|poke|p2|Alomomola, M|
|teampreview
|
|t:|1779824560
|teamsize|p1|6
|teamsize|p2|6
|start
|switch|p1a: Gabriel|Krookodile, F|100/100
|switch|p2a: Garganacl|Garganacl, F|100/100
|-ability|p1a: Gabriel|Intimidate|boost
|-fail|p2a: Garganacl|unboost|[from] ability: Clear Body|[of] p2a: Garganacl
|turn|1
|
|t:|1779824570
|move|p1a: Gabriel|Earthquake|p2a: Garganacl
|-supereffective|p2a: Garganacl
|-damage|p2a: Garganacl|47/100
|move|p2a: Garganacl|Stealth Rock|p1a: Gabriel
|-sidestart|p1: Cheesefriezz|move: Stealth Rock
|
|-heal|p2a: Garganacl|53/100|[from] item: Leftovers
|upkeep
|turn|2
|
|t:|1779824579
|move|p1a: Gabriel|Stealth Rock|p2a: Garganacl
|-sidestart|p2: Jpglark|move: Stealth Rock
|move|p2a: Garganacl|Recover|p2a: Garganacl
|-heal|p2a: Garganacl|100/100
|
|upkeep
|turn|3
|
|t:|1779824586
|move|p1a: Gabriel|Earthquake|p2a: Garganacl
|-supereffective|p2a: Garganacl
|-damage|p2a: Garganacl|50/100
|move|p2a: Garganacl|Salt Cure|p1a: Gabriel
|-resisted|p1a: Gabriel
|-damage|p1a: Gabriel|91/100
|-start|p1a: Gabriel|Salt Cure
|
|-heal|p2a: Garganacl|56/100|[from] item: Leftovers
|-damage|p1a: Gabriel|78/100|[from] Salt Cure
|upkeep
|turn|4
|
|t:|1779824597
|move|p2a: Garganacl|Protect|p2a: Garganacl
|-singleturn|p2a: Garganacl|Protect
|move|p1a: Gabriel|Earthquake|p2a: Garganacl
|-activate|p2a: Garganacl|move: Protect
|
|-heal|p2a: Garganacl|63/100|[from] item: Leftovers
|-damage|p1a: Gabriel|66/100|[from] Salt Cure
|upkeep
|turn|5
|
|t:|1779824606
|move|p1a: Gabriel|Knock Off|p2a: Garganacl
|-damage|p2a: Garganacl|38/100
|-enditem|p2a: Garganacl|Leftovers|[from] move: Knock Off|[of] p1a: Gabriel
|move|p2a: Garganacl|Recover|p2a: Garganacl
|-heal|p2a: Garganacl|88/100
|
|-damage|p1a: Gabriel|53/100|[from] Salt Cure
|upkeep
|turn|6
|
|t:|1779824617
|switch|p1a: Ima dive in|Samurott-Hisui, M|100/100
|-damage|p1a: Ima dive in|88/100|[from] Stealth Rock
|move|p2a: Garganacl|Protect||[still]
|-fail|p2a: Garganacl
|
|upkeep
|turn|7
|
|t:|1779824629
|move|p1a: Ima dive in|Razor Shell|p2a: Garganacl
|-supereffective|p2a: Garganacl
|-damage|p2a: Garganacl|34/100
|move|p2a: Garganacl|Salt Cure|p1a: Ima dive in
|-damage|p1a: Ima dive in|68/100
|-start|p1a: Ima dive in|Salt Cure
|
|-damage|p1a: Ima dive in|43/100|[from] Salt Cure
|upkeep
|turn|8
|
|t:|1779824639
|move|p2a: Garganacl|Protect|p2a: Garganacl
|-singleturn|p2a: Garganacl|Protect
|move|p1a: Ima dive in|Flip Turn|p2a: Garganacl
|-activate|p2a: Garganacl|move: Protect
|
|-damage|p1a: Ima dive in|18/100|[from] Salt Cure
|upkeep
|turn|9
|
|t:|1779824650
|move|p1a: Ima dive in|Flip Turn|p2a: Garganacl
|-supereffective|p2a: Garganacl
|-crit|p2a: Garganacl
|-damage|p2a: Garganacl|0 fnt
|faint|p2a: Garganacl
|
|t:|1779824655
|switch|p1a: six tails|Ninetales, F, shiny|100/100|[from] Flip Turn
|-damage|p1a: six tails|76/100|[from] Stealth Rock
|-weather|SunnyDay|[from] ability: Drought|[of] p1a: six tails
|
|-weather|SunnyDay|[upkeep]
|upkeep
|
|t:|1779824664
|switch|p2a: Dondozo|Dondozo, M|100/100
|-damage|p2a: Dondozo|88/100|[from] Stealth Rock
|turn|10
|
|t:|1779824669
|move|p1a: six tails|Will-O-Wisp|p2a: Dondozo
|-status|p2a: Dondozo|brn
|move|p2a: Dondozo|Wave Crash|p1a: six tails
|-supereffective|p1a: six tails
|-damage|p1a: six tails|38/100
|-damage|p2a: Dondozo|81/100 brn|[from] Recoil
|
|-weather|SunnyDay|[upkeep]
|-heal|p2a: Dondozo|87/100 brn|[from] item: Leftovers
|-damage|p2a: Dondozo|81/100 brn|[from] brn
|upkeep
|turn|11
|
|t:|1779824682
|move|p1a: six tails|Encore|p2a: Dondozo
|-start|p2a: Dondozo|Encore
|move|p2a: Dondozo|Wave Crash|p1a: six tails
|-supereffective|p1a: six tails
|-damage|p1a: six tails|3/100
|-damage|p2a: Dondozo|74/100 brn|[from] Recoil
|
|-weather|SunnyDay|[upkeep]
|-heal|p2a: Dondozo|80/100 brn|[from] item: Leftovers
|-damage|p2a: Dondozo|74/100 brn|[from] brn
|upkeep
|turn|12
|
|t:|1779824694
|move|p1a: six tails|Hex|p2a: Dondozo
|-damage|p2a: Dondozo|44/100 brn
|move|p2a: Dondozo|Wave Crash|p1a: six tails
|-supereffective|p1a: six tails
|-damage|p1a: six tails|0 fnt
|faint|p1a: six tails
|-damage|p2a: Dondozo|44/100 brn|[from] Recoil
|
|-weather|SunnyDay|[upkeep]
|-heal|p2a: Dondozo|50/100 brn|[from] item: Leftovers
|-damage|p2a: Dondozo|44/100 brn|[from] brn
|upkeep
|
|t:|1779824699
|switch|p1a: Melo|Leafeon, M, shiny|100/100
|-damage|p1a: Melo|88/100|[from] Stealth Rock
|turn|13
|
|t:|1779824716
|switch|p2a: Iron Valiant|Iron Valiant|100/100
|-damage|p2a: Iron Valiant|94/100|[from] Stealth Rock
|-enditem|p2a: Iron Valiant|Booster Energy
|-activate|p2a: Iron Valiant|ability: Quark Drive|[fromitem]
|-start|p2a: Iron Valiant|quarkdriveatk
|move|p1a: Melo|Swords Dance|p1a: Melo
|-boost|p1a: Melo|atk|2
|
|-weather|SunnyDay|[upkeep]
|upkeep
|turn|14
|
|t:|1779824728
|move|p1a: Melo|Leaf Blade|p2a: Iron Valiant
|-damage|p2a: Iron Valiant|0 fnt
|faint|p2a: Iron Valiant
|-end|p2a: Iron Valiant|Quark Drive|[silent]
|-damage|p1a: Melo|78/100|[from] item: Life Orb
|
|-weather|SunnyDay|[upkeep]
|upkeep
|
|t:|1779824738
|switch|p2a: Landorus|Landorus-Therian, M|100/100
|-damage|p2a: Landorus|88/100|[from] Stealth Rock
|-ability|p2a: Landorus|Intimidate|boost
|-unboost|p1a: Melo|atk|1
|turn|15
|
|t:|1779824744
|move|p1a: Melo|Leaf Blade|p2a: Landorus
|-damage|p2a: Landorus|6/100
|-damage|p1a: Melo|68/100|[from] item: Life Orb
|move|p2a: Landorus|Earthquake|p1a: Melo
|-resisted|p1a: Melo
|-damage|p1a: Melo|45/100
|
|-weather|SunnyDay|[upkeep]
|upkeep
|turn|16
|
|t:|1779824757
|move|p1a: Melo|Leaf Blade|p2a: Landorus
|-damage|p2a: Landorus|0 fnt
|faint|p2a: Landorus
|-damage|p1a: Melo|35/100|[from] item: Life Orb
|
|-weather|none
|upkeep
|
|t:|1779824764
|switch|p2a: Dragonite|Dragonite, F|100/100
|-damage|p2a: Dragonite|75/100|[from] Stealth Rock
|turn|17
|
|t:|1779824771
|move|p2a: Dragonite|Extreme Speed|p1a: Melo
|-damage|p1a: Melo|2/100
|move|p1a: Melo|Knock Off|p2a: Dragonite
|-crit|p2a: Dragonite
|-damage|p2a: Dragonite|0 fnt
|-enditem|p2a: Dragonite|Leftovers|[from] move: Knock Off|[of] p1a: Melo
|faint|p2a: Dragonite
|-damage|p1a: Melo|0 fnt|[from] item: Life Orb
|faint|p1a: Melo
|
|upkeep
|c|☆Cheesefriezz|holy shit
|
|t:|1779824783
|switch|p1a: Ima dive in|Samurott-Hisui, M|18/100
|switch|p2a: Alomomola|Alomomola, M|100/100
|-damage|p1a: Ima dive in|6/100|[from] Stealth Rock
|turn|18
|
|t:|1779824792
|move|p1a: Ima dive in|Ceaseless Edge|p2a: Alomomola
|-damage|p2a: Alomomola|76/100
|-sidestart|p2: Jpglark|Spikes
|move|p2a: Alomomola|Scald|p1a: Ima dive in
|-resisted|p1a: Ima dive in
|-damage|p1a: Ima dive in|0 fnt
|faint|p1a: Ima dive in
|
|upkeep
|
|t:|1779824802
|switch|p1a: Supa Hot Fire|Moltres|100/100
|turn|19
|
|t:|1779824808
|move|p1a: Supa Hot Fire|Air Slash|p2a: Alomomola
|-damage|p2a: Alomomola|27/100
|cant|p2a: Alomomola|flinch
|
|upkeep
|turn|20
|
|t:|1779824814
|move|p1a: Supa Hot Fire|Air Slash|p2a: Alomomola
|-damage|p2a: Alomomola|0 fnt
|faint|p2a: Alomomola
|
|upkeep
|
|t:|1779824819
|switch|p2a: Dondozo|Dondozo, M|44/100 brn
|-damage|p2a: Dondozo|32/100 brn|[from] Stealth Rock
|-damage|p2a: Dondozo|19/100 brn|[from] Spikes
|turn|21
|
|t:|1779824826
|move|p1a: Supa Hot Fire|Air Slash|p2a: Dondozo
|-damage|p2a: Dondozo|0 fnt
|faint|p2a: Dondozo
|
|win|Cheesefriezz
|raw|Cheesefriezz's rating: 1063 &rarr; <strong>1097</strong><br />(+34 for winning)
|raw|Jpglark's rating: 1098 &rarr; <strong>1071</strong><br />(-27 for losing)
