|j|☆Abbamaster
|j|☆BlaziKennedy
|t:|1779928260
|gametype|singles
|player|p1|Abbamaster|giovanni|1095
|player|p2|BlaziKennedy|lucas|1067
|gen|9
|tier|[Gen 9] OU
|rated|
|rule|HP Percentage Mod: HP is shown in percentages
|rule|Endless Battle Clause: Forcing endless battles is banned
|rule|Species Clause: Limit one of each Pokémon
|rule|OHKO Clause: OHKO moves are banned
|rule|Evasion Items Clause: Evasion items are banned
|rule|Evasion Moves Clause: Evasion moves are banned
|rule|Evasion Abilities Clause: Evasion abilities are banned
|rule|Sleep Moves Clause: Sleep-inducing moves are banned
|clearpoke
|poke|p1|Clawitzer, M|
|poke|p1|Eelektross, F|
|poke|p1|Ariados, F|
|poke|p1|Malamar, F|
|poke|p1|Cacturne, M|
|poke|p1|Dodrio, M|
|poke|p2|Hydrapple, M|
|poke|p2|Samurott-Hisui, M|
|poke|p2|Great Tusk|
|poke|p2|Volcanion|
|poke|p2|Gholdengo|
|poke|p2|Landorus-Therian, M|
|teampreview
|c|☆Abbamaster|I put together a ZU team
|inactive|Battle timer is ON: inactive players will automatically lose when time's up. (requested by BlaziKennedy)
|c|☆Abbamaster|I wonder how well it performs in OU
|
|t:|1779928281
|teamsize|p1|6
|teamsize|p2|6
|start
|switch|p1a: Cacturne|Cacturne, M|100/100
|switch|p2a: 757|Samurott-Hisui, M|100/100
|turn|1
|
|t:|1779928286
|move|p1a: Cacturne|Spiky Shield|p1a: Cacturne
|-singleturn|p1a: Cacturne|move: Protect
|move|p2a: 757|Ceaseless Edge|p1a: Cacturne
|-activate|p1a: Cacturne|move: Protect
|-damage|p2a: 757|88/100|[from] Spiky Shield|[of] p1a: Cacturne
|
|upkeep
|turn|2
|
|t:|1779928295
|move|p2a: 757|Ceaseless Edge|p1a: Cacturne
|-resisted|p1a: Cacturne
|-damage|p1a: Cacturne|70/100
|-sidestart|p1: Abbamaster|Spikes
|move|p1a: Cacturne|Toxic Spikes|p2a: 757
|-sidestart|p2: BlaziKennedy|move: Toxic Spikes
|
|-heal|p1a: Cacturne|76/100|[from] item: Leftovers
|upkeep
|turn|3
|
|t:|1779928303
|move|p2a: 757|Ceaseless Edge|p1a: Cacturne
|-resisted|p1a: Cacturne
|-damage|p1a: Cacturne|48/100
|-sidestart|p1: Abbamaster|Spikes
|move|p1a: Cacturne|Toxic Spikes|p2a: 757
|-sidestart|p2: BlaziKennedy|move: Toxic Spikes
|
|-heal|p1a: Cacturne|54/100|[from] item: Leftovers
|upkeep
|turn|4
|
|t:|1779928312
|move|p2a: 757|Ceaseless Edge|p1a: Cacturne
|-resisted|p1a: Cacturne
|-damage|p1a: Cacturne|26/100
|-sidestart|p1: Abbamaster|Spikes
|move|p1a: Cacturne|Leech Seed|p2a: 757
|-start|p2a: 757|move: Leech Seed
|
|-heal|p1a: Cacturne|32/100|[from] item: Leftovers
|-damage|p2a: 757|76/100|[from] Leech Seed|[of] p1a: Cacturne
|-heal|p1a: Cacturne|46/100|[silent]
|upkeep
|turn|5
|
|t:|1779928324
|switch|p2a: Lando Obesity|Landorus-Therian, M|100/100
|-ability|p2a: Lando Obesity|Intimidate|boost
|-unboost|p1a: Cacturne|atk|1
|move|p1a: Cacturne|Spiky Shield||[still]
|-fail|p1a: Cacturne
|
|-heal|p1a: Cacturne|52/100|[from] item: Leftovers
|upkeep
|turn|6
|
|t:|1779928331
|move|p1a: Cacturne|Spiky Shield|p1a: Cacturne
|-singleturn|p1a: Cacturne|move: Protect
|move|p2a: Lando Obesity|Stone Edge|p1a: Cacturne
|-activate|p1a: Cacturne|move: Protect
|
|-heal|p1a: Cacturne|58/100|[from] item: Leftovers
|upkeep
|turn|7
|
|t:|1779928338
|move|p1a: Cacturne|Sucker Punch|p2a: Lando Obesity
|-damage|p2a: Lando Obesity|71/100
|move|p2a: Lando Obesity|Stone Edge|p1a: Cacturne
|-damage|p1a: Cacturne|0 fnt
|faint|p1a: Cacturne
|
|upkeep
|
|t:|1779928349
|switch|p1a: Dodrio|Dodrio, M|100/100
|turn|8
|
|t:|1779928361
|move|p1a: Dodrio|Tailwind|p1a: Dodrio
|-sidestart|p1: Abbamaster|move: Tailwind
|move|p2a: Lando Obesity|Stone Edge|p1a: Dodrio
|-supereffective|p1a: Dodrio
|-damage|p1a: Dodrio|0 fnt
|faint|p1a: Dodrio
|
|upkeep
|
|t:|1779928375
|switch|p1a: Malamar|Malamar, F|100/100
|-damage|p1a: Malamar|75/100|[from] Spikes
|turn|9
|
|t:|1779928383
|switch|p2a: Tuskin’ Kids|Great Tusk|100/100
|move|p1a: Malamar|Superpower|p2a: Tuskin’ Kids
|-damage|p2a: Tuskin’ Kids|73/100
|-boost|p1a: Malamar|atk|1
|-boost|p1a: Malamar|def|1
|
|upkeep
|turn|10
|
|t:|1779928395
|move|p1a: Malamar|Superpower|p2a: Tuskin’ Kids
|-crit|p2a: Tuskin’ Kids
|-damage|p2a: Tuskin’ Kids|18/100
|-boost|p1a: Malamar|atk|1
|-boost|p1a: Malamar|def|1
|move|p2a: Tuskin’ Kids|Rapid Spin|p1a: Malamar
|-damage|p1a: Malamar|66/100
|-boost|p2a: Tuskin’ Kids|spe|1
|-sideend|p2: BlaziKennedy|Toxic Spikes|[from] move: Rapid Spin|[of] p2a: Tuskin’ Kids
|
|upkeep
|turn|11
|
|t:|1779928404
|-end|p2a: Tuskin’ Kids|Protosynthesis|[silent]
|switch|p2a: Ghold Turkey|Gholdengo|100/100
|-item|p2a: Ghold Turkey|Air Balloon
|move|p1a: Malamar|Superpower|p2a: Ghold Turkey
|-immune|p2a: Ghold Turkey
|
|-sideend|p1: Abbamaster|move: Tailwind
|upkeep
|turn|12
|
|t:|1779928416
|switch|p2a: Lando Obesity|Landorus-Therian, M|71/100
|-ability|p2a: Lando Obesity|Intimidate|boost
|-boost|p1a: Malamar|atk|1
|move|p1a: Malamar|Light Screen|p1a: Malamar
|-sidestart|p1: Abbamaster|move: Light Screen
|
|upkeep
|turn|13
|
|t:|1779928424
|move|p2a: Lando Obesity|U-turn|p1a: Malamar
|-supereffective|p1a: Malamar
|-damage|p1a: Malamar|12/100
|
|t:|1779928427
|switch|p2a: 757|Samurott-Hisui, M|76/100|[from] U-turn
|move|p1a: Malamar|Superpower|p2a: 757
|-supereffective|p2a: 757
|-damage|p2a: 757|0 fnt
|-boost|p1a: Malamar|atk|1
|-boost|p1a: Malamar|def|1
|faint|p2a: 757
|
|upkeep
|
|t:|1779928436
|switch|p2a: Lando Obesity|Landorus-Therian, M|71/100
|-ability|p2a: Lando Obesity|Intimidate|boost
|-boost|p1a: Malamar|atk|1
|turn|14
|
|t:|1779928441
|move|p2a: Lando Obesity|U-turn|p1a: Malamar
|-supereffective|p1a: Malamar
|-damage|p1a: Malamar|0 fnt
|faint|p1a: Malamar
|
|t:|1779928447
|switch|p2a: Tuskin’ Kids|Great Tusk|18/100|[from] U-turn
|
|upkeep
|
|t:|1779928451
|switch|p1a: Clawitzer|Clawitzer, M|100/100
|-damage|p1a: Clawitzer|76/100|[from] Spikes
|turn|15
|
|t:|1779928458
|move|p2a: Tuskin’ Kids|Headlong Rush|p1a: Clawitzer
|-damage|p1a: Clawitzer|3/100
|-unboost|p2a: Tuskin’ Kids|def|1
|-unboost|p2a: Tuskin’ Kids|spd|1
|move|p1a: Clawitzer|Surf|p2a: Tuskin’ Kids
|-supereffective|p2a: Tuskin’ Kids
|-damage|p2a: Tuskin’ Kids|0 fnt
|faint|p2a: Tuskin’ Kids
|-end|p2a: Tuskin’ Kids|Protosynthesis|[silent]
|
|upkeep
|
|t:|1779928465
|switch|p2a: Lando Obesity|Landorus-Therian, M|71/100
|-ability|p2a: Lando Obesity|Intimidate|boost
|-unboost|p1a: Clawitzer|atk|1
|turn|16
|
|t:|1779928470
|move|p2a: Lando Obesity|U-turn|p1a: Clawitzer
|-damage|p1a: Clawitzer|0 fnt
|faint|p1a: Clawitzer
|
|t:|1779928476
|switch|p2a: I Love Arson|Volcanion|100/100|[from] U-turn
|
|upkeep
|
|t:|1779928481
|switch|p1a: Ariados|Ariados, F|100/100
|turn|17
|
|t:|1779928488
|move|p1a: Ariados|Protect|p1a: Ariados
|-singleturn|p1a: Ariados|Protect
|move|p2a: I Love Arson|Flamethrower|p1a: Ariados
|-activate|p1a: Ariados|move: Protect
|
|upkeep
|turn|18
|
|t:|1779928497
|move|p2a: I Love Arson|Flamethrower|p1a: Ariados
|-supereffective|p1a: Ariados
|-damage|p1a: Ariados|25/100
|move|p1a: Ariados|Sticky Web|p2a: I Love Arson
|-sidestart|p2: BlaziKennedy|move: Sticky Web
|
|upkeep
|turn|19
|
|t:|1779928505
|move|p1a: Ariados|Protect|p1a: Ariados
|-singleturn|p1a: Ariados|Protect
|move|p2a: I Love Arson|Flamethrower|p1a: Ariados
|-activate|p1a: Ariados|move: Protect
|
|-sideend|p1: Abbamaster|move: Light Screen
|upkeep
|turn|20
|
|t:|1779928511
|move|p2a: I Love Arson|Flamethrower|p1a: Ariados
|-supereffective|p1a: Ariados
|-damage|p1a: Ariados|0 fnt
|faint|p1a: Ariados
|
|upkeep
|
|t:|1779928515
|switch|p1a: Eelektross|Eelektross, F|100/100
|turn|21
|
|t:|1779928521
|switch|p2a: Lando Obesity|Landorus-Therian, M|71/100
|-ability|p2a: Lando Obesity|Intimidate|boost
|-unboost|p1a: Eelektross|atk|1
|move|p1a: Eelektross|Thunder Wave|p2a: Lando Obesity
|-immune|p2a: Lando Obesity
|
|upkeep
|turn|22
|
|t:|1779928534
|switch|p2a: I Love Arson|Volcanion|100/100
|move|p1a: Eelektross|Super Fang|p2a: I Love Arson
|-damage|p2a: I Love Arson|51/100
|
|upkeep
|turn|23
|
|t:|1779928541
|move|p2a: I Love Arson|Steam Eruption|p1a: Eelektross
|-damage|p1a: Eelektross|40/100
|-status|p1a: Eelektross|brn
|move|p1a: Eelektross|Knock Off|p2a: I Love Arson
|-damage|p2a: I Love Arson|42/100
|-enditem|p2a: I Love Arson|Heavy-Duty Boots|[from] move: Knock Off|[of] p1a: Eelektross
|
|-damage|p1a: Eelektross|33/100 brn|[from] brn
|upkeep
|turn|24
|
|t:|1779928553
|move|p2a: I Love Arson|Steam Eruption|p1a: Eelektross
|-damage|p1a: Eelektross|0 fnt
|faint|p1a: Eelektross
|
|win|BlaziKennedy
|raw|Abbamaster's rating: 1095 &rarr; <strong>1069</strong><br />(-26 for losing)
|raw|BlaziKennedy's rating: 1067 &rarr; <strong>1099</strong><br />(+32 for winning)
|c|☆Abbamaster|ggs
|l|☆Abbamaster
|player|p1|
|l|☆BlaziKennedy
|player|p2|
