|j|☆Pelogrulla72
|j|☆jsf130808
|t:|1779894960
|gametype|singles
|player|p1|Pelogrulla72|erika|1119
|player|p2|jsf130808|dahlia|1129
|gen|9
|tier|[Gen 9] OU
|rated|
|rule|HP Percentage Mod: HP is shown in percentages
|rule|Endless Battle Clause: Forcing endless battles is banned
|rule|Species Clause: Limit one of each Pokémon
|rule|OHKO Clause: OHKO moves are banned
|rule|Evasion Items Clause: Evasion items are banned
|rule|Evasion Moves Clause: Evasion moves are banned
|rule|Evasion Abilities Clause: Evasion abilities are banned
|rule|Sleep Moves Clause: Sleep-inducing moves are banned
|clearpoke
|poke|p1|Ninetales, M|
|poke|p1|Victreebel, M|
|poke|p1|Venusaur, M|
|poke|p1|Great Tusk|
|poke|p1|Raging Bolt|
|poke|p1|Cinderace, M|
|poke|p2|Haxorus, M|
|poke|p2|Sandy Shocks|
|poke|p2|Iron Valiant|
|poke|p2|Iron Leaves|
|poke|p2|Gholdengo|
|poke|p2|Garchomp, F|
|teampreview
|
|t:|1779894969
|teamsize|p1|6
|teamsize|p2|6
|start
|switch|p1a: Lorenzo|Ninetales, M|100/100
|switch|p2a: Seven|Garchomp, F, shiny|100/100
|-weather|SunnyDay|[from] ability: Drought|[of] p1a: Lorenzo
|turn|1
|inactive|Battle timer is ON: inactive players will automatically lose when time's up. (requested by Pelogrulla72)
|
|t:|1779894982
|switch|p1a: Extremoduro|Great Tusk, shiny|100/100
|-activate|p1a: Extremoduro|ability: Protosynthesis
|-start|p1a: Extremoduro|protosynthesisatk
|move|p2a: Seven|Swords Dance|p2a: Seven
|-boost|p2a: Seven|atk|2
|
|-weather|SunnyDay|[upkeep]
|upkeep
|turn|2
|
|t:|1779894999
|move|p2a: Seven|Scale Shot|p1a: Extremoduro
|-damage|p1a: Extremoduro|84/100
|-damage|p1a: Extremoduro|64/100
|-damage|p1a: Extremoduro|46/100
|-damage|p1a: Extremoduro|28/100
|-damage|p1a: Extremoduro|11/100
|-hitcount|p1a: Extremoduro|5
|-unboost|p2a: Seven|def|1
|-boost|p2a: Seven|spe|1
|move|p1a: Extremoduro|Ice Spinner|p2a: Seven
|-supereffective|p2a: Seven
|-damage|p2a: Seven|0 fnt
|-damage|p1a: Extremoduro|0 fnt|[from] ability: Rough Skin|[of] p2a: Seven
|faint|p2a: Seven
|faint|p1a: Extremoduro
|-end|p1a: Extremoduro|Protosynthesis|[silent]
|
|-weather|SunnyDay|[upkeep]
|upkeep
|
|t:|1779895027
|switch|p2a: Bip|Iron Leaves|100/100
|switch|p1a: The World|Victreebel, M, shiny|100/100
|-enditem|p2a: Bip|Booster Energy
|-activate|p2a: Bip|ability: Quark Drive|[fromitem]
|-start|p2a: Bip|quarkdriveatk
|turn|3
|
|t:|1779895041
|-terastallize|p1a: The World|Steel
|move|p1a: The World|Growth|p1a: The World
|-boost|p1a: The World|atk|2
|-boost|p1a: The World|spa|2
|move|p2a: Bip|Psyblade|p1a: The World
|-resisted|p1a: The World
|-damage|p1a: The World|59/100
|
|-weather|SunnyDay|[upkeep]
|upkeep
|turn|4
|
|t:|1779895050
|move|p1a: The World|Weather Ball|p2a: Bip
|-supereffective|p2a: Bip
|-damage|p2a: Bip|0 fnt
|faint|p2a: Bip
|-end|p2a: Bip|Quark Drive|[silent]
|-damage|p1a: The World|49/100|[from] item: Life Orb
|
|-weather|SunnyDay|[upkeep]
|upkeep
|c|☆Pelogrulla72|Za Warudo
|inactive|jsf130808 has 120 seconds left.
|c|☆jsf130808|?
|
|t:|1779895071
|switch|p2a: Jeeve|Sandy Shocks, shiny|100/100
|-activate|p2a: Jeeve|ability: Protosynthesis
|-start|p2a: Jeeve|protosynthesisspa
|turn|5
|inactive|jsf130808 has 120 seconds left.
|
|t:|1779895079
|move|p1a: The World|Solar Beam||[still]
|-prepare|p1a: The World|Solar Beam
|-anim|p1a: The World|Solar Beam|p2a: Jeeve
|-supereffective|p2a: Jeeve
|-damage|p2a: Jeeve|0 fnt
|faint|p2a: Jeeve
|-end|p2a: Jeeve|Protosynthesis|[silent]
|-damage|p1a: The World|39/100|[from] item: Life Orb
|
|-weather|SunnyDay|[upkeep]
|upkeep
|inactive|jsf130808 has 120 seconds left.
|
|t:|1779895087
|switch|p2a: Dino|Iron Valiant|100/100
|-enditem|p2a: Dino|Booster Energy
|-activate|p2a: Dino|ability: Quark Drive|[fromitem]
|-start|p2a: Dino|quarkdrivespe
|turn|6
|c|☆Pelogrulla72|is a jojo ref
|c|☆jsf130808|Ah
|
|t:|1779895096
|move|p2a: Dino|Calm Mind|p2a: Dino
|-boost|p2a: Dino|spa|1
|-boost|p2a: Dino|spd|1
|move|p1a: The World|Sludge Bomb|p2a: Dino
|-supereffective|p2a: Dino
|-damage|p2a: Dino|0 fnt
|faint|p2a: Dino
|-end|p2a: Dino|Quark Drive|[silent]
|-damage|p1a: The World|29/100|[from] item: Life Orb
|
|-weather|SunnyDay|[upkeep]
|upkeep
|
|t:|1779895105
|switch|p2a: Pichatku|Gholdengo|100/100
|turn|7
|
|t:|1779895111
|move|p1a: The World|Weather Ball|p2a: Pichatku
|-supereffective|p2a: Pichatku
|-damage|p2a: Pichatku|0 fnt
|faint|p2a: Pichatku
|-damage|p1a: The World|19/100|[from] item: Life Orb
|
|-weather|SunnyDay|[upkeep]
|upkeep
|
|t:|1779895117
|switch|p2a: Josef|Haxorus, M, shiny|100/100
|-ability|p2a: Josef|Mold Breaker
|turn|8
|
|t:|1779895123
|move|p1a: The World|Sludge Bomb|p2a: Josef
|-damage|p2a: Josef|0 fnt
|faint|p2a: Josef
|-damage|p1a: The World|9/100|[from] item: Life Orb
|
|win|Pelogrulla72
|raw|Pelogrulla72's rating: 1119 &rarr; <strong>1145</strong><br />(+26 for winning)
|raw|jsf130808's rating: 1129 &rarr; <strong>1103</strong><br />(-26 for losing)
|c|☆Pelogrulla72|gg
|c|☆jsf130808|gg
|l|☆Pelogrulla72
|player|p1|
|l|☆jsf130808
|player|p2|
