|badge|p1|bronze|gen9ubers|100-9
|uhtml|medal-msg|<div class="broadcast-blue">Curious what those medals under the avatar are? PS now has Ladder Seasons! For more information, check out the <a href="https://www.smogon.com/forums/threads/3740067/">thread on Smogon.</a></div>
|j|☆itztrip
|j|☆louwilliamzz
|t:|1779902747
|gametype|singles
|player|p1|itztrip|proton|1561
|player|p2|louwilliamzz|1|1509
|gen|9
|tier|[Gen 9] OU
|rated|
|rule|HP Percentage Mod: HP is shown in percentages
|rule|Endless Battle Clause: Forcing endless battles is banned
|rule|Species Clause: Limit one of each Pokémon
|rule|OHKO Clause: OHKO moves are banned
|rule|Evasion Items Clause: Evasion items are banned
|rule|Evasion Moves Clause: Evasion moves are banned
|rule|Evasion Abilities Clause: Evasion abilities are banned
|rule|Sleep Moves Clause: Sleep-inducing moves are banned
|clearpoke
|poke|p1|Darkrai|
|poke|p1|Garchomp, F|
|poke|p1|Alomomola, F|
|poke|p1|Corviknight, M|
|poke|p1|Weezing-Galar, F|
|poke|p1|Ogerpon, F|
|poke|p2|Ninetales-Alola, F|
|poke|p2|Forretress, M|
|poke|p2|Kyurem|
|poke|p2|Landorus-Therian, M|
|poke|p2|Slowking-Galar, M|
|poke|p2|Quaquaval, M|
|teampreview
|inactive|Battle timer is ON: inactive players will automatically lose when time's up. (requested by itztrip)
|
|t:|1779902755
|teamsize|p1|6
|teamsize|p2|6
|start
|switch|p1a: Darkrai|Darkrai|100/100
|switch|p2a: Ninetales|Ninetales-Alola, F, shiny|100/100
|-weather|Snowscape|[from] ability: Snow Warning|[of] p2a: Ninetales
|turn|1
|
|t:|1779902766
|switch|p2a: Slowking|Slowking-Galar, M|100/100
|move|p1a: Darkrai|Trick|p2a: Slowking
|-activate|p1a: Darkrai|move: Trick|[of] p2a: Slowking
|-item|p2a: Slowking|Choice Specs|[from] move: Trick
|-item|p1a: Darkrai|Heavy-Duty Boots|[from] move: Trick
|
|-weather|Snowscape|[upkeep]
|upkeep
|turn|2
|
|t:|1779902778
|switch|p1a: Alomomola|Alomomola, F|100/100
|move|p2a: Slowking|Toxic|p1a: Alomomola
|-status|p1a: Alomomola|tox
|
|-weather|Snowscape|[upkeep]
|-damage|p1a: Alomomola|94/100 tox|[from] psn
|upkeep
|turn|3
|
|t:|1779902785
|switch|p2a: Ninetales|Ninetales-Alola, F, shiny|100/100
|move|p1a: Alomomola|Flip Turn|p2a: Ninetales
|-damage|p2a: Ninetales|87/100
|
|t:|1779902790
|switch|p1a: Weezing|Weezing-Galar, F|100/100|[from] Flip Turn
|-ability|p1a: Weezing|Neutralizing Gas
|
|-weather|Snowscape|[upkeep]
|upkeep
|turn|4
|
|t:|1779902795
|move|p2a: Ninetales|Aurora Veil|p2a: Ninetales
|-sidestart|p2: louwilliamzz|move: Aurora Veil
|move|p1a: Weezing|Sludge Bomb|p2a: Ninetales
|-supereffective|p2a: Ninetales
|-damage|p2a: Ninetales|63/100
|
|-weather|Snowscape|[upkeep]
|upkeep
|turn|5
|j| whatevadontcare
|
|t:|1779902801
|switch|p2a: Slowking|Slowking-Galar, M|100/100
|move|p1a: Weezing|Will-O-Wisp|p2a: Slowking
|-status|p2a: Slowking|brn
|
|-weather|none
|-damage|p2a: Slowking|94/100 brn|[from] brn
|upkeep
|turn|6
|
|t:|1779902806
|-end|p1a: Weezing|ability: Neutralizing Gas
|switch|p1a: Alomomola|Alomomola, F|100/100 tox
|move|p2a: Slowking|Future Sight|p1a: Alomomola
|-start|p2a: Slowking|move: Future Sight
|
|-damage|p1a: Alomomola|94/100 tox|[from] psn
|-damage|p2a: Slowking|88/100 brn|[from] brn
|upkeep
|turn|7
|
|t:|1779902817
|switch|p2a: Kyurem|Kyurem|100/100
|-ability|p2a: Kyurem|Pressure
|move|p1a: Alomomola|Flip Turn|p2a: Kyurem
|-resisted|p2a: Kyurem
|-damage|p2a: Kyurem|97/100
|
|t:|1779902823
|switch|p1a: Darkrai|Darkrai|100/100|[from] Flip Turn
|
|upkeep
|turn|8
|
|t:|1779902832
|move|p1a: Darkrai|Trick|p2a: Kyurem
|-activate|p1a: Darkrai|move: Trick|[of] p2a: Kyurem
|-item|p2a: Kyurem|Heavy-Duty Boots|[from] move: Trick
|-item|p1a: Darkrai|Choice Specs|[from] move: Trick
|move|p2a: Kyurem|Draco Meteor|p1a: Darkrai
|-damage|p1a: Darkrai|10/100
|-unboost|p2a: Kyurem|spa|2
|
|-end|p1a: Darkrai|move: Future Sight
|-immune|p1a: Darkrai
|upkeep
|turn|9
|
|t:|1779902847
|switch|p1a: Alomomola|Alomomola, F|100/100 tox
|switch|p2a: Slowking|Slowking-Galar, M|100/100 brn
|
|-damage|p1a: Alomomola|94/100 tox|[from] psn
|-damage|p2a: Slowking|94/100 brn|[from] brn
|upkeep
|turn|10
|
|t:|1779902854
|move|p1a: Alomomola|Flip Turn|p2a: Slowking
|-damage|p2a: Slowking|86/100 brn
|
|t:|1779902857
|switch|p1a: Corviknight|Corviknight, M|100/100|[from] Flip Turn
|-ability|p1a: Corviknight|Pressure
|move|p2a: Slowking|Future Sight|p1a: Corviknight
|-start|p2a: Slowking|move: Future Sight
|
|-damage|p2a: Slowking|80/100 brn|[from] brn
|upkeep
|turn|11
|
|t:|1779902868
|switch|p2a: Ninetales|Ninetales-Alola, F, shiny|63/100
|-weather|Snowscape|[from] ability: Snow Warning|[of] p2a: Ninetales
|move|p1a: Corviknight|U-turn|p2a: Ninetales
|-resisted|p2a: Ninetales
|-damage|p2a: Ninetales|60/100
|
|t:|1779902873
|switch|p1a: Ogerpon|Ogerpon, F|100/100|[from] U-turn
|
|-weather|Snowscape|[upkeep]
|-sideend|p2: louwilliamzz|move: Aurora Veil
|upkeep
|turn|12
|
|t:|1779902882
|switch|p1a: Darkrai|Darkrai|10/100
|switch|p2a: Forretress|Forretress, M, shiny|100/100
|
|-weather|Snowscape|[upkeep]
|-end|p1a: Darkrai|move: Future Sight
|-immune|p1a: Darkrai
|upkeep
|turn|13
|
|t:|1779902902
|switch|p2a: Slowking|Slowking-Galar, M|100/100 brn
|move|p1a: Darkrai|Dark Pulse|p2a: Slowking
|-supereffective|p2a: Slowking
|-damage|p2a: Slowking|25/100 brn
|
|-weather|Snowscape|[upkeep]
|-damage|p2a: Slowking|19/100 brn|[from] brn
|upkeep
|turn|14
|
|t:|1779902921
|move|p1a: Darkrai|Dark Pulse|p2a: Slowking
|-supereffective|p2a: Slowking
|-damage|p2a: Slowking|0 fnt
|faint|p2a: Slowking
|
|-weather|Snowscape|[upkeep]
|upkeep
|
|t:|1779902928
|switch|p2a: Landorus|Landorus-Therian, M|100/100
|-ability|p2a: Landorus|Intimidate|boost
|-unboost|p1a: Darkrai|atk|1
|turn|15
|
|t:|1779902931
|switch|p1a: Corviknight|Corviknight, M|100/100
|-ability|p1a: Corviknight|Pressure
|move|p2a: Landorus|U-turn|p1a: Corviknight
|-resisted|p1a: Corviknight
|-damage|p1a: Corviknight|95/100
|
|t:|1779902936
|switch|p2a: Kyurem|Kyurem|97/100|[from] U-turn
|-ability|p2a: Kyurem|Pressure
|
|-weather|none
|upkeep
|turn|16
|
|t:|1779902944
|move|p2a: Kyurem|Freeze-Dry|p1a: Corviknight
|-damage|p1a: Corviknight|69/100
|move|p1a: Corviknight|U-turn|p2a: Kyurem
|-damage|p2a: Kyurem|84/100
|
|t:|1779902949
|switch|p1a: Alomomola|Alomomola, F|100/100 tox|[from] U-turn
|
|-damage|p1a: Alomomola|94/100 tox|[from] psn
|upkeep
|turn|17
|
|t:|1779902952
|switch|p2a: Ninetales|Ninetales-Alola, F, shiny|60/100
|-weather|Snowscape|[from] ability: Snow Warning|[of] p2a: Ninetales
|move|p1a: Alomomola|Flip Turn|p2a: Ninetales
|-damage|p2a: Ninetales|45/100
|
|t:|1779902955
|switch|p1a: Ogerpon|Ogerpon, F|100/100|[from] Flip Turn
|
|-weather|Snowscape|[upkeep]
|upkeep
|turn|18
|
|t:|1779902961
|switch|p2a: Forretress|Forretress, M, shiny|100/100
|move|p1a: Ogerpon|Ivy Cudgel|p2a: Forretress
|-resisted|p2a: Forretress
|-crit|p2a: Forretress
|-damage|p2a: Forretress|90/100
|
|-weather|Snowscape|[upkeep]
|-heal|p2a: Forretress|97/100|[from] item: Leftovers
|upkeep
|turn|19
|
|t:|1779902975
|move|p1a: Ogerpon|Knock Off|p2a: Forretress
|-damage|p2a: Forretress|79/100
|-enditem|p2a: Forretress|Leftovers|[from] move: Knock Off|[of] p1a: Ogerpon
|move|p2a: Forretress|Spikes|p1a: Ogerpon
|-sidestart|p1: itztrip|Spikes
|
|-weather|Snowscape|[upkeep]
|upkeep
|turn|20
|
|t:|1779902986
|move|p1a: Ogerpon|Encore|p2a: Forretress
|-start|p2a: Forretress|Encore
|move|p2a: Forretress|Spikes|p1a: Ogerpon
|-sidestart|p1: itztrip|Spikes
|
|-weather|Snowscape|[upkeep]
|upkeep
|turn|21
|
|t:|1779902991
|switch|p2a: Landorus|Landorus-Therian, M|100/100
|-ability|p2a: Landorus|Intimidate|boost
|-unboost|p1a: Ogerpon|atk|1
|-ability|p1a: Ogerpon|Defiant|boost
|-boost|p1a: Ogerpon|atk|2
|move|p1a: Ogerpon|Swords Dance|p1a: Ogerpon
|-boost|p1a: Ogerpon|atk|2
|
|-weather|none
|upkeep
|turn|22
|
|t:|1779902997
|-terastallize|p1a: Ogerpon|Grass
|detailschange|p1a: Ogerpon|Ogerpon-Teal-Tera, F, tera:Grass
|-ability|p1a: Ogerpon|Embody Aspect (Teal)|boost
|-boost|p1a: Ogerpon|spe|1
|move|p1a: Ogerpon|Ivy Cudgel|p2a: Landorus
|-damage|p2a: Landorus|0 fnt
|faint|p2a: Landorus
|
|upkeep
|
|t:|1779903019
|switch|p2a: Forretress|Forretress, M, shiny|79/100
|turn|23
|
|t:|1779903023
|move|p1a: Ogerpon|Knock Off|p2a: Forretress
|-damage|p2a: Forretress|48/100
|move|p2a: Forretress|Body Press|p1a: Ogerpon
|-damage|p1a: Ogerpon|58/100
|
|upkeep
|turn|24
|
|t:|1779903030
|move|p1a: Ogerpon|Ivy Cudgel|p2a: Forretress
|-resisted|p2a: Forretress
|-crit|p2a: Forretress
|-damage|p2a: Forretress|15/100
|move|p2a: Forretress|Body Press|p1a: Ogerpon
|-damage|p1a: Ogerpon|12/100
|
|upkeep
|turn|25
|
|t:|1779903043
|move|p1a: Ogerpon|Ivy Cudgel|p2a: Forretress
|-resisted|p2a: Forretress
|-damage|p2a: Forretress|0 fnt
|faint|p2a: Forretress
|
|upkeep
|
|t:|1779903052
|switch|p2a: Quaquaval|Quaquaval, M|100/100
|turn|26
|
|t:|1779903060
|-terastallize|p2a: Quaquaval|Steel
|move|p1a: Ogerpon|Ivy Cudgel|p2a: Quaquaval
|-resisted|p2a: Quaquaval
|-crit|p2a: Quaquaval
|-damage|p2a: Quaquaval|0 fnt
|faint|p2a: Quaquaval
|
|upkeep
|
|t:|1779903066
|switch|p2a: Ninetales|Ninetales-Alola, F, shiny|45/100
|-weather|Snowscape|[from] ability: Snow Warning|[of] p2a: Ninetales
|turn|27
|j| heptastrike
|
|t:|1779903072
|move|p1a: Ogerpon|Ivy Cudgel|p2a: Ninetales
|-damage|p2a: Ninetales|0 fnt
|faint|p2a: Ninetales
|
|-weather|Snowscape|[upkeep]
|upkeep
|
|t:|1779903074
|switch|p2a: Kyurem|Kyurem|84/100
|-ability|p2a: Kyurem|Pressure
|turn|28
|
|t:|1779903079
|move|p1a: Ogerpon|Ivy Cudgel|p2a: Kyurem
|-resisted|p2a: Kyurem
|-crit|p2a: Kyurem
|-damage|p2a: Kyurem|12/100
|move|p2a: Kyurem|Blizzard|p1a: Ogerpon
|-supereffective|p1a: Ogerpon
|-damage|p1a: Ogerpon|0 fnt
|faint|p1a: Ogerpon
|detailschange|p1: Ogerpon|Ogerpon, F|[silent]
|
|-weather|Snowscape|[upkeep]
|upkeep
|
|t:|1779903086
|switch|p1a: Corviknight|Corviknight, M|69/100
|-ability|p1a: Corviknight|Pressure
|turn|29
|
|t:|1779903090
|move|p2a: Kyurem|Blizzard|p1a: Corviknight
|-damage|p1a: Corviknight|28/100
|move|p1a: Corviknight|Brave Bird|p2a: Kyurem
|-damage|p2a: Kyurem|0 fnt
|faint|p2a: Kyurem
|-damage|p1a: Corviknight|24/100|[from] Recoil
|
|win|itztrip
|raw|itztrip's rating: 1561 &rarr; <strong>1578</strong><br />(+17 for winning)
|raw|louwilliamzz's rating: 1509 &rarr; <strong>1492</strong><br />(-17 for losing)
|l| heptastrike
|l|☆itztrip
|player|p1|
|l|☆louwilliamzz
|player|p2|
|l| whatevadontcare
