|j|☆prepare 4 die
|j|☆321Godspeed
|t:|1779856660
|gametype|singles
|player|p1|prepare 4 die|wallace|1385
|player|p2|321Godspeed|266|1348
|gen|9
|tier|[Gen 9] OU
|rated|
|rule|HP Percentage Mod: HP is shown in percentages
|rule|Endless Battle Clause: Forcing endless battles is banned
|rule|Species Clause: Limit one of each Pokémon
|rule|OHKO Clause: OHKO moves are banned
|rule|Evasion Items Clause: Evasion items are banned
|rule|Evasion Moves Clause: Evasion moves are banned
|rule|Evasion Abilities Clause: Evasion abilities are banned
|rule|Sleep Moves Clause: Sleep-inducing moves are banned
|clearpoke
|poke|p1|Tentacruel, F|
|poke|p1|Great Tusk|
|poke|p1|Kyurem|
|poke|p1|Walking Wake|
|poke|p1|Slowking-Galar, F|
|poke|p1|Zamazenta-*|
|poke|p2|Iron Moth|
|poke|p2|Gliscor, F|
|poke|p2|Hatterene, F|
|poke|p2|Ogerpon-Wellspring, F|
|poke|p2|Raging Bolt|
|poke|p2|Zamazenta-*|
|teampreview
|inactive|Battle timer is ON: inactive players will automatically lose when time's up. (requested by 321Godspeed)
|inactive|prepare 4 die has 120 seconds left.
|
|t:|1779856703
|teamsize|p1|6
|teamsize|p2|6
|start
|switch|p1a: Tentacruel|Tentacruel, F|100/100
|switch|p2a: Zamazenta|Zamazenta|100/100
|-ability|p2a: Zamazenta|Dauntless Shield|boost
|-boost|p2a: Zamazenta|def|1
|turn|1
|
|t:|1779856712
|move|p2a: Zamazenta|Light Screen|p2a: Zamazenta
|-sidestart|p2: 321Godspeed|move: Light Screen
|move|p1a: Tentacruel|Sludge Bomb|p2a: Zamazenta
|-damage|p2a: Zamazenta|88/100
|
|upkeep
|turn|2
|
|t:|1779856718
|move|p2a: Zamazenta|Reflect|p2a: Zamazenta
|-sidestart|p2: 321Godspeed|Reflect
|move|p1a: Tentacruel|Knock Off|p2a: Zamazenta
|-resisted|p2a: Zamazenta
|-damage|p2a: Zamazenta|86/100
|-enditem|p2a: Zamazenta|Light Clay|[from] move: Knock Off|[of] p1a: Tentacruel
|
|upkeep
|turn|3
|
|t:|1779856725
|switch|p2a: Gliscor|Gliscor, F|100/100
|move|p1a: Tentacruel|Sludge Bomb|p2a: Gliscor
|-resisted|p2a: Gliscor
|-damage|p2a: Gliscor|89/100
|
|-status|p2a: Gliscor|tox|[from] item: Toxic Orb
|upkeep
|turn|4
|
|t:|1779856735
|switch|p1a: Walking Wake|Walking Wake|100/100
|move|p2a: Gliscor|Swords Dance|p2a: Gliscor
|-boost|p2a: Gliscor|atk|2
|
|-heal|p2a: Gliscor|100/100 tox|[from] ability: Poison Heal
|upkeep
|turn|5
|
|t:|1779856746
|-terastallize|p2a: Gliscor|Normal
|move|p1a: Walking Wake|Surf|p2a: Gliscor
|-damage|p2a: Gliscor|63/100 tox
|move|p2a: Gliscor|Agility|p2a: Gliscor
|-boost|p2a: Gliscor|spe|2
|
|-heal|p2a: Gliscor|76/100 tox|[from] ability: Poison Heal
|upkeep
|turn|6
|
|t:|1779856760
|move|p2a: Gliscor|Swords Dance|p2a: Gliscor
|-boost|p2a: Gliscor|atk|2
|move|p1a: Walking Wake|Draco Meteor|p2a: Gliscor
|-damage|p2a: Gliscor|20/100 tox
|-unboost|p1a: Walking Wake|spa|2
|
|-heal|p2a: Gliscor|32/100 tox|[from] ability: Poison Heal
|upkeep
|turn|7
|
|t:|1779856771
|move|p2a: Gliscor|Facade|p1a: Walking Wake
|-damage|p1a: Walking Wake|0 fnt
|faint|p1a: Walking Wake
|-end|p1a: Walking Wake|Protosynthesis|[silent]
|
|-heal|p2a: Gliscor|45/100 tox|[from] ability: Poison Heal
|upkeep
|
|t:|1779856789
|switch|p1a: Zamazenta|Zamazenta|100/100
|-ability|p1a: Zamazenta|Dauntless Shield|boost
|-boost|p1a: Zamazenta|def|1
|turn|8
|
|t:|1779856793
|move|p2a: Gliscor|Facade|p1a: Zamazenta
|-damage|p1a: Zamazenta|12/100
|move|p1a: Zamazenta|Roar|p2a: Gliscor
|drag|p2a: Hatterene|Hatterene, F|100/100
|
|-heal|p1a: Zamazenta|18/100|[from] item: Leftovers
|-sideend|p2: 321Godspeed|move: Light Screen
|upkeep
|turn|9
|
|t:|1779856813
|switch|p1a: Slowking|Slowking-Galar, F|100/100
|move|p2a: Hatterene|Draining Kiss|p1a: Slowking
|-resisted|p1a: Slowking
|-damage|p1a: Slowking|94/100
|
|-sideend|p2: 321Godspeed|Reflect
|upkeep
|turn|10
|
|t:|1779856820
|move|p2a: Hatterene|Calm Mind|p2a: Hatterene
|-boost|p2a: Hatterene|spa|1
|-boost|p2a: Hatterene|spd|1
|move|p1a: Slowking|Future Sight|p2a: Hatterene
|-start|p1a: Slowking|move: Future Sight
|
|upkeep
|turn|11
|
|t:|1779856822
|move|p2a: Hatterene|Calm Mind|p2a: Hatterene
|-boost|p2a: Hatterene|spa|1
|-boost|p2a: Hatterene|spd|1
|move|p1a: Slowking|Sludge Bomb|p2a: Hatterene
|-supereffective|p2a: Hatterene
|-damage|p2a: Hatterene|70/100
|
|-heal|p2a: Hatterene|76/100|[from] item: Leftovers
|upkeep
|turn|12
|
|t:|1779856827
|move|p2a: Hatterene|Calm Mind|p2a: Hatterene
|-boost|p2a: Hatterene|spa|1
|-boost|p2a: Hatterene|spd|1
|move|p1a: Slowking|Sludge Bomb|p2a: Hatterene
|-supereffective|p2a: Hatterene
|-damage|p2a: Hatterene|50/100
|
|-end|p2a: Hatterene|move: Future Sight
|-resisted|p2a: Hatterene
|-damage|p2a: Hatterene|42/100
|-heal|p2a: Hatterene|48/100|[from] item: Leftovers
|upkeep
|turn|13
|
|t:|1779856830
|move|p2a: Hatterene|Calm Mind|p2a: Hatterene
|-boost|p2a: Hatterene|spa|1
|-boost|p2a: Hatterene|spd|1
|move|p1a: Slowking|Sludge Bomb|p2a: Hatterene
|-supereffective|p2a: Hatterene
|-damage|p2a: Hatterene|23/100
|-status|p2a: Hatterene|psn
|
|-heal|p2a: Hatterene|29/100 psn|[from] item: Leftovers
|-damage|p2a: Hatterene|17/100 psn|[from] psn
|upkeep
|turn|14
|
|t:|1779856840
|switch|p1a: Zamazenta|Zamazenta|18/100
|move|p2a: Hatterene|Stored Power|p1a: Zamazenta
|-supereffective|p1a: Zamazenta
|-damage|p1a: Zamazenta|0 fnt
|faint|p1a: Zamazenta
|
|-heal|p2a: Hatterene|23/100 psn|[from] item: Leftovers
|-damage|p2a: Hatterene|10/100 psn|[from] psn
|upkeep
|
|t:|1779856869
|switch|p1a: Tentacruel|Tentacruel, F|100/100
|turn|15
|
|t:|1779856875
|move|p1a: Tentacruel|Knock Off|p2a: Hatterene
|-damage|p2a: Hatterene|0 fnt
|-enditem|p2a: Hatterene|Leftovers|[from] move: Knock Off|[of] p1a: Tentacruel
|faint|p2a: Hatterene
|
|upkeep
|
|t:|1779856885
|switch|p2a: Zamazenta|Zamazenta|86/100
|turn|16
|
|t:|1779856892
|move|p2a: Zamazenta|Reflect|p2a: Zamazenta
|-sidestart|p2: 321Godspeed|Reflect
|move|p1a: Tentacruel|Sludge Bomb|p2a: Zamazenta
|-damage|p2a: Zamazenta|57/100
|
|upkeep
|turn|17
|
|t:|1779856895
|move|p2a: Zamazenta|Light Screen|p2a: Zamazenta
|-sidestart|p2: 321Godspeed|move: Light Screen
|move|p1a: Tentacruel|Sludge Bomb|p2a: Zamazenta
|-damage|p2a: Zamazenta|44/100
|
|upkeep
|turn|18
|
|t:|1779856904
|switch|p2a: Iron Moth|Iron Moth|100/100
|-enditem|p2a: Iron Moth|Booster Energy
|-activate|p2a: Iron Moth|ability: Quark Drive|[fromitem]
|-start|p2a: Iron Moth|quarkdrivespe
|move|p1a: Tentacruel|Sludge Bomb|p2a: Iron Moth
|-resisted|p2a: Iron Moth
|-damage|p2a: Iron Moth|93/100
|
|upkeep
|turn|19
|
|t:|1779856914
|move|p2a: Iron Moth|Fiery Dance|p1a: Tentacruel
|-resisted|p1a: Tentacruel
|-damage|p1a: Tentacruel|82/100
|move|p1a: Tentacruel|Surf|p2a: Iron Moth
|-supereffective|p2a: Iron Moth
|-damage|p2a: Iron Moth|61/100
|
|upkeep
|turn|20
|
|t:|1779856920
|-end|p2a: Iron Moth|Quark Drive|[silent]
|switch|p2a: Raging Bolt|Raging Bolt|100/100
|-enditem|p2a: Raging Bolt|Booster Energy
|-activate|p2a: Raging Bolt|ability: Protosynthesis|[fromitem]
|-start|p2a: Raging Bolt|protosynthesisspa
|move|p1a: Tentacruel|Surf|p2a: Raging Bolt
|-resisted|p2a: Raging Bolt
|-damage|p2a: Raging Bolt|92/100
|
|-sideend|p2: 321Godspeed|Reflect
|upkeep
|turn|21
|
|t:|1779856926
|move|p1a: Tentacruel|Sludge Bomb|p2a: Raging Bolt
|-damage|p2a: Raging Bolt|76/100
|move|p2a: Raging Bolt|Calm Mind|p2a: Raging Bolt
|-boost|p2a: Raging Bolt|spa|1
|-boost|p2a: Raging Bolt|spd|1
|
|-sideend|p2: 321Godspeed|move: Light Screen
|upkeep
|turn|22
|
|t:|1779856931
|move|p2a: Raging Bolt|Thunderclap|p1a: Tentacruel
|-supereffective|p1a: Tentacruel
|-damage|p1a: Tentacruel|0 fnt
|faint|p1a: Tentacruel
|
|upkeep
|
|t:|1779856935
|switch|p1a: Kyurem|Kyurem|100/100
|-ability|p1a: Kyurem|Pressure
|turn|23
|
|t:|1779856944
|move|p1a: Kyurem|Icicle Spear|p2a: Raging Bolt
|-supereffective|p2a: Raging Bolt
|-damage|p2a: Raging Bolt|50/100
|-supereffective|p2a: Raging Bolt
|-damage|p2a: Raging Bolt|24/100
|-supereffective|p2a: Raging Bolt
|-damage|p2a: Raging Bolt|0 fnt
|faint|p2a: Raging Bolt
|-end|p2a: Raging Bolt|Protosynthesis|[silent]
|-hitcount|p2: Raging Bolt|3
|
|upkeep
|
|t:|1779856951
|switch|p2a: Iron Moth|Iron Moth|61/100
|turn|24
|
|t:|1779856960
|move|p2a: Iron Moth|Fiery Dance|p1a: Kyurem
|-damage|p1a: Kyurem|63/100
|move|p1a: Kyurem|Dragon Dance|p1a: Kyurem
|-boost|p1a: Kyurem|atk|1
|-boost|p1a: Kyurem|spe|1
|
|upkeep
|turn|25
|
|t:|1779856967
|move|p1a: Kyurem|Earth Power|p2a: Iron Moth
|-supereffective|p2a: Iron Moth
|-damage|p2a: Iron Moth|0 fnt
|faint|p2a: Iron Moth
|-end|p2a: Iron Moth|Quark Drive|[silent]
|
|upkeep
|
|t:|1779856977
|switch|p2a: Zamazenta|Zamazenta|44/100
|turn|26
|inactive|prepare 4 die has 120 seconds left.
|
|t:|1779857008
|-terastallize|p1a: Kyurem|Ice
|move|p1a: Kyurem|Icicle Spear|p2a: Zamazenta
|-damage|p2a: Zamazenta|18/100
|-crit|p2a: Zamazenta
|-damage|p2a: Zamazenta|0 fnt
|faint|p2a: Zamazenta
|-hitcount|p2: Zamazenta|2
|
|upkeep
|
|t:|1779857015
|switch|p2a: Ogerpon|Ogerpon-Wellspring, F|100/100
|turn|27
|
|t:|1779857025
|move|p1a: Kyurem|Freeze-Dry|p2a: Ogerpon
|-supereffective|p2a: Ogerpon
|-damage|p2a: Ogerpon|0 fnt
|faint|p2a: Ogerpon
|
|upkeep
|
|t:|1779857028
|switch|p2a: Gliscor|Gliscor, F, tera:Normal|45/100 tox
|turn|28
|
|t:|1779857034
|move|p1a: Kyurem|Icicle Spear|p2a: Gliscor
|-crit|p2a: Gliscor
|-damage|p2a: Gliscor|8/100 tox
|-damage|p2a: Gliscor|0 fnt
|faint|p2a: Gliscor
|-hitcount|p2: Gliscor|2
|
|win|prepare 4 die
|raw|prepare 4 die's rating: 1385 &rarr; <strong>1403</strong><br />(+18 for winning)
|raw|321Godspeed's rating: 1348 &rarr; <strong>1330</strong><br />(-18 for losing)
|l|☆321Godspeed
|player|p2|
|l|☆prepare 4 die
|player|p1|
