|j|☆hat_fm
|j|☆stormgod336
|t:|1779927793
|gametype|singles
|player|p1|hat_fm|pilot|1352
|player|p2|stormgod336|lillie-masters2|1366
|gen|9
|tier|[Gen 9] OU
|rated|
|rule|HP Percentage Mod: HP is shown in percentages
|rule|Endless Battle Clause: Forcing endless battles is banned
|rule|Species Clause: Limit one of each Pokémon
|rule|OHKO Clause: OHKO moves are banned
|rule|Evasion Items Clause: Evasion items are banned
|rule|Evasion Moves Clause: Evasion moves are banned
|rule|Evasion Abilities Clause: Evasion abilities are banned
|rule|Sleep Moves Clause: Sleep-inducing moves are banned
|clearpoke
|poke|p1|Zamazenta-*|
|poke|p1|Ceruledge, F|
|poke|p1|Scizor, M|
|poke|p1|Donphan, M|
|poke|p1|Lycanroc-Dusk, M|
|poke|p1|Florges, F|
|poke|p2|Tyranitar, M|
|poke|p2|Zamazenta-*|
|poke|p2|Darkrai|
|poke|p2|Deoxys-Speed|
|poke|p2|Hydreigon, F|
|poke|p2|Volcanion|
|teampreview
|inactive|Battle timer is ON: inactive players will automatically lose when time's up. (requested by stormgod336)
|
|t:|1779927810
|teamsize|p1|6
|teamsize|p2|6
|start
|switch|p1a: Donphan|Donphan, M|100/100
|switch|p2a: Deoxys|Deoxys-Speed|100/100
|-ability|p2a: Deoxys|Pressure
|turn|1
|
|t:|1779927813
|move|p2a: Deoxys|Taunt|p1a: Donphan
|-start|p1a: Donphan|move: Taunt
|move|p1a: Donphan|Knock Off|p2a: Deoxys
|-supereffective|p2a: Deoxys
|-damage|p2a: Deoxys|6/100
|-enditem|p2a: Deoxys|Eject Pack|[from] move: Knock Off|[of] p1a: Donphan
|
|upkeep
|turn|2
|
|t:|1779927820
|move|p2a: Deoxys|Psycho Boost|p1a: Donphan
|-damage|p1a: Donphan|42/100
|-unboost|p2a: Deoxys|spa|2
|move|p1a: Donphan|Rapid Spin|p2a: Deoxys
|-damage|p2a: Deoxys|0 fnt
|-boost|p1a: Donphan|spe|1
|faint|p2a: Deoxys
|
|upkeep
|
|t:|1779927838
|switch|p2a: Zamazenta|Zamazenta|100/100
|-ability|p2a: Zamazenta|Dauntless Shield|boost
|-boost|p2a: Zamazenta|def|1
|turn|3
|
|t:|1779927843
|move|p2a: Zamazenta|Focus Blast|p1a: Donphan
|-damage|p1a: Donphan|0 fnt
|faint|p1a: Donphan
|-damage|p2a: Zamazenta|91/100|[from] item: Life Orb
|
|upkeep
|
|t:|1779927850
|switch|p1a: Florges|Florges, F|100/100
|turn|4
|
|t:|1779927861
|move|p2a: Zamazenta|Steel Beam|p1a: Florges
|-supereffective|p1a: Florges
|-damage|p1a: Florges|40/100
|-damage|p2a: Zamazenta|40/100|[from] steelbeam
|-damage|p2a: Zamazenta|31/100|[from] item: Life Orb
|move|p1a: Florges|Moonblast|p2a: Zamazenta
|-supereffective|p2a: Zamazenta
|-damage|p2a: Zamazenta|0 fnt
|faint|p2a: Zamazenta
|
|-heal|p1a: Florges|46/100|[from] item: Leftovers
|upkeep
|
|t:|1779927867
|switch|p2a: Volcanion|Volcanion|100/100
|turn|5
|
|t:|1779927877
|move|p2a: Volcanion|Flare Blitz|p1a: Florges
|-damage|p1a: Florges|0 fnt
|faint|p1a: Florges
|-damage|p2a: Volcanion|84/100|[from] Recoil
|
|upkeep
|
|t:|1779927881
|switch|p1a: Lycanroc|Lycanroc-Dusk, M|100/100
|turn|6
|
|t:|1779927900
|move|p1a: Lycanroc|Accelerock|p2a: Volcanion
|-supereffective|p2a: Volcanion
|-damage|p2a: Volcanion|19/100
|-damage|p1a: Lycanroc|91/100|[from] item: Life Orb
|move|p2a: Volcanion|Liquidation|p1a: Lycanroc
|-supereffective|p1a: Lycanroc
|-damage|p1a: Lycanroc|0 fnt
|faint|p1a: Lycanroc
|
|upkeep
|
|t:|1779927909
|switch|p1a: Ceruledge|Ceruledge, F|100/100
|turn|7
|
|t:|1779927911
|move|p1a: Ceruledge|Poltergeist|p2a: Volcanion
|-activate|p2a: Volcanion|move: Poltergeist|Charcoal
|-damage|p2a: Volcanion|0 fnt
|faint|p2a: Volcanion
|
|upkeep
|
|t:|1779927915
|switch|p2a: Tyranitar|Tyranitar, M|100/100
|-weather|Sandstorm|[from] ability: Sand Stream|[of] p2a: Tyranitar
|turn|8
|
|t:|1779927918
|switch|p1a: Zamazenta|Zamazenta|100/100
|-ability|p1a: Zamazenta|Dauntless Shield|boost
|-boost|p1a: Zamazenta|def|1
|move|p2a: Tyranitar|Power Gem|p1a: Zamazenta
|-resisted|p1a: Zamazenta
|-damage|p1a: Zamazenta|76/100
|
|-weather|Sandstorm|[upkeep]
|-damage|p1a: Zamazenta|70/100|[from] Sandstorm
|-heal|p1a: Zamazenta|76/100|[from] item: Leftovers
|upkeep
|turn|9
|
|t:|1779927929
|switch|p2a: Hydreigon|Hydreigon, F|100/100
|move|p1a: Zamazenta|Iron Defense|p1a: Zamazenta
|-boost|p1a: Zamazenta|def|2
|
|-weather|Sandstorm|[upkeep]
|-damage|p1a: Zamazenta|70/100|[from] Sandstorm
|-damage|p2a: Hydreigon|94/100|[from] Sandstorm
|-heal|p1a: Zamazenta|76/100|[from] item: Leftovers
|upkeep
|turn|10
|
|t:|1779927937
|move|p1a: Zamazenta|Body Press|p2a: Hydreigon
|-supereffective|p2a: Hydreigon
|-damage|p2a: Hydreigon|0 fnt
|faint|p2a: Hydreigon
|
|-weather|Sandstorm|[upkeep]
|-damage|p1a: Zamazenta|70/100|[from] Sandstorm
|-heal|p1a: Zamazenta|76/100|[from] item: Leftovers
|upkeep
|
|t:|1779927942
|switch|p2a: Tyranitar|Tyranitar, M|100/100
|turn|11
|
|t:|1779927952
|-terastallize|p2a: Tyranitar|Dark
|move|p1a: Zamazenta|Body Press|p2a: Tyranitar
|-supereffective|p2a: Tyranitar
|-damage|p2a: Tyranitar|0 fnt
|faint|p2a: Tyranitar
|
|-weather|Sandstorm|[upkeep]
|-damage|p1a: Zamazenta|70/100|[from] Sandstorm
|-heal|p1a: Zamazenta|76/100|[from] item: Leftovers
|upkeep
|
|t:|1779927957
|switch|p2a: Darkrai|Darkrai|100/100
|turn|12
|
|t:|1779927959
|move|p1a: Zamazenta|Body Press|p2a: Darkrai
|-supereffective|p2a: Darkrai
|-damage|p2a: Darkrai|0 fnt
|faint|p2a: Darkrai
|
|win|hat_fm
|raw|hat_fm's rating: 1352 &rarr; <strong>1373</strong><br />(+21 for winning)
|raw|stormgod336's rating: 1366 &rarr; <strong>1345</strong><br />(-21 for losing)
|l|☆stormgod336
|player|p2|
|l|☆hat_fm
|player|p1|
