|j|☆belzen
|j|☆C. Nemo
|t:|1779812084
|gametype|singles
|player|p1|belzen|maid|1534
|player|p2|C. Nemo|1|1508
|gen|9
|tier|[Gen 9] OU
|rated|
|rule|HP Percentage Mod: HP is shown in percentages
|rule|Endless Battle Clause: Forcing endless battles is banned
|rule|Species Clause: Limit one of each Pokémon
|rule|OHKO Clause: OHKO moves are banned
|rule|Evasion Items Clause: Evasion items are banned
|rule|Evasion Moves Clause: Evasion moves are banned
|rule|Evasion Abilities Clause: Evasion abilities are banned
|rule|Sleep Moves Clause: Sleep-inducing moves are banned
|clearpoke
|poke|p1|Inteleon, M|
|poke|p1|Sandslash-Alola, M|
|poke|p1|Scyther, F|
|poke|p1|Scizor, F|
|poke|p1|Gyarados, F|
|poke|p1|Exeggutor, F|
|poke|p2|Meowscarada, F|
|poke|p2|Skeledirge, M|
|poke|p2|Clodsire, M|
|poke|p2|Iron Valiant|
|poke|p2|Conkeldurr, M|
|poke|p2|Corviknight, M|
|teampreview
|inactive|Battle timer is ON: inactive players will automatically lose when time's up. (requested by belzen)
|
|t:|1779812102
|teamsize|p1|6
|teamsize|p2|6
|start
|switch|p1a: Gyarados|Gyarados, F|100/100
|switch|p2a: Meowscarada|Meowscarada, F|100/100
|-ability|p1a: Gyarados|Intimidate|boost
|-unboost|p2a: Meowscarada|atk|1
|turn|1
|
|t:|1779812108
|move|p2a: Meowscarada|Knock Off|p1a: Gyarados
|-start|p2a: Meowscarada|typechange|Dark|[from] ability: Protean
|-damage|p1a: Gyarados|79/100
|-enditem|p1a: Gyarados|Leftovers|[from] move: Knock Off|[of] p2a: Meowscarada
|move|p1a: Gyarados|Thunder Wave|p2a: Meowscarada|[miss]
|-miss|p1a: Gyarados|p2a: Meowscarada
|
|upkeep
|turn|2
|
|t:|1779812119
|switch|p2a: Clodsire|Clodsire, M|100/100
|switch|p1a: Sandslash|Sandslash-Alola, M|100/100
|
|upkeep
|turn|3
|
|t:|1779812123
|switch|p2a: Corviknight|Corviknight, M|100/100
|move|p1a: Sandslash|Stealth Rock|p2a: Corviknight
|-sidestart|p2: C. Nemo|move: Stealth Rock
|
|upkeep
|turn|4
|
|t:|1779812128
|move|p1a: Sandslash|Knock Off|p2a: Corviknight
|-damage|p2a: Corviknight|88/100
|-damage|p1a: Sandslash|84/100|[from] item: Rocky Helmet|[of] p2a: Corviknight
|-enditem|p2a: Corviknight|Rocky Helmet|[from] move: Knock Off|[of] p1a: Sandslash
|move|p2a: Corviknight|Defog|p1a: Sandslash
|-unboost|p1a: Sandslash|evasion|1
|-sideend|p2: C. Nemo|Stealth Rock|[from] move: Defog|[of] p2a: Corviknight
|
|upkeep
|turn|5
|
|t:|1779812135
|move|p1a: Sandslash|Stealth Rock|p2a: Corviknight
|-sidestart|p2: C. Nemo|move: Stealth Rock
|move|p2a: Corviknight|Iron Head|p1a: Sandslash
|-damage|p1a: Sandslash|62/100
|
|upkeep
|turn|6
|
|t:|1779812153
|switch|p1a: Inteleon|Inteleon, M|100/100
|move|p2a: Corviknight|Defog|p1a: Inteleon
|-unboost|p1a: Inteleon|evasion|1
|-sideend|p2: C. Nemo|Stealth Rock|[from] move: Defog|[of] p2a: Corviknight
|
|upkeep
|turn|7
|
|t:|1779812162
|switch|p2a: Clodsire|Clodsire, M|100/100
|move|p1a: Inteleon|Ice Beam|p2a: Clodsire
|-supereffective|p2a: Clodsire
|-damage|p2a: Clodsire|61/100
|-damage|p1a: Inteleon|91/100|[from] item: Life Orb
|
|-heal|p2a: Clodsire|67/100|[from] item: Leftovers
|upkeep
|turn|8
|
|t:|1779812169
|switch|p1a: Gyarados|Gyarados, F|79/100
|-ability|p1a: Gyarados|Intimidate|boost
|-unboost|p2a: Clodsire|atk|1
|move|p2a: Clodsire|Stealth Rock|p1a: Gyarados
|-sidestart|p1: belzen|move: Stealth Rock
|
|-heal|p2a: Clodsire|73/100|[from] item: Leftovers
|upkeep
|turn|9
|
|t:|1779812175
|move|p1a: Gyarados|Taunt|p2a: Clodsire
|-start|p2a: Clodsire|move: Taunt
|cant|p2a: Clodsire|move: Taunt|Toxic
|
|-heal|p2a: Clodsire|79/100|[from] item: Leftovers
|upkeep
|turn|10
|
|t:|1779812181
|switch|p2a: Iron Valiant|Iron Valiant|100/100
|move|p1a: Gyarados|Dragon Tail|p2a: Iron Valiant
|-immune|p2a: Iron Valiant
|
|upkeep
|turn|11
|
|t:|1779812184
|move|p2a: Iron Valiant|Substitute|p2a: Iron Valiant
|-start|p2a: Iron Valiant|Substitute
|-damage|p2a: Iron Valiant|76/100
|move|p1a: Gyarados|Thunder Wave|p2a: Iron Valiant|[miss]
|-miss|p1a: Gyarados|p2a: Iron Valiant
|
|upkeep
|turn|12
|
|t:|1779812186
|move|p2a: Iron Valiant|Moonblast|p1a: Gyarados
|-damage|p1a: Gyarados|37/100
|move|p1a: Gyarados|Waterfall|p2a: Iron Valiant
|-end|p2a: Iron Valiant|Substitute
|
|upkeep
|turn|13
|
|t:|1779812191
|move|p2a: Iron Valiant|Moonblast|p1a: Gyarados
|-damage|p1a: Gyarados|0 fnt
|faint|p1a: Gyarados
|
|upkeep
|
|t:|1779812194
|switch|p1a: Scizor|Scizor, F|100/100
|-damage|p1a: Scizor|88/100|[from] Stealth Rock
|turn|14
|
|t:|1779812199
|-terastallize|p2a: Iron Valiant|Fighting
|move|p2a: Iron Valiant|Aura Sphere|p1a: Scizor
|-damage|p1a: Scizor|20/100
|-enditem|p1a: Scizor|Sitrus Berry|[eat]
|-heal|p1a: Scizor|45/100|[from] item: Sitrus Berry
|move|p1a: Scizor|Defog|p2a: Iron Valiant
|-unboost|p2a: Iron Valiant|evasion|1
|-sideend|p1: belzen|Stealth Rock|[from] move: Defog|[of] p1a: Scizor
|
|upkeep
|turn|15
|
|t:|1779812210
|switch|p1a: Exeggutor|Exeggutor, F|100/100
|move|p2a: Iron Valiant|Aura Sphere|p1a: Exeggutor
|-resisted|p1a: Exeggutor
|-damage|p1a: Exeggutor|70/100
|
|upkeep
|turn|16
|
|t:|1779812217
|move|p2a: Iron Valiant|Substitute|p2a: Iron Valiant
|-start|p2a: Iron Valiant|Substitute
|-damage|p2a: Iron Valiant|51/100
|move|p1a: Exeggutor|Leaf Storm|p2a: Iron Valiant
|-end|p2a: Iron Valiant|Substitute
|-unboost|p1a: Exeggutor|spa|2
|
|upkeep
|turn|17
|
|t:|1779812229
|move|p2a: Iron Valiant|Psychic|p1a: Exeggutor
|-resisted|p1a: Exeggutor
|-damage|p1a: Exeggutor|52/100
|move|p1a: Exeggutor|Future Sight|p2a: Iron Valiant
|-start|p1a: Exeggutor|move: Future Sight
|
|upkeep
|turn|18
|
|t:|1779812235
|move|p2a: Iron Valiant|Aura Sphere|p1a: Exeggutor
|-resisted|p1a: Exeggutor
|-crit|p1a: Exeggutor
|-damage|p1a: Exeggutor|10/100
|-enditem|p1a: Exeggutor|Sitrus Berry|[eat]
|-heal|p1a: Exeggutor|35/100|[from] item: Sitrus Berry
|move|p1a: Exeggutor|Synthesis|p1a: Exeggutor
|-heal|p1a: Exeggutor|85/100
|
|-item|p1a: Exeggutor|Sitrus Berry|[from] ability: Harvest
|upkeep
|turn|19
|
|t:|1779812239
|-end|p2a: Iron Valiant|Quark Drive|[silent]
|switch|p2a: Clodsire|Clodsire, M|79/100
|move|p1a: Exeggutor|Leaf Storm|p2a: Clodsire
|-damage|p2a: Clodsire|62/100
|-unboost|p1a: Exeggutor|spa|2
|
|-end|p2a: Clodsire|move: Future Sight
|-supereffective|p2a: Clodsire
|-damage|p2a: Clodsire|38/100
|-heal|p2a: Clodsire|45/100|[from] item: Leftovers
|upkeep
|turn|20
|
|t:|1779812245
|switch|p1a: Sandslash|Sandslash-Alola, M|62/100
|move|p2a: Clodsire|Recover|p2a: Clodsire
|-heal|p2a: Clodsire|95/100
|
|-heal|p2a: Clodsire|100/100|[from] item: Leftovers
|upkeep
|turn|21
|
|t:|1779812249
|switch|p2a: Corviknight|Corviknight, M|88/100
|move|p1a: Sandslash|Stealth Rock|p2a: Corviknight
|-sidestart|p2: C. Nemo|move: Stealth Rock
|
|upkeep
|turn|22
|
|t:|1779812258
|switch|p1a: Inteleon|Inteleon, M|91/100
|move|p2a: Corviknight|Defog|p1a: Inteleon
|-unboost|p1a: Inteleon|evasion|1
|-sideend|p2: C. Nemo|Stealth Rock|[from] move: Defog|[of] p2a: Corviknight
|
|upkeep
|turn|23
|
|t:|1779812263
|switch|p2a: Clodsire|Clodsire, M|100/100
|move|p1a: Inteleon|Ice Beam|p2a: Clodsire
|-supereffective|p2a: Clodsire
|-damage|p2a: Clodsire|58/100
|-damage|p1a: Inteleon|81/100|[from] item: Life Orb
|
|-heal|p2a: Clodsire|65/100|[from] item: Leftovers
|upkeep
|turn|24
|
|t:|1779812276
|move|p1a: Inteleon|Ice Beam|p2a: Clodsire
|-supereffective|p2a: Clodsire
|-damage|p2a: Clodsire|21/100
|-damage|p1a: Inteleon|71/100|[from] item: Life Orb
|move|p2a: Clodsire|Stealth Rock|p1a: Inteleon
|-sidestart|p1: belzen|move: Stealth Rock
|
|-heal|p2a: Clodsire|27/100|[from] item: Leftovers
|upkeep
|turn|25
|
|t:|1779812283
|move|p1a: Inteleon|Ice Beam|p2a: Clodsire
|-supereffective|p2a: Clodsire
|-damage|p2a: Clodsire|0 fnt
|faint|p2a: Clodsire
|-damage|p1a: Inteleon|61/100|[from] item: Life Orb
|
|upkeep
|
|t:|1779812287
|switch|p2a: Meowscarada|Meowscarada, F|100/100
|turn|26
|
|t:|1779812293
|switch|p1a: Scyther|Scyther, F|100/100
|-damage|p1a: Scyther|51/100|[from] Stealth Rock
|move|p2a: Meowscarada|U-turn|p1a: Scyther
|-start|p2a: Meowscarada|typechange|Bug|[from] ability: Protean
|-resisted|p1a: Scyther
|-damage|p1a: Scyther|28/100
|
|t:|1779812304
|switch|p2a: Skeledirge|Skeledirge, M|100/100|[from] U-turn
|
|upkeep
|turn|27
|
|t:|1779812311
|switch|p2a: Corviknight|Corviknight, M|88/100
|move|p1a: Scyther|Dual Wingbeat|p2a: Corviknight
|-resisted|p2a: Corviknight
|-damage|p2a: Corviknight|76/100
|-resisted|p2a: Corviknight
|-damage|p2a: Corviknight|64/100
|-hitcount|p2a: Corviknight|2
|
|upkeep
|turn|28
|
|t:|1779812315
|switch|p1a: Scizor|Scizor, F|45/100
|-damage|p1a: Scizor|33/100|[from] Stealth Rock
|move|p2a: Corviknight|U-turn|p1a: Scizor
|-resisted|p1a: Scizor
|-damage|p1a: Scizor|26/100
|
|t:|1779812321
|switch|p2a: Skeledirge|Skeledirge, M|100/100|[from] U-turn
|
|upkeep
|turn|29
|
|t:|1779812324
|move|p2a: Skeledirge|Torch Song|p1a: Scizor
|-supereffective|p1a: Scizor
|-damage|p1a: Scizor|0 fnt
|-boost|p2a: Skeledirge|spa|1
|faint|p1a: Scizor
|
|upkeep
|
|t:|1779812330
|switch|p1a: Inteleon|Inteleon, M|61/100
|-damage|p1a: Inteleon|48/100|[from] Stealth Rock
|turn|30
|
|t:|1779812336
|switch|p2a: Corviknight|Corviknight, M|64/100
|move|p1a: Inteleon|Snipe Shot|p2a: Corviknight
|-damage|p2a: Corviknight|13/100
|-damage|p1a: Inteleon|38/100|[from] item: Life Orb
|
|upkeep
|turn|31
|
|t:|1779812340
|move|p1a: Inteleon|Snipe Shot|p2a: Corviknight
|-damage|p2a: Corviknight|0 fnt
|faint|p2a: Corviknight
|-damage|p1a: Inteleon|28/100|[from] item: Life Orb
|
|upkeep
|
|t:|1779812343
|switch|p2a: Meowscarada|Meowscarada, F|100/100
|turn|32
|
|t:|1779812346
|move|p2a: Meowscarada|U-turn|p1a: Inteleon
|-start|p2a: Meowscarada|typechange|Bug|[from] ability: Protean
|-damage|p1a: Inteleon|0 fnt
|faint|p1a: Inteleon
|
|t:|1779812360
|switch|p2a: Iron Valiant|Iron Valiant, tera:Fighting|51/100|[from] U-turn
|
|upkeep
|
|t:|1779812363
|switch|p1a: Exeggutor|Exeggutor, F|85/100
|-damage|p1a: Exeggutor|73/100|[from] Stealth Rock
|turn|33
|
|t:|1779812367
|move|p2a: Iron Valiant|Substitute|p2a: Iron Valiant
|-start|p2a: Iron Valiant|Substitute
|-damage|p2a: Iron Valiant|26/100
|move|p1a: Exeggutor|Future Sight|p2a: Iron Valiant
|-start|p1a: Exeggutor|move: Future Sight
|
|upkeep
|turn|34
|
|t:|1779812372
|move|p2a: Iron Valiant|Moonblast|p1a: Exeggutor
|-crit|p1a: Exeggutor
|-damage|p1a: Exeggutor|0 fnt
|faint|p1a: Exeggutor
|
|upkeep
|
|t:|1779812377
|switch|p1a: Scyther|Scyther, F|28/100
|-damage|p1a: Scyther|0 fnt|[from] Stealth Rock
|faint|p1a: Scyther
|-message|belzen forfeited.
|
|win|C. Nemo
|raw|belzen's rating: 1534 &rarr; <strong>1513</strong><br />(-21 for losing)
|raw|C. Nemo's rating: 1508 &rarr; <strong>1529</strong><br />(+21 for winning)
|l|☆belzen
|player|p1|
|l|☆C. Nemo
|player|p2|
