|j|☆Eiyuro
|j|☆Ivan_2oo8
|t:|1779816355
|gametype|singles
|player|p1|Eiyuro|lance|1137
|player|p2|Ivan_2oo8|ethan|1143
|gen|9
|tier|[Gen 9] OU
|rated|
|rule|HP Percentage Mod: HP is shown in percentages
|rule|Endless Battle Clause: Forcing endless battles is banned
|rule|Species Clause: Limit one of each Pokémon
|rule|OHKO Clause: OHKO moves are banned
|rule|Evasion Items Clause: Evasion items are banned
|rule|Evasion Moves Clause: Evasion moves are banned
|rule|Evasion Abilities Clause: Evasion abilities are banned
|rule|Sleep Moves Clause: Sleep-inducing moves are banned
|clearpoke
|poke|p1|Great Tusk|
|poke|p1|Ogerpon-Wellspring, F|
|poke|p1|Dragapult, F|
|poke|p1|Corviknight, M|
|poke|p1|Gholdengo|
|poke|p1|Dragonite, M|
|poke|p2|Gyarados, M|
|poke|p2|Ceruledge, M|
|poke|p2|Ampharos, F|
|poke|p2|Lucario, M|
|poke|p2|Garchomp, M|
|poke|p2|Corviknight, M|
|teampreview
|inactive|Battle timer is ON: inactive players will automatically lose when time's up. (requested by Ivan_2oo8)
|
|t:|1779816378
|teamsize|p1|6
|teamsize|p2|6
|start
|switch|p1a: Dragonite|Dragonite, M, shiny|100/100
|switch|p2a: Garchomp|Garchomp, M|100/100
|turn|1
|
|t:|1779816385
|move|p2a: Garchomp|Stealth Rock|p1a: Dragonite
|-sidestart|p1: Eiyuro|move: Stealth Rock
|move|p1a: Dragonite|Dragon Dance|p1a: Dragonite
|-boost|p1a: Dragonite|atk|1
|-boost|p1a: Dragonite|spe|1
|
|upkeep
|turn|2
|
|t:|1779816393
|move|p1a: Dragonite|Earthquake|p2a: Garchomp
|-damage|p2a: Garchomp|65/100
|move|p2a: Garchomp|Dragon Tail|p1a: Dragonite
|-supereffective|p1a: Dragonite
|-damage|p1a: Dragonite|73/100
|drag|p1a: Gholdengo|Gholdengo, shiny|100/100
|-damage|p1a: Gholdengo|94/100|[from] Stealth Rock
|
|upkeep
|turn|3
|
|t:|1779816407
|move|p1a: Gholdengo|Dazzling Gleam|p2a: Garchomp
|-supereffective|p2a: Garchomp
|-damage|p2a: Garchomp|8/100
|move|p2a: Garchomp|Earthquake|p1a: Gholdengo
|-supereffective|p1a: Gholdengo
|-damage|p1a: Gholdengo|0 fnt
|faint|p1a: Gholdengo
|
|upkeep
|
|t:|1779816419
|switch|p1a: Great Tusk|Great Tusk, shiny|100/100
|-damage|p1a: Great Tusk|98/100|[from] Stealth Rock
|-enditem|p1a: Great Tusk|Booster Energy
|-activate|p1a: Great Tusk|ability: Protosynthesis|[fromitem]
|-start|p1a: Great Tusk|protosynthesisatk
|turn|4
|
|t:|1779816430
|move|p2a: Garchomp|Earthquake|p1a: Great Tusk
|-damage|p1a: Great Tusk|72/100
|move|p1a: Great Tusk|Rapid Spin|p2a: Garchomp
|-damage|p2a: Garchomp|0 fnt
|-boost|p1a: Great Tusk|spe|1
|-damage|p1a: Great Tusk|60/100|[from] ability: Rough Skin|[of] p2a: Garchomp
|-damage|p1a: Great Tusk|43/100|[from] item: Rocky Helmet|[of] p2a: Garchomp
|-sideend|p1: Eiyuro|Stealth Rock|[from] move: Rapid Spin|[of] p1a: Great Tusk
|faint|p2a: Garchomp
|
|upkeep
|
|t:|1779816452
|switch|p2a: Gyarados|Gyarados, M, shiny|100/100
|-ability|p2a: Gyarados|Intimidate|boost
|-unboost|p1a: Great Tusk|atk|1
|turn|5
|
|t:|1779816464
|move|p1a: Great Tusk|Ice Spinner|p2a: Gyarados
|-damage|p2a: Gyarados|71/100
|move|p2a: Gyarados|Waterfall|p1a: Great Tusk
|-supereffective|p1a: Great Tusk
|-damage|p1a: Great Tusk|0 fnt
|faint|p1a: Great Tusk
|-end|p1a: Great Tusk|Protosynthesis|[silent]
|
|upkeep
|
|t:|1779816481
|switch|p1a: Dragapult|Dragapult, F, shiny|100/100
|turn|6
|
|t:|1779816488
|move|p1a: Dragapult|Will-O-Wisp|p2a: Gyarados
|-status|p2a: Gyarados|brn
|move|p2a: Gyarados|Dragon Dance|p2a: Gyarados
|-boost|p2a: Gyarados|atk|1
|-boost|p2a: Gyarados|spe|1
|
|-damage|p2a: Gyarados|65/100 brn|[from] brn
|upkeep
|turn|7
|
|t:|1779816505
|switch|p1a: Corviknight|Corviknight, M|100/100
|-ability|p1a: Corviknight|Pressure
|move|p2a: Gyarados|Ice Fang|p1a: Corviknight
|-damage|p1a: Corviknight|91/100
|-damage|p2a: Gyarados|48/100 brn|[from] item: Rocky Helmet|[of] p1a: Corviknight
|
|-damage|p2a: Gyarados|42/100 brn|[from] brn
|upkeep
|turn|8
|
|t:|1779816521
|move|p2a: Gyarados|Waterfall|p1a: Corviknight
|-crit|p1a: Corviknight
|-damage|p1a: Corviknight|65/100
|-damage|p2a: Gyarados|25/100 brn|[from] item: Rocky Helmet|[of] p1a: Corviknight
|move|p1a: Corviknight|Brave Bird|p2a: Gyarados
|-damage|p2a: Gyarados|0 fnt
|faint|p2a: Gyarados
|-damage|p1a: Corviknight|58/100|[from] Recoil
|
|upkeep
|inactive|Ivan_2oo8 has 120 seconds left.
|
|t:|1779816537
|switch|p2a: Ampharos|Ampharos, F|100/100
|turn|9
|inactive|Ivan_2oo8 has 120 seconds left.
|
|t:|1779816546
|move|p2a: Ampharos|Thunderbolt|p1a: Corviknight
|-supereffective|p1a: Corviknight
|-damage|p1a: Corviknight|0 fnt
|faint|p1a: Corviknight
|
|upkeep
|
|t:|1779816556
|switch|p1a: Ogerpon|Ogerpon-Wellspring, F|100/100
|turn|10
|
|t:|1779816564
|move|p1a: Ogerpon|Swords Dance|p1a: Ogerpon
|-boost|p1a: Ogerpon|atk|2
|move|p2a: Ampharos|Thunderbolt|p1a: Ogerpon
|-damage|p1a: Ogerpon|46/100
|
|upkeep
|turn|11
|
|t:|1779816571
|move|p1a: Ogerpon|Horn Leech|p2a: Ampharos
|-damage|p2a: Ampharos|0 fnt
|-heal|p1a: Ogerpon|99/100|[from] drain|[of] p2a: Ampharos
|-status|p1a: Ogerpon|par|[from] ability: Static|[of] p2a: Ampharos
|faint|p2a: Ampharos
|
|upkeep
|inactive|Ivan_2oo8 has 120 seconds left.
|
|t:|1779816592
|switch|p2a: Ceruledge|Ceruledge, M|100/100
|turn|12
|inactive|Ivan_2oo8 has 120 seconds left.
|
|t:|1779816605
|move|p2a: Ceruledge|Bitter Blade|p1a: Ogerpon
|-crit|p1a: Ogerpon
|-damage|p1a: Ogerpon|0 fnt
|faint|p1a: Ogerpon
|
|upkeep
|
|t:|1779816613
|switch|p1a: Dragonite|Dragonite, M, shiny|73/100
|turn|13
|
|t:|1779816619
|move|p2a: Ceruledge|Swords Dance|p2a: Ceruledge
|-boost|p2a: Ceruledge|atk|2
|move|p1a: Dragonite|Earthquake|p2a: Ceruledge
|-supereffective|p2a: Ceruledge
|-damage|p2a: Ceruledge|0 fnt
|faint|p2a: Ceruledge
|
|upkeep
|
|t:|1779816631
|switch|p2a: Corviknight|Corviknight, M|100/100
|-ability|p2a: Corviknight|Pressure
|turn|14
|
|t:|1779816640
|move|p1a: Dragonite|Iron Head|p2a: Corviknight
|-resisted|p2a: Corviknight
|-damage|p2a: Corviknight|92/100
|cant|p2a: Corviknight|flinch
|
|-heal|p2a: Corviknight|98/100|[from] item: Leftovers
|upkeep
|turn|15
|
|t:|1779816651
|switch|p1a: Dragapult|Dragapult, F, shiny|100/100
|move|p2a: Corviknight|Iron Head|p1a: Dragapult
|-damage|p1a: Dragapult|66/100
|
|-heal|p2a: Corviknight|100/100|[from] item: Leftovers
|upkeep
|turn|16
|
|t:|1779816661
|move|p1a: Dragapult|Flamethrower|p2a: Corviknight
|-supereffective|p2a: Corviknight
|-damage|p2a: Corviknight|36/100
|-damage|p1a: Dragapult|56/100|[from] item: Life Orb
|move|p2a: Corviknight|Iron Head|p1a: Dragapult
|-damage|p1a: Dragapult|23/100
|
|-heal|p2a: Corviknight|42/100|[from] item: Leftovers
|upkeep
|turn|17
|
|t:|1779816671
|move|p1a: Dragapult|Flamethrower|p2a: Corviknight
|-supereffective|p2a: Corviknight
|-damage|p2a: Corviknight|0 fnt
|faint|p2a: Corviknight
|-damage|p1a: Dragapult|14/100|[from] item: Life Orb
|
|upkeep
|
|t:|1779816676
|switch|p2a: Lucario|Lucario, M|100/100
|turn|18
|
|t:|1779816682
|move|p2a: Lucario|Bullet Punch|p1a: Dragapult
|-damage|p1a: Dragapult|0 fnt
|faint|p1a: Dragapult
|
|upkeep
|
|t:|1779816687
|switch|p1a: Dragonite|Dragonite, M, shiny|73/100
|turn|19
|
|t:|1779816705
|-terastallize|p2a: Lucario|Fighting
|move|p2a: Lucario|Extreme Speed|p1a: Dragonite
|-damage|p1a: Dragonite|44/100
|move|p1a: Dragonite|Earthquake|p2a: Lucario
|-damage|p2a: Lucario|38/100
|
|upkeep
|turn|20
|
|t:|1779816717
|move|p2a: Lucario|Extreme Speed|p1a: Dragonite
|-damage|p1a: Dragonite|15/100
|move|p1a: Dragonite|Earthquake|p2a: Lucario
|-damage|p2a: Lucario|0 fnt
|faint|p2a: Lucario
|
|win|Eiyuro
|raw|Eiyuro's rating: 1137 &rarr; <strong>1162</strong><br />(+25 for winning)
|raw|Ivan_2oo8's rating: 1143 &rarr; <strong>1118</strong><br />(-25 for losing)
|l|☆Eiyuro
|player|p1|
|l|☆Ivan_2oo8
|player|p2|
