|j|☆salsabuena
|j|☆Mysogsugar
|t:|1779848593
|gametype|singles
|player|p1|salsabuena|lance|1127
|player|p2|Mysogsugar|265|1112
|gen|9
|tier|[Gen 9] OU
|rated|
|rule|HP Percentage Mod: HP is shown in percentages
|rule|Endless Battle Clause: Forcing endless battles is banned
|rule|Species Clause: Limit one of each Pokémon
|rule|OHKO Clause: OHKO moves are banned
|rule|Evasion Items Clause: Evasion items are banned
|rule|Evasion Moves Clause: Evasion moves are banned
|rule|Evasion Abilities Clause: Evasion abilities are banned
|rule|Sleep Moves Clause: Sleep-inducing moves are banned
|clearpoke
|poke|p1|Incineroar, M|
|poke|p1|Gliscor, M|
|poke|p1|Raging Bolt|
|poke|p1|Kingdra, M|
|poke|p1|Corviknight, F|
|poke|p1|Scream Tail|
|poke|p2|Iron Treads|
|poke|p2|Ogerpon-Wellspring, F|
|poke|p2|Clefable, M|
|poke|p2|Latias, F|
|poke|p2|Kingambit, M|
|poke|p2|Golem-Alola, F|
|teampreview
|inactive|Battle timer is ON: inactive players will automatically lose when time's up. (requested by salsabuena)
|
|t:|1779848606
|teamsize|p1|6
|teamsize|p2|6
|start
|switch|p1a: Gliscor|Gliscor, M, shiny|100/100
|switch|p2a: Golem|Golem-Alola, F|100/100
|turn|1
|
|t:|1779848620
|move|p1a: Gliscor|Protect|p1a: Gliscor
|-singleturn|p1a: Gliscor|Protect
|move|p2a: Golem|Rock Polish|p2a: Golem
|-boost|p2a: Golem|spe|2
|
|-status|p1a: Gliscor|tox|[from] item: Toxic Orb
|upkeep
|turn|2
|
|t:|1779848630
|move|p2a: Golem|Rock Blast|p1a: Gliscor
|-crit|p1a: Gliscor
|-damage|p1a: Gliscor|85/100 tox
|-damage|p1a: Gliscor|74/100 tox
|-damage|p1a: Gliscor|62/100 tox
|-damage|p1a: Gliscor|51/100 tox
|-damage|p1a: Gliscor|41/100 tox
|-hitcount|p1a: Gliscor|5
|move|p1a: Gliscor|Earthquake|p2a: Golem
|-supereffective|p2a: Golem
|-enditem|p2a: Golem|Focus Sash
|-damage|p2a: Golem|1/100
|
|-heal|p1a: Gliscor|53/100 tox|[from] ability: Poison Heal
|upkeep
|turn|3
|
|t:|1779848651
|move|p1a: Gliscor|Protect|p1a: Gliscor
|-singleturn|p1a: Gliscor|Protect
|move|p2a: Golem|Rock Blast|p1a: Gliscor
|-activate|p1a: Gliscor|move: Protect
|
|-heal|p1a: Gliscor|66/100 tox|[from] ability: Poison Heal
|upkeep
|turn|4
|
|t:|1779848661
|-terastallize|p1a: Gliscor|Ground
|move|p2a: Golem|Rock Blast|p1a: Gliscor
|-resisted|p1a: Gliscor
|-damage|p1a: Gliscor|61/100 tox
|-resisted|p1a: Gliscor
|-damage|p1a: Gliscor|55/100 tox
|-hitcount|p1a: Gliscor|2
|move|p1a: Gliscor|Earthquake|p2a: Golem
|-supereffective|p2a: Golem
|-damage|p2a: Golem|0 fnt
|faint|p2a: Golem
|
|-heal|p1a: Gliscor|67/100 tox|[from] ability: Poison Heal
|upkeep
|
|t:|1779848675
|switch|p2a: Ogerpon|Ogerpon-Wellspring, F|100/100
|turn|5
|
|t:|1779848684
|move|p1a: Gliscor|Protect|p1a: Gliscor
|-singleturn|p1a: Gliscor|Protect
|move|p2a: Ogerpon|Spikes|p1a: Gliscor
|-sidestart|p1: salsabuena|Spikes
|
|-heal|p1a: Gliscor|80/100 tox|[from] ability: Poison Heal
|upkeep
|turn|6
|
|t:|1779848698
|switch|p1a: Raging Bolt|Raging Bolt|100/100
|-damage|p1a: Raging Bolt|88/100|[from] Spikes
|-enditem|p1a: Raging Bolt|Booster Energy
|-activate|p1a: Raging Bolt|ability: Protosynthesis|[fromitem]
|-start|p1a: Raging Bolt|protosynthesisspa
|move|p2a: Ogerpon|Ivy Cudgel|p1a: Raging Bolt|[anim] Ivy Cudgel Water
|-resisted|p1a: Raging Bolt
|-damage|p1a: Raging Bolt|64/100
|
|upkeep
|turn|7
|
|t:|1779848721
|switch|p2a: Iron Treads|Iron Treads|100/100
|-item|p2a: Iron Treads|Air Balloon
|move|p1a: Raging Bolt|Volt Switch|p2a: Iron Treads
|-immune|p2a: Iron Treads
|
|upkeep
|turn|8
|
|t:|1779848739
|-end|p1a: Raging Bolt|Protosynthesis|[silent]
|switch|p1a: Kingdra|Kingdra, M, shiny|100/100
|-damage|p1a: Kingdra|88/100|[from] Spikes
|move|p2a: Iron Treads|Ice Spinner|p1a: Kingdra
|-damage|p1a: Kingdra|55/100
|
|upkeep
|turn|9
|
|t:|1779848753
|-end|p2a: Iron Treads|Quark Drive|[silent]
|switch|p2a: Ogerpon|Ogerpon-Wellspring, F|100/100
|move|p1a: Kingdra|Hydro Pump|p2a: Ogerpon
|-immune|p2a: Ogerpon|[from] ability: Water Absorb
|
|upkeep
|turn|10
|
|t:|1779848766
|switch|p1a: Scream Tail|Scream Tail|100/100
|-damage|p1a: Scream Tail|88/100|[from] Spikes
|move|p2a: Ogerpon|Wood Hammer|p1a: Scream Tail
|-damage|p1a: Scream Tail|30/100
|-damage|p2a: Ogerpon|73/100|[from] Recoil
|
|-heal|p1a: Scream Tail|36/100|[from] item: Leftovers
|upkeep
|turn|11
|
|t:|1779848782
|move|p1a: Scream Tail|Protect|p1a: Scream Tail
|-singleturn|p1a: Scream Tail|Protect
|move|p2a: Ogerpon|U-turn|p1a: Scream Tail
|-activate|p1a: Scream Tail|move: Protect
|
|-heal|p1a: Scream Tail|42/100|[from] item: Leftovers
|upkeep
|turn|12
|
|t:|1779848792
|move|p2a: Ogerpon|Ivy Cudgel|p1a: Scream Tail|[anim] Ivy Cudgel Water
|-damage|p1a: Scream Tail|0 fnt
|faint|p1a: Scream Tail
|-end|p1a: Scream Tail|Protosynthesis|[silent]
|
|upkeep
|-message|salsabuena forfeited.
|
|win|Mysogsugar
|raw|salsabuena's rating: 1127 &rarr; <strong>1101</strong><br />(-26 for losing)
|raw|Mysogsugar's rating: 1112 &rarr; <strong>1138</strong><br />(+26 for winning)
|l|☆salsabuena
|player|p1|
|l|☆Mysogsugar
|player|p2|
|j| Mysosugar
