|j|☆slowlyfadingaway
|j|☆newgaem
|t:|1779877599
|gametype|singles
|player|p1|slowlyfadingaway|veteran|1296
|player|p2|newgaem|blue|1380
|gen|9
|tier|[Gen 9] OU
|rated|
|rule|HP Percentage Mod: HP is shown in percentages
|rule|Endless Battle Clause: Forcing endless battles is banned
|rule|Species Clause: Limit one of each Pokémon
|rule|OHKO Clause: OHKO moves are banned
|rule|Evasion Items Clause: Evasion items are banned
|rule|Evasion Moves Clause: Evasion moves are banned
|rule|Evasion Abilities Clause: Evasion abilities are banned
|rule|Sleep Moves Clause: Sleep-inducing moves are banned
|clearpoke
|poke|p1|Greninja-*, M|
|poke|p1|Forretress, F|
|poke|p1|Samurott-Hisui, F|
|poke|p1|Garchomp, F|
|poke|p1|Scizor, F|
|poke|p1|Diancie|
|poke|p2|Armarouge, F|
|poke|p2|Kingambit, M|
|poke|p2|Iron Valiant|
|poke|p2|Ceruledge, F|
|poke|p2|Mimikyu, F|
|poke|p2|Cyclizar, F|
|teampreview
|inactive|Battle timer is ON: inactive players will automatically lose when time's up. (requested by slowlyfadingaway)
|
|t:|1779877605
|teamsize|p1|6
|teamsize|p2|6
|start
|switch|p1a: Forretress|Forretress, F|100/100
|switch|p2a: Fefnir|Armarouge, F, shiny|100/100
|turn|1
|
|t:|1779877611
|switch|p1a: Greninja|Greninja, M|100/100
|move|p2a: Fefnir|Armor Cannon|p1a: Greninja
|-resisted|p1a: Greninja
|-damage|p1a: Greninja|51/100
|-unboost|p2a: Fefnir|def|1
|-unboost|p2a: Fefnir|spd|1
|
|upkeep
|turn|2
|
|t:|1779877621
|move|p1a: Greninja|Water Shuriken|p2a: Fefnir
|-supereffective|p2a: Fefnir
|-damage|p2a: Fefnir|72/100
|-supereffective|p2a: Fefnir
|-damage|p2a: Fefnir|43/100
|-supereffective|p2a: Fefnir
|-damage|p2a: Fefnir|15/100
|-supereffective|p2a: Fefnir
|-damage|p2a: Fefnir|0 fnt
|faint|p2a: Fefnir
|-ability|p1a: Greninja|Battle Bond|boost
|-boost|p1a: Greninja|atk|1
|-boost|p1a: Greninja|spa|1
|-boost|p1a: Greninja|spe|1
|-activate|p1a: Greninja|ability: Battle Bond
|-hitcount|p2: Fefnir|4
|
|upkeep
|
|t:|1779877649
|switch|p2a: Harpuia|Cyclizar, F|100/100
|turn|3
|
|t:|1779877654
|move|p1a: Greninja|Dark Pulse|p2a: Harpuia
|-damage|p2a: Harpuia|6/100
|move|p2a: Harpuia|U-turn|p1a: Greninja
|-supereffective|p1a: Greninja
|-damage|p1a: Greninja|7/100
|
|t:|1779877660
|switch|p2a: Zero|Ceruledge, F, shiny|100/100|[from] U-turn
|
|upkeep
|turn|4
|
|t:|1779877664
|switch|p1a: Garchomp|Garchomp, F|100/100
|move|p2a: Zero|Shadow Sneak|p1a: Garchomp
|-damage|p1a: Garchomp|72/100
|-damage|p2a: Zero|88/100|[from] ability: Rough Skin|[of] p1a: Garchomp
|-damage|p2a: Zero|78/100|[from] item: Life Orb
|
|upkeep
|turn|5
|
|t:|1779877673
|move|p1a: Garchomp|Earthquake|p2a: Zero
|-supereffective|p2a: Zero
|-damage|p2a: Zero|0 fnt
|faint|p2a: Zero
|
|upkeep
|
|t:|1779877681
|switch|p2a: Harpuia|Cyclizar, F|39/100
|turn|6
|
|t:|1779877684
|switch|p1a: Diancie|Diancie|100/100
|move|p2a: Harpuia|Draco Meteor|p1a: Diancie
|-immune|p1a: Diancie
|
|upkeep
|turn|7
|
|t:|1779877691
|move|p2a: Harpuia|U-turn|p1a: Diancie
|-resisted|p1a: Diancie
|-damage|p1a: Diancie|93/100
|
|t:|1779877694
|switch|p2a: Leviathan|Mimikyu, F|100/100|[from] U-turn
|move|p1a: Diancie|Rock Polish|p1a: Diancie
|-boost|p1a: Diancie|spe|2
|
|upkeep
|turn|8
|
|t:|1779877702
|move|p1a: Diancie|Moonblast|p2a: Leviathan
|-activate|p2a: Leviathan|ability: Disguise
|-damage|p2a: Leviathan|100/100
|detailschange|p2a: Leviathan|Mimikyu-Busted, F
|-damage|p2a: Leviathan|88/100|[from] pokemon: Mimikyu-Busted
|move|p2a: Leviathan|Curse|p1a: Diancie
|-start|p1a: Diancie|Curse|[of] p2a: Leviathan
|-damage|p2a: Leviathan|38/100
|
|-heal|p2a: Leviathan|44/100|[from] item: Leftovers
|-damage|p1a: Diancie|68/100|[from] Curse
|upkeep
|turn|9
|
|t:|1779877715
|move|p1a: Diancie|Moonblast|p2a: Leviathan
|-damage|p2a: Leviathan|0 fnt
|faint|p2a: Leviathan
|
|-damage|p1a: Diancie|43/100|[from] Curse
|upkeep
|
|t:|1779877722
|switch|p2a: Omega|Iron Valiant|100/100
|-enditem|p2a: Omega|Booster Energy
|-activate|p2a: Omega|ability: Quark Drive|[fromitem]
|-start|p2a: Omega|quarkdrivespe
|turn|10
|
|t:|1779877727
|switch|p1a: Greninja|Greninja, M|7/100
|move|p2a: Omega|Close Combat|p1a: Greninja
|-supereffective|p1a: Greninja
|-damage|p1a: Greninja|0 fnt
|-unboost|p2a: Omega|def|1
|-unboost|p2a: Omega|spd|1
|faint|p1a: Greninja
|
|upkeep
|
|t:|1779877730
|switch|p1a: Scizor|Scizor, F|100/100
|turn|11
|
|t:|1779877740
|-end|p2a: Omega|Quark Drive|[silent]
|switch|p2a: Harpuia|Cyclizar, F|72/100
|move|p1a: Scizor|Bullet Punch|p2a: Harpuia
|-damage|p2a: Harpuia|17/100
|
|upkeep
|turn|12
|
|t:|1779877746
|switch|p2a: Bishamonten|Kingambit, M|100/100
|-activate|p2a: Bishamonten|ability: Supreme Overlord
|-start|p2a: Bishamonten|fallen3|[silent]
|move|p1a: Scizor|Bullet Punch|p2a: Bishamonten
|-resisted|p2a: Bishamonten
|-damage|p2a: Bishamonten|88/100
|
|-heal|p2a: Bishamonten|94/100|[from] item: Leftovers
|upkeep
|turn|13
|
|t:|1779877756
|move|p2a: Bishamonten|Kowtow Cleave|p1a: Scizor
|-damage|p1a: Scizor|38/100
|move|p1a: Scizor|Counter|p2a: Bishamonten
|-damage|p2a: Bishamonten|0 fnt
|faint|p2a: Bishamonten
|-end|p2a: Bishamonten|fallen3|[silent]
|
|upkeep
|-message|newgaem forfeited.
|
|win|slowlyfadingaway
|raw|slowlyfadingaway's rating: 1296 &rarr; <strong>1327</strong><br />(+31 for winning)
|raw|newgaem's rating: 1380 &rarr; <strong>1355</strong><br />(-25 for losing)
|l|☆newgaem
|player|p2|
|l|☆slowlyfadingaway
|player|p1|
