|j|☆Gloryboykeef
|j|☆npctypebeat
|t:|1779932503
|gametype|singles
|player|p1|Gloryboykeef|policeman-gen4|1133
|player|p2|npctypebeat|102|1077
|gen|9
|tier|[Gen 9] OU
|rated|
|rule|HP Percentage Mod: HP is shown in percentages
|rule|Endless Battle Clause: Forcing endless battles is banned
|rule|Species Clause: Limit one of each Pokémon
|rule|OHKO Clause: OHKO moves are banned
|rule|Evasion Items Clause: Evasion items are banned
|rule|Evasion Moves Clause: Evasion moves are banned
|rule|Evasion Abilities Clause: Evasion abilities are banned
|rule|Sleep Moves Clause: Sleep-inducing moves are banned
|clearpoke
|poke|p1|Pelipper, M|
|poke|p1|Barraskewda, F|
|poke|p1|Kingdra, F|
|poke|p1|Slaking, M|
|poke|p1|Mandibuzz, F|
|poke|p1|Iron Valiant|
|poke|p2|Gliscor, F|
|poke|p2|Ogerpon, F|
|poke|p2|Walking Wake|
|poke|p2|Blissey, F|
|poke|p2|Corviknight, M|
|poke|p2|Pecharunt|
|teampreview
|inactive|Battle timer is ON: inactive players will automatically lose when time's up. (requested by Gloryboykeef)
|c|☆npctypebeat|hf
|
|t:|1779932512
|teamsize|p1|6
|teamsize|p2|6
|start
|switch|p1a: Slaking|Slaking, M, shiny|100/100
|switch|p2a: Gliscor|Gliscor, F|100/100
|turn|1
|inactive|npctypebeat also wants the timer to be on.
|c|☆Gloryboykeef|gl
|
|t:|1779932538
|move|p1a: Slaking|Knock Off|p2a: Gliscor
|-damage|p2a: Gliscor|72/100
|-enditem|p2a: Gliscor|Toxic Orb|[from] move: Knock Off|[of] p1a: Slaking
|move|p2a: Gliscor|Spikes|p1a: Slaking
|-sidestart|p1: Gloryboykeef|Spikes
|
|upkeep
|turn|2
|c|☆Gloryboykeef|you got greedy
|
|t:|1779932551
|switch|p1a: Pelipper|Pelipper, M|100/100
|-weather|RainDance|[from] ability: Drizzle|[of] p1a: Pelipper
|move|p2a: Gliscor|Spikes|p1a: Pelipper
|-sidestart|p1: Gloryboykeef|Spikes
|
|-weather|RainDance|[upkeep]
|upkeep
|turn|3
|
|t:|1779932556
|switch|p2a: Blissey|Blissey, F|100/100
|move|p1a: Pelipper|Hydro Pump|p2a: Blissey
|-damage|p2a: Blissey|83/100
|
|-weather|RainDance|[upkeep]
|upkeep
|turn|4
|
|t:|1779932565
|move|p1a: Pelipper|U-turn|p2a: Blissey
|-damage|p2a: Blissey|74/100
|
|t:|1779932569
|switch|p1a: Mandibuzz|Mandibuzz, F|100/100|[from] U-turn
|move|p2a: Blissey|Stealth Rock|p1a: Mandibuzz
|-sidestart|p1: Gloryboykeef|move: Stealth Rock
|
|-weather|RainDance|[upkeep]
|upkeep
|turn|5
|
|t:|1779932572
|move|p1a: Mandibuzz|Defog|p2a: Blissey
|-unboost|p2a: Blissey|evasion|1
|-sideend|p1: Gloryboykeef|Spikes|[from] move: Defog|[of] p1a: Mandibuzz
|-sideend|p1: Gloryboykeef|Stealth Rock|[from] move: Defog|[of] p1a: Mandibuzz
|move|p2a: Blissey|Seismic Toss|p1a: Mandibuzz
|-damage|p1a: Mandibuzz|77/100
|
|-weather|RainDance|[upkeep]
|upkeep
|turn|6
|
|t:|1779932585
|move|p1a: Mandibuzz|Toxic|p2a: Blissey
|-status|p2a: Blissey|tox
|move|p2a: Blissey|Stealth Rock|p1a: Mandibuzz
|-sidestart|p1: Gloryboykeef|move: Stealth Rock
|
|-weather|RainDance|[upkeep]
|-damage|p2a: Blissey|68/100 tox|[from] psn
|upkeep
|turn|7
|
|t:|1779932596
|move|p1a: Mandibuzz|Defog|p2a: Blissey
|-unboost|p2a: Blissey|evasion|1
|-sideend|p1: Gloryboykeef|Stealth Rock|[from] move: Defog|[of] p1a: Mandibuzz
|move|p2a: Blissey|Seismic Toss|p1a: Mandibuzz
|-damage|p1a: Mandibuzz|53/100
|
|-weather|RainDance|[upkeep]
|-damage|p2a: Blissey|56/100 tox|[from] psn
|upkeep
|turn|8
|
|t:|1779932607
|-curestatus|p2a: Blissey|tox|[from] ability: Natural Cure|[silent]
|switch|p2a: Pecharunt|Pecharunt|100/100
|move|p1a: Mandibuzz|Roost|p1a: Mandibuzz
|-heal|p1a: Mandibuzz|100/100
|-singleturn|p1a: Mandibuzz|move: Roost
|
|-weather|RainDance|[upkeep]
|upkeep
|turn|9
|
|t:|1779932615
|move|p2a: Pecharunt|Malignant Chain|p1a: Mandibuzz
|-damage|p1a: Mandibuzz|75/100
|-status|p1a: Mandibuzz|tox
|-start|p1a: Mandibuzz|confusion|[from] ability: Poison Puppeteer|[of] p2a: Pecharunt
|-activate|p1a: Mandibuzz|confusion
|-damage|p1a: Mandibuzz|72/100 tox|[from] confusion
|
|-weather|none
|-damage|p1a: Mandibuzz|66/100 tox|[from] psn
|upkeep
|turn|10
|
|t:|1779932627
|switch|p1a: Slaking|Slaking, M, shiny|100/100
|move|p2a: Pecharunt|Malignant Chain|p1a: Slaking
|-damage|p1a: Slaking|69/100
|
|upkeep
|turn|11
|
|t:|1779932633
|move|p1a: Slaking|Knock Off|p2a: Pecharunt
|-supereffective|p2a: Pecharunt
|-damage|p2a: Pecharunt|66/100
|-enditem|p2a: Pecharunt|Heavy-Duty Boots|[from] move: Knock Off|[of] p1a: Slaking
|move|p2a: Pecharunt|Malignant Chain|p1a: Slaking
|-damage|p1a: Slaking|35/100
|
|upkeep
|turn|12
|
|t:|1779932649
|switch|p1a: Pelipper|Pelipper, M|100/100
|-weather|RainDance|[from] ability: Drizzle|[of] p1a: Pelipper
|move|p2a: Pecharunt|Malignant Chain|p1a: Pelipper
|-damage|p1a: Pelipper|54/100
|-status|p1a: Pelipper|tox
|-start|p1a: Pelipper|confusion|[from] ability: Poison Puppeteer|[of] p2a: Pecharunt
|
|-weather|RainDance|[upkeep]
|-damage|p1a: Pelipper|48/100 tox|[from] psn
|upkeep
|turn|13
|
|t:|1779932666
|move|p2a: Pecharunt|Malignant Chain|p1a: Pelipper
|-damage|p1a: Pelipper|1/100 tox
|-activate|p1a: Pelipper|confusion
|move|p1a: Pelipper|U-turn|p2a: Pecharunt
|-resisted|p2a: Pecharunt
|-damage|p2a: Pecharunt|65/100
|
|t:|1779932677
|switch|p1a: Slaking|Slaking, M, shiny|35/100|[from] U-turn
|
|-weather|RainDance|[upkeep]
|upkeep
|turn|14
|inactive|npctypebeat has 120 seconds left.
|
|t:|1779932703
|move|p1a: Slaking|Earthquake|p2a: Pecharunt
|-supereffective|p2a: Pecharunt
|-damage|p2a: Pecharunt|28/100
|move|p2a: Pecharunt|Recover|p2a: Pecharunt
|-heal|p2a: Pecharunt|78/100
|
|-weather|RainDance|[upkeep]
|upkeep
|turn|15
|inactive|npctypebeat has 120 seconds left.
|
|t:|1779932713
|switch|p1a: Barraskewda|Barraskewda, F, shiny|100/100
|move|p2a: Pecharunt|Malignant Chain|p1a: Barraskewda
|-crit|p1a: Barraskewda
|-damage|p1a: Barraskewda|0 fnt
|faint|p1a: Barraskewda
|
|-weather|RainDance|[upkeep]
|upkeep
|
|t:|1779932721
|switch|p1a: Kingdra|Kingdra, F|100/100
|turn|16
|
|t:|1779932724
|-terastallize|p1a: Kingdra|Water
|move|p1a: Kingdra|Hydro Pump|p2a: Pecharunt
|-damage|p2a: Pecharunt|0 fnt
|faint|p2a: Pecharunt
|
|-weather|RainDance|[upkeep]
|upkeep
|
|t:|1779932731
|switch|p2a: Blissey|Blissey, F|56/100
|turn|17
|
|t:|1779932736
|move|p1a: Kingdra|Hydro Pump|p2a: Blissey
|-damage|p2a: Blissey|9/100
|move|p2a: Blissey|Soft-Boiled|p2a: Blissey
|-heal|p2a: Blissey|59/100
|
|-weather|RainDance|[upkeep]
|upkeep
|turn|18
|
|t:|1779932745
|switch|p1a: Slaking|Slaking, M, shiny|35/100
|move|p2a: Blissey|Soft-Boiled|p2a: Blissey
|-heal|p2a: Blissey|100/100
|
|-weather|RainDance|[upkeep]
|upkeep
|turn|19
|
|t:|1779932754
|move|p1a: Slaking|Hammer Arm|p2a: Blissey
|-supereffective|p2a: Blissey
|-damage|p2a: Blissey|10/100
|-unboost|p1a: Slaking|spe|1
|move|p2a: Blissey|Stealth Rock|p1a: Slaking
|-sidestart|p1: Gloryboykeef|move: Stealth Rock
|
|-weather|none
|upkeep
|turn|20
|
|t:|1779932760
|cant|p1a: Slaking|ability: Truant
|move|p2a: Blissey|Soft-Boiled|p2a: Blissey
|-heal|p2a: Blissey|60/100
|
|upkeep
|turn|21
|
|t:|1779932769
|switch|p2a: Gliscor|Gliscor, F|72/100
|move|p1a: Slaking|Hammer Arm|p2a: Gliscor
|-resisted|p2a: Gliscor
|-damage|p2a: Gliscor|57/100
|-unboost|p1a: Slaking|spe|1
|
|upkeep
|turn|22
|
|t:|1779932780
|switch|p1a: Mandibuzz|Mandibuzz, F|66/100 tox
|switch|p2a: Walking Wake|Walking Wake|100/100
|
|-damage|p1a: Mandibuzz|60/100 tox|[from] psn
|upkeep
|turn|23
|
|t:|1779932787
|move|p2a: Walking Wake|Draco Meteor|p1a: Mandibuzz
|-damage|p1a: Mandibuzz|1/100 tox
|-unboost|p2a: Walking Wake|spa|2
|move|p1a: Mandibuzz|Toxic|p2a: Walking Wake
|-status|p2a: Walking Wake|tox
|
|-damage|p2a: Walking Wake|94/100 tox|[from] psn
|-damage|p1a: Mandibuzz|0 fnt|[from] psn
|faint|p1a: Mandibuzz
|upkeep
|
|t:|1779932801
|switch|p1a: Iron Valiant|Iron Valiant, shiny|100/100
|-damage|p1a: Iron Valiant|94/100|[from] Stealth Rock
|-enditem|p1a: Iron Valiant|Booster Energy
|-activate|p1a: Iron Valiant|ability: Quark Drive|[fromitem]
|-start|p1a: Iron Valiant|quarkdrivespe
|turn|24
|
|t:|1779932811
|-end|p2a: Walking Wake|Protosynthesis|[silent]
|switch|p2a: Blissey|Blissey, F|60/100
|move|p1a: Iron Valiant|Dazzling Gleam|p2a: Blissey
|-damage|p2a: Blissey|49/100
|
|upkeep
|turn|25
|
|t:|1779932820
|move|p1a: Iron Valiant|Focus Blast|p2a: Blissey
|-supereffective|p2a: Blissey
|-damage|p2a: Blissey|10/100
|move|p2a: Blissey|Soft-Boiled|p2a: Blissey
|-heal|p2a: Blissey|60/100
|
|upkeep
|turn|26
|
|t:|1779932834
|-end|p1a: Iron Valiant|Quark Drive|[silent]
|switch|p1a: Pelipper|Pelipper, M|1/100 tox
|-damage|p1a: Pelipper|0 fnt|[from] Stealth Rock
|faint|p1a: Pelipper
|move|p2a: Blissey|Soft-Boiled|p2a: Blissey
|-heal|p2a: Blissey|100/100
|
|upkeep
|-message|Gloryboykeef forfeited.
|
|win|npctypebeat
|raw|Gloryboykeef's rating: 1133 &rarr; <strong>1104</strong><br />(-29 for losing)
|raw|npctypebeat's rating: 1077 &rarr; <strong>1110</strong><br />(+33 for winning)
|l|☆Gloryboykeef
|player|p1|
|c|☆npctypebeat|gg
