|j|☆yuemingzhichu1
|j|☆imnotfat100000kg
|t:|1779803516
|gametype|singles
|player|p1|yuemingzhichu1|2|1150
|player|p2|imnotfat100000kg|pokekid|1169
|gen|9
|tier|[Gen 9] OU
|rated|
|rule|HP Percentage Mod: HP is shown in percentages
|rule|Endless Battle Clause: Forcing endless battles is banned
|rule|Species Clause: Limit one of each Pokémon
|rule|OHKO Clause: OHKO moves are banned
|rule|Evasion Items Clause: Evasion items are banned
|rule|Evasion Moves Clause: Evasion moves are banned
|rule|Evasion Abilities Clause: Evasion abilities are banned
|rule|Sleep Moves Clause: Sleep-inducing moves are banned
|clearpoke
|poke|p1|Great Tusk|
|poke|p1|Walking Wake|
|poke|p1|Raging Bolt|
|poke|p1|Torkoal, M|
|poke|p1|Kingambit, F|
|poke|p1|Ogerpon-Wellspring, F|
|poke|p2|Regieleki|
|poke|p2|Ting-Lu|
|poke|p2|Slowbro-Galar, F|
|poke|p2|Iron Hands|
|poke|p2|Goodra-Hisui, M|
|poke|p2|Hatterene, F|
|teampreview
|
|t:|1779803523
|teamsize|p1|6
|teamsize|p2|6
|start
|switch|p1a: Torkoal|Torkoal, M, shiny|100/100
|switch|p2a: Hatterene|Hatterene, F, shiny|100/100
|-weather|SunnyDay|[from] ability: Drought|[of] p1a: Torkoal
|turn|1
|
|t:|1779803535
|move|p1a: Torkoal|Overheat|p2a: Hatterene
|-damage|p2a: Hatterene|33/100
|-unboost|p1a: Torkoal|spa|2
|-enditem|p1a: Torkoal|Eject Pack
|
|t:|1779803543
|switch|p1a: Raging Bolt|Raging Bolt|100/100
|-activate|p1a: Raging Bolt|ability: Protosynthesis
|-start|p1a: Raging Bolt|protosynthesisspa
|move|p2a: Hatterene|Trick Room|p2a: Hatterene
|-fieldstart|move: Trick Room|[of] p2a: Hatterene
|
|-weather|SunnyDay|[upkeep]
|upkeep
|turn|2
|
|t:|1779803559
|move|p1a: Raging Bolt|Thunderclap|p2a: Hatterene
|-damage|p2a: Hatterene|0 fnt
|faint|p2a: Hatterene
|
|-weather|SunnyDay|[upkeep]
|upkeep
|
|t:|1779803571
|switch|p2a: Ting-Lu|Ting-Lu, shiny|100/100
|-ability|p2a: Ting-Lu|Vessel of Ruin
|turn|3
|
|t:|1779803583
|-end|p1a: Raging Bolt|Protosynthesis|[silent]
|switch|p1a: Ogerpon|Ogerpon-Wellspring, F|100/100
|move|p2a: Ting-Lu|Earthquake|p1a: Ogerpon
|-resisted|p1a: Ogerpon
|-damage|p1a: Ogerpon|78/100
|
|-weather|SunnyDay|[upkeep]
|upkeep
|turn|4
|
|t:|1779803592
|move|p2a: Ting-Lu|Body Press|p1a: Ogerpon
|-damage|p1a: Ogerpon|48/100
|move|p1a: Ogerpon|Solar Blade||[still]
|-prepare|p1a: Ogerpon|Solar Blade
|-anim|p1a: Ogerpon|Solar Blade|p2a: Ting-Lu
|-supereffective|p2a: Ting-Lu
|-damage|p2a: Ting-Lu|31/100
|
|-weather|SunnyDay|[upkeep]
|upkeep
|turn|5
|
|t:|1779803617
|switch|p2a: Regieleki|Regieleki|100/100
|move|p1a: Ogerpon|U-turn|p2a: Regieleki
|-damage|p2a: Regieleki|50/100
|
|t:|1779803628
|switch|p1a: Great Tusk|Great Tusk|100/100|[from] U-turn
|-activate|p1a: Great Tusk|ability: Protosynthesis
|-start|p1a: Great Tusk|protosynthesisatk
|
|-weather|none
|-end|p1a: Great Tusk|Protosynthesis
|-fieldend|move: Trick Room
|upkeep
|turn|6
|
|t:|1779803666
|switch|p2a: Iron Hands|Iron Hands, shiny|100/100
|-enditem|p2a: Iron Hands|Booster Energy
|-activate|p2a: Iron Hands|ability: Quark Drive|[fromitem]
|-start|p2a: Iron Hands|quarkdriveatk
|move|p1a: Great Tusk|Close Combat|p2a: Iron Hands
|-damage|p2a: Iron Hands|57/100
|-unboost|p1a: Great Tusk|def|1
|-unboost|p1a: Great Tusk|spd|1
|
|upkeep
|turn|7
|
|t:|1779803682
|-end|p1a: Great Tusk|Protosynthesis|[silent]
|switch|p1a: Torkoal|Torkoal, M, shiny|100/100
|-weather|SunnyDay|[from] ability: Drought|[of] p1a: Torkoal
|move|p2a: Iron Hands|Earthquake|p1a: Torkoal
|-supereffective|p1a: Torkoal
|-damage|p1a: Torkoal|25/100
|
|-weather|SunnyDay|[upkeep]
|upkeep
|turn|8
|inactive|Battle timer is ON: inactive players will automatically lose when time's up. (requested by imnotfat100000kg)
|
|t:|1779803706
|move|p2a: Iron Hands|Earthquake|p1a: Torkoal
|-supereffective|p1a: Torkoal
|-damage|p1a: Torkoal|0 fnt
|faint|p1a: Torkoal
|
|-weather|SunnyDay|[upkeep]
|upkeep
|
|t:|1779803713
|switch|p1a: Walking Wake|Walking Wake|100/100
|-activate|p1a: Walking Wake|ability: Protosynthesis
|-start|p1a: Walking Wake|protosynthesisspe
|turn|9
|
|t:|1779803729
|-end|p2a: Iron Hands|Quark Drive|[silent]
|switch|p2a: Regieleki|Regieleki|50/100
|-terastallize|p1a: Walking Wake|Water
|move|p1a: Walking Wake|Hydro Steam|p2a: Regieleki
|-damage|p2a: Regieleki|0 fnt
|faint|p2a: Regieleki
|-damage|p1a: Walking Wake|91/100|[from] item: Life Orb
|
|-weather|SunnyDay|[upkeep]
|upkeep
|
|t:|1779803747
|switch|p2a: Ting-Lu|Ting-Lu, shiny|31/100
|-ability|p2a: Ting-Lu|Vessel of Ruin
|turn|10
|
|t:|1779803754
|move|p1a: Walking Wake|Hydro Steam|p2a: Ting-Lu
|-supereffective|p2a: Ting-Lu
|-damage|p2a: Ting-Lu|0 fnt
|faint|p2a: Ting-Lu
|-damage|p1a: Walking Wake|81/100|[from] item: Life Orb
|
|-weather|SunnyDay|[upkeep]
|upkeep
|
|t:|1779803765
|switch|p2a: Slowbro|Slowbro-Galar, F, shiny|100/100
|turn|11
|-activate|p2a: Slowbro|ability: Quick Draw
|
|t:|1779803783
|move|p2a: Slowbro|Shell Side Arm|p1a: Walking Wake|[anim] Shell Side Arm Special
|-damage|p1a: Walking Wake|35/100
|-hint|Special Shell Side Arm
|-status|p1a: Walking Wake|psn
|move|p1a: Walking Wake|Hydro Steam|p2a: Slowbro
|-damage|p2a: Slowbro|0 fnt
|faint|p2a: Slowbro
|-damage|p1a: Walking Wake|25/100 psn|[from] item: Life Orb
|
|-weather|none
|-end|p1a: Walking Wake|Protosynthesis
|-damage|p1a: Walking Wake|12/100 psn|[from] psn
|upkeep
|
|t:|1779803800
|switch|p2a: Iron Hands|Iron Hands, shiny|57/100
|turn|12
|
|t:|1779803818
|move|p1a: Walking Wake|Draco Meteor|p2a: Iron Hands
|-damage|p2a: Iron Hands|0 fnt
|-unboost|p1a: Walking Wake|spa|2
|faint|p2a: Iron Hands
|-end|p2a: Iron Hands|Quark Drive|[silent]
|-damage|p1a: Walking Wake|3/100 psn|[from] item: Life Orb
|
|-damage|p1a: Walking Wake|0 fnt|[from] psn
|faint|p1a: Walking Wake
|-end|p1a: Walking Wake|Protosynthesis|[silent]
|upkeep
|-message|imnotfat100000kg forfeited.
|
|win|yuemingzhichu1
|raw|yuemingzhichu1's rating: 1150 &rarr; <strong>1176</strong><br />(+26 for winning)
|raw|imnotfat100000kg's rating: 1169 &rarr; <strong>1143</strong><br />(-26 for losing)
|l|☆imnotfat100000kg
|player|p2|
|l|☆yuemingzhichu1
|player|p1|
