|j|☆VAVANS
|j|☆SparkyBoomBoomBoiY
|t:|1779850611
|gametype|singles
|player|p1|VAVANS|2|1121
|player|p2|SparkyBoomBoomBoiY|marlon|1129
|gen|9
|tier|[Gen 9] OU
|rated|
|rule|HP Percentage Mod: HP is shown in percentages
|rule|Endless Battle Clause: Forcing endless battles is banned
|rule|Species Clause: Limit one of each Pokémon
|rule|OHKO Clause: OHKO moves are banned
|rule|Evasion Items Clause: Evasion items are banned
|rule|Evasion Moves Clause: Evasion moves are banned
|rule|Evasion Abilities Clause: Evasion abilities are banned
|rule|Sleep Moves Clause: Sleep-inducing moves are banned
|clearpoke
|poke|p1|Ursaluna, M|
|poke|p1|Enamorus, F|
|poke|p1|Glimmora, F|
|poke|p1|Iron Valiant|
|poke|p1|Moltres|
|poke|p1|Minior|
|poke|p2|Araquanid, M|
|poke|p2|Ursaluna, M|
|poke|p2|Persian-Alola, F|
|poke|p2|Gholdengo|
|poke|p2|Clefable, M|
|poke|p2|Latias, F|
|teampreview
|inactive|Battle timer is ON: inactive players will automatically lose when time's up. (requested by VAVANS)
|
|t:|1779850624
|teamsize|p1|6
|teamsize|p2|6
|start
|switch|p1a: Minior|Minior|100/100
|switch|p2a: Melon-Head|Persian-Alola, F, shiny|100/100
|-formechange|p1a: Minior|Minior-Meteor||[from] ability: Shields Down
|turn|1
|c|☆SparkyBoomBoomBoiY|I love minior!
|c|☆VAVANS|me too
|
|t:|1779850642
|move|p2a: Melon-Head|Fake Out|p1a: Minior
|-resisted|p1a: Minior
|-damage|p1a: Minior|97/100
|cant|p1a: Minior|flinch
|
|upkeep
|turn|2
|
|t:|1779850649
|move|p2a: Melon-Head|Dark Pulse|p1a: Minior
|-damage|p1a: Minior|66/100
|move|p1a: Minior|Shell Smash|p1a: Minior
|-unboost|p1a: Minior|def|1
|-unboost|p1a: Minior|spd|1
|-boost|p1a: Minior|atk|2
|-boost|p1a: Minior|spa|2
|-boost|p1a: Minior|spe|2
|-enditem|p1a: Minior|White Herb
|-clearnegativeboost|p1a: Minior|[silent]
|
|upkeep
|turn|3
|
|t:|1779850662
|move|p1a: Minior|Substitute|p1a: Minior
|-start|p1a: Minior|Substitute
|-damage|p1a: Minior|41/100
|move|p2a: Melon-Head|Dark Pulse|p1a: Minior
|-end|p1a: Minior|Substitute
|
|-formechange|p1a: Minior|Minior||[from] ability: Shields Down
|upkeep
|turn|4
|
|t:|1779850672
|move|p1a: Minior|Acrobatics|p2a: Melon-Head
|-damage|p2a: Melon-Head|19/100
|-damage|p1a: Minior|25/100|[from] item: Rocky Helmet|[of] p2a: Melon-Head
|move|p2a: Melon-Head|Dark Pulse|p1a: Minior
|-damage|p1a: Minior|0 fnt
|faint|p1a: Minior
|
|upkeep
|
|t:|1779850681
|switch|p1a: Moltres|Moltres|100/100
|turn|5
|c|☆SparkyBoomBoomBoiY|Hurts to kill a fav
|c|☆VAVANS|XD
|
|t:|1779850698
|move|p2a: Melon-Head|Taunt|p1a: Moltres
|-start|p1a: Moltres|move: Taunt
|move|p1a: Moltres|Overheat|p2a: Melon-Head|[miss]
|-miss|p1a: Moltres|p2a: Melon-Head
|
|upkeep
|turn|6
|c|☆VAVANS|its ok you can do it bro
|
|t:|1779850707
|move|p2a: Melon-Head|Dark Pulse|p1a: Moltres
|-damage|p1a: Moltres|70/100
|move|p1a: Moltres|Overheat|p2a: Melon-Head
|-damage|p2a: Melon-Head|0 fnt
|-unboost|p1a: Moltres|spa|2
|faint|p2a: Melon-Head
|
|upkeep
|
|t:|1779850725
|switch|p2a: Your-Fav|Clefable, M|100/100
|turn|7
|
|t:|1779850733
|move|p1a: Moltres|U-turn|p2a: Your-Fav
|-resisted|p2a: Your-Fav
|-damage|p2a: Your-Fav|91/100
|
|t:|1779850738
|switch|p1a: Iron Valiant|Iron Valiant|100/100|[from] U-turn
|-enditem|p1a: Iron Valiant|Booster Energy
|-activate|p1a: Iron Valiant|ability: Quark Drive|[fromitem]
|-start|p1a: Iron Valiant|quarkdriveatk
|move|p2a: Your-Fav|Cosmic Power|p2a: Your-Fav
|-boost|p2a: Your-Fav|def|1
|-boost|p2a: Your-Fav|spd|1
|
|-heal|p2a: Your-Fav|97/100|[from] item: Leftovers
|upkeep
|turn|8
|
|t:|1779850758
|move|p1a: Iron Valiant|Close Combat|p2a: Your-Fav
|-resisted|p2a: Your-Fav
|-damage|p2a: Your-Fav|70/100
|-unboost|p1a: Iron Valiant|def|1
|-unboost|p1a: Iron Valiant|spd|1
|move|p2a: Your-Fav|Cosmic Power|p2a: Your-Fav
|-boost|p2a: Your-Fav|def|1
|-boost|p2a: Your-Fav|spd|1
|
|-heal|p2a: Your-Fav|76/100|[from] item: Leftovers
|upkeep
|turn|9
|c|☆SparkyBoomBoomBoiY|Lowkey ima be a bit evil here sorry
|c|☆VAVANS|i cant pass his
|inactive|VAVANS has 120 seconds left.
|c|☆VAVANS|i need to forfait
|c|☆VAVANS|sorry bro
|c|☆SparkyBoomBoomBoiY|Fair
|-message|VAVANS forfeited.
|
|win|SparkyBoomBoomBoiY
|raw|VAVANS's rating: 1121 &rarr; <strong>1097</strong><br />(-24 for losing)
|raw|SparkyBoomBoomBoiY's rating: 1129 &rarr; <strong>1153</strong><br />(+24 for winning)
|l|☆VAVANS
|player|p1|
