|badge|p1|silver|gen9ou|30-9
|uhtml|medal-msg|<div class="broadcast-blue">Curious what those medals under the avatar are? PS now has Ladder Seasons! For more information, check out the <a href="https://www.smogon.com/forums/threads/3740067/">thread on Smogon.</a></div>
|badge|p2|bronze|gen9ou|100-9
|uhtml|medal-msg|<div class="broadcast-blue">Curious what those medals under the avatar are? PS now has Ladder Seasons! For more information, check out the <a href="https://www.smogon.com/forums/threads/3740067/">thread on Smogon.</a></div>
|j|☆Rj yoip
|j|‽ClRCUS MAXIMUS
|t:|1779823941
|gametype|singles
|player|p1|Rj yoip|caitlin-masters|1810
|player|p2|ClRCUS MAXIMUS|rood|1920
|gen|9
|tier|[Gen 9] OU
|rated|
|rule|HP Percentage Mod: HP is shown in percentages
|rule|Endless Battle Clause: Forcing endless battles is banned
|rule|Species Clause: Limit one of each Pokémon
|rule|OHKO Clause: OHKO moves are banned
|rule|Evasion Items Clause: Evasion items are banned
|rule|Evasion Moves Clause: Evasion moves are banned
|rule|Evasion Abilities Clause: Evasion abilities are banned
|rule|Sleep Moves Clause: Sleep-inducing moves are banned
|clearpoke
|poke|p1|Iron Treads|
|poke|p1|Landorus-Therian, M|
|poke|p1|Iron Valiant|
|poke|p1|Kingambit, F|
|poke|p1|Zamazenta-*|
|poke|p1|Primarina, F|
|poke|p2|Iron Valiant|
|poke|p2|Ogerpon-Wellspring, F|
|poke|p2|Kingambit, M|
|poke|p2|Great Tusk|
|poke|p2|Zamazenta-*|
|poke|p2|Gholdengo|
|teampreview
|inactive|Battle timer is ON: inactive players will automatically lose when time's up. (requested by Rj yoip)
|
|t:|1779823948
|teamsize|p1|6
|teamsize|p2|6
|start
|switch|p1a: Iron Valiant|Iron Valiant|100/100
|switch|p2a: Ogerpon|Ogerpon-Wellspring, F|100/100
|turn|1
|
|t:|1779823952
|switch|p2a: Gholdengo|Gholdengo, shiny|100/100
|move|p1a: Iron Valiant|Moonblast|p2a: Gholdengo
|-resisted|p2a: Gholdengo
|-damage|p2a: Gholdengo|76/100
|
|upkeep
|turn|2
|
|t:|1779823956
|-end|p1a: Iron Valiant|Quark Drive|[silent]
|switch|p1a: Kingambit|Kingambit, F|100/100
|move|p2a: Gholdengo|Make It Rain|p1a: Kingambit
|-resisted|p1a: Kingambit
|-damage|p1a: Kingambit|61/100
|-unboost|p2a: Gholdengo|spa|1
|
|-heal|p1a: Kingambit|67/100|[from] item: Leftovers
|upkeep
|turn|3
|
|t:|1779823964
|move|p2a: Gholdengo|Recover|p2a: Gholdengo
|-heal|p2a: Gholdengo|100/100
|move|p1a: Kingambit|Iron Head|p2a: Gholdengo
|-resisted|p2a: Gholdengo
|-damage|p2a: Gholdengo|76/100
|
|-heal|p1a: Kingambit|73/100|[from] item: Leftovers
|upkeep
|turn|4
|
|t:|1779823968
|switch|p2a: Great Tusk|Great Tusk, shiny|100/100
|move|p1a: Kingambit|Kowtow Cleave|p2a: Great Tusk
|-resisted|p2a: Great Tusk
|-damage|p2a: Great Tusk|83/100
|
|-heal|p1a: Kingambit|79/100|[from] item: Leftovers
|upkeep
|turn|5
|
|t:|1779823972
|-end|p1a: Kingambit|fallenundefined|[silent]
|switch|p1a: Landorus|Landorus-Therian, M|100/100
|-ability|p1a: Landorus|Intimidate|boost
|-unboost|p2a: Great Tusk|atk|1
|move|p2a: Great Tusk|Stealth Rock|p1a: Landorus
|-sidestart|p1: Rj yoip|move: Stealth Rock
|
|upkeep
|turn|6
|
|t:|1779823974
|move|p2a: Great Tusk|Ice Spinner|p1a: Landorus
|-supereffective|p1a: Landorus
|-damage|p1a: Landorus|48/100
|-damage|p2a: Great Tusk|67/100|[from] item: Rocky Helmet|[of] p1a: Landorus
|move|p1a: Landorus|Earth Power|p2a: Great Tusk
|-damage|p2a: Great Tusk|20/100
|
|upkeep
|turn|7
|
|t:|1779823978
|move|p2a: Great Tusk|Ice Spinner|p1a: Landorus
|-supereffective|p1a: Landorus
|-damage|p1a: Landorus|0 fnt
|-damage|p2a: Great Tusk|3/100|[from] item: Rocky Helmet|[of] p1a: Landorus
|faint|p1a: Landorus
|
|upkeep
|
|t:|1779823980
|switch|p1a: Iron Treads|Iron Treads|100/100
|-damage|p1a: Iron Treads|97/100|[from] Stealth Rock
|-enditem|p1a: Iron Treads|Booster Energy
|-activate|p1a: Iron Treads|ability: Quark Drive|[fromitem]
|-start|p1a: Iron Treads|quarkdrivespe
|turn|8
|j| testingrainteam1
|
|t:|1779823986
|move|p1a: Iron Treads|Rapid Spin|p2a: Great Tusk
|-damage|p2a: Great Tusk|0 fnt
|-boost|p1a: Iron Treads|spe|1
|-sideend|p1: Rj yoip|Stealth Rock|[from] move: Rapid Spin|[of] p1a: Iron Treads
|faint|p2a: Great Tusk
|-end|p2a: Great Tusk|Protosynthesis|[silent]
|
|upkeep
|
|t:|1779823990
|switch|p2a: Ogerpon|Ogerpon-Wellspring, F|100/100
|turn|9
|
|t:|1779823993
|-end|p1a: Iron Treads|Quark Drive|[silent]
|switch|p1a: Zamazenta|Zamazenta|100/100
|-ability|p1a: Zamazenta|Dauntless Shield|boost
|-boost|p1a: Zamazenta|def|1
|move|p2a: Ogerpon|Encore||[still]
|-fail|p2a: Ogerpon
|
|upkeep
|turn|10
|
|t:|1779823995
|switch|p2a: Gholdengo|Gholdengo, shiny|76/100
|move|p1a: Zamazenta|Crunch|p2a: Gholdengo
|-supereffective|p2a: Gholdengo
|-damage|p2a: Gholdengo|28/100
|
|upkeep
|turn|11
|
|t:|1779823999
|move|p1a: Zamazenta|Crunch|p2a: Gholdengo
|-supereffective|p2a: Gholdengo
|-damage|p2a: Gholdengo|0 fnt
|faint|p2a: Gholdengo
|
|upkeep
|
|t:|1779824015
|switch|p2a: Iron Valiant|Iron Valiant, shiny|100/100
|-enditem|p2a: Iron Valiant|Booster Energy
|-activate|p2a: Iron Valiant|ability: Quark Drive|[fromitem]
|-start|p2a: Iron Valiant|quarkdrivespe
|turn|12
|
|t:|1779824024
|switch|p1a: Primarina|Primarina, F|100/100
|move|p2a: Iron Valiant|Moonblast|p1a: Primarina
|-damage|p1a: Primarina|70/100
|-unboost|p1a: Primarina|spa|1
|
|upkeep
|turn|13
|
|t:|1779824028
|-end|p2a: Iron Valiant|Quark Drive|[silent]
|switch|p2a: Ogerpon|Ogerpon-Wellspring, F|100/100
|move|p1a: Primarina|Moonblast|p2a: Ogerpon
|-damage|p2a: Ogerpon|60/100
|-unboost|p2a: Ogerpon|spa|1
|
|upkeep
|turn|14
|
|t:|1779824032
|switch|p1a: Zamazenta|Zamazenta|100/100
|move|p2a: Ogerpon|Ivy Cudgel|p1a: Zamazenta|[anim] Ivy Cudgel Water
|-damage|p1a: Zamazenta|55/100
|
|-heal|p1a: Zamazenta|62/100|[from] item: Leftovers
|upkeep
|turn|15
|
|t:|1779824038
|switch|p2a: Iron Valiant|Iron Valiant, shiny|100/100
|move|p1a: Zamazenta|Iron Defense|p1a: Zamazenta
|-boost|p1a: Zamazenta|def|2
|
|-heal|p1a: Zamazenta|68/100|[from] item: Leftovers
|upkeep
|turn|16
|
|t:|1779824041
|switch|p1a: Primarina|Primarina, F|70/100
|move|p2a: Iron Valiant|Moonblast|p1a: Primarina
|-damage|p1a: Primarina|41/100
|
|upkeep
|turn|17
|
|t:|1779824049
|-end|p2a: Iron Valiant|Quark Drive|[silent]
|switch|p2a: Ogerpon|Ogerpon-Wellspring, F|60/100
|move|p1a: Primarina|Moonblast|p2a: Ogerpon
|-damage|p2a: Ogerpon|1/100
|
|upkeep
|turn|18
|
|t:|1779824053
|switch|p1a: Zamazenta|Zamazenta|68/100
|move|p2a: Ogerpon|Play Rough|p1a: Zamazenta
|-supereffective|p1a: Zamazenta
|-damage|p1a: Zamazenta|20/100
|
|-heal|p1a: Zamazenta|27/100|[from] item: Leftovers
|upkeep
|turn|19
|
|t:|1779824060
|switch|p2a: Iron Valiant|Iron Valiant, shiny|100/100
|move|p1a: Zamazenta|Body Press|p2a: Iron Valiant
|-resisted|p2a: Iron Valiant
|-damage|p2a: Iron Valiant|78/100
|
|-heal|p1a: Zamazenta|33/100|[from] item: Leftovers
|upkeep
|turn|20
|
|t:|1779824063
|move|p1a: Zamazenta|Body Press|p2a: Iron Valiant
|-resisted|p2a: Iron Valiant
|-damage|p2a: Iron Valiant|56/100
|move|p2a: Iron Valiant|Moonblast|p1a: Zamazenta
|-supereffective|p1a: Zamazenta
|-damage|p1a: Zamazenta|0 fnt
|faint|p1a: Zamazenta
|
|upkeep
|
|t:|1779824069
|switch|p1a: Primarina|Primarina, F|41/100
|turn|21
|
|t:|1779824076
|-end|p2a: Iron Valiant|Quark Drive|[silent]
|switch|p2a: Kingambit|Kingambit, M, shiny|100/100
|-activate|p2a: Kingambit|ability: Supreme Overlord
|-start|p2a: Kingambit|fallen2|[silent]
|move|p1a: Primarina|Moonblast|p2a: Kingambit
|-damage|p2a: Kingambit|46/100
|
|upkeep
|turn|22
|
|t:|1779824083
|move|p2a: Kingambit|Sucker Punch|p1a: Primarina
|-resisted|p1a: Primarina
|-damage|p1a: Primarina|9/100
|move|p1a: Primarina|Moonblast|p2a: Kingambit
|-damage|p2a: Kingambit|0 fnt
|faint|p2a: Kingambit
|-end|p2a: Kingambit|fallen2|[silent]
|
|upkeep
|
|t:|1779824087
|switch|p2a: Iron Valiant|Iron Valiant, shiny|56/100
|turn|23
|
|t:|1779824106
|move|p2a: Iron Valiant|Moonblast|p1a: Primarina
|-damage|p1a: Primarina|0 fnt
|faint|p1a: Primarina
|
|upkeep
|
|t:|1779824108
|switch|p1a: Iron Treads|Iron Treads|97/100
|turn|24
|
|t:|1779824110
|move|p2a: Iron Valiant|Focus Blast|p1a: Iron Treads|[miss]
|-miss|p2a: Iron Valiant|p1a: Iron Treads
|move|p1a: Iron Treads|Iron Head|p2a: Iron Valiant
|-supereffective|p2a: Iron Valiant
|-damage|p2a: Iron Valiant|0 fnt
|faint|p2a: Iron Valiant
|-end|p2a: Iron Valiant|Quark Drive|[silent]
|
|upkeep
|
|t:|1779824116
|switch|p2a: Ogerpon|Ogerpon-Wellspring, F|1/100
|turn|25
|
|t:|1779824132
|-terastallize|p2a: Ogerpon|Water
|detailschange|p2a: Ogerpon|Ogerpon-Wellspring-Tera, F, tera:Water
|-ability|p2a: Ogerpon|Embody Aspect (Wellspring)|boost
|-boost|p2a: Ogerpon|spd|1
|move|p2a: Ogerpon|Ivy Cudgel|p1a: Iron Treads|[anim] Ivy Cudgel Water
|-supereffective|p1a: Iron Treads
|-damage|p1a: Iron Treads|0 fnt
|faint|p1a: Iron Treads
|-end|p1a: Iron Treads|Quark Drive|[silent]
|
|upkeep
|
|t:|1779824135
|switch|p1a: Iron Valiant|Iron Valiant|100/100
|turn|26
|
|t:|1779824138
|move|p1a: Iron Valiant|Knock Off|p2a: Ogerpon
|-damage|p2a: Ogerpon|0 fnt
|faint|p2a: Ogerpon
|detailschange|p2: Ogerpon|Ogerpon-Wellspring, F|[silent]
|
|upkeep
|
|t:|1779824141
|switch|p2a: Zamazenta|Zamazenta, shiny|100/100
|-ability|p2a: Zamazenta|Dauntless Shield|boost
|-boost|p2a: Zamazenta|def|1
|turn|27
|
|t:|1779824144
|move|p2a: Zamazenta|Heavy Slam|p1a: Iron Valiant
|-supereffective|p1a: Iron Valiant
|-damage|p1a: Iron Valiant|0 fnt
|faint|p1a: Iron Valiant
|-end|p1a: Iron Valiant|Quark Drive|[silent]
|-damage|p2a: Zamazenta|91/100|[from] item: Life Orb
|
|upkeep
|
|t:|1779824148
|switch|p1a: Kingambit|Kingambit, F|79/100
|-activate|p1a: Kingambit|ability: Supreme Overlord
|-start|p1a: Kingambit|fallen5|[silent]
|turn|28
|
|t:|1779824156
|-terastallize|p1a: Kingambit|Ghost
|move|p2a: Zamazenta|Stone Edge|p1a: Kingambit
|-damage|p1a: Kingambit|41/100
|-damage|p2a: Zamazenta|81/100|[from] item: Life Orb
|move|p1a: Kingambit|Swords Dance|p1a: Kingambit
|-boost|p1a: Kingambit|atk|2
|
|-heal|p1a: Kingambit|47/100|[from] item: Leftovers
|upkeep
|turn|29
|
|t:|1779824164
|move|p2a: Zamazenta|Crunch|p1a: Kingambit
|-supereffective|p1a: Kingambit
|-damage|p1a: Kingambit|0 fnt
|faint|p1a: Kingambit
|-end|p1a: Kingambit|fallen5|[silent]
|-damage|p2a: Zamazenta|71/100|[from] item: Life Orb
|
|win|ClRCUS MAXIMUS
|raw|Rj yoip's rating: 1810 &rarr; <strong>1796</strong><br />(-14 for losing)
|raw|ClRCUS MAXIMUS's rating: 1920 &rarr; <strong>1934</strong><br />(+14 for winning)
|l|☆Rj yoip
|player|p1|
|l| testingrainteam1
|l|‽ClRCUS MAXIMUS
|player|p2|
