|j|☆samohi0
|j|☆Pikamon333
|t:|1779933063
|gametype|singles
|player|p1|samohi0|hoopster|1740
|player|p2|Pikamon333|1|1662
|gen|9
|tier|[Gen 9] OU
|rated|
|rule|HP Percentage Mod: HP is shown in percentages
|rule|Endless Battle Clause: Forcing endless battles is banned
|rule|Species Clause: Limit one of each Pokémon
|rule|OHKO Clause: OHKO moves are banned
|rule|Evasion Items Clause: Evasion items are banned
|rule|Evasion Moves Clause: Evasion moves are banned
|rule|Evasion Abilities Clause: Evasion abilities are banned
|rule|Sleep Moves Clause: Sleep-inducing moves are banned
|clearpoke
|poke|p1|Mamoswine, M|
|poke|p1|Glimmora, M|
|poke|p1|Iron Crown|
|poke|p1|Zamazenta-*|
|poke|p1|Sinistcha|
|poke|p1|Samurott-Hisui, M|
|poke|p2|Zapdos|
|poke|p2|Zamazenta-*|
|poke|p2|Iron Moth|
|poke|p2|Kyurem|
|poke|p2|Dragonite, M|
|poke|p2|Great Tusk|
|teampreview
|
|t:|1779933071
|teamsize|p1|6
|teamsize|p2|6
|start
|switch|p1a: Behemoth|Mamoswine, M, shiny|100/100
|switch|p2a: Kyurem|Kyurem|100/100
|-ability|p2a: Kyurem|Pressure
|turn|1
|
|t:|1779933075
|switch|p1a: Braveheart|Iron Crown|100/100
|move|p2a: Kyurem|Flash Cannon|p1a: Braveheart
|-resisted|p1a: Braveheart
|-damage|p1a: Braveheart|87/100
|
|upkeep
|turn|2
|
|t:|1779933086
|switch|p2a: Iron Moth|Iron Moth|100/100
|-enditem|p2a: Iron Moth|Booster Energy
|-activate|p2a: Iron Moth|ability: Quark Drive|[fromitem]
|-start|p2a: Iron Moth|quarkdrivespe
|move|p1a: Braveheart|Psychic Noise|p2a: Iron Moth
|-supereffective|p2a: Iron Moth
|-damage|p2a: Iron Moth|0 fnt
|faint|p2a: Iron Moth
|-end|p2a: Iron Moth|Quark Drive|[silent]
|
|upkeep
|
|t:|1779933094
|switch|p2a: Zapdos|Zapdos|100/100
|turn|3
|
|t:|1779933100
|-end|p1a: Braveheart|Quark Drive|[silent]
|switch|p1a: Behemoth|Mamoswine, M, shiny|100/100
|move|p2a: Zapdos|Heat Wave|p1a: Behemoth
|-supereffective|p1a: Behemoth
|-damage|p1a: Behemoth|51/100
|
|upkeep
|turn|4
|
|t:|1779933112
|switch|p2a: Kyurem|Kyurem|100/100
|-ability|p2a: Kyurem|Pressure
|move|p1a: Behemoth|Ice Shard|p2a: Kyurem
|-damage|p2a: Kyurem|67/100
|
|upkeep
|turn|5
|
|t:|1779933121
|move|p1a: Behemoth|Ice Shard|p2a: Kyurem
|-damage|p2a: Kyurem|35/100
|move|p2a: Kyurem|Ice Beam|p1a: Behemoth
|-damage|p1a: Behemoth|20/100
|
|upkeep
|turn|6
|
|t:|1779933129
|switch|p1a: Braveheart|Iron Crown|87/100
|move|p2a: Kyurem|Ice Beam|p1a: Braveheart
|-resisted|p1a: Braveheart
|-damage|p1a: Braveheart|62/100
|
|upkeep
|turn|7
|
|t:|1779933131
|move|p1a: Braveheart|Tachyon Cutter|p2a: Kyurem
|-supereffective|p2a: Kyurem
|-damage|p2a: Kyurem|0 fnt
|faint|p2a: Kyurem
|-hitcount|p2: Kyurem|1
|
|upkeep
|
|t:|1779933142
|switch|p2a: Zapdos|Zapdos|100/100
|turn|8
|
|t:|1779933149
|-end|p1a: Braveheart|Quark Drive|[silent]
|switch|p1a: Bullet|Glimmora, M, shiny|100/100
|move|p2a: Zapdos|Thunderbolt|p1a: Bullet
|-damage|p1a: Bullet|57/100
|-enditem|p1a: Bullet|Red Card|[of] p2a: Zapdos
|drag|p2a: Zamazenta|Zamazenta|100/100
|-ability|p2a: Zamazenta|Dauntless Shield|boost
|-boost|p2a: Zamazenta|def|1
|
|upkeep
|turn|9
|
|t:|1779933159
|move|p2a: Zamazenta|Crunch|p1a: Bullet
|-damage|p1a: Bullet|37/100
|-activate|p1a: Bullet|ability: Toxic Debris
|-sidestart|p2: Pikamon333|move: Toxic Spikes
|move|p1a: Bullet|Stealth Rock|p2a: Zamazenta
|-sidestart|p2: Pikamon333|move: Stealth Rock
|
|upkeep
|turn|10
|
|t:|1779933162
|move|p2a: Zamazenta|Body Press|p1a: Bullet
|-damage|p1a: Bullet|0 fnt
|-activate|p1a: Bullet|ability: Toxic Debris
|-sidestart|p2: Pikamon333|move: Toxic Spikes
|faint|p1a: Bullet
|
|upkeep
|
|t:|1779933165
|switch|p1a: Sagittarius|Sinistcha, shiny|100/100
|turn|11
|
|t:|1779933171
|move|p2a: Zamazenta|Crunch|p1a: Sagittarius
|-supereffective|p1a: Sagittarius
|-damage|p1a: Sagittarius|72/100
|move|p1a: Sagittarius|Calm Mind|p1a: Sagittarius
|-boost|p1a: Sagittarius|spa|1
|-boost|p1a: Sagittarius|spd|1
|
|upkeep
|turn|12
|
|t:|1779933173
|switch|p2a: Zapdos|Zapdos|100/100
|-damage|p2a: Zapdos|76/100|[from] Stealth Rock
|move|p1a: Sagittarius|Strength Sap|p2a: Zapdos
|-unboost|p2a: Zapdos|atk|1
|-heal|p1a: Sagittarius|100/100
|
|upkeep
|turn|13
|
|t:|1779933176
|move|p2a: Zapdos|Hurricane|p1a: Sagittarius
|-supereffective|p1a: Sagittarius
|-damage|p1a: Sagittarius|1/100
|move|p1a: Sagittarius|Shadow Ball|p2a: Zapdos
|-damage|p2a: Zapdos|22/100
|
|upkeep
|turn|14
|
|t:|1779933183
|move|p2a: Zapdos|Hurricane|p1a: Sagittarius
|-supereffective|p1a: Sagittarius
|-damage|p1a: Sagittarius|0 fnt
|faint|p1a: Sagittarius
|
|upkeep
|
|t:|1779933186
|switch|p1a: Behemoth|Mamoswine, M, shiny|20/100
|turn|15
|
|t:|1779933189
|switch|p2a: Zamazenta|Zamazenta|100/100
|-status|p2a: Zamazenta|tox
|-damage|p2a: Zamazenta|94/100 tox|[from] Stealth Rock
|move|p1a: Behemoth|Ice Shard|p2a: Zamazenta
|-damage|p2a: Zamazenta|70/100 tox
|
|-heal|p2a: Zamazenta|76/100 tox|[from] item: Leftovers
|-damage|p2a: Zamazenta|70/100 tox|[from] psn
|upkeep
|turn|16
|
|t:|1779933200
|move|p1a: Behemoth|Ice Shard|p2a: Zamazenta
|-damage|p2a: Zamazenta|43/100 tox
|move|p2a: Zamazenta|Iron Defense|p2a: Zamazenta
|-boost|p2a: Zamazenta|def|2
|
|-heal|p2a: Zamazenta|50/100 tox|[from] item: Leftovers
|-damage|p2a: Zamazenta|37/100 tox|[from] psn
|upkeep
|turn|17
|
|t:|1779933204
|move|p1a: Behemoth|Ice Shard|p2a: Zamazenta
|-damage|p2a: Zamazenta|23/100 tox
|move|p2a: Zamazenta|Body Press|p1a: Behemoth
|-supereffective|p1a: Behemoth
|-damage|p1a: Behemoth|0 fnt
|faint|p1a: Behemoth
|
|-heal|p2a: Zamazenta|29/100 tox|[from] item: Leftovers
|-damage|p2a: Zamazenta|11/100 tox|[from] psn
|upkeep
|
|t:|1779933206
|switch|p1a: Trojan|Zamazenta, shiny|100/100
|-ability|p1a: Trojan|Dauntless Shield|boost
|-boost|p1a: Trojan|def|1
|turn|18
|
|t:|1779933207
|move|p2a: Zamazenta|Body Press|p1a: Trojan
|-damage|p1a: Trojan|56/100
|move|p1a: Trojan|Play Rough|p2a: Zamazenta
|-supereffective|p2a: Zamazenta
|-damage|p2a: Zamazenta|0 fnt
|faint|p2a: Zamazenta
|
|upkeep
|
|t:|1779933213
|switch|p2a: Great Tusk|Great Tusk|100/100
|-status|p2a: Great Tusk|tox
|-damage|p2a: Great Tusk|98/100 tox|[from] Stealth Rock
|-enditem|p2a: Great Tusk|Booster Energy
|-activate|p2a: Great Tusk|ability: Protosynthesis|[fromitem]
|-start|p2a: Great Tusk|protosynthesisatk
|turn|19
|
|t:|1779933217
|-terastallize|p1a: Trojan|Fairy
|move|p1a: Trojan|Play Rough|p2a: Great Tusk
|-supereffective|p2a: Great Tusk
|-damage|p2a: Great Tusk|3/100 tox
|-unboost|p2a: Great Tusk|atk|1
|move|p2a: Great Tusk|Rapid Spin|p1a: Trojan
|-damage|p1a: Trojan|46/100
|-boost|p2a: Great Tusk|spe|1
|-sideend|p2: Pikamon333|Toxic Spikes|[from] move: Rapid Spin|[of] p2a: Great Tusk
|-sideend|p2: Pikamon333|Stealth Rock|[from] move: Rapid Spin|[of] p2a: Great Tusk
|
|-damage|p2a: Great Tusk|0 fnt|[from] psn
|faint|p2a: Great Tusk
|-end|p2a: Great Tusk|Protosynthesis|[silent]
|upkeep
|
|t:|1779933226
|switch|p2a: Zapdos|Zapdos|22/100
|turn|20
|
|t:|1779933227
|move|p2a: Zapdos|Thunderbolt|p1a: Trojan
|-damage|p1a: Trojan|3/100
|move|p1a: Trojan|Play Rough|p2a: Zapdos
|-damage|p2a: Zapdos|0 fnt
|faint|p2a: Zapdos
|
|upkeep
|
|t:|1779933230
|switch|p2a: Dragonite|Dragonite, M|100/100
|turn|21
|
|t:|1779933232
|move|p2a: Dragonite|Extreme Speed|p1a: Trojan
|-damage|p1a: Trojan|0 fnt
|faint|p1a: Trojan
|
|upkeep
|
|t:|1779933234
|switch|p1a: Braveheart|Iron Crown|62/100
|turn|22
|
|t:|1779933236
|move|p1a: Braveheart|Tachyon Cutter|p2a: Dragonite
|-damage|p2a: Dragonite|80/100
|-damage|p2a: Dragonite|44/100
|-hitcount|p2a: Dragonite|2
|move|p2a: Dragonite|Earthquake|p1a: Braveheart
|-supereffective|p1a: Braveheart
|-damage|p1a: Braveheart|0 fnt
|faint|p1a: Braveheart
|-end|p1a: Braveheart|Quark Drive|[silent]
|
|upkeep
|
|t:|1779933238
|switch|p1a: Jack Sparrow|Samurott-Hisui, M, shiny|100/100
|turn|23
|
|t:|1779933240
|-terastallize|p2a: Dragonite|Normal
|move|p2a: Dragonite|Extreme Speed|p1a: Jack Sparrow
|-damage|p1a: Jack Sparrow|45/100
|move|p1a: Jack Sparrow|Knock Off|p2a: Dragonite
|-damage|p2a: Dragonite|0 fnt
|-enditem|p2a: Dragonite|Heavy-Duty Boots|[from] move: Knock Off|[of] p1a: Jack Sparrow
|faint|p2a: Dragonite
|
|win|samohi0
|raw|samohi0's rating: 1740 &rarr; <strong>1756</strong><br />(+16 for winning)
|raw|Pikamon333's rating: 1662 &rarr; <strong>1646</strong><br />(-16 for losing)
|l|☆samohi0
|player|p1|
|l|☆Pikamon333
|player|p2|
