|j|☆GCC027
|j|☆hellgrrrl
|t:|1779933712
|gametype|singles
|player|p1|GCC027|veteran|1108
|player|p2|hellgrrrl|pokemonrangerf|1040
|gen|9
|tier|[Gen 9] OU
|rated|
|rule|HP Percentage Mod: HP is shown in percentages
|rule|Endless Battle Clause: Forcing endless battles is banned
|rule|Species Clause: Limit one of each Pokémon
|rule|OHKO Clause: OHKO moves are banned
|rule|Evasion Items Clause: Evasion items are banned
|rule|Evasion Moves Clause: Evasion moves are banned
|rule|Evasion Abilities Clause: Evasion abilities are banned
|rule|Sleep Moves Clause: Sleep-inducing moves are banned
|clearpoke
|poke|p1|Tsareena, F|
|poke|p1|Kingambit, M|
|poke|p1|Dragapult, M|
|poke|p1|Iron Valiant|
|poke|p1|Great Tusk|
|poke|p1|Slowking-Galar, M|
|poke|p2|Ninetales-Alola, F|
|poke|p2|Ceruledge, F|
|teampreview
|inactive|Battle timer is ON: inactive players will automatically lose when time's up. (requested by GCC027)
|
|t:|1779933721
|teamsize|p1|6
|teamsize|p2|2
|start
|switch|p1a: Iron Valiant|Iron Valiant|100/100
|switch|p2a: Ninetales|Ninetales-Alola, F|100/100
|-weather|Snowscape|[from] ability: Snow Warning|[of] p2a: Ninetales
|-enditem|p1a: Iron Valiant|Booster Energy
|-activate|p1a: Iron Valiant|ability: Quark Drive|[fromitem]
|-start|p1a: Iron Valiant|quarkdrivespe
|turn|1
|
|t:|1779933738
|-terastallize|p1a: Iron Valiant|Electric
|move|p1a: Iron Valiant|Thunderbolt|p2a: Ninetales
|-damage|p2a: Ninetales|59/100
|move|p2a: Ninetales|Aurora Veil|p2a: Ninetales
|-sidestart|p2: hellgrrrl|move: Aurora Veil
|
|-weather|Snowscape|[upkeep]
|upkeep
|turn|2
|
|t:|1779933753
|-end|p1a: Iron Valiant|Quark Drive|[silent]
|switch|p1a: Great Tusk|Great Tusk|100/100
|switch|p2a: Ceruledge|Ceruledge, F|100/100
|
|-weather|Snowscape|[upkeep]
|upkeep
|turn|3
|
|t:|1779933761
|-terastallize|p2a: Ceruledge|Fighting
|move|p1a: Great Tusk|Earthquake|p2a: Ceruledge
|-damage|p2a: Ceruledge|74/100
|move|p2a: Ceruledge|Bulk Up|p2a: Ceruledge
|-boost|p2a: Ceruledge|atk|1
|-boost|p2a: Ceruledge|def|1
|
|-weather|Snowscape|[upkeep]
|upkeep
|turn|4
|
|t:|1779933775
|move|p1a: Great Tusk|Stealth Rock|p2a: Ceruledge
|-sidestart|p2: hellgrrrl|move: Stealth Rock
|move|p2a: Ceruledge|Bitter Blade|p1a: Great Tusk
|-damage|p1a: Great Tusk|73/100
|-heal|p2a: Ceruledge|90/100|[from] drain|[of] p1a: Great Tusk
|
|-weather|Snowscape|[upkeep]
|-heal|p1a: Great Tusk|80/100|[from] item: Leftovers
|upkeep
|turn|5
|
|t:|1779933788
|move|p1a: Great Tusk|Rapid Spin|p2a: Ceruledge
|-damage|p2a: Ceruledge|85/100
|-boost|p1a: Great Tusk|spe|1
|move|p2a: Ceruledge|Bulk Up|p2a: Ceruledge
|-boost|p2a: Ceruledge|atk|1
|-boost|p2a: Ceruledge|def|1
|
|-weather|none
|-heal|p1a: Great Tusk|86/100|[from] item: Leftovers
|upkeep
|turn|6
|
|t:|1779933798
|move|p1a: Great Tusk|Rapid Spin|p2a: Ceruledge
|-damage|p2a: Ceruledge|81/100
|-boost|p1a: Great Tusk|spe|1
|move|p2a: Ceruledge|Bulk Up|p2a: Ceruledge
|-boost|p2a: Ceruledge|atk|1
|-boost|p2a: Ceruledge|def|1
|
|-heal|p1a: Great Tusk|92/100|[from] item: Leftovers
|upkeep
|turn|7
|
|t:|1779933809
|move|p1a: Great Tusk|Earthquake|p2a: Ceruledge
|-damage|p2a: Ceruledge|70/100
|move|p2a: Ceruledge|Bitter Blade|p1a: Great Tusk
|-damage|p1a: Great Tusk|48/100
|-heal|p2a: Ceruledge|97/100|[from] drain|[of] p1a: Great Tusk
|
|-heal|p1a: Great Tusk|55/100|[from] item: Leftovers
|upkeep
|turn|8
|
|t:|1779933821
|move|p1a: Great Tusk|Knock Off|p2a: Ceruledge
|-resisted|p2a: Ceruledge
|-damage|p2a: Ceruledge|94/100
|-enditem|p2a: Ceruledge|Covert Cloak|[from] move: Knock Off|[of] p1a: Great Tusk
|move|p2a: Ceruledge|Bitter Blade|p1a: Great Tusk
|-damage|p1a: Great Tusk|9/100
|-heal|p2a: Ceruledge|100/100|[from] drain|[of] p1a: Great Tusk
|
|-heal|p1a: Great Tusk|15/100|[from] item: Leftovers
|-sideend|p2: hellgrrrl|move: Aurora Veil
|upkeep
|turn|9
|
|t:|1779933832
|move|p2a: Ceruledge|Shadow Sneak|p1a: Great Tusk
|-damage|p1a: Great Tusk|0 fnt
|faint|p1a: Great Tusk
|-end|p1a: Great Tusk|Protosynthesis|[silent]
|
|upkeep
|
|t:|1779933838
|switch|p1a: Tsareena|Tsareena, F|100/100
|turn|10
|
|t:|1779933845
|move|p1a: Tsareena|Triple Axel|p2a: Ceruledge
|-damage|p2a: Ceruledge|95/100
|-damage|p2a: Ceruledge|84/100
|-damage|p2a: Ceruledge|67/100
|-hitcount|p2a: Ceruledge|3
|move|p2a: Ceruledge|Bitter Blade|p1a: Tsareena
|-supereffective|p1a: Tsareena
|-damage|p1a: Tsareena|0 fnt
|-heal|p2a: Ceruledge|100/100|[from] drain|[of] p1a: Tsareena
|faint|p1a: Tsareena
|
|upkeep
|
|t:|1779933861
|switch|p1a: Iron Valiant|Iron Valiant, tera:Electric|100/100
|turn|11
|
|t:|1779933868
|move|p1a: Iron Valiant|Moonblast|p2a: Ceruledge
|-supereffective|p2a: Ceruledge
|-damage|p2a: Ceruledge|38/100
|-unboost|p2a: Ceruledge|spa|1
|move|p2a: Ceruledge|Bitter Blade|p1a: Iron Valiant
|-damage|p1a: Iron Valiant|0 fnt
|-heal|p2a: Ceruledge|79/100|[from] drain|[of] p1a: Iron Valiant
|faint|p1a: Iron Valiant
|-end|p1a: Iron Valiant|Quark Drive|[silent]
|
|upkeep
|
|t:|1779933879
|switch|p1a: Kingambit|Kingambit, M|100/100
|-activate|p1a: Kingambit|ability: Supreme Overlord
|-start|p1a: Kingambit|fallen3|[silent]
|turn|12
|
|t:|1779933888
|move|p2a: Ceruledge|Bitter Blade|p1a: Kingambit
|-supereffective|p1a: Kingambit
|-damage|p1a: Kingambit|0 fnt
|-heal|p2a: Ceruledge|100/100|[from] drain|[of] p1a: Kingambit
|faint|p1a: Kingambit
|-end|p1a: Kingambit|fallen3|[silent]
|
|upkeep
|-message|GCC027 forfeited.
|
|win|hellgrrrl
|raw|GCC027's rating: 1108 &rarr; <strong>1078</strong><br />(-30 for losing)
|raw|hellgrrrl's rating: 1040 &rarr; <strong>1081</strong><br />(+41 for winning)
|l|☆GCC027
|player|p1|
