|j|☆regitron 21
|j|☆lord_brains
|t:|1779922601
|gametype|singles
|player|p1|regitron 21|n|1358
|player|p2|lord_brains|nate|1362
|gen|9
|tier|[Gen 9] OU
|rated|
|rule|HP Percentage Mod: HP is shown in percentages
|rule|Endless Battle Clause: Forcing endless battles is banned
|rule|Species Clause: Limit one of each Pokémon
|rule|OHKO Clause: OHKO moves are banned
|rule|Evasion Items Clause: Evasion items are banned
|rule|Evasion Moves Clause: Evasion moves are banned
|rule|Evasion Abilities Clause: Evasion abilities are banned
|rule|Sleep Moves Clause: Sleep-inducing moves are banned
|clearpoke
|poke|p1|Indeedee, M|
|poke|p1|Iron Crown|
|poke|p1|Ogerpon-Wellspring, F|
|poke|p1|Great Tusk|
|poke|p1|Garganacl, M|
|poke|p1|Ceruledge, M|
|poke|p2|Scizor, M|
|poke|p2|Great Tusk|
|poke|p2|Kyurem|
|poke|p2|Glimmora, F|
|poke|p2|Chandelure, F|
|poke|p2|Ninetales-Alola, M|
|teampreview
|c|☆regitron 21|good luck pal
|c|☆regitron 21|nice team
|c|☆lord_brains|glhf  "}
|c|☆lord_brains|:]
|c|☆lord_brains|and thanks
|c|☆regitron 21|tnx :)
|
|t:|1779922626
|teamsize|p1|6
|teamsize|p2|6
|start
|switch|p1a: NaCl|Garganacl, M|100/100
|switch|p2a: Glimmora|Glimmora, F|100/100
|turn|1
|
|t:|1779922635
|move|p2a: Glimmora|Earth Power|p1a: NaCl
|-supereffective|p1a: NaCl
|-damage|p1a: NaCl|60/100
|move|p1a: NaCl|Stealth Rock|p2a: Glimmora
|-sidestart|p2: lord_brains|move: Stealth Rock
|
|-heal|p1a: NaCl|66/100|[from] item: Leftovers
|upkeep
|turn|2
|
|t:|1779922643
|move|p1a: NaCl|Protect|p1a: NaCl
|-singleturn|p1a: NaCl|Protect
|move|p2a: Glimmora|Stealth Rock|p1a: NaCl
|-sidestart|p1: regitron 21|move: Stealth Rock
|
|-heal|p1a: NaCl|72/100|[from] item: Leftovers
|upkeep
|turn|3
|
|t:|1779922654
|move|p2a: Glimmora|Earth Power|p1a: NaCl
|-supereffective|p1a: NaCl
|-damage|p1a: NaCl|26/100
|move|p1a: NaCl|Salt Cure|p2a: Glimmora
|-damage|p2a: Glimmora|84/100
|-start|p2a: Glimmora|Salt Cure
|-activate|p2a: Glimmora|ability: Toxic Debris
|-sidestart|p1: regitron 21|move: Toxic Spikes
|
|-heal|p1a: NaCl|32/100|[from] item: Leftovers
|-damage|p2a: Glimmora|72/100|[from] Salt Cure
|upkeep
|turn|4
|
|t:|1779922664
|move|p1a: NaCl|Protect|p1a: NaCl
|-singleturn|p1a: NaCl|Protect
|move|p2a: Glimmora|Mortal Spin|p1a: NaCl
|-activate|p1a: NaCl|move: Protect
|
|-heal|p1a: NaCl|39/100|[from] item: Leftovers
|-damage|p2a: Glimmora|59/100|[from] Salt Cure
|upkeep
|turn|5
|
|t:|1779922669
|move|p2a: Glimmora|Earth Power|p1a: NaCl
|-supereffective|p1a: NaCl
|-damage|p1a: NaCl|0 fnt
|faint|p1a: NaCl
|
|-damage|p2a: Glimmora|47/100|[from] Salt Cure
|upkeep
|
|t:|1779922674
|switch|p1a: Humongosaurio|Great Tusk|100/100
|turn|6
|
|t:|1779922679
|switch|p2a: Chandelure|Chandelure, F, shiny|100/100
|move|p1a: Humongosaurio|Headlong Rush|p2a: Chandelure
|-supereffective|p2a: Chandelure
|-damage|p2a: Chandelure|0 fnt
|-unboost|p1a: Humongosaurio|def|1
|-unboost|p1a: Humongosaurio|spd|1
|faint|p2a: Chandelure
|
|upkeep
|
|t:|1779922687
|switch|p2a: Kyurem|Kyurem|100/100
|-damage|p2a: Kyurem|76/100|[from] Stealth Rock
|-ability|p2a: Kyurem|Pressure
|turn|7
|
|t:|1779922694
|-terastallize|p2a: Kyurem|Ground
|-terastallize|p1a: Humongosaurio|Fire
|move|p2a: Kyurem|Earth Power|p1a: Humongosaurio
|-supereffective|p1a: Humongosaurio
|-damage|p1a: Humongosaurio|0 fnt
|faint|p1a: Humongosaurio
|-end|p1a: Humongosaurio|Protosynthesis|[silent]
|
|upkeep
|
|t:|1779922702
|switch|p1a: Blimpdeedee|Indeedee, M|100/100
|-damage|p1a: Blimpdeedee|88/100|[from] Stealth Rock
|-status|p1a: Blimpdeedee|psn
|-fieldstart|move: Psychic Terrain|[from] ability: Psychic Surge|[of] p1a: Blimpdeedee
|turn|8
|
|t:|1779922708
|move|p1a: Blimpdeedee|Expanding Force|p2a: Kyurem
|-damage|p2a: Kyurem|8/100
|move|p2a: Kyurem|Earth Power|p1a: Blimpdeedee
|-damage|p1a: Blimpdeedee|0 fnt
|faint|p1a: Blimpdeedee
|
|upkeep
|
|t:|1779922720
|switch|p1a: Ceruledge|Ceruledge, M|100/100
|-damage|p1a: Ceruledge|76/100|[from] Stealth Rock
|-status|p1a: Ceruledge|psn
|turn|9
|
|t:|1779922727
|move|p2a: Kyurem|Earth Power|p1a: Ceruledge
|-supereffective|p1a: Ceruledge
|-damage|p1a: Ceruledge|0 fnt
|faint|p1a: Ceruledge
|
|upkeep
|
|t:|1779922730
|switch|p1a: Tesla tower|Iron Crown|100/100
|-damage|p1a: Tesla tower|94/100|[from] Stealth Rock
|-enditem|p1a: Tesla tower|Booster Energy
|-activate|p1a: Tesla tower|ability: Quark Drive|[fromitem]
|-start|p1a: Tesla tower|quarkdrivespe
|turn|10
|
|t:|1779922737
|move|p1a: Tesla tower|Expanding Force|p2a: Kyurem
|-damage|p2a: Kyurem|0 fnt
|faint|p2a: Kyurem
|
|upkeep
|
|t:|1779922746
|switch|p2a: Scizor|Scizor, M|100/100
|-damage|p2a: Scizor|88/100|[from] Stealth Rock
|turn|11
|
|t:|1779922751
|move|p1a: Tesla tower|Calm Mind|p1a: Tesla tower
|-boost|p1a: Tesla tower|spa|1
|-boost|p1a: Tesla tower|spd|1
|move|p2a: Scizor|U-turn|p1a: Tesla tower
|-damage|p1a: Tesla tower|38/100
|
|t:|1779922756
|switch|p2a: Ninetales|Ninetales-Alola, M|100/100|[from] U-turn
|-damage|p2a: Ninetales|76/100|[from] Stealth Rock
|-weather|Snowscape|[from] ability: Snow Warning|[of] p2a: Ninetales
|
|-weather|Snowscape|[upkeep]
|upkeep
|turn|12
|
|t:|1779922762
|move|p1a: Tesla tower|Tachyon Cutter|p2a: Ninetales
|-supereffective|p2a: Ninetales
|-damage|p2a: Ninetales|0 fnt
|faint|p2a: Ninetales
|-hitcount|p2: Ninetales|1
|
|-weather|Snowscape|[upkeep]
|-fieldend|move: Psychic Terrain
|upkeep
|
|t:|1779922769
|switch|p2a: Scizor|Scizor, M|88/100
|-damage|p2a: Scizor|75/100|[from] Stealth Rock
|turn|13
|
|t:|1779922772
|move|p1a: Tesla tower|Focus Blast|p2a: Scizor
|-damage|p2a: Scizor|12/100
|move|p2a: Scizor|U-turn|p1a: Tesla tower
|-damage|p1a: Tesla tower|0 fnt
|faint|p1a: Tesla tower
|-end|p1a: Tesla tower|Quark Drive|[silent]
|
|t:|1779922778
|switch|p2a: Glimmora|Glimmora, F|47/100|[from] U-turn
|-damage|p2a: Glimmora|35/100|[from] Stealth Rock
|
|-weather|Snowscape|[upkeep]
|upkeep
|
|t:|1779922780
|switch|p1a: Ogerpon|Ogerpon-Wellspring, F|100/100
|-damage|p1a: Ogerpon|88/100|[from] Stealth Rock
|-status|p1a: Ogerpon|psn
|turn|14
|
|t:|1779922786
|move|p1a: Ogerpon|Horn Leech|p2a: Glimmora
|-damage|p2a: Glimmora|0 fnt
|-heal|p1a: Ogerpon|100/100 psn|[from] drain|[of] p2a: Glimmora
|-activate|p2a: Glimmora|ability: Toxic Debris
|-sidestart|p1: regitron 21|move: Toxic Spikes
|faint|p2a: Glimmora
|
|-weather|Snowscape|[upkeep]
|-damage|p1a: Ogerpon|88/100 psn|[from] psn
|upkeep
|
|t:|1779922794
|switch|p2a: Great Tusk|Great Tusk|100/100
|-damage|p2a: Great Tusk|97/100|[from] Stealth Rock
|turn|15
|
|t:|1779922799
|move|p1a: Ogerpon|Ivy Cudgel|p2a: Great Tusk|[anim] Ivy Cudgel Water
|-supereffective|p2a: Great Tusk
|-damage|p2a: Great Tusk|11/100
|move|p2a: Great Tusk|Close Combat|p1a: Ogerpon
|-damage|p1a: Ogerpon|7/100 psn
|-unboost|p2a: Great Tusk|def|1
|-unboost|p2a: Great Tusk|spd|1
|
|-weather|none
|-heal|p2a: Great Tusk|17/100|[from] item: Leftovers
|-damage|p1a: Ogerpon|0 fnt|[from] psn
|faint|p1a: Ogerpon
|
|win|lord_brains
|raw|regitron 21's rating: 1358 &rarr; <strong>1338</strong><br />(-20 for losing)
|raw|lord_brains's rating: 1362 &rarr; <strong>1382</strong><br />(+20 for winning)
|c|☆regitron 21|gg
|c|☆lord_brains|gg wp
|c|☆regitron 21|tnx
