|j|☆lcs_l3o
|j|☆Eat67arbys
|t:|1779841557
|gametype|singles
|player|p1|lcs_l3o|acetrainer|1255
|player|p2|Eat67arbys|266|1173
|gen|9
|tier|[Gen 9] OU
|rated|
|rule|HP Percentage Mod: HP is shown in percentages
|rule|Endless Battle Clause: Forcing endless battles is banned
|rule|Species Clause: Limit one of each Pokémon
|rule|OHKO Clause: OHKO moves are banned
|rule|Evasion Items Clause: Evasion items are banned
|rule|Evasion Moves Clause: Evasion moves are banned
|rule|Evasion Abilities Clause: Evasion abilities are banned
|rule|Sleep Moves Clause: Sleep-inducing moves are banned
|clearpoke
|poke|p1|Ceruledge, M|
|poke|p1|Kingambit, F|
|poke|p1|Serperior, F|
|poke|p1|Garganacl, M|
|poke|p1|Samurott-Hisui, F|
|poke|p1|Oricorio-Pom-Pom, M|
|poke|p2|Landorus-Therian, M|
|poke|p2|Dragonite, F|
|poke|p2|Kingambit, M|
|poke|p2|Ogerpon-Wellspring, F|
|poke|p2|Rillaboom, M|
|poke|p2|Weezing-Galar, F|
|teampreview
|inactive|Battle timer is ON: inactive players will automatically lose when time's up. (requested by lcs_l3o)
|c|☆Eat67arbys|Gl hf
|
|t:|1779841564
|teamsize|p1|6
|teamsize|p2|6
|start
|switch|p1a: Serperior|Serperior, F|100/100
|switch|p2a: Landorus|Landorus-Therian, M|100/100
|-ability|p2a: Landorus|Intimidate|boost
|-boost|p1a: Serperior|atk|1
|turn|1
|
|t:|1779841572
|move|p1a: Serperior|Glare|p2a: Landorus
|-status|p2a: Landorus|par
|move|p2a: Landorus|U-turn|p1a: Serperior
|-supereffective|p1a: Serperior
|-crit|p1a: Serperior
|-damage|p1a: Serperior|15/100
|
|t:|1779841583
|switch|p2a: Dragonite|Dragonite, F|100/100|[from] U-turn
|
|upkeep
|turn|2
|
|t:|1779841586
|move|p2a: Dragonite|Extreme Speed|p1a: Serperior
|-damage|p1a: Serperior|0 fnt
|faint|p1a: Serperior
|
|upkeep
|
|t:|1779841593
|switch|p1a: Oricorio|Oricorio-Pom-Pom, M, shiny|100/100
|turn|3
|l|☆Eat67arbys
|inactive|Eat67arbys disconnected and has a minute to reconnect!
|player|p2|
|j|☆Eat67arbys
|inactive|Eat67arbys reconnected and has 130 seconds left.
|player|p2|Eat67arbys|266|
|inactive|Eat67arbys has 120 seconds left.
|
|t:|1779841625
|move|p1a: Oricorio|Quiver Dance|p1a: Oricorio
|-boost|p1a: Oricorio|spa|1
|-boost|p1a: Oricorio|spd|1
|-boost|p1a: Oricorio|spe|1
|move|p2a: Dragonite|Dragon Dance|p2a: Dragonite
|-boost|p2a: Dragonite|atk|1
|-boost|p2a: Dragonite|spe|1
|-activate|p1a: Oricorio|ability: Dancer
|move|p1a: Oricorio|Dragon Dance|p1a: Oricorio|[from] ability: Dancer
|-boost|p1a: Oricorio|atk|1
|-boost|p1a: Oricorio|spe|1
|
|upkeep
|turn|4
|
|t:|1779841631
|-terastallize|p2a: Dragonite|Normal
|move|p2a: Dragonite|Extreme Speed|p1a: Oricorio
|-damage|p1a: Oricorio|2/100
|move|p1a: Oricorio|Quiver Dance|p1a: Oricorio
|-boost|p1a: Oricorio|spa|1
|-boost|p1a: Oricorio|spd|1
|-boost|p1a: Oricorio|spe|1
|
|-heal|p1a: Oricorio|8/100|[from] item: Leftovers
|upkeep
|turn|5
|
|t:|1779841635
|move|p2a: Dragonite|Extreme Speed|p1a: Oricorio
|-damage|p1a: Oricorio|0 fnt
|faint|p1a: Oricorio
|
|upkeep
|
|t:|1779841641
|switch|p1a: Ceruledge|Ceruledge, M|100/100
|turn|6
|
|t:|1779841646
|move|p2a: Dragonite|Earthquake|p1a: Ceruledge
|-supereffective|p1a: Ceruledge
|-damage|p1a: Ceruledge|0 fnt
|faint|p1a: Ceruledge
|
|upkeep
|
|t:|1779841650
|switch|p1a: Samurott|Samurott-Hisui, F, shiny|100/100
|turn|7
|
|t:|1779841652
|move|p2a: Dragonite|Extreme Speed|p1a: Samurott
|-damage|p1a: Samurott|10/100
|move|p1a: Samurott|Sacred Sword|p2a: Dragonite
|-supereffective|p2a: Dragonite
|-damage|p2a: Dragonite|58/100
|
|upkeep
|turn|8
|
|t:|1779841658
|move|p2a: Dragonite|Extreme Speed|p1a: Samurott
|-damage|p1a: Samurott|0 fnt
|faint|p1a: Samurott
|
|upkeep
|
|t:|1779841660
|switch|p1a: Kingambit|Kingambit, F, shiny|100/100
|-activate|p1a: Kingambit|ability: Supreme Overlord
|-start|p1a: Kingambit|fallen4|[silent]
|-item|p1a: Kingambit|Air Balloon
|turn|9
|
|t:|1779841665
|move|p2a: Dragonite|Extreme Speed|p1a: Kingambit
|-resisted|p1a: Kingambit
|-damage|p1a: Kingambit|72/100
|-enditem|p1a: Kingambit|Air Balloon
|move|p1a: Kingambit|Low Kick|p2a: Dragonite
|-supereffective|p2a: Dragonite
|-damage|p2a: Dragonite|0 fnt
|faint|p2a: Dragonite
|
|upkeep
|
|t:|1779841670
|switch|p2a: Landorus|Landorus-Therian, M|100/100 par
|-ability|p2a: Landorus|Intimidate|boost
|-unboost|p1a: Kingambit|atk|1
|turn|10
|c|☆lcs_l3o|Ok i give up
|-message|lcs_l3o forfeited.
|
|win|Eat67arbys
|raw|lcs_l3o's rating: 1255 &rarr; <strong>1224</strong><br />(-31 for losing)
|raw|Eat67arbys's rating: 1173 &rarr; <strong>1204</strong><br />(+31 for winning)
|l|☆lcs_l3o
|player|p1|
|c|☆Eat67arbys|Gg
|l|☆Eat67arbys
|player|p2|
