|j|☆bowgod27
|j|☆Goopatron9001
|t:|1779812834
|gametype|singles
|player|p1|bowgod27|wallace|1354
|player|p2|Goopatron9001|veteran|1341
|gen|9
|tier|[Gen 9] OU
|rated|
|rule|HP Percentage Mod: HP is shown in percentages
|rule|Endless Battle Clause: Forcing endless battles is banned
|rule|Species Clause: Limit one of each Pokémon
|rule|OHKO Clause: OHKO moves are banned
|rule|Evasion Items Clause: Evasion items are banned
|rule|Evasion Moves Clause: Evasion moves are banned
|rule|Evasion Abilities Clause: Evasion abilities are banned
|rule|Sleep Moves Clause: Sleep-inducing moves are banned
|clearpoke
|poke|p1|Walking Wake|
|poke|p1|Great Tusk|
|poke|p1|Ninetales, M|
|poke|p1|Cresselia, F|
|poke|p1|Zarude|
|poke|p1|Ceruledge, M|
|poke|p2|Ninetales, M|
|poke|p2|Lilligant-Hisui, F|
|poke|p2|Walking Wake|
|poke|p2|Altaria, M|
|poke|p2|Moltres|
|poke|p2|Clodsire, M|
|teampreview
|inactive|Battle timer is ON: inactive players will automatically lose when time's up. (requested by Goopatron9001)
|inactive|bowgod27 has 120 seconds left.
|inactive|Goopatron9001 has 120 seconds left.
|inactive|bowgod27 has 90 seconds left.
|inactive|Goopatron9001 has 90 seconds left.
|l|☆bowgod27
|inactive|bowgod27 disconnected and has a minute to reconnect!
|player|p1|
|inactive|bowgod27 has 30 seconds to reconnect!
|j|☆bowgod27
|inactive|bowgod27 reconnected and has 45 seconds left.
|player|p1|bowgod27|wallace|
|
|t:|1779812953
|teamsize|p1|6
|teamsize|p2|6
|start
|switch|p1a: Ninetales|Ninetales, M|100/100
|switch|p2a: Philidelphia|Ninetales, M, shiny|100/100
|-weather|SunnyDay|[from] ability: Drought|[of] p2a: Philidelphia
|turn|1
|
|t:|1779812962
|switch|p2a: Walking Wank|Walking Wake|100/100
|-activate|p2a: Walking Wank|ability: Protosynthesis
|-start|p2a: Walking Wank|protosynthesisspe
|switch|p1a: Walking Wake|Walking Wake|100/100
|-activate|p1a: Walking Wake|ability: Protosynthesis
|-start|p1a: Walking Wake|protosynthesisspe
|
|-weather|SunnyDay|[upkeep]
|upkeep
|turn|2
|
|t:|1779812971
|move|p1a: Walking Wake|Draco Meteor|p2a: Walking Wank
|-supereffective|p2a: Walking Wank
|-damage|p2a: Walking Wank|0 fnt
|-unboost|p1a: Walking Wake|spa|2
|faint|p2a: Walking Wank
|-end|p2a: Walking Wank|Protosynthesis|[silent]
|
|-weather|SunnyDay|[upkeep]
|upkeep
|
|t:|1779812978
|switch|p2a: FlowerpuffGirls|Lilligant-Hisui, F|100/100
|turn|3
|inactive|bowgod27 has 90 seconds left.
|
|t:|1779813010
|-end|p1a: Walking Wake|Protosynthesis|[silent]
|switch|p1a: Cresselia|Cresselia, F|100/100
|move|p2a: FlowerpuffGirls|Victory Dance|p2a: FlowerpuffGirls
|-boost|p2a: FlowerpuffGirls|atk|1
|-boost|p2a: FlowerpuffGirls|def|1
|-boost|p2a: FlowerpuffGirls|spe|1
|
|-weather|SunnyDay|[upkeep]
|upkeep
|turn|4
|
|t:|1779813028
|move|p2a: FlowerpuffGirls|Leaf Blade|p1a: Cresselia
|-damage|p1a: Cresselia|50/100
|-enditem|p1a: Cresselia|Eject Button
|-damage|p2a: FlowerpuffGirls|91/100|[from] item: Life Orb
|inactive|bowgod27 has 90 seconds left.
|
|t:|1779813041
|switch|p1a: Ceruledge|Ceruledge, M|100/100
|
|-weather|SunnyDay|[upkeep]
|upkeep
|turn|5
|
|t:|1779813054
|move|p2a: FlowerpuffGirls|Leaf Blade|p1a: Ceruledge
|-resisted|p1a: Ceruledge
|-damage|p1a: Ceruledge|43/100
|-ability|p1a: Ceruledge|Weak Armor|boost
|-unboost|p1a: Ceruledge|def|1
|-boost|p1a: Ceruledge|spe|2
|-damage|p2a: FlowerpuffGirls|81/100|[from] item: Life Orb
|move|p1a: Ceruledge|Bitter Blade|p2a: FlowerpuffGirls
|-supereffective|p2a: FlowerpuffGirls
|-damage|p2a: FlowerpuffGirls|0 fnt
|-heal|p1a: Ceruledge|82/100|[from] drain|[of] p2a: FlowerpuffGirls
|faint|p2a: FlowerpuffGirls
|
|-weather|SunnyDay|[upkeep]
|upkeep
|
|t:|1779813064
|switch|p2a: Blazing Canes|Moltres|100/100
|turn|6
|c|☆bowgod27|nice mon names
|inactive|bowgod27 has 90 seconds left.
|
|t:|1779813108
|move|p1a: Ceruledge|Swords Dance|p1a: Ceruledge
|-boost|p1a: Ceruledge|atk|2
|move|p2a: Blazing Canes|Flamethrower|p1a: Ceruledge
|-resisted|p1a: Ceruledge
|-damage|p1a: Ceruledge|51/100
|
|-weather|SunnyDay|[upkeep]
|upkeep
|turn|7
|
|t:|1779813117
|move|p1a: Ceruledge|Poltergeist|p2a: Blazing Canes
|-activate|p2a: Blazing Canes|move: Poltergeist|Heavy-Duty Boots
|-damage|p2a: Blazing Canes|21/100
|move|p2a: Blazing Canes|Air Slash|p1a: Ceruledge
|-damage|p1a: Ceruledge|10/100
|
|-weather|SunnyDay|[upkeep]
|upkeep
|turn|8
|
|t:|1779813137
|move|p1a: Ceruledge|Poltergeist|p2a: Blazing Canes
|-activate|p2a: Blazing Canes|move: Poltergeist|Heavy-Duty Boots
|-damage|p2a: Blazing Canes|0 fnt
|faint|p2a: Blazing Canes
|
|-weather|none
|upkeep
|
|t:|1779813142
|switch|p2a: •___•|Clodsire, M|100/100
|turn|9
|c|☆Goopatron9001|Thx lol
|
|t:|1779813164
|move|p1a: Ceruledge|Poltergeist|p2a: •___•
|-activate|p2a: •___•|move: Poltergeist|Black Sludge
|-damage|p2a: •___•|29/100
|move|p2a: •___•|Earthquake|p1a: Ceruledge
|-supereffective|p1a: Ceruledge
|-damage|p1a: Ceruledge|0 fnt
|faint|p1a: Ceruledge
|
|-heal|p2a: •___•|35/100|[from] item: Black Sludge
|upkeep
|c|☆Goopatron9001|this is my practice team for a draft league, except I also have annihilape but can’t use it here
|inactive|bowgod27 has 60 seconds left.
|
|t:|1779813179
|switch|p1a: Great Tusk|Great Tusk|100/100
|turn|10
|inactive|bowgod27 has 60 seconds left.
|
|t:|1779813185
|switch|p2a: Zeus?|Altaria, M, shiny|100/100
|move|p1a: Great Tusk|Ice Spinner|p2a: Zeus?
|-supereffective|p2a: Zeus?
|-damage|p2a: Zeus?|0 fnt
|faint|p2a: Zeus?
|
|upkeep
|
|t:|1779813188
|switch|p2a: Philidelphia|Ninetales, M, shiny|100/100
|-weather|SunnyDay|[from] ability: Drought|[of] p2a: Philidelphia
|-activate|p1a: Great Tusk|ability: Protosynthesis
|-start|p1a: Great Tusk|protosynthesisatk
|turn|11
|c|☆bowgod27|ah gotcha
|inactive|bowgod27 has 60 seconds left.
|
|t:|1779813211
|-end|p1a: Great Tusk|Protosynthesis|[silent]
|switch|p1a: Walking Wake|Walking Wake|100/100
|-activate|p1a: Walking Wake|ability: Protosynthesis
|-start|p1a: Walking Wake|protosynthesisspe
|move|p2a: Philidelphia|Fire Blast|p1a: Walking Wake
|-resisted|p1a: Walking Wake
|-damage|p1a: Walking Wake|83/100
|-status|p1a: Walking Wake|brn
|
|-weather|SunnyDay|[upkeep]
|-damage|p1a: Walking Wake|77/100 brn|[from] brn
|upkeep
|turn|12
|inactive|bowgod27 has 60 seconds left.
|
|t:|1779813217
|move|p1a: Walking Wake|Hydro Steam|p2a: Philidelphia
|-supereffective|p2a: Philidelphia
|-damage|p2a: Philidelphia|0 fnt
|faint|p2a: Philidelphia
|
|-weather|SunnyDay|[upkeep]
|-damage|p1a: Walking Wake|71/100 brn|[from] brn
|upkeep
|
|t:|1779813220
|switch|p2a: •___•|Clodsire, M|35/100
|turn|13
|
|t:|1779813225
|move|p1a: Walking Wake|Draco Meteor|p2a: •___•
|-damage|p2a: •___•|0 fnt
|-unboost|p1a: Walking Wake|spa|2
|faint|p2a: •___•
|
|win|bowgod27
|raw|bowgod27's rating: 1354 &rarr; <strong>1373</strong><br />(+19 for winning)
|raw|Goopatron9001's rating: 1341 &rarr; <strong>1322</strong><br />(-19 for losing)
|c|☆Goopatron9001|Gg tjo
|c|☆bowgod27|Gg
|l|☆Goopatron9001
|player|p2|
|c|☆bowgod27|btw we’re u water absorb
