|j|☆PikachuRTM
|j|☆glimpseman
|t:|1779857948
|gametype|singles
|player|p1|PikachuRTM|ltsurge|1449
|player|p2|glimpseman|#wcor2025canada|1492
|gen|9
|tier|[Gen 9] OU
|rated|
|rule|HP Percentage Mod: HP is shown in percentages
|rule|Endless Battle Clause: Forcing endless battles is banned
|rule|Species Clause: Limit one of each Pokémon
|rule|OHKO Clause: OHKO moves are banned
|rule|Evasion Items Clause: Evasion items are banned
|rule|Evasion Moves Clause: Evasion moves are banned
|rule|Evasion Abilities Clause: Evasion abilities are banned
|rule|Sleep Moves Clause: Sleep-inducing moves are banned
|clearpoke
|poke|p1|Pikachu, M|
|poke|p1|Dragapult, M|
|poke|p1|Deoxys-Speed|
|poke|p1|Iron Treads|
|poke|p1|Samurott-Hisui, M|
|poke|p1|Ogerpon, F|
|poke|p2|Gliscor, M|
|poke|p2|Heatran, M|
|poke|p2|Weezing-Galar, M|
|poke|p2|Zamazenta-*|
|poke|p2|Ogerpon, F|
|poke|p2|Samurott-Hisui, M|
|teampreview
|inactive|Battle timer is ON: inactive players will automatically lose when time's up. (requested by glimpseman)
|
|t:|1779857956
|teamsize|p1|6
|teamsize|p2|6
|start
|switch|p1a: IShowSpeed|Deoxys-Speed|100/100
|switch|p2a: Samurott|Samurott-Hisui, M|100/100
|-ability|p1a: IShowSpeed|Pressure
|turn|1
|
|t:|1779857959
|move|p1a: IShowSpeed|Superpower|p2a: Samurott
|-supereffective|p2a: Samurott
|-damage|p2a: Samurott|44/100
|-unboost|p1a: IShowSpeed|atk|1
|-unboost|p1a: IShowSpeed|def|1
|-enditem|p1a: IShowSpeed|Eject Pack
|
|t:|1779857964
|switch|p1a: Sam|Samurott-Hisui, M|100/100
|move|p2a: Samurott|Knock Off|p1a: Sam
|-resisted|p1a: Sam
|-damage|p1a: Sam|81/100
|-enditem|p1a: Sam|Assault Vest|[from] move: Knock Off|[of] p2a: Samurott
|
|upkeep
|turn|2
|
|t:|1779857969
|switch|p2a: Weezing|Weezing-Galar, M|100/100
|-ability|p2a: Weezing|Neutralizing Gas
|move|p1a: Sam|Ceaseless Edge|p2a: Weezing
|-resisted|p2a: Weezing
|-damage|p2a: Weezing|91/100
|-sidestart|p2: glimpseman|Spikes
|
|upkeep
|turn|3
|
|t:|1779857972
|move|p1a: Sam|Knock Off|p2a: Weezing
|-resisted|p2a: Weezing
|-damage|p2a: Weezing|78/100
|-enditem|p2a: Weezing|Heavy-Duty Boots|[from] move: Knock Off|[of] p1a: Sam
|move|p2a: Weezing|Defog|p1a: Sam
|-unboost|p1a: Sam|evasion|1
|-sideend|p2: glimpseman|Spikes|[from] move: Defog|[of] p2a: Weezing
|
|upkeep
|turn|4
|
|t:|1779857978
|switch|p1a: IShowSpeed|Deoxys-Speed|100/100
|move|p2a: Weezing|Will-O-Wisp|p1a: IShowSpeed
|-status|p1a: IShowSpeed|brn
|
|-damage|p1a: IShowSpeed|94/100 brn|[from] brn
|upkeep
|turn|5
|
|t:|1779857981
|-end|p2a: Weezing|ability: Neutralizing Gas
|-ability|p1a: IShowSpeed|Pressure
|switch|p2a: Samurott|Samurott-Hisui, M|44/100
|move|p1a: IShowSpeed|Psycho Boost|p2a: Samurott
|-immune|p2a: Samurott
|
|-damage|p1a: IShowSpeed|88/100 brn|[from] brn
|upkeep
|turn|6
|
|t:|1779857993
|switch|p1a: Sam|Samurott-Hisui, M|81/100
|move|p2a: Samurott|Sucker Punch||[still]
|-fail|p2a: Samurott
|
|upkeep
|turn|7
|
|t:|1779857999
|switch|p2a: Weezing|Weezing-Galar, M|78/100
|-ability|p2a: Weezing|Neutralizing Gas
|move|p1a: Sam|Ceaseless Edge|p2a: Weezing
|-resisted|p2a: Weezing
|-damage|p2a: Weezing|68/100
|-sidestart|p2: glimpseman|Spikes
|
|upkeep
|turn|8
|
|t:|1779858003
|switch|p1a: IShowSpeed|Deoxys-Speed|88/100 brn
|move|p2a: Weezing|Sludge Bomb|p1a: IShowSpeed
|-damage|p1a: IShowSpeed|40/100 brn
|
|-damage|p1a: IShowSpeed|34/100 brn|[from] brn
|upkeep
|turn|9
|
|t:|1779858008
|-end|p2a: Weezing|ability: Neutralizing Gas
|-ability|p1a: IShowSpeed|Pressure
|switch|p2a: Gliscor|Gliscor, M|100/100
|move|p1a: IShowSpeed|Superpower|p2a: Gliscor
|-resisted|p2a: Gliscor
|-damage|p2a: Gliscor|95/100
|-unboost|p1a: IShowSpeed|atk|1
|-unboost|p1a: IShowSpeed|def|1
|
|-damage|p1a: IShowSpeed|28/100 brn|[from] brn
|-status|p2a: Gliscor|tox|[from] item: Toxic Orb
|upkeep
|turn|10
|
|t:|1779858012
|move|p1a: IShowSpeed|Ice Beam|p2a: Gliscor
|-supereffective|p2a: Gliscor
|-damage|p2a: Gliscor|2/100 tox
|move|p2a: Gliscor|U-turn|p1a: IShowSpeed
|-supereffective|p1a: IShowSpeed
|-damage|p1a: IShowSpeed|0 fnt
|faint|p1a: IShowSpeed
|
|t:|1779858027
|switch|p2a: Samurott|Samurott-Hisui, M|44/100|[from] U-turn
|-damage|p2a: Samurott|32/100|[from] Spikes
|
|upkeep
|
|t:|1779858029
|switch|p1a: Dönphan|Iron Treads|100/100
|turn|11
|
|t:|1779858032
|switch|p2a: Gliscor|Gliscor, M|2/100 tox
|move|p1a: Dönphan|Earthquake|p2a: Gliscor
|-immune|p2a: Gliscor
|
|-heal|p2a: Gliscor|14/100 tox|[from] ability: Poison Heal
|upkeep
|turn|12
|
|t:|1779858034
|move|p2a: Gliscor|Protect|p2a: Gliscor
|-singleturn|p2a: Gliscor|Protect
|move|p1a: Dönphan|Knock Off|p2a: Gliscor
|-activate|p2a: Gliscor|move: Protect
|
|-heal|p2a: Gliscor|27/100 tox|[from] ability: Poison Heal
|upkeep
|turn|13
|
|t:|1779858038
|switch|p2a: Heatran|Heatran, M|100/100
|-item|p2a: Heatran|Air Balloon
|move|p1a: Dönphan|Stealth Rock|p2a: Heatran
|-sidestart|p2: glimpseman|move: Stealth Rock
|
|upkeep
|turn|14
|
|t:|1779858041
|move|p1a: Dönphan|Knock Off|p2a: Heatran
|-damage|p2a: Heatran|69/100
|-enditem|p2a: Heatran|Air Balloon
|move|p2a: Heatran|Magma Storm|p1a: Dönphan|[miss]
|-miss|p2a: Heatran|p1a: Dönphan
|
|upkeep
|turn|15
|c|☆glimpseman|dude
|
|t:|1779858062
|-end|p1a: Dönphan|Quark Drive|[silent]
|switch|p1a: Sam|Samurott-Hisui, M|81/100
|switch|p2a: Gliscor|Gliscor, M|27/100 tox
|-damage|p2a: Gliscor|14/100 tox|[from] Stealth Rock
|
|-heal|p2a: Gliscor|27/100 tox|[from] ability: Poison Heal
|upkeep
|turn|16
|
|t:|1779858067
|move|p2a: Gliscor|Protect|p2a: Gliscor
|-singleturn|p2a: Gliscor|Protect
|move|p1a: Sam|Razor Shell|p2a: Gliscor
|-activate|p2a: Gliscor|move: Protect
|
|-heal|p2a: Gliscor|39/100 tox|[from] ability: Poison Heal
|upkeep
|turn|17
|
|t:|1779858070
|switch|p2a: Samurott|Samurott-Hisui, M|32/100
|-damage|p2a: Samurott|20/100|[from] Spikes
|-damage|p2a: Samurott|7/100|[from] Stealth Rock
|move|p1a: Sam|Ceaseless Edge|p2a: Samurott
|-resisted|p2a: Samurott
|-damage|p2a: Samurott|0 fnt
|-sidestart|p2: glimpseman|Spikes
|faint|p2a: Samurott
|
|upkeep
|
|t:|1779858072
|switch|p2a: Weezing|Weezing-Galar, M|68/100
|-ability|p2a: Weezing|Neutralizing Gas
|-damage|p2a: Weezing|52/100|[from] Spikes
|-damage|p2a: Weezing|39/100|[from] Stealth Rock
|turn|18
|
|t:|1779858075
|move|p1a: Sam|Razor Shell|p2a: Weezing
|-crit|p2a: Weezing
|-damage|p2a: Weezing|9/100
|move|p2a: Weezing|Defog|p1a: Sam
|-unboost|p1a: Sam|evasion|1
|-sideend|p2: glimpseman|Spikes|[from] move: Defog|[of] p2a: Weezing
|-sideend|p2: glimpseman|Stealth Rock|[from] move: Defog|[of] p2a: Weezing
|
|upkeep
|turn|19
|
|t:|1779858081
|-end|p2a: Weezing|ability: Neutralizing Gas
|switch|p2a: Zamazenta|Zamazenta|100/100
|-ability|p2a: Zamazenta|Dauntless Shield|boost
|-boost|p2a: Zamazenta|def|1
|move|p1a: Sam|Ceaseless Edge|p2a: Zamazenta|[miss]
|-miss|p1a: Sam|p2a: Zamazenta
|
|upkeep
|turn|20
|
|t:|1779858087
|switch|p1a: Liftoff|Dragapult, M, shiny|100/100
|move|p2a: Zamazenta|Substitute|p2a: Zamazenta
|-start|p2a: Zamazenta|Substitute
|-damage|p2a: Zamazenta|76/100
|
|-heal|p2a: Zamazenta|82/100|[from] item: Leftovers
|upkeep
|turn|21
|
|t:|1779858091
|move|p1a: Liftoff|Will-O-Wisp|p2a: Zamazenta
|-status|p2a: Zamazenta|brn
|move|p2a: Zamazenta|Crunch|p1a: Liftoff
|-supereffective|p1a: Liftoff
|-damage|p1a: Liftoff|69/100
|-unboost|p1a: Liftoff|def|1
|
|-heal|p2a: Zamazenta|88/100 brn|[from] item: Leftovers
|-damage|p2a: Zamazenta|82/100 brn|[from] brn
|upkeep
|turn|22
|
|t:|1779858093
|move|p1a: Liftoff|Hex|p2a: Zamazenta
|-damage|p2a: Zamazenta|41/100 brn
|move|p2a: Zamazenta|Crunch|p1a: Liftoff
|-supereffective|p1a: Liftoff
|-damage|p1a: Liftoff|25/100
|
|-heal|p2a: Zamazenta|48/100 brn|[from] item: Leftovers
|-damage|p2a: Zamazenta|41/100 brn|[from] brn
|upkeep
|turn|23
|
|t:|1779858096
|move|p1a: Liftoff|Hex|p2a: Zamazenta
|-damage|p2a: Zamazenta|0 fnt
|faint|p2a: Zamazenta
|
|upkeep
|
|t:|1779858104
|switch|p2a: Ogerpon|Ogerpon, F|100/100
|turn|24
|
|t:|1779858107
|-terastallize|p2a: Ogerpon|Grass
|detailschange|p2a: Ogerpon|Ogerpon-Teal-Tera, F, tera:Grass
|-ability|p2a: Ogerpon|Embody Aspect (Teal)|boost
|-boost|p2a: Ogerpon|spe|1
|move|p2a: Ogerpon|U-turn|p1a: Liftoff
|-resisted|p1a: Liftoff
|-damage|p1a: Liftoff|0 fnt
|faint|p1a: Liftoff
|
|t:|1779858114
|switch|p2a: Gliscor|Gliscor, M|39/100 tox|[from] U-turn
|
|-heal|p2a: Gliscor|52/100 tox|[from] ability: Poison Heal
|upkeep
|
|t:|1779858118
|switch|p1a: Sam|Samurott-Hisui, M|81/100
|turn|25
|
|t:|1779858123
|move|p2a: Gliscor|Protect|p2a: Gliscor
|-singleturn|p2a: Gliscor|Protect
|move|p1a: Sam|Ceaseless Edge|p2a: Gliscor
|-activate|p2a: Gliscor|move: Protect
|
|-heal|p2a: Gliscor|64/100 tox|[from] ability: Poison Heal
|upkeep
|turn|26
|
|t:|1779858130
|move|p2a: Gliscor|U-turn|p1a: Sam
|-supereffective|p1a: Sam
|-damage|p1a: Sam|50/100
|
|t:|1779858132
|switch|p2a: Weezing|Weezing-Galar, M|9/100|[from] U-turn
|-ability|p2a: Weezing|Neutralizing Gas
|move|p1a: Sam|Ceaseless Edge|p2a: Weezing
|-resisted|p2a: Weezing
|-damage|p2a: Weezing|0 fnt
|-sidestart|p2: glimpseman|Spikes
|faint|p2a: Weezing
|-end|p2a: Weezing|ability: Neutralizing Gas
|
|upkeep
|
|t:|1779858133
|switch|p2a: Ogerpon|Ogerpon-Teal-Tera, F, tera:Grass|100/100
|-damage|p2a: Ogerpon|88/100|[from] Spikes
|-ability|p2a: Ogerpon|Embody Aspect (Teal)|boost
|-boost|p2a: Ogerpon|spe|1
|turn|27
|
|t:|1779858137
|move|p1a: Sam|Sucker Punch|p2a: Ogerpon
|-damage|p2a: Ogerpon|49/100
|move|p2a: Ogerpon|Ivy Cudgel|p1a: Sam
|-supereffective|p1a: Sam
|-damage|p1a: Sam|0 fnt
|faint|p1a: Sam
|
|upkeep
|
|t:|1779858141
|switch|p1a: Bonk!|Ogerpon, F|100/100
|turn|28
|
|t:|1779858145
|switch|p2a: Gliscor|Gliscor, M|64/100 tox
|-terastallize|p1a: Bonk!|Grass
|detailschange|p1a: Bonk!|Ogerpon-Teal-Tera, F, tera:Grass
|-ability|p1a: Bonk!|Embody Aspect (Teal)|boost
|-boost|p1a: Bonk!|spe|1
|move|p1a: Bonk!|U-turn|p2a: Gliscor
|-resisted|p2a: Gliscor
|-damage|p2a: Gliscor|51/100 tox
|
|t:|1779858149
|switch|p1a: Derrick|Pikachu, M|100/100|[from] U-turn
|
|-heal|p2a: Gliscor|64/100 tox|[from] ability: Poison Heal
|upkeep
|turn|29
|
|t:|1779858155
|switch|p1a: Bonk!|Ogerpon-Teal-Tera, F, tera:Grass|100/100
|-ability|p1a: Bonk!|Embody Aspect (Teal)|boost
|-boost|p1a: Bonk!|spe|1
|move|p2a: Gliscor|Protect||[still]
|-fail|p2a: Gliscor
|
|-heal|p2a: Gliscor|76/100 tox|[from] ability: Poison Heal
|upkeep
|turn|30
|
|t:|1779858164
|move|p1a: Bonk!|Ivy Cudgel|p2a: Gliscor
|-damage|p2a: Gliscor|3/100 tox
|move|p2a: Gliscor|Toxic|p1a: Bonk!
|-status|p1a: Bonk!|tox
|
|-damage|p1a: Bonk!|95/100 tox|[from] psn
|-heal|p2a: Gliscor|16/100 tox|[from] ability: Poison Heal
|upkeep
|turn|31
|
|t:|1779858170
|move|p2a: Gliscor|Protect|p2a: Gliscor
|-singleturn|p2a: Gliscor|Protect
|move|p1a: Bonk!|Ivy Cudgel|p2a: Gliscor
|-activate|p2a: Gliscor|move: Protect
|
|-damage|p1a: Bonk!|83/100 tox|[from] psn
|-heal|p2a: Gliscor|28/100 tox|[from] ability: Poison Heal
|upkeep
|turn|32
|
|t:|1779858176
|switch|p2a: Heatran|Heatran, M|69/100
|-damage|p2a: Heatran|57/100|[from] Spikes
|move|p1a: Bonk!|Ivy Cudgel|p2a: Heatran
|-resisted|p2a: Heatran
|-crit|p2a: Heatran
|-damage|p2a: Heatran|19/100
|
|-damage|p1a: Bonk!|65/100 tox|[from] psn
|upkeep
|turn|33
|
|t:|1779858187
|switch|p1a: Dönphan|Iron Treads|100/100
|move|p2a: Heatran|Magma Storm|p1a: Dönphan|[miss]
|-miss|p2a: Heatran|p1a: Dönphan
|
|upkeep
|turn|34
|c|☆glimpseman|MF
|
|t:|1779858193
|move|p1a: Dönphan|Stealth Rock|p2a: Heatran
|-sidestart|p2: glimpseman|move: Stealth Rock
|move|p2a: Heatran|Magma Storm|p1a: Dönphan
|-supereffective|p1a: Dönphan
|-damage|p1a: Dönphan|0 fnt
|faint|p1a: Dönphan
|-end|p1a: Dönphan|Quark Drive|[silent]
|
|upkeep
|
|t:|1779858198
|switch|p1a: Derrick|Pikachu, M|100/100
|turn|35
|
|t:|1779858201
|move|p1a: Derrick|Thunderbolt|p2a: Heatran
|-damage|p2a: Heatran|0 fnt
|faint|p2a: Heatran
|
|upkeep
|
|t:|1779858205
|switch|p2a: Gliscor|Gliscor, M|28/100 tox
|-damage|p2a: Gliscor|16/100 tox|[from] Stealth Rock
|turn|36
|
|t:|1779858208
|move|p1a: Derrick|Agility|p1a: Derrick
|-boost|p1a: Derrick|spe|2
|move|p2a: Gliscor|Toxic|p1a: Derrick
|-status|p1a: Derrick|tox
|
|-damage|p1a: Derrick|94/100 tox|[from] psn
|-heal|p2a: Gliscor|28/100 tox|[from] ability: Poison Heal
|upkeep
|turn|37
|
|t:|1779858213
|move|p2a: Gliscor|Protect|p2a: Gliscor
|-singleturn|p2a: Gliscor|Protect
|move|p1a: Derrick|Alluring Voice|p2a: Gliscor
|-activate|p2a: Gliscor|move: Protect
|
|-damage|p1a: Derrick|82/100 tox|[from] psn
|-heal|p2a: Gliscor|40/100 tox|[from] ability: Poison Heal
|upkeep
|turn|38
|
|t:|1779858215
|move|p1a: Derrick|Alluring Voice|p2a: Gliscor
|-damage|p2a: Gliscor|16/100 tox
|move|p2a: Gliscor|Earthquake|p1a: Derrick
|-supereffective|p1a: Derrick
|-damage|p1a: Derrick|0 fnt
|faint|p1a: Derrick
|
|-heal|p2a: Gliscor|29/100 tox|[from] ability: Poison Heal
|upkeep
|
|t:|1779858218
|switch|p1a: Bonk!|Ogerpon-Teal-Tera, F, tera:Grass|65/100 tox
|-ability|p1a: Bonk!|Embody Aspect (Teal)|boost
|-boost|p1a: Bonk!|spe|1
|turn|39
|
|t:|1779858220
|move|p2a: Gliscor|Protect|p2a: Gliscor
|-singleturn|p2a: Gliscor|Protect
|move|p1a: Bonk!|Ivy Cudgel|p2a: Gliscor
|-activate|p2a: Gliscor|move: Protect
|
|-damage|p1a: Bonk!|59/100 tox|[from] psn
|-heal|p2a: Gliscor|41/100 tox|[from] ability: Poison Heal
|upkeep
|turn|40
|
|t:|1779858221
|move|p2a: Gliscor|Protect|p2a: Gliscor
|-singleturn|p2a: Gliscor|Protect
|move|p1a: Bonk!|Ivy Cudgel|p2a: Gliscor
|-activate|p2a: Gliscor|move: Protect
|
|-damage|p1a: Bonk!|47/100 tox|[from] psn
|-heal|p2a: Gliscor|53/100 tox|[from] ability: Poison Heal
|upkeep
|turn|41
|
|t:|1779858222
|move|p2a: Gliscor|Protect||[still]
|-fail|p2a: Gliscor
|move|p1a: Bonk!|Ivy Cudgel|p2a: Gliscor
|-damage|p2a: Gliscor|0 fnt
|faint|p2a: Gliscor
|
|-damage|p1a: Bonk!|29/100 tox|[from] psn
|upkeep
|
|t:|1779858223
|switch|p2a: Ogerpon|Ogerpon-Teal-Tera, F, tera:Grass|49/100
|-damage|p2a: Ogerpon|37/100|[from] Spikes
|-damage|p2a: Ogerpon|25/100|[from] Stealth Rock
|-ability|p2a: Ogerpon|Embody Aspect (Teal)|boost
|-boost|p2a: Ogerpon|spe|1
|turn|42
|
|t:|1779858225
|move|p2a: Ogerpon|Ivy Cudgel|p1a: Bonk!
|-resisted|p1a: Bonk!
|-damage|p1a: Bonk!|0 fnt
|faint|p1a: Bonk!
|detailschange|p1: Bonk!|Ogerpon, F|[silent]
|
|win|glimpseman
|raw|PikachuRTM's rating: 1449 &rarr; <strong>1431</strong><br />(-18 for losing)
|raw|glimpseman's rating: 1492 &rarr; <strong>1510</strong><br />(+18 for winning)
|l|☆PikachuRTM
|player|p1|
|l|☆glimpseman
|player|p2|
|j|☆glimpseman
|player|p2|glimpseman|#wcor2025canada|
|l|☆glimpseman
|player|p2|
