|j|☆buqiucaoMAX
|j|☆Ylioen
|t:|1779949990
|gametype|singles
|player|p1|buqiucaoMAX|pokemaniac|1137
|player|p2|Ylioen|marley|1094
|gen|9
|tier|[Gen 9] OU
|rated|
|rule|HP Percentage Mod: HP is shown in percentages
|rule|Endless Battle Clause: Forcing endless battles is banned
|rule|Species Clause: Limit one of each Pokémon
|rule|OHKO Clause: OHKO moves are banned
|rule|Evasion Items Clause: Evasion items are banned
|rule|Evasion Moves Clause: Evasion moves are banned
|rule|Evasion Abilities Clause: Evasion abilities are banned
|rule|Sleep Moves Clause: Sleep-inducing moves are banned
|clearpoke
|poke|p1|Excadrill, M|
|poke|p1|Gastrodon, M|
|poke|p1|Skeledirge, F|
|poke|p1|Toxapex, M|
|poke|p1|Mienshao, M|
|poke|p1|Tyranitar, F|
|poke|p2|Scizor, M|
|poke|p2|Greninja-*, M|
|poke|p2|Noivern, F|
|poke|p2|Iron Valiant|
|poke|p2|Garchomp, F|
|poke|p2|Blaziken, M|
|teampreview
|inactive|Battle timer is ON: inactive players will automatically lose when time's up. (requested by buqiucaoMAX)
|
|t:|1779949996
|teamsize|p1|6
|teamsize|p2|6
|start
|switch|p1a: Tyranitar|Tyranitar, F|100/100
|switch|p2a: Hungry shark|Garchomp, F|100/100
|-weather|Sandstorm|[from] ability: Sand Stream|[of] p1a: Tyranitar
|turn|1
|
|t:|1779950011
|switch|p1a: Gastrodon|Gastrodon, M|100/100
|move|p2a: Hungry shark|Earthquake|p1a: Gastrodon
|-damage|p1a: Gastrodon|41/100
|
|-weather|Sandstorm|[upkeep]
|-heal|p1a: Gastrodon|47/100|[from] item: Leftovers
|upkeep
|turn|2
|
|t:|1779950029
|move|p2a: Hungry shark|Earthquake|p1a: Gastrodon
|-damage|p1a: Gastrodon|0 fnt
|faint|p1a: Gastrodon
|
|-weather|Sandstorm|[upkeep]
|upkeep
|
|t:|1779950036
|switch|p1a: Excadrill|Excadrill, M|100/100
|turn|3
|
|t:|1779950051
|move|p1a: Excadrill|Double-Edge|p2a: Hungry shark
|-crit|p2a: Hungry shark
|-damage|p2a: Hungry shark|0 fnt
|-damage|p1a: Excadrill|88/100|[from] ability: Rough Skin|[of] p2a: Hungry shark
|-damage|p1a: Excadrill|71/100|[from] item: Rocky Helmet|[of] p2a: Hungry shark
|faint|p2a: Hungry shark
|-damage|p1a: Excadrill|39/100|[from] Recoil
|
|-weather|Sandstorm|[upkeep]
|upkeep
|
|t:|1779950067
|switch|p2a: Metal Cockroach|Scizor, M|100/100
|turn|4
|
|t:|1779950078
|switch|p1a: Skeledirge|Skeledirge, F, shiny|100/100
|move|p2a: Metal Cockroach|Bullet Punch|p1a: Skeledirge
|-resisted|p1a: Skeledirge
|-damage|p1a: Skeledirge|83/100
|
|-weather|Sandstorm|[upkeep]
|-damage|p1a: Skeledirge|77/100|[from] Sandstorm
|upkeep
|turn|5
|
|t:|1779950089
|switch|p2a: Breakdancer|Blaziken, M|100/100
|move|p1a: Skeledirge|Torch Song|p2a: Breakdancer
|-resisted|p2a: Breakdancer
|-damage|p2a: Breakdancer|84/100
|-boost|p1a: Skeledirge|spa|1
|
|-weather|Sandstorm|[upkeep]
|-damage|p2a: Breakdancer|78/100|[from] Sandstorm
|-damage|p1a: Skeledirge|71/100|[from] Sandstorm
|upkeep
|turn|6
|
|t:|1779950101
|move|p2a: Breakdancer|Earthquake|p1a: Skeledirge
|-supereffective|p1a: Skeledirge
|-damage|p1a: Skeledirge|19/100
|move|p1a: Skeledirge|Slack Off|p1a: Skeledirge
|-heal|p1a: Skeledirge|69/100
|
|-weather|Sandstorm|[upkeep]
|-damage|p2a: Breakdancer|72/100|[from] Sandstorm
|-damage|p1a: Skeledirge|63/100|[from] Sandstorm
|-ability|p2a: Breakdancer|Speed Boost|boost
|-boost|p2a: Breakdancer|spe|1
|upkeep
|turn|7
|
|t:|1779950113
|switch|p1a: Tyranitar|Tyranitar, F|100/100
|move|p2a: Breakdancer|Earthquake|p1a: Tyranitar
|-supereffective|p1a: Tyranitar
|-damage|p1a: Tyranitar|50/100
|
|-weather|Sandstorm|[upkeep]
|-damage|p2a: Breakdancer|66/100|[from] Sandstorm
|-ability|p2a: Breakdancer|Speed Boost|boost
|-boost|p2a: Breakdancer|spe|1
|upkeep
|turn|8
|
|t:|1779950134
|switch|p1a: Toxapex|Toxapex, M|100/100
|move|p2a: Breakdancer|Close Combat|p1a: Toxapex
|-resisted|p1a: Toxapex
|-damage|p1a: Toxapex|84/100
|-unboost|p2a: Breakdancer|def|1
|-unboost|p2a: Breakdancer|spd|1
|
|-weather|none
|-heal|p1a: Toxapex|90/100|[from] item: Black Sludge
|-ability|p2a: Breakdancer|Speed Boost|boost
|-boost|p2a: Breakdancer|spe|1
|upkeep
|turn|9
|
|t:|1779950153
|switch|p2a: Tongue twister|Greninja, M|100/100
|move|p1a: Toxapex|Toxic|p2a: Tongue twister
|-status|p2a: Tongue twister|tox
|
|-heal|p1a: Toxapex|97/100|[from] item: Black Sludge
|-damage|p2a: Tongue twister|95/100 tox|[from] psn
|upkeep
|turn|10
|
|t:|1779950164
|move|p2a: Tongue twister|Extrasensory|p1a: Toxapex
|-supereffective|p1a: Toxapex
|-damage|p1a: Toxapex|57/100
|move|p1a: Toxapex|Gunk Shot|p2a: Tongue twister
|-crit|p2a: Tongue twister
|-damage|p2a: Tongue twister|22/100 tox
|
|-heal|p1a: Toxapex|63/100|[from] item: Black Sludge
|-damage|p2a: Tongue twister|10/100 tox|[from] psn
|upkeep
|turn|11
|
|t:|1779950175
|move|p2a: Tongue twister|Extrasensory|p1a: Toxapex
|-supereffective|p1a: Toxapex
|-damage|p1a: Toxapex|23/100
|move|p1a: Toxapex|Recover|p1a: Toxapex
|-heal|p1a: Toxapex|73/100
|
|-heal|p1a: Toxapex|79/100|[from] item: Black Sludge
|-damage|p2a: Tongue twister|0 fnt|[from] psn
|faint|p2a: Tongue twister
|upkeep
|
|t:|1779950191
|switch|p2a: Breakdancer|Blaziken, M|66/100
|turn|12
|
|t:|1779950196
|switch|p2a: Flying boombox|Noivern, F|100/100
|-item|p1a: Toxapex|Black Sludge|[from] ability: Frisk|[of] p2a: Flying boombox
|move|p1a: Toxapex|Toxic|p2a: Flying boombox
|-status|p2a: Flying boombox|tox
|
|-heal|p1a: Toxapex|85/100|[from] item: Black Sludge
|-damage|p2a: Flying boombox|94/100 tox|[from] psn
|upkeep
|turn|13
|
|t:|1779950211
|move|p2a: Flying boombox|Air Slash|p1a: Toxapex
|-damage|p1a: Toxapex|56/100
|move|p1a: Toxapex|Gunk Shot|p2a: Flying boombox
|-damage|p2a: Flying boombox|59/100 tox
|
|-heal|p1a: Toxapex|62/100|[from] item: Black Sludge
|-damage|p2a: Flying boombox|46/100 tox|[from] psn
|upkeep
|turn|14
|
|t:|1779950220
|move|p2a: Flying boombox|Air Slash|p1a: Toxapex
|-damage|p1a: Toxapex|33/100
|move|p1a: Toxapex|Recover|p1a: Toxapex
|-heal|p1a: Toxapex|83/100
|
|-heal|p1a: Toxapex|90/100|[from] item: Black Sludge
|-damage|p2a: Flying boombox|28/100 tox|[from] psn
|upkeep
|turn|15
|
|t:|1779950231
|move|p2a: Flying boombox|Roost|p2a: Flying boombox
|-heal|p2a: Flying boombox|78/100 tox
|-singleturn|p2a: Flying boombox|move: Roost
|move|p1a: Toxapex|Liquidation|p2a: Flying boombox
|-resisted|p2a: Flying boombox
|-damage|p2a: Flying boombox|64/100 tox
|
|-heal|p1a: Toxapex|96/100|[from] item: Black Sludge
|-damage|p2a: Flying boombox|39/100 tox|[from] psn
|upkeep
|turn|16
|
|t:|1779950242
|move|p2a: Flying boombox|Roost|p2a: Flying boombox
|-heal|p2a: Flying boombox|89/100 tox
|-singleturn|p2a: Flying boombox|move: Roost
|move|p1a: Toxapex|Gunk Shot|p2a: Flying boombox|[miss]
|-miss|p1a: Toxapex|p2a: Flying boombox
|
|-heal|p1a: Toxapex|100/100|[from] item: Black Sludge
|-damage|p2a: Flying boombox|59/100 tox|[from] psn
|upkeep
|turn|17
|
|t:|1779950253
|move|p2a: Flying boombox|Air Slash|p1a: Toxapex
|-damage|p1a: Toxapex|73/100
|cant|p1a: Toxapex|flinch
|
|-heal|p1a: Toxapex|79/100|[from] item: Black Sludge
|-damage|p2a: Flying boombox|22/100 tox|[from] psn
|upkeep
|-enditem|p2a: Flying boombox|Salac Berry|[eat]
|-boost|p2a: Flying boombox|spe|1|[from] item: Salac Berry
|turn|18
|
|t:|1779950264
|move|p2a: Flying boombox|Dragon Pulse|p1a: Toxapex
|-damage|p1a: Toxapex|49/100
|move|p1a: Toxapex|Gunk Shot|p2a: Flying boombox
|-damage|p2a: Flying boombox|0 fnt
|faint|p2a: Flying boombox
|
|-heal|p1a: Toxapex|55/100|[from] item: Black Sludge
|upkeep
|
|t:|1779950278
|switch|p2a: Breakdancer|Blaziken, M|66/100
|turn|19
|
|t:|1779950282
|move|p2a: Breakdancer|Thunder Punch|p1a: Toxapex
|-supereffective|p1a: Toxapex
|-damage|p1a: Toxapex|24/100
|move|p1a: Toxapex|Liquidation|p2a: Breakdancer
|-supereffective|p2a: Breakdancer
|-damage|p2a: Breakdancer|6/100
|-unboost|p2a: Breakdancer|def|1
|
|-heal|p1a: Toxapex|30/100|[from] item: Black Sludge
|-ability|p2a: Breakdancer|Speed Boost|boost
|-boost|p2a: Breakdancer|spe|1
|upkeep
|turn|20
|
|t:|1779950294
|move|p2a: Breakdancer|Thunder Punch|p1a: Toxapex
|-supereffective|p1a: Toxapex
|-damage|p1a: Toxapex|2/100
|move|p1a: Toxapex|Liquidation|p2a: Breakdancer
|-supereffective|p2a: Breakdancer
|-damage|p2a: Breakdancer|0 fnt
|faint|p2a: Breakdancer
|
|-heal|p1a: Toxapex|8/100|[from] item: Black Sludge
|upkeep
|-message|Ylioen forfeited.
|
|win|buqiucaoMAX
|raw|buqiucaoMAX's rating: 1137 &rarr; <strong>1159</strong><br />(+22 for winning)
|raw|Ylioen's rating: 1094 &rarr; <strong>1073</strong><br />(-21 for losing)
|l|☆Ylioen
|player|p2|
|l|☆buqiucaoMAX
|player|p1|
