|j|☆ashmer06
|j|‽smartsy
|t:|1779892806
|gametype|singles
|player|p1|ashmer06|265|1442
|player|p2|smartsy|alder|1460
|gen|9
|tier|[Gen 9] OU
|rated|
|rule|HP Percentage Mod: HP is shown in percentages
|rule|Endless Battle Clause: Forcing endless battles is banned
|rule|Species Clause: Limit one of each Pokémon
|rule|OHKO Clause: OHKO moves are banned
|rule|Evasion Items Clause: Evasion items are banned
|rule|Evasion Moves Clause: Evasion moves are banned
|rule|Evasion Abilities Clause: Evasion abilities are banned
|rule|Sleep Moves Clause: Sleep-inducing moves are banned
|clearpoke
|poke|p1|Pincurchin, F|
|poke|p1|Iron Crown|
|poke|p1|Hawlucha, M|
|poke|p1|Iron Hands|
|poke|p1|Iron Treads|
|poke|p1|Iron Moth|
|poke|p2|Gholdengo|
|poke|p2|Clefable, M|
|poke|p2|Ting-Lu|
|poke|p2|Darkrai|
|poke|p2|Rillaboom, M|
|poke|p2|Zamazenta-*|
|teampreview
|
|t:|1779892816
|teamsize|p1|6
|teamsize|p2|6
|start
|switch|p1a: Pincurchin|Pincurchin, F|100/100
|switch|p2a: Clefable|Clefable, M|100/100
|-fieldstart|move: Electric Terrain|[from] ability: Electric Surge|[of] p1a: Pincurchin
|turn|1
|
|t:|1779892823
|switch|p1a: Iron Moth|Iron Moth|100/100
|-activate|p1a: Iron Moth|ability: Quark Drive
|-start|p1a: Iron Moth|quarkdrivespa
|move|p2a: Clefable|Stealth Rock|p1a: Iron Moth
|-sidestart|p1: ashmer06|move: Stealth Rock
|
|upkeep
|turn|2
|
|t:|1779892833
|switch|p2a: Ting-Lu|Ting-Lu|100/100
|-ability|p2a: Ting-Lu|Vessel of Ruin
|move|p1a: Iron Moth|Overheat|p2a: Ting-Lu
|-damage|p2a: Ting-Lu|35/100
|-unboost|p1a: Iron Moth|spa|2
|
|-heal|p2a: Ting-Lu|41/100|[from] item: Leftovers
|upkeep
|turn|3
|
|t:|1779892844
|move|p1a: Iron Moth|Overheat|p2a: Ting-Lu
|-damage|p2a: Ting-Lu|7/100
|-unboost|p1a: Iron Moth|spa|2
|move|p2a: Ting-Lu|Spikes|p1a: Iron Moth
|-sidestart|p1: ashmer06|Spikes
|
|-heal|p2a: Ting-Lu|13/100|[from] item: Leftovers
|upkeep
|turn|4
|
|t:|1779892851
|switch|p2a: Rillaboom|Rillaboom, M|100/100
|-fieldstart|move: Grassy Terrain|[from] ability: Grassy Surge|[of] p2a: Rillaboom
|-end|p1a: Iron Moth|Quark Drive
|move|p1a: Iron Moth|Overheat|p2a: Rillaboom|[miss]
|-miss|p1a: Iron Moth|p2a: Rillaboom
|
|upkeep
|turn|5
|
|t:|1779892860
|-end|p1a: Iron Moth|Quark Drive|[silent]
|switch|p1a: Iron Hands|Iron Hands|100/100
|-damage|p1a: Iron Hands|94/100|[from] Stealth Rock
|-damage|p1a: Iron Hands|82/100|[from] Spikes
|move|p2a: Rillaboom|U-turn|p1a: Iron Hands
|-resisted|p1a: Iron Hands
|-damage|p1a: Iron Hands|73/100
|
|t:|1779892872
|switch|p2a: Clefable|Clefable, M|100/100|[from] U-turn
|
|-heal|p1a: Iron Hands|79/100|[from] Grassy Terrain
|upkeep
|turn|6
|
|t:|1779892876
|move|p2a: Clefable|Moonblast|p1a: Iron Hands
|-supereffective|p1a: Iron Hands
|-damage|p1a: Iron Hands|49/100
|move|p1a: Iron Hands|Supercell Slam|p2a: Clefable
|-damage|p2a: Clefable|61/100
|
|-heal|p2a: Clefable|67/100|[from] Grassy Terrain
|-heal|p2a: Clefable|73/100|[from] item: Leftovers
|-heal|p1a: Iron Hands|56/100|[from] Grassy Terrain
|upkeep
|turn|7
|
|t:|1779892884
|move|p2a: Clefable|Knock Off|p1a: Iron Hands
|-resisted|p1a: Iron Hands
|-damage|p1a: Iron Hands|51/100
|-enditem|p1a: Iron Hands|Assault Vest|[from] move: Knock Off|[of] p2a: Clefable
|move|p1a: Iron Hands|Volt Switch|p2a: Clefable
|-damage|p2a: Clefable|62/100
|
|t:|1779892888
|-end|p1a: Iron Hands|Quark Drive|[silent]
|switch|p1a: Iron Treads|Iron Treads|100/100|[from] Volt Switch
|
|-heal|p2a: Clefable|68/100|[from] Grassy Terrain
|-heal|p2a: Clefable|74/100|[from] item: Leftovers
|upkeep
|turn|8
|
|t:|1779892893
|switch|p2a: Gholdengo|Gholdengo|100/100
|-item|p2a: Gholdengo|Air Balloon
|move|p1a: Iron Treads|Knock Off|p2a: Gholdengo
|-supereffective|p2a: Gholdengo
|-damage|p2a: Gholdengo|50/100
|-enditem|p2a: Gholdengo|Air Balloon
|
|-heal|p2a: Gholdengo|56/100|[from] Grassy Terrain
|-fieldend|move: Grassy Terrain
|upkeep
|turn|9
|
|t:|1779892901
|move|p1a: Iron Treads|Earthquake|p2a: Gholdengo
|-supereffective|p2a: Gholdengo
|-damage|p2a: Gholdengo|0 fnt
|faint|p2a: Gholdengo
|
|upkeep
|
|t:|1779892904
|switch|p2a: Zamazenta|Zamazenta|100/100
|-ability|p2a: Zamazenta|Dauntless Shield|boost
|-boost|p2a: Zamazenta|def|1
|turn|10
|
|t:|1779892909
|-terastallize|p1a: Iron Treads|Ghost
|move|p2a: Zamazenta|Close Combat|p1a: Iron Treads
|-immune|p1a: Iron Treads
|move|p1a: Iron Treads|Rapid Spin|p2a: Zamazenta
|-damage|p2a: Zamazenta|92/100
|-boost|p1a: Iron Treads|spe|1
|-sideend|p1: ashmer06|Spikes|[from] move: Rapid Spin|[of] p1a: Iron Treads
|-sideend|p1: ashmer06|Stealth Rock|[from] move: Rapid Spin|[of] p1a: Iron Treads
|
|upkeep
|turn|11
|-message|smartsy forfeited.
|
|win|ashmer06
|raw|ashmer06's rating: 1442 &rarr; <strong>1463</strong><br />(+21 for winning)
|raw|smartsy's rating: 1460 &rarr; <strong>1439</strong><br />(-21 for losing)
|l|‽smartsy
|player|p2|
|l|☆ashmer06
|player|p1|
