|j|☆claudechamp
|j|☆sanguchitoo
|t:|1779816729
|gametype|singles
|player|p1|claudechamp|265|1109
|player|p2|sanguchitoo|hilbert-wonderlauncher|1000
|gen|9
|tier|[Gen 9] OU
|rated|
|rule|HP Percentage Mod: HP is shown in percentages
|rule|Endless Battle Clause: Forcing endless battles is banned
|rule|Species Clause: Limit one of each Pokémon
|rule|OHKO Clause: OHKO moves are banned
|rule|Evasion Items Clause: Evasion items are banned
|rule|Evasion Moves Clause: Evasion moves are banned
|rule|Evasion Abilities Clause: Evasion abilities are banned
|rule|Sleep Moves Clause: Sleep-inducing moves are banned
|clearpoke
|poke|p1|Corviknight, M|
|poke|p1|Ting-Lu|
|poke|p1|Kyurem|
|poke|p1|Dondozo, F|
|poke|p1|Slowking-Galar, F|
|poke|p1|Cinderace, M|
|poke|p2|Minior-Orange|
|poke|p2|Araquanid, F|
|poke|p2|Revavroom, M|
|poke|p2|Exeggutor, F|
|poke|p2|Klefki, F|
|poke|p2|Oricorio-Pom-Pom, F|
|teampreview
|c|☆claudechamp|hf
|
|t:|1779816736
|teamsize|p1|6
|teamsize|p2|6
|start
|switch|p1a: Cinderace|Cinderace, M|100/100
|switch|p2a: Araquanid|Araquanid, F|100/100
|turn|1
|inactive|Battle timer is ON: inactive players will automatically lose when time's up. (requested by claudechamp)
|
|t:|1779816759
|move|p1a: Cinderace|Pyro Ball|p2a: Araquanid
|-damage|p2a: Araquanid|73/100
|move|p2a: Araquanid|Liquidation|p1a: Cinderace
|-supereffective|p1a: Cinderace
|-damage|p1a: Cinderace|0 fnt
|faint|p1a: Cinderace
|
|-heal|p2a: Araquanid|79/100|[from] item: Leftovers
|upkeep
|c|☆sanguchitoo|glhf
|
|t:|1779816767
|switch|p1a: Corviknight|Corviknight, M|100/100
|-ability|p1a: Corviknight|Pressure
|turn|2
|
|t:|1779816774
|switch|p2a: Oricorio|Oricorio-Pom-Pom, F|100/100
|move|p1a: Corviknight|Brave Bird|p2a: Oricorio
|-resisted|p2a: Oricorio
|-damage|p2a: Oricorio|71/100
|-damage|p1a: Corviknight|93/100|[from] Recoil
|
|upkeep
|turn|3
|
|t:|1779816787
|move|p2a: Oricorio|Roost|p2a: Oricorio
|-heal|p2a: Oricorio|100/100
|-singleturn|p2a: Oricorio|move: Roost
|move|p1a: Corviknight|Brave Bird|p2a: Oricorio
|-resisted|p2a: Oricorio
|-damage|p2a: Oricorio|69/100
|-damage|p1a: Corviknight|86/100|[from] Recoil
|
|upkeep
|turn|4
|
|t:|1779816795
|move|p2a: Oricorio|Revelation Dance|p1a: Corviknight
|-supereffective|p1a: Corviknight
|-damage|p1a: Corviknight|4/100
|move|p1a: Corviknight|U-turn|p2a: Oricorio
|-resisted|p2a: Oricorio
|-damage|p2a: Oricorio|58/100
|
|t:|1779816800
|switch|p1a: Kyurem|Kyurem|100/100|[from] U-turn
|-ability|p1a: Kyurem|Pressure
|
|upkeep
|turn|5
|
|t:|1779816806
|switch|p2a: Klefki|Klefki, F|100/100
|move|p1a: Kyurem|Freeze-Dry|p2a: Klefki
|-resisted|p2a: Klefki
|-damage|p2a: Klefki|80/100
|-status|p2a: Klefki|frz
|
|upkeep
|turn|6
|
|t:|1779816815
|move|p1a: Kyurem|Freeze-Dry|p2a: Klefki
|-resisted|p2a: Klefki
|-damage|p2a: Klefki|60/100 frz
|cant|p2a: Klefki|frz
|
|upkeep
|turn|7
|
|t:|1779816827
|move|p1a: Kyurem|Freeze-Dry|p2a: Klefki
|-resisted|p2a: Klefki
|-damage|p2a: Klefki|40/100 frz
|cant|p2a: Klefki|frz
|
|upkeep
|turn|8
|
|t:|1779816834
|move|p1a: Kyurem|Freeze-Dry|p2a: Klefki
|-resisted|p2a: Klefki
|-damage|p2a: Klefki|18/100 frz
|-curestatus|p2a: Klefki|frz|[msg]
|move|p2a: Klefki|Draining Kiss|p1a: Kyurem
|-supereffective|p1a: Kyurem
|-damage|p1a: Kyurem|62/100
|-heal|p2a: Klefki|55/100|[from] drain|[of] p1a: Kyurem
|-item|p2a: Klefki|Leftovers|[from] ability: Magician|[of] p1a: Kyurem
|
|-heal|p2a: Klefki|61/100|[from] item: Leftovers
|upkeep
|turn|9
|
|t:|1779816847
|move|p1a: Kyurem|Earth Power|p2a: Klefki
|-supereffective|p2a: Klefki
|-damage|p2a: Klefki|0 fnt
|faint|p2a: Klefki
|
|upkeep
|
|t:|1779816857
|switch|p2a: Revavroom|Revavroom, M|100/100
|turn|10
|
|t:|1779816863
|-terastallize|p2a: Revavroom|Ground
|move|p1a: Kyurem|Freeze-Dry|p2a: Revavroom
|-supereffective|p2a: Revavroom
|-damage|p2a: Revavroom|0 fnt
|faint|p2a: Revavroom
|
|upkeep
|
|t:|1779816877
|switch|p2a: Araquanid|Araquanid, F|79/100
|turn|11
|
|t:|1779816883
|move|p1a: Kyurem|Freeze-Dry|p2a: Araquanid
|-supereffective|p2a: Araquanid
|-damage|p2a: Araquanid|27/100
|move|p2a: Araquanid|Leech Life|p1a: Kyurem
|-damage|p1a: Kyurem|37/100
|-heal|p2a: Araquanid|42/100|[from] drain|[of] p1a: Kyurem
|
|-heal|p2a: Araquanid|48/100|[from] item: Leftovers
|upkeep
|turn|12
|
|t:|1779816898
|move|p1a: Kyurem|Freeze-Dry|p2a: Araquanid
|-supereffective|p2a: Araquanid
|-damage|p2a: Araquanid|0 fnt
|faint|p2a: Araquanid
|
|upkeep
|
|t:|1779816903
|switch|p2a: Minior|Minior-Orange|100/100
|-formechange|p2a: Minior|Minior-Meteor||[from] ability: Shields Down
|turn|13
|
|t:|1779816905
|move|p1a: Kyurem|Freeze-Dry|p2a: Minior
|-supereffective|p2a: Minior
|-damage|p2a: Minior|15/100
|move|p2a: Minior|Dazzling Gleam|p1a: Kyurem
|-supereffective|p1a: Kyurem
|-damage|p1a: Kyurem|2/100
|
|-formechange|p2a: Minior|Minior-Orange||[from] ability: Shields Down
|upkeep
|turn|14
|
|t:|1779816912
|move|p2a: Minior|Dazzling Gleam|p1a: Kyurem
|-supereffective|p1a: Kyurem
|-damage|p1a: Kyurem|0 fnt
|faint|p1a: Kyurem
|
|upkeep
|
|t:|1779816917
|switch|p1a: Slowking|Slowking-Galar, F|100/100
|turn|15
|
|t:|1779816926
|move|p2a: Minior|Earth Power|p1a: Slowking
|-supereffective|p1a: Slowking
|-enditem|p1a: Slowking|Shuca Berry|[eat]
|-enditem|p1a: Slowking|Shuca Berry|[weaken]
|-damage|p1a: Slowking|80/100
|move|p1a: Slowking|Ice Beam|p2a: Minior
|-supereffective|p2a: Minior
|-damage|p2a: Minior|0 fnt
|faint|p2a: Minior
|
|upkeep
|
|t:|1779816935
|switch|p2a: Exeggutor|Exeggutor, F|100/100
|turn|16
|
|t:|1779816938
|-terastallize|p1a: Slowking|Water
|move|p2a: Exeggutor|Calm Mind|p2a: Exeggutor
|-boost|p2a: Exeggutor|spa|1
|-boost|p2a: Exeggutor|spd|1
|move|p1a: Slowking|Ice Beam|p2a: Exeggutor
|-supereffective|p2a: Exeggutor
|-damage|p2a: Exeggutor|69/100
|
|upkeep
|turn|17
|
|t:|1779816947
|move|p2a: Exeggutor|Giga Drain|p1a: Slowking
|-supereffective|p1a: Slowking
|-damage|p1a: Slowking|0 fnt
|-heal|p2a: Exeggutor|100/100|[from] drain|[of] p1a: Slowking
|faint|p1a: Slowking
|
|upkeep
|
|t:|1779816954
|switch|p1a: Ting-Lu|Ting-Lu|100/100
|-ability|p1a: Ting-Lu|Vessel of Ruin
|turn|18
|
|t:|1779816960
|move|p2a: Exeggutor|Giga Drain|p1a: Ting-Lu
|-supereffective|p1a: Ting-Lu
|-damage|p1a: Ting-Lu|49/100
|move|p1a: Ting-Lu|Payback|p2a: Exeggutor
|-supereffective|p2a: Exeggutor
|-damage|p2a: Exeggutor|21/100
|-enditem|p2a: Exeggutor|Sitrus Berry|[eat]
|-heal|p2a: Exeggutor|46/100|[from] item: Sitrus Berry
|
|-heal|p1a: Ting-Lu|55/100|[from] item: Leftovers
|-item|p2a: Exeggutor|Sitrus Berry|[from] ability: Harvest
|upkeep
|-enditem|p2a: Exeggutor|Sitrus Berry|[eat]
|-heal|p2a: Exeggutor|71/100|[from] item: Sitrus Berry
|turn|19
|
|t:|1779816964
|move|p2a: Exeggutor|Giga Drain|p1a: Ting-Lu
|-supereffective|p1a: Ting-Lu
|-crit|p1a: Ting-Lu
|-damage|p1a: Ting-Lu|0 fnt
|-heal|p2a: Exeggutor|100/100|[from] drain|[of] p1a: Ting-Lu
|faint|p1a: Ting-Lu
|
|upkeep
|
|t:|1779816967
|switch|p1a: Corviknight|Corviknight, M|4/100
|-ability|p1a: Corviknight|Pressure
|turn|20
|
|t:|1779816975
|move|p1a: Corviknight|U-turn|p2a: Exeggutor
|-supereffective|p2a: Exeggutor
|-damage|p2a: Exeggutor|42/100
|
|t:|1779816985
|switch|p1a: Dondozo|Dondozo, F|100/100|[from] U-turn
|move|p2a: Exeggutor|Giga Drain|p1a: Dondozo
|-supereffective|p1a: Dondozo
|-damage|p1a: Dondozo|44/100
|-heal|p2a: Exeggutor|77/100|[from] drain|[of] p1a: Dondozo
|
|-heal|p1a: Dondozo|51/100|[from] item: Leftovers
|-item|p2a: Exeggutor|Sitrus Berry|[from] ability: Harvest
|upkeep
|turn|21
|
|t:|1779816992
|move|p2a: Exeggutor|Giga Drain|p1a: Dondozo
|-supereffective|p1a: Dondozo
|-damage|p1a: Dondozo|0 fnt
|-heal|p2a: Exeggutor|100/100|[from] drain|[of] p1a: Dondozo
|faint|p1a: Dondozo
|
|upkeep
|
|t:|1779816997
|switch|p1a: Corviknight|Corviknight, M|4/100
|-ability|p1a: Corviknight|Pressure
|turn|22
|
|t:|1779817000
|move|p1a: Corviknight|Roost|p1a: Corviknight
|-heal|p1a: Corviknight|54/100
|-singleturn|p1a: Corviknight|move: Roost
|move|p2a: Exeggutor|Giga Drain|p1a: Corviknight
|-resisted|p1a: Corviknight
|-damage|p1a: Corviknight|26/100
|
|upkeep
|turn|23
|
|t:|1779817009
|move|p1a: Corviknight|U-turn|p2a: Exeggutor
|-supereffective|p2a: Exeggutor
|-damage|p2a: Exeggutor|46/100
|-enditem|p2a: Exeggutor|Sitrus Berry|[eat]
|-heal|p2a: Exeggutor|71/100|[from] item: Sitrus Berry
|move|p2a: Exeggutor|Giga Drain|p1a: Corviknight
|-resisted|p1a: Corviknight
|-damage|p1a: Corviknight|11/100
|-heal|p2a: Exeggutor|78/100|[from] drain|[of] p1a: Corviknight
|
|-item|p2a: Exeggutor|Sitrus Berry|[from] ability: Harvest
|upkeep
|turn|24
|
|t:|1779817013
|move|p1a: Corviknight|Roost|p1a: Corviknight
|-heal|p1a: Corviknight|61/100
|-singleturn|p1a: Corviknight|move: Roost
|move|p2a: Exeggutor|Giga Drain|p1a: Corviknight
|-resisted|p1a: Corviknight
|-damage|p1a: Corviknight|31/100
|-heal|p2a: Exeggutor|93/100|[from] drain|[of] p1a: Corviknight
|
|upkeep
|turn|25
|
|t:|1779817021
|move|p1a: Corviknight|U-turn|p2a: Exeggutor
|-supereffective|p2a: Exeggutor
|-damage|p2a: Exeggutor|40/100
|-enditem|p2a: Exeggutor|Sitrus Berry|[eat]
|-heal|p2a: Exeggutor|64/100|[from] item: Sitrus Berry
|move|p2a: Exeggutor|Giga Drain|p1a: Corviknight
|-resisted|p1a: Corviknight
|-damage|p1a: Corviknight|17/100
|-heal|p2a: Exeggutor|72/100|[from] drain|[of] p1a: Corviknight
|
|upkeep
|turn|26
|
|t:|1779817027
|move|p1a: Corviknight|Brave Bird|p2a: Exeggutor
|-supereffective|p2a: Exeggutor
|-damage|p2a: Exeggutor|0 fnt
|faint|p2a: Exeggutor
|-damage|p1a: Corviknight|0 fnt|[from] Recoil
|faint|p1a: Corviknight
|
|win|sanguchitoo
|raw|claudechamp's rating: 1090 &rarr; <strong>1061</strong><br />(-29 for losing)
|raw|sanguchitoo's rating: 1000 &rarr; <strong>1050</strong><br />(+50 for winning)
|c|☆claudechamp|gg
|c|☆sanguchitoo|gg
|c|☆sanguchitoo|wp
|l|☆claudechamp
|player|p1|
