|j|☆GreninjaMyFav
|j|☆haitianprinc3
|t:|1779806789
|gametype|singles
|player|p1|GreninjaMyFav|skyla|1651
|player|p2|haitianprinc3|marlon|1612
|gen|9
|tier|[Gen 9] OU
|rated|
|rule|HP Percentage Mod: HP is shown in percentages
|rule|Endless Battle Clause: Forcing endless battles is banned
|rule|Species Clause: Limit one of each Pokémon
|rule|OHKO Clause: OHKO moves are banned
|rule|Evasion Items Clause: Evasion items are banned
|rule|Evasion Moves Clause: Evasion moves are banned
|rule|Evasion Abilities Clause: Evasion abilities are banned
|rule|Sleep Moves Clause: Sleep-inducing moves are banned
|clearpoke
|poke|p1|Greninja-*, M|
|poke|p1|Raging Bolt|
|poke|p1|Kingambit, F|
|poke|p1|Great Tusk|
|poke|p1|Corviknight, F|
|poke|p1|Primarina, F|
|poke|p2|Politoed, F|
|poke|p2|Landorus-Therian, M|
|poke|p2|Kingdra, F|
|poke|p2|Azumarill, M|
|poke|p2|Volcanion|
|poke|p2|Darkrai|
|teampreview
|inactive|Battle timer is ON: inactive players will automatically lose when time's up. (requested by haitianprinc3)
|
|t:|1779806802
|teamsize|p1|6
|teamsize|p2|6
|start
|switch|p1a: Greninja|Greninja, M|100/100
|switch|p2a: Darkrai|Darkrai|100/100
|turn|1
|
|t:|1779806810
|switch|p1a: Primarina|Primarina, F|100/100
|move|p2a: Darkrai|Dark Pulse|p1a: Primarina
|-resisted|p1a: Primarina
|-damage|p1a: Primarina|73/100
|
|-heal|p1a: Primarina|79/100|[from] item: Leftovers
|upkeep
|turn|2
|
|t:|1779806818
|switch|p2a: Politoed|Politoed, F, shiny|100/100
|-weather|RainDance|[from] ability: Drizzle|[of] p2a: Politoed
|switch|p1a: Greninja|Greninja, M|100/100
|
|-weather|RainDance|[upkeep]
|upkeep
|turn|3
|
|t:|1779806823
|move|p1a: Greninja|Grass Knot|p2a: Politoed
|-start|p1a: Greninja|typechange|Grass|[from] ability: Protean
|-supereffective|p2a: Politoed
|-damage|p2a: Politoed|31/100
|move|p2a: Politoed|Surf|p1a: Greninja
|-resisted|p1a: Greninja
|-damage|p1a: Greninja|49/100
|
|-weather|RainDance|[upkeep]
|upkeep
|turn|4
|
|t:|1779806839
|switch|p2a: Darkrai|Darkrai|100/100
|move|p1a: Greninja|Grass Knot|p2a: Darkrai
|-damage|p2a: Darkrai|25/100
|
|-weather|RainDance|[upkeep]
|upkeep
|turn|5
|
|t:|1779806846
|switch|p1a: Kingambit|Kingambit, F|100/100
|move|p2a: Darkrai|Sludge Bomb|p1a: Kingambit
|-immune|p1a: Kingambit
|
|-weather|RainDance|[upkeep]
|upkeep
|turn|6
|
|t:|1779806853
|switch|p2a: Volcanion|Volcanion|100/100
|move|p1a: Kingambit|Kowtow Cleave|p2a: Volcanion
|-damage|p2a: Volcanion|51/100
|
|-weather|RainDance|[upkeep]
|upkeep
|turn|7
|
|t:|1779806859
|-end|p1a: Kingambit|fallenundefined|[silent]
|switch|p1a: Raging Bolt|Raging Bolt|100/100
|move|p2a: Volcanion|Steam Eruption|p1a: Raging Bolt
|-resisted|p1a: Raging Bolt
|-damage|p1a: Raging Bolt|52/100
|
|-weather|RainDance|[upkeep]
|upkeep
|turn|8
|
|t:|1779806865
|move|p1a: Raging Bolt|Draco Meteor|p2a: Volcanion
|-damage|p2a: Volcanion|0 fnt
|-unboost|p1a: Raging Bolt|spa|2
|faint|p2a: Volcanion
|
|-weather|RainDance|[upkeep]
|upkeep
|
|t:|1779806872
|switch|p2a: Darkrai|Darkrai|25/100
|turn|9
|
|t:|1779806880
|-end|p1a: Raging Bolt|Protosynthesis|[silent]
|switch|p1a: Primarina|Primarina, F|79/100
|move|p2a: Darkrai|Focus Blast|p1a: Primarina|[miss]
|-miss|p2a: Darkrai|p1a: Primarina
|
|-weather|none
|-heal|p1a: Primarina|85/100|[from] item: Leftovers
|upkeep
|turn|10
|
|t:|1779806885
|switch|p2a: Politoed|Politoed, F, shiny|31/100
|-weather|RainDance|[from] ability: Drizzle|[of] p2a: Politoed
|move|p1a: Primarina|Substitute|p1a: Primarina
|-start|p1a: Primarina|Substitute
|-damage|p1a: Primarina|60/100
|
|-weather|RainDance|[upkeep]
|-heal|p1a: Primarina|66/100|[from] item: Leftovers
|upkeep
|turn|11
|
|t:|1779806889
|move|p2a: Politoed|Encore|p1a: Primarina
|-start|p1a: Primarina|Encore
|move|p1a: Primarina|Substitute|p1a: Primarina
|-fail|p1a: Primarina|move: Substitute
|
|-weather|RainDance|[upkeep]
|-heal|p1a: Primarina|72/100|[from] item: Leftovers
|upkeep
|turn|12
|
|t:|1779806903
|switch|p2a: Azumarill|Azumarill, M|100/100
|switch|p1a: Raging Bolt|Raging Bolt|52/100
|
|-weather|RainDance|[upkeep]
|upkeep
|turn|13
|
|t:|1779806908
|move|p1a: Raging Bolt|Draco Meteor|p2a: Azumarill
|-immune|p2a: Azumarill
|move|p2a: Azumarill|Play Rough|p1a: Raging Bolt
|-supereffective|p1a: Raging Bolt
|-damage|p1a: Raging Bolt|0 fnt
|faint|p1a: Raging Bolt
|-end|p1a: Raging Bolt|Protosynthesis|[silent]
|
|-weather|RainDance|[upkeep]
|upkeep
|
|t:|1779806914
|switch|p1a: Greninja|Greninja, M|49/100
|turn|14
|
|t:|1779806918
|move|p1a: Greninja|Sludge Wave|p2a: Azumarill
|-start|p1a: Greninja|typechange|Poison|[from] ability: Protean
|-supereffective|p2a: Azumarill
|-damage|p2a: Azumarill|9/100
|-status|p2a: Azumarill|psn
|move|p2a: Azumarill|Play Rough|p1a: Greninja
|-resisted|p1a: Greninja
|-damage|p1a: Greninja|4/100
|
|-weather|RainDance|[upkeep]
|-damage|p2a: Azumarill|0 fnt|[from] psn
|faint|p2a: Azumarill
|upkeep
|
|t:|1779806930
|switch|p2a: Darkrai|Darkrai|25/100
|turn|15
|
|t:|1779806934
|switch|p1a: Great Tusk|Great Tusk|100/100
|move|p2a: Darkrai|Focus Blast|p1a: Great Tusk
|-damage|p1a: Great Tusk|3/100
|
|-weather|RainDance|[upkeep]
|upkeep
|turn|16
|
|t:|1779806940
|move|p2a: Darkrai|Focus Blast|p1a: Great Tusk
|-damage|p1a: Great Tusk|0 fnt
|faint|p1a: Great Tusk
|-end|p1a: Great Tusk|Protosynthesis|[silent]
|
|-weather|RainDance|[upkeep]
|upkeep
|
|t:|1779806943
|switch|p1a: Primarina|Primarina, F|72/100
|turn|17
|
|t:|1779806951
|switch|p2a: Politoed|Politoed, F, shiny|31/100
|move|p1a: Primarina|Substitute|p1a: Primarina
|-start|p1a: Primarina|Substitute
|-damage|p1a: Primarina|47/100
|
|-weather|none
|-heal|p1a: Primarina|54/100|[from] item: Leftovers
|upkeep
|turn|18
|
|t:|1779806959
|switch|p1a: Kingambit|Kingambit, F|100/100
|-activate|p1a: Kingambit|ability: Supreme Overlord
|-start|p1a: Kingambit|fallen2|[silent]
|move|p2a: Politoed|Rain Dance|p2a: Politoed
|-weather|RainDance
|
|-weather|RainDance|[upkeep]
|upkeep
|turn|19
|
|t:|1779806966
|move|p2a: Politoed|Surf|p1a: Kingambit
|-damage|p1a: Kingambit|39/100
|move|p1a: Kingambit|Kowtow Cleave|p2a: Politoed
|-damage|p2a: Politoed|0 fnt
|faint|p2a: Politoed
|
|-weather|RainDance|[upkeep]
|upkeep
|
|t:|1779806973
|switch|p2a: Kingdra|Kingdra, F, shiny|100/100
|turn|20
|
|t:|1779806980
|-terastallize|p1a: Kingambit|Dark
|move|p1a: Kingambit|Sucker Punch|p2a: Kingdra
|-damage|p2a: Kingdra|0 fnt
|faint|p2a: Kingdra
|
|-weather|RainDance|[upkeep]
|upkeep
|
|t:|1779806986
|switch|p2a: Landorus|Landorus-Therian, M|100/100
|-ability|p2a: Landorus|Intimidate|boost
|-unboost|p1a: Kingambit|atk|1
|turn|21
|
|t:|1779806990
|-end|p1a: Kingambit|fallen2|[silent]
|switch|p1a: Corviknight|Corviknight, F|100/100
|-ability|p1a: Corviknight|Pressure
|move|p2a: Landorus|U-turn|p1a: Corviknight
|-resisted|p1a: Corviknight
|-damage|p1a: Corviknight|94/100
|-damage|p2a: Landorus|84/100|[from] item: Rocky Helmet|[of] p1a: Corviknight
|
|t:|1779806992
|switch|p2a: Darkrai|Darkrai|25/100|[from] U-turn
|
|-weather|RainDance|[upkeep]
|upkeep
|turn|22
|
|t:|1779806995
|move|p2a: Darkrai|Dark Pulse|p1a: Corviknight
|-crit|p1a: Corviknight
|-damage|p1a: Corviknight|0 fnt
|faint|p1a: Corviknight
|
|-weather|RainDance|[upkeep]
|upkeep
|
|t:|1779806996
|switch|p1a: Primarina|Primarina, F|54/100
|turn|23
|
|t:|1779807005
|switch|p2a: Landorus|Landorus-Therian, M|84/100
|-ability|p2a: Landorus|Intimidate|boost
|-unboost|p1a: Primarina|atk|1
|move|p1a: Primarina|Psychic Noise|p2a: Landorus
|-supereffective|p2a: Landorus
|-damage|p2a: Landorus|0 fnt
|faint|p2a: Landorus
|
|-weather|RainDance|[upkeep]
|-heal|p1a: Primarina|60/100|[from] item: Leftovers
|upkeep
|
|t:|1779807007
|switch|p2a: Darkrai|Darkrai|25/100
|turn|24
|
|t:|1779807025
|move|p2a: Darkrai|Sludge Bomb|p1a: Primarina
|-supereffective|p1a: Primarina
|-damage|p1a: Primarina|0 fnt
|faint|p1a: Primarina
|
|-weather|RainDance|[upkeep]
|upkeep
|
|t:|1779807026
|switch|p1a: Kingambit|Kingambit, F, tera:Dark|39/100
|-activate|p1a: Kingambit|ability: Supreme Overlord
|-start|p1a: Kingambit|fallen4|[silent]
|turn|25
|
|t:|1779807029
|-terastallize|p2a: Darkrai|Dark
|move|p1a: Kingambit|Sucker Punch|p2a: Darkrai
|-resisted|p2a: Darkrai
|-damage|p2a: Darkrai|0 fnt
|faint|p2a: Darkrai
|
|win|GreninjaMyFav
|raw|GreninjaMyFav's rating: 1651 &rarr; <strong>1669</strong><br />(+18 for winning)
|raw|haitianprinc3's rating: 1612 &rarr; <strong>1594</strong><br />(-18 for losing)
|l|☆haitianprinc3
|player|p2|
|l|☆GreninjaMyFav
|player|p1|
