|j|‽Ponponstar5
|j|☆ascbo
|t:|1779875618
|gametype|singles
|player|p1|Ponponstar5|harlequin|1443
|player|p2|ascbo|youngster-gen8|1389
|gen|9
|tier|[Gen 9] OU
|rated|
|rule|HP Percentage Mod: HP is shown in percentages
|rule|Endless Battle Clause: Forcing endless battles is banned
|rule|Species Clause: Limit one of each Pokémon
|rule|OHKO Clause: OHKO moves are banned
|rule|Evasion Items Clause: Evasion items are banned
|rule|Evasion Moves Clause: Evasion moves are banned
|rule|Evasion Abilities Clause: Evasion abilities are banned
|rule|Sleep Moves Clause: Sleep-inducing moves are banned
|clearpoke
|poke|p1|Torkoal, M|
|poke|p1|Lilligant-Hisui, F|
|poke|p1|Walking Wake|
|poke|p1|Ninetales, M|
|poke|p1|Raging Bolt|
|poke|p1|Great Tusk|
|poke|p2|Regidrago|
|poke|p2|Garchomp, M|
|poke|p2|Dragonite, F|
|poke|p2|Grimmsnarl, M|
|poke|p2|Pecharunt|
|poke|p2|Great Tusk|
|teampreview
|inactive|Battle timer is ON: inactive players will automatically lose when time's up. (requested by Ponponstar5)
|inactive|ascbo has 120 seconds left.
|inactive|ascbo has 90 seconds left.
|
|t:|1779875679
|teamsize|p1|6
|teamsize|p2|6
|start
|switch|p1a: Torkoal|Torkoal, M, shiny|100/100
|switch|p2a: Tú Con Él|Garchomp, M|100/100
|-weather|SunnyDay|[from] ability: Drought|[of] p1a: Torkoal
|turn|1
|
|t:|1779875692
|switch|p1a: Walking Wake|Walking Wake|100/100
|-activate|p1a: Walking Wake|ability: Protosynthesis
|-start|p1a: Walking Wake|protosynthesisspe
|move|p2a: Tú Con Él|Swords Dance|p2a: Tú Con Él
|-boost|p2a: Tú Con Él|atk|2
|
|-weather|SunnyDay|[upkeep]
|upkeep
|turn|2
|inactive|ascbo has 120 seconds left.
|c|☆ascbo|if ur standard specs it should be 12.5% chance i live draco
|
|t:|1779875751
|-terastallize|p2a: Tú Con Él|Water
|move|p1a: Walking Wake|Draco Meteor|p2a: Tú Con Él
|-damage|p2a: Tú Con Él|0 fnt
|-unboost|p1a: Walking Wake|spa|2
|faint|p2a: Tú Con Él
|
|-weather|SunnyDay|[upkeep]
|upkeep
|
|t:|1779875759
|switch|p2a: Me Tengo Que Ir|Grimmsnarl, M|100/100
|turn|3
|
|t:|1779875767
|-end|p1a: Walking Wake|Protosynthesis|[silent]
|switch|p1a: Great Tusk|Great Tusk, shiny|100/100
|-activate|p1a: Great Tusk|ability: Protosynthesis
|-start|p1a: Great Tusk|protosynthesisatk
|move|p2a: Me Tengo Que Ir|Reflect|p2a: Me Tengo Que Ir
|-sidestart|p2: ascbo|Reflect
|
|-weather|SunnyDay|[upkeep]
|upkeep
|turn|4
|
|t:|1779875777
|move|p1a: Great Tusk|Bulk Up|p1a: Great Tusk
|-boost|p1a: Great Tusk|atk|1
|-boost|p1a: Great Tusk|def|1
|move|p2a: Me Tengo Que Ir|Spirit Break|p1a: Great Tusk
|-supereffective|p1a: Great Tusk
|-damage|p1a: Great Tusk|75/100
|-unboost|p1a: Great Tusk|spa|1
|
|-weather|SunnyDay|[upkeep]
|-heal|p1a: Great Tusk|81/100|[from] item: Leftovers
|upkeep
|turn|5
|
|t:|1779875789
|move|p2a: Me Tengo Que Ir|Light Screen|p2a: Me Tengo Que Ir
|-sidestart|p2: ascbo|move: Light Screen
|move|p1a: Great Tusk|Rapid Spin|p2a: Me Tengo Que Ir
|-damage|p2a: Me Tengo Que Ir|77/100
|-boost|p1a: Great Tusk|spe|1
|
|-weather|SunnyDay|[upkeep]
|-heal|p1a: Great Tusk|88/100|[from] item: Leftovers
|upkeep
|turn|6
|
|t:|1779875813
|move|p2a: Me Tengo Que Ir|Parting Shot|p1a: Great Tusk
|-unboost|p1a: Great Tusk|atk|1
|-unboost|p1a: Great Tusk|spa|1
|
|t:|1779875817
|switch|p2a: Oh Qué Será?|Regidrago|100/100|[from] Parting Shot
|move|p1a: Great Tusk|Bulk Up|p1a: Great Tusk
|-boost|p1a: Great Tusk|atk|1
|-boost|p1a: Great Tusk|def|1
|
|-weather|SunnyDay|[upkeep]
|-heal|p1a: Great Tusk|94/100|[from] item: Leftovers
|upkeep
|turn|7
|
|t:|1779875834
|move|p1a: Great Tusk|Close Combat|p2a: Oh Qué Será?
|-crit|p2a: Oh Qué Será?
|-damage|p2a: Oh Qué Será?|0 fnt
|-unboost|p1a: Great Tusk|def|1
|-unboost|p1a: Great Tusk|spd|1
|faint|p2a: Oh Qué Será?
|
|-weather|SunnyDay|[upkeep]
|-heal|p1a: Great Tusk|99/100|[from] item: Leftovers
|upkeep
|c|☆ascbo|not my day
|inactive|ascbo has 120 seconds left.
|
|t:|1779875864
|switch|p2a: Deseándote|Pecharunt|100/100
|turn|8
|
|t:|1779875871
|move|p1a: Great Tusk|Headlong Rush|p2a: Deseándote
|-supereffective|p2a: Deseándote
|-damage|p2a: Deseándote|22/100
|-unboost|p1a: Great Tusk|def|1
|-unboost|p1a: Great Tusk|spd|1
|move|p2a: Deseándote|Malignant Chain|p1a: Great Tusk
|-resisted|p1a: Great Tusk
|-damage|p1a: Great Tusk|59/100
|
|-weather|none
|-end|p1a: Great Tusk|Protosynthesis
|-heal|p1a: Great Tusk|65/100|[from] item: Leftovers
|-heal|p2a: Deseándote|28/100|[from] item: Leftovers
|upkeep
|turn|9
|
|t:|1779875884
|switch|p2a: Rey Sin Reina|Great Tusk|100/100
|-enditem|p2a: Rey Sin Reina|Booster Energy
|-activate|p2a: Rey Sin Reina|ability: Protosynthesis|[fromitem]
|-start|p2a: Rey Sin Reina|protosynthesisspe
|move|p1a: Great Tusk|Bulk Up|p1a: Great Tusk
|-boost|p1a: Great Tusk|atk|1
|-boost|p1a: Great Tusk|def|1
|
|-heal|p1a: Great Tusk|72/100|[from] item: Leftovers
|upkeep
|turn|10
|
|t:|1779875898
|move|p2a: Rey Sin Reina|Ice Spinner|p1a: Great Tusk
|-supereffective|p1a: Great Tusk
|-damage|p1a: Great Tusk|52/100
|move|p1a: Great Tusk|Close Combat|p2a: Rey Sin Reina
|-damage|p2a: Rey Sin Reina|54/100
|-unboost|p1a: Great Tusk|def|1
|-unboost|p1a: Great Tusk|spd|1
|
|-heal|p1a: Great Tusk|59/100|[from] item: Leftovers
|-sideend|p2: ascbo|Reflect
|upkeep
|turn|11
|
|t:|1779875917
|move|p2a: Rey Sin Reina|Ice Spinner|p1a: Great Tusk
|-supereffective|p1a: Great Tusk
|-damage|p1a: Great Tusk|31/100
|move|p1a: Great Tusk|Close Combat|p2a: Rey Sin Reina
|-damage|p2a: Rey Sin Reina|0 fnt
|-unboost|p1a: Great Tusk|def|1
|-unboost|p1a: Great Tusk|spd|1
|faint|p2a: Rey Sin Reina
|-end|p2a: Rey Sin Reina|Protosynthesis|[silent]
|
|-heal|p1a: Great Tusk|37/100|[from] item: Leftovers
|upkeep
|
|t:|1779875925
|switch|p2a: Me Tengo Que Ir|Grimmsnarl, M|77/100
|turn|12
|
|t:|1779875953
|move|p2a: Me Tengo Que Ir|Reflect|p2a: Me Tengo Que Ir
|-sidestart|p2: ascbo|Reflect
|move|p1a: Great Tusk|Headlong Rush|p2a: Me Tengo Que Ir
|-damage|p2a: Me Tengo Que Ir|0 fnt
|-unboost|p1a: Great Tusk|def|1
|-unboost|p1a: Great Tusk|spd|1
|faint|p2a: Me Tengo Que Ir
|
|-heal|p1a: Great Tusk|43/100|[from] item: Leftovers
|-sideend|p2: ascbo|move: Light Screen
|upkeep
|
|t:|1779875962
|switch|p2a: Llorarás|Dragonite, F|100/100
|turn|13
|inactive|Ponponstar5 has 120 seconds left.
|
|t:|1779875984
|-end|p1a: Great Tusk|Protosynthesis|[silent]
|switch|p1a: Ninetales|Ninetales, M|100/100
|-weather|SunnyDay|[from] ability: Drought|[of] p1a: Ninetales
|move|p2a: Llorarás|Dragon Dance|p2a: Llorarás
|-boost|p2a: Llorarás|atk|1
|-boost|p2a: Llorarás|spe|1
|
|-weather|SunnyDay|[upkeep]
|upkeep
|turn|14
|
|t:|1779876001
|move|p2a: Llorarás|Earthquake|p1a: Ninetales
|-supereffective|p1a: Ninetales
|-damage|p1a: Ninetales|0 fnt
|faint|p1a: Ninetales
|
|-weather|SunnyDay|[upkeep]
|upkeep
|
|t:|1779876008
|switch|p1a: Lilligant|Lilligant-Hisui, F, shiny|100/100
|turn|15
|c|☆ascbo|miss tripple axel
|c|☆ascbo|now.
|
|t:|1779876026
|move|p1a: Lilligant|Triple Axel|p2a: Llorarás
|-supereffective|p2a: Llorarás
|-damage|p2a: Llorarás|90/100
|-supereffective|p2a: Llorarás
|-damage|p2a: Llorarás|49/100
|-supereffective|p2a: Llorarás
|-damage|p2a: Llorarás|0 fnt
|faint|p2a: Llorarás
|-hitcount|p2: Llorarás|3
|-damage|p1a: Lilligant|91/100|[from] item: Life Orb
|
|-weather|SunnyDay|[upkeep]
|upkeep
|
|t:|1779876029
|switch|p2a: Deseándote|Pecharunt|28/100
|turn|16
|c|☆ascbo|gg wp
|inactive|Ponponstar5 has 120 seconds left.
|
|t:|1779876072
|move|p1a: Lilligant|Triple Axel|p2a: Deseándote|[miss]
|-miss|p1a: Lilligant|p2a: Deseándote
|move|p2a: Deseándote|Malignant Chain|p1a: Lilligant
|-supereffective|p1a: Lilligant
|-damage|p1a: Lilligant|0 fnt
|faint|p1a: Lilligant
|
|-weather|SunnyDay|[upkeep]
|-heal|p2a: Deseándote|34/100|[from] item: Leftovers
|upkeep
|
|t:|1779876083
|switch|p1a: Great Tusk|Great Tusk, shiny|43/100
|-activate|p1a: Great Tusk|ability: Protosynthesis
|-start|p1a: Great Tusk|protosynthesisatk
|turn|17
|
|t:|1779876096
|move|p2a: Deseándote|Malignant Chain|p1a: Great Tusk
|-resisted|p1a: Great Tusk
|-damage|p1a: Great Tusk|23/100
|move|p1a: Great Tusk|Headlong Rush|p2a: Deseándote
|-supereffective|p2a: Deseándote
|-damage|p2a: Deseándote|0 fnt
|-unboost|p1a: Great Tusk|def|1
|-unboost|p1a: Great Tusk|spd|1
|faint|p2a: Deseándote
|
|win|Ponponstar5
|raw|Ponponstar5's rating: 1443 &rarr; <strong>1460</strong><br />(+17 for winning)
|raw|ascbo's rating: 1389 &rarr; <strong>1372</strong><br />(-17 for losing)
|c|☆ascbo|gg wp
|l|☆ascbo
|player|p2|
|l|‽Ponponstar5
|player|p1|
