|j|☆nnnn5555
|j|☆RedemptiveSketch
|t:|1779892227
|gametype|singles
|player|p1|nnnn5555|101|1707
|player|p2|RedemptiveSketch|boarder-gen2|1852
|gen|9
|tier|[Gen 9] OU
|rated|
|rule|HP Percentage Mod: HP is shown in percentages
|rule|Endless Battle Clause: Forcing endless battles is banned
|rule|Species Clause: Limit one of each Pokémon
|rule|OHKO Clause: OHKO moves are banned
|rule|Evasion Items Clause: Evasion items are banned
|rule|Evasion Moves Clause: Evasion moves are banned
|rule|Evasion Abilities Clause: Evasion abilities are banned
|rule|Sleep Moves Clause: Sleep-inducing moves are banned
|clearpoke
|poke|p1|Rillaboom, M|
|poke|p1|Alomomola, M|
|poke|p1|Heatran, F|
|poke|p1|Great Tusk|
|poke|p1|Dragapult, M|
|poke|p1|Hatterene, F|
|poke|p2|Kingambit, M|
|poke|p2|Cinderace, M|
|poke|p2|Corviknight, M|
|poke|p2|Electrode-Hisui|
|poke|p2|Kyurem|
|poke|p2|Darkrai|
|teampreview
|inactive|Battle timer is ON: inactive players will automatically lose when time's up. (requested by RedemptiveSketch)
|j| playoofs
|inactive|RedemptiveSketch has 120 seconds left.
|
|t:|1779892266
|teamsize|p1|6
|teamsize|p2|6
|start
|switch|p1a: Dragapult|Dragapult, M, shiny|100/100
|switch|p2a: Electrode|Electrode-Hisui|100/100
|turn|1
|inactive|RedemptiveSketch has 120 seconds left.
|
|t:|1779892310
|switch|p1a: Hatterene|Hatterene, F|100/100
|move|p2a: Electrode|Foul Play|p1a: Hatterene
|-damage|p1a: Hatterene|79/100
|
|upkeep
|turn|2
|
|t:|1779892319
|move|p2a: Electrode|Volt Switch|p1a: Hatterene
|-damage|p1a: Hatterene|62/100
|inactive|RedemptiveSketch has 120 seconds left.
|
|t:|1779892331
|switch|p2a: Cinderace|Cinderace, M|100/100|[from] Volt Switch
|move|p1a: Hatterene|Mystical Fire|p2a: Cinderace
|-resisted|p2a: Cinderace
|-damage|p2a: Cinderace|82/100
|-unboost|p2a: Cinderace|spa|1
|
|upkeep
|turn|3
|
|t:|1779892341
|switch|p1a: Alomomola|Alomomola, M|100/100
|move|p2a: Cinderace|Gunk Shot|p1a: Alomomola
|-start|p2a: Cinderace|typechange|Poison|[from] ability: Libero
|-damage|p1a: Alomomola|71/100
|
|upkeep
|turn|4
|
|t:|1779892349
|switch|p2a: Corviknight|Corviknight, M|100/100
|-ability|p2a: Corviknight|Pressure
|move|p1a: Alomomola|Flip Turn|p2a: Corviknight
|-damage|p2a: Corviknight|91/100
|-damage|p1a: Alomomola|54/100|[from] item: Rocky Helmet|[of] p2a: Corviknight
|
|t:|1779892366
|switch|p1a: Heatran|Heatran, F|100/100|[from] Flip Turn
|
|upkeep
|turn|5
|
|t:|1779892373
|switch|p2a: Kyurem|Kyurem|100/100
|-ability|p2a: Kyurem|Pressure
|move|p1a: Heatran|Magma Storm|p2a: Kyurem
|-damage|p2a: Kyurem|73/100
|-activate|p2a: Kyurem|move: Magma Storm|[of] p1a: Heatran
|
|-damage|p2a: Kyurem|60/100|[from] move: Magma Storm|[partiallytrapped]
|upkeep
|turn|6
|j| ok sup
|inactive|nnnn5555 has 120 seconds left.
|j| Sadnessi
|
|t:|1779892415
|switch|p1a: Rillaboom|Rillaboom, M|100/100
|-fieldstart|move: Grassy Terrain|[from] ability: Grassy Surge|[of] p1a: Rillaboom
|move|p2a: Kyurem|Earth Power|p1a: Rillaboom
|-resisted|p1a: Rillaboom
|-damage|p1a: Rillaboom|82/100
|
|-heal|p2a: Kyurem|66/100|[from] Grassy Terrain
|-heal|p1a: Rillaboom|88/100|[from] Grassy Terrain
|-end|p2a: Kyurem|Magma Storm|[partiallytrapped]|[silent]
|upkeep
|turn|7
|
|t:|1779892425
|move|p2a: Kyurem|Ice Beam|p1a: Rillaboom
|-supereffective|p1a: Rillaboom
|-damage|p1a: Rillaboom|0 fnt
|faint|p1a: Rillaboom
|
|-heal|p2a: Kyurem|72/100|[from] Grassy Terrain
|upkeep
|j| tsrhuevo
|
|t:|1779892432
|switch|p1a: Hatterene|Hatterene, F|62/100
|turn|8
|inactive|nnnn5555 has 120 seconds left.
|l| tsrhuevo
|inactive|RedemptiveSketch has 120 seconds left.
|j| Kyurem
|l| Kyurem
|inactive|RedemptiveSketch has 90 seconds left.
|
|t:|1779892494
|switch|p2a: Cinderace|Cinderace, M|82/100
|move|p1a: Hatterene|Draining Kiss|p2a: Cinderace
|-resisted|p2a: Cinderace
|-damage|p2a: Cinderace|62/100
|-heal|p1a: Hatterene|77/100|[from] drain|[of] p2a: Cinderace
|
|-heal|p2a: Cinderace|68/100|[from] Grassy Terrain
|-heal|p1a: Hatterene|83/100|[from] Grassy Terrain
|upkeep
|turn|9
|
|t:|1779892503
|switch|p2a: Kyurem|Kyurem|72/100
|-ability|p2a: Kyurem|Pressure
|switch|p1a: Alomomola|Alomomola, M|88/100
|
|-heal|p2a: Kyurem|78/100|[from] Grassy Terrain
|-heal|p1a: Alomomola|94/100|[from] Grassy Terrain
|upkeep
|turn|10
|
|t:|1779892512
|switch|p1a: Hatterene|Hatterene, F|83/100
|move|p2a: Kyurem|Earth Power|p1a: Hatterene
|-damage|p1a: Hatterene|62/100
|
|-heal|p2a: Kyurem|85/100|[from] Grassy Terrain
|-heal|p1a: Hatterene|68/100|[from] Grassy Terrain
|-fieldend|move: Grassy Terrain
|upkeep
|turn|11
|inactive|RedemptiveSketch has 90 seconds left.
|
|t:|1779892542
|switch|p2a: Electrode|Electrode-Hisui|100/100
|move|p1a: Hatterene|Nuzzle|p2a: Electrode
|-resisted|p2a: Electrode
|-damage|p2a: Electrode|99/100
|
|upkeep
|turn|12
|
|t:|1779892559
|move|p2a: Electrode|Thunderbolt|p1a: Hatterene
|-damage|p1a: Hatterene|45/100
|-status|p1a: Hatterene|par
|cant|p1a: Hatterene|par
|
|upkeep
|turn|13
|inactive|RedemptiveSketch has 90 seconds left.
|
|t:|1779892566
|move|p2a: Electrode|Volt Switch|p1a: Hatterene
|-damage|p1a: Hatterene|29/100 par
|j| dante1310
|
|t:|1779892571
|switch|p2a: Cinderace|Cinderace, M|68/100|[from] Volt Switch
|cant|p1a: Hatterene|par
|
|upkeep
|turn|14
|c|☆RedemptiveSketch|mb
|
|t:|1779892594
|switch|p1a: Alomomola|Alomomola, M|100/100
|move|p2a: Cinderace|Gunk Shot|p1a: Alomomola
|-start|p2a: Cinderace|typechange|Poison|[from] ability: Libero
|-damage|p1a: Alomomola|71/100
|
|upkeep
|turn|15
|
|t:|1779892609
|switch|p2a: Kyurem|Kyurem|85/100
|-ability|p2a: Kyurem|Pressure
|move|p1a: Alomomola|Wish|p1a: Alomomola
|
|upkeep
|turn|16
|
|t:|1779892623
|switch|p1a: Hatterene|Hatterene, F|29/100 par
|move|p2a: Kyurem|Ice Beam|p1a: Hatterene
|-damage|p1a: Hatterene|0 fnt
|faint|p1a: Hatterene
|
|upkeep
|
|t:|1779892629
|switch|p1a: Dragapult|Dragapult, M, shiny|100/100
|turn|17
|inactive|RedemptiveSketch has 120 seconds left.
|j| npbijmailo
|
|t:|1779892659
|-terastallize|p2a: Kyurem|Fairy
|move|p1a: Dragapult|Substitute|p1a: Dragapult
|-start|p1a: Dragapult|Substitute
|-damage|p1a: Dragapult|76/100
|move|p2a: Kyurem|Ice Beam|p1a: Dragapult
|-supereffective|p1a: Dragapult
|-end|p1a: Dragapult|Substitute
|
|-heal|p1a: Dragapult|82/100|[from] item: Leftovers
|upkeep
|turn|18
|inactive|RedemptiveSketch has 90 seconds left.
|
|t:|1779892683
|switch|p1a: Alomomola|Alomomola, M|100/100
|move|p2a: Kyurem|Earth Power|p1a: Alomomola
|-damage|p1a: Alomomola|67/100
|
|upkeep
|turn|19
|
|t:|1779892690
|move|p1a: Alomomola|Protect|p1a: Alomomola
|-singleturn|p1a: Alomomola|Protect
|move|p2a: Kyurem|Freeze-Dry|p1a: Alomomola
|-activate|p1a: Alomomola|move: Protect
|
|upkeep
|turn|20
|inactive|nnnn5555 has 120 seconds left.
|
|t:|1779892743
|move|p2a: Kyurem|Earth Power|p1a: Alomomola
|-damage|p1a: Alomomola|33/100
|move|p1a: Alomomola|Flip Turn|p2a: Kyurem
|-damage|p2a: Kyurem|70/100
|inactive|nnnn5555 has 90 seconds left.
|
|t:|1779892757
|switch|p1a: Heatran|Heatran, F|100/100|[from] Flip Turn
|
|upkeep
|turn|21
|
|t:|1779892764
|-terastallize|p1a: Heatran|Grass
|move|p2a: Kyurem|Earth Power|p1a: Heatran
|-resisted|p1a: Heatran
|-damage|p1a: Heatran|91/100
|move|p1a: Heatran|Magma Storm|p2a: Kyurem
|-damage|p2a: Kyurem|42/100
|-activate|p2a: Kyurem|move: Magma Storm|[of] p1a: Heatran
|
|-heal|p1a: Heatran|97/100|[from] item: Leftovers
|-damage|p2a: Kyurem|30/100|[from] move: Magma Storm|[partiallytrapped]
|upkeep
|turn|22
|inactive|nnnn5555 has 90 seconds left.
|
|t:|1779892781
|move|p2a: Kyurem|Ice Beam|p1a: Heatran
|-supereffective|p1a: Heatran
|-damage|p1a: Heatran|41/100
|move|p1a: Heatran|Earth Power|p2a: Kyurem
|-damage|p2a: Kyurem|13/100
|
|-heal|p1a: Heatran|47/100|[from] item: Leftovers
|-damage|p2a: Kyurem|1/100|[from] move: Magma Storm|[partiallytrapped]
|upkeep
|turn|23
|inactive|nnnn5555 has 90 seconds left.
|inactive|nnnn5555 has 60 seconds left.
|
|t:|1779892831
|switch|p1a: Alomomola|Alomomola, M|66/100
|move|p2a: Kyurem|Freeze-Dry|p1a: Alomomola
|-supereffective|p1a: Alomomola
|-damage|p1a: Alomomola|0 fnt
|faint|p1a: Alomomola
|
|-end|p2a: Kyurem|Magma Storm|[partiallytrapped]|[silent]
|upkeep
|
|t:|1779892838
|switch|p1a: Dragapult|Dragapult, M, shiny|82/100
|turn|24
|
|t:|1779892842
|move|p1a: Dragapult|Phantom Force||[still]
|-prepare|p1a: Dragapult|Phantom Force
|move|p2a: Kyurem|Ice Beam|p1a: Dragapult|[miss]
|-miss|p2a: Kyurem|p1a: Dragapult
|
|-heal|p1a: Dragapult|88/100|[from] item: Leftovers
|upkeep
|turn|25
|
|t:|1779892848
|switch|p2a: Kingambit|Kingambit, M|100/100
|move|p1a: Dragapult|Phantom Force|p2a: Kingambit|[from] lockedmove
|-resisted|p2a: Kingambit
|-damage|p2a: Kingambit|84/100
|
|-heal|p1a: Dragapult|94/100|[from] item: Leftovers
|-heal|p2a: Kingambit|90/100|[from] item: Leftovers
|upkeep
|turn|26
|inactive|nnnn5555 has 60 seconds left.
|
|t:|1779892866
|switch|p1a: Great Tusk|Great Tusk|100/100
|move|p2a: Kingambit|Iron Head|p1a: Great Tusk
|-damage|p1a: Great Tusk|69/100
|
|-heal|p2a: Kingambit|96/100|[from] item: Leftovers
|upkeep
|turn|27
|
|t:|1779892876
|-end|p1a: Great Tusk|Protosynthesis|[silent]
|switch|p1a: Heatran|Heatran, F, tera:Grass|47/100
|-end|p2a: Kingambit|fallenundefined|[silent]
|switch|p2a: Corviknight|Corviknight, M|91/100
|-ability|p2a: Corviknight|Pressure
|
|-heal|p1a: Heatran|54/100|[from] item: Leftovers
|upkeep
|turn|28
|inactive|RedemptiveSketch has 120 seconds left.
|inactive|nnnn5555 has 60 seconds left.
|
|t:|1779892922
|switch|p2a: Cinderace|Cinderace, M|68/100
|move|p1a: Heatran|Magma Storm|p2a: Cinderace|[miss]
|-miss|p1a: Heatran|p2a: Cinderace
|
|-heal|p1a: Heatran|60/100|[from] item: Leftovers
|upkeep
|turn|29
|inactive|nnnn5555 has 60 seconds left.
|inactive|RedemptiveSketch has 120 seconds left.
|
|t:|1779892929
|switch|p1a: Dragapult|Dragapult, M, shiny|94/100
|move|p2a: Cinderace|Gunk Shot|p1a: Dragapult
|-start|p2a: Cinderace|typechange|Poison|[from] ability: Libero
|-resisted|p1a: Dragapult
|-damage|p1a: Dragapult|54/100
|
|-heal|p1a: Dragapult|60/100|[from] item: Leftovers
|upkeep
|turn|30
|inactive|nnnn5555 has 60 seconds left.
|
|t:|1779892941
|move|p1a: Dragapult|Dragon Darts|p2a: Cinderace
|-damage|p2a: Cinderace|29/100
|-anim|p1a: Dragapult|Dragon Darts|p2a: Cinderace
|-damage|p2a: Cinderace|0 fnt
|faint|p2a: Cinderace
|
|-heal|p1a: Dragapult|66/100|[from] item: Leftovers
|upkeep
|inactive|RedemptiveSketch has 120 seconds left.
|
|t:|1779892966
|switch|p2a: Kingambit|Kingambit, M|96/100
|-activate|p2a: Kingambit|ability: Supreme Overlord
|-start|p2a: Kingambit|fallen1|[silent]
|turn|31
|
|t:|1779892975
|switch|p1a: Great Tusk|Great Tusk|69/100
|move|p2a: Kingambit|Iron Head|p1a: Great Tusk
|-damage|p1a: Great Tusk|34/100
|
|-heal|p2a: Kingambit|100/100|[from] item: Leftovers
|upkeep
|turn|32
|inactive|RedemptiveSketch has 120 seconds left.
|
|t:|1779892991
|move|p1a: Great Tusk|Close Combat|p2a: Kingambit
|-supereffective|p2a: Kingambit
|-damage|p2a: Kingambit|0 fnt
|-unboost|p1a: Great Tusk|def|1
|-unboost|p1a: Great Tusk|spd|1
|faint|p2a: Kingambit
|-end|p2a: Kingambit|fallen1|[silent]
|
|upkeep
|l| Sadnessi
|
|t:|1779892995
|switch|p2a: Darkrai|Darkrai, shiny|100/100
|turn|33
|
|t:|1779893018
|move|p2a: Darkrai|Dark Pulse|p1a: Great Tusk
|-resisted|p1a: Great Tusk
|-damage|p1a: Great Tusk|0 fnt
|faint|p1a: Great Tusk
|-end|p1a: Great Tusk|Protosynthesis|[silent]
|
|upkeep
|
|t:|1779893022
|switch|p1a: Heatran|Heatran, F, tera:Grass|60/100
|turn|34
|
|t:|1779893035
|switch|p2a: Corviknight|Corviknight, M|91/100
|-ability|p2a: Corviknight|Pressure
|move|p1a: Heatran|Magma Storm|p2a: Corviknight|[miss]
|-miss|p1a: Heatran|p2a: Corviknight
|
|-heal|p1a: Heatran|66/100|[from] item: Leftovers
|upkeep
|turn|35
|inactive|nnnn5555 has 90 seconds left.
|
|t:|1779893043
|move|p1a: Heatran|Magma Storm|p2a: Corviknight
|-supereffective|p2a: Corviknight
|-damage|p2a: Corviknight|4/100
|-activate|p2a: Corviknight|move: Magma Storm|[of] p1a: Heatran
|move|p2a: Corviknight|Body Press|p1a: Heatran
|-damage|p1a: Heatran|46/100
|
|-heal|p1a: Heatran|52/100|[from] item: Leftovers
|-damage|p2a: Corviknight|0 fnt|[from] move: Magma Storm|[partiallytrapped]
|faint|p2a: Corviknight
|upkeep
|
|t:|1779893050
|switch|p2a: Kyurem|Kyurem, tera:Fairy|1/100
|-ability|p2a: Kyurem|Pressure
|turn|36
|
|t:|1779893056
|move|p2a: Kyurem|Ice Beam|p1a: Heatran
|-supereffective|p1a: Heatran
|-damage|p1a: Heatran|0 fnt
|faint|p1a: Heatran
|
|upkeep
|
|t:|1779893060
|switch|p1a: Dragapult|Dragapult, M, shiny|66/100
|turn|37
|
|t:|1779893071
|move|p1a: Dragapult|Phantom Force||[still]
|-prepare|p1a: Dragapult|Phantom Force
|move|p2a: Kyurem|Ice Beam|p1a: Dragapult|[miss]
|-miss|p2a: Kyurem|p1a: Dragapult
|
|-heal|p1a: Dragapult|72/100|[from] item: Leftovers
|upkeep
|turn|38
|
|t:|1779893077
|move|p1a: Dragapult|Phantom Force|p2a: Kyurem|[from] lockedmove
|-damage|p2a: Kyurem|0 fnt
|faint|p2a: Kyurem
|
|-heal|p1a: Dragapult|78/100|[from] item: Leftovers
|upkeep
|
|t:|1779893083
|switch|p2a: Electrode|Electrode-Hisui|99/100
|turn|39
|
|t:|1779893088
|move|p2a: Electrode|Foul Play|p1a: Dragapult
|-supereffective|p1a: Dragapult
|-damage|p1a: Dragapult|0 fnt
|faint|p1a: Dragapult
|
|win|RedemptiveSketch
|raw|nnnn5555's rating: 1707 &rarr; <strong>1695</strong><br />(-12 for losing)
|raw|RedemptiveSketch's rating: 1852 &rarr; <strong>1864</strong><br />(+12 for winning)
|l| ok sup
|l| npbijmailo
|l| playoofs
|l|☆RedemptiveSketch
|player|p2|
|l| dante1310
|j|☆RedemptiveSketch
|player|p2|RedemptiveSketch|boarder-gen2|
