|j|☆Witherfan
|j|☆thepunkday
|t:|1779808533
|gametype|singles
|player|p1|Witherfan|falkner|1386
|player|p2|thepunkday|266|1355
|gen|9
|tier|[Gen 9] OU
|rated|
|rule|HP Percentage Mod: HP is shown in percentages
|rule|Endless Battle Clause: Forcing endless battles is banned
|rule|Species Clause: Limit one of each Pokémon
|rule|OHKO Clause: OHKO moves are banned
|rule|Evasion Items Clause: Evasion items are banned
|rule|Evasion Moves Clause: Evasion moves are banned
|rule|Evasion Abilities Clause: Evasion abilities are banned
|rule|Sleep Moves Clause: Sleep-inducing moves are banned
|clearpoke
|poke|p1|Weezing-Galar, M|
|poke|p1|Ogerpon, F|
|poke|p1|Skarmory, M|
|poke|p1|Alomomola, M|
|poke|p1|Clodsire, M|
|poke|p1|Hydreigon, M|
|poke|p2|Toxapex, F|
|poke|p2|Pecharunt|
|poke|p2|Iron Hands|
|poke|p2|Great Tusk|
|poke|p2|Corviknight, F|
|poke|p2|Enamorus, F|
|teampreview
|
|t:|1779808547
|teamsize|p1|6
|teamsize|p2|6
|start
|switch|p1a: Hydreigon|Hydreigon, M, shiny|100/100
|switch|p2a: Enamorus|Enamorus, F|100/100
|turn|1
|
|t:|1779808554
|switch|p1a: Alomomola|Alomomola, M, shiny|100/100
|move|p2a: Enamorus|Moonblast|p1a: Alomomola
|-damage|p1a: Alomomola|73/100
|-unboost|p1a: Alomomola|spa|1
|
|upkeep
|turn|2
|
|t:|1779808565
|switch|p2a: Pecharunt|Pecharunt|100/100
|move|p1a: Alomomola|Flip Turn|p2a: Pecharunt
|-damage|p2a: Pecharunt|92/100
|
|t:|1779808568
|switch|p1a: Hydreigon|Hydreigon, M, shiny|100/100|[from] Flip Turn
|
|-heal|p2a: Pecharunt|99/100|[from] item: Leftovers
|upkeep
|turn|3
|
|t:|1779808575
|switch|p2a: Iron Hands|Iron Hands|100/100
|move|p1a: Hydreigon|Dark Pulse|p2a: Iron Hands
|-resisted|p2a: Iron Hands
|-crit|p2a: Iron Hands
|-damage|p2a: Iron Hands|68/100
|
|-heal|p2a: Iron Hands|74/100|[from] item: Leftovers
|upkeep
|turn|4
|
|t:|1779808584
|switch|p1a: Clodsire|Clodsire, M, shiny|100/100
|move|p2a: Iron Hands|Swords Dance|p2a: Iron Hands
|-boost|p2a: Iron Hands|atk|2
|
|-heal|p2a: Iron Hands|80/100|[from] item: Leftovers
|upkeep
|turn|5
|
|t:|1779808592
|-end|p2a: Iron Hands|Quark Drive|[silent]
|switch|p2a: Corviknight|Corviknight, F|100/100
|move|p1a: Clodsire|Earthquake|p2a: Corviknight
|-immune|p2a: Corviknight
|
|upkeep
|turn|6
|
|t:|1779808598
|move|p2a: Corviknight|Brave Bird|p1a: Clodsire
|-damage|p1a: Clodsire|59/100
|-damage|p2a: Corviknight|84/100|[from] Recoil
|move|p1a: Clodsire|Stealth Rock|p2a: Corviknight
|-sidestart|p2: thepunkday|move: Stealth Rock
|
|upkeep
|turn|7
|
|t:|1779808605
|move|p2a: Corviknight|Brave Bird|p1a: Clodsire
|-damage|p1a: Clodsire|17/100
|-damage|p2a: Corviknight|69/100|[from] Recoil
|move|p1a: Clodsire|Recover|p1a: Clodsire
|-heal|p1a: Clodsire|67/100
|
|upkeep
|turn|8
|
|t:|1779808612
|move|p2a: Corviknight|Defog|p1a: Clodsire
|-unboost|p1a: Clodsire|evasion|1
|-sideend|p2: thepunkday|Stealth Rock|[from] move: Defog|[of] p2a: Corviknight
|move|p1a: Clodsire|Recover|p1a: Clodsire
|-heal|p1a: Clodsire|100/100
|
|upkeep
|turn|9
|
|t:|1779808618
|switch|p1a: Skarmory|Skarmory, M, shiny|100/100
|move|p2a: Corviknight|Brave Bird|p1a: Skarmory
|-resisted|p1a: Skarmory
|-damage|p1a: Skarmory|89/100
|-damage|p2a: Corviknight|52/100|[from] item: Rocky Helmet|[of] p1a: Skarmory
|-damage|p2a: Corviknight|49/100|[from] Recoil
|
|upkeep
|turn|10
|
|t:|1779808633
|move|p1a: Skarmory|Spikes|p2a: Corviknight
|-sidestart|p2: thepunkday|Spikes
|move|p2a: Corviknight|Roost|p2a: Corviknight
|-heal|p2a: Corviknight|99/100
|-singleturn|p2a: Corviknight|move: Roost
|
|upkeep
|turn|11
|
|t:|1779808642
|switch|p2a: Pecharunt|Pecharunt|99/100
|-damage|p2a: Pecharunt|86/100|[from] Spikes
|move|p1a: Skarmory|Spikes|p2a: Pecharunt
|-sidestart|p2: thepunkday|Spikes
|
|-heal|p2a: Pecharunt|92/100|[from] item: Leftovers
|upkeep
|turn|12
|
|t:|1779808654
|switch|p1a: Alomomola|Alomomola, M, shiny|100/100
|move|p2a: Pecharunt|Shadow Ball|p1a: Alomomola
|-damage|p1a: Alomomola|89/100
|
|-heal|p2a: Pecharunt|99/100|[from] item: Leftovers
|upkeep
|turn|13
|
|t:|1779808662
|move|p2a: Pecharunt|Malignant Chain|p1a: Alomomola
|-crit|p1a: Alomomola
|-damage|p1a: Alomomola|68/100
|-status|p1a: Alomomola|tox
|-start|p1a: Alomomola|confusion|[from] ability: Poison Puppeteer|[of] p2a: Pecharunt
|-activate|p1a: Alomomola|confusion
|move|p1a: Alomomola|Flip Turn|p2a: Pecharunt
|-damage|p2a: Pecharunt|91/100
|
|t:|1779808669
|switch|p1a: Hydreigon|Hydreigon, M, shiny|100/100|[from] Flip Turn
|
|-heal|p2a: Pecharunt|98/100|[from] item: Leftovers
|upkeep
|turn|14
|
|t:|1779808677
|switch|p2a: Enamorus|Enamorus, F|100/100
|move|p1a: Hydreigon|Dark Pulse|p2a: Enamorus
|-resisted|p2a: Enamorus
|-damage|p2a: Enamorus|59/100
|
|upkeep
|turn|15
|
|t:|1779808686
|switch|p1a: Alomomola|Alomomola, M, shiny|100/100 tox
|move|p2a: Enamorus|Moonblast|p1a: Alomomola
|-damage|p1a: Alomomola|72/100 tox
|
|-damage|p1a: Alomomola|66/100 tox|[from] psn
|upkeep
|turn|16
|
|t:|1779808695
|move|p2a: Enamorus|Moonblast|p1a: Alomomola
|-damage|p1a: Alomomola|39/100 tox
|move|p1a: Alomomola|Mirror Coat|p2a: Enamorus
|-damage|p2a: Enamorus|0 fnt
|faint|p2a: Enamorus
|
|-damage|p1a: Alomomola|27/100 tox|[from] psn
|upkeep
|
|t:|1779808703
|switch|p2a: Great Tusk|Great Tusk|100/100
|-damage|p2a: Great Tusk|84/100|[from] Spikes
|turn|17
|
|t:|1779808710
|switch|p1a: Skarmory|Skarmory, M, shiny|89/100
|move|p2a: Great Tusk|Rapid Spin|p1a: Skarmory
|-resisted|p1a: Skarmory
|-damage|p1a: Skarmory|84/100
|-boost|p2a: Great Tusk|spe|1
|-damage|p2a: Great Tusk|67/100|[from] item: Rocky Helmet|[of] p1a: Skarmory
|-sideend|p2: thepunkday|Spikes|[from] move: Rapid Spin|[of] p2a: Great Tusk
|
|-heal|p2a: Great Tusk|73/100|[from] item: Leftovers
|upkeep
|turn|18
|
|t:|1779808719
|move|p2a: Great Tusk|Knock Off|p1a: Skarmory
|-damage|p1a: Skarmory|67/100
|-damage|p2a: Great Tusk|57/100|[from] item: Rocky Helmet|[of] p1a: Skarmory
|-enditem|p1a: Skarmory|Rocky Helmet|[from] move: Knock Off|[of] p2a: Great Tusk
|move|p1a: Skarmory|Body Press|p2a: Great Tusk
|-damage|p2a: Great Tusk|33/100
|
|-heal|p2a: Great Tusk|39/100|[from] item: Leftovers
|upkeep
|turn|19
|
|t:|1779808733
|move|p2a: Great Tusk|Stealth Rock|p1a: Skarmory
|-sidestart|p1: Witherfan|move: Stealth Rock
|move|p1a: Skarmory|Body Press|p2a: Great Tusk
|-damage|p2a: Great Tusk|16/100
|
|-heal|p2a: Great Tusk|22/100|[from] item: Leftovers
|upkeep
|turn|20
|
|t:|1779808741
|-end|p2a: Great Tusk|Protosynthesis|[silent]
|switch|p2a: Pecharunt|Pecharunt|98/100
|move|p1a: Skarmory|Body Press|p2a: Pecharunt
|-immune|p2a: Pecharunt
|
|-heal|p2a: Pecharunt|100/100|[from] item: Leftovers
|upkeep
|turn|21
|
|t:|1779808748
|switch|p1a: Clodsire|Clodsire, M, shiny|100/100
|-damage|p1a: Clodsire|94/100|[from] Stealth Rock
|move|p2a: Pecharunt|Nasty Plot|p2a: Pecharunt
|-boost|p2a: Pecharunt|spa|2
|
|upkeep
|turn|22
|
|t:|1779808755
|move|p2a: Pecharunt|Shadow Ball|p1a: Clodsire
|-damage|p1a: Clodsire|80/100
|move|p1a: Clodsire|Earthquake|p2a: Pecharunt
|-supereffective|p2a: Pecharunt
|-damage|p2a: Pecharunt|73/100
|
|-heal|p2a: Pecharunt|79/100|[from] item: Leftovers
|upkeep
|turn|23
|
|t:|1779808762
|move|p2a: Pecharunt|Shadow Ball|p1a: Clodsire
|-damage|p1a: Clodsire|67/100
|move|p1a: Clodsire|Earthquake|p2a: Pecharunt
|-supereffective|p2a: Pecharunt
|-damage|p2a: Pecharunt|51/100
|
|-heal|p2a: Pecharunt|57/100|[from] item: Leftovers
|upkeep
|turn|24
|
|t:|1779808770
|move|p2a: Pecharunt|Shadow Ball|p1a: Clodsire
|-crit|p1a: Clodsire
|-damage|p1a: Clodsire|49/100
|move|p1a: Clodsire|Earthquake|p2a: Pecharunt
|-supereffective|p2a: Pecharunt
|-damage|p2a: Pecharunt|31/100
|
|-heal|p2a: Pecharunt|37/100|[from] item: Leftovers
|upkeep
|turn|25
|
|t:|1779808778
|move|p2a: Pecharunt|Recover|p2a: Pecharunt
|-heal|p2a: Pecharunt|87/100
|move|p1a: Clodsire|Recover|p1a: Clodsire
|-heal|p1a: Clodsire|99/100
|
|-heal|p2a: Pecharunt|94/100|[from] item: Leftovers
|upkeep
|turn|26
|
|t:|1779808785
|move|p2a: Pecharunt|Shadow Ball|p1a: Clodsire
|-damage|p1a: Clodsire|86/100
|move|p1a: Clodsire|Earthquake|p2a: Pecharunt
|-supereffective|p2a: Pecharunt
|-damage|p2a: Pecharunt|69/100
|
|-heal|p2a: Pecharunt|75/100|[from] item: Leftovers
|upkeep
|turn|27
|
|t:|1779808792
|move|p2a: Pecharunt|Shadow Ball|p1a: Clodsire
|-damage|p1a: Clodsire|73/100
|move|p1a: Clodsire|Earthquake|p2a: Pecharunt
|-supereffective|p2a: Pecharunt
|-damage|p2a: Pecharunt|52/100
|
|-heal|p2a: Pecharunt|59/100|[from] item: Leftovers
|upkeep
|turn|28
|
|t:|1779808799
|move|p2a: Pecharunt|Shadow Ball|p1a: Clodsire
|-damage|p1a: Clodsire|60/100
|move|p1a: Clodsire|Earthquake|p2a: Pecharunt
|-supereffective|p2a: Pecharunt
|-damage|p2a: Pecharunt|34/100
|
|-heal|p2a: Pecharunt|40/100|[from] item: Leftovers
|upkeep
|turn|29
|
|t:|1779808807
|switch|p1a: Hydreigon|Hydreigon, M, shiny|100/100
|-damage|p1a: Hydreigon|88/100|[from] Stealth Rock
|move|p2a: Pecharunt|Recover|p2a: Pecharunt
|-heal|p2a: Pecharunt|90/100
|
|-heal|p2a: Pecharunt|96/100|[from] item: Leftovers
|upkeep
|turn|30
|
|t:|1779808815
|switch|p2a: Iron Hands|Iron Hands|80/100
|move|p1a: Hydreigon|Dark Pulse|p2a: Iron Hands
|-resisted|p2a: Iron Hands
|-damage|p2a: Iron Hands|59/100
|
|-heal|p2a: Iron Hands|65/100|[from] item: Leftovers
|upkeep
|turn|31
|
|t:|1779808828
|switch|p1a: Weezing|Weezing-Galar, M, shiny|100/100
|-ability|p1a: Weezing|Neutralizing Gas
|move|p2a: Iron Hands|Swords Dance|p2a: Iron Hands
|-boost|p2a: Iron Hands|atk|2
|
|-heal|p2a: Iron Hands|71/100|[from] item: Leftovers
|upkeep
|turn|32
|
|t:|1779808837
|move|p1a: Weezing|Will-O-Wisp|p2a: Iron Hands
|-status|p2a: Iron Hands|brn
|move|p2a: Iron Hands|Heavy Slam|p1a: Weezing
|-supereffective|p1a: Weezing
|-damage|p1a: Weezing|49/100
|
|-heal|p2a: Iron Hands|77/100 brn|[from] item: Leftovers
|-damage|p2a: Iron Hands|71/100 brn|[from] brn
|upkeep
|turn|33
|
|t:|1779808890
|move|p1a: Weezing|Sludge Bomb|p2a: Iron Hands
|-damage|p2a: Iron Hands|54/100 brn
|move|p2a: Iron Hands|Heavy Slam|p1a: Weezing
|-supereffective|p1a: Weezing
|-damage|p1a: Weezing|0 fnt
|faint|p1a: Weezing
|-end|p1a: Weezing|ability: Neutralizing Gas
|
|-heal|p2a: Iron Hands|60/100 brn|[from] item: Leftovers
|-damage|p2a: Iron Hands|54/100 brn|[from] brn
|upkeep
|
|t:|1779808908
|switch|p1a: Ogerpon|Ogerpon, F|100/100
|-damage|p1a: Ogerpon|88/100|[from] Stealth Rock
|turn|34
|
|t:|1779808912
|move|p1a: Ogerpon|Ivy Cudgel|p2a: Iron Hands
|-damage|p2a: Iron Hands|10/100 brn
|move|p2a: Iron Hands|Drain Punch|p1a: Ogerpon
|-damage|p1a: Ogerpon|35/100
|-heal|p2a: Iron Hands|26/100 brn|[from] drain|[of] p1a: Ogerpon
|
|-heal|p2a: Iron Hands|32/100 brn|[from] item: Leftovers
|-damage|p2a: Iron Hands|26/100 brn|[from] brn
|upkeep
|turn|35
|
|t:|1779808922
|move|p1a: Ogerpon|Ivy Cudgel|p2a: Iron Hands
|-damage|p2a: Iron Hands|0 fnt
|faint|p2a: Iron Hands
|-end|p2a: Iron Hands|Quark Drive|[silent]
|
|upkeep
|c|☆Witherfan|that shit fat af
|
|t:|1779808930
|switch|p2a: Pecharunt|Pecharunt|96/100
|turn|36
|
|t:|1779808934
|switch|p1a: Hydreigon|Hydreigon, M, shiny|88/100
|-damage|p1a: Hydreigon|76/100|[from] Stealth Rock
|move|p2a: Pecharunt|Nasty Plot|p2a: Pecharunt
|-boost|p2a: Pecharunt|spa|2
|
|-heal|p2a: Pecharunt|100/100|[from] item: Leftovers
|upkeep
|turn|37
|
|t:|1779808954
|switch|p2a: Toxapex|Toxapex, F|100/100
|move|p1a: Hydreigon|Dark Pulse|p2a: Toxapex
|-damage|p2a: Toxapex|67/100
|
|upkeep
|turn|38
|
|t:|1779808979
|switch|p1a: Skarmory|Skarmory, M, shiny|67/100
|-damage|p1a: Skarmory|55/100|[from] Stealth Rock
|move|p2a: Toxapex|Poison Jab|p1a: Skarmory
|-immune|p1a: Skarmory
|
|upkeep
|turn|39
|
|t:|1779808989
|switch|p2a: Pecharunt|Pecharunt|100/100
|move|p1a: Skarmory|Roost|p1a: Skarmory
|-heal|p1a: Skarmory|100/100
|-singleturn|p1a: Skarmory|move: Roost
|
|upkeep
|turn|40
|
|t:|1779809002
|switch|p1a: Clodsire|Clodsire, M, shiny|60/100
|-damage|p1a: Clodsire|54/100|[from] Stealth Rock
|move|p2a: Pecharunt|Nasty Plot|p2a: Pecharunt
|-boost|p2a: Pecharunt|spa|2
|
|upkeep
|turn|41
|
|t:|1779809009
|move|p2a: Pecharunt|Shadow Ball|p1a: Clodsire
|-damage|p1a: Clodsire|40/100
|move|p1a: Clodsire|Earthquake|p2a: Pecharunt
|-supereffective|p2a: Pecharunt
|-damage|p2a: Pecharunt|76/100
|
|-heal|p2a: Pecharunt|82/100|[from] item: Leftovers
|upkeep
|turn|42
|
|t:|1779809016
|move|p2a: Pecharunt|Shadow Ball|p1a: Clodsire
|-damage|p1a: Clodsire|26/100
|move|p1a: Clodsire|Recover|p1a: Clodsire
|-heal|p1a: Clodsire|76/100
|
|-heal|p2a: Pecharunt|89/100|[from] item: Leftovers
|upkeep
|turn|43
|
|t:|1779809023
|move|p2a: Pecharunt|Shadow Ball|p1a: Clodsire
|-damage|p1a: Clodsire|63/100
|move|p1a: Clodsire|Stealth Rock|p2a: Pecharunt
|-sidestart|p2: thepunkday|move: Stealth Rock
|
|-heal|p2a: Pecharunt|95/100|[from] item: Leftovers
|upkeep
|turn|44
|
|t:|1779809030
|move|p2a: Pecharunt|Shadow Ball|p1a: Clodsire
|-damage|p1a: Clodsire|49/100
|move|p1a: Clodsire|Earthquake|p2a: Pecharunt
|-supereffective|p2a: Pecharunt
|-damage|p2a: Pecharunt|72/100
|
|-heal|p2a: Pecharunt|78/100|[from] item: Leftovers
|upkeep
|turn|45
|
|t:|1779809038
|move|p2a: Pecharunt|Shadow Ball|p1a: Clodsire
|-damage|p1a: Clodsire|37/100
|move|p1a: Clodsire|Recover|p1a: Clodsire
|-heal|p1a: Clodsire|87/100
|
|-heal|p2a: Pecharunt|84/100|[from] item: Leftovers
|upkeep
|turn|46
|
|t:|1779809044
|move|p2a: Pecharunt|Shadow Ball|p1a: Clodsire
|-damage|p1a: Clodsire|74/100
|move|p1a: Clodsire|Earthquake|p2a: Pecharunt
|-supereffective|p2a: Pecharunt
|-damage|p2a: Pecharunt|58/100
|
|-heal|p2a: Pecharunt|64/100|[from] item: Leftovers
|upkeep
|turn|47
|
|t:|1779809052
|move|p2a: Pecharunt|Shadow Ball|p1a: Clodsire
|-crit|p1a: Clodsire
|-damage|p1a: Clodsire|56/100
|move|p1a: Clodsire|Earthquake|p2a: Pecharunt
|-supereffective|p2a: Pecharunt
|-crit|p2a: Pecharunt
|-damage|p2a: Pecharunt|28/100
|
|-heal|p2a: Pecharunt|35/100|[from] item: Leftovers
|upkeep
|turn|48
|
|t:|1779809061
|switch|p1a: Hydreigon|Hydreigon, M, shiny|76/100
|-damage|p1a: Hydreigon|64/100|[from] Stealth Rock
|move|p2a: Pecharunt|Recover|p2a: Pecharunt
|-heal|p2a: Pecharunt|85/100
|
|-heal|p2a: Pecharunt|91/100|[from] item: Leftovers
|upkeep
|turn|49
|
|t:|1779809070
|switch|p2a: Corviknight|Corviknight, F|99/100
|-damage|p2a: Corviknight|87/100|[from] Stealth Rock
|move|p1a: Hydreigon|Dark Pulse|p2a: Corviknight
|-damage|p2a: Corviknight|38/100
|
|upkeep
|turn|50
|
|t:|1779809081
|move|p1a: Hydreigon|Dark Pulse|p2a: Corviknight
|-damage|p2a: Corviknight|0 fnt
|faint|p2a: Corviknight
|
|upkeep
|
|t:|1779809085
|switch|p2a: Toxapex|Toxapex, F|99/100
|-damage|p2a: Toxapex|88/100|[from] Stealth Rock
|turn|51
|
|t:|1779809093
|switch|p1a: Skarmory|Skarmory, M, shiny|100/100
|-damage|p1a: Skarmory|88/100|[from] Stealth Rock
|move|p2a: Toxapex|Lunge|p1a: Skarmory
|-resisted|p1a: Skarmory
|-damage|p1a: Skarmory|86/100
|-unboost|p1a: Skarmory|atk|1
|
|upkeep
|turn|52
|
|t:|1779809105
|switch|p2a: Pecharunt|Pecharunt|91/100
|-damage|p2a: Pecharunt|78/100|[from] Stealth Rock
|move|p1a: Skarmory|Taunt|p2a: Pecharunt
|-start|p2a: Pecharunt|move: Taunt
|
|-heal|p2a: Pecharunt|85/100|[from] item: Leftovers
|upkeep
|turn|53
|
|t:|1779809115
|switch|p1a: Clodsire|Clodsire, M, shiny|56/100
|-damage|p1a: Clodsire|50/100|[from] Stealth Rock
|move|p2a: Pecharunt|Malignant Chain|p1a: Clodsire
|-resisted|p1a: Clodsire
|-damage|p1a: Clodsire|45/100
|
|-heal|p2a: Pecharunt|91/100|[from] item: Leftovers
|upkeep
|turn|54
|
|t:|1779809128
|move|p2a: Pecharunt|Shadow Ball|p1a: Clodsire
|-damage|p1a: Clodsire|32/100
|move|p1a: Clodsire|Recover|p1a: Clodsire
|-heal|p1a: Clodsire|82/100
|
|-heal|p2a: Pecharunt|97/100|[from] item: Leftovers
|-end|p2a: Pecharunt|move: Taunt
|upkeep
|turn|55
|
|t:|1779809147
|switch|p1a: Alomomola|Alomomola, M, shiny|60/100 tox
|-damage|p1a: Alomomola|47/100 tox|[from] Stealth Rock
|move|p2a: Pecharunt|Malignant Chain|p1a: Alomomola
|-damage|p1a: Alomomola|33/100 tox
|
|-heal|p2a: Pecharunt|100/100|[from] item: Leftovers
|-damage|p1a: Alomomola|27/100 tox|[from] psn
|upkeep
|turn|56
|
|t:|1779809163
|switch|p1a: Clodsire|Clodsire, M, shiny|82/100
|-damage|p1a: Clodsire|76/100|[from] Stealth Rock
|move|p2a: Pecharunt|Nasty Plot|p2a: Pecharunt
|-boost|p2a: Pecharunt|spa|2
|
|upkeep
|turn|57
|
|t:|1779809173
|move|p2a: Pecharunt|Shadow Ball|p1a: Clodsire
|-damage|p1a: Clodsire|63/100
|move|p1a: Clodsire|Earthquake|p2a: Pecharunt
|-supereffective|p2a: Pecharunt
|-damage|p2a: Pecharunt|73/100
|
|-heal|p2a: Pecharunt|79/100|[from] item: Leftovers
|upkeep
|turn|58
|
|t:|1779809181
|move|p2a: Pecharunt|Shadow Ball|p1a: Clodsire
|-damage|p1a: Clodsire|49/100
|move|p1a: Clodsire|Earthquake|p2a: Pecharunt
|-supereffective|p2a: Pecharunt
|-damage|p2a: Pecharunt|53/100
|
|-heal|p2a: Pecharunt|60/100|[from] item: Leftovers
|upkeep
|turn|59
|
|t:|1779809188
|move|p2a: Pecharunt|Shadow Ball|p1a: Clodsire
|-damage|p1a: Clodsire|36/100
|move|p1a: Clodsire|Recover|p1a: Clodsire
|-heal|p1a: Clodsire|86/100
|
|-heal|p2a: Pecharunt|66/100|[from] item: Leftovers
|upkeep
|turn|60
|
|t:|1779809196
|move|p2a: Pecharunt|Shadow Ball|p1a: Clodsire
|-damage|p1a: Clodsire|74/100
|move|p1a: Clodsire|Earthquake|p2a: Pecharunt
|-supereffective|p2a: Pecharunt
|-damage|p2a: Pecharunt|42/100
|
|-heal|p2a: Pecharunt|48/100|[from] item: Leftovers
|upkeep
|turn|61
|
|t:|1779809204
|move|p2a: Pecharunt|Malignant Chain|p1a: Clodsire
|-resisted|p1a: Clodsire
|-damage|p1a: Clodsire|69/100
|move|p1a: Clodsire|Earthquake|p2a: Pecharunt
|-supereffective|p2a: Pecharunt
|-damage|p2a: Pecharunt|23/100
|
|-heal|p2a: Pecharunt|29/100|[from] item: Leftovers
|upkeep
|turn|62
|
|t:|1779809209
|switch|p1a: Hydreigon|Hydreigon, M, shiny|64/100
|-damage|p1a: Hydreigon|51/100|[from] Stealth Rock
|move|p2a: Pecharunt|Recover|p2a: Pecharunt
|-heal|p2a: Pecharunt|79/100
|
|-heal|p2a: Pecharunt|85/100|[from] item: Leftovers
|upkeep
|turn|63
|
|t:|1779809217
|switch|p2a: Toxapex|Toxapex, F|100/100
|-damage|p2a: Toxapex|88/100|[from] Stealth Rock
|move|p1a: Hydreigon|Dark Pulse|p2a: Toxapex
|-damage|p2a: Toxapex|55/100
|
|upkeep
|turn|64
|
|t:|1779809226
|-terastallize|p1a: Hydreigon|Steel
|move|p1a: Hydreigon|Dark Pulse|p2a: Toxapex
|-damage|p2a: Toxapex|20/100
|move|p2a: Toxapex|Lunge|p1a: Hydreigon
|-resisted|p1a: Hydreigon
|-damage|p1a: Hydreigon|44/100
|-unboost|p1a: Hydreigon|atk|1
|
|upkeep
|turn|65
|
|t:|1779809236
|switch|p2a: Great Tusk|Great Tusk|22/100
|-damage|p2a: Great Tusk|19/100|[from] Stealth Rock
|move|p1a: Hydreigon|Dark Pulse|p2a: Great Tusk
|-resisted|p2a: Great Tusk
|-damage|p2a: Great Tusk|0 fnt
|faint|p2a: Great Tusk
|-end|p2a: Great Tusk|Protosynthesis|[silent]
|
|upkeep
|
|t:|1779809245
|switch|p2a: Toxapex|Toxapex, F|53/100
|-damage|p2a: Toxapex|41/100|[from] Stealth Rock
|turn|66
|
|t:|1779809250
|move|p1a: Hydreigon|Dark Pulse|p2a: Toxapex
|-damage|p2a: Toxapex|8/100
|move|p2a: Toxapex|Liquidation|p1a: Hydreigon
|-damage|p1a: Hydreigon|19/100
|-unboost|p1a: Hydreigon|def|1
|
|upkeep
|turn|67
|
|t:|1779809256
|move|p1a: Hydreigon|Dark Pulse|p2a: Toxapex
|-damage|p2a: Toxapex|0 fnt
|faint|p2a: Toxapex
|
|upkeep
|c|☆Witherfan|gg
|
|t:|1779809261
|switch|p2a: Pecharunt|Pecharunt|85/100
|-damage|p2a: Pecharunt|73/100|[from] Stealth Rock
|turn|68
|
|t:|1779809269
|-terastallize|p2a: Pecharunt|Fairy
|move|p1a: Hydreigon|Dark Pulse|p2a: Pecharunt
|-resisted|p2a: Pecharunt
|-damage|p2a: Pecharunt|40/100
|move|p2a: Pecharunt|Malignant Chain|p1a: Hydreigon
|-immune|p1a: Hydreigon
|
|-heal|p2a: Pecharunt|46/100|[from] item: Leftovers
|upkeep
|turn|69
|
|t:|1779809274
|move|p1a: Hydreigon|Dark Pulse|p2a: Pecharunt
|-resisted|p2a: Pecharunt
|-damage|p2a: Pecharunt|13/100
|move|p2a: Pecharunt|Recover|p2a: Pecharunt
|-heal|p2a: Pecharunt|63/100
|
|-heal|p2a: Pecharunt|69/100|[from] item: Leftovers
|upkeep
|turn|70
|
|t:|1779809283
|switch|p1a: Clodsire|Clodsire, M, shiny|69/100
|-damage|p1a: Clodsire|63/100|[from] Stealth Rock
|move|p2a: Pecharunt|Shadow Ball|p1a: Clodsire
|-damage|p1a: Clodsire|51/100
|
|-heal|p2a: Pecharunt|75/100|[from] item: Leftovers
|upkeep
|turn|71
|-message|thepunkday forfeited.
|
|win|Witherfan
