|j|☆bloodmannava
|j|☆icewizardlair☃
|t:|1779883060
|gametype|singles
|player|p1|bloodmannava|cyrus|1151
|player|p2|icewizardlair☃|lorelei-lgpe|1126
|gen|9
|tier|[Gen 9] OU
|rated|
|rule|HP Percentage Mod: HP is shown in percentages
|rule|Endless Battle Clause: Forcing endless battles is banned
|rule|Species Clause: Limit one of each Pokémon
|rule|OHKO Clause: OHKO moves are banned
|rule|Evasion Items Clause: Evasion items are banned
|rule|Evasion Moves Clause: Evasion moves are banned
|rule|Evasion Abilities Clause: Evasion abilities are banned
|rule|Sleep Moves Clause: Sleep-inducing moves are banned
|clearpoke
|poke|p1|Toxapex, F|
|poke|p1|Blissey, F|
|poke|p1|Dondozo, F|
|poke|p1|Heatran, F|
|poke|p1|Corviknight, M|
|poke|p1|Garchomp, M|
|poke|p2|Chesnaught, M|
|poke|p2|Ninetales-Alola, F|
|poke|p2|Kilowattrel, M|
|poke|p2|Flygon, F|
|poke|p2|Lurantis, F|
|poke|p2|Grafaiai, M|
|teampreview
|
|t:|1779883066
|teamsize|p1|6
|teamsize|p2|6
|start
|switch|p1a: Garchomp|Garchomp, M, shiny|100/100
|switch|p2a: Grafaiai|Grafaiai, M|100/100
|turn|1
|
|t:|1779883074
|move|p2a: Grafaiai|Toxic|p1a: Garchomp
|-status|p1a: Garchomp|tox
|move|p1a: Garchomp|Spikes|p2a: Grafaiai
|-sidestart|p2: icewizardlair☃|Spikes
|
|-damage|p1a: Garchomp|94/100 tox|[from] psn
|upkeep
|turn|2
|
|t:|1779883080
|move|p2a: Grafaiai|Encore|p1a: Garchomp
|-start|p1a: Garchomp|Encore
|move|p1a: Garchomp|Spikes|p2a: Grafaiai
|-sidestart|p2: icewizardlair☃|Spikes
|
|-damage|p1a: Garchomp|82/100 tox|[from] psn
|upkeep
|turn|3
|
|t:|1779883086
|move|p2a: Grafaiai|Switcheroo|p1a: Garchomp
|-activate|p2a: Grafaiai|move: Trick|[of] p1a: Garchomp
|-item|p1a: Garchomp|Black Sludge|[from] move: Switcheroo
|-item|p2a: Grafaiai|Rocky Helmet|[from] move: Switcheroo
|move|p1a: Garchomp|Spikes|p2a: Grafaiai
|-sidestart|p2: icewizardlair☃|Spikes
|
|-damage|p1a: Garchomp|70/100 tox|[from] item: Black Sludge
|-damage|p1a: Garchomp|51/100 tox|[from] psn
|upkeep
|turn|4
|
|t:|1779883101
|switch|p1a: Blissey|Blissey, F|100/100
|move|p2a: Grafaiai|Toxic|p1a: Blissey
|-status|p1a: Blissey|tox
|
|-damage|p1a: Blissey|94/100 tox|[from] psn
|upkeep
|turn|5
|
|t:|1779883110
|move|p2a: Grafaiai|Protect|p2a: Grafaiai
|-singleturn|p2a: Grafaiai|Protect
|move|p1a: Blissey|Heal Bell|p1a: Blissey
|-activate|p1a: Blissey|move: Heal Bell
|-curestatus|p1a: Blissey|tox|[msg]
|-curestatus|p1: Garchomp|tox|[msg]
|
|-heal|p1a: Blissey|100/100|[from] item: Leftovers
|upkeep
|turn|6
|
|t:|1779883119
|move|p2a: Grafaiai|Toxic|p1a: Blissey
|-status|p1a: Blissey|tox
|move|p1a: Blissey|Thunder Wave|p2a: Grafaiai
|-status|p2a: Grafaiai|par
|
|-damage|p1a: Blissey|94/100 tox|[from] psn
|upkeep
|turn|7
|
|t:|1779883130
|cant|p2a: Grafaiai|par
|move|p1a: Blissey|Heal Bell|p1a: Blissey
|-activate|p1a: Blissey|move: Heal Bell
|-curestatus|p1a: Blissey|tox|[msg]
|
|-heal|p1a: Blissey|100/100|[from] item: Leftovers
|upkeep
|turn|8
|
|t:|1779883141
|switch|p1a: Garchomp|Garchomp, M, shiny|51/100
|cant|p2a: Grafaiai|par
|
|-damage|p1a: Garchomp|39/100|[from] item: Black Sludge
|upkeep
|turn|9
|
|t:|1779883149
|move|p2a: Grafaiai|Toxic|p1a: Garchomp
|-status|p1a: Garchomp|tox
|move|p1a: Garchomp|Stealth Rock|p2a: Grafaiai
|-sidestart|p2: icewizardlair☃|move: Stealth Rock
|
|-damage|p1a: Garchomp|26/100 tox|[from] item: Black Sludge
|-damage|p1a: Garchomp|20/100 tox|[from] psn
|upkeep
|turn|10
|
|t:|1779883157
|move|p2a: Grafaiai|Switcheroo|p1a: Garchomp
|-activate|p2a: Grafaiai|move: Trick|[of] p1a: Garchomp
|-item|p1a: Garchomp|Rocky Helmet|[from] move: Switcheroo
|-item|p2a: Grafaiai|Black Sludge|[from] move: Switcheroo
|move|p1a: Garchomp|Earthquake|p2a: Grafaiai
|-supereffective|p2a: Grafaiai
|-damage|p2a: Grafaiai|0 fnt
|faint|p2a: Grafaiai
|
|-damage|p1a: Garchomp|8/100 tox|[from] psn
|upkeep
|
|t:|1779883170
|switch|p2a: Thunder Child|Kilowattrel, M|100/100
|turn|11
|
|t:|1779883190
|switch|p1a: Toxapex|Toxapex, F, shiny|100/100
|move|p2a: Thunder Child|Air Slash|p1a: Toxapex
|-damage|p1a: Toxapex|74/100
|
|-heal|p1a: Toxapex|80/100|[from] item: Black Sludge
|upkeep
|turn|12
|
|t:|1779883197
|move|p2a: Thunder Child|Thunderbolt|p1a: Toxapex
|-supereffective|p1a: Toxapex
|-damage|p1a: Toxapex|18/100
|move|p1a: Toxapex|Toxic|p2a: Thunder Child
|-status|p2a: Thunder Child|tox
|
|-heal|p1a: Toxapex|25/100|[from] item: Black Sludge
|-damage|p2a: Thunder Child|94/100 tox|[from] psn
|upkeep
|turn|13
|
|t:|1779883206
|move|p1a: Toxapex|Baneful Bunker|p1a: Toxapex
|-singleturn|p1a: Toxapex|move: Protect
|move|p2a: Thunder Child|Air Slash|p1a: Toxapex
|-activate|p1a: Toxapex|move: Protect
|
|-heal|p1a: Toxapex|31/100|[from] item: Black Sludge
|-damage|p2a: Thunder Child|82/100 tox|[from] psn
|upkeep
|turn|14
|
|t:|1779883221
|switch|p1a: Heatran|Heatran, F|100/100
|move|p2a: Thunder Child|Thunderbolt|p1a: Heatran
|-damage|p1a: Heatran|75/100
|-status|p1a: Heatran|par
|
|-heal|p1a: Heatran|81/100 par|[from] item: Leftovers
|-damage|p2a: Thunder Child|64/100 tox|[from] psn
|upkeep
|turn|15
|
|t:|1779883234
|switch|p2a: Flygon|Flygon, F|100/100
|-damage|p2a: Flygon|95/100|[from] Stealth Rock
|move|p1a: Heatran|Lava Plume|p2a: Flygon
|-resisted|p2a: Flygon
|-damage|p2a: Flygon|73/100
|
|-heal|p1a: Heatran|87/100 par|[from] item: Leftovers
|upkeep
|turn|16
|
|t:|1779883247
|switch|p1a: Dondozo|Dondozo, F|100/100
|move|p2a: Flygon|Earthquake|p1a: Dondozo
|-damage|p1a: Dondozo|72/100
|-damage|p2a: Flygon|63/100|[from] item: Life Orb
|
|-heal|p1a: Dondozo|78/100|[from] item: Leftovers
|upkeep
|turn|17
|
|t:|1779883257
|switch|p2a: Thunder Child|Kilowattrel, M|64/100 tox
|move|p1a: Dondozo|Curse|p1a: Dondozo
|-unboost|p1a: Dondozo|spe|1
|-boost|p1a: Dondozo|atk|1
|-boost|p1a: Dondozo|def|1
|
|-heal|p1a: Dondozo|84/100|[from] item: Leftovers
|-damage|p2a: Thunder Child|58/100 tox|[from] psn
|upkeep
|turn|18
|
|t:|1779883276
|switch|p1a: Blissey|Blissey, F|100/100
|move|p2a: Thunder Child|Thunderbolt|p1a: Blissey
|-damage|p1a: Blissey|85/100
|
|-heal|p1a: Blissey|91/100|[from] item: Leftovers
|-damage|p2a: Thunder Child|46/100 tox|[from] psn
|upkeep
|turn|19
|
|t:|1779883286
|switch|p2a: Lurantis|Lurantis, F|100/100
|-damage|p2a: Lurantis|75/100|[from] Spikes
|-damage|p2a: Lurantis|63/100|[from] Stealth Rock
|move|p1a: Blissey|Seismic Toss|p2a: Lurantis
|-damage|p2a: Lurantis|34/100
|
|-heal|p1a: Blissey|98/100|[from] item: Leftovers
|upkeep
|turn|20
|
|t:|1779883295
|move|p1a: Blissey|Thunder Wave|p2a: Lurantis
|-status|p2a: Lurantis|par
|move|p2a: Lurantis|Superpower|p1a: Blissey
|-supereffective|p1a: Blissey
|-damage|p1a: Blissey|28/100
|-boost|p2a: Lurantis|atk|1
|-boost|p2a: Lurantis|def|1
|
|-heal|p1a: Blissey|34/100|[from] item: Leftovers
|upkeep
|turn|21
|
|t:|1779883311
|switch|p1a: Toxapex|Toxapex, F, shiny|64/100
|move|p2a: Lurantis|Superpower|p1a: Toxapex
|-resisted|p1a: Toxapex
|-damage|p1a: Toxapex|45/100
|-boost|p2a: Lurantis|atk|1
|-boost|p2a: Lurantis|def|1
|
|-heal|p1a: Toxapex|51/100|[from] item: Black Sludge
|upkeep
|turn|22
|
|t:|1779883321
|move|p1a: Toxapex|Haze|p1a: Toxapex
|-clearallboost
|cant|p2a: Lurantis|par
|
|-heal|p1a: Toxapex|57/100|[from] item: Black Sludge
|upkeep
|turn|23
|
|t:|1779883338
|switch|p1a: Blissey|Blissey, F|34/100
|move|p2a: Lurantis|Leaf Storm|p1a: Blissey
|-damage|p1a: Blissey|21/100
|-boost|p2a: Lurantis|spa|2
|
|-heal|p1a: Blissey|27/100|[from] item: Leftovers
|upkeep
|turn|24
|-activate|p2a: Lurantis|item: Quick Claw
|
|t:|1779883347
|move|p2a: Lurantis|Superpower|p1a: Blissey
|-supereffective|p1a: Blissey
|-damage|p1a: Blissey|0 fnt
|-boost|p2a: Lurantis|atk|1
|-boost|p2a: Lurantis|def|1
|faint|p1a: Blissey
|
|upkeep
|
|t:|1779883355
|switch|p1a: Garchomp|Garchomp, M, shiny|8/100 tox
|turn|25
|
|t:|1779883365
|move|p1a: Garchomp|Earthquake|p2a: Lurantis
|-resisted|p2a: Lurantis
|-damage|p2a: Lurantis|19/100 par
|move|p2a: Lurantis|Leech Life|p1a: Garchomp
|-damage|p1a: Garchomp|0 fnt
|-heal|p2a: Lurantis|23/100 par|[from] drain|[of] p1a: Garchomp
|-damage|p2a: Lurantis|11/100 par|[from] ability: Rough Skin|[of] p1a: Garchomp
|-damage|p2a: Lurantis|0 fnt|[from] item: Rocky Helmet|[of] p1a: Garchomp
|faint|p1a: Garchomp
|faint|p2a: Lurantis
|
|upkeep
|
|t:|1779883395
|switch|p1a: Toxapex|Toxapex, F, shiny|91/100
|switch|p2a: Thunder Child|Kilowattrel, M|46/100 tox
|turn|26
|
|t:|1779883399
|move|p1a: Toxapex|Baneful Bunker|p1a: Toxapex
|-singleturn|p1a: Toxapex|move: Protect
|move|p2a: Thunder Child|Thunderbolt|p1a: Toxapex
|-activate|p1a: Toxapex|move: Protect
|
|-heal|p1a: Toxapex|97/100|[from] item: Black Sludge
|-damage|p2a: Thunder Child|40/100 tox|[from] psn
|upkeep
|turn|27
|
|t:|1779883411
|switch|p1a: Heatran|Heatran, F|87/100 par
|move|p2a: Thunder Child|Thunderbolt|p1a: Heatran
|-damage|p1a: Heatran|64/100 par
|
|-heal|p1a: Heatran|70/100 par|[from] item: Leftovers
|-damage|p2a: Thunder Child|28/100 tox|[from] psn
|upkeep
|turn|28
|
|t:|1779883423
|move|p2a: Thunder Child|Thunderbolt|p1a: Heatran
|-damage|p1a: Heatran|44/100 par
|move|p1a: Heatran|Magma Storm|p2a: Thunder Child|[miss]
|-miss|p1a: Heatran|p2a: Thunder Child
|
|-heal|p1a: Heatran|50/100 par|[from] item: Leftovers
|-damage|p2a: Thunder Child|10/100 tox|[from] psn
|upkeep
|turn|29
|
|t:|1779883434
|switch|p2a: Flygon|Flygon, F|63/100
|-damage|p2a: Flygon|57/100|[from] Stealth Rock
|switch|p1a: Toxapex|Toxapex, F, shiny|100/100
|
|upkeep
|turn|30
|
|t:|1779883446
|move|p1a: Toxapex|Baneful Bunker|p1a: Toxapex
|-singleturn|p1a: Toxapex|move: Protect
|move|p2a: Flygon|Earthquake|p1a: Toxapex
|-activate|p1a: Toxapex|move: Protect
|
|upkeep
|turn|31
|
|t:|1779883452
|move|p2a: Flygon|Earthquake|p1a: Toxapex
|-supereffective|p1a: Toxapex
|-damage|p1a: Toxapex|23/100
|-damage|p2a: Flygon|47/100|[from] item: Life Orb
|move|p1a: Toxapex|Toxic|p2a: Flygon
|-status|p2a: Flygon|tox
|
|-heal|p1a: Toxapex|29/100|[from] item: Black Sludge
|-damage|p2a: Flygon|41/100 tox|[from] psn
|upkeep
|turn|32
|
|t:|1779883464
|move|p1a: Toxapex|Baneful Bunker|p1a: Toxapex
|-singleturn|p1a: Toxapex|move: Protect
|move|p2a: Flygon|Earthquake|p1a: Toxapex
|-activate|p1a: Toxapex|move: Protect
|
|-heal|p1a: Toxapex|35/100|[from] item: Black Sludge
|-damage|p2a: Flygon|29/100 tox|[from] psn
|upkeep
|turn|33
|
|t:|1779883479
|switch|p1a: Corviknight|Corviknight, M|100/100
|-ability|p1a: Corviknight|Pressure
|move|p2a: Flygon|Earthquake|p1a: Corviknight
|-immune|p1a: Corviknight
|
|-damage|p2a: Flygon|11/100 tox|[from] psn
|upkeep
|turn|34
|
|t:|1779883494
|move|p2a: Flygon|Throat Chop|p1a: Corviknight
|-damage|p1a: Corviknight|80/100
|-start|p1a: Corviknight|Throat Chop|[silent]
|-damage|p2a: Flygon|1/100 tox|[from] item: Life Orb
|move|p1a: Corviknight|Iron Defense|p1a: Corviknight
|-boost|p1a: Corviknight|def|2
|
|-heal|p1a: Corviknight|86/100|[from] item: Leftovers
|-damage|p2a: Flygon|0 fnt|[from] psn
|faint|p2a: Flygon
|upkeep
|
|t:|1779883499
|switch|p2a: Ninetales|Ninetales-Alola, F|100/100
|-damage|p2a: Ninetales|76/100|[from] Spikes
|-damage|p2a: Ninetales|51/100|[from] Stealth Rock
|-weather|Snowscape|[from] ability: Snow Warning|[of] p2a: Ninetales
|turn|35
|
|t:|1779883509
|move|p2a: Ninetales|Blizzard|p1a: Corviknight
|-damage|p1a: Corviknight|49/100
|move|p1a: Corviknight|Body Press|p2a: Ninetales
|-damage|p2a: Ninetales|0 fnt
|faint|p2a: Ninetales
|
|-weather|Snowscape|[upkeep]
|-heal|p1a: Corviknight|55/100|[from] item: Leftovers
|-end|p1a: Corviknight|Throat Chop|[silent]
|upkeep
|
|t:|1779883514
|switch|p2a: Chesnaught|Chesnaught, M, shiny|100/100
|-damage|p2a: Chesnaught|76/100|[from] Spikes
|-damage|p2a: Chesnaught|70/100|[from] Stealth Rock
|turn|36
|
|t:|1779883533
|switch|p1a: Toxapex|Toxapex, F, shiny|68/100
|-terastallize|p2a: Chesnaught|Rock
|move|p2a: Chesnaught|Belly Drum|p2a: Chesnaught
|-damage|p2a: Chesnaught|20/100
|-setboost|p2a: Chesnaught|atk|6|[from] move: Belly Drum
|-enditem|p2a: Chesnaught|Salac Berry|[eat]
|-boost|p2a: Chesnaught|spe|1|[from] item: Salac Berry
|
|-weather|Snowscape|[upkeep]
|-heal|p1a: Toxapex|75/100|[from] item: Black Sludge
|upkeep
|turn|37
|
|t:|1779883544
|move|p2a: Chesnaught|Seed Bomb|p1a: Toxapex
|-damage|p1a: Toxapex|0 fnt
|faint|p1a: Toxapex
|
|-weather|Snowscape|[upkeep]
|upkeep
|
|t:|1779883555
|switch|p1a: Corviknight|Corviknight, M|55/100
|-ability|p1a: Corviknight|Pressure
|turn|38
|
|t:|1779883564
|move|p2a: Chesnaught|Drain Punch|p1a: Corviknight
|-damage|p1a: Corviknight|0 fnt
|-heal|p2a: Chesnaught|54/100|[from] drain|[of] p1a: Corviknight
|faint|p1a: Corviknight
|
|-weather|Snowscape|[upkeep]
|upkeep
|
|t:|1779883570
|switch|p1a: Heatran|Heatran, F|50/100 par
|turn|39
|
|t:|1779883577
|move|p2a: Chesnaught|Drain Punch|p1a: Heatran
|-supereffective|p1a: Heatran
|-damage|p1a: Heatran|0 fnt
|-heal|p2a: Chesnaught|84/100|[from] drain|[of] p1a: Heatran
|faint|p1a: Heatran
|
|-weather|none
|upkeep
|
|t:|1779883583
|switch|p1a: Dondozo|Dondozo, F|84/100
|turn|40
|
|t:|1779883588
|switch|p2a: Thunder Child|Kilowattrel, M|10/100 tox
|move|p1a: Dondozo|Rest|p1a: Dondozo
|-status|p1a: Dondozo|slp|[from] move: Rest
|-heal|p1a: Dondozo|100/100 slp|[silent]
|
|-damage|p2a: Thunder Child|4/100 tox|[from] psn
|upkeep
|turn|41
|
|t:|1779883596
|move|p2a: Thunder Child|Endeavor|p1a: Dondozo
|-damage|p1a: Dondozo|2/100 slp
|cant|p1a: Dondozo|slp
|move|p1a: Dondozo|Sleep Talk|p1a: Dondozo
|move|p1a: Dondozo|Rest||[from] move: Sleep Talk|[still]
|-fail|p1a: Dondozo
|
|-heal|p1a: Dondozo|9/100 slp|[from] item: Leftovers
|-damage|p2a: Thunder Child|0 fnt|[from] psn
|faint|p2a: Thunder Child
|upkeep
|
|t:|1779883598
|switch|p2a: Chesnaught|Chesnaught, M, shiny, tera:Rock|84/100
|-damage|p2a: Chesnaught|59/100|[from] Spikes
|-damage|p2a: Chesnaught|47/100|[from] Stealth Rock
|turn|42
|
|t:|1779883619
|move|p2a: Chesnaught|Seed Bomb|p1a: Dondozo
|-supereffective|p1a: Dondozo
|-damage|p1a: Dondozo|0 fnt
|faint|p1a: Dondozo
|
|win|icewizardlair☃
|raw|bloodmannava's rating: 1151 &rarr; <strong>1124</strong><br />(-27 for losing)
|raw|icewizardlair☃'s rating: 1126 &rarr; <strong>1153</strong><br />(+27 for winning)
|c|☆icewizardlair☃|Stall is so boring
|l|☆icewizardlair☃
|player|p2|
