|j|☆misterfitness
|j|☆its Absolute
|t:|1779885224
|gametype|singles
|player|p1|misterfitness|chuck|1106
|player|p2|its Absolute|scientistf|1104
|gen|9
|tier|[Gen 9] OU
|rated|
|rule|HP Percentage Mod: HP is shown in percentages
|rule|Endless Battle Clause: Forcing endless battles is banned
|rule|Species Clause: Limit one of each Pokémon
|rule|OHKO Clause: OHKO moves are banned
|rule|Evasion Items Clause: Evasion items are banned
|rule|Evasion Moves Clause: Evasion moves are banned
|rule|Evasion Abilities Clause: Evasion abilities are banned
|rule|Sleep Moves Clause: Sleep-inducing moves are banned
|clearpoke
|poke|p1|Poliwrath, F|
|poke|p1|Hariyama, F|
|poke|p1|Gallade, M|
|poke|p1|Conkeldurr, F|
|poke|p1|Iron Hands|
|poke|p1|Arcanine, M|
|poke|p2|Iron Moth|
|poke|p2|Gliscor, M|
|poke|p2|Hatterene, F|
|poke|p2|Ogerpon-Wellspring, F|
|poke|p2|Raging Bolt|
|poke|p2|Zamazenta-*|
|teampreview
|
|t:|1779885231
|teamsize|p1|6
|teamsize|p2|6
|start
|switch|p1a: Gallade|Gallade, M|100/100
|switch|p2a: Zamazenta|Zamazenta|100/100
|-ability|p2a: Zamazenta|Dauntless Shield|boost
|-boost|p2a: Zamazenta|def|1
|turn|1
|
|t:|1779885240
|switch|p2a: Hatterene|Hatterene, F|100/100
|move|p1a: Gallade|Psycho Cut|p2a: Hatterene
|-resisted|p2a: Hatterene
|-damage|p2a: Hatterene|62/100
|
|-heal|p2a: Hatterene|68/100|[from] item: Leftovers
|upkeep
|turn|2
|
|t:|1779885263
|switch|p1a: Arcanine|Arcanine, M|100/100
|move|p2a: Hatterene|Draining Kiss|p1a: Arcanine
|-resisted|p1a: Arcanine
|-damage|p1a: Arcanine|89/100
|-heal|p2a: Hatterene|77/100|[from] drain|[of] p1a: Arcanine
|
|-heal|p2a: Hatterene|83/100|[from] item: Leftovers
|upkeep
|turn|3
|
|t:|1779885274
|switch|p2a: Zamazenta|Zamazenta|100/100
|move|p1a: Arcanine|Iron Head|p2a: Zamazenta
|-damage|p2a: Zamazenta|78/100
|
|upkeep
|turn|4
|
|t:|1779885285
|move|p2a: Zamazenta|Reflect|p2a: Zamazenta
|-sidestart|p2: its Absolute|Reflect
|move|p1a: Arcanine|Raging Fury|p2a: Zamazenta
|-damage|p2a: Zamazenta|50/100
|
|upkeep
|turn|5
|
|t:|1779885291
|move|p2a: Zamazenta|Light Screen|p2a: Zamazenta
|-sidestart|p2: its Absolute|move: Light Screen
|move|p1a: Arcanine|Raging Fury|p2a: Zamazenta|[from] lockedmove
|-damage|p2a: Zamazenta|22/100
|
|upkeep
|turn|6
|
|t:|1779885299
|switch|p2a: Gliscor|Gliscor, M|100/100
|move|p1a: Arcanine|Raging Fury|p2a: Gliscor|[from] lockedmove
|-damage|p2a: Gliscor|70/100
|-start|p1a: Arcanine|confusion|[fatigue]
|
|-status|p2a: Gliscor|tox|[from] item: Toxic Orb
|upkeep
|turn|7
|inactive|Battle timer is ON: inactive players will automatically lose when time's up. (requested by its Absolute)
|
|t:|1779885318
|switch|p1a: Conkeldurr|Conkeldurr, F|100/100
|move|p2a: Gliscor|Agility|p2a: Gliscor
|-boost|p2a: Gliscor|spe|2
|
|-heal|p2a: Gliscor|83/100 tox|[from] ability: Poison Heal
|upkeep
|turn|8
|
|t:|1779885327
|-terastallize|p2a: Gliscor|Normal
|move|p2a: Gliscor|Swords Dance|p2a: Gliscor
|-boost|p2a: Gliscor|atk|2
|move|p1a: Conkeldurr|Drain Punch|p2a: Gliscor
|-supereffective|p2a: Gliscor
|-damage|p2a: Gliscor|42/100 tox
|
|-heal|p2a: Gliscor|54/100 tox|[from] ability: Poison Heal
|upkeep
|turn|9
|
|t:|1779885341
|move|p2a: Gliscor|Facade|p1a: Conkeldurr
|-damage|p1a: Conkeldurr|0 fnt
|faint|p1a: Conkeldurr
|
|-heal|p2a: Gliscor|66/100 tox|[from] ability: Poison Heal
|upkeep
|
|t:|1779885364
|switch|p1a: Hariyama|Hariyama, F|100/100
|turn|10
|
|t:|1779885372
|-terastallize|p1a: Hariyama|Fighting
|move|p2a: Gliscor|Facade|p1a: Hariyama
|-damage|p1a: Hariyama|0 fnt
|faint|p1a: Hariyama
|
|-heal|p2a: Gliscor|79/100 tox|[from] ability: Poison Heal
|upkeep
|
|t:|1779885382
|switch|p1a: Poliwrath|Poliwrath, F|100/100
|turn|11
|
|t:|1779885390
|move|p2a: Gliscor|Facade|p1a: Poliwrath
|-damage|p1a: Poliwrath|0 fnt
|faint|p1a: Poliwrath
|
|-heal|p2a: Gliscor|91/100 tox|[from] ability: Poison Heal
|-sideend|p2: its Absolute|Reflect
|upkeep
|inactive|misterfitness has 120 seconds left.
|
|t:|1779885406
|switch|p1a: Iron Hands|Iron Hands|100/100
|-enditem|p1a: Iron Hands|Booster Energy
|-activate|p1a: Iron Hands|ability: Quark Drive|[fromitem]
|-start|p1a: Iron Hands|quarkdriveatk
|turn|12
|
|t:|1779885414
|move|p2a: Gliscor|Earthquake|p1a: Iron Hands
|-supereffective|p1a: Iron Hands
|-damage|p1a: Iron Hands|0 fnt
|faint|p1a: Iron Hands
|-end|p1a: Iron Hands|Quark Drive|[silent]
|
|-heal|p2a: Gliscor|100/100 tox|[from] ability: Poison Heal
|-sideend|p2: its Absolute|move: Light Screen
|upkeep
|inactive|misterfitness has 120 seconds left.
|
|t:|1779885428
|switch|p1a: Arcanine|Arcanine, M|89/100
|turn|13
|inactive|misterfitness has 120 seconds left.
|
|t:|1779885441
|move|p2a: Gliscor|Facade|p1a: Arcanine
|-damage|p1a: Arcanine|0 fnt
|faint|p1a: Arcanine
|
|upkeep
|inactive|misterfitness has 120 seconds left.
|
|t:|1779885447
|switch|p1a: Gallade|Gallade, M|100/100
|turn|14
|
|t:|1779885455
|move|p2a: Gliscor|Facade|p1a: Gallade
|-damage|p1a: Gallade|0 fnt
|faint|p1a: Gallade
|
|win|its Absolute
|raw|misterfitness's rating: 1106 &rarr; <strong>1081</strong><br />(-25 for losing)
|raw|its Absolute's rating: 1104 &rarr; <strong>1129</strong><br />(+25 for winning)
