|j|☆tssfanatic
|j|☆misterfitness
|t:|1779885738
|gametype|singles
|player|p1|tssfanatic|169|1074
|player|p2|misterfitness|chuck|1081
|gen|9
|tier|[Gen 9] OU
|rated|
|rule|HP Percentage Mod: HP is shown in percentages
|rule|Endless Battle Clause: Forcing endless battles is banned
|rule|Species Clause: Limit one of each Pokémon
|rule|OHKO Clause: OHKO moves are banned
|rule|Evasion Items Clause: Evasion items are banned
|rule|Evasion Moves Clause: Evasion moves are banned
|rule|Evasion Abilities Clause: Evasion abilities are banned
|rule|Sleep Moves Clause: Sleep-inducing moves are banned
|clearpoke
|poke|p1|Kleavor, M|
|poke|p1|Samurott-Hisui, F|
|poke|p1|Scizor, M|
|poke|p1|Glimmora, F|
|poke|p1|Dragapult, M|
|poke|p1|Gholdengo|
|poke|p2|Quagsire, F|
|poke|p2|Hariyama, F|
|poke|p2|Gallade, M|
|poke|p2|Conkeldurr, F|
|poke|p2|Medicham, F|
|poke|p2|Arcanine, F|
|teampreview
|inactive|Battle timer is ON: inactive players will automatically lose when time's up. (requested by tssfanatic)
|
|t:|1779885756
|teamsize|p1|6
|teamsize|p2|6
|start
|switch|p1a: Kleavor|Kleavor, M|100/100
|switch|p2a: Medicham|Medicham, F|100/100
|turn|1
|
|t:|1779885770
|-terastallize|p1a: Kleavor|Flying
|move|p1a: Kleavor|Dual Wingbeat|p2a: Medicham
|-supereffective|p2a: Medicham
|-damage|p2a: Medicham|32/100
|-supereffective|p2a: Medicham
|-damage|p2a: Medicham|0 fnt
|faint|p2a: Medicham
|-hitcount|p2: Medicham|2
|
|upkeep
|
|t:|1779885783
|switch|p2a: Quagsire|Quagsire, F|100/100
|turn|2
|
|t:|1779885790
|move|p1a: Kleavor|Dual Wingbeat|p2a: Quagsire
|-damage|p2a: Quagsire|78/100
|-damage|p2a: Quagsire|56/100
|-hitcount|p2a: Quagsire|2
|move|p2a: Quagsire|Toxic|p1a: Kleavor
|-status|p1a: Kleavor|tox
|
|-heal|p2a: Quagsire|62/100|[from] item: Leftovers
|-damage|p1a: Kleavor|94/100 tox|[from] psn
|upkeep
|turn|3
|
|t:|1779885802
|move|p2a: Quagsire|Protect|p2a: Quagsire
|-singleturn|p2a: Quagsire|Protect
|move|p1a: Kleavor|Dual Wingbeat|p2a: Quagsire
|-activate|p2a: Quagsire|move: Protect
|
|-heal|p2a: Quagsire|69/100|[from] item: Leftovers
|-damage|p1a: Kleavor|82/100 tox|[from] psn
|upkeep
|turn|4
|
|t:|1779885813
|switch|p1a: Dragapult|Dragapult, M|100/100
|move|p2a: Quagsire|Whirlpool|p1a: Dragapult
|-resisted|p1a: Dragapult
|-damage|p1a: Dragapult|94/100
|-activate|p1a: Dragapult|move: Whirlpool|[of] p2a: Quagsire
|
|-heal|p2a: Quagsire|75/100|[from] item: Leftovers
|-damage|p1a: Dragapult|82/100|[from] move: Whirlpool|[partiallytrapped]
|upkeep
|turn|5
|
|t:|1779885825
|move|p2a: Quagsire|Protect|p2a: Quagsire
|-singleturn|p2a: Quagsire|Protect
|move|p1a: Dragapult|Phantom Force||[still]
|-prepare|p1a: Dragapult|Phantom Force
|
|-heal|p2a: Quagsire|81/100|[from] item: Leftovers
|-damage|p1a: Dragapult|70/100|[from] move: Whirlpool|[partiallytrapped]
|upkeep
|turn|6
|
|t:|1779885835
|move|p1a: Dragapult|Phantom Force|p2a: Quagsire|[from] lockedmove
|-damage|p2a: Quagsire|20/100
|move|p2a: Quagsire|Toxic|p1a: Dragapult
|-status|p1a: Dragapult|tox
|
|-heal|p2a: Quagsire|26/100|[from] item: Leftovers
|-damage|p1a: Dragapult|64/100 tox|[from] psn
|-damage|p1a: Dragapult|51/100 tox|[from] move: Whirlpool|[partiallytrapped]
|upkeep
|turn|7
|
|t:|1779885846
|move|p2a: Quagsire|Protect|p2a: Quagsire
|-singleturn|p2a: Quagsire|Protect
|move|p1a: Dragapult|Phantom Force||[still]
|-prepare|p1a: Dragapult|Phantom Force
|
|-heal|p2a: Quagsire|32/100|[from] item: Leftovers
|-damage|p1a: Dragapult|39/100 tox|[from] psn
|-damage|p1a: Dragapult|27/100 tox|[from] move: Whirlpool|[partiallytrapped]
|upkeep
|turn|8
|
|t:|1779885859
|move|p2a: Quagsire|Protect|p2a: Quagsire
|-singleturn|p2a: Quagsire|Protect
|move|p1a: Dragapult|Phantom Force|p2a: Quagsire|[from] lockedmove
|-activate|p2a: Quagsire|move: Phantom Force|[broken]
|-damage|p2a: Quagsire|0 fnt
|faint|p2a: Quagsire
|
|-damage|p1a: Dragapult|9/100 tox|[from] psn
|-end|p1a: Dragapult|Whirlpool|[partiallytrapped]|[silent]
|upkeep
|
|t:|1779885873
|switch|p2a: Hariyama|Hariyama, F|100/100
|turn|9
|
|t:|1779885880
|switch|p1a: Gholdengo|Gholdengo|100/100
|move|p2a: Hariyama|Bullet Punch|p1a: Gholdengo
|-resisted|p1a: Gholdengo
|-damage|p1a: Gholdengo|92/100
|
|upkeep
|turn|10
|
|t:|1779885893
|move|p1a: Gholdengo|Shadow Ball|p2a: Hariyama
|-damage|p2a: Hariyama|42/100
|move|p2a: Hariyama|Knock Off|p1a: Gholdengo
|-supereffective|p1a: Gholdengo
|-damage|p1a: Gholdengo|6/100
|-enditem|p1a: Gholdengo|Choice Specs|[from] move: Knock Off|[of] p2a: Hariyama
|
|upkeep
|turn|11
|
|t:|1779885904
|move|p2a: Hariyama|Bullet Punch|p1a: Gholdengo
|-resisted|p1a: Gholdengo
|-damage|p1a: Gholdengo|0 fnt
|faint|p1a: Gholdengo
|
|upkeep
|
|t:|1779885917
|switch|p1a: Scizor|Scizor, M|100/100
|turn|12
|
|t:|1779885922
|move|p1a: Scizor|Bullet Punch|p2a: Hariyama
|-damage|p2a: Hariyama|0 fnt
|faint|p2a: Hariyama
|
|upkeep
|
|t:|1779885930
|switch|p2a: Conkeldurr|Conkeldurr, F|100/100
|turn|13
|
|t:|1779885936
|move|p1a: Scizor|Bullet Punch|p2a: Conkeldurr
|-damage|p2a: Conkeldurr|45/100
|move|p2a: Conkeldurr|Drain Punch|p1a: Scizor
|-damage|p1a: Scizor|55/100
|-heal|p2a: Conkeldurr|68/100|[from] drain|[of] p1a: Scizor
|
|upkeep
|turn|14
|
|t:|1779885951
|switch|p1a: Dragapult|Dragapult, M|9/100 tox
|move|p2a: Conkeldurr|Mach Punch|p1a: Dragapult
|-immune|p1a: Dragapult
|
|-damage|p1a: Dragapult|3/100 tox|[from] psn
|upkeep
|turn|15
|inactive|misterfitness has 120 seconds left.
|
|t:|1779885981
|switch|p2a: Gallade|Gallade, M|100/100
|move|p1a: Dragapult|Shadow Ball|p2a: Gallade
|-supereffective|p2a: Gallade
|-damage|p2a: Gallade|43/100
|
|-damage|p1a: Dragapult|0 fnt|[from] psn
|faint|p1a: Dragapult
|upkeep
|
|t:|1779886001
|switch|p1a: Kleavor|Kleavor, M, tera:Flying|82/100 tox
|turn|16
|inactive|misterfitness has 120 seconds left.
|
|t:|1779886020
|-terastallize|p2a: Gallade|Psychic
|move|p1a: Kleavor|Stone Axe|p2a: Gallade
|-damage|p2a: Gallade|0 fnt
|-sidestart|p2: misterfitness|move: Stealth Rock
|faint|p2a: Gallade
|
|-damage|p1a: Kleavor|76/100 tox|[from] psn
|upkeep
|inactive|misterfitness has 120 seconds left.
|
|t:|1779886031
|switch|p2a: Arcanine|Arcanine, F|100/100
|-damage|p2a: Arcanine|76/100|[from] Stealth Rock
|turn|17
|inactive|misterfitness has 120 seconds left.
|
|t:|1779886040
|move|p2a: Arcanine|Extreme Speed|p1a: Kleavor
|-damage|p1a: Kleavor|35/100 tox
|move|p1a: Kleavor|Stone Axe|p2a: Arcanine
|-supereffective|p2a: Arcanine
|-damage|p2a: Arcanine|0 fnt
|faint|p2a: Arcanine
|
|-damage|p1a: Kleavor|23/100 tox|[from] psn
|upkeep
|inactive|misterfitness has 120 seconds left.
|
|t:|1779886051
|switch|p2a: Conkeldurr|Conkeldurr, F|68/100
|-damage|p2a: Conkeldurr|61/100|[from] Stealth Rock
|turn|18
|inactive|misterfitness has 120 seconds left.
|
|t:|1779886062
|switch|p1a: Glimmora|Glimmora, F|100/100
|move|p2a: Conkeldurr|Ice Punch|p1a: Glimmora
|-damage|p1a: Glimmora|62/100
|-activate|p1a: Glimmora|ability: Toxic Debris
|-sidestart|p2: misterfitness|move: Toxic Spikes
|
|upkeep
|turn|19
|
|t:|1779886077
|move|p1a: Glimmora|Toxic|p2a: Conkeldurr
|-status|p2a: Conkeldurr|tox
|move|p2a: Conkeldurr|Drain Punch|p1a: Glimmora
|-damage|p1a: Glimmora|0 fnt
|-heal|p2a: Conkeldurr|88/100 tox|[from] drain|[of] p1a: Glimmora
|-activate|p1a: Glimmora|ability: Toxic Debris
|-sidestart|p2: misterfitness|move: Toxic Spikes
|faint|p1a: Glimmora
|
|-damage|p2a: Conkeldurr|82/100 tox|[from] psn
|upkeep
|
|t:|1779886090
|switch|p1a: Samurott|Samurott-Hisui, F|100/100
|turn|20
|
|t:|1779886096
|move|p1a: Samurott|Razor Shell|p2a: Conkeldurr
|-damage|p2a: Conkeldurr|30/100 tox
|move|p2a: Conkeldurr|Drain Punch|p1a: Samurott
|-supereffective|p1a: Samurott
|-damage|p1a: Samurott|0 fnt
|-heal|p2a: Conkeldurr|75/100 tox|[from] drain|[of] p1a: Samurott
|faint|p1a: Samurott
|
|-damage|p2a: Conkeldurr|63/100 tox|[from] psn
|upkeep
|
|t:|1779886110
|switch|p1a: Kleavor|Kleavor, M, tera:Flying|23/100 tox
|turn|21
|
|t:|1779886116
|move|p2a: Conkeldurr|Mach Punch|p1a: Kleavor
|-resisted|p1a: Kleavor
|-damage|p1a: Kleavor|0 fnt
|faint|p1a: Kleavor
|
|-damage|p2a: Conkeldurr|44/100 tox|[from] psn
|upkeep
|
|t:|1779886130
|switch|p1a: Scizor|Scizor, M|55/100
|turn|22
|
|t:|1779886134
|move|p1a: Scizor|Bullet Punch|p2a: Conkeldurr
|-damage|p2a: Conkeldurr|0 fnt
|faint|p2a: Conkeldurr
|
|win|tssfanatic
|raw|tssfanatic's rating: 1074 &rarr; <strong>1103</strong><br />(+29 for winning)
|raw|misterfitness's rating: 1081 &rarr; <strong>1058</strong><br />(-23 for losing)
|l|☆misterfitness
|player|p2|
|l|☆tssfanatic
|player|p1|
