|j|☆jimborri
|j|☆genauja
|t:|1779808702
|gametype|singles
|player|p1|jimborri|fisherman-gen4|1404
|player|p2|genauja|blaine|1425
|gen|9
|tier|[Gen 9] OU
|rated|
|rule|HP Percentage Mod: HP is shown in percentages
|rule|Endless Battle Clause: Forcing endless battles is banned
|rule|Species Clause: Limit one of each Pokémon
|rule|OHKO Clause: OHKO moves are banned
|rule|Evasion Items Clause: Evasion items are banned
|rule|Evasion Moves Clause: Evasion moves are banned
|rule|Evasion Abilities Clause: Evasion abilities are banned
|rule|Sleep Moves Clause: Sleep-inducing moves are banned
|clearpoke
|poke|p1|Hitmonlee, M|
|poke|p1|Hydrapple, M|
|poke|p1|Forretress, F|
|poke|p1|Jolteon, F|
|poke|p1|Skeledirge, F|
|poke|p1|Cloyster, M|
|poke|p2|Iron Crown|
|poke|p2|Primarina, M|
|poke|p2|Ogerpon-Wellspring, F|
|poke|p2|Cinderace, F|
|poke|p2|Landorus-Therian, M|
|poke|p2|Dragonite, M|
|teampreview
|
|t:|1779808717
|teamsize|p1|6
|teamsize|p2|6
|start
|switch|p1a: Forretress|Forretress, F|100/100
|switch|p2a: Landorus|Landorus-Therian, M|100/100
|-ability|p2a: Landorus|Intimidate|boost
|-unboost|p1a: Forretress|atk|1
|turn|1
|
|t:|1779808734
|move|p2a: Landorus|Taunt|p1a: Forretress
|-start|p1a: Forretress|move: Taunt
|cant|p1a: Forretress|move: Taunt|Stealth Rock
|
|upkeep
|turn|2
|
|t:|1779808743
|switch|p1a: Cloyster|Cloyster, M|100/100
|move|p2a: Landorus|Earth Power|p1a: Cloyster
|-damage|p1a: Cloyster|20/100
|
|upkeep
|turn|3
|
|t:|1779808746
|move|p1a: Cloyster|Ice Shard|p2a: Landorus
|-supereffective|p2a: Landorus
|-damage|p2a: Landorus|24/100
|move|p2a: Landorus|Earth Power|p1a: Cloyster
|-damage|p1a: Cloyster|0 fnt
|faint|p1a: Cloyster
|
|upkeep
|
|t:|1779808751
|switch|p1a: Hitmonlee|Hitmonlee, M|100/100
|turn|4
|inactive|Battle timer is ON: inactive players will automatically lose when time's up. (requested by jimborri)
|
|t:|1779808848
|switch|p2a: Iron Crown|Iron Crown|100/100
|move|p1a: Hitmonlee|Knock Off|p2a: Iron Crown
|-supereffective|p2a: Iron Crown
|-damage|p2a: Iron Crown|27/100
|-enditem|p2a: Iron Crown|Choice Scarf|[from] move: Knock Off|[of] p1a: Hitmonlee
|
|upkeep
|turn|5
|
|t:|1779808861
|move|p1a: Hitmonlee|Endure|p1a: Hitmonlee
|-singleturn|p1a: Hitmonlee|move: Endure
|move|p2a: Iron Crown|Psychic Noise|p1a: Hitmonlee
|-supereffective|p1a: Hitmonlee
|-damage|p1a: Hitmonlee|8/100
|-start|p1a: Hitmonlee|move: Heal Block
|-enditem|p1a: Hitmonlee|Liechi Berry|[eat]
|-boost|p1a: Hitmonlee|atk|1|[from] item: Liechi Berry
|
|upkeep
|turn|6
|
|t:|1779808866
|move|p1a: Hitmonlee|Knock Off|p2a: Iron Crown
|-supereffective|p2a: Iron Crown
|-damage|p2a: Iron Crown|0 fnt
|faint|p2a: Iron Crown
|-end|p2a: Iron Crown|Quark Drive|[silent]
|
|-end|p1a: Hitmonlee|move: Heal Block
|upkeep
|
|t:|1779808869
|switch|p2a: Landorus|Landorus-Therian, M|24/100
|-ability|p2a: Landorus|Intimidate|boost
|-unboost|p1a: Hitmonlee|atk|1
|turn|7
|
|t:|1779808873
|move|p1a: Hitmonlee|Knock Off|p2a: Landorus
|-damage|p2a: Landorus|0 fnt
|-damage|p1a: Hitmonlee|0 fnt|[from] item: Rocky Helmet|[of] p2a: Landorus
|faint|p2a: Landorus
|faint|p1a: Hitmonlee
|
|upkeep
|
|t:|1779808888
|switch|p2a: Cinderace|Cinderace, F|100/100
|switch|p1a: Forretress|Forretress, F|100/100
|turn|8
|
|t:|1779808896
|move|p2a: Cinderace|Pyro Ball|p1a: Forretress
|-supereffective|p1a: Forretress
|-ability|p1a: Forretress|Sturdy
|-damage|p1a: Forretress|1/100
|move|p1a: Forretress|Thunder Wave|p2a: Cinderace
|-status|p2a: Cinderace|par
|
|upkeep
|turn|9
|inactive|genauja has 120 seconds left.
|l|☆jimborri
|inactive|jimborri disconnected and has a minute to reconnect!
|player|p1|
|
|t:|1779808942
|move|p2a: Cinderace|U-turn|p1a: Forretress
|-start|p2a: Cinderace|typechange|Bug|[from] ability: Libero
|-resisted|p1a: Forretress
|-damage|p1a: Forretress|0 fnt
|faint|p1a: Forretress
|
|t:|1779808947
|switch|p2a: Ogerpon|Ogerpon-Wellspring, F|100/100|[from] U-turn
|
|upkeep
|inactive|jimborri has 30 seconds to reconnect!
|inactive|jimborri has 20 seconds to reconnect!
|inactive|jimborri has 15 seconds to reconnect!
|inactive|jimborri has 10 seconds to reconnect!
|inactive|jimborri has 5 seconds to reconnect!
|-message|jimborri lost due to inactivity.
|
|win|genauja
|raw|jimborri's rating: 1381 &rarr; <strong>1364</strong><br />(-17 for losing)
|raw|genauja's rating: 1425 &rarr; <strong>1442</strong><br />(+17 for winning)
|l|☆genauja
|player|p2|
|j|☆genauja
|player|p2|genauja|blaine|
