|j|☆Jazzuthy
|j|☆gran duque calixto
|t:|1779816556
|gametype|singles
|player|p1|Jazzuthy|veteran-gen4|1205
|player|p2|gran duque calixto|zinzolin|1221
|gen|9
|tier|[Gen 9] OU
|rated|
|rule|HP Percentage Mod: HP is shown in percentages
|rule|Endless Battle Clause: Forcing endless battles is banned
|rule|Species Clause: Limit one of each Pokémon
|rule|OHKO Clause: OHKO moves are banned
|rule|Evasion Items Clause: Evasion items are banned
|rule|Evasion Moves Clause: Evasion moves are banned
|rule|Evasion Abilities Clause: Evasion abilities are banned
|rule|Sleep Moves Clause: Sleep-inducing moves are banned
|clearpoke
|poke|p1|Froslass, F|
|poke|p1|Comfey, F|
|poke|p1|Goodra-Hisui, F|
|poke|p1|Salazzle, F|
|poke|p1|Cinccino, F|
|poke|p1|Dondozo, M|
|poke|p2|Blastoise, M|
|poke|p2|Espeon, F|
|poke|p2|Mamoswine, M|
|poke|p2|Gyarados, M|
|poke|p2|Meganium, F|
|poke|p2|Kleavor, M|
|teampreview
|
|t:|1779816573
|teamsize|p1|6
|teamsize|p2|6
|start
|switch|p1a: Froslass|Froslass, F|100/100
|switch|p2a: Kleavor|Kleavor, M|100/100
|turn|1
|
|t:|1779816583
|move|p1a: Froslass|Taunt|p2a: Kleavor
|-start|p2a: Kleavor|move: Taunt
|move|p2a: Kleavor|Stone Axe|p1a: Froslass
|-supereffective|p1a: Froslass
|-enditem|p1a: Froslass|Focus Sash
|-damage|p1a: Froslass|1/100
|-sidestart|p1: Jazzuthy|move: Stealth Rock
|
|upkeep
|turn|2
|
|t:|1779816595
|move|p1a: Froslass|Destiny Bond|p1a: Froslass
|-singlemove|p1a: Froslass|Destiny Bond
|move|p2a: Kleavor|Stone Axe|p1a: Froslass
|-supereffective|p1a: Froslass
|-damage|p1a: Froslass|0 fnt
|faint|p1a: Froslass
|-activate|p1a: Froslass|move: Destiny Bond
|faint|p2a: Kleavor
|
|upkeep
|
|t:|1779816610
|switch|p1a: Cinccino|Cinccino, F|100/100
|switch|p2a: Meganium|Meganium, F|100/100
|-damage|p1a: Cinccino|88/100|[from] Stealth Rock
|turn|3
|
|t:|1779816616
|move|p1a: Cinccino|Tidy Up|p1a: Cinccino
|-sideend|p1: Jazzuthy|Stealth Rock
|-activate|p1a: Cinccino|move: Tidy Up
|-boost|p1a: Cinccino|atk|1
|-boost|p1a: Cinccino|spe|1
|move|p2a: Meganium|Reflect|p2a: Meganium
|-sidestart|p2: gran duque calixto|Reflect
|
|upkeep
|turn|4
|
|t:|1779816626
|move|p1a: Cinccino|Tail Slap|p2a: Meganium
|-damage|p2a: Meganium|91/100
|-damage|p2a: Meganium|81/100
|-damage|p2a: Meganium|72/100
|-damage|p2a: Meganium|63/100
|-hitcount|p2a: Meganium|4
|move|p2a: Meganium|Light Screen|p2a: Meganium
|-sidestart|p2: gran duque calixto|move: Light Screen
|
|upkeep
|turn|5
|
|t:|1779816635
|move|p1a: Cinccino|Knock Off|p2a: Meganium
|-damage|p2a: Meganium|47/100
|-enditem|p2a: Meganium|Light Clay|[from] move: Knock Off|[of] p1a: Cinccino
|move|p2a: Meganium|Counter|p1a: Cinccino
|-damage|p1a: Cinccino|50/100
|
|upkeep
|turn|6
|
|t:|1779816642
|move|p1a: Cinccino|Tail Slap|p2a: Meganium
|-damage|p2a: Meganium|37/100
|-crit|p2a: Meganium
|-damage|p2a: Meganium|10/100
|-damage|p2a: Meganium|0 fnt
|faint|p2a: Meganium
|-hitcount|p2: Meganium|3
|
|upkeep
|
|t:|1779816654
|switch|p2a: Espeon|Espeon, F|100/100
|turn|7
|
|t:|1779816659
|move|p1a: Cinccino|Knock Off|p2a: Espeon
|-supereffective|p2a: Espeon
|-damage|p2a: Espeon|28/100
|-enditem|p2a: Espeon|Throat Spray|[from] move: Knock Off|[of] p1a: Cinccino
|move|p2a: Espeon|Psychic Noise|p1a: Cinccino
|-damage|p1a: Cinccino|0 fnt
|faint|p1a: Cinccino
|
|upkeep
|
|t:|1779816675
|switch|p1a: Goodra|Goodra-Hisui, F|100/100
|turn|8
|
|t:|1779816682
|move|p2a: Espeon|Psychic Noise|p1a: Goodra
|-resisted|p1a: Goodra
|-damage|p1a: Goodra|92/100
|-start|p1a: Goodra|move: Heal Block
|move|p1a: Goodra|Flash Cannon|p2a: Espeon
|-damage|p2a: Espeon|2/100
|
|upkeep
|turn|9
|
|t:|1779816692
|move|p2a: Espeon|Psyshock|p1a: Goodra
|-resisted|p1a: Goodra
|-damage|p1a: Goodra|74/100
|move|p1a: Goodra|Flash Cannon|p2a: Espeon
|-damage|p2a: Espeon|0 fnt
|faint|p2a: Espeon
|
|-end|p1a: Goodra|move: Heal Block
|upkeep
|
|t:|1779816710
|switch|p2a: Mamoswine|Mamoswine, M|100/100
|turn|10
|
|t:|1779816716
|-terastallize|p1a: Goodra|Flying
|move|p2a: Mamoswine|Earthquake|p1a: Goodra
|-immune|p1a: Goodra
|move|p1a: Goodra|Flash Cannon|p2a: Mamoswine
|-supereffective|p2a: Mamoswine
|-damage|p2a: Mamoswine|44/100
|
|-sideend|p2: gran duque calixto|Reflect
|upkeep
|turn|11
|
|t:|1779816724
|move|p2a: Mamoswine|Icicle Crash|p1a: Goodra
|-supereffective|p1a: Goodra
|-damage|p1a: Goodra|0 fnt
|faint|p1a: Goodra
|
|-sideend|p2: gran duque calixto|move: Light Screen
|upkeep
|
|t:|1779816753
|switch|p1a: Dondozo|Dondozo, M|100/100
|turn|12
|
|t:|1779816782
|move|p2a: Mamoswine|Trailblaze|p1a: Dondozo
|-supereffective|p1a: Dondozo
|-damage|p1a: Dondozo|84/100
|-boost|p2a: Mamoswine|spe|1
|move|p1a: Dondozo|Waterfall|p2a: Mamoswine
|-supereffective|p2a: Mamoswine
|-damage|p2a: Mamoswine|0 fnt
|faint|p2a: Mamoswine
|
|-heal|p1a: Dondozo|90/100|[from] item: Leftovers
|upkeep
|
|t:|1779816819
|switch|p2a: Gyarados|Gyarados, M, shiny|100/100
|-ability|p2a: Gyarados|Intimidate|boost
|-unboost|p1a: Dondozo|atk|1
|turn|13
|
|t:|1779816826
|move|p2a: Gyarados|Dragon Dance|p2a: Gyarados
|-boost|p2a: Gyarados|atk|1
|-boost|p2a: Gyarados|spe|1
|move|p1a: Dondozo|Curse|p1a: Dondozo
|-unboost|p1a: Dondozo|spe|1
|-boost|p1a: Dondozo|atk|1
|-boost|p1a: Dondozo|def|1
|
|-heal|p1a: Dondozo|96/100|[from] item: Leftovers
|upkeep
|turn|14
|inactive|Battle timer is ON: inactive players will automatically lose when time's up. (requested by gran duque calixto)
|inactive|Jazzuthy has 120 seconds left.
|
|t:|1779816881
|move|p2a: Gyarados|Earthquake|p1a: Dondozo
|-crit|p1a: Dondozo
|-damage|p1a: Dondozo|73/100
|move|p1a: Dondozo|Waterfall|p2a: Gyarados
|-resisted|p2a: Gyarados
|-damage|p2a: Gyarados|84/100
|
|-heal|p1a: Dondozo|79/100|[from] item: Leftovers
|upkeep
|turn|15
|inactive|gran duque calixto has 120 seconds left.
|-message|gran duque calixto forfeited.
|
|win|Jazzuthy
|raw|Jazzuthy's rating: 1205 &rarr; <strong>1231</strong><br />(+26 for winning)
|raw|gran duque calixto's rating: 1221 &rarr; <strong>1195</strong><br />(-26 for losing)
|l|☆gran duque calixto
|player|p2|
|l|☆Jazzuthy
|player|p1|
