|j|☆herring surprise
|j|☆huuuehuek
|t:|1779919019
|gametype|singles
|player|p1|herring surprise|n|1026
|player|p2|huuuehuek|steven|1040
|gen|9
|tier|[Gen 9] OU
|rated|
|rule|HP Percentage Mod: HP is shown in percentages
|rule|Endless Battle Clause: Forcing endless battles is banned
|rule|Species Clause: Limit one of each Pokémon
|rule|OHKO Clause: OHKO moves are banned
|rule|Evasion Items Clause: Evasion items are banned
|rule|Evasion Moves Clause: Evasion moves are banned
|rule|Evasion Abilities Clause: Evasion abilities are banned
|rule|Sleep Moves Clause: Sleep-inducing moves are banned
|clearpoke
|poke|p1|Porygon-Z|
|poke|p1|Umbreon, M|
|poke|p1|Mimikyu, M|
|poke|p1|Arcanine-Hisui, M|
|poke|p1|Primarina, F|
|poke|p2|Suicune|
|poke|p2|Dragonite, M|
|poke|p2|Cinderace, M|
|poke|p2|Zamazenta-*|
|poke|p2|Blaziken, F|
|poke|p2|Sinistcha|
|teampreview
|inactive|Battle timer is ON: inactive players will automatically lose when time's up. (requested by huuuehuek)
|inactive|herring surprise also wants the timer to be on.
|inactive|huuuehuek has 120 seconds left.
|
|t:|1779919056
|teamsize|p1|5
|teamsize|p2|6
|start
|switch|p1a: Mimikyu|Mimikyu, M, shiny|100/100
|switch|p2a: Blaziken|Blaziken, F|100/100
|turn|1
|
|t:|1779919068
|move|p1a: Mimikyu|Shadow Ball|p2a: Blaziken
|-damage|p2a: Blaziken|78/100
|-unboost|p2a: Blaziken|spd|1
|move|p2a: Blaziken|Knock Off|p1a: Mimikyu
|-activate|p1a: Mimikyu|ability: Disguise
|-damage|p1a: Mimikyu|100/100
|-enditem|p1a: Mimikyu|Leftovers|[from] move: Knock Off|[of] p2a: Blaziken
|detailschange|p1a: Mimikyu|Mimikyu-Busted, M, shiny
|-damage|p1a: Mimikyu|88/100|[from] pokemon: Mimikyu-Busted
|
|-ability|p2a: Blaziken|Speed Boost|boost
|-boost|p2a: Blaziken|spe|1
|upkeep
|turn|2
|
|t:|1779919080
|switch|p1a: Primarina|Primarina, F|100/100
|move|p2a: Blaziken|Close Combat|p1a: Primarina
|-resisted|p1a: Primarina
|-damage|p1a: Primarina|61/100
|-unboost|p2a: Blaziken|def|1
|-unboost|p2a: Blaziken|spd|1
|
|-ability|p2a: Blaziken|Speed Boost|boost
|-boost|p2a: Blaziken|spe|1
|upkeep
|turn|3
|
|t:|1779919090
|switch|p2a: Sinistcha|Sinistcha|100/100
|move|p1a: Primarina|Flip Turn|p2a: Sinistcha
|-resisted|p2a: Sinistcha
|-damage|p2a: Sinistcha|94/100
|
|t:|1779919100
|switch|p1a: Arcanine|Arcanine-Hisui, M|100/100|[from] Flip Turn
|-ability|p1a: Arcanine|Intimidate|boost
|-unboost|p2a: Sinistcha|atk|1
|
|-heal|p2a: Sinistcha|99/100|[from] item: Leftovers
|upkeep
|turn|4
|
|t:|1779919107
|move|p1a: Arcanine|Flamethrower|p2a: Sinistcha
|-supereffective|p2a: Sinistcha
|-damage|p2a: Sinistcha|13/100
|move|p2a: Sinistcha|Strength Sap|p1a: Arcanine
|-unboost|p1a: Arcanine|atk|1
|-heal|p2a: Sinistcha|74/100
|
|-heal|p2a: Sinistcha|80/100|[from] item: Leftovers
|upkeep
|turn|5
|
|t:|1779919117
|switch|p2a: Suicune|Suicune, shiny|100/100
|-ability|p2a: Suicune|Pressure
|move|p1a: Arcanine|Flamethrower|p2a: Suicune
|-resisted|p2a: Suicune
|-damage|p2a: Suicune|87/100
|
|-heal|p2a: Suicune|93/100|[from] item: Leftovers
|upkeep
|turn|6
|
|t:|1779919138
|switch|p1a: Porygon-Z|Porygon-Z|100/100
|-ability|p1a: Porygon-Z|Download|boost
|-boost|p1a: Porygon-Z|spa|1
|move|p2a: Suicune|Calm Mind|p2a: Suicune
|-boost|p2a: Suicune|spa|1
|-boost|p2a: Suicune|spd|1
|
|-heal|p2a: Suicune|99/100|[from] item: Leftovers
|upkeep
|turn|7
|
|t:|1779919146
|move|p1a: Porygon-Z|Discharge|p2a: Suicune
|-supereffective|p2a: Suicune
|-damage|p2a: Suicune|59/100
|-status|p2a: Suicune|par
|move|p2a: Suicune|Scald|p1a: Porygon-Z
|-damage|p1a: Porygon-Z|44/100
|-status|p1a: Porygon-Z|brn
|
|-heal|p1a: Porygon-Z|50/100 brn|[from] item: Leftovers
|-heal|p2a: Suicune|66/100 par|[from] item: Leftovers
|-damage|p1a: Porygon-Z|44/100 brn|[from] brn
|upkeep
|turn|8
|
|t:|1779919157
|move|p1a: Porygon-Z|Discharge|p2a: Suicune
|-supereffective|p2a: Suicune
|-damage|p2a: Suicune|19/100 par
|move|p2a: Suicune|Rest|p2a: Suicune
|-status|p2a: Suicune|slp|[from] move: Rest
|-heal|p2a: Suicune|100/100 slp|[silent]
|
|-heal|p1a: Porygon-Z|50/100 brn|[from] item: Leftovers
|-damage|p1a: Porygon-Z|44/100 brn|[from] brn
|upkeep
|turn|9
|
|t:|1779919166
|switch|p2a: Sinistcha|Sinistcha|80/100
|move|p1a: Porygon-Z|Discharge|p2a: Sinistcha
|-resisted|p2a: Sinistcha
|-damage|p2a: Sinistcha|56/100
|-status|p2a: Sinistcha|par
|
|-heal|p1a: Porygon-Z|50/100 brn|[from] item: Leftovers
|-heal|p2a: Sinistcha|63/100 par|[from] item: Leftovers
|-damage|p1a: Porygon-Z|44/100 brn|[from] brn
|upkeep
|turn|10
|
|t:|1779919176
|move|p1a: Porygon-Z|Blizzard|p2a: Sinistcha
|-supereffective|p2a: Sinistcha
|-damage|p2a: Sinistcha|0 fnt
|faint|p2a: Sinistcha
|
|-heal|p1a: Porygon-Z|50/100 brn|[from] item: Leftovers
|-damage|p1a: Porygon-Z|44/100 brn|[from] brn
|upkeep
|
|t:|1779919184
|switch|p2a: Cinderace|Cinderace, M|100/100
|turn|11
|
|t:|1779919192
|move|p2a: Cinderace|Pyro Ball|p1a: Porygon-Z
|-damage|p1a: Porygon-Z|0 fnt
|faint|p1a: Porygon-Z
|
|upkeep
|
|t:|1779919197
|switch|p1a: Primarina|Primarina, F|61/100
|turn|12
|inactive|huuuehuek has 120 seconds left.
|
|t:|1779919228
|move|p2a: Cinderace|U-turn|p1a: Primarina
|-start|p2a: Cinderace|typechange|Bug|[from] ability: Libero
|-resisted|p1a: Primarina
|-damage|p1a: Primarina|42/100
|inactive|huuuehuek has 120 seconds left.
|
|t:|1779919234
|switch|p2a: Suicune|Suicune, shiny|100/100 slp|[from] U-turn
|-ability|p2a: Suicune|Pressure
|move|p1a: Primarina|Flip Turn|p2a: Suicune
|-resisted|p2a: Suicune
|-damage|p2a: Suicune|95/100 slp
|
|t:|1779919246
|switch|p1a: Elton Breon|Umbreon, M, shiny|100/100|[from] Flip Turn
|
|-heal|p2a: Suicune|100/100 slp|[from] item: Leftovers
|upkeep
|turn|13
|
|t:|1779919252
|cant|p2a: Suicune|slp
|move|p2a: Suicune|Sleep Talk|p2a: Suicune
|move|p2a: Suicune|Rest||[from] move: Sleep Talk|[still]
|-fail|p2a: Suicune
|move|p1a: Elton Breon|Crunch|p2a: Suicune
|-damage|p2a: Suicune|88/100 slp
|
|-heal|p2a: Suicune|95/100 slp|[from] item: Leftovers
|upkeep
|turn|14
|
|t:|1779919263
|cant|p2a: Suicune|slp
|move|p2a: Suicune|Sleep Talk|p2a: Suicune
|move|p2a: Suicune|Scald|p1a: Elton Breon|[from] move: Sleep Talk
|-damage|p1a: Elton Breon|88/100
|-status|p1a: Elton Breon|brn
|move|p1a: Elton Breon|Crunch|p2a: Suicune
|-damage|p2a: Suicune|89/100 slp
|
|-heal|p2a: Suicune|95/100 slp|[from] item: Leftovers
|-damage|p1a: Elton Breon|82/100 brn|[from] brn
|upkeep
|turn|15
|
|t:|1779919275
|-curestatus|p2a: Suicune|slp|[msg]
|move|p2a: Suicune|Calm Mind|p2a: Suicune
|-boost|p2a: Suicune|spa|1
|-boost|p2a: Suicune|spd|1
|-enditem|p1a: Elton Breon|Mirror Herb
|-boost|p1a: Elton Breon|spa|1|[from] item: Mirror Herb
|-boost|p1a: Elton Breon|spd|1|[from] item: Mirror Herb
|move|p1a: Elton Breon|Alluring Voice|p2a: Suicune
|-damage|p2a: Suicune|85/100
|-start|p2a: Suicune|confusion
|
|-heal|p2a: Suicune|91/100|[from] item: Leftovers
|-damage|p1a: Elton Breon|76/100 brn|[from] brn
|upkeep
|turn|16
|
|t:|1779919286
|-activate|p2a: Suicune|confusion
|-damage|p2a: Suicune|88/100|[from] confusion
|move|p1a: Elton Breon|Toxic|p2a: Suicune
|-status|p2a: Suicune|tox
|
|-heal|p2a: Suicune|94/100 tox|[from] item: Leftovers
|-damage|p2a: Suicune|88/100 tox|[from] psn
|-damage|p1a: Elton Breon|70/100 brn|[from] brn
|upkeep
|turn|17
|
|t:|1779919297
|-terastallize|p1a: Elton Breon|Dark
|-activate|p2a: Suicune|confusion
|move|p2a: Suicune|Calm Mind|p2a: Suicune
|-boost|p2a: Suicune|spa|1
|-boost|p2a: Suicune|spd|1
|move|p1a: Elton Breon|Crunch|p2a: Suicune
|-damage|p2a: Suicune|81/100 tox
|
|-heal|p2a: Suicune|87/100 tox|[from] item: Leftovers
|-damage|p2a: Suicune|75/100 tox|[from] psn
|-damage|p1a: Elton Breon|64/100 brn|[from] brn
|upkeep
|turn|18
|
|t:|1779919311
|-end|p2a: Suicune|confusion
|move|p2a: Suicune|Calm Mind|p2a: Suicune
|-boost|p2a: Suicune|spa|1
|-boost|p2a: Suicune|spd|1
|move|p1a: Elton Breon|Alluring Voice|p2a: Suicune
|-damage|p2a: Suicune|69/100 tox
|-start|p2a: Suicune|confusion
|
|-heal|p2a: Suicune|75/100 tox|[from] item: Leftovers
|-damage|p2a: Suicune|57/100 tox|[from] psn
|-damage|p1a: Elton Breon|58/100 brn|[from] brn
|upkeep
|turn|19
|
|t:|1779919322
|-activate|p2a: Suicune|confusion
|move|p2a: Suicune|Rest|p2a: Suicune
|-status|p2a: Suicune|slp|[from] move: Rest
|-heal|p2a: Suicune|100/100 slp|[silent]
|move|p1a: Elton Breon|Crunch|p2a: Suicune
|-damage|p2a: Suicune|93/100 slp
|
|-heal|p2a: Suicune|99/100 slp|[from] item: Leftovers
|-damage|p1a: Elton Breon|52/100 brn|[from] brn
|upkeep
|turn|20
|
|t:|1779919330
|cant|p2a: Suicune|slp
|-activate|p2a: Suicune|confusion
|move|p2a: Suicune|Sleep Talk|p2a: Suicune
|move|p2a: Suicune|Scald|p1a: Elton Breon|[from] move: Sleep Talk
|-damage|p1a: Elton Breon|29/100 brn
|move|p1a: Elton Breon|Wish|p1a: Elton Breon
|
|-heal|p2a: Suicune|100/100 slp|[from] item: Leftovers
|-damage|p1a: Elton Breon|23/100 brn|[from] brn
|upkeep
|turn|21
|
|t:|1779919341
|cant|p2a: Suicune|slp
|-end|p2a: Suicune|confusion
|move|p2a: Suicune|Sleep Talk|p2a: Suicune
|move|p2a: Suicune|Scald|p1a: Elton Breon|[from] move: Sleep Talk
|-damage|p1a: Elton Breon|3/100 brn
|move|p1a: Elton Breon|Alluring Voice|p2a: Suicune
|-damage|p2a: Suicune|95/100 slp
|
|-heal|p1a: Elton Breon|53/100 brn|[from] move: Wish|[wisher] Elton Breon
|-heal|p2a: Suicune|100/100 slp|[from] item: Leftovers
|-damage|p1a: Elton Breon|47/100 brn|[from] brn
|upkeep
|turn|22
|
|t:|1779919353
|-curestatus|p2a: Suicune|slp|[msg]
|move|p2a: Suicune|Calm Mind|p2a: Suicune
|-boost|p2a: Suicune|spa|1
|-boost|p2a: Suicune|spd|1
|move|p1a: Elton Breon|Wish|p1a: Elton Breon
|
|-damage|p1a: Elton Breon|41/100 brn|[from] brn
|upkeep
|turn|23
|c|☆herring surprise|i have all day to sit here
|
|t:|1779919362
|move|p2a: Suicune|Scald|p1a: Elton Breon
|-damage|p1a: Elton Breon|13/100 brn
|move|p1a: Elton Breon|Alluring Voice|p2a: Suicune
|-damage|p2a: Suicune|96/100
|
|-heal|p1a: Elton Breon|63/100 brn|[from] move: Wish|[wisher] Elton Breon
|-heal|p2a: Suicune|100/100|[from] item: Leftovers
|-damage|p1a: Elton Breon|57/100 brn|[from] brn
|upkeep
|turn|24
|
|t:|1779919372
|move|p2a: Suicune|Scald|p1a: Elton Breon
|-damage|p1a: Elton Breon|32/100 brn
|move|p1a: Elton Breon|Wish|p1a: Elton Breon
|
|-damage|p1a: Elton Breon|26/100 brn|[from] brn
|upkeep
|turn|25
|
|t:|1779919379
|move|p2a: Suicune|Scald|p1a: Elton Breon
|-damage|p1a: Elton Breon|0 fnt
|faint|p1a: Elton Breon
|
|upkeep
|
|t:|1779919385
|switch|p1a: Mimikyu|Mimikyu-Busted, M, shiny|88/100
|turn|26
|
|t:|1779919387
|move|p1a: Mimikyu|Wood Hammer|p2a: Suicune
|-supereffective|p2a: Suicune
|-damage|p2a: Suicune|63/100
|-damage|p1a: Mimikyu|68/100|[from] Recoil
|move|p2a: Suicune|Scald|p1a: Mimikyu
|-damage|p1a: Mimikyu|0 fnt
|faint|p1a: Mimikyu
|
|-heal|p2a: Suicune|69/100|[from] item: Leftovers
|upkeep
|
|t:|1779919397
|switch|p1a: Primarina|Primarina, F|42/100
|turn|27
|
|t:|1779919401
|move|p2a: Suicune|Scald|p1a: Primarina
|-resisted|p1a: Primarina
|-damage|p1a: Primarina|12/100
|move|p1a: Primarina|Moonblast|p2a: Suicune
|-damage|p2a: Suicune|57/100
|-unboost|p2a: Suicune|spa|1
|
|-heal|p2a: Suicune|63/100|[from] item: Leftovers
|upkeep
|turn|28
|
|t:|1779919410
|move|p2a: Suicune|Scald|p1a: Primarina
|-resisted|p1a: Primarina
|-damage|p1a: Primarina|0 fnt
|faint|p1a: Primarina
|
|-heal|p2a: Suicune|69/100|[from] item: Leftovers
|upkeep
|
|t:|1779919416
|switch|p1a: Arcanine|Arcanine-Hisui, M|100/100
|-ability|p1a: Arcanine|Intimidate|boost
|-unboost|p2a: Suicune|atk|1
|turn|29
|
|t:|1779919421
|move|p1a: Arcanine|Power Gem|p2a: Suicune
|-damage|p2a: Suicune|60/100
|move|p2a: Suicune|Scald|p1a: Arcanine
|-supereffective|p1a: Arcanine
|-damage|p1a: Arcanine|0 fnt
|faint|p1a: Arcanine
|
|win|huuuehuek
|raw|herring surprise's rating: 1026 &rarr; <strong>1013</strong><br />(-13 for losing)
|raw|huuuehuek's rating: 1040 &rarr; <strong>1073</strong><br />(+33 for winning)
|l|☆herring surprise
|player|p1|
