|j|☆Foodiscoolski
|j|☆keifi
|t:|1779812678
|gametype|singles
|player|p1|Foodiscoolski|265|1114
|player|p2|keifi|roxie|1052
|gen|9
|tier|[Gen 9] OU
|rated|
|rule|HP Percentage Mod: HP is shown in percentages
|rule|Endless Battle Clause: Forcing endless battles is banned
|rule|Species Clause: Limit one of each Pokémon
|rule|OHKO Clause: OHKO moves are banned
|rule|Evasion Items Clause: Evasion items are banned
|rule|Evasion Moves Clause: Evasion moves are banned
|rule|Evasion Abilities Clause: Evasion abilities are banned
|rule|Sleep Moves Clause: Sleep-inducing moves are banned
|clearpoke
|poke|p1|Weezing-Galar, M|
|poke|p1|Ninetales-Alola, F|
|poke|p1|Ogerpon-Wellspring, F|
|poke|p1|Raging Bolt|
|poke|p1|Landorus-Therian, M|
|poke|p1|Lokix, M|
|poke|p2|Garchomp, F|
|poke|p2|Gardevoir, F|
|poke|p2|Zoroark-Hisui, F|
|poke|p2|Gyarados, F|
|poke|p2|Scrafty, M|
|poke|p2|Deoxys-Speed|
|teampreview
|inactive|Battle timer is ON: inactive players will automatically lose when time's up. (requested by Foodiscoolski)
|
|t:|1779812684
|teamsize|p1|6
|teamsize|p2|6
|start
|switch|p1a: Chester Cheetah|Raging Bolt|100/100
|switch|p2a: Deoxys|Deoxys-Speed, shiny|100/100
|-ability|p2a: Deoxys|Pressure
|turn|1
|
|t:|1779812699
|move|p2a: Deoxys|Ice Beam|p1a: Chester Cheetah
|-supereffective|p1a: Chester Cheetah
|-damage|p1a: Chester Cheetah|55/100
|move|p1a: Chester Cheetah|Volt Switch|p2a: Deoxys
|-damage|p2a: Deoxys|0 fnt
|faint|p2a: Deoxys
|inactive|Foodiscoolski has 120 seconds left.
|
|t:|1779812744
|-end|p1a: Chester Cheetah|Protosynthesis|[silent]
|switch|p1a: Shari|Ninetales-Alola, F|100/100|[from] Volt Switch
|-weather|Snowscape|[from] ability: Snow Warning|[of] p1a: Shari
|
|-weather|Snowscape|[upkeep]
|upkeep
|
|t:|1779812762
|switch|p2a: Scrafty|Scrafty, M|100/100
|turn|2
|inactive|Foodiscoolski has 120 seconds left.
|
|t:|1779812768
|move|p1a: Shari|Moonblast|p2a: Scrafty
|-damage|p2a: Scrafty|33/100
|-unboost|p2a: Scrafty|spa|1
|replace|p2a: Zoroark|Zoroark-Hisui, F, shiny
|-end|p2a: Zoroark|Illusion
|move|p2a: Zoroark|Nasty Plot|p2a: Zoroark
|-boost|p2a: Zoroark|spa|2
|
|-weather|Snowscape|[upkeep]
|upkeep
|turn|3
|inactive|Foodiscoolski has 120 seconds left.
|
|t:|1779812780
|move|p1a: Shari|Blizzard|p2a: Zoroark
|-damage|p2a: Zoroark|0 fnt
|faint|p2a: Zoroark
|
|-weather|Snowscape|[upkeep]
|upkeep
|
|t:|1779812786
|switch|p2a: Gyarados|Gyarados, F, shiny|100/100
|turn|4
|
|t:|1779812794
|move|p1a: Shari|Aurora Veil|p1a: Shari
|-sidestart|p1: Foodiscoolski|move: Aurora Veil
|move|p2a: Gyarados|Dragon Dance|p2a: Gyarados
|-boost|p2a: Gyarados|atk|1
|-boost|p2a: Gyarados|spe|1
|
|-weather|Snowscape|[upkeep]
|upkeep
|turn|5
|
|t:|1779812805
|switch|p1a: Chester Cheetah|Raging Bolt|55/100
|move|p2a: Gyarados|Waterfall|p1a: Chester Cheetah
|-resisted|p1a: Chester Cheetah
|-damage|p1a: Chester Cheetah|39/100
|
|-weather|none
|upkeep
|turn|6
|
|t:|1779812815
|move|p2a: Gyarados|Scale Shot|p1a: Chester Cheetah
|-supereffective|p1a: Chester Cheetah
|-damage|p1a: Chester Cheetah|26/100
|-supereffective|p1a: Chester Cheetah
|-damage|p1a: Chester Cheetah|12/100
|-hitcount|p1a: Chester Cheetah|2
|-unboost|p2a: Gyarados|def|1
|-boost|p2a: Gyarados|spe|1
|move|p1a: Chester Cheetah|Draco Meteor|p2a: Gyarados
|-damage|p2a: Gyarados|0 fnt
|-unboost|p1a: Chester Cheetah|spa|2
|faint|p2a: Gyarados
|
|upkeep
|
|t:|1779812818
|switch|p2a: Garchomp|Garchomp, F|100/100
|turn|7
|
|t:|1779812830
|-terastallize|p1a: Chester Cheetah|Fairy
|move|p2a: Garchomp|Earthquake|p1a: Chester Cheetah
|-damage|p1a: Chester Cheetah|0 fnt
|faint|p1a: Chester Cheetah
|-end|p1a: Chester Cheetah|Protosynthesis|[silent]
|
|upkeep
|
|t:|1779812836
|switch|p1a: Shari|Ninetales-Alola, F|100/100
|-weather|Snowscape|[from] ability: Snow Warning|[of] p1a: Shari
|turn|8
|
|t:|1779812844
|move|p1a: Shari|Blizzard|p2a: Garchomp
|-supereffective|p2a: Garchomp
|-damage|p2a: Garchomp|0 fnt
|faint|p2a: Garchomp
|
|-weather|Snowscape|[upkeep]
|upkeep
|
|t:|1779812846
|switch|p2a: Gardevoir|Gardevoir, F, shiny|100/100
|turn|9
|
|t:|1779812854
|move|p1a: Shari|Blizzard|p2a: Gardevoir
|-damage|p2a: Gardevoir|58/100
|move|p2a: Gardevoir|Confuse Ray|p1a: Shari
|-start|p1a: Shari|confusion
|
|-weather|Snowscape|[upkeep]
|upkeep
|turn|10
|
|t:|1779812862
|-activate|p1a: Shari|confusion
|move|p1a: Shari|Encore|p2a: Gardevoir
|-start|p2a: Gardevoir|Encore
|move|p2a: Gardevoir|Confuse Ray||[still]
|-fail|p2a: Gardevoir
|
|-weather|Snowscape|[upkeep]
|upkeep
|turn|11
|
|t:|1779812869
|switch|p2a: Scrafty|Scrafty, M|100/100
|-activate|p1a: Shari|confusion
|-damage|p1a: Shari|93/100|[from] confusion
|
|-weather|Snowscape|[upkeep]
|-sideend|p1: Foodiscoolski|move: Aurora Veil
|upkeep
|turn|12
|
|t:|1779812876
|-end|p1a: Shari|confusion
|move|p1a: Shari|Aurora Veil|p1a: Shari
|-sidestart|p1: Foodiscoolski|move: Aurora Veil
|move|p2a: Scrafty|Drain Punch|p1a: Shari
|-damage|p1a: Shari|76/100
|
|-weather|none
|upkeep
|turn|13
|
|t:|1779812885
|-terastallize|p2a: Scrafty|Poison
|move|p1a: Shari|Moonblast|p2a: Scrafty
|-resisted|p2a: Scrafty
|-damage|p2a: Scrafty|86/100
|move|p2a: Scrafty|Drain Punch|p1a: Shari
|-damage|p1a: Shari|55/100
|-heal|p2a: Scrafty|95/100|[from] drain|[of] p1a: Shari
|
|-heal|p2a: Scrafty|100/100|[from] item: Leftovers
|upkeep
|turn|14
|
|t:|1779812899
|switch|p1a: Landorus|Landorus-Therian, M|100/100
|-ability|p1a: Landorus|Intimidate|boost
|-unboost|p2a: Scrafty|atk|1
|move|p2a: Scrafty|Bulk Up|p2a: Scrafty
|-boost|p2a: Scrafty|atk|1
|-boost|p2a: Scrafty|def|1
|
|upkeep
|turn|15
|
|t:|1779812906
|move|p1a: Landorus|Earthquake|p2a: Scrafty
|-supereffective|p2a: Scrafty
|-damage|p2a: Scrafty|30/100
|move|p2a: Scrafty|Knock Off|p1a: Landorus
|-damage|p1a: Landorus|77/100
|-damage|p2a: Scrafty|14/100|[from] item: Rocky Helmet|[of] p1a: Landorus
|-enditem|p1a: Landorus|Rocky Helmet|[from] move: Knock Off|[of] p2a: Scrafty
|
|-heal|p2a: Scrafty|20/100|[from] item: Leftovers
|upkeep
|turn|16
|
|t:|1779812916
|move|p1a: Landorus|Earthquake|p2a: Scrafty
|-supereffective|p2a: Scrafty
|-damage|p2a: Scrafty|0 fnt
|faint|p2a: Scrafty
|
|upkeep
|
|t:|1779812920
|switch|p2a: Gardevoir|Gardevoir, F, shiny|58/100
|turn|17
|
|t:|1779812925
|move|p1a: Landorus|U-turn|p2a: Gardevoir
|-damage|p2a: Gardevoir|14/100
|-enditem|p2a: Gardevoir|Sitrus Berry|[eat]
|-heal|p2a: Gardevoir|39/100|[from] item: Sitrus Berry
|
|t:|1779812931
|switch|p1a: Late Capitalism|Weezing-Galar, M|100/100|[from] U-turn
|-ability|p1a: Late Capitalism|Neutralizing Gas
|move|p2a: Gardevoir|Hyper Voice|p1a: Late Capitalism
|-damage|p1a: Late Capitalism|75/100
|
|upkeep
|turn|18
|-message|keifi forfeited.
|
|win|Foodiscoolski
|raw|Foodiscoolski's rating: 1114 &rarr; <strong>1135</strong><br />(+21 for winning)
|raw|keifi's rating: 1052 &rarr; <strong>1037</strong><br />(-15 for losing)
|l|☆keifi
|player|p2|
