|j|☆Palm X
|j|☆trashcan_343
|t:|1779845801
|gametype|singles
|player|p1|Palm X|caitlin|1607
|player|p2|trashcan_343|fisherman-gen4|1556
|gen|9
|tier|[Gen 9] OU
|rated|
|rule|HP Percentage Mod: HP is shown in percentages
|rule|Endless Battle Clause: Forcing endless battles is banned
|rule|Species Clause: Limit one of each Pokémon
|rule|OHKO Clause: OHKO moves are banned
|rule|Evasion Items Clause: Evasion items are banned
|rule|Evasion Moves Clause: Evasion moves are banned
|rule|Evasion Abilities Clause: Evasion abilities are banned
|rule|Sleep Moves Clause: Sleep-inducing moves are banned
|clearpoke
|poke|p1|Meowscarada, F|
|poke|p1|Gholdengo|
|poke|p1|Ting-Lu|
|poke|p1|Zamazenta-*|
|poke|p1|Dragapult, F|
|poke|p1|Great Tusk|
|poke|p2|Metagross|
|poke|p2|Hippowdon, F|
|poke|p2|Ogerpon-Cornerstone, F|
|poke|p2|Goodra-Hisui, M|
|poke|p2|Mandibuzz, F|
|poke|p2|Garganacl, M|
|teampreview
|inactive|Battle timer is ON: inactive players will automatically lose when time's up. (requested by Palm X)
|
|t:|1779845817
|teamsize|p1|6
|teamsize|p2|6
|start
|switch|p1a: What Is An Opp|Meowscarada, F|100/100
|switch|p2a: Ogerpon|Ogerpon-Cornerstone, F|100/100
|turn|1
|
|t:|1779845823
|move|p1a: What Is An Opp|Triple Axel|p2a: Ogerpon
|-start|p1a: What Is An Opp|typechange|Ice|[from] ability: Protean
|-supereffective|p2a: Ogerpon
|-damage|p2a: Ogerpon|77/100
|-supereffective|p2a: Ogerpon
|-damage|p2a: Ogerpon|30/100
|-supereffective|p2a: Ogerpon
|-damage|p2a: Ogerpon|0 fnt
|faint|p2a: Ogerpon
|-hitcount|p2: Ogerpon|3
|
|upkeep
|
|t:|1779845830
|switch|p2a: Metagross|Metagross|100/100
|turn|2
|
|t:|1779845836
|switch|p1a: Up Bowl On Em'|Ting-Lu|100/100
|-ability|p1a: Up Bowl On Em'|Vessel of Ruin
|move|p2a: Metagross|Zen Headbutt|p1a: Up Bowl On Em'
|-immune|p1a: Up Bowl On Em'
|
|upkeep
|turn|3
|
|t:|1779845841
|switch|p2a: Mandibuzz|Mandibuzz, F|100/100
|move|p1a: Up Bowl On Em'|Stealth Rock|p2a: Mandibuzz
|-sidestart|p2: trashcan_343|move: Stealth Rock
|
|upkeep
|turn|4
|
|t:|1779845844
|switch|p1a: Give Kirk or Die|Gholdengo|100/100
|move|p2a: Mandibuzz|Toxic|p1a: Give Kirk or Die
|-immune|p1a: Give Kirk or Die|[from] ability: Good as Gold
|
|upkeep
|turn|5
|
|t:|1779845848
|move|p1a: Give Kirk or Die|Make It Rain|p2a: Mandibuzz
|-damage|p2a: Mandibuzz|42/100
|-unboost|p1a: Give Kirk or Die|spa|1
|move|p2a: Mandibuzz|Foul Play|p1a: Give Kirk or Die
|-supereffective|p1a: Give Kirk or Die
|-damage|p1a: Give Kirk or Die|62/100
|
|upkeep
|turn|6
|
|t:|1779845851
|move|p1a: Give Kirk or Die|Make It Rain|p2a: Mandibuzz
|-damage|p2a: Mandibuzz|7/100
|-unboost|p1a: Give Kirk or Die|spa|1
|move|p2a: Mandibuzz|Roost|p2a: Mandibuzz
|-heal|p2a: Mandibuzz|57/100
|-singleturn|p2a: Mandibuzz|move: Roost
|
|upkeep
|turn|7
|
|t:|1779845859
|switch|p1a: Up Bowl On Em'|Ting-Lu|100/100
|-ability|p1a: Up Bowl On Em'|Vessel of Ruin
|move|p2a: Mandibuzz|Toxic|p1a: Up Bowl On Em'
|-status|p1a: Up Bowl On Em'|tox
|
|-damage|p1a: Up Bowl On Em'|94/100 tox|[from] psn
|upkeep
|turn|8
|
|t:|1779845864
|move|p2a: Mandibuzz|Roost|p2a: Mandibuzz
|-heal|p2a: Mandibuzz|100/100
|-singleturn|p2a: Mandibuzz|move: Roost
|move|p1a: Up Bowl On Em'|Spikes|p2a: Mandibuzz
|-sidestart|p2: trashcan_343|Spikes
|
|-heal|p1a: Up Bowl On Em'|100/100 tox|[from] item: Leftovers
|-damage|p1a: Up Bowl On Em'|88/100 tox|[from] psn
|upkeep
|turn|9
|
|t:|1779845866
|switch|p1a: Give Kirk or Die|Gholdengo|62/100
|move|p2a: Mandibuzz|Defog|p1a: Give Kirk or Die
|-immune|p1a: Give Kirk or Die|[from] ability: Good as Gold
|
|upkeep
|turn|10
|
|t:|1779845868
|move|p1a: Give Kirk or Die|Trick|p2a: Mandibuzz
|-activate|p1a: Give Kirk or Die|move: Trick|[of] p2a: Mandibuzz
|-item|p2a: Mandibuzz|Choice Scarf|[from] move: Trick
|-item|p1a: Give Kirk or Die|Heavy-Duty Boots|[from] move: Trick
|move|p2a: Mandibuzz|Foul Play|p1a: Give Kirk or Die
|-supereffective|p1a: Give Kirk or Die
|-damage|p1a: Give Kirk or Die|27/100
|
|upkeep
|turn|11
|
|t:|1779845877
|switch|p1a: Great Tusk|Great Tusk|100/100
|move|p2a: Mandibuzz|Foul Play|p1a: Great Tusk
|-resisted|p1a: Great Tusk
|-damage|p1a: Great Tusk|89/100
|
|upkeep
|turn|12
|
|t:|1779845882
|switch|p2a: Hippowdon|Hippowdon, F|100/100
|-damage|p2a: Hippowdon|94/100|[from] Stealth Rock
|-damage|p2a: Hippowdon|82/100|[from] Spikes
|-weather|Sandstorm|[from] ability: Sand Stream|[of] p2a: Hippowdon
|move|p1a: Great Tusk|Rapid Spin|p2a: Hippowdon
|-damage|p2a: Hippowdon|74/100
|-boost|p1a: Great Tusk|spe|1
|
|-weather|Sandstorm|[upkeep]
|upkeep
|turn|13
|
|t:|1779845885
|-terastallize|p2a: Hippowdon|Fairy
|move|p1a: Great Tusk|Ice Spinner|p2a: Hippowdon
|-damage|p2a: Hippowdon|62/100
|move|p2a: Hippowdon|Curse|p2a: Hippowdon
|-unboost|p2a: Hippowdon|spe|1
|-boost|p2a: Hippowdon|atk|1
|-boost|p2a: Hippowdon|def|1
|
|-weather|Sandstorm|[upkeep]
|-damage|p2a: Hippowdon|55/100|[from] Sandstorm
|upkeep
|turn|14
|
|t:|1779845894
|-end|p1a: Great Tusk|Protosynthesis|[silent]
|switch|p1a: Dragoonette|Dragapult, F, shiny|100/100
|move|p2a: Hippowdon|Earthquake|p1a: Dragoonette
|-damage|p1a: Dragoonette|10/100
|
|-weather|Sandstorm|[upkeep]
|-damage|p1a: Dragoonette|4/100|[from] Sandstorm
|-damage|p2a: Hippowdon|49/100|[from] Sandstorm
|upkeep
|turn|15
|
|t:|1779845898
|move|p1a: Dragoonette|Will-O-Wisp|p2a: Hippowdon
|-status|p2a: Hippowdon|brn
|-enditem|p2a: Hippowdon|Lum Berry|[eat]
|-curestatus|p2a: Hippowdon|brn|[msg]
|move|p2a: Hippowdon|Slack Off|p2a: Hippowdon
|-heal|p2a: Hippowdon|99/100
|
|-weather|Sandstorm|[upkeep]
|-damage|p1a: Dragoonette|0 fnt|[from] Sandstorm
|-damage|p2a: Hippowdon|93/100|[from] Sandstorm
|faint|p1a: Dragoonette
|upkeep
|
|t:|1779845905
|switch|p1a: Give Kirk or Die|Gholdengo|27/100
|turn|16
|
|t:|1779845908
|move|p1a: Give Kirk or Die|Make It Rain|p2a: Hippowdon
|-supereffective|p2a: Hippowdon
|-damage|p2a: Hippowdon|0 fnt
|-unboost|p1a: Give Kirk or Die|spa|1
|faint|p2a: Hippowdon
|
|-weather|none
|upkeep
|
|t:|1779845912
|switch|p2a: Mandibuzz|Mandibuzz, F|100/100
|-damage|p2a: Mandibuzz|76/100|[from] Stealth Rock
|turn|17
|
|t:|1779845917
|move|p2a: Mandibuzz|Defog|p1a: Give Kirk or Die
|-immune|p1a: Give Kirk or Die|[from] ability: Good as Gold
|move|p1a: Give Kirk or Die|Recover|p1a: Give Kirk or Die
|-heal|p1a: Give Kirk or Die|77/100
|
|upkeep
|turn|18
|
|t:|1779845922
|switch|p2a: Snail|Goodra-Hisui, M|100/100
|-damage|p2a: Snail|94/100|[from] Stealth Rock
|-damage|p2a: Snail|82/100|[from] Spikes
|move|p1a: Give Kirk or Die|Make It Rain|p2a: Snail
|-resisted|p2a: Snail
|-damage|p2a: Snail|73/100
|-unboost|p1a: Give Kirk or Die|spa|1
|
|upkeep
|turn|19
|
|t:|1779845925
|switch|p1a: Up Bowl On Em'|Ting-Lu|88/100 tox
|-ability|p1a: Up Bowl On Em'|Vessel of Ruin
|switch|p2a: Mandibuzz|Mandibuzz, F|76/100
|-damage|p2a: Mandibuzz|51/100|[from] Stealth Rock
|
|-heal|p1a: Up Bowl On Em'|94/100 tox|[from] item: Leftovers
|-damage|p1a: Up Bowl On Em'|88/100 tox|[from] psn
|upkeep
|turn|20
|
|t:|1779845928
|move|p2a: Mandibuzz|Foul Play|p1a: Up Bowl On Em'
|-resisted|p1a: Up Bowl On Em'
|-crit|p1a: Up Bowl On Em'
|-damage|p1a: Up Bowl On Em'|77/100 tox
|move|p1a: Up Bowl On Em'|Spikes|p2a: Mandibuzz
|-sidestart|p2: trashcan_343|Spikes
|
|-heal|p1a: Up Bowl On Em'|83/100 tox|[from] item: Leftovers
|-damage|p1a: Up Bowl On Em'|70/100 tox|[from] psn
|upkeep
|turn|21
|
|t:|1779845933
|switch|p1a: Give Kirk or Die|Gholdengo|77/100
|move|p2a: Mandibuzz|Foul Play|p1a: Give Kirk or Die
|-supereffective|p1a: Give Kirk or Die
|-crit|p1a: Give Kirk or Die
|-damage|p1a: Give Kirk or Die|20/100
|
|upkeep
|turn|22
|
|t:|1779845937
|switch|p1a: What Is An Opp|Meowscarada, F|100/100
|move|p2a: Mandibuzz|Foul Play|p1a: What Is An Opp
|-resisted|p1a: What Is An Opp
|-damage|p1a: What Is An Opp|69/100
|
|upkeep
|turn|23
|
|t:|1779845940
|move|p1a: What Is An Opp|Triple Axel|p2a: Mandibuzz
|-start|p1a: What Is An Opp|typechange|Ice|[from] ability: Protean
|-supereffective|p2a: Mandibuzz
|-damage|p2a: Mandibuzz|40/100
|-supereffective|p2a: Mandibuzz
|-damage|p2a: Mandibuzz|18/100
|-supereffective|p2a: Mandibuzz
|-damage|p2a: Mandibuzz|0 fnt
|faint|p2a: Mandibuzz
|-hitcount|p2: Mandibuzz|3
|
|upkeep
|
|t:|1779845943
|switch|p2a: Pink Salt|Garganacl, M|100/100
|-damage|p2a: Pink Salt|88/100|[from] Stealth Rock
|-damage|p2a: Pink Salt|72/100|[from] Spikes
|turn|24
|
|t:|1779845947
|move|p1a: What Is An Opp|Knock Off|p2a: Pink Salt
|-damage|p2a: Pink Salt|58/100
|-damage|p1a: What Is An Opp|52/100|[from] item: Rocky Helmet|[of] p2a: Pink Salt
|-enditem|p2a: Pink Salt|Rocky Helmet|[from] move: Knock Off|[of] p1a: What Is An Opp
|move|p2a: Pink Salt|Recover|p2a: Pink Salt
|-heal|p2a: Pink Salt|100/100
|
|upkeep
|turn|25
|
|t:|1779845951
|switch|p1a: Up Bowl On Em'|Ting-Lu|70/100 tox
|-ability|p1a: Up Bowl On Em'|Vessel of Ruin
|move|p2a: Pink Salt|Salt Cure|p1a: Up Bowl On Em'
|-resisted|p1a: Up Bowl On Em'
|-crit|p1a: Up Bowl On Em'
|-damage|p1a: Up Bowl On Em'|64/100 tox
|-start|p1a: Up Bowl On Em'|Salt Cure
|
|-heal|p1a: Up Bowl On Em'|71/100 tox|[from] item: Leftovers
|-damage|p1a: Up Bowl On Em'|64/100 tox|[from] psn
|-damage|p1a: Up Bowl On Em'|52/100 tox|[from] Salt Cure
|upkeep
|turn|26
|
|t:|1779845956
|move|p1a: Up Bowl On Em'|Ruination|p2a: Pink Salt
|-damage|p2a: Pink Salt|50/100
|move|p2a: Pink Salt|Earthquake|p1a: Up Bowl On Em'
|-damage|p1a: Up Bowl On Em'|40/100 tox
|
|-heal|p1a: Up Bowl On Em'|46/100 tox|[from] item: Leftovers
|-damage|p1a: Up Bowl On Em'|34/100 tox|[from] psn
|-damage|p1a: Up Bowl On Em'|21/100 tox|[from] Salt Cure
|upkeep
|turn|27
|
|t:|1779845958
|move|p1a: Up Bowl On Em'|Ruination|p2a: Pink Salt
|-damage|p2a: Pink Salt|25/100
|move|p2a: Pink Salt|Recover|p2a: Pink Salt
|-heal|p2a: Pink Salt|75/100
|
|-heal|p1a: Up Bowl On Em'|27/100 tox|[from] item: Leftovers
|-damage|p1a: Up Bowl On Em'|9/100 tox|[from] psn
|-damage|p1a: Up Bowl On Em'|0 fnt|[from] Salt Cure
|faint|p1a: Up Bowl On Em'
|upkeep
|
|t:|1779845965
|switch|p1a: Great Tusk|Great Tusk|89/100
|turn|28
|
|t:|1779845969
|move|p1a: Great Tusk|Headlong Rush|p2a: Pink Salt
|-supereffective|p2a: Pink Salt
|-damage|p2a: Pink Salt|26/100
|-unboost|p1a: Great Tusk|def|1
|-unboost|p1a: Great Tusk|spd|1
|move|p2a: Pink Salt|Salt Cure|p1a: Great Tusk
|-resisted|p1a: Great Tusk
|-damage|p1a: Great Tusk|86/100
|-start|p1a: Great Tusk|Salt Cure
|
|-damage|p1a: Great Tusk|73/100|[from] Salt Cure
|upkeep
|turn|29
|
|t:|1779845972
|move|p1a: Great Tusk|Headlong Rush|p2a: Pink Salt
|-supereffective|p2a: Pink Salt
|-damage|p2a: Pink Salt|0 fnt
|-unboost|p1a: Great Tusk|def|1
|-unboost|p1a: Great Tusk|spd|1
|faint|p2a: Pink Salt
|
|-damage|p1a: Great Tusk|61/100|[from] Salt Cure
|upkeep
|
|t:|1779845975
|switch|p2a: Metagross|Metagross|100/100
|-damage|p2a: Metagross|94/100|[from] Stealth Rock
|-damage|p2a: Metagross|78/100|[from] Spikes
|turn|30
|
|t:|1779845980
|move|p2a: Metagross|Bullet Punch|p1a: Great Tusk
|-crit|p1a: Great Tusk
|-damage|p1a: Great Tusk|3/100
|move|p1a: Great Tusk|Headlong Rush|p2a: Metagross
|-supereffective|p2a: Metagross
|-damage|p2a: Metagross|7/100
|-unboost|p1a: Great Tusk|def|1
|-unboost|p1a: Great Tusk|spd|1
|
|-damage|p1a: Great Tusk|0 fnt|[from] Salt Cure
|faint|p1a: Great Tusk
|-end|p1a: Great Tusk|Protosynthesis|[silent]
|upkeep
|
|t:|1779845985
|switch|p1a: The Epic Dog|Zamazenta, shiny|100/100
|-ability|p1a: The Epic Dog|Dauntless Shield|boost
|-boost|p1a: The Epic Dog|def|1
|turn|31
|
|t:|1779845988
|move|p1a: The Epic Dog|Crunch|p2a: Metagross
|-supereffective|p2a: Metagross
|-damage|p2a: Metagross|0 fnt
|faint|p2a: Metagross
|
|upkeep
|inactive|trashcan_343 has 120 seconds left.
|l|☆trashcan_343
|inactive|trashcan_343 disconnected and has a minute to reconnect!
|player|p2|
|inactive|trashcan_343 has 30 seconds to reconnect!
|inactive|trashcan_343 has 20 seconds to reconnect!
|inactive|trashcan_343 has 15 seconds to reconnect!
|inactive|trashcan_343 has 10 seconds to reconnect!
|inactive|trashcan_343 has 5 seconds to reconnect!
|-message|trashcan_343 lost due to inactivity.
|
|win|Palm X
|raw|Palm X's rating: 1607 &rarr; <strong>1624</strong><br />(+17 for winning)
|raw|trashcan_343's rating: 1556 &rarr; <strong>1539</strong><br />(-17 for losing)
|l|☆Palm X
|player|p1|
