|j|☆qwb_dwxx
|j|☆Lambaba
|t:|1779950672
|gametype|singles
|player|p1|qwb_dwxx|1|1404
|player|p2|Lambaba|hilbert-wonderlauncher|1410
|gen|9
|tier|[Gen 9] OU
|rated|
|rule|HP Percentage Mod: HP is shown in percentages
|rule|Endless Battle Clause: Forcing endless battles is banned
|rule|Species Clause: Limit one of each Pokémon
|rule|OHKO Clause: OHKO moves are banned
|rule|Evasion Items Clause: Evasion items are banned
|rule|Evasion Moves Clause: Evasion moves are banned
|rule|Evasion Abilities Clause: Evasion abilities are banned
|rule|Sleep Moves Clause: Sleep-inducing moves are banned
|clearpoke
|poke|p1|Chesnaught, F|
|poke|p1|Gliscor, M|
|poke|p1|Weezing-Galar, F|
|poke|p1|Goodra-Hisui, F|
|poke|p1|Gholdengo|
|poke|p1|Darkrai|
|poke|p2|Zamazenta-*|
|poke|p2|Kingambit, F|
|poke|p2|Slowking-Galar, M|
|poke|p2|Primarina, M|
|poke|p2|Great Tusk|
|poke|p2|Zapdos|
|teampreview
|inactive|Battle timer is ON: inactive players will automatically lose when time's up. (requested by Lambaba)
|
|t:|1779950680
|teamsize|p1|6
|teamsize|p2|6
|start
|switch|p1a: Weezing|Weezing-Galar, F|100/100
|switch|p2a: Primarina|Primarina, M|100/100
|-ability|p1a: Weezing|Neutralizing Gas
|turn|1
|
|t:|1779950684
|-end|p1a: Weezing|ability: Neutralizing Gas
|switch|p1a: Goodra|Goodra-Hisui, F|100/100
|move|p2a: Primarina|Substitute|p2a: Primarina
|-start|p2a: Primarina|Substitute
|-damage|p2a: Primarina|75/100
|
|-heal|p2a: Primarina|82/100|[from] item: Leftovers
|upkeep
|turn|2
|
|t:|1779950688
|move|p2a: Primarina|Calm Mind|p2a: Primarina
|-boost|p2a: Primarina|spa|1
|-boost|p2a: Primarina|spd|1
|move|p1a: Goodra|Heavy Slam|p2a: Primarina
|-end|p2a: Primarina|Substitute
|
|-heal|p2a: Primarina|88/100|[from] item: Leftovers
|upkeep
|turn|3
|
|t:|1779950693
|switch|p2a: Zapdos|Zapdos|100/100
|move|p1a: Goodra|Heavy Slam|p2a: Zapdos
|-resisted|p2a: Zapdos
|-damage|p2a: Zapdos|75/100
|
|upkeep
|turn|4
|
|t:|1779950696
|move|p2a: Zapdos|Discharge|p1a: Goodra
|-resisted|p1a: Goodra
|-damage|p1a: Goodra|93/100
|move|p1a: Goodra|Knock Off|p2a: Zapdos
|-damage|p2a: Zapdos|46/100
|-status|p1a: Goodra|par|[from] ability: Static|[of] p2a: Zapdos
|-enditem|p2a: Zapdos|Heavy-Duty Boots|[from] move: Knock Off|[of] p1a: Goodra
|
|upkeep
|turn|5
|
|t:|1779950705
|switch|p1a: Gliscor|Gliscor, M|100/100
|move|p2a: Zapdos|Roost|p2a: Zapdos
|-heal|p2a: Zapdos|96/100
|-singleturn|p2a: Zapdos|move: Roost
|
|-status|p1a: Gliscor|tox|[from] item: Toxic Orb
|upkeep
|turn|6
|
|t:|1779950709
|move|p2a: Zapdos|U-turn|p1a: Gliscor
|-resisted|p1a: Gliscor
|-damage|p1a: Gliscor|95/100 tox
|
|t:|1779950712
|switch|p2a: Slowking|Slowking-Galar, M|100/100|[from] U-turn
|move|p1a: Gliscor|Stealth Rock|p2a: Slowking
|-sidestart|p2: Lambaba|move: Stealth Rock
|
|-heal|p1a: Gliscor|100/100 tox|[from] ability: Poison Heal
|upkeep
|turn|7
|
|t:|1779950716
|move|p1a: Gliscor|Knock Off|p2a: Slowking
|-supereffective|p2a: Slowking
|-damage|p2a: Slowking|56/100
|-enditem|p2a: Slowking|Heavy-Duty Boots|[from] move: Knock Off|[of] p1a: Gliscor
|move|p2a: Slowking|Ice Beam|p1a: Gliscor
|-supereffective|p1a: Gliscor
|-damage|p1a: Gliscor|25/100 tox
|
|-heal|p1a: Gliscor|37/100 tox|[from] ability: Poison Heal
|upkeep
|turn|8
|
|t:|1779950726
|move|p1a: Gliscor|Earthquake|p2a: Slowking
|-supereffective|p2a: Slowking
|-damage|p2a: Slowking|0 fnt
|faint|p2a: Slowking
|
|-heal|p1a: Gliscor|50/100 tox|[from] ability: Poison Heal
|upkeep
|
|t:|1779950743
|switch|p2a: Primarina|Primarina, M|88/100
|-damage|p2a: Primarina|75/100|[from] Stealth Rock
|turn|9
|
|t:|1779950749
|switch|p1a: Goodra|Goodra-Hisui, F|93/100 par
|move|p2a: Primarina|Substitute|p2a: Primarina
|-start|p2a: Primarina|Substitute
|-damage|p2a: Primarina|50/100
|
|-heal|p2a: Primarina|56/100|[from] item: Leftovers
|upkeep
|turn|10
|
|t:|1779950752
|move|p2a: Primarina|Calm Mind|p2a: Primarina
|-boost|p2a: Primarina|spa|1
|-boost|p2a: Primarina|spd|1
|move|p1a: Goodra|Heavy Slam|p2a: Primarina
|-end|p2a: Primarina|Substitute
|
|-heal|p2a: Primarina|62/100|[from] item: Leftovers
|upkeep
|turn|11
|
|t:|1779950756
|move|p2a: Primarina|Substitute|p2a: Primarina
|-start|p2a: Primarina|Substitute
|-damage|p2a: Primarina|37/100
|move|p1a: Goodra|Heavy Slam|p2a: Primarina
|-end|p2a: Primarina|Substitute
|
|-heal|p2a: Primarina|43/100|[from] item: Leftovers
|upkeep
|turn|12
|
|t:|1779950761
|move|p2a: Primarina|Draining Kiss|p1a: Goodra
|-damage|p1a: Goodra|78/100 par
|-heal|p2a: Primarina|55/100|[from] drain|[of] p1a: Goodra
|move|p1a: Goodra|Heavy Slam|p2a: Primarina
|-damage|p2a: Primarina|8/100
|
|-heal|p2a: Primarina|14/100|[from] item: Leftovers
|upkeep
|turn|13
|-message|Lambaba forfeited.
|
|win|qwb_dwxx
|raw|qwb_dwxx's rating: 1404 &rarr; <strong>1424</strong><br />(+20 for winning)
|raw|Lambaba's rating: 1410 &rarr; <strong>1390</strong><br />(-20 for losing)
|l|☆Lambaba
|player|p2|
|l|☆qwb_dwxx
|player|p1|
