|j|‽711851l
|j|☆Draconic Echo
|t:|1779864828
|gametype|singles
|player|p1|711851l|102|1377
|player|p2|Draconic Echo|gladion|1405
|gen|9
|tier|[Gen 9] OU
|rated|
|rule|HP Percentage Mod: HP is shown in percentages
|rule|Endless Battle Clause: Forcing endless battles is banned
|rule|Species Clause: Limit one of each Pokémon
|rule|OHKO Clause: OHKO moves are banned
|rule|Evasion Items Clause: Evasion items are banned
|rule|Evasion Moves Clause: Evasion moves are banned
|rule|Evasion Abilities Clause: Evasion abilities are banned
|rule|Sleep Moves Clause: Sleep-inducing moves are banned
|clearpoke
|poke|p1|Meloetta|
|poke|p1|Darkrai|
|poke|p1|Keldeo-Resolute|
|poke|p1|Volcanion|
|poke|p1|Jirachi|
|poke|p1|Manaphy|
|poke|p2|Great Tusk|
|poke|p2|Vaporeon, F|
|poke|p2|Corviknight, F|
|poke|p2|Samurott-Hisui, M|
|poke|p2|Hatterene, F|
|poke|p2|Jolteon, F|
|teampreview
|inactive|Battle timer is ON: inactive players will automatically lose when time's up. (requested by 711851l)
|
|t:|1779864841
|teamsize|p1|6
|teamsize|p2|6
|start
|switch|p1a: Meloetta|Meloetta|100/100
|switch|p2a: >:(|Samurott-Hisui, M|100/100
|turn|1
|
|t:|1779864846
|move|p2a: >:(|Ceaseless Edge|p1a: Meloetta
|-supereffective|p1a: Meloetta
|-damage|p1a: Meloetta|0 fnt
|-sidestart|p1: 711851l|Spikes
|faint|p1a: Meloetta
|
|upkeep
|
|t:|1779864853
|switch|p1a: Keldeo|Keldeo-Resolute|100/100
|-damage|p1a: Keldeo|88/100|[from] Spikes
|turn|2
|
|t:|1779864857
|switch|p2a: :)|Hatterene, F|100/100
|move|p1a: Keldeo|Calm Mind|p1a: Keldeo
|-boost|p1a: Keldeo|spa|1
|-boost|p1a: Keldeo|spd|1
|
|upkeep
|turn|3
|
|t:|1779864872
|move|p1a: Keldeo|Air Slash|p2a: :)
|-damage|p2a: :)|49/100
|-damage|p1a: Keldeo|78/100|[from] item: Life Orb
|move|p2a: :)|Psychic Noise|p1a: Keldeo
|-supereffective|p1a: Keldeo
|-damage|p1a: Keldeo|20/100
|-start|p1a: Keldeo|move: Heal Block
|
|-heal|p2a: :)|55/100|[from] item: Leftovers
|upkeep
|turn|4
|
|t:|1779864880
|switch|p2a: Meep|Vaporeon, F|100/100
|move|p1a: Keldeo|Surf|p2a: Meep
|-immune|p2a: Meep|[from] ability: Water Absorb
|
|-end|p1a: Keldeo|move: Heal Block
|upkeep
|turn|5
|
|t:|1779864890
|switch|p2a: :)|Hatterene, F|55/100
|move|p1a: Keldeo|Secret Sword|p2a: :)
|-resisted|p2a: :)
|-damage|p2a: :)|37/100
|-damage|p1a: Keldeo|10/100|[from] item: Life Orb
|
|-heal|p2a: :)|43/100|[from] item: Leftovers
|upkeep
|turn|6
|
|t:|1779864896
|move|p1a: Keldeo|Air Slash|p2a: :)
|-damage|p2a: :)|0 fnt
|faint|p2a: :)
|-damage|p1a: Keldeo|0 fnt|[from] item: Life Orb
|faint|p1a: Keldeo
|
|upkeep
|
|t:|1779864903
|switch|p1a: Manaphy|Manaphy|100/100
|switch|p2a: >:(|Samurott-Hisui, M|100/100
|-damage|p1a: Manaphy|88/100|[from] Spikes
|turn|7
|
|t:|1779864910
|move|p2a: >:(|Ceaseless Edge|p1a: Manaphy
|-damage|p1a: Manaphy|58/100
|-sidestart|p1: 711851l|Spikes
|move|p1a: Manaphy|Take Heart|p1a: Manaphy
|-boost|p1a: Manaphy|spa|1
|-boost|p1a: Manaphy|spd|1
|
|-heal|p1a: Manaphy|64/100|[from] item: Leftovers
|upkeep
|turn|8
|
|t:|1779864925
|switch|p2a: :3|Jolteon, F|100/100
|move|p1a: Manaphy|Scald|p2a: :3
|-damage|p2a: :3|43/100
|
|-heal|p1a: Manaphy|70/100|[from] item: Leftovers
|upkeep
|turn|9
|
|t:|1779864934
|move|p2a: :3|Volt Switch|p1a: Manaphy
|-supereffective|p1a: Manaphy
|-damage|p1a: Manaphy|31/100
|
|t:|1779864936
|switch|p2a: Meep|Vaporeon, F|100/100|[from] Volt Switch
|move|p1a: Manaphy|Scald|p2a: Meep
|-immune|p2a: Meep|[from] ability: Water Absorb
|
|-heal|p1a: Manaphy|37/100|[from] item: Leftovers
|upkeep
|turn|10
|
|t:|1779864949
|switch|p2a: :3|Jolteon, F|43/100
|move|p1a: Manaphy|Take Heart|p1a: Manaphy
|-boost|p1a: Manaphy|spa|1
|-boost|p1a: Manaphy|spd|1
|
|-heal|p1a: Manaphy|43/100|[from] item: Leftovers
|upkeep
|turn|11
|
|t:|1779864954
|move|p2a: :3|Thunderbolt|p1a: Manaphy
|-supereffective|p1a: Manaphy
|-crit|p1a: Manaphy
|-damage|p1a: Manaphy|0 fnt
|faint|p1a: Manaphy
|
|upkeep
|
|t:|1779864963
|switch|p1a: Jirachi|Jirachi|100/100
|-damage|p1a: Jirachi|84/100|[from] Spikes
|turn|12
|
|t:|1779864965
|move|p1a: Jirachi|Iron Head|p2a: :3
|-resisted|p2a: :3
|-damage|p2a: :3|9/100
|move|p2a: :3|Volt Switch|p1a: Jirachi
|-damage|p1a: Jirachi|52/100
|
|t:|1779864969
|switch|p2a: >:(|Samurott-Hisui, M|100/100|[from] Volt Switch
|
|upkeep
|turn|13
|
|t:|1779864972
|move|p1a: Jirachi|Iron Head|p2a: >:(
|-resisted|p2a: >:(
|-damage|p2a: >:(|74/100
|move|p2a: >:(|Ceaseless Edge|p1a: Jirachi
|-supereffective|p1a: Jirachi
|-damage|p1a: Jirachi|0 fnt
|-sidestart|p1: 711851l|Spikes
|faint|p1a: Jirachi
|
|upkeep
|
|t:|1779864978
|switch|p1a: Darkrai|Darkrai|100/100
|-damage|p1a: Darkrai|76/100|[from] Spikes
|turn|14
|
|t:|1779864981
|switch|p2a: :D|Corviknight, F, shiny|100/100
|-ability|p2a: :D|Pressure
|move|p1a: Darkrai|Nasty Plot|p1a: Darkrai
|-boost|p1a: Darkrai|spa|2
|
|-heal|p1a: Darkrai|82/100|[from] item: Leftovers
|upkeep
|turn|15
|
|t:|1779864986
|move|p1a: Darkrai|Dark Pulse|p2a: :D
|-damage|p2a: :D|42/100
|move|p2a: :D|Body Press|p1a: Darkrai
|-supereffective|p1a: Darkrai
|-damage|p1a: Darkrai|33/100
|
|-heal|p1a: Darkrai|39/100|[from] item: Leftovers
|upkeep
|turn|16
|
|t:|1779864991
|move|p1a: Darkrai|Dark Pulse|p2a: :D
|-damage|p2a: :D|0 fnt
|faint|p2a: :D
|
|-heal|p1a: Darkrai|45/100|[from] item: Leftovers
|upkeep
|
|t:|1779864994
|switch|p2a: :3|Jolteon, F|9/100
|turn|17
|
|t:|1779865002
|move|p2a: :3|Thunderbolt|p1a: Darkrai
|-crit|p1a: Darkrai
|-damage|p1a: Darkrai|0 fnt
|faint|p1a: Darkrai
|
|upkeep
|
|t:|1779865005
|switch|p1a: Volcanion|Volcanion|100/100
|-damage|p1a: Volcanion|76/100|[from] Spikes
|turn|18
|
|t:|1779865009
|-terastallize|p1a: Volcanion|Fire
|move|p2a: :3|Thunderbolt|p1a: Volcanion
|-damage|p1a: Volcanion|21/100
|move|p1a: Volcanion|Flame Charge|p2a: :3
|-damage|p2a: :3|0 fnt
|-boost|p1a: Volcanion|spe|1
|faint|p2a: :3
|
|-heal|p1a: Volcanion|27/100|[from] item: Leftovers
|upkeep
|
|t:|1779865016
|switch|p2a: >:(|Samurott-Hisui, M|74/100
|turn|19
|
|t:|1779865023
|move|p2a: >:(|Sacred Sword|p1a: Volcanion
|-damage|p1a: Volcanion|0 fnt
|faint|p1a: Volcanion
|
|win|Draconic Echo
|raw|711851l's rating: 1377 &rarr; <strong>1359</strong><br />(-18 for losing)
|raw|Draconic Echo's rating: 1405 &rarr; <strong>1423</strong><br />(+18 for winning)
|l|‽711851l
|player|p1|
|l|☆Draconic Echo
|player|p2|
