|j|☆D'Ranged
|j|☆waplejoos
|t:|1779934438
|gametype|singles
|player|p1|D'Ranged|unknownf|1265
|player|p2|waplejoos|170|1183
|gen|9
|tier|[Gen 9] OU
|rated|
|rule|HP Percentage Mod: HP is shown in percentages
|rule|Endless Battle Clause: Forcing endless battles is banned
|rule|Species Clause: Limit one of each Pokémon
|rule|OHKO Clause: OHKO moves are banned
|rule|Evasion Items Clause: Evasion items are banned
|rule|Evasion Moves Clause: Evasion moves are banned
|rule|Evasion Abilities Clause: Evasion abilities are banned
|rule|Sleep Moves Clause: Sleep-inducing moves are banned
|clearpoke
|poke|p1|Primarina, F|
|poke|p1|Zapdos|
|poke|p1|Gholdengo|
|poke|p1|Cinderace, M|
|poke|p1|Darkrai|
|poke|p1|Great Tusk|
|poke|p2|Iron Treads|
|poke|p2|Hydreigon, M|
|poke|p2|Ogerpon, F|
|poke|p2|Corviknight, F|
|poke|p2|Enamorus, F|
|poke|p2|Ceruledge, F|
|teampreview
|
|t:|1779934447
|teamsize|p1|6
|teamsize|p2|6
|start
|switch|p1a: Darkrai|Darkrai, shiny|100/100
|switch|p2a: Corviknight|Corviknight, F|100/100
|turn|1
|inactive|Battle timer is ON: inactive players will automatically lose when time's up. (requested by waplejoos)
|
|t:|1779934465
|switch|p1a: Zapdos|Zapdos, shiny|100/100
|move|p2a: Corviknight|Body Press|p1a: Zapdos
|-resisted|p1a: Zapdos
|-crit|p1a: Zapdos
|-damage|p1a: Zapdos|83/100
|-status|p2a: Corviknight|par|[from] ability: Static|[of] p1a: Zapdos
|
|upkeep
|turn|2
|
|t:|1779934476
|switch|p2a: Iron Treads|Iron Treads|100/100
|-enditem|p2a: Iron Treads|Booster Energy
|-activate|p2a: Iron Treads|ability: Quark Drive|[fromitem]
|-start|p2a: Iron Treads|quarkdrivespe
|move|p1a: Zapdos|Heat Wave|p2a: Iron Treads
|-supereffective|p2a: Iron Treads
|-damage|p2a: Iron Treads|14/100
|
|upkeep
|turn|3
|
|t:|1779934498
|-end|p2a: Iron Treads|Quark Drive|[silent]
|switch|p2a: Hydreigon|Hydreigon, M|100/100
|move|p1a: Zapdos|Roost|p1a: Zapdos
|-heal|p1a: Zapdos|100/100
|-singleturn|p1a: Zapdos|move: Roost
|
|upkeep
|turn|4
|
|t:|1779934506
|move|p1a: Zapdos|Volt Switch|p2a: Hydreigon
|-resisted|p2a: Hydreigon
|-damage|p2a: Hydreigon|83/100
|
|t:|1779934509
|switch|p1a: Primarina|Primarina, F, shiny|100/100|[from] Volt Switch
|move|p2a: Hydreigon|Focus Energy|p2a: Hydreigon
|-start|p2a: Hydreigon|move: Focus Energy
|
|upkeep
|turn|5
|
|t:|1779934528
|-terastallize|p2a: Hydreigon|Fairy
|move|p2a: Hydreigon|Dark Pulse|p1a: Primarina
|-resisted|p1a: Primarina
|-crit|p1a: Primarina
|-damage|p1a: Primarina|81/100
|move|p1a: Primarina|Hydro Pump|p2a: Hydreigon
|-damage|p2a: Hydreigon|16/100
|
|upkeep
|turn|6
|
|t:|1779934540
|move|p2a: Hydreigon|Dark Pulse|p1a: Primarina
|-resisted|p1a: Primarina
|-crit|p1a: Primarina
|-damage|p1a: Primarina|63/100
|move|p1a: Primarina|Flip Turn|p2a: Hydreigon
|-damage|p2a: Hydreigon|1/100
|
|t:|1779934547
|switch|p1a: Cinderace|Cinderace, M, shiny|100/100|[from] Flip Turn
|
|upkeep
|turn|7
|
|t:|1779934556
|move|p1a: Cinderace|U-turn|p2a: Hydreigon
|-start|p1a: Cinderace|typechange|Bug|[from] ability: Libero
|-resisted|p2a: Hydreigon
|-damage|p2a: Hydreigon|0 fnt
|faint|p2a: Hydreigon
|
|t:|1779934560
|switch|p1a: Gholdengo|Gholdengo|100/100|[from] U-turn
|
|upkeep
|
|t:|1779934570
|switch|p2a: Ogerpon|Ogerpon, F|100/100
|turn|8
|
|t:|1779934578
|switch|p1a: Zapdos|Zapdos, shiny|100/100
|move|p2a: Ogerpon|Knock Off|p1a: Zapdos
|-damage|p1a: Zapdos|73/100
|-status|p2a: Ogerpon|par|[from] ability: Static|[of] p1a: Zapdos
|-enditem|p1a: Zapdos|Heavy-Duty Boots|[from] move: Knock Off|[of] p2a: Ogerpon
|
|upkeep
|turn|9
|
|t:|1779934589
|move|p1a: Zapdos|Hurricane|p2a: Ogerpon
|-supereffective|p2a: Ogerpon
|-damage|p2a: Ogerpon|0 fnt
|faint|p2a: Ogerpon
|
|upkeep
|
|t:|1779934604
|switch|p2a: Ceruledge|Ceruledge, F|100/100
|turn|10
|
|t:|1779934606
|move|p1a: Zapdos|Volt Switch|p2a: Ceruledge
|-damage|p2a: Ceruledge|67/100
|
|t:|1779934609
|switch|p1a: Great Tusk|Great Tusk, shiny|100/100|[from] Volt Switch
|move|p2a: Ceruledge|Swords Dance|p2a: Ceruledge
|-boost|p2a: Ceruledge|atk|2
|
|upkeep
|turn|11
|
|t:|1779934616
|-terastallize|p1a: Great Tusk|Water
|move|p1a: Great Tusk|Earthquake|p2a: Ceruledge
|-supereffective|p2a: Ceruledge
|-crit|p2a: Ceruledge
|-damage|p2a: Ceruledge|0 fnt
|faint|p2a: Ceruledge
|
|upkeep
|
|t:|1779934627
|switch|p2a: Corviknight|Corviknight, F|100/100 par
|turn|12
|
|t:|1779934631
|move|p1a: Great Tusk|Stealth Rock|p2a: Corviknight
|-sidestart|p2: waplejoos|move: Stealth Rock
|move|p2a: Corviknight|Bulk Up|p2a: Corviknight
|-boost|p2a: Corviknight|atk|1
|-boost|p2a: Corviknight|def|1
|
|upkeep
|turn|13
|
|t:|1779934637
|-end|p1a: Great Tusk|Protosynthesis|[silent]
|switch|p1a: Zapdos|Zapdos, shiny|73/100
|move|p2a: Corviknight|Bulk Up|p2a: Corviknight
|-boost|p2a: Corviknight|atk|1
|-boost|p2a: Corviknight|def|1
|
|upkeep
|turn|14
|
|t:|1779934649
|move|p1a: Zapdos|Heat Wave|p2a: Corviknight
|-supereffective|p2a: Corviknight
|-damage|p2a: Corviknight|60/100 par
|move|p2a: Corviknight|Bulk Up|p2a: Corviknight
|-boost|p2a: Corviknight|atk|1
|-boost|p2a: Corviknight|def|1
|
|upkeep
|turn|15
|
|t:|1779934654
|move|p1a: Zapdos|Volt Switch|p2a: Corviknight
|-supereffective|p2a: Corviknight
|-damage|p2a: Corviknight|16/100 par
|
|t:|1779934658
|switch|p1a: Darkrai|Darkrai, shiny|100/100|[from] Volt Switch
|move|p2a: Corviknight|Roost|p2a: Corviknight
|-heal|p2a: Corviknight|66/100 par
|-singleturn|p2a: Corviknight|move: Roost
|
|upkeep
|turn|16
|
|t:|1779934664
|switch|p1a: Gholdengo|Gholdengo|100/100
|move|p2a: Corviknight|Body Press|p1a: Gholdengo
|-immune|p1a: Gholdengo
|
|upkeep
|turn|17
|
|t:|1779934673
|move|p1a: Gholdengo|Trick|p2a: Corviknight
|-activate|p1a: Gholdengo|move: Trick|[of] p2a: Corviknight
|-item|p2a: Corviknight|Choice Scarf|[from] move: Trick
|-item|p1a: Gholdengo|Rocky Helmet|[from] move: Trick
|move|p2a: Corviknight|Roost|p2a: Corviknight
|-heal|p2a: Corviknight|100/100 par
|-singleturn|p2a: Corviknight|move: Roost
|
|upkeep
|turn|18
|
|t:|1779934682
|switch|p2a: Iron Treads|Iron Treads|14/100
|-damage|p2a: Iron Treads|11/100|[from] Stealth Rock
|move|p1a: Gholdengo|Shadow Ball|p2a: Iron Treads
|-damage|p2a: Iron Treads|0 fnt
|faint|p2a: Iron Treads
|-end|p2a: Iron Treads|Quark Drive|[silent]
|
|upkeep
|
|t:|1779934689
|switch|p2a: Enamorus|Enamorus, F|100/100
|-damage|p2a: Enamorus|76/100|[from] Stealth Rock
|turn|19
|
|t:|1779934693
|move|p2a: Enamorus|Earth Power|p1a: Gholdengo
|-supereffective|p1a: Gholdengo
|-damage|p1a: Gholdengo|4/100
|-damage|p2a: Enamorus|66/100|[from] item: Life Orb
|move|p1a: Gholdengo|Make It Rain|p2a: Enamorus
|-supereffective|p2a: Enamorus
|-damage|p2a: Enamorus|0 fnt
|-unboost|p1a: Gholdengo|spa|1
|faint|p2a: Enamorus
|
|upkeep
|
|t:|1779934700
|switch|p2a: Corviknight|Corviknight, F|100/100 par
|-damage|p2a: Corviknight|88/100 par|[from] Stealth Rock
|turn|20
|-message|waplejoos forfeited.
|
|win|D'Ranged
|raw|D&apos;Ranged's rating: 1265 &rarr; <strong>1284</strong><br />(+19 for winning)
|raw|waplejoos's rating: 1183 &rarr; <strong>1164</strong><br />(-19 for losing)
|l|☆waplejoos
|player|p2|
