|j|☆angel engine
|j|☆Animal Stylez
|t:|1779869192
|gametype|singles
|player|p1|angel engine|265|1457
|player|p2|Animal Stylez|bugcatcher-gen4dp|1406
|gen|9
|tier|[Gen 9] OU
|rated|
|rule|HP Percentage Mod: HP is shown in percentages
|rule|Endless Battle Clause: Forcing endless battles is banned
|rule|Species Clause: Limit one of each Pokémon
|rule|OHKO Clause: OHKO moves are banned
|rule|Evasion Items Clause: Evasion items are banned
|rule|Evasion Moves Clause: Evasion moves are banned
|rule|Evasion Abilities Clause: Evasion abilities are banned
|rule|Sleep Moves Clause: Sleep-inducing moves are banned
|clearpoke
|poke|p1|Latios, M|
|poke|p1|Lokix, M|
|poke|p1|Pecharunt|
|poke|p1|Cinderace, M|
|poke|p1|Corviknight, M|
|poke|p1|Ting-Lu|
|poke|p2|Crawdaunt, M|
|poke|p2|Great Tusk|
|poke|p2|Zapdos|
|poke|p2|Cinderace, M|
|poke|p2|Dragapult, M|
|poke|p2|Kingambit, F|
|teampreview
|inactive|Battle timer is ON: inactive players will automatically lose when time's up. (requested by Animal Stylez)
|inactive|angel engine also wants the timer to be on.
|inactive|Animal Stylez has 120 seconds left.
|
|t:|1779869226
|teamsize|p1|6
|teamsize|p2|6
|start
|switch|p1a: Lokix|Lokix, M|100/100
|switch|p2a: Zapdos|Zapdos|100/100
|turn|1
|
|t:|1779869238
|switch|p1a: Ting-Lu|Ting-Lu|100/100
|-ability|p1a: Ting-Lu|Vessel of Ruin
|move|p2a: Zapdos|Discharge|p1a: Ting-Lu
|-immune|p1a: Ting-Lu
|
|upkeep
|turn|2
|
|t:|1779869245
|move|p2a: Zapdos|U-turn|p1a: Ting-Lu
|-supereffective|p1a: Ting-Lu
|-damage|p1a: Ting-Lu|87/100
|
|t:|1779869252
|switch|p2a: Crawdaunt|Crawdaunt, M|100/100|[from] U-turn
|move|p1a: Ting-Lu|Sleep Talk||[still]
|-fail|p1a: Ting-Lu
|
|-heal|p1a: Ting-Lu|93/100|[from] item: Leftovers
|upkeep
|turn|3
|c|☆angel engine|i done missclicked bruh
|
|t:|1779869269
|switch|p1a: Corviknight|Corviknight, M|100/100
|-ability|p1a: Corviknight|Pressure
|move|p2a: Crawdaunt|Crabhammer|p1a: Corviknight
|-damage|p1a: Corviknight|40/100
|-damage|p2a: Crawdaunt|84/100|[from] item: Rocky Helmet|[of] p1a: Corviknight
|
|upkeep
|turn|4
|
|t:|1779869282
|switch|p1a: Pecharunt|Pecharunt|100/100
|move|p2a: Crawdaunt|Crabhammer|p1a: Pecharunt
|-damage|p1a: Pecharunt|50/100
|-damage|p2a: Crawdaunt|68/100|[from] item: Rocky Helmet|[of] p1a: Pecharunt
|
|upkeep
|turn|5
|
|t:|1779869297
|move|p1a: Pecharunt|Toxic|p2a: Crawdaunt
|-status|p2a: Crawdaunt|tox
|-start|p2a: Crawdaunt|confusion|[from] ability: Poison Puppeteer|[of] p1a: Pecharunt
|-activate|p2a: Crawdaunt|confusion
|move|p2a: Crawdaunt|Crabhammer|p1a: Pecharunt
|-damage|p1a: Pecharunt|0 fnt
|-damage|p2a: Crawdaunt|51/100 tox|[from] item: Rocky Helmet|[of] p1a: Pecharunt
|faint|p1a: Pecharunt
|
|-damage|p2a: Crawdaunt|45/100 tox|[from] psn
|upkeep
|
|t:|1779869303
|switch|p1a: Corviknight|Corviknight, M|40/100
|-ability|p1a: Corviknight|Pressure
|turn|6
|
|t:|1779869309
|-activate|p2a: Crawdaunt|confusion
|-damage|p2a: Crawdaunt|23/100 tox|[from] confusion
|move|p1a: Corviknight|Roost|p1a: Corviknight
|-heal|p1a: Corviknight|90/100
|-singleturn|p1a: Corviknight|move: Roost
|
|-damage|p2a: Crawdaunt|11/100 tox|[from] psn
|upkeep
|turn|7
|
|t:|1779869321
|-activate|p2a: Crawdaunt|confusion
|move|p2a: Crawdaunt|Crabhammer|p1a: Corviknight
|-damage|p1a: Corviknight|25/100
|-damage|p2a: Crawdaunt|0 fnt|[from] item: Rocky Helmet|[of] p1a: Corviknight
|faint|p2a: Crawdaunt
|move|p1a: Corviknight|Roost|p1a: Corviknight
|-heal|p1a: Corviknight|75/100
|-singleturn|p1a: Corviknight|move: Roost
|
|upkeep
|
|t:|1779869341
|switch|p2a: Zapdos|Zapdos|100/100
|turn|8
|
|t:|1779869348
|switch|p1a: Ting-Lu|Ting-Lu|93/100
|-ability|p1a: Ting-Lu|Vessel of Ruin
|move|p2a: Zapdos|U-turn|p1a: Ting-Lu
|-supereffective|p1a: Ting-Lu
|-damage|p1a: Ting-Lu|79/100
|
|t:|1779869350
|switch|p2a: Great Tusk|Great Tusk|100/100|[from] U-turn
|
|-heal|p1a: Ting-Lu|85/100|[from] item: Leftovers
|upkeep
|turn|9
|
|t:|1779869369
|move|p2a: Great Tusk|Megahorn|p1a: Ting-Lu
|-supereffective|p1a: Ting-Lu
|-damage|p1a: Ting-Lu|37/100
|move|p1a: Ting-Lu|Ruination|p2a: Great Tusk
|-damage|p2a: Great Tusk|51/100
|
|-heal|p1a: Ting-Lu|44/100|[from] item: Leftovers
|upkeep
|turn|10
|
|t:|1779869379
|switch|p1a: Corviknight|Corviknight, M|75/100
|-ability|p1a: Corviknight|Pressure
|move|p2a: Great Tusk|Megahorn|p1a: Corviknight|[miss]
|-miss|p2a: Great Tusk|p1a: Corviknight
|
|upkeep
|turn|11
|
|t:|1779869384
|-end|p2a: Great Tusk|Protosynthesis|[silent]
|switch|p2a: Zapdos|Zapdos|100/100
|move|p1a: Corviknight|U-turn|p2a: Zapdos
|-resisted|p2a: Zapdos
|-damage|p2a: Zapdos|96/100
|
|t:|1779869392
|switch|p1a: Ting-Lu|Ting-Lu|44/100|[from] U-turn
|-ability|p1a: Ting-Lu|Vessel of Ruin
|
|-heal|p1a: Ting-Lu|50/100|[from] item: Leftovers
|upkeep
|turn|12
|
|t:|1779869404
|move|p2a: Zapdos|Hurricane|p1a: Ting-Lu
|-damage|p1a: Ting-Lu|31/100
|-start|p1a: Ting-Lu|confusion
|-activate|p1a: Ting-Lu|confusion
|move|p1a: Ting-Lu|Ruination|p2a: Zapdos
|-damage|p2a: Zapdos|48/100
|
|-heal|p1a: Ting-Lu|37/100|[from] item: Leftovers
|upkeep
|turn|13
|
|t:|1779869414
|switch|p1a: Corviknight|Corviknight, M|75/100
|-ability|p1a: Corviknight|Pressure
|move|p2a: Zapdos|U-turn|p1a: Corviknight
|-resisted|p1a: Corviknight
|-damage|p1a: Corviknight|73/100
|-damage|p2a: Zapdos|32/100|[from] item: Rocky Helmet|[of] p1a: Corviknight
|
|t:|1779869417
|switch|p2a: Cinderace|Cinderace, M|100/100|[from] U-turn
|
|upkeep
|turn|14
|
|t:|1779869424
|move|p2a: Cinderace|Pyro Ball|p1a: Corviknight
|-supereffective|p1a: Corviknight
|-damage|p1a: Corviknight|19/100
|move|p1a: Corviknight|Brave Bird|p2a: Cinderace
|-damage|p2a: Cinderace|55/100
|-damage|p1a: Corviknight|5/100|[from] Recoil
|
|upkeep
|turn|15
|
|t:|1779869433
|switch|p1a: Cinderace|Cinderace, M|100/100
|move|p2a: Cinderace|Pyro Ball|p1a: Cinderace|[miss]
|-miss|p2a: Cinderace|p1a: Cinderace
|
|upkeep
|turn|16
|
|t:|1779869440
|switch|p2a: Great Tusk|Great Tusk|51/100
|move|p1a: Cinderace|Pyro Ball|p2a: Great Tusk
|-damage|p2a: Great Tusk|16/100
|
|upkeep
|turn|17
|
|t:|1779869449
|move|p2a: Great Tusk|Headlong Rush|p1a: Cinderace
|-supereffective|p1a: Cinderace
|-damage|p1a: Cinderace|0 fnt
|-unboost|p2a: Great Tusk|def|1
|-unboost|p2a: Great Tusk|spd|1
|faint|p1a: Cinderace
|
|upkeep
|
|t:|1779869478
|switch|p1a: Latios|Latios, M|100/100
|turn|18
|
|t:|1779869483
|-end|p2a: Great Tusk|Protosynthesis|[silent]
|switch|p2a: Kingambit|Kingambit, F|100/100
|-activate|p2a: Kingambit|ability: Supreme Overlord
|-start|p2a: Kingambit|fallen1|[silent]
|move|p1a: Latios|Calm Mind|p1a: Latios
|-boost|p1a: Latios|spa|1
|-boost|p1a: Latios|spd|1
|
|upkeep
|turn|19
|
|t:|1779869510
|switch|p1a: Corviknight|Corviknight, M|5/100
|-ability|p1a: Corviknight|Pressure
|move|p2a: Kingambit|Sucker Punch||[still]
|-fail|p2a: Kingambit
|
|upkeep
|turn|20
|
|t:|1779869534
|-end|p2a: Kingambit|fallen1|[silent]
|switch|p2a: Zapdos|Zapdos|32/100
|move|p1a: Corviknight|Roost|p1a: Corviknight
|-heal|p1a: Corviknight|55/100
|-singleturn|p1a: Corviknight|move: Roost
|
|upkeep
|turn|21
|
|t:|1779869538
|switch|p1a: Ting-Lu|Ting-Lu|37/100
|-ability|p1a: Ting-Lu|Vessel of Ruin
|move|p2a: Zapdos|Roost|p2a: Zapdos
|-heal|p2a: Zapdos|82/100
|-singleturn|p2a: Zapdos|move: Roost
|
|-heal|p1a: Ting-Lu|43/100|[from] item: Leftovers
|upkeep
|turn|22
|
|t:|1779869558
|move|p2a: Zapdos|Hurricane|p1a: Ting-Lu
|-crit|p1a: Ting-Lu
|-damage|p1a: Ting-Lu|14/100
|move|p1a: Ting-Lu|Ruination|p2a: Zapdos
|-damage|p2a: Zapdos|41/100
|
|-heal|p1a: Ting-Lu|20/100|[from] item: Leftovers
|upkeep
|turn|23
|
|t:|1779869577
|move|p2a: Zapdos|U-turn|p1a: Ting-Lu
|-supereffective|p1a: Ting-Lu
|-damage|p1a: Ting-Lu|5/100
|
|t:|1779869580
|switch|p2a: Great Tusk|Great Tusk|16/100|[from] U-turn
|move|p1a: Ting-Lu|Rest|p1a: Ting-Lu
|-status|p1a: Ting-Lu|slp|[from] move: Rest
|-heal|p1a: Ting-Lu|100/100 slp|[silent]
|
|upkeep
|turn|24
|
|t:|1779869591
|switch|p1a: Corviknight|Corviknight, M|55/100
|-ability|p1a: Corviknight|Pressure
|move|p2a: Great Tusk|Close Combat|p1a: Corviknight
|-damage|p1a: Corviknight|18/100
|-unboost|p2a: Great Tusk|def|1
|-unboost|p2a: Great Tusk|spd|1
|-damage|p2a: Great Tusk|0 fnt|[from] item: Rocky Helmet|[of] p1a: Corviknight
|faint|p2a: Great Tusk
|-end|p2a: Great Tusk|Protosynthesis|[silent]
|
|upkeep
|
|t:|1779869608
|switch|p2a: Cinderace|Cinderace, M|55/100
|turn|25
|
|t:|1779869615
|switch|p1a: Ting-Lu|Ting-Lu|100/100 slp
|-ability|p1a: Ting-Lu|Vessel of Ruin
|move|p2a: Cinderace|Pyro Ball|p1a: Ting-Lu
|-damage|p1a: Ting-Lu|77/100 slp
|
|-heal|p1a: Ting-Lu|83/100 slp|[from] item: Leftovers
|upkeep
|turn|26
|
|t:|1779869631
|move|p2a: Cinderace|U-turn|p1a: Ting-Lu
|-supereffective|p1a: Ting-Lu
|-damage|p1a: Ting-Lu|63/100 slp
|
|t:|1779869633
|switch|p2a: Zapdos|Zapdos|41/100|[from] U-turn
|cant|p1a: Ting-Lu|slp
|move|p1a: Ting-Lu|Sleep Talk|p1a: Ting-Lu
|move|p1a: Ting-Lu|Earthquake|p2a: Zapdos|[from] move: Sleep Talk
|-immune|p2a: Zapdos
|
|-heal|p1a: Ting-Lu|69/100 slp|[from] item: Leftovers
|upkeep
|turn|27
|
|t:|1779869639
|move|p2a: Zapdos|Roost|p2a: Zapdos
|-heal|p2a: Zapdos|91/100
|-singleturn|p2a: Zapdos|move: Roost
|cant|p1a: Ting-Lu|slp
|move|p1a: Ting-Lu|Sleep Talk|p1a: Ting-Lu
|move|p1a: Ting-Lu|Ruination|p2a: Zapdos|[from] move: Sleep Talk
|-damage|p2a: Zapdos|46/100
|
|-heal|p1a: Ting-Lu|75/100 slp|[from] item: Leftovers
|upkeep
|turn|28
|
|t:|1779869653
|move|p2a: Zapdos|Hurricane|p1a: Ting-Lu
|-damage|p1a: Ting-Lu|57/100 slp
|-curestatus|p1a: Ting-Lu|slp|[msg]
|move|p1a: Ting-Lu|Ruination|p2a: Zapdos|[miss]
|-miss|p1a: Ting-Lu|p2a: Zapdos
|
|-heal|p1a: Ting-Lu|63/100|[from] item: Leftovers
|upkeep
|turn|29
|
|t:|1779869663
|move|p2a: Zapdos|Hurricane|p1a: Ting-Lu
|-damage|p1a: Ting-Lu|44/100
|-start|p1a: Ting-Lu|confusion
|-activate|p1a: Ting-Lu|confusion
|move|p1a: Ting-Lu|Ruination|p2a: Zapdos
|-damage|p2a: Zapdos|23/100
|
|-heal|p1a: Ting-Lu|51/100|[from] item: Leftovers
|upkeep
|turn|30
|
|t:|1779869671
|move|p2a: Zapdos|Hurricane|p1a: Ting-Lu
|-damage|p1a: Ting-Lu|30/100
|-end|p1a: Ting-Lu|confusion
|move|p1a: Ting-Lu|Rest|p1a: Ting-Lu
|-status|p1a: Ting-Lu|slp|[from] move: Rest
|-heal|p1a: Ting-Lu|100/100 slp|[silent]
|
|upkeep
|turn|31
|
|t:|1779869693
|move|p2a: Zapdos|Hurricane|p1a: Ting-Lu
|-damage|p1a: Ting-Lu|81/100 slp
|cant|p1a: Ting-Lu|slp
|move|p1a: Ting-Lu|Sleep Talk|p1a: Ting-Lu
|move|p1a: Ting-Lu|Rest||[from] move: Sleep Talk|[still]
|-fail|p1a: Ting-Lu
|
|-heal|p1a: Ting-Lu|87/100 slp|[from] item: Leftovers
|upkeep
|turn|32
|inactive|Animal Stylez has 120 seconds left.
|
|t:|1779869737
|move|p2a: Zapdos|Hurricane|p1a: Ting-Lu
|-damage|p1a: Ting-Lu|70/100 slp
|-start|p1a: Ting-Lu|confusion
|cant|p1a: Ting-Lu|slp
|-activate|p1a: Ting-Lu|confusion
|move|p1a: Ting-Lu|Sleep Talk|p1a: Ting-Lu
|move|p1a: Ting-Lu|Rest||[from] move: Sleep Talk|[still]
|-fail|p1a: Ting-Lu
|
|-heal|p1a: Ting-Lu|76/100 slp|[from] item: Leftovers
|upkeep
|turn|33
|
|t:|1779869753
|switch|p1a: Latios|Latios, M|100/100
|move|p2a: Zapdos|Hurricane|p1a: Latios
|-damage|p1a: Latios|55/100
|
|upkeep
|turn|34
|
|t:|1779869777
|switch|p2a: Dragapult|Dragapult, M|100/100
|move|p1a: Latios|Recover|p1a: Latios
|-heal|p1a: Latios|100/100
|
|upkeep
|turn|35
|inactive|Animal Stylez has 90 seconds left.
|
|t:|1779869801
|-terastallize|p2a: Dragapult|Ghost
|-terastallize|p1a: Latios|Steel
|move|p2a: Dragapult|Shadow Ball|p1a: Latios
|-damage|p1a: Latios|24/100
|move|p1a: Latios|Draco Meteor|p2a: Dragapult
|-damage|p2a: Dragapult|13/100
|-unboost|p1a: Latios|spa|2
|
|upkeep
|turn|36
|
|t:|1779869811
|switch|p1a: Ting-Lu|Ting-Lu|76/100 slp
|-ability|p1a: Ting-Lu|Vessel of Ruin
|move|p2a: Dragapult|Shadow Ball|p1a: Ting-Lu
|-resisted|p1a: Ting-Lu
|-damage|p1a: Ting-Lu|61/100 slp
|
|-heal|p1a: Ting-Lu|67/100 slp|[from] item: Leftovers
|upkeep
|turn|37
|
|t:|1779869817
|switch|p2a: Zapdos|Zapdos|23/100
|-curestatus|p1a: Ting-Lu|slp|[msg]
|move|p1a: Ting-Lu|Sleep Talk||[still]
|-fail|p1a: Ting-Lu
|
|-heal|p1a: Ting-Lu|73/100|[from] item: Leftovers
|upkeep
|turn|38
|
|t:|1779869822
|switch|p1a: Latios|Latios, M, tera:Steel|24/100
|move|p2a: Zapdos|Hurricane|p1a: Latios|[miss]
|-miss|p2a: Zapdos|p1a: Latios
|
|upkeep
|turn|39
|
|t:|1779869830
|switch|p2a: Kingambit|Kingambit, F|100/100
|-activate|p2a: Kingambit|ability: Supreme Overlord
|-start|p2a: Kingambit|fallen2|[silent]
|move|p1a: Latios|Psychic Noise|p2a: Kingambit
|-immune|p2a: Kingambit
|
|upkeep
|turn|40
|inactive|Animal Stylez has 120 seconds left.
|
|t:|1779869851
|switch|p1a: Corviknight|Corviknight, M|18/100
|-ability|p1a: Corviknight|Pressure
|move|p2a: Kingambit|Kowtow Cleave|p1a: Corviknight
|-damage|p1a: Corviknight|0 fnt
|-damage|p2a: Kingambit|84/100|[from] item: Rocky Helmet|[of] p1a: Corviknight
|faint|p1a: Corviknight
|
|upkeep
|
|t:|1779869858
|switch|p1a: Lokix|Lokix, M|100/100
|turn|41
|inactive|Animal Stylez has 90 seconds left.
|
|t:|1779869908
|-end|p2a: Kingambit|fallen2|[silent]
|switch|p2a: Dragapult|Dragapult, M, tera:Ghost|13/100
|move|p1a: Lokix|Leech Life|p2a: Dragapult
|-resisted|p2a: Dragapult
|-damage|p2a: Dragapult|0 fnt
|faint|p2a: Dragapult
|
|upkeep
|
|t:|1779869912
|switch|p2a: Cinderace|Cinderace, M|55/100
|turn|42
|
|t:|1779869923
|switch|p1a: Latios|Latios, M, tera:Steel|24/100
|move|p2a: Cinderace|Pyro Ball|p1a: Latios
|-supereffective|p1a: Latios
|-damage|p1a: Latios|0 fnt
|faint|p1a: Latios
|
|upkeep
|
|t:|1779869926
|switch|p1a: Lokix|Lokix, M|100/100
|turn|43
|inactive|Animal Stylez has 90 seconds left.
|
|t:|1779869944
|switch|p2a: Kingambit|Kingambit, F|84/100
|-activate|p2a: Kingambit|ability: Supreme Overlord
|-start|p2a: Kingambit|fallen3|[silent]
|move|p1a: Lokix|First Impression|p2a: Kingambit
|-damage|p2a: Kingambit|36/100
|
|upkeep
|turn|44
|inactive|Animal Stylez has 90 seconds left.
|
|t:|1779869965
|switch|p1a: Ting-Lu|Ting-Lu|73/100
|-ability|p1a: Ting-Lu|Vessel of Ruin
|move|p2a: Kingambit|Iron Head|p1a: Ting-Lu
|-crit|p1a: Ting-Lu
|-damage|p1a: Ting-Lu|27/100
|
|-heal|p1a: Ting-Lu|33/100|[from] item: Leftovers
|upkeep
|turn|45
|
|t:|1779869989
|move|p2a: Kingambit|Iron Head|p1a: Ting-Lu
|-damage|p1a: Ting-Lu|0 fnt
|faint|p1a: Ting-Lu
|
|upkeep
|
|t:|1779869992
|switch|p1a: Lokix|Lokix, M|100/100
|turn|46
|
|t:|1779870002
|move|p1a: Lokix|Leech Life|p2a: Kingambit
|-damage|p2a: Kingambit|0 fnt
|faint|p2a: Kingambit
|-end|p2a: Kingambit|fallen3|[silent]
|
|upkeep
|
|t:|1779870017
|switch|p2a: Zapdos|Zapdos|23/100
|turn|47
|
|t:|1779870025
|move|p1a: Lokix|Leech Life|p2a: Zapdos
|-resisted|p2a: Zapdos
|-damage|p2a: Zapdos|0 fnt
|faint|p2a: Zapdos
|
|upkeep
|
|t:|1779870028
|switch|p2a: Cinderace|Cinderace, M|55/100
|turn|48
|
|t:|1779870033
|move|p2a: Cinderace|Pyro Ball|p1a: Lokix|[miss]
|-miss|p2a: Cinderace|p1a: Lokix
|move|p1a: Lokix|Leech Life|p2a: Cinderace
|-resisted|p2a: Cinderace
|-damage|p2a: Cinderace|0 fnt
|faint|p2a: Cinderace
|
|win|angel engine
|raw|angel engine's rating: 1457 &rarr; <strong>1474</strong><br />(+17 for winning)
|raw|Animal Stylez's rating: 1406 &rarr; <strong>1389</strong><br />(-17 for losing)
|l|☆angel engine
|player|p1|
