|j|☆waterdrinker48
|j|☆waplejoos
|t:|1779817743
|gametype|singles
|player|p1|waterdrinker48|miku-ghost|1366
|player|p2|waplejoos|170|1331
|gen|9
|tier|[Gen 9] OU
|rated|
|rule|HP Percentage Mod: HP is shown in percentages
|rule|Endless Battle Clause: Forcing endless battles is banned
|rule|Species Clause: Limit one of each Pokémon
|rule|OHKO Clause: OHKO moves are banned
|rule|Evasion Items Clause: Evasion items are banned
|rule|Evasion Moves Clause: Evasion moves are banned
|rule|Evasion Abilities Clause: Evasion abilities are banned
|rule|Sleep Moves Clause: Sleep-inducing moves are banned
|clearpoke
|poke|p1|Dodrio, M|
|poke|p1|Great Tusk|
|poke|p1|Primarina, F|
|poke|p1|Hydrapple, F|
|poke|p1|Heatran, F|
|poke|p1|Gliscor, M|
|poke|p2|Landorus-Therian, M|
|poke|p2|Mandibuzz, F|
|poke|p2|Kingambit, M|
|poke|p2|Raging Bolt|
|poke|p2|Primarina, F|
|poke|p2|Mienshao, M|
|teampreview
|inactive|Battle timer is ON: inactive players will automatically lose when time's up. (requested by waterdrinker48)
|
|t:|1779817747
|teamsize|p1|6
|teamsize|p2|6
|start
|switch|p1a: Gliscor|Gliscor, M|100/100
|switch|p2a: Mienshao|Mienshao, M|100/100
|turn|1
|
|t:|1779817753
|move|p1a: Gliscor|Protect|p1a: Gliscor
|-singleturn|p1a: Gliscor|Protect
|move|p2a: Mienshao|Fake Out|p1a: Gliscor
|-activate|p1a: Gliscor|move: Protect
|
|-status|p1a: Gliscor|tox|[from] item: Toxic Orb
|upkeep
|turn|2
|
|t:|1779817768
|move|p2a: Mienshao|Low Sweep|p1a: Gliscor
|-resisted|p1a: Gliscor
|-damage|p1a: Gliscor|89/100 tox
|-unboost|p1a: Gliscor|spe|1
|move|p1a: Gliscor|Toxic Spikes|p2a: Mienshao
|-sidestart|p2: waplejoos|move: Toxic Spikes
|
|-heal|p1a: Gliscor|100/100 tox|[from] ability: Poison Heal
|upkeep
|turn|3
|
|t:|1779817779
|switch|p2a: Landorus|Landorus-Therian, M|100/100
|-ability|p2a: Landorus|Intimidate|boost
|-unboost|p1a: Gliscor|atk|1
|move|p1a: Gliscor|Knock Off|p2a: Landorus
|-damage|p2a: Landorus|85/100
|-enditem|p2a: Landorus|Leftovers|[from] move: Knock Off|[of] p1a: Gliscor
|
|upkeep
|turn|4
|
|t:|1779817788
|move|p2a: Landorus|Stealth Rock|p1a: Gliscor
|-sidestart|p1: waterdrinker48|move: Stealth Rock
|move|p1a: Gliscor|U-turn|p2a: Landorus
|-resisted|p2a: Landorus
|-damage|p2a: Landorus|80/100
|
|t:|1779817790
|switch|p1a: Great Tusk|Great Tusk|100/100|[from] U-turn
|
|upkeep
|turn|5
|
|t:|1779817801
|switch|p2a: Mandibuzz|Mandibuzz, F|100/100
|move|p1a: Great Tusk|Rapid Spin|p2a: Mandibuzz
|-damage|p2a: Mandibuzz|87/100
|-boost|p1a: Great Tusk|spe|1
|-damage|p1a: Great Tusk|84/100|[from] item: Rocky Helmet|[of] p2a: Mandibuzz
|-ability|p2a: Mandibuzz|Weak Armor|boost
|-unboost|p2a: Mandibuzz|def|1
|-boost|p2a: Mandibuzz|spe|2
|-sideend|p1: waterdrinker48|Stealth Rock|[from] move: Rapid Spin|[of] p1a: Great Tusk
|
|upkeep
|turn|6
|
|t:|1779817817
|move|p2a: Mandibuzz|Toxic|p1a: Great Tusk
|-status|p1a: Great Tusk|tox
|move|p1a: Great Tusk|Ice Spinner|p2a: Mandibuzz
|-supereffective|p2a: Mandibuzz
|-damage|p2a: Mandibuzz|25/100
|-damage|p1a: Great Tusk|68/100 tox|[from] item: Rocky Helmet|[of] p2a: Mandibuzz
|-ability|p2a: Mandibuzz|Weak Armor|boost
|-unboost|p2a: Mandibuzz|def|1
|-boost|p2a: Mandibuzz|spe|2
|
|-damage|p1a: Great Tusk|61/100 tox|[from] psn
|upkeep
|turn|7
|
|t:|1779817823
|move|p2a: Mandibuzz|Roost|p2a: Mandibuzz
|-heal|p2a: Mandibuzz|75/100
|-singleturn|p2a: Mandibuzz|move: Roost
|move|p1a: Great Tusk|Ice Spinner|p2a: Mandibuzz
|-damage|p2a: Mandibuzz|33/100
|-damage|p1a: Great Tusk|45/100 tox|[from] item: Rocky Helmet|[of] p2a: Mandibuzz
|-ability|p2a: Mandibuzz|Weak Armor|boost
|-unboost|p2a: Mandibuzz|def|1
|-boost|p2a: Mandibuzz|spe|2
|
|-damage|p1a: Great Tusk|33/100 tox|[from] psn
|upkeep
|turn|8
|
|t:|1779817829
|move|p2a: Mandibuzz|Roost|p2a: Mandibuzz
|-heal|p2a: Mandibuzz|83/100
|-singleturn|p2a: Mandibuzz|move: Roost
|move|p1a: Great Tusk|Ice Spinner|p2a: Mandibuzz
|-damage|p2a: Mandibuzz|26/100
|-damage|p1a: Great Tusk|16/100 tox|[from] item: Rocky Helmet|[of] p2a: Mandibuzz
|-ability|p2a: Mandibuzz|Weak Armor|boost
|-unboost|p2a: Mandibuzz|def|1
|
|-damage|p1a: Great Tusk|0 fnt|[from] psn
|faint|p1a: Great Tusk
|-end|p1a: Great Tusk|Protosynthesis|[silent]
|upkeep
|
|t:|1779817833
|switch|p1a: Dodrio|Dodrio, M|100/100
|turn|9
|
|t:|1779817842
|move|p2a: Mandibuzz|Foul Play|p1a: Dodrio
|-damage|p1a: Dodrio|25/100
|move|p1a: Dodrio|Thrash|p2a: Mandibuzz
|-damage|p2a: Mandibuzz|0 fnt
|-damage|p1a: Dodrio|9/100|[from] item: Rocky Helmet|[of] p2a: Mandibuzz
|faint|p2a: Mandibuzz
|
|upkeep
|
|t:|1779817853
|switch|p2a: Landorus|Landorus-Therian, M|80/100
|-ability|p2a: Landorus|Intimidate|boost
|-unboost|p1a: Dodrio|atk|1
|turn|10
|
|t:|1779817858
|move|p1a: Dodrio|Thrash|p2a: Landorus|[from] lockedmove
|-damage|p2a: Landorus|46/100
|-start|p1a: Dodrio|confusion|[fatigue]
|move|p2a: Landorus|Stealth Rock|p1a: Dodrio
|-sidestart|p1: waterdrinker48|move: Stealth Rock
|
|upkeep
|turn|11
|
|t:|1779817867
|-activate|p1a: Dodrio|confusion
|move|p1a: Dodrio|Swords Dance|p1a: Dodrio
|-boost|p1a: Dodrio|atk|2
|move|p2a: Landorus|Rock Tomb|p1a: Dodrio|[miss]
|-miss|p2a: Landorus|p1a: Dodrio
|
|upkeep
|turn|12
|
|t:|1779817876
|-activate|p1a: Dodrio|confusion
|move|p1a: Dodrio|Thrash|p2a: Landorus
|-crit|p2a: Landorus
|-damage|p2a: Landorus|0 fnt
|faint|p2a: Landorus
|
|upkeep
|
|t:|1779817882
|switch|p2a: Kingambit|Kingambit, M, shiny|100/100
|-activate|p2a: Kingambit|ability: Supreme Overlord
|-start|p2a: Kingambit|fallen2|[silent]
|turn|13
|
|t:|1779817884
|move|p2a: Kingambit|Sucker Punch|p1a: Dodrio|[miss]
|-miss|p2a: Kingambit|p1a: Dodrio
|-end|p1a: Dodrio|confusion
|move|p1a: Dodrio|Thrash|p2a: Kingambit|[from] lockedmove
|-resisted|p2a: Kingambit
|-damage|p2a: Kingambit|71/100
|
|upkeep
|turn|14
|
|t:|1779817892
|move|p1a: Dodrio|Thrash|p2a: Kingambit|[from] lockedmove
|-resisted|p2a: Kingambit
|-damage|p2a: Kingambit|41/100
|-start|p1a: Dodrio|confusion|[fatigue]
|move|p2a: Kingambit|Swords Dance|p2a: Kingambit
|-boost|p2a: Kingambit|atk|2
|
|upkeep
|turn|15
|
|t:|1779817897
|-activate|p1a: Dodrio|confusion
|-damage|p1a: Dodrio|0 fnt|[from] confusion
|faint|p1a: Dodrio
|move|p2a: Kingambit|Swords Dance|p2a: Kingambit
|-boost|p2a: Kingambit|atk|2
|
|upkeep
|
|t:|1779817900
|switch|p1a: Gliscor|Gliscor, M|100/100 tox
|-damage|p1a: Gliscor|88/100 tox|[from] Stealth Rock
|turn|16
|
|t:|1779817909
|move|p1a: Gliscor|Knock Off|p2a: Kingambit
|-resisted|p2a: Kingambit
|-damage|p2a: Kingambit|34/100
|-enditem|p2a: Kingambit|Black Glasses|[from] move: Knock Off|[of] p1a: Gliscor
|move|p2a: Kingambit|Swords Dance|p2a: Kingambit
|-boost|p2a: Kingambit|atk|2
|
|-heal|p1a: Gliscor|100/100 tox|[from] ability: Poison Heal
|upkeep
|turn|17
|
|t:|1779817917
|move|p2a: Kingambit|Sucker Punch||[still]
|-fail|p2a: Kingambit
|move|p1a: Gliscor|Toxic Spikes|p2a: Kingambit
|-sidestart|p2: waplejoos|move: Toxic Spikes
|
|upkeep
|turn|18
|
|t:|1779817922
|move|p1a: Gliscor|Protect|p1a: Gliscor
|-singleturn|p1a: Gliscor|Protect
|move|p2a: Kingambit|Sucker Punch||[still]
|-fail|p2a: Kingambit
|
|upkeep
|turn|19
|
|t:|1779817926
|move|p2a: Kingambit|Sucker Punch|p1a: Gliscor
|-damage|p1a: Gliscor|0 fnt
|faint|p1a: Gliscor
|
|upkeep
|
|t:|1779817928
|switch|p1a: Hydrapple|Hydrapple, F|100/100
|turn|20
|
|t:|1779817931
|move|p2a: Kingambit|Sucker Punch|p1a: Hydrapple
|-damage|p1a: Hydrapple|0 fnt
|faint|p1a: Hydrapple
|
|upkeep
|
|t:|1779817933
|switch|p1a: Primarina|Primarina, F|100/100
|-damage|p1a: Primarina|88/100|[from] Stealth Rock
|turn|21
|
|t:|1779817937
|move|p2a: Kingambit|Iron Head|p1a: Primarina
|-damage|p1a: Primarina|0 fnt
|faint|p1a: Primarina
|
|upkeep
|
|t:|1779817939
|switch|p1a: Heatran|Heatran, F|100/100
|-damage|p1a: Heatran|88/100|[from] Stealth Rock
|turn|22
|
|t:|1779817943
|move|p2a: Kingambit|Sucker Punch|p1a: Heatran
|-damage|p1a: Heatran|0 fnt
|faint|p1a: Heatran
|
|win|waplejoos
|raw|waterdrinker48's rating: 1366 &rarr; <strong>1344</strong><br />(-22 for losing)
|raw|waplejoos's rating: 1331 &rarr; <strong>1353</strong><br />(+22 for winning)
|l|☆waplejoos
|player|p2|
|l|☆waterdrinker48
|player|p1|
