|j|☆ashyman2000
|j|☆Suckmaballs6969
|t:|1779948759
|gametype|singles
|player|p1|ashyman2000|hoopster|1057
|player|p2|Suckmaballs6969|170|1120
|gen|9
|tier|[Gen 9] OU
|rated|
|rule|HP Percentage Mod: HP is shown in percentages
|rule|Endless Battle Clause: Forcing endless battles is banned
|rule|Species Clause: Limit one of each Pokémon
|rule|OHKO Clause: OHKO moves are banned
|rule|Evasion Items Clause: Evasion items are banned
|rule|Evasion Moves Clause: Evasion moves are banned
|rule|Evasion Abilities Clause: Evasion abilities are banned
|rule|Sleep Moves Clause: Sleep-inducing moves are banned
|clearpoke
|poke|p1|Munkidori, M|
|poke|p1|Mew|
|poke|p1|Latias, F|
|poke|p1|Gardevoir, F|
|poke|p1|Indeedee, M|
|poke|p1|Delphox, F|
|poke|p2|Iron Moth|
|poke|p2|Gliscor, M|
|poke|p2|Hatterene, F|
|poke|p2|Ogerpon-Wellspring, F|
|poke|p2|Raging Bolt|
|poke|p2|Zamazenta-*|
|teampreview
|
|t:|1779948767
|teamsize|p1|6
|teamsize|p2|6
|start
|switch|p1a: Munkidori|Munkidori, M|100/100
|switch|p2a: Iron Moth|Iron Moth|100/100
|-enditem|p2a: Iron Moth|Booster Energy
|-activate|p2a: Iron Moth|ability: Quark Drive|[fromitem]
|-start|p2a: Iron Moth|quarkdrivespe
|turn|1
|
|t:|1779948775
|move|p2a: Iron Moth|Toxic Spikes|p1a: Munkidori
|-sidestart|p1: ashyman2000|move: Toxic Spikes
|move|p1a: Munkidori|Psychic Noise|p2a: Iron Moth
|-supereffective|p2a: Iron Moth
|-damage|p2a: Iron Moth|29/100
|-start|p2a: Iron Moth|move: Heal Block
|
|upkeep
|turn|2
|
|t:|1779948783
|move|p2a: Iron Moth|Toxic Spikes|p1a: Munkidori
|-sidestart|p1: ashyman2000|move: Toxic Spikes
|move|p1a: Munkidori|Psychic Noise|p2a: Iron Moth
|-supereffective|p2a: Iron Moth
|-damage|p2a: Iron Moth|0 fnt
|faint|p2a: Iron Moth
|-end|p2a: Iron Moth|Quark Drive|[silent]
|
|upkeep
|
|t:|1779948790
|switch|p2a: Gliscor|Gliscor, M|100/100
|turn|3
|inactive|Battle timer is ON: inactive players will automatically lose when time's up. (requested by Suckmaballs6969)
|
|t:|1779948802
|switch|p1a: Latias|Latias, F|100/100
|move|p2a: Gliscor|Swords Dance|p2a: Gliscor
|-boost|p2a: Gliscor|atk|2
|
|-status|p2a: Gliscor|tox|[from] item: Toxic Orb
|upkeep
|turn|4
|
|t:|1779948808
|move|p1a: Latias|Reflect|p1a: Latias
|-sidestart|p1: ashyman2000|Reflect
|move|p2a: Gliscor|Facade|p1a: Latias
|-damage|p1a: Latias|72/100
|-damage|p2a: Gliscor|84/100 tox|[from] item: Rocky Helmet|[of] p1a: Latias
|
|-heal|p2a: Gliscor|96/100 tox|[from] ability: Poison Heal
|upkeep
|turn|5
|
|t:|1779948815
|move|p1a: Latias|Future Sight|p2a: Gliscor
|-start|p1a: Latias|move: Future Sight
|move|p2a: Gliscor|Swords Dance|p2a: Gliscor
|-boost|p2a: Gliscor|atk|2
|
|-heal|p2a: Gliscor|100/100 tox|[from] ability: Poison Heal
|upkeep
|turn|6
|
|t:|1779948819
|move|p1a: Latias|Alluring Voice|p2a: Gliscor
|-damage|p2a: Gliscor|75/100 tox
|move|p2a: Gliscor|Agility|p2a: Gliscor
|-boost|p2a: Gliscor|spe|2
|
|-heal|p2a: Gliscor|88/100 tox|[from] ability: Poison Heal
|upkeep
|turn|7
|
|t:|1779948826
|move|p2a: Gliscor|Facade|p1a: Latias
|-damage|p1a: Latias|27/100
|-damage|p2a: Gliscor|71/100 tox|[from] item: Rocky Helmet|[of] p1a: Latias
|move|p1a: Latias|Alluring Voice|p2a: Gliscor
|-damage|p2a: Gliscor|46/100 tox
|
|-end|p2a: Gliscor|move: Future Sight
|-damage|p2a: Gliscor|0 fnt
|faint|p2a: Gliscor
|upkeep
|
|t:|1779948836
|switch|p2a: Raging Bolt|Raging Bolt|100/100
|-enditem|p2a: Raging Bolt|Booster Energy
|-activate|p2a: Raging Bolt|ability: Protosynthesis|[fromitem]
|-start|p2a: Raging Bolt|protosynthesisspa
|turn|8
|
|t:|1779948844
|move|p1a: Latias|Future Sight|p2a: Raging Bolt
|-start|p1a: Latias|move: Future Sight
|move|p2a: Raging Bolt|Calm Mind|p2a: Raging Bolt
|-boost|p2a: Raging Bolt|spa|1
|-boost|p2a: Raging Bolt|spd|1
|
|-sideend|p1: ashyman2000|Reflect
|upkeep
|turn|9
|
|t:|1779948847
|move|p1a: Latias|Alluring Voice|p2a: Raging Bolt
|-supereffective|p2a: Raging Bolt
|-damage|p2a: Raging Bolt|76/100
|move|p2a: Raging Bolt|Calm Mind|p2a: Raging Bolt
|-boost|p2a: Raging Bolt|spa|1
|-boost|p2a: Raging Bolt|spd|1
|
|upkeep
|turn|10
|
|t:|1779948857
|move|p2a: Raging Bolt|Thunderclap|p1a: Latias
|-resisted|p1a: Latias
|-crit|p1a: Latias
|-damage|p1a: Latias|0 fnt
|faint|p1a: Latias
|
|-end|p2a: Raging Bolt|move: Future Sight
|-crit|p2a: Raging Bolt
|-damage|p2a: Raging Bolt|10/100
|upkeep
|
|t:|1779948864
|switch|p1a: Indeedee|Indeedee, M|100/100
|-status|p1a: Indeedee|tox
|-fieldstart|move: Psychic Terrain|[from] ability: Psychic Surge|[of] p1a: Indeedee
|-enditem|p1a: Indeedee|Psychic Seed
|-boost|p1a: Indeedee|spd|1|[from] item: Psychic Seed
|turn|11
|
|t:|1779948878
|move|p1a: Indeedee|Encore|p2a: Raging Bolt
|-start|p2a: Raging Bolt|Encore
|move|p2a: Raging Bolt|Thunderclap||[still]
|-fail|p2a: Raging Bolt
|
|-damage|p1a: Indeedee|94/100 tox|[from] psn
|upkeep
|turn|12
|
|t:|1779948889
|switch|p1a: Munkidori|Munkidori, M|100/100
|-sideend|p1: ashyman2000|move: Toxic Spikes|[of] p1a: Munkidori
|-end|p2a: Raging Bolt|Protosynthesis|[silent]
|switch|p2a: Hatterene|Hatterene, F|100/100
|
|upkeep
|turn|13
|
|t:|1779948903
|move|p1a: Munkidori|Sludge Bomb|p2a: Hatterene
|-supereffective|p2a: Hatterene
|-damage|p2a: Hatterene|4/100
|-status|p2a: Hatterene|psn
|move|p2a: Hatterene|Calm Mind|p2a: Hatterene
|-boost|p2a: Hatterene|spa|1
|-boost|p2a: Hatterene|spd|1
|
|-heal|p2a: Hatterene|10/100 psn|[from] item: Leftovers
|-damage|p2a: Hatterene|0 fnt|[from] psn
|faint|p2a: Hatterene
|upkeep
|
|t:|1779948912
|switch|p2a: Raging Bolt|Raging Bolt|10/100
|turn|14
|
|t:|1779948919
|move|p1a: Munkidori|Sludge Bomb|p2a: Raging Bolt
|-damage|p2a: Raging Bolt|0 fnt
|faint|p2a: Raging Bolt
|-end|p2a: Raging Bolt|Protosynthesis|[silent]
|
|upkeep
|
|t:|1779948939
|switch|p2a: Ogerpon|Ogerpon-Wellspring, F|100/100
|turn|15
|
|t:|1779948946
|move|p1a: Munkidori|Sludge Bomb|p2a: Ogerpon
|-supereffective|p2a: Ogerpon
|-damage|p2a: Ogerpon|0 fnt
|faint|p2a: Ogerpon
|
|-fieldend|move: Psychic Terrain
|upkeep
|
|t:|1779948948
|switch|p2a: Zamazenta|Zamazenta|100/100
|-ability|p2a: Zamazenta|Dauntless Shield|boost
|-boost|p2a: Zamazenta|def|1
|turn|16
|
|t:|1779948953
|move|p1a: Munkidori|Sludge Bomb|p2a: Zamazenta
|-damage|p2a: Zamazenta|63/100
|-status|p2a: Zamazenta|psn
|move|p2a: Zamazenta|Close Combat|p1a: Munkidori
|-resisted|p1a: Munkidori
|-damage|p1a: Munkidori|82/100
|-unboost|p2a: Zamazenta|def|1
|-unboost|p2a: Zamazenta|spd|1
|
|-damage|p2a: Zamazenta|51/100 psn|[from] psn
|upkeep
|turn|17
|c|☆ashyman2000|Gg
|inactive|Suckmaballs6969 has 120 seconds left.
|inactive|Suckmaballs6969 has 90 seconds left.
|inactive|Suckmaballs6969 has 60 seconds left.
|inactive|Suckmaballs6969 has 30 seconds left.
|inactive|Suckmaballs6969 has 20 seconds left.
|inactive|Suckmaballs6969 has 15 seconds left.
|inactive|Suckmaballs6969 has 10 seconds left.
|inactive|Suckmaballs6969 has 5 seconds left.
|-message|Suckmaballs6969 lost due to inactivity.
|
|win|ashyman2000
|raw|ashyman2000's rating: 1057 &rarr; <strong>1096</strong><br />(+39 for winning)
|raw|Suckmaballs6969's rating: 1144 &rarr; <strong>1113</strong><br />(-31 for losing)
|l|☆ashyman2000
|player|p1|
