|j|☆CoryChaseHmu
|j|☆Noobskillstrongs
|t:|1779813118
|gametype|singles
|player|p1|CoryChaseHmu|ethan|1119
|player|p2|Noobskillstrongs|169|1134
|gen|9
|tier|[Gen 9] OU
|rated|
|rule|HP Percentage Mod: HP is shown in percentages
|rule|Endless Battle Clause: Forcing endless battles is banned
|rule|Species Clause: Limit one of each Pokémon
|rule|OHKO Clause: OHKO moves are banned
|rule|Evasion Items Clause: Evasion items are banned
|rule|Evasion Moves Clause: Evasion moves are banned
|rule|Evasion Abilities Clause: Evasion abilities are banned
|rule|Sleep Moves Clause: Sleep-inducing moves are banned
|clearpoke
|poke|p1|Gliscor, F|
|poke|p1|Blissey, F|
|poke|p1|Clefable, F|
|poke|p1|Toxapex, F|
|poke|p1|Dondozo, F|
|poke|p1|Corviknight, F|
|poke|p2|Noivern, M|
|poke|p2|Chesnaught, M|
|poke|p2|Froslass, F|
|poke|p2|Electrode-Hisui|
|poke|p2|Banette, M|
|poke|p2|Lokix, F|
|teampreview
|inactive|Battle timer is ON: inactive players will automatically lose when time's up. (requested by CoryChaseHmu)
|
|t:|1779813130
|teamsize|p1|6
|teamsize|p2|6
|start
|switch|p1a: WeCarryTheFlame|Clefable, F|100/100
|switch|p2a: Noivern|Noivern, M|100/100
|-item|p1a: WeCarryTheFlame|Sticky Barb|[from] ability: Frisk|[of] p2a: Noivern
|turn|1
|
|t:|1779813135
|switch|p2a: Chesnaught|Chesnaught, M|100/100
|move|p1a: WeCarryTheFlame|Stealth Rock|p2a: Chesnaught
|-sidestart|p2: Noobskillstrongs|move: Stealth Rock
|
|upkeep
|turn|2
|
|t:|1779813138
|move|p2a: Chesnaught|Leech Seed|p1a: WeCarryTheFlame
|-start|p1a: WeCarryTheFlame|move: Leech Seed
|move|p1a: WeCarryTheFlame|Moonblast|p2a: Chesnaught
|-supereffective|p2a: Chesnaught
|-damage|p2a: Chesnaught|25/100
|-unboost|p2a: Chesnaught|spa|1
|
|-heal|p2a: Chesnaught|31/100|[from] item: Leftovers
|upkeep
|turn|3
|
|t:|1779813146
|move|p2a: Chesnaught|Spiky Shield|p2a: Chesnaught
|-singleturn|p2a: Chesnaught|move: Protect
|move|p1a: WeCarryTheFlame|Moonblast|p2a: Chesnaught
|-activate|p2a: Chesnaught|move: Protect
|
|-heal|p2a: Chesnaught|37/100|[from] item: Leftovers
|upkeep
|turn|4
|
|t:|1779813152
|switch|p2a: Froslass|Froslass, F|100/100
|-damage|p2a: Froslass|76/100|[from] Stealth Rock
|move|p1a: WeCarryTheFlame|Moonblast|p2a: Froslass
|-damage|p2a: Froslass|23/100
|
|-heal|p2a: Froslass|29/100|[from] item: Leftovers
|upkeep
|turn|5
|
|t:|1779813157
|move|p2a: Froslass|Endure|p2a: Froslass
|-singleturn|p2a: Froslass|move: Endure
|move|p1a: WeCarryTheFlame|Moonblast|p2a: Froslass
|-activate|p2a: Froslass|move: Endure
|-damage|p2a: Froslass|1/100
|
|-heal|p2a: Froslass|7/100|[from] item: Leftovers
|upkeep
|turn|6
|
|t:|1779813166
|switch|p1a: NoEmpathy|Toxapex, F|100/100
|move|p2a: Froslass|Destiny Bond|p2a: Froslass
|-singlemove|p2a: Froslass|Destiny Bond
|
|-heal|p2a: Froslass|13/100|[from] item: Leftovers
|upkeep
|turn|7
|
|t:|1779813173
|switch|p2a: Electrode|Electrode-Hisui|100/100
|-damage|p2a: Electrode|88/100|[from] Stealth Rock
|move|p1a: NoEmpathy|Toxic|p2a: Electrode
|-status|p2a: Electrode|tox
|
|-damage|p2a: Electrode|82/100 tox|[from] psn
|upkeep
|turn|8
|
|t:|1779813177
|switch|p1a: GangViolence?|Gliscor, F|100/100
|-terastallize|p2a: Electrode|Electric
|move|p2a: Electrode|Volt Switch|p1a: GangViolence?
|-immune|p1a: GangViolence?
|
|-damage|p2a: Electrode|70/100 tox|[from] psn
|-status|p1a: GangViolence?|tox|[from] item: Toxic Orb
|upkeep
|turn|9
|
|t:|1779813183
|move|p1a: GangViolence?|Protect|p1a: GangViolence?
|-singleturn|p1a: GangViolence?|Protect
|move|p2a: Electrode|Energy Ball|p1a: GangViolence?
|-activate|p1a: GangViolence?|move: Protect
|
|-damage|p2a: Electrode|51/100 tox|[from] psn
|upkeep
|turn|10
|
|t:|1779813196
|switch|p2a: Banette|Banette, M|100/100
|-damage|p2a: Banette|88/100|[from] Stealth Rock
|-item|p1a: GangViolence?|Toxic Orb|[from] ability: Frisk|[of] p2a: Banette
|move|p1a: GangViolence?|Spikes|p2a: Banette
|-sidestart|p2: Noobskillstrongs|Spikes
|
|-heal|p2a: Banette|94/100|[from] item: Leftovers
|upkeep
|turn|11
|
|t:|1779813199
|move|p1a: GangViolence?|Toxic|p2a: Banette
|-status|p2a: Banette|tox
|move|p2a: Banette|Swords Dance|p2a: Banette
|-boost|p2a: Banette|atk|2
|
|-heal|p2a: Banette|99/100 tox|[from] item: Leftovers
|-damage|p2a: Banette|94/100 tox|[from] psn
|upkeep
|turn|12
|
|t:|1779813206
|move|p1a: GangViolence?|Knock Off|p2a: Banette
|-supereffective|p2a: Banette
|-damage|p2a: Banette|33/100 tox
|-enditem|p2a: Banette|Leftovers|[from] move: Knock Off|[of] p1a: GangViolence?
|move|p2a: Banette|Poltergeist|p1a: GangViolence?
|-activate|p1a: GangViolence?|move: Poltergeist|Toxic Orb
|-damage|p1a: GangViolence?|27/100 tox
|
|-heal|p1a: GangViolence?|40/100 tox|[from] ability: Poison Heal
|-damage|p2a: Banette|21/100 tox|[from] psn
|upkeep
|turn|13
|
|t:|1779813211
|move|p1a: GangViolence?|Protect|p1a: GangViolence?
|-singleturn|p1a: GangViolence?|Protect
|move|p2a: Banette|Swords Dance|p2a: Banette
|-boost|p2a: Banette|atk|2
|
|-heal|p1a: GangViolence?|52/100 tox|[from] ability: Poison Heal
|-damage|p2a: Banette|3/100 tox|[from] psn
|upkeep
|turn|14
|
|t:|1779813216
|switch|p1a: OwMyNeck|Dondozo, F|100/100
|move|p2a: Banette|Sucker Punch||[still]
|-fail|p2a: Banette
|
|-damage|p2a: Banette|0 fnt|[from] psn
|faint|p2a: Banette
|upkeep
|
|t:|1779813220
|switch|p2a: Noivern|Noivern, M|100/100
|-damage|p2a: Noivern|76/100|[from] Stealth Rock
|-item|p1a: OwMyNeck|Heavy-Duty Boots|[from] ability: Frisk|[of] p2a: Noivern
|turn|15
|
|t:|1779813226
|switch|p1a: NoEmpathy|Toxapex, F|100/100
|move|p2a: Noivern|Air Slash|p1a: NoEmpathy
|-damage|p1a: NoEmpathy|81/100
|
|upkeep
|turn|16
|
|t:|1779813229
|move|p2a: Noivern|Taunt|p1a: NoEmpathy
|-start|p1a: NoEmpathy|move: Taunt
|cant|p1a: NoEmpathy|move: Taunt|Toxic
|
|upkeep
|turn|17
|
|t:|1779813235
|switch|p1a: WeCarryTheFlame|Clefable, F|100/100
|move|p2a: Noivern|Air Slash|p1a: WeCarryTheFlame
|-damage|p1a: WeCarryTheFlame|72/100
|
|upkeep
|turn|18
|
|t:|1779813240
|move|p2a: Noivern|Air Slash|p1a: WeCarryTheFlame
|-damage|p1a: WeCarryTheFlame|43/100
|move|p1a: WeCarryTheFlame|Moonblast|p2a: Noivern
|-supereffective|p2a: Noivern
|-damage|p2a: Noivern|0 fnt
|faint|p2a: Noivern
|
|upkeep
|
|t:|1779813243
|switch|p2a: Lokix|Lokix, F|100/100
|-damage|p2a: Lokix|76/100|[from] Stealth Rock
|-damage|p2a: Lokix|63/100|[from] Spikes
|turn|19
|
|t:|1779813255
|move|p2a: Lokix|Knock Off|p1a: WeCarryTheFlame
|-resisted|p1a: WeCarryTheFlame
|-damage|p1a: WeCarryTheFlame|0 fnt
|-enditem|p1a: WeCarryTheFlame|Sticky Barb|[from] move: Knock Off|[of] p2a: Lokix
|faint|p1a: WeCarryTheFlame
|-damage|p2a: Lokix|54/100|[from] item: Life Orb
|
|upkeep
|
|t:|1779813266
|switch|p1a: GangViolence?|Gliscor, F|52/100 tox
|turn|20
|
|t:|1779813269
|move|p1a: GangViolence?|Protect|p1a: GangViolence?
|-singleturn|p1a: GangViolence?|Protect
|move|p2a: Lokix|U-turn|p1a: GangViolence?
|-activate|p1a: GangViolence?|move: Protect
|
|-heal|p1a: GangViolence?|65/100 tox|[from] ability: Poison Heal
|upkeep
|turn|21
|
|t:|1779813273
|move|p2a: Lokix|Knock Off|p1a: GangViolence?
|-damage|p1a: GangViolence?|30/100 tox
|-enditem|p1a: GangViolence?|Toxic Orb|[from] move: Knock Off|[of] p2a: Lokix
|-damage|p2a: Lokix|44/100|[from] item: Life Orb
|move|p1a: GangViolence?|Toxic|p2a: Lokix
|-status|p2a: Lokix|tox
|
|-damage|p2a: Lokix|38/100 tox|[from] psn
|-heal|p1a: GangViolence?|43/100 tox|[from] ability: Poison Heal
|upkeep
|turn|22
|
|t:|1779813281
|switch|p2a: Electrode|Electrode-Hisui, tera:Electric|51/100 tox
|-damage|p2a: Electrode|39/100 tox|[from] Stealth Rock
|-damage|p2a: Electrode|27/100 tox|[from] Spikes
|move|p1a: GangViolence?|Protect||[still]
|-fail|p1a: GangViolence?
|
|-damage|p2a: Electrode|21/100 tox|[from] psn
|-heal|p1a: GangViolence?|55/100 tox|[from] ability: Poison Heal
|upkeep
|turn|23
|
|t:|1779813285
|switch|p1a: EriKirk|Blissey, F|100/100
|move|p2a: Electrode|Energy Ball|p1a: EriKirk
|-damage|p1a: EriKirk|86/100
|-damage|p2a: Electrode|11/100 tox|[from] item: Life Orb
|
|-damage|p2a: Electrode|0 fnt|[from] psn
|faint|p2a: Electrode
|upkeep
|
|t:|1779813287
|switch|p2a: Chesnaught|Chesnaught, M|37/100
|-damage|p2a: Chesnaught|31/100|[from] Stealth Rock
|-damage|p2a: Chesnaught|18/100|[from] Spikes
|turn|24
|
|t:|1779813297
|switch|p1a: GangViolence?|Gliscor, F|55/100 tox
|move|p2a: Chesnaught|Drain Punch|p1a: GangViolence?
|-resisted|p1a: GangViolence?
|-damage|p1a: GangViolence?|47/100 tox
|-heal|p2a: Chesnaught|22/100|[from] drain|[of] p1a: GangViolence?
|
|-heal|p2a: Chesnaught|28/100|[from] item: Leftovers
|-heal|p1a: GangViolence?|59/100 tox|[from] ability: Poison Heal
|upkeep
|turn|25
|
|t:|1779813304
|move|p2a: Chesnaught|Spiky Shield|p2a: Chesnaught
|-singleturn|p2a: Chesnaught|move: Protect
|move|p1a: GangViolence?|Toxic|p2a: Chesnaught
|-activate|p2a: Chesnaught|move: Protect
|
|-heal|p2a: Chesnaught|34/100|[from] item: Leftovers
|-heal|p1a: GangViolence?|72/100 tox|[from] ability: Poison Heal
|upkeep
|turn|26
|
|t:|1779813306
|move|p1a: GangViolence?|Toxic|p2a: Chesnaught|[miss]
|-miss|p1a: GangViolence?|p2a: Chesnaught
|move|p2a: Chesnaught|Leech Seed|p1a: GangViolence?
|-start|p1a: GangViolence?|move: Leech Seed
|
|-heal|p2a: Chesnaught|40/100|[from] item: Leftovers
|-damage|p1a: GangViolence?|59/100 tox|[from] Leech Seed|[of] p2a: Chesnaught
|-heal|p2a: Chesnaught|52/100|[silent]
|-heal|p1a: GangViolence?|72/100 tox|[from] ability: Poison Heal
|upkeep
|turn|27
|
|t:|1779813312
|move|p2a: Chesnaught|Spiky Shield|p2a: Chesnaught
|-singleturn|p2a: Chesnaught|move: Protect
|move|p1a: GangViolence?|Toxic|p2a: Chesnaught
|-activate|p2a: Chesnaught|move: Protect
|
|-heal|p2a: Chesnaught|58/100|[from] item: Leftovers
|-damage|p1a: GangViolence?|59/100 tox|[from] Leech Seed|[of] p2a: Chesnaught
|-heal|p2a: Chesnaught|70/100|[silent]
|-heal|p1a: GangViolence?|72/100 tox|[from] ability: Poison Heal
|upkeep
|turn|28
|
|t:|1779813315
|move|p1a: GangViolence?|Toxic|p2a: Chesnaught
|-status|p2a: Chesnaught|tox
|move|p2a: Chesnaught|Knock Off|p1a: GangViolence?
|-damage|p1a: GangViolence?|62/100 tox
|
|-heal|p2a: Chesnaught|76/100 tox|[from] item: Leftovers
|-damage|p1a: GangViolence?|50/100 tox|[from] Leech Seed|[of] p2a: Chesnaught
|-heal|p2a: Chesnaught|87/100 tox|[silent]
|-heal|p1a: GangViolence?|62/100 tox|[from] ability: Poison Heal
|-damage|p2a: Chesnaught|81/100 tox|[from] psn
|upkeep
|turn|29
|-message|Noobskillstrongs forfeited.
|
|win|CoryChaseHmu
|raw|CoryChaseHmu's rating: 1119 &rarr; <strong>1145</strong><br />(+26 for winning)
|raw|Noobskillstrongs's rating: 1134 &rarr; <strong>1108</strong><br />(-26 for losing)
|l|☆Noobskillstrongs
|player|p2|
|l|☆CoryChaseHmu
|player|p1|
