|j|☆habixia
|j|☆serial 01216
|t:|1779927285
|gametype|singles
|player|p1|habixia|101|1540
|player|p2|serial 01216|266|1588
|gen|9
|tier|[Gen 9] OU
|rated|
|rule|HP Percentage Mod: HP is shown in percentages
|rule|Endless Battle Clause: Forcing endless battles is banned
|rule|Species Clause: Limit one of each Pokémon
|rule|OHKO Clause: OHKO moves are banned
|rule|Evasion Items Clause: Evasion items are banned
|rule|Evasion Moves Clause: Evasion moves are banned
|rule|Evasion Abilities Clause: Evasion abilities are banned
|rule|Sleep Moves Clause: Sleep-inducing moves are banned
|clearpoke
|poke|p1|Pelipper, F|
|poke|p1|Ogerpon-Wellspring, F|
|poke|p1|Barraskewda, F|
|poke|p1|Revavroom, F|
|poke|p1|Iron Treads|
|poke|p1|Zapdos|
|poke|p2|Hydrapple, M|
|poke|p2|Slowking-Galar, M|
|poke|p2|Cinderace, F|
|poke|p2|Darkrai|
|poke|p2|Manaphy|
|poke|p2|Iron Boulder|
|teampreview
|j| Drewisonline
|inactive|Battle timer is ON: inactive players will automatically lose when time's up. (requested by habixia)
|l|☆habixia
|inactive|habixia disconnected and has a minute to reconnect!
|player|p1|
|
|t:|1779927304
|teamsize|p1|6
|teamsize|p2|6
|start
|switch|p1a: Ogerpon|Ogerpon-Wellspring, F|100/100
|switch|p2a: Slowking|Slowking-Galar, M|100/100
|turn|1
|j|☆habixia
|inactive|habixia reconnected and has 135 seconds left.
|player|p1|habixia|101|
|inactive|habixia has 120 seconds left.
|
|t:|1779927357
|move|p1a: Ogerpon|Ivy Cudgel|p2a: Slowking|[anim] Ivy Cudgel Water
|-damage|p2a: Slowking|40/100
|-prepare|p2a: Slowking|Chilly Reception|[premajor]
|move|p2a: Slowking|Chilly Reception|p2a: Slowking
|-weather|Snowscape
|
|t:|1779927368
|switch|p2a: Cinderace|Cinderace, F|100/100|[from] Chilly Reception
|
|-weather|Snowscape|[upkeep]
|upkeep
|turn|2
|
|t:|1779927392
|switch|p1a: Pelipper|Pelipper, F|100/100
|-weather|RainDance|[from] ability: Drizzle|[of] p1a: Pelipper
|move|p2a: Cinderace|Will-O-Wisp|p1a: Pelipper|[miss]
|-miss|p2a: Cinderace|p1a: Pelipper
|
|-weather|RainDance|[upkeep]
|upkeep
|turn|3
|
|t:|1779927398
|move|p2a: Cinderace|U-turn|p1a: Pelipper
|-start|p2a: Cinderace|typechange|Bug|[from] ability: Libero
|-resisted|p1a: Pelipper
|-damage|p1a: Pelipper|87/100
|
|t:|1779927407
|switch|p2a: Hydrapple|Hydrapple, M|100/100|[from] U-turn
|move|p1a: Pelipper|U-turn|p2a: Hydrapple
|-supereffective|p2a: Hydrapple
|-damage|p2a: Hydrapple|88/100
|
|t:|1779927410
|switch|p1a: Zapdos|Zapdos|100/100|[from] U-turn
|
|-weather|RainDance|[upkeep]
|upkeep
|turn|4
|
|t:|1779927425
|move|p1a: Zapdos|Hurricane|p2a: Hydrapple
|-supereffective|p2a: Hydrapple
|-damage|p2a: Hydrapple|11/100
|-start|p2a: Hydrapple|confusion
|-activate|p2a: Hydrapple|confusion
|move|p2a: Hydrapple|Fickle Beam|p1a: Zapdos
|-damage|p1a: Zapdos|51/100
|
|-weather|RainDance|[upkeep]
|upkeep
|turn|5
|l|☆habixia
|inactive|habixia disconnected and has a minute to reconnect!
|player|p1|
|j|☆habixia
|inactive|habixia reconnected and has 125 seconds left.
|player|p1|habixia|101|
|inactive|habixia has 120 seconds left.
|
|t:|1779927441
|switch|p2a: Iron Boulder|Iron Boulder|100/100
|-enditem|p2a: Iron Boulder|Booster Energy
|-activate|p2a: Iron Boulder|ability: Quark Drive|[fromitem]
|-start|p2a: Iron Boulder|quarkdrivespe
|move|p1a: Zapdos|U-turn|p2a: Iron Boulder
|-supereffective|p2a: Iron Boulder
|-damage|p2a: Iron Boulder|69/100
|inactive|habixia has 120 seconds left.
|
|t:|1779927448
|switch|p1a: Barraskewda|Barraskewda, F|100/100|[from] U-turn
|
|-weather|RainDance|[upkeep]
|upkeep
|turn|6
|
|t:|1779927453
|-end|p2a: Iron Boulder|Quark Drive|[silent]
|switch|p2a: Hydrapple|Hydrapple, M|44/100
|move|p1a: Barraskewda|Flip Turn|p2a: Hydrapple
|-resisted|p2a: Hydrapple
|-damage|p2a: Hydrapple|34/100
|
|t:|1779927458
|switch|p1a: Zapdos|Zapdos|51/100|[from] Flip Turn
|
|-weather|RainDance|[upkeep]
|upkeep
|turn|7
|
|t:|1779927462
|switch|p2a: Iron Boulder|Iron Boulder|69/100
|move|p1a: Zapdos|Hurricane|p2a: Iron Boulder
|-resisted|p2a: Iron Boulder
|-damage|p2a: Iron Boulder|42/100
|-start|p2a: Iron Boulder|confusion
|
|-weather|RainDance|[upkeep]
|upkeep
|turn|8
|
|t:|1779927469
|switch|p1a: Iron Treads|Iron Treads|100/100
|-activate|p2a: Iron Boulder|confusion
|move|p2a: Iron Boulder|Close Combat|p1a: Iron Treads
|-supereffective|p1a: Iron Treads
|-damage|p1a: Iron Treads|39/100
|-unboost|p2a: Iron Boulder|def|1
|-unboost|p2a: Iron Boulder|spd|1
|
|-weather|RainDance|[upkeep]
|-heal|p1a: Iron Treads|45/100|[from] item: Leftovers
|upkeep
|turn|9
|
|t:|1779927478
|-activate|p2a: Iron Boulder|confusion
|move|p2a: Iron Boulder|Close Combat|p1a: Iron Treads
|-supereffective|p1a: Iron Treads
|-damage|p1a: Iron Treads|0 fnt
|-unboost|p2a: Iron Boulder|def|1
|-unboost|p2a: Iron Boulder|spd|1
|faint|p1a: Iron Treads
|-end|p1a: Iron Treads|Quark Drive|[silent]
|
|-weather|none
|upkeep
|
|t:|1779927481
|switch|p1a: Barraskewda|Barraskewda, F|100/100
|turn|10
|
|t:|1779927489
|-end|p2a: Iron Boulder|Quark Drive|[silent]
|switch|p2a: Slowking|Slowking-Galar, M|74/100
|move|p1a: Barraskewda|Flip Turn|p2a: Slowking
|-damage|p2a: Slowking|37/100
|
|t:|1779927494
|switch|p1a: Ogerpon|Ogerpon-Wellspring, F|100/100|[from] Flip Turn
|
|-heal|p2a: Slowking|43/100|[from] item: Black Sludge
|upkeep
|turn|11
|
|t:|1779927501
|switch|p2a: Hydrapple|Hydrapple, M|67/100
|move|p1a: Ogerpon|Substitute|p1a: Ogerpon
|-start|p1a: Ogerpon|Substitute
|-damage|p1a: Ogerpon|76/100
|
|upkeep
|turn|12
|
|t:|1779927507
|move|p1a: Ogerpon|Swords Dance|p1a: Ogerpon
|-boost|p1a: Ogerpon|atk|2
|move|p2a: Hydrapple|Fickle Beam|p1a: Ogerpon
|-end|p1a: Ogerpon|Substitute
|
|upkeep
|turn|13
|
|t:|1779927520
|switch|p2a: Iron Boulder|Iron Boulder|42/100
|move|p1a: Ogerpon|Power Whip|p2a: Iron Boulder
|-supereffective|p2a: Iron Boulder
|-damage|p2a: Iron Boulder|0 fnt
|faint|p2a: Iron Boulder
|-end|p2a: Iron Boulder|Quark Drive|[silent]
|
|upkeep
|
|t:|1779927526
|switch|p2a: Hydrapple|Hydrapple, M|99/100
|turn|14
|
|t:|1779927531
|switch|p1a: Pelipper|Pelipper, F|87/100
|-weather|RainDance|[from] ability: Drizzle|[of] p1a: Pelipper
|move|p2a: Hydrapple|Fickle Beam|p1a: Pelipper|[anim] Fickle Beam All Out
|-activate|p2a: Hydrapple|move: Fickle Beam
|-damage|p1a: Pelipper|0 fnt
|faint|p1a: Pelipper
|
|-weather|RainDance|[upkeep]
|upkeep
|
|t:|1779927535
|switch|p1a: Revavroom|Revavroom, F|100/100
|-item|p1a: Revavroom|Air Balloon
|turn|15
|
|t:|1779927542
|move|p1a: Revavroom|Shift Gear|p1a: Revavroom
|-boost|p1a: Revavroom|spe|2
|-boost|p1a: Revavroom|atk|1
|move|p2a: Hydrapple|Fickle Beam|p1a: Revavroom
|-resisted|p1a: Revavroom
|-damage|p1a: Revavroom|68/100
|-enditem|p1a: Revavroom|Air Balloon
|
|-weather|RainDance|[upkeep]
|upkeep
|turn|16
|inactive|serial 01216 has 120 seconds left.
|
|t:|1779927575
|switch|p2a: Darkrai|Darkrai|100/100
|-terastallize|p1a: Revavroom|Flying
|move|p1a: Revavroom|Gunk Shot|p2a: Darkrai
|-damage|p2a: Darkrai|0 fnt
|faint|p2a: Darkrai
|
|-weather|RainDance|[upkeep]
|upkeep
|inactive|serial 01216 has 120 seconds left.
|
|t:|1779927585
|switch|p2a: Manaphy|Manaphy|100/100
|turn|17
|
|t:|1779927589
|move|p1a: Revavroom|Gunk Shot|p2a: Manaphy
|-damage|p2a: Manaphy|11/100
|move|p2a: Manaphy|Scald|p1a: Revavroom
|-damage|p1a: Revavroom|0 fnt
|faint|p1a: Revavroom
|
|-weather|RainDance|[upkeep]
|-heal|p2a: Manaphy|17/100|[from] item: Leftovers
|upkeep
|
|t:|1779927597
|switch|p1a: Barraskewda|Barraskewda, F|100/100
|turn|18
|
|t:|1779927601
|switch|p2a: Hydrapple|Hydrapple, M|100/100
|move|p1a: Barraskewda|Flip Turn|p2a: Hydrapple
|-resisted|p2a: Hydrapple
|-damage|p2a: Hydrapple|89/100
|
|t:|1779927607
|switch|p1a: Zapdos|Zapdos|51/100|[from] Flip Turn
|
|-weather|RainDance|[upkeep]
|upkeep
|turn|19
|
|t:|1779927613
|switch|p2a: Slowking|Slowking-Galar, M|76/100
|move|p1a: Zapdos|Hurricane|p2a: Slowking
|-damage|p2a: Slowking|39/100
|-start|p2a: Slowking|confusion
|
|-weather|RainDance|[upkeep]
|-heal|p2a: Slowking|45/100|[from] item: Black Sludge
|upkeep
|turn|20
|
|t:|1779927623
|move|p1a: Zapdos|Thunder|p2a: Slowking
|-damage|p2a: Slowking|13/100
|-status|p2a: Slowking|par
|-prepare|p2a: Slowking|Chilly Reception|[premajor]
|-activate|p2a: Slowking|confusion
|cant|p2a: Slowking|par
|
|-weather|RainDance|[upkeep]
|-heal|p2a: Slowking|19/100 par|[from] item: Black Sludge
|upkeep
|turn|21
|
|t:|1779927638
|move|p1a: Zapdos|Hurricane|p2a: Slowking
|-damage|p2a: Slowking|0 fnt
|faint|p2a: Slowking
|
|-weather|none
|upkeep
|
|t:|1779927646
|switch|p2a: Manaphy|Manaphy|17/100
|turn|22
|
|t:|1779927652
|move|p1a: Zapdos|Weather Ball|p2a: Manaphy
|-damage|p2a: Manaphy|2/100
|move|p2a: Manaphy|Ice Beam|p1a: Zapdos
|-supereffective|p1a: Zapdos
|-damage|p1a: Zapdos|0 fnt
|faint|p1a: Zapdos
|
|-heal|p2a: Manaphy|8/100|[from] item: Leftovers
|upkeep
|-message|habixia forfeited.
|
|win|serial 01216
|raw|habixia's rating: 1540 &rarr; <strong>1523</strong><br />(-17 for losing)
|raw|serial 01216's rating: 1588 &rarr; <strong>1605</strong><br />(+17 for winning)
|l|☆habixia
|player|p1|
|l|☆serial 01216
|player|p2|
|l| Drewisonline
