|j|☆6767aurajacket
|j|☆hugelius
|t:|1779970067
|gametype|singles
|player|p1|6767aurajacket|fisherman-gen4|1109
|player|p2|hugelius|veteran|1145
|gen|9
|tier|[Gen 9] OU
|rated|
|rule|HP Percentage Mod: HP is shown in percentages
|rule|Endless Battle Clause: Forcing endless battles is banned
|rule|Species Clause: Limit one of each Pokémon
|rule|OHKO Clause: OHKO moves are banned
|rule|Evasion Items Clause: Evasion items are banned
|rule|Evasion Moves Clause: Evasion moves are banned
|rule|Evasion Abilities Clause: Evasion abilities are banned
|rule|Sleep Moves Clause: Sleep-inducing moves are banned
|clearpoke
|poke|p1|Blaziken, M|
|poke|p1|Iron Treads|
|poke|p1|Zamazenta-*|
|poke|p1|Venomoth, M|
|poke|p1|Polteageist|
|poke|p1|Primarina, F|
|poke|p2|Glimmora, F|
|poke|p2|Ceruledge, M|
|poke|p2|Garganacl, M|
|poke|p2|Gholdengo|
|poke|p2|Ogerpon-Wellspring, F|
|poke|p2|Gliscor, F|
|teampreview
|inactive|Battle timer is ON: inactive players will automatically lose when time's up. (requested by hugelius)
|
|t:|1779970070
|teamsize|p1|6
|teamsize|p2|6
|start
|switch|p1a: Blaziken|Blaziken, M, shiny|100/100
|switch|p2a: Gliscor|Gliscor, F|100/100
|turn|1
|
|t:|1779970075
|move|p1a: Blaziken|Bulk Up|p1a: Blaziken
|-boost|p1a: Blaziken|atk|1
|-boost|p1a: Blaziken|def|1
|move|p2a: Gliscor|Toxic|p1a: Blaziken
|-status|p1a: Blaziken|tox
|
|-damage|p1a: Blaziken|95/100 tox|[from] psn
|-ability|p1a: Blaziken|Speed Boost|boost
|-boost|p1a: Blaziken|spe|1
|-status|p2a: Gliscor|tox|[from] item: Toxic Orb
|upkeep
|turn|2
|
|t:|1779970082
|move|p1a: Blaziken|Bulk Up|p1a: Blaziken
|-boost|p1a: Blaziken|atk|1
|-boost|p1a: Blaziken|def|1
|move|p2a: Gliscor|Knock Off|p1a: Blaziken
|-resisted|p1a: Blaziken
|-damage|p1a: Blaziken|87/100 tox
|-enditem|p1a: Blaziken|Leftovers|[from] move: Knock Off|[of] p2a: Gliscor
|
|-damage|p1a: Blaziken|75/100 tox|[from] psn
|-ability|p1a: Blaziken|Speed Boost|boost
|-boost|p1a: Blaziken|spe|1
|upkeep
|turn|3
|
|t:|1779970089
|move|p2a: Gliscor|Protect|p2a: Gliscor
|-singleturn|p2a: Gliscor|Protect
|move|p1a: Blaziken|Bulk Up|p1a: Blaziken
|-boost|p1a: Blaziken|atk|1
|-boost|p1a: Blaziken|def|1
|
|-damage|p1a: Blaziken|57/100 tox|[from] psn
|-ability|p1a: Blaziken|Speed Boost|boost
|-boost|p1a: Blaziken|spe|1
|upkeep
|turn|4
|
|t:|1779970096
|switch|p2a: Ceruledge|Ceruledge, M|100/100
|move|p1a: Blaziken|Blaze Kick|p2a: Ceruledge
|-resisted|p2a: Ceruledge
|-damage|p2a: Ceruledge|25/100
|-ability|p2a: Ceruledge|Weak Armor|boost
|-unboost|p2a: Ceruledge|def|1
|-boost|p2a: Ceruledge|spe|2
|
|-damage|p1a: Blaziken|33/100 tox|[from] psn
|-ability|p1a: Blaziken|Speed Boost|boost
|-boost|p1a: Blaziken|spe|1
|upkeep
|turn|5
|
|t:|1779970108
|move|p2a: Ceruledge|Shadow Sneak|p1a: Blaziken
|-damage|p1a: Blaziken|21/100 tox
|move|p1a: Blaziken|Blaze Kick|p2a: Ceruledge
|-resisted|p2a: Ceruledge
|-damage|p2a: Ceruledge|0 fnt
|faint|p2a: Ceruledge
|
|-damage|p1a: Blaziken|0 fnt|[from] psn
|faint|p1a: Blaziken
|upkeep
|
|t:|1779970118
|switch|p2a: Gliscor|Gliscor, F|100/100 tox
|switch|p1a: Venomoth|Venomoth, M, shiny|100/100
|turn|6
|
|t:|1779970124
|move|p1a: Venomoth|Quiver Dance|p1a: Venomoth
|-boost|p1a: Venomoth|spa|1
|-boost|p1a: Venomoth|spd|1
|-boost|p1a: Venomoth|spe|1
|move|p2a: Gliscor|Knock Off|p1a: Venomoth
|-damage|p1a: Venomoth|71/100
|-enditem|p1a: Venomoth|Leftovers|[from] move: Knock Off|[of] p2a: Gliscor
|
|upkeep
|turn|7
|
|t:|1779970130
|move|p1a: Venomoth|Quiver Dance|p1a: Venomoth
|-boost|p1a: Venomoth|spa|1
|-boost|p1a: Venomoth|spd|1
|-boost|p1a: Venomoth|spe|1
|move|p2a: Gliscor|U-turn|p1a: Venomoth
|-resisted|p1a: Venomoth
|-damage|p1a: Venomoth|60/100
|
|t:|1779970134
|switch|p2a: Gholdengo|Gholdengo|100/100|[from] U-turn
|
|upkeep
|turn|8
|
|t:|1779970141
|move|p1a: Venomoth|Giga Drain|p2a: Gholdengo
|-resisted|p2a: Gholdengo
|-damage|p2a: Gholdengo|63/100
|-heal|p1a: Venomoth|77/100|[from] drain|[of] p2a: Gholdengo
|move|p2a: Gholdengo|Thunder Wave|p1a: Venomoth
|-status|p1a: Venomoth|par
|
|-heal|p2a: Gholdengo|69/100|[from] item: Leftovers
|upkeep
|turn|9
|
|t:|1779970145
|move|p1a: Venomoth|Quiver Dance|p1a: Venomoth
|-boost|p1a: Venomoth|spa|1
|-boost|p1a: Venomoth|spd|1
|-boost|p1a: Venomoth|spe|1
|move|p2a: Gholdengo|Nasty Plot|p2a: Gholdengo
|-boost|p2a: Gholdengo|spa|2
|
|-heal|p2a: Gholdengo|75/100|[from] item: Leftovers
|upkeep
|turn|10
|
|t:|1779970150
|move|p1a: Venomoth|Quiver Dance|p1a: Venomoth
|-boost|p1a: Venomoth|spa|1
|-boost|p1a: Venomoth|spd|1
|-boost|p1a: Venomoth|spe|1
|move|p2a: Gholdengo|Shadow Ball|p1a: Venomoth
|-damage|p1a: Venomoth|41/100 par
|
|-heal|p2a: Gholdengo|81/100|[from] item: Leftovers
|upkeep
|turn|11
|
|t:|1779970155
|move|p1a: Venomoth|Giga Drain|p2a: Gholdengo
|-resisted|p2a: Gholdengo
|-damage|p2a: Gholdengo|22/100
|-heal|p1a: Venomoth|69/100 par|[from] drain|[of] p2a: Gholdengo
|move|p2a: Gholdengo|Make It Rain|p1a: Venomoth
|-damage|p1a: Venomoth|14/100 par
|-unboost|p2a: Gholdengo|spa|1
|
|-heal|p2a: Gholdengo|28/100|[from] item: Leftovers
|upkeep
|turn|12
|
|t:|1779970164
|move|p1a: Venomoth|Giga Drain|p2a: Gholdengo
|-resisted|p2a: Gholdengo
|-damage|p2a: Gholdengo|0 fnt
|-heal|p1a: Venomoth|27/100 par|[from] drain|[of] p2a: Gholdengo
|faint|p2a: Gholdengo
|
|upkeep
|
|t:|1779970171
|switch|p2a: Gliscor|Gliscor, F|100/100 tox
|turn|13
|
|t:|1779970182
|move|p1a: Venomoth|Giga Drain|p2a: Gliscor
|-damage|p2a: Gliscor|48/100 tox
|-heal|p1a: Venomoth|54/100 par|[from] drain|[of] p2a: Gliscor
|move|p2a: Gliscor|Knock Off|p1a: Venomoth
|-damage|p1a: Venomoth|35/100 par
|
|-heal|p2a: Gliscor|60/100 tox|[from] ability: Poison Heal
|upkeep
|turn|14
|
|t:|1779970184
|move|p2a: Gliscor|Protect|p2a: Gliscor
|-singleturn|p2a: Gliscor|Protect
|move|p1a: Venomoth|Giga Drain|p2a: Gliscor
|-activate|p2a: Gliscor|move: Protect
|
|-heal|p2a: Gliscor|73/100 tox|[from] ability: Poison Heal
|upkeep
|turn|15
|
|t:|1779970193
|move|p2a: Gliscor|Protect||[still]
|-fail|p2a: Gliscor
|cant|p1a: Venomoth|par
|
|-heal|p2a: Gliscor|85/100 tox|[from] ability: Poison Heal
|upkeep
|turn|16
|
|t:|1779970197
|move|p2a: Gliscor|Protect|p2a: Gliscor
|-singleturn|p2a: Gliscor|Protect
|cant|p1a: Venomoth|par
|
|-heal|p2a: Gliscor|97/100 tox|[from] ability: Poison Heal
|upkeep
|turn|17
|
|t:|1779970200
|cant|p1a: Venomoth|par
|move|p2a: Gliscor|Knock Off|p1a: Venomoth
|-damage|p1a: Venomoth|14/100 par
|
|-heal|p2a: Gliscor|100/100 tox|[from] ability: Poison Heal
|upkeep
|turn|18
|
|t:|1779970204
|move|p2a: Gliscor|Protect|p2a: Gliscor
|-singleturn|p2a: Gliscor|Protect
|move|p1a: Venomoth|Giga Drain|p2a: Gliscor
|-activate|p2a: Gliscor|move: Protect
|
|upkeep
|turn|19
|
|t:|1779970208
|move|p1a: Venomoth|Giga Drain|p2a: Gliscor
|-damage|p2a: Gliscor|46/100 tox
|-heal|p1a: Venomoth|42/100 par|[from] drain|[of] p2a: Gliscor
|move|p2a: Gliscor|Knock Off|p1a: Venomoth
|-damage|p1a: Venomoth|20/100 par
|
|-heal|p2a: Gliscor|58/100 tox|[from] ability: Poison Heal
|upkeep
|turn|20
|
|t:|1779970215
|move|p2a: Gliscor|Protect|p2a: Gliscor
|-singleturn|p2a: Gliscor|Protect
|cant|p1a: Venomoth|par
|
|-heal|p2a: Gliscor|71/100 tox|[from] ability: Poison Heal
|upkeep
|turn|21
|
|t:|1779970220
|cant|p1a: Venomoth|par
|move|p2a: Gliscor|Knock Off|p1a: Venomoth
|-damage|p1a: Venomoth|0 fnt
|faint|p1a: Venomoth
|
|-heal|p2a: Gliscor|83/100 tox|[from] ability: Poison Heal
|upkeep
|
|t:|1779970230
|switch|p1a: Iron Treads|Iron Treads|100/100
|-enditem|p1a: Iron Treads|Booster Energy
|-activate|p1a: Iron Treads|ability: Quark Drive|[fromitem]
|-start|p1a: Iron Treads|quarkdrivespe
|turn|22
|
|t:|1779970247
|move|p1a: Iron Treads|Iron Defense|p1a: Iron Treads
|-boost|p1a: Iron Treads|def|2
|move|p2a: Gliscor|U-turn|p1a: Iron Treads
|-resisted|p1a: Iron Treads
|-damage|p1a: Iron Treads|97/100
|
|t:|1779970251
|switch|p2a: Glimmora|Glimmora, F|100/100|[from] U-turn
|-item|p2a: Glimmora|Air Balloon
|
|upkeep
|turn|23
|
|t:|1779970256
|move|p1a: Iron Treads|Iron Defense|p1a: Iron Treads
|-boost|p1a: Iron Treads|def|2
|move|p2a: Glimmora|Stealth Rock|p1a: Iron Treads
|-sidestart|p1: 6767aurajacket|move: Stealth Rock
|
|upkeep
|turn|24
|
|t:|1779970259
|move|p1a: Iron Treads|Body Press|p2a: Glimmora
|-damage|p2a: Glimmora|40/100
|-activate|p2a: Glimmora|ability: Toxic Debris
|-sidestart|p1: 6767aurajacket|move: Toxic Spikes
|-enditem|p2a: Glimmora|Air Balloon
|move|p2a: Glimmora|Spikes|p1a: Iron Treads
|-sidestart|p1: 6767aurajacket|Spikes
|
|upkeep
|turn|25
|
|t:|1779970262
|move|p2a: Glimmora|Spiky Shield|p2a: Glimmora
|-singleturn|p2a: Glimmora|move: Protect
|move|p1a: Iron Treads|Body Press|p2a: Glimmora
|-activate|p2a: Glimmora|move: Protect
|-damage|p1a: Iron Treads|84/100|[from] Spiky Shield|[of] p2a: Glimmora
|
|upkeep
|turn|26
|
|t:|1779970267
|move|p1a: Iron Treads|Body Press|p2a: Glimmora
|-damage|p2a: Glimmora|0 fnt
|-activate|p2a: Glimmora|ability: Toxic Debris
|-sidestart|p1: 6767aurajacket|move: Toxic Spikes
|faint|p2a: Glimmora
|
|upkeep
|
|t:|1779970275
|switch|p2a: Garganacl|Garganacl, M|100/100
|turn|27
|
|t:|1779970280
|move|p1a: Iron Treads|Rapid Spin|p2a: Garganacl
|-resisted|p2a: Garganacl
|-damage|p2a: Garganacl|97/100
|-boost|p1a: Iron Treads|spe|1
|-sideend|p1: 6767aurajacket|Spikes|[from] move: Rapid Spin|[of] p1a: Iron Treads
|-sideend|p1: 6767aurajacket|Toxic Spikes|[from] move: Rapid Spin|[of] p1a: Iron Treads
|-sideend|p1: 6767aurajacket|Stealth Rock|[from] move: Rapid Spin|[of] p1a: Iron Treads
|move|p2a: Garganacl|Salt Cure|p1a: Iron Treads
|-resisted|p1a: Iron Treads
|-damage|p1a: Iron Treads|83/100
|-start|p1a: Iron Treads|Salt Cure
|
|-heal|p2a: Garganacl|100/100|[from] item: Leftovers
|-damage|p1a: Iron Treads|59/100|[from] Salt Cure
|upkeep
|turn|28
|
|t:|1779970286
|move|p2a: Garganacl|Protect|p2a: Garganacl
|-singleturn|p2a: Garganacl|Protect
|move|p1a: Iron Treads|Body Press|p2a: Garganacl
|-activate|p2a: Garganacl|move: Protect
|
|-damage|p1a: Iron Treads|34/100|[from] Salt Cure
|upkeep
|turn|29
|
|t:|1779970289
|move|p1a: Iron Treads|Body Press|p2a: Garganacl
|-supereffective|p2a: Garganacl
|-damage|p2a: Garganacl|40/100
|move|p2a: Garganacl|Recover|p2a: Garganacl
|-heal|p2a: Garganacl|90/100
|
|-heal|p2a: Garganacl|96/100|[from] item: Leftovers
|-damage|p1a: Iron Treads|9/100|[from] Salt Cure
|upkeep
|turn|30
|
|t:|1779970292
|move|p2a: Garganacl|Protect|p2a: Garganacl
|-singleturn|p2a: Garganacl|Protect
|move|p1a: Iron Treads|Body Press|p2a: Garganacl
|-activate|p2a: Garganacl|move: Protect
|
|-heal|p2a: Garganacl|100/100|[from] item: Leftovers
|-damage|p1a: Iron Treads|0 fnt|[from] Salt Cure
|faint|p1a: Iron Treads
|-end|p1a: Iron Treads|Quark Drive|[silent]
|upkeep
|
|t:|1779970297
|switch|p1a: larpazenta|Zamazenta|100/100
|-ability|p1a: larpazenta|Dauntless Shield|boost
|-boost|p1a: larpazenta|def|1
|turn|31
|
|t:|1779970301
|move|p1a: larpazenta|Iron Defense|p1a: larpazenta
|-boost|p1a: larpazenta|def|2
|move|p2a: Garganacl|Salt Cure|p1a: larpazenta
|-resisted|p1a: larpazenta
|-damage|p1a: larpazenta|98/100
|-start|p1a: larpazenta|Salt Cure
|
|-heal|p1a: larpazenta|100/100|[from] item: Leftovers
|-damage|p1a: larpazenta|88/100|[from] Salt Cure
|upkeep
|turn|32
|
|t:|1779970309
|switch|p2a: Gliscor|Gliscor, F|83/100 tox
|move|p1a: larpazenta|Iron Defense|p1a: larpazenta
|-boost|p1a: larpazenta|def|2
|
|-heal|p1a: larpazenta|94/100|[from] item: Leftovers
|-heal|p2a: Gliscor|95/100 tox|[from] ability: Poison Heal
|-damage|p1a: larpazenta|82/100|[from] Salt Cure
|upkeep
|turn|33
|
|t:|1779970315
|move|p1a: larpazenta|Body Press|p2a: Gliscor
|-resisted|p2a: Gliscor
|-damage|p2a: Gliscor|55/100 tox
|move|p2a: Gliscor|Knock Off|p1a: larpazenta
|-resisted|p1a: larpazenta
|-damage|p1a: larpazenta|80/100
|-enditem|p1a: larpazenta|Leftovers|[from] move: Knock Off|[of] p2a: Gliscor
|
|-heal|p2a: Gliscor|67/100 tox|[from] ability: Poison Heal
|-damage|p1a: larpazenta|68/100|[from] Salt Cure
|upkeep
|turn|34
|
|t:|1779970318
|move|p1a: larpazenta|Body Press|p2a: Gliscor
|-resisted|p2a: Gliscor
|-damage|p2a: Gliscor|28/100 tox
|move|p2a: Gliscor|Toxic|p1a: larpazenta
|-status|p1a: larpazenta|tox
|
|-damage|p1a: larpazenta|62/100 tox|[from] psn
|-heal|p2a: Gliscor|40/100 tox|[from] ability: Poison Heal
|-damage|p1a: larpazenta|49/100 tox|[from] Salt Cure
|upkeep
|turn|35
|
|t:|1779970321
|move|p2a: Gliscor|Protect|p2a: Gliscor
|-singleturn|p2a: Gliscor|Protect
|move|p1a: larpazenta|Body Press|p2a: Gliscor
|-activate|p2a: Gliscor|move: Protect
|
|-damage|p1a: larpazenta|37/100 tox|[from] psn
|-heal|p2a: Gliscor|52/100 tox|[from] ability: Poison Heal
|-damage|p1a: larpazenta|25/100 tox|[from] Salt Cure
|upkeep
|turn|36
|
|t:|1779970325
|move|p2a: Gliscor|Protect|p2a: Gliscor
|-singleturn|p2a: Gliscor|Protect
|move|p1a: larpazenta|Body Press|p2a: Gliscor
|-activate|p2a: Gliscor|move: Protect
|
|-damage|p1a: larpazenta|6/100 tox|[from] psn
|-heal|p2a: Gliscor|65/100 tox|[from] ability: Poison Heal
|-damage|p1a: larpazenta|0 fnt|[from] Salt Cure
|faint|p1a: larpazenta
|upkeep
|
|t:|1779970330
|switch|p1a: Primarina|Primarina, F|100/100
|turn|37
|
|t:|1779970336
|switch|p2a: Ogerpon|Ogerpon-Wellspring, F|100/100
|move|p1a: Primarina|Calm Mind|p1a: Primarina
|-boost|p1a: Primarina|spa|1
|-boost|p1a: Primarina|spd|1
|
|upkeep
|turn|38
|
|t:|1779970343
|-terastallize|p1a: Primarina|Fairy
|move|p2a: Ogerpon|Swords Dance|p2a: Ogerpon
|-boost|p2a: Ogerpon|atk|2
|move|p1a: Primarina|Psychic Noise|p2a: Ogerpon
|-damage|p2a: Ogerpon|60/100
|-start|p2a: Ogerpon|move: Heal Block
|
|upkeep
|turn|39
|
|t:|1779970354
|-terastallize|p2a: Ogerpon|Water
|detailschange|p2a: Ogerpon|Ogerpon-Wellspring-Tera, F, tera:Water
|-ability|p2a: Ogerpon|Embody Aspect (Wellspring)|boost
|-boost|p2a: Ogerpon|spd|1
|move|p2a: Ogerpon|Ivy Cudgel|p1a: Primarina|[anim] Ivy Cudgel Water
|-damage|p1a: Primarina|0 fnt
|faint|p1a: Primarina
|
|-end|p2a: Ogerpon|move: Heal Block
|upkeep
|
|t:|1779970361
|switch|p1a: Polteageist|Polteageist, shiny|100/100
|turn|40
|
|t:|1779970365
|move|p2a: Ogerpon|Horn Leech|p1a: Polteageist
|-damage|p1a: Polteageist|0 fnt
|-heal|p2a: Ogerpon|100/100|[from] drain|[of] p1a: Polteageist
|-start|p2a: Ogerpon|Disable|Horn Leech|[from] ability: Cursed Body|[of] p1a: Polteageist
|faint|p1a: Polteageist
|
|win|hugelius
|raw|6767aurajacket's rating: 1109 &rarr; <strong>1087</strong><br />(-22 for losing)
|raw|hugelius's rating: 1145 &rarr; <strong>1167</strong><br />(+22 for winning)
|l|☆6767aurajacket
|player|p1|
|l|☆hugelius
|player|p2|
