|j|☆akelimaru
|j|☆claudechamp
|t:|1779827129
|gametype|singles
|player|p1|akelimaru|flannery|1209
|player|p2|claudechamp|265|1193
|gen|9
|tier|[Gen 9] OU
|rated|
|rule|HP Percentage Mod: HP is shown in percentages
|rule|Endless Battle Clause: Forcing endless battles is banned
|rule|Species Clause: Limit one of each Pokémon
|rule|OHKO Clause: OHKO moves are banned
|rule|Evasion Items Clause: Evasion items are banned
|rule|Evasion Moves Clause: Evasion moves are banned
|rule|Evasion Abilities Clause: Evasion abilities are banned
|rule|Sleep Moves Clause: Sleep-inducing moves are banned
|clearpoke
|poke|p1|Iron Crown|
|poke|p1|Deoxys-Speed|
|poke|p1|Armarouge, M|
|poke|p1|Ogerpon, F|
|poke|p1|Samurott-Hisui, M|
|poke|p1|Iron Valiant|
|poke|p2|Gliscor, M|
|poke|p2|Ogerpon, F|
|poke|p2|Walking Wake|
|poke|p2|Blissey, F|
|poke|p2|Corviknight, F|
|poke|p2|Pecharunt|
|teampreview
|c|☆claudechamp|hf
|inactive|Battle timer is ON: inactive players will automatically lose when time's up. (requested by claudechamp)
|
|t:|1779827140
|teamsize|p1|6
|teamsize|p2|6
|start
|switch|p1a: Samurott|Samurott-Hisui, M, shiny|100/100
|switch|p2a: Gliscor|Gliscor, M|100/100
|turn|1
|
|t:|1779827148
|move|p1a: Samurott|Ceaseless Edge|p2a: Gliscor
|-damage|p2a: Gliscor|66/100
|-sidestart|p2: claudechamp|Spikes
|move|p2a: Gliscor|Spikes|p1a: Samurott
|-sidestart|p1: akelimaru|Spikes
|
|-status|p2a: Gliscor|tox|[from] item: Toxic Orb
|upkeep
|turn|2
|
|t:|1779827156
|move|p1a: Samurott|Flip Turn|p2a: Gliscor
|-supereffective|p2a: Gliscor
|-damage|p2a: Gliscor|22/100 tox
|
|t:|1779827165
|switch|p1a: Iron Crown|Iron Crown|100/100|[from] Flip Turn
|-damage|p1a: Iron Crown|88/100|[from] Spikes
|-enditem|p1a: Iron Crown|Booster Energy
|-activate|p1a: Iron Crown|ability: Quark Drive|[fromitem]
|-start|p1a: Iron Crown|quarkdrivespa
|move|p2a: Gliscor|Spikes|p1a: Iron Crown
|-sidestart|p1: akelimaru|Spikes
|
|-heal|p2a: Gliscor|34/100 tox|[from] ability: Poison Heal
|upkeep
|turn|3
|
|t:|1779827178
|move|p2a: Gliscor|Protect|p2a: Gliscor
|-singleturn|p2a: Gliscor|Protect
|move|p1a: Iron Crown|Tachyon Cutter|p2a: Gliscor
|-activate|p2a: Gliscor|move: Protect
|
|-heal|p2a: Gliscor|47/100 tox|[from] ability: Poison Heal
|upkeep
|turn|4
|
|t:|1779827193
|-end|p1a: Iron Crown|Quark Drive|[silent]
|switch|p1a: Samurott|Samurott-Hisui, M, shiny|100/100
|-damage|p1a: Samurott|84/100|[from] Spikes
|switch|p2a: Blissey|Blissey, F|100/100
|
|upkeep
|turn|5
|
|t:|1779827211
|switch|p2a: Corviknight|Corviknight, F|100/100
|-ability|p2a: Corviknight|Pressure
|move|p1a: Samurott|Ceaseless Edge|p2a: Corviknight
|-damage|p2a: Corviknight|71/100
|-sidestart|p2: claudechamp|Spikes
|
|upkeep
|turn|6
|
|t:|1779827229
|move|p1a: Samurott|Flip Turn|p2a: Corviknight
|-damage|p2a: Corviknight|53/100
|
|t:|1779827235
|switch|p1a: Deoxys|Deoxys-Speed|100/100|[from] Flip Turn
|-damage|p1a: Deoxys|84/100|[from] Spikes
|-ability|p1a: Deoxys|Pressure
|move|p2a: Corviknight|U-turn|p1a: Deoxys
|-supereffective|p1a: Deoxys
|-damage|p1a: Deoxys|37/100
|
|t:|1779827237
|switch|p2a: Gliscor|Gliscor, M|47/100 tox|[from] U-turn
|
|-heal|p2a: Gliscor|59/100 tox|[from] ability: Poison Heal
|upkeep
|turn|7
|
|t:|1779827249
|move|p2a: Gliscor|Protect|p2a: Gliscor
|-singleturn|p2a: Gliscor|Protect
|move|p1a: Deoxys|Psychic Terrain|p1a: Deoxys
|-fieldstart|move: Psychic Terrain
|
|-heal|p2a: Gliscor|71/100 tox|[from] ability: Poison Heal
|upkeep
|turn|8
|
|t:|1779827257
|switch|p2a: Blissey|Blissey, F|100/100
|move|p1a: Deoxys|Expanding Force|p2a: Blissey
|-damage|p2a: Blissey|79/100
|
|upkeep
|turn|9
|
|t:|1779827265
|move|p1a: Deoxys|Stealth Rock|p2a: Blissey
|-sidestart|p2: claudechamp|move: Stealth Rock
|move|p2a: Blissey|Stealth Rock|p1a: Deoxys
|-sidestart|p1: akelimaru|move: Stealth Rock
|
|upkeep
|turn|10
|
|t:|1779827280
|move|p1a: Deoxys|Expanding Force|p2a: Blissey
|-damage|p2a: Blissey|58/100
|move|p2a: Blissey|Seismic Toss|p1a: Deoxys
|-damage|p1a: Deoxys|0 fnt
|faint|p1a: Deoxys
|
|upkeep
|
|t:|1779827288
|switch|p1a: Armarouge|Armarouge, M, shiny|100/100
|-damage|p1a: Armarouge|84/100|[from] Spikes
|-damage|p1a: Armarouge|59/100|[from] Stealth Rock
|turn|11
|
|t:|1779827302
|move|p1a: Armarouge|Expanding Force|p2a: Blissey
|-damage|p2a: Blissey|30/100
|move|p2a: Blissey|Seismic Toss|p1a: Armarouge
|-damage|p1a: Armarouge|27/100
|-ability|p1a: Armarouge|Weak Armor|boost
|-unboost|p1a: Armarouge|def|1
|-boost|p1a: Armarouge|spe|2
|
|upkeep
|turn|12
|
|t:|1779827317
|-terastallize|p2a: Blissey|Dark
|move|p1a: Armarouge|Endure|p1a: Armarouge
|-singleturn|p1a: Armarouge|move: Endure
|move|p2a: Blissey|Soft-Boiled|p2a: Blissey
|-heal|p2a: Blissey|80/100
|
|upkeep
|turn|13
|
|t:|1779827329
|switch|p1a: Iron Crown|Iron Crown|88/100
|-damage|p1a: Iron Crown|72/100|[from] Spikes
|-damage|p1a: Iron Crown|65/100|[from] Stealth Rock
|move|p2a: Blissey|Seismic Toss|p1a: Iron Crown
|-damage|p1a: Iron Crown|34/100
|
|upkeep
|turn|14
|
|t:|1779827338
|move|p1a: Iron Crown|Focus Blast|p2a: Blissey
|-supereffective|p2a: Blissey
|-damage|p2a: Blissey|54/100
|move|p2a: Blissey|Seismic Toss|p1a: Iron Crown
|-damage|p1a: Iron Crown|3/100
|
|-fieldend|move: Psychic Terrain
|upkeep
|turn|15
|
|t:|1779827350
|move|p1a: Iron Crown|Tachyon Cutter|p2a: Blissey
|-damage|p2a: Blissey|45/100
|-damage|p2a: Blissey|36/100
|-hitcount|p2a: Blissey|2
|move|p2a: Blissey|Soft-Boiled|p2a: Blissey
|-heal|p2a: Blissey|86/100
|
|upkeep
|turn|16
|
|t:|1779827359
|move|p1a: Iron Crown|Focus Blast|p2a: Blissey
|-supereffective|p2a: Blissey
|-damage|p2a: Blissey|60/100
|move|p2a: Blissey|Seismic Toss|p1a: Iron Crown
|-damage|p1a: Iron Crown|0 fnt
|faint|p1a: Iron Crown
|-end|p1a: Iron Crown|Quark Drive|[silent]
|
|upkeep
|
|t:|1779827370
|switch|p1a: Armarouge|Armarouge, M, shiny|27/100
|-damage|p1a: Armarouge|11/100|[from] Spikes
|-damage|p1a: Armarouge|0 fnt|[from] Stealth Rock
|faint|p1a: Armarouge
|-message|akelimaru forfeited.
|
|win|claudechamp
|raw|akelimaru's rating: 1209 &rarr; <strong>1183</strong><br />(-26 for losing)
|raw|claudechamp's rating: 1193 &rarr; <strong>1219</strong><br />(+26 for winning)
|c|☆claudechamp|gg
|l|☆akelimaru
|player|p1|
