|j|☆24iomxx
|j|☆bloodmannava
|t:|1779960983
|gametype|singles
|player|p1|24iomxx|hilbert-masters|1147
|player|p2|bloodmannava|cyrus|1181
|gen|9
|tier|[Gen 9] OU
|rated|
|rule|HP Percentage Mod: HP is shown in percentages
|rule|Endless Battle Clause: Forcing endless battles is banned
|rule|Species Clause: Limit one of each Pokémon
|rule|OHKO Clause: OHKO moves are banned
|rule|Evasion Items Clause: Evasion items are banned
|rule|Evasion Moves Clause: Evasion moves are banned
|rule|Evasion Abilities Clause: Evasion abilities are banned
|rule|Sleep Moves Clause: Sleep-inducing moves are banned
|clearpoke
|poke|p1|Hydreigon, M|
|poke|p1|Excadrill, M|
|poke|p1|Galvantula, M|
|poke|p1|Chandelure, F|
|poke|p1|Amoonguss, M|
|poke|p1|Braviary, M|
|poke|p2|Glimmora, M|
|poke|p2|Dragonite, M|
|poke|p2|Gholdengo|
|poke|p2|Iron Valiant|
|poke|p2|Great Tusk|
|poke|p2|Iron Moth|
|teampreview
|inactive|Battle timer is ON: inactive players will automatically lose when time's up. (requested by 24iomxx)
|
|t:|1779961013
|teamsize|p1|6
|teamsize|p2|6
|start
|switch|p1a: Galvantula|Galvantula, M|100/100
|switch|p2a: Glimmora|Glimmora, M, shiny|100/100
|turn|1
|
|t:|1779961026
|switch|p1a: Excadrill|Excadrill, M|100/100
|-ability|p1a: Excadrill|Mold Breaker
|-item|p1a: Excadrill|Air Balloon
|move|p2a: Glimmora|Power Gem|p1a: Excadrill
|-resisted|p1a: Excadrill
|-damage|p1a: Excadrill|88/100
|-enditem|p1a: Excadrill|Air Balloon
|
|upkeep
|turn|2
|
|t:|1779961038
|move|p1a: Excadrill|Rapid Spin|p2a: Glimmora
|-resisted|p2a: Glimmora
|-damage|p2a: Glimmora|89/100
|-boost|p1a: Excadrill|spe|1
|-activate|p2a: Glimmora|ability: Toxic Debris
|-sidestart|p1: 24iomxx|move: Toxic Spikes
|-sideend|p1: 24iomxx|Toxic Spikes|[from] move: Rapid Spin|[of] p1a: Excadrill
|move|p2a: Glimmora|Earth Power|p1a: Excadrill
|-supereffective|p1a: Excadrill
|-damage|p1a: Excadrill|5/100
|
|upkeep
|turn|3
|
|t:|1779961053
|move|p1a: Excadrill|Earthquake|p2a: Glimmora
|-supereffective|p2a: Glimmora
|-damage|p2a: Glimmora|0 fnt
|-activate|p2a: Glimmora|ability: Toxic Debris
|-sidestart|p1: 24iomxx|move: Toxic Spikes
|faint|p2a: Glimmora
|
|upkeep
|
|t:|1779961062
|switch|p2a: Dragonite|Dragonite, M|100/100
|turn|4
|
|t:|1779961066
|move|p2a: Dragonite|Extreme Speed|p1a: Excadrill
|-resisted|p1a: Excadrill
|-damage|p1a: Excadrill|0 fnt
|faint|p1a: Excadrill
|
|upkeep
|
|t:|1779961068
|switch|p1a: Amoonguss|Amoonguss, M|100/100
|-sideend|p1: 24iomxx|move: Toxic Spikes|[of] p1a: Amoonguss
|turn|5
|
|t:|1779961088
|move|p2a: Dragonite|Fire Punch|p1a: Amoonguss
|-supereffective|p1a: Amoonguss
|-damage|p1a: Amoonguss|59/100
|move|p1a: Amoonguss|Stun Spore|p2a: Dragonite
|-status|p2a: Dragonite|par
|
|-heal|p1a: Amoonguss|65/100|[from] item: Leftovers
|upkeep
|turn|6
|
|t:|1779961100
|switch|p2a: Iron Moth|Iron Moth|100/100
|-enditem|p2a: Iron Moth|Booster Energy
|-activate|p2a: Iron Moth|ability: Quark Drive|[fromitem]
|-start|p2a: Iron Moth|quarkdrivespa
|move|p1a: Amoonguss|Sludge Bomb|p2a: Iron Moth
|-resisted|p2a: Iron Moth
|-damage|p2a: Iron Moth|88/100
|
|-heal|p1a: Amoonguss|71/100|[from] item: Leftovers
|upkeep
|turn|7
|
|t:|1779961109
|switch|p1a: Chandelure|Chandelure, F|100/100
|move|p2a: Iron Moth|Fiery Dance|p1a: Chandelure
|-start|p1a: Chandelure|ability: Flash Fire
|
|upkeep
|turn|8
|
|t:|1779961131
|-end|p2a: Iron Moth|Quark Drive|[silent]
|switch|p2a: Iron Valiant|Iron Valiant|100/100
|-enditem|p2a: Iron Valiant|Booster Energy
|-activate|p2a: Iron Valiant|ability: Quark Drive|[fromitem]
|-start|p2a: Iron Valiant|quarkdrivespe
|move|p1a: Chandelure|Shadow Ball|p2a: Iron Valiant
|-damage|p2a: Iron Valiant|16/100
|
|upkeep
|turn|9
|
|t:|1779961142
|move|p2a: Iron Valiant|Knock Off|p1a: Chandelure
|-supereffective|p1a: Chandelure
|-damage|p1a: Chandelure|6/100
|-enditem|p1a: Chandelure|Choice Scarf|[from] move: Knock Off|[of] p2a: Iron Valiant
|move|p1a: Chandelure|Shadow Ball|p2a: Iron Valiant
|-damage|p2a: Iron Valiant|0 fnt
|faint|p2a: Iron Valiant
|-end|p2a: Iron Valiant|Quark Drive|[silent]
|
|upkeep
|
|t:|1779961152
|switch|p2a: Gholdengo|Gholdengo|100/100
|turn|10
|
|t:|1779961167
|move|p2a: Gholdengo|Shadow Ball|p1a: Chandelure
|-supereffective|p1a: Chandelure
|-crit|p1a: Chandelure
|-damage|p1a: Chandelure|0 fnt
|faint|p1a: Chandelure
|
|upkeep
|
|t:|1779961169
|switch|p1a: Hydreigon|Hydreigon, M|100/100
|turn|11
|
|t:|1779961196
|switch|p2a: Great Tusk|Great Tusk|100/100
|-enditem|p2a: Great Tusk|Booster Energy
|-activate|p2a: Great Tusk|ability: Protosynthesis|[fromitem]
|-start|p2a: Great Tusk|protosynthesisatk
|move|p1a: Hydreigon|Substitute|p1a: Hydreigon
|-start|p1a: Hydreigon|Substitute
|-damage|p1a: Hydreigon|76/100
|
|-heal|p1a: Hydreigon|82/100|[from] item: Leftovers
|upkeep
|turn|12
|
|t:|1779961210
|move|p1a: Hydreigon|Nasty Plot|p1a: Hydreigon
|-boost|p1a: Hydreigon|spa|2
|move|p2a: Great Tusk|Ice Spinner|p1a: Hydreigon
|-supereffective|p1a: Hydreigon
|-crit|p1a: Hydreigon
|-end|p1a: Hydreigon|Substitute
|
|-heal|p1a: Hydreigon|88/100|[from] item: Leftovers
|upkeep
|turn|13
|
|t:|1779961218
|move|p1a: Hydreigon|Draco Meteor|p2a: Great Tusk
|-damage|p2a: Great Tusk|0 fnt
|-unboost|p1a: Hydreigon|spa|2
|faint|p2a: Great Tusk
|-end|p2a: Great Tusk|Protosynthesis|[silent]
|
|-heal|p1a: Hydreigon|94/100|[from] item: Leftovers
|upkeep
|
|t:|1779961230
|switch|p2a: Dragonite|Dragonite, M|100/100 par
|turn|14
|
|t:|1779961234
|move|p1a: Hydreigon|Draco Meteor|p2a: Dragonite
|-supereffective|p2a: Dragonite
|-damage|p2a: Dragonite|26/100 par
|-unboost|p1a: Hydreigon|spa|2
|move|p2a: Dragonite|Earthquake|p1a: Hydreigon
|-immune|p1a: Hydreigon|[from] ability: Levitate
|
|-heal|p1a: Hydreigon|99/100|[from] item: Leftovers
|upkeep
|turn|15
|
|t:|1779961247
|switch|p1a: Amoonguss|Amoonguss, M|100/100
|switch|p2a: Gholdengo|Gholdengo|100/100
|
|upkeep
|turn|16
|
|t:|1779961254
|move|p2a: Gholdengo|Trick|p1a: Amoonguss
|-activate|p2a: Gholdengo|move: Trick|[of] p1a: Amoonguss
|-item|p1a: Amoonguss|Choice Scarf|[from] move: Trick
|-item|p2a: Gholdengo|Leftovers|[from] move: Trick
|move|p1a: Amoonguss|Foul Play|p2a: Gholdengo
|-supereffective|p2a: Gholdengo
|-damage|p2a: Gholdengo|75/100
|
|-heal|p2a: Gholdengo|81/100|[from] item: Leftovers
|upkeep
|turn|17
|
|t:|1779961267
|switch|p1a: Hydreigon|Hydreigon, M|99/100
|move|p2a: Gholdengo|Shadow Ball|p1a: Hydreigon
|-resisted|p1a: Hydreigon
|-damage|p1a: Hydreigon|74/100
|
|-heal|p1a: Hydreigon|80/100|[from] item: Leftovers
|-heal|p2a: Gholdengo|87/100|[from] item: Leftovers
|upkeep
|turn|18
|
|t:|1779961276
|move|p1a: Hydreigon|Nasty Plot|p1a: Hydreigon
|-boost|p1a: Hydreigon|spa|2
|move|p2a: Gholdengo|Focus Blast|p1a: Hydreigon
|-supereffective|p1a: Hydreigon
|-damage|p1a: Hydreigon|0 fnt
|faint|p1a: Hydreigon
|
|-heal|p2a: Gholdengo|93/100|[from] item: Leftovers
|upkeep
|
|t:|1779961289
|switch|p1a: Galvantula|Galvantula, M|100/100
|turn|19
|
|t:|1779961306
|switch|p2a: Iron Moth|Iron Moth|88/100
|move|p1a: Galvantula|Thunder|p2a: Iron Moth
|-damage|p2a: Iron Moth|42/100
|
|upkeep
|turn|20
|
|t:|1779961314
|move|p2a: Iron Moth|Fiery Dance|p1a: Galvantula
|-supereffective|p1a: Galvantula
|-enditem|p1a: Galvantula|Focus Sash
|-damage|p1a: Galvantula|1/100
|-boost|p2a: Iron Moth|spa|1
|move|p1a: Galvantula|Thunder Wave|p2a: Iron Moth
|-status|p2a: Iron Moth|par
|
|upkeep
|turn|21
|
|t:|1779961322
|move|p1a: Galvantula|Thunder|p2a: Iron Moth
|-damage|p2a: Iron Moth|0 fnt
|faint|p2a: Iron Moth
|-end|p2a: Iron Moth|Quark Drive|[silent]
|
|upkeep
|
|t:|1779961329
|switch|p2a: Dragonite|Dragonite, M|26/100 par
|turn|22
|
|t:|1779961332
|move|p2a: Dragonite|Extreme Speed|p1a: Galvantula
|-damage|p1a: Galvantula|0 fnt
|faint|p1a: Galvantula
|
|upkeep
|
|t:|1779961343
|switch|p1a: Amoonguss|Amoonguss, M|100/100
|turn|23
|
|t:|1779961354
|switch|p2a: Gholdengo|Gholdengo|93/100
|move|p1a: Amoonguss|Foul Play|p2a: Gholdengo
|-supereffective|p2a: Gholdengo
|-damage|p2a: Gholdengo|67/100
|
|-heal|p2a: Gholdengo|73/100|[from] item: Leftovers
|upkeep
|turn|24
|
|t:|1779961365
|move|p2a: Gholdengo|Shadow Ball|p1a: Amoonguss
|-damage|p1a: Amoonguss|64/100
|move|p1a: Amoonguss|Foul Play|p2a: Gholdengo
|-supereffective|p2a: Gholdengo
|-damage|p2a: Gholdengo|51/100
|
|-heal|p2a: Gholdengo|57/100|[from] item: Leftovers
|upkeep
|turn|25
|
|t:|1779961373
|move|p2a: Gholdengo|Shadow Ball|p1a: Amoonguss
|-damage|p1a: Amoonguss|25/100
|move|p1a: Amoonguss|Foul Play|p2a: Gholdengo
|-supereffective|p2a: Gholdengo
|-damage|p2a: Gholdengo|33/100
|
|-heal|p2a: Gholdengo|39/100|[from] item: Leftovers
|upkeep
|turn|26
|
|t:|1779961381
|switch|p1a: Braviary|Braviary, M|100/100
|move|p2a: Gholdengo|Shadow Ball|p1a: Braviary
|-immune|p1a: Braviary
|
|-heal|p2a: Gholdengo|45/100|[from] item: Leftovers
|upkeep
|turn|27
|
|t:|1779961403
|move|p2a: Gholdengo|Focus Blast|p1a: Braviary
|-crit|p1a: Braviary
|-damage|p1a: Braviary|20/100
|move|p1a: Braviary|Sky Attack||[still]
|-prepare|p1a: Braviary|Sky Attack
|-enditem|p1a: Braviary|Power Herb
|-anim|p1a: Braviary|Sky Attack|p2a: Gholdengo
|-resisted|p2a: Gholdengo
|-crit|p2a: Gholdengo
|-damage|p2a: Gholdengo|0 fnt
|faint|p2a: Gholdengo
|
|upkeep
|
|t:|1779961412
|switch|p2a: Dragonite|Dragonite, M|26/100 par
|turn|28
|
|t:|1779961417
|-terastallize|p2a: Dragonite|Normal
|move|p2a: Dragonite|Extreme Speed|p1a: Braviary
|-damage|p1a: Braviary|0 fnt
|faint|p1a: Braviary
|
|upkeep
|
|t:|1779961421
|switch|p1a: Amoonguss|Amoonguss, M|58/100
|turn|29
|
|t:|1779961431
|move|p1a: Amoonguss|Sludge Bomb|p2a: Dragonite
|-damage|p2a: Dragonite|0 fnt
|faint|p2a: Dragonite
|
|win|24iomxx
|raw|24iomxx's rating: 1147 &rarr; <strong>1174</strong><br />(+27 for winning)
|raw|bloodmannava's rating: 1181 &rarr; <strong>1154</strong><br />(-27 for losing)
|l|☆24iomxx
|player|p1|
