|j|☆romain05
|j|☆Dumptrunk
|t:|1779833379
|gametype|singles
|player|p1|romain05|ghetsis|1127
|player|p2|Dumptrunk|clown|1133
|gen|9
|tier|[Gen 9] OU
|rated|
|rule|HP Percentage Mod: HP is shown in percentages
|rule|Endless Battle Clause: Forcing endless battles is banned
|rule|Species Clause: Limit one of each Pokémon
|rule|OHKO Clause: OHKO moves are banned
|rule|Evasion Items Clause: Evasion items are banned
|rule|Evasion Moves Clause: Evasion moves are banned
|rule|Evasion Abilities Clause: Evasion abilities are banned
|rule|Sleep Moves Clause: Sleep-inducing moves are banned
|clearpoke
|poke|p1|Venusaur, F|
|poke|p1|Torkoal, F|
|poke|p1|Raging Bolt|
|poke|p1|Walking Wake|
|poke|p1|Great Tusk|
|poke|p1|Scream Tail|
|poke|p2|Alomomola, F|
|poke|p2|Slowking-Galar, M|
|poke|p2|Porygon-Z|
|poke|p2|Dondozo, F|
|poke|p2|Ogerpon, F|
|poke|p2|Hatterene, F|
|teampreview
|inactive|Battle timer is ON: inactive players will automatically lose when time's up. (requested by romain05)
|
|t:|1779833398
|teamsize|p1|6
|teamsize|p2|6
|start
|switch|p1a: Torkoal|Torkoal, F|100/100
|switch|p2a: Porygon-Z|Porygon-Z|100/100
|-weather|SunnyDay|[from] ability: Drought|[of] p1a: Torkoal
|turn|1
|
|t:|1779833407
|move|p2a: Porygon-Z|Nasty Plot|p2a: Porygon-Z
|-boost|p2a: Porygon-Z|spa|2
|move|p1a: Torkoal|Eruption|p2a: Porygon-Z
|-damage|p2a: Porygon-Z|0 fnt
|faint|p2a: Porygon-Z
|
|-weather|SunnyDay|[upkeep]
|upkeep
|
|t:|1779833415
|switch|p2a: Slowking|Slowking-Galar, M|100/100
|turn|2
|
|t:|1779833422
|switch|p1a: Venusaur|Venusaur, F|100/100
|move|p2a: Slowking|Psychic|p1a: Venusaur
|-supereffective|p1a: Venusaur
|-damage|p1a: Venusaur|0 fnt
|faint|p1a: Venusaur
|
|-weather|SunnyDay|[upkeep]
|upkeep
|
|t:|1779833433
|switch|p1a: Raging Bolt|Raging Bolt|100/100
|-activate|p1a: Raging Bolt|ability: Protosynthesis
|-start|p1a: Raging Bolt|protosynthesisspa
|turn|3
|
|t:|1779833440
|-terastallize|p2a: Slowking|Fairy
|move|p1a: Raging Bolt|Weather Ball|p2a: Slowking
|-damage|p2a: Slowking|28/100
|move|p2a: Slowking|Psychic|p1a: Raging Bolt
|-damage|p1a: Raging Bolt|35/100
|
|-weather|SunnyDay|[upkeep]
|-heal|p1a: Raging Bolt|41/100|[from] item: Leftovers
|upkeep
|turn|4
|
|t:|1779833453
|switch|p2a: Alomomola|Alomomola, F|100/100
|move|p1a: Raging Bolt|Thunderbolt|p2a: Alomomola
|-supereffective|p2a: Alomomola
|-damage|p2a: Alomomola|0 fnt
|faint|p2a: Alomomola
|
|-weather|SunnyDay|[upkeep]
|-heal|p1a: Raging Bolt|47/100|[from] item: Leftovers
|upkeep
|
|t:|1779833458
|switch|p2a: Hatterene|Hatterene, F|100/100
|turn|5
|
|t:|1779833467
|move|p1a: Raging Bolt|Weather Ball|p2a: Hatterene
|-damage|p2a: Hatterene|11/100
|move|p2a: Hatterene|Draining Kiss|p1a: Raging Bolt
|-supereffective|p1a: Raging Bolt
|-damage|p1a: Raging Bolt|0 fnt
|-heal|p2a: Hatterene|64/100|[from] drain|[of] p1a: Raging Bolt
|faint|p1a: Raging Bolt
|-end|p1a: Raging Bolt|Protosynthesis|[silent]
|
|-weather|none
|upkeep
|
|t:|1779833476
|switch|p1a: Torkoal|Torkoal, F|100/100
|-weather|SunnyDay|[from] ability: Drought|[of] p1a: Torkoal
|turn|6
|
|t:|1779833485
|switch|p2a: Slowking|Slowking-Galar, M, tera:Fairy|61/100
|move|p1a: Torkoal|Solar Beam||[still]
|-prepare|p1a: Torkoal|Solar Beam
|-anim|p1a: Torkoal|Solar Beam|p2a: Slowking
|-damage|p2a: Slowking|13/100
|
|-weather|SunnyDay|[upkeep]
|upkeep
|turn|7
|
|t:|1779833492
|move|p2a: Slowking|Psychic|p1a: Torkoal
|-damage|p1a: Torkoal|16/100
|move|p1a: Torkoal|Solar Beam||[still]
|-prepare|p1a: Torkoal|Solar Beam
|-anim|p1a: Torkoal|Solar Beam|p2a: Slowking
|-damage|p2a: Slowking|0 fnt
|faint|p2a: Slowking
|
|-weather|SunnyDay|[upkeep]
|upkeep
|
|t:|1779833497
|switch|p2a: Hatterene|Hatterene, F|64/100
|turn|8
|
|t:|1779833505
|switch|p1a: Scream Tail|Scream Tail|100/100
|-activate|p1a: Scream Tail|ability: Protosynthesis
|-start|p1a: Scream Tail|protosynthesisspd
|move|p2a: Hatterene|Expanding Force|p1a: Scream Tail
|-resisted|p1a: Scream Tail
|-damage|p1a: Scream Tail|87/100
|
|-weather|SunnyDay|[upkeep]
|-damage|p1a: Scream Tail|74/100|[from] item: Sticky Barb
|upkeep
|turn|9
|
|t:|1779833514
|move|p1a: Scream Tail|Trick|p2a: Hatterene
|-activate|p1a: Scream Tail|move: Trick|[of] p2a: Hatterene
|-item|p2a: Hatterene|Sticky Barb|[from] move: Trick
|-item|p1a: Scream Tail|Choice Specs|[from] move: Trick
|move|p2a: Hatterene|Expanding Force|p1a: Scream Tail
|-resisted|p1a: Scream Tail
|-damage|p1a: Scream Tail|64/100
|
|-weather|SunnyDay|[upkeep]
|-damage|p2a: Hatterene|51/100|[from] item: Sticky Barb
|upkeep
|turn|10
|
|t:|1779833524
|switch|p2a: Ogerpon|Ogerpon, F|100/100
|move|p1a: Scream Tail|Wish|p1a: Scream Tail
|
|-weather|none
|-end|p1a: Scream Tail|Protosynthesis
|upkeep
|turn|11
|
|t:|1779833529
|-end|p1a: Scream Tail|Protosynthesis|[silent]
|switch|p1a: Torkoal|Torkoal, F|16/100
|-weather|SunnyDay|[from] ability: Drought|[of] p1a: Torkoal
|move|p2a: Ogerpon|U-turn|p1a: Torkoal
|-resisted|p1a: Torkoal
|-damage|p1a: Torkoal|1/100
|
|t:|1779833535
|switch|p2a: Hatterene|Hatterene, F|51/100|[from] U-turn
|
|-weather|SunnyDay|[upkeep]
|-heal|p1a: Torkoal|64/100|[from] move: Wish|[wisher] Scream Tail
|-damage|p2a: Hatterene|39/100|[from] item: Sticky Barb
|upkeep
|turn|12
|
|t:|1779833555
|move|p2a: Hatterene|Draining Kiss|p1a: Torkoal
|-resisted|p1a: Torkoal
|-crit|p1a: Torkoal
|-damage|p1a: Torkoal|33/100
|-heal|p2a: Hatterene|70/100|[from] drain|[of] p1a: Torkoal
|move|p1a: Torkoal|Flamethrower|p2a: Hatterene
|-damage|p2a: Hatterene|0 fnt
|faint|p2a: Hatterene
|
|-weather|SunnyDay|[upkeep]
|upkeep
|-message|Dumptrunk forfeited.
|
|win|romain05
|raw|romain05's rating: 1127 &rarr; <strong>1152</strong><br />(+25 for winning)
|raw|Dumptrunk's rating: 1133 &rarr; <strong>1108</strong><br />(-25 for losing)
|l|☆Dumptrunk
|player|p2|
