|j|☆Pelogrulla72
|j|☆yuemingzhichu1
|t:|1779807424
|gametype|singles
|player|p1|Pelogrulla72|erika|1193
|player|p2|yuemingzhichu1|2|1248
|gen|9
|tier|[Gen 9] OU
|rated|
|rule|HP Percentage Mod: HP is shown in percentages
|rule|Endless Battle Clause: Forcing endless battles is banned
|rule|Species Clause: Limit one of each Pokémon
|rule|OHKO Clause: OHKO moves are banned
|rule|Evasion Items Clause: Evasion items are banned
|rule|Evasion Moves Clause: Evasion moves are banned
|rule|Evasion Abilities Clause: Evasion abilities are banned
|rule|Sleep Moves Clause: Sleep-inducing moves are banned
|clearpoke
|poke|p1|Ninetales, M|
|poke|p1|Victreebel, F|
|poke|p1|Venusaur, M|
|poke|p1|Great Tusk|
|poke|p1|Raging Bolt|
|poke|p1|Cinderace, M|
|poke|p2|Regieleki|
|poke|p2|Dragonite, F|
|poke|p2|Cinderace, F|
|poke|p2|Corviknight, F|
|poke|p2|Samurott-Hisui, M|
|poke|p2|Blissey, F|
|teampreview
|
|t:|1779807433
|teamsize|p1|6
|teamsize|p2|6
|start
|switch|p1a: Lorenzo|Ninetales, M|100/100
|switch|p2a: Dragonite|Dragonite, F|100/100
|-weather|SunnyDay|[from] ability: Drought|[of] p1a: Lorenzo
|turn|1
|inactive|Battle timer is ON: inactive players will automatically lose when time's up. (requested by Pelogrulla72)
|
|t:|1779807439
|move|p1a: Lorenzo|Will-O-Wisp|p2a: Dragonite
|-status|p2a: Dragonite|brn
|move|p2a: Dragonite|Fire Spin|p1a: Lorenzo
|-resisted|p1a: Lorenzo
|-damage|p1a: Lorenzo|94/100
|-activate|p1a: Lorenzo|move: Fire Spin|[of] p2a: Dragonite
|
|-weather|SunnyDay|[upkeep]
|-damage|p2a: Dragonite|94/100 brn|[from] brn
|-damage|p1a: Lorenzo|82/100|[from] move: Fire Spin|[partiallytrapped]
|upkeep
|turn|2
|
|t:|1779807451
|move|p1a: Lorenzo|Flamethrower|p2a: Dragonite
|-resisted|p2a: Dragonite
|-damage|p2a: Dragonite|71/100 brn
|move|p2a: Dragonite|Encore|p1a: Lorenzo
|-start|p1a: Lorenzo|Encore
|
|-weather|SunnyDay|[upkeep]
|-heal|p2a: Dragonite|78/100 brn|[from] item: Leftovers
|-damage|p2a: Dragonite|71/100 brn|[from] brn
|-damage|p1a: Lorenzo|69/100|[from] move: Fire Spin|[partiallytrapped]
|upkeep
|turn|3
|
|t:|1779807456
|move|p2a: Dragonite|Protect|p2a: Dragonite
|-singleturn|p2a: Dragonite|Protect
|move|p1a: Lorenzo|Flamethrower|p2a: Dragonite
|-activate|p2a: Dragonite|move: Protect
|
|-weather|SunnyDay|[upkeep]
|-heal|p2a: Dragonite|78/100 brn|[from] item: Leftovers
|-damage|p2a: Dragonite|71/100 brn|[from] brn
|-damage|p1a: Lorenzo|57/100|[from] move: Fire Spin|[partiallytrapped]
|upkeep
|turn|4
|
|t:|1779807463
|move|p1a: Lorenzo|Flamethrower|p2a: Dragonite
|-resisted|p2a: Dragonite
|-damage|p2a: Dragonite|50/100 brn
|move|p2a: Dragonite|Roost|p2a: Dragonite
|-heal|p2a: Dragonite|99/100 brn
|-singleturn|p2a: Dragonite|move: Roost
|
|-weather|SunnyDay|[upkeep]
|-heal|p2a: Dragonite|100/100 brn|[from] item: Leftovers
|-damage|p2a: Dragonite|94/100 brn|[from] brn
|-damage|p1a: Lorenzo|45/100|[from] move: Fire Spin|[partiallytrapped]
|upkeep
|turn|5
|
|t:|1779807469
|move|p1a: Lorenzo|Flamethrower|p2a: Dragonite
|-resisted|p2a: Dragonite
|-damage|p2a: Dragonite|73/100 brn
|move|p2a: Dragonite|Fire Spin|p1a: Lorenzo
|-resisted|p1a: Lorenzo
|-damage|p1a: Lorenzo|38/100
|
|-weather|SunnyDay|[upkeep]
|-heal|p2a: Dragonite|79/100 brn|[from] item: Leftovers
|-damage|p2a: Dragonite|73/100 brn|[from] brn
|-end|p1a: Lorenzo|Fire Spin|[partiallytrapped]
|-end|p1a: Lorenzo|Encore
|upkeep
|turn|6
|
|t:|1779807479
|switch|p1a: Extremoduro|Great Tusk, shiny|100/100
|-activate|p1a: Extremoduro|ability: Protosynthesis
|-start|p1a: Extremoduro|protosynthesisatk
|move|p2a: Dragonite|Fire Spin|p1a: Extremoduro
|-damage|p1a: Extremoduro|85/100
|-activate|p1a: Extremoduro|move: Fire Spin|[of] p2a: Dragonite
|
|-weather|SunnyDay|[upkeep]
|-heal|p1a: Extremoduro|92/100|[from] item: Leftovers
|-heal|p2a: Dragonite|79/100 brn|[from] item: Leftovers
|-damage|p2a: Dragonite|73/100 brn|[from] brn
|-damage|p1a: Extremoduro|79/100|[from] move: Fire Spin|[partiallytrapped]
|upkeep
|turn|7
|
|t:|1779807493
|move|p2a: Dragonite|Protect|p2a: Dragonite
|-singleturn|p2a: Dragonite|Protect
|move|p1a: Extremoduro|Ice Spinner|p2a: Dragonite
|-activate|p2a: Dragonite|move: Protect
|
|-weather|SunnyDay|[upkeep]
|-heal|p1a: Extremoduro|85/100|[from] item: Leftovers
|-heal|p2a: Dragonite|79/100 brn|[from] item: Leftovers
|-damage|p2a: Dragonite|73/100 brn|[from] brn
|-damage|p1a: Extremoduro|73/100|[from] move: Fire Spin|[partiallytrapped]
|upkeep
|turn|8
|
|t:|1779807512
|switch|p2a: Cinderace|Cinderace, F|100/100
|move|p1a: Extremoduro|Ice Spinner|p2a: Cinderace
|-resisted|p2a: Cinderace
|-damage|p2a: Cinderace|71/100
|
|-weather|none
|-end|p1a: Extremoduro|Protosynthesis
|-heal|p1a: Extremoduro|79/100|[from] item: Leftovers
|-end|p1a: Extremoduro|Fire Spin|[partiallytrapped]|[silent]
|upkeep
|turn|9
|
|t:|1779807518
|move|p2a: Cinderace|U-turn|p1a: Extremoduro
|-start|p2a: Cinderace|typechange|Bug|[from] ability: Libero
|-resisted|p1a: Extremoduro
|-damage|p1a: Extremoduro|68/100
|
|t:|1779807525
|switch|p2a: Dragonite|Dragonite, F|73/100 brn|[from] U-turn
|move|p1a: Extremoduro|Earthquake|p2a: Dragonite
|-immune|p2a: Dragonite
|
|-heal|p1a: Extremoduro|74/100|[from] item: Leftovers
|-heal|p2a: Dragonite|79/100 brn|[from] item: Leftovers
|-damage|p2a: Dragonite|73/100 brn|[from] brn
|upkeep
|turn|10
|
|t:|1779807532
|move|p2a: Dragonite|Protect|p2a: Dragonite
|-singleturn|p2a: Dragonite|Protect
|move|p1a: Extremoduro|Ice Spinner|p2a: Dragonite
|-activate|p2a: Dragonite|move: Protect
|
|-heal|p1a: Extremoduro|80/100|[from] item: Leftovers
|-heal|p2a: Dragonite|79/100 brn|[from] item: Leftovers
|-damage|p2a: Dragonite|73/100 brn|[from] brn
|upkeep
|turn|11
|
|t:|1779807543
|switch|p2a: Corviknight|Corviknight, F|100/100
|move|p1a: Extremoduro|Ice Spinner|p2a: Corviknight
|-damage|p2a: Corviknight|82/100
|
|-heal|p1a: Extremoduro|86/100|[from] item: Leftovers
|upkeep
|turn|12
|
|t:|1779807549
|move|p1a: Extremoduro|Knock Off|p2a: Corviknight
|-damage|p2a: Corviknight|60/100
|-enditem|p2a: Corviknight|Heavy-Duty Boots|[from] move: Knock Off|[of] p1a: Extremoduro
|move|p2a: Corviknight|Brave Bird|p1a: Extremoduro
|-supereffective|p1a: Extremoduro
|-damage|p1a: Extremoduro|35/100
|-damage|p2a: Corviknight|44/100|[from] Recoil
|
|-heal|p1a: Extremoduro|41/100|[from] item: Leftovers
|upkeep
|turn|13
|
|t:|1779807570
|-end|p1a: Extremoduro|Protosynthesis|[silent]
|switch|p1a: Pau Palacín|Cinderace, M, shiny|100/100
|move|p2a: Corviknight|Brave Bird|p1a: Pau Palacín
|-damage|p1a: Pau Palacín|45/100
|-damage|p2a: Corviknight|31/100|[from] Recoil
|
|upkeep
|turn|14
|
|t:|1779807584
|switch|p2a: Samurott|Samurott-Hisui, M|100/100
|move|p1a: Pau Palacín|U-turn|p2a: Samurott
|-start|p1a: Pau Palacín|typechange|Bug|[from] ability: Libero
|-supereffective|p2a: Samurott
|-damage|p2a: Samurott|25/100
|
|t:|1779807591
|switch|p1a: Lorenzo|Ninetales, M|38/100|[from] U-turn
|-weather|SunnyDay|[from] ability: Drought|[of] p1a: Lorenzo
|
|-weather|SunnyDay|[upkeep]
|upkeep
|turn|15
|
|t:|1779807605
|switch|p1a: By Fer|Raging Bolt|100/100
|-activate|p1a: By Fer|ability: Protosynthesis
|-start|p1a: By Fer|protosynthesisspa
|move|p2a: Samurott|Sucker Punch||[still]
|-fail|p2a: Samurott
|
|-weather|SunnyDay|[upkeep]
|upkeep
|turn|16
|
|t:|1779807611
|switch|p2a: Blissey|Blissey, F|100/100
|move|p1a: By Fer|Calm Mind|p1a: By Fer
|-boost|p1a: By Fer|spa|1
|-boost|p1a: By Fer|spd|1
|
|-weather|SunnyDay|[upkeep]
|upkeep
|turn|17
|
|t:|1779807616
|move|p1a: By Fer|Dragon Pulse|p2a: Blissey
|-damage|p2a: Blissey|75/100
|move|p2a: Blissey|Seismic Toss|p1a: By Fer
|-damage|p1a: By Fer|77/100
|
|-weather|SunnyDay|[upkeep]
|-heal|p1a: By Fer|83/100|[from] item: Leftovers
|-heal|p2a: Blissey|81/100|[from] item: Leftovers
|upkeep
|turn|18
|
|t:|1779807623
|move|p1a: By Fer|Thunderbolt|p2a: Blissey
|-damage|p2a: Blissey|54/100
|move|p2a: Blissey|Seismic Toss|p1a: By Fer
|-damage|p1a: By Fer|59/100
|
|-weather|SunnyDay|[upkeep]
|-heal|p1a: By Fer|65/100|[from] item: Leftovers
|-heal|p2a: Blissey|61/100|[from] item: Leftovers
|upkeep
|turn|19
|
|t:|1779807629
|move|p1a: By Fer|Calm Mind|p1a: By Fer
|-boost|p1a: By Fer|spa|1
|-boost|p1a: By Fer|spd|1
|move|p2a: Blissey|Soft-Boiled|p2a: Blissey
|-heal|p2a: Blissey|100/100
|
|-weather|SunnyDay|[upkeep]
|-heal|p1a: By Fer|71/100|[from] item: Leftovers
|upkeep
|turn|20
|
|t:|1779807635
|move|p1a: By Fer|Thunderbolt|p2a: Blissey
|-damage|p2a: Blissey|65/100
|move|p2a: Blissey|Seismic Toss|p1a: By Fer
|-damage|p1a: By Fer|48/100
|
|-weather|SunnyDay|[upkeep]
|-heal|p1a: By Fer|54/100|[from] item: Leftovers
|-heal|p2a: Blissey|71/100|[from] item: Leftovers
|upkeep
|turn|21
|
|t:|1779807639
|move|p1a: By Fer|Thunderbolt|p2a: Blissey
|-damage|p2a: Blissey|33/100
|move|p2a: Blissey|Seismic Toss|p1a: By Fer
|-damage|p1a: By Fer|30/100
|
|-weather|none
|-end|p1a: By Fer|Protosynthesis
|-heal|p1a: By Fer|36/100|[from] item: Leftovers
|-heal|p2a: Blissey|39/100|[from] item: Leftovers
|upkeep
|turn|22
|
|t:|1779807646
|move|p2a: Blissey|Protect|p2a: Blissey
|-singleturn|p2a: Blissey|Protect
|move|p1a: By Fer|Thunderbolt|p2a: Blissey
|-activate|p2a: Blissey|move: Protect
|
|-heal|p1a: By Fer|42/100|[from] item: Leftovers
|-heal|p2a: Blissey|45/100|[from] item: Leftovers
|upkeep
|turn|23
|
|t:|1779807651
|move|p1a: By Fer|Thunderbolt|p2a: Blissey
|-damage|p2a: Blissey|16/100
|move|p2a: Blissey|Soft-Boiled|p2a: Blissey
|-heal|p2a: Blissey|66/100
|
|-heal|p1a: By Fer|48/100|[from] item: Leftovers
|-heal|p2a: Blissey|72/100|[from] item: Leftovers
|upkeep
|turn|24
|
|t:|1779807656
|move|p1a: By Fer|Thunderbolt|p2a: Blissey
|-damage|p2a: Blissey|41/100
|move|p2a: Blissey|Seismic Toss|p1a: By Fer
|-damage|p1a: By Fer|25/100
|
|-heal|p1a: By Fer|31/100|[from] item: Leftovers
|-heal|p2a: Blissey|47/100|[from] item: Leftovers
|upkeep
|turn|25
|
|t:|1779807662
|move|p2a: Blissey|Protect|p2a: Blissey
|-singleturn|p2a: Blissey|Protect
|move|p1a: By Fer|Thunderbolt|p2a: Blissey
|-activate|p2a: Blissey|move: Protect
|
|-heal|p1a: By Fer|37/100|[from] item: Leftovers
|-heal|p2a: Blissey|53/100|[from] item: Leftovers
|upkeep
|turn|26
|
|t:|1779807665
|move|p1a: By Fer|Thunderbolt|p2a: Blissey
|-damage|p2a: Blissey|26/100
|move|p2a: Blissey|Soft-Boiled|p2a: Blissey
|-heal|p2a: Blissey|76/100
|
|-heal|p1a: By Fer|43/100|[from] item: Leftovers
|-heal|p2a: Blissey|82/100|[from] item: Leftovers
|upkeep
|turn|27
|
|t:|1779807670
|move|p1a: By Fer|Thunderbolt|p2a: Blissey
|-damage|p2a: Blissey|52/100
|-status|p2a: Blissey|par
|move|p2a: Blissey|Seismic Toss|p1a: By Fer
|-damage|p1a: By Fer|19/100
|
|-heal|p1a: By Fer|26/100|[from] item: Leftovers
|-heal|p2a: Blissey|58/100 par|[from] item: Leftovers
|upkeep
|turn|28
|
|t:|1779807681
|move|p1a: By Fer|Calm Mind|p1a: By Fer
|-boost|p1a: By Fer|spa|1
|-boost|p1a: By Fer|spd|1
|move|p2a: Blissey|Seismic Toss|p1a: By Fer
|-damage|p1a: By Fer|2/100
|
|-heal|p1a: By Fer|8/100|[from] item: Leftovers
|-heal|p2a: Blissey|64/100 par|[from] item: Leftovers
|upkeep
|turn|29
|
|t:|1779807694
|move|p1a: By Fer|Thunderbolt|p2a: Blissey
|-damage|p2a: Blissey|29/100 par
|move|p2a: Blissey|Seismic Toss|p1a: By Fer
|-damage|p1a: By Fer|0 fnt
|faint|p1a: By Fer
|-end|p1a: By Fer|Protosynthesis|[silent]
|
|-heal|p2a: Blissey|35/100 par|[from] item: Leftovers
|upkeep
|
|t:|1779807699
|switch|p1a: Lorenzo|Ninetales, M|38/100
|-weather|SunnyDay|[from] ability: Drought|[of] p1a: Lorenzo
|turn|30
|
|t:|1779807708
|-curestatus|p2a: Blissey|par|[from] ability: Natural Cure|[silent]
|switch|p2a: Samurott|Samurott-Hisui, M|25/100
|move|p1a: Lorenzo|Solar Beam||[still]
|-prepare|p1a: Lorenzo|Solar Beam
|-anim|p1a: Lorenzo|Solar Beam|p2a: Samurott
|-supereffective|p2a: Samurott
|-damage|p2a: Samurott|0 fnt
|faint|p2a: Samurott
|
|-weather|SunnyDay|[upkeep]
|upkeep
|inactive|yuemingzhichu1 has 120 seconds left.
|
|t:|1779807740
|switch|p2a: Cinderace|Cinderace, F|71/100
|turn|31
|inactive|yuemingzhichu1 has 120 seconds left.
|
|t:|1779807753
|move|p2a: Cinderace|U-turn|p1a: Lorenzo
|-start|p2a: Cinderace|typechange|Bug|[from] ability: Libero
|-resisted|p1a: Lorenzo
|-damage|p1a: Lorenzo|17/100
|
|t:|1779807757
|switch|p2a: Blissey|Blissey, F|35/100|[from] U-turn
|move|p1a: Lorenzo|Scorching Sands|p2a: Blissey
|-damage|p2a: Blissey|30/100
|
|-weather|SunnyDay|[upkeep]
|-heal|p2a: Blissey|36/100|[from] item: Leftovers
|upkeep
|turn|32
|
|t:|1779807771
|switch|p1a: Extremoduro|Great Tusk, shiny|41/100
|-activate|p1a: Extremoduro|ability: Protosynthesis
|-start|p1a: Extremoduro|protosynthesisatk
|move|p2a: Blissey|Soft-Boiled|p2a: Blissey
|-heal|p2a: Blissey|86/100
|
|-weather|SunnyDay|[upkeep]
|-heal|p1a: Extremoduro|47/100|[from] item: Leftovers
|-heal|p2a: Blissey|92/100|[from] item: Leftovers
|upkeep
|turn|33
|
|t:|1779807777
|move|p2a: Blissey|Protect|p2a: Blissey
|-singleturn|p2a: Blissey|Protect
|move|p1a: Extremoduro|Knock Off|p2a: Blissey
|-activate|p2a: Blissey|move: Protect
|
|-weather|SunnyDay|[upkeep]
|-heal|p1a: Extremoduro|53/100|[from] item: Leftovers
|-heal|p2a: Blissey|98/100|[from] item: Leftovers
|upkeep
|turn|34
|
|t:|1779807794
|switch|p2a: Cinderace|Cinderace, F|71/100
|move|p1a: Extremoduro|Knock Off|p2a: Cinderace
|-damage|p2a: Cinderace|8/100
|-enditem|p2a: Cinderace|Choice Scarf|[from] move: Knock Off|[of] p1a: Extremoduro
|
|-weather|SunnyDay|[upkeep]
|-heal|p1a: Extremoduro|59/100|[from] item: Leftovers
|upkeep
|turn|35
|
|t:|1779807806
|move|p2a: Cinderace|Flare Blitz|p1a: Extremoduro
|-damage|p1a: Extremoduro|0 fnt
|faint|p1a: Extremoduro
|-end|p1a: Extremoduro|Protosynthesis|[silent]
|-damage|p2a: Cinderace|0 fnt|[from] Recoil
|faint|p2a: Cinderace
|
|-weather|SunnyDay|[upkeep]
|upkeep
|
|t:|1779807817
|switch|p2a: Regieleki|Regieleki|100/100
|switch|p1a: Copernico|Venusaur, M, shiny|100/100
|turn|36
|
|t:|1779807829
|move|p2a: Regieleki|Protect|p2a: Regieleki
|-singleturn|p2a: Regieleki|Protect
|move|p1a: Copernico|Earth Power|p2a: Regieleki
|-activate|p2a: Regieleki|move: Protect
|
|-weather|SunnyDay|[upkeep]
|upkeep
|turn|37
|
|t:|1779807835
|switch|p2a: Blissey|Blissey, F|98/100
|move|p1a: Copernico|Growth|p1a: Copernico
|-boost|p1a: Copernico|atk|2
|-boost|p1a: Copernico|spa|2
|
|-weather|none
|-heal|p2a: Blissey|100/100|[from] item: Leftovers
|upkeep
|turn|38
|
|t:|1779807844
|move|p2a: Blissey|Protect|p2a: Blissey
|-singleturn|p2a: Blissey|Protect
|move|p1a: Copernico|Sludge Bomb|p2a: Blissey
|-activate|p2a: Blissey|move: Protect
|
|upkeep
|turn|39
|
|t:|1779807848
|move|p1a: Copernico|Sludge Bomb|p2a: Blissey
|-damage|p2a: Blissey|81/100
|move|p2a: Blissey|Seismic Toss|p1a: Copernico
|-damage|p1a: Copernico|70/100
|
|-heal|p2a: Blissey|88/100|[from] item: Leftovers
|upkeep
|turn|40
|
|t:|1779807856
|switch|p1a: Lorenzo|Ninetales, M|17/100
|-weather|SunnyDay|[from] ability: Drought|[of] p1a: Lorenzo
|move|p2a: Blissey|Seismic Toss|p1a: Lorenzo
|-damage|p1a: Lorenzo|0 fnt
|faint|p1a: Lorenzo
|
|-weather|SunnyDay|[upkeep]
|-heal|p2a: Blissey|94/100|[from] item: Leftovers
|upkeep
|
|t:|1779807867
|switch|p1a: Pau Palacín|Cinderace, M, shiny|45/100
|turn|41
|
|t:|1779807875
|move|p2a: Blissey|Protect|p2a: Blissey
|-singleturn|p2a: Blissey|Protect
|move|p1a: Pau Palacín|Pyro Ball|p2a: Blissey
|-activate|p2a: Blissey|move: Protect
|
|-weather|SunnyDay|[upkeep]
|-heal|p2a: Blissey|99/100|[from] item: Leftovers
|upkeep
|turn|42
|
|t:|1779807881
|move|p1a: Pau Palacín|Pyro Ball|p2a: Blissey
|-damage|p2a: Blissey|0 fnt
|faint|p2a: Blissey
|
|-weather|SunnyDay|[upkeep]
|upkeep
|
|t:|1779807888
|switch|p2a: Dragonite|Dragonite, F|73/100 brn
|turn|43
|
|t:|1779807893
|move|p1a: Pau Palacín|U-turn|p2a: Dragonite
|-start|p1a: Pau Palacín|typechange|Bug|[from] ability: Libero
|-resisted|p2a: Dragonite
|-damage|p2a: Dragonite|62/100 brn
|
|t:|1779807900
|switch|p1a: The World|Victreebel, F, shiny|100/100|[from] U-turn
|move|p2a: Dragonite|Fire Spin|p1a: The World
|-supereffective|p1a: The World
|-damage|p1a: The World|66/100
|-activate|p1a: The World|move: Fire Spin|[of] p2a: Dragonite
|
|-weather|SunnyDay|[upkeep]
|-heal|p2a: Dragonite|69/100 brn|[from] item: Leftovers
|-damage|p2a: Dragonite|62/100 brn|[from] brn
|-damage|p1a: The World|54/100|[from] move: Fire Spin|[partiallytrapped]
|upkeep
|turn|44
|
|t:|1779807907
|move|p2a: Dragonite|Protect|p2a: Dragonite
|-singleturn|p2a: Dragonite|Protect
|move|p1a: The World|Growth|p1a: The World
|-boost|p1a: The World|atk|2
|-boost|p1a: The World|spa|2
|
|-weather|SunnyDay|[upkeep]
|-heal|p2a: Dragonite|69/100 brn|[from] item: Leftovers
|-damage|p2a: Dragonite|62/100 brn|[from] brn
|-damage|p1a: The World|41/100|[from] move: Fire Spin|[partiallytrapped]
|upkeep
|turn|45
|
|t:|1779807913
|move|p1a: The World|Sludge Bomb|p2a: Dragonite
|-damage|p2a: Dragonite|0 fnt
|faint|p2a: Dragonite
|-damage|p1a: The World|31/100|[from] item: Life Orb
|
|-weather|SunnyDay|[upkeep]
|-end|p1a: The World|Fire Spin|[partiallytrapped]|[silent]
|upkeep
|
|t:|1779807920
|switch|p2a: Regieleki|Regieleki|100/100
|turn|46
|
|t:|1779807927
|move|p2a: Regieleki|Thunderbolt|p1a: The World
|-resisted|p1a: The World
|-damage|p1a: The World|0 fnt
|faint|p1a: The World
|
|-weather|SunnyDay|[upkeep]
|upkeep
|
|t:|1779807929
|switch|p1a: Copernico|Venusaur, M, shiny|70/100
|turn|47
|
|t:|1779807944
|-terastallize|p1a: Copernico|Stellar
|move|p2a: Regieleki|Volt Switch|p1a: Copernico
|-resisted|p1a: Copernico
|-damage|p1a: Copernico|49/100
|
|t:|1779807949
|switch|p2a: Corviknight|Corviknight, F|31/100|[from] Volt Switch
|move|p1a: Copernico|Growth|p1a: Copernico
|-boost|p1a: Copernico|atk|2
|-boost|p1a: Copernico|spa|2
|
|-weather|none
|upkeep
|turn|48
|
|t:|1779807957
|move|p1a: Copernico|Giga Drain|p2a: Corviknight
|-resisted|p2a: Corviknight
|-damage|p2a: Corviknight|10/100
|-heal|p1a: Copernico|65/100|[from] drain|[of] p2a: Corviknight
|move|p2a: Corviknight|Brave Bird|p1a: Copernico
|-supereffective|p1a: Copernico
|-damage|p1a: Copernico|0 fnt
|faint|p1a: Copernico
|-damage|p2a: Corviknight|0 fnt|[from] Recoil
|faint|p2a: Corviknight
|
|upkeep
|
|t:|1779807963
|switch|p1a: Pau Palacín|Cinderace, M, shiny|45/100
|switch|p2a: Regieleki|Regieleki|100/100
|turn|49
|
|t:|1779807972
|move|p1a: Pau Palacín|Sucker Punch|p2a: Regieleki
|-start|p1a: Pau Palacín|typechange|Dark|[from] ability: Libero
|-crit|p2a: Regieleki
|-damage|p2a: Regieleki|4/100
|move|p2a: Regieleki|Thunderbolt|p1a: Pau Palacín
|-damage|p1a: Pau Palacín|0 fnt
|faint|p1a: Pau Palacín
|
|win|yuemingzhichu1
|raw|Pelogrulla72's rating: 1193 &rarr; <strong>1172</strong><br />(-21 for losing)
|raw|yuemingzhichu1's rating: 1248 &rarr; <strong>1269</strong><br />(+21 for winning)
|l|☆Pelogrulla72
|player|p1|
|l|☆yuemingzhichu1
|player|p2|
