|j|☆pdavver
|j|☆MAGAboominGOOCH
|t:|1779932208
|gametype|singles
|player|p1|pdavver|clair|1084
|player|p2|MAGAboominGOOCH|supernerd|1126
|gen|9
|tier|[Gen 9] OU
|rated|
|rule|HP Percentage Mod: HP is shown in percentages
|rule|Endless Battle Clause: Forcing endless battles is banned
|rule|Species Clause: Limit one of each Pokémon
|rule|OHKO Clause: OHKO moves are banned
|rule|Evasion Items Clause: Evasion items are banned
|rule|Evasion Moves Clause: Evasion moves are banned
|rule|Evasion Abilities Clause: Evasion abilities are banned
|rule|Sleep Moves Clause: Sleep-inducing moves are banned
|clearpoke
|poke|p1|Garganacl, M|
|poke|p1|Glimmora, F|
|poke|p2|Glimmora, M|
|poke|p2|Arcanine-Hisui, M|
|poke|p2|Torkoal, M|
|poke|p2|Houndoom, M|
|poke|p2|Inteleon, M|
|poke|p2|Scovillain, M|
|teampreview
|inactive|Battle timer is ON: inactive players will automatically lose when time's up. (requested by pdavver)
|
|t:|1779932219
|teamsize|p1|2
|teamsize|p2|6
|start
|switch|p1a: Glimmora|Glimmora, F, shiny|100/100
|switch|p2a: Glimmora|Glimmora, M|100/100
|-item|p2a: Glimmora|Air Balloon
|turn|1
|
|t:|1779932230
|move|p1a: Glimmora|Toxic Spikes|p2a: Glimmora
|-sidestart|p2: MAGAboominGOOCH|move: Toxic Spikes
|move|p2a: Glimmora|Power Gem|p1a: Glimmora
|-crit|p1a: Glimmora
|-damage|p1a: Glimmora|38/100
|
|upkeep
|turn|2
|
|t:|1779932243
|switch|p2a: Houndoom|Houndoom, M|100/100
|-ability|p2a: Houndoom|Unnerve
|-status|p2a: Houndoom|psn
|move|p1a: Glimmora|Stealth Rock|p2a: Houndoom
|-sidestart|p2: MAGAboominGOOCH|move: Stealth Rock
|
|-damage|p2a: Houndoom|88/100 psn|[from] psn
|upkeep
|turn|3
|
|t:|1779932254
|move|p2a: Houndoom|Dark Pulse|p1a: Glimmora
|-damage|p1a: Glimmora|0 fnt
|faint|p1a: Glimmora
|
|-damage|p2a: Houndoom|76/100 psn|[from] psn
|upkeep
|
|t:|1779932265
|switch|p1a: Garganacl|Garganacl, M, shiny|100/100
|turn|4
|
|t:|1779932274
|-terastallize|p1a: Garganacl|Normal
|move|p2a: Houndoom|Nasty Plot|p2a: Houndoom
|-boost|p2a: Houndoom|spa|2
|move|p1a: Garganacl|Curse|p1a: Garganacl
|-unboost|p1a: Garganacl|spe|1
|-boost|p1a: Garganacl|atk|1
|-boost|p1a: Garganacl|def|1
|
|-damage|p2a: Houndoom|63/100 psn|[from] psn
|upkeep
|turn|5
|
|t:|1779932287
|move|p2a: Houndoom|Dark Pulse|p1a: Garganacl
|-damage|p1a: Garganacl|51/100
|cant|p1a: Garganacl|flinch
|
|-heal|p1a: Garganacl|58/100|[from] item: Leftovers
|-damage|p2a: Houndoom|51/100 psn|[from] psn
|upkeep
|turn|6
|
|t:|1779932308
|move|p2a: Houndoom|Dark Pulse|p1a: Garganacl
|-damage|p1a: Garganacl|5/100
|move|p1a: Garganacl|Recover|p1a: Garganacl
|-heal|p1a: Garganacl|55/100
|
|-heal|p1a: Garganacl|61/100|[from] item: Leftovers
|-damage|p2a: Houndoom|39/100 psn|[from] psn
|upkeep
|turn|7
|
|t:|1779932321
|move|p2a: Houndoom|Dark Pulse|p1a: Garganacl
|-damage|p1a: Garganacl|10/100
|move|p1a: Garganacl|Recover|p1a: Garganacl
|-heal|p1a: Garganacl|60/100
|
|-heal|p1a: Garganacl|66/100|[from] item: Leftovers
|-damage|p2a: Houndoom|26/100 psn|[from] psn
|upkeep
|turn|8
|
|t:|1779932335
|move|p2a: Houndoom|Dark Pulse|p1a: Garganacl
|-crit|p1a: Garganacl
|-damage|p1a: Garganacl|0 fnt
|faint|p1a: Garganacl
|
|win|MAGAboominGOOCH
|raw|pdavver's rating: 1084 &rarr; <strong>1064</strong><br />(-20 for losing)
|raw|MAGAboominGOOCH's rating: 1126 &rarr; <strong>1148</strong><br />(+22 for winning)
|l|☆pdavver
|player|p1|
