|j|☆yigf
|j|☆gardevoirandvapo
|t:|1779877601
|gametype|singles
|player|p1|yigf|tuber|1137
|player|p2|gardevoirandvapo|170|1123
|gen|9
|tier|[Gen 9] OU
|rated|
|rule|HP Percentage Mod: HP is shown in percentages
|rule|Endless Battle Clause: Forcing endless battles is banned
|rule|Species Clause: Limit one of each Pokémon
|rule|OHKO Clause: OHKO moves are banned
|rule|Evasion Items Clause: Evasion items are banned
|rule|Evasion Moves Clause: Evasion moves are banned
|rule|Evasion Abilities Clause: Evasion abilities are banned
|rule|Sleep Moves Clause: Sleep-inducing moves are banned
|clearpoke
|poke|p1|Dragonite, M|
|poke|p1|Incineroar, F|
|poke|p1|Great Tusk|
|poke|p1|Iron Boulder|
|poke|p1|Blastoise, M|
|poke|p1|Glimmora, F|
|poke|p2|Tinkaton, F|
|poke|p2|Smeargle, M|
|poke|p2|Mismagius, M|
|poke|p2|Fezandipiti, M|
|poke|p2|Sandaconda, M|
|poke|p2|Darkrai|
|teampreview
|inactive|Battle timer is ON: inactive players will automatically lose when time's up. (requested by yigf)
|inactive|yigf has 120 seconds left.
|
|t:|1779877634
|teamsize|p1|6
|teamsize|p2|6
|start
|switch|p1a: Glimmora|Glimmora, F|100/100
|switch|p2a: Smeargle|Smeargle, M|100/100
|turn|1
|
|t:|1779877651
|move|p2a: Smeargle|Taunt|p1a: Glimmora
|-start|p1a: Glimmora|move: Taunt
|move|p1a: Glimmora|Mortal Spin|p2a: Smeargle
|-damage|p2a: Smeargle|87/100
|-status|p2a: Smeargle|psn
|
|-damage|p2a: Smeargle|74/100 psn|[from] psn
|upkeep
|turn|2
|
|t:|1779877662
|move|p2a: Smeargle|Toxic Spikes|p1a: Glimmora
|-sidestart|p1: yigf|move: Toxic Spikes
|move|p1a: Glimmora|Hyper Beam|p2a: Smeargle
|-damage|p2a: Smeargle|0 fnt
|-mustrecharge|p1a: Glimmora
|faint|p2a: Smeargle
|
|upkeep
|inactive|gardevoirandvapo has 120 seconds left.
|
|t:|1779877710
|switch|p2a: Tinkaton|Tinkaton, F|100/100
|-ability|p2a: Tinkaton|Mold Breaker
|turn|3
|
|t:|1779877715
|move|p2a: Tinkaton|Encore|p1a: Glimmora
|-start|p1a: Glimmora|Encore
|cant|p1a: Glimmora|recharge
|
|-end|p1a: Glimmora|move: Taunt
|upkeep
|turn|4
|
|t:|1779877724
|switch|p1a: Incineroar|Incineroar, F, shiny|100/100
|-status|p1a: Incineroar|psn
|-ability|p1a: Incineroar|Intimidate|boost
|-unboost|p2a: Tinkaton|atk|1
|move|p2a: Tinkaton|Gigaton Hammer|p1a: Incineroar
|-resisted|p1a: Incineroar
|-damage|p1a: Incineroar|87/100 psn
|
|-damage|p1a: Incineroar|75/100 psn|[from] psn
|upkeep
|turn|5
|inactive|gardevoirandvapo has 90 seconds left.
|
|t:|1779877755
|switch|p2a: Sandaconda|Sandaconda, M|100/100
|move|p1a: Incineroar|Fake Out|p2a: Sandaconda
|-damage|p2a: Sandaconda|92/100
|
|-heal|p2a: Sandaconda|98/100|[from] item: Leftovers
|-damage|p1a: Incineroar|63/100 psn|[from] psn
|upkeep
|turn|6
|inactive|gardevoirandvapo has 90 seconds left.
|
|t:|1779877770
|move|p2a: Sandaconda|Sand Tomb|p1a: Incineroar
|-supereffective|p1a: Incineroar
|-damage|p1a: Incineroar|39/100 psn
|-activate|p1a: Incineroar|move: Sand Tomb|[of] p2a: Sandaconda
|-enditem|p1a: Incineroar|Sitrus Berry|[eat]
|-heal|p1a: Incineroar|63/100 psn|[from] item: Sitrus Berry
|move|p1a: Incineroar|Will-O-Wisp|p2a: Sandaconda
|-status|p2a: Sandaconda|brn
|
|-heal|p2a: Sandaconda|100/100 brn|[from] item: Leftovers
|-damage|p1a: Incineroar|51/100 psn|[from] psn
|-damage|p2a: Sandaconda|94/100 brn|[from] brn
|-damage|p1a: Incineroar|39/100 psn|[from] move: Sand Tomb|[partiallytrapped]
|upkeep
|turn|7
|
|t:|1779877787
|move|p2a: Sandaconda|Earthquake|p1a: Incineroar
|-supereffective|p1a: Incineroar
|-damage|p1a: Incineroar|5/100 psn
|move|p1a: Incineroar|Knock Off|p2a: Sandaconda
|-damage|p2a: Sandaconda|61/100 brn
|-enditem|p2a: Sandaconda|Leftovers|[from] move: Knock Off|[of] p1a: Incineroar
|
|-activate|p2a: Sandaconda|ability: Shed Skin
|-curestatus|p2a: Sandaconda|brn|[msg]
|-damage|p1a: Incineroar|0 fnt|[from] psn
|faint|p1a: Incineroar
|upkeep
|
|t:|1779877800
|switch|p1a: Glimmora|Glimmora, F|100/100
|-sideend|p1: yigf|move: Toxic Spikes|[of] p1a: Glimmora
|turn|8
|inactive|gardevoirandvapo has 90 seconds left.
|
|t:|1779877816
|move|p1a: Glimmora|Stealth Rock|p2a: Sandaconda
|-sidestart|p2: gardevoirandvapo|move: Stealth Rock
|move|p2a: Sandaconda|Glare|p1a: Glimmora
|-status|p1a: Glimmora|par
|
|upkeep
|turn|9
|
|t:|1779877824
|move|p2a: Sandaconda|Earthquake|p1a: Glimmora
|-supereffective|p1a: Glimmora
|-enditem|p1a: Glimmora|Focus Sash
|-damage|p1a: Glimmora|1/100 par
|-activate|p1a: Glimmora|ability: Toxic Debris
|-sidestart|p2: gardevoirandvapo|move: Toxic Spikes
|move|p1a: Glimmora|Mortal Spin|p2a: Sandaconda
|-resisted|p2a: Sandaconda
|-damage|p2a: Sandaconda|58/100
|-status|p2a: Sandaconda|psn
|
|-damage|p2a: Sandaconda|46/100 psn|[from] psn
|upkeep
|turn|10
|inactive|gardevoirandvapo has 90 seconds left.
|
|t:|1779877838
|move|p2a: Sandaconda|Stealth Rock|p1a: Glimmora
|-sidestart|p1: yigf|move: Stealth Rock
|move|p1a: Glimmora|Hyper Beam|p2a: Sandaconda
|-damage|p2a: Sandaconda|0 fnt
|-mustrecharge|p1a: Glimmora
|faint|p2a: Sandaconda
|
|upkeep
|
|t:|1779877856
|switch|p2a: Tinkaton|Tinkaton, F|100/100
|-damage|p2a: Tinkaton|94/100|[from] Stealth Rock
|-ability|p2a: Tinkaton|Mold Breaker
|turn|11
|
|t:|1779877866
|move|p2a: Tinkaton|Gigaton Hammer|p1a: Glimmora
|-supereffective|p1a: Glimmora
|-damage|p1a: Glimmora|0 fnt
|-activate|p1a: Glimmora|ability: Toxic Debris
|-sidestart|p2: gardevoirandvapo|move: Toxic Spikes
|faint|p1a: Glimmora
|
|-heal|p2a: Tinkaton|100/100|[from] item: Leftovers
|upkeep
|
|t:|1779877881
|switch|p1a: Blastoise|Blastoise, M|100/100
|-damage|p1a: Blastoise|88/100|[from] Stealth Rock
|turn|12
|
|t:|1779877894
|move|p2a: Tinkaton|Thunder Wave|p1a: Blastoise
|-status|p1a: Blastoise|par
|cant|p1a: Blastoise|par
|
|upkeep
|turn|13
|
|t:|1779877903
|move|p2a: Tinkaton|Gigaton Hammer|p1a: Blastoise
|-resisted|p1a: Blastoise
|-damage|p1a: Blastoise|70/100 par
|move|p1a: Blastoise|Shell Smash|p1a: Blastoise
|-unboost|p1a: Blastoise|def|1
|-unboost|p1a: Blastoise|spd|1
|-boost|p1a: Blastoise|atk|2
|-boost|p1a: Blastoise|spa|2
|-boost|p1a: Blastoise|spe|2
|-enditem|p1a: Blastoise|White Herb
|-clearnegativeboost|p1a: Blastoise|[silent]
|
|upkeep
|turn|14
|inactive|gardevoirandvapo has 90 seconds left.
|
|t:|1779877919
|move|p2a: Tinkaton|Encore|p1a: Blastoise
|-start|p1a: Blastoise|Encore
|cant|p1a: Blastoise|par
|
|upkeep
|turn|15
|
|t:|1779877927
|switch|p1a: Dragonite|Dragonite, M|100/100
|move|p2a: Tinkaton|Gigaton Hammer|p1a: Dragonite
|-damage|p1a: Dragonite|61/100
|
|upkeep
|turn|16
|
|t:|1779877936
|-terastallize|p1a: Dragonite|Normal
|move|p2a: Tinkaton|Thunder Wave|p1a: Dragonite
|-status|p1a: Dragonite|par
|move|p1a: Dragonite|Dragon Dance|p1a: Dragonite
|-boost|p1a: Dragonite|atk|1
|-boost|p1a: Dragonite|spe|1
|
|upkeep
|turn|17
|
|t:|1779877946
|move|p2a: Tinkaton|Encore|p1a: Dragonite
|-start|p1a: Dragonite|Encore
|move|p1a: Dragonite|Dragon Dance|p1a: Dragonite
|-boost|p1a: Dragonite|atk|1
|-boost|p1a: Dragonite|spe|1
|
|upkeep
|turn|18
|
|t:|1779877952
|switch|p1a: Great Tusk|Great Tusk|100/100
|-damage|p1a: Great Tusk|97/100|[from] Stealth Rock
|-enditem|p1a: Great Tusk|Booster Energy
|-activate|p1a: Great Tusk|ability: Protosynthesis|[fromitem]
|-start|p1a: Great Tusk|protosynthesisatk
|move|p2a: Tinkaton|Gigaton Hammer|p1a: Great Tusk
|-damage|p1a: Great Tusk|69/100
|
|upkeep
|turn|19
|inactive|gardevoirandvapo has 120 seconds left.
|
|t:|1779877977
|switch|p2a: Mismagius|Mismagius, M, shiny|100/100
|-damage|p2a: Mismagius|88/100|[from] Stealth Rock
|move|p1a: Great Tusk|Earthquake|p2a: Mismagius
|-immune|p2a: Mismagius|[from] ability: Levitate
|
|upkeep
|turn|20
|inactive|gardevoirandvapo has 120 seconds left.
|
|t:|1779878001
|move|p2a: Mismagius|Psychic Noise|p1a: Great Tusk
|-supereffective|p1a: Great Tusk
|-damage|p1a: Great Tusk|0 fnt
|faint|p1a: Great Tusk
|-end|p1a: Great Tusk|Protosynthesis|[silent]
|
|upkeep
|
|t:|1779878011
|switch|p1a: Blastoise|Blastoise, M|70/100 par
|-damage|p1a: Blastoise|57/100 par|[from] Stealth Rock
|turn|21
|
|t:|1779878017
|move|p2a: Mismagius|Psychic Noise|p1a: Blastoise
|-damage|p1a: Blastoise|26/100 par
|-start|p1a: Blastoise|move: Heal Block
|move|p1a: Blastoise|Hydro Pump|p2a: Mismagius
|-damage|p2a: Mismagius|12/100
|
|upkeep
|turn|22
|
|t:|1779878026
|move|p2a: Mismagius|Psychic Noise|p1a: Blastoise
|-crit|p1a: Blastoise
|-damage|p1a: Blastoise|0 fnt
|faint|p1a: Blastoise
|
|upkeep
|
|t:|1779878035
|switch|p1a: Dragonite|Dragonite, M, tera:Normal|61/100 par
|turn|23
|
|t:|1779878040
|move|p2a: Mismagius|Psychic Noise|p1a: Dragonite
|-damage|p1a: Dragonite|31/100 par
|-start|p1a: Dragonite|move: Heal Block
|move|p1a: Dragonite|Thunder Punch|p2a: Mismagius
|-damage|p2a: Mismagius|0 fnt
|faint|p2a: Mismagius
|
|upkeep
|
|t:|1779878054
|switch|p2a: Fezandipiti|Fezandipiti, M|100/100
|-damage|p2a: Fezandipiti|88/100|[from] Stealth Rock
|-sideend|p2: gardevoirandvapo|move: Toxic Spikes|[of] p2a: Fezandipiti
|turn|24
|
|t:|1779878059
|move|p1a: Dragonite|Extreme Speed|p2a: Fezandipiti
|-damage|p2a: Fezandipiti|42/100
|-enditem|p2a: Fezandipiti|Sitrus Berry|[eat]
|-heal|p2a: Fezandipiti|67/100|[from] item: Sitrus Berry
|move|p2a: Fezandipiti|Nasty Plot|p2a: Fezandipiti
|-boost|p2a: Fezandipiti|spa|2
|
|-end|p1a: Dragonite|move: Heal Block
|upkeep
|turn|25
|
|t:|1779878071
|move|p1a: Dragonite|Extreme Speed|p2a: Fezandipiti
|-damage|p2a: Fezandipiti|23/100
|move|p2a: Fezandipiti|Moonblast|p1a: Dragonite
|-damage|p1a: Dragonite|0 fnt
|faint|p1a: Dragonite
|
|upkeep
|
|t:|1779878080
|switch|p1a: Iron Boulder|Iron Boulder|100/100
|-damage|p1a: Iron Boulder|88/100|[from] Stealth Rock
|-enditem|p1a: Iron Boulder|Booster Energy
|-activate|p1a: Iron Boulder|ability: Quark Drive|[fromitem]
|-start|p1a: Iron Boulder|quarkdrivespe
|turn|26
|
|t:|1779878090
|move|p1a: Iron Boulder|Mighty Cleave|p2a: Fezandipiti
|-damage|p2a: Fezandipiti|0 fnt
|faint|p2a: Fezandipiti
|
|upkeep
|
|t:|1779878094
|switch|p2a: Tinkaton|Tinkaton, F|100/100
|-damage|p2a: Tinkaton|94/100|[from] Stealth Rock
|-ability|p2a: Tinkaton|Mold Breaker
|turn|27
|
|t:|1779878102
|move|p1a: Iron Boulder|Sacred Sword|p2a: Tinkaton
|-damage|p2a: Tinkaton|71/100
|move|p2a: Tinkaton|Thunder Wave|p1a: Iron Boulder
|-status|p1a: Iron Boulder|par
|
|-heal|p2a: Tinkaton|77/100|[from] item: Leftovers
|upkeep
|turn|28
|
|t:|1779878113
|move|p2a: Tinkaton|Gigaton Hammer|p1a: Iron Boulder
|-supereffective|p1a: Iron Boulder
|-damage|p1a: Iron Boulder|0 fnt
|faint|p1a: Iron Boulder
|-end|p1a: Iron Boulder|Quark Drive|[silent]
|
|win|gardevoirandvapo
|raw|yigf's rating: 1137 &rarr; <strong>1111</strong><br />(-26 for losing)
|raw|gardevoirandvapo's rating: 1123 &rarr; <strong>1149</strong><br />(+26 for winning)
|c|☆gardevoirandvapo|Gg
|l|☆yigf
|player|p1|
