|j|☆Minnesotaaa
|j|☆crepitansalt
|t:|1779874630
|gametype|singles
|player|p1|Minnesotaaa|blue|1477
|player|p2|crepitansalt|aetherfoundation2|1458
|gen|9
|tier|[Gen 9] OU
|rated|
|rule|HP Percentage Mod: HP is shown in percentages
|rule|Endless Battle Clause: Forcing endless battles is banned
|rule|Species Clause: Limit one of each Pokémon
|rule|OHKO Clause: OHKO moves are banned
|rule|Evasion Items Clause: Evasion items are banned
|rule|Evasion Moves Clause: Evasion moves are banned
|rule|Evasion Abilities Clause: Evasion abilities are banned
|rule|Sleep Moves Clause: Sleep-inducing moves are banned
|clearpoke
|poke|p1|Ribombee, M|
|poke|p1|Kingambit, F|
|poke|p1|Empoleon, F|
|poke|p1|Serperior, F|
|poke|p1|Milotic, M|
|poke|p1|Cinderace, F|
|poke|p2|Gliscor, F|
|poke|p2|Corviknight, M|
|poke|p2|Clefable, F|
|poke|p2|Dondozo, F|
|poke|p2|Dragapult, M|
|poke|p2|Tyranitar, M|
|teampreview
|
|t:|1779874633
|teamsize|p1|6
|teamsize|p2|6
|start
|switch|p1a: Ribombee|Ribombee, M|100/100
|switch|p2a: Corviknight|Corviknight, M|100/100
|-ability|p2a: Corviknight|Pressure
|turn|1
|inactive|Battle timer is ON: inactive players will automatically lose when time's up. (requested by Minnesotaaa)
|
|t:|1779874640
|move|p1a: Ribombee|Sticky Web|p2a: Corviknight
|-sidestart|p2: crepitansalt|move: Sticky Web
|move|p2a: Corviknight|Brave Bird|p1a: Ribombee
|-supereffective|p1a: Ribombee
|-enditem|p1a: Ribombee|Focus Sash
|-damage|p1a: Ribombee|1/100
|-damage|p2a: Corviknight|79/100|[from] Recoil
|
|upkeep
|turn|2
|c|☆crepitansalt|whole world running webs bro
|
|t:|1779874653
|move|p1a: Ribombee|U-turn|p2a: Corviknight
|-resisted|p2a: Corviknight
|-damage|p2a: Corviknight|77/100
|-damage|p1a: Ribombee|0 fnt|[from] item: Rocky Helmet|[of] p2a: Corviknight
|faint|p1a: Ribombee
|move|p2a: Corviknight|U-turn|p1: Ribombee|[notarget]
|-fail|p2a: Corviknight
|
|upkeep
|
|t:|1779874654
|switch|p1a: Cinderace|Cinderace, F|100/100
|turn|3
|
|t:|1779874665
|move|p1a: Cinderace|Court Change|p1a: Cinderace
|-start|p1a: Cinderace|typechange|Normal|[from] ability: Libero
|-swapsideconditions
|-activate|p1a: Cinderace|move: Court Change
|move|p2a: Corviknight|Defog|p1a: Cinderace
|-unboost|p1a: Cinderace|evasion|1
|-sideend|p1: Minnesotaaa|Sticky Web|[from] move: Defog|[of] p2a: Corviknight
|
|upkeep
|turn|4
|
|t:|1779874673
|switch|p2a: Dondozo|Dondozo, F|100/100
|move|p1a: Cinderace|Pyro Ball|p2a: Dondozo
|-resisted|p2a: Dondozo
|-damage|p2a: Dondozo|92/100
|
|upkeep
|turn|5
|
|t:|1779874680
|switch|p1a: Serperior|Serperior, F|100/100
|switch|p2a: Corviknight|Corviknight, M|77/100
|-ability|p2a: Corviknight|Pressure
|
|upkeep
|turn|6
|
|t:|1779874692
|switch|p1a: Empoleon|Empoleon, F|100/100
|move|p2a: Corviknight|Brave Bird|p1a: Empoleon
|-resisted|p1a: Empoleon
|-damage|p1a: Empoleon|82/100
|-damage|p2a: Corviknight|71/100|[from] Recoil
|
|-heal|p1a: Empoleon|88/100|[from] item: Leftovers
|upkeep
|turn|7
|
|t:|1779874699
|move|p2a: Corviknight|Roost|p2a: Corviknight
|-heal|p2a: Corviknight|100/100
|-singleturn|p2a: Corviknight|move: Roost
|move|p1a: Empoleon|Flash Cannon|p2a: Corviknight
|-resisted|p2a: Corviknight
|-damage|p2a: Corviknight|80/100
|
|-heal|p1a: Empoleon|94/100|[from] item: Leftovers
|upkeep
|turn|8
|
|t:|1779874703
|move|p2a: Corviknight|U-turn|p1a: Empoleon
|-resisted|p1a: Empoleon
|-damage|p1a: Empoleon|86/100
|
|t:|1779874706
|switch|p2a: Tyranitar|Tyranitar, M|100/100|[from] U-turn
|-weather|Sandstorm|[from] ability: Sand Stream|[of] p2a: Tyranitar
|move|p1a: Empoleon|Hydro Pump|p2a: Tyranitar
|-supereffective|p2a: Tyranitar
|-damage|p2a: Tyranitar|70/100
|
|-weather|Sandstorm|[upkeep]
|-heal|p1a: Empoleon|92/100|[from] item: Leftovers
|upkeep
|turn|9
|
|t:|1779874723
|move|p1a: Empoleon|Hydro Pump|p2a: Tyranitar
|-supereffective|p2a: Tyranitar
|-damage|p2a: Tyranitar|38/100
|move|p2a: Tyranitar|Earthquake|p1a: Empoleon
|-supereffective|p1a: Empoleon
|-damage|p1a: Empoleon|30/100
|
|-weather|Sandstorm|[upkeep]
|-heal|p1a: Empoleon|36/100|[from] item: Leftovers
|upkeep
|turn|10
|
|t:|1779874728
|move|p1a: Empoleon|Vacuum Wave|p2a: Tyranitar
|-supereffective|p2a: Tyranitar
|-damage|p2a: Tyranitar|22/100
|move|p2a: Tyranitar|Earthquake|p1a: Empoleon
|-supereffective|p1a: Empoleon
|-damage|p1a: Empoleon|0 fnt
|faint|p1a: Empoleon
|
|-weather|Sandstorm|[upkeep]
|upkeep
|
|t:|1779874732
|switch|p1a: Cinderace|Cinderace, F|100/100
|turn|11
|
|t:|1779874735
|switch|p2a: Dragapult|Dragapult, M|100/100
|move|p1a: Cinderace|U-turn|p2a: Dragapult
|-start|p1a: Cinderace|typechange|Bug|[from] ability: Libero
|-resisted|p2a: Dragapult
|-damage|p2a: Dragapult|76/100
|
|t:|1779874739
|switch|p1a: Milotic|Milotic, M|100/100|[from] U-turn
|
|-weather|Sandstorm|[upkeep]
|-damage|p2a: Dragapult|70/100|[from] Sandstorm
|-damage|p1a: Milotic|94/100|[from] Sandstorm
|-heal|p1a: Milotic|100/100|[from] item: Leftovers
|upkeep
|turn|12
|
|t:|1779874741
|-terastallize|p2a: Dragapult|Ghost
|move|p2a: Dragapult|Shadow Ball|p1a: Milotic
|-damage|p1a: Milotic|50/100
|-unboost|p1a: Milotic|spd|1
|-ability|p1a: Milotic|Competitive|boost
|-boost|p1a: Milotic|spa|2
|move|p1a: Milotic|Ice Beam|p2a: Dragapult
|-damage|p2a: Dragapult|13/100
|
|-weather|none
|-heal|p1a: Milotic|56/100|[from] item: Leftovers
|upkeep
|turn|13
|
|t:|1779874747
|move|p1a: Milotic|Protect|p1a: Milotic
|-singleturn|p1a: Milotic|Protect
|move|p2a: Dragapult|Shadow Ball|p1a: Milotic
|-activate|p1a: Milotic|move: Protect
|
|-heal|p1a: Milotic|62/100|[from] item: Leftovers
|upkeep
|turn|14
|c|☆crepitansalt|ain't no way bruh
|
|t:|1779874753
|switch|p1a: Kingambit|Kingambit, F|100/100
|move|p2a: Dragapult|Shadow Ball|p1a: Kingambit
|-resisted|p1a: Kingambit
|-damage|p1a: Kingambit|64/100
|-unboost|p1a: Kingambit|spd|1
|-ability|p1a: Kingambit|Defiant|boost
|-boost|p1a: Kingambit|atk|2
|
|upkeep
|turn|15
|c|☆crepitansalt|ain't no way gang
|
|t:|1779874763
|switch|p2a: Dondozo|Dondozo, F|92/100
|move|p1a: Kingambit|Sucker Punch||[still]
|-fail|p1a: Kingambit
|
|upkeep
|turn|16
|
|t:|1779874767
|move|p1a: Kingambit|Kowtow Cleave|p2a: Dondozo
|-damage|p2a: Dondozo|64/100
|move|p2a: Dondozo|Curse|p2a: Dondozo
|-unboost|p2a: Dondozo|spe|1
|-boost|p2a: Dondozo|atk|1
|-boost|p2a: Dondozo|def|1
|
|upkeep
|turn|17
|
|t:|1779874770
|switch|p1a: Serperior|Serperior, F|100/100
|move|p2a: Dondozo|Wave Crash|p1a: Serperior
|-resisted|p1a: Serperior
|-damage|p1a: Serperior|73/100
|-damage|p2a: Dondozo|58/100|[from] Recoil
|
|-heal|p1a: Serperior|80/100|[from] item: Leftovers
|upkeep
|turn|18
|
|t:|1779874772
|switch|p2a: Corviknight|Corviknight, M|80/100
|-ability|p2a: Corviknight|Pressure
|move|p1a: Serperior|Leech Seed|p2a: Corviknight
|-start|p2a: Corviknight|move: Leech Seed
|
|-heal|p1a: Serperior|86/100|[from] item: Leftovers
|-damage|p2a: Corviknight|67/100|[from] Leech Seed|[of] p1a: Serperior
|-heal|p1a: Serperior|99/100|[silent]
|upkeep
|turn|19
|
|t:|1779874781
|move|p1a: Serperior|Substitute|p1a: Serperior
|-start|p1a: Serperior|Substitute
|-damage|p1a: Serperior|75/100
|move|p2a: Corviknight|U-turn|p1a: Serperior
|-supereffective|p1a: Serperior
|-activate|p1a: Serperior|move: Substitute|[damage]
|
|t:|1779874786
|switch|p2a: Clefable|Clefable, F|100/100|[from] U-turn
|
|-heal|p1a: Serperior|81/100|[from] item: Leftovers
|upkeep
|turn|20
|
|t:|1779874790
|move|p1a: Serperior|Leech Seed|p2a: Clefable
|-start|p2a: Clefable|move: Leech Seed
|move|p2a: Clefable|Calm Mind|p2a: Clefable
|-boost|p2a: Clefable|spa|1
|-boost|p2a: Clefable|spd|1
|
|-heal|p1a: Serperior|87/100|[from] item: Leftovers
|upkeep
|turn|21
|
|t:|1779874798
|move|p1a: Serperior|Leaf Storm|p2a: Clefable
|-damage|p2a: Clefable|73/100
|-boost|p1a: Serperior|spa|2
|move|p2a: Clefable|Calm Mind|p2a: Clefable
|-boost|p2a: Clefable|spa|1
|-boost|p2a: Clefable|spd|1
|
|-heal|p1a: Serperior|93/100|[from] item: Leftovers
|upkeep
|turn|22
|
|t:|1779874802
|move|p1a: Serperior|Glare|p2a: Clefable
|-status|p2a: Clefable|par
|move|p2a: Clefable|Calm Mind|p2a: Clefable
|-boost|p2a: Clefable|spa|1
|-boost|p2a: Clefable|spd|1
|
|-heal|p1a: Serperior|99/100|[from] item: Leftovers
|upkeep
|turn|23
|
|t:|1779874805
|move|p1a: Serperior|Leaf Storm|p2a: Clefable
|-damage|p2a: Clefable|41/100 par
|-boost|p1a: Serperior|spa|2
|move|p2a: Clefable|Calm Mind|p2a: Clefable
|-boost|p2a: Clefable|spa|1
|-boost|p2a: Clefable|spd|1
|
|-heal|p1a: Serperior|100/100|[from] item: Leftovers
|upkeep
|turn|24
|
|t:|1779874809
|move|p1a: Serperior|Leaf Storm|p2a: Clefable|[miss]
|-miss|p1a: Serperior|p2a: Clefable
|move|p2a: Clefable|Moonlight|p2a: Clefable
|-heal|p2a: Clefable|91/100 par
|
|upkeep
|turn|25
|
|t:|1779874813
|move|p1a: Serperior|Leaf Storm|p2a: Clefable
|-damage|p2a: Clefable|53/100 par
|-boost|p1a: Serperior|spa|2
|move|p2a: Clefable|Calm Mind|p2a: Clefable
|-boost|p2a: Clefable|spa|1
|-boost|p2a: Clefable|spd|1
|
|upkeep
|turn|26
|
|t:|1779874817
|move|p1a: Serperior|Leaf Storm|p2a: Clefable
|-damage|p2a: Clefable|10/100 par
|cant|p2a: Clefable|par
|
|upkeep
|turn|27
|c|☆crepitansalt|gg
|
|t:|1779874829
|move|p1a: Serperior|Leaf Storm|p2a: Clefable
|-damage|p2a: Clefable|0 fnt
|faint|p2a: Clefable
|
|upkeep
|
|t:|1779874833
|switch|p2a: Dragapult|Dragapult, M, tera:Ghost|13/100
|turn|28
|
|t:|1779874838
|move|p2a: Dragapult|Fire Blast|p1a: Serperior
|-supereffective|p1a: Serperior
|-damage|p1a: Serperior|11/100
|move|p1a: Serperior|Leech Seed|p2a: Dragapult
|-start|p2a: Dragapult|move: Leech Seed
|
|-heal|p1a: Serperior|17/100|[from] item: Leftovers
|-damage|p2a: Dragapult|1/100|[from] Leech Seed|[of] p1a: Serperior
|-heal|p1a: Serperior|28/100|[silent]
|upkeep
|turn|29
|
|t:|1779874858
|switch|p2a: Corviknight|Corviknight, M|67/100
|-ability|p2a: Corviknight|Pressure
|switch|p1a: Cinderace|Cinderace, F|100/100
|
|upkeep
|turn|30
|
|t:|1779874864
|move|p1a: Cinderace|Pyro Ball|p2a: Corviknight
|-supereffective|p2a: Corviknight
|-damage|p2a: Corviknight|3/100
|move|p2a: Corviknight|Roost|p2a: Corviknight
|-heal|p2a: Corviknight|53/100
|-singleturn|p2a: Corviknight|move: Roost
|
|upkeep
|turn|31
|
|t:|1779874868
|switch|p2a: Dondozo|Dondozo, F|58/100
|move|p1a: Cinderace|Pyro Ball|p2a: Dondozo
|-resisted|p2a: Dondozo
|-damage|p2a: Dondozo|44/100
|
|upkeep
|turn|32
|
|t:|1779874875
|switch|p2a: Corviknight|Corviknight, M|53/100
|-ability|p2a: Corviknight|Pressure
|move|p1a: Cinderace|U-turn|p2a: Corviknight
|-start|p1a: Cinderace|typechange|Bug|[from] ability: Libero
|-resisted|p2a: Corviknight
|-damage|p2a: Corviknight|48/100
|-damage|p1a: Cinderace|84/100|[from] item: Rocky Helmet|[of] p2a: Corviknight
|
|t:|1779874878
|switch|p1a: Milotic|Milotic, M|62/100|[from] U-turn
|
|-heal|p1a: Milotic|68/100|[from] item: Leftovers
|upkeep
|turn|33
|
|t:|1779874881
|move|p1a: Milotic|Scald|p2a: Corviknight
|-damage|p2a: Corviknight|19/100
|-status|p2a: Corviknight|brn
|move|p2a: Corviknight|Roost|p2a: Corviknight
|-heal|p2a: Corviknight|69/100 brn
|-singleturn|p2a: Corviknight|move: Roost
|
|-heal|p1a: Milotic|74/100|[from] item: Leftovers
|-damage|p2a: Corviknight|63/100 brn|[from] brn
|upkeep
|turn|34
|inactive|Minnesotaaa has 120 seconds left.
|
|t:|1779874913
|move|p1a: Milotic|Recover|p1a: Milotic
|-heal|p1a: Milotic|100/100
|move|p2a: Corviknight|U-turn|p1a: Milotic
|-crit|p1a: Milotic
|-damage|p1a: Milotic|93/100
|
|t:|1779874918
|switch|p2a: Gliscor|Gliscor, F|100/100|[from] U-turn
|
|-heal|p1a: Milotic|99/100|[from] item: Leftovers
|-status|p2a: Gliscor|tox|[from] item: Toxic Orb
|upkeep
|turn|35
|
|t:|1779874924
|move|p2a: Gliscor|Toxic|p1a: Milotic
|-status|p1a: Milotic|tox
|move|p1a: Milotic|Ice Beam|p2a: Gliscor
|-supereffective|p2a: Gliscor
|-damage|p2a: Gliscor|33/100 tox
|
|-heal|p1a: Milotic|100/100 tox|[from] item: Leftovers
|-heal|p2a: Gliscor|45/100 tox|[from] ability: Poison Heal
|-damage|p1a: Milotic|94/100 tox|[from] psn
|upkeep
|turn|36
|
|t:|1779874932
|move|p2a: Gliscor|Protect|p2a: Gliscor
|-singleturn|p2a: Gliscor|Protect
|move|p1a: Milotic|Ice Beam|p2a: Gliscor
|-activate|p2a: Gliscor|move: Protect
|
|-heal|p1a: Milotic|100/100 tox|[from] item: Leftovers
|-heal|p2a: Gliscor|58/100 tox|[from] ability: Poison Heal
|-damage|p1a: Milotic|88/100 tox|[from] psn
|upkeep
|turn|37
|
|t:|1779874936
|switch|p2a: Dondozo|Dondozo, F|44/100
|switch|p1a: Cinderace|Cinderace, F|84/100
|
|upkeep
|turn|38
|
|t:|1779874941
|move|p1a: Cinderace|High Jump Kick|p2a: Dondozo
|-start|p1a: Cinderace|typechange|Fighting|[from] ability: Libero
|-damage|p2a: Dondozo|17/100
|move|p2a: Dondozo|Rest|p2a: Dondozo
|-status|p2a: Dondozo|slp|[from] move: Rest
|-heal|p2a: Dondozo|100/100 slp|[silent]
|
|upkeep
|turn|39
|
|t:|1779874947
|move|p1a: Cinderace|U-turn|p2a: Dondozo
|-damage|p2a: Dondozo|91/100 slp
|
|t:|1779874950
|switch|p1a: Serperior|Serperior, F|28/100|[from] U-turn
|cant|p2a: Dondozo|slp
|move|p2a: Dondozo|Sleep Talk|p2a: Dondozo
|move|p2a: Dondozo|Rest||[from] move: Sleep Talk|[still]
|-fail|p2a: Dondozo
|
|-heal|p1a: Serperior|34/100|[from] item: Leftovers
|upkeep
|turn|40
|
|t:|1779874953
|switch|p2a: Corviknight|Corviknight, M|63/100 brn
|-ability|p2a: Corviknight|Pressure
|move|p1a: Serperior|Leech Seed|p2a: Corviknight
|-start|p2a: Corviknight|move: Leech Seed
|
|-heal|p1a: Serperior|40/100|[from] item: Leftovers
|-damage|p2a: Corviknight|51/100 brn|[from] Leech Seed|[of] p1a: Serperior
|-heal|p1a: Serperior|54/100|[silent]
|-damage|p2a: Corviknight|45/100 brn|[from] brn
|upkeep
|turn|41
|
|t:|1779874958
|move|p1a: Serperior|Substitute|p1a: Serperior
|-start|p1a: Serperior|Substitute
|-damage|p1a: Serperior|29/100
|move|p2a: Corviknight|U-turn|p1a: Serperior
|-supereffective|p1a: Serperior
|-activate|p1a: Serperior|move: Substitute|[damage]
|
|t:|1779874960
|switch|p2a: Dragapult|Dragapult, M, tera:Ghost|1/100|[from] U-turn
|
|-heal|p1a: Serperior|36/100|[from] item: Leftovers
|upkeep
|turn|42
|
|t:|1779874965
|switch|p1a: Kingambit|Kingambit, F|64/100
|move|p2a: Dragapult|Shadow Ball|p1a: Kingambit
|-resisted|p1a: Kingambit
|-damage|p1a: Kingambit|26/100
|
|upkeep
|turn|43
|
|t:|1779874968
|switch|p2a: Dondozo|Dondozo, F|91/100 slp
|move|p1a: Kingambit|Kowtow Cleave|p2a: Dondozo
|-damage|p2a: Dondozo|65/100 slp
|
|upkeep
|turn|44
|
|t:|1779874978
|switch|p1a: Serperior|Serperior, F|36/100
|cant|p2a: Dondozo|slp
|move|p2a: Dondozo|Sleep Talk|p2a: Dondozo
|move|p2a: Dondozo|Curse|p2a: Dondozo|[from] move: Sleep Talk
|-unboost|p2a: Dondozo|spe|1
|-boost|p2a: Dondozo|atk|1
|-boost|p2a: Dondozo|def|1
|
|-heal|p1a: Serperior|42/100|[from] item: Leftovers
|upkeep
|turn|45
|
|t:|1779874981
|switch|p2a: Corviknight|Corviknight, M|45/100 brn
|-ability|p2a: Corviknight|Pressure
|move|p1a: Serperior|Leech Seed|p2a: Corviknight
|-start|p2a: Corviknight|move: Leech Seed
|
|-heal|p1a: Serperior|48/100|[from] item: Leftovers
|-damage|p2a: Corviknight|33/100 brn|[from] Leech Seed|[of] p1a: Serperior
|-heal|p1a: Serperior|62/100|[silent]
|-damage|p2a: Corviknight|27/100 brn|[from] brn
|upkeep
|turn|46
|
|t:|1779874989
|switch|p1a: Cinderace|Cinderace, F|84/100
|move|p2a: Corviknight|U-turn|p1a: Cinderace
|-resisted|p1a: Cinderace
|-damage|p1a: Cinderace|79/100
|
|t:|1779874995
|switch|p2a: Dondozo|Dondozo, F|65/100 slp|[from] U-turn
|
|upkeep
|turn|47
|
|t:|1779875000
|move|p1a: Cinderace|U-turn|p2a: Dondozo
|-start|p1a: Cinderace|typechange|Bug|[from] ability: Libero
|-damage|p2a: Dondozo|51/100 slp
|
|t:|1779875002
|switch|p1a: Serperior|Serperior, F|62/100|[from] U-turn
|-curestatus|p2a: Dondozo|slp|[msg]
|move|p2a: Dondozo|Rest|p2a: Dondozo
|-status|p2a: Dondozo|slp|[from] move: Rest
|-heal|p2a: Dondozo|100/100 slp|[silent]
|
|-heal|p1a: Serperior|68/100|[from] item: Leftovers
|upkeep
|turn|48
|
|t:|1779875010
|switch|p2a: Corviknight|Corviknight, M|27/100 brn
|-ability|p2a: Corviknight|Pressure
|move|p1a: Serperior|Leaf Storm|p2a: Corviknight
|-resisted|p2a: Corviknight
|-damage|p2a: Corviknight|18/100 brn
|-boost|p1a: Serperior|spa|2
|
|-heal|p1a: Serperior|74/100|[from] item: Leftovers
|-damage|p2a: Corviknight|12/100 brn|[from] brn
|upkeep
|turn|49
|
|t:|1779875018
|move|p1a: Serperior|Leech Seed|p2a: Corviknight
|-start|p2a: Corviknight|move: Leech Seed
|move|p2a: Corviknight|Roost|p2a: Corviknight
|-heal|p2a: Corviknight|62/100 brn
|-singleturn|p2a: Corviknight|move: Roost
|
|-heal|p1a: Serperior|80/100|[from] item: Leftovers
|-damage|p2a: Corviknight|49/100 brn|[from] Leech Seed|[of] p1a: Serperior
|-heal|p1a: Serperior|94/100|[silent]
|-damage|p2a: Corviknight|43/100 brn|[from] brn
|upkeep
|turn|50
|
|t:|1779875026
|switch|p1a: Cinderace|Cinderace, F|79/100
|move|p2a: Corviknight|U-turn|p1a: Cinderace
|-resisted|p1a: Cinderace
|-damage|p1a: Cinderace|73/100
|
|t:|1779875032
|switch|p2a: Gliscor|Gliscor, F|58/100 tox|[from] U-turn
|
|-heal|p2a: Gliscor|70/100 tox|[from] ability: Poison Heal
|upkeep
|turn|51
|
|t:|1779875039
|switch|p1a: Serperior|Serperior, F|94/100
|move|p2a: Gliscor|Spikes|p1a: Serperior
|-sidestart|p1: Minnesotaaa|Spikes
|
|-heal|p1a: Serperior|100/100|[from] item: Leftovers
|-heal|p2a: Gliscor|82/100 tox|[from] ability: Poison Heal
|upkeep
|turn|52
|
|t:|1779875045
|move|p1a: Serperior|Leech Seed|p2a: Gliscor
|-start|p2a: Gliscor|move: Leech Seed
|move|p2a: Gliscor|Toxic|p1a: Serperior
|-status|p1a: Serperior|tox
|
|-damage|p2a: Gliscor|70/100 tox|[from] Leech Seed|[of] p1a: Serperior
|-damage|p1a: Serperior|94/100 tox|[from] psn
|-heal|p2a: Gliscor|82/100 tox|[from] ability: Poison Heal
|upkeep
|turn|53
|
|t:|1779875052
|move|p1a: Serperior|Glare||[still]
|-fail|p1a: Serperior
|move|p2a: Gliscor|Spikes|p1a: Serperior
|-sidestart|p1: Minnesotaaa|Spikes
|
|-heal|p1a: Serperior|100/100 tox|[from] item: Leftovers
|-damage|p2a: Gliscor|70/100 tox|[from] Leech Seed|[of] p1a: Serperior
|-damage|p1a: Serperior|88/100 tox|[from] psn
|-heal|p2a: Gliscor|82/100 tox|[from] ability: Poison Heal
|upkeep
|turn|54
|
|t:|1779875059
|switch|p1a: Cinderace|Cinderace, F|73/100
|move|p2a: Gliscor|Spikes|p1a: Cinderace
|-sidestart|p1: Minnesotaaa|Spikes
|
|-damage|p2a: Gliscor|70/100 tox|[from] Leech Seed|[of] p1a: Cinderace
|-heal|p1a: Cinderace|88/100|[silent]
|-heal|p2a: Gliscor|82/100 tox|[from] ability: Poison Heal
|upkeep
|turn|55
|
|t:|1779875061
|move|p1a: Cinderace|Court Change|p1a: Cinderace
|-start|p1a: Cinderace|typechange|Normal|[from] ability: Libero
|-swapsideconditions
|-activate|p1a: Cinderace|move: Court Change
|move|p2a: Gliscor|Toxic|p1a: Cinderace
|-status|p1a: Cinderace|tox
|
|-damage|p2a: Gliscor|70/100 tox|[from] Leech Seed|[of] p1a: Cinderace
|-heal|p1a: Cinderace|100/100 tox|[silent]
|-damage|p1a: Cinderace|95/100 tox|[from] psn
|-heal|p2a: Gliscor|82/100 tox|[from] ability: Poison Heal
|upkeep
|turn|56
|
|t:|1779875071
|move|p1a: Cinderace|U-turn|p2a: Gliscor
|-resisted|p2a: Gliscor
|-damage|p2a: Gliscor|74/100 tox
|
|t:|1779875072
|switch|p1a: Kingambit|Kingambit, F|26/100|[from] U-turn
|move|p2a: Gliscor|Earthquake|p1a: Kingambit
|-supereffective|p1a: Kingambit
|-damage|p1a: Kingambit|0 fnt
|faint|p1a: Kingambit
|
|-heal|p2a: Gliscor|86/100 tox|[from] ability: Poison Heal
|upkeep
|
|t:|1779875077
|switch|p1a: Milotic|Milotic, M|88/100 tox
|turn|57
|
|t:|1779875081
|switch|p2a: Dondozo|Dondozo, F|100/100 slp
|move|p1a: Milotic|Scald|p2a: Dondozo
|-resisted|p2a: Dondozo
|-damage|p2a: Dondozo|88/100 slp
|
|-heal|p1a: Milotic|94/100 tox|[from] item: Leftovers
|-damage|p1a: Milotic|88/100 tox|[from] psn
|upkeep
|turn|58
|
|t:|1779875089
|switch|p1a: Serperior|Serperior, F|88/100 tox
|switch|p2a: Corviknight|Corviknight, M|43/100 brn
|-ability|p2a: Corviknight|Pressure
|
|-heal|p1a: Serperior|94/100 tox|[from] item: Leftovers
|-damage|p1a: Serperior|88/100 tox|[from] psn
|-damage|p2a: Corviknight|37/100 brn|[from] brn
|upkeep
|turn|59
|
|t:|1779875092
|move|p1a: Serperior|Leech Seed|p2a: Corviknight
|-start|p2a: Corviknight|move: Leech Seed
|move|p2a: Corviknight|Roost|p2a: Corviknight
|-heal|p2a: Corviknight|87/100 brn
|-singleturn|p2a: Corviknight|move: Roost
|
|-heal|p1a: Serperior|94/100 tox|[from] item: Leftovers
|-damage|p2a: Corviknight|75/100 brn|[from] Leech Seed|[of] p1a: Serperior
|-heal|p1a: Serperior|100/100 tox|[silent]
|-damage|p1a: Serperior|88/100 tox|[from] psn
|-damage|p2a: Corviknight|69/100 brn|[from] brn
|upkeep
|turn|60
|
|t:|1779875096
|switch|p1a: Cinderace|Cinderace, F|95/100 tox
|move|p2a: Corviknight|U-turn|p1a: Cinderace
|-resisted|p1a: Cinderace
|-damage|p1a: Cinderace|89/100 tox
|
|t:|1779875098
|switch|p2a: Gliscor|Gliscor, F|86/100 tox|[from] U-turn
|
|-damage|p1a: Cinderace|83/100 tox|[from] psn
|-heal|p2a: Gliscor|99/100 tox|[from] ability: Poison Heal
|upkeep
|turn|61
|
|t:|1779875105
|move|p1a: Cinderace|Pyro Ball|p2a: Gliscor
|-damage|p2a: Gliscor|52/100 tox
|move|p2a: Gliscor|Earthquake|p1a: Cinderace
|-supereffective|p1a: Cinderace
|-damage|p1a: Cinderace|0 fnt
|faint|p1a: Cinderace
|
|-heal|p2a: Gliscor|64/100 tox|[from] ability: Poison Heal
|upkeep
|
|t:|1779875107
|switch|p1a: Milotic|Milotic, M|88/100 tox
|turn|62
|
|t:|1779875109
|move|p2a: Gliscor|Protect|p2a: Gliscor
|-singleturn|p2a: Gliscor|Protect
|move|p1a: Milotic|Scald|p2a: Gliscor
|-activate|p2a: Gliscor|move: Protect
|
|-heal|p1a: Milotic|94/100 tox|[from] item: Leftovers
|-heal|p2a: Gliscor|77/100 tox|[from] ability: Poison Heal
|-damage|p1a: Milotic|88/100 tox|[from] psn
|upkeep
|turn|63
|
|t:|1779875113
|switch|p2a: Dondozo|Dondozo, F|88/100 slp
|move|p1a: Milotic|Scald|p2a: Dondozo
|-resisted|p2a: Dondozo
|-damage|p2a: Dondozo|75/100 slp
|
|-heal|p1a: Milotic|94/100 tox|[from] item: Leftovers
|-damage|p1a: Milotic|82/100 tox|[from] psn
|upkeep
|turn|64
|
|t:|1779875120
|switch|p1a: Serperior|Serperior, F|88/100 tox
|switch|p2a: Corviknight|Corviknight, M|69/100 brn
|-ability|p2a: Corviknight|Pressure
|
|-heal|p1a: Serperior|94/100 tox|[from] item: Leftovers
|-damage|p1a: Serperior|88/100 tox|[from] psn
|-damage|p2a: Corviknight|63/100 brn|[from] brn
|upkeep
|turn|65
|
|t:|1779875122
|move|p1a: Serperior|Leech Seed|p2a: Corviknight
|-start|p2a: Corviknight|move: Leech Seed
|move|p2a: Corviknight|Defog|p1a: Serperior
|-boost|p1a: Serperior|evasion|1
|-sideend|p2: crepitansalt|Spikes|[from] move: Defog|[of] p2a: Corviknight
|
|-heal|p1a: Serperior|94/100 tox|[from] item: Leftovers
|-damage|p2a: Corviknight|51/100 brn|[from] Leech Seed|[of] p1a: Serperior
|-heal|p1a: Serperior|100/100 tox|[silent]
|-damage|p1a: Serperior|88/100 tox|[from] psn
|-damage|p2a: Corviknight|45/100 brn|[from] brn
|upkeep
|turn|66
|
|t:|1779875130
|move|p1a: Serperior|Substitute|p1a: Serperior
|-start|p1a: Serperior|Substitute
|-damage|p1a: Serperior|63/100 tox
|move|p2a: Corviknight|Roost|p2a: Corviknight
|-heal|p2a: Corviknight|95/100 brn
|-singleturn|p2a: Corviknight|move: Roost
|
|-heal|p1a: Serperior|69/100 tox|[from] item: Leftovers
|-damage|p2a: Corviknight|83/100 brn|[from] Leech Seed|[of] p1a: Serperior
|-heal|p1a: Serperior|83/100 tox|[silent]
|-damage|p1a: Serperior|65/100 tox|[from] psn
|-damage|p2a: Corviknight|77/100 brn|[from] brn
|upkeep
|turn|67
|
|t:|1779875135
|move|p1a: Serperior|Glare||[still]
|-fail|p1a: Serperior
|move|p2a: Corviknight|U-turn|p1a: Serperior|[miss]
|-miss|p2a: Corviknight|p1a: Serperior
|
|-heal|p1a: Serperior|71/100 tox|[from] item: Leftovers
|-damage|p2a: Corviknight|64/100 brn|[from] Leech Seed|[of] p1a: Serperior
|-heal|p1a: Serperior|85/100 tox|[silent]
|-damage|p1a: Serperior|60/100 tox|[from] psn
|-damage|p2a: Corviknight|58/100 brn|[from] brn
|upkeep
|turn|68
|
|t:|1779875139
|move|p1a: Serperior|Glare||[still]
|-fail|p1a: Serperior
|move|p2a: Corviknight|U-turn|p1a: Serperior
|-supereffective|p1a: Serperior
|-activate|p1a: Serperior|move: Substitute|[damage]
|
|t:|1779875145
|switch|p2a: Gliscor|Gliscor, F|77/100 tox|[from] U-turn
|
|-heal|p1a: Serperior|66/100 tox|[from] item: Leftovers
|-damage|p1a: Serperior|35/100 tox|[from] psn
|-heal|p2a: Gliscor|89/100 tox|[from] ability: Poison Heal
|upkeep
|turn|69
|
|t:|1779875147
|move|p1a: Serperior|Leech Seed|p2a: Gliscor|[miss]
|-miss|p1a: Serperior|p2a: Gliscor
|move|p2a: Gliscor|Spikes|p1a: Serperior
|-sidestart|p1: Minnesotaaa|Spikes
|
|-heal|p1a: Serperior|41/100 tox|[from] item: Leftovers
|-damage|p1a: Serperior|4/100 tox|[from] psn
|-heal|p2a: Gliscor|100/100 tox|[from] ability: Poison Heal
|upkeep
|turn|70
|
|t:|1779875153
|move|p2a: Gliscor|Protect|p2a: Gliscor
|-singleturn|p2a: Gliscor|Protect
|move|p1a: Serperior|Glare|p2a: Gliscor
|-activate|p2a: Gliscor|move: Protect
|
|-heal|p1a: Serperior|10/100 tox|[from] item: Leftovers
|-damage|p1a: Serperior|0 fnt|[from] psn
|faint|p1a: Serperior
|upkeep
|l|☆Minnesotaaa
|inactive|Minnesotaaa disconnected and has a minute to reconnect!
|player|p1|
|c|☆crepitansalt|💔
|l|☆crepitansalt
|inactive|crepitansalt disconnected and has a minute to reconnect!
|player|p2|
|inactive|Minnesotaaa has 30 seconds to reconnect!
|j|☆crepitansalt
|inactive|crepitansalt reconnected.
|player|p2|crepitansalt|aetherfoundation2|
|inactive|Minnesotaaa has 20 seconds to reconnect!
|inactive|Minnesotaaa has 15 seconds to reconnect!
|inactive|Minnesotaaa has 10 seconds to reconnect!
|inactive|Minnesotaaa has 5 seconds to reconnect!
|-message|Minnesotaaa lost due to inactivity.
|
|win|crepitansalt
|raw|Minnesotaaa's rating: 1477 &rarr; <strong>1456</strong><br />(-21 for losing)
|raw|crepitansalt's rating: 1458 &rarr; <strong>1479</strong><br />(+21 for winning)
|l|☆crepitansalt
|player|p2|
