|j|☆power pulser
|j|☆mrzed03
|t:|1779956512
|gametype|singles
|player|p1|power pulser|steven|1484
|player|p2|mrzed03|170|1433
|gen|9
|tier|[Gen 9] OU
|rated|
|rule|HP Percentage Mod: HP is shown in percentages
|rule|Endless Battle Clause: Forcing endless battles is banned
|rule|Species Clause: Limit one of each Pokémon
|rule|OHKO Clause: OHKO moves are banned
|rule|Evasion Items Clause: Evasion items are banned
|rule|Evasion Moves Clause: Evasion moves are banned
|rule|Evasion Abilities Clause: Evasion abilities are banned
|rule|Sleep Moves Clause: Sleep-inducing moves are banned
|clearpoke
|poke|p1|Rillaboom, F|
|poke|p1|Hawlucha, M|
|poke|p1|Zamazenta-*|
|poke|p1|Ogerpon-Cornerstone, F|
|poke|p1|Heatran, F|
|poke|p1|Iron Boulder|
|poke|p2|Weezing-Galar, M|
|poke|p2|Alomomola, F|
|poke|p2|Iron Treads|
|poke|p2|Tornadus-Therian, M|
|poke|p2|Zamazenta-*|
|poke|p2|Lokix, M|
|teampreview
|inactive|Battle timer is ON: inactive players will automatically lose when time's up. (requested by mrzed03)
|inactive|power pulser also wants the timer to be on.
|inactive|power pulser has 120 seconds left.
|inactive|power pulser has 90 seconds left.
|
|t:|1779956588
|teamsize|p1|6
|teamsize|p2|6
|start
|switch|p1a: Rillaboom|Rillaboom, F|100/100
|switch|p2a: Tornadus|Tornadus-Therian, M|100/100
|-fieldstart|move: Grassy Terrain|[from] ability: Grassy Surge|[of] p1a: Rillaboom
|turn|1
|
|t:|1779956612
|switch|p1a: Heatran|Heatran, F|100/100
|move|p2a: Tornadus|Knock Off|p1a: Heatran
|-damage|p1a: Heatran|84/100
|-enditem|p1a: Heatran|Leftovers|[from] move: Knock Off|[of] p2a: Tornadus
|
|-heal|p1a: Heatran|91/100|[from] Grassy Terrain
|upkeep
|turn|2
|
|t:|1779956623
|move|p2a: Tornadus|U-turn|p1a: Heatran
|-resisted|p1a: Heatran
|-damage|p1a: Heatran|88/100
|
|t:|1779956627
|switch|p2a: Alomomola|Alomomola, F|100/100|[from] U-turn
|move|p1a: Heatran|Stealth Rock|p2a: Alomomola
|-sidestart|p2: mrzed03|move: Stealth Rock
|
|-heal|p1a: Heatran|94/100|[from] Grassy Terrain
|upkeep
|turn|3
|
|t:|1779956635
|switch|p1a: Rillaboom|Rillaboom, F|100/100
|move|p2a: Alomomola|Flip Turn|p1a: Rillaboom
|-resisted|p1a: Rillaboom
|-damage|p1a: Rillaboom|92/100
|
|t:|1779956640
|switch|p2a: Weezing|Weezing-Galar, M|100/100|[from] Flip Turn
|-ability|p2a: Weezing|Neutralizing Gas
|-damage|p2a: Weezing|88/100|[from] Stealth Rock
|
|-heal|p1a: Rillaboom|98/100|[from] Grassy Terrain
|-heal|p2a: Weezing|94/100|[from] Grassy Terrain
|-heal|p2a: Weezing|99/100|[from] item: Leftovers
|upkeep
|turn|4
|
|t:|1779956649
|move|p1a: Rillaboom|U-turn|p2a: Weezing
|-resisted|p2a: Weezing
|-damage|p2a: Weezing|96/100
|
|t:|1779956669
|switch|p1a: Heatran|Heatran, F|94/100|[from] U-turn
|move|p2a: Weezing|Will-O-Wisp|p1a: Heatran
|-immune|p1a: Heatran
|
|-heal|p1a: Heatran|99/100|[from] Grassy Terrain
|-heal|p2a: Weezing|100/100|[from] Grassy Terrain
|upkeep
|turn|5
|
|t:|1779956684
|-end|p2a: Weezing|ability: Neutralizing Gas
|switch|p2a: Alomomola|Alomomola, F|100/100
|-damage|p2a: Alomomola|88/100|[from] Stealth Rock
|move|p1a: Heatran|Magma Storm|p2a: Alomomola
|-resisted|p2a: Alomomola
|-damage|p2a: Alomomola|68/100
|-activate|p2a: Alomomola|move: Magma Storm|[of] p1a: Heatran
|
|-heal|p1a: Heatran|100/100|[from] Grassy Terrain
|-heal|p2a: Alomomola|75/100|[from] Grassy Terrain
|-damage|p2a: Alomomola|62/100|[from] move: Magma Storm|[partiallytrapped]
|upkeep
|turn|6
|
|t:|1779956699
|move|p1a: Heatran|Will-O-Wisp|p2a: Alomomola
|-status|p2a: Alomomola|brn
|move|p2a: Alomomola|Flip Turn|p1a: Heatran
|-supereffective|p1a: Heatran
|-damage|p1a: Heatran|88/100
|
|t:|1779956705
|switch|p2a: Iron Treads|Iron Treads|100/100|[from] Flip Turn
|-damage|p2a: Iron Treads|97/100|[from] Stealth Rock
|
|-heal|p2a: Iron Treads|100/100|[from] Grassy Terrain
|-heal|p1a: Heatran|94/100|[from] Grassy Terrain
|upkeep
|turn|7
|
|t:|1779956719
|move|p2a: Iron Treads|Earthquake|p1a: Heatran
|-supereffective|p1a: Heatran
|-crit|p1a: Heatran
|-damage|p1a: Heatran|0 fnt
|faint|p1a: Heatran
|
|upkeep
|
|t:|1779956725
|switch|p1a: Hawlucha|Hawlucha, M|100/100
|-enditem|p1a: Hawlucha|Grassy Seed
|-boost|p1a: Hawlucha|def|1|[from] item: Grassy Seed
|turn|8
|
|t:|1779956736
|move|p1a: Hawlucha|Swords Dance|p1a: Hawlucha
|-boost|p1a: Hawlucha|atk|2
|move|p2a: Iron Treads|Rapid Spin|p1a: Hawlucha
|-crit|p1a: Hawlucha
|-damage|p1a: Hawlucha|72/100
|-boost|p2a: Iron Treads|spe|1
|-sideend|p2: mrzed03|Stealth Rock|[from] move: Rapid Spin|[of] p2a: Iron Treads
|
|-fieldend|move: Grassy Terrain
|upkeep
|turn|9
|inactive|mrzed03 has 120 seconds left.
|
|t:|1779956772
|move|p1a: Hawlucha|Swords Dance|p1a: Hawlucha
|-boost|p1a: Hawlucha|atk|2
|move|p2a: Iron Treads|Ice Spinner|p1a: Hawlucha
|-supereffective|p1a: Hawlucha
|-damage|p1a: Hawlucha|32/100
|
|upkeep
|turn|10
|inactive|mrzed03 has 120 seconds left.
|
|t:|1779956781
|move|p1a: Hawlucha|Fire Punch|p2a: Iron Treads
|-supereffective|p2a: Iron Treads
|-damage|p2a: Iron Treads|0 fnt
|faint|p2a: Iron Treads
|-end|p2a: Iron Treads|Quark Drive|[silent]
|
|upkeep
|inactive|mrzed03 has 120 seconds left.
|
|t:|1779956786
|switch|p2a: Lokix|Lokix, M|100/100
|turn|11
|
|t:|1779956791
|move|p2a: Lokix|First Impression|p1a: Hawlucha
|-resisted|p1a: Hawlucha
|-damage|p1a: Hawlucha|3/100
|move|p1a: Hawlucha|Acrobatics|p2a: Lokix
|-supereffective|p2a: Lokix
|-damage|p2a: Lokix|0 fnt
|faint|p2a: Lokix
|
|upkeep
|
|t:|1779956801
|switch|p2a: Weezing|Weezing-Galar, M|100/100
|-ability|p2a: Weezing|Neutralizing Gas
|turn|12
|
|t:|1779956806
|move|p1a: Hawlucha|Acrobatics|p2a: Weezing
|-damage|p2a: Weezing|9/100
|move|p2a: Weezing|Will-O-Wisp|p1a: Hawlucha
|-status|p1a: Hawlucha|brn
|
|-heal|p2a: Weezing|15/100|[from] item: Leftovers
|-damage|p1a: Hawlucha|0 fnt|[from] brn
|faint|p1a: Hawlucha
|upkeep
|
|t:|1779956814
|switch|p1a: Rillaboom|Rillaboom, F|98/100
|turn|13
|
|t:|1779956820
|move|p2a: Weezing|Protect|p2a: Weezing
|-singleturn|p2a: Weezing|Protect
|move|p1a: Rillaboom|U-turn|p2a: Weezing
|-activate|p2a: Weezing|move: Protect
|
|-heal|p2a: Weezing|21/100|[from] item: Leftovers
|upkeep
|turn|14
|
|t:|1779956830
|move|p1a: Rillaboom|Knock Off|p2a: Weezing
|-resisted|p2a: Weezing
|-damage|p2a: Weezing|10/100
|-enditem|p2a: Weezing|Leftovers|[from] move: Knock Off|[of] p1a: Rillaboom
|move|p2a: Weezing|Will-O-Wisp|p1a: Rillaboom
|-status|p1a: Rillaboom|brn
|
|-damage|p1a: Rillaboom|92/100 brn|[from] brn
|upkeep
|turn|15
|
|t:|1779956839
|-end|p2a: Weezing|ability: Neutralizing Gas
|-fieldstart|move: Grassy Terrain|[from] ability: Grassy Surge|[of] p1a: Rillaboom
|switch|p2a: Tornadus|Tornadus-Therian, M|100/100
|move|p1a: Rillaboom|U-turn|p2a: Tornadus
|-resisted|p2a: Tornadus
|-damage|p2a: Tornadus|94/100
|
|t:|1779956844
|switch|p1a: Ogerpon|Ogerpon-Cornerstone, F|100/100|[from] U-turn
|
|upkeep
|turn|16
|
|t:|1779956856
|move|p2a: Tornadus|U-turn|p1a: Ogerpon
|-supereffective|p1a: Ogerpon
|-damage|p1a: Ogerpon|63/100
|
|t:|1779956859
|switch|p2a: Zamazenta|Zamazenta|100/100|[from] U-turn
|-ability|p2a: Zamazenta|Dauntless Shield|boost
|-boost|p2a: Zamazenta|def|1
|move|p1a: Ogerpon|Swords Dance|p1a: Ogerpon
|-boost|p1a: Ogerpon|atk|2
|
|-heal|p1a: Ogerpon|69/100|[from] Grassy Terrain
|upkeep
|turn|17
|
|t:|1779956877
|switch|p1a: Zamazenta|Zamazenta|100/100
|-ability|p1a: Zamazenta|Dauntless Shield|boost
|-boost|p1a: Zamazenta|def|1
|-terastallize|p2a: Zamazenta|Dark
|move|p2a: Zamazenta|Crunch|p1a: Zamazenta
|-resisted|p1a: Zamazenta
|-damage|p1a: Zamazenta|84/100
|
|-heal|p1a: Zamazenta|90/100|[from] Grassy Terrain
|-heal|p1a: Zamazenta|96/100|[from] item: Leftovers
|upkeep
|turn|18
|
|t:|1779956888
|switch|p2a: Weezing|Weezing-Galar, M|10/100
|-ability|p2a: Weezing|Neutralizing Gas
|move|p1a: Zamazenta|Iron Defense|p1a: Zamazenta
|-boost|p1a: Zamazenta|def|2
|
|-heal|p1a: Zamazenta|100/100|[from] Grassy Terrain
|-heal|p2a: Weezing|16/100|[from] Grassy Terrain
|upkeep
|turn|19
|
|t:|1779956900
|switch|p1a: Rillaboom|Rillaboom, F|92/100 brn
|move|p2a: Weezing|Will-O-Wisp|p1a: Rillaboom
|-fail|p1a: Rillaboom|brn
|
|-heal|p1a: Rillaboom|98/100 brn|[from] Grassy Terrain
|-heal|p2a: Weezing|22/100|[from] Grassy Terrain
|-damage|p1a: Rillaboom|92/100 brn|[from] brn
|upkeep
|turn|20
|
|t:|1779956910
|-end|p2a: Weezing|ability: Neutralizing Gas
|switch|p2a: Tornadus|Tornadus-Therian, M|100/100
|move|p1a: Rillaboom|U-turn|p2a: Tornadus
|-resisted|p2a: Tornadus
|-damage|p2a: Tornadus|93/100
|
|t:|1779956913
|switch|p1a: Iron Boulder|Iron Boulder|100/100|[from] U-turn
|
|upkeep
|turn|21
|
|t:|1779956929
|switch|p2a: Alomomola|Alomomola, F|95/100 brn
|move|p1a: Iron Boulder|Mighty Cleave|p2a: Alomomola
|-damage|p2a: Alomomola|52/100 brn
|-damage|p1a: Iron Boulder|84/100|[from] item: Rocky Helmet|[of] p2a: Alomomola
|
|-heal|p1a: Iron Boulder|90/100|[from] Grassy Terrain
|-heal|p2a: Alomomola|59/100 brn|[from] Grassy Terrain
|-damage|p2a: Alomomola|52/100 brn|[from] brn
|upkeep
|turn|22
|
|t:|1779956940
|-terastallize|p1a: Iron Boulder|Rock
|move|p1a: Iron Boulder|Mighty Cleave|p2a: Alomomola
|-damage|p2a: Alomomola|0 fnt
|-damage|p1a: Iron Boulder|74/100|[from] item: Rocky Helmet|[of] p2a: Alomomola
|faint|p2a: Alomomola
|
|-heal|p1a: Iron Boulder|80/100|[from] Grassy Terrain
|-fieldend|move: Grassy Terrain
|upkeep
|
|t:|1779956950
|switch|p2a: Zamazenta|Zamazenta, tera:Dark|100/100
|turn|23
|
|t:|1779956960
|-end|p1a: Iron Boulder|Quark Drive|[silent]
|switch|p1a: Rillaboom|Rillaboom, F|92/100 brn
|-fieldstart|move: Grassy Terrain|[from] ability: Grassy Surge|[of] p1a: Rillaboom
|move|p2a: Zamazenta|Close Combat|p1a: Rillaboom
|-damage|p1a: Rillaboom|0 fnt
|-unboost|p2a: Zamazenta|def|1
|-unboost|p2a: Zamazenta|spd|1
|faint|p1a: Rillaboom
|
|upkeep
|
|t:|1779956968
|switch|p1a: Zamazenta|Zamazenta|100/100
|turn|24
|
|t:|1779956985
|switch|p1a: Iron Boulder|Iron Boulder, tera:Rock|80/100
|switch|p2a: Weezing|Weezing-Galar, M|22/100
|-ability|p2a: Weezing|Neutralizing Gas
|
|-heal|p1a: Iron Boulder|86/100|[from] Grassy Terrain
|-heal|p2a: Weezing|28/100|[from] Grassy Terrain
|upkeep
|turn|25
|
|t:|1779956995
|move|p2a: Weezing|Protect|p2a: Weezing
|-singleturn|p2a: Weezing|Protect
|move|p1a: Iron Boulder|Mighty Cleave|p2a: Weezing
|-damage|p2a: Weezing|0 fnt
|faint|p2a: Weezing
|-end|p2a: Weezing|ability: Neutralizing Gas
|
|-heal|p1a: Iron Boulder|92/100|[from] Grassy Terrain
|upkeep
|
|t:|1779957004
|switch|p2a: Zamazenta|Zamazenta, tera:Dark|100/100
|turn|26
|
|t:|1779957014
|-end|p1a: Iron Boulder|Quark Drive|[silent]
|switch|p1a: Ogerpon|Ogerpon-Cornerstone, F|69/100
|move|p2a: Zamazenta|Close Combat|p1a: Ogerpon
|-supereffective|p1a: Ogerpon
|-crit|p1a: Ogerpon
|-damage|p1a: Ogerpon|0 fnt
|-unboost|p2a: Zamazenta|def|1
|-unboost|p2a: Zamazenta|spd|1
|faint|p1a: Ogerpon
|
|upkeep
|
|t:|1779957018
|switch|p1a: Zamazenta|Zamazenta|100/100
|turn|27
|
|t:|1779957025
|switch|p2a: Tornadus|Tornadus-Therian, M|100/100
|move|p1a: Zamazenta|Body Press|p2a: Tornadus
|-resisted|p2a: Tornadus
|-crit|p2a: Tornadus
|-damage|p2a: Tornadus|73/100
|
|upkeep
|turn|28
|
|t:|1779957035
|switch|p1a: Iron Boulder|Iron Boulder, tera:Rock|92/100
|move|p2a: Tornadus|Bleakwind Storm|p1a: Iron Boulder
|-resisted|p1a: Iron Boulder
|-crit|p1a: Iron Boulder
|-damage|p1a: Iron Boulder|64/100
|-unboost|p1a: Iron Boulder|spe|1
|
|-heal|p1a: Iron Boulder|70/100|[from] Grassy Terrain
|upkeep
|turn|29
|
|t:|1779957054
|move|p2a: Tornadus|U-turn|p1a: Iron Boulder
|-damage|p1a: Iron Boulder|52/100
|
|t:|1779957057
|switch|p2a: Zamazenta|Zamazenta, tera:Dark|100/100|[from] U-turn
|move|p1a: Iron Boulder|Close Combat|p2a: Zamazenta
|-supereffective|p2a: Zamazenta
|-damage|p2a: Zamazenta|0 fnt
|-unboost|p1a: Iron Boulder|def|1
|-unboost|p1a: Iron Boulder|spd|1
|faint|p2a: Zamazenta
|
|-heal|p1a: Iron Boulder|58/100|[from] Grassy Terrain
|upkeep
|
|t:|1779957066
|switch|p2a: Tornadus|Tornadus-Therian, M|100/100
|turn|30
|c|☆power pulser|ggssssssssss
|
|t:|1779957074
|-end|p1a: Iron Boulder|Quark Drive|[silent]
|switch|p1a: Zamazenta|Zamazenta|100/100
|move|p2a: Tornadus|Knock Off|p1a: Zamazenta
|-resisted|p1a: Zamazenta
|-damage|p1a: Zamazenta|93/100
|-enditem|p1a: Zamazenta|Leftovers|[from] move: Knock Off|[of] p2a: Tornadus
|
|-heal|p1a: Zamazenta|99/100|[from] Grassy Terrain
|-fieldend|move: Grassy Terrain
|upkeep
|turn|31
|
|t:|1779957082
|move|p1a: Zamazenta|Crunch|p2a: Tornadus
|-damage|p2a: Tornadus|76/100
|-unboost|p2a: Tornadus|def|1
|move|p2a: Tornadus|Bleakwind Storm|p1a: Zamazenta
|-supereffective|p1a: Zamazenta
|-damage|p1a: Zamazenta|37/100
|
|upkeep
|turn|32
|
|t:|1779957092
|move|p1a: Zamazenta|Crunch|p2a: Tornadus
|-damage|p2a: Tornadus|41/100
|move|p2a: Tornadus|Bleakwind Storm|p1a: Zamazenta
|-supereffective|p1a: Zamazenta
|-damage|p1a: Zamazenta|0 fnt
|faint|p1a: Zamazenta
|
|upkeep
|
|t:|1779957095
|switch|p1a: Iron Boulder|Iron Boulder, tera:Rock|58/100
|turn|33
|
|t:|1779957100
|move|p1a: Iron Boulder|Mighty Cleave|p2a: Tornadus
|-supereffective|p2a: Tornadus
|-damage|p2a: Tornadus|0 fnt
|faint|p2a: Tornadus
|
|win|power pulser
|raw|power pulser's rating: 1484 &rarr; <strong>1501</strong><br />(+17 for winning)
|raw|mrzed03's rating: 1433 &rarr; <strong>1416</strong><br />(-17 for losing)
