|j|☆barbordor
|j|☆goodgoodcush
|t:|1779946154
|gametype|singles
|player|p1|barbordor|265|1602
|player|p2|goodgoodcush|101|1590
|gen|9
|tier|[Gen 9] OU
|rated|
|rule|HP Percentage Mod: HP is shown in percentages
|rule|Endless Battle Clause: Forcing endless battles is banned
|rule|Species Clause: Limit one of each Pokémon
|rule|OHKO Clause: OHKO moves are banned
|rule|Evasion Items Clause: Evasion items are banned
|rule|Evasion Moves Clause: Evasion moves are banned
|rule|Evasion Abilities Clause: Evasion abilities are banned
|rule|Sleep Moves Clause: Sleep-inducing moves are banned
|clearpoke
|poke|p1|Ceruledge, F|
|poke|p1|Breloom, F|
|poke|p1|Dragonite, F|
|poke|p1|Kingambit, M|
|poke|p1|Great Tusk|
|poke|p1|Weavile, M|
|poke|p2|Dragonite, F|
|poke|p2|Samurott-Hisui, M|
|poke|p2|Tinkaton, F|
|poke|p2|Kingambit, M|
|poke|p2|Gholdengo|
|poke|p2|Darkrai|
|teampreview
|inactive|Battle timer is ON: inactive players will automatically lose when time's up. (requested by barbordor)
|inactive|goodgoodcush has 120 seconds left.
|
|t:|1779946193
|teamsize|p1|6
|teamsize|p2|6
|start
|switch|p1a: Breloom|Breloom, F|100/100
|switch|p2a: Tinkaton|Tinkaton, F|100/100
|-ability|p2a: Tinkaton|Mold Breaker
|-item|p2a: Tinkaton|Air Balloon
|turn|1
|
|t:|1779946213
|move|p2a: Tinkaton|Thunder Wave|p1a: Breloom
|-status|p1a: Breloom|par
|cant|p1a: Breloom|par
|
|upkeep
|turn|2
|
|t:|1779946219
|move|p2a: Tinkaton|Stealth Rock|p1a: Breloom
|-sidestart|p1: barbordor|move: Stealth Rock
|move|p1a: Breloom|Rock Tomb|p2a: Tinkaton
|-resisted|p2a: Tinkaton
|-damage|p2a: Tinkaton|80/100
|-unboost|p2a: Tinkaton|spe|1
|-enditem|p2a: Tinkaton|Air Balloon
|
|upkeep
|turn|3
|
|t:|1779946224
|move|p2a: Tinkaton|Gigaton Hammer|p1a: Breloom
|-damage|p1a: Breloom|29/100 par
|move|p1a: Breloom|Bulldoze|p2a: Tinkaton
|-supereffective|p2a: Tinkaton
|-crit|p2a: Tinkaton
|-damage|p2a: Tinkaton|0 fnt
|faint|p2a: Tinkaton
|
|upkeep
|
|t:|1779946231
|switch|p2a: Samurott|Samurott-Hisui, M|100/100
|turn|4
|
|t:|1779946234
|move|p1a: Breloom|Mach Punch|p2a: Samurott
|-supereffective|p2a: Samurott
|-damage|p2a: Samurott|16/100
|move|p2a: Samurott|Ceaseless Edge|p1a: Breloom
|-resisted|p1a: Breloom
|-damage|p1a: Breloom|0 fnt
|-sidestart|p1: barbordor|Spikes
|faint|p1a: Breloom
|
|upkeep
|
|t:|1779946244
|switch|p1a: Weavile|Weavile, M|100/100
|-damage|p1a: Weavile|76/100|[from] Stealth Rock
|-damage|p1a: Weavile|63/100|[from] Spikes
|-ability|p1a: Weavile|Pressure
|turn|5
|
|t:|1779946251
|move|p1a: Weavile|Ice Shard|p2a: Samurott
|-resisted|p2a: Samurott
|-damage|p2a: Samurott|4/100
|move|p2a: Samurott|Aqua Jet|p1a: Weavile
|-damage|p1a: Weavile|32/100
|
|upkeep
|turn|6
|
|t:|1779946257
|switch|p2a: Gholdengo|Gholdengo|100/100
|move|p1a: Weavile|Ice Shard|p2a: Gholdengo
|-resisted|p2a: Gholdengo
|-damage|p2a: Gholdengo|89/100
|
|upkeep
|turn|7
|
|t:|1779946263
|move|p2a: Gholdengo|Make It Rain|p1a: Weavile
|-supereffective|p1a: Weavile
|-damage|p1a: Weavile|0 fnt
|-unboost|p2a: Gholdengo|spa|1
|faint|p1a: Weavile
|
|upkeep
|
|t:|1779946271
|switch|p1a: Dragonite|Dragonite, F|100/100
|turn|8
|
|t:|1779946278
|switch|p2a: Darkrai|Darkrai|100/100
|move|p1a: Dragonite|Dragon Dance|p1a: Dragonite
|-boost|p1a: Dragonite|atk|1
|-boost|p1a: Dragonite|spe|1
|
|upkeep
|turn|9
|
|t:|1779946283
|-terastallize|p1a: Dragonite|Fire
|move|p1a: Dragonite|Fire Punch|p2a: Darkrai
|-damage|p2a: Darkrai|15/100
|move|p2a: Darkrai|Will-O-Wisp|p1a: Dragonite
|-immune|p1a: Dragonite
|
|upkeep
|turn|10
|
|t:|1779946289
|switch|p2a: Samurott|Samurott-Hisui, M|4/100
|move|p1a: Dragonite|Fire Punch|p2a: Samurott
|-resisted|p2a: Samurott
|-damage|p2a: Samurott|0 fnt
|faint|p2a: Samurott
|
|upkeep
|
|t:|1779946295
|switch|p2a: Gholdengo|Gholdengo|89/100
|turn|11
|j| Kakimori
|
|t:|1779946323
|switch|p1a: Ceruledge|Ceruledge, F|100/100
|-damage|p1a: Ceruledge|76/100|[from] Stealth Rock
|-damage|p1a: Ceruledge|63/100|[from] Spikes
|move|p2a: Gholdengo|Trick|p1a: Ceruledge
|-activate|p2a: Gholdengo|move: Trick|[of] p1a: Ceruledge
|-item|p1a: Ceruledge|Choice Scarf|[from] move: Trick
|-item|p2a: Gholdengo|Focus Sash|[from] move: Trick
|
|upkeep
|turn|12
|
|t:|1779946334
|switch|p2a: Darkrai|Darkrai|15/100
|move|p1a: Ceruledge|Bitter Blade|p2a: Darkrai
|-damage|p2a: Darkrai|0 fnt
|-heal|p1a: Ceruledge|70/100|[from] drain|[of] p2a: Darkrai
|faint|p2a: Darkrai
|
|upkeep
|
|t:|1779946339
|switch|p2a: Dragonite|Dragonite, F|100/100
|turn|13
|
|t:|1779946344
|move|p1a: Ceruledge|Bitter Blade|p2a: Dragonite
|-resisted|p2a: Dragonite
|-crit|p2a: Dragonite
|-damage|p2a: Dragonite|81/100
|-heal|p1a: Ceruledge|81/100|[from] drain|[of] p2a: Dragonite
|move|p2a: Dragonite|Dragon Dance|p2a: Dragonite
|-boost|p2a: Dragonite|atk|1
|-boost|p2a: Dragonite|spe|1
|
|upkeep
|turn|14
|
|t:|1779946347
|switch|p1a: Dragonite|Dragonite, F, tera:Fire|100/100
|move|p2a: Dragonite|Dragon Dance|p2a: Dragonite
|-boost|p2a: Dragonite|atk|1
|-boost|p2a: Dragonite|spe|1
|
|upkeep
|turn|15
|
|t:|1779946363
|move|p1a: Dragonite|Extreme Speed|p2a: Dragonite
|-damage|p2a: Dragonite|48/100
|move|p2a: Dragonite|Earthquake|p1a: Dragonite
|-supereffective|p1a: Dragonite
|-damage|p1a: Dragonite|16/100
|
|upkeep
|turn|16
|
|t:|1779946368
|move|p2a: Dragonite|Extreme Speed|p1a: Dragonite
|-damage|p1a: Dragonite|0 fnt
|faint|p1a: Dragonite
|
|upkeep
|
|t:|1779946370
|switch|p1a: Kingambit|Kingambit, M|100/100
|-damage|p1a: Kingambit|94/100|[from] Stealth Rock
|-activate|p1a: Kingambit|ability: Supreme Overlord
|-start|p1a: Kingambit|fallen3|[silent]
|-item|p1a: Kingambit|Air Balloon
|turn|17
|
|t:|1779946374
|move|p2a: Dragonite|Rock Slide|p1a: Kingambit
|-resisted|p1a: Kingambit
|-damage|p1a: Kingambit|71/100
|-enditem|p1a: Kingambit|Air Balloon
|move|p1a: Kingambit|Kowtow Cleave|p2a: Dragonite
|-damage|p2a: Dragonite|0 fnt
|faint|p2a: Dragonite
|
|upkeep
|
|t:|1779946386
|switch|p2a: Gholdengo|Gholdengo|89/100
|turn|18
|
|t:|1779946393
|-terastallize|p2a: Gholdengo|Fighting
|move|p2a: Gholdengo|Focus Blast|p1a: Kingambit|[miss]
|-miss|p2a: Gholdengo|p1a: Kingambit
|move|p1a: Kingambit|Kowtow Cleave|p2a: Gholdengo
|-resisted|p2a: Gholdengo
|-damage|p2a: Gholdengo|49/100
|
|upkeep
|turn|19
|
|t:|1779946398
|-end|p1a: Kingambit|fallen3|[silent]
|switch|p1a: Ceruledge|Ceruledge, F|81/100
|-damage|p1a: Ceruledge|57/100|[from] Stealth Rock
|-damage|p1a: Ceruledge|44/100|[from] Spikes
|move|p2a: Gholdengo|Focus Blast|p1a: Ceruledge
|-immune|p1a: Ceruledge
|
|upkeep
|turn|20
|
|t:|1779946402
|move|p1a: Ceruledge|Bitter Blade|p2a: Gholdengo
|-damage|p2a: Gholdengo|0 fnt
|-heal|p1a: Ceruledge|71/100|[from] drain|[of] p2a: Gholdengo
|faint|p2a: Gholdengo
|
|upkeep
|
|t:|1779946405
|switch|p2a: Kingambit|Kingambit, M|100/100
|-activate|p2a: Kingambit|ability: Supreme Overlord
|-start|p2a: Kingambit|fallen5|[silent]
|-item|p2a: Kingambit|Air Balloon
|turn|21
|
|t:|1779946408
|move|p2a: Kingambit|Sucker Punch|p1a: Ceruledge
|-supereffective|p1a: Ceruledge
|-damage|p1a: Ceruledge|0 fnt
|faint|p1a: Ceruledge
|
|upkeep
|
|t:|1779946411
|switch|p1a: Great Tusk|Great Tusk|100/100
|-damage|p1a: Great Tusk|98/100|[from] Stealth Rock
|-damage|p1a: Great Tusk|85/100|[from] Spikes
|-enditem|p1a: Great Tusk|Booster Energy
|-activate|p1a: Great Tusk|ability: Protosynthesis|[fromitem]
|-start|p1a: Great Tusk|protosynthesisatk
|turn|22
|
|t:|1779946416
|move|p1a: Great Tusk|Close Combat|p2a: Kingambit
|-supereffective|p2a: Kingambit
|-damage|p2a: Kingambit|0 fnt
|-unboost|p1a: Great Tusk|def|1
|-unboost|p1a: Great Tusk|spd|1
|-enditem|p2a: Kingambit|Air Balloon
|faint|p2a: Kingambit
|-end|p2a: Kingambit|fallen5|[silent]
|
|win|barbordor
|raw|barbordor's rating: 1602 &rarr; <strong>1621</strong><br />(+19 for winning)
|raw|goodgoodcush's rating: 1590 &rarr; <strong>1571</strong><br />(-19 for losing)
|l|☆goodgoodcush
|player|p2|
|l|☆barbordor
|player|p1|
|l| Kakimori
