|j|☆smore98
|j|☆ceeeed
|t:|1779893151
|gametype|singles
|player|p1|smore98|giovanni|1390
|player|p2|ceeeed|skyla|1324
|gen|9
|tier|[Gen 9] OU
|rated|
|rule|HP Percentage Mod: HP is shown in percentages
|rule|Endless Battle Clause: Forcing endless battles is banned
|rule|Species Clause: Limit one of each Pokémon
|rule|OHKO Clause: OHKO moves are banned
|rule|Evasion Items Clause: Evasion items are banned
|rule|Evasion Moves Clause: Evasion moves are banned
|rule|Evasion Abilities Clause: Evasion abilities are banned
|rule|Sleep Moves Clause: Sleep-inducing moves are banned
|clearpoke
|poke|p1|Glimmora, F|
|poke|p1|Gliscor, M|
|poke|p1|Pecharunt|
|poke|p1|Gholdengo|
|poke|p1|Darkrai|
|poke|p1|Iron Valiant|
|poke|p2|Zapdos|
|poke|p2|Goodra-Hisui, F|
|poke|p2|Kingambit, M|
|poke|p2|Ogerpon-Wellspring, F|
|poke|p2|Moltres|
|poke|p2|Great Tusk|
|teampreview
|
|t:|1779893161
|teamsize|p1|6
|teamsize|p2|6
|start
|switch|p1a: Glimmora|Glimmora, F, shiny|100/100
|switch|p2a: Ogerpon|Ogerpon-Wellspring, F|100/100
|turn|1
|
|t:|1779893170
|switch|p1a: Pecharunt|Pecharunt|100/100
|move|p2a: Ogerpon|Knock Off|p1a: Pecharunt
|-supereffective|p1a: Pecharunt
|-damage|p1a: Pecharunt|66/100
|-enditem|p1a: Pecharunt|Heavy-Duty Boots|[from] move: Knock Off|[of] p2a: Ogerpon
|
|upkeep
|turn|2
|
|t:|1779893179
|move|p2a: Ogerpon|Knock Off|p1a: Pecharunt
|-supereffective|p1a: Pecharunt
|-damage|p1a: Pecharunt|42/100
|move|p1a: Pecharunt|Toxic|p2a: Ogerpon
|-status|p2a: Ogerpon|tox
|-start|p2a: Ogerpon|confusion|[from] ability: Poison Puppeteer|[of] p1a: Pecharunt
|
|-damage|p2a: Ogerpon|95/100 tox|[from] psn
|upkeep
|turn|3
|
|t:|1779893182
|-activate|p2a: Ogerpon|confusion
|move|p2a: Ogerpon|Knock Off|p1a: Pecharunt
|-supereffective|p1a: Pecharunt
|-damage|p1a: Pecharunt|19/100
|move|p1a: Pecharunt|Recover|p1a: Pecharunt
|-heal|p1a: Pecharunt|69/100
|
|-damage|p2a: Ogerpon|83/100 tox|[from] psn
|upkeep
|turn|4
|
|t:|1779893190
|-activate|p2a: Ogerpon|confusion
|-damage|p2a: Ogerpon|66/100 tox|[from] confusion
|move|p1a: Pecharunt|Recover|p1a: Pecharunt
|-heal|p1a: Pecharunt|100/100
|
|-damage|p2a: Ogerpon|48/100 tox|[from] psn
|upkeep
|turn|5
|
|t:|1779893198
|-activate|p2a: Ogerpon|confusion
|move|p2a: Ogerpon|U-turn|p1a: Pecharunt
|-resisted|p1a: Pecharunt
|-damage|p1a: Pecharunt|97/100
|
|t:|1779893234
|switch|p2a: hi|Goodra-Hisui, F|100/100|[from] U-turn
|move|p1a: Pecharunt|Hex|p2a: hi
|-damage|p2a: hi|92/100
|
|upkeep
|turn|6
|
|t:|1779893250
|switch|p1a: Gliscor|Gliscor, M|100/100
|move|p2a: hi|Acid Spray|p1a: Gliscor
|-resisted|p1a: Gliscor
|-damage|p1a: Gliscor|95/100
|-unboost|p1a: Gliscor|spd|2
|
|-status|p1a: Gliscor|tox|[from] item: Toxic Orb
|upkeep
|turn|7
|
|t:|1779893260
|move|p1a: Gliscor|Protect|p1a: Gliscor
|-singleturn|p1a: Gliscor|Protect
|move|p2a: hi|Ice Beam|p1a: Gliscor
|-activate|p1a: Gliscor|move: Protect
|
|-heal|p1a: Gliscor|100/100 tox|[from] ability: Poison Heal
|upkeep
|turn|8
|
|t:|1779893264
|switch|p1a: Glimmora|Glimmora, F, shiny|100/100
|move|p2a: hi|Ice Beam|p1a: Glimmora
|-damage|p1a: Glimmora|67/100
|
|-heal|p1a: Glimmora|73/100|[from] item: Leftovers
|upkeep
|turn|9
|
|t:|1779893287
|switch|p2a: Ogerpon|Ogerpon-Wellspring, F|48/100 tox
|move|p1a: Glimmora|Substitute|p1a: Glimmora
|-start|p1a: Glimmora|Substitute
|-damage|p1a: Glimmora|48/100
|
|-heal|p1a: Glimmora|55/100|[from] item: Leftovers
|-damage|p2a: Ogerpon|42/100 tox|[from] psn
|upkeep
|turn|10
|
|t:|1779893293
|move|p1a: Glimmora|Protect|p1a: Glimmora
|-singleturn|p1a: Glimmora|Protect
|move|p2a: Ogerpon|Horn Leech|p1a: Glimmora
|-activate|p1a: Glimmora|move: Protect
|
|-heal|p1a: Glimmora|61/100|[from] item: Leftovers
|-damage|p2a: Ogerpon|30/100 tox|[from] psn
|upkeep
|turn|11
|
|t:|1779893303
|move|p2a: Ogerpon|U-turn|p1a: Glimmora
|-resisted|p1a: Glimmora
|-activate|p1a: Glimmora|move: Substitute|[damage]
|
|t:|1779893318
|switch|p2a: Zapdos|Zapdos|100/100|[from] U-turn
|move|p1a: Glimmora|Substitute|p1a: Glimmora
|-fail|p1a: Glimmora|move: Substitute
|
|-heal|p1a: Glimmora|67/100|[from] item: Leftovers
|upkeep
|turn|12
|
|t:|1779893328
|move|p2a: Zapdos|Heat Wave|p1a: Glimmora
|-resisted|p1a: Glimmora
|-end|p1a: Glimmora|Substitute
|move|p1a: Glimmora|Toxic|p2a: Zapdos
|-status|p2a: Zapdos|tox
|
|-heal|p1a: Glimmora|73/100|[from] item: Leftovers
|-damage|p2a: Zapdos|94/100 tox|[from] psn
|upkeep
|turn|13
|
|t:|1779893334
|move|p1a: Glimmora|Protect|p1a: Glimmora
|-singleturn|p1a: Glimmora|Protect
|move|p2a: Zapdos|Volt Switch|p1a: Glimmora
|-activate|p1a: Glimmora|move: Protect
|
|-heal|p1a: Glimmora|79/100|[from] item: Leftovers
|-damage|p2a: Zapdos|82/100 tox|[from] psn
|upkeep
|turn|14
|
|t:|1779893341
|switch|p1a: Gliscor|Gliscor, M|100/100 tox
|move|p2a: Zapdos|Hurricane|p1a: Gliscor|[miss]
|-miss|p2a: Zapdos|p1a: Gliscor
|
|-damage|p2a: Zapdos|63/100 tox|[from] psn
|upkeep
|turn|15
|
|t:|1779893350
|switch|p2a: Ogerpon|Ogerpon-Wellspring, F|30/100 tox
|move|p1a: Gliscor|Substitute|p1a: Gliscor
|-start|p1a: Gliscor|Substitute
|-damage|p1a: Gliscor|76/100 tox
|
|-damage|p2a: Ogerpon|24/100 tox|[from] psn
|-heal|p1a: Gliscor|88/100 tox|[from] ability: Poison Heal
|upkeep
|turn|16
|
|t:|1779893355
|move|p1a: Gliscor|Protect|p1a: Gliscor
|-singleturn|p1a: Gliscor|Protect
|move|p2a: Ogerpon|Knock Off|p1a: Gliscor
|-activate|p1a: Gliscor|move: Protect
|
|-damage|p2a: Ogerpon|12/100 tox|[from] psn
|-heal|p1a: Gliscor|100/100 tox|[from] ability: Poison Heal
|upkeep
|turn|17
|
|t:|1779893359
|move|p2a: Ogerpon|Knock Off|p1a: Gliscor
|-end|p1a: Gliscor|Substitute
|move|p1a: Gliscor|Substitute|p1a: Gliscor
|-start|p1a: Gliscor|Substitute
|-damage|p1a: Gliscor|76/100 tox
|
|-damage|p2a: Ogerpon|0 fnt|[from] psn
|faint|p2a: Ogerpon
|-heal|p1a: Gliscor|88/100 tox|[from] ability: Poison Heal
|upkeep
|
|t:|1779893364
|switch|p2a: Kingambit|Kingambit, M|100/100
|-activate|p2a: Kingambit|ability: Supreme Overlord
|-start|p2a: Kingambit|fallen1|[silent]
|turn|18
|
|t:|1779893368
|move|p1a: Gliscor|Knock Off|p2a: Kingambit
|-resisted|p2a: Kingambit
|-damage|p2a: Kingambit|92/100
|-enditem|p2a: Kingambit|Leftovers|[from] move: Knock Off|[of] p1a: Gliscor
|move|p2a: Kingambit|Swords Dance|p2a: Kingambit
|-boost|p2a: Kingambit|atk|2
|
|-heal|p1a: Gliscor|100/100 tox|[from] ability: Poison Heal
|upkeep
|turn|19
|
|t:|1779893377
|switch|p1a: Pecharunt|Pecharunt|97/100
|move|p2a: Kingambit|Kowtow Cleave|p1a: Pecharunt
|-supereffective|p1a: Pecharunt
|-damage|p1a: Pecharunt|2/100
|
|upkeep
|turn|20
|
|t:|1779893389
|move|p1a: Pecharunt|Hex|p2a: Kingambit
|-resisted|p2a: Kingambit
|-damage|p2a: Kingambit|83/100
|move|p2a: Kingambit|Swords Dance|p2a: Kingambit
|-boost|p2a: Kingambit|atk|2
|
|upkeep
|turn|21
|
|t:|1779893398
|move|p1a: Pecharunt|Hex|p2a: Kingambit
|-resisted|p2a: Kingambit
|-damage|p2a: Kingambit|72/100
|move|p2a: Kingambit|Kowtow Cleave|p1a: Pecharunt
|-supereffective|p1a: Pecharunt
|-damage|p1a: Pecharunt|0 fnt
|faint|p1a: Pecharunt
|
|upkeep
|
|t:|1779893400
|switch|p1a: Iron Valiant|Iron Valiant|100/100
|-enditem|p1a: Iron Valiant|Booster Energy
|-activate|p1a: Iron Valiant|ability: Quark Drive|[fromitem]
|-start|p1a: Iron Valiant|quarkdrivespe
|turn|22
|
|t:|1779893407
|move|p2a: Kingambit|Sucker Punch|p1a: Iron Valiant
|-resisted|p1a: Iron Valiant
|-damage|p1a: Iron Valiant|58/100
|move|p1a: Iron Valiant|Aura Sphere|p2a: Kingambit
|-supereffective|p2a: Kingambit
|-damage|p2a: Kingambit|0 fnt
|faint|p2a: Kingambit
|-end|p2a: Kingambit|fallen1|[silent]
|
|upkeep
|
|t:|1779893419
|switch|p2a: hi|Goodra-Hisui, F|92/100
|turn|23
|
|t:|1779893427
|move|p1a: Iron Valiant|Aura Sphere|p2a: hi
|-supereffective|p2a: hi
|-damage|p2a: hi|59/100
|move|p2a: hi|Acid Spray|p1a: Iron Valiant
|-supereffective|p1a: Iron Valiant
|-damage|p1a: Iron Valiant|13/100
|-unboost|p1a: Iron Valiant|spd|2
|
|upkeep
|turn|24
|
|t:|1779893432
|move|p1a: Iron Valiant|Moonblast|p2a: hi
|-damage|p2a: hi|38/100
|move|p2a: hi|Acid Spray|p1a: Iron Valiant
|-supereffective|p1a: Iron Valiant
|-damage|p1a: Iron Valiant|0 fnt
|faint|p1a: Iron Valiant
|-end|p1a: Iron Valiant|Quark Drive|[silent]
|
|upkeep
|
|t:|1779893439
|switch|p1a: Darkrai|Darkrai|100/100
|turn|25
|
|t:|1779893463
|-terastallize|p2a: hi|Fire
|move|p1a: Darkrai|Thunder Wave|p2a: hi
|-status|p2a: hi|par
|move|p2a: hi|Flamethrower|p1a: Darkrai
|-damage|p1a: Darkrai|40/100
|
|upkeep
|turn|26
|
|t:|1779893469
|move|p1a: Darkrai|Hex|p2a: hi
|-damage|p2a: hi|13/100 par
|cant|p2a: hi|par
|
|upkeep
|turn|27
|
|t:|1779893474
|move|p1a: Darkrai|Hex|p2a: hi
|-damage|p2a: hi|0 fnt
|faint|p2a: hi
|
|upkeep
|
|t:|1779893483
|switch|p2a: Moltres|Moltres|100/100
|turn|28
|
|t:|1779893488
|move|p1a: Darkrai|Dark Pulse|p2a: Moltres
|-damage|p2a: Moltres|70/100
|move|p2a: Moltres|U-turn|p1a: Darkrai
|-supereffective|p1a: Darkrai
|-damage|p1a: Darkrai|4/100
|
|t:|1779893496
|switch|p2a: Zapdos|Zapdos|63/100 tox|[from] U-turn
|
|-damage|p2a: Zapdos|57/100 tox|[from] psn
|upkeep
|turn|29
|
|t:|1779893499
|move|p1a: Darkrai|Ice Beam|p2a: Zapdos
|-supereffective|p2a: Zapdos
|-damage|p2a: Zapdos|0 fnt
|faint|p2a: Zapdos
|
|upkeep
|
|t:|1779893501
|switch|p2a: Moltres|Moltres|70/100
|turn|30
|
|t:|1779893520
|move|p1a: Darkrai|Dark Pulse|p2a: Moltres
|-damage|p2a: Moltres|37/100
|move|p2a: Moltres|Flamethrower|p1a: Darkrai
|-damage|p1a: Darkrai|0 fnt
|faint|p1a: Darkrai
|
|upkeep
|
|t:|1779893528
|switch|p1a: Gliscor|Gliscor, M|100/100 tox
|turn|31
|
|t:|1779893531
|move|p1a: Gliscor|Toxic|p2a: Moltres
|-status|p2a: Moltres|tox
|move|p2a: Moltres|Roost|p2a: Moltres
|-heal|p2a: Moltres|87/100 tox
|-singleturn|p2a: Moltres|move: Roost
|
|-damage|p2a: Moltres|81/100 tox|[from] psn
|upkeep
|turn|32
|
|t:|1779893535
|switch|p2a: Great Tusk|Great Tusk|100/100
|-enditem|p2a: Great Tusk|Booster Energy
|-activate|p2a: Great Tusk|ability: Protosynthesis|[fromitem]
|-start|p2a: Great Tusk|protosynthesisatk
|move|p1a: Gliscor|Substitute|p1a: Gliscor
|-start|p1a: Gliscor|Substitute
|-damage|p1a: Gliscor|76/100 tox
|
|-heal|p1a: Gliscor|88/100 tox|[from] ability: Poison Heal
|upkeep
|turn|33
|
|t:|1779893542
|move|p2a: Great Tusk|Ice Spinner|p1a: Gliscor
|-supereffective|p1a: Gliscor
|-end|p1a: Gliscor|Substitute
|move|p1a: Gliscor|Toxic|p2a: Great Tusk
|-status|p2a: Great Tusk|tox
|
|-damage|p2a: Great Tusk|94/100 tox|[from] psn
|-heal|p1a: Gliscor|100/100 tox|[from] ability: Poison Heal
|upkeep
|turn|34
|
|t:|1779893551
|move|p1a: Gliscor|Protect|p1a: Gliscor
|-singleturn|p1a: Gliscor|Protect
|move|p2a: Great Tusk|Ice Spinner|p1a: Gliscor
|-activate|p1a: Gliscor|move: Protect
|
|-damage|p2a: Great Tusk|82/100 tox|[from] psn
|upkeep
|turn|35
|
|t:|1779893554
|-terastallize|p1a: Gliscor|Steel
|move|p2a: Great Tusk|Headlong Rush|p1a: Gliscor
|-supereffective|p1a: Gliscor
|-damage|p1a: Gliscor|0 fnt
|-unboost|p2a: Great Tusk|def|1
|-unboost|p2a: Great Tusk|spd|1
|faint|p1a: Gliscor
|
|-damage|p2a: Great Tusk|63/100 tox|[from] psn
|upkeep
|
|t:|1779893560
|switch|p1a: Glimmora|Glimmora, F, shiny|79/100
|turn|36
|
|t:|1779893563
|move|p1a: Glimmora|Protect|p1a: Glimmora
|-singleturn|p1a: Glimmora|Protect
|move|p2a: Great Tusk|Headlong Rush|p1a: Glimmora
|-activate|p1a: Glimmora|move: Protect
|
|-heal|p1a: Glimmora|86/100|[from] item: Leftovers
|-damage|p2a: Great Tusk|39/100 tox|[from] psn
|upkeep
|turn|37
|
|t:|1779893568
|switch|p1a: Gholdengo|Gholdengo|100/100
|move|p2a: Great Tusk|Headlong Rush|p1a: Gholdengo
|-supereffective|p1a: Gholdengo
|-damage|p1a: Gholdengo|0 fnt
|-unboost|p2a: Great Tusk|def|1
|-unboost|p2a: Great Tusk|spd|1
|faint|p1a: Gholdengo
|
|-damage|p2a: Great Tusk|8/100 tox|[from] psn
|upkeep
|
|t:|1779893572
|switch|p1a: Glimmora|Glimmora, F, shiny|86/100
|turn|38
|
|t:|1779893574
|move|p1a: Glimmora|Protect|p1a: Glimmora
|-singleturn|p1a: Glimmora|Protect
|move|p2a: Great Tusk|Headlong Rush|p1a: Glimmora
|-activate|p1a: Glimmora|move: Protect
|
|-heal|p1a: Glimmora|92/100|[from] item: Leftovers
|-damage|p2a: Great Tusk|0 fnt|[from] psn
|faint|p2a: Great Tusk
|-end|p2a: Great Tusk|Protosynthesis|[silent]
|upkeep
|
|t:|1779893576
|switch|p2a: Moltres|Moltres|81/100 tox
|turn|39
|
|t:|1779893579
|move|p1a: Glimmora|Substitute|p1a: Glimmora
|-start|p1a: Glimmora|Substitute
|-damage|p1a: Glimmora|67/100
|move|p2a: Moltres|Air Slash|p1a: Glimmora
|-resisted|p1a: Glimmora
|-crit|p1a: Glimmora
|-end|p1a: Glimmora|Substitute
|
|-heal|p1a: Glimmora|73/100|[from] item: Leftovers
|-damage|p2a: Moltres|75/100 tox|[from] psn
|upkeep
|turn|40
|
|t:|1779893584
|move|p1a: Glimmora|Protect|p1a: Glimmora
|-singleturn|p1a: Glimmora|Protect
|move|p2a: Moltres|Air Slash|p1a: Glimmora
|-activate|p1a: Glimmora|move: Protect
|
|-heal|p1a: Glimmora|79/100|[from] item: Leftovers
|-damage|p2a: Moltres|63/100 tox|[from] psn
|upkeep
|turn|41
|
|t:|1779893587
|move|p1a: Glimmora|Substitute|p1a: Glimmora
|-start|p1a: Glimmora|Substitute
|-damage|p1a: Glimmora|55/100
|move|p2a: Moltres|Air Slash|p1a: Glimmora|[miss]
|-miss|p2a: Moltres|p1a: Glimmora
|
|-heal|p1a: Glimmora|61/100|[from] item: Leftovers
|-damage|p2a: Moltres|45/100 tox|[from] psn
|upkeep
|turn|42
|
|t:|1779893610
|move|p1a: Glimmora|Protect|p1a: Glimmora
|-singleturn|p1a: Glimmora|Protect
|move|p2a: Moltres|Roost|p2a: Moltres
|-heal|p2a: Moltres|95/100 tox
|-singleturn|p2a: Moltres|move: Roost
|
|-heal|p1a: Glimmora|67/100|[from] item: Leftovers
|-damage|p2a: Moltres|71/100 tox|[from] psn
|upkeep
|turn|43
|
|t:|1779893616
|move|p1a: Glimmora|Earth Power|p2a: Moltres
|-immune|p2a: Moltres
|move|p2a: Moltres|Flamethrower|p1a: Glimmora
|-resisted|p1a: Glimmora
|-activate|p1a: Glimmora|move: Substitute|[damage]
|
|-heal|p1a: Glimmora|73/100|[from] item: Leftovers
|-damage|p2a: Moltres|41/100 tox|[from] psn
|upkeep
|turn|44
|
|t:|1779893623
|move|p1a: Glimmora|Protect|p1a: Glimmora
|-singleturn|p1a: Glimmora|Protect
|move|p2a: Moltres|Roost|p2a: Moltres
|-heal|p2a: Moltres|91/100 tox
|-singleturn|p2a: Moltres|move: Roost
|
|-heal|p1a: Glimmora|79/100|[from] item: Leftovers
|-damage|p2a: Moltres|55/100 tox|[from] psn
|upkeep
|turn|45
|
|t:|1779893628
|move|p1a: Glimmora|Toxic|p2a: Moltres
|-fail|p2a: Moltres|tox
|move|p2a: Moltres|Flamethrower|p1a: Glimmora
|-resisted|p1a: Glimmora
|-end|p1a: Glimmora|Substitute
|
|-heal|p1a: Glimmora|86/100|[from] item: Leftovers
|-damage|p2a: Moltres|13/100 tox|[from] psn
|upkeep
|turn|46
|
|t:|1779893635
|move|p1a: Glimmora|Substitute|p1a: Glimmora
|-start|p1a: Glimmora|Substitute
|-damage|p1a: Glimmora|61/100
|move|p2a: Moltres|Flamethrower|p1a: Glimmora
|-resisted|p1a: Glimmora
|-activate|p1a: Glimmora|move: Substitute|[damage]
|
|-heal|p1a: Glimmora|67/100|[from] item: Leftovers
|-damage|p2a: Moltres|0 fnt|[from] psn
|faint|p2a: Moltres
|
|win|smore98
|raw|smore98's rating: 1390 &rarr; <strong>1406</strong><br />(+16 for winning)
|raw|ceeeed's rating: 1324 &rarr; <strong>1308</strong><br />(-16 for losing)
|l|☆ceeeed
|player|p2|
