|j|☆Abracadaver
|j|☆claudechamp
|t:|1779887126
|gametype|singles
|player|p1|Abracadaver|102|1252
|player|p2|claudechamp|169|1250
|gen|9
|tier|[Gen 9] OU
|rated|
|rule|HP Percentage Mod: HP is shown in percentages
|rule|Endless Battle Clause: Forcing endless battles is banned
|rule|Species Clause: Limit one of each Pokémon
|rule|OHKO Clause: OHKO moves are banned
|rule|Evasion Items Clause: Evasion items are banned
|rule|Evasion Moves Clause: Evasion moves are banned
|rule|Evasion Abilities Clause: Evasion abilities are banned
|rule|Sleep Moves Clause: Sleep-inducing moves are banned
|clearpoke
|poke|p1|Umbreon, M|
|poke|p1|Mimikyu, M|
|poke|p1|Dragonite, M|
|poke|p1|Gastrodon-East, F|
|poke|p1|Zapdos|
|poke|p1|Rillaboom, F|
|poke|p2|Gliscor, F|
|poke|p2|Gholdengo|
|poke|p2|Zamazenta-*|
|poke|p2|Blissey, F|
|poke|p2|Skarmory, F|
|poke|p2|Pecharunt|
|teampreview
|c|☆claudechamp|hf
|inactive|Battle timer is ON: inactive players will automatically lose when time's up. (requested by claudechamp)
|
|t:|1779887138
|teamsize|p1|6
|teamsize|p2|6
|start
|switch|p1a: Gastrodon|Gastrodon-East, F|100/100
|switch|p2a: Skarmory|Skarmory, F|100/100
|turn|1
|
|t:|1779887148
|move|p2a: Skarmory|Spikes|p1a: Gastrodon
|-sidestart|p1: Abracadaver|Spikes
|move|p1a: Gastrodon|Hydro Pump|p2a: Skarmory
|-damage|p2a: Skarmory|42/100
|
|upkeep
|turn|2
|
|t:|1779887161
|move|p2a: Skarmory|Roost|p2a: Skarmory
|-heal|p2a: Skarmory|92/100
|-singleturn|p2a: Skarmory|move: Roost
|move|p1a: Gastrodon|Earth Power|p2a: Skarmory
|-supereffective|p2a: Skarmory
|-damage|p2a: Skarmory|0 fnt
|faint|p2a: Skarmory
|
|upkeep
|
|t:|1779887169
|switch|p2a: Blissey|Blissey, F|100/100
|turn|3
|
|t:|1779887198
|switch|p1a: Mimikyu|Mimikyu, M|100/100
|-damage|p1a: Mimikyu|88/100|[from] Spikes
|move|p2a: Blissey|Stealth Rock|p1a: Mimikyu
|-sidestart|p1: Abracadaver|move: Stealth Rock
|
|upkeep
|turn|4
|
|t:|1779887206
|move|p1a: Mimikyu|Swords Dance|p1a: Mimikyu
|-boost|p1a: Mimikyu|atk|2
|move|p2a: Blissey|Calm Mind|p2a: Blissey
|-boost|p2a: Blissey|spa|1
|-boost|p2a: Blissey|spd|1
|
|upkeep
|turn|5
|
|t:|1779887221
|move|p1a: Mimikyu|Drain Punch|p2a: Blissey
|-supereffective|p2a: Blissey
|-crit|p2a: Blissey
|-damage|p2a: Blissey|0 fnt
|-heal|p1a: Mimikyu|100/100|[from] drain|[of] p2a: Blissey
|faint|p2a: Blissey
|-damage|p1a: Mimikyu|91/100|[from] item: Life Orb
|
|upkeep
|
|t:|1779887228
|switch|p2a: Zamazenta|Zamazenta|100/100
|-ability|p2a: Zamazenta|Dauntless Shield|boost
|-boost|p2a: Zamazenta|def|1
|turn|6
|
|t:|1779887237
|move|p2a: Zamazenta|Heavy Slam|p1a: Mimikyu
|-activate|p1a: Mimikyu|ability: Disguise
|-damage|p1a: Mimikyu|91/100
|detailschange|p1a: Mimikyu|Mimikyu-Busted, M
|-damage|p1a: Mimikyu|78/100|[from] pokemon: Mimikyu-Busted
|move|p1a: Mimikyu|Play Rough|p2a: Zamazenta
|-supereffective|p2a: Zamazenta
|-damage|p2a: Zamazenta|0 fnt
|faint|p2a: Zamazenta
|-damage|p1a: Mimikyu|68/100|[from] item: Life Orb
|
|upkeep
|
|t:|1779887240
|switch|p2a: Pecharunt|Pecharunt|100/100
|turn|7
|
|t:|1779887255
|-terastallize|p1a: Mimikyu|Steel
|move|p1a: Mimikyu|Swords Dance|p1a: Mimikyu
|-boost|p1a: Mimikyu|atk|2
|move|p2a: Pecharunt|Shadow Ball|p1a: Mimikyu
|-damage|p1a: Mimikyu|38/100
|
|upkeep
|turn|8
|
|t:|1779887262
|move|p1a: Mimikyu|Shadow Sneak|p2a: Pecharunt
|-supereffective|p2a: Pecharunt
|-damage|p2a: Pecharunt|41/100
|-damage|p1a: Mimikyu|28/100|[from] item: Life Orb
|move|p2a: Pecharunt|Shadow Ball|p1a: Mimikyu
|-damage|p1a: Mimikyu|0 fnt
|faint|p1a: Mimikyu
|
|upkeep
|
|t:|1779887270
|switch|p1a: Gastrodon|Gastrodon-East, F|100/100
|-damage|p1a: Gastrodon|88/100|[from] Spikes
|-damage|p1a: Gastrodon|82/100|[from] Stealth Rock
|turn|9
|
|t:|1779887275
|move|p2a: Pecharunt|Parting Shot|p1a: Gastrodon
|-unboost|p1a: Gastrodon|atk|1
|-unboost|p1a: Gastrodon|spa|1
|
|t:|1779887277
|switch|p2a: Gliscor|Gliscor, F|100/100|[from] Parting Shot
|move|p1a: Gastrodon|Earth Power|p2a: Gliscor
|-immune|p2a: Gliscor
|
|-heal|p1a: Gastrodon|88/100|[from] item: Leftovers
|-status|p2a: Gliscor|tox|[from] item: Toxic Orb
|upkeep
|turn|10
|
|t:|1779887286
|move|p2a: Gliscor|Swords Dance|p2a: Gliscor
|-boost|p2a: Gliscor|atk|2
|move|p1a: Gastrodon|Ice Beam|p2a: Gliscor
|-supereffective|p2a: Gliscor
|-damage|p2a: Gliscor|41/100 tox
|
|-heal|p1a: Gastrodon|94/100|[from] item: Leftovers
|-heal|p2a: Gliscor|54/100 tox|[from] ability: Poison Heal
|upkeep
|turn|11
|
|t:|1779887295
|-terastallize|p2a: Gliscor|Dark
|move|p2a: Gliscor|Knock Off|p1a: Gastrodon
|-damage|p1a: Gastrodon|21/100
|-enditem|p1a: Gastrodon|Leftovers|[from] move: Knock Off|[of] p2a: Gliscor
|move|p1a: Gastrodon|Ice Beam|p2a: Gliscor
|-damage|p2a: Gliscor|40/100 tox
|
|-heal|p2a: Gliscor|52/100 tox|[from] ability: Poison Heal
|upkeep
|turn|12
|
|t:|1779887305
|move|p2a: Gliscor|Earthquake|p1a: Gastrodon
|-damage|p1a: Gastrodon|0 fnt
|faint|p1a: Gastrodon
|
|-heal|p2a: Gliscor|65/100 tox|[from] ability: Poison Heal
|upkeep
|
|t:|1779887311
|switch|p1a: Zapdos|Zapdos|100/100
|turn|13
|
|t:|1779887318
|move|p2a: Gliscor|Knock Off|p1a: Zapdos
|-crit|p1a: Zapdos
|-damage|p1a: Zapdos|10/100
|-enditem|p1a: Zapdos|Heavy-Duty Boots|[from] move: Knock Off|[of] p2a: Gliscor
|move|p1a: Zapdos|Thunderbolt|p2a: Gliscor
|-damage|p2a: Gliscor|25/100 tox
|
|-heal|p2a: Gliscor|37/100 tox|[from] ability: Poison Heal
|upkeep
|turn|14
|
|t:|1779887327
|move|p2a: Gliscor|Knock Off|p1a: Zapdos
|-damage|p1a: Zapdos|0 fnt
|faint|p1a: Zapdos
|
|-heal|p2a: Gliscor|50/100 tox|[from] ability: Poison Heal
|upkeep
|
|t:|1779887346
|switch|p1a: Umbreon|Umbreon, M, shiny|100/100
|-damage|p1a: Umbreon|88/100|[from] Spikes
|-damage|p1a: Umbreon|76/100|[from] Stealth Rock
|turn|15
|
|t:|1779887351
|move|p2a: Gliscor|Knock Off|p1a: Umbreon
|-resisted|p1a: Umbreon
|-damage|p1a: Umbreon|49/100
|-enditem|p1a: Umbreon|Leftovers|[from] move: Knock Off|[of] p2a: Gliscor
|move|p1a: Umbreon|Foul Play|p2a: Gliscor
|-resisted|p2a: Gliscor
|-damage|p2a: Gliscor|26/100 tox
|
|-heal|p2a: Gliscor|38/100 tox|[from] ability: Poison Heal
|upkeep
|turn|16
|
|t:|1779887366
|move|p2a: Gliscor|Earthquake|p1a: Umbreon
|-damage|p1a: Umbreon|0 fnt
|faint|p1a: Umbreon
|
|-heal|p2a: Gliscor|51/100 tox|[from] ability: Poison Heal
|upkeep
|
|t:|1779887382
|switch|p1a: Rillaboom|Rillaboom, F|100/100
|-damage|p1a: Rillaboom|88/100|[from] Spikes
|-damage|p1a: Rillaboom|76/100|[from] Stealth Rock
|-fieldstart|move: Grassy Terrain|[from] ability: Grassy Surge|[of] p1a: Rillaboom
|turn|17
|
|t:|1779887390
|move|p2a: Gliscor|Knock Off|p1a: Rillaboom
|-damage|p1a: Rillaboom|16/100
|-enditem|p1a: Rillaboom|Choice Band|[from] move: Knock Off|[of] p2a: Gliscor
|move|p1a: Rillaboom|Wood Hammer|p2a: Gliscor
|-damage|p2a: Gliscor|0 fnt
|faint|p2a: Gliscor
|-damage|p1a: Rillaboom|1/100|[from] Recoil
|
|-heal|p1a: Rillaboom|7/100|[from] Grassy Terrain
|upkeep
|
|t:|1779887398
|switch|p2a: Gholdengo|Gholdengo|100/100
|turn|18
|
|t:|1779887410
|switch|p2a: Pecharunt|Pecharunt|41/100
|move|p1a: Rillaboom|Knock Off|p2a: Pecharunt
|-supereffective|p2a: Pecharunt
|-damage|p2a: Pecharunt|9/100
|-enditem|p2a: Pecharunt|Heavy-Duty Boots|[from] move: Knock Off|[of] p1a: Rillaboom
|
|-heal|p2a: Pecharunt|15/100|[from] Grassy Terrain
|-heal|p1a: Rillaboom|14/100|[from] Grassy Terrain
|upkeep
|turn|19
|
|t:|1779887418
|move|p1a: Rillaboom|Grassy Glide|p2a: Pecharunt
|-resisted|p2a: Pecharunt
|-damage|p2a: Pecharunt|7/100
|move|p2a: Pecharunt|Recover|p2a: Pecharunt
|-heal|p2a: Pecharunt|57/100
|
|-heal|p2a: Pecharunt|63/100|[from] Grassy Terrain
|-heal|p1a: Rillaboom|20/100|[from] Grassy Terrain
|upkeep
|turn|20
|
|t:|1779887427
|move|p2a: Pecharunt|Shadow Ball|p1a: Rillaboom
|-damage|p1a: Rillaboom|0 fnt
|faint|p1a: Rillaboom
|
|-heal|p2a: Pecharunt|69/100|[from] Grassy Terrain
|upkeep
|
|t:|1779887432
|switch|p1a: Dragonite|Dragonite, M|100/100
|-damage|p1a: Dragonite|75/100|[from] Stealth Rock
|turn|21
|
|t:|1779887440
|move|p1a: Dragonite|Dragon Dance|p1a: Dragonite
|-boost|p1a: Dragonite|atk|1
|-boost|p1a: Dragonite|spe|1
|move|p2a: Pecharunt|Toxic|p1a: Dragonite
|-status|p1a: Dragonite|tox
|-start|p1a: Dragonite|confusion|[from] ability: Poison Puppeteer|[of] p2a: Pecharunt
|
|-heal|p2a: Pecharunt|75/100|[from] Grassy Terrain
|-damage|p1a: Dragonite|69/100 tox|[from] psn
|-fieldend|move: Grassy Terrain
|upkeep
|turn|22
|
|t:|1779887450
|-activate|p1a: Dragonite|confusion
|move|p1a: Dragonite|Earthquake|p2a: Pecharunt
|-supereffective|p2a: Pecharunt
|-damage|p2a: Pecharunt|24/100
|move|p2a: Pecharunt|Shadow Ball|p1a: Dragonite
|-damage|p1a: Dragonite|42/100 tox
|
|-damage|p1a: Dragonite|30/100 tox|[from] psn
|upkeep
|turn|23
|
|t:|1779887458
|-end|p1a: Dragonite|confusion
|move|p1a: Dragonite|Earthquake|p2a: Pecharunt
|-supereffective|p2a: Pecharunt
|-damage|p2a: Pecharunt|0 fnt
|faint|p2a: Pecharunt
|
|-damage|p1a: Dragonite|12/100 tox|[from] psn
|upkeep
|
|t:|1779887467
|switch|p2a: Gholdengo|Gholdengo|100/100
|turn|24
|
|t:|1779887475
|move|p1a: Dragonite|Earthquake|p2a: Gholdengo
|-supereffective|p2a: Gholdengo
|-damage|p2a: Gholdengo|14/100
|move|p2a: Gholdengo|Hex|p1a: Dragonite
|-damage|p1a: Dragonite|0 fnt
|faint|p1a: Dragonite
|
|win|claudechamp
|raw|Abracadaver's rating: 1252 &rarr; <strong>1228</strong><br />(-24 for losing)
|raw|claudechamp's rating: 1264 &rarr; <strong>1288</strong><br />(+24 for winning)
|c|☆claudechamp|gg
