|j|☆claudechamp
|j|☆ddrago2009
|t:|1779819580
|gametype|singles
|player|p1|claudechamp|265|1257
|player|p2|ddrago2009|pokemaniac|1263
|gen|9
|tier|[Gen 9] OU
|rated|
|rule|HP Percentage Mod: HP is shown in percentages
|rule|Endless Battle Clause: Forcing endless battles is banned
|rule|Species Clause: Limit one of each Pokémon
|rule|OHKO Clause: OHKO moves are banned
|rule|Evasion Items Clause: Evasion items are banned
|rule|Evasion Moves Clause: Evasion moves are banned
|rule|Evasion Abilities Clause: Evasion abilities are banned
|rule|Sleep Moves Clause: Sleep-inducing moves are banned
|clearpoke
|poke|p1|Gliscor, F|
|poke|p1|Ogerpon, F|
|poke|p1|Walking Wake|
|poke|p1|Blissey, F|
|poke|p1|Corviknight, M|
|poke|p1|Pecharunt|
|poke|p2|Pawmot, F|
|poke|p2|Pelipper, F|
|poke|p2|Basculegion, M|
|poke|p2|Garganacl, F|
|poke|p2|Clodsire, F|
|poke|p2|Meowscarada, F|
|teampreview
|inactive|Battle timer is ON: inactive players will automatically lose when time's up. (requested by ddrago2009)
|c|☆claudechamp|hf
|inactive|claudechamp also wants the timer to be on.
|
|t:|1779819588
|teamsize|p1|6
|teamsize|p2|6
|start
|switch|p1a: Gliscor|Gliscor, F|100/100
|switch|p2a: Meowscarada|Meowscarada, F|100/100
|turn|1
|inactive|claudechamp has 120 seconds left.
|
|t:|1779819620
|move|p2a: Meowscarada|Knock Off|p1a: Gliscor
|-start|p2a: Meowscarada|typechange|Dark|[from] ability: Protean
|-damage|p1a: Gliscor|67/100
|-enditem|p1a: Gliscor|Toxic Orb|[from] move: Knock Off|[of] p2a: Meowscarada
|move|p1a: Gliscor|Spikes|p2a: Meowscarada
|-sidestart|p2: ddrago2009|Spikes
|
|upkeep
|turn|2
|inactive|claudechamp has 120 seconds left.
|
|t:|1779819630
|move|p2a: Meowscarada|Triple Axel|p1a: Gliscor
|-supereffective|p1a: Gliscor
|-damage|p1a: Gliscor|46/100
|-supereffective|p1a: Gliscor
|-damage|p1a: Gliscor|8/100
|-supereffective|p1a: Gliscor
|-damage|p1a: Gliscor|0 fnt
|faint|p1a: Gliscor
|-hitcount|p1: Gliscor|3
|
|upkeep
|inactive|claudechamp has 120 seconds left.
|
|t:|1779819635
|switch|p1a: Pecharunt|Pecharunt|100/100
|turn|3
|
|t:|1779819653
|move|p2a: Meowscarada|Knock Off|p1a: Pecharunt
|-supereffective|p1a: Pecharunt
|-damage|p1a: Pecharunt|56/100
|-enditem|p1a: Pecharunt|Heavy-Duty Boots|[from] move: Knock Off|[of] p2a: Meowscarada
|move|p1a: Pecharunt|Malignant Chain|p2a: Meowscarada
|-damage|p2a: Meowscarada|55/100
|-status|p2a: Meowscarada|tox
|-start|p2a: Meowscarada|confusion|[from] ability: Poison Puppeteer|[of] p1a: Pecharunt
|
|-heal|p2a: Meowscarada|61/100 tox|[from] item: Leftovers
|-damage|p2a: Meowscarada|55/100 tox|[from] psn
|upkeep
|turn|4
|
|t:|1779819668
|-activate|p2a: Meowscarada|confusion
|move|p2a: Meowscarada|Triple Axel|p1a: Pecharunt|[miss]
|-miss|p2a: Meowscarada|p1a: Pecharunt
|move|p1a: Pecharunt|Recover|p1a: Pecharunt
|-heal|p1a: Pecharunt|100/100
|
|-heal|p2a: Meowscarada|61/100 tox|[from] item: Leftovers
|-damage|p2a: Meowscarada|48/100 tox|[from] psn
|upkeep
|turn|5
|
|t:|1779819678
|switch|p2a: Clodsire|Clodsire, F, shiny|100/100
|-damage|p2a: Clodsire|88/100|[from] Spikes
|move|p1a: Pecharunt|Malignant Chain|p2a: Clodsire
|-resisted|p2a: Clodsire
|-damage|p2a: Clodsire|84/100
|
|-heal|p2a: Clodsire|90/100|[from] item: Black Sludge
|upkeep
|turn|6
|
|t:|1779819688
|move|p1a: Pecharunt|Parting Shot|p2a: Clodsire
|-unboost|p2a: Clodsire|atk|1
|-unboost|p2a: Clodsire|spa|1
|
|t:|1779819690
|switch|p1a: Blissey|Blissey, F|100/100|[from] Parting Shot
|move|p2a: Clodsire|Earthquake|p1a: Blissey
|-damage|p1a: Blissey|80/100
|
|-heal|p2a: Clodsire|96/100|[from] item: Black Sludge
|upkeep
|turn|7
|
|t:|1779819693
|move|p1a: Blissey|Stealth Rock|p2a: Clodsire
|-sidestart|p2: ddrago2009|move: Stealth Rock
|move|p2a: Clodsire|Toxic|p1a: Blissey
|-status|p1a: Blissey|tox
|
|-heal|p2a: Clodsire|100/100|[from] item: Black Sludge
|-damage|p1a: Blissey|74/100 tox|[from] psn
|upkeep
|turn|8
|
|t:|1779819697
|-curestatus|p1a: Blissey|tox|[from] ability: Natural Cure|[silent]
|switch|p1a: Pecharunt|Pecharunt|100/100
|switch|p2a: Garganacl|Garganacl, F|100/100
|-damage|p2a: Garganacl|88/100|[from] Spikes
|-damage|p2a: Garganacl|76/100|[from] Stealth Rock
|
|-heal|p2a: Garganacl|82/100|[from] item: Leftovers
|upkeep
|turn|9
|
|t:|1779819704
|move|p1a: Pecharunt|Parting Shot|p2a: Garganacl
|-unboost|p2a: Garganacl|atk|1
|-unboost|p2a: Garganacl|spa|1
|
|t:|1779819709
|switch|p1a: Blissey|Blissey, F|74/100|[from] Parting Shot
|move|p2a: Garganacl|Iron Defense|p2a: Garganacl
|-boost|p2a: Garganacl|def|2
|
|-heal|p2a: Garganacl|88/100|[from] item: Leftovers
|upkeep
|turn|10
|
|t:|1779819714
|move|p1a: Blissey|Seismic Toss|p2a: Garganacl
|-damage|p2a: Garganacl|63/100
|move|p2a: Garganacl|Body Press|p1a: Blissey
|-supereffective|p1a: Blissey
|-damage|p1a: Blissey|0 fnt
|faint|p1a: Blissey
|
|-heal|p2a: Garganacl|70/100|[from] item: Leftovers
|upkeep
|
|t:|1779819719
|switch|p1a: Walking Wake|Walking Wake|100/100
|turn|11
|
|t:|1779819723
|-terastallize|p2a: Garganacl|Electric
|move|p1a: Walking Wake|Surf|p2a: Garganacl
|-damage|p2a: Garganacl|26/100
|move|p2a: Garganacl|Salt Cure|p1a: Walking Wake
|-crit|p1a: Walking Wake
|-damage|p1a: Walking Wake|80/100
|-start|p1a: Walking Wake|Salt Cure
|
|-heal|p2a: Garganacl|32/100|[from] item: Leftovers
|-damage|p1a: Walking Wake|55/100|[from] Salt Cure
|upkeep
|turn|12
|
|t:|1779819737
|switch|p2a: Pelipper|Pelipper, F|100/100
|-damage|p2a: Pelipper|75/100|[from] Stealth Rock
|-weather|RainDance|[from] ability: Drizzle|[of] p2a: Pelipper
|move|p1a: Walking Wake|Surf|p2a: Pelipper
|-resisted|p2a: Pelipper
|-damage|p2a: Pelipper|38/100
|
|-weather|RainDance|[upkeep]
|-damage|p1a: Walking Wake|30/100|[from] Salt Cure
|upkeep
|turn|13
|
|t:|1779819744
|move|p1a: Walking Wake|Draco Meteor|p2a: Pelipper
|-damage|p2a: Pelipper|0 fnt
|-unboost|p1a: Walking Wake|spa|2
|faint|p2a: Pelipper
|
|-weather|RainDance|[upkeep]
|-damage|p1a: Walking Wake|6/100|[from] Salt Cure
|upkeep
|
|t:|1779819748
|switch|p2a: Basculegion|Basculegion, M|100/100
|-damage|p2a: Basculegion|88/100|[from] Spikes
|-damage|p2a: Basculegion|76/100|[from] Stealth Rock
|turn|14
|
|t:|1779819757
|-end|p1a: Walking Wake|Protosynthesis|[silent]
|switch|p1a: Ogerpon|Ogerpon, F|100/100
|move|p2a: Basculegion|Liquidation|p1a: Ogerpon
|-resisted|p1a: Ogerpon
|-damage|p1a: Ogerpon|49/100
|-unboost|p1a: Ogerpon|def|1
|-ability|p1a: Ogerpon|Defiant|boost
|-boost|p1a: Ogerpon|atk|2
|
|-weather|RainDance|[upkeep]
|upkeep
|turn|15
|
|t:|1779819765
|move|p2a: Basculegion|Liquidation|p1a: Ogerpon
|-resisted|p1a: Ogerpon
|-damage|p1a: Ogerpon|0 fnt
|faint|p1a: Ogerpon
|
|-weather|RainDance|[upkeep]
|upkeep
|
|t:|1779819769
|switch|p1a: Pecharunt|Pecharunt|100/100
|turn|16
|
|t:|1779819773
|move|p2a: Basculegion|Phantom Force||[still]
|-prepare|p2a: Basculegion|Phantom Force
|move|p1a: Pecharunt|Foul Play|p2a: Basculegion|[miss]
|-miss|p1a: Pecharunt|p2a: Basculegion
|
|-weather|RainDance|[upkeep]
|upkeep
|turn|17
|
|t:|1779819776
|move|p2a: Basculegion|Phantom Force|p1a: Pecharunt|[from] lockedmove
|-supereffective|p1a: Pecharunt
|-damage|p1a: Pecharunt|53/100
|move|p1a: Pecharunt|Foul Play|p2a: Basculegion
|-supereffective|p2a: Basculegion
|-damage|p2a: Basculegion|0 fnt
|faint|p2a: Basculegion
|
|-weather|RainDance|[upkeep]
|upkeep
|
|t:|1779819784
|switch|p2a: Pawmot|Pawmot, F, shiny|100/100
|-damage|p2a: Pawmot|88/100|[from] Spikes
|-damage|p2a: Pawmot|82/100|[from] Stealth Rock
|turn|18
|
|t:|1779819792
|move|p2a: Pawmot|Revival Blessing|p2a: Pawmot
|-enditem|p2a: Pawmot|Leppa Berry|[eat]
|-activate|p2a: Pawmot|item: Leppa Berry|Revival Blessing|[consumed]
|
|t:|1779819796
|-heal|p2: Pelipper|50/100|[from] move: Revival Blessing
|move|p1a: Pecharunt|Recover|p1a: Pecharunt
|-heal|p1a: Pecharunt|100/100
|
|-weather|RainDance|[upkeep]
|upkeep
|turn|19
|
|t:|1779819806
|switch|p2a: Garganacl|Garganacl, F, tera:Electric|32/100
|-damage|p2a: Garganacl|20/100|[from] Spikes
|-damage|p2a: Garganacl|7/100|[from] Stealth Rock
|move|p1a: Pecharunt|Parting Shot|p2a: Garganacl
|-unboost|p2a: Garganacl|atk|1
|-unboost|p2a: Garganacl|spa|1
|
|t:|1779819808
|switch|p1a: Corviknight|Corviknight, M|100/100|[from] Parting Shot
|-ability|p1a: Corviknight|Pressure
|
|-weather|none
|-heal|p2a: Garganacl|13/100|[from] item: Leftovers
|upkeep
|turn|20
|
|t:|1779819814
|move|p1a: Corviknight|Body Press|p2a: Garganacl
|-damage|p2a: Garganacl|0 fnt
|faint|p2a: Garganacl
|
|upkeep
|
|t:|1779819817
|switch|p2a: Pawmot|Pawmot, F, shiny|82/100
|-damage|p2a: Pawmot|69/100|[from] Spikes
|-damage|p2a: Pawmot|63/100|[from] Stealth Rock
|turn|21
|
|t:|1779819826
|move|p2a: Pawmot|Double Shock|p1a: Corviknight
|-supereffective|p1a: Corviknight
|-damage|p1a: Corviknight|37/100
|-start|p2a: Pawmot|typechange|???/Fighting|[from] move: Double Shock
|move|p1a: Corviknight|U-turn|p2a: Pawmot
|-resisted|p2a: Pawmot
|-damage|p2a: Pawmot|53/100
|
|t:|1779819838
|switch|p1a: Pecharunt|Pecharunt|100/100|[from] U-turn
|
|upkeep
|turn|22
|
|t:|1779819848
|move|p2a: Pawmot|Revival Blessing|p2a: Pawmot
|
|t:|1779819856
|-heal|p2: Garganacl|50/100|[from] move: Revival Blessing
|move|p1a: Pecharunt|Parting Shot|p2a: Pawmot
|-unboost|p2a: Pawmot|atk|1
|-unboost|p2a: Pawmot|spa|1
|
|t:|1779819867
|switch|p1a: Walking Wake|Walking Wake|6/100|[from] Parting Shot
|
|upkeep
|turn|23
|
|t:|1779819871
|move|p2a: Pawmot|Mach Punch|p1a: Walking Wake
|-damage|p1a: Walking Wake|0 fnt
|faint|p1a: Walking Wake
|-end|p1a: Walking Wake|Protosynthesis|[silent]
|
|upkeep
|
|t:|1779819871
|switch|p1a: Pecharunt|Pecharunt|100/100
|turn|24
|
|t:|1779819882
|move|p2a: Pawmot|Ice Punch|p1a: Pecharunt
|-damage|p1a: Pecharunt|93/100
|move|p1a: Pecharunt|Foul Play|p2a: Pawmot
|-resisted|p2a: Pawmot
|-damage|p2a: Pawmot|41/100
|
|upkeep
|turn|25
|
|t:|1779819890
|move|p2a: Pawmot|Ice Punch|p1a: Pecharunt
|-damage|p1a: Pecharunt|86/100
|move|p1a: Pecharunt|Malignant Chain|p2a: Pawmot
|-damage|p2a: Pawmot|0 fnt
|faint|p2a: Pawmot
|
|upkeep
|
|t:|1779819896
|switch|p2a: Garganacl|Garganacl, F|50/100
|-damage|p2a: Garganacl|38/100|[from] Spikes
|-damage|p2a: Garganacl|26/100|[from] Stealth Rock
|turn|26
|
|t:|1779819900
|move|p1a: Pecharunt|Malignant Chain|p2a: Garganacl
|-resisted|p2a: Garganacl
|-damage|p2a: Garganacl|11/100
|move|p2a: Garganacl|Recover|p2a: Garganacl
|-heal|p2a: Garganacl|61/100
|
|-heal|p2a: Garganacl|68/100|[from] item: Leftovers
|upkeep
|turn|27
|
|t:|1779819913
|move|p1a: Pecharunt|Malignant Chain|p2a: Garganacl
|-resisted|p2a: Garganacl
|-damage|p2a: Garganacl|52/100
|move|p2a: Garganacl|Iron Defense|p2a: Garganacl
|-boost|p2a: Garganacl|def|2
|
|-heal|p2a: Garganacl|59/100|[from] item: Leftovers
|upkeep
|turn|28
|
|t:|1779819927
|move|p1a: Pecharunt|Malignant Chain|p2a: Garganacl
|-resisted|p2a: Garganacl
|-damage|p2a: Garganacl|44/100
|move|p2a: Garganacl|Salt Cure|p1a: Pecharunt
|-damage|p1a: Pecharunt|79/100
|-start|p1a: Pecharunt|Salt Cure
|
|-heal|p2a: Garganacl|50/100|[from] item: Leftovers
|-damage|p1a: Pecharunt|67/100|[from] Salt Cure
|upkeep
|turn|29
|
|t:|1779819939
|move|p1a: Pecharunt|Parting Shot|p2a: Garganacl
|-unboost|p2a: Garganacl|atk|1
|-unboost|p2a: Garganacl|spa|1
|
|t:|1779819954
|switch|p1a: Corviknight|Corviknight, M|37/100|[from] Parting Shot
|-ability|p1a: Corviknight|Pressure
|move|p2a: Garganacl|Recover|p2a: Garganacl
|-heal|p2a: Garganacl|99/100
|
|-heal|p2a: Garganacl|100/100|[from] item: Leftovers
|upkeep
|turn|30
|
|t:|1779819965
|-terastallize|p1a: Corviknight|Ghost
|move|p1a: Corviknight|Roost|p1a: Corviknight
|-heal|p1a: Corviknight|88/100
|move|p2a: Garganacl|Salt Cure|p1a: Corviknight
|-damage|p1a: Corviknight|82/100
|-start|p1a: Corviknight|Salt Cure
|
|-damage|p1a: Corviknight|69/100|[from] Salt Cure
|upkeep
|turn|31
|
|t:|1779819980
|move|p1a: Corviknight|U-turn|p2a: Garganacl
|-damage|p2a: Garganacl|97/100
|inactive|claudechamp has 120 seconds left.
|
|t:|1779819994
|switch|p1a: Pecharunt|Pecharunt|67/100|[from] U-turn
|move|p2a: Garganacl|Iron Defense|p2a: Garganacl
|-boost|p2a: Garganacl|def|2
|
|-heal|p2a: Garganacl|100/100|[from] item: Leftovers
|upkeep
|turn|32
|inactive|claudechamp has 120 seconds left.
|
|t:|1779820011
|move|p1a: Pecharunt|Malignant Chain|p2a: Garganacl
|-resisted|p2a: Garganacl
|-damage|p2a: Garganacl|86/100
|move|p2a: Garganacl|Salt Cure|p1a: Pecharunt
|-damage|p1a: Pecharunt|63/100
|-start|p1a: Pecharunt|Salt Cure
|
|-heal|p2a: Garganacl|92/100|[from] item: Leftovers
|-damage|p1a: Pecharunt|50/100|[from] Salt Cure
|upkeep
|turn|33
|inactive|claudechamp has 120 seconds left.
|
|t:|1779820025
|move|p1a: Pecharunt|Recover|p1a: Pecharunt
|-heal|p1a: Pecharunt|100/100
|move|p2a: Garganacl|Salt Cure|p1a: Pecharunt
|-damage|p1a: Pecharunt|96/100
|
|-heal|p2a: Garganacl|98/100|[from] item: Leftovers
|-damage|p1a: Pecharunt|84/100|[from] Salt Cure
|upkeep
|turn|34
|inactive|claudechamp has 120 seconds left.
|
|t:|1779820042
|move|p1a: Pecharunt|Malignant Chain|p2a: Garganacl
|-resisted|p2a: Garganacl
|-damage|p2a: Garganacl|83/100
|move|p2a: Garganacl|Iron Defense|p2a: Garganacl
|-boost|p2a: Garganacl|def|2
|
|-heal|p2a: Garganacl|89/100|[from] item: Leftovers
|-damage|p1a: Pecharunt|72/100|[from] Salt Cure
|upkeep
|turn|35
|
|t:|1779820058
|move|p1a: Pecharunt|Foul Play|p2a: Garganacl
|-damage|p2a: Garganacl|87/100
|move|p2a: Garganacl|Salt Cure|p1a: Pecharunt
|-damage|p1a: Pecharunt|67/100
|
|-heal|p2a: Garganacl|93/100|[from] item: Leftovers
|-damage|p1a: Pecharunt|55/100|[from] Salt Cure
|upkeep
|turn|36
|
|t:|1779820077
|move|p1a: Pecharunt|Recover|p1a: Pecharunt
|-heal|p1a: Pecharunt|100/100
|move|p2a: Garganacl|Body Press|p1a: Pecharunt
|-immune|p1a: Pecharunt
|
|-heal|p2a: Garganacl|99/100|[from] item: Leftovers
|-damage|p1a: Pecharunt|88/100|[from] Salt Cure
|upkeep
|turn|37
|
|t:|1779820092
|move|p1a: Pecharunt|Foul Play|p2a: Garganacl
|-damage|p2a: Garganacl|97/100
|move|p2a: Garganacl|Iron Defense|p2a: Garganacl
|-boost|p2a: Garganacl|def|0
|
|-heal|p2a: Garganacl|100/100|[from] item: Leftovers
|-damage|p1a: Pecharunt|76/100|[from] Salt Cure
|upkeep
|turn|38
|
|t:|1779820101
|move|p1a: Pecharunt|Parting Shot|p2a: Garganacl
|-unboost|p2a: Garganacl|atk|1
|-unboost|p2a: Garganacl|spa|1
|inactive|claudechamp has 90 seconds left.
|
|t:|1779820119
|switch|p1a: Corviknight|Corviknight, M, tera:Ghost|69/100|[from] Parting Shot
|-ability|p1a: Corviknight|Pressure
|move|p2a: Garganacl|Body Press|p1a: Corviknight
|-immune|p1a: Corviknight
|
|upkeep
|turn|39
|
|t:|1779820126
|move|p1a: Corviknight|Roost|p1a: Corviknight
|-heal|p1a: Corviknight|100/100
|move|p2a: Garganacl|Salt Cure|p1a: Corviknight
|-damage|p1a: Corviknight|96/100
|-start|p1a: Corviknight|Salt Cure
|
|-damage|p1a: Corviknight|83/100|[from] Salt Cure
|upkeep
|turn|40
|c|☆ddrago2009|Bro make the math
|c|☆ddrago2009|Recover is going to end first
|
|t:|1779820143
|move|p1a: Corviknight|U-turn|p2a: Garganacl
|-damage|p2a: Garganacl|99/100
|
|t:|1779820152
|switch|p1a: Pecharunt|Pecharunt|76/100|[from] U-turn
|move|p2a: Garganacl|Iron Defense|p2a: Garganacl
|-boost|p2a: Garganacl|def|0
|
|-heal|p2a: Garganacl|100/100|[from] item: Leftovers
|upkeep
|turn|41
|
|t:|1779820160
|move|p1a: Pecharunt|Foul Play|p2a: Garganacl
|-damage|p2a: Garganacl|99/100
|move|p2a: Garganacl|Salt Cure|p1a: Pecharunt
|-damage|p1a: Pecharunt|72/100
|-start|p1a: Pecharunt|Salt Cure
|
|-heal|p2a: Garganacl|100/100|[from] item: Leftovers
|-damage|p1a: Pecharunt|60/100|[from] Salt Cure
|upkeep
|turn|42
|
|t:|1779820168
|move|p1a: Pecharunt|Recover|p1a: Pecharunt
|-heal|p1a: Pecharunt|100/100
|move|p2a: Garganacl|Salt Cure|p1a: Pecharunt
|-damage|p1a: Pecharunt|97/100
|
|-damage|p1a: Pecharunt|85/100|[from] Salt Cure
|upkeep
|turn|43
|
|t:|1779820178
|move|p1a: Pecharunt|Foul Play|p2a: Garganacl
|-damage|p2a: Garganacl|99/100
|move|p2a: Garganacl|Iron Defense|p2a: Garganacl
|-boost|p2a: Garganacl|def|0
|
|-heal|p2a: Garganacl|100/100|[from] item: Leftovers
|-damage|p1a: Pecharunt|73/100|[from] Salt Cure
|upkeep
|turn|44
|
|t:|1779820198
|move|p1a: Pecharunt|Parting Shot|p2a: Garganacl
|-unboost|p2a: Garganacl|atk|1
|-unboost|p2a: Garganacl|spa|1
|inactive|claudechamp has 90 seconds left.
|
|t:|1779820215
|switch|p1a: Corviknight|Corviknight, M, tera:Ghost|83/100|[from] Parting Shot
|-ability|p1a: Corviknight|Pressure
|move|p2a: Garganacl|Iron Defense|p2a: Garganacl
|-boost|p2a: Garganacl|def|0
|
|upkeep
|turn|45
|inactive|claudechamp has 90 seconds left.
|
|t:|1779820231
|move|p1a: Corviknight|U-turn|p2a: Garganacl
|-damage|p2a: Garganacl|98/100
|
|t:|1779820240
|switch|p1a: Pecharunt|Pecharunt|73/100|[from] U-turn
|move|p2a: Garganacl|Salt Cure|p1a: Pecharunt
|-damage|p1a: Pecharunt|70/100
|-start|p1a: Pecharunt|Salt Cure
|
|-heal|p2a: Garganacl|100/100|[from] item: Leftovers
|-damage|p1a: Pecharunt|58/100|[from] Salt Cure
|upkeep
|turn|46
|inactive|claudechamp has 90 seconds left.
|
|t:|1779820256
|move|p1a: Pecharunt|Recover|p1a: Pecharunt
|-heal|p1a: Pecharunt|100/100
|move|p2a: Garganacl|Salt Cure|p1a: Pecharunt
|-damage|p1a: Pecharunt|98/100
|
|-damage|p1a: Pecharunt|85/100|[from] Salt Cure
|upkeep
|turn|47
|
|t:|1779820267
|move|p1a: Pecharunt|Foul Play|p2a: Garganacl
|-crit|p2a: Garganacl
|-damage|p2a: Garganacl|84/100
|move|p2a: Garganacl|Iron Defense|p2a: Garganacl
|-boost|p2a: Garganacl|def|0
|
|-heal|p2a: Garganacl|90/100|[from] item: Leftovers
|-damage|p1a: Pecharunt|73/100|[from] Salt Cure
|upkeep
|turn|48
|
|t:|1779820287
|move|p1a: Pecharunt|Foul Play|p2a: Garganacl
|-damage|p2a: Garganacl|89/100
|move|p2a: Garganacl|Body Press|p1a: Pecharunt
|-immune|p1a: Pecharunt
|
|-heal|p2a: Garganacl|95/100|[from] item: Leftovers
|-damage|p1a: Pecharunt|61/100|[from] Salt Cure
|upkeep
|turn|49
|
|t:|1779820297
|move|p1a: Pecharunt|Recover|p1a: Pecharunt
|-heal|p1a: Pecharunt|100/100
|move|p2a: Garganacl|Salt Cure|p1a: Pecharunt
|-damage|p1a: Pecharunt|98/100
|
|-heal|p2a: Garganacl|100/100|[from] item: Leftovers
|-damage|p1a: Pecharunt|85/100|[from] Salt Cure
|upkeep
|turn|50
|
|t:|1779820310
|move|p1a: Pecharunt|Foul Play|p2a: Garganacl
|-damage|p2a: Garganacl|99/100
|move|p2a: Garganacl|Salt Cure|p1a: Pecharunt
|-damage|p1a: Pecharunt|83/100
|
|-heal|p2a: Garganacl|100/100|[from] item: Leftovers
|-damage|p1a: Pecharunt|70/100|[from] Salt Cure
|upkeep
|turn|51
|
|t:|1779820323
|move|p1a: Pecharunt|Recover|p1a: Pecharunt
|-heal|p1a: Pecharunt|100/100
|move|p2a: Garganacl|Iron Defense|p2a: Garganacl
|-boost|p2a: Garganacl|def|0
|
|-damage|p1a: Pecharunt|88/100|[from] Salt Cure
|upkeep
|turn|52
|
|t:|1779820340
|move|p1a: Pecharunt|Foul Play|p2a: Garganacl
|-damage|p2a: Garganacl|99/100
|move|p2a: Garganacl|Iron Defense|p2a: Garganacl
|-boost|p2a: Garganacl|def|0
|
|-heal|p2a: Garganacl|100/100|[from] item: Leftovers
|-damage|p1a: Pecharunt|76/100|[from] Salt Cure
|upkeep
|turn|53
|
|t:|1779820354
|switch|p1a: Corviknight|Corviknight, M, tera:Ghost|83/100
|-ability|p1a: Corviknight|Pressure
|move|p2a: Garganacl|Iron Defense|p2a: Garganacl
|-boost|p2a: Garganacl|def|0
|
|upkeep
|turn|54
|
|t:|1779820363
|move|p1a: Corviknight|U-turn|p2a: Garganacl
|-damage|p2a: Garganacl|99/100
|
|t:|1779820377
|switch|p1a: Pecharunt|Pecharunt|76/100|[from] U-turn
|move|p2a: Garganacl|Salt Cure|p1a: Pecharunt
|-damage|p1a: Pecharunt|73/100
|-start|p1a: Pecharunt|Salt Cure
|
|-heal|p2a: Garganacl|100/100|[from] item: Leftovers
|-damage|p1a: Pecharunt|61/100|[from] Salt Cure
|upkeep
|turn|55
|
|t:|1779820391
|move|p1a: Pecharunt|Foul Play|p2a: Garganacl
|-damage|p2a: Garganacl|99/100
|move|p2a: Garganacl|Iron Defense|p2a: Garganacl
|-boost|p2a: Garganacl|def|0
|
|-heal|p2a: Garganacl|100/100|[from] item: Leftovers
|-damage|p1a: Pecharunt|49/100|[from] Salt Cure
|upkeep
|turn|56
|
|t:|1779820402
|switch|p1a: Corviknight|Corviknight, M, tera:Ghost|83/100
|-ability|p1a: Corviknight|Pressure
|move|p2a: Garganacl|Iron Defense|p2a: Garganacl
|-boost|p2a: Garganacl|def|0
|
|upkeep
|turn|57
|
|t:|1779820413
|move|p1a: Corviknight|U-turn|p2a: Garganacl
|-damage|p2a: Garganacl|99/100
|
|t:|1779820422
|switch|p1a: Pecharunt|Pecharunt|49/100|[from] U-turn
|move|p2a: Garganacl|Salt Cure|p1a: Pecharunt
|-damage|p1a: Pecharunt|46/100
|-start|p1a: Pecharunt|Salt Cure
|
|-heal|p2a: Garganacl|100/100|[from] item: Leftovers
|-damage|p1a: Pecharunt|34/100|[from] Salt Cure
|upkeep
|turn|58
|
|t:|1779820433
|move|p1a: Pecharunt|Foul Play|p2a: Garganacl
|-damage|p2a: Garganacl|99/100
|move|p2a: Garganacl|Iron Defense|p2a: Garganacl
|-boost|p2a: Garganacl|def|0
|
|-heal|p2a: Garganacl|100/100|[from] item: Leftovers
|-damage|p1a: Pecharunt|21/100|[from] Salt Cure
|upkeep
|turn|59
|
|t:|1779820445
|move|p1a: Pecharunt|Parting Shot|p2a: Garganacl
|-unboost|p2a: Garganacl|atk|1
|-unboost|p2a: Garganacl|spa|1
|inactive|claudechamp has 60 seconds left.
|
|t:|1779820460
|switch|p1a: Corviknight|Corviknight, M, tera:Ghost|83/100|[from] Parting Shot
|-ability|p1a: Corviknight|Pressure
|move|p2a: Garganacl|Iron Defense|p2a: Garganacl
|-boost|p2a: Garganacl|def|0
|
|upkeep
|turn|60
|inactive|claudechamp has 60 seconds left.
|
|t:|1779820479
|move|p1a: Corviknight|U-turn|p2a: Garganacl
|-damage|p2a: Garganacl|99/100
|
|t:|1779820497
|switch|p1a: Pecharunt|Pecharunt|21/100|[from] U-turn
|move|p2a: Garganacl|Salt Cure|p1a: Pecharunt
|-damage|p1a: Pecharunt|19/100
|-start|p1a: Pecharunt|Salt Cure
|
|-heal|p2a: Garganacl|100/100|[from] item: Leftovers
|-damage|p1a: Pecharunt|7/100|[from] Salt Cure
|upkeep
|turn|61
|
|t:|1779820509
|move|p1a: Pecharunt|Foul Play|p2a: Garganacl
|-damage|p2a: Garganacl|99/100
|move|p2a: Garganacl|Salt Cure|p1a: Pecharunt
|-damage|p1a: Pecharunt|4/100
|
|-heal|p2a: Garganacl|100/100|[from] item: Leftovers
|-damage|p1a: Pecharunt|0 fnt|[from] Salt Cure
|faint|p1a: Pecharunt
|upkeep
|
|t:|1779820514
|switch|p1a: Corviknight|Corviknight, M, tera:Ghost|83/100
|-ability|p1a: Corviknight|Pressure
|turn|62
|
|t:|1779820518
|move|p1a: Corviknight|U-turn|p2a: Garganacl
|-damage|p2a: Garganacl|99/100
|move|p2a: Garganacl|Salt Cure|p1a: Corviknight
|-damage|p1a: Corviknight|80/100
|-start|p1a: Corviknight|Salt Cure
|
|-heal|p2a: Garganacl|100/100|[from] item: Leftovers
|-damage|p1a: Corviknight|68/100|[from] Salt Cure
|upkeep
|turn|63
|
|t:|1779820527
|move|p1a: Corviknight|Body Press|p2a: Garganacl
|-supereffective|p2a: Garganacl
|-damage|p2a: Garganacl|94/100
|move|p2a: Garganacl|Salt Cure|p1a: Corviknight
|-damage|p1a: Corviknight|65/100
|
|-heal|p2a: Garganacl|99/100|[from] item: Leftovers
|-damage|p1a: Corviknight|53/100|[from] Salt Cure
|upkeep
|turn|64
|
|t:|1779820537
|move|p1a: Corviknight|U-turn|p2a: Garganacl
|-damage|p2a: Garganacl|98/100
|move|p2a: Garganacl|Iron Defense|p2a: Garganacl
|-boost|p2a: Garganacl|def|0
|
|-heal|p2a: Garganacl|100/100|[from] item: Leftovers
|-damage|p1a: Corviknight|40/100|[from] Salt Cure
|upkeep
|turn|65
|
|t:|1779820555
|move|p1a: Corviknight|Body Press|p2a: Garganacl
|-supereffective|p2a: Garganacl
|-damage|p2a: Garganacl|94/100
|move|p2a: Garganacl|Iron Defense|p2a: Garganacl
|-boost|p2a: Garganacl|def|0
|
|-heal|p2a: Garganacl|99/100|[from] item: Leftovers
|-damage|p1a: Corviknight|28/100|[from] Salt Cure
|upkeep
|turn|66
|inactive|claudechamp has 60 seconds left.
|
|t:|1779820575
|move|p1a: Corviknight|U-turn|p2a: Garganacl
|-damage|p2a: Garganacl|98/100
|move|p2a: Garganacl|Iron Defense|p2a: Garganacl
|-boost|p2a: Garganacl|def|0
|
|-heal|p2a: Garganacl|100/100|[from] item: Leftovers
|-damage|p1a: Corviknight|15/100|[from] Salt Cure
|upkeep
|turn|67
|inactive|claudechamp has 60 seconds left.
|
|t:|1779820585
|move|p1a: Corviknight|Body Press|p2a: Garganacl
|-supereffective|p2a: Garganacl
|-damage|p2a: Garganacl|94/100
|move|p2a: Garganacl|Iron Defense|p2a: Garganacl
|-boost|p2a: Garganacl|def|0
|
|-heal|p2a: Garganacl|99/100|[from] item: Leftovers
|-damage|p1a: Corviknight|3/100|[from] Salt Cure
|upkeep
|turn|68
|c|☆ddrago2009|Gg
|inactive|claudechamp has 60 seconds left.
|
|t:|1779820597
|move|p1a: Corviknight|U-turn|p2a: Garganacl
|-damage|p2a: Garganacl|98/100
|move|p2a: Garganacl|Salt Cure|p1a: Corviknight
|-damage|p1a: Corviknight|0 fnt
|faint|p1a: Corviknight
|
|win|ddrago2009
|raw|claudechamp's rating: 1202 &rarr; <strong>1181</strong><br />(-21 for losing)
|raw|ddrago2009's rating: 1263 &rarr; <strong>1284</strong><br />(+21 for winning)
|c|☆claudechamp|gg
|l|☆ddrago2009
|player|p2|
