|j|☆308lobo
|j|☆Just A Lil Femboy
|t:|1779908496
|gametype|singles
|player|p1|308lobo|blackbelt-gen2|1102
|player|p2|Just A Lil Femboy|allister|1058
|gen|9
|tier|[Gen 9] OU
|rated|
|rule|HP Percentage Mod: HP is shown in percentages
|rule|Endless Battle Clause: Forcing endless battles is banned
|rule|Species Clause: Limit one of each Pokémon
|rule|OHKO Clause: OHKO moves are banned
|rule|Evasion Items Clause: Evasion items are banned
|rule|Evasion Moves Clause: Evasion moves are banned
|rule|Evasion Abilities Clause: Evasion abilities are banned
|rule|Sleep Moves Clause: Sleep-inducing moves are banned
|clearpoke
|poke|p1|Dragonite, F|
|poke|p1|Araquanid, M|
|poke|p1|Zapdos|
|poke|p1|Grimmsnarl, M|
|poke|p1|Tentacruel, F|
|poke|p1|Gliscor, M|
|poke|p2|Gholdengo|
|poke|p2|Kingambit, M|
|poke|p2|Smeargle, M|
|poke|p2|Dragapult, M|
|poke|p2|Great Tusk|
|poke|p2|Garganacl, M|
|teampreview
|inactive|Battle timer is ON: inactive players will automatically lose when time's up. (requested by 308lobo)
|c|☆Just A Lil Femboy|GLHF
|c|☆308lobo|u 2
|
|t:|1779908523
|teamsize|p1|6
|teamsize|p2|6
|start
|switch|p1a: Gliscor|Gliscor, M, shiny|100/100
|switch|p2a: :3|Smeargle, M, shiny|100/100
|turn|1
|
|t:|1779908544
|move|p1a: Gliscor|Stealth Rock|p2a: :3
|-sidestart|p2: Just A Lil Femboy|move: Stealth Rock
|move|p2a: :3|Sticky Web|p1a: Gliscor
|-sidestart|p1: 308lobo|move: Sticky Web
|
|-status|p1a: Gliscor|tox|[from] item: Toxic Orb
|upkeep
|turn|2
|
|t:|1779908559
|switch|p2a: Unc|Great Tusk, shiny|100/100
|move|p1a: Gliscor|Knock Off|p2a: Unc
|-resisted|p2a: Unc
|-damage|p2a: Unc|91/100
|-enditem|p2a: Unc|Heavy-Duty Boots|[from] move: Knock Off|[of] p1a: Gliscor
|
|upkeep
|turn|3
|
|t:|1779908566
|move|p1a: Gliscor|Crabhammer|p2a: Unc
|-supereffective|p2a: Unc
|-damage|p2a: Unc|48/100
|move|p2a: Unc|Rapid Spin|p1a: Gliscor
|-damage|p1a: Gliscor|85/100 tox
|-boost|p2a: Unc|spe|1
|-sideend|p2: Just A Lil Femboy|Stealth Rock|[from] move: Rapid Spin|[of] p2a: Unc
|
|-heal|p1a: Gliscor|97/100 tox|[from] ability: Poison Heal
|upkeep
|turn|4
|
|t:|1779908582
|move|p2a: Unc|Ice Spinner|p1a: Gliscor
|-supereffective|p1a: Gliscor
|-damage|p1a: Gliscor|0 fnt
|faint|p1a: Gliscor
|
|upkeep
|
|t:|1779908595
|switch|p1a: Tentacruel|Tentacruel, F, shiny|100/100
|turn|5
|
|t:|1779908610
|-terastallize|p1a: Tentacruel|Flying
|move|p2a: Unc|Headlong Rush|p1a: Tentacruel
|-immune|p1a: Tentacruel
|move|p1a: Tentacruel|Surf|p2a: Unc
|-supereffective|p2a: Unc
|-damage|p2a: Unc|0 fnt
|faint|p2a: Unc
|-end|p2a: Unc|Protosynthesis|[silent]
|
|upkeep
|
|t:|1779908615
|switch|p2a: :3|Smeargle, M, shiny|100/100
|turn|6
|
|t:|1779908625
|move|p1a: Tentacruel|Rapid Spin|p2a: :3
|-damage|p2a: :3|83/100
|-boost|p1a: Tentacruel|spe|1
|-sideend|p1: 308lobo|Sticky Web|[from] move: Rapid Spin|[of] p1a: Tentacruel
|move|p2a: :3|Toxic|p1a: Tentacruel|[miss]
|-miss|p2a: :3|p1a: Tentacruel
|
|upkeep
|turn|7
|inactive|308lobo has 120 seconds left.
|
|t:|1779908656
|move|p1a: Tentacruel|Surf|p2a: :3
|-damage|p2a: :3|3/100
|move|p2a: :3|Toxic|p1a: Tentacruel
|-status|p1a: Tentacruel|tox
|
|-damage|p1a: Tentacruel|95/100 tox|[from] psn
|upkeep
|turn|8
|
|t:|1779908664
|move|p1a: Tentacruel|Surf|p2a: :3
|-damage|p2a: :3|0 fnt
|faint|p2a: :3
|
|-damage|p1a: Tentacruel|83/100 tox|[from] psn
|upkeep
|
|t:|1779908680
|switch|p2a: Tactical Children|Dragapult, M, shiny|100/100
|turn|9
|
|t:|1779908697
|switch|p1a: Grimmsnarl|Grimmsnarl, M, shiny|100/100
|move|p2a: Tactical Children|Dragon Pulse|p1a: Grimmsnarl
|-immune|p1a: Grimmsnarl
|
|upkeep
|turn|10
|
|t:|1779908706
|move|p1a: Grimmsnarl|Thunder Wave|p2a: Tactical Children
|-status|p2a: Tactical Children|par
|cant|p2a: Tactical Children|par
|
|upkeep
|turn|11
|
|t:|1779908713
|move|p1a: Grimmsnarl|Light Screen|p1a: Grimmsnarl
|-sidestart|p1: 308lobo|move: Light Screen
|move|p2a: Tactical Children|Fire Blast|p1a: Grimmsnarl
|-damage|p1a: Grimmsnarl|80/100
|-damage|p2a: Tactical Children|91/100 par|[from] item: Life Orb
|
|upkeep
|turn|12
|
|t:|1779908722
|cant|p2a: Tactical Children|par
|move|p1a: Grimmsnarl|Spirit Break|p2a: Tactical Children
|-supereffective|p2a: Tactical Children
|-damage|p2a: Tactical Children|9/100 par
|
|upkeep
|turn|13
|-message|Just A Lil Femboy forfeited.
|
|win|308lobo
|raw|308lobo's rating: 1102 &rarr; <strong>1124</strong><br />(+22 for winning)
|raw|Just A Lil Femboy's rating: 1058 &rarr; <strong>1042</strong><br />(-16 for losing)
|l|☆Just A Lil Femboy
|player|p2|
