|j|☆jimborri
|j|☆fregene97
|t:|1779802495
|gametype|singles
|player|p1|jimborri|fisherman-gen4|1337
|player|p2|fregene97|youngster-gen4dp|1319
|gen|9
|tier|[Gen 9] OU
|rated|
|rule|HP Percentage Mod: HP is shown in percentages
|rule|Endless Battle Clause: Forcing endless battles is banned
|rule|Species Clause: Limit one of each Pokémon
|rule|OHKO Clause: OHKO moves are banned
|rule|Evasion Items Clause: Evasion items are banned
|rule|Evasion Moves Clause: Evasion moves are banned
|rule|Evasion Abilities Clause: Evasion abilities are banned
|rule|Sleep Moves Clause: Sleep-inducing moves are banned
|clearpoke
|poke|p1|Hitmonlee, M|
|poke|p1|Hydrapple, M|
|poke|p1|Forretress, M|
|poke|p1|Jolteon, F|
|poke|p1|Skeledirge, F|
|poke|p1|Cloyster, F|
|poke|p2|Raging Bolt|
|poke|p2|Ceruledge, M|
|poke|p2|Breloom, F|
|poke|p2|Kingambit, F|
|poke|p2|Glimmora, F|
|poke|p2|Greninja-*, M|
|teampreview
|
|t:|1779802502
|teamsize|p1|6
|teamsize|p2|6
|start
|switch|p1a: Hydrapple|Hydrapple, M|100/100
|switch|p2a: Breloom|Breloom, F|100/100
|turn|1
|inactive|Battle timer is ON: inactive players will automatically lose when time's up. (requested by jimborri)
|
|t:|1779802508
|move|p2a: Breloom|Protect|p2a: Breloom
|-singleturn|p2a: Breloom|Protect
|move|p1a: Hydrapple|Infestation|p2a: Breloom
|-activate|p2a: Breloom|move: Protect
|
|-status|p2a: Breloom|tox|[from] item: Toxic Orb
|upkeep
|turn|2
|
|t:|1779802513
|move|p2a: Breloom|Facade|p1a: Hydrapple
|-damage|p1a: Hydrapple|58/100
|move|p1a: Hydrapple|Infestation|p2a: Breloom
|-damage|p2a: Breloom|90/100 tox
|-activate|p2a: Breloom|move: Infestation|[of] p1a: Hydrapple
|
|-heal|p2a: Breloom|100/100 tox|[from] ability: Poison Heal
|-damage|p2a: Breloom|88/100 tox|[from] move: Infestation|[partiallytrapped]
|upkeep
|turn|3
|
|t:|1779802519
|move|p2a: Breloom|Facade|p1a: Hydrapple
|-damage|p1a: Hydrapple|14/100
|move|p1a: Hydrapple|Fickle Beam|p2a: Breloom|[anim] Fickle Beam All Out
|-activate|p1a: Hydrapple|move: Fickle Beam
|-damage|p2a: Breloom|0 fnt
|faint|p2a: Breloom
|
|upkeep
|
|t:|1779802532
|switch|p2a: Ceruledge|Ceruledge, M|100/100
|turn|4
|
|t:|1779802540
|move|p2a: Ceruledge|Swords Dance|p2a: Ceruledge
|-boost|p2a: Ceruledge|atk|2
|move|p1a: Hydrapple|Earth Power|p2a: Ceruledge
|-supereffective|p2a: Ceruledge
|-damage|p2a: Ceruledge|32/100
|
|upkeep
|turn|5
|
|t:|1779802546
|move|p2a: Ceruledge|Shadow Sneak|p1a: Hydrapple
|-damage|p1a: Hydrapple|0 fnt
|faint|p1a: Hydrapple
|
|upkeep
|
|t:|1779802552
|switch|p1a: Skeledirge|Skeledirge, F|100/100
|turn|6
|
|t:|1779802554
|move|p2a: Ceruledge|Poltergeist|p1a: Skeledirge
|-activate|p1a: Skeledirge|move: Poltergeist|Throat Spray
|-supereffective|p1a: Skeledirge
|-damage|p1a: Skeledirge|0 fnt
|faint|p1a: Skeledirge
|
|upkeep
|
|t:|1779802561
|switch|p1a: Cloyster|Cloyster, F|100/100
|turn|7
|
|t:|1779802568
|move|p2a: Ceruledge|Poltergeist|p1a: Cloyster
|-activate|p1a: Cloyster|move: Poltergeist|Focus Sash
|-damage|p1a: Cloyster|8/100
|move|p1a: Cloyster|Rock Blast|p2a: Ceruledge
|-supereffective|p2a: Ceruledge
|-damage|p2a: Ceruledge|8/100
|-ability|p2a: Ceruledge|Weak Armor|boost
|-unboost|p2a: Ceruledge|def|1
|-boost|p2a: Ceruledge|spe|2
|-supereffective|p2a: Ceruledge
|-damage|p2a: Ceruledge|0 fnt
|faint|p2a: Ceruledge
|-hitcount|p2: Ceruledge|2
|
|upkeep
|
|t:|1779802572
|switch|p2a: Greninja|Greninja, M|100/100
|turn|8
|
|t:|1779802581
|switch|p1a: Forretress|Forretress, M|100/100
|move|p2a: Greninja|Water Shuriken|p1a: Forretress
|-damage|p1a: Forretress|85/100
|-damage|p1a: Forretress|69/100
|-hitcount|p1a: Forretress|2
|-damage|p2a: Greninja|91/100|[from] item: Life Orb
|
|upkeep
|turn|9
|
|t:|1779802595
|move|p2a: Greninja|Hydro Pump|p1a: Forretress|[miss]
|-miss|p2a: Greninja|p1a: Forretress
|move|p1a: Forretress|Thunder Wave|p2a: Greninja
|-status|p2a: Greninja|par
|
|upkeep
|turn|10
|
|t:|1779802598
|-terastallize|p2a: Greninja|Water
|move|p2a: Greninja|Hydro Pump|p1a: Forretress
|-damage|p1a: Forretress|0 fnt
|faint|p1a: Forretress
|-ability|p2a: Greninja|Battle Bond|boost
|-boost|p2a: Greninja|atk|1
|-boost|p2a: Greninja|spa|1
|-boost|p2a: Greninja|spe|1
|-activate|p2a: Greninja|ability: Battle Bond
|-damage|p2a: Greninja|81/100 par|[from] item: Life Orb
|
|upkeep
|
|t:|1779802606
|switch|p1a: Jolteon|Jolteon, F|100/100
|turn|11
|
|t:|1779802614
|switch|p1a: Cloyster|Cloyster, F|8/100
|move|p2a: Greninja|Water Shuriken|p1a: Cloyster
|-resisted|p1a: Cloyster
|-damage|p1a: Cloyster|0 fnt
|faint|p1a: Cloyster
|-hitcount|p1: Cloyster|1
|-damage|p2a: Greninja|71/100 par|[from] item: Life Orb
|
|upkeep
|
|t:|1779802617
|switch|p1a: Hitmonlee|Hitmonlee, M|100/100
|turn|12
|
|t:|1779802618
|move|p1a: Hitmonlee|Endure|p1a: Hitmonlee
|-singleturn|p1a: Hitmonlee|move: Endure
|move|p2a: Greninja|Water Shuriken|p1a: Hitmonlee
|-damage|p1a: Hitmonlee|77/100
|-damage|p1a: Hitmonlee|51/100
|-damage|p1a: Hitmonlee|28/100
|-damage|p1a: Hitmonlee|5/100
|-enditem|p1a: Hitmonlee|Liechi Berry|[eat]
|-boost|p1a: Hitmonlee|atk|1|[from] item: Liechi Berry
|-hitcount|p1a: Hitmonlee|4
|-damage|p2a: Greninja|61/100 par|[from] item: Life Orb
|
|upkeep
|turn|13
|
|t:|1779802621
|move|p2a: Greninja|Water Shuriken|p1a: Hitmonlee
|-damage|p1a: Hitmonlee|0 fnt
|faint|p1a: Hitmonlee
|-hitcount|p1: Hitmonlee|1
|-damage|p2a: Greninja|51/100 par|[from] item: Life Orb
|
|upkeep
|
|t:|1779802623
|switch|p1a: Jolteon|Jolteon, F|100/100
|turn|14
|
|t:|1779802626
|move|p2a: Greninja|Water Shuriken|p1a: Jolteon
|-damage|p1a: Jolteon|77/100
|-damage|p1a: Jolteon|51/100
|-damage|p1a: Jolteon|26/100
|-damage|p1a: Jolteon|3/100
|-damage|p1a: Jolteon|0 fnt
|faint|p1a: Jolteon
|-hitcount|p1: Jolteon|5
|-damage|p2a: Greninja|42/100 par|[from] item: Life Orb
|
|win|fregene97
|raw|jimborri's rating: 1337 &rarr; <strong>1316</strong><br />(-21 for losing)
|raw|fregene97's rating: 1319 &rarr; <strong>1340</strong><br />(+21 for winning)
|l|☆jimborri
|player|p1|
|l|☆fregene97
|player|p2|
