|j|☆yugiohLORD
|j|☆monkeyhighbooster
|t:|1779884676
|gametype|singles
|player|p1|yugiohLORD|biker|1342
|player|p2|monkeyhighbooster|cynthia|1363
|gen|9
|tier|[Gen 9] OU
|rated|
|rule|HP Percentage Mod: HP is shown in percentages
|rule|Endless Battle Clause: Forcing endless battles is banned
|rule|Species Clause: Limit one of each Pokémon
|rule|OHKO Clause: OHKO moves are banned
|rule|Evasion Items Clause: Evasion items are banned
|rule|Evasion Moves Clause: Evasion moves are banned
|rule|Evasion Abilities Clause: Evasion abilities are banned
|rule|Sleep Moves Clause: Sleep-inducing moves are banned
|clearpoke
|poke|p1|Deoxys-Speed|
|poke|p1|Ogerpon, F|
|poke|p1|Corviknight, M|
|poke|p1|Darkrai|
|poke|p1|Zamazenta-*|
|poke|p1|Raging Bolt|
|poke|p2|Swampert, M|
|poke|p2|Arboliva, F|
|poke|p2|Heatran, F|
|poke|p2|Great Tusk|
|poke|p2|Raging Bolt|
|poke|p2|Decidueye, M|
|teampreview
|inactive|Battle timer is ON: inactive players will automatically lose when time's up. (requested by yugiohLORD)
|
|t:|1779884687
|teamsize|p1|6
|teamsize|p2|6
|start
|switch|p1a: Deoxys|Deoxys-Speed|100/100
|switch|p2a: Heatran|Heatran, F|100/100
|-ability|p1a: Deoxys|Pressure
|turn|1
|inactive|yugiohLORD has 120 seconds left.
|
|t:|1779884718
|move|p1a: Deoxys|Light Screen|p1a: Deoxys
|-sidestart|p1: yugiohLORD|move: Light Screen
|move|p2a: Heatran|Magma Storm|p1a: Deoxys|[miss]
|-miss|p2a: Heatran|p1a: Deoxys
|
|upkeep
|turn|2
|
|t:|1779884722
|move|p1a: Deoxys|Taunt|p2a: Heatran
|-start|p2a: Heatran|move: Taunt
|cant|p2a: Heatran|move: Taunt|Stealth Rock
|
|upkeep
|turn|3
|
|t:|1779884725
|move|p1a: Deoxys|Reflect|p1a: Deoxys
|-sidestart|p1: yugiohLORD|Reflect
|move|p2a: Heatran|Magma Storm|p1a: Deoxys
|-damage|p1a: Deoxys|74/100
|-activate|p1a: Deoxys|move: Magma Storm|[of] p2a: Heatran
|
|-damage|p1a: Deoxys|62/100|[from] move: Magma Storm|[partiallytrapped]
|upkeep
|turn|4
|
|t:|1779884730
|move|p1a: Deoxys|Psycho Boost|p2a: Heatran
|-resisted|p2a: Heatran
|-damage|p2a: Heatran|87/100
|-unboost|p1a: Deoxys|spa|2
|move|p2a: Heatran|Earth Power|p1a: Deoxys
|-damage|p1a: Deoxys|45/100
|
|-heal|p2a: Heatran|93/100|[from] item: Leftovers
|-damage|p1a: Deoxys|33/100|[from] move: Magma Storm|[partiallytrapped]
|-end|p2a: Heatran|move: Taunt
|upkeep
|turn|5
|
|t:|1779884749
|move|p2a: Heatran|Protect|p2a: Heatran
|-singleturn|p2a: Heatran|Protect
|move|p1a: Deoxys|Taunt|p2a: Heatran
|-activate|p2a: Heatran|move: Protect
|
|-heal|p2a: Heatran|99/100|[from] item: Leftovers
|-damage|p1a: Deoxys|21/100|[from] move: Magma Storm|[partiallytrapped]
|upkeep
|turn|6
|inactive|yugiohLORD has 120 seconds left.
|
|t:|1779884780
|switch|p2a: Raging Bolt|Raging Bolt|100/100
|-enditem|p2a: Raging Bolt|Booster Energy
|-activate|p2a: Raging Bolt|ability: Protosynthesis|[fromitem]
|-start|p2a: Raging Bolt|protosynthesisspa
|move|p1a: Deoxys|Taunt|p2a: Raging Bolt
|-start|p2a: Raging Bolt|move: Taunt
|
|-end|p1a: Deoxys|Magma Storm|[partiallytrapped]|[silent]
|upkeep
|turn|7
|inactive|yugiohLORD has 120 seconds left.
|
|t:|1779884809
|switch|p1a: Raging Bolt|Raging Bolt|100/100
|-enditem|p1a: Raging Bolt|Booster Energy
|-activate|p1a: Raging Bolt|ability: Protosynthesis|[fromitem]
|-start|p1a: Raging Bolt|protosynthesisspa
|move|p2a: Raging Bolt|Thunderclap||[still]
|-fail|p2a: Raging Bolt
|
|upkeep
|turn|8
|
|t:|1779884825
|-end|p2a: Raging Bolt|Protosynthesis|[silent]
|switch|p2a: Swampert|Swampert, M, shiny|100/100
|move|p1a: Raging Bolt|Dragon Pulse|p2a: Swampert
|-crit|p2a: Swampert
|-damage|p2a: Swampert|0 fnt
|faint|p2a: Swampert
|
|-sideend|p1: yugiohLORD|move: Light Screen
|upkeep
|
|t:|1779884831
|switch|p2a: Heatran|Heatran, F|99/100
|turn|9
|
|t:|1779884838
|-terastallize|p2a: Heatran|Grass
|move|p1a: Raging Bolt|Volt Switch|p2a: Heatran
|-resisted|p2a: Heatran
|-crit|p2a: Heatran
|-damage|p2a: Heatran|73/100
|
|t:|1779884851
|-end|p1a: Raging Bolt|Protosynthesis|[silent]
|switch|p1a: Zamazenta|Zamazenta|100/100|[from] Volt Switch
|-ability|p1a: Zamazenta|Dauntless Shield|boost
|-boost|p1a: Zamazenta|def|1
|move|p2a: Heatran|Stealth Rock|p1a: Zamazenta
|-sidestart|p1: yugiohLORD|move: Stealth Rock
|
|-heal|p2a: Heatran|79/100|[from] item: Leftovers
|upkeep
|turn|10
|
|t:|1779884856
|move|p1a: Zamazenta|Iron Defense|p1a: Zamazenta
|-boost|p1a: Zamazenta|def|2
|move|p2a: Heatran|Magma Storm|p1a: Zamazenta|[miss]
|-miss|p2a: Heatran|p1a: Zamazenta
|
|-heal|p2a: Heatran|85/100|[from] item: Leftovers
|-sideend|p1: yugiohLORD|Reflect
|upkeep
|turn|11
|inactive|yugiohLORD has 120 seconds left.
|
|t:|1779884862
|move|p1a: Zamazenta|Body Press|p2a: Heatran
|-crit|p2a: Heatran
|-damage|p2a: Heatran|0 fnt
|faint|p2a: Heatran
|
|upkeep
|
|t:|1779884867
|switch|p2a: Decidueye|Decidueye, M, shiny|100/100
|turn|12
|
|t:|1779884870
|move|p1a: Zamazenta|Crunch|p2a: Decidueye
|-supereffective|p2a: Decidueye
|-damage|p2a: Decidueye|51/100
|-unboost|p2a: Decidueye|def|1
|move|p2a: Decidueye|Spirit Shackle|p1a: Zamazenta
|-damage|p1a: Zamazenta|92/100
|-activate|p1a: Zamazenta|trapped
|
|-heal|p1a: Zamazenta|98/100|[from] item: Leftovers
|-heal|p2a: Decidueye|57/100|[from] item: Leftovers
|upkeep
|turn|13
|
|t:|1779884883
|move|p1a: Zamazenta|Crunch|p2a: Decidueye
|-supereffective|p2a: Decidueye
|-damage|p2a: Decidueye|0 fnt
|faint|p2a: Decidueye
|
|-heal|p1a: Zamazenta|100/100|[from] item: Leftovers
|upkeep
|c|☆monkeyhighbooster|I hate when the worse player wins to luck lmao
|-message|monkeyhighbooster forfeited.
|
|win|yugiohLORD
|raw|yugiohLORD's rating: 1342 &rarr; <strong>1363</strong><br />(+21 for winning)
|raw|monkeyhighbooster's rating: 1363 &rarr; <strong>1342</strong><br />(-21 for losing)
|l|☆monkeyhighbooster
|player|p2|
|l|☆yugiohLORD
|player|p1|
