|j|☆slowlyfadingaway
|j|☆t0usei
|t:|1779964141
|gametype|singles
|player|p1|slowlyfadingaway|veteran|1513
|player|p2|t0usei|ghetsis|1520
|gen|9
|tier|[Gen 9] OU
|rated|
|rule|HP Percentage Mod: HP is shown in percentages
|rule|Endless Battle Clause: Forcing endless battles is banned
|rule|Species Clause: Limit one of each Pokémon
|rule|OHKO Clause: OHKO moves are banned
|rule|Evasion Items Clause: Evasion items are banned
|rule|Evasion Moves Clause: Evasion moves are banned
|rule|Evasion Abilities Clause: Evasion abilities are banned
|rule|Sleep Moves Clause: Sleep-inducing moves are banned
|clearpoke
|poke|p1|Greninja-*, M|
|poke|p1|Forretress, M|
|poke|p1|Samurott-Hisui, F|
|poke|p1|Garchomp, M|
|poke|p1|Scizor, F|
|poke|p1|Diancie|
|poke|p2|Pelipper, L99, M|
|poke|p2|Barraskewda, F|
|poke|p2|Raging Bolt|
|poke|p2|Golduck, M|
|poke|p2|Iron Treads|
|poke|p2|Iron Valiant|
|teampreview
|inactive|Battle timer is ON: inactive players will automatically lose when time's up. (requested by t0usei)
|inactive|slowlyfadingaway also wants the timer to be on.
|c|☆slowlyfadingaway|let us battle
|c|☆slowlyfadingaway|just this once..
|
|t:|1779964165
|teamsize|p1|6
|teamsize|p2|6
|start
|switch|p1a: Forretress|Forretress, M|100/100
|switch|p2a: Pelipper|Pelipper, L99, M|100/100
|-weather|RainDance|[from] ability: Drizzle|[of] p2a: Pelipper
|turn|1
|c|☆t0usei|what
|
|t:|1779964172
|move|p2a: Pelipper|Surf|p1a: Forretress
|-damage|p1a: Forretress|34/100
|move|p1a: Forretress|Stealth Rock|p2a: Pelipper
|-sidestart|p2: t0usei|move: Stealth Rock
|
|-weather|RainDance|[upkeep]
|upkeep
|turn|2
|
|t:|1779964177
|switch|p2a: Iron Treads|Iron Treads|100/100
|-damage|p2a: Iron Treads|97/100|[from] Stealth Rock
|switch|p1a: Samurott|Samurott-Hisui, F|100/100
|
|-weather|RainDance|[upkeep]
|upkeep
|turn|3
|
|t:|1779964186
|-end|p2a: Iron Treads|Quark Drive|[silent]
|switch|p2a: Raging Bolt|Raging Bolt|100/100
|-damage|p2a: Raging Bolt|88/100|[from] Stealth Rock
|move|p1a: Samurott|Aqua Cutter|p2a: Raging Bolt
|-resisted|p2a: Raging Bolt
|-damage|p2a: Raging Bolt|59/100
|
|-weather|RainDance|[upkeep]
|-heal|p2a: Raging Bolt|65/100|[from] item: Leftovers
|upkeep
|turn|4
|
|t:|1779964196
|move|p1a: Samurott|Encore||[still]
|-fail|p1a: Samurott
|move|p2a: Raging Bolt|Thunder|p1a: Samurott
|-supereffective|p1a: Samurott
|-enditem|p1a: Samurott|Focus Sash
|-damage|p1a: Samurott|1/100
|
|-weather|RainDance|[upkeep]
|-heal|p2a: Raging Bolt|71/100|[from] item: Leftovers
|upkeep
|turn|5
|j| samurajen
|
|t:|1779964200
|move|p1a: Samurott|Ceaseless Edge|p2a: Raging Bolt
|-damage|p2a: Raging Bolt|29/100
|-sidestart|p2: t0usei|Spikes
|move|p2a: Raging Bolt|Weather Ball|p1a: Samurott
|-resisted|p1a: Samurott
|-damage|p1a: Samurott|0 fnt
|faint|p1a: Samurott
|
|-weather|RainDance|[upkeep]
|-heal|p2a: Raging Bolt|35/100|[from] item: Leftovers
|upkeep
|
|t:|1779964203
|switch|p1a: Diancie|Diancie|100/100
|turn|6
|
|t:|1779964209
|move|p2a: Raging Bolt|Weather Ball|p1a: Diancie
|-supereffective|p1a: Diancie
|-damage|p1a: Diancie|0 fnt
|faint|p1a: Diancie
|
|-weather|RainDance|[upkeep]
|-heal|p2a: Raging Bolt|41/100|[from] item: Leftovers
|upkeep
|
|t:|1779964213
|switch|p1a: Garchomp|Garchomp, M|100/100
|turn|7
|c| samurajen|is this team agency approved
|c|☆slowlyfadingaway|i'm illiterate i swear
|c|☆slowlyfadingaway|who are you talking to?
|c|☆t0usei|it is agency approved
|
|t:|1779964239
|move|p1a: Garchomp|Scale Shot|p2a: Raging Bolt
|-supereffective|p2a: Raging Bolt
|-damage|p2a: Raging Bolt|19/100
|-supereffective|p2a: Raging Bolt
|-damage|p2a: Raging Bolt|0 fnt
|faint|p2a: Raging Bolt
|-end|p2a: Raging Bolt|Protosynthesis|[silent]
|-hitcount|p2: Raging Bolt|2
|-unboost|p1a: Garchomp|def|1
|-boost|p1a: Garchomp|spe|1
|
|-weather|RainDance|[upkeep]
|upkeep
|c|☆slowlyfadingaway|me?
|c|☆slowlyfadingaway|i just make my own teams
|
|t:|1779964247
|switch|p2a: Barraskewda|Barraskewda, F, shiny|100/100
|-damage|p2a: Barraskewda|88/100|[from] Stealth Rock
|-damage|p2a: Barraskewda|76/100|[from] Spikes
|turn|8
|
|t:|1779964252
|switch|p1a: Forretress|Forretress, M|34/100
|move|p2a: Barraskewda|Liquidation|p1a: Forretress
|-damage|p1a: Forretress|0 fnt
|faint|p1a: Forretress
|
|-weather|none
|upkeep
|c| samurajen|no,the other agent
|
|t:|1779964254
|switch|p1a: Scizor|Scizor, F|100/100
|turn|9
|c| samurajen|you are good to go
|c|☆t0usei|i edited the team from blunders vid ye
|
|t:|1779964266
|switch|p2a: Pelipper|Pelipper, L99, M|100/100
|-damage|p2a: Pelipper|76/100|[from] Stealth Rock
|-weather|RainDance|[from] ability: Drizzle|[of] p2a: Pelipper
|move|p1a: Scizor|U-turn|p2a: Pelipper
|-resisted|p2a: Pelipper
|-damage|p2a: Pelipper|54/100
|-damage|p1a: Scizor|91/100|[from] item: Life Orb
|
|t:|1779964273
|switch|p1a: Garchomp|Garchomp, M|100/100|[from] U-turn
|
|-weather|RainDance|[upkeep]
|upkeep
|turn|10
|
|t:|1779964284
|move|p1a: Garchomp|Swords Dance|p1a: Garchomp
|-boost|p1a: Garchomp|atk|2
|move|p2a: Pelipper|U-turn|p1a: Garchomp
|-damage|p1a: Garchomp|90/100
|-damage|p2a: Pelipper|42/100|[from] ability: Rough Skin|[of] p1a: Garchomp
|
|t:|1779964296
|switch|p2a: Golduck|Golduck, M, shiny|100/100|[from] U-turn
|-damage|p2a: Golduck|88/100|[from] Stealth Rock
|-damage|p2a: Golduck|76/100|[from] Spikes
|
|-weather|RainDance|[upkeep]
|upkeep
|turn|11
|
|t:|1779964303
|-terastallize|p1a: Garchomp|Dragon
|move|p2a: Golduck|Hydro Pump|p1a: Garchomp
|-resisted|p1a: Garchomp
|-damage|p1a: Garchomp|30/100
|-damage|p2a: Golduck|66/100|[from] item: Life Orb
|move|p1a: Garchomp|Scale Shot|p2a: Golduck
|-damage|p2a: Golduck|15/100
|-damage|p2a: Golduck|0 fnt
|faint|p2a: Golduck
|-hitcount|p2: Golduck|2
|-unboost|p1a: Garchomp|def|1
|-boost|p1a: Garchomp|spe|1
|
|-weather|RainDance|[upkeep]
|upkeep
|
|t:|1779964308
|switch|p2a: Barraskewda|Barraskewda, F, shiny|76/100
|-damage|p2a: Barraskewda|64/100|[from] Stealth Rock
|-damage|p2a: Barraskewda|52/100|[from] Spikes
|turn|12
|
|t:|1779964311
|move|p2a: Barraskewda|Liquidation|p1a: Garchomp
|-resisted|p1a: Garchomp
|-crit|p1a: Garchomp
|-damage|p1a: Garchomp|0 fnt
|-damage|p2a: Barraskewda|40/100|[from] ability: Rough Skin|[of] p1a: Garchomp
|faint|p1a: Garchomp
|
|-weather|RainDance|[upkeep]
|upkeep
|
|t:|1779964313
|switch|p1a: Greninja|Greninja, M|100/100
|turn|13
|
|t:|1779964316
|move|p1a: Greninja|Water Shuriken|p2a: Barraskewda
|-resisted|p2a: Barraskewda
|-damage|p2a: Barraskewda|29/100
|-resisted|p2a: Barraskewda
|-damage|p2a: Barraskewda|18/100
|-resisted|p2a: Barraskewda
|-crit|p2a: Barraskewda
|-damage|p2a: Barraskewda|0 fnt
|faint|p2a: Barraskewda
|-ability|p1a: Greninja|Battle Bond|boost
|-boost|p1a: Greninja|atk|1
|-boost|p1a: Greninja|spa|1
|-boost|p1a: Greninja|spe|1
|-activate|p1a: Greninja|ability: Battle Bond
|-hitcount|p2: Barraskewda|3
|
|-weather|RainDance|[upkeep]
|upkeep
|
|t:|1779964323
|switch|p2a: Iron Valiant|Iron Valiant|100/100
|-damage|p2a: Iron Valiant|94/100|[from] Stealth Rock
|-damage|p2a: Iron Valiant|82/100|[from] Spikes
|-enditem|p2a: Iron Valiant|Booster Energy
|-activate|p2a: Iron Valiant|ability: Quark Drive|[fromitem]
|-start|p2a: Iron Valiant|quarkdrivespe
|turn|14
|
|t:|1779964327
|move|p1a: Greninja|Sludge Wave|p2a: Iron Valiant
|-supereffective|p2a: Iron Valiant
|-damage|p2a: Iron Valiant|0 fnt
|faint|p2a: Iron Valiant
|-end|p2a: Iron Valiant|Quark Drive|[silent]
|
|-weather|RainDance|[upkeep]
|upkeep
|
|t:|1779964333
|switch|p2a: Iron Treads|Iron Treads|97/100
|-damage|p2a: Iron Treads|94/100|[from] Stealth Rock
|-damage|p2a: Iron Treads|82/100|[from] Spikes
|turn|15
|
|t:|1779964339
|-terastallize|p2a: Iron Treads|Normal
|move|p1a: Greninja|Water Shuriken|p2a: Iron Treads
|-damage|p2a: Iron Treads|70/100
|-damage|p2a: Iron Treads|58/100
|-crit|p2a: Iron Treads
|-damage|p2a: Iron Treads|41/100
|-damage|p2a: Iron Treads|28/100
|-damage|p2a: Iron Treads|15/100
|-hitcount|p2a: Iron Treads|5
|move|p2a: Iron Treads|Earthquake|p1a: Greninja
|-damage|p1a: Greninja|39/100
|
|-weather|RainDance|[upkeep]
|upkeep
|turn|16
|c|☆slowlyfadingaway|thank you tousei
|c|☆slowlyfadingaway|i am full
|c|☆slowlyfadingaway|loaded dice don't worry
|c|☆slowlyfadingaway|i dont use RNG
|c|☆t0usei|what on earth are you talking about
|c|☆t0usei|but gg
|
|t:|1779964365
|move|p1a: Greninja|Dark Pulse|p2a: Iron Treads
|-damage|p2a: Iron Treads|0 fnt
|faint|p2a: Iron Treads
|-end|p2a: Iron Treads|Quark Drive|[silent]
|
|-weather|none
|upkeep
|-message|t0usei forfeited.
|
|win|slowlyfadingaway
|raw|slowlyfadingaway's rating: 1513 &rarr; <strong>1533</strong><br />(+20 for winning)
|raw|t0usei's rating: 1520 &rarr; <strong>1500</strong><br />(-20 for losing)
|l|☆t0usei
|player|p2|
|l|☆slowlyfadingaway
|player|p1|
|l| samurajen
