|j|☆blabab
|j|☆mizuuuwu
|t:|1779885745
|gametype|singles
|player|p1|blabab|miku-ground|1566
|player|p2|mizuuuwu|lass-gen4dp|1546
|gen|9
|tier|[Gen 9] OU
|rated|
|rule|HP Percentage Mod: HP is shown in percentages
|rule|Endless Battle Clause: Forcing endless battles is banned
|rule|Species Clause: Limit one of each Pokémon
|rule|OHKO Clause: OHKO moves are banned
|rule|Evasion Items Clause: Evasion items are banned
|rule|Evasion Moves Clause: Evasion moves are banned
|rule|Evasion Abilities Clause: Evasion abilities are banned
|rule|Sleep Moves Clause: Sleep-inducing moves are banned
|clearpoke
|poke|p1|Kingambit, M|
|poke|p1|Primarina, M|
|poke|p1|Araquanid, M|
|poke|p1|Blaziken, F|
|poke|p1|Thundurus-Therian, M|
|poke|p1|Iron Thorns|
|poke|p2|Iron Valiant|
|poke|p2|Gholdengo|
|poke|p2|Ting-Lu|
|poke|p2|Alomomola, F|
|poke|p2|Dragonite, F|
|poke|p2|Samurott-Hisui, F|
|teampreview
|inactive|Battle timer is ON: inactive players will automatically lose when time's up. (requested by blabab)
|
|t:|1779885751
|teamsize|p1|6
|teamsize|p2|6
|start
|switch|p1a: Blaziken|Blaziken, F|100/100
|switch|p2a: Samurott|Samurott-Hisui, F|100/100
|turn|1
|
|t:|1779885754
|switch|p2a: Alomomola|Alomomola, F|100/100
|move|p1a: Blaziken|Close Combat|p2a: Alomomola
|-damage|p2a: Alomomola|52/100
|-unboost|p1a: Blaziken|def|1
|-unboost|p1a: Blaziken|spd|1
|
|-ability|p1a: Blaziken|Speed Boost|boost
|-boost|p1a: Blaziken|spe|1
|upkeep
|turn|2
|
|t:|1779885761
|move|p1a: Blaziken|Close Combat|p2a: Alomomola
|-damage|p2a: Alomomola|3/100
|-unboost|p1a: Blaziken|def|1
|-unboost|p1a: Blaziken|spd|1
|move|p2a: Alomomola|Wish|p2a: Alomomola
|
|-ability|p1a: Blaziken|Speed Boost|boost
|-boost|p1a: Blaziken|spe|1
|upkeep
|turn|3
|
|t:|1779885769
|switch|p1a: Primarina|Primarina, M|100/100
|switch|p2a: Dragonite|Dragonite, F|100/100
|
|upkeep
|turn|4
|
|t:|1779885778
|move|p2a: Dragonite|Earthquake|p1a: Primarina
|-damage|p1a: Primarina|55/100
|move|p1a: Primarina|Moonblast|p2a: Dragonite
|-supereffective|p2a: Dragonite
|-damage|p2a: Dragonite|14/100
|-unboost|p2a: Dragonite|spa|1
|
|upkeep
|turn|5
|
|t:|1779885792
|move|p2a: Dragonite|Earthquake|p1a: Primarina
|-damage|p1a: Primarina|7/100
|move|p1a: Primarina|Moonblast|p2a: Dragonite
|-supereffective|p2a: Dragonite
|-crit|p2a: Dragonite
|-damage|p2a: Dragonite|0 fnt
|faint|p2a: Dragonite
|
|upkeep
|
|t:|1779885796
|switch|p2a: Iron Valiant|Iron Valiant|100/100
|turn|6
|
|t:|1779885817
|move|p2a: Iron Valiant|Moonblast|p1a: Primarina
|-damage|p1a: Primarina|0 fnt
|faint|p1a: Primarina
|
|upkeep
|
|t:|1779885826
|switch|p1a: Araquanid|Araquanid, M|100/100
|turn|7
|
|t:|1779885829
|-end|p2a: Iron Valiant|Quark Drive|[silent]
|switch|p2a: Alomomola|Alomomola, F|37/100
|move|p1a: Araquanid|Sticky Web|p2a: Alomomola
|-sidestart|p2: mizuuuwu|move: Sticky Web
|
|upkeep
|turn|8
|
|t:|1779885833
|move|p2a: Alomomola|Wish|p2a: Alomomola
|move|p1a: Araquanid|Bug Buzz|p2a: Alomomola
|-damage|p2a: Alomomola|3/100
|
|upkeep
|turn|9
|
|t:|1779885839
|switch|p2a: Samurott|Samurott-Hisui, F|100/100
|move|p1a: Araquanid|Surf|p2a: Samurott
|-resisted|p2a: Samurott
|-damage|p2a: Samurott|61/100
|
|-heal|p2a: Samurott|100/100|[from] move: Wish|[wisher] Alomomola
|upkeep
|turn|10
|
|t:|1779885845
|move|p2a: Samurott|Ceaseless Edge|p1a: Araquanid
|-damage|p1a: Araquanid|51/100
|-sidestart|p1: blabab|Spikes
|move|p1a: Araquanid|Pounce|p2a: Samurott
|-supereffective|p2a: Samurott
|-damage|p2a: Samurott|67/100
|-unboost|p2a: Samurott|spe|1
|
|upkeep
|turn|11
|
|t:|1779885850
|move|p2a: Samurott|Ceaseless Edge|p1a: Araquanid
|-damage|p1a: Araquanid|0 fnt
|-sidestart|p1: blabab|Spikes
|faint|p1a: Araquanid
|
|upkeep
|
|t:|1779885861
|switch|p1a: Thundurus|Thundurus-Therian, M|100/100
|turn|12
|
|t:|1779885864
|switch|p2a: Ting-Lu|Ting-Lu|100/100
|-ability|p2a: Ting-Lu|Vessel of Ruin
|move|p1a: Thundurus|Nasty Plot|p1a: Thundurus
|-boost|p1a: Thundurus|spa|2
|
|upkeep
|turn|13
|
|t:|1779885867
|move|p1a: Thundurus|Focus Blast|p2a: Ting-Lu|[miss]
|-miss|p1a: Thundurus|p2a: Ting-Lu
|move|p2a: Ting-Lu|Whirlwind|p1a: Thundurus
|drag|p1a: Blaziken|Blaziken, F|100/100
|-damage|p1a: Blaziken|84/100|[from] Spikes
|
|upkeep
|turn|14
|
|t:|1779885871
|move|p1a: Blaziken|Close Combat|p2a: Ting-Lu
|-supereffective|p2a: Ting-Lu
|-damage|p2a: Ting-Lu|6/100
|-unboost|p1a: Blaziken|def|1
|-unboost|p1a: Blaziken|spd|1
|move|p2a: Ting-Lu|Earthquake|p1a: Blaziken
|-supereffective|p1a: Blaziken
|-damage|p1a: Blaziken|0 fnt
|faint|p1a: Blaziken
|
|upkeep
|
|t:|1779885875
|switch|p1a: Thundurus|Thundurus-Therian, M|100/100
|turn|15
|
|t:|1779885878
|move|p1a: Thundurus|Focus Blast|p2a: Ting-Lu
|-supereffective|p2a: Ting-Lu
|-damage|p2a: Ting-Lu|0 fnt
|faint|p2a: Ting-Lu
|
|upkeep
|
|t:|1779885880
|switch|p2a: Gholdengo|Gholdengo|100/100
|-item|p2a: Gholdengo|Air Balloon
|turn|16
|
|t:|1779885884
|move|p1a: Thundurus|Thunderbolt|p2a: Gholdengo
|-damage|p2a: Gholdengo|46/100
|-enditem|p2a: Gholdengo|Air Balloon
|move|p2a: Gholdengo|Shadow Ball|p1a: Thundurus
|-damage|p1a: Thundurus|36/100
|-unboost|p1a: Thundurus|spd|1
|
|upkeep
|turn|17
|
|t:|1779885888
|move|p1a: Thundurus|Thunderbolt|p2a: Gholdengo
|-damage|p2a: Gholdengo|0 fnt
|faint|p2a: Gholdengo
|
|upkeep
|
|t:|1779885890
|switch|p2a: Iron Valiant|Iron Valiant|100/100
|turn|18
|
|t:|1779885894
|move|p2a: Iron Valiant|Moonblast|p1a: Thundurus
|-damage|p1a: Thundurus|0 fnt
|faint|p1a: Thundurus
|
|upkeep
|
|t:|1779885897
|switch|p1a: Iron Thorns|Iron Thorns|100/100
|-damage|p1a: Iron Thorns|84/100|[from] Spikes
|turn|19
|
|t:|1779885905
|-terastallize|p1a: Iron Thorns|Bug
|move|p2a: Iron Valiant|Close Combat|p1a: Iron Thorns
|-resisted|p1a: Iron Thorns
|-damage|p1a: Iron Thorns|60/100
|-unboost|p2a: Iron Valiant|def|1
|-unboost|p2a: Iron Valiant|spd|1
|move|p1a: Iron Thorns|Dragon Dance|p1a: Iron Thorns
|-boost|p1a: Iron Thorns|atk|1
|-boost|p1a: Iron Thorns|spe|1
|
|upkeep
|turn|20
|
|t:|1779885912
|-end|p2a: Iron Valiant|Quark Drive|[silent]
|switch|p2a: Alomomola|Alomomola, F|36/100
|move|p1a: Iron Thorns|Earthquake|p2a: Alomomola
|-damage|p2a: Alomomola|8/100
|
|upkeep
|turn|21
|
|t:|1779885928
|move|p1a: Iron Thorns|Dragon Dance|p1a: Iron Thorns
|-boost|p1a: Iron Thorns|atk|1
|-boost|p1a: Iron Thorns|spe|1
|move|p2a: Alomomola|Wish|p2a: Alomomola
|
|upkeep
|turn|22
|
|t:|1779885931
|move|p2a: Alomomola|Protect|p2a: Alomomola
|-singleturn|p2a: Alomomola|Protect
|move|p1a: Iron Thorns|Earthquake|p2a: Alomomola
|-activate|p2a: Alomomola|move: Protect
|
|-heal|p2a: Alomomola|58/100|[from] move: Wish|[wisher] Alomomola
|upkeep
|turn|23
|
|t:|1779885938
|move|p1a: Iron Thorns|Pin Missile|p2a: Alomomola
|-damage|p2a: Alomomola|41/100
|-damage|p2a: Alomomola|27/100
|-damage|p2a: Alomomola|12/100
|-damage|p2a: Alomomola|0 fnt
|faint|p2a: Alomomola
|-hitcount|p2: Alomomola|4
|
|upkeep
|
|t:|1779885944
|switch|p2a: Samurott|Samurott-Hisui, F|67/100
|turn|24
|
|t:|1779885952
|-terastallize|p2a: Samurott|Poison
|move|p1a: Iron Thorns|Pin Missile|p2a: Samurott
|-resisted|p2a: Samurott
|-damage|p2a: Samurott|49/100
|-resisted|p2a: Samurott
|-damage|p2a: Samurott|29/100
|-resisted|p2a: Samurott
|-damage|p2a: Samurott|11/100
|-resisted|p2a: Samurott
|-damage|p2a: Samurott|0 fnt
|faint|p2a: Samurott
|-hitcount|p2: Samurott|4
|
|upkeep
|-message|mizuuuwu forfeited.
|
|win|blabab
|raw|blabab's rating: 1566 &rarr; <strong>1585</strong><br />(+19 for winning)
|raw|mizuuuwu's rating: 1546 &rarr; <strong>1527</strong><br />(-19 for losing)
|l|☆mizuuuwu
|player|p2|
|l|☆blabab
|player|p1|
