|j|☆komainuuu
|j|☆fjdjdudyd
|t:|1779864575
|gametype|singles
|player|p1|komainuuu|2|1151
|player|p2|fjdjdudyd|2|1095
|gen|9
|tier|[Gen 9] OU
|rated|
|rule|HP Percentage Mod: HP is shown in percentages
|rule|Endless Battle Clause: Forcing endless battles is banned
|rule|Species Clause: Limit one of each Pokémon
|rule|OHKO Clause: OHKO moves are banned
|rule|Evasion Items Clause: Evasion items are banned
|rule|Evasion Moves Clause: Evasion moves are banned
|rule|Evasion Abilities Clause: Evasion abilities are banned
|rule|Sleep Moves Clause: Sleep-inducing moves are banned
|clearpoke
|poke|p1|Malamar, M|
|poke|p1|Blaziken, M|
|poke|p1|Iron Moth|
|poke|p1|Primarina, M|
|poke|p1|Meowscarada, F|
|poke|p1|Kyurem|
|poke|p2|Moltres|
|poke|p2|Blastoise, F|
|poke|p2|Pikachu, M|
|poke|p2|Ogerpon, F|
|poke|p2|Gholdengo|
|poke|p2|Clefable, F|
|teampreview
|inactive|Battle timer is ON: inactive players will automatically lose when time's up. (requested by fjdjdudyd)
|
|t:|1779864582
|teamsize|p1|6
|teamsize|p2|6
|start
|switch|p1a: Malamar|Malamar, M|100/100
|switch|p2a: Gholdengo|Gholdengo|100/100
|turn|1
|
|t:|1779864595
|switch|p2a: Moltres|Moltres|100/100
|move|p1a: Malamar|Taunt|p2a: Moltres
|-start|p2a: Moltres|move: Taunt
|
|upkeep
|turn|2
|
|t:|1779864603
|move|p2a: Moltres|Flamethrower|p1a: Malamar
|-damage|p1a: Malamar|57/100
|move|p1a: Malamar|Liquidation|p2a: Moltres
|-supereffective|p2a: Moltres
|-damage|p2a: Moltres|66/100
|
|upkeep
|turn|3
|
|t:|1779864621
|switch|p2a: Blastoise|Blastoise, F|100/100
|move|p1a: Malamar|Liquidation|p2a: Blastoise
|-resisted|p2a: Blastoise
|-damage|p2a: Blastoise|91/100
|
|upkeep
|turn|4
|
|t:|1779864630
|move|p2a: Blastoise|Surf|p1a: Malamar
|-damage|p1a: Malamar|22/100
|move|p1a: Malamar|Superpower|p2a: Blastoise
|-damage|p2a: Blastoise|64/100
|-boost|p1a: Malamar|atk|1
|-boost|p1a: Malamar|def|1
|
|upkeep
|turn|5
|
|t:|1779864638
|move|p2a: Blastoise|Surf|p1a: Malamar
|-damage|p1a: Malamar|0 fnt
|faint|p1a: Malamar
|
|upkeep
|
|t:|1779864647
|switch|p1a: Meowscarada|Meowscarada, F|100/100
|turn|6
|
|t:|1779864659
|switch|p2a: Moltres|Moltres|66/100
|move|p1a: Meowscarada|Petal Blizzard|p2a: Moltres
|-start|p1a: Meowscarada|typechange|Grass|[from] ability: Protean
|-resisted|p2a: Moltres
|-damage|p2a: Moltres|59/100
|
|upkeep
|turn|7
|
|t:|1779864670
|switch|p1a: Primarina|Primarina, M|100/100
|move|p2a: Moltres|Roost|p2a: Moltres
|-heal|p2a: Moltres|100/100
|-singleturn|p2a: Moltres|move: Roost
|
|upkeep
|turn|8
|
|t:|1779864684
|switch|p2a: Gholdengo|Gholdengo|100/100
|move|p1a: Primarina|Ice Beam|p2a: Gholdengo
|-resisted|p2a: Gholdengo
|-damage|p2a: Gholdengo|81/100
|
|upkeep
|turn|9
|
|t:|1779864700
|switch|p1a: Iron Moth|Iron Moth|100/100
|-enditem|p1a: Iron Moth|Booster Energy
|-activate|p1a: Iron Moth|ability: Quark Drive|[fromitem]
|-start|p1a: Iron Moth|quarkdrivespa
|move|p2a: Gholdengo|Trick|p1a: Iron Moth
|-activate|p2a: Gholdengo|move: Trick|[of] p1a: Iron Moth
|-item|p1a: Iron Moth|Choice Scarf|[from] move: Trick
|-enditem|p2a: Gholdengo|Choice Scarf|[silent]|[from] move: Trick
|
|upkeep
|turn|10
|
|t:|1779864716
|switch|p2a: Blastoise|Blastoise, F|64/100
|move|p1a: Iron Moth|Fiery Dance|p2a: Blastoise
|-resisted|p2a: Blastoise
|-damage|p2a: Blastoise|43/100
|
|upkeep
|turn|11
|
|t:|1779864731
|-end|p1a: Iron Moth|Quark Drive|[silent]
|switch|p1a: Meowscarada|Meowscarada, F|100/100
|move|p2a: Blastoise|Surf|p1a: Meowscarada
|-resisted|p1a: Meowscarada
|-damage|p1a: Meowscarada|77/100
|
|upkeep
|turn|12
|
|t:|1779864739
|switch|p2a: Moltres|Moltres|100/100
|move|p1a: Meowscarada|Triple Axel|p2a: Moltres
|-start|p1a: Meowscarada|typechange|Ice|[from] ability: Protean
|-damage|p2a: Moltres|93/100
|-damage|p2a: Moltres|81/100
|-damage|p2a: Moltres|61/100
|-hitcount|p2a: Moltres|3
|
|upkeep
|turn|13
|
|t:|1779864752
|switch|p1a: Iron Moth|Iron Moth|100/100
|move|p2a: Moltres|Will-O-Wisp|p1a: Iron Moth
|-immune|p1a: Iron Moth
|
|upkeep
|turn|14
|
|t:|1779864763
|move|p1a: Iron Moth|Energy Ball|p2a: Moltres
|-resisted|p2a: Moltres
|-damage|p2a: Moltres|51/100
|move|p2a: Moltres|Roost|p2a: Moltres
|-heal|p2a: Moltres|100/100
|-singleturn|p2a: Moltres|move: Roost
|
|upkeep
|turn|15
|
|t:|1779864772
|move|p1a: Iron Moth|Energy Ball|p2a: Moltres
|-resisted|p2a: Moltres
|-damage|p2a: Moltres|92/100
|-unboost|p2a: Moltres|spd|1
|move|p2a: Moltres|Substitute|p2a: Moltres
|-start|p2a: Moltres|Substitute
|-damage|p2a: Moltres|67/100
|
|upkeep
|turn|16
|
|t:|1779864781
|-end|p1a: Iron Moth|Quark Drive|[silent]
|switch|p1a: Primarina|Primarina, M|100/100
|move|p2a: Moltres|Flamethrower|p1a: Primarina
|-resisted|p1a: Primarina
|-damage|p1a: Primarina|91/100
|
|upkeep
|turn|17
|
|t:|1779864798
|move|p2a: Moltres|Will-O-Wisp|p1a: Primarina
|-status|p1a: Primarina|brn
|move|p1a: Primarina|Psychic|p2a: Moltres
|-end|p2a: Moltres|Substitute
|
|-damage|p1a: Primarina|85/100 brn|[from] brn
|upkeep
|turn|18
|
|t:|1779864807
|switch|p2a: Gholdengo|Gholdengo|81/100
|move|p1a: Primarina|Psychic|p2a: Gholdengo
|-resisted|p2a: Gholdengo
|-damage|p2a: Gholdengo|62/100
|
|-damage|p1a: Primarina|79/100 brn|[from] brn
|upkeep
|turn|19
|
|t:|1779864821
|switch|p1a: Iron Moth|Iron Moth|100/100
|move|p2a: Gholdengo|Make It Rain|p1a: Iron Moth
|-resisted|p1a: Iron Moth
|-damage|p1a: Iron Moth|64/100
|-unboost|p2a: Gholdengo|spa|1
|
|upkeep
|turn|20
|
|t:|1779864833
|switch|p2a: Moltres|Moltres|67/100
|move|p1a: Iron Moth|Fiery Dance|p2a: Moltres
|-resisted|p2a: Moltres
|-damage|p2a: Moltres|43/100
|
|upkeep
|turn|21
|
|t:|1779864842
|move|p1a: Iron Moth|Fiery Dance|p2a: Moltres
|-resisted|p2a: Moltres
|-damage|p2a: Moltres|19/100
|-boost|p1a: Iron Moth|spa|1
|move|p2a: Moltres|Roost|p2a: Moltres
|-heal|p2a: Moltres|69/100
|-singleturn|p2a: Moltres|move: Roost
|
|upkeep
|turn|22
|
|t:|1779864857
|switch|p2a: Blastoise|Blastoise, F|43/100
|move|p1a: Iron Moth|Fiery Dance|p2a: Blastoise
|-resisted|p2a: Blastoise
|-damage|p2a: Blastoise|18/100
|
|upkeep
|turn|23
|
|t:|1779864864
|move|p1a: Iron Moth|Fiery Dance|p2a: Blastoise
|-resisted|p2a: Blastoise
|-damage|p2a: Blastoise|0 fnt
|faint|p2a: Blastoise
|
|upkeep
|
|t:|1779864870
|switch|p2a: Pikachu|Pikachu, M|100/100
|turn|24
|
|t:|1779864873
|-terastallize|p2a: Pikachu|Normal
|move|p2a: Pikachu|Fake Out|p1a: Iron Moth
|-crit|p1a: Iron Moth
|-damage|p1a: Iron Moth|3/100
|cant|p1a: Iron Moth|flinch
|
|upkeep
|turn|25
|
|t:|1779864881
|move|p2a: Pikachu|Quick Attack|p1a: Iron Moth
|-damage|p1a: Iron Moth|0 fnt
|faint|p1a: Iron Moth
|-end|p1a: Iron Moth|Quark Drive|[silent]
|
|upkeep
|
|t:|1779864888
|switch|p1a: Blaziken|Blaziken, M|100/100
|turn|26
|
|t:|1779864895
|move|p2a: Pikachu|Volt Tackle|p1a: Blaziken
|-enditem|p1a: Blaziken|Focus Sash
|-damage|p1a: Blaziken|1/100
|-damage|p2a: Pikachu|54/100|[from] Recoil
|move|p1a: Blaziken|Swords Dance|p1a: Blaziken
|-boost|p1a: Blaziken|atk|2
|
|-ability|p1a: Blaziken|Speed Boost|boost
|-boost|p1a: Blaziken|spe|1
|upkeep
|turn|27
|
|t:|1779864905
|move|p1a: Blaziken|Protect|p1a: Blaziken
|-singleturn|p1a: Blaziken|Protect
|move|p2a: Pikachu|Quick Attack|p1a: Blaziken
|-activate|p1a: Blaziken|move: Protect
|
|-ability|p1a: Blaziken|Speed Boost|boost
|-boost|p1a: Blaziken|spe|1
|upkeep
|turn|28
|
|t:|1779864919
|move|p2a: Pikachu|Quick Attack|p1a: Blaziken
|-damage|p1a: Blaziken|0 fnt
|faint|p1a: Blaziken
|
|upkeep
|
|t:|1779864928
|switch|p1a: Kyurem|Kyurem|100/100
|-ability|p1a: Kyurem|Pressure
|turn|29
|
|t:|1779864937
|switch|p2a: Ogerpon|Ogerpon, F|100/100
|move|p1a: Kyurem|Dragon Dance|p1a: Kyurem
|-boost|p1a: Kyurem|atk|1
|-boost|p1a: Kyurem|spe|1
|
|upkeep
|turn|30
|
|t:|1779864947
|move|p2a: Ogerpon|Stomping Tantrum|p1a: Kyurem
|-damage|p1a: Kyurem|78/100
|move|p1a: Kyurem|Ice Beam|p2a: Ogerpon
|-supereffective|p2a: Ogerpon
|-damage|p2a: Ogerpon|0 fnt
|faint|p2a: Ogerpon
|
|-heal|p1a: Kyurem|85/100|[from] item: Leftovers
|upkeep
|
|t:|1779864951
|switch|p2a: Clefable|Clefable, F|100/100
|turn|31
|
|t:|1779864961
|switch|p1a: Primarina|Primarina, M|79/100 brn
|move|p2a: Clefable|Moonblast|p1a: Primarina
|-damage|p1a: Primarina|62/100 brn
|
|-damage|p1a: Primarina|56/100 brn|[from] brn
|upkeep
|turn|32
|
|t:|1779864972
|switch|p2a: Gholdengo|Gholdengo|62/100
|move|p1a: Primarina|Psychic|p2a: Gholdengo
|-resisted|p2a: Gholdengo
|-damage|p2a: Gholdengo|42/100
|
|-damage|p1a: Primarina|50/100 brn|[from] brn
|upkeep
|turn|33
|
|t:|1779864984
|move|p2a: Gholdengo|Make It Rain|p1a: Primarina
|-damage|p1a: Primarina|9/100 brn
|-unboost|p2a: Gholdengo|spa|1
|move|p1a: Primarina|Alluring Voice|p2a: Gholdengo
|-resisted|p2a: Gholdengo
|-damage|p2a: Gholdengo|15/100
|
|-damage|p1a: Primarina|3/100 brn|[from] brn
|upkeep
|turn|34
|
|t:|1779864995
|move|p2a: Gholdengo|Shadow Ball|p1a: Primarina
|-damage|p1a: Primarina|0 fnt
|faint|p1a: Primarina
|
|upkeep
|
|t:|1779865003
|switch|p1a: Meowscarada|Meowscarada, F|77/100
|turn|35
|
|t:|1779865010
|switch|p2a: Moltres|Moltres|69/100
|move|p1a: Meowscarada|Shadow Claw|p2a: Moltres
|-start|p1a: Meowscarada|typechange|Ghost|[from] ability: Protean
|-damage|p2a: Moltres|47/100
|
|upkeep
|turn|36
|
|t:|1779865027
|switch|p1a: Kyurem|Kyurem|85/100
|-ability|p1a: Kyurem|Pressure
|move|p2a: Moltres|Flamethrower|p1a: Kyurem
|-damage|p1a: Kyurem|51/100
|
|-heal|p1a: Kyurem|57/100|[from] item: Leftovers
|upkeep
|turn|37
|
|t:|1779865040
|switch|p2a: Gholdengo|Gholdengo|15/100
|-terastallize|p1a: Kyurem|Dragon
|move|p1a: Kyurem|Dragon Dance|p1a: Kyurem
|-boost|p1a: Kyurem|atk|1
|-boost|p1a: Kyurem|spe|1
|
|-heal|p1a: Kyurem|63/100|[from] item: Leftovers
|upkeep
|turn|38
|
|t:|1779865053
|move|p1a: Kyurem|Shadow Ball|p2a: Gholdengo
|-supereffective|p2a: Gholdengo
|-damage|p2a: Gholdengo|0 fnt
|faint|p2a: Gholdengo
|
|-heal|p1a: Kyurem|69/100|[from] item: Leftovers
|upkeep
|
|t:|1779865056
|switch|p2a: Pikachu|Pikachu, M, tera:Normal|54/100
|turn|39
|
|t:|1779865070
|move|p2a: Pikachu|Fake Out|p1a: Kyurem
|-damage|p1a: Kyurem|51/100
|cant|p1a: Kyurem|flinch
|
|-heal|p1a: Kyurem|57/100|[from] item: Leftovers
|upkeep
|turn|40
|
|t:|1779865078
|switch|p2a: Clefable|Clefable, F|100/100
|move|p1a: Kyurem|Ice Beam|p2a: Clefable
|-crit|p2a: Clefable
|-damage|p2a: Clefable|47/100
|-status|p2a: Clefable|frz
|
|-heal|p1a: Kyurem|63/100|[from] item: Leftovers
|upkeep
|turn|41
|
|t:|1779865088
|move|p1a: Kyurem|Ice Beam|p2a: Clefable
|-damage|p2a: Clefable|12/100 frz
|cant|p2a: Clefable|frz
|
|-heal|p1a: Kyurem|69/100|[from] item: Leftovers
|upkeep
|turn|42
|
|t:|1779865096
|move|p1a: Kyurem|Psychic|p2a: Clefable
|-damage|p2a: Clefable|0 fnt
|faint|p2a: Clefable
|
|-heal|p1a: Kyurem|75/100|[from] item: Leftovers
|upkeep
|-message|fjdjdudyd forfeited.
|
|win|komainuuu
|raw|komainuuu's rating: 1151 &rarr; <strong>1172</strong><br />(+21 for winning)
|raw|fjdjdudyd's rating: 1095 &rarr; <strong>1075</strong><br />(-20 for losing)
|l|☆fjdjdudyd
|player|p2|
|l|☆komainuuu
|player|p1|
