|j|☆TwinkleLittleStars
|j|☆waha8
|t:|1779876244
|gametype|singles
|player|p1|TwinkleLittleStars|alec-anime|1495
|player|p2|waha8|169|1433
|gen|9
|tier|[Gen 9] OU
|rated|
|rule|HP Percentage Mod: HP is shown in percentages
|rule|Endless Battle Clause: Forcing endless battles is banned
|rule|Species Clause: Limit one of each Pokémon
|rule|OHKO Clause: OHKO moves are banned
|rule|Evasion Items Clause: Evasion items are banned
|rule|Evasion Moves Clause: Evasion moves are banned
|rule|Evasion Abilities Clause: Evasion abilities are banned
|rule|Sleep Moves Clause: Sleep-inducing moves are banned
|clearpoke
|poke|p1|Deoxys-Speed|
|poke|p1|Latias, F|
|poke|p1|Great Tusk|
|poke|p1|Zamazenta-*|
|poke|p1|Ceruledge, M|
|poke|p1|Metagross|
|poke|p2|Pelipper, M|
|poke|p2|Barraskewda, F|
|poke|p2|Kingdra, M|
|poke|p2|Raging Bolt|
|poke|p2|Indeedee, M|
|poke|p2|Garchomp, M|
|teampreview
|
|t:|1779876256
|teamsize|p1|6
|teamsize|p2|6
|start
|switch|p1a: Deoxys|Deoxys-Speed|100/100
|switch|p2a: Pelipper|Pelipper, M|100/100
|-ability|p1a: Deoxys|Pressure
|-weather|RainDance|[from] ability: Drizzle|[of] p2a: Pelipper
|turn|1
|
|t:|1779876265
|move|p1a: Deoxys|Reflect|p1a: Deoxys
|-sidestart|p1: TwinkleLittleStars|Reflect
|move|p2a: Pelipper|U-turn|p1a: Deoxys
|-supereffective|p1a: Deoxys
|-crit|p1a: Deoxys
|-damage|p1a: Deoxys|69/100
|
|t:|1779876270
|switch|p2a: Kingdra|Kingdra, M|100/100|[from] U-turn
|
|-weather|RainDance|[upkeep]
|upkeep
|turn|2
|
|t:|1779876274
|move|p2a: Kingdra|Focus Energy|p2a: Kingdra
|-start|p2a: Kingdra|move: Focus Energy
|move|p1a: Deoxys|Light Screen|p1a: Deoxys
|-sidestart|p1: TwinkleLittleStars|move: Light Screen
|
|-weather|RainDance|[upkeep]
|upkeep
|turn|3
|j| norwaytm
|
|t:|1779876279
|move|p2a: Kingdra|Weather Ball|p1a: Deoxys
|-crit|p1a: Deoxys
|-damage|p1a: Deoxys|0 fnt
|faint|p1a: Deoxys
|
|-weather|RainDance|[upkeep]
|upkeep
|
|t:|1779876284
|switch|p1a: Metagross|Metagross|100/100
|turn|4
|
|t:|1779876287
|-terastallize|p2a: Kingdra|Water
|move|p2a: Kingdra|Weather Ball|p1a: Metagross
|-crit|p1a: Metagross
|-damage|p1a: Metagross|0 fnt
|faint|p1a: Metagross
|
|-weather|RainDance|[upkeep]
|upkeep
|
|t:|1779876294
|switch|p1a: Latias|Latias, F|100/100
|turn|5
|
|t:|1779876299
|switch|p1a: Great Tusk|Great Tusk|100/100
|-enditem|p1a: Great Tusk|Booster Energy
|-activate|p1a: Great Tusk|ability: Protosynthesis|[fromitem]
|-start|p1a: Great Tusk|protosynthesisspe
|move|p2a: Kingdra|Hurricane|p1a: Great Tusk
|-supereffective|p1a: Great Tusk
|-crit|p1a: Great Tusk
|-damage|p1a: Great Tusk|0 fnt
|faint|p1a: Great Tusk
|-end|p1a: Great Tusk|Protosynthesis|[silent]
|
|-weather|RainDance|[upkeep]
|upkeep
|
|t:|1779876306
|switch|p1a: Zamazenta|Zamazenta|100/100
|-ability|p1a: Zamazenta|Dauntless Shield|boost
|-boost|p1a: Zamazenta|def|1
|turn|6
|
|t:|1779876311
|move|p2a: Kingdra|Weather Ball|p1a: Zamazenta
|-crit|p1a: Zamazenta
|-damage|p1a: Zamazenta|0 fnt
|faint|p1a: Zamazenta
|
|-weather|RainDance|[upkeep]
|upkeep
|
|t:|1779876315
|switch|p1a: Latias|Latias, F|100/100
|turn|7
|
|t:|1779876318
|move|p2a: Kingdra|Draco Meteor|p1a: Latias
|-supereffective|p1a: Latias
|-crit|p1a: Latias
|-damage|p1a: Latias|0 fnt
|-unboost|p2a: Kingdra|spa|2
|faint|p1a: Latias
|
|-weather|RainDance|[upkeep]
|upkeep
|
|t:|1779876321
|switch|p1a: Ceruledge|Ceruledge, M|100/100
|turn|8
|
|t:|1779876326
|-terastallize|p1a: Ceruledge|Bug
|move|p2a: Kingdra|Weather Ball|p1a: Ceruledge
|-crit|p1a: Ceruledge
|-damage|p1a: Ceruledge|0 fnt
|faint|p1a: Ceruledge
|
|win|waha8
|raw|TwinkleLittleStars's rating: 1495 &rarr; <strong>1471</strong><br />(-24 for losing)
|raw|waha8's rating: 1433 &rarr; <strong>1457</strong><br />(+24 for winning)
|l|☆TwinkleLittleStars
|player|p1|
|l| norwaytm
