|j|☆psygoat12
|j|☆TalesOfZodiac
|t:|1779959592
|gametype|singles
|player|p1|psygoat12|chuck|1394
|player|p2|TalesOfZodiac|gardenia|1461
|gen|9
|tier|[Gen 9] OU
|rated|
|rule|HP Percentage Mod: HP is shown in percentages
|rule|Endless Battle Clause: Forcing endless battles is banned
|rule|Species Clause: Limit one of each Pokémon
|rule|OHKO Clause: OHKO moves are banned
|rule|Evasion Items Clause: Evasion items are banned
|rule|Evasion Moves Clause: Evasion moves are banned
|rule|Evasion Abilities Clause: Evasion abilities are banned
|rule|Sleep Moves Clause: Sleep-inducing moves are banned
|clearpoke
|poke|p1|Pelipper, F|
|poke|p1|Iron Treads|
|poke|p1|Zapdos|
|poke|p1|Kingdra, M|
|poke|p1|Kingambit, F|
|poke|p1|Hariyama, M|
|poke|p2|Ogerpon-Cornerstone, F|
|poke|p2|Kingambit, M|
|poke|p2|Zoroark-Hisui, F|
|poke|p2|Great Tusk|
|poke|p2|Rotom-Wash|
|poke|p2|Iron Valiant|
|teampreview
|
|t:|1779959620
|teamsize|p1|6
|teamsize|p2|6
|start
|switch|p1a: Hariyama|Hariyama, M|100/100
|switch|p2a: Rotom|Rotom-Wash|100/100
|turn|1
|
|t:|1779959630
|move|p2a: Rotom|Psychic|p1a: Hariyama
|-supereffective|p1a: Hariyama
|-damage|p1a: Hariyama|61/100
|-damage|p2a: Rotom|91/100|[from] item: Life Orb
|move|p1a: Hariyama|Knock Off|p2a: Rotom
|-supereffective|p2a: Rotom
|-crit|p2a: Rotom
|-damage|p2a: Rotom|0 fnt
|replace|p2a: Zoroark|Zoroark-Hisui, F
|-end|p2a: Zoroark|Illusion
|-enditem|p2a: Zoroark|Life Orb|[from] move: Knock Off|[of] p1a: Hariyama
|faint|p2a: Zoroark
|
|upkeep
|c|☆psygoat12|bot lead
|c|☆TalesOfZodiac|real
|c|☆psygoat12|i fw zoro tho
|c|☆TalesOfZodiac|honestly thought it'd do more though
|c|☆TalesOfZodiac|the later you bring it out the better
|c|☆psygoat12|my set is not typical lol
|c|☆TalesOfZodiac|but the feeling of bamboozling someone from the start is very tempting
|c|☆TalesOfZodiac|gambling basically
|c|☆psygoat12|basically
|c|☆psygoat12|this about the point in the ladder it stops working tho
|
|t:|1779959729
|switch|p2a: Rotom|Rotom-Wash|100/100
|turn|2
|
|t:|1779959742
|move|p2a: Rotom|Hydro Pump|p1a: Hariyama
|-damage|p1a: Hariyama|39/100
|move|p1a: Hariyama|Knock Off|p2a: Rotom
|-damage|p2a: Rotom|74/100
|-enditem|p2a: Rotom|Assault Vest|[from] move: Knock Off|[of] p1a: Hariyama
|
|upkeep
|turn|3
|
|t:|1779959755
|move|p2a: Rotom|Hydro Pump|p1a: Hariyama
|-damage|p1a: Hariyama|19/100
|move|p1a: Hariyama|Knock Off|p2a: Rotom
|-damage|p2a: Rotom|57/100
|
|upkeep
|turn|4
|c|☆TalesOfZodiac|huh
|c|☆psygoat12|what
|c|☆TalesOfZodiac|what is this hariyama I aint ever seen one up here
|
|t:|1779959780
|move|p2a: Rotom|Hydro Pump|p1a: Hariyama
|-damage|p1a: Hariyama|0 fnt
|faint|p1a: Hariyama
|
|upkeep
|c|☆psygoat12|it was vest 252 hp & spd lol
|c|☆TalesOfZodiac|bruh im landing these like its no business tho
|c|☆psygoat12|yeah i lost my last game to a draco miss shit aint fair
|
|t:|1779959822
|switch|p1a: Zapdos|Zapdos|100/100
|turn|5
|c|☆TalesOfZodiac|that is awful
|c|☆TalesOfZodiac|had an unfortunate freeze two games ago too, shit sucks
|c|☆TalesOfZodiac|but that's mons
|
|t:|1779959852
|move|p1a: Zapdos|Volt Switch|p2a: Rotom
|-damage|p2a: Rotom|9/100
|c|☆psygoat12|freeze is a buns mechanic
|
|t:|1779959870
|switch|p1a: Iron Treads|Iron Treads|100/100|[from] Volt Switch
|-enditem|p1a: Iron Treads|Booster Energy
|-activate|p1a: Iron Treads|ability: Quark Drive|[fromitem]
|-start|p1a: Iron Treads|quarkdrivespe
|move|p2a: Rotom|Volt Switch|p1a: Iron Treads
|-immune|p1a: Iron Treads
|
|upkeep
|turn|6
|c|☆TalesOfZodiac|real
|c|☆TalesOfZodiac|bot turn
|c|☆TalesOfZodiac|damn
|c|☆psygoat12|haha
|c|☆TalesOfZodiac|from me i mean
|
|t:|1779959891
|switch|p2a: Great Tusk|Great Tusk|100/100
|-enditem|p2a: Great Tusk|Booster Energy
|-activate|p2a: Great Tusk|ability: Protosynthesis|[fromitem]
|-start|p2a: Great Tusk|protosynthesisatk
|move|p1a: Iron Treads|Rapid Spin|p2a: Great Tusk
|-damage|p2a: Great Tusk|92/100
|-boost|p1a: Iron Treads|spe|1
|
|upkeep
|turn|7
|c|☆psygoat12|I mean i nearly clicked hurricane for the tusk switch u kinda had to stay in atleast
|
|t:|1779959919
|move|p1a: Iron Treads|Stealth Rock|p2a: Great Tusk
|-sidestart|p2: TalesOfZodiac|move: Stealth Rock
|move|p2a: Great Tusk|Ice Spinner|p1a: Iron Treads
|-damage|p1a: Iron Treads|79/100
|
|upkeep
|turn|8
|
|t:|1779959925
|-end|p1a: Iron Treads|Quark Drive|[silent]
|switch|p1a: Pelipper|Pelipper, F|100/100
|-weather|RainDance|[from] ability: Drizzle|[of] p1a: Pelipper
|move|p2a: Great Tusk|Rapid Spin|p1a: Pelipper
|-damage|p1a: Pelipper|85/100
|-boost|p2a: Great Tusk|spe|1
|-sideend|p2: TalesOfZodiac|Stealth Rock|[from] move: Rapid Spin|[of] p2a: Great Tusk
|
|-weather|RainDance|[upkeep]
|upkeep
|turn|9
|
|t:|1779959944
|-end|p2a: Great Tusk|Protosynthesis|[silent]
|switch|p2a: Rotom|Rotom-Wash|9/100
|move|p1a: Pelipper|Weather Ball|p2a: Rotom
|-resisted|p2a: Rotom
|-damage|p2a: Rotom|0 fnt
|faint|p2a: Rotom
|
|-weather|RainDance|[upkeep]
|upkeep
|
|t:|1779959985
|switch|p2a: Iron Valiant|Iron Valiant|100/100
|-enditem|p2a: Iron Valiant|Booster Energy
|-activate|p2a: Iron Valiant|ability: Quark Drive|[fromitem]
|-start|p2a: Iron Valiant|quarkdrivespe
|turn|10
|
|t:|1779959991
|move|p2a: Iron Valiant|Thunderbolt|p1a: Pelipper
|-supereffective|p1a: Pelipper
|-damage|p1a: Pelipper|0 fnt
|faint|p1a: Pelipper
|
|-weather|RainDance|[upkeep]
|upkeep
|
|t:|1779959997
|switch|p1a: Kingdra|Kingdra, M|100/100
|turn|11
|
|t:|1779960004
|move|p1a: Kingdra|Hurricane|p2a: Iron Valiant
|-supereffective|p2a: Iron Valiant
|-damage|p2a: Iron Valiant|0 fnt
|faint|p2a: Iron Valiant
|-end|p2a: Iron Valiant|Quark Drive|[silent]
|
|-weather|RainDance|[upkeep]
|upkeep
|
|t:|1779960011
|switch|p2a: Ogerpon|Ogerpon-Cornerstone, F|100/100
|turn|12
|c|☆TalesOfZodiac|ah fuck
|
|t:|1779960035
|switch|p2a: Kingambit|Kingambit, M|100/100
|move|p1a: Kingdra|Hurricane|p2a: Kingambit
|-resisted|p2a: Kingambit
|-damage|p2a: Kingambit|87/100
|
|-weather|RainDance|[upkeep]
|upkeep
|turn|13
|c|☆TalesOfZodiac|wrong mon
|
|t:|1779960049
|switch|p1a: Zapdos|Zapdos|100/100
|move|p2a: Kingambit|Kowtow Cleave|p1a: Zapdos
|-damage|p1a: Zapdos|44/100
|
|-weather|RainDance|[upkeep]
|upkeep
|turn|14
|
|t:|1779960070
|move|p1a: Zapdos|Weather Ball|p2a: Kingambit
|-damage|p2a: Kingambit|39/100
|move|p2a: Kingambit|Kowtow Cleave|p1a: Zapdos
|-damage|p1a: Zapdos|0 fnt
|faint|p1a: Zapdos
|
|-weather|RainDance|[upkeep]
|upkeep
|c|☆psygoat12|assault vest????
|c|☆TalesOfZodiac|av defiant xd
|c|☆TalesOfZodiac|yes
|c|☆psygoat12|shit i didnt even notice no overlord
|c|☆psygoat12|i never do
|c|☆TalesOfZodiac|it's so ingrained
|c|☆TalesOfZodiac|you just assume it is
|
|t:|1779960124
|switch|p1a: Iron Treads|Iron Treads|79/100
|turn|15
|
|t:|1779960138
|-terastallize|p2a: Kingambit|Fairy
|move|p1a: Iron Treads|Stealth Rock|p2a: Kingambit
|-sidestart|p2: TalesOfZodiac|move: Stealth Rock
|move|p2a: Kingambit|Low Kick|p1a: Iron Treads
|-supereffective|p1a: Iron Treads
|-damage|p1a: Iron Treads|4/100
|
|-weather|none
|upkeep
|turn|16
|c|☆TalesOfZodiac|oh smart
|
|t:|1779960177
|move|p2a: Kingambit|Sucker Punch|p1a: Iron Treads
|-damage|p1a: Iron Treads|0 fnt
|faint|p1a: Iron Treads
|-end|p1a: Iron Treads|Quark Drive|[silent]
|
|upkeep
|
|t:|1779960188
|switch|p1a: Kingdra|Kingdra, M|100/100
|turn|17
|c|☆TalesOfZodiac|are you focus energy or sub though
|
|t:|1779960227
|move|p1a: Kingdra|Hurricane|p2a: Kingambit
|-damage|p2a: Kingambit|10/100
|-start|p2a: Kingambit|confusion
|-activate|p2a: Kingambit|confusion
|move|p2a: Kingambit|Kowtow Cleave|p1a: Kingdra
|-damage|p1a: Kingdra|42/100
|
|upkeep
|turn|18
|
|t:|1779960235
|switch|p1a: Kingambit|Kingambit, F|100/100
|-activate|p1a: Kingambit|ability: Supreme Overlord
|-start|p1a: Kingambit|fallen4|[silent]
|-activate|p2a: Kingambit|confusion
|move|p2a: Kingambit|Sucker Punch||[still]
|-fail|p2a: Kingambit
|
|upkeep
|turn|19
|
|t:|1779960269
|switch|p2a: Great Tusk|Great Tusk|92/100
|-damage|p2a: Great Tusk|89/100|[from] Stealth Rock
|-terastallize|p1a: Kingambit|Dark
|move|p1a: Kingambit|Swords Dance|p1a: Kingambit
|-boost|p1a: Kingambit|atk|2
|
|upkeep
|turn|20
|
|t:|1779960281
|move|p2a: Great Tusk|Headlong Rush|p1a: Kingambit
|-damage|p1a: Kingambit|60/100
|-unboost|p2a: Great Tusk|def|1
|-unboost|p2a: Great Tusk|spd|1
|move|p1a: Kingambit|Iron Head|p2a: Great Tusk
|-damage|p2a: Great Tusk|0 fnt
|faint|p2a: Great Tusk
|-end|p2a: Great Tusk|Protosynthesis|[silent]
|
|-heal|p1a: Kingambit|66/100|[from] item: Leftovers
|upkeep
|c|☆TalesOfZodiac|i needa put cc on this
|c|☆TalesOfZodiac|I DIDNT SPIN
|c|☆TalesOfZodiac|IM AN IDiOT
|c|☆psygoat12|hahaha
|
|t:|1779960299
|switch|p2a: Kingambit|Kingambit, M, tera:Fairy|10/100
|-damage|p2a: Kingambit|0 fnt|[from] Stealth Rock
|faint|p2a: Kingambit
|c|☆psygoat12|its not over yet
|
|t:|1779960304
|switch|p2a: Ogerpon|Ogerpon-Cornerstone, F|100/100
|-damage|p2a: Ogerpon|88/100|[from] Stealth Rock
|turn|21
|c|☆psygoat12|i can fimble
|c|☆psygoat12|fumble*
|c|☆TalesOfZodiac|nah nah
|
|t:|1779960318
|move|p1a: Kingambit|Sucker Punch|p2a: Ogerpon
|-damage|p2a: Ogerpon|0 fnt
|faint|p2a: Ogerpon
|
|win|psygoat12
|raw|psygoat12's rating: 1394 &rarr; <strong>1418</strong><br />(+24 for winning)
|raw|TalesOfZodiac's rating: 1461 &rarr; <strong>1437</strong><br />(-24 for losing)
|c|☆psygoat12|gg
|c|☆TalesOfZodiac|gg man
|c|☆psygoat12|gl on the ladder
|l|☆psygoat12
|player|p1|
