|j|☆TeamPlasmaGrunt704
|j|☆Z_Domen
|t:|1779892325
|gametype|singles
|player|p1|TeamPlasmaGrunt704|plasmagrunt|1245
|player|p2|Z_Domen|doctor|1271
|gen|9
|tier|[Gen 9] OU
|rated|
|rule|HP Percentage Mod: HP is shown in percentages
|rule|Endless Battle Clause: Forcing endless battles is banned
|rule|Species Clause: Limit one of each Pokémon
|rule|OHKO Clause: OHKO moves are banned
|rule|Evasion Items Clause: Evasion items are banned
|rule|Evasion Moves Clause: Evasion moves are banned
|rule|Evasion Abilities Clause: Evasion abilities are banned
|rule|Sleep Moves Clause: Sleep-inducing moves are banned
|clearpoke
|poke|p1|Haxorus, M|
|poke|p1|Golurk|
|poke|p1|Kingambit, M|
|poke|p1|Landorus-Therian, M|
|poke|p1|Iron Moth|
|poke|p1|Scrafty, F|
|poke|p2|Comfey, F|
|poke|p2|Garganacl, F|
|poke|p2|Corviknight, F|
|poke|p2|Ogerpon-Wellspring, F|
|poke|p2|Great Tusk|
|poke|p2|Moltres|
|teampreview
|inactive|Battle timer is ON: inactive players will automatically lose when time's up. (requested by Z_Domen)
|
|t:|1779892344
|teamsize|p1|6
|teamsize|p2|6
|start
|switch|p1a: Him|Landorus-Therian, M|100/100
|switch|p2a: Ogerpon|Ogerpon-Wellspring, F|100/100
|-ability|p1a: Him|Intimidate|boost
|-unboost|p2a: Ogerpon|atk|1
|turn|1
|
|t:|1779892361
|switch|p2a: Great Tusk|Great Tusk|100/100
|-enditem|p2a: Great Tusk|Booster Energy
|-activate|p2a: Great Tusk|ability: Protosynthesis|[fromitem]
|-start|p2a: Great Tusk|protosynthesisatk
|switch|p1a: The Scrafty|Scrafty, F|100/100
|
|upkeep
|turn|2
|
|t:|1779892368
|switch|p1a: Him|Landorus-Therian, M|100/100
|-ability|p1a: Him|Intimidate|boost
|-unboost|p2a: Great Tusk|atk|1
|move|p2a: Great Tusk|Rapid Spin|p1a: Him
|-damage|p1a: Him|83/100
|-boost|p2a: Great Tusk|spe|1
|-damage|p2a: Great Tusk|84/100|[from] item: Rocky Helmet|[of] p1a: Him
|
|upkeep
|turn|3
|
|t:|1779892374
|move|p2a: Great Tusk|Ice Spinner|p1a: Him
|-supereffective|p1a: Him
|-damage|p1a: Him|0 fnt
|-damage|p2a: Great Tusk|68/100|[from] item: Rocky Helmet|[of] p1a: Him
|faint|p1a: Him
|
|upkeep
|
|t:|1779892399
|switch|p1a: The Scrafty|Scrafty, F|100/100
|turn|4
|
|t:|1779892403
|move|p2a: Great Tusk|Headlong Rush|p1a: The Scrafty
|-damage|p1a: The Scrafty|45/100
|-unboost|p2a: Great Tusk|def|1
|-unboost|p2a: Great Tusk|spd|1
|move|p1a: The Scrafty|Bulk Up|p1a: The Scrafty
|-boost|p1a: The Scrafty|atk|1
|-boost|p1a: The Scrafty|def|1
|
|upkeep
|turn|5
|
|t:|1779892407
|move|p2a: Great Tusk|Headlong Rush|p1a: The Scrafty
|-damage|p1a: The Scrafty|8/100
|-unboost|p2a: Great Tusk|def|1
|-unboost|p2a: Great Tusk|spd|1
|move|p1a: The Scrafty|Drain Punch|p2a: Great Tusk
|-damage|p2a: Great Tusk|20/100
|-heal|p1a: The Scrafty|36/100|[from] drain|[of] p2a: Great Tusk
|
|upkeep
|turn|6
|
|t:|1779892421
|move|p2a: Great Tusk|Headlong Rush|p1a: The Scrafty
|-damage|p1a: The Scrafty|4/100
|-unboost|p2a: Great Tusk|def|1
|-unboost|p2a: Great Tusk|spd|1
|move|p1a: The Scrafty|Drain Punch|p2a: Great Tusk
|-damage|p2a: Great Tusk|0 fnt
|-heal|p1a: The Scrafty|15/100|[from] drain|[of] p2a: Great Tusk
|faint|p2a: Great Tusk
|-end|p2a: Great Tusk|Protosynthesis|[silent]
|
|upkeep
|
|t:|1779892423
|switch|p2a: Moltres|Moltres|100/100
|turn|7
|
|t:|1779892427
|move|p2a: Moltres|Hurricane|p1a: The Scrafty|[miss]
|-miss|p2a: Moltres|p1a: The Scrafty
|move|p1a: The Scrafty|Rest|p1a: The Scrafty
|-status|p1a: The Scrafty|slp|[from] move: Rest
|-heal|p1a: The Scrafty|100/100 slp|[silent]
|
|upkeep
|turn|8
|
|t:|1779892438
|switch|p1a: Sentinel|Golurk, shiny|100/100
|move|p2a: Moltres|Hurricane|p1a: Sentinel
|-damage|p1a: Sentinel|73/100
|
|upkeep
|turn|9
|
|t:|1779892444
|move|p2a: Moltres|Will-O-Wisp|p1a: Sentinel
|-status|p1a: Sentinel|brn
|move|p1a: Sentinel|Thunder Punch|p2a: Moltres
|-supereffective|p2a: Moltres
|-damage|p2a: Moltres|71/100
|
|-damage|p1a: Sentinel|67/100 brn|[from] brn
|upkeep
|turn|10
|
|t:|1779892453
|move|p2a: Moltres|Hurricane|p1a: Sentinel|[miss]
|-miss|p2a: Moltres|p1a: Sentinel
|move|p1a: Sentinel|Thunder Punch|p2a: Moltres
|-supereffective|p2a: Moltres
|-damage|p2a: Moltres|44/100
|
|-damage|p1a: Sentinel|61/100 brn|[from] brn
|upkeep
|turn|11
|
|t:|1779892456
|move|p2a: Moltres|Flamethrower|p1a: Sentinel
|-damage|p1a: Sentinel|37/100 brn
|move|p1a: Sentinel|Thunder Punch|p2a: Moltres
|-supereffective|p2a: Moltres
|-damage|p2a: Moltres|13/100
|
|-damage|p1a: Sentinel|31/100 brn|[from] brn
|upkeep
|turn|12
|
|t:|1779892462
|move|p2a: Moltres|Roost|p2a: Moltres
|-heal|p2a: Moltres|63/100
|-singleturn|p2a: Moltres|move: Roost
|move|p1a: Sentinel|Thunder Punch|p2a: Moltres
|-damage|p2a: Moltres|49/100
|
|-damage|p1a: Sentinel|25/100 brn|[from] brn
|upkeep
|turn|13
|
|t:|1779892467
|move|p2a: Moltres|Roost|p2a: Moltres
|-heal|p2a: Moltres|99/100
|-singleturn|p2a: Moltres|move: Roost
|move|p1a: Sentinel|Thunder Punch|p2a: Moltres
|-damage|p2a: Moltres|83/100
|
|-damage|p1a: Sentinel|19/100 brn|[from] brn
|upkeep
|turn|14
|
|t:|1779892471
|move|p2a: Moltres|Flamethrower|p1a: Sentinel
|-damage|p1a: Sentinel|0 fnt
|faint|p1a: Sentinel
|
|upkeep
|
|t:|1779892478
|switch|p1a: Genesect 2|Iron Moth|100/100
|-enditem|p1a: Genesect 2|Booster Energy
|-activate|p1a: Genesect 2|ability: Quark Drive|[fromitem]
|-start|p1a: Genesect 2|quarkdrivespa
|turn|15
|
|t:|1779892484
|move|p1a: Genesect 2|Sludge Wave|p2a: Moltres
|-damage|p2a: Moltres|31/100
|move|p2a: Moltres|Hurricane|p1a: Genesect 2
|-damage|p1a: Genesect 2|51/100
|
|upkeep
|turn|16
|
|t:|1779892493
|switch|p2a: Corviknight|Corviknight, F|100/100
|-ability|p2a: Corviknight|Pressure
|move|p1a: Genesect 2|Fiery Dance|p2a: Corviknight
|-supereffective|p2a: Corviknight
|-damage|p2a: Corviknight|0 fnt
|faint|p2a: Corviknight
|
|upkeep
|
|t:|1779892503
|switch|p2a: Comfey|Comfey, F|100/100
|turn|17
|
|t:|1779892508
|-terastallize|p2a: Comfey|Steel
|move|p1a: Genesect 2|Sludge Wave|p2a: Comfey
|-immune|p2a: Comfey
|move|p2a: Comfey|Calm Mind|p2a: Comfey
|-boost|p2a: Comfey|spa|1
|-boost|p2a: Comfey|spd|1
|
|upkeep
|turn|18
|
|t:|1779892515
|move|p1a: Genesect 2|Fiery Dance|p2a: Comfey
|-supereffective|p2a: Comfey
|-damage|p2a: Comfey|0 fnt
|-boost|p1a: Genesect 2|spa|1
|faint|p2a: Comfey
|
|upkeep
|
|t:|1779892518
|switch|p2a: Ogerpon|Ogerpon-Wellspring, F|100/100
|turn|19
|
|t:|1779892522
|move|p1a: Genesect 2|Sludge Wave|p2a: Ogerpon
|-supereffective|p2a: Ogerpon
|-damage|p2a: Ogerpon|0 fnt
|faint|p2a: Ogerpon
|
|upkeep
|
|t:|1779892525
|switch|p2a: Garganacl|Garganacl, F|100/100
|turn|20
|
|t:|1779892527
|move|p1a: Genesect 2|Toxic|p2a: Garganacl
|-immune|p2a: Garganacl|[from] ability: Purifying Salt
|move|p2a: Garganacl|Salt Cure|p1a: Genesect 2
|-supereffective|p1a: Genesect 2
|-damage|p1a: Genesect 2|1/100
|-start|p1a: Genesect 2|Salt Cure
|
|-damage|p1a: Genesect 2|0 fnt|[from] Salt Cure
|faint|p1a: Genesect 2
|-end|p1a: Genesect 2|Quark Drive|[silent]
|upkeep
|
|t:|1779892534
|switch|p1a: The Scrafty|Scrafty, F|100/100 slp
|turn|21
|
|t:|1779892537
|switch|p2a: Moltres|Moltres|31/100
|cant|p1a: The Scrafty|slp
|
|-activate|p1a: The Scrafty|ability: Shed Skin
|-curestatus|p1a: The Scrafty|slp|[msg]
|upkeep
|turn|22
|
|t:|1779892542
|move|p2a: Moltres|Roost|p2a: Moltres
|-heal|p2a: Moltres|81/100
|-singleturn|p2a: Moltres|move: Roost
|move|p1a: The Scrafty|Knock Off|p2a: Moltres
|-damage|p2a: Moltres|51/100
|-enditem|p2a: Moltres|Heavy-Duty Boots|[from] move: Knock Off|[of] p1a: The Scrafty
|
|upkeep
|turn|23
|
|t:|1779892553
|-terastallize|p1a: The Scrafty|Poison
|move|p2a: Moltres|Hurricane|p1a: The Scrafty
|-damage|p1a: The Scrafty|63/100
|-enditem|p1a: The Scrafty|Maranga Berry|[eat]
|-boost|p1a: The Scrafty|spd|1|[from] item: Maranga Berry
|move|p1a: The Scrafty|Bulk Up|p1a: The Scrafty
|-boost|p1a: The Scrafty|atk|1
|-boost|p1a: The Scrafty|def|1
|
|upkeep
|turn|24
|
|t:|1779892562
|move|p2a: Moltres|Will-O-Wisp|p1a: The Scrafty|[miss]
|-miss|p2a: Moltres|p1a: The Scrafty
|move|p1a: The Scrafty|Drain Punch|p2a: Moltres
|-resisted|p2a: Moltres
|-damage|p2a: Moltres|32/100
|-heal|p1a: The Scrafty|74/100|[from] drain|[of] p2a: Moltres
|-status|p1a: The Scrafty|brn|[from] ability: Flame Body|[of] p2a: Moltres
|
|-damage|p1a: The Scrafty|68/100 brn|[from] brn
|upkeep
|turn|25
|
|t:|1779892571
|move|p2a: Moltres|Hurricane|p1a: The Scrafty|[miss]
|-miss|p2a: Moltres|p1a: The Scrafty
|move|p1a: The Scrafty|Bulk Up|p1a: The Scrafty
|-boost|p1a: The Scrafty|atk|1
|-boost|p1a: The Scrafty|def|1
|
|-damage|p1a: The Scrafty|62/100 brn|[from] brn
|upkeep
|turn|26
|
|t:|1779892579
|move|p2a: Moltres|Roost|p2a: Moltres
|-heal|p2a: Moltres|82/100
|-singleturn|p2a: Moltres|move: Roost
|move|p1a: The Scrafty|Drain Punch|p2a: Moltres
|-damage|p2a: Moltres|58/100
|-heal|p1a: The Scrafty|77/100 brn|[from] drain|[of] p2a: Moltres
|
|-damage|p1a: The Scrafty|70/100 brn|[from] brn
|upkeep
|turn|27
|
|t:|1779892588
|move|p2a: Moltres|Hurricane|p1a: The Scrafty
|-damage|p1a: The Scrafty|48/100 brn
|move|p1a: The Scrafty|Bulk Up|p1a: The Scrafty
|-boost|p1a: The Scrafty|atk|1
|-boost|p1a: The Scrafty|def|1
|
|-damage|p1a: The Scrafty|41/100 brn|[from] brn
|upkeep
|turn|28
|
|t:|1779892594
|move|p2a: Moltres|Hurricane|p1a: The Scrafty
|-damage|p1a: The Scrafty|18/100 brn
|move|p1a: The Scrafty|Drain Punch|p2a: Moltres
|-resisted|p2a: Moltres
|-damage|p2a: Moltres|43/100
|-heal|p1a: The Scrafty|27/100 brn|[from] drain|[of] p2a: Moltres
|
|-activate|p1a: The Scrafty|ability: Shed Skin
|-curestatus|p1a: The Scrafty|brn|[msg]
|upkeep
|turn|29
|
|t:|1779892601
|move|p2a: Moltres|Hurricane|p1a: The Scrafty
|-damage|p1a: The Scrafty|4/100
|move|p1a: The Scrafty|Drain Punch|p2a: Moltres
|-resisted|p2a: Moltres
|-damage|p2a: Moltres|10/100
|-heal|p1a: The Scrafty|24/100|[from] drain|[of] p2a: Moltres
|-status|p1a: The Scrafty|brn|[from] ability: Flame Body|[of] p2a: Moltres
|
|-damage|p1a: The Scrafty|18/100 brn|[from] brn
|upkeep
|turn|30
|
|t:|1779892610
|move|p2a: Moltres|Flamethrower|p1a: The Scrafty
|-damage|p1a: The Scrafty|0 fnt
|faint|p1a: The Scrafty
|
|upkeep
|
|t:|1779892613
|switch|p1a: Shiroyama|Kingambit, M|100/100
|-activate|p1a: Shiroyama|ability: Supreme Overlord
|-start|p1a: Shiroyama|fallen4|[silent]
|turn|31
|
|t:|1779892619
|move|p1a: Shiroyama|Sucker Punch||[still]
|-fail|p1a: Shiroyama
|move|p2a: Moltres|Roost|p2a: Moltres
|-heal|p2a: Moltres|60/100
|-singleturn|p2a: Moltres|move: Roost
|
|upkeep
|turn|32
|
|t:|1779892623
|-end|p1a: Shiroyama|fallen4|[silent]
|switch|p1a: Scaley|Haxorus, M, shiny|100/100
|-ability|p1a: Scaley|Unnerve
|move|p2a: Moltres|Will-O-Wisp|p1a: Scaley|[miss]
|-miss|p2a: Moltres|p1a: Scaley
|
|upkeep
|turn|33
|
|t:|1779892630
|move|p1a: Scaley|Outrage|p2a: Moltres
|-damage|p2a: Moltres|0 fnt
|faint|p2a: Moltres
|-damage|p1a: Scaley|91/100|[from] item: Life Orb
|
|upkeep
|
|t:|1779892633
|switch|p2a: Garganacl|Garganacl, F|100/100
|turn|34
|
|t:|1779892640
|move|p1a: Scaley|Outrage|p2a: Garganacl|[from] lockedmove
|-damage|p2a: Garganacl|55/100
|-damage|p1a: Scaley|74/100|[from] item: Rocky Helmet|[of] p2a: Garganacl
|-damage|p1a: Scaley|64/100|[from] item: Life Orb
|-start|p1a: Scaley|confusion|[fatigue]
|move|p2a: Garganacl|Salt Cure|p1a: Scaley
|-damage|p1a: Scaley|48/100
|-start|p1a: Scaley|Salt Cure
|
|-damage|p1a: Scaley|35/100|[from] Salt Cure
|upkeep
|turn|35
|
|t:|1779892649
|switch|p1a: Shiroyama|Kingambit, M|100/100
|-activate|p1a: Shiroyama|ability: Supreme Overlord
|-start|p1a: Shiroyama|fallen4|[silent]
|move|p2a: Garganacl|Recover|p2a: Garganacl
|-heal|p2a: Garganacl|100/100
|
|upkeep
|turn|36
|
|t:|1779892655
|move|p2a: Garganacl|Salt Cure|p1a: Shiroyama
|-resisted|p1a: Shiroyama
|-damage|p1a: Shiroyama|97/100
|-start|p1a: Shiroyama|Salt Cure
|move|p1a: Shiroyama|Low Kick|p2a: Garganacl
|-supereffective|p2a: Garganacl
|-damage|p2a: Garganacl|49/100
|-damage|p1a: Shiroyama|80/100|[from] item: Rocky Helmet|[of] p2a: Garganacl
|
|-damage|p1a: Shiroyama|55/100|[from] Salt Cure
|upkeep
|turn|37
|
|t:|1779892666
|-end|p1a: Shiroyama|fallen4|[silent]
|switch|p1a: Scaley|Haxorus, M, shiny|35/100
|-ability|p1a: Scaley|Unnerve
|move|p2a: Garganacl|Recover|p2a: Garganacl
|-heal|p2a: Garganacl|99/100
|
|upkeep
|turn|38
|
|t:|1779892672
|move|p1a: Scaley|Dragon Dance|p1a: Scaley
|-boost|p1a: Scaley|atk|1
|-boost|p1a: Scaley|spe|1
|move|p2a: Garganacl|Ice Punch|p1a: Scaley
|-supereffective|p1a: Scaley
|-damage|p1a: Scaley|0 fnt
|faint|p1a: Scaley
|
|upkeep
|
|t:|1779892678
|switch|p1a: Shiroyama|Kingambit, M|55/100
|-activate|p1a: Shiroyama|ability: Supreme Overlord
|-start|p1a: Shiroyama|fallen5|[silent]
|turn|39
|
|t:|1779892682
|move|p1a: Shiroyama|Sucker Punch|p2a: Garganacl
|-damage|p2a: Garganacl|76/100
|-damage|p1a: Shiroyama|39/100|[from] item: Rocky Helmet|[of] p2a: Garganacl
|move|p2a: Garganacl|Salt Cure|p1a: Shiroyama
|-resisted|p1a: Shiroyama
|-damage|p1a: Shiroyama|35/100
|-start|p1a: Shiroyama|Salt Cure
|
|-damage|p1a: Shiroyama|10/100|[from] Salt Cure
|upkeep
|turn|40
|-message|TeamPlasmaGrunt704 forfeited.
|
|win|Z_Domen
|raw|TeamPlasmaGrunt704's rating: 1245 &rarr; <strong>1222</strong><br />(-23 for losing)
|raw|Z_Domen's rating: 1271 &rarr; <strong>1294</strong><br />(+23 for winning)
|l|☆TeamPlasmaGrunt704
|player|p1|
|l|☆Z_Domen
|player|p2|
