|j|☆gekketed
|j|☆Test1ngI123
|t:|1779801740
|gametype|singles
|player|p1|gekketed|dragontamer|1083
|player|p2|Test1ngI123|2|1148
|gen|9
|tier|[Gen 9] OU
|rated|
|rule|HP Percentage Mod: HP is shown in percentages
|rule|Endless Battle Clause: Forcing endless battles is banned
|rule|Species Clause: Limit one of each Pokémon
|rule|OHKO Clause: OHKO moves are banned
|rule|Evasion Items Clause: Evasion items are banned
|rule|Evasion Moves Clause: Evasion moves are banned
|rule|Evasion Abilities Clause: Evasion abilities are banned
|rule|Sleep Moves Clause: Sleep-inducing moves are banned
|clearpoke
|poke|p1|Indeedee, M|
|poke|p1|Hawlucha, M|
|poke|p1|Cottonee, L1, F|
|poke|p1|Whimsicott, F|
|poke|p1|Glimmora, M|
|poke|p1|Carbink|
|poke|p2|Ogerpon-Wellspring, F|
|poke|p2|Glimmora, M|
|poke|p2|Gholdengo|
|poke|p2|Iron Valiant|
|poke|p2|Garchomp, F|
|poke|p2|Kingambit, F|
|teampreview
|inactive|Battle timer is ON: inactive players will automatically lose when time's up. (requested by gekketed)
|c|☆gekketed|Lets go my dude
|c|☆Test1ngI123|glhf
|c|☆gekketed|I am trying out new strats
|inactive|Test1ngI123 has 120 seconds left.
|c|☆Test1ngI123|dw youll still beat me prolly
|
|t:|1779801796
|teamsize|p1|6
|teamsize|p2|6
|start
|switch|p1a: Eden Hazard|Glimmora, M|100/100
|switch|p2a: Gholdengo|Gholdengo|100/100
|turn|1
|c|☆Test1ngI123|cool name
|c|☆gekketed|Thanks
|
|t:|1779801817
|move|p1a: Eden Hazard|Stealth Rock|p2a: Gholdengo
|-sidestart|p2: Test1ngI123|move: Stealth Rock
|move|p2a: Gholdengo|Make It Rain|p1a: Eden Hazard
|-supereffective|p1a: Eden Hazard
|-enditem|p1a: Eden Hazard|Focus Sash
|-damage|p1a: Eden Hazard|1/100
|-unboost|p2a: Gholdengo|spa|1
|
|upkeep
|turn|2
|
|t:|1779801825
|move|p1a: Eden Hazard|Spikes|p2a: Gholdengo
|-sidestart|p2: Test1ngI123|Spikes
|move|p2a: Gholdengo|Make It Rain|p1a: Eden Hazard
|-supereffective|p1a: Eden Hazard
|-damage|p1a: Eden Hazard|0 fnt
|-unboost|p2a: Gholdengo|spa|1
|faint|p1a: Eden Hazard
|
|upkeep
|
|t:|1779801832
|switch|p1a: Genderless Wall|Carbink|100/100
|turn|3
|c|☆gekketed|I hate this string cheese
|
|t:|1779801846
|move|p2a: Gholdengo|Make It Rain|p1a: Genderless Wall
|-supereffective|p1a: Genderless Wall
|-damage|p1a: Genderless Wall|0 fnt
|-unboost|p2a: Gholdengo|spa|1
|faint|p1a: Genderless Wall
|
|upkeep
|c|☆Test1ngI123|its op
|c|☆Test1ngI123|sry
|
|t:|1779801858
|switch|p1a: Mr Bye|Indeedee, M|100/100
|-fieldstart|move: Psychic Terrain|[from] ability: Psychic Surge|[of] p1a: Mr Bye
|turn|4
|
|t:|1779801874
|switch|p2a: Glimmora|Glimmora, M|100/100
|-damage|p2a: Glimmora|88/100|[from] Stealth Rock
|-damage|p2a: Glimmora|76/100|[from] Spikes
|move|p1a: Mr Bye|Healing Wish|p1a: Mr Bye
|faint|p1a: Mr Bye
|
|upkeep
|c|☆gekketed|Its all still going to plan
|
|t:|1779801881
|switch|p1a: Mr GOAT|Hawlucha, M|100/100
|-enditem|p1a: Mr GOAT|Psychic Seed
|-boost|p1a: Mr GOAT|spd|1|[from] item: Psychic Seed
|turn|5
|
|t:|1779801897
|-terastallize|p1a: Mr GOAT|Ground
|move|p1a: Mr GOAT|Swords Dance|p1a: Mr GOAT
|-boost|p1a: Mr GOAT|atk|2
|move|p2a: Glimmora|Mortal Spin|p1a: Mr GOAT
|-resisted|p1a: Mr GOAT
|-damage|p1a: Mr GOAT|96/100
|-status|p1a: Mr GOAT|psn
|-sideend|p2: Test1ngI123|Spikes|[from] move: Mortal Spin|[of] p2a: Glimmora
|-sideend|p2: Test1ngI123|Stealth Rock|[from] move: Mortal Spin|[of] p2a: Glimmora
|
|-damage|p1a: Mr GOAT|84/100 psn|[from] psn
|upkeep
|turn|6
|c|☆gekketed|Just no poison please :P
|c|☆gekketed|Damnin
|c|☆gekketed|Damnn
|
|t:|1779801910
|move|p1a: Mr GOAT|Drain Punch|p2a: Glimmora
|-damage|p2a: Glimmora|0 fnt
|-heal|p1a: Mr GOAT|100/100 psn|[from] drain|[of] p2a: Glimmora
|-activate|p2a: Glimmora|ability: Toxic Debris
|-sidestart|p1: gekketed|move: Toxic Spikes
|faint|p2a: Glimmora
|
|-damage|p1a: Mr GOAT|88/100 psn|[from] psn
|upkeep
|inactive|Test1ngI123 has 120 seconds left.
|c|☆gekketed|This bird is goated man
|
|t:|1779801946
|switch|p2a: Iron Valiant|Iron Valiant|100/100
|-enditem|p2a: Iron Valiant|Booster Energy
|-activate|p2a: Iron Valiant|ability: Quark Drive|[fromitem]
|-start|p2a: Iron Valiant|quarkdrivespe
|turn|7
|inactive|Test1ngI123 has 90 seconds left.
|
|t:|1779801971
|-terastallize|p2a: Iron Valiant|Steel
|move|p1a: Mr GOAT|Acrobatics|p2a: Iron Valiant
|-resisted|p2a: Iron Valiant
|-damage|p2a: Iron Valiant|40/100
|move|p2a: Iron Valiant|Moonblast|p1a: Mr GOAT
|-damage|p1a: Mr GOAT|40/100 psn
|
|-damage|p1a: Mr GOAT|28/100 psn|[from] psn
|upkeep
|turn|8
|inactive|Test1ngI123 has 90 seconds left.
|
|t:|1779801984
|-end|p2a: Iron Valiant|Quark Drive|[silent]
|switch|p2a: Gholdengo|Gholdengo|100/100
|move|p1a: Mr GOAT|Drain Punch|p2a: Gholdengo
|-immune|p2a: Gholdengo
|
|-damage|p1a: Mr GOAT|15/100 psn|[from] psn
|upkeep
|turn|9
|c|☆gekketed|wp
|inactive|Test1ngI123 has 90 seconds left.
|
|t:|1779801994
|move|p1a: Mr GOAT|Throat Chop|p2a: Gholdengo
|-supereffective|p2a: Gholdengo
|-damage|p2a: Gholdengo|0 fnt
|faint|p2a: Gholdengo
|
|-damage|p1a: Mr GOAT|3/100 psn|[from] psn
|upkeep
|inactive|Test1ngI123 has 90 seconds left.
|
|t:|1779802021
|switch|p2a: Garchomp|Garchomp, F|100/100
|turn|10
|
|t:|1779802028
|move|p1a: Mr GOAT|Drain Punch|p2a: Garchomp
|-damage|p2a: Garchomp|29/100
|-heal|p1a: Mr GOAT|46/100 psn|[from] drain|[of] p2a: Garchomp
|-damage|p1a: Mr GOAT|33/100 psn|[from] ability: Rough Skin|[of] p2a: Garchomp
|move|p2a: Garchomp|Earthquake|p1a: Mr GOAT
|-damage|p1a: Mr GOAT|0 fnt
|faint|p1a: Mr GOAT
|
|upkeep
|
|t:|1779802044
|switch|p1a: Miss Fodder|Cottonee, L1, F|100/100
|-status|p1a: Miss Fodder|psn
|turn|11
|c|☆Test1ngI123|whys the bird tera ground tho
|
|t:|1779802060
|move|p2a: Garchomp|Fire Fang|p1a: Miss Fodder
|-supereffective|p1a: Miss Fodder
|-enditem|p1a: Miss Fodder|Focus Sash
|-damage|p1a: Miss Fodder|9/100 psn
|move|p1a: Miss Fodder|Endeavor|p2a: Garchomp
|-damage|p2a: Garchomp|1/100
|-damage|p1a: Miss Fodder|0 fnt|[from] ability: Rough Skin|[of] p2a: Garchomp
|faint|p1a: Miss Fodder
|
|-fieldend|move: Psychic Terrain
|upkeep
|c|☆gekketed|So you cant have any prio moves
|
|t:|1779802072
|switch|p1a: Miss Unbeatable|Whimsicott, F|100/100
|-status|p1a: Miss Unbeatable|psn
|turn|12
|c|☆gekketed|Without psn he would have swiped your team xD
|c|☆Test1ngI123|ye ik
|c|☆gekketed|gtg, gg legend
|inactive|Test1ngI123 has 60 seconds left.
|c|☆gekketed|You are a top dog
|
|t:|1779802111
|move|p1a: Miss Unbeatable|Leech Seed|p2a: Garchomp
|-start|p2a: Garchomp|move: Leech Seed
|move|p2a: Garchomp|Fire Fang|p1a: Miss Unbeatable
|-supereffective|p1a: Miss Unbeatable
|-damage|p1a: Miss Unbeatable|58/100 psn
|
|-heal|p1a: Miss Unbeatable|65/100 psn|[from] item: Leftovers
|-damage|p2a: Garchomp|0 fnt|[from] Leech Seed|[of] p1a: Miss Unbeatable
|-heal|p1a: Miss Unbeatable|65/100 psn|[silent]
|faint|p2a: Garchomp
|-damage|p1a: Miss Unbeatable|53/100 psn|[from] psn
|upkeep
|c|☆gekketed|woof woof
|c|☆Test1ngI123|gg
|-message|gekketed forfeited.
|
|win|Test1ngI123
|raw|gekketed's rating: 1083 &rarr; <strong>1065</strong><br />(-18 for losing)
|raw|Test1ngI123's rating: 1148 &rarr; <strong>1168</strong><br />(+20 for winning)
|l|☆gekketed
|player|p1|
|l|☆Test1ngI123
|player|p2|
