|j|☆dddzdddq2
|j|☆diddlediddle
|t:|1779958690
|gametype|singles
|player|p1|dddzdddq2|1|1394
|player|p2|diddlediddle|swimmerf|1346
|gen|9
|tier|[Gen 9] OU
|rated|
|rule|HP Percentage Mod: HP is shown in percentages
|rule|Endless Battle Clause: Forcing endless battles is banned
|rule|Species Clause: Limit one of each Pokémon
|rule|OHKO Clause: OHKO moves are banned
|rule|Evasion Items Clause: Evasion items are banned
|rule|Evasion Moves Clause: Evasion moves are banned
|rule|Evasion Abilities Clause: Evasion abilities are banned
|rule|Sleep Moves Clause: Sleep-inducing moves are banned
|clearpoke
|poke|p1|Hatterene, F|
|poke|p1|Farigiraf, M|
|poke|p1|Mimikyu, F|
|poke|p1|Slither Wing|
|poke|p1|Ursaluna, F|
|poke|p1|Torkoal, M|
|poke|p2|Cacturne, F|
|poke|p2|Sandy Shocks|
|poke|p2|Jirachi|
|poke|p2|Zoroark-Hisui, M|
|poke|p2|Heatran, M|
|poke|p2|Maushold-Four|
|teampreview
|inactive|Battle timer is ON: inactive players will automatically lose when time's up. (requested by diddlediddle)
|inactive|diddlediddle has 120 seconds left.
|l|☆dddzdddq2
|inactive|dddzdddq2 disconnected and has a minute to reconnect!
|player|p1|
|
|t:|1779958737
|teamsize|p1|6
|teamsize|p2|6
|start
|switch|p1a: Hatterene|Hatterene, F|100/100
|switch|p2a: Sandy Shocks|Sandy Shocks|100/100
|-enditem|p2a: Sandy Shocks|Booster Energy
|-activate|p2a: Sandy Shocks|ability: Protosynthesis|[fromitem]
|-start|p2a: Sandy Shocks|protosynthesisspe
|turn|1
|inactive|dddzdddq2 has 30 seconds to reconnect!
|inactive|dddzdddq2 has 20 seconds to reconnect!
|inactive|dddzdddq2 has 15 seconds to reconnect!
|j|☆dddzdddq2
|inactive|dddzdddq2 reconnected and has 105 seconds left.
|player|p1|dddzdddq2|1|
|
|t:|1779958790
|move|p2a: Sandy Shocks|Flash Cannon|p1a: Hatterene
|-supereffective|p1a: Hatterene
|-damage|p1a: Hatterene|44/100
|-unboost|p1a: Hatterene|spd|1
|move|p1a: Hatterene|Trick Room|p1a: Hatterene
|-fieldstart|move: Trick Room|[of] p1a: Hatterene
|
|upkeep
|turn|2
|
|t:|1779958816
|move|p1a: Hatterene|Healing Wish|p1a: Hatterene
|faint|p1a: Hatterene
|move|p2a: Sandy Shocks|Earth Power|p1: Hatterene|[notarget]
|-fail|p2a: Sandy Shocks
|
|upkeep
|
|t:|1779958819
|switch|p1a: Ursaluna|Ursaluna, F|100/100
|turn|3
|
|t:|1779958835
|-terastallize|p2a: Sandy Shocks|Flying
|move|p1a: Ursaluna|Earthquake|p2a: Sandy Shocks
|-immune|p2a: Sandy Shocks
|move|p2a: Sandy Shocks|Earth Power|p1a: Ursaluna
|-damage|p1a: Ursaluna|63/100
|
|-status|p1a: Ursaluna|brn|[from] item: Flame Orb
|upkeep
|turn|4
|
|t:|1779958847
|-end|p2a: Sandy Shocks|Protosynthesis|[silent]
|switch|p2a: Heatran|Heatran, M|100/100
|move|p1a: Ursaluna|Crunch|p2a: Heatran
|-supereffective|p2a: Heatran
|-damage|p2a: Heatran|0 fnt
|replace|p2a: Zoroark|Zoroark-Hisui, M
|-end|p2a: Zoroark|Illusion
|faint|p2a: Zoroark
|
|-damage|p1a: Ursaluna|56/100 brn|[from] brn
|upkeep
|inactive|diddlediddle has 120 seconds left.
|
|t:|1779958861
|switch|p2a: Sandy Shocks|Sandy Shocks, tera:Flying|100/100
|turn|5
|
|t:|1779958864
|move|p1a: Ursaluna|Facade|p2a: Sandy Shocks
|-damage|p2a: Sandy Shocks|0 fnt
|faint|p2a: Sandy Shocks
|-end|p2a: Sandy Shocks|Protosynthesis|[silent]
|
|-damage|p1a: Ursaluna|50/100 brn|[from] brn
|-fieldend|move: Trick Room
|upkeep
|
|t:|1779958872
|switch|p2a: Maushold|Maushold-Four|100/100
|turn|6
|
|t:|1779958876
|move|p2a: Maushold|Population Bomb|p1a: Ursaluna
|-damage|p1a: Ursaluna|42/100 brn
|-damage|p1a: Ursaluna|35/100 brn
|-damage|p1a: Ursaluna|26/100 brn
|-damage|p1a: Ursaluna|18/100 brn
|-damage|p1a: Ursaluna|9/100 brn
|-damage|p1a: Ursaluna|1/100 brn
|-damage|p1a: Ursaluna|0 fnt
|faint|p1a: Ursaluna
|-hitcount|p1: Ursaluna|7
|
|upkeep
|
|t:|1779958880
|switch|p1a: Mimikyu|Mimikyu, F|100/100
|turn|7
|
|t:|1779958886
|move|p2a: Maushold|Tidy Up|p2a: Maushold
|-boost|p2a: Maushold|atk|1
|-boost|p2a: Maushold|spe|1
|move|p1a: Mimikyu|Trick Room|p1a: Mimikyu
|-fieldstart|move: Trick Room|[of] p1a: Mimikyu
|
|upkeep
|turn|8
|
|t:|1779958890
|move|p1a: Mimikyu|Play Rough|p2a: Maushold
|-damage|p2a: Maushold|12/100
|-damage|p1a: Mimikyu|91/100|[from] item: Life Orb
|move|p2a: Maushold|Encore|p1a: Mimikyu
|-start|p1a: Mimikyu|Encore
|
|upkeep
|turn|9
|
|t:|1779958897
|switch|p2a: Heatran|Heatran, M|100/100
|move|p1a: Mimikyu|Play Rough|p2a: Heatran
|-resisted|p2a: Heatran
|-damage|p2a: Heatran|87/100
|-unboost|p2a: Heatran|atk|1
|-damage|p1a: Mimikyu|81/100|[from] item: Life Orb
|
|upkeep
|turn|10
|
|t:|1779958907
|switch|p1a: Torkoal|Torkoal, M|100/100
|-weather|SunnyDay|[from] ability: Drought|[of] p1a: Torkoal
|move|p2a: Heatran|Will-O-Wisp|p1a: Torkoal
|-immune|p1a: Torkoal
|
|-weather|SunnyDay|[upkeep]
|upkeep
|turn|11
|
|t:|1779958913
|switch|p2a: Maushold|Maushold-Four|12/100
|move|p1a: Torkoal|Earth Power|p2a: Maushold
|-damage|p2a: Maushold|0 fnt
|faint|p2a: Maushold
|
|-weather|SunnyDay|[upkeep]
|-fieldend|move: Trick Room
|upkeep
|
|t:|1779958920
|switch|p2a: Heatran|Heatran, M|87/100
|turn|12
|
|t:|1779958924
|move|p2a: Heatran|Earth Power|p1a: Torkoal
|-supereffective|p1a: Torkoal
|-damage|p1a: Torkoal|19/100
|move|p1a: Torkoal|Earth Power|p2a: Heatran
|-supereffective|p2a: Heatran
|-damage|p2a: Heatran|0 fnt
|faint|p2a: Heatran
|
|-weather|SunnyDay|[upkeep]
|upkeep
|
|t:|1779958929
|switch|p2a: Live by the flinch|Jirachi|100/100
|turn|13
|
|t:|1779958935
|move|p2a: Live by the flinch|Body Slam|p1a: Torkoal
|-damage|p1a: Torkoal|0 fnt
|faint|p1a: Torkoal
|
|-weather|SunnyDay|[upkeep]
|upkeep
|
|t:|1779958937
|switch|p1a: Farigiraf|Farigiraf, M|100/100
|turn|14
|
|t:|1779958940
|move|p2a: Live by the flinch|Body Slam|p1a: Farigiraf
|-damage|p1a: Farigiraf|77/100
|-status|p1a: Farigiraf|par
|move|p1a: Farigiraf|Trick Room|p1a: Farigiraf
|-fieldstart|move: Trick Room|[of] p1a: Farigiraf
|
|-weather|none
|upkeep
|turn|15
|
|t:|1779958953
|switch|p2a: Cacturne|Cacturne, F|100/100
|move|p1a: Farigiraf|Shadow Ball|p2a: Cacturne
|-resisted|p2a: Cacturne
|-damage|p2a: Cacturne|76/100
|-unboost|p2a: Cacturne|spd|1
|
|upkeep
|turn|16
|
|t:|1779958962
|switch|p1a: Slither Wing|Slither Wing|100/100
|move|p2a: Cacturne|Swords Dance|p2a: Cacturne
|-boost|p2a: Cacturne|atk|2
|
|upkeep
|turn|17
|
|t:|1779958967
|move|p2a: Cacturne|Sucker Punch|p1a: Slither Wing
|-resisted|p1a: Slither Wing
|-damage|p1a: Slither Wing|64/100
|move|p1a: Slither Wing|Flare Blitz|p2a: Cacturne
|-supereffective|p2a: Cacturne
|-damage|p2a: Cacturne|0 fnt
|faint|p2a: Cacturne
|-damage|p1a: Slither Wing|43/100|[from] Recoil
|
|upkeep
|
|t:|1779958970
|switch|p2a: Live by the flinch|Jirachi|100/100
|turn|18
|
|t:|1779958978
|move|p1a: Slither Wing|Flare Blitz|p2a: Live by the flinch
|-supereffective|p2a: Live by the flinch
|-damage|p2a: Live by the flinch|0 fnt
|faint|p2a: Live by the flinch
|-damage|p1a: Slither Wing|10/100|[from] Recoil
|
|win|dddzdddq2
|raw|dddzdddq2's rating: 1394 &rarr; <strong>1411</strong><br />(+17 for winning)
|raw|diddlediddle's rating: 1346 &rarr; <strong>1329</strong><br />(-17 for losing)
|l|☆diddlediddle
|player|p2|
|l|☆dddzdddq2
|player|p1|
