|j|☆noobhunterbd
|j|☆claudechamp
|t:|1779858192
|gametype|singles
|player|p1|noobhunterbd|170|1324
|player|p2|claudechamp|169|1356
|gen|9
|tier|[Gen 9] OU
|rated|
|rule|HP Percentage Mod: HP is shown in percentages
|rule|Endless Battle Clause: Forcing endless battles is banned
|rule|Species Clause: Limit one of each Pokémon
|rule|OHKO Clause: OHKO moves are banned
|rule|Evasion Items Clause: Evasion items are banned
|rule|Evasion Moves Clause: Evasion moves are banned
|rule|Evasion Abilities Clause: Evasion abilities are banned
|rule|Sleep Moves Clause: Sleep-inducing moves are banned
|clearpoke
|poke|p1|Kingambit, F|
|poke|p1|Kommo-o, F|
|poke|p1|Iron Valiant|
|poke|p1|Kyurem|
|poke|p1|Iron Treads|
|poke|p1|Iron Crown|
|poke|p2|Corviknight, M|
|poke|p2|Ting-Lu|
|poke|p2|Kyurem|
|poke|p2|Dondozo, M|
|poke|p2|Slowking-Galar, F|
|poke|p2|Cinderace, F|
|teampreview
|inactive|Battle timer is ON: inactive players will automatically lose when time's up. (requested by noobhunterbd)
|c|☆claudechamp|hf
|
|t:|1779858208
|teamsize|p1|6
|teamsize|p2|6
|start
|switch|p1a: Iron Treads|Iron Treads|100/100
|switch|p2a: Cinderace|Cinderace, F|100/100
|-enditem|p1a: Iron Treads|Booster Energy
|-activate|p1a: Iron Treads|ability: Quark Drive|[fromitem]
|-start|p1a: Iron Treads|quarkdrivespe
|turn|1
|inactive|claudechamp also wants the timer to be on.
|
|t:|1779858224
|switch|p2a: Kyurem|Kyurem|100/100
|-ability|p2a: Kyurem|Pressure
|move|p1a: Iron Treads|Earthquake|p2a: Kyurem
|-damage|p2a: Kyurem|68/100
|
|-heal|p2a: Kyurem|75/100|[from] item: Leftovers
|upkeep
|turn|2
|
|t:|1779858234
|move|p1a: Iron Treads|Stealth Rock|p2a: Kyurem
|-sidestart|p2: claudechamp|move: Stealth Rock
|move|p2a: Kyurem|Earth Power|p1a: Iron Treads
|-supereffective|p1a: Iron Treads
|-damage|p1a: Iron Treads|33/100
|-unboost|p1a: Iron Treads|spd|1
|
|-heal|p2a: Kyurem|81/100|[from] item: Leftovers
|upkeep
|turn|3
|
|t:|1779858242
|move|p1a: Iron Treads|Endeavor|p2a: Kyurem
|-damage|p2a: Kyurem|31/100
|move|p2a: Kyurem|Earth Power|p1a: Iron Treads
|-supereffective|p1a: Iron Treads
|-damage|p1a: Iron Treads|0 fnt
|faint|p1a: Iron Treads
|-end|p1a: Iron Treads|Quark Drive|[silent]
|
|-heal|p2a: Kyurem|38/100|[from] item: Leftovers
|upkeep
|
|t:|1779858252
|switch|p1a: Iron Crown|Iron Crown|100/100
|-enditem|p1a: Iron Crown|Booster Energy
|-activate|p1a: Iron Crown|ability: Quark Drive|[fromitem]
|-start|p1a: Iron Crown|quarkdrivespe
|turn|4
|
|t:|1779858256
|switch|p2a: Ting-Lu|Ting-Lu|100/100
|-damage|p2a: Ting-Lu|94/100|[from] Stealth Rock
|-ability|p2a: Ting-Lu|Vessel of Ruin
|move|p1a: Iron Crown|Tachyon Cutter|p2a: Ting-Lu
|-damage|p2a: Ting-Lu|85/100
|-crit|p2a: Ting-Lu
|-damage|p2a: Ting-Lu|71/100
|-hitcount|p2a: Ting-Lu|2
|
|-heal|p2a: Ting-Lu|77/100|[from] item: Leftovers
|upkeep
|turn|5
|
|t:|1779858266
|move|p1a: Iron Crown|Focus Blast|p2a: Ting-Lu|[miss]
|-miss|p1a: Iron Crown|p2a: Ting-Lu
|move|p2a: Ting-Lu|Earthquake|p1a: Iron Crown
|-supereffective|p1a: Iron Crown
|-damage|p1a: Iron Crown|27/100
|
|-heal|p2a: Ting-Lu|83/100|[from] item: Leftovers
|upkeep
|turn|6
|
|t:|1779858272
|move|p1a: Iron Crown|Focus Blast|p2a: Ting-Lu|[miss]
|-miss|p1a: Iron Crown|p2a: Ting-Lu
|move|p2a: Ting-Lu|Earthquake|p1a: Iron Crown
|-supereffective|p1a: Iron Crown
|-damage|p1a: Iron Crown|0 fnt
|faint|p1a: Iron Crown
|-end|p1a: Iron Crown|Quark Drive|[silent]
|
|-heal|p2a: Ting-Lu|89/100|[from] item: Leftovers
|upkeep
|
|t:|1779858276
|switch|p1a: Kommo-o|Kommo-o, F|100/100
|turn|7
|
|t:|1779858281
|switch|p2a: Cinderace|Cinderace, F|100/100
|move|p1a: Kommo-o|Drain Punch|p2a: Cinderace
|-damage|p2a: Cinderace|65/100
|
|upkeep
|turn|8
|
|t:|1779858291
|move|p2a: Cinderace|Court Change|p2a: Cinderace
|-swapsideconditions
|-activate|p2a: Cinderace|move: Court Change
|move|p1a: Kommo-o|Clangorous Soul|p1a: Kommo-o
|-boost|p1a: Kommo-o|atk|1
|-boost|p1a: Kommo-o|def|1
|-boost|p1a: Kommo-o|spa|1
|-boost|p1a: Kommo-o|spd|1
|-boost|p1a: Kommo-o|spe|1
|-damage|p1a: Kommo-o|68/100
|
|-heal|p1a: Kommo-o|74/100|[from] item: Leftovers
|upkeep
|turn|9
|
|t:|1779858297
|switch|p2a: Slowking|Slowking-Galar, F|100/100
|move|p1a: Kommo-o|Drain Punch|p2a: Slowking
|-resisted|p2a: Slowking
|-damage|p2a: Slowking|92/100
|-heal|p1a: Kommo-o|78/100|[from] drain|[of] p2a: Slowking
|
|-heal|p1a: Kommo-o|85/100|[from] item: Leftovers
|upkeep
|turn|10
|
|t:|1779858304
|move|p1a: Kommo-o|Substitute|p1a: Kommo-o
|-start|p1a: Kommo-o|Substitute
|-damage|p1a: Kommo-o|60/100
|move|p2a: Slowking|Future Sight|p1a: Kommo-o
|-start|p2a: Slowking|move: Future Sight
|
|-heal|p1a: Kommo-o|66/100|[from] item: Leftovers
|upkeep
|turn|11
|
|t:|1779858309
|-terastallize|p1a: Kommo-o|Ghost
|move|p1a: Kommo-o|Shadow Claw|p2a: Slowking
|-supereffective|p2a: Slowking
|-damage|p2a: Slowking|38/100
|move|p2a: Slowking|Ice Beam|p1a: Kommo-o
|-activate|p1a: Kommo-o|move: Substitute|[damage]
|
|-heal|p1a: Kommo-o|72/100|[from] item: Leftovers
|upkeep
|turn|12
|
|t:|1779858317
|move|p1a: Kommo-o|Shadow Claw|p2a: Slowking
|-supereffective|p2a: Slowking
|-damage|p2a: Slowking|0 fnt
|faint|p2a: Slowking
|
|-end|p1a: Kommo-o|move: Future Sight
|-end|p1a: Kommo-o|Substitute
|-heal|p1a: Kommo-o|78/100|[from] item: Leftovers
|upkeep
|
|t:|1779858320
|switch|p2a: Ting-Lu|Ting-Lu|89/100
|-ability|p2a: Ting-Lu|Vessel of Ruin
|turn|13
|
|t:|1779858326
|-terastallize|p2a: Ting-Lu|Water
|move|p1a: Kommo-o|Drain Punch|p2a: Ting-Lu
|-damage|p2a: Ting-Lu|66/100
|-heal|p1a: Kommo-o|96/100|[from] drain|[of] p2a: Ting-Lu
|move|p2a: Ting-Lu|Payback|p1a: Kommo-o
|-supereffective|p1a: Kommo-o
|-damage|p1a: Kommo-o|53/100
|
|-heal|p1a: Kommo-o|59/100|[from] item: Leftovers
|-heal|p2a: Ting-Lu|72/100|[from] item: Leftovers
|upkeep
|turn|14
|
|t:|1779858336
|move|p1a: Kommo-o|Drain Punch|p2a: Ting-Lu
|-damage|p2a: Ting-Lu|49/100
|-heal|p1a: Kommo-o|76/100|[from] drain|[of] p2a: Ting-Lu
|move|p2a: Ting-Lu|Payback|p1a: Kommo-o
|-supereffective|p1a: Kommo-o
|-damage|p1a: Kommo-o|34/100
|
|-heal|p1a: Kommo-o|40/100|[from] item: Leftovers
|-heal|p2a: Ting-Lu|55/100|[from] item: Leftovers
|upkeep
|turn|15
|
|t:|1779858342
|move|p1a: Kommo-o|Drain Punch|p2a: Ting-Lu
|-damage|p2a: Ting-Lu|30/100
|-heal|p1a: Kommo-o|58/100|[from] drain|[of] p2a: Ting-Lu
|move|p2a: Ting-Lu|Payback|p1a: Kommo-o
|-supereffective|p1a: Kommo-o
|-damage|p1a: Kommo-o|17/100
|
|-heal|p1a: Kommo-o|23/100|[from] item: Leftovers
|-heal|p2a: Ting-Lu|36/100|[from] item: Leftovers
|upkeep
|turn|16
|
|t:|1779858350
|move|p1a: Kommo-o|Shadow Claw|p2a: Ting-Lu
|-damage|p2a: Ting-Lu|13/100
|move|p2a: Ting-Lu|Payback|p1a: Kommo-o
|-supereffective|p1a: Kommo-o
|-damage|p1a: Kommo-o|0 fnt
|faint|p1a: Kommo-o
|
|-heal|p2a: Ting-Lu|19/100|[from] item: Leftovers
|upkeep
|
|t:|1779858360
|switch|p1a: Iron Valiant|Iron Valiant|100/100
|-damage|p1a: Iron Valiant|94/100|[from] Stealth Rock
|-enditem|p1a: Iron Valiant|Booster Energy
|-activate|p1a: Iron Valiant|ability: Quark Drive|[fromitem]
|-start|p1a: Iron Valiant|quarkdrivespe
|turn|17
|
|t:|1779858366
|switch|p2a: Corviknight|Corviknight, M|100/100
|-ability|p2a: Corviknight|Pressure
|move|p1a: Iron Valiant|Moonblast|p2a: Corviknight
|-resisted|p2a: Corviknight
|-damage|p2a: Corviknight|78/100
|
|upkeep
|turn|18
|
|t:|1779858375
|move|p1a: Iron Valiant|Focus Blast|p2a: Corviknight
|-damage|p2a: Corviknight|22/100
|move|p2a: Corviknight|Brave Bird|p1a: Iron Valiant
|-supereffective|p1a: Iron Valiant
|-damage|p1a: Iron Valiant|1/100
|-damage|p2a: Corviknight|0 fnt|[from] Recoil
|faint|p2a: Corviknight
|
|upkeep
|
|t:|1779858383
|switch|p2a: Dondozo|Dondozo, M|100/100
|turn|19
|
|t:|1779858388
|move|p1a: Iron Valiant|Moonblast|p2a: Dondozo
|-damage|p2a: Dondozo|70/100
|-unboost|p2a: Dondozo|spa|1
|move|p2a: Dondozo|Body Press|p1a: Iron Valiant
|-resisted|p1a: Iron Valiant
|-damage|p1a: Iron Valiant|0 fnt
|faint|p1a: Iron Valiant
|-end|p1a: Iron Valiant|Quark Drive|[silent]
|
|-heal|p2a: Dondozo|76/100|[from] item: Leftovers
|upkeep
|
|t:|1779858398
|switch|p1a: Kyurem|Kyurem|100/100
|-damage|p1a: Kyurem|76/100|[from] Stealth Rock
|-ability|p1a: Kyurem|Pressure
|turn|20
|
|t:|1779858405
|move|p1a: Kyurem|Earth Power|p2a: Dondozo
|-damage|p2a: Dondozo|58/100
|move|p2a: Dondozo|Body Press|p1a: Kyurem
|-supereffective|p1a: Kyurem
|-damage|p1a: Kyurem|33/100
|
|-heal|p2a: Dondozo|64/100|[from] item: Leftovers
|upkeep
|turn|21
|
|t:|1779858413
|move|p1a: Kyurem|Scale Shot|p2a: Dondozo
|-damage|p2a: Dondozo|56/100
|-damage|p2a: Dondozo|47/100
|-damage|p2a: Dondozo|39/100
|-damage|p2a: Dondozo|31/100
|-damage|p2a: Dondozo|23/100
|-hitcount|p2a: Dondozo|5
|-unboost|p1a: Kyurem|def|1
|-boost|p1a: Kyurem|spe|1
|move|p2a: Dondozo|Body Press|p1a: Kyurem
|-supereffective|p1a: Kyurem
|-damage|p1a: Kyurem|0 fnt
|faint|p1a: Kyurem
|
|-heal|p2a: Dondozo|29/100|[from] item: Leftovers
|upkeep
|
|t:|1779858424
|switch|p1a: Kingambit|Kingambit, F|100/100
|-damage|p1a: Kingambit|94/100|[from] Stealth Rock
|-activate|p1a: Kingambit|ability: Supreme Overlord
|-start|p1a: Kingambit|fallen5|[silent]
|turn|22
|
|t:|1779858432
|move|p1a: Kingambit|Low Kick|p2a: Dondozo
|-damage|p2a: Dondozo|0 fnt
|faint|p2a: Dondozo
|
|-heal|p1a: Kingambit|100/100|[from] item: Leftovers
|upkeep
|
|t:|1779858439
|switch|p2a: Cinderace|Cinderace, F|65/100
|turn|23
|
|t:|1779858443
|move|p1a: Kingambit|Sucker Punch|p2a: Cinderace
|-damage|p2a: Cinderace|0 fnt
|faint|p2a: Cinderace
|
|upkeep
|
|t:|1779858448
|switch|p2a: Kyurem|Kyurem|38/100
|-ability|p2a: Kyurem|Pressure
|turn|24
|
|t:|1779858452
|move|p1a: Kingambit|Sucker Punch|p2a: Kyurem
|-damage|p2a: Kyurem|0 fnt
|faint|p2a: Kyurem
|
|upkeep
|
|t:|1779858458
|switch|p2a: Ting-Lu|Ting-Lu, tera:Water|19/100
|-ability|p2a: Ting-Lu|Vessel of Ruin
|turn|25
|
|t:|1779858467
|move|p1a: Kingambit|Sucker Punch||[still]
|-fail|p1a: Kingambit
|move|p2a: Ting-Lu|Rest|p2a: Ting-Lu
|-status|p2a: Ting-Lu|slp|[from] move: Rest
|-heal|p2a: Ting-Lu|100/100 slp|[silent]
|
|upkeep
|turn|26
|
|t:|1779858472
|move|p1a: Kingambit|Low Kick|p2a: Ting-Lu
|-damage|p2a: Ting-Lu|65/100 slp
|cant|p2a: Ting-Lu|slp
|move|p2a: Ting-Lu|Sleep Talk|p2a: Ting-Lu
|move|p2a: Ting-Lu|Rest||[from] move: Sleep Talk|[still]
|-fail|p2a: Ting-Lu
|
|-heal|p2a: Ting-Lu|71/100 slp|[from] item: Leftovers
|upkeep
|turn|27
|
|t:|1779858482
|move|p1a: Kingambit|Low Kick|p2a: Ting-Lu
|-damage|p2a: Ting-Lu|33/100 slp
|cant|p2a: Ting-Lu|slp
|move|p2a: Ting-Lu|Sleep Talk|p2a: Ting-Lu
|move|p2a: Ting-Lu|Rest||[from] move: Sleep Talk|[still]
|-fail|p2a: Ting-Lu
|
|-heal|p2a: Ting-Lu|40/100 slp|[from] item: Leftovers
|upkeep
|turn|28
|
|t:|1779858490
|move|p1a: Kingambit|Low Kick|p2a: Ting-Lu
|-damage|p2a: Ting-Lu|0 fnt
|faint|p2a: Ting-Lu
|
|win|noobhunterbd
|raw|noobhunterbd's rating: 1324 &rarr; <strong>1343</strong><br />(+19 for winning)
|raw|claudechamp's rating: 1313 &rarr; <strong>1294</strong><br />(-19 for losing)
|c|☆claudechamp|gg
|c|☆noobhunterbd|জ্ঞ
|l|☆claudechamp
|player|p2|
|l|☆noobhunterbd
|player|p1|
