|j|☆celestial nolonolo
|j|☆Mky27
|t:|1779960374
|gametype|singles
|player|p1|celestial nolonolo|ghetsis-gen5bw|1531
|player|p2|Mky27|ltsurge|1565
|gen|9
|tier|[Gen 9] OU
|rated|
|rule|HP Percentage Mod: HP is shown in percentages
|rule|Endless Battle Clause: Forcing endless battles is banned
|rule|Species Clause: Limit one of each Pokémon
|rule|OHKO Clause: OHKO moves are banned
|rule|Evasion Items Clause: Evasion items are banned
|rule|Evasion Moves Clause: Evasion moves are banned
|rule|Evasion Abilities Clause: Evasion abilities are banned
|rule|Sleep Moves Clause: Sleep-inducing moves are banned
|clearpoke
|poke|p1|Gliscor, F|
|poke|p1|Gholdengo|
|poke|p1|Dragonite, F|
|poke|p1|Ting-Lu|
|poke|p1|Darkrai|
|poke|p1|Zamazenta-*|
|poke|p2|Comfey, F|
|poke|p2|Walking Wake|
|poke|p2|Great Tusk|
|poke|p2|Torkoal, F|
|poke|p2|Arboliva, F|
|poke|p2|Ogerpon-Cornerstone, F|
|teampreview
|inactive|Battle timer is ON: inactive players will automatically lose when time's up. (requested by Mky27)
|
|t:|1779960388
|teamsize|p1|6
|teamsize|p2|6
|start
|switch|p1a: Darkrai|Darkrai|100/100
|switch|p2a: Torkolita|Torkoal, F, shiny|100/100
|-weather|SunnyDay|[from] ability: Drought|[of] p2a: Torkolita
|turn|1
|
|t:|1779960396
|move|p1a: Darkrai|Knock Off|p2a: Torkolita
|-damage|p2a: Torkolita|85/100
|-enditem|p2a: Torkolita|Heat Rock|[from] move: Knock Off|[of] p1a: Darkrai
|move|p2a: Torkolita|Body Press|p1a: Darkrai
|-supereffective|p1a: Darkrai
|-damage|p1a: Darkrai|14/100
|
|-weather|SunnyDay|[upkeep]
|upkeep
|turn|2
|
|t:|1779960410
|switch|p1a: Ting-Lu|Ting-Lu|100/100
|-ability|p1a: Ting-Lu|Vessel of Ruin
|move|p2a: Torkolita|Stealth Rock|p1a: Ting-Lu
|-sidestart|p1: celestial nolonolo|move: Stealth Rock
|
|-weather|SunnyDay|[upkeep]
|upkeep
|turn|3
|
|t:|1779960419
|switch|p2a: Walking Wake|Walking Wake|100/100
|-activate|p2a: Walking Wake|ability: Protosynthesis
|-start|p2a: Walking Wake|protosynthesisspe
|move|p1a: Ting-Lu|Stealth Rock|p2a: Walking Wake
|-sidestart|p2: Mky27|move: Stealth Rock
|
|-weather|SunnyDay|[upkeep]
|upkeep
|turn|4
|
|t:|1779960427
|-terastallize|p1a: Ting-Lu|Water
|move|p2a: Walking Wake|Hydro Steam|p1a: Ting-Lu
|-resisted|p1a: Ting-Lu
|-damage|p1a: Ting-Lu|85/100
|move|p1a: Ting-Lu|Ruination|p2a: Walking Wake
|-damage|p2a: Walking Wake|51/100
|
|-weather|SunnyDay|[upkeep]
|-heal|p1a: Ting-Lu|91/100|[from] item: Leftovers
|upkeep
|turn|5
|
|t:|1779960439
|move|p2a: Walking Wake|Flip Turn|p1a: Ting-Lu
|-resisted|p1a: Ting-Lu
|-damage|p1a: Ting-Lu|88/100
|
|t:|1779960442
|-end|p2a: Walking Wake|Protosynthesis|[silent]
|switch|p2a: Arboliva|Arboliva, F|100/100|[from] Flip Turn
|-damage|p2a: Arboliva|88/100|[from] Stealth Rock
|move|p1a: Ting-Lu|Earthquake|p2a: Arboliva
|-resisted|p2a: Arboliva
|-damage|p2a: Arboliva|68/100
|
|-weather|SunnyDay|[upkeep]
|-heal|p1a: Ting-Lu|94/100|[from] item: Leftovers
|upkeep
|turn|6
|
|t:|1779960453
|switch|p1a: Gholdengo|Gholdengo|100/100
|-damage|p1a: Gholdengo|94/100|[from] Stealth Rock
|move|p2a: Arboliva|Energy Ball|p1a: Gholdengo
|-resisted|p1a: Gholdengo
|-damage|p1a: Gholdengo|64/100
|
|-weather|SunnyDay|[upkeep]
|upkeep
|turn|7
|
|t:|1779960464
|move|p2a: Arboliva|Endure|p2a: Arboliva
|-singleturn|p2a: Arboliva|move: Endure
|move|p1a: Gholdengo|Trick|p2a: Arboliva
|-activate|p1a: Gholdengo|move: Trick|[of] p2a: Arboliva
|-item|p2a: Arboliva|Choice Scarf|[from] move: Trick
|-item|p1a: Gholdengo|Custap Berry|[from] move: Trick
|
|-weather|SunnyDay|[upkeep]
|upkeep
|turn|8
|
|t:|1779960473
|switch|p1a: Gliscor|Gliscor, F|100/100
|-damage|p1a: Gliscor|88/100|[from] Stealth Rock
|move|p2a: Arboliva|Weather Ball|p1a: Gliscor
|-damage|p1a: Gliscor|23/100
|
|-weather|none
|-status|p1a: Gliscor|tox|[from] item: Toxic Orb
|upkeep
|turn|9
|
|t:|1779960485
|move|p1a: Gliscor|Protect|p1a: Gliscor
|-singleturn|p1a: Gliscor|Protect
|move|p2a: Arboliva|Weather Ball|p1a: Gliscor
|-activate|p1a: Gliscor|move: Protect
|
|-heal|p1a: Gliscor|35/100 tox|[from] ability: Poison Heal
|upkeep
|turn|10
|
|t:|1779960495
|switch|p2a: Great Tusk|Great Tusk, shiny|100/100
|-damage|p2a: Great Tusk|97/100|[from] Stealth Rock
|move|p1a: Gliscor|Spikes|p2a: Great Tusk
|-sidestart|p2: Mky27|Spikes
|
|-heal|p2a: Great Tusk|100/100|[from] item: Leftovers
|-heal|p1a: Gliscor|48/100 tox|[from] ability: Poison Heal
|upkeep
|turn|11
|
|t:|1779960505
|move|p2a: Great Tusk|Bulk Up|p2a: Great Tusk
|-boost|p2a: Great Tusk|atk|1
|-boost|p2a: Great Tusk|def|1
|move|p1a: Gliscor|Toxic|p2a: Great Tusk
|-status|p2a: Great Tusk|tox
|
|-damage|p2a: Great Tusk|94/100 tox|[from] psn
|-heal|p1a: Gliscor|60/100 tox|[from] ability: Poison Heal
|upkeep
|turn|12
|
|t:|1779960517
|move|p1a: Gliscor|Protect|p1a: Gliscor
|-singleturn|p1a: Gliscor|Protect
|move|p2a: Great Tusk|Bulk Up|p2a: Great Tusk
|-boost|p2a: Great Tusk|atk|1
|-boost|p2a: Great Tusk|def|1
|
|-heal|p2a: Great Tusk|100/100 tox|[from] item: Leftovers
|-damage|p2a: Great Tusk|88/100 tox|[from] psn
|-heal|p1a: Gliscor|73/100 tox|[from] ability: Poison Heal
|upkeep
|turn|13
|
|t:|1779960536
|switch|p1a: Gholdengo|Gholdengo|64/100
|-damage|p1a: Gholdengo|58/100|[from] Stealth Rock
|move|p2a: Great Tusk|Ice Spinner|p1a: Gholdengo
|-resisted|p1a: Gholdengo
|-damage|p1a: Gholdengo|32/100
|
|-heal|p2a: Great Tusk|94/100 tox|[from] item: Leftovers
|-damage|p2a: Great Tusk|75/100 tox|[from] psn
|upkeep
|turn|14
|
|t:|1779960547
|move|p2a: Great Tusk|Headlong Rush|p1a: Gholdengo
|-supereffective|p1a: Gholdengo
|-damage|p1a: Gholdengo|0 fnt
|-unboost|p2a: Great Tusk|def|1
|-unboost|p2a: Great Tusk|spd|1
|faint|p1a: Gholdengo
|
|-heal|p2a: Great Tusk|82/100 tox|[from] item: Leftovers
|-damage|p2a: Great Tusk|57/100 tox|[from] psn
|upkeep
|
|t:|1779960554
|switch|p1a: Darkrai|Darkrai|14/100
|turn|15
|
|t:|1779960562
|move|p1a: Darkrai|Ice Beam|p2a: Great Tusk
|-supereffective|p2a: Great Tusk
|-damage|p2a: Great Tusk|0 fnt
|faint|p2a: Great Tusk
|-end|p2a: Great Tusk|Protosynthesis|[silent]
|
|upkeep
|
|t:|1779960571
|switch|p2a: Comfey|Comfey, F|100/100
|-damage|p2a: Comfey|88/100|[from] Stealth Rock
|-damage|p2a: Comfey|76/100|[from] Spikes
|turn|16
|
|t:|1779960577
|switch|p1a: Gliscor|Gliscor, F|73/100 tox
|-damage|p1a: Gliscor|60/100 tox|[from] Stealth Rock
|move|p2a: Comfey|Draining Kiss|p1a: Gliscor
|-damage|p1a: Gliscor|35/100 tox
|-heal|p2a: Comfey|98/100|[from] drain|[of] p1a: Gliscor
|
|-heal|p1a: Gliscor|47/100 tox|[from] ability: Poison Heal
|upkeep
|turn|17
|
|t:|1779960591
|switch|p2a: Arboliva|Arboliva, F|68/100
|-damage|p2a: Arboliva|55/100|[from] Stealth Rock
|-damage|p2a: Arboliva|43/100|[from] Spikes
|move|p1a: Gliscor|Toxic|p2a: Arboliva
|-status|p2a: Arboliva|tox
|
|-heal|p1a: Gliscor|60/100 tox|[from] ability: Poison Heal
|-damage|p2a: Arboliva|37/100 tox|[from] psn
|upkeep
|turn|18
|
|t:|1779960605
|move|p1a: Gliscor|Spikes|p2a: Arboliva
|-sidestart|p2: Mky27|Spikes
|move|p2a: Arboliva|Energy Ball|p1a: Gliscor
|-damage|p1a: Gliscor|4/100 tox
|
|-heal|p1a: Gliscor|17/100 tox|[from] ability: Poison Heal
|-damage|p2a: Arboliva|24/100 tox|[from] psn
|upkeep
|turn|19
|
|t:|1779960614
|move|p1a: Gliscor|Protect|p1a: Gliscor
|-singleturn|p1a: Gliscor|Protect
|move|p2a: Arboliva|Energy Ball|p1a: Gliscor
|-activate|p1a: Gliscor|move: Protect
|
|-heal|p1a: Gliscor|29/100 tox|[from] ability: Poison Heal
|-damage|p2a: Arboliva|6/100 tox|[from] psn
|upkeep
|turn|20
|
|t:|1779960637
|switch|p1a: Zamazenta|Zamazenta|100/100
|-ability|p1a: Zamazenta|Dauntless Shield|boost
|-boost|p1a: Zamazenta|def|1
|move|p2a: Arboliva|Energy Ball|p1a: Zamazenta
|-damage|p1a: Zamazenta|57/100
|-unboost|p1a: Zamazenta|spd|1
|
|-damage|p2a: Arboliva|0 fnt|[from] psn
|faint|p2a: Arboliva
|upkeep
|
|t:|1779960649
|switch|p2a: Torkolita|Torkoal, F, shiny|85/100
|-damage|p2a: Torkolita|60/100|[from] Stealth Rock
|-damage|p2a: Torkolita|43/100|[from] Spikes
|-weather|SunnyDay|[from] ability: Drought|[of] p2a: Torkolita
|turn|21
|
|t:|1779960657
|move|p1a: Zamazenta|Close Combat|p2a: Torkolita
|-crit|p2a: Torkolita
|-damage|p2a: Torkolita|0 fnt
|-unboost|p1a: Zamazenta|def|1
|-unboost|p1a: Zamazenta|spd|1
|faint|p2a: Torkolita
|
|-weather|SunnyDay|[upkeep]
|upkeep
|
|t:|1779960665
|switch|p2a: Comfey|Comfey, F|98/100
|-damage|p2a: Comfey|85/100|[from] Stealth Rock
|-damage|p2a: Comfey|69/100|[from] Spikes
|turn|22
|inactive|celestial nolonolo has 120 seconds left.
|inactive|celestial nolonolo has 90 seconds left.
|
|t:|1779960730
|move|p1a: Zamazenta|Heavy Slam|p2a: Comfey
|-supereffective|p2a: Comfey
|-damage|p2a: Comfey|0 fnt
|faint|p2a: Comfey
|
|-weather|SunnyDay|[upkeep]
|upkeep
|-message|Mky27 forfeited.
|
|win|celestial nolonolo
|raw|celestial nolonolo's rating: 1531 &rarr; <strong>1553</strong><br />(+22 for winning)
|raw|Mky27's rating: 1565 &rarr; <strong>1543</strong><br />(-22 for losing)
|l|☆celestial nolonolo
|player|p1|
|l|☆Mky27
|player|p2|
