|j|☆CosmicMD
|j|☆PlatinumZwei
|t:|1779801359
|gametype|singles
|player|p1|CosmicMD|colress|1431
|player|p2|PlatinumZwei|170|1449
|gen|9
|tier|[Gen 9] OU
|rated|
|rule|HP Percentage Mod: HP is shown in percentages
|rule|Endless Battle Clause: Forcing endless battles is banned
|rule|Species Clause: Limit one of each Pokémon
|rule|OHKO Clause: OHKO moves are banned
|rule|Evasion Items Clause: Evasion items are banned
|rule|Evasion Moves Clause: Evasion moves are banned
|rule|Evasion Abilities Clause: Evasion abilities are banned
|rule|Sleep Moves Clause: Sleep-inducing moves are banned
|clearpoke
|poke|p1|Hydrapple, M|
|poke|p1|Kommo-o, M|
|poke|p1|Kingambit, M|
|poke|p1|Iron Crown|
|poke|p1|Scream Tail|
|poke|p1|Iron Treads|
|poke|p2|Dragonite, M|
|poke|p2|Great Tusk|
|poke|p2|Deoxys-Speed|
|poke|p2|Gholdengo|
|poke|p2|Zamazenta-*|
|poke|p2|Iron Valiant|
|teampreview
|inactive|Battle timer is ON: inactive players will automatically lose when time's up. (requested by PlatinumZwei)
|
|t:|1779801366
|teamsize|p1|6
|teamsize|p2|6
|start
|switch|p1a: Iron Crown|Iron Crown|100/100
|switch|p2a: Deoxys|Deoxys-Speed|100/100
|-ability|p2a: Deoxys|Pressure
|turn|1
|
|t:|1779801374
|move|p2a: Deoxys|Stealth Rock|p1a: Iron Crown
|-sidestart|p1: CosmicMD|move: Stealth Rock
|move|p1a: Iron Crown|Tachyon Cutter|p2a: Deoxys
|-damage|p2a: Deoxys|69/100
|-damage|p2a: Deoxys|36/100
|-hitcount|p2a: Deoxys|2
|
|upkeep
|turn|2
|
|t:|1779801381
|move|p2a: Deoxys|Spikes|p1a: Iron Crown
|-sidestart|p1: CosmicMD|Spikes
|move|p1a: Iron Crown|Volt Switch|p2a: Deoxys
|-damage|p2a: Deoxys|5/100
|
|t:|1779801384
|-end|p1a: Iron Crown|Quark Drive|[silent]
|switch|p1a: Iron Treads|Iron Treads|100/100|[from] Volt Switch
|-damage|p1a: Iron Treads|97/100|[from] Stealth Rock
|-damage|p1a: Iron Treads|85/100|[from] Spikes
|
|upkeep
|turn|3
|
|t:|1779801395
|switch|p2a: Great Tusk|Great Tusk|100/100
|-enditem|p2a: Great Tusk|Booster Energy
|-activate|p2a: Great Tusk|ability: Protosynthesis|[fromitem]
|-start|p2a: Great Tusk|protosynthesisspe
|move|p1a: Iron Treads|Iron Head|p2a: Great Tusk
|-damage|p2a: Great Tusk|75/100
|
|upkeep
|turn|4
|
|t:|1779801402
|-end|p1a: Iron Treads|Quark Drive|[silent]
|switch|p1a: HydrapGOAT|Hydrapple, M|100/100
|move|p2a: Great Tusk|Bulk Up|p2a: Great Tusk
|-boost|p2a: Great Tusk|atk|1
|-boost|p2a: Great Tusk|def|1
|
|upkeep
|turn|5
|
|t:|1779801408
|move|p2a: Great Tusk|Ice Spinner|p1a: HydrapGOAT
|-supereffective|p1a: HydrapGOAT
|-damage|p1a: HydrapGOAT|29/100
|move|p1a: HydrapGOAT|Giga Drain|p2a: Great Tusk
|-supereffective|p2a: Great Tusk
|-damage|p2a: Great Tusk|0 fnt
|-heal|p1a: HydrapGOAT|68/100|[from] drain|[of] p2a: Great Tusk
|faint|p2a: Great Tusk
|-end|p2a: Great Tusk|Protosynthesis|[silent]
|
|upkeep
|
|t:|1779801418
|switch|p2a: Dragonite|Dragonite, M|100/100
|turn|6
|
|t:|1779801423
|switch|p1a: Scream Tail|Scream Tail|100/100
|move|p2a: Dragonite|Outrage|p1a: Scream Tail
|-immune|p1a: Scream Tail
|
|upkeep
|turn|7
|
|t:|1779801434
|-terastallize|p2a: Dragonite|Fire
|move|p1a: Scream Tail|Encore|p2a: Dragonite
|-start|p2a: Dragonite|Encore
|move|p2a: Dragonite|Outrage|p1a: Scream Tail
|-immune|p1a: Scream Tail
|
|upkeep
|turn|8
|
|t:|1779801443
|switch|p2a: Zamazenta|Zamazenta|100/100
|-ability|p2a: Zamazenta|Dauntless Shield|boost
|-boost|p2a: Zamazenta|def|1
|move|p1a: Scream Tail|Wish|p1a: Scream Tail
|
|upkeep
|turn|9
|
|t:|1779801453
|move|p2a: Zamazenta|Heavy Slam|p1a: Scream Tail
|-supereffective|p1a: Scream Tail
|-damage|p1a: Scream Tail|9/100
|-damage|p2a: Zamazenta|91/100|[from] item: Life Orb
|move|p1a: Scream Tail|Thunder Wave|p2a: Zamazenta
|-status|p2a: Zamazenta|par
|
|-heal|p1a: Scream Tail|59/100|[from] move: Wish|[wisher] Scream Tail
|upkeep
|turn|10
|
|t:|1779801462
|-end|p1a: Scream Tail|Protosynthesis|[silent]
|switch|p1a: HydrapGOAT|Hydrapple, M|100/100
|move|p2a: Zamazenta|Heavy Slam|p1a: HydrapGOAT
|-damage|p1a: HydrapGOAT|84/100
|-damage|p2a: Zamazenta|81/100 par|[from] item: Life Orb
|
|upkeep
|turn|11
|
|t:|1779801468
|move|p2a: Zamazenta|Ice Fang|p1a: HydrapGOAT
|-supereffective|p1a: HydrapGOAT
|-damage|p1a: HydrapGOAT|10/100
|-damage|p2a: Zamazenta|71/100 par|[from] item: Life Orb
|move|p1a: HydrapGOAT|Nasty Plot|p1a: HydrapGOAT
|-boost|p1a: HydrapGOAT|spa|2
|
|upkeep
|turn|12
|
|t:|1779801477
|switch|p1a: Scream Tail|Scream Tail|59/100
|move|p2a: Zamazenta|Crunch|p1a: Scream Tail
|-damage|p1a: Scream Tail|32/100
|-damage|p2a: Zamazenta|61/100 par|[from] item: Life Orb
|
|upkeep
|turn|13
|
|t:|1779801485
|move|p1a: Scream Tail|Encore|p2a: Zamazenta
|-start|p2a: Zamazenta|Encore
|move|p2a: Zamazenta|Crunch|p1a: Scream Tail
|-damage|p1a: Scream Tail|2/100
|-damage|p2a: Zamazenta|51/100 par|[from] item: Life Orb
|
|upkeep
|turn|14
|
|t:|1779801491
|move|p1a: Scream Tail|Dazzling Gleam|p2a: Zamazenta
|-supereffective|p2a: Zamazenta
|-damage|p2a: Zamazenta|18/100 par
|move|p2a: Zamazenta|Crunch|p1a: Scream Tail
|-damage|p1a: Scream Tail|0 fnt
|faint|p1a: Scream Tail
|-end|p1a: Scream Tail|Protosynthesis|[silent]
|-damage|p2a: Zamazenta|8/100 par|[from] item: Life Orb
|
|upkeep
|
|t:|1779801494
|switch|p1a: Iron Treads|Iron Treads|85/100
|-damage|p1a: Iron Treads|82/100|[from] Stealth Rock
|-damage|p1a: Iron Treads|69/100|[from] Spikes
|turn|15
|
|t:|1779801502
|move|p1a: Iron Treads|Rapid Spin|p2a: Zamazenta
|-damage|p2a: Zamazenta|0 fnt
|-boost|p1a: Iron Treads|spe|1
|-sideend|p1: CosmicMD|Spikes|[from] move: Rapid Spin|[of] p1a: Iron Treads
|-sideend|p1: CosmicMD|Stealth Rock|[from] move: Rapid Spin|[of] p1a: Iron Treads
|faint|p2a: Zamazenta
|
|upkeep
|
|t:|1779801510
|switch|p2a: Dragonite|Dragonite, M, tera:Fire|100/100
|turn|16
|
|t:|1779801512
|move|p1a: Iron Treads|Earthquake|p2a: Dragonite
|-supereffective|p2a: Dragonite
|-damage|p2a: Dragonite|46/100
|move|p2a: Dragonite|Dragon Dance|p2a: Dragonite
|-boost|p2a: Dragonite|atk|1
|-boost|p2a: Dragonite|spe|1
|
|upkeep
|turn|17
|
|t:|1779801518
|move|p1a: Iron Treads|Earthquake|p2a: Dragonite
|-supereffective|p2a: Dragonite
|-damage|p2a: Dragonite|0 fnt
|faint|p2a: Dragonite
|
|upkeep
|
|t:|1779801532
|switch|p2a: Deoxys|Deoxys-Speed|5/100
|-ability|p2a: Deoxys|Pressure
|turn|18
|
|t:|1779801536
|move|p1a: Iron Treads|Rapid Spin|p2a: Deoxys
|-damage|p2a: Deoxys|0 fnt
|-boost|p1a: Iron Treads|spe|1
|faint|p2a: Deoxys
|
|upkeep
|
|t:|1779801540
|switch|p2a: Iron Valiant|Iron Valiant|100/100
|-enditem|p2a: Iron Valiant|Booster Energy
|-activate|p2a: Iron Valiant|ability: Quark Drive|[fromitem]
|-start|p2a: Iron Valiant|quarkdrivespe
|turn|19
|
|t:|1779801545
|move|p1a: Iron Treads|Iron Head|p2a: Iron Valiant
|-supereffective|p2a: Iron Valiant
|-damage|p2a: Iron Valiant|11/100
|move|p2a: Iron Valiant|Knock Off|p1a: Iron Treads
|-damage|p1a: Iron Treads|42/100
|-enditem|p1a: Iron Treads|Assault Vest|[from] move: Knock Off|[of] p2a: Iron Valiant
|
|upkeep
|turn|20
|
|t:|1779801552
|move|p1a: Iron Treads|Iron Head|p2a: Iron Valiant
|-supereffective|p2a: Iron Valiant
|-damage|p2a: Iron Valiant|0 fnt
|faint|p2a: Iron Valiant
|-end|p2a: Iron Valiant|Quark Drive|[silent]
|
|upkeep
|-message|PlatinumZwei forfeited.
|
|win|CosmicMD
|raw|CosmicMD's rating: 1431 &rarr; <strong>1452</strong><br />(+21 for winning)
|raw|PlatinumZwei's rating: 1449 &rarr; <strong>1428</strong><br />(-21 for losing)
|l|☆PlatinumZwei
|player|p2|
|l|☆CosmicMD
|player|p1|
