|j|☆mrcreams
|j|☆just.mr.himself
|t:|1779941138
|gametype|singles
|player|p1|mrcreams|102|1363
|player|p2|just.mr.himself|steven|1370
|gen|9
|tier|[Gen 9] OU
|rated|
|rule|HP Percentage Mod: HP is shown in percentages
|rule|Endless Battle Clause: Forcing endless battles is banned
|rule|Species Clause: Limit one of each Pokémon
|rule|OHKO Clause: OHKO moves are banned
|rule|Evasion Items Clause: Evasion items are banned
|rule|Evasion Moves Clause: Evasion moves are banned
|rule|Evasion Abilities Clause: Evasion abilities are banned
|rule|Sleep Moves Clause: Sleep-inducing moves are banned
|clearpoke
|poke|p1|Garganacl, F|
|poke|p1|Deoxys-Speed|
|poke|p1|Iron Valiant|
|poke|p1|Landorus-Therian, M|
|poke|p1|Greninja-*, M|
|poke|p1|Scizor, F|
|poke|p2|Excadrill, F|
|poke|p2|Tyranitar, M|
|poke|p2|Zapdos|
|poke|p2|Garganacl, F|
|poke|p2|Iron Valiant|
|poke|p2|Greninja-*, F|
|teampreview
|
|t:|1779941146
|teamsize|p1|6
|teamsize|p2|6
|start
|switch|p1a: Deoxys|Deoxys-Speed|100/100
|switch|p2a: Greninja|Greninja, F|100/100
|-ability|p1a: Deoxys|Pressure
|turn|1
|
|t:|1779941154
|move|p2a: Greninja|Dark Pulse|p1a: Deoxys
|-start|p2a: Greninja|typechange|Dark|[from] ability: Protean
|-supereffective|p1a: Deoxys
|-damage|p1a: Deoxys|7/100
|move|p1a: Deoxys|Spikes|p2a: Greninja
|-sidestart|p2: just.mr.himself|Spikes
|
|upkeep
|turn|2
|
|t:|1779941173
|switch|p2a: Zapdos|Zapdos|100/100
|move|p1a: Deoxys|Spikes|p2a: Zapdos
|-sidestart|p2: just.mr.himself|Spikes
|
|upkeep
|turn|3
|
|t:|1779941181
|move|p1a: Deoxys|Psychic Noise|p2a: Zapdos
|-damage|p2a: Zapdos|78/100
|-start|p2a: Zapdos|move: Heal Block
|move|p2a: Zapdos|Volt Switch|p1a: Deoxys
|-damage|p1a: Deoxys|0 fnt
|faint|p1a: Deoxys
|
|t:|1779941196
|switch|p2a: Excadrill|Excadrill, F|100/100|[from] Volt Switch
|-item|p2a: Excadrill|Air Balloon
|
|upkeep
|
|t:|1779941210
|switch|p1a: Scizor|Scizor, F|100/100
|turn|4
|
|t:|1779941216
|switch|p2a: Zapdos|Zapdos|78/100
|move|p1a: Scizor|Knock Off|p2a: Zapdos
|-damage|p2a: Zapdos|53/100
|-status|p1a: Scizor|par|[from] ability: Static|[of] p2a: Zapdos
|-enditem|p2a: Zapdos|Heavy-Duty Boots|[from] move: Knock Off|[of] p1a: Scizor
|
|upkeep
|turn|5
|
|t:|1779941225
|move|p2a: Zapdos|Roost|p2a: Zapdos
|-heal|p2a: Zapdos|100/100
|-singleturn|p2a: Zapdos|move: Roost
|move|p1a: Scizor|U-turn|p2a: Zapdos
|-crit|p2a: Zapdos
|-damage|p2a: Zapdos|55/100
|
|t:|1779941239
|switch|p1a: Garganacl|Garganacl, F|100/100|[from] U-turn
|
|upkeep
|turn|6
|
|t:|1779941244
|move|p2a: Zapdos|Volt Switch|p1a: Garganacl
|-damage|p1a: Garganacl|80/100
|
|t:|1779941248
|switch|p2a: Excadrill|Excadrill, F|100/100|[from] Volt Switch
|-item|p2a: Excadrill|Air Balloon
|move|p1a: Garganacl|Stealth Rock|p2a: Excadrill
|-sidestart|p2: just.mr.himself|move: Stealth Rock
|
|-heal|p1a: Garganacl|86/100|[from] item: Leftovers
|upkeep
|turn|7
|
|t:|1779941257
|switch|p1a: Scizor|Scizor, F|100/100 par
|move|p2a: Excadrill|Rapid Spin|p1a: Scizor
|-resisted|p1a: Scizor
|-damage|p1a: Scizor|91/100 par
|-boost|p2a: Excadrill|spe|1
|-sideend|p2: just.mr.himself|Spikes|[from] move: Rapid Spin|[of] p2a: Excadrill
|-sideend|p2: just.mr.himself|Stealth Rock|[from] move: Rapid Spin|[of] p2a: Excadrill
|
|upkeep
|turn|8
|
|t:|1779941268
|switch|p2a: Zapdos|Zapdos|55/100
|move|p1a: Scizor|Knock Off|p2a: Zapdos
|-damage|p2a: Zapdos|37/100
|
|upkeep
|turn|9
|
|t:|1779941274
|move|p2a: Zapdos|Roost|p2a: Zapdos
|-heal|p2a: Zapdos|87/100
|-singleturn|p2a: Zapdos|move: Roost
|move|p1a: Scizor|U-turn|p2a: Zapdos
|-damage|p2a: Zapdos|60/100
|
|t:|1779941281
|switch|p1a: Garganacl|Garganacl, F|86/100|[from] U-turn
|
|-heal|p1a: Garganacl|92/100|[from] item: Leftovers
|upkeep
|turn|10
|
|t:|1779941287
|move|p2a: Zapdos|Volt Switch|p1a: Garganacl
|-damage|p1a: Garganacl|74/100
|
|t:|1779941292
|switch|p2a: Excadrill|Excadrill, F|100/100|[from] Volt Switch
|-item|p2a: Excadrill|Air Balloon
|move|p1a: Garganacl|Salt Cure|p2a: Excadrill
|-resisted|p2a: Excadrill
|-damage|p2a: Excadrill|96/100
|-start|p2a: Excadrill|Salt Cure
|-enditem|p2a: Excadrill|Air Balloon
|
|-heal|p1a: Garganacl|80/100|[from] item: Leftovers
|-damage|p2a: Excadrill|71/100|[from] Salt Cure
|upkeep
|turn|11
|
|t:|1779941304
|switch|p1a: Landorus|Landorus-Therian, M|100/100
|-ability|p1a: Landorus|Intimidate|boost
|-unboost|p2a: Excadrill|atk|1
|move|p2a: Excadrill|Earthquake|p1a: Landorus
|-immune|p1a: Landorus
|
|-damage|p2a: Excadrill|46/100|[from] Salt Cure
|upkeep
|turn|12
|
|t:|1779941314
|switch|p2a: Zapdos|Zapdos|60/100
|move|p1a: Landorus|U-turn|p2a: Zapdos
|-resisted|p2a: Zapdos
|-damage|p2a: Zapdos|50/100
|
|t:|1779941319
|switch|p1a: Greninja|Greninja, M|100/100|[from] U-turn
|
|upkeep
|turn|13
|
|t:|1779941341
|switch|p2a: Greninja|Greninja, F|100/100
|move|p1a: Greninja|Surf|p2a: Greninja
|-resisted|p2a: Greninja
|-damage|p2a: Greninja|55/100
|-damage|p1a: Greninja|91/100|[from] item: Life Orb
|
|upkeep
|turn|14
|
|t:|1779941385
|switch|p1a: Scizor|Scizor, F|91/100 par
|move|p2a: Greninja|Gunk Shot|p1a: Scizor
|-start|p2a: Greninja|typechange|Poison|[from] ability: Protean
|-immune|p1a: Scizor
|
|upkeep
|turn|15
|
|t:|1779941393
|switch|p2a: Zapdos|Zapdos|50/100
|move|p1a: Scizor|U-turn|p2a: Zapdos
|-resisted|p2a: Zapdos
|-damage|p2a: Zapdos|35/100
|
|t:|1779941399
|switch|p1a: Garganacl|Garganacl, F|80/100|[from] U-turn
|
|-heal|p1a: Garganacl|86/100|[from] item: Leftovers
|upkeep
|turn|16
|
|t:|1779941402
|move|p2a: Zapdos|Roost|p2a: Zapdos
|-heal|p2a: Zapdos|85/100
|-singleturn|p2a: Zapdos|move: Roost
|move|p1a: Garganacl|Salt Cure|p2a: Zapdos
|-damage|p2a: Zapdos|75/100
|-start|p2a: Zapdos|Salt Cure
|
|-heal|p1a: Garganacl|92/100|[from] item: Leftovers
|-damage|p2a: Zapdos|63/100|[from] Salt Cure
|upkeep
|turn|17
|
|t:|1779941412
|switch|p2a: Greninja|Greninja, F|55/100
|move|p1a: Garganacl|Protect||[still]
|-fail|p1a: Garganacl
|
|-heal|p1a: Garganacl|98/100|[from] item: Leftovers
|upkeep
|turn|18
|
|t:|1779941426
|-terastallize|p1a: Garganacl|Fairy
|move|p2a: Greninja|Dark Pulse|p1a: Garganacl
|-start|p2a: Greninja|typechange|Dark|[from] ability: Protean
|-resisted|p1a: Garganacl
|-damage|p1a: Garganacl|87/100
|move|p1a: Garganacl|Stealth Rock|p2a: Greninja
|-sidestart|p2: just.mr.himself|move: Stealth Rock
|
|-heal|p1a: Garganacl|93/100|[from] item: Leftovers
|upkeep
|turn|19
|
|t:|1779941436
|switch|p2a: Excadrill|Excadrill, F|46/100
|-damage|p2a: Excadrill|43/100|[from] Stealth Rock
|move|p1a: Garganacl|Salt Cure|p2a: Excadrill
|-resisted|p2a: Excadrill
|-damage|p2a: Excadrill|38/100
|-start|p2a: Excadrill|Salt Cure
|
|-heal|p1a: Garganacl|99/100|[from] item: Leftovers
|-damage|p2a: Excadrill|13/100|[from] Salt Cure
|upkeep
|turn|20
|
|t:|1779941448
|switch|p2a: Tyranitar|Tyranitar, M|100/100
|-damage|p2a: Tyranitar|88/100|[from] Stealth Rock
|-weather|Sandstorm|[from] ability: Sand Stream|[of] p2a: Tyranitar
|switch|p1a: Scizor|Scizor, F|91/100 par
|
|-weather|Sandstorm|[upkeep]
|upkeep
|turn|21
|
|t:|1779941478
|switch|p2a: Garganacl|Garganacl, F|100/100
|-damage|p2a: Garganacl|88/100|[from] Stealth Rock
|move|p1a: Scizor|Bullet Punch|p2a: Garganacl
|-supereffective|p2a: Garganacl
|-damage|p2a: Garganacl|41/100
|
|-weather|Sandstorm|[upkeep]
|-heal|p2a: Garganacl|47/100|[from] item: Leftovers
|upkeep
|turn|22
|
|t:|1779941487
|move|p2a: Garganacl|Protect|p2a: Garganacl
|-singleturn|p2a: Garganacl|Protect
|move|p1a: Scizor|Bullet Punch|p2a: Garganacl
|-activate|p2a: Garganacl|move: Protect
|
|-weather|Sandstorm|[upkeep]
|-heal|p2a: Garganacl|53/100|[from] item: Leftovers
|upkeep
|turn|23
|
|t:|1779941500
|cant|p1a: Scizor|par
|move|p2a: Garganacl|Body Press|p1a: Scizor
|-damage|p1a: Scizor|66/100 par
|
|-weather|Sandstorm|[upkeep]
|-heal|p2a: Garganacl|59/100|[from] item: Leftovers
|upkeep
|turn|24
|
|t:|1779941505
|move|p2a: Garganacl|Protect|p2a: Garganacl
|-singleturn|p2a: Garganacl|Protect
|move|p1a: Scizor|Bullet Punch|p2a: Garganacl
|-activate|p2a: Garganacl|move: Protect
|
|-weather|none
|-heal|p2a: Garganacl|65/100|[from] item: Leftovers
|upkeep
|turn|25
|inactive|Battle timer is ON: inactive players will automatically lose when time's up. (requested by mrcreams)
|
|t:|1779941526
|switch|p2a: Greninja|Greninja, F|55/100
|-damage|p2a: Greninja|43/100|[from] Stealth Rock
|move|p1a: Scizor|Bullet Punch|p2a: Greninja
|-resisted|p2a: Greninja
|-damage|p2a: Greninja|16/100
|
|upkeep
|turn|26
|
|t:|1779941539
|move|p1a: Scizor|Bullet Punch|p2a: Greninja
|-resisted|p2a: Greninja
|-damage|p2a: Greninja|0 fnt
|faint|p2a: Greninja
|
|upkeep
|
|t:|1779941550
|switch|p2a: Zapdos|Zapdos|63/100
|-damage|p2a: Zapdos|38/100|[from] Stealth Rock
|turn|27
|
|t:|1779941557
|move|p2a: Zapdos|Roost|p2a: Zapdos
|-heal|p2a: Zapdos|88/100
|-singleturn|p2a: Zapdos|move: Roost
|move|p1a: Scizor|U-turn|p2a: Zapdos
|-damage|p2a: Zapdos|61/100
|
|t:|1779941567
|switch|p1a: Garganacl|Garganacl, F, tera:Fairy|99/100|[from] U-turn
|
|-heal|p1a: Garganacl|100/100|[from] item: Leftovers
|upkeep
|turn|28
|
|t:|1779941572
|move|p2a: Zapdos|Volt Switch|p1a: Garganacl
|-damage|p1a: Garganacl|81/100
|
|t:|1779941578
|switch|p2a: Garganacl|Garganacl, F|65/100|[from] Volt Switch
|-damage|p2a: Garganacl|53/100|[from] Stealth Rock
|move|p1a: Garganacl|Salt Cure|p2a: Garganacl
|-damage|p2a: Garganacl|44/100
|-start|p2a: Garganacl|Salt Cure
|
|-heal|p2a: Garganacl|50/100|[from] item: Leftovers
|-heal|p1a: Garganacl|87/100|[from] item: Leftovers
|-damage|p2a: Garganacl|38/100|[from] Salt Cure
|upkeep
|turn|29
|
|t:|1779941590
|switch|p1a: Scizor|Scizor, F|66/100 par
|move|p2a: Garganacl|Stealth Rock|p1a: Scizor
|-sidestart|p1: mrcreams|move: Stealth Rock
|
|-heal|p2a: Garganacl|44/100|[from] item: Leftovers
|-damage|p2a: Garganacl|32/100|[from] Salt Cure
|upkeep
|turn|30
|
|t:|1779941598
|move|p1a: Scizor|Bullet Punch|p2a: Garganacl
|-supereffective|p2a: Garganacl
|-damage|p2a: Garganacl|0 fnt
|faint|p2a: Garganacl
|
|upkeep
|
|t:|1779941616
|switch|p2a: Zapdos|Zapdos|61/100
|-damage|p2a: Zapdos|36/100|[from] Stealth Rock
|turn|31
|
|t:|1779941622
|move|p2a: Zapdos|Heat Wave|p1a: Scizor
|-supereffective|p1a: Scizor
|-damage|p1a: Scizor|0 fnt
|faint|p1a: Scizor
|
|upkeep
|
|t:|1779941626
|switch|p1a: Greninja|Greninja, M|91/100
|-damage|p1a: Greninja|78/100|[from] Stealth Rock
|turn|32
|
|t:|1779941644
|switch|p2a: Iron Valiant|Iron Valiant|100/100
|-damage|p2a: Iron Valiant|94/100|[from] Stealth Rock
|-enditem|p2a: Iron Valiant|Booster Energy
|-activate|p2a: Iron Valiant|ability: Quark Drive|[fromitem]
|-start|p2a: Iron Valiant|quarkdrivespe
|move|p1a: Greninja|Surf|p2a: Iron Valiant
|-damage|p2a: Iron Valiant|0 fnt
|faint|p2a: Iron Valiant
|-end|p2a: Iron Valiant|Quark Drive|[silent]
|-ability|p1a: Greninja|Battle Bond|boost
|-boost|p1a: Greninja|atk|1
|-boost|p1a: Greninja|spa|1
|-boost|p1a: Greninja|spe|1
|-activate|p1a: Greninja|ability: Battle Bond
|-damage|p1a: Greninja|69/100|[from] item: Life Orb
|
|upkeep
|
|t:|1779941657
|switch|p2a: Tyranitar|Tyranitar, M|88/100
|-damage|p2a: Tyranitar|76/100|[from] Stealth Rock
|-weather|Sandstorm|[from] ability: Sand Stream|[of] p2a: Tyranitar
|turn|33
|
|t:|1779941674
|move|p1a: Greninja|Surf|p2a: Tyranitar
|-supereffective|p2a: Tyranitar
|-damage|p2a: Tyranitar|0 fnt
|faint|p2a: Tyranitar
|-damage|p1a: Greninja|59/100|[from] item: Life Orb
|
|-weather|Sandstorm|[upkeep]
|-damage|p1a: Greninja|53/100|[from] Sandstorm
|upkeep
|
|t:|1779941680
|switch|p2a: Excadrill|Excadrill, F|13/100
|-damage|p2a: Excadrill|10/100|[from] Stealth Rock
|turn|34
|
|t:|1779941684
|move|p1a: Greninja|Water Shuriken|p2a: Excadrill
|-supereffective|p2a: Excadrill
|-damage|p2a: Excadrill|0 fnt
|faint|p2a: Excadrill
|-hitcount|p2: Excadrill|1
|-damage|p1a: Greninja|43/100|[from] item: Life Orb
|
|-weather|Sandstorm|[upkeep]
|-damage|p1a: Greninja|37/100|[from] Sandstorm
|upkeep
|-message|just.mr.himself forfeited.
|
|win|mrcreams
|raw|mrcreams's rating: 1363 &rarr; <strong>1383</strong><br />(+20 for winning)
|raw|just.mr.himself's rating: 1370 &rarr; <strong>1350</strong><br />(-20 for losing)
|l|☆just.mr.himself
|player|p2|
|l|☆mrcreams
|player|p1|
