|j|☆Nightmare_Karma
|j|☆YoSoyDelBronx
|t:|1779914404
|gametype|singles
|player|p1|Nightmare_Karma|265|1181
|player|p2|YoSoyDelBronx|noland|1159
|gen|9
|tier|[Gen 9] OU
|rated|
|rule|HP Percentage Mod: HP is shown in percentages
|rule|Endless Battle Clause: Forcing endless battles is banned
|rule|Species Clause: Limit one of each Pokémon
|rule|OHKO Clause: OHKO moves are banned
|rule|Evasion Items Clause: Evasion items are banned
|rule|Evasion Moves Clause: Evasion moves are banned
|rule|Evasion Abilities Clause: Evasion abilities are banned
|rule|Sleep Moves Clause: Sleep-inducing moves are banned
|clearpoke
|poke|p1|Garchomp, M|
|poke|p1|Kingambit, M|
|poke|p1|Iron Valiant|
|poke|p1|Toxapex, F|
|poke|p1|Greninja-*, M|
|poke|p1|Glimmora, F|
|poke|p2|Blaziken, M|
|poke|p2|Ninetales, M|
|poke|p2|Venusaur, M|
|poke|p2|Clefable, F|
|poke|p2|Great Tusk|
|poke|p2|Walking Wake|
|teampreview
|
|t:|1779914415
|teamsize|p1|6
|teamsize|p2|6
|start
|switch|p1a: Glimmora|Glimmora, F|100/100
|switch|p2a: Capitán Salami|Blaziken, M|100/100
|turn|1
|
|t:|1779914423
|move|p1a: Glimmora|Stealth Rock|p2a: Capitán Salami
|-sidestart|p2: YoSoyDelBronx|move: Stealth Rock
|move|p2a: Capitán Salami|Focus Energy|p2a: Capitán Salami
|-start|p2a: Capitán Salami|move: Focus Energy
|
|-ability|p2a: Capitán Salami|Speed Boost|boost
|-boost|p2a: Capitán Salami|spe|1
|upkeep
|turn|2
|
|t:|1779914428
|move|p2a: Capitán Salami|Overheat|p1a: Glimmora
|-resisted|p1a: Glimmora
|-crit|p1a: Glimmora
|-damage|p1a: Glimmora|44/100
|-unboost|p2a: Capitán Salami|spa|2
|move|p1a: Glimmora|Sludge Bomb|p2a: Capitán Salami
|-damage|p2a: Capitán Salami|44/100
|
|-ability|p2a: Capitán Salami|Speed Boost|boost
|-boost|p2a: Capitán Salami|spe|1
|upkeep
|turn|3
|
|t:|1779914439
|move|p2a: Capitán Salami|Overheat|p1a: Glimmora
|-resisted|p1a: Glimmora
|-crit|p1a: Glimmora
|-damage|p1a: Glimmora|0 fnt
|-unboost|p2a: Capitán Salami|spa|2
|faint|p1a: Glimmora
|
|-ability|p2a: Capitán Salami|Speed Boost|boost
|-boost|p2a: Capitán Salami|spe|1
|upkeep
|
|t:|1779914445
|switch|p1a: Kingambit|Kingambit, M|100/100
|-activate|p1a: Kingambit|ability: Supreme Overlord
|-start|p1a: Kingambit|fallen1|[silent]
|turn|4
|
|t:|1779914452
|move|p2a: Capitán Salami|Upper Hand|p1a: Kingambit
|-supereffective|p1a: Kingambit
|-crit|p1a: Kingambit
|-damage|p1a: Kingambit|0 fnt
|faint|p1a: Kingambit
|-end|p1a: Kingambit|fallen1|[silent]
|
|-ability|p2a: Capitán Salami|Speed Boost|boost
|-boost|p2a: Capitán Salami|spe|1
|upkeep
|
|t:|1779914459
|switch|p1a: Toxapex|Toxapex, F|100/100
|turn|5
|
|t:|1779914465
|-terastallize|p2a: Capitán Salami|Fire
|move|p2a: Capitán Salami|Overheat|p1a: Toxapex
|-resisted|p1a: Toxapex
|-crit|p1a: Toxapex
|-damage|p1a: Toxapex|45/100
|-unboost|p2a: Capitán Salami|spa|2
|move|p1a: Toxapex|Surf|p2a: Capitán Salami
|-supereffective|p2a: Capitán Salami
|-damage|p2a: Capitán Salami|0 fnt
|faint|p2a: Capitán Salami
|
|-heal|p1a: Toxapex|51/100|[from] item: Leftovers
|upkeep
|
|t:|1779914475
|switch|p2a: Great Tusk|Great Tusk|100/100
|turn|6
|
|t:|1779914484
|switch|p1a: Greninja|Greninja, M|100/100
|move|p2a: Great Tusk|Headlong Rush|p1a: Greninja
|-damage|p1a: Greninja|0 fnt
|-unboost|p2a: Great Tusk|def|1
|-unboost|p2a: Great Tusk|spd|1
|faint|p1a: Greninja
|
|upkeep
|
|t:|1779914495
|switch|p1a: Iron Valiant|Iron Valiant|100/100
|turn|7
|inactive|Battle timer is ON: inactive players will automatically lose when time's up. (requested by YoSoyDelBronx)
|
|t:|1779914502
|-end|p2a: Great Tusk|Protosynthesis|[silent]
|switch|p2a: Kurama|Ninetales, M|100/100
|-damage|p2a: Kurama|76/100|[from] Stealth Rock
|-weather|SunnyDay|[from] ability: Drought|[of] p2a: Kurama
|move|p1a: Iron Valiant|Moonblast|p2a: Kurama
|-resisted|p2a: Kurama
|-damage|p2a: Kurama|39/100
|-unboost|p2a: Kurama|spa|1
|
|-weather|SunnyDay|[upkeep]
|upkeep
|turn|8
|
|t:|1779914510
|move|p1a: Iron Valiant|Moonblast|p2a: Kurama
|-resisted|p2a: Kurama
|-damage|p2a: Kurama|5/100
|-unboost|p2a: Kurama|spa|1
|move|p2a: Kurama|Memento|p1a: Iron Valiant
|-unboost|p1a: Iron Valiant|atk|2
|-unboost|p1a: Iron Valiant|spa|2
|faint|p2a: Kurama
|
|-weather|SunnyDay|[upkeep]
|upkeep
|
|t:|1779914524
|switch|p2a: Ranita|Venusaur, M|100/100
|-damage|p2a: Ranita|88/100|[from] Stealth Rock
|turn|9
|
|t:|1779914533
|-end|p1a: Iron Valiant|Quark Drive|[silent]
|switch|p1a: Toxapex|Toxapex, F|84/100
|move|p2a: Ranita|Growth|p2a: Ranita
|-boost|p2a: Ranita|atk|2
|-boost|p2a: Ranita|spa|2
|
|-weather|SunnyDay|[upkeep]
|-heal|p1a: Toxapex|90/100|[from] item: Leftovers
|upkeep
|turn|10
|
|t:|1779914538
|move|p2a: Ranita|Giga Drain|p1a: Toxapex
|-damage|p1a: Toxapex|21/100
|-heal|p2a: Ranita|100/100|[from] drain|[of] p1a: Toxapex
|-damage|p2a: Ranita|91/100|[from] item: Life Orb
|move|p1a: Toxapex|Haze|p1a: Toxapex
|-clearallboost
|
|-weather|SunnyDay|[upkeep]
|-heal|p1a: Toxapex|27/100|[from] item: Leftovers
|upkeep
|turn|11
|
|t:|1779914553
|switch|p1a: Iron Valiant|Iron Valiant|100/100
|move|p2a: Ranita|Growth|p2a: Ranita
|-boost|p2a: Ranita|atk|2
|-boost|p2a: Ranita|spa|2
|
|-weather|SunnyDay|[upkeep]
|upkeep
|turn|12
|
|t:|1779914560
|move|p2a: Ranita|Sludge Bomb|p1a: Iron Valiant
|-supereffective|p1a: Iron Valiant
|-damage|p1a: Iron Valiant|0 fnt
|faint|p1a: Iron Valiant
|-end|p1a: Iron Valiant|Quark Drive|[silent]
|-damage|p2a: Ranita|81/100|[from] item: Life Orb
|
|-weather|SunnyDay|[upkeep]
|upkeep
|
|t:|1779914568
|switch|p1a: Garchomp|Garchomp, M|100/100
|turn|13
|
|t:|1779914577
|-terastallize|p1a: Garchomp|Dragon
|move|p2a: Ranita|Giga Drain|p1a: Garchomp
|-resisted|p1a: Garchomp
|-damage|p1a: Garchomp|56/100
|-heal|p2a: Ranita|100/100|[from] drain|[of] p1a: Garchomp
|-damage|p2a: Ranita|91/100|[from] item: Life Orb
|move|p1a: Garchomp|Scale Shot|p2a: Ranita|[miss]
|-miss|p1a: Garchomp|p2a: Ranita
|
|-weather|SunnyDay|[upkeep]
|upkeep
|turn|14
|
|t:|1779914586
|move|p2a: Ranita|Sludge Bomb|p1a: Garchomp
|-damage|p1a: Garchomp|0 fnt
|faint|p1a: Garchomp
|-damage|p2a: Ranita|81/100|[from] item: Life Orb
|
|-weather|none
|upkeep
|
|t:|1779914590
|switch|p1a: Toxapex|Toxapex, F|60/100
|turn|15
|-message|Nightmare_Karma forfeited.
|
|win|YoSoyDelBronx
|raw|Nightmare_Karma's rating: 1181 &rarr; <strong>1154</strong><br />(-27 for losing)
|raw|YoSoyDelBronx's rating: 1159 &rarr; <strong>1186</strong><br />(+27 for winning)
|l|☆Nightmare_Karma
|player|p1|
