|j|☆GoldenBoyy91
|j|☆bigant40007
|t:|1779971284
|gametype|singles
|player|p1|GoldenBoyy91|101|1341
|player|p2|bigant40007|265|1335
|gen|9
|tier|[Gen 9] OU
|rated|
|rule|HP Percentage Mod: HP is shown in percentages
|rule|Endless Battle Clause: Forcing endless battles is banned
|rule|Species Clause: Limit one of each Pokémon
|rule|OHKO Clause: OHKO moves are banned
|rule|Evasion Items Clause: Evasion items are banned
|rule|Evasion Moves Clause: Evasion moves are banned
|rule|Evasion Abilities Clause: Evasion abilities are banned
|rule|Sleep Moves Clause: Sleep-inducing moves are banned
|clearpoke
|poke|p1|Weavile, M|
|poke|p1|Gliscor, F|
|poke|p1|Hatterene, F|
|poke|p1|Great Tusk|
|poke|p1|Latias, F|
|poke|p1|Cobalion|
|poke|p2|Gengar, M|
|poke|p2|Conkeldurr, M|
|poke|p2|Scream Tail|
|poke|p2|Mandibuzz, F|
|poke|p2|Volcanion|
|poke|p2|Dragonite, M|
|teampreview
|inactive|Battle timer is ON: inactive players will automatically lose when time's up. (requested by bigant40007)
|
|t:|1779971317
|teamsize|p1|6
|teamsize|p2|6
|start
|switch|p1a: Latias|Latias, F|100/100
|switch|p2a: Conkeldurr|Conkeldurr, M|100/100
|turn|1
|
|t:|1779971324
|switch|p1a: Cobalion|Cobalion|100/100
|move|p2a: Conkeldurr|Ice Punch|p1a: Cobalion
|-resisted|p1a: Cobalion
|-damage|p1a: Cobalion|86/100
|
|-heal|p1a: Cobalion|92/100|[from] item: Leftovers
|upkeep
|turn|2
|
|t:|1779971333
|move|p2a: Conkeldurr|Mach Punch|p1a: Cobalion
|-supereffective|p1a: Cobalion
|-damage|p1a: Cobalion|45/100
|move|p1a: Cobalion|Thunder Wave|p2a: Conkeldurr
|-status|p2a: Conkeldurr|par
|
|-heal|p1a: Cobalion|51/100|[from] item: Leftovers
|upkeep
|turn|3
|
|t:|1779971341
|cant|p2a: Conkeldurr|par
|move|p1a: Cobalion|Stealth Rock|p2a: Conkeldurr
|-sidestart|p2: bigant40007|move: Stealth Rock
|
|-heal|p1a: Cobalion|57/100|[from] item: Leftovers
|upkeep
|turn|4
|
|t:|1779971358
|move|p1a: Cobalion|Volt Switch|p2a: Conkeldurr
|-damage|p2a: Conkeldurr|85/100 par
|
|t:|1779971362
|switch|p1a: Great Tusk|Great Tusk|100/100|[from] Volt Switch
|-enditem|p1a: Great Tusk|Booster Energy
|-activate|p1a: Great Tusk|ability: Protosynthesis|[fromitem]
|-start|p1a: Great Tusk|protosynthesisspe
|move|p2a: Conkeldurr|Knock Off|p1a: Great Tusk
|-resisted|p1a: Great Tusk
|-damage|p1a: Great Tusk|92/100
|
|upkeep
|turn|5
|
|t:|1779971372
|move|p1a: Great Tusk|Knock Off|p2a: Conkeldurr
|-resisted|p2a: Conkeldurr
|-damage|p2a: Conkeldurr|73/100 par
|-enditem|p2a: Conkeldurr|Punching Glove|[from] move: Knock Off|[of] p1a: Great Tusk
|move|p2a: Conkeldurr|Ice Punch|p1a: Great Tusk
|-supereffective|p1a: Great Tusk
|-damage|p1a: Great Tusk|47/100
|
|upkeep
|turn|6
|
|t:|1779971380
|move|p1a: Great Tusk|Headlong Rush|p2a: Conkeldurr
|-damage|p2a: Conkeldurr|28/100 par
|-unboost|p1a: Great Tusk|def|1
|-unboost|p1a: Great Tusk|spd|1
|move|p2a: Conkeldurr|Ice Punch|p1a: Great Tusk
|-supereffective|p1a: Great Tusk
|-damage|p1a: Great Tusk|0 fnt
|faint|p1a: Great Tusk
|-end|p1a: Great Tusk|Protosynthesis|[silent]
|
|upkeep
|
|t:|1779971384
|switch|p1a: Latias|Latias, F|100/100
|turn|7
|
|t:|1779971391
|switch|p2a: Scream Tail|Scream Tail|100/100
|-damage|p2a: Scream Tail|88/100|[from] Stealth Rock
|move|p1a: Latias|Agility|p1a: Latias
|-boost|p1a: Latias|spe|2
|
|upkeep
|turn|8
|
|t:|1779971400
|move|p1a: Latias|Calm Mind|p1a: Latias
|-boost|p1a: Latias|spa|1
|-boost|p1a: Latias|spd|1
|move|p2a: Scream Tail|Light Screen|p2a: Scream Tail
|-sidestart|p2: bigant40007|move: Light Screen
|
|upkeep
|turn|9
|
|t:|1779971406
|move|p1a: Latias|Calm Mind|p1a: Latias
|-boost|p1a: Latias|spa|1
|-boost|p1a: Latias|spd|1
|move|p2a: Scream Tail|Wish|p2a: Scream Tail
|
|upkeep
|turn|10
|
|t:|1779971413
|-end|p2a: Scream Tail|Protosynthesis|[silent]
|switch|p2a: Mandibuzz|Mandibuzz, F|100/100
|-damage|p2a: Mandibuzz|76/100|[from] Stealth Rock
|move|p1a: Latias|Calm Mind|p1a: Latias
|-boost|p1a: Latias|spa|1
|-boost|p1a: Latias|spd|1
|
|-heal|p2a: Mandibuzz|100/100|[from] move: Wish|[wisher] Scream Tail
|upkeep
|turn|11
|
|t:|1779971428
|-terastallize|p1a: Latias|Fighting
|move|p1a: Latias|Aura Sphere|p2a: Mandibuzz
|-crit|p2a: Mandibuzz
|-damage|p2a: Mandibuzz|11/100
|move|p2a: Mandibuzz|Whirlwind|p1a: Latias
|drag|p1a: Gliscor|Gliscor, F|100/100
|
|-status|p1a: Gliscor|tox|[from] item: Toxic Orb
|upkeep
|turn|12
|
|t:|1779971440
|move|p1a: Gliscor|Knock Off|p2a: Mandibuzz
|-resisted|p2a: Mandibuzz
|-damage|p2a: Mandibuzz|5/100
|-damage|p1a: Gliscor|84/100 tox|[from] item: Rocky Helmet|[of] p2a: Mandibuzz
|-enditem|p2a: Mandibuzz|Rocky Helmet|[from] move: Knock Off|[of] p1a: Gliscor
|move|p2a: Mandibuzz|Roost|p2a: Mandibuzz
|-heal|p2a: Mandibuzz|55/100
|-singleturn|p2a: Mandibuzz|move: Roost
|
|-heal|p1a: Gliscor|96/100 tox|[from] ability: Poison Heal
|upkeep
|turn|13
|
|t:|1779971455
|switch|p1a: Hatterene|Hatterene, F|100/100
|move|p2a: Mandibuzz|Defog|p1a: Hatterene
|move|p1a: Hatterene|Defog|p2a: Mandibuzz|[from] ability: Magic Bounce
|-unboost|p2a: Mandibuzz|evasion|1
|-sideend|p2: bigant40007|move: Light Screen
|-sideend|p2: bigant40007|Stealth Rock|[from] move: Defog|[of] p1a: Hatterene
|
|upkeep
|turn|14
|
|t:|1779971466
|switch|p2a: Gengar|Gengar, M, shiny|100/100
|move|p1a: Hatterene|Nuzzle|p2a: Gengar
|-damage|p2a: Gengar|93/100
|-status|p2a: Gengar|par
|
|upkeep
|turn|15
|
|t:|1779971475
|move|p2a: Gengar|Sludge Bomb|p1a: Hatterene
|-supereffective|p1a: Hatterene
|-damage|p1a: Hatterene|36/100
|move|p1a: Hatterene|Mystical Fire|p2a: Gengar
|-damage|p2a: Gengar|43/100 par
|-unboost|p2a: Gengar|spa|1
|
|upkeep
|turn|16
|
|t:|1779971489
|cant|p2a: Gengar|par
|move|p1a: Hatterene|Mystical Fire|p2a: Gengar
|-damage|p2a: Gengar|0 fnt
|faint|p2a: Gengar
|
|upkeep
|
|t:|1779971498
|switch|p2a: Volcanion|Volcanion|100/100
|turn|17
|
|t:|1779971507
|move|p2a: Volcanion|Steam Eruption|p1a: Hatterene|[miss]
|-miss|p2a: Volcanion|p1a: Hatterene
|move|p1a: Hatterene|Mystical Fire|p2a: Volcanion
|-resisted|p2a: Volcanion
|-damage|p2a: Volcanion|93/100
|-unboost|p2a: Volcanion|spa|1
|
|upkeep
|turn|18
|
|t:|1779971515
|move|p2a: Volcanion|Steam Eruption|p1a: Hatterene|[miss]
|-miss|p2a: Volcanion|p1a: Hatterene
|move|p1a: Hatterene|Mystical Fire|p2a: Volcanion
|-resisted|p2a: Volcanion
|-damage|p2a: Volcanion|85/100
|-unboost|p2a: Volcanion|spa|1
|
|upkeep
|turn|19
|
|t:|1779971523
|move|p2a: Volcanion|Steam Eruption|p1a: Hatterene
|-damage|p1a: Hatterene|5/100
|move|p1a: Hatterene|Dazzling Gleam|p2a: Volcanion
|-resisted|p2a: Volcanion
|-damage|p2a: Volcanion|60/100
|
|upkeep
|turn|20
|
|t:|1779971530
|move|p2a: Volcanion|Steam Eruption|p1a: Hatterene
|-damage|p1a: Hatterene|0 fnt
|faint|p1a: Hatterene
|
|upkeep
|
|t:|1779971537
|switch|p1a: Latias|Latias, F, tera:Fighting|100/100
|turn|21
|
|t:|1779971548
|move|p1a: Latias|Calm Mind|p1a: Latias
|-boost|p1a: Latias|spa|1
|-boost|p1a: Latias|spd|1
|move|p2a: Volcanion|Steam Eruption|p1a: Latias|[miss]
|-miss|p2a: Volcanion|p1a: Latias
|
|upkeep
|turn|22
|
|t:|1779971555
|move|p1a: Latias|Calm Mind|p1a: Latias
|-boost|p1a: Latias|spa|1
|-boost|p1a: Latias|spd|1
|move|p2a: Volcanion|Steam Eruption|p1a: Latias
|-damage|p1a: Latias|84/100
|
|upkeep
|turn|23
|
|t:|1779971563
|switch|p2a: Scream Tail|Scream Tail|88/100
|move|p1a: Latias|Agility|p1a: Latias
|-boost|p1a: Latias|spe|2
|
|upkeep
|turn|24
|
|t:|1779971572
|move|p1a: Latias|Calm Mind|p1a: Latias
|-boost|p1a: Latias|spa|1
|-boost|p1a: Latias|spd|1
|move|p2a: Scream Tail|Psychic Noise|p1a: Latias
|-supereffective|p1a: Latias
|-damage|p1a: Latias|72/100
|-start|p1a: Latias|move: Heal Block
|-enditem|p1a: Latias|Weakness Policy
|-boost|p1a: Latias|atk|2|[from] item: Weakness Policy
|-boost|p1a: Latias|spa|2|[from] item: Weakness Policy
|
|upkeep
|turn|25
|
|t:|1779971585
|move|p1a: Latias|Stored Power|p2a: Scream Tail
|-resisted|p2a: Scream Tail
|-damage|p2a: Scream Tail|0 fnt
|faint|p2a: Scream Tail
|-end|p2a: Scream Tail|Protosynthesis|[silent]
|
|-end|p1a: Latias|move: Heal Block
|upkeep
|
|t:|1779971592
|switch|p2a: Conkeldurr|Conkeldurr, M|28/100 par
|turn|26
|
|t:|1779971597
|cant|p2a: Conkeldurr|par
|move|p1a: Latias|Stored Power|p2a: Conkeldurr
|-supereffective|p2a: Conkeldurr
|-damage|p2a: Conkeldurr|0 fnt
|faint|p2a: Conkeldurr
|
|upkeep
|
|t:|1779971605
|switch|p2a: Dragonite|Dragonite, M|100/100
|turn|27
|
|t:|1779971611
|move|p1a: Latias|Stored Power|p2a: Dragonite
|-damage|p2a: Dragonite|0 fnt
|faint|p2a: Dragonite
|
|upkeep
|-message|bigant40007 forfeited.
|
|win|GoldenBoyy91
|raw|GoldenBoyy91's rating: 1341 &rarr; <strong>1361</strong><br />(+20 for winning)
|raw|bigant40007's rating: 1335 &rarr; <strong>1315</strong><br />(-20 for losing)
|l|☆bigant40007
|player|p2|
|l|☆GoldenBoyy91
|player|p1|
