|j|☆claudechamp
|j|☆Kl2006
|t:|1779868998
|gametype|singles
|player|p1|claudechamp|169|1241
|player|p2|Kl2006|101|1276
|gen|9
|tier|[Gen 9] OU
|rated|
|rule|HP Percentage Mod: HP is shown in percentages
|rule|Endless Battle Clause: Forcing endless battles is banned
|rule|Species Clause: Limit one of each Pokémon
|rule|OHKO Clause: OHKO moves are banned
|rule|Evasion Items Clause: Evasion items are banned
|rule|Evasion Moves Clause: Evasion moves are banned
|rule|Evasion Abilities Clause: Evasion abilities are banned
|rule|Sleep Moves Clause: Sleep-inducing moves are banned
|clearpoke
|poke|p1|Gliscor, F|
|poke|p1|Ogerpon, F|
|poke|p1|Walking Wake|
|poke|p1|Blissey, F|
|poke|p1|Corviknight, F|
|poke|p1|Pecharunt|
|poke|p2|Kingambit, F|
|poke|p2|Zapdos|
|poke|p2|Great Tusk|
|poke|p2|Alomomola, F|
|poke|p2|Slowking-Galar, F|
|poke|p2|Garganacl, M|
|teampreview
|c|☆claudechamp|hf
|inactive|Battle timer is ON: inactive players will automatically lose when time's up. (requested by claudechamp)
|c|☆Kl2006|You too
|
|t:|1779869014
|teamsize|p1|6
|teamsize|p2|6
|start
|switch|p1a: Gliscor|Gliscor, F|100/100
|switch|p2a: Garganacl|Garganacl, M|100/100
|turn|1
|
|t:|1779869019
|move|p1a: Gliscor|Spikes|p2a: Garganacl
|-sidestart|p2: Kl2006|Spikes
|move|p2a: Garganacl|Stealth Rock|p1a: Gliscor
|-sidestart|p1: claudechamp|move: Stealth Rock
|
|-status|p1a: Gliscor|tox|[from] item: Toxic Orb
|upkeep
|turn|2
|
|t:|1779869022
|move|p1a: Gliscor|Spikes|p2a: Garganacl
|-sidestart|p2: Kl2006|Spikes
|move|p2a: Garganacl|Salt Cure|p1a: Gliscor
|-damage|p1a: Gliscor|91/100 tox
|-start|p1a: Gliscor|Salt Cure
|
|-heal|p1a: Gliscor|100/100 tox|[from] ability: Poison Heal
|-damage|p1a: Gliscor|88/100 tox|[from] Salt Cure
|upkeep
|turn|3
|
|t:|1779869027
|switch|p2a: Great Tusk|Great Tusk|100/100
|move|p1a: Gliscor|Earthquake|p2a: Great Tusk
|-damage|p2a: Great Tusk|79/100
|
|-heal|p1a: Gliscor|100/100 tox|[from] ability: Poison Heal
|-damage|p1a: Gliscor|88/100 tox|[from] Salt Cure
|upkeep
|turn|4
|
|t:|1779869032
|move|p2a: Great Tusk|Knock Off|p1a: Gliscor
|-damage|p1a: Gliscor|65/100 tox
|-enditem|p1a: Gliscor|Toxic Orb|[from] move: Knock Off|[of] p2a: Great Tusk
|move|p1a: Gliscor|Spikes|p2a: Great Tusk
|-sidestart|p2: Kl2006|Spikes
|
|-heal|p1a: Gliscor|78/100 tox|[from] ability: Poison Heal
|-damage|p1a: Gliscor|65/100 tox|[from] Salt Cure
|upkeep
|turn|5
|
|t:|1779869035
|switch|p1a: Pecharunt|Pecharunt|100/100
|move|p2a: Great Tusk|Ice Spinner|p1a: Pecharunt
|-damage|p1a: Pecharunt|90/100
|
|upkeep
|turn|6
|
|t:|1779869038
|move|p2a: Great Tusk|Knock Off|p1a: Pecharunt
|-supereffective|p1a: Pecharunt
|-damage|p1a: Pecharunt|64/100
|-enditem|p1a: Pecharunt|Heavy-Duty Boots|[from] move: Knock Off|[of] p2a: Great Tusk
|move|p1a: Pecharunt|Recover|p1a: Pecharunt
|-heal|p1a: Pecharunt|100/100
|
|upkeep
|turn|7
|
|t:|1779869044
|-end|p2a: Great Tusk|Protosynthesis|[silent]
|switch|p2a: Kingambit|Kingambit, F|100/100
|-damage|p2a: Kingambit|75/100|[from] Spikes
|move|p1a: Pecharunt|Malignant Chain|p2a: Kingambit
|-immune|p2a: Kingambit
|
|-heal|p2a: Kingambit|82/100|[from] item: Leftovers
|upkeep
|turn|8
|
|t:|1779869046
|move|p1a: Pecharunt|Parting Shot|p2a: Kingambit
|-unboost|p2a: Kingambit|atk|1
|-unboost|p2a: Kingambit|spa|1
|
|t:|1779869048
|switch|p1a: Ogerpon|Ogerpon, F|100/100|[from] Parting Shot
|move|p2a: Kingambit|Swords Dance|p2a: Kingambit
|-boost|p2a: Kingambit|atk|2
|
|-heal|p2a: Kingambit|88/100|[from] item: Leftovers
|upkeep
|turn|9
|
|t:|1779869055
|-terastallize|p1a: Ogerpon|Grass
|detailschange|p1a: Ogerpon|Ogerpon-Teal-Tera, F, tera:Grass
|-ability|p1a: Ogerpon|Embody Aspect (Teal)|boost
|-boost|p1a: Ogerpon|spe|1
|-terastallize|p2a: Kingambit|Flying
|move|p1a: Ogerpon|Encore|p2a: Kingambit
|-start|p2a: Kingambit|Encore
|move|p2a: Kingambit|Swords Dance|p2a: Kingambit
|-boost|p2a: Kingambit|atk|2
|
|-heal|p2a: Kingambit|94/100|[from] item: Leftovers
|upkeep
|turn|10
|
|t:|1779869066
|-end|p2a: Kingambit|fallenundefined|[silent]
|switch|p2a: Zapdos|Zapdos|100/100
|move|p1a: Ogerpon|Ivy Cudgel|p2a: Zapdos
|-resisted|p2a: Zapdos
|-crit|p2a: Zapdos
|-damage|p2a: Zapdos|63/100
|
|upkeep
|turn|11
|
|t:|1779869069
|switch|p1a: Walking Wake|Walking Wake|100/100
|move|p2a: Zapdos|Hurricane|p1a: Walking Wake
|-damage|p1a: Walking Wake|50/100
|-start|p1a: Walking Wake|confusion
|
|upkeep
|turn|12
|
|t:|1779869071
|-activate|p1a: Walking Wake|confusion
|-damage|p1a: Walking Wake|42/100|[from] confusion
|move|p2a: Zapdos|Hurricane|p1a: Walking Wake|[miss]
|-miss|p2a: Zapdos|p1a: Walking Wake
|
|upkeep
|turn|13
|
|t:|1779869076
|switch|p2a: Slowking|Slowking-Galar, F|100/100
|-end|p1a: Walking Wake|confusion
|move|p1a: Walking Wake|Draco Meteor|p2a: Slowking
|-damage|p2a: Slowking|64/100
|-unboost|p1a: Walking Wake|spa|2
|
|upkeep
|turn|14
|
|t:|1779869084
|-end|p1a: Walking Wake|Protosynthesis|[silent]
|switch|p1a: Pecharunt|Pecharunt|100/100
|-damage|p1a: Pecharunt|88/100|[from] Stealth Rock
|move|p2a: Slowking|Future Sight|p1a: Pecharunt
|-start|p2a: Slowking|move: Future Sight
|
|upkeep
|turn|15
|
|t:|1779869086
|move|p1a: Pecharunt|Foul Play|p2a: Slowking
|-supereffective|p2a: Slowking
|-damage|p2a: Slowking|41/100
|-prepare|p2a: Slowking|Chilly Reception|[premajor]
|move|p2a: Slowking|Chilly Reception|p2a: Slowking
|-weather|Snowscape
|
|t:|1779869090
|switch|p2a: Kingambit|Kingambit, F, tera:Flying|94/100|[from] Chilly Reception
|
|-weather|Snowscape|[upkeep]
|-heal|p2a: Kingambit|99/100|[from] item: Leftovers
|upkeep
|turn|16
|
|t:|1779869095
|move|p1a: Pecharunt|Malignant Chain|p2a: Kingambit
|-damage|p2a: Kingambit|68/100
|move|p2a: Kingambit|Kowtow Cleave|p1a: Pecharunt
|-supereffective|p1a: Pecharunt
|-damage|p1a: Pecharunt|42/100
|
|-weather|Snowscape|[upkeep]
|-end|p1a: Pecharunt|move: Future Sight
|-supereffective|p1a: Pecharunt
|-damage|p1a: Pecharunt|0 fnt
|faint|p1a: Pecharunt
|-heal|p2a: Kingambit|75/100|[from] item: Leftovers
|upkeep
|
|t:|1779869102
|switch|p1a: Walking Wake|Walking Wake|42/100
|turn|17
|
|t:|1779869107
|move|p2a: Kingambit|Sucker Punch|p1a: Walking Wake
|-damage|p1a: Walking Wake|1/100
|move|p1a: Walking Wake|Draco Meteor|p2a: Kingambit
|-damage|p2a: Kingambit|10/100
|-unboost|p1a: Walking Wake|spa|2
|
|-weather|Snowscape|[upkeep]
|-heal|p2a: Kingambit|16/100|[from] item: Leftovers
|upkeep
|turn|18
|
|t:|1779869112
|move|p2a: Kingambit|Sucker Punch|p1a: Walking Wake
|-damage|p1a: Walking Wake|0 fnt
|faint|p1a: Walking Wake
|-end|p1a: Walking Wake|Protosynthesis|[silent]
|
|-weather|Snowscape|[upkeep]
|-heal|p2a: Kingambit|22/100|[from] item: Leftovers
|upkeep
|
|t:|1779869113
|switch|p1a: Gliscor|Gliscor, F|65/100 tox
|-damage|p1a: Gliscor|53/100 tox|[from] Stealth Rock
|turn|19
|
|t:|1779869118
|-end|p2a: Kingambit|fallenundefined|[silent]
|switch|p2a: Great Tusk|Great Tusk|79/100
|move|p1a: Gliscor|Toxic|p2a: Great Tusk
|-status|p2a: Great Tusk|tox
|
|-weather|none
|-damage|p2a: Great Tusk|73/100 tox|[from] psn
|-heal|p1a: Gliscor|65/100 tox|[from] ability: Poison Heal
|upkeep
|turn|20
|
|t:|1779869122
|move|p1a: Gliscor|Protect|p1a: Gliscor
|-singleturn|p1a: Gliscor|Protect
|move|p2a: Great Tusk|Rapid Spin|p1a: Gliscor
|-activate|p1a: Gliscor|move: Protect
|
|-damage|p2a: Great Tusk|60/100 tox|[from] psn
|-heal|p1a: Gliscor|78/100 tox|[from] ability: Poison Heal
|upkeep
|turn|21
|
|t:|1779869126
|move|p2a: Great Tusk|Rapid Spin|p1a: Gliscor
|-damage|p1a: Gliscor|66/100 tox
|-boost|p2a: Great Tusk|spe|1
|-sideend|p2: Kl2006|Spikes|[from] move: Rapid Spin|[of] p2a: Great Tusk
|move|p1a: Gliscor|Earthquake|p2a: Great Tusk
|-damage|p2a: Great Tusk|41/100 tox
|
|-damage|p2a: Great Tusk|23/100 tox|[from] psn
|-heal|p1a: Gliscor|78/100 tox|[from] ability: Poison Heal
|upkeep
|turn|22
|
|t:|1779869131
|-end|p2a: Great Tusk|Protosynthesis|[silent]
|switch|p2a: Alomomola|Alomomola, F|100/100
|move|p1a: Gliscor|Earthquake|p2a: Alomomola
|-damage|p2a: Alomomola|84/100
|
|-heal|p1a: Gliscor|91/100 tox|[from] ability: Poison Heal
|upkeep
|turn|23
|
|t:|1779869138
|move|p1a: Gliscor|Toxic|p2a: Alomomola|[miss]
|-miss|p1a: Gliscor|p2a: Alomomola
|move|p2a: Alomomola|Wish|p2a: Alomomola
|
|-heal|p1a: Gliscor|100/100 tox|[from] ability: Poison Heal
|upkeep
|turn|24
|
|t:|1779869142
|move|p1a: Gliscor|Toxic|p2a: Alomomola
|-status|p2a: Alomomola|tox
|move|p2a: Alomomola|Flip Turn|p1a: Gliscor
|-supereffective|p1a: Gliscor
|-damage|p1a: Gliscor|78/100 tox
|
|t:|1779869145
|switch|p2a: Garganacl|Garganacl, M|100/100|[from] Flip Turn
|
|-heal|p1a: Gliscor|91/100 tox|[from] ability: Poison Heal
|upkeep
|turn|25
|
|t:|1779869150
|switch|p1a: Ogerpon|Ogerpon-Teal-Tera, F, tera:Grass|100/100
|-ability|p1a: Ogerpon|Embody Aspect (Teal)|boost
|-boost|p1a: Ogerpon|spe|1
|move|p2a: Garganacl|Salt Cure|p1a: Ogerpon
|-damage|p1a: Ogerpon|82/100
|-start|p1a: Ogerpon|Salt Cure
|
|-damage|p1a: Ogerpon|69/100|[from] Salt Cure
|upkeep
|turn|26
|
|t:|1779869155
|move|p2a: Garganacl|Protect|p2a: Garganacl
|-singleturn|p2a: Garganacl|Protect
|move|p1a: Ogerpon|Ivy Cudgel|p2a: Garganacl
|-activate|p2a: Garganacl|move: Protect
|
|-damage|p1a: Ogerpon|57/100|[from] Salt Cure
|upkeep
|turn|27
|
|t:|1779869163
|switch|p2a: Zapdos|Zapdos|63/100
|move|p1a: Ogerpon|Ivy Cudgel|p2a: Zapdos
|-resisted|p2a: Zapdos
|-damage|p2a: Zapdos|40/100
|
|-damage|p1a: Ogerpon|45/100|[from] Salt Cure
|upkeep
|turn|28
|
|t:|1779869169
|move|p1a: Ogerpon|Knock Off|p2a: Zapdos
|-damage|p2a: Zapdos|16/100
|-enditem|p2a: Zapdos|Heavy-Duty Boots|[from] move: Knock Off|[of] p1a: Ogerpon
|move|p2a: Zapdos|Roost|p2a: Zapdos
|-heal|p2a: Zapdos|66/100
|-singleturn|p2a: Zapdos|move: Roost
|
|-damage|p1a: Ogerpon|32/100|[from] Salt Cure
|upkeep
|turn|29
|
|t:|1779869174
|switch|p1a: Blissey|Blissey, F|100/100
|switch|p2a: Garganacl|Garganacl, M|100/100
|
|upkeep
|turn|30
|
|t:|1779869182
|move|p1a: Blissey|Stealth Rock|p2a: Garganacl
|-sidestart|p2: Kl2006|move: Stealth Rock
|move|p2a: Garganacl|Salt Cure|p1a: Blissey
|-damage|p1a: Blissey|87/100
|-start|p1a: Blissey|Salt Cure
|
|-damage|p1a: Blissey|74/100|[from] Salt Cure
|upkeep
|turn|31
|
|t:|1779869189
|move|p1a: Blissey|Seismic Toss|p2a: Garganacl
|-damage|p2a: Garganacl|76/100
|move|p2a: Garganacl|Salt Cure|p1a: Blissey
|-crit|p1a: Blissey
|-damage|p1a: Blissey|54/100
|
|-heal|p2a: Garganacl|82/100|[from] item: Leftovers
|-damage|p1a: Blissey|41/100|[from] Salt Cure
|upkeep
|turn|32
|
|t:|1779869198
|switch|p2a: Alomomola|Alomomola, F|100/100 tox
|move|p1a: Blissey|Soft-Boiled|p1a: Blissey
|-heal|p1a: Blissey|91/100
|
|-damage|p2a: Alomomola|94/100 tox|[from] psn
|-damage|p1a: Blissey|79/100|[from] Salt Cure
|upkeep
|turn|33
|
|t:|1779869206
|switch|p1a: Ogerpon|Ogerpon-Teal-Tera, F, tera:Grass|32/100
|-ability|p1a: Ogerpon|Embody Aspect (Teal)|boost
|-boost|p1a: Ogerpon|spe|1
|move|p2a: Alomomola|Wish|p2a: Alomomola
|
|-damage|p2a: Alomomola|82/100 tox|[from] psn
|upkeep
|turn|34
|
|t:|1779869227
|switch|p2a: Zapdos|Zapdos|66/100
|-damage|p2a: Zapdos|41/100|[from] Stealth Rock
|move|p1a: Ogerpon|Ivy Cudgel|p2a: Zapdos
|-resisted|p2a: Zapdos
|-damage|p2a: Zapdos|18/100
|
|-heal|p2a: Zapdos|87/100|[from] move: Wish|[wisher] Alomomola
|upkeep
|turn|35
|
|t:|1779869233
|switch|p1a: Blissey|Blissey, F|79/100
|move|p2a: Zapdos|Hurricane|p1a: Blissey|[miss]
|-miss|p2a: Zapdos|p1a: Blissey
|
|upkeep
|turn|36
|
|t:|1779869238
|move|p2a: Zapdos|U-turn|p1a: Blissey
|-damage|p1a: Blissey|66/100
|
|t:|1779869240
|switch|p2a: Alomomola|Alomomola, F|100/100 tox|[from] U-turn
|move|p1a: Blissey|Seismic Toss|p2a: Alomomola
|-damage|p2a: Alomomola|82/100 tox
|
|-damage|p2a: Alomomola|76/100 tox|[from] psn
|upkeep
|turn|37
|
|t:|1779869247
|move|p2a: Alomomola|Wish|p2a: Alomomola
|move|p1a: Blissey|Soft-Boiled|p1a: Blissey
|-heal|p1a: Blissey|100/100
|
|-damage|p2a: Alomomola|63/100 tox|[from] psn
|upkeep
|turn|38
|
|t:|1779869257
|switch|p1a: Ogerpon|Ogerpon-Teal-Tera, F, tera:Grass|32/100
|-ability|p1a: Ogerpon|Embody Aspect (Teal)|boost
|-boost|p1a: Ogerpon|spe|1
|move|p2a: Alomomola|Flip Turn|p1a: Ogerpon
|-resisted|p1a: Ogerpon
|-damage|p1a: Ogerpon|22/100
|
|t:|1779869262
|switch|p2a: Kingambit|Kingambit, F, tera:Flying|22/100|[from] Flip Turn
|-damage|p2a: Kingambit|0 fnt|[from] Stealth Rock
|faint|p2a: Kingambit
|-end|p2a: Kingambit|fallenundefined|[silent]
|
|upkeep
|
|t:|1779869267
|switch|p2a: Slowking|Slowking-Galar, F|74/100
|turn|39
|
|t:|1779869272
|move|p1a: Ogerpon|Ivy Cudgel|p2a: Slowking
|-resisted|p2a: Slowking
|-damage|p2a: Slowking|42/100
|move|p2a: Slowking|Future Sight|p1a: Ogerpon
|-start|p2a: Slowking|move: Future Sight
|
|upkeep
|turn|40
|
|t:|1779869281
|switch|p2a: Zapdos|Zapdos|87/100
|-damage|p2a: Zapdos|63/100|[from] Stealth Rock
|move|p1a: Ogerpon|Ivy Cudgel|p2a: Zapdos
|-resisted|p2a: Zapdos
|-crit|p2a: Zapdos
|-damage|p2a: Zapdos|29/100
|
|upkeep
|turn|41
|
|t:|1779869290
|switch|p1a: Blissey|Blissey, F|100/100
|move|p2a: Zapdos|Roost|p2a: Zapdos
|-heal|p2a: Zapdos|79/100
|-singleturn|p2a: Zapdos|move: Roost
|
|-end|p1a: Blissey|move: Future Sight
|-damage|p1a: Blissey|87/100
|upkeep
|turn|42
|
|t:|1779869300
|move|p2a: Zapdos|U-turn|p1a: Blissey
|-damage|p1a: Blissey|74/100
|
|t:|1779869302
|switch|p2a: Garganacl|Garganacl, M|82/100|[from] U-turn
|-damage|p2a: Garganacl|70/100|[from] Stealth Rock
|move|p1a: Blissey|Calm Mind|p1a: Blissey
|-boost|p1a: Blissey|spa|1
|-boost|p1a: Blissey|spd|1
|
|-heal|p2a: Garganacl|76/100|[from] item: Leftovers
|upkeep
|turn|43
|
|t:|1779869309
|move|p1a: Blissey|Calm Mind|p1a: Blissey
|-boost|p1a: Blissey|spa|1
|-boost|p1a: Blissey|spd|1
|move|p2a: Garganacl|Salt Cure|p1a: Blissey
|-crit|p1a: Blissey
|-damage|p1a: Blissey|51/100
|-start|p1a: Blissey|Salt Cure
|
|-heal|p2a: Garganacl|82/100|[from] item: Leftovers
|-damage|p1a: Blissey|38/100|[from] Salt Cure
|upkeep
|turn|44
|
|t:|1779869320
|move|p1a: Blissey|Soft-Boiled|p1a: Blissey
|-heal|p1a: Blissey|88/100
|move|p2a: Garganacl|Salt Cure|p1a: Blissey
|-damage|p1a: Blissey|73/100
|
|-heal|p2a: Garganacl|88/100|[from] item: Leftovers
|-damage|p1a: Blissey|61/100|[from] Salt Cure
|upkeep
|turn|45
|
|t:|1779869331
|move|p1a: Blissey|Soft-Boiled|p1a: Blissey
|-heal|p1a: Blissey|100/100
|move|p2a: Garganacl|Salt Cure|p1a: Blissey
|-damage|p1a: Blissey|87/100
|
|-heal|p2a: Garganacl|94/100|[from] item: Leftovers
|-damage|p1a: Blissey|74/100|[from] Salt Cure
|upkeep
|turn|46
|
|t:|1779869342
|switch|p2a: Alomomola|Alomomola, F|97/100 tox
|move|p1a: Blissey|Seismic Toss|p2a: Alomomola
|-damage|p2a: Alomomola|78/100 tox
|
|-damage|p2a: Alomomola|72/100 tox|[from] psn
|-damage|p1a: Blissey|62/100|[from] Salt Cure
|upkeep
|turn|47
|
|t:|1779869348
|move|p2a: Alomomola|Wish|p2a: Alomomola
|move|p1a: Blissey|Soft-Boiled|p1a: Blissey
|-heal|p1a: Blissey|100/100
|
|-damage|p2a: Alomomola|59/100 tox|[from] psn
|-damage|p1a: Blissey|88/100|[from] Salt Cure
|upkeep
|turn|48
|
|t:|1779869359
|move|p2a: Alomomola|Flip Turn|p1a: Blissey
|-damage|p1a: Blissey|74/100
|
|t:|1779869363
|switch|p2a: Great Tusk|Great Tusk|23/100 tox|[from] Flip Turn
|move|p1a: Blissey|Seismic Toss|p2a: Great Tusk
|-damage|p2a: Great Tusk|0 fnt
|faint|p2a: Great Tusk
|-end|p2a: Great Tusk|Protosynthesis|[silent]
|
|-damage|p1a: Blissey|62/100|[from] Salt Cure
|upkeep
|
|t:|1779869367
|switch|p2a: Garganacl|Garganacl, M|94/100
|-damage|p2a: Garganacl|82/100|[from] Stealth Rock
|turn|49
|
|t:|1779869376
|move|p1a: Blissey|Soft-Boiled|p1a: Blissey
|-heal|p1a: Blissey|100/100
|move|p2a: Garganacl|Salt Cure|p1a: Blissey
|-damage|p1a: Blissey|86/100
|
|-heal|p2a: Garganacl|88/100|[from] item: Leftovers
|-damage|p1a: Blissey|74/100|[from] Salt Cure
|upkeep
|turn|50
|
|t:|1779869389
|move|p1a: Blissey|Seismic Toss|p2a: Garganacl
|-damage|p2a: Garganacl|63/100
|move|p2a: Garganacl|Salt Cure|p1a: Blissey
|-damage|p1a: Blissey|59/100
|
|-heal|p2a: Garganacl|70/100|[from] item: Leftovers
|-damage|p1a: Blissey|47/100|[from] Salt Cure
|upkeep
|turn|51
|
|t:|1779869403
|move|p1a: Blissey|Soft-Boiled|p1a: Blissey
|-heal|p1a: Blissey|97/100
|move|p2a: Garganacl|Salt Cure|p1a: Blissey
|-damage|p1a: Blissey|83/100
|
|-heal|p2a: Garganacl|76/100|[from] item: Leftovers
|-damage|p1a: Blissey|70/100|[from] Salt Cure
|upkeep
|turn|52
|
|t:|1779869415
|move|p1a: Blissey|Seismic Toss|p2a: Garganacl
|-damage|p2a: Garganacl|51/100
|move|p2a: Garganacl|Salt Cure|p1a: Blissey
|-damage|p1a: Blissey|57/100
|
|-heal|p2a: Garganacl|57/100|[from] item: Leftovers
|-damage|p1a: Blissey|44/100|[from] Salt Cure
|upkeep
|turn|53
|
|t:|1779869429
|move|p1a: Blissey|Soft-Boiled|p1a: Blissey
|-heal|p1a: Blissey|94/100
|move|p2a: Garganacl|Salt Cure|p1a: Blissey
|-damage|p1a: Blissey|79/100
|
|-heal|p2a: Garganacl|63/100|[from] item: Leftovers
|-damage|p1a: Blissey|66/100|[from] Salt Cure
|upkeep
|turn|54
|
|t:|1779869442
|switch|p1a: Gliscor|Gliscor, F|91/100 tox
|-damage|p1a: Gliscor|78/100 tox|[from] Stealth Rock
|move|p2a: Garganacl|Recover|p2a: Garganacl
|-heal|p2a: Garganacl|100/100
|
|-heal|p1a: Gliscor|91/100 tox|[from] ability: Poison Heal
|upkeep
|turn|55
|
|t:|1779869457
|move|p1a: Gliscor|Earthquake|p2a: Garganacl
|-supereffective|p2a: Garganacl
|-damage|p2a: Garganacl|69/100
|move|p2a: Garganacl|Salt Cure|p1a: Gliscor
|-damage|p1a: Gliscor|81/100 tox
|-start|p1a: Gliscor|Salt Cure
|
|-heal|p2a: Garganacl|75/100|[from] item: Leftovers
|-heal|p1a: Gliscor|94/100 tox|[from] ability: Poison Heal
|-damage|p1a: Gliscor|81/100 tox|[from] Salt Cure
|upkeep
|turn|56
|
|t:|1779869472
|switch|p2a: Zapdos|Zapdos|79/100
|-damage|p2a: Zapdos|54/100|[from] Stealth Rock
|move|p1a: Gliscor|Earthquake|p2a: Zapdos
|-immune|p2a: Zapdos
|
|-heal|p1a: Gliscor|94/100 tox|[from] ability: Poison Heal
|-damage|p1a: Gliscor|81/100 tox|[from] Salt Cure
|upkeep
|turn|57
|
|t:|1779869484
|move|p2a: Zapdos|Hurricane|p1a: Gliscor
|-damage|p1a: Gliscor|40/100 tox
|move|p1a: Gliscor|Toxic|p2a: Zapdos
|-status|p2a: Zapdos|tox
|
|-damage|p2a: Zapdos|48/100 tox|[from] psn
|-heal|p1a: Gliscor|53/100 tox|[from] ability: Poison Heal
|-damage|p1a: Gliscor|40/100 tox|[from] Salt Cure
|upkeep
|turn|58
|
|t:|1779869489
|move|p1a: Gliscor|Protect|p1a: Gliscor
|-singleturn|p1a: Gliscor|Protect
|move|p2a: Zapdos|Hurricane|p1a: Gliscor
|-activate|p1a: Gliscor|move: Protect
|
|-damage|p2a: Zapdos|36/100 tox|[from] psn
|-heal|p1a: Gliscor|53/100 tox|[from] ability: Poison Heal
|-damage|p1a: Gliscor|40/100 tox|[from] Salt Cure
|upkeep
|turn|59
|
|t:|1779869494
|switch|p1a: Blissey|Blissey, F|66/100
|move|p2a: Zapdos|Roost|p2a: Zapdos
|-heal|p2a: Zapdos|86/100 tox
|-singleturn|p2a: Zapdos|move: Roost
|
|-damage|p2a: Zapdos|68/100 tox|[from] psn
|upkeep
|turn|60
|
|t:|1779869500
|switch|p1a: Gliscor|Gliscor, F|40/100 tox
|-damage|p1a: Gliscor|28/100 tox|[from] Stealth Rock
|move|p2a: Zapdos|U-turn|p1a: Gliscor
|-resisted|p1a: Gliscor
|-damage|p1a: Gliscor|23/100 tox
|
|t:|1779869504
|switch|p2a: Garganacl|Garganacl, M|75/100|[from] U-turn
|-damage|p2a: Garganacl|63/100|[from] Stealth Rock
|
|-heal|p2a: Garganacl|69/100|[from] item: Leftovers
|-heal|p1a: Gliscor|35/100 tox|[from] ability: Poison Heal
|upkeep
|turn|61
|
|t:|1779869514
|move|p1a: Gliscor|Protect|p1a: Gliscor
|-singleturn|p1a: Gliscor|Protect
|move|p2a: Garganacl|Salt Cure|p1a: Gliscor
|-activate|p1a: Gliscor|move: Protect
|
|-heal|p2a: Garganacl|75/100|[from] item: Leftovers
|-heal|p1a: Gliscor|48/100 tox|[from] ability: Poison Heal
|upkeep
|turn|62
|
|t:|1779869522
|move|p1a: Gliscor|Earthquake|p2a: Garganacl
|-supereffective|p2a: Garganacl
|-damage|p2a: Garganacl|44/100
|move|p2a: Garganacl|Salt Cure|p1a: Gliscor
|-damage|p1a: Gliscor|37/100 tox
|-start|p1a: Gliscor|Salt Cure
|
|-heal|p2a: Garganacl|50/100|[from] item: Leftovers
|-heal|p1a: Gliscor|49/100 tox|[from] ability: Poison Heal
|-damage|p1a: Gliscor|37/100 tox|[from] Salt Cure
|upkeep
|turn|63
|
|t:|1779869533
|move|p1a: Gliscor|Earthquake|p2a: Garganacl
|-supereffective|p2a: Garganacl
|-damage|p2a: Garganacl|14/100
|move|p2a: Garganacl|Recover|p2a: Garganacl
|-heal|p2a: Garganacl|64/100
|
|-heal|p2a: Garganacl|71/100|[from] item: Leftovers
|-heal|p1a: Gliscor|49/100 tox|[from] ability: Poison Heal
|-damage|p1a: Gliscor|37/100 tox|[from] Salt Cure
|upkeep
|turn|64
|
|t:|1779869542
|move|p2a: Garganacl|Protect|p2a: Garganacl
|-singleturn|p2a: Garganacl|Protect
|move|p1a: Gliscor|Earthquake|p2a: Garganacl
|-activate|p2a: Garganacl|move: Protect
|
|-heal|p2a: Garganacl|77/100|[from] item: Leftovers
|-heal|p1a: Gliscor|49/100 tox|[from] ability: Poison Heal
|-damage|p1a: Gliscor|37/100 tox|[from] Salt Cure
|upkeep
|turn|65
|
|t:|1779869549
|switch|p2a: Zapdos|Zapdos|68/100 tox
|-damage|p2a: Zapdos|44/100 tox|[from] Stealth Rock
|move|p1a: Gliscor|Earthquake|p2a: Zapdos
|-immune|p2a: Zapdos
|
|-damage|p2a: Zapdos|38/100 tox|[from] psn
|-heal|p1a: Gliscor|49/100 tox|[from] ability: Poison Heal
|-damage|p1a: Gliscor|37/100 tox|[from] Salt Cure
|upkeep
|turn|66
|
|t:|1779869554
|switch|p1a: Blissey|Blissey, F|66/100
|move|p2a: Zapdos|Roost|p2a: Zapdos
|-heal|p2a: Zapdos|88/100 tox
|-singleturn|p2a: Zapdos|move: Roost
|
|-damage|p2a: Zapdos|76/100 tox|[from] psn
|upkeep
|turn|67
|
|t:|1779869559
|switch|p1a: Gliscor|Gliscor, F|37/100 tox
|-damage|p1a: Gliscor|24/100 tox|[from] Stealth Rock
|move|p2a: Zapdos|U-turn|p1a: Gliscor
|-resisted|p1a: Gliscor
|-damage|p1a: Gliscor|19/100 tox
|
|t:|1779869564
|switch|p2a: Alomomola|Alomomola, F|93/100 tox|[from] U-turn
|
|-heal|p1a: Gliscor|32/100 tox|[from] ability: Poison Heal
|-damage|p2a: Alomomola|86/100 tox|[from] psn
|upkeep
|turn|68
|
|t:|1779869572
|move|p1a: Gliscor|Protect|p1a: Gliscor
|-singleturn|p1a: Gliscor|Protect
|move|p2a: Alomomola|Scald|p1a: Gliscor
|-activate|p1a: Gliscor|move: Protect
|
|-heal|p1a: Gliscor|44/100 tox|[from] ability: Poison Heal
|-damage|p2a: Alomomola|74/100 tox|[from] psn
|upkeep
|turn|69
|
|t:|1779869578
|switch|p1a: Ogerpon|Ogerpon-Teal-Tera, F, tera:Grass|22/100
|-ability|p1a: Ogerpon|Embody Aspect (Teal)|boost
|-boost|p1a: Ogerpon|spe|1
|move|p2a: Alomomola|Scald|p1a: Ogerpon
|-resisted|p1a: Ogerpon
|-damage|p1a: Ogerpon|14/100
|-status|p1a: Ogerpon|brn
|
|-damage|p2a: Alomomola|56/100 tox|[from] psn
|-damage|p1a: Ogerpon|8/100 brn|[from] brn
|upkeep
|turn|70
|
|t:|1779869583
|move|p2a: Alomomola|Protect|p2a: Alomomola
|-singleturn|p2a: Alomomola|Protect
|move|p1a: Ogerpon|Ivy Cudgel|p2a: Alomomola
|-activate|p2a: Alomomola|move: Protect
|
|-damage|p2a: Alomomola|31/100 tox|[from] psn
|-damage|p1a: Ogerpon|2/100 brn|[from] brn
|upkeep
|turn|71
|
|t:|1779869587
|switch|p2a: Slowking|Slowking-Galar, F|76/100
|move|p1a: Ogerpon|Ivy Cudgel|p2a: Slowking
|-resisted|p2a: Slowking
|-damage|p2a: Slowking|58/100
|
|-damage|p1a: Ogerpon|0 fnt|[from] brn
|faint|p1a: Ogerpon
|detailschange|p1: Ogerpon|Ogerpon, F|[silent]
|upkeep
|
|t:|1779869592
|switch|p1a: Gliscor|Gliscor, F|44/100 tox
|-damage|p1a: Gliscor|32/100 tox|[from] Stealth Rock
|turn|72
|
|t:|1779869602
|move|p1a: Gliscor|Earthquake|p2a: Slowking
|-supereffective|p2a: Slowking
|-damage|p2a: Slowking|0 fnt
|faint|p2a: Slowking
|
|-heal|p1a: Gliscor|44/100 tox|[from] ability: Poison Heal
|upkeep
|
|t:|1779869605
|switch|p2a: Zapdos|Zapdos|76/100 tox
|-damage|p2a: Zapdos|51/100 tox|[from] Stealth Rock
|turn|73
|
|t:|1779869610
|move|p1a: Gliscor|Protect|p1a: Gliscor
|-singleturn|p1a: Gliscor|Protect
|move|p2a: Zapdos|Roost|p2a: Zapdos
|-heal|p2a: Zapdos|100/100 tox
|-singleturn|p2a: Zapdos|move: Roost
|
|-damage|p2a: Zapdos|94/100 tox|[from] psn
|-heal|p1a: Gliscor|56/100 tox|[from] ability: Poison Heal
|upkeep
|turn|74
|
|t:|1779869615
|move|p2a: Zapdos|Hurricane|p1a: Gliscor
|-damage|p1a: Gliscor|20/100 tox
|move|p1a: Gliscor|Spikes|p2a: Zapdos
|-sidestart|p2: Kl2006|Spikes
|
|-damage|p2a: Zapdos|82/100 tox|[from] psn
|-heal|p1a: Gliscor|32/100 tox|[from] ability: Poison Heal
|upkeep
|turn|75
|
|t:|1779869624
|move|p1a: Gliscor|Protect|p1a: Gliscor
|-singleturn|p1a: Gliscor|Protect
|move|p2a: Zapdos|Discharge|p1a: Gliscor
|-activate|p1a: Gliscor|move: Protect
|
|-damage|p2a: Zapdos|64/100 tox|[from] psn
|-heal|p1a: Gliscor|45/100 tox|[from] ability: Poison Heal
|upkeep
|turn|76
|
|t:|1779869631
|move|p2a: Zapdos|Hurricane|p1a: Gliscor
|-damage|p1a: Gliscor|2/100 tox
|-start|p1a: Gliscor|confusion
|-activate|p1a: Gliscor|confusion
|move|p1a: Gliscor|Spikes|p2a: Zapdos
|-sidestart|p2: Kl2006|Spikes
|
|-damage|p2a: Zapdos|40/100 tox|[from] psn
|-heal|p1a: Gliscor|15/100 tox|[from] ability: Poison Heal
|upkeep
|turn|77
|
|t:|1779869638
|-activate|p1a: Gliscor|confusion
|move|p1a: Gliscor|Protect|p1a: Gliscor
|-singleturn|p1a: Gliscor|Protect
|move|p2a: Zapdos|Roost|p2a: Zapdos
|-heal|p2a: Zapdos|91/100 tox
|-singleturn|p2a: Zapdos|move: Roost
|
|-damage|p2a: Zapdos|61/100 tox|[from] psn
|-heal|p1a: Gliscor|27/100 tox|[from] ability: Poison Heal
|upkeep
|turn|78
|
|t:|1779869644
|move|p2a: Zapdos|Hurricane|p1a: Gliscor
|-damage|p1a: Gliscor|0 fnt
|faint|p1a: Gliscor
|
|-damage|p2a: Zapdos|25/100 tox|[from] psn
|upkeep
|
|t:|1779869651
|switch|p1a: Blissey|Blissey, F|66/100
|turn|79
|
|t:|1779869660
|switch|p1a: Corviknight|Corviknight, F|100/100
|-ability|p1a: Corviknight|Pressure
|move|p2a: Zapdos|Discharge|p1a: Corviknight
|-supereffective|p1a: Corviknight
|-damage|p1a: Corviknight|31/100
|-status|p1a: Corviknight|par
|
|-damage|p2a: Zapdos|0 fnt|[from] psn
|faint|p2a: Zapdos
|upkeep
|
|t:|1779869662
|switch|p2a: Garganacl|Garganacl, M|77/100
|-damage|p2a: Garganacl|64/100|[from] Stealth Rock
|-damage|p2a: Garganacl|48/100|[from] Spikes
|turn|80
|
|t:|1779869667
|move|p2a: Garganacl|Recover|p2a: Garganacl
|-heal|p2a: Garganacl|98/100
|move|p1a: Corviknight|Roost|p1a: Corviknight
|-heal|p1a: Corviknight|81/100 par
|-singleturn|p1a: Corviknight|move: Roost
|
|-heal|p2a: Garganacl|100/100|[from] item: Leftovers
|upkeep
|turn|81
|
|t:|1779869672
|move|p2a: Garganacl|Salt Cure|p1a: Corviknight
|-damage|p1a: Corviknight|72/100 par
|-start|p1a: Corviknight|Salt Cure
|move|p1a: Corviknight|Roost|p1a: Corviknight
|-heal|p1a: Corviknight|100/100 par
|-singleturn|p1a: Corviknight|move: Roost
|
|-damage|p1a: Corviknight|76/100 par|[from] Salt Cure
|upkeep
|turn|82
|
|t:|1779869678
|switch|p2a: Alomomola|Alomomola, F|64/100 tox
|move|p1a: Corviknight|Roost|p1a: Corviknight
|-heal|p1a: Corviknight|100/100 par
|-singleturn|p1a: Corviknight|move: Roost
|
|-damage|p2a: Alomomola|58/100 tox|[from] psn
|-damage|p1a: Corviknight|76/100 par|[from] Salt Cure
|upkeep
|turn|83
|
|t:|1779869686
|move|p2a: Alomomola|Flip Turn|p1a: Corviknight
|-damage|p1a: Corviknight|66/100 par
|
|t:|1779869688
|switch|p2a: Garganacl|Garganacl, M|100/100|[from] Flip Turn
|-damage|p2a: Garganacl|88/100|[from] Stealth Rock
|-damage|p2a: Garganacl|72/100|[from] Spikes
|cant|p1a: Corviknight|par
|
|-heal|p2a: Garganacl|78/100|[from] item: Leftovers
|-damage|p1a: Corviknight|41/100 par|[from] Salt Cure
|upkeep
|turn|84
|
|t:|1779869696
|switch|p2a: Alomomola|Alomomola, F|91/100 tox
|move|p1a: Corviknight|Roost|p1a: Corviknight
|-heal|p1a: Corviknight|91/100 par
|-singleturn|p1a: Corviknight|move: Roost
|
|-damage|p2a: Alomomola|85/100 tox|[from] psn
|-damage|p1a: Corviknight|67/100 par|[from] Salt Cure
|upkeep
|turn|85
|
|t:|1779869701
|move|p2a: Alomomola|Flip Turn|p1a: Corviknight
|-damage|p1a: Corviknight|57/100 par
|
|t:|1779869704
|switch|p2a: Garganacl|Garganacl, M|78/100|[from] Flip Turn
|-damage|p2a: Garganacl|65/100|[from] Stealth Rock
|-damage|p2a: Garganacl|49/100|[from] Spikes
|move|p1a: Corviknight|U-turn|p2a: Garganacl
|-damage|p2a: Garganacl|41/100
|
|t:|1779869709
|switch|p1a: Blissey|Blissey, F|66/100|[from] U-turn
|
|-heal|p2a: Garganacl|48/100|[from] item: Leftovers
|upkeep
|turn|86
|
|t:|1779869718
|switch|p1a: Corviknight|Corviknight, F|57/100 par
|-ability|p1a: Corviknight|Pressure
|move|p2a: Garganacl|Salt Cure|p1a: Corviknight
|-damage|p1a: Corviknight|48/100 par
|-start|p1a: Corviknight|Salt Cure
|
|-heal|p2a: Garganacl|54/100|[from] item: Leftovers
|-damage|p1a: Corviknight|23/100 par|[from] Salt Cure
|upkeep
|turn|87
|
|t:|1779869724
|switch|p2a: Alomomola|Alomomola, F|100/100 tox
|move|p1a: Corviknight|Roost|p1a: Corviknight
|-heal|p1a: Corviknight|74/100 par
|-singleturn|p1a: Corviknight|move: Roost
|
|-damage|p2a: Alomomola|94/100 tox|[from] psn
|-damage|p1a: Corviknight|49/100 par|[from] Salt Cure
|upkeep
|turn|88
|
|t:|1779869729
|switch|p1a: Blissey|Blissey, F|66/100
|move|p2a: Alomomola|Wish|p2a: Alomomola
|
|-damage|p2a: Alomomola|82/100 tox|[from] psn
|upkeep
|turn|89
|
|t:|1779869734
|move|p2a: Alomomola|Flip Turn|p1a: Blissey
|-damage|p1a: Blissey|51/100
|
|t:|1779869738
|switch|p2a: Garganacl|Garganacl, M|54/100|[from] Flip Turn
|-damage|p2a: Garganacl|41/100|[from] Stealth Rock
|-damage|p2a: Garganacl|25/100|[from] Spikes
|move|p1a: Blissey|Seismic Toss|p2a: Garganacl
|-damage|p2a: Garganacl|0 fnt
|faint|p2a: Garganacl
|
|upkeep
|-message|Kl2006 forfeited.
|
|win|claudechamp
|raw|claudechamp's rating: 1221 &rarr; <strong>1250</strong><br />(+29 for winning)
|raw|Kl2006's rating: 1276 &rarr; <strong>1247</strong><br />(-29 for losing)
|c|☆claudechamp|gg
|l|☆Kl2006
|player|p2|
