|j|☆1 euro de l'H
|j|☆tokiwakano
|t:|1779948446
|gametype|singles
|player|p1|1 euro de l'H|artist-gen4|1756
|player|p2|tokiwakano|acetrainerf|1712
|gen|9
|tier|[Gen 9] OU
|rated|
|rule|HP Percentage Mod: HP is shown in percentages
|rule|Endless Battle Clause: Forcing endless battles is banned
|rule|Species Clause: Limit one of each Pokémon
|rule|OHKO Clause: OHKO moves are banned
|rule|Evasion Items Clause: Evasion items are banned
|rule|Evasion Moves Clause: Evasion moves are banned
|rule|Evasion Abilities Clause: Evasion abilities are banned
|rule|Sleep Moves Clause: Sleep-inducing moves are banned
|clearpoke
|poke|p1|Kyurem|
|poke|p1|Gholdengo|
|poke|p1|Landorus-Therian, M|
|poke|p1|Ogerpon-Wellspring, F|
|poke|p1|Iron Valiant|
|poke|p1|Regieleki|
|poke|p2|Excadrill, F|
|poke|p2|Tyranitar, F|
|poke|p2|Enamorus, F|
|poke|p2|Hydrapple, M|
|poke|p2|Alomomola, M|
|poke|p2|Garganacl, F|
|teampreview
|inactive|Battle timer is ON: inactive players will automatically lose when time's up. (requested by tokiwakano)
|c|☆1 euro de l'H|HF
|
|t:|1779948467
|teamsize|p1|6
|teamsize|p2|6
|start
|switch|p1a: Landorus|Landorus-Therian, M|100/100
|switch|p2a: Enamorus|Enamorus, F|100/100
|-ability|p1a: Landorus|Intimidate|boost
|-boost|p2a: Enamorus|atk|1
|turn|1
|
|t:|1779948473
|move|p2a: Enamorus|Moonblast|p1a: Landorus
|-damage|p1a: Landorus|40/100
|move|p1a: Landorus|Stealth Rock|p2a: Enamorus
|-sidestart|p2: tokiwakano|move: Stealth Rock
|
|upkeep
|turn|2
|
|t:|1779948478
|switch|p1a: Gholdengo|Gholdengo|100/100
|move|p2a: Enamorus|Moonblast|p1a: Gholdengo
|-resisted|p1a: Gholdengo
|-damage|p1a: Gholdengo|66/100
|
|upkeep
|turn|3
|
|t:|1779948483
|switch|p2a: Alomomola|Alomomola, M|100/100
|-damage|p2a: Alomomola|88/100|[from] Stealth Rock
|move|p1a: Gholdengo|Make It Rain|p2a: Alomomola
|-resisted|p2a: Alomomola
|-damage|p2a: Alomomola|66/100
|-unboost|p1a: Gholdengo|spa|1
|
|upkeep
|turn|4
|
|t:|1779948487
|switch|p1a: Ogerpon|Ogerpon-Wellspring, F|100/100
|move|p2a: Alomomola|Body Slam|p1a: Ogerpon
|-damage|p1a: Ogerpon|81/100
|-status|p1a: Ogerpon|par
|
|upkeep
|turn|5
|
|t:|1779948493
|switch|p2a: Hydrapple|Hydrapple, M|100/100
|-damage|p2a: Hydrapple|88/100|[from] Stealth Rock
|move|p1a: Ogerpon|U-turn|p2a: Hydrapple
|-supereffective|p2a: Hydrapple
|-damage|p2a: Hydrapple|58/100
|-damage|p1a: Ogerpon|64/100 par|[from] item: Rocky Helmet|[of] p2a: Hydrapple
|
|t:|1779948498
|switch|p1a: Kyurem|Kyurem|100/100|[from] U-turn
|-ability|p1a: Kyurem|Pressure
|
|upkeep
|turn|6
|
|t:|1779948502
|switch|p2a: Garganacl|Garganacl, F|100/100
|-damage|p2a: Garganacl|88/100|[from] Stealth Rock
|move|p1a: Kyurem|Earth Power|p2a: Garganacl
|-supereffective|p2a: Garganacl
|-damage|p2a: Garganacl|41/100
|
|-heal|p2a: Garganacl|48/100|[from] item: Leftovers
|upkeep
|turn|7
|
|t:|1779948507
|move|p2a: Garganacl|Protect|p2a: Garganacl
|-singleturn|p2a: Garganacl|Protect
|move|p1a: Kyurem|Earth Power|p2a: Garganacl
|-activate|p2a: Garganacl|move: Protect
|
|-heal|p2a: Garganacl|54/100|[from] item: Leftovers
|upkeep
|turn|8
|
|t:|1779948513
|-terastallize|p2a: Garganacl|Fairy
|move|p1a: Kyurem|Earth Power|p2a: Garganacl
|-damage|p2a: Garganacl|31/100
|move|p2a: Garganacl|Recover|p2a: Garganacl
|-heal|p2a: Garganacl|81/100
|
|-heal|p2a: Garganacl|87/100|[from] item: Leftovers
|upkeep
|turn|9
|
|t:|1779948522
|switch|p1a: Landorus|Landorus-Therian, M|40/100
|-ability|p1a: Landorus|Intimidate|boost
|-unboost|p2a: Garganacl|atk|1
|move|p2a: Garganacl|Stealth Rock|p1a: Landorus
|-sidestart|p1: 1 euro de l'H|move: Stealth Rock
|
|-heal|p2a: Garganacl|93/100|[from] item: Leftovers
|upkeep
|turn|10
|
|t:|1779948526
|move|p1a: Landorus|Earth Power|p2a: Garganacl
|-damage|p2a: Garganacl|69/100
|move|p2a: Garganacl|Salt Cure|p1a: Landorus
|-damage|p1a: Landorus|31/100
|-start|p1a: Landorus|Salt Cure
|
|-heal|p2a: Garganacl|76/100|[from] item: Leftovers
|-damage|p1a: Landorus|19/100|[from] Salt Cure
|upkeep
|turn|11
|
|t:|1779948531
|move|p2a: Garganacl|Protect|p2a: Garganacl
|-singleturn|p2a: Garganacl|Protect
|move|p1a: Landorus|Taunt|p2a: Garganacl
|-activate|p2a: Garganacl|move: Protect
|
|-heal|p2a: Garganacl|82/100|[from] item: Leftovers
|-damage|p1a: Landorus|6/100|[from] Salt Cure
|upkeep
|turn|12
|
|t:|1779948534
|move|p1a: Landorus|Earth Power|p2a: Garganacl
|-damage|p2a: Garganacl|61/100
|move|p2a: Garganacl|Recover|p2a: Garganacl
|-heal|p2a: Garganacl|100/100
|
|-damage|p1a: Landorus|0 fnt|[from] Salt Cure
|faint|p1a: Landorus
|upkeep
|
|t:|1779948539
|switch|p1a: Gholdengo|Gholdengo|66/100
|-damage|p1a: Gholdengo|60/100|[from] Stealth Rock
|turn|13
|
|t:|1779948543
|switch|p2a: Alomomola|Alomomola, M|99/100
|-damage|p2a: Alomomola|87/100|[from] Stealth Rock
|move|p1a: Gholdengo|Nasty Plot|p1a: Gholdengo
|-boost|p1a: Gholdengo|spa|2
|
|upkeep
|turn|14
|
|t:|1779948546
|move|p1a: Gholdengo|Thunderbolt|p2a: Alomomola
|-supereffective|p2a: Alomomola
|-damage|p2a: Alomomola|11/100
|move|p2a: Alomomola|Flip Turn|p1a: Gholdengo
|-damage|p1a: Gholdengo|40/100
|
|t:|1779948553
|switch|p2a: Enamorus|Enamorus, F|100/100|[from] Flip Turn
|-damage|p2a: Enamorus|76/100|[from] Stealth Rock
|
|upkeep
|turn|15
|
|t:|1779948558
|switch|p1a: Ogerpon|Ogerpon-Wellspring, F|64/100 par
|-damage|p1a: Ogerpon|52/100 par|[from] Stealth Rock
|move|p2a: Enamorus|Mystical Fire|p1a: Ogerpon
|-damage|p1a: Ogerpon|18/100 par
|-unboost|p1a: Ogerpon|spa|1
|
|upkeep
|turn|16
|
|t:|1779948564
|move|p2a: Enamorus|Mystical Fire|p1a: Ogerpon
|-damage|p1a: Ogerpon|0 fnt
|faint|p1a: Ogerpon
|
|upkeep
|
|t:|1779948569
|switch|p1a: Regieleki|Regieleki|100/100
|turn|17
|
|t:|1779948573
|move|p1a: Regieleki|Rapid Spin|p2a: Enamorus
|-damage|p2a: Enamorus|58/100
|-boost|p1a: Regieleki|spe|1
|-sideend|p1: 1 euro de l'H|Stealth Rock|[from] move: Rapid Spin|[of] p1a: Regieleki
|move|p2a: Enamorus|Mystical Fire|p1a: Regieleki
|-damage|p1a: Regieleki|47/100
|-unboost|p1a: Regieleki|spa|1
|
|upkeep
|turn|18
|
|t:|1779948579
|switch|p2a: Excadrill|Excadrill, F|100/100
|-damage|p2a: Excadrill|97/100|[from] Stealth Rock
|move|p1a: Regieleki|Volt Switch|p2a: Excadrill
|-immune|p2a: Excadrill
|
|-heal|p2a: Excadrill|100/100|[from] item: Leftovers
|upkeep
|turn|19
|
|t:|1779948583
|switch|p1a: Gholdengo|Gholdengo|40/100
|move|p2a: Excadrill|Substitute|p2a: Excadrill
|-start|p2a: Excadrill|Substitute
|-damage|p2a: Excadrill|76/100
|
|-heal|p2a: Excadrill|82/100|[from] item: Leftovers
|upkeep
|turn|20
|
|t:|1779948588
|move|p2a: Excadrill|Earthquake|p1a: Gholdengo
|-supereffective|p1a: Gholdengo
|-damage|p1a: Gholdengo|0 fnt
|faint|p1a: Gholdengo
|
|-heal|p2a: Excadrill|88/100|[from] item: Leftovers
|upkeep
|
|t:|1779948592
|switch|p1a: Kyurem|Kyurem|100/100
|-ability|p1a: Kyurem|Pressure
|turn|21
|
|t:|1779948596
|move|p2a: Excadrill|Iron Head|p1a: Kyurem
|-supereffective|p1a: Kyurem
|-damage|p1a: Kyurem|20/100
|move|p1a: Kyurem|Ice Beam|p2a: Excadrill
|-end|p2a: Excadrill|Substitute
|
|-heal|p2a: Excadrill|94/100|[from] item: Leftovers
|upkeep
|turn|22
|
|t:|1779948603
|switch|p1a: Regieleki|Regieleki|47/100
|move|p2a: Excadrill|Iron Head|p1a: Regieleki
|-resisted|p1a: Regieleki
|-damage|p1a: Regieleki|0 fnt
|faint|p1a: Regieleki
|
|-heal|p2a: Excadrill|99/100|[from] item: Leftovers
|upkeep
|
|t:|1779948606
|switch|p1a: Iron Valiant|Iron Valiant|100/100
|turn|23
|
|t:|1779948611
|switch|p2a: Alomomola|Alomomola, M|44/100
|-damage|p2a: Alomomola|31/100|[from] Stealth Rock
|move|p1a: Iron Valiant|Moonblast|p2a: Alomomola
|-damage|p2a: Alomomola|8/100
|-unboost|p2a: Alomomola|spa|1
|
|upkeep
|turn|24
|
|t:|1779948613
|move|p1a: Iron Valiant|Moonblast|p2a: Alomomola
|-damage|p2a: Alomomola|0 fnt
|faint|p2a: Alomomola
|
|upkeep
|
|t:|1779948615
|switch|p2a: Enamorus|Enamorus, F|58/100
|-damage|p2a: Enamorus|33/100|[from] Stealth Rock
|turn|25
|
|t:|1779948617
|move|p1a: Iron Valiant|Moonblast|p2a: Enamorus
|-damage|p2a: Enamorus|0 fnt
|faint|p2a: Enamorus
|
|upkeep
|
|t:|1779948619
|switch|p2a: Excadrill|Excadrill, F|99/100
|-damage|p2a: Excadrill|97/100|[from] Stealth Rock
|turn|26
|
|t:|1779948626
|-terastallize|p1a: Iron Valiant|Ghost
|move|p1a: Iron Valiant|Moonblast|p2a: Excadrill
|-resisted|p2a: Excadrill
|-damage|p2a: Excadrill|68/100
|move|p2a: Excadrill|Substitute|p2a: Excadrill
|-start|p2a: Excadrill|Substitute
|-damage|p2a: Excadrill|43/100
|
|-heal|p2a: Excadrill|49/100|[from] item: Leftovers
|upkeep
|turn|27
|
|t:|1779948631
|move|p1a: Iron Valiant|Moonblast|p2a: Excadrill
|-resisted|p2a: Excadrill
|-end|p2a: Excadrill|Substitute
|move|p2a: Excadrill|Earthquake|p1a: Iron Valiant
|-damage|p1a: Iron Valiant|19/100
|
|-heal|p2a: Excadrill|55/100|[from] item: Leftovers
|upkeep
|turn|28
|
|t:|1779948634
|move|p1a: Iron Valiant|Moonblast|p2a: Excadrill
|-resisted|p2a: Excadrill
|-damage|p2a: Excadrill|26/100
|move|p2a: Excadrill|Earthquake|p1a: Iron Valiant
|-damage|p1a: Iron Valiant|0 fnt
|faint|p1a: Iron Valiant
|-end|p1a: Iron Valiant|Quark Drive|[silent]
|
|-heal|p2a: Excadrill|32/100|[from] item: Leftovers
|upkeep
|
|t:|1779948637
|switch|p1a: Kyurem|Kyurem|20/100
|-ability|p1a: Kyurem|Pressure
|turn|29
|
|t:|1779948639
|move|p2a: Excadrill|Earthquake|p1a: Kyurem
|-damage|p1a: Kyurem|0 fnt
|faint|p1a: Kyurem
|
|win|tokiwakano
|raw|1 euro de l&apos;H's rating: 1756 &rarr; <strong>1733</strong><br />(-23 for losing)
|raw|tokiwakano's rating: 1712 &rarr; <strong>1735</strong><br />(+23 for winning)
|l|☆1 euro de l'H
|player|p1|
|l|☆tokiwakano
|player|p2|
