|j|☆somsleep
|j|☆Sluttina
|t:|1779858778
|gametype|singles
|player|p1|somsleep|169|1437
|player|p2|Sluttina|170|1379
|gen|9
|tier|[Gen 9] OU
|rated|
|rule|HP Percentage Mod: HP is shown in percentages
|rule|Endless Battle Clause: Forcing endless battles is banned
|rule|Species Clause: Limit one of each Pokémon
|rule|OHKO Clause: OHKO moves are banned
|rule|Evasion Items Clause: Evasion items are banned
|rule|Evasion Moves Clause: Evasion moves are banned
|rule|Evasion Abilities Clause: Evasion abilities are banned
|rule|Sleep Moves Clause: Sleep-inducing moves are banned
|clearpoke
|poke|p1|Abomasnow, M|
|poke|p1|Cetitan, F|
|poke|p1|Rotom|
|poke|p1|Illumise, F|
|poke|p1|Keldeo-Resolute|
|poke|p1|Iron Treads|
|poke|p2|Darkrai|
|poke|p2|Raging Bolt|
|poke|p2|Ogerpon-Wellspring, F|
|poke|p2|Great Tusk|
|poke|p2|Slowking-Galar, F|
|poke|p2|Corviknight, F|
|teampreview
|inactive|Battle timer is ON: inactive players will automatically lose when time's up. (requested by Sluttina)
|
|t:|1779858797
|teamsize|p1|6
|teamsize|p2|6
|start
|switch|p1a: Rotom|Rotom|100/100
|switch|p2a: Raging Bolt|Raging Bolt|100/100
|turn|1
|
|t:|1779858807
|move|p1a: Rotom|Trick|p2a: Raging Bolt
|-activate|p1a: Rotom|move: Trick|[of] p2a: Raging Bolt
|-item|p2a: Raging Bolt|Choice Scarf|[from] move: Trick
|-item|p1a: Rotom|Choice Specs|[from] move: Trick
|move|p2a: Raging Bolt|Volt Switch|p1a: Rotom
|-resisted|p1a: Rotom
|-damage|p1a: Rotom|71/100
|
|t:|1779858817
|-end|p2a: Raging Bolt|Protosynthesis|[silent]
|switch|p2a: Darkrai|Darkrai|100/100|[from] Volt Switch
|
|upkeep
|turn|2
|
|t:|1779858821
|switch|p1a: Keldeo|Keldeo-Resolute|100/100
|move|p2a: Darkrai|Dark Pulse|p1a: Keldeo
|-resisted|p1a: Keldeo
|-damage|p1a: Keldeo|76/100
|-ability|p1a: Keldeo|Justified|boost
|-boost|p1a: Keldeo|atk|1
|
|-heal|p1a: Keldeo|83/100|[from] item: Leftovers
|upkeep
|turn|3
|
|t:|1779858833
|switch|p2a: Slowking|Slowking-Galar, F|100/100
|move|p1a: Keldeo|Secret Sword|p2a: Slowking
|-resisted|p2a: Slowking
|-damage|p2a: Slowking|89/100
|
|-heal|p1a: Keldeo|89/100|[from] item: Leftovers
|upkeep
|turn|4
|
|t:|1779858847
|switch|p1a: Iron Treads|Iron Treads|100/100
|-enditem|p1a: Iron Treads|Booster Energy
|-activate|p1a: Iron Treads|ability: Quark Drive|[fromitem]
|-start|p1a: Iron Treads|quarkdrivespe
|-prepare|p2a: Slowking|Chilly Reception|[premajor]
|move|p2a: Slowking|Chilly Reception|p2a: Slowking
|-weather|Snowscape
|
|t:|1779858855
|switch|p2a: Great Tusk|Great Tusk|100/100|[from] Chilly Reception
|
|-weather|Snowscape|[upkeep]
|upkeep
|turn|5
|
|t:|1779858857
|move|p1a: Iron Treads|Stealth Rock|p2a: Great Tusk
|-sidestart|p2: Sluttina|move: Stealth Rock
|move|p2a: Great Tusk|Stealth Rock|p1a: Iron Treads
|-sidestart|p1: somsleep|move: Stealth Rock
|
|-weather|Snowscape|[upkeep]
|upkeep
|turn|6
|
|t:|1779858879
|-end|p2a: Great Tusk|Protosynthesis|[silent]
|switch|p2a: Slowking|Slowking-Galar, F|100/100
|move|p1a: Iron Treads|Rapid Spin|p2a: Slowking
|-damage|p2a: Slowking|85/100
|-boost|p1a: Iron Treads|spe|1
|-sideend|p1: somsleep|Stealth Rock|[from] move: Rapid Spin|[of] p1a: Iron Treads
|
|-weather|Snowscape|[upkeep]
|upkeep
|turn|7
|
|t:|1779858884
|switch|p2a: Great Tusk|Great Tusk|100/100
|move|p1a: Iron Treads|Earthquake|p2a: Great Tusk
|-damage|p2a: Great Tusk|69/100
|
|-weather|Snowscape|[upkeep]
|upkeep
|turn|8
|
|t:|1779858887
|-end|p1a: Iron Treads|Quark Drive|[silent]
|switch|p1a: Rotom|Rotom|71/100
|move|p2a: Great Tusk|Rapid Spin|p1a: Rotom
|-immune|p1a: Rotom
|
|-weather|none
|upkeep
|turn|9
|
|t:|1779858894
|-end|p2a: Great Tusk|Protosynthesis|[silent]
|switch|p2a: Darkrai|Darkrai|100/100
|move|p1a: Rotom|Trick|p2a: Darkrai
|-activate|p1a: Rotom|move: Trick|[of] p2a: Darkrai
|-item|p2a: Darkrai|Choice Specs|[from] move: Trick
|-item|p1a: Rotom|Heavy-Duty Boots|[from] move: Trick
|
|upkeep
|turn|10
|
|t:|1779858899
|switch|p1a: Illumise|Illumise, F|100/100
|move|p2a: Darkrai|Dark Pulse|p1a: Illumise
|-damage|p1a: Illumise|30/100
|-enditem|p1a: Illumise|Eject Button
|
|t:|1779858906
|switch|p1a: Keldeo|Keldeo-Resolute|89/100
|
|-heal|p1a: Keldeo|95/100|[from] item: Leftovers
|upkeep
|turn|11
|
|t:|1779858915
|switch|p2a: Ogerpon|Ogerpon-Wellspring, F|100/100
|-damage|p2a: Ogerpon|88/100|[from] Stealth Rock
|move|p1a: Keldeo|Secret Sword|p2a: Ogerpon
|-damage|p2a: Ogerpon|27/100
|
|-heal|p1a: Keldeo|100/100|[from] item: Leftovers
|upkeep
|turn|12
|
|t:|1779858922
|switch|p1a: Abomasnow|Abomasnow, M, shiny|100/100
|-weather|Snowscape|[from] ability: Snow Warning|[of] p1a: Abomasnow
|move|p2a: Ogerpon|Power Whip|p1a: Abomasnow|[miss]
|-miss|p2a: Ogerpon|p1a: Abomasnow
|
|-weather|Snowscape|[upkeep]
|upkeep
|turn|13
|
|t:|1779858926
|move|p2a: Ogerpon|U-turn|p1a: Abomasnow
|-supereffective|p1a: Abomasnow
|-crit|p1a: Abomasnow
|-damage|p1a: Abomasnow|28/100
|
|t:|1779858934
|switch|p2a: Slowking|Slowking-Galar, F|100/100|[from] U-turn
|move|p1a: Abomasnow|Leaf Storm|p2a: Slowking
|-resisted|p2a: Slowking
|-damage|p2a: Slowking|85/100
|-unboost|p1a: Abomasnow|spa|2
|-enditem|p1a: Abomasnow|Eject Pack
|
|t:|1779858949
|switch|p1a: Rotom|Rotom|71/100
|
|-weather|Snowscape|[upkeep]
|upkeep
|turn|14
|
|t:|1779858963
|move|p1a: Rotom|Thunder Wave|p2a: Slowking
|-status|p2a: Slowking|par
|-prepare|p2a: Slowking|Chilly Reception|[premajor]
|move|p2a: Slowking|Chilly Reception|p2a: Slowking
|
|t:|1779858969
|switch|p2a: Darkrai|Darkrai|100/100|[from] Chilly Reception
|-damage|p2a: Darkrai|88/100|[from] Stealth Rock
|
|-weather|Snowscape|[upkeep]
|upkeep
|turn|15
|
|t:|1779858977
|switch|p1a: Iron Treads|Iron Treads|100/100
|move|p2a: Darkrai|Dark Pulse|p1a: Iron Treads
|-damage|p1a: Iron Treads|15/100
|
|-weather|Snowscape|[upkeep]
|upkeep
|turn|16
|
|t:|1779858992
|switch|p2a: Great Tusk|Great Tusk|69/100
|move|p1a: Iron Treads|Earthquake|p2a: Great Tusk
|-damage|p2a: Great Tusk|36/100
|
|-weather|none
|upkeep
|turn|17
|
|t:|1779858995
|-end|p1a: Iron Treads|Quark Drive|[silent]
|switch|p1a: Rotom|Rotom|71/100
|move|p2a: Great Tusk|Rapid Spin|p1a: Rotom
|-immune|p1a: Rotom
|
|upkeep
|turn|18
|
|t:|1779859019
|-end|p2a: Great Tusk|Protosynthesis|[silent]
|switch|p2a: Darkrai|Darkrai|88/100
|-damage|p2a: Darkrai|76/100|[from] Stealth Rock
|move|p1a: Rotom|Will-O-Wisp|p2a: Darkrai
|-status|p2a: Darkrai|brn
|
|-damage|p2a: Darkrai|70/100 brn|[from] brn
|upkeep
|turn|19
|
|t:|1779859027
|switch|p1a: Iron Treads|Iron Treads|15/100
|move|p2a: Darkrai|Dark Pulse|p1a: Iron Treads
|-damage|p1a: Iron Treads|0 fnt
|faint|p1a: Iron Treads
|-end|p1a: Iron Treads|Quark Drive|[silent]
|
|-damage|p2a: Darkrai|63/100 brn|[from] brn
|upkeep
|
|t:|1779859032
|switch|p1a: Keldeo|Keldeo-Resolute|100/100
|turn|20
|
|t:|1779859036
|switch|p2a: Slowking|Slowking-Galar, F|100/100 par
|move|p1a: Keldeo|Substitute|p1a: Keldeo
|-start|p1a: Keldeo|Substitute
|-damage|p1a: Keldeo|76/100
|
|-heal|p1a: Keldeo|82/100|[from] item: Leftovers
|upkeep
|turn|21
|
|t:|1779859040
|move|p1a: Keldeo|Calm Mind|p1a: Keldeo
|-boost|p1a: Keldeo|spa|1
|-boost|p1a: Keldeo|spd|1
|move|p2a: Slowking|Psychic Noise|p1a: Keldeo
|-supereffective|p1a: Keldeo
|-damage|p1a: Keldeo|37/100
|-start|p1a: Keldeo|move: Heal Block
|
|upkeep
|turn|22
|
|t:|1779859048
|-terastallize|p1a: Keldeo|Steel
|move|p1a: Keldeo|Calm Mind|p1a: Keldeo
|-boost|p1a: Keldeo|spa|1
|-boost|p1a: Keldeo|spd|1
|move|p2a: Slowking|Psychic Noise|p1a: Keldeo
|-resisted|p1a: Keldeo
|-crit|p1a: Keldeo
|-damage|p1a: Keldeo|11/100
|
|-end|p1a: Keldeo|move: Heal Block
|upkeep
|turn|23
|
|t:|1779859054
|move|p1a: Keldeo|Surf|p2a: Slowking
|-damage|p2a: Slowking|48/100 par
|move|p2a: Slowking|Psychic Noise|p1a: Keldeo
|-resisted|p1a: Keldeo
|-damage|p1a: Keldeo|3/100
|-start|p1a: Keldeo|move: Heal Block
|
|upkeep
|turn|24
|
|t:|1779859063
|move|p1a: Keldeo|Surf|p2a: Slowking
|-damage|p2a: Slowking|0 fnt
|faint|p2a: Slowking
|
|-end|p1a: Keldeo|move: Heal Block
|upkeep
|
|t:|1779859074
|switch|p2a: Ogerpon|Ogerpon-Wellspring, F|27/100
|-damage|p2a: Ogerpon|15/100|[from] Stealth Rock
|turn|25
|
|t:|1779859079
|move|p2a: Ogerpon|Ivy Cudgel|p1a: Keldeo|[anim] Ivy Cudgel Water
|-end|p1a: Keldeo|Substitute
|move|p1a: Keldeo|Secret Sword|p2a: Ogerpon
|-damage|p2a: Ogerpon|0 fnt
|faint|p2a: Ogerpon
|
|-heal|p1a: Keldeo|9/100|[from] item: Leftovers
|upkeep
|
|t:|1779859085
|switch|p2a: Darkrai|Darkrai|63/100 brn
|-damage|p2a: Darkrai|51/100 brn|[from] Stealth Rock
|turn|26
|
|t:|1779859089
|switch|p1a: Abomasnow|Abomasnow, M, shiny|28/100
|-weather|Snowscape|[from] ability: Snow Warning|[of] p1a: Abomasnow
|move|p2a: Darkrai|Dark Pulse|p1a: Abomasnow
|-damage|p1a: Abomasnow|0 fnt
|faint|p1a: Abomasnow
|
|-weather|Snowscape|[upkeep]
|-damage|p2a: Darkrai|45/100 brn|[from] brn
|upkeep
|
|t:|1779859094
|switch|p1a: Cetitan|Cetitan, F|100/100
|turn|27
|
|t:|1779859098
|switch|p2a: Corviknight|Corviknight, F|100/100
|-damage|p2a: Corviknight|88/100|[from] Stealth Rock
|-ability|p2a: Corviknight|Pressure
|move|p1a: Cetitan|Earthquake|p2a: Corviknight
|-immune|p2a: Corviknight
|
|-weather|Snowscape|[upkeep]
|upkeep
|turn|28
|
|t:|1779859110
|move|p1a: Cetitan|Belly Drum|p1a: Cetitan
|-damage|p1a: Cetitan|50/100
|-setboost|p1a: Cetitan|atk|6|[from] move: Belly Drum
|-enditem|p1a: Cetitan|Sitrus Berry|[eat]
|-heal|p1a: Cetitan|75/100|[from] item: Sitrus Berry
|move|p2a: Corviknight|Brave Bird|p1a: Cetitan
|-damage|p1a: Cetitan|53/100
|-damage|p2a: Corviknight|79/100|[from] Recoil
|
|-weather|Snowscape|[upkeep]
|upkeep
|turn|29
|inactive|Sluttina has 120 seconds left.
|
|t:|1779859142
|move|p1a: Cetitan|Liquidation|p2a: Corviknight
|-damage|p2a: Corviknight|0 fnt
|-damage|p1a: Cetitan|37/100|[from] item: Rocky Helmet|[of] p2a: Corviknight
|faint|p2a: Corviknight
|
|-weather|Snowscape|[upkeep]
|upkeep
|inactive|Sluttina has 120 seconds left.
|
|t:|1779859149
|switch|p2a: Raging Bolt|Raging Bolt|100/100
|-damage|p2a: Raging Bolt|88/100|[from] Stealth Rock
|turn|30
|
|t:|1779859152
|move|p1a: Cetitan|Ice Shard|p2a: Raging Bolt
|-supereffective|p2a: Raging Bolt
|-damage|p2a: Raging Bolt|0 fnt
|faint|p2a: Raging Bolt
|-end|p2a: Raging Bolt|Protosynthesis|[silent]
|
|-weather|none
|upkeep
|
|t:|1779859159
|switch|p2a: Darkrai|Darkrai|45/100 brn
|-damage|p2a: Darkrai|33/100 brn|[from] Stealth Rock
|turn|31
|
|t:|1779859160
|move|p1a: Cetitan|Ice Shard|p2a: Darkrai
|-damage|p2a: Darkrai|0 fnt
|faint|p2a: Darkrai
|
|upkeep
|-message|Sluttina forfeited.
|
|win|somsleep
|raw|somsleep's rating: 1437 &rarr; <strong>1454</strong><br />(+17 for winning)
|raw|Sluttina's rating: 1379 &rarr; <strong>1362</strong><br />(-17 for losing)
|l|☆Sluttina
|player|p2|
|l|☆somsleep
|player|p1|
