|j|‽Elekid95
|j|☆upgrade9
|t:|1779819948
|gametype|singles
|player|p1|Elekid95|may-masters4|1332
|player|p2|upgrade9|2|1324
|gen|9
|tier|[Gen 9] OU
|rated|
|rule|HP Percentage Mod: HP is shown in percentages
|rule|Endless Battle Clause: Forcing endless battles is banned
|rule|Species Clause: Limit one of each Pokémon
|rule|OHKO Clause: OHKO moves are banned
|rule|Evasion Items Clause: Evasion items are banned
|rule|Evasion Moves Clause: Evasion moves are banned
|rule|Evasion Abilities Clause: Evasion abilities are banned
|rule|Sleep Moves Clause: Sleep-inducing moves are banned
|clearpoke
|poke|p1|Skeledirge, M|
|poke|p1|Quaquaval, F|
|poke|p1|Meowscarada, F|
|poke|p1|Oinkologne, M|
|poke|p1|Pawmot, M|
|poke|p1|Ceruledge, M|
|poke|p2|Rillaboom, M|
|poke|p2|Heatran, F|
|poke|p2|Hawlucha, F|
|poke|p2|Great Tusk|
|poke|p2|Comfey, M|
|poke|p2|Serperior, F|
|teampreview
|inactive|Battle timer is ON: inactive players will automatically lose when time's up. (requested by Elekid95)
|
|t:|1779819957
|teamsize|p1|6
|teamsize|p2|6
|start
|switch|p1a: Meowscarada|Meowscarada, F, shiny|100/100
|switch|p2a: Heatran|Heatran, F|100/100
|turn|1
|inactive|Elekid95 has 120 seconds left.
|inactive|Elekid95 has 90 seconds left.
|
|t:|1779820031
|move|p1a: Meowscarada|Knock Off|p2a: Heatran
|-start|p1a: Meowscarada|typechange|Dark|[from] ability: Protean
|-damage|p2a: Heatran|64/100
|-enditem|p2a: Heatran|Power Herb|[from] move: Knock Off|[of] p1a: Meowscarada
|move|p2a: Heatran|Stealth Rock|p1a: Meowscarada
|-sidestart|p1: Elekid95|move: Stealth Rock
|
|upkeep
|turn|2
|
|t:|1779820051
|move|p1a: Meowscarada|U-turn|p2a: Heatran
|-resisted|p2a: Heatran
|-damage|p2a: Heatran|60/100
|
|t:|1779820078
|switch|p1a: Quaquaval|Quaquaval, F, shiny|100/100|[from] U-turn
|-damage|p1a: Quaquaval|94/100|[from] Stealth Rock
|move|p2a: Heatran|Magma Storm|p1a: Quaquaval
|-resisted|p1a: Quaquaval
|-damage|p1a: Quaquaval|74/100
|-activate|p1a: Quaquaval|move: Magma Storm|[of] p2a: Heatran
|
|-damage|p1a: Quaquaval|62/100|[from] move: Magma Storm|[partiallytrapped]
|upkeep
|turn|3
|
|t:|1779820089
|switch|p2a: Rillaboom|Rillaboom, M|100/100
|-fieldstart|move: Grassy Terrain|[from] ability: Grassy Surge|[of] p2a: Rillaboom
|move|p1a: Quaquaval|Rapid Spin|p2a: Rillaboom
|-damage|p2a: Rillaboom|84/100
|-boost|p1a: Quaquaval|spe|1
|-sideend|p1: Elekid95|Stealth Rock|[from] move: Rapid Spin|[of] p1a: Quaquaval
|-end|p1a: Quaquaval|Magma Storm|[partiallytrapped]
|
|-heal|p1a: Quaquaval|68/100|[from] Grassy Terrain
|-heal|p2a: Rillaboom|90/100|[from] Grassy Terrain
|upkeep
|turn|4
|
|t:|1779820114
|switch|p1a: Skeledirge|Skeledirge, M, shiny|100/100
|move|p2a: Rillaboom|U-turn|p1a: Skeledirge
|-resisted|p1a: Skeledirge
|-damage|p1a: Skeledirge|97/100
|
|t:|1779820131
|switch|p2a: Great Tusk|Great Tusk|100/100|[from] U-turn
|-enditem|p2a: Great Tusk|Booster Energy
|-activate|p2a: Great Tusk|ability: Protosynthesis|[fromitem]
|-start|p2a: Great Tusk|protosynthesisatk
|
|-heal|p1a: Skeledirge|100/100|[from] Grassy Terrain
|upkeep
|turn|5
|inactive|Elekid95 has 60 seconds left.
|
|t:|1779820159
|-terastallize|p1a: Skeledirge|Fairy
|move|p2a: Great Tusk|Stealth Rock|p1a: Skeledirge
|-sidestart|p1: Elekid95|move: Stealth Rock
|move|p1a: Skeledirge|Will-O-Wisp|p2a: Great Tusk
|-status|p2a: Great Tusk|brn
|
|-damage|p2a: Great Tusk|94/100 brn|[from] brn
|upkeep
|turn|6
|inactive|Elekid95 has 60 seconds left.
|inactive|upgrade9 has 120 seconds left.
|
|t:|1779820196
|-end|p2a: Great Tusk|Protosynthesis|[silent]
|switch|p2a: Serperior|Serperior, F|100/100
|move|p1a: Skeledirge|Torch Song|p2a: Serperior
|-supereffective|p2a: Serperior
|-damage|p2a: Serperior|30/100
|-boost|p1a: Skeledirge|spa|1
|
|-heal|p2a: Serperior|36/100|[from] Grassy Terrain
|-heal|p2a: Serperior|42/100|[from] item: Leftovers
|upkeep
|turn|7
|
|t:|1779820206
|move|p2a: Serperior|Glare|p1a: Skeledirge
|-status|p1a: Skeledirge|par
|cant|p1a: Skeledirge|par
|
|-heal|p2a: Serperior|48/100|[from] Grassy Terrain
|-heal|p2a: Serperior|54/100|[from] item: Leftovers
|upkeep
|turn|8
|
|t:|1779820213
|move|p2a: Serperior|Substitute|p2a: Serperior
|-start|p2a: Serperior|Substitute
|-damage|p2a: Serperior|30/100
|cant|p1a: Skeledirge|par
|
|-heal|p2a: Serperior|36/100|[from] Grassy Terrain
|-heal|p2a: Serperior|42/100|[from] item: Leftovers
|upkeep
|turn|9
|
|t:|1779820221
|move|p2a: Serperior|Leaf Storm|p1a: Skeledirge
|-damage|p1a: Skeledirge|34/100 par
|-boost|p2a: Serperior|spa|2
|move|p1a: Skeledirge|Torch Song|p2a: Serperior
|-supereffective|p2a: Serperior
|-damage|p2a: Serperior|0 fnt
|-boost|p1a: Skeledirge|spa|1
|faint|p2a: Serperior
|
|-heal|p1a: Skeledirge|40/100 par|[from] Grassy Terrain
|upkeep
|
|t:|1779820245
|switch|p2a: Heatran|Heatran, F|60/100
|turn|10
|inactive|Elekid95 has 90 seconds left.
|
|t:|1779820256
|move|p2a: Heatran|Magma Storm|p1a: Skeledirge|[miss]
|-miss|p2a: Heatran|p1a: Skeledirge
|move|p1a: Skeledirge|Slack Off|p1a: Skeledirge
|-heal|p1a: Skeledirge|90/100 par
|
|-heal|p2a: Heatran|66/100|[from] Grassy Terrain
|-heal|p1a: Skeledirge|96/100 par|[from] Grassy Terrain
|-fieldend|move: Grassy Terrain
|upkeep
|turn|11
|
|t:|1779820263
|switch|p1a: Quaquaval|Quaquaval, F, shiny|68/100
|-damage|p1a: Quaquaval|62/100|[from] Stealth Rock
|move|p2a: Heatran|Magma Storm|p1a: Quaquaval
|-resisted|p1a: Quaquaval
|-damage|p1a: Quaquaval|42/100
|-activate|p1a: Quaquaval|move: Magma Storm|[of] p2a: Heatran
|
|-damage|p1a: Quaquaval|30/100|[from] move: Magma Storm|[partiallytrapped]
|upkeep
|turn|12
|
|t:|1779820272
|move|p2a: Heatran|Earth Power|p1a: Quaquaval
|-damage|p1a: Quaquaval|4/100
|move|p1a: Quaquaval|Rapid Spin|p2a: Heatran
|-resisted|p2a: Heatran
|-damage|p2a: Heatran|58/100
|-boost|p1a: Quaquaval|spe|1
|-sideend|p1: Elekid95|Stealth Rock|[from] move: Rapid Spin|[of] p1a: Quaquaval
|-end|p1a: Quaquaval|Magma Storm|[partiallytrapped]
|
|upkeep
|turn|13
|inactive|upgrade9 has 120 seconds left.
|
|t:|1779820284
|switch|p2a: Rillaboom|Rillaboom, M|90/100
|-fieldstart|move: Grassy Terrain|[from] ability: Grassy Surge|[of] p2a: Rillaboom
|move|p1a: Quaquaval|Aqua Step|p2a: Rillaboom
|-resisted|p2a: Rillaboom
|-damage|p2a: Rillaboom|70/100
|-boost|p1a: Quaquaval|spe|1
|
|-heal|p1a: Quaquaval|10/100|[from] Grassy Terrain
|-heal|p2a: Rillaboom|76/100|[from] Grassy Terrain
|upkeep
|turn|14
|inactive|upgrade9 has 120 seconds left.
|
|t:|1779820293
|switch|p1a: Skeledirge|Skeledirge, M, shiny, tera:Fairy|96/100 par
|move|p2a: Rillaboom|U-turn|p1a: Skeledirge
|-resisted|p1a: Skeledirge
|-damage|p1a: Skeledirge|89/100 par
|inactive|upgrade9 has 120 seconds left.
|
|t:|1779820301
|switch|p2a: Comfey|Comfey, M|100/100|[from] U-turn
|-enditem|p2a: Comfey|Grassy Seed
|-boost|p2a: Comfey|def|1|[from] item: Grassy Seed
|
|-heal|p1a: Skeledirge|95/100 par|[from] Grassy Terrain
|upkeep
|turn|15
|inactive|Elekid95 has 120 seconds left.
|
|t:|1779820315
|switch|p1a: Ceruledge|Ceruledge, M|100/100
|move|p2a: Comfey|Calm Mind|p2a: Comfey
|-boost|p2a: Comfey|spa|1
|-boost|p2a: Comfey|spd|1
|
|upkeep
|turn|16
|
|t:|1779820326
|move|p2a: Comfey|Calm Mind|p2a: Comfey
|-boost|p2a: Comfey|spa|1
|-boost|p2a: Comfey|spd|1
|move|p1a: Ceruledge|Swords Dance|p1a: Ceruledge
|-boost|p1a: Ceruledge|atk|2
|
|upkeep
|turn|17
|
|t:|1779820332
|move|p2a: Comfey|Stored Power|p1a: Ceruledge
|-damage|p1a: Ceruledge|31/100
|move|p1a: Ceruledge|Bitter Blade|p2a: Comfey
|-damage|p2a: Comfey|0 fnt
|-heal|p1a: Ceruledge|73/100|[from] drain|[of] p2a: Comfey
|faint|p2a: Comfey
|-damage|p1a: Ceruledge|63/100|[from] item: Life Orb
|
|-heal|p1a: Ceruledge|69/100|[from] Grassy Terrain
|upkeep
|
|t:|1779820345
|switch|p2a: Heatran|Heatran, F|58/100
|turn|18
|
|t:|1779820355
|switch|p1a: Quaquaval|Quaquaval, F, shiny|10/100
|move|p2a: Heatran|Earth Power|p1a: Quaquaval
|-damage|p1a: Quaquaval|0 fnt
|faint|p1a: Quaquaval
|
|-heal|p2a: Heatran|64/100|[from] Grassy Terrain
|upkeep
|
|t:|1779820361
|switch|p1a: Pawmot|Pawmot, M, shiny|100/100
|turn|19
|
|t:|1779820365
|move|p1a: Pawmot|Close Combat|p2a: Heatran
|-supereffective|p2a: Heatran
|-damage|p2a: Heatran|0 fnt
|-unboost|p1a: Pawmot|def|1
|-unboost|p1a: Pawmot|spd|1
|faint|p2a: Heatran
|-damage|p1a: Pawmot|91/100|[from] item: Life Orb
|
|-heal|p1a: Pawmot|97/100|[from] Grassy Terrain
|upkeep
|
|t:|1779820382
|switch|p2a: Great Tusk|Great Tusk|94/100 brn
|turn|20
|
|t:|1779820386
|switch|p1a: Skeledirge|Skeledirge, M, shiny, tera:Fairy|95/100 par
|move|p2a: Great Tusk|Stealth Rock|p1a: Skeledirge
|-sidestart|p1: Elekid95|move: Stealth Rock
|
|-heal|p2a: Great Tusk|100/100 brn|[from] Grassy Terrain
|-heal|p1a: Skeledirge|100/100 par|[from] Grassy Terrain
|-damage|p2a: Great Tusk|94/100 brn|[from] brn
|-fieldend|move: Grassy Terrain
|upkeep
|turn|21
|
|t:|1779820397
|move|p2a: Great Tusk|Headlong Rush|p1a: Skeledirge
|-damage|p1a: Skeledirge|79/100 par
|-unboost|p2a: Great Tusk|def|1
|-unboost|p2a: Great Tusk|spd|1
|move|p1a: Skeledirge|Torch Song|p2a: Great Tusk
|-damage|p2a: Great Tusk|57/100 brn
|-boost|p1a: Skeledirge|spa|1
|
|-damage|p2a: Great Tusk|51/100 brn|[from] brn
|upkeep
|turn|22
|
|t:|1779820412
|move|p2a: Great Tusk|Headlong Rush|p1a: Skeledirge
|-damage|p1a: Skeledirge|57/100 par
|-unboost|p2a: Great Tusk|def|1
|-unboost|p2a: Great Tusk|spd|1
|cant|p1a: Skeledirge|par
|
|-damage|p2a: Great Tusk|45/100 brn|[from] brn
|upkeep
|turn|23
|
|t:|1779820419
|move|p2a: Great Tusk|Headlong Rush|p1a: Skeledirge
|-damage|p1a: Skeledirge|35/100 par
|-unboost|p2a: Great Tusk|def|1
|-unboost|p2a: Great Tusk|spd|1
|move|p1a: Skeledirge|Slack Off|p1a: Skeledirge
|-heal|p1a: Skeledirge|85/100 par
|
|-damage|p2a: Great Tusk|39/100 brn|[from] brn
|upkeep
|turn|24
|
|t:|1779820427
|move|p2a: Great Tusk|Headlong Rush|p1a: Skeledirge
|-damage|p1a: Skeledirge|63/100 par
|-unboost|p2a: Great Tusk|def|1
|-unboost|p2a: Great Tusk|spd|1
|move|p1a: Skeledirge|Torch Song|p2a: Great Tusk
|-damage|p2a: Great Tusk|0 fnt
|-boost|p1a: Skeledirge|spa|1
|faint|p2a: Great Tusk
|-end|p2a: Great Tusk|Protosynthesis|[silent]
|
|upkeep
|
|t:|1779820436
|switch|p2a: Rillaboom|Rillaboom, M|76/100
|-fieldstart|move: Grassy Terrain|[from] ability: Grassy Surge|[of] p2a: Rillaboom
|turn|25
|
|t:|1779820442
|move|p2a: Rillaboom|Grassy Glide|p1a: Skeledirge
|-damage|p1a: Skeledirge|38/100 par
|move|p1a: Skeledirge|Torch Song|p2a: Rillaboom
|-supereffective|p2a: Rillaboom
|-damage|p2a: Rillaboom|0 fnt
|-boost|p1a: Skeledirge|spa|1
|faint|p2a: Rillaboom
|
|-heal|p1a: Skeledirge|44/100 par|[from] Grassy Terrain
|upkeep
|
|t:|1779820452
|switch|p2a: Hawlucha|Hawlucha, F|100/100
|-enditem|p2a: Hawlucha|Grassy Seed
|-boost|p2a: Hawlucha|def|1|[from] item: Grassy Seed
|turn|26
|
|t:|1779820461
|move|p2a: Hawlucha|Swords Dance|p2a: Hawlucha
|-boost|p2a: Hawlucha|atk|2
|cant|p1a: Skeledirge|par
|
|-heal|p1a: Skeledirge|50/100 par|[from] Grassy Terrain
|upkeep
|turn|27
|
|t:|1779820468
|move|p2a: Hawlucha|Acrobatics|p1a: Skeledirge
|-damage|p1a: Skeledirge|19/100 par
|move|p1a: Skeledirge|Will-O-Wisp|p2a: Hawlucha
|-status|p2a: Hawlucha|brn
|
|-heal|p1a: Skeledirge|25/100 par|[from] Grassy Terrain
|-damage|p2a: Hawlucha|94/100 brn|[from] brn
|upkeep
|turn|28
|
|t:|1779820476
|move|p2a: Hawlucha|Encore|p1a: Skeledirge
|-start|p1a: Skeledirge|Encore
|move|p1a: Skeledirge|Will-O-Wisp|p2a: Hawlucha
|-fail|p2a: Hawlucha|brn
|
|-heal|p1a: Skeledirge|31/100 par|[from] Grassy Terrain
|-damage|p2a: Hawlucha|88/100 brn|[from] brn
|upkeep
|turn|29
|
|t:|1779820484
|switch|p1a: Meowscarada|Meowscarada, F, shiny|100/100
|move|p2a: Hawlucha|Swords Dance|p2a: Hawlucha
|-boost|p2a: Hawlucha|atk|2
|
|-damage|p2a: Hawlucha|82/100 brn|[from] brn
|upkeep
|turn|30
|
|t:|1779820495
|move|p2a: Hawlucha|Close Combat|p1a: Meowscarada
|-supereffective|p1a: Meowscarada
|-damage|p1a: Meowscarada|0 fnt
|-unboost|p2a: Hawlucha|def|1
|-unboost|p2a: Hawlucha|spd|1
|faint|p1a: Meowscarada
|
|-damage|p2a: Hawlucha|76/100 brn|[from] brn
|upkeep
|
|t:|1779820506
|switch|p1a: Ceruledge|Ceruledge, M|69/100
|-damage|p1a: Ceruledge|44/100|[from] Stealth Rock
|turn|31
|
|t:|1779820511
|move|p1a: Ceruledge|Shadow Sneak|p2a: Hawlucha
|-damage|p2a: Hawlucha|37/100 brn
|-damage|p1a: Ceruledge|35/100|[from] item: Life Orb
|move|p2a: Hawlucha|Acrobatics|p1a: Ceruledge
|-damage|p1a: Ceruledge|0 fnt
|faint|p1a: Ceruledge
|
|-damage|p2a: Hawlucha|30/100 brn|[from] brn
|upkeep
|
|t:|1779820517
|switch|p1a: Oinkologne|Oinkologne, M|100/100
|-damage|p1a: Oinkologne|88/100|[from] Stealth Rock
|turn|32
|
|t:|1779820522
|move|p2a: Hawlucha|Close Combat|p1a: Oinkologne
|-supereffective|p1a: Oinkologne
|-damage|p1a: Oinkologne|0 fnt
|-unboost|p2a: Hawlucha|def|1
|-unboost|p2a: Hawlucha|spd|1
|-activate|p1a: Oinkologne|ability: Lingering Aroma|p2a: Hawlucha|[ability] Unburden
|faint|p1a: Oinkologne
|
|-damage|p2a: Hawlucha|24/100 brn|[from] brn
|-fieldend|move: Grassy Terrain
|upkeep
|
|t:|1779820526
|switch|p1a: Skeledirge|Skeledirge, M, shiny, tera:Fairy|31/100 par
|turn|33
|
|t:|1779820536
|move|p2a: Hawlucha|Acrobatics|p1a: Skeledirge
|-damage|p1a: Skeledirge|16/100 par
|move|p1a: Skeledirge|Slack Off|p1a: Skeledirge
|-heal|p1a: Skeledirge|66/100 par
|
|-damage|p2a: Hawlucha|18/100 brn|[from] brn
|upkeep
|turn|34
|
|t:|1779820546
|move|p2a: Hawlucha|Swords Dance|p2a: Hawlucha
|-boost|p2a: Hawlucha|atk|2
|move|p1a: Skeledirge|Slack Off|p1a: Skeledirge
|-heal|p1a: Skeledirge|100/100 par
|
|-damage|p2a: Hawlucha|12/100 brn|[from] brn
|upkeep
|turn|35
|
|t:|1779820554
|move|p2a: Hawlucha|Acrobatics|p1a: Skeledirge
|-damage|p1a: Skeledirge|85/100 par
|move|p1a: Skeledirge|Torch Song|p2a: Hawlucha
|-damage|p2a: Hawlucha|0 fnt
|-boost|p1a: Skeledirge|spa|1
|faint|p2a: Hawlucha
|
|win|Elekid95
|raw|Elekid95's rating: 1332 &rarr; <strong>1352</strong><br />(+20 for winning)
|raw|upgrade9's rating: 1324 &rarr; <strong>1304</strong><br />(-20 for losing)
|l|☆upgrade9
|player|p2|
|l|‽Elekid95
|player|p1|
|j|‽Elekid95
|player|p1|Elekid95|may-masters4|
|l|‽Elekid95
|player|p1|
|j|‽Elekid95
|player|p1|Elekid95|may-masters4|
