|j|☆Tanitheking
|j|☆DON family
|t:|1779960833
|gametype|singles
|player|p1|Tanitheking|101|1062
|player|p2|DON family|pokemonranger|1111
|gen|9
|tier|[Gen 9] OU
|rated|
|rule|HP Percentage Mod: HP is shown in percentages
|rule|Endless Battle Clause: Forcing endless battles is banned
|rule|Species Clause: Limit one of each Pokémon
|rule|OHKO Clause: OHKO moves are banned
|rule|Evasion Items Clause: Evasion items are banned
|rule|Evasion Moves Clause: Evasion moves are banned
|rule|Evasion Abilities Clause: Evasion abilities are banned
|rule|Sleep Moves Clause: Sleep-inducing moves are banned
|clearpoke
|poke|p1|Infernape, M|
|poke|p1|Darkrai|
|poke|p1|Lucario, M|
|poke|p1|Garchomp, M|
|poke|p1|Greninja-*, M|
|poke|p1|Corviknight, F|
|poke|p2|Pawniard, F|
|poke|p2|Bisharp, M|
|poke|p2|Kingambit, F|
|poke|p2|Pecharunt|
|poke|p2|Latias, F|
|poke|p2|Gholdengo|
|teampreview
|inactive|Battle timer is ON: inactive players will automatically lose when time's up. (requested by Tanitheking)
|
|t:|1779960843
|teamsize|p1|6
|teamsize|p2|6
|start
|switch|p1a: Lucario|Lucario, M|100/100
|switch|p2a: Pawniard|Pawniard, F|100/100
|turn|1
|
|t:|1779960849
|move|p1a: Lucario|Agility|p1a: Lucario
|-boost|p1a: Lucario|spe|2
|move|p2a: Pawniard|Stealth Rock|p1a: Lucario
|-sidestart|p1: Tanitheking|move: Stealth Rock
|
|upkeep
|turn|2
|
|t:|1779960853
|move|p1a: Lucario|Meteor Mash|p2a: Pawniard
|-resisted|p2a: Pawniard
|-damage|p2a: Pawniard|42/100
|-damage|p1a: Lucario|91/100|[from] item: Life Orb
|move|p2a: Pawniard|Thunder Wave|p1a: Lucario
|-status|p1a: Lucario|par
|
|upkeep
|turn|3
|
|t:|1779960860
|move|p2a: Pawniard|Sucker Punch||[still]
|-fail|p2a: Pawniard
|move|p1a: Lucario|Agility|p1a: Lucario
|-boost|p1a: Lucario|spe|2
|
|upkeep
|turn|4
|
|t:|1779960863
|move|p1a: Lucario|Meteor Mash|p2a: Pawniard
|-resisted|p2a: Pawniard
|-damage|p2a: Pawniard|0 fnt
|faint|p2a: Pawniard
|-damage|p1a: Lucario|81/100 par|[from] item: Life Orb
|
|upkeep
|
|t:|1779960868
|switch|p2a: Gholdengo|Gholdengo|100/100
|-item|p2a: Gholdengo|Air Balloon
|turn|5
|
|t:|1779960874
|move|p1a: Lucario|Meteor Mash|p2a: Gholdengo
|-resisted|p2a: Gholdengo
|-crit|p2a: Gholdengo
|-damage|p2a: Gholdengo|66/100
|-enditem|p2a: Gholdengo|Air Balloon
|-damage|p1a: Lucario|71/100 par|[from] item: Life Orb
|move|p2a: Gholdengo|Hex|p1a: Lucario
|-damage|p1a: Lucario|0 fnt
|faint|p1a: Lucario
|
|upkeep
|
|t:|1779960884
|switch|p1a: Infernape|Infernape, M|100/100
|-damage|p1a: Infernape|88/100|[from] Stealth Rock
|turn|6
|
|t:|1779960894
|switch|p2a: Latias|Latias, F|100/100
|move|p1a: Infernape|Flare Blitz|p2a: Latias
|-resisted|p2a: Latias
|-damage|p2a: Latias|72/100
|-damage|p1a: Infernape|77/100|[from] Recoil
|-damage|p1a: Infernape|67/100|[from] item: Life Orb
|
|upkeep
|turn|7
|
|t:|1779960899
|switch|p1a: Corviknight|Corviknight, F|100/100
|-damage|p1a: Corviknight|88/100|[from] Stealth Rock
|move|p2a: Latias|Agility|p2a: Latias
|-boost|p2a: Latias|spe|2
|
|-heal|p1a: Corviknight|94/100|[from] item: Leftovers
|upkeep
|turn|8
|
|t:|1779960906
|move|p2a: Latias|Calm Mind|p2a: Latias
|-boost|p2a: Latias|spa|1
|-boost|p2a: Latias|spd|1
|move|p1a: Corviknight|Defog|p2a: Latias
|-unboost|p2a: Latias|evasion|1
|-sideend|p1: Tanitheking|Stealth Rock|[from] move: Defog|[of] p1a: Corviknight
|
|-heal|p1a: Corviknight|100/100|[from] item: Leftovers
|upkeep
|turn|9
|
|t:|1779960909
|move|p2a: Latias|Calm Mind|p2a: Latias
|-boost|p2a: Latias|spa|1
|-boost|p2a: Latias|spd|1
|move|p1a: Corviknight|U-turn|p2a: Latias
|-supereffective|p2a: Latias
|-damage|p2a: Latias|48/100
|-enditem|p2a: Latias|Weakness Policy
|-boost|p2a: Latias|atk|2|[from] item: Weakness Policy
|-boost|p2a: Latias|spa|2|[from] item: Weakness Policy
|
|t:|1779960919
|switch|p1a: Infernape|Infernape, M|67/100|[from] U-turn
|
|upkeep
|turn|10
|
|t:|1779960923
|move|p1a: Infernape|Fake Out|p2a: Latias
|-damage|p2a: Latias|36/100
|-damage|p1a: Infernape|57/100|[from] item: Life Orb
|cant|p2a: Latias|flinch
|
|upkeep
|turn|11
|
|t:|1779960927
|move|p2a: Latias|Draining Kiss|p1a: Infernape
|-damage|p1a: Infernape|0 fnt
|-heal|p2a: Latias|71/100|[from] drain|[of] p1a: Infernape
|faint|p1a: Infernape
|
|upkeep
|
|t:|1779960932
|switch|p1a: Garchomp|Garchomp, M|100/100
|turn|12
|
|t:|1779960937
|-terastallize|p2a: Latias|Fairy
|move|p2a: Latias|Draining Kiss|p1a: Garchomp
|-supereffective|p1a: Garchomp
|-damage|p1a: Garchomp|0 fnt
|-heal|p2a: Latias|100/100|[from] drain|[of] p1a: Garchomp
|-damage|p2a: Latias|88/100|[from] ability: Rough Skin|[of] p1a: Garchomp
|faint|p1a: Garchomp
|
|upkeep
|-message|Tanitheking forfeited.
|
|win|DON family
|raw|Tanitheking's rating: 1062 &rarr; <strong>1045</strong><br />(-17 for losing)
|raw|DON family's rating: 1111 &rarr; <strong>1132</strong><br />(+21 for winning)
|l|☆Tanitheking
|player|p1|
|l|☆DON family
|player|p2|
