|j|☆Devonn Hendryxx
|j|☆pondwaterone
|t:|1779814380
|gametype|singles
|player|p1|Devonn Hendryxx|volkner|1277
|player|p2|pondwaterone|170|1251
|gen|9
|tier|[Gen 9] OU
|rated|
|rule|HP Percentage Mod: HP is shown in percentages
|rule|Endless Battle Clause: Forcing endless battles is banned
|rule|Species Clause: Limit one of each Pokémon
|rule|OHKO Clause: OHKO moves are banned
|rule|Evasion Items Clause: Evasion items are banned
|rule|Evasion Moves Clause: Evasion moves are banned
|rule|Evasion Abilities Clause: Evasion abilities are banned
|rule|Sleep Moves Clause: Sleep-inducing moves are banned
|clearpoke
|poke|p1|Ninetales-Alola, F|
|poke|p1|Ceruledge, F|
|poke|p1|Garchomp, F|
|poke|p1|Iron Valiant|
|poke|p1|Samurott-Hisui, M|
|poke|p1|Kyurem|
|poke|p2|Skarmory, M|
|poke|p2|Slowking-Galar, M|
|poke|p2|Cobalion|
|poke|p2|Gyarados, M|
|poke|p2|Tyranitar, M|
|poke|p2|Dragapult, M|
|teampreview
|inactive|Battle timer is ON: inactive players will automatically lose when time's up. (requested by pondwaterone)
|
|t:|1779814389
|teamsize|p1|6
|teamsize|p2|6
|start
|switch|p1a: Lilo|Ninetales-Alola, F|100/100
|switch|p2a: Watre Snek|Gyarados, M|100/100
|-weather|Snowscape|[from] ability: Snow Warning|[of] p1a: Lilo
|-ability|p2a: Watre Snek|Intimidate|boost
|-unboost|p1a: Lilo|atk|1
|turn|1
|
|t:|1779814398
|move|p1a: Lilo|Freeze-Dry|p2a: Watre Snek
|-supereffective|p2a: Watre Snek
|-damage|p2a: Watre Snek|20/100
|move|p2a: Watre Snek|Iron Head|p1a: Lilo
|-supereffective|p1a: Lilo
|-damage|p1a: Lilo|8/100
|
|-weather|Snowscape|[upkeep]
|-heal|p2a: Watre Snek|26/100|[from] item: Leftovers
|upkeep
|turn|2
|
|t:|1779814407
|switch|p2a: Rock Lobstre|Tyranitar, M, shiny|100/100
|-weather|Sandstorm|[from] ability: Sand Stream|[of] p2a: Rock Lobstre
|move|p1a: Lilo|Aurora Veil||[still]
|-fail|p1a: Lilo
|
|-weather|Sandstorm|[upkeep]
|-damage|p1a: Lilo|2/100|[from] Sandstorm
|upkeep
|turn|3
|
|t:|1779814419
|switch|p1a: bwooosh|Samurott-Hisui, M|100/100
|move|p2a: Rock Lobstre|Stealth Rock|p1a: bwooosh
|-sidestart|p1: Devonn Hendryxx|move: Stealth Rock
|
|-weather|Sandstorm|[upkeep]
|-damage|p1a: bwooosh|94/100|[from] Sandstorm
|upkeep
|turn|4
|
|t:|1779814434
|switch|p2a: Kobe Lion|Cobalion|100/100
|move|p1a: bwooosh|Razor Shell|p2a: Kobe Lion
|-damage|p2a: Kobe Lion|70/100
|-unboost|p2a: Kobe Lion|def|1
|
|-weather|Sandstorm|[upkeep]
|-damage|p1a: bwooosh|88/100|[from] Sandstorm
|-heal|p2a: Kobe Lion|76/100|[from] item: Leftovers
|upkeep
|turn|5
|
|t:|1779814445
|-terastallize|p1a: bwooosh|Water
|move|p1a: bwooosh|Razor Shell|p2a: Kobe Lion
|-damage|p2a: Kobe Lion|6/100
|-unboost|p2a: Kobe Lion|def|1
|move|p2a: Kobe Lion|Iron Defense|p2a: Kobe Lion
|-boost|p2a: Kobe Lion|def|2
|
|-weather|Sandstorm|[upkeep]
|-damage|p1a: bwooosh|82/100|[from] Sandstorm
|-heal|p2a: Kobe Lion|12/100|[from] item: Leftovers
|upkeep
|turn|6
|
|t:|1779814459
|move|p2a: Kobe Lion|Vacuum Wave|p1a: bwooosh
|-damage|p1a: bwooosh|64/100
|move|p1a: bwooosh|Razor Shell|p2a: Kobe Lion
|-damage|p2a: Kobe Lion|0 fnt
|faint|p2a: Kobe Lion
|
|-weather|none
|upkeep
|
|t:|1779814468
|switch|p2a: Byrd Metal|Skarmory, M|100/100
|turn|7
|
|t:|1779814473
|switch|p1a: Lilo|Ninetales-Alola, F|2/100
|-damage|p1a: Lilo|0 fnt|[from] Stealth Rock
|faint|p1a: Lilo
|move|p2a: Byrd Metal|Iron Defense|p2a: Byrd Metal
|-boost|p2a: Byrd Metal|def|2
|
|upkeep
|
|t:|1779814488
|switch|p1a: Stich|Ceruledge, F|100/100
|-damage|p1a: Stich|76/100|[from] Stealth Rock
|turn|8
|
|t:|1779814496
|move|p1a: Stich|Swords Dance|p1a: Stich
|-boost|p1a: Stich|atk|2
|move|p2a: Byrd Metal|Spikes|p1a: Stich
|-sidestart|p1: Devonn Hendryxx|Spikes
|
|upkeep
|turn|9
|
|t:|1779814501
|move|p1a: Stich|Swords Dance|p1a: Stich
|-boost|p1a: Stich|atk|2
|move|p2a: Byrd Metal|Whirlwind|p1a: Stich
|drag|p1a: bwooosh|Samurott-Hisui, M, tera:Water|64/100
|-damage|p1a: bwooosh|52/100|[from] Stealth Rock
|-damage|p1a: bwooosh|39/100|[from] Spikes
|
|upkeep
|turn|10
|
|t:|1779814513
|move|p1a: bwooosh|Ceaseless Edge|p2a: Byrd Metal
|-damage|p2a: Byrd Metal|87/100
|-sidestart|p2: pondwaterone|Spikes
|move|p2a: Byrd Metal|Body Press|p1a: bwooosh
|-damage|p1a: bwooosh|0 fnt
|faint|p1a: bwooosh
|
|-heal|p2a: Byrd Metal|93/100|[from] item: Leftovers
|upkeep
|
|t:|1779814519
|switch|p1a: Stich|Ceruledge, F|76/100
|-damage|p1a: Stich|51/100|[from] Stealth Rock
|-damage|p1a: Stich|39/100|[from] Spikes
|turn|11
|
|t:|1779814527
|move|p1a: Stich|Bitter Blade|p2a: Byrd Metal
|-supereffective|p2a: Byrd Metal
|-damage|p2a: Byrd Metal|65/100
|-heal|p1a: Stich|54/100|[from] drain|[of] p2a: Byrd Metal
|move|p2a: Byrd Metal|Iron Defense|p2a: Byrd Metal
|-boost|p2a: Byrd Metal|def|2
|
|-heal|p2a: Byrd Metal|71/100|[from] item: Leftovers
|upkeep
|turn|12
|
|t:|1779814537
|move|p1a: Stich|Bitter Blade|p2a: Byrd Metal
|-supereffective|p2a: Byrd Metal
|-damage|p2a: Byrd Metal|53/100
|-heal|p1a: Stich|65/100|[from] drain|[of] p2a: Byrd Metal
|move|p2a: Byrd Metal|Spikes|p1a: Stich
|-sidestart|p1: Devonn Hendryxx|Spikes
|
|-heal|p2a: Byrd Metal|59/100|[from] item: Leftovers
|upkeep
|turn|13
|
|t:|1779814549
|move|p1a: Stich|Swords Dance|p1a: Stich
|-boost|p1a: Stich|atk|2
|move|p2a: Byrd Metal|Whirlwind|p1a: Stich
|drag|p1a: Litch|Garchomp, F|100/100
|-damage|p1a: Litch|94/100|[from] Stealth Rock
|-damage|p1a: Litch|78/100|[from] Spikes
|
|-heal|p2a: Byrd Metal|65/100|[from] item: Leftovers
|upkeep
|turn|14
|
|t:|1779814559
|move|p1a: Litch|Stealth Rock|p2a: Byrd Metal
|-sidestart|p2: pondwaterone|move: Stealth Rock
|move|p2a: Byrd Metal|Body Press|p1a: Litch
|-damage|p1a: Litch|0 fnt
|-damage|p2a: Byrd Metal|52/100|[from] ability: Rough Skin|[of] p1a: Litch
|faint|p1a: Litch
|
|-heal|p2a: Byrd Metal|59/100|[from] item: Leftovers
|upkeep
|
|t:|1779814580
|switch|p1a: Zero|Iron Valiant, shiny|100/100
|-damage|p1a: Zero|94/100|[from] Stealth Rock
|-damage|p1a: Zero|78/100|[from] Spikes
|-enditem|p1a: Zero|Booster Energy
|-activate|p1a: Zero|ability: Quark Drive|[fromitem]
|-start|p1a: Zero|quarkdrivespe
|turn|15
|
|t:|1779814588
|move|p1a: Zero|Calm Mind|p1a: Zero
|-boost|p1a: Zero|spa|1
|-boost|p1a: Zero|spd|1
|move|p2a: Byrd Metal|Body Press|p1a: Zero
|-resisted|p1a: Zero
|-damage|p1a: Zero|12/100
|
|-heal|p2a: Byrd Metal|65/100|[from] item: Leftovers
|upkeep
|turn|16
|
|t:|1779814602
|move|p1a: Zero|Shadow Ball|p2a: Byrd Metal
|-damage|p2a: Byrd Metal|14/100
|move|p2a: Byrd Metal|Whirlwind|p1a: Zero
|-end|p1a: Zero|Quark Drive|[silent]
|drag|p1a: 252+|Kyurem, shiny|100/100
|-damage|p1a: 252+|76/100|[from] Stealth Rock
|-damage|p1a: 252+|59/100|[from] Spikes
|-ability|p1a: 252+|Pressure
|
|-heal|p2a: Byrd Metal|20/100|[from] item: Leftovers
|upkeep
|turn|17
|
|t:|1779814615
|move|p1a: 252+|Ice Beam|p2a: Byrd Metal
|-damage|p2a: Byrd Metal|0 fnt
|faint|p2a: Byrd Metal
|
|upkeep
|
|t:|1779814621
|switch|p2a: Rock Lobstre|Tyranitar, M, shiny|100/100
|-damage|p2a: Rock Lobstre|88/100|[from] Spikes
|-damage|p2a: Rock Lobstre|76/100|[from] Stealth Rock
|-weather|Sandstorm|[from] ability: Sand Stream|[of] p2a: Rock Lobstre
|turn|18
|
|t:|1779814630
|move|p1a: 252+|Ice Beam|p2a: Rock Lobstre
|-damage|p2a: Rock Lobstre|48/100
|move|p2a: Rock Lobstre|Thunder Wave|p1a: 252+
|-status|p1a: 252+|par
|
|-weather|Sandstorm|[upkeep]
|-damage|p1a: 252+|53/100 par|[from] Sandstorm
|-heal|p2a: Rock Lobstre|54/100|[from] item: Leftovers
|upkeep
|turn|19
|
|t:|1779814640
|move|p1a: 252+|Ice Beam|p2a: Rock Lobstre
|-crit|p2a: Rock Lobstre
|-damage|p2a: Rock Lobstre|13/100
|move|p2a: Rock Lobstre|Knock Off|p1a: 252+
|-damage|p1a: 252+|10/100 par
|-enditem|p1a: 252+|Choice Specs|[from] move: Knock Off|[of] p2a: Rock Lobstre
|
|-weather|Sandstorm|[upkeep]
|-damage|p1a: 252+|4/100 par|[from] Sandstorm
|-heal|p2a: Rock Lobstre|20/100|[from] item: Leftovers
|upkeep
|turn|20
|
|t:|1779814651
|move|p1a: 252+|Earth Power|p2a: Rock Lobstre
|-supereffective|p2a: Rock Lobstre
|-damage|p2a: Rock Lobstre|0 fnt
|faint|p2a: Rock Lobstre
|
|-weather|Sandstorm|[upkeep]
|-damage|p1a: 252+|0 fnt|[from] Sandstorm
|faint|p1a: 252+
|upkeep
|
|t:|1779814663
|switch|p1a: Zero|Iron Valiant, shiny|12/100
|switch|p2a: Watre Snek|Gyarados, M|26/100
|-damage|p1a: Zero|6/100|[from] Stealth Rock
|-damage|p1a: Zero|0 fnt|[from] Spikes
|faint|p1a: Zero
|-end|p1a: Zero|Quark Drive|[silent]
|-damage|p2a: Watre Snek|1/100|[from] Stealth Rock
|
|t:|1779814665
|switch|p1a: Stich|Ceruledge, F|65/100
|-damage|p1a: Stich|40/100|[from] Stealth Rock
|-damage|p1a: Stich|24/100|[from] Spikes
|turn|21
|
|t:|1779814677
|move|p1a: Stich|Shadow Sneak|p2a: Watre Snek
|-damage|p2a: Watre Snek|0 fnt
|faint|p2a: Watre Snek
|
|-weather|Sandstorm|[upkeep]
|-damage|p1a: Stich|17/100|[from] Sandstorm
|upkeep
|
|t:|1779814684
|switch|p2a: Geist Draco|Dragapult, M|100/100
|-damage|p2a: Geist Draco|88/100|[from] Spikes
|-damage|p2a: Geist Draco|76/100|[from] Stealth Rock
|turn|22
|
|t:|1779814691
|-terastallize|p2a: Geist Draco|Fairy
|move|p1a: Stich|Shadow Sneak|p2a: Geist Draco
|-damage|p2a: Geist Draco|46/100
|move|p2a: Geist Draco|Dragon Darts|p1a: Stich
|-damage|p1a: Stich|0 fnt
|faint|p1a: Stich
|
|win|pondwaterone
|raw|Devonn Hendryxx's rating: 1277 &rarr; <strong>1250</strong><br />(-27 for losing)
|raw|pondwaterone's rating: 1251 &rarr; <strong>1278</strong><br />(+27 for winning)
|l|☆pondwaterone
|player|p2|
