|j|☆Maxxxxilla
|j|☆claudechamp
|t:|1779871970
|gametype|singles
|player|p1|Maxxxxilla|alder|1290
|player|p2|claudechamp|169|1271
|gen|9
|tier|[Gen 9] OU
|rated|
|rule|HP Percentage Mod: HP is shown in percentages
|rule|Endless Battle Clause: Forcing endless battles is banned
|rule|Species Clause: Limit one of each Pokémon
|rule|OHKO Clause: OHKO moves are banned
|rule|Evasion Items Clause: Evasion items are banned
|rule|Evasion Moves Clause: Evasion moves are banned
|rule|Evasion Abilities Clause: Evasion abilities are banned
|rule|Sleep Moves Clause: Sleep-inducing moves are banned
|clearpoke
|poke|p1|Pelipper, M|
|poke|p1|Barraskewda, M|
|poke|p1|Raging Bolt|
|poke|p1|Zapdos|
|poke|p1|Dragonite, F|
|poke|p1|Kingdra, M|
|poke|p2|Gliscor, F|
|poke|p2|Gholdengo|
|poke|p2|Zamazenta-*|
|poke|p2|Blissey, F|
|poke|p2|Skarmory, M|
|poke|p2|Pecharunt|
|teampreview
|c|☆claudechamp|hf
|
|t:|1779871976
|teamsize|p1|6
|teamsize|p2|6
|start
|switch|p1a: Pelipper|Pelipper, M|100/100
|switch|p2a: Blissey|Blissey, F|100/100
|-weather|RainDance|[from] ability: Drizzle|[of] p1a: Pelipper
|turn|1
|inactive|Battle timer is ON: inactive players will automatically lose when time's up. (requested by claudechamp)
|
|t:|1779872002
|move|p1a: Pelipper|U-turn|p2a: Blissey
|-damage|p2a: Blissey|92/100
|
|t:|1779872013
|switch|p1a: Barraskewda|Barraskewda, M|100/100|[from] U-turn
|move|p2a: Blissey|Stealth Rock|p1a: Barraskewda
|-sidestart|p1: Maxxxxilla|move: Stealth Rock
|
|-weather|RainDance|[upkeep]
|upkeep
|turn|2
|
|t:|1779872023
|switch|p2a: Gliscor|Gliscor, F|100/100
|move|p1a: Barraskewda|Flip Turn|p2a: Gliscor
|-supereffective|p2a: Gliscor
|-damage|p2a: Gliscor|0 fnt
|faint|p2a: Gliscor
|
|t:|1779872031
|switch|p1a: Zapdos|Zapdos|100/100|[from] Flip Turn
|
|-weather|RainDance|[upkeep]
|upkeep
|
|t:|1779872042
|switch|p2a: Zamazenta|Zamazenta|100/100
|-ability|p2a: Zamazenta|Dauntless Shield|boost
|-boost|p2a: Zamazenta|def|1
|turn|3
|
|t:|1779872051
|move|p2a: Zamazenta|Close Combat|p1a: Zapdos
|-resisted|p1a: Zapdos
|-damage|p1a: Zapdos|64/100
|-unboost|p2a: Zamazenta|def|1
|-unboost|p2a: Zamazenta|spd|1
|move|p1a: Zapdos|Hurricane|p2a: Zamazenta
|-supereffective|p2a: Zamazenta
|-damage|p2a: Zamazenta|0 fnt
|faint|p2a: Zamazenta
|
|-weather|RainDance|[upkeep]
|upkeep
|
|t:|1779872057
|switch|p2a: Gholdengo|Gholdengo|100/100
|turn|4
|
|t:|1779872075
|move|p1a: Zapdos|Thunder|p2a: Gholdengo
|-damage|p2a: Gholdengo|49/100
|move|p2a: Gholdengo|Nasty Plot|p2a: Gholdengo
|-boost|p2a: Gholdengo|spa|2
|
|-weather|RainDance|[upkeep]
|upkeep
|turn|5
|
|t:|1779872087
|switch|p2a: Blissey|Blissey, F|92/100
|move|p1a: Zapdos|Thunder|p2a: Blissey
|-damage|p2a: Blissey|75/100
|
|-weather|RainDance|[upkeep]
|upkeep
|turn|6
|
|t:|1779872095
|move|p1a: Zapdos|Volt Switch|p2a: Blissey
|-damage|p2a: Blissey|65/100
|
|t:|1779872105
|switch|p1a: Barraskewda|Barraskewda, M|100/100|[from] Volt Switch
|-damage|p1a: Barraskewda|88/100|[from] Stealth Rock
|move|p2a: Blissey|Calm Mind|p2a: Blissey
|-boost|p2a: Blissey|spa|1
|-boost|p2a: Blissey|spd|1
|
|-weather|RainDance|[upkeep]
|upkeep
|turn|7
|
|t:|1779872115
|move|p1a: Barraskewda|Liquidation|p2a: Blissey
|-damage|p2a: Blissey|0 fnt
|faint|p2a: Blissey
|
|-weather|RainDance|[upkeep]
|upkeep
|
|t:|1779872131
|switch|p2a: Pecharunt|Pecharunt|100/100
|turn|8
|
|t:|1779872144
|move|p1a: Barraskewda|Liquidation|p2a: Pecharunt
|-damage|p2a: Pecharunt|47/100
|move|p2a: Pecharunt|Toxic|p1a: Barraskewda
|-status|p1a: Barraskewda|tox
|-start|p1a: Barraskewda|confusion|[from] ability: Poison Puppeteer|[of] p2a: Pecharunt
|
|-weather|none
|-damage|p1a: Barraskewda|82/100 tox|[from] psn
|upkeep
|turn|9
|
|t:|1779872152
|-activate|p1a: Barraskewda|confusion
|-damage|p1a: Barraskewda|51/100 tox|[from] confusion
|move|p2a: Pecharunt|Recover|p2a: Pecharunt
|-heal|p2a: Pecharunt|97/100
|
|-damage|p1a: Barraskewda|39/100 tox|[from] psn
|upkeep
|turn|10
|
|t:|1779872162
|switch|p1a: Pelipper|Pelipper, M|100/100
|-damage|p1a: Pelipper|76/100|[from] Stealth Rock
|-weather|RainDance|[from] ability: Drizzle|[of] p1a: Pelipper
|move|p2a: Pecharunt|Parting Shot|p1a: Pelipper
|-unboost|p1a: Pelipper|atk|1
|-unboost|p1a: Pelipper|spa|1
|
|t:|1779872173
|switch|p2a: Skarmory|Skarmory, M|100/100|[from] Parting Shot
|
|-weather|RainDance|[upkeep]
|upkeep
|turn|11
|
|t:|1779872186
|move|p2a: Skarmory|Spikes|p1a: Pelipper
|-sidestart|p1: Maxxxxilla|Spikes
|move|p1a: Pelipper|U-turn|p2a: Skarmory
|-resisted|p2a: Skarmory
|-damage|p2a: Skarmory|99/100
|
|t:|1779872191
|switch|p1a: Raging Bolt|Raging Bolt|100/100|[from] U-turn
|-damage|p1a: Raging Bolt|88/100|[from] Stealth Rock
|-damage|p1a: Raging Bolt|76/100|[from] Spikes
|-enditem|p1a: Raging Bolt|Booster Energy
|-activate|p1a: Raging Bolt|ability: Protosynthesis|[fromitem]
|-start|p1a: Raging Bolt|protosynthesisspa
|
|-weather|RainDance|[upkeep]
|upkeep
|turn|12
|
|t:|1779872197
|-terastallize|p2a: Skarmory|Dragon
|move|p1a: Raging Bolt|Thunder|p2a: Skarmory
|-resisted|p2a: Skarmory
|-damage|p2a: Skarmory|40/100
|move|p2a: Skarmory|Whirlwind|p1a: Raging Bolt
|-end|p1a: Raging Bolt|Protosynthesis|[silent]
|drag|p1a: Pelipper|Pelipper, M|76/100
|-damage|p1a: Pelipper|51/100|[from] Stealth Rock
|
|-weather|RainDance|[upkeep]
|upkeep
|turn|13
|
|t:|1779872204
|move|p2a: Skarmory|Roost|p2a: Skarmory
|-heal|p2a: Skarmory|90/100
|move|p1a: Pelipper|Ice Beam|p2a: Skarmory
|-supereffective|p2a: Skarmory
|-damage|p2a: Skarmory|20/100
|
|-weather|RainDance|[upkeep]
|upkeep
|turn|14
|
|t:|1779872208
|move|p1a: Pelipper|Ice Beam|p2a: Skarmory
|-supereffective|p2a: Skarmory
|-damage|p2a: Skarmory|0 fnt
|faint|p2a: Skarmory
|
|-weather|RainDance|[upkeep]
|upkeep
|
|t:|1779872215
|switch|p2a: Pecharunt|Pecharunt|97/100
|turn|15
|
|t:|1779872221
|move|p2a: Pecharunt|Shadow Ball|p1a: Pelipper
|-damage|p1a: Pelipper|13/100
|-unboost|p1a: Pelipper|spd|1
|move|p1a: Pelipper|Surf|p2a: Pecharunt
|-damage|p2a: Pecharunt|33/100
|
|-weather|RainDance|[upkeep]
|upkeep
|turn|16
|
|t:|1779872227
|move|p2a: Pecharunt|Shadow Ball|p1a: Pelipper
|-damage|p1a: Pelipper|0 fnt
|faint|p1a: Pelipper
|
|-weather|RainDance|[upkeep]
|upkeep
|
|t:|1779872237
|switch|p1a: Dragonite|Dragonite, F|100/100
|turn|17
|
|t:|1779872241
|move|p1a: Dragonite|Earthquake|p2a: Pecharunt
|-supereffective|p2a: Pecharunt
|-damage|p2a: Pecharunt|0 fnt
|faint|p2a: Pecharunt
|
|-weather|none
|upkeep
|
|t:|1779872251
|switch|p2a: Gholdengo|Gholdengo|49/100
|turn|18
|
|t:|1779872256
|move|p1a: Dragonite|Earthquake|p2a: Gholdengo
|-supereffective|p2a: Gholdengo
|-damage|p2a: Gholdengo|0 fnt
|faint|p2a: Gholdengo
|
|win|Maxxxxilla
|raw|Maxxxxilla's rating: 1290 &rarr; <strong>1315</strong><br />(+25 for winning)
|raw|claudechamp's rating: 1293 &rarr; <strong>1268</strong><br />(-25 for losing)
|l|☆Maxxxxilla
|player|p1|
|c|☆claudechamp|gg
