|j|☆LuckGalicia
|j|☆iraimairdna
|t:|1779958262
|gametype|singles
|player|p1|LuckGalicia|265|1138
|player|p2|iraimairdna|pokemonranger-gen4|1068
|gen|9
|tier|[Gen 9] OU
|rated|
|rule|HP Percentage Mod: HP is shown in percentages
|rule|Endless Battle Clause: Forcing endless battles is banned
|rule|Species Clause: Limit one of each Pokémon
|rule|OHKO Clause: OHKO moves are banned
|rule|Evasion Items Clause: Evasion items are banned
|rule|Evasion Moves Clause: Evasion moves are banned
|rule|Evasion Abilities Clause: Evasion abilities are banned
|rule|Sleep Moves Clause: Sleep-inducing moves are banned
|clearpoke
|poke|p1|Alomomola, M|
|poke|p1|Heracross, M|
|poke|p1|Magmar, M|
|poke|p1|Tentacruel, M|
|poke|p1|Gengar, M|
|poke|p1|Rabsca, M|
|poke|p2|Dondozo, F|
|poke|p2|Cyclizar, M|
|poke|p2|Polteageist|
|poke|p2|Comfey, F|
|poke|p2|Conkeldurr, M|
|poke|p2|Klefki, F|
|teampreview
|inactive|Battle timer is ON: inactive players will automatically lose when time's up. (requested by LuckGalicia)
|
|t:|1779958285
|teamsize|p1|6
|teamsize|p2|6
|start
|switch|p1a: Mr. Fueguito|Magmar, M|100/100
|switch|p2a: Klefki|Klefki, F|100/100
|turn|1
|
|t:|1779958290
|move|p2a: Klefki|Thunder Wave|p1a: Mr. Fueguito|[miss]
|-miss|p2a: Klefki|p1a: Mr. Fueguito
|move|p1a: Mr. Fueguito|Flamethrower|p2a: Klefki
|-supereffective|p2a: Klefki
|-damage|p2a: Klefki|32/100
|
|-heal|p2a: Klefki|38/100|[from] item: Leftovers
|upkeep
|turn|2
|
|t:|1779958298
|move|p2a: Klefki|Thunder Wave|p1a: Mr. Fueguito
|-status|p1a: Mr. Fueguito|par
|cant|p1a: Mr. Fueguito|par
|
|-heal|p2a: Klefki|44/100|[from] item: Leftovers
|upkeep
|turn|3
|
|t:|1779958306
|move|p2a: Klefki|Spikes|p1a: Mr. Fueguito
|-sidestart|p1: LuckGalicia|Spikes
|move|p1a: Mr. Fueguito|Flamethrower|p2a: Klefki
|-supereffective|p2a: Klefki
|-damage|p2a: Klefki|0 fnt
|faint|p2a: Klefki
|
|upkeep
|
|t:|1779958312
|switch|p2a: Dondozo|Dondozo, F|100/100
|turn|4
|
|t:|1779958319
|move|p1a: Mr. Fueguito|Will-O-Wisp|p2a: Dondozo
|-status|p2a: Dondozo|brn
|move|p2a: Dondozo|Liquidation|p1a: Mr. Fueguito
|-supereffective|p1a: Mr. Fueguito
|-damage|p1a: Mr. Fueguito|64/100 par
|
|-damage|p2a: Dondozo|94/100 brn|[from] brn
|upkeep
|turn|5
|
|t:|1779958328
|switch|p1a: Japanese|Tentacruel, M|100/100
|-damage|p1a: Japanese|88/100|[from] Spikes
|move|p2a: Dondozo|Liquidation|p1a: Japanese
|-resisted|p1a: Japanese
|-damage|p1a: Japanese|76/100
|
|-heal|p1a: Japanese|82/100|[from] item: Black Sludge
|-heal|p2a: Dondozo|100/100 brn|[from] item: Leftovers
|-damage|p2a: Dondozo|94/100 brn|[from] brn
|upkeep
|turn|6
|
|t:|1779958338
|move|p1a: Japanese|Rapid Spin|p2a: Dondozo
|-damage|p2a: Dondozo|90/100 brn
|-boost|p1a: Japanese|spe|1
|-sideend|p1: LuckGalicia|Spikes|[from] move: Rapid Spin|[of] p1a: Japanese
|move|p2a: Dondozo|Earthquake|p1a: Japanese
|-supereffective|p1a: Japanese
|-damage|p1a: Japanese|44/100
|
|-heal|p1a: Japanese|50/100|[from] item: Black Sludge
|-heal|p2a: Dondozo|96/100 brn|[from] item: Leftovers
|-damage|p2a: Dondozo|90/100 brn|[from] brn
|upkeep
|turn|7
|
|t:|1779958349
|move|p1a: Japanese|Giga Drain|p2a: Dondozo
|-supereffective|p2a: Dondozo
|-damage|p2a: Dondozo|61/100 brn
|-heal|p1a: Japanese|72/100|[from] drain|[of] p2a: Dondozo
|move|p2a: Dondozo|Earthquake|p1a: Japanese
|-supereffective|p1a: Japanese
|-damage|p1a: Japanese|34/100
|
|-heal|p1a: Japanese|40/100|[from] item: Black Sludge
|-heal|p2a: Dondozo|68/100 brn|[from] item: Leftovers
|-damage|p2a: Dondozo|61/100 brn|[from] brn
|upkeep
|turn|8
|
|t:|1779958359
|switch|p1a: Alolamola|Alomomola, M|100/100
|move|p2a: Dondozo|Earthquake|p1a: Alolamola
|-damage|p1a: Alolamola|92/100
|
|-heal|p2a: Dondozo|68/100 brn|[from] item: Leftovers
|-damage|p2a: Dondozo|61/100 brn|[from] brn
|upkeep
|turn|9
|
|t:|1779958368
|switch|p2a: Comfey|Comfey, F|100/100
|move|p1a: Alolamola|Wish|p1a: Alolamola
|
|upkeep
|turn|10
|
|t:|1779958374
|move|p2a: Comfey|Giga Drain|p1a: Alolamola
|-supereffective|p1a: Alolamola
|-damage|p1a: Alolamola|55/100
|move|p1a: Alolamola|Flip Turn|p2a: Comfey
|-damage|p2a: Comfey|77/100
|
|t:|1779958378
|switch|p1a: Japanese|Tentacruel, M|40/100|[from] Flip Turn
|
|-heal|p1a: Japanese|100/100|[from] move: Wish|[wisher] Alolamola
|upkeep
|turn|11
|
|t:|1779958387
|move|p2a: Comfey|Calm Mind|p2a: Comfey
|-boost|p2a: Comfey|spa|1
|-boost|p2a: Comfey|spd|1
|move|p1a: Japanese|Giga Drain|p2a: Comfey
|-damage|p2a: Comfey|64/100
|
|upkeep
|turn|12
|
|t:|1779958393
|move|p2a: Comfey|Calm Mind|p2a: Comfey
|-boost|p2a: Comfey|spa|1
|-boost|p2a: Comfey|spd|1
|move|p1a: Japanese|Ice Beam|p2a: Comfey
|-damage|p2a: Comfey|52/100
|
|upkeep
|turn|13
|
|t:|1779958400
|move|p2a: Comfey|Giga Drain|p1a: Japanese
|-damage|p1a: Japanese|75/100
|-damage|p2a: Comfey|34/100|[from] ability: Liquid Ooze|[of] p1a: Japanese
|move|p1a: Japanese|Ice Beam|p2a: Comfey
|-crit|p2a: Comfey
|-damage|p2a: Comfey|0 fnt
|faint|p2a: Comfey
|
|-heal|p1a: Japanese|81/100|[from] item: Black Sludge
|upkeep
|
|t:|1779958412
|switch|p2a: Polteageist|Polteageist|100/100
|turn|14
|
|t:|1779958420
|move|p2a: Polteageist|Shell Smash|p2a: Polteageist
|-unboost|p2a: Polteageist|def|1
|-unboost|p2a: Polteageist|spd|1
|-boost|p2a: Polteageist|atk|2
|-boost|p2a: Polteageist|spa|2
|-boost|p2a: Polteageist|spe|2
|move|p1a: Japanese|Flip Turn|p2a: Polteageist
|-damage|p2a: Polteageist|60/100
|
|t:|1779958430
|switch|p1a: Mr. Fueguito|Magmar, M|64/100 par|[from] Flip Turn
|
|upkeep
|turn|15
|
|t:|1779958438
|move|p2a: Polteageist|Stored Power|p1a: Mr. Fueguito
|-damage|p1a: Mr. Fueguito|0 fnt
|faint|p1a: Mr. Fueguito
|
|upkeep
|
|t:|1779958444
|switch|p1a: Ra (polloman)|Rabsca, M, shiny|100/100
|turn|16
|
|t:|1779958448
|move|p2a: Polteageist|Shadow Ball|p1a: Ra (polloman)
|-supereffective|p1a: Ra (polloman)
|-damage|p1a: Ra (polloman)|0 fnt
|faint|p1a: Ra (polloman)
|
|upkeep
|
|t:|1779958462
|switch|p1a: Alolamola|Alomomola, M|88/100
|turn|17
|
|t:|1779958471
|switch|p1a: Japanese|Tentacruel, M|81/100
|move|p2a: Polteageist|Giga Drain|p1a: Japanese
|-damage|p1a: Japanese|46/100
|-damage|p2a: Polteageist|37/100|[from] ability: Liquid Ooze|[of] p1a: Japanese
|
|-heal|p1a: Japanese|52/100|[from] item: Black Sludge
|upkeep
|turn|18
|
|t:|1779958479
|move|p2a: Polteageist|Stored Power|p1a: Japanese
|-supereffective|p1a: Japanese
|-crit|p1a: Japanese
|-damage|p1a: Japanese|0 fnt
|faint|p1a: Japanese
|
|upkeep
|
|t:|1779958482
|switch|p1a: Alolamola|Alomomola, M|100/100
|turn|19
|
|t:|1779958486
|move|p2a: Polteageist|Giga Drain|p1a: Alolamola
|-supereffective|p1a: Alolamola
|-damage|p1a: Alolamola|0 fnt
|-heal|p2a: Polteageist|100/100|[from] drain|[of] p1a: Alolamola
|faint|p1a: Alolamola
|
|upkeep
|
|t:|1779958489
|switch|p1a: Loki|Gengar, M, shiny|100/100
|turn|20
|
|t:|1779958493
|move|p2a: Polteageist|Shadow Ball|p1a: Loki
|-supereffective|p1a: Loki
|-damage|p1a: Loki|0 fnt
|faint|p1a: Loki
|
|upkeep
|
|t:|1779958495
|switch|p1a: Heracless|Heracross, M|100/100
|turn|21
|
|t:|1779958500
|move|p2a: Polteageist|Stored Power|p1a: Heracless
|-supereffective|p1a: Heracless
|-damage|p1a: Heracless|0 fnt
|faint|p1a: Heracless
|
|win|iraimairdna
|raw|LuckGalicia's rating: 1138 &rarr; <strong>1108</strong><br />(-30 for losing)
|raw|iraimairdna's rating: 1068 &rarr; <strong>1104</strong><br />(+36 for winning)
|l|☆LuckGalicia
|player|p1|
|l|☆iraimairdna
|player|p2|
