|j|☆JangarRifin
|j|☆Gloryboykeef
|t:|1779945463
|gametype|singles
|player|p1|JangarRifin|102|1379
|player|p2|Gloryboykeef|policeman-gen4|1282
|gen|9
|tier|[Gen 9] OU
|rated|
|rule|HP Percentage Mod: HP is shown in percentages
|rule|Endless Battle Clause: Forcing endless battles is banned
|rule|Species Clause: Limit one of each Pokémon
|rule|OHKO Clause: OHKO moves are banned
|rule|Evasion Items Clause: Evasion items are banned
|rule|Evasion Moves Clause: Evasion moves are banned
|rule|Evasion Abilities Clause: Evasion abilities are banned
|rule|Sleep Moves Clause: Sleep-inducing moves are banned
|clearpoke
|poke|p1|Garganacl, F|
|poke|p1|Cinderace, F|
|poke|p1|Iron Valiant|
|poke|p1|Kyurem|
|poke|p1|Great Tusk|
|poke|p1|Kingambit, M|
|poke|p2|Pelipper, M|
|poke|p2|Barraskewda, F|
|poke|p2|Kingdra, F|
|poke|p2|Slaking, M|
|poke|p2|Mandibuzz, F|
|poke|p2|Raging Bolt|
|teampreview
|inactive|Battle timer is ON: inactive players will automatically lose when time's up. (requested by Gloryboykeef)
|
|t:|1779945480
|teamsize|p1|6
|teamsize|p2|6
|start
|switch|p1a: Astrophage|Kyurem|100/100
|switch|p2a: Slaking|Slaking, M, shiny|100/100
|-ability|p1a: Astrophage|Pressure
|turn|1
|
|t:|1779945491
|move|p1a: Astrophage|Protect|p1a: Astrophage
|-singleturn|p1a: Astrophage|Protect
|move|p2a: Slaking|Hammer Arm|p1a: Astrophage
|-activate|p1a: Astrophage|move: Protect
|
|upkeep
|turn|2
|
|t:|1779945493
|cant|p2a: Slaking|ability: Truant
|move|p1a: Astrophage|Substitute|p1a: Astrophage
|-start|p1a: Astrophage|Substitute
|-damage|p1a: Astrophage|75/100
|
|-heal|p1a: Astrophage|82/100|[from] item: Leftovers
|upkeep
|turn|3
|
|t:|1779945523
|switch|p2a: Raging Bolt|Raging Bolt|100/100
|-enditem|p2a: Raging Bolt|Booster Energy
|-activate|p2a: Raging Bolt|ability: Protosynthesis|[fromitem]
|-start|p2a: Raging Bolt|protosynthesisspa
|move|p1a: Astrophage|Protect||[still]
|-fail|p1a: Astrophage
|
|-heal|p1a: Astrophage|88/100|[from] item: Leftovers
|upkeep
|turn|4
|
|t:|1779945531
|move|p2a: Raging Bolt|Thunderclap|p1a: Astrophage
|-resisted|p1a: Astrophage
|-activate|p1a: Astrophage|move: Substitute|[damage]
|move|p1a: Astrophage|Freeze-Dry|p2a: Raging Bolt
|-supereffective|p2a: Raging Bolt
|-damage|p2a: Raging Bolt|34/100
|
|-heal|p1a: Astrophage|94/100|[from] item: Leftovers
|upkeep
|turn|5
|
|t:|1779945538
|move|p1a: Astrophage|Freeze-Dry|p2a: Raging Bolt
|-supereffective|p2a: Raging Bolt
|-damage|p2a: Raging Bolt|0 fnt
|faint|p2a: Raging Bolt
|-end|p2a: Raging Bolt|Protosynthesis|[silent]
|
|-heal|p1a: Astrophage|99/100|[from] item: Leftovers
|upkeep
|-message|Gloryboykeef forfeited.
|
|win|JangarRifin
|raw|JangarRifin's rating: 1379 &rarr; <strong>1394</strong><br />(+15 for winning)
|raw|Gloryboykeef's rating: 1282 &rarr; <strong>1264</strong><br />(-18 for losing)
|l|☆Gloryboykeef
|player|p2|
|l|☆JangarRifin
|player|p1|
