|j|☆socaselectah
|j|☆ROLFI03
|t:|1779972619
|gametype|singles
|player|p1|socaselectah|266|1233
|player|p2|ROLFI03|1|1242
|gen|9
|tier|[Gen 9] OU
|rated|
|rule|HP Percentage Mod: HP is shown in percentages
|rule|Endless Battle Clause: Forcing endless battles is banned
|rule|Species Clause: Limit one of each Pokémon
|rule|OHKO Clause: OHKO moves are banned
|rule|Evasion Items Clause: Evasion items are banned
|rule|Evasion Moves Clause: Evasion moves are banned
|rule|Evasion Abilities Clause: Evasion abilities are banned
|rule|Sleep Moves Clause: Sleep-inducing moves are banned
|clearpoke
|poke|p1|Pelipper, M|
|poke|p1|Overqwil, F|
|poke|p1|Clefable, M|
|poke|p1|Beartic, M|
|poke|p1|Floatzel, M|
|poke|p1|Mandibuzz, F|
|poke|p2|Regieleki|
|poke|p2|Porygon2|
|poke|p2|Iron Hands|
|poke|p2|Keldeo-Resolute|
|poke|p2|Corviknight, M|
|poke|p2|Cinccino, M|
|teampreview
|inactive|Battle timer is ON: inactive players will automatically lose when time's up. (requested by socaselectah)
|
|t:|1779972624
|teamsize|p1|6
|teamsize|p2|6
|start
|switch|p1a: Clefable|Clefable, M|100/100
|switch|p2a: Regieleki|Regieleki|100/100
|turn|1
|
|t:|1779972634
|move|p2a: Regieleki|Supercell Slam|p1a: Clefable
|-damage|p1a: Clefable|36/100
|move|p1a: Clefable|Trick|p2a: Regieleki
|-activate|p1a: Clefable|move: Trick|[of] p2a: Regieleki
|-item|p2a: Regieleki|Choice Scarf|[from] move: Trick
|-enditem|p1a: Clefable|Choice Scarf|[silent]|[from] move: Trick
|
|upkeep
|turn|2
|
|t:|1779972651
|move|p2a: Regieleki|Supercell Slam|p1a: Clefable
|-damage|p1a: Clefable|0 fnt
|faint|p1a: Clefable
|
|upkeep
|
|t:|1779972654
|switch|p1a: Pelipper|Pelipper, M|100/100
|-weather|RainDance|[from] ability: Drizzle|[of] p1a: Pelipper
|turn|3
|
|t:|1779972660
|switch|p1a: Mandibuzz|Mandibuzz, F|100/100
|move|p2a: Regieleki|Supercell Slam|p1a: Mandibuzz
|-supereffective|p1a: Mandibuzz
|-damage|p1a: Mandibuzz|34/100
|
|-weather|RainDance|[upkeep]
|-heal|p1a: Mandibuzz|40/100|[from] item: Leftovers
|upkeep
|turn|4
|
|t:|1779972665
|move|p2a: Regieleki|Supercell Slam|p1a: Mandibuzz
|-supereffective|p1a: Mandibuzz
|-damage|p1a: Mandibuzz|0 fnt
|faint|p1a: Mandibuzz
|
|-weather|RainDance|[upkeep]
|upkeep
|
|t:|1779972667
|switch|p1a: Overqwil|Overqwil, F|100/100
|turn|5
|c|☆ROLFI03|Why do you give me scarf
|c|☆ROLFI03|Like???
|
|t:|1779972695
|switch|p2a: Corviknight|Corviknight, M|100/100
|-terastallize|p1a: Overqwil|Ground
|move|p1a: Overqwil|Swords Dance|p1a: Overqwil
|-boost|p1a: Overqwil|atk|2
|
|-weather|RainDance|[upkeep]
|upkeep
|turn|6
|
|t:|1779972708
|move|p1a: Overqwil|Waterfall|p2a: Corviknight
|-damage|p2a: Corviknight|43/100
|cant|p2a: Corviknight|flinch
|
|-weather|RainDance|[upkeep]
|-heal|p2a: Corviknight|49/100|[from] item: Leftovers
|upkeep
|turn|7
|
|t:|1779972717
|move|p1a: Overqwil|Waterfall|p2a: Corviknight
|-damage|p2a: Corviknight|0 fnt
|faint|p2a: Corviknight
|
|-weather|RainDance|[upkeep]
|upkeep
|
|t:|1779972727
|switch|p2a: Porygon2|Porygon2|100/100
|turn|8
|
|t:|1779972733
|move|p1a: Overqwil|Waterfall|p2a: Porygon2
|-damage|p2a: Porygon2|38/100
|cant|p2a: Porygon2|flinch
|
|-weather|RainDance|[upkeep]
|upkeep
|turn|9
|
|t:|1779972744
|move|p1a: Overqwil|Waterfall|p2a: Porygon2
|-damage|p2a: Porygon2|0 fnt
|faint|p2a: Porygon2
|
|-weather|RainDance|[upkeep]
|upkeep
|
|t:|1779972746
|switch|p2a: Iron Hands|Iron Hands|100/100
|turn|10
|c|☆ROLFI03|Ok
|
|t:|1779972754
|move|p2a: Iron Hands|Fake Out|p1a: Overqwil
|-damage|p1a: Overqwil|83/100
|cant|p1a: Overqwil|flinch
|
|-weather|none
|upkeep
|turn|11
|
|t:|1779972761
|switch|p1a: Pelipper|Pelipper, M|100/100
|-weather|RainDance|[from] ability: Drizzle|[of] p1a: Pelipper
|move|p2a: Iron Hands|Drain Punch|p1a: Pelipper
|-resisted|p1a: Pelipper
|-damage|p1a: Pelipper|83/100
|
|-weather|RainDance|[upkeep]
|upkeep
|turn|12
|
|t:|1779972771
|move|p1a: Pelipper|U-turn|p2a: Iron Hands
|-resisted|p2a: Iron Hands
|-damage|p2a: Iron Hands|97/100
|
|t:|1779972774
|switch|p1a: Beartic|Beartic, M|100/100|[from] U-turn
|move|p2a: Iron Hands|Supercell Slam|p1a: Beartic
|-damage|p1a: Beartic|24/100
|
|-weather|RainDance|[upkeep]
|upkeep
|turn|13
|
|t:|1779972786
|-terastallize|p2a: Iron Hands|Fighting
|move|p1a: Beartic|Icicle Spear|p2a: Iron Hands
|-damage|p2a: Iron Hands|88/100
|-damage|p2a: Iron Hands|80/100
|-damage|p2a: Iron Hands|71/100
|-damage|p2a: Iron Hands|62/100
|-damage|p2a: Iron Hands|53/100
|-hitcount|p2a: Iron Hands|5
|move|p2a: Iron Hands|Drain Punch|p1a: Beartic
|-supereffective|p1a: Beartic
|-damage|p1a: Beartic|0 fnt
|-heal|p2a: Iron Hands|60/100|[from] drain|[of] p1a: Beartic
|faint|p1a: Beartic
|
|-weather|RainDance|[upkeep]
|upkeep
|
|t:|1779972792
|switch|p1a: Floatzel|Floatzel, M|100/100
|turn|14
|
|t:|1779972802
|move|p1a: Floatzel|Waterfall|p2a: Iron Hands
|-damage|p2a: Iron Hands|7/100
|cant|p2a: Iron Hands|flinch
|
|-weather|RainDance|[upkeep]
|upkeep
|turn|15
|-message|ROLFI03 forfeited.
|
|win|socaselectah
|raw|socaselectah's rating: 1233 &rarr; <strong>1259</strong><br />(+26 for winning)
|raw|ROLFI03's rating: 1242 &rarr; <strong>1216</strong><br />(-26 for losing)
|l|☆ROLFI03
|player|p2|
|l|☆socaselectah
|player|p1|
