|j|☆mms clutching
|j|☆Atusuki
|t:|1779870179
|gametype|singles
|player|p1|mms clutching|red|1105
|player|p2|Atusuki|gambler|1123
|gen|9
|tier|[Gen 9] OU
|rated|
|rule|HP Percentage Mod: HP is shown in percentages
|rule|Endless Battle Clause: Forcing endless battles is banned
|rule|Species Clause: Limit one of each Pokémon
|rule|OHKO Clause: OHKO moves are banned
|rule|Evasion Items Clause: Evasion items are banned
|rule|Evasion Moves Clause: Evasion moves are banned
|rule|Evasion Abilities Clause: Evasion abilities are banned
|rule|Sleep Moves Clause: Sleep-inducing moves are banned
|clearpoke
|poke|p1|Pikachu, M|
|poke|p1|Snorlax, F|
|poke|p1|Lapras, M|
|poke|p1|Blastoise, F|
|poke|p1|Charizard, F|
|poke|p1|Venusaur, F|
|poke|p2|Blaziken, F|
|poke|p2|Ninetales, M|
|poke|p2|Venusaur, F|
|poke|p2|Hatterene, F|
|poke|p2|Great Tusk|
|poke|p2|Walking Wake|
|teampreview
|
|t:|1779870189
|teamsize|p1|6
|teamsize|p2|6
|start
|switch|p1a: Pikachu|Pikachu, M|100/100
|switch|p2a: Ninetales|Ninetales, M|100/100
|-weather|SunnyDay|[from] ability: Drought|[of] p2a: Ninetales
|turn|1
|
|t:|1779870200
|switch|p2a: Great Tusk|Great Tusk|100/100
|-activate|p2a: Great Tusk|ability: Protosynthesis
|-start|p2a: Great Tusk|protosynthesisatk
|move|p1a: Pikachu|Surf|p2a: Great Tusk
|-supereffective|p2a: Great Tusk
|-damage|p2a: Great Tusk|47/100
|
|-weather|SunnyDay|[upkeep]
|upkeep
|turn|2
|
|t:|1779870213
|-end|p2a: Great Tusk|Protosynthesis|[silent]
|switch|p2a: Hatterene|Hatterene, F|100/100
|move|p1a: Pikachu|Surf|p2a: Hatterene
|-damage|p2a: Hatterene|82/100
|-enditem|p2a: Hatterene|Eject Button
|
|t:|1779870216
|switch|p2a: Blaziken|Blaziken, F|100/100
|
|-weather|SunnyDay|[upkeep]
|upkeep
|turn|3
|
|t:|1779870224
|move|p1a: Pikachu|Surf|p2a: Blaziken
|-supereffective|p2a: Blaziken
|-damage|p2a: Blaziken|45/100
|move|p2a: Blaziken|Focus Energy|p2a: Blaziken
|-start|p2a: Blaziken|move: Focus Energy
|
|-weather|SunnyDay|[upkeep]
|-ability|p2a: Blaziken|Speed Boost|boost
|-boost|p2a: Blaziken|spe|1
|upkeep
|turn|4
|
|t:|1779870234
|move|p2a: Blaziken|Overheat|p1a: Pikachu
|-crit|p1a: Pikachu
|-damage|p1a: Pikachu|0 fnt
|-unboost|p2a: Blaziken|spa|2
|faint|p1a: Pikachu
|
|-weather|SunnyDay|[upkeep]
|-ability|p2a: Blaziken|Speed Boost|boost
|-boost|p2a: Blaziken|spe|1
|upkeep
|
|t:|1779870246
|switch|p1a: Blastoise|Blastoise, F|100/100
|turn|5
|
|t:|1779870253
|move|p2a: Blaziken|Close Combat|p1a: Blastoise
|-crit|p1a: Blastoise
|-damage|p1a: Blastoise|27/100
|-unboost|p2a: Blaziken|def|1
|-unboost|p2a: Blaziken|spd|1
|move|p1a: Blastoise|Water Spout|p2a: Blaziken
|-supereffective|p2a: Blaziken
|-damage|p2a: Blaziken|8/100
|
|-weather|SunnyDay|[upkeep]
|-heal|p1a: Blastoise|33/100|[from] item: Leftovers
|-ability|p2a: Blaziken|Speed Boost|boost
|-boost|p2a: Blaziken|spe|1
|upkeep
|turn|6
|
|t:|1779870277
|switch|p1a: Charizard|Charizard, F|100/100
|move|p2a: Blaziken|Close Combat|p1a: Charizard
|-resisted|p1a: Charizard
|-crit|p1a: Charizard
|-damage|p1a: Charizard|51/100
|-unboost|p2a: Blaziken|def|1
|-unboost|p2a: Blaziken|spd|1
|
|-weather|SunnyDay|[upkeep]
|-ability|p2a: Blaziken|Speed Boost|boost
|-boost|p2a: Blaziken|spe|1
|upkeep
|turn|7
|
|t:|1779870289
|move|p2a: Blaziken|Overheat|p1a: Charizard
|-resisted|p1a: Charizard
|-crit|p1a: Charizard
|-damage|p1a: Charizard|0 fnt
|-unboost|p2a: Blaziken|spa|2
|faint|p1a: Charizard
|
|-weather|SunnyDay|[upkeep]
|-ability|p2a: Blaziken|Speed Boost|boost
|-boost|p2a: Blaziken|spe|1
|upkeep
|
|t:|1779870302
|switch|p1a: Lapras|Lapras, M|100/100
|turn|8
|
|t:|1779870334
|move|p2a: Blaziken|Close Combat|p1a: Lapras
|-supereffective|p1a: Lapras
|-crit|p1a: Lapras
|-damage|p1a: Lapras|0 fnt
|-unboost|p2a: Blaziken|def|1
|-unboost|p2a: Blaziken|spd|1
|faint|p1a: Lapras
|
|-weather|none
|-ability|p2a: Blaziken|Speed Boost|boost
|-boost|p2a: Blaziken|spe|1
|upkeep
|
|t:|1779870349
|switch|p1a: Blastoise|Blastoise, F|33/100
|turn|9
|
|t:|1779870362
|move|p2a: Blaziken|Close Combat|p1a: Blastoise
|-crit|p1a: Blastoise
|-damage|p1a: Blastoise|0 fnt
|-unboost|p2a: Blaziken|def|1
|-unboost|p2a: Blaziken|spd|1
|faint|p1a: Blastoise
|
|upkeep
|
|t:|1779870375
|switch|p1a: Venusaur|Venusaur, F|100/100
|turn|10
|
|t:|1779870381
|move|p2a: Blaziken|Overheat|p1a: Venusaur
|-supereffective|p1a: Venusaur
|-crit|p1a: Venusaur
|-damage|p1a: Venusaur|0 fnt
|-unboost|p2a: Blaziken|spa|2
|faint|p1a: Venusaur
|
|upkeep
|
|t:|1779870389
|switch|p1a: Snorlax|Snorlax, F|100/100
|turn|11
|
|t:|1779870394
|move|p2a: Blaziken|Close Combat|p1a: Snorlax
|-supereffective|p1a: Snorlax
|-crit|p1a: Snorlax
|-damage|p1a: Snorlax|0 fnt
|-unboost|p2a: Blaziken|def|1
|-unboost|p2a: Blaziken|spd|1
|faint|p1a: Snorlax
|
|win|Atusuki
|raw|mms clutching's rating: 1082 &rarr; <strong>1062</strong><br />(-20 for losing)
|raw|Atusuki's rating: 1123 &rarr; <strong>1145</strong><br />(+22 for winning)
|l|☆Atusuki
|player|p2|
|l|☆mms clutching
|player|p1|
