|j|☆Graetey
|j|☆fidel_k06
|t:|1779809341
|gametype|singles
|player|p1|Graetey|265|1114
|player|p2|fidel_k06|steven|1137
|gen|9
|tier|[Gen 9] OU
|rated|
|rule|HP Percentage Mod: HP is shown in percentages
|rule|Endless Battle Clause: Forcing endless battles is banned
|rule|Species Clause: Limit one of each Pokémon
|rule|OHKO Clause: OHKO moves are banned
|rule|Evasion Items Clause: Evasion items are banned
|rule|Evasion Moves Clause: Evasion moves are banned
|rule|Evasion Abilities Clause: Evasion abilities are banned
|rule|Sleep Moves Clause: Sleep-inducing moves are banned
|clearpoke
|poke|p1|Ampharos, F|
|poke|p1|Weezing-Galar, F|
|poke|p1|Gyarados, M|
|poke|p1|Excadrill, M|
|poke|p1|Lokix, F|
|poke|p1|Leavanny, M|
|poke|p2|Hawlucha, F|
|poke|p2|Rillaboom, F|
|poke|p2|Great Tusk|
|poke|p2|Milotic, F|
|poke|p2|Ogerpon-Wellspring, F|
|poke|p2|Cinderace, M|
|teampreview
|inactive|Battle timer is ON: inactive players will automatically lose when time's up. (requested by fidel_k06)
|inactive|Graetey also wants the timer to be on.
|
|t:|1779809351
|teamsize|p1|6
|teamsize|p2|6
|start
|switch|p1a: Gyarados|Gyarados, M|100/100
|switch|p2a: Great Tusk|Great Tusk|100/100
|turn|1
|
|t:|1779809356
|move|p1a: Gyarados|Waterfall|p2a: Great Tusk
|-supereffective|p2a: Great Tusk
|-damage|p2a: Great Tusk|59/100
|cant|p2a: Great Tusk|flinch
|
|-heal|p2a: Great Tusk|65/100|[from] item: Leftovers
|upkeep
|turn|2
|
|t:|1779809367
|-end|p2a: Great Tusk|Protosynthesis|[silent]
|switch|p2a: Ogerpon|Ogerpon-Wellspring, F|100/100
|move|p1a: Gyarados|Waterfall|p2a: Ogerpon
|-immune|p2a: Ogerpon|[from] ability: Water Absorb
|
|upkeep
|turn|3
|
|t:|1779809371
|move|p2a: Ogerpon|Swords Dance|p2a: Ogerpon
|-boost|p2a: Ogerpon|atk|2
|move|p1a: Gyarados|Thunder Wave|p2a: Ogerpon
|-status|p2a: Ogerpon|par
|
|upkeep
|turn|4
|
|t:|1779809380
|move|p1a: Gyarados|Crunch|p2a: Ogerpon
|-damage|p2a: Ogerpon|64/100 par
|move|p2a: Ogerpon|Swords Dance|p2a: Ogerpon
|-boost|p2a: Ogerpon|atk|2
|
|upkeep
|turn|5
|
|t:|1779809383
|move|p1a: Gyarados|Crunch|p2a: Ogerpon
|-damage|p2a: Ogerpon|25/100 par
|move|p2a: Ogerpon|Power Whip|p1a: Gyarados|[miss]
|-miss|p2a: Ogerpon|p1a: Gyarados
|
|upkeep
|turn|6
|
|t:|1779809388
|move|p1a: Gyarados|Crunch|p2a: Ogerpon
|-damage|p2a: Ogerpon|0 fnt
|faint|p2a: Ogerpon
|-ability|p1a: Gyarados|Moxie|boost
|-boost|p1a: Gyarados|atk|1
|
|upkeep
|
|t:|1779809395
|switch|p2a: Rillaboom|Rillaboom, F|100/100
|-fieldstart|move: Grassy Terrain|[from] ability: Grassy Surge|[of] p2a: Rillaboom
|turn|7
|
|t:|1779809400
|move|p1a: Gyarados|Temper Flare|p2a: Rillaboom
|-supereffective|p2a: Rillaboom
|-damage|p2a: Rillaboom|21/100
|move|p2a: Rillaboom|Wood Hammer|p1a: Gyarados
|-damage|p1a: Gyarados|0 fnt
|faint|p1a: Gyarados
|-damage|p2a: Rillaboom|0 fnt|[from] Recoil
|faint|p2a: Rillaboom
|
|upkeep
|
|t:|1779809409
|switch|p1a: Leavanny|Leavanny, M|100/100
|switch|p2a: Great Tusk|Great Tusk|65/100
|turn|8
|
|t:|1779809415
|move|p1a: Leavanny|Seed Bomb|p2a: Great Tusk
|-supereffective|p2a: Great Tusk
|-damage|p2a: Great Tusk|15/100
|move|p2a: Great Tusk|Knock Off|p1a: Leavanny
|-damage|p1a: Leavanny|58/100
|-enditem|p1a: Leavanny|Heavy-Duty Boots|[from] move: Knock Off|[of] p2a: Great Tusk
|
|-heal|p1a: Leavanny|64/100|[from] Grassy Terrain
|-heal|p2a: Great Tusk|21/100|[from] Grassy Terrain
|-heal|p2a: Great Tusk|27/100|[from] item: Leftovers
|upkeep
|turn|9
|
|t:|1779809424
|-end|p2a: Great Tusk|Protosynthesis|[silent]
|switch|p2a: Cinderace|Cinderace, M|100/100
|move|p1a: Leavanny|Seed Bomb|p2a: Cinderace
|-resisted|p2a: Cinderace
|-crit|p2a: Cinderace
|-damage|p2a: Cinderace|48/100
|
|-heal|p2a: Cinderace|54/100|[from] Grassy Terrain
|-heal|p1a: Leavanny|71/100|[from] Grassy Terrain
|upkeep
|turn|10
|
|t:|1779809427
|move|p2a: Cinderace|Pyro Ball|p1a: Leavanny
|-supereffective|p1a: Leavanny
|-damage|p1a: Leavanny|0 fnt
|faint|p1a: Leavanny
|
|-heal|p2a: Cinderace|60/100|[from] Grassy Terrain
|upkeep
|
|t:|1779809431
|switch|p1a: Ampharos|Ampharos, F|100/100
|turn|11
|
|t:|1779809434
|move|p2a: Cinderace|High Jump Kick|p1a: Ampharos
|-start|p2a: Cinderace|typechange|Fighting|[from] ability: Libero
|-damage|p1a: Ampharos|31/100
|move|p1a: Ampharos|Meteor Beam||[still]
|-prepare|p1a: Ampharos|Meteor Beam
|-boost|p1a: Ampharos|spa|1
|-enditem|p1a: Ampharos|Power Herb
|-anim|p1a: Ampharos|Meteor Beam|p2a: Cinderace
|-resisted|p2a: Cinderace
|-damage|p2a: Cinderace|19/100
|
|-heal|p2a: Cinderace|25/100|[from] Grassy Terrain
|-heal|p1a: Ampharos|37/100|[from] Grassy Terrain
|upkeep
|turn|12
|
|t:|1779809441
|move|p2a: Cinderace|High Jump Kick|p1a: Ampharos
|-damage|p1a: Ampharos|0 fnt
|-status|p2a: Cinderace|par|[from] ability: Static|[of] p1a: Ampharos
|faint|p1a: Ampharos
|
|-heal|p2a: Cinderace|31/100 par|[from] Grassy Terrain
|upkeep
|
|t:|1779809449
|switch|p1a: Weezing|Weezing-Galar, F|100/100
|turn|13
|
|t:|1779809453
|move|p2a: Cinderace|U-turn|p1a: Weezing
|-resisted|p1a: Weezing
|-damage|p1a: Weezing|95/100
|
|t:|1779809457
|switch|p2a: Hawlucha|Hawlucha, F|100/100|[from] U-turn
|-enditem|p2a: Hawlucha|Grassy Seed
|-boost|p2a: Hawlucha|def|1|[from] item: Grassy Seed
|move|p1a: Weezing|Toxic Spikes|p2a: Hawlucha
|-sidestart|p2: fidel_k06|move: Toxic Spikes
|
|-heal|p1a: Weezing|100/100|[from] item: Leftovers
|upkeep
|turn|14
|
|t:|1779809463
|move|p2a: Hawlucha|Substitute|p2a: Hawlucha
|-start|p2a: Hawlucha|Substitute
|-damage|p2a: Hawlucha|76/100
|move|p1a: Weezing|Clear Smog|p2a: Hawlucha
|-activate|p2a: Hawlucha|move: Substitute|[damage]
|
|-fieldend|move: Grassy Terrain
|upkeep
|turn|15
|
|t:|1779809482
|move|p2a: Hawlucha|Swords Dance|p2a: Hawlucha
|-boost|p2a: Hawlucha|atk|2
|move|p1a: Weezing|Strange Steam|p2a: Hawlucha
|-supereffective|p2a: Hawlucha
|-end|p2a: Hawlucha|Substitute
|
|upkeep
|turn|16
|
|t:|1779809488
|-terastallize|p2a: Hawlucha|Flying
|move|p2a: Hawlucha|Acrobatics|p1a: Weezing
|-damage|p1a: Weezing|0 fnt
|faint|p1a: Weezing
|
|upkeep
|
|t:|1779809493
|switch|p1a: Lokix|Lokix, F|100/100
|turn|17
|
|t:|1779809499
|-terastallize|p1a: Lokix|Bug
|move|p1a: Lokix|First Impression|p2a: Hawlucha
|-resisted|p2a: Hawlucha
|-damage|p2a: Hawlucha|23/100
|move|p2a: Hawlucha|Drain Punch|p1a: Lokix
|-resisted|p1a: Lokix
|-damage|p1a: Lokix|51/100
|-heal|p2a: Hawlucha|45/100|[from] drain|[of] p1a: Lokix
|
|upkeep
|turn|18
|
|t:|1779809508
|move|p2a: Hawlucha|Acrobatics|p1a: Lokix
|-supereffective|p1a: Lokix
|-damage|p1a: Lokix|0 fnt
|faint|p1a: Lokix
|
|upkeep
|
|t:|1779809510
|switch|p1a: Excadrill|Excadrill, M|100/100
|-ability|p1a: Excadrill|Mold Breaker
|turn|19
|
|t:|1779809514
|move|p2a: Hawlucha|Drain Punch|p1a: Excadrill
|-supereffective|p1a: Excadrill
|-damage|p1a: Excadrill|0 fnt
|-heal|p2a: Hawlucha|100/100|[from] drain|[of] p1a: Excadrill
|-damage|p2a: Hawlucha|84/100|[from] item: Rocky Helmet|[of] p1a: Excadrill
|faint|p1a: Excadrill
|
|win|fidel_k06
|raw|Graetey's rating: 1114 &rarr; <strong>1091</strong><br />(-23 for losing)
|raw|fidel_k06's rating: 1137 &rarr; <strong>1160</strong><br />(+23 for winning)
|l|☆Graetey
|player|p1|
|l|☆fidel_k06
|player|p2|
