|j|☆michael213
|j|☆isaac_gam3r
|t:|1779943446
|gametype|singles
|player|p1|michael213|miku-flying|1654
|player|p2|isaac_gam3r|acetrainer-gen4dp|1755
|gen|9
|tier|[Gen 9] OU
|rated|
|rule|HP Percentage Mod: HP is shown in percentages
|rule|Endless Battle Clause: Forcing endless battles is banned
|rule|Species Clause: Limit one of each Pokémon
|rule|OHKO Clause: OHKO moves are banned
|rule|Evasion Items Clause: Evasion items are banned
|rule|Evasion Moves Clause: Evasion moves are banned
|rule|Evasion Abilities Clause: Evasion abilities are banned
|rule|Sleep Moves Clause: Sleep-inducing moves are banned
|clearpoke
|poke|p1|Cinderace, M|
|poke|p1|Landorus-Therian, M|
|poke|p1|Slowking-Galar, M|
|poke|p1|Kingambit, M|
|poke|p1|Iron Valiant|
|poke|p1|Kyurem|
|poke|p2|Primarina, F|
|poke|p2|Raging Bolt|
|poke|p2|Heatran, M|
|poke|p2|Weezing-Galar, M|
|poke|p2|Garchomp, M|
|poke|p2|Weavile, F|
|teampreview
|inactive|Battle timer is ON: inactive players will automatically lose when time's up. (requested by michael213)
|j| Leamper
|
|t:|1779943461
|teamsize|p1|6
|teamsize|p2|6
|start
|switch|p1a: Cinderace|Cinderace, M|100/100
|switch|p2a: Primarina|Primarina, F, shiny|100/100
|turn|1
|
|t:|1779943468
|move|p2a: Primarina|Protect|p2a: Primarina
|-singleturn|p2a: Primarina|Protect
|move|p1a: Cinderace|U-turn|p2a: Primarina
|-start|p1a: Cinderace|typechange|Bug|[from] ability: Libero
|-activate|p2a: Primarina|move: Protect
|
|upkeep
|turn|2
|
|t:|1779943472
|move|p1a: Cinderace|U-turn|p2a: Primarina
|-resisted|p2a: Primarina
|-damage|p2a: Primarina|81/100
|
|t:|1779943474
|switch|p1a: Slowking|Slowking-Galar, M|100/100|[from] U-turn
|move|p2a: Primarina|Calm Mind|p2a: Primarina
|-boost|p2a: Primarina|spa|1
|-boost|p2a: Primarina|spd|1
|
|-heal|p2a: Primarina|87/100|[from] item: Leftovers
|upkeep
|turn|3
|
|t:|1779943479
|move|p2a: Primarina|Calm Mind|p2a: Primarina
|-boost|p2a: Primarina|spa|1
|-boost|p2a: Primarina|spd|1
|move|p1a: Slowking|Sludge Bomb|p2a: Primarina
|-supereffective|p2a: Primarina
|-damage|p2a: Primarina|57/100
|
|-heal|p2a: Primarina|63/100|[from] item: Leftovers
|upkeep
|turn|4
|
|t:|1779943484
|move|p2a: Primarina|Protect|p2a: Primarina
|-singleturn|p2a: Primarina|Protect
|move|p1a: Slowking|Sludge Bomb|p2a: Primarina
|-activate|p2a: Primarina|move: Protect
|
|-heal|p2a: Primarina|69/100|[from] item: Leftovers
|upkeep
|turn|5
|
|t:|1779943486
|move|p2a: Primarina|Sparkling Aria|p1a: Slowking
|-damage|p1a: Slowking|45/100
|move|p1a: Slowking|Thunder Wave|p2a: Primarina
|-status|p2a: Primarina|par
|
|-heal|p2a: Primarina|75/100 par|[from] item: Leftovers
|upkeep
|turn|6
|
|t:|1779943492
|switch|p1a: Kyurem|Kyurem|100/100
|-ability|p1a: Kyurem|Pressure
|cant|p2a: Primarina|par
|
|-heal|p2a: Primarina|81/100 par|[from] item: Leftovers
|upkeep
|turn|7
|
|t:|1779943497
|move|p1a: Kyurem|Substitute|p1a: Kyurem
|-start|p1a: Kyurem|Substitute
|-damage|p1a: Kyurem|75/100
|move|p2a: Primarina|Draining Kiss|p1a: Kyurem
|-supereffective|p1a: Kyurem
|-end|p1a: Kyurem|Substitute
|-heal|p2a: Primarina|100/100 par|[from] drain|[of] p1a: Kyurem
|
|-heal|p1a: Kyurem|82/100|[from] item: Leftovers
|upkeep
|turn|8
|
|t:|1779943506
|move|p1a: Kyurem|Freeze-Dry|p2a: Primarina
|-supereffective|p2a: Primarina
|-damage|p2a: Primarina|67/100 par
|move|p2a: Primarina|Calm Mind|p2a: Primarina
|-boost|p2a: Primarina|spa|1
|-boost|p2a: Primarina|spd|1
|
|-heal|p1a: Kyurem|88/100|[from] item: Leftovers
|-heal|p2a: Primarina|73/100 par|[from] item: Leftovers
|upkeep
|turn|9
|
|t:|1779943511
|move|p1a: Kyurem|Freeze-Dry|p2a: Primarina
|-supereffective|p2a: Primarina
|-damage|p2a: Primarina|47/100 par
|move|p2a: Primarina|Sparkling Aria|p1a: Kyurem
|-resisted|p1a: Kyurem
|-damage|p1a: Kyurem|25/100
|
|-heal|p1a: Kyurem|31/100|[from] item: Leftovers
|-heal|p2a: Primarina|53/100 par|[from] item: Leftovers
|upkeep
|turn|10
|
|t:|1779943517
|move|p1a: Kyurem|Freeze-Dry|p2a: Primarina
|-supereffective|p2a: Primarina
|-damage|p2a: Primarina|26/100 par
|move|p2a: Primarina|Draining Kiss|p1a: Kyurem
|-supereffective|p1a: Kyurem
|-damage|p1a: Kyurem|0 fnt
|-heal|p2a: Primarina|52/100 par|[from] drain|[of] p1a: Kyurem
|faint|p1a: Kyurem
|
|-heal|p2a: Primarina|58/100 par|[from] item: Leftovers
|upkeep
|
|t:|1779943521
|switch|p1a: Kingambit|Kingambit, M|100/100
|-activate|p1a: Kingambit|ability: Supreme Overlord
|-start|p1a: Kingambit|fallen1|[silent]
|turn|11
|
|t:|1779943524
|move|p2a: Primarina|Protect|p2a: Primarina
|-singleturn|p2a: Primarina|Protect
|move|p1a: Kingambit|Iron Head|p2a: Primarina
|-activate|p2a: Primarina|move: Protect
|
|-heal|p2a: Primarina|64/100 par|[from] item: Leftovers
|upkeep
|turn|12
|
|t:|1779943527
|-terastallize|p2a: Primarina|Steel
|move|p1a: Kingambit|Iron Head|p2a: Primarina
|-resisted|p2a: Primarina
|-damage|p2a: Primarina|31/100 par
|cant|p2a: Primarina|flinch
|
|-heal|p2a: Primarina|37/100 par|[from] item: Leftovers
|upkeep
|turn|13
|
|t:|1779943531
|move|p1a: Kingambit|Kowtow Cleave|p2a: Primarina
|-crit|p2a: Primarina
|-damage|p2a: Primarina|0 fnt
|faint|p2a: Primarina
|
|upkeep
|
|t:|1779943535
|switch|p2a: Heatran|Heatran, M|100/100
|turn|14
|
|t:|1779943546
|-end|p1a: Kingambit|fallen1|[silent]
|switch|p1a: Slowking|Slowking-Galar, M|78/100
|move|p2a: Heatran|Lava Plume|p1a: Slowking
|-damage|p1a: Slowking|55/100
|
|upkeep
|turn|15
|
|t:|1779943550
|move|p2a: Heatran|Earth Power|p1a: Slowking
|-supereffective|p1a: Slowking
|-damage|p1a: Slowking|18/100
|-unboost|p1a: Slowking|spd|1
|move|p1a: Slowking|Slack Off|p1a: Slowking
|-heal|p1a: Slowking|68/100
|
|upkeep
|turn|16
|
|t:|1779943553
|switch|p1a: Landorus|Landorus-Therian, M|100/100
|-ability|p1a: Landorus|Intimidate|boost
|-unboost|p2a: Heatran|atk|1
|move|p2a: Heatran|Lava Plume|p1a: Landorus
|-damage|p1a: Landorus|57/100
|-status|p1a: Landorus|brn
|
|-damage|p1a: Landorus|51/100 brn|[from] brn
|upkeep
|turn|17
|
|t:|1779943556
|switch|p2a: Weezing|Weezing-Galar, M, shiny|100/100
|move|p1a: Landorus|Earth Power|p2a: Weezing
|-immune|p2a: Weezing|[from] ability: Levitate
|
|-damage|p1a: Landorus|45/100 brn|[from] brn
|upkeep
|turn|18
|
|t:|1779943558
|move|p1a: Landorus|Stealth Rock|p2a: Weezing
|-sidestart|p2: isaac_gam3r|move: Stealth Rock
|move|p2a: Weezing|Strange Steam|p1a: Landorus
|-damage|p1a: Landorus|15/100 brn
|
|-damage|p1a: Landorus|9/100 brn|[from] brn
|upkeep
|turn|19
|
|t:|1779943562
|move|p1a: Landorus|U-turn|p2a: Weezing
|-resisted|p2a: Weezing
|-damage|p2a: Weezing|99/100
|
|t:|1779943564
|switch|p1a: Slowking|Slowking-Galar, M|100/100|[from] U-turn
|move|p2a: Weezing|Defog|p1a: Slowking
|-unboost|p1a: Slowking|evasion|1
|-sideend|p2: isaac_gam3r|Stealth Rock|[from] move: Defog|[of] p2a: Weezing
|
|-heal|p2a: Weezing|100/100|[from] item: Black Sludge
|upkeep
|turn|20
|
|t:|1779943566
|move|p2a: Weezing|Will-O-Wisp|p1a: Slowking
|-status|p1a: Slowking|brn
|-prepare|p1a: Slowking|Chilly Reception|[premajor]
|move|p1a: Slowking|Chilly Reception|p1a: Slowking
|-weather|Snowscape
|
|t:|1779943571
|switch|p1a: Cinderace|Cinderace, M|100/100|[from] Chilly Reception
|
|-weather|Snowscape|[upkeep]
|upkeep
|turn|21
|
|t:|1779943575
|switch|p2a: Heatran|Heatran, M|100/100
|move|p1a: Cinderace|Pyro Ball|p2a: Heatran
|-start|p2a: Heatran|ability: Flash Fire
|
|-weather|Snowscape|[upkeep]
|upkeep
|turn|22
|
|t:|1779943577
|move|p1a: Cinderace|U-turn|p2a: Heatran
|-start|p1a: Cinderace|typechange|Bug|[from] ability: Libero
|-resisted|p2a: Heatran
|-damage|p2a: Heatran|93/100
|
|t:|1779943582
|switch|p1a: Iron Valiant|Iron Valiant|100/100|[from] U-turn
|-enditem|p1a: Iron Valiant|Booster Energy
|-activate|p1a: Iron Valiant|ability: Quark Drive|[fromitem]
|-start|p1a: Iron Valiant|quarkdrivespe
|move|p2a: Heatran|Lava Plume|p1a: Iron Valiant
|-damage|p1a: Iron Valiant|0 fnt
|faint|p1a: Iron Valiant
|-end|p1a: Iron Valiant|Quark Drive|[silent]
|
|-weather|Snowscape|[upkeep]
|upkeep
|
|t:|1779943585
|switch|p1a: Kingambit|Kingambit, M|100/100
|-activate|p1a: Kingambit|ability: Supreme Overlord
|-start|p1a: Kingambit|fallen2|[silent]
|turn|23
|
|t:|1779943589
|-end|p1a: Kingambit|fallen2|[silent]
|switch|p1a: Landorus|Landorus-Therian, M|9/100 brn
|-ability|p1a: Landorus|Intimidate|boost
|-unboost|p2a: Heatran|atk|1
|move|p2a: Heatran|Lava Plume|p1a: Landorus
|-damage|p1a: Landorus|0 fnt
|faint|p1a: Landorus
|
|-weather|Snowscape|[upkeep]
|upkeep
|
|t:|1779943593
|switch|p1a: Kingambit|Kingambit, M|100/100
|-activate|p1a: Kingambit|ability: Supreme Overlord
|-start|p1a: Kingambit|fallen3|[silent]
|turn|24
|
|t:|1779943596
|-terastallize|p1a: Kingambit|Dark
|move|p1a: Kingambit|Sucker Punch|p2a: Heatran
|-damage|p2a: Heatran|34/100
|move|p2a: Heatran|Lava Plume|p1a: Kingambit
|-damage|p1a: Kingambit|43/100
|
|-weather|none
|-heal|p1a: Kingambit|50/100|[from] item: Leftovers
|upkeep
|turn|25
|
|t:|1779943600
|move|p1a: Kingambit|Sucker Punch|p2a: Heatran
|-damage|p2a: Heatran|0 fnt
|faint|p2a: Heatran
|
|-heal|p1a: Kingambit|56/100|[from] item: Leftovers
|upkeep
|
|t:|1779943602
|switch|p2a: Garchomp|Garchomp, M|100/100
|turn|26
|
|t:|1779943607
|move|p2a: Garchomp|Earthquake|p1a: Kingambit
|-damage|p1a: Kingambit|16/100
|move|p1a: Kingambit|Kowtow Cleave|p2a: Garchomp
|-damage|p2a: Garchomp|10/100
|-damage|p1a: Kingambit|3/100|[from] ability: Rough Skin|[of] p2a: Garchomp
|
|-heal|p1a: Kingambit|9/100|[from] item: Leftovers
|upkeep
|turn|27
|
|t:|1779943613
|-end|p1a: Kingambit|fallen3|[silent]
|switch|p1a: Slowking|Slowking-Galar, M|100/100 brn
|move|p2a: Garchomp|Earthquake|p1a: Slowking
|-supereffective|p1a: Slowking
|-damage|p1a: Slowking|0 fnt
|faint|p1a: Slowking
|
|upkeep
|
|t:|1779943616
|switch|p1a: Cinderace|Cinderace, M|100/100
|turn|28
|
|t:|1779943618
|switch|p2a: Weezing|Weezing-Galar, M, shiny|100/100
|move|p1a: Cinderace|Pyro Ball|p2a: Weezing
|-damage|p2a: Weezing|65/100
|
|-heal|p2a: Weezing|71/100|[from] item: Black Sludge
|upkeep
|turn|29
|
|t:|1779943622
|move|p1a: Cinderace|Pyro Ball|p2a: Weezing
|-damage|p2a: Weezing|32/100
|move|p2a: Weezing|Strange Steam|p1a: Cinderace
|-resisted|p1a: Cinderace
|-damage|p1a: Cinderace|80/100
|
|-heal|p2a: Weezing|38/100|[from] item: Black Sludge
|upkeep
|turn|30
|
|t:|1779943626
|move|p1a: Cinderace|Pyro Ball|p2a: Weezing
|-damage|p2a: Weezing|0 fnt
|faint|p2a: Weezing
|
|upkeep
|
|t:|1779943629
|switch|p2a: Raging Bolt|Raging Bolt|100/100
|turn|31
|
|t:|1779943632
|move|p1a: Cinderace|Pyro Ball|p2a: Raging Bolt
|-resisted|p2a: Raging Bolt
|-damage|p2a: Raging Bolt|77/100
|move|p2a: Raging Bolt|Thunderbolt|p1a: Cinderace
|-damage|p1a: Cinderace|0 fnt
|faint|p1a: Cinderace
|
|-heal|p2a: Raging Bolt|84/100|[from] item: Leftovers
|upkeep
|
|t:|1779943637
|switch|p1a: Kingambit|Kingambit, M, tera:Dark|9/100
|-activate|p1a: Kingambit|ability: Supreme Overlord
|-start|p1a: Kingambit|fallen5|[silent]
|turn|32
|
|t:|1779943638
|move|p1a: Kingambit|Sucker Punch|p2a: Raging Bolt
|-damage|p2a: Raging Bolt|21/100
|move|p2a: Raging Bolt|Thunderbolt|p1a: Kingambit
|-damage|p1a: Kingambit|0 fnt
|faint|p1a: Kingambit
|-end|p1a: Kingambit|fallen5|[silent]
|
|win|isaac_gam3r
|raw|michael213's rating: 1654 &rarr; <strong>1640</strong><br />(-14 for losing)
|raw|isaac_gam3r's rating: 1755 &rarr; <strong>1769</strong><br />(+14 for winning)
|l|☆michael213
|player|p1|
|l|☆isaac_gam3r
|player|p2|
