|j|☆yeroVH
|j|☆portugala
|t:|1779888483
|gametype|singles
|player|p1|yeroVH|hilbert|1129
|player|p2|portugala|2|1168
|gen|9
|tier|[Gen 9] OU
|rated|
|rule|HP Percentage Mod: HP is shown in percentages
|rule|Endless Battle Clause: Forcing endless battles is banned
|rule|Species Clause: Limit one of each Pokémon
|rule|OHKO Clause: OHKO moves are banned
|rule|Evasion Items Clause: Evasion items are banned
|rule|Evasion Moves Clause: Evasion moves are banned
|rule|Evasion Abilities Clause: Evasion abilities are banned
|rule|Sleep Moves Clause: Sleep-inducing moves are banned
|clearpoke
|poke|p1|Torkoal, M|
|poke|p1|Venusaur, M|
|poke|p1|Weezing-Galar, F|
|poke|p1|Camerupt, M|
|poke|p1|Shiftry, M|
|poke|p1|Whimsicott, M|
|poke|p2|Incineroar, F|
|poke|p2|Iron Hands|
|poke|p2|Ogerpon-Wellspring, F|
|poke|p2|Weavile, F|
|poke|p2|Glimmora, M|
|poke|p2|Dragonite, M|
|teampreview
|inactive|Battle timer is ON: inactive players will automatically lose when time's up. (requested by portugala)
|
|t:|1779888493
|teamsize|p1|6
|teamsize|p2|6
|start
|switch|p1a: Weezing|Weezing-Galar, F|100/100
|switch|p2a: Glimmora|Glimmora, M|100/100
|-ability|p1a: Weezing|Neutralizing Gas
|turn|1
|
|t:|1779888511
|move|p2a: Glimmora|Power Gem|p1a: Weezing
|-damage|p1a: Weezing|45/100
|move|p1a: Weezing|Play Rough|p2a: Glimmora
|-resisted|p2a: Glimmora
|-damage|p2a: Glimmora|75/100
|
|-heal|p1a: Weezing|51/100|[from] item: Black Sludge
|upkeep
|turn|2
|
|t:|1779888531
|-end|p1a: Weezing|ability: Neutralizing Gas
|switch|p1a: Camerupt|Camerupt, M|100/100
|move|p2a: Glimmora|Power Gem|p1a: Camerupt
|-damage|p1a: Camerupt|63/100
|
|-heal|p1a: Camerupt|69/100|[from] item: Leftovers
|upkeep
|turn|3
|
|t:|1779888543
|switch|p2a: Ogerpon|Ogerpon-Wellspring, F|100/100
|move|p1a: Camerupt|Stockpile|p1a: Camerupt
|-start|p1a: Camerupt|stockpile1
|-boost|p1a: Camerupt|def|1
|-boost|p1a: Camerupt|spd|1
|
|-heal|p1a: Camerupt|75/100|[from] item: Leftovers
|upkeep
|turn|4
|
|t:|1779888561
|move|p2a: Ogerpon|Swords Dance|p2a: Ogerpon
|-boost|p2a: Ogerpon|atk|2
|move|p1a: Camerupt|Flare Blitz|p2a: Ogerpon
|-damage|p2a: Ogerpon|39/100
|-damage|p1a: Camerupt|56/100|[from] Recoil
|
|-heal|p1a: Camerupt|63/100|[from] item: Leftovers
|upkeep
|turn|5
|
|t:|1779888571
|move|p2a: Ogerpon|Ivy Cudgel|p1a: Camerupt|[anim] Ivy Cudgel Water
|-supereffective|p1a: Camerupt
|-damage|p1a: Camerupt|0 fnt
|faint|p1a: Camerupt
|
|upkeep
|
|t:|1779888585
|switch|p1a: Shiftry|Shiftry, M|100/100
|turn|6
|
|t:|1779888610
|move|p1a: Shiftry|Sucker Punch|p2a: Ogerpon
|-damage|p2a: Ogerpon|0 fnt
|faint|p2a: Ogerpon
|
|upkeep
|
|t:|1779888620
|switch|p2a: Weavile|Weavile, F|100/100
|-ability|p2a: Weavile|Pressure
|turn|7
|
|t:|1779888624
|switch|p1a: Torkoal|Torkoal, M, shiny|100/100
|-weather|SunnyDay|[from] ability: Drought|[of] p1a: Torkoal
|move|p2a: Weavile|Triple Axel|p1a: Torkoal
|-resisted|p1a: Torkoal
|-damage|p1a: Torkoal|93/100
|-resisted|p1a: Torkoal
|-damage|p1a: Torkoal|78/100
|-resisted|p1a: Torkoal
|-damage|p1a: Torkoal|58/100
|-hitcount|p1a: Torkoal|3
|
|-weather|SunnyDay|[upkeep]
|upkeep
|turn|8
|
|t:|1779888641
|switch|p2a: Glimmora|Glimmora, M|75/100
|move|p1a: Torkoal|Will-O-Wisp|p2a: Glimmora
|-status|p2a: Glimmora|brn
|
|-weather|SunnyDay|[upkeep]
|-damage|p2a: Glimmora|69/100 brn|[from] brn
|upkeep
|turn|9
|
|t:|1779888649
|move|p2a: Glimmora|Power Gem|p1a: Torkoal
|-supereffective|p1a: Torkoal
|-damage|p1a: Torkoal|0 fnt
|faint|p1a: Torkoal
|
|-weather|SunnyDay|[upkeep]
|-damage|p2a: Glimmora|63/100 brn|[from] brn
|upkeep
|
|t:|1779888662
|switch|p1a: Venusaur|Venusaur, M|100/100
|turn|10
|inactive|portugala has 120 seconds left.
|inactive|portugala has 90 seconds left.
|
|t:|1779888733
|switch|p2a: Incineroar|Incineroar, F|100/100
|-ability|p2a: Incineroar|Intimidate|boost
|-unboost|p1a: Venusaur|atk|1
|move|p1a: Venusaur|Solar Beam||[still]
|-prepare|p1a: Venusaur|Solar Beam
|-anim|p1a: Venusaur|Solar Beam|p2a: Incineroar
|-resisted|p2a: Incineroar
|-damage|p2a: Incineroar|66/100
|-damage|p1a: Venusaur|91/100|[from] item: Life Orb
|
|-weather|SunnyDay|[upkeep]
|upkeep
|turn|11
|
|t:|1779888756
|move|p1a: Venusaur|Earth Power|p2a: Incineroar
|-supereffective|p2a: Incineroar
|-damage|p2a: Incineroar|3/100
|-unboost|p2a: Incineroar|spd|1
|-damage|p1a: Venusaur|81/100|[from] item: Life Orb
|move|p2a: Incineroar|Swords Dance|p2a: Incineroar
|-boost|p2a: Incineroar|atk|2
|
|-weather|SunnyDay|[upkeep]
|upkeep
|turn|12
|
|t:|1779888773
|move|p1a: Venusaur|Earth Power|p2a: Incineroar
|-supereffective|p2a: Incineroar
|-damage|p2a: Incineroar|0 fnt
|faint|p2a: Incineroar
|-damage|p1a: Venusaur|71/100|[from] item: Life Orb
|
|-weather|SunnyDay|[upkeep]
|upkeep
|
|t:|1779888780
|switch|p2a: Weavile|Weavile, F|100/100
|-ability|p2a: Weavile|Pressure
|turn|13
|
|t:|1779888793
|move|p1a: Venusaur|Weather Ball|p2a: Weavile
|-supereffective|p2a: Weavile
|-damage|p2a: Weavile|0 fnt
|faint|p2a: Weavile
|-damage|p1a: Venusaur|61/100|[from] item: Life Orb
|
|-weather|SunnyDay|[upkeep]
|upkeep
|-message|portugala forfeited.
|
|win|yeroVH
|raw|yeroVH's rating: 1129 &rarr; <strong>1157</strong><br />(+28 for winning)
|raw|portugala's rating: 1168 &rarr; <strong>1140</strong><br />(-28 for losing)
|l|☆portugala
|player|p2|
|l|☆yeroVH
|player|p1|
