|j|☆uniandes5
|j|☆hongyi233
|t:|1779960820
|gametype|singles
|player|p1|uniandes5|2|1547
|player|p2|hongyi233|dawn|1671
|gen|9
|tier|[Gen 9] OU
|rated|
|rule|HP Percentage Mod: HP is shown in percentages
|rule|Endless Battle Clause: Forcing endless battles is banned
|rule|Species Clause: Limit one of each Pokémon
|rule|OHKO Clause: OHKO moves are banned
|rule|Evasion Items Clause: Evasion items are banned
|rule|Evasion Moves Clause: Evasion moves are banned
|rule|Evasion Abilities Clause: Evasion abilities are banned
|rule|Sleep Moves Clause: Sleep-inducing moves are banned
|clearpoke
|poke|p1|Grimmsnarl, M|
|poke|p1|Latias, F|
|poke|p1|Tinkaton, F|
|poke|p1|Volcanion|
|poke|p1|Mew|
|poke|p1|Dragapult, M|
|poke|p2|Primarina, F|
|poke|p2|Ogerpon-Wellspring, F|
|poke|p2|Pelipper, M|
|poke|p2|Dondozo, M|
|poke|p2|Azumarill, F|
|poke|p2|Samurott-Hisui, M|
|teampreview
|inactive|Battle timer is ON: inactive players will automatically lose when time's up. (requested by hongyi233)
|
|t:|1779960848
|teamsize|p1|6
|teamsize|p2|6
|start
|switch|p1a: Volcanion|Volcanion|100/100
|switch|p2a: Ogerpon|Ogerpon-Wellspring, F|100/100
|turn|1
|
|t:|1779960854
|switch|p2a: Samurott|Samurott-Hisui, M|100/100
|move|p1a: Volcanion|Flamethrower|p2a: Samurott
|-resisted|p2a: Samurott
|-damage|p2a: Samurott|81/100
|
|upkeep
|turn|2
|
|t:|1779960859
|move|p2a: Samurott|Ceaseless Edge|p1a: Volcanion|[miss]
|-miss|p2a: Samurott|p1a: Volcanion
|move|p1a: Volcanion|Body Press|p2a: Samurott
|-supereffective|p2a: Samurott
|-damage|p2a: Samurott|12/100
|
|upkeep
|turn|3
|
|t:|1779960862
|move|p2a: Samurott|Ceaseless Edge|p1a: Volcanion|[miss]
|-miss|p2a: Samurott|p1a: Volcanion
|move|p1a: Volcanion|Body Press|p2a: Samurott
|-supereffective|p2a: Samurott
|-damage|p2a: Samurott|0 fnt
|faint|p2a: Samurott
|
|upkeep
|
|t:|1779960871
|switch|p2a: Primarina|Primarina, F|100/100
|turn|4
|
|t:|1779960875
|switch|p1a: Tinkaton|Tinkaton, F|100/100
|-ability|p1a: Tinkaton|Mold Breaker
|move|p2a: Primarina|Calm Mind|p2a: Primarina
|-boost|p2a: Primarina|spa|1
|-boost|p2a: Primarina|spd|1
|
|upkeep
|turn|5
|
|t:|1779960885
|switch|p2a: Ogerpon|Ogerpon-Wellspring, F|100/100
|move|p1a: Tinkaton|Thunder Wave|p2a: Ogerpon
|-status|p2a: Ogerpon|par
|
|upkeep
|turn|6
|
|t:|1779960893
|switch|p1a: Dragapult|Dragapult, M|100/100
|move|p2a: Ogerpon|Ivy Cudgel|p1a: Dragapult|[anim] Ivy Cudgel Water
|-resisted|p1a: Dragapult
|-damage|p1a: Dragapult|53/100
|
|upkeep
|turn|7
|
|t:|1779960898
|move|p1a: Dragapult|Hex|p2a: Ogerpon
|-damage|p2a: Ogerpon|26/100 par
|cant|p2a: Ogerpon|par
|
|upkeep
|turn|8
|
|t:|1779960909
|move|p1a: Dragapult|Hex|p2a: Ogerpon
|-damage|p2a: Ogerpon|0 fnt
|faint|p2a: Ogerpon
|
|upkeep
|
|t:|1779960911
|switch|p2a: Primarina|Primarina, F|100/100
|turn|9
|
|t:|1779960915
|move|p1a: Dragapult|Thunder Wave|p2a: Primarina
|-status|p2a: Primarina|par
|move|p2a: Primarina|Substitute|p2a: Primarina
|-start|p2a: Primarina|Substitute
|-damage|p2a: Primarina|76/100 par
|
|-heal|p2a: Primarina|82/100 par|[from] item: Leftovers
|upkeep
|turn|10
|
|t:|1779960921
|move|p1a: Dragapult|Hex|p2a: Primarina
|-damage|p2a: Primarina|21/100 par
|move|p2a: Primarina|Moonblast|p1a: Dragapult
|-supereffective|p1a: Dragapult
|-damage|p1a: Dragapult|0 fnt
|faint|p1a: Dragapult
|
|-heal|p2a: Primarina|27/100 par|[from] item: Leftovers
|upkeep
|
|t:|1779960929
|switch|p1a: Volcanion|Volcanion|100/100
|turn|11
|
|t:|1779960933
|move|p1a: Volcanion|Earth Power|p2a: Primarina
|-end|p2a: Primarina|Substitute
|cant|p2a: Primarina|par
|
|-heal|p2a: Primarina|33/100 par|[from] item: Leftovers
|upkeep
|turn|12
|
|t:|1779960942
|switch|p2a: Pelipper|Pelipper, M|100/100
|-weather|RainDance|[from] ability: Drizzle|[of] p2a: Pelipper
|move|p1a: Volcanion|Earth Power|p2a: Pelipper
|-immune|p2a: Pelipper
|
|-weather|RainDance|[upkeep]
|upkeep
|turn|13
|
|t:|1779960945
|move|p2a: Pelipper|Hurricane|p1a: Volcanion
|-damage|p1a: Volcanion|45/100
|-start|p1a: Volcanion|confusion
|-activate|p1a: Volcanion|confusion
|move|p1a: Volcanion|Steam Eruption|p2a: Pelipper
|-resisted|p2a: Pelipper
|-damage|p2a: Pelipper|19/100
|
|-weather|RainDance|[upkeep]
|upkeep
|turn|14
|
|t:|1779960956
|switch|p1a: Grimmsnarl|Grimmsnarl, M|100/100
|move|p2a: Pelipper|Hurricane|p1a: Grimmsnarl
|-damage|p1a: Grimmsnarl|57/100
|
|-weather|RainDance|[upkeep]
|upkeep
|turn|15
|
|t:|1779960963
|move|p1a: Grimmsnarl|Light Screen|p1a: Grimmsnarl
|-sidestart|p1: uniandes5|move: Light Screen
|move|p2a: Pelipper|Hurricane|p1a: Grimmsnarl
|-damage|p1a: Grimmsnarl|37/100
|
|-weather|RainDance|[upkeep]
|upkeep
|turn|16
|
|t:|1779960968
|move|p1a: Grimmsnarl|Reflect|p1a: Grimmsnarl
|-sidestart|p1: uniandes5|Reflect
|move|p2a: Pelipper|Hurricane|p1a: Grimmsnarl
|-damage|p1a: Grimmsnarl|17/100
|
|-weather|none
|upkeep
|turn|17
|
|t:|1779960973
|switch|p1a: Mew|Mew|100/100
|move|p2a: Pelipper|Hurricane|p1a: Mew
|-damage|p1a: Mew|80/100
|
|upkeep
|turn|18
|
|t:|1779960978
|move|p2a: Pelipper|Hurricane|p1a: Mew|[miss]
|-miss|p2a: Pelipper|p1a: Mew
|move|p1a: Mew|Dragon Dance|p1a: Mew
|-boost|p1a: Mew|atk|1
|-boost|p1a: Mew|spe|1
|
|upkeep
|turn|19
|
|t:|1779960981
|switch|p2a: Dondozo|Dondozo, M|100/100
|move|p1a: Mew|Dragon Dance|p1a: Mew
|-boost|p1a: Mew|atk|1
|-boost|p1a: Mew|spe|1
|
|upkeep
|turn|20
|
|t:|1779960985
|move|p1a: Mew|Dragon Dance|p1a: Mew
|-boost|p1a: Mew|atk|1
|-boost|p1a: Mew|spe|1
|move|p2a: Dondozo|Curse|p2a: Dondozo
|-unboost|p2a: Dondozo|spe|1
|-boost|p2a: Dondozo|atk|1
|-boost|p2a: Dondozo|def|1
|
|upkeep
|turn|21
|
|t:|1779960989
|move|p1a: Mew|Dragon Dance|p1a: Mew
|-boost|p1a: Mew|atk|1
|-boost|p1a: Mew|spe|1
|move|p2a: Dondozo|Curse|p2a: Dondozo
|-unboost|p2a: Dondozo|spe|1
|-boost|p2a: Dondozo|atk|1
|-boost|p2a: Dondozo|def|1
|
|upkeep
|turn|22
|
|t:|1779960993
|move|p1a: Mew|Dragon Dance|p1a: Mew
|-boost|p1a: Mew|atk|1
|-boost|p1a: Mew|spe|1
|move|p2a: Dondozo|Curse|p2a: Dondozo
|-unboost|p2a: Dondozo|spe|1
|-boost|p2a: Dondozo|atk|1
|-boost|p2a: Dondozo|def|1
|
|-sideend|p1: uniandes5|move: Light Screen
|upkeep
|turn|23
|
|t:|1779960996
|move|p1a: Mew|Stored Power|p2a: Dondozo
|-damage|p2a: Dondozo|30/100
|move|p2a: Dondozo|Curse|p2a: Dondozo
|-unboost|p2a: Dondozo|spe|1
|-boost|p2a: Dondozo|atk|1
|-boost|p2a: Dondozo|def|1
|
|-heal|p2a: Dondozo|36/100|[from] item: Leftovers
|-sideend|p1: uniandes5|Reflect
|upkeep
|turn|24
|-message|hongyi233 forfeited.
|
|win|uniandes5
|raw|uniandes5's rating: 1547 &rarr; <strong>1574</strong><br />(+27 for winning)
|raw|hongyi233's rating: 1671 &rarr; <strong>1644</strong><br />(-27 for losing)
|l|☆hongyi233
|player|p2|
|l|☆uniandes5
|player|p1|
