|j|☆claudechamp
|j|☆Ghjhfjyguyfuy
|t:|1779824959
|gametype|singles
|player|p1|claudechamp|265|1126
|player|p2|Ghjhfjyguyfuy|266|1082
|gen|9
|tier|[Gen 9] OU
|rated|
|rule|HP Percentage Mod: HP is shown in percentages
|rule|Endless Battle Clause: Forcing endless battles is banned
|rule|Species Clause: Limit one of each Pokémon
|rule|OHKO Clause: OHKO moves are banned
|rule|Evasion Items Clause: Evasion items are banned
|rule|Evasion Moves Clause: Evasion moves are banned
|rule|Evasion Abilities Clause: Evasion abilities are banned
|rule|Sleep Moves Clause: Sleep-inducing moves are banned
|clearpoke
|poke|p1|Gliscor, F|
|poke|p1|Ogerpon, F|
|poke|p1|Walking Wake|
|poke|p1|Blissey, F|
|poke|p1|Corviknight, F|
|poke|p1|Pecharunt|
|poke|p2|Tyranitar, M|
|poke|p2|Deoxys-Speed|
|poke|p2|Glimmora, F|
|poke|p2|Slowking-Galar, M|
|poke|p2|Gliscor, F|
|poke|p2|Gholdengo|
|teampreview
|c|☆claudechamp|hf
|
|t:|1779824962
|teamsize|p1|6
|teamsize|p2|6
|start
|switch|p1a: Gliscor|Gliscor, F|100/100
|switch|p2a: Deoxys|Deoxys-Speed|100/100
|-ability|p2a: Deoxys|Pressure
|turn|1
|inactive|Battle timer is ON: inactive players will automatically lose when time's up. (requested by claudechamp)
|
|t:|1779824994
|switch|p1a: Blissey|Blissey, F|100/100
|move|p2a: Deoxys|Taunt|p1a: Blissey
|-start|p1a: Blissey|move: Taunt
|
|upkeep
|turn|2
|
|t:|1779825003
|move|p2a: Deoxys|Stealth Rock|p1a: Blissey
|-sidestart|p1: claudechamp|move: Stealth Rock
|move|p1a: Blissey|Seismic Toss|p2a: Deoxys
|-damage|p2a: Deoxys|67/100
|-enditem|p2a: Deoxys|Red Card|[of] p1a: Blissey
|drag|p1a: Corviknight|Corviknight, F|100/100
|-ability|p1a: Corviknight|Pressure
|
|upkeep
|turn|3
|
|t:|1779825015
|switch|p1a: Gliscor|Gliscor, F|100/100
|-damage|p1a: Gliscor|88/100|[from] Stealth Rock
|move|p2a: Deoxys|Spikes|p1a: Gliscor
|-sidestart|p1: claudechamp|Spikes
|
|-status|p1a: Gliscor|tox|[from] item: Toxic Orb
|upkeep
|turn|4
|
|t:|1779825026
|move|p2a: Deoxys|Skill Swap|p1a: Gliscor
|-activate|p2a: Deoxys|Skill Swap|Poison Heal|Pressure|[of] p1a: Gliscor
|-ability|p1a: Gliscor|Pressure
|move|p1a: Gliscor|Earthquake|p2a: Deoxys
|-damage|p2a: Deoxys|26/100
|
|-damage|p1a: Gliscor|82/100 tox|[from] psn
|upkeep
|turn|5
|
|t:|1779825036
|switch|p2a: Gliscor|Gliscor, F|100/100
|switch|p1a: Walking Wake|Walking Wake|100/100
|
|-status|p2a: Gliscor|tox|[from] item: Toxic Orb
|upkeep
|turn|6
|
|t:|1779825044
|-terastallize|p2a: Gliscor|Water
|move|p1a: Walking Wake|Surf|p2a: Gliscor
|-resisted|p2a: Gliscor
|-damage|p2a: Gliscor|81/100 tox
|move|p2a: Gliscor|Toxic|p1a: Walking Wake
|-status|p1a: Walking Wake|tox
|
|-damage|p1a: Walking Wake|94/100 tox|[from] psn
|-heal|p2a: Gliscor|93/100 tox|[from] ability: Poison Heal
|upkeep
|turn|7
|
|t:|1779825053
|-end|p1a: Walking Wake|Protosynthesis|[silent]
|switch|p1a: Gliscor|Gliscor, F|82/100 tox
|-damage|p1a: Gliscor|69/100 tox|[from] Stealth Rock
|move|p2a: Gliscor|Knock Off|p1a: Gliscor
|-damage|p1a: Gliscor|53/100 tox
|-enditem|p1a: Gliscor|Toxic Orb|[from] move: Knock Off|[of] p2a: Gliscor
|
|-heal|p2a: Gliscor|100/100 tox|[from] ability: Poison Heal
|-heal|p1a: Gliscor|65/100 tox|[from] ability: Poison Heal
|upkeep
|turn|8
|
|t:|1779825064
|move|p2a: Gliscor|Spikes|p1a: Gliscor
|-sidestart|p1: claudechamp|Spikes
|move|p1a: Gliscor|Spikes|p2a: Gliscor
|-sidestart|p2: Ghjhfjyguyfuy|Spikes
|
|-heal|p1a: Gliscor|78/100 tox|[from] ability: Poison Heal
|upkeep
|turn|9
|
|t:|1779825074
|move|p2a: Gliscor|Spikes|p1a: Gliscor
|-sidestart|p1: claudechamp|Spikes
|move|p1a: Gliscor|Spikes|p2a: Gliscor
|-sidestart|p2: Ghjhfjyguyfuy|Spikes
|
|-heal|p1a: Gliscor|90/100 tox|[from] ability: Poison Heal
|upkeep
|turn|10
|
|t:|1779825082
|switch|p2a: Tyranitar|Tyranitar, M|100/100
|-damage|p2a: Tyranitar|84/100|[from] Spikes
|-weather|Sandstorm|[from] ability: Sand Stream|[of] p2a: Tyranitar
|move|p1a: Gliscor|Spikes|p2a: Tyranitar
|-sidestart|p2: Ghjhfjyguyfuy|Spikes
|
|-weather|Sandstorm|[upkeep]
|-heal|p1a: Gliscor|100/100 tox|[from] ability: Poison Heal
|upkeep
|turn|11
|
|t:|1779825092
|move|p1a: Gliscor|Earthquake|p2a: Tyranitar
|-supereffective|p2a: Tyranitar
|-damage|p2a: Tyranitar|30/100
|move|p2a: Tyranitar|Ice Beam|p1a: Gliscor
|-supereffective|p1a: Gliscor
|-damage|p1a: Gliscor|30/100 tox
|
|-weather|Sandstorm|[upkeep]
|-heal|p1a: Gliscor|43/100 tox|[from] ability: Poison Heal
|upkeep
|turn|12
|
|t:|1779825105
|switch|p2a: Gliscor|Gliscor, F, tera:Water|100/100 tox
|-damage|p2a: Gliscor|75/100 tox|[from] Spikes
|move|p1a: Gliscor|Earthquake|p2a: Gliscor
|-damage|p2a: Gliscor|48/100 tox
|
|-weather|Sandstorm|[upkeep]
|-damage|p2a: Gliscor|42/100 tox|[from] Sandstorm
|-heal|p1a: Gliscor|55/100 tox|[from] ability: Poison Heal
|-heal|p2a: Gliscor|54/100 tox|[from] ability: Poison Heal
|upkeep
|turn|13
|
|t:|1779825115
|move|p2a: Gliscor|Protect|p2a: Gliscor
|-singleturn|p2a: Gliscor|Protect
|move|p1a: Gliscor|Earthquake|p2a: Gliscor
|-activate|p2a: Gliscor|move: Protect
|
|-weather|Sandstorm|[upkeep]
|-damage|p2a: Gliscor|48/100 tox|[from] Sandstorm
|-heal|p1a: Gliscor|68/100 tox|[from] ability: Poison Heal
|-heal|p2a: Gliscor|61/100 tox|[from] ability: Poison Heal
|upkeep
|turn|14
|
|t:|1779825128
|switch|p2a: Deoxys|Deoxys-Speed|26/100
|-damage|p2a: Deoxys|1/100|[from] Spikes
|-ability|p2a: Deoxys|Pressure
|move|p1a: Gliscor|Earthquake|p2a: Deoxys
|-damage|p2a: Deoxys|0 fnt
|faint|p2a: Deoxys
|
|-weather|Sandstorm|[upkeep]
|-heal|p1a: Gliscor|80/100 tox|[from] ability: Poison Heal
|upkeep
|
|t:|1779825140
|switch|p2a: Glimmora|Glimmora, F|100/100
|-damage|p2a: Glimmora|76/100|[from] Spikes
|turn|15
|
|t:|1779825147
|switch|p1a: Blissey|Blissey, F|100/100
|move|p2a: Glimmora|Meteor Beam||[still]
|-prepare|p2a: Glimmora|Meteor Beam
|-boost|p2a: Glimmora|spa|1
|-enditem|p2a: Glimmora|Power Herb
|-anim|p2a: Glimmora|Meteor Beam|p1a: Blissey|[miss]
|-miss|p2a: Glimmora|p1a: Blissey
|
|-weather|Sandstorm|[upkeep]
|-damage|p1a: Blissey|94/100|[from] Sandstorm
|upkeep
|turn|16
|-message|Ghjhfjyguyfuy forfeited.
|
|win|claudechamp
|raw|claudechamp's rating: 1173 &rarr; <strong>1192</strong><br />(+19 for winning)
|raw|Ghjhfjyguyfuy's rating: 1082 &rarr; <strong>1065</strong><br />(-17 for losing)
|l|☆Ghjhfjyguyfuy
|player|p2|
|c|☆claudechamp|gg
