|badge|p1|bronze|gen9nu|100-9
|uhtml|medal-msg|<div class="broadcast-blue">Curious what those medals under the avatar are? PS now has Ladder Seasons! For more information, check out the <a href="https://www.smogon.com/forums/threads/3740067/">thread on Smogon.</a></div>
|j|☆key114514
|j|☆argadini
|t:|1779890097
|gametype|singles
|player|p1|key114514|102|1336
|player|p2|argadini|scott|1403
|gen|9
|tier|[Gen 9] OU
|rated|
|rule|HP Percentage Mod: HP is shown in percentages
|rule|Endless Battle Clause: Forcing endless battles is banned
|rule|Species Clause: Limit one of each Pokémon
|rule|OHKO Clause: OHKO moves are banned
|rule|Evasion Items Clause: Evasion items are banned
|rule|Evasion Moves Clause: Evasion moves are banned
|rule|Evasion Abilities Clause: Evasion abilities are banned
|rule|Sleep Moves Clause: Sleep-inducing moves are banned
|clearpoke
|poke|p1|Klefki, F|
|poke|p1|Iron Valiant|
|poke|p1|Latios, M|
|poke|p1|Ceruledge, F|
|poke|p1|Porygon-Z|
|poke|p1|Quaquaval, F|
|poke|p2|Zapdos|
|poke|p2|Iron Treads|
|poke|p2|Samurott-Hisui, M|
|poke|p2|Ceruledge, M|
|poke|p2|Gholdengo|
|poke|p2|Kingambit, M|
|teampreview
|
|t:|1779890102
|teamsize|p1|6
|teamsize|p2|6
|start
|switch|p1a: Klefki|Klefki, F, shiny|100/100
|switch|p2a: Ceruledge|Ceruledge, M|100/100
|turn|1
|inactive|Battle timer is ON: inactive players will automatically lose when time's up. (requested by argadini)
|
|t:|1779890115
|move|p1a: Klefki|Thunder Wave|p2a: Ceruledge
|-status|p2a: Ceruledge|par
|move|p2a: Ceruledge|Bitter Blade|p1a: Klefki
|-supereffective|p1a: Klefki
|-damage|p1a: Klefki|17/100
|-enditem|p1a: Klefki|Eject Button
|
|t:|1779890125
|switch|p1a: Quaquaval|Quaquaval, F|100/100
|
|upkeep
|turn|2
|
|t:|1779890134
|switch|p2a: Zapdos|Zapdos|100/100
|move|p1a: Quaquaval|Aqua Step|p2a: Zapdos
|-damage|p2a: Zapdos|69/100
|-boost|p1a: Quaquaval|spe|1
|
|upkeep
|turn|3
|
|t:|1779890148
|move|p1a: Quaquaval|Ice Spinner|p2a: Zapdos
|-supereffective|p2a: Zapdos
|-damage|p2a: Zapdos|26/100
|-status|p1a: Quaquaval|par|[from] ability: Static|[of] p2a: Zapdos
|move|p2a: Zapdos|Hurricane|p1a: Quaquaval|[miss]
|-miss|p2a: Zapdos|p1a: Quaquaval
|
|upkeep
|turn|4
|
|t:|1779890155
|move|p2a: Zapdos|Roost|p2a: Zapdos
|-heal|p2a: Zapdos|76/100
|-singleturn|p2a: Zapdos|move: Roost
|move|p1a: Quaquaval|Ice Spinner|p2a: Zapdos
|-damage|p2a: Zapdos|55/100
|
|upkeep
|turn|5
|
|t:|1779890166
|move|p2a: Zapdos|Hurricane|p1a: Quaquaval
|-supereffective|p1a: Quaquaval
|-damage|p1a: Quaquaval|31/100 par
|cant|p1a: Quaquaval|par
|
|upkeep
|turn|6
|
|t:|1779890172
|move|p2a: Zapdos|Roost|p2a: Zapdos
|-heal|p2a: Zapdos|100/100
|-singleturn|p2a: Zapdos|move: Roost
|move|p1a: Quaquaval|Aqua Step|p2a: Zapdos
|-damage|p2a: Zapdos|68/100
|-boost|p1a: Quaquaval|spe|1
|
|upkeep
|turn|7
|
|t:|1779890179
|move|p2a: Zapdos|Volt Switch|p1a: Quaquaval
|-supereffective|p1a: Quaquaval
|-damage|p1a: Quaquaval|0 fnt
|faint|p1a: Quaquaval
|
|t:|1779890182
|switch|p2a: Iron Treads|Iron Treads|100/100|[from] Volt Switch
|
|upkeep
|
|t:|1779890193
|switch|p1a: Iron Valiant|Iron Valiant|100/100
|-enditem|p1a: Iron Valiant|Booster Energy
|-activate|p1a: Iron Valiant|ability: Quark Drive|[fromitem]
|-start|p1a: Iron Valiant|quarkdrivespe
|turn|8
|
|t:|1779890200
|-end|p2a: Iron Treads|Quark Drive|[silent]
|switch|p2a: Zapdos|Zapdos|68/100
|move|p1a: Iron Valiant|Calm Mind|p1a: Iron Valiant
|-boost|p1a: Iron Valiant|spa|1
|-boost|p1a: Iron Valiant|spd|1
|
|upkeep
|turn|9
|
|t:|1779890207
|move|p1a: Iron Valiant|Moonblast|p2a: Zapdos
|-damage|p2a: Zapdos|0 fnt
|faint|p2a: Zapdos
|
|upkeep
|
|t:|1779890216
|switch|p2a: Gholdengo|Gholdengo|100/100
|-item|p2a: Gholdengo|Air Balloon
|turn|10
|
|t:|1779890222
|move|p1a: Iron Valiant|Thunderbolt|p2a: Gholdengo
|-damage|p2a: Gholdengo|56/100
|-enditem|p2a: Gholdengo|Air Balloon
|move|p2a: Gholdengo|Thunder Wave|p1a: Iron Valiant
|-status|p1a: Iron Valiant|par
|
|upkeep
|turn|11
|
|t:|1779890231
|cant|p1a: Iron Valiant|par
|move|p2a: Gholdengo|Recover|p2a: Gholdengo
|-heal|p2a: Gholdengo|100/100
|
|upkeep
|turn|12
|
|t:|1779890233
|cant|p1a: Iron Valiant|par
|move|p2a: Gholdengo|Hex|p1a: Iron Valiant
|-damage|p1a: Iron Valiant|36/100 par
|
|upkeep
|turn|13
|
|t:|1779890235
|cant|p1a: Iron Valiant|par
|move|p2a: Gholdengo|Hex|p1a: Iron Valiant
|-damage|p1a: Iron Valiant|0 fnt
|faint|p1a: Iron Valiant
|-end|p1a: Iron Valiant|Quark Drive|[silent]
|
|upkeep
|c|☆key114514|......
|
|t:|1779890253
|switch|p1a: Klefki|Klefki, F, shiny|17/100
|turn|14
|
|t:|1779890257
|move|p1a: Klefki|Recycle|p1a: Klefki
|-item|p1a: Klefki|Eject Button|[from] move: Recycle
|move|p2a: Gholdengo|Hex|p1a: Klefki
|-damage|p1a: Klefki|0 fnt
|faint|p1a: Klefki
|
|upkeep
|
|t:|1779890265
|switch|p1a: Ceruledge|Ceruledge, F, shiny|100/100
|turn|15
|
|t:|1779890272
|move|p2a: Gholdengo|Thunder Wave|p1a: Ceruledge
|-status|p1a: Ceruledge|par
|move|p1a: Ceruledge|Swords Dance|p1a: Ceruledge
|-boost|p1a: Ceruledge|atk|2
|
|upkeep
|turn|16
|
|t:|1779890279
|move|p2a: Gholdengo|Hex|p1a: Ceruledge
|-supereffective|p1a: Ceruledge
|-damage|p1a: Ceruledge|0 fnt
|faint|p1a: Ceruledge
|
|upkeep
|
|t:|1779890289
|switch|p1a: Porygon-Z|Porygon-Z, shiny|100/100
|-ability|p1a: Porygon-Z|Download|boost
|-boost|p1a: Porygon-Z|spa|1
|turn|17
|
|t:|1779890296
|-terastallize|p1a: Porygon-Z|Electric
|move|p2a: Gholdengo|Focus Blast|p1a: Porygon-Z|[miss]
|-miss|p2a: Gholdengo|p1a: Porygon-Z
|move|p1a: Porygon-Z|Agility|p1a: Porygon-Z
|-boost|p1a: Porygon-Z|spe|2
|
|upkeep
|turn|18
|
|t:|1779890308
|switch|p2a: Ceruledge|Ceruledge, M|100/100 par
|move|p1a: Porygon-Z|Thunderbolt|p2a: Ceruledge
|-damage|p2a: Ceruledge|0 fnt
|faint|p2a: Ceruledge
|-damage|p1a: Porygon-Z|91/100|[from] item: Life Orb
|
|upkeep
|
|t:|1779890312
|switch|p2a: Iron Treads|Iron Treads|100/100
|turn|19
|
|t:|1779890318
|move|p1a: Porygon-Z|Ice Beam|p2a: Iron Treads
|-damage|p2a: Iron Treads|0 fnt
|faint|p2a: Iron Treads
|-end|p2a: Iron Treads|Quark Drive|[silent]
|-damage|p1a: Porygon-Z|81/100|[from] item: Life Orb
|
|upkeep
|
|t:|1779890321
|switch|p2a: Kingambit|Kingambit, M|100/100
|-activate|p2a: Kingambit|ability: Supreme Overlord
|-start|p2a: Kingambit|fallen3|[silent]
|turn|20
|
|t:|1779890327
|move|p2a: Kingambit|Sucker Punch|p1a: Porygon-Z
|-damage|p1a: Porygon-Z|23/100
|move|p1a: Porygon-Z|Thunderbolt|p2a: Kingambit
|-crit|p2a: Kingambit
|-damage|p2a: Kingambit|0 fnt
|faint|p2a: Kingambit
|-end|p2a: Kingambit|fallen3|[silent]
|-damage|p1a: Porygon-Z|13/100|[from] item: Life Orb
|
|upkeep
|
|t:|1779890332
|switch|p2a: Samurott|Samurott-Hisui, M|100/100
|turn|21
|
|t:|1779890340
|move|p2a: Samurott|Sucker Punch|p1a: Porygon-Z
|-damage|p1a: Porygon-Z|0 fnt
|faint|p1a: Porygon-Z
|
|upkeep
|
|t:|1779890342
|switch|p1a: Latios|Latios, M, shiny|100/100
|turn|22
|
|t:|1779890349
|move|p1a: Latios|Trick|p2a: Samurott
|-activate|p1a: Latios|move: Trick|[of] p2a: Samurott
|-item|p2a: Samurott|Choice Scarf|[from] move: Trick
|-item|p1a: Latios|Assault Vest|[from] move: Trick
|move|p2a: Samurott|Knock Off|p1a: Latios
|-supereffective|p1a: Latios
|-damage|p1a: Latios|0 fnt
|-enditem|p1a: Latios|Assault Vest|[from] move: Knock Off|[of] p2a: Samurott
|faint|p1a: Latios
|
|win|argadini
|raw|key114514's rating: 1336 &rarr; <strong>1320</strong><br />(-16 for losing)
|raw|argadini's rating: 1403 &rarr; <strong>1419</strong><br />(+16 for winning)
|c|☆argadini|gg
|l|☆argadini
|player|p2|
|l|☆key114514
|player|p1|
