|j|☆glimpseman
|j|☆AnonymousJon
|t:|1779917704
|gametype|singles
|player|p1|glimpseman|#wcor2025canada|1644
|player|p2|AnonymousJon|workerice|1722
|gen|9
|tier|[Gen 9] OU
|rated|
|rule|HP Percentage Mod: HP is shown in percentages
|rule|Endless Battle Clause: Forcing endless battles is banned
|rule|Species Clause: Limit one of each Pokémon
|rule|OHKO Clause: OHKO moves are banned
|rule|Evasion Items Clause: Evasion items are banned
|rule|Evasion Moves Clause: Evasion moves are banned
|rule|Evasion Abilities Clause: Evasion abilities are banned
|rule|Sleep Moves Clause: Sleep-inducing moves are banned
|clearpoke
|poke|p1|Toxtricity, F|
|poke|p1|Gholdengo|
|poke|p1|Ting-Lu|
|poke|p1|Glimmora, M|
|poke|p1|Iron Valiant|
|poke|p1|Rillaboom, F|
|poke|p2|Great Tusk|
|poke|p2|Ogerpon-Cornerstone, F|
|poke|p2|Rillaboom, M|
|poke|p2|Tyranitar, F|
|poke|p2|Corviknight, M|
|poke|p2|Dragapult, F|
|teampreview
|inactive|Battle timer is ON: inactive players will automatically lose when time's up. (requested by AnonymousJon)
|inactive|glimpseman also wants the timer to be on.
|
|t:|1779917728
|teamsize|p1|6
|teamsize|p2|6
|start
|switch|p1a: Rillaboom|Rillaboom, F|100/100
|switch|p2a: Dragapult|Dragapult, F|100/100
|-fieldstart|move: Grassy Terrain|[from] ability: Grassy Surge|[of] p1a: Rillaboom
|turn|1
|
|t:|1779917731
|move|p2a: Dragapult|Substitute|p2a: Dragapult
|-start|p2a: Dragapult|Substitute
|-damage|p2a: Dragapult|76/100
|move|p1a: Rillaboom|Knock Off|p2a: Dragapult
|-supereffective|p2a: Dragapult
|-end|p2a: Dragapult|Substitute
|
|-heal|p2a: Dragapult|82/100|[from] Grassy Terrain
|-heal|p2a: Dragapult|88/100|[from] item: Leftovers
|upkeep
|turn|2
|
|t:|1779917735
|move|p2a: Dragapult|Substitute|p2a: Dragapult
|-start|p2a: Dragapult|Substitute
|-damage|p2a: Dragapult|63/100
|move|p1a: Rillaboom|Knock Off|p2a: Dragapult
|-supereffective|p2a: Dragapult
|-end|p2a: Dragapult|Substitute
|
|-heal|p2a: Dragapult|69/100|[from] Grassy Terrain
|-heal|p2a: Dragapult|76/100|[from] item: Leftovers
|upkeep
|turn|3
|
|t:|1779917742
|move|p2a: Dragapult|Substitute|p2a: Dragapult
|-start|p2a: Dragapult|Substitute
|-damage|p2a: Dragapult|51/100
|move|p1a: Rillaboom|Knock Off|p2a: Dragapult
|-supereffective|p2a: Dragapult
|-end|p2a: Dragapult|Substitute
|
|-heal|p2a: Dragapult|57/100|[from] Grassy Terrain
|-heal|p2a: Dragapult|63/100|[from] item: Leftovers
|upkeep
|turn|4
|
|t:|1779917746
|move|p2a: Dragapult|Substitute|p2a: Dragapult
|-start|p2a: Dragapult|Substitute
|-damage|p2a: Dragapult|38/100
|move|p1a: Rillaboom|Knock Off|p2a: Dragapult
|-supereffective|p2a: Dragapult
|-end|p2a: Dragapult|Substitute
|
|-heal|p2a: Dragapult|44/100|[from] Grassy Terrain
|-heal|p2a: Dragapult|51/100|[from] item: Leftovers
|upkeep
|turn|5
|
|t:|1779917747
|switch|p2a: Ogerpon|Ogerpon-Cornerstone, F|100/100
|move|p1a: Rillaboom|Knock Off|p2a: Ogerpon
|-damage|p2a: Ogerpon|73/100
|
|-heal|p2a: Ogerpon|79/100|[from] Grassy Terrain
|-fieldend|move: Grassy Terrain
|upkeep
|turn|6
|
|t:|1779917761
|switch|p1a: Glimmora|Glimmora, M|100/100
|move|p2a: Ogerpon|Ivy Cudgel|p1a: Glimmora|[anim] Ivy Cudgel Rock
|-crit|p1a: Glimmora
|-damage|p1a: Glimmora|37/100
|-activate|p1a: Glimmora|ability: Toxic Debris
|-sidestart|p2: AnonymousJon|move: Toxic Spikes
|
|upkeep
|turn|7
|
|t:|1779917768
|switch|p1a: Gholdengo|Gholdengo|100/100
|move|p2a: Ogerpon|Ivy Cudgel|p1a: Gholdengo|[anim] Ivy Cudgel Rock
|-resisted|p1a: Gholdengo
|-damage|p1a: Gholdengo|75/100
|
|upkeep
|turn|8
|
|t:|1779917774
|switch|p2a: Corviknight|Corviknight, M|100/100
|-ability|p2a: Corviknight|Pressure
|move|p1a: Gholdengo|Thunder Wave|p2a: Corviknight
|-status|p2a: Corviknight|par
|
|upkeep
|turn|9
|
|t:|1779917782
|switch|p2a: Great Tusk|Great Tusk|100/100
|-status|p2a: Great Tusk|psn
|move|p1a: Gholdengo|Recover|p1a: Gholdengo
|-heal|p1a: Gholdengo|100/100
|
|-damage|p2a: Great Tusk|88/100 psn|[from] psn
|upkeep
|turn|10
|
|t:|1779917785
|move|p2a: Great Tusk|Headlong Rush|p1a: Gholdengo
|-supereffective|p1a: Gholdengo
|-enditem|p1a: Gholdengo|Shuca Berry|[eat]
|-enditem|p1a: Gholdengo|Shuca Berry|[weaken]
|-damage|p1a: Gholdengo|46/100
|-unboost|p2a: Great Tusk|def|1
|-unboost|p2a: Great Tusk|spd|1
|move|p1a: Gholdengo|Make It Rain|p2a: Great Tusk
|-damage|p2a: Great Tusk|21/100 psn
|-unboost|p1a: Gholdengo|spa|1
|
|-damage|p2a: Great Tusk|9/100 psn|[from] psn
|upkeep
|turn|11
|
|t:|1779917795
|switch|p1a: Glimmora|Glimmora, M|37/100
|move|p2a: Great Tusk|Rapid Spin|p1a: Glimmora
|-resisted|p1a: Glimmora
|-damage|p1a: Glimmora|32/100
|-boost|p2a: Great Tusk|spe|1
|-activate|p1a: Glimmora|ability: Toxic Debris
|-sidestart|p2: AnonymousJon|move: Toxic Spikes
|-sideend|p2: AnonymousJon|Toxic Spikes|[from] move: Rapid Spin|[of] p2a: Great Tusk
|
|-damage|p2a: Great Tusk|0 fnt|[from] psn
|faint|p2a: Great Tusk
|-end|p2a: Great Tusk|Protosynthesis|[silent]
|upkeep
|
|t:|1779917798
|switch|p2a: Dragapult|Dragapult, F|51/100
|turn|12
|
|t:|1779917812
|switch|p1a: Rillaboom|Rillaboom, F|100/100
|-fieldstart|move: Grassy Terrain|[from] ability: Grassy Surge|[of] p1a: Rillaboom
|move|p2a: Dragapult|Hex|p1a: Rillaboom
|-damage|p1a: Rillaboom|83/100
|
|-heal|p2a: Dragapult|57/100|[from] Grassy Terrain
|-heal|p2a: Dragapult|63/100|[from] item: Leftovers
|-heal|p1a: Rillaboom|90/100|[from] Grassy Terrain
|upkeep
|turn|13
|
|t:|1779917833
|switch|p2a: Tyranitar|Tyranitar, F|100/100
|-weather|Sandstorm|[from] ability: Sand Stream|[of] p2a: Tyranitar
|move|p1a: Rillaboom|Knock Off|p2a: Tyranitar
|-resisted|p2a: Tyranitar
|-damage|p2a: Tyranitar|87/100
|-enditem|p2a: Tyranitar|Leftovers|[from] move: Knock Off|[of] p1a: Rillaboom
|
|-weather|Sandstorm|[upkeep]
|-damage|p1a: Rillaboom|83/100|[from] Sandstorm
|-heal|p1a: Rillaboom|90/100|[from] Grassy Terrain
|-heal|p2a: Tyranitar|94/100|[from] Grassy Terrain
|upkeep
|turn|14
|
|t:|1779917839
|switch|p2a: Corviknight|Corviknight, M|100/100 par
|-ability|p2a: Corviknight|Pressure
|move|p1a: Rillaboom|U-turn|p2a: Corviknight
|-resisted|p2a: Corviknight
|-damage|p2a: Corviknight|97/100 par
|-damage|p1a: Rillaboom|73/100|[from] item: Rocky Helmet|[of] p2a: Corviknight
|
|t:|1779917841
|switch|p1a: Gholdengo|Gholdengo|46/100|[from] U-turn
|
|-weather|Sandstorm|[upkeep]
|-heal|p1a: Gholdengo|52/100|[from] Grassy Terrain
|upkeep
|turn|15
|
|t:|1779917854
|switch|p2a: Dragapult|Dragapult, F|63/100
|move|p1a: Gholdengo|Recover|p1a: Gholdengo
|-heal|p1a: Gholdengo|100/100
|
|-weather|Sandstorm|[upkeep]
|-damage|p2a: Dragapult|57/100|[from] Sandstorm
|-heal|p2a: Dragapult|63/100|[from] Grassy Terrain
|-heal|p2a: Dragapult|69/100|[from] item: Leftovers
|upkeep
|turn|16
|
|t:|1779917857
|move|p2a: Dragapult|Hex|p1a: Gholdengo
|-supereffective|p1a: Gholdengo
|-damage|p1a: Gholdengo|36/100
|move|p1a: Gholdengo|Make It Rain|p2a: Dragapult
|-damage|p2a: Dragapult|0 fnt
|-unboost|p1a: Gholdengo|spa|1
|faint|p2a: Dragapult
|
|-weather|Sandstorm|[upkeep]
|-heal|p1a: Gholdengo|42/100|[from] Grassy Terrain
|-fieldend|move: Grassy Terrain
|upkeep
|
|t:|1779917866
|switch|p2a: Rillaboom|Rillaboom, M|100/100
|-fieldstart|move: Grassy Terrain|[from] ability: Grassy Surge|[of] p2a: Rillaboom
|turn|17
|
|t:|1779917868
|switch|p1a: Glimmora|Glimmora, M|32/100
|move|p2a: Rillaboom|Wood Hammer|p1a: Glimmora
|-damage|p1a: Glimmora|0 fnt
|-activate|p1a: Glimmora|ability: Toxic Debris
|-sidestart|p2: AnonymousJon|move: Toxic Spikes
|faint|p1a: Glimmora
|-damage|p2a: Rillaboom|89/100|[from] Recoil
|
|-weather|none
|-heal|p2a: Rillaboom|96/100|[from] Grassy Terrain
|upkeep
|
|t:|1779917875
|switch|p1a: Toxtricity|Toxtricity, F, shiny|100/100
|turn|18
|
|t:|1779917878
|switch|p2a: Tyranitar|Tyranitar, F|94/100
|-status|p2a: Tyranitar|psn
|-weather|Sandstorm|[from] ability: Sand Stream|[of] p2a: Tyranitar
|move|p1a: Toxtricity|Substitute|p1a: Toxtricity
|-start|p1a: Toxtricity|Substitute
|-damage|p1a: Toxtricity|76/100
|
|-weather|Sandstorm|[upkeep]
|-damage|p1a: Toxtricity|70/100|[from] Sandstorm
|-heal|p1a: Toxtricity|76/100|[from] Grassy Terrain
|-heal|p2a: Tyranitar|99/100 psn|[from] Grassy Terrain
|-damage|p2a: Tyranitar|87/100 psn|[from] psn
|upkeep
|turn|19
|
|t:|1779917881
|move|p1a: Toxtricity|Boomburst|p2a: Tyranitar
|-resisted|p2a: Tyranitar
|-damage|p2a: Tyranitar|75/100 psn
|-enditem|p1a: Toxtricity|Throat Spray
|-boost|p1a: Toxtricity|spa|1|[from] item: Throat Spray
|move|p2a: Tyranitar|Stealth Rock|p1a: Toxtricity
|-sidestart|p1: glimpseman|move: Stealth Rock
|
|-weather|Sandstorm|[upkeep]
|-damage|p1a: Toxtricity|70/100|[from] Sandstorm
|-heal|p1a: Toxtricity|76/100|[from] Grassy Terrain
|-heal|p2a: Tyranitar|82/100 psn|[from] Grassy Terrain
|-damage|p2a: Tyranitar|69/100 psn|[from] psn
|upkeep
|turn|20
|
|t:|1779917889
|-terastallize|p1a: Toxtricity|Normal
|move|p1a: Toxtricity|Boomburst|p2a: Tyranitar
|-resisted|p2a: Tyranitar
|-damage|p2a: Tyranitar|41/100 psn
|move|p2a: Tyranitar|Roar|p1a: Toxtricity
|drag|p1a: Gholdengo|Gholdengo|42/100
|-damage|p1a: Gholdengo|36/100|[from] Stealth Rock
|
|-weather|Sandstorm|[upkeep]
|-heal|p1a: Gholdengo|42/100|[from] Grassy Terrain
|-heal|p2a: Tyranitar|47/100 psn|[from] Grassy Terrain
|-damage|p2a: Tyranitar|34/100 psn|[from] psn
|upkeep
|turn|21
|
|t:|1779917894
|move|p1a: Gholdengo|Make It Rain|p2a: Tyranitar
|-supereffective|p2a: Tyranitar
|-crit|p2a: Tyranitar
|-damage|p2a: Tyranitar|0 fnt
|-unboost|p1a: Gholdengo|spa|1
|faint|p2a: Tyranitar
|
|-weather|Sandstorm|[upkeep]
|-heal|p1a: Gholdengo|48/100|[from] Grassy Terrain
|-fieldend|move: Grassy Terrain
|upkeep
|
|t:|1779917897
|switch|p2a: Rillaboom|Rillaboom, M|96/100
|-status|p2a: Rillaboom|psn
|-fieldstart|move: Grassy Terrain|[from] ability: Grassy Surge|[of] p2a: Rillaboom
|turn|22
|
|t:|1779917901
|switch|p1a: Iron Valiant|Iron Valiant|100/100
|-damage|p1a: Iron Valiant|94/100|[from] Stealth Rock
|-enditem|p1a: Iron Valiant|Booster Energy
|-activate|p1a: Iron Valiant|ability: Quark Drive|[fromitem]
|-start|p1a: Iron Valiant|quarkdrivespe
|-terastallize|p2a: Rillaboom|Grass
|move|p2a: Rillaboom|Wood Hammer|p1a: Iron Valiant
|-damage|p1a: Iron Valiant|0 fnt
|faint|p1a: Iron Valiant
|-end|p1a: Iron Valiant|Quark Drive|[silent]
|-damage|p2a: Rillaboom|69/100 psn|[from] Recoil
|
|-weather|none
|-heal|p2a: Rillaboom|76/100 psn|[from] Grassy Terrain
|-damage|p2a: Rillaboom|63/100 psn|[from] psn
|upkeep
|
|t:|1779917906
|switch|p1a: Rillaboom|Rillaboom, F|73/100
|-damage|p1a: Rillaboom|61/100|[from] Stealth Rock
|turn|23
|
|t:|1779917911
|switch|p2a: Corviknight|Corviknight, M|97/100 par
|-ability|p2a: Corviknight|Pressure
|switch|p1a: Gholdengo|Gholdengo|48/100
|-damage|p1a: Gholdengo|42/100|[from] Stealth Rock
|
|-heal|p1a: Gholdengo|48/100|[from] Grassy Terrain
|upkeep
|turn|24
|
|t:|1779917914
|move|p1a: Gholdengo|Recover|p1a: Gholdengo
|-heal|p1a: Gholdengo|98/100
|move|p2a: Corviknight|U-turn|p1a: Gholdengo
|-resisted|p1a: Gholdengo
|-damage|p1a: Gholdengo|95/100
|
|t:|1779917918
|switch|p2a: Ogerpon|Ogerpon-Cornerstone, F|79/100|[from] U-turn
|-status|p2a: Ogerpon|psn
|
|-heal|p2a: Ogerpon|85/100 psn|[from] Grassy Terrain
|-heal|p1a: Gholdengo|100/100|[from] Grassy Terrain
|-damage|p2a: Ogerpon|73/100 psn|[from] psn
|upkeep
|turn|25
|
|t:|1779917922
|switch|p1a: Ting-Lu|Ting-Lu|100/100
|-damage|p1a: Ting-Lu|94/100|[from] Stealth Rock
|-ability|p1a: Ting-Lu|Vessel of Ruin
|move|p2a: Ogerpon|Ivy Cudgel|p1a: Ting-Lu|[anim] Ivy Cudgel Rock
|-resisted|p1a: Ting-Lu
|-damage|p1a: Ting-Lu|79/100
|
|-heal|p2a: Ogerpon|79/100 psn|[from] Grassy Terrain
|-heal|p1a: Ting-Lu|85/100|[from] Grassy Terrain
|-heal|p1a: Ting-Lu|92/100|[from] item: Leftovers
|-damage|p2a: Ogerpon|67/100 psn|[from] psn
|upkeep
|turn|26
|
|t:|1779917930
|move|p2a: Ogerpon|Horn Leech|p1a: Ting-Lu
|-supereffective|p1a: Ting-Lu
|-damage|p1a: Ting-Lu|23/100
|-heal|p2a: Ogerpon|100/100 psn|[from] drain|[of] p1a: Ting-Lu
|move|p1a: Ting-Lu|Payback|p2a: Ogerpon
|-damage|p2a: Ogerpon|36/100 psn
|
|-heal|p2a: Ogerpon|42/100 psn|[from] Grassy Terrain
|-heal|p1a: Ting-Lu|30/100|[from] Grassy Terrain
|-heal|p1a: Ting-Lu|36/100|[from] item: Leftovers
|-damage|p2a: Ogerpon|30/100 psn|[from] psn
|-fieldend|move: Grassy Terrain
|upkeep
|turn|27
|
|t:|1779917938
|move|p2a: Ogerpon|Horn Leech|p1a: Ting-Lu
|-supereffective|p1a: Ting-Lu
|-damage|p1a: Ting-Lu|0 fnt
|-heal|p2a: Ogerpon|60/100 psn|[from] drain|[of] p1a: Ting-Lu
|faint|p1a: Ting-Lu
|
|-damage|p2a: Ogerpon|47/100 psn|[from] psn
|upkeep
|
|t:|1779917942
|switch|p1a: Rillaboom|Rillaboom, F|61/100
|-damage|p1a: Rillaboom|49/100|[from] Stealth Rock
|-fieldstart|move: Grassy Terrain|[from] ability: Grassy Surge|[of] p1a: Rillaboom
|turn|28
|
|t:|1779917947
|switch|p2a: Corviknight|Corviknight, M|97/100 par
|-ability|p2a: Corviknight|Pressure
|move|p1a: Rillaboom|Knock Off|p2a: Corviknight
|-damage|p2a: Corviknight|77/100 par
|-damage|p1a: Rillaboom|32/100|[from] item: Rocky Helmet|[of] p2a: Corviknight
|-enditem|p2a: Corviknight|Rocky Helmet|[from] move: Knock Off|[of] p1a: Rillaboom
|
|-heal|p1a: Rillaboom|38/100|[from] Grassy Terrain
|upkeep
|turn|29
|
|t:|1779917956
|switch|p1a: Toxtricity|Toxtricity, F, shiny, tera:Normal|76/100
|-damage|p1a: Toxtricity|63/100|[from] Stealth Rock
|move|p2a: Corviknight|U-turn|p1a: Toxtricity
|-damage|p1a: Toxtricity|42/100
|
|t:|1779917961
|switch|p2a: Ogerpon|Ogerpon-Cornerstone, F|47/100 psn|[from] U-turn
|
|-heal|p2a: Ogerpon|53/100 psn|[from] Grassy Terrain
|-heal|p1a: Toxtricity|48/100|[from] Grassy Terrain
|-damage|p2a: Ogerpon|41/100 psn|[from] psn
|upkeep
|turn|30
|
|t:|1779917963
|move|p2a: Ogerpon|Horn Leech|p1a: Toxtricity
|-damage|p1a: Toxtricity|0 fnt
|-heal|p2a: Ogerpon|64/100 psn|[from] drain|[of] p1a: Toxtricity
|faint|p1a: Toxtricity
|
|-heal|p2a: Ogerpon|70/100 psn|[from] Grassy Terrain
|-damage|p2a: Ogerpon|58/100 psn|[from] psn
|upkeep
|
|t:|1779917965
|switch|p1a: Gholdengo|Gholdengo|100/100
|-damage|p1a: Gholdengo|94/100|[from] Stealth Rock
|turn|31
|
|t:|1779917981
|move|p2a: Ogerpon|Ivy Cudgel|p1a: Gholdengo|[anim] Ivy Cudgel Rock
|-resisted|p1a: Gholdengo
|-damage|p1a: Gholdengo|67/100
|move|p1a: Gholdengo|Make It Rain|p2a: Ogerpon
|-supereffective|p2a: Ogerpon
|-damage|p2a: Ogerpon|0 fnt
|-unboost|p1a: Gholdengo|spa|1
|faint|p2a: Ogerpon
|
|-heal|p1a: Gholdengo|73/100|[from] Grassy Terrain
|upkeep
|
|t:|1779917983
|switch|p2a: Rillaboom|Rillaboom, M, tera:Grass|63/100 psn
|turn|32
|
|t:|1779917987
|switch|p1a: Rillaboom|Rillaboom, F|38/100
|-damage|p1a: Rillaboom|26/100|[from] Stealth Rock
|move|p2a: Rillaboom|Wood Hammer|p1a: Rillaboom
|-resisted|p1a: Rillaboom
|-damage|p1a: Rillaboom|0 fnt
|faint|p1a: Rillaboom
|-damage|p2a: Rillaboom|55/100 psn|[from] Recoil
|
|-heal|p2a: Rillaboom|61/100 psn|[from] Grassy Terrain
|-damage|p2a: Rillaboom|49/100 psn|[from] psn
|-fieldend|move: Grassy Terrain
|upkeep
|
|t:|1779917988
|switch|p1a: Gholdengo|Gholdengo|73/100
|-damage|p1a: Gholdengo|67/100|[from] Stealth Rock
|turn|33
|
|t:|1779917999
|switch|p2a: Corviknight|Corviknight, M|77/100 par
|-ability|p2a: Corviknight|Pressure
|move|p1a: Gholdengo|Focus Blast|p2a: Corviknight|[miss]
|-miss|p1a: Gholdengo|p2a: Corviknight
|
|upkeep
|turn|34
|
|t:|1779918005
|move|p1a: Gholdengo|Recover|p1a: Gholdengo
|-heal|p1a: Gholdengo|100/100
|cant|p2a: Corviknight|par
|
|upkeep
|turn|35
|
|t:|1779918007
|move|p1a: Gholdengo|Focus Blast|p2a: Corviknight
|-damage|p2a: Corviknight|32/100 par
|move|p2a: Corviknight|Brave Bird|p1a: Gholdengo
|-resisted|p1a: Gholdengo
|-damage|p1a: Gholdengo|84/100
|-damage|p2a: Corviknight|28/100 par|[from] Recoil
|
|upkeep
|turn|36
|
|t:|1779918011
|move|p1a: Gholdengo|Recover|p1a: Gholdengo
|-heal|p1a: Gholdengo|100/100
|move|p2a: Corviknight|Roost|p2a: Corviknight
|-heal|p2a: Corviknight|78/100 par
|-singleturn|p2a: Corviknight|move: Roost
|
|upkeep
|turn|37
|
|t:|1779918013
|move|p1a: Gholdengo|Focus Blast|p2a: Corviknight
|-damage|p2a: Corviknight|37/100 par
|move|p2a: Corviknight|Brave Bird|p1a: Gholdengo
|-resisted|p1a: Gholdengo
|-damage|p1a: Gholdengo|84/100
|-damage|p2a: Corviknight|32/100 par|[from] Recoil
|
|upkeep
|turn|38
|
|t:|1779918015
|move|p1a: Gholdengo|Focus Blast|p2a: Corviknight|[miss]
|-miss|p1a: Gholdengo|p2a: Corviknight
|move|p2a: Corviknight|Roost|p2a: Corviknight
|-heal|p2a: Corviknight|82/100 par
|-singleturn|p2a: Corviknight|move: Roost
|
|upkeep
|turn|39
|c|☆glimpseman|no way bro
|
|t:|1779918025
|move|p1a: Gholdengo|Recover|p1a: Gholdengo
|-heal|p1a: Gholdengo|100/100
|move|p2a: Corviknight|Roost|p2a: Corviknight
|-heal|p2a: Corviknight|100/100 par
|-singleturn|p2a: Corviknight|move: Roost
|
|upkeep
|turn|40
|c|☆AnonymousJon|It's focus blast man
|c|☆glimpseman|still bro
|c|☆glimpseman|thats so bullshit
|c|☆AnonymousJon|idk what you were expecting
|
|t:|1779918047
|move|p1a: Gholdengo|Thunder Wave|p2a: Corviknight
|-fail|p2a: Corviknight|par
|cant|p2a: Corviknight|par
|
|upkeep
|turn|41
|c|☆glimpseman|i can miss 1 thats fine
|inactive|AnonymousJon has 120 seconds left.
|
|t:|1779918071
|move|p1a: Gholdengo|Thunder Wave|p2a: Corviknight
|-fail|p2a: Corviknight|par
|cant|p2a: Corviknight|par
|
|upkeep
|turn|42
|c|☆glimpseman|that sucks a lot bro
|-message|glimpseman forfeited.
|
|win|AnonymousJon
|raw|glimpseman's rating: 1664 &rarr; <strong>1647</strong><br />(-17 for losing)
|raw|AnonymousJon's rating: 1722 &rarr; <strong>1739</strong><br />(+17 for winning)
|l|☆glimpseman
|player|p1|
|l|☆AnonymousJon
|player|p2|
