|j|☆ChargedKittens
|j|‽dlkcsd
|t:|1779820241
|gametype|singles
|player|p1|ChargedKittens|lucas|1175
|player|p2|dlkcsd|169|1205
|gen|9
|tier|[Gen 9] OU
|rated|
|rule|HP Percentage Mod: HP is shown in percentages
|rule|Endless Battle Clause: Forcing endless battles is banned
|rule|Species Clause: Limit one of each Pokémon
|rule|OHKO Clause: OHKO moves are banned
|rule|Evasion Items Clause: Evasion items are banned
|rule|Evasion Moves Clause: Evasion moves are banned
|rule|Evasion Abilities Clause: Evasion abilities are banned
|rule|Sleep Moves Clause: Sleep-inducing moves are banned
|clearpoke
|poke|p1|Spiritomb, F|
|poke|p1|Porygon-Z|
|poke|p1|Gastrodon, F|
|poke|p1|Lucario, M|
|poke|p1|Milotic, M|
|poke|p1|Garchomp, F|
|poke|p2|Alomomola, M|
|poke|p2|Dondozo, M|
|poke|p2|Gliscor, M|
|poke|p2|Slowking-Galar, F|
|poke|p2|Toxapex, M|
|poke|p2|Blissey, F|
|teampreview
|inactive|Battle timer is ON: inactive players will automatically lose when time's up. (requested by ChargedKittens)
|
|t:|1779820255
|teamsize|p1|6
|teamsize|p2|6
|start
|switch|p1a: Spiritomb|Spiritomb, F|100/100
|switch|p2a: Toxapex|Toxapex, M|100/100
|turn|1
|
|t:|1779820265
|move|p1a: Spiritomb|Poltergeist|p2a: Toxapex
|-activate|p2a: Toxapex|move: Poltergeist|Heavy-Duty Boots
|-damage|p2a: Toxapex|75/100
|move|p2a: Toxapex|Toxic|p1a: Spiritomb
|-status|p1a: Spiritomb|tox
|
|-damage|p1a: Spiritomb|94/100 tox|[from] psn
|upkeep
|turn|2
|
|t:|1779820273
|move|p2a: Toxapex|Infestation|p1a: Spiritomb
|-damage|p1a: Spiritomb|92/100 tox
|-activate|p1a: Spiritomb|move: Infestation|[of] p2a: Toxapex
|move|p1a: Spiritomb|Poltergeist|p2a: Toxapex|[miss]
|-miss|p1a: Spiritomb|p2a: Toxapex
|
|-heal|p1a: Spiritomb|98/100 tox|[from] item: Leftovers
|-damage|p1a: Spiritomb|85/100 tox|[from] psn
|-damage|p1a: Spiritomb|73/100 tox|[from] move: Infestation|[partiallytrapped]
|upkeep
|turn|3
|
|t:|1779820291
|move|p2a: Toxapex|Baneful Bunker|p2a: Toxapex
|-singleturn|p2a: Toxapex|move: Protect
|move|p1a: Spiritomb|Poltergeist|p2a: Toxapex
|-activate|p2a: Toxapex|move: Protect
|
|-heal|p1a: Spiritomb|79/100 tox|[from] item: Leftovers
|-damage|p1a: Spiritomb|60/100 tox|[from] psn
|-damage|p1a: Spiritomb|48/100 tox|[from] move: Infestation|[partiallytrapped]
|upkeep
|turn|4
|
|t:|1779820301
|switch|p2a: Gliscor|Gliscor, M|100/100
|move|p1a: Spiritomb|Poltergeist|p2a: Gliscor
|-activate|p2a: Gliscor|move: Poltergeist|Toxic Orb
|-crit|p2a: Gliscor
|-damage|p2a: Gliscor|71/100
|
|-heal|p1a: Spiritomb|54/100 tox|[from] item: Leftovers
|-damage|p1a: Spiritomb|29/100 tox|[from] psn
|-end|p1a: Spiritomb|Infestation|[partiallytrapped]|[silent]
|-status|p2a: Gliscor|tox|[from] item: Toxic Orb
|upkeep
|turn|5
|
|t:|1779820313
|move|p2a: Gliscor|Protect|p2a: Gliscor
|-singleturn|p2a: Gliscor|Protect
|move|p1a: Spiritomb|Poltergeist|p2a: Gliscor
|-activate|p2a: Gliscor|move: Protect
|
|-heal|p1a: Spiritomb|35/100 tox|[from] item: Leftovers
|-heal|p2a: Gliscor|83/100 tox|[from] ability: Poison Heal
|-damage|p1a: Spiritomb|4/100 tox|[from] psn
|upkeep
|turn|6
|
|t:|1779820323
|move|p2a: Gliscor|Swords Dance|p2a: Gliscor
|-boost|p2a: Gliscor|atk|2
|move|p1a: Spiritomb|Poltergeist|p2a: Gliscor
|-activate|p2a: Gliscor|move: Poltergeist|Toxic Orb
|-damage|p2a: Gliscor|62/100 tox
|
|-heal|p1a: Spiritomb|10/100 tox|[from] item: Leftovers
|-heal|p2a: Gliscor|74/100 tox|[from] ability: Poison Heal
|-damage|p1a: Spiritomb|0 fnt|[from] psn
|faint|p1a: Spiritomb
|upkeep
|
|t:|1779820341
|switch|p1a: Porygon-Z|Porygon-Z|100/100
|-ability|p1a: Porygon-Z|Download|boost
|-boost|p1a: Porygon-Z|spa|1
|turn|7
|
|t:|1779820351
|switch|p2a: Slowking|Slowking-Galar, F|100/100
|move|p1a: Porygon-Z|Tri Attack|p2a: Slowking
|-damage|p2a: Slowking|50/100
|-damage|p1a: Porygon-Z|91/100|[from] item: Life Orb
|
|upkeep
|turn|8
|
|t:|1779820362
|switch|p2a: Blissey|Blissey, F|100/100
|move|p1a: Porygon-Z|Dark Pulse|p2a: Blissey
|-damage|p2a: Blissey|86/100
|-damage|p1a: Porygon-Z|81/100|[from] item: Life Orb
|
|upkeep
|turn|9
|
|t:|1779820370
|switch|p1a: Garchomp|Garchomp, F|100/100
|move|p2a: Blissey|Calm Mind|p2a: Blissey
|-boost|p2a: Blissey|spa|1
|-boost|p2a: Blissey|spd|1
|
|upkeep
|turn|10
|
|t:|1779820378
|switch|p2a: Gliscor|Gliscor, M|74/100 tox
|move|p1a: Garchomp|Outrage|p2a: Gliscor
|-crit|p2a: Gliscor
|-damage|p2a: Gliscor|0 fnt
|faint|p2a: Gliscor
|
|upkeep
|-message|dlkcsd forfeited.
|
|win|ChargedKittens
|raw|ChargedKittens's rating: 1175 &rarr; <strong>1202</strong><br />(+27 for winning)
|raw|dlkcsd's rating: 1205 &rarr; <strong>1178</strong><br />(-27 for losing)
|l|‽dlkcsd
|player|p2|
|l|☆ChargedKittens
|player|p1|
