|j|☆kingkavon
|j|☆Loverer
|t:|1779855122
|gametype|singles
|player|p1|kingkavon|kimonogirl|1361
|player|p2|Loverer|koga-lgpe|1343
|gen|9
|tier|[Gen 9] OU
|rated|
|rule|HP Percentage Mod: HP is shown in percentages
|rule|Endless Battle Clause: Forcing endless battles is banned
|rule|Species Clause: Limit one of each Pokémon
|rule|OHKO Clause: OHKO moves are banned
|rule|Evasion Items Clause: Evasion items are banned
|rule|Evasion Moves Clause: Evasion moves are banned
|rule|Evasion Abilities Clause: Evasion abilities are banned
|rule|Sleep Moves Clause: Sleep-inducing moves are banned
|clearpoke
|poke|p1|Ninetales, M|
|poke|p1|Walking Wake|
|poke|p1|Great Tusk|
|poke|p1|Rillaboom, M|
|poke|p1|Iron Valiant|
|poke|p1|Glimmora, F|
|poke|p2|Landorus-Therian, M|
|poke|p2|Passimian, M|
|poke|p2|Pecharunt|
|poke|p2|Darkrai|
|poke|p2|Hatterene, F|
|poke|p2|Raging Bolt|
|teampreview
|inactive|Battle timer is ON: inactive players will automatically lose when time's up. (requested by Loverer)
|
|t:|1779855137
|teamsize|p1|6
|teamsize|p2|6
|start
|switch|p1a: Glimmora|Glimmora, F|100/100
|switch|p2a: Darkrai|Darkrai|100/100
|turn|1
|
|t:|1779855149
|move|p2a: Darkrai|Dark Pulse|p1a: Glimmora
|-damage|p1a: Glimmora|42/100
|move|p1a: Glimmora|Mortal Spin|p2a: Darkrai
|-damage|p2a: Darkrai|92/100
|-status|p2a: Darkrai|psn
|
|-heal|p2a: Darkrai|98/100 psn|[from] item: Leftovers
|-damage|p2a: Darkrai|86/100 psn|[from] psn
|upkeep
|turn|2
|
|t:|1779855156
|switch|p1a: Great Tusk|Great Tusk|100/100
|move|p2a: Darkrai|Dark Pulse|p1a: Great Tusk
|-resisted|p1a: Great Tusk
|-damage|p1a: Great Tusk|88/100
|
|-heal|p2a: Darkrai|92/100 psn|[from] item: Leftovers
|-damage|p2a: Darkrai|79/100 psn|[from] psn
|upkeep
|turn|3
|
|t:|1779855167
|switch|p2a: Landorus|Landorus-Therian, M|100/100
|-ability|p2a: Landorus|Intimidate|boost
|-unboost|p1a: Great Tusk|atk|1
|move|p1a: Great Tusk|Close Combat|p2a: Landorus
|-resisted|p2a: Landorus
|-damage|p2a: Landorus|81/100
|-unboost|p1a: Great Tusk|def|1
|-unboost|p1a: Great Tusk|spd|1
|-damage|p1a: Great Tusk|71/100|[from] item: Rocky Helmet|[of] p2a: Landorus
|
|upkeep
|turn|4
|
|t:|1779855174
|move|p2a: Landorus|Earthquake|p1a: Great Tusk
|-crit|p1a: Great Tusk
|-damage|p1a: Great Tusk|0 fnt
|faint|p1a: Great Tusk
|-end|p1a: Great Tusk|Protosynthesis|[silent]
|
|upkeep
|
|t:|1779855179
|switch|p1a: Walking Wake|Walking Wake|100/100
|turn|5
|
|t:|1779855187
|switch|p2a: Hatterene|Hatterene, F|100/100
|move|p1a: Walking Wake|Hydro Steam|p2a: Hatterene
|-damage|p2a: Hatterene|69/100
|
|upkeep
|turn|6
|
|t:|1779855192
|move|p1a: Walking Wake|Flip Turn|p2a: Hatterene
|-damage|p2a: Hatterene|49/100
|
|t:|1779855196
|-end|p1a: Walking Wake|Protosynthesis|[silent]
|switch|p1a: Glimmora|Glimmora, F|42/100|[from] Flip Turn
|move|p2a: Hatterene|Psychic Noise|p1a: Glimmora
|-supereffective|p1a: Glimmora
|-damage|p1a: Glimmora|0 fnt
|faint|p1a: Glimmora
|
|upkeep
|
|t:|1779855201
|switch|p1a: Ninetales|Ninetales, M, shiny|100/100
|-weather|SunnyDay|[from] ability: Drought|[of] p1a: Ninetales
|turn|7
|
|t:|1779855212
|switch|p2a: Landorus|Landorus-Therian, M|81/100
|-ability|p2a: Landorus|Intimidate|boost
|-unboost|p1a: Ninetales|atk|1
|move|p1a: Ninetales|Weather Ball|p2a: Landorus
|-damage|p2a: Landorus|22/100
|
|-weather|SunnyDay|[upkeep]
|upkeep
|turn|8
|
|t:|1779855223
|switch|p2a: Darkrai|Darkrai|79/100 psn
|move|p1a: Ninetales|Weather Ball|p2a: Darkrai
|-damage|p2a: Darkrai|20/100 psn
|
|-weather|SunnyDay|[upkeep]
|-heal|p2a: Darkrai|26/100 psn|[from] item: Leftovers
|-damage|p2a: Darkrai|14/100 psn|[from] psn
|upkeep
|turn|9
|inactive|kingkavon has 120 seconds left.
|
|t:|1779855264
|move|p2a: Darkrai|Dark Pulse|p1a: Ninetales
|-damage|p1a: Ninetales|56/100
|move|p1a: Ninetales|Weather Ball|p2a: Darkrai
|-damage|p2a: Darkrai|0 fnt
|faint|p2a: Darkrai
|
|-weather|SunnyDay|[upkeep]
|upkeep
|
|t:|1779855275
|switch|p2a: Passimian|Passimian, M|100/100
|turn|10
|inactive|kingkavon has 120 seconds left.
|
|t:|1779855287
|move|p1a: Ninetales|Will-O-Wisp|p2a: Passimian
|-status|p2a: Passimian|brn
|move|p2a: Passimian|Close Combat|p1a: Ninetales
|-damage|p1a: Ninetales|21/100
|-unboost|p2a: Passimian|def|1
|-unboost|p2a: Passimian|spd|1
|
|-weather|SunnyDay|[upkeep]
|-damage|p2a: Passimian|94/100 brn|[from] brn
|upkeep
|turn|11
|inactive|kingkavon has 120 seconds left.
|
|t:|1779855297
|switch|p1a: Rillaboom|Rillaboom, M|100/100
|-fieldstart|move: Grassy Terrain|[from] ability: Grassy Surge|[of] p1a: Rillaboom
|move|p2a: Passimian|Knock Off|p1a: Rillaboom
|-damage|p1a: Rillaboom|84/100
|-enditem|p1a: Rillaboom|Life Orb|[from] move: Knock Off|[of] p2a: Passimian
|
|-weather|SunnyDay|[upkeep]
|-heal|p2a: Passimian|100/100 brn|[from] Grassy Terrain
|-heal|p1a: Rillaboom|90/100|[from] Grassy Terrain
|-damage|p2a: Passimian|94/100 brn|[from] brn
|upkeep
|turn|12
|
|t:|1779855305
|switch|p2a: Landorus|Landorus-Therian, M|22/100
|-ability|p2a: Landorus|Intimidate|boost
|-unboost|p1a: Rillaboom|atk|1
|move|p1a: Rillaboom|Swords Dance|p1a: Rillaboom
|-boost|p1a: Rillaboom|atk|2
|
|-weather|SunnyDay|[upkeep]
|-heal|p1a: Rillaboom|96/100|[from] Grassy Terrain
|upkeep
|turn|13
|
|t:|1779855310
|move|p1a: Rillaboom|Grassy Glide|p2a: Landorus
|-damage|p2a: Landorus|0 fnt
|-damage|p1a: Rillaboom|80/100|[from] item: Rocky Helmet|[of] p2a: Landorus
|faint|p2a: Landorus
|
|-weather|SunnyDay|[upkeep]
|-heal|p1a: Rillaboom|86/100|[from] Grassy Terrain
|upkeep
|
|t:|1779855314
|switch|p2a: Pecharunt|Pecharunt|100/100
|-item|p2a: Pecharunt|Air Balloon
|turn|14
|
|t:|1779855318
|move|p1a: Rillaboom|Knock Off|p2a: Pecharunt
|-supereffective|p2a: Pecharunt
|-damage|p2a: Pecharunt|47/100
|-enditem|p2a: Pecharunt|Air Balloon
|move|p2a: Pecharunt|Malignant Chain|p1a: Rillaboom
|-supereffective|p1a: Rillaboom
|-damage|p1a: Rillaboom|5/100
|
|-weather|none
|-heal|p1a: Rillaboom|11/100|[from] Grassy Terrain
|-heal|p2a: Pecharunt|53/100|[from] Grassy Terrain
|upkeep
|turn|15
|
|t:|1779855331
|move|p1a: Rillaboom|High Horsepower|p2a: Pecharunt
|-supereffective|p2a: Pecharunt
|-damage|p2a: Pecharunt|9/100
|move|p2a: Pecharunt|Recover|p2a: Pecharunt
|-heal|p2a: Pecharunt|59/100
|
|-heal|p1a: Rillaboom|17/100|[from] Grassy Terrain
|-heal|p2a: Pecharunt|65/100|[from] Grassy Terrain
|-fieldend|move: Grassy Terrain
|upkeep
|turn|16
|
|t:|1779855339
|move|p1a: Rillaboom|High Horsepower|p2a: Pecharunt
|-supereffective|p2a: Pecharunt
|-damage|p2a: Pecharunt|17/100
|move|p2a: Pecharunt|Malignant Chain|p1a: Rillaboom
|-supereffective|p1a: Rillaboom
|-damage|p1a: Rillaboom|0 fnt
|faint|p1a: Rillaboom
|
|upkeep
|
|t:|1779855350
|switch|p1a: Walking Wake|Walking Wake|100/100
|turn|17
|
|t:|1779855354
|move|p1a: Walking Wake|Hydro Steam|p2a: Pecharunt
|-damage|p2a: Pecharunt|0 fnt
|faint|p2a: Pecharunt
|
|upkeep
|
|t:|1779855356
|switch|p2a: Hatterene|Hatterene, F|49/100
|turn|18
|
|t:|1779855363
|move|p1a: Walking Wake|Flip Turn|p2a: Hatterene
|-damage|p2a: Hatterene|28/100
|
|t:|1779855366
|-end|p1a: Walking Wake|Protosynthesis|[silent]
|switch|p1a: Ninetales|Ninetales, M, shiny|21/100|[from] Flip Turn
|-weather|SunnyDay|[from] ability: Drought|[of] p1a: Ninetales
|move|p2a: Hatterene|Draining Kiss|p1a: Ninetales
|-resisted|p1a: Ninetales
|-damage|p1a: Ninetales|8/100
|-heal|p2a: Hatterene|39/100|[from] drain|[of] p1a: Ninetales
|
|-weather|SunnyDay|[upkeep]
|upkeep
|turn|19
|
|t:|1779855372
|move|p1a: Ninetales|Weather Ball|p2a: Hatterene
|-damage|p2a: Hatterene|12/100
|move|p2a: Hatterene|Draining Kiss|p1a: Ninetales
|-resisted|p1a: Ninetales
|-damage|p1a: Ninetales|0 fnt
|-heal|p2a: Hatterene|18/100|[from] drain|[of] p1a: Ninetales
|faint|p1a: Ninetales
|
|-weather|SunnyDay|[upkeep]
|upkeep
|
|t:|1779855376
|switch|p1a: Walking Wake|Walking Wake|100/100
|-activate|p1a: Walking Wake|ability: Protosynthesis
|-start|p1a: Walking Wake|protosynthesisspe
|turn|20
|
|t:|1779855379
|move|p1a: Walking Wake|Hydro Steam|p2a: Hatterene
|-damage|p2a: Hatterene|0 fnt
|faint|p2a: Hatterene
|
|-weather|SunnyDay|[upkeep]
|upkeep
|
|t:|1779855382
|switch|p2a: Passimian|Passimian, M|94/100 brn
|turn|21
|
|t:|1779855387
|move|p1a: Walking Wake|Hydro Steam|p2a: Passimian
|-damage|p2a: Passimian|0 fnt
|faint|p2a: Passimian
|
|-weather|SunnyDay|[upkeep]
|upkeep
|
|t:|1779855390
|switch|p2a: Raging Bolt|Raging Bolt|100/100
|-activate|p2a: Raging Bolt|ability: Protosynthesis
|-start|p2a: Raging Bolt|protosynthesisspa
|turn|22
|
|t:|1779855398
|-terastallize|p2a: Raging Bolt|Electric
|move|p1a: Walking Wake|Hydro Steam|p2a: Raging Bolt
|-damage|p2a: Raging Bolt|38/100
|move|p2a: Raging Bolt|Dragon Pulse|p1a: Walking Wake
|-supereffective|p1a: Walking Wake
|-damage|p1a: Walking Wake|0 fnt
|faint|p1a: Walking Wake
|-end|p1a: Walking Wake|Protosynthesis|[silent]
|
|-weather|SunnyDay|[upkeep]
|upkeep
|
|t:|1779855404
|switch|p1a: Iron Valiant|Iron Valiant|100/100
|-enditem|p1a: Iron Valiant|Booster Energy
|-activate|p1a: Iron Valiant|ability: Quark Drive|[fromitem]
|-start|p1a: Iron Valiant|quarkdrivespe
|turn|23
|
|t:|1779855416
|move|p2a: Raging Bolt|Thunderclap|p1a: Iron Valiant
|-damage|p1a: Iron Valiant|0 fnt
|faint|p1a: Iron Valiant
|-end|p1a: Iron Valiant|Quark Drive|[silent]
|
|win|Loverer
|raw|kingkavon's rating: 1361 &rarr; <strong>1340</strong><br />(-21 for losing)
|raw|Loverer's rating: 1343 &rarr; <strong>1364</strong><br />(+21 for winning)
|l|☆kingkavon
|player|p1|
|c|☆Loverer|Gg
|l|☆Loverer
|player|p2|
