|j|☆KnuckleTesting
|j|☆p$ychopath
|t:|1779908274
|gametype|singles
|player|p1|KnuckleTesting|170|1517
|player|p2|p$ychopath|psychic-lgpe|1568
|gen|9
|tier|[Gen 9] OU
|rated|
|rule|HP Percentage Mod: HP is shown in percentages
|rule|Endless Battle Clause: Forcing endless battles is banned
|rule|Species Clause: Limit one of each Pokémon
|rule|OHKO Clause: OHKO moves are banned
|rule|Evasion Items Clause: Evasion items are banned
|rule|Evasion Moves Clause: Evasion moves are banned
|rule|Evasion Abilities Clause: Evasion abilities are banned
|rule|Sleep Moves Clause: Sleep-inducing moves are banned
|clearpoke
|poke|p1|Slowking-Galar, F|
|poke|p1|Great Tusk|
|poke|p1|Kyurem|
|poke|p1|Kingambit, F|
|poke|p1|Cinderace, F|
|poke|p1|Zapdos|
|poke|p2|Comfey, F|
|poke|p2|Whimsicott, F|
|poke|p2|Iron Moth|
|poke|p2|Walking Wake|
|poke|p2|Great Tusk|
|poke|p2|Ninetales, M|
|teampreview
|inactive|Battle timer is ON: inactive players will automatically lose when time's up. (requested by p$ychopath)
|inactive|KnuckleTesting also wants the timer to be on.
|
|t:|1779908285
|teamsize|p1|6
|teamsize|p2|6
|start
|switch|p1a: Slowking|Slowking-Galar, F|100/100
|switch|p2a: Ninetales|Ninetales, M|100/100
|-weather|SunnyDay|[from] ability: Drought|[of] p2a: Ninetales
|turn|1
|
|t:|1779908292
|move|p2a: Ninetales|Will-O-Wisp|p1a: Slowking
|-status|p1a: Slowking|brn
|-prepare|p1a: Slowking|Chilly Reception|[premajor]
|move|p1a: Slowking|Chilly Reception|p1a: Slowking
|-weather|Snowscape
|
|t:|1779908300
|switch|p1a: Zapdos|Zapdos, shiny|100/100|[from] Chilly Reception
|
|-weather|Snowscape|[upkeep]
|upkeep
|turn|2
|
|t:|1779908306
|switch|p2a: Iron Moth|Iron Moth|100/100
|-enditem|p2a: Iron Moth|Booster Energy
|-activate|p2a: Iron Moth|ability: Quark Drive|[fromitem]
|-start|p2a: Iron Moth|quarkdrivespa
|switch|p1a: Slowking|Slowking-Galar, F|100/100 brn
|
|-weather|Snowscape|[upkeep]
|-damage|p1a: Slowking|94/100 brn|[from] brn
|upkeep
|turn|3
|
|t:|1779908314
|move|p2a: Iron Moth|Fiery Dance|p1a: Slowking
|-damage|p1a: Slowking|62/100 brn
|-boost|p2a: Iron Moth|spa|1
|move|p1a: Slowking|Future Sight|p2a: Iron Moth
|-start|p1a: Slowking|move: Future Sight
|
|-weather|Snowscape|[upkeep]
|-damage|p1a: Slowking|56/100 brn|[from] brn
|upkeep
|turn|4
|
|t:|1779908326
|-terastallize|p1a: Slowking|Water
|move|p2a: Iron Moth|Overheat|p1a: Slowking
|-resisted|p1a: Slowking
|-damage|p1a: Slowking|18/100 brn
|-unboost|p2a: Iron Moth|spa|2
|-prepare|p1a: Slowking|Chilly Reception|[premajor]
|move|p1a: Slowking|Chilly Reception|p1a: Slowking
|
|t:|1779908337
|switch|p1a: Cinderace|Cinderace, F|100/100|[from] Chilly Reception
|
|-weather|Snowscape|[upkeep]
|upkeep
|turn|5
|
|t:|1779908342
|move|p1a: Cinderace|U-turn|p2a: Iron Moth
|-resisted|p2a: Iron Moth
|-damage|p2a: Iron Moth|92/100
|
|t:|1779908344
|switch|p1a: Slowking|Slowking-Galar, F, tera:Water|51/100 brn|[from] U-turn
|move|p2a: Iron Moth|Sludge Wave|p1a: Slowking
|-damage|p1a: Slowking|24/100 brn
|
|-weather|none
|-end|p2a: Iron Moth|move: Future Sight
|-supereffective|p2a: Iron Moth
|-damage|p2a: Iron Moth|0 fnt
|faint|p2a: Iron Moth
|-end|p2a: Iron Moth|Quark Drive|[silent]
|-damage|p1a: Slowking|18/100 brn|[from] brn
|upkeep
|
|t:|1779908354
|switch|p2a: Ninetales|Ninetales, M|100/100
|-weather|SunnyDay|[from] ability: Drought|[of] p2a: Ninetales
|turn|6
|
|t:|1779908362
|switch|p1a: Cinderace|Cinderace, F|100/100
|move|p2a: Ninetales|Weather Ball|p1a: Cinderace
|-resisted|p1a: Cinderace
|-damage|p1a: Cinderace|75/100
|
|-weather|SunnyDay|[upkeep]
|upkeep
|turn|7
|
|t:|1779908366
|move|p1a: Cinderace|U-turn|p2a: Ninetales
|-resisted|p2a: Ninetales
|-damage|p2a: Ninetales|89/100
|
|t:|1779908367
|switch|p1a: Slowking|Slowking-Galar, F, tera:Water|52/100 brn|[from] U-turn
|move|p2a: Ninetales|Will-O-Wisp|p1a: Slowking|[miss]
|-miss|p2a: Ninetales|p1a: Slowking
|
|-weather|SunnyDay|[upkeep]
|-damage|p1a: Slowking|46/100 brn|[from] brn
|upkeep
|turn|8
|j| SSZB
|
|t:|1779908373
|switch|p2a: Walking Wake|Walking Wake|100/100
|-activate|p2a: Walking Wake|ability: Protosynthesis
|-start|p2a: Walking Wake|protosynthesisspe
|-prepare|p1a: Slowking|Chilly Reception|[premajor]
|move|p1a: Slowking|Chilly Reception|p1a: Slowking
|-weather|Snowscape
|-end|p2a: Walking Wake|Protosynthesis
|
|t:|1779908379
|switch|p1a: Cinderace|Cinderace, F|75/100|[from] Chilly Reception
|
|-weather|Snowscape|[upkeep]
|upkeep
|turn|9
|
|t:|1779908383
|switch|p1a: Slowking|Slowking-Galar, F, tera:Water|79/100 brn
|move|p2a: Walking Wake|Flip Turn|p1a: Slowking
|-resisted|p1a: Slowking
|-damage|p1a: Slowking|71/100 brn
|
|t:|1779908391
|-end|p2a: Walking Wake|Protosynthesis|[silent]
|switch|p2a: Great Tusk|Great Tusk|100/100|[from] Flip Turn
|
|-weather|Snowscape|[upkeep]
|-damage|p1a: Slowking|65/100 brn|[from] brn
|upkeep
|turn|10
|
|t:|1779908395
|switch|p1a: Zapdos|Zapdos, shiny|100/100
|move|p2a: Great Tusk|Stealth Rock|p1a: Zapdos
|-sidestart|p1: KnuckleTesting|move: Stealth Rock
|
|-weather|Snowscape|[upkeep]
|upkeep
|turn|11
|
|t:|1779908402
|-end|p2a: Great Tusk|Protosynthesis|[silent]
|switch|p2a: Ninetales|Ninetales, M|89/100
|-weather|SunnyDay|[from] ability: Drought|[of] p2a: Ninetales
|move|p1a: Zapdos|Thunder Wave|p2a: Ninetales|[miss]
|-miss|p1a: Zapdos|p2a: Ninetales
|
|-weather|SunnyDay|[upkeep]
|upkeep
|turn|12
|
|t:|1779908408
|switch|p2a: Whimsicott|Whimsicott, F|100/100
|move|p1a: Zapdos|Thunder Wave|p2a: Whimsicott
|-status|p2a: Whimsicott|par
|
|-weather|SunnyDay|[upkeep]
|upkeep
|turn|13
|
|t:|1779908412
|move|p2a: Whimsicott|Growth|p2a: Whimsicott
|-boost|p2a: Whimsicott|atk|2
|-boost|p2a: Whimsicott|spa|2
|move|p1a: Zapdos|Volt Switch|p2a: Whimsicott
|-resisted|p2a: Whimsicott
|-crit|p2a: Whimsicott
|-damage|p2a: Whimsicott|70/100 par
|
|t:|1779908418
|switch|p1a: Cinderace|Cinderace, F|75/100|[from] Volt Switch
|
|-weather|SunnyDay|[upkeep]
|upkeep
|turn|14
|
|t:|1779908421
|move|p1a: Cinderace|Pyro Ball|p2a: Whimsicott
|-supereffective|p2a: Whimsicott
|-damage|p2a: Whimsicott|0 fnt
|faint|p2a: Whimsicott
|
|-weather|SunnyDay|[upkeep]
|upkeep
|
|t:|1779908424
|switch|p2a: Comfey|Comfey, F|100/100
|turn|15
|
|t:|1779908428
|-terastallize|p2a: Comfey|Water
|move|p1a: Cinderace|Pyro Ball|p2a: Comfey
|-resisted|p2a: Comfey
|-damage|p2a: Comfey|59/100
|move|p2a: Comfey|Growth|p2a: Comfey
|-boost|p2a: Comfey|atk|2
|-boost|p2a: Comfey|spa|2
|
|-weather|SunnyDay|[upkeep]
|upkeep
|turn|16
|
|t:|1779908437
|move|p1a: Cinderace|Court Change|p1a: Cinderace
|-swapsideconditions
|-activate|p1a: Cinderace|move: Court Change
|move|p2a: Comfey|Growth|p2a: Comfey
|-boost|p2a: Comfey|atk|2
|-boost|p2a: Comfey|spa|2
|
|-weather|SunnyDay|[upkeep]
|upkeep
|turn|17
|
|t:|1779908443
|move|p1a: Cinderace|U-turn|p2a: Comfey
|-damage|p2a: Comfey|38/100
|
|t:|1779908458
|switch|p1a: Kingambit|Kingambit, F|100/100|[from] U-turn
|move|p2a: Comfey|Growth|p2a: Comfey
|-boost|p2a: Comfey|atk|2
|-boost|p2a: Comfey|spa|2
|
|-weather|SunnyDay|[upkeep]
|upkeep
|turn|18
|
|t:|1779908462
|move|p2a: Comfey|Draining Kiss|p1a: Kingambit
|-damage|p1a: Kingambit|1/100
|-heal|p2a: Comfey|100/100|[from] drain|[of] p1a: Kingambit
|-damage|p2a: Comfey|91/100|[from] item: Life Orb
|move|p1a: Kingambit|Sucker Punch||[still]
|-fail|p1a: Kingambit
|
|-weather|none
|-heal|p1a: Kingambit|7/100|[from] item: Leftovers
|upkeep
|turn|19
|
|t:|1779908471
|move|p2a: Comfey|Draining Kiss|p1a: Kingambit
|-damage|p1a: Kingambit|0 fnt
|-heal|p2a: Comfey|98/100|[from] drain|[of] p1a: Kingambit
|faint|p1a: Kingambit
|-end|p1a: Kingambit|fallenundefined|[silent]
|-damage|p2a: Comfey|88/100|[from] item: Life Orb
|
|upkeep
|
|t:|1779908477
|switch|p1a: Slowking|Slowking-Galar, F, tera:Water|98/100 brn
|turn|20
|
|t:|1779908480
|move|p2a: Comfey|Stored Power|p1a: Slowking
|-damage|p1a: Slowking|0 fnt
|faint|p1a: Slowking
|-damage|p2a: Comfey|78/100|[from] item: Life Orb
|
|upkeep
|-message|KnuckleTesting forfeited.
|
|win|p$ychopath
|raw|KnuckleTesting's rating: 1517 &rarr; <strong>1500</strong><br />(-17 for losing)
|raw|p$ychopath's rating: 1568 &rarr; <strong>1585</strong><br />(+17 for winning)
|l|☆KnuckleTesting
|player|p1|
|l|☆p$ychopath
|player|p2|
