|j|☆sawyerrja31
|j|☆alienxdefault
|t:|1779862095
|gametype|singles
|player|p1|sawyerrja31|crasherwake|1063
|player|p2|alienxdefault|alder|1081
|gen|9
|tier|[Gen 9] OU
|rated|
|rule|HP Percentage Mod: HP is shown in percentages
|rule|Endless Battle Clause: Forcing endless battles is banned
|rule|Species Clause: Limit one of each Pokémon
|rule|OHKO Clause: OHKO moves are banned
|rule|Evasion Items Clause: Evasion items are banned
|rule|Evasion Moves Clause: Evasion moves are banned
|rule|Evasion Abilities Clause: Evasion abilities are banned
|rule|Sleep Moves Clause: Sleep-inducing moves are banned
|clearpoke
|poke|p1|Scyther, M|
|poke|p1|Scizor, F|
|poke|p1|Meowscarada, M|
|poke|p1|Sinistcha-Masterpiece|
|poke|p1|Glimmora, F|
|poke|p1|Arcanine-Hisui, M|
|poke|p2|Blaziken, M|
|poke|p2|Ninetales, F|
|poke|p2|Venusaur, M|
|poke|p2|Hatterene, F|
|poke|p2|Great Tusk|
|poke|p2|Walking Wake|
|teampreview
|inactive|Battle timer is ON: inactive players will automatically lose when time's up. (requested by sawyerrja31)
|
|t:|1779862108
|teamsize|p1|6
|teamsize|p2|6
|start
|switch|p1a: Arcanine|Arcanine-Hisui, M|100/100
|switch|p2a: Ninetales|Ninetales, F, shiny|100/100
|-weather|SunnyDay|[from] ability: Drought|[of] p2a: Ninetales
|turn|1
|
|t:|1779862118
|move|p2a: Ninetales|Encore||[still]
|-fail|p2a: Ninetales
|move|p1a: Arcanine|Head Smash|p2a: Ninetales
|-supereffective|p2a: Ninetales
|-damage|p2a: Ninetales|0 fnt
|faint|p2a: Ninetales
|
|-weather|SunnyDay|[upkeep]
|upkeep
|
|t:|1779862127
|switch|p2a: Walking Wake|Walking Wake|100/100
|-activate|p2a: Walking Wake|ability: Protosynthesis
|-start|p2a: Walking Wake|protosynthesisspe
|turn|2
|
|t:|1779862135
|switch|p1a: Sinistcha|Sinistcha-Masterpiece|100/100
|move|p2a: Walking Wake|Flamethrower|p1a: Sinistcha
|-supereffective|p1a: Sinistcha
|-damage|p1a: Sinistcha|23/100
|
|-weather|SunnyDay|[upkeep]
|-heal|p1a: Sinistcha|29/100|[from] item: Leftovers
|upkeep
|turn|3
|
|t:|1779862143
|move|p2a: Walking Wake|Flamethrower|p1a: Sinistcha
|-supereffective|p1a: Sinistcha
|-damage|p1a: Sinistcha|0 fnt
|faint|p1a: Sinistcha
|
|-weather|SunnyDay|[upkeep]
|upkeep
|
|t:|1779862152
|switch|p1a: Glimmora|Glimmora, F|100/100
|turn|4
|
|t:|1779862160
|-end|p2a: Walking Wake|Protosynthesis|[silent]
|switch|p2a: Great Tusk|Great Tusk|100/100
|-activate|p2a: Great Tusk|ability: Protosynthesis
|-start|p2a: Great Tusk|protosynthesisatk
|move|p1a: Glimmora|Mortal Spin|p2a: Great Tusk
|-resisted|p2a: Great Tusk
|-damage|p2a: Great Tusk|98/100
|-status|p2a: Great Tusk|psn
|
|-weather|SunnyDay|[upkeep]
|-damage|p2a: Great Tusk|86/100 psn|[from] psn
|upkeep
|turn|5
|
|t:|1779862167
|move|p2a: Great Tusk|Headlong Rush|p1a: Glimmora
|-supereffective|p1a: Glimmora
|-damage|p1a: Glimmora|0 fnt
|-unboost|p2a: Great Tusk|def|1
|-unboost|p2a: Great Tusk|spd|1
|-damage|p2a: Great Tusk|70/100 psn|[from] item: Rocky Helmet|[of] p1a: Glimmora
|-activate|p1a: Glimmora|ability: Toxic Debris
|-sidestart|p2: alienxdefault|move: Toxic Spikes
|faint|p1a: Glimmora
|
|-weather|SunnyDay|[upkeep]
|-damage|p2a: Great Tusk|57/100 psn|[from] psn
|upkeep
|
|t:|1779862171
|switch|p1a: Scyther|Scyther, M|100/100
|turn|6
|
|t:|1779862177
|move|p1a: Scyther|Dual Wingbeat|p2a: Great Tusk
|-supereffective|p2a: Great Tusk
|-damage|p2a: Great Tusk|0 fnt
|faint|p2a: Great Tusk
|-end|p2a: Great Tusk|Protosynthesis|[silent]
|-hitcount|p2: Great Tusk|1
|
|-weather|SunnyDay|[upkeep]
|upkeep
|
|t:|1779862181
|switch|p2a: Venusaur|Venusaur, M|100/100
|-sideend|p2: alienxdefault|move: Toxic Spikes|[of] p2a: Venusaur
|turn|7
|
|t:|1779862193
|move|p2a: Venusaur|Weather Ball|p1a: Scyther
|-supereffective|p1a: Scyther
|-damage|p1a: Scyther|0 fnt
|faint|p1a: Scyther
|-damage|p2a: Venusaur|91/100|[from] item: Life Orb
|
|-weather|SunnyDay|[upkeep]
|upkeep
|-message|sawyerrja31 forfeited.
|
|win|alienxdefault
|raw|sawyerrja31's rating: 1063 &rarr; <strong>1045</strong><br />(-18 for losing)
|raw|alienxdefault's rating: 1081 &rarr; <strong>1107</strong><br />(+26 for winning)
|l|☆sawyerrja31
|player|p1|
|l|☆alienxdefault
|player|p2|
