|j|☆Frozmo
|j|☆claudechamp
|t:|1779887440
|gametype|singles
|player|p1|Frozmo|dawn|1260
|player|p2|claudechamp|169|1264
|gen|9
|tier|[Gen 9] OU
|rated|
|rule|HP Percentage Mod: HP is shown in percentages
|rule|Endless Battle Clause: Forcing endless battles is banned
|rule|Species Clause: Limit one of each Pokémon
|rule|OHKO Clause: OHKO moves are banned
|rule|Evasion Items Clause: Evasion items are banned
|rule|Evasion Moves Clause: Evasion moves are banned
|rule|Evasion Abilities Clause: Evasion abilities are banned
|rule|Sleep Moves Clause: Sleep-inducing moves are banned
|clearpoke
|poke|p1|Cloyster, M|
|poke|p1|Ninetales-Alola, M|
|poke|p1|Polteageist|
|poke|p1|Ogerpon-Wellspring, F|
|poke|p1|Iron Treads|
|poke|p1|Dragonite, M|
|poke|p2|Corviknight, F|
|poke|p2|Ting-Lu|
|poke|p2|Kyurem|
|poke|p2|Dondozo, F|
|poke|p2|Slowking-Galar, F|
|poke|p2|Cinderace, M|
|teampreview
|inactive|Battle timer is ON: inactive players will automatically lose when time's up. (requested by Frozmo)
|c|☆claudechamp|hf
|inactive|claudechamp also wants the timer to be on.
|
|t:|1779887449
|teamsize|p1|6
|teamsize|p2|6
|start
|switch|p1a: Ninetales|Ninetales-Alola, M|100/100
|switch|p2a: Cinderace|Cinderace, M|100/100
|-weather|Snowscape|[from] ability: Snow Warning|[of] p1a: Ninetales
|turn|1
|
|t:|1779887458
|switch|p1a: Cloyster|Cloyster, M|100/100
|move|p2a: Cinderace|Pyro Ball|p1a: Cloyster
|-crit|p1a: Cloyster
|-damage|p1a: Cloyster|64/100
|
|-weather|Snowscape|[upkeep]
|upkeep
|turn|2
|
|t:|1779887468
|move|p2a: Cinderace|Pyro Ball|p1a: Cloyster
|-damage|p1a: Cloyster|40/100
|move|p1a: Cloyster|Rock Blast|p2a: Cinderace|[miss]
|-miss|p1a: Cloyster|p2a: Cinderace
|
|-weather|Snowscape|[upkeep]
|upkeep
|turn|3
|
|t:|1779887478
|switch|p2a: Kyurem|Kyurem|100/100
|-ability|p2a: Kyurem|Pressure
|move|p1a: Cloyster|Rock Blast|p2a: Kyurem
|-supereffective|p2a: Kyurem
|-damage|p2a: Kyurem|91/100
|-supereffective|p2a: Kyurem
|-damage|p2a: Kyurem|80/100
|-supereffective|p2a: Kyurem
|-damage|p2a: Kyurem|71/100
|-supereffective|p2a: Kyurem
|-damage|p2a: Kyurem|62/100
|-supereffective|p2a: Kyurem
|-damage|p2a: Kyurem|51/100
|-hitcount|p2a: Kyurem|5
|
|-weather|Snowscape|[upkeep]
|-heal|p2a: Kyurem|58/100|[from] item: Leftovers
|upkeep
|turn|4
|
|t:|1779887500
|switch|p1a: Iron Treads|Iron Treads|100/100
|-enditem|p1a: Iron Treads|Booster Energy
|-activate|p1a: Iron Treads|ability: Quark Drive|[fromitem]
|-start|p1a: Iron Treads|quarkdrivespe
|move|p2a: Kyurem|Freeze-Dry|p1a: Iron Treads
|-damage|p1a: Iron Treads|47/100
|-status|p1a: Iron Treads|frz
|
|-weather|Snowscape|[upkeep]
|-heal|p2a: Kyurem|64/100|[from] item: Leftovers
|upkeep
|turn|5
|
|t:|1779887502
|cant|p1a: Iron Treads|frz
|move|p2a: Kyurem|Freeze-Dry|p1a: Iron Treads
|-damage|p1a: Iron Treads|0 fnt
|faint|p1a: Iron Treads
|-end|p1a: Iron Treads|Quark Drive|[silent]
|
|-weather|none
|-heal|p2a: Kyurem|70/100|[from] item: Leftovers
|upkeep
|
|t:|1779887507
|switch|p1a: Ninetales|Ninetales-Alola, M|100/100
|-weather|Snowscape|[from] ability: Snow Warning|[of] p1a: Ninetales
|turn|6
|
|t:|1779887513
|switch|p2a: Cinderace|Cinderace, M|100/100
|move|p1a: Ninetales|Aurora Veil|p1a: Ninetales
|-sidestart|p1: Frozmo|move: Aurora Veil
|
|-weather|Snowscape|[upkeep]
|upkeep
|turn|7
|
|t:|1779887521
|switch|p1a: Polteageist|Polteageist|100/100
|move|p2a: Cinderace|Pyro Ball|p1a: Polteageist
|-damage|p1a: Polteageist|73/100
|-start|p2a: Cinderace|Disable|Pyro Ball|[from] ability: Cursed Body|[of] p1a: Polteageist
|
|-weather|Snowscape|[upkeep]
|upkeep
|turn|8
|
|t:|1779887532
|switch|p2a: Kyurem|Kyurem|70/100
|-ability|p2a: Kyurem|Pressure
|move|p1a: Polteageist|Shell Smash|p1a: Polteageist
|-unboost|p1a: Polteageist|def|1
|-unboost|p1a: Polteageist|spd|1
|-boost|p1a: Polteageist|atk|2
|-boost|p1a: Polteageist|spa|2
|-boost|p1a: Polteageist|spe|2
|-enditem|p1a: Polteageist|White Herb
|-clearnegativeboost|p1a: Polteageist|[silent]
|
|-weather|Snowscape|[upkeep]
|-heal|p2a: Kyurem|76/100|[from] item: Leftovers
|upkeep
|turn|9
|
|t:|1779887542
|move|p1a: Polteageist|Shadow Ball|p2a: Kyurem
|-damage|p2a: Kyurem|7/100
|move|p2a: Kyurem|Freeze-Dry|p1a: Polteageist
|-damage|p1a: Polteageist|57/100
|-start|p2a: Kyurem|Disable|Freeze-Dry|[from] ability: Cursed Body|[of] p1a: Polteageist
|
|-weather|Snowscape|[upkeep]
|-heal|p2a: Kyurem|13/100|[from] item: Leftovers
|upkeep
|turn|10
|
|t:|1779887549
|switch|p2a: Ting-Lu|Ting-Lu|100/100
|-ability|p2a: Ting-Lu|Vessel of Ruin
|move|p1a: Polteageist|Strength Sap|p2a: Ting-Lu
|-unboost|p2a: Ting-Lu|atk|1
|-heal|p1a: Polteageist|100/100
|
|-weather|none
|upkeep
|turn|11
|
|t:|1779887557
|move|p1a: Polteageist|Shell Smash|p1a: Polteageist
|-unboost|p1a: Polteageist|def|1
|-unboost|p1a: Polteageist|spd|1
|-boost|p1a: Polteageist|atk|2
|-boost|p1a: Polteageist|spa|2
|-boost|p1a: Polteageist|spe|2
|move|p2a: Ting-Lu|Payback|p1a: Polteageist
|-supereffective|p1a: Polteageist
|-damage|p1a: Polteageist|58/100
|
|upkeep
|turn|12
|
|t:|1779887561
|move|p1a: Polteageist|Giga Drain|p2a: Ting-Lu
|-supereffective|p2a: Ting-Lu
|-damage|p2a: Ting-Lu|49/100
|-heal|p1a: Polteageist|99/100|[from] drain|[of] p2a: Ting-Lu
|move|p2a: Ting-Lu|Payback|p1a: Polteageist
|-supereffective|p1a: Polteageist
|-damage|p1a: Polteageist|57/100
|
|-heal|p2a: Ting-Lu|55/100|[from] item: Leftovers
|upkeep
|turn|13
|
|t:|1779887565
|move|p1a: Polteageist|Giga Drain|p2a: Ting-Lu
|-supereffective|p2a: Ting-Lu
|-damage|p2a: Ting-Lu|4/100
|-heal|p1a: Polteageist|97/100|[from] drain|[of] p2a: Ting-Lu
|move|p2a: Ting-Lu|Earthquake|p1a: Polteageist
|-damage|p1a: Polteageist|75/100
|-start|p2a: Ting-Lu|Disable|Earthquake|[from] ability: Cursed Body|[of] p1a: Polteageist
|
|-heal|p2a: Ting-Lu|11/100|[from] item: Leftovers
|-sideend|p1: Frozmo|move: Aurora Veil
|upkeep
|turn|14
|
|t:|1779887569
|switch|p2a: Dondozo|Dondozo, F|100/100
|move|p1a: Polteageist|Giga Drain|p2a: Dondozo
|-supereffective|p2a: Dondozo
|-damage|p2a: Dondozo|70/100
|-heal|p1a: Polteageist|99/100|[from] drain|[of] p2a: Dondozo
|
|-heal|p2a: Dondozo|76/100|[from] item: Leftovers
|upkeep
|turn|15
|
|t:|1779887578
|move|p1a: Polteageist|Giga Drain|p2a: Dondozo
|-supereffective|p2a: Dondozo
|-damage|p2a: Dondozo|47/100
|-heal|p1a: Polteageist|100/100|[from] drain|[of] p2a: Dondozo
|move|p2a: Dondozo|Waterfall|p1a: Polteageist
|-damage|p1a: Polteageist|71/100
|-start|p2a: Dondozo|Disable|Waterfall|[from] ability: Cursed Body|[of] p1a: Polteageist
|
|-heal|p2a: Dondozo|53/100|[from] item: Leftovers
|upkeep
|turn|16
|
|t:|1779887583
|switch|p2a: Corviknight|Corviknight, F|100/100
|-ability|p2a: Corviknight|Pressure
|move|p1a: Polteageist|Giga Drain|p2a: Corviknight
|-resisted|p2a: Corviknight
|-damage|p2a: Corviknight|84/100
|-heal|p1a: Polteageist|81/100|[from] drain|[of] p2a: Corviknight
|
|upkeep
|turn|17
|
|t:|1779887591
|switch|p2a: Dondozo|Dondozo, F|53/100
|move|p1a: Polteageist|Shadow Ball|p2a: Dondozo
|-damage|p2a: Dondozo|30/100
|
|-heal|p2a: Dondozo|36/100|[from] item: Leftovers
|upkeep
|turn|18
|
|t:|1779887599
|move|p1a: Polteageist|Giga Drain|p2a: Dondozo
|-supereffective|p2a: Dondozo
|-damage|p2a: Dondozo|5/100
|-heal|p1a: Polteageist|100/100|[from] drain|[of] p2a: Dondozo
|move|p2a: Dondozo|Waterfall|p1a: Polteageist
|-damage|p1a: Polteageist|65/100
|
|-heal|p2a: Dondozo|11/100|[from] item: Leftovers
|upkeep
|turn|19
|
|t:|1779887604
|-terastallize|p2a: Dondozo|Dark
|move|p1a: Polteageist|Giga Drain|p2a: Dondozo
|-damage|p2a: Dondozo|0 fnt
|-heal|p1a: Polteageist|74/100|[from] drain|[of] p2a: Dondozo
|faint|p2a: Dondozo
|
|upkeep
|
|t:|1779887608
|switch|p2a: Cinderace|Cinderace, M|100/100
|turn|20
|
|t:|1779887611
|move|p1a: Polteageist|Shadow Ball|p2a: Cinderace
|-damage|p2a: Cinderace|0 fnt
|faint|p2a: Cinderace
|
|upkeep
|
|t:|1779887616
|switch|p2a: Corviknight|Corviknight, F|84/100
|-ability|p2a: Corviknight|Pressure
|turn|21
|
|t:|1779887622
|move|p1a: Polteageist|Strength Sap|p2a: Corviknight
|-unboost|p2a: Corviknight|atk|1
|-heal|p1a: Polteageist|100/100
|move|p2a: Corviknight|U-turn|p1a: Polteageist
|-resisted|p1a: Polteageist
|-damage|p1a: Polteageist|93/100
|-start|p2a: Corviknight|Disable|U-turn|[from] ability: Cursed Body|[of] p1a: Polteageist
|
|t:|1779887631
|switch|p2a: Ting-Lu|Ting-Lu|11/100|[from] U-turn
|-ability|p2a: Ting-Lu|Vessel of Ruin
|
|-heal|p2a: Ting-Lu|17/100|[from] item: Leftovers
|upkeep
|turn|22
|
|t:|1779887638
|move|p1a: Polteageist|Giga Drain|p2a: Ting-Lu
|-supereffective|p2a: Ting-Lu
|-damage|p2a: Ting-Lu|0 fnt
|-heal|p1a: Polteageist|100/100|[from] drain|[of] p2a: Ting-Lu
|faint|p2a: Ting-Lu
|
|upkeep
|
|t:|1779887642
|switch|p2a: Corviknight|Corviknight, F|84/100
|-ability|p2a: Corviknight|Pressure
|turn|23
|
|t:|1779887649
|move|p1a: Polteageist|Shadow Ball|p2a: Corviknight
|-damage|p2a: Corviknight|0 fnt
|faint|p2a: Corviknight
|
|upkeep
|
|t:|1779887656
|switch|p2a: Slowking|Slowking-Galar, F|100/100
|turn|24
|
|t:|1779887662
|move|p1a: Polteageist|Shadow Ball|p2a: Slowking
|-supereffective|p2a: Slowking
|-damage|p2a: Slowking|0 fnt
|faint|p2a: Slowking
|
|upkeep
|
|t:|1779887667
|switch|p2a: Kyurem|Kyurem|13/100
|-ability|p2a: Kyurem|Pressure
|turn|25
|
|t:|1779887677
|move|p1a: Polteageist|Shadow Ball|p2a: Kyurem
|-damage|p2a: Kyurem|0 fnt
|faint|p2a: Kyurem
|
|win|Frozmo
|raw|Frozmo's rating: 1260 &rarr; <strong>1285</strong><br />(+25 for winning)
|raw|claudechamp's rating: 1255 &rarr; <strong>1230</strong><br />(-25 for losing)
|c|☆claudechamp|gg
|c|☆Frozmo|gg
|l|☆Frozmo
|player|p1|
