|j|☆blabab
|j|☆Hunter_of_Keys
|t:|1779923610
|gametype|singles
|player|p1|blabab|miku-ground|1597
|player|p2|Hunter_of_Keys|veteran|1583
|gen|9
|tier|[Gen 9] OU
|rated|
|rule|HP Percentage Mod: HP is shown in percentages
|rule|Endless Battle Clause: Forcing endless battles is banned
|rule|Species Clause: Limit one of each Pokémon
|rule|OHKO Clause: OHKO moves are banned
|rule|Evasion Items Clause: Evasion items are banned
|rule|Evasion Moves Clause: Evasion moves are banned
|rule|Evasion Abilities Clause: Evasion abilities are banned
|rule|Sleep Moves Clause: Sleep-inducing moves are banned
|clearpoke
|poke|p1|Kingambit, M|
|poke|p1|Primarina, F|
|poke|p1|Araquanid, F|
|poke|p1|Blaziken, F|
|poke|p1|Thundurus-Therian, M|
|poke|p1|Iron Thorns|
|poke|p2|Gallade, M|
|poke|p2|Armarouge, M|
|poke|p2|Indeedee, M|
|poke|p2|Cresselia, F|
|poke|p2|Rabsca, F|
|poke|p2|Espeon, M|
|teampreview
|inactive|Battle timer is ON: inactive players will automatically lose when time's up. (requested by Hunter_of_Keys)
|inactive|blabab also wants the timer to be on.
|
|t:|1779923625
|teamsize|p1|6
|teamsize|p2|6
|start
|switch|p1a: Blaziken|Blaziken, F|100/100
|switch|p2a: Indeedee|Indeedee, M|100/100
|-fieldstart|move: Psychic Terrain|[from] ability: Psychic Surge|[of] p2a: Indeedee
|turn|1
|
|t:|1779923634
|switch|p2a: Armarouge|Armarouge, M|100/100
|switch|p1a: Kingambit|Kingambit, M|100/100
|
|upkeep
|turn|2
|
|t:|1779923642
|-end|p1a: Kingambit|fallenundefined|[silent]
|switch|p1a: Araquanid|Araquanid, F|100/100
|move|p2a: Armarouge|Expanding Force|p1a: Araquanid
|-damage|p1a: Araquanid|35/100
|
|upkeep
|turn|3
|
|t:|1779923647
|switch|p2a: Espeon|Espeon, M|100/100
|switch|p1a: Kingambit|Kingambit, M|100/100
|
|upkeep
|turn|4
|
|t:|1779923651
|move|p2a: Espeon|Thunder Wave|p1a: Kingambit
|-status|p1a: Kingambit|par
|move|p1a: Kingambit|Kowtow Cleave|p2a: Espeon
|-supereffective|p2a: Espeon
|-damage|p2a: Espeon|0 fnt
|faint|p2a: Espeon
|
|upkeep
|
|t:|1779923655
|switch|p2a: Gallade|Gallade, M|100/100
|turn|5
|
|t:|1779923658
|move|p2a: Gallade|Sacred Sword|p1a: Kingambit
|-supereffective|p1a: Kingambit
|-damage|p1a: Kingambit|0 fnt
|faint|p1a: Kingambit
|-end|p1a: Kingambit|fallenundefined|[silent]
|
|upkeep
|
|t:|1779923667
|switch|p1a: Thundurus|Thundurus-Therian, M|100/100
|turn|6
|
|t:|1779923669
|move|p1a: Thundurus|Thunderbolt|p2a: Gallade
|-damage|p2a: Gallade|43/100
|move|p2a: Gallade|Psycho Cut|p1a: Thundurus
|-damage|p1a: Thundurus|0 fnt
|faint|p1a: Thundurus
|
|upkeep
|
|t:|1779923677
|switch|p1a: Blaziken|Blaziken, F|100/100
|turn|7
|
|t:|1779923689
|move|p2a: Gallade|Psycho Cut|p1a: Blaziken
|-supereffective|p1a: Blaziken
|-damage|p1a: Blaziken|0 fnt
|faint|p1a: Blaziken
|
|upkeep
|
|t:|1779923696
|switch|p1a: Primarina|Primarina, F|100/100
|turn|8
|
|t:|1779923698
|move|p2a: Gallade|Psycho Cut|p1a: Primarina
|-damage|p1a: Primarina|14/100
|move|p1a: Primarina|Moonblast|p2a: Gallade
|-supereffective|p2a: Gallade
|-damage|p2a: Gallade|0 fnt
|faint|p2a: Gallade
|
|-fieldend|move: Psychic Terrain
|upkeep
|
|t:|1779923701
|switch|p2a: Indeedee|Indeedee, M|100/100
|-fieldstart|move: Psychic Terrain|[from] ability: Psychic Surge|[of] p2a: Indeedee
|turn|9
|
|t:|1779923703
|move|p2a: Indeedee|Expanding Force|p1a: Primarina
|-damage|p1a: Primarina|0 fnt
|faint|p1a: Primarina
|
|upkeep
|
|t:|1779923706
|switch|p1a: Araquanid|Araquanid, F|35/100
|turn|10
|
|t:|1779923708
|move|p2a: Indeedee|Expanding Force|p1a: Araquanid
|-damage|p1a: Araquanid|0 fnt
|faint|p1a: Araquanid
|
|upkeep
|
|t:|1779923710
|switch|p1a: Iron Thorns|Iron Thorns|100/100
|turn|11
|
|t:|1779923712
|move|p2a: Indeedee|Expanding Force|p1a: Iron Thorns
|-damage|p1a: Iron Thorns|14/100
|move|p1a: Iron Thorns|Dragon Dance|p1a: Iron Thorns
|-boost|p1a: Iron Thorns|atk|1
|-boost|p1a: Iron Thorns|spe|1
|
|upkeep
|turn|12
|
|t:|1779923720
|-terastallize|p1a: Iron Thorns|Bug
|move|p1a: Iron Thorns|Pin Missile|p2a: Indeedee
|-supereffective|p2a: Indeedee
|-crit|p2a: Indeedee
|-damage|p2a: Indeedee|0 fnt
|faint|p2a: Indeedee
|-hitcount|p2: Indeedee|1
|
|upkeep
|
|t:|1779923736
|switch|p2a: Cresselia|Cresselia, F|100/100
|turn|13
|
|t:|1779923740
|move|p1a: Iron Thorns|Pin Missile|p2a: Cresselia
|-supereffective|p2a: Cresselia
|-damage|p2a: Cresselia|76/100
|-supereffective|p2a: Cresselia
|-damage|p2a: Cresselia|51/100
|-supereffective|p2a: Cresselia
|-damage|p2a: Cresselia|27/100
|-supereffective|p2a: Cresselia
|-damage|p2a: Cresselia|2/100
|-supereffective|p2a: Cresselia
|-damage|p2a: Cresselia|0 fnt
|faint|p2a: Cresselia
|-hitcount|p2: Cresselia|5
|
|upkeep
|
|t:|1779923745
|switch|p2a: Rabsca|Rabsca, F|100/100
|turn|14
|
|t:|1779923750
|-terastallize|p2a: Rabsca|Water
|move|p1a: Iron Thorns|Pin Missile|p2a: Rabsca
|-damage|p2a: Rabsca|83/100
|-damage|p2a: Rabsca|62/100
|-damage|p2a: Rabsca|45/100
|-damage|p2a: Rabsca|25/100
|-damage|p2a: Rabsca|6/100
|-hitcount|p2a: Rabsca|5
|move|p2a: Rabsca|Speed Swap|p1a: Iron Thorns
|-activate|p2a: Rabsca|move: Speed Swap|[of] p1a: Iron Thorns
|
|upkeep
|turn|15
|
|t:|1779923759
|move|p2a: Rabsca|Psychic Noise|p1a: Iron Thorns
|-damage|p1a: Iron Thorns|0 fnt
|faint|p1a: Iron Thorns
|-end|p1a: Iron Thorns|Quark Drive|[silent]
|
|win|Hunter_of_Keys
|raw|blabab's rating: 1597 &rarr; <strong>1576</strong><br />(-21 for losing)
|raw|Hunter_of_Keys's rating: 1583 &rarr; <strong>1604</strong><br />(+21 for winning)
|l|☆Hunter_of_Keys
|player|p2|
|l|☆blabab
|player|p1|
