|j|☆its tetover
|j|‽aaagislash
|t:|1779946143
|gametype|singles
|player|p1|its tetover|gardenia|1543
|player|p2|aaagislash|266|1489
|gen|9
|tier|[Gen 9] OU
|rated|
|rule|HP Percentage Mod: HP is shown in percentages
|rule|Endless Battle Clause: Forcing endless battles is banned
|rule|Species Clause: Limit one of each Pokémon
|rule|OHKO Clause: OHKO moves are banned
|rule|Evasion Items Clause: Evasion items are banned
|rule|Evasion Moves Clause: Evasion moves are banned
|rule|Evasion Abilities Clause: Evasion abilities are banned
|rule|Sleep Moves Clause: Sleep-inducing moves are banned
|clearpoke
|poke|p1|Ribombee, M|
|poke|p1|Brambleghast, M|
|poke|p1|Pawmot, F|
|poke|p1|Kyurem|
|poke|p1|Ursaluna, F|
|poke|p1|Tornadus, M|
|poke|p2|Mienshao, M|
|poke|p2|Clefable, M|
|poke|p2|Gliscor, F|
|poke|p2|Blissey, F|
|poke|p2|Amoonguss, F|
|poke|p2|Regieleki|
|teampreview
|
|t:|1779946153
|teamsize|p1|6
|teamsize|p2|6
|start
|switch|p1a: Ribombee|Ribombee, M|100/100
|switch|p2a: Regieleki|Regieleki|100/100
|turn|1
|
|t:|1779946165
|switch|p2a: Gliscor|Gliscor, F|100/100
|move|p1a: Ribombee|Sticky Web|p2a: Gliscor
|-sidestart|p2: aaagislash|move: Sticky Web
|
|-status|p2a: Gliscor|tox|[from] item: Toxic Orb
|upkeep
|turn|2
|
|t:|1779946170
|move|p1a: Ribombee|Skill Swap|p2a: Gliscor
|-activate|p1a: Ribombee|Skill Swap|Poison Heal|Shield Dust|[of] p2a: Gliscor
|move|p2a: Gliscor|Toxic|p1a: Ribombee
|-status|p1a: Ribombee|tox
|
|-damage|p2a: Gliscor|94/100 tox|[from] psn
|upkeep
|turn|3
|
|t:|1779946175
|move|p1a: Ribombee|Tailwind|p1a: Ribombee
|-sidestart|p1: its tetover|move: Tailwind
|move|p2a: Gliscor|Spikes|p1a: Ribombee
|-sidestart|p1: its tetover|Spikes
|
|-damage|p2a: Gliscor|82/100 tox|[from] psn
|upkeep
|turn|4
|
|t:|1779946179
|switch|p1a: Brambleghast|Brambleghast, M|100/100
|-damage|p1a: Brambleghast|88/100|[from] Spikes
|-ability|p1a: Brambleghast|Wind Rider|boost
|-boost|p1a: Brambleghast|atk|1
|switch|p2a: Amoonguss|Amoonguss, F|100/100
|
|upkeep
|turn|5
|
|t:|1779946190
|-terastallize|p2a: Amoonguss|Dark
|move|p1a: Brambleghast|Poltergeist|p2a: Amoonguss
|-activate|p2a: Amoonguss|move: Poltergeist|Heavy-Duty Boots
|-resisted|p2a: Amoonguss
|-damage|p2a: Amoonguss|62/100
|-damage|p1a: Brambleghast|78/100|[from] item: Life Orb
|move|p2a: Amoonguss|Foul Play|p1a: Brambleghast
|-supereffective|p1a: Brambleghast
|-damage|p1a: Brambleghast|0 fnt
|faint|p1a: Brambleghast
|
|upkeep
|
|t:|1779946196
|switch|p1a: Pawmot|Pawmot, F|100/100
|-damage|p1a: Pawmot|88/100|[from] Spikes
|turn|6
|
|t:|1779946199
|switch|p2a: Gliscor|Gliscor, F|82/100 tox
|move|p1a: Pawmot|Close Combat|p2a: Gliscor
|-resisted|p2a: Gliscor
|-damage|p2a: Gliscor|58/100 tox
|-unboost|p1a: Pawmot|def|1
|-unboost|p1a: Pawmot|spd|1
|-damage|p1a: Pawmot|78/100|[from] item: Life Orb
|
|-heal|p2a: Gliscor|70/100 tox|[from] ability: Poison Heal
|-sideend|p1: its tetover|move: Tailwind
|upkeep
|turn|7
|
|t:|1779946202
|move|p2a: Gliscor|Protect|p2a: Gliscor
|-singleturn|p2a: Gliscor|Protect
|move|p1a: Pawmot|Ice Punch|p2a: Gliscor
|-activate|p2a: Gliscor|move: Protect
|
|-heal|p2a: Gliscor|82/100 tox|[from] ability: Poison Heal
|upkeep
|turn|8
|
|t:|1779946211
|move|p1a: Pawmot|Close Combat|p2a: Gliscor
|-resisted|p2a: Gliscor
|-damage|p2a: Gliscor|60/100 tox
|-unboost|p1a: Pawmot|def|1
|-unboost|p1a: Pawmot|spd|1
|-damage|p1a: Pawmot|69/100|[from] item: Life Orb
|move|p2a: Gliscor|Counter|p1a: Pawmot
|-damage|p1a: Pawmot|15/100
|
|-heal|p2a: Gliscor|73/100 tox|[from] ability: Poison Heal
|upkeep
|turn|9
|
|t:|1779946216
|move|p2a: Gliscor|Protect|p2a: Gliscor
|-singleturn|p2a: Gliscor|Protect
|move|p1a: Pawmot|Close Combat|p2a: Gliscor
|-activate|p2a: Gliscor|move: Protect
|
|-heal|p2a: Gliscor|85/100 tox|[from] ability: Poison Heal
|upkeep
|turn|10
|
|t:|1779946218
|switch|p2a: Mienshao|Mienshao, M|100/100
|move|p1a: Pawmot|Ice Punch|p2a: Mienshao
|-damage|p2a: Mienshao|64/100
|-damage|p1a: Pawmot|5/100|[from] item: Life Orb
|
|upkeep
|turn|11
|
|t:|1779946224
|move|p2a: Mienshao|Fake Out|p1a: Pawmot
|-crit|p1a: Pawmot
|-damage|p1a: Pawmot|0 fnt
|faint|p1a: Pawmot
|
|upkeep
|
|t:|1779946237
|switch|p1a: Tornadus|Tornadus, M|100/100
|turn|12
|
|t:|1779946239
|switch|p2a: Gliscor|Gliscor, F|85/100 tox
|move|p1a: Tornadus|Tailwind|p1a: Tornadus
|-sidestart|p1: its tetover|move: Tailwind
|
|-heal|p2a: Gliscor|98/100 tox|[from] ability: Poison Heal
|upkeep
|turn|13
|
|t:|1779946244
|move|p2a: Gliscor|Protect|p2a: Gliscor
|-singleturn|p2a: Gliscor|Protect
|move|p1a: Tornadus|Taunt|p2a: Gliscor
|-activate|p2a: Gliscor|move: Protect
|
|-heal|p2a: Gliscor|100/100 tox|[from] ability: Poison Heal
|upkeep
|turn|14
|
|t:|1779946250
|switch|p2a: Regieleki|Regieleki|100/100
|move|p1a: Tornadus|Bleakwind Storm|p2a: Regieleki|[miss]
|-miss|p1a: Tornadus|p2a: Regieleki
|
|upkeep
|turn|15
|
|t:|1779946260
|switch|p1a: Ursaluna|Ursaluna, F|100/100
|-damage|p1a: Ursaluna|88/100|[from] Spikes
|switch|p2a: Mienshao|Mienshao, M|97/100
|
|-sideend|p1: its tetover|move: Tailwind
|-status|p1a: Ursaluna|brn|[from] item: Flame Orb
|upkeep
|turn|16
|
|t:|1779946266
|switch|p1a: Ribombee|Ribombee, M|100/100 tox
|-damage|p1a: Ribombee|88/100 tox|[from] Spikes
|move|p2a: Mienshao|Fake Out|p1a: Ribombee
|-damage|p1a: Ribombee|70/100 tox
|
|-damage|p1a: Ribombee|64/100 tox|[from] psn
|upkeep
|turn|17
|
|t:|1779946273
|switch|p2a: Regieleki|Regieleki|100/100
|move|p1a: Ribombee|Tailwind|p1a: Ribombee
|-sidestart|p1: its tetover|move: Tailwind
|
|-damage|p1a: Ribombee|51/100 tox|[from] psn
|upkeep
|turn|18
|
|t:|1779946278
|switch|p2a: Mienshao|Mienshao, M|100/100
|move|p1a: Ribombee|Moonblast|p2a: Mienshao
|-supereffective|p2a: Mienshao
|-damage|p2a: Mienshao|0 fnt
|faint|p2a: Mienshao
|
|-damage|p1a: Ribombee|33/100 tox|[from] psn
|upkeep
|
|t:|1779946289
|switch|p2a: Gliscor|Gliscor, F|100/100 tox
|turn|19
|
|t:|1779946294
|switch|p1a: Tornadus|Tornadus, M|100/100
|move|p2a: Gliscor|Spikes|p1a: Tornadus
|-sidestart|p1: its tetover|Spikes
|
|upkeep
|turn|20
|
|t:|1779946298
|switch|p2a: Regieleki|Regieleki|100/100
|move|p1a: Tornadus|Taunt|p2a: Regieleki
|-start|p2a: Regieleki|move: Taunt
|
|-sideend|p1: its tetover|move: Tailwind
|upkeep
|turn|21
|
|t:|1779946306
|switch|p1a: Ursaluna|Ursaluna, F|88/100 brn
|-damage|p1a: Ursaluna|72/100 brn|[from] Spikes
|move|p2a: Regieleki|Volt Switch|p1a: Ursaluna
|-immune|p1a: Ursaluna
|
|-damage|p1a: Ursaluna|65/100 brn|[from] brn
|upkeep
|turn|22
|
|t:|1779946317
|switch|p2a: Amoonguss|Amoonguss, F, tera:Dark|95/100
|move|p1a: Ursaluna|Facade|p2a: Amoonguss
|-damage|p2a: Amoonguss|0 fnt
|faint|p2a: Amoonguss
|
|-damage|p1a: Ursaluna|59/100 brn|[from] brn
|upkeep
|
|t:|1779946320
|switch|p2a: Gliscor|Gliscor, F|100/100 tox
|turn|23
|
|t:|1779946329
|move|p1a: Ursaluna|Swords Dance|p1a: Ursaluna
|-boost|p1a: Ursaluna|atk|2
|move|p2a: Gliscor|Counter||[still]
|-fail|p2a: Gliscor
|
|-damage|p1a: Ursaluna|53/100 brn|[from] brn
|upkeep
|turn|24
|
|t:|1779946333
|move|p2a: Gliscor|Protect|p2a: Gliscor
|-singleturn|p2a: Gliscor|Protect
|move|p1a: Ursaluna|Facade|p2a: Gliscor
|-activate|p2a: Gliscor|move: Protect
|
|-damage|p1a: Ursaluna|47/100 brn|[from] brn
|upkeep
|turn|25
|
|t:|1779946341
|switch|p2a: Regieleki|Regieleki|100/100
|move|p1a: Ursaluna|Facade|p2a: Regieleki
|-damage|p2a: Regieleki|0 fnt
|faint|p2a: Regieleki
|
|-damage|p1a: Ursaluna|40/100 brn|[from] brn
|upkeep
|
|t:|1779946344
|switch|p2a: Gliscor|Gliscor, F|100/100 tox
|turn|26
|
|t:|1779946346
|move|p2a: Gliscor|Protect|p2a: Gliscor
|-singleturn|p2a: Gliscor|Protect
|move|p1a: Ursaluna|Facade|p2a: Gliscor
|-activate|p2a: Gliscor|move: Protect
|
|-damage|p1a: Ursaluna|34/100 brn|[from] brn
|upkeep
|turn|27
|
|t:|1779946349
|move|p2a: Gliscor|Protect||[still]
|-fail|p2a: Gliscor
|move|p1a: Ursaluna|Facade|p2a: Gliscor
|-damage|p2a: Gliscor|0 fnt
|faint|p2a: Gliscor
|
|-damage|p1a: Ursaluna|28/100 brn|[from] brn
|upkeep
|
|t:|1779946351
|switch|p2a: Clefable|Clefable, M|100/100
|-activate|p2a: Clefable|move: Sticky Web
|-unboost|p2a: Clefable|spe|1
|turn|28
|c|☆its tetover|Snatching defeat from the jaws of victory
|
|t:|1779946363
|-terastallize|p1a: Ursaluna|Normal
|move|p2a: Clefable|Protect|p2a: Clefable
|-singleturn|p2a: Clefable|Protect
|move|p1a: Ursaluna|Facade|p2a: Clefable
|-activate|p2a: Clefable|move: Protect
|
|-damage|p1a: Ursaluna|22/100 brn|[from] brn
|upkeep
|turn|29
|
|t:|1779946366
|move|p2a: Clefable|Protect||[still]
|-fail|p2a: Clefable
|move|p1a: Ursaluna|Facade|p2a: Clefable
|-damage|p2a: Clefable|0 fnt
|faint|p2a: Clefable
|
|-damage|p1a: Ursaluna|15/100 brn|[from] brn
|upkeep
|-message|aaagislash forfeited.
|
|win|its tetover
|raw|its tetover's rating: 1543 &rarr; <strong>1560</strong><br />(+17 for winning)
|raw|aaagislash's rating: 1489 &rarr; <strong>1472</strong><br />(-17 for losing)
|l|‽aaagislash
|player|p2|
