|j|☆leoisreallysmart
|j|☆barr0s
|t:|1779926338
|gametype|singles
|player|p1|leoisreallysmart|2|1217
|player|p2|barr0s|169|1213
|gen|9
|tier|[Gen 9] OU
|rated|
|rule|HP Percentage Mod: HP is shown in percentages
|rule|Endless Battle Clause: Forcing endless battles is banned
|rule|Species Clause: Limit one of each Pokémon
|rule|OHKO Clause: OHKO moves are banned
|rule|Evasion Items Clause: Evasion items are banned
|rule|Evasion Moves Clause: Evasion moves are banned
|rule|Evasion Abilities Clause: Evasion abilities are banned
|rule|Sleep Moves Clause: Sleep-inducing moves are banned
|clearpoke
|poke|p1|Whimsicott, F|
|poke|p1|Hoopa|
|poke|p1|Sneasel-Hisui, F|
|poke|p1|Mandibuzz, F|
|poke|p1|Oricorio, F|
|poke|p1|Golem, F|
|poke|p2|Dondozo, M|
|poke|p2|Hatterene, F|
|poke|p2|Kingambit, F|
|poke|p2|Torkoal, F|
|poke|p2|Bronzong|
|poke|p2|Cloyster, M|
|teampreview
|inactive|Battle timer is ON: inactive players will automatically lose when time's up. (requested by leoisreallysmart)
|
|t:|1779926352
|teamsize|p1|6
|teamsize|p2|6
|start
|switch|p1a: Golem|Golem, F|100/100
|switch|p2a: Hatterene|Hatterene, F|100/100
|turn|1
|
|t:|1779926360
|move|p1a: Golem|Stealth Rock|p2a: Hatterene
|move|p2a: Hatterene|Stealth Rock|p1a: Golem|[from] ability: Magic Bounce
|-sidestart|p1: leoisreallysmart|move: Stealth Rock
|move|p2a: Hatterene|Trick Room|p2a: Hatterene
|-fieldstart|move: Trick Room|[of] p2a: Hatterene
|
|upkeep
|turn|2
|
|t:|1779926371
|move|p1a: Golem|Explosion|p2a: Hatterene
|-damage|p2a: Hatterene|0 fnt
|faint|p1a: Golem
|faint|p2a: Hatterene
|
|upkeep
|
|t:|1779926383
|switch|p1a: Mandibuzz|Mandibuzz, F|100/100
|switch|p2a: Torkoal|Torkoal, F|100/100
|-weather|SunnyDay|[from] ability: Drought|[of] p2a: Torkoal
|turn|3
|
|t:|1779926402
|move|p2a: Torkoal|Weather Ball|p1a: Mandibuzz
|-damage|p1a: Mandibuzz|47/100
|move|p1a: Mandibuzz|Defog|p2a: Torkoal
|-unboost|p2a: Torkoal|evasion|1
|-sideend|p1: leoisreallysmart|Stealth Rock|[from] move: Defog|[of] p1a: Mandibuzz
|
|-weather|SunnyDay|[upkeep]
|upkeep
|turn|4
|
|t:|1779926422
|move|p2a: Torkoal|Weather Ball|p1a: Mandibuzz
|-damage|p1a: Mandibuzz|0 fnt
|faint|p1a: Mandibuzz
|
|-weather|SunnyDay|[upkeep]
|upkeep
|inactive|leoisreallysmart has 120 seconds left.
|
|t:|1779926433
|switch|p1a: Oricorio|Oricorio, F|100/100
|turn|5
|
|t:|1779926444
|switch|p2a: Bronzong|Bronzong|100/100
|move|p1a: Oricorio|Quiver Dance|p1a: Oricorio
|-boost|p1a: Oricorio|spa|1
|-boost|p1a: Oricorio|spd|1
|-boost|p1a: Oricorio|spe|1
|
|-weather|SunnyDay|[upkeep]
|-fieldend|move: Trick Room
|upkeep
|turn|6
|
|t:|1779926452
|move|p1a: Oricorio|Revelation Dance|p2a: Bronzong
|-supereffective|p2a: Bronzong
|-damage|p2a: Bronzong|0 fnt
|faint|p2a: Bronzong
|
|-weather|SunnyDay|[upkeep]
|upkeep
|
|t:|1779926459
|switch|p2a: Dondozo|Dondozo, M|100/100
|turn|7
|
|t:|1779926463
|move|p1a: Oricorio|Air Slash|p2a: Dondozo
|-damage|p2a: Dondozo|63/100
|move|p2a: Dondozo|Curse|p2a: Dondozo
|-unboost|p2a: Dondozo|spe|1
|-boost|p2a: Dondozo|atk|1
|-boost|p2a: Dondozo|def|1
|
|-weather|none
|-heal|p2a: Dondozo|69/100|[from] item: Leftovers
|upkeep
|turn|8
|
|t:|1779926477
|move|p1a: Oricorio|Air Slash|p2a: Dondozo|[miss]
|-miss|p1a: Oricorio|p2a: Dondozo
|move|p2a: Dondozo|Waterfall|p1a: Oricorio
|-supereffective|p1a: Oricorio
|-enditem|p1a: Oricorio|Focus Sash
|-damage|p1a: Oricorio|1/100
|
|-heal|p2a: Dondozo|75/100|[from] item: Leftovers
|upkeep
|turn|9
|
|t:|1779926491
|switch|p1a: Whimsicott|Whimsicott, F|100/100
|move|p2a: Dondozo|Waterfall|p1a: Whimsicott
|-resisted|p1a: Whimsicott
|-damage|p1a: Whimsicott|58/100
|
|-heal|p2a: Dondozo|81/100|[from] item: Leftovers
|upkeep
|turn|10
|
|t:|1779926505
|switch|p2a: Torkoal|Torkoal, F|100/100
|-weather|SunnyDay|[from] ability: Drought|[of] p2a: Torkoal
|move|p1a: Whimsicott|Giga Drain|p2a: Torkoal
|-resisted|p2a: Torkoal
|-damage|p2a: Torkoal|77/100
|-heal|p1a: Whimsicott|70/100|[from] drain|[of] p2a: Torkoal
|
|-weather|SunnyDay|[upkeep]
|-heal|p2a: Torkoal|83/100|[from] item: Leftovers
|upkeep
|turn|11
|
|t:|1779926515
|move|p1a: Whimsicott|U-turn|p2a: Torkoal
|-resisted|p2a: Torkoal
|-damage|p2a: Torkoal|79/100
|
|t:|1779926518
|switch|p1a: Hoopa|Hoopa|100/100|[from] U-turn
|-item|p1a: Hoopa|Air Balloon
|move|p2a: Torkoal|Weather Ball|p1a: Hoopa
|-damage|p1a: Hoopa|53/100
|-enditem|p1a: Hoopa|Air Balloon
|
|-weather|SunnyDay|[upkeep]
|-heal|p2a: Torkoal|85/100|[from] item: Leftovers
|upkeep
|turn|12
|
|t:|1779926538
|move|p1a: Hoopa|Shadow Ball|p2a: Torkoal
|-damage|p2a: Torkoal|4/100
|-item|p1a: Hoopa|Leftovers|[from] ability: Magician|[of] p2a: Torkoal
|move|p2a: Torkoal|Weather Ball|p1a: Hoopa
|-damage|p1a: Hoopa|3/100
|
|-weather|SunnyDay|[upkeep]
|-heal|p1a: Hoopa|9/100|[from] item: Leftovers
|upkeep
|turn|13
|
|t:|1779926557
|move|p1a: Hoopa|Shadow Ball|p2a: Torkoal
|-damage|p2a: Torkoal|0 fnt
|faint|p2a: Torkoal
|
|-weather|SunnyDay|[upkeep]
|-heal|p1a: Hoopa|15/100|[from] item: Leftovers
|upkeep
|
|t:|1779926566
|switch|p2a: Kingambit|Kingambit, F|100/100
|-activate|p2a: Kingambit|ability: Supreme Overlord
|-start|p2a: Kingambit|fallen3|[silent]
|-item|p2a: Kingambit|Air Balloon
|turn|14
|
|t:|1779926575
|move|p1a: Hoopa|Thunderbolt|p2a: Kingambit
|-damage|p2a: Kingambit|58/100
|-enditem|p2a: Kingambit|Air Balloon
|move|p2a: Kingambit|Swords Dance|p2a: Kingambit
|-boost|p2a: Kingambit|atk|2
|
|-weather|none
|-heal|p1a: Hoopa|21/100|[from] item: Leftovers
|upkeep
|turn|15
|
|t:|1779926585
|move|p2a: Kingambit|Sucker Punch|p1a: Hoopa
|-supereffective|p1a: Hoopa
|-damage|p1a: Hoopa|0 fnt
|faint|p1a: Hoopa
|
|upkeep
|
|t:|1779926596
|switch|p1a: Oricorio|Oricorio, F|1/100
|turn|16
|
|t:|1779926603
|move|p2a: Kingambit|Sucker Punch||[still]
|-fail|p2a: Kingambit
|move|p1a: Oricorio|Quiver Dance|p1a: Oricorio
|-boost|p1a: Oricorio|spa|1
|-boost|p1a: Oricorio|spd|1
|-boost|p1a: Oricorio|spe|1
|
|upkeep
|turn|17
|
|t:|1779926609
|move|p2a: Kingambit|Sucker Punch||[still]
|-fail|p2a: Kingambit
|move|p1a: Oricorio|Roost|p1a: Oricorio
|-heal|p1a: Oricorio|51/100
|-singleturn|p1a: Oricorio|move: Roost
|
|upkeep
|turn|18
|
|t:|1779926615
|move|p1a: Oricorio|Roost|p1a: Oricorio
|-heal|p1a: Oricorio|100/100
|-singleturn|p1a: Oricorio|move: Roost
|move|p2a: Kingambit|Kowtow Cleave|p1a: Oricorio
|-crit|p1a: Oricorio
|-damage|p1a: Oricorio|0 fnt
|faint|p1a: Oricorio
|
|upkeep
|
|t:|1779926625
|switch|p1a: Sneasel|Sneasel-Hisui, F|100/100
|turn|19
|
|t:|1779926629
|move|p2a: Kingambit|Sucker Punch|p1a: Sneasel
|-resisted|p1a: Sneasel
|-damage|p1a: Sneasel|24/100
|move|p1a: Sneasel|Close Combat|p2a: Kingambit
|-supereffective|p2a: Kingambit
|-damage|p2a: Kingambit|0 fnt
|-unboost|p1a: Sneasel|def|1
|-unboost|p1a: Sneasel|spd|1
|faint|p2a: Kingambit
|-end|p2a: Kingambit|fallen3|[silent]
|
|upkeep
|
|t:|1779926646
|switch|p2a: Cloyster|Cloyster, M|100/100
|turn|20
|
|t:|1779926662
|move|p2a: Cloyster|Ice Shard|p1a: Sneasel
|-damage|p1a: Sneasel|0 fnt
|faint|p1a: Sneasel
|
|upkeep
|inactive|leoisreallysmart has 120 seconds left.
|
|t:|1779926694
|switch|p1a: Whimsicott|Whimsicott, F|70/100
|turn|21
|
|t:|1779926704
|move|p2a: Cloyster|Ice Shard|p1a: Whimsicott
|-supereffective|p1a: Whimsicott
|-damage|p1a: Whimsicott|15/100
|move|p1a: Whimsicott|Giga Drain|p2a: Cloyster
|-supereffective|p2a: Cloyster
|-enditem|p2a: Cloyster|Focus Sash
|-damage|p2a: Cloyster|1/100
|-heal|p1a: Whimsicott|73/100|[from] drain|[of] p2a: Cloyster
|
|upkeep
|turn|22
|
|t:|1779926716
|move|p2a: Cloyster|Ice Shard|p1a: Whimsicott
|-supereffective|p1a: Whimsicott
|-damage|p1a: Whimsicott|22/100
|move|p1a: Whimsicott|Giga Drain|p2a: Cloyster
|-supereffective|p2a: Cloyster
|-damage|p2a: Cloyster|0 fnt
|-heal|p1a: Whimsicott|22/100|[from] drain|[of] p2a: Cloyster
|faint|p2a: Cloyster
|
|upkeep
|
|t:|1779926724
|switch|p2a: Dondozo|Dondozo, M|81/100
|turn|23
|
|t:|1779926730
|move|p1a: Whimsicott|Giga Drain|p2a: Dondozo
|-supereffective|p2a: Dondozo
|-damage|p2a: Dondozo|23/100
|-heal|p1a: Whimsicott|72/100|[from] drain|[of] p2a: Dondozo
|move|p2a: Dondozo|Waterfall|p1a: Whimsicott
|-resisted|p1a: Whimsicott
|-damage|p1a: Whimsicott|46/100
|
|-heal|p2a: Dondozo|29/100|[from] item: Leftovers
|upkeep
|turn|24
|
|t:|1779926749
|move|p1a: Whimsicott|Giga Drain|p2a: Dondozo
|-supereffective|p2a: Dondozo
|-damage|p2a: Dondozo|0 fnt
|-heal|p1a: Whimsicott|70/100|[from] drain|[of] p2a: Dondozo
|faint|p2a: Dondozo
|
|win|leoisreallysmart
|raw|leoisreallysmart's rating: 1217 &rarr; <strong>1242</strong><br />(+25 for winning)
|raw|barr0s's rating: 1213 &rarr; <strong>1188</strong><br />(-25 for losing)
|l|☆barr0s
|player|p2|
