|j|☆v1c7oryy
|j|☆emdimd
|inactive|Battle timer is ON: inactive players will automatically lose when time's up.
|t:|1779881928
|gametype|singles
|player|p1|v1c7oryy|265|
|player|p2|emdimd|101|
|gen|9
|tier|[Gen 9] OU
|rated|Tournament battle
|rule|HP Percentage Mod: HP is shown in percentages
|rule|Endless Battle Clause: Forcing endless battles is banned
|rule|Species Clause: Limit one of each Pokémon
|rule|OHKO Clause: OHKO moves are banned
|rule|Evasion Items Clause: Evasion items are banned
|rule|Evasion Moves Clause: Evasion moves are banned
|rule|Evasion Abilities Clause: Evasion abilities are banned
|rule|Sleep Moves Clause: Sleep-inducing moves are banned
|raw|<div class="infobox"><details class="readmore"><summary><strong>15 custom rules:</strong></summary> -burmy, -caterpie, -combee, -kricketot, -magikarp, -scatterbug, -sunkern, -tynamo, -typenull, -weedle, -wurmple, -cosmog, -blipbug, -snom, -wynaut</details></div>
|clearpoke
|poke|p1|Flapple, M|
|poke|p1|Ursaluna, M|
|poke|p1|Cloyster, F|
|poke|p2|Clefable, M|
|poke|p2|Slowbro-Galar, F|
|poke|p2|Galvantula, F|
|teampreview
|j|*Lady Monita 
|
|t:|1779881944
|teamsize|p1|3
|teamsize|p2|3
|start
|switch|p1a: Cloyster|Cloyster, F|100/100
|switch|p2a: Galvantula|Galvantula, F|100/100
|turn|1
|
|t:|1779881952
|-terastallize|p1a: Cloyster|Grass
|move|p2a: Galvantula|Thunder Wave|p1a: Cloyster
|-status|p1a: Cloyster|par
|move|p1a: Cloyster|Shell Smash|p1a: Cloyster
|-unboost|p1a: Cloyster|def|1
|-unboost|p1a: Cloyster|spd|1
|-boost|p1a: Cloyster|atk|2
|-boost|p1a: Cloyster|spa|2
|-boost|p1a: Cloyster|spe|2
|-enditem|p1a: Cloyster|White Herb
|-clearnegativeboost|p1a: Cloyster|[silent]
|
|upkeep
|turn|2
|
|t:|1779881974
|move|p2a: Galvantula|Bug Buzz|p1a: Cloyster
|-supereffective|p1a: Cloyster
|-damage|p1a: Cloyster|0 fnt
|faint|p1a: Cloyster
|
|upkeep
|
|t:|1779881983
|switch|p1a: Ursaluna|Ursaluna, M|100/100
|turn|3
|
|t:|1779881996
|move|p2a: Galvantula|Bug Buzz|p1a: Ursaluna
|-damage|p1a: Ursaluna|66/100
|-unboost|p1a: Ursaluna|spd|1
|move|p1a: Ursaluna|Facade|p2a: Galvantula
|-damage|p2a: Galvantula|18/100
|
|-status|p1a: Ursaluna|brn|[from] item: Flame Orb
|upkeep
|turn|4
|j| Iexisttosuffer
|
|t:|1779882011
|move|p2a: Galvantula|Bug Buzz|p1a: Ursaluna
|-damage|p1a: Ursaluna|19/100 brn
|move|p1a: Ursaluna|Facade|p2a: Galvantula
|-damage|p2a: Galvantula|0 fnt
|faint|p2a: Galvantula
|
|-damage|p1a: Ursaluna|13/100 brn|[from] brn
|upkeep
|
|t:|1779882022
|switch|p2a: Slowbro|Slowbro-Galar, F|100/100
|turn|5
|-activate|p2a: Slowbro|ability: Quick Draw
|
|t:|1779882031
|move|p2a: Slowbro|Surf|p1a: Ursaluna
|-supereffective|p1a: Ursaluna
|-damage|p1a: Ursaluna|0 fnt
|faint|p1a: Ursaluna
|
|upkeep
|
|t:|1779882039
|switch|p1a: Flapple|Flapple, M|100/100
|turn|6
|
|t:|1779882044
|move|p1a: Flapple|Sucker Punch|p2a: Slowbro
|-supereffective|p2a: Slowbro
|-damage|p2a: Slowbro|23/100
|-damage|p1a: Flapple|91/100|[from] item: Life Orb
|move|p2a: Slowbro|Sludge Wave|p1a: Flapple
|-supereffective|p1a: Flapple
|-damage|p1a: Flapple|0 fnt
|faint|p1a: Flapple
|
|win|emdimd
|n|☆v1c7oryy|v1c7oryy
|n|☆emdimd|emdimd
|n|*Lady Monita |ladymonita
|n| Iexisttosuffer|iexisttosuffer
