|j|☆brock4real
|j|☆fregene97
|t:|1779916538
|gametype|singles
|player|p1|brock4real|brock|1395
|player|p2|fregene97|169|1396
|gen|9
|tier|[Gen 9] OU
|rated|
|rule|HP Percentage Mod: HP is shown in percentages
|rule|Endless Battle Clause: Forcing endless battles is banned
|rule|Species Clause: Limit one of each Pokémon
|rule|OHKO Clause: OHKO moves are banned
|rule|Evasion Items Clause: Evasion items are banned
|rule|Evasion Moves Clause: Evasion moves are banned
|rule|Evasion Abilities Clause: Evasion abilities are banned
|rule|Sleep Moves Clause: Sleep-inducing moves are banned
|clearpoke
|poke|p1|Garganacl, M|
|poke|p1|Glimmora, M|
|poke|p1|Tyranitar, M|
|poke|p1|Ogerpon-Cornerstone, F|
|poke|p1|Iron Boulder|
|poke|p1|Kleavor, F|
|poke|p2|Ceruledge, M|
|poke|p2|Porygon-Z|
|poke|p2|Raging Bolt|
|poke|p2|Excadrill, F|
|poke|p2|Dragonite, M|
|poke|p2|Polteageist|
|teampreview
|
|t:|1779916546
|teamsize|p1|6
|teamsize|p2|6
|start
|switch|p1a: Glimmora|Glimmora, M|100/100
|switch|p2a: Polteageist|Polteageist|100/100
|turn|1
|
|t:|1779916554
|move|p1a: Glimmora|Stealth Rock|p2a: Polteageist
|-sidestart|p2: fregene97|move: Stealth Rock
|move|p2a: Polteageist|Shell Smash|p2a: Polteageist
|-unboost|p2a: Polteageist|def|1
|-unboost|p2a: Polteageist|spd|1
|-boost|p2a: Polteageist|atk|2
|-boost|p2a: Polteageist|spa|2
|-boost|p2a: Polteageist|spe|2
|
|upkeep
|turn|2
|
|t:|1779916586
|move|p2a: Polteageist|Stored Power|p1a: Glimmora
|-supereffective|p1a: Glimmora
|-crit|p1a: Glimmora
|-enditem|p1a: Glimmora|Focus Sash
|-damage|p1a: Glimmora|1/100
|move|p1a: Glimmora|Power Gem|p2a: Polteageist
|-damage|p2a: Polteageist|22/100
|
|upkeep
|turn|3
|inactive|Battle timer is ON: inactive players will automatically lose when time's up. (requested by fregene97)
|
|t:|1779916592
|switch|p1a: Tyranitar|Tyranitar, M|100/100
|-weather|Sandstorm|[from] ability: Sand Stream|[of] p1a: Tyranitar
|move|p2a: Polteageist|Stored Power|p1a: Tyranitar
|-immune|p1a: Tyranitar
|
|-weather|Sandstorm|[upkeep]
|-damage|p2a: Polteageist|16/100|[from] Sandstorm
|upkeep
|turn|4
|
|t:|1779916619
|switch|p1a: Glimmora|Glimmora, M|1/100
|move|p2a: Polteageist|Giga Drain|p1a: Glimmora
|-damage|p1a: Glimmora|0 fnt
|-heal|p2a: Polteageist|16/100|[from] drain|[of] p1a: Glimmora
|faint|p1a: Glimmora
|
|-weather|Sandstorm|[upkeep]
|-damage|p2a: Polteageist|10/100|[from] Sandstorm
|upkeep
|
|t:|1779916636
|switch|p1a: Ogerpon|Ogerpon-Cornerstone, F|100/100
|turn|5
|
|t:|1779916646
|move|p2a: Polteageist|Stored Power|p1a: Ogerpon
|-damage|p1a: Ogerpon|20/100
|move|p1a: Ogerpon|Ivy Cudgel|p2a: Polteageist|[anim] Ivy Cudgel Rock
|-damage|p2a: Polteageist|0 fnt
|faint|p2a: Polteageist
|
|-weather|Sandstorm|[upkeep]
|upkeep
|
|t:|1779916650
|switch|p2a: Excadrill|Excadrill, F|100/100
|-damage|p2a: Excadrill|97/100|[from] Stealth Rock
|-ability|p2a: Excadrill|Mold Breaker
|-item|p2a: Excadrill|Air Balloon
|turn|6
|
|t:|1779916662
|-terastallize|p2a: Excadrill|Ghost
|move|p1a: Ogerpon|Horn Leech|p2a: Excadrill
|-damage|p2a: Excadrill|33/100
|-heal|p1a: Ogerpon|58/100|[from] drain|[of] p2a: Excadrill
|-enditem|p2a: Excadrill|Air Balloon
|move|p2a: Excadrill|Rapid Spin|p1a: Ogerpon
|-resisted|p1a: Ogerpon
|-damage|p1a: Ogerpon|46/100
|-boost|p2a: Excadrill|spe|1
|-sideend|p2: fregene97|Stealth Rock|[from] move: Rapid Spin|[of] p2a: Excadrill
|
|-weather|Sandstorm|[upkeep]
|-damage|p2a: Excadrill|27/100|[from] Sandstorm
|upkeep
|turn|7
|
|t:|1779916678
|move|p2a: Excadrill|Earthquake|p1a: Ogerpon
|-damage|p1a: Ogerpon|0 fnt
|faint|p1a: Ogerpon
|
|-weather|Sandstorm|[upkeep]
|-damage|p2a: Excadrill|21/100|[from] Sandstorm
|upkeep
|
|t:|1779916680
|switch|p1a: Garganacl|Garganacl, M|100/100
|turn|8
|
|t:|1779916683
|-terastallize|p1a: Garganacl|Ghost
|move|p2a: Excadrill|Earthquake|p1a: Garganacl
|-damage|p1a: Garganacl|67/100
|move|p1a: Garganacl|Iron Defense|p1a: Garganacl
|-boost|p1a: Garganacl|def|2
|
|-weather|Sandstorm|[upkeep]
|-damage|p2a: Excadrill|15/100|[from] Sandstorm
|-damage|p1a: Garganacl|61/100|[from] Sandstorm
|-heal|p1a: Garganacl|67/100|[from] item: Leftovers
|upkeep
|turn|9
|
|t:|1779916687
|move|p2a: Excadrill|Rock Slide|p1a: Garganacl
|-damage|p1a: Garganacl|57/100
|cant|p1a: Garganacl|flinch
|
|-weather|Sandstorm|[upkeep]
|-damage|p2a: Excadrill|9/100|[from] Sandstorm
|-damage|p1a: Garganacl|51/100|[from] Sandstorm
|-heal|p1a: Garganacl|57/100|[from] item: Leftovers
|upkeep
|turn|10
|
|t:|1779916692
|move|p2a: Excadrill|Rock Slide|p1a: Garganacl
|-damage|p1a: Garganacl|48/100
|move|p1a: Garganacl|Recover|p1a: Garganacl
|-heal|p1a: Garganacl|98/100
|
|-weather|none
|-heal|p1a: Garganacl|100/100|[from] item: Leftovers
|upkeep
|turn|11
|
|t:|1779916703
|switch|p2a: Ceruledge|Ceruledge, M|100/100
|move|p1a: Garganacl|Iron Defense|p1a: Garganacl
|-boost|p1a: Garganacl|def|2
|
|upkeep
|turn|12
|
|t:|1779916706
|move|p2a: Ceruledge|Swords Dance|p2a: Ceruledge
|-boost|p2a: Ceruledge|atk|2
|move|p1a: Garganacl|Salt Cure|p2a: Ceruledge
|-supereffective|p2a: Ceruledge
|-damage|p2a: Ceruledge|59/100
|-start|p2a: Ceruledge|Salt Cure
|-ability|p2a: Ceruledge|Weak Armor|boost
|-unboost|p2a: Ceruledge|def|1
|-boost|p2a: Ceruledge|spe|2
|
|-damage|p2a: Ceruledge|47/100|[from] Salt Cure
|upkeep
|turn|13
|
|t:|1779916725
|move|p2a: Ceruledge|Poltergeist|p1a: Garganacl
|-activate|p1a: Garganacl|move: Poltergeist|Leftovers
|-supereffective|p1a: Garganacl
|-damage|p1a: Garganacl|70/100
|-damage|p2a: Ceruledge|37/100|[from] item: Life Orb
|move|p1a: Garganacl|Iron Defense|p1a: Garganacl
|-boost|p1a: Garganacl|def|2
|
|-heal|p1a: Garganacl|76/100|[from] item: Leftovers
|-damage|p2a: Ceruledge|25/100|[from] Salt Cure
|upkeep
|turn|14
|
|t:|1779916730
|move|p2a: Ceruledge|Poltergeist|p1a: Garganacl|[miss]
|-miss|p2a: Ceruledge|p1a: Garganacl
|move|p1a: Garganacl|Recover|p1a: Garganacl
|-heal|p1a: Garganacl|100/100
|
|-damage|p2a: Ceruledge|12/100|[from] Salt Cure
|upkeep
|turn|15
|
|t:|1779916735
|move|p2a: Ceruledge|Poltergeist|p1a: Garganacl
|-activate|p1a: Garganacl|move: Poltergeist|Leftovers
|-supereffective|p1a: Garganacl
|-crit|p1a: Garganacl
|-damage|p1a: Garganacl|0 fnt
|faint|p1a: Garganacl
|-damage|p2a: Ceruledge|2/100|[from] item: Life Orb
|
|-damage|p2a: Ceruledge|0 fnt|[from] Salt Cure
|faint|p2a: Ceruledge
|upkeep
|
|t:|1779916742
|switch|p2a: Porygon-Z|Porygon-Z|100/100
|switch|p1a: Kleavor|Kleavor, F|100/100
|-ability|p2a: Porygon-Z|Download|boost
|-boost|p2a: Porygon-Z|spa|1
|turn|16
|
|t:|1779916746
|move|p1a: Kleavor|Stone Axe|p2a: Porygon-Z
|-damage|p2a: Porygon-Z|19/100
|-sidestart|p2: fregene97|move: Stealth Rock
|move|p2a: Porygon-Z|Tri Attack|p1a: Kleavor
|-resisted|p1a: Kleavor
|-damage|p1a: Kleavor|47/100
|
|upkeep
|turn|17
|
|t:|1779916757
|move|p1a: Kleavor|Stone Axe|p2a: Porygon-Z
|-damage|p2a: Porygon-Z|0 fnt
|faint|p2a: Porygon-Z
|
|upkeep
|
|t:|1779916763
|switch|p2a: Excadrill|Excadrill, F, tera:Ghost|9/100
|-damage|p2a: Excadrill|0 fnt|[from] Stealth Rock
|faint|p2a: Excadrill
|
|t:|1779916765
|switch|p2a: Dragonite|Dragonite, M|100/100
|turn|18
|
|t:|1779916767
|move|p1a: Kleavor|Stone Axe|p2a: Dragonite
|-supereffective|p2a: Dragonite
|-damage|p2a: Dragonite|39/100
|move|p2a: Dragonite|Dragon Dance|p2a: Dragonite
|-boost|p2a: Dragonite|atk|1
|-boost|p2a: Dragonite|spe|1
|
|upkeep
|turn|19
|
|t:|1779916772
|move|p1a: Kleavor|Stone Axe|p2a: Dragonite
|-supereffective|p2a: Dragonite
|-damage|p2a: Dragonite|0 fnt
|faint|p2a: Dragonite
|
|upkeep
|
|t:|1779916774
|switch|p2a: Raging Bolt|Raging Bolt|100/100
|-damage|p2a: Raging Bolt|88/100|[from] Stealth Rock
|-enditem|p2a: Raging Bolt|Booster Energy
|-activate|p2a: Raging Bolt|ability: Protosynthesis|[fromitem]
|-start|p2a: Raging Bolt|protosynthesisspa
|turn|20
|
|t:|1779916780
|switch|p1a: Tyranitar|Tyranitar, M|100/100
|-weather|Sandstorm|[from] ability: Sand Stream|[of] p1a: Tyranitar
|move|p2a: Raging Bolt|Thunderclap||[still]
|-fail|p2a: Raging Bolt
|
|-weather|Sandstorm|[upkeep]
|-damage|p2a: Raging Bolt|82/100|[from] Sandstorm
|upkeep
|turn|21
|
|t:|1779916796
|move|p2a: Raging Bolt|Thunderbolt|p1a: Tyranitar
|-damage|p1a: Tyranitar|70/100
|move|p1a: Tyranitar|Avalanche|p2a: Raging Bolt
|-supereffective|p2a: Raging Bolt
|-damage|p2a: Raging Bolt|15/100
|
|-weather|Sandstorm|[upkeep]
|-damage|p2a: Raging Bolt|9/100|[from] Sandstorm
|upkeep
|turn|22
|
|t:|1779916800
|move|p2a: Raging Bolt|Dragon Pulse|p1a: Tyranitar
|-damage|p1a: Tyranitar|44/100
|move|p1a: Tyranitar|Knock Off|p2a: Raging Bolt
|-damage|p2a: Raging Bolt|0 fnt
|faint|p2a: Raging Bolt
|-end|p2a: Raging Bolt|Protosynthesis|[silent]
|
|win|brock4real
|raw|brock4real's rating: 1395 &rarr; <strong>1414</strong><br />(+19 for winning)
|raw|fregene97's rating: 1375 &rarr; <strong>1356</strong><br />(-19 for losing)
|l|☆fregene97
|player|p2|
|l|☆brock4real
|player|p1|
