|j|☆Mortifi
|j|☆Pikamon333
|t:|1779956060
|gametype|singles
|player|p1|Mortifi|pokemaniac|1674
|player|p2|Pikamon333|169|1715
|gen|9
|tier|[Gen 9] OU
|rated|
|rule|HP Percentage Mod: HP is shown in percentages
|rule|Endless Battle Clause: Forcing endless battles is banned
|rule|Species Clause: Limit one of each Pokémon
|rule|OHKO Clause: OHKO moves are banned
|rule|Evasion Items Clause: Evasion items are banned
|rule|Evasion Moves Clause: Evasion moves are banned
|rule|Evasion Abilities Clause: Evasion abilities are banned
|rule|Sleep Moves Clause: Sleep-inducing moves are banned
|clearpoke
|poke|p1|Zapdos-Galar|
|poke|p1|Slowking-Galar, M|
|poke|p1|Alomomola, F|
|poke|p1|Great Tusk|
|poke|p1|Weavile, M|
|poke|p1|Skarmory, F|
|poke|p2|Zapdos|
|poke|p2|Zamazenta-*|
|poke|p2|Iron Moth|
|poke|p2|Kyurem|
|poke|p2|Dragonite, M|
|poke|p2|Great Tusk|
|teampreview
|
|t:|1779956077
|teamsize|p1|6
|teamsize|p2|6
|start
|switch|p1a: Slowking|Slowking-Galar, M|100/100
|switch|p2a: Kyurem|Kyurem|100/100
|-ability|p2a: Kyurem|Pressure
|turn|1
|
|t:|1779956086
|move|p2a: Kyurem|Earth Power|p1a: Slowking
|-supereffective|p1a: Slowking
|-damage|p1a: Slowking|62/100
|move|p1a: Slowking|Sludge Bomb|p2a: Kyurem
|-damage|p2a: Kyurem|79/100
|
|upkeep
|turn|2
|
|t:|1779956094
|move|p2a: Kyurem|Earth Power|p1a: Slowking
|-supereffective|p1a: Slowking
|-damage|p1a: Slowking|27/100
|move|p1a: Slowking|Sludge Bomb|p2a: Kyurem
|-damage|p2a: Kyurem|56/100
|
|upkeep
|turn|3
|
|t:|1779956101
|switch|p1a: Skarmory|Skarmory, F|100/100
|move|p2a: Kyurem|Ice Beam|p1a: Skarmory
|-damage|p1a: Skarmory|39/100
|
|upkeep
|turn|4
|
|t:|1779956108
|switch|p1a: Alomomola|Alomomola, F|100/100
|move|p2a: Kyurem|Ice Beam|p1a: Alomomola
|-resisted|p1a: Alomomola
|-damage|p1a: Alomomola|81/100
|
|upkeep
|turn|5
|
|t:|1779956116
|move|p2a: Kyurem|Freeze-Dry|p1a: Alomomola
|-supereffective|p1a: Alomomola
|-damage|p1a: Alomomola|12/100
|move|p1a: Alomomola|Flip Turn|p2a: Kyurem
|-resisted|p2a: Kyurem
|-damage|p2a: Kyurem|48/100
|
|t:|1779956122
|switch|p1a: Zapdos|Zapdos-Galar|100/100|[from] Flip Turn
|
|upkeep
|turn|6
|
|t:|1779956126
|move|p1a: Zapdos|Thunderous Kick|p2a: Kyurem
|-supereffective|p2a: Kyurem
|-damage|p2a: Kyurem|0 fnt
|faint|p2a: Kyurem
|
|upkeep
|
|t:|1779956135
|switch|p2a: Zapdos|Zapdos|100/100
|turn|7
|
|t:|1779956139
|switch|p1a: Slowking|Slowking-Galar, M|60/100
|move|p2a: Zapdos|Hurricane|p1a: Slowking
|-damage|p1a: Slowking|26/100
|-start|p1a: Slowking|confusion
|
|upkeep
|turn|8
|
|t:|1779956153
|switch|p1a: Alomomola|Alomomola, F|46/100
|move|p2a: Zapdos|Hurricane|p1a: Alomomola|[miss]
|-miss|p2a: Zapdos|p1a: Alomomola
|
|upkeep
|turn|9
|j| UnfDoesntBegin
|
|t:|1779956162
|switch|p1a: Slowking|Slowking-Galar, M|59/100
|move|p2a: Zapdos|Hurricane|p1a: Slowking|[miss]
|-miss|p2a: Zapdos|p1a: Slowking
|
|upkeep
|turn|10
|
|t:|1779956172
|switch|p2a: Great Tusk|Great Tusk|100/100
|-enditem|p2a: Great Tusk|Booster Energy
|-activate|p2a: Great Tusk|ability: Protosynthesis|[fromitem]
|-start|p2a: Great Tusk|protosynthesisatk
|-prepare|p1a: Slowking|Chilly Reception|[premajor]
|move|p1a: Slowking|Chilly Reception|p1a: Slowking
|-weather|Snowscape
|
|t:|1779956181
|switch|p1a: Alomomola|Alomomola, F|79/100|[from] Chilly Reception
|
|-weather|Snowscape|[upkeep]
|upkeep
|turn|11
|
|t:|1779956187
|move|p2a: Great Tusk|Stealth Rock|p1a: Alomomola
|-sidestart|p1: Mortifi|move: Stealth Rock
|move|p1a: Alomomola|Flip Turn|p2a: Great Tusk
|-supereffective|p2a: Great Tusk
|-damage|p2a: Great Tusk|75/100
|
|t:|1779956198
|switch|p1a: Zapdos|Zapdos-Galar|100/100|[from] Flip Turn
|-damage|p1a: Zapdos|88/100|[from] Stealth Rock
|
|-weather|Snowscape|[upkeep]
|upkeep
|turn|12
|
|t:|1779956204
|move|p1a: Zapdos|Brave Bird|p2a: Great Tusk
|-supereffective|p2a: Great Tusk
|-damage|p2a: Great Tusk|0 fnt
|faint|p2a: Great Tusk
|-end|p2a: Great Tusk|Protosynthesis|[silent]
|-damage|p1a: Zapdos|60/100|[from] Recoil
|
|-weather|Snowscape|[upkeep]
|upkeep
|
|t:|1779956208
|switch|p2a: Zapdos|Zapdos|100/100
|turn|13
|
|t:|1779956214
|switch|p1a: Slowking|Slowking-Galar, M|92/100
|move|p2a: Zapdos|Hurricane|p1a: Slowking
|-damage|p1a: Slowking|56/100
|-start|p1a: Slowking|confusion
|
|-weather|Snowscape|[upkeep]
|upkeep
|turn|14
|
|t:|1779956221
|switch|p2a: Iron Moth|Iron Moth|100/100
|-enditem|p2a: Iron Moth|Booster Energy
|-activate|p2a: Iron Moth|ability: Quark Drive|[fromitem]
|-start|p2a: Iron Moth|quarkdrivespe
|-prepare|p1a: Slowking|Chilly Reception|[premajor]
|-activate|p1a: Slowking|confusion
|move|p1a: Slowking|Chilly Reception|p1a: Slowking
|
|t:|1779956231
|switch|p1a: Alomomola|Alomomola, F|100/100|[from] Chilly Reception
|-damage|p1a: Alomomola|88/100|[from] Stealth Rock
|
|-weather|none
|upkeep
|turn|15
|
|t:|1779956239
|-terastallize|p2a: Iron Moth|Fairy
|move|p2a: Iron Moth|Sludge Wave|p1a: Alomomola
|-crit|p1a: Alomomola
|-damage|p1a: Alomomola|20/100
|move|p1a: Alomomola|Flip Turn|p2a: Iron Moth
|-damage|p2a: Iron Moth|77/100
|
|t:|1779956249
|switch|p1a: Slowking|Slowking-Galar, M|89/100|[from] Flip Turn
|
|upkeep
|turn|16
|
|t:|1779956258
|-end|p2a: Iron Moth|Quark Drive|[silent]
|switch|p2a: Dragonite|Dragonite, M|100/100
|move|p1a: Slowking|Sludge Bomb|p2a: Dragonite
|-damage|p2a: Dragonite|83/100
|
|upkeep
|turn|17
|inactive|Battle timer is ON: inactive players will automatically lose when time's up. (requested by Mortifi)
|
|t:|1779956266
|switch|p1a: Great Tusk|Great Tusk|100/100
|move|p2a: Dragonite|Dragon Dance|p2a: Dragonite
|-boost|p2a: Dragonite|atk|1
|-boost|p2a: Dragonite|spe|1
|
|upkeep
|turn|18
|
|t:|1779956274
|move|p2a: Dragonite|Outrage|p1a: Great Tusk
|-damage|p1a: Great Tusk|28/100
|move|p1a: Great Tusk|Ice Spinner|p2a: Dragonite
|-supereffective|p2a: Dragonite
|-damage|p2a: Dragonite|0 fnt
|faint|p2a: Dragonite
|
|upkeep
|
|t:|1779956283
|switch|p2a: Iron Moth|Iron Moth, tera:Fairy|77/100
|turn|19
|
|t:|1779956287
|-end|p1a: Great Tusk|Protosynthesis|[silent]
|switch|p1a: Slowking|Slowking-Galar, M|100/100
|move|p2a: Iron Moth|Fiery Dance|p1a: Slowking
|-crit|p1a: Slowking
|-damage|p1a: Slowking|64/100
|
|upkeep
|turn|20
|
|t:|1779956295
|-end|p2a: Iron Moth|Quark Drive|[silent]
|switch|p2a: Zapdos|Zapdos|100/100
|move|p1a: Slowking|Sludge Bomb|p2a: Zapdos
|-damage|p2a: Zapdos|63/100
|-status|p2a: Zapdos|psn
|
|-damage|p2a: Zapdos|50/100 psn|[from] psn
|upkeep
|turn|21
|
|t:|1779956303
|move|p2a: Zapdos|U-turn|p1a: Slowking
|-damage|p1a: Slowking|51/100
|
|t:|1779956306
|switch|p2a: Iron Moth|Iron Moth, tera:Fairy|77/100|[from] U-turn
|move|p1a: Slowking|Sludge Bomb|p2a: Iron Moth
|-supereffective|p2a: Iron Moth
|-damage|p2a: Iron Moth|1/100
|-status|p2a: Iron Moth|psn
|
|-damage|p2a: Iron Moth|0 fnt|[from] psn
|faint|p2a: Iron Moth
|-end|p2a: Iron Moth|Quark Drive|[silent]
|upkeep
|
|t:|1779956308
|switch|p2a: Zamazenta|Zamazenta|100/100
|-ability|p2a: Zamazenta|Dauntless Shield|boost
|-boost|p2a: Zamazenta|def|1
|turn|22
|
|t:|1779956318
|move|p2a: Zamazenta|Crunch|p1a: Slowking
|-supereffective|p1a: Slowking
|-damage|p1a: Slowking|9/100
|move|p1a: Slowking|Future Sight|p2a: Zamazenta
|-start|p1a: Slowking|move: Future Sight
|
|upkeep
|turn|23
|l| UnfDoesntBegin
|
|t:|1779956327
|switch|p1a: Alomomola|Alomomola, F|54/100
|-damage|p1a: Alomomola|41/100|[from] Stealth Rock
|move|p2a: Zamazenta|Body Press|p1a: Alomomola
|-damage|p1a: Alomomola|7/100
|
|upkeep
|turn|24
|
|t:|1779956336
|switch|p1a: Great Tusk|Great Tusk|28/100
|move|p2a: Zamazenta|Crunch|p1a: Great Tusk
|-resisted|p1a: Great Tusk
|-damage|p1a: Great Tusk|20/100
|
|-end|p2a: Zamazenta|move: Future Sight
|-supereffective|p2a: Zamazenta
|-damage|p2a: Zamazenta|10/100
|-heal|p2a: Zamazenta|16/100|[from] item: Leftovers
|upkeep
|turn|25
|
|t:|1779956346
|move|p2a: Zamazenta|Body Press|p1a: Great Tusk
|-damage|p1a: Great Tusk|0 fnt
|faint|p1a: Great Tusk
|-end|p1a: Great Tusk|Protosynthesis|[silent]
|
|-heal|p2a: Zamazenta|23/100|[from] item: Leftovers
|upkeep
|
|t:|1779956352
|switch|p1a: Alomomola|Alomomola, F|41/100
|-damage|p1a: Alomomola|28/100|[from] Stealth Rock
|turn|26
|
|t:|1779956364
|-terastallize|p1a: Alomomola|Fairy
|move|p2a: Zamazenta|Body Press|p1a: Alomomola
|-resisted|p1a: Alomomola
|-damage|p1a: Alomomola|11/100
|move|p1a: Alomomola|Acrobatics|p2a: Zamazenta
|-supereffective|p2a: Zamazenta
|-damage|p2a: Zamazenta|2/100
|
|-heal|p2a: Zamazenta|8/100|[from] item: Leftovers
|upkeep
|turn|27
|
|t:|1779956374
|switch|p1a: Skarmory|Skarmory, F|39/100
|-damage|p1a: Skarmory|27/100|[from] Stealth Rock
|move|p2a: Zamazenta|Heavy Slam|p1a: Skarmory
|-resisted|p1a: Skarmory
|-damage|p1a: Skarmory|19/100
|-damage|p2a: Zamazenta|0 fnt|[from] item: Rocky Helmet|[of] p1a: Skarmory
|faint|p2a: Zamazenta
|
|upkeep
|
|t:|1779956376
|switch|p2a: Zapdos|Zapdos|50/100 psn
|turn|28
|
|t:|1779956385
|move|p2a: Zapdos|Thunderbolt|p1a: Skarmory
|-supereffective|p1a: Skarmory
|-damage|p1a: Skarmory|0 fnt
|faint|p1a: Skarmory
|
|-damage|p2a: Zapdos|38/100 psn|[from] psn
|upkeep
|
|t:|1779956390
|switch|p1a: Weavile|Weavile, M|100/100
|-damage|p1a: Weavile|76/100|[from] Stealth Rock
|-ability|p1a: Weavile|Pressure
|turn|29
|
|t:|1779956396
|move|p1a: Weavile|Ice Shard|p2a: Zapdos
|-supereffective|p2a: Zapdos
|-damage|p2a: Zapdos|0 fnt
|faint|p2a: Zapdos
|
|win|Mortifi
|raw|Mortifi's rating: 1674 &rarr; <strong>1696</strong><br />(+22 for winning)
|raw|Pikamon333's rating: 1715 &rarr; <strong>1693</strong><br />(-22 for losing)
|l|☆Mortifi
|player|p1|
|l|☆Pikamon333
|player|p2|
