|j|☆duli2010
|j|☆I am a guineapig
|t:|1779892308
|gametype|singles
|player|p1|duli2010|bugcatcher-gen4dp|1393
|player|p2|I am a guineapig|fisherman-gen4|1413
|gen|9
|tier|[Gen 9] OU
|rated|
|rule|HP Percentage Mod: HP is shown in percentages
|rule|Endless Battle Clause: Forcing endless battles is banned
|rule|Species Clause: Limit one of each Pokémon
|rule|OHKO Clause: OHKO moves are banned
|rule|Evasion Items Clause: Evasion items are banned
|rule|Evasion Moves Clause: Evasion moves are banned
|rule|Evasion Abilities Clause: Evasion abilities are banned
|rule|Sleep Moves Clause: Sleep-inducing moves are banned
|clearpoke
|poke|p1|Muk-Alola, M|
|poke|p1|Goodra, F|
|poke|p1|Hydrapple, M|
|poke|p1|Sylveon, M|
|poke|p1|Weezing-Galar, F|
|poke|p1|Iron Hands|
|poke|p2|Indeedee, M|
|poke|p2|Hatterene, F|
|poke|p2|Ursaluna, F|
|poke|p2|Iron Hands|
|poke|p2|Hoopa-Unbound|
|poke|p2|Mimikyu, F|
|teampreview
|inactive|Battle timer is ON: inactive players will automatically lose when time's up. (requested by I am a guineapig)
|
|t:|1779892324
|teamsize|p1|6
|teamsize|p2|6
|start
|switch|p1a: Muk|Muk-Alola, M|100/100
|switch|p2a: Subaru|Indeedee, M|100/100
|-fieldstart|move: Psychic Terrain|[from] ability: Psychic Surge|[of] p2a: Subaru
|turn|1
|
|t:|1779892338
|switch|p2a: LEBRON|Iron Hands|100/100
|-enditem|p2a: LEBRON|Booster Energy
|-activate|p2a: LEBRON|ability: Quark Drive|[fromitem]
|-start|p2a: LEBRON|quarkdriveatk
|move|p1a: Muk|Knock Off|p2a: LEBRON
|-resisted|p2a: LEBRON
|-damage|p2a: LEBRON|90/100
|-status|p2a: LEBRON|psn|[from] ability: Poison Touch|[of] p1a: Muk
|
|-damage|p2a: LEBRON|78/100 psn|[from] psn
|upkeep
|turn|2
|
|t:|1779892358
|switch|p1a: Weezing|Weezing-Galar, F|100/100
|move|p2a: LEBRON|Supercell Slam|p1a: Weezing
|-damage|p1a: Weezing|45/100
|
|-heal|p1a: Weezing|51/100|[from] item: Black Sludge
|-damage|p2a: LEBRON|65/100 psn|[from] psn
|upkeep
|turn|3
|
|t:|1779892368
|switch|p1a: Iron Hands|Iron Hands|100/100
|move|p2a: LEBRON|Heavy Slam|p1a: Iron Hands
|-resisted|p1a: Iron Hands
|-damage|p1a: Iron Hands|94/100
|
|-damage|p2a: LEBRON|53/100 psn|[from] psn
|upkeep
|turn|4
|
|t:|1779892377
|move|p1a: Iron Hands|Earthquake|p2a: LEBRON
|-supereffective|p2a: LEBRON
|-damage|p2a: LEBRON|0 fnt
|faint|p2a: LEBRON
|-end|p2a: LEBRON|Quark Drive|[silent]
|-damage|p1a: Iron Hands|84/100|[from] item: Life Orb
|
|upkeep
|
|t:|1779892385
|switch|p2a: Satella|Hatterene, F|100/100
|turn|5
|
|t:|1779892394
|-end|p1a: Iron Hands|Quark Drive|[silent]
|switch|p1a: Muk|Muk-Alola, M|100/100
|move|p2a: Satella|Trick Room|p2a: Satella
|-fieldstart|move: Trick Room|[of] p2a: Satella
|
|upkeep
|turn|6
|
|t:|1779892414
|move|p2a: Satella|Draining Kiss|p1a: Muk
|-damage|p1a: Muk|79/100
|-damage|p2a: Satella|91/100|[from] item: Life Orb
|move|p1a: Muk|Knock Off|p2a: Satella
|-damage|p2a: Satella|40/100
|-enditem|p2a: Satella|Life Orb|[from] move: Knock Off|[of] p1a: Muk
|
|upkeep
|turn|7
|
|t:|1779892421
|switch|p2a: 5 Nights in TR|Ursaluna, F|100/100
|move|p1a: Muk|Knock Off|p2a: 5 Nights in TR
|-damage|p2a: 5 Nights in TR|66/100
|-enditem|p2a: 5 Nights in TR|Flame Orb|[from] move: Knock Off|[of] p1a: Muk
|
|upkeep
|turn|8
|
|t:|1779892433
|switch|p1a: Hydrapple|Hydrapple, M, shiny|100/100
|move|p2a: 5 Nights in TR|Headlong Rush|p1a: Hydrapple
|-resisted|p1a: Hydrapple
|-damage|p1a: Hydrapple|75/100
|-unboost|p2a: 5 Nights in TR|def|1
|-unboost|p2a: 5 Nights in TR|spd|1
|
|-heal|p1a: Hydrapple|81/100|[from] item: Leftovers
|-fieldend|move: Psychic Terrain
|upkeep
|turn|9
|
|t:|1779892448
|switch|p2a: Satella|Hatterene, F|40/100
|-terastallize|p1a: Hydrapple|Grass
|move|p1a: Hydrapple|Giga Drain|p2a: Satella
|-damage|p2a: Satella|0 fnt
|-heal|p1a: Hydrapple|97/100|[from] drain|[of] p2a: Satella
|faint|p2a: Satella
|
|-heal|p1a: Hydrapple|100/100|[from] item: Leftovers
|-fieldend|move: Trick Room
|upkeep
|
|t:|1779892450
|switch|p2a: Subaru|Indeedee, M|100/100
|-fieldstart|move: Psychic Terrain|[from] ability: Psychic Surge|[of] p2a: Subaru
|turn|10
|
|t:|1779892461
|switch|p1a: Muk|Muk-Alola, M|79/100
|move|p2a: Subaru|Expanding Force|p1a: Muk
|-immune|p1a: Muk
|
|upkeep
|turn|11
|-message|I am a guineapig forfeited.
|
|win|duli2010
|raw|duli2010's rating: 1393 &rarr; <strong>1414</strong><br />(+21 for winning)
|raw|I am a guineapig's rating: 1413 &rarr; <strong>1392</strong><br />(-21 for losing)
|l|☆I am a guineapig
|player|p2|
|l|☆duli2010
|player|p1|
