|j|☆Haddyshowdwn
|j|☆intekko
|t:|1779809166
|gametype|singles
|player|p1|Haddyshowdwn|265|1194
|player|p2|intekko|veteran|1226
|gen|9
|tier|[Gen 9] OU
|rated|
|rule|HP Percentage Mod: HP is shown in percentages
|rule|Endless Battle Clause: Forcing endless battles is banned
|rule|Species Clause: Limit one of each Pokémon
|rule|OHKO Clause: OHKO moves are banned
|rule|Evasion Items Clause: Evasion items are banned
|rule|Evasion Moves Clause: Evasion moves are banned
|rule|Evasion Abilities Clause: Evasion abilities are banned
|rule|Sleep Moves Clause: Sleep-inducing moves are banned
|clearpoke
|poke|p1|Raikou|
|poke|p1|Drednaw, M|
|poke|p1|Hitmontop, M|
|poke|p1|Zangoose, M|
|poke|p1|Infernape, M|
|poke|p1|Ninetales-Alola, F|
|poke|p2|Torkoal, M|
|poke|p2|Walking Wake|
|poke|p2|Great Tusk|
|poke|p2|Ceruledge, M|
|poke|p2|Iron Moth|
|poke|p2|Raging Bolt|
|teampreview
|
|t:|1779809180
|teamsize|p1|6
|teamsize|p2|6
|start
|switch|p1a: Raikou|Raikou, shiny|100/100
|switch|p2a: Torkoal|Torkoal, M|100/100
|-weather|SunnyDay|[from] ability: Drought|[of] p2a: Torkoal
|turn|1
|
|t:|1779809190
|move|p1a: Raikou|Rain Dance|p1a: Raikou
|-weather|RainDance
|move|p2a: Torkoal|Stealth Rock|p1a: Raikou
|-sidestart|p1: Haddyshowdwn|move: Stealth Rock
|
|-weather|RainDance|[upkeep]
|upkeep
|turn|2
|
|t:|1779809217
|switch|p2a: Raging Bolt|Raging Bolt|100/100
|-item|p2a: Raging Bolt|Air Balloon
|move|p1a: Raikou|Scald|p2a: Raging Bolt
|-resisted|p2a: Raging Bolt
|-damage|p2a: Raging Bolt|79/100
|-status|p2a: Raging Bolt|brn
|-enditem|p2a: Raging Bolt|Air Balloon
|-damage|p1a: Raikou|91/100|[from] item: Life Orb
|
|-weather|RainDance|[upkeep]
|-damage|p2a: Raging Bolt|73/100 brn|[from] brn
|upkeep
|turn|3
|
|t:|1779809236
|move|p1a: Raikou|Volt Switch|p2a: Raging Bolt
|-resisted|p2a: Raging Bolt
|-damage|p2a: Raging Bolt|63/100 brn
|-damage|p1a: Raikou|81/100|[from] item: Life Orb
|
|t:|1779809241
|switch|p1a: Ninetales|Ninetales-Alola, F, shiny|100/100|[from] Volt Switch
|-damage|p1a: Ninetales|76/100|[from] Stealth Rock
|-weather|Snowscape|[from] ability: Snow Warning|[of] p1a: Ninetales
|move|p2a: Raging Bolt|Calm Mind|p2a: Raging Bolt
|-boost|p2a: Raging Bolt|spa|1
|-boost|p2a: Raging Bolt|spd|1
|
|-weather|Snowscape|[upkeep]
|-damage|p2a: Raging Bolt|57/100 brn|[from] brn
|upkeep
|turn|4
|
|t:|1779809254
|move|p2a: Raging Bolt|Thunderclap||[still]
|-fail|p2a: Raging Bolt
|move|p1a: Ninetales|Aurora Veil|p1a: Ninetales
|-sidestart|p1: Haddyshowdwn|move: Aurora Veil
|
|-weather|Snowscape|[upkeep]
|-damage|p2a: Raging Bolt|51/100 brn|[from] brn
|upkeep
|turn|5
|
|t:|1779809276
|-end|p2a: Raging Bolt|Protosynthesis|[silent]
|switch|p2a: Iron Moth|Iron Moth|100/100
|-enditem|p2a: Iron Moth|Booster Energy
|-activate|p2a: Iron Moth|ability: Quark Drive|[fromitem]
|-start|p2a: Iron Moth|quarkdrivespa
|move|p1a: Ninetales|Nasty Plot|p1a: Ninetales
|-boost|p1a: Ninetales|spa|2
|
|-weather|Snowscape|[upkeep]
|upkeep
|turn|6
|
|t:|1779809294
|move|p2a: Iron Moth|Agility|p2a: Iron Moth
|-boost|p2a: Iron Moth|spe|2
|move|p1a: Ninetales|Blizzard|p2a: Iron Moth
|-resisted|p2a: Iron Moth
|-damage|p2a: Iron Moth|57/100
|
|-weather|Snowscape|[upkeep]
|upkeep
|turn|7
|
|t:|1779809305
|move|p2a: Iron Moth|Fiery Dance|p1a: Ninetales
|-supereffective|p1a: Ninetales
|-damage|p1a: Ninetales|0 fnt
|-boost|p2a: Iron Moth|spa|1
|faint|p1a: Ninetales
|
|-weather|none
|upkeep
|
|t:|1779809343
|switch|p1a: Drednaw|Drednaw, M|100/100
|-damage|p1a: Drednaw|88/100|[from] Stealth Rock
|turn|8
|inactive|Battle timer is ON: inactive players will automatically lose when time's up. (requested by Haddyshowdwn)
|
|t:|1779809370
|move|p2a: Iron Moth|Dazzling Gleam|p1a: Drednaw
|-damage|p1a: Drednaw|48/100
|-enditem|p1a: Drednaw|Sitrus Berry|[eat]
|-heal|p1a: Drednaw|73/100|[from] item: Sitrus Berry
|move|p1a: Drednaw|Liquidation|p2a: Iron Moth
|-supereffective|p2a: Iron Moth
|-damage|p2a: Iron Moth|0 fnt
|faint|p2a: Iron Moth
|-end|p2a: Iron Moth|Quark Drive|[silent]
|
|-sideend|p1: Haddyshowdwn|move: Aurora Veil
|upkeep
|
|t:|1779809383
|switch|p2a: Torkoal|Torkoal, M|100/100
|-weather|SunnyDay|[from] ability: Drought|[of] p2a: Torkoal
|turn|9
|
|t:|1779809410
|switch|p2a: Walking Wake|Walking Wake|100/100
|-activate|p2a: Walking Wake|ability: Protosynthesis
|-start|p2a: Walking Wake|protosynthesisspe
|move|p1a: Drednaw|Rock Blast|p2a: Walking Wake
|-damage|p2a: Walking Wake|85/100
|-damage|p2a: Walking Wake|71/100
|-damage|p2a: Walking Wake|57/100
|-damage|p2a: Walking Wake|42/100
|-hitcount|p2a: Walking Wake|4
|
|-weather|SunnyDay|[upkeep]
|upkeep
|turn|10
|inactive|intekko has 120 seconds left.
|inactive|Haddyshowdwn has 120 seconds left.
|inactive|intekko has 90 seconds left.
|
|t:|1779809475
|move|p2a: Walking Wake|Flip Turn|p1a: Drednaw
|-damage|p1a: Drednaw|64/100
|
|t:|1779809483
|-end|p2a: Walking Wake|Protosynthesis|[silent]
|switch|p2a: Raging Bolt|Raging Bolt|51/100 brn|[from] Flip Turn
|-activate|p2a: Raging Bolt|ability: Protosynthesis
|-start|p2a: Raging Bolt|protosynthesisspa
|move|p1a: Drednaw|Rock Blast|p2a: Raging Bolt
|-damage|p2a: Raging Bolt|41/100 brn
|-damage|p2a: Raging Bolt|31/100 brn
|-damage|p2a: Raging Bolt|20/100 brn
|-hitcount|p2a: Raging Bolt|3
|
|-weather|SunnyDay|[upkeep]
|-damage|p2a: Raging Bolt|13/100 brn|[from] brn
|upkeep
|turn|11
|
|t:|1779809504
|switch|p1a: Raikou|Raikou, shiny|81/100
|-damage|p1a: Raikou|68/100|[from] Stealth Rock
|move|p2a: Raging Bolt|Thunderclap||[still]
|-fail|p2a: Raging Bolt
|
|-weather|SunnyDay|[upkeep]
|-damage|p2a: Raging Bolt|7/100 brn|[from] brn
|upkeep
|turn|12
|
|t:|1779809524
|-end|p2a: Raging Bolt|Protosynthesis|[silent]
|switch|p2a: Great Tusk|Great Tusk|100/100
|-activate|p2a: Great Tusk|ability: Protosynthesis
|-start|p2a: Great Tusk|protosynthesisatk
|move|p1a: Raikou|Rain Dance|p1a: Raikou
|-weather|RainDance
|-end|p2a: Great Tusk|Protosynthesis
|
|-weather|RainDance|[upkeep]
|upkeep
|turn|13
|
|t:|1779809538
|move|p1a: Raikou|Scald|p2a: Great Tusk
|-supereffective|p2a: Great Tusk
|-damage|p2a: Great Tusk|0 fnt
|faint|p2a: Great Tusk
|-end|p2a: Great Tusk|Protosynthesis|[silent]
|-damage|p1a: Raikou|58/100|[from] item: Life Orb
|
|-weather|RainDance|[upkeep]
|upkeep
|-message|intekko forfeited.
|
|win|Haddyshowdwn
|raw|Haddyshowdwn's rating: 1194 &rarr; <strong>1221</strong><br />(+27 for winning)
|raw|intekko's rating: 1226 &rarr; <strong>1199</strong><br />(-27 for losing)
|l|☆intekko
|player|p2|
|l|☆Haddyshowdwn
|player|p1|
