|j|☆Shoven
|j|☆vectorvonvincit2
|t:|1779819604
|gametype|singles
|player|p1|Shoven|palmer|1145
|player|p2|vectorvonvincit2|artist-gen4|1162
|gen|9
|tier|[Gen 9] OU
|rated|
|rule|HP Percentage Mod: HP is shown in percentages
|rule|Endless Battle Clause: Forcing endless battles is banned
|rule|Species Clause: Limit one of each Pokémon
|rule|OHKO Clause: OHKO moves are banned
|rule|Evasion Items Clause: Evasion items are banned
|rule|Evasion Moves Clause: Evasion moves are banned
|rule|Evasion Abilities Clause: Evasion abilities are banned
|rule|Sleep Moves Clause: Sleep-inducing moves are banned
|clearpoke
|poke|p1|Zamazenta-*|
|poke|p1|Kommo-o, M|
|poke|p1|Okidogi, M|
|poke|p1|Hitmontop, M|
|poke|p1|Iron Valiant|
|poke|p1|Blaziken, M|
|poke|p2|Slowking-Galar, F|
|poke|p2|Iron Valiant|
|poke|p2|Gholdengo|
|poke|p2|Landorus-Therian, M|
|poke|p2|Kingambit, F|
|poke|p2|Orthworm, M|
|teampreview
|inactive|Battle timer is ON: inactive players will automatically lose when time's up. (requested by Shoven)
|
|t:|1779819621
|teamsize|p1|6
|teamsize|p2|6
|start
|switch|p1a: Hitmontop|Hitmontop, M|100/100
|switch|p2a: Landorus|Landorus-Therian, M|100/100
|-ability|p2a: Landorus|Intimidate|boost
|-unboost|p1a: Hitmontop|atk|1
|turn|1
|
|t:|1779819633
|move|p1a: Hitmontop|Fake Out|p2a: Landorus
|-damage|p2a: Landorus|84/100
|cant|p2a: Landorus|flinch
|
|upkeep
|turn|2
|inactive|vectorvonvincit2 has 120 seconds left.
|
|t:|1779819671
|switch|p2a: Gholdengo|Gholdengo|100/100
|move|p1a: Hitmontop|Triple Axel|p2a: Gholdengo
|-resisted|p2a: Gholdengo
|-damage|p2a: Gholdengo|97/100
|-resisted|p2a: Gholdengo
|-damage|p2a: Gholdengo|89/100
|-resisted|p2a: Gholdengo
|-damage|p2a: Gholdengo|77/100
|-hitcount|p2a: Gholdengo|3
|
|upkeep
|turn|3
|inactive|vectorvonvincit2 has 120 seconds left.
|
|t:|1779819685
|switch|p1a: Okidogi|Okidogi, M|100/100
|move|p2a: Gholdengo|Psyshock|p1a: Okidogi
|-supereffective|p1a: Okidogi
|-damage|p1a: Okidogi|0 fnt
|faint|p1a: Okidogi
|
|upkeep
|
|t:|1779819701
|switch|p1a: Blaziken|Blaziken, M|100/100
|turn|4
|inactive|vectorvonvincit2 has 120 seconds left.
|
|t:|1779819717
|move|p1a: Blaziken|Endure|p1a: Blaziken
|-singleturn|p1a: Blaziken|move: Endure
|move|p2a: Gholdengo|Psyshock|p1a: Blaziken
|-supereffective|p1a: Blaziken
|-activate|p1a: Blaziken|move: Endure
|-damage|p1a: Blaziken|1/100
|-enditem|p1a: Blaziken|Liechi Berry|[eat]
|-boost|p1a: Blaziken|atk|1|[from] item: Liechi Berry
|
|-ability|p1a: Blaziken|Speed Boost|boost
|-boost|p1a: Blaziken|spe|1
|upkeep
|turn|5
|inactive|vectorvonvincit2 has 120 seconds left.
|
|t:|1779819731
|switch|p2a: Slowking|Slowking-Galar, F|100/100
|move|p1a: Blaziken|Earthquake|p2a: Slowking
|-supereffective|p2a: Slowking
|-damage|p2a: Slowking|0 fnt
|faint|p2a: Slowking
|
|-ability|p1a: Blaziken|Speed Boost|boost
|-boost|p1a: Blaziken|spe|1
|upkeep
|inactive|vectorvonvincit2 has 120 seconds left.
|
|t:|1779819740
|switch|p2a: Kingambit|Kingambit, F|100/100
|-activate|p2a: Kingambit|ability: Supreme Overlord
|-start|p2a: Kingambit|fallen1|[silent]
|turn|6
|
|t:|1779819750
|switch|p1a: Zamazenta|Zamazenta|100/100
|-ability|p1a: Zamazenta|Dauntless Shield|boost
|-boost|p1a: Zamazenta|def|1
|move|p2a: Kingambit|Sucker Punch||[still]
|-fail|p2a: Kingambit
|
|upkeep
|turn|7
|
|t:|1779819761
|-end|p2a: Kingambit|fallen1|[silent]
|switch|p2a: Landorus|Landorus-Therian, M|84/100
|-ability|p2a: Landorus|Intimidate|boost
|-unboost|p1a: Zamazenta|atk|1
|move|p1a: Zamazenta|Iron Defense|p1a: Zamazenta
|-boost|p1a: Zamazenta|def|2
|
|upkeep
|turn|8
|
|t:|1779819771
|move|p1a: Zamazenta|Stone Edge|p2a: Landorus|[miss]
|-miss|p1a: Zamazenta|p2a: Landorus
|move|p2a: Landorus|Taunt|p1a: Zamazenta
|-start|p1a: Zamazenta|move: Taunt
|
|upkeep
|turn|9
|
|t:|1779819780
|move|p1a: Zamazenta|Stone Edge|p2a: Landorus
|-damage|p2a: Landorus|59/100
|move|p2a: Landorus|Stealth Rock|p1a: Zamazenta
|-sidestart|p1: Shoven|move: Stealth Rock
|
|upkeep
|turn|10
|
|t:|1779819788
|move|p1a: Zamazenta|Stone Edge|p2a: Landorus
|-damage|p2a: Landorus|33/100
|move|p2a: Landorus|U-turn|p1a: Zamazenta
|-resisted|p1a: Zamazenta
|-damage|p1a: Zamazenta|94/100
|-damage|p2a: Landorus|17/100|[from] item: Rocky Helmet|[of] p1a: Zamazenta
|-damage|p2a: Landorus|7/100|[from] item: Life Orb
|
|t:|1779819801
|switch|p2a: Iron Valiant|Iron Valiant|100/100|[from] U-turn
|
|upkeep
|turn|11
|
|t:|1779819814
|move|p2a: Iron Valiant|Moonblast|p1a: Zamazenta
|-supereffective|p1a: Zamazenta
|-damage|p1a: Zamazenta|12/100
|-unboost|p1a: Zamazenta|spa|1
|move|p1a: Zamazenta|Psychic Fangs|p2a: Iron Valiant
|-supereffective|p2a: Iron Valiant
|-damage|p2a: Iron Valiant|49/100
|
|-end|p1a: Zamazenta|move: Taunt
|upkeep
|turn|12
|
|t:|1779819825
|move|p2a: Iron Valiant|Moonblast|p1a: Zamazenta
|-supereffective|p1a: Zamazenta
|-damage|p1a: Zamazenta|0 fnt
|faint|p1a: Zamazenta
|
|upkeep
|
|t:|1779819830
|switch|p1a: Hitmontop|Hitmontop, M|100/100
|-damage|p1a: Hitmontop|95/100|[from] Stealth Rock
|turn|13
|
|t:|1779819837
|-end|p2a: Iron Valiant|Quark Drive|[silent]
|switch|p2a: Gholdengo|Gholdengo|77/100
|move|p1a: Hitmontop|Fake Out|p2a: Gholdengo
|-immune|p2a: Gholdengo
|
|upkeep
|turn|14
|
|t:|1779819849
|switch|p1a: Kommo-o|Kommo-o, M|100/100
|-damage|p1a: Kommo-o|94/100|[from] Stealth Rock
|move|p2a: Gholdengo|Psyshock|p1a: Kommo-o
|-supereffective|p1a: Kommo-o
|-damage|p1a: Kommo-o|22/100
|-enditem|p1a: Kommo-o|Sitrus Berry|[eat]
|-heal|p1a: Kommo-o|47/100|[from] item: Sitrus Berry
|
|upkeep
|turn|15
|
|t:|1779819869
|switch|p2a: Orthworm|Orthworm, M|100/100
|-terastallize|p1a: Kommo-o|Fire
|move|p1a: Kommo-o|Flamethrower|p2a: Orthworm
|-supereffective|p2a: Orthworm
|-damage|p2a: Orthworm|0 fnt
|faint|p2a: Orthworm
|
|upkeep
|
|t:|1779819885
|switch|p2a: Landorus|Landorus-Therian, M|7/100
|-ability|p2a: Landorus|Intimidate|boost
|-unboost|p1a: Kommo-o|atk|1
|turn|16
|
|t:|1779819890
|move|p1a: Kommo-o|Vacuum Wave|p2a: Landorus
|-resisted|p2a: Landorus
|-damage|p2a: Landorus|0 fnt
|faint|p2a: Landorus
|
|upkeep
|
|t:|1779819907
|switch|p2a: Iron Valiant|Iron Valiant|49/100
|turn|17
|l|☆Shoven
|inactive|Shoven disconnected and has a minute to reconnect!
|player|p1|
|j|☆Shoven
|inactive|Shoven reconnected and has 115 seconds left.
|player|p1|Shoven|palmer|
|
|t:|1779819967
|move|p2a: Iron Valiant|Close Combat|p1a: Kommo-o
|-damage|p1a: Kommo-o|0 fnt
|-unboost|p2a: Iron Valiant|def|1
|-unboost|p2a: Iron Valiant|spd|1
|faint|p1a: Kommo-o
|
|upkeep
|inactive|Shoven has 90 seconds left.
|
|t:|1779819983
|switch|p1a: Iron Valiant|Iron Valiant|100/100
|-damage|p1a: Iron Valiant|94/100|[from] Stealth Rock
|-enditem|p1a: Iron Valiant|Booster Energy
|-activate|p1a: Iron Valiant|ability: Quark Drive|[fromitem]
|-start|p1a: Iron Valiant|quarkdrivespe
|turn|18
|inactive|Shoven has 90 seconds left.
|
|t:|1779820000
|-end|p2a: Iron Valiant|Quark Drive|[silent]
|switch|p2a: Gholdengo|Gholdengo|77/100
|move|p1a: Iron Valiant|Charge Beam|p2a: Gholdengo
|-damage|p2a: Gholdengo|57/100
|-boost|p1a: Iron Valiant|spa|1
|
|upkeep
|turn|19
|inactive|Shoven has 90 seconds left.
|
|t:|1779820014
|move|p1a: Iron Valiant|Charge Beam|p2a: Gholdengo
|-damage|p2a: Gholdengo|28/100
|-boost|p1a: Iron Valiant|spa|1
|move|p2a: Gholdengo|Make It Rain|p1a: Iron Valiant
|-supereffective|p1a: Iron Valiant
|-damage|p1a: Iron Valiant|0 fnt
|-unboost|p2a: Gholdengo|spa|1
|faint|p1a: Iron Valiant
|-end|p1a: Iron Valiant|Quark Drive|[silent]
|
|upkeep
|
|t:|1779820025
|switch|p1a: Hitmontop|Hitmontop, M|95/100
|-damage|p1a: Hitmontop|89/100|[from] Stealth Rock
|turn|20
|
|t:|1779820039
|move|p2a: Gholdengo|Make It Rain|p1a: Hitmontop
|-damage|p1a: Hitmontop|24/100
|-unboost|p2a: Gholdengo|spa|1
|move|p1a: Hitmontop|Rapid Spin|p2a: Gholdengo
|-immune|p2a: Gholdengo
|
|upkeep
|turn|21
|-message|Shoven forfeited.
|
|win|vectorvonvincit2
|raw|Shoven's rating: 1145 &rarr; <strong>1121</strong><br />(-24 for losing)
|raw|vectorvonvincit2's rating: 1162 &rarr; <strong>1186</strong><br />(+24 for winning)
|l|☆Shoven
|player|p1|
|l|☆vectorvonvincit2
|player|p2|
