|j|☆misterfitness
|j|☆ThePichuGod
|t:|1779883895
|gametype|singles
|player|p1|misterfitness|chuck|1052
|player|p2|ThePichuGod|cynthia|1111
|gen|9
|tier|[Gen 9] OU
|rated|
|rule|HP Percentage Mod: HP is shown in percentages
|rule|Endless Battle Clause: Forcing endless battles is banned
|rule|Species Clause: Limit one of each Pokémon
|rule|OHKO Clause: OHKO moves are banned
|rule|Evasion Items Clause: Evasion items are banned
|rule|Evasion Moves Clause: Evasion moves are banned
|rule|Evasion Abilities Clause: Evasion abilities are banned
|rule|Sleep Moves Clause: Sleep-inducing moves are banned
|clearpoke
|poke|p1|Poliwrath, F|
|poke|p1|Dragonite, F|
|poke|p1|Gallade, M|
|poke|p1|Conkeldurr, M|
|poke|p1|Iron Hands|
|poke|p1|Arcanine, M|
|poke|p2|Slowking-Galar, F|
|poke|p2|Great Tusk|
|poke|p2|Kyurem|
|poke|p2|Kingambit, M|
|poke|p2|Cinderace, F|
|poke|p2|Zapdos|
|teampreview
|inactive|Battle timer is ON: inactive players will automatically lose when time's up. (requested by misterfitness)
|
|t:|1779883978
|teamsize|p1|6
|teamsize|p2|6
|start
|switch|p1a: Gallade|Gallade, M|100/100
|switch|p2a: Great Tusk|Great Tusk|100/100
|turn|1
|
|t:|1779884006
|move|p2a: Great Tusk|Headlong Rush|p1a: Gallade
|-crit|p1a: Gallade
|-damage|p1a: Gallade|0 fnt
|-unboost|p2a: Great Tusk|def|1
|-unboost|p2a: Great Tusk|spd|1
|faint|p1a: Gallade
|
|upkeep
|
|t:|1779884019
|switch|p1a: Dragonite|Dragonite, F|100/100
|turn|2
|
|t:|1779884025
|move|p1a: Dragonite|Extreme Speed|p2a: Great Tusk
|-damage|p2a: Great Tusk|69/100
|move|p2a: Great Tusk|Ice Spinner|p1a: Dragonite
|-supereffective|p1a: Dragonite
|-damage|p1a: Dragonite|56/100
|
|-heal|p2a: Great Tusk|75/100|[from] item: Leftovers
|upkeep
|turn|3
|
|t:|1779884037
|move|p2a: Great Tusk|Ice Spinner|p1a: Dragonite
|-supereffective|p1a: Dragonite
|-damage|p1a: Dragonite|0 fnt
|faint|p1a: Dragonite
|
|-heal|p2a: Great Tusk|81/100|[from] item: Leftovers
|upkeep
|
|t:|1779884045
|switch|p1a: Conkeldurr|Conkeldurr, M|100/100
|turn|4
|inactive|ThePichuGod has 120 seconds left.
|
|t:|1779884088
|-end|p2a: Great Tusk|Protosynthesis|[silent]
|switch|p2a: Slowking|Slowking-Galar, F|100/100
|move|p1a: Conkeldurr|Drain Punch|p2a: Slowking
|-resisted|p2a: Slowking
|-damage|p2a: Slowking|88/100
|
|upkeep
|turn|5
|
|t:|1779884100
|move|p1a: Conkeldurr|Ice Punch|p2a: Slowking
|-damage|p2a: Slowking|56/100
|move|p2a: Slowking|Future Sight|p1a: Conkeldurr
|-start|p2a: Slowking|move: Future Sight
|
|upkeep
|turn|6
|inactive|ThePichuGod has 120 seconds left.
|inactive|ThePichuGod has 90 seconds left.
|
|t:|1779884150
|move|p1a: Conkeldurr|Ice Punch|p2a: Slowking
|-damage|p2a: Slowking|23/100
|-prepare|p2a: Slowking|Chilly Reception|[premajor]
|move|p2a: Slowking|Chilly Reception|p2a: Slowking
|-weather|Snowscape
|inactive|ThePichuGod has 90 seconds left.
|
|t:|1779884156
|switch|p2a: Kyurem|Kyurem|100/100|[from] Chilly Reception
|-ability|p2a: Kyurem|Pressure
|
|-weather|Snowscape|[upkeep]
|upkeep
|turn|7
|
|t:|1779884165
|move|p1a: Conkeldurr|Mach Punch|p2a: Kyurem
|-supereffective|p2a: Kyurem
|-damage|p2a: Kyurem|66/100
|move|p2a: Kyurem|Blizzard|p1a: Conkeldurr
|-damage|p1a: Conkeldurr|11/100
|
|-weather|Snowscape|[upkeep]
|-end|p1a: Conkeldurr|move: Future Sight
|-supereffective|p1a: Conkeldurr
|-damage|p1a: Conkeldurr|0 fnt
|faint|p1a: Conkeldurr
|upkeep
|
|t:|1779884180
|switch|p1a: Iron Hands|Iron Hands|100/100
|turn|8
|inactive|ThePichuGod has 90 seconds left.
|
|t:|1779884229
|move|p2a: Kyurem|Blizzard|p1a: Iron Hands
|-crit|p1a: Iron Hands
|-damage|p1a: Iron Hands|24/100
|move|p1a: Iron Hands|Drain Punch|p2a: Kyurem
|-supereffective|p2a: Kyurem
|-damage|p2a: Kyurem|11/100
|-heal|p1a: Iron Hands|45/100|[from] drain|[of] p2a: Kyurem
|
|-weather|Snowscape|[upkeep]
|upkeep
|turn|9
|
|t:|1779884241
|move|p2a: Kyurem|Blizzard|p1a: Iron Hands
|-damage|p1a: Iron Hands|0 fnt
|faint|p1a: Iron Hands
|-end|p1a: Iron Hands|Quark Drive|[silent]
|
|-weather|Snowscape|[upkeep]
|upkeep
|
|t:|1779884249
|switch|p1a: Arcanine|Arcanine, M|100/100
|turn|10
|
|t:|1779884256
|move|p1a: Arcanine|Extreme Speed|p2a: Kyurem
|-damage|p2a: Kyurem|0 fnt
|faint|p2a: Kyurem
|
|-weather|none
|upkeep
|
|t:|1779884266
|switch|p2a: Great Tusk|Great Tusk|81/100
|turn|11
|
|t:|1779884272
|move|p2a: Great Tusk|Headlong Rush|p1a: Arcanine
|-supereffective|p1a: Arcanine
|-damage|p1a: Arcanine|0 fnt
|-unboost|p2a: Great Tusk|def|1
|-unboost|p2a: Great Tusk|spd|1
|faint|p1a: Arcanine
|
|-heal|p2a: Great Tusk|88/100|[from] item: Leftovers
|upkeep
|
|t:|1779884281
|switch|p1a: Poliwrath|Poliwrath, F|100/100
|turn|12
|inactive|ThePichuGod has 90 seconds left.
|
|t:|1779884292
|move|p2a: Great Tusk|Headlong Rush|p1a: Poliwrath
|-damage|p1a: Poliwrath|43/100
|-unboost|p2a: Great Tusk|def|1
|-unboost|p2a: Great Tusk|spd|1
|move|p1a: Poliwrath|Drain Punch|p2a: Great Tusk
|-damage|p2a: Great Tusk|36/100
|-heal|p1a: Poliwrath|74/100|[from] drain|[of] p2a: Great Tusk
|
|-heal|p2a: Great Tusk|42/100|[from] item: Leftovers
|upkeep
|turn|13
|inactive|ThePichuGod has 90 seconds left.
|
|t:|1779884304
|move|p2a: Great Tusk|Headlong Rush|p1a: Poliwrath
|-damage|p1a: Poliwrath|10/100
|-unboost|p2a: Great Tusk|def|1
|-unboost|p2a: Great Tusk|spd|1
|move|p1a: Poliwrath|Drain Punch|p2a: Great Tusk
|-damage|p2a: Great Tusk|0 fnt
|-heal|p1a: Poliwrath|34/100|[from] drain|[of] p2a: Great Tusk
|faint|p2a: Great Tusk
|-end|p2a: Great Tusk|Protosynthesis|[silent]
|
|upkeep
|inactive|ThePichuGod has 90 seconds left.
|
|t:|1779884329
|switch|p2a: Zapdos|Zapdos, shiny|100/100
|turn|14
|
|t:|1779884338
|move|p2a: Zapdos|Volt Switch|p1a: Poliwrath
|-supereffective|p1a: Poliwrath
|-damage|p1a: Poliwrath|0 fnt
|faint|p1a: Poliwrath
|
|win|ThePichuGod
|raw|misterfitness's rating: 1052 &rarr; <strong>1037</strong><br />(-15 for losing)
|raw|ThePichuGod's rating: 1111 &rarr; <strong>1132</strong><br />(+21 for winning)
|c|☆ThePichuGod|gg
|l|☆misterfitness
|player|p1|
