|j|☆COLFOFLOW
|j|☆cachowcapow
|t:|1779883902
|gametype|singles
|player|p1|COLFOFLOW|volkner|1527
|player|p2|cachowcapow|101|1523
|gen|9
|tier|[Gen 9] OU
|rated|
|rule|HP Percentage Mod: HP is shown in percentages
|rule|Endless Battle Clause: Forcing endless battles is banned
|rule|Species Clause: Limit one of each Pokémon
|rule|OHKO Clause: OHKO moves are banned
|rule|Evasion Items Clause: Evasion items are banned
|rule|Evasion Moves Clause: Evasion moves are banned
|rule|Evasion Abilities Clause: Evasion abilities are banned
|rule|Sleep Moves Clause: Sleep-inducing moves are banned
|clearpoke
|poke|p1|Darkrai|
|poke|p1|Clodsire, F|
|poke|p1|Suicune|
|poke|p1|Lokix, F|
|poke|p1|Pecharunt|
|poke|p1|Corviknight, F|
|poke|p2|Slowking-Galar, F|
|poke|p2|Alomomola, M|
|poke|p2|Primarina, F|
|poke|p2|Dragapult, F|
|poke|p2|Heatran, M|
|poke|p2|Hatterene, F|
|teampreview
|inactive|Battle timer is ON: inactive players will automatically lose when time's up. (requested by COLFOFLOW)
|
|t:|1779883916
|teamsize|p1|6
|teamsize|p2|6
|start
|switch|p1a: Lokix|Lokix, F|100/100
|switch|p2a: Alomomola|Alomomola, M|100/100
|turn|1
|
|t:|1779883920
|move|p1a: Lokix|Knock Off|p2a: Alomomola
|-damage|p2a: Alomomola|53/100
|-enditem|p2a: Alomomola|Heavy-Duty Boots|[from] move: Knock Off|[of] p1a: Lokix
|move|p2a: Alomomola|Flip Turn|p1a: Lokix
|-damage|p1a: Lokix|76/100
|
|t:|1779883933
|switch|p2a: Dragapult|Dragapult, F|100/100|[from] Flip Turn
|
|upkeep
|turn|2
|
|t:|1779883948
|switch|p1a: Suicune|Suicune|100/100
|-ability|p1a: Suicune|Pressure
|move|p2a: Dragapult|U-turn|p1a: Suicune
|-damage|p1a: Suicune|80/100
|
|t:|1779883960
|switch|p2a: Slowking|Slowking-Galar, F|100/100|[from] U-turn
|
|-heal|p1a: Suicune|87/100|[from] item: Leftovers
|upkeep
|turn|3
|
|t:|1779883970
|move|p1a: Suicune|Calm Mind|p1a: Suicune
|-boost|p1a: Suicune|spa|1
|-boost|p1a: Suicune|spd|1
|move|p2a: Slowking|Psychic Noise|p1a: Suicune
|-damage|p1a: Suicune|69/100
|-start|p1a: Suicune|move: Heal Block
|
|upkeep
|turn|4
|
|t:|1779883976
|move|p1a: Suicune|Calm Mind|p1a: Suicune
|-boost|p1a: Suicune|spa|1
|-boost|p1a: Suicune|spd|1
|move|p2a: Slowking|Sludge Bomb|p1a: Suicune
|-damage|p1a: Suicune|50/100
|
|-end|p1a: Suicune|move: Heal Block
|upkeep
|turn|5
|
|t:|1779883984
|move|p1a: Suicune|Rest|p1a: Suicune
|-status|p1a: Suicune|slp|[from] move: Rest
|-heal|p1a: Suicune|100/100 slp|[silent]
|move|p2a: Slowking|Psychic Noise|p1a: Suicune
|-damage|p1a: Suicune|85/100 slp
|-start|p1a: Suicune|move: Heal Block
|
|upkeep
|turn|6
|
|t:|1779883989
|switch|p2a: Primarina|Primarina, F|100/100
|cant|p1a: Suicune|slp
|move|p1a: Suicune|Sleep Talk|p1a: Suicune
|move|p1a: Suicune|Scald|p2a: Primarina|[from] move: Sleep Talk
|-resisted|p2a: Primarina
|-damage|p2a: Primarina|81/100
|-status|p2a: Primarina|brn
|
|-heal|p2a: Primarina|87/100 brn|[from] item: Leftovers
|-damage|p2a: Primarina|81/100 brn|[from] brn
|-end|p1a: Suicune|move: Heal Block
|upkeep
|turn|7
|
|t:|1779883993
|move|p2a: Primarina|Calm Mind|p2a: Primarina
|-boost|p2a: Primarina|spa|1
|-boost|p2a: Primarina|spd|1
|cant|p1a: Suicune|slp
|move|p1a: Suicune|Sleep Talk|p1a: Suicune
|move|p1a: Suicune|Scald|p2a: Primarina|[from] move: Sleep Talk
|-resisted|p2a: Primarina
|-damage|p2a: Primarina|67/100 brn
|
|-heal|p2a: Primarina|73/100 brn|[from] item: Leftovers
|-heal|p1a: Suicune|91/100 slp|[from] item: Leftovers
|-damage|p2a: Primarina|67/100 brn|[from] brn
|upkeep
|turn|8
|
|t:|1779884000
|move|p2a: Primarina|Calm Mind|p2a: Primarina
|-boost|p2a: Primarina|spa|1
|-boost|p2a: Primarina|spd|1
|-curestatus|p1a: Suicune|slp|[msg]
|move|p1a: Suicune|Calm Mind|p1a: Suicune
|-boost|p1a: Suicune|spa|1
|-boost|p1a: Suicune|spd|1
|
|-heal|p2a: Primarina|73/100 brn|[from] item: Leftovers
|-heal|p1a: Suicune|97/100|[from] item: Leftovers
|-damage|p2a: Primarina|67/100 brn|[from] brn
|upkeep
|turn|9
|
|t:|1779884003
|move|p2a: Primarina|Encore|p1a: Suicune
|-start|p1a: Suicune|Encore
|move|p1a: Suicune|Calm Mind|p1a: Suicune
|-boost|p1a: Suicune|spa|1
|-boost|p1a: Suicune|spd|1
|
|-heal|p2a: Primarina|73/100 brn|[from] item: Leftovers
|-heal|p1a: Suicune|100/100|[from] item: Leftovers
|-damage|p2a: Primarina|67/100 brn|[from] brn
|upkeep
|turn|10
|
|t:|1779884008
|switch|p1a: Lokix|Lokix, F|76/100
|move|p2a: Primarina|Calm Mind|p2a: Primarina
|-boost|p2a: Primarina|spa|1
|-boost|p2a: Primarina|spd|1
|
|-heal|p2a: Primarina|73/100 brn|[from] item: Leftovers
|-damage|p2a: Primarina|67/100 brn|[from] brn
|upkeep
|turn|11
|
|t:|1779884018
|-terastallize|p1a: Lokix|Bug
|move|p1a: Lokix|Leech Life|p2a: Primarina
|-resisted|p2a: Primarina
|-damage|p2a: Primarina|0 fnt
|-heal|p1a: Lokix|100/100|[from] drain|[of] p2a: Primarina
|faint|p2a: Primarina
|
|upkeep
|
|t:|1779884027
|switch|p2a: Hatterene|Hatterene, F|100/100
|turn|12
|
|t:|1779884042
|move|p1a: Lokix|Leech Life|p2a: Hatterene
|-damage|p2a: Hatterene|36/100
|move|p2a: Hatterene|Calm Mind|p2a: Hatterene
|-boost|p2a: Hatterene|spa|1
|-boost|p2a: Hatterene|spd|1
|
|upkeep
|turn|13
|
|t:|1779884048
|move|p1a: Lokix|Leech Life|p2a: Hatterene
|-damage|p2a: Hatterene|0 fnt
|faint|p2a: Hatterene
|
|upkeep
|
|t:|1779884056
|switch|p2a: Dragapult|Dragapult, F|100/100
|turn|14
|
|t:|1779884062
|switch|p1a: Clodsire|Clodsire, F|100/100
|move|p2a: Dragapult|Dragon Darts|p1a: Clodsire
|-damage|p1a: Clodsire|63/100
|-anim|p2a: Dragapult|Dragon Darts|p1a: Clodsire
|-damage|p1a: Clodsire|23/100
|
|-heal|p1a: Clodsire|29/100|[from] item: Black Sludge
|upkeep
|turn|15
|
|t:|1779884070
|switch|p1a: Corviknight|Corviknight, F|100/100
|-ability|p1a: Corviknight|Pressure
|move|p2a: Dragapult|Dragon Darts|p1a: Corviknight
|-resisted|p1a: Corviknight
|-damage|p1a: Corviknight|89/100
|-anim|p2a: Dragapult|Dragon Darts|p1a: Corviknight
|-resisted|p1a: Corviknight
|-damage|p1a: Corviknight|78/100
|
|upkeep
|turn|16
|
|t:|1779884092
|switch|p2a: Heatran|Heatran, M|100/100
|-item|p2a: Heatran|Air Balloon
|move|p1a: Corviknight|U-turn|p2a: Heatran
|-resisted|p2a: Heatran
|-damage|p2a: Heatran|98/100
|-enditem|p2a: Heatran|Air Balloon
|
|t:|1779884117
|switch|p1a: Suicune|Suicune|100/100|[from] U-turn
|-ability|p1a: Suicune|Pressure
|
|upkeep
|turn|17
|-message|cachowcapow forfeited.
|
|win|COLFOFLOW
|raw|COLFOFLOW's rating: 1527 &rarr; <strong>1547</strong><br />(+20 for winning)
|raw|cachowcapow's rating: 1523 &rarr; <strong>1503</strong><br />(-20 for losing)
|l|☆cachowcapow
|player|p2|
|l|☆COLFOFLOW
|player|p1|
