|j|☆asia gonsalez
|j|☆fregene97
|t:|1779808980
|gametype|singles
|player|p1|asia gonsalez|169|1367
|player|p2|fregene97|169|1394
|gen|9
|tier|[Gen 9] OU
|rated|
|rule|HP Percentage Mod: HP is shown in percentages
|rule|Endless Battle Clause: Forcing endless battles is banned
|rule|Species Clause: Limit one of each Pokémon
|rule|OHKO Clause: OHKO moves are banned
|rule|Evasion Items Clause: Evasion items are banned
|rule|Evasion Moves Clause: Evasion moves are banned
|rule|Evasion Abilities Clause: Evasion abilities are banned
|rule|Sleep Moves Clause: Sleep-inducing moves are banned
|clearpoke
|poke|p1|Cinderace, F|
|poke|p1|Primarina, F|
|poke|p1|Hydrapple, F|
|poke|p1|Great Tusk|
|poke|p1|Iron Crown|
|poke|p1|Tornadus-Therian, M|
|poke|p2|Regieleki|
|poke|p2|Haxorus, M|
|poke|p2|Ogerpon-Cornerstone, F|
|poke|p2|Iron Moth|
|poke|p2|Greninja-*, M|
|poke|p2|Hoopa-Unbound|
|teampreview
|inactive|Battle timer is ON: inactive players will automatically lose when time's up. (requested by fregene97)
|
|t:|1779809006
|teamsize|p1|6
|teamsize|p2|6
|start
|switch|p1a: Cinderace|Cinderace, F|100/100
|switch|p2a: Regieleki|Regieleki|100/100
|turn|1
|
|t:|1779809011
|switch|p1a: Great Tusk|Great Tusk|100/100
|move|p2a: Regieleki|Explosion|p1a: Great Tusk
|-damage|p1a: Great Tusk|61/100
|faint|p2a: Regieleki
|
|upkeep
|
|t:|1779809015
|switch|p2a: Greninja|Greninja, M|100/100
|turn|2
|
|t:|1779809021
|-end|p1a: Great Tusk|Protosynthesis|[silent]
|switch|p1a: Primarina|Primarina, F|100/100
|move|p2a: Greninja|Hydro Pump|p1a: Primarina|[miss]
|-miss|p2a: Greninja|p1a: Primarina
|
|upkeep
|turn|3
|
|t:|1779809031
|switch|p2a: Hoopa|Hoopa-Unbound|100/100
|move|p1a: Primarina|Psychic Noise|p2a: Hoopa
|-damage|p2a: Hoopa|81/100
|-start|p2a: Hoopa|move: Heal Block
|
|upkeep
|turn|4
|
|t:|1779809041
|-terastallize|p2a: Hoopa|Psychic
|move|p2a: Hoopa|Psychic|p1a: Primarina
|-damage|p1a: Primarina|34/100
|move|p1a: Primarina|Draining Kiss|p2a: Hoopa
|-damage|p2a: Hoopa|67/100
|-heal|p1a: Primarina|42/100|[from] drain|[of] p2a: Hoopa
|
|-heal|p1a: Primarina|48/100|[from] item: Leftovers
|-end|p2a: Hoopa|move: Heal Block
|upkeep
|turn|5
|inactive|fregene97 has 120 seconds left.
|
|t:|1779809074
|switch|p1a: Iron Crown|Iron Crown|100/100
|move|p2a: Hoopa|Psychic|p1a: Iron Crown
|-resisted|p1a: Iron Crown
|-damage|p1a: Iron Crown|82/100
|
|upkeep
|turn|6
|
|t:|1779809083
|move|p1a: Iron Crown|Volt Switch|p2a: Hoopa
|-damage|p2a: Hoopa|47/100
|
|t:|1779809089
|-end|p1a: Iron Crown|Quark Drive|[silent]
|switch|p1a: Tornadus|Tornadus-Therian, M|100/100|[from] Volt Switch
|move|p2a: Hoopa|Dark Pulse|p1a: Tornadus
|-crit|p1a: Tornadus
|-damage|p1a: Tornadus|11/100
|
|upkeep
|turn|7
|
|t:|1779809097
|move|p1a: Tornadus|Knock Off|p2a: Hoopa
|-supereffective|p2a: Hoopa
|-damage|p2a: Hoopa|0 fnt
|-enditem|p2a: Hoopa|Assault Vest|[from] move: Knock Off|[of] p1a: Tornadus
|faint|p2a: Hoopa
|
|upkeep
|
|t:|1779809100
|switch|p2a: Greninja|Greninja, M|100/100
|turn|8
|
|t:|1779809108
|switch|p1a: Primarina|Primarina, F|48/100
|move|p2a: Greninja|Ice Beam|p1a: Primarina
|-resisted|p1a: Primarina
|-damage|p1a: Primarina|33/100
|-damage|p2a: Greninja|91/100|[from] item: Life Orb
|
|-heal|p1a: Primarina|39/100|[from] item: Leftovers
|upkeep
|turn|9
|
|t:|1779809117
|move|p2a: Greninja|Hydro Pump|p1a: Primarina
|-resisted|p1a: Primarina
|-damage|p1a: Primarina|15/100
|-damage|p2a: Greninja|81/100|[from] item: Life Orb
|move|p1a: Primarina|Draining Kiss|p2a: Greninja
|-supereffective|p2a: Greninja
|-damage|p2a: Greninja|13/100
|-heal|p1a: Primarina|55/100|[from] drain|[of] p2a: Greninja
|
|-heal|p1a: Primarina|61/100|[from] item: Leftovers
|upkeep
|turn|10
|
|t:|1779809121
|move|p2a: Greninja|Dark Pulse|p1a: Primarina
|-resisted|p1a: Primarina
|-damage|p1a: Primarina|41/100
|-damage|p2a: Greninja|4/100|[from] item: Life Orb
|move|p1a: Primarina|Psychic Noise|p2a: Greninja
|-resisted|p2a: Greninja
|-damage|p2a: Greninja|0 fnt
|faint|p2a: Greninja
|
|-heal|p1a: Primarina|47/100|[from] item: Leftovers
|upkeep
|
|t:|1779809125
|switch|p2a: Iron Moth|Iron Moth|100/100
|-enditem|p2a: Iron Moth|Booster Energy
|-activate|p2a: Iron Moth|ability: Quark Drive|[fromitem]
|-start|p2a: Iron Moth|quarkdrivespe
|turn|11
|
|t:|1779809130
|move|p2a: Iron Moth|Fiery Dance|p1a: Primarina
|-resisted|p1a: Primarina
|-damage|p1a: Primarina|31/100
|move|p1a: Primarina|Psychic Noise|p2a: Iron Moth
|-supereffective|p2a: Iron Moth
|-damage|p2a: Iron Moth|40/100
|-start|p2a: Iron Moth|move: Heal Block
|
|-heal|p1a: Primarina|37/100|[from] item: Leftovers
|upkeep
|turn|12
|
|t:|1779809135
|move|p2a: Iron Moth|Sludge Wave|p1a: Primarina
|-supereffective|p1a: Primarina
|-damage|p1a: Primarina|0 fnt
|faint|p1a: Primarina
|
|-end|p2a: Iron Moth|move: Heal Block
|upkeep
|
|t:|1779809147
|switch|p1a: Cinderace|Cinderace, F|100/100
|turn|13
|inactive|fregene97 has 120 seconds left.
|
|t:|1779809187
|move|p1a: Cinderace|Sucker Punch||[still]
|-fail|p1a: Cinderace
|move|p2a: Iron Moth|Substitute|p2a: Iron Moth
|-start|p2a: Iron Moth|Substitute
|-damage|p2a: Iron Moth|15/100
|
|upkeep
|turn|14
|
|t:|1779809193
|move|p1a: Cinderace|Sucker Punch|p2a: Iron Moth
|-start|p1a: Cinderace|typechange|Dark|[from] ability: Libero
|-end|p2a: Iron Moth|Substitute
|move|p2a: Iron Moth|Sludge Wave|p1a: Cinderace
|-damage|p1a: Cinderace|30/100
|
|upkeep
|turn|15
|
|t:|1779809198
|move|p1a: Cinderace|Sucker Punch|p2a: Iron Moth
|-damage|p2a: Iron Moth|0 fnt
|faint|p2a: Iron Moth
|-end|p2a: Iron Moth|Quark Drive|[silent]
|
|upkeep
|
|t:|1779809200
|switch|p2a: Ogerpon|Ogerpon-Cornerstone, F|100/100
|turn|16
|
|t:|1779809205
|switch|p1a: Hydrapple|Hydrapple, F|100/100
|move|p2a: Ogerpon|Swords Dance|p2a: Ogerpon
|-boost|p2a: Ogerpon|atk|2
|
|upkeep
|turn|17
|
|t:|1779809210
|move|p2a: Ogerpon|Ivy Cudgel|p1a: Hydrapple|[anim] Ivy Cudgel Rock
|-crit|p1a: Hydrapple
|-damage|p1a: Hydrapple|0 fnt
|faint|p1a: Hydrapple
|
|upkeep
|
|t:|1779809216
|switch|p1a: Cinderace|Cinderace, F|30/100
|turn|18
|
|t:|1779809219
|move|p1a: Cinderace|U-turn|p2a: Ogerpon
|-start|p1a: Cinderace|typechange|Bug|[from] ability: Libero
|-supereffective|p2a: Ogerpon
|-ability|p2a: Ogerpon|Sturdy
|-damage|p2a: Ogerpon|1/100
|
|t:|1779809221
|switch|p1a: Tornadus|Tornadus-Therian, M|44/100|[from] U-turn
|move|p2a: Ogerpon|Ivy Cudgel|p1a: Tornadus|[anim] Ivy Cudgel Rock
|-supereffective|p1a: Tornadus
|-damage|p1a: Tornadus|0 fnt
|faint|p1a: Tornadus
|
|upkeep
|
|t:|1779809225
|switch|p1a: Cinderace|Cinderace, F|30/100
|turn|19
|
|t:|1779809234
|switch|p2a: Haxorus|Haxorus, M|100/100
|-ability|p2a: Haxorus|Mold Breaker
|move|p1a: Cinderace|U-turn|p2a: Haxorus
|-start|p1a: Cinderace|typechange|Bug|[from] ability: Libero
|-damage|p2a: Haxorus|32/100
|
|t:|1779809238
|switch|p1a: Great Tusk|Great Tusk|61/100|[from] U-turn
|
|upkeep
|turn|20
|
|t:|1779809248
|move|p2a: Haxorus|Outrage|p1a: Great Tusk
|-damage|p1a: Great Tusk|0 fnt
|faint|p1a: Great Tusk
|-end|p1a: Great Tusk|Protosynthesis|[silent]
|
|upkeep
|
|t:|1779809252
|switch|p1a: Cinderace|Cinderace, F|30/100
|turn|21
|
|t:|1779809255
|move|p1a: Cinderace|Sucker Punch|p2a: Haxorus
|-start|p1a: Cinderace|typechange|Dark|[from] ability: Libero
|-damage|p2a: Haxorus|0 fnt
|faint|p2a: Haxorus
|
|upkeep
|
|t:|1779809257
|switch|p2a: Ogerpon|Ogerpon-Cornerstone, F|1/100
|turn|22
|
|t:|1779809262
|switch|p1a: Iron Crown|Iron Crown|82/100
|move|p2a: Ogerpon|Swords Dance|p2a: Ogerpon
|-boost|p2a: Ogerpon|atk|2
|
|upkeep
|turn|23
|
|t:|1779809268
|move|p2a: Ogerpon|Low Kick|p1a: Iron Crown
|-damage|p1a: Iron Crown|0 fnt
|faint|p1a: Iron Crown
|-end|p1a: Iron Crown|Quark Drive|[silent]
|
|upkeep
|
|t:|1779809270
|switch|p1a: Cinderace|Cinderace, F|30/100
|turn|24
|c|☆asia gonsalez|gg
|
|t:|1779809275
|move|p1a: Cinderace|U-turn|p2a: Ogerpon
|-start|p1a: Cinderace|typechange|Bug|[from] ability: Libero
|-supereffective|p2a: Ogerpon
|-damage|p2a: Ogerpon|0 fnt
|faint|p2a: Ogerpon
|
|win|asia gonsalez
|raw|asia gonsalez's rating: 1367 &rarr; <strong>1390</strong><br />(+23 for winning)
|raw|fregene97's rating: 1412 &rarr; <strong>1389</strong><br />(-23 for losing)
|l|☆fregene97
|player|p2|
|l|☆asia gonsalez
|player|p1|
