|j|☆Medieval Japan
|j|☆Nickthenickthenick
|t:|1779970003
|gametype|singles
|player|p1|Medieval Japan|169|1445
|player|p2|Nickthenickthenick|2|1442
|gen|9
|tier|[Gen 9] OU
|rated|
|rule|HP Percentage Mod: HP is shown in percentages
|rule|Endless Battle Clause: Forcing endless battles is banned
|rule|Species Clause: Limit one of each Pokémon
|rule|OHKO Clause: OHKO moves are banned
|rule|Evasion Items Clause: Evasion items are banned
|rule|Evasion Moves Clause: Evasion moves are banned
|rule|Evasion Abilities Clause: Evasion abilities are banned
|rule|Sleep Moves Clause: Sleep-inducing moves are banned
|clearpoke
|poke|p1|Cinderace, F|
|poke|p1|Landorus-Therian, M|
|poke|p1|Iron Valiant|
|poke|p1|Kingambit, F|
|poke|p1|Raging Bolt|
|poke|p1|Ogerpon-Wellspring, F|
|poke|p2|Raikou|
|poke|p2|Entei|
|poke|p2|Suicune|
|poke|p2|Tyranitar, F|
|poke|p2|Porygon2|
|poke|p2|Hatterene, F|
|teampreview
|inactive|Battle timer is ON: inactive players will automatically lose when time's up. (requested by Medieval Japan)
|inactive|Nickthenickthenick has 120 seconds left.
|
|t:|1779970043
|teamsize|p1|6
|teamsize|p2|6
|start
|switch|p1a: Landorus|Landorus-Therian, M|100/100
|switch|p2a: Raikou|Raikou|100/100
|-ability|p2a: Raikou|Pressure
|-ability|p1a: Landorus|Intimidate|boost
|-unboost|p2a: Raikou|atk|1
|turn|1
|
|t:|1779970047
|-terastallize|p2a: Raikou|Water
|move|p2a: Raikou|Scald|p1a: Landorus
|-supereffective|p1a: Landorus
|-damage|p1a: Landorus|14/100
|-status|p1a: Landorus|brn
|move|p1a: Landorus|Earthquake|p2a: Raikou
|-damage|p2a: Raikou|71/100
|
|-heal|p2a: Raikou|77/100|[from] item: Leftovers
|-damage|p1a: Landorus|8/100 brn|[from] brn
|upkeep
|turn|2
|
|t:|1779970055
|move|p2a: Raikou|Calm Mind|p2a: Raikou
|-boost|p2a: Raikou|spa|1
|-boost|p2a: Raikou|spd|1
|move|p1a: Landorus|Stealth Rock|p2a: Raikou
|-sidestart|p2: Nickthenickthenick|move: Stealth Rock
|
|-heal|p2a: Raikou|83/100|[from] item: Leftovers
|-damage|p1a: Landorus|2/100 brn|[from] brn
|upkeep
|turn|3
|
|t:|1779970059
|move|p2a: Raikou|Substitute|p2a: Raikou
|-start|p2a: Raikou|Substitute
|-damage|p2a: Raikou|58/100
|move|p1a: Landorus|Taunt|p2a: Raikou
|-start|p2a: Raikou|move: Taunt
|
|-heal|p2a: Raikou|64/100|[from] item: Leftovers
|-damage|p1a: Landorus|0 fnt|[from] brn
|faint|p1a: Landorus
|upkeep
|
|t:|1779970064
|switch|p1a: Raging Bolt|Raging Bolt|100/100
|-enditem|p1a: Raging Bolt|Booster Energy
|-activate|p1a: Raging Bolt|ability: Protosynthesis|[fromitem]
|-start|p1a: Raging Bolt|protosynthesisspa
|turn|4
|
|t:|1779970068
|move|p2a: Raikou|Scald|p1a: Raging Bolt
|-resisted|p1a: Raging Bolt
|-damage|p1a: Raging Bolt|71/100
|move|p1a: Raging Bolt|Calm Mind|p1a: Raging Bolt
|-boost|p1a: Raging Bolt|spa|1
|-boost|p1a: Raging Bolt|spd|1
|
|-heal|p2a: Raikou|71/100|[from] item: Leftovers
|upkeep
|turn|5
|
|t:|1779970073
|move|p2a: Raikou|Scald|p1a: Raging Bolt
|-resisted|p1a: Raging Bolt
|-damage|p1a: Raging Bolt|52/100
|move|p1a: Raging Bolt|Thunderbolt|p2a: Raikou
|-supereffective|p2a: Raikou
|-end|p2a: Raikou|Substitute
|
|-heal|p2a: Raikou|77/100|[from] item: Leftovers
|upkeep
|turn|6
|
|t:|1779970085
|switch|p2a: Tyranitar|Tyranitar, F|100/100
|-damage|p2a: Tyranitar|88/100|[from] Stealth Rock
|-weather|Sandstorm|[from] ability: Sand Stream|[of] p2a: Tyranitar
|move|p1a: Raging Bolt|Thunderbolt|p2a: Tyranitar
|-damage|p2a: Tyranitar|46/100
|
|-weather|Sandstorm|[upkeep]
|-damage|p1a: Raging Bolt|46/100|[from] Sandstorm
|-heal|p2a: Tyranitar|52/100|[from] item: Leftovers
|upkeep
|turn|7
|
|t:|1779970093
|-end|p1a: Raging Bolt|Protosynthesis|[silent]
|switch|p1a: Iron Valiant|Iron Valiant, shiny|100/100
|move|p2a: Tyranitar|Stone Edge|p1a: Iron Valiant
|-resisted|p1a: Iron Valiant
|-damage|p1a: Iron Valiant|70/100
|
|-weather|Sandstorm|[upkeep]
|-damage|p1a: Iron Valiant|64/100|[from] Sandstorm
|-heal|p2a: Tyranitar|58/100|[from] item: Leftovers
|upkeep
|turn|8
|
|t:|1779970098
|move|p1a: Iron Valiant|Moonblast|p2a: Tyranitar
|-supereffective|p2a: Tyranitar
|-damage|p2a: Tyranitar|3/100
|move|p2a: Tyranitar|Stealth Rock|p1a: Iron Valiant
|-sidestart|p1: Medieval Japan|move: Stealth Rock
|
|-weather|Sandstorm|[upkeep]
|-damage|p1a: Iron Valiant|58/100|[from] Sandstorm
|-heal|p2a: Tyranitar|9/100|[from] item: Leftovers
|upkeep
|turn|9
|
|t:|1779970105
|move|p1a: Iron Valiant|Moonblast|p2a: Tyranitar
|-supereffective|p2a: Tyranitar
|-damage|p2a: Tyranitar|0 fnt
|faint|p2a: Tyranitar
|
|-weather|Sandstorm|[upkeep]
|-damage|p1a: Iron Valiant|51/100|[from] Sandstorm
|upkeep
|inactive|Nickthenickthenick has 120 seconds left.
|inactive|Nickthenickthenick has 90 seconds left.
|
|t:|1779970176
|switch|p2a: Suicune|Suicune|100/100
|-damage|p2a: Suicune|88/100|[from] Stealth Rock
|-ability|p2a: Suicune|Pressure
|turn|10
|
|t:|1779970182
|move|p1a: Iron Valiant|Moonblast|p2a: Suicune
|-damage|p2a: Suicune|51/100
|move|p2a: Suicune|Calm Mind|p2a: Suicune
|-boost|p2a: Suicune|spa|1
|-boost|p2a: Suicune|spd|1
|
|-weather|none
|-heal|p2a: Suicune|57/100|[from] item: Leftovers
|upkeep
|turn|11
|
|t:|1779970186
|move|p1a: Iron Valiant|Moonblast|p2a: Suicune
|-damage|p2a: Suicune|30/100
|-unboost|p2a: Suicune|spa|1
|move|p2a: Suicune|Scald|p1a: Iron Valiant
|-damage|p1a: Iron Valiant|3/100
|
|-heal|p2a: Suicune|36/100|[from] item: Leftovers
|upkeep
|turn|12
|
|t:|1779970189
|move|p1a: Iron Valiant|Moonblast|p2a: Suicune
|-damage|p2a: Suicune|8/100
|-unboost|p2a: Suicune|spa|1
|move|p2a: Suicune|Ice Beam|p1a: Iron Valiant
|-damage|p1a: Iron Valiant|0 fnt
|faint|p1a: Iron Valiant
|-end|p1a: Iron Valiant|Quark Drive|[silent]
|
|-heal|p2a: Suicune|14/100|[from] item: Leftovers
|upkeep
|
|t:|1779970192
|switch|p1a: Ogerpon|Ogerpon-Wellspring, F|100/100
|-damage|p1a: Ogerpon|88/100|[from] Stealth Rock
|turn|13
|
|t:|1779970195
|move|p1a: Ogerpon|Swords Dance|p1a: Ogerpon
|-boost|p1a: Ogerpon|atk|2
|move|p2a: Suicune|Ice Beam|p1a: Ogerpon
|-damage|p1a: Ogerpon|73/100
|
|-heal|p2a: Suicune|20/100|[from] item: Leftovers
|upkeep
|turn|14
|
|t:|1779970197
|move|p1a: Ogerpon|Horn Leech|p2a: Suicune
|-supereffective|p2a: Suicune
|-damage|p2a: Suicune|0 fnt
|-heal|p1a: Ogerpon|86/100|[from] drain|[of] p2a: Suicune
|faint|p2a: Suicune
|
|upkeep
|
|t:|1779970201
|switch|p2a: Porygon2|Porygon2|100/100
|-damage|p2a: Porygon2|88/100|[from] Stealth Rock
|-ability|p2a: Porygon2|Water Absorb|Trace|[from] ability: Trace|[of] p1a: Ogerpon
|turn|15
|
|t:|1779970206
|-terastallize|p1a: Ogerpon|Water
|detailschange|p1a: Ogerpon|Ogerpon-Wellspring-Tera, F, tera:Water
|-ability|p1a: Ogerpon|Embody Aspect (Wellspring)|boost
|-boost|p1a: Ogerpon|spd|1
|move|p1a: Ogerpon|Knock Off|p2a: Porygon2
|-damage|p2a: Porygon2|49/100
|-enditem|p2a: Porygon2|Eviolite|[from] move: Knock Off|[of] p1a: Ogerpon
|move|p2a: Porygon2|Foul Play|p1a: Ogerpon
|-damage|p1a: Ogerpon|4/100
|
|upkeep
|turn|16
|
|t:|1779970215
|move|p1a: Ogerpon|Ivy Cudgel|p2a: Porygon2|[anim] Ivy Cudgel Water
|-heal|p2a: Porygon2|74/100|[from] ability: Water Absorb|[of] p1a: Ogerpon
|move|p2a: Porygon2|Foul Play|p1a: Ogerpon
|-damage|p1a: Ogerpon|0 fnt
|faint|p1a: Ogerpon
|detailschange|p1: Ogerpon|Ogerpon-Wellspring, F|[silent]
|
|upkeep
|
|t:|1779970218
|switch|p1a: Raging Bolt|Raging Bolt|46/100
|-damage|p1a: Raging Bolt|34/100|[from] Stealth Rock
|turn|17
|
|t:|1779970222
|move|p1a: Raging Bolt|Dragon Pulse|p2a: Porygon2
|-damage|p2a: Porygon2|24/100
|move|p2a: Porygon2|Ice Beam|p1a: Raging Bolt
|-supereffective|p1a: Raging Bolt
|-damage|p1a: Raging Bolt|0 fnt
|faint|p1a: Raging Bolt
|-end|p1a: Raging Bolt|Protosynthesis|[silent]
|
|upkeep
|-message|Medieval Japan forfeited.
|
|win|Nickthenickthenick
|raw|Medieval Japan's rating: 1445 &rarr; <strong>1425</strong><br />(-20 for losing)
|raw|Nickthenickthenick's rating: 1442 &rarr; <strong>1462</strong><br />(+20 for winning)
|l|☆Medieval Japan
|player|p1|
