|j|☆sharkusPL
|j|☆talljake7
|t:|1779814375
|gametype|singles
|player|p1|sharkusPL|blackbelt-gen4dp|1146
|player|p2|talljake7|ethan|1176
|gen|9
|tier|[Gen 9] OU
|rated|
|rule|HP Percentage Mod: HP is shown in percentages
|rule|Endless Battle Clause: Forcing endless battles is banned
|rule|Species Clause: Limit one of each Pokémon
|rule|OHKO Clause: OHKO moves are banned
|rule|Evasion Items Clause: Evasion items are banned
|rule|Evasion Moves Clause: Evasion moves are banned
|rule|Evasion Abilities Clause: Evasion abilities are banned
|rule|Sleep Moves Clause: Sleep-inducing moves are banned
|clearpoke
|poke|p1|Zamazenta-*|
|poke|p1|Regieleki|
|poke|p1|Tyranitar, F|
|poke|p1|Greninja-*, M|
|poke|p1|Serperior, M|
|poke|p1|Deoxys-Defense|
|poke|p2|Zoroark, M|
|poke|p2|Blastoise, M|
|poke|p2|Goodra-Hisui, M|
|poke|p2|Mimikyu, M|
|poke|p2|Kingambit, F|
|poke|p2|Hypno, M|
|teampreview
|c|☆sharkusPL|wow hypno
|inactive|Battle timer is ON: inactive players will automatically lose when time's up. (requested by sharkusPL)
|inactive|talljake7 has 120 seconds left.
|inactive|talljake7 has 90 seconds left.
|
|t:|1779814466
|teamsize|p1|6
|teamsize|p2|6
|start
|switch|p1a: Regieleki|Regieleki|100/100
|switch|p2a: Hypno|Hypno, M|100/100
|turn|1
|
|t:|1779814473
|move|p1a: Regieleki|Volt Switch|p2a: Hypno
|-damage|p2a: Hypno|0 fnt
|replace|p2a: Zoroark|Zoroark, M
|-end|p2a: Zoroark|Illusion
|faint|p2a: Zoroark
|
|t:|1779814484
|switch|p1a: Greninja|Greninja, M|100/100|[from] Volt Switch
|
|upkeep
|
|t:|1779814508
|switch|p2a: Goodra|Goodra-Hisui, M|100/100
|turn|2
|
|t:|1779814525
|move|p1a: Greninja|Ice Beam|p2a: Goodra
|-damage|p2a: Goodra|66/100
|move|p2a: Goodra|Thunderbolt|p1a: Greninja
|-supereffective|p1a: Greninja
|-damage|p1a: Greninja|0 fnt
|faint|p1a: Greninja
|
|upkeep
|
|t:|1779814534
|switch|p1a: Serperior|Serperior, M|100/100
|turn|3
|
|t:|1779814545
|switch|p2a: Hypno|Hypno, M|100/100
|move|p1a: Serperior|Leech Seed|p2a: Hypno|[miss]
|-miss|p1a: Serperior|p2a: Hypno
|
|upkeep
|turn|4
|
|t:|1779814560
|move|p1a: Serperior|Leech Seed|p2a: Hypno
|-start|p2a: Hypno|move: Leech Seed
|move|p2a: Hypno|Psychic|p1a: Serperior
|-damage|p1a: Serperior|62/100
|
|-heal|p1a: Serperior|68/100|[from] item: Leftovers
|-damage|p2a: Hypno|88/100|[from] Leech Seed|[of] p1a: Serperior
|-heal|p1a: Serperior|80/100|[silent]
|upkeep
|turn|5
|
|t:|1779814569
|move|p1a: Serperior|Leaf Storm|p2a: Hypno|[miss]
|-miss|p1a: Serperior|p2a: Hypno
|move|p2a: Hypno|Nasty Plot|p2a: Hypno
|-boost|p2a: Hypno|spa|2
|
|-heal|p1a: Serperior|86/100|[from] item: Leftovers
|-damage|p2a: Hypno|76/100|[from] Leech Seed|[of] p1a: Serperior
|-heal|p1a: Serperior|98/100|[silent]
|upkeep
|turn|6
|
|t:|1779814584
|move|p1a: Serperior|Leaf Storm|p2a: Hypno
|-damage|p2a: Hypno|37/100
|-boost|p1a: Serperior|spa|2
|move|p2a: Hypno|Psychic|p1a: Serperior
|-damage|p1a: Serperior|23/100
|
|-heal|p1a: Serperior|29/100|[from] item: Leftovers
|-damage|p2a: Hypno|25/100|[from] Leech Seed|[of] p1a: Serperior
|-heal|p1a: Serperior|41/100|[silent]
|upkeep
|turn|7
|
|t:|1779814599
|move|p1a: Serperior|Protect|p1a: Serperior
|-singleturn|p1a: Serperior|Protect
|move|p2a: Hypno|Psychic|p1a: Serperior
|-activate|p1a: Serperior|move: Protect
|
|-heal|p1a: Serperior|47/100|[from] item: Leftovers
|-damage|p2a: Hypno|13/100|[from] Leech Seed|[of] p1a: Serperior
|-heal|p1a: Serperior|59/100|[silent]
|upkeep
|turn|8
|
|t:|1779814607
|move|p1a: Serperior|Giga Drain|p2a: Hypno
|-damage|p2a: Hypno|0 fnt
|-heal|p1a: Serperior|65/100|[from] drain|[of] p2a: Hypno
|faint|p2a: Hypno
|
|-heal|p1a: Serperior|71/100|[from] item: Leftovers
|upkeep
|l|☆sharkusPL
|inactive|sharkusPL disconnected and has a minute to reconnect!
|player|p1|
|
|t:|1779814637
|switch|p2a: Goodra|Goodra-Hisui, M|66/100
|turn|9
|inactive|sharkusPL has 30 seconds to reconnect!
|j|☆sharkusPL
|inactive|sharkusPL reconnected and has 115 seconds left.
|player|p1|sharkusPL|blackbelt-gen4dp|
|
|t:|1779814687
|move|p2a: Goodra|Flamethrower|p1a: Serperior
|-supereffective|p1a: Serperior
|-damage|p1a: Serperior|11/100
|move|p1a: Serperior|Leaf Storm|p2a: Goodra
|-resisted|p2a: Goodra
|-damage|p2a: Goodra|49/100
|-boost|p1a: Serperior|spa|2
|
|-heal|p1a: Serperior|17/100|[from] item: Leftovers
|upkeep
|turn|10
|
|t:|1779814700
|move|p1a: Serperior|Protect|p1a: Serperior
|-singleturn|p1a: Serperior|Protect
|move|p2a: Goodra|Flamethrower|p1a: Serperior
|-activate|p1a: Serperior|move: Protect
|
|-heal|p1a: Serperior|23/100|[from] item: Leftovers
|upkeep
|turn|11
|
|t:|1779814717
|switch|p1a: Tyranitar|Tyranitar, F|100/100
|-weather|Sandstorm|[from] ability: Sand Stream|[of] p1a: Tyranitar
|move|p2a: Goodra|Flamethrower|p1a: Tyranitar
|-resisted|p1a: Tyranitar
|-damage|p1a: Tyranitar|91/100
|
|-weather|Sandstorm|[upkeep]
|-heal|p1a: Tyranitar|97/100|[from] item: Leftovers
|upkeep
|turn|12
|
|t:|1779814726
|switch|p2a: Blastoise|Blastoise, M|100/100
|move|p1a: Tyranitar|Earthquake|p2a: Blastoise
|-damage|p2a: Blastoise|68/100
|
|-weather|Sandstorm|[upkeep]
|-damage|p2a: Blastoise|62/100|[from] Sandstorm
|-heal|p1a: Tyranitar|100/100|[from] item: Leftovers
|upkeep
|turn|13
|
|t:|1779814738
|switch|p1a: Serperior|Serperior, M|23/100
|move|p2a: Blastoise|Surf|p1a: Serperior
|-resisted|p1a: Serperior
|-damage|p1a: Serperior|10/100
|
|-weather|Sandstorm|[upkeep]
|-damage|p1a: Serperior|4/100|[from] Sandstorm
|-damage|p2a: Blastoise|56/100|[from] Sandstorm
|-heal|p1a: Serperior|10/100|[from] item: Leftovers
|upkeep
|turn|14
|
|t:|1779814752
|switch|p2a: Goodra|Goodra-Hisui, M|49/100
|move|p1a: Serperior|Giga Drain|p2a: Goodra
|-resisted|p2a: Goodra
|-damage|p2a: Goodra|45/100
|-heal|p1a: Serperior|12/100|[from] drain|[of] p2a: Goodra
|
|-weather|Sandstorm|[upkeep]
|-damage|p1a: Serperior|6/100|[from] Sandstorm
|-heal|p1a: Serperior|12/100|[from] item: Leftovers
|upkeep
|turn|15
|inactive|sharkusPL has 120 seconds left.
|
|t:|1779814763
|move|p1a: Serperior|Protect|p1a: Serperior
|-singleturn|p1a: Serperior|Protect
|move|p2a: Goodra|Draco Meteor|p1a: Serperior
|-activate|p1a: Serperior|move: Protect
|
|-weather|none
|-heal|p1a: Serperior|18/100|[from] item: Leftovers
|upkeep
|turn|16
|inactive|sharkusPL has 120 seconds left.
|
|t:|1779814776
|switch|p1a: Tyranitar|Tyranitar, F|100/100
|-weather|Sandstorm|[from] ability: Sand Stream|[of] p1a: Tyranitar
|move|p2a: Goodra|Draco Meteor|p1a: Tyranitar
|-damage|p1a: Tyranitar|61/100
|-unboost|p2a: Goodra|spa|2
|
|-weather|Sandstorm|[upkeep]
|-heal|p1a: Tyranitar|67/100|[from] item: Leftovers
|upkeep
|turn|17
|
|t:|1779814789
|move|p2a: Goodra|Draco Meteor|p1a: Tyranitar
|-damage|p1a: Tyranitar|48/100
|-unboost|p2a: Goodra|spa|2
|move|p1a: Tyranitar|Earthquake|p2a: Goodra
|-supereffective|p2a: Goodra
|-damage|p2a: Goodra|0 fnt
|faint|p2a: Goodra
|
|-weather|Sandstorm|[upkeep]
|-heal|p1a: Tyranitar|54/100|[from] item: Leftovers
|upkeep
|
|t:|1779814798
|switch|p2a: Blastoise|Blastoise, M|56/100
|turn|18
|
|t:|1779814806
|switch|p1a: Serperior|Serperior, M|18/100
|move|p2a: Blastoise|Shell Smash|p2a: Blastoise
|-unboost|p2a: Blastoise|def|1
|-unboost|p2a: Blastoise|spd|1
|-boost|p2a: Blastoise|atk|2
|-boost|p2a: Blastoise|spa|2
|-boost|p2a: Blastoise|spe|2
|-enditem|p2a: Blastoise|White Herb
|-clearnegativeboost|p2a: Blastoise|[silent]
|
|-weather|Sandstorm|[upkeep]
|-damage|p2a: Blastoise|50/100|[from] Sandstorm
|-damage|p1a: Serperior|12/100|[from] Sandstorm
|-heal|p1a: Serperior|18/100|[from] item: Leftovers
|upkeep
|turn|19
|
|t:|1779814823
|move|p1a: Serperior|Protect|p1a: Serperior
|-singleturn|p1a: Serperior|Protect
|move|p2a: Blastoise|Ice Beam|p1a: Serperior
|-activate|p1a: Serperior|move: Protect
|
|-weather|Sandstorm|[upkeep]
|-damage|p2a: Blastoise|44/100|[from] Sandstorm
|-damage|p1a: Serperior|12/100|[from] Sandstorm
|-heal|p1a: Serperior|18/100|[from] item: Leftovers
|upkeep
|turn|20
|
|t:|1779814842
|move|p2a: Blastoise|Ice Beam|p1a: Serperior
|-supereffective|p1a: Serperior
|-crit|p1a: Serperior
|-damage|p1a: Serperior|0 fnt
|faint|p1a: Serperior
|
|-weather|none
|upkeep
|
|t:|1779814846
|switch|p1a: Deoxys|Deoxys-Defense|100/100
|-ability|p1a: Deoxys|Pressure
|turn|21
|
|t:|1779814855
|move|p2a: Blastoise|Surf|p1a: Deoxys
|-damage|p1a: Deoxys|65/100
|move|p1a: Deoxys|Thunder Wave|p2a: Blastoise
|-status|p2a: Blastoise|par
|
|-heal|p1a: Deoxys|71/100|[from] item: Leftovers
|upkeep
|turn|22
|
|t:|1779814863
|move|p1a: Deoxys|Substitute|p1a: Deoxys
|-start|p1a: Deoxys|Substitute
|-damage|p1a: Deoxys|46/100
|cant|p2a: Blastoise|par
|
|-heal|p1a: Deoxys|52/100|[from] item: Leftovers
|upkeep
|turn|23
|
|t:|1779814869
|move|p1a: Deoxys|Cosmic Power|p1a: Deoxys
|-boost|p1a: Deoxys|def|1
|-boost|p1a: Deoxys|spd|1
|move|p2a: Blastoise|Surf|p1a: Deoxys
|-activate|p1a: Deoxys|move: Substitute|[damage]
|
|-heal|p1a: Deoxys|59/100|[from] item: Leftovers
|upkeep
|turn|24
|
|t:|1779814884
|move|p1a: Deoxys|Cosmic Power|p1a: Deoxys
|-boost|p1a: Deoxys|def|1
|-boost|p1a: Deoxys|spd|1
|move|p2a: Blastoise|Surf|p1a: Deoxys
|-end|p1a: Deoxys|Substitute
|
|-heal|p1a: Deoxys|65/100|[from] item: Leftovers
|upkeep
|turn|25
|
|t:|1779814892
|move|p1a: Deoxys|Substitute|p1a: Deoxys
|-start|p1a: Deoxys|Substitute
|-damage|p1a: Deoxys|40/100
|move|p2a: Blastoise|Surf|p1a: Deoxys
|-activate|p1a: Deoxys|move: Substitute|[damage]
|
|-heal|p1a: Deoxys|46/100|[from] item: Leftovers
|upkeep
|turn|26
|
|t:|1779814900
|switch|p2a: Mimikyu|Mimikyu, M|100/100
|move|p1a: Deoxys|Cosmic Power|p1a: Deoxys
|-boost|p1a: Deoxys|def|1
|-boost|p1a: Deoxys|spd|1
|
|-heal|p1a: Deoxys|52/100|[from] item: Leftovers
|upkeep
|turn|27
|
|t:|1779814909
|move|p2a: Mimikyu|Shadow Claw|p1a: Deoxys
|-supereffective|p1a: Deoxys
|-end|p1a: Deoxys|Substitute
|move|p1a: Deoxys|Thunder Wave|p2a: Mimikyu|[miss]
|-miss|p1a: Deoxys|p2a: Mimikyu
|
|-heal|p1a: Deoxys|59/100|[from] item: Leftovers
|upkeep
|turn|28
|
|t:|1779814919
|move|p2a: Mimikyu|Shadow Claw|p1a: Deoxys
|-supereffective|p1a: Deoxys
|-damage|p1a: Deoxys|38/100
|move|p1a: Deoxys|Thunder Wave|p2a: Mimikyu
|-status|p2a: Mimikyu|par
|
|-heal|p1a: Deoxys|45/100|[from] item: Leftovers
|upkeep
|turn|29
|
|t:|1779814931
|move|p1a: Deoxys|Cosmic Power|p1a: Deoxys
|-boost|p1a: Deoxys|def|1
|-boost|p1a: Deoxys|spd|1
|move|p2a: Mimikyu|Swords Dance|p2a: Mimikyu
|-boost|p2a: Mimikyu|atk|2
|
|-heal|p1a: Deoxys|51/100|[from] item: Leftovers
|upkeep
|turn|30
|
|t:|1779814940
|move|p1a: Deoxys|Substitute|p1a: Deoxys
|-start|p1a: Deoxys|Substitute
|-damage|p1a: Deoxys|26/100
|cant|p2a: Mimikyu|par
|
|-heal|p1a: Deoxys|32/100|[from] item: Leftovers
|upkeep
|turn|31
|
|t:|1779814945
|move|p1a: Deoxys|Cosmic Power|p1a: Deoxys
|-boost|p1a: Deoxys|def|1
|-boost|p1a: Deoxys|spd|1
|move|p2a: Mimikyu|Swords Dance|p2a: Mimikyu
|-boost|p2a: Mimikyu|atk|2
|
|-heal|p1a: Deoxys|38/100|[from] item: Leftovers
|upkeep
|turn|32
|
|t:|1779814955
|move|p1a: Deoxys|Cosmic Power|p1a: Deoxys
|-boost|p1a: Deoxys|def|1
|-boost|p1a: Deoxys|spd|1
|cant|p2a: Mimikyu|par
|
|-heal|p1a: Deoxys|45/100|[from] item: Leftovers
|upkeep
|turn|33
|
|t:|1779814961
|-terastallize|p1a: Deoxys|Psychic
|move|p1a: Deoxys|Stored Power|p2a: Mimikyu
|-activate|p2a: Mimikyu|ability: Disguise
|-damage|p2a: Mimikyu|100/100 par
|detailschange|p2a: Mimikyu|Mimikyu-Busted, M
|-damage|p2a: Mimikyu|88/100 par|[from] pokemon: Mimikyu-Busted
|move|p2a: Mimikyu|Swords Dance|p2a: Mimikyu
|-boost|p2a: Mimikyu|atk|2
|
|-heal|p1a: Deoxys|51/100|[from] item: Leftovers
|upkeep
|turn|34
|
|t:|1779814979
|move|p2a: Mimikyu|Shadow Sneak|p1a: Deoxys
|-supereffective|p1a: Deoxys
|-end|p1a: Deoxys|Substitute
|move|p1a: Deoxys|Stored Power|p2a: Mimikyu
|-damage|p2a: Mimikyu|0 fnt
|faint|p2a: Mimikyu
|
|-heal|p1a: Deoxys|57/100|[from] item: Leftovers
|upkeep
|
|t:|1779814986
|switch|p2a: Blastoise|Blastoise, M|44/100 par
|turn|35
|
|t:|1779814991
|move|p1a: Deoxys|Stored Power|p2a: Blastoise
|-crit|p2a: Blastoise
|-damage|p2a: Blastoise|0 fnt
|faint|p2a: Blastoise
|
|-heal|p1a: Deoxys|63/100|[from] item: Leftovers
|upkeep
|
|t:|1779814996
|switch|p2a: Kingambit|Kingambit, F|100/100
|-activate|p2a: Kingambit|ability: Supreme Overlord
|-start|p2a: Kingambit|fallen5|[silent]
|turn|36
|
|t:|1779815004
|move|p2a: Kingambit|Sucker Punch||[still]
|-fail|p2a: Kingambit
|move|p1a: Deoxys|Thunder Wave|p2a: Kingambit
|-status|p2a: Kingambit|par
|
|-heal|p1a: Deoxys|70/100|[from] item: Leftovers
|upkeep
|turn|37
|
|t:|1779815015
|switch|p1a: Tyranitar|Tyranitar, F|54/100
|-weather|Sandstorm|[from] ability: Sand Stream|[of] p1a: Tyranitar
|move|p2a: Kingambit|Sucker Punch||[still]
|-fail|p2a: Kingambit
|
|-weather|Sandstorm|[upkeep]
|-heal|p1a: Tyranitar|61/100|[from] item: Leftovers
|upkeep
|turn|38
|
|t:|1779815024
|move|p1a: Tyranitar|Earthquake|p2a: Kingambit
|-supereffective|p2a: Kingambit
|-damage|p2a: Kingambit|54/100 par
|move|p2a: Kingambit|Iron Head|p1a: Tyranitar
|-supereffective|p1a: Tyranitar
|-damage|p1a: Tyranitar|0 fnt
|faint|p1a: Tyranitar
|
|-weather|Sandstorm|[upkeep]
|upkeep
|
|t:|1779815032
|switch|p1a: Zamazenta|Zamazenta|100/100
|-ability|p1a: Zamazenta|Dauntless Shield|boost
|-boost|p1a: Zamazenta|def|1
|turn|39
|
|t:|1779815039
|-terastallize|p2a: Kingambit|Ghost
|move|p1a: Zamazenta|Body Press|p2a: Kingambit
|-immune|p2a: Kingambit
|cant|p2a: Kingambit|par
|
|-weather|Sandstorm|[upkeep]
|-damage|p1a: Zamazenta|95/100|[from] Sandstorm
|-damage|p2a: Kingambit|47/100 par|[from] Sandstorm
|-heal|p1a: Zamazenta|100/100|[from] item: Leftovers
|upkeep
|turn|40
|c|☆sharkusPL|dark is imunne to psyhic btw
|
|t:|1779815064
|move|p1a: Zamazenta|Body Press|p2a: Kingambit
|-immune|p2a: Kingambit
|move|p2a: Kingambit|Iron Head|p1a: Zamazenta
|-damage|p1a: Zamazenta|71/100
|
|-weather|Sandstorm|[upkeep]
|-damage|p1a: Zamazenta|65/100|[from] Sandstorm
|-damage|p2a: Kingambit|41/100 par|[from] Sandstorm
|-heal|p1a: Zamazenta|71/100|[from] item: Leftovers
|upkeep
|turn|41
|
|t:|1779815088
|move|p1a: Zamazenta|Body Press|p2a: Kingambit
|-immune|p2a: Kingambit
|move|p2a: Kingambit|Iron Head|p1a: Zamazenta
|-damage|p1a: Zamazenta|42/100
|
|-weather|none
|-heal|p1a: Zamazenta|48/100|[from] item: Leftovers
|upkeep
|turn|42
|
|t:|1779815096
|move|p1a: Zamazenta|Agility|p1a: Zamazenta
|-boost|p1a: Zamazenta|spe|2
|move|p2a: Kingambit|Iron Head|p1a: Zamazenta
|-damage|p1a: Zamazenta|17/100
|
|-heal|p1a: Zamazenta|23/100|[from] item: Leftovers
|upkeep
|turn|43
|c|☆talljake7|i know but i gotta get passed zamazenta first
|
|t:|1779815113
|move|p1a: Zamazenta|Agility|p1a: Zamazenta
|-boost|p1a: Zamazenta|spe|2
|move|p2a: Kingambit|Iron Head|p1a: Zamazenta
|-damage|p1a: Zamazenta|0 fnt
|faint|p1a: Zamazenta
|
|upkeep
|
|t:|1779815121
|switch|p1a: Regieleki|Regieleki|100/100
|turn|44
|
|t:|1779815126
|move|p2a: Kingambit|Sucker Punch|p1a: Regieleki
|-damage|p1a: Regieleki|0 fnt
|faint|p1a: Regieleki
|
|upkeep
|
|t:|1779815128
|switch|p1a: Deoxys|Deoxys-Defense, tera:Psychic|70/100
|-ability|p1a: Deoxys|Pressure
|turn|45
|
|t:|1779815135
|move|p2a: Kingambit|Sucker Punch||[still]
|-fail|p2a: Kingambit
|move|p1a: Deoxys|Substitute|p1a: Deoxys
|-start|p1a: Deoxys|Substitute
|-damage|p1a: Deoxys|45/100
|
|-heal|p1a: Deoxys|51/100|[from] item: Leftovers
|upkeep
|turn|46
|
|t:|1779815142
|move|p2a: Kingambit|Sucker Punch||[still]
|-fail|p2a: Kingambit
|move|p1a: Deoxys|Cosmic Power|p1a: Deoxys
|-boost|p1a: Deoxys|def|1
|-boost|p1a: Deoxys|spd|1
|
|-heal|p1a: Deoxys|57/100|[from] item: Leftovers
|upkeep
|turn|47
|c|☆sharkusPL|w
|c|☆sharkusPL|wow u still have chances
|
|t:|1779815169
|move|p1a: Deoxys|Cosmic Power|p1a: Deoxys
|-boost|p1a: Deoxys|def|1
|-boost|p1a: Deoxys|spd|1
|move|p2a: Kingambit|Kowtow Cleave|p1a: Deoxys
|-supereffective|p1a: Deoxys
|-end|p1a: Deoxys|Substitute
|
|-heal|p1a: Deoxys|63/100|[from] item: Leftovers
|upkeep
|turn|48
|
|t:|1779815178
|move|p1a: Deoxys|Cosmic Power|p1a: Deoxys
|-boost|p1a: Deoxys|def|1
|-boost|p1a: Deoxys|spd|1
|move|p2a: Kingambit|Kowtow Cleave|p1a: Deoxys
|-supereffective|p1a: Deoxys
|-damage|p1a: Deoxys|24/100
|
|-heal|p1a: Deoxys|30/100|[from] item: Leftovers
|upkeep
|turn|49
|
|t:|1779815193
|move|p1a: Deoxys|Substitute|p1a: Deoxys
|-start|p1a: Deoxys|Substitute
|-damage|p1a: Deoxys|5/100
|move|p2a: Kingambit|Kowtow Cleave|p1a: Deoxys
|-supereffective|p1a: Deoxys
|-end|p1a: Deoxys|Substitute
|
|-heal|p1a: Deoxys|11/100|[from] item: Leftovers
|upkeep
|turn|50
|
|t:|1779815203
|move|p1a: Deoxys|Cosmic Power|p1a: Deoxys
|-boost|p1a: Deoxys|def|1
|-boost|p1a: Deoxys|spd|1
|move|p2a: Kingambit|Kowtow Cleave|p1a: Deoxys
|-supereffective|p1a: Deoxys
|-damage|p1a: Deoxys|0 fnt
|faint|p1a: Deoxys
|
|win|talljake7
|raw|sharkusPL's rating: 1146 &rarr; <strong>1123</strong><br />(-23 for losing)
|raw|talljake7's rating: 1176 &rarr; <strong>1199</strong><br />(+23 for winning)
|c|☆sharkusPL|gg
|c|☆talljake7|gg
|c|☆talljake7|why didn't you attack
|l|☆sharkusPL
|player|p1|
|c|☆talljake7|i was out of sucker punch and i tera'd to ghost
|l|☆talljake7
|player|p2|
