|j|☆Kis Vegallomas
|j|☆azert38
|t:|1779971949
|gametype|singles
|player|p1|Kis Vegallomas|102|1239
|player|p2|azert38|bruno|1185
|gen|9
|tier|[Gen 9] OU
|rated|
|rule|HP Percentage Mod: HP is shown in percentages
|rule|Endless Battle Clause: Forcing endless battles is banned
|rule|Species Clause: Limit one of each Pokémon
|rule|OHKO Clause: OHKO moves are banned
|rule|Evasion Items Clause: Evasion items are banned
|rule|Evasion Moves Clause: Evasion moves are banned
|rule|Evasion Abilities Clause: Evasion abilities are banned
|rule|Sleep Moves Clause: Sleep-inducing moves are banned
|clearpoke
|poke|p1|Primeape, M|
|poke|p1|Skarmory, M|
|poke|p1|Weezing-Galar, F|
|poke|p1|Hatterene, F|
|poke|p1|Regidrago|
|poke|p1|Smeargle, M|
|poke|p2|Pelipper, M|
|poke|p2|Iron Treads|
|poke|p2|Barraskewda, M|
|poke|p2|Raging Bolt|
|poke|p2|Talonflame, M|
|poke|p2|Keldeo-Resolute|
|teampreview
|inactive|Battle timer is ON: inactive players will automatically lose when time's up. (requested by azert38)
|
|t:|1779971961
|teamsize|p1|6
|teamsize|p2|6
|start
|switch|p1a: Weezing|Weezing-Galar, F|100/100
|switch|p2a: Bec qui pend|Pelipper, M|100/100
|-weather|RainDance|[from] ability: Drizzle|[of] p2a: Bec qui pend
|turn|1
|inactive|Kis Vegallomas has 120 seconds left.
|
|t:|1779972008
|move|p1a: Weezing|Thunderbolt|p2a: Bec qui pend
|-supereffective|p2a: Bec qui pend
|-damage|p2a: Bec qui pend|3/100
|move|p2a: Bec qui pend|U-turn|p1a: Weezing
|-resisted|p1a: Weezing
|-damage|p1a: Weezing|99/100
|
|t:|1779972014
|switch|p2a: Haskwakoubeh|Barraskewda, M|100/100|[from] U-turn
|
|-weather|RainDance|[upkeep]
|-heal|p1a: Weezing|100/100|[from] item: Black Sludge
|upkeep
|turn|2
|inactive|Kis Vegallomas has 90 seconds left.
|
|t:|1779972055
|move|p2a: Haskwakoubeh|Flip Turn|p1a: Weezing
|-damage|p1a: Weezing|35/100
|
|t:|1779972059
|switch|p2a: Great Tusk Wish|Iron Treads|100/100|[from] Flip Turn
|-enditem|p2a: Great Tusk Wish|Booster Energy
|-activate|p2a: Great Tusk Wish|ability: Quark Drive|[fromitem]
|-start|p2a: Great Tusk Wish|quarkdrivespe
|move|p1a: Weezing|Will-O-Wisp|p2a: Great Tusk Wish
|-status|p2a: Great Tusk Wish|brn
|
|-weather|RainDance|[upkeep]
|-heal|p1a: Weezing|41/100|[from] item: Black Sludge
|-damage|p2a: Great Tusk Wish|94/100 brn|[from] brn
|upkeep
|turn|3
|
|t:|1779972065
|switch|p1a: Hatterene|Hatterene, F|100/100
|move|p2a: Great Tusk Wish|Ice Spinner|p1a: Hatterene
|-damage|p1a: Hatterene|90/100
|-damage|p2a: Great Tusk Wish|78/100 brn|[from] item: Rocky Helmet|[of] p1a: Hatterene
|
|-weather|RainDance|[upkeep]
|-damage|p2a: Great Tusk Wish|72/100 brn|[from] brn
|upkeep
|turn|4
|
|t:|1779972076
|-end|p2a: Great Tusk Wish|Quark Drive|[silent]
|switch|p2a: Le Talon Ducul|Talonflame, M|100/100
|move|p1a: Hatterene|Calm Mind|p1a: Hatterene
|-boost|p1a: Hatterene|spa|1
|-boost|p1a: Hatterene|spd|1
|
|-weather|RainDance|[upkeep]
|upkeep
|turn|5
|
|t:|1779972084
|move|p2a: Le Talon Ducul|Hurricane|p1a: Hatterene
|-damage|p1a: Hatterene|42/100
|move|p1a: Hatterene|Psyshock|p2a: Le Talon Ducul
|-damage|p2a: Le Talon Ducul|23/100
|
|-weather|RainDance|[upkeep]
|upkeep
|turn|6
|
|t:|1779972097
|move|p2a: Le Talon Ducul|Hurricane|p1a: Hatterene
|-damage|p1a: Hatterene|0 fnt
|faint|p1a: Hatterene
|
|-weather|RainDance|[upkeep]
|upkeep
|
|t:|1779972103
|switch|p1a: Regidrago|Regidrago|100/100
|turn|7
|
|t:|1779972114
|move|p2a: Le Talon Ducul|Hurricane|p1a: Regidrago
|-damage|p1a: Regidrago|36/100
|move|p1a: Regidrago|Dragon Pulse|p2a: Le Talon Ducul
|-damage|p2a: Le Talon Ducul|0 fnt
|faint|p2a: Le Talon Ducul
|
|-weather|RainDance|[upkeep]
|upkeep
|
|t:|1779972120
|switch|p2a: Sophie|Raging Bolt|100/100
|-enditem|p2a: Sophie|Booster Energy
|-activate|p2a: Sophie|ability: Protosynthesis|[fromitem]
|-start|p2a: Sophie|protosynthesisspa
|turn|8
|
|t:|1779972125
|switch|p1a: Weezing|Weezing-Galar, F|41/100
|move|p2a: Sophie|Dragon Pulse|p1a: Weezing
|-immune|p1a: Weezing
|
|-weather|none
|-heal|p1a: Weezing|47/100|[from] item: Black Sludge
|upkeep
|turn|9
|
|t:|1779972131
|-end|p2a: Sophie|Protosynthesis|[silent]
|switch|p2a: Bec qui pend|Pelipper, M|3/100
|-weather|RainDance|[from] ability: Drizzle|[of] p2a: Bec qui pend
|move|p1a: Weezing|Toxic|p2a: Bec qui pend
|-status|p2a: Bec qui pend|tox
|
|-weather|RainDance|[upkeep]
|-heal|p1a: Weezing|53/100|[from] item: Black Sludge
|-damage|p2a: Bec qui pend|0 fnt|[from] psn
|faint|p2a: Bec qui pend
|upkeep
|
|t:|1779972136
|switch|p2a: Sophie|Raging Bolt|100/100
|turn|10
|
|t:|1779972141
|move|p2a: Sophie|Thunder|p1a: Weezing
|-damage|p1a: Weezing|0 fnt
|faint|p1a: Weezing
|
|-weather|RainDance|[upkeep]
|upkeep
|
|t:|1779972147
|switch|p1a: Regidrago|Regidrago|36/100
|turn|11
|
|t:|1779972154
|-terastallize|p2a: Sophie|Fairy
|move|p1a: Regidrago|Dragon Pulse|p2a: Sophie
|-immune|p2a: Sophie
|move|p2a: Sophie|Dragon Pulse|p1a: Regidrago
|-supereffective|p1a: Regidrago
|-damage|p1a: Regidrago|0 fnt
|faint|p1a: Regidrago
|
|-weather|RainDance|[upkeep]
|upkeep
|
|t:|1779972161
|switch|p1a: Primeape|Primeape, M|100/100
|turn|12
|
|t:|1779972165
|move|p2a: Sophie|Thunder|p1a: Primeape
|-damage|p1a: Primeape|62/100
|move|p1a: Primeape|Rage Fist|p2a: Sophie
|-damage|p2a: Sophie|77/100
|
|-weather|RainDance|[upkeep]
|upkeep
|turn|13
|
|t:|1779972172
|move|p2a: Sophie|Thunder|p1a: Primeape
|-damage|p1a: Primeape|24/100
|move|p1a: Primeape|Rage Fist|p2a: Sophie
|-damage|p2a: Sophie|43/100
|
|-weather|RainDance|[upkeep]
|upkeep
|turn|14
|
|t:|1779972181
|switch|p1a: Smeargle|Smeargle, M|100/100
|move|p2a: Sophie|Thunder|p1a: Smeargle
|-damage|p1a: Smeargle|0 fnt
|faint|p1a: Smeargle
|
|-weather|RainDance|[upkeep]
|upkeep
|
|t:|1779972183
|switch|p1a: Primeape|Primeape, M|24/100
|turn|15
|
|t:|1779972190
|move|p2a: Sophie|Thunder|p1a: Primeape
|-damage|p1a: Primeape|0 fnt
|faint|p1a: Primeape
|
|-weather|RainDance|[upkeep]
|upkeep
|
|t:|1779972202
|switch|p1a: Skarmory|Skarmory, M|100/100
|turn|16
|
|t:|1779972219
|move|p2a: Sophie|Thunder|p1a: Skarmory
|-supereffective|p1a: Skarmory
|-damage|p1a: Skarmory|0 fnt
|faint|p1a: Skarmory
|
|win|azert38
|raw|Kis Vegallomas's rating: 1239 &rarr; <strong>1210</strong><br />(-29 for losing)
|raw|azert38's rating: 1185 &rarr; <strong>1214</strong><br />(+29 for winning)
|l|☆azert38
|player|p2|
|l|☆Kis Vegallomas
|player|p1|
|j|☆Kis Vegallomas
|player|p1|Kis Vegallomas|102|
