|j|☆kitakami kitchen
|j|☆kvgreat1234567
|t:|1779942259
|gametype|singles
|player|p1|kitakami kitchen|roxie|1444
|player|p2|kvgreat1234567|102|1369
|gen|9
|tier|[Gen 9] OU
|rated|
|rule|HP Percentage Mod: HP is shown in percentages
|rule|Endless Battle Clause: Forcing endless battles is banned
|rule|Species Clause: Limit one of each Pokémon
|rule|OHKO Clause: OHKO moves are banned
|rule|Evasion Items Clause: Evasion items are banned
|rule|Evasion Moves Clause: Evasion moves are banned
|rule|Evasion Abilities Clause: Evasion abilities are banned
|rule|Sleep Moves Clause: Sleep-inducing moves are banned
|clearpoke
|poke|p1|Rillaboom, M|
|poke|p1|Hawlucha, M|
|poke|p1|Hatterene, F|
|poke|p1|Scizor, F|
|poke|p1|Glimmora, M|
|poke|p1|Ogerpon-Wellspring, F|
|poke|p2|Blaziken, F|
|poke|p2|Zamazenta-*|
|poke|p2|Ogerpon-Wellspring, F|
|poke|p2|Iron Moth|
|poke|p2|Darkrai|
|poke|p2|Salamence, M|
|teampreview
|
|t:|1779942280
|teamsize|p1|6
|teamsize|p2|6
|start
|switch|p1a: Glimmora|Glimmora, M|100/100
|switch|p2a: Ogerpon|Ogerpon-Wellspring, F|100/100
|turn|1
|
|t:|1779942286
|switch|p1a: Rillaboom|Rillaboom, M|100/100
|-fieldstart|move: Grassy Terrain|[from] ability: Grassy Surge|[of] p1a: Rillaboom
|move|p2a: Ogerpon|Ivy Cudgel|p1a: Rillaboom|[anim] Ivy Cudgel Water
|-resisted|p1a: Rillaboom
|-damage|p1a: Rillaboom|71/100
|
|-heal|p1a: Rillaboom|78/100|[from] Grassy Terrain
|upkeep
|turn|2
|
|t:|1779942289
|move|p2a: Ogerpon|Play Rough|p1a: Rillaboom
|-damage|p1a: Rillaboom|41/100
|move|p1a: Rillaboom|U-turn|p2a: Ogerpon
|-supereffective|p2a: Ogerpon
|-damage|p2a: Ogerpon|32/100
|
|t:|1779942298
|switch|p1a: Hawlucha|Hawlucha, M|100/100|[from] U-turn
|-enditem|p1a: Hawlucha|Grassy Seed
|-boost|p1a: Hawlucha|def|1|[from] item: Grassy Seed
|
|-heal|p2a: Ogerpon|38/100|[from] Grassy Terrain
|upkeep
|turn|3
|
|t:|1779942302
|move|p1a: Hawlucha|Swords Dance|p1a: Hawlucha
|-boost|p1a: Hawlucha|atk|2
|move|p2a: Ogerpon|Ivy Cudgel|p1a: Hawlucha|[anim] Ivy Cudgel Water
|-damage|p1a: Hawlucha|47/100
|
|-heal|p2a: Ogerpon|44/100|[from] Grassy Terrain
|upkeep
|turn|4
|
|t:|1779942308
|move|p1a: Hawlucha|Acrobatics|p2a: Ogerpon
|-supereffective|p2a: Ogerpon
|-crit|p2a: Ogerpon
|-damage|p2a: Ogerpon|0 fnt
|faint|p2a: Ogerpon
|
|upkeep
|
|t:|1779942313
|switch|p2a: Blaziken|Blaziken, F|100/100
|turn|5
|
|t:|1779942318
|move|p1a: Hawlucha|Swords Dance|p1a: Hawlucha
|-boost|p1a: Hawlucha|atk|2
|move|p2a: Blaziken|Swords Dance|p2a: Blaziken
|-boost|p2a: Blaziken|atk|2
|
|-ability|p2a: Blaziken|Speed Boost|boost
|-boost|p2a: Blaziken|spe|1
|upkeep
|turn|6
|
|t:|1779942329
|move|p1a: Hawlucha|Encore|p2a: Blaziken
|-start|p2a: Blaziken|Encore
|move|p2a: Blaziken|Swords Dance|p2a: Blaziken
|-boost|p2a: Blaziken|atk|2
|
|-ability|p2a: Blaziken|Speed Boost|boost
|-boost|p2a: Blaziken|spe|1
|upkeep
|turn|7
|
|t:|1779942339
|switch|p2a: Salamence|Salamence, M|100/100
|-ability|p2a: Salamence|Intimidate|boost
|-unboost|p1a: Hawlucha|atk|1
|move|p1a: Hawlucha|Acrobatics|p2a: Salamence
|-damage|p2a: Salamence|0 fnt
|faint|p2a: Salamence
|
|upkeep
|
|t:|1779942344
|switch|p2a: Blaziken|Blaziken, F|100/100
|turn|8
|
|t:|1779942349
|move|p1a: Hawlucha|Acrobatics|p2a: Blaziken
|-supereffective|p2a: Blaziken
|-enditem|p2a: Blaziken|Focus Sash
|-damage|p2a: Blaziken|1/100
|move|p2a: Blaziken|Blaze Kick|p1a: Hawlucha
|-damage|p1a: Hawlucha|2/100
|
|-heal|p2a: Blaziken|7/100|[from] Grassy Terrain
|-fieldend|move: Grassy Terrain
|-ability|p2a: Blaziken|Speed Boost|boost
|-boost|p2a: Blaziken|spe|1
|upkeep
|turn|9
|
|t:|1779942360
|move|p2a: Blaziken|Endure|p2a: Blaziken
|-singleturn|p2a: Blaziken|move: Endure
|move|p1a: Hawlucha|Acrobatics|p2a: Blaziken
|-supereffective|p2a: Blaziken
|-activate|p2a: Blaziken|move: Endure
|-damage|p2a: Blaziken|1/100
|
|-ability|p2a: Blaziken|Speed Boost|boost
|-boost|p2a: Blaziken|spe|1
|upkeep
|turn|10
|
|t:|1779942367
|move|p1a: Hawlucha|Encore|p2a: Blaziken
|-start|p2a: Blaziken|Encore
|move|p2a: Blaziken|Endure||[still]
|-fail|p2a: Blaziken
|
|-ability|p2a: Blaziken|Speed Boost|boost
|-boost|p2a: Blaziken|spe|1
|upkeep
|turn|11
|
|t:|1779942371
|move|p2a: Blaziken|Endure|p2a: Blaziken
|-singleturn|p2a: Blaziken|move: Endure
|move|p1a: Hawlucha|Acrobatics|p2a: Blaziken
|-supereffective|p2a: Blaziken
|-activate|p2a: Blaziken|move: Endure
|-damage|p2a: Blaziken|1/100
|
|-ability|p2a: Blaziken|Speed Boost|boost
|-boost|p2a: Blaziken|spe|1
|upkeep
|turn|12
|
|t:|1779942377
|move|p2a: Blaziken|Endure||[still]
|-fail|p2a: Blaziken
|move|p1a: Hawlucha|Acrobatics|p2a: Blaziken
|-supereffective|p2a: Blaziken
|-damage|p2a: Blaziken|0 fnt
|faint|p2a: Blaziken
|
|upkeep
|
|t:|1779942382
|switch|p2a: Zamazenta|Zamazenta|100/100
|-ability|p2a: Zamazenta|Dauntless Shield|boost
|-boost|p2a: Zamazenta|def|1
|turn|13
|
|t:|1779942388
|-terastallize|p2a: Zamazenta|Steel
|move|p1a: Hawlucha|Acrobatics|p2a: Zamazenta
|-resisted|p2a: Zamazenta
|-damage|p2a: Zamazenta|63/100
|move|p2a: Zamazenta|Heavy Slam|p1a: Hawlucha
|-damage|p1a: Hawlucha|0 fnt
|faint|p1a: Hawlucha
|-damage|p2a: Zamazenta|53/100|[from] item: Life Orb
|
|upkeep
|
|t:|1779942406
|switch|p1a: Scizor|Scizor, F|100/100
|turn|14
|
|t:|1779942409
|move|p2a: Zamazenta|Close Combat|p1a: Scizor
|-damage|p1a: Scizor|13/100
|-unboost|p2a: Zamazenta|def|1
|-unboost|p2a: Zamazenta|spd|1
|-damage|p2a: Zamazenta|43/100|[from] item: Life Orb
|move|p1a: Scizor|Close Combat|p2a: Zamazenta
|-supereffective|p2a: Zamazenta
|-damage|p2a: Zamazenta|0 fnt
|-unboost|p1a: Scizor|def|1
|-unboost|p1a: Scizor|spd|1
|faint|p2a: Zamazenta
|-damage|p1a: Scizor|3/100|[from] item: Life Orb
|
|upkeep
|
|t:|1779942420
|switch|p2a: Iron Moth|Iron Moth|100/100
|-enditem|p2a: Iron Moth|Booster Energy
|-activate|p2a: Iron Moth|ability: Quark Drive|[fromitem]
|-start|p2a: Iron Moth|quarkdrivespa
|turn|15
|
|t:|1779942428
|switch|p1a: Glimmora|Glimmora, M|100/100
|move|p2a: Iron Moth|Fiery Dance|p1a: Glimmora
|-resisted|p1a: Glimmora
|-damage|p1a: Glimmora|61/100
|
|upkeep
|turn|16
|
|t:|1779942436
|move|p2a: Iron Moth|Discharge|p1a: Glimmora
|-crit|p1a: Glimmora
|-damage|p1a: Glimmora|0 fnt
|faint|p1a: Glimmora
|
|upkeep
|
|t:|1779942447
|switch|p1a: Ogerpon|Ogerpon-Wellspring, F|100/100
|turn|17
|
|t:|1779942451
|-terastallize|p1a: Ogerpon|Water
|detailschange|p1a: Ogerpon|Ogerpon-Wellspring-Tera, F, tera:Water
|-ability|p1a: Ogerpon|Embody Aspect (Wellspring)|boost
|-boost|p1a: Ogerpon|spd|1
|move|p1a: Ogerpon|Ivy Cudgel|p2a: Iron Moth|[anim] Ivy Cudgel Water
|-supereffective|p2a: Iron Moth
|-damage|p2a: Iron Moth|0 fnt
|faint|p2a: Iron Moth
|-end|p2a: Iron Moth|Quark Drive|[silent]
|
|upkeep
|
|t:|1779942457
|switch|p2a: Darkrai|Darkrai|100/100
|turn|18
|
|t:|1779942459
|move|p2a: Darkrai|Dark Pulse|p1a: Ogerpon
|-damage|p1a: Ogerpon|64/100
|move|p1a: Ogerpon|Ivy Cudgel|p2a: Darkrai|[anim] Ivy Cudgel Water
|-damage|p2a: Darkrai|4/100
|
|upkeep
|turn|19
|
|t:|1779942464
|move|p2a: Darkrai|Dark Pulse|p1a: Ogerpon
|-damage|p1a: Ogerpon|29/100
|move|p1a: Ogerpon|Ivy Cudgel|p2a: Darkrai|[anim] Ivy Cudgel Water
|-damage|p2a: Darkrai|0 fnt
|faint|p2a: Darkrai
|
|win|kitakami kitchen
|raw|kitakami kitchen's rating: 1444 &rarr; <strong>1460</strong><br />(+16 for winning)
|raw|kvgreat1234567's rating: 1369 &rarr; <strong>1353</strong><br />(-16 for losing)
|l|☆kitakami kitchen
|player|p1|
|l|☆kvgreat1234567
|player|p2|
