|j|☆lilith q
|j|☆claudechamp
|t:|1779909984
|gametype|singles
|player|p1|lilith q|clair|1116
|player|p2|claudechamp|169|1067
|gen|9
|tier|[Gen 9] OU
|rated|
|rule|HP Percentage Mod: HP is shown in percentages
|rule|Endless Battle Clause: Forcing endless battles is banned
|rule|Species Clause: Limit one of each Pokémon
|rule|OHKO Clause: OHKO moves are banned
|rule|Evasion Items Clause: Evasion items are banned
|rule|Evasion Moves Clause: Evasion moves are banned
|rule|Evasion Abilities Clause: Evasion abilities are banned
|rule|Sleep Moves Clause: Sleep-inducing moves are banned
|clearpoke
|poke|p1|Ninetales, F|
|poke|p1|Venusaur, F|
|poke|p1|Walking Wake|
|poke|p1|Cresselia, F|
|poke|p1|Great Tusk|
|poke|p1|Cinderace, F|
|poke|p2|Gliscor, M|
|poke|p2|Ogerpon, F|
|poke|p2|Walking Wake|
|poke|p2|Blissey, F|
|poke|p2|Corviknight, F|
|poke|p2|Pecharunt|
|teampreview
|c|☆claudechamp|hf
|inactive|Battle timer is ON: inactive players will automatically lose when time's up. (requested by lilith q)
|
|t:|1779909991
|teamsize|p1|6
|teamsize|p2|6
|start
|switch|p1a: Ninetales|Ninetales, F, shiny|100/100
|switch|p2a: Gliscor|Gliscor, M|100/100
|-weather|SunnyDay|[from] ability: Drought|[of] p1a: Ninetales
|turn|1
|c|☆lilith q|u2
|inactive|claudechamp also wants the timer to be on.
|
|t:|1779910001
|switch|p1a: Great Tusk|Great Tusk|100/100
|-activate|p1a: Great Tusk|ability: Protosynthesis
|-start|p1a: Great Tusk|protosynthesisatk
|move|p2a: Gliscor|Spikes|p1a: Great Tusk
|-sidestart|p1: lilith q|Spikes
|
|-weather|SunnyDay|[upkeep]
|-status|p2a: Gliscor|tox|[from] item: Toxic Orb
|upkeep
|turn|2
|
|t:|1779910011
|move|p1a: Great Tusk|Ice Spinner|p2a: Gliscor
|-supereffective|p2a: Gliscor
|-damage|p2a: Gliscor|0 fnt
|faint|p2a: Gliscor
|
|-weather|SunnyDay|[upkeep]
|upkeep
|
|t:|1779910015
|switch|p2a: Ogerpon|Ogerpon, F|100/100
|turn|3
|
|t:|1779910024
|switch|p2a: Pecharunt|Pecharunt|100/100
|move|p1a: Great Tusk|Rapid Spin|p2a: Pecharunt
|-immune|p2a: Pecharunt
|
|-weather|SunnyDay|[upkeep]
|upkeep
|turn|4
|
|t:|1779910044
|move|p1a: Great Tusk|Rapid Spin|p2a: Pecharunt
|-immune|p2a: Pecharunt
|move|p2a: Pecharunt|Malignant Chain|p1a: Great Tusk
|-resisted|p1a: Great Tusk
|-crit|p1a: Great Tusk
|-damage|p1a: Great Tusk|68/100
|-status|p1a: Great Tusk|tox
|-start|p1a: Great Tusk|confusion|[from] ability: Poison Puppeteer|[of] p2a: Pecharunt
|
|-weather|SunnyDay|[upkeep]
|-damage|p1a: Great Tusk|62/100 tox|[from] psn
|upkeep
|turn|5
|
|t:|1779910054
|-activate|p1a: Great Tusk|confusion
|-damage|p1a: Great Tusk|53/100 tox|[from] confusion
|move|p2a: Pecharunt|Malignant Chain|p1a: Great Tusk
|-resisted|p1a: Great Tusk
|-damage|p1a: Great Tusk|27/100 tox
|
|-weather|SunnyDay|[upkeep]
|-damage|p1a: Great Tusk|15/100 tox|[from] psn
|upkeep
|turn|6
|
|t:|1779910068
|-end|p1a: Great Tusk|confusion
|move|p1a: Great Tusk|Headlong Rush|p2a: Pecharunt
|-supereffective|p2a: Pecharunt
|-damage|p2a: Pecharunt|17/100
|-unboost|p1a: Great Tusk|def|1
|-unboost|p1a: Great Tusk|spd|1
|-enditem|p1a: Great Tusk|Eject Pack
|
|t:|1779910088
|-end|p1a: Great Tusk|Protosynthesis|[silent]
|switch|p1a: Cinderace|Cinderace, F|100/100
|-damage|p1a: Cinderace|88/100|[from] Spikes
|move|p2a: Pecharunt|Malignant Chain|p1a: Cinderace
|-damage|p1a: Cinderace|41/100
|-status|p1a: Cinderace|tox
|-start|p1a: Cinderace|confusion|[from] ability: Poison Puppeteer|[of] p2a: Pecharunt
|
|-weather|SunnyDay|[upkeep]
|-damage|p1a: Cinderace|35/100 tox|[from] psn
|upkeep
|turn|7
|
|t:|1779910105
|-activate|p1a: Cinderace|confusion
|-damage|p1a: Cinderace|17/100 tox|[from] confusion
|move|p2a: Pecharunt|Recover|p2a: Pecharunt
|-heal|p2a: Pecharunt|67/100
|
|-weather|SunnyDay|[upkeep]
|-damage|p1a: Cinderace|5/100 tox|[from] psn
|upkeep
|turn|8
|
|t:|1779910118
|-activate|p1a: Cinderace|confusion
|-damage|p1a: Cinderace|0 fnt|[from] confusion
|faint|p1a: Cinderace
|move|p2a: Pecharunt|Malignant Chain|p1: Cinderace|[notarget]
|-fail|p2a: Pecharunt
|
|-weather|none
|upkeep
|
|t:|1779910128
|switch|p1a: Ninetales|Ninetales, F, shiny|100/100
|-damage|p1a: Ninetales|88/100|[from] Spikes
|-weather|SunnyDay|[from] ability: Drought|[of] p1a: Ninetales
|turn|9
|
|t:|1779910139
|move|p1a: Ninetales|Overheat|p2a: Pecharunt
|-damage|p2a: Pecharunt|8/100
|-unboost|p1a: Ninetales|spa|2
|move|p2a: Pecharunt|Recover|p2a: Pecharunt
|-heal|p2a: Pecharunt|58/100
|
|-weather|SunnyDay|[upkeep]
|upkeep
|turn|10
|
|t:|1779910149
|move|p1a: Ninetales|Scorching Sands|p2a: Pecharunt
|-supereffective|p2a: Pecharunt
|-damage|p2a: Pecharunt|44/100
|-status|p2a: Pecharunt|brn
|move|p2a: Pecharunt|Malignant Chain|p1a: Ninetales
|-damage|p1a: Ninetales|60/100
|-status|p1a: Ninetales|tox
|-start|p1a: Ninetales|confusion|[from] ability: Poison Puppeteer|[of] p2a: Pecharunt
|
|-weather|SunnyDay|[upkeep]
|-damage|p1a: Ninetales|54/100 tox|[from] psn
|-damage|p2a: Pecharunt|38/100 brn|[from] brn
|upkeep
|turn|11
|
|t:|1779910163
|switch|p1a: Cresselia|Cresselia, F|100/100
|move|p2a: Pecharunt|Recover|p2a: Pecharunt
|-heal|p2a: Pecharunt|88/100 brn
|
|-weather|SunnyDay|[upkeep]
|-damage|p2a: Pecharunt|82/100 brn|[from] brn
|upkeep
|turn|12
|
|t:|1779910171
|switch|p2a: Blissey|Blissey, F|100/100
|move|p1a: Cresselia|Moonblast|p2a: Blissey
|-damage|p2a: Blissey|95/100
|
|-weather|SunnyDay|[upkeep]
|upkeep
|turn|13
|
|t:|1779910186
|move|p1a: Cresselia|Lunar Dance|p1a: Cresselia
|faint|p1a: Cresselia
|move|p2a: Blissey|Stealth Rock|p1: Cresselia
|-sidestart|p1: lilith q|move: Stealth Rock
|
|-weather|SunnyDay|[upkeep]
|upkeep
|
|t:|1779910194
|switch|p1a: Great Tusk|Great Tusk|15/100 tox
|-heal|p1a: Great Tusk|100/100|[from] move: Lunar Dance
|-damage|p1a: Great Tusk|88/100|[from] Spikes
|-damage|p1a: Great Tusk|85/100|[from] Stealth Rock
|-activate|p1a: Great Tusk|ability: Protosynthesis
|-start|p1a: Great Tusk|protosynthesisatk
|turn|14
|
|t:|1779910201
|switch|p2a: Pecharunt|Pecharunt|82/100 brn
|move|p1a: Great Tusk|Headlong Rush|p2a: Pecharunt
|-supereffective|p2a: Pecharunt
|-damage|p2a: Pecharunt|0 fnt
|-unboost|p1a: Great Tusk|def|1
|-unboost|p1a: Great Tusk|spd|1
|faint|p2a: Pecharunt
|
|-weather|SunnyDay|[upkeep]
|upkeep
|
|t:|1779910205
|switch|p2a: Walking Wake|Walking Wake|100/100
|-activate|p2a: Walking Wake|ability: Protosynthesis
|-start|p2a: Walking Wake|protosynthesisspe
|turn|15
|
|t:|1779910215
|move|p2a: Walking Wake|Surf|p1a: Great Tusk
|-supereffective|p1a: Great Tusk
|-damage|p1a: Great Tusk|0 fnt
|faint|p1a: Great Tusk
|-end|p1a: Great Tusk|Protosynthesis|[silent]
|
|-weather|SunnyDay|[upkeep]
|upkeep
|
|t:|1779910222
|switch|p1a: Venusaur|Venusaur, F|100/100
|-damage|p1a: Venusaur|88/100|[from] Spikes
|-damage|p1a: Venusaur|76/100|[from] Stealth Rock
|turn|16
|
|t:|1779910228
|move|p1a: Venusaur|Solar Beam||[still]
|-prepare|p1a: Venusaur|Solar Beam
|-anim|p1a: Venusaur|Solar Beam|p2a: Walking Wake
|-damage|p2a: Walking Wake|37/100
|move|p2a: Walking Wake|Draco Meteor|p1a: Venusaur|[miss]
|-miss|p2a: Walking Wake|p1a: Venusaur
|
|-weather|none
|-end|p2a: Walking Wake|Protosynthesis
|-heal|p1a: Venusaur|82/100|[from] item: Leftovers
|upkeep
|turn|17
|
|t:|1779910237
|move|p2a: Walking Wake|Draco Meteor|p1a: Venusaur
|-damage|p1a: Venusaur|4/100
|-unboost|p2a: Walking Wake|spa|2
|move|p1a: Venusaur|Solar Beam||[still]
|-prepare|p1a: Venusaur|Solar Beam
|
|-heal|p1a: Venusaur|10/100|[from] item: Leftovers
|upkeep
|turn|18
|
|t:|1779910247
|move|p2a: Walking Wake|Knock Off|p1a: Venusaur
|-damage|p1a: Venusaur|0 fnt
|-enditem|p1a: Venusaur|Leftovers|[from] move: Knock Off|[of] p2a: Walking Wake
|faint|p1a: Venusaur
|
|upkeep
|
|t:|1779910255
|switch|p1a: Ninetales|Ninetales, F, shiny|54/100 tox
|-damage|p1a: Ninetales|42/100 tox|[from] Spikes
|-damage|p1a: Ninetales|17/100 tox|[from] Stealth Rock
|-weather|SunnyDay|[from] ability: Drought|[of] p1a: Ninetales
|-activate|p2a: Walking Wake|ability: Protosynthesis
|-start|p2a: Walking Wake|protosynthesisspe
|turn|19
|c|☆lilith q|ggs
|
|t:|1779910265
|move|p2a: Walking Wake|Surf|p1a: Ninetales
|-supereffective|p1a: Ninetales
|-damage|p1a: Ninetales|0 fnt
|faint|p1a: Ninetales
|
|-weather|SunnyDay|[upkeep]
|upkeep
|
|t:|1779910271
|switch|p1a: Walking Wake|Walking Wake|100/100
|-damage|p1a: Walking Wake|88/100|[from] Spikes
|-damage|p1a: Walking Wake|76/100|[from] Stealth Rock
|-activate|p1a: Walking Wake|ability: Protosynthesis
|-start|p1a: Walking Wake|protosynthesisspa
|turn|20
|
|t:|1779910278
|-terastallize|p2a: Walking Wake|Water
|move|p2a: Walking Wake|Draco Meteor|p1a: Walking Wake
|-supereffective|p1a: Walking Wake
|-damage|p1a: Walking Wake|0 fnt
|-unboost|p2a: Walking Wake|spa|2
|faint|p1a: Walking Wake
|-end|p1a: Walking Wake|Protosynthesis|[silent]
|
|win|claudechamp
|raw|lilith q's rating: 1116 &rarr; <strong>1090</strong><br />(-26 for losing)
|raw|claudechamp's rating: 1099 &rarr; <strong>1125</strong><br />(+26 for winning)
|c|☆claudechamp|gg
|l|☆lilith q
|player|p1|
