|j|☆yyb2009
|j|☆Klein_tutu
|t:|1779804550
|gametype|singles
|player|p1|yyb2009|169|1058
|player|p2|Klein_tutu|2|1089
|gen|9
|tier|[Gen 9] OU
|rated|
|rule|HP Percentage Mod: HP is shown in percentages
|rule|Endless Battle Clause: Forcing endless battles is banned
|rule|Species Clause: Limit one of each Pokémon
|rule|OHKO Clause: OHKO moves are banned
|rule|Evasion Items Clause: Evasion items are banned
|rule|Evasion Moves Clause: Evasion moves are banned
|rule|Evasion Abilities Clause: Evasion abilities are banned
|rule|Sleep Moves Clause: Sleep-inducing moves are banned
|clearpoke
|poke|p1|Dragapult, M|
|poke|p1|Garganacl, F|
|poke|p1|Gliscor, F|
|poke|p1|Regieleki|
|poke|p1|Kingambit, F|
|poke|p1|Politoed, M|
|poke|p2|Ribombee, F|
|poke|p2|Ogerpon-Wellspring, F|
|poke|p2|Iron Moth|
|poke|p2|Garganacl, M|
|poke|p2|Chimecho, F|
|poke|p2|Tinkaton, F|
|teampreview
|inactive|Battle timer is ON: inactive players will automatically lose when time's up. (requested by yyb2009)
|
|t:|1779804596
|teamsize|p1|6
|teamsize|p2|6
|start
|switch|p1a: Gliscor|Gliscor, F|100/100
|switch|p2a: Garganacl|Garganacl, M|100/100
|turn|1
|
|t:|1779804611
|switch|p2a: Chimecho|Chimecho, F|100/100
|move|p1a: Gliscor|Tailwind|p1a: Gliscor
|-sidestart|p1: yyb2009|move: Tailwind
|
|-status|p1a: Gliscor|tox|[from] item: Toxic Orb
|upkeep
|turn|2
|
|t:|1779804624
|move|p1a: Gliscor|Knock Off|p2a: Chimecho
|-supereffective|p2a: Chimecho
|-damage|p2a: Chimecho|49/100
|-enditem|p2a: Chimecho|Leftovers|[from] move: Knock Off|[of] p1a: Gliscor
|move|p2a: Chimecho|Psychic Noise|p1a: Gliscor
|-damage|p1a: Gliscor|63/100 tox
|-start|p1a: Gliscor|move: Heal Block
|
|upkeep
|turn|3
|
|t:|1779804633
|move|p1a: Gliscor|Knock Off|p2a: Chimecho
|-supereffective|p2a: Chimecho
|-damage|p2a: Chimecho|12/100
|move|p2a: Chimecho|Wish|p2a: Chimecho
|
|-end|p1a: Gliscor|move: Heal Block
|upkeep
|turn|4
|
|t:|1779804640
|move|p2a: Chimecho|Protect|p2a: Chimecho
|-singleturn|p2a: Chimecho|Protect
|move|p1a: Gliscor|Knock Off|p2a: Chimecho
|-activate|p2a: Chimecho|move: Protect
|
|-heal|p2a: Chimecho|62/100|[from] move: Wish|[wisher] Chimecho
|-heal|p1a: Gliscor|75/100 tox|[from] ability: Poison Heal
|-sideend|p1: yyb2009|move: Tailwind
|upkeep
|turn|5
|
|t:|1779804650
|move|p1a: Gliscor|Tailwind|p1a: Gliscor
|-sidestart|p1: yyb2009|move: Tailwind
|move|p2a: Chimecho|Wish|p2a: Chimecho
|
|-heal|p1a: Gliscor|88/100 tox|[from] ability: Poison Heal
|upkeep
|turn|6
|
|t:|1779804658
|switch|p2a: Garganacl|Garganacl, M|100/100
|move|p1a: Gliscor|Dual Wingbeat|p2a: Garganacl
|-resisted|p2a: Garganacl
|-damage|p2a: Garganacl|96/100
|-resisted|p2a: Garganacl
|-damage|p2a: Garganacl|92/100
|-hitcount|p2a: Garganacl|2
|
|-heal|p2a: Garganacl|100/100|[from] move: Wish|[wisher] Chimecho
|-heal|p1a: Gliscor|99/100 tox|[from] ability: Poison Heal
|upkeep
|turn|7
|
|t:|1779804673
|move|p1a: Gliscor|Knock Off|p2a: Garganacl
|-damage|p2a: Garganacl|86/100
|-enditem|p2a: Garganacl|Leftovers|[from] move: Knock Off|[of] p1a: Gliscor
|move|p2a: Garganacl|Salt Cure|p1a: Gliscor
|-damage|p1a: Gliscor|87/100 tox
|-start|p1a: Gliscor|Salt Cure
|
|-heal|p1a: Gliscor|99/100 tox|[from] ability: Poison Heal
|-damage|p1a: Gliscor|87/100 tox|[from] Salt Cure
|upkeep
|turn|8
|
|t:|1779804695
|switch|p2a: Tinkaton|Tinkaton, F, shiny|100/100
|-ability|p2a: Tinkaton|Mold Breaker
|-item|p2a: Tinkaton|Air Balloon
|move|p1a: Gliscor|Earthquake|p2a: Tinkaton
|-immune|p2a: Tinkaton
|
|-heal|p1a: Gliscor|99/100 tox|[from] ability: Poison Heal
|-damage|p1a: Gliscor|87/100 tox|[from] Salt Cure
|-sideend|p1: yyb2009|move: Tailwind
|upkeep
|turn|9
|
|t:|1779804708
|move|p1a: Gliscor|Tailwind|p1a: Gliscor
|-sidestart|p1: yyb2009|move: Tailwind
|move|p2a: Tinkaton|Gigaton Hammer|p1a: Gliscor
|-damage|p1a: Gliscor|32/100 tox
|
|-heal|p1a: Gliscor|44/100 tox|[from] ability: Poison Heal
|-damage|p1a: Gliscor|32/100 tox|[from] Salt Cure
|upkeep
|turn|10
|
|t:|1779804722
|switch|p1a: Dragapult|Dragapult, M|100/100
|move|p2a: Tinkaton|Play Rough|p1a: Dragapult
|-supereffective|p1a: Dragapult
|-damage|p1a: Dragapult|7/100
|
|upkeep
|turn|11
|
|t:|1779804734
|move|p1a: Dragapult|Shadow Ball|p2a: Tinkaton
|-damage|p2a: Tinkaton|74/100
|-enditem|p2a: Tinkaton|Air Balloon
|move|p2a: Tinkaton|Knock Off|p1a: Dragapult
|-supereffective|p1a: Dragapult
|-damage|p1a: Dragapult|0 fnt
|-enditem|p1a: Dragapult|Dragon Fang|[from] move: Knock Off|[of] p2a: Tinkaton
|faint|p1a: Dragapult
|
|upkeep
|
|t:|1779804748
|switch|p1a: Politoed|Politoed, M|100/100
|-weather|RainDance|[from] ability: Drizzle|[of] p1a: Politoed
|turn|12
|
|t:|1779804756
|move|p1a: Politoed|Weather Ball|p2a: Tinkaton
|-damage|p2a: Tinkaton|10/100
|move|p2a: Tinkaton|Knock Off|p1a: Politoed
|-damage|p1a: Politoed|67/100
|-enditem|p1a: Politoed|Choice Scarf|[from] move: Knock Off|[of] p2a: Tinkaton
|
|-weather|RainDance|[upkeep]
|-sideend|p1: yyb2009|move: Tailwind
|upkeep
|turn|13
|
|t:|1779804767
|switch|p2a: Ogerpon|Ogerpon-Wellspring, F|100/100
|move|p1a: Politoed|Weather Ball|p2a: Ogerpon
|-immune|p2a: Ogerpon|[from] ability: Water Absorb
|
|-weather|RainDance|[upkeep]
|upkeep
|turn|14
|
|t:|1779804779
|switch|p1a: Regieleki|Regieleki|100/100
|-item|p1a: Regieleki|Air Balloon
|move|p2a: Ogerpon|Wood Hammer|p1a: Regieleki
|-damage|p1a: Regieleki|0 fnt
|-enditem|p1a: Regieleki|Air Balloon
|faint|p1a: Regieleki
|-damage|p2a: Ogerpon|68/100|[from] Recoil
|
|-weather|RainDance|[upkeep]
|upkeep
|
|t:|1779804792
|switch|p1a: Garganacl|Garganacl, F|100/100
|turn|15
|
|t:|1779804809
|-terastallize|p1a: Garganacl|Fighting
|move|p2a: Ogerpon|Ivy Cudgel|p1a: Garganacl|[anim] Ivy Cudgel Water
|-damage|p1a: Garganacl|39/100
|move|p1a: Garganacl|Iron Defense|p1a: Garganacl
|-boost|p1a: Garganacl|def|2
|
|-weather|RainDance|[upkeep]
|-heal|p1a: Garganacl|45/100|[from] item: Leftovers
|upkeep
|turn|16
|
|t:|1779804821
|move|p2a: Ogerpon|Ivy Cudgel|p1a: Garganacl|[anim] Ivy Cudgel Water
|-damage|p1a: Garganacl|12/100
|move|p1a: Garganacl|Body Press|p2a: Ogerpon
|-damage|p2a: Ogerpon|0 fnt
|faint|p2a: Ogerpon
|
|-weather|none
|-heal|p1a: Garganacl|18/100|[from] item: Leftovers
|upkeep
|
|t:|1779804827
|switch|p2a: Fadinha|Ribombee, F, shiny|100/100
|turn|17
|
|t:|1779804837
|move|p2a: Fadinha|Moonblast|p1a: Garganacl
|-supereffective|p1a: Garganacl
|-damage|p1a: Garganacl|0 fnt
|faint|p1a: Garganacl
|
|upkeep
|
|t:|1779804842
|switch|p1a: Gliscor|Gliscor, F|32/100 tox
|turn|18
|
|t:|1779804855
|move|p2a: Fadinha|Moonblast|p1a: Gliscor
|-damage|p1a: Gliscor|0 fnt
|faint|p1a: Gliscor
|
|upkeep
|
|t:|1779804861
|switch|p1a: Politoed|Politoed, M|67/100
|-weather|RainDance|[from] ability: Drizzle|[of] p1a: Politoed
|turn|19
|
|t:|1779804868
|move|p2a: Fadinha|Quiver Dance|p2a: Fadinha
|-boost|p2a: Fadinha|spa|1
|-boost|p2a: Fadinha|spd|1
|-boost|p2a: Fadinha|spe|1
|move|p1a: Politoed|Weather Ball|p2a: Fadinha
|-damage|p2a: Fadinha|25/100
|
|-weather|RainDance|[upkeep]
|upkeep
|turn|20
|
|t:|1779804879
|move|p2a: Fadinha|Moonblast|p1a: Politoed
|-damage|p1a: Politoed|0 fnt
|faint|p1a: Politoed
|
|-weather|RainDance|[upkeep]
|upkeep
|
|t:|1779804887
|switch|p1a: Kingambit|Kingambit, F|100/100
|-activate|p1a: Kingambit|ability: Supreme Overlord
|-start|p1a: Kingambit|fallen5|[silent]
|turn|21
|
|t:|1779804897
|move|p2a: Fadinha|Stun Spore|p1a: Kingambit
|-status|p1a: Kingambit|par
|move|p1a: Kingambit|Iron Head|p2a: Fadinha
|-supereffective|p2a: Fadinha
|-damage|p2a: Fadinha|0 fnt
|faint|p2a: Fadinha
|
|-weather|RainDance|[upkeep]
|upkeep
|
|t:|1779804904
|switch|p2a: Iron Moth|Iron Moth|100/100
|-enditem|p2a: Iron Moth|Booster Energy
|-activate|p2a: Iron Moth|ability: Quark Drive|[fromitem]
|-start|p2a: Iron Moth|quarkdrivespe
|turn|22
|
|t:|1779804913
|move|p1a: Kingambit|Sucker Punch|p2a: Iron Moth
|-damage|p2a: Iron Moth|11/100
|move|p2a: Iron Moth|Fiery Dance|p1a: Kingambit
|-supereffective|p1a: Kingambit
|-damage|p1a: Kingambit|51/100 par
|-boost|p2a: Iron Moth|spa|1
|
|-weather|RainDance|[upkeep]
|upkeep
|turn|23
|
|t:|1779804922
|move|p1a: Kingambit|Sucker Punch|p2a: Iron Moth
|-damage|p2a: Iron Moth|0 fnt
|faint|p2a: Iron Moth
|-end|p2a: Iron Moth|Quark Drive|[silent]
|
|-weather|none
|upkeep
|
|t:|1779804927
|switch|p2a: Garganacl|Garganacl, M|86/100
|turn|24
|
|t:|1779804931
|-terastallize|p2a: Garganacl|Water
|cant|p1a: Kingambit|par
|move|p2a: Garganacl|Body Press|p1a: Kingambit
|-supereffective|p1a: Kingambit
|-damage|p1a: Kingambit|0 fnt
|faint|p1a: Kingambit
|-end|p1a: Kingambit|fallen5|[silent]
|
|win|Klein_tutu
|raw|yyb2009's rating: 1058 &rarr; <strong>1041</strong><br />(-17 for losing)
|raw|Klein_tutu's rating: 1089 &rarr; <strong>1113</strong><br />(+24 for winning)
|l|☆Klein_tutu
|player|p2|
|l|☆yyb2009
|player|p1|
