|j|☆Dulcina729
|j|☆huxahuxa123
|t:|1779860387
|gametype|singles
|player|p1|Dulcina729|1|1067
|player|p2|huxahuxa123|dawn|1133
|gen|9
|tier|[Gen 9] OU
|rated|
|rule|HP Percentage Mod: HP is shown in percentages
|rule|Endless Battle Clause: Forcing endless battles is banned
|rule|Species Clause: Limit one of each Pokémon
|rule|OHKO Clause: OHKO moves are banned
|rule|Evasion Items Clause: Evasion items are banned
|rule|Evasion Moves Clause: Evasion moves are banned
|rule|Evasion Abilities Clause: Evasion abilities are banned
|rule|Sleep Moves Clause: Sleep-inducing moves are banned
|clearpoke
|poke|p1|Serperior, F|
|poke|p1|Skeledirge, F|
|poke|p1|Snorlax, M|
|poke|p1|Gastrodon, F|
|poke|p1|Mimikyu, F|
|poke|p1|Corviknight, M|
|poke|p2|Great Tusk|
|poke|p2|Raging Bolt|
|poke|p2|Sandy Shocks|
|poke|p2|Torkoal, F|
|poke|p2|Walking Wake|
|poke|p2|Slither Wing|
|teampreview
|inactive|Battle timer is ON: inactive players will automatically lose when time's up. (requested by Dulcina729)
|
|t:|1779860398
|teamsize|p1|6
|teamsize|p2|6
|start
|switch|p1a: Liam|Gastrodon, F, shiny|100/100
|switch|p2a: Torkoal|Torkoal, F|100/100
|-weather|SunnyDay|[from] ability: Drought|[of] p2a: Torkoal
|turn|1
|
|t:|1779860407
|move|p2a: Torkoal|Stealth Rock|p1a: Liam
|-sidestart|p1: Dulcina729|move: Stealth Rock
|move|p1a: Liam|Mirror Coat||[still]
|-fail|p1a: Liam
|
|-weather|SunnyDay|[upkeep]
|upkeep
|turn|2
|
|t:|1779860416
|move|p1a: Liam|Clear Smog|p2a: Torkoal
|-damage|p2a: Torkoal|86/100
|-clearboost|p2a: Torkoal
|move|p2a: Torkoal|Will-O-Wisp|p1a: Liam
|-status|p1a: Liam|brn
|
|-weather|SunnyDay|[upkeep]
|-damage|p1a: Liam|94/100 brn|[from] brn
|upkeep
|turn|3
|
|t:|1779860438
|switch|p2a: Raging Bolt|Raging Bolt|100/100
|-item|p2a: Raging Bolt|Air Balloon
|-activate|p2a: Raging Bolt|ability: Protosynthesis
|-start|p2a: Raging Bolt|protosynthesisspa
|move|p1a: Liam|Clear Smog|p2a: Raging Bolt
|-damage|p2a: Raging Bolt|92/100
|-clearboost|p2a: Raging Bolt
|-enditem|p2a: Raging Bolt|Air Balloon
|
|-weather|SunnyDay|[upkeep]
|-heal|p1a: Liam|100/100 brn|[from] item: Leftovers
|-damage|p1a: Liam|94/100 brn|[from] brn
|upkeep
|turn|4
|inactive|huxahuxa123 has 120 seconds left.
|
|t:|1779860461
|move|p2a: Raging Bolt|Dragon Pulse|p1a: Liam
|-damage|p1a: Liam|57/100 brn
|move|p1a: Liam|Mirror Coat|p2a: Raging Bolt
|-damage|p2a: Raging Bolt|21/100
|
|-weather|SunnyDay|[upkeep]
|-heal|p1a: Liam|63/100 brn|[from] item: Leftovers
|-damage|p1a: Liam|57/100 brn|[from] brn
|upkeep
|turn|5
|inactive|huxahuxa123 has 120 seconds left.
|
|t:|1779860473
|move|p2a: Raging Bolt|Volt Switch|p1a: Liam
|-immune|p1a: Liam
|move|p1a: Liam|Mirror Coat||[still]
|-fail|p1a: Liam
|
|-weather|SunnyDay|[upkeep]
|-heal|p1a: Liam|63/100 brn|[from] item: Leftovers
|-damage|p1a: Liam|57/100 brn|[from] brn
|upkeep
|turn|6
|inactive|huxahuxa123 has 120 seconds left.
|
|t:|1779860485
|move|p2a: Raging Bolt|Calm Mind|p2a: Raging Bolt
|-boost|p2a: Raging Bolt|spa|1
|-boost|p2a: Raging Bolt|spd|1
|move|p1a: Liam|Recover|p1a: Liam
|-heal|p1a: Liam|100/100 brn
|
|-weather|SunnyDay|[upkeep]
|-damage|p1a: Liam|94/100 brn|[from] brn
|upkeep
|turn|7
|inactive|huxahuxa123 has 120 seconds left.
|
|t:|1779860496
|move|p2a: Raging Bolt|Calm Mind|p2a: Raging Bolt
|-boost|p2a: Raging Bolt|spa|1
|-boost|p2a: Raging Bolt|spd|1
|move|p1a: Liam|Mirror Coat||[still]
|-fail|p1a: Liam
|
|-weather|SunnyDay|[upkeep]
|-heal|p1a: Liam|100/100 brn|[from] item: Leftovers
|-damage|p1a: Liam|94/100 brn|[from] brn
|upkeep
|turn|8
|inactive|huxahuxa123 has 120 seconds left.
|
|t:|1779860508
|move|p2a: Raging Bolt|Calm Mind|p2a: Raging Bolt
|-boost|p2a: Raging Bolt|spa|1
|-boost|p2a: Raging Bolt|spd|1
|move|p1a: Liam|Clear Smog|p2a: Raging Bolt
|-damage|p2a: Raging Bolt|17/100
|-clearboost|p2a: Raging Bolt
|
|-weather|none
|-end|p2a: Raging Bolt|Protosynthesis
|-heal|p1a: Liam|100/100 brn|[from] item: Leftovers
|-damage|p1a: Liam|94/100 brn|[from] brn
|upkeep
|turn|9
|inactive|huxahuxa123 has 120 seconds left.
|
|t:|1779860525
|-end|p2a: Raging Bolt|Protosynthesis|[silent]
|switch|p2a: Torkoal|Torkoal, F|86/100
|-weather|SunnyDay|[from] ability: Drought|[of] p2a: Torkoal
|move|p1a: Liam|Clear Smog|p2a: Torkoal
|-damage|p2a: Torkoal|71/100
|-clearboost|p2a: Torkoal
|
|-weather|SunnyDay|[upkeep]
|-heal|p1a: Liam|100/100 brn|[from] item: Leftovers
|-damage|p1a: Liam|94/100 brn|[from] brn
|upkeep
|turn|10
|inactive|huxahuxa123 has 120 seconds left.
|
|t:|1779860538
|move|p2a: Torkoal|Body Press|p1a: Liam
|-damage|p1a: Liam|57/100 brn
|move|p1a: Liam|Mirror Coat||[still]
|-fail|p1a: Liam
|
|-weather|SunnyDay|[upkeep]
|-heal|p1a: Liam|63/100 brn|[from] item: Leftovers
|-damage|p1a: Liam|57/100 brn|[from] brn
|upkeep
|turn|11
|inactive|huxahuxa123 has 120 seconds left.
|
|t:|1779860546
|move|p2a: Torkoal|Body Press|p1a: Liam
|-damage|p1a: Liam|20/100 brn
|move|p1a: Liam|Counter|p2a: Torkoal
|-damage|p2a: Torkoal|0 fnt
|faint|p2a: Torkoal
|
|-weather|SunnyDay|[upkeep]
|-heal|p1a: Liam|26/100 brn|[from] item: Leftovers
|-damage|p1a: Liam|20/100 brn|[from] brn
|upkeep
|inactive|huxahuxa123 has 120 seconds left.
|
|t:|1779860564
|switch|p2a: Slither Wing|Slither Wing|100/100
|-activate|p2a: Slither Wing|ability: Protosynthesis
|-start|p2a: Slither Wing|protosynthesisatk
|turn|12
|
|t:|1779860581
|switch|p1a: Aulos|Corviknight, M, shiny|100/100
|-damage|p1a: Aulos|88/100|[from] Stealth Rock
|move|p2a: Slither Wing|Flare Blitz|p1a: Aulos
|-supereffective|p1a: Aulos
|-damage|p1a: Aulos|0 fnt
|faint|p1a: Aulos
|-damage|p2a: Slither Wing|63/100|[from] Recoil
|
|-weather|SunnyDay|[upkeep]
|upkeep
|
|t:|1779860597
|switch|p1a: Coco|Skeledirge, F, shiny|100/100
|-damage|p1a: Coco|75/100|[from] Stealth Rock
|turn|13
|
|t:|1779860603
|move|p2a: Slither Wing|Earthquake|p1a: Coco
|-supereffective|p1a: Coco
|-damage|p1a: Coco|0 fnt
|faint|p1a: Coco
|
|-weather|SunnyDay|[upkeep]
|upkeep
|
|t:|1779860611
|switch|p1a: Munchy|Snorlax, M, shiny|100/100
|-damage|p1a: Munchy|88/100|[from] Stealth Rock
|turn|14
|
|t:|1779860618
|move|p2a: Slither Wing|Close Combat|p1a: Munchy
|-supereffective|p1a: Munchy
|-damage|p1a: Munchy|0 fnt
|-unboost|p2a: Slither Wing|def|1
|-unboost|p2a: Slither Wing|spd|1
|faint|p1a: Munchy
|
|-weather|SunnyDay|[upkeep]
|upkeep
|-message|Dulcina729 forfeited.
|
|win|huxahuxa123
|raw|Dulcina729's rating: 1067 &rarr; <strong>1051</strong><br />(-16 for losing)
|raw|huxahuxa123's rating: 1133 &rarr; <strong>1153</strong><br />(+20 for winning)
|l|☆Dulcina729
|player|p1|
|l|☆huxahuxa123
|player|p2|
