|j|☆Jsthilaire
|j|☆pc hulkster
|t:|1779879894
|gametype|singles
|player|p1|Jsthilaire|266|1346
|player|p2|pc hulkster|wattson|1378
|gen|9
|tier|[Gen 9] OU
|rated|
|rule|HP Percentage Mod: HP is shown in percentages
|rule|Endless Battle Clause: Forcing endless battles is banned
|rule|Species Clause: Limit one of each Pokémon
|rule|OHKO Clause: OHKO moves are banned
|rule|Evasion Items Clause: Evasion items are banned
|rule|Evasion Moves Clause: Evasion moves are banned
|rule|Evasion Abilities Clause: Evasion abilities are banned
|rule|Sleep Moves Clause: Sleep-inducing moves are banned
|clearpoke
|poke|p1|Toxicroak, M|
|poke|p1|Polteageist|
|poke|p1|Kilowattrel, M|
|poke|p1|Brute Bonnet|
|poke|p1|Coalossal, M|
|poke|p1|Grafaiai, F|
|poke|p2|Salazzle, F|
|poke|p2|Torkoal, M|
|poke|p2|Hatterene, F|
|poke|p2|Walking Wake|
|poke|p2|Kingambit, M|
|poke|p2|Lilligant-Hisui, F|
|teampreview
|inactive|Battle timer is ON: inactive players will automatically lose when time's up. (requested by pc hulkster)
|j| lagostudao_
|
|t:|1779879908
|teamsize|p1|6
|teamsize|p2|6
|start
|switch|p1a: Brute Bonnet|Brute Bonnet|100/100
|switch|p2a: Walking Wake|Walking Wake|100/100
|turn|1
|
|t:|1779879918
|move|p2a: Walking Wake|Flamethrower|p1a: Brute Bonnet
|-supereffective|p1a: Brute Bonnet
|-damage|p1a: Brute Bonnet|50/100
|-status|p1a: Brute Bonnet|brn
|move|p1a: Brute Bonnet|Crunch|p2a: Walking Wake
|-damage|p2a: Walking Wake|75/100
|
|-damage|p1a: Brute Bonnet|44/100 brn|[from] brn
|upkeep
|turn|2
|
|t:|1779879932
|-end|p1a: Brute Bonnet|Protosynthesis|[silent]
|switch|p1a: Coalossal|Coalossal, M|100/100
|move|p2a: Walking Wake|Flamethrower|p1a: Coalossal
|-resisted|p1a: Coalossal
|-damage|p1a: Coalossal|92/100
|
|-heal|p1a: Coalossal|98/100|[from] item: Leftovers
|upkeep
|turn|3
|
|t:|1779879945
|-end|p2a: Walking Wake|Protosynthesis|[silent]
|switch|p2a: Salazzle|Salazzle, F|100/100
|move|p1a: Coalossal|Flamethrower|p2a: Salazzle
|-resisted|p2a: Salazzle
|-damage|p2a: Salazzle|82/100
|
|-heal|p2a: Salazzle|88/100|[from] item: Leftovers
|-heal|p1a: Coalossal|100/100|[from] item: Leftovers
|upkeep
|turn|4
|
|t:|1779879949
|move|p2a: Salazzle|Encore|p1a: Coalossal
|-start|p1a: Coalossal|Encore
|move|p1a: Coalossal|Flamethrower|p2a: Salazzle
|-resisted|p2a: Salazzle
|-damage|p2a: Salazzle|68/100
|
|-heal|p2a: Salazzle|74/100|[from] item: Leftovers
|upkeep
|turn|5
|
|t:|1779879953
|switch|p1a: Grafaiai|Grafaiai, F|100/100
|move|p2a: Salazzle|Substitute|p2a: Salazzle
|-start|p2a: Salazzle|Substitute
|-damage|p2a: Salazzle|49/100
|
|-heal|p2a: Salazzle|55/100|[from] item: Leftovers
|upkeep
|turn|6
|
|t:|1779879957
|move|p1a: Grafaiai|Encore|p2a: Salazzle
|-start|p2a: Salazzle|Encore
|move|p2a: Salazzle|Substitute|p2a: Salazzle
|-fail|p2a: Salazzle|move: Substitute
|
|-heal|p2a: Salazzle|61/100|[from] item: Leftovers
|upkeep
|turn|7
|
|t:|1779879961
|move|p2a: Salazzle|Substitute|p2a: Salazzle
|-fail|p2a: Salazzle|move: Substitute
|move|p1a: Grafaiai|Knock Off|p2a: Salazzle
|-end|p2a: Salazzle|Substitute
|
|-heal|p2a: Salazzle|67/100|[from] item: Leftovers
|upkeep
|turn|8
|
|t:|1779879965
|switch|p2a: Torkoal|Torkoal, M, shiny|100/100
|-weather|SunnyDay|[from] ability: Drought|[of] p2a: Torkoal
|move|p1a: Grafaiai|Knock Off|p2a: Torkoal
|-damage|p2a: Torkoal|86/100
|-enditem|p2a: Torkoal|Heat Rock|[from] move: Knock Off|[of] p1a: Grafaiai
|
|-weather|SunnyDay|[upkeep]
|upkeep
|turn|9
|
|t:|1779879972
|move|p1a: Grafaiai|Toxic|p2a: Torkoal
|-status|p2a: Torkoal|tox
|move|p2a: Torkoal|Earth Power|p1a: Grafaiai
|-supereffective|p1a: Grafaiai
|-damage|p1a: Grafaiai|48/100
|
|-weather|SunnyDay|[upkeep]
|-damage|p2a: Torkoal|80/100 tox|[from] psn
|upkeep
|turn|10
|
|t:|1779879982
|move|p1a: Grafaiai|Parting Shot|p2a: Torkoal
|-unboost|p2a: Torkoal|atk|1
|-unboost|p2a: Torkoal|spa|1
|
|t:|1779879988
|switch|p1a: Kilowattrel|Kilowattrel, M|100/100|[from] Parting Shot
|move|p2a: Torkoal|Burning Jealousy|p1a: Kilowattrel
|-damage|p1a: Kilowattrel|65/100
|
|-weather|SunnyDay|[upkeep]
|-damage|p2a: Torkoal|67/100 tox|[from] psn
|upkeep
|turn|11
|
|t:|1779880013
|switch|p2a: Walking Wake|Walking Wake|75/100
|-activate|p2a: Walking Wake|ability: Protosynthesis
|-start|p2a: Walking Wake|protosynthesisspe
|move|p1a: Kilowattrel|Roost|p1a: Kilowattrel
|-heal|p1a: Kilowattrel|100/100
|-singleturn|p1a: Kilowattrel|move: Roost
|
|-weather|SunnyDay|[upkeep]
|upkeep
|turn|12
|
|t:|1779880025
|switch|p1a: Brute Bonnet|Brute Bonnet|44/100 brn
|-activate|p1a: Brute Bonnet|ability: Protosynthesis
|-start|p1a: Brute Bonnet|protosynthesisatk
|move|p2a: Walking Wake|Draco Meteor|p1a: Brute Bonnet
|-damage|p1a: Brute Bonnet|0 fnt
|-unboost|p2a: Walking Wake|spa|2
|faint|p1a: Brute Bonnet
|-end|p1a: Brute Bonnet|Protosynthesis|[silent]
|
|-weather|SunnyDay|[upkeep]
|upkeep
|
|t:|1779880037
|switch|p1a: Kilowattrel|Kilowattrel, M|100/100
|turn|13
|inactive|pc hulkster has 120 seconds left.
|
|t:|1779880077
|-end|p2a: Walking Wake|Protosynthesis|[silent]
|switch|p2a: Hatterene|Hatterene, F, shiny|100/100
|move|p1a: Kilowattrel|Thunderbolt|p2a: Hatterene
|-damage|p2a: Hatterene|57/100
|
|-weather|SunnyDay|[upkeep]
|upkeep
|turn|14
|
|t:|1779880082
|move|p1a: Kilowattrel|Thunderbolt|p2a: Hatterene
|-damage|p2a: Hatterene|13/100
|move|p2a: Hatterene|Trick Room|p2a: Hatterene
|-fieldstart|move: Trick Room|[of] p2a: Hatterene
|
|-weather|SunnyDay|[upkeep]
|upkeep
|turn|15
|
|t:|1779880090
|move|p2a: Hatterene|Mystical Fire|p1a: Kilowattrel
|-damage|p1a: Kilowattrel|17/100
|-unboost|p1a: Kilowattrel|spa|1
|-ability|p1a: Kilowattrel|Competitive|boost
|-boost|p1a: Kilowattrel|spa|2
|move|p1a: Kilowattrel|Thunderbolt|p2a: Hatterene
|-damage|p2a: Hatterene|0 fnt
|faint|p2a: Hatterene
|
|-weather|none
|upkeep
|inactive|pc hulkster has 120 seconds left.
|
|t:|1779880104
|switch|p2a: Torkoal|Torkoal, M, shiny|67/100 tox
|-weather|SunnyDay|[from] ability: Drought|[of] p2a: Torkoal
|turn|16
|
|t:|1779880112
|move|p2a: Torkoal|Burning Jealousy|p1a: Kilowattrel
|-damage|p1a: Kilowattrel|0 fnt
|faint|p1a: Kilowattrel
|
|-weather|SunnyDay|[upkeep]
|-damage|p2a: Torkoal|61/100 tox|[from] psn
|upkeep
|
|t:|1779880130
|switch|p1a: Grafaiai|Grafaiai, F|48/100
|turn|17
|
|t:|1779880137
|move|p1a: Grafaiai|Parting Shot|p2a: Torkoal
|-unboost|p2a: Torkoal|atk|1
|-unboost|p2a: Torkoal|spa|1
|l| lagostudao_
|
|t:|1779880147
|switch|p1a: Coalossal|Coalossal, M|100/100|[from] Parting Shot
|move|p2a: Torkoal|Earth Power|p1a: Coalossal
|-supereffective|p1a: Coalossal
|-damage|p1a: Coalossal|62/100
|
|-weather|SunnyDay|[upkeep]
|-heal|p1a: Coalossal|68/100|[from] item: Leftovers
|-damage|p2a: Torkoal|49/100 tox|[from] psn
|upkeep
|turn|18
|inactive|Jsthilaire has 120 seconds left.
|
|t:|1779880180
|move|p2a: Torkoal|Earth Power|p1a: Coalossal
|-supereffective|p1a: Coalossal
|-damage|p1a: Coalossal|25/100
|move|p1a: Coalossal|Stealth Rock|p2a: Torkoal
|-sidestart|p2: pc hulkster|move: Stealth Rock
|
|-weather|SunnyDay|[upkeep]
|-heal|p1a: Coalossal|31/100|[from] item: Leftovers
|-damage|p2a: Torkoal|31/100 tox|[from] psn
|-fieldend|move: Trick Room
|upkeep
|turn|19
|
|t:|1779880188
|move|p1a: Coalossal|Flamethrower|p2a: Torkoal
|-resisted|p2a: Torkoal
|-damage|p2a: Torkoal|12/100 tox
|move|p2a: Torkoal|Earth Power|p1a: Coalossal
|-supereffective|p1a: Coalossal
|-damage|p1a: Coalossal|0 fnt
|faint|p1a: Coalossal
|
|-weather|SunnyDay|[upkeep]
|-damage|p2a: Torkoal|0 fnt|[from] psn
|faint|p2a: Torkoal
|upkeep
|inactive|Jsthilaire has 120 seconds left.
|
|t:|1779880200
|switch|p1a: Grafaiai|Grafaiai, F|48/100
|switch|p2a: Walking Wake|Walking Wake|75/100
|-damage|p2a: Walking Wake|63/100|[from] Stealth Rock
|-activate|p2a: Walking Wake|ability: Protosynthesis
|-start|p2a: Walking Wake|protosynthesisspe
|turn|20
|inactive|Jsthilaire has 120 seconds left.
|
|t:|1779880220
|move|p1a: Grafaiai|Parting Shot|p2a: Walking Wake
|-unboost|p2a: Walking Wake|atk|1
|-unboost|p2a: Walking Wake|spa|1
|
|t:|1779880222
|switch|p1a: Polteageist|Polteageist|100/100|[from] Parting Shot
|move|p2a: Walking Wake|Flamethrower|p1a: Polteageist
|-crit|p1a: Polteageist
|-damage|p1a: Polteageist|0 fnt
|faint|p1a: Polteageist
|
|-weather|none
|-end|p2a: Walking Wake|Protosynthesis
|upkeep
|
|t:|1779880226
|switch|p1a: Grafaiai|Grafaiai, F|48/100
|turn|21
|
|t:|1779880233
|move|p1a: Grafaiai|Knock Off|p2a: Walking Wake
|-damage|p2a: Walking Wake|39/100
|-enditem|p2a: Walking Wake|Choice Specs|[from] move: Knock Off|[of] p1a: Grafaiai
|move|p2a: Walking Wake|Flamethrower|p1a: Grafaiai
|-crit|p1a: Grafaiai
|-damage|p1a: Grafaiai|0 fnt
|faint|p1a: Grafaiai
|
|upkeep
|c|☆pc hulkster|wow
|
|t:|1779880239
|switch|p1a: Toxicroak|Toxicroak, M|100/100
|turn|22
|c|☆pc hulkster|sorry
|
|t:|1779880244
|-end|p2a: Walking Wake|Protosynthesis|[silent]
|switch|p2a: Salazzle|Salazzle, F|67/100
|-damage|p2a: Salazzle|42/100|[from] Stealth Rock
|move|p1a: Toxicroak|Swords Dance|p1a: Toxicroak
|-boost|p1a: Toxicroak|atk|2
|
|-heal|p2a: Salazzle|48/100|[from] item: Leftovers
|upkeep
|turn|23
|
|t:|1779880247
|move|p2a: Salazzle|Encore|p1a: Toxicroak
|-start|p1a: Toxicroak|Encore
|move|p1a: Toxicroak|Swords Dance|p1a: Toxicroak
|-boost|p1a: Toxicroak|atk|2
|
|-heal|p2a: Salazzle|55/100|[from] item: Leftovers
|upkeep
|turn|24
|-message|Jsthilaire forfeited.
|
|win|pc hulkster
|raw|Jsthilaire's rating: 1346 &rarr; <strong>1328</strong><br />(-18 for losing)
|raw|pc hulkster's rating: 1378 &rarr; <strong>1396</strong><br />(+18 for winning)
|l|☆Jsthilaire
|player|p1|
|l|☆pc hulkster
|player|p2|
