|j|☆cau be ham choi
|j|☆Rubyboi711
|t:|1779944680
|gametype|singles
|player|p1|cau be ham choi|volkner|1082
|player|p2|Rubyboi711|volkner|1083
|gen|9
|tier|[Gen 9] OU
|rated|
|rule|HP Percentage Mod: HP is shown in percentages
|rule|Endless Battle Clause: Forcing endless battles is banned
|rule|Species Clause: Limit one of each Pokémon
|rule|OHKO Clause: OHKO moves are banned
|rule|Evasion Items Clause: Evasion items are banned
|rule|Evasion Moves Clause: Evasion moves are banned
|rule|Evasion Abilities Clause: Evasion abilities are banned
|rule|Sleep Moves Clause: Sleep-inducing moves are banned
|clearpoke
|poke|p1|Glimmora, M|
|poke|p1|Kingambit, M|
|poke|p1|Rotom-Wash|
|poke|p1|Garchomp, M|
|poke|p1|Scizor, M|
|poke|p1|Blaziken, F|
|poke|p2|Samurott-Hisui, F|
|poke|p2|Raichu-Alola, M|
|poke|p2|Indeedee-F, F|
|poke|p2|Alomomola, M|
|poke|p2|Medicham, M|
|poke|p2|Hoopa-Unbound|
|teampreview
|
|t:|1779944703
|teamsize|p1|6
|teamsize|p2|6
|start
|switch|p1a: trap hoa|Glimmora, M, shiny|100/100
|switch|p2a: Indeedee|Indeedee-F, F, shiny|100/100
|-fieldstart|move: Psychic Terrain|[from] ability: Psychic Surge|[of] p2a: Indeedee
|turn|1
|
|t:|1779944710
|move|p1a: trap hoa|Toxic|p2a: Indeedee
|-status|p2a: Indeedee|tox
|move|p2a: Indeedee|Psychic|p1a: trap hoa
|-supereffective|p1a: trap hoa
|-damage|p1a: trap hoa|29/100
|
|-damage|p2a: Indeedee|94/100 tox|[from] psn
|upkeep
|turn|2
|
|t:|1779944718
|move|p1a: trap hoa|Stealth Rock|p2a: Indeedee
|-sidestart|p2: Rubyboi711|move: Stealth Rock
|move|p2a: Indeedee|Psychic|p1a: trap hoa
|-supereffective|p1a: trap hoa
|-damage|p1a: trap hoa|0 fnt
|faint|p1a: trap hoa
|
|-damage|p2a: Indeedee|82/100 tox|[from] psn
|upkeep
|inactive|Battle timer is ON: inactive players will automatically lose when time's up. (requested by Rubyboi711)
|
|t:|1779944726
|switch|p1a: Rotom|Rotom-Wash|100/100
|turn|3
|
|t:|1779944734
|move|p2a: Indeedee|Protect|p2a: Indeedee
|-singleturn|p2a: Indeedee|Protect
|move|p1a: Rotom|Nasty Plot|p1a: Rotom
|-boost|p1a: Rotom|spa|2
|
|-damage|p2a: Indeedee|64/100 tox|[from] psn
|upkeep
|turn|4
|
|t:|1779944744
|switch|p2a: Alomomola|Alomomola, M, shiny|100/100
|-damage|p2a: Alomomola|88/100|[from] Stealth Rock
|move|p1a: Rotom|Dark Pulse|p2a: Alomomola
|-crit|p2a: Alomomola
|-damage|p2a: Alomomola|17/100
|-damage|p1a: Rotom|91/100|[from] item: Life Orb
|
|-heal|p2a: Alomomola|23/100|[from] item: Leftovers
|upkeep
|turn|5
|
|t:|1779944754
|move|p2a: Alomomola|Protect|p2a: Alomomola
|-singleturn|p2a: Alomomola|Protect
|move|p1a: Rotom|Discharge|p2a: Alomomola
|-activate|p2a: Alomomola|move: Protect
|
|-heal|p2a: Alomomola|29/100|[from] item: Leftovers
|upkeep
|turn|6
|
|t:|1779944766
|move|p1a: Rotom|Discharge|p2a: Alomomola
|-supereffective|p2a: Alomomola
|-damage|p2a: Alomomola|0 fnt
|faint|p2a: Alomomola
|-damage|p1a: Rotom|81/100|[from] item: Life Orb
|
|upkeep
|
|t:|1779944772
|switch|p2a: Raichu|Raichu-Alola, M|100/100
|-damage|p2a: Raichu|88/100|[from] Stealth Rock
|turn|7
|
|t:|1779944777
|move|p2a: Raichu|Expanding Force|p1a: Rotom
|-damage|p1a: Rotom|0 fnt
|faint|p1a: Rotom
|
|upkeep
|
|t:|1779944783
|switch|p1a: rồng có NY|Garchomp, M, shiny|100/100
|turn|8
|
|t:|1779944789
|switch|p2a: Medicham|Medicham, M|100/100
|-damage|p2a: Medicham|94/100|[from] Stealth Rock
|move|p1a: rồng có NY|Swords Dance|p1a: rồng có NY
|-boost|p1a: rồng có NY|atk|2
|
|-fieldend|move: Psychic Terrain
|upkeep
|turn|9
|
|t:|1779944801
|move|p2a: Medicham|Ice Punch|p1a: rồng có NY
|-supereffective|p1a: rồng có NY
|-damage|p1a: rồng có NY|0 fnt
|-damage|p2a: Medicham|82/100|[from] ability: Rough Skin|[of] p1a: rồng có NY
|-damage|p2a: Medicham|66/100|[from] item: Rocky Helmet|[of] p1a: rồng có NY
|faint|p1a: rồng có NY
|
|upkeep
|
|t:|1779944808
|switch|p1a: Blaziken|Blaziken, F|100/100
|turn|10
|
|t:|1779944812
|switch|p2a: Indeedee|Indeedee-F, F, shiny|64/100 tox
|-damage|p2a: Indeedee|51/100 tox|[from] Stealth Rock
|-fieldstart|move: Psychic Terrain|[from] ability: Psychic Surge|[of] p2a: Indeedee
|move|p1a: Blaziken|Swords Dance|p1a: Blaziken
|-boost|p1a: Blaziken|atk|2
|
|-damage|p2a: Indeedee|45/100 tox|[from] psn
|-ability|p1a: Blaziken|Speed Boost|boost
|-boost|p1a: Blaziken|spe|1
|upkeep
|turn|11
|
|t:|1779944828
|move|p1a: Blaziken|Blaze Kick|p2a: Indeedee
|-damage|p2a: Indeedee|0 fnt
|faint|p2a: Indeedee
|-damage|p1a: Blaziken|91/100|[from] item: Life Orb
|
|-ability|p1a: Blaziken|Speed Boost|boost
|-boost|p1a: Blaziken|spe|1
|upkeep
|
|t:|1779944830
|switch|p2a: Samurott|Samurott-Hisui, F, shiny|100/100
|-damage|p2a: Samurott|88/100|[from] Stealth Rock
|turn|12
|
|t:|1779944838
|-terastallize|p2a: Samurott|Flying
|move|p1a: Blaziken|Brick Break|p2a: Samurott
|-resisted|p2a: Samurott
|-damage|p2a: Samurott|22/100
|-damage|p1a: Blaziken|81/100|[from] item: Life Orb
|move|p2a: Samurott|Aerial Ace|p1a: Blaziken
|-supereffective|p1a: Blaziken
|-damage|p1a: Blaziken|0 fnt
|faint|p1a: Blaziken
|
|upkeep
|
|t:|1779944847
|switch|p1a: bọ múa kiếm|Scizor, M|100/100
|turn|13
|
|t:|1779944850
|move|p2a: Samurott|Aerial Ace|p1a: bọ múa kiếm
|-damage|p1a: bọ múa kiếm|55/100
|move|p1a: bọ múa kiếm|Swords Dance|p1a: bọ múa kiếm
|-boost|p1a: bọ múa kiếm|atk|2
|
|upkeep
|turn|14
|
|t:|1779944856
|move|p1a: bọ múa kiếm|Bullet Punch|p2a: Samurott
|-hint|Psychic Terrain doesn't affect airborne Pokémon.
|-damage|p2a: Samurott|0 fnt
|faint|p2a: Samurott
|-damage|p1a: bọ múa kiếm|45/100|[from] item: Life Orb
|
|upkeep
|
|t:|1779944863
|switch|p2a: Raichu|Raichu-Alola, M|88/100
|-damage|p2a: Raichu|76/100|[from] Stealth Rock
|turn|15
|
|t:|1779944867
|move|p2a: Raichu|Expanding Force|p1a: bọ múa kiếm
|-resisted|p1a: bọ múa kiếm
|-damage|p1a: bọ múa kiếm|10/100
|move|p1a: bọ múa kiếm|X-Scissor|p2a: Raichu
|-supereffective|p2a: Raichu
|-damage|p2a: Raichu|0 fnt
|faint|p2a: Raichu
|-damage|p1a: bọ múa kiếm|0 fnt|[from] item: Life Orb
|faint|p1a: bọ múa kiếm
|
|upkeep
|
|t:|1779944876
|switch|p2a: Hoopa|Hoopa-Unbound|100/100
|switch|p1a: GAMBIT VUA|Kingambit, M, shiny|100/100
|-damage|p2a: Hoopa|88/100|[from] Stealth Rock
|-activate|p1a: GAMBIT VUA|ability: Supreme Overlord
|-start|p1a: GAMBIT VUA|fallen5|[silent]
|turn|16
|
|t:|1779944893
|move|p2a: Hoopa|Drain Punch|p1a: GAMBIT VUA
|-supereffective|p1a: GAMBIT VUA
|-damage|p1a: GAMBIT VUA|24/100
|-heal|p2a: Hoopa|100/100|[from] drain|[of] p1a: GAMBIT VUA
|move|p1a: GAMBIT VUA|Kowtow Cleave|p2a: Hoopa
|-enditem|p2a: Hoopa|Focus Sash
|-damage|p2a: Hoopa|1/100
|
|-heal|p1a: GAMBIT VUA|30/100|[from] item: Leftovers
|upkeep
|turn|17
|
|t:|1779944908
|-terastallize|p1a: GAMBIT VUA|Dark
|move|p2a: Hoopa|Drain Punch|p1a: GAMBIT VUA
|-supereffective|p1a: GAMBIT VUA
|-damage|p1a: GAMBIT VUA|0 fnt
|-heal|p2a: Hoopa|21/100|[from] drain|[of] p1a: GAMBIT VUA
|faint|p1a: GAMBIT VUA
|-end|p1a: GAMBIT VUA|fallen5|[silent]
|-item|p2a: Hoopa|Leftovers|[from] ability: Magician|[of] p1: GAMBIT VUA
|
|win|Rubyboi711
|raw|cau be ham choi's rating: 1082 &rarr; <strong>1060</strong><br />(-22 for losing)
|raw|Rubyboi711's rating: 1083 &rarr; <strong>1110</strong><br />(+27 for winning)
|l|☆cau be ham choi
|player|p1|
|l|☆Rubyboi711
|player|p2|
