|j|☆rowlet13tb
|j|☆waterdrinker48
|t:|1779890247
|gametype|singles
|player|p1|rowlet13tb|101|1381
|player|p2|waterdrinker48|miku-ghost|1349
|gen|9
|tier|[Gen 9] OU
|rated|
|rule|HP Percentage Mod: HP is shown in percentages
|rule|Endless Battle Clause: Forcing endless battles is banned
|rule|Species Clause: Limit one of each Pokémon
|rule|OHKO Clause: OHKO moves are banned
|rule|Evasion Items Clause: Evasion items are banned
|rule|Evasion Moves Clause: Evasion moves are banned
|rule|Evasion Abilities Clause: Evasion abilities are banned
|rule|Sleep Moves Clause: Sleep-inducing moves are banned
|clearpoke
|poke|p1|Blastoise, F|
|poke|p1|Heatran, F|
|poke|p1|Great Tusk|
|poke|p1|Alcremie, F|
|poke|p1|Salamence, M|
|poke|p1|Sinistcha-Masterpiece|
|poke|p2|Clefable, M|
|poke|p2|Clodsire, F|
|poke|p2|Gliscor, M|
|poke|p2|Dondozo, M|
|poke|p2|Blissey, F|
|poke|p2|Corviknight, F|
|teampreview
|inactive|Battle timer is ON: inactive players will automatically lose when time's up. (requested by waterdrinker48)
|l|☆rowlet13tb
|inactive|rowlet13tb disconnected and has a minute to reconnect!
|player|p1|
|j|☆rowlet13tb
|inactive|rowlet13tb reconnected and has 140 seconds left.
|player|p1|rowlet13tb|101|
|inactive|rowlet13tb also wants the timer to be on.
|
|t:|1779890265
|teamsize|p1|6
|teamsize|p2|6
|start
|switch|p1a: Heatran|Heatran, F|100/100
|switch|p2a: Clodsire|Clodsire, F|100/100
|turn|1
|
|t:|1779890275
|move|p1a: Heatran|Will-O-Wisp|p2a: Clodsire
|-status|p2a: Clodsire|brn
|move|p2a: Clodsire|Earthquake|p1a: Heatran
|-supereffective|p1a: Heatran
|-damage|p1a: Heatran|58/100
|
|-heal|p1a: Heatran|64/100|[from] item: Leftovers
|-damage|p2a: Clodsire|94/100 brn|[from] brn
|upkeep
|turn|2
|
|t:|1779890286
|move|p1a: Heatran|Stealth Rock|p2a: Clodsire
|-sidestart|p2: waterdrinker48|move: Stealth Rock
|move|p2a: Clodsire|Stealth Rock|p1a: Heatran
|-sidestart|p1: rowlet13tb|move: Stealth Rock
|
|-heal|p1a: Heatran|70/100|[from] item: Leftovers
|-heal|p2a: Clodsire|100/100 brn|[from] item: Black Sludge
|-damage|p2a: Clodsire|94/100 brn|[from] brn
|upkeep
|turn|3
|
|t:|1779890296
|move|p1a: Heatran|Flash Cannon|p2a: Clodsire
|-damage|p2a: Clodsire|75/100 brn
|move|p2a: Clodsire|Earthquake|p1a: Heatran
|-supereffective|p1a: Heatran
|-damage|p1a: Heatran|22/100
|
|-heal|p1a: Heatran|28/100|[from] item: Leftovers
|-heal|p2a: Clodsire|82/100 brn|[from] item: Black Sludge
|-damage|p2a: Clodsire|75/100 brn|[from] brn
|upkeep
|turn|4
|
|t:|1779890315
|move|p1a: Heatran|Flamethrower|p2a: Clodsire
|-damage|p2a: Clodsire|56/100 brn
|move|p2a: Clodsire|Earthquake|p1a: Heatran
|-supereffective|p1a: Heatran
|-damage|p1a: Heatran|0 fnt
|faint|p1a: Heatran
|
|-heal|p2a: Clodsire|62/100 brn|[from] item: Black Sludge
|-damage|p2a: Clodsire|56/100 brn|[from] brn
|upkeep
|
|t:|1779890326
|switch|p1a: Great Tusk|Great Tusk|100/100
|-damage|p1a: Great Tusk|98/100|[from] Stealth Rock
|turn|5
|
|t:|1779890332
|move|p1a: Great Tusk|Rapid Spin|p2a: Clodsire
|-damage|p2a: Clodsire|35/100 brn
|-boost|p1a: Great Tusk|spe|1
|-sideend|p1: rowlet13tb|Stealth Rock|[from] move: Rapid Spin|[of] p1a: Great Tusk
|move|p2a: Clodsire|Toxic|p1a: Great Tusk
|-status|p1a: Great Tusk|tox
|
|-heal|p1a: Great Tusk|100/100 tox|[from] item: Leftovers
|-heal|p2a: Clodsire|41/100 brn|[from] item: Black Sludge
|-damage|p1a: Great Tusk|94/100 tox|[from] psn
|-damage|p2a: Clodsire|35/100 brn|[from] brn
|upkeep
|turn|6
|
|t:|1779890345
|switch|p2a: Corviknight|Corviknight, F|100/100
|-damage|p2a: Corviknight|88/100|[from] Stealth Rock
|-ability|p2a: Corviknight|Pressure
|move|p1a: Great Tusk|Earthquake|p2a: Corviknight
|-immune|p2a: Corviknight
|
|-heal|p1a: Great Tusk|100/100 tox|[from] item: Leftovers
|-damage|p1a: Great Tusk|88/100 tox|[from] psn
|upkeep
|turn|7
|
|t:|1779890359
|move|p1a: Great Tusk|Bulk Up|p1a: Great Tusk
|-boost|p1a: Great Tusk|atk|1
|-boost|p1a: Great Tusk|def|1
|move|p2a: Corviknight|Defog|p1a: Great Tusk
|-unboost|p1a: Great Tusk|evasion|1
|-sideend|p2: waterdrinker48|Stealth Rock|[from] move: Defog|[of] p2a: Corviknight
|
|-heal|p1a: Great Tusk|94/100 tox|[from] item: Leftovers
|-damage|p1a: Great Tusk|76/100 tox|[from] psn
|upkeep
|turn|8
|
|t:|1779890370
|move|p1a: Great Tusk|Ice Spinner|p2a: Corviknight
|-damage|p2a: Corviknight|48/100
|-damage|p1a: Great Tusk|59/100 tox|[from] item: Rocky Helmet|[of] p2a: Corviknight
|move|p2a: Corviknight|Iron Defense|p2a: Corviknight
|-boost|p2a: Corviknight|def|2
|
|-heal|p1a: Great Tusk|65/100 tox|[from] item: Leftovers
|-damage|p1a: Great Tusk|40/100 tox|[from] psn
|upkeep
|turn|9
|
|t:|1779890383
|move|p1a: Great Tusk|Ice Spinner|p2a: Corviknight
|-damage|p2a: Corviknight|29/100
|-damage|p1a: Great Tusk|24/100 tox|[from] item: Rocky Helmet|[of] p2a: Corviknight
|move|p2a: Corviknight|Roost|p2a: Corviknight
|-heal|p2a: Corviknight|79/100
|-singleturn|p2a: Corviknight|move: Roost
|
|-heal|p1a: Great Tusk|30/100 tox|[from] item: Leftovers
|-damage|p1a: Great Tusk|0 fnt|[from] psn
|faint|p1a: Great Tusk
|-end|p1a: Great Tusk|Protosynthesis|[silent]
|upkeep
|
|t:|1779890396
|switch|p1a: Blastoise|Blastoise, F|100/100
|turn|10
|
|t:|1779890402
|switch|p2a: Clefable|Clefable, M|100/100
|move|p1a: Blastoise|Shell Smash|p1a: Blastoise
|-unboost|p1a: Blastoise|def|1
|-unboost|p1a: Blastoise|spd|1
|-boost|p1a: Blastoise|atk|2
|-boost|p1a: Blastoise|spa|2
|-boost|p1a: Blastoise|spe|2
|-enditem|p1a: Blastoise|White Herb
|-clearnegativeboost|p1a: Blastoise|[silent]
|
|upkeep
|turn|11
|
|t:|1779890413
|-terastallize|p1a: Blastoise|Water
|move|p1a: Blastoise|Water Spout|p2a: Clefable
|-damage|p2a: Clefable|25/100
|move|p2a: Clefable|Psych Up|p1a: Blastoise
|-copyboost|p2a: Clefable|p1a: Blastoise|[from] move: Psych Up
|
|upkeep
|turn|12
|
|t:|1779890422
|move|p1a: Blastoise|Water Spout|p2a: Clefable
|-damage|p2a: Clefable|0 fnt
|faint|p2a: Clefable
|
|upkeep
|
|t:|1779890423
|switch|p2a: Clodsire|Clodsire, F|35/100 brn
|turn|13
|
|t:|1779890430
|move|p1a: Blastoise|Ice Beam|p2a: Clodsire
|-supereffective|p2a: Clodsire
|-damage|p2a: Clodsire|0 fnt
|faint|p2a: Clodsire
|
|upkeep
|
|t:|1779890434
|switch|p2a: Blissey|Blissey, F|100/100
|turn|14
|
|t:|1779890438
|move|p1a: Blastoise|Shell Smash|p1a: Blastoise
|-unboost|p1a: Blastoise|def|1
|-unboost|p1a: Blastoise|spd|1
|-boost|p1a: Blastoise|atk|2
|-boost|p1a: Blastoise|spa|2
|-boost|p1a: Blastoise|spe|2
|move|p2a: Blissey|Calm Mind|p2a: Blissey
|-boost|p2a: Blissey|spa|1
|-boost|p2a: Blissey|spd|1
|
|upkeep
|turn|15
|
|t:|1779890447
|move|p1a: Blastoise|Water Spout|p2a: Blissey
|-damage|p2a: Blissey|50/100
|move|p2a: Blissey|Calm Mind|p2a: Blissey
|-boost|p2a: Blissey|spa|1
|-boost|p2a: Blissey|spd|1
|
|-heal|p2a: Blissey|56/100|[from] item: Leftovers
|upkeep
|turn|16
|
|t:|1779890457
|move|p1a: Blastoise|Water Spout|p2a: Blissey
|-damage|p2a: Blissey|19/100
|move|p2a: Blissey|Shadow Ball|p1a: Blastoise
|-damage|p1a: Blastoise|62/100
|
|-heal|p2a: Blissey|25/100|[from] item: Leftovers
|upkeep
|turn|17
|
|t:|1779890467
|move|p1a: Blastoise|Shell Smash|p1a: Blastoise
|-unboost|p1a: Blastoise|def|1
|-unboost|p1a: Blastoise|spd|1
|-boost|p1a: Blastoise|atk|2
|-boost|p1a: Blastoise|spa|2
|-boost|p1a: Blastoise|spe|2
|move|p2a: Blissey|Soft-Boiled|p2a: Blissey
|-heal|p2a: Blissey|75/100
|
|-heal|p2a: Blissey|81/100|[from] item: Leftovers
|upkeep
|turn|18
|
|t:|1779890478
|move|p1a: Blastoise|Surf|p2a: Blissey
|-damage|p2a: Blissey|51/100
|move|p2a: Blissey|Shadow Ball|p1a: Blastoise
|-damage|p1a: Blastoise|10/100
|
|-heal|p2a: Blissey|58/100|[from] item: Leftovers
|upkeep
|turn|19
|
|t:|1779890487
|move|p1a: Blastoise|Surf|p2a: Blissey
|-damage|p2a: Blissey|13/100
|move|p2a: Blissey|Seismic Toss|p1a: Blastoise
|-damage|p1a: Blastoise|0 fnt
|faint|p1a: Blastoise
|
|-heal|p2a: Blissey|19/100|[from] item: Leftovers
|upkeep
|
|t:|1779890501
|switch|p1a: Salamence|Salamence, M|100/100
|turn|20
|
|t:|1779890506
|switch|p2a: Gliscor|Gliscor, M|100/100
|move|p1a: Salamence|Dragon Dance|p1a: Salamence
|-boost|p1a: Salamence|atk|1
|-boost|p1a: Salamence|spe|1
|
|-status|p2a: Gliscor|tox|[from] item: Toxic Orb
|upkeep
|turn|21
|
|t:|1779890516
|move|p1a: Salamence|Dragon Claw|p2a: Gliscor
|-damage|p2a: Gliscor|48/100 tox
|move|p2a: Gliscor|Toxic|p1a: Salamence
|-status|p1a: Salamence|tox
|-enditem|p1a: Salamence|Lum Berry|[eat]
|-curestatus|p1a: Salamence|tox|[msg]
|
|-heal|p2a: Gliscor|61/100 tox|[from] ability: Poison Heal
|upkeep
|turn|22
|
|t:|1779890526
|move|p1a: Salamence|Dragon Dance|p1a: Salamence
|-boost|p1a: Salamence|atk|1
|-boost|p1a: Salamence|spe|1
|move|p2a: Gliscor|Toxic|p1a: Salamence
|-status|p1a: Salamence|tox
|
|-damage|p1a: Salamence|94/100 tox|[from] psn
|-heal|p2a: Gliscor|73/100 tox|[from] ability: Poison Heal
|upkeep
|turn|23
|
|t:|1779890537
|move|p1a: Salamence|Dragon Claw|p2a: Gliscor
|-damage|p2a: Gliscor|5/100 tox
|move|p2a: Gliscor|Spikes|p1a: Salamence
|-sidestart|p1: rowlet13tb|Spikes
|
|-damage|p1a: Salamence|82/100 tox|[from] psn
|-heal|p2a: Gliscor|18/100 tox|[from] ability: Poison Heal
|upkeep
|turn|24
|
|t:|1779890546
|move|p2a: Gliscor|Protect|p2a: Gliscor
|-singleturn|p2a: Gliscor|Protect
|move|p1a: Salamence|Dragon Claw|p2a: Gliscor
|-activate|p2a: Gliscor|move: Protect
|
|-damage|p1a: Salamence|63/100 tox|[from] psn
|-heal|p2a: Gliscor|30/100 tox|[from] ability: Poison Heal
|upkeep
|turn|25
|
|t:|1779890556
|switch|p2a: Dondozo|Dondozo, M|100/100
|move|p1a: Salamence|Dragon Claw|p2a: Dondozo
|-damage|p2a: Dondozo|80/100
|
|-damage|p1a: Salamence|39/100 tox|[from] psn
|upkeep
|turn|26
|
|t:|1779890565
|switch|p1a: Sinistcha|Sinistcha-Masterpiece|100/100
|-damage|p1a: Sinistcha|88/100|[from] Spikes
|move|p2a: Dondozo|Curse|p2a: Dondozo
|-unboost|p2a: Dondozo|spe|1
|-boost|p2a: Dondozo|atk|1
|-boost|p2a: Dondozo|def|1
|
|upkeep
|turn|27
|
|t:|1779890576
|switch|p2a: Blissey|Blissey, F|19/100
|move|p1a: Sinistcha|Calm Mind|p1a: Sinistcha
|-boost|p1a: Sinistcha|spa|1
|-boost|p1a: Sinistcha|spd|1
|
|-heal|p2a: Blissey|25/100|[from] item: Leftovers
|upkeep
|turn|28
|
|t:|1779890585
|move|p1a: Sinistcha|Calm Mind|p1a: Sinistcha
|-boost|p1a: Sinistcha|spa|1
|-boost|p1a: Sinistcha|spd|1
|move|p2a: Blissey|Soft-Boiled|p2a: Blissey
|-heal|p2a: Blissey|75/100
|
|-heal|p2a: Blissey|81/100|[from] item: Leftovers
|upkeep
|turn|29
|
|t:|1779890593
|move|p1a: Sinistcha|Calm Mind|p1a: Sinistcha
|-boost|p1a: Sinistcha|spa|1
|-boost|p1a: Sinistcha|spd|1
|move|p2a: Blissey|Calm Mind|p2a: Blissey
|-boost|p2a: Blissey|spa|1
|-boost|p2a: Blissey|spd|1
|
|-heal|p2a: Blissey|88/100|[from] item: Leftovers
|upkeep
|turn|30
|
|t:|1779890602
|move|p1a: Sinistcha|Calm Mind|p1a: Sinistcha
|-boost|p1a: Sinistcha|spa|1
|-boost|p1a: Sinistcha|spd|1
|move|p2a: Blissey|Calm Mind|p2a: Blissey
|-boost|p2a: Blissey|spa|1
|-boost|p2a: Blissey|spd|1
|
|-heal|p2a: Blissey|94/100|[from] item: Leftovers
|upkeep
|turn|31
|
|t:|1779890612
|move|p1a: Sinistcha|Matcha Gotcha|p2a: Blissey
|-damage|p2a: Blissey|72/100
|-heal|p1a: Sinistcha|100/100|[from] drain|[of] p2a: Blissey
|-status|p2a: Blissey|brn
|move|p2a: Blissey|Calm Mind|p2a: Blissey
|-boost|p2a: Blissey|spa|1
|-boost|p2a: Blissey|spd|1
|
|-heal|p2a: Blissey|78/100 brn|[from] item: Leftovers
|-damage|p2a: Blissey|72/100 brn|[from] brn
|upkeep
|turn|32
|
|t:|1779890625
|move|p1a: Sinistcha|Matcha Gotcha|p2a: Blissey
|-damage|p2a: Blissey|55/100 brn
|move|p2a: Blissey|Calm Mind|p2a: Blissey
|-boost|p2a: Blissey|spa|1
|-boost|p2a: Blissey|spd|1
|
|-heal|p2a: Blissey|61/100 brn|[from] item: Leftovers
|-damage|p2a: Blissey|55/100 brn|[from] brn
|upkeep
|turn|33
|
|t:|1779890636
|move|p1a: Sinistcha|Matcha Gotcha|p2a: Blissey|[miss]
|-miss|p1a: Sinistcha|p2a: Blissey
|move|p2a: Blissey|Calm Mind|p2a: Blissey
|-boost|p2a: Blissey|spa|1
|-boost|p2a: Blissey|spd|1
|
|-heal|p2a: Blissey|61/100 brn|[from] item: Leftovers
|-damage|p2a: Blissey|55/100 brn|[from] brn
|upkeep
|turn|34
|
|t:|1779890647
|move|p1a: Sinistcha|Matcha Gotcha|p2a: Blissey
|-damage|p2a: Blissey|44/100 brn
|move|p2a: Blissey|Calm Mind|p2a: Blissey
|-boost|p2a: Blissey|spa|1
|-boost|p2a: Blissey|spd|1
|
|-heal|p2a: Blissey|50/100 brn|[from] item: Leftovers
|-damage|p2a: Blissey|44/100 brn|[from] brn
|upkeep
|turn|35
|
|t:|1779890658
|move|p1a: Sinistcha|Matcha Gotcha|p2a: Blissey
|-damage|p2a: Blissey|34/100 brn
|move|p2a: Blissey|Soft-Boiled|p2a: Blissey
|-heal|p2a: Blissey|84/100 brn
|
|-heal|p2a: Blissey|91/100 brn|[from] item: Leftovers
|-damage|p2a: Blissey|84/100 brn|[from] brn
|upkeep
|turn|36
|
|t:|1779890669
|move|p1a: Sinistcha|Matcha Gotcha|p2a: Blissey
|-damage|p2a: Blissey|75/100 brn
|move|p2a: Blissey|Shadow Ball|p1a: Sinistcha
|-supereffective|p1a: Sinistcha
|-crit|p1a: Sinistcha
|-damage|p1a: Sinistcha|0 fnt
|faint|p1a: Sinistcha
|
|-heal|p2a: Blissey|81/100 brn|[from] item: Leftovers
|-damage|p2a: Blissey|75/100 brn|[from] brn
|upkeep
|
|t:|1779890683
|switch|p1a: Alcremie|Alcremie, F|100/100
|-damage|p1a: Alcremie|88/100|[from] Spikes
|turn|37
|
|t:|1779890693
|move|p1a: Alcremie|Calm Mind|p1a: Alcremie
|-boost|p1a: Alcremie|spa|1
|-boost|p1a: Alcremie|spd|1
|move|p2a: Blissey|Shadow Ball|p1a: Alcremie
|-damage|p1a: Alcremie|54/100
|
|-heal|p1a: Alcremie|60/100|[from] item: Leftovers
|-heal|p2a: Blissey|81/100 brn|[from] item: Leftovers
|-damage|p2a: Blissey|75/100 brn|[from] brn
|upkeep
|turn|38
|
|t:|1779890704
|move|p1a: Alcremie|Calm Mind|p1a: Alcremie
|-boost|p1a: Alcremie|spa|1
|-boost|p1a: Alcremie|spd|1
|move|p2a: Blissey|Seismic Toss|p1a: Alcremie
|-damage|p1a: Alcremie|30/100
|
|-heal|p1a: Alcremie|36/100|[from] item: Leftovers
|-heal|p2a: Blissey|81/100 brn|[from] item: Leftovers
|-damage|p2a: Blissey|75/100 brn|[from] brn
|upkeep
|turn|39
|
|t:|1779890715
|move|p1a: Alcremie|Draining Kiss|p2a: Blissey
|-damage|p2a: Blissey|72/100 brn
|-heal|p1a: Alcremie|41/100|[from] drain|[of] p2a: Blissey
|move|p2a: Blissey|Seismic Toss|p1a: Alcremie
|-damage|p1a: Alcremie|11/100
|
|-heal|p1a: Alcremie|17/100|[from] item: Leftovers
|-heal|p2a: Blissey|78/100 brn|[from] item: Leftovers
|-damage|p2a: Blissey|72/100 brn|[from] brn
|upkeep
|turn|40
|-message|rowlet13tb forfeited.
|
|win|waterdrinker48
|raw|rowlet13tb's rating: 1381 &rarr; <strong>1359</strong><br />(-22 for losing)
|raw|waterdrinker48's rating: 1349 &rarr; <strong>1371</strong><br />(+22 for winning)
|l|☆rowlet13tb
|player|p1|
|l|☆waterdrinker48
|player|p2|
|j|☆waterdrinker48
|player|p2|waterdrinker48|miku-ghost|
|l|☆waterdrinker48
|player|p2|
|j|☆waterdrinker48
|player|p2|waterdrinker48|miku-ghost|
|l|☆waterdrinker48
|player|p2|
