|j|☆55tyhg4
|j|☆eserraba
|t:|1779897771
|gametype|singles
|player|p1|55tyhg4|170|1195
|player|p2|eserraba|101|1166
|gen|9
|tier|[Gen 9] OU
|rated|
|rule|HP Percentage Mod: HP is shown in percentages
|rule|Endless Battle Clause: Forcing endless battles is banned
|rule|Species Clause: Limit one of each Pokémon
|rule|OHKO Clause: OHKO moves are banned
|rule|Evasion Items Clause: Evasion items are banned
|rule|Evasion Moves Clause: Evasion moves are banned
|rule|Evasion Abilities Clause: Evasion abilities are banned
|rule|Sleep Moves Clause: Sleep-inducing moves are banned
|clearpoke
|poke|p1|Ditto|
|poke|p1|Clefable, F|
|poke|p1|Toxapex, M|
|poke|p1|Garganacl, M|
|poke|p1|Mew|
|poke|p1|Rotom-Wash|
|poke|p2|Masquerain, F|
|poke|p2|Eelektross, F|
|poke|p2|Shiftry, F|
|poke|p2|Volbeat, M|
|poke|p2|Seviper, M|
|poke|p2|Golduck, M|
|teampreview
|inactive|Battle timer is ON: inactive players will automatically lose when time's up. (requested by eserraba)
|inactive|eserraba has 120 seconds left.
|
|t:|1779897806
|teamsize|p1|6
|teamsize|p2|6
|start
|switch|p1a: Rotom|Rotom-Wash|100/100
|switch|p2a: Seviper|Seviper, M|100/100
|turn|1
|
|t:|1779897812
|move|p2a: Seviper|Switcheroo|p1a: Rotom
|-activate|p2a: Seviper|move: Trick|[of] p1a: Rotom
|-item|p1a: Rotom|Choice Scarf|[from] move: Switcheroo
|-item|p2a: Seviper|Choice Scarf|[from] move: Switcheroo
|move|p1a: Rotom|Trick|p2a: Seviper
|-activate|p1a: Rotom|move: Trick|[of] p2a: Seviper
|-item|p2a: Seviper|Choice Scarf|[from] move: Trick
|-item|p1a: Rotom|Choice Scarf|[from] move: Trick
|
|upkeep
|turn|2
|
|t:|1779897820
|move|p2a: Seviper|Poison Jab|p1a: Rotom
|-damage|p1a: Rotom|63/100
|move|p1a: Rotom|Will-O-Wisp|p2a: Seviper
|-status|p2a: Seviper|brn
|
|-damage|p2a: Seviper|95/100 brn|[from] brn
|upkeep
|turn|3
|
|t:|1779897827
|switch|p1a: Toxapex|Toxapex, M|100/100
|move|p2a: Seviper|Poison Jab|p1a: Toxapex
|-resisted|p1a: Toxapex
|-damage|p1a: Toxapex|95/100
|
|-heal|p1a: Toxapex|100/100|[from] item: Black Sludge
|-damage|p2a: Seviper|89/100 brn|[from] brn
|upkeep
|turn|4
|
|t:|1779897845
|move|p2a: Seviper|Poison Jab|p1a: Toxapex
|-resisted|p1a: Toxapex
|-damage|p1a: Toxapex|95/100
|move|p1a: Toxapex|Toxic||[still]
|-fail|p1a: Toxapex
|
|-activate|p2a: Seviper|ability: Shed Skin
|-curestatus|p2a: Seviper|brn|[msg]
|-heal|p1a: Toxapex|100/100|[from] item: Black Sludge
|upkeep
|turn|5
|
|t:|1779897859
|switch|p2a: Volbeat|Volbeat, M|100/100
|move|p1a: Toxapex|Liquidation|p2a: Volbeat
|-damage|p2a: Volbeat|82/100
|-enditem|p2a: Volbeat|Red Card|[of] p1a: Toxapex
|drag|p1a: Ditto|Ditto|100/100
|-transform|p1a: Ditto|p2a: Volbeat|[from] ability: Imposter
|
|upkeep
|turn|6
|inactive|55tyhg4 has 120 seconds left.
|inactive|eserraba has 120 seconds left.
|
|t:|1779897901
|switch|p1a: Toxapex|Toxapex, M|100/100
|switch|p2a: Seviper|Seviper, M|89/100
|
|upkeep
|turn|7
|inactive|55tyhg4 has 120 seconds left.
|inactive|eserraba has 120 seconds left.
|
|t:|1779897906
|move|p2a: Seviper|Switcheroo|p1a: Toxapex
|-activate|p2a: Seviper|move: Trick|[of] p1a: Toxapex
|-item|p1a: Toxapex|Choice Scarf|[from] move: Switcheroo
|-item|p2a: Seviper|Black Sludge|[from] move: Switcheroo
|move|p1a: Toxapex|Liquidation|p2a: Seviper
|-damage|p2a: Seviper|50/100
|
|-heal|p2a: Seviper|56/100|[from] item: Black Sludge
|upkeep
|turn|8
|inactive|eserraba has 120 seconds left.
|
|t:|1779897922
|switch|p2a: Masquerain|Masquerain, F|100/100
|-ability|p2a: Masquerain|Intimidate|boost
|-unboost|p1a: Toxapex|atk|1
|switch|p1a: Mew|Mew|100/100
|
|upkeep
|turn|9
|inactive|eserraba has 120 seconds left.
|
|t:|1779897937
|switch|p2a: Eelektross|Eelektross, F|100/100
|move|p1a: Mew|Trick|p2a: Eelektross
|-activate|p1a: Mew|move: Trick|[of] p2a: Eelektross
|-item|p2a: Eelektross|Choice Scarf|[from] move: Trick
|-item|p1a: Mew|Assault Vest|[from] move: Trick
|
|upkeep
|turn|10
|inactive|eserraba has 120 seconds left.
|
|t:|1779897945
|switch|p1a: Toxapex|Toxapex, M|100/100
|move|p2a: Eelektross|U-turn|p1a: Toxapex
|-resisted|p1a: Toxapex
|-damage|p1a: Toxapex|93/100
|
|t:|1779897949
|switch|p2a: Seviper|Seviper, M|56/100|[from] U-turn
|
|-heal|p2a: Seviper|62/100|[from] item: Black Sludge
|upkeep
|turn|11
|
|t:|1779897954
|move|p2a: Seviper|Earthquake|p1a: Toxapex
|-supereffective|p1a: Toxapex
|-damage|p1a: Toxapex|58/100
|move|p1a: Toxapex|Liquidation|p2a: Seviper
|-damage|p2a: Seviper|23/100
|
|-heal|p2a: Seviper|29/100|[from] item: Black Sludge
|upkeep
|turn|12
|
|t:|1779897964
|switch|p2a: Eelektross|Eelektross, F|100/100
|move|p1a: Toxapex|Liquidation|p2a: Eelektross
|-damage|p2a: Eelektross|77/100
|-unboost|p2a: Eelektross|def|1
|
|upkeep
|turn|13
|
|t:|1779897972
|switch|p1a: Garganacl|Garganacl, M|100/100
|move|p2a: Eelektross|Supercell Slam|p1a: Garganacl
|-damage|p1a: Garganacl|69/100
|
|-heal|p1a: Garganacl|75/100|[from] item: Leftovers
|upkeep
|turn|14
|
|t:|1779897990
|move|p2a: Eelektross|Supercell Slam|p1a: Garganacl
|-damage|p1a: Garganacl|40/100
|move|p1a: Garganacl|Salt Cure|p2a: Eelektross
|-damage|p2a: Eelektross|56/100
|-start|p2a: Eelektross|Salt Cure
|
|-heal|p1a: Garganacl|46/100|[from] item: Leftovers
|-damage|p2a: Eelektross|43/100|[from] Salt Cure
|upkeep
|turn|15
|
|t:|1779897999
|switch|p2a: Golduck|Golduck, M|100/100
|-ability|p2a: Golduck|Cloud Nine
|move|p1a: Garganacl|Recover|p1a: Garganacl
|-heal|p1a: Garganacl|96/100
|
|-heal|p1a: Garganacl|100/100|[from] item: Leftovers
|upkeep
|turn|16
|
|t:|1779898007
|-terastallize|p1a: Garganacl|Water
|move|p2a: Golduck|Nasty Plot|p2a: Golduck
|-boost|p2a: Golduck|spa|2
|move|p1a: Garganacl|Salt Cure|p2a: Golduck
|-damage|p2a: Golduck|82/100
|-start|p2a: Golduck|Salt Cure
|
|-damage|p2a: Golduck|57/100|[from] Salt Cure
|upkeep
|turn|17
|
|t:|1779898022
|switch|p1a: Rotom|Rotom-Wash|63/100
|move|p2a: Golduck|Nasty Plot|p2a: Golduck
|-boost|p2a: Golduck|spa|2
|
|-damage|p2a: Golduck|32/100|[from] Salt Cure
|upkeep
|-enditem|p2a: Golduck|Sitrus Berry|[eat]
|-heal|p2a: Golduck|57/100|[from] item: Sitrus Berry
|turn|18
|
|t:|1779898035
|-terastallize|p2a: Golduck|Grass
|move|p1a: Rotom|Volt Switch|p2a: Golduck
|-resisted|p2a: Golduck
|-damage|p2a: Golduck|40/100
|
|t:|1779898040
|switch|p1a: Toxapex|Toxapex, M|91/100|[from] Volt Switch
|move|p2a: Golduck|Psychic Noise|p1a: Toxapex
|-supereffective|p1a: Toxapex
|-damage|p1a: Toxapex|0 fnt
|faint|p1a: Toxapex
|
|-damage|p2a: Golduck|27/100|[from] Salt Cure
|upkeep
|
|t:|1779898047
|switch|p1a: Ditto|Ditto|100/100
|-transform|p1a: Ditto|p2a: Golduck|[from] ability: Imposter
|-start|p1a: Ditto|typechange|Water|[silent]
|turn|19
|
|t:|1779898057
|move|p2a: Golduck|Vacuum Wave|p1a: Ditto
|-damage|p1a: Ditto|56/100
|move|p1a: Ditto|Surf|p2a: Golduck
|-resisted|p2a: Golduck
|-damage|p2a: Golduck|0 fnt
|faint|p2a: Golduck
|
|upkeep
|
|t:|1779898065
|switch|p2a: Shiftry|Shiftry, F|100/100
|turn|20
|
|t:|1779898068
|move|p1a: Ditto|Surf|p2a: Shiftry
|-resisted|p2a: Shiftry
|-damage|p2a: Shiftry|3/100
|move|p2a: Shiftry|Leaf Blade|p1a: Ditto
|-supereffective|p1a: Ditto
|-damage|p1a: Ditto|0 fnt
|faint|p1a: Ditto
|
|upkeep
|
|t:|1779898074
|switch|p1a: Mew|Mew|100/100
|turn|21
|
|t:|1779898083
|switch|p2a: Volbeat|Volbeat, M|82/100
|-activate|p1a: Mew|move: Struggle
|move|p1a: Mew|Struggle|p2a: Volbeat
|-damage|p2a: Volbeat|75/100
|-damage|p1a: Mew|75/100|[from] recoil
|
|upkeep
|turn|22
|
|t:|1779898092
|switch|p1a: Garganacl|Garganacl, M, tera:Water|100/100
|move|p2a: Volbeat|Tailwind|p2a: Volbeat
|-sidestart|p2: eserraba|move: Tailwind
|
|upkeep
|turn|23
|
|t:|1779898099
|move|p1a: Garganacl|Curse|p1a: Garganacl
|-unboost|p1a: Garganacl|spe|1
|-boost|p1a: Garganacl|atk|1
|-boost|p1a: Garganacl|def|1
|move|p2a: Volbeat|Counter||[still]
|-fail|p2a: Volbeat
|
|upkeep
|turn|24
|
|t:|1779898104
|move|p2a: Volbeat|Encore|p1a: Garganacl
|-start|p1a: Garganacl|Encore
|move|p1a: Garganacl|Curse|p1a: Garganacl
|-unboost|p1a: Garganacl|spe|1
|-boost|p1a: Garganacl|atk|1
|-boost|p1a: Garganacl|def|1
|
|upkeep
|turn|25
|
|t:|1779898118
|switch|p2a: Seviper|Seviper, M|29/100
|move|p1a: Garganacl|Curse|p1a: Garganacl
|-unboost|p1a: Garganacl|spe|1
|-boost|p1a: Garganacl|atk|1
|-boost|p1a: Garganacl|def|1
|
|-heal|p2a: Seviper|35/100|[from] item: Black Sludge
|-sideend|p2: eserraba|move: Tailwind
|upkeep
|turn|26
|
|t:|1779898126
|move|p2a: Seviper|Switcheroo|p1a: Garganacl
|-activate|p2a: Seviper|move: Trick|[of] p1a: Garganacl
|-item|p1a: Garganacl|Black Sludge|[from] move: Switcheroo
|-item|p2a: Seviper|Leftovers|[from] move: Switcheroo
|move|p1a: Garganacl|Curse|p1a: Garganacl
|-unboost|p1a: Garganacl|spe|1
|-boost|p1a: Garganacl|atk|1
|-boost|p1a: Garganacl|def|1
|
|-heal|p2a: Seviper|41/100|[from] item: Leftovers
|-damage|p1a: Garganacl|88/100|[from] item: Black Sludge
|-end|p1a: Garganacl|Encore
|upkeep
|turn|27
|
|t:|1779898137
|move|p2a: Seviper|Poison Jab|p1a: Garganacl
|-damage|p1a: Garganacl|80/100
|move|p1a: Garganacl|Salt Cure|p2a: Seviper
|-damage|p2a: Seviper|0 fnt
|faint|p2a: Seviper
|
|-damage|p1a: Garganacl|67/100|[from] item: Black Sludge
|upkeep
|
|t:|1779898148
|switch|p2a: Volbeat|Volbeat, M|75/100
|turn|28
|
|t:|1779898151
|move|p2a: Volbeat|Tailwind|p2a: Volbeat
|-sidestart|p2: eserraba|move: Tailwind
|move|p1a: Garganacl|Recover|p1a: Garganacl
|-heal|p1a: Garganacl|100/100
|
|-damage|p1a: Garganacl|88/100|[from] item: Black Sludge
|upkeep
|turn|29
|
|t:|1779898157
|move|p2a: Volbeat|Encore|p1a: Garganacl
|-start|p1a: Garganacl|Encore
|move|p1a: Garganacl|Recover|p1a: Garganacl
|-heal|p1a: Garganacl|100/100
|
|-damage|p1a: Garganacl|88/100|[from] item: Black Sludge
|upkeep
|turn|30
|
|t:|1779898165
|move|p2a: Volbeat|Light Screen|p2a: Volbeat
|-sidestart|p2: eserraba|move: Light Screen
|move|p1a: Garganacl|Recover|p1a: Garganacl
|-heal|p1a: Garganacl|100/100
|
|-damage|p1a: Garganacl|88/100|[from] item: Black Sludge
|upkeep
|turn|31
|
|t:|1779898172
|move|p2a: Volbeat|Tailwind||[still]
|-fail|p2a: Volbeat
|move|p1a: Garganacl|Recover|p1a: Garganacl
|-heal|p1a: Garganacl|100/100
|
|-damage|p1a: Garganacl|88/100|[from] item: Black Sludge
|-end|p1a: Garganacl|Encore
|-sideend|p2: eserraba|move: Tailwind
|upkeep
|turn|32
|
|t:|1779898180
|switch|p1a: Rotom|Rotom-Wash|63/100
|move|p2a: Volbeat|Encore||[still]
|-fail|p2a: Volbeat
|
|upkeep
|turn|33
|
|t:|1779898189
|move|p2a: Volbeat|Tailwind|p2a: Volbeat
|-sidestart|p2: eserraba|move: Tailwind
|move|p1a: Rotom|Will-O-Wisp|p2a: Volbeat
|-status|p2a: Volbeat|brn
|
|-damage|p2a: Volbeat|69/100 brn|[from] brn
|upkeep
|turn|34
|
|t:|1779898197
|switch|p2a: Masquerain|Masquerain, F|100/100
|-ability|p2a: Masquerain|Intimidate|boost
|-unboost|p1a: Rotom|atk|1
|switch|p1a: Mew|Mew|75/100
|
|-sideend|p2: eserraba|move: Light Screen
|upkeep
|turn|35
|
|t:|1779898204
|switch|p1a: Rotom|Rotom-Wash|63/100
|move|p2a: Masquerain|Quiver Dance|p2a: Masquerain
|-boost|p2a: Masquerain|spa|1
|-boost|p2a: Masquerain|spd|1
|-boost|p2a: Masquerain|spe|1
|
|upkeep
|turn|36
|
|t:|1779898214
|move|p2a: Masquerain|Giga Drain|p1a: Rotom
|-supereffective|p1a: Rotom
|-damage|p1a: Rotom|10/100
|move|p1a: Rotom|Trick|p2a: Masquerain
|-activate|p1a: Rotom|move: Trick|[of] p2a: Masquerain
|-item|p2a: Masquerain|Choice Scarf|[from] move: Trick
|-item|p1a: Rotom|Heavy-Duty Boots|[from] move: Trick
|
|-sideend|p2: eserraba|move: Tailwind
|upkeep
|turn|37
|
|t:|1779898228
|move|p2a: Masquerain|Giga Drain|p1a: Rotom
|-supereffective|p1a: Rotom
|-damage|p1a: Rotom|0 fnt
|faint|p1a: Rotom
|
|upkeep
|
|t:|1779898236
|switch|p1a: Garganacl|Garganacl, M, tera:Water|88/100
|turn|38
|
|t:|1779898239
|move|p2a: Masquerain|Giga Drain|p1a: Garganacl
|-supereffective|p1a: Garganacl
|-damage|p1a: Garganacl|37/100
|move|p1a: Garganacl|Salt Cure|p2a: Masquerain
|-supereffective|p2a: Masquerain
|-damage|p2a: Masquerain|9/100
|-start|p2a: Masquerain|Salt Cure
|
|-damage|p1a: Garganacl|24/100|[from] item: Black Sludge
|-damage|p2a: Masquerain|0 fnt|[from] Salt Cure
|faint|p2a: Masquerain
|upkeep
|
|t:|1779898259
|switch|p2a: Eelektross|Eelektross, F|43/100
|turn|39
|
|t:|1779898264
|switch|p1a: Mew|Mew|75/100
|move|p2a: Eelektross|Supercell Slam|p1a: Mew
|-damage|p1a: Mew|42/100
|
|upkeep
|turn|40
|
|t:|1779898278
|-activate|p1a: Mew|move: Struggle
|move|p1a: Mew|Struggle|p2a: Eelektross
|-damage|p2a: Eelektross|34/100
|-damage|p1a: Mew|17/100|[from] recoil
|move|p2a: Eelektross|Supercell Slam|p1a: Mew
|-damage|p1a: Mew|0 fnt
|faint|p1a: Mew
|
|upkeep
|
|t:|1779898285
|switch|p1a: Garganacl|Garganacl, M, tera:Water|24/100
|turn|41
|
|t:|1779898288
|switch|p1a: Clefable|Clefable, F|100/100
|move|p2a: Eelektross|Supercell Slam|p1a: Clefable
|-damage|p1a: Clefable|48/100
|
|-heal|p1a: Clefable|55/100|[from] item: Leftovers
|upkeep
|turn|42
|-message|55tyhg4 forfeited.
|
|win|eserraba
|raw|55tyhg4's rating: 1195 &rarr; <strong>1168</strong><br />(-27 for losing)
|raw|eserraba's rating: 1166 &rarr; <strong>1193</strong><br />(+27 for winning)
|l|☆55tyhg4
|player|p1|
