|j|☆AkiDes
|j|☆l5king
|t:|1779944876
|gametype|singles
|player|p1|AkiDes|skier|1171
|player|p2|l5king|palmer|1227
|gen|9
|tier|[Gen 9] OU
|rated|
|rule|HP Percentage Mod: HP is shown in percentages
|rule|Endless Battle Clause: Forcing endless battles is banned
|rule|Species Clause: Limit one of each Pokémon
|rule|OHKO Clause: OHKO moves are banned
|rule|Evasion Items Clause: Evasion items are banned
|rule|Evasion Moves Clause: Evasion moves are banned
|rule|Evasion Abilities Clause: Evasion abilities are banned
|rule|Sleep Moves Clause: Sleep-inducing moves are banned
|clearpoke
|poke|p1|Excadrill, M|
|poke|p1|Ogerpon-Wellspring, F|
|poke|p1|Zapdos|
|poke|p1|Pelipper, M|
|poke|p1|Politoed, F|
|poke|p1|Glimmora, F|
|poke|p2|Kingambit, M|
|poke|p2|Ogerpon-Wellspring, F|
|poke|p2|Chandelure, F|
|poke|p2|Salamence, M|
|poke|p2|Iron Moth|
|poke|p2|Glimmora, M|
|teampreview
|
|t:|1779944883
|teamsize|p1|6
|teamsize|p2|6
|start
|switch|p1a: Glimmora|Glimmora, F|100/100
|switch|p2a: Glimmora|Glimmora, M|100/100
|-item|p1a: Glimmora|Air Balloon
|turn|1
|
|t:|1779944891
|switch|p1a: Politoed|Politoed, F|100/100
|-weather|RainDance|[from] ability: Drizzle|[of] p1a: Politoed
|move|p2a: Glimmora|Stealth Rock|p1a: Politoed
|-sidestart|p1: AkiDes|move: Stealth Rock
|
|-weather|RainDance|[upkeep]
|upkeep
|turn|2
|
|t:|1779944899
|move|p2a: Glimmora|Power Gem|p1a: Politoed
|-damage|p1a: Politoed|68/100
|move|p1a: Politoed|Hydro Pump|p2a: Glimmora
|-supereffective|p2a: Glimmora
|-enditem|p2a: Glimmora|Focus Sash
|-damage|p2a: Glimmora|1/100
|
|-weather|RainDance|[upkeep]
|upkeep
|turn|3
|
|t:|1779944908
|move|p2a: Glimmora|Mortal Spin|p1a: Politoed
|-damage|p1a: Politoed|60/100
|-status|p1a: Politoed|psn
|move|p1a: Politoed|Ice Beam|p2a: Glimmora
|-damage|p2a: Glimmora|0 fnt
|faint|p2a: Glimmora
|
|-weather|RainDance|[upkeep]
|-damage|p1a: Politoed|48/100 psn|[from] psn
|upkeep
|
|t:|1779944919
|switch|p2a: Iron Moth|Iron Moth|100/100
|turn|4
|
|t:|1779944930
|move|p2a: Iron Moth|Discharge|p1a: Politoed
|-supereffective|p1a: Politoed
|-damage|p1a: Politoed|0 fnt
|faint|p1a: Politoed
|
|-weather|RainDance|[upkeep]
|upkeep
|
|t:|1779944934
|switch|p1a: Excadrill|Excadrill, M|100/100
|-damage|p1a: Excadrill|97/100|[from] Stealth Rock
|-ability|p1a: Excadrill|Mold Breaker
|turn|5
|
|t:|1779944940
|move|p2a: Iron Moth|Fiery Dance|p1a: Excadrill
|-supereffective|p1a: Excadrill
|-damage|p1a: Excadrill|40/100
|-boost|p2a: Iron Moth|spa|1
|move|p1a: Excadrill|Rapid Spin|p2a: Iron Moth
|-damage|p2a: Iron Moth|71/100
|-boost|p1a: Excadrill|spe|1
|-sideend|p1: AkiDes|Stealth Rock|[from] move: Rapid Spin|[of] p1a: Excadrill
|
|-weather|RainDance|[upkeep]
|upkeep
|turn|6
|
|t:|1779944948
|move|p1a: Excadrill|Earthquake|p2a: Iron Moth
|-supereffective|p2a: Iron Moth
|-damage|p2a: Iron Moth|0 fnt
|faint|p2a: Iron Moth
|-end|p2a: Iron Moth|Quark Drive|[silent]
|
|-weather|RainDance|[upkeep]
|upkeep
|
|t:|1779944956
|switch|p2a: Salamence|Salamence, M|100/100
|turn|7
|
|t:|1779944964
|move|p1a: Excadrill|Rock Slide|p2a: Salamence
|-supereffective|p2a: Salamence
|-damage|p2a: Salamence|35/100
|move|p2a: Salamence|Dragon Dance|p2a: Salamence
|-boost|p2a: Salamence|atk|1
|-boost|p2a: Salamence|spe|1
|
|-weather|RainDance|[upkeep]
|upkeep
|turn|8
|
|t:|1779944972
|-terastallize|p2a: Salamence|Dragon
|move|p1a: Excadrill|Iron Head|p2a: Salamence
|-damage|p2a: Salamence|0 fnt
|faint|p2a: Salamence
|
|-weather|none
|upkeep
|
|t:|1779944979
|switch|p2a: Chandelure|Chandelure, F|100/100
|turn|9
|
|t:|1779944986
|move|p1a: Excadrill|Earthquake|p2a: Chandelure
|-supereffective|p2a: Chandelure
|-damage|p2a: Chandelure|0 fnt
|faint|p2a: Chandelure
|
|upkeep
|
|t:|1779944990
|switch|p2a: Ogerpon|Ogerpon-Wellspring, F|100/100
|turn|10
|
|t:|1779944999
|move|p1a: Excadrill|Rock Slide|p2a: Ogerpon|[miss]
|-miss|p1a: Excadrill|p2a: Ogerpon
|move|p2a: Ogerpon|Ivy Cudgel|p1a: Excadrill|[anim] Ivy Cudgel Water
|-supereffective|p1a: Excadrill
|-damage|p1a: Excadrill|0 fnt
|faint|p1a: Excadrill
|
|upkeep
|
|t:|1779945006
|switch|p1a: Pelipper|Pelipper, M|100/100
|-weather|RainDance|[from] ability: Drizzle|[of] p1a: Pelipper
|turn|11
|
|t:|1779945010
|move|p2a: Ogerpon|Wood Hammer|p1a: Pelipper
|-damage|p1a: Pelipper|44/100
|-damage|p2a: Ogerpon|80/100|[from] Recoil
|move|p1a: Pelipper|Hurricane|p2a: Ogerpon
|-supereffective|p2a: Ogerpon
|-damage|p2a: Ogerpon|0 fnt
|faint|p2a: Ogerpon
|
|-weather|RainDance|[upkeep]
|upkeep
|
|t:|1779945015
|switch|p2a: Kingambit|Kingambit, M|100/100
|-activate|p2a: Kingambit|ability: Supreme Overlord
|-start|p2a: Kingambit|fallen5|[silent]
|-item|p2a: Kingambit|Air Balloon
|turn|12
|
|t:|1779945018
|move|p1a: Pelipper|Hydro Pump|p2a: Kingambit
|-damage|p2a: Kingambit|50/100
|-enditem|p2a: Kingambit|Air Balloon
|move|p2a: Kingambit|Kowtow Cleave|p1a: Pelipper
|-damage|p1a: Pelipper|0 fnt
|faint|p1a: Pelipper
|
|-weather|RainDance|[upkeep]
|upkeep
|
|t:|1779945023
|switch|p1a: Zapdos|Zapdos|100/100
|turn|13
|
|t:|1779945029
|move|p2a: Kingambit|Sucker Punch|p1a: Zapdos
|-damage|p1a: Zapdos|60/100
|-damage|p2a: Kingambit|33/100|[from] item: Rocky Helmet|[of] p1a: Zapdos
|move|p1a: Zapdos|Thunder|p2a: Kingambit
|-damage|p2a: Kingambit|0 fnt
|faint|p2a: Kingambit
|-end|p2a: Kingambit|fallen5|[silent]
|
|win|AkiDes
|raw|AkiDes's rating: 1171 &rarr; <strong>1200</strong><br />(+29 for winning)
|raw|l5king's rating: 1227 &rarr; <strong>1198</strong><br />(-29 for losing)
|l|☆l5king
|player|p2|
