|j|‽aaagislash
|j|☆zxrkawa
|t:|1779897969
|gametype|singles
|player|p1|aaagislash|1|1633
|player|p2|zxrkawa|elesa|1570
|gen|9
|tier|[Gen 9] OU
|rated|
|rule|HP Percentage Mod: HP is shown in percentages
|rule|Endless Battle Clause: Forcing endless battles is banned
|rule|Species Clause: Limit one of each Pokémon
|rule|OHKO Clause: OHKO moves are banned
|rule|Evasion Items Clause: Evasion items are banned
|rule|Evasion Moves Clause: Evasion moves are banned
|rule|Evasion Abilities Clause: Evasion abilities are banned
|rule|Sleep Moves Clause: Sleep-inducing moves are banned
|clearpoke
|poke|p1|Blaziken, F|
|poke|p1|Rotom-Wash|
|poke|p1|Slowking-Galar, F|
|poke|p1|Great Tusk|
|poke|p1|Weavile, M|
|poke|p1|Tinkaton, F|
|poke|p2|Meowscarada, M|
|poke|p2|Pecharunt|
|poke|p2|Enamorus, F|
|poke|p2|Iron Treads|
|poke|p2|Skarmory, M|
|poke|p2|Slowking, M|
|teampreview
|inactive|Battle timer is ON: inactive players will automatically lose when time's up. (requested by zxrkawa)
|
|t:|1779897993
|teamsize|p1|6
|teamsize|p2|6
|start
|switch|p1a: Blaziken|Blaziken, F|100/100
|switch|p2a: Meowscarada|Meowscarada, M|100/100
|turn|1
|
|t:|1779897999
|move|p2a: Meowscarada|U-turn|p1a: Blaziken
|-start|p2a: Meowscarada|typechange|Bug|[from] ability: Protean
|-resisted|p1a: Blaziken
|-damage|p1a: Blaziken|83/100
|
|t:|1779898003
|switch|p2a: Slowking|Slowking, M|100/100|[from] U-turn
|move|p1a: Blaziken|U-turn|p2a: Slowking
|-supereffective|p2a: Slowking
|-damage|p2a: Slowking|60/100
|
|t:|1779898006
|switch|p1a: Weavile|Weavile, M|100/100|[from] U-turn
|-ability|p1a: Weavile|Pressure
|
|upkeep
|turn|2
|
|t:|1779898016
|switch|p2a: Skarmory|Skarmory, M|100/100
|move|p1a: Weavile|Knock Off|p2a: Skarmory
|-damage|p2a: Skarmory|56/100
|-enditem|p2a: Skarmory|Covert Cloak|[from] move: Knock Off|[of] p1a: Weavile
|
|upkeep
|turn|3
|
|t:|1779898024
|switch|p1a: Tinkaton|Tinkaton, F|100/100
|-item|p1a: Tinkaton|Air Balloon
|move|p2a: Skarmory|Body Press|p1a: Tinkaton
|-damage|p1a: Tinkaton|64/100
|-enditem|p1a: Tinkaton|Air Balloon
|
|upkeep
|turn|4
|j| dante1310
|
|t:|1779898030
|move|p1a: Tinkaton|Stealth Rock|p2a: Skarmory
|-sidestart|p2: zxrkawa|move: Stealth Rock
|move|p2a: Skarmory|Roost|p2a: Skarmory
|-heal|p2a: Skarmory|100/100
|-singleturn|p2a: Skarmory|move: Roost
|
|upkeep
|turn|5
|
|t:|1779898033
|switch|p1a: Blaziken|Blaziken, F|83/100
|move|p2a: Skarmory|Spikes|p1a: Blaziken
|-sidestart|p1: aaagislash|Spikes
|
|upkeep
|turn|6
|
|t:|1779898039
|switch|p2a: Enamorus|Enamorus, F|100/100
|-damage|p2a: Enamorus|76/100|[from] Stealth Rock
|move|p1a: Blaziken|Overheat|p2a: Enamorus
|-damage|p2a: Enamorus|0 fnt
|-unboost|p1a: Blaziken|spa|2
|faint|p2a: Enamorus
|
|-ability|p1a: Blaziken|Speed Boost|boost
|-boost|p1a: Blaziken|spe|1
|upkeep
|
|t:|1779898053
|switch|p2a: Pecharunt|Pecharunt|100/100
|-damage|p2a: Pecharunt|88/100|[from] Stealth Rock
|turn|7
|
|t:|1779898059
|move|p1a: Blaziken|U-turn|p2a: Pecharunt
|-resisted|p2a: Pecharunt
|-damage|p2a: Pecharunt|86/100
|-damage|p1a: Blaziken|67/100|[from] item: Rocky Helmet|[of] p2a: Pecharunt
|
|t:|1779898062
|switch|p1a: Slowking|Slowking-Galar, F|100/100|[from] U-turn
|-damage|p1a: Slowking|88/100|[from] Spikes
|move|p2a: Pecharunt|Malignant Chain|p1a: Slowking
|-resisted|p1a: Slowking
|-damage|p1a: Slowking|77/100
|
|upkeep
|turn|8
|
|t:|1779898067
|move|p2a: Pecharunt|Parting Shot|p1a: Slowking
|-unboost|p1a: Slowking|atk|1
|-unboost|p1a: Slowking|spa|1
|
|t:|1779898071
|switch|p2a: Iron Treads|Iron Treads|100/100|[from] Parting Shot
|-damage|p2a: Iron Treads|98/100|[from] Stealth Rock
|-prepare|p1a: Slowking|Chilly Reception|[premajor]
|move|p1a: Slowking|Chilly Reception|p1a: Slowking
|-weather|Snowscape
|
|t:|1779898077
|switch|p1a: Blaziken|Blaziken, F|67/100|[from] Chilly Reception
|
|-weather|Snowscape|[upkeep]
|-heal|p2a: Iron Treads|100/100|[from] item: Leftovers
|upkeep
|turn|9
|l| dante1310
|
|t:|1779898084
|move|p1a: Blaziken|Protect|p1a: Blaziken
|-singleturn|p1a: Blaziken|Protect
|move|p2a: Iron Treads|Earthquake|p1a: Blaziken
|-activate|p1a: Blaziken|move: Protect
|
|-weather|Snowscape|[upkeep]
|-ability|p1a: Blaziken|Speed Boost|boost
|-boost|p1a: Blaziken|spe|1
|upkeep
|turn|10
|
|t:|1779898088
|-end|p2a: Iron Treads|Quark Drive|[silent]
|switch|p2a: Slowking|Slowking, M|93/100
|-damage|p2a: Slowking|81/100|[from] Stealth Rock
|move|p1a: Blaziken|Overheat|p2a: Slowking
|-resisted|p2a: Slowking
|-crit|p2a: Slowking
|-damage|p2a: Slowking|58/100
|-unboost|p1a: Blaziken|spa|2
|
|-weather|Snowscape|[upkeep]
|-ability|p1a: Blaziken|Speed Boost|boost
|-boost|p1a: Blaziken|spe|1
|upkeep
|turn|11
|
|t:|1779898095
|move|p1a: Blaziken|U-turn|p2a: Slowking
|-supereffective|p2a: Slowking
|-damage|p2a: Slowking|19/100
|
|t:|1779898098
|switch|p1a: Slowking|Slowking-Galar, F|100/100|[from] U-turn
|-damage|p1a: Slowking|88/100|[from] Spikes
|move|p2a: Slowking|Scald|p1a: Slowking
|-damage|p1a: Slowking|66/100
|-status|p1a: Slowking|brn
|
|-weather|Snowscape|[upkeep]
|-damage|p1a: Slowking|60/100 brn|[from] brn
|upkeep
|turn|12
|
|t:|1779898108
|switch|p2a: Iron Treads|Iron Treads|100/100
|-damage|p2a: Iron Treads|98/100|[from] Stealth Rock
|move|p1a: Slowking|Flamethrower|p2a: Iron Treads
|-supereffective|p2a: Iron Treads
|-damage|p2a: Iron Treads|58/100
|
|-weather|none
|-heal|p2a: Iron Treads|64/100|[from] item: Leftovers
|-damage|p1a: Slowking|54/100 brn|[from] brn
|upkeep
|turn|13
|
|t:|1779898114
|move|p2a: Iron Treads|Rapid Spin|p1a: Slowking
|-crit|p1a: Slowking
|-damage|p1a: Slowking|40/100 brn
|-boost|p2a: Iron Treads|spe|1
|-damage|p2a: Iron Treads|47/100|[from] item: Rocky Helmet|[of] p1a: Slowking
|-sideend|p2: zxrkawa|Stealth Rock|[from] move: Rapid Spin|[of] p2a: Iron Treads
|move|p1a: Slowking|Flamethrower|p2a: Iron Treads
|-supereffective|p2a: Iron Treads
|-damage|p2a: Iron Treads|9/100
|
|-heal|p2a: Iron Treads|15/100|[from] item: Leftovers
|-damage|p1a: Slowking|33/100 brn|[from] brn
|upkeep
|turn|14
|
|t:|1779898119
|switch|p1a: Rotom|Rotom-Wash|100/100
|move|p2a: Iron Treads|Earthquake|p1a: Rotom
|-immune|p1a: Rotom|[from] ability: Levitate
|
|-heal|p2a: Iron Treads|21/100|[from] item: Leftovers
|upkeep
|turn|15
|
|t:|1779898131
|-end|p2a: Iron Treads|Quark Drive|[silent]
|switch|p2a: Meowscarada|Meowscarada, M|100/100
|move|p1a: Rotom|Will-O-Wisp|p2a: Meowscarada
|-status|p2a: Meowscarada|brn
|
|-damage|p2a: Meowscarada|94/100 brn|[from] brn
|upkeep
|turn|16
|
|t:|1779898135
|move|p2a: Meowscarada|Flower Trick|p1a: Rotom
|-start|p2a: Meowscarada|typechange|Grass|[from] ability: Protean
|-supereffective|p1a: Rotom
|-crit|p1a: Rotom
|-damage|p1a: Rotom|37/100
|move|p1a: Rotom|Volt Switch|p2a: Meowscarada
|-resisted|p2a: Meowscarada
|-damage|p2a: Meowscarada|75/100 brn
|
|t:|1779898138
|switch|p1a: Tinkaton|Tinkaton, F|64/100|[from] Volt Switch
|-damage|p1a: Tinkaton|52/100|[from] Spikes
|
|-damage|p2a: Meowscarada|68/100 brn|[from] brn
|upkeep
|turn|17
|
|t:|1779898153
|move|p2a: Meowscarada|Flower Trick|p1a: Tinkaton
|-resisted|p1a: Tinkaton
|-crit|p1a: Tinkaton
|-damage|p1a: Tinkaton|28/100
|move|p1a: Tinkaton|Stealth Rock|p2a: Meowscarada
|-sidestart|p2: zxrkawa|move: Stealth Rock
|
|-damage|p2a: Meowscarada|62/100 brn|[from] brn
|upkeep
|turn|18
|
|t:|1779898159
|switch|p1a: Slowking|Slowking-Galar, F|67/100 brn
|-damage|p1a: Slowking|54/100 brn|[from] Spikes
|move|p2a: Meowscarada|Flower Trick|p1a: Slowking
|-resisted|p1a: Slowking
|-crit|p1a: Slowking
|-damage|p1a: Slowking|40/100 brn
|
|-damage|p2a: Meowscarada|56/100 brn|[from] brn
|-damage|p1a: Slowking|34/100 brn|[from] brn
|upkeep
|turn|19
|
|t:|1779898163
|switch|p2a: Iron Treads|Iron Treads|21/100
|-damage|p2a: Iron Treads|19/100|[from] Stealth Rock
|-prepare|p1a: Slowking|Chilly Reception|[premajor]
|move|p1a: Slowking|Chilly Reception|p1a: Slowking
|-weather|Snowscape
|
|t:|1779898172
|switch|p1a: Weavile|Weavile, M|100/100|[from] Chilly Reception
|-damage|p1a: Weavile|88/100|[from] Spikes
|-ability|p1a: Weavile|Pressure
|
|-weather|Snowscape|[upkeep]
|-heal|p2a: Iron Treads|25/100|[from] item: Leftovers
|upkeep
|turn|20
|
|t:|1779898179
|-end|p2a: Iron Treads|Quark Drive|[silent]
|switch|p2a: Skarmory|Skarmory, M|100/100
|-damage|p2a: Skarmory|88/100|[from] Stealth Rock
|move|p1a: Weavile|Triple Axel|p2a: Skarmory
|-damage|p2a: Skarmory|79/100
|-damage|p2a: Skarmory|60/100
|-damage|p2a: Skarmory|32/100
|-hitcount|p2a: Skarmory|3
|
|-weather|Snowscape|[upkeep]
|upkeep
|turn|21
|
|t:|1779898184
|switch|p2a: Pecharunt|Pecharunt|86/100
|-damage|p2a: Pecharunt|73/100|[from] Stealth Rock
|move|p1a: Weavile|Triple Axel|p2a: Pecharunt
|-damage|p2a: Pecharunt|67/100
|-damage|p1a: Weavile|72/100|[from] item: Rocky Helmet|[of] p2a: Pecharunt
|-hitcount|p2a: Pecharunt|1
|
|-weather|Snowscape|[upkeep]
|upkeep
|turn|22
|
|t:|1779898198
|move|p1a: Weavile|Triple Axel|p2a: Pecharunt
|-damage|p2a: Pecharunt|59/100
|-damage|p1a: Weavile|55/100|[from] item: Rocky Helmet|[of] p2a: Pecharunt
|-damage|p2a: Pecharunt|45/100
|-damage|p1a: Weavile|39/100|[from] item: Rocky Helmet|[of] p2a: Pecharunt
|-damage|p2a: Pecharunt|24/100
|-damage|p1a: Weavile|23/100|[from] item: Rocky Helmet|[of] p2a: Pecharunt
|-hitcount|p2a: Pecharunt|3
|move|p2a: Pecharunt|Parting Shot|p1a: Weavile
|-unboost|p1a: Weavile|atk|1
|-unboost|p1a: Weavile|spa|1
|
|t:|1779898213
|switch|p2a: Slowking|Slowking, M|52/100|[from] Parting Shot
|-damage|p2a: Slowking|40/100|[from] Stealth Rock
|
|-weather|Snowscape|[upkeep]
|upkeep
|turn|23
|l|‽aaagislash
|inactive|aaagislash disconnected and has a minute to reconnect!
|player|p1|
|j|‽aaagislash
|inactive|aaagislash reconnected and has 110 seconds left.
|player|p1|aaagislash|1|
|n|‽aaagislash|aaagislash
|
|t:|1779898266
|switch|p1a: Tinkaton|Tinkaton, F|28/100
|-damage|p1a: Tinkaton|15/100|[from] Spikes
|move|p2a: Slowking|Scald|p1a: Tinkaton
|-damage|p1a: Tinkaton|0 fnt
|faint|p1a: Tinkaton
|
|-weather|none
|upkeep
|
|t:|1779898269
|switch|p1a: Weavile|Weavile, M|23/100
|-damage|p1a: Weavile|10/100|[from] Spikes
|-ability|p1a: Weavile|Pressure
|turn|24
|
|t:|1779898286
|switch|p2a: Pecharunt|Pecharunt|24/100
|-damage|p2a: Pecharunt|12/100|[from] Stealth Rock
|move|p1a: Weavile|Knock Off|p2a: Pecharunt
|-supereffective|p2a: Pecharunt
|-damage|p2a: Pecharunt|0 fnt
|-damage|p1a: Weavile|0 fnt|[from] item: Rocky Helmet|[of] p2a: Pecharunt
|faint|p2a: Pecharunt
|faint|p1a: Weavile
|
|upkeep
|
|t:|1779898297
|switch|p1a: Blaziken|Blaziken, F|67/100
|switch|p2a: Meowscarada|Meowscarada, M|56/100 brn
|-damage|p2a: Meowscarada|44/100 brn|[from] Stealth Rock
|turn|25
|
|t:|1779898308
|switch|p2a: Slowking|Slowking, M|73/100
|-damage|p2a: Slowking|61/100|[from] Stealth Rock
|move|p1a: Blaziken|Earthquake|p2a: Slowking
|-damage|p2a: Slowking|36/100
|
|-ability|p1a: Blaziken|Speed Boost|boost
|-boost|p1a: Blaziken|spe|1
|upkeep
|turn|26
|inactive|zxrkawa has 120 seconds left.
|
|t:|1779898341
|-terastallize|p2a: Slowking|Steel
|move|p1a: Blaziken|U-turn|p2a: Slowking
|-resisted|p2a: Slowking
|-damage|p2a: Slowking|26/100
|
|t:|1779898352
|switch|p1a: Rotom|Rotom-Wash|37/100|[from] U-turn
|move|p2a: Slowking|Scald|p1a: Rotom
|-resisted|p1a: Rotom
|-damage|p1a: Rotom|21/100
|-status|p1a: Rotom|brn
|
|-damage|p1a: Rotom|15/100 brn|[from] brn
|upkeep
|turn|27
|
|t:|1779898362
|switch|p2a: Iron Treads|Iron Treads|25/100
|-damage|p2a: Iron Treads|22/100|[from] Stealth Rock
|move|p1a: Rotom|Hydro Pump|p2a: Iron Treads
|-supereffective|p2a: Iron Treads
|-damage|p2a: Iron Treads|0 fnt
|faint|p2a: Iron Treads
|-end|p2a: Iron Treads|Quark Drive|[silent]
|
|-damage|p1a: Rotom|8/100 brn|[from] brn
|upkeep
|inactive|zxrkawa has 120 seconds left.
|
|t:|1779898372
|switch|p2a: Meowscarada|Meowscarada, M|44/100 brn
|-damage|p2a: Meowscarada|32/100 brn|[from] Stealth Rock
|turn|28
|
|t:|1779898375
|move|p2a: Meowscarada|Flower Trick|p1a: Rotom
|-start|p2a: Meowscarada|typechange|Grass|[from] ability: Protean
|-supereffective|p1a: Rotom
|-crit|p1a: Rotom
|-damage|p1a: Rotom|0 fnt
|faint|p1a: Rotom
|
|-damage|p2a: Meowscarada|25/100 brn|[from] brn
|upkeep
|
|t:|1779898377
|switch|p1a: Blaziken|Blaziken, F|67/100
|turn|29
|
|t:|1779898382
|move|p2a: Meowscarada|Flower Trick|p1a: Blaziken
|-resisted|p1a: Blaziken
|-crit|p1a: Blaziken
|-damage|p1a: Blaziken|38/100
|move|p1a: Blaziken|Earthquake|p2a: Meowscarada
|-resisted|p2a: Meowscarada
|-damage|p2a: Meowscarada|4/100 brn
|
|-damage|p2a: Meowscarada|0 fnt|[from] brn
|faint|p2a: Meowscarada
|-ability|p1a: Blaziken|Speed Boost|boost
|-boost|p1a: Blaziken|spe|1
|upkeep
|
|t:|1779898396
|switch|p2a: Skarmory|Skarmory, M|32/100
|-damage|p2a: Skarmory|19/100|[from] Stealth Rock
|turn|30
|
|t:|1779898401
|move|p1a: Blaziken|Overheat|p2a: Skarmory
|-supereffective|p2a: Skarmory
|-damage|p2a: Skarmory|0 fnt
|-unboost|p1a: Blaziken|spa|2
|faint|p2a: Skarmory
|
|-ability|p1a: Blaziken|Speed Boost|boost
|-boost|p1a: Blaziken|spe|1
|upkeep
|
|t:|1779898405
|switch|p2a: Slowking|Slowking, M, tera:Steel|60/100
|-damage|p2a: Slowking|54/100|[from] Stealth Rock
|turn|31
|
|t:|1779898409
|-terastallize|p1a: Blaziken|Ground
|move|p1a: Blaziken|Earthquake|p2a: Slowking
|-supereffective|p2a: Slowking
|-damage|p2a: Slowking|0 fnt
|faint|p2a: Slowking
|
|win|aaagislash
|raw|aaagislash's rating: 1633 &rarr; <strong>1649</strong><br />(+16 for winning)
|raw|zxrkawa's rating: 1570 &rarr; <strong>1554</strong><br />(-16 for losing)
|c|☆zxrkawa|gg
|l|☆zxrkawa
|player|p2|
|l|‽aaagislash
|player|p1|
