|j|☆NormalPokemons
|j|☆DEEZ NUTHS
|t:|1779925148
|gametype|singles
|player|p1|NormalPokemons|101|1354
|player|p2|DEEZ NUTHS|steven|1413
|gen|9
|tier|[Gen 9] OU
|rated|
|rule|HP Percentage Mod: HP is shown in percentages
|rule|Endless Battle Clause: Forcing endless battles is banned
|rule|Species Clause: Limit one of each Pokémon
|rule|OHKO Clause: OHKO moves are banned
|rule|Evasion Items Clause: Evasion items are banned
|rule|Evasion Moves Clause: Evasion moves are banned
|rule|Evasion Abilities Clause: Evasion abilities are banned
|rule|Sleep Moves Clause: Sleep-inducing moves are banned
|clearpoke
|poke|p1|Mew|
|poke|p1|Chansey, F|
|poke|p1|Clefable, M|
|poke|p1|Mandibuzz, F|
|poke|p1|Alomomola, F|
|poke|p1|Pecharunt|
|poke|p2|Primarina, F|
|poke|p2|Weavile, M|
|poke|p2|Corviknight, M|
|poke|p2|Garchomp, F|
|poke|p2|Enamorus, F|
|poke|p2|Slowking-Galar, M|
|teampreview
|
|t:|1779925165
|teamsize|p1|6
|teamsize|p2|6
|start
|switch|p1a: Mandibuzz|Mandibuzz, F|100/100
|switch|p2a: Iceman|Weavile, M|100/100
|turn|1
|
|t:|1779925172
|switch|p1a: Alomomola|Alomomola, F|100/100
|move|p2a: Iceman|Triple Axel|p1a: Alomomola
|-resisted|p1a: Alomomola
|-damage|p1a: Alomomola|97/100
|-resisted|p1a: Alomomola
|-damage|p1a: Alomomola|88/100
|-resisted|p1a: Alomomola
|-damage|p1a: Alomomola|76/100
|-hitcount|p1a: Alomomola|3
|
|upkeep
|turn|2
|
|t:|1779925184
|switch|p2a: Navy seal|Primarina, F|100/100
|move|p1a: Alomomola|Whirlpool|p2a: Navy seal
|-resisted|p2a: Navy seal
|-damage|p2a: Navy seal|99/100
|-activate|p2a: Navy seal|move: Whirlpool|[of] p1a: Alomomola
|
|-damage|p2a: Navy seal|86/100|[from] move: Whirlpool|[partiallytrapped]
|upkeep
|turn|3
|
|t:|1779925193
|move|p1a: Alomomola|Protect|p1a: Alomomola
|-singleturn|p1a: Alomomola|Protect
|move|p2a: Navy seal|Psychic Noise|p1a: Alomomola
|-activate|p1a: Alomomola|move: Protect
|
|-damage|p2a: Navy seal|74/100|[from] move: Whirlpool|[partiallytrapped]
|upkeep
|turn|4
|
|t:|1779925202
|switch|p1a: Chansey|Chansey, F|100/100
|move|p2a: Navy seal|Moonblast|p1a: Chansey
|-damage|p1a: Chansey|87/100
|-unboost|p1a: Chansey|spa|1
|
|-end|p2a: Navy seal|Whirlpool|[partiallytrapped]|[silent]
|upkeep
|turn|5
|
|t:|1779925214
|switch|p1a: Mew|Mew|100/100
|move|p2a: Navy seal|Flip Turn|p1a: Mew
|-damage|p1a: Mew|88/100
|
|t:|1779925220
|switch|p2a: Iceman|Weavile, M|100/100|[from] Flip Turn
|
|upkeep
|turn|6
|
|t:|1779925230
|switch|p1a: Alomomola|Alomomola, F|100/100
|move|p2a: Iceman|Knock Off|p1a: Alomomola
|-damage|p1a: Alomomola|60/100
|-enditem|p1a: Alomomola|Heavy-Duty Boots|[from] move: Knock Off|[of] p2a: Iceman
|
|upkeep
|turn|7
|
|t:|1779925254
|switch|p2a: Beeheader|Slowking-Galar, M, shiny|100/100
|move|p1a: Alomomola|Flip Turn|p2a: Beeheader
|-damage|p2a: Beeheader|84/100
|
|t:|1779925271
|switch|p1a: Mew|Mew|88/100|[from] Flip Turn
|
|upkeep
|turn|8
|
|t:|1779925277
|move|p1a: Mew|Trick|p2a: Beeheader
|-activate|p1a: Mew|move: Trick|[of] p2a: Beeheader
|-item|p2a: Beeheader|Choice Scarf|[from] move: Trick
|-item|p1a: Mew|Heavy-Duty Boots|[from] move: Trick
|move|p2a: Beeheader|Toxic|p1a: Mew
|-status|p1a: Mew|tox
|-activate|p1a: Mew|ability: Synchronize
|-immune|p2a: Beeheader
|
|-damage|p1a: Mew|82/100 tox|[from] psn
|upkeep
|turn|9
|
|t:|1779925287
|switch|p2a: Corviknight|Corviknight, M|100/100
|move|p1a: Mew|Stealth Rock|p2a: Corviknight
|-sidestart|p2: DEEZ NUTHS|move: Stealth Rock
|
|-damage|p1a: Mew|69/100 tox|[from] psn
|upkeep
|turn|10
|
|t:|1779925294
|move|p1a: Mew|Transform|p2a: Corviknight
|-transform|p1a: Mew|p2a: Corviknight
|move|p2a: Corviknight|Defog|p1a: Mew
|-ability|p1a: Mew|Mirror Armor
|-unboost|p2a: Corviknight|evasion|1
|-sideend|p2: DEEZ NUTHS|Stealth Rock|[from] move: Defog|[of] p2a: Corviknight
|
|-damage|p1a: Mew|51/100 tox|[from] psn
|upkeep
|turn|11
|
|t:|1779925304
|move|p2a: Corviknight|Body Press|p1a: Mew
|-damage|p1a: Mew|35/100 tox
|move|p1a: Mew|Roost|p1a: Mew
|-heal|p1a: Mew|86/100 tox
|-singleturn|p1a: Mew|move: Roost
|
|-damage|p1a: Mew|61/100 tox|[from] psn
|upkeep
|turn|12
|
|t:|1779925311
|switch|p1a: Pecharunt|Pecharunt|100/100
|move|p2a: Corviknight|Body Press|p1a: Pecharunt
|-immune|p1a: Pecharunt
|
|upkeep
|turn|13
|
|t:|1779925323
|move|p1a: Pecharunt|Mean Look|p2a: Corviknight
|-activate|p2a: Corviknight|trapped
|move|p2a: Corviknight|Brave Bird|p1a: Pecharunt
|-damage|p1a: Pecharunt|84/100
|-damage|p2a: Corviknight|95/100|[from] Recoil
|
|upkeep
|turn|14
|
|t:|1779925336
|move|p1a: Pecharunt|Spite|p2a: Corviknight
|-activate|p2a: Corviknight|move: Spite|Brave Bird|4
|move|p2a: Corviknight|Brave Bird|p1a: Pecharunt
|-damage|p1a: Pecharunt|68/100
|-damage|p2a: Corviknight|90/100|[from] Recoil
|
|upkeep
|turn|15
|
|t:|1779925346
|move|p1a: Pecharunt|Spite|p2a: Corviknight
|-activate|p2a: Corviknight|move: Spite|Brave Bird|4
|move|p2a: Corviknight|Defog|p1a: Pecharunt
|-unboost|p1a: Pecharunt|evasion|1
|
|upkeep
|turn|16
|
|t:|1779925356
|move|p1a: Pecharunt|Spite|p2a: Corviknight
|-activate|p2a: Corviknight|move: Spite|Defog|4
|move|p2a: Corviknight|Brave Bird|p1a: Pecharunt
|-damage|p1a: Pecharunt|51/100
|-damage|p2a: Corviknight|85/100|[from] Recoil
|
|upkeep
|turn|17
|
|t:|1779925364
|move|p1a: Pecharunt|Rest|p1a: Pecharunt
|-status|p1a: Pecharunt|slp|[from] move: Rest
|-heal|p1a: Pecharunt|100/100 slp|[silent]
|move|p2a: Corviknight|Defog|p1a: Pecharunt
|-unboost|p1a: Pecharunt|evasion|1
|
|upkeep
|turn|18
|
|t:|1779925371
|cant|p1a: Pecharunt|slp
|move|p1a: Pecharunt|Sleep Talk|p1a: Pecharunt
|move|p1a: Pecharunt|Rest||[from] move: Sleep Talk|[still]
|-fail|p1a: Pecharunt
|move|p2a: Corviknight|Brave Bird|p1a: Pecharunt
|-damage|p1a: Pecharunt|83/100 slp
|-damage|p2a: Corviknight|79/100|[from] Recoil
|
|upkeep
|turn|19
|
|t:|1779925385
|cant|p1a: Pecharunt|slp
|move|p1a: Pecharunt|Sleep Talk|p1a: Pecharunt
|move|p1a: Pecharunt|Spite|p2a: Corviknight|[from] move: Sleep Talk
|-activate|p2a: Corviknight|move: Spite|Brave Bird|4
|move|p2a: Corviknight|Brave Bird|p1a: Pecharunt
|-damage|p1a: Pecharunt|67/100 slp
|-damage|p2a: Corviknight|74/100|[from] Recoil
|
|upkeep
|turn|20
|
|t:|1779925402
|-curestatus|p1a: Pecharunt|slp|[msg]
|move|p1a: Pecharunt|Spite|p2a: Corviknight
|-activate|p2a: Corviknight|move: Spite|Brave Bird|4
|move|p2a: Corviknight|Body Press|p1a: Pecharunt
|-immune|p1a: Pecharunt
|
|upkeep
|turn|21
|
|t:|1779925415
|move|p1a: Pecharunt|Spite|p2a: Corviknight
|-activate|p2a: Corviknight|move: Spite|Body Press|4
|move|p2a: Corviknight|Brave Bird|p1a: Pecharunt
|-damage|p1a: Pecharunt|51/100
|-damage|p2a: Corviknight|69/100|[from] Recoil
|
|upkeep
|turn|22
|
|t:|1779925424
|move|p1a: Pecharunt|Spite|p2a: Corviknight
|-activate|p2a: Corviknight|move: Spite|Brave Bird|2
|move|p2a: Corviknight|Defog|p1a: Pecharunt
|-unboost|p1a: Pecharunt|evasion|1
|
|upkeep
|turn|23
|
|t:|1779925429
|move|p1a: Pecharunt|Rest|p1a: Pecharunt
|-status|p1a: Pecharunt|slp|[from] move: Rest
|-heal|p1a: Pecharunt|100/100 slp|[silent]
|move|p2a: Corviknight|Defog|p1a: Pecharunt
|-unboost|p1a: Pecharunt|evasion|1
|
|upkeep
|turn|24
|inactive|Battle timer is ON: inactive players will automatically lose when time's up. (requested by DEEZ NUTHS)
|
|t:|1779925438
|cant|p1a: Pecharunt|slp
|move|p1a: Pecharunt|Sleep Talk|p1a: Pecharunt
|move|p1a: Pecharunt|Rest||[from] move: Sleep Talk|[still]
|-fail|p1a: Pecharunt
|move|p2a: Corviknight|Defog|p1a: Pecharunt
|-unboost|p1a: Pecharunt|evasion|1
|
|upkeep
|turn|25
|
|t:|1779925452
|cant|p1a: Pecharunt|slp
|move|p1a: Pecharunt|Sleep Talk|p1a: Pecharunt
|move|p1a: Pecharunt|Mean Look||[from] move: Sleep Talk|[still]
|-fail|p1a: Pecharunt
|move|p2a: Corviknight|Defog|p1a: Pecharunt
|-unboost|p1a: Pecharunt|evasion|1
|
|upkeep
|turn|26
|c|☆DEEZ NUTHS|is this really what we are doing
|c|☆NormalPokemons|u could switch
|c|☆NormalPokemons|hehehe
|inactive|NormalPokemons has 120 seconds left.
|
|t:|1779925492
|-curestatus|p1a: Pecharunt|slp|[msg]
|move|p1a: Pecharunt|Spite|p2a: Corviknight
|-activate|p2a: Corviknight|move: Spite|Defog|4
|move|p2a: Corviknight|Defog||[still]
|-unboost|p1a: Pecharunt|evasion|0
|-fail|p2a: Corviknight
|
|upkeep
|turn|27
|c|☆DEEZ NUTHS|is this fun for you?
|c|☆NormalPokemons|yes
|c|☆DEEZ NUTHS|ok
|inactive|NormalPokemons has 90 seconds left.
|
|t:|1779925537
|move|p1a: Pecharunt|Spite|p2a: Corviknight
|-activate|p2a: Corviknight|move: Spite|Defog|4
|move|p2a: Corviknight|Defog||[still]
|-unboost|p1a: Pecharunt|evasion|0
|-fail|p2a: Corviknight
|
|upkeep
|turn|28
|
|t:|1779925544
|move|p1a: Pecharunt|Spite|p2a: Corviknight
|-activate|p2a: Corviknight|move: Spite|Defog|3
|move|p2a: Corviknight|Body Press|p1a: Pecharunt
|-immune|p1a: Pecharunt
|
|upkeep
|turn|29
|
|t:|1779925552
|move|p1a: Pecharunt|Spite|p2a: Corviknight
|-activate|p2a: Corviknight|move: Spite|Body Press|4
|move|p2a: Corviknight|Body Press|p1a: Pecharunt
|-immune|p1a: Pecharunt
|
|upkeep
|turn|30
|
|t:|1779925558
|move|p1a: Pecharunt|Spite|p2a: Corviknight
|-activate|p2a: Corviknight|move: Spite|Body Press|3
|cant|p2a: Corviknight|nopp|Body Press
|
|upkeep
|turn|31
|
|t:|1779925563
|move|p1a: Pecharunt|Mean Look||[still]
|-fail|p1a: Pecharunt
|move|p2a: Corviknight|Roost|p2a: Corviknight
|-heal|p2a: Corviknight|100/100
|-singleturn|p2a: Corviknight|move: Roost
|
|upkeep
|turn|32
|inactive|NormalPokemons has 120 seconds left.
|
|t:|1779925568
|move|p1a: Pecharunt|Spite|p2a: Corviknight
|-activate|p2a: Corviknight|move: Spite|Roost|4
|move|p2a: Corviknight|Roost||[still]
|-fail|p2a: Corviknight|heal
|
|upkeep
|turn|33
|
|t:|1779925573
|move|p1a: Pecharunt|Mean Look||[still]
|-fail|p1a: Pecharunt
|move|p2a: Corviknight|Roost||[still]
|-fail|p2a: Corviknight|heal
|
|upkeep
|turn|34
|
|t:|1779925577
|move|p1a: Pecharunt|Mean Look||[still]
|-fail|p1a: Pecharunt
|move|p2a: Corviknight|Roost||[still]
|-fail|p2a: Corviknight|heal
|
|upkeep
|turn|35
|
|t:|1779925583
|move|p1a: Pecharunt|Sleep Talk||[still]
|-fail|p1a: Pecharunt
|-activate|p2a: Corviknight|move: Struggle
|move|p2a: Corviknight|Struggle|p1a: Pecharunt
|-damage|p1a: Pecharunt|95/100
|-damage|p2a: Corviknight|75/100|[from] recoil
|
|upkeep
|turn|36
|
|t:|1779925589
|move|p1a: Pecharunt|Sleep Talk||[still]
|-fail|p1a: Pecharunt
|-activate|p2a: Corviknight|move: Struggle
|move|p2a: Corviknight|Struggle|p1a: Pecharunt
|-damage|p1a: Pecharunt|90/100
|-damage|p2a: Corviknight|50/100|[from] recoil
|
|upkeep
|turn|37
|
|t:|1779925595
|move|p1a: Pecharunt|Sleep Talk||[still]
|-fail|p1a: Pecharunt
|-activate|p2a: Corviknight|move: Struggle
|move|p2a: Corviknight|Struggle|p1a: Pecharunt
|-damage|p1a: Pecharunt|85/100
|-damage|p2a: Corviknight|25/100|[from] recoil
|
|upkeep
|turn|38
|
|t:|1779925616
|switch|p1a: Alomomola|Alomomola, F|93/100
|-activate|p2a: Corviknight|move: Struggle
|move|p2a: Corviknight|Struggle|p1a: Alomomola
|-damage|p1a: Alomomola|87/100
|-damage|p2a: Corviknight|0 fnt|[from] recoil
|faint|p2a: Corviknight
|
|upkeep
|
|t:|1779925631
|switch|p2a: Big G (nie)|Enamorus, F|100/100
|turn|39
|
|t:|1779925639
|move|p1a: Alomomola|Protect|p1a: Alomomola
|-singleturn|p1a: Alomomola|Protect
|move|p2a: Big G (nie)|Moonblast|p1a: Alomomola
|-activate|p1a: Alomomola|move: Protect
|
|upkeep
|turn|40
|
|t:|1779925649
|switch|p1a: Chansey|Chansey, F|87/100
|move|p2a: Big G (nie)|Moonblast|p1a: Chansey
|-damage|p1a: Chansey|71/100
|
|upkeep
|turn|41
|
|t:|1779925656
|switch|p2a: Jet2Holiday|Garchomp, F|100/100
|switch|p1a: Pecharunt|Pecharunt|85/100
|
|upkeep
|turn|42
|
|t:|1779925666
|move|p1a: Pecharunt|Mean Look|p2a: Jet2Holiday
|-activate|p2a: Jet2Holiday|trapped
|move|p2a: Jet2Holiday|Dragon Tail|p1a: Pecharunt
|-damage|p1a: Pecharunt|72/100
|drag|p1a: Mew|Mew|61/100 tox
|
|-damage|p1a: Mew|55/100 tox|[from] psn
|upkeep
|turn|43
|
|t:|1779925674
|move|p1a: Mew|Stealth Rock|p2a: Jet2Holiday
|-sidestart|p2: DEEZ NUTHS|move: Stealth Rock
|move|p2a: Jet2Holiday|Stealth Rock|p1a: Mew
|-sidestart|p1: NormalPokemons|move: Stealth Rock
|
|-damage|p1a: Mew|42/100 tox|[from] psn
|upkeep
|turn|44
|
|t:|1779925685
|move|p1a: Mew|Spikes|p2a: Jet2Holiday
|-sidestart|p2: DEEZ NUTHS|Spikes
|move|p2a: Jet2Holiday|Earthquake|p1a: Mew
|-damage|p1a: Mew|4/100 tox
|
|-damage|p1a: Mew|0 fnt|[from] psn
|faint|p1a: Mew
|upkeep
|
|t:|1779925692
|switch|p1a: Alomomola|Alomomola, F|100/100
|-damage|p1a: Alomomola|88/100|[from] Stealth Rock
|turn|45
|
|t:|1779925704
|move|p2a: Jet2Holiday|Spikes|p1a: Alomomola
|-sidestart|p1: NormalPokemons|Spikes
|move|p1a: Alomomola|Whirlpool|p2a: Jet2Holiday
|-damage|p2a: Jet2Holiday|95/100
|-activate|p2a: Jet2Holiday|move: Whirlpool|[of] p1a: Alomomola
|
|-damage|p2a: Jet2Holiday|82/100|[from] move: Whirlpool|[partiallytrapped]
|upkeep
|turn|46
|
|t:|1779925718
|move|p2a: Jet2Holiday|Spikes|p1a: Alomomola
|-sidestart|p1: NormalPokemons|Spikes
|move|p1a: Alomomola|Wish|p1a: Alomomola
|
|-damage|p2a: Jet2Holiday|70/100|[from] move: Whirlpool|[partiallytrapped]
|upkeep
|turn|47
|
|t:|1779925736
|move|p1a: Alomomola|Flip Turn|p2a: Jet2Holiday
|-damage|p2a: Jet2Holiday|60/100
|-damage|p1a: Alomomola|76/100|[from] ability: Rough Skin|[of] p2a: Jet2Holiday
|-damage|p1a: Alomomola|59/100|[from] item: Rocky Helmet|[of] p2a: Jet2Holiday
|
|t:|1779925750
|switch|p1a: Pecharunt|Pecharunt|72/100|[from] Flip Turn
|move|p2a: Jet2Holiday|Dragon Tail|p1a: Pecharunt
|-damage|p1a: Pecharunt|59/100
|drag|p1a: Alomomola|Alomomola, F|92/100
|-damage|p1a: Alomomola|80/100|[from] Stealth Rock
|-damage|p1a: Alomomola|64/100|[from] Spikes
|
|-heal|p1a: Alomomola|100/100|[from] move: Wish|[wisher] Alomomola
|-end|p2a: Jet2Holiday|Whirlpool|[partiallytrapped]|[silent]
|upkeep
|turn|48
|
|t:|1779925762
|switch|p2a: Navy seal|Primarina, F|74/100
|-damage|p2a: Navy seal|61/100|[from] Stealth Rock
|-damage|p2a: Navy seal|49/100|[from] Spikes
|move|p1a: Alomomola|Wish|p1a: Alomomola
|
|upkeep
|turn|49
|
|t:|1779925780
|move|p2a: Navy seal|Psychic Noise|p1a: Alomomola
|-damage|p1a: Alomomola|68/100
|-start|p1a: Alomomola|move: Heal Block
|move|p1a: Alomomola|Whirlpool|p2a: Navy seal|[miss]
|-miss|p1a: Alomomola|p2a: Navy seal
|
|upkeep
|turn|50
|inactive|NormalPokemons has 120 seconds left.
|
|t:|1779925796
|switch|p2a: Beeheader|Slowking-Galar, M, shiny|100/100
|-damage|p2a: Beeheader|88/100|[from] Stealth Rock
|-damage|p2a: Beeheader|76/100|[from] Spikes
|move|p1a: Alomomola|Whirlpool|p2a: Beeheader
|-damage|p2a: Beeheader|72/100
|-activate|p2a: Beeheader|move: Whirlpool|[of] p1a: Alomomola
|
|-damage|p2a: Beeheader|59/100|[from] move: Whirlpool|[partiallytrapped]
|-end|p1a: Alomomola|move: Heal Block
|upkeep
|turn|51
|inactive|NormalPokemons has 120 seconds left.
|
|t:|1779925807
|move|p1a: Alomomola|Protect|p1a: Alomomola
|-singleturn|p1a: Alomomola|Protect
|move|p2a: Beeheader|Future Sight|p1a: Alomomola
|-start|p2a: Beeheader|move: Future Sight
|
|-damage|p2a: Beeheader|47/100|[from] move: Whirlpool|[partiallytrapped]
|upkeep
|turn|52
|
|t:|1779925816
|move|p1a: Alomomola|Wish|p1a: Alomomola
|move|p2a: Beeheader|Future Sight||[still]
|-fail|p2a: Beeheader
|
|-damage|p2a: Beeheader|35/100|[from] move: Whirlpool|[partiallytrapped]
|upkeep
|turn|53
|
|t:|1779925830
|move|p1a: Alomomola|Whirlpool|p2a: Beeheader|[miss]
|-miss|p1a: Alomomola|p2a: Beeheader
|move|p2a: Beeheader|Future Sight||[still]
|-fail|p2a: Beeheader
|
|-end|p1a: Alomomola|move: Future Sight
|-damage|p1a: Alomomola|17/100
|-heal|p1a: Alomomola|67/100|[from] move: Wish|[wisher] Alomomola
|-damage|p2a: Beeheader|22/100|[from] move: Whirlpool|[partiallytrapped]
|upkeep
|turn|54
|
|t:|1779925841
|move|p1a: Alomomola|Wish|p1a: Alomomola
|move|p2a: Beeheader|Future Sight|p1a: Alomomola
|-start|p2a: Beeheader|move: Future Sight
|
|-damage|p2a: Beeheader|10/100|[from] move: Whirlpool|[partiallytrapped]
|upkeep
|turn|55
|
|t:|1779925854
|move|p1a: Alomomola|Flip Turn|p2a: Beeheader
|-damage|p2a: Beeheader|0 fnt
|faint|p2a: Beeheader
|
|t:|1779925858
|switch|p1a: Chansey|Chansey, F|71/100|[from] Flip Turn
|-damage|p1a: Chansey|59/100|[from] Stealth Rock
|-damage|p1a: Chansey|42/100|[from] Spikes
|
|-heal|p1a: Chansey|84/100|[from] move: Wish|[wisher] Alomomola
|upkeep
|
|t:|1779925871
|switch|p2a: Jet2Holiday|Garchomp, F|60/100
|-damage|p2a: Jet2Holiday|54/100|[from] Stealth Rock
|-damage|p2a: Jet2Holiday|42/100|[from] Spikes
|turn|56
|
|t:|1779925896
|move|p2a: Jet2Holiday|Earthquake|p1a: Chansey
|-damage|p1a: Chansey|53/100
|move|p1a: Chansey|Seismic Toss|p2a: Jet2Holiday
|-damage|p2a: Jet2Holiday|18/100
|-damage|p1a: Chansey|41/100|[from] ability: Rough Skin|[of] p2a: Jet2Holiday
|-damage|p1a: Chansey|24/100|[from] item: Rocky Helmet|[of] p2a: Jet2Holiday
|
|-end|p1a: Chansey|move: Future Sight
|-damage|p1a: Chansey|12/100
|upkeep
|turn|57
|
|t:|1779925915
|move|p2a: Jet2Holiday|Spikes|p1a: Chansey
|-sidestart|p1: NormalPokemons|Spikes
|move|p1a: Chansey|Seismic Toss|p2a: Jet2Holiday
|-damage|p2a: Jet2Holiday|0 fnt
|-damage|p1a: Chansey|0 fnt|[from] ability: Rough Skin|[of] p2a: Jet2Holiday
|faint|p2a: Jet2Holiday
|faint|p1a: Chansey
|
|upkeep
|inactive|NormalPokemons has 120 seconds left.
|
|t:|1779925933
|switch|p2a: Big G (nie)|Enamorus, F|100/100
|switch|p1a: Mandibuzz|Mandibuzz, F|100/100
|-damage|p2a: Big G (nie)|76/100|[from] Stealth Rock
|turn|58
|inactive|NormalPokemons has 120 seconds left.
|
|t:|1779925947
|-terastallize|p2a: Big G (nie)|Ground
|-terastallize|p1a: Mandibuzz|Poison
|move|p2a: Big G (nie)|Earth Power|p1a: Mandibuzz
|-supereffective|p1a: Mandibuzz
|-damage|p1a: Mandibuzz|35/100
|move|p1a: Mandibuzz|Toxic|p2a: Big G (nie)
|-status|p2a: Big G (nie)|tox
|
|-damage|p2a: Big G (nie)|69/100 tox|[from] psn
|upkeep
|turn|59
|inactive|NormalPokemons has 120 seconds left.
|
|t:|1779925961
|move|p2a: Big G (nie)|Earth Power|p1a: Mandibuzz
|-supereffective|p1a: Mandibuzz
|-damage|p1a: Mandibuzz|0 fnt
|faint|p1a: Mandibuzz
|
|-damage|p2a: Big G (nie)|57/100 tox|[from] psn
|upkeep
|inactive|NormalPokemons has 120 seconds left.
|
|t:|1779925985
|switch|p1a: Clefable|Clefable, M|100/100
|-damage|p1a: Clefable|88/100|[from] Stealth Rock
|-damage|p1a: Clefable|63/100|[from] Spikes
|turn|60
|
|t:|1779925991
|switch|p2a: Navy seal|Primarina, F|49/100
|-damage|p2a: Navy seal|36/100|[from] Stealth Rock
|-damage|p2a: Navy seal|24/100|[from] Spikes
|move|p1a: Clefable|Protect||[still]
|-fail|p1a: Clefable
|
|-heal|p1a: Clefable|69/100|[from] item: Leftovers
|upkeep
|turn|61
|inactive|NormalPokemons has 120 seconds left.
|
|t:|1779926001
|move|p2a: Navy seal|Surf|p1a: Clefable
|-damage|p1a: Clefable|0 fnt
|faint|p1a: Clefable
|
|upkeep
|inactive|NormalPokemons has 120 seconds left.
|-message|NormalPokemons forfeited.
|
|win|DEEZ NUTHS
|raw|NormalPokemons's rating: 1354 &rarr; <strong>1337</strong><br />(-17 for losing)
|raw|DEEZ NUTHS's rating: 1413 &rarr; <strong>1430</strong><br />(+17 for winning)
|l|☆NormalPokemons
|player|p1|
|c|☆DEEZ NUTHS|lol
|l|☆DEEZ NUTHS
|player|p2|
|j|☆DEEZ NUTHS
|player|p2|DEEZ NUTHS|steven|
