|j|‽HuntingHawk112
|j|☆GalaxiBrane
|t:|1779857125
|gametype|singles
|player|p1|HuntingHawk112|102|1084
|player|p2|GalaxiBrane|musician|1068
|gen|9
|tier|[Gen 9] OU
|rated|
|rule|HP Percentage Mod: HP is shown in percentages
|rule|Endless Battle Clause: Forcing endless battles is banned
|rule|Species Clause: Limit one of each Pokémon
|rule|OHKO Clause: OHKO moves are banned
|rule|Evasion Items Clause: Evasion items are banned
|rule|Evasion Moves Clause: Evasion moves are banned
|rule|Evasion Abilities Clause: Evasion abilities are banned
|rule|Sleep Moves Clause: Sleep-inducing moves are banned
|clearpoke
|poke|p1|Moltres-Galar|
|poke|p1|Articuno-Galar|
|poke|p1|Zamazenta-*|
|poke|p1|Iron Treads|
|poke|p1|Alomomola, M|
|poke|p1|Toxicroak, F|
|poke|p2|Snorlax, M|
|poke|p2|Iron Valiant|
|poke|p2|Rotom-Heat|
|poke|p2|Darkrai|
|poke|p2|Gyarados, M|
|poke|p2|Toxicroak, M|
|teampreview
|inactive|Battle timer is ON: inactive players will automatically lose when time's up. (requested by HuntingHawk112)
|
|t:|1779857146
|teamsize|p1|6
|teamsize|p2|6
|start
|switch|p1a: Articuno|Articuno-Galar|100/100
|switch|p2a: Rotom|Rotom-Heat|100/100
|turn|1
|
|t:|1779857153
|move|p1a: Articuno|Agility|p1a: Articuno
|-boost|p1a: Articuno|spe|2
|move|p2a: Rotom|Nasty Plot|p2a: Rotom
|-boost|p2a: Rotom|spa|2
|
|upkeep
|turn|2
|
|t:|1779857172
|move|p1a: Articuno|Psychic Noise|p2a: Rotom
|-damage|p2a: Rotom|68/100
|-start|p2a: Rotom|move: Heal Block
|move|p2a: Rotom|Thunderbolt|p1a: Articuno
|-supereffective|p1a: Articuno
|-damage|p1a: Articuno|0 fnt
|faint|p1a: Articuno
|
|upkeep
|
|t:|1779857185
|switch|p1a: Iron Treads|Iron Treads|100/100
|turn|3
|l|☆GalaxiBrane
|inactive|GalaxiBrane disconnected and has a minute to reconnect!
|player|p2|
|j|☆GalaxiBrane
|inactive|GalaxiBrane reconnected and has 130 seconds left.
|player|p2|GalaxiBrane|musician|
|
|t:|1779857210
|-end|p1a: Iron Treads|Quark Drive|[silent]
|switch|p1a: Zamazenta|Zamazenta|100/100
|-ability|p1a: Zamazenta|Dauntless Shield|boost
|-boost|p1a: Zamazenta|def|1
|move|p2a: Rotom|Overheat|p1a: Zamazenta
|-damage|p1a: Zamazenta|30/100
|-unboost|p2a: Rotom|spa|2
|
|-end|p2a: Rotom|move: Heal Block
|upkeep
|turn|4
|
|t:|1779857218
|move|p1a: Zamazenta|Close Combat|p2a: Rotom
|-damage|p2a: Rotom|0 fnt
|-unboost|p1a: Zamazenta|def|1
|-unboost|p1a: Zamazenta|spd|1
|faint|p2a: Rotom
|
|upkeep
|inactive|GalaxiBrane has 120 seconds left.
|inactive|GalaxiBrane has 90 seconds left.
|inactive|GalaxiBrane has 60 seconds left.
|
|t:|1779857302
|switch|p2a: Iron Valiant|Iron Valiant|100/100
|-enditem|p2a: Iron Valiant|Booster Energy
|-activate|p2a: Iron Valiant|ability: Quark Drive|[fromitem]
|-start|p2a: Iron Valiant|quarkdrivespe
|turn|5
|inactive|GalaxiBrane has 60 seconds left.
|
|t:|1779857316
|switch|p1a: Alomomola|Alomomola, M|100/100
|move|p2a: Iron Valiant|Moonblast|p1a: Alomomola
|-damage|p1a: Alomomola|68/100
|
|-heal|p1a: Alomomola|74/100|[from] item: Leftovers
|upkeep
|turn|6
|inactive|GalaxiBrane has 60 seconds left.
|
|t:|1779857327
|move|p2a: Iron Valiant|Thunderbolt|p1a: Alomomola
|-supereffective|p1a: Alomomola
|-crit|p1a: Alomomola
|-damage|p1a: Alomomola|4/100
|move|p1a: Alomomola|Wish|p1a: Alomomola
|
|-heal|p1a: Alomomola|10/100|[from] item: Leftovers
|upkeep
|turn|7
|inactive|GalaxiBrane has 60 seconds left.
|
|t:|1779857338
|switch|p1a: Moltres|Moltres-Galar|100/100
|move|p2a: Iron Valiant|Thunderbolt|p1a: Moltres
|-supereffective|p1a: Moltres
|-damage|p1a: Moltres|53/100
|
|-heal|p1a: Moltres|100/100|[from] move: Wish|[wisher] Alomomola
|upkeep
|turn|8
|inactive|GalaxiBrane has 60 seconds left.
|
|t:|1779857356
|move|p2a: Iron Valiant|Moonblast|p1a: Moltres
|-supereffective|p1a: Moltres
|-damage|p1a: Moltres|31/100
|-unboost|p1a: Moltres|spa|1
|-ability|p1a: Moltres|Berserk|boost
|-boost|p1a: Moltres|spa|1
|move|p1a: Moltres|Agility|p1a: Moltres
|-boost|p1a: Moltres|spe|2
|
|upkeep
|turn|9
|
|t:|1779857360
|move|p1a: Moltres|Air Slash|p2a: Iron Valiant
|-supereffective|p2a: Iron Valiant
|-damage|p2a: Iron Valiant|0 fnt
|faint|p2a: Iron Valiant
|-end|p2a: Iron Valiant|Quark Drive|[silent]
|
|upkeep
|inactive|GalaxiBrane has 60 seconds left.
|
|t:|1779857366
|switch|p2a: Snorlax|Snorlax, M|100/100
|turn|10
|
|t:|1779857375
|switch|p1a: Toxicroak|Toxicroak, F|100/100
|move|p2a: Snorlax|Body Slam|p1a: Toxicroak
|-damage|p1a: Toxicroak|61/100
|-status|p1a: Toxicroak|par
|-damage|p2a: Snorlax|84/100|[from] item: Rocky Helmet|[of] p1a: Toxicroak
|
|-heal|p2a: Snorlax|90/100|[from] item: Leftovers
|upkeep
|turn|11
|inactive|GalaxiBrane has 60 seconds left.
|
|t:|1779857394
|-terastallize|p2a: Snorlax|Ghost
|move|p1a: Toxicroak|Drain Punch|p2a: Snorlax
|-immune|p2a: Snorlax
|move|p2a: Snorlax|Stockpile|p2a: Snorlax
|-start|p2a: Snorlax|stockpile1
|-boost|p2a: Snorlax|def|1
|-boost|p2a: Snorlax|spd|1
|
|-heal|p2a: Snorlax|96/100|[from] item: Leftovers
|upkeep
|turn|12
|inactive|GalaxiBrane has 60 seconds left.
|
|t:|1779857411
|move|p1a: Toxicroak|Swords Dance|p1a: Toxicroak
|-boost|p1a: Toxicroak|atk|2
|move|p2a: Snorlax|Stockpile|p2a: Snorlax
|-start|p2a: Snorlax|stockpile2
|-boost|p2a: Snorlax|def|1
|-boost|p2a: Snorlax|spd|1
|
|-heal|p2a: Snorlax|100/100|[from] item: Leftovers
|upkeep
|turn|13
|inactive|GalaxiBrane has 60 seconds left.
|
|t:|1779857417
|cant|p1a: Toxicroak|par
|move|p2a: Snorlax|Earthquake|p1a: Toxicroak
|-supereffective|p1a: Toxicroak
|-damage|p1a: Toxicroak|2/100 par
|
|upkeep
|turn|14
|
|t:|1779857427
|move|p1a: Toxicroak|Sucker Punch|p2a: Snorlax
|-supereffective|p2a: Snorlax
|-damage|p2a: Snorlax|77/100
|move|p2a: Snorlax|Earthquake|p1a: Toxicroak
|-supereffective|p1a: Toxicroak
|-damage|p1a: Toxicroak|0 fnt
|faint|p1a: Toxicroak
|
|-heal|p2a: Snorlax|83/100|[from] item: Leftovers
|upkeep
|
|t:|1779857440
|switch|p1a: Alomomola|Alomomola, M|44/100
|turn|15
|
|t:|1779857450
|move|p1a: Alomomola|Protect|p1a: Alomomola
|-singleturn|p1a: Alomomola|Protect
|move|p2a: Snorlax|Body Slam|p1a: Alomomola
|-activate|p1a: Alomomola|move: Protect
|
|-heal|p1a: Alomomola|50/100|[from] item: Leftovers
|-heal|p2a: Snorlax|89/100|[from] item: Leftovers
|upkeep
|turn|16
|
|t:|1779857458
|move|p1a: Alomomola|Flip Turn|p2a: Snorlax
|-damage|p2a: Snorlax|84/100
|
|t:|1779857469
|switch|p1a: Moltres|Moltres-Galar|31/100|[from] Flip Turn
|move|p2a: Snorlax|Body Slam|p1a: Moltres
|-damage|p1a: Moltres|0 fnt
|faint|p1a: Moltres
|
|-heal|p2a: Snorlax|90/100|[from] item: Leftovers
|upkeep
|
|t:|1779857476
|switch|p1a: Zamazenta|Zamazenta|30/100
|turn|17
|
|t:|1779857481
|move|p1a: Zamazenta|Crunch|p2a: Snorlax
|-supereffective|p2a: Snorlax
|-damage|p2a: Snorlax|69/100
|-unboost|p2a: Snorlax|def|1
|move|p2a: Snorlax|Body Slam|p1a: Zamazenta
|-damage|p1a: Zamazenta|0 fnt
|faint|p1a: Zamazenta
|
|-heal|p2a: Snorlax|75/100|[from] item: Leftovers
|upkeep
|-message|HuntingHawk112 forfeited.
|
|win|GalaxiBrane
|raw|HuntingHawk112's rating: 1084 &rarr; <strong>1060</strong><br />(-24 for losing)
|raw|GalaxiBrane's rating: 1068 &rarr; <strong>1099</strong><br />(+31 for winning)
|l|‽HuntingHawk112
|player|p1|
|l|☆GalaxiBrane
|player|p2|
