|j|☆davespekkie
|j|☆Haddyshowdwn
|t:|1779885342
|gametype|singles
|player|p1|davespekkie|102|1118
|player|p2|Haddyshowdwn|1|1113
|gen|9
|tier|[Gen 9] OU
|rated|
|rule|HP Percentage Mod: HP is shown in percentages
|rule|Endless Battle Clause: Forcing endless battles is banned
|rule|Species Clause: Limit one of each Pokémon
|rule|OHKO Clause: OHKO moves are banned
|rule|Evasion Items Clause: Evasion items are banned
|rule|Evasion Moves Clause: Evasion moves are banned
|rule|Evasion Abilities Clause: Evasion abilities are banned
|rule|Sleep Moves Clause: Sleep-inducing moves are banned
|clearpoke
|poke|p1|Rotom-Wash|
|poke|p1|Iron Valiant|
|poke|p1|Landorus-Therian, M|
|poke|p1|Copperajah, M|
|poke|p1|Polteageist|
|poke|p1|Mandibuzz, F|
|poke|p2|Infernape, M|
|poke|p2|Ninetales-Alola, F|
|poke|p2|Raikou|
|poke|p2|Hitmontop, M|
|poke|p2|Staraptor, F|
|poke|p2|Basculegion, M|
|teampreview
|inactive|Battle timer is ON: inactive players will automatically lose when time's up. (requested by davespekkie)
|
|t:|1779885350
|teamsize|p1|6
|teamsize|p2|6
|start
|switch|p1a: Landorus|Landorus-Therian, M|100/100
|switch|p2a: Ninetales|Ninetales-Alola, F, shiny|100/100
|-weather|Snowscape|[from] ability: Snow Warning|[of] p2a: Ninetales
|-ability|p1a: Landorus|Intimidate|boost
|-unboost|p2a: Ninetales|atk|1
|turn|1
|
|t:|1779885365
|move|p2a: Ninetales|Aurora Veil|p2a: Ninetales
|-sidestart|p2: Haddyshowdwn|move: Aurora Veil
|move|p1a: Landorus|Stealth Rock|p2a: Ninetales
|-sidestart|p2: Haddyshowdwn|move: Stealth Rock
|
|-weather|Snowscape|[upkeep]
|upkeep
|turn|2
|
|t:|1779885380
|switch|p1a: Copperajah|Copperajah, M|100/100
|move|p2a: Ninetales|Nasty Plot|p2a: Ninetales
|-boost|p2a: Ninetales|spa|2
|
|-weather|Snowscape|[upkeep]
|upkeep
|turn|3
|
|t:|1779885394
|move|p2a: Ninetales|Blizzard|p1a: Copperajah
|-resisted|p1a: Copperajah
|-damage|p1a: Copperajah|72/100
|move|p1a: Copperajah|Heavy Slam|p2a: Ninetales
|-supereffective|p2a: Ninetales
|-damage|p2a: Ninetales|0 fnt
|-damage|p1a: Copperajah|55/100|[from] item: Rocky Helmet|[of] p2a: Ninetales
|faint|p2a: Ninetales
|
|-weather|Snowscape|[upkeep]
|upkeep
|
|t:|1779885404
|switch|p2a: Hitmontop|Hitmontop, M, shiny|100/100
|-ability|p2a: Hitmontop|Intimidate|boost
|-unboost|p1a: Copperajah|atk|1
|turn|4
|
|t:|1779885409
|switch|p1a: Landorus|Landorus-Therian, M|100/100
|-ability|p1a: Landorus|Intimidate|boost
|-unboost|p2a: Hitmontop|atk|1
|move|p2a: Hitmontop|Rain Dance|p2a: Hitmontop
|-weather|RainDance
|
|-weather|RainDance|[upkeep]
|upkeep
|turn|5
|
|t:|1779885422
|switch|p2a: Basculegion|Basculegion, M|100/100
|-damage|p2a: Basculegion|88/100|[from] Stealth Rock
|move|p1a: Landorus|Earthquake|p2a: Basculegion
|-crit|p2a: Basculegion
|-damage|p2a: Basculegion|5/100
|
|-weather|RainDance|[upkeep]
|-sideend|p2: Haddyshowdwn|move: Aurora Veil
|upkeep
|turn|6
|
|t:|1779885431
|switch|p1a: Rotom|Rotom-Wash|100/100
|move|p2a: Basculegion|Waterfall|p1a: Rotom
|-resisted|p1a: Rotom
|-damage|p1a: Rotom|71/100
|
|-weather|RainDance|[upkeep]
|-heal|p1a: Rotom|77/100|[from] item: Leftovers
|upkeep
|turn|7
|
|t:|1779885440
|switch|p2a: Raikou|Raikou, shiny|100/100
|-damage|p2a: Raikou|88/100|[from] Stealth Rock
|move|p1a: Rotom|Volt Switch|p2a: Raikou
|-resisted|p2a: Raikou
|-damage|p2a: Raikou|74/100
|
|t:|1779885447
|switch|p1a: Landorus|Landorus-Therian, M|100/100|[from] Volt Switch
|-ability|p1a: Landorus|Intimidate|boost
|-fail|p2a: Raikou|unboost|Attack|[from] ability: Inner Focus|[of] p2a: Raikou
|
|-weather|RainDance|[upkeep]
|upkeep
|turn|8
|
|t:|1779885455
|-terastallize|p2a: Raikou|Flying
|move|p2a: Raikou|Weather Ball|p1a: Landorus
|-supereffective|p1a: Landorus
|-damage|p1a: Landorus|0 fnt
|faint|p1a: Landorus
|-damage|p2a: Raikou|64/100|[from] item: Life Orb
|
|-weather|none
|upkeep
|
|t:|1779885477
|switch|p1a: Rotom|Rotom-Wash|77/100
|turn|9
|
|t:|1779885485
|switch|p2a: Basculegion|Basculegion, M|5/100
|-damage|p2a: Basculegion|0 fnt|[from] Stealth Rock
|faint|p2a: Basculegion
|move|p1a: Rotom|Volt Switch|p2: Basculegion|[notarget]
|-fail|p1a: Rotom
|
|-heal|p1a: Rotom|83/100|[from] item: Leftovers
|upkeep
|
|t:|1779885493
|switch|p2a: Hitmontop|Hitmontop, M, shiny|100/100
|-ability|p2a: Hitmontop|Intimidate|boost
|-unboost|p1a: Rotom|atk|1
|turn|10
|
|t:|1779885501
|switch|p2a: Staraptor|Staraptor, F|100/100
|-damage|p2a: Staraptor|76/100|[from] Stealth Rock
|move|p1a: Rotom|Hydro Pump|p2a: Staraptor
|-damage|p2a: Staraptor|12/100
|
|-heal|p1a: Rotom|90/100|[from] item: Leftovers
|upkeep
|turn|11
|
|t:|1779885514
|move|p2a: Staraptor|Tailwind|p2a: Staraptor
|-sidestart|p2: Haddyshowdwn|move: Tailwind
|move|p1a: Rotom|Volt Switch|p2a: Staraptor
|-supereffective|p2a: Staraptor
|-damage|p2a: Staraptor|0 fnt
|faint|p2a: Staraptor
|
|t:|1779885530
|switch|p1a: Polteageist|Polteageist|100/100|[from] Volt Switch
|
|upkeep
|
|t:|1779885540
|switch|p2a: Raikou|Raikou, shiny, tera:Flying|64/100
|-damage|p2a: Raikou|39/100|[from] Stealth Rock
|turn|12
|
|t:|1779885545
|move|p2a: Raikou|Thunder|p1a: Polteageist
|-damage|p1a: Polteageist|7/100
|-start|p2a: Raikou|Disable|Thunder|[from] ability: Cursed Body|[of] p1a: Polteageist
|-damage|p2a: Raikou|29/100|[from] item: Life Orb
|move|p1a: Polteageist|Shell Smash|p1a: Polteageist
|-unboost|p1a: Polteageist|def|1
|-unboost|p1a: Polteageist|spd|1
|-boost|p1a: Polteageist|atk|2
|-boost|p1a: Polteageist|spa|2
|-boost|p1a: Polteageist|spe|2
|-enditem|p1a: Polteageist|White Herb
|-clearnegativeboost|p1a: Polteageist|[silent]
|
|upkeep
|turn|13
|
|t:|1779885560
|move|p2a: Raikou|Volt Switch|p1a: Polteageist
|-damage|p1a: Polteageist|0 fnt
|faint|p1a: Polteageist
|-damage|p2a: Raikou|19/100|[from] item: Life Orb
|
|t:|1779885567
|switch|p2a: Hitmontop|Hitmontop, M, shiny|100/100|[from] Volt Switch
|
|upkeep
|
|t:|1779885576
|switch|p1a: Iron Valiant|Iron Valiant, shiny|100/100
|-enditem|p1a: Iron Valiant|Booster Energy
|-activate|p1a: Iron Valiant|ability: Quark Drive|[fromitem]
|-start|p1a: Iron Valiant|quarkdrivespe
|turn|14
|
|t:|1779885582
|move|p1a: Iron Valiant|Calm Mind|p1a: Iron Valiant
|-boost|p1a: Iron Valiant|spa|1
|-boost|p1a: Iron Valiant|spd|1
|move|p2a: Hitmontop|Rapid Spin|p1a: Iron Valiant
|-damage|p1a: Iron Valiant|81/100
|-boost|p2a: Hitmontop|spe|1
|-sideend|p2: Haddyshowdwn|Stealth Rock|[from] move: Rapid Spin|[of] p2a: Hitmontop
|
|-sideend|p2: Haddyshowdwn|move: Tailwind
|upkeep
|turn|15
|
|t:|1779885600
|move|p1a: Iron Valiant|Moonblast|p2a: Hitmontop
|-supereffective|p2a: Hitmontop
|-damage|p2a: Hitmontop|0 fnt
|faint|p2a: Hitmontop
|
|upkeep
|
|t:|1779885609
|switch|p2a: Infernape|Infernape, M|100/100
|turn|16
|
|t:|1779885620
|move|p1a: Iron Valiant|Psyshock|p2a: Infernape
|-supereffective|p2a: Infernape
|-crit|p2a: Infernape
|-damage|p2a: Infernape|0 fnt
|faint|p2a: Infernape
|
|upkeep
|
|t:|1779885625
|switch|p2a: Raikou|Raikou, shiny, tera:Flying|19/100
|turn|17
|
|t:|1779885628
|move|p1a: Iron Valiant|Aura Sphere|p2a: Raikou
|-resisted|p2a: Raikou
|-damage|p2a: Raikou|0 fnt
|faint|p2a: Raikou
|
|win|davespekkie
|raw|davespekkie's rating: 1118 &rarr; <strong>1143</strong><br />(+25 for winning)
|raw|Haddyshowdwn's rating: 1113 &rarr; <strong>1088</strong><br />(-25 for losing)
|l|☆davespekkie
|player|p1|
|l|☆Haddyshowdwn
|player|p2|
