|j|☆habixia
|j|☆tb poke
|t:|1779869263
|gametype|singles
|player|p1|habixia|102|1534
|player|p2|tb poke|170|1556
|gen|9
|tier|[Gen 9] OU
|rated|
|rule|HP Percentage Mod: HP is shown in percentages
|rule|Endless Battle Clause: Forcing endless battles is banned
|rule|Species Clause: Limit one of each Pokémon
|rule|OHKO Clause: OHKO moves are banned
|rule|Evasion Items Clause: Evasion items are banned
|rule|Evasion Moves Clause: Evasion moves are banned
|rule|Evasion Abilities Clause: Evasion abilities are banned
|rule|Sleep Moves Clause: Sleep-inducing moves are banned
|clearpoke
|poke|p1|Pelipper, M|
|poke|p1|Ogerpon-Wellspring, F|
|poke|p1|Barraskewda, M|
|poke|p1|Revavroom, F|
|poke|p1|Iron Treads|
|poke|p1|Zapdos|
|poke|p2|Dragonite, F|
|poke|p2|Hatterene, F|
|poke|p2|Samurott-Hisui, F|
|poke|p2|Great Tusk|
|poke|p2|Gholdengo|
|poke|p2|Iron Moth|
|teampreview
|inactive|Battle timer is ON: inactive players will automatically lose when time's up. (requested by habixia)
|
|t:|1779869275
|teamsize|p1|6
|teamsize|p2|6
|start
|switch|p1a: Pelipper|Pelipper, M|100/100
|switch|p2a: Samurott|Samurott-Hisui, F|100/100
|-weather|RainDance|[from] ability: Drizzle|[of] p1a: Pelipper
|turn|1
|inactive|habixia has 120 seconds left.
|
|t:|1779869306
|move|p2a: Samurott|Knock Off|p1a: Pelipper
|-crit|p1a: Pelipper
|-damage|p1a: Pelipper|53/100
|-enditem|p1a: Pelipper|Damp Rock|[from] move: Knock Off|[of] p2a: Samurott
|move|p1a: Pelipper|U-turn|p2a: Samurott
|-supereffective|p2a: Samurott
|-damage|p2a: Samurott|82/100
|
|t:|1779869309
|switch|p1a: Ogerpon|Ogerpon-Wellspring, F|100/100|[from] U-turn
|
|-weather|RainDance|[upkeep]
|upkeep
|turn|2
|
|t:|1779869314
|move|p1a: Ogerpon|Power Whip|p2a: Samurott
|-supereffective|p2a: Samurott
|-damage|p2a: Samurott|0 fnt
|faint|p2a: Samurott
|
|-weather|RainDance|[upkeep]
|upkeep
|
|t:|1779869316
|switch|p2a: Dragonite|Dragonite, F|100/100
|turn|3
|
|t:|1779869321
|switch|p1a: Zapdos|Zapdos|100/100
|move|p2a: Dragonite|Scale Shot|p1a: Zapdos
|-damage|p1a: Zapdos|81/100
|-damage|p1a: Zapdos|61/100
|-damage|p1a: Zapdos|43/100
|-damage|p1a: Zapdos|24/100
|-hitcount|p1a: Zapdos|4
|-unboost|p2a: Dragonite|def|1
|-boost|p2a: Dragonite|spe|1
|
|-weather|RainDance|[upkeep]
|upkeep
|turn|4
|
|t:|1779869327
|switch|p1a: Iron Treads|Iron Treads|100/100
|move|p2a: Dragonite|Scale Shot|p1a: Iron Treads
|-resisted|p1a: Iron Treads
|-damage|p1a: Iron Treads|95/100
|-resisted|p1a: Iron Treads
|-damage|p1a: Iron Treads|90/100
|-resisted|p1a: Iron Treads
|-damage|p1a: Iron Treads|84/100
|-resisted|p1a: Iron Treads
|-damage|p1a: Iron Treads|78/100
|-resisted|p1a: Iron Treads
|-damage|p1a: Iron Treads|72/100
|-hitcount|p1a: Iron Treads|5
|-unboost|p2a: Dragonite|def|1
|-boost|p2a: Dragonite|spe|1
|
|-weather|RainDance|[upkeep]
|-heal|p1a: Iron Treads|79/100|[from] item: Leftovers
|upkeep
|turn|5
|
|t:|1779869337
|switch|p2a: Great Tusk|Great Tusk|100/100
|move|p1a: Iron Treads|Volt Switch|p2a: Great Tusk
|-immune|p2a: Great Tusk
|
|-weather|RainDance|[upkeep]
|-heal|p1a: Iron Treads|85/100|[from] item: Leftovers
|upkeep
|turn|6
|
|t:|1779869343
|move|p2a: Great Tusk|Stealth Rock|p1a: Iron Treads
|-sidestart|p1: habixia|move: Stealth Rock
|move|p1a: Iron Treads|Stealth Rock|p2a: Great Tusk
|-sidestart|p2: tb poke|move: Stealth Rock
|
|-weather|RainDance|[upkeep]
|-heal|p1a: Iron Treads|91/100|[from] item: Leftovers
|upkeep
|turn|7
|
|t:|1779869346
|move|p2a: Great Tusk|Rapid Spin|p1a: Iron Treads
|-resisted|p1a: Iron Treads
|-damage|p1a: Iron Treads|86/100
|-boost|p2a: Great Tusk|spe|1
|-sideend|p2: tb poke|Stealth Rock|[from] move: Rapid Spin|[of] p2a: Great Tusk
|move|p1a: Iron Treads|Rapid Spin|p2a: Great Tusk
|-damage|p2a: Great Tusk|91/100
|-boost|p1a: Iron Treads|spe|1
|-damage|p1a: Iron Treads|69/100|[from] item: Rocky Helmet|[of] p2a: Great Tusk
|-sideend|p1: habixia|Stealth Rock|[from] move: Rapid Spin|[of] p1a: Iron Treads
|
|-weather|RainDance|[upkeep]
|-heal|p1a: Iron Treads|75/100|[from] item: Leftovers
|upkeep
|turn|8
|
|t:|1779869349
|-end|p1a: Iron Treads|Quark Drive|[silent]
|switch|p1a: Pelipper|Pelipper, M|53/100
|move|p2a: Great Tusk|Headlong Rush|p1a: Pelipper
|-immune|p1a: Pelipper
|
|-weather|none
|upkeep
|turn|9
|
|t:|1779869356
|move|p2a: Great Tusk|Stealth Rock|p1a: Pelipper
|-sidestart|p1: habixia|move: Stealth Rock
|move|p1a: Pelipper|U-turn|p2a: Great Tusk
|-resisted|p2a: Great Tusk
|-damage|p2a: Great Tusk|89/100
|-damage|p1a: Pelipper|37/100|[from] item: Rocky Helmet|[of] p2a: Great Tusk
|
|t:|1779869362
|switch|p1a: Ogerpon|Ogerpon-Wellspring, F|100/100|[from] U-turn
|-damage|p1a: Ogerpon|88/100|[from] Stealth Rock
|
|upkeep
|turn|10
|
|t:|1779869383
|move|p2a: Great Tusk|Headlong Rush|p1a: Ogerpon
|-resisted|p1a: Ogerpon
|-damage|p1a: Ogerpon|56/100
|-unboost|p2a: Great Tusk|def|1
|-unboost|p2a: Great Tusk|spd|1
|move|p1a: Ogerpon|Ivy Cudgel|p2a: Great Tusk|[anim] Ivy Cudgel Water
|-supereffective|p2a: Great Tusk
|-damage|p2a: Great Tusk|0 fnt
|faint|p2a: Great Tusk
|-end|p2a: Great Tusk|Protosynthesis|[silent]
|
|upkeep
|
|t:|1779869385
|switch|p2a: Dragonite|Dragonite, F|100/100
|turn|11
|
|t:|1779869396
|switch|p1a: Iron Treads|Iron Treads|75/100
|-damage|p1a: Iron Treads|72/100|[from] Stealth Rock
|move|p2a: Dragonite|Dragon Dance|p2a: Dragonite
|-boost|p2a: Dragonite|atk|1
|-boost|p2a: Dragonite|spe|1
|
|-heal|p1a: Iron Treads|79/100|[from] item: Leftovers
|upkeep
|turn|12
|
|t:|1779869420
|-terastallize|p1a: Iron Treads|Flying
|move|p2a: Dragonite|Fire Punch|p1a: Iron Treads
|-damage|p1a: Iron Treads|46/100
|move|p1a: Iron Treads|Rapid Spin|p2a: Dragonite
|-damage|p2a: Dragonite|93/100
|-boost|p1a: Iron Treads|spe|1
|-sideend|p1: habixia|Stealth Rock|[from] move: Rapid Spin|[of] p1a: Iron Treads
|
|-heal|p1a: Iron Treads|52/100|[from] item: Leftovers
|upkeep
|turn|13
|
|t:|1779869436
|move|p2a: Dragonite|Scale Shot|p1a: Iron Treads
|-damage|p1a: Iron Treads|35/100
|-damage|p1a: Iron Treads|18/100
|-damage|p1a: Iron Treads|1/100
|-damage|p1a: Iron Treads|0 fnt
|faint|p1a: Iron Treads
|-end|p1a: Iron Treads|Quark Drive|[silent]
|-hitcount|p1: Iron Treads|4
|-unboost|p2a: Dragonite|def|1
|-boost|p2a: Dragonite|spe|1
|
|upkeep
|
|t:|1779869442
|switch|p1a: Pelipper|Pelipper, M|37/100
|-weather|RainDance|[from] ability: Drizzle|[of] p1a: Pelipper
|turn|14
|
|t:|1779869445
|move|p2a: Dragonite|Scale Shot|p1a: Pelipper|[miss]
|-miss|p2a: Dragonite|p1a: Pelipper
|move|p1a: Pelipper|Hurricane|p2a: Dragonite
|-damage|p2a: Dragonite|57/100
|
|-weather|RainDance|[upkeep]
|upkeep
|turn|15
|
|t:|1779869447
|move|p2a: Dragonite|Scale Shot|p1a: Pelipper
|-damage|p1a: Pelipper|20/100
|-damage|p1a: Pelipper|4/100
|-damage|p1a: Pelipper|0 fnt
|faint|p1a: Pelipper
|-hitcount|p1: Pelipper|3
|-unboost|p2a: Dragonite|def|1
|-boost|p2a: Dragonite|spe|1
|
|-weather|RainDance|[upkeep]
|upkeep
|
|t:|1779869449
|switch|p1a: Revavroom|Revavroom, F|100/100
|-item|p1a: Revavroom|Air Balloon
|turn|16
|
|t:|1779869468
|move|p2a: Dragonite|Fire Punch|p1a: Revavroom
|-supereffective|p1a: Revavroom
|-damage|p1a: Revavroom|61/100
|-enditem|p1a: Revavroom|Air Balloon
|move|p1a: Revavroom|Iron Head|p2a: Dragonite
|-damage|p2a: Dragonite|0 fnt
|faint|p2a: Dragonite
|
|-weather|RainDance|[upkeep]
|upkeep
|inactive|tb poke has 120 seconds left.
|
|t:|1779869499
|switch|p2a: Gholdengo|Gholdengo|100/100
|turn|17
|
|t:|1779869501
|move|p2a: Gholdengo|Shadow Ball|p1a: Revavroom
|-damage|p1a: Revavroom|0 fnt
|faint|p1a: Revavroom
|
|-weather|RainDance|[upkeep]
|upkeep
|
|t:|1779869505
|switch|p1a: Barraskewda|Barraskewda, M|100/100
|turn|18
|
|t:|1779869507
|move|p1a: Barraskewda|Liquidation|p2a: Gholdengo
|-damage|p2a: Gholdengo|5/100
|move|p2a: Gholdengo|Shadow Ball|p1a: Barraskewda
|-damage|p1a: Barraskewda|1/100
|
|-weather|none
|upkeep
|turn|19
|
|t:|1779869512
|move|p2a: Gholdengo|Shadow Ball|p1a: Barraskewda
|-damage|p1a: Barraskewda|0 fnt
|faint|p1a: Barraskewda
|
|upkeep
|
|t:|1779869515
|switch|p1a: Ogerpon|Ogerpon-Wellspring, F|56/100
|turn|20
|
|t:|1779869517
|move|p2a: Gholdengo|Shadow Ball|p1a: Ogerpon
|-damage|p1a: Ogerpon|7/100
|move|p1a: Ogerpon|Ivy Cudgel|p2a: Gholdengo|[anim] Ivy Cudgel Water
|-damage|p2a: Gholdengo|0 fnt
|faint|p2a: Gholdengo
|
|upkeep
|
|t:|1779869520
|switch|p2a: Iron Moth|Iron Moth|100/100
|-enditem|p2a: Iron Moth|Booster Energy
|-activate|p2a: Iron Moth|ability: Quark Drive|[fromitem]
|-start|p2a: Iron Moth|quarkdrivespe
|turn|21
|
|t:|1779869522
|move|p2a: Iron Moth|Fiery Dance|p1a: Ogerpon
|-damage|p1a: Ogerpon|0 fnt
|faint|p1a: Ogerpon
|
|upkeep
|-message|habixia forfeited.
|
|win|tb poke
|raw|habixia's rating: 1534 &rarr; <strong>1515</strong><br />(-19 for losing)
|raw|tb poke's rating: 1556 &rarr; <strong>1575</strong><br />(+19 for winning)
|l|☆habixia
|player|p1|
|l|☆tb poke
|player|p2|
|j|☆tb poke
|player|p2|tb poke|170|
|l|☆tb poke
|player|p2|
