|j|☆nitemaresv2
|j|☆suaiaj
|inactive|Battle timer is ON: inactive players will automatically lose when time's up.
|t:|1779810947
|gametype|singles
|player|p1|nitemaresv2|gambler|
|player|p2|suaiaj|brendan-e|
|gen|9
|tier|[Gen 9] OU
|rated|Tournament battle
|rule|HP Percentage Mod: HP is shown in percentages
|rule|Endless Battle Clause: Forcing endless battles is banned
|rule|Species Clause: Limit one of each Pokémon
|rule|OHKO Clause: OHKO moves are banned
|rule|Evasion Items Clause: Evasion items are banned
|rule|Evasion Moves Clause: Evasion moves are banned
|rule|Evasion Abilities Clause: Evasion abilities are banned
|rule|Sleep Moves Clause: Sleep-inducing moves are banned
|clearpoke
|poke|p1|Gliscor, M|
|poke|p1|Whimsicott, M|
|poke|p1|Ursaluna, M|
|poke|p1|Ceruledge, M|
|poke|p1|Serperior, F|
|poke|p1|Hoopa-Unbound|
|poke|p2|Weavile, F|
|poke|p2|Sandy Shocks|
|poke|p2|Moltres|
|poke|p2|Great Tusk|
|poke|p2|Fezandipiti, M|
|poke|p2|Azumarill, F|
|teampreview
|
|t:|1779810956
|teamsize|p1|6
|teamsize|p2|6
|start
|switch|p1a: Whimsicott|Whimsicott, M|100/100
|switch|p2a: Sandy Shocks|Sandy Shocks|100/100
|-enditem|p2a: Sandy Shocks|Booster Energy
|-activate|p2a: Sandy Shocks|ability: Protosynthesis|[fromitem]
|-start|p2a: Sandy Shocks|protosynthesisspe
|turn|1
|
|t:|1779810963
|move|p1a: Whimsicott|Tailwind|p1a: Whimsicott
|-sidestart|p1: nitemaresv2|move: Tailwind
|move|p2a: Sandy Shocks|Stealth Rock|p1a: Whimsicott
|-sidestart|p1: nitemaresv2|move: Stealth Rock
|
|upkeep
|turn|2
|
|t:|1779810975
|move|p1a: Whimsicott|Light Screen|p1a: Whimsicott
|-sidestart|p1: nitemaresv2|move: Light Screen
|move|p2a: Sandy Shocks|Spikes|p1a: Whimsicott
|-sidestart|p1: nitemaresv2|Spikes
|
|upkeep
|turn|3
|
|t:|1779810981
|move|p1a: Whimsicott|Giga Drain|p2a: Sandy Shocks
|-supereffective|p2a: Sandy Shocks
|-damage|p2a: Sandy Shocks|39/100
|move|p2a: Sandy Shocks|Spikes|p1a: Whimsicott
|-sidestart|p1: nitemaresv2|Spikes
|
|upkeep
|turn|4
|
|t:|1779810988
|-end|p2a: Sandy Shocks|Protosynthesis|[silent]
|switch|p2a: Azumarill|Azumarill, F|100/100
|move|p1a: Whimsicott|Giga Drain|p2a: Azumarill
|-ability|p2a: Azumarill|Sap Sipper|boost
|-boost|p2a: Azumarill|atk|1
|
|-sideend|p1: nitemaresv2|move: Tailwind
|upkeep
|turn|5
|
|t:|1779810998
|move|p1a: Whimsicott|Tailwind|p1a: Whimsicott
|-sidestart|p1: nitemaresv2|move: Tailwind
|move|p2a: Azumarill|Play Rough|p1a: Whimsicott|[miss]
|-miss|p2a: Azumarill|p1a: Whimsicott
|
|upkeep
|turn|6
|
|t:|1779811007
|move|p1a: Whimsicott|U-turn|p2a: Azumarill
|-resisted|p2a: Azumarill
|-damage|p2a: Azumarill|94/100
|
|t:|1779811029
|switch|p1a: Serperior|Serperior, F|100/100|[from] U-turn
|-damage|p1a: Serperior|88/100|[from] Stealth Rock
|-damage|p1a: Serperior|72/100|[from] Spikes
|move|p2a: Azumarill|Belly Drum|p2a: Azumarill
|-damage|p2a: Azumarill|44/100
|-setboost|p2a: Azumarill|atk|6|[from] move: Belly Drum
|-enditem|p2a: Azumarill|Sitrus Berry|[eat]
|-heal|p2a: Azumarill|69/100|[from] item: Sitrus Berry
|
|-sideend|p1: nitemaresv2|move: Light Screen
|upkeep
|turn|7
|
|t:|1779811046
|switch|p1a: Gliscor|Gliscor, M|100/100
|-damage|p1a: Gliscor|88/100|[from] Stealth Rock
|move|p2a: Azumarill|Play Rough|p1a: Gliscor|[miss]
|-miss|p2a: Azumarill|p1a: Gliscor
|
|-status|p1a: Gliscor|tox|[from] item: Toxic Orb
|upkeep
|turn|8
|
|t:|1779811057
|move|p1a: Gliscor|Fling|p2a: Azumarill
|-resisted|p2a: Azumarill
|-damage|p2a: Azumarill|64/100
|-status|p2a: Azumarill|tox
|-enditem|p1a: Gliscor|Toxic Orb|[from] move: Fling
|move|p2a: Azumarill|Liquidation|p1a: Gliscor
|-supereffective|p1a: Gliscor
|-damage|p1a: Gliscor|0 fnt
|faint|p1a: Gliscor
|
|-damage|p2a: Azumarill|58/100 tox|[from] psn
|-sideend|p1: nitemaresv2|move: Tailwind
|upkeep
|inactive|nitemaresv2 has 120 seconds left.
|
|t:|1779811068
|switch|p1a: Whimsicott|Whimsicott, M|100/100
|-damage|p1a: Whimsicott|88/100|[from] Stealth Rock
|-damage|p1a: Whimsicott|72/100|[from] Spikes
|turn|9
|
|t:|1779811073
|move|p1a: Whimsicott|Tailwind|p1a: Whimsicott
|-sidestart|p1: nitemaresv2|move: Tailwind
|move|p2a: Azumarill|Play Rough|p1a: Whimsicott
|-damage|p1a: Whimsicott|0 fnt
|faint|p1a: Whimsicott
|
|-damage|p2a: Azumarill|45/100 tox|[from] psn
|upkeep
|inactive|nitemaresv2 has 120 seconds left.
|
|t:|1779811095
|switch|p1a: Ceruledge|Ceruledge, M|100/100
|-damage|p1a: Ceruledge|76/100|[from] Stealth Rock
|-damage|p1a: Ceruledge|59/100|[from] Spikes
|turn|10
|inactive|nitemaresv2 has 120 seconds left.
|
|t:|1779811101
|move|p2a: Azumarill|Aqua Jet|p1a: Ceruledge
|-supereffective|p1a: Ceruledge
|-damage|p1a: Ceruledge|0 fnt
|faint|p1a: Ceruledge
|
|-damage|p2a: Azumarill|26/100 tox|[from] psn
|upkeep
|inactive|nitemaresv2 has 120 seconds left.
|
|t:|1779811113
|switch|p1a: Ursaluna|Ursaluna, M|100/100
|-damage|p1a: Ursaluna|94/100|[from] Stealth Rock
|-damage|p1a: Ursaluna|78/100|[from] Spikes
|turn|11
|inactive|nitemaresv2 has 120 seconds left.
|
|t:|1779811129
|move|p1a: Ursaluna|Bulk Up|p1a: Ursaluna
|-boost|p1a: Ursaluna|atk|1
|-boost|p1a: Ursaluna|def|1
|move|p2a: Azumarill|Liquidation|p1a: Ursaluna
|-supereffective|p1a: Ursaluna
|-damage|p1a: Ursaluna|0 fnt
|faint|p1a: Ursaluna
|
|-damage|p2a: Azumarill|1/100 tox|[from] psn
|upkeep
|
|t:|1779811139
|switch|p1a: Serperior|Serperior, F|72/100
|-damage|p1a: Serperior|59/100|[from] Stealth Rock
|-damage|p1a: Serperior|43/100|[from] Spikes
|turn|12
|
|t:|1779811144
|switch|p2a: Moltres|Moltres|100/100
|move|p1a: Serperior|Leech Seed|p2a: Moltres|[miss]
|-miss|p1a: Serperior|p2a: Moltres
|
|-sideend|p1: nitemaresv2|move: Tailwind
|upkeep
|turn|13
|inactive|nitemaresv2 has 120 seconds left.
|
|t:|1779811168
|move|p1a: Serperior|Leech Seed|p2a: Moltres
|-start|p2a: Moltres|move: Leech Seed
|move|p2a: Moltres|U-turn|p1a: Serperior
|-supereffective|p1a: Serperior
|-damage|p1a: Serperior|8/100
|
|t:|1779811172
|switch|p2a: Weavile|Weavile, F|100/100|[from] U-turn
|-ability|p2a: Weavile|Pressure
|
|upkeep
|turn|14
|
|t:|1779811177
|move|p2a: Weavile|Knock Off|p1a: Serperior
|-damage|p1a: Serperior|0 fnt
|-enditem|p1a: Serperior|Miracle Seed|[from] move: Knock Off|[of] p2a: Weavile
|faint|p1a: Serperior
|
|upkeep
|
|t:|1779811183
|switch|p1a: Hoopa|Hoopa-Unbound|100/100
|-damage|p1a: Hoopa|88/100|[from] Stealth Rock
|-damage|p1a: Hoopa|72/100|[from] Spikes
|turn|15
|
|t:|1779811192
|-terastallize|p2a: Weavile|Dark
|move|p2a: Weavile|Knock Off|p1a: Hoopa
|-crit|p1a: Hoopa
|-damage|p1a: Hoopa|0 fnt
|-enditem|p1a: Hoopa|Wise Glasses|[from] move: Knock Off|[of] p2a: Weavile
|faint|p1a: Hoopa
|
|win|suaiaj
|n|☆nitemaresv2|nitemaresv2
|n|☆suaiaj|suaiaj
|l|☆nitemaresv2
|player|p1|
