|j|☆Racceth
|j|☆teckstecks
|t:|1779964424
|gametype|singles
|player|p1|Racceth|harlequin|1085
|player|p2|teckstecks|265|1081
|gen|9
|tier|[Gen 9] OU
|rated|
|rule|HP Percentage Mod: HP is shown in percentages
|rule|Endless Battle Clause: Forcing endless battles is banned
|rule|Species Clause: Limit one of each Pokémon
|rule|OHKO Clause: OHKO moves are banned
|rule|Evasion Items Clause: Evasion items are banned
|rule|Evasion Moves Clause: Evasion moves are banned
|rule|Evasion Abilities Clause: Evasion abilities are banned
|rule|Sleep Moves Clause: Sleep-inducing moves are banned
|clearpoke
|poke|p1|Garganacl, F|
|poke|p1|Clefable, F|
|poke|p1|Conkeldurr, F|
|poke|p1|Meowscarada, F|
|poke|p1|Iron Moth|
|poke|p1|Metagross|
|poke|p2|Alomomola, F|
|poke|p2|Ceruledge, M|
|poke|p2|Gliscor, F|
|poke|p2|Latias, F|
|poke|p2|Scizor, F|
|poke|p2|Rotom-Frost|
|teampreview
|
|t:|1779964439
|teamsize|p1|6
|teamsize|p2|6
|start
|switch|p1a: Weed Cat|Meowscarada, F, shiny|100/100
|switch|p2a: Gliscor|Gliscor, F|100/100
|turn|1
|
|t:|1779964456
|move|p1a: Weed Cat|Triple Axel|p2a: Gliscor
|-supereffective|p2a: Gliscor
|-damage|p2a: Gliscor|84/100
|-supereffective|p2a: Gliscor
|-damage|p2a: Gliscor|49/100
|-supereffective|p2a: Gliscor
|-damage|p2a: Gliscor|0 fnt
|faint|p2a: Gliscor
|-hitcount|p2: Gliscor|3
|
|upkeep
|
|t:|1779964466
|switch|p2a: Ceruledge|Ceruledge, M|100/100
|turn|2
|
|t:|1779964477
|switch|p1a: Home Depot-mon|Conkeldurr, F, shiny|100/100
|move|p2a: Ceruledge|Bitter Blade|p1a: Home Depot-mon
|-damage|p1a: Home Depot-mon|37/100
|
|-status|p1a: Home Depot-mon|brn|[from] item: Flame Orb
|upkeep
|turn|3
|
|t:|1779964512
|switch|p1a: MC Desert pyramid|Garganacl, F, shiny|100/100
|move|p2a: Ceruledge|Bitter Blade|p1a: MC Desert pyramid
|-resisted|p1a: MC Desert pyramid
|-damage|p1a: MC Desert pyramid|81/100
|
|-heal|p1a: MC Desert pyramid|87/100|[from] item: Leftovers
|upkeep
|turn|4
|
|t:|1779964522
|switch|p2a: Alomomola|Alomomola, F|100/100
|move|p1a: MC Desert pyramid|Salt Cure|p2a: Alomomola
|-damage|p2a: Alomomola|93/100
|-start|p2a: Alomomola|Salt Cure
|
|-heal|p2a: Alomomola|99/100|[from] item: Leftovers
|-heal|p1a: MC Desert pyramid|94/100|[from] item: Leftovers
|-damage|p2a: Alomomola|74/100|[from] Salt Cure
|upkeep
|turn|5
|
|t:|1779964541
|move|p2a: Alomomola|Wish|p2a: Alomomola
|move|p1a: MC Desert pyramid|Salt Cure|p2a: Alomomola
|-damage|p2a: Alomomola|67/100
|
|-heal|p2a: Alomomola|73/100|[from] item: Leftovers
|-heal|p1a: MC Desert pyramid|99/100|[from] item: Leftovers
|-damage|p2a: Alomomola|48/100|[from] Salt Cure
|upkeep
|turn|6
|
|t:|1779964555
|move|p2a: Alomomola|Aqua Ring|p2a: Alomomola
|-start|p2a: Alomomola|Aqua Ring
|move|p1a: MC Desert pyramid|Salt Cure|p2a: Alomomola
|-crit|p2a: Alomomola
|-damage|p2a: Alomomola|37/100
|
|-heal|p2a: Alomomola|87/100|[from] move: Wish|[wisher] Alomomola
|-heal|p2a: Alomomola|93/100|[from] item: Leftovers
|-heal|p1a: MC Desert pyramid|100/100|[from] item: Leftovers
|-heal|p2a: Alomomola|99/100|[from] Aqua Ring
|-damage|p2a: Alomomola|74/100|[from] Salt Cure
|upkeep
|turn|7
|inactive|Battle timer is ON: inactive players will automatically lose when time's up. (requested by teckstecks)
|
|t:|1779964598
|move|p2a: Alomomola|Calm Mind|p2a: Alomomola
|-boost|p2a: Alomomola|spa|1
|-boost|p2a: Alomomola|spd|1
|move|p1a: MC Desert pyramid|Salt Cure|p2a: Alomomola
|-damage|p2a: Alomomola|67/100
|
|-heal|p2a: Alomomola|73/100|[from] item: Leftovers
|-heal|p2a: Alomomola|79/100|[from] Aqua Ring
|-damage|p2a: Alomomola|54/100|[from] Salt Cure
|upkeep
|turn|8
|
|t:|1779964613
|move|p2a: Alomomola|Wish|p2a: Alomomola
|move|p1a: MC Desert pyramid|Heavy Slam|p2a: Alomomola
|-resisted|p2a: Alomomola
|-damage|p2a: Alomomola|47/100
|
|-heal|p2a: Alomomola|53/100|[from] item: Leftovers
|-heal|p2a: Alomomola|59/100|[from] Aqua Ring
|-damage|p2a: Alomomola|34/100|[from] Salt Cure
|upkeep
|turn|9
|
|t:|1779964630
|switch|p1a: Weed Cat|Meowscarada, F, shiny|100/100
|move|p2a: Alomomola|Calm Mind|p2a: Alomomola
|-boost|p2a: Alomomola|spa|1
|-boost|p2a: Alomomola|spd|1
|
|-heal|p2a: Alomomola|84/100|[from] move: Wish|[wisher] Alomomola
|-heal|p2a: Alomomola|90/100|[from] item: Leftovers
|-heal|p2a: Alomomola|97/100|[from] Aqua Ring
|-damage|p2a: Alomomola|72/100|[from] Salt Cure
|upkeep
|turn|10
|inactive|teckstecks has 120 seconds left.
|
|t:|1779964677
|switch|p2a: Rotom|Rotom-Frost|100/100
|move|p1a: Weed Cat|Flower Trick|p2a: Rotom
|-crit|p2a: Rotom
|-damage|p2a: Rotom|40/100
|
|-heal|p2a: Rotom|47/100|[from] item: Leftovers
|upkeep
|turn|11
|
|t:|1779964697
|switch|p1a: Is a Turtle|Metagross, shiny|100/100
|move|p2a: Rotom|Will-O-Wisp|p1a: Is a Turtle
|-status|p1a: Is a Turtle|brn
|
|-heal|p2a: Rotom|53/100|[from] item: Leftovers
|-damage|p1a: Is a Turtle|94/100 brn|[from] brn
|upkeep
|turn|12
|
|t:|1779964715
|move|p2a: Rotom|Shadow Ball|p1a: Is a Turtle
|-supereffective|p1a: Is a Turtle
|-damage|p1a: Is a Turtle|46/100 brn
|move|p1a: Is a Turtle|Heavy Slam|p2a: Rotom
|-damage|p2a: Rotom|8/100
|
|-heal|p2a: Rotom|14/100|[from] item: Leftovers
|-heal|p1a: Is a Turtle|52/100 brn|[from] item: Leftovers
|-damage|p1a: Is a Turtle|46/100 brn|[from] brn
|upkeep
|turn|13
|
|t:|1779964732
|switch|p1a: Weed Cat|Meowscarada, F, shiny|100/100
|move|p2a: Rotom|Shadow Ball|p1a: Weed Cat
|-resisted|p1a: Weed Cat
|-damage|p1a: Weed Cat|82/100
|
|-heal|p2a: Rotom|20/100|[from] item: Leftovers
|upkeep
|turn|14
|
|t:|1779964744
|move|p1a: Weed Cat|Flower Trick|p2a: Rotom
|-crit|p2a: Rotom
|-damage|p2a: Rotom|0 fnt
|faint|p2a: Rotom
|
|upkeep
|
|t:|1779964752
|switch|p2a: Ceruledge|Ceruledge, M|100/100
|turn|15
|
|t:|1779964766
|switch|p1a: MC Desert pyramid|Garganacl, F, shiny|100/100
|move|p2a: Ceruledge|Bitter Blade|p1a: MC Desert pyramid
|-resisted|p1a: MC Desert pyramid
|-damage|p1a: MC Desert pyramid|81/100
|
|-heal|p1a: MC Desert pyramid|88/100|[from] item: Leftovers
|upkeep
|turn|16
|
|t:|1779964781
|switch|p2a: Alomomola|Alomomola, F|100/100
|move|p1a: MC Desert pyramid|Salt Cure|p2a: Alomomola
|-damage|p2a: Alomomola|93/100
|-start|p2a: Alomomola|Salt Cure
|
|-heal|p2a: Alomomola|99/100|[from] item: Leftovers
|-heal|p1a: MC Desert pyramid|94/100|[from] item: Leftovers
|-damage|p2a: Alomomola|74/100|[from] Salt Cure
|upkeep
|turn|17
|
|t:|1779964794
|switch|p1a: Weed Cat|Meowscarada, F, shiny|82/100
|move|p2a: Alomomola|Scald|p1a: Weed Cat
|-resisted|p1a: Weed Cat
|-damage|p1a: Weed Cat|72/100
|
|-heal|p2a: Alomomola|81/100|[from] item: Leftovers
|-damage|p2a: Alomomola|56/100|[from] Salt Cure
|upkeep
|turn|18
|
|t:|1779964808
|switch|p2a: Latias|Latias, F|100/100
|move|p1a: Weed Cat|Flower Trick|p2a: Latias
|-resisted|p2a: Latias
|-crit|p2a: Latias
|-damage|p2a: Latias|75/100
|
|upkeep
|turn|19
|
|t:|1779964821
|switch|p1a: This mf|Clefable, F, shiny|100/100
|move|p2a: Latias|Calm Mind|p2a: Latias
|-boost|p2a: Latias|spa|1
|-boost|p2a: Latias|spd|1
|
|upkeep
|turn|20
|
|t:|1779964835
|move|p2a: Latias|Protect|p2a: Latias
|-singleturn|p2a: Latias|Protect
|move|p1a: This mf|Moonblast|p2a: Latias
|-activate|p2a: Latias|move: Protect
|
|upkeep
|turn|21
|
|t:|1779964842
|switch|p2a: Scizor|Scizor, F|100/100
|move|p1a: This mf|Calm Mind|p1a: This mf
|-boost|p1a: This mf|spa|1
|-boost|p1a: This mf|spd|1
|
|upkeep
|turn|22
|
|t:|1779964858
|switch|p1a: Let there be light|Iron Moth, shiny|100/100
|-enditem|p1a: Let there be light|Booster Energy
|-activate|p1a: Let there be light|ability: Quark Drive|[fromitem]
|-start|p1a: Let there be light|quarkdrivespe
|move|p2a: Scizor|Swords Dance|p2a: Scizor
|-boost|p2a: Scizor|atk|2
|
|upkeep
|turn|23
|inactive|teckstecks has 90 seconds left.
|
|t:|1779964879
|switch|p2a: Alomomola|Alomomola, F|89/100
|move|p1a: Let there be light|Fiery Dance|p2a: Alomomola
|-resisted|p2a: Alomomola
|-damage|p2a: Alomomola|63/100
|-boost|p1a: Let there be light|spa|1
|
|-heal|p2a: Alomomola|69/100|[from] item: Leftovers
|upkeep
|turn|24
|inactive|teckstecks has 90 seconds left.
|
|t:|1779964900
|move|p1a: Let there be light|Energy Ball|p2a: Alomomola
|-supereffective|p2a: Alomomola
|-damage|p2a: Alomomola|0 fnt
|faint|p2a: Alomomola
|
|upkeep
|
|t:|1779964911
|switch|p2a: Latias|Latias, F|75/100
|turn|25
|
|t:|1779964918
|move|p1a: Let there be light|Dazzling Gleam|p2a: Latias
|-supereffective|p2a: Latias
|-damage|p2a: Latias|29/100
|move|p2a: Latias|Calm Mind|p2a: Latias
|-boost|p2a: Latias|spa|1
|-boost|p2a: Latias|spd|1
|
|upkeep
|turn|26
|
|t:|1779964926
|move|p1a: Let there be light|Dazzling Gleam|p2a: Latias
|-supereffective|p2a: Latias
|-damage|p2a: Latias|0 fnt
|faint|p2a: Latias
|
|upkeep
|
|t:|1779964934
|switch|p2a: Ceruledge|Ceruledge, M|100/100
|turn|27
|inactive|teckstecks has 90 seconds left.
|
|t:|1779964952
|move|p2a: Ceruledge|Shadow Sneak|p1a: Let there be light
|-damage|p1a: Let there be light|50/100
|move|p1a: Let there be light|Sludge Wave|p2a: Ceruledge
|-resisted|p2a: Ceruledge
|-damage|p2a: Ceruledge|59/100
|
|upkeep
|turn|28
|inactive|teckstecks has 90 seconds left.
|
|t:|1779964973
|-end|p1a: Let there be light|Quark Drive|[silent]
|switch|p1a: This mf|Clefable, F, shiny|100/100
|move|p2a: Ceruledge|Shadow Sneak|p1a: This mf
|-damage|p1a: This mf|74/100
|
|-heal|p1a: This mf|80/100|[from] item: Leftovers
|upkeep
|turn|29
|inactive|teckstecks has 90 seconds left.
|
|t:|1779964984
|switch|p2a: Scizor|Scizor, F|100/100
|move|p1a: This mf|Calm Mind|p1a: This mf
|-boost|p1a: This mf|spa|1
|-boost|p1a: This mf|spd|1
|
|-heal|p1a: This mf|87/100|[from] item: Leftovers
|upkeep
|turn|30
|inactive|Racceth has 120 seconds left.
|
|t:|1779965014
|move|p2a: Scizor|Aerial Ace|p1a: This mf
|-damage|p1a: This mf|54/100
|-damage|p2a: Scizor|91/100|[from] item: Life Orb
|move|p1a: This mf|Moonblast|p2a: Scizor
|-resisted|p2a: Scizor
|-damage|p2a: Scizor|54/100
|
|-heal|p1a: This mf|60/100|[from] item: Leftovers
|upkeep
|turn|31
|
|t:|1779965022
|move|p2a: Scizor|Bullet Punch|p1a: This mf
|-supereffective|p1a: This mf
|-damage|p1a: This mf|0 fnt
|faint|p1a: This mf
|-damage|p2a: Scizor|44/100|[from] item: Life Orb
|
|upkeep
|
|t:|1779965029
|switch|p1a: Let there be light|Iron Moth, shiny|50/100
|turn|32
|inactive|Racceth has 120 seconds left.
|
|t:|1779965035
|-end|p1a: Let there be light|Quark Drive|[silent]
|switch|p1a: Home Depot-mon|Conkeldurr, F, shiny|37/100 brn
|move|p2a: Scizor|Bullet Punch|p1a: Home Depot-mon
|-damage|p1a: Home Depot-mon|0 fnt
|faint|p1a: Home Depot-mon
|-damage|p2a: Scizor|34/100|[from] item: Life Orb
|
|upkeep
|inactive|Racceth has 120 seconds left.
|
|t:|1779965044
|switch|p1a: Let there be light|Iron Moth, shiny|50/100
|turn|33
|inactive|Racceth has 120 seconds left.
|inactive|teckstecks has 120 seconds left.
|
|t:|1779965064
|move|p2a: Scizor|Bullet Punch|p1a: Let there be light
|-resisted|p1a: Let there be light
|-damage|p1a: Let there be light|15/100
|-damage|p2a: Scizor|24/100|[from] item: Life Orb
|move|p1a: Let there be light|Fiery Dance|p2a: Scizor
|-supereffective|p2a: Scizor
|-damage|p2a: Scizor|0 fnt
|-boost|p1a: Let there be light|spa|1
|faint|p2a: Scizor
|
|upkeep
|
|t:|1779965073
|switch|p2a: Ceruledge|Ceruledge, M|59/100
|turn|34
|inactive|Racceth has 120 seconds left.
|inactive|teckstecks has 120 seconds left.
|
|t:|1779965083
|move|p2a: Ceruledge|Shadow Sneak|p1a: Let there be light
|-damage|p1a: Let there be light|0 fnt
|faint|p1a: Let there be light
|-end|p1a: Let there be light|Quark Drive|[silent]
|
|upkeep
|inactive|Racceth has 120 seconds left.
|
|t:|1779965096
|switch|p1a: Is a Turtle|Metagross, shiny|46/100 brn
|turn|35
|inactive|Racceth has 120 seconds left.
|
|t:|1779965103
|-terastallize|p1a: Is a Turtle|Dark
|move|p2a: Ceruledge|Shadow Sneak|p1a: Is a Turtle
|-resisted|p1a: Is a Turtle
|-damage|p1a: Is a Turtle|34/100 brn
|move|p1a: Is a Turtle|Knock Off|p2a: Ceruledge
|-supereffective|p2a: Ceruledge
|-damage|p2a: Ceruledge|0 fnt
|-enditem|p2a: Ceruledge|Choice Band|[from] move: Knock Off|[of] p1a: Is a Turtle
|faint|p2a: Ceruledge
|
|win|Racceth
|raw|Racceth's rating: 1085 &rarr; <strong>1112</strong><br />(+27 for winning)
|raw|teckstecks's rating: 1081 &rarr; <strong>1059</strong><br />(-22 for losing)
|l|☆Racceth
|player|p1|
