|j|☆WiiShopMusic
|j|☆im bingle
|t:|1779888007
|gametype|singles
|player|p1|WiiShopMusic|265|1268
|player|p2|im bingle|hexmaniac-gen6|1280
|gen|9
|tier|[Gen 9] OU
|rated|
|rule|HP Percentage Mod: HP is shown in percentages
|rule|Endless Battle Clause: Forcing endless battles is banned
|rule|Species Clause: Limit one of each Pokémon
|rule|OHKO Clause: OHKO moves are banned
|rule|Evasion Items Clause: Evasion items are banned
|rule|Evasion Moves Clause: Evasion moves are banned
|rule|Evasion Abilities Clause: Evasion abilities are banned
|rule|Sleep Moves Clause: Sleep-inducing moves are banned
|clearpoke
|poke|p1|Ninetales-Alola, F|
|poke|p1|Sandslash-Alola, F|
|poke|p1|Cetitan, F|
|poke|p1|Rabsca, M|
|poke|p1|Toxapex, M|
|poke|p1|Zapdos|
|poke|p2|Torterra, M|
|poke|p2|Alomomola, M|
|poke|p2|Skeledirge, F|
|poke|p2|Ogerpon-Wellspring, F|
|poke|p2|Tinkaton, F|
|poke|p2|Zapdos|
|teampreview
|inactive|Battle timer is ON: inactive players will automatically lose when time's up. (requested by im bingle)
|
|t:|1779888016
|teamsize|p1|6
|teamsize|p2|6
|start
|switch|p1a: Ninetales|Ninetales-Alola, F|100/100
|switch|p2a: Tinkaton|Tinkaton, F|100/100
|-weather|Snowscape|[from] ability: Snow Warning|[of] p1a: Ninetales
|turn|1
|
|t:|1779888025
|switch|p1a: Sandslash|Sandslash-Alola, F|100/100
|move|p2a: Tinkaton|Gigaton Hammer|p1a: Sandslash
|-damage|p1a: Sandslash|56/100
|
|-weather|Snowscape|[upkeep]
|upkeep
|turn|2
|
|t:|1779888034
|move|p1a: Sandslash|Earthquake|p2a: Tinkaton
|-supereffective|p2a: Tinkaton
|-damage|p2a: Tinkaton|21/100
|-enditem|p2a: Tinkaton|Sitrus Berry|[eat]
|-heal|p2a: Tinkaton|45/100|[from] item: Sitrus Berry
|-damage|p1a: Sandslash|46/100|[from] item: Life Orb
|move|p2a: Tinkaton|Swords Dance|p2a: Tinkaton
|-boost|p2a: Tinkaton|atk|2
|
|-weather|Snowscape|[upkeep]
|upkeep
|turn|3
|
|t:|1779888039
|move|p1a: Sandslash|Earthquake|p2a: Tinkaton
|-supereffective|p2a: Tinkaton
|-damage|p2a: Tinkaton|0 fnt
|faint|p2a: Tinkaton
|-damage|p1a: Sandslash|36/100|[from] item: Life Orb
|
|-weather|Snowscape|[upkeep]
|upkeep
|
|t:|1779888041
|switch|p2a: Zapdos|Zapdos|100/100
|turn|4
|
|t:|1779888045
|move|p1a: Sandslash|Ice Spinner|p2a: Zapdos
|-supereffective|p2a: Zapdos
|-damage|p2a: Zapdos|2/100
|-status|p1a: Sandslash|par|[from] ability: Static|[of] p2a: Zapdos
|-damage|p1a: Sandslash|26/100 par|[from] item: Life Orb
|move|p2a: Zapdos|Discharge|p1a: Sandslash
|-damage|p1a: Sandslash|0 fnt
|faint|p1a: Sandslash
|
|-weather|Snowscape|[upkeep]
|upkeep
|
|t:|1779888056
|switch|p1a: Zapdos|Zapdos|100/100
|turn|5
|
|t:|1779888067
|move|p1a: Zapdos|U-turn|p2a: Zapdos
|-resisted|p2a: Zapdos
|-damage|p2a: Zapdos|0 fnt
|faint|p2a: Zapdos
|
|t:|1779888073
|switch|p1a: Cetitan|Cetitan, F|100/100|[from] U-turn
|
|-weather|Snowscape|[upkeep]
|upkeep
|
|t:|1779888090
|switch|p2a: Skeledirge|Skeledirge, F|100/100
|turn|6
|
|t:|1779888109
|switch|p1a: Toxapex|Toxapex, M|100/100
|move|p2a: Skeledirge|Flame Charge|p1a: Toxapex
|-resisted|p1a: Toxapex
|-damage|p1a: Toxapex|97/100
|-boost|p2a: Skeledirge|spe|1
|-enditem|p1a: Toxapex|Eject Button
|
|t:|1779888127
|switch|p1a: Cetitan|Cetitan, F|100/100
|
|-weather|Snowscape|[upkeep]
|upkeep
|turn|7
|
|t:|1779888136
|-terastallize|p2a: Skeledirge|Fairy
|move|p1a: Cetitan|Earthquake|p2a: Skeledirge
|-damage|p2a: Skeledirge|67/100
|move|p2a: Skeledirge|Torch Song|p1a: Cetitan
|-supereffective|p1a: Cetitan
|-damage|p1a: Cetitan|20/100
|-boost|p2a: Skeledirge|spa|1
|-enditem|p1a: Cetitan|Sitrus Berry|[eat]
|-heal|p1a: Cetitan|45/100|[from] item: Sitrus Berry
|-enditem|p2a: Skeledirge|Throat Spray
|-boost|p2a: Skeledirge|spa|1|[from] item: Throat Spray
|
|-weather|Snowscape|[upkeep]
|upkeep
|turn|8
|
|t:|1779888146
|move|p1a: Cetitan|Ice Spinner|p2a: Skeledirge
|-damage|p2a: Skeledirge|30/100
|move|p2a: Skeledirge|Torch Song|p1a: Cetitan
|-supereffective|p1a: Cetitan
|-damage|p1a: Cetitan|0 fnt
|-boost|p2a: Skeledirge|spa|1
|faint|p1a: Cetitan
|
|-weather|none
|upkeep
|
|t:|1779888156
|switch|p1a: Toxapex|Toxapex, M|100/100
|turn|9
|
|t:|1779888159
|move|p2a: Skeledirge|Shadow Ball|p1a: Toxapex
|-damage|p1a: Toxapex|27/100
|-unboost|p1a: Toxapex|spd|1
|move|p1a: Toxapex|Haze|p1a: Toxapex
|-clearallboost
|
|upkeep
|turn|10
|
|t:|1779888166
|switch|p1a: Zapdos|Zapdos|100/100
|move|p2a: Skeledirge|Flame Charge|p1a: Zapdos
|-damage|p1a: Zapdos|85/100
|-boost|p2a: Skeledirge|spe|1
|
|upkeep
|turn|11
|
|t:|1779888171
|move|p2a: Skeledirge|Torch Song|p1a: Zapdos
|-damage|p1a: Zapdos|39/100
|-boost|p2a: Skeledirge|spa|1
|move|p1a: Zapdos|Thunderbolt|p2a: Skeledirge
|-damage|p2a: Skeledirge|0 fnt
|faint|p2a: Skeledirge
|
|upkeep
|
|t:|1779888178
|switch|p2a: Ogerpon|Ogerpon-Wellspring, F|100/100
|turn|12
|
|t:|1779888183
|move|p2a: Ogerpon|Ivy Cudgel|p1a: Zapdos|[anim] Ivy Cudgel Water
|-damage|p1a: Zapdos|0 fnt
|faint|p1a: Zapdos
|
|upkeep
|
|t:|1779888193
|switch|p1a: Ninetales|Ninetales-Alola, F|100/100
|-weather|Snowscape|[from] ability: Snow Warning|[of] p1a: Ninetales
|turn|13
|
|t:|1779888215
|move|p2a: Ogerpon|Ivy Cudgel|p1a: Ninetales|[anim] Ivy Cudgel Water
|-damage|p1a: Ninetales|41/100
|move|p1a: Ninetales|Aurora Veil|p1a: Ninetales
|-sidestart|p1: WiiShopMusic|move: Aurora Veil
|
|-weather|Snowscape|[upkeep]
|upkeep
|turn|14
|
|t:|1779888224
|switch|p1a: Rabsca|Rabsca, M|100/100
|move|p2a: Ogerpon|Ivy Cudgel|p1a: Rabsca|[anim] Ivy Cudgel Water
|-damage|p1a: Rabsca|66/100
|
|-weather|Snowscape|[upkeep]
|upkeep
|turn|15
|
|t:|1779888227
|move|p2a: Ogerpon|Knock Off|p1a: Rabsca
|-supereffective|p1a: Rabsca
|-damage|p1a: Rabsca|26/100
|-enditem|p1a: Rabsca|Leppa Berry|[from] move: Knock Off|[of] p2a: Ogerpon
|move|p1a: Rabsca|Revival Blessing|p1a: Rabsca
|
|t:|1779888236
|-heal|p1: Cetitan|50/100|[from] move: Revival Blessing
|
|-weather|Snowscape|[upkeep]
|upkeep
|turn|16
|
|t:|1779888265
|switch|p2a: Alomomola|Alomomola, M|100/100
|move|p1a: Rabsca|Memento|p2a: Alomomola
|-unboost|p2a: Alomomola|atk|2
|-unboost|p2a: Alomomola|spa|2
|faint|p1a: Rabsca
|
|-weather|Snowscape|[upkeep]
|upkeep
|
|t:|1779888271
|switch|p1a: Cetitan|Cetitan, F|50/100
|turn|17
|
|t:|1779888280
|move|p1a: Cetitan|Earthquake|p2a: Alomomola
|-damage|p2a: Alomomola|79/100
|move|p2a: Alomomola|Flip Turn|p1a: Cetitan
|-damage|p1a: Cetitan|47/100
|
|t:|1779888287
|switch|p2a: Ogerpon|Ogerpon-Wellspring, F|100/100|[from] Flip Turn
|
|-weather|Snowscape|[upkeep]
|-sideend|p1: WiiShopMusic|move: Aurora Veil
|upkeep
|turn|18
|
|t:|1779888294
|move|p1a: Cetitan|Ice Spinner|p2a: Ogerpon
|-damage|p2a: Ogerpon|41/100
|move|p2a: Ogerpon|Grassy Terrain|p2a: Ogerpon
|-fieldstart|move: Grassy Terrain
|
|-weather|Snowscape|[upkeep]
|-heal|p1a: Cetitan|53/100|[from] Grassy Terrain
|-heal|p2a: Ogerpon|47/100|[from] Grassy Terrain
|upkeep
|turn|19
|
|t:|1779888299
|move|p1a: Cetitan|Ice Spinner|p2a: Ogerpon
|-damage|p2a: Ogerpon|0 fnt
|-fieldend|move: Grassy Terrain
|faint|p2a: Ogerpon
|
|-weather|Snowscape|[upkeep]
|upkeep
|c|☆im bingle|ooh i forgot that happens
|
|t:|1779888314
|switch|p2a: Alomomola|Alomomola, M|100/100
|turn|20
|
|t:|1779888322
|move|p1a: Cetitan|Earthquake|p2a: Alomomola
|-damage|p2a: Alomomola|78/100
|move|p2a: Alomomola|Flip Turn|p1a: Cetitan
|-damage|p1a: Cetitan|41/100
|
|t:|1779888324
|switch|p2a: Torterra|Torterra, M|100/100|[from] Flip Turn
|
|-weather|none
|upkeep
|turn|21
|c|☆im bingle|poor torterra
|
|t:|1779888335
|move|p1a: Cetitan|Ice Spinner|p2a: Torterra
|-supereffective|p2a: Torterra
|-damage|p2a: Torterra|0 fnt
|faint|p2a: Torterra
|
|upkeep
|
|t:|1779888338
|switch|p2a: Alomomola|Alomomola, M|100/100
|turn|22
|
|t:|1779888343
|move|p1a: Cetitan|Earthquake|p2a: Alomomola
|-damage|p2a: Alomomola|79/100
|move|p2a: Alomomola|Flip Turn|p1a: Cetitan
|-damage|p1a: Cetitan|22/100
|
|upkeep
|turn|23
|
|t:|1779888346
|move|p1a: Cetitan|Earthquake|p2a: Alomomola
|-damage|p2a: Alomomola|57/100
|move|p2a: Alomomola|Flip Turn|p1a: Cetitan
|-damage|p1a: Cetitan|1/100
|
|upkeep
|turn|24
|
|t:|1779888348
|move|p2a: Alomomola|Aqua Jet|p1a: Cetitan
|-damage|p1a: Cetitan|0 fnt
|faint|p1a: Cetitan
|
|upkeep
|
|t:|1779888353
|switch|p1a: Ninetales|Ninetales-Alola, F|41/100
|-weather|Snowscape|[from] ability: Snow Warning|[of] p1a: Ninetales
|turn|25
|
|t:|1779888357
|move|p1a: Ninetales|Moonblast|p2a: Alomomola
|-damage|p2a: Alomomola|30/100
|-unboost|p2a: Alomomola|spa|1
|move|p2a: Alomomola|Mirror Coat|p1a: Ninetales
|-damage|p1a: Ninetales|0 fnt
|faint|p1a: Ninetales
|
|-weather|Snowscape|[upkeep]
|upkeep
|
|t:|1779888360
|switch|p1a: Toxapex|Toxapex, M|60/100
|turn|26
|
|t:|1779888364
|move|p2a: Alomomola|Giga Impact|p1a: Toxapex
|-damage|p1a: Toxapex|43/100
|-mustrecharge|p2a: Alomomola
|move|p1a: Toxapex|Recover|p1a: Toxapex
|-heal|p1a: Toxapex|93/100
|
|-weather|Snowscape|[upkeep]
|upkeep
|turn|27
|
|t:|1779888368
|cant|p2a: Alomomola|recharge
|move|p1a: Toxapex|Toxic|p2a: Alomomola
|-status|p2a: Alomomola|tox
|
|-weather|Snowscape|[upkeep]
|-damage|p2a: Alomomola|24/100 tox|[from] psn
|upkeep
|turn|28
|c|☆im bingle|gg
|-message|im bingle forfeited.
|
|win|WiiShopMusic
|raw|WiiShopMusic's rating: 1268 &rarr; <strong>1294</strong><br />(+26 for winning)
|raw|im bingle's rating: 1280 &rarr; <strong>1254</strong><br />(-26 for losing)
|c|☆WiiShopMusic|gg
|l|☆im bingle
|player|p2|
|l|☆WiiShopMusic
|player|p1|
