|j|☆LT02
|j|☆thepokepersonthing
|t:|1779967361
|gametype|singles
|player|p1|LT02|266|1378
|player|p2|thepokepersonthing|miku-ghost|1393
|gen|9
|tier|[Gen 9] OU
|rated|
|rule|HP Percentage Mod: HP is shown in percentages
|rule|Endless Battle Clause: Forcing endless battles is banned
|rule|Species Clause: Limit one of each Pokémon
|rule|OHKO Clause: OHKO moves are banned
|rule|Evasion Items Clause: Evasion items are banned
|rule|Evasion Moves Clause: Evasion moves are banned
|rule|Evasion Abilities Clause: Evasion abilities are banned
|rule|Sleep Moves Clause: Sleep-inducing moves are banned
|clearpoke
|poke|p1|Porygon-Z|
|poke|p1|Zapdos|
|poke|p1|Slowking-Galar, F|
|poke|p1|Ting-Lu|
|poke|p1|Great Tusk|
|poke|p1|Corviknight, F|
|poke|p2|Rillaboom, M|
|poke|p2|Latios, M|
|poke|p2|Alomomola, F|
|poke|p2|Pecharunt|
|poke|p2|Clodsire, F|
|poke|p2|Corviknight, F|
|teampreview
|inactive|Battle timer is ON: inactive players will automatically lose when time's up. (requested by LT02)
|j| lord shiddenfards
|
|t:|1779967373
|teamsize|p1|6
|teamsize|p2|6
|start
|switch|p1a: Porygon-Z|Porygon-Z|100/100
|switch|p2a: monke|Rillaboom, M|100/100
|-ability|p1a: Porygon-Z|Download|boost
|-boost|p1a: Porygon-Z|spa|1
|-fieldstart|move: Grassy Terrain|[from] ability: Grassy Surge|[of] p2a: monke
|turn|1
|
|t:|1779967381
|switch|p2a: blobby|Clodsire, F|100/100
|move|p1a: Porygon-Z|Ice Beam|p2a: blobby
|-supereffective|p2a: blobby
|-damage|p2a: blobby|53/100
|
|-heal|p2a: blobby|59/100|[from] Grassy Terrain
|upkeep
|turn|2
|
|t:|1779967387
|move|p1a: Porygon-Z|Ice Beam|p2a: blobby
|-supereffective|p2a: blobby
|-damage|p2a: blobby|8/100
|move|p2a: blobby|Recover|p2a: blobby
|-heal|p2a: blobby|59/100
|
|-heal|p2a: blobby|65/100|[from] Grassy Terrain
|upkeep
|turn|3
|
|t:|1779967401
|switch|p2a: Crazy Diamond|Alomomola, F|100/100
|move|p1a: Porygon-Z|Ice Beam|p2a: Crazy Diamond
|-resisted|p2a: Crazy Diamond
|-damage|p2a: Crazy Diamond|82/100
|
|-heal|p2a: Crazy Diamond|89/100|[from] Grassy Terrain
|upkeep
|turn|4
|
|t:|1779967408
|switch|p1a: Zapdos|Zapdos|100/100
|move|p2a: Crazy Diamond|Mirror Coat||[still]
|-fail|p2a: Crazy Diamond
|
|-heal|p2a: Crazy Diamond|95/100|[from] Grassy Terrain
|upkeep
|turn|5
|
|t:|1779967413
|move|p1a: Zapdos|Volt Switch|p2a: Crazy Diamond
|-supereffective|p2a: Crazy Diamond
|-damage|p2a: Crazy Diamond|67/100
|
|t:|1779967415
|switch|p1a: Ting-Lu|Ting-Lu|100/100|[from] Volt Switch
|-ability|p1a: Ting-Lu|Vessel of Ruin
|move|p2a: Crazy Diamond|Mirror Coat|p1a: Ting-Lu
|-immune|p1a: Ting-Lu
|
|-heal|p2a: Crazy Diamond|73/100|[from] Grassy Terrain
|-fieldend|move: Grassy Terrain
|upkeep
|turn|6
|
|t:|1779967420
|switch|p1a: Slowking|Slowking-Galar, F|100/100
|move|p2a: Crazy Diamond|Scald|p1a: Slowking
|-damage|p1a: Slowking|93/100
|
|upkeep
|turn|7
|
|t:|1779967422
|move|p2a: Crazy Diamond|Flip Turn|p1a: Slowking
|-damage|p1a: Slowking|77/100
|
|t:|1779967434
|switch|p2a: blobby|Clodsire, F|65/100|[from] Flip Turn
|-prepare|p1a: Slowking|Chilly Reception|[premajor]
|move|p1a: Slowking|Chilly Reception|p1a: Slowking
|-weather|Snowscape
|
|t:|1779967439
|switch|p1a: Great Tusk|Great Tusk|100/100|[from] Chilly Reception
|
|-weather|Snowscape|[upkeep]
|upkeep
|turn|8
|
|t:|1779967442
|switch|p2a: skarm impostor|Corviknight, F, shiny|100/100
|-ability|p2a: skarm impostor|Pressure
|move|p1a: Great Tusk|Knock Off|p2a: skarm impostor
|-damage|p2a: skarm impostor|82/100
|-damage|p1a: Great Tusk|84/100|[from] item: Rocky Helmet|[of] p2a: skarm impostor
|-enditem|p2a: skarm impostor|Rocky Helmet|[from] move: Knock Off|[of] p1a: Great Tusk
|
|-weather|Snowscape|[upkeep]
|upkeep
|turn|9
|
|t:|1779967448
|-end|p1a: Great Tusk|Protosynthesis|[silent]
|switch|p1a: Zapdos|Zapdos|100/100
|move|p2a: skarm impostor|U-turn|p1a: Zapdos
|-resisted|p1a: Zapdos
|-damage|p1a: Zapdos|95/100
|
|t:|1779967454
|switch|p2a: F-35 Lightning II|Latios, M, shiny|100/100|[from] U-turn
|
|-weather|Snowscape|[upkeep]
|-heal|p1a: Zapdos|100/100|[from] item: Leftovers
|upkeep
|turn|10
|
|t:|1779967465
|switch|p1a: Ting-Lu|Ting-Lu|100/100
|-ability|p1a: Ting-Lu|Vessel of Ruin
|move|p2a: F-35 Lightning II|Draco Meteor|p1a: Ting-Lu
|-damage|p1a: Ting-Lu|59/100
|-unboost|p2a: F-35 Lightning II|spa|2
|
|-weather|Snowscape|[upkeep]
|-heal|p1a: Ting-Lu|66/100|[from] item: Leftovers
|upkeep
|turn|11
|
|t:|1779967475
|switch|p2a: skarm impostor|Corviknight, F, shiny|82/100
|-ability|p2a: skarm impostor|Pressure
|move|p1a: Ting-Lu|Ruination|p2a: skarm impostor
|-damage|p2a: skarm impostor|42/100
|
|-weather|none
|-heal|p1a: Ting-Lu|72/100|[from] item: Leftovers
|upkeep
|turn|12
|
|t:|1779967482
|switch|p1a: Zapdos|Zapdos|100/100
|move|p2a: skarm impostor|Roost|p2a: skarm impostor
|-heal|p2a: skarm impostor|92/100
|-singleturn|p2a: skarm impostor|move: Roost
|
|upkeep
|turn|13
|
|t:|1779967485
|switch|p2a: blobby|Clodsire, F|65/100
|move|p1a: Zapdos|Volt Switch|p2a: blobby
|-immune|p2a: blobby
|
|upkeep
|turn|14
|
|t:|1779967489
|switch|p1a: Corviknight|Corviknight, F|100/100
|-ability|p1a: Corviknight|Pressure
|move|p2a: blobby|Recover|p2a: blobby
|-heal|p2a: blobby|100/100
|
|upkeep
|turn|15
|
|t:|1779967499
|switch|p2a: skarm impostor|Corviknight, F, shiny|92/100
|-ability|p2a: skarm impostor|Pressure
|move|p1a: Corviknight|U-turn|p2a: skarm impostor
|-resisted|p2a: skarm impostor
|-damage|p2a: skarm impostor|89/100
|
|t:|1779967502
|switch|p1a: Porygon-Z|Porygon-Z|100/100|[from] U-turn
|-ability|p1a: Porygon-Z|Download|boost
|-boost|p1a: Porygon-Z|spa|1
|
|upkeep
|turn|16
|
|t:|1779967509
|switch|p2a: Crazy Diamond|Alomomola, F|100/100
|move|p1a: Porygon-Z|Shadow Ball|p2a: Crazy Diamond
|-damage|p2a: Crazy Diamond|68/100
|
|upkeep
|turn|17
|
|t:|1779967518
|switch|p1a: Slowking|Slowking-Galar, F|100/100
|move|p2a: Crazy Diamond|Flip Turn|p1a: Slowking
|-damage|p1a: Slowking|83/100
|
|t:|1779967527
|switch|p2a: monke|Rillaboom, M|100/100|[from] Flip Turn
|-fieldstart|move: Grassy Terrain|[from] ability: Grassy Surge|[of] p2a: monke
|
|-heal|p1a: Slowking|90/100|[from] Grassy Terrain
|upkeep
|turn|18
|
|t:|1779967538
|switch|p1a: Corviknight|Corviknight, F|100/100
|-ability|p1a: Corviknight|Pressure
|move|p2a: monke|Knock Off|p1a: Corviknight
|-damage|p1a: Corviknight|70/100
|-damage|p2a: monke|84/100|[from] item: Rocky Helmet|[of] p1a: Corviknight
|-enditem|p1a: Corviknight|Rocky Helmet|[from] move: Knock Off|[of] p2a: monke
|
|-heal|p2a: monke|90/100|[from] Grassy Terrain
|upkeep
|turn|19
|
|t:|1779967550
|switch|p2a: skarm impostor|Corviknight, F, shiny|89/100
|-ability|p2a: skarm impostor|Pressure
|move|p1a: Corviknight|U-turn|p2a: skarm impostor
|-resisted|p2a: skarm impostor
|-damage|p2a: skarm impostor|87/100
|
|t:|1779967553
|switch|p1a: Porygon-Z|Porygon-Z|100/100|[from] U-turn
|-ability|p1a: Porygon-Z|Download|boost
|-boost|p1a: Porygon-Z|spa|1
|
|upkeep
|turn|20
|
|t:|1779967557
|switch|p2a: Crazy Diamond|Alomomola, F|100/100
|move|p1a: Porygon-Z|Tri Attack|p2a: Crazy Diamond
|-damage|p2a: Crazy Diamond|55/100
|
|-heal|p2a: Crazy Diamond|62/100|[from] Grassy Terrain
|upkeep
|turn|21
|
|t:|1779967565
|switch|p1a: Zapdos|Zapdos|100/100
|move|p2a: Crazy Diamond|Flip Turn|p1a: Zapdos
|-damage|p1a: Zapdos|88/100
|
|t:|1779967571
|switch|p2a: F-35 Lightning II|Latios, M, shiny|100/100|[from] Flip Turn
|
|-heal|p1a: Zapdos|94/100|[from] item: Leftovers
|-fieldend|move: Grassy Terrain
|upkeep
|turn|22
|
|t:|1779967577
|switch|p1a: Corviknight|Corviknight, F|70/100
|-ability|p1a: Corviknight|Pressure
|-terastallize|p2a: F-35 Lightning II|Dragon
|move|p2a: F-35 Lightning II|Draco Meteor|p1a: Corviknight
|-resisted|p1a: Corviknight
|-damage|p1a: Corviknight|1/100
|-unboost|p2a: F-35 Lightning II|spa|2
|
|upkeep
|turn|23
|
|t:|1779967587
|switch|p2a: monke|Rillaboom, M|90/100
|-fieldstart|move: Grassy Terrain|[from] ability: Grassy Surge|[of] p2a: monke
|switch|p1a: Slowking|Slowking-Galar, F|100/100
|
|-heal|p2a: monke|96/100|[from] Grassy Terrain
|upkeep
|turn|24
|
|t:|1779967595
|switch|p1a: Corviknight|Corviknight, F|1/100
|-ability|p1a: Corviknight|Pressure
|move|p2a: monke|Knock Off|p1a: Corviknight
|-damage|p1a: Corviknight|0 fnt
|faint|p1a: Corviknight
|
|-heal|p2a: monke|100/100|[from] Grassy Terrain
|upkeep
|
|t:|1779967603
|switch|p1a: Porygon-Z|Porygon-Z|100/100
|-ability|p1a: Porygon-Z|Download|boost
|-boost|p1a: Porygon-Z|spa|1
|turn|25
|
|t:|1779967607
|switch|p2a: Crazy Diamond|Alomomola, F|95/100
|move|p1a: Porygon-Z|Shadow Ball|p2a: Crazy Diamond
|-damage|p2a: Crazy Diamond|62/100
|
|-heal|p2a: Crazy Diamond|68/100|[from] Grassy Terrain
|upkeep
|turn|26
|
|t:|1779967612
|move|p1a: Porygon-Z|Shadow Ball|p2a: Crazy Diamond
|-damage|p2a: Crazy Diamond|40/100
|move|p2a: Crazy Diamond|Flip Turn|p1a: Porygon-Z
|-damage|p1a: Porygon-Z|78/100
|
|t:|1779967627
|switch|p2a: monke|Rillaboom, M|100/100|[from] Flip Turn
|
|-heal|p1a: Porygon-Z|84/100|[from] Grassy Terrain
|upkeep
|turn|27
|
|t:|1779967632
|switch|p1a: Zapdos|Zapdos|94/100
|move|p2a: monke|Grassy Glide|p1a: Zapdos
|-resisted|p1a: Zapdos
|-damage|p1a: Zapdos|71/100
|
|-heal|p1a: Zapdos|77/100|[from] item: Leftovers
|-fieldend|move: Grassy Terrain
|upkeep
|turn|28
|
|t:|1779967641
|switch|p2a: blobby|Clodsire, F|100/100
|move|p1a: Zapdos|Hurricane|p2a: blobby|[miss]
|-miss|p1a: Zapdos|p2a: blobby
|
|-heal|p1a: Zapdos|83/100|[from] item: Leftovers
|upkeep
|turn|29
|
|t:|1779967648
|switch|p1a: Great Tusk|Great Tusk|84/100
|move|p2a: blobby|Stealth Rock|p1a: Great Tusk
|-sidestart|p1: LT02|move: Stealth Rock
|
|upkeep
|turn|30
|
|t:|1779967671
|switch|p2a: skarm impostor|Corviknight, F, shiny|87/100
|-ability|p2a: skarm impostor|Pressure
|move|p1a: Great Tusk|Knock Off|p2a: skarm impostor
|-damage|p2a: skarm impostor|75/100
|
|upkeep
|turn|31
|
|t:|1779967676
|-end|p1a: Great Tusk|Protosynthesis|[silent]
|switch|p1a: Zapdos|Zapdos|83/100
|-damage|p1a: Zapdos|58/100|[from] Stealth Rock
|move|p2a: skarm impostor|U-turn|p1a: Zapdos
|-resisted|p1a: Zapdos
|-damage|p1a: Zapdos|53/100
|-status|p2a: skarm impostor|par|[from] ability: Static|[of] p1a: Zapdos
|
|t:|1779967680
|switch|p2a: F-35 Lightning II|Latios, M, shiny, tera:Dragon|100/100|[from] U-turn
|
|-heal|p1a: Zapdos|59/100|[from] item: Leftovers
|upkeep
|turn|32
|
|t:|1779967686
|-terastallize|p1a: Zapdos|Steel
|move|p2a: F-35 Lightning II|Draco Meteor|p1a: Zapdos
|-resisted|p1a: Zapdos
|-damage|p1a: Zapdos|0 fnt
|-unboost|p2a: F-35 Lightning II|spa|2
|faint|p1a: Zapdos
|
|upkeep
|
|t:|1779967692
|switch|p1a: Great Tusk|Great Tusk|84/100
|-damage|p1a: Great Tusk|81/100|[from] Stealth Rock
|turn|33
|
|t:|1779967698
|switch|p2a: skarm impostor|Corviknight, F, shiny|75/100 par
|-ability|p2a: skarm impostor|Pressure
|move|p1a: Great Tusk|Knock Off|p2a: skarm impostor
|-damage|p2a: skarm impostor|62/100 par
|
|upkeep
|turn|34
|-message|LT02 forfeited.
|
|win|thepokepersonthing
|raw|LT02's rating: 1378 &rarr; <strong>1359</strong><br />(-19 for losing)
|raw|thepokepersonthing's rating: 1393 &rarr; <strong>1412</strong><br />(+19 for winning)
|l|☆LT02
|player|p1|
|l| lord shiddenfards
|l|☆thepokepersonthing
|player|p2|
