|j|☆Team10thPlanett
|j|☆qways
|t:|1779872969
|gametype|singles
|player|p1|Team10thPlanett|veteran|1652
|player|p2|qways|170|1709
|gen|9
|tier|[Gen 9] OU
|rated|
|rule|HP Percentage Mod: HP is shown in percentages
|rule|Endless Battle Clause: Forcing endless battles is banned
|rule|Species Clause: Limit one of each Pokémon
|rule|OHKO Clause: OHKO moves are banned
|rule|Evasion Items Clause: Evasion items are banned
|rule|Evasion Moves Clause: Evasion moves are banned
|rule|Evasion Abilities Clause: Evasion abilities are banned
|rule|Sleep Moves Clause: Sleep-inducing moves are banned
|clearpoke
|poke|p1|Zamazenta-*|
|poke|p1|Dragonite, M|
|poke|p1|Araquanid, M|
|poke|p1|Iron Treads|
|poke|p1|Raikou|
|poke|p1|Glimmora, F|
|poke|p2|Kyurem|
|poke|p2|Slowking-Galar, M|
|poke|p2|Great Tusk|
|poke|p2|Cinderace, F|
|poke|p2|Kingambit, M|
|poke|p2|Zapdos|
|teampreview
|
|t:|1779872979
|teamsize|p1|6
|teamsize|p2|6
|start
|switch|p1a: Diego ⚡️|Raikou|100/100
|switch|p2a: Slowking|Slowking-Galar, M|100/100
|-ability|p1a: Diego ⚡️|Pressure
|turn|1
|
|t:|1779872987
|move|p1a: Diego ⚡️|Volt Switch|p2a: Slowking
|-damage|p2a: Slowking|69/100
|
|t:|1779872997
|switch|p1a: Iron Treads|Iron Treads|100/100|[from] Volt Switch
|-enditem|p1a: Iron Treads|Booster Energy
|-activate|p1a: Iron Treads|ability: Quark Drive|[fromitem]
|-start|p1a: Iron Treads|quarkdrivespe
|move|p2a: Slowking|Future Sight|p1a: Iron Treads
|-start|p2a: Slowking|move: Future Sight
|
|upkeep
|turn|2
|
|t:|1779873005
|switch|p2a: Zapdos|Zapdos|100/100
|move|p1a: Iron Treads|Knock Off|p2a: Zapdos
|-damage|p2a: Zapdos|80/100
|-damage|p1a: Iron Treads|84/100|[from] item: Rocky Helmet|[of] p2a: Zapdos
|-enditem|p2a: Zapdos|Rocky Helmet|[from] move: Knock Off|[of] p1a: Iron Treads
|
|upkeep
|turn|3
|
|t:|1779873022
|move|p1a: Iron Treads|Earthquake|p2a: Zapdos
|-immune|p2a: Zapdos
|move|p2a: Zapdos|Hurricane|p1a: Iron Treads
|-resisted|p1a: Iron Treads
|-damage|p1a: Iron Treads|53/100
|
|-end|p1a: Iron Treads|move: Future Sight
|-resisted|p1a: Iron Treads
|-damage|p1a: Iron Treads|21/100
|upkeep
|turn|4
|
|t:|1779873032
|move|p1a: Iron Treads|Endeavor|p2a: Zapdos
|-damage|p2a: Zapdos|18/100
|move|p2a: Zapdos|Hurricane|p1a: Iron Treads|[miss]
|-miss|p2a: Zapdos|p1a: Iron Treads
|
|upkeep
|turn|5
|inactive|Battle timer is ON: inactive players will automatically lose when time's up. (requested by qways)
|
|t:|1779873040
|move|p1a: Iron Treads|Knock Off|p2a: Zapdos
|-damage|p2a: Zapdos|4/100
|-status|p1a: Iron Treads|par|[from] ability: Static|[of] p2a: Zapdos
|move|p2a: Zapdos|Roost|p2a: Zapdos
|-heal|p2a: Zapdos|54/100
|-singleturn|p2a: Zapdos|move: Roost
|
|upkeep
|turn|6
|
|t:|1779873050
|move|p1a: Iron Treads|Endeavor|p2a: Zapdos
|-damage|p2a: Zapdos|18/100
|move|p2a: Zapdos|Hurricane|p1a: Iron Treads
|-resisted|p1a: Iron Treads
|-damage|p1a: Iron Treads|0 fnt
|faint|p1a: Iron Treads
|-end|p1a: Iron Treads|Quark Drive|[silent]
|
|upkeep
|
|t:|1779873059
|switch|p1a: Diego ⚡️|Raikou|100/100
|-ability|p1a: Diego ⚡️|Pressure
|turn|7
|
|t:|1779873066
|switch|p2a: Slowking|Slowking-Galar, M|100/100
|move|p1a: Diego ⚡️|Scald|p2a: Slowking
|-damage|p2a: Slowking|76/100
|
|upkeep
|turn|8
|
|t:|1779873075
|switch|p1a: Johnny Tsunami 🌊|Araquanid, M|100/100
|move|p2a: Slowking|Future Sight|p1a: Johnny Tsunami 🌊
|-start|p2a: Slowking|move: Future Sight
|
|upkeep
|turn|9
|
|t:|1779873081
|move|p1a: Johnny Tsunami 🌊|Surf|p2a: Slowking
|-damage|p2a: Slowking|46/100
|-prepare|p2a: Slowking|Chilly Reception|[premajor]
|move|p2a: Slowking|Chilly Reception|p2a: Slowking
|-weather|Snowscape
|
|t:|1779873084
|switch|p2a: Zapdos|Zapdos|18/100|[from] Chilly Reception
|
|-weather|Snowscape|[upkeep]
|upkeep
|turn|10
|
|t:|1779873100
|switch|p1a: Diego ⚡️|Raikou|100/100
|-ability|p1a: Diego ⚡️|Pressure
|move|p2a: Zapdos|Volt Switch|p1a: Diego ⚡️
|-resisted|p1a: Diego ⚡️
|-damage|p1a: Diego ⚡️|84/100
|
|t:|1779873105
|switch|p2a: Slowking|Slowking-Galar, M|79/100|[from] Volt Switch
|
|-weather|Snowscape|[upkeep]
|-end|p1a: Diego ⚡️|move: Future Sight
|-damage|p1a: Diego ⚡️|35/100
|upkeep
|turn|11
|
|t:|1779873115
|-terastallize|p1a: Diego ⚡️|Electric
|move|p1a: Diego ⚡️|Thunderbolt|p2a: Slowking
|-damage|p2a: Slowking|29/100
|move|p2a: Slowking|Future Sight|p1a: Diego ⚡️
|-start|p2a: Slowking|move: Future Sight
|
|-weather|Snowscape|[upkeep]
|upkeep
|turn|12
|
|t:|1779873123
|switch|p2a: Great Tusk|Great Tusk|100/100
|move|p1a: Diego ⚡️|Thunderbolt|p2a: Great Tusk
|-immune|p2a: Great Tusk
|
|-weather|Snowscape|[upkeep]
|upkeep
|turn|13
|
|t:|1779873134
|switch|p1a: Johnny Tsunami 🌊|Araquanid, M|100/100
|-end|p2a: Great Tusk|Protosynthesis|[silent]
|switch|p2a: Slowking|Slowking-Galar, M|62/100
|
|-weather|none
|-end|p1a: Johnny Tsunami 🌊|move: Future Sight
|-damage|p1a: Johnny Tsunami 🌊|64/100
|upkeep
|turn|14
|
|t:|1779873152
|switch|p2a: Kyurem|Kyurem|100/100
|-ability|p2a: Kyurem|Pressure
|move|p1a: Johnny Tsunami 🌊|Surf|p2a: Kyurem
|-resisted|p2a: Kyurem
|-damage|p2a: Kyurem|75/100
|
|-heal|p2a: Kyurem|81/100|[from] item: Leftovers
|upkeep
|turn|15
|
|t:|1779873162
|move|p1a: Johnny Tsunami 🌊|Endure|p1a: Johnny Tsunami 🌊
|-singleturn|p1a: Johnny Tsunami 🌊|move: Endure
|move|p2a: Kyurem|Substitute|p2a: Kyurem
|-start|p2a: Kyurem|Substitute
|-damage|p2a: Kyurem|56/100
|
|-heal|p2a: Kyurem|62/100|[from] item: Leftovers
|upkeep
|turn|16
|
|t:|1779873171
|move|p2a: Kyurem|Freeze-Dry|p1a: Johnny Tsunami 🌊
|-supereffective|p1a: Johnny Tsunami 🌊
|-damage|p1a: Johnny Tsunami 🌊|10/100
|move|p1a: Johnny Tsunami 🌊|Surf|p2a: Kyurem
|-resisted|p2a: Kyurem
|-activate|p2a: Kyurem|move: Substitute|[damage]
|
|-heal|p2a: Kyurem|68/100|[from] item: Leftovers
|upkeep
|turn|17
|
|t:|1779873183
|switch|p1a: Diego ⚡️|Raikou, tera:Electric|35/100
|-ability|p1a: Diego ⚡️|Pressure
|move|p2a: Kyurem|Freeze-Dry|p1a: Diego ⚡️
|-damage|p1a: Diego ⚡️|0 fnt
|faint|p1a: Diego ⚡️
|
|-heal|p2a: Kyurem|74/100|[from] item: Leftovers
|upkeep
|
|t:|1779873199
|switch|p1a: Glimmora|Glimmora, F|100/100
|turn|18
|
|t:|1779873205
|move|p1a: Glimmora|Power Gem|p2a: Kyurem
|-supereffective|p2a: Kyurem
|-end|p2a: Kyurem|Substitute
|move|p2a: Kyurem|Earth Power|p1a: Glimmora
|-supereffective|p1a: Glimmora
|-damage|p1a: Glimmora|0 fnt
|faint|p1a: Glimmora
|
|-heal|p2a: Kyurem|80/100|[from] item: Leftovers
|upkeep
|inactive|Team10thPlanett has 120 seconds left.
|inactive|Team10thPlanett has 90 seconds left.
|inactive|Team10thPlanett has 60 seconds left.
|j| ibibi57
|
|t:|1779873296
|switch|p1a: Zamazenta|Zamazenta|100/100
|-ability|p1a: Zamazenta|Dauntless Shield|boost
|-boost|p1a: Zamazenta|def|1
|turn|19
|
|t:|1779873317
|switch|p2a: Slowking|Slowking-Galar, M|96/100
|move|p1a: Zamazenta|Close Combat|p2a: Slowking
|-resisted|p2a: Slowking
|-damage|p2a: Slowking|73/100
|-unboost|p1a: Zamazenta|def|1
|-unboost|p1a: Zamazenta|spd|1
|
|upkeep
|turn|20
|inactive|Team10thPlanett has 60 seconds left.
|
|t:|1779873326
|switch|p1a: Fat Boy|Dragonite, M, shiny|100/100
|move|p2a: Slowking|Toxic|p1a: Fat Boy
|-status|p1a: Fat Boy|tox
|
|-damage|p1a: Fat Boy|94/100 tox|[from] psn
|upkeep
|turn|21
|inactive|Team10thPlanett has 60 seconds left.
|
|t:|1779873348
|switch|p2a: Great Tusk|Great Tusk|100/100
|move|p1a: Fat Boy|Outrage|p2a: Great Tusk
|-damage|p2a: Great Tusk|45/100
|
|-heal|p2a: Great Tusk|51/100|[from] item: Leftovers
|-damage|p1a: Fat Boy|82/100 tox|[from] psn
|upkeep
|turn|22
|
|t:|1779873358
|-end|p2a: Great Tusk|Protosynthesis|[silent]
|switch|p2a: Kingambit|Kingambit, M|100/100
|move|p1a: Fat Boy|Outrage|p2a: Kingambit|[from] lockedmove
|-resisted|p2a: Kingambit
|-damage|p2a: Kingambit|63/100
|
|-heal|p2a: Kingambit|69/100|[from] item: Leftovers
|-damage|p1a: Fat Boy|63/100 tox|[from] psn
|upkeep
|turn|23
|inactive|Team10thPlanett has 60 seconds left.
|
|t:|1779873376
|move|p1a: Fat Boy|Outrage|p2a: Kingambit|[from] lockedmove
|-resisted|p2a: Kingambit
|-damage|p2a: Kingambit|31/100
|-start|p1a: Fat Boy|confusion|[fatigue]
|move|p2a: Kingambit|Kowtow Cleave|p1a: Fat Boy
|-damage|p1a: Fat Boy|21/100 tox
|
|-heal|p2a: Kingambit|37/100|[from] item: Leftovers
|-damage|p1a: Fat Boy|0 fnt|[from] psn
|faint|p1a: Fat Boy
|upkeep
|
|t:|1779873389
|switch|p1a: Zamazenta|Zamazenta|100/100
|turn|24
|inactive|Team10thPlanett has 30 seconds left.
|inactive|Team10thPlanett has 20 seconds left.
|inactive|Team10thPlanett has 15 seconds left.
|inactive|Team10thPlanett has 10 seconds left.
|inactive|Team10thPlanett has 5 seconds left.
|-message|Team10thPlanett lost due to inactivity.
|
|win|qways
|raw|Team10thPlanett's rating: 1652 &rarr; <strong>1635</strong><br />(-17 for losing)
|raw|qways's rating: 1709 &rarr; <strong>1726</strong><br />(+17 for winning)
|l|☆qways
|player|p2|
|l|☆Team10thPlanett
|player|p1|
