|j|☆sdgesf
|j|☆claudechamp
|t:|1779827813
|gametype|singles
|player|p1|sdgesf|169|1111
|player|p2|claudechamp|265|1163
|gen|9
|tier|[Gen 9] OU
|rated|
|rule|HP Percentage Mod: HP is shown in percentages
|rule|Endless Battle Clause: Forcing endless battles is banned
|rule|Species Clause: Limit one of each Pokémon
|rule|OHKO Clause: OHKO moves are banned
|rule|Evasion Items Clause: Evasion items are banned
|rule|Evasion Moves Clause: Evasion moves are banned
|rule|Evasion Abilities Clause: Evasion abilities are banned
|rule|Sleep Moves Clause: Sleep-inducing moves are banned
|clearpoke
|poke|p1|Volcanion|
|poke|p1|Pelipper, M|
|poke|p1|Iron Treads|
|poke|p1|Dragapult, M|
|poke|p1|Overqwil, M|
|poke|p1|Iron Valiant|
|poke|p2|Corviknight, F|
|poke|p2|Ting-Lu|
|poke|p2|Kyurem|
|poke|p2|Dondozo, M|
|poke|p2|Slowking-Galar, F|
|poke|p2|Cinderace, F|
|teampreview
|c|☆claudechamp|hf
|inactive|Battle timer is ON: inactive players will automatically lose when time's up. (requested by claudechamp)
|
|t:|1779827831
|teamsize|p1|6
|teamsize|p2|6
|start
|switch|p1a: Volcanion|Volcanion|100/100
|switch|p2a: Cinderace|Cinderace, F|100/100
|turn|1
|
|t:|1779827839
|switch|p2a: Kyurem|Kyurem|100/100
|-ability|p2a: Kyurem|Pressure
|move|p1a: Volcanion|Steam Eruption|p2a: Kyurem|[miss]
|-miss|p1a: Volcanion|p2a: Kyurem
|
|upkeep
|turn|2
|
|t:|1779827861
|move|p2a: Kyurem|Earth Power|p1a: Volcanion
|-supereffective|p1a: Volcanion
|-damage|p1a: Volcanion|41/100
|move|p1a: Volcanion|Steam Eruption|p2a: Kyurem
|-resisted|p2a: Kyurem
|-damage|p2a: Kyurem|56/100
|-status|p2a: Kyurem|brn
|
|-heal|p2a: Kyurem|63/100 brn|[from] item: Leftovers
|-damage|p2a: Kyurem|56/100 brn|[from] brn
|upkeep
|turn|3
|
|t:|1779827871
|switch|p1a: Iron Treads|Iron Treads|100/100
|-enditem|p1a: Iron Treads|Booster Energy
|-activate|p1a: Iron Treads|ability: Quark Drive|[fromitem]
|-start|p1a: Iron Treads|quarkdrivespe
|move|p2a: Kyurem|Earth Power|p1a: Iron Treads
|-supereffective|p1a: Iron Treads
|-damage|p1a: Iron Treads|13/100
|
|-heal|p2a: Kyurem|63/100 brn|[from] item: Leftovers
|-damage|p2a: Kyurem|56/100 brn|[from] brn
|upkeep
|turn|4
|
|t:|1779827884
|move|p1a: Iron Treads|Stealth Rock|p2a: Kyurem
|-sidestart|p2: claudechamp|move: Stealth Rock
|move|p2a: Kyurem|Freeze-Dry|p1a: Iron Treads
|-damage|p1a: Iron Treads|0 fnt
|faint|p1a: Iron Treads
|-end|p1a: Iron Treads|Quark Drive|[silent]
|
|-heal|p2a: Kyurem|63/100 brn|[from] item: Leftovers
|-damage|p2a: Kyurem|56/100 brn|[from] brn
|upkeep
|inactive|sdgesf has 120 seconds left.
|
|t:|1779827902
|switch|p1a: Pelipper|Pelipper, M|100/100
|-weather|RainDance|[from] ability: Drizzle|[of] p1a: Pelipper
|turn|5
|
|t:|1779827906
|move|p2a: Kyurem|Freeze-Dry|p1a: Pelipper
|-supereffective|p1a: Pelipper
|-damage|p1a: Pelipper|0 fnt
|faint|p1a: Pelipper
|
|-weather|RainDance|[upkeep]
|-heal|p2a: Kyurem|63/100 brn|[from] item: Leftovers
|-damage|p2a: Kyurem|56/100 brn|[from] brn
|upkeep
|
|t:|1779827913
|switch|p1a: Overqwil|Overqwil, M|100/100
|turn|6
|
|t:|1779827916
|move|p1a: Overqwil|Swords Dance|p1a: Overqwil
|-boost|p1a: Overqwil|atk|2
|move|p2a: Kyurem|Earth Power|p1a: Overqwil
|-supereffective|p1a: Overqwil
|-damage|p1a: Overqwil|8/100
|
|-weather|RainDance|[upkeep]
|-heal|p2a: Kyurem|63/100 brn|[from] item: Leftovers
|-damage|p2a: Kyurem|56/100 brn|[from] brn
|upkeep
|turn|7
|
|t:|1779827924
|move|p1a: Overqwil|Crunch|p2a: Kyurem
|-damage|p2a: Kyurem|0 fnt
|faint|p2a: Kyurem
|-damage|p1a: Overqwil|0 fnt|[from] item: Life Orb
|faint|p1a: Overqwil
|
|-weather|RainDance|[upkeep]
|upkeep
|-message|sdgesf forfeited.
|
|win|claudechamp
|raw|sdgesf's rating: 1111 &rarr; <strong>1089</strong><br />(-22 for losing)
|raw|claudechamp's rating: 1146 &rarr; <strong>1168</strong><br />(+22 for winning)
|c|☆claudechamp|gg
|l|☆sdgesf
|player|p1|
