|j|☆Djnola who daT
|j|☆guerrero105
|t:|1779912960
|gametype|singles
|player|p1|Djnola who daT|crasherwake|1269
|player|p2|guerrero105|ltsurge|1292
|gen|9
|tier|[Gen 9] OU
|rated|
|rule|HP Percentage Mod: HP is shown in percentages
|rule|Endless Battle Clause: Forcing endless battles is banned
|rule|Species Clause: Limit one of each Pokémon
|rule|OHKO Clause: OHKO moves are banned
|rule|Evasion Items Clause: Evasion items are banned
|rule|Evasion Moves Clause: Evasion moves are banned
|rule|Evasion Abilities Clause: Evasion abilities are banned
|rule|Sleep Moves Clause: Sleep-inducing moves are banned
|clearpoke
|poke|p1|Dragonite, M|
|poke|p1|Cinderace, F|
|poke|p1|Meowscarada, M|
|poke|p1|Primarina, M|
|poke|p1|Slowking-Galar, F|
|poke|p1|Tornadus-Therian, M|
|poke|p2|Garchomp, M|
|poke|p2|Corviknight, M|
|poke|p2|Clefable, F|
|poke|p2|Cinderace, M|
|poke|p2|Rotom-Wash|
|poke|p2|Sinistcha-Masterpiece|
|teampreview
|
|t:|1779912969
|teamsize|p1|6
|teamsize|p2|6
|start
|switch|p1a: Cinderace|Cinderace, F|100/100
|switch|p2a: Rotom|Rotom-Wash|100/100
|turn|1
|
|t:|1779912979
|move|p2a: Rotom|Trick|p1a: Cinderace
|-activate|p2a: Rotom|move: Trick|[of] p1a: Cinderace
|-item|p1a: Cinderace|Choice Scarf|[from] move: Trick
|-item|p2a: Rotom|Expert Belt|[from] move: Trick
|move|p1a: Cinderace|U-turn|p2a: Rotom
|-start|p1a: Cinderace|typechange|Bug|[from] ability: Libero
|-damage|p2a: Rotom|52/100
|
|t:|1779912993
|switch|p1a: Meowscarada|Meowscarada, M|100/100|[from] U-turn
|
|upkeep
|turn|2
|
|t:|1779913004
|switch|p2a: Cinderace|Cinderace, M|100/100
|move|p1a: Meowscarada|Knock Off|p2a: Cinderace
|-start|p1a: Meowscarada|typechange|Dark|[from] ability: Protean
|-damage|p2a: Cinderace|16/100
|-enditem|p2a: Cinderace|Heavy-Duty Boots|[from] move: Knock Off|[of] p1a: Meowscarada
|-damage|p1a: Meowscarada|91/100|[from] item: Life Orb
|
|upkeep
|turn|3
|
|t:|1779913018
|switch|p2a: Corviknight|Corviknight, M|100/100
|-ability|p2a: Corviknight|Pressure
|move|p1a: Meowscarada|Knock Off|p2a: Corviknight
|-damage|p2a: Corviknight|64/100
|-damage|p1a: Meowscarada|74/100|[from] item: Rocky Helmet|[of] p2a: Corviknight
|-enditem|p2a: Corviknight|Rocky Helmet|[from] move: Knock Off|[of] p1a: Meowscarada
|-damage|p1a: Meowscarada|64/100|[from] item: Life Orb
|
|upkeep
|turn|4
|
|t:|1779913029
|move|p1a: Meowscarada|Taunt|p2a: Corviknight
|-start|p2a: Corviknight|move: Taunt
|cant|p2a: Corviknight|move: Taunt|Roost
|
|upkeep
|turn|5
|
|t:|1779913035
|move|p1a: Meowscarada|Knock Off|p2a: Corviknight
|-damage|p2a: Corviknight|36/100
|-damage|p1a: Meowscarada|54/100|[from] item: Life Orb
|move|p2a: Corviknight|Body Press|p1a: Meowscarada
|-supereffective|p1a: Meowscarada
|-damage|p1a: Meowscarada|0 fnt
|faint|p1a: Meowscarada
|
|upkeep
|
|t:|1779913047
|switch|p1a: Dragonite|Dragonite, M|100/100
|turn|6
|
|t:|1779913058
|switch|p2a: Garchomp|Garchomp, M|100/100
|move|p1a: Dragonite|Encore||[still]
|-fail|p1a: Dragonite
|
|upkeep
|turn|7
|
|t:|1779913083
|switch|p1a: Primarina|Primarina, M|100/100
|move|p2a: Garchomp|Scale Shot|p1a: Primarina
|-immune|p1a: Primarina
|
|upkeep
|turn|8
|
|t:|1779913092
|switch|p2a: Clefable|Clefable, F|100/100
|move|p1a: Primarina|Calm Mind|p1a: Primarina
|-boost|p1a: Primarina|spa|1
|-boost|p1a: Primarina|spd|1
|
|upkeep
|turn|9
|
|t:|1779913099
|move|p1a: Primarina|Psychic Noise|p2a: Clefable
|-damage|p2a: Clefable|80/100
|-start|p2a: Clefable|move: Heal Block
|move|p2a: Clefable|Thunder Wave|p1a: Primarina
|-status|p1a: Primarina|par
|
|upkeep
|turn|10
|
|t:|1779913107
|move|p2a: Clefable|Stealth Rock|p1a: Primarina
|-sidestart|p1: Djnola who daT|move: Stealth Rock
|cant|p1a: Primarina|par
|
|-end|p2a: Clefable|move: Heal Block
|upkeep
|turn|11
|
|t:|1779913114
|move|p2a: Clefable|Moonblast|p1a: Primarina
|-damage|p1a: Primarina|73/100 par
|cant|p1a: Primarina|par
|
|-heal|p2a: Clefable|87/100|[from] item: Leftovers
|-heal|p1a: Primarina|79/100 par|[from] item: Leftovers
|upkeep
|turn|12
|
|t:|1779913122
|move|p2a: Clefable|Moonblast|p1a: Primarina
|-damage|p1a: Primarina|55/100 par
|move|p1a: Primarina|Psychic Noise|p2a: Clefable
|-damage|p2a: Clefable|64/100
|-start|p2a: Clefable|move: Heal Block
|
|-heal|p1a: Primarina|61/100 par|[from] item: Leftovers
|upkeep
|turn|13
|l|☆guerrero105
|player|p2|
|
|t:|1779913140
|switch|p1a: Slowking|Slowking-Galar, F|100/100
|-damage|p1a: Slowking|88/100|[from] Stealth Rock
|move|p2a: Clefable|Moonblast|p1a: Slowking
|-resisted|p1a: Slowking
|-damage|p1a: Slowking|76/100
|
|-heal|p1a: Slowking|83/100|[from] item: Black Sludge
|-end|p2a: Clefable|move: Heal Block
|upkeep
|turn|14
|j|☆guerrero105
|player|p2|guerrero105|ltsurge|
|
|t:|1779913155
|switch|p2a: Corviknight|Corviknight, M|36/100
|-ability|p2a: Corviknight|Pressure
|move|p1a: Slowking|Future Sight|p2a: Corviknight
|-start|p1a: Slowking|move: Future Sight
|
|-heal|p1a: Slowking|89/100|[from] item: Black Sludge
|upkeep
|turn|15
|
|t:|1779913164
|move|p2a: Corviknight|Roost|p2a: Corviknight
|-heal|p2a: Corviknight|86/100
|-singleturn|p2a: Corviknight|move: Roost
|-prepare|p1a: Slowking|Chilly Reception|[premajor]
|move|p1a: Slowking|Chilly Reception|p1a: Slowking
|-weather|Snowscape
|
|t:|1779913171
|switch|p1a: Cinderace|Cinderace, F|100/100|[from] Chilly Reception
|-damage|p1a: Cinderace|76/100|[from] Stealth Rock
|
|-weather|Snowscape|[upkeep]
|upkeep
|turn|16
|
|t:|1779913179
|move|p1a: Cinderace|Court Change|p1a: Cinderace
|-start|p1a: Cinderace|typechange|Normal|[from] ability: Libero
|-swapsideconditions
|-activate|p1a: Cinderace|move: Court Change
|move|p2a: Corviknight|Body Press|p1a: Cinderace
|-supereffective|p1a: Cinderace
|-damage|p1a: Cinderace|2/100
|
|-weather|Snowscape|[upkeep]
|-end|p2a: Corviknight|move: Future Sight
|-resisted|p2a: Corviknight
|-damage|p2a: Corviknight|64/100
|upkeep
|turn|17
|
|t:|1779913210
|switch|p1a: Dragonite|Dragonite, M|100/100
|move|p2a: Corviknight|Roost|p2a: Corviknight
|-heal|p2a: Corviknight|100/100
|-singleturn|p2a: Corviknight|move: Roost
|
|-weather|Snowscape|[upkeep]
|upkeep
|turn|18
|
|t:|1779913220
|switch|p2a: Garchomp|Garchomp, M|100/100
|-damage|p2a: Garchomp|94/100|[from] Stealth Rock
|move|p1a: Dragonite|Dragon Dance|p1a: Dragonite
|-boost|p1a: Dragonite|atk|1
|-boost|p1a: Dragonite|spe|1
|
|-weather|Snowscape|[upkeep]
|upkeep
|turn|19
|
|t:|1779913229
|switch|p2a: Cinderace|Cinderace, M|16/100
|-damage|p2a: Cinderace|0 fnt|[from] Stealth Rock
|faint|p2a: Cinderace
|move|p1a: Dragonite|Scale Shot|p2: Cinderace|[notarget]
|-fail|p1a: Dragonite
|
|-weather|none
|upkeep
|
|t:|1779913239
|switch|p2a: Clefable|Clefable, F|64/100
|-damage|p2a: Clefable|51/100|[from] Stealth Rock
|turn|20
|
|t:|1779913246
|move|p1a: Dragonite|Earthquake|p2a: Clefable
|-damage|p2a: Clefable|11/100
|move|p2a: Clefable|Thunder Wave|p1a: Dragonite
|-status|p1a: Dragonite|par
|
|-heal|p2a: Clefable|17/100|[from] item: Leftovers
|upkeep
|turn|21
|
|t:|1779913256
|move|p1a: Dragonite|Encore|p2a: Clefable
|-start|p2a: Clefable|Encore
|move|p2a: Clefable|Thunder Wave|p1a: Dragonite
|-fail|p1a: Dragonite|par
|
|-heal|p2a: Clefable|23/100|[from] item: Leftovers
|upkeep
|turn|22
|
|t:|1779913264
|switch|p2a: Corviknight|Corviknight, M|100/100
|-damage|p2a: Corviknight|88/100|[from] Stealth Rock
|-ability|p2a: Corviknight|Pressure
|move|p1a: Dragonite|Dragon Dance|p1a: Dragonite
|-boost|p1a: Dragonite|atk|1
|-boost|p1a: Dragonite|spe|1
|
|upkeep
|turn|23
|
|t:|1779913275
|-terastallize|p1a: Dragonite|Dragon
|move|p1a: Dragonite|Scale Shot|p2a: Corviknight
|-resisted|p2a: Corviknight
|-damage|p2a: Corviknight|76/100
|-resisted|p2a: Corviknight
|-damage|p2a: Corviknight|64/100
|-resisted|p2a: Corviknight
|-damage|p2a: Corviknight|52/100
|-resisted|p2a: Corviknight
|-damage|p2a: Corviknight|41/100
|-hitcount|p2a: Corviknight|4
|-unboost|p1a: Dragonite|def|1
|-boost|p1a: Dragonite|spe|1
|move|p2a: Corviknight|Defog|p1a: Dragonite
|-unboost|p1a: Dragonite|evasion|1
|-sideend|p2: guerrero105|Stealth Rock|[from] move: Defog|[of] p2a: Corviknight
|
|upkeep
|turn|24
|
|t:|1779913291
|move|p1a: Dragonite|Encore|p2a: Corviknight
|-start|p2a: Corviknight|Encore
|move|p2a: Corviknight|Defog|p1a: Dragonite
|-unboost|p1a: Dragonite|evasion|1
|
|upkeep
|turn|25
|
|t:|1779913297
|switch|p2a: Clefable|Clefable, F|23/100
|move|p1a: Dragonite|Scale Shot|p2a: Clefable
|-immune|p2a: Clefable
|
|-heal|p2a: Clefable|29/100|[from] item: Leftovers
|upkeep
|turn|26
|
|t:|1779913306
|move|p1a: Dragonite|Earthquake|p2a: Clefable
|-damage|p2a: Clefable|0 fnt
|faint|p2a: Clefable
|
|upkeep
|
|t:|1779913310
|switch|p2a: Sinistcha|Sinistcha-Masterpiece|100/100
|turn|27
|
|t:|1779913314
|move|p1a: Dragonite|Scale Shot|p2a: Sinistcha
|-damage|p2a: Sinistcha|70/100
|-damage|p2a: Sinistcha|37/100
|-damage|p2a: Sinistcha|5/100
|-damage|p2a: Sinistcha|0 fnt
|faint|p2a: Sinistcha
|-hitcount|p2: Sinistcha|4
|-unboost|p1a: Dragonite|def|1
|-boost|p1a: Dragonite|spe|1
|
|upkeep
|
|t:|1779913321
|switch|p2a: Garchomp|Garchomp, M|94/100
|turn|28
|
|t:|1779913327
|move|p1a: Dragonite|Scale Shot|p2a: Garchomp
|-supereffective|p2a: Garchomp
|-damage|p2a: Garchomp|22/100
|-supereffective|p2a: Garchomp
|-damage|p2a: Garchomp|0 fnt
|faint|p2a: Garchomp
|-hitcount|p2: Garchomp|2
|-unboost|p1a: Dragonite|def|1
|-boost|p1a: Dragonite|spe|1
|
|upkeep
|-message|guerrero105 forfeited.
|
|win|Djnola who daT
|raw|Djnola who daT's rating: 1269 &rarr; <strong>1296</strong><br />(+27 for winning)
|raw|guerrero105's rating: 1292 &rarr; <strong>1265</strong><br />(-27 for losing)
|l|☆guerrero105
|player|p2|
